|j|☆Leader Alastor
|j|☆my shitters
|t:|1779636125
|gametype|singles
|player|p1|Leader Alastor|blue|1415
|player|p2|my shitters|preschooler|1506
|gen|9
|tier|[Gen 9] OU
|rated|
|rule|HP Percentage Mod: HP is shown in percentages
|rule|Endless Battle Clause: Forcing endless battles is banned
|rule|Species Clause: Limit one of each Pokémon
|rule|OHKO Clause: OHKO moves are banned
|rule|Evasion Items Clause: Evasion items are banned
|rule|Evasion Moves Clause: Evasion moves are banned
|rule|Evasion Abilities Clause: Evasion abilities are banned
|rule|Sleep Moves Clause: Sleep-inducing moves are banned
|clearpoke
|poke|p1|Ceruledge, F|
|poke|p1|Iron Valiant|
|poke|p1|Lilligant, F|
|poke|p1|Cloyster, M|
|poke|p1|Noivern, M|
|poke|p1|Malamar, M|
|poke|p2|Alcremie-Ruby-Swirl, F|
|poke|p2|Sableye, F|
|poke|p2|Primeape, M|
|poke|p2|Ursaring, F|
|poke|p2|Brute Bonnet|
|poke|p2|Squawkabilly-Blue, M|
|teampreview
|inactive|Battle timer is ON: inactive players will automatically lose when time's up. (requested by my shitters)
|c|☆Leader Alastor|Bro
|c|☆my shitters|hi!
|c|☆my shitters|yoo
|c|☆my shitters|its our first team
|inactive|my shitters has 120 seconds left.
|c|☆my shitters|hope you like it
|
|t:|1779636157
|teamsize|p1|6
|teamsize|p2|6
|start
|switch|p1a: Trident|Cloyster, M|100/100
|switch|p2a: GemPostin|Sableye, F|100/100
|turn|1
|c|☆Leader Alastor|I love your team
|
|t:|1779636169
|move|p2a: GemPostin|Reflect|p2a: GemPostin
|-sidestart|p2: my shitters|Reflect
|move|p1a: Trident|Shell Smash|p1a: Trident
|-unboost|p1a: Trident|def|1
|-unboost|p1a: Trident|spd|1
|-boost|p1a: Trident|atk|2
|-boost|p1a: Trident|spa|2
|-boost|p1a: Trident|spe|2
|
|upkeep
|turn|2
|c|☆my shitters|ty :3
|c|☆my shitters|We are the Robot Alchemic Drive
|
|t:|1779636176
|move|p2a: GemPostin|Encore|p1a: Trident
|-start|p1a: Trident|Encore
|move|p1a: Trident|Shell Smash|p1a: Trident
|-unboost|p1a: Trident|def|1
|-unboost|p1a: Trident|spd|1
|-boost|p1a: Trident|atk|2
|-boost|p1a: Trident|spa|2
|-boost|p1a: Trident|spe|2
|
|upkeep
|turn|3
|c|☆my shitters|im trying to use my favorite mons :3
|
|t:|1779636185
|move|p2a: GemPostin|Light Screen|p2a: GemPostin
|-sidestart|p2: my shitters|move: Light Screen
|move|p1a: Trident|Shell Smash|p1a: Trident
|-unboost|p1a: Trident|def|1
|-unboost|p1a: Trident|spd|1
|-boost|p1a: Trident|atk|2
|-boost|p1a: Trident|spa|2
|-boost|p1a: Trident|spe|2
|
|upkeep
|turn|4
|c|☆Leader Alastor|You're up to 1500, you're doing something right
|c|☆my shitters|ty :3
|
|t:|1779636206
|switch|p1a: Partisan|Malamar, M|100/100
|move|p2a: GemPostin|Reflect||[still]
|-fail|p2a: GemPostin
|
|upkeep
|turn|5
|c|☆my shitters|its my first game with this team
|c|☆Leader Alastor|Im going to be honest with you, I don't believe you
|inactive|my shitters has 120 seconds left.
|-activate|p1a: Partisan|item: Quick Claw
|
|t:|1779636238
|switch|p2a: RobotAlcremicDrive|Alcremie-Ruby-Swirl, F|100/100
|move|p1a: Partisan|Throat Chop|p2a: RobotAlcremicDrive
|-resisted|p2a: RobotAlcremicDrive
|-damage|p2a: RobotAlcremicDrive|91/100
|-start|p2a: RobotAlcremicDrive|Throat Chop|[silent]
|
|-heal|p2a: RobotAlcremicDrive|97/100|[from] item: Leftovers
|upkeep
|turn|6
|c|☆Leader Alastor|Not trying to be mean, buuut
|c|☆my shitters|but you should
|c|☆my shitters|you should
|c|☆my shitters|cuz robots killed my grandma
|
|t:|1779636255
|switch|p1a: Flamberge|Ceruledge, F|100/100
|move|p2a: RobotAlcremicDrive|Calm Mind|p2a: RobotAlcremicDrive
|-boost|p2a: RobotAlcremicDrive|spa|1
|-boost|p2a: RobotAlcremicDrive|spd|1
|
|-heal|p2a: RobotAlcremicDrive|100/100|[from] item: Leftovers
|-end|p2a: RobotAlcremicDrive|Throat Chop|[silent]
|upkeep
|turn|7
|
|t:|1779636260
|move|p1a: Flamberge|Brick Break|p2a: RobotAlcremicDrive
|-sideend|p2: my shitters|Reflect
|-sideend|p2: my shitters|move: Light Screen
|-resisted|p2a: RobotAlcremicDrive
|-damage|p2a: RobotAlcremicDrive|88/100
|move|p2a: RobotAlcremicDrive|Acid Armor|p2a: RobotAlcremicDrive
|-boost|p2a: RobotAlcremicDrive|def|2
|
|-heal|p2a: RobotAlcremicDrive|94/100|[from] item: Leftovers
|upkeep
|turn|8
|
|t:|1779636267
|switch|p1a: Partisan|Malamar, M|100/100
|move|p2a: RobotAlcremicDrive|Acid Armor|p2a: RobotAlcremicDrive
|-boost|p2a: RobotAlcremicDrive|def|2
|
|-heal|p2a: RobotAlcremicDrive|99/100|[from] item: Leftovers
|upkeep
|turn|9
|
|t:|1779636270
|move|p1a: Partisan|Topsy-Turvy|p2a: RobotAlcremicDrive
|-invertboost|p2a: RobotAlcremicDrive|[from] move: Topsy-Turvy
|move|p2a: RobotAlcremicDrive|Calm Mind|p2a: RobotAlcremicDrive
|-boost|p2a: RobotAlcremicDrive|spa|1
|-boost|p2a: RobotAlcremicDrive|spd|1
|
|-heal|p2a: RobotAlcremicDrive|100/100|[from] item: Leftovers
|upkeep
|turn|10
|
|t:|1779636295
|switch|p1a: Trident|Cloyster, M|100/100
|switch|p2a: UngaBoonguss|Brute Bonnet|100/100
|-enditem|p2a: UngaBoonguss|Booster Energy
|-activate|p2a: UngaBoonguss|ability: Protosynthesis|[fromitem]
|-start|p2a: UngaBoonguss|protosynthesisatk
|
|upkeep
|turn|11
|
|t:|1779636306
|move|p1a: Trident|Shell Smash|p1a: Trident
|-unboost|p1a: Trident|def|1
|-unboost|p1a: Trident|spd|1
|-boost|p1a: Trident|atk|2
|-boost|p1a: Trident|spa|2
|-boost|p1a: Trident|spe|2
|move|p2a: UngaBoonguss|Seed Bomb|p1a: Trident
|-supereffective|p1a: Trident
|-enditem|p1a: Trident|Focus Sash
|-damage|p1a: Trident|1/100
|
|upkeep
|turn|12
|
|t:|1779636313
|move|p2a: UngaBoonguss|Sucker Punch|p1a: Trident
|-damage|p1a: Trident|0 fnt
|faint|p1a: Trident
|
|upkeep
|
|t:|1779636317
|switch|p1a: Flamberge|Ceruledge, F|100/100
|turn|13
|
|t:|1779636321
|move|p1a: Flamberge|Bitter Blade|p2a: UngaBoonguss
|-supereffective|p2a: UngaBoonguss
|-damage|p2a: UngaBoonguss|25/100
|move|p2a: UngaBoonguss|Crunch|p1a: Flamberge
|-supereffective|p1a: Flamberge
|-enditem|p1a: Flamberge|Focus Sash
|-damage|p1a: Flamberge|1/100
|-ability|p1a: Flamberge|Weak Armor|boost
|-unboost|p1a: Flamberge|def|1
|-boost|p1a: Flamberge|spe|2
|
|upkeep
|turn|14
|c|☆my shitters|our first kill on ladder!!!!
|
|t:|1779636327
|move|p1a: Flamberge|Shadow Sneak|p2a: UngaBoonguss
|-resisted|p2a: UngaBoonguss
|-damage|p2a: UngaBoonguss|16/100
|move|p2a: UngaBoonguss|Crunch|p1a: Flamberge
|-supereffective|p1a: Flamberge
|-damage|p1a: Flamberge|0 fnt
|faint|p1a: Flamberge
|
|upkeep
|
|t:|1779636332
|switch|p1a: Scimitar|Noivern, M|100/100
|turn|15
|
|t:|1779636336
|move|p2a: UngaBoonguss|Sucker Punch|p1a: Scimitar
|-damage|p1a: Scimitar|37/100
|move|p1a: Scimitar|Boomburst|p2a: UngaBoonguss
|-damage|p2a: UngaBoonguss|0 fnt
|faint|p2a: UngaBoonguss
|-end|p2a: UngaBoonguss|Protosynthesis|[silent]
|-enditem|p1a: Scimitar|Throat Spray
|-boost|p1a: Scimitar|spa|1|[from] item: Throat Spray
|
|upkeep
|
|t:|1779636341
|switch|p2a: BillyBlutcher|Squawkabilly-Blue, M|100/100
|-ability|p2a: BillyBlutcher|Intimidate|boost
|-unboost|p1a: Scimitar|atk|1
|turn|16
|
|t:|1779636357
|move|p2a: BillyBlutcher|Brave Bird|p1a: Scimitar
|-damage|p1a: Scimitar|0 fnt
|faint|p1a: Scimitar
|-damage|p2a: BillyBlutcher|90/100|[from] Recoil
|
|upkeep
|
|t:|1779636363
|switch|p1a: Glaive|Iron Valiant|100/100
|-enditem|p1a: Glaive|Booster Energy
|-activate|p1a: Glaive|ability: Quark Drive|[fromitem]
|-start|p1a: Glaive|quarkdrivespe
|turn|17
|
|t:|1779636379
|-terastallize|p1a: Glaive|Steel
|move|p1a: Glaive|Swords Dance|p1a: Glaive
|-boost|p1a: Glaive|atk|2
|move|p2a: BillyBlutcher|Brave Bird|p1a: Glaive
|-resisted|p1a: Glaive
|-damage|p1a: Glaive|76/100
|-damage|p2a: BillyBlutcher|84/100|[from] Recoil
|
|upkeep
|turn|18
|
|t:|1779636385
|move|p1a: Glaive|Drain Punch|p2a: BillyBlutcher
|-damage|p2a: BillyBlutcher|0 fnt
|-heal|p1a: Glaive|100/100|[from] drain|[of] p2a: BillyBlutcher
|faint|p2a: BillyBlutcher
|
|upkeep
|
|t:|1779636387
|switch|p2a: GemPostin|Sableye, F|100/100
|turn|19
|
|t:|1779636397
|-end|p1a: Glaive|Quark Drive|[silent]
|switch|p1a: Gladius|Lilligant, F|100/100
|move|p2a: GemPostin|Encore||[still]
|-fail|p2a: GemPostin
|
|upkeep
|turn|20
|
|t:|1779636402
|move|p2a: GemPostin|Light Screen|p2a: GemPostin
|-sidestart|p2: my shitters|move: Light Screen
|move|p1a: Gladius|Leech Seed|p2a: GemPostin
|-start|p2a: GemPostin|move: Leech Seed
|
|-damage|p2a: GemPostin|88/100|[from] Leech Seed|[of] p1a: Gladius
|upkeep
|turn|21
|
|t:|1779636408
|switch|p1a: Glaive|Iron Valiant, tera:Steel|100/100
|move|p2a: GemPostin|Taunt|p1a: Glaive
|-start|p1a: Glaive|move: Taunt
|
|-damage|p2a: GemPostin|76/100|[from] Leech Seed|[of] p1a: Glaive
|upkeep
|turn|22
|
|t:|1779636414
|move|p2a: GemPostin|Reflect|p2a: GemPostin
|-sidestart|p2: my shitters|Reflect
|move|p1a: Glaive|Spirit Break|p2a: GemPostin
|-supereffective|p2a: GemPostin
|-damage|p2a: GemPostin|40/100
|-unboost|p2a: GemPostin|spa|1
|
|-damage|p2a: GemPostin|28/100|[from] Leech Seed|[of] p1a: Glaive
|upkeep
|turn|23
|
|t:|1779636420
|switch|p2a: RobotAlcremicDrive|Alcremie-Ruby-Swirl, F|100/100
|move|p1a: Glaive|Spirit Break|p2a: RobotAlcremicDrive
|-damage|p2a: RobotAlcremicDrive|81/100
|-unboost|p2a: RobotAlcremicDrive|spa|1
|
|-heal|p2a: RobotAlcremicDrive|87/100|[from] item: Leftovers
|-end|p1a: Glaive|move: Taunt
|upkeep
|turn|24
|
|t:|1779636427
|move|p1a: Glaive|Knock Off|p2a: RobotAlcremicDrive
|-resisted|p2a: RobotAlcremicDrive
|-damage|p2a: RobotAlcremicDrive|80/100
|-enditem|p2a: RobotAlcremicDrive|Leftovers|[from] move: Knock Off|[of] p1a: Glaive
|move|p2a: RobotAlcremicDrive|Acid Armor|p2a: RobotAlcremicDrive
|-boost|p2a: RobotAlcremicDrive|def|2
|
|upkeep
|turn|25
|
|t:|1779636439
|move|p1a: Glaive|Spirit Break|p2a: RobotAlcremicDrive
|-damage|p2a: RobotAlcremicDrive|70/100
|-unboost|p2a: RobotAlcremicDrive|spa|1
|move|p2a: RobotAlcremicDrive|Calm Mind|p2a: RobotAlcremicDrive
|-boost|p2a: RobotAlcremicDrive|spa|1
|-boost|p2a: RobotAlcremicDrive|spd|1
|
|upkeep
|turn|26
|
|t:|1779636446
|switch|p2a: PonnieColeman|Primeape, M|100/100
|move|p1a: Glaive|Swords Dance|p1a: Glaive
|-boost|p1a: Glaive|atk|2
|
|upkeep
|turn|27
|
|t:|1779636457
|move|p1a: Glaive|Spirit Break|p2a: PonnieColeman
|-supereffective|p2a: PonnieColeman
|-damage|p2a: PonnieColeman|18/100
|-unboost|p2a: PonnieColeman|spa|1
|-ability|p2a: PonnieColeman|Defiant|boost
|-boost|p2a: PonnieColeman|atk|2
|move|p2a: PonnieColeman|Drain Punch|p1a: Glaive
|-supereffective|p1a: Glaive
|-damage|p1a: Glaive|0 fnt
|-heal|p2a: PonnieColeman|61/100|[from] drain|[of] p1a: Glaive
|faint|p1a: Glaive
|-end|p1a: Glaive|Quark Drive|[silent]
|
|-sideend|p2: my shitters|move: Light Screen
|upkeep
|
|t:|1779636466
|switch|p1a: Partisan|Malamar, M|100/100
|turn|28
|
|t:|1779636473
|move|p2a: PonnieColeman|Drain Punch|p1a: Partisan
|-damage|p1a: Partisan|44/100
|-heal|p2a: PonnieColeman|93/100|[from] drain|[of] p1a: Partisan
|move|p1a: Partisan|Topsy-Turvy|p2a: PonnieColeman
|-invertboost|p2a: PonnieColeman|[from] move: Topsy-Turvy
|
|upkeep
|turn|29
|
|t:|1779636479
|switch|p2a: GemPostin|Sableye, F|28/100
|move|p1a: Partisan|Psycho Cut|p2a: GemPostin
|-immune|p2a: GemPostin
|
|-sideend|p2: my shitters|Reflect
|upkeep
|turn|30
|
|t:|1779636483
|switch|p1a: Gladius|Lilligant, F|100/100
|move|p2a: GemPostin|Reflect|p2a: GemPostin
|-sidestart|p2: my shitters|Reflect
|
|upkeep
|turn|31
|
|t:|1779636490
|move|p2a: GemPostin|Taunt|p1a: Gladius
|-start|p1a: Gladius|move: Taunt
|move|p1a: Gladius|Giga Drain|p2a: GemPostin
|-damage|p2a: GemPostin|0 fnt
|faint|p2a: GemPostin
|
|upkeep
|
|t:|1779636497
|switch|p2a: OnePunchBear|Ursaring, F|100/100
|turn|32
|
|t:|1779636507
|move|p1a: Gladius|Giga Drain|p2a: OnePunchBear
|-damage|p2a: OnePunchBear|46/100
|move|p2a: OnePunchBear|Facade|p1a: Gladius
|-damage|p1a: Gladius|46/100
|
|-status|p2a: OnePunchBear|brn|[from] item: Flame Orb
|upkeep
|turn|33
|
|t:|1779636512
|move|p1a: Gladius|Giga Drain|p2a: OnePunchBear
|-damage|p2a: OnePunchBear|0 fnt
|-heal|p1a: Gladius|72/100|[from] drain|[of] p2a: OnePunchBear
|faint|p2a: OnePunchBear
|
|-end|p1a: Gladius|move: Taunt
|upkeep
|
|t:|1779636515
|switch|p2a: PonnieColeman|Primeape, M|93/100
|turn|34
|
|t:|1779636521
|-terastallize|p2a: PonnieColeman|Fire
|move|p2a: PonnieColeman|Drain Punch|p1a: Gladius
|-damage|p1a: Gladius|33/100
|-heal|p2a: PonnieColeman|100/100|[from] drain|[of] p1a: Gladius
|move|p1a: Gladius|Giga Drain|p2a: PonnieColeman
|-resisted|p2a: PonnieColeman
|-damage|p2a: PonnieColeman|84/100
|-heal|p1a: Gladius|42/100|[from] drain|[of] p2a: PonnieColeman
|
|upkeep
|turn|35
|
|t:|1779636529
|move|p2a: PonnieColeman|Rage Fist|p1a: Gladius
|-damage|p1a: Gladius|0 fnt
|faint|p1a: Gladius
|
|upkeep
|
|t:|1779636532
|switch|p1a: Partisan|Malamar, M|44/100
|turn|36
|-activate|p1a: Partisan|item: Quick Claw
|
|t:|1779636538
|move|p1a: Partisan|Superpower|p2a: PonnieColeman
|-damage|p2a: PonnieColeman|66/100
|-boost|p1a: Partisan|atk|1
|-boost|p1a: Partisan|def|1
|move|p2a: PonnieColeman|Rage Fist|p1a: Partisan
|-damage|p1a: Partisan|9/100
|
|upkeep
|turn|37
|
|t:|1779636545
|move|p2a: PonnieColeman|Rage Fist|p1a: Partisan
|-damage|p1a: Partisan|0 fnt
|faint|p1a: Partisan
|
|win|my shitters
|raw|Leader Alastor's rating: 1415 &rarr; <strong>1400</strong><br />(-15 for losing)
|raw|my shitters's rating: 1506 &rarr; <strong>1521</strong><br />(+15 for winning)
|c|☆my shitters|our first win!
|c|☆my shitters|Ever!
|c|☆Leader Alastor|Okay, real talk
|c|☆Leader Alastor|What's the reference or gimmick here?
|l|☆my shitters
|player|p2|
|l|☆Leader Alastor
|player|p1|
