|j|☆capivarabeam
|j|☆KyuremFan1
|t:|1779722914
|gametype|singles
|player|p1|capivarabeam|clerk-boss|1109
|player|p2|KyuremFan1|caitlin|1161
|gen|9
|tier|[Gen 9] OU
|rated|
|rule|HP Percentage Mod: HP is shown in percentages
|rule|Endless Battle Clause: Forcing endless battles is banned
|rule|Species Clause: Limit one of each Pokémon
|rule|OHKO Clause: OHKO moves are banned
|rule|Evasion Items Clause: Evasion items are banned
|rule|Evasion Moves Clause: Evasion moves are banned
|rule|Evasion Abilities Clause: Evasion abilities are banned
|rule|Sleep Moves Clause: Sleep-inducing moves are banned
|clearpoke
|poke|p1|Lanturn, F|
|poke|p1|Salazzle, F|
|poke|p1|Dragapult, M|
|poke|p1|Iron Valiant|
|poke|p1|Garganacl, M|
|poke|p1|Gliscor, M|
|poke|p2|Kyurem|
|poke|p2|Dragapult, F|
|poke|p2|Slowking-Galar, M|
|poke|p2|Great Tusk|
|poke|p2|Kingambit, M|
|poke|p2|Gholdengo|
|teampreview
|c|☆KyuremFan1|hf
|
|t:|1779722921
|teamsize|p1|6
|teamsize|p2|6
|start
|switch|p1a: Salazzle|Salazzle, F|100/100
|switch|p2a: Dragapult|Dragapult, F|100/100
|turn|1
|
|t:|1779722927
|move|p2a: Dragapult|Thunder Wave|p1a: Salazzle
|-status|p1a: Salazzle|par
|cant|p1a: Salazzle|par
|
|upkeep
|turn|2
|
|t:|1779722939
|move|p2a: Dragapult|Hex|p1a: Salazzle
|-damage|p1a: Salazzle|10/100 par
|move|p1a: Salazzle|Toxic|p2a: Dragapult
|-status|p2a: Dragapult|tox
|
|-heal|p1a: Salazzle|16/100 par|[from] item: Leftovers
|-damage|p2a: Dragapult|95/100 tox|[from] psn
|upkeep
|turn|3
|
|t:|1779722949
|cant|p1a: Salazzle|par
|move|p2a: Dragapult|Dragon Darts|p1a: Salazzle
|-damage|p1a: Salazzle|0 fnt
|faint|p1a: Salazzle
|
|-damage|p2a: Dragapult|83/100 tox|[from] psn
|upkeep
|
|t:|1779722958
|switch|p1a: Gliscor|Gliscor, M|100/100
|turn|4
|inactive|Battle timer is ON: inactive players will automatically lose when time's up. (requested by capivarabeam)
|
|t:|1779722994
|move|p2a: Dragapult|U-turn|p1a: Gliscor
|-resisted|p1a: Gliscor
|-damage|p1a: Gliscor|94/100
|
|t:|1779722995
|switch|p2a: Kyurem|Kyurem|100/100|[from] U-turn
|-ability|p2a: Kyurem|Pressure
|move|p1a: Gliscor|Toxic|p2a: Kyurem
|-status|p2a: Kyurem|tox
|
|-damage|p2a: Kyurem|94/100 tox|[from] psn
|-status|p1a: Gliscor|tox|[from] item: Toxic Orb
|upkeep
|turn|5
|
|t:|1779723008
|move|p1a: Gliscor|Protect|p1a: Gliscor
|-singleturn|p1a: Gliscor|Protect
|move|p2a: Kyurem|Freeze-Dry|p1a: Gliscor
|-activate|p1a: Gliscor|move: Protect
|
|-heal|p2a: Kyurem|100/100 tox|[from] item: Leftovers
|-damage|p2a: Kyurem|88/100 tox|[from] psn
|-heal|p1a: Gliscor|100/100 tox|[from] ability: Poison Heal
|upkeep
|turn|6
|
|t:|1779723019
|switch|p2a: Dragapult|Dragapult, F|83/100 tox
|switch|p1a: Garganacl|Garganacl, M|100/100
|
|-damage|p2a: Dragapult|77/100 tox|[from] psn
|upkeep
|turn|7
|
|t:|1779723043
|move|p2a: Dragapult|U-turn|p1a: Garganacl
|-damage|p1a: Garganacl|88/100
|
|t:|1779723045
|switch|p2a: Great Tusk|Great Tusk|100/100|[from] U-turn
|move|p1a: Garganacl|Salt Cure|p2a: Great Tusk
|-resisted|p2a: Great Tusk
|-damage|p2a: Great Tusk|98/100
|-start|p2a: Great Tusk|Salt Cure
|
|-heal|p1a: Garganacl|94/100|[from] item: Leftovers
|-damage|p2a: Great Tusk|86/100|[from] Salt Cure
|upkeep
|turn|8
|
|t:|1779723057
|-terastallize|p1a: Garganacl|Flying
|move|p2a: Great Tusk|Stealth Rock|p1a: Garganacl
|-sidestart|p1: capivarabeam|move: Stealth Rock
|move|p1a: Garganacl|Iron Defense|p1a: Garganacl
|-boost|p1a: Garganacl|def|2
|
|-heal|p1a: Garganacl|100/100|[from] item: Leftovers
|-damage|p2a: Great Tusk|73/100|[from] Salt Cure
|upkeep
|turn|9
|
|t:|1779723083
|-end|p2a: Great Tusk|Protosynthesis|[silent]
|switch|p2a: Slowking|Slowking-Galar, M|100/100
|move|p1a: Garganacl|Salt Cure|p2a: Slowking
|-damage|p2a: Slowking|85/100
|-start|p2a: Slowking|Salt Cure
|
|-damage|p2a: Slowking|73/100|[from] Salt Cure
|upkeep
|turn|10
|
|t:|1779723091
|move|p1a: Garganacl|Protect|p1a: Garganacl
|-singleturn|p1a: Garganacl|Protect
|move|p2a: Slowking|Future Sight|p1a: Garganacl
|-start|p2a: Slowking|move: Future Sight
|
|-damage|p2a: Slowking|60/100|[from] Salt Cure
|upkeep
|turn|11
|
|t:|1779723105
|move|p1a: Garganacl|Iron Defense|p1a: Garganacl
|-boost|p1a: Garganacl|def|2
|-prepare|p2a: Slowking|Chilly Reception|[premajor]
|move|p2a: Slowking|Chilly Reception|p2a: Slowking
|-weather|Snowscape
|
|t:|1779723114
|switch|p2a: Kyurem|Kyurem|88/100 tox|[from] Chilly Reception
|-ability|p2a: Kyurem|Pressure
|
|-weather|Snowscape|[upkeep]
|-heal|p2a: Kyurem|94/100 tox|[from] item: Leftovers
|-damage|p2a: Kyurem|88/100 tox|[from] psn
|upkeep
|turn|12
|
|t:|1779723126
|move|p2a: Kyurem|Freeze-Dry|p1a: Garganacl
|-supereffective|p1a: Garganacl
|-damage|p1a: Garganacl|55/100
|move|p1a: Garganacl|Salt Cure|p2a: Kyurem
|-supereffective|p2a: Kyurem
|-damage|p2a: Kyurem|69/100 tox
|-start|p2a: Kyurem|Salt Cure
|
|-weather|Snowscape|[upkeep]
|-end|p1a: Garganacl|move: Future Sight
|-damage|p1a: Garganacl|24/100
|-heal|p2a: Kyurem|75/100 tox|[from] item: Leftovers
|-heal|p1a: Garganacl|30/100|[from] item: Leftovers
|-damage|p2a: Kyurem|63/100 tox|[from] psn
|-damage|p2a: Kyurem|50/100 tox|[from] Salt Cure
|upkeep
|turn|13
|
|t:|1779723138
|move|p1a: Garganacl|Protect|p1a: Garganacl
|-singleturn|p1a: Garganacl|Protect
|move|p2a: Kyurem|Freeze-Dry|p1a: Garganacl
|-activate|p1a: Garganacl|move: Protect
|
|-weather|Snowscape|[upkeep]
|-heal|p2a: Kyurem|56/100 tox|[from] item: Leftovers
|-heal|p1a: Garganacl|36/100|[from] item: Leftovers
|-damage|p2a: Kyurem|38/100 tox|[from] psn
|-damage|p2a: Kyurem|25/100 tox|[from] Salt Cure
|upkeep
|turn|14
|
|t:|1779723149
|move|p2a: Kyurem|Freeze-Dry|p1a: Garganacl
|-supereffective|p1a: Garganacl
|-damage|p1a: Garganacl|0 fnt
|faint|p1a: Garganacl
|
|-weather|Snowscape|[upkeep]
|-heal|p2a: Kyurem|32/100 tox|[from] item: Leftovers
|-damage|p2a: Kyurem|7/100 tox|[from] psn
|-damage|p2a: Kyurem|0 fnt|[from] Salt Cure
|faint|p2a: Kyurem
|upkeep
|
|t:|1779723159
|switch|p2a: Dragapult|Dragapult, F|77/100 tox
|switch|p1a: Gliscor|Gliscor, M|100/100 tox
|-damage|p1a: Gliscor|88/100 tox|[from] Stealth Rock
|turn|15
|
|t:|1779723179
|move|p1a: Gliscor|Protect|p1a: Gliscor
|-singleturn|p1a: Gliscor|Protect
|move|p2a: Dragapult|Hex|p1a: Gliscor
|-activate|p1a: Gliscor|move: Protect
|
|-weather|none
|-damage|p2a: Dragapult|71/100 tox|[from] psn
|-heal|p1a: Gliscor|100/100 tox|[from] ability: Poison Heal
|upkeep
|turn|16
|
|t:|1779723189
|switch|p1a: Iron Valiant|Iron Valiant|100/100
|-damage|p1a: Iron Valiant|94/100|[from] Stealth Rock
|move|p2a: Dragapult|U-turn|p1a: Iron Valiant
|-resisted|p1a: Iron Valiant
|-damage|p1a: Iron Valiant|88/100
|
|t:|1779723194
|switch|p2a: Kingambit|Kingambit, M|100/100|[from] U-turn
|-activate|p2a: Kingambit|ability: Supreme Overlord
|-start|p2a: Kingambit|fallen1|[silent]
|-item|p2a: Kingambit|Air Balloon
|
|-heal|p1a: Iron Valiant|95/100|[from] item: Leftovers
|upkeep
|turn|17
|
|t:|1779723202
|-terastallize|p2a: Kingambit|Ghost
|move|p1a: Iron Valiant|Close Combat|p2a: Kingambit
|-immune|p2a: Kingambit
|move|p2a: Kingambit|Iron Head|p1a: Iron Valiant
|-supereffective|p1a: Iron Valiant
|-damage|p1a: Iron Valiant|0 fnt
|faint|p1a: Iron Valiant
|-end|p1a: Iron Valiant|Quark Drive|[silent]
|
|upkeep
|c|☆capivarabeam|big brain move
|
|t:|1779723218
|switch|p1a: Dragapult|Dragapult, M|100/100
|-damage|p1a: Dragapult|88/100|[from] Stealth Rock
|turn|18
|
|t:|1779723222
|move|p2a: Kingambit|Sucker Punch|p1a: Dragapult
|-supereffective|p1a: Dragapult
|-damage|p1a: Dragapult|0 fnt
|faint|p1a: Dragapult
|
|upkeep
|
|t:|1779723229
|switch|p1a: Lanturn|Lanturn, F|100/100
|turn|19
|
|t:|1779723236
|move|p1a: Lanturn|Scald|p2a: Kingambit
|-damage|p2a: Kingambit|73/100
|-status|p2a: Kingambit|brn
|-enditem|p2a: Kingambit|Air Balloon
|move|p2a: Kingambit|Swords Dance|p2a: Kingambit
|-boost|p2a: Kingambit|atk|2
|
|-damage|p2a: Kingambit|67/100 brn|[from] brn
|upkeep
|turn|20
|
|t:|1779723246
|move|p1a: Lanturn|Scald|p2a: Kingambit
|-damage|p2a: Kingambit|40/100 brn
|move|p2a: Kingambit|Kowtow Cleave|p1a: Lanturn
|-damage|p1a: Lanturn|29/100
|
|-damage|p2a: Kingambit|33/100 brn|[from] brn
|upkeep
|turn|21
|
|t:|1779723255
|move|p2a: Kingambit|Sucker Punch|p1a: Lanturn
|-damage|p1a: Lanturn|0 fnt
|faint|p1a: Lanturn
|
|-damage|p2a: Kingambit|27/100 brn|[from] brn
|upkeep
|
|t:|1779723260
|switch|p1a: Gliscor|Gliscor, M|100/100 tox
|-damage|p1a: Gliscor|88/100 tox|[from] Stealth Rock
|turn|22
|
|t:|1779723271
|move|p1a: Gliscor|Earthquake|p2a: Kingambit
|-damage|p2a: Kingambit|2/100 brn
|move|p2a: Kingambit|Swords Dance|p2a: Kingambit
|-boost|p2a: Kingambit|atk|2
|
|-heal|p1a: Gliscor|100/100 tox|[from] ability: Poison Heal
|-damage|p2a: Kingambit|0 fnt|[from] brn
|faint|p2a: Kingambit
|-end|p2a: Kingambit|fallen1|[silent]
|upkeep
|
|t:|1779723275
|switch|p2a: Dragapult|Dragapult, F|71/100 tox
|turn|23
|
|t:|1779723287
|move|p1a: Gliscor|Protect|p1a: Gliscor
|-singleturn|p1a: Gliscor|Protect
|move|p2a: Dragapult|Hex|p1a: Gliscor
|-activate|p1a: Gliscor|move: Protect
|
|-damage|p2a: Dragapult|65/100 tox|[from] psn
|upkeep
|turn|24
|
|t:|1779723296
|move|p2a: Dragapult|Hex|p1a: Gliscor
|-damage|p1a: Gliscor|31/100 tox
|move|p1a: Gliscor|Toxic|p2a: Dragapult
|-fail|p2a: Dragapult|tox
|
|-damage|p2a: Dragapult|53/100 tox|[from] psn
|-heal|p1a: Gliscor|43/100 tox|[from] ability: Poison Heal
|upkeep
|turn|25
|-message|capivarabeam forfeited.
|
|win|KyuremFan1
|raw|capivarabeam's rating: 1109 &rarr; <strong>1088</strong><br />(-21 for losing)
|raw|KyuremFan1's rating: 1161 &rarr; <strong>1182</strong><br />(+21 for winning)
|l|☆capivarabeam
|player|p1|
|l|☆KyuremFan1
|player|p2|
