|j|☆faridzsomar
|j|☆pokemaster3592
|t:|1779626511
|gametype|singles
|player|p1|faridzsomar|wattson|1201
|player|p2|pokemaster3592|volkner|1131
|gen|9
|tier|[Gen 9] OU
|rated|
|rule|HP Percentage Mod: HP is shown in percentages
|rule|Endless Battle Clause: Forcing endless battles is banned
|rule|Species Clause: Limit one of each Pokémon
|rule|OHKO Clause: OHKO moves are banned
|rule|Evasion Items Clause: Evasion items are banned
|rule|Evasion Moves Clause: Evasion moves are banned
|rule|Evasion Abilities Clause: Evasion abilities are banned
|rule|Sleep Moves Clause: Sleep-inducing moves are banned
|clearpoke
|poke|p1|Ogerpon-Wellspring, F|
|poke|p1|Iron Treads|
|poke|p1|Iron Moth|
|poke|p1|Kingambit, F|
|poke|p1|Iron Valiant|
|poke|p1|Ceruledge, M|
|poke|p2|Decidueye, M|
|poke|p2|Greninja-*, M|
|poke|p2|Lucario, M|
|poke|p2|Talonflame, F|
|poke|p2|Lycanroc-Dusk, M|
|poke|p2|Gliscor, M|
|teampreview
|inactive|Battle timer is ON: inactive players will automatically lose when time's up. (requested by faridzsomar)
|
|t:|1779626521
|teamsize|p1|6
|teamsize|p2|6
|start
|switch|p1a: Ceruledge|Ceruledge, M|100/100
|switch|p2a: Lycanroc|Lycanroc-Dusk, M, shiny|100/100
|turn|1
|l|☆faridzsomar
|inactive|faridzsomar disconnected and has a minute to reconnect!
|player|p1|
|j|☆faridzsomar
|inactive|faridzsomar reconnected and has 110 seconds left.
|player|p1|faridzsomar|wattson|
|
|t:|1779626575
|move|p2a: Lycanroc|Stealth Rock|p1a: Ceruledge
|-sidestart|p1: faridzsomar|move: Stealth Rock
|move|p1a: Ceruledge|Swords Dance|p1a: Ceruledge
|-boost|p1a: Ceruledge|atk|2
|
|upkeep
|turn|2
|l|☆faridzsomar
|inactive|faridzsomar disconnected and has a minute to reconnect!
|player|p1|
|j|☆faridzsomar
|inactive|faridzsomar reconnected and has 85 seconds left.
|player|p1|faridzsomar|wattson|
|
|t:|1779626618
|move|p2a: Lycanroc|Accelerock|p1a: Ceruledge
|-supereffective|p1a: Ceruledge
|-damage|p1a: Ceruledge|32/100
|-ability|p1a: Ceruledge|Weak Armor|boost
|-unboost|p1a: Ceruledge|def|1
|-boost|p1a: Ceruledge|spe|2
|move|p1a: Ceruledge|Close Combat|p2a: Lycanroc
|-supereffective|p2a: Lycanroc
|-enditem|p2a: Lycanroc|Focus Sash
|-damage|p2a: Lycanroc|1/100
|-unboost|p1a: Ceruledge|def|1
|-unboost|p1a: Ceruledge|spd|1
|
|upkeep
|turn|3
|
|t:|1779626626
|move|p1a: Ceruledge|Shadow Sneak|p2a: Lycanroc
|-damage|p2a: Lycanroc|0 fnt
|faint|p2a: Lycanroc
|
|upkeep
|
|t:|1779626641
|switch|p2a: Gliscor|Gliscor, M|100/100
|turn|4
|
|t:|1779626645
|move|p2a: Gliscor|Protect|p2a: Gliscor
|-singleturn|p2a: Gliscor|Protect
|move|p1a: Ceruledge|Bitter Blade|p2a: Gliscor
|-activate|p2a: Gliscor|move: Protect
|
|-status|p2a: Gliscor|tox|[from] item: Toxic Orb
|upkeep
|turn|5
|
|t:|1779626651
|move|p1a: Ceruledge|Bitter Blade|p2a: Gliscor
|-damage|p2a: Gliscor|37/100 tox
|-heal|p1a: Ceruledge|71/100|[from] drain|[of] p2a: Gliscor
|move|p2a: Gliscor|Earthquake|p1a: Ceruledge
|-supereffective|p1a: Ceruledge
|-damage|p1a: Ceruledge|0 fnt
|faint|p1a: Ceruledge
|
|-heal|p2a: Gliscor|49/100 tox|[from] ability: Poison Heal
|upkeep
|
|t:|1779626659
|switch|p1a: Iron Treads|Iron Treads|100/100
|-damage|p1a: Iron Treads|97/100|[from] Stealth Rock
|-enditem|p1a: Iron Treads|Booster Energy
|-activate|p1a: Iron Treads|ability: Quark Drive|[fromitem]
|-start|p1a: Iron Treads|quarkdrivespe
|turn|6
|
|t:|1779626671
|move|p2a: Gliscor|Protect|p2a: Gliscor
|-singleturn|p2a: Gliscor|Protect
|move|p1a: Iron Treads|Rapid Spin|p2a: Gliscor
|-activate|p2a: Gliscor|move: Protect
|
|-heal|p2a: Gliscor|62/100 tox|[from] ability: Poison Heal
|upkeep
|turn|7
|
|t:|1779626681
|switch|p2a: Decidueye|Decidueye, M, shiny|100/100
|move|p1a: Iron Treads|Rapid Spin|p2a: Decidueye
|-immune|p2a: Decidueye
|
|upkeep
|turn|8
|inactive|faridzsomar has 90 seconds left.
|
|t:|1779626702
|-end|p1a: Iron Treads|Quark Drive|[silent]
|switch|p1a: Iron Moth|Iron Moth|100/100
|-damage|p1a: Iron Moth|76/100|[from] Stealth Rock
|-enditem|p1a: Iron Moth|Booster Energy
|-activate|p1a: Iron Moth|ability: Quark Drive|[fromitem]
|-start|p1a: Iron Moth|quarkdrivespe
|move|p2a: Decidueye|Leaf Blade|p1a: Iron Moth
|-resisted|p1a: Iron Moth
|-damage|p1a: Iron Moth|61/100
|
|upkeep
|turn|9
|inactive|faridzsomar has 90 seconds left.
|
|t:|1779626735
|switch|p2a: Greninja|Greninja, M|100/100
|move|p1a: Iron Moth|Fiery Dance|p2a: Greninja
|-resisted|p2a: Greninja
|-damage|p2a: Greninja|67/100
|-boost|p1a: Iron Moth|spa|1
|
|upkeep
|turn|10
|inactive|pokemaster3592 has 120 seconds left.
|
|t:|1779626754
|switch|p2a: Decidueye|Decidueye, M, shiny|100/100
|move|p1a: Iron Moth|Sludge Wave|p2a: Decidueye
|-damage|p2a: Decidueye|11/100
|
|upkeep
|turn|11
|l|☆faridzsomar
|inactive|faridzsomar disconnected and has a minute to reconnect!
|player|p1|
|j|☆faridzsomar
|inactive|faridzsomar reconnected and has 50 seconds left.
|player|p1|faridzsomar|wattson|
|
|t:|1779626796
|move|p1a: Iron Moth|Sludge Wave|p2a: Decidueye
|-damage|p2a: Decidueye|0 fnt
|faint|p2a: Decidueye
|
|upkeep
|
|t:|1779626800
|switch|p2a: Talonflame|Talonflame, F, shiny|100/100
|turn|12
|
|t:|1779626804
|move|p2a: Talonflame|Brave Bird|p1a: Iron Moth
|-damage|p1a: Iron Moth|0 fnt
|faint|p1a: Iron Moth
|-end|p1a: Iron Moth|Quark Drive|[silent]
|-damage|p2a: Talonflame|80/100|[from] Recoil
|
|upkeep
|
|t:|1779626818
|switch|p1a: Iron Treads|Iron Treads|97/100
|-damage|p1a: Iron Treads|94/100|[from] Stealth Rock
|turn|13
|
|t:|1779626834
|-terastallize|p2a: Talonflame|Fire
|move|p2a: Talonflame|Flare Blitz|p1a: Iron Treads
|-supereffective|p1a: Iron Treads
|-damage|p1a: Iron Treads|0 fnt
|faint|p1a: Iron Treads
|-end|p1a: Iron Treads|Quark Drive|[silent]
|-damage|p2a: Talonflame|47/100|[from] Recoil
|
|upkeep
|
|t:|1779626850
|switch|p1a: Ogerpon|Ogerpon-Wellspring, F|100/100
|-damage|p1a: Ogerpon|88/100|[from] Stealth Rock
|turn|14
|l|☆faridzsomar
|inactive|faridzsomar disconnected and has a minute to reconnect!
|player|p1|
|inactive|faridzsomar has 30 seconds left.
|inactive|faridzsomar has 20 seconds left.
|inactive|faridzsomar has 15 seconds left.
|inactive|faridzsomar has 10 seconds left.
|inactive|faridzsomar has 5 seconds left.
|j|☆faridzsomar
|inactive|faridzsomar reconnected and has 5 seconds left.
|player|p1|faridzsomar|wattson|
|-message|faridzsomar lost due to inactivity.
|
|win|pokemaster3592
|raw|faridzsomar's rating: 1201 &rarr; <strong>1171</strong><br />(-30 for losing)
|raw|pokemaster3592's rating: 1131 &rarr; <strong>1161</strong><br />(+30 for winning)
|l|☆pokemaster3592
|player|p2|
|l|☆faridzsomar
|player|p1|
