|j|☆Luisowbro
|j|☆Nickthenickthenick
|t:|1779719993
|gametype|singles
|player|p1|Luisowbro|ingo|1459
|player|p2|Nickthenickthenick|101|1436
|gen|9
|tier|[Gen 9] OU
|rated|
|rule|HP Percentage Mod: HP is shown in percentages
|rule|Endless Battle Clause: Forcing endless battles is banned
|rule|Species Clause: Limit one of each Pokémon
|rule|OHKO Clause: OHKO moves are banned
|rule|Evasion Items Clause: Evasion items are banned
|rule|Evasion Moves Clause: Evasion moves are banned
|rule|Evasion Abilities Clause: Evasion abilities are banned
|rule|Sleep Moves Clause: Sleep-inducing moves are banned
|clearpoke
|poke|p1|Haxorus, M|
|poke|p1|Moltres-Galar|
|poke|p1|Volcanion|
|poke|p1|Scizor, M|
|poke|p1|Enamorus, F|
|poke|p1|Ninetales-Alola, F|
|poke|p2|Raikou|
|poke|p2|Entei|
|poke|p2|Suicune|
|poke|p2|Tyranitar, F|
|poke|p2|Porygon2|
|poke|p2|Hatterene, F|
|teampreview
|inactive|Battle timer is ON: inactive players will automatically lose when time's up. (requested by Nickthenickthenick)
|inactive|Luisowbro has 120 seconds left.
|
|t:|1779720049
|teamsize|p1|6
|teamsize|p2|6
|start
|switch|p1a: Ninetales|Ninetales-Alola, F, shiny|100/100
|switch|p2a: Entei|Entei|100/100
|-weather|Snowscape|[from] ability: Snow Warning|[of] p1a: Ninetales
|-ability|p2a: Entei|Pressure
|turn|1
|
|t:|1779720057
|switch|p1a: Volcanion|Volcanion|100/100
|switch|p2a: Tyranitar|Tyranitar, F|100/100
|-weather|Sandstorm|[from] ability: Sand Stream|[of] p2a: Tyranitar
|
|-weather|Sandstorm|[upkeep]
|-damage|p1a: Volcanion|94/100|[from] Sandstorm
|upkeep
|turn|2
|
|t:|1779720069
|switch|p1a: Scizor|Scizor, M, shiny|100/100
|switch|p2a: Suicune|Suicune|100/100
|-ability|p2a: Suicune|Pressure
|
|-weather|Sandstorm|[upkeep]
|-damage|p2a: Suicune|94/100|[from] Sandstorm
|-heal|p2a: Suicune|100/100|[from] item: Leftovers
|upkeep
|turn|3
|
|t:|1779720078
|move|p2a: Suicune|Scald|p1a: Scizor
|-damage|p1a: Scizor|72/100
|-status|p1a: Scizor|brn
|move|p1a: Scizor|U-turn|p2a: Suicune
|-damage|p2a: Suicune|79/100
|
|t:|1779720091
|switch|p1a: Volcanion|Volcanion|94/100|[from] U-turn
|
|-weather|Sandstorm|[upkeep]
|-damage|p2a: Suicune|73/100|[from] Sandstorm
|-damage|p1a: Volcanion|88/100|[from] Sandstorm
|-heal|p2a: Suicune|79/100|[from] item: Leftovers
|upkeep
|turn|4
|
|t:|1779720098
|move|p2a: Suicune|Calm Mind|p2a: Suicune
|-boost|p2a: Suicune|spa|1
|-boost|p2a: Suicune|spd|1
|move|p1a: Volcanion|Sludge Bomb|p2a: Suicune
|-damage|p2a: Suicune|67/100
|
|-weather|Sandstorm|[upkeep]
|-damage|p2a: Suicune|61/100|[from] Sandstorm
|-damage|p1a: Volcanion|82/100|[from] Sandstorm
|-heal|p2a: Suicune|67/100|[from] item: Leftovers
|upkeep
|turn|5
|
|t:|1779720107
|switch|p1a: Ninetales|Ninetales-Alola, F, shiny|100/100
|-weather|Snowscape|[from] ability: Snow Warning|[of] p1a: Ninetales
|move|p2a: Suicune|Substitute|p2a: Suicune
|-start|p2a: Suicune|Substitute
|-damage|p2a: Suicune|42/100
|
|-weather|Snowscape|[upkeep]
|-heal|p2a: Suicune|48/100|[from] item: Leftovers
|upkeep
|turn|6
|
|t:|1779720117
|move|p1a: Ninetales|Aurora Veil|p1a: Ninetales
|-sidestart|p1: Luisowbro|move: Aurora Veil
|move|p2a: Suicune|Scald|p1a: Ninetales
|-damage|p1a: Ninetales|82/100
|
|-weather|Snowscape|[upkeep]
|-heal|p2a: Suicune|54/100|[from] item: Leftovers
|upkeep
|turn|7
|
|t:|1779720126
|move|p2a: Suicune|Scald|p1a: Ninetales
|-damage|p1a: Ninetales|65/100
|-status|p1a: Ninetales|brn
|move|p1a: Ninetales|Roar|p2a: Suicune
|drag|p2a: Hatterene|Hatterene, F|100/100
|
|-weather|Snowscape|[upkeep]
|-damage|p1a: Ninetales|59/100 brn|[from] brn
|upkeep
|turn|8
|
|t:|1779720138
|switch|p1a: Volcanion|Volcanion|82/100
|switch|p2a: Tyranitar|Tyranitar, F|100/100
|-weather|Sandstorm|[from] ability: Sand Stream|[of] p2a: Tyranitar
|
|-weather|Sandstorm|[upkeep]
|-damage|p1a: Volcanion|76/100|[from] Sandstorm
|upkeep
|turn|9
|
|t:|1779720146
|switch|p2a: Suicune|Suicune|54/100
|-ability|p2a: Suicune|Pressure
|move|p1a: Volcanion|Earth Power|p2a: Suicune
|-damage|p2a: Suicune|35/100
|
|-weather|Sandstorm|[upkeep]
|-damage|p2a: Suicune|29/100|[from] Sandstorm
|-damage|p1a: Volcanion|70/100|[from] Sandstorm
|-heal|p2a: Suicune|35/100|[from] item: Leftovers
|upkeep
|turn|10
|
|t:|1779720157
|move|p2a: Suicune|Calm Mind|p2a: Suicune
|-boost|p2a: Suicune|spa|1
|-boost|p2a: Suicune|spd|1
|move|p1a: Volcanion|Sludge Bomb|p2a: Suicune
|-damage|p2a: Suicune|22/100
|-status|p2a: Suicune|psn
|
|-weather|Sandstorm|[upkeep]
|-damage|p2a: Suicune|16/100 psn|[from] Sandstorm
|-damage|p1a: Volcanion|64/100|[from] Sandstorm
|-heal|p2a: Suicune|22/100 psn|[from] item: Leftovers
|-damage|p2a: Suicune|9/100 psn|[from] psn
|upkeep
|turn|11
|
|t:|1779720168
|move|p2a: Suicune|Ice Beam|p1a: Volcanion
|-resisted|p1a: Volcanion
|-damage|p1a: Volcanion|62/100
|move|p1a: Volcanion|Sludge Bomb|p2a: Suicune
|-damage|p2a: Suicune|0 fnt
|faint|p2a: Suicune
|
|-weather|Sandstorm|[upkeep]
|-damage|p1a: Volcanion|56/100|[from] Sandstorm
|upkeep
|
|t:|1779720197
|switch|p2a: Porygon2|Porygon2|100/100
|-ability|p2a: Porygon2|Water Absorb|Trace|[from] ability: Trace|[of] p1a: Volcanion
|turn|12
|inactive|Luisowbro has 120 seconds left.
|inactive|Luisowbro has 90 seconds left.
|
|t:|1779720262
|switch|p1a: Scizor|Scizor, M, shiny|72/100 brn
|move|p2a: Porygon2|Thunder Wave|p1a: Scizor|[miss]
|-miss|p2a: Porygon2|p1a: Scizor
|
|-weather|none
|-damage|p1a: Scizor|66/100 brn|[from] brn
|upkeep
|turn|13
|
|t:|1779720283
|move|p1a: Scizor|Close Combat|p2a: Porygon2
|-supereffective|p2a: Porygon2
|-damage|p2a: Porygon2|67/100
|-unboost|p1a: Scizor|def|1
|-unboost|p1a: Scizor|spd|1
|move|p2a: Porygon2|Foul Play|p1a: Scizor
|-damage|p1a: Scizor|40/100 brn
|
|-damage|p1a: Scizor|34/100 brn|[from] brn
|-sideend|p1: Luisowbro|move: Aurora Veil
|upkeep
|turn|14
|
|t:|1779720292
|move|p1a: Scizor|Close Combat|p2a: Porygon2
|-supereffective|p2a: Porygon2
|-damage|p2a: Porygon2|37/100
|-unboost|p1a: Scizor|def|1
|-unboost|p1a: Scizor|spd|1
|move|p2a: Porygon2|Recover|p2a: Porygon2
|-heal|p2a: Porygon2|87/100
|
|-damage|p1a: Scizor|28/100 brn|[from] brn
|upkeep
|turn|15
|inactive|Luisowbro has 90 seconds left.
|
|t:|1779720315
|switch|p1a: Ninetales|Ninetales-Alola, F, shiny|59/100 brn
|-weather|Snowscape|[from] ability: Snow Warning|[of] p1a: Ninetales
|move|p2a: Porygon2|Ice Beam|p1a: Ninetales
|-resisted|p1a: Ninetales
|-damage|p1a: Ninetales|49/100 brn
|
|-weather|Snowscape|[upkeep]
|-damage|p1a: Ninetales|43/100 brn|[from] brn
|upkeep
|turn|16
|inactive|Luisowbro has 90 seconds left.
|
|t:|1779720326
|switch|p1a: Volcanion|Volcanion|56/100
|switch|p2a: Tyranitar|Tyranitar, F|100/100
|-weather|Sandstorm|[from] ability: Sand Stream|[of] p2a: Tyranitar
|
|-weather|Sandstorm|[upkeep]
|-damage|p1a: Volcanion|50/100|[from] Sandstorm
|upkeep
|turn|17
|
|t:|1779720335
|move|p1a: Volcanion|Steam Eruption|p2a: Tyranitar
|-supereffective|p2a: Tyranitar
|-damage|p2a: Tyranitar|51/100
|move|p2a: Tyranitar|Stealth Rock|p1a: Volcanion
|-sidestart|p1: Luisowbro|move: Stealth Rock
|
|-weather|Sandstorm|[upkeep]
|-damage|p1a: Volcanion|44/100|[from] Sandstorm
|-heal|p2a: Tyranitar|57/100|[from] item: Leftovers
|upkeep
|turn|18
|j| Agency member two
|
|t:|1779720348
|move|p1a: Volcanion|Steam Eruption|p2a: Tyranitar
|-supereffective|p2a: Tyranitar
|-damage|p2a: Tyranitar|3/100
|-status|p2a: Tyranitar|brn
|move|p2a: Tyranitar|Knock Off|p1a: Volcanion
|-damage|p1a: Volcanion|27/100
|-enditem|p1a: Volcanion|Assault Vest|[from] move: Knock Off|[of] p2a: Tyranitar
|
|-weather|Sandstorm|[upkeep]
|-damage|p1a: Volcanion|21/100|[from] Sandstorm
|-heal|p2a: Tyranitar|9/100 brn|[from] item: Leftovers
|-damage|p2a: Tyranitar|3/100 brn|[from] brn
|upkeep
|turn|19
|l| Agency member two
|
|t:|1779720362
|switch|p2a: Porygon2|Porygon2|87/100
|-ability|p2a: Porygon2|Water Absorb|Trace|[from] ability: Trace|[of] p1a: Volcanion
|move|p1a: Volcanion|Earth Power|p2a: Porygon2
|-damage|p2a: Porygon2|64/100
|-unboost|p2a: Porygon2|spd|1
|
|-weather|Sandstorm|[upkeep]
|-damage|p1a: Volcanion|15/100|[from] Sandstorm
|-damage|p2a: Porygon2|58/100|[from] Sandstorm
|upkeep
|turn|20
|
|t:|1779720376
|-terastallize|p1a: Volcanion|Ground
|move|p1a: Volcanion|Earth Power|p2a: Porygon2
|-damage|p2a: Porygon2|9/100
|move|p2a: Porygon2|Recover|p2a: Porygon2
|-heal|p2a: Porygon2|59/100
|
|-weather|none
|upkeep
|turn|21
|
|t:|1779720384
|move|p1a: Volcanion|Earth Power|p2a: Porygon2
|-damage|p2a: Porygon2|10/100
|move|p2a: Porygon2|Ice Beam|p1a: Volcanion
|-supereffective|p1a: Volcanion
|-damage|p1a: Volcanion|0 fnt
|faint|p1a: Volcanion
|
|upkeep
|j| oh the guilt
|inactive|Luisowbro has 90 seconds left.
|l| oh the guilt
|
|t:|1779720400
|switch|p1a: Haxorus|Haxorus, M, shiny|100/100
|-damage|p1a: Haxorus|88/100|[from] Stealth Rock
|-ability|p1a: Haxorus|Mold Breaker
|turn|22
|
|t:|1779720406
|move|p1a: Haxorus|Iron Head|p2a: Porygon2
|-damage|p2a: Porygon2|0 fnt
|faint|p2a: Porygon2
|
|upkeep
|
|t:|1779720409
|switch|p2a: Hatterene|Hatterene, F|100/100
|turn|23
|
|t:|1779720418
|move|p1a: Haxorus|Iron Head|p2a: Hatterene
|-supereffective|p2a: Hatterene
|-damage|p2a: Hatterene|49/100
|move|p2a: Hatterene|Draining Kiss|p1a: Haxorus
|-supereffective|p1a: Haxorus
|-damage|p1a: Haxorus|31/100
|-heal|p2a: Hatterene|95/100|[from] drain|[of] p1a: Haxorus
|
|-heal|p2a: Hatterene|100/100|[from] item: Leftovers
|upkeep
|turn|24
|
|t:|1779720427
|move|p1a: Haxorus|Iron Head|p2a: Hatterene
|-supereffective|p2a: Hatterene
|-damage|p2a: Hatterene|54/100
|move|p2a: Hatterene|Draining Kiss|p1a: Haxorus
|-supereffective|p1a: Haxorus
|-damage|p1a: Haxorus|0 fnt
|-heal|p2a: Hatterene|79/100|[from] drain|[of] p1a: Haxorus
|faint|p1a: Haxorus
|
|-heal|p2a: Hatterene|85/100|[from] item: Leftovers
|upkeep
|
|t:|1779720436
|switch|p1a: Scizor|Scizor, M, shiny|28/100 brn
|-damage|p1a: Scizor|16/100 brn|[from] Stealth Rock
|turn|25
|
|t:|1779720441
|switch|p2a: Entei|Entei|100/100
|-ability|p2a: Entei|Pressure
|move|p1a: Scizor|Defog|p2a: Entei
|-unboost|p2a: Entei|evasion|1
|-sideend|p1: Luisowbro|Stealth Rock|[from] move: Defog|[of] p1a: Scizor
|
|-damage|p1a: Scizor|10/100 brn|[from] brn
|upkeep
|turn|26
|
|t:|1779720452
|move|p2a: Entei|Sacred Fire|p1a: Scizor
|-supereffective|p1a: Scizor
|-damage|p1a: Scizor|0 fnt
|faint|p1a: Scizor
|
|upkeep
|inactive|Luisowbro has 120 seconds left.
|
|t:|1779720464
|switch|p1a: Enamorus|Enamorus, F|100/100
|turn|27
|
|t:|1779720477
|move|p1a: Enamorus|Earth Power|p2a: Entei
|-supereffective|p2a: Entei
|-damage|p2a: Entei|40/100
|move|p2a: Entei|Sacred Fire|p1a: Enamorus
|-damage|p1a: Enamorus|38/100
|-status|p1a: Enamorus|brn
|
|-damage|p1a: Enamorus|32/100 brn|[from] brn
|upkeep
|turn|28
|
|t:|1779720494
|move|p1a: Enamorus|Earth Power|p2a: Entei
|-supereffective|p2a: Entei
|-damage|p2a: Entei|0 fnt
|faint|p2a: Entei
|
|-damage|p1a: Enamorus|26/100 brn|[from] brn
|upkeep
|
|t:|1779720502
|switch|p2a: Hatterene|Hatterene, F|85/100
|turn|29
|
|t:|1779720509
|move|p1a: Enamorus|Earth Power|p2a: Hatterene
|-damage|p2a: Hatterene|49/100
|move|p2a: Hatterene|Psychic Noise|p1a: Enamorus
|-damage|p1a: Enamorus|0 fnt
|faint|p1a: Enamorus
|
|-heal|p2a: Hatterene|55/100|[from] item: Leftovers
|upkeep
|
|t:|1779720517
|switch|p1a: Ninetales|Ninetales-Alola, F, shiny|43/100 brn
|-weather|Snowscape|[from] ability: Snow Warning|[of] p1a: Ninetales
|turn|30
|
|t:|1779720522
|switch|p2a: Tyranitar|Tyranitar, F|3/100 brn
|-weather|Sandstorm|[from] ability: Sand Stream|[of] p2a: Tyranitar
|move|p1a: Ninetales|Freeze-Dry|p2a: Tyranitar
|-damage|p2a: Tyranitar|0 fnt
|faint|p2a: Tyranitar
|
|-weather|Sandstorm|[upkeep]
|-damage|p1a: Ninetales|37/100 brn|[from] Sandstorm
|-damage|p1a: Ninetales|31/100 brn|[from] brn
|upkeep
|
|t:|1779720530
|switch|p2a: Raikou|Raikou|100/100
|-ability|p2a: Raikou|Pressure
|turn|31
|
|t:|1779720555
|move|p2a: Raikou|Discharge|p1a: Ninetales
|-damage|p1a: Ninetales|0 fnt
|faint|p1a: Ninetales
|
|-weather|Sandstorm|[upkeep]
|-damage|p2a: Raikou|94/100|[from] Sandstorm
|-heal|p2a: Raikou|100/100|[from] item: Leftovers
|upkeep
|
|t:|1779720563
|switch|p1a: Moltres|Moltres-Galar, shiny|100/100
|turn|32
|
|t:|1779720570
|move|p2a: Raikou|Calm Mind|p2a: Raikou
|-boost|p2a: Raikou|spa|1
|-boost|p2a: Raikou|spd|1
|move|p1a: Moltres|Agility|p1a: Moltres
|-boost|p1a: Moltres|spe|2
|
|-weather|Sandstorm|[upkeep]
|-damage|p1a: Moltres|94/100|[from] Sandstorm
|-damage|p2a: Raikou|94/100|[from] Sandstorm
|-heal|p2a: Raikou|100/100|[from] item: Leftovers
|upkeep
|turn|33
|
|t:|1779720579
|move|p1a: Moltres|Fiery Wrath|p2a: Raikou
|-damage|p2a: Raikou|73/100
|move|p2a: Raikou|Calm Mind|p2a: Raikou
|-boost|p2a: Raikou|spa|1
|-boost|p2a: Raikou|spd|1
|
|-weather|Sandstorm|[upkeep]
|-damage|p1a: Moltres|88/100|[from] Sandstorm
|-damage|p2a: Raikou|67/100|[from] Sandstorm
|-heal|p2a: Raikou|73/100|[from] item: Leftovers
|upkeep
|turn|34
|
|t:|1779720588
|move|p1a: Moltres|Nasty Plot|p1a: Moltres
|-boost|p1a: Moltres|spa|2
|move|p2a: Raikou|Calm Mind|p2a: Raikou
|-boost|p2a: Raikou|spa|1
|-boost|p2a: Raikou|spd|1
|
|-weather|none
|-heal|p2a: Raikou|80/100|[from] item: Leftovers
|upkeep
|turn|35
|
|t:|1779720596
|move|p1a: Moltres|Nasty Plot|p1a: Moltres
|-boost|p1a: Moltres|spa|2
|move|p2a: Raikou|Discharge|p1a: Moltres
|-supereffective|p1a: Moltres
|-damage|p1a: Moltres|0 fnt
|faint|p1a: Moltres
|
|win|Nickthenickthenick
|raw|Luisowbro's rating: 1459 &rarr; <strong>1438</strong><br />(-21 for losing)
|raw|Nickthenickthenick's rating: 1436 &rarr; <strong>1457</strong><br />(+21 for winning)
|c|☆Luisowbro|gg
|c|☆Nickthenickthenick|gg
|c|☆Luisowbro|love your team
|c|☆Nickthenickthenick|thanks
|l|☆Luisowbro
|player|p1|
