|j|☆Lryuzaki13
|j|☆JShotV
|t:|1779595977
|gametype|singles
|player|p1|Lryuzaki13|101|1310
|player|p2|JShotV|2|1350
|gen|9
|tier|[Gen 9] OU
|rated|
|rule|HP Percentage Mod: HP is shown in percentages
|rule|Endless Battle Clause: Forcing endless battles is banned
|rule|Species Clause: Limit one of each Pokémon
|rule|OHKO Clause: OHKO moves are banned
|rule|Evasion Items Clause: Evasion items are banned
|rule|Evasion Moves Clause: Evasion moves are banned
|rule|Evasion Abilities Clause: Evasion abilities are banned
|rule|Sleep Moves Clause: Sleep-inducing moves are banned
|clearpoke
|poke|p1|Samurott-Hisui, F|
|poke|p1|Gholdengo|
|poke|p1|Great Tusk|
|poke|p1|Kingambit, F|
|poke|p1|Corviknight, M|
|poke|p1|Iron Valiant|
|poke|p2|Ogerpon-Cornerstone, F|
|poke|p2|Tyranitar, F|
|poke|p2|Iron Treads|
|poke|p2|Kommo-o, F|
|poke|p2|Iron Boulder|
|poke|p2|Gliscor, M|
|teampreview
|
|t:|1779595998
|teamsize|p1|6
|teamsize|p2|6
|start
|switch|p1a: Rook|Samurott-Hisui, F|100/100
|switch|p2a: Iron Treads|Iron Treads|100/100
|-enditem|p2a: Iron Treads|Booster Energy
|-activate|p2a: Iron Treads|ability: Quark Drive|[fromitem]
|-start|p2a: Iron Treads|quarkdrivespe
|turn|1
|
|t:|1779596004
|move|p2a: Iron Treads|Stealth Rock|p1a: Rook
|-sidestart|p1: Lryuzaki13|move: Stealth Rock
|move|p1a: Rook|Razor Shell|p2a: Iron Treads
|-supereffective|p2a: Iron Treads
|-damage|p2a: Iron Treads|14/100
|-unboost|p2a: Iron Treads|def|1
|
|upkeep
|turn|2
|
|t:|1779596010
|move|p2a: Iron Treads|Steel Beam|p1a: Rook
|-resisted|p1a: Rook
|-damage|p1a: Rook|76/100
|-damage|p2a: Iron Treads|0 fnt|[from] steelbeam
|faint|p2a: Iron Treads
|-end|p2a: Iron Treads|Quark Drive|[silent]
|move|p1a: Rook|Ceaseless Edge|p2: Iron Treads|[notarget]
|-fail|p1a: Rook
|
|upkeep
|
|t:|1779596026
|switch|p2a: Kommo-o|Kommo-o, F|100/100
|turn|3
|
|t:|1779596032
|move|p1a: Rook|Knock Off|p2a: Kommo-o
|-resisted|p2a: Kommo-o
|-damage|p2a: Kommo-o|77/100
|-enditem|p2a: Kommo-o|Throat Spray|[from] move: Knock Off|[of] p1a: Rook
|move|p2a: Kommo-o|Clangorous Soul|p2a: Kommo-o
|-boost|p2a: Kommo-o|atk|1
|-boost|p2a: Kommo-o|def|1
|-boost|p2a: Kommo-o|spa|1
|-boost|p2a: Kommo-o|spd|1
|-boost|p2a: Kommo-o|spe|1
|-damage|p2a: Kommo-o|44/100
|
|upkeep
|turn|4
|
|t:|1779596040
|move|p1a: Rook|Sucker Punch|p2a: Kommo-o
|-resisted|p2a: Kommo-o
|-damage|p2a: Kommo-o|33/100
|move|p2a: Kommo-o|Drain Punch|p1a: Rook
|-supereffective|p1a: Rook
|-damage|p1a: Rook|0 fnt
|-heal|p2a: Kommo-o|74/100|[from] drain|[of] p1a: Rook
|faint|p1a: Rook
|
|upkeep
|
|t:|1779596049
|switch|p1a: Corviknight|Corviknight, M|100/100
|-damage|p1a: Corviknight|88/100|[from] Stealth Rock
|-ability|p1a: Corviknight|Pressure
|turn|5
|
|t:|1779596056
|move|p2a: Kommo-o|Clangorous Soul|p2a: Kommo-o
|-boost|p2a: Kommo-o|atk|1
|-boost|p2a: Kommo-o|def|1
|-boost|p2a: Kommo-o|spa|1
|-boost|p2a: Kommo-o|spd|1
|-boost|p2a: Kommo-o|spe|1
|-damage|p2a: Kommo-o|41/100
|move|p1a: Corviknight|Iron Defense|p1a: Corviknight
|-boost|p1a: Corviknight|def|2
|
|-heal|p1a: Corviknight|94/100|[from] item: Leftovers
|upkeep
|turn|6
|
|t:|1779596067
|move|p2a: Kommo-o|Drain Punch|p1a: Corviknight
|-crit|p1a: Corviknight
|-damage|p1a: Corviknight|35/100
|-heal|p2a: Kommo-o|80/100|[from] drain|[of] p1a: Corviknight
|move|p1a: Corviknight|Brave Bird|p2a: Kommo-o
|-supereffective|p2a: Kommo-o
|-damage|p2a: Kommo-o|42/100
|-damage|p1a: Corviknight|26/100|[from] Recoil
|
|-heal|p1a: Corviknight|32/100|[from] item: Leftovers
|upkeep
|turn|7
|
|t:|1779596077
|move|p2a: Kommo-o|Drain Punch|p1a: Corviknight
|-damage|p1a: Corviknight|11/100
|-heal|p2a: Kommo-o|56/100|[from] drain|[of] p1a: Corviknight
|move|p1a: Corviknight|Roost|p1a: Corviknight
|-heal|p1a: Corviknight|61/100
|-singleturn|p1a: Corviknight|move: Roost
|
|-heal|p1a: Corviknight|67/100|[from] item: Leftovers
|upkeep
|turn|8
|
|t:|1779596090
|move|p2a: Kommo-o|Drain Punch|p1a: Corviknight
|-damage|p1a: Corviknight|49/100
|-heal|p2a: Kommo-o|68/100|[from] drain|[of] p1a: Corviknight
|move|p1a: Corviknight|Iron Defense|p1a: Corviknight
|-boost|p1a: Corviknight|def|2
|
|-heal|p1a: Corviknight|55/100|[from] item: Leftovers
|upkeep
|turn|9
|
|t:|1779596099
|move|p2a: Kommo-o|Clangorous Soul|p2a: Kommo-o
|-boost|p2a: Kommo-o|atk|1
|-boost|p2a: Kommo-o|def|1
|-boost|p2a: Kommo-o|spa|1
|-boost|p2a: Kommo-o|spd|1
|-boost|p2a: Kommo-o|spe|1
|-damage|p2a: Kommo-o|35/100
|move|p1a: Corviknight|Roost|p1a: Corviknight
|-heal|p1a: Corviknight|100/100
|-singleturn|p1a: Corviknight|move: Roost
|
|upkeep
|turn|10
|
|t:|1779596108
|move|p2a: Kommo-o|Drain Punch|p1a: Corviknight
|-damage|p1a: Corviknight|84/100
|-heal|p2a: Kommo-o|46/100|[from] drain|[of] p1a: Corviknight
|move|p1a: Corviknight|Body Press|p2a: Kommo-o
|-damage|p2a: Kommo-o|11/100
|
|-heal|p1a: Corviknight|90/100|[from] item: Leftovers
|upkeep
|turn|11
|
|t:|1779596118
|move|p2a: Kommo-o|Clanging Scales|p1a: Corviknight
|-resisted|p1a: Corviknight
|-damage|p1a: Corviknight|33/100
|-unboost|p2a: Kommo-o|def|1
|move|p1a: Corviknight|Body Press|p2a: Kommo-o
|-damage|p2a: Kommo-o|0 fnt
|faint|p2a: Kommo-o
|
|-heal|p1a: Corviknight|39/100|[from] item: Leftovers
|upkeep
|-message|JShotV forfeited.
|
|win|Lryuzaki13
|raw|Lryuzaki13's rating: 1310 &rarr; <strong>1332</strong><br />(+22 for winning)
|raw|JShotV's rating: 1350 &rarr; <strong>1328</strong><br />(-22 for losing)
|l|☆JShotV
|player|p2|
|l|☆Lryuzaki13
|player|p1|
