|j|☆haricane
|j|☆nadaplease
|t:|1779640906
|gametype|singles
|player|p1|haricane|hilbert|1324
|player|p2|nadaplease|depotagent|1433
|gen|9
|tier|[Gen 9] OU
|rated|
|rule|HP Percentage Mod: HP is shown in percentages
|rule|Endless Battle Clause: Forcing endless battles is banned
|rule|Species Clause: Limit one of each Pokémon
|rule|OHKO Clause: OHKO moves are banned
|rule|Evasion Items Clause: Evasion items are banned
|rule|Evasion Moves Clause: Evasion moves are banned
|rule|Evasion Abilities Clause: Evasion abilities are banned
|rule|Sleep Moves Clause: Sleep-inducing moves are banned
|clearpoke
|poke|p1|Iron Thorns|
|poke|p1|Dragapult, M|
|poke|p1|Latias, F|
|poke|p1|Pawmot, M|
|poke|p1|Noivern, M|
|poke|p1|Armarouge, M|
|poke|p2|Samurott-Hisui, F|
|poke|p2|Kyurem|
|poke|p2|Great Tusk|
|poke|p2|Moltres|
|poke|p2|Slowking-Galar, F|
|poke|p2|Clefable, M|
|teampreview
|inactive|Battle timer is ON: inactive players will automatically lose when time's up. (requested by haricane)
|
|t:|1779640986
|teamsize|p1|6
|teamsize|p2|6
|start
|switch|p1a: Noivern|Noivern, M|100/100
|switch|p2a: Clefable|Clefable, M|100/100
|-item|p2a: Clefable|Leftovers|[from] ability: Frisk|[of] p1a: Noivern
|turn|1
|
|t:|1779640998
|switch|p1a: Latias|Latias, F|100/100
|move|p2a: Clefable|Moonblast|p1a: Latias
|-supereffective|p1a: Latias
|-damage|p1a: Latias|43/100
|-enditem|p1a: Latias|Weakness Policy
|-boost|p1a: Latias|atk|2|[from] item: Weakness Policy
|-boost|p1a: Latias|spa|2|[from] item: Weakness Policy
|
|upkeep
|turn|2
|
|t:|1779641009
|move|p1a: Latias|Draining Kiss|p2a: Clefable
|-damage|p2a: Clefable|85/100
|-heal|p1a: Latias|58/100|[from] drain|[of] p2a: Clefable
|move|p2a: Clefable|Moonblast|p1a: Latias
|-supereffective|p1a: Latias
|-damage|p1a: Latias|0 fnt
|faint|p1a: Latias
|
|-heal|p2a: Clefable|91/100|[from] item: Leftovers
|upkeep
|inactive|haricane has 120 seconds left.
|
|t:|1779641039
|switch|p1a: Iron Thorns|Iron Thorns, shiny|100/100
|-enditem|p1a: Iron Thorns|Booster Energy
|-activate|p1a: Iron Thorns|ability: Quark Drive|[fromitem]
|-start|p1a: Iron Thorns|quarkdriveatk
|turn|3
|
|t:|1779641044
|move|p1a: Iron Thorns|Dragon Dance|p1a: Iron Thorns
|-boost|p1a: Iron Thorns|atk|1
|-boost|p1a: Iron Thorns|spe|1
|move|p2a: Clefable|Stealth Rock|p1a: Iron Thorns
|-sidestart|p1: haricane|move: Stealth Rock
|
|-heal|p2a: Clefable|97/100|[from] item: Leftovers
|upkeep
|turn|4
|
|t:|1779641056
|switch|p2a: Great Tusk|Great Tusk|100/100
|-enditem|p2a: Great Tusk|Booster Energy
|-activate|p2a: Great Tusk|ability: Protosynthesis|[fromitem]
|-start|p2a: Great Tusk|protosynthesisspe
|move|p1a: Iron Thorns|Dragon Dance|p1a: Iron Thorns
|-boost|p1a: Iron Thorns|atk|1
|-boost|p1a: Iron Thorns|spe|1
|
|upkeep
|turn|5
|
|t:|1779641065
|-terastallize|p1a: Iron Thorns|Flying
|move|p1a: Iron Thorns|Ice Punch|p2a: Great Tusk
|-supereffective|p2a: Great Tusk
|-damage|p2a: Great Tusk|6/100
|move|p2a: Great Tusk|Bulk Up|p2a: Great Tusk
|-boost|p2a: Great Tusk|atk|1
|-boost|p2a: Great Tusk|def|1
|
|upkeep
|turn|6
|
|t:|1779641073
|-end|p2a: Great Tusk|Protosynthesis|[silent]
|switch|p2a: Moltres|Moltres|100/100
|move|p1a: Iron Thorns|Earthquake|p2a: Moltres
|-immune|p2a: Moltres
|
|upkeep
|turn|7
|
|t:|1779641078
|switch|p2a: Clefable|Clefable, M|97/100
|move|p1a: Iron Thorns|Supercell Slam|p2a: Clefable
|-damage|p2a: Clefable|41/100
|
|-heal|p2a: Clefable|47/100|[from] item: Leftovers
|upkeep
|turn|8
|
|t:|1779641086
|switch|p2a: Great Tusk|Great Tusk|6/100
|move|p1a: Iron Thorns|Earthquake|p2a: Great Tusk
|-damage|p2a: Great Tusk|0 fnt
|faint|p2a: Great Tusk
|-end|p2a: Great Tusk|Protosynthesis|[silent]
|
|upkeep
|
|t:|1779641094
|switch|p2a: Clefable|Clefable, M|47/100
|turn|9
|
|t:|1779641096
|move|p1a: Iron Thorns|Supercell Slam|p2a: Clefable
|-damage|p2a: Clefable|0 fnt
|faint|p2a: Clefable
|
|upkeep
|c|☆nadaplease|geeg
|-message|nadaplease forfeited.
|
|win|haricane
|raw|haricane's rating: 1324 &rarr; <strong>1350</strong><br />(+26 for winning)
|raw|nadaplease's rating: 1433 &rarr; <strong>1407</strong><br />(-26 for losing)
|l|☆nadaplease
|player|p2|
|l|☆haricane
|player|p1|
