|j|☆Marceliscool172010
|j|☆Rubicouss
|t:|1779690270
|gametype|singles
|player|p1|Marceliscool172010|170|1309
|player|p2|Rubicouss|gambler|1393
|gen|9
|tier|[Gen 9] OU
|rated|
|rule|HP Percentage Mod: HP is shown in percentages
|rule|Endless Battle Clause: Forcing endless battles is banned
|rule|Species Clause: Limit one of each Pokémon
|rule|OHKO Clause: OHKO moves are banned
|rule|Evasion Items Clause: Evasion items are banned
|rule|Evasion Moves Clause: Evasion moves are banned
|rule|Evasion Abilities Clause: Evasion abilities are banned
|rule|Sleep Moves Clause: Sleep-inducing moves are banned
|clearpoke
|poke|p1|Raging Bolt|
|poke|p1|Dragonite, F|
|poke|p1|Kingambit, F|
|poke|p1|Great Tusk|
|poke|p1|Latias, F|
|poke|p1|Iron Moth|
|poke|p2|Beartic, F|
|poke|p2|Abomasnow, M|
|poke|p2|Slowking-Galar, L99, M|
|poke|p2|Dondozo, M|
|poke|p2|Eiscue, M|
|poke|p2|Talonflame, F|
|teampreview
|
|t:|1779690290
|teamsize|p1|6
|teamsize|p2|6
|start
|switch|p1a: Latias|Latias, F|100/100
|switch|p2a: Abomasnow|Abomasnow, M|100/100
|-weather|Snowscape|[from] ability: Snow Warning|[of] p2a: Abomasnow
|turn|1
|
|t:|1779690298
|move|p1a: Latias|Agility|p1a: Latias
|-boost|p1a: Latias|spe|2
|move|p2a: Abomasnow|Aurora Veil|p2a: Abomasnow
|-sidestart|p2: Rubicouss|move: Aurora Veil
|
|-weather|Snowscape|[upkeep]
|upkeep
|turn|2
|
|t:|1779690304
|move|p1a: Latias|Calm Mind|p1a: Latias
|-boost|p1a: Latias|spa|1
|-boost|p1a: Latias|spd|1
|move|p2a: Abomasnow|Blizzard|p1a: Latias
|-supereffective|p1a: Latias
|-damage|p1a: Latias|64/100
|-enditem|p1a: Latias|Weakness Policy
|-boost|p1a: Latias|atk|2|[from] item: Weakness Policy
|-boost|p1a: Latias|spa|2|[from] item: Weakness Policy
|
|-weather|Snowscape|[upkeep]
|upkeep
|turn|3
|
|t:|1779690314
|-terastallize|p1a: Latias|Steel
|move|p1a: Latias|Aura Sphere|p2a: Abomasnow
|-supereffective|p2a: Abomasnow
|-damage|p2a: Abomasnow|62/100
|move|p2a: Abomasnow|Blizzard|p1a: Latias
|-resisted|p1a: Latias
|-damage|p1a: Latias|55/100
|
|-weather|Snowscape|[upkeep]
|upkeep
|turn|4
|
|t:|1779690330
|switch|p2a: Talonflame|Talonflame, F|100/100
|move|p1a: Latias|Stored Power|p2a: Talonflame
|-damage|p2a: Talonflame|0 fnt
|faint|p2a: Talonflame
|
|-weather|Snowscape|[upkeep]
|upkeep
|
|t:|1779690338
|switch|p2a: Dondozo|Dondozo, M|100/100
|turn|5
|
|t:|1779690345
|move|p1a: Latias|Stored Power|p2a: Dondozo
|-damage|p2a: Dondozo|80/100
|move|p2a: Dondozo|Body Press|p1a: Latias
|-supereffective|p1a: Latias
|-damage|p1a: Latias|24/100
|
|-weather|none
|upkeep
|turn|6
|
|t:|1779690360
|move|p1a: Latias|Stored Power|p2a: Dondozo
|-damage|p2a: Dondozo|58/100
|move|p2a: Dondozo|Body Press|p1a: Latias
|-supereffective|p1a: Latias
|-damage|p1a: Latias|0 fnt
|faint|p1a: Latias
|
|upkeep
|
|t:|1779690367
|switch|p1a: Iron Moth|Iron Moth|100/100
|-enditem|p1a: Iron Moth|Booster Energy
|-activate|p1a: Iron Moth|ability: Quark Drive|[fromitem]
|-start|p1a: Iron Moth|quarkdrivespa
|turn|7
|l|☆Marceliscool172010
|player|p1|
|j|☆Marceliscool172010
|player|p1|Marceliscool172010|170|
|
|t:|1779690408
|switch|p2a: Slowking|Slowking-Galar, L99, M|100/100
|move|p1a: Iron Moth|Substitute|p1a: Iron Moth
|-start|p1a: Iron Moth|Substitute
|-damage|p1a: Iron Moth|76/100
|
|upkeep
|turn|8
|
|t:|1779690416
|move|p1a: Iron Moth|Fiery Dance|p2a: Slowking
|-crit|p2a: Slowking
|-damage|p2a: Slowking|49/100
|move|p2a: Slowking|Future Sight|p1a: Iron Moth
|-start|p2a: Slowking|move: Future Sight
|
|-sideend|p2: Rubicouss|move: Aurora Veil
|upkeep
|turn|9
|
|t:|1779690425
|move|p1a: Iron Moth|Fiery Dance|p2a: Slowking
|-damage|p2a: Slowking|15/100
|-prepare|p2a: Slowking|Chilly Reception|[premajor]
|move|p2a: Slowking|Chilly Reception|p2a: Slowking
|-weather|Snowscape
|
|t:|1779690442
|switch|p2a: Beartic|Beartic, F|100/100|[from] Chilly Reception
|
|-weather|Snowscape|[upkeep]
|upkeep
|turn|10
|
|t:|1779690447
|-terastallize|p2a: Beartic|Water
|move|p2a: Beartic|Earthquake|p1a: Iron Moth
|-supereffective|p1a: Iron Moth
|-end|p1a: Iron Moth|Substitute
|-damage|p2a: Beartic|91/100|[from] item: Life Orb
|move|p1a: Iron Moth|Fiery Dance|p2a: Beartic
|-resisted|p2a: Beartic
|-damage|p2a: Beartic|54/100
|
|-weather|Snowscape|[upkeep]
|-end|p1a: Iron Moth|move: Future Sight
|-supereffective|p1a: Iron Moth
|-damage|p1a: Iron Moth|0 fnt
|faint|p1a: Iron Moth
|-end|p1a: Iron Moth|Quark Drive|[silent]
|upkeep
|
|t:|1779690456
|switch|p1a: Raging Bolt|Raging Bolt|100/100
|-enditem|p1a: Raging Bolt|Booster Energy
|-activate|p1a: Raging Bolt|ability: Protosynthesis|[fromitem]
|-start|p1a: Raging Bolt|protosynthesisspa
|turn|11
|
|t:|1779690478
|switch|p2a: Abomasnow|Abomasnow, M|62/100
|move|p1a: Raging Bolt|Calm Mind|p1a: Raging Bolt
|-boost|p1a: Raging Bolt|spa|1
|-boost|p1a: Raging Bolt|spd|1
|
|-weather|Snowscape|[upkeep]
|upkeep
|turn|12
|
|t:|1779690486
|move|p1a: Raging Bolt|Thunderbolt|p2a: Abomasnow
|-resisted|p2a: Abomasnow
|-damage|p2a: Abomasnow|24/100
|move|p2a: Abomasnow|Aurora Veil|p2a: Abomasnow
|-sidestart|p2: Rubicouss|move: Aurora Veil
|
|-weather|Snowscape|[upkeep]
|upkeep
|turn|13
|
|t:|1779690505
|move|p1a: Raging Bolt|Thunderbolt|p2a: Abomasnow
|-resisted|p2a: Abomasnow
|-damage|p2a: Abomasnow|6/100
|move|p2a: Abomasnow|Blizzard|p1a: Raging Bolt
|-supereffective|p1a: Raging Bolt
|-damage|p1a: Raging Bolt|62/100
|
|-weather|Snowscape|[upkeep]
|upkeep
|turn|14
|
|t:|1779690511
|move|p1a: Raging Bolt|Thunderclap|p2a: Abomasnow
|-resisted|p2a: Abomasnow
|-damage|p2a: Abomasnow|0 fnt
|faint|p2a: Abomasnow
|
|-weather|Snowscape|[upkeep]
|upkeep
|
|t:|1779690518
|switch|p2a: Slowking|Slowking-Galar, L99, M|48/100
|turn|15
|
|t:|1779690523
|move|p1a: Raging Bolt|Thunderbolt|p2a: Slowking
|-damage|p2a: Slowking|14/100
|move|p2a: Slowking|Toxic|p1a: Raging Bolt
|-status|p1a: Raging Bolt|tox
|
|-weather|Snowscape|[upkeep]
|-damage|p1a: Raging Bolt|56/100 tox|[from] psn
|upkeep
|turn|16
|
|t:|1779690537
|switch|p2a: Beartic|Beartic, F, tera:Water|54/100
|move|p1a: Raging Bolt|Thunderbolt|p2a: Beartic
|-supereffective|p2a: Beartic
|-damage|p2a: Beartic|0 fnt
|faint|p2a: Beartic
|
|-weather|none
|-damage|p1a: Raging Bolt|43/100 tox|[from] psn
|upkeep
|
|t:|1779690561
|switch|p2a: Slowking|Slowking-Galar, L99, M|48/100
|turn|17
|
|t:|1779690581
|move|p1a: Raging Bolt|Draco Meteor|p2a: Slowking
|-damage|p2a: Slowking|4/100
|-unboost|p1a: Raging Bolt|spa|2
|move|p2a: Slowking|Sludge Bomb|p1a: Raging Bolt
|-damage|p1a: Raging Bolt|25/100 tox
|
|-damage|p1a: Raging Bolt|7/100 tox|[from] psn
|upkeep
|turn|18
|
|t:|1779690589
|move|p1a: Raging Bolt|Thunderbolt|p2a: Slowking
|-damage|p2a: Slowking|0 fnt
|faint|p2a: Slowking
|
|-damage|p1a: Raging Bolt|0 fnt|[from] psn
|faint|p1a: Raging Bolt
|-end|p1a: Raging Bolt|Protosynthesis|[silent]
|upkeep
|
|t:|1779690598
|switch|p1a: Kingambit|Kingambit, F, shiny|100/100
|switch|p2a: Eiscue|Eiscue, M|100/100
|-activate|p1a: Kingambit|ability: Supreme Overlord
|-start|p1a: Kingambit|fallen3|[silent]
|turn|19
|
|t:|1779690610
|move|p2a: Eiscue|Substitute|p2a: Eiscue
|-start|p2a: Eiscue|Substitute
|-damage|p2a: Eiscue|76/100
|move|p1a: Kingambit|Swords Dance|p1a: Kingambit
|-boost|p1a: Kingambit|atk|2
|
|-sideend|p2: Rubicouss|move: Aurora Veil
|upkeep
|turn|20
|
|t:|1779690615
|move|p2a: Eiscue|Belly Drum|p2a: Eiscue
|-damage|p2a: Eiscue|26/100
|-setboost|p2a: Eiscue|atk|6|[from] move: Belly Drum
|move|p1a: Kingambit|Kowtow Cleave|p2a: Eiscue
|-end|p2a: Eiscue|Substitute
|
|upkeep
|turn|21
|
|t:|1779690624
|move|p2a: Eiscue|Liquidation|p1a: Kingambit
|-damage|p1a: Kingambit|39/100
|move|p1a: Kingambit|Kowtow Cleave|p2a: Eiscue
|-activate|p2a: Eiscue|ability: Ice Face
|-damage|p2a: Eiscue|26/100
|detailschange|p2a: Eiscue|Eiscue-Noice, M
|
|upkeep
|turn|22
|
|t:|1779690631
|move|p2a: Eiscue|Substitute|p2a: Eiscue
|-start|p2a: Eiscue|Substitute
|-damage|p2a: Eiscue|1/100
|-enditem|p2a: Eiscue|Salac Berry|[eat]
|-boost|p2a: Eiscue|spe|1|[from] item: Salac Berry
|move|p1a: Kingambit|Iron Head|p2a: Eiscue
|-supereffective|p2a: Eiscue
|-end|p2a: Eiscue|Substitute
|
|upkeep
|turn|23
|
|t:|1779690641
|move|p1a: Kingambit|Sucker Punch|p2a: Eiscue
|-damage|p2a: Eiscue|0 fnt
|faint|p2a: Eiscue
|
|upkeep
|
|t:|1779690644
|switch|p2a: Dondozo|Dondozo, M|58/100
|turn|24
|
|t:|1779690648
|move|p1a: Kingambit|Sucker Punch||[still]
|-fail|p1a: Kingambit
|move|p2a: Dondozo|Rest|p2a: Dondozo
|-status|p2a: Dondozo|slp|[from] move: Rest
|-heal|p2a: Dondozo|100/100 slp|[silent]
|-enditem|p2a: Dondozo|Chesto Berry|[eat]
|-curestatus|p2a: Dondozo|slp|[msg]
|
|upkeep
|turn|25
|
|t:|1779690656
|move|p1a: Kingambit|Sucker Punch|p2a: Dondozo
|-damage|p2a: Dondozo|59/100
|move|p2a: Dondozo|Body Press|p1a: Kingambit
|-supereffective|p1a: Kingambit
|-damage|p1a: Kingambit|0 fnt
|faint|p1a: Kingambit
|-end|p1a: Kingambit|fallen3|[silent]
|
|upkeep
|
|t:|1779690666
|switch|p1a: Dragonite|Dragonite, F|100/100
|turn|26
|
|t:|1779690670
|move|p1a: Dragonite|Dragon Dance|p1a: Dragonite
|-boost|p1a: Dragonite|atk|1
|-boost|p1a: Dragonite|spe|1
|move|p2a: Dondozo|Curse|p2a: Dondozo
|-unboost|p2a: Dondozo|spe|1
|-boost|p2a: Dondozo|atk|1
|-boost|p2a: Dondozo|def|1
|
|upkeep
|turn|27
|
|t:|1779690676
|move|p1a: Dragonite|Extreme Speed|p2a: Dondozo
|-damage|p2a: Dondozo|46/100
|move|p2a: Dondozo|Curse|p2a: Dondozo
|-unboost|p2a: Dondozo|spe|1
|-boost|p2a: Dondozo|atk|1
|-boost|p2a: Dondozo|def|1
|
|upkeep
|turn|28
|
|t:|1779690682
|move|p1a: Dragonite|Earthquake|p2a: Dondozo
|-damage|p2a: Dondozo|34/100
|move|p2a: Dondozo|Curse|p2a: Dondozo
|-unboost|p2a: Dondozo|spe|1
|-boost|p2a: Dondozo|atk|1
|-boost|p2a: Dondozo|def|1
|
|upkeep
|turn|29
|
|t:|1779690687
|move|p1a: Dragonite|Fire Punch|p2a: Dondozo
|-resisted|p2a: Dondozo
|-damage|p2a: Dondozo|30/100
|move|p2a: Dondozo|Curse|p2a: Dondozo
|-unboost|p2a: Dondozo|spe|1
|-boost|p2a: Dondozo|atk|1
|-boost|p2a: Dondozo|def|1
|
|upkeep
|turn|30
|
|t:|1779690697
|move|p1a: Dragonite|Extreme Speed|p2a: Dondozo
|-damage|p2a: Dondozo|24/100
|move|p2a: Dondozo|Curse|p2a: Dondozo
|-unboost|p2a: Dondozo|spe|1
|-boost|p2a: Dondozo|atk|1
|-boost|p2a: Dondozo|def|1
|
|upkeep
|turn|31
|
|t:|1779690702
|switch|p1a: Great Tusk|Great Tusk|100/100
|move|p2a: Dondozo|Curse|p2a: Dondozo
|-unboost|p2a: Dondozo|spe|1
|-boost|p2a: Dondozo|atk|1
|-boost|p2a: Dondozo|def|1
|
|upkeep
|turn|32
|
|t:|1779690707
|move|p1a: Great Tusk|Headlong Rush|p2a: Dondozo
|-damage|p2a: Dondozo|15/100
|-unboost|p1a: Great Tusk|def|1
|-unboost|p1a: Great Tusk|spd|1
|move|p2a: Dondozo|Rest|p2a: Dondozo
|-status|p2a: Dondozo|slp|[from] move: Rest
|-heal|p2a: Dondozo|100/100 slp|[silent]
|
|upkeep
|turn|33
|
|t:|1779690716
|move|p1a: Great Tusk|Headlong Rush|p2a: Dondozo
|-damage|p2a: Dondozo|93/100 slp
|-unboost|p1a: Great Tusk|def|1
|-unboost|p1a: Great Tusk|spd|1
|cant|p2a: Dondozo|slp
|
|upkeep
|turn|34
|
|t:|1779690722
|-end|p1a: Great Tusk|Protosynthesis|[silent]
|switch|p1a: Dragonite|Dragonite, F|100/100
|cant|p2a: Dondozo|slp
|
|upkeep
|turn|35
|
|t:|1779690728
|move|p1a: Dragonite|Dragon Dance|p1a: Dragonite
|-boost|p1a: Dragonite|atk|1
|-boost|p1a: Dragonite|spe|1
|-curestatus|p2a: Dondozo|slp|[msg]
|move|p2a: Dondozo|Liquidation|p1a: Dragonite
|-resisted|p1a: Dragonite
|-damage|p1a: Dragonite|66/100
|-unboost|p1a: Dragonite|def|1
|
|upkeep
|turn|36
|
|t:|1779690735
|move|p1a: Dragonite|Dragon Dance|p1a: Dragonite
|-boost|p1a: Dragonite|atk|1
|-boost|p1a: Dragonite|spe|1
|move|p2a: Dondozo|Body Press|p1a: Dragonite
|-resisted|p1a: Dragonite
|-damage|p1a: Dragonite|19/100
|
|upkeep
|turn|37
|
|t:|1779690739
|move|p1a: Dragonite|Extreme Speed|p2a: Dondozo
|-damage|p2a: Dondozo|88/100
|move|p2a: Dondozo|Body Press|p1a: Dragonite
|-resisted|p1a: Dragonite
|-damage|p1a: Dragonite|0 fnt
|faint|p1a: Dragonite
|
|upkeep
|-message|Marceliscool172010 forfeited.
|
|win|Rubicouss
|raw|Marceliscool172010's rating: 1309 &rarr; <strong>1294</strong><br />(-15 for losing)
|raw|Rubicouss's rating: 1393 &rarr; <strong>1408</strong><br />(+15 for winning)
|l|☆Marceliscool172010
|player|p1|
|l|☆Rubicouss
|player|p2|
