|j|☆Regikick&&
|j|☆OnceWasn'tDead
|t:|1779583015
|gametype|singles
|player|p1|Regikick&&|2|1032
|player|p2|OnceWasn'tDead|102|1000
|gen|9
|tier|[Gen 9] OU
|rated|
|rule|HP Percentage Mod: HP is shown in percentages
|rule|Endless Battle Clause: Forcing endless battles is banned
|rule|Species Clause: Limit one of each Pokémon
|rule|OHKO Clause: OHKO moves are banned
|rule|Evasion Items Clause: Evasion items are banned
|rule|Evasion Moves Clause: Evasion moves are banned
|rule|Evasion Abilities Clause: Evasion abilities are banned
|rule|Sleep Moves Clause: Sleep-inducing moves are banned
|clearpoke
|poke|p1|Dragonite, F|
|poke|p1|Grafaiai, F|
|poke|p1|Iron Valiant|
|poke|p1|Garganacl, F|
|poke|p1|Quaquaval, F|
|poke|p1|Slowbro-Galar, F|
|poke|p2|Garchomp, M|
|poke|p2|Darkrai|
|poke|p2|Corviknight, F|
|poke|p2|Slowking-Galar, M|
|poke|p2|Gliscor, M|
|poke|p2|Iron Moth|
|teampreview
|inactive|Battle timer is ON: inactive players will automatically lose when time's up. (requested by Regikick&&)
|
|t:|1779583046
|teamsize|p1|6
|teamsize|p2|6
|start
|switch|p1a: Grafaiai|Grafaiai, F|100/100
|switch|p2a: Gliscor|Gliscor, M|100/100
|turn|1
|
|t:|1779583054
|move|p2a: Gliscor|Protect|p2a: Gliscor
|-singleturn|p2a: Gliscor|Protect
|move|p1a: Grafaiai|Switcheroo|p2a: Gliscor
|-activate|p2a: Gliscor|move: Protect
|
|-status|p2a: Gliscor|tox|[from] item: Toxic Orb
|upkeep
|turn|2
|
|t:|1779583064
|switch|p1a: Dragonite|Dragonite, F, shiny|100/100
|move|p2a: Gliscor|Stealth Rock|p1a: Dragonite
|-sidestart|p1: Regikick&&|move: Stealth Rock
|
|upkeep
|turn|3
|
|t:|1779583076
|move|p1a: Dragonite|Dragon Dance|p1a: Dragonite
|-boost|p1a: Dragonite|atk|1
|-boost|p1a: Dragonite|spe|1
|move|p2a: Gliscor|Knock Off|p1a: Dragonite
|-damage|p1a: Dragonite|90/100
|-enditem|p1a: Dragonite|Loaded Dice|[from] move: Knock Off|[of] p2a: Gliscor
|
|upkeep
|turn|4
|
|t:|1779583084
|switch|p2a: Corviknight|Corviknight, F|100/100
|move|p1a: Dragonite|Extreme Speed|p2a: Corviknight
|-resisted|p2a: Corviknight
|-damage|p2a: Corviknight|87/100
|-damage|p1a: Dragonite|73/100|[from] item: Rocky Helmet|[of] p2a: Corviknight
|
|upkeep
|turn|5
|
|t:|1779583101
|switch|p1a: Slowbro|Slowbro-Galar, F|100/100
|-damage|p1a: Slowbro|88/100|[from] Stealth Rock
|move|p2a: Corviknight|Roost|p2a: Corviknight
|-heal|p2a: Corviknight|100/100
|-singleturn|p2a: Corviknight|move: Roost
|
|upkeep
|turn|6
|
|t:|1779583111
|move|p2a: Corviknight|U-turn|p1a: Slowbro
|-damage|p1a: Slowbro|76/100
|
|t:|1779583117
|switch|p2a: Slowking|Slowking-Galar, M|100/100|[from] U-turn
|move|p1a: Slowbro|Nasty Plot|p1a: Slowbro
|-boost|p1a: Slowbro|spa|2
|
|upkeep
|turn|7
|
|t:|1779583129
|move|p2a: Slowking|Thunder Wave|p1a: Slowbro
|-status|p1a: Slowbro|par
|move|p1a: Slowbro|Ice Beam|p2a: Slowking
|-damage|p2a: Slowking|65/100
|
|-heal|p2a: Slowking|72/100|[from] item: Leftovers
|upkeep
|turn|8
|-activate|p1a: Slowbro|ability: Quick Draw
|
|t:|1779583143
|cant|p1a: Slowbro|par
|move|p2a: Slowking|Future Sight|p1a: Slowbro
|-start|p2a: Slowking|move: Future Sight
|
|-heal|p2a: Slowking|78/100|[from] item: Leftovers
|upkeep
|turn|9
|-message|Regikick&& forfeited.
|
|win|OnceWasn'tDead
|raw|Regikick&amp;&amp;'s rating: 1032 &rarr; <strong>1016</strong><br />(-16 for losing)
|raw|OnceWasn&apos;tDead's rating: 1000 &rarr; <strong>1044</strong><br />(+44 for winning)
|l|☆Regikick&&
|player|p1|
