|j|☆psbannedmyname
|j|‽ekekdkdmdmwksl
|t:|1779558585
|gametype|singles
|player|p1|psbannedmyname|crasherwake|1303
|player|p2|ekekdkdmdmwksl|101|1262
|gen|9
|tier|[Gen 9] OU
|rated|
|rule|HP Percentage Mod: HP is shown in percentages
|rule|Endless Battle Clause: Forcing endless battles is banned
|rule|Species Clause: Limit one of each Pokémon
|rule|OHKO Clause: OHKO moves are banned
|rule|Evasion Items Clause: Evasion items are banned
|rule|Evasion Moves Clause: Evasion moves are banned
|rule|Evasion Abilities Clause: Evasion abilities are banned
|rule|Sleep Moves Clause: Sleep-inducing moves are banned
|clearpoke
|poke|p1|Chandelure, F|
|poke|p1|Tinkaton, F|
|poke|p1|Great Tusk|
|poke|p1|Deoxys-Defense|
|poke|p1|Gholdengo|
|poke|p1|Feraligatr, F|
|poke|p2|Scrafty, M|
|poke|p2|Volbeat, M|
|poke|p2|Hoopa-Unbound|
|poke|p2|Hatterene, F|
|poke|p2|Registeel|
|poke|p2|Iron Moth|
|teampreview
|inactive|Battle timer is ON: inactive players will automatically lose when time's up. (requested by ekekdkdmdmwksl)
|
|t:|1779558607
|teamsize|p1|6
|teamsize|p2|6
|start
|switch|p1a: Feraligatr|Feraligatr, F|100/100
|switch|p2a: Volbeat|Volbeat, M, shiny|100/100
|turn|1
|
|t:|1779558611
|move|p2a: Volbeat|Thunder Wave|p1a: Feraligatr
|-status|p1a: Feraligatr|par
|move|p1a: Feraligatr|Liquidation|p2a: Volbeat
|-damage|p2a: Volbeat|28/100
|
|upkeep
|turn|2
|
|t:|1779558629
|move|p2a: Volbeat|Roost|p2a: Volbeat
|-heal|p2a: Volbeat|78/100
|-singleturn|p2a: Volbeat|move: Roost
|move|p1a: Feraligatr|Liquidation|p2a: Volbeat
|-damage|p2a: Volbeat|8/100
|
|upkeep
|turn|3
|inactive|ekekdkdmdmwksl has 120 seconds left.
|
|t:|1779558658
|switch|p2a: Registeel|Registeel|100/100
|move|p1a: Feraligatr|Liquidation|p2a: Registeel
|-damage|p2a: Registeel|54/100
|
|upkeep
|turn|4
|l|☆psbannedmyname
|inactive|psbannedmyname disconnected and has a minute to reconnect!
|player|p1|
|j|☆psbannedmyname
|inactive|psbannedmyname reconnected and has 140 seconds left.
|player|p1|psbannedmyname|crasherwake|
|
|t:|1779558670
|move|p2a: Registeel|Iron Defense|p2a: Registeel
|-boost|p2a: Registeel|def|2
|cant|p1a: Feraligatr|par
|
|upkeep
|turn|5
|
|t:|1779558676
|switch|p1a: Chandelure|Chandelure, F|100/100
|move|p2a: Registeel|Iron Defense|p2a: Registeel
|-boost|p2a: Registeel|def|2
|
|upkeep
|turn|6
|
|t:|1779558689
|switch|p2a: Scrafty|Scrafty, M|100/100
|move|p1a: Chandelure|Trick|p2a: Scrafty
|-activate|p1a: Chandelure|move: Trick|[of] p2a: Scrafty
|-item|p2a: Scrafty|Choice Specs|[from] move: Trick
|-item|p1a: Chandelure|Leftovers|[from] move: Trick
|
|upkeep
|turn|7
|
|t:|1779558696
|switch|p1a: Feraligatr|Feraligatr, F|100/100 par
|move|p2a: Scrafty|Knock Off|p1a: Feraligatr
|-damage|p1a: Feraligatr|60/100 par
|-enditem|p1a: Feraligatr|Life Orb|[from] move: Knock Off|[of] p2a: Scrafty
|
|upkeep
|turn|8
|
|t:|1779558701
|move|p2a: Scrafty|Knock Off|p1a: Feraligatr
|-damage|p1a: Feraligatr|32/100 par
|cant|p1a: Feraligatr|par
|
|upkeep
|turn|9
|
|t:|1779558705
|move|p2a: Scrafty|Knock Off|p1a: Feraligatr
|-damage|p1a: Feraligatr|4/100 par
|move|p1a: Feraligatr|Liquidation|p2a: Scrafty
|-damage|p2a: Scrafty|42/100
|
|upkeep
|turn|10
|
|t:|1779558710
|move|p2a: Scrafty|Knock Off|p1a: Feraligatr
|-damage|p1a: Feraligatr|0 fnt
|faint|p1a: Feraligatr
|
|upkeep
|
|t:|1779558724
|switch|p1a: Tinkaton|Tinkaton, F|100/100
|-item|p1a: Tinkaton|Air Balloon
|turn|11
|
|t:|1779558729
|move|p1a: Tinkaton|Gigaton Hammer|p2a: Scrafty
|-damage|p2a: Scrafty|0 fnt
|faint|p2a: Scrafty
|
|upkeep
|
|t:|1779558732
|switch|p2a: Iron Moth|Iron Moth|100/100
|-enditem|p2a: Iron Moth|Booster Energy
|-activate|p2a: Iron Moth|ability: Quark Drive|[fromitem]
|-start|p2a: Iron Moth|quarkdrivespa
|turn|12
|
|t:|1779558748
|-terastallize|p1a: Tinkaton|Water
|move|p2a: Iron Moth|Sludge Wave|p1a: Tinkaton
|-damage|p1a: Tinkaton|41/100
|-enditem|p1a: Tinkaton|Air Balloon
|move|p1a: Tinkaton|Swords Dance|p1a: Tinkaton
|-boost|p1a: Tinkaton|atk|2
|
|upkeep
|turn|13
|
|t:|1779558755
|move|p2a: Iron Moth|Sludge Wave|p1a: Tinkaton
|-damage|p1a: Tinkaton|0 fnt
|faint|p1a: Tinkaton
|
|upkeep
|
|t:|1779558759
|switch|p1a: Chandelure|Chandelure, F|100/100
|turn|14
|
|t:|1779558766
|move|p2a: Iron Moth|Sludge Wave|p1a: Chandelure
|-resisted|p1a: Chandelure
|-damage|p1a: Chandelure|50/100
|move|p1a: Chandelure|Shadow Ball|p2a: Iron Moth
|-damage|p2a: Iron Moth|51/100
|
|-heal|p1a: Chandelure|56/100|[from] item: Leftovers
|upkeep
|turn|15
|
|t:|1779558772
|move|p2a: Iron Moth|Sludge Wave|p1a: Chandelure
|-resisted|p1a: Chandelure
|-damage|p1a: Chandelure|10/100
|move|p1a: Chandelure|Shadow Ball|p2a: Iron Moth
|-damage|p2a: Iron Moth|5/100
|
|-heal|p1a: Chandelure|16/100|[from] item: Leftovers
|upkeep
|turn|16
|
|t:|1779558777
|move|p2a: Iron Moth|Sludge Wave|p1a: Chandelure
|-resisted|p1a: Chandelure
|-damage|p1a: Chandelure|0 fnt
|faint|p1a: Chandelure
|
|upkeep
|
|t:|1779558780
|switch|p1a: Deoxys|Deoxys-Defense|100/100
|-ability|p1a: Deoxys|Pressure
|turn|17
|
|t:|1779558785
|move|p2a: Iron Moth|Fiery Dance|p1a: Deoxys
|-damage|p1a: Deoxys|63/100
|move|p1a: Deoxys|Psychic Noise|p2a: Iron Moth
|-supereffective|p2a: Iron Moth
|-damage|p2a: Iron Moth|0 fnt
|faint|p2a: Iron Moth
|-end|p2a: Iron Moth|Quark Drive|[silent]
|
|-heal|p1a: Deoxys|69/100|[from] item: Leftovers
|upkeep
|
|t:|1779558790
|switch|p2a: Hoopa|Hoopa-Unbound|100/100
|turn|18
|inactive|psbannedmyname has 120 seconds left.
|
|t:|1779558829
|move|p2a: Hoopa|Dark Pulse|p1a: Deoxys
|-supereffective|p1a: Deoxys
|-damage|p1a: Deoxys|0 fnt
|faint|p1a: Deoxys
|
|upkeep
|
|t:|1779558830
|switch|p1a: Great Tusk|Great Tusk|100/100
|turn|19
|
|t:|1779558839
|switch|p2a: Registeel|Registeel|54/100
|move|p1a: Great Tusk|Headlong Rush|p2a: Registeel
|-supereffective|p2a: Registeel
|-damage|p2a: Registeel|0 fnt
|-unboost|p1a: Great Tusk|def|1
|-unboost|p1a: Great Tusk|spd|1
|faint|p2a: Registeel
|
|upkeep
|
|t:|1779558848
|switch|p2a: Hoopa|Hoopa-Unbound|100/100
|turn|20
|
|t:|1779558854
|move|p1a: Great Tusk|Headlong Rush|p2a: Hoopa
|-damage|p2a: Hoopa|15/100
|-unboost|p1a: Great Tusk|def|1
|-unboost|p1a: Great Tusk|spd|1
|move|p2a: Hoopa|Psychic|p1a: Great Tusk
|-supereffective|p1a: Great Tusk
|-damage|p1a: Great Tusk|0 fnt
|faint|p1a: Great Tusk
|-end|p1a: Great Tusk|Protosynthesis|[silent]
|
|upkeep
|
|t:|1779558857
|switch|p1a: Gholdengo|Gholdengo|100/100
|-item|p1a: Gholdengo|Air Balloon
|turn|21
|
|t:|1779558863
|move|p1a: Gholdengo|Shadow Ball|p2a: Hoopa
|-damage|p2a: Hoopa|0 fnt
|faint|p2a: Hoopa
|
|upkeep
|
|t:|1779558866
|switch|p2a: Volbeat|Volbeat, M, shiny|8/100
|turn|22
|
|t:|1779558869
|move|p2a: Volbeat|Thunder Wave|p1a: Gholdengo
|-immune|p1a: Gholdengo|[from] ability: Good as Gold
|move|p1a: Gholdengo|Shadow Ball|p2a: Volbeat
|-damage|p2a: Volbeat|0 fnt
|faint|p2a: Volbeat
|
|upkeep
|
|t:|1779558872
|switch|p2a: Hatterene|Hatterene, F|100/100
|turn|23
|
|t:|1779558877
|-terastallize|p2a: Hatterene|Fire
|move|p1a: Gholdengo|Nasty Plot|p1a: Gholdengo
|-boost|p1a: Gholdengo|spa|2
|move|p2a: Hatterene|Mystical Fire|p1a: Gholdengo
|-supereffective|p1a: Gholdengo
|-damage|p1a: Gholdengo|27/100
|-unboost|p1a: Gholdengo|spa|1
|-enditem|p1a: Gholdengo|Air Balloon
|
|upkeep
|turn|24
|
|t:|1779558881
|move|p1a: Gholdengo|Shadow Ball|p2a: Hatterene
|-damage|p2a: Hatterene|37/100
|-unboost|p2a: Hatterene|spd|1
|move|p2a: Hatterene|Mystical Fire|p1a: Gholdengo
|-supereffective|p1a: Gholdengo
|-damage|p1a: Gholdengo|0 fnt
|faint|p1a: Gholdengo
|
|win|ekekdkdmdmwksl
|raw|psbannedmyname's rating: 1303 &rarr; <strong>1281</strong><br />(-22 for losing)
|raw|ekekdkdmdmwksl's rating: 1262 &rarr; <strong>1290</strong><br />(+28 for winning)
|l|☆psbannedmyname
|player|p1|
|l|‽ekekdkdmdmwksl
|player|p2|
