|j|‽Ggfggvv
|j|☆shaqshaqshaq
|t:|1779584595
|gametype|singles
|player|p1|Ggfggvv|norman|1105
|player|p2|shaqshaqshaq|iris-gen5bw2|1120
|gen|9
|tier|[Gen 9] OU
|rated|
|rule|HP Percentage Mod: HP is shown in percentages
|rule|Endless Battle Clause: Forcing endless battles is banned
|rule|Species Clause: Limit one of each Pokémon
|rule|OHKO Clause: OHKO moves are banned
|rule|Evasion Items Clause: Evasion items are banned
|rule|Evasion Moves Clause: Evasion moves are banned
|rule|Evasion Abilities Clause: Evasion abilities are banned
|rule|Sleep Moves Clause: Sleep-inducing moves are banned
|clearpoke
|poke|p1|Braviary, M|
|poke|p1|Grafaiai, M|
|poke|p1|Zoroark-Hisui, M|
|poke|p1|Noctowl, M|
|poke|p1|Wyrdeer, M|
|poke|p1|Ursaluna, F|
|poke|p2|Slowking-Galar, M|
|poke|p2|Alomomola, M|
|poke|p2|Great Tusk|
|poke|p2|Ogerpon-Wellspring, F|
|poke|p2|Enamorus, F|
|poke|p2|Kingambit, F|
|teampreview
|inactive|Battle timer is ON: inactive players will automatically lose when time's up. (requested by shaqshaqshaq)
|inactive|Ggfggvv also wants the timer to be on.
|
|t:|1779584609
|teamsize|p1|6
|teamsize|p2|6
|start
|switch|p1a: Noctowl|Noctowl, M, shiny|100/100
|switch|p2a: elephantoes|Great Tusk|100/100
|turn|1
|
|t:|1779584620
|move|p2a: elephantoes|Stealth Rock|p1a: Noctowl
|-sidestart|p1: Ggfggvv|move: Stealth Rock
|move|p1a: Noctowl|Hurricane|p2a: elephantoes
|-supereffective|p2a: elephantoes
|-damage|p2a: elephantoes|0 fnt
|faint|p2a: elephantoes
|-end|p2a: elephantoes|Protosynthesis|[silent]
|
|upkeep
|
|t:|1779584636
|switch|p2a: my glorious king|Slowking-Galar, M|100/100
|turn|2
|
|t:|1779584647
|move|p1a: Noctowl|Hurricane|p2a: my glorious king
|-damage|p2a: my glorious king|59/100
|move|p2a: my glorious king|Future Sight|p1a: Noctowl
|-start|p2a: my glorious king|move: Future Sight
|
|upkeep
|turn|3
|
|t:|1779584657
|move|p1a: Noctowl|Hurricane|p2a: my glorious king
|-damage|p2a: my glorious king|20/100
|move|p2a: my glorious king|Thunder Wave|p1a: Noctowl
|-status|p1a: Noctowl|par
|
|upkeep
|turn|4
|
|t:|1779584664
|switch|p2a: flush down toilet|Alomomola, M|100/100
|move|p1a: Noctowl|Hurricane|p2a: flush down toilet|[miss]
|-miss|p1a: Noctowl|p2a: flush down toilet
|
|-end|p1a: Noctowl|move: Future Sight
|-damage|p1a: Noctowl|64/100 par
|upkeep
|turn|5
|
|t:|1779584669
|move|p2a: flush down toilet|Wish|p2a: flush down toilet
|cant|p1a: Noctowl|par
|
|upkeep
|turn|6
|
|t:|1779584677
|move|p2a: flush down toilet|Flip Turn|p1a: Noctowl
|-damage|p1a: Noctowl|39/100 par
|
|t:|1779584678
|switch|p2a: my glorious king|Slowking-Galar, M|53/100|[from] Flip Turn
|move|p1a: Noctowl|Hurricane|p2a: my glorious king
|-damage|p2a: my glorious king|13/100
|-start|p2a: my glorious king|confusion
|
|-heal|p2a: my glorious king|81/100|[from] move: Wish|[wisher] flush down toilet
|upkeep
|turn|7
|
|t:|1779584685
|switch|p2a: flush down toilet|Alomomola, M|100/100
|move|p1a: Noctowl|Hurricane|p2a: flush down toilet
|-damage|p2a: flush down toilet|21/100
|-start|p2a: flush down toilet|confusion
|
|upkeep
|turn|8
|
|t:|1779584693
|switch|p2a: my glorious king|Slowking-Galar, M|100/100
|cant|p1a: Noctowl|par
|
|upkeep
|turn|9
|
|t:|1779584697
|move|p1a: Noctowl|Hurricane|p2a: my glorious king|[miss]
|-miss|p1a: Noctowl|p2a: my glorious king
|move|p2a: my glorious king|Sludge Bomb|p1a: Noctowl
|-damage|p1a: Noctowl|11/100 par
|
|upkeep
|turn|10
|
|t:|1779584701
|move|p1a: Noctowl|Hurricane|p2a: my glorious king|[miss]
|-miss|p1a: Noctowl|p2a: my glorious king
|move|p2a: my glorious king|Sludge Bomb|p1a: Noctowl
|-damage|p1a: Noctowl|0 fnt
|faint|p1a: Noctowl
|
|upkeep
|
|t:|1779584706
|switch|p1a: Wyrdeer|Wyrdeer, M, shiny|100/100
|-damage|p1a: Wyrdeer|88/100|[from] Stealth Rock
|-ability|p1a: Wyrdeer|Intimidate|boost
|-unboost|p2a: my glorious king|atk|1
|turn|11
|
|t:|1779584716
|move|p1a: Wyrdeer|Future Sight|p2a: my glorious king
|-start|p1a: Wyrdeer|move: Future Sight
|move|p2a: my glorious king|Thunder Wave|p1a: Wyrdeer
|-status|p1a: Wyrdeer|par
|
|upkeep
|turn|12
|
|t:|1779584723
|move|p1a: Wyrdeer|Earth Power|p2a: my glorious king
|-supereffective|p2a: my glorious king
|-damage|p2a: my glorious king|59/100
|move|p2a: my glorious king|Future Sight|p1a: Wyrdeer
|-start|p2a: my glorious king|move: Future Sight
|
|upkeep
|turn|13
|
|t:|1779584734
|switch|p2a: knife head|Kingambit, F|100/100
|-activate|p2a: knife head|ability: Supreme Overlord
|-start|p2a: knife head|fallen1|[silent]
|move|p1a: Wyrdeer|Earth Power|p2a: knife head
|-supereffective|p2a: knife head
|-damage|p2a: knife head|24/100
|
|-end|p2a: knife head|move: Future Sight
|-immune|p2a: knife head
|-heal|p2a: knife head|30/100|[from] item: Leftovers
|upkeep
|turn|14
|
|t:|1779584740
|move|p2a: knife head|Kowtow Cleave|p1a: Wyrdeer
|-supereffective|p1a: Wyrdeer
|-damage|p1a: Wyrdeer|0 fnt
|faint|p1a: Wyrdeer
|
|-hint|Future Sight did not hit because the target is fainted.
|-heal|p2a: knife head|36/100|[from] item: Leftovers
|upkeep
|
|t:|1779584749
|switch|p1a: Ursaluna|Ursaluna, F, shiny|100/100
|-damage|p1a: Ursaluna|88/100|[from] Stealth Rock
|turn|15
|
|t:|1779584758
|-end|p2a: knife head|fallen1|[silent]
|switch|p2a: flush down toilet|Alomomola, M|54/100
|move|p1a: Ursaluna|Flamethrower|p2a: flush down toilet
|-resisted|p2a: flush down toilet
|-damage|p2a: flush down toilet|36/100
|
|upkeep
|turn|16
|
|t:|1779584770
|move|p2a: flush down toilet|Protect|p2a: flush down toilet
|-singleturn|p2a: flush down toilet|Protect
|move|p1a: Ursaluna|Bitter Malice|p2a: flush down toilet
|-activate|p2a: flush down toilet|move: Protect
|
|upkeep
|turn|17
|c|☆shaqshaqshaq|!dt bitter malice
|c|☆shaqshaqshaq|/raw <ul class="utilichart"><li class="result"><span class="col movenamecol"><a href="https://dex.pokemonshowdown.com/moves/bittermalice">Bitter Malice</a></span> <span class="col typecol"><img src="//play.pokemonshowdown.com/sprites/types/Ghost.png" alt="Ghost" width="32" height="14"><img src="//play.pokemonshowdown.com/sprites/categories/Special.png" alt="Special" width="32" height="14"></span> <span class="col labelcol"><em>Power</em><br>75</span> <span class="col widelabelcol"><em>Accuracy</em><br>100%</span> <span class="col pplabelcol"><em>PP</em><br>16</span> <span class="col movedesccol">100% chance to lower the target's Attack by 1.</span> </li><li style="clear:both"></li></ul>
|c|☆shaqshaqshaq|/raw <font size="1"><font color="#686868">Priority:</font> 0&nbsp;|&ThickSpace;<font color="#686868">Gen:</font> 9&nbsp;|&ThickSpace;&#10003; Boosted by Sheer Force&nbsp;|&ThickSpace;<font color="#686868">Z-Power:</font> 140&nbsp;|&ThickSpace;<font color="#686868">Target:</font> One Adjacent Pokémon</font>

|
|t:|1779584791
|switch|p2a: my glorious king|Slowking-Galar, M|92/100
|move|p1a: Ursaluna|Bitter Malice|p2a: my glorious king
|-supereffective|p2a: my glorious king
|-damage|p2a: my glorious king|39/100
|-unboost|p2a: my glorious king|atk|1
|
|upkeep
|turn|18
|
|t:|1779584806
|move|p1a: Ursaluna|Bitter Malice|p2a: my glorious king
|-supereffective|p2a: my glorious king
|-damage|p2a: my glorious king|0 fnt
|faint|p2a: my glorious king
|
|upkeep
|
|t:|1779584810
|switch|p2a: scared of covid|Ogerpon-Wellspring, F|100/100
|turn|19
|
|t:|1779584823
|move|p1a: Ursaluna|Bitter Malice|p2a: scared of covid
|-damage|p2a: scared of covid|55/100
|-unboost|p2a: scared of covid|atk|1
|move|p2a: scared of covid|Ivy Cudgel|p1a: Ursaluna|[anim] Ivy Cudgel Water
|-damage|p1a: Ursaluna|1/100
|replace|p1a: Zoroark|Zoroark-Hisui, M, shiny
|-end|p1a: Zoroark|Illusion
|
|upkeep
|turn|20
|
|t:|1779584838
|move|p1a: Zoroark|Bitter Malice|p2a: scared of covid
|-damage|p2a: scared of covid|11/100
|-unboost|p2a: scared of covid|atk|1
|move|p2a: scared of covid|U-turn|p1a: Zoroark
|-resisted|p1a: Zoroark
|-damage|p1a: Zoroark|0 fnt
|faint|p1a: Zoroark
|
|t:|1779584841
|switch|p2a: flush down toilet|Alomomola, M|70/100|[from] U-turn
|
|upkeep
|
|t:|1779584857
|switch|p1a: Grafaiai|Grafaiai, M, shiny|100/100
|-damage|p1a: Grafaiai|88/100|[from] Stealth Rock
|turn|21
|
|t:|1779584869
|move|p1a: Grafaiai|Knock Off|p2a: flush down toilet
|-damage|p2a: flush down toilet|55/100
|-damage|p1a: Grafaiai|72/100|[from] item: Rocky Helmet|[of] p2a: flush down toilet
|-enditem|p2a: flush down toilet|Rocky Helmet|[from] move: Knock Off|[of] p1a: Grafaiai
|move|p2a: flush down toilet|Wish|p2a: flush down toilet
|
|upkeep
|turn|22
|
|t:|1779584879
|move|p1a: Grafaiai|Gunk Shot|p2a: flush down toilet
|-damage|p2a: flush down toilet|24/100
|-status|p2a: flush down toilet|psn
|move|p2a: flush down toilet|Flip Turn|p1a: Grafaiai
|-damage|p1a: Grafaiai|42/100
|-enditem|p1a: Grafaiai|Red Card|[of] p2a: flush down toilet
|drag|p2a: cupid|Enamorus, F|100/100
|
|upkeep
|turn|23
|
|t:|1779584894
|move|p1a: Grafaiai|Gunk Shot|p2a: cupid
|-supereffective|p2a: cupid
|-damage|p2a: cupid|0 fnt
|faint|p2a: cupid
|
|upkeep
|
|t:|1779584899
|switch|p2a: scared of covid|Ogerpon-Wellspring, F|11/100
|turn|24
|
|t:|1779584903
|move|p1a: Grafaiai|Acrobatics|p2a: scared of covid
|-supereffective|p2a: scared of covid
|-damage|p2a: scared of covid|0 fnt
|faint|p2a: scared of covid
|
|upkeep
|
|t:|1779584907
|switch|p2a: knife head|Kingambit, F|36/100
|-activate|p2a: knife head|ability: Supreme Overlord
|-start|p2a: knife head|fallen4|[silent]
|turn|25
|
|t:|1779584914
|move|p2a: knife head|Sucker Punch|p1a: Grafaiai
|-damage|p1a: Grafaiai|0 fnt
|faint|p1a: Grafaiai
|
|-heal|p2a: knife head|42/100|[from] item: Leftovers
|upkeep
|
|t:|1779584923
|switch|p1a: Braviary|Braviary, M, shiny|100/100
|-damage|p1a: Braviary|76/100|[from] Stealth Rock
|turn|26
|
|t:|1779584926
|-end|p2a: knife head|fallen4|[silent]
|switch|p2a: flush down toilet|Alomomola, M|58/100 psn
|move|p1a: Braviary|U-turn|p2a: flush down toilet
|-damage|p2a: flush down toilet|39/100 psn
|
|t:|1779584930
|switch|p1a: Ursaluna|Ursaluna, F, shiny|100/100|[from] U-turn
|-damage|p1a: Ursaluna|94/100|[from] Stealth Rock
|
|-damage|p2a: flush down toilet|26/100 psn|[from] psn
|-status|p1a: Ursaluna|brn|[from] item: Flame Orb
|upkeep
|turn|27
|
|t:|1779584938
|move|p1a: Ursaluna|Earthquake|p2a: flush down toilet
|-damage|p2a: flush down toilet|0 fnt
|faint|p2a: flush down toilet
|
|-damage|p1a: Ursaluna|88/100 brn|[from] brn
|upkeep
|
|t:|1779584940
|switch|p2a: knife head|Kingambit, F|42/100
|-activate|p2a: knife head|ability: Supreme Overlord
|-start|p2a: knife head|fallen5|[silent]
|turn|28
|l|‽Ggfggvv
|inactive|Ggfggvv disconnected and has a minute to reconnect!
|player|p1|
|inactive|Ggfggvv has 30 seconds to reconnect!
|inactive|Ggfggvv has 20 seconds to reconnect!
|inactive|Ggfggvv has 15 seconds to reconnect!
|inactive|Ggfggvv has 10 seconds to reconnect!
|inactive|Ggfggvv has 5 seconds to reconnect!
|-message|Ggfggvv lost due to inactivity.
|
|win|shaqshaqshaq
|raw|Ggfggvv's rating: 1105 &rarr; <strong>1081</strong><br />(-24 for losing)
|raw|shaqshaqshaq's rating: 1120 &rarr; <strong>1144</strong><br />(+24 for winning)
|l|☆shaqshaqshaq
|player|p2|
