|j|☆thegreatestnone
|j|☆sadaasdfasdasd
|t:|1779684445
|gametype|singles
|player|p1|thegreatestnone|169|1383
|player|p2|sadaasdfasdasd|169|1556
|gen|9
|tier|[Gen 9] OU
|rated|
|rule|HP Percentage Mod: HP is shown in percentages
|rule|Endless Battle Clause: Forcing endless battles is banned
|rule|Species Clause: Limit one of each Pokémon
|rule|OHKO Clause: OHKO moves are banned
|rule|Evasion Items Clause: Evasion items are banned
|rule|Evasion Moves Clause: Evasion moves are banned
|rule|Evasion Abilities Clause: Evasion abilities are banned
|rule|Sleep Moves Clause: Sleep-inducing moves are banned
|clearpoke
|poke|p1|Empoleon, F|
|poke|p1|Ting-Lu|
|poke|p1|Skeledirge, M|
|poke|p1|Gholdengo|
|poke|p1|Weezing-Galar, F|
|poke|p1|Slowking, F|
|poke|p2|Serperior, F|
|poke|p2|Skeledirge, M|
|poke|p2|Ting-Lu|
|poke|p2|Gholdengo|
|poke|p2|Rotom-Wash|
|poke|p2|Weavile, M|
|teampreview
|inactive|Battle timer is ON: inactive players will automatically lose when time's up. (requested by sadaasdfasdasd)
|
|t:|1779684483
|teamsize|p1|6
|teamsize|p2|6
|start
|switch|p1a: Empoleon|Empoleon, F|100/100
|switch|p2a: Serperior|Serperior, F, shiny|100/100
|turn|1
|
|t:|1779684486
|move|p2a: Serperior|Glare|p1a: Empoleon
|-status|p1a: Empoleon|par
|cant|p1a: Empoleon|par
|
|upkeep
|turn|2
|
|t:|1779684491
|move|p2a: Serperior|Leaf Storm|p1a: Empoleon
|-damage|p1a: Empoleon|72/100 par
|-boost|p2a: Serperior|spa|2
|move|p1a: Empoleon|Ice Beam|p2a: Serperior
|-supereffective|p2a: Serperior
|-damage|p2a: Serperior|51/100
|
|-heal|p2a: Serperior|58/100|[from] item: Leftovers
|-heal|p1a: Empoleon|78/100 par|[from] item: Leftovers
|upkeep
|turn|3
|
|t:|1779684499
|switch|p1a: Skeledirge|Skeledirge, M|100/100
|move|p2a: Serperior|Leaf Storm|p1a: Skeledirge
|-resisted|p1a: Skeledirge
|-damage|p1a: Skeledirge|81/100
|-boost|p2a: Serperior|spa|2
|
|-heal|p2a: Serperior|64/100|[from] item: Leftovers
|upkeep
|turn|4
|
|t:|1779684502
|move|p2a: Serperior|Glare|p1a: Skeledirge
|-status|p1a: Skeledirge|par
|move|p1a: Skeledirge|Will-O-Wisp|p2a: Serperior|[miss]
|-miss|p1a: Skeledirge|p2a: Serperior
|
|-heal|p2a: Serperior|70/100|[from] item: Leftovers
|upkeep
|turn|5
|
|t:|1779684507
|switch|p2a: Skeledirge|Skeledirge, M|100/100
|cant|p1a: Skeledirge|par
|
|upkeep
|turn|6
|
|t:|1779684514
|switch|p1a: Empoleon|Empoleon, F|78/100 par
|move|p2a: Skeledirge|Torch Song|p1a: Empoleon
|-damage|p1a: Empoleon|59/100 par
|-boost|p2a: Skeledirge|spa|1
|
|-heal|p1a: Empoleon|65/100 par|[from] item: Leftovers
|upkeep
|turn|7
|
|t:|1779684526
|switch|p2a: Serperior|Serperior, F, shiny|70/100
|move|p1a: Empoleon|Knock Off|p2a: Serperior
|-damage|p2a: Serperior|48/100
|-enditem|p2a: Serperior|Leftovers|[from] move: Knock Off|[of] p1a: Empoleon
|
|-heal|p1a: Empoleon|71/100 par|[from] item: Leftovers
|upkeep
|turn|8
|
|t:|1779684532
|move|p2a: Serperior|Leech Seed|p1a: Empoleon
|-start|p1a: Empoleon|move: Leech Seed
|cant|p1a: Empoleon|par
|
|-heal|p1a: Empoleon|78/100 par|[from] item: Leftovers
|-damage|p1a: Empoleon|65/100 par|[from] Leech Seed|[of] p2a: Serperior
|-heal|p2a: Serperior|62/100|[silent]
|upkeep
|turn|9
|
|t:|1779684538
|switch|p1a: Gholdengo|Gholdengo|100/100
|move|p2a: Serperior|Substitute|p2a: Serperior
|-start|p2a: Serperior|Substitute
|-damage|p2a: Serperior|38/100
|
|upkeep
|turn|10
|
|t:|1779684542
|switch|p1a: Skeledirge|Skeledirge, M|81/100 par
|move|p2a: Serperior|Leaf Storm|p1a: Skeledirge
|-resisted|p1a: Skeledirge
|-damage|p1a: Skeledirge|59/100 par
|-boost|p2a: Serperior|spa|2
|
|upkeep
|turn|11
|
|t:|1779684546
|move|p2a: Serperior|Leech Seed|p1a: Skeledirge
|-start|p1a: Skeledirge|move: Leech Seed
|move|p1a: Skeledirge|Torch Song|p2a: Serperior
|-supereffective|p2a: Serperior
|-damage|p2a: Serperior|0 fnt
|-boost|p1a: Skeledirge|spa|1
|faint|p2a: Serperior
|
|upkeep
|
|t:|1779684550
|switch|p2a: Weavile|Weavile, M|100/100
|turn|12
|
|t:|1779684554
|switch|p1a: Weezing|Weezing-Galar, F|100/100
|move|p2a: Weavile|Knock Off|p1a: Weezing
|-resisted|p1a: Weezing
|-damage|p1a: Weezing|84/100
|-enditem|p1a: Weezing|Leftovers|[from] move: Knock Off|[of] p2a: Weavile
|
|upkeep
|turn|13
|
|t:|1779684557
|switch|p2a: slow cycle|Rotom-Wash|100/100
|move|p1a: Weezing|Will-O-Wisp|p2a: slow cycle
|-status|p2a: slow cycle|brn
|
|-damage|p2a: slow cycle|94/100 brn|[from] brn
|upkeep
|turn|14
|
|t:|1779684563
|switch|p1a: Ting-Lu|Ting-Lu|100/100
|-ability|p1a: Ting-Lu|Vessel of Ruin
|move|p2a: slow cycle|Hydro Pump|p1a: Ting-Lu
|-supereffective|p1a: Ting-Lu
|-damage|p1a: Ting-Lu|70/100
|
|-heal|p1a: Ting-Lu|76/100|[from] item: Leftovers
|-damage|p2a: slow cycle|88/100 brn|[from] brn
|upkeep
|turn|15
|
|t:|1779684567
|move|p2a: slow cycle|Will-O-Wisp|p1a: Ting-Lu
|-status|p1a: Ting-Lu|brn
|move|p1a: Ting-Lu|Stealth Rock|p2a: slow cycle
|-sidestart|p2: sadaasdfasdasd|move: Stealth Rock
|
|-heal|p1a: Ting-Lu|82/100 brn|[from] item: Leftovers
|-damage|p2a: slow cycle|82/100 brn|[from] brn
|-damage|p1a: Ting-Lu|76/100 brn|[from] brn
|upkeep
|turn|16
|
|t:|1779684571
|switch|p2a: Ting-Lu|Ting-Lu|100/100
|-damage|p2a: Ting-Lu|94/100|[from] Stealth Rock
|-ability|p2a: Ting-Lu|Vessel of Ruin
|move|p1a: Ting-Lu|Spikes|p2a: Ting-Lu
|-sidestart|p2: sadaasdfasdasd|Spikes
|
|-heal|p1a: Ting-Lu|82/100 brn|[from] item: Leftovers
|-heal|p2a: Ting-Lu|100/100|[from] item: Leftovers
|-damage|p1a: Ting-Lu|76/100 brn|[from] brn
|upkeep
|turn|17
|
|t:|1779684582
|switch|p1a: Skeledirge|Skeledirge, M|59/100 par
|move|p2a: Ting-Lu|Stealth Rock|p1a: Skeledirge
|-sidestart|p1: thegreatestnone|move: Stealth Rock
|
|upkeep
|turn|18
|
|t:|1779684586
|move|p2a: Ting-Lu|Earthquake|p1a: Skeledirge
|-supereffective|p1a: Skeledirge
|-damage|p1a: Skeledirge|16/100 par
|move|p1a: Skeledirge|Will-O-Wisp|p2a: Ting-Lu
|-status|p2a: Ting-Lu|brn
|
|-damage|p2a: Ting-Lu|94/100 brn|[from] brn
|upkeep
|turn|19
|inactive|thegreatestnone has 120 seconds left.
|
|t:|1779684623
|-terastallize|p1a: Skeledirge|Water
|move|p2a: Ting-Lu|Earthquake|p1a: Skeledirge
|-damage|p1a: Skeledirge|6/100 par
|cant|p1a: Skeledirge|par
|
|-heal|p2a: Ting-Lu|100/100 brn|[from] item: Leftovers
|-damage|p2a: Ting-Lu|94/100 brn|[from] brn
|upkeep
|turn|20
|inactive|thegreatestnone has 120 seconds left.
|-message|thegreatestnone forfeited.
|
|win|sadaasdfasdasd
|raw|thegreatestnone's rating: 1383 &rarr; <strong>1372</strong><br />(-11 for losing)
|raw|sadaasdfasdasd's rating: 1556 &rarr; <strong>1567</strong><br />(+11 for winning)
|l|☆thegreatestnone
|player|p1|
