|inactive|Battle timer is ON: inactive players will automatically lose when time's up.
|t:|1779646187
|gametype|singles
|player|p1|blooclipse|lass-gen8|
|player|p2|proszz|policeman|
|gen|9
|tier|[Gen 9] OU
|rule|HP Percentage Mod: HP is shown in percentages
|rule|Endless Battle Clause: Forcing endless battles is banned
|rule|Species Clause: Limit one of each Pokémon
|rule|OHKO Clause: OHKO moves are banned
|rule|Evasion Items Clause: Evasion items are banned
|rule|Evasion Moves Clause: Evasion moves are banned
|rule|Evasion Abilities Clause: Evasion abilities are banned
|rule|Sleep Moves Clause: Sleep-inducing moves are banned
|clearpoke
|poke|p1|Dragonite, M|
|poke|p1|Kingambit, F|
|poke|p1|Glimmora, F|
|poke|p1|Zamazenta-*|
|poke|p1|Ogerpon-Wellspring, F|
|poke|p1|Gholdengo|
|poke|p2|Raging Bolt|
|poke|p2|Walking Wake|
|poke|p2|Iron Boulder|
|poke|p2|Great Tusk|
|poke|p2|Torkoal, M|
|poke|p2|Ceruledge, M|
|teampreview
|inactive|blooclipse also wants the timer to be on.
|c|☆proszz|glhf
|c|☆blooclipse|hf
|inactive|blooclipse has 270 seconds left.
|inactive|proszz has 270 seconds left.
|inactive|blooclipse has 240 seconds left.
|inactive|blooclipse has 210 seconds left.
|
|t:|1779646293
|teamsize|p1|6
|teamsize|p2|6
|start
|switch|p1a: bad bitch pardon?|Glimmora, F|100/100
|switch|p2a: STEAMING IN RAGE|Torkoal, M, shiny|100/100
|-weather|SunnyDay|[from] ability: Drought|[of] p2a: STEAMING IN RAGE
|turn|1
|
|t:|1779646297
|switch|p2a: STEPPIN N SPINNIN|Great Tusk, shiny|100/100
|-activate|p2a: STEPPIN N SPINNIN|ability: Protosynthesis
|-start|p2a: STEPPIN N SPINNIN|protosynthesisatk
|move|p1a: bad bitch pardon?|Earth Power|p2a: STEPPIN N SPINNIN
|-damage|p2a: STEPPIN N SPINNIN|76/100
|
|-weather|SunnyDay|[upkeep]
|upkeep
|turn|2
|inactive|blooclipse has 270 seconds left.
|
|t:|1779646310
|switch|p1a: fliRt Cobainn|Ogerpon-Wellspring, F|100/100
|move|p2a: STEPPIN N SPINNIN|Headlong Rush|p1a: fliRt Cobainn
|-resisted|p1a: fliRt Cobainn
|-damage|p1a: fliRt Cobainn|49/100
|-unboost|p2a: STEPPIN N SPINNIN|def|1
|-unboost|p2a: STEPPIN N SPINNIN|spd|1
|
|-weather|SunnyDay|[upkeep]
|upkeep
|turn|3
|inactive|blooclipse has 270 seconds left.
|
|t:|1779646322
|-end|p2a: STEPPIN N SPINNIN|Protosynthesis|[silent]
|switch|p2a: RAINDANCE|Walking Wake|100/100
|-activate|p2a: RAINDANCE|ability: Protosynthesis
|-start|p2a: RAINDANCE|protosynthesisspe
|move|p1a: fliRt Cobainn|Play Rough|p2a: RAINDANCE
|-supereffective|p2a: RAINDANCE
|-damage|p2a: RAINDANCE|24/100
|
|-weather|SunnyDay|[upkeep]
|upkeep
|turn|4
|inactive|blooclipse has 270 seconds left.
|inactive|blooclipse has 240 seconds left.
|inactive|blooclipse has 210 seconds left.
|
|t:|1779646391
|switch|p1a: bad bitch pardon?|Glimmora, F|100/100
|move|p2a: RAINDANCE|Flamethrower|p1a: bad bitch pardon?
|-resisted|p1a: bad bitch pardon?
|-damage|p1a: bad bitch pardon?|73/100
|-enditem|p1a: bad bitch pardon?|Red Card|[of] p2a: RAINDANCE
|-end|p2a: RAINDANCE|Protosynthesis|[silent]
|drag|p2a: STEAMING IN RAGE|Torkoal, M, shiny|100/100
|
|-weather|SunnyDay|[upkeep]
|upkeep
|turn|5
|
|t:|1779646397
|switch|p2a: STEPPIN N SPINNIN|Great Tusk, shiny|76/100
|-activate|p2a: STEPPIN N SPINNIN|ability: Protosynthesis
|-start|p2a: STEPPIN N SPINNIN|protosynthesisatk
|move|p1a: bad bitch pardon?|Stealth Rock|p2a: STEPPIN N SPINNIN
|-sidestart|p2: proszz|move: Stealth Rock
|
|-weather|SunnyDay|[upkeep]
|upkeep
|turn|6
|
|t:|1779646401
|move|p2a: STEPPIN N SPINNIN|Rapid Spin|p1a: bad bitch pardon?
|-resisted|p1a: bad bitch pardon?
|-damage|p1a: bad bitch pardon?|66/100
|-boost|p2a: STEPPIN N SPINNIN|spe|1
|-activate|p1a: bad bitch pardon?|ability: Toxic Debris
|-sidestart|p2: proszz|move: Toxic Spikes
|-sideend|p2: proszz|Toxic Spikes|[from] move: Rapid Spin|[of] p2a: STEPPIN N SPINNIN
|-sideend|p2: proszz|Stealth Rock|[from] move: Rapid Spin|[of] p2a: STEPPIN N SPINNIN
|move|p1a: bad bitch pardon?|Mortal Spin|p2a: STEPPIN N SPINNIN
|-resisted|p2a: STEPPIN N SPINNIN
|-damage|p2a: STEPPIN N SPINNIN|74/100
|-status|p2a: STEPPIN N SPINNIN|psn
|
|-weather|SunnyDay|[upkeep]
|-damage|p2a: STEPPIN N SPINNIN|62/100 psn|[from] psn
|upkeep
|turn|7
|inactive|blooclipse has 210 seconds left.
|
|t:|1779646444
|move|p2a: STEPPIN N SPINNIN|Headlong Rush|p1a: bad bitch pardon?
|-supereffective|p1a: bad bitch pardon?
|-damage|p1a: bad bitch pardon?|0 fnt
|-unboost|p2a: STEPPIN N SPINNIN|def|1
|-unboost|p2a: STEPPIN N SPINNIN|spd|1
|-activate|p1a: bad bitch pardon?|ability: Toxic Debris
|-sidestart|p2: proszz|move: Toxic Spikes
|faint|p1a: bad bitch pardon?
|
|-weather|SunnyDay|[upkeep]
|-damage|p2a: STEPPIN N SPINNIN|49/100 psn|[from] psn
|upkeep
|
|t:|1779646445
|switch|p1a: DONTKILLTHAPARTY|Zamazenta|100/100
|-ability|p1a: DONTKILLTHAPARTY|Dauntless Shield|boost
|-boost|p1a: DONTKILLTHAPARTY|def|1
|turn|8
|
|t:|1779646448
|move|p2a: STEPPIN N SPINNIN|Rapid Spin|p1a: DONTKILLTHAPARTY
|-damage|p1a: DONTKILLTHAPARTY|88/100
|-boost|p2a: STEPPIN N SPINNIN|spe|1
|-sideend|p2: proszz|Toxic Spikes|[from] move: Rapid Spin|[of] p2a: STEPPIN N SPINNIN
|move|p1a: DONTKILLTHAPARTY|Iron Defense|p1a: DONTKILLTHAPARTY
|-boost|p1a: DONTKILLTHAPARTY|def|2
|
|-weather|none
|-end|p2a: STEPPIN N SPINNIN|Protosynthesis
|-heal|p1a: DONTKILLTHAPARTY|94/100|[from] item: Leftovers
|-damage|p2a: STEPPIN N SPINNIN|37/100 psn|[from] psn
|upkeep
|turn|9
|
|t:|1779646453
|-end|p2a: STEPPIN N SPINNIN|Protosynthesis|[silent]
|switch|p2a: STEAMING IN RAGE|Torkoal, M, shiny|100/100
|-weather|SunnyDay|[from] ability: Drought|[of] p2a: STEAMING IN RAGE
|move|p1a: DONTKILLTHAPARTY|Substitute|p1a: DONTKILLTHAPARTY
|-start|p1a: DONTKILLTHAPARTY|Substitute
|-damage|p1a: DONTKILLTHAPARTY|69/100
|
|-weather|SunnyDay|[upkeep]
|-heal|p1a: DONTKILLTHAPARTY|75/100|[from] item: Leftovers
|upkeep
|turn|10
|
|t:|1779646471
|-terastallize|p2a: STEAMING IN RAGE|Ghost
|move|p1a: DONTKILLTHAPARTY|Body Press|p2a: STEAMING IN RAGE
|-immune|p2a: STEAMING IN RAGE
|move|p2a: STEAMING IN RAGE|Overheat|p1a: DONTKILLTHAPARTY
|-end|p1a: DONTKILLTHAPARTY|Substitute
|-unboost|p2a: STEAMING IN RAGE|spa|2
|
|-weather|SunnyDay|[upkeep]
|-heal|p1a: DONTKILLTHAPARTY|82/100|[from] item: Leftovers
|upkeep
|turn|11
|
|t:|1779646479
|switch|p2a: STEPPIN N SPINNIN|Great Tusk, shiny|37/100 psn
|-activate|p2a: STEPPIN N SPINNIN|ability: Protosynthesis
|-start|p2a: STEPPIN N SPINNIN|protosynthesisatk
|move|p1a: DONTKILLTHAPARTY|Substitute|p1a: DONTKILLTHAPARTY
|-start|p1a: DONTKILLTHAPARTY|Substitute
|-damage|p1a: DONTKILLTHAPARTY|57/100
|
|-weather|SunnyDay|[upkeep]
|-heal|p1a: DONTKILLTHAPARTY|63/100|[from] item: Leftovers
|-damage|p2a: STEPPIN N SPINNIN|24/100 psn|[from] psn
|upkeep
|turn|12
|
|t:|1779646484
|move|p1a: DONTKILLTHAPARTY|Body Press|p2a: STEPPIN N SPINNIN
|-damage|p2a: STEPPIN N SPINNIN|0 fnt
|faint|p2a: STEPPIN N SPINNIN
|-end|p2a: STEPPIN N SPINNIN|Protosynthesis|[silent]
|
|-weather|SunnyDay|[upkeep]
|-heal|p1a: DONTKILLTHAPARTY|69/100|[from] item: Leftovers
|upkeep
|
|t:|1779646486
|switch|p2a: RAINDANCE|Walking Wake|24/100
|-activate|p2a: RAINDANCE|ability: Protosynthesis
|-start|p2a: RAINDANCE|protosynthesisspe
|turn|13
|
|t:|1779646489
|move|p2a: RAINDANCE|Hydro Steam|p1a: DONTKILLTHAPARTY
|-end|p1a: DONTKILLTHAPARTY|Substitute
|move|p1a: DONTKILLTHAPARTY|Body Press|p2a: RAINDANCE
|-damage|p2a: RAINDANCE|0 fnt
|faint|p2a: RAINDANCE
|-end|p2a: RAINDANCE|Protosynthesis|[silent]
|
|-weather|SunnyDay|[upkeep]
|-heal|p1a: DONTKILLTHAPARTY|75/100|[from] item: Leftovers
|upkeep
|
|t:|1779646495
|switch|p2a: HEADLINES|Raging Bolt|100/100
|-activate|p2a: HEADLINES|ability: Protosynthesis
|-start|p2a: HEADLINES|protosynthesisspa
|turn|14
|inactive|blooclipse has 270 seconds left.
|
|t:|1779646501
|move|p1a: DONTKILLTHAPARTY|Body Press|p2a: HEADLINES
|-damage|p2a: HEADLINES|36/100
|-enditem|p2a: HEADLINES|Sitrus Berry|[eat]
|-heal|p2a: HEADLINES|60/100|[from] item: Sitrus Berry
|move|p2a: HEADLINES|Thunderbolt|p1a: DONTKILLTHAPARTY
|-damage|p1a: DONTKILLTHAPARTY|30/100
|
|-weather|SunnyDay|[upkeep]
|-heal|p1a: DONTKILLTHAPARTY|36/100|[from] item: Leftovers
|upkeep
|turn|15
|
|t:|1779646506
|move|p1a: DONTKILLTHAPARTY|Body Press|p2a: HEADLINES
|-damage|p2a: HEADLINES|0 fnt
|faint|p2a: HEADLINES
|-end|p2a: HEADLINES|Protosynthesis|[silent]
|
|-weather|SunnyDay|[upkeep]
|-heal|p1a: DONTKILLTHAPARTY|42/100|[from] item: Leftovers
|upkeep
|
|t:|1779646522
|switch|p2a: EDGEMAXXXX|Ceruledge, M|100/100
|-item|p2a: EDGEMAXXXX|Air Balloon
|turn|16
|
|t:|1779646533
|move|p1a: DONTKILLTHAPARTY|Iron Defense|p1a: DONTKILLTHAPARTY
|-boost|p1a: DONTKILLTHAPARTY|def|2
|move|p2a: EDGEMAXXXX|Bitter Blade|p1a: DONTKILLTHAPARTY
|-damage|p1a: DONTKILLTHAPARTY|24/100
|
|-weather|none
|-heal|p1a: DONTKILLTHAPARTY|30/100|[from] item: Leftovers
|upkeep
|turn|17
|
|t:|1779646544
|move|p1a: DONTKILLTHAPARTY|Crunch|p2a: EDGEMAXXXX
|-supereffective|p2a: EDGEMAXXXX
|-damage|p2a: EDGEMAXXXX|40/100
|-ability|p2a: EDGEMAXXXX|Weak Armor|boost
|-unboost|p2a: EDGEMAXXXX|def|1
|-boost|p2a: EDGEMAXXXX|spe|2
|-enditem|p2a: EDGEMAXXXX|Air Balloon
|move|p2a: EDGEMAXXXX|Bitter Blade|p1a: DONTKILLTHAPARTY
|-damage|p1a: DONTKILLTHAPARTY|19/100
|-heal|p2a: EDGEMAXXXX|48/100|[from] drain|[of] p1a: DONTKILLTHAPARTY
|
|-heal|p1a: DONTKILLTHAPARTY|25/100|[from] item: Leftovers
|upkeep
|turn|18
|
|t:|1779646547
|move|p2a: EDGEMAXXXX|Destiny Bond|p2a: EDGEMAXXXX
|-singlemove|p2a: EDGEMAXXXX|Destiny Bond
|move|p1a: DONTKILLTHAPARTY|Crunch|p2a: EDGEMAXXXX
|-supereffective|p2a: EDGEMAXXXX
|-damage|p2a: EDGEMAXXXX|0 fnt
|faint|p2a: EDGEMAXXXX
|-activate|p2a: EDGEMAXXXX|move: Destiny Bond
|faint|p1a: DONTKILLTHAPARTY
|
|upkeep
|
|t:|1779646559
|switch|p1a: ffragmentsofU|Gholdengo|100/100
|switch|p2a: STEAMING IN RAGE|Torkoal, M, shiny, tera:Ghost|100/100
|-weather|SunnyDay|[from] ability: Drought|[of] p2a: STEAMING IN RAGE
|turn|19
|
|t:|1779646575
|move|p1a: ffragmentsofU|Shadow Ball|p2a: STEAMING IN RAGE
|-supereffective|p2a: STEAMING IN RAGE
|-damage|p2a: STEAMING IN RAGE|25/100
|-unboost|p2a: STEAMING IN RAGE|spd|1
|move|p2a: STEAMING IN RAGE|Overheat|p1a: ffragmentsofU
|-supereffective|p1a: ffragmentsofU
|-damage|p1a: ffragmentsofU|0 fnt
|-unboost|p2a: STEAMING IN RAGE|spa|2
|faint|p1a: ffragmentsofU
|
|-weather|SunnyDay|[upkeep]
|upkeep
|inactive|blooclipse has 270 seconds left.
|
|t:|1779646606
|switch|p1a: 2PHONEBABYKEEM|Kingambit, F|100/100
|-activate|p1a: 2PHONEBABYKEEM|ability: Supreme Overlord
|-start|p1a: 2PHONEBABYKEEM|fallen3|[silent]
|turn|20
|
|t:|1779646608
|move|p1a: 2PHONEBABYKEEM|Kowtow Cleave|p2a: STEAMING IN RAGE
|-supereffective|p2a: STEAMING IN RAGE
|-damage|p2a: STEAMING IN RAGE|0 fnt
|faint|p2a: STEAMING IN RAGE
|
|-weather|SunnyDay|[upkeep]
|upkeep
|
|t:|1779646611
|switch|p2a: TOPH|Iron Boulder|100/100
|-enditem|p2a: TOPH|Booster Energy
|-activate|p2a: TOPH|ability: Quark Drive|[fromitem]
|-start|p2a: TOPH|quarkdrivespe
|turn|21
|
|t:|1779646619
|-terastallize|p1a: 2PHONEBABYKEEM|Ghost
|move|p2a: TOPH|Swords Dance|p2a: TOPH
|-boost|p2a: TOPH|atk|2
|move|p1a: 2PHONEBABYKEEM|Kowtow Cleave|p2a: TOPH
|-supereffective|p2a: TOPH
|-damage|p2a: TOPH|0 fnt
|faint|p2a: TOPH
|-end|p2a: TOPH|Quark Drive|[silent]
|
|win|blooclipse
