|j|☆akgamerplayerz
|j|☆Loverer
|t:|1779577041
|gametype|singles
|player|p1|akgamerplayerz|waiter-gen4dp|1299
|player|p2|Loverer|koga-lgpe|1331
|gen|9
|tier|[Gen 9] OU
|rated|
|rule|HP Percentage Mod: HP is shown in percentages
|rule|Endless Battle Clause: Forcing endless battles is banned
|rule|Species Clause: Limit one of each Pokémon
|rule|OHKO Clause: OHKO moves are banned
|rule|Evasion Items Clause: Evasion items are banned
|rule|Evasion Moves Clause: Evasion moves are banned
|rule|Evasion Abilities Clause: Evasion abilities are banned
|rule|Sleep Moves Clause: Sleep-inducing moves are banned
|clearpoke
|poke|p1|Pelipper, F|
|poke|p1|Kingdra, M|
|poke|p1|Toxicroak, F|
|poke|p1|Floatzel, M|
|poke|p1|Iron Treads|
|poke|p1|Dragapult, M|
|poke|p2|Landorus-Therian, M|
|poke|p2|Tyranitar, M|
|poke|p2|Zapdos|
|poke|p2|Latios, M|
|poke|p2|Slowking-Galar, F|
|poke|p2|Iron Valiant|
|teampreview
|inactive|Battle timer is ON: inactive players will automatically lose when time's up. (requested by akgamerplayerz)
|
|t:|1779577062
|teamsize|p1|6
|teamsize|p2|6
|start
|switch|p1a: Floatzel|Floatzel, M|100/100
|switch|p2a: Landorus|Landorus-Therian, M|100/100
|-ability|p2a: Landorus|Intimidate|boost
|-unboost|p1a: Floatzel|atk|1
|turn|1
|
|t:|1779577068
|-terastallize|p1a: Floatzel|Water
|move|p2a: Landorus|Grass Knot|p1a: Floatzel
|-supereffective|p1a: Floatzel
|-damage|p1a: Floatzel|46/100
|move|p1a: Floatzel|Flip Turn|p2a: Landorus
|-supereffective|p2a: Landorus
|-damage|p2a: Landorus|5/100
|
|t:|1779577080
|switch|p1a: Pelipper|Pelipper, F|100/100|[from] Flip Turn
|-weather|RainDance|[from] ability: Drizzle|[of] p1a: Pelipper
|
|-weather|RainDance|[upkeep]
|upkeep
|turn|2
|
|t:|1779577084
|switch|p2a: Tyranitar|Tyranitar, M|100/100
|-weather|Sandstorm|[from] ability: Sand Stream|[of] p2a: Tyranitar
|move|p1a: Pelipper|U-turn|p2a: Tyranitar
|-supereffective|p2a: Tyranitar
|-damage|p2a: Tyranitar|83/100
|
|t:|1779577089
|switch|p1a: Floatzel|Floatzel, M, tera:Water|46/100|[from] U-turn
|
|-weather|Sandstorm|[upkeep]
|-damage|p1a: Floatzel|40/100|[from] Sandstorm
|upkeep
|turn|3
|
|t:|1779577092
|switch|p2a: Zapdos|Zapdos|100/100
|move|p1a: Floatzel|Flip Turn|p2a: Zapdos
|-damage|p2a: Zapdos|57/100
|-status|p1a: Floatzel|par|[from] ability: Static|[of] p2a: Zapdos
|
|t:|1779577097
|switch|p1a: Pelipper|Pelipper, F|100/100|[from] Flip Turn
|-weather|RainDance|[from] ability: Drizzle|[of] p1a: Pelipper
|
|-weather|RainDance|[upkeep]
|upkeep
|turn|4
|
|t:|1779577102
|switch|p1a: Iron Treads|Iron Treads|100/100
|move|p2a: Zapdos|Volt Switch|p1a: Iron Treads
|-immune|p1a: Iron Treads
|
|-weather|RainDance|[upkeep]
|upkeep
|turn|5
|
|t:|1779577109
|switch|p2a: Latios|Latios, M|100/100
|move|p1a: Iron Treads|Earthquake|p2a: Latios
|-immune|p2a: Latios|[from] ability: Levitate
|
|-weather|RainDance|[upkeep]
|upkeep
|turn|6
|
|t:|1779577118
|move|p2a: Latios|Trick|p1a: Iron Treads
|-activate|p2a: Latios|move: Trick|[of] p1a: Iron Treads
|-item|p1a: Iron Treads|Choice Scarf|[from] move: Trick
|-item|p2a: Latios|Heavy-Duty Boots|[from] move: Trick
|move|p1a: Iron Treads|Ice Spinner|p2a: Latios
|-supereffective|p2a: Latios
|-damage|p2a: Latios|47/100
|
|-weather|RainDance|[upkeep]
|upkeep
|turn|7
|
|t:|1779577126
|switch|p2a: Slowking|Slowking-Galar, F|100/100
|move|p1a: Iron Treads|Ice Spinner|p2a: Slowking
|-damage|p2a: Slowking|79/100
|
|-weather|RainDance|[upkeep]
|upkeep
|turn|8
|
|t:|1779577133
|move|p1a: Iron Treads|Ice Spinner|p2a: Slowking
|-damage|p2a: Slowking|57/100
|move|p2a: Slowking|Future Sight|p1a: Iron Treads
|-start|p2a: Slowking|move: Future Sight
|
|-weather|RainDance|[upkeep]
|upkeep
|turn|9
|
|t:|1779577137
|move|p1a: Iron Treads|Ice Spinner|p2a: Slowking
|-damage|p2a: Slowking|36/100
|-prepare|p2a: Slowking|Chilly Reception|[premajor]
|move|p2a: Slowking|Chilly Reception|p2a: Slowking
|-weather|Snowscape
|
|t:|1779577141
|switch|p2a: Tyranitar|Tyranitar, M|83/100|[from] Chilly Reception
|-weather|Sandstorm|[from] ability: Sand Stream|[of] p2a: Tyranitar
|
|-weather|Sandstorm|[upkeep]
|upkeep
|turn|10
|
|t:|1779577145
|move|p1a: Iron Treads|Ice Spinner|p2a: Tyranitar
|-damage|p2a: Tyranitar|64/100
|move|p2a: Tyranitar|Low Kick|p1a: Iron Treads
|-supereffective|p1a: Iron Treads
|-damage|p1a: Iron Treads|0 fnt
|faint|p1a: Iron Treads
|-end|p1a: Iron Treads|Quark Drive|[silent]
|
|-weather|Sandstorm|[upkeep]
|-hint|Future Sight did not hit because the target is fainted.
|upkeep
|
|t:|1779577154
|switch|p1a: Dragapult|Dragapult, M|100/100
|turn|11
|
|t:|1779577162
|switch|p2a: Landorus|Landorus-Therian, M|5/100
|-ability|p2a: Landorus|Intimidate|boost
|-unboost|p1a: Dragapult|atk|1
|move|p1a: Dragapult|Dragon Darts|p2a: Landorus
|-damage|p2a: Landorus|0 fnt
|faint|p2a: Landorus
|
|-weather|Sandstorm|[upkeep]
|-damage|p1a: Dragapult|95/100|[from] Sandstorm
|upkeep
|
|t:|1779577187
|switch|p2a: Tyranitar|Tyranitar, M|64/100
|turn|12
|
|t:|1779577190
|switch|p1a: Pelipper|Pelipper, F|100/100
|-weather|RainDance|[from] ability: Drizzle|[of] p1a: Pelipper
|move|p2a: Tyranitar|Knock Off|p1a: Pelipper
|-damage|p1a: Pelipper|34/100
|-enditem|p1a: Pelipper|Damp Rock|[from] move: Knock Off|[of] p2a: Tyranitar
|
|-weather|RainDance|[upkeep]
|upkeep
|turn|13
|
|t:|1779577201
|switch|p2a: Slowking|Slowking-Galar, F|70/100
|move|p1a: Pelipper|U-turn|p2a: Slowking
|-damage|p2a: Slowking|61/100
|
|t:|1779577206
|switch|p1a: Kingdra|Kingdra, M|100/100|[from] U-turn
|
|-weather|RainDance|[upkeep]
|upkeep
|turn|14
|
|t:|1779577210
|move|p1a: Kingdra|Weather Ball|p2a: Slowking
|-damage|p2a: Slowking|7/100
|-damage|p1a: Kingdra|91/100|[from] item: Life Orb
|move|p2a: Slowking|Thunder Wave|p1a: Kingdra
|-status|p1a: Kingdra|par
|
|-weather|RainDance|[upkeep]
|upkeep
|turn|15
|
|t:|1779577217
|switch|p2a: Tyranitar|Tyranitar, M|64/100
|-weather|Sandstorm|[from] ability: Sand Stream|[of] p2a: Tyranitar
|move|p1a: Kingdra|Weather Ball|p2a: Tyranitar
|-damage|p2a: Tyranitar|36/100
|-damage|p1a: Kingdra|81/100 par|[from] item: Life Orb
|
|-weather|Sandstorm|[upkeep]
|-damage|p1a: Kingdra|74/100 par|[from] Sandstorm
|upkeep
|turn|16
|
|t:|1779577225
|move|p2a: Tyranitar|Knock Off|p1a: Kingdra
|-damage|p1a: Kingdra|0 fnt
|-enditem|p1a: Kingdra|Life Orb|[from] move: Knock Off|[of] p2a: Tyranitar
|faint|p1a: Kingdra
|
|-weather|Sandstorm|[upkeep]
|upkeep
|-message|akgamerplayerz forfeited.
|
|win|Loverer
|raw|akgamerplayerz's rating: 1299 &rarr; <strong>1276</strong><br />(-23 for losing)
|raw|Loverer's rating: 1331 &rarr; <strong>1349</strong><br />(+18 for winning)
|l|☆akgamerplayerz
|player|p1|
|l|☆Loverer
|player|p2|
