|j|☆I<3weedletwineedle
|j|☆Z-Pokemaster2000
|t:|1779592139
|gametype|singles
|player|p1|I<3weedletwineedle|2|1366
|player|p2|Z-Pokemaster2000|170|1434
|gen|9
|tier|[Gen 9] OU
|rated|
|rule|HP Percentage Mod: HP is shown in percentages
|rule|Endless Battle Clause: Forcing endless battles is banned
|rule|Species Clause: Limit one of each Pokémon
|rule|OHKO Clause: OHKO moves are banned
|rule|Evasion Items Clause: Evasion items are banned
|rule|Evasion Moves Clause: Evasion moves are banned
|rule|Evasion Abilities Clause: Evasion abilities are banned
|rule|Sleep Moves Clause: Sleep-inducing moves are banned
|clearpoke
|poke|p1|Necrozma|
|poke|p1|Scizor, F|
|poke|p1|Enamorus, F|
|poke|p1|Great Tusk|
|poke|p1|Primarina, M|
|poke|p1|Glimmora, F|
|poke|p2|Okidogi, M|
|poke|p2|Gholdengo|
|poke|p2|Rillaboom, M|
|poke|p2|Ting-Lu|
|poke|p2|Primarina, M|
|poke|p2|Corviknight, F|
|teampreview
|inactive|Battle timer is ON: inactive players will automatically lose when time's up. (requested by Z-Pokemaster2000)
|inactive|Z-Pokemaster2000 has 120 seconds left.
|inactive|Z-Pokemaster2000 has 90 seconds left.
|inactive|Z-Pokemaster2000 has 60 seconds left.
|
|t:|1779592235
|teamsize|p1|6
|teamsize|p2|6
|start
|switch|p1a: Glimmora|Glimmora, F|100/100
|switch|p2a: Ting-Lu|Ting-Lu|100/100
|-ability|p2a: Ting-Lu|Vessel of Ruin
|turn|1
|inactive|Z-Pokemaster2000 has 120 seconds left.
|
|t:|1779592250
|switch|p1a: Enamorus|Enamorus, F|100/100
|move|p2a: Ting-Lu|Earthquake|p1a: Enamorus
|-immune|p1a: Enamorus
|
|upkeep
|turn|2
|
|t:|1779592256
|move|p1a: Enamorus|Superpower|p2a: Ting-Lu
|-supereffective|p2a: Ting-Lu
|-damage|p2a: Ting-Lu|54/100
|-boost|p1a: Enamorus|atk|1
|-boost|p1a: Enamorus|def|1
|move|p2a: Ting-Lu|Heavy Slam|p1a: Enamorus
|-supereffective|p1a: Enamorus
|-damage|p1a: Enamorus|22/100
|
|upkeep
|turn|3
|
|t:|1779592263
|switch|p2a: Gholdengo|Gholdengo|100/100
|move|p1a: Enamorus|Play Rough|p2a: Gholdengo
|-resisted|p2a: Gholdengo
|-damage|p2a: Gholdengo|65/100
|
|upkeep
|turn|4
|
|t:|1779592270
|move|p2a: Gholdengo|Shadow Ball|p1a: Enamorus
|-damage|p1a: Enamorus|0 fnt
|faint|p1a: Enamorus
|
|upkeep
|
|t:|1779592276
|switch|p1a: Primarina|Primarina, M|100/100
|turn|5
|
|t:|1779592285
|switch|p2a: Rillaboom|Rillaboom, M, shiny|100/100
|-fieldstart|move: Grassy Terrain|[from] ability: Grassy Surge|[of] p2a: Rillaboom
|move|p1a: Primarina|Hyper Voice|p2a: Rillaboom
|-resisted|p2a: Rillaboom
|-damage|p2a: Rillaboom|73/100
|
|-heal|p2a: Rillaboom|80/100|[from] Grassy Terrain
|upkeep
|turn|6
|
|t:|1779592292
|move|p2a: Rillaboom|U-turn|p1a: Primarina
|-resisted|p1a: Primarina
|-damage|p1a: Primarina|79/100
|
|t:|1779592305
|switch|p2a: Gholdengo|Gholdengo|65/100|[from] U-turn
|move|p1a: Primarina|Ice Beam|p2a: Gholdengo
|-resisted|p2a: Gholdengo
|-damage|p2a: Gholdengo|45/100
|
|-heal|p2a: Gholdengo|51/100|[from] Grassy Terrain
|-heal|p1a: Primarina|85/100|[from] Grassy Terrain
|upkeep
|turn|7
|
|t:|1779592317
|move|p2a: Gholdengo|Make It Rain|p1a: Primarina
|-damage|p1a: Primarina|46/100
|-unboost|p2a: Gholdengo|spa|1
|move|p1a: Primarina|Hyper Voice|p2a: Gholdengo
|-crit|p2a: Gholdengo
|-damage|p2a: Gholdengo|0 fnt
|faint|p2a: Gholdengo
|
|-heal|p1a: Primarina|52/100|[from] Grassy Terrain
|upkeep
|
|t:|1779592324
|switch|p2a: Rillaboom|Rillaboom, M, shiny|80/100
|turn|8
|
|t:|1779592327
|switch|p1a: Scizor|Scizor, F|100/100
|move|p2a: Rillaboom|Grassy Glide|p1a: Scizor
|-resisted|p1a: Scizor
|-damage|p1a: Scizor|87/100
|
|-heal|p2a: Rillaboom|86/100|[from] Grassy Terrain
|-heal|p1a: Scizor|93/100|[from] Grassy Terrain
|upkeep
|turn|9
|
|t:|1779592330
|switch|p2a: Okidogi|Okidogi, M|100/100
|move|p1a: Scizor|U-turn|p2a: Okidogi
|-resisted|p2a: Okidogi
|-damage|p2a: Okidogi|89/100
|
|t:|1779592343
|switch|p1a: Necrozma|Necrozma|100/100|[from] U-turn
|
|-heal|p2a: Okidogi|95/100|[from] Grassy Terrain
|-fieldend|move: Grassy Terrain
|upkeep
|turn|10
|
|t:|1779592351
|switch|p2a: Ting-Lu|Ting-Lu|54/100
|-ability|p2a: Ting-Lu|Vessel of Ruin
|switch|p1a: Scizor|Scizor, F|93/100
|
|upkeep
|turn|11
|
|t:|1779592365
|move|p1a: Scizor|U-turn|p2a: Ting-Lu
|-supereffective|p2a: Ting-Lu
|-damage|p2a: Ting-Lu|0 fnt
|faint|p2a: Ting-Lu
|
|t:|1779592370
|switch|p1a: Glimmora|Glimmora, F|100/100|[from] U-turn
|
|upkeep
|
|t:|1779592376
|switch|p2a: Okidogi|Okidogi, M|95/100
|turn|12
|c|☆I<3weedletwineedle|Sister is getting dog walked
|
|t:|1779592386
|move|p1a: Glimmora|Earth Power|p2a: Okidogi
|-supereffective|p2a: Okidogi
|-damage|p2a: Okidogi|46/100
|move|p2a: Okidogi|Knock Off|p1a: Glimmora
|-damage|p1a: Glimmora|56/100
|-activate|p1a: Glimmora|ability: Toxic Debris
|-sidestart|p2: Z-Pokemaster2000|move: Toxic Spikes
|-enditem|p1a: Glimmora|Power Herb|[from] move: Knock Off|[of] p2a: Okidogi
|
|upkeep
|turn|13
|
|t:|1779592397
|move|p1a: Glimmora|Earth Power|p2a: Okidogi
|-supereffective|p2a: Okidogi
|-damage|p2a: Okidogi|3/100
|move|p2a: Okidogi|Drain Punch|p1a: Glimmora
|-damage|p1a: Glimmora|0 fnt
|-heal|p2a: Okidogi|27/100|[from] drain|[of] p1a: Glimmora
|-activate|p1a: Glimmora|ability: Toxic Debris
|-sidestart|p2: Z-Pokemaster2000|move: Toxic Spikes
|faint|p1a: Glimmora
|
|upkeep
|c|☆Z-Pokemaster2000|It's 4-4
|inactive|I<3weedletwineedle has 120 seconds left.
|
|t:|1779592427
|switch|p1a: Scizor|Scizor, F|93/100
|turn|14
|
|t:|1779592432
|move|p2a: Okidogi|Drain Punch|p1a: Scizor
|-damage|p1a: Scizor|48/100
|-heal|p2a: Okidogi|49/100|[from] drain|[of] p1a: Scizor
|move|p1a: Scizor|Dual Wingbeat|p2a: Okidogi
|-supereffective|p2a: Okidogi
|-damage|p2a: Okidogi|0 fnt
|faint|p2a: Okidogi
|-hitcount|p2: Okidogi|1
|
|upkeep
|
|t:|1779592439
|switch|p2a: Corviknight|Corviknight, F, shiny|100/100
|-ability|p2a: Corviknight|Pressure
|turn|15
|
|t:|1779592447
|switch|p1a: Necrozma|Necrozma|100/100
|move|p2a: Corviknight|Defog|p1a: Necrozma
|-unboost|p1a: Necrozma|evasion|1
|-sideend|p2: Z-Pokemaster2000|Toxic Spikes|[from] move: Defog|[of] p2a: Corviknight
|
|upkeep
|turn|16
|
|t:|1779592457
|switch|p2a: Primarina|Primarina, M, shiny|100/100
|move|p1a: Necrozma|Heat Wave|p2a: Primarina
|-resisted|p2a: Primarina
|-damage|p2a: Primarina|86/100
|
|upkeep
|turn|17
|
|t:|1779592464
|move|p1a: Necrozma|Photon Geyser|p2a: Primarina
|-damage|p2a: Primarina|40/100
|move|p2a: Primarina|Moonblast|p1a: Necrozma
|-damage|p1a: Necrozma|50/100
|
|upkeep
|turn|18
|
|t:|1779592476
|move|p1a: Necrozma|Photon Geyser|p2a: Primarina
|-damage|p2a: Primarina|0 fnt
|faint|p2a: Primarina
|
|upkeep
|
|t:|1779592477
|switch|p2a: Rillaboom|Rillaboom, M, shiny|86/100
|-fieldstart|move: Grassy Terrain|[from] ability: Grassy Surge|[of] p2a: Rillaboom
|turn|19
|
|t:|1779592485
|move|p2a: Rillaboom|Grassy Glide|p1a: Necrozma
|-damage|p1a: Necrozma|0 fnt
|faint|p1a: Necrozma
|
|-heal|p2a: Rillaboom|92/100|[from] Grassy Terrain
|upkeep
|inactive|I<3weedletwineedle has 120 seconds left.
|inactive|I<3weedletwineedle has 90 seconds left.
|
|t:|1779592546
|switch|p1a: Scizor|Scizor, F|48/100
|turn|20
|
|t:|1779592557
|-terastallize|p2a: Rillaboom|Fire
|move|p2a: Rillaboom|Grassy Glide|p1a: Scizor
|-resisted|p1a: Scizor
|-damage|p1a: Scizor|34/100
|move|p1a: Scizor|Close Combat|p2a: Rillaboom
|-damage|p2a: Rillaboom|30/100
|-unboost|p1a: Scizor|def|1
|-unboost|p1a: Scizor|spd|1
|
|-heal|p2a: Rillaboom|37/100|[from] Grassy Terrain
|-heal|p1a: Scizor|40/100|[from] Grassy Terrain
|upkeep
|turn|21
|
|t:|1779592581
|switch|p2a: Corviknight|Corviknight, F, shiny|100/100
|-ability|p2a: Corviknight|Pressure
|move|p1a: Scizor|Close Combat|p2a: Corviknight
|-damage|p2a: Corviknight|59/100
|-unboost|p1a: Scizor|def|1
|-unboost|p1a: Scizor|spd|1
|
|-heal|p2a: Corviknight|65/100|[from] item: Leftovers
|-heal|p1a: Scizor|46/100|[from] Grassy Terrain
|upkeep
|turn|22
|inactive|I<3weedletwineedle has 90 seconds left.
|
|t:|1779592623
|switch|p2a: Rillaboom|Rillaboom, M, shiny, tera:Fire|37/100
|move|p1a: Scizor|Close Combat|p2a: Rillaboom
|-damage|p2a: Rillaboom|0 fnt
|-unboost|p1a: Scizor|def|1
|-unboost|p1a: Scizor|spd|1
|faint|p2a: Rillaboom
|
|-heal|p1a: Scizor|52/100|[from] Grassy Terrain
|upkeep
|
|t:|1779592629
|switch|p2a: Corviknight|Corviknight, F, shiny|65/100
|-ability|p2a: Corviknight|Pressure
|turn|23
|
|t:|1779592646
|move|p2a: Corviknight|Roost|p2a: Corviknight
|-heal|p2a: Corviknight|100/100
|-singleturn|p2a: Corviknight|move: Roost
|move|p1a: Scizor|Close Combat|p2a: Corviknight
|-supereffective|p2a: Corviknight
|-damage|p2a: Corviknight|22/100
|-unboost|p1a: Scizor|def|1
|-unboost|p1a: Scizor|spd|1
|
|-heal|p2a: Corviknight|29/100|[from] Grassy Terrain
|-heal|p2a: Corviknight|35/100|[from] item: Leftovers
|-heal|p1a: Scizor|58/100|[from] Grassy Terrain
|-fieldend|move: Grassy Terrain
|upkeep
|turn|24
|
|t:|1779592657
|move|p2a: Corviknight|Iron Defense|p2a: Corviknight
|-boost|p2a: Corviknight|def|2
|move|p1a: Scizor|Close Combat|p2a: Corviknight
|-damage|p2a: Corviknight|14/100
|-unboost|p1a: Scizor|def|1
|-unboost|p1a: Scizor|spd|1
|
|-heal|p2a: Corviknight|20/100|[from] item: Leftovers
|upkeep
|turn|25
|
|t:|1779592671
|switch|p1a: Primarina|Primarina, M|52/100
|move|p2a: Corviknight|Roost|p2a: Corviknight
|-heal|p2a: Corviknight|70/100
|-singleturn|p2a: Corviknight|move: Roost
|
|-heal|p2a: Corviknight|77/100|[from] item: Leftovers
|upkeep
|turn|26
|
|t:|1779592678
|-terastallize|p1a: Primarina|Water
|move|p2a: Corviknight|Iron Defense|p2a: Corviknight
|-boost|p2a: Corviknight|def|2
|move|p1a: Primarina|Hyper Voice|p2a: Corviknight
|-damage|p2a: Corviknight|16/100
|
|-heal|p2a: Corviknight|22/100|[from] item: Leftovers
|upkeep
|turn|27
|inactive|I<3weedletwineedle has 90 seconds left.
|
|t:|1779592687
|move|p2a: Corviknight|Roost|p2a: Corviknight
|-heal|p2a: Corviknight|72/100
|-singleturn|p2a: Corviknight|move: Roost
|move|p1a: Primarina|Hyper Voice|p2a: Corviknight
|-damage|p2a: Corviknight|10/100
|
|-heal|p2a: Corviknight|17/100|[from] item: Leftovers
|upkeep
|turn|28
|
|t:|1779592694
|move|p2a: Corviknight|Body Press|p1a: Primarina
|-damage|p1a: Primarina|0 fnt
|faint|p1a: Primarina
|
|-heal|p2a: Corviknight|23/100|[from] item: Leftovers
|upkeep
|
|t:|1779592703
|switch|p1a: Great Tusk|Great Tusk|100/100
|-enditem|p1a: Great Tusk|Booster Energy
|-activate|p1a: Great Tusk|ability: Protosynthesis|[fromitem]
|-start|p1a: Great Tusk|protosynthesisatk
|turn|29
|
|t:|1779592708
|move|p1a: Great Tusk|Close Combat|p2a: Corviknight
|-damage|p2a: Corviknight|7/100
|-unboost|p1a: Great Tusk|def|1
|-unboost|p1a: Great Tusk|spd|1
|move|p2a: Corviknight|Roost|p2a: Corviknight
|-heal|p2a: Corviknight|57/100
|-singleturn|p2a: Corviknight|move: Roost
|
|-heal|p2a: Corviknight|63/100|[from] item: Leftovers
|upkeep
|turn|30
|-message|I<3weedletwineedle forfeited.
|
|win|Z-Pokemaster2000
|raw|I&lt;3weedletwineedle's rating: 1366 &rarr; <strong>1350</strong><br />(-16 for losing)
|raw|Z-Pokemaster2000's rating: 1434 &rarr; <strong>1450</strong><br />(+16 for winning)
|l|☆I<3weedletwineedle
|player|p1|
|c|☆Z-Pokemaster2000|looks like the dog walked you
