|j|☆Kogasscarf
|j|‽tyflu
|t:|1779599035
|gametype|singles
|player|p1|Kogasscarf|koga|1391
|player|p2|tyflu|170|1449
|gen|9
|tier|[Gen 9] OU
|rated|
|rule|HP Percentage Mod: HP is shown in percentages
|rule|Endless Battle Clause: Forcing endless battles is banned
|rule|Species Clause: Limit one of each Pokémon
|rule|OHKO Clause: OHKO moves are banned
|rule|Evasion Items Clause: Evasion items are banned
|rule|Evasion Moves Clause: Evasion moves are banned
|rule|Evasion Abilities Clause: Evasion abilities are banned
|rule|Sleep Moves Clause: Sleep-inducing moves are banned
|clearpoke
|poke|p1|Zamazenta-*|
|poke|p1|Weavile, F|
|poke|p1|Enamorus, F|
|poke|p1|Cinderace, M|
|poke|p1|Latias, F|
|poke|p1|Iron Treads|
|poke|p2|Iron Valiant|
|poke|p2|Ceruledge, M|
|poke|p2|Gholdengo|
|poke|p2|Samurott-Hisui, F|
|poke|p2|Ogerpon-Wellspring, F|
|poke|p2|Great Tusk|
|teampreview
|inactive|Battle timer is ON: inactive players will automatically lose when time's up. (requested by Kogasscarf)
|
|t:|1779599046
|teamsize|p1|6
|teamsize|p2|6
|start
|switch|p1a: Cinderace|Cinderace, M|100/100
|switch|p2a: Iron Valiant|Iron Valiant|100/100
|-enditem|p2a: Iron Valiant|Booster Energy
|-activate|p2a: Iron Valiant|ability: Quark Drive|[fromitem]
|-start|p2a: Iron Valiant|quarkdrivespe
|turn|1
|
|t:|1779599055
|move|p2a: Iron Valiant|Knock Off|p1a: Cinderace
|-damage|p1a: Cinderace|58/100
|-enditem|p1a: Cinderace|Heavy-Duty Boots|[from] move: Knock Off|[of] p2a: Iron Valiant
|move|p1a: Cinderace|Pyro Ball|p2a: Iron Valiant
|-damage|p2a: Iron Valiant|38/100
|
|upkeep
|turn|2
|
|t:|1779599064
|move|p2a: Iron Valiant|Close Combat|p1a: Cinderace
|-damage|p1a: Cinderace|0 fnt
|-unboost|p2a: Iron Valiant|def|1
|-unboost|p2a: Iron Valiant|spd|1
|faint|p1a: Cinderace
|
|upkeep
|
|t:|1779599068
|switch|p1a: Weavile|Weavile, F, shiny|100/100
|-ability|p1a: Weavile|Pressure
|turn|3
|
|t:|1779599088
|-end|p2a: Iron Valiant|Quark Drive|[silent]
|switch|p2a: Samurott|Samurott-Hisui, F|100/100
|move|p1a: Weavile|Ice Shard|p2a: Samurott
|-resisted|p2a: Samurott
|-damage|p2a: Samurott|83/100
|
|upkeep
|turn|4
|
|t:|1779599094
|switch|p1a: Iron Treads|Iron Treads|100/100
|move|p2a: Samurott|Sacred Sword|p1a: Iron Treads
|-supereffective|p1a: Iron Treads
|-damage|p1a: Iron Treads|26/100
|
|upkeep
|turn|5
|
|t:|1779599102
|move|p2a: Samurott|Sacred Sword|p1a: Iron Treads
|-supereffective|p1a: Iron Treads
|-damage|p1a: Iron Treads|0 fnt
|faint|p1a: Iron Treads
|-end|p1a: Iron Treads|Quark Drive|[silent]
|
|upkeep
|
|t:|1779599114
|switch|p1a: Enamorus|Enamorus, F|100/100
|turn|6
|
|t:|1779599138
|switch|p2a: Gholdengo|Gholdengo|100/100
|-item|p2a: Gholdengo|Air Balloon
|move|p1a: Enamorus|Calm Mind|p1a: Enamorus
|-boost|p1a: Enamorus|spa|1
|-boost|p1a: Enamorus|spd|1
|
|upkeep
|turn|7
|
|t:|1779599144
|move|p1a: Enamorus|Mystical Fire|p2a: Gholdengo
|-supereffective|p2a: Gholdengo
|-damage|p2a: Gholdengo|7/100
|-unboost|p2a: Gholdengo|spa|1
|-enditem|p2a: Gholdengo|Air Balloon
|move|p2a: Gholdengo|Make It Rain|p1a: Enamorus
|-supereffective|p1a: Enamorus
|-damage|p1a: Enamorus|27/100
|-unboost|p2a: Gholdengo|spa|1
|
|upkeep
|turn|8
|
|t:|1779599155
|move|p1a: Enamorus|Earth Power|p2a: Gholdengo
|-supereffective|p2a: Gholdengo
|-damage|p2a: Gholdengo|0 fnt
|faint|p2a: Gholdengo
|
|upkeep
|
|t:|1779599162
|switch|p2a: Iron Valiant|Iron Valiant|38/100
|turn|9
|
|t:|1779599168
|move|p2a: Iron Valiant|Moonblast|p1a: Enamorus
|-damage|p1a: Enamorus|0 fnt
|faint|p1a: Enamorus
|
|upkeep
|
|t:|1779599171
|switch|p1a: Latias|Latias, F|100/100
|turn|10
|inactive|tyflu has 120 seconds left.
|
|t:|1779599202
|-terastallize|p1a: Latias|Fairy
|move|p2a: Iron Valiant|Knock Off|p1a: Latias
|-resisted|p1a: Latias
|-damage|p1a: Latias|84/100
|-enditem|p1a: Latias|Soul Dew|[from] move: Knock Off|[of] p2a: Iron Valiant
|move|p1a: Latias|Calm Mind|p1a: Latias
|-boost|p1a: Latias|spa|1
|-boost|p1a: Latias|spd|1
|
|upkeep
|turn|11
|inactive|tyflu has 120 seconds left.
|
|t:|1779599220
|move|p2a: Iron Valiant|Close Combat|p1a: Latias
|-resisted|p1a: Latias
|-damage|p1a: Latias|53/100
|-unboost|p2a: Iron Valiant|def|1
|-unboost|p2a: Iron Valiant|spd|1
|move|p1a: Latias|Mist Ball|p2a: Iron Valiant
|-supereffective|p2a: Iron Valiant
|-damage|p2a: Iron Valiant|0 fnt
|faint|p2a: Iron Valiant
|-end|p2a: Iron Valiant|Quark Drive|[silent]
|
|upkeep
|
|t:|1779599227
|switch|p2a: Samurott|Samurott-Hisui, F|83/100
|turn|12
|
|t:|1779599229
|move|p2a: Samurott|Razor Shell|p1a: Latias
|-damage|p1a: Latias|0 fnt
|faint|p1a: Latias
|
|upkeep
|
|t:|1779599233
|switch|p1a: Zamazenta|Zamazenta|100/100
|-ability|p1a: Zamazenta|Dauntless Shield|boost
|-boost|p1a: Zamazenta|def|1
|turn|13
|
|t:|1779599237
|move|p2a: Samurott|Razor Shell|p1a: Zamazenta
|-damage|p1a: Zamazenta|76/100
|-unboost|p1a: Zamazenta|def|1
|move|p1a: Zamazenta|Iron Defense|p1a: Zamazenta
|-boost|p1a: Zamazenta|def|2
|
|-heal|p1a: Zamazenta|82/100|[from] item: Leftovers
|upkeep
|turn|14
|
|t:|1779599247
|switch|p2a: Ceruledge|Ceruledge, M|100/100
|move|p1a: Zamazenta|Body Press|p2a: Ceruledge
|-immune|p2a: Ceruledge
|
|-heal|p1a: Zamazenta|89/100|[from] item: Leftovers
|upkeep
|turn|15
|
|t:|1779599250
|move|p1a: Zamazenta|Crunch|p2a: Ceruledge
|-supereffective|p2a: Ceruledge
|-crit|p2a: Ceruledge
|-enditem|p2a: Ceruledge|Focus Sash
|-damage|p2a: Ceruledge|1/100
|-ability|p2a: Ceruledge|Weak Armor|boost
|-unboost|p2a: Ceruledge|def|1
|-boost|p2a: Ceruledge|spe|2
|move|p2a: Ceruledge|Swords Dance|p2a: Ceruledge
|-boost|p2a: Ceruledge|atk|2
|
|-heal|p1a: Zamazenta|95/100|[from] item: Leftovers
|upkeep
|turn|16
|
|t:|1779599263
|-terastallize|p2a: Ceruledge|Ghost
|move|p2a: Ceruledge|Poltergeist|p1a: Zamazenta
|-activate|p1a: Zamazenta|move: Poltergeist|Leftovers
|-damage|p1a: Zamazenta|44/100
|move|p1a: Zamazenta|Crunch|p2a: Ceruledge
|-supereffective|p2a: Ceruledge
|-damage|p2a: Ceruledge|0 fnt
|faint|p2a: Ceruledge
|
|-heal|p1a: Zamazenta|50/100|[from] item: Leftovers
|upkeep
|
|t:|1779599270
|switch|p2a: Ogerpon|Ogerpon-Wellspring, F|100/100
|turn|17
|
|t:|1779599275
|move|p1a: Zamazenta|Body Press|p2a: Ogerpon
|-damage|p2a: Ogerpon|0 fnt
|faint|p2a: Ogerpon
|
|-heal|p1a: Zamazenta|56/100|[from] item: Leftovers
|upkeep
|
|t:|1779599278
|switch|p2a: Great Tusk|Great Tusk|100/100
|turn|18
|
|t:|1779599283
|move|p1a: Zamazenta|Iron Defense|p1a: Zamazenta
|-boost|p1a: Zamazenta|def|2
|move|p2a: Great Tusk|Rapid Spin|p1a: Zamazenta
|-damage|p1a: Zamazenta|52/100
|-boost|p2a: Great Tusk|spe|1
|
|-heal|p1a: Zamazenta|59/100|[from] item: Leftovers
|upkeep
|turn|19
|
|t:|1779599288
|move|p1a: Zamazenta|Body Press|p2a: Great Tusk
|-damage|p2a: Great Tusk|46/100
|move|p2a: Great Tusk|Rapid Spin|p1a: Zamazenta
|-damage|p1a: Zamazenta|54/100
|-boost|p2a: Great Tusk|spe|1
|
|-heal|p1a: Zamazenta|60/100|[from] item: Leftovers
|upkeep
|turn|20
|
|t:|1779599293
|move|p2a: Great Tusk|Headlong Rush|p1a: Zamazenta
|-damage|p1a: Zamazenta|48/100
|-unboost|p2a: Great Tusk|def|1
|-unboost|p2a: Great Tusk|spd|1
|move|p1a: Zamazenta|Body Press|p2a: Great Tusk
|-damage|p2a: Great Tusk|0 fnt
|faint|p2a: Great Tusk
|-end|p2a: Great Tusk|Protosynthesis|[silent]
|
|-heal|p1a: Zamazenta|54/100|[from] item: Leftovers
|upkeep
|-message|tyflu forfeited.
|
|win|Kogasscarf
|raw|Kogasscarf's rating: 1391 &rarr; <strong>1414</strong><br />(+23 for winning)
|raw|tyflu's rating: 1449 &rarr; <strong>1426</strong><br />(-23 for losing)
|l|‽tyflu
|player|p2|
|l|☆Kogasscarf
|player|p1|
