|j|☆SuiiiiiiiiBoom
|j|☆bearvv
|t:|1779689073
|gametype|singles
|player|p1|SuiiiiiiiiBoom|swimmerf|1059
|player|p2|bearvv|169|1000
|gen|9
|tier|[Gen 9] OU
|rated|
|rule|HP Percentage Mod: HP is shown in percentages
|rule|Endless Battle Clause: Forcing endless battles is banned
|rule|Species Clause: Limit one of each Pokémon
|rule|OHKO Clause: OHKO moves are banned
|rule|Evasion Items Clause: Evasion items are banned
|rule|Evasion Moves Clause: Evasion moves are banned
|rule|Evasion Abilities Clause: Evasion abilities are banned
|rule|Sleep Moves Clause: Sleep-inducing moves are banned
|clearpoke
|poke|p1|Hydrapple, M|
|poke|p1|Skarmory, F|
|poke|p1|Tyranitar, F|
|poke|p1|Alomomola, M|
|poke|p1|Clodsire, F|
|poke|p1|Clefable, M|
|poke|p2|Hatterene, F|
|poke|p2|Ursaluna, M|
|poke|p2|Slowking-Galar, F|
|poke|p2|Skarmory, M|
|poke|p2|Breloom, M|
|poke|p2|Bisharp, M|
|teampreview
|
|t:|1779689085
|teamsize|p1|6
|teamsize|p2|6
|start
|switch|p1a: Clodsire|Clodsire, F|100/100
|switch|p2a: Hatterene|Hatterene, F|100/100
|turn|1
|
|t:|1779689097
|move|p1a: Clodsire|Earthquake|p2a: Hatterene
|-damage|p2a: Hatterene|72/100
|move|p2a: Hatterene|Trick Room|p2a: Hatterene
|-fieldstart|move: Trick Room|[of] p2a: Hatterene
|
|upkeep
|turn|2
|
|t:|1779689109
|move|p1a: Clodsire|Toxic|p2a: Hatterene
|move|p2a: Hatterene|Toxic|p1a: Clodsire|[from] ability: Magic Bounce
|-immune|p1a: Clodsire
|move|p2a: Hatterene|Psychic|p1a: Clodsire
|-supereffective|p1a: Clodsire
|-crit|p1a: Clodsire
|-damage|p1a: Clodsire|4/100
|
|upkeep
|turn|3
|
|t:|1779689119
|move|p1a: Clodsire|Recover|p1a: Clodsire
|-heal|p1a: Clodsire|54/100
|move|p2a: Hatterene|Calm Mind|p2a: Hatterene
|-boost|p2a: Hatterene|spa|1
|-boost|p2a: Hatterene|spd|1
|
|upkeep
|turn|4
|
|t:|1779689127
|move|p1a: Clodsire|Earthquake|p2a: Hatterene
|-damage|p2a: Hatterene|41/100
|move|p2a: Hatterene|Calm Mind|p2a: Hatterene
|-boost|p2a: Hatterene|spa|1
|-boost|p2a: Hatterene|spd|1
|
|upkeep
|turn|5
|
|t:|1779689139
|move|p1a: Clodsire|Earthquake|p2a: Hatterene
|-damage|p2a: Hatterene|9/100
|move|p2a: Hatterene|Draining Kiss|p1a: Clodsire
|-resisted|p1a: Clodsire
|-damage|p1a: Clodsire|46/100
|-heal|p2a: Hatterene|18/100|[from] drain|[of] p1a: Clodsire
|
|-fieldend|move: Trick Room
|upkeep
|turn|6
|
|t:|1779689149
|move|p2a: Hatterene|Psychic|p1a: Clodsire
|-supereffective|p1a: Clodsire
|-damage|p1a: Clodsire|0 fnt
|faint|p1a: Clodsire
|
|upkeep
|
|t:|1779689161
|switch|p1a: Skarmory|Skarmory, F|100/100
|turn|7
|
|t:|1779689167
|move|p1a: Skarmory|Body Press|p2a: Hatterene
|-resisted|p2a: Hatterene
|-damage|p2a: Hatterene|10/100
|move|p2a: Hatterene|Trick Room|p2a: Hatterene
|-fieldstart|move: Trick Room|[of] p2a: Hatterene
|
|upkeep
|turn|8
|
|t:|1779689179
|move|p2a: Hatterene|Psychic|p1a: Skarmory
|-resisted|p1a: Skarmory
|-damage|p1a: Skarmory|22/100
|move|p1a: Skarmory|Body Press|p2a: Hatterene
|-resisted|p2a: Hatterene
|-damage|p2a: Hatterene|2/100
|
|upkeep
|turn|9
|
|t:|1779689188
|move|p2a: Hatterene|Psychic|p1a: Skarmory
|-resisted|p1a: Skarmory
|-crit|p1a: Skarmory
|-damage|p1a: Skarmory|0 fnt
|faint|p1a: Skarmory
|
|upkeep
|
|t:|1779689196
|switch|p1a: Alomomola|Alomomola, M, shiny|100/100
|turn|10
|
|t:|1779689201
|move|p2a: Hatterene|Psychic|p1a: Alomomola
|-damage|p1a: Alomomola|2/100
|-unboost|p1a: Alomomola|spd|1
|move|p1a: Alomomola|Wish|p1a: Alomomola
|
|upkeep
|turn|11
|
|t:|1779689209
|move|p1a: Alomomola|Protect|p1a: Alomomola
|-singleturn|p1a: Alomomola|Protect
|move|p2a: Hatterene|Draining Kiss|p1a: Alomomola
|-activate|p1a: Alomomola|move: Protect
|
|-heal|p1a: Alomomola|51/100|[from] move: Wish|[wisher] Alomomola
|-fieldend|move: Trick Room
|upkeep
|turn|12
|
|t:|1779689219
|move|p1a: Alomomola|Body Slam|p2a: Hatterene
|-damage|p2a: Hatterene|0 fnt
|faint|p2a: Hatterene
|
|upkeep
|
|t:|1779689226
|switch|p2a: Breloom|Breloom, M|100/100
|turn|13
|
|t:|1779689232
|move|p2a: Breloom|Seed Bomb|p1a: Alomomola
|-supereffective|p1a: Alomomola
|-damage|p1a: Alomomola|0 fnt
|faint|p1a: Alomomola
|
|upkeep
|
|t:|1779689239
|switch|p1a: Hydrapple|Hydrapple, M|100/100
|turn|14
|
|t:|1779689247
|move|p2a: Breloom|Toxic|p1a: Hydrapple
|-status|p1a: Hydrapple|tox
|move|p1a: Hydrapple|Earth Power|p2a: Breloom
|-resisted|p2a: Breloom
|-damage|p2a: Breloom|79/100
|
|-damage|p1a: Hydrapple|94/100 tox|[from] psn
|upkeep
|turn|15
|
|t:|1779689257
|switch|p2a: Skarmory|Skarmory, M|100/100
|move|p1a: Hydrapple|Fickle Beam|p2a: Skarmory
|-resisted|p2a: Skarmory
|-damage|p2a: Skarmory|79/100
|
|-heal|p2a: Skarmory|85/100|[from] item: Leftovers
|-damage|p1a: Hydrapple|82/100 tox|[from] psn
|upkeep
|turn|16
|
|t:|1779689268
|move|p2a: Skarmory|Drill Peck|p1a: Hydrapple
|-supereffective|p1a: Hydrapple
|-damage|p1a: Hydrapple|54/100 tox
|move|p1a: Hydrapple|Giga Drain|p2a: Skarmory
|-resisted|p2a: Skarmory
|-damage|p2a: Skarmory|74/100
|-heal|p1a: Hydrapple|59/100 tox|[from] drain|[of] p2a: Skarmory
|
|-heal|p2a: Skarmory|80/100|[from] item: Leftovers
|-damage|p1a: Hydrapple|41/100 tox|[from] psn
|upkeep
|turn|17
|
|t:|1779689281
|switch|p1a: Tyranitar|Tyranitar, F|100/100
|-weather|Sandstorm|[from] ability: Sand Stream|[of] p1a: Tyranitar
|move|p2a: Skarmory|Protect||[still]
|-fail|p2a: Skarmory
|
|-weather|Sandstorm|[upkeep]
|-heal|p2a: Skarmory|86/100|[from] item: Leftovers
|upkeep
|turn|18
|
|t:|1779689319
|switch|p2a: Slowking|Slowking-Galar, F|100/100
|move|p1a: Tyranitar|Knock Off|p2a: Slowking
|-supereffective|p2a: Slowking
|-damage|p2a: Slowking|6/100
|-enditem|p2a: Slowking|Leftovers|[from] move: Knock Off|[of] p1a: Tyranitar
|
|-weather|Sandstorm|[upkeep]
|-damage|p2a: Slowking|0 fnt|[from] Sandstorm
|faint|p2a: Slowking
|upkeep
|
|t:|1779689332
|switch|p2a: Breloom|Breloom, M|79/100
|turn|19
|
|t:|1779689341
|move|p2a: Breloom|Drain Punch|p1a: Tyranitar
|-supereffective|p1a: Tyranitar
|-damage|p1a: Tyranitar|0 fnt
|-heal|p2a: Breloom|100/100|[from] drain|[of] p1a: Tyranitar
|faint|p1a: Tyranitar
|
|-weather|Sandstorm|[upkeep]
|-damage|p2a: Breloom|94/100|[from] Sandstorm
|upkeep
|
|t:|1779689353
|switch|p1a: Clefable|Clefable, M|100/100
|turn|20
|
|t:|1779689359
|switch|p2a: Bisharp|Bisharp, M|100/100
|move|p1a: Clefable|Moonblast|p2a: Bisharp
|-damage|p2a: Bisharp|57/100
|-unboost|p2a: Bisharp|spa|1
|
|-weather|Sandstorm|[upkeep]
|upkeep
|turn|21
|
|t:|1779689371
|-terastallize|p1a: Clefable|Water
|move|p2a: Bisharp|Iron Head|p1a: Clefable
|-resisted|p1a: Clefable
|-damage|p1a: Clefable|82/100
|move|p1a: Clefable|Moonblast|p2a: Bisharp
|-damage|p2a: Bisharp|12/100
|
|-weather|none
|upkeep
|turn|22
|
|t:|1779689381
|switch|p2a: Breloom|Breloom, M|94/100
|move|p1a: Clefable|Wish|p1a: Clefable
|
|upkeep
|turn|23
|
|t:|1779689393
|switch|p1a: Hydrapple|Hydrapple, M|74/100 tox
|move|p2a: Breloom|Seed Bomb|p1a: Hydrapple
|-resisted|p1a: Hydrapple
|-damage|p1a: Hydrapple|67/100 tox
|
|-heal|p1a: Hydrapple|100/100 tox|[from] move: Wish|[wisher] Clefable
|-damage|p1a: Hydrapple|94/100 tox|[from] psn
|upkeep
|turn|24
|
|t:|1779689406
|switch|p2a: Skarmory|Skarmory, M|86/100
|move|p1a: Hydrapple|Fickle Beam|p2a: Skarmory|[anim] Fickle Beam All Out
|-activate|p1a: Hydrapple|move: Fickle Beam
|-resisted|p2a: Skarmory
|-damage|p2a: Skarmory|40/100
|
|-heal|p2a: Skarmory|46/100|[from] item: Leftovers
|-damage|p1a: Hydrapple|82/100 tox|[from] psn
|upkeep
|turn|25
|
|t:|1779689417
|move|p2a: Skarmory|Roost|p2a: Skarmory
|-heal|p2a: Skarmory|96/100
|-singleturn|p2a: Skarmory|move: Roost
|move|p1a: Hydrapple|Fickle Beam|p2a: Skarmory
|-resisted|p2a: Skarmory
|-damage|p2a: Skarmory|73/100
|
|-heal|p2a: Skarmory|79/100|[from] item: Leftovers
|-damage|p1a: Hydrapple|64/100 tox|[from] psn
|upkeep
|turn|26
|
|t:|1779689430
|move|p2a: Skarmory|Drill Peck|p1a: Hydrapple
|-supereffective|p1a: Hydrapple
|-damage|p1a: Hydrapple|36/100 tox
|move|p1a: Hydrapple|Giga Drain|p2a: Skarmory
|-resisted|p2a: Skarmory
|-damage|p2a: Skarmory|68/100
|-heal|p1a: Hydrapple|41/100 tox|[from] drain|[of] p2a: Skarmory
|
|-heal|p2a: Skarmory|74/100|[from] item: Leftovers
|-damage|p1a: Hydrapple|16/100 tox|[from] psn
|upkeep
|turn|27
|
|t:|1779689444
|move|p2a: Skarmory|Protect|p2a: Skarmory
|-singleturn|p2a: Skarmory|Protect
|move|p1a: Hydrapple|Fickle Beam|p2a: Skarmory
|-activate|p2a: Skarmory|move: Protect
|
|-heal|p2a: Skarmory|80/100|[from] item: Leftovers
|-damage|p1a: Hydrapple|0 fnt|[from] psn
|faint|p1a: Hydrapple
|upkeep
|
|t:|1779689453
|switch|p1a: Clefable|Clefable, M, tera:Water|82/100
|turn|28
|
|t:|1779689459
|switch|p2a: Breloom|Breloom, M|94/100
|move|p1a: Clefable|Moonblast|p2a: Breloom
|-supereffective|p2a: Breloom
|-damage|p2a: Breloom|0 fnt
|faint|p2a: Breloom
|
|upkeep
|
|t:|1779689469
|switch|p2a: Skarmory|Skarmory, M|80/100
|turn|29
|
|t:|1779689475
|move|p2a: Skarmory|Drill Peck|p1a: Clefable
|-damage|p1a: Clefable|65/100
|move|p1a: Clefable|Moonblast|p2a: Skarmory
|-resisted|p2a: Skarmory
|-damage|p2a: Skarmory|61/100
|
|-heal|p2a: Skarmory|67/100|[from] item: Leftovers
|upkeep
|turn|30
|
|t:|1779689485
|move|p2a: Skarmory|Drill Peck|p1a: Clefable
|-damage|p1a: Clefable|48/100
|move|p1a: Clefable|Knock Off|p2a: Skarmory
|-damage|p2a: Skarmory|58/100
|-enditem|p2a: Skarmory|Leftovers|[from] move: Knock Off|[of] p1a: Clefable
|
|upkeep
|turn|31
|
|t:|1779689496
|switch|p2a: Ursaluna|Ursaluna, M|100/100
|move|p1a: Clefable|Wish|p1a: Clefable
|
|-status|p2a: Ursaluna|brn|[from] item: Flame Orb
|upkeep
|turn|32
|
|t:|1779689508
|move|p1a: Clefable|Protect|p1a: Clefable
|-singleturn|p1a: Clefable|Protect
|move|p2a: Ursaluna|Facade|p1a: Clefable
|-activate|p1a: Clefable|move: Protect
|
|-heal|p1a: Clefable|98/100|[from] move: Wish|[wisher] Clefable
|-damage|p2a: Ursaluna|94/100 brn|[from] brn
|upkeep
|turn|33
|
|t:|1779689521
|move|p1a: Clefable|Moonblast|p2a: Ursaluna
|-damage|p2a: Ursaluna|64/100 brn
|move|p2a: Ursaluna|Facade|p1a: Clefable
|-damage|p1a: Clefable|0 fnt
|faint|p1a: Clefable
|
|win|bearvv
|raw|SuiiiiiiiiBoom's rating: 1059 &rarr; <strong>1037</strong><br />(-22 for losing)
|raw|bearvv's rating: 1000 &rarr; <strong>1047</strong><br />(+47 for winning)
|l|☆bearvv
|player|p2|
|l|☆SuiiiiiiiiBoom
|player|p1|
|j|☆SuiiiiiiiiBoom
|player|p1|SuiiiiiiiiBoom|swimmerf|
