|j|☆Tyranical
|j|☆MeioPotato
|t:|1779577535
|gametype|singles
|player|p1|Tyranical|drayden|1512
|player|p2|MeioPotato|rosa|1509
|gen|9
|tier|[Gen 9] OU
|rated|
|rule|HP Percentage Mod: HP is shown in percentages
|rule|Endless Battle Clause: Forcing endless battles is banned
|rule|Species Clause: Limit one of each Pokémon
|rule|OHKO Clause: OHKO moves are banned
|rule|Evasion Items Clause: Evasion items are banned
|rule|Evasion Moves Clause: Evasion moves are banned
|rule|Evasion Abilities Clause: Evasion abilities are banned
|rule|Sleep Moves Clause: Sleep-inducing moves are banned
|clearpoke
|poke|p1|Tyranitar, M|
|poke|p1|Kingambit, M|
|poke|p1|Darkrai|
|poke|p1|Moltres|
|poke|p1|Pecharunt|
|poke|p1|Primarina, F|
|poke|p2|Latias, F|
|poke|p2|Iron Moth|
|poke|p2|Polteageist|
|poke|p2|Ogerpon-Wellspring, F|
|poke|p2|Kingambit, M|
|poke|p2|Zamazenta-*|
|teampreview
|inactive|Battle timer is ON: inactive players will automatically lose when time's up. (requested by MeioPotato)
|
|t:|1779577551
|teamsize|p1|6
|teamsize|p2|6
|start
|switch|p1a: Moltres|Moltres|100/100
|switch|p2a: Kinkajou|Ogerpon-Wellspring, F|100/100
|turn|1
|
|t:|1779577560
|switch|p1a: Pecharunt|Pecharunt|100/100
|move|p2a: Kinkajou|Swords Dance|p2a: Kinkajou
|-boost|p2a: Kinkajou|atk|2
|
|upkeep
|turn|2
|
|t:|1779577565
|move|p2a: Kinkajou|Knock Off|p1a: Pecharunt
|-supereffective|p1a: Pecharunt
|-damage|p1a: Pecharunt|23/100
|-enditem|p1a: Pecharunt|Heavy-Duty Boots|[from] move: Knock Off|[of] p2a: Kinkajou
|move|p1a: Pecharunt|Malignant Chain|p2a: Kinkajou
|-supereffective|p2a: Kinkajou
|-damage|p2a: Kinkajou|23/100
|
|upkeep
|turn|3
|
|t:|1779577573
|move|p2a: Kinkajou|Ivy Cudgel|p1a: Pecharunt|[anim] Ivy Cudgel Water
|-damage|p1a: Pecharunt|0 fnt
|faint|p1a: Pecharunt
|
|upkeep
|
|t:|1779577575
|switch|p1a: Darkrai|Darkrai|100/100
|turn|4
|
|t:|1779577577
|move|p1a: Darkrai|Dark Pulse|p2a: Kinkajou
|-damage|p2a: Kinkajou|0 fnt
|faint|p2a: Kinkajou
|
|upkeep
|
|t:|1779577581
|switch|p2a: Peril|Zamazenta|100/100
|-ability|p2a: Peril|Dauntless Shield|boost
|-boost|p2a: Peril|def|1
|turn|5
|
|t:|1779577583
|switch|p1a: Moltres|Moltres|100/100
|move|p2a: Peril|Iron Defense|p2a: Peril
|-boost|p2a: Peril|def|2
|
|upkeep
|turn|6
|
|t:|1779577586
|switch|p2a: Luna|Iron Moth|100/100
|move|p1a: Moltres|Will-O-Wisp|p2a: Luna
|-immune|p2a: Luna
|
|upkeep
|turn|7
|
|t:|1779577588
|move|p2a: Luna|Sludge Wave|p1a: Moltres
|-damage|p1a: Moltres|48/100
|move|p1a: Moltres|U-turn|p2a: Luna
|-resisted|p2a: Luna
|-damage|p2a: Luna|95/100
|
|t:|1779577594
|switch|p1a: Tyranitar|Tyranitar, M|100/100|[from] U-turn
|-weather|Sandstorm|[from] ability: Sand Stream|[of] p1a: Tyranitar
|
|-weather|Sandstorm|[upkeep]
|-damage|p2a: Luna|89/100|[from] Sandstorm
|upkeep
|turn|8
|
|t:|1779577598
|move|p2a: Luna|Energy Ball|p1a: Tyranitar
|-supereffective|p1a: Tyranitar
|-damage|p1a: Tyranitar|58/100
|move|p1a: Tyranitar|Knock Off|p2a: Luna
|-damage|p2a: Luna|0 fnt
|-enditem|p2a: Luna|Focus Sash|[from] move: Knock Off|[of] p1a: Tyranitar
|faint|p2a: Luna
|-end|p2a: Luna|Quark Drive|[silent]
|
|-weather|Sandstorm|[upkeep]
|upkeep
|
|t:|1779577602
|switch|p2a: Peril|Zamazenta|100/100
|turn|9
|
|t:|1779577605
|switch|p1a: Primarina|Primarina, F|100/100
|move|p2a: Peril|Iron Defense|p2a: Peril
|-boost|p2a: Peril|def|2
|
|-weather|Sandstorm|[upkeep]
|-damage|p2a: Peril|94/100|[from] Sandstorm
|-damage|p1a: Primarina|94/100|[from] Sandstorm
|-heal|p2a: Peril|100/100|[from] item: Leftovers
|upkeep
|turn|10
|
|t:|1779577608
|-terastallize|p2a: Peril|Fire
|move|p2a: Peril|Body Press|p1a: Primarina
|-resisted|p1a: Primarina
|-damage|p1a: Primarina|53/100
|move|p1a: Primarina|Moonblast|p2a: Peril
|-resisted|p2a: Peril
|-damage|p2a: Peril|78/100
|
|-weather|Sandstorm|[upkeep]
|-damage|p2a: Peril|72/100|[from] Sandstorm
|-damage|p1a: Primarina|47/100|[from] Sandstorm
|-heal|p2a: Peril|78/100|[from] item: Leftovers
|upkeep
|turn|11
|
|t:|1779577615
|move|p2a: Peril|Body Press|p1a: Primarina
|-resisted|p1a: Primarina
|-damage|p1a: Primarina|7/100
|move|p1a: Primarina|Surf|p2a: Peril
|-supereffective|p2a: Peril
|-damage|p2a: Peril|0 fnt
|faint|p2a: Peril
|
|-weather|none
|upkeep
|
|t:|1779577621
|switch|p2a: Clearsight|Latias, F|100/100
|turn|12
|
|t:|1779577625
|move|p2a: Clearsight|Calm Mind|p2a: Clearsight
|-boost|p2a: Clearsight|spa|1
|-boost|p2a: Clearsight|spd|1
|move|p1a: Primarina|Flip Turn|p2a: Clearsight
|-resisted|p2a: Clearsight
|-damage|p2a: Clearsight|92/100
|
|t:|1779577627
|switch|p1a: Tyranitar|Tyranitar, M|58/100|[from] Flip Turn
|-weather|Sandstorm|[from] ability: Sand Stream|[of] p1a: Tyranitar
|
|-weather|Sandstorm|[upkeep]
|-damage|p2a: Clearsight|86/100|[from] Sandstorm
|upkeep
|turn|13
|
|t:|1779577629
|move|p2a: Clearsight|Agility|p2a: Clearsight
|-boost|p2a: Clearsight|spe|2
|move|p1a: Tyranitar|Knock Off|p2a: Clearsight
|-supereffective|p2a: Clearsight
|-damage|p2a: Clearsight|0 fnt
|-enditem|p2a: Clearsight|Weakness Policy|[from] move: Knock Off|[of] p1a: Tyranitar
|faint|p2a: Clearsight
|
|-weather|Sandstorm|[upkeep]
|upkeep
|
|t:|1779577632
|switch|p2a: Darkstalker|Kingambit, M|100/100
|turn|14
|
|t:|1779577638
|switch|p1a: Primarina|Primarina, F|7/100
|move|p2a: Darkstalker|Low Kick|p1a: Primarina
|-resisted|p1a: Primarina
|-damage|p1a: Primarina|0 fnt
|faint|p1a: Primarina
|
|-weather|Sandstorm|[upkeep]
|upkeep
|
|t:|1779577640
|switch|p1a: Moltres|Moltres|48/100
|turn|15
|
|t:|1779577642
|move|p1a: Moltres|Will-O-Wisp|p2a: Darkstalker
|-status|p2a: Darkstalker|brn
|move|p2a: Darkstalker|Kowtow Cleave|p1a: Moltres
|-damage|p1a: Moltres|32/100
|
|-weather|Sandstorm|[upkeep]
|-damage|p1a: Moltres|26/100|[from] Sandstorm
|-damage|p2a: Darkstalker|94/100 brn|[from] brn
|upkeep
|turn|16
|
|t:|1779577648
|move|p1a: Moltres|Roost|p1a: Moltres
|-heal|p1a: Moltres|76/100
|-singleturn|p1a: Moltres|move: Roost
|move|p2a: Darkstalker|Kowtow Cleave|p1a: Moltres
|-damage|p1a: Moltres|61/100
|
|-weather|none
|-damage|p2a: Darkstalker|88/100 brn|[from] brn
|upkeep
|turn|17
|
|t:|1779577650
|move|p1a: Moltres|Flamethrower|p2a: Darkstalker
|-supereffective|p2a: Darkstalker
|-damage|p2a: Darkstalker|26/100 brn
|move|p2a: Darkstalker|Kowtow Cleave|p1a: Moltres
|-damage|p1a: Moltres|44/100
|
|-damage|p2a: Darkstalker|20/100 brn|[from] brn
|upkeep
|turn|18
|
|t:|1779577654
|switch|p1a: Darkrai|Darkrai|100/100
|move|p2a: Darkstalker|Kowtow Cleave|p1a: Darkrai
|-resisted|p1a: Darkrai
|-damage|p1a: Darkrai|84/100
|
|-damage|p2a: Darkstalker|14/100 brn|[from] brn
|upkeep
|turn|19
|
|t:|1779577656
|move|p1a: Darkrai|Nasty Plot|p1a: Darkrai
|-boost|p1a: Darkrai|spa|2
|move|p2a: Darkstalker|Low Kick|p1a: Darkrai
|-supereffective|p1a: Darkrai
|-damage|p1a: Darkrai|47/100
|
|-damage|p2a: Darkstalker|8/100 brn|[from] brn
|upkeep
|turn|20
|
|t:|1779577658
|move|p1a: Darkrai|Dark Pulse|p2a: Darkstalker
|-resisted|p2a: Darkstalker
|-damage|p2a: Darkstalker|0 fnt
|faint|p2a: Darkstalker
|
|upkeep
|
|t:|1779577659
|switch|p2a: Boa|Polteageist|100/100
|turn|21
|
|t:|1779577661
|move|p1a: Darkrai|Dark Pulse|p2a: Boa
|-supereffective|p2a: Boa
|-enditem|p2a: Boa|Focus Sash
|-damage|p2a: Boa|1/100
|move|p2a: Boa|Shell Smash|p2a: Boa
|-unboost|p2a: Boa|def|1
|-unboost|p2a: Boa|spd|1
|-boost|p2a: Boa|atk|2
|-boost|p2a: Boa|spa|2
|-boost|p2a: Boa|spe|2
|
|upkeep
|turn|22
|
|t:|1779577664
|switch|p1a: Tyranitar|Tyranitar, M|58/100
|-weather|Sandstorm|[from] ability: Sand Stream|[of] p1a: Tyranitar
|move|p2a: Boa|Giga Drain|p1a: Tyranitar
|-supereffective|p1a: Tyranitar
|-damage|p1a: Tyranitar|0 fnt
|-heal|p2a: Boa|39/100|[from] drain|[of] p1a: Tyranitar
|faint|p1a: Tyranitar
|
|-weather|Sandstorm|[upkeep]
|-damage|p2a: Boa|33/100|[from] Sandstorm
|upkeep
|
|t:|1779577666
|switch|p1a: Kingambit|Kingambit, M|100/100
|-activate|p1a: Kingambit|ability: Supreme Overlord
|-start|p1a: Kingambit|fallen3|[silent]
|turn|23
|
|t:|1779577667
|move|p1a: Kingambit|Sucker Punch|p2a: Boa
|-supereffective|p2a: Boa
|-damage|p2a: Boa|0 fnt
|faint|p2a: Boa
|
|win|Tyranical
|raw|Tyranical's rating: 1512 &rarr; <strong>1532</strong><br />(+20 for winning)
|raw|MeioPotato's rating: 1509 &rarr; <strong>1489</strong><br />(-20 for losing)
|l|☆MeioPotato
|player|p2|
|l|☆Tyranical
|player|p1|
