|j|☆rigozuculento7u7
|j|☆senior_pickle_luka
|t:|1779662323
|gametype|singles
|player|p1|rigozuculento7u7|li|1069
|player|p2|senior_pickle_luka|red|1111
|gen|9
|tier|[Gen 9] OU
|rated|
|rule|HP Percentage Mod: HP is shown in percentages
|rule|Endless Battle Clause: Forcing endless battles is banned
|rule|Species Clause: Limit one of each Pokémon
|rule|OHKO Clause: OHKO moves are banned
|rule|Evasion Items Clause: Evasion items are banned
|rule|Evasion Moves Clause: Evasion moves are banned
|rule|Evasion Abilities Clause: Evasion abilities are banned
|rule|Sleep Moves Clause: Sleep-inducing moves are banned
|clearpoke
|poke|p1|Banette, M|
|poke|p1|Hypno, M|
|poke|p1|Meganium, F|
|poke|p1|Ambipom, M|
|poke|p1|Camerupt, F|
|poke|p1|Altaria, F|
|poke|p2|Dragonite, M|
|poke|p2|Pecharunt|
|poke|p2|Gliscor, M|
|poke|p2|Gyarados, F|
|poke|p2|Raging Bolt|
|poke|p2|Gholdengo|
|teampreview
|
|t:|1779662330
|teamsize|p1|6
|teamsize|p2|6
|start
|switch|p1a: Ambipom|Ambipom, M|100/100
|switch|p2a: Raging Bolt|Raging Bolt|100/100
|-enditem|p2a: Raging Bolt|Booster Energy
|-activate|p2a: Raging Bolt|ability: Protosynthesis|[fromitem]
|-start|p2a: Raging Bolt|protosynthesisspa
|turn|1
|
|t:|1779662337
|move|p1a: Ambipom|Fake Out|p2a: Raging Bolt
|-damage|p2a: Raging Bolt|78/100
|cant|p2a: Raging Bolt|flinch
|
|upkeep
|turn|2
|
|t:|1779662341
|move|p1a: Ambipom|Triple Axel|p2a: Raging Bolt
|-supereffective|p2a: Raging Bolt
|-damage|p2a: Raging Bolt|63/100
|-supereffective|p2a: Raging Bolt
|-damage|p2a: Raging Bolt|34/100
|-supereffective|p2a: Raging Bolt
|-damage|p2a: Raging Bolt|0 fnt
|faint|p2a: Raging Bolt
|-end|p2a: Raging Bolt|Protosynthesis|[silent]
|-hitcount|p2: Raging Bolt|3
|
|upkeep
|
|t:|1779662350
|switch|p2a: Gyarados|Gyarados, F, shiny|100/100
|turn|3
|
|t:|1779662353
|move|p1a: Ambipom|Fury Swipes|p2a: Gyarados
|-damage|p2a: Gyarados|86/100
|-damage|p2a: Gyarados|70/100
|-damage|p2a: Gyarados|56/100
|-damage|p2a: Gyarados|41/100
|-damage|p2a: Gyarados|26/100
|-hitcount|p2a: Gyarados|5
|move|p2a: Gyarados|Dragon Dance|p2a: Gyarados
|-boost|p2a: Gyarados|atk|1
|-boost|p2a: Gyarados|spe|1
|
|upkeep
|turn|4
|
|t:|1779662364
|move|p2a: Gyarados|Waterfall|p1a: Ambipom
|-damage|p1a: Ambipom|0 fnt
|faint|p1a: Ambipom
|-ability|p2a: Gyarados|Moxie|boost
|-boost|p2a: Gyarados|atk|1
|
|upkeep
|
|t:|1779662367
|switch|p1a: Banette|Banette, M|100/100
|turn|5
|
|t:|1779662374
|move|p1a: Banette|Shadow Sneak|p2a: Gyarados
|-damage|p2a: Gyarados|0 fnt
|faint|p2a: Gyarados
|
|upkeep
|
|t:|1779662377
|switch|p2a: Gholdengo|Gholdengo|100/100
|-item|p2a: Gholdengo|Air Balloon
|turn|6
|
|t:|1779662382
|switch|p1a: Hypno|Hypno, M|100/100
|-activate|p1a: Hypno|ability: Forewarn|Make It Rain|[of] p2a: Gholdengo
|move|p2a: Gholdengo|Shadow Ball|p1a: Hypno
|-supereffective|p1a: Hypno
|-damage|p1a: Hypno|65/100
|
|upkeep
|turn|7
|
|t:|1779662389
|move|p2a: Gholdengo|Shadow Ball|p1a: Hypno
|-supereffective|p1a: Hypno
|-damage|p1a: Hypno|33/100
|move|p1a: Hypno|Knock Off|p2a: Gholdengo
|-supereffective|p2a: Gholdengo
|-damage|p2a: Gholdengo|62/100
|-enditem|p2a: Gholdengo|Air Balloon
|
|upkeep
|turn|8
|
|t:|1779662396
|move|p2a: Gholdengo|Shadow Ball|p1a: Hypno
|-supereffective|p1a: Hypno
|-damage|p1a: Hypno|0 fnt
|faint|p1a: Hypno
|
|upkeep
|
|t:|1779662401
|switch|p1a: Banette|Banette, M|100/100
|turn|9
|
|t:|1779662403
|-terastallize|p1a: Banette|Ghost
|move|p1a: Banette|Shadow Sneak|p2a: Gholdengo
|-supereffective|p2a: Gholdengo
|-damage|p2a: Gholdengo|0 fnt
|faint|p2a: Gholdengo
|
|upkeep
|
|t:|1779662414
|switch|p2a: Dragonite|Dragonite, M|100/100
|turn|10
|
|t:|1779662419
|switch|p1a: Altaria|Altaria, F|100/100
|move|p2a: Dragonite|Dragon Dance|p2a: Dragonite
|-boost|p2a: Dragonite|atk|1
|-boost|p2a: Dragonite|spe|1
|
|upkeep
|turn|11
|
|t:|1779662425
|move|p2a: Dragonite|Outrage|p1a: Altaria
|-supereffective|p1a: Altaria
|-damage|p1a: Altaria|0 fnt
|faint|p1a: Altaria
|
|upkeep
|
|t:|1779662429
|switch|p1a: Meganium|Meganium, F|100/100
|turn|12
|
|t:|1779662431
|move|p1a: Meganium|Protect|p1a: Meganium
|-singleturn|p1a: Meganium|Protect
|move|p2a: Dragonite|Outrage|p1a: Meganium|[from] lockedmove
|-activate|p1a: Meganium|move: Protect
|
|upkeep
|turn|13
|
|t:|1779662439
|move|p2a: Dragonite|Dragon Dance|p2a: Dragonite
|-boost|p2a: Dragonite|atk|1
|-boost|p2a: Dragonite|spe|1
|move|p1a: Meganium|Leech Seed|p2a: Dragonite
|-start|p2a: Dragonite|move: Leech Seed
|
|-damage|p2a: Dragonite|88/100|[from] Leech Seed|[of] p1a: Meganium
|upkeep
|turn|14
|
|t:|1779662445
|move|p2a: Dragonite|Dragon Dance|p2a: Dragonite
|-boost|p2a: Dragonite|atk|1
|-boost|p2a: Dragonite|spe|1
|move|p1a: Meganium|Substitute|p1a: Meganium
|-start|p1a: Meganium|Substitute
|-damage|p1a: Meganium|76/100
|
|-heal|p1a: Meganium|82/100|[from] item: Leftovers
|-damage|p2a: Dragonite|76/100|[from] Leech Seed|[of] p1a: Meganium
|-heal|p1a: Meganium|93/100|[silent]
|upkeep
|turn|15
|
|t:|1779662453
|move|p2a: Dragonite|Outrage|p1a: Meganium
|-end|p1a: Meganium|Substitute
|move|p1a: Meganium|Poison Powder|p2a: Dragonite|[miss]
|-miss|p1a: Meganium|p2a: Dragonite
|
|-heal|p1a: Meganium|99/100|[from] item: Leftovers
|-damage|p2a: Dragonite|63/100|[from] Leech Seed|[of] p1a: Meganium
|-heal|p1a: Meganium|100/100|[silent]
|upkeep
|turn|16
|
|t:|1779662461
|move|p1a: Meganium|Protect|p1a: Meganium
|-singleturn|p1a: Meganium|Protect
|move|p2a: Dragonite|Outrage|p1a: Meganium|[from] lockedmove
|-activate|p1a: Meganium|move: Protect
|-start|p2a: Dragonite|confusion|[fatigue]
|-enditem|p2a: Dragonite|Persim Berry|[eat]
|-end|p2a: Dragonite|confusion
|
|-damage|p2a: Dragonite|51/100|[from] Leech Seed|[of] p1a: Meganium
|upkeep
|turn|17
|
|t:|1779662470
|move|p1a: Meganium|Protect||[still]
|-fail|p1a: Meganium
|move|p2a: Dragonite|Outrage|p1a: Meganium
|-damage|p1a: Meganium|0 fnt
|faint|p1a: Meganium
|
|upkeep
|
|t:|1779662473
|switch|p1a: Banette|Banette, M, tera:Ghost|100/100
|turn|18
|
|t:|1779662477
|move|p1a: Banette|Shadow Sneak|p2a: Dragonite
|-damage|p2a: Dragonite|4/100
|move|p2a: Dragonite|Outrage|p1a: Banette|[from] lockedmove
|-damage|p1a: Banette|0 fnt
|faint|p1a: Banette
|-start|p2a: Dragonite|confusion|[fatigue]
|
|upkeep
|-message|rigozuculento7u7 forfeited.
|
|win|senior_pickle_luka
|raw|rigozuculento7u7's rating: 1069 &rarr; <strong>1051</strong><br />(-18 for losing)
|raw|senior_pickle_luka's rating: 1111 &rarr; <strong>1133</strong><br />(+22 for winning)
|l|☆rigozuculento7u7
|player|p1|
|l|☆senior_pickle_luka
|player|p2|
