|j|☆gogginsaad
|j|☆acediawa
|t:|1779597891
|gametype|singles
|player|p1|gogginsaad|2|1241
|player|p2|acediawa|backersf|1317
|gen|9
|tier|[Gen 9] OU
|rated|
|rule|HP Percentage Mod: HP is shown in percentages
|rule|Endless Battle Clause: Forcing endless battles is banned
|rule|Species Clause: Limit one of each Pokémon
|rule|OHKO Clause: OHKO moves are banned
|rule|Evasion Items Clause: Evasion items are banned
|rule|Evasion Moves Clause: Evasion moves are banned
|rule|Evasion Abilities Clause: Evasion abilities are banned
|rule|Sleep Moves Clause: Sleep-inducing moves are banned
|clearpoke
|poke|p1|Kingambit, M|
|poke|p1|Keldeo-Resolute|
|poke|p1|Cinderace, F|
|poke|p1|Grimmsnarl, M|
|poke|p1|Metagross|
|poke|p1|Serperior, F|
|poke|p2|Kyurem|
|poke|p2|Corviknight, M|
|poke|p2|Ting-Lu|
|poke|p2|Dondozo, F|
|poke|p2|Slowking-Galar, M|
|poke|p2|Cinderace, F|
|teampreview
|inactive|Battle timer is ON: inactive players will automatically lose when time's up. (requested by acediawa)
|
|t:|1779597900
|teamsize|p1|6
|teamsize|p2|6
|start
|switch|p1a: Grimmsnarl|Grimmsnarl, M, shiny|100/100
|switch|p2a: Cinderace|Cinderace, F|100/100
|turn|1
|
|t:|1779597907
|move|p1a: Grimmsnarl|Parting Shot|p2a: Cinderace
|-unboost|p2a: Cinderace|atk|1
|-unboost|p2a: Cinderace|spa|1
|
|t:|1779597909
|switch|p1a: Keldeo|Keldeo-Resolute|100/100|[from] Parting Shot
|move|p2a: Cinderace|Will-O-Wisp|p1a: Keldeo
|-status|p1a: Keldeo|brn
|
|-damage|p1a: Keldeo|94/100 brn|[from] brn
|upkeep
|turn|2
|
|t:|1779597918
|move|p2a: Cinderace|U-turn|p1a: Keldeo
|-resisted|p1a: Keldeo
|-damage|p1a: Keldeo|87/100 brn
|
|t:|1779597922
|switch|p2a: Slowking|Slowking-Galar, M|100/100|[from] U-turn
|move|p1a: Keldeo|Calm Mind|p1a: Keldeo
|-boost|p1a: Keldeo|spa|1
|-boost|p1a: Keldeo|spd|1
|
|-damage|p1a: Keldeo|81/100 brn|[from] brn
|upkeep
|turn|3
|
|t:|1779597929
|move|p1a: Keldeo|Calm Mind|p1a: Keldeo
|-boost|p1a: Keldeo|spa|1
|-boost|p1a: Keldeo|spd|1
|move|p2a: Slowking|Future Sight|p1a: Keldeo
|-start|p2a: Slowking|move: Future Sight
|
|-damage|p1a: Keldeo|75/100 brn|[from] brn
|upkeep
|turn|4
|
|t:|1779597935
|move|p1a: Keldeo|Hydro Pump|p2a: Slowking
|-damage|p2a: Slowking|31/100
|-prepare|p2a: Slowking|Chilly Reception|[premajor]
|move|p2a: Slowking|Chilly Reception|p2a: Slowking
|-weather|Snowscape
|
|t:|1779597947
|switch|p2a: Cinderace|Cinderace, F|100/100|[from] Chilly Reception
|
|-weather|Snowscape|[upkeep]
|-damage|p1a: Keldeo|69/100 brn|[from] brn
|upkeep
|turn|5
|
|t:|1779597963
|switch|p1a: Grimmsnarl|Grimmsnarl, M, shiny|100/100
|move|p2a: Cinderace|U-turn|p1a: Grimmsnarl
|-damage|p1a: Grimmsnarl|79/100
|
|t:|1779597977
|switch|p2a: Slowking|Slowking-Galar, M|64/100|[from] U-turn
|
|-weather|Snowscape|[upkeep]
|-end|p1a: Grimmsnarl|move: Future Sight
|-immune|p1a: Grimmsnarl
|upkeep
|turn|6
|
|t:|1779597984
|move|p1a: Grimmsnarl|Reflect|p1a: Grimmsnarl
|-sidestart|p1: gogginsaad|Reflect
|move|p2a: Slowking|Sludge Bomb|p1a: Grimmsnarl
|-supereffective|p1a: Grimmsnarl
|-damage|p1a: Grimmsnarl|28/100
|-status|p1a: Grimmsnarl|psn
|
|-weather|Snowscape|[upkeep]
|-damage|p1a: Grimmsnarl|15/100 psn|[from] psn
|upkeep
|turn|7
|
|t:|1779597987
|move|p1a: Grimmsnarl|Light Screen|p1a: Grimmsnarl
|-sidestart|p1: gogginsaad|move: Light Screen
|-prepare|p2a: Slowking|Chilly Reception|[premajor]
|move|p2a: Slowking|Chilly Reception|p2a: Slowking
|
|t:|1779597990
|switch|p2a: Cinderace|Cinderace, F|100/100|[from] Chilly Reception
|
|-weather|Snowscape|[upkeep]
|-damage|p1a: Grimmsnarl|3/100 psn|[from] psn
|upkeep
|turn|8
|
|t:|1779597994
|move|p1a: Grimmsnarl|Parting Shot|p2a: Cinderace
|-unboost|p2a: Cinderace|atk|1
|-unboost|p2a: Cinderace|spa|1
|
|t:|1779597997
|switch|p1a: Metagross|Metagross, shiny|100/100|[from] Parting Shot
|move|p2a: Cinderace|Court Change|p2a: Cinderace
|-swapsideconditions
|-activate|p2a: Cinderace|move: Court Change
|
|-weather|none
|upkeep
|turn|9
|
|t:|1779598014
|move|p2a: Cinderace|Pyro Ball|p1a: Metagross
|-supereffective|p1a: Metagross
|-damage|p1a: Metagross|42/100
|-enditem|p1a: Metagross|Weakness Policy
|-boost|p1a: Metagross|atk|2|[from] item: Weakness Policy
|-boost|p1a: Metagross|spa|2|[from] item: Weakness Policy
|move|p1a: Metagross|Agility|p1a: Metagross
|-boost|p1a: Metagross|spe|2
|
|upkeep
|turn|10
|
|t:|1779598025
|switch|p2a: Ting-Lu|Ting-Lu|100/100
|-ability|p2a: Ting-Lu|Vessel of Ruin
|move|p1a: Metagross|Psychic Fangs|p2a: Ting-Lu
|-immune|p2a: Ting-Lu
|
|upkeep
|turn|11
|
|t:|1779598035
|move|p1a: Metagross|Meteor Mash|p2a: Ting-Lu
|-damage|p2a: Ting-Lu|70/100
|move|p2a: Ting-Lu|Earthquake|p1a: Metagross
|-supereffective|p1a: Metagross
|-damage|p1a: Metagross|0 fnt
|faint|p1a: Metagross
|
|-heal|p2a: Ting-Lu|76/100|[from] item: Leftovers
|upkeep
|
|t:|1779598041
|switch|p1a: Grimmsnarl|Grimmsnarl, M, shiny|3/100 psn
|turn|12
|
|t:|1779598063
|move|p1a: Grimmsnarl|Reflect|p1a: Grimmsnarl
|-sidestart|p1: gogginsaad|Reflect
|move|p2a: Ting-Lu|Earthquake|p1a: Grimmsnarl
|-damage|p1a: Grimmsnarl|0 fnt
|faint|p1a: Grimmsnarl
|
|-heal|p2a: Ting-Lu|82/100|[from] item: Leftovers
|upkeep
|
|t:|1779598079
|switch|p1a: Serperior|Serperior, F, shiny|100/100
|turn|13
|
|t:|1779598084
|switch|p2a: Slowking|Slowking-Galar, M|98/100
|move|p1a: Serperior|Glare|p2a: Slowking
|-status|p2a: Slowking|par
|
|-sideend|p2: acediawa|Reflect
|upkeep
|turn|14
|
|t:|1779598091
|move|p1a: Serperior|Substitute|p1a: Serperior
|-start|p1a: Serperior|Substitute
|-damage|p1a: Serperior|76/100
|move|p2a: Slowking|Sludge Bomb|p1a: Serperior
|-supereffective|p1a: Serperior
|-end|p1a: Serperior|Substitute
|
|-heal|p1a: Serperior|82/100|[from] item: Leftovers
|-sideend|p2: acediawa|move: Light Screen
|upkeep
|turn|15
|
|t:|1779598094
|move|p1a: Serperior|Substitute|p1a: Serperior
|-start|p1a: Serperior|Substitute
|-damage|p1a: Serperior|57/100
|move|p2a: Slowking|Sludge Bomb|p1a: Serperior
|-supereffective|p1a: Serperior
|-end|p1a: Serperior|Substitute
|
|-heal|p1a: Serperior|63/100|[from] item: Leftovers
|upkeep
|turn|16
|
|t:|1779598097
|move|p1a: Serperior|Substitute|p1a: Serperior
|-start|p1a: Serperior|Substitute
|-damage|p1a: Serperior|39/100
|cant|p2a: Slowking|par
|
|-heal|p1a: Serperior|45/100|[from] item: Leftovers
|upkeep
|turn|17
|
|t:|1779598101
|move|p1a: Serperior|Leaf Storm|p2a: Slowking
|-resisted|p2a: Slowking
|-damage|p2a: Slowking|84/100 par
|-boost|p1a: Serperior|spa|2
|move|p2a: Slowking|Future Sight|p1a: Serperior
|-start|p2a: Slowking|move: Future Sight
|
|-heal|p1a: Serperior|51/100|[from] item: Leftovers
|upkeep
|turn|18
|
|t:|1779598109
|move|p1a: Serperior|Leaf Storm|p2a: Slowking
|-resisted|p2a: Slowking
|-damage|p2a: Slowking|57/100 par
|-boost|p1a: Serperior|spa|2
|cant|p2a: Slowking|par
|
|-heal|p1a: Serperior|57/100|[from] item: Leftovers
|upkeep
|turn|19
|
|t:|1779598115
|move|p1a: Serperior|Leaf Storm|p2a: Slowking
|-resisted|p2a: Slowking
|-damage|p2a: Slowking|15/100 par
|-boost|p1a: Serperior|spa|2
|-prepare|p2a: Slowking|Chilly Reception|[premajor]
|cant|p2a: Slowking|par
|
|-end|p1a: Serperior|move: Future Sight
|-end|p1a: Serperior|Substitute
|-heal|p1a: Serperior|63/100|[from] item: Leftovers
|-sideend|p1: gogginsaad|Reflect
|upkeep
|turn|20
|
|t:|1779598133
|move|p1a: Serperior|Substitute|p1a: Serperior
|-start|p1a: Serperior|Substitute
|-damage|p1a: Serperior|39/100
|cant|p2a: Slowking|par
|
|-heal|p1a: Serperior|45/100|[from] item: Leftovers
|upkeep
|turn|21
|
|t:|1779598139
|move|p1a: Serperior|Leaf Storm|p2a: Slowking
|-resisted|p2a: Slowking
|-damage|p2a: Slowking|0 fnt
|faint|p2a: Slowking
|
|-heal|p1a: Serperior|51/100|[from] item: Leftovers
|upkeep
|
|t:|1779598147
|switch|p2a: Corviknight|Corviknight, M|100/100
|-ability|p2a: Corviknight|Pressure
|turn|22
|
|t:|1779598150
|move|p1a: Serperior|Glare|p2a: Corviknight
|-status|p2a: Corviknight|par
|move|p2a: Corviknight|U-turn|p1a: Serperior
|-supereffective|p1a: Serperior
|-end|p1a: Serperior|Substitute
|
|t:|1779598158
|switch|p2a: Cinderace|Cinderace, F|100/100|[from] U-turn
|
|-heal|p1a: Serperior|57/100|[from] item: Leftovers
|upkeep
|turn|23
|
|t:|1779598166
|switch|p1a: Keldeo|Keldeo-Resolute|69/100 brn
|move|p2a: Cinderace|Pyro Ball|p1a: Keldeo
|-resisted|p1a: Keldeo
|-damage|p1a: Keldeo|40/100 brn
|
|-damage|p1a: Keldeo|34/100 brn|[from] brn
|upkeep
|turn|24
|
|t:|1779598170
|move|p2a: Cinderace|U-turn|p1a: Keldeo
|-resisted|p1a: Keldeo
|-damage|p1a: Keldeo|22/100 brn
|
|t:|1779598172
|switch|p2a: Corviknight|Corviknight, M|100/100 par|[from] U-turn
|-ability|p2a: Corviknight|Pressure
|move|p1a: Keldeo|Calm Mind|p1a: Keldeo
|-boost|p1a: Keldeo|spa|1
|-boost|p1a: Keldeo|spd|1
|
|-damage|p1a: Keldeo|16/100 brn|[from] brn
|upkeep
|turn|25
|
|t:|1779598175
|move|p1a: Keldeo|Hydro Pump|p2a: Corviknight
|-damage|p2a: Corviknight|24/100 par
|cant|p2a: Corviknight|par
|
|-damage|p1a: Keldeo|10/100 brn|[from] brn
|upkeep
|turn|26
|
|t:|1779598187
|move|p1a: Keldeo|Hydro Pump|p2a: Corviknight
|-crit|p2a: Corviknight
|-damage|p2a: Corviknight|0 fnt
|faint|p2a: Corviknight
|
|-damage|p1a: Keldeo|4/100 brn|[from] brn
|upkeep
|
|t:|1779598189
|switch|p2a: Cinderace|Cinderace, F|100/100
|turn|27
|
|t:|1779598193
|switch|p1a: Cinderace|Cinderace, F, shiny|100/100
|move|p2a: Cinderace|Pyro Ball|p1a: Cinderace
|-resisted|p1a: Cinderace
|-damage|p1a: Cinderace|65/100
|
|upkeep
|turn|28
|
|t:|1779598209
|switch|p2a: Dondozo|Dondozo, F|100/100
|move|p1a: Cinderace|Pyro Ball|p2a: Dondozo|[miss]
|-miss|p1a: Cinderace|p2a: Dondozo
|
|upkeep
|turn|29
|
|t:|1779598220
|move|p1a: Cinderace|U-turn|p2a: Dondozo
|-start|p1a: Cinderace|typechange|Bug|[from] ability: Libero
|-damage|p2a: Dondozo|85/100
|
|t:|1779598223
|switch|p1a: Serperior|Serperior, F, shiny|57/100|[from] U-turn
|move|p2a: Dondozo|Body Press|p1a: Serperior
|-damage|p1a: Serperior|23/100
|
|-heal|p1a: Serperior|29/100|[from] item: Leftovers
|-heal|p2a: Dondozo|92/100|[from] item: Leftovers
|upkeep
|turn|30
|
|t:|1779598234
|switch|p2a: Ting-Lu|Ting-Lu|82/100
|-ability|p2a: Ting-Lu|Vessel of Ruin
|move|p1a: Serperior|Substitute|p1a: Serperior
|-start|p1a: Serperior|Substitute
|-damage|p1a: Serperior|5/100
|
|-heal|p1a: Serperior|11/100|[from] item: Leftovers
|-heal|p2a: Ting-Lu|89/100|[from] item: Leftovers
|upkeep
|turn|31
|
|t:|1779598237
|move|p1a: Serperior|Leaf Storm|p2a: Ting-Lu|[miss]
|-miss|p1a: Serperior|p2a: Ting-Lu
|move|p2a: Ting-Lu|Payback|p1a: Serperior
|-end|p1a: Serperior|Substitute
|
|-heal|p1a: Serperior|17/100|[from] item: Leftovers
|-heal|p2a: Ting-Lu|95/100|[from] item: Leftovers
|upkeep
|turn|32
|
|t:|1779598240
|move|p1a: Serperior|Leaf Storm|p2a: Ting-Lu
|-supereffective|p2a: Ting-Lu
|-damage|p2a: Ting-Lu|55/100
|-boost|p1a: Serperior|spa|2
|move|p2a: Ting-Lu|Payback|p1a: Serperior
|-damage|p1a: Serperior|0 fnt
|faint|p1a: Serperior
|
|-heal|p2a: Ting-Lu|61/100|[from] item: Leftovers
|upkeep
|
|t:|1779598244
|switch|p1a: Keldeo|Keldeo-Resolute|4/100 brn
|turn|33
|
|t:|1779598250
|move|p1a: Keldeo|Secret Sword|p2a: Ting-Lu
|-supereffective|p2a: Ting-Lu
|-damage|p2a: Ting-Lu|23/100
|move|p2a: Ting-Lu|Rest|p2a: Ting-Lu
|-status|p2a: Ting-Lu|slp|[from] move: Rest
|-heal|p2a: Ting-Lu|100/100 slp|[silent]
|
|-damage|p1a: Keldeo|0 fnt|[from] brn
|faint|p1a: Keldeo
|upkeep
|
|t:|1779598255
|switch|p1a: Cinderace|Cinderace, F, shiny|65/100
|turn|34
|
|t:|1779598260
|switch|p2a: Dondozo|Dondozo, F|92/100
|move|p1a: Cinderace|Pyro Ball|p2a: Dondozo
|-resisted|p2a: Dondozo
|-damage|p2a: Dondozo|78/100
|
|-heal|p2a: Dondozo|85/100|[from] item: Leftovers
|upkeep
|turn|35
|
|t:|1779598264
|move|p1a: Cinderace|Pyro Ball|p2a: Dondozo
|-resisted|p2a: Dondozo
|-damage|p2a: Dondozo|71/100
|-status|p2a: Dondozo|brn
|move|p2a: Dondozo|Body Press|p1a: Cinderace
|-damage|p1a: Cinderace|45/100
|
|-heal|p2a: Dondozo|77/100 brn|[from] item: Leftovers
|-damage|p2a: Dondozo|71/100 brn|[from] brn
|upkeep
|turn|36
|
|t:|1779598268
|move|p1a: Cinderace|Pyro Ball|p2a: Dondozo
|-resisted|p2a: Dondozo
|-damage|p2a: Dondozo|58/100 brn
|move|p2a: Dondozo|Curse|p2a: Dondozo
|-unboost|p2a: Dondozo|spe|1
|-boost|p2a: Dondozo|atk|1
|-boost|p2a: Dondozo|def|1
|
|-heal|p2a: Dondozo|64/100 brn|[from] item: Leftovers
|-damage|p2a: Dondozo|58/100 brn|[from] brn
|upkeep
|turn|37
|
|t:|1779598270
|move|p1a: Cinderace|Pyro Ball|p2a: Dondozo
|-resisted|p2a: Dondozo
|-damage|p2a: Dondozo|49/100 brn
|move|p2a: Dondozo|Curse|p2a: Dondozo
|-unboost|p2a: Dondozo|spe|1
|-boost|p2a: Dondozo|atk|1
|-boost|p2a: Dondozo|def|1
|
|-heal|p2a: Dondozo|55/100 brn|[from] item: Leftovers
|-damage|p2a: Dondozo|49/100 brn|[from] brn
|upkeep
|turn|38
|
|t:|1779598273
|move|p1a: Cinderace|Pyro Ball|p2a: Dondozo
|-resisted|p2a: Dondozo
|-damage|p2a: Dondozo|42/100 brn
|move|p2a: Dondozo|Rest|p2a: Dondozo
|-status|p2a: Dondozo|slp|[from] move: Rest
|-heal|p2a: Dondozo|100/100 slp|[silent]
|
|upkeep
|turn|39
|
|t:|1779598282
|move|p1a: Cinderace|Pyro Ball|p2a: Dondozo
|-resisted|p2a: Dondozo
|-damage|p2a: Dondozo|95/100 slp
|cant|p2a: Dondozo|slp
|
|-heal|p2a: Dondozo|100/100 slp|[from] item: Leftovers
|upkeep
|turn|40
|
|t:|1779598285
|move|p1a: Cinderace|Pyro Ball|p2a: Dondozo
|-resisted|p2a: Dondozo
|-damage|p2a: Dondozo|94/100 slp
|cant|p2a: Dondozo|slp
|
|-heal|p2a: Dondozo|99/100 slp|[from] item: Leftovers
|upkeep
|turn|41
|
|t:|1779598290
|move|p1a: Cinderace|Sucker Punch|p2a: Dondozo
|-start|p1a: Cinderace|typechange|Dark|[from] ability: Libero
|-damage|p2a: Dondozo|92/100 slp
|-curestatus|p2a: Dondozo|slp|[msg]
|move|p2a: Dondozo|Body Press|p1a: Cinderace
|-supereffective|p1a: Cinderace
|-damage|p1a: Cinderace|0 fnt
|faint|p1a: Cinderace
|
|-heal|p2a: Dondozo|98/100|[from] item: Leftovers
|upkeep
|
|t:|1779598293
|switch|p1a: Kingambit|Kingambit, M, shiny|100/100
|-activate|p1a: Kingambit|ability: Supreme Overlord
|-start|p1a: Kingambit|fallen5|[silent]
|turn|42
|
|t:|1779598295
|-terastallize|p1a: Kingambit|Ghost
|move|p1a: Kingambit|Swords Dance|p1a: Kingambit
|-boost|p1a: Kingambit|atk|2
|move|p2a: Dondozo|Body Press|p1a: Kingambit
|-immune|p1a: Kingambit
|
|-heal|p2a: Dondozo|100/100|[from] item: Leftovers
|upkeep
|turn|43
|
|t:|1779598299
|move|p1a: Kingambit|Swords Dance|p1a: Kingambit
|-boost|p1a: Kingambit|atk|2
|move|p2a: Dondozo|Curse|p2a: Dondozo
|-unboost|p2a: Dondozo|spe|1
|-boost|p2a: Dondozo|atk|1
|-boost|p2a: Dondozo|def|1
|
|upkeep
|turn|44
|
|t:|1779598301
|move|p1a: Kingambit|Swords Dance|p1a: Kingambit
|-boost|p1a: Kingambit|atk|2
|move|p2a: Dondozo|Waterfall|p1a: Kingambit
|-damage|p1a: Kingambit|51/100
|
|-heal|p1a: Kingambit|57/100|[from] item: Leftovers
|upkeep
|turn|45
|
|t:|1779598308
|move|p1a: Kingambit|Kowtow Cleave|p2a: Dondozo
|-damage|p2a: Dondozo|87/100
|move|p2a: Dondozo|Waterfall|p1a: Kingambit
|-damage|p1a: Kingambit|5/100
|
|-heal|p1a: Kingambit|12/100|[from] item: Leftovers
|-heal|p2a: Dondozo|93/100|[from] item: Leftovers
|upkeep
|turn|46
|
|t:|1779598311
|move|p1a: Kingambit|Iron Head|p2a: Dondozo
|-resisted|p2a: Dondozo
|-damage|p2a: Dondozo|87/100
|move|p2a: Dondozo|Waterfall|p1a: Kingambit
|-damage|p1a: Kingambit|0 fnt
|faint|p1a: Kingambit
|-end|p1a: Kingambit|fallen5|[silent]
|
|win|acediawa
|raw|gogginsaad's rating: 1241 &rarr; <strong>1221</strong><br />(-20 for losing)
|raw|acediawa's rating: 1317 &rarr; <strong>1333</strong><br />(+16 for winning)
|l|☆gogginsaad
|player|p1|
|l|☆acediawa
|player|p2|
