|j|☆davii67
|j|☆SemperMamba
|t:|1779643660
|gametype|singles
|player|p1|davii67|brycen|1260
|player|p2|SemperMamba|blackbelt-gen4dp|1234
|gen|9
|tier|[Gen 9] OU
|rated|
|rule|HP Percentage Mod: HP is shown in percentages
|rule|Endless Battle Clause: Forcing endless battles is banned
|rule|Species Clause: Limit one of each Pokémon
|rule|OHKO Clause: OHKO moves are banned
|rule|Evasion Items Clause: Evasion items are banned
|rule|Evasion Moves Clause: Evasion moves are banned
|rule|Evasion Abilities Clause: Evasion abilities are banned
|rule|Sleep Moves Clause: Sleep-inducing moves are banned
|clearpoke
|poke|p1|Clawitzer, F|
|poke|p1|Krookodile, M|
|poke|p1|Delphox, F|
|poke|p1|Tsareena, F|
|poke|p1|Fezandipiti, M|
|poke|p1|Ambipom, F|
|poke|p2|Dragapult, M|
|poke|p2|Pawmot, F|
|poke|p2|Great Tusk|
|poke|p2|Ogerpon-Wellspring, F|
|poke|p2|Galvantula, M|
|poke|p2|Kingambit, F|
|teampreview
|
|t:|1779643677
|teamsize|p1|6
|teamsize|p2|6
|start
|switch|p1a: Fezandipiti|Fezandipiti, M|100/100
|switch|p2a: Galvantula|Galvantula, M|100/100
|turn|1
|
|t:|1779643689
|move|p2a: Galvantula|Sticky Web|p1a: Fezandipiti
|-sidestart|p1: davii67|move: Sticky Web
|move|p1a: Fezandipiti|Beat Up|p2a: Galvantula
|-damage|p2a: Galvantula|95/100
|-damage|p2a: Galvantula|89/100
|-status|p2a: Galvantula|tox|[from] ability: Toxic Chain|[of] p1a: Fezandipiti
|-damage|p2a: Galvantula|85/100 tox
|-damage|p2a: Galvantula|79/100 tox
|-damage|p2a: Galvantula|75/100 tox
|-damage|p2a: Galvantula|70/100 tox
|-hitcount|p2a: Galvantula|6
|
|-damage|p2a: Galvantula|64/100 tox|[from] psn
|upkeep
|turn|2
|
|t:|1779643709
|move|p2a: Galvantula|Thunder Wave|p1a: Fezandipiti
|-status|p1a: Fezandipiti|par
|cant|p1a: Fezandipiti|par
|
|-damage|p2a: Galvantula|52/100 tox|[from] psn
|upkeep
|turn|3
|
|t:|1779643724
|move|p2a: Galvantula|Energy Ball|p1a: Fezandipiti
|-resisted|p1a: Fezandipiti
|-crit|p1a: Fezandipiti
|-damage|p1a: Fezandipiti|88/100 par
|cant|p1a: Fezandipiti|par
|
|-damage|p2a: Galvantula|33/100 tox|[from] psn
|upkeep
|turn|4
|
|t:|1779643733
|move|p2a: Galvantula|Energy Ball|p1a: Fezandipiti
|-resisted|p1a: Fezandipiti
|-damage|p1a: Fezandipiti|80/100 par
|cant|p1a: Fezandipiti|par
|
|-damage|p2a: Galvantula|9/100 tox|[from] psn
|upkeep
|turn|5
|
|t:|1779643741
|move|p2a: Galvantula|Energy Ball|p1a: Fezandipiti
|-resisted|p1a: Fezandipiti
|-damage|p1a: Fezandipiti|73/100 par
|move|p1a: Fezandipiti|Nasty Plot|p1a: Fezandipiti
|-boost|p1a: Fezandipiti|spa|2
|
|-damage|p2a: Galvantula|0 fnt|[from] psn
|faint|p2a: Galvantula
|upkeep
|
|t:|1779643749
|switch|p2a: Ogerpon|Ogerpon-Wellspring, F|100/100
|turn|6
|
|t:|1779643756
|move|p2a: Ogerpon|Encore|p1a: Fezandipiti
|-start|p1a: Fezandipiti|Encore
|move|p1a: Fezandipiti|Nasty Plot|p1a: Fezandipiti
|-boost|p1a: Fezandipiti|spa|2
|
|upkeep
|turn|7
|
|t:|1779643763
|move|p2a: Ogerpon|Ivy Cudgel|p1a: Fezandipiti|[anim] Ivy Cudgel Water
|-damage|p1a: Fezandipiti|11/100 par
|-enditem|p1a: Fezandipiti|Aguav Berry|[eat]
|-heal|p1a: Fezandipiti|44/100 par|[from] item: Aguav Berry
|move|p1a: Fezandipiti|Nasty Plot|p1a: Fezandipiti
|-boost|p1a: Fezandipiti|spa|2
|
|upkeep
|turn|8
|
|t:|1779643769
|move|p2a: Ogerpon|Ivy Cudgel|p1a: Fezandipiti|[anim] Ivy Cudgel Water
|-damage|p1a: Fezandipiti|0 fnt
|faint|p1a: Fezandipiti
|
|upkeep
|
|t:|1779643774
|switch|p1a: Tsareena|Tsareena, F|100/100
|-activate|p1a: Tsareena|move: Sticky Web
|-unboost|p1a: Tsareena|spe|1
|turn|9
|
|t:|1779643778
|move|p2a: Ogerpon|U-turn|p1a: Tsareena
|-supereffective|p1a: Tsareena
|-damage|p1a: Tsareena|51/100
|-enditem|p1a: Tsareena|Weakness Policy
|-boost|p1a: Tsareena|atk|2|[from] item: Weakness Policy
|-boost|p1a: Tsareena|spa|2|[from] item: Weakness Policy
|
|t:|1779643780
|switch|p2a: Dragapult|Dragapult, M|100/100|[from] U-turn
|move|p1a: Tsareena|Rapid Spin|p2a: Dragapult
|-immune|p2a: Dragapult
|
|upkeep
|turn|10
|inactive|Battle timer is ON: inactive players will automatically lose when time's up. (requested by davii67)
|
|t:|1779643797
|move|p2a: Dragapult|Flamethrower|p1a: Tsareena
|-supereffective|p1a: Tsareena
|-damage|p1a: Tsareena|0 fnt
|faint|p1a: Tsareena
|
|upkeep
|
|t:|1779643805
|switch|p1a: Krookodile|Krookodile, M|100/100
|-activate|p1a: Krookodile|move: Sticky Web
|-unboost|p1a: Krookodile|spe|1
|turn|11
|
|t:|1779643815
|switch|p2a: Great Tusk|Great Tusk|100/100
|move|p1a: Krookodile|Crunch|p2a: Great Tusk
|-resisted|p2a: Great Tusk
|-damage|p2a: Great Tusk|85/100
|-unboost|p2a: Great Tusk|def|1
|
|upkeep
|turn|12
|
|t:|1779643825
|move|p1a: Krookodile|Crunch|p2a: Great Tusk
|-resisted|p2a: Great Tusk
|-damage|p2a: Great Tusk|63/100
|-unboost|p2a: Great Tusk|def|1
|move|p2a: Great Tusk|Knock Off|p1a: Krookodile
|-resisted|p1a: Krookodile
|-damage|p1a: Krookodile|79/100
|-enditem|p1a: Krookodile|Choice Scarf|[from] move: Knock Off|[of] p2a: Great Tusk
|
|upkeep
|turn|13
|
|t:|1779643836
|move|p2a: Great Tusk|Earthquake|p1a: Krookodile
|-damage|p1a: Krookodile|19/100
|move|p1a: Krookodile|Earthquake|p2a: Great Tusk
|-damage|p2a: Great Tusk|0 fnt
|faint|p2a: Great Tusk
|-end|p2a: Great Tusk|Protosynthesis|[silent]
|-ability|p1a: Krookodile|Moxie|boost
|-boost|p1a: Krookodile|atk|1
|
|upkeep
|
|t:|1779643845
|switch|p2a: Ogerpon|Ogerpon-Wellspring, F|100/100
|turn|14
|
|t:|1779643851
|move|p2a: Ogerpon|Ivy Cudgel|p1a: Krookodile|[anim] Ivy Cudgel Water
|-supereffective|p1a: Krookodile
|-damage|p1a: Krookodile|0 fnt
|faint|p1a: Krookodile
|
|upkeep
|
|t:|1779643859
|switch|p1a: Ambipom|Ambipom, F|100/100
|-activate|p1a: Ambipom|move: Sticky Web
|-unboost|p1a: Ambipom|spe|1
|turn|15
|
|t:|1779643865
|move|p1a: Ambipom|Fake Out|p2a: Ogerpon
|-damage|p2a: Ogerpon|63/100
|cant|p2a: Ogerpon|flinch
|
|upkeep
|turn|16
|
|t:|1779643872
|move|p2a: Ogerpon|Encore|p1a: Ambipom
|-start|p1a: Ambipom|Encore
|move|p1a: Ambipom|Fake Out||[still]
|-hint|Fake Out only works on your first turn out.
|-fail|p1a: Ambipom
|
|upkeep
|turn|17
|
|t:|1779643878
|switch|p1a: Delphox|Delphox, F, shiny|100/100
|-activate|p1a: Delphox|move: Sticky Web
|-unboost|p1a: Delphox|spe|1
|move|p2a: Ogerpon|Horn Leech|p1a: Delphox
|-resisted|p1a: Delphox
|-damage|p1a: Delphox|66/100
|-heal|p2a: Ogerpon|79/100|[from] drain|[of] p1a: Delphox
|
|upkeep
|turn|18
|
|t:|1779643887
|move|p2a: Ogerpon|Ivy Cudgel|p1a: Delphox|[anim] Ivy Cudgel Water
|-supereffective|p1a: Delphox
|-damage|p1a: Delphox|0 fnt
|faint|p1a: Delphox
|
|upkeep
|-message|davii67 forfeited.
|
|win|SemperMamba
|raw|davii67's rating: 1260 &rarr; <strong>1233</strong><br />(-27 for losing)
|raw|SemperMamba's rating: 1234 &rarr; <strong>1261</strong><br />(+27 for winning)
|l|☆davii67
|player|p1|
|l|☆SemperMamba
|player|p2|
