|j|☆TrentMercer
|j|☆aethrx
|t:|1779600918
|gametype|singles
|player|p1|TrentMercer|cynthia-gen4|1495
|player|p2|aethrx|169|1454
|gen|9
|tier|[Gen 9] OU
|rated|
|rule|HP Percentage Mod: HP is shown in percentages
|rule|Endless Battle Clause: Forcing endless battles is banned
|rule|Species Clause: Limit one of each Pokémon
|rule|OHKO Clause: OHKO moves are banned
|rule|Evasion Items Clause: Evasion items are banned
|rule|Evasion Moves Clause: Evasion moves are banned
|rule|Evasion Abilities Clause: Evasion abilities are banned
|rule|Sleep Moves Clause: Sleep-inducing moves are banned
|clearpoke
|poke|p1|Slowking-Galar, M|
|poke|p1|Corviknight, F|
|poke|p1|Great Tusk|
|poke|p1|Ogerpon-Wellspring, F|
|poke|p1|Zamazenta-*|
|poke|p1|Darkrai|
|poke|p2|Hydrapple, F|
|poke|p2|Slowking-Galar, F|
|poke|p2|Corviknight, F|
|poke|p2|Ting-Lu|
|poke|p2|Darkrai|
|poke|p2|Cinderace, F|
|teampreview
|
|t:|1779600963
|teamsize|p1|6
|teamsize|p2|6
|start
|switch|p1a: Ogerpon|Ogerpon-Wellspring, F|100/100
|switch|p2a: Cinderace|Cinderace, F|100/100
|turn|1
|
|t:|1779600976
|switch|p1a: Great Tusk|Great Tusk|100/100
|move|p2a: Cinderace|U-turn|p1a: Great Tusk
|-start|p2a: Cinderace|typechange|Bug|[from] ability: Libero
|-resisted|p1a: Great Tusk
|-damage|p1a: Great Tusk|91/100
|
|t:|1779600979
|switch|p2a: Corviknight|Corviknight, F|100/100|[from] U-turn
|-ability|p2a: Corviknight|Pressure
|
|upkeep
|turn|2
|
|t:|1779600981
|-end|p1a: Great Tusk|Protosynthesis|[silent]
|switch|p1a: Corviknight|Corviknight, F, shiny|100/100
|-ability|p1a: Corviknight|Pressure
|move|p2a: Corviknight|Brave Bird|p1a: Corviknight
|-resisted|p1a: Corviknight
|-damage|p1a: Corviknight|89/100
|-damage|p2a: Corviknight|84/100|[from] item: Rocky Helmet|[of] p1a: Corviknight
|-damage|p2a: Corviknight|80/100|[from] Recoil
|
|upkeep
|turn|3
|
|t:|1779600987
|move|p2a: Corviknight|Roost|p2a: Corviknight
|-heal|p2a: Corviknight|100/100
|-singleturn|p2a: Corviknight|move: Roost
|move|p1a: Corviknight|U-turn|p2a: Corviknight
|-resisted|p2a: Corviknight
|-damage|p2a: Corviknight|96/100
|-damage|p1a: Corviknight|72/100|[from] item: Rocky Helmet|[of] p2a: Corviknight
|
|t:|1779601022
|switch|p1a: Slowking|Slowking-Galar, M, shiny|100/100|[from] U-turn
|
|upkeep
|turn|4
|
|t:|1779601032
|move|p2a: Corviknight|Brave Bird|p1a: Slowking
|-damage|p1a: Slowking|62/100
|-damage|p2a: Corviknight|83/100|[from] Recoil
|move|p1a: Slowking|Flamethrower|p2a: Corviknight
|-supereffective|p2a: Corviknight
|-damage|p2a: Corviknight|30/100
|
|upkeep
|turn|5
|
|t:|1779601039
|move|p2a: Corviknight|U-turn|p1a: Slowking
|-damage|p1a: Slowking|47/100
|
|t:|1779601048
|switch|p2a: Darkrai|Darkrai|100/100|[from] U-turn
|move|p1a: Slowking|Flamethrower|p2a: Darkrai
|-damage|p2a: Darkrai|64/100
|
|upkeep
|turn|6
|
|t:|1779601057
|switch|p1a: Darkrai|Darkrai|100/100
|move|p2a: Darkrai|Focus Blast|p1a: Darkrai|[miss]
|-miss|p2a: Darkrai|p1a: Darkrai
|
|upkeep
|turn|7
|
|t:|1779601064
|switch|p1a: Slowking|Slowking-Galar, M, shiny|80/100
|switch|p2a: Ting-Lu|Ting-Lu|100/100
|-ability|p2a: Ting-Lu|Vessel of Ruin
|
|upkeep
|turn|8
|
|t:|1779601071
|switch|p1a: Ogerpon|Ogerpon-Wellspring, F|100/100
|move|p2a: Ting-Lu|Earthquake|p1a: Ogerpon
|-resisted|p1a: Ogerpon
|-crit|p1a: Ogerpon
|-damage|p1a: Ogerpon|67/100
|
|upkeep
|turn|9
|
|t:|1779601079
|switch|p2a: Hydrapple|Hydrapple, F|100/100
|move|p1a: Ogerpon|Play Rough|p2a: Hydrapple
|-supereffective|p2a: Hydrapple
|-damage|p2a: Hydrapple|64/100
|
|upkeep
|turn|10
|
|t:|1779601085
|switch|p1a: Slowking|Slowking-Galar, M, shiny|100/100
|move|p2a: Hydrapple|Giga Drain|p1a: Slowking
|-resisted|p1a: Slowking
|-crit|p1a: Slowking
|-damage|p1a: Slowking|90/100
|-heal|p2a: Hydrapple|69/100|[from] drain|[of] p1a: Slowking
|
|upkeep
|turn|11
|
|t:|1779601093
|switch|p2a: Slowking|Slowking-Galar, F|100/100
|move|p1a: Slowking|Ice Beam|p2a: Slowking
|-damage|p2a: Slowking|84/100
|
|upkeep
|turn|12
|
|t:|1779601096
|move|p1a: Slowking|Psyshock|p2a: Slowking
|-damage|p2a: Slowking|48/100
|move|p2a: Slowking|Future Sight|p1a: Slowking
|-start|p2a: Slowking|move: Future Sight
|
|upkeep
|turn|13
|
|t:|1779601103
|switch|p2a: Darkrai|Darkrai|64/100
|move|p1a: Slowking|Ice Beam|p2a: Darkrai
|-crit|p2a: Darkrai
|-damage|p2a: Darkrai|10/100
|
|upkeep
|turn|14
|
|t:|1779601111
|switch|p1a: Darkrai|Darkrai|100/100
|move|p2a: Darkrai|Dark Pulse|p1a: Darkrai
|-resisted|p1a: Darkrai
|-damage|p1a: Darkrai|67/100
|
|-end|p1a: Darkrai|move: Future Sight
|-immune|p1a: Darkrai
|upkeep
|turn|15
|
|t:|1779601119
|move|p1a: Darkrai|Ice Beam|p2a: Darkrai
|-damage|p2a: Darkrai|0 fnt
|faint|p2a: Darkrai
|
|upkeep
|
|t:|1779601126
|switch|p2a: Cinderace|Cinderace, F|100/100
|turn|16
|
|t:|1779601130
|switch|p1a: Great Tusk|Great Tusk|91/100
|move|p2a: Cinderace|U-turn|p1a: Great Tusk
|-start|p2a: Cinderace|typechange|Bug|[from] ability: Libero
|-resisted|p1a: Great Tusk
|-damage|p1a: Great Tusk|80/100
|
|t:|1779601133
|switch|p2a: Corviknight|Corviknight, F|30/100|[from] U-turn
|-ability|p2a: Corviknight|Pressure
|
|upkeep
|turn|17
|
|t:|1779601138
|move|p1a: Great Tusk|Stealth Rock|p2a: Corviknight
|-sidestart|p2: aethrx|move: Stealth Rock
|move|p2a: Corviknight|Roost|p2a: Corviknight
|-heal|p2a: Corviknight|80/100
|-singleturn|p2a: Corviknight|move: Roost
|
|upkeep
|turn|18
|
|t:|1779601143
|-end|p1a: Great Tusk|Protosynthesis|[silent]
|switch|p1a: Slowking|Slowking-Galar, M, shiny|100/100
|move|p2a: Corviknight|Defog|p1a: Slowking
|-unboost|p1a: Slowking|evasion|1
|-sideend|p2: aethrx|Stealth Rock|[from] move: Defog|[of] p2a: Corviknight
|
|upkeep
|turn|19
|
|t:|1779601150
|move|p2a: Corviknight|U-turn|p1a: Slowking
|-damage|p1a: Slowking|85/100
|
|t:|1779601153
|switch|p2a: Ting-Lu|Ting-Lu|100/100|[from] U-turn
|-ability|p2a: Ting-Lu|Vessel of Ruin
|move|p1a: Slowking|Flamethrower|p2a: Ting-Lu
|-damage|p2a: Ting-Lu|84/100
|
|-heal|p2a: Ting-Lu|90/100|[from] item: Leftovers
|upkeep
|turn|20
|
|t:|1779601159
|switch|p1a: Corviknight|Corviknight, F, shiny|72/100
|-ability|p1a: Corviknight|Pressure
|move|p2a: Ting-Lu|Ruination|p1a: Corviknight
|-damage|p1a: Corviknight|36/100
|
|-heal|p2a: Ting-Lu|96/100|[from] item: Leftovers
|upkeep
|turn|21
|
|t:|1779601166
|move|p1a: Corviknight|Defog|p2a: Ting-Lu
|-unboost|p2a: Ting-Lu|evasion|1
|move|p2a: Ting-Lu|Earthquake|p1a: Corviknight
|-immune|p1a: Corviknight
|
|-heal|p2a: Ting-Lu|100/100|[from] item: Leftovers
|upkeep
|turn|22
|
|t:|1779601173
|move|p1a: Corviknight|U-turn|p2a: Ting-Lu
|-supereffective|p2a: Ting-Lu
|-damage|p2a: Ting-Lu|88/100
|
|t:|1779601177
|switch|p1a: Ogerpon|Ogerpon-Wellspring, F|67/100|[from] U-turn
|move|p2a: Ting-Lu|Ruination|p1a: Ogerpon
|-damage|p1a: Ogerpon|34/100
|
|-heal|p2a: Ting-Lu|95/100|[from] item: Leftovers
|upkeep
|turn|23
|
|t:|1779601183
|switch|p2a: Hydrapple|Hydrapple, F|100/100
|move|p1a: Ogerpon|Ivy Cudgel|p2a: Hydrapple|[anim] Ivy Cudgel Water
|-resisted|p2a: Hydrapple
|-damage|p2a: Hydrapple|93/100
|
|upkeep
|turn|24
|
|t:|1779601189
|switch|p1a: Slowking|Slowking-Galar, M, shiny|100/100
|move|p2a: Hydrapple|Fickle Beam|p1a: Slowking
|-damage|p1a: Slowking|83/100
|
|upkeep
|turn|25
|
|t:|1779601206
|switch|p2a: Corviknight|Corviknight, F|80/100
|-ability|p2a: Corviknight|Pressure
|move|p1a: Slowking|Ice Beam|p2a: Corviknight
|-damage|p2a: Corviknight|52/100
|
|upkeep
|turn|26
|
|t:|1779601212
|switch|p2a: Ting-Lu|Ting-Lu|95/100
|-ability|p2a: Ting-Lu|Vessel of Ruin
|move|p1a: Slowking|Flamethrower|p2a: Ting-Lu
|-damage|p2a: Ting-Lu|79/100
|
|-heal|p2a: Ting-Lu|85/100|[from] item: Leftovers
|upkeep
|turn|27
|
|t:|1779601218
|switch|p1a: Corviknight|Corviknight, F, shiny|36/100
|-ability|p1a: Corviknight|Pressure
|move|p2a: Ting-Lu|Earthquake|p1a: Corviknight
|-immune|p1a: Corviknight
|
|-heal|p2a: Ting-Lu|91/100|[from] item: Leftovers
|upkeep
|turn|28
|
|t:|1779601220
|move|p1a: Corviknight|U-turn|p2a: Ting-Lu
|-supereffective|p2a: Ting-Lu
|-damage|p2a: Ting-Lu|80/100
|
|t:|1779601226
|switch|p1a: Great Tusk|Great Tusk|80/100|[from] U-turn
|move|p2a: Ting-Lu|Ruination|p1a: Great Tusk
|-damage|p1a: Great Tusk|40/100
|
|-heal|p2a: Ting-Lu|86/100|[from] item: Leftovers
|upkeep
|turn|29
|
|t:|1779601231
|switch|p2a: Corviknight|Corviknight, F|52/100
|-ability|p2a: Corviknight|Pressure
|move|p1a: Great Tusk|Stealth Rock|p2a: Corviknight
|-sidestart|p2: aethrx|move: Stealth Rock
|
|upkeep
|turn|30
|
|t:|1779601235
|-end|p1a: Great Tusk|Protosynthesis|[silent]
|switch|p1a: Slowking|Slowking-Galar, M, shiny|100/100
|move|p2a: Corviknight|Roost|p2a: Corviknight
|-heal|p2a: Corviknight|100/100
|-singleturn|p2a: Corviknight|move: Roost
|
|upkeep
|turn|31
|
|t:|1779601239
|move|p2a: Corviknight|Defog|p1a: Slowking
|-unboost|p1a: Slowking|evasion|1
|-sideend|p2: aethrx|Stealth Rock|[from] move: Defog|[of] p2a: Corviknight
|move|p1a: Slowking|Flamethrower|p2a: Corviknight
|-supereffective|p2a: Corviknight
|-damage|p2a: Corviknight|43/100
|
|upkeep
|turn|32
|
|t:|1779601246
|move|p2a: Corviknight|U-turn|p1a: Slowking
|-damage|p1a: Slowking|85/100
|
|t:|1779601247
|switch|p2a: Slowking|Slowking-Galar, F|81/100|[from] U-turn
|move|p1a: Slowking|Flamethrower|p2a: Slowking
|-damage|p2a: Slowking|64/100
|-status|p2a: Slowking|brn
|
|-damage|p2a: Slowking|58/100 brn|[from] brn
|upkeep
|turn|33
|
|t:|1779601253
|switch|p2a: Ting-Lu|Ting-Lu|86/100
|-ability|p2a: Ting-Lu|Vessel of Ruin
|move|p1a: Slowking|Psyshock|p2a: Ting-Lu
|-immune|p2a: Ting-Lu
|
|-heal|p2a: Ting-Lu|93/100|[from] item: Leftovers
|upkeep
|turn|34
|inactive|Battle timer is ON: inactive players will automatically lose when time's up. (requested by TrentMercer)
|
|t:|1779601262
|switch|p1a: Great Tusk|Great Tusk|40/100
|move|p2a: Ting-Lu|Whirlwind|p1a: Great Tusk
|-end|p1a: Great Tusk|Protosynthesis|[silent]
|drag|p1a: Ogerpon|Ogerpon-Wellspring, F|34/100
|
|-heal|p2a: Ting-Lu|99/100|[from] item: Leftovers
|upkeep
|turn|35
|
|t:|1779601269
|switch|p2a: Hydrapple|Hydrapple, F|100/100
|move|p1a: Ogerpon|Knock Off|p2a: Hydrapple
|-damage|p2a: Hydrapple|81/100
|-enditem|p2a: Hydrapple|Heavy-Duty Boots|[from] move: Knock Off|[of] p1a: Ogerpon
|
|upkeep
|turn|36
|
|t:|1779601279
|switch|p1a: Slowking|Slowking-Galar, M, shiny|100/100
|move|p2a: Hydrapple|Fickle Beam|p1a: Slowking
|-damage|p1a: Slowking|85/100
|
|upkeep
|turn|37
|
|t:|1779601291
|switch|p2a: Cinderace|Cinderace, F|100/100
|move|p1a: Slowking|Psyshock|p2a: Cinderace
|-damage|p2a: Cinderace|50/100
|
|upkeep
|turn|38
|
|t:|1779601298
|move|p2a: Cinderace|U-turn|p1a: Slowking
|-start|p2a: Cinderace|typechange|Bug|[from] ability: Libero
|-damage|p1a: Slowking|50/100
|
|t:|1779601303
|switch|p2a: Ting-Lu|Ting-Lu|99/100|[from] U-turn
|-ability|p2a: Ting-Lu|Vessel of Ruin
|move|p1a: Slowking|Psyshock|p2a: Ting-Lu
|-immune|p2a: Ting-Lu
|
|-heal|p2a: Ting-Lu|100/100|[from] item: Leftovers
|upkeep
|turn|39
|
|t:|1779601316
|switch|p1a: Great Tusk|Great Tusk|40/100
|move|p2a: Ting-Lu|Ruination|p1a: Great Tusk
|-damage|p1a: Great Tusk|21/100
|
|upkeep
|turn|40
|
|t:|1779601320
|switch|p2a: Corviknight|Corviknight, F|43/100
|-ability|p2a: Corviknight|Pressure
|move|p1a: Great Tusk|Stealth Rock|p2a: Corviknight
|-sidestart|p2: aethrx|move: Stealth Rock
|
|upkeep
|turn|41
|
|t:|1779601325
|-end|p1a: Great Tusk|Protosynthesis|[silent]
|switch|p1a: Slowking|Slowking-Galar, M, shiny|83/100
|move|p2a: Corviknight|Defog|p1a: Slowking
|-unboost|p1a: Slowking|evasion|1
|-sideend|p2: aethrx|Stealth Rock|[from] move: Defog|[of] p2a: Corviknight
|
|upkeep
|turn|42
|
|t:|1779601334
|switch|p2a: Ting-Lu|Ting-Lu|100/100
|-ability|p2a: Ting-Lu|Vessel of Ruin
|move|p1a: Slowking|Flamethrower|p2a: Ting-Lu
|-damage|p2a: Ting-Lu|84/100
|-status|p2a: Ting-Lu|brn
|
|-heal|p2a: Ting-Lu|91/100 brn|[from] item: Leftovers
|-damage|p2a: Ting-Lu|84/100 brn|[from] brn
|upkeep
|turn|43
|
|t:|1779601342
|switch|p1a: Corviknight|Corviknight, F, shiny|36/100
|-ability|p1a: Corviknight|Pressure
|move|p2a: Ting-Lu|Earthquake|p1a: Corviknight
|-immune|p1a: Corviknight
|
|-heal|p2a: Ting-Lu|91/100 brn|[from] item: Leftovers
|-damage|p2a: Ting-Lu|84/100 brn|[from] brn
|upkeep
|turn|44
|
|t:|1779601347
|move|p1a: Corviknight|Roost|p1a: Corviknight
|-heal|p1a: Corviknight|86/100
|-singleturn|p1a: Corviknight|move: Roost
|move|p2a: Ting-Lu|Ruination|p1a: Corviknight
|-damage|p1a: Corviknight|44/100
|
|-heal|p2a: Ting-Lu|91/100 brn|[from] item: Leftovers
|-damage|p2a: Ting-Lu|84/100 brn|[from] brn
|upkeep
|turn|45
|
|t:|1779601355
|move|p1a: Corviknight|Roost|p1a: Corviknight
|-heal|p1a: Corviknight|94/100
|-singleturn|p1a: Corviknight|move: Roost
|move|p2a: Ting-Lu|Ruination|p1a: Corviknight
|-damage|p1a: Corviknight|47/100
|
|-heal|p2a: Ting-Lu|91/100 brn|[from] item: Leftovers
|-damage|p2a: Ting-Lu|84/100 brn|[from] brn
|upkeep
|turn|46
|
|t:|1779601361
|move|p1a: Corviknight|U-turn|p2a: Ting-Lu
|-supereffective|p2a: Ting-Lu
|-damage|p2a: Ting-Lu|73/100 brn
|
|t:|1779601364
|switch|p1a: Great Tusk|Great Tusk|21/100|[from] U-turn
|move|p2a: Ting-Lu|Ruination|p1a: Great Tusk
|-damage|p1a: Great Tusk|11/100
|
|-heal|p2a: Ting-Lu|79/100 brn|[from] item: Leftovers
|-damage|p2a: Ting-Lu|73/100 brn|[from] brn
|upkeep
|turn|47
|
|t:|1779601372
|switch|p2a: Corviknight|Corviknight, F|43/100
|-ability|p2a: Corviknight|Pressure
|move|p1a: Great Tusk|Stealth Rock|p2a: Corviknight
|-sidestart|p2: aethrx|move: Stealth Rock
|
|upkeep
|turn|48
|
|t:|1779601376
|-end|p1a: Great Tusk|Protosynthesis|[silent]
|switch|p1a: Slowking|Slowking-Galar, M, shiny|100/100
|move|p2a: Corviknight|Roost|p2a: Corviknight
|-heal|p2a: Corviknight|93/100
|-singleturn|p2a: Corviknight|move: Roost
|
|upkeep
|turn|49
|
|t:|1779601381
|move|p2a: Corviknight|Defog|p1a: Slowking
|-unboost|p1a: Slowking|evasion|1
|-sideend|p2: aethrx|Stealth Rock|[from] move: Defog|[of] p2a: Corviknight
|move|p1a: Slowking|Flamethrower|p2a: Corviknight
|-supereffective|p2a: Corviknight
|-damage|p2a: Corviknight|37/100
|
|upkeep
|turn|50
|
|t:|1779601387
|switch|p2a: Ting-Lu|Ting-Lu|73/100 brn
|-ability|p2a: Ting-Lu|Vessel of Ruin
|move|p1a: Slowking|Ice Beam|p2a: Ting-Lu
|-supereffective|p2a: Ting-Lu
|-damage|p2a: Ting-Lu|37/100 brn
|
|-heal|p2a: Ting-Lu|43/100 brn|[from] item: Leftovers
|-damage|p2a: Ting-Lu|37/100 brn|[from] brn
|upkeep
|turn|51
|
|t:|1779601395
|switch|p1a: Corviknight|Corviknight, F, shiny|47/100
|-ability|p1a: Corviknight|Pressure
|move|p2a: Ting-Lu|Earthquake|p1a: Corviknight
|-immune|p1a: Corviknight
|
|-heal|p2a: Ting-Lu|43/100 brn|[from] item: Leftovers
|-damage|p2a: Ting-Lu|37/100 brn|[from] brn
|upkeep
|turn|52
|
|t:|1779601400
|move|p1a: Corviknight|Roost|p1a: Corviknight
|-heal|p1a: Corviknight|97/100
|-singleturn|p1a: Corviknight|move: Roost
|move|p2a: Ting-Lu|Whirlwind|p1a: Corviknight
|drag|p1a: Zamazenta|Zamazenta|100/100
|-ability|p1a: Zamazenta|Dauntless Shield|boost
|-boost|p1a: Zamazenta|def|1
|
|-heal|p2a: Ting-Lu|43/100 brn|[from] item: Leftovers
|-damage|p2a: Ting-Lu|37/100 brn|[from] brn
|upkeep
|turn|53
|
|t:|1779601412
|switch|p2a: Slowking|Slowking-Galar, F|92/100 brn
|move|p1a: Zamazenta|Body Press|p2a: Slowking
|-resisted|p2a: Slowking
|-damage|p2a: Slowking|78/100 brn
|
|-damage|p2a: Slowking|72/100 brn|[from] brn
|upkeep
|turn|54
|
|t:|1779601419
|move|p1a: Zamazenta|Crunch|p2a: Slowking
|-supereffective|p2a: Slowking
|-damage|p2a: Slowking|28/100 brn
|move|p2a: Slowking|Thunder Wave|p1a: Zamazenta|[miss]
|-miss|p2a: Slowking|p1a: Zamazenta
|
|-damage|p2a: Slowking|22/100 brn|[from] brn
|upkeep
|turn|55
|
|t:|1779601425
|switch|p2a: Corviknight|Corviknight, F|37/100
|-ability|p2a: Corviknight|Pressure
|move|p1a: Zamazenta|Crunch|p2a: Corviknight
|-damage|p2a: Corviknight|24/100
|-damage|p1a: Zamazenta|84/100|[from] item: Rocky Helmet|[of] p2a: Corviknight
|
|-heal|p1a: Zamazenta|90/100|[from] item: Leftovers
|upkeep
|turn|56
|
|t:|1779601432
|switch|p2a: Slowking|Slowking-Galar, F|55/100 brn
|move|p1a: Zamazenta|Body Press|p2a: Slowking
|-resisted|p2a: Slowking
|-damage|p2a: Slowking|42/100 brn
|
|-heal|p1a: Zamazenta|96/100|[from] item: Leftovers
|-damage|p2a: Slowking|36/100 brn|[from] brn
|upkeep
|turn|57
|
|t:|1779601439
|switch|p2a: Corviknight|Corviknight, F|24/100
|-ability|p2a: Corviknight|Pressure
|move|p1a: Zamazenta|Crunch|p2a: Corviknight
|-damage|p2a: Corviknight|11/100
|-damage|p1a: Zamazenta|80/100|[from] item: Rocky Helmet|[of] p2a: Corviknight
|
|-heal|p1a: Zamazenta|86/100|[from] item: Leftovers
|upkeep
|turn|58
|
|t:|1779601446
|move|p1a: Zamazenta|Crunch|p2a: Corviknight
|-damage|p2a: Corviknight|0 fnt
|-damage|p1a: Zamazenta|70/100|[from] item: Rocky Helmet|[of] p2a: Corviknight
|faint|p2a: Corviknight
|
|-heal|p1a: Zamazenta|76/100|[from] item: Leftovers
|upkeep
|
|t:|1779601453
|switch|p2a: Slowking|Slowking-Galar, F|70/100 brn
|turn|59
|
|t:|1779601457
|switch|p1a: Great Tusk|Great Tusk|11/100
|move|p2a: Slowking|Future Sight|p1a: Great Tusk
|-start|p2a: Slowking|move: Future Sight
|
|-damage|p2a: Slowking|63/100 brn|[from] brn
|upkeep
|turn|60
|
|t:|1779601467
|switch|p2a: Ting-Lu|Ting-Lu|37/100 brn
|-ability|p2a: Ting-Lu|Vessel of Ruin
|move|p1a: Great Tusk|Stealth Rock|p2a: Ting-Lu
|-sidestart|p2: aethrx|move: Stealth Rock
|
|-heal|p2a: Ting-Lu|43/100 brn|[from] item: Leftovers
|-damage|p2a: Ting-Lu|37/100 brn|[from] brn
|upkeep
|turn|61
|
|t:|1779601480
|switch|p2a: Cinderace|Cinderace, F|50/100
|move|p1a: Great Tusk|Rapid Spin|p2a: Cinderace
|-damage|p2a: Cinderace|30/100
|-boost|p1a: Great Tusk|spe|1
|
|-end|p1a: Great Tusk|move: Future Sight
|-supereffective|p1a: Great Tusk
|-damage|p1a: Great Tusk|0 fnt
|faint|p1a: Great Tusk
|-end|p1a: Great Tusk|Protosynthesis|[silent]
|upkeep
|
|t:|1779601493
|switch|p1a: Darkrai|Darkrai|67/100
|turn|62
|
|t:|1779601499
|switch|p2a: Ting-Lu|Ting-Lu|37/100 brn
|-damage|p2a: Ting-Lu|31/100 brn|[from] Stealth Rock
|-ability|p2a: Ting-Lu|Vessel of Ruin
|move|p1a: Darkrai|Dark Pulse|p2a: Ting-Lu
|-resisted|p2a: Ting-Lu
|-damage|p2a: Ting-Lu|19/100 brn
|
|-heal|p2a: Ting-Lu|25/100 brn|[from] item: Leftovers
|-damage|p2a: Ting-Lu|19/100 brn|[from] brn
|upkeep
|turn|63
|
|t:|1779601510
|switch|p1a: Corviknight|Corviknight, F, shiny|97/100
|-ability|p1a: Corviknight|Pressure
|move|p2a: Ting-Lu|Ruination|p1a: Corviknight
|-damage|p1a: Corviknight|49/100
|
|-heal|p2a: Ting-Lu|25/100 brn|[from] item: Leftovers
|-damage|p2a: Ting-Lu|19/100 brn|[from] brn
|upkeep
|turn|64
|
|t:|1779601524
|move|p1a: Corviknight|Brave Bird|p2a: Ting-Lu
|-damage|p2a: Ting-Lu|4/100 brn
|-damage|p1a: Corviknight|42/100|[from] Recoil
|move|p2a: Ting-Lu|Ruination|p1a: Corviknight
|-damage|p1a: Corviknight|22/100
|
|-heal|p2a: Ting-Lu|10/100 brn|[from] item: Leftovers
|-damage|p2a: Ting-Lu|4/100 brn|[from] brn
|upkeep
|turn|65
|
|t:|1779601530
|move|p1a: Corviknight|Roost|p1a: Corviknight
|-heal|p1a: Corviknight|72/100
|-singleturn|p1a: Corviknight|move: Roost
|move|p2a: Ting-Lu|Ruination|p1a: Corviknight
|-damage|p1a: Corviknight|36/100
|
|-heal|p2a: Ting-Lu|10/100 brn|[from] item: Leftovers
|-damage|p2a: Ting-Lu|4/100 brn|[from] brn
|upkeep
|turn|66
|
|t:|1779601538
|move|p1a: Corviknight|Roost|p1a: Corviknight
|-heal|p1a: Corviknight|86/100
|-singleturn|p1a: Corviknight|move: Roost
|move|p2a: Ting-Lu|Earthquake|p1a: Corviknight
|-supereffective|p1a: Corviknight
|-damage|p1a: Corviknight|64/100
|
|-heal|p2a: Ting-Lu|10/100 brn|[from] item: Leftovers
|-damage|p2a: Ting-Lu|4/100 brn|[from] brn
|upkeep
|turn|67
|
|t:|1779601544
|move|p1a: Corviknight|U-turn|p2a: Ting-Lu
|-supereffective|p2a: Ting-Lu
|-damage|p2a: Ting-Lu|0 fnt
|faint|p2a: Ting-Lu
|
|t:|1779601548
|switch|p1a: Darkrai|Darkrai|67/100|[from] U-turn
|
|upkeep
|
|t:|1779601560
|switch|p2a: Slowking|Slowking-Galar, F|97/100 brn
|turn|68
|
|t:|1779601565
|move|p1a: Darkrai|Dark Pulse|p2a: Slowking
|-supereffective|p2a: Slowking
|-damage|p2a: Slowking|48/100 brn
|move|p2a: Slowking|Thunder Wave|p1a: Darkrai
|-status|p1a: Darkrai|par
|
|-damage|p2a: Slowking|42/100 brn|[from] brn
|upkeep
|turn|69
|
|t:|1779601571
|switch|p2a: Cinderace|Cinderace, F|30/100
|move|p1a: Darkrai|Dark Pulse|p2a: Cinderace
|-damage|p2a: Cinderace|0 fnt
|faint|p2a: Cinderace
|
|upkeep
|
|t:|1779601575
|switch|p2a: Hydrapple|Hydrapple, F|100/100
|-damage|p2a: Hydrapple|88/100|[from] Stealth Rock
|turn|70
|
|t:|1779601579
|switch|p1a: Slowking|Slowking-Galar, M, shiny|100/100
|move|p2a: Hydrapple|Nasty Plot|p2a: Hydrapple
|-boost|p2a: Hydrapple|spa|2
|
|upkeep
|turn|71
|
|t:|1779601582
|-terastallize|p2a: Hydrapple|Steel
|move|p2a: Hydrapple|Nasty Plot|p2a: Hydrapple
|-boost|p2a: Hydrapple|spa|2
|move|p1a: Slowking|Ice Beam|p2a: Hydrapple
|-resisted|p2a: Hydrapple
|-damage|p2a: Hydrapple|74/100
|
|upkeep
|turn|72
|
|t:|1779601589
|move|p2a: Hydrapple|Earth Power|p1a: Slowking
|-supereffective|p1a: Slowking
|-damage|p1a: Slowking|26/100
|-unboost|p1a: Slowking|spd|1
|move|p1a: Slowking|Flamethrower|p2a: Hydrapple
|-supereffective|p2a: Hydrapple
|-damage|p2a: Hydrapple|20/100
|
|upkeep
|turn|73
|
|t:|1779601606
|switch|p1a: Darkrai|Darkrai|67/100 par
|move|p2a: Hydrapple|Giga Drain|p1a: Darkrai
|-damage|p1a: Darkrai|0 fnt
|-heal|p2a: Hydrapple|42/100|[from] drain|[of] p1a: Darkrai
|faint|p1a: Darkrai
|
|upkeep
|
|t:|1779601619
|switch|p1a: Zamazenta|Zamazenta|76/100
|turn|74
|inactive|aethrx has 120 seconds left.
|
|t:|1779601674
|switch|p2a: Slowking|Slowking-Galar, F|75/100 brn
|move|p1a: Zamazenta|Body Press|p2a: Slowking
|-resisted|p2a: Slowking
|-damage|p2a: Slowking|67/100 brn
|
|-heal|p1a: Zamazenta|82/100|[from] item: Leftovers
|-damage|p2a: Slowking|61/100 brn|[from] brn
|upkeep
|turn|75
|
|t:|1779601684
|switch|p1a: Slowking|Slowking-Galar, M, shiny|60/100
|move|p2a: Slowking|Future Sight|p1a: Slowking
|-start|p2a: Slowking|move: Future Sight
|
|-damage|p2a: Slowking|55/100 brn|[from] brn
|upkeep
|turn|76
|
|t:|1779601696
|move|p1a: Slowking|Psyshock|p2a: Slowking
|-damage|p2a: Slowking|18/100 brn
|move|p2a: Slowking|Thunder Wave|p1a: Slowking
|-status|p1a: Slowking|par
|
|-damage|p2a: Slowking|12/100 brn|[from] brn
|upkeep
|turn|77
|
|t:|1779601707
|switch|p2a: Hydrapple|Hydrapple, F, tera:Steel|75/100
|-damage|p2a: Hydrapple|69/100|[from] Stealth Rock
|move|p1a: Slowking|Flamethrower|p2a: Hydrapple
|-supereffective|p2a: Hydrapple
|-damage|p2a: Hydrapple|18/100
|
|-end|p1a: Slowking|move: Future Sight
|-damage|p1a: Slowking|37/100 par
|upkeep
|turn|78
|
|t:|1779601725
|switch|p1a: Corviknight|Corviknight, F, shiny|64/100
|-ability|p1a: Corviknight|Pressure
|move|p2a: Hydrapple|Nasty Plot|p2a: Hydrapple
|-boost|p2a: Hydrapple|spa|2
|
|upkeep
|turn|79
|
|t:|1779601730
|move|p1a: Corviknight|Brave Bird|p2a: Hydrapple
|-resisted|p2a: Hydrapple
|-damage|p2a: Hydrapple|8/100
|-damage|p1a: Corviknight|60/100|[from] Recoil
|move|p2a: Hydrapple|Fickle Beam|p1a: Corviknight
|-resisted|p1a: Corviknight
|-damage|p1a: Corviknight|29/100
|
|upkeep
|turn|80
|
|t:|1779601738
|switch|p2a: Slowking|Slowking-Galar, F|45/100 brn
|move|p1a: Corviknight|Brave Bird|p2a: Slowking
|-damage|p2a: Slowking|5/100 brn
|-damage|p1a: Corviknight|16/100|[from] Recoil
|
|-damage|p2a: Slowking|0 fnt|[from] brn
|faint|p2a: Slowking
|upkeep
|
|t:|1779601739
|switch|p2a: Hydrapple|Hydrapple, F, tera:Steel|41/100
|-damage|p2a: Hydrapple|35/100|[from] Stealth Rock
|turn|81
|c|☆TrentMercer|gg
|
|t:|1779601745
|move|p1a: Corviknight|Brave Bird|p2a: Hydrapple
|-resisted|p2a: Hydrapple
|-damage|p2a: Hydrapple|24/100
|-damage|p1a: Corviknight|12/100|[from] Recoil
|move|p2a: Hydrapple|Nasty Plot|p2a: Hydrapple
|-boost|p2a: Hydrapple|spa|2
|
|upkeep
|turn|82
|c|☆aethrx|ggwp
|
|t:|1779601755
|move|p1a: Corviknight|Brave Bird|p2a: Hydrapple
|-resisted|p2a: Hydrapple
|-damage|p2a: Hydrapple|14/100
|-damage|p1a: Corviknight|8/100|[from] Recoil
|move|p2a: Hydrapple|Giga Drain|p1a: Corviknight
|-resisted|p1a: Corviknight
|-damage|p1a: Corviknight|0 fnt
|-heal|p2a: Hydrapple|18/100|[from] drain|[of] p1a: Corviknight
|faint|p1a: Corviknight
|
|upkeep
|
|t:|1779601762
|switch|p1a: Zamazenta|Zamazenta|82/100
|turn|83
|
|t:|1779601780
|move|p1a: Zamazenta|Body Press|p2a: Hydrapple
|-supereffective|p2a: Hydrapple
|-damage|p2a: Hydrapple|0 fnt
|faint|p2a: Hydrapple
|
|win|TrentMercer
|raw|TrentMercer's rating: 1495 &rarr; <strong>1513</strong><br />(+18 for winning)
|raw|aethrx's rating: 1454 &rarr; <strong>1436</strong><br />(-18 for losing)
|l|☆aethrx
|player|p2|
|l|☆TrentMercer
|player|p1|
