|j|☆npctypebeat
|j|☆gvgvjvfcgv
|t:|1779588167
|gametype|singles
|player|p1|npctypebeat|2|1136
|player|p2|gvgvjvfcgv|266|1230
|gen|9
|tier|[Gen 9] OU
|rated|
|rule|HP Percentage Mod: HP is shown in percentages
|rule|Endless Battle Clause: Forcing endless battles is banned
|rule|Species Clause: Limit one of each Pokémon
|rule|OHKO Clause: OHKO moves are banned
|rule|Evasion Items Clause: Evasion items are banned
|rule|Evasion Moves Clause: Evasion moves are banned
|rule|Evasion Abilities Clause: Evasion abilities are banned
|rule|Sleep Moves Clause: Sleep-inducing moves are banned
|clearpoke
|poke|p1|Corviknight, M|
|poke|p1|Ting-Lu|
|poke|p1|Kyurem|
|poke|p1|Dondozo, F|
|poke|p1|Slowking-Galar, F|
|poke|p1|Cinderace, F|
|poke|p2|Dragonite, F|
|poke|p2|Gengar, F|
|poke|p2|Clefable, M|
|poke|p2|Ditto|
|poke|p2|Weezing, F|
|poke|p2|Arcanine-Hisui, M|
|teampreview
|inactive|Battle timer is ON: inactive players will automatically lose when time's up. (requested by gvgvjvfcgv)
|c|☆npctypebeat|hf
|
|t:|1779588186
|teamsize|p1|6
|teamsize|p2|6
|start
|switch|p1a: Cinderace|Cinderace, F|100/100
|switch|p2a: Ditto|Ditto, shiny|100/100
|-transform|p2a: Ditto|p1a: Cinderace|[from] ability: Imposter
|turn|1
|inactive|npctypebeat also wants the timer to be on.
|
|t:|1779588198
|move|p2a: Ditto|U-turn|p1a: Cinderace
|-resisted|p1a: Cinderace
|-damage|p1a: Cinderace|90/100
|
|t:|1779588202
|switch|p2a: Weezing|Weezing, F|100/100|[from] U-turn
|move|p1a: Cinderace|Pyro Ball|p2a: Weezing
|-damage|p2a: Weezing|66/100
|
|-heal|p2a: Weezing|72/100|[from] item: Leftovers
|upkeep
|turn|2
|
|t:|1779588219
|switch|p1a: Slowking|Slowking-Galar, F|100/100
|move|p2a: Weezing|Toxic|p1a: Slowking
|-immune|p1a: Slowking
|
|-heal|p2a: Weezing|78/100|[from] item: Leftovers
|upkeep
|turn|3
|
|t:|1779588227
|move|p2a: Weezing|Protect|p2a: Weezing
|-singleturn|p2a: Weezing|Protect
|move|p1a: Slowking|Future Sight|p2a: Weezing
|-start|p1a: Slowking|move: Future Sight
|
|-heal|p2a: Weezing|84/100|[from] item: Leftovers
|upkeep
|turn|4
|
|t:|1779588246
|switch|p2a: Clefable|Clefable, M|100/100
|move|p1a: Slowking|Ice Beam|p2a: Clefable
|-damage|p2a: Clefable|86/100
|
|-heal|p2a: Clefable|92/100|[from] item: Leftovers
|upkeep
|turn|5
|inactive|npctypebeat has 120 seconds left.
|
|t:|1779588273
|move|p2a: Clefable|Calm Mind|p2a: Clefable
|-boost|p2a: Clefable|spa|1
|-boost|p2a: Clefable|spd|1
|move|p1a: Slowking|Sludge Bomb|p2a: Clefable
|-supereffective|p2a: Clefable
|-damage|p2a: Clefable|64/100
|-status|p2a: Clefable|psn
|
|-end|p2a: Clefable|move: Future Sight
|-damage|p2a: Clefable|44/100 psn
|-heal|p2a: Clefable|50/100 psn|[from] item: Leftovers
|upkeep
|turn|6
|inactive|npctypebeat has 120 seconds left.
|
|t:|1779588290
|switch|p1a: Cinderace|Cinderace, F|90/100
|move|p2a: Clefable|Moonlight|p2a: Clefable
|-heal|p2a: Clefable|100/100 psn
|
|upkeep
|turn|7
|inactive|npctypebeat has 120 seconds left.
|
|t:|1779588302
|switch|p2a: Weezing|Weezing, F|84/100
|move|p1a: Cinderace|Pyro Ball|p2a: Weezing
|-damage|p2a: Weezing|55/100
|
|-heal|p2a: Weezing|61/100|[from] item: Leftovers
|upkeep
|turn|8
|inactive|npctypebeat has 120 seconds left.
|
|t:|1779588315
|switch|p1a: Slowking|Slowking-Galar, F|100/100
|move|p2a: Weezing|Protect||[still]
|-fail|p2a: Weezing
|
|-heal|p2a: Weezing|67/100|[from] item: Leftovers
|upkeep
|turn|9
|inactive|npctypebeat has 120 seconds left.
|
|t:|1779588328
|switch|p2a: Arcanine|Arcanine-Hisui, M|100/100
|move|p1a: Slowking|Future Sight|p2a: Arcanine
|-start|p1a: Slowking|move: Future Sight
|
|upkeep
|turn|10
|inactive|npctypebeat has 120 seconds left.
|
|t:|1779588339
|move|p2a: Arcanine|Flare Blitz|p1a: Slowking
|-damage|p1a: Slowking|57/100
|-status|p1a: Slowking|brn
|move|p1a: Slowking|Sludge Bomb|p2a: Arcanine
|-resisted|p2a: Arcanine
|-damage|p2a: Arcanine|79/100
|
|-damage|p1a: Slowking|51/100 brn|[from] brn
|upkeep
|turn|11
|inactive|npctypebeat has 120 seconds left.
|
|t:|1779588363
|switch|p2a: Clefable|Clefable, M|100/100 psn
|switch|p1a: Cinderace|Cinderace, F|90/100
|
|-end|p2a: Clefable|move: Future Sight
|-damage|p2a: Clefable|71/100 psn
|-heal|p2a: Clefable|77/100 psn|[from] item: Leftovers
|upkeep
|turn|12
|
|t:|1779588390
|move|p1a: Cinderace|Pyro Ball|p2a: Clefable
|-damage|p2a: Clefable|19/100 psn
|move|p2a: Clefable|Thunder Wave|p1a: Cinderace
|-status|p1a: Cinderace|par
|
|-heal|p2a: Clefable|25/100 psn|[from] item: Leftovers
|upkeep
|turn|13
|
|t:|1779588402
|switch|p2a: Weezing|Weezing, F|67/100
|move|p1a: Cinderace|Pyro Ball|p2a: Weezing
|-damage|p2a: Weezing|37/100
|
|-heal|p2a: Weezing|43/100|[from] item: Leftovers
|upkeep
|turn|14
|inactive|npctypebeat has 120 seconds left.
|
|t:|1779588410
|switch|p1a: Slowking|Slowking-Galar, F|84/100 brn
|move|p2a: Weezing|Toxic||[still]
|-fail|p2a: Weezing
|
|-heal|p2a: Weezing|49/100|[from] item: Leftovers
|-damage|p1a: Slowking|78/100 brn|[from] brn
|upkeep
|turn|15
|inactive|npctypebeat has 120 seconds left.
|
|t:|1779588427
|move|p2a: Weezing|Fire Blast|p1a: Slowking
|-damage|p1a: Slowking|60/100 brn
|move|p1a: Slowking|Future Sight|p2a: Weezing
|-start|p1a: Slowking|move: Future Sight
|
|-heal|p2a: Weezing|55/100|[from] item: Leftovers
|-damage|p1a: Slowking|54/100 brn|[from] brn
|upkeep
|turn|16
|inactive|npctypebeat has 120 seconds left.
|
|t:|1779588443
|move|p2a: Weezing|Protect|p2a: Weezing
|-singleturn|p2a: Weezing|Protect
|move|p1a: Slowking|Ice Beam|p2a: Weezing
|-activate|p2a: Weezing|move: Protect
|
|-heal|p2a: Weezing|61/100|[from] item: Leftovers
|-damage|p1a: Slowking|47/100 brn|[from] brn
|upkeep
|turn|17
|
|t:|1779588458
|switch|p2a: Clefable|Clefable, M|25/100 psn
|move|p1a: Slowking|Sludge Bomb|p2a: Clefable
|-supereffective|p2a: Clefable
|-crit|p2a: Clefable
|-damage|p2a: Clefable|0 fnt
|faint|p2a: Clefable
|
|-hint|Future Sight did not hit because the target is fainted.
|-damage|p1a: Slowking|41/100 brn|[from] brn
|upkeep
|
|t:|1779588469
|switch|p2a: Arcanine|Arcanine-Hisui, M|79/100
|turn|18
|
|t:|1779588479
|switch|p1a: Kyurem|Kyurem|100/100
|-ability|p1a: Kyurem|Pressure
|move|p2a: Arcanine|Head Smash|p1a: Kyurem|[miss]
|-miss|p2a: Arcanine|p1a: Kyurem
|
|upkeep
|turn|19
|inactive|npctypebeat has 120 seconds left.
|
|t:|1779588486
|move|p2a: Arcanine|Head Smash|p1a: Kyurem
|-supereffective|p1a: Kyurem
|-damage|p1a: Kyurem|0 fnt
|faint|p1a: Kyurem
|
|upkeep
|inactive|npctypebeat has 120 seconds left.
|
|t:|1779588499
|switch|p1a: Slowking|Slowking-Galar, F|75/100 brn
|turn|20
|
|t:|1779588504
|move|p2a: Arcanine|Head Smash|p1a: Slowking
|-damage|p1a: Slowking|26/100 brn
|move|p1a: Slowking|Future Sight|p2a: Arcanine
|-start|p1a: Slowking|move: Future Sight
|
|-damage|p1a: Slowking|20/100 brn|[from] brn
|upkeep
|turn|21
|
|t:|1779588519
|switch|p1a: Ting-Lu|Ting-Lu|100/100
|-ability|p1a: Ting-Lu|Vessel of Ruin
|move|p2a: Arcanine|Head Smash|p1a: Ting-Lu
|-resisted|p1a: Ting-Lu
|-damage|p1a: Ting-Lu|81/100
|
|-heal|p1a: Ting-Lu|87/100|[from] item: Leftovers
|upkeep
|turn|22
|
|t:|1779588533
|switch|p2a: Ditto|Ditto, shiny|100/100
|-transform|p2a: Ditto|p1a: Ting-Lu|[from] ability: Imposter
|-ability|p2a: Ditto|Vessel of Ruin
|move|p1a: Ting-Lu|Payback|p2a: Ditto
|-resisted|p2a: Ditto
|-damage|p2a: Ditto|91/100
|
|-end|p2a: Ditto|move: Future Sight
|-immune|p2a: Ditto
|-heal|p1a: Ting-Lu|94/100|[from] item: Leftovers
|upkeep
|turn|23
|
|t:|1779588560
|switch|p2a: Weezing|Weezing, F|61/100
|move|p1a: Ting-Lu|Payback|p2a: Weezing
|-damage|p2a: Weezing|49/100
|
|-heal|p2a: Weezing|55/100|[from] item: Leftovers
|-heal|p1a: Ting-Lu|99/100|[from] item: Leftovers
|upkeep
|turn|24
|
|t:|1779588572
|switch|p1a: Slowking|Slowking-Galar, F|53/100 brn
|move|p2a: Weezing|Toxic||[still]
|-fail|p2a: Weezing
|
|-heal|p2a: Weezing|61/100|[from] item: Leftovers
|-damage|p1a: Slowking|47/100 brn|[from] brn
|upkeep
|turn|25
|
|t:|1779588587
|move|p2a: Weezing|Fire Blast|p1a: Slowking
|-damage|p1a: Slowking|30/100 brn
|move|p1a: Slowking|Future Sight|p2a: Weezing
|-start|p1a: Slowking|move: Future Sight
|
|-heal|p2a: Weezing|67/100|[from] item: Leftovers
|-damage|p1a: Slowking|24/100 brn|[from] brn
|upkeep
|turn|26
|
|t:|1779588597
|switch|p1a: Ting-Lu|Ting-Lu|99/100
|-ability|p1a: Ting-Lu|Vessel of Ruin
|move|p2a: Weezing|Fire Blast|p1a: Ting-Lu
|-damage|p1a: Ting-Lu|90/100
|
|-heal|p2a: Weezing|73/100|[from] item: Leftovers
|-heal|p1a: Ting-Lu|96/100|[from] item: Leftovers
|upkeep
|turn|27
|
|t:|1779588606
|move|p2a: Weezing|Protect|p2a: Weezing
|-singleturn|p2a: Weezing|Protect
|move|p1a: Ting-Lu|Payback|p2a: Weezing
|-activate|p2a: Weezing|move: Protect
|
|-end|p2a: Weezing|move: Future Sight
|-supereffective|p2a: Weezing
|-damage|p2a: Weezing|0 fnt
|faint|p2a: Weezing
|-heal|p1a: Ting-Lu|100/100|[from] item: Leftovers
|upkeep
|
|t:|1779588616
|switch|p2a: Dragonite|Dragonite, F|100/100
|turn|28
|
|t:|1779588633
|move|p2a: Dragonite|Dragon Dance|p2a: Dragonite
|-boost|p2a: Dragonite|atk|1
|-boost|p2a: Dragonite|spe|1
|move|p1a: Ting-Lu|Payback|p2a: Dragonite
|-damage|p2a: Dragonite|81/100
|
|upkeep
|turn|29
|
|t:|1779588654
|move|p2a: Dragonite|Dragon Dance|p2a: Dragonite
|-boost|p2a: Dragonite|atk|1
|-boost|p2a: Dragonite|spe|1
|move|p1a: Ting-Lu|Payback|p2a: Dragonite
|-damage|p2a: Dragonite|37/100
|
|upkeep
|turn|30
|
|t:|1779588665
|move|p2a: Dragonite|Roost|p2a: Dragonite
|-heal|p2a: Dragonite|87/100
|-singleturn|p2a: Dragonite|move: Roost
|move|p1a: Ting-Lu|Payback|p2a: Dragonite
|-damage|p2a: Dragonite|46/100
|
|upkeep
|turn|31
|
|t:|1779588685
|switch|p1a: Slowking|Slowking-Galar, F|57/100 brn
|move|p2a: Dragonite|Roost|p2a: Dragonite
|-heal|p2a: Dragonite|96/100
|-singleturn|p2a: Dragonite|move: Roost
|
|-damage|p1a: Slowking|51/100 brn|[from] brn
|upkeep
|turn|32
|
|t:|1779588695
|move|p2a: Dragonite|Earthquake|p1a: Slowking
|-supereffective|p1a: Slowking
|-enditem|p1a: Slowking|Shuca Berry|[eat]
|-enditem|p1a: Slowking|Shuca Berry|[weaken]
|-damage|p1a: Slowking|0 fnt
|faint|p1a: Slowking
|
|upkeep
|
|t:|1779588705
|switch|p1a: Dondozo|Dondozo, F|100/100
|turn|33
|
|t:|1779588711
|move|p2a: Dragonite|Roost|p2a: Dragonite
|-heal|p2a: Dragonite|100/100
|-singleturn|p2a: Dragonite|move: Roost
|move|p1a: Dondozo|Waterfall|p2a: Dragonite
|-resisted|p2a: Dragonite
|-damage|p2a: Dragonite|93/100
|
|upkeep
|turn|34
|
|t:|1779588726
|-terastallize|p2a: Dragonite|Normal
|move|p2a: Dragonite|Extreme Speed|p1a: Dondozo
|-damage|p1a: Dondozo|74/100
|move|p1a: Dondozo|Waterfall|p2a: Dragonite
|-damage|p2a: Dragonite|60/100
|
|-heal|p1a: Dondozo|80/100|[from] item: Leftovers
|upkeep
|turn|35
|
|t:|1779588742
|move|p2a: Dragonite|Dragon Dance|p2a: Dragonite
|-boost|p2a: Dragonite|atk|1
|-boost|p2a: Dragonite|spe|1
|move|p1a: Dondozo|Body Press|p2a: Dragonite
|-supereffective|p2a: Dragonite
|-damage|p2a: Dragonite|10/100
|
|-heal|p1a: Dondozo|87/100|[from] item: Leftovers
|upkeep
|turn|36
|inactive|npctypebeat has 120 seconds left.
|
|t:|1779588757
|switch|p2a: Gengar|Gengar, F|100/100
|move|p1a: Dondozo|Body Press|p2a: Gengar
|-immune|p2a: Gengar
|
|-heal|p1a: Dondozo|93/100|[from] item: Leftovers
|upkeep
|turn|37
|inactive|npctypebeat has 120 seconds left.
|
|t:|1779588775
|move|p2a: Gengar|Trick|p1a: Dondozo
|-activate|p2a: Gengar|move: Trick|[of] p1a: Dondozo
|-item|p1a: Dondozo|Choice Scarf|[from] move: Trick
|-item|p2a: Gengar|Leftovers|[from] move: Trick
|move|p1a: Dondozo|Waterfall|p2a: Gengar
|-damage|p2a: Gengar|46/100
|
|-heal|p2a: Gengar|52/100|[from] item: Leftovers
|upkeep
|turn|38
|inactive|npctypebeat has 120 seconds left.
|
|t:|1779588791
|switch|p1a: Ting-Lu|Ting-Lu|100/100
|-ability|p1a: Ting-Lu|Vessel of Ruin
|move|p2a: Gengar|Destiny Bond|p2a: Gengar
|-singlemove|p2a: Gengar|Destiny Bond
|
|-heal|p2a: Gengar|58/100|[from] item: Leftovers
|upkeep
|turn|39
|
|t:|1779588806
|switch|p2a: Ditto|Ditto, shiny|91/100
|-transform|p2a: Ditto|p1a: Ting-Lu|[from] ability: Imposter
|-ability|p2a: Ditto|Vessel of Ruin
|move|p1a: Ting-Lu|Payback|p2a: Ditto
|-resisted|p2a: Ditto
|-damage|p2a: Ditto|83/100
|
|upkeep
|turn|40
|
|t:|1779588820
|move|p2a: Ditto|Earthquake|p1a: Ting-Lu
|-damage|p1a: Ting-Lu|82/100
|move|p1a: Ting-Lu|Earthquake|p2a: Ditto
|-damage|p2a: Ditto|46/100
|
|-heal|p1a: Ting-Lu|88/100|[from] item: Leftovers
|upkeep
|turn|41
|
|t:|1779588845
|move|p2a: Ditto|Earthquake|p1a: Ting-Lu
|-damage|p1a: Ting-Lu|69/100
|move|p1a: Ting-Lu|Payback|p2a: Ditto
|-resisted|p2a: Ditto
|-damage|p2a: Ditto|30/100
|
|-heal|p1a: Ting-Lu|75/100|[from] item: Leftovers
|upkeep
|turn|42
|inactive|npctypebeat has 90 seconds left.
|
|t:|1779588869
|move|p2a: Ditto|Earthquake|p1a: Ting-Lu
|-damage|p1a: Ting-Lu|55/100
|move|p1a: Ting-Lu|Sleep Talk||[still]
|-fail|p1a: Ting-Lu
|
|-heal|p1a: Ting-Lu|62/100|[from] item: Leftovers
|upkeep
|turn|43
|inactive|npctypebeat has 90 seconds left.
|
|t:|1779588892
|move|p2a: Ditto|Earthquake|p1a: Ting-Lu
|-damage|p1a: Ting-Lu|42/100
|move|p1a: Ting-Lu|Sleep Talk||[still]
|-fail|p1a: Ting-Lu
|
|-heal|p1a: Ting-Lu|49/100|[from] item: Leftovers
|upkeep
|turn|44
|
|t:|1779588913
|move|p2a: Ditto|Earthquake|p1a: Ting-Lu
|-damage|p1a: Ting-Lu|29/100
|move|p1a: Ting-Lu|Payback|p2a: Ditto
|-resisted|p2a: Ditto
|-damage|p2a: Ditto|14/100
|
|-heal|p1a: Ting-Lu|36/100|[from] item: Leftovers
|upkeep
|turn|45
|inactive|npctypebeat has 60 seconds left.
|
|t:|1779588942
|-activate|p2a: Ditto|move: Struggle
|move|p2a: Ditto|Struggle|p1a: Ting-Lu
|-damage|p1a: Ting-Lu|29/100
|-damage|p2a: Ditto|0 fnt|[from] recoil
|faint|p2a: Ditto
|move|p1a: Ting-Lu|Earthquake|p2: Ditto|[notarget]
|-fail|p1a: Ting-Lu
|
|-heal|p1a: Ting-Lu|35/100|[from] item: Leftovers
|upkeep
|
|t:|1779588951
|switch|p2a: Dragonite|Dragonite, F, tera:Normal|10/100
|turn|46
|inactive|npctypebeat has 60 seconds left.
|
|t:|1779588981
|move|p2a: Dragonite|Roost|p2a: Dragonite
|-heal|p2a: Dragonite|60/100
|move|p1a: Ting-Lu|Earthquake|p2a: Dragonite
|-damage|p2a: Dragonite|22/100
|
|-heal|p1a: Ting-Lu|41/100|[from] item: Leftovers
|upkeep
|turn|47
|inactive|npctypebeat has 30 seconds left.
|
|t:|1779589003
|move|p2a: Dragonite|Roost|p2a: Dragonite
|-heal|p2a: Dragonite|72/100
|move|p1a: Ting-Lu|Payback|p2a: Dragonite
|-damage|p2a: Dragonite|32/100
|
|-heal|p1a: Ting-Lu|48/100|[from] item: Leftovers
|upkeep
|turn|48
|inactive|npctypebeat has 30 seconds left.
|
|t:|1779589023
|move|p2a: Dragonite|Earthquake|p1a: Ting-Lu
|-damage|p1a: Ting-Lu|26/100
|move|p1a: Ting-Lu|Payback|p2a: Dragonite
|-damage|p2a: Dragonite|0 fnt
|faint|p2a: Dragonite
|
|-heal|p1a: Ting-Lu|32/100|[from] item: Leftovers
|upkeep
|-message|gvgvjvfcgv forfeited.
|
|win|npctypebeat
|raw|npctypebeat's rating: 1129 &rarr; <strong>1161</strong><br />(+32 for winning)
|raw|gvgvjvfcgv's rating: 1230 &rarr; <strong>1198</strong><br />(-32 for losing)
|l|☆gvgvjvfcgv
|player|p2|
|c|☆npctypebeat|gg
