|j|☆mackoy507
|j|☆ChessDennis
|t:|1779577937
|gametype|singles
|player|p1|mackoy507|nate|1326
|player|p2|ChessDennis|170|1318
|gen|9
|tier|[Gen 9] OU
|rated|
|rule|HP Percentage Mod: HP is shown in percentages
|rule|Endless Battle Clause: Forcing endless battles is banned
|rule|Species Clause: Limit one of each Pokémon
|rule|OHKO Clause: OHKO moves are banned
|rule|Evasion Items Clause: Evasion items are banned
|rule|Evasion Moves Clause: Evasion moves are banned
|rule|Evasion Abilities Clause: Evasion abilities are banned
|rule|Sleep Moves Clause: Sleep-inducing moves are banned
|clearpoke
|poke|p1|Weezing-Galar, F|
|poke|p1|Alomomola, M|
|poke|p1|Blissey, F|
|poke|p1|Umbreon, F|
|poke|p1|Meowscarada, F|
|poke|p1|Gholdengo|
|poke|p2|Frosmoth, F|
|poke|p2|Venomoth, F|
|poke|p2|Ribombee, F|
|poke|p2|Lokix, F|
|poke|p2|Deoxys-Speed|
|poke|p2|Corviknight, M|
|teampreview
|inactive|Battle timer is ON: inactive players will automatically lose when time's up. (requested by mackoy507)
|
|t:|1779577946
|teamsize|p1|6
|teamsize|p2|6
|start
|switch|p1a: Meowscarada|Meowscarada, F|100/100
|switch|p2a: Deoxys|Deoxys-Speed|100/100
|-ability|p2a: Deoxys|Pressure
|turn|1
|
|t:|1779577953
|move|p1a: Meowscarada|U-turn|p2a: Deoxys
|-start|p1a: Meowscarada|typechange|Bug|[from] ability: Protean
|-supereffective|p2a: Deoxys
|-crit|p2a: Deoxys
|-enditem|p2a: Deoxys|Focus Sash
|-damage|p2a: Deoxys|1/100
|
|t:|1779577960
|switch|p1a: Alomomola|Alomomola, M|100/100|[from] U-turn
|move|p2a: Deoxys|Stealth Rock|p1a: Alomomola
|-sidestart|p1: mackoy507|move: Stealth Rock
|
|upkeep
|turn|2
|
|t:|1779577965
|move|p2a: Deoxys|Reflect|p2a: Deoxys
|-sidestart|p2: ChessDennis|Reflect
|move|p1a: Alomomola|Flip Turn|p2a: Deoxys
|-damage|p2a: Deoxys|0 fnt
|faint|p2a: Deoxys
|
|t:|1779577971
|switch|p1a: Weezing|Weezing-Galar, F|100/100|[from] Flip Turn
|-ability|p1a: Weezing|Neutralizing Gas
|-damage|p1a: Weezing|88/100|[from] Stealth Rock
|
|upkeep
|
|t:|1779577974
|switch|p2a: Venomoth|Venomoth, F|100/100
|turn|3
|
|t:|1779577979
|move|p2a: Venomoth|Quiver Dance|p2a: Venomoth
|-boost|p2a: Venomoth|spa|1
|-boost|p2a: Venomoth|spd|1
|-boost|p2a: Venomoth|spe|1
|move|p1a: Weezing|Defog|p2a: Venomoth
|-unboost|p2a: Venomoth|evasion|1
|-sideend|p2: ChessDennis|Reflect
|-sideend|p1: mackoy507|Stealth Rock|[from] move: Defog|[of] p1a: Weezing
|
|upkeep
|turn|4
|
|t:|1779577989
|-end|p1a: Weezing|ability: Neutralizing Gas
|switch|p1a: Blissey|Blissey, F|100/100
|move|p2a: Venomoth|Substitute|p2a: Venomoth
|-start|p2a: Venomoth|Substitute
|-damage|p2a: Venomoth|75/100
|
|-heal|p2a: Venomoth|81/100|[from] item: Leftovers
|-damage|p1a: Blissey|88/100|[from] item: Black Sludge
|upkeep
|turn|5
|
|t:|1779577995
|move|p2a: Venomoth|Quiver Dance|p2a: Venomoth
|-boost|p2a: Venomoth|spa|1
|-boost|p2a: Venomoth|spd|1
|-boost|p2a: Venomoth|spe|1
|move|p1a: Blissey|Flamethrower|p2a: Venomoth
|-supereffective|p2a: Venomoth
|-end|p2a: Venomoth|Substitute
|
|-heal|p2a: Venomoth|87/100|[from] item: Leftovers
|-damage|p1a: Blissey|76/100|[from] item: Black Sludge
|upkeep
|turn|6
|
|t:|1779578000
|move|p2a: Venomoth|Bug Buzz|p1a: Blissey
|-damage|p1a: Blissey|44/100
|move|p1a: Blissey|Flamethrower|p2a: Venomoth
|-supereffective|p2a: Venomoth
|-damage|p2a: Venomoth|62/100
|
|-heal|p2a: Venomoth|68/100|[from] item: Leftovers
|-damage|p1a: Blissey|32/100|[from] item: Black Sludge
|upkeep
|turn|7
|
|t:|1779578003
|move|p2a: Venomoth|Bug Buzz|p1a: Blissey
|-damage|p1a: Blissey|0 fnt
|faint|p1a: Blissey
|
|-heal|p2a: Venomoth|74/100|[from] item: Leftovers
|upkeep
|
|t:|1779578010
|switch|p1a: Meowscarada|Meowscarada, F|100/100
|turn|8
|
|t:|1779578017
|move|p1a: Meowscarada|Trick|p2a: Venomoth
|-start|p1a: Meowscarada|typechange|Psychic|[from] ability: Protean
|-activate|p1a: Meowscarada|move: Trick|[of] p2a: Venomoth
|-item|p2a: Venomoth|Choice Scarf|[from] move: Trick
|-item|p1a: Meowscarada|Leftovers|[from] move: Trick
|move|p2a: Venomoth|Morning Sun|p2a: Venomoth
|-heal|p2a: Venomoth|100/100
|
|upkeep
|turn|9
|
|t:|1779578027
|switch|p1a: Weezing|Weezing-Galar, F|88/100
|-ability|p1a: Weezing|Neutralizing Gas
|move|p2a: Venomoth|Morning Sun|p2a: Venomoth
|-fail|p2a: Venomoth|heal
|
|upkeep
|turn|10
|
|t:|1779578035
|move|p2a: Venomoth|Morning Sun|p2a: Venomoth
|-fail|p2a: Venomoth|heal
|move|p1a: Weezing|Will-O-Wisp|p2a: Venomoth
|-status|p2a: Venomoth|brn
|
|-damage|p2a: Venomoth|94/100 brn|[from] brn
|upkeep
|turn|11
|
|t:|1779578041
|switch|p2a: Lokix|Lokix, F|100/100
|move|p1a: Weezing|Will-O-Wisp|p2a: Lokix
|-status|p2a: Lokix|brn
|
|-damage|p2a: Lokix|94/100 brn|[from] brn
|upkeep
|turn|12
|
|t:|1779578047
|-terastallize|p2a: Lokix|Normal
|move|p2a: Lokix|Facade|p1a: Weezing
|-damage|p1a: Weezing|29/100
|-damage|p2a: Lokix|78/100 brn|[from] item: Rocky Helmet|[of] p1a: Weezing
|move|p1a: Weezing|Toxic||[still]
|-fail|p1a: Weezing
|
|-damage|p2a: Lokix|72/100 brn|[from] brn
|upkeep
|turn|13
|
|t:|1779578055
|switch|p2a: Corviknight|Corviknight, M|100/100
|-end|p1a: Weezing|ability: Neutralizing Gas
|-ability|p2a: Corviknight|Pressure
|switch|p1a: Alomomola|Alomomola, M|100/100
|
|upkeep
|turn|14
|
|t:|1779578061
|move|p2a: Corviknight|Bulk Up|p2a: Corviknight
|-boost|p2a: Corviknight|atk|1
|-boost|p2a: Corviknight|def|1
|move|p1a: Alomomola|Wish|p1a: Alomomola
|
|upkeep
|turn|15
|
|t:|1779578066
|move|p2a: Corviknight|Agility|p2a: Corviknight
|-boost|p2a: Corviknight|spe|2
|move|p1a: Alomomola|Scald|p2a: Corviknight
|-damage|p2a: Corviknight|91/100
|
|upkeep
|turn|16
|
|t:|1779578074
|move|p2a: Corviknight|Bulk Up|p2a: Corviknight
|-boost|p2a: Corviknight|atk|1
|-boost|p2a: Corviknight|def|1
|move|p1a: Alomomola|Scald|p2a: Corviknight
|-damage|p2a: Corviknight|79/100
|-status|p2a: Corviknight|brn
|
|-damage|p2a: Corviknight|73/100 brn|[from] brn
|upkeep
|turn|17
|
|t:|1779578076
|move|p2a: Corviknight|Bulk Up|p2a: Corviknight
|-boost|p2a: Corviknight|atk|1
|-boost|p2a: Corviknight|def|1
|move|p1a: Alomomola|Wish|p1a: Alomomola
|
|-damage|p2a: Corviknight|67/100 brn|[from] brn
|upkeep
|turn|18
|
|t:|1779578078
|move|p2a: Corviknight|Bulk Up|p2a: Corviknight
|-boost|p2a: Corviknight|atk|1
|-boost|p2a: Corviknight|def|1
|move|p1a: Alomomola|Flip Turn|p2a: Corviknight
|-damage|p2a: Corviknight|63/100 brn
|
|t:|1779578081
|switch|p1a: Weezing|Weezing-Galar, F|29/100|[from] Flip Turn
|-ability|p1a: Weezing|Neutralizing Gas
|
|-heal|p1a: Weezing|100/100|[from] move: Wish|[wisher] Alomomola
|-damage|p2a: Corviknight|56/100 brn|[from] brn
|upkeep
|turn|19
|
|t:|1779578088
|move|p2a: Corviknight|Power Trip|p1a: Weezing
|-resisted|p1a: Weezing
|-damage|p1a: Weezing|80/100
|-damage|p2a: Corviknight|40/100 brn|[from] item: Rocky Helmet|[of] p1a: Weezing
|move|p1a: Weezing|Flamethrower|p2a: Corviknight
|-supereffective|p2a: Corviknight
|-damage|p2a: Corviknight|12/100 brn
|-enditem|p2a: Corviknight|Weakness Policy
|-boost|p2a: Corviknight|atk|2|[from] item: Weakness Policy
|-boost|p2a: Corviknight|spa|2|[from] item: Weakness Policy
|
|-damage|p2a: Corviknight|6/100 brn|[from] brn
|upkeep
|turn|20
|
|t:|1779578102
|move|p2a: Corviknight|Roost|p2a: Corviknight
|-heal|p2a: Corviknight|56/100 brn
|-singleturn|p2a: Corviknight|move: Roost
|move|p1a: Weezing|Flamethrower|p2a: Corviknight
|-supereffective|p2a: Corviknight
|-damage|p2a: Corviknight|26/100 brn
|
|-damage|p2a: Corviknight|20/100 brn|[from] brn
|upkeep
|turn|21
|
|t:|1779578105
|move|p2a: Corviknight|Roost|p2a: Corviknight
|-heal|p2a: Corviknight|70/100 brn
|-singleturn|p2a: Corviknight|move: Roost
|move|p1a: Weezing|Flamethrower|p2a: Corviknight
|-supereffective|p2a: Corviknight
|-damage|p2a: Corviknight|43/100 brn
|
|-damage|p2a: Corviknight|36/100 brn|[from] brn
|upkeep
|turn|22
|
|t:|1779578109
|move|p2a: Corviknight|Roost|p2a: Corviknight
|-heal|p2a: Corviknight|86/100 brn
|-singleturn|p2a: Corviknight|move: Roost
|move|p1a: Weezing|Flamethrower|p2a: Corviknight
|-supereffective|p2a: Corviknight
|-damage|p2a: Corviknight|59/100 brn
|
|-damage|p2a: Corviknight|53/100 brn|[from] brn
|upkeep
|turn|23
|
|t:|1779578113
|move|p2a: Corviknight|Agility|p2a: Corviknight
|-boost|p2a: Corviknight|spe|2
|move|p1a: Weezing|Flamethrower|p2a: Corviknight
|-supereffective|p2a: Corviknight
|-damage|p2a: Corviknight|23/100 brn
|
|-damage|p2a: Corviknight|17/100 brn|[from] brn
|upkeep
|turn|24
|
|t:|1779578115
|move|p2a: Corviknight|Roost|p2a: Corviknight
|-heal|p2a: Corviknight|67/100 brn
|-singleturn|p2a: Corviknight|move: Roost
|move|p1a: Weezing|Flamethrower|p2a: Corviknight
|-supereffective|p2a: Corviknight
|-damage|p2a: Corviknight|41/100 brn
|
|-damage|p2a: Corviknight|35/100 brn|[from] brn
|upkeep
|turn|25
|
|t:|1779578117
|move|p2a: Corviknight|Roost|p2a: Corviknight
|-heal|p2a: Corviknight|85/100 brn
|-singleturn|p2a: Corviknight|move: Roost
|move|p1a: Weezing|Flamethrower|p2a: Corviknight
|-supereffective|p2a: Corviknight
|-crit|p2a: Corviknight
|-damage|p2a: Corviknight|40/100 brn
|
|-damage|p2a: Corviknight|34/100 brn|[from] brn
|upkeep
|turn|26
|
|t:|1779578121
|move|p2a: Corviknight|Roost|p2a: Corviknight
|-heal|p2a: Corviknight|84/100 brn
|-singleturn|p2a: Corviknight|move: Roost
|move|p1a: Weezing|Flamethrower|p2a: Corviknight
|-supereffective|p2a: Corviknight
|-damage|p2a: Corviknight|54/100 brn
|
|-damage|p2a: Corviknight|48/100 brn|[from] brn
|upkeep
|turn|27
|
|t:|1779578125
|move|p2a: Corviknight|Power Trip|p1a: Weezing
|-resisted|p1a: Weezing
|-damage|p1a: Weezing|36/100
|-damage|p2a: Corviknight|31/100 brn|[from] item: Rocky Helmet|[of] p1a: Weezing
|move|p1a: Weezing|Flamethrower|p2a: Corviknight
|-supereffective|p2a: Corviknight
|-damage|p2a: Corviknight|4/100 brn
|
|-damage|p2a: Corviknight|0 fnt|[from] brn
|faint|p2a: Corviknight
|upkeep
|
|t:|1779578139
|switch|p2a: Venomoth|Venomoth, F|94/100 brn
|turn|28
|
|t:|1779578144
|-end|p1a: Weezing|ability: Neutralizing Gas
|switch|p1a: Meowscarada|Meowscarada, F|100/100
|move|p2a: Venomoth|Bug Buzz|p1a: Meowscarada
|-supereffective|p1a: Meowscarada
|-damage|p1a: Meowscarada|0 fnt
|faint|p1a: Meowscarada
|
|-damage|p2a: Venomoth|88/100 brn|[from] brn
|upkeep
|
|t:|1779578155
|switch|p1a: Gholdengo|Gholdengo|100/100
|turn|29
|
|t:|1779578158
|move|p2a: Venomoth|Bug Buzz|p1a: Gholdengo
|-resisted|p1a: Gholdengo
|-damage|p1a: Gholdengo|78/100
|move|p1a: Gholdengo|Make It Rain|p2a: Venomoth
|-damage|p2a: Venomoth|1/100 brn
|-unboost|p1a: Gholdengo|spa|1
|
|-damage|p2a: Venomoth|0 fnt|[from] brn
|faint|p2a: Venomoth
|upkeep
|
|t:|1779578161
|switch|p2a: Lokix|Lokix, F, tera:Normal|72/100 brn
|turn|30
|
|t:|1779578165
|move|p1a: Gholdengo|Protect|p1a: Gholdengo
|-singleturn|p1a: Gholdengo|Protect
|move|p2a: Lokix|Knock Off|p1a: Gholdengo
|-activate|p1a: Gholdengo|move: Protect
|
|-damage|p2a: Lokix|66/100 brn|[from] brn
|upkeep
|turn|31
|
|t:|1779578173
|switch|p1a: Weezing|Weezing-Galar, F|36/100
|-ability|p1a: Weezing|Neutralizing Gas
|move|p2a: Lokix|Knock Off|p1a: Weezing
|-resisted|p1a: Weezing
|-damage|p1a: Weezing|25/100
|-damage|p2a: Lokix|49/100 brn|[from] item: Rocky Helmet|[of] p1a: Weezing
|-enditem|p1a: Weezing|Rocky Helmet|[from] move: Knock Off|[of] p2a: Lokix
|
|-damage|p2a: Lokix|43/100 brn|[from] brn
|upkeep
|turn|32
|
|t:|1779578181
|switch|p2a: Frosmoth|Frosmoth, F|100/100
|move|p1a: Weezing|Flamethrower|p2a: Frosmoth
|-supereffective|p2a: Frosmoth
|-damage|p2a: Frosmoth|3/100
|
|upkeep
|turn|33
|
|t:|1779578188
|move|p2a: Frosmoth|Ice Beam|p1a: Weezing
|-crit|p1a: Weezing
|-damage|p1a: Weezing|0 fnt
|faint|p1a: Weezing
|-end|p1a: Weezing|ability: Neutralizing Gas
|
|upkeep
|
|t:|1779578191
|switch|p1a: Alomomola|Alomomola, M|100/100
|turn|34
|
|t:|1779578194
|move|p2a: Frosmoth|Rest|p2a: Frosmoth
|-status|p2a: Frosmoth|slp|[from] move: Rest
|-heal|p2a: Frosmoth|100/100 slp|[silent]
|move|p1a: Alomomola|Flip Turn|p2a: Frosmoth
|-damage|p2a: Frosmoth|84/100 slp
|
|t:|1779578198
|switch|p1a: Gholdengo|Gholdengo|78/100|[from] Flip Turn
|
|upkeep
|turn|35
|
|t:|1779578202
|move|p1a: Gholdengo|Make It Rain|p2a: Frosmoth
|-supereffective|p2a: Frosmoth
|-damage|p2a: Frosmoth|0 fnt
|-unboost|p1a: Gholdengo|spa|1
|faint|p2a: Frosmoth
|
|upkeep
|
|t:|1779578204
|switch|p2a: Lokix|Lokix, F, tera:Normal|43/100 brn
|turn|36
|
|t:|1779578208
|switch|p1a: Alomomola|Alomomola, M|100/100
|move|p2a: Lokix|Facade|p1a: Alomomola
|-damage|p1a: Alomomola|51/100
|-damage|p2a: Lokix|27/100 brn|[from] item: Rocky Helmet|[of] p1a: Alomomola
|
|-damage|p2a: Lokix|21/100 brn|[from] brn
|upkeep
|turn|37
|
|t:|1779578218
|move|p2a: Lokix|Facade|p1a: Alomomola
|-damage|p1a: Alomomola|0 fnt
|-damage|p2a: Lokix|4/100 brn|[from] item: Rocky Helmet|[of] p1a: Alomomola
|faint|p1a: Alomomola
|
|-damage|p2a: Lokix|0 fnt|[from] brn
|faint|p2a: Lokix
|upkeep
|
|t:|1779578223
|switch|p2a: Ribombee|Ribombee, F|100/100
|switch|p1a: Gholdengo|Gholdengo|78/100
|turn|38
|
|t:|1779578229
|move|p2a: Ribombee|Quiver Dance|p2a: Ribombee
|-boost|p2a: Ribombee|spa|1
|-boost|p2a: Ribombee|spd|1
|-boost|p2a: Ribombee|spe|1
|move|p1a: Gholdengo|Trick|p2a: Ribombee
|-activate|p1a: Gholdengo|move: Trick|[of] p2a: Ribombee
|-item|p2a: Ribombee|Toxic Orb|[from] move: Trick
|-item|p1a: Gholdengo|Life Orb|[from] move: Trick
|
|-status|p2a: Ribombee|tox|[from] item: Toxic Orb
|upkeep
|turn|39
|
|t:|1779578235
|move|p2a: Ribombee|Quiver Dance|p2a: Ribombee
|-boost|p2a: Ribombee|spa|1
|-boost|p2a: Ribombee|spd|1
|-boost|p2a: Ribombee|spe|1
|move|p1a: Gholdengo|Make It Rain|p2a: Ribombee
|-supereffective|p2a: Ribombee
|-damage|p2a: Ribombee|0 fnt
|-unboost|p1a: Gholdengo|spa|1
|faint|p2a: Ribombee
|-damage|p1a: Gholdengo|68/100|[from] item: Life Orb
|
|win|mackoy507
|raw|mackoy507's rating: 1326 &rarr; <strong>1346</strong><br />(+20 for winning)
|raw|ChessDennis's rating: 1318 &rarr; <strong>1298</strong><br />(-20 for losing)
|l|☆mackoy507
|player|p1|
|l|☆ChessDennis
|player|p2|
