|j|☆Psypedro
|j|☆rfewwdqwxwd
|t:|1779716436
|gametype|singles
|player|p1|Psypedro|dragontamer|1172
|player|p2|rfewwdqwxwd|266|1162
|gen|9
|tier|[Gen 9] OU
|rated|
|rule|HP Percentage Mod: HP is shown in percentages
|rule|Endless Battle Clause: Forcing endless battles is banned
|rule|Species Clause: Limit one of each Pokémon
|rule|OHKO Clause: OHKO moves are banned
|rule|Evasion Items Clause: Evasion items are banned
|rule|Evasion Moves Clause: Evasion moves are banned
|rule|Evasion Abilities Clause: Evasion abilities are banned
|rule|Sleep Moves Clause: Sleep-inducing moves are banned
|clearpoke
|poke|p1|Grimmsnarl, M|
|poke|p1|Glimmora, M|
|poke|p1|Dragonite, M|
|poke|p1|Iron Moth|
|poke|p1|Iron Valiant|
|poke|p1|Kingambit, F|
|poke|p2|Ursaluna, M|
|poke|p2|Alomomola, M|
|poke|p2|Weezing-Galar, M|
|poke|p2|Lokix, M|
|poke|p2|Corviknight, F|
|poke|p2|Dragapult, F|
|teampreview
|
|t:|1779716464
|teamsize|p1|6
|teamsize|p2|6
|start
|switch|p1a: Iron Moth|Iron Moth|100/100
|switch|p2a: Lokix|Lokix, M|100/100
|-enditem|p1a: Iron Moth|Booster Energy
|-activate|p1a: Iron Moth|ability: Quark Drive|[fromitem]
|-start|p1a: Iron Moth|quarkdrivespe
|turn|1
|
|t:|1779716484
|switch|p2a: Corviknight|Corviknight, F|100/100
|-ability|p2a: Corviknight|Pressure
|move|p1a: Iron Moth|Sludge Wave|p2a: Corviknight
|-immune|p2a: Corviknight
|
|upkeep
|turn|2
|
|t:|1779716498
|move|p1a: Iron Moth|Fiery Dance|p2a: Corviknight
|-supereffective|p2a: Corviknight
|-damage|p2a: Corviknight|41/100
|move|p2a: Corviknight|U-turn|p1a: Iron Moth
|-resisted|p1a: Iron Moth
|-damage|p1a: Iron Moth|96/100
|
|t:|1779716505
|switch|p2a: Ursaluna|Ursaluna, M|100/100|[from] U-turn
|
|-status|p2a: Ursaluna|brn|[from] item: Flame Orb
|upkeep
|turn|3
|
|t:|1779716515
|-end|p1a: Iron Moth|Quark Drive|[silent]
|switch|p1a: Grimmsnarl|Grimmsnarl, M|100/100
|move|p2a: Ursaluna|Headlong Rush|p1a: Grimmsnarl
|-damage|p1a: Grimmsnarl|0 fnt
|-unboost|p2a: Ursaluna|def|1
|-unboost|p2a: Ursaluna|spd|1
|faint|p1a: Grimmsnarl
|
|-damage|p2a: Ursaluna|94/100 brn|[from] brn
|upkeep
|
|t:|1779716526
|switch|p1a: Iron Moth|Iron Moth|96/100
|turn|4
|
|t:|1779716529
|move|p1a: Iron Moth|Energy Ball|p2a: Ursaluna
|-supereffective|p2a: Ursaluna
|-damage|p2a: Ursaluna|10/100 brn
|move|p2a: Ursaluna|Headlong Rush|p1a: Iron Moth
|-supereffective|p1a: Iron Moth
|-damage|p1a: Iron Moth|0 fnt
|-unboost|p2a: Ursaluna|def|1
|-unboost|p2a: Ursaluna|spd|1
|faint|p1a: Iron Moth
|-end|p1a: Iron Moth|Quark Drive|[silent]
|
|-damage|p2a: Ursaluna|4/100 brn|[from] brn
|upkeep
|inactive|Battle timer is ON: inactive players will automatically lose when time's up. (requested by rfewwdqwxwd)
|
|t:|1779716550
|switch|p1a: Iron Valiant|Iron Valiant|100/100
|-enditem|p1a: Iron Valiant|Booster Energy
|-activate|p1a: Iron Valiant|ability: Quark Drive|[fromitem]
|-start|p1a: Iron Valiant|quarkdrivespe
|turn|5
|
|t:|1779716558
|switch|p2a: Weezing|Weezing-Galar, M|100/100
|-ability|p2a: Weezing|Neutralizing Gas
|move|p1a: Iron Valiant|Moonblast|p2a: Weezing
|-resisted|p2a: Weezing
|-damage|p2a: Weezing|68/100
|
|-heal|p2a: Weezing|74/100|[from] item: Leftovers
|upkeep
|turn|6
|
|t:|1779716573
|move|p1a: Iron Valiant|Calm Mind|p1a: Iron Valiant
|-boost|p1a: Iron Valiant|spa|1
|-boost|p1a: Iron Valiant|spd|1
|move|p2a: Weezing|Toxic|p1a: Iron Valiant
|-status|p1a: Iron Valiant|tox
|
|-heal|p2a: Weezing|80/100|[from] item: Leftovers
|-damage|p1a: Iron Valiant|94/100 tox|[from] psn
|upkeep
|turn|7
|
|t:|1779716582
|move|p2a: Weezing|Protect|p2a: Weezing
|-singleturn|p2a: Weezing|Protect
|move|p1a: Iron Valiant|Calm Mind|p1a: Iron Valiant
|-boost|p1a: Iron Valiant|spa|1
|-boost|p1a: Iron Valiant|spd|1
|
|-heal|p2a: Weezing|86/100|[from] item: Leftovers
|-damage|p1a: Iron Valiant|82/100 tox|[from] psn
|upkeep
|turn|8
|
|t:|1779716602
|-terastallize|p2a: Weezing|Grass
|move|p2a: Weezing|Protect|p2a: Weezing
|-singleturn|p2a: Weezing|Protect
|move|p1a: Iron Valiant|Moonblast|p2a: Weezing
|-activate|p2a: Weezing|move: Protect
|
|-heal|p2a: Weezing|92/100|[from] item: Leftovers
|-damage|p1a: Iron Valiant|63/100 tox|[from] psn
|upkeep
|turn|9
|
|t:|1779716616
|move|p2a: Weezing|Protect||[still]
|-fail|p2a: Weezing
|move|p1a: Iron Valiant|Moonblast|p2a: Weezing
|-damage|p2a: Weezing|0 fnt
|faint|p2a: Weezing
|-end|p2a: Weezing|ability: Neutralizing Gas
|
|-damage|p1a: Iron Valiant|38/100 tox|[from] psn
|upkeep
|
|t:|1779716624
|switch|p2a: Lokix|Lokix, M|100/100
|turn|10
|
|t:|1779716630
|move|p2a: Lokix|First Impression|p1a: Iron Valiant
|-resisted|p1a: Iron Valiant
|-damage|p1a: Iron Valiant|0 fnt
|faint|p1a: Iron Valiant
|-end|p1a: Iron Valiant|Quark Drive|[silent]
|
|upkeep
|
|t:|1779716639
|switch|p1a: Glimmora|Glimmora, M|100/100
|turn|11
|
|t:|1779716664
|switch|p2a: Corviknight|Corviknight, F|41/100
|-ability|p2a: Corviknight|Pressure
|move|p1a: Glimmora|Power Gem|p2a: Corviknight
|-damage|p2a: Corviknight|11/100
|
|-heal|p2a: Corviknight|18/100|[from] item: Leftovers
|upkeep
|turn|12
|
|t:|1779716683
|switch|p1a: Kingambit|Kingambit, F|100/100
|-activate|p1a: Kingambit|ability: Supreme Overlord
|-start|p1a: Kingambit|fallen3|[silent]
|move|p2a: Corviknight|U-turn|p1a: Kingambit
|-damage|p1a: Kingambit|89/100
|
|t:|1779716703
|switch|p2a: Alomomola|Alomomola, M|100/100|[from] U-turn
|
|upkeep
|turn|13
|
|t:|1779716714
|move|p1a: Kingambit|Swords Dance|p1a: Kingambit
|-boost|p1a: Kingambit|atk|2
|move|p2a: Alomomola|Wish|p2a: Alomomola
|
|upkeep
|turn|14
|
|t:|1779716720
|move|p1a: Kingambit|Kowtow Cleave|p2a: Alomomola
|-damage|p2a: Alomomola|21/100
|-damage|p1a: Kingambit|73/100|[from] item: Rocky Helmet|[of] p2a: Alomomola
|move|p2a: Alomomola|Flip Turn|p1a: Kingambit
|-damage|p1a: Kingambit|60/100
|
|t:|1779716731
|switch|p2a: Ursaluna|Ursaluna, M|4/100 brn|[from] Flip Turn
|
|-heal|p2a: Ursaluna|67/100 brn|[from] move: Wish|[wisher] Alomomola
|-damage|p2a: Ursaluna|61/100 brn|[from] brn
|upkeep
|turn|15
|
|t:|1779716744
|move|p2a: Ursaluna|Headlong Rush|p1a: Kingambit
|-supereffective|p1a: Kingambit
|-damage|p1a: Kingambit|0 fnt
|-unboost|p2a: Ursaluna|def|1
|-unboost|p2a: Ursaluna|spd|1
|faint|p1a: Kingambit
|-end|p1a: Kingambit|fallen3|[silent]
|
|-damage|p2a: Ursaluna|55/100 brn|[from] brn
|upkeep
|
|t:|1779716762
|switch|p1a: Dragonite|Dragonite, M|100/100
|turn|16
|
|t:|1779716770
|switch|p2a: Corviknight|Corviknight, F|18/100
|-ability|p2a: Corviknight|Pressure
|move|p1a: Dragonite|Ice Spinner|p2a: Corviknight
|-damage|p2a: Corviknight|0 fnt
|faint|p2a: Corviknight
|
|upkeep
|
|t:|1779716776
|switch|p2a: Alomomola|Alomomola, M|55/100
|turn|17
|
|t:|1779716789
|move|p1a: Dragonite|Dragon Dance|p1a: Dragonite
|-boost|p1a: Dragonite|atk|1
|-boost|p1a: Dragonite|spe|1
|move|p2a: Alomomola|Wish|p2a: Alomomola
|
|upkeep
|turn|18
|
|t:|1779716809
|move|p1a: Dragonite|Ice Spinner|p2a: Alomomola
|-resisted|p2a: Alomomola
|-damage|p2a: Alomomola|42/100
|-damage|p1a: Dragonite|84/100|[from] item: Rocky Helmet|[of] p2a: Alomomola
|move|p2a: Alomomola|Flip Turn|p1a: Dragonite
|-resisted|p1a: Dragonite
|-damage|p1a: Dragonite|75/100
|inactive|rfewwdqwxwd has 120 seconds left.
|
|t:|1779716835
|switch|p2a: Ursaluna|Ursaluna, M|55/100 brn|[from] Flip Turn
|
|-heal|p2a: Ursaluna|100/100 brn|[from] move: Wish|[wisher] Alomomola
|-damage|p2a: Ursaluna|94/100 brn|[from] brn
|upkeep
|turn|19
|
|t:|1779716843
|move|p1a: Dragonite|Ice Spinner|p2a: Ursaluna
|-supereffective|p2a: Ursaluna
|-damage|p2a: Ursaluna|20/100 brn
|move|p2a: Ursaluna|Facade|p1a: Dragonite
|-damage|p1a: Dragonite|0 fnt
|faint|p1a: Dragonite
|
|-damage|p2a: Ursaluna|14/100 brn|[from] brn
|upkeep
|
|t:|1779716853
|switch|p1a: Glimmora|Glimmora, M|100/100
|turn|20
|
|t:|1779716860
|move|p1a: Glimmora|Earth Power|p2a: Ursaluna
|-damage|p2a: Ursaluna|0 fnt
|faint|p2a: Ursaluna
|
|upkeep
|
|t:|1779716868
|switch|p2a: Alomomola|Alomomola, M|75/100
|turn|21
|
|t:|1779716874
|move|p1a: Glimmora|Earth Power|p2a: Alomomola
|-damage|p2a: Alomomola|36/100
|move|p2a: Alomomola|Flip Turn|p1a: Glimmora
|-supereffective|p1a: Glimmora
|-damage|p1a: Glimmora|61/100
|-activate|p1a: Glimmora|ability: Toxic Debris
|-sidestart|p2: rfewwdqwxwd|move: Toxic Spikes
|
|t:|1779716881
|switch|p2a: Lokix|Lokix, M|100/100|[from] Flip Turn
|-status|p2a: Lokix|psn
|
|-damage|p2a: Lokix|88/100 psn|[from] psn
|upkeep
|turn|22
|
|t:|1779716889
|move|p2a: Lokix|First Impression|p1a: Glimmora
|-resisted|p1a: Glimmora
|-damage|p1a: Glimmora|0 fnt
|-activate|p1a: Glimmora|ability: Toxic Debris
|-sidestart|p2: rfewwdqwxwd|move: Toxic Spikes
|faint|p1a: Glimmora
|
|win|rfewwdqwxwd
|raw|Psypedro's rating: 1172 &rarr; <strong>1146</strong><br />(-26 for losing)
|raw|rfewwdqwxwd's rating: 1162 &rarr; <strong>1188</strong><br />(+26 for winning)
|l|☆Psypedro
|player|p1|
