|j|☆LeoN22poke
|j|☆ydhdjfufdidzd
|t:|1779717999
|gametype|singles
|player|p1|LeoN22poke|steven|1121
|player|p2|ydhdjfufdidzd|101|1138
|gen|9
|tier|[Gen 9] OU
|rated|
|rule|HP Percentage Mod: HP is shown in percentages
|rule|Endless Battle Clause: Forcing endless battles is banned
|rule|Species Clause: Limit one of each Pokémon
|rule|OHKO Clause: OHKO moves are banned
|rule|Evasion Items Clause: Evasion items are banned
|rule|Evasion Moves Clause: Evasion moves are banned
|rule|Evasion Abilities Clause: Evasion abilities are banned
|rule|Sleep Moves Clause: Sleep-inducing moves are banned
|clearpoke
|poke|p1|Kingambit, F|
|poke|p1|Zamazenta-*|
|poke|p1|Delphox, F|
|poke|p1|Rillaboom, F|
|poke|p1|Palossand, M|
|poke|p1|Cyclizar, F|
|poke|p2|Ceruledge, M|
|poke|p2|Meowscarada, F|
|poke|p2|Kingambit, M|
|poke|p2|Volcanion|
|poke|p2|Zapdos|
|poke|p2|Glimmora, M|
|teampreview
|
|t:|1779718012
|teamsize|p1|6
|teamsize|p2|6
|start
|switch|p1a: Palossand|Palossand, M, shiny|100/100
|switch|p2a: Glimmora|Glimmora, M, shiny|100/100
|turn|1
|
|t:|1779718028
|move|p2a: Glimmora|Stealth Rock|p1a: Palossand
|-sidestart|p1: LeoN22poke|move: Stealth Rock
|move|p1a: Palossand|Scorching Sands|p2a: Glimmora
|-supereffective|p2a: Glimmora
|-enditem|p2a: Glimmora|Focus Sash
|-damage|p2a: Glimmora|1/100
|
|upkeep
|turn|2
|
|t:|1779718036
|move|p2a: Glimmora|Spikes|p1a: Palossand
|-sidestart|p1: LeoN22poke|Spikes
|move|p1a: Palossand|Stealth Rock|p2a: Glimmora
|-sidestart|p2: ydhdjfufdidzd|move: Stealth Rock
|
|upkeep
|turn|3
|
|t:|1779718042
|move|p2a: Glimmora|Spikes|p1a: Palossand
|-sidestart|p1: LeoN22poke|Spikes
|move|p1a: Palossand|Night Shade|p2a: Glimmora
|-damage|p2a: Glimmora|0 fnt
|faint|p2a: Glimmora
|
|upkeep
|
|t:|1779718050
|switch|p2a: Arbre a chat|Meowscarada, F|100/100
|-damage|p2a: Arbre a chat|88/100|[from] Stealth Rock
|turn|4
|
|t:|1779718061
|move|p2a: Arbre a chat|Triple Axel|p1a: Palossand
|-start|p2a: Arbre a chat|typechange|Ice|[from] ability: Protean
|-supereffective|p1a: Palossand
|-damage|p1a: Palossand|78/100
|-supereffective|p1a: Palossand
|-damage|p1a: Palossand|41/100
|-supereffective|p1a: Palossand
|-damage|p1a: Palossand|0 fnt
|faint|p1a: Palossand
|-hitcount|p1: Palossand|3
|
|upkeep
|
|t:|1779718087
|switch|p1a: Zamazenta|Zamazenta|100/100
|-damage|p1a: Zamazenta|94/100|[from] Stealth Rock
|-damage|p1a: Zamazenta|78/100|[from] Spikes
|-ability|p1a: Zamazenta|Dauntless Shield|boost
|-boost|p1a: Zamazenta|def|1
|turn|5
|
|t:|1779718096
|move|p2a: Arbre a chat|Triple Axel|p1a: Zamazenta
|-damage|p1a: Zamazenta|68/100
|-hitcount|p1a: Zamazenta|1
|move|p1a: Zamazenta|Body Press|p2a: Arbre a chat
|-supereffective|p2a: Arbre a chat
|-damage|p2a: Arbre a chat|0 fnt
|faint|p2a: Arbre a chat
|
|upkeep
|
|t:|1779718106
|switch|p2a: Dark saskeeee|Ceruledge, M|100/100
|-damage|p2a: Dark saskeeee|76/100|[from] Stealth Rock
|turn|6
|
|t:|1779718115
|move|p1a: Zamazenta|Crunch|p2a: Dark saskeeee
|-supereffective|p2a: Dark saskeeee
|-damage|p2a: Dark saskeeee|6/100
|move|p2a: Dark saskeeee|Swords Dance|p2a: Dark saskeeee
|-boost|p2a: Dark saskeeee|atk|2
|
|upkeep
|turn|7
|
|t:|1779718123
|move|p2a: Dark saskeeee|Shadow Sneak|p1a: Zamazenta
|-damage|p1a: Zamazenta|37/100
|-enditem|p1a: Zamazenta|Sitrus Berry|[eat]
|-heal|p1a: Zamazenta|62/100|[from] item: Sitrus Berry
|-damage|p2a: Dark saskeeee|0 fnt|[from] item: Life Orb
|faint|p2a: Dark saskeeee
|move|p1a: Zamazenta|Crunch|p2: Dark saskeeee|[notarget]
|-fail|p1a: Zamazenta
|
|upkeep
|
|t:|1779718137
|switch|p2a: Nuzlok slayer|Zapdos|100/100
|turn|8
|
|t:|1779718151
|switch|p1a: Cyclizar|Cyclizar, F, shiny|100/100
|move|p2a: Nuzlok slayer|Hurricane|p1a: Cyclizar
|-damage|p1a: Cyclizar|0 fnt
|faint|p1a: Cyclizar
|
|upkeep
|
|t:|1779718175
|switch|p1a: Delphox|Delphox, F, shiny|100/100
|-damage|p1a: Delphox|75/100|[from] Stealth Rock
|-item|p1a: Delphox|Air Balloon
|turn|9
|
|t:|1779718184
|move|p1a: Delphox|Mystical Fire|p2a: Nuzlok slayer
|-damage|p2a: Nuzlok slayer|60/100
|-unboost|p2a: Nuzlok slayer|spa|1
|move|p2a: Nuzlok slayer|Discharge|p1a: Delphox
|-damage|p1a: Delphox|42/100
|-enditem|p1a: Delphox|Air Balloon
|
|upkeep
|turn|10
|
|t:|1779718194
|move|p1a: Delphox|Mystical Fire|p2a: Nuzlok slayer
|-damage|p2a: Nuzlok slayer|15/100
|-unboost|p2a: Nuzlok slayer|spa|1
|-item|p1a: Delphox|Heavy-Duty Boots|[from] ability: Magician|[of] p2a: Nuzlok slayer
|move|p2a: Nuzlok slayer|Hurricane|p1a: Delphox
|-damage|p1a: Delphox|7/100
|
|upkeep
|turn|11
|
|t:|1779718208
|move|p1a: Delphox|Mystical Fire|p2a: Nuzlok slayer
|-damage|p2a: Nuzlok slayer|0 fnt
|faint|p2a: Nuzlok slayer
|
|upkeep
|
|t:|1779718214
|switch|p2a: Switch ou sucker|Kingambit, M|100/100
|-damage|p2a: Switch ou sucker|94/100|[from] Stealth Rock
|-activate|p2a: Switch ou sucker|ability: Supreme Overlord
|-start|p2a: Switch ou sucker|fallen4|[silent]
|turn|12
|
|t:|1779718220
|-end|p2a: Switch ou sucker|fallen4|[silent]
|switch|p2a: Miam de l'eau|Volcanion|100/100
|-damage|p2a: Miam de l'eau|76/100|[from] Stealth Rock
|move|p1a: Delphox|Calm Mind|p1a: Delphox
|-boost|p1a: Delphox|spa|1
|-boost|p1a: Delphox|spd|1
|
|upkeep
|turn|13
|
|t:|1779718237
|move|p1a: Delphox|Mystical Fire|p2a: Miam de l'eau
|-resisted|p2a: Miam de l'eau
|-damage|p2a: Miam de l'eau|66/100
|-unboost|p2a: Miam de l'eau|spa|1
|move|p2a: Miam de l'eau|Hydro Pump|p1a: Delphox
|-supereffective|p1a: Delphox
|-damage|p1a: Delphox|0 fnt
|faint|p1a: Delphox
|
|upkeep
|
|t:|1779718251
|switch|p1a: Kingambit|Kingambit, F, shiny|100/100
|-damage|p1a: Kingambit|94/100|[from] Stealth Rock
|-damage|p1a: Kingambit|78/100|[from] Spikes
|-activate|p1a: Kingambit|ability: Supreme Overlord
|-start|p1a: Kingambit|fallen3|[silent]
|turn|14
|
|t:|1779718271
|-terastallize|p1a: Kingambit|Ghost
|move|p2a: Miam de l'eau|Fire Blast|p1a: Kingambit
|-damage|p1a: Kingambit|35/100
|-status|p1a: Kingambit|brn
|move|p1a: Kingambit|Kowtow Cleave|p2a: Miam de l'eau
|-damage|p2a: Miam de l'eau|38/100
|
|-damage|p1a: Kingambit|29/100 brn|[from] brn
|upkeep
|turn|15
|
|t:|1779718284
|move|p1a: Kingambit|Sucker Punch|p2a: Miam de l'eau
|-damage|p2a: Miam de l'eau|18/100
|move|p2a: Miam de l'eau|Fire Blast|p1a: Kingambit|[miss]
|-miss|p2a: Miam de l'eau|p1a: Kingambit
|
|-damage|p1a: Kingambit|23/100 brn|[from] brn
|upkeep
|turn|16
|
|t:|1779718293
|move|p1a: Kingambit|Sucker Punch|p2a: Miam de l'eau
|-damage|p2a: Miam de l'eau|0 fnt
|faint|p2a: Miam de l'eau
|
|-damage|p1a: Kingambit|17/100 brn|[from] brn
|upkeep
|
|t:|1779718300
|switch|p2a: Switch ou sucker|Kingambit, M|94/100
|-damage|p2a: Switch ou sucker|88/100|[from] Stealth Rock
|-activate|p2a: Switch ou sucker|ability: Supreme Overlord
|-start|p2a: Switch ou sucker|fallen5|[silent]
|turn|17
|
|t:|1779718306
|move|p1a: Kingambit|Low Kick|p2a: Switch ou sucker
|-supereffective|p2a: Switch ou sucker
|-damage|p2a: Switch ou sucker|19/100
|move|p2a: Switch ou sucker|Swords Dance|p2a: Switch ou sucker
|-boost|p2a: Switch ou sucker|atk|2
|
|-damage|p1a: Kingambit|10/100 brn|[from] brn
|upkeep
|turn|18
|
|t:|1779718315
|move|p2a: Switch ou sucker|Sucker Punch|p1a: Kingambit
|-supereffective|p1a: Kingambit
|-damage|p1a: Kingambit|0 fnt
|faint|p1a: Kingambit
|-end|p1a: Kingambit|fallen3|[silent]
|-damage|p2a: Switch ou sucker|9/100|[from] item: Life Orb
|
|upkeep
|
|t:|1779718326
|switch|p1a: Zamazenta|Zamazenta|62/100
|-damage|p1a: Zamazenta|56/100|[from] Stealth Rock
|-damage|p1a: Zamazenta|39/100|[from] Spikes
|turn|19
|
|t:|1779718335
|move|p2a: Switch ou sucker|Sucker Punch|p1a: Zamazenta
|-resisted|p1a: Zamazenta
|-damage|p1a: Zamazenta|0 fnt
|faint|p1a: Zamazenta
|-damage|p2a: Switch ou sucker|0 fnt|[from] item: Life Orb
|faint|p2a: Switch ou sucker
|-end|p2a: Switch ou sucker|fallen5|[silent]
|
|win|LeoN22poke
|raw|LeoN22poke's rating: 1121 &rarr; <strong>1147</strong><br />(+26 for winning)
|raw|ydhdjfufdidzd's rating: 1138 &rarr; <strong>1112</strong><br />(-26 for losing)
|l|☆LeoN22poke
|player|p1|
|l|☆ydhdjfufdidzd
|player|p2|
