|j|☆Trans Marill
|j|☆Shinydragonzord6
|t:|1779664770
|gametype|singles
|player|p1|Trans Marill|170|1400
|player|p2|Shinydragonzord6|byron|1456
|gen|9
|tier|[Gen 9] OU
|rated|
|rule|HP Percentage Mod: HP is shown in percentages
|rule|Endless Battle Clause: Forcing endless battles is banned
|rule|Species Clause: Limit one of each Pokémon
|rule|OHKO Clause: OHKO moves are banned
|rule|Evasion Items Clause: Evasion items are banned
|rule|Evasion Moves Clause: Evasion moves are banned
|rule|Evasion Abilities Clause: Evasion abilities are banned
|rule|Sleep Moves Clause: Sleep-inducing moves are banned
|clearpoke
|poke|p1|Goodra, F|
|poke|p1|Corviknight, M|
|poke|p1|Deoxys-Defense|
|poke|p1|Moltres|
|poke|p1|Clodsire, F|
|poke|p1|Snorlax, F|
|poke|p2|Weavile, F|
|poke|p2|Volcanion|
|poke|p2|Great Tusk|
|poke|p2|Hatterene, F|
|poke|p2|Gholdengo|
|poke|p2|Dragonite, M|
|teampreview
|inactive|Battle timer is ON: inactive players will automatically lose when time's up. (requested by Trans Marill)
|
|t:|1779664793
|teamsize|p1|6
|teamsize|p2|6
|start
|switch|p1a: Goodra|Goodra, F|100/100
|switch|p2a: Weavile|Weavile, F|100/100
|turn|1
|
|t:|1779664801
|switch|p1a: Rising|Moltres|100/100
|move|p2a: Weavile|Triple Axel|p1a: Rising
|-damage|p1a: Rising|85/100
|-hitcount|p1a: Rising|1
|
|upkeep
|turn|2
|
|t:|1779664820
|switch|p2a: Volcanion|Volcanion|100/100
|move|p1a: Rising|Heat Wave|p2a: Volcanion
|-resisted|p2a: Volcanion
|-damage|p2a: Volcanion|87/100
|
|upkeep
|turn|3
|
|t:|1779664832
|switch|p1a: Goodra|Goodra, F|100/100
|move|p2a: Volcanion|Steam Eruption|p1a: Goodra
|-resisted|p1a: Goodra
|-damage|p1a: Goodra|83/100
|-status|p1a: Goodra|brn
|
|-damage|p1a: Goodra|77/100 brn|[from] brn
|upkeep
|turn|4
|inactive|Shinydragonzord6 has 120 seconds left.
|
|t:|1779664860
|move|p2a: Volcanion|Earth Power|p1a: Goodra
|-damage|p1a: Goodra|56/100 brn
|-unboost|p1a: Goodra|spd|1
|move|p1a: Goodra|Rain Dance|p1a: Goodra
|-weather|RainDance
|
|-weather|RainDance|[upkeep]
|-activate|p1a: Goodra|ability: Hydration
|-curestatus|p1a: Goodra|brn|[msg]
|upkeep
|turn|5
|inactive|Shinydragonzord6 has 120 seconds left.
|
|t:|1779664872
|move|p2a: Volcanion|Steam Eruption|p1a: Goodra
|-resisted|p1a: Goodra
|-damage|p1a: Goodra|17/100
|move|p1a: Goodra|Rest|p1a: Goodra
|-status|p1a: Goodra|slp|[from] move: Rest
|-heal|p1a: Goodra|100/100 slp|[silent]
|
|-weather|RainDance|[upkeep]
|-activate|p1a: Goodra|ability: Hydration
|-curestatus|p1a: Goodra|slp|[msg]
|upkeep
|turn|6
|inactive|Shinydragonzord6 has 120 seconds left.
|
|t:|1779664884
|move|p2a: Volcanion|Steam Eruption|p1a: Goodra
|-resisted|p1a: Goodra
|-damage|p1a: Goodra|60/100
|move|p1a: Goodra|Thunder|p2a: Volcanion
|-supereffective|p2a: Volcanion
|-damage|p2a: Volcanion|3/100
|-status|p2a: Volcanion|par
|
|-weather|RainDance|[upkeep]
|upkeep
|turn|7
|
|t:|1779664894
|move|p1a: Goodra|Rest|p1a: Goodra
|-status|p1a: Goodra|slp|[from] move: Rest
|-heal|p1a: Goodra|100/100 slp|[silent]
|cant|p2a: Volcanion|par
|
|-weather|RainDance|[upkeep]
|-activate|p1a: Goodra|ability: Hydration
|-curestatus|p1a: Goodra|slp|[msg]
|upkeep
|turn|8
|
|t:|1779664904
|move|p1a: Goodra|Thunder|p2a: Volcanion
|-supereffective|p2a: Volcanion
|-damage|p2a: Volcanion|0 fnt
|faint|p2a: Volcanion
|
|-weather|RainDance|[upkeep]
|upkeep
|
|t:|1779664911
|switch|p2a: Weavile|Weavile, F|100/100
|turn|9
|
|t:|1779664917
|switch|p1a: Rising|Moltres|85/100
|-terastallize|p2a: Weavile|Dark
|move|p2a: Weavile|Knock Off|p1a: Rising
|-damage|p1a: Rising|0 fnt
|-enditem|p1a: Rising|Heavy-Duty Boots|[from] move: Knock Off|[of] p2a: Weavile
|faint|p1a: Rising
|
|-weather|RainDance|[upkeep]
|upkeep
|
|t:|1779664941
|switch|p1a: Goodra|Goodra, F|100/100
|turn|10
|
|t:|1779664945
|-terastallize|p1a: Goodra|Water
|move|p2a: Weavile|Knock Off|p1a: Goodra
|-damage|p1a: Goodra|0 fnt
|-enditem|p1a: Goodra|Damp Rock|[from] move: Knock Off|[of] p2a: Weavile
|faint|p1a: Goodra
|
|-weather|RainDance|[upkeep]
|upkeep
|
|t:|1779664954
|switch|p1a: Nighthawk|Corviknight, M|100/100
|turn|11
|
|t:|1779664957
|move|p2a: Weavile|Knock Off|p1a: Nighthawk
|-damage|p1a: Nighthawk|26/100
|-enditem|p1a: Nighthawk|Weakness Policy|[from] move: Knock Off|[of] p2a: Weavile
|move|p1a: Nighthawk|Roost|p1a: Nighthawk
|-heal|p1a: Nighthawk|76/100
|-singleturn|p1a: Nighthawk|move: Roost
|
|-weather|none
|upkeep
|turn|12
|
|t:|1779664980
|switch|p2a: Gholdengo|Gholdengo|100/100
|move|p1a: Nighthawk|Iron Defense|p1a: Nighthawk
|-boost|p1a: Nighthawk|def|2
|
|upkeep
|turn|13
|
|t:|1779664988
|switch|p1a: Tubbablubba|Snorlax, F|100/100
|move|p2a: Gholdengo|Trick|p1a: Tubbablubba
|-activate|p2a: Gholdengo|move: Trick|[of] p1a: Tubbablubba
|-item|p1a: Tubbablubba|Choice Scarf|[from] move: Trick
|-item|p2a: Gholdengo|Covert Cloak|[from] move: Trick
|
|upkeep
|turn|14
|inactive|Shinydragonzord6 has 120 seconds left.
|
|t:|1779665016
|move|p2a: Gholdengo|Focus Blast|p1a: Tubbablubba
|-supereffective|p1a: Tubbablubba
|-damage|p1a: Tubbablubba|62/100
|move|p1a: Tubbablubba|Crunch|p2a: Gholdengo
|-supereffective|p2a: Gholdengo
|-damage|p2a: Gholdengo|56/100
|
|upkeep
|turn|15
|
|t:|1779665023
|move|p2a: Gholdengo|Focus Blast|p1a: Tubbablubba|[miss]
|-miss|p2a: Gholdengo|p1a: Tubbablubba
|move|p1a: Tubbablubba|Crunch|p2a: Gholdengo
|-supereffective|p2a: Gholdengo
|-damage|p2a: Gholdengo|14/100
|
|upkeep
|turn|16
|
|t:|1779665030
|move|p2a: Gholdengo|Make It Rain|p1a: Tubbablubba
|-damage|p1a: Tubbablubba|32/100
|-unboost|p2a: Gholdengo|spa|1
|move|p1a: Tubbablubba|Crunch|p2a: Gholdengo
|-supereffective|p2a: Gholdengo
|-damage|p2a: Gholdengo|0 fnt
|faint|p2a: Gholdengo
|
|upkeep
|
|t:|1779665042
|switch|p2a: Dragonite|Dragonite, M|100/100
|turn|17
|
|t:|1779665046
|switch|p1a: Wolly|Clodsire, F|100/100
|move|p2a: Dragonite|Dragon Dance|p2a: Dragonite
|-boost|p2a: Dragonite|atk|1
|-boost|p2a: Dragonite|spe|1
|
|upkeep
|turn|18
|
|t:|1779665055
|move|p2a: Dragonite|Earthquake|p1a: Wolly
|-supereffective|p1a: Wolly
|-damage|p1a: Wolly|51/100
|move|p1a: Wolly|Toxic|p2a: Dragonite
|-status|p2a: Dragonite|tox
|
|-heal|p1a: Wolly|58/100|[from] item: Leftovers
|-damage|p2a: Dragonite|94/100 tox|[from] psn
|upkeep
|turn|19
|
|t:|1779665069
|move|p2a: Dragonite|Encore|p1a: Wolly
|-start|p1a: Wolly|Encore
|move|p1a: Wolly|Toxic|p2a: Dragonite
|-fail|p2a: Dragonite|tox
|
|-heal|p2a: Dragonite|100/100 tox|[from] item: Leftovers
|-heal|p1a: Wolly|64/100|[from] item: Leftovers
|-damage|p2a: Dragonite|88/100 tox|[from] psn
|upkeep
|turn|20
|
|t:|1779665079
|switch|p1a: Tubbablubba|Snorlax, F|32/100
|move|p2a: Dragonite|Ice Spinner|p1a: Tubbablubba
|-damage|p1a: Tubbablubba|13/100
|
|-heal|p2a: Dragonite|94/100 tox|[from] item: Leftovers
|-damage|p2a: Dragonite|76/100 tox|[from] psn
|upkeep
|turn|21
|
|t:|1779665089
|move|p2a: Dragonite|Ice Spinner|p1a: Tubbablubba
|-crit|p1a: Tubbablubba
|-damage|p1a: Tubbablubba|0 fnt
|faint|p1a: Tubbablubba
|
|-heal|p2a: Dragonite|82/100 tox|[from] item: Leftovers
|-damage|p2a: Dragonite|57/100 tox|[from] psn
|upkeep
|
|t:|1779665092
|switch|p1a: Wolly|Clodsire, F|64/100
|turn|22
|
|t:|1779665101
|move|p2a: Dragonite|Earthquake|p1a: Wolly
|-supereffective|p1a: Wolly
|-damage|p1a: Wolly|13/100
|move|p1a: Wolly|Recover|p1a: Wolly
|-heal|p1a: Wolly|63/100
|
|-heal|p2a: Dragonite|63/100 tox|[from] item: Leftovers
|-heal|p1a: Wolly|69/100|[from] item: Leftovers
|-damage|p2a: Dragonite|32/100 tox|[from] psn
|upkeep
|turn|23
|
|t:|1779665116
|switch|p2a: Weavile|Weavile, F, tera:Dark|100/100
|move|p1a: Wolly|Recover|p1a: Wolly
|-heal|p1a: Wolly|100/100
|
|upkeep
|turn|24
|
|t:|1779665123
|move|p2a: Weavile|Triple Axel|p1a: Wolly
|-supereffective|p1a: Wolly
|-damage|p1a: Wolly|80/100
|-supereffective|p1a: Wolly
|-damage|p1a: Wolly|34/100
|-supereffective|p1a: Wolly
|-damage|p1a: Wolly|0 fnt
|faint|p1a: Wolly
|-hitcount|p1: Wolly|3
|
|upkeep
|
|t:|1779665134
|switch|p1a: Nighthawk|Corviknight, M|76/100
|turn|25
|
|t:|1779665144
|move|p2a: Weavile|Triple Axel|p1a: Nighthawk
|-damage|p1a: Nighthawk|63/100
|-damage|p1a: Nighthawk|38/100
|-hitcount|p1a: Nighthawk|2
|move|p1a: Nighthawk|Agility|p1a: Nighthawk
|-boost|p1a: Nighthawk|spe|2
|
|upkeep
|turn|26
|
|t:|1779665160
|move|p2a: Weavile|Triple Axel|p1a: Nighthawk
|-damage|p1a: Nighthawk|25/100
|-hitcount|p1a: Nighthawk|1
|move|p1a: Nighthawk|Roost|p1a: Nighthawk
|-heal|p1a: Nighthawk|75/100
|-singleturn|p1a: Nighthawk|move: Roost
|
|upkeep
|turn|27
|
|t:|1779665168
|move|p2a: Weavile|Triple Axel|p1a: Nighthawk|[miss]
|-miss|p2a: Weavile|p1a: Nighthawk
|move|p1a: Nighthawk|Roost|p1a: Nighthawk
|-heal|p1a: Nighthawk|100/100
|-singleturn|p1a: Nighthawk|move: Roost
|
|upkeep
|turn|28
|
|t:|1779665179
|switch|p2a: Hatterene|Hatterene, F|100/100
|move|p1a: Nighthawk|Iron Defense|p1a: Nighthawk
|-boost|p1a: Nighthawk|def|2
|
|upkeep
|turn|29
|
|t:|1779665186
|move|p1a: Nighthawk|Agility|p1a: Nighthawk
|-boost|p1a: Nighthawk|spe|2
|move|p2a: Hatterene|Nuzzle|p1a: Nighthawk
|-supereffective|p1a: Nighthawk
|-damage|p1a: Nighthawk|97/100
|-status|p1a: Nighthawk|par
|
|upkeep
|turn|30
|
|t:|1779665196
|cant|p1a: Nighthawk|par
|move|p2a: Hatterene|Psychic Noise|p1a: Nighthawk
|-resisted|p1a: Nighthawk
|-damage|p1a: Nighthawk|87/100 par
|-start|p1a: Nighthawk|move: Heal Block
|
|upkeep
|turn|31
|
|t:|1779665212
|move|p1a: Nighthawk|Iron Defense|p1a: Nighthawk
|-boost|p1a: Nighthawk|def|2
|move|p2a: Hatterene|Psychic Noise|p1a: Nighthawk
|-resisted|p1a: Nighthawk
|-damage|p1a: Nighthawk|75/100 par
|
|-end|p1a: Nighthawk|move: Heal Block
|upkeep
|turn|32
|
|t:|1779665221
|move|p1a: Nighthawk|Agility|p1a: Nighthawk
|-boost|p1a: Nighthawk|spe|2
|move|p2a: Hatterene|Psychic Noise|p1a: Nighthawk
|-resisted|p1a: Nighthawk
|-crit|p1a: Nighthawk
|-damage|p1a: Nighthawk|59/100 par
|-start|p1a: Nighthawk|move: Heal Block
|
|upkeep
|turn|33
|
|t:|1779665243
|move|p1a: Nighthawk|Power Trip|p2a: Hatterene
|-damage|p2a: Hatterene|63/100
|-damage|p1a: Nighthawk|42/100 par|[from] item: Rocky Helmet|[of] p2a: Hatterene
|move|p2a: Hatterene|Draining Kiss|p1a: Nighthawk
|-resisted|p1a: Nighthawk
|-damage|p1a: Nighthawk|34/100 par
|-heal|p2a: Hatterene|71/100|[from] drain|[of] p1a: Nighthawk
|
|-end|p1a: Nighthawk|move: Heal Block
|upkeep
|turn|34
|
|t:|1779665255
|move|p1a: Nighthawk|Roost|p1a: Nighthawk
|-heal|p1a: Nighthawk|84/100 par
|-singleturn|p1a: Nighthawk|move: Roost
|move|p2a: Hatterene|Psychic Noise|p1a: Nighthawk
|-resisted|p1a: Nighthawk
|-damage|p1a: Nighthawk|72/100 par
|-start|p1a: Nighthawk|move: Heal Block
|
|upkeep
|turn|35
|inactive|Shinydragonzord6 has 120 seconds left.
|
|t:|1779665289
|move|p1a: Nighthawk|Iron Defense|p1a: Nighthawk
|-boost|p1a: Nighthawk|def|2
|move|p2a: Hatterene|Psychic Noise|p1a: Nighthawk
|-resisted|p1a: Nighthawk
|-damage|p1a: Nighthawk|62/100 par
|
|-end|p1a: Nighthawk|move: Heal Block
|upkeep
|turn|36
|
|t:|1779665298
|cant|p1a: Nighthawk|par
|move|p2a: Hatterene|Nuzzle|p1a: Nighthawk
|-supereffective|p1a: Nighthawk
|-damage|p1a: Nighthawk|60/100 par
|
|upkeep
|turn|37
|inactive|Shinydragonzord6 has 120 seconds left.
|
|t:|1779665305
|move|p1a: Nighthawk|Power Trip|p2a: Hatterene
|-damage|p2a: Hatterene|24/100
|-damage|p1a: Nighthawk|43/100 par|[from] item: Rocky Helmet|[of] p2a: Hatterene
|move|p2a: Hatterene|Psychic Noise|p1a: Nighthawk
|-resisted|p1a: Nighthawk
|-damage|p1a: Nighthawk|33/100 par
|-start|p1a: Nighthawk|move: Heal Block
|
|upkeep
|turn|38
|inactive|Shinydragonzord6 has 120 seconds left.
|
|t:|1779665317
|move|p1a: Nighthawk|Power Trip|p2a: Hatterene
|-damage|p2a: Hatterene|0 fnt
|-damage|p1a: Nighthawk|16/100 par|[from] item: Rocky Helmet|[of] p2a: Hatterene
|faint|p2a: Hatterene
|
|-end|p1a: Nighthawk|move: Heal Block
|upkeep
|inactive|Shinydragonzord6 has 120 seconds left.
|
|t:|1779665325
|switch|p2a: Weavile|Weavile, F, tera:Dark|100/100
|turn|39
|
|t:|1779665329
|move|p2a: Weavile|Triple Axel|p1a: Nighthawk
|-damage|p1a: Nighthawk|13/100 par
|-damage|p1a: Nighthawk|7/100 par
|-damage|p1a: Nighthawk|0 fnt
|faint|p1a: Nighthawk
|-hitcount|p1: Nighthawk|3
|
|upkeep
|-message|Trans Marill forfeited.
|
|win|Shinydragonzord6
|raw|Trans Marill's rating: 1400 &rarr; <strong>1383</strong><br />(-17 for losing)
|raw|Shinydragonzord6's rating: 1456 &rarr; <strong>1473</strong><br />(+17 for winning)
|l|☆Trans Marill
|player|p1|
|l|☆Shinydragonzord6
|player|p2|
