|inactive|Battle timer is ON: inactive players will automatically lose when time's up.
|t:|1779567914
|gametype|singles
|player|p1|fraaaxn|pokemonbreederf-gen4|
|player|p2|clorodulce|102|
|gen|9
|tier|[Gen 9] OU
|rule|HP Percentage Mod: HP is shown in percentages
|rule|Endless Battle Clause: Forcing endless battles is banned
|rule|Species Clause: Limit one of each Pokémon
|rule|OHKO Clause: OHKO moves are banned
|rule|Evasion Items Clause: Evasion items are banned
|rule|Evasion Moves Clause: Evasion moves are banned
|rule|Evasion Abilities Clause: Evasion abilities are banned
|rule|Sleep Moves Clause: Sleep-inducing moves are banned
|clearpoke
|poke|p1|Hydrapple, F|
|poke|p1|Moltres|
|poke|p1|Gholdengo|
|poke|p1|Ting-Lu|
|poke|p1|Zamazenta-*|
|poke|p1|Clefable, F|
|poke|p2|Pecharunt|
|poke|p2|Ting-Lu|
|poke|p2|Meowscarada, F|
|poke|p2|Zapdos|
|poke|p2|Slowking-Galar, F|
|poke|p2|Iron Valiant|
|teampreview
|inactive|fraaaxn also wants the timer to be on.
|inactive|fraaaxn has 270 seconds left.
|
|t:|1779567961
|teamsize|p1|6
|teamsize|p2|6
|start
|switch|p1a: Clefable|Clefable, F|100/100
|switch|p2a: Ting-Lu|Ting-Lu|100/100
|-ability|p2a: Ting-Lu|Vessel of Ruin
|turn|1
|
|t:|1779567967
|move|p1a: Clefable|Knock Off|p2a: Ting-Lu
|-resisted|p2a: Ting-Lu
|-damage|p2a: Ting-Lu|97/100
|-enditem|p2a: Ting-Lu|Leftovers|[from] move: Knock Off|[of] p1a: Clefable
|move|p2a: Ting-Lu|Stealth Rock|p1a: Clefable
|-sidestart|p1: fraaaxn|move: Stealth Rock
|
|upkeep
|turn|2
|
|t:|1779567980
|switch|p2a: Pecharunt|Pecharunt|100/100
|move|p1a: Clefable|Stealth Rock|p2a: Pecharunt
|-sidestart|p2: clorodulce|move: Stealth Rock
|
|upkeep
|turn|3
|
|t:|1779567990
|switch|p2a: Slowking|Slowking-Galar, F|100/100
|-damage|p2a: Slowking|88/100|[from] Stealth Rock
|move|p1a: Clefable|Knock Off|p2a: Slowking
|-supereffective|p2a: Slowking
|-damage|p2a: Slowking|57/100
|-enditem|p2a: Slowking|Assault Vest|[from] move: Knock Off|[of] p1a: Clefable
|
|upkeep
|turn|4
|inactive|fraaaxn has 270 seconds left.
|
|t:|1779568041
|switch|p1a: Ting-Lu|Ting-Lu|100/100
|-damage|p1a: Ting-Lu|94/100|[from] Stealth Rock
|-ability|p1a: Ting-Lu|Vessel of Ruin
|move|p2a: Slowking|Ice Beam|p1a: Ting-Lu
|-supereffective|p1a: Ting-Lu
|-crit|p1a: Ting-Lu
|-damage|p1a: Ting-Lu|58/100
|
|-heal|p1a: Ting-Lu|64/100|[from] item: Leftovers
|upkeep
|turn|5
|
|t:|1779568056
|switch|p2a: Meowscarada|Meowscarada, F|100/100
|-damage|p2a: Meowscarada|88/100|[from] Stealth Rock
|move|p1a: Ting-Lu|Ruination|p2a: Meowscarada
|-damage|p2a: Meowscarada|45/100
|
|-heal|p1a: Ting-Lu|70/100|[from] item: Leftovers
|upkeep
|turn|6
|
|t:|1779568065
|switch|p1a: Clefable|Clefable, F|100/100
|move|p2a: Meowscarada|Knock Off|p1a: Clefable
|-start|p2a: Meowscarada|typechange|Dark|[from] ability: Protean
|-resisted|p1a: Clefable
|-crit|p1a: Clefable
|-damage|p1a: Clefable|62/100
|-damage|p2a: Meowscarada|28/100|[from] item: Rocky Helmet|[of] p1a: Clefable
|-enditem|p1a: Clefable|Rocky Helmet|[from] move: Knock Off|[of] p2a: Meowscarada
|
|upkeep
|turn|7
|inactive|fraaaxn has 240 seconds left.
|
|t:|1779568092
|switch|p2a: Slowking|Slowking-Galar, F|90/100
|-damage|p2a: Slowking|78/100|[from] Stealth Rock
|move|p1a: Clefable|Moonlight|p1a: Clefable
|-heal|p1a: Clefable|100/100
|
|upkeep
|turn|8
|inactive|fraaaxn has 240 seconds left.
|
|t:|1779568117
|switch|p1a: Gholdengo|Gholdengo|100/100
|-damage|p1a: Gholdengo|94/100|[from] Stealth Rock
|move|p2a: Slowking|Sludge Bomb|p1a: Gholdengo
|-immune|p1a: Gholdengo
|
|upkeep
|turn|9
|
|t:|1779568122
|switch|p2a: Ting-Lu|Ting-Lu|97/100
|-damage|p2a: Ting-Lu|91/100|[from] Stealth Rock
|-ability|p2a: Ting-Lu|Vessel of Ruin
|move|p1a: Gholdengo|Shadow Ball|p2a: Ting-Lu
|-resisted|p2a: Ting-Lu
|-damage|p2a: Ting-Lu|82/100
|
|upkeep
|turn|10
|inactive|fraaaxn has 240 seconds left.
|
|t:|1779568136
|switch|p1a: Ting-Lu|Ting-Lu|70/100
|-damage|p1a: Ting-Lu|64/100|[from] Stealth Rock
|-ability|p1a: Ting-Lu|Vessel of Ruin
|move|p2a: Ting-Lu|Ruination|p1a: Ting-Lu
|-damage|p1a: Ting-Lu|32/100
|
|-heal|p1a: Ting-Lu|38/100|[from] item: Leftovers
|upkeep
|turn|11
|
|t:|1779568148
|move|p1a: Ting-Lu|Spikes|p2a: Ting-Lu
|-sidestart|p2: clorodulce|Spikes
|move|p2a: Ting-Lu|Earthquake|p1a: Ting-Lu
|-crit|p1a: Ting-Lu
|-damage|p1a: Ting-Lu|6/100
|
|-heal|p1a: Ting-Lu|12/100|[from] item: Leftovers
|upkeep
|turn|12
|
|t:|1779568156
|move|p1a: Ting-Lu|Spikes|p2a: Ting-Lu
|-sidestart|p2: clorodulce|Spikes
|move|p2a: Ting-Lu|Earthquake|p1a: Ting-Lu
|-damage|p1a: Ting-Lu|0 fnt
|faint|p1a: Ting-Lu
|
|upkeep
|
|t:|1779568162
|switch|p1a: Hydrapple|Hydrapple, F|100/100
|turn|13
|
|t:|1779568169
|switch|p2a: Slowking|Slowking-Galar, F|100/100
|-damage|p2a: Slowking|88/100|[from] Stealth Rock
|-damage|p2a: Slowking|72/100|[from] Spikes
|move|p1a: Hydrapple|Giga Drain|p2a: Slowking
|-resisted|p2a: Slowking
|-damage|p2a: Slowking|60/100
|
|upkeep
|turn|14
|inactive|fraaaxn has 240 seconds left.
|
|t:|1779568227
|switch|p1a: Zamazenta|Zamazenta|100/100
|-ability|p1a: Zamazenta|Dauntless Shield|boost
|-boost|p1a: Zamazenta|def|1
|move|p2a: Slowking|Flamethrower|p1a: Zamazenta
|-damage|p1a: Zamazenta|75/100
|
|upkeep
|turn|15
|inactive|fraaaxn has 210 seconds left.
|
|t:|1779568247
|switch|p2a: Zapdos|Zapdos|100/100
|move|p1a: Zamazenta|Crunch|p2a: Zapdos
|-damage|p2a: Zapdos|80/100
|-status|p1a: Zamazenta|par|[from] ability: Static|[of] p2a: Zapdos
|
|upkeep
|turn|16
|inactive|fraaaxn has 210 seconds left.
|
|t:|1779568261
|switch|p1a: Clefable|Clefable, F|100/100
|move|p2a: Zapdos|Hurricane|p1a: Clefable
|-damage|p1a: Clefable|57/100
|-start|p1a: Clefable|confusion
|
|upkeep
|turn|17
|inactive|fraaaxn has 210 seconds left.
|
|t:|1779568272
|move|p2a: Zapdos|Volt Switch|p1a: Clefable
|-damage|p1a: Clefable|31/100
|
|t:|1779568276
|switch|p2a: Slowking|Slowking-Galar, F|93/100|[from] Volt Switch
|-damage|p2a: Slowking|81/100|[from] Stealth Rock
|-damage|p2a: Slowking|64/100|[from] Spikes
|-activate|p1a: Clefable|confusion
|move|p1a: Clefable|Moonlight|p1a: Clefable
|-heal|p1a: Clefable|81/100
|
|upkeep
|turn|18
|
|t:|1779568285
|switch|p1a: Zamazenta|Zamazenta|75/100 par
|move|p2a: Slowking|Sludge Bomb|p1a: Zamazenta
|-damage|p1a: Zamazenta|36/100 par
|
|upkeep
|turn|19
|
|t:|1779568296
|switch|p2a: Zapdos|Zapdos|80/100
|move|p1a: Zamazenta|Crunch|p2a: Zapdos
|-damage|p2a: Zapdos|62/100
|
|upkeep
|turn|20
|
|t:|1779568304
|switch|p1a: Gholdengo|Gholdengo|94/100
|-damage|p1a: Gholdengo|88/100|[from] Stealth Rock
|move|p2a: Zapdos|Roost|p2a: Zapdos
|-heal|p2a: Zapdos|100/100
|-singleturn|p2a: Zapdos|move: Roost
|
|upkeep
|turn|21
|
|t:|1779568319
|switch|p2a: Ting-Lu|Ting-Lu|82/100
|-damage|p2a: Ting-Lu|76/100|[from] Stealth Rock
|-damage|p2a: Ting-Lu|59/100|[from] Spikes
|-ability|p2a: Ting-Lu|Vessel of Ruin
|move|p1a: Gholdengo|Trick|p2a: Ting-Lu
|-activate|p1a: Gholdengo|move: Trick|[of] p2a: Ting-Lu
|-item|p2a: Ting-Lu|Choice Scarf|[from] move: Trick
|-enditem|p1a: Gholdengo|Choice Scarf|[silent]|[from] move: Trick
|
|upkeep
|turn|22
|inactive|fraaaxn has 240 seconds left.
|
|t:|1779568331
|switch|p1a: Moltres|Moltres|100/100
|move|p2a: Ting-Lu|Ruination|p1a: Moltres
|-damage|p1a: Moltres|51/100
|
|upkeep
|turn|23
|inactive|fraaaxn has 240 seconds left.
|
|t:|1779568346
|switch|p2a: Zapdos|Zapdos|100/100
|move|p1a: Moltres|Will-O-Wisp|p2a: Zapdos|[miss]
|-miss|p1a: Moltres|p2a: Zapdos
|
|upkeep
|turn|24
|inactive|fraaaxn has 240 seconds left.
|
|t:|1779568373
|switch|p1a: Clefable|Clefable, F|81/100
|move|p2a: Zapdos|Volt Switch|p1a: Clefable
|-damage|p1a: Clefable|53/100
|
|t:|1779568389
|switch|p2a: Slowking|Slowking-Galar, F|98/100|[from] Volt Switch
|-damage|p2a: Slowking|85/100|[from] Stealth Rock
|-damage|p2a: Slowking|69/100|[from] Spikes
|
|upkeep
|turn|25
|
|t:|1779568399
|switch|p1a: Zamazenta|Zamazenta|36/100 par
|move|p2a: Slowking|Flamethrower|p1a: Zamazenta
|-damage|p1a: Zamazenta|9/100 par
|
|upkeep
|turn|26
|
|t:|1779568413
|switch|p2a: Zapdos|Zapdos|100/100
|move|p1a: Zamazenta|Stone Edge|p2a: Zapdos
|-supereffective|p2a: Zapdos
|-damage|p2a: Zapdos|54/100
|
|upkeep
|turn|27
|
|t:|1779568427
|switch|p1a: Gholdengo|Gholdengo|88/100
|-damage|p1a: Gholdengo|82/100|[from] Stealth Rock
|move|p2a: Zapdos|Volt Switch|p1a: Gholdengo
|-damage|p1a: Gholdengo|48/100
|
|t:|1779568442
|switch|p2a: Meowscarada|Meowscarada, F|28/100|[from] Volt Switch
|-damage|p2a: Meowscarada|16/100|[from] Stealth Rock
|-damage|p2a: Meowscarada|0 fnt|[from] Spikes
|faint|p2a: Meowscarada
|
|upkeep
|
|t:|1779568444
|switch|p2a: Iron Valiant|Iron Valiant|100/100
|-damage|p2a: Iron Valiant|94/100|[from] Stealth Rock
|-damage|p2a: Iron Valiant|78/100|[from] Spikes
|turn|28
|
|t:|1779568451
|switch|p1a: Zamazenta|Zamazenta|9/100 par
|move|p2a: Iron Valiant|Shadow Ball|p1a: Zamazenta
|-damage|p1a: Zamazenta|0 fnt
|faint|p1a: Zamazenta
|
|upkeep
|inactive|fraaaxn has 240 seconds left.
|
|t:|1779568487
|switch|p1a: Hydrapple|Hydrapple, F|100/100
|turn|29
|
|t:|1779568491
|-end|p2a: Iron Valiant|Quark Drive|[silent]
|switch|p2a: Slowking|Slowking-Galar, F|100/100
|-damage|p2a: Slowking|88/100|[from] Stealth Rock
|-damage|p2a: Slowking|72/100|[from] Spikes
|move|p1a: Hydrapple|Giga Drain|p2a: Slowking
|-resisted|p2a: Slowking
|-damage|p2a: Slowking|59/100
|
|upkeep
|turn|30
|
|t:|1779568506
|-terastallize|p1a: Hydrapple|Poison
|move|p1a: Hydrapple|Nasty Plot|p1a: Hydrapple
|-boost|p1a: Hydrapple|spa|2
|move|p2a: Slowking|Flamethrower|p1a: Hydrapple
|-damage|p1a: Hydrapple|73/100
|-status|p1a: Hydrapple|brn
|
|-damage|p1a: Hydrapple|67/100 brn|[from] brn
|upkeep
|turn|31
|inactive|fraaaxn has 210 seconds left.
|
|t:|1779568528
|switch|p2a: Ting-Lu|Ting-Lu|59/100
|-damage|p2a: Ting-Lu|53/100|[from] Stealth Rock
|-damage|p2a: Ting-Lu|36/100|[from] Spikes
|-ability|p2a: Ting-Lu|Vessel of Ruin
|move|p1a: Hydrapple|Earth Power|p2a: Ting-Lu
|-damage|p2a: Ting-Lu|15/100
|
|-damage|p1a: Hydrapple|61/100 brn|[from] brn
|upkeep
|turn|32
|
|t:|1779568536
|move|p2a: Ting-Lu|Earthquake|p1a: Hydrapple
|-supereffective|p1a: Hydrapple
|-damage|p1a: Hydrapple|20/100 brn
|move|p1a: Hydrapple|Giga Drain|p2a: Ting-Lu
|-supereffective|p2a: Ting-Lu
|-damage|p2a: Ting-Lu|0 fnt
|-heal|p1a: Hydrapple|30/100 brn|[from] drain|[of] p2a: Ting-Lu
|faint|p2a: Ting-Lu
|
|-damage|p1a: Hydrapple|24/100 brn|[from] brn
|upkeep
|
|t:|1779568548
|switch|p2a: Iron Valiant|Iron Valiant|78/100
|-damage|p2a: Iron Valiant|71/100|[from] Stealth Rock
|-damage|p2a: Iron Valiant|55/100|[from] Spikes
|turn|33
|
|t:|1779568554
|switch|p1a: Clefable|Clefable, F|53/100
|move|p2a: Iron Valiant|Psyshock|p1a: Clefable
|-damage|p1a: Clefable|21/100
|
|upkeep
|turn|34
|
|t:|1779568572
|move|p2a: Iron Valiant|Psyshock|p1a: Clefable
|-damage|p1a: Clefable|0 fnt
|faint|p1a: Clefable
|
|upkeep
|
|t:|1779568581
|switch|p1a: Gholdengo|Gholdengo|48/100
|-damage|p1a: Gholdengo|42/100|[from] Stealth Rock
|turn|35
|inactive|clorodulce has 270 seconds left.
|
|t:|1779568620
|-end|p2a: Iron Valiant|Quark Drive|[silent]
|switch|p2a: Zapdos|Zapdos|54/100
|move|p1a: Gholdengo|Recover|p1a: Gholdengo
|-heal|p1a: Gholdengo|92/100
|
|upkeep
|turn|36
|inactive|fraaaxn has 240 seconds left.
|
|t:|1779568627
|move|p1a: Gholdengo|Trick|p2a: Zapdos
|-activate|p1a: Gholdengo|move: Trick|[of] p2a: Zapdos
|-enditem|p2a: Zapdos|Heavy-Duty Boots|[silent]|[from] move: Trick
|-item|p1a: Gholdengo|Heavy-Duty Boots|[from] move: Trick
|move|p2a: Zapdos|Roost|p2a: Zapdos
|-heal|p2a: Zapdos|100/100
|-singleturn|p2a: Zapdos|move: Roost
|
|upkeep
|turn|37
|
|t:|1779568633
|move|p1a: Gholdengo|Shadow Ball|p2a: Zapdos
|-damage|p2a: Zapdos|62/100
|move|p2a: Zapdos|Hurricane|p1a: Gholdengo
|-resisted|p1a: Gholdengo
|-damage|p1a: Gholdengo|64/100
|
|upkeep
|turn|38
|
|t:|1779568641
|move|p1a: Gholdengo|Shadow Ball|p2a: Zapdos
|-damage|p2a: Zapdos|21/100
|move|p2a: Zapdos|Heat Wave|p1a: Gholdengo
|-supereffective|p1a: Gholdengo
|-damage|p1a: Gholdengo|3/100
|
|upkeep
|turn|39
|
|t:|1779568657
|move|p1a: Gholdengo|Shadow Ball|p2a: Zapdos
|-damage|p2a: Zapdos|0 fnt
|faint|p2a: Zapdos
|
|upkeep
|
|t:|1779568665
|switch|p2a: Pecharunt|Pecharunt|100/100
|turn|40
|inactive|fraaaxn has 240 seconds left.
|
|t:|1779568704
|move|p2a: Pecharunt|Hex|p1a: Gholdengo
|-supereffective|p1a: Gholdengo
|-damage|p1a: Gholdengo|0 fnt
|faint|p1a: Gholdengo
|
|upkeep
|
|t:|1779568718
|switch|p1a: Hydrapple|Hydrapple, F, tera:Poison|57/100 brn
|turn|41
|inactive|fraaaxn has 210 seconds left.
|
|t:|1779568751
|move|p2a: Pecharunt|Parting Shot|p1a: Hydrapple
|-unboost|p1a: Hydrapple|atk|1
|-unboost|p1a: Hydrapple|spa|1
|
|t:|1779568766
|switch|p2a: Iron Valiant|Iron Valiant|55/100|[from] Parting Shot
|-damage|p2a: Iron Valiant|49/100|[from] Stealth Rock
|-damage|p2a: Iron Valiant|32/100|[from] Spikes
|move|p1a: Hydrapple|Earth Power|p2a: Iron Valiant
|-damage|p2a: Iron Valiant|3/100
|
|-damage|p1a: Hydrapple|51/100 brn|[from] brn
|upkeep
|turn|42
|inactive|fraaaxn has 210 seconds left.
|
|t:|1779568779
|move|p2a: Iron Valiant|Psyshock|p1a: Hydrapple
|-supereffective|p1a: Hydrapple
|-damage|p1a: Hydrapple|8/100 brn
|move|p1a: Hydrapple|Giga Drain|p2a: Iron Valiant
|-damage|p2a: Iron Valiant|0 fnt
|-heal|p1a: Hydrapple|9/100 brn|[from] drain|[of] p2a: Iron Valiant
|faint|p2a: Iron Valiant
|-end|p2a: Iron Valiant|Quark Drive|[silent]
|
|-damage|p1a: Hydrapple|3/100 brn|[from] brn
|upkeep
|
|t:|1779568786
|switch|p2a: Slowking|Slowking-Galar, F|93/100
|-damage|p2a: Slowking|80/100|[from] Stealth Rock
|-damage|p2a: Slowking|64/100|[from] Spikes
|turn|43
|
|t:|1779568791
|move|p1a: Hydrapple|Earth Power|p2a: Slowking
|-supereffective|p2a: Slowking
|-damage|p2a: Slowking|40/100
|move|p2a: Slowking|Sludge Bomb|p1a: Hydrapple
|-resisted|p1a: Hydrapple
|-damage|p1a: Hydrapple|0 fnt
|faint|p1a: Hydrapple
|
|upkeep
|
|t:|1779568794
|switch|p1a: Moltres|Moltres|51/100
|turn|44
|
|t:|1779568805
|move|p1a: Moltres|Will-O-Wisp|p2a: Slowking
|-status|p2a: Slowking|brn
|move|p2a: Slowking|Sludge Bomb|p1a: Moltres
|-damage|p1a: Moltres|7/100
|
|-damage|p2a: Slowking|34/100 brn|[from] brn
|upkeep
|turn|45
|
|t:|1779568811
|move|p1a: Moltres|Roost|p1a: Moltres
|-heal|p1a: Moltres|57/100
|-singleturn|p1a: Moltres|move: Roost
|move|p2a: Slowking|Sludge Bomb|p1a: Moltres
|-damage|p1a: Moltres|16/100
|
|-damage|p2a: Slowking|28/100 brn|[from] brn
|upkeep
|turn|46
|
|t:|1779568815
|move|p1a: Moltres|Roost|p1a: Moltres
|-heal|p1a: Moltres|66/100
|-singleturn|p1a: Moltres|move: Roost
|move|p2a: Slowking|Sludge Bomb|p1a: Moltres
|-damage|p1a: Moltres|23/100
|
|-damage|p2a: Slowking|22/100 brn|[from] brn
|upkeep
|turn|47
|
|t:|1779568817
|move|p1a: Moltres|Roost|p1a: Moltres
|-heal|p1a: Moltres|74/100
|-singleturn|p1a: Moltres|move: Roost
|move|p2a: Slowking|Sludge Bomb|p1a: Moltres
|-damage|p1a: Moltres|33/100
|
|-damage|p2a: Slowking|15/100 brn|[from] brn
|upkeep
|turn|48
|
|t:|1779568821
|move|p1a: Moltres|Roost|p1a: Moltres
|-heal|p1a: Moltres|83/100
|-singleturn|p1a: Moltres|move: Roost
|move|p2a: Slowking|Sludge Bomb|p1a: Moltres
|-damage|p1a: Moltres|37/100
|-status|p1a: Moltres|psn
|
|-damage|p1a: Moltres|25/100 psn|[from] psn
|-damage|p2a: Slowking|9/100 brn|[from] brn
|upkeep
|turn|49
|
|t:|1779568835
|move|p1a: Moltres|Roost|p1a: Moltres
|-heal|p1a: Moltres|75/100 psn
|-singleturn|p1a: Moltres|move: Roost
|move|p2a: Slowking|Sludge Bomb|p1a: Moltres
|-damage|p1a: Moltres|29/100 psn
|
|-damage|p1a: Moltres|16/100 psn|[from] psn
|-damage|p2a: Slowking|3/100 brn|[from] brn
|upkeep
|turn|50
|
|t:|1779568844
|move|p1a: Moltres|Roost|p1a: Moltres
|-heal|p1a: Moltres|67/100 psn
|-singleturn|p1a: Moltres|move: Roost
|move|p2a: Slowking|Sludge Bomb|p1a: Moltres
|-damage|p1a: Moltres|23/100 psn
|
|-damage|p1a: Moltres|10/100 psn|[from] psn
|-damage|p2a: Slowking|0 fnt|[from] brn
|faint|p2a: Slowking
|upkeep
|
|t:|1779568850
|switch|p2a: Pecharunt|Pecharunt|100/100
|turn|51
|
|t:|1779568854
|move|p2a: Pecharunt|Hex|p1a: Moltres
|-damage|p1a: Moltres|0 fnt
|faint|p1a: Moltres
|
|win|clorodulce
