|j|☆CIodSuspectTest
|j|☆ricky135
|t:|1779724947
|gametype|singles
|player|p1|CIodSuspectTest|266|1402
|player|p2|ricky135|ghetsis-gen5bw|1477
|gen|9
|tier|[Gen 9] OU
|rated|
|rule|HP Percentage Mod: HP is shown in percentages
|rule|Endless Battle Clause: Forcing endless battles is banned
|rule|Species Clause: Limit one of each Pokémon
|rule|OHKO Clause: OHKO moves are banned
|rule|Evasion Items Clause: Evasion items are banned
|rule|Evasion Moves Clause: Evasion moves are banned
|rule|Evasion Abilities Clause: Evasion abilities are banned
|rule|Sleep Moves Clause: Sleep-inducing moves are banned
|clearpoke
|poke|p1|Zoroark-Hisui, M|
|poke|p1|Zamazenta-*|
|poke|p1|Clodsire, F|
|poke|p1|Ogerpon-Wellspring, F|
|poke|p1|Cinderace, F|
|poke|p1|Deoxys-Speed|
|poke|p2|Enamorus-Therian, F|
|poke|p2|Iron Treads|
|poke|p2|Kyurem|
|poke|p2|Greninja-*, M|
|poke|p2|Cinderace, F|
|poke|p2|Electrode-Hisui|
|teampreview
|inactive|Battle timer is ON: inactive players will automatically lose when time's up. (requested by ricky135)
|
|t:|1779724958
|teamsize|p1|6
|teamsize|p2|6
|start
|switch|p1a: gay lil chud|Cinderace, F|100/100
|switch|p2a: Electrode|Electrode-Hisui, shiny|100/100
|turn|1
|
|t:|1779724961
|move|p2a: Electrode|Volt Switch|p1a: gay lil chud
|-damage|p1a: gay lil chud|48/100
|
|t:|1779724967
|switch|p2a: Cinderace|Cinderace, F, shiny|100/100|[from] Volt Switch
|move|p1a: gay lil chud|U-turn|p2a: Cinderace
|-start|p1a: gay lil chud|typechange|Bug|[from] ability: Libero
|-resisted|p2a: Cinderace
|-damage|p2a: Cinderace|77/100
|
|t:|1779724972
|switch|p1a: Zamazenta|Zamazenta|100/100|[from] U-turn
|-ability|p1a: Zamazenta|Dauntless Shield|boost
|-boost|p1a: Zamazenta|def|1
|
|upkeep
|turn|2
|
|t:|1779724979
|move|p1a: Zamazenta|Close Combat|p2a: Cinderace
|-damage|p2a: Cinderace|0 fnt
|-unboost|p1a: Zamazenta|def|1
|-unboost|p1a: Zamazenta|spd|1
|faint|p2a: Cinderace
|
|upkeep
|
|t:|1779724983
|switch|p2a: Enamorus|Enamorus-Therian, F|100/100
|turn|3
|
|t:|1779724986
|-terastallize|p1a: Zamazenta|Steel
|move|p1a: Zamazenta|Iron Head|p2a: Enamorus
|-supereffective|p2a: Enamorus
|-damage|p2a: Enamorus|24/100
|cant|p2a: Enamorus|flinch
|
|upkeep
|turn|4
|
|t:|1779724996
|move|p1a: Zamazenta|Close Combat|p2a: Enamorus
|-resisted|p2a: Enamorus
|-damage|p2a: Enamorus|8/100
|-unboost|p1a: Zamazenta|def|1
|-unboost|p1a: Zamazenta|spd|1
|move|p2a: Enamorus|Earth Power|p1a: Zamazenta
|-supereffective|p1a: Zamazenta
|-damage|p1a: Zamazenta|16/100
|
|upkeep
|turn|5
|
|t:|1779725004
|move|p1a: Zamazenta|Iron Head|p2a: Enamorus
|-supereffective|p2a: Enamorus
|-damage|p2a: Enamorus|0 fnt
|faint|p2a: Enamorus
|
|upkeep
|
|t:|1779725008
|switch|p2a: Electrode|Electrode-Hisui, shiny|100/100
|turn|6
|
|t:|1779725015
|switch|p1a: Clodsire|Clodsire, F|100/100
|move|p2a: Electrode|Leaf Storm|p1a: Clodsire
|-damage|p1a: Clodsire|58/100
|-unboost|p2a: Electrode|spa|2
|
|-heal|p1a: Clodsire|65/100|[from] item: Leftovers
|upkeep
|turn|7
|
|t:|1779725022
|switch|p2a: Iron Treads|Iron Treads|100/100
|move|p1a: Clodsire|Toxic|p2a: Iron Treads
|-immune|p2a: Iron Treads
|
|-heal|p1a: Clodsire|71/100|[from] item: Leftovers
|upkeep
|turn|8
|
|t:|1779725028
|switch|p1a: Zamazenta|Zamazenta|100/100
|-item|p1a: Zamazenta|Air Balloon
|move|p2a: Iron Treads|Stealth Rock|p1a: Zamazenta
|-sidestart|p1: CIodSuspectTest|move: Stealth Rock
|
|upkeep
|-start|p1a: Zamazenta|typechange|Steel|[silent]
|turn|9
|
|t:|1779725045
|-end|p2a: Iron Treads|Quark Drive|[silent]
|switch|p2a: Kyurem|Kyurem|100/100
|-ability|p2a: Kyurem|Pressure
|move|p1a: Zamazenta|Will-O-Wisp|p2a: Kyurem
|-status|p2a: Kyurem|brn
|
|-damage|p2a: Kyurem|94/100 brn|[from] brn
|upkeep
|turn|10
|
|t:|1779725052
|move|p1a: Zamazenta|Hex|p2a: Kyurem
|-damage|p2a: Kyurem|35/100 brn
|move|p2a: Kyurem|Icicle Spear|p1a: Zamazenta
|-damage|p1a: Zamazenta|85/100
|replace|p1a: Zoroark|Zoroark-Hisui, M, shiny
|-end|p1a: Zoroark|Illusion
|-enditem|p1a: Zoroark|Air Balloon
|-damage|p1a: Zoroark|68/100
|-damage|p1a: Zoroark|50/100
|-damage|p1a: Zoroark|33/100
|-hitcount|p1a: Zoroark|4
|
|-damage|p2a: Kyurem|29/100 brn|[from] brn
|upkeep
|turn|11
|
|t:|1779725064
|move|p1a: Zoroark|Hex|p2a: Kyurem
|-damage|p2a: Kyurem|0 fnt
|faint|p2a: Kyurem
|
|upkeep
|inactive|ricky135 has 120 seconds left.
|
|t:|1779725118
|switch|p2a: Greninja|Greninja, M|100/100
|turn|12
|
|t:|1779725122
|move|p1a: Zoroark|Protect|p1a: Zoroark
|-singleturn|p1a: Zoroark|Protect
|move|p2a: Greninja|Ice Beam|p1a: Zoroark
|-activate|p1a: Zoroark|move: Protect
|
|upkeep
|turn|13
|
|t:|1779725127
|switch|p1a: gay lil chud|Cinderace, F|48/100
|move|p2a: Greninja|Surf|p1a: gay lil chud
|-supereffective|p1a: gay lil chud
|-damage|p1a: gay lil chud|0 fnt
|faint|p1a: gay lil chud
|-ability|p2a: Greninja|Battle Bond|boost
|-boost|p2a: Greninja|atk|1
|-boost|p2a: Greninja|spa|1
|-boost|p2a: Greninja|spe|1
|-activate|p2a: Greninja|ability: Battle Bond
|-damage|p2a: Greninja|91/100|[from] item: Life Orb
|
|upkeep
|
|t:|1779725133
|switch|p1a: Ogerpon|Ogerpon-Wellspring, F|100/100
|-damage|p1a: Ogerpon|88/100|[from] Stealth Rock
|turn|14
|
|t:|1779725137
|move|p2a: Greninja|Sludge Wave|p1a: Ogerpon
|-supereffective|p1a: Ogerpon
|-damage|p1a: Ogerpon|0 fnt
|faint|p1a: Ogerpon
|-damage|p2a: Greninja|81/100|[from] item: Life Orb
|
|upkeep
|
|t:|1779725142
|switch|p1a: Zamazenta|Zamazenta|33/100
|-damage|p1a: Zamazenta|21/100|[from] Stealth Rock
|turn|15
|
|t:|1779725149
|move|p1a: Zamazenta|Shadow Sneak|p2a: Greninja
|-resisted|p2a: Greninja
|-damage|p2a: Greninja|70/100
|move|p2a: Greninja|Surf|p1a: Zamazenta
|-damage|p1a: Zamazenta|0 fnt
|replace|p1a: Zoroark|Zoroark-Hisui, M, shiny
|-end|p1a: Zoroark|Illusion
|faint|p1a: Zoroark
|-damage|p2a: Greninja|60/100|[from] item: Life Orb
|
|upkeep
|
|t:|1779725154
|switch|p1a: Clodsire|Clodsire, F|71/100
|-damage|p1a: Clodsire|65/100|[from] Stealth Rock
|turn|16
|
|t:|1779725156
|move|p2a: Greninja|Ice Beam|p1a: Clodsire
|-supereffective|p1a: Clodsire
|-damage|p1a: Clodsire|30/100
|-damage|p2a: Greninja|50/100|[from] item: Life Orb
|move|p1a: Clodsire|Toxic|p2a: Greninja
|-status|p2a: Greninja|tox
|
|-heal|p1a: Clodsire|36/100|[from] item: Leftovers
|-damage|p2a: Greninja|44/100 tox|[from] psn
|upkeep
|turn|17
|
|t:|1779725161
|move|p2a: Greninja|Surf|p1a: Clodsire
|-supereffective|p1a: Clodsire
|-damage|p1a: Clodsire|0 fnt
|faint|p1a: Clodsire
|-damage|p2a: Greninja|35/100 tox|[from] item: Life Orb
|
|-damage|p2a: Greninja|23/100 tox|[from] psn
|upkeep
|
|t:|1779725164
|switch|p1a: Deoxys|Deoxys-Speed|100/100
|-damage|p1a: Deoxys|88/100|[from] Stealth Rock
|-ability|p1a: Deoxys|Pressure
|turn|18
|
|t:|1779725167
|move|p1a: Deoxys|Protect|p1a: Deoxys
|-singleturn|p1a: Deoxys|Protect
|move|p2a: Greninja|Dark Pulse|p1a: Deoxys
|-activate|p1a: Deoxys|move: Protect
|
|-damage|p2a: Greninja|5/100 tox|[from] psn
|upkeep
|turn|19
|
|t:|1779725171
|move|p2a: Greninja|Dark Pulse|p1a: Deoxys
|-supereffective|p1a: Deoxys
|-damage|p1a: Deoxys|0 fnt
|faint|p1a: Deoxys
|-damage|p2a: Greninja|0 fnt|[from] item: Life Orb
|faint|p2a: Greninja
|
|upkeep
|
|t:|1779725175
|switch|p1a: Zamazenta|Zamazenta, tera:Steel|16/100
|switch|p2a: Iron Treads|Iron Treads|100/100
|-damage|p1a: Zamazenta|10/100|[from] Stealth Rock
|turn|20
|
|t:|1779725178
|-terastallize|p2a: Iron Treads|Ghost
|move|p1a: Zamazenta|Close Combat|p2a: Iron Treads
|-immune|p2a: Iron Treads
|move|p2a: Iron Treads|Earthquake|p1a: Zamazenta
|-supereffective|p1a: Zamazenta
|-damage|p1a: Zamazenta|0 fnt
|faint|p1a: Zamazenta
|
|win|ricky135
|raw|CIodSuspectTest's rating: 1402 &rarr; <strong>1386</strong><br />(-16 for losing)
|raw|ricky135's rating: 1477 &rarr; <strong>1493</strong><br />(+16 for winning)
|l|☆CIodSuspectTest
|player|p1|
|l|☆ricky135
|player|p2|
