|j|☆jujibalaoshi001
|j|☆Menaxelum
|t:|1779719140
|gametype|singles
|player|p1|jujibalaoshi001|170|1612
|player|p2|Menaxelum|adaman|1663
|gen|9
|tier|[Gen 9] OU
|rated|
|rule|HP Percentage Mod: HP is shown in percentages
|rule|Endless Battle Clause: Forcing endless battles is banned
|rule|Species Clause: Limit one of each Pokémon
|rule|OHKO Clause: OHKO moves are banned
|rule|Evasion Items Clause: Evasion items are banned
|rule|Evasion Moves Clause: Evasion moves are banned
|rule|Evasion Abilities Clause: Evasion abilities are banned
|rule|Sleep Moves Clause: Sleep-inducing moves are banned
|clearpoke
|poke|p1|Dragonite, M|
|poke|p1|Ninetales-Alola, M|
|poke|p1|Polteageist|
|poke|p1|Ogerpon-Wellspring, F|
|poke|p1|Iron Treads|
|poke|p1|Cloyster, F|
|poke|p2|Dragapult, F|
|poke|p2|Alomomola, F|
|poke|p2|Ting-Lu|
|poke|p2|Kyurem|
|poke|p2|Weezing-Galar, F|
|poke|p2|Corviknight, F|
|teampreview
|inactive|Battle timer is ON: inactive players will automatically lose when time's up. (requested by Menaxelum)
|
|t:|1779719150
|teamsize|p1|6
|teamsize|p2|6
|start
|switch|p1a: Iron Treads|Iron Treads|100/100
|switch|p2a: Weezing|Weezing-Galar, F|100/100
|-ability|p2a: Weezing|Neutralizing Gas
|turn|1
|
|t:|1779719173
|-end|p2a: Weezing|ability: Neutralizing Gas
|switch|p2a: Alomomola|Alomomola, F|100/100
|-enditem|p1a: Iron Treads|Booster Energy
|-activate|p1a: Iron Treads|ability: Quark Drive|[fromitem]
|-start|p1a: Iron Treads|quarkdrivespe
|move|p1a: Iron Treads|Stealth Rock|p2a: Alomomola
|-sidestart|p2: Menaxelum|move: Stealth Rock
|
|upkeep
|turn|2
|
|t:|1779719187
|-end|p1a: Iron Treads|Quark Drive|[silent]
|switch|p1a: Ogerpon|Ogerpon-Wellspring, F|100/100
|move|p2a: Alomomola|Flip Turn|p1a: Ogerpon
|-immune|p1a: Ogerpon|[from] ability: Water Absorb
|
|upkeep
|turn|3
|
|t:|1779719198
|switch|p2a: Kyurem|Kyurem, shiny|100/100
|-damage|p2a: Kyurem|76/100|[from] Stealth Rock
|-ability|p2a: Kyurem|Pressure
|move|p1a: Ogerpon|Power Whip|p2a: Kyurem
|-resisted|p2a: Kyurem
|-damage|p2a: Kyurem|42/100
|
|-heal|p2a: Kyurem|48/100|[from] item: Leftovers
|upkeep
|turn|4
|
|t:|1779719209
|move|p1a: Ogerpon|Play Rough|p2a: Kyurem
|-supereffective|p2a: Kyurem
|-damage|p2a: Kyurem|0 fnt
|faint|p2a: Kyurem
|
|upkeep
|
|t:|1779719212
|switch|p2a: Pultersheist|Dragapult, F|100/100
|-damage|p2a: Pultersheist|88/100|[from] Stealth Rock
|turn|5
|
|t:|1779719218
|switch|p1a: Ninetales|Ninetales-Alola, M|100/100
|-weather|Snowscape|[from] ability: Snow Warning|[of] p1a: Ninetales
|move|p2a: Pultersheist|U-turn|p1a: Ninetales
|-resisted|p1a: Ninetales
|-damage|p1a: Ninetales|84/100
|
|t:|1779719227
|switch|p2a: Weezing|Weezing-Galar, F|100/100|[from] U-turn
|-ability|p2a: Weezing|Neutralizing Gas
|-damage|p2a: Weezing|88/100|[from] Stealth Rock
|
|-weather|Snowscape|[upkeep]
|-heal|p2a: Weezing|94/100|[from] item: Leftovers
|upkeep
|turn|6
|
|t:|1779719239
|move|p1a: Ninetales|Aurora Veil|p1a: Ninetales
|-sidestart|p1: jujibalaoshi001|move: Aurora Veil
|move|p2a: Weezing|Defog|p1a: Ninetales
|-unboost|p1a: Ninetales|evasion|1
|-sideend|p1: jujibalaoshi001|move: Aurora Veil
|-sideend|p2: Menaxelum|Stealth Rock|[from] move: Defog|[of] p2a: Weezing
|
|-weather|Snowscape|[upkeep]
|-heal|p2a: Weezing|99/100|[from] item: Leftovers
|upkeep
|turn|7
|
|t:|1779719252
|move|p1a: Ninetales|Encore|p2a: Weezing
|-start|p2a: Weezing|Encore
|move|p2a: Weezing|Defog|p1a: Ninetales
|-unboost|p1a: Ninetales|evasion|1
|
|-weather|Snowscape|[upkeep]
|-heal|p2a: Weezing|100/100|[from] item: Leftovers
|upkeep
|turn|8
|
|t:|1779719259
|-end|p2a: Weezing|ability: Neutralizing Gas
|switch|p2a: Corviknight|Corviknight, F|100/100
|-ability|p2a: Corviknight|Pressure
|move|p1a: Ninetales|Freeze-Dry|p2a: Corviknight
|-damage|p2a: Corviknight|81/100
|
|-weather|Snowscape|[upkeep]
|-heal|p2a: Corviknight|87/100|[from] item: Leftovers
|upkeep
|turn|9
|
|t:|1779719276
|move|p1a: Ninetales|Aurora Veil|p1a: Ninetales
|-sidestart|p1: jujibalaoshi001|move: Aurora Veil
|move|p2a: Corviknight|U-turn|p1a: Ninetales
|-resisted|p1a: Ninetales
|-damage|p1a: Ninetales|81/100
|
|t:|1779719279
|switch|p2a: Weezing|Weezing-Galar, F|100/100|[from] U-turn
|-ability|p2a: Weezing|Neutralizing Gas
|
|-weather|none
|upkeep
|turn|10
|
|t:|1779719283
|move|p1a: Ninetales|Freeze-Dry|p2a: Weezing
|-damage|p2a: Weezing|65/100
|move|p2a: Weezing|Toxic|p1a: Ninetales
|-status|p1a: Ninetales|tox
|
|-heal|p2a: Weezing|71/100|[from] item: Leftovers
|-damage|p1a: Ninetales|75/100 tox|[from] psn
|upkeep
|turn|11
|
|t:|1779719296
|switch|p1a: Cloyster|Cloyster, F|100/100
|move|p2a: Weezing|Defog|p1a: Cloyster
|-unboost|p1a: Cloyster|evasion|1
|-sideend|p1: jujibalaoshi001|move: Aurora Veil
|
|-heal|p2a: Weezing|77/100|[from] item: Leftovers
|upkeep
|turn|12
|
|t:|1779719318
|move|p1a: Cloyster|Shell Smash|p1a: Cloyster
|-unboost|p1a: Cloyster|def|1
|-unboost|p1a: Cloyster|spd|1
|-boost|p1a: Cloyster|atk|2
|-boost|p1a: Cloyster|spa|2
|-boost|p1a: Cloyster|spe|2
|move|p2a: Weezing|Toxic|p1a: Cloyster
|-status|p1a: Cloyster|tox
|
|-heal|p2a: Weezing|83/100|[from] item: Leftovers
|-damage|p1a: Cloyster|94/100 tox|[from] psn
|upkeep
|turn|13
|
|t:|1779719333
|move|p2a: Weezing|Protect|p2a: Weezing
|-singleturn|p2a: Weezing|Protect
|move|p1a: Cloyster|Icicle Spear|p2a: Weezing
|-activate|p2a: Weezing|move: Protect
|
|-heal|p2a: Weezing|89/100|[from] item: Leftovers
|-damage|p1a: Cloyster|82/100 tox|[from] psn
|upkeep
|turn|14
|
|t:|1779719336
|-end|p2a: Weezing|ability: Neutralizing Gas
|switch|p2a: Alomomola|Alomomola, F|100/100
|move|p1a: Cloyster|Icicle Spear|p2a: Alomomola
|-resisted|p2a: Alomomola
|-crit|p2a: Alomomola
|-damage|p2a: Alomomola|90/100
|-resisted|p2a: Alomomola
|-damage|p2a: Alomomola|82/100
|-resisted|p2a: Alomomola
|-damage|p2a: Alomomola|74/100
|-resisted|p2a: Alomomola
|-damage|p2a: Alomomola|68/100
|-resisted|p2a: Alomomola
|-damage|p2a: Alomomola|60/100
|-hitcount|p2a: Alomomola|5
|
|-damage|p1a: Cloyster|64/100 tox|[from] psn
|upkeep
|turn|15
|
|t:|1779719365
|move|p2a: Alomomola|Protect|p2a: Alomomola
|-singleturn|p2a: Alomomola|Protect
|move|p1a: Cloyster|Shell Smash|p1a: Cloyster
|-unboost|p1a: Cloyster|def|1
|-unboost|p1a: Cloyster|spd|1
|-boost|p1a: Cloyster|atk|2
|-boost|p1a: Cloyster|spa|2
|-boost|p1a: Cloyster|spe|2
|
|-damage|p1a: Cloyster|39/100 tox|[from] psn
|upkeep
|turn|16
|
|t:|1779719388
|move|p1a: Cloyster|Rock Blast|p2a: Alomomola
|-damage|p2a: Alomomola|47/100
|-damage|p2a: Alomomola|34/100
|-damage|p2a: Alomomola|22/100
|-damage|p2a: Alomomola|10/100
|-damage|p2a: Alomomola|0 fnt
|faint|p2a: Alomomola
|-hitcount|p2: Alomomola|5
|
|-damage|p1a: Cloyster|9/100 tox|[from] psn
|upkeep
|
|t:|1779719390
|switch|p2a: Weezing|Weezing-Galar, F|89/100
|-ability|p2a: Weezing|Neutralizing Gas
|turn|17
|
|t:|1779719401
|move|p2a: Weezing|Protect|p2a: Weezing
|-singleturn|p2a: Weezing|Protect
|move|p1a: Cloyster|Icicle Spear|p2a: Weezing
|-activate|p2a: Weezing|move: Protect
|
|-heal|p2a: Weezing|95/100|[from] item: Leftovers
|-damage|p1a: Cloyster|0 fnt|[from] psn
|faint|p1a: Cloyster
|upkeep
|inactive|jujibalaoshi001 has 120 seconds left.
|
|t:|1779719425
|switch|p1a: Polteageist|Polteageist|100/100
|turn|18
|
|t:|1779719443
|-end|p2a: Weezing|ability: Neutralizing Gas
|switch|p2a: Ting-Lu|Ting-Lu|100/100
|-ability|p2a: Ting-Lu|Vessel of Ruin
|move|p1a: Polteageist|Shell Smash|p1a: Polteageist
|-unboost|p1a: Polteageist|def|1
|-unboost|p1a: Polteageist|spd|1
|-boost|p1a: Polteageist|atk|2
|-boost|p1a: Polteageist|spa|2
|-boost|p1a: Polteageist|spe|2
|-enditem|p1a: Polteageist|White Herb
|-clearnegativeboost|p1a: Polteageist|[silent]
|
|upkeep
|turn|19
|
|t:|1779719449
|move|p1a: Polteageist|Shadow Ball|p2a: Ting-Lu
|-resisted|p2a: Ting-Lu
|-damage|p2a: Ting-Lu|86/100
|move|p2a: Ting-Lu|Ruination|p1a: Polteageist
|-damage|p1a: Polteageist|50/100
|
|-heal|p2a: Ting-Lu|92/100|[from] item: Leftovers
|upkeep
|turn|20
|
|t:|1779719459
|move|p1a: Polteageist|Shadow Ball|p2a: Ting-Lu
|-resisted|p2a: Ting-Lu
|-crit|p2a: Ting-Lu
|-damage|p2a: Ting-Lu|72/100
|move|p2a: Ting-Lu|Earthquake|p1a: Polteageist
|-crit|p1a: Polteageist
|-damage|p1a: Polteageist|0 fnt
|-start|p2a: Ting-Lu|Disable|Earthquake|[from] ability: Cursed Body|[of] p1a: Polteageist
|faint|p1a: Polteageist
|
|-heal|p2a: Ting-Lu|78/100|[from] item: Leftovers
|upkeep
|
|t:|1779719478
|switch|p1a: Ogerpon|Ogerpon-Wellspring, F|100/100
|turn|21
|inactive|Menaxelum has 120 seconds left.
|
|t:|1779719511
|move|p1a: Ogerpon|Ivy Cudgel|p2a: Ting-Lu|[anim] Ivy Cudgel Water
|-supereffective|p2a: Ting-Lu
|-damage|p2a: Ting-Lu|17/100
|move|p2a: Ting-Lu|Ruination|p1a: Ogerpon
|-damage|p1a: Ogerpon|51/100
|
|-heal|p2a: Ting-Lu|23/100|[from] item: Leftovers
|upkeep
|turn|22
|
|t:|1779719521
|switch|p2a: Pultersheist|Dragapult, F|88/100
|move|p1a: Ogerpon|Ivy Cudgel|p2a: Pultersheist|[anim] Ivy Cudgel Water
|-resisted|p2a: Pultersheist
|-damage|p2a: Pultersheist|48/100
|
|upkeep
|turn|23
|
|t:|1779719527
|switch|p1a: Ninetales|Ninetales-Alola, M|75/100 tox
|-weather|Snowscape|[from] ability: Snow Warning|[of] p1a: Ninetales
|move|p2a: Pultersheist|U-turn|p1a: Ninetales
|-resisted|p1a: Ninetales
|-damage|p1a: Ninetales|58/100 tox
|
|t:|1779719537
|switch|p2a: Corviknight|Corviknight, F|87/100|[from] U-turn
|-ability|p2a: Corviknight|Pressure
|
|-weather|Snowscape|[upkeep]
|-heal|p2a: Corviknight|93/100|[from] item: Leftovers
|-damage|p1a: Ninetales|52/100 tox|[from] psn
|upkeep
|turn|24
|
|t:|1779719548
|move|p1a: Ninetales|Aurora Veil|p1a: Ninetales
|-sidestart|p1: jujibalaoshi001|move: Aurora Veil
|move|p2a: Corviknight|U-turn|p1a: Ninetales
|-resisted|p1a: Ninetales
|-damage|p1a: Ninetales|49/100 tox
|
|t:|1779719550
|switch|p2a: Weezing|Weezing-Galar, F|95/100|[from] U-turn
|-ability|p2a: Weezing|Neutralizing Gas
|
|-weather|Snowscape|[upkeep]
|-heal|p2a: Weezing|100/100|[from] item: Leftovers
|-damage|p1a: Ninetales|37/100 tox|[from] psn
|upkeep
|turn|25
|
|t:|1779719564
|switch|p1a: Iron Treads|Iron Treads|100/100
|move|p2a: Weezing|Toxic|p1a: Iron Treads
|-immune|p1a: Iron Treads
|
|-weather|Snowscape|[upkeep]
|upkeep
|turn|26
|
|t:|1779719575
|-end|p2a: Weezing|ability: Neutralizing Gas
|switch|p2a: Corviknight|Corviknight, F|93/100
|-ability|p2a: Corviknight|Pressure
|move|p1a: Iron Treads|Stealth Rock|p2a: Corviknight
|-sidestart|p2: Menaxelum|move: Stealth Rock
|
|-weather|Snowscape|[upkeep]
|-heal|p2a: Corviknight|99/100|[from] item: Leftovers
|upkeep
|turn|27
|
|t:|1779719583
|move|p1a: Iron Treads|Rapid Spin|p2a: Corviknight
|-resisted|p2a: Corviknight
|-damage|p2a: Corviknight|95/100
|-boost|p1a: Iron Treads|spe|1
|move|p2a: Corviknight|Defog|p1a: Iron Treads
|-unboost|p1a: Iron Treads|evasion|1
|-sideend|p1: jujibalaoshi001|move: Aurora Veil
|-sideend|p2: Menaxelum|Stealth Rock|[from] move: Defog|[of] p2a: Corviknight
|
|-weather|none
|-heal|p2a: Corviknight|100/100|[from] item: Leftovers
|upkeep
|turn|28
|
|t:|1779719592
|move|p1a: Iron Treads|Stealth Rock|p2a: Corviknight
|-sidestart|p2: Menaxelum|move: Stealth Rock
|move|p2a: Corviknight|Brave Bird|p1a: Iron Treads
|-resisted|p1a: Iron Treads
|-damage|p1a: Iron Treads|84/100
|-damage|p2a: Corviknight|96/100|[from] Recoil
|
|-heal|p2a: Corviknight|100/100|[from] item: Leftovers
|upkeep
|turn|29
|
|t:|1779719609
|-end|p1a: Iron Treads|Quark Drive|[silent]
|switch|p1a: Ninetales|Ninetales-Alola, M|37/100 tox
|-weather|Snowscape|[from] ability: Snow Warning|[of] p1a: Ninetales
|move|p2a: Corviknight|Defog|p1a: Ninetales
|-unboost|p1a: Ninetales|evasion|1
|-sideend|p2: Menaxelum|Stealth Rock|[from] move: Defog|[of] p2a: Corviknight
|
|-weather|Snowscape|[upkeep]
|-damage|p1a: Ninetales|31/100 tox|[from] psn
|upkeep
|turn|30
|
|t:|1779719615
|move|p1a: Ninetales|Encore|p2a: Corviknight
|-start|p2a: Corviknight|Encore
|move|p2a: Corviknight|Defog|p1a: Ninetales
|-unboost|p1a: Ninetales|evasion|1
|
|-weather|Snowscape|[upkeep]
|-damage|p1a: Ninetales|19/100 tox|[from] psn
|upkeep
|turn|31
|
|t:|1779719621
|switch|p1a: Ogerpon|Ogerpon-Wellspring, F|51/100
|switch|p2a: Weezing|Weezing-Galar, F|100/100
|-ability|p2a: Weezing|Neutralizing Gas
|
|-weather|Snowscape|[upkeep]
|upkeep
|turn|32
|
|t:|1779719633
|switch|p1a: Iron Treads|Iron Treads|84/100
|move|p2a: Weezing|Toxic|p1a: Iron Treads
|-immune|p1a: Iron Treads
|
|-weather|Snowscape|[upkeep]
|upkeep
|turn|33
|inactive|jujibalaoshi001 has 120 seconds left.
|
|t:|1779719693
|-end|p1a: Iron Treads|Quark Drive|[silent]
|switch|p1a: Dragonite|Dragonite, M|100/100
|-end|p2a: Weezing|ability: Neutralizing Gas
|switch|p2a: Corviknight|Corviknight, F|100/100
|-ability|p2a: Corviknight|Pressure
|
|-weather|none
|upkeep
|turn|34
|
|t:|1779719705
|move|p1a: Dragonite|Dragon Dance|p1a: Dragonite
|-boost|p1a: Dragonite|atk|1
|-boost|p1a: Dragonite|spe|1
|move|p2a: Corviknight|U-turn|p1a: Dragonite
|-resisted|p1a: Dragonite
|-damage|p1a: Dragonite|96/100
|
|t:|1779719715
|switch|p2a: Pultersheist|Dragapult, F|48/100|[from] U-turn
|
|upkeep
|turn|35
|
|t:|1779719730
|move|p1a: Dragonite|Ice Spinner|p2a: Pultersheist
|-supereffective|p2a: Pultersheist
|-damage|p2a: Pultersheist|0 fnt
|faint|p2a: Pultersheist
|
|upkeep
|
|t:|1779719736
|switch|p2a: Weezing|Weezing-Galar, F|100/100
|-ability|p2a: Weezing|Neutralizing Gas
|turn|36
|
|t:|1779719749
|switch|p1a: Iron Treads|Iron Treads|84/100
|-terastallize|p2a: Weezing|Grass
|move|p2a: Weezing|Toxic|p1a: Iron Treads
|-immune|p1a: Iron Treads
|
|upkeep
|turn|37
|inactive|jujibalaoshi001 has 120 seconds left.
|
|t:|1779719762
|move|p1a: Iron Treads|Stealth Rock|p2a: Weezing
|-sidestart|p2: Menaxelum|move: Stealth Rock
|move|p2a: Weezing|Will-O-Wisp|p1a: Iron Treads
|-status|p1a: Iron Treads|brn
|
|-damage|p1a: Iron Treads|78/100 brn|[from] brn
|upkeep
|turn|38
|inactive|jujibalaoshi001 has 120 seconds left.
|
|t:|1779719778
|-end|p1a: Iron Treads|Quark Drive|[silent]
|switch|p1a: Ninetales|Ninetales-Alola, M|19/100 tox
|move|p2a: Weezing|Defog|p1a: Ninetales
|-unboost|p1a: Ninetales|evasion|1
|-sideend|p2: Menaxelum|Stealth Rock|[from] move: Defog|[of] p2a: Weezing
|
|-damage|p1a: Ninetales|13/100 tox|[from] psn
|upkeep
|turn|39
|inactive|jujibalaoshi001 has 120 seconds left.
|
|t:|1779719794
|move|p2a: Weezing|Protect|p2a: Weezing
|-singleturn|p2a: Weezing|Protect
|move|p1a: Ninetales|Freeze-Dry|p2a: Weezing
|-activate|p2a: Weezing|move: Protect
|
|-damage|p1a: Ninetales|2/100 tox|[from] psn
|upkeep
|turn|40
|
|t:|1779719801
|-end|p2a: Weezing|ability: Neutralizing Gas
|-weather|Snowscape|[from] ability: Snow Warning|[of] p1a: Ninetales
|switch|p2a: Corviknight|Corviknight, F|100/100
|-ability|p2a: Corviknight|Pressure
|move|p1a: Ninetales|Freeze-Dry|p2a: Corviknight
|-damage|p2a: Corviknight|81/100
|-status|p2a: Corviknight|frz
|
|-weather|Snowscape|[upkeep]
|-heal|p2a: Corviknight|87/100 frz|[from] item: Leftovers
|-damage|p1a: Ninetales|0 fnt|[from] psn
|faint|p1a: Ninetales
|upkeep
|inactive|jujibalaoshi001 has 120 seconds left.
|
|t:|1779719807
|switch|p1a: Dragonite|Dragonite, M|96/100
|turn|41
|inactive|jujibalaoshi001 has 120 seconds left.
|
|t:|1779719823
|switch|p2a: Weezing|Weezing-Galar, F, tera:Grass|100/100
|-ability|p2a: Weezing|Neutralizing Gas
|move|p1a: Dragonite|Ice Spinner|p2a: Weezing
|-supereffective|p2a: Weezing
|-damage|p2a: Weezing|56/100
|
|-weather|Snowscape|[upkeep]
|-heal|p2a: Weezing|62/100|[from] item: Leftovers
|upkeep
|turn|42
|inactive|jujibalaoshi001 has 120 seconds left.
|
|t:|1779719838
|switch|p1a: Iron Treads|Iron Treads|78/100 brn
|move|p2a: Weezing|Will-O-Wisp|p1a: Iron Treads|[miss]
|-miss|p2a: Weezing|p1a: Iron Treads
|
|-weather|Snowscape|[upkeep]
|-heal|p2a: Weezing|68/100|[from] item: Leftovers
|-damage|p1a: Iron Treads|72/100 brn|[from] brn
|upkeep
|turn|43
|
|t:|1779719846
|move|p2a: Weezing|Protect|p2a: Weezing
|-singleturn|p2a: Weezing|Protect
|move|p1a: Iron Treads|Stealth Rock|p2a: Weezing
|-sidestart|p2: Menaxelum|move: Stealth Rock
|
|-weather|Snowscape|[upkeep]
|-heal|p2a: Weezing|74/100|[from] item: Leftovers
|-damage|p1a: Iron Treads|66/100 brn|[from] brn
|upkeep
|turn|44
|inactive|jujibalaoshi001 has 120 seconds left.
|
|t:|1779719852
|move|p1a: Iron Treads|Steel Beam|p2a: Weezing
|-damage|p2a: Weezing|5/100
|-damage|p1a: Iron Treads|15/100 brn|[from] steelbeam
|move|p2a: Weezing|Defog|p1a: Iron Treads
|-unboost|p1a: Iron Treads|evasion|1
|-sideend|p2: Menaxelum|Stealth Rock|[from] move: Defog|[of] p2a: Weezing
|
|-weather|none
|-heal|p2a: Weezing|11/100|[from] item: Leftovers
|-damage|p1a: Iron Treads|9/100 brn|[from] brn
|upkeep
|turn|45
|inactive|jujibalaoshi001 has 120 seconds left.
|
|t:|1779719868
|move|p2a: Weezing|Protect|p2a: Weezing
|-singleturn|p2a: Weezing|Protect
|move|p1a: Iron Treads|Steel Beam|p2a: Weezing
|-activate|p2a: Weezing|move: Protect
|-damage|p1a: Iron Treads|0 fnt|[from] steelbeam
|faint|p1a: Iron Treads
|-end|p1a: Iron Treads|Quark Drive|[silent]
|
|-heal|p2a: Weezing|17/100|[from] item: Leftovers
|upkeep
|
|t:|1779719870
|switch|p1a: Dragonite|Dragonite, M|96/100
|turn|46
|
|t:|1779719875
|-end|p2a: Weezing|ability: Neutralizing Gas
|switch|p2a: Ting-Lu|Ting-Lu|23/100
|-ability|p2a: Ting-Lu|Vessel of Ruin
|move|p1a: Dragonite|Ice Spinner|p2a: Ting-Lu
|-supereffective|p2a: Ting-Lu
|-damage|p2a: Ting-Lu|0 fnt
|faint|p2a: Ting-Lu
|
|upkeep
|
|t:|1779719878
|switch|p2a: Corviknight|Corviknight, F|87/100 frz
|-ability|p2a: Corviknight|Pressure
|turn|47
|
|t:|1779719883
|move|p1a: Dragonite|Dragon Dance|p1a: Dragonite
|-boost|p1a: Dragonite|atk|1
|-boost|p1a: Dragonite|spe|1
|cant|p2a: Corviknight|frz
|
|-heal|p2a: Corviknight|93/100 frz|[from] item: Leftovers
|upkeep
|turn|48
|
|t:|1779719892
|move|p1a: Dragonite|Dragon Dance|p1a: Dragonite
|-boost|p1a: Dragonite|atk|1
|-boost|p1a: Dragonite|spe|1
|cant|p2a: Corviknight|frz
|
|-heal|p2a: Corviknight|99/100 frz|[from] item: Leftovers
|upkeep
|turn|49
|
|t:|1779719899
|move|p1a: Dragonite|Ice Spinner|p2a: Corviknight
|-damage|p2a: Corviknight|56/100 frz
|cant|p2a: Corviknight|frz
|
|-heal|p2a: Corviknight|62/100 frz|[from] item: Leftovers
|upkeep
|turn|50
|
|t:|1779719905
|move|p1a: Dragonite|Ice Spinner|p2a: Corviknight
|-damage|p2a: Corviknight|19/100 frz
|-curestatus|p2a: Corviknight|frz|[msg]
|move|p2a: Corviknight|Roost|p2a: Corviknight
|-heal|p2a: Corviknight|69/100
|-singleturn|p2a: Corviknight|move: Roost
|
|-heal|p2a: Corviknight|75/100|[from] item: Leftovers
|upkeep
|turn|51
|j| rentschler
|
|t:|1779719915
|move|p1a: Dragonite|Dragon Dance|p1a: Dragonite
|-boost|p1a: Dragonite|atk|1
|-boost|p1a: Dragonite|spe|1
|move|p2a: Corviknight|Roost|p2a: Corviknight
|-heal|p2a: Corviknight|100/100
|-singleturn|p2a: Corviknight|move: Roost
|
|upkeep
|turn|52
|
|t:|1779719922
|switch|p2a: Weezing|Weezing-Galar, F, tera:Grass|17/100
|-ability|p2a: Weezing|Neutralizing Gas
|move|p1a: Dragonite|Ice Spinner|p2a: Weezing
|-supereffective|p2a: Weezing
|-damage|p2a: Weezing|0 fnt
|faint|p2a: Weezing
|-end|p2a: Weezing|ability: Neutralizing Gas
|
|upkeep
|
|t:|1779719925
|switch|p2a: Corviknight|Corviknight, F|100/100
|-ability|p2a: Corviknight|Pressure
|turn|53
|
|t:|1779719930
|move|p1a: Dragonite|Ice Spinner|p2a: Corviknight
|-damage|p2a: Corviknight|43/100
|move|p2a: Corviknight|Brave Bird|p1a: Dragonite
|-damage|p1a: Dragonite|57/100
|-damage|p2a: Corviknight|32/100|[from] Recoil
|
|-heal|p2a: Corviknight|39/100|[from] item: Leftovers
|upkeep
|turn|54
|
|t:|1779719938
|move|p1a: Dragonite|Ice Spinner|p2a: Corviknight
|-damage|p2a: Corviknight|0 fnt
|faint|p2a: Corviknight
|
|win|jujibalaoshi001
|raw|jujibalaoshi001's rating: 1612 &rarr; <strong>1635</strong><br />(+23 for winning)
|raw|Menaxelum's rating: 1663 &rarr; <strong>1640</strong><br />(-23 for losing)
|l|☆jujibalaoshi001
|player|p1|
|l| rentschler
