|j|☆dafrogger
|j|☆LUPIIT
|t:|1779646882
|gametype|singles
|player|p1|dafrogger|bugcatcher-gen4dp|1490
|player|p2|LUPIIT|lucas|1509
|gen|9
|tier|[Gen 9] OU
|rated|
|rule|HP Percentage Mod: HP is shown in percentages
|rule|Endless Battle Clause: Forcing endless battles is banned
|rule|Species Clause: Limit one of each Pokémon
|rule|OHKO Clause: OHKO moves are banned
|rule|Evasion Items Clause: Evasion items are banned
|rule|Evasion Moves Clause: Evasion moves are banned
|rule|Evasion Abilities Clause: Evasion abilities are banned
|rule|Sleep Moves Clause: Sleep-inducing moves are banned
|clearpoke
|poke|p1|Ninetales, F|
|poke|p1|Cinderace, M|
|poke|p1|Tornadus, M|
|poke|p1|Walking Wake|
|poke|p1|Charizard, F|
|poke|p1|Dragonite, F|
|poke|p2|Smeargle, M|
|poke|p2|Glimmora, M|
|poke|p2|Zapdos|
|poke|p2|Rillaboom, M|
|poke|p2|Hydrapple, M|
|poke|p2|Skeledirge, M|
|teampreview
|inactive|Battle timer is ON: inactive players will automatically lose when time's up. (requested by LUPIIT)
|inactive|dafrogger has 120 seconds left.
|
|t:|1779646914
|teamsize|p1|6
|teamsize|p2|6
|start
|switch|p1a: Ninetales|Ninetales, F|100/100
|switch|p2a: Glimmora|Glimmora, M|100/100
|-weather|SunnyDay|[from] ability: Drought|[of] p1a: Ninetales
|-item|p2a: Glimmora|Air Balloon
|turn|1
|
|t:|1779646919
|switch|p1a: Walking Wake|Walking Wake|100/100
|-activate|p1a: Walking Wake|ability: Protosynthesis
|-start|p1a: Walking Wake|protosynthesisspa
|move|p2a: Glimmora|Stealth Rock|p1a: Walking Wake
|-sidestart|p1: dafrogger|move: Stealth Rock
|
|-weather|SunnyDay|[upkeep]
|upkeep
|turn|2
|
|t:|1779646924
|switch|p2a: Rillaboom|Rillaboom, M|100/100
|-fieldstart|move: Grassy Terrain|[from] ability: Grassy Surge|[of] p2a: Rillaboom
|move|p1a: Walking Wake|Dragon Pulse|p2a: Rillaboom
|-damage|p2a: Rillaboom|18/100
|
|-weather|SunnyDay|[upkeep]
|-heal|p2a: Rillaboom|24/100|[from] Grassy Terrain
|upkeep
|turn|3
|
|t:|1779646929
|move|p2a: Rillaboom|Grassy Glide|p1a: Walking Wake
|-damage|p1a: Walking Wake|61/100
|move|p1a: Walking Wake|Dragon Pulse|p2a: Rillaboom
|-damage|p2a: Rillaboom|0 fnt
|faint|p2a: Rillaboom
|
|-weather|SunnyDay|[upkeep]
|-heal|p1a: Walking Wake|67/100|[from] Grassy Terrain
|upkeep
|
|t:|1779646933
|switch|p2a: Smeargle|Smeargle, M|100/100
|turn|4
|
|t:|1779646936
|move|p2a: Smeargle|Burning Bulwark|p2a: Smeargle
|-singleturn|p2a: Smeargle|move: Protect
|move|p1a: Walking Wake|Dragon Pulse|p2a: Smeargle
|-activate|p2a: Smeargle|move: Protect
|
|-weather|SunnyDay|[upkeep]
|-heal|p1a: Walking Wake|73/100|[from] Grassy Terrain
|upkeep
|turn|5
|
|t:|1779646944
|-terastallize|p2a: Smeargle|Fairy
|move|p1a: Walking Wake|Dragon Pulse|p2a: Smeargle
|-immune|p2a: Smeargle
|move|p2a: Smeargle|Spikes|p1a: Walking Wake
|-sidestart|p1: dafrogger|Spikes
|
|-weather|SunnyDay|[upkeep]
|-heal|p1a: Walking Wake|79/100|[from] Grassy Terrain
|upkeep
|turn|6
|
|t:|1779646951
|-end|p1a: Walking Wake|Protosynthesis|[silent]
|switch|p1a: Cinderace|Cinderace, M|100/100
|move|p2a: Smeargle|Burning Bulwark||[still]
|-fail|p2a: Smeargle
|
|-weather|SunnyDay|[upkeep]
|upkeep
|turn|7
|
|t:|1779646955
|switch|p2a: Glimmora|Glimmora, M|100/100
|-item|p2a: Glimmora|Air Balloon
|move|p1a: Cinderace|Pyro Ball|p2a: Glimmora
|-resisted|p2a: Glimmora
|-damage|p2a: Glimmora|51/100
|-activate|p2a: Glimmora|ability: Toxic Debris
|-sidestart|p1: dafrogger|move: Toxic Spikes
|-enditem|p2a: Glimmora|Air Balloon
|
|-weather|SunnyDay|[upkeep]
|-heal|p2a: Glimmora|57/100|[from] Grassy Terrain
|upkeep
|turn|8
|
|t:|1779646960
|move|p1a: Cinderace|Court Change|p1a: Cinderace
|-start|p1a: Cinderace|typechange|Normal|[from] ability: Libero
|-swapsideconditions
|-activate|p1a: Cinderace|move: Court Change
|move|p2a: Glimmora|Power Gem|p1a: Cinderace
|-damage|p1a: Cinderace|41/100
|
|-weather|none
|-heal|p1a: Cinderace|47/100|[from] Grassy Terrain
|-heal|p2a: Glimmora|63/100|[from] Grassy Terrain
|upkeep
|turn|9
|
|t:|1779646967
|switch|p1a: Walking Wake|Walking Wake|79/100
|switch|p2a: Zapdos|Zapdos|100/100
|
|-heal|p1a: Walking Wake|85/100|[from] Grassy Terrain
|-fieldend|move: Grassy Terrain
|upkeep
|turn|10
|
|t:|1779646973
|move|p1a: Walking Wake|Draco Meteor|p2a: Zapdos
|-damage|p2a: Zapdos|0 fnt
|-unboost|p1a: Walking Wake|spa|2
|faint|p2a: Zapdos
|
|upkeep
|
|t:|1779646979
|switch|p2a: Smeargle|Smeargle, M, tera:Fairy|100/100
|-damage|p2a: Smeargle|88/100|[from] Stealth Rock
|-damage|p2a: Smeargle|76/100|[from] Spikes
|-status|p2a: Smeargle|psn
|turn|11
|
|t:|1779646985
|-end|p1a: Walking Wake|Protosynthesis|[silent]
|switch|p1a: Ninetales|Ninetales, F|100/100
|-weather|SunnyDay|[from] ability: Drought|[of] p1a: Ninetales
|move|p2a: Smeargle|Sticky Web|p1a: Ninetales
|-sidestart|p1: dafrogger|move: Sticky Web
|
|-weather|SunnyDay|[upkeep]
|-damage|p2a: Smeargle|63/100 psn|[from] psn
|upkeep
|turn|12
|
|t:|1779646994
|switch|p1a: Charizard|Charizard, F, shiny|100/100
|switch|p2a: Glimmora|Glimmora, M|63/100
|-damage|p2a: Glimmora|51/100|[from] Stealth Rock
|-damage|p2a: Glimmora|39/100|[from] Spikes
|-sideend|p2: LUPIIT|move: Toxic Spikes|[of] p2a: Glimmora
|
|-weather|SunnyDay|[upkeep]
|-damage|p1a: Charizard|88/100|[from] ability: Solar Power|[of] p1a: Charizard
|upkeep
|turn|13
|
|t:|1779646996
|move|p1a: Charizard|Weather Ball|p2a: Glimmora
|-resisted|p2a: Glimmora
|-damage|p2a: Glimmora|0 fnt
|faint|p2a: Glimmora
|
|-weather|SunnyDay|[upkeep]
|-damage|p1a: Charizard|76/100|[from] ability: Solar Power|[of] p1a: Charizard
|upkeep
|
|t:|1779647001
|switch|p2a: Skeledirge|Skeledirge, M|100/100
|-damage|p2a: Skeledirge|76/100|[from] Stealth Rock
|-damage|p2a: Skeledirge|63/100|[from] Spikes
|turn|14
|
|t:|1779647003
|move|p1a: Charizard|Weather Ball|p2a: Skeledirge
|-resisted|p2a: Skeledirge
|-damage|p2a: Skeledirge|0 fnt
|faint|p2a: Skeledirge
|
|-weather|SunnyDay|[upkeep]
|-damage|p1a: Charizard|63/100|[from] ability: Solar Power|[of] p1a: Charizard
|upkeep
|
|t:|1779647008
|switch|p2a: Hydrapple|Hydrapple, M|100/100
|-damage|p2a: Hydrapple|88/100|[from] Stealth Rock
|-damage|p2a: Hydrapple|75/100|[from] Spikes
|turn|15
|
|t:|1779647013
|-terastallize|p1a: Charizard|Fire
|move|p1a: Charizard|Weather Ball|p2a: Hydrapple
|-damage|p2a: Hydrapple|0 fnt
|faint|p2a: Hydrapple
|
|-weather|SunnyDay|[upkeep]
|-damage|p1a: Charizard|51/100|[from] ability: Solar Power|[of] p1a: Charizard
|upkeep
|-message|LUPIIT forfeited.
|
|win|dafrogger
|raw|dafrogger's rating: 1490 &rarr; <strong>1511</strong><br />(+21 for winning)
|raw|LUPIIT's rating: 1509 &rarr; <strong>1488</strong><br />(-21 for losing)
|l|☆LUPIIT
|player|p2|
|l|☆dafrogger
|player|p1|
