|j|☆dsekop
|j|☆Igoodnamename
|t:|1779712500
|gametype|singles
|player|p1|dsekop|unknown|1502
|player|p2|Igoodnamename|aaron|1605
|gen|9
|tier|[Gen 9] OU
|rated|
|rule|HP Percentage Mod: HP is shown in percentages
|rule|Endless Battle Clause: Forcing endless battles is banned
|rule|Species Clause: Limit one of each Pokémon
|rule|OHKO Clause: OHKO moves are banned
|rule|Evasion Items Clause: Evasion items are banned
|rule|Evasion Moves Clause: Evasion moves are banned
|rule|Evasion Abilities Clause: Evasion abilities are banned
|rule|Sleep Moves Clause: Sleep-inducing moves are banned
|clearpoke
|poke|p1|Komala, F|
|poke|p1|Blissey, F|
|poke|p1|Dondozo, M|
|poke|p1|Gliscor, F|
|poke|p1|Clefable, M|
|poke|p1|Toxapex, M|
|poke|p2|Pecharunt|
|poke|p2|Slowking, F|
|poke|p2|Iron Treads|
|poke|p2|Zamazenta-*|
|poke|p2|Umbreon, F|
|poke|p2|Ogerpon, F|
|teampreview
|inactive|Battle timer is ON: inactive players will automatically lose when time's up. (requested by dsekop)
|
|t:|1779712512
|teamsize|p1|6
|teamsize|p2|6
|start
|switch|p1a: Gliscor|Gliscor, F|100/100
|switch|p2a: Slowking|Slowking, F|100/100
|turn|1
|
|t:|1779712517
|move|p1a: Gliscor|Protect|p1a: Gliscor
|-singleturn|p1a: Gliscor|Protect
|move|p2a: Slowking|Future Sight|p1a: Gliscor
|-start|p2a: Slowking|move: Future Sight
|
|-status|p1a: Gliscor|tox|[from] item: Toxic Orb
|upkeep
|turn|2
|
|t:|1779712519
|switch|p1a: Komala|Komala, F|100/100
|-ability|p1a: Komala|Comatose
|move|p2a: Slowking|Scald|p1a: Komala
|-damage|p1a: Komala|73/100
|
|upkeep
|turn|3
|
|t:|1779712529
|switch|p2a: Iron Treads|Iron Treads|100/100
|-terastallize|p1a: Komala|Dark
|move|p1a: Komala|Wish|p1a: Komala
|
|-end|p1a: Komala|move: Future Sight
|-immune|p1a: Komala
|upkeep
|turn|4
|
|t:|1779712540
|move|p1a: Komala|Protect|p1a: Komala
|-singleturn|p1a: Komala|Protect
|move|p2a: Iron Treads|Stealth Rock|p1a: Komala
|-sidestart|p1: dsekop|move: Stealth Rock
|
|-heal|p1a: Komala|100/100|[from] move: Wish|[wisher] Komala
|upkeep
|turn|5
|
|t:|1779712543
|switch|p1a: Gliscor|Gliscor, F|100/100 tox
|-damage|p1a: Gliscor|88/100 tox|[from] Stealth Rock
|move|p2a: Iron Treads|Earthquake|p1a: Gliscor
|-immune|p1a: Gliscor
|
|-heal|p1a: Gliscor|100/100 tox|[from] ability: Poison Heal
|upkeep
|turn|6
|
|t:|1779712549
|move|p2a: Iron Treads|Ice Spinner|p1a: Gliscor
|-supereffective|p1a: Gliscor
|-damage|p1a: Gliscor|47/100 tox
|move|p1a: Gliscor|Knock Off|p2a: Iron Treads
|-damage|p2a: Iron Treads|84/100
|-enditem|p2a: Iron Treads|Leftovers|[from] move: Knock Off|[of] p1a: Gliscor
|
|-heal|p1a: Gliscor|60/100 tox|[from] ability: Poison Heal
|upkeep
|turn|7
|
|t:|1779712553
|move|p1a: Gliscor|Protect|p1a: Gliscor
|-singleturn|p1a: Gliscor|Protect
|move|p2a: Iron Treads|Ice Spinner|p1a: Gliscor
|-activate|p1a: Gliscor|move: Protect
|
|-heal|p1a: Gliscor|72/100 tox|[from] ability: Poison Heal
|upkeep
|turn|8
|
|t:|1779712555
|switch|p1a: Clefable|Clefable, M|100/100
|move|p2a: Iron Treads|Ice Spinner|p1a: Clefable
|-damage|p1a: Clefable|82/100
|
|-damage|p2a: Iron Treads|71/100|[from] item: Sticky Barb
|upkeep
|turn|9
|
|t:|1779712565
|-end|p2a: Iron Treads|Quark Drive|[silent]
|switch|p2a: Slowking|Slowking, F|100/100
|move|p1a: Clefable|Stealth Rock|p2a: Slowking
|-sidestart|p2: Igoodnamename|move: Stealth Rock
|
|upkeep
|turn|10
|
|t:|1779712581
|switch|p1a: Komala|Komala, F, tera:Dark|100/100
|-ability|p1a: Komala|Comatose
|move|p2a: Slowking|Future Sight|p1a: Komala
|-start|p2a: Slowking|move: Future Sight
|
|upkeep
|turn|11
|
|t:|1779712585
|switch|p2a: Ogerpon|Ogerpon, F|100/100
|-damage|p2a: Ogerpon|88/100|[from] Stealth Rock
|move|p1a: Komala|Rapid Spin|p2a: Ogerpon
|-damage|p2a: Ogerpon|64/100
|-boost|p1a: Komala|spe|1
|-sideend|p1: dsekop|Stealth Rock|[from] move: Rapid Spin|[of] p1a: Komala
|
|upkeep
|turn|12
|
|t:|1779712588
|move|p1a: Komala|Protect|p1a: Komala
|-singleturn|p1a: Komala|Protect
|move|p2a: Ogerpon|U-turn|p1a: Komala
|-activate|p1a: Komala|move: Protect
|
|-end|p1a: Komala|move: Future Sight
|-immune|p1a: Komala
|upkeep
|turn|13
|
|t:|1779712592
|switch|p1a: Gliscor|Gliscor, F|72/100 tox
|move|p2a: Ogerpon|U-turn|p1a: Gliscor
|-resisted|p1a: Gliscor
|-damage|p1a: Gliscor|63/100 tox
|
|t:|1779712595
|switch|p2a: Pecharunt|Pecharunt|100/100|[from] U-turn
|-damage|p2a: Pecharunt|88/100|[from] Stealth Rock
|-item|p2a: Pecharunt|Air Balloon
|
|-heal|p1a: Gliscor|75/100 tox|[from] ability: Poison Heal
|upkeep
|turn|14
|
|t:|1779712622
|switch|p1a: Blissey|Blissey, F|100/100
|move|p2a: Pecharunt|Nasty Plot|p2a: Pecharunt
|-boost|p2a: Pecharunt|spa|2
|
|upkeep
|turn|15
|
|t:|1779712626
|move|p2a: Pecharunt|Nasty Plot|p2a: Pecharunt
|-boost|p2a: Pecharunt|spa|2
|move|p1a: Blissey|Calm Mind|p1a: Blissey
|-boost|p1a: Blissey|spa|1
|-boost|p1a: Blissey|spd|1
|
|upkeep
|turn|16
|
|t:|1779712628
|move|p2a: Pecharunt|Nasty Plot|p2a: Pecharunt
|-boost|p2a: Pecharunt|spa|2
|move|p1a: Blissey|Shadow Ball|p2a: Pecharunt
|-supereffective|p2a: Pecharunt
|-damage|p2a: Pecharunt|36/100
|-enditem|p2a: Pecharunt|Air Balloon
|
|upkeep
|turn|17
|
|t:|1779712636
|switch|p2a: Umbreon|Umbreon, F|100/100
|-damage|p2a: Umbreon|88/100|[from] Stealth Rock
|move|p1a: Blissey|Shadow Ball|p2a: Umbreon
|-resisted|p2a: Umbreon
|-damage|p2a: Umbreon|81/100
|
|-heal|p2a: Umbreon|87/100|[from] item: Leftovers
|upkeep
|turn|18
|
|t:|1779712654
|switch|p1a: Gliscor|Gliscor, F|75/100 tox
|move|p2a: Umbreon|Toxic|p1a: Gliscor
|-fail|p1a: Gliscor|tox
|
|-heal|p2a: Umbreon|93/100|[from] item: Leftovers
|-heal|p1a: Gliscor|88/100 tox|[from] ability: Poison Heal
|upkeep
|turn|19
|
|t:|1779712659
|move|p1a: Gliscor|Spikes|p2a: Umbreon
|-sidestart|p2: Igoodnamename|Spikes
|move|p2a: Umbreon|Wish|p2a: Umbreon
|
|-heal|p2a: Umbreon|99/100|[from] item: Leftovers
|-heal|p1a: Gliscor|99/100 tox|[from] ability: Poison Heal
|upkeep
|turn|20
|
|t:|1779712664
|switch|p2a: Ogerpon|Ogerpon, F|64/100
|-damage|p2a: Ogerpon|52/100|[from] Stealth Rock
|-damage|p2a: Ogerpon|40/100|[from] Spikes
|move|p1a: Gliscor|Spikes|p2a: Ogerpon
|-sidestart|p2: Igoodnamename|Spikes
|
|-heal|p2a: Ogerpon|100/100|[from] move: Wish|[wisher] Umbreon
|-heal|p1a: Gliscor|100/100 tox|[from] ability: Poison Heal
|upkeep
|turn|21
|
|t:|1779712685
|-terastallize|p2a: Ogerpon|Grass
|detailschange|p2a: Ogerpon|Ogerpon-Teal-Tera, F, tera:Grass
|-ability|p2a: Ogerpon|Embody Aspect (Teal)|boost
|-boost|p2a: Ogerpon|spe|1
|move|p1a: Gliscor|Protect|p1a: Gliscor
|-singleturn|p1a: Gliscor|Protect
|move|p2a: Ogerpon|Ivy Cudgel|p1a: Gliscor
|-activate|p1a: Gliscor|move: Protect
|
|upkeep
|turn|22
|
|t:|1779712693
|move|p2a: Ogerpon|Ivy Cudgel|p1a: Gliscor
|-damage|p1a: Gliscor|46/100 tox
|move|p1a: Gliscor|Knock Off|p2a: Ogerpon
|-damage|p2a: Ogerpon|74/100
|-enditem|p2a: Ogerpon|Choice Band|[from] move: Knock Off|[of] p1a: Gliscor
|
|-heal|p1a: Gliscor|58/100 tox|[from] ability: Poison Heal
|upkeep
|turn|23
|
|t:|1779712698
|move|p1a: Gliscor|Protect|p1a: Gliscor
|-singleturn|p1a: Gliscor|Protect
|move|p2a: Ogerpon|Ivy Cudgel|p1a: Gliscor
|-activate|p1a: Gliscor|move: Protect
|
|-heal|p1a: Gliscor|71/100 tox|[from] ability: Poison Heal
|upkeep
|turn|24
|
|t:|1779712719
|move|p2a: Ogerpon|Ivy Cudgel|p1a: Gliscor
|-damage|p1a: Gliscor|29/100 tox
|move|p1a: Gliscor|Toxic|p2a: Ogerpon
|-status|p2a: Ogerpon|tox
|
|-damage|p2a: Ogerpon|68/100 tox|[from] psn
|-heal|p1a: Gliscor|42/100 tox|[from] ability: Poison Heal
|upkeep
|turn|25
|
|t:|1779712721
|move|p1a: Gliscor|Protect|p1a: Gliscor
|-singleturn|p1a: Gliscor|Protect
|move|p2a: Ogerpon|Ivy Cudgel|p1a: Gliscor
|-activate|p1a: Gliscor|move: Protect
|
|-damage|p2a: Ogerpon|56/100 tox|[from] psn
|-heal|p1a: Gliscor|54/100 tox|[from] ability: Poison Heal
|upkeep
|turn|26
|
|t:|1779712727
|move|p2a: Ogerpon|Ivy Cudgel|p1a: Gliscor
|-crit|p1a: Gliscor
|-damage|p1a: Gliscor|0 fnt
|faint|p1a: Gliscor
|
|-damage|p2a: Ogerpon|38/100 tox|[from] psn
|upkeep
|
|t:|1779712735
|switch|p1a: Toxapex|Toxapex, M|100/100
|turn|27
|
|t:|1779712738
|move|p1a: Toxapex|Baneful Bunker|p1a: Toxapex
|-singleturn|p1a: Toxapex|move: Protect
|move|p2a: Ogerpon|Ivy Cudgel|p1a: Toxapex
|-activate|p1a: Toxapex|move: Protect
|
|-damage|p2a: Ogerpon|14/100 tox|[from] psn
|upkeep
|turn|28
|
|t:|1779712743
|move|p2a: Ogerpon|Ivy Cudgel|p1a: Toxapex
|-damage|p1a: Toxapex|59/100
|move|p1a: Toxapex|Recover|p1a: Toxapex
|-heal|p1a: Toxapex|100/100
|
|-damage|p2a: Ogerpon|0 fnt|[from] psn
|faint|p2a: Ogerpon
|detailschange|p2: Ogerpon|Ogerpon, F|[silent]
|upkeep
|
|t:|1779712747
|switch|p2a: Iron Treads|Iron Treads|71/100
|-damage|p2a: Iron Treads|68/100|[from] Stealth Rock
|-damage|p2a: Iron Treads|51/100|[from] Spikes
|turn|29
|
|t:|1779712764
|move|p1a: Toxapex|Baneful Bunker|p1a: Toxapex
|-singleturn|p1a: Toxapex|move: Protect
|move|p2a: Iron Treads|Rapid Spin|p1a: Toxapex
|-activate|p1a: Toxapex|move: Protect
|
|-damage|p2a: Iron Treads|39/100|[from] item: Sticky Barb
|upkeep
|turn|30
|
|t:|1779712771
|switch|p1a: Clefable|Clefable, M|82/100
|move|p2a: Iron Treads|Rapid Spin|p1a: Clefable
|-damage|p1a: Clefable|69/100
|-boost|p2a: Iron Treads|spe|1
|-sideend|p2: Igoodnamename|Spikes|[from] move: Rapid Spin|[of] p2a: Iron Treads
|-sideend|p2: Igoodnamename|Stealth Rock|[from] move: Rapid Spin|[of] p2a: Iron Treads
|
|-damage|p2a: Iron Treads|26/100|[from] item: Sticky Barb
|upkeep
|turn|31
|
|t:|1779712775
|-end|p2a: Iron Treads|Quark Drive|[silent]
|switch|p2a: Pecharunt|Pecharunt|36/100
|move|p1a: Clefable|Stealth Rock|p2a: Pecharunt
|-sidestart|p2: Igoodnamename|move: Stealth Rock
|
|upkeep
|turn|32
|
|t:|1779712777
|switch|p1a: Blissey|Blissey, F|100/100
|move|p2a: Pecharunt|Recover|p2a: Pecharunt
|-heal|p2a: Pecharunt|86/100
|
|upkeep
|turn|33
|
|t:|1779712780
|move|p2a: Pecharunt|Malignant Chain|p1a: Blissey
|-damage|p1a: Blissey|89/100
|move|p1a: Blissey|Calm Mind|p1a: Blissey
|-boost|p1a: Blissey|spa|1
|-boost|p1a: Blissey|spd|1
|
|upkeep
|turn|34
|
|t:|1779712782
|move|p2a: Pecharunt|Malignant Chain|p1a: Blissey
|-damage|p1a: Blissey|81/100
|move|p1a: Blissey|Shadow Ball|p2a: Pecharunt
|-supereffective|p2a: Pecharunt
|-damage|p2a: Pecharunt|32/100
|-unboost|p2a: Pecharunt|spd|1
|
|upkeep
|turn|35
|
|t:|1779712785
|move|p2a: Pecharunt|Malignant Chain|p1a: Blissey
|-crit|p1a: Blissey
|-damage|p1a: Blissey|63/100
|move|p1a: Blissey|Seismic Toss|p2a: Pecharunt
|-immune|p2a: Pecharunt
|
|upkeep
|turn|36
|
|t:|1779712790
|switch|p2a: Umbreon|Umbreon, F|99/100
|-damage|p2a: Umbreon|87/100|[from] Stealth Rock
|move|p1a: Blissey|Shadow Ball|p2a: Umbreon
|-resisted|p2a: Umbreon
|-damage|p2a: Umbreon|80/100
|
|-heal|p2a: Umbreon|86/100|[from] item: Leftovers
|upkeep
|turn|37
|
|t:|1779712794
|switch|p1a: Clefable|Clefable, M|69/100
|move|p2a: Umbreon|Wish|p2a: Umbreon
|
|-heal|p2a: Umbreon|92/100|[from] item: Leftovers
|upkeep
|turn|38
|
|t:|1779712800
|switch|p2a: Iron Treads|Iron Treads|26/100
|-damage|p2a: Iron Treads|23/100|[from] Stealth Rock
|move|p1a: Clefable|Wish|p1a: Clefable
|
|-heal|p2a: Iron Treads|74/100|[from] move: Wish|[wisher] Umbreon
|-damage|p2a: Iron Treads|62/100|[from] item: Sticky Barb
|upkeep
|turn|39
|j| Thalaaaa
|
|t:|1779712813
|-end|p2a: Iron Treads|Quark Drive|[silent]
|switch|p2a: Slowking|Slowking, F|100/100
|-damage|p2a: Slowking|88/100|[from] Stealth Rock
|move|p1a: Clefable|Moonblast|p2a: Slowking
|-damage|p2a: Slowking|73/100
|-unboost|p2a: Slowking|spa|1
|
|-heal|p1a: Clefable|100/100|[from] move: Wish|[wisher] Clefable
|upkeep
|turn|40
|
|t:|1779712818
|switch|p1a: Komala|Komala, F, tera:Dark|100/100
|-ability|p1a: Komala|Comatose
|move|p2a: Slowking|Future Sight|p1a: Komala
|-start|p2a: Slowking|move: Future Sight
|
|upkeep
|turn|41
|
|t:|1779712826
|switch|p2a: Umbreon|Umbreon, F|92/100
|-damage|p2a: Umbreon|80/100|[from] Stealth Rock
|move|p1a: Komala|Rapid Spin|p2a: Umbreon
|-damage|p2a: Umbreon|68/100
|-boost|p1a: Komala|spe|1
|
|-heal|p2a: Umbreon|74/100|[from] item: Leftovers
|upkeep
|turn|42
|
|t:|1779712842
|move|p1a: Komala|Knock Off|p2a: Umbreon
|-resisted|p2a: Umbreon
|-damage|p2a: Umbreon|63/100
|-enditem|p2a: Umbreon|Leftovers|[from] move: Knock Off|[of] p1a: Komala
|move|p2a: Umbreon|Wish|p2a: Umbreon
|
|-end|p1a: Komala|move: Future Sight
|-immune|p1a: Komala
|upkeep
|turn|43
|
|t:|1779712849
|switch|p2a: Pecharunt|Pecharunt|32/100
|-damage|p2a: Pecharunt|19/100|[from] Stealth Rock
|move|p1a: Komala|Rapid Spin|p2a: Pecharunt
|-immune|p2a: Pecharunt
|
|-heal|p2a: Pecharunt|82/100|[from] move: Wish|[wisher] Umbreon
|upkeep
|turn|44
|
|t:|1779712852
|switch|p1a: Blissey|Blissey, F|63/100
|move|p2a: Pecharunt|Nasty Plot|p2a: Pecharunt
|-boost|p2a: Pecharunt|spa|2
|
|upkeep
|turn|45
|
|t:|1779712855
|move|p2a: Pecharunt|Malignant Chain|p1a: Blissey
|-damage|p1a: Blissey|39/100
|-status|p1a: Blissey|tox
|-start|p1a: Blissey|confusion|[from] ability: Poison Puppeteer|[of] p2a: Pecharunt
|-activate|p1a: Blissey|confusion
|move|p1a: Blissey|Calm Mind|p1a: Blissey
|-boost|p1a: Blissey|spa|1
|-boost|p1a: Blissey|spd|1
|
|-damage|p1a: Blissey|33/100 tox|[from] psn
|upkeep
|turn|46
|
|t:|1779712860
|move|p2a: Pecharunt|Nasty Plot|p2a: Pecharunt
|-boost|p2a: Pecharunt|spa|2
|-activate|p1a: Blissey|confusion
|move|p1a: Blissey|Soft-Boiled|p1a: Blissey
|-heal|p1a: Blissey|83/100 tox
|
|-damage|p1a: Blissey|71/100 tox|[from] psn
|upkeep
|turn|47
|inactive|dsekop has 120 seconds left.
|
|t:|1779712909
|move|p2a: Pecharunt|Shadow Ball|p1a: Blissey
|-immune|p1a: Blissey
|-activate|p1a: Blissey|confusion
|move|p1a: Blissey|Shadow Ball|p2a: Pecharunt
|-supereffective|p2a: Pecharunt
|-damage|p2a: Pecharunt|30/100
|
|-damage|p1a: Blissey|52/100 tox|[from] psn
|upkeep
|turn|48
|inactive|Igoodnamename has 120 seconds left.
|
|t:|1779712942
|move|p2a: Pecharunt|Recover|p2a: Pecharunt
|-heal|p2a: Pecharunt|81/100
|-end|p1a: Blissey|confusion
|move|p1a: Blissey|Soft-Boiled|p1a: Blissey
|-heal|p1a: Blissey|100/100 tox
|
|-damage|p1a: Blissey|76/100 tox|[from] psn
|upkeep
|turn|49
|inactive|dsekop has 120 seconds left.
|inactive|dsekop has 90 seconds left.
|
|t:|1779713004
|move|p2a: Pecharunt|Malignant Chain|p1a: Blissey
|-damage|p1a: Blissey|53/100 tox
|move|p1a: Blissey|Shadow Ball|p2a: Pecharunt
|-supereffective|p2a: Pecharunt
|-damage|p2a: Pecharunt|29/100
|-unboost|p2a: Pecharunt|spd|1
|
|-damage|p1a: Blissey|23/100 tox|[from] psn
|upkeep
|turn|50
|inactive|dsekop has 60 seconds left.
|inactive|Igoodnamename has 120 seconds left.
|
|t:|1779713024
|-curestatus|p1a: Blissey|tox|[from] ability: Natural Cure|[silent]
|switch|p1a: Toxapex|Toxapex, M|100/100
|move|p2a: Pecharunt|Shadow Ball|p1a: Toxapex
|-damage|p1a: Toxapex|32/100
|-unboost|p1a: Toxapex|spd|1
|
|upkeep
|turn|51
|
|t:|1779713031
|switch|p1a: Komala|Komala, F, tera:Dark|100/100
|-ability|p1a: Komala|Comatose
|move|p2a: Pecharunt|Malignant Chain|p1a: Komala
|-damage|p1a: Komala|0 fnt
|faint|p1a: Komala
|
|upkeep
|
|t:|1779713036
|switch|p1a: Toxapex|Toxapex, M|66/100
|turn|52
|
|t:|1779713042
|move|p2a: Pecharunt|Malignant Chain|p1a: Toxapex
|-resisted|p1a: Toxapex
|-damage|p1a: Toxapex|23/100
|move|p1a: Toxapex|Haze|p1a: Toxapex
|-clearallboost
|
|upkeep
|turn|53
|
|t:|1779713049
|switch|p1a: Blissey|Blissey, F|23/100
|move|p2a: Pecharunt|Recover|p2a: Pecharunt
|-heal|p2a: Pecharunt|79/100
|
|upkeep
|turn|54
|
|t:|1779713051
|move|p2a: Pecharunt|Malignant Chain|p1a: Blissey
|-damage|p1a: Blissey|11/100
|-status|p1a: Blissey|tox
|-start|p1a: Blissey|confusion|[from] ability: Poison Puppeteer|[of] p2a: Pecharunt
|-activate|p1a: Blissey|confusion
|-damage|p1a: Blissey|10/100 tox|[from] confusion
|
|-damage|p1a: Blissey|4/100 tox|[from] psn
|upkeep
|turn|55
|-message|dsekop forfeited.
|
|win|Igoodnamename
|raw|dsekop's rating: 1502 &rarr; <strong>1488</strong><br />(-14 for losing)
|raw|Igoodnamename's rating: 1605 &rarr; <strong>1619</strong><br />(+14 for winning)
|l|☆dsekop
|player|p1|
|l|☆Igoodnamename
|player|p2|
