|j|☆morrrow1
|j|☆Cantarope
|t:|1779657907
|gametype|singles
|player|p1|morrrow1|sabrina|1529
|player|p2|Cantarope|kieran|1461
|gen|9
|tier|[Gen 9] OU
|rated|
|rule|HP Percentage Mod: HP is shown in percentages
|rule|Endless Battle Clause: Forcing endless battles is banned
|rule|Species Clause: Limit one of each Pokémon
|rule|OHKO Clause: OHKO moves are banned
|rule|Evasion Items Clause: Evasion items are banned
|rule|Evasion Moves Clause: Evasion moves are banned
|rule|Evasion Abilities Clause: Evasion abilities are banned
|rule|Sleep Moves Clause: Sleep-inducing moves are banned
|clearpoke
|poke|p1|Ogerpon, F|
|poke|p1|Walking Wake|
|poke|p1|Blissey, F|
|poke|p1|Gliscor, M|
|poke|p1|Corviknight, F|
|poke|p1|Pecharunt|
|poke|p2|Muk, M|
|poke|p2|Corviknight, F|
|poke|p2|Darkrai|
|poke|p2|Gholdengo|
|poke|p2|Ogerpon-Wellspring, F|
|poke|p2|Cinderace, M|
|teampreview
|inactive|Battle timer is ON: inactive players will automatically lose when time's up. (requested by Cantarope)
|c|☆Cantarope|glhf
|inactive|Cantarope has 120 seconds left.
|
|t:|1779657943
|teamsize|p1|6
|teamsize|p2|6
|start
|switch|p1a: Ogerpon|Ogerpon, F|100/100
|switch|p2a: Darkrai|Darkrai|100/100
|turn|1
|
|t:|1779657963
|switch|p1a: Blissey|Blissey, F|100/100
|move|p2a: Darkrai|Ice Beam|p1a: Blissey
|-damage|p1a: Blissey|88/100
|-damage|p2a: Darkrai|91/100|[from] item: Life Orb
|
|upkeep
|turn|2
|
|t:|1779657977
|switch|p2a: Me Ne Sbatto|Muk, M|100/100
|move|p1a: Blissey|Stealth Rock|p2a: Me Ne Sbatto
|-sidestart|p2: Cantarope|move: Stealth Rock
|
|upkeep
|turn|3
|
|t:|1779657983
|switch|p1a: Corviknight|Corviknight, F|100/100
|-ability|p1a: Corviknight|Pressure
|move|p2a: Me Ne Sbatto|Knock Off|p1a: Corviknight
|-damage|p1a: Corviknight|81/100
|-enditem|p1a: Corviknight|Heavy-Duty Boots|[from] move: Knock Off|[of] p2a: Me Ne Sbatto
|
|upkeep
|turn|4
|
|t:|1779657994
|move|p1a: Corviknight|U-turn|p2a: Me Ne Sbatto
|-resisted|p2a: Me Ne Sbatto
|-damage|p2a: Me Ne Sbatto|93/100
|
|t:|1779658002
|switch|p1a: Pecharunt|Pecharunt|100/100|[from] U-turn
|move|p2a: Me Ne Sbatto|Drain Punch|p1a: Pecharunt
|-immune|p1a: Pecharunt
|
|upkeep
|turn|5
|
|t:|1779658007
|switch|p1a: Corviknight|Corviknight, F|81/100
|-ability|p1a: Corviknight|Pressure
|move|p2a: Me Ne Sbatto|Knock Off|p1a: Corviknight
|-damage|p1a: Corviknight|68/100
|
|upkeep
|turn|6
|
|t:|1779658014
|move|p1a: Corviknight|Roost|p1a: Corviknight
|-heal|p1a: Corviknight|100/100
|-singleturn|p1a: Corviknight|move: Roost
|move|p2a: Me Ne Sbatto|Drain Punch|p1a: Corviknight
|-supereffective|p1a: Corviknight
|-damage|p1a: Corviknight|70/100
|-heal|p2a: Me Ne Sbatto|100/100|[from] drain|[of] p1a: Corviknight
|
|upkeep
|turn|7
|
|t:|1779658021
|switch|p1a: Gliscor|Gliscor, M|100/100
|move|p2a: Me Ne Sbatto|Knock Off|p1a: Gliscor
|-damage|p1a: Gliscor|74/100
|-enditem|p1a: Gliscor|Toxic Orb|[from] move: Knock Off|[of] p2a: Me Ne Sbatto
|
|upkeep
|turn|8
|
|t:|1779658026
|move|p1a: Gliscor|Earthquake|p2a: Me Ne Sbatto
|-supereffective|p2a: Me Ne Sbatto
|-damage|p2a: Me Ne Sbatto|31/100
|move|p2a: Me Ne Sbatto|Ice Punch|p1a: Gliscor
|-supereffective|p1a: Gliscor
|-damage|p1a: Gliscor|0 fnt
|faint|p1a: Gliscor
|
|upkeep
|
|t:|1779658036
|switch|p1a: Walking Wake|Walking Wake|100/100
|turn|9
|
|t:|1779658063
|move|p1a: Walking Wake|Draco Meteor|p2a: Me Ne Sbatto
|-crit|p2a: Me Ne Sbatto
|-damage|p2a: Me Ne Sbatto|0 fnt
|-unboost|p1a: Walking Wake|spa|2
|faint|p2a: Me Ne Sbatto
|
|upkeep
|inactive|Cantarope has 120 seconds left.
|
|t:|1779658083
|switch|p2a: Ogerpon|Ogerpon-Wellspring, F|100/100
|-damage|p2a: Ogerpon|88/100|[from] Stealth Rock
|turn|10
|
|t:|1779658086
|-end|p1a: Walking Wake|Protosynthesis|[silent]
|switch|p1a: Pecharunt|Pecharunt|100/100
|move|p2a: Ogerpon|Substitute|p2a: Ogerpon
|-start|p2a: Ogerpon|Substitute
|-damage|p2a: Ogerpon|63/100
|
|upkeep
|turn|11
|inactive|Cantarope has 120 seconds left.
|
|t:|1779658104
|-terastallize|p2a: Ogerpon|Water
|detailschange|p2a: Ogerpon|Ogerpon-Wellspring-Tera, F, tera:Water
|-ability|p2a: Ogerpon|Embody Aspect (Wellspring)|boost
|-boost|p2a: Ogerpon|spd|1
|move|p2a: Ogerpon|Swords Dance|p2a: Ogerpon
|-boost|p2a: Ogerpon|atk|2
|move|p1a: Pecharunt|Foul Play|p2a: Ogerpon
|-end|p2a: Ogerpon|Substitute
|
|upkeep
|turn|12
|inactive|Cantarope has 120 seconds left.
|
|t:|1779658115
|move|p2a: Ogerpon|Ivy Cudgel|p1a: Pecharunt|[anim] Ivy Cudgel Water
|-crit|p1a: Pecharunt
|-damage|p1a: Pecharunt|0 fnt
|faint|p1a: Pecharunt
|
|upkeep
|
|t:|1779658118
|switch|p1a: Ogerpon|Ogerpon, F|100/100
|turn|13
|
|t:|1779658122
|-terastallize|p1a: Ogerpon|Grass
|detailschange|p1a: Ogerpon|Ogerpon-Teal-Tera, F, tera:Grass
|-ability|p1a: Ogerpon|Embody Aspect (Teal)|boost
|-boost|p1a: Ogerpon|spe|1
|move|p1a: Ogerpon|Ivy Cudgel|p2a: Ogerpon
|-supereffective|p2a: Ogerpon
|-damage|p2a: Ogerpon|0 fnt
|faint|p2a: Ogerpon
|detailschange|p2: Ogerpon|Ogerpon-Wellspring, F|[silent]
|
|upkeep
|
|t:|1779658139
|switch|p2a: Corviknight|Corviknight, F|100/100
|-damage|p2a: Corviknight|88/100|[from] Stealth Rock
|-ability|p2a: Corviknight|Pressure
|turn|14
|
|t:|1779658146
|switch|p1a: Corviknight|Corviknight, F|70/100
|-ability|p1a: Corviknight|Pressure
|move|p2a: Corviknight|U-turn|p1a: Corviknight
|-resisted|p1a: Corviknight
|-damage|p1a: Corviknight|68/100
|
|t:|1779658148
|switch|p2a: Cinderace|Cinderace, M|100/100|[from] U-turn
|
|upkeep
|turn|15
|
|t:|1779658156
|switch|p1a: Walking Wake|Walking Wake|100/100
|move|p2a: Cinderace|Gunk Shot|p1a: Walking Wake
|-start|p2a: Cinderace|typechange|Poison|[from] ability: Libero
|-damage|p1a: Walking Wake|42/100
|
|upkeep
|turn|16
|
|t:|1779658174
|move|p2a: Cinderace|Gunk Shot|p1a: Walking Wake
|-damage|p1a: Walking Wake|0 fnt
|faint|p1a: Walking Wake
|-end|p1a: Walking Wake|Protosynthesis|[silent]
|
|upkeep
|
|t:|1779658182
|switch|p1a: Blissey|Blissey, F|88/100
|turn|17
|
|t:|1779658188
|move|p2a: Cinderace|U-turn|p1a: Blissey
|-damage|p1a: Blissey|64/100
|
|t:|1779658190
|switch|p2a: Corviknight|Corviknight, F|88/100|[from] U-turn
|-damage|p2a: Corviknight|75/100|[from] Stealth Rock
|-ability|p2a: Corviknight|Pressure
|move|p1a: Blissey|Soft-Boiled|p1a: Blissey
|-heal|p1a: Blissey|100/100
|
|-heal|p2a: Corviknight|82/100|[from] item: Leftovers
|upkeep
|turn|18
|
|t:|1779658195
|switch|p1a: Corviknight|Corviknight, F|68/100
|-ability|p1a: Corviknight|Pressure
|move|p2a: Corviknight|Body Press|p1a: Corviknight
|-damage|p1a: Corviknight|49/100
|
|-heal|p2a: Corviknight|88/100|[from] item: Leftovers
|upkeep
|turn|19
|
|t:|1779658203
|move|p1a: Corviknight|Roost|p1a: Corviknight
|-heal|p1a: Corviknight|99/100
|-singleturn|p1a: Corviknight|move: Roost
|move|p2a: Corviknight|Body Press|p1a: Corviknight
|-supereffective|p1a: Corviknight
|-damage|p1a: Corviknight|65/100
|
|-heal|p2a: Corviknight|94/100|[from] item: Leftovers
|upkeep
|turn|20
|
|t:|1779658211
|move|p1a: Corviknight|Iron Defense|p1a: Corviknight
|-boost|p1a: Corviknight|def|2
|move|p2a: Corviknight|Body Press|p1a: Corviknight
|-damage|p1a: Corviknight|56/100
|
|-heal|p2a: Corviknight|100/100|[from] item: Leftovers
|upkeep
|turn|21
|
|t:|1779658215
|move|p1a: Corviknight|Roost|p1a: Corviknight
|-heal|p1a: Corviknight|100/100
|-singleturn|p1a: Corviknight|move: Roost
|move|p2a: Corviknight|U-turn|p1a: Corviknight
|-resisted|p1a: Corviknight
|-damage|p1a: Corviknight|98/100
|
|t:|1779658236
|switch|p2a: Gholdengo|Gholdengo|100/100|[from] U-turn
|-damage|p2a: Gholdengo|94/100|[from] Stealth Rock
|
|upkeep
|turn|22
|inactive|morrrow1 has 120 seconds left.
|
|t:|1779658286
|move|p2a: Gholdengo|Trick|p1a: Corviknight
|-activate|p2a: Gholdengo|move: Trick|[of] p1a: Corviknight
|-item|p1a: Corviknight|Choice Scarf|[from] move: Trick
|-enditem|p2a: Gholdengo|Choice Scarf|[silent]|[from] move: Trick
|move|p1a: Corviknight|U-turn|p2a: Gholdengo
|-resisted|p2a: Gholdengo
|-damage|p2a: Gholdengo|91/100
|inactive|morrrow1 has 90 seconds left.
|
|t:|1779658304
|switch|p1a: Ogerpon|Ogerpon-Teal-Tera, F, tera:Grass|100/100|[from] U-turn
|-ability|p1a: Ogerpon|Embody Aspect (Teal)|boost
|-boost|p1a: Ogerpon|spe|1
|
|upkeep
|turn|23
|inactive|morrrow1 has 90 seconds left.
|
|t:|1779658315
|move|p1a: Ogerpon|Knock Off|p2a: Gholdengo
|-supereffective|p2a: Gholdengo
|-damage|p2a: Gholdengo|39/100
|move|p2a: Gholdengo|Shadow Ball|p1a: Ogerpon
|-damage|p1a: Ogerpon|55/100
|-unboost|p1a: Ogerpon|spd|1
|
|upkeep
|turn|24
|
|t:|1779658325
|switch|p2a: Corviknight|Corviknight, F|100/100
|-damage|p2a: Corviknight|88/100|[from] Stealth Rock
|-ability|p2a: Corviknight|Pressure
|move|p1a: Ogerpon|Knock Off|p2a: Corviknight
|-damage|p2a: Corviknight|68/100
|-enditem|p2a: Corviknight|Leftovers|[from] move: Knock Off|[of] p1a: Ogerpon
|
|upkeep
|turn|25
|
|t:|1779658330
|switch|p1a: Corviknight|Corviknight, F|98/100
|-ability|p1a: Corviknight|Pressure
|move|p2a: Corviknight|Roost|p2a: Corviknight
|-heal|p2a: Corviknight|100/100
|-singleturn|p2a: Corviknight|move: Roost
|
|upkeep
|turn|26
|
|t:|1779658346
|switch|p2a: Gholdengo|Gholdengo|39/100
|-damage|p2a: Gholdengo|33/100|[from] Stealth Rock
|move|p1a: Corviknight|Body Press|p2a: Gholdengo
|-immune|p2a: Gholdengo
|
|upkeep
|turn|27
|
|t:|1779658357
|switch|p1a: Blissey|Blissey, F|100/100
|move|p2a: Gholdengo|Dazzling Gleam|p1a: Blissey
|-damage|p1a: Blissey|91/100
|
|upkeep
|turn|28
|
|t:|1779658363
|switch|p2a: Corviknight|Corviknight, F|100/100
|-damage|p2a: Corviknight|88/100|[from] Stealth Rock
|-ability|p2a: Corviknight|Pressure
|move|p1a: Blissey|Seismic Toss|p2a: Corviknight
|-damage|p2a: Corviknight|63/100
|
|upkeep
|turn|29
|
|t:|1779658367
|switch|p1a: Ogerpon|Ogerpon-Teal-Tera, F, tera:Grass|55/100
|-ability|p1a: Ogerpon|Embody Aspect (Teal)|boost
|-boost|p1a: Ogerpon|spe|1
|move|p2a: Corviknight|Roost|p2a: Corviknight
|-heal|p2a: Corviknight|100/100
|-singleturn|p2a: Corviknight|move: Roost
|
|upkeep
|turn|30
|
|t:|1779658373
|move|p1a: Ogerpon|Encore|p2a: Corviknight
|-start|p2a: Corviknight|Encore
|move|p2a: Corviknight|Roost||[still]
|-fail|p2a: Corviknight|heal
|
|upkeep
|turn|31
|
|t:|1779658385
|switch|p2a: Gholdengo|Gholdengo|33/100
|-damage|p2a: Gholdengo|27/100|[from] Stealth Rock
|move|p1a: Ogerpon|Knock Off|p2a: Gholdengo
|-supereffective|p2a: Gholdengo
|-crit|p2a: Gholdengo
|-damage|p2a: Gholdengo|0 fnt
|faint|p2a: Gholdengo
|
|upkeep
|
|t:|1779658389
|switch|p2a: Cinderace|Cinderace, M|100/100
|turn|32
|inactive|morrrow1 has 120 seconds left.
|
|t:|1779658427
|move|p1a: Ogerpon|Knock Off|p2a: Cinderace
|-damage|p2a: Cinderace|52/100
|-enditem|p2a: Cinderace|Heavy-Duty Boots|[from] move: Knock Off|[of] p1a: Ogerpon
|move|p2a: Cinderace|Pyro Ball|p1a: Ogerpon
|-supereffective|p1a: Ogerpon
|-damage|p1a: Ogerpon|0 fnt
|faint|p1a: Ogerpon
|detailschange|p1: Ogerpon|Ogerpon, F|[silent]
|
|upkeep
|inactive|morrrow1 has 90 seconds left.
|
|t:|1779658463
|switch|p1a: Blissey|Blissey, F|91/100
|turn|33
|inactive|morrrow1 has 90 seconds left.
|
|t:|1779658480
|switch|p2a: Corviknight|Corviknight, F|100/100
|-damage|p2a: Corviknight|88/100|[from] Stealth Rock
|-ability|p2a: Corviknight|Pressure
|switch|p1a: Corviknight|Corviknight, F|98/100
|-ability|p1a: Corviknight|Pressure
|
|upkeep
|turn|34
|
|t:|1779658490
|move|p1a: Corviknight|Body Press|p2a: Corviknight
|-damage|p2a: Corviknight|72/100
|move|p2a: Corviknight|Defog|p1a: Corviknight
|-unboost|p1a: Corviknight|evasion|1
|-sideend|p2: Cantarope|Stealth Rock|[from] move: Defog|[of] p2a: Corviknight
|
|upkeep
|turn|35
|inactive|morrrow1 has 90 seconds left.
|
|t:|1779658515
|move|p1a: Corviknight|Body Press|p2a: Corviknight
|-damage|p2a: Corviknight|56/100
|move|p2a: Corviknight|Body Press|p1a: Corviknight
|-damage|p1a: Corviknight|81/100
|
|upkeep
|turn|36
|
|t:|1779658518
|move|p1a: Corviknight|Body Press|p2a: Corviknight
|-damage|p2a: Corviknight|40/100
|move|p2a: Corviknight|Body Press|p1a: Corviknight
|-damage|p1a: Corviknight|63/100
|
|upkeep
|turn|37
|
|t:|1779658520
|move|p1a: Corviknight|Body Press|p2a: Corviknight
|-damage|p2a: Corviknight|25/100
|move|p2a: Corviknight|Roost|p2a: Corviknight
|-heal|p2a: Corviknight|75/100
|-singleturn|p2a: Corviknight|move: Roost
|
|upkeep
|turn|38
|
|t:|1779658528
|move|p1a: Corviknight|Body Press|p2a: Corviknight
|-damage|p2a: Corviknight|59/100
|move|p2a: Corviknight|Body Press|p1a: Corviknight
|-damage|p1a: Corviknight|46/100
|
|upkeep
|turn|39
|
|t:|1779658534
|move|p1a: Corviknight|Body Press|p2a: Corviknight
|-damage|p2a: Corviknight|42/100
|move|p2a: Corviknight|Body Press|p1a: Corviknight
|-damage|p1a: Corviknight|29/100
|
|upkeep
|turn|40
|
|t:|1779658536
|move|p1a: Corviknight|Body Press|p2a: Corviknight
|-damage|p2a: Corviknight|26/100
|move|p2a: Corviknight|Roost|p2a: Corviknight
|-heal|p2a: Corviknight|76/100
|-singleturn|p2a: Corviknight|move: Roost
|
|upkeep
|turn|41
|-message|morrrow1 forfeited.
|
|win|Cantarope
|raw|morrrow1's rating: 1529 &rarr; <strong>1505</strong><br />(-24 for losing)
|raw|Cantarope's rating: 1461 &rarr; <strong>1485</strong><br />(+24 for winning)
|l|☆morrrow1
|player|p1|
|l|☆Cantarope
|player|p2|
