|j|☆SnorlaxDude_143
|j|☆yes yes boys
|t:|1779624187
|gametype|singles
|player|p1|SnorlaxDude_143|unknown|1123
|player|p2|yes yes boys|266|1106
|gen|9
|tier|[Gen 9] OU
|rated|
|rule|HP Percentage Mod: HP is shown in percentages
|rule|Endless Battle Clause: Forcing endless battles is banned
|rule|Species Clause: Limit one of each Pokémon
|rule|OHKO Clause: OHKO moves are banned
|rule|Evasion Items Clause: Evasion items are banned
|rule|Evasion Moves Clause: Evasion moves are banned
|rule|Evasion Abilities Clause: Evasion abilities are banned
|rule|Sleep Moves Clause: Sleep-inducing moves are banned
|clearpoke
|poke|p1|Minior-Yellow|
|poke|p1|Great Tusk|
|poke|p1|Skeledirge, M|
|poke|p1|Ribombee, F|
|poke|p1|Raging Bolt|
|poke|p1|Darkrai|
|poke|p2|Zoroark-Hisui, M|
|poke|p2|Ceruledge, F|
|poke|p2|Sandy Shocks|
|poke|p2|Hydrapple, F|
|poke|p2|Weavile, F|
|poke|p2|Quaquaval, M|
|teampreview
|inactive|Battle timer is ON: inactive players will automatically lose when time's up. (requested by SnorlaxDude_143)
|
|t:|1779624211
|teamsize|p1|6
|teamsize|p2|6
|start
|switch|p1a: Ribombee|Ribombee, F|100/100
|switch|p2a: Quaquaval|Quaquaval, M|100/100
|turn|1
|
|t:|1779624237
|move|p1a: Ribombee|Sticky Web|p2a: Quaquaval
|-sidestart|p2: yes yes boys|move: Sticky Web
|move|p2a: Quaquaval|Trick|p1a: Ribombee
|-activate|p2a: Quaquaval|move: Trick|[of] p1a: Ribombee
|-item|p1a: Ribombee|Choice Specs|[from] move: Trick
|-item|p2a: Quaquaval|Focus Sash|[from] move: Trick
|
|upkeep
|turn|2
|
|t:|1779624251
|move|p1a: Ribombee|Moonblast|p2a: Quaquaval
|-enditem|p2a: Quaquaval|Focus Sash
|-damage|p2a: Quaquaval|1/100
|replace|p2a: Zoroark|Zoroark-Hisui, M
|-end|p2a: Zoroark|Illusion
|move|p2a: Zoroark|Bitter Malice|p1a: Ribombee
|-damage|p1a: Ribombee|28/100
|
|upkeep
|turn|3
|
|t:|1779624262
|move|p1a: Ribombee|Moonblast|p2a: Zoroark
|-damage|p2a: Zoroark|0 fnt
|faint|p2a: Zoroark
|
|upkeep
|
|t:|1779624274
|switch|p2a: Ceruledge|Ceruledge, F|100/100
|-activate|p2a: Ceruledge|move: Sticky Web
|-unboost|p2a: Ceruledge|spe|1
|turn|4
|
|t:|1779624288
|switch|p1a: Darkrai|Darkrai|100/100
|move|p2a: Ceruledge|Swords Dance|p2a: Ceruledge
|-boost|p2a: Ceruledge|atk|2
|
|upkeep
|turn|5
|
|t:|1779624303
|-terastallize|p2a: Ceruledge|Grass
|move|p1a: Darkrai|Dark Pulse|p2a: Ceruledge
|-damage|p2a: Ceruledge|36/100
|-damage|p1a: Darkrai|91/100|[from] item: Life Orb
|move|p2a: Ceruledge|Close Combat|p1a: Darkrai
|-supereffective|p1a: Darkrai
|-damage|p1a: Darkrai|0 fnt
|-unboost|p2a: Ceruledge|def|1
|-unboost|p2a: Ceruledge|spd|1
|faint|p1a: Darkrai
|
|upkeep
|
|t:|1779624317
|switch|p1a: Ribombee|Ribombee, F|28/100
|turn|6
|
|t:|1779624321
|move|p2a: Ceruledge|Shadow Sneak|p1a: Ribombee
|-crit|p1a: Ribombee
|-damage|p1a: Ribombee|0 fnt
|faint|p1a: Ribombee
|
|upkeep
|
|t:|1779624323
|switch|p1a: Skeledirge|Skeledirge, M|100/100
|-item|p1a: Skeledirge|Air Balloon
|turn|7
|
|t:|1779624340
|move|p2a: Ceruledge|Shadow Sneak|p1a: Skeledirge
|-supereffective|p1a: Skeledirge
|-damage|p1a: Skeledirge|71/100
|-enditem|p1a: Skeledirge|Air Balloon
|move|p1a: Skeledirge|Torch Song|p2a: Ceruledge
|-supereffective|p2a: Ceruledge
|-damage|p2a: Ceruledge|0 fnt
|-boost|p1a: Skeledirge|spa|1
|faint|p2a: Ceruledge
|
|upkeep
|
|t:|1779624346
|switch|p2a: Quaquaval|Quaquaval, M|100/100
|-activate|p2a: Quaquaval|move: Sticky Web
|-unboost|p2a: Quaquaval|spe|1
|turn|8
|
|t:|1779624355
|-terastallize|p1a: Skeledirge|Fairy
|move|p2a: Quaquaval|Aqua Step|p1a: Skeledirge
|-damage|p1a: Skeledirge|46/100
|-boost|p2a: Quaquaval|spe|1
|move|p1a: Skeledirge|Will-O-Wisp|p2a: Quaquaval
|-status|p2a: Quaquaval|brn
|-enditem|p2a: Quaquaval|Lum Berry|[eat]
|-curestatus|p2a: Quaquaval|brn|[msg]
|
|upkeep
|turn|9
|
|t:|1779624377
|move|p2a: Quaquaval|Aqua Step|p1a: Skeledirge
|-damage|p1a: Skeledirge|21/100
|-boost|p2a: Quaquaval|spe|1
|move|p1a: Skeledirge|Will-O-Wisp|p2a: Quaquaval
|-status|p2a: Quaquaval|brn
|
|-damage|p2a: Quaquaval|94/100 brn|[from] brn
|upkeep
|turn|10
|
|t:|1779624385
|move|p2a: Quaquaval|Aqua Step|p1a: Skeledirge
|-damage|p1a: Skeledirge|9/100
|-boost|p2a: Quaquaval|spe|1
|move|p1a: Skeledirge|Slack Off|p1a: Skeledirge
|-heal|p1a: Skeledirge|59/100
|
|-damage|p2a: Quaquaval|88/100 brn|[from] brn
|upkeep
|turn|11
|
|t:|1779624406
|switch|p2a: Sandy Shocks|Sandy Shocks|100/100
|move|p1a: Skeledirge|Torch Song|p2a: Sandy Shocks
|-damage|p2a: Sandy Shocks|42/100
|-boost|p1a: Skeledirge|spa|1
|
|upkeep
|turn|12
|
|t:|1779624413
|move|p2a: Sandy Shocks|Earth Power|p1a: Skeledirge
|-damage|p1a: Skeledirge|15/100
|move|p1a: Skeledirge|Torch Song|p2a: Sandy Shocks
|-damage|p2a: Sandy Shocks|0 fnt
|-boost|p1a: Skeledirge|spa|1
|faint|p2a: Sandy Shocks
|-end|p2a: Sandy Shocks|Protosynthesis|[silent]
|
|upkeep
|
|t:|1779624423
|switch|p2a: Weavile|Weavile, F|100/100
|-ability|p2a: Weavile|Pressure
|turn|13
|
|t:|1779624431
|move|p2a: Weavile|Triple Axel|p1a: Skeledirge
|-damage|p1a: Skeledirge|8/100
|-damage|p1a: Skeledirge|0 fnt
|faint|p1a: Skeledirge
|-hitcount|p1: Skeledirge|2
|
|upkeep
|
|t:|1779624440
|switch|p1a: Minior|Minior-Yellow|100/100
|-formechange|p1a: Minior|Minior-Meteor||[from] ability: Shields Down
|turn|14
|
|t:|1779624444
|move|p2a: Weavile|Triple Axel|p1a: Minior
|-supereffective|p1a: Minior
|-damage|p1a: Minior|71/100
|-supereffective|p1a: Minior
|-damage|p1a: Minior|20/100
|-hitcount|p1a: Minior|2
|move|p1a: Minior|Shell Smash|p1a: Minior
|-unboost|p1a: Minior|def|1
|-unboost|p1a: Minior|spd|1
|-boost|p1a: Minior|atk|2
|-boost|p1a: Minior|spa|2
|-boost|p1a: Minior|spe|2
|-enditem|p1a: Minior|White Herb
|-clearnegativeboost|p1a: Minior|[silent]
|
|-formechange|p1a: Minior|Minior-Yellow||[from] ability: Shields Down
|upkeep
|turn|15
|c|☆yes yes boys|ohh crap
|
|t:|1779624464
|move|p2a: Weavile|Ice Shard|p1a: Minior
|-supereffective|p1a: Minior
|-damage|p1a: Minior|0 fnt
|faint|p1a: Minior
|
|upkeep
|
|t:|1779624468
|switch|p1a: Raging Bolt|Raging Bolt|100/100
|turn|16
|
|t:|1779624478
|move|p2a: Weavile|Triple Axel|p1a: Raging Bolt
|-supereffective|p1a: Raging Bolt
|-damage|p1a: Raging Bolt|80/100
|-supereffective|p1a: Raging Bolt
|-damage|p1a: Raging Bolt|42/100
|-hitcount|p1a: Raging Bolt|2
|move|p1a: Raging Bolt|Draco Meteor|p2a: Weavile
|-damage|p2a: Weavile|0 fnt
|-unboost|p1a: Raging Bolt|spa|2
|faint|p2a: Weavile
|
|upkeep
|c|☆yes yes boys|nooo
|c|☆yes yes boys|how did it miss
|
|t:|1779624498
|switch|p2a: Hydrapple|Hydrapple, F|100/100
|-activate|p2a: Hydrapple|move: Sticky Web
|-unboost|p2a: Hydrapple|spe|1
|turn|17
|
|t:|1779624513
|-end|p1a: Raging Bolt|Protosynthesis|[silent]
|switch|p1a: Great Tusk|Great Tusk|100/100
|-enditem|p1a: Great Tusk|Booster Energy
|-activate|p1a: Great Tusk|ability: Protosynthesis|[fromitem]
|-start|p1a: Great Tusk|protosynthesisatk
|move|p2a: Hydrapple|Fickle Beam|p1a: Great Tusk
|-damage|p1a: Great Tusk|48/100
|
|upkeep
|turn|18
|
|t:|1779624528
|move|p1a: Great Tusk|Knock Off|p2a: Hydrapple
|-damage|p2a: Hydrapple|73/100
|-enditem|p2a: Hydrapple|Leftovers|[from] move: Knock Off|[of] p1a: Great Tusk
|move|p2a: Hydrapple|Giga Drain|p1a: Great Tusk
|-supereffective|p1a: Great Tusk
|-damage|p1a: Great Tusk|0 fnt
|-heal|p2a: Hydrapple|94/100|[from] drain|[of] p1a: Great Tusk
|faint|p1a: Great Tusk
|-end|p1a: Great Tusk|Protosynthesis|[silent]
|
|upkeep
|
|t:|1779624536
|switch|p1a: Raging Bolt|Raging Bolt|42/100
|turn|19
|
|t:|1779624545
|move|p1a: Raging Bolt|Thunderclap|p2a: Hydrapple
|-resisted|p2a: Hydrapple
|-damage|p2a: Hydrapple|84/100
|move|p2a: Hydrapple|Fickle Beam|p1a: Raging Bolt
|-supereffective|p1a: Raging Bolt
|-damage|p1a: Raging Bolt|0 fnt
|faint|p1a: Raging Bolt
|-end|p1a: Raging Bolt|Protosynthesis|[silent]
|
|win|yes yes boys
|raw|SnorlaxDude_143's rating: 1123 &rarr; <strong>1097</strong><br />(-26 for losing)
|raw|yes yes boys's rating: 1106 &rarr; <strong>1132</strong><br />(+26 for winning)
|l|☆SnorlaxDude_143
|player|p1|
|l|☆yes yes boys
|player|p2|
