|j|☆lol_nymbus
|j|☆BiggieChed66
|t:|1779686117
|gametype|singles
|player|p1|lol_nymbus|266|1312
|player|p2|BiggieChed66|ghetsis-gen5bw|1262
|gen|9
|tier|[Gen 9] OU
|rated|
|rule|HP Percentage Mod: HP is shown in percentages
|rule|Endless Battle Clause: Forcing endless battles is banned
|rule|Species Clause: Limit one of each Pokémon
|rule|OHKO Clause: OHKO moves are banned
|rule|Evasion Items Clause: Evasion items are banned
|rule|Evasion Moves Clause: Evasion moves are banned
|rule|Evasion Abilities Clause: Evasion abilities are banned
|rule|Sleep Moves Clause: Sleep-inducing moves are banned
|clearpoke
|poke|p1|Great Tusk|
|poke|p1|Braviary-Hisui, M|
|poke|p1|Darkrai|
|poke|p1|Dragapult, M|
|poke|p1|Kingambit, M|
|poke|p1|Dragonite, M|
|poke|p2|Gholdengo|
|poke|p2|Gliscor, F|
|poke|p2|Iron Moth|
|poke|p2|Ogerpon-Wellspring, F|
|poke|p2|Great Tusk|
|poke|p2|Darkrai|
|teampreview
|inactive|Battle timer is ON: inactive players will automatically lose when time's up. (requested by BiggieChed66)
|inactive|lol_nymbus has 120 seconds left.
|
|t:|1779686157
|teamsize|p1|6
|teamsize|p2|6
|start
|switch|p1a: Leviathan|Dragapult, M, shiny|100/100
|switch|p2a: Gliscor|Gliscor, F|100/100
|turn|1
|
|t:|1779686163
|move|p2a: Gliscor|Protect|p2a: Gliscor
|-singleturn|p2a: Gliscor|Protect
|move|p1a: Leviathan|Will-O-Wisp|p2a: Gliscor
|-activate|p2a: Gliscor|move: Protect
|
|-status|p2a: Gliscor|tox|[from] item: Toxic Orb
|upkeep
|turn|2
|
|t:|1779686188
|switch|p1a: Behemoth|Great Tusk, shiny|100/100
|move|p2a: Gliscor|Spikes|p1a: Behemoth
|-sidestart|p1: lol_nymbus|Spikes
|
|upkeep
|turn|3
|
|t:|1779686195
|move|p1a: Behemoth|Ice Spinner|p2a: Gliscor
|-supereffective|p2a: Gliscor
|-damage|p2a: Gliscor|37/100 tox
|move|p2a: Gliscor|Toxic|p1a: Behemoth
|-status|p1a: Behemoth|tox
|
|-damage|p1a: Behemoth|94/100 tox|[from] psn
|-heal|p2a: Gliscor|49/100 tox|[from] ability: Poison Heal
|upkeep
|turn|4
|
|t:|1779686201
|move|p2a: Gliscor|Protect|p2a: Gliscor
|-singleturn|p2a: Gliscor|Protect
|move|p1a: Behemoth|Stealth Rock|p2a: Gliscor
|-sidestart|p2: BiggieChed66|move: Stealth Rock
|
|-damage|p1a: Behemoth|82/100 tox|[from] psn
|-heal|p2a: Gliscor|62/100 tox|[from] ability: Poison Heal
|upkeep
|turn|5
|
|t:|1779686211
|switch|p2a: Gholdengo|Gholdengo|100/100
|-damage|p2a: Gholdengo|94/100|[from] Stealth Rock
|move|p1a: Behemoth|Ice Spinner|p2a: Gholdengo
|-resisted|p2a: Gholdengo
|-damage|p2a: Gholdengo|80/100
|
|-damage|p1a: Behemoth|63/100 tox|[from] psn
|upkeep
|turn|6
|
|t:|1779686218
|move|p2a: Gholdengo|Make It Rain|p1a: Behemoth
|-damage|p1a: Behemoth|0 fnt
|-unboost|p2a: Gholdengo|spa|1
|faint|p1a: Behemoth
|-end|p1a: Behemoth|Protosynthesis|[silent]
|
|upkeep
|
|t:|1779686226
|switch|p1a: Tyrant|Dragonite, M, shiny|100/100
|turn|7
|
|t:|1779686230
|move|p2a: Gholdengo|Make It Rain|p1a: Tyrant
|-damage|p1a: Tyrant|80/100
|-unboost|p2a: Gholdengo|spa|1
|move|p1a: Tyrant|Dragon Dance|p1a: Tyrant
|-boost|p1a: Tyrant|atk|1
|-boost|p1a: Tyrant|spe|1
|
|upkeep
|turn|8
|
|t:|1779686249
|switch|p2a: Great Tusk|Great Tusk|100/100
|move|p1a: Tyrant|Dragon Dance|p1a: Tyrant
|-boost|p1a: Tyrant|atk|1
|-boost|p1a: Tyrant|spe|1
|
|upkeep
|turn|9
|
|t:|1779686259
|-terastallize|p1a: Tyrant|Fire
|-terastallize|p2a: Great Tusk|Steel
|move|p1a: Tyrant|Scale Shot|p2a: Great Tusk
|-resisted|p2a: Great Tusk
|-damage|p2a: Great Tusk|91/100
|-resisted|p2a: Great Tusk
|-damage|p2a: Great Tusk|82/100
|-resisted|p2a: Great Tusk
|-crit|p2a: Great Tusk
|-damage|p2a: Great Tusk|66/100
|-resisted|p2a: Great Tusk
|-damage|p2a: Great Tusk|55/100
|-resisted|p2a: Great Tusk
|-damage|p2a: Great Tusk|46/100
|-hitcount|p2a: Great Tusk|5
|-unboost|p1a: Tyrant|def|1
|-boost|p1a: Tyrant|spe|1
|move|p2a: Great Tusk|Ice Spinner|p1a: Tyrant
|-resisted|p1a: Tyrant
|-damage|p1a: Tyrant|55/100
|
|upkeep
|turn|10
|
|t:|1779686275
|move|p1a: Tyrant|Fire Punch|p2a: Great Tusk
|-supereffective|p2a: Great Tusk
|-damage|p2a: Great Tusk|0 fnt
|faint|p2a: Great Tusk
|-end|p2a: Great Tusk|Protosynthesis|[silent]
|
|upkeep
|
|t:|1779686284
|switch|p2a: Iron Moth|Iron Moth|100/100
|-damage|p2a: Iron Moth|76/100|[from] Stealth Rock
|-enditem|p2a: Iron Moth|Booster Energy
|-activate|p2a: Iron Moth|ability: Quark Drive|[fromitem]
|-start|p2a: Iron Moth|quarkdrivespa
|turn|11
|
|t:|1779686289
|move|p1a: Tyrant|Scale Shot|p2a: Iron Moth|[miss]
|-miss|p1a: Tyrant|p2a: Iron Moth
|move|p2a: Iron Moth|Sludge Wave|p1a: Tyrant
|-damage|p1a: Tyrant|0 fnt
|faint|p1a: Tyrant
|
|upkeep
|
|t:|1779686302
|switch|p1a: Leviathan|Dragapult, M, shiny|100/100
|-damage|p1a: Leviathan|88/100|[from] Spikes
|turn|12
|
|t:|1779686306
|move|p1a: Leviathan|Dragon Darts|p2a: Iron Moth
|-damage|p2a: Iron Moth|7/100
|-anim|p1a: Leviathan|Dragon Darts|p2a: Iron Moth
|-damage|p2a: Iron Moth|0 fnt
|faint|p2a: Iron Moth
|-end|p2a: Iron Moth|Quark Drive|[silent]
|
|upkeep
|
|t:|1779686315
|switch|p2a: Gholdengo|Gholdengo|80/100
|-damage|p2a: Gholdengo|74/100|[from] Stealth Rock
|turn|13
|
|t:|1779686319
|switch|p1a: Overgod|Kingambit, M, shiny|100/100
|-activate|p1a: Overgod|ability: Supreme Overlord
|-start|p1a: Overgod|fallen2|[silent]
|-item|p1a: Overgod|Air Balloon
|move|p2a: Gholdengo|Shadow Ball|p1a: Overgod
|-resisted|p1a: Overgod
|-damage|p1a: Overgod|74/100
|-enditem|p1a: Overgod|Air Balloon
|
|upkeep
|turn|14
|
|t:|1779686330
|switch|p2a: Gliscor|Gliscor, F|62/100 tox
|-damage|p2a: Gliscor|49/100 tox|[from] Stealth Rock
|move|p1a: Overgod|Swords Dance|p1a: Overgod
|-boost|p1a: Overgod|atk|2
|
|-heal|p2a: Gliscor|62/100 tox|[from] ability: Poison Heal
|upkeep
|turn|15
|
|t:|1779686337
|move|p1a: Overgod|Sucker Punch|p2a: Gliscor
|-damage|p2a: Gliscor|4/100 tox
|move|p2a: Gliscor|Earthquake|p1a: Overgod
|-supereffective|p1a: Overgod
|-damage|p1a: Overgod|21/100
|
|-heal|p2a: Gliscor|17/100 tox|[from] ability: Poison Heal
|upkeep
|turn|16
|
|t:|1779686342
|move|p2a: Gliscor|Earthquake|p1a: Overgod
|-supereffective|p1a: Overgod
|-damage|p1a: Overgod|0 fnt
|faint|p1a: Overgod
|-end|p1a: Overgod|fallen2|[silent]
|
|-heal|p2a: Gliscor|29/100 tox|[from] ability: Poison Heal
|upkeep
|
|t:|1779686347
|switch|p1a: Cosmic Owl|Braviary-Hisui, M|100/100
|turn|17
|
|t:|1779686351
|move|p2a: Gliscor|Protect|p2a: Gliscor
|-singleturn|p2a: Gliscor|Protect
|move|p1a: Cosmic Owl|Hurricane|p2a: Gliscor
|-activate|p2a: Gliscor|move: Protect
|
|-heal|p2a: Gliscor|42/100 tox|[from] ability: Poison Heal
|upkeep
|turn|18
|
|t:|1779686356
|move|p1a: Cosmic Owl|Hurricane|p2a: Gliscor|[miss]
|-miss|p1a: Cosmic Owl|p2a: Gliscor
|move|p2a: Gliscor|Toxic|p1a: Cosmic Owl
|-status|p1a: Cosmic Owl|tox
|
|-damage|p1a: Cosmic Owl|94/100 tox|[from] psn
|-heal|p2a: Gliscor|54/100 tox|[from] ability: Poison Heal
|upkeep
|turn|19
|
|t:|1779686360
|move|p2a: Gliscor|Protect|p2a: Gliscor
|-singleturn|p2a: Gliscor|Protect
|move|p1a: Cosmic Owl|Hurricane|p2a: Gliscor
|-activate|p2a: Gliscor|move: Protect
|
|-damage|p1a: Cosmic Owl|82/100 tox|[from] psn
|-heal|p2a: Gliscor|67/100 tox|[from] ability: Poison Heal
|upkeep
|turn|20
|
|t:|1779686364
|move|p1a: Cosmic Owl|Hurricane|p2a: Gliscor
|-damage|p2a: Gliscor|0 fnt
|faint|p2a: Gliscor
|
|-damage|p1a: Cosmic Owl|64/100 tox|[from] psn
|upkeep
|
|t:|1779686367
|switch|p2a: Gholdengo|Gholdengo|74/100
|-damage|p2a: Gholdengo|68/100|[from] Stealth Rock
|turn|21
|
|t:|1779686376
|switch|p1a: Yagami|Darkrai, shiny|100/100
|-damage|p1a: Yagami|88/100|[from] Spikes
|move|p2a: Gholdengo|Thunderbolt|p1a: Yagami
|-damage|p1a: Yagami|40/100
|
|upkeep
|turn|22
|
|t:|1779686385
|move|p1a: Yagami|Sucker Punch|p2a: Gholdengo
|-supereffective|p2a: Gholdengo
|-damage|p2a: Gholdengo|1/100
|move|p2a: Gholdengo|Thunderbolt|p1a: Yagami
|-damage|p1a: Yagami|0 fnt
|faint|p1a: Yagami
|
|upkeep
|
|t:|1779686389
|switch|p1a: Leviathan|Dragapult, M, shiny|88/100
|-damage|p1a: Leviathan|76/100|[from] Spikes
|turn|23
|
|t:|1779686393
|move|p2a: Gholdengo|Thunderbolt|p1a: Leviathan
|-resisted|p1a: Leviathan
|-damage|p1a: Leviathan|53/100
|move|p1a: Leviathan|U-turn|p2a: Gholdengo
|-resisted|p2a: Gholdengo
|-damage|p2a: Gholdengo|0 fnt
|faint|p2a: Gholdengo
|
|t:|1779686396
|switch|p1a: Cosmic Owl|Braviary-Hisui, M|64/100 tox|[from] U-turn
|
|-damage|p1a: Cosmic Owl|58/100 tox|[from] psn
|upkeep
|
|t:|1779686398
|switch|p2a: Darkrai|Darkrai|100/100
|-damage|p2a: Darkrai|88/100|[from] Stealth Rock
|turn|24
|
|t:|1779686402
|move|p1a: Cosmic Owl|Vacuum Wave|p2a: Darkrai
|-supereffective|p2a: Darkrai
|-damage|p2a: Darkrai|32/100
|move|p2a: Darkrai|Ice Beam|p1a: Cosmic Owl
|-supereffective|p1a: Cosmic Owl
|-damage|p1a: Cosmic Owl|0 fnt
|faint|p1a: Cosmic Owl
|-damage|p2a: Darkrai|22/100|[from] item: Life Orb
|
|upkeep
|
|t:|1779686407
|switch|p1a: Leviathan|Dragapult, M, shiny|53/100
|-damage|p1a: Leviathan|40/100|[from] Spikes
|turn|25
|
|t:|1779686414
|move|p1a: Leviathan|Dragon Darts|p2a: Darkrai
|-crit|p2a: Darkrai
|-damage|p2a: Darkrai|0 fnt
|faint|p2a: Darkrai
|
|upkeep
|
|t:|1779686415
|switch|p2a: Ogerpon|Ogerpon-Wellspring, F|100/100
|-damage|p2a: Ogerpon|88/100|[from] Stealth Rock
|turn|26
|
|t:|1779686418
|move|p1a: Leviathan|Dragon Darts|p2a: Ogerpon
|-damage|p2a: Ogerpon|39/100
|-anim|p1a: Leviathan|Dragon Darts|p2a: Ogerpon
|-damage|p2a: Ogerpon|0 fnt
|faint|p2a: Ogerpon
|
|win|lol_nymbus
|raw|lol_nymbus's rating: 1312 &rarr; <strong>1329</strong><br />(+17 for winning)
|raw|BiggieChed66's rating: 1262 &rarr; <strong>1241</strong><br />(-21 for losing)
|c|☆lol_nymbus|gg
|l|☆BiggieChed66
|player|p2|
