|j|☆TWENNY7
|j|☆brubobn
|t:|1779683985
|gametype|singles
|player|p1|TWENNY7|hau-stance|1465
|player|p2|brubobn|bruno|1378
|gen|9
|tier|[Gen 9] OU
|rated|
|rule|HP Percentage Mod: HP is shown in percentages
|rule|Endless Battle Clause: Forcing endless battles is banned
|rule|Species Clause: Limit one of each Pokémon
|rule|OHKO Clause: OHKO moves are banned
|rule|Evasion Items Clause: Evasion items are banned
|rule|Evasion Moves Clause: Evasion moves are banned
|rule|Evasion Abilities Clause: Evasion abilities are banned
|rule|Sleep Moves Clause: Sleep-inducing moves are banned
|clearpoke
|poke|p1|Iron Valiant|
|poke|p1|Tyranitar, F|
|poke|p1|Zapdos|
|poke|p1|Darkrai|
|poke|p1|Okidogi, M|
|poke|p1|Dragonite, F|
|poke|p2|Slowking-Galar, M|
|poke|p2|Great Tusk|
|poke|p2|Arcanine-Hisui, F|
|poke|p2|Corviknight, F|
|poke|p2|Dragapult, M|
|poke|p2|Kingambit, F|
|teampreview
|inactive|Battle timer is ON: inactive players will automatically lose when time's up. (requested by brubobn)
|j| testingrainteam1
|
|t:|1779684014
|teamsize|p1|6
|teamsize|p2|6
|start
|switch|p1a: NITE NITE|Dragonite, F|100/100
|switch|p2a: Dragapult|Dragapult, M|100/100
|turn|1
|
|t:|1779684024
|-terastallize|p1a: NITE NITE|Fire
|move|p2a: Dragapult|Will-O-Wisp|p1a: NITE NITE|[miss]
|-miss|p2a: Dragapult|p1a: NITE NITE
|move|p1a: NITE NITE|Scale Shot|p2a: Dragapult
|-supereffective|p2a: Dragapult
|-damage|p2a: Dragapult|57/100
|-supereffective|p2a: Dragapult
|-damage|p2a: Dragapult|13/100
|-supereffective|p2a: Dragapult
|-damage|p2a: Dragapult|0 fnt
|faint|p2a: Dragapult
|-hitcount|p2: Dragapult|3
|-unboost|p1a: NITE NITE|def|1
|-boost|p1a: NITE NITE|spe|1
|
|upkeep
|
|t:|1779684044
|switch|p2a: Arcanine|Arcanine-Hisui, F|100/100
|turn|2
|
|t:|1779684051
|switch|p1a: CODE:red|Tyranitar, F, shiny|100/100
|-weather|Sandstorm|[from] ability: Sand Stream|[of] p1a: CODE:red
|move|p2a: Arcanine|Head Smash|p1a: CODE:red
|-damage|p1a: CODE:red|20/100
|-enditem|p1a: CODE:red|Red Card|[of] p2a: Arcanine
|drag|p2a: Corviknight|Corviknight, F|100/100
|-ability|p2a: Corviknight|Pressure
|
|-weather|Sandstorm|[upkeep]
|upkeep
|turn|3
|
|t:|1779684066
|switch|p1a: SHOXY|Zapdos|100/100
|move|p2a: Corviknight|U-turn|p1a: SHOXY
|-resisted|p1a: SHOXY
|-damage|p1a: SHOXY|92/100
|-status|p2a: Corviknight|par|[from] ability: Static|[of] p1a: SHOXY
|
|t:|1779684075
|switch|p2a: Arcanine|Arcanine-Hisui, F|100/100|[from] U-turn
|
|-weather|Sandstorm|[upkeep]
|-damage|p1a: SHOXY|86/100|[from] Sandstorm
|upkeep
|turn|4
|
|t:|1779684087
|switch|p1a: CODE:red|Tyranitar, F, shiny|20/100
|move|p2a: Arcanine|Head Smash|p1a: CODE:red|[miss]
|-miss|p2a: Arcanine|p1a: CODE:red
|
|-weather|Sandstorm|[upkeep]
|upkeep
|turn|5
|
|t:|1779684098
|switch|p2a: Corviknight|Corviknight, F|100/100 par
|-ability|p2a: Corviknight|Pressure
|move|p1a: CODE:red|Stealth Rock|p2a: Corviknight
|-sidestart|p2: brubobn|move: Stealth Rock
|
|-weather|Sandstorm|[upkeep]
|upkeep
|turn|6
|
|t:|1779684106
|move|p2a: Corviknight|U-turn|p1a: CODE:red
|-supereffective|p1a: CODE:red
|-damage|p1a: CODE:red|0 fnt
|faint|p1a: CODE:red
|
|t:|1779684121
|switch|p2a: Great Tusk|Great Tusk|100/100|[from] U-turn
|
|-weather|none
|upkeep
|l| testingrainteam1
|
|t:|1779684125
|switch|p1a: RUNE 2H|Iron Valiant|100/100
|turn|7
|
|t:|1779684132
|-end|p2a: Great Tusk|Protosynthesis|[silent]
|switch|p2a: Slowking|Slowking-Galar, M|100/100
|move|p1a: RUNE 2H|Moonblast|p2a: Slowking
|-resisted|p2a: Slowking
|-damage|p2a: Slowking|79/100
|
|upkeep
|turn|8
|
|t:|1779684139
|-end|p1a: RUNE 2H|Quark Drive|[silent]
|switch|p1a: SHOXY|Zapdos|86/100
|move|p2a: Slowking|Future Sight|p1a: SHOXY
|-start|p2a: Slowking|move: Future Sight
|
|upkeep
|turn|9
|
|t:|1779684144
|move|p1a: SHOXY|Hurricane|p2a: Slowking|[miss]
|-miss|p1a: SHOXY|p2a: Slowking
|move|p2a: Slowking|Ice Beam|p1a: SHOXY
|-supereffective|p1a: SHOXY
|-damage|p1a: SHOXY|31/100
|
|upkeep
|turn|10
|
|t:|1779684155
|move|p1a: SHOXY|Hurricane|p2a: Slowking
|-damage|p2a: Slowking|25/100
|-prepare|p2a: Slowking|Chilly Reception|[premajor]
|move|p2a: Slowking|Chilly Reception|p2a: Slowking
|-weather|Snowscape
|
|t:|1779684166
|switch|p2a: Great Tusk|Great Tusk|100/100|[from] Chilly Reception
|
|-weather|Snowscape|[upkeep]
|-end|p1a: SHOXY|move: Future Sight
|-damage|p1a: SHOXY|0 fnt
|faint|p1a: SHOXY
|upkeep
|
|t:|1779684170
|switch|p1a: RUNE 2H|Iron Valiant|100/100
|turn|11
|
|t:|1779684176
|-end|p2a: Great Tusk|Protosynthesis|[silent]
|switch|p2a: Slowking|Slowking-Galar, M|58/100
|move|p1a: RUNE 2H|Psyshock|p2a: Slowking
|-crit|p2a: Slowking
|-damage|p2a: Slowking|0 fnt
|faint|p2a: Slowking
|
|-weather|Snowscape|[upkeep]
|upkeep
|
|t:|1779684192
|switch|p2a: Corviknight|Corviknight, F|100/100 par
|-damage|p2a: Corviknight|88/100 par|[from] Stealth Rock
|-ability|p2a: Corviknight|Pressure
|turn|12
|
|t:|1779684197
|-end|p1a: RUNE 2H|Quark Drive|[silent]
|switch|p1a: NITE NITE|Dragonite, F, tera:Fire|100/100
|cant|p2a: Corviknight|par
|
|-weather|Snowscape|[upkeep]
|upkeep
|turn|13
|
|t:|1779684209
|move|p1a: NITE NITE|Dragon Dance|p1a: NITE NITE
|-boost|p1a: NITE NITE|atk|1
|-boost|p1a: NITE NITE|spe|1
|move|p2a: Corviknight|Roost|p2a: Corviknight
|-heal|p2a: Corviknight|100/100 par
|-singleturn|p2a: Corviknight|move: Roost
|
|-weather|Snowscape|[upkeep]
|upkeep
|turn|14
|
|t:|1779684214
|move|p1a: NITE NITE|Encore|p2a: Corviknight
|-start|p2a: Corviknight|Encore
|move|p2a: Corviknight|Roost||[still]
|-fail|p2a: Corviknight|heal
|
|-weather|none
|upkeep
|turn|15
|
|t:|1779684219
|switch|p2a: Arcanine|Arcanine-Hisui, F|100/100
|-damage|p2a: Arcanine|76/100|[from] Stealth Rock
|move|p1a: NITE NITE|Dragon Dance|p1a: NITE NITE
|-boost|p1a: NITE NITE|atk|1
|-boost|p1a: NITE NITE|spe|1
|
|upkeep
|turn|16
|
|t:|1779684225
|-terastallize|p2a: Arcanine|Normal
|move|p1a: NITE NITE|Scale Shot|p2a: Arcanine
|-damage|p2a: Arcanine|36/100
|-damage|p2a: Arcanine|0 fnt
|faint|p2a: Arcanine
|-hitcount|p2: Arcanine|2
|-unboost|p1a: NITE NITE|def|1
|-boost|p1a: NITE NITE|spe|1
|
|upkeep
|
|t:|1779684233
|switch|p2a: Great Tusk|Great Tusk|100/100
|turn|17
|
|t:|1779684239
|move|p1a: NITE NITE|Scale Shot|p2a: Great Tusk
|-damage|p2a: Great Tusk|81/100
|-damage|p2a: Great Tusk|57/100
|-damage|p2a: Great Tusk|35/100
|-damage|p2a: Great Tusk|13/100
|-damage|p2a: Great Tusk|0 fnt
|faint|p2a: Great Tusk
|-end|p2a: Great Tusk|Protosynthesis|[silent]
|-hitcount|p2: Great Tusk|5
|-unboost|p1a: NITE NITE|def|1
|-boost|p1a: NITE NITE|spe|1
|
|upkeep
|c|☆brubobn|gg
|-message|brubobn forfeited.
|
|win|TWENNY7
|raw|TWENNY7's rating: 1465 &rarr; <strong>1480</strong><br />(+15 for winning)
|raw|brubobn's rating: 1378 &rarr; <strong>1363</strong><br />(-15 for losing)
|l|☆brubobn
|player|p2|
|l|☆TWENNY7
|player|p1|
