|j|☆claudechamp
|j|☆the lekas
|t:|1779579608
|gametype|singles
|player|p1|claudechamp|101|1333
|player|p2|the lekas|266|1332
|gen|9
|tier|[Gen 9] OU
|rated|
|rule|HP Percentage Mod: HP is shown in percentages
|rule|Endless Battle Clause: Forcing endless battles is banned
|rule|Species Clause: Limit one of each Pokémon
|rule|OHKO Clause: OHKO moves are banned
|rule|Evasion Items Clause: Evasion items are banned
|rule|Evasion Moves Clause: Evasion moves are banned
|rule|Evasion Abilities Clause: Evasion abilities are banned
|rule|Sleep Moves Clause: Sleep-inducing moves are banned
|clearpoke
|poke|p1|Gliscor, M|
|poke|p1|Ogerpon, F|
|poke|p1|Walking Wake|
|poke|p1|Blissey, F|
|poke|p1|Corviknight, F|
|poke|p1|Pecharunt|
|poke|p2|Glimmora, F|
|poke|p2|Gholdengo|
|poke|p2|Ursaluna, M|
|poke|p2|Dragonite, F|
|poke|p2|Rillaboom, M|
|poke|p2|Iron Moth|
|teampreview
|inactive|Battle timer is ON: inactive players will automatically lose when time's up. (requested by the lekas)
|c|☆claudechamp|hf
|
|t:|1779579620
|teamsize|p1|6
|teamsize|p2|6
|start
|switch|p1a: Gliscor|Gliscor, M|100/100
|switch|p2a: Glimmora|Glimmora, F|100/100
|turn|1
|inactive|claudechamp also wants the timer to be on.
|inactive|claudechamp has 120 seconds left.
|
|t:|1779579652
|move|p2a: Glimmora|Stealth Rock|p1a: Gliscor
|-sidestart|p1: claudechamp|move: Stealth Rock
|move|p1a: Gliscor|Spikes|p2a: Glimmora
|-sidestart|p2: the lekas|Spikes
|
|-status|p1a: Gliscor|tox|[from] item: Toxic Orb
|upkeep
|turn|2
|
|t:|1779579660
|move|p2a: Glimmora|Mortal Spin|p1a: Gliscor
|-resisted|p1a: Gliscor
|-damage|p1a: Gliscor|98/100 tox
|-sideend|p2: the lekas|Spikes|[from] move: Mortal Spin|[of] p2a: Glimmora
|move|p1a: Gliscor|Spikes|p2a: Glimmora
|-sidestart|p2: the lekas|Spikes
|
|-heal|p1a: Gliscor|100/100 tox|[from] ability: Poison Heal
|upkeep
|turn|3
|
|t:|1779579671
|move|p2a: Glimmora|Mortal Spin|p1a: Gliscor
|-resisted|p1a: Gliscor
|-damage|p1a: Gliscor|98/100 tox
|-sideend|p2: the lekas|Spikes|[from] move: Mortal Spin|[of] p2a: Glimmora
|move|p1a: Gliscor|Earthquake|p2a: Glimmora
|-supereffective|p2a: Glimmora
|-enditem|p2a: Glimmora|Focus Sash
|-damage|p2a: Glimmora|1/100
|-activate|p2a: Glimmora|ability: Toxic Debris
|-sidestart|p1: claudechamp|move: Toxic Spikes
|
|-heal|p1a: Gliscor|100/100 tox|[from] ability: Poison Heal
|upkeep
|turn|4
|
|t:|1779579677
|move|p2a: Glimmora|Mortal Spin|p1a: Gliscor
|-resisted|p1a: Gliscor
|-damage|p1a: Gliscor|98/100 tox
|move|p1a: Gliscor|Spikes|p2a: Glimmora
|-sidestart|p2: the lekas|Spikes
|
|-heal|p1a: Gliscor|100/100 tox|[from] ability: Poison Heal
|upkeep
|turn|5
|
|t:|1779579692
|move|p2a: Glimmora|Mortal Spin|p1a: Gliscor
|-resisted|p1a: Gliscor
|-damage|p1a: Gliscor|98/100 tox
|-sideend|p2: the lekas|Spikes|[from] move: Mortal Spin|[of] p2a: Glimmora
|move|p1a: Gliscor|Earthquake|p2a: Glimmora
|-supereffective|p2a: Glimmora
|-damage|p2a: Glimmora|0 fnt
|-activate|p2a: Glimmora|ability: Toxic Debris
|-sidestart|p1: claudechamp|move: Toxic Spikes
|faint|p2a: Glimmora
|
|-heal|p1a: Gliscor|100/100 tox|[from] ability: Poison Heal
|upkeep
|
|t:|1779579703
|switch|p2a: Gholdengo|Gholdengo|100/100
|-item|p2a: Gholdengo|Air Balloon
|turn|6
|
|t:|1779579711
|switch|p1a: Blissey|Blissey, F|100/100
|move|p2a: Gholdengo|Nasty Plot|p2a: Gholdengo
|-boost|p2a: Gholdengo|spa|2
|
|upkeep
|turn|7
|
|t:|1779579728
|switch|p2a: Ursaluna|Ursaluna, M|100/100
|move|p1a: Blissey|Stealth Rock|p2a: Ursaluna
|-sidestart|p2: the lekas|move: Stealth Rock
|
|-status|p2a: Ursaluna|brn|[from] item: Flame Orb
|upkeep
|turn|8
|
|t:|1779579746
|switch|p1a: Walking Wake|Walking Wake|100/100
|move|p2a: Ursaluna|Facade|p1a: Walking Wake
|-damage|p1a: Walking Wake|0 fnt
|faint|p1a: Walking Wake
|-end|p1a: Walking Wake|Protosynthesis|[silent]
|
|-damage|p2a: Ursaluna|94/100 brn|[from] brn
|upkeep
|
|t:|1779579759
|switch|p1a: Ogerpon|Ogerpon, F|100/100
|turn|9
|inactive|claudechamp has 120 seconds left.
|
|t:|1779579776
|move|p1a: Ogerpon|U-turn|p2a: Ursaluna
|-damage|p2a: Ursaluna|79/100 brn
|inactive|claudechamp has 120 seconds left.
|
|t:|1779579785
|switch|p1a: Pecharunt|Pecharunt|100/100|[from] U-turn
|-sideend|p1: claudechamp|move: Toxic Spikes|[of] p1a: Pecharunt
|move|p2a: Ursaluna|Facade|p1a: Pecharunt
|-immune|p1a: Pecharunt
|
|-damage|p2a: Ursaluna|73/100 brn|[from] brn
|upkeep
|turn|10
|inactive|claudechamp has 120 seconds left.
|
|t:|1779579801
|move|p1a: Pecharunt|Foul Play|p2a: Ursaluna
|-damage|p2a: Ursaluna|48/100 brn
|move|p2a: Ursaluna|Headlong Rush|p1a: Pecharunt
|-supereffective|p1a: Pecharunt
|-damage|p1a: Pecharunt|3/100
|-unboost|p2a: Ursaluna|def|1
|-unboost|p2a: Ursaluna|spd|1
|
|-damage|p2a: Ursaluna|42/100 brn|[from] brn
|upkeep
|turn|11
|inactive|claudechamp has 120 seconds left.
|
|t:|1779579817
|move|p1a: Pecharunt|Recover|p1a: Pecharunt
|-heal|p1a: Pecharunt|53/100
|move|p2a: Ursaluna|Fire Punch|p1a: Pecharunt
|-damage|p1a: Pecharunt|31/100
|
|-damage|p2a: Ursaluna|35/100 brn|[from] brn
|upkeep
|turn|12
|
|t:|1779579823
|move|p1a: Pecharunt|Foul Play|p2a: Ursaluna
|-damage|p2a: Ursaluna|0 fnt
|faint|p2a: Ursaluna
|
|upkeep
|inactive|the lekas has 120 seconds left.
|
|t:|1779579854
|switch|p2a: Iron Moth|Iron Moth|100/100
|-damage|p2a: Iron Moth|76/100|[from] Stealth Rock
|-enditem|p2a: Iron Moth|Booster Energy
|-activate|p2a: Iron Moth|ability: Quark Drive|[fromitem]
|-start|p2a: Iron Moth|quarkdrivespe
|turn|13
|
|t:|1779579864
|switch|p1a: Blissey|Blissey, F|100/100
|move|p2a: Iron Moth|Fiery Dance|p1a: Blissey
|-damage|p1a: Blissey|88/100
|
|upkeep
|turn|14
|
|t:|1779579876
|move|p2a: Iron Moth|Substitute|p2a: Iron Moth
|-start|p2a: Iron Moth|Substitute
|-damage|p2a: Iron Moth|51/100
|move|p1a: Blissey|Seismic Toss|p2a: Iron Moth
|-end|p2a: Iron Moth|Substitute
|
|upkeep
|turn|15
|
|t:|1779579886
|-end|p2a: Iron Moth|Quark Drive|[silent]
|switch|p2a: Gholdengo|Gholdengo|100/100
|-damage|p2a: Gholdengo|94/100|[from] Stealth Rock
|-item|p2a: Gholdengo|Air Balloon
|move|p1a: Blissey|Seismic Toss|p2a: Gholdengo
|-immune|p2a: Gholdengo
|
|upkeep
|turn|16
|
|t:|1779579893
|-terastallize|p1a: Blissey|Dark
|move|p2a: Gholdengo|Nasty Plot|p2a: Gholdengo
|-boost|p2a: Gholdengo|spa|2
|move|p1a: Blissey|Calm Mind|p1a: Blissey
|-boost|p1a: Blissey|spa|1
|-boost|p1a: Blissey|spd|1
|
|upkeep
|turn|17
|
|t:|1779579904
|switch|p1a: Gliscor|Gliscor, M|100/100 tox
|-damage|p1a: Gliscor|88/100 tox|[from] Stealth Rock
|move|p2a: Gholdengo|Focus Blast|p1a: Gliscor
|-resisted|p1a: Gliscor
|-damage|p1a: Gliscor|49/100 tox
|
|-heal|p1a: Gliscor|62/100 tox|[from] ability: Poison Heal
|upkeep
|turn|18
|
|t:|1779579915
|move|p2a: Gholdengo|Make It Rain|p1a: Gliscor
|-damage|p1a: Gliscor|0 fnt
|-unboost|p2a: Gholdengo|spa|1
|faint|p1a: Gliscor
|
|upkeep
|
|t:|1779579927
|switch|p1a: Blissey|Blissey, F, tera:Dark|88/100
|turn|19
|
|t:|1779579931
|switch|p1a: Ogerpon|Ogerpon, F|100/100
|move|p2a: Gholdengo|Nasty Plot|p2a: Gholdengo
|-boost|p2a: Gholdengo|spa|2
|
|upkeep
|turn|20
|
|t:|1779579944
|move|p1a: Ogerpon|Ivy Cudgel|p2a: Gholdengo
|-resisted|p2a: Gholdengo
|-damage|p2a: Gholdengo|66/100
|-enditem|p2a: Gholdengo|Air Balloon
|move|p2a: Gholdengo|Shadow Ball|p1a: Ogerpon
|-damage|p1a: Ogerpon|0 fnt
|faint|p1a: Ogerpon
|
|upkeep
|
|t:|1779579963
|switch|p1a: Blissey|Blissey, F, tera:Dark|88/100
|turn|21
|
|t:|1779579974
|switch|p1a: Corviknight|Corviknight, F|100/100
|-ability|p1a: Corviknight|Pressure
|move|p2a: Gholdengo|Focus Blast|p1a: Corviknight|[miss]
|-miss|p2a: Gholdengo|p1a: Corviknight
|
|upkeep
|turn|22
|
|t:|1779579978
|move|p2a: Gholdengo|Shadow Ball|p1a: Corviknight
|-damage|p1a: Corviknight|0 fnt
|faint|p1a: Corviknight
|
|upkeep
|
|t:|1779579983
|switch|p1a: Blissey|Blissey, F, tera:Dark|88/100
|turn|23
|
|t:|1779579990
|switch|p1a: Pecharunt|Pecharunt|31/100
|move|p2a: Gholdengo|Focus Blast|p1a: Pecharunt
|-immune|p1a: Pecharunt
|
|upkeep
|turn|24
|
|t:|1779579994
|move|p2a: Gholdengo|Make It Rain|p1a: Pecharunt
|-damage|p1a: Pecharunt|0 fnt
|-unboost|p2a: Gholdengo|spa|1
|faint|p1a: Pecharunt
|
|upkeep
|
|t:|1779580001
|switch|p1a: Blissey|Blissey, F, tera:Dark|88/100
|turn|25
|
|t:|1779580008
|move|p2a: Gholdengo|Focus Blast|p1a: Blissey
|-supereffective|p1a: Blissey
|-damage|p1a: Blissey|35/100
|move|p1a: Blissey|Calm Mind|p1a: Blissey
|-boost|p1a: Blissey|spa|1
|-boost|p1a: Blissey|spd|1
|
|upkeep
|turn|26
|
|t:|1779580013
|move|p2a: Gholdengo|Focus Blast|p1a: Blissey
|-supereffective|p1a: Blissey
|-damage|p1a: Blissey|0 fnt
|faint|p1a: Blissey
|
|win|the lekas
|raw|claudechamp's rating: 1291 &rarr; <strong>1269</strong><br />(-22 for losing)
|raw|the lekas's rating: 1332 &rarr; <strong>1350</strong><br />(+18 for winning)
|c|☆claudechamp|gg
|l|☆the lekas
|player|p2|
