|j|☆Auburn Hills
|j|☆kopv
|t:|1779660887
|gametype|singles
|player|p1|Auburn Hills|alder|1633
|player|p2|kopv|bugcatcher-gen4dp|1576
|gen|9
|tier|[Gen 9] OU
|rated|
|rule|HP Percentage Mod: HP is shown in percentages
|rule|Endless Battle Clause: Forcing endless battles is banned
|rule|Species Clause: Limit one of each Pokémon
|rule|OHKO Clause: OHKO moves are banned
|rule|Evasion Items Clause: Evasion items are banned
|rule|Evasion Moves Clause: Evasion moves are banned
|rule|Evasion Abilities Clause: Evasion abilities are banned
|rule|Sleep Moves Clause: Sleep-inducing moves are banned
|clearpoke
|poke|p1|Iron Moth|
|poke|p1|Umbreon, M|
|poke|p1|Garchomp, F|
|poke|p1|Glimmora, F|
|poke|p1|Gholdengo|
|poke|p1|Dragonite, F|
|poke|p2|Pelipper, F|
|poke|p2|Barraskewda, M|
|poke|p2|Iron Treads|
|poke|p2|Bruxish, M|
|poke|p2|Raging Bolt|
|poke|p2|Enamorus, F|
|teampreview
|
|t:|1779660904
|teamsize|p1|6
|teamsize|p2|6
|start
|switch|p1a: Rat Tally|Garchomp, F|100/100
|switch|p2a: Iron Treads|Iron Treads|100/100
|turn|1
|
|t:|1779660919
|-end|p2a: Iron Treads|Quark Drive|[silent]
|switch|p2a: Pelipper|Pelipper, F|100/100
|-weather|RainDance|[from] ability: Drizzle|[of] p2a: Pelipper
|move|p1a: Rat Tally|Earthquake|p2a: Pelipper
|-immune|p2a: Pelipper
|
|-weather|RainDance|[upkeep]
|upkeep
|turn|2
|
|t:|1779660927
|switch|p2a: Enamorus|Enamorus, F|100/100
|move|p1a: Rat Tally|Poison Jab|p2a: Enamorus
|-supereffective|p2a: Enamorus
|-damage|p2a: Enamorus|9/100
|
|-weather|RainDance|[upkeep]
|upkeep
|turn|3
|
|t:|1779660958
|switch|p1a: Smino|Gholdengo|100/100
|move|p2a: Enamorus|Moonblast|p1a: Smino
|-resisted|p1a: Smino
|-damage|p1a: Smino|68/100
|
|-weather|RainDance|[upkeep]
|upkeep
|turn|4
|
|t:|1779660981
|move|p2a: Enamorus|Moonblast|p1a: Smino
|-resisted|p1a: Smino
|-damage|p1a: Smino|37/100
|-unboost|p1a: Smino|spa|1
|move|p1a: Smino|Shadow Ball|p2a: Enamorus
|-damage|p2a: Enamorus|0 fnt
|faint|p2a: Enamorus
|
|-weather|RainDance|[upkeep]
|upkeep
|
|t:|1779660992
|switch|p2a: Barraskewda|Barraskewda, M|100/100
|turn|5
|
|t:|1779661007
|switch|p2a: Iron Treads|Iron Treads|100/100
|move|p1a: Smino|Shadow Ball|p2a: Iron Treads
|-damage|p2a: Iron Treads|75/100
|
|-weather|RainDance|[upkeep]
|-heal|p2a: Iron Treads|81/100|[from] item: Leftovers
|upkeep
|turn|6
|
|t:|1779661015
|switch|p1a: Elucid|Dragonite, F|100/100
|move|p2a: Iron Treads|Stealth Rock|p1a: Elucid
|-sidestart|p1: Auburn Hills|move: Stealth Rock
|
|-weather|RainDance|[upkeep]
|-heal|p2a: Iron Treads|87/100|[from] item: Leftovers
|upkeep
|turn|7
|
|t:|1779661026
|-end|p2a: Iron Treads|Quark Drive|[silent]
|switch|p2a: Raging Bolt|Raging Bolt|100/100
|move|p1a: Elucid|Dragon Dance|p1a: Elucid
|-boost|p1a: Elucid|atk|1
|-boost|p1a: Elucid|spe|1
|
|-weather|RainDance|[upkeep]
|upkeep
|turn|8
|
|t:|1779661038
|-terastallize|p2a: Raging Bolt|Ghost
|move|p1a: Elucid|Earthquake|p2a: Raging Bolt
|-damage|p2a: Raging Bolt|48/100
|move|p2a: Raging Bolt|Draco Meteor|p1a: Elucid
|-supereffective|p1a: Elucid
|-damage|p1a: Elucid|24/100
|-unboost|p2a: Raging Bolt|spa|2
|
|-weather|none
|-heal|p2a: Raging Bolt|54/100|[from] item: Leftovers
|upkeep
|turn|9
|
|t:|1779661057
|-end|p2a: Raging Bolt|Protosynthesis|[silent]
|switch|p2a: Pelipper|Pelipper, F|100/100
|-weather|RainDance|[from] ability: Drizzle|[of] p2a: Pelipper
|move|p1a: Elucid|Earthquake|p2a: Pelipper
|-immune|p2a: Pelipper
|
|-weather|RainDance|[upkeep]
|upkeep
|turn|10
|
|t:|1779661071
|switch|p2a: Raging Bolt|Raging Bolt, tera:Ghost|54/100
|move|p1a: Elucid|Extreme Speed|p2a: Raging Bolt
|-immune|p2a: Raging Bolt
|
|-weather|RainDance|[upkeep]
|-heal|p2a: Raging Bolt|60/100|[from] item: Leftovers
|upkeep
|turn|11
|
|t:|1779661079
|move|p2a: Raging Bolt|Thunderclap|p1a: Elucid
|-damage|p1a: Elucid|0 fnt
|faint|p1a: Elucid
|
|-weather|RainDance|[upkeep]
|-heal|p2a: Raging Bolt|66/100|[from] item: Leftovers
|upkeep
|
|t:|1779661082
|switch|p1a: Rat Tally|Garchomp, F|100/100
|-damage|p1a: Rat Tally|94/100|[from] Stealth Rock
|turn|12
|
|t:|1779661093
|switch|p1a: Alvvays|Umbreon, M|100/100
|-damage|p1a: Alvvays|88/100|[from] Stealth Rock
|move|p2a: Raging Bolt|Draco Meteor|p1a: Alvvays
|-damage|p1a: Alvvays|50/100
|-unboost|p2a: Raging Bolt|spa|2
|
|-weather|RainDance|[upkeep]
|-heal|p2a: Raging Bolt|72/100|[from] item: Leftovers
|-heal|p1a: Alvvays|56/100|[from] item: Leftovers
|upkeep
|turn|13
|inactive|Battle timer is ON: inactive players will automatically lose when time's up. (requested by Auburn Hills)
|
|t:|1779661135
|move|p2a: Raging Bolt|Thunder|p1a: Alvvays
|-damage|p1a: Alvvays|37/100
|move|p1a: Alvvays|Foul Play|p2a: Raging Bolt
|-supereffective|p2a: Raging Bolt
|-damage|p2a: Raging Bolt|29/100
|
|-weather|RainDance|[upkeep]
|-heal|p2a: Raging Bolt|36/100|[from] item: Leftovers
|-heal|p1a: Alvvays|44/100|[from] item: Leftovers
|upkeep
|turn|14
|inactive|kopv has 120 seconds left.
|
|t:|1779661170
|-end|p2a: Raging Bolt|Protosynthesis|[silent]
|switch|p2a: Pelipper|Pelipper, F|100/100
|move|p1a: Alvvays|Wish|p1a: Alvvays
|
|-weather|RainDance|[upkeep]
|-heal|p1a: Alvvays|50/100|[from] item: Leftovers
|upkeep
|turn|15
|inactive|kopv has 120 seconds left.
|
|t:|1779661187
|move|p1a: Alvvays|Thunder Wave|p2a: Pelipper
|-status|p2a: Pelipper|par
|cant|p2a: Pelipper|par
|
|-weather|RainDance|[upkeep]
|-heal|p1a: Alvvays|99/100|[from] move: Wish|[wisher] Alvvays
|-heal|p1a: Alvvays|100/100|[from] item: Leftovers
|upkeep
|turn|16
|inactive|kopv has 120 seconds left.
|
|t:|1779661198
|move|p1a: Alvvays|Wish|p1a: Alvvays
|move|p2a: Pelipper|U-turn|p1a: Alvvays
|-supereffective|p1a: Alvvays
|-damage|p1a: Alvvays|85/100
|inactive|kopv has 120 seconds left.
|
|t:|1779661203
|switch|p2a: Barraskewda|Barraskewda, M|100/100|[from] U-turn
|
|-weather|none
|-heal|p1a: Alvvays|91/100|[from] item: Leftovers
|upkeep
|turn|17
|
|t:|1779661208
|move|p1a: Alvvays|Protect|p1a: Alvvays
|-singleturn|p1a: Alvvays|Protect
|move|p2a: Barraskewda|Flip Turn|p1a: Alvvays
|-activate|p1a: Alvvays|move: Protect
|
|-heal|p1a: Alvvays|100/100|[from] move: Wish|[wisher] Alvvays
|upkeep
|turn|18
|
|t:|1779661211
|move|p2a: Barraskewda|Flip Turn|p1a: Alvvays
|-damage|p1a: Alvvays|65/100
|-damage|p2a: Barraskewda|91/100|[from] item: Life Orb
|
|t:|1779661216
|switch|p2a: Pelipper|Pelipper, F|100/100 par|[from] Flip Turn
|-weather|RainDance|[from] ability: Drizzle|[of] p2a: Pelipper
|move|p1a: Alvvays|Wish|p1a: Alvvays
|
|-weather|RainDance|[upkeep]
|-heal|p1a: Alvvays|71/100|[from] item: Leftovers
|upkeep
|turn|19
|
|t:|1779661232
|move|p1a: Alvvays|Foul Play|p2a: Pelipper
|-damage|p2a: Pelipper|86/100 par
|cant|p2a: Pelipper|par
|
|-weather|RainDance|[upkeep]
|-heal|p1a: Alvvays|100/100|[from] move: Wish|[wisher] Alvvays
|upkeep
|turn|20
|inactive|Auburn Hills has 120 seconds left.
|
|t:|1779661266
|move|p1a: Alvvays|Foul Play|p2a: Pelipper
|-damage|p2a: Pelipper|71/100 par
|move|p2a: Pelipper|Knock Off|p1a: Alvvays
|-resisted|p1a: Alvvays
|-damage|p1a: Alvvays|95/100
|-enditem|p1a: Alvvays|Leftovers|[from] move: Knock Off|[of] p2a: Pelipper
|
|-weather|RainDance|[upkeep]
|upkeep
|turn|21
|inactive|Auburn Hills has 120 seconds left.
|j| Eternity o2
|inactive|Auburn Hills has 90 seconds left.
|
|t:|1779661330
|move|p1a: Alvvays|Foul Play|p2a: Pelipper
|-damage|p2a: Pelipper|55/100 par
|move|p2a: Pelipper|U-turn|p1a: Alvvays
|-supereffective|p1a: Alvvays
|-crit|p1a: Alvvays
|-damage|p1a: Alvvays|73/100
|
|t:|1779661345
|switch|p2a: Barraskewda|Barraskewda, M|91/100|[from] U-turn
|
|-weather|RainDance|[upkeep]
|upkeep
|turn|22
|
|t:|1779661367
|-terastallize|p1a: Alvvays|Water
|move|p2a: Barraskewda|Liquidation|p1a: Alvvays
|-resisted|p1a: Alvvays
|-damage|p1a: Alvvays|37/100
|-unboost|p1a: Alvvays|def|1
|-damage|p2a: Barraskewda|81/100|[from] item: Life Orb
|move|p1a: Alvvays|Foul Play|p2a: Barraskewda
|-damage|p2a: Barraskewda|0 fnt
|faint|p2a: Barraskewda
|
|-weather|RainDance|[upkeep]
|upkeep
|
|t:|1779661377
|switch|p2a: 'Ello gov'na|Bruxish, M|100/100
|turn|23
|
|t:|1779661397
|move|p2a: 'Ello gov'na|Flip Turn|p1a: Alvvays
|-resisted|p1a: Alvvays
|-damage|p1a: Alvvays|0 fnt
|faint|p1a: Alvvays
|
|t:|1779661403
|switch|p2a: Iron Treads|Iron Treads|87/100|[from] Flip Turn
|
|-weather|RainDance|[upkeep]
|-heal|p2a: Iron Treads|93/100|[from] item: Leftovers
|upkeep
|
|t:|1779661407
|switch|p1a: Smino|Gholdengo|37/100
|-damage|p1a: Smino|31/100|[from] Stealth Rock
|turn|24
|inactive|kopv has 120 seconds left.
|
|t:|1779661428
|move|p1a: Smino|Shadow Ball|p2a: Iron Treads
|-damage|p2a: Iron Treads|54/100
|move|p2a: Iron Treads|Earth Power|p1a: Smino
|-supereffective|p1a: Smino
|-damage|p1a: Smino|0 fnt
|faint|p1a: Smino
|
|-weather|RainDance|[upkeep]
|-heal|p2a: Iron Treads|60/100|[from] item: Leftovers
|upkeep
|
|t:|1779661434
|switch|p1a: Rat Tally|Garchomp, F|94/100
|-damage|p1a: Rat Tally|88/100|[from] Stealth Rock
|turn|25
|inactive|kopv has 120 seconds left.
|
|t:|1779661452
|-end|p2a: Iron Treads|Quark Drive|[silent]
|switch|p2a: Pelipper|Pelipper, F|55/100 par
|move|p1a: Rat Tally|Scale Shot|p2a: Pelipper
|-damage|p2a: Pelipper|45/100 par
|-damage|p2a: Pelipper|35/100 par
|-damage|p2a: Pelipper|26/100 par
|-damage|p2a: Pelipper|15/100 par
|-damage|p2a: Pelipper|5/100 par
|-hitcount|p2a: Pelipper|5
|-unboost|p1a: Rat Tally|def|1
|-boost|p1a: Rat Tally|spe|1
|
|-weather|none
|upkeep
|turn|26
|
|t:|1779661460
|switch|p2a: Iron Treads|Iron Treads|60/100
|move|p1a: Rat Tally|Swords Dance|p1a: Rat Tally
|-boost|p1a: Rat Tally|atk|2
|
|-heal|p2a: Iron Treads|66/100|[from] item: Leftovers
|upkeep
|turn|27
|
|t:|1779661478
|-end|p2a: Iron Treads|Quark Drive|[silent]
|switch|p2a: Pelipper|Pelipper, F|5/100 par
|-weather|RainDance|[from] ability: Drizzle|[of] p2a: Pelipper
|move|p1a: Rat Tally|Earthquake|p2a: Pelipper
|-immune|p2a: Pelipper
|
|-weather|RainDance|[upkeep]
|upkeep
|turn|28
|
|t:|1779661489
|move|p1a: Rat Tally|Scale Shot|p2a: Pelipper
|-damage|p2a: Pelipper|0 fnt
|faint|p2a: Pelipper
|-hitcount|p2: Pelipper|1
|-unboost|p1a: Rat Tally|def|1
|-boost|p1a: Rat Tally|spe|1
|
|-weather|RainDance|[upkeep]
|upkeep
|
|t:|1779661491
|switch|p2a: 'Ello gov'na|Bruxish, M|100/100
|turn|29
|
|t:|1779661499
|move|p2a: 'Ello gov'na|Aqua Jet|p1a: Rat Tally
|-crit|p1a: Rat Tally
|-damage|p1a: Rat Tally|0 fnt
|-damage|p2a: 'Ello gov'na|88/100|[from] ability: Rough Skin|[of] p1a: Rat Tally
|faint|p1a: Rat Tally
|
|-weather|RainDance|[upkeep]
|upkeep
|inactive|Auburn Hills has 120 seconds left.
|
|t:|1779661515
|switch|p1a: Julia Jacklin|Glimmora, F|100/100
|-damage|p1a: Julia Jacklin|88/100|[from] Stealth Rock
|turn|30
|
|t:|1779661520
|move|p2a: 'Ello gov'na|Aqua Jet|p1a: Julia Jacklin
|-supereffective|p1a: Julia Jacklin
|-damage|p1a: Julia Jacklin|0 fnt
|-activate|p1a: Julia Jacklin|ability: Toxic Debris
|-sidestart|p2: kopv|move: Toxic Spikes
|faint|p1a: Julia Jacklin
|
|-weather|RainDance|[upkeep]
|upkeep
|-message|Auburn Hills forfeited.
|
|win|kopv
|raw|Auburn Hills's rating: 1632 &rarr; <strong>1609</strong><br />(-23 for losing)
|raw|kopv's rating: 1576 &rarr; <strong>1599</strong><br />(+23 for winning)
|l|☆Auburn Hills
|player|p1|
