|j|☆James2464
|j|☆ohko_charjabug
|t:|1779657628
|gametype|singles
|player|p1|James2464|miku-ghost|1639
|player|p2|ohko_charjabug|sophocles|1588
|gen|9
|tier|[Gen 9] OU
|rated|
|rule|HP Percentage Mod: HP is shown in percentages
|rule|Endless Battle Clause: Forcing endless battles is banned
|rule|Species Clause: Limit one of each Pokémon
|rule|OHKO Clause: OHKO moves are banned
|rule|Evasion Items Clause: Evasion items are banned
|rule|Evasion Moves Clause: Evasion moves are banned
|rule|Evasion Abilities Clause: Evasion abilities are banned
|rule|Sleep Moves Clause: Sleep-inducing moves are banned
|clearpoke
|poke|p1|Cramorant, F|
|poke|p1|Gallade, M|
|poke|p1|Kingambit, M|
|poke|p1|Iron Moth|
|poke|p1|Enamorus, F|
|poke|p1|Ogerpon-Cornerstone, F|
|poke|p2|Weezing-Galar, F|
|poke|p2|Kingambit, M|
|poke|p2|Gliscor, F|
|poke|p2|Kyurem|
|poke|p2|Quaquaval, F|
|poke|p2|Ogerpon-Cornerstone, F|
|teampreview
|inactive|Battle timer is ON: inactive players will automatically lose when time's up. (requested by James2464)
|
|t:|1779657647
|teamsize|p1|6
|teamsize|p2|6
|start
|switch|p1a: Ogerpon|Ogerpon-Cornerstone, F|100/100
|switch|p2a: Batman|Gliscor, F|100/100
|turn|1
|
|t:|1779657650
|move|p2a: Batman|Protect|p2a: Batman
|-singleturn|p2a: Batman|Protect
|move|p1a: Ogerpon|Swords Dance|p1a: Ogerpon
|-boost|p1a: Ogerpon|atk|2
|
|-status|p2a: Batman|tox|[from] item: Toxic Orb
|upkeep
|turn|2
|
|t:|1779657654
|move|p1a: Ogerpon|Power Whip|p2a: Batman
|-damage|p2a: Batman|0 fnt
|faint|p2a: Batman
|
|upkeep
|
|t:|1779657661
|switch|p2a: King Pin|Kingambit, M|100/100
|-activate|p2a: King Pin|ability: Supreme Overlord
|-start|p2a: King Pin|fallen1|[silent]
|turn|3
|
|t:|1779657667
|switch|p1a: Cramorant|Cramorant, F, shiny|100/100
|move|p2a: King Pin|Iron Head|p1a: Cramorant
|-resisted|p1a: Cramorant
|-damage|p1a: Cramorant|53/100
|
|upkeep
|turn|4
|
|t:|1779657672
|move|p2a: King Pin|Sucker Punch||[still]
|-fail|p2a: King Pin
|move|p1a: Cramorant|Tailwind|p1a: Cramorant
|-sidestart|p1: James2464|move: Tailwind
|
|upkeep
|turn|5
|
|t:|1779657677
|switch|p1a: Enamorus|Enamorus, F|100/100
|move|p2a: King Pin|Swords Dance|p2a: King Pin
|-boost|p2a: King Pin|atk|2
|
|upkeep
|turn|6
|
|t:|1779657680
|move|p1a: Enamorus|Superpower|p2a: King Pin
|-supereffective|p2a: King Pin
|-damage|p2a: King Pin|1/100
|-boost|p1a: Enamorus|atk|1
|-boost|p1a: Enamorus|def|1
|move|p2a: King Pin|Iron Head|p1a: Enamorus
|-supereffective|p1a: Enamorus
|-enditem|p1a: Enamorus|Focus Sash
|-damage|p1a: Enamorus|1/100
|
|-heal|p2a: King Pin|7/100|[from] item: Leftovers
|upkeep
|turn|7
|
|t:|1779657685
|move|p2a: King Pin|Sucker Punch||[still]
|-fail|p2a: King Pin
|move|p1a: Enamorus|Healing Wish|p1a: Enamorus
|faint|p1a: Enamorus
|
|-heal|p2a: King Pin|13/100|[from] item: Leftovers
|-sideend|p1: James2464|move: Tailwind
|upkeep
|
|t:|1779657691
|switch|p1a: Cramorant|Cramorant, F, shiny|53/100
|-heal|p1a: Cramorant|100/100|[from] move: Healing Wish
|turn|8
|
|t:|1779657694
|move|p1a: Cramorant|Surf|p2a: King Pin
|-formechange|p1a: Cramorant|Cramorant-Gulping|
|-damage|p2a: King Pin|0 fnt
|faint|p2a: King Pin
|-end|p2a: King Pin|fallen1|[silent]
|
|upkeep
|
|t:|1779657698
|switch|p2a: Oni-Chan|Ogerpon-Cornerstone, F|100/100
|turn|9
|j| dalty dalty dalty
|
|t:|1779657701
|move|p2a: Oni-Chan|Ivy Cudgel|p1a: Cramorant|[anim] Ivy Cudgel Rock
|-supereffective|p1a: Cramorant
|-enditem|p1a: Cramorant|Focus Sash
|-damage|p1a: Cramorant|1/100
|-damage|p2a: Oni-Chan|76/100|[from] ability: Gulp Missile|[of] p1a: Cramorant
|-unboost|p2a: Oni-Chan|def|1
|-formechange|p1a: Cramorant|Cramorant|
|move|p1a: Cramorant|Tailwind|p1a: Cramorant
|-sidestart|p1: James2464|move: Tailwind
|
|upkeep
|turn|10
|
|t:|1779657705
|move|p1a: Cramorant|Surf|p2a: Oni-Chan
|-formechange|p1a: Cramorant|Cramorant-Gorging|
|-damage|p2a: Oni-Chan|28/100
|move|p2a: Oni-Chan|Horn Leech|p1a: Cramorant
|-damage|p1a: Cramorant|0 fnt
|-heal|p2a: Oni-Chan|29/100|[from] drain|[of] p1a: Cramorant
|-damage|p2a: Oni-Chan|4/100|[from] ability: Gulp Missile|[of] p1a: Cramorant
|-status|p2a: Oni-Chan|par
|-formechange|p1a: Cramorant|Cramorant|
|faint|p1a: Cramorant
|
|upkeep
|j| broflopieopp
|
|t:|1779657724
|switch|p1a: Ogerpon|Ogerpon-Cornerstone, F|100/100
|turn|11
|
|t:|1779657728
|move|p1a: Ogerpon|Trailblaze|p2a: Oni-Chan
|-damage|p2a: Oni-Chan|0 fnt
|-boost|p1a: Ogerpon|spe|1
|faint|p2a: Oni-Chan
|
|upkeep
|l| broflopieopp
|
|t:|1779657737
|switch|p2a: Gooey|Quaquaval, F|100/100
|turn|12
|
|t:|1779657741
|-terastallize|p2a: Gooey|Electric
|move|p1a: Ogerpon|Trailblaze|p2a: Gooey
|-damage|p2a: Gooey|58/100
|-boost|p1a: Ogerpon|spe|1
|move|p2a: Gooey|Aqua Step|p1a: Ogerpon
|-damage|p1a: Ogerpon|52/100
|-boost|p2a: Gooey|spe|1
|
|-sideend|p1: James2464|move: Tailwind
|upkeep
|turn|13
|
|t:|1779657750
|move|p1a: Ogerpon|Ivy Cudgel|p2a: Gooey|[anim] Ivy Cudgel Rock
|-damage|p2a: Gooey|0 fnt
|faint|p2a: Gooey
|
|upkeep
|
|t:|1779657753
|switch|p2a: Smokey|Weezing-Galar, F|100/100
|-fieldstart|move: Misty Terrain|[from] ability: Misty Surge|[of] p2a: Smokey
|turn|14
|
|t:|1779657761
|move|p1a: Ogerpon|Ivy Cudgel|p2a: Smokey|[anim] Ivy Cudgel Rock
|-crit|p2a: Smokey
|-damage|p2a: Smokey|8/100
|move|p2a: Smokey|Sludge Wave|p1a: Ogerpon
|-damage|p1a: Ogerpon|0 fnt
|faint|p1a: Ogerpon
|
|upkeep
|
|t:|1779657765
|switch|p1a: Iron Moth|Iron Moth|100/100
|-enditem|p1a: Iron Moth|Booster Energy
|-activate|p1a: Iron Moth|ability: Quark Drive|[fromitem]
|-start|p1a: Iron Moth|quarkdrivespe
|turn|15
|
|t:|1779657772
|move|p1a: Iron Moth|Fiery Dance|p2a: Smokey
|-damage|p2a: Smokey|0 fnt
|faint|p2a: Smokey
|
|upkeep
|
|t:|1779657773
|switch|p2a: Kyutie|Kyurem|100/100
|-ability|p2a: Kyutie|Pressure
|turn|16
|
|t:|1779657776
|move|p1a: Iron Moth|Sludge Wave|p2a: Kyutie
|-damage|p2a: Kyutie|59/100
|move|p2a: Kyutie|Earth Power|p1a: Iron Moth
|-supereffective|p1a: Iron Moth
|-damage|p1a: Iron Moth|0 fnt
|faint|p1a: Iron Moth
|-end|p1a: Iron Moth|Quark Drive|[silent]
|
|-heal|p2a: Kyutie|66/100|[from] item: Leftovers
|upkeep
|
|t:|1779657778
|switch|p1a: Gallade|Gallade, M|100/100
|turn|17
|
|t:|1779657782
|move|p2a: Kyutie|Freeze-Dry|p1a: Gallade
|-damage|p1a: Gallade|62/100
|move|p1a: Gallade|Sacred Sword|p2a: Kyutie
|-supereffective|p2a: Kyutie
|-damage|p2a: Kyutie|0 fnt
|faint|p2a: Kyutie
|
|win|James2464
|raw|James2464's rating: 1639 &rarr; <strong>1656</strong><br />(+17 for winning)
|raw|ohko_charjabug's rating: 1588 &rarr; <strong>1571</strong><br />(-17 for losing)
|l|☆ohko_charjabug
|player|p2|
|l|☆James2464
|player|p1|
|l| dalty dalty dalty
