|j|☆adriancitokeloke
|j|☆nchiitoo
|t:|1779581741
|gametype|singles
|player|p1|adriancitokeloke|cynthia-gen4|1390
|player|p2|nchiitoo|cynthia-gen4|1386
|gen|9
|tier|[Gen 9] OU
|rated|
|rule|HP Percentage Mod: HP is shown in percentages
|rule|Endless Battle Clause: Forcing endless battles is banned
|rule|Species Clause: Limit one of each Pokémon
|rule|OHKO Clause: OHKO moves are banned
|rule|Evasion Items Clause: Evasion items are banned
|rule|Evasion Moves Clause: Evasion moves are banned
|rule|Evasion Abilities Clause: Evasion abilities are banned
|rule|Sleep Moves Clause: Sleep-inducing moves are banned
|clearpoke
|poke|p1|Hatterene, F|
|poke|p1|Farigiraf, F|
|poke|p1|Mimikyu, F|
|poke|p1|Slither Wing|
|poke|p1|Ursaluna, F|
|poke|p1|Torkoal, F|
|poke|p2|Iron Valiant|
|poke|p2|Great Tusk|
|poke|p2|Dragonite, F|
|poke|p2|Deoxys-Speed|
|poke|p2|Glimmora, M|
|poke|p2|Kingambit, F|
|teampreview
|inactive|Battle timer is ON: inactive players will automatically lose when time's up. (requested by nchiitoo)
|
|t:|1779581774
|teamsize|p1|6
|teamsize|p2|6
|start
|switch|p1a: Hatterene|Hatterene, F|100/100
|switch|p2a: Glimmora|Glimmora, M|100/100
|turn|1
|
|t:|1779581780
|move|p2a: Glimmora|Meteor Beam||[still]
|-prepare|p2a: Glimmora|Meteor Beam
|-boost|p2a: Glimmora|spa|1
|-enditem|p2a: Glimmora|Power Herb
|-anim|p2a: Glimmora|Meteor Beam|p1a: Hatterene
|-enditem|p1a: Hatterene|Focus Sash
|-damage|p1a: Hatterene|1/100
|move|p1a: Hatterene|Trick Room|p1a: Hatterene
|-fieldstart|move: Trick Room|[of] p1a: Hatterene
|
|upkeep
|turn|2
|
|t:|1779581786
|switch|p2a: Kingambit|Kingambit, F|100/100
|move|p1a: Hatterene|Psychic Noise|p2a: Kingambit
|-immune|p2a: Kingambit
|
|upkeep
|turn|3
|
|t:|1779581796
|switch|p1a: Slither Wing|Slither Wing|100/100
|move|p2a: Kingambit|Sucker Punch||[still]
|-fail|p2a: Kingambit
|
|upkeep
|turn|4
|
|t:|1779581806
|-end|p2a: Kingambit|fallenundefined|[silent]
|switch|p2a: Dragonite|Dragonite, F|100/100
|move|p1a: Slither Wing|U-turn|p2a: Dragonite
|-resisted|p2a: Dragonite
|-damage|p2a: Dragonite|82/100
|
|t:|1779581812
|-end|p1a: Slither Wing|Protosynthesis|[silent]
|switch|p1a: Hatterene|Hatterene, F|1/100|[from] U-turn
|
|-heal|p2a: Dragonite|88/100|[from] item: Leftovers
|upkeep
|turn|5
|
|t:|1779581818
|switch|p1a: Mimikyu|Mimikyu, F|100/100
|move|p2a: Dragonite|Extreme Speed|p1a: Mimikyu
|-immune|p1a: Mimikyu
|
|-heal|p2a: Dragonite|95/100|[from] item: Leftovers
|-fieldend|move: Trick Room
|upkeep
|turn|6
|
|t:|1779581827
|move|p2a: Dragonite|Earthquake|p1a: Mimikyu
|-activate|p1a: Mimikyu|ability: Disguise
|-damage|p1a: Mimikyu|100/100
|detailschange|p1a: Mimikyu|Mimikyu-Busted, F
|-damage|p1a: Mimikyu|88/100|[from] pokemon: Mimikyu-Busted
|move|p1a: Mimikyu|Trick Room|p1a: Mimikyu
|-fieldstart|move: Trick Room|[of] p1a: Mimikyu
|
|-heal|p2a: Dragonite|100/100|[from] item: Leftovers
|upkeep
|turn|7
|
|t:|1779581843
|switch|p2a: Kingambit|Kingambit, F|100/100
|move|p1a: Mimikyu|Play Rough|p2a: Kingambit
|-damage|p2a: Kingambit|56/100
|-damage|p1a: Mimikyu|78/100|[from] item: Life Orb
|
|upkeep
|turn|8
|
|t:|1779581853
|switch|p1a: Farigiraf|Farigiraf, F|100/100
|move|p2a: Kingambit|Iron Head|p1a: Farigiraf
|-damage|p1a: Farigiraf|49/100
|
|upkeep
|turn|9
|
|t:|1779581861
|move|p1a: Farigiraf|Hyper Voice|p2a: Kingambit
|-resisted|p2a: Kingambit
|-damage|p2a: Kingambit|29/100
|-enditem|p1a: Farigiraf|Throat Spray
|-boost|p1a: Farigiraf|spa|1|[from] item: Throat Spray
|move|p2a: Kingambit|Iron Head|p1a: Farigiraf
|-damage|p1a: Farigiraf|1/100
|
|upkeep
|turn|10
|
|t:|1779581868
|move|p2a: Kingambit|Sucker Punch||[still]
|cant|p1a: Farigiraf|ability: Armor Tail|Sucker Punch|[of] p2a: Kingambit
|move|p1a: Farigiraf|Hyper Voice|p2a: Kingambit
|-resisted|p2a: Kingambit
|-damage|p2a: Kingambit|0 fnt
|faint|p2a: Kingambit
|-end|p2a: Kingambit|fallenundefined|[silent]
|
|-fieldend|move: Trick Room
|upkeep
|
|t:|1779581879
|switch|p2a: Glimmora|Glimmora, M|100/100
|turn|11
|
|t:|1779581884
|move|p2a: Glimmora|Earth Power|p1a: Farigiraf
|-damage|p1a: Farigiraf|0 fnt
|faint|p1a: Farigiraf
|
|upkeep
|
|t:|1779581892
|switch|p1a: Mimikyu|Mimikyu-Busted, F|78/100
|turn|12
|
|t:|1779581895
|move|p2a: Glimmora|Meteor Beam||[still]
|-prepare|p2a: Glimmora|Meteor Beam
|-boost|p2a: Glimmora|spa|1
|move|p1a: Mimikyu|Trick Room|p1a: Mimikyu
|-fieldstart|move: Trick Room|[of] p1a: Mimikyu
|
|upkeep
|turn|13
|
|t:|1779581903
|switch|p1a: Hatterene|Hatterene, F|1/100
|move|p2a: Glimmora|Meteor Beam|p1a: Hatterene|[from] lockedmove
|-damage|p1a: Hatterene|0 fnt
|faint|p1a: Hatterene
|
|upkeep
|
|t:|1779581906
|switch|p1a: Torkoal|Torkoal, F, shiny|100/100
|-weather|SunnyDay|[from] ability: Drought|[of] p1a: Torkoal
|turn|14
|
|t:|1779581909
|move|p1a: Torkoal|Earth Power|p2a: Glimmora
|-supereffective|p2a: Glimmora
|-damage|p2a: Glimmora|0 fnt
|faint|p2a: Glimmora
|
|-weather|SunnyDay|[upkeep]
|upkeep
|
|t:|1779581921
|switch|p2a: Dragonite|Dragonite, F|100/100
|turn|15
|
|t:|1779581925
|switch|p1a: Slither Wing|Slither Wing|100/100
|-activate|p1a: Slither Wing|ability: Protosynthesis
|-start|p1a: Slither Wing|protosynthesisatk
|move|p2a: Dragonite|Dragon Dance|p2a: Dragonite
|-boost|p2a: Dragonite|atk|1
|-boost|p2a: Dragonite|spe|1
|
|-weather|SunnyDay|[upkeep]
|upkeep
|turn|16
|
|t:|1779581936
|move|p2a: Dragonite|Extreme Speed|p1a: Slither Wing
|-damage|p1a: Slither Wing|60/100
|move|p1a: Slither Wing|Flare Blitz|p2a: Dragonite
|-resisted|p2a: Dragonite
|-damage|p2a: Dragonite|60/100
|-damage|p1a: Slither Wing|47/100|[from] Recoil
|
|-weather|SunnyDay|[upkeep]
|-heal|p2a: Dragonite|66/100|[from] item: Leftovers
|-fieldend|move: Trick Room
|upkeep
|turn|17
|
|t:|1779581943
|move|p2a: Dragonite|Extreme Speed|p1a: Slither Wing
|-damage|p1a: Slither Wing|0 fnt
|faint|p1a: Slither Wing
|-end|p1a: Slither Wing|Protosynthesis|[silent]
|
|-weather|SunnyDay|[upkeep]
|-heal|p2a: Dragonite|73/100|[from] item: Leftovers
|upkeep
|
|t:|1779581949
|switch|p1a: Ursaluna|Ursaluna, F|100/100
|turn|18
|
|t:|1779581953
|move|p1a: Ursaluna|Protect|p1a: Ursaluna
|-singleturn|p1a: Ursaluna|Protect
|move|p2a: Dragonite|Earthquake|p1a: Ursaluna
|-activate|p1a: Ursaluna|move: Protect
|
|-weather|none
|-heal|p2a: Dragonite|79/100|[from] item: Leftovers
|-status|p1a: Ursaluna|brn|[from] item: Flame Orb
|upkeep
|turn|19
|
|t:|1779581962
|move|p2a: Dragonite|Earthquake|p1a: Ursaluna
|-damage|p1a: Ursaluna|62/100 brn
|move|p1a: Ursaluna|Facade|p2a: Dragonite
|-damage|p2a: Dragonite|0 fnt
|faint|p2a: Dragonite
|
|-damage|p1a: Ursaluna|56/100 brn|[from] brn
|upkeep
|
|t:|1779581981
|switch|p2a: Deoxys|Deoxys-Speed|100/100
|-ability|p2a: Deoxys|Pressure
|turn|20
|
|t:|1779581988
|move|p1a: Ursaluna|Protect|p1a: Ursaluna
|-singleturn|p1a: Ursaluna|Protect
|move|p2a: Deoxys|Psycho Boost|p1a: Ursaluna
|-activate|p1a: Ursaluna|move: Protect
|
|-damage|p1a: Ursaluna|50/100 brn|[from] brn
|upkeep
|turn|21
|
|t:|1779581994
|move|p2a: Deoxys|Psycho Boost|p1a: Ursaluna
|-damage|p1a: Ursaluna|4/100 brn
|-unboost|p2a: Deoxys|spa|2
|move|p1a: Ursaluna|Facade|p2a: Deoxys
|-damage|p2a: Deoxys|0 fnt
|faint|p2a: Deoxys
|
|-damage|p1a: Ursaluna|0 fnt|[from] brn
|faint|p1a: Ursaluna
|upkeep
|
|t:|1779582006
|switch|p2a: Great Tusk|Great Tusk|100/100
|switch|p1a: Mimikyu|Mimikyu-Busted, F|78/100
|-enditem|p2a: Great Tusk|Booster Energy
|-activate|p2a: Great Tusk|ability: Protosynthesis|[fromitem]
|-start|p2a: Great Tusk|protosynthesisspe
|turn|22
|
|t:|1779582014
|move|p2a: Great Tusk|Taunt|p1a: Mimikyu
|-start|p1a: Mimikyu|move: Taunt
|cant|p1a: Mimikyu|move: Taunt|Trick Room
|
|upkeep
|turn|23
|
|t:|1779582018
|move|p2a: Great Tusk|Headlong Rush|p1a: Mimikyu
|-damage|p1a: Mimikyu|11/100
|-unboost|p2a: Great Tusk|def|1
|-unboost|p2a: Great Tusk|spd|1
|move|p1a: Mimikyu|Play Rough|p2a: Great Tusk
|-supereffective|p2a: Great Tusk
|-damage|p2a: Great Tusk|0 fnt
|faint|p2a: Great Tusk
|-end|p2a: Great Tusk|Protosynthesis|[silent]
|-damage|p1a: Mimikyu|1/100|[from] item: Life Orb
|
|upkeep
|
|t:|1779582022
|switch|p2a: Iron Valiant|Iron Valiant|100/100
|-enditem|p2a: Iron Valiant|Booster Energy
|-activate|p2a: Iron Valiant|ability: Quark Drive|[fromitem]
|-start|p2a: Iron Valiant|quarkdrivespe
|turn|24
|
|t:|1779582029
|move|p1a: Mimikyu|Shadow Sneak|p2a: Iron Valiant
|-damage|p2a: Iron Valiant|70/100
|-damage|p1a: Mimikyu|0 fnt|[from] item: Life Orb
|faint|p1a: Mimikyu
|move|p2a: Iron Valiant|Moonblast|p1: Mimikyu|[notarget]
|-fail|p2a: Iron Valiant
|
|upkeep
|
|t:|1779582036
|switch|p1a: Torkoal|Torkoal, F, shiny|100/100
|-weather|SunnyDay|[from] ability: Drought|[of] p1a: Torkoal
|turn|25
|
|t:|1779582041
|move|p2a: Iron Valiant|Close Combat|p1a: Torkoal
|-damage|p1a: Torkoal|57/100
|-unboost|p2a: Iron Valiant|def|1
|-unboost|p2a: Iron Valiant|spd|1
|move|p1a: Torkoal|Flamethrower|p2a: Iron Valiant
|-damage|p2a: Iron Valiant|0 fnt
|faint|p2a: Iron Valiant
|-end|p2a: Iron Valiant|Quark Drive|[silent]
|
|win|adriancitokeloke
|raw|adriancitokeloke's rating: 1390 &rarr; <strong>1410</strong><br />(+20 for winning)
|raw|nchiitoo's rating: 1386 &rarr; <strong>1366</strong><br />(-20 for losing)
|l|☆nchiitoo
|player|p2|
|c|☆adriancitokeloke|Gg
|l|☆adriancitokeloke
|player|p1|
