|j|☆npctypebeat
|j|☆8i9o0po
|t:|1779590852
|gametype|singles
|player|p1|npctypebeat|2|1113
|player|p2|8i9o0po|266|1078
|gen|9
|tier|[Gen 9] OU
|rated|
|rule|HP Percentage Mod: HP is shown in percentages
|rule|Endless Battle Clause: Forcing endless battles is banned
|rule|Species Clause: Limit one of each Pokémon
|rule|OHKO Clause: OHKO moves are banned
|rule|Evasion Items Clause: Evasion items are banned
|rule|Evasion Moves Clause: Evasion moves are banned
|rule|Evasion Abilities Clause: Evasion abilities are banned
|rule|Sleep Moves Clause: Sleep-inducing moves are banned
|clearpoke
|poke|p1|Corviknight, M|
|poke|p1|Ting-Lu|
|poke|p1|Kyurem|
|poke|p1|Dondozo, F|
|poke|p1|Slowking-Galar, F|
|poke|p1|Cinderace, F|
|poke|p2|Pecharunt|
|poke|p2|Corviknight, M|
|poke|p2|Meowscarada, M|
|poke|p2|Raging Bolt|
|poke|p2|Glimmora, F|
|poke|p2|Heatran, M|
|teampreview
|c|☆npctypebeat|hf
|
|t:|1779590860
|teamsize|p1|6
|teamsize|p2|6
|start
|switch|p1a: Cinderace|Cinderace, F|100/100
|switch|p2a: Glimmora|Glimmora, F, shiny|100/100
|turn|1
|inactive|Battle timer is ON: inactive players will automatically lose when time's up. (requested by npctypebeat)
|c|☆8i9o0po|咕噜咕噜
|inactive|npctypebeat has 120 seconds left.
|c|☆8i9o0po|dsZfgfSFs
|
|t:|1779590911
|move|p1a: Cinderace|Pyro Ball|p2a: Glimmora
|-resisted|p2a: Glimmora
|-damage|p2a: Glimmora|74/100
|-activate|p2a: Glimmora|ability: Toxic Debris
|-sidestart|p1: npctypebeat|move: Toxic Spikes
|move|p2a: Glimmora|Stealth Rock|p1a: Cinderace
|-sidestart|p1: npctypebeat|move: Stealth Rock
|
|upkeep
|turn|2
|
|t:|1779590937
|move|p1a: Cinderace|Court Change|p1a: Cinderace
|-swapsideconditions
|-activate|p1a: Cinderace|move: Court Change
|move|p2a: Glimmora|Spikes|p1a: Cinderace
|-sidestart|p1: npctypebeat|Spikes
|
|upkeep
|turn|3
|
|t:|1779590945
|switch|p1a: Kyurem|Kyurem|100/100
|-damage|p1a: Kyurem|88/100|[from] Spikes
|-ability|p1a: Kyurem|Pressure
|move|p2a: Glimmora|Spiky Shield||[still]
|-fail|p2a: Glimmora
|
|-heal|p1a: Kyurem|94/100|[from] item: Leftovers
|upkeep
|turn|4
|inactive|npctypebeat has 120 seconds left.
|
|t:|1779590976
|move|p1a: Kyurem|Substitute|p1a: Kyurem
|-start|p1a: Kyurem|Substitute
|-damage|p1a: Kyurem|69/100
|move|p2a: Glimmora|Memento||[still]
|-fail|p2a: Glimmora
|
|-heal|p1a: Kyurem|75/100|[from] item: Leftovers
|upkeep
|turn|5
|
|t:|1779590984
|switch|p2a: Corviknight|Corviknight, M|100/100
|-damage|p2a: Corviknight|88/100|[from] Stealth Rock
|-ability|p2a: Corviknight|Pressure
|move|p1a: Kyurem|Earth Power|p2a: Corviknight
|-immune|p2a: Corviknight
|
|-heal|p1a: Kyurem|82/100|[from] item: Leftovers
|upkeep
|turn|6
|
|t:|1779590995
|move|p1a: Kyurem|Freeze-Dry|p2a: Corviknight
|-damage|p2a: Corviknight|64/100
|-status|p2a: Corviknight|frz
|-curestatus|p2a: Corviknight|frz|[msg]
|move|p2a: Corviknight|Defog|p1a: Kyurem
|-sideend|p1: npctypebeat|Spikes|[from] move: Defog|[of] p2a: Corviknight
|-sideend|p2: 8i9o0po|Toxic Spikes|[from] move: Defog|[of] p2a: Corviknight
|-sideend|p2: 8i9o0po|Stealth Rock|[from] move: Defog|[of] p2a: Corviknight
|
|-heal|p1a: Kyurem|88/100|[from] item: Leftovers
|upkeep
|turn|7
|inactive|npctypebeat has 120 seconds left.
|
|t:|1779591030
|move|p1a: Kyurem|Freeze-Dry|p2a: Corviknight
|-damage|p2a: Corviknight|38/100
|move|p2a: Corviknight|Roost|p2a: Corviknight
|-heal|p2a: Corviknight|88/100
|-singleturn|p2a: Corviknight|move: Roost
|
|-heal|p1a: Kyurem|94/100|[from] item: Leftovers
|upkeep
|turn|8
|
|t:|1779591046
|move|p1a: Kyurem|Freeze-Dry|p2a: Corviknight
|-damage|p2a: Corviknight|65/100
|move|p2a: Corviknight|Tailwind|p2a: Corviknight
|-sidestart|p2: 8i9o0po|move: Tailwind
|
|-heal|p1a: Kyurem|99/100|[from] item: Leftovers
|upkeep
|turn|9
|
|t:|1779591062
|switch|p2a: Heatran|Heatran, M|100/100
|move|p1a: Kyurem|Freeze-Dry|p2a: Heatran
|-resisted|p2a: Heatran
|-damage|p2a: Heatran|95/100
|
|-heal|p1a: Kyurem|100/100|[from] item: Leftovers
|upkeep
|turn|10
|
|t:|1779591087
|switch|p1a: Cinderace|Cinderace, F|100/100
|-terastallize|p2a: Heatran|Grass
|move|p2a: Heatran|Heat Wave|p1a: Cinderace|[miss]
|-miss|p2a: Heatran|p1a: Cinderace
|
|upkeep
|turn|11
|inactive|npctypebeat has 90 seconds left.
|
|t:|1779591110
|move|p2a: Heatran|Earth Power|p1a: Cinderace
|-supereffective|p1a: Cinderace
|-damage|p1a: Cinderace|27/100
|move|p1a: Cinderace|U-turn|p2a: Heatran
|-supereffective|p2a: Heatran
|-damage|p2a: Heatran|55/100
|inactive|npctypebeat has 90 seconds left.
|
|t:|1779591123
|switch|p1a: Kyurem|Kyurem|100/100|[from] U-turn
|-ability|p1a: Kyurem|Pressure
|
|-sideend|p2: 8i9o0po|move: Tailwind
|upkeep
|turn|12
|
|t:|1779591142
|switch|p2a: Corviknight|Corviknight, M|65/100
|-ability|p2a: Corviknight|Pressure
|move|p1a: Kyurem|Freeze-Dry|p2a: Corviknight
|-damage|p2a: Corviknight|40/100
|
|upkeep
|turn|13
|inactive|npctypebeat has 90 seconds left.
|
|t:|1779591169
|move|p1a: Kyurem|Freeze-Dry|p2a: Corviknight
|-damage|p2a: Corviknight|16/100
|move|p2a: Corviknight|Roost|p2a: Corviknight
|-heal|p2a: Corviknight|66/100
|-singleturn|p2a: Corviknight|move: Roost
|
|upkeep
|turn|14
|
|t:|1779591187
|switch|p1a: Cinderace|Cinderace, F|27/100
|move|p2a: Corviknight|Roost|p2a: Corviknight
|-heal|p2a: Corviknight|100/100
|-singleturn|p2a: Corviknight|move: Roost
|
|upkeep
|turn|15
|
|t:|1779591198
|move|p1a: Cinderace|Pyro Ball|p2a: Corviknight
|-supereffective|p2a: Corviknight
|-damage|p2a: Corviknight|0 fnt
|faint|p2a: Corviknight
|
|upkeep
|
|t:|1779591203
|switch|p2a: Raging Bolt|Raging Bolt|100/100
|turn|16
|
|t:|1779591209
|switch|p1a: Kyurem|Kyurem|100/100
|-ability|p1a: Kyurem|Pressure
|move|p2a: Raging Bolt|Calm Mind|p2a: Raging Bolt
|-boost|p2a: Raging Bolt|spa|1
|-boost|p2a: Raging Bolt|spd|1
|
|upkeep
|turn|17
|
|t:|1779591224
|move|p1a: Kyurem|Freeze-Dry|p2a: Raging Bolt
|-supereffective|p2a: Raging Bolt
|-damage|p2a: Raging Bolt|66/100
|move|p2a: Raging Bolt|Draco Meteor|p1a: Kyurem
|-supereffective|p1a: Kyurem
|-damage|p1a: Kyurem|0 fnt
|-unboost|p2a: Raging Bolt|spa|2
|faint|p1a: Kyurem
|-damage|p2a: Raging Bolt|56/100|[from] item: Life Orb
|
|upkeep
|inactive|npctypebeat has 90 seconds left.
|
|t:|1779591249
|switch|p1a: Ting-Lu|Ting-Lu|100/100
|-ability|p1a: Ting-Lu|Vessel of Ruin
|turn|18
|
|t:|1779591260
|-end|p2a: Raging Bolt|Protosynthesis|[silent]
|switch|p2a: Pecharunt|Pecharunt|100/100
|move|p1a: Ting-Lu|Earthquake|p2a: Pecharunt
|-supereffective|p2a: Pecharunt
|-damage|p2a: Pecharunt|59/100
|
|-heal|p2a: Pecharunt|65/100|[from] item: Leftovers
|upkeep
|turn|19
|
|t:|1779591270
|move|p2a: Pecharunt|Malignant Chain|p1a: Ting-Lu
|-resisted|p1a: Ting-Lu
|-damage|p1a: Ting-Lu|94/100
|-status|p1a: Ting-Lu|tox
|-start|p1a: Ting-Lu|confusion|[from] ability: Poison Puppeteer|[of] p2a: Pecharunt
|-activate|p1a: Ting-Lu|confusion
|-damage|p1a: Ting-Lu|89/100 tox|[from] confusion
|
|-heal|p2a: Pecharunt|71/100|[from] item: Leftovers
|-heal|p1a: Ting-Lu|95/100 tox|[from] item: Leftovers
|-damage|p1a: Ting-Lu|89/100 tox|[from] psn
|upkeep
|turn|20
|
|t:|1779591287
|switch|p1a: Slowking|Slowking-Galar, F|100/100
|move|p2a: Pecharunt|Substitute|p2a: Pecharunt
|-start|p2a: Pecharunt|Substitute
|-damage|p2a: Pecharunt|46/100
|
|-heal|p2a: Pecharunt|52/100|[from] item: Leftovers
|upkeep
|turn|21
|inactive|npctypebeat has 90 seconds left.
|
|t:|1779591317
|move|p2a: Pecharunt|Malignant Chain|p1a: Slowking
|-resisted|p1a: Slowking
|-damage|p1a: Slowking|89/100
|move|p1a: Slowking|Future Sight|p2a: Pecharunt
|-start|p1a: Slowking|move: Future Sight
|
|-heal|p2a: Pecharunt|58/100|[from] item: Leftovers
|upkeep
|turn|22
|inactive|npctypebeat has 90 seconds left.
|
|t:|1779591330
|move|p2a: Pecharunt|Malignant Chain|p1a: Slowking
|-resisted|p1a: Slowking
|-damage|p1a: Slowking|77/100
|move|p1a: Slowking|Ice Beam|p2a: Pecharunt
|-activate|p2a: Pecharunt|move: Substitute|[damage]
|
|-heal|p2a: Pecharunt|64/100|[from] item: Leftovers
|upkeep
|turn|23
|
|t:|1779591346
|move|p2a: Pecharunt|Protect|p2a: Pecharunt
|-singleturn|p2a: Pecharunt|Protect
|move|p1a: Slowking|Ice Beam|p2a: Pecharunt
|-activate|p2a: Pecharunt|move: Protect
|
|-end|p2a: Pecharunt|move: Future Sight
|-supereffective|p2a: Pecharunt
|-end|p2a: Pecharunt|Substitute
|-heal|p2a: Pecharunt|70/100|[from] item: Leftovers
|upkeep
|turn|24
|inactive|8i9o0po has 120 seconds left.
|
|t:|1779591379
|switch|p2a: Glimmora|Glimmora, F, shiny|74/100
|move|p1a: Slowking|Future Sight|p2a: Glimmora
|-start|p1a: Slowking|move: Future Sight
|
|upkeep
|turn|25
|inactive|8i9o0po has 120 seconds left.
|
|t:|1779591391
|move|p2a: Glimmora|Stealth Rock|p1a: Slowking
|-sidestart|p1: npctypebeat|move: Stealth Rock
|move|p1a: Slowking|Ice Beam|p2a: Glimmora
|-damage|p2a: Glimmora|51/100
|
|upkeep
|turn|26
|
|t:|1779591408
|switch|p1a: Cinderace|Cinderace, F|27/100
|move|p2a: Glimmora|Spiky Shield||[still]
|-fail|p2a: Glimmora
|
|-end|p2a: Glimmora|move: Future Sight
|-supereffective|p2a: Glimmora
|-damage|p2a: Glimmora|0 fnt
|faint|p2a: Glimmora
|upkeep
|
|t:|1779591416
|switch|p2a: Raging Bolt|Raging Bolt|56/100
|turn|27
|
|t:|1779591423
|switch|p1a: Ting-Lu|Ting-Lu|89/100 tox
|-damage|p1a: Ting-Lu|83/100 tox|[from] Stealth Rock
|-ability|p1a: Ting-Lu|Vessel of Ruin
|move|p2a: Raging Bolt|Thunderclap||[still]
|-fail|p2a: Raging Bolt
|
|-heal|p1a: Ting-Lu|89/100 tox|[from] item: Leftovers
|-damage|p1a: Ting-Lu|83/100 tox|[from] psn
|upkeep
|turn|28
|
|t:|1779591436
|-end|p2a: Raging Bolt|Protosynthesis|[silent]
|switch|p2a: Heatran|Heatran, M, tera:Grass|55/100
|move|p1a: Ting-Lu|Earthquake|p2a: Heatran
|-resisted|p2a: Heatran
|-damage|p2a: Heatran|35/100
|
|-heal|p1a: Ting-Lu|89/100 tox|[from] item: Leftovers
|-damage|p1a: Ting-Lu|77/100 tox|[from] psn
|upkeep
|turn|29
|
|t:|1779591451
|move|p2a: Heatran|Overheat|p1a: Ting-Lu
|-damage|p1a: Ting-Lu|49/100 tox
|-unboost|p2a: Heatran|spa|2
|move|p1a: Ting-Lu|Payback|p2a: Heatran
|-damage|p2a: Heatran|0 fnt
|faint|p2a: Heatran
|
|-heal|p1a: Ting-Lu|55/100 tox|[from] item: Leftovers
|-damage|p1a: Ting-Lu|37/100 tox|[from] psn
|upkeep
|
|t:|1779591461
|switch|p2a: Meowscarada|Meowscarada, M|100/100
|turn|30
|inactive|npctypebeat has 120 seconds left.
|
|t:|1779591471
|move|p2a: Meowscarada|Flower Trick|p1a: Ting-Lu
|-start|p2a: Meowscarada|typechange|Grass|[from] ability: Protean
|-supereffective|p1a: Ting-Lu
|-crit|p1a: Ting-Lu
|-damage|p1a: Ting-Lu|0 fnt
|faint|p1a: Ting-Lu
|
|upkeep
|inactive|npctypebeat has 120 seconds left.
|
|t:|1779591491
|switch|p1a: Slowking|Slowking-Galar, F|100/100
|-damage|p1a: Slowking|88/100|[from] Stealth Rock
|turn|31
|
|t:|1779591504
|switch|p2a: Raging Bolt|Raging Bolt|56/100
|move|p1a: Slowking|Ice Beam|p2a: Raging Bolt
|-supereffective|p2a: Raging Bolt
|-damage|p2a: Raging Bolt|21/100
|
|upkeep
|turn|32
|
|t:|1779591520
|move|p2a: Raging Bolt|Thunderbolt|p1a: Slowking
|-damage|p1a: Slowking|32/100
|-status|p1a: Slowking|par
|-damage|p2a: Raging Bolt|11/100|[from] item: Life Orb
|move|p1a: Slowking|Ice Beam|p2a: Raging Bolt
|-supereffective|p2a: Raging Bolt
|-damage|p2a: Raging Bolt|0 fnt
|faint|p2a: Raging Bolt
|-end|p2a: Raging Bolt|Protosynthesis|[silent]
|
|upkeep
|
|t:|1779591532
|switch|p2a: Meowscarada|Meowscarada, M|100/100
|turn|33
|
|t:|1779591539
|move|p2a: Meowscarada|Knock Off|p1a: Slowking
|-start|p2a: Meowscarada|typechange|Dark|[from] ability: Protean
|-supereffective|p1a: Slowking
|-damage|p1a: Slowking|0 fnt
|-enditem|p1a: Slowking|Shuca Berry|[from] move: Knock Off|[of] p2a: Meowscarada
|faint|p1a: Slowking
|
|upkeep
|
|t:|1779591561
|switch|p1a: Cinderace|Cinderace, F|27/100
|turn|34
|
|t:|1779591572
|move|p2a: Meowscarada|Knock Off|p1a: Cinderace
|-damage|p1a: Cinderace|0 fnt
|-enditem|p1a: Cinderace|Heavy-Duty Boots|[from] move: Knock Off|[of] p2a: Meowscarada
|faint|p1a: Cinderace
|
|upkeep
|
|t:|1779591585
|switch|p1a: Corviknight|Corviknight, M|100/100
|-damage|p1a: Corviknight|88/100|[from] Stealth Rock
|-ability|p1a: Corviknight|Pressure
|turn|35
|
|t:|1779591597
|move|p2a: Meowscarada|Knock Off|p1a: Corviknight
|-damage|p1a: Corviknight|61/100
|-damage|p2a: Meowscarada|84/100|[from] item: Rocky Helmet|[of] p1a: Corviknight
|-enditem|p1a: Corviknight|Rocky Helmet|[from] move: Knock Off|[of] p2a: Meowscarada
|move|p1a: Corviknight|Brave Bird|p2a: Meowscarada
|-damage|p2a: Meowscarada|24/100
|-damage|p1a: Corviknight|46/100|[from] Recoil
|
|upkeep
|turn|36
|inactive|npctypebeat has 90 seconds left.
|
|t:|1779591626
|switch|p2a: Pecharunt|Pecharunt|70/100
|move|p1a: Corviknight|Roost|p1a: Corviknight
|-heal|p1a: Corviknight|96/100
|-singleturn|p1a: Corviknight|move: Roost
|
|-heal|p2a: Pecharunt|76/100|[from] item: Leftovers
|upkeep
|turn|37
|
|t:|1779591645
|move|p2a: Pecharunt|Protect|p2a: Pecharunt
|-singleturn|p2a: Pecharunt|Protect
|move|p1a: Corviknight|Defog|p2a: Pecharunt
|-activate|p2a: Pecharunt|move: Protect
|
|-heal|p2a: Pecharunt|82/100|[from] item: Leftovers
|upkeep
|turn|38
|inactive|npctypebeat has 90 seconds left.
|
|t:|1779591660
|move|p2a: Pecharunt|Recover|p2a: Pecharunt
|-heal|p2a: Pecharunt|100/100
|move|p1a: Corviknight|Defog|p2a: Pecharunt
|-unboost|p2a: Pecharunt|evasion|1
|-sideend|p1: npctypebeat|Stealth Rock|[from] move: Defog|[of] p1a: Corviknight
|
|upkeep
|turn|39
|
|t:|1779591670
|switch|p2a: Meowscarada|Meowscarada, M|24/100
|move|p1a: Corviknight|Brave Bird|p2a: Meowscarada
|-supereffective|p2a: Meowscarada
|-damage|p2a: Meowscarada|0 fnt
|faint|p2a: Meowscarada
|-damage|p1a: Corviknight|91/100|[from] Recoil
|
|upkeep
|-message|8i9o0po forfeited.
|
|win|npctypebeat
|raw|npctypebeat's rating: 1164 &rarr; <strong>1183</strong><br />(+19 for winning)
|raw|8i9o0po's rating: 1078 &rarr; <strong>1062</strong><br />(-16 for losing)
|l|☆8i9o0po
|player|p2|
|c|☆npctypebeat|gg
