|j|☆Naro51
|j|☆alt1 lord greed
|t:|1779644952
|gametype|singles
|player|p1|Naro51|170|1445
|player|p2|alt1 lord greed|101|1483
|gen|9
|tier|[Gen 9] OU
|rated|
|rule|HP Percentage Mod: HP is shown in percentages
|rule|Endless Battle Clause: Forcing endless battles is banned
|rule|Species Clause: Limit one of each Pokémon
|rule|OHKO Clause: OHKO moves are banned
|rule|Evasion Items Clause: Evasion items are banned
|rule|Evasion Moves Clause: Evasion moves are banned
|rule|Evasion Abilities Clause: Evasion abilities are banned
|rule|Sleep Moves Clause: Sleep-inducing moves are banned
|clearpoke
|poke|p1|Rillaboom, F|
|poke|p1|Great Tusk|
|poke|p1|Zamazenta-*|
|poke|p1|Heatran, M|
|poke|p1|Hatterene, F|
|poke|p1|Kingambit, F|
|poke|p2|Glastrier|
|poke|p2|Slowking-Galar, M|
|poke|p2|Heatran, M|
|poke|p2|Tornadus-Therian, M|
|poke|p2|Hydrapple, F|
|poke|p2|Great Tusk|
|teampreview
|inactive|Battle timer is ON: inactive players will automatically lose when time's up. (requested by alt1 lord greed)
|
|t:|1779644970
|teamsize|p1|6
|teamsize|p2|6
|start
|switch|p1a: Heatran|Heatran, M|100/100
|switch|p2a: Tornadus|Tornadus-Therian, M|100/100
|turn|1
|
|t:|1779644978
|move|p2a: Tornadus|Taunt|p1a: Heatran
|-start|p1a: Heatran|move: Taunt
|move|p1a: Heatran|Magma Storm|p2a: Tornadus
|-damage|p2a: Tornadus|53/100
|-activate|p2a: Tornadus|move: Magma Storm|[of] p1a: Heatran
|
|-damage|p2a: Tornadus|41/100|[from] move: Magma Storm|[partiallytrapped]
|upkeep
|turn|2
|
|t:|1779644995
|move|p2a: Tornadus|Knock Off|p1a: Heatran
|-damage|p1a: Heatran|83/100
|-enditem|p1a: Heatran|Leftovers|[from] move: Knock Off|[of] p2a: Tornadus
|move|p1a: Heatran|Earth Power|p2a: Tornadus
|-immune|p2a: Tornadus
|
|-damage|p2a: Tornadus|28/100|[from] move: Magma Storm|[partiallytrapped]
|upkeep
|turn|3
|
|t:|1779645000
|move|p2a: Tornadus|Bleakwind Storm|p1a: Heatran
|-resisted|p1a: Heatran
|-damage|p1a: Heatran|70/100
|move|p1a: Heatran|Magma Storm|p2a: Tornadus
|-damage|p2a: Tornadus|0 fnt
|faint|p2a: Tornadus
|
|-end|p1a: Heatran|move: Taunt
|upkeep
|
|t:|1779645004
|switch|p2a: Great Tusk|Great Tusk|100/100
|turn|4
|
|t:|1779645010
|switch|p1a: Rillaboom|Rillaboom, F|100/100
|-fieldstart|move: Grassy Terrain|[from] ability: Grassy Surge|[of] p1a: Rillaboom
|move|p2a: Great Tusk|Headlong Rush|p1a: Rillaboom
|-resisted|p1a: Rillaboom
|-damage|p1a: Rillaboom|71/100
|-unboost|p2a: Great Tusk|def|1
|-unboost|p2a: Great Tusk|spd|1
|
|-heal|p1a: Rillaboom|78/100|[from] Grassy Terrain
|upkeep
|turn|5
|
|t:|1779645019
|-end|p2a: Great Tusk|Protosynthesis|[silent]
|switch|p2a: Hydrapple|Hydrapple, F, shiny|100/100
|move|p1a: Rillaboom|Knock Off|p2a: Hydrapple
|-damage|p2a: Hydrapple|75/100
|-enditem|p2a: Hydrapple|Choice Specs|[from] move: Knock Off|[of] p1a: Rillaboom
|
|-heal|p1a: Rillaboom|84/100|[from] Grassy Terrain
|-heal|p2a: Hydrapple|81/100|[from] Grassy Terrain
|upkeep
|turn|6
|
|t:|1779645024
|move|p1a: Rillaboom|U-turn|p2a: Hydrapple
|-supereffective|p2a: Hydrapple
|-damage|p2a: Hydrapple|44/100
|
|t:|1779645041
|switch|p1a: Hatterene|Hatterene, F|100/100|[from] U-turn
|move|p2a: Hydrapple|Draco Meteor|p1a: Hatterene
|-immune|p1a: Hatterene
|
|-heal|p2a: Hydrapple|50/100|[from] Grassy Terrain
|upkeep
|turn|7
|
|t:|1779645050
|switch|p2a: Heatran|Heatran, M, shiny|100/100
|move|p1a: Hatterene|Nuzzle|p2a: Heatran
|-damage|p2a: Heatran|97/100
|-status|p2a: Heatran|par
|
|-heal|p2a: Heatran|100/100 par|[from] Grassy Terrain
|upkeep
|turn|8
|
|t:|1779645071
|switch|p1a: Heatran|Heatran, M|70/100
|cant|p2a: Heatran|par
|
|-heal|p1a: Heatran|77/100|[from] Grassy Terrain
|-fieldend|move: Grassy Terrain
|upkeep
|turn|9
|
|t:|1779645079
|switch|p2a: Hydrapple|Hydrapple, F, shiny|83/100
|move|p1a: Heatran|Earth Power|p2a: Hydrapple
|-resisted|p2a: Hydrapple
|-damage|p2a: Hydrapple|70/100
|
|upkeep
|turn|10
|
|t:|1779645084
|switch|p1a: Hatterene|Hatterene, F|100/100
|move|p2a: Hydrapple|Earth Power|p1a: Hatterene
|-damage|p1a: Hatterene|65/100
|
|upkeep
|turn|11
|
|t:|1779645103
|switch|p2a: Heatran|Heatran, M, shiny|100/100 par
|switch|p1a: Great Tusk|Great Tusk|100/100
|-enditem|p1a: Great Tusk|Booster Energy
|-activate|p1a: Great Tusk|ability: Protosynthesis|[fromitem]
|-start|p1a: Great Tusk|protosynthesisatk
|
|upkeep
|turn|12
|inactive|alt1 lord greed has 120 seconds left.
|
|t:|1779645159
|move|p1a: Great Tusk|Ice Spinner|p2a: Heatran
|-resisted|p2a: Heatran
|-damage|p2a: Heatran|93/100 par
|cant|p2a: Heatran|par
|
|-heal|p2a: Heatran|99/100 par|[from] item: Leftovers
|upkeep
|turn|13
|
|t:|1779645167
|switch|p2a: Hydrapple|Hydrapple, F, shiny|100/100
|move|p1a: Great Tusk|Headlong Rush|p2a: Hydrapple
|-resisted|p2a: Hydrapple
|-damage|p2a: Hydrapple|69/100
|-unboost|p1a: Great Tusk|def|1
|-unboost|p1a: Great Tusk|spd|1
|
|upkeep
|turn|14
|
|t:|1779645171
|switch|p2a: Heatran|Heatran, M, shiny|99/100 par
|move|p1a: Great Tusk|Ice Spinner|p2a: Heatran
|-resisted|p2a: Heatran
|-damage|p2a: Heatran|92/100 par
|
|-heal|p2a: Heatran|98/100 par|[from] item: Leftovers
|upkeep
|turn|15
|
|t:|1779645173
|switch|p2a: Hydrapple|Hydrapple, F, shiny|100/100
|move|p1a: Great Tusk|Headlong Rush|p2a: Hydrapple
|-resisted|p2a: Hydrapple
|-damage|p2a: Hydrapple|69/100
|-unboost|p1a: Great Tusk|def|1
|-unboost|p1a: Great Tusk|spd|1
|
|upkeep
|turn|16
|
|t:|1779645184
|-end|p1a: Great Tusk|Protosynthesis|[silent]
|switch|p1a: Heatran|Heatran, M|77/100
|move|p2a: Hydrapple|Leaf Storm|p1a: Heatran
|-resisted|p1a: Heatran
|-damage|p1a: Heatran|65/100
|-unboost|p2a: Hydrapple|spa|2
|
|upkeep
|turn|17
|
|t:|1779645190
|move|p1a: Heatran|Stealth Rock|p2a: Hydrapple
|-sidestart|p2: alt1 lord greed|move: Stealth Rock
|move|p2a: Hydrapple|Earth Power|p1a: Heatran
|-supereffective|p1a: Heatran
|-damage|p1a: Heatran|24/100
|
|upkeep
|turn|18
|
|t:|1779645205
|switch|p1a: Rillaboom|Rillaboom, F|84/100
|-fieldstart|move: Grassy Terrain|[from] ability: Grassy Surge|[of] p1a: Rillaboom
|switch|p2a: Great Tusk|Great Tusk|100/100
|
|-heal|p1a: Rillaboom|90/100|[from] Grassy Terrain
|upkeep
|turn|19
|
|t:|1779645215
|-terastallize|p2a: Great Tusk|Steel
|move|p2a: Great Tusk|Rapid Spin|p1a: Rillaboom
|-damage|p1a: Rillaboom|73/100
|-boost|p2a: Great Tusk|spe|1
|-sideend|p2: alt1 lord greed|Stealth Rock|[from] move: Rapid Spin|[of] p2a: Great Tusk
|move|p1a: Rillaboom|Wood Hammer|p2a: Great Tusk
|-resisted|p2a: Great Tusk
|-damage|p2a: Great Tusk|69/100
|-damage|p1a: Rillaboom|63/100|[from] Recoil
|
|-heal|p2a: Great Tusk|75/100|[from] Grassy Terrain
|-heal|p1a: Rillaboom|69/100|[from] Grassy Terrain
|upkeep
|turn|20
|
|t:|1779645220
|-end|p2a: Great Tusk|Protosynthesis|[silent]
|switch|p2a: Hydrapple|Hydrapple, F, shiny|100/100
|move|p1a: Rillaboom|U-turn|p2a: Hydrapple
|-supereffective|p2a: Hydrapple
|-damage|p2a: Hydrapple|59/100
|
|t:|1779645223
|switch|p1a: Heatran|Heatran, M|24/100|[from] U-turn
|
|-heal|p1a: Heatran|30/100|[from] Grassy Terrain
|-heal|p2a: Hydrapple|65/100|[from] Grassy Terrain
|upkeep
|turn|21
|
|t:|1779645224
|move|p1a: Heatran|Stealth Rock|p2a: Hydrapple
|-sidestart|p2: alt1 lord greed|move: Stealth Rock
|move|p2a: Hydrapple|Earth Power|p1a: Heatran
|-supereffective|p1a: Heatran
|-damage|p1a: Heatran|0 fnt
|faint|p1a: Heatran
|
|-heal|p2a: Hydrapple|71/100|[from] Grassy Terrain
|upkeep
|
|t:|1779645228
|switch|p1a: Great Tusk|Great Tusk|100/100
|turn|22
|
|t:|1779645232
|move|p1a: Great Tusk|Ice Spinner|p2a: Hydrapple
|-supereffective|p2a: Hydrapple
|-damage|p2a: Hydrapple|0 fnt
|-fieldend|move: Grassy Terrain
|faint|p2a: Hydrapple
|
|upkeep
|
|t:|1779645233
|switch|p2a: Great Tusk|Great Tusk, tera:Steel|75/100
|turn|23
|
|t:|1779645238
|move|p1a: Great Tusk|Headlong Rush|p2a: Great Tusk
|-supereffective|p2a: Great Tusk
|-damage|p2a: Great Tusk|0 fnt
|-unboost|p1a: Great Tusk|def|1
|-unboost|p1a: Great Tusk|spd|1
|faint|p2a: Great Tusk
|-end|p2a: Great Tusk|Protosynthesis|[silent]
|
|upkeep
|
|t:|1779645242
|switch|p2a: Glastrier|Glastrier|100/100
|-damage|p2a: Glastrier|76/100|[from] Stealth Rock
|turn|24
|-activate|p2a: Glastrier|item: Quick Claw
|
|t:|1779645245
|move|p2a: Glastrier|Icicle Crash|p1a: Great Tusk|[miss]
|-miss|p2a: Glastrier|p1a: Great Tusk
|move|p1a: Great Tusk|Close Combat|p2a: Glastrier
|-supereffective|p2a: Glastrier
|-damage|p2a: Glastrier|0 fnt
|-unboost|p1a: Great Tusk|def|1
|-unboost|p1a: Great Tusk|spd|1
|faint|p2a: Glastrier
|
|upkeep
|-message|alt1 lord greed forfeited.
|
|win|Naro51
|raw|Naro51's rating: 1445 &rarr; <strong>1467</strong><br />(+22 for winning)
|raw|alt1 lord greed's rating: 1483 &rarr; <strong>1461</strong><br />(-22 for losing)
|l|☆alt1 lord greed
|player|p2|
|l|☆Naro51
|player|p1|
