|j|☆busto2412
|j|☆Abigcamel
|t:|1779626502
|gametype|singles
|player|p1|busto2412|hilbert|1583
|player|p2|Abigcamel|morty|1525
|gen|9
|tier|[Gen 9] OU
|rated|
|rule|HP Percentage Mod: HP is shown in percentages
|rule|Endless Battle Clause: Forcing endless battles is banned
|rule|Species Clause: Limit one of each Pokémon
|rule|OHKO Clause: OHKO moves are banned
|rule|Evasion Items Clause: Evasion items are banned
|rule|Evasion Moves Clause: Evasion moves are banned
|rule|Evasion Abilities Clause: Evasion abilities are banned
|rule|Sleep Moves Clause: Sleep-inducing moves are banned
|clearpoke
|poke|p1|Ursaluna, M|
|poke|p1|Dragapult, M|
|poke|p1|Zapdos|
|poke|p1|Goodra-Hisui, F|
|poke|p1|Greninja-*, M|
|poke|p1|Zamazenta-*|
|poke|p2|Hoopa|
|poke|p2|Cinderace, F|
|poke|p2|Mandibuzz, F|
|poke|p2|Kyurem|
|poke|p2|Ting-Lu|
|poke|p2|Manaphy|
|teampreview
|inactive|Battle timer is ON: inactive players will automatically lose when time's up. (requested by Abigcamel)
|
|t:|1779626516
|teamsize|p1|6
|teamsize|p2|6
|start
|switch|p1a: Dragapult|Dragapult, M, shiny|100/100
|switch|p2a: Kyurem|Kyurem|100/100
|-ability|p2a: Kyurem|Pressure
|turn|1
|
|t:|1779626528
|move|p2a: Kyurem|Ice Beam|p1a: Dragapult
|-supereffective|p1a: Dragapult
|-crit|p1a: Dragapult
|-damage|p1a: Dragapult|0 fnt
|faint|p1a: Dragapult
|
|upkeep
|
|t:|1779626535
|switch|p1a: Goodra|Goodra-Hisui, F|100/100
|turn|2
|
|t:|1779626564
|switch|p2a: Cinderace|Cinderace, F|100/100
|move|p1a: Goodra|Ice Beam|p2a: Cinderace
|-resisted|p2a: Cinderace
|-damage|p2a: Cinderace|78/100
|
|upkeep
|turn|3
|
|t:|1779626577
|move|p2a: Cinderace|High Jump Kick|p1a: Goodra
|-start|p2a: Cinderace|typechange|Fighting|[from] ability: Libero
|-supereffective|p1a: Goodra
|-damage|p1a: Goodra|0 fnt
|-ability|p1a: Goodra|Gooey
|-unboost|p2a: Cinderace|spe|1
|faint|p1a: Goodra
|
|upkeep
|
|t:|1779626585
|switch|p1a: Greninja|Greninja, M|100/100
|turn|4
|
|t:|1779626590
|switch|p2a: Ting-Lucifer|Ting-Lu|100/100
|-ability|p2a: Ting-Lucifer|Vessel of Ruin
|move|p1a: Greninja|Dark Pulse|p2a: Ting-Lucifer
|-resisted|p2a: Ting-Lucifer
|-damage|p2a: Ting-Lucifer|88/100
|-damage|p1a: Greninja|91/100|[from] item: Life Orb
|
|upkeep
|turn|5
|
|t:|1779626598
|move|p1a: Greninja|Hydro Pump|p2a: Ting-Lucifer|[miss]
|-miss|p1a: Greninja|p2a: Ting-Lucifer
|move|p2a: Ting-Lucifer|Earthquake|p1a: Greninja
|-damage|p1a: Greninja|2/100
|
|upkeep
|turn|6
|
|t:|1779626603
|move|p1a: Greninja|Hydro Pump|p2a: Ting-Lucifer
|-supereffective|p2a: Ting-Lucifer
|-damage|p2a: Ting-Lucifer|17/100
|-enditem|p2a: Ting-Lucifer|Weakness Policy
|-boost|p2a: Ting-Lucifer|atk|2|[from] item: Weakness Policy
|-boost|p2a: Ting-Lucifer|spa|2|[from] item: Weakness Policy
|-damage|p1a: Greninja|0 fnt|[from] item: Life Orb
|faint|p1a: Greninja
|move|p2a: Ting-Lucifer|Heavy Slam|p1: Greninja|[notarget]
|-fail|p2a: Ting-Lucifer
|
|upkeep
|
|t:|1779626612
|switch|p1a: Ursaluna|Ursaluna, M, shiny|100/100
|turn|7
|
|t:|1779626616
|move|p1a: Ursaluna|Ice Punch|p2a: Ting-Lucifer
|-supereffective|p2a: Ting-Lucifer
|-damage|p2a: Ting-Lucifer|0 fnt
|faint|p2a: Ting-Lucifer
|
|-status|p1a: Ursaluna|brn|[from] item: Flame Orb
|upkeep
|
|t:|1779626624
|switch|p2a: Mandibuzz|Mandibuzz, F, shiny|100/100
|turn|8
|
|t:|1779626627
|move|p2a: Mandibuzz|Foul Play|p1a: Ursaluna
|-damage|p1a: Ursaluna|63/100 brn
|move|p1a: Ursaluna|Facade|p2a: Mandibuzz
|-damage|p2a: Mandibuzz|33/100
|-damage|p1a: Ursaluna|46/100 brn|[from] item: Rocky Helmet|[of] p2a: Mandibuzz
|
|-damage|p1a: Ursaluna|40/100 brn|[from] brn
|upkeep
|turn|9
|
|t:|1779626635
|move|p2a: Mandibuzz|Foul Play|p1a: Ursaluna
|-damage|p1a: Ursaluna|0 fnt
|faint|p1a: Ursaluna
|
|upkeep
|
|t:|1779626640
|switch|p1a: Zapdos|Zapdos, shiny|100/100
|turn|10
|
|t:|1779626648
|move|p1a: Zapdos|Hurricane|p2a: Mandibuzz
|-damage|p2a: Mandibuzz|0 fnt
|faint|p2a: Mandibuzz
|
|upkeep
|
|t:|1779626652
|switch|p2a: Kyurem|Kyurem|100/100
|-ability|p2a: Kyurem|Pressure
|turn|11
|
|t:|1779626659
|-terastallize|p1a: Zapdos|Steel
|move|p2a: Kyurem|Ice Beam|p1a: Zapdos
|-resisted|p1a: Zapdos
|-crit|p1a: Zapdos
|-damage|p1a: Zapdos|69/100
|move|p1a: Zapdos|Hurricane|p2a: Kyurem
|-damage|p2a: Kyurem|58/100
|-start|p2a: Kyurem|confusion
|
|upkeep
|turn|12
|
|t:|1779626667
|switch|p2a: Hoopa|Hoopa|100/100
|move|p1a: Zapdos|Discharge|p2a: Hoopa
|-damage|p2a: Hoopa|71/100
|-status|p2a: Hoopa|par
|
|upkeep
|turn|13
|
|t:|1779626676
|move|p1a: Zapdos|Discharge|p2a: Hoopa
|-damage|p2a: Hoopa|43/100 par
|move|p2a: Hoopa|Shadow Ball|p1a: Zapdos
|-damage|p1a: Zapdos|21/100
|-unboost|p1a: Zapdos|spd|1
|
|upkeep
|turn|14
|
|t:|1779626684
|switch|p1a: Zamazenta|Zamazenta|100/100
|-ability|p1a: Zamazenta|Dauntless Shield|boost
|-boost|p1a: Zamazenta|def|1
|cant|p2a: Hoopa|par
|
|upkeep
|turn|15
|
|t:|1779626690
|move|p1a: Zamazenta|Crunch|p2a: Hoopa
|-supereffective|p2a: Hoopa
|-damage|p2a: Hoopa|0 fnt
|faint|p2a: Hoopa
|
|upkeep
|
|t:|1779626696
|switch|p2a: Manaphy|Manaphy|100/100
|turn|16
|
|t:|1779626701
|-terastallize|p2a: Manaphy|Poison
|move|p1a: Zamazenta|Close Combat|p2a: Manaphy
|-resisted|p2a: Manaphy
|-damage|p2a: Manaphy|74/100
|-unboost|p1a: Zamazenta|def|1
|-unboost|p1a: Zamazenta|spd|1
|move|p2a: Manaphy|Tail Glow|p2a: Manaphy
|-boost|p2a: Manaphy|spa|3
|
|-heal|p2a: Manaphy|80/100|[from] item: Leftovers
|upkeep
|turn|17
|c|☆busto2412|gg
|-message|busto2412 forfeited.
|
|win|Abigcamel
|raw|busto2412's rating: 1583 &rarr; <strong>1560</strong><br />(-23 for losing)
|raw|Abigcamel's rating: 1525 &rarr; <strong>1548</strong><br />(+23 for winning)
|l|☆busto2412
|player|p1|
|l|☆Abigcamel
|player|p2|
