|j|☆silverlol
|j|☆thirtiseven
|t:|1779688876
|gametype|singles
|player|p1|silverlol|gambler|1244
|player|p2|thirtiseven|baker|1238
|gen|9
|tier|[Gen 9] OU
|rated|
|rule|HP Percentage Mod: HP is shown in percentages
|rule|Endless Battle Clause: Forcing endless battles is banned
|rule|Species Clause: Limit one of each Pokémon
|rule|OHKO Clause: OHKO moves are banned
|rule|Evasion Items Clause: Evasion items are banned
|rule|Evasion Moves Clause: Evasion moves are banned
|rule|Evasion Abilities Clause: Evasion abilities are banned
|rule|Sleep Moves Clause: Sleep-inducing moves are banned
|clearpoke
|poke|p1|Regice|
|poke|p1|Regidrago|
|poke|p1|Regieleki|
|poke|p1|Regigigas|
|poke|p1|Regirock|
|poke|p1|Registeel|
|poke|p2|Iron Treads|
|poke|p2|Kyurem|
|poke|p2|Gholdengo|
|poke|p2|Alomomola, M|
|poke|p2|Vileplume, M|
|poke|p2|Ceruledge, M|
|teampreview
|
|t:|1779688904
|teamsize|p1|6
|teamsize|p2|6
|start
|switch|p1a: Regigigas|Regigigas|100/100
|switch|p2a: Vileplume|Vileplume, M|100/100
|-start|p1a: Regigigas|ability: Slow Start
|turn|1
|inactive|Battle timer is ON: inactive players will automatically lose when time's up. (requested by silverlol)
|
|t:|1779688910
|move|p1a: Regigigas|Earthquake|p2a: Vileplume
|-damage|p2a: Vileplume|85/100
|move|p2a: Vileplume|Sludge Bomb|p1a: Regigigas
|-damage|p1a: Regigigas|69/100
|-status|p1a: Regigigas|psn
|
|-damage|p1a: Regigigas|57/100 psn|[from] psn
|upkeep
|turn|2
|
|t:|1779688917
|move|p1a: Regigigas|Double-Edge|p2a: Vileplume
|-damage|p2a: Vileplume|53/100
|-damage|p1a: Regigigas|40/100 psn|[from] item: Rocky Helmet|[of] p2a: Vileplume
|-damage|p1a: Regigigas|30/100 psn|[from] Recoil
|move|p2a: Vileplume|Leech Seed|p1a: Regigigas
|-start|p1a: Regigigas|move: Leech Seed
|
|-damage|p1a: Regigigas|18/100 psn|[from] Leech Seed|[of] p2a: Vileplume
|-heal|p2a: Vileplume|66/100|[silent]
|-damage|p1a: Regigigas|5/100 psn|[from] psn
|upkeep
|turn|3
|
|t:|1779688928
|move|p1a: Regigigas|Double-Edge|p2a: Vileplume
|-damage|p2a: Vileplume|33/100
|-damage|p1a: Regigigas|0 fnt|[from] item: Rocky Helmet|[of] p2a: Vileplume
|faint|p1a: Regigigas
|-end|p1a: Regigigas|Slow Start|[silent]
|move|p2a: Vileplume|Strength Sap|p1: Regigigas|[notarget]
|-fail|p2a: Vileplume
|
|upkeep
|
|t:|1779688938
|switch|p1a: Regice|Regice|100/100
|turn|4
|
|t:|1779688947
|switch|p2a: Alomomola|Alomomola, M|100/100
|move|p1a: Regice|Blizzard|p2a: Alomomola
|-resisted|p2a: Alomomola
|-damage|p2a: Alomomola|62/100
|
|upkeep
|turn|5
|
|t:|1779688954
|move|p1a: Regice|Ancient Power|p2a: Alomomola
|-damage|p2a: Alomomola|41/100
|move|p2a: Alomomola|Flip Turn|p1a: Regice
|-damage|p1a: Regice|86/100
|
|t:|1779688970
|switch|p2a: Ceruledge|Ceruledge, M|100/100|[from] Flip Turn
|-item|p2a: Ceruledge|Air Balloon
|
|upkeep
|turn|6
|
|t:|1779688979
|move|p2a: Ceruledge|Bulk Up|p2a: Ceruledge
|-boost|p2a: Ceruledge|atk|1
|-boost|p2a: Ceruledge|def|1
|move|p1a: Regice|Ancient Power|p2a: Ceruledge
|-supereffective|p2a: Ceruledge
|-damage|p2a: Ceruledge|74/100
|-enditem|p2a: Ceruledge|Air Balloon
|
|upkeep
|turn|7
|
|t:|1779688983
|move|p2a: Ceruledge|Bulk Up|p2a: Ceruledge
|-boost|p2a: Ceruledge|atk|1
|-boost|p2a: Ceruledge|def|1
|move|p1a: Regice|Flash Cannon|p2a: Ceruledge
|-resisted|p2a: Ceruledge
|-damage|p2a: Ceruledge|65/100
|
|upkeep
|turn|8
|
|t:|1779688989
|move|p2a: Ceruledge|Bitter Blade|p1a: Regice
|-supereffective|p1a: Regice
|-damage|p1a: Regice|0 fnt
|-heal|p2a: Ceruledge|100/100|[from] drain|[of] p1a: Regice
|faint|p1a: Regice
|
|upkeep
|
|t:|1779688993
|switch|p1a: Regieleki|Regieleki|100/100
|turn|9
|
|t:|1779689004
|move|p1a: Regieleki|Supercell Slam|p2a: Ceruledge
|-damage|p2a: Ceruledge|59/100
|move|p2a: Ceruledge|Bitter Blade|p1a: Regieleki
|-damage|p1a: Regieleki|0 fnt
|-heal|p2a: Ceruledge|100/100|[from] drain|[of] p1a: Regieleki
|faint|p1a: Regieleki
|
|upkeep
|
|t:|1779689010
|switch|p1a: Regirock|Regirock|100/100
|turn|10
|
|t:|1779689019
|switch|p2a: Vileplume|Vileplume, M|33/100
|move|p1a: Regirock|Earthquake|p2a: Vileplume
|-damage|p2a: Vileplume|7/100
|
|upkeep
|turn|11
|
|t:|1779689028
|move|p2a: Vileplume|Strength Sap|p1a: Regirock
|-fail|p1a: Regirock|unboost|[from] ability: Clear Body|[of] p1a: Regirock
|-heal|p2a: Vileplume|99/100
|move|p1a: Regirock|Earthquake|p2a: Vileplume
|-crit|p2a: Vileplume
|-damage|p2a: Vileplume|57/100
|
|upkeep
|turn|12
|
|t:|1779689039
|move|p2a: Vileplume|Leech Seed|p1a: Regirock
|-start|p1a: Regirock|move: Leech Seed
|move|p1a: Regirock|Body Slam|p2a: Vileplume
|-damage|p2a: Vileplume|32/100
|-damage|p1a: Regirock|84/100|[from] item: Rocky Helmet|[of] p2a: Vileplume
|
|-damage|p1a: Regirock|72/100|[from] Leech Seed|[of] p2a: Vileplume
|-heal|p2a: Vileplume|45/100|[silent]
|upkeep
|turn|13
|
|t:|1779689049
|switch|p1a: Regidrago|Regidrago|100/100
|move|p2a: Vileplume|Strength Sap|p1a: Regidrago
|-unboost|p1a: Regidrago|atk|1
|-heal|p2a: Vileplume|100/100
|
|upkeep
|turn|14
|
|t:|1779689060
|switch|p1a: Registeel|Registeel|100/100
|switch|p2a: Alomomola|Alomomola, M|74/100
|
|upkeep
|turn|15
|
|t:|1779689065
|move|p1a: Registeel|Double-Edge|p2a: Alomomola
|-damage|p2a: Alomomola|55/100
|-damage|p1a: Registeel|91/100|[from] Recoil
|move|p2a: Alomomola|Flip Turn|p1a: Registeel
|-damage|p1a: Registeel|80/100
|
|t:|1779689079
|switch|p2a: Iron Treads|Iron Treads|100/100|[from] Flip Turn
|
|upkeep
|turn|16
|
|t:|1779689088
|move|p2a: Iron Treads|Earthquake|p1a: Registeel
|-supereffective|p1a: Registeel
|-damage|p1a: Registeel|17/100
|move|p1a: Registeel|Explosion|p2a: Iron Treads
|-resisted|p2a: Iron Treads
|-damage|p2a: Iron Treads|70/100
|faint|p1a: Registeel
|
|upkeep
|
|t:|1779689094
|switch|p1a: Regirock|Regirock|72/100
|turn|17
|
|t:|1779689100
|move|p2a: Iron Treads|Knock Off|p1a: Regirock
|-damage|p1a: Regirock|56/100
|-enditem|p1a: Regirock|Muscle Band|[from] move: Knock Off|[of] p2a: Iron Treads
|move|p1a: Regirock|Explosion|p2a: Iron Treads
|-resisted|p2a: Iron Treads
|-damage|p2a: Iron Treads|35/100
|faint|p1a: Regirock
|
|upkeep
|
|t:|1779689106
|switch|p1a: Regidrago|Regidrago|100/100
|turn|18
|
|t:|1779689111
|move|p2a: Iron Treads|Volt Switch|p1a: Regidrago
|-resisted|p1a: Regidrago
|-damage|p1a: Regidrago|94/100
|
|t:|1779689117
|-end|p2a: Iron Treads|Quark Drive|[silent]
|switch|p2a: Gholdengo|Gholdengo|100/100|[from] Volt Switch
|-item|p2a: Gholdengo|Air Balloon
|move|p1a: Regidrago|Earth Power|p2a: Gholdengo
|-immune|p2a: Gholdengo
|
|upkeep
|turn|19
|
|t:|1779689124
|-terastallize|p2a: Gholdengo|Fairy
|move|p1a: Regidrago|Dragon Energy|p2a: Gholdengo
|-immune|p2a: Gholdengo
|move|p2a: Gholdengo|Thunder Wave|p1a: Regidrago
|-status|p1a: Regidrago|par
|
|upkeep
|turn|20
|
|t:|1779689131
|move|p2a: Gholdengo|Hex|p1a: Regidrago
|-damage|p1a: Regidrago|32/100 par
|move|p1a: Regidrago|Body Slam|p2a: Gholdengo
|-damage|p2a: Gholdengo|84/100
|-enditem|p2a: Gholdengo|Air Balloon
|
|upkeep
|turn|21
|-message|silverlol forfeited.
|
|win|thirtiseven
|raw|silverlol's rating: 1244 &rarr; <strong>1219</strong><br />(-25 for losing)
|raw|thirtiseven's rating: 1238 &rarr; <strong>1263</strong><br />(+25 for winning)
|l|☆silverlol
|player|p1|
|l|☆thirtiseven
|player|p2|
