|j|☆Liaoa
|j|☆ms.ogerpon
|t:|1779693633
|gametype|singles
|player|p1|Liaoa|bellelba|1468
|player|p2|ms.ogerpon|leaf-masters|1406
|gen|9
|tier|[Gen 9] OU
|rated|
|rule|HP Percentage Mod: HP is shown in percentages
|rule|Endless Battle Clause: Forcing endless battles is banned
|rule|Species Clause: Limit one of each Pokémon
|rule|OHKO Clause: OHKO moves are banned
|rule|Evasion Items Clause: Evasion items are banned
|rule|Evasion Moves Clause: Evasion moves are banned
|rule|Evasion Abilities Clause: Evasion abilities are banned
|rule|Sleep Moves Clause: Sleep-inducing moves are banned
|clearpoke
|poke|p1|Dragapult, F|
|poke|p1|Hatterene, F|
|poke|p1|Kyurem|
|poke|p1|Glimmora, F|
|poke|p1|Rillaboom, M|
|poke|p1|Serperior, F|
|poke|p2|Regieleki|
|poke|p2|Rillaboom, M|
|poke|p2|Ting-Lu|
|poke|p2|Heatran, M|
|poke|p2|Primarina, F|
|poke|p2|Dragapult, F|
|teampreview
|inactive|Battle timer is ON: inactive players will automatically lose when time's up. (requested by Liaoa)
|
|t:|1779693652
|teamsize|p1|6
|teamsize|p2|6
|start
|switch|p1a: Glimmora|Glimmora, F|100/100
|switch|p2a: Regieleki|Regieleki|100/100
|turn|1
|j| private_numero
|
|t:|1779693667
|move|p2a: Regieleki|Volt Switch|p1a: Glimmora
|-damage|p1a: Glimmora|57/100
|
|t:|1779693672
|switch|p2a: Dragapult|Dragapult, F|100/100|[from] Volt Switch
|move|p1a: Glimmora|Stealth Rock|p2a: Dragapult
|-sidestart|p2: ms.ogerpon|move: Stealth Rock
|
|-heal|p1a: Glimmora|63/100|[from] item: Leftovers
|upkeep
|turn|2
|
|t:|1779693682
|move|p1a: Glimmora|Spiky Shield|p1a: Glimmora
|-singleturn|p1a: Glimmora|move: Protect
|move|p2a: Dragapult|Shadow Ball|p1a: Glimmora
|-activate|p1a: Glimmora|move: Protect
|
|-heal|p1a: Glimmora|69/100|[from] item: Leftovers
|upkeep
|turn|3
|
|t:|1779693691
|move|p2a: Dragapult|Shadow Ball|p1a: Glimmora
|-damage|p1a: Glimmora|15/100
|move|p1a: Glimmora|Mortal Spin|p2a: Dragapult
|-resisted|p2a: Dragapult
|-damage|p2a: Dragapult|97/100
|-status|p2a: Dragapult|psn
|
|-heal|p1a: Glimmora|21/100|[from] item: Leftovers
|-damage|p2a: Dragapult|84/100 psn|[from] psn
|upkeep
|turn|4
|
|t:|1779693705
|move|p1a: Glimmora|Spiky Shield|p1a: Glimmora
|-singleturn|p1a: Glimmora|move: Protect
|move|p2a: Dragapult|Shadow Ball|p1a: Glimmora
|-activate|p1a: Glimmora|move: Protect
|
|-heal|p1a: Glimmora|27/100|[from] item: Leftovers
|-damage|p2a: Dragapult|72/100 psn|[from] psn
|upkeep
|turn|5
|
|t:|1779693717
|move|p2a: Dragapult|Shadow Ball|p1a: Glimmora
|-damage|p1a: Glimmora|0 fnt
|faint|p1a: Glimmora
|
|-damage|p2a: Dragapult|60/100 psn|[from] psn
|upkeep
|
|t:|1779693727
|switch|p1a: Kyurem|Kyurem|100/100
|-ability|p1a: Kyurem|Pressure
|turn|6
|
|t:|1779693736
|switch|p2a: Ting-Lu|Ting-Lu|100/100
|-damage|p2a: Ting-Lu|94/100|[from] Stealth Rock
|-ability|p2a: Ting-Lu|Vessel of Ruin
|move|p1a: Kyurem|Icicle Spear|p2a: Ting-Lu
|-supereffective|p2a: Ting-Lu
|-damage|p2a: Ting-Lu|83/100
|-supereffective|p2a: Ting-Lu
|-damage|p2a: Ting-Lu|72/100
|-supereffective|p2a: Ting-Lu
|-damage|p2a: Ting-Lu|62/100
|-supereffective|p2a: Ting-Lu
|-damage|p2a: Ting-Lu|51/100
|-supereffective|p2a: Ting-Lu
|-damage|p2a: Ting-Lu|40/100
|-hitcount|p2a: Ting-Lu|5
|
|-heal|p2a: Ting-Lu|46/100|[from] item: Leftovers
|upkeep
|turn|7
|
|t:|1779693753
|switch|p1a: Hatterene|Hatterene, F|100/100
|switch|p2a: Heatran|Heatran, M|100/100
|
|upkeep
|turn|8
|
|t:|1779693762
|move|p2a: Heatran|Flash Cannon|p1a: Hatterene
|-supereffective|p1a: Hatterene
|-damage|p1a: Hatterene|18/100
|move|p1a: Hatterene|Nuzzle|p2a: Heatran
|-damage|p2a: Heatran|98/100
|-status|p2a: Heatran|par
|
|-heal|p1a: Hatterene|24/100|[from] item: Leftovers
|upkeep
|turn|9
|
|t:|1779693773
|move|p1a: Hatterene|Pain Split|p2a: Heatran
|-sethp|p2a: Heatran|59/100 par|[from] move: Pain Split|[silent]
|-sethp|p1a: Hatterene|69/100|[from] move: Pain Split
|move|p2a: Heatran|Magma Storm|p1a: Hatterene|[miss]
|-miss|p2a: Heatran|p1a: Hatterene
|
|-heal|p1a: Hatterene|75/100|[from] item: Leftovers
|upkeep
|turn|10
|
|t:|1779693785
|move|p1a: Hatterene|Psyshock|p2a: Heatran
|-resisted|p2a: Heatran
|-damage|p2a: Heatran|47/100 par
|cant|p2a: Heatran|par
|
|-heal|p1a: Hatterene|81/100|[from] item: Leftovers
|upkeep
|turn|11
|
|t:|1779693795
|switch|p1a: Dragapult|Dragapult, F|100/100
|cant|p2a: Heatran|par
|
|upkeep
|turn|12
|l| private_numero
|
|t:|1779693802
|move|p1a: Dragapult|Hex|p2a: Heatran
|-damage|p2a: Heatran|0 fnt
|faint|p2a: Heatran
|
|upkeep
|
|t:|1779693812
|switch|p2a: Primarina|Primarina, F|100/100
|-damage|p2a: Primarina|88/100|[from] Stealth Rock
|turn|13
|
|t:|1779693819
|switch|p1a: Hatterene|Hatterene, F|81/100
|move|p2a: Primarina|Moonblast|p1a: Hatterene
|-damage|p1a: Hatterene|26/100
|
|-heal|p1a: Hatterene|32/100|[from] item: Leftovers
|upkeep
|turn|14
|
|t:|1779693828
|-terastallize|p1a: Hatterene|Steel
|move|p2a: Primarina|Moonblast|p1a: Hatterene
|-resisted|p1a: Hatterene
|-crit|p1a: Hatterene
|-damage|p1a: Hatterene|0 fnt
|faint|p1a: Hatterene
|
|upkeep
|
|t:|1779693833
|switch|p1a: Dragapult|Dragapult, F|100/100
|turn|15
|
|t:|1779693838
|move|p1a: Dragapult|Shadow Ball|p2a: Primarina
|-damage|p2a: Primarina|60/100
|-unboost|p2a: Primarina|spd|1
|move|p2a: Primarina|Moonblast|p1a: Dragapult
|-supereffective|p1a: Dragapult
|-damage|p1a: Dragapult|0 fnt
|faint|p1a: Dragapult
|
|upkeep
|
|t:|1779693841
|switch|p1a: Rillaboom|Rillaboom, M|100/100
|-fieldstart|move: Grassy Terrain|[from] ability: Grassy Surge|[of] p1a: Rillaboom
|turn|16
|
|t:|1779693855
|switch|p2a: Rillaboom|Rillaboom, M|100/100
|-damage|p2a: Rillaboom|88/100|[from] Stealth Rock
|move|p1a: Rillaboom|U-turn|p2a: Rillaboom
|-supereffective|p2a: Rillaboom
|-damage|p2a: Rillaboom|40/100
|
|t:|1779693857
|switch|p1a: Serperior|Serperior, F|100/100|[from] U-turn
|
|-heal|p2a: Rillaboom|46/100|[from] Grassy Terrain
|upkeep
|turn|17
|
|t:|1779693869
|move|p1a: Serperior|Leaf Storm|p2a: Rillaboom
|-resisted|p2a: Rillaboom
|-damage|p2a: Rillaboom|0 fnt
|-boost|p1a: Serperior|spa|2
|faint|p2a: Rillaboom
|
|upkeep
|
|t:|1779693878
|switch|p2a: Dragapult|Dragapult, F|60/100 psn
|-damage|p2a: Dragapult|48/100 psn|[from] Stealth Rock
|turn|18
|
|t:|1779693885
|move|p2a: Dragapult|Flamethrower|p1a: Serperior
|-supereffective|p1a: Serperior
|-damage|p1a: Serperior|0 fnt
|faint|p1a: Serperior
|
|-heal|p2a: Dragapult|53/100 psn|[from] Grassy Terrain
|-damage|p2a: Dragapult|41/100 psn|[from] psn
|upkeep
|
|t:|1779693887
|switch|p1a: Kyurem|Kyurem|100/100
|-ability|p1a: Kyurem|Pressure
|turn|19
|
|t:|1779693900
|switch|p2a: Ting-Lu|Ting-Lu|46/100
|-damage|p2a: Ting-Lu|40/100|[from] Stealth Rock
|-ability|p2a: Ting-Lu|Vessel of Ruin
|move|p1a: Kyurem|Dragon Dance|p1a: Kyurem
|-boost|p1a: Kyurem|atk|1
|-boost|p1a: Kyurem|spe|1
|
|-heal|p2a: Ting-Lu|46/100|[from] Grassy Terrain
|-heal|p2a: Ting-Lu|53/100|[from] item: Leftovers
|upkeep
|turn|20
|l|☆ms.ogerpon
|inactive|ms.ogerpon disconnected and has a minute to reconnect!
|player|p2|
|j|☆ms.ogerpon
|inactive|ms.ogerpon reconnected and has 110 seconds left.
|player|p2|ms.ogerpon|leaf-masters|
|inactive|ms.ogerpon has 90 seconds left.
|
|t:|1779693963
|-terastallize|p2a: Ting-Lu|Fairy
|move|p1a: Kyurem|Icicle Spear|p2a: Ting-Lu
|-damage|p2a: Ting-Lu|45/100
|-damage|p2a: Ting-Lu|37/100
|-damage|p2a: Ting-Lu|29/100
|-hitcount|p2a: Ting-Lu|3
|move|p2a: Ting-Lu|Whirlwind|p1a: Kyurem
|drag|p1a: Rillaboom|Rillaboom, M|100/100
|
|-heal|p2a: Ting-Lu|35/100|[from] Grassy Terrain
|-heal|p2a: Ting-Lu|42/100|[from] item: Leftovers
|upkeep
|turn|21
|inactive|ms.ogerpon has 90 seconds left.
|
|t:|1779693983
|move|p1a: Rillaboom|Knock Off|p2a: Ting-Lu
|-resisted|p2a: Ting-Lu
|-crit|p2a: Ting-Lu
|-damage|p2a: Ting-Lu|30/100
|-enditem|p2a: Ting-Lu|Leftovers|[from] move: Knock Off|[of] p1a: Rillaboom
|move|p2a: Ting-Lu|Ruination|p1a: Rillaboom
|-damage|p1a: Rillaboom|51/100
|
|-heal|p1a: Rillaboom|57/100|[from] Grassy Terrain
|-heal|p2a: Ting-Lu|36/100|[from] Grassy Terrain
|upkeep
|turn|22
|
|t:|1779693999
|move|p1a: Rillaboom|Grassy Glide|p2a: Ting-Lu
|-damage|p2a: Ting-Lu|18/100
|move|p2a: Ting-Lu|Ruination|p1a: Rillaboom
|-damage|p1a: Rillaboom|29/100
|
|-heal|p1a: Rillaboom|35/100|[from] Grassy Terrain
|-heal|p2a: Ting-Lu|25/100|[from] Grassy Terrain
|upkeep
|turn|23
|
|t:|1779694009
|move|p1a: Rillaboom|Taunt|p2a: Ting-Lu
|-start|p2a: Ting-Lu|move: Taunt
|move|p2a: Ting-Lu|Ruination|p1a: Rillaboom
|-damage|p1a: Rillaboom|18/100
|
|-heal|p1a: Rillaboom|24/100|[from] Grassy Terrain
|-heal|p2a: Ting-Lu|31/100|[from] Grassy Terrain
|-fieldend|move: Grassy Terrain
|upkeep
|turn|24
|inactive|ms.ogerpon has 90 seconds left.
|
|t:|1779694020
|move|p1a: Rillaboom|Grassy Glide|p2a: Ting-Lu
|-damage|p2a: Ting-Lu|17/100
|move|p2a: Ting-Lu|Earthquake|p1a: Rillaboom
|-resisted|p1a: Rillaboom
|-damage|p1a: Rillaboom|5/100
|
|upkeep
|turn|25
|inactive|ms.ogerpon has 90 seconds left.
|
|t:|1779694031
|move|p1a: Rillaboom|U-turn|p2a: Ting-Lu
|-resisted|p2a: Ting-Lu
|-damage|p2a: Ting-Lu|12/100
|
|t:|1779694033
|switch|p1a: Kyurem|Kyurem|100/100|[from] U-turn
|-ability|p1a: Kyurem|Pressure
|move|p2a: Ting-Lu|Earthquake|p1a: Kyurem
|-damage|p1a: Kyurem|69/100
|
|-heal|p1a: Kyurem|76/100|[from] item: Leftovers
|-end|p2a: Ting-Lu|move: Taunt
|upkeep
|turn|26
|
|t:|1779694046
|switch|p1a: Rillaboom|Rillaboom, M|5/100
|-fieldstart|move: Grassy Terrain|[from] ability: Grassy Surge|[of] p1a: Rillaboom
|move|p2a: Ting-Lu|Whirlwind|p1a: Rillaboom
|drag|p1a: Kyurem|Kyurem|76/100
|-ability|p1a: Kyurem|Pressure
|
|-heal|p1a: Kyurem|82/100|[from] Grassy Terrain
|-heal|p1a: Kyurem|88/100|[from] item: Leftovers
|-heal|p2a: Ting-Lu|18/100|[from] Grassy Terrain
|upkeep
|turn|27
|
|t:|1779694060
|move|p1a: Kyurem|Dragon Dance|p1a: Kyurem
|-boost|p1a: Kyurem|atk|1
|-boost|p1a: Kyurem|spe|1
|move|p2a: Ting-Lu|Earthquake|p1a: Kyurem
|-damage|p1a: Kyurem|74/100
|
|-heal|p1a: Kyurem|81/100|[from] Grassy Terrain
|-heal|p1a: Kyurem|87/100|[from] item: Leftovers
|-heal|p2a: Ting-Lu|24/100|[from] Grassy Terrain
|upkeep
|turn|28
|
|t:|1779694072
|move|p1a: Kyurem|Icicle Spear|p2a: Ting-Lu
|-damage|p2a: Ting-Lu|15/100
|-damage|p2a: Ting-Lu|7/100
|-damage|p2a: Ting-Lu|0 fnt
|faint|p2a: Ting-Lu
|-hitcount|p2: Ting-Lu|3
|
|-heal|p1a: Kyurem|93/100|[from] Grassy Terrain
|-heal|p1a: Kyurem|99/100|[from] item: Leftovers
|upkeep
|
|t:|1779694082
|switch|p2a: Primarina|Primarina, F|60/100
|-damage|p2a: Primarina|48/100|[from] Stealth Rock
|turn|29
|
|t:|1779694087
|move|p1a: Kyurem|Icicle Spear|p2a: Primarina
|-resisted|p2a: Primarina
|-damage|p2a: Primarina|38/100
|-resisted|p2a: Primarina
|-damage|p2a: Primarina|28/100
|-resisted|p2a: Primarina
|-damage|p2a: Primarina|19/100
|-hitcount|p2a: Primarina|3
|move|p2a: Primarina|Moonblast|p1a: Kyurem
|-supereffective|p1a: Kyurem
|-damage|p1a: Kyurem|16/100
|
|-heal|p1a: Kyurem|22/100|[from] Grassy Terrain
|-heal|p1a: Kyurem|28/100|[from] item: Leftovers
|-heal|p2a: Primarina|25/100|[from] Grassy Terrain
|upkeep
|turn|30
|
|t:|1779694102
|move|p1a: Kyurem|Icicle Spear|p2a: Primarina
|-resisted|p2a: Primarina
|-damage|p2a: Primarina|16/100
|-resisted|p2a: Primarina
|-damage|p2a: Primarina|7/100
|-resisted|p2a: Primarina
|-damage|p2a: Primarina|0 fnt
|faint|p2a: Primarina
|-hitcount|p2: Primarina|3
|
|-heal|p1a: Kyurem|34/100|[from] Grassy Terrain
|-heal|p1a: Kyurem|40/100|[from] item: Leftovers
|upkeep
|inactive|ms.ogerpon has 90 seconds left.
|
|t:|1779694113
|switch|p2a: Regieleki|Regieleki|100/100
|turn|31
|
|t:|1779694119
|move|p1a: Kyurem|Protect|p1a: Kyurem
|-singleturn|p1a: Kyurem|Protect
|move|p2a: Regieleki|Explosion|p1a: Kyurem
|-activate|p1a: Kyurem|move: Protect
|faint|p2a: Regieleki
|
|-heal|p1a: Kyurem|47/100|[from] Grassy Terrain
|-heal|p1a: Kyurem|53/100|[from] item: Leftovers
|upkeep
|inactive|ms.ogerpon has 90 seconds left.
|
|t:|1779694129
|switch|p2a: Dragapult|Dragapult, F|41/100 psn
|-damage|p2a: Dragapult|29/100 psn|[from] Stealth Rock
|turn|32
|inactive|ms.ogerpon has 90 seconds left.
|inactive|ms.ogerpon has 60 seconds left.
|l|☆ms.ogerpon
|inactive|ms.ogerpon disconnected and has a minute to reconnect!
|player|p2|
|inactive|ms.ogerpon has 30 seconds to reconnect!
|l|☆Liaoa
|inactive|Liaoa disconnected and has a minute to reconnect!
|player|p1|
|inactive|ms.ogerpon has 20 seconds to reconnect!
|inactive|ms.ogerpon has 15 seconds to reconnect!
|inactive|ms.ogerpon has 10 seconds to reconnect!
|inactive|ms.ogerpon has 5 seconds to reconnect!
|-message|ms.ogerpon lost due to inactivity.
|
|win|Liaoa
|raw|Liaoa's rating: 1468 &rarr; <strong>1484</strong><br />(+16 for winning)
|raw|ms.ogerpon's rating: 1406 &rarr; <strong>1390</strong><br />(-16 for losing)
|j|☆Liaoa
|player|p1|Liaoa|bellelba|
|l|☆Liaoa
|player|p1|
