|j|☆silky2smooth
|j|☆ancientatom1
|t:|1779576372
|gametype|singles
|player|p1|silky2smooth|steven|1416
|player|p2|ancientatom1|265|1493
|gen|9
|tier|[Gen 9] OU
|rated|
|rule|HP Percentage Mod: HP is shown in percentages
|rule|Endless Battle Clause: Forcing endless battles is banned
|rule|Species Clause: Limit one of each Pokémon
|rule|OHKO Clause: OHKO moves are banned
|rule|Evasion Items Clause: Evasion items are banned
|rule|Evasion Moves Clause: Evasion moves are banned
|rule|Evasion Abilities Clause: Evasion abilities are banned
|rule|Sleep Moves Clause: Sleep-inducing moves are banned
|clearpoke
|poke|p1|Torkoal, F|
|poke|p1|Walking Wake|
|poke|p1|Raging Bolt|
|poke|p1|Charizard, F|
|poke|p1|Skeledirge, M|
|poke|p1|Masquerain, M|
|poke|p2|Iron Moth|
|poke|p2|Gliscor, M|
|poke|p2|Hatterene, F|
|poke|p2|Ogerpon-Wellspring, F|
|poke|p2|Raging Bolt|
|poke|p2|Zamazenta-*|
|teampreview
|inactive|Battle timer is ON: inactive players will automatically lose when time's up. (requested by ancientatom1)
|inactive|ancientatom1 has 120 seconds left.
|inactive|silky2smooth has 120 seconds left.
|
|t:|1779576431
|teamsize|p1|6
|teamsize|p2|6
|start
|switch|p1a: Masquerain|Masquerain, M|100/100
|switch|p2a: Big Zam|Zamazenta|100/100
|-ability|p2a: Big Zam|Dauntless Shield|boost
|-boost|p2a: Big Zam|def|1
|-ability|p1a: Masquerain|Intimidate|boost
|-unboost|p2a: Big Zam|atk|1
|turn|1
|
|t:|1779576442
|switch|p2a: Spoofy|Hatterene, F|100/100
|move|p1a: Masquerain|Quiver Dance|p1a: Masquerain
|-boost|p1a: Masquerain|spa|1
|-boost|p1a: Masquerain|spd|1
|-boost|p1a: Masquerain|spe|1
|
|upkeep
|turn|2
|
|t:|1779576451
|move|p1a: Masquerain|Bug Buzz|p2a: Spoofy
|-damage|p2a: Spoofy|47/100
|move|p2a: Spoofy|Mystical Fire|p1a: Masquerain
|-supereffective|p1a: Masquerain
|-damage|p1a: Masquerain|60/100
|-unboost|p1a: Masquerain|spa|1
|
|-heal|p2a: Spoofy|53/100|[from] item: Leftovers
|upkeep
|turn|3
|
|t:|1779576461
|move|p1a: Masquerain|Hurricane|p2a: Spoofy|[miss]
|-miss|p1a: Masquerain|p2a: Spoofy
|move|p2a: Spoofy|Mystical Fire|p1a: Masquerain
|-supereffective|p1a: Masquerain
|-damage|p1a: Masquerain|17/100
|-unboost|p1a: Masquerain|spa|1
|
|-heal|p2a: Spoofy|59/100|[from] item: Leftovers
|upkeep
|turn|4
|
|t:|1779576474
|switch|p1a: Torkoal|Torkoal, F|100/100
|-weather|SunnyDay|[from] ability: Drought|[of] p1a: Torkoal
|move|p2a: Spoofy|Mystical Fire|p1a: Torkoal
|-resisted|p1a: Torkoal
|-damage|p1a: Torkoal|85/100
|-unboost|p1a: Torkoal|spa|1
|
|-weather|SunnyDay|[upkeep]
|-heal|p2a: Spoofy|65/100|[from] item: Leftovers
|upkeep
|turn|5
|inactive|silky2smooth has 120 seconds left.
|
|t:|1779576506
|switch|p1a: Masquerain|Masquerain, M|17/100
|-ability|p1a: Masquerain|Intimidate|boost
|-unboost|p2a: Spoofy|atk|1
|move|p2a: Spoofy|Mystical Fire|p1a: Masquerain
|-supereffective|p1a: Masquerain
|-damage|p1a: Masquerain|0 fnt
|faint|p1a: Masquerain
|
|-weather|SunnyDay|[upkeep]
|-heal|p2a: Spoofy|71/100|[from] item: Leftovers
|upkeep
|inactive|silky2smooth has 120 seconds left.
|
|t:|1779576519
|switch|p1a: Charizard|Charizard, F, shiny|100/100
|turn|6
|inactive|silky2smooth has 120 seconds left.
|
|t:|1779576532
|move|p1a: Charizard|Weather Ball|p2a: Spoofy
|-damage|p2a: Spoofy|0 fnt
|faint|p2a: Spoofy
|-damage|p1a: Charizard|91/100|[from] item: Life Orb
|
|-weather|SunnyDay|[upkeep]
|-damage|p1a: Charizard|78/100|[from] ability: Solar Power|[of] p1a: Charizard
|upkeep
|
|t:|1779576537
|switch|p2a: Sh*tOnThePresident|Iron Moth|100/100
|-enditem|p2a: Sh*tOnThePresident|Booster Energy
|-activate|p2a: Sh*tOnThePresident|ability: Quark Drive|[fromitem]
|-start|p2a: Sh*tOnThePresident|quarkdrivespe
|turn|7
|inactive|silky2smooth has 120 seconds left.
|
|t:|1779576560
|switch|p1a: Skeledirge|Skeledirge, M|100/100
|move|p2a: Sh*tOnThePresident|Fiery Dance|p1a: Skeledirge
|-resisted|p1a: Skeledirge
|-crit|p1a: Skeledirge
|-damage|p1a: Skeledirge|68/100
|
|-weather|SunnyDay|[upkeep]
|upkeep
|turn|8
|inactive|silky2smooth has 120 seconds left.
|inactive|ancientatom1 has 120 seconds left.
|
|t:|1779576599
|move|p2a: Sh*tOnThePresident|Toxic Spikes|p1a: Skeledirge
|-sidestart|p1: silky2smooth|move: Toxic Spikes
|move|p1a: Skeledirge|Torch Song|p2a: Sh*tOnThePresident
|-resisted|p2a: Sh*tOnThePresident
|-damage|p2a: Sh*tOnThePresident|79/100
|-boost|p1a: Skeledirge|spa|1
|
|-weather|SunnyDay|[upkeep]
|upkeep
|turn|9
|inactive|silky2smooth has 120 seconds left.
|
|t:|1779576606
|move|p1a: Skeledirge|Torch Song|p2a: Sh*tOnThePresident
|-resisted|p2a: Sh*tOnThePresident
|-damage|p2a: Sh*tOnThePresident|45/100
|-boost|p1a: Skeledirge|spa|1
|move|p2a: Sh*tOnThePresident|Whirlwind|p1a: Skeledirge
|drag|p1a: Walking Wake|Walking Wake|100/100
|-status|p1a: Walking Wake|psn
|-activate|p1a: Walking Wake|ability: Protosynthesis
|-start|p1a: Walking Wake|protosynthesisspe
|
|-weather|SunnyDay|[upkeep]
|-damage|p1a: Walking Wake|88/100 psn|[from] psn
|upkeep
|turn|10
|inactive|silky2smooth has 120 seconds left.
|
|t:|1779576636
|-end|p1a: Walking Wake|Protosynthesis|[silent]
|switch|p1a: Skeledirge|Skeledirge, M|68/100
|move|p2a: Sh*tOnThePresident|Sludge Wave|p1a: Skeledirge
|-resisted|p1a: Skeledirge
|-damage|p1a: Skeledirge|51/100
|
|-weather|SunnyDay|[upkeep]
|upkeep
|turn|11
|inactive|ancientatom1 has 120 seconds left.
|
|t:|1779576663
|move|p2a: Sh*tOnThePresident|Toxic Spikes|p1a: Skeledirge
|-sidestart|p1: silky2smooth|move: Toxic Spikes
|move|p1a: Skeledirge|Slack Off|p1a: Skeledirge
|-heal|p1a: Skeledirge|100/100
|
|-weather|none
|upkeep
|turn|12
|
|t:|1779576681
|move|p2a: Sh*tOnThePresident|Sludge Wave|p1a: Skeledirge
|-resisted|p1a: Skeledirge
|-damage|p1a: Skeledirge|84/100
|move|p1a: Skeledirge|Torch Song|p2a: Sh*tOnThePresident
|-resisted|p2a: Sh*tOnThePresident
|-damage|p2a: Sh*tOnThePresident|30/100
|-boost|p1a: Skeledirge|spa|1
|
|upkeep
|turn|13
|j| Heliophete
|
|t:|1779576689
|move|p1a: Skeledirge|Hex|p2a: Sh*tOnThePresident
|-damage|p2a: Sh*tOnThePresident|0 fnt
|faint|p2a: Sh*tOnThePresident
|-end|p2a: Sh*tOnThePresident|Quark Drive|[silent]
|
|upkeep
|
|t:|1779576693
|switch|p2a: Carbuncle8Itself|Ogerpon-Wellspring, F|100/100
|turn|14
|inactive|silky2smooth has 120 seconds left.
|
|t:|1779576707
|-terastallize|p1a: Skeledirge|Fairy
|move|p2a: Carbuncle8Itself|Ivy Cudgel|p1a: Skeledirge|[anim] Ivy Cudgel Water
|-damage|p1a: Skeledirge|27/100
|move|p1a: Skeledirge|Will-O-Wisp|p2a: Carbuncle8Itself
|-status|p2a: Carbuncle8Itself|brn
|
|-damage|p2a: Carbuncle8Itself|95/100 brn|[from] brn
|upkeep
|turn|15
|inactive|silky2smooth has 120 seconds left.
|
|t:|1779576718
|move|p2a: Carbuncle8Itself|Ivy Cudgel|p1a: Skeledirge|[anim] Ivy Cudgel Water
|-crit|p1a: Skeledirge
|-damage|p1a: Skeledirge|0 fnt
|faint|p1a: Skeledirge
|
|-damage|p2a: Carbuncle8Itself|89/100 brn|[from] brn
|upkeep
|inactive|silky2smooth has 120 seconds left.
|
|t:|1779576730
|switch|p1a: Torkoal|Torkoal, F|85/100
|-status|p1a: Torkoal|tox
|-weather|SunnyDay|[from] ability: Drought|[of] p1a: Torkoal
|turn|16
|c|☆ancientatom1|idk if crit mattered or not
|inactive|silky2smooth has 120 seconds left.
|
|t:|1779576738
|move|p2a: Carbuncle8Itself|Swords Dance|p2a: Carbuncle8Itself
|-boost|p2a: Carbuncle8Itself|atk|2
|move|p1a: Torkoal|Rapid Spin|p2a: Carbuncle8Itself
|-damage|p2a: Carbuncle8Itself|77/100 brn
|-boost|p1a: Torkoal|spe|1
|-sideend|p1: silky2smooth|Toxic Spikes|[from] move: Rapid Spin|[of] p1a: Torkoal
|
|-weather|SunnyDay|[upkeep]
|-damage|p1a: Torkoal|79/100 tox|[from] psn
|-damage|p2a: Carbuncle8Itself|71/100 brn|[from] brn
|upkeep
|turn|17
|inactive|silky2smooth has 120 seconds left.
|
|t:|1779576754
|switch|p1a: Raging Bolt|Raging Bolt|100/100
|-activate|p1a: Raging Bolt|ability: Protosynthesis
|-start|p1a: Raging Bolt|protosynthesisspa
|move|p2a: Carbuncle8Itself|Ivy Cudgel|p1a: Raging Bolt|[anim] Ivy Cudgel Water
|-resisted|p1a: Raging Bolt
|-damage|p1a: Raging Bolt|85/100
|
|-weather|SunnyDay|[upkeep]
|-heal|p1a: Raging Bolt|91/100|[from] item: Leftovers
|-damage|p2a: Carbuncle8Itself|65/100 brn|[from] brn
|upkeep
|turn|18
|inactive|silky2smooth has 120 seconds left.
|
|t:|1779576766
|move|p1a: Raging Bolt|Thunderclap||[still]
|-fail|p1a: Raging Bolt
|move|p2a: Carbuncle8Itself|Encore|p1a: Raging Bolt
|-start|p1a: Raging Bolt|Encore
|
|-weather|SunnyDay|[upkeep]
|-heal|p1a: Raging Bolt|97/100|[from] item: Leftovers
|-damage|p2a: Carbuncle8Itself|59/100 brn|[from] brn
|upkeep
|turn|19
|inactive|silky2smooth has 120 seconds left.
|
|t:|1779576774
|switch|p2a: ILuvSippinPiss|Gliscor, M|100/100
|move|p1a: Raging Bolt|Thunderclap||[still]
|-fail|p1a: Raging Bolt
|
|-weather|SunnyDay|[upkeep]
|-heal|p1a: Raging Bolt|100/100|[from] item: Leftovers
|-status|p2a: ILuvSippinPiss|tox|[from] item: Toxic Orb
|upkeep
|turn|20
|
|t:|1779576783
|-end|p1a: Raging Bolt|Protosynthesis|[silent]
|switch|p1a: Charizard|Charizard, F, shiny|78/100
|move|p2a: ILuvSippinPiss|Agility|p2a: ILuvSippinPiss
|-boost|p2a: ILuvSippinPiss|spe|2
|
|-weather|SunnyDay|[upkeep]
|-damage|p1a: Charizard|66/100|[from] ability: Solar Power|[of] p1a: Charizard
|upkeep
|turn|21
|inactive|silky2smooth has 120 seconds left.
|
|t:|1779576800
|-terastallize|p2a: ILuvSippinPiss|Normal
|move|p2a: ILuvSippinPiss|Facade|p1a: Charizard
|-damage|p1a: Charizard|0 fnt
|faint|p1a: Charizard
|
|-weather|SunnyDay|[upkeep]
|upkeep
|inactive|silky2smooth has 120 seconds left.
|
|t:|1779576810
|switch|p1a: Walking Wake|Walking Wake|88/100 psn
|-activate|p1a: Walking Wake|ability: Protosynthesis
|-start|p1a: Walking Wake|protosynthesisspe
|turn|22
|inactive|silky2smooth has 120 seconds left.
|
|t:|1779576821
|move|p1a: Walking Wake|Hydro Steam|p2a: ILuvSippinPiss
|-damage|p2a: ILuvSippinPiss|0 fnt
|faint|p2a: ILuvSippinPiss
|
|-weather|SunnyDay|[upkeep]
|-damage|p1a: Walking Wake|76/100 psn|[from] psn
|upkeep
|
|t:|1779576844
|switch|p2a: Carbuncle8Itself|Ogerpon-Wellspring, F|59/100 brn
|turn|23
|
|t:|1779576852
|-end|p1a: Walking Wake|Protosynthesis|[silent]
|switch|p1a: Raging Bolt|Raging Bolt|100/100
|-activate|p1a: Raging Bolt|ability: Protosynthesis
|-start|p1a: Raging Bolt|protosynthesisspa
|move|p2a: Carbuncle8Itself|Swords Dance|p2a: Carbuncle8Itself
|-boost|p2a: Carbuncle8Itself|atk|2
|
|-weather|none
|-end|p1a: Raging Bolt|Protosynthesis
|-damage|p2a: Carbuncle8Itself|53/100 brn|[from] brn
|upkeep
|turn|24
|
|t:|1779576866
|move|p2a: Carbuncle8Itself|Ivy Cudgel|p1a: Raging Bolt|[anim] Ivy Cudgel Water
|-resisted|p1a: Raging Bolt
|-damage|p1a: Raging Bolt|73/100
|move|p1a: Raging Bolt|Dragon Pulse|p2a: Carbuncle8Itself
|-damage|p2a: Carbuncle8Itself|0 fnt
|faint|p2a: Carbuncle8Itself
|
|-heal|p1a: Raging Bolt|79/100|[from] item: Leftovers
|upkeep
|
|t:|1779576878
|switch|p2a: Big Zam|Zamazenta|100/100
|turn|25
|
|t:|1779576886
|move|p2a: Big Zam|Light Screen|p2a: Big Zam
|-sidestart|p2: ancientatom1|move: Light Screen
|move|p1a: Raging Bolt|Thunderbolt|p2a: Big Zam
|-damage|p2a: Big Zam|79/100
|
|-heal|p1a: Raging Bolt|85/100|[from] item: Leftovers
|upkeep
|turn|26
|
|t:|1779576903
|-end|p1a: Raging Bolt|Protosynthesis|[silent]
|switch|p1a: Torkoal|Torkoal, F|79/100 tox
|-weather|SunnyDay|[from] ability: Drought|[of] p1a: Torkoal
|move|p2a: Big Zam|Close Combat|p1a: Torkoal
|-damage|p1a: Torkoal|40/100 tox
|-unboost|p2a: Big Zam|def|1
|-unboost|p2a: Big Zam|spd|1
|
|-weather|SunnyDay|[upkeep]
|-damage|p1a: Torkoal|34/100 tox|[from] psn
|upkeep
|turn|27
|
|t:|1779576914
|move|p2a: Big Zam|Close Combat|p1a: Torkoal
|-damage|p1a: Torkoal|0 fnt
|-unboost|p2a: Big Zam|def|1
|-unboost|p2a: Big Zam|spd|1
|faint|p1a: Torkoal
|
|-weather|SunnyDay|[upkeep]
|upkeep
|
|t:|1779576933
|switch|p1a: Raging Bolt|Raging Bolt|85/100
|-activate|p1a: Raging Bolt|ability: Protosynthesis
|-start|p1a: Raging Bolt|protosynthesisspa
|turn|28
|
|t:|1779576943
|move|p2a: Big Zam|Close Combat|p1a: Raging Bolt
|-damage|p1a: Raging Bolt|38/100
|-unboost|p2a: Big Zam|def|1
|-unboost|p2a: Big Zam|spd|1
|move|p1a: Raging Bolt|Thunderbolt|p2a: Big Zam
|-damage|p2a: Big Zam|7/100
|
|-weather|SunnyDay|[upkeep]
|-heal|p1a: Raging Bolt|44/100|[from] item: Leftovers
|upkeep
|turn|29
|
|t:|1779576959
|move|p1a: Raging Bolt|Thunderclap|p2a: Big Zam
|-damage|p2a: Big Zam|0 fnt
|faint|p2a: Big Zam
|
|-weather|SunnyDay|[upkeep]
|-heal|p1a: Raging Bolt|50/100|[from] item: Leftovers
|upkeep
|
|t:|1779576962
|switch|p2a: Mesophilioma|Raging Bolt|100/100
|-activate|p2a: Mesophilioma|ability: Protosynthesis
|-start|p2a: Mesophilioma|protosynthesisspa
|turn|30
|
|t:|1779576969
|move|p1a: Raging Bolt|Dragon Pulse|p2a: Mesophilioma
|-supereffective|p2a: Mesophilioma
|-damage|p2a: Mesophilioma|42/100
|move|p2a: Mesophilioma|Dragon Pulse|p1a: Raging Bolt
|-supereffective|p1a: Raging Bolt
|-damage|p1a: Raging Bolt|0 fnt
|faint|p1a: Raging Bolt
|-end|p1a: Raging Bolt|Protosynthesis|[silent]
|
|-weather|SunnyDay|[upkeep]
|upkeep
|
|t:|1779576977
|switch|p1a: Walking Wake|Walking Wake|76/100 psn
|-activate|p1a: Walking Wake|ability: Protosynthesis
|-start|p1a: Walking Wake|protosynthesisspe
|turn|31
|
|t:|1779577007
|move|p2a: Mesophilioma|Thunderclap|p1a: Walking Wake
|-damage|p1a: Walking Wake|8/100 psn
|move|p1a: Walking Wake|Dragon Pulse|p2a: Mesophilioma
|-supereffective|p2a: Mesophilioma
|-damage|p2a: Mesophilioma|0 fnt
|faint|p2a: Mesophilioma
|-end|p2a: Mesophilioma|Protosynthesis|[silent]
|
|win|silky2smooth
|raw|silky2smooth's rating: 1416 &rarr; <strong>1440</strong><br />(+24 for winning)
|raw|ancientatom1's rating: 1493 &rarr; <strong>1469</strong><br />(-24 for losing)
|l| Heliophete
|l|☆ancientatom1
|player|p2|
