|j|☆AmadanNaBrion
|j|☆keep ttar overused
|t:|1779557856
|gametype|singles
|player|p1|AmadanNaBrion|170|1396
|player|p2|keep ttar overused|2|1403
|gen|9
|tier|[Gen 9] OU
|rated|
|rule|HP Percentage Mod: HP is shown in percentages
|rule|Endless Battle Clause: Forcing endless battles is banned
|rule|Species Clause: Limit one of each Pokémon
|rule|OHKO Clause: OHKO moves are banned
|rule|Evasion Items Clause: Evasion items are banned
|rule|Evasion Moves Clause: Evasion moves are banned
|rule|Evasion Abilities Clause: Evasion abilities are banned
|rule|Sleep Moves Clause: Sleep-inducing moves are banned
|clearpoke
|poke|p1|Arcanine-Hisui, F|
|poke|p1|Ninetales, F|
|poke|p1|Leavanny, M|
|poke|p1|Great Tusk|
|poke|p1|Walking Wake|
|poke|p1|Hatterene, F|
|poke|p2|Dragapult, F|
|poke|p2|Samurott-Hisui, F|
|poke|p2|Tyranitar, F|
|poke|p2|Gholdengo|
|poke|p2|Enamorus, F|
|poke|p2|Corviknight, F|
|teampreview
|inactive|Battle timer is ON: inactive players will automatically lose when time's up. (requested by AmadanNaBrion)
|inactive|keep ttar overused also wants the timer to be on.
|
|t:|1779557886
|teamsize|p1|6
|teamsize|p2|6
|start
|switch|p1a: Great Tusk|Great Tusk|100/100
|switch|p2a: Dragapult|Dragapult, F|100/100
|turn|1
|
|t:|1779557901
|move|p2a: Dragapult|Will-O-Wisp|p1a: Great Tusk
|-status|p1a: Great Tusk|brn
|move|p1a: Great Tusk|Headlong Rush|p2a: Dragapult
|-damage|p2a: Dragapult|58/100
|-unboost|p1a: Great Tusk|def|1
|-unboost|p1a: Great Tusk|spd|1
|-enditem|p1a: Great Tusk|Eject Pack
|inactive|AmadanNaBrion has 120 seconds left.
|
|t:|1779557930
|-end|p1a: Great Tusk|Protosynthesis|[silent]
|switch|p1a: Leavanny|Leavanny, M|100/100
|
|upkeep
|turn|2
|
|t:|1779557936
|move|p2a: Dragapult|Dragon Darts|p1a: Leavanny
|-damage|p1a: Leavanny|70/100
|-anim|p2a: Dragapult|Dragon Darts|p1a: Leavanny
|-damage|p1a: Leavanny|40/100
|move|p1a: Leavanny|Sticky Web|p2a: Dragapult
|-sidestart|p2: keep ttar overused|move: Sticky Web
|
|upkeep
|turn|3
|
|t:|1779557950
|switch|p1a: Arcanine|Arcanine-Hisui, F, shiny|100/100
|move|p2a: Dragapult|Dragon Darts|p1a: Arcanine
|-damage|p1a: Arcanine|77/100
|-anim|p2a: Dragapult|Dragon Darts|p1a: Arcanine
|-damage|p1a: Arcanine|53/100
|
|upkeep
|turn|4
|
|t:|1779557959
|move|p2a: Dragapult|Dragon Darts|p1a: Arcanine
|-damage|p1a: Arcanine|29/100
|-anim|p2a: Dragapult|Dragon Darts|p1a: Arcanine
|-damage|p1a: Arcanine|2/100
|move|p1a: Arcanine|Flare Blitz|p2a: Dragapult
|-resisted|p2a: Dragapult
|-damage|p2a: Dragapult|0 fnt
|faint|p2a: Dragapult
|
|upkeep
|
|t:|1779557969
|switch|p2a: Enamorus|Enamorus, F|100/100
|turn|5
|
|t:|1779557978
|switch|p1a: Ninetales|Ninetales, F|100/100
|-weather|SunnyDay|[from] ability: Drought|[of] p1a: Ninetales
|move|p2a: Enamorus|Moonblast|p1a: Ninetales
|-resisted|p1a: Ninetales
|-damage|p1a: Ninetales|73/100
|-unboost|p1a: Ninetales|spa|1
|
|-weather|SunnyDay|[upkeep]
|upkeep
|turn|6
|
|t:|1779558008
|switch|p2a: Tyranitar|Tyranitar, F|100/100
|-weather|Sandstorm|[from] ability: Sand Stream|[of] p2a: Tyranitar
|switch|p1a: Leavanny|Leavanny, M|40/100
|
|-weather|Sandstorm|[upkeep]
|-damage|p1a: Leavanny|34/100|[from] Sandstorm
|upkeep
|turn|7
|
|t:|1779558021
|switch|p2a: Corviknight|Corviknight, F|100/100
|-ability|p2a: Corviknight|Pressure
|move|p1a: Leavanny|Low Kick|p2a: Corviknight
|-damage|p2a: Corviknight|87/100
|-damage|p1a: Leavanny|18/100|[from] item: Rocky Helmet|[of] p2a: Corviknight
|
|-weather|Sandstorm|[upkeep]
|-damage|p1a: Leavanny|11/100|[from] Sandstorm
|upkeep
|turn|8
|
|t:|1779558036
|switch|p1a: Ninetales|Ninetales, F|73/100
|-weather|SunnyDay|[from] ability: Drought|[of] p1a: Ninetales
|move|p2a: Corviknight|Brave Bird|p1a: Ninetales
|-damage|p1a: Ninetales|25/100
|-damage|p2a: Corviknight|73/100|[from] Recoil
|
|-weather|SunnyDay|[upkeep]
|upkeep
|turn|9
|
|t:|1779558045
|switch|p2a: Tyranitar|Tyranitar, F|100/100
|-weather|Sandstorm|[from] ability: Sand Stream|[of] p2a: Tyranitar
|move|p1a: Ninetales|Weather Ball|p2a: Tyranitar
|-damage|p2a: Tyranitar|89/100
|
|-weather|Sandstorm|[upkeep]
|-damage|p1a: Ninetales|19/100|[from] Sandstorm
|upkeep
|turn|10
|inactive|AmadanNaBrion has 120 seconds left.
|
|t:|1779558067
|move|p1a: Ninetales|Healing Wish|p1a: Ninetales
|faint|p1a: Ninetales
|move|p2a: Tyranitar|Stealth Rock|p1: Ninetales
|-sidestart|p1: AmadanNaBrion|move: Stealth Rock
|
|-weather|Sandstorm|[upkeep]
|upkeep
|
|t:|1779558071
|switch|p1a: Arcanine|Arcanine-Hisui, F, shiny|2/100
|-heal|p1a: Arcanine|100/100|[from] move: Healing Wish
|-damage|p1a: Arcanine|76/100|[from] Stealth Rock
|turn|11
|inactive|AmadanNaBrion has 120 seconds left.
|
|t:|1779558088
|move|p1a: Arcanine|Flare Blitz|p2a: Tyranitar
|-resisted|p2a: Tyranitar
|-damage|p2a: Tyranitar|54/100
|move|p2a: Tyranitar|Stone Edge|p1a: Arcanine
|-supereffective|p1a: Arcanine
|-damage|p1a: Arcanine|0 fnt
|faint|p1a: Arcanine
|
|-weather|Sandstorm|[upkeep]
|upkeep
|inactive|AmadanNaBrion has 120 seconds left.
|-message|AmadanNaBrion forfeited.
|
|win|keep ttar overused
|raw|AmadanNaBrion's rating: 1396 &rarr; <strong>1376</strong><br />(-20 for losing)
|raw|keep ttar overused's rating: 1403 &rarr; <strong>1423</strong><br />(+20 for winning)
|l|☆AmadanNaBrion
|player|p1|
|l|☆keep ttar overused
|player|p2|
