|j|☆iagoniane
|j|☆mid0na/vaaty
|t:|1779658680
|gametype|singles
|player|p1|iagoniane|265|1132
|player|p2|mid0na/vaaty|cynthia|1132
|gen|9
|tier|[Gen 9] OU
|rated|
|rule|HP Percentage Mod: HP is shown in percentages
|rule|Endless Battle Clause: Forcing endless battles is banned
|rule|Species Clause: Limit one of each Pokémon
|rule|OHKO Clause: OHKO moves are banned
|rule|Evasion Items Clause: Evasion items are banned
|rule|Evasion Moves Clause: Evasion moves are banned
|rule|Evasion Abilities Clause: Evasion abilities are banned
|rule|Sleep Moves Clause: Sleep-inducing moves are banned
|clearpoke
|poke|p1|Cramorant, F|
|poke|p1|Gallade, M|
|poke|p1|Kingambit, F|
|poke|p1|Ogerpon-Cornerstone, F|
|poke|p1|Iron Moth|
|poke|p1|Enamorus, F|
|poke|p2|Garchomp, M|
|poke|p2|Quaquaval, M|
|poke|p2|Moltres|
|poke|p2|Polteageist|
|poke|p2|Espeon, F|
|poke|p2|Scizor, F|
|teampreview
|inactive|Battle timer is ON: inactive players will automatically lose when time's up. (requested by mid0na/vaaty)
|
|t:|1779658692
|teamsize|p1|6
|teamsize|p2|6
|start
|switch|p1a: Cramorant|Cramorant, F, shiny|100/100
|switch|p2a: Espeon|Espeon, F, shiny|100/100
|turn|1
|
|t:|1779658702
|move|p2a: Espeon|Trick|p1a: Cramorant
|-activate|p2a: Espeon|move: Trick|[of] p1a: Cramorant
|-item|p1a: Cramorant|Black Sludge|[from] move: Trick
|-item|p2a: Espeon|Focus Sash|[from] move: Trick
|move|p1a: Cramorant|Tailwind|p1a: Cramorant
|-sidestart|p1: iagoniane|move: Tailwind
|
|-damage|p1a: Cramorant|88/100|[from] item: Black Sludge
|upkeep
|turn|2
|
|t:|1779658715
|switch|p1a: Enamorus|Enamorus, F|100/100
|move|p2a: Espeon|Wish|p2a: Espeon
|
|upkeep
|turn|3
|
|t:|1779658729
|move|p1a: Enamorus|Earth Power|p2a: Espeon
|-damage|p2a: Espeon|55/100
|move|p2a: Espeon|Psychic Noise|p1a: Enamorus
|-damage|p1a: Enamorus|41/100
|-start|p1a: Enamorus|move: Heal Block
|
|-heal|p2a: Espeon|100/100|[from] move: Wish|[wisher] Espeon
|upkeep
|turn|4
|
|t:|1779658740
|move|p1a: Enamorus|Moonblast|p2a: Espeon
|-damage|p2a: Espeon|31/100
|move|p2a: Espeon|Wish|p2a: Espeon
|
|-end|p1a: Enamorus|move: Heal Block
|-sideend|p1: iagoniane|move: Tailwind
|upkeep
|turn|5
|
|t:|1779658748
|move|p2a: Espeon|Protect|p2a: Espeon
|-singleturn|p2a: Espeon|Protect
|move|p1a: Enamorus|Moonblast|p2a: Espeon
|-activate|p2a: Espeon|move: Protect
|
|-heal|p2a: Espeon|81/100|[from] move: Wish|[wisher] Espeon
|upkeep
|turn|6
|
|t:|1779658764
|move|p2a: Espeon|Wish|p2a: Espeon
|move|p1a: Enamorus|Moonblast|p2a: Espeon
|-damage|p2a: Espeon|19/100
|
|upkeep
|turn|7
|
|t:|1779658771
|move|p2a: Espeon|Protect|p2a: Espeon
|-singleturn|p2a: Espeon|Protect
|move|p1a: Enamorus|Earth Power|p2a: Espeon
|-activate|p2a: Espeon|move: Protect
|
|-heal|p2a: Espeon|69/100|[from] move: Wish|[wisher] Espeon
|upkeep
|turn|8
|
|t:|1779658780
|move|p2a: Espeon|Psychic Noise|p1a: Enamorus
|-damage|p1a: Enamorus|0 fnt
|faint|p1a: Enamorus
|
|upkeep
|
|t:|1779658785
|switch|p1a: Cramorant|Cramorant, F, shiny|88/100
|turn|9
|
|t:|1779658789
|move|p2a: Espeon|Psychic Noise|p1a: Cramorant
|-damage|p1a: Cramorant|36/100
|-start|p1a: Cramorant|move: Heal Block
|move|p1a: Cramorant|Tailwind|p1a: Cramorant
|-sidestart|p1: iagoniane|move: Tailwind
|
|-damage|p1a: Cramorant|24/100|[from] item: Black Sludge
|upkeep
|turn|10
|
|t:|1779658805
|move|p1a: Cramorant|Surf|p2a: Espeon
|-formechange|p1a: Cramorant|Cramorant-Gorging|
|-damage|p2a: Espeon|21/100
|move|p2a: Espeon|Wish|p2a: Espeon
|
|-damage|p1a: Cramorant|12/100|[from] item: Black Sludge
|-end|p1a: Cramorant|move: Heal Block
|upkeep
|turn|11
|
|t:|1779658814
|move|p2a: Espeon|Protect|p2a: Espeon
|-singleturn|p2a: Espeon|Protect
|move|p1a: Cramorant|Surf|p2a: Espeon
|-activate|p2a: Espeon|move: Protect
|
|-heal|p2a: Espeon|71/100|[from] move: Wish|[wisher] Espeon
|-damage|p1a: Cramorant|0 fnt|[from] item: Black Sludge
|faint|p1a: Cramorant
|upkeep
|
|t:|1779658819
|switch|p1a: Ogerpon|Ogerpon-Cornerstone, F|100/100
|turn|12
|
|t:|1779658832
|move|p1a: Ogerpon|Swords Dance|p1a: Ogerpon
|-boost|p1a: Ogerpon|atk|2
|move|p2a: Espeon|Wish|p2a: Espeon
|
|-sideend|p1: iagoniane|move: Tailwind
|upkeep
|turn|13
|
|t:|1779658842
|move|p1a: Ogerpon|Swords Dance|p1a: Ogerpon
|-boost|p1a: Ogerpon|atk|2
|move|p2a: Espeon|Psychic Noise|p1a: Ogerpon
|-damage|p1a: Ogerpon|57/100
|-start|p1a: Ogerpon|move: Heal Block
|
|-heal|p2a: Espeon|100/100|[from] move: Wish|[wisher] Espeon
|upkeep
|turn|14
|
|t:|1779658858
|-terastallize|p1a: Ogerpon|Rock
|detailschange|p1a: Ogerpon|Ogerpon-Cornerstone-Tera, F, tera:Rock
|-ability|p1a: Ogerpon|Embody Aspect (Cornerstone)|boost
|-boost|p1a: Ogerpon|def|1
|move|p2a: Espeon|Wish|p2a: Espeon
|move|p1a: Ogerpon|Ivy Cudgel|p2a: Espeon|[anim] Ivy Cudgel Rock
|-enditem|p2a: Espeon|Focus Sash
|-damage|p2a: Espeon|1/100
|
|-end|p1a: Ogerpon|move: Heal Block
|upkeep
|turn|15
|
|t:|1779658871
|move|p2a: Espeon|Protect|p2a: Espeon
|-singleturn|p2a: Espeon|Protect
|move|p1a: Ogerpon|Swords Dance|p1a: Ogerpon
|-boost|p1a: Ogerpon|atk|2
|
|-heal|p2a: Espeon|51/100|[from] move: Wish|[wisher] Espeon
|upkeep
|turn|16
|
|t:|1779658880
|move|p2a: Espeon|Psychic Noise|p1a: Ogerpon
|-damage|p1a: Ogerpon|9/100
|-start|p1a: Ogerpon|move: Heal Block
|move|p1a: Ogerpon|Ivy Cudgel|p2a: Espeon|[anim] Ivy Cudgel Rock
|-crit|p2a: Espeon
|-damage|p2a: Espeon|0 fnt
|faint|p2a: Espeon
|
|upkeep
|
|t:|1779658890
|switch|p2a: Scizor|Scizor, F, shiny|100/100
|turn|17
|
|t:|1779658895
|move|p2a: Scizor|Bullet Punch|p1a: Ogerpon
|-supereffective|p1a: Ogerpon
|-damage|p1a: Ogerpon|0 fnt
|faint|p1a: Ogerpon
|detailschange|p1: Ogerpon|Ogerpon-Cornerstone, F|[silent]
|
|upkeep
|
|t:|1779658901
|switch|p1a: Iron Moth|Iron Moth|100/100
|-enditem|p1a: Iron Moth|Booster Energy
|-activate|p1a: Iron Moth|ability: Quark Drive|[fromitem]
|-start|p1a: Iron Moth|quarkdrivespe
|turn|18
|
|t:|1779658927
|switch|p2a: Moltres|Moltres, shiny|100/100
|move|p1a: Iron Moth|Fiery Dance|p2a: Moltres
|-resisted|p2a: Moltres
|-damage|p2a: Moltres|76/100
|
|-heal|p2a: Moltres|82/100|[from] item: Leftovers
|upkeep
|turn|19
|
|t:|1779658940
|move|p1a: Iron Moth|Sludge Wave|p2a: Moltres
|-damage|p2a: Moltres|20/100
|move|p2a: Moltres|Scorching Sands|p1a: Iron Moth
|-supereffective|p1a: Iron Moth
|-damage|p1a: Iron Moth|7/100
|
|-heal|p2a: Moltres|26/100|[from] item: Leftovers
|upkeep
|turn|20
|
|t:|1779658959
|move|p1a: Iron Moth|Sludge Wave|p2a: Moltres
|-damage|p2a: Moltres|0 fnt
|faint|p2a: Moltres
|
|upkeep
|
|t:|1779658965
|switch|p2a: Scizor|Scizor, F, shiny|100/100
|turn|21
|
|t:|1779658968
|move|p2a: Scizor|Bullet Punch|p1a: Iron Moth
|-resisted|p1a: Iron Moth
|-damage|p1a: Iron Moth|0 fnt
|faint|p1a: Iron Moth
|-end|p1a: Iron Moth|Quark Drive|[silent]
|
|upkeep
|
|t:|1779658971
|switch|p1a: Gallade|Gallade, M|100/100
|turn|22
|
|t:|1779658981
|switch|p2a: Polteageist|Polteageist, shiny|100/100
|move|p1a: Gallade|Sacred Sword|p2a: Polteageist
|-immune|p2a: Polteageist
|
|upkeep
|turn|23
|
|t:|1779658991
|move|p1a: Gallade|Psycho Cut|p2a: Polteageist
|-damage|p2a: Polteageist|4/100
|move|p2a: Polteageist|Will-O-Wisp|p1a: Gallade
|-status|p1a: Gallade|brn
|
|-damage|p1a: Gallade|94/100 brn|[from] brn
|upkeep
|turn|24
|
|t:|1779659003
|move|p1a: Gallade|Shadow Sneak|p2a: Polteageist
|-supereffective|p2a: Polteageist
|-damage|p2a: Polteageist|0 fnt
|faint|p2a: Polteageist
|
|-damage|p1a: Gallade|88/100 brn|[from] brn
|upkeep
|
|t:|1779659013
|switch|p2a: Scizor|Scizor, F, shiny|100/100
|turn|25
|
|t:|1779659018
|move|p1a: Gallade|Sacred Sword|p2a: Scizor
|-damage|p2a: Scizor|56/100
|move|p2a: Scizor|Knock Off|p1a: Gallade
|-damage|p1a: Gallade|21/100 brn
|-enditem|p1a: Gallade|Focus Sash|[from] move: Knock Off|[of] p2a: Scizor
|
|-damage|p1a: Gallade|15/100 brn|[from] brn
|upkeep
|turn|26
|
|t:|1779659028
|move|p2a: Scizor|Bullet Punch|p1a: Gallade
|-damage|p1a: Gallade|0 fnt
|faint|p1a: Gallade
|
|upkeep
|
|t:|1779659031
|switch|p1a: Kingambit|Kingambit, F|100/100
|-activate|p1a: Kingambit|ability: Supreme Overlord
|-start|p1a: Kingambit|fallen5|[silent]
|turn|27
|
|t:|1779659038
|move|p2a: Scizor|Knock Off|p1a: Kingambit
|-resisted|p1a: Kingambit
|-damage|p1a: Kingambit|86/100
|-enditem|p1a: Kingambit|Life Orb|[from] move: Knock Off|[of] p2a: Scizor
|move|p1a: Kingambit|Low Kick|p2a: Scizor
|-damage|p2a: Scizor|0 fnt
|faint|p2a: Scizor
|
|upkeep
|
|t:|1779659047
|switch|p2a: Quaquaval|Quaquaval, M, shiny|100/100
|turn|28
|
|t:|1779659056
|move|p2a: Quaquaval|Close Combat|p1a: Kingambit
|-supereffective|p1a: Kingambit
|-damage|p1a: Kingambit|0 fnt
|-unboost|p2a: Quaquaval|def|1
|-unboost|p2a: Quaquaval|spd|1
|faint|p1a: Kingambit
|-end|p1a: Kingambit|fallen5|[silent]
|
|win|mid0na/vaaty
|raw|iagoniane's rating: 1132 &rarr; <strong>1107</strong><br />(-25 for losing)
|raw|mid0na&#x2f;vaaty's rating: 1132 &rarr; <strong>1157</strong><br />(+25 for winning)
|l|☆iagoniane
|player|p1|
