|j|☆silver jay#2240
|j|☆Laughable
|t:|1779634797
|gametype|singles
|player|p1|silver jay#2240|grusha|1527
|player|p2|Laughable|tuber|1438
|gen|9
|tier|[Gen 9] OU
|rated|
|rule|HP Percentage Mod: HP is shown in percentages
|rule|Endless Battle Clause: Forcing endless battles is banned
|rule|Species Clause: Limit one of each Pokémon
|rule|OHKO Clause: OHKO moves are banned
|rule|Evasion Items Clause: Evasion items are banned
|rule|Evasion Moves Clause: Evasion moves are banned
|rule|Evasion Abilities Clause: Evasion abilities are banned
|rule|Sleep Moves Clause: Sleep-inducing moves are banned
|clearpoke
|poke|p1|Grafaiai, F|
|poke|p1|Landorus-Therian, M|
|poke|p1|Iron Valiant|
|poke|p1|Gholdengo|
|poke|p1|Ogerpon-Wellspring, F|
|poke|p1|Smeargle, F|
|poke|p2|Dragapult, F|
|poke|p2|Gliscor, F|
|poke|p2|Milotic, F|
|poke|p2|Skeledirge, F|
|poke|p2|Weezing-Galar, M|
|poke|p2|Mandibuzz, F|
|teampreview
|inactive|Battle timer is ON: inactive players will automatically lose when time's up. (requested by Laughable)
|
|t:|1779634818
|teamsize|p1|6
|teamsize|p2|6
|start
|switch|p1a: Grafaiai|Grafaiai, F, shiny|100/100
|switch|p2a: Dragapult|Dragapult, F|100/100
|turn|1
|
|t:|1779634826
|move|p1a: Grafaiai|Parting Shot|p2a: Dragapult
|-unboost|p2a: Dragapult|atk|1
|-unboost|p2a: Dragapult|spa|1
|
|t:|1779634834
|switch|p1a: Landorus|Landorus-Therian, M|100/100|[from] Parting Shot
|-ability|p1a: Landorus|Intimidate|boost
|-unboost|p2a: Dragapult|atk|1
|move|p2a: Dragapult|U-turn|p1a: Landorus
|-resisted|p1a: Landorus
|-damage|p1a: Landorus|96/100
|
|t:|1779634839
|switch|p2a: Gliscor|Gliscor, F|100/100|[from] U-turn
|
|-status|p2a: Gliscor|tox|[from] item: Toxic Orb
|upkeep
|turn|2
|
|t:|1779634850
|move|p1a: Landorus|Substitute|p1a: Landorus
|-start|p1a: Landorus|Substitute
|-damage|p1a: Landorus|71/100
|move|p2a: Gliscor|Toxic|p1a: Landorus|[miss]
|-miss|p2a: Gliscor|p1a: Landorus
|
|upkeep
|turn|3
|
|t:|1779634855
|switch|p2a: Mandibuzz|Mandibuzz, F|100/100
|move|p1a: Landorus|Swords Dance|p1a: Landorus
|-boost|p1a: Landorus|atk|2
|
|upkeep
|turn|4
|
|t:|1779634860
|move|p1a: Landorus|Swords Dance|p1a: Landorus
|-boost|p1a: Landorus|atk|2
|move|p2a: Mandibuzz|Iron Defense|p2a: Mandibuzz
|-boost|p2a: Mandibuzz|def|2
|
|upkeep
|turn|5
|
|t:|1779634865
|move|p1a: Landorus|Stone Edge|p2a: Mandibuzz|[miss]
|-miss|p1a: Landorus|p2a: Mandibuzz
|move|p2a: Mandibuzz|Iron Defense|p2a: Mandibuzz
|-boost|p2a: Mandibuzz|def|2
|
|upkeep
|turn|6
|
|t:|1779634867
|move|p1a: Landorus|Stone Edge|p2a: Mandibuzz|[miss]
|-miss|p1a: Landorus|p2a: Mandibuzz
|move|p2a: Mandibuzz|Iron Defense|p2a: Mandibuzz
|-boost|p2a: Mandibuzz|def|2
|
|upkeep
|turn|7
|
|t:|1779634870
|move|p1a: Landorus|Stone Edge|p2a: Mandibuzz|[miss]
|-miss|p1a: Landorus|p2a: Mandibuzz
|move|p2a: Mandibuzz|Foul Play|p1a: Landorus
|-end|p1a: Landorus|Substitute
|
|upkeep
|turn|8
|c|☆Laughable|eesh
|
|t:|1779634885
|switch|p1a: Smeargle|Smeargle, F|100/100
|move|p2a: Mandibuzz|Foul Play|p1a: Smeargle
|-damage|p1a: Smeargle|88/100
|
|upkeep
|turn|9
|
|t:|1779634891
|move|p1a: Smeargle|Imprison|p1a: Smeargle
|-start|p1a: Smeargle|move: Imprison
|move|p2a: Mandibuzz|Knock Off|p1a: Smeargle
|-crit|p1a: Smeargle
|-damage|p1a: Smeargle|0 fnt
|-enditem|p1a: Smeargle|Focus Sash|[from] move: Knock Off|[of] p2a: Mandibuzz
|faint|p1a: Smeargle
|
|upkeep
|
|t:|1779634906
|switch|p1a: Iron Valiant|Iron Valiant|100/100
|-enditem|p1a: Iron Valiant|Booster Energy
|-activate|p1a: Iron Valiant|ability: Quark Drive|[fromitem]
|-start|p1a: Iron Valiant|quarkdrivespe
|turn|10
|
|t:|1779634910
|switch|p2a: Weezing|Weezing-Galar, M|100/100
|-ability|p2a: Weezing|Neutralizing Gas
|move|p1a: Iron Valiant|Calm Mind|p1a: Iron Valiant
|-boost|p1a: Iron Valiant|spa|1
|-boost|p1a: Iron Valiant|spd|1
|
|upkeep
|turn|11
|
|t:|1779634915
|move|p1a: Iron Valiant|Shadow Ball|p2a: Weezing
|-damage|p2a: Weezing|48/100
|move|p2a: Weezing|Sludge Bomb|p1a: Iron Valiant
|-supereffective|p1a: Iron Valiant
|-damage|p1a: Iron Valiant|34/100
|
|-heal|p2a: Weezing|54/100|[from] item: Leftovers
|upkeep
|turn|12
|
|t:|1779634929
|move|p1a: Iron Valiant|Shadow Ball|p2a: Weezing
|-damage|p2a: Weezing|0 fnt
|faint|p2a: Weezing
|-end|p2a: Weezing|ability: Neutralizing Gas
|
|upkeep
|
|t:|1779634933
|switch|p2a: Milotic|Milotic, F, shiny|100/100
|turn|13
|
|t:|1779634937
|move|p1a: Iron Valiant|Thunderbolt|p2a: Milotic
|-supereffective|p2a: Milotic
|-damage|p2a: Milotic|53/100
|move|p2a: Milotic|Scald|p1a: Iron Valiant
|-crit|p1a: Iron Valiant
|-damage|p1a: Iron Valiant|0 fnt
|faint|p1a: Iron Valiant
|-end|p1a: Iron Valiant|Quark Drive|[silent]
|
|upkeep
|
|t:|1779634947
|switch|p1a: Ogerpon|Ogerpon-Wellspring, F|100/100
|turn|14
|
|t:|1779634950
|switch|p2a: Mandibuzz|Mandibuzz, F|100/100
|move|p1a: Ogerpon|U-turn|p2a: Mandibuzz
|-damage|p2a: Mandibuzz|85/100
|
|t:|1779634955
|switch|p1a: Gholdengo|Gholdengo|100/100|[from] U-turn
|
|upkeep
|turn|15
|inactive|silver jay#2240 has 120 seconds left.
|
|t:|1779634993
|switch|p2a: Skeledirge|Skeledirge, F|100/100
|move|p1a: Gholdengo|Nasty Plot|p1a: Gholdengo
|-boost|p1a: Gholdengo|spa|2
|
|upkeep
|turn|16
|inactive|silver jay#2240 has 120 seconds left.
|inactive|silver jay#2240 has 90 seconds left.
|
|t:|1779635043
|-terastallize|p2a: Skeledirge|Water
|move|p1a: Gholdengo|Shadow Ball|p2a: Skeledirge
|-damage|p2a: Skeledirge|67/100
|move|p2a: Skeledirge|Torch Song|p1a: Gholdengo
|-supereffective|p1a: Gholdengo
|-damage|p1a: Gholdengo|32/100
|-boost|p2a: Skeledirge|spa|1
|
|upkeep
|turn|17
|inactive|silver jay#2240 has 60 seconds left.
|
|t:|1779635073
|switch|p1a: Ogerpon|Ogerpon-Wellspring, F|100/100
|move|p2a: Skeledirge|Slack Off|p2a: Skeledirge
|-heal|p2a: Skeledirge|100/100
|
|upkeep
|turn|18
|inactive|silver jay#2240 has 60 seconds left.
|
|t:|1779635084
|move|p1a: Ogerpon|Horn Leech|p2a: Skeledirge
|-supereffective|p2a: Skeledirge
|-damage|p2a: Skeledirge|33/100
|move|p2a: Skeledirge|Will-O-Wisp|p1a: Ogerpon
|-status|p1a: Ogerpon|brn
|
|-damage|p1a: Ogerpon|95/100 brn|[from] brn
|upkeep
|turn|19
|
|t:|1779635092
|switch|p2a: Mandibuzz|Mandibuzz, F|85/100
|move|p1a: Ogerpon|Taunt|p2a: Mandibuzz
|-start|p2a: Mandibuzz|move: Taunt
|
|-damage|p1a: Ogerpon|89/100 brn|[from] brn
|upkeep
|turn|20
|
|t:|1779635096
|move|p1a: Ogerpon|U-turn|p2a: Mandibuzz
|-damage|p2a: Mandibuzz|77/100
|
|t:|1779635102
|switch|p1a: Landorus|Landorus-Therian, M|71/100|[from] U-turn
|-ability|p1a: Landorus|Intimidate|boost
|-unboost|p2a: Mandibuzz|atk|1
|move|p2a: Mandibuzz|Knock Off|p1a: Landorus
|-damage|p1a: Landorus|54/100
|-enditem|p1a: Landorus|Salac Berry|[from] move: Knock Off|[of] p2a: Mandibuzz
|
|upkeep
|turn|21
|
|t:|1779635110
|move|p1a: Landorus|Stone Edge|p2a: Mandibuzz|[miss]
|-miss|p1a: Landorus|p2a: Mandibuzz
|move|p2a: Mandibuzz|Foul Play|p1a: Landorus
|-damage|p1a: Landorus|0 fnt
|faint|p1a: Landorus
|
|-end|p2a: Mandibuzz|move: Taunt
|upkeep
|
|t:|1779635113
|switch|p1a: Gholdengo|Gholdengo|32/100
|turn|22
|inactive|silver jay#2240 has 90 seconds left.
|
|t:|1779635131
|switch|p2a: Gliscor|Gliscor, F|100/100 tox
|-terastallize|p1a: Gholdengo|Fairy
|move|p1a: Gholdengo|Nasty Plot|p1a: Gholdengo
|-boost|p1a: Gholdengo|spa|2
|
|upkeep
|turn|23
|
|t:|1779635138
|move|p1a: Gholdengo|Substitute|p1a: Gholdengo
|-start|p1a: Gholdengo|Substitute
|-damage|p1a: Gholdengo|7/100
|-enditem|p1a: Gholdengo|Salac Berry|[eat]
|-boost|p1a: Gholdengo|spe|1|[from] item: Salac Berry
|move|p2a: Gliscor|Earthquake|p1a: Gholdengo
|-end|p1a: Gholdengo|Substitute
|
|upkeep
|turn|24
|
|t:|1779635142
|move|p1a: Gholdengo|Dazzling Gleam|p2a: Gliscor
|-damage|p2a: Gliscor|26/100 tox
|move|p2a: Gliscor|Earthquake|p1a: Gholdengo
|-damage|p1a: Gholdengo|0 fnt
|faint|p1a: Gholdengo
|
|-heal|p2a: Gliscor|39/100 tox|[from] ability: Poison Heal
|upkeep
|
|t:|1779635144
|switch|p1a: Ogerpon|Ogerpon-Wellspring, F|89/100 brn
|turn|25
|
|t:|1779635153
|move|p2a: Gliscor|Protect|p2a: Gliscor
|-singleturn|p2a: Gliscor|Protect
|move|p1a: Ogerpon|Ivy Cudgel|p2a: Gliscor|[anim] Ivy Cudgel Water
|-activate|p2a: Gliscor|move: Protect
|
|-heal|p2a: Gliscor|51/100 tox|[from] ability: Poison Heal
|-damage|p1a: Ogerpon|83/100 brn|[from] brn
|upkeep
|turn|26
|-message|silver jay#2240 forfeited.
|
|win|Laughable
|raw|silver jay#2240's rating: 1527 &rarr; <strong>1502</strong><br />(-25 for losing)
|raw|Laughable's rating: 1438 &rarr; <strong>1463</strong><br />(+25 for winning)
|l|☆silver jay#2240
|player|p1|
|l|☆Laughable
|player|p2|
