|j|☆chrisnwobu
|j|☆EastSideConnection
|t:|1779660056
|gametype|singles
|player|p1|chrisnwobu|2|1529
|player|p2|EastSideConnection|2|1482
|gen|9
|tier|[Gen 9] OU
|rated|
|rule|HP Percentage Mod: HP is shown in percentages
|rule|Endless Battle Clause: Forcing endless battles is banned
|rule|Species Clause: Limit one of each Pokémon
|rule|OHKO Clause: OHKO moves are banned
|rule|Evasion Items Clause: Evasion items are banned
|rule|Evasion Moves Clause: Evasion moves are banned
|rule|Evasion Abilities Clause: Evasion abilities are banned
|rule|Sleep Moves Clause: Sleep-inducing moves are banned
|clearpoke
|poke|p1|Torkoal, F|
|poke|p1|Great Tusk|
|poke|p1|Walking Wake|
|poke|p1|Blaziken, F|
|poke|p1|Venusaur, F|
|poke|p1|Hatterene, F|
|poke|p2|Ninetales, F|
|poke|p2|Venusaur, M|
|poke|p2|Great Tusk|
|poke|p2|Cinderace, M|
|poke|p2|Walking Wake|
|poke|p2|Enamorus, F|
|teampreview
|inactive|Battle timer is ON: inactive players will automatically lose when time's up. (requested by EastSideConnection)
|
|t:|1779660066
|teamsize|p1|6
|teamsize|p2|6
|start
|switch|p1a: Blaziken|Blaziken, F|100/100
|switch|p2a: Smokey|Cinderace, M, shiny|100/100
|turn|1
|
|t:|1779660083
|move|p2a: Smokey|U-turn|p1a: Blaziken
|-start|p2a: Smokey|typechange|Bug|[from] ability: Libero
|-resisted|p1a: Blaziken
|-damage|p1a: Blaziken|81/100
|
|t:|1779660087
|switch|p2a: Walking Wake|Walking Wake|100/100|[from] U-turn
|move|p1a: Blaziken|Swords Dance|p1a: Blaziken
|-boost|p1a: Blaziken|atk|2
|
|-ability|p1a: Blaziken|Speed Boost|boost
|-boost|p1a: Blaziken|spe|1
|upkeep
|turn|2
|inactive|EastSideConnection has 120 seconds left.
|
|t:|1779660117
|move|p1a: Blaziken|Endure|p1a: Blaziken
|-singleturn|p1a: Blaziken|move: Endure
|move|p2a: Walking Wake|Hydro Steam|p1a: Blaziken
|-supereffective|p1a: Blaziken
|-activate|p1a: Blaziken|move: Endure
|-damage|p1a: Blaziken|1/100
|
|-ability|p1a: Blaziken|Speed Boost|boost
|-boost|p1a: Blaziken|spe|1
|upkeep
|turn|3
|inactive|EastSideConnection has 120 seconds left.
|
|t:|1779660136
|-end|p2a: Walking Wake|Protosynthesis|[silent]
|switch|p2a: Ninetales|Ninetales, F|100/100
|-weather|SunnyDay|[from] ability: Drought|[of] p2a: Ninetales
|-terastallize|p1a: Blaziken|Fighting
|move|p1a: Blaziken|Reversal|p2a: Ninetales
|-damage|p2a: Ninetales|0 fnt
|faint|p2a: Ninetales
|-heal|p1a: Blaziken|15/100|[from] item: Shell Bell|[of] p2: Ninetales
|
|-weather|SunnyDay|[upkeep]
|-ability|p1a: Blaziken|Speed Boost|boost
|-boost|p1a: Blaziken|spe|1
|upkeep
|
|t:|1779660144
|switch|p2a: Smokey|Cinderace, M, shiny|100/100
|turn|4
|
|t:|1779660149
|move|p1a: Blaziken|Upper Hand|p2a: Smokey
|-damage|p2a: Smokey|0 fnt
|faint|p2a: Smokey
|-heal|p1a: Blaziken|27/100|[from] item: Shell Bell|[of] p2: Smokey
|
|-weather|SunnyDay|[upkeep]
|-ability|p1a: Blaziken|Speed Boost|boost
|-boost|p1a: Blaziken|spe|1
|upkeep
|
|t:|1779660158
|switch|p2a: Great Tusk|Great Tusk|100/100
|-activate|p2a: Great Tusk|ability: Protosynthesis
|-start|p2a: Great Tusk|protosynthesisatk
|turn|5
|
|t:|1779660168
|move|p1a: Blaziken|Endure|p1a: Blaziken
|-singleturn|p1a: Blaziken|move: Endure
|move|p2a: Great Tusk|Rapid Spin|p1a: Blaziken
|-activate|p1a: Blaziken|move: Endure
|-damage|p1a: Blaziken|1/100
|-boost|p2a: Great Tusk|spe|1
|
|-weather|SunnyDay|[upkeep]
|-ability|p1a: Blaziken|Speed Boost|boost
|-boost|p1a: Blaziken|spe|1
|upkeep
|turn|6
|
|t:|1779660182
|-end|p2a: Great Tusk|Protosynthesis|[silent]
|switch|p2a: Walking Wake|Walking Wake|100/100
|-activate|p2a: Walking Wake|ability: Protosynthesis
|-start|p2a: Walking Wake|protosynthesisspe
|move|p1a: Blaziken|Reversal|p2a: Walking Wake
|-damage|p2a: Walking Wake|0 fnt
|faint|p2a: Walking Wake
|-end|p2a: Walking Wake|Protosynthesis|[silent]
|-heal|p1a: Blaziken|15/100|[from] item: Shell Bell|[of] p2: Walking Wake
|
|-weather|SunnyDay|[upkeep]
|-ability|p1a: Blaziken|Speed Boost|boost
|-boost|p1a: Blaziken|spe|1
|upkeep
|
|t:|1779660187
|switch|p2a: Great Tusk|Great Tusk|100/100
|-activate|p2a: Great Tusk|ability: Protosynthesis
|-start|p2a: Great Tusk|protosynthesisatk
|turn|7
|inactive|EastSideConnection has 120 seconds left.
|
|t:|1779660220
|-terastallize|p2a: Great Tusk|Poison
|move|p1a: Blaziken|Endure|p1a: Blaziken
|-singleturn|p1a: Blaziken|move: Endure
|move|p2a: Great Tusk|Rapid Spin|p1a: Blaziken
|-activate|p1a: Blaziken|move: Endure
|-damage|p1a: Blaziken|1/100
|-boost|p2a: Great Tusk|spe|1
|
|-weather|SunnyDay|[upkeep]
|upkeep
|turn|8
|inactive|EastSideConnection has 120 seconds left.
|
|t:|1779660229
|move|p1a: Blaziken|Reversal|p2a: Great Tusk
|-resisted|p2a: Great Tusk
|-damage|p2a: Great Tusk|0 fnt
|faint|p2a: Great Tusk
|-end|p2a: Great Tusk|Protosynthesis|[silent]
|-heal|p1a: Blaziken|16/100|[from] item: Shell Bell|[of] p2: Great Tusk
|
|-weather|SunnyDay|[upkeep]
|upkeep
|-message|EastSideConnection forfeited.
|
|win|chrisnwobu
|raw|chrisnwobu's rating: 1529 &rarr; <strong>1546</strong><br />(+17 for winning)
|raw|EastSideConnection's rating: 1482 &rarr; <strong>1465</strong><br />(-17 for losing)
|l|☆EastSideConnection
|player|p2|
