|j|☆Spikenard
|j|☆AmadanNaBrion
|t:|1779575947
|gametype|singles
|player|p1|Spikenard|erika|1430
|player|p2|AmadanNaBrion|266|1432
|gen|9
|tier|[Gen 9] OU
|rated|
|rule|HP Percentage Mod: HP is shown in percentages
|rule|Endless Battle Clause: Forcing endless battles is banned
|rule|Species Clause: Limit one of each Pokémon
|rule|OHKO Clause: OHKO moves are banned
|rule|Evasion Items Clause: Evasion items are banned
|rule|Evasion Moves Clause: Evasion moves are banned
|rule|Evasion Abilities Clause: Evasion abilities are banned
|rule|Sleep Moves Clause: Sleep-inducing moves are banned
|clearpoke
|poke|p1|Ambipom, M|
|poke|p1|Clefable, F|
|poke|p1|Decidueye-Hisui, M|
|poke|p1|Dusclops, M|
|poke|p1|Garchomp, F|
|poke|p1|Glimmora, F|
|poke|p2|Tyranitar, F|
|poke|p2|Arcanine-Hisui, M|
|poke|p2|Zapdos|
|poke|p2|Pecharunt|
|poke|p2|Great Tusk|
|poke|p2|Dragapult, F|
|teampreview
|inactive|Battle timer is ON: inactive players will automatically lose when time's up. (requested by Spikenard)
|
|t:|1779575980
|teamsize|p1|6
|teamsize|p2|6
|start
|switch|p1a: Glimmora|Glimmora, F|100/100
|switch|p2a: Great Tusk|Great Tusk|100/100
|turn|1
|
|t:|1779575991
|switch|p1a: Decidueye|Decidueye-Hisui, M|100/100
|move|p2a: Great Tusk|Headlong Rush|p1a: Decidueye
|-resisted|p1a: Decidueye
|-damage|p1a: Decidueye|75/100
|-unboost|p2a: Great Tusk|def|1
|-unboost|p2a: Great Tusk|spd|1
|
|upkeep
|turn|2
|
|t:|1779576003
|-end|p2a: Great Tusk|Protosynthesis|[silent]
|switch|p2a: Zapdos|Zapdos|100/100
|move|p1a: Decidueye|Knock Off|p2a: Zapdos
|-damage|p2a: Zapdos|83/100
|-enditem|p2a: Zapdos|Heavy-Duty Boots|[from] move: Knock Off|[of] p1a: Decidueye
|
|upkeep
|turn|3
|
|t:|1779576017
|switch|p1a: Glimmora|Glimmora, F|100/100
|move|p2a: Zapdos|Thunder Wave|p1a: Glimmora
|-status|p1a: Glimmora|par
|
|upkeep
|turn|4
|
|t:|1779576028
|move|p2a: Zapdos|Volt Switch|p1a: Glimmora
|-damage|p1a: Glimmora|63/100 par
|
|t:|1779576037
|switch|p2a: Great Tusk|Great Tusk|100/100|[from] Volt Switch
|move|p1a: Glimmora|Stealth Rock|p2a: Great Tusk
|-sidestart|p2: AmadanNaBrion|move: Stealth Rock
|
|upkeep
|turn|5
|
|t:|1779576054
|switch|p1a: Dusclops|Dusclops, M|100/100
|-ability|p1a: Dusclops|Pressure
|move|p2a: Great Tusk|Rapid Spin|p1a: Dusclops
|-immune|p1a: Dusclops
|
|upkeep
|turn|6
|
|t:|1779576065
|-end|p2a: Great Tusk|Protosynthesis|[silent]
|switch|p2a: Arcanine|Arcanine-Hisui, M, shiny|100/100
|-damage|p2a: Arcanine|76/100|[from] Stealth Rock
|move|p1a: Dusclops|Trick Room|p1a: Dusclops
|-fieldstart|move: Trick Room|[of] p1a: Dusclops
|
|upkeep
|turn|7
|
|t:|1779576080
|switch|p1a: Garchomp|Garchomp, F|100/100
|move|p2a: Arcanine|Head Smash|p1a: Garchomp
|-resisted|p1a: Garchomp
|-damage|p1a: Garchomp|65/100
|-damage|p2a: Arcanine|63/100|[from] ability: Rough Skin|[of] p1a: Garchomp
|-damage|p2a: Arcanine|47/100|[from] item: Rocky Helmet|[of] p1a: Garchomp
|
|upkeep
|turn|8
|
|t:|1779576091
|switch|p2a: Great Tusk|Great Tusk|100/100
|move|p1a: Garchomp|Spikes|p2a: Great Tusk
|-sidestart|p2: AmadanNaBrion|Spikes
|
|upkeep
|turn|9
|
|t:|1779576100
|switch|p1a: Dusclops|Dusclops, M|100/100
|-ability|p1a: Dusclops|Pressure
|move|p2a: Great Tusk|Rapid Spin|p1a: Dusclops
|-immune|p1a: Dusclops
|
|upkeep
|turn|10
|
|t:|1779576109
|-end|p2a: Great Tusk|Protosynthesis|[silent]
|switch|p2a: Tyranitar|Tyranitar, F|100/100
|-damage|p2a: Tyranitar|88/100|[from] Stealth Rock
|-damage|p2a: Tyranitar|76/100|[from] Spikes
|-weather|Sandstorm|[from] ability: Sand Stream|[of] p2a: Tyranitar
|move|p1a: Dusclops|Night Shade|p2a: Tyranitar
|-damage|p2a: Tyranitar|51/100
|
|-weather|Sandstorm|[upkeep]
|-damage|p1a: Dusclops|95/100|[from] Sandstorm
|-fieldend|move: Trick Room
|upkeep
|turn|11
|
|t:|1779576121
|switch|p1a: Decidueye|Decidueye-Hisui, M|75/100
|move|p2a: Tyranitar|Stealth Rock|p1a: Decidueye
|-sidestart|p1: Spikenard|move: Stealth Rock
|
|-weather|Sandstorm|[upkeep]
|-damage|p1a: Decidueye|69/100|[from] Sandstorm
|upkeep
|turn|12
|
|t:|1779576135
|switch|p2a: Zapdos|Zapdos|83/100
|-damage|p2a: Zapdos|58/100|[from] Stealth Rock
|move|p1a: Decidueye|Triple Arrows|p2a: Zapdos
|-resisted|p2a: Zapdos
|-crit|p2a: Zapdos
|-damage|p2a: Zapdos|40/100
|
|-weather|Sandstorm|[upkeep]
|-damage|p2a: Zapdos|34/100|[from] Sandstorm
|-damage|p1a: Decidueye|63/100|[from] Sandstorm
|upkeep
|turn|13
|
|t:|1779576147
|switch|p1a: Garchomp|Garchomp, F|65/100
|-damage|p1a: Garchomp|59/100|[from] Stealth Rock
|move|p2a: Zapdos|Roost|p2a: Zapdos
|-heal|p2a: Zapdos|84/100
|-singleturn|p2a: Zapdos|move: Roost
|
|-weather|Sandstorm|[upkeep]
|-damage|p2a: Zapdos|78/100|[from] Sandstorm
|upkeep
|turn|14
|
|t:|1779576156
|move|p1a: Garchomp|Spikes|p2a: Zapdos
|-sidestart|p2: AmadanNaBrion|Spikes
|move|p2a: Zapdos|Hurricane|p1a: Garchomp|[miss]
|-miss|p2a: Zapdos|p1a: Garchomp
|
|-weather|Sandstorm|[upkeep]
|-damage|p2a: Zapdos|72/100|[from] Sandstorm
|upkeep
|turn|15
|
|t:|1779576163
|switch|p1a: Dusclops|Dusclops, M|95/100
|-damage|p1a: Dusclops|82/100|[from] Stealth Rock
|-ability|p1a: Dusclops|Pressure
|move|p2a: Zapdos|Hurricane|p1a: Dusclops|[miss]
|-miss|p2a: Zapdos|p1a: Dusclops
|
|-weather|Sandstorm|[upkeep]
|-damage|p2a: Zapdos|66/100|[from] Sandstorm
|-damage|p1a: Dusclops|76/100|[from] Sandstorm
|upkeep
|turn|16
|
|t:|1779576177
|move|p2a: Zapdos|Thunder Wave|p1a: Dusclops
|-status|p1a: Dusclops|par
|move|p1a: Dusclops|Trick Room|p1a: Dusclops
|-fieldstart|move: Trick Room|[of] p1a: Dusclops
|
|-weather|Sandstorm|[upkeep]
|-damage|p1a: Dusclops|70/100 par|[from] Sandstorm
|-damage|p2a: Zapdos|60/100|[from] Sandstorm
|upkeep
|turn|17
|
|t:|1779576183
|move|p1a: Dusclops|Will-O-Wisp|p2a: Zapdos
|-status|p2a: Zapdos|brn
|move|p2a: Zapdos|Roost|p2a: Zapdos
|-heal|p2a: Zapdos|100/100 brn
|-singleturn|p2a: Zapdos|move: Roost
|
|-weather|none
|-damage|p2a: Zapdos|94/100 brn|[from] brn
|upkeep
|turn|18
|
|t:|1779576191
|move|p1a: Dusclops|Pain Split|p2a: Zapdos
|-sethp|p2a: Zapdos|73/100 brn|[from] move: Pain Split|[silent]
|-sethp|p1a: Dusclops|99/100 par|[from] move: Pain Split
|move|p2a: Zapdos|Hurricane|p1a: Dusclops|[miss]
|-miss|p2a: Zapdos|p1a: Dusclops
|
|-damage|p2a: Zapdos|67/100 brn|[from] brn
|upkeep
|turn|19
|
|t:|1779576199
|move|p1a: Dusclops|Night Shade|p2a: Zapdos
|-damage|p2a: Zapdos|41/100 brn
|move|p2a: Zapdos|Roost|p2a: Zapdos
|-heal|p2a: Zapdos|91/100 brn
|-singleturn|p2a: Zapdos|move: Roost
|
|-damage|p2a: Zapdos|85/100 brn|[from] brn
|upkeep
|turn|20
|
|t:|1779576207
|cant|p1a: Dusclops|par
|move|p2a: Zapdos|Volt Switch|p1a: Dusclops
|-damage|p1a: Dusclops|84/100 par
|
|t:|1779576228
|switch|p2a: Pecharunt|Pecharunt|100/100|[from] Volt Switch
|
|-fieldend|move: Trick Room
|upkeep
|turn|21
|
|t:|1779576235
|switch|p1a: Glimmora|Glimmora, F|63/100 par
|-damage|p1a: Glimmora|51/100 par|[from] Stealth Rock
|move|p2a: Pecharunt|Nasty Plot|p2a: Pecharunt
|-boost|p2a: Pecharunt|spa|2
|
|upkeep
|turn|22
|
|t:|1779576244
|move|p2a: Pecharunt|Shadow Ball|p1a: Glimmora
|-damage|p1a: Glimmora|0 fnt
|faint|p1a: Glimmora
|
|upkeep
|
|t:|1779576255
|switch|p1a: Garchomp|Garchomp, F|59/100
|-damage|p1a: Garchomp|53/100|[from] Stealth Rock
|turn|23
|
|t:|1779576265
|move|p2a: Pecharunt|Shadow Ball|p1a: Garchomp
|-damage|p1a: Garchomp|0 fnt
|faint|p1a: Garchomp
|
|upkeep
|
|t:|1779576267
|switch|p1a: Clefable|Clefable, F|100/100
|turn|24
|
|t:|1779576271
|-terastallize|p1a: Clefable|Poison
|move|p2a: Pecharunt|Malignant Chain|p1a: Clefable
|-resisted|p1a: Clefable
|-damage|p1a: Clefable|82/100
|move|p1a: Clefable|Calm Mind|p1a: Clefable
|-boost|p1a: Clefable|spa|1
|-boost|p1a: Clefable|spd|1
|
|upkeep
|turn|25
|
|t:|1779576299
|switch|p2a: Arcanine|Arcanine-Hisui, M, shiny|47/100
|-damage|p2a: Arcanine|22/100|[from] Stealth Rock
|-damage|p2a: Arcanine|5/100|[from] Spikes
|move|p1a: Clefable|Calm Mind|p1a: Clefable
|-boost|p1a: Clefable|spa|1
|-boost|p1a: Clefable|spd|1
|
|upkeep
|turn|26
|
|t:|1779576313
|switch|p1a: Decidueye|Decidueye-Hisui, M|63/100
|move|p2a: Arcanine|Head Smash|p1a: Decidueye
|-resisted|p1a: Decidueye
|-damage|p1a: Decidueye|21/100
|
|upkeep
|turn|27
|
|t:|1779576321
|move|p2a: Arcanine|Head Smash|p1a: Decidueye
|-resisted|p1a: Decidueye
|-damage|p1a: Decidueye|0 fnt
|faint|p1a: Decidueye
|
|upkeep
|
|t:|1779576323
|switch|p1a: Ambipom|Ambipom, M|100/100
|-damage|p1a: Ambipom|88/100|[from] Stealth Rock
|turn|28
|
|t:|1779576332
|switch|p2a: Tyranitar|Tyranitar, F|51/100
|-damage|p2a: Tyranitar|39/100|[from] Stealth Rock
|-damage|p2a: Tyranitar|22/100|[from] Spikes
|-weather|Sandstorm|[from] ability: Sand Stream|[of] p2a: Tyranitar
|move|p1a: Ambipom|Knock Off|p2a: Tyranitar
|-resisted|p2a: Tyranitar
|-damage|p2a: Tyranitar|12/100
|-enditem|p2a: Tyranitar|Smooth Rock|[from] move: Knock Off|[of] p1a: Ambipom
|
|-weather|Sandstorm|[upkeep]
|-damage|p1a: Ambipom|82/100|[from] Sandstorm
|upkeep
|turn|29
|
|t:|1779576345
|move|p1a: Ambipom|Double Hit|p2a: Tyranitar
|-resisted|p2a: Tyranitar
|-damage|p2a: Tyranitar|2/100
|-resisted|p2a: Tyranitar
|-damage|p2a: Tyranitar|0 fnt
|faint|p2a: Tyranitar
|-hitcount|p2: Tyranitar|2
|
|-weather|Sandstorm|[upkeep]
|-damage|p1a: Ambipom|76/100|[from] Sandstorm
|upkeep
|
|t:|1779576362
|switch|p2a: Great Tusk|Great Tusk|100/100
|turn|30
|
|t:|1779576374
|-end|p2a: Great Tusk|Protosynthesis|[silent]
|switch|p2a: Dragapult|Dragapult, F|100/100
|move|p1a: Ambipom|U-turn|p2a: Dragapult
|-resisted|p2a: Dragapult
|-damage|p2a: Dragapult|87/100
|
|t:|1779576378
|switch|p1a: Clefable|Clefable, F, tera:Poison|82/100|[from] U-turn
|
|-weather|Sandstorm|[upkeep]
|-damage|p2a: Dragapult|81/100|[from] Sandstorm
|-damage|p1a: Clefable|76/100|[from] Sandstorm
|upkeep
|turn|31
|
|t:|1779576390
|move|p2a: Dragapult|U-turn|p1a: Clefable
|-resisted|p1a: Clefable
|-damage|p1a: Clefable|69/100
|
|t:|1779576405
|switch|p2a: Great Tusk|Great Tusk|100/100|[from] U-turn
|move|p1a: Clefable|Thunder Wave|p2a: Great Tusk
|-immune|p2a: Great Tusk
|
|-weather|Sandstorm|[upkeep]
|-damage|p1a: Clefable|63/100|[from] Sandstorm
|upkeep
|turn|32
|
|t:|1779576417
|switch|p1a: Ambipom|Ambipom, M|76/100
|-damage|p1a: Ambipom|63/100|[from] Stealth Rock
|move|p2a: Great Tusk|Headlong Rush|p1a: Ambipom
|-damage|p1a: Ambipom|0 fnt
|-unboost|p2a: Great Tusk|def|1
|-unboost|p2a: Great Tusk|spd|1
|faint|p1a: Ambipom
|
|-weather|Sandstorm|[upkeep]
|upkeep
|
|t:|1779576423
|switch|p1a: Dusclops|Dusclops, M|84/100 par
|-damage|p1a: Dusclops|72/100 par|[from] Stealth Rock
|-ability|p1a: Dusclops|Pressure
|turn|33
|
|t:|1779576436
|-end|p2a: Great Tusk|Protosynthesis|[silent]
|switch|p2a: Zapdos|Zapdos|85/100 brn
|-damage|p2a: Zapdos|61/100 brn|[from] Stealth Rock
|move|p1a: Dusclops|Trick Room|p1a: Dusclops
|-fieldstart|move: Trick Room|[of] p1a: Dusclops
|
|-weather|Sandstorm|[upkeep]
|-damage|p1a: Dusclops|66/100 par|[from] Sandstorm
|-damage|p2a: Zapdos|55/100 brn|[from] Sandstorm
|-damage|p2a: Zapdos|49/100 brn|[from] brn
|upkeep
|turn|34
|
|t:|1779576444
|move|p1a: Dusclops|Night Shade|p2a: Zapdos
|-damage|p2a: Zapdos|22/100 brn
|move|p2a: Zapdos|Roost|p2a: Zapdos
|-heal|p2a: Zapdos|73/100 brn
|-singleturn|p2a: Zapdos|move: Roost
|
|-weather|Sandstorm|[upkeep]
|-damage|p1a: Dusclops|60/100 par|[from] Sandstorm
|-damage|p2a: Zapdos|67/100 brn|[from] Sandstorm
|-damage|p2a: Zapdos|61/100 brn|[from] brn
|upkeep
|turn|35
|
|t:|1779576454
|move|p1a: Dusclops|Night Shade|p2a: Zapdos
|-damage|p2a: Zapdos|34/100 brn
|move|p2a: Zapdos|Roost|p2a: Zapdos
|-heal|p2a: Zapdos|85/100 brn
|-singleturn|p2a: Zapdos|move: Roost
|
|-weather|none
|-damage|p2a: Zapdos|79/100 brn|[from] brn
|upkeep
|turn|36
|
|t:|1779576469
|move|p1a: Dusclops|Pain Split|p2a: Zapdos
|-sethp|p2a: Zapdos|61/100 brn|[from] move: Pain Split|[silent]
|-sethp|p1a: Dusclops|83/100 par|[from] move: Pain Split
|move|p2a: Zapdos|Hurricane|p1a: Dusclops
|-damage|p1a: Dusclops|60/100 par
|-start|p1a: Dusclops|confusion
|
|-damage|p2a: Zapdos|55/100 brn|[from] brn
|upkeep
|turn|37
|
|t:|1779576482
|-activate|p1a: Dusclops|confusion
|move|p1a: Dusclops|Night Shade|p2a: Zapdos
|-damage|p2a: Zapdos|29/100 brn
|move|p2a: Zapdos|Roost|p2a: Zapdos
|-heal|p2a: Zapdos|79/100 brn
|-singleturn|p2a: Zapdos|move: Roost
|
|-damage|p2a: Zapdos|73/100 brn|[from] brn
|-fieldend|move: Trick Room
|upkeep
|turn|38
|
|t:|1779576491
|move|p2a: Zapdos|Hurricane|p1a: Dusclops
|-damage|p1a: Dusclops|36/100 par
|-end|p1a: Dusclops|confusion
|cant|p1a: Dusclops|par
|
|-damage|p2a: Zapdos|67/100 brn|[from] brn
|upkeep
|turn|39
|
|t:|1779576504
|move|p2a: Zapdos|Hurricane|p1a: Dusclops
|-crit|p1a: Dusclops
|-damage|p1a: Dusclops|2/100 par
|move|p1a: Dusclops|Trick Room|p1a: Dusclops
|-fieldstart|move: Trick Room|[of] p1a: Dusclops
|
|-damage|p2a: Zapdos|61/100 brn|[from] brn
|upkeep
|turn|40
|
|t:|1779576510
|switch|p2a: Arcanine|Arcanine-Hisui, M, shiny|5/100
|-damage|p2a: Arcanine|0 fnt|[from] Stealth Rock
|faint|p2a: Arcanine
|move|p1a: Dusclops|Pain Split|p2: Arcanine|[notarget]
|-fail|p1a: Dusclops
|
|upkeep
|inactive|AmadanNaBrion has 120 seconds left.
|
|t:|1779576548
|switch|p2a: Dragapult|Dragapult, F|81/100
|turn|41
|
|t:|1779576553
|move|p1a: Dusclops|Pain Split|p2a: Dragapult
|-sethp|p2a: Dragapult|41/100|[from] move: Pain Split|[silent]
|-sethp|p1a: Dusclops|46/100 par|[from] move: Pain Split
|move|p2a: Dragapult|Hex|p1a: Dusclops
|-supereffective|p1a: Dusclops
|-damage|p1a: Dusclops|0 fnt
|faint|p1a: Dusclops
|
|upkeep
|
|t:|1779576559
|switch|p1a: Clefable|Clefable, F, tera:Poison|63/100
|turn|42
|
|t:|1779576568
|move|p1a: Clefable|Moonlight|p1a: Clefable
|-heal|p1a: Clefable|100/100
|move|p2a: Dragapult|Dragon Darts|p1a: Clefable
|-damage|p1a: Clefable|86/100
|-anim|p2a: Dragapult|Dragon Darts|p1a: Clefable
|-crit|p1a: Clefable
|-damage|p1a: Clefable|61/100
|
|upkeep
|turn|43
|
|t:|1779576579
|move|p1a: Clefable|Moonblast|p2a: Dragapult
|-supereffective|p2a: Dragapult
|-damage|p2a: Dragapult|0 fnt
|faint|p2a: Dragapult
|
|-fieldend|move: Trick Room
|upkeep
|
|t:|1779576584
|switch|p2a: Great Tusk|Great Tusk|100/100
|turn|44
|-message|Spikenard forfeited.
|
|win|AmadanNaBrion
|raw|Spikenard's rating: 1430 &rarr; <strong>1410</strong><br />(-20 for losing)
|raw|AmadanNaBrion's rating: 1432 &rarr; <strong>1452</strong><br />(+20 for winning)
|l|☆Spikenard
|player|p1|
|l|☆AmadanNaBrion
|player|p2|
