|j|☆SlimyTime
|j|☆crimson night raid
|t:|1779573648
|gametype|singles
|player|p1|SlimyTime|ltsurge|1701
|player|p2|crimson night raid|unknownf|1723
|gen|9
|tier|[Gen 9] OU
|rated|
|rule|HP Percentage Mod: HP is shown in percentages
|rule|Endless Battle Clause: Forcing endless battles is banned
|rule|Species Clause: Limit one of each Pokémon
|rule|OHKO Clause: OHKO moves are banned
|rule|Evasion Items Clause: Evasion items are banned
|rule|Evasion Moves Clause: Evasion moves are banned
|rule|Evasion Abilities Clause: Evasion abilities are banned
|rule|Sleep Moves Clause: Sleep-inducing moves are banned
|clearpoke
|poke|p1|Dragapult, M|
|poke|p1|Zamazenta-*|
|poke|p1|Darkrai|
|poke|p1|Iron Crown|
|poke|p1|Iron Treads|
|poke|p1|Landorus-Therian, M|
|poke|p2|Hydrapple, F|
|poke|p2|Moltres|
|poke|p2|Gholdengo|
|poke|p2|Ting-Lu|
|poke|p2|Zamazenta-*|
|poke|p2|Clefable, F|
|teampreview
|inactive|Battle timer is ON: inactive players will automatically lose when time's up. (requested by crimson night raid)
|inactive|crimson night raid has 120 seconds left.
|
|t:|1779573707
|teamsize|p1|6
|teamsize|p2|6
|start
|switch|p1a: Landorus|Landorus-Therian, M|100/100
|switch|p2a: Moltres|Moltres|100/100
|-ability|p1a: Landorus|Intimidate|boost
|-unboost|p2a: Moltres|atk|1
|turn|1
|
|t:|1779573725
|move|p1a: Landorus|Substitute|p1a: Landorus
|-start|p1a: Landorus|Substitute
|-damage|p1a: Landorus|76/100
|move|p2a: Moltres|Will-O-Wisp||[still]
|-fail|p2a: Moltres
|
|-heal|p1a: Landorus|82/100|[from] item: Leftovers
|upkeep
|turn|2
|
|t:|1779573729
|move|p1a: Landorus|Swords Dance|p1a: Landorus
|-boost|p1a: Landorus|atk|2
|move|p2a: Moltres|Roar|p1a: Landorus
|drag|p1a: Zamazenta|Zamazenta|100/100
|-ability|p1a: Zamazenta|Dauntless Shield|boost
|-boost|p1a: Zamazenta|def|1
|
|upkeep
|turn|3
|
|t:|1779573741
|switch|p2a: Hydrapple|Hydrapple, F|100/100
|move|p1a: Zamazenta|Light Screen|p1a: Zamazenta
|-sidestart|p1: SlimyTime|move: Light Screen
|
|upkeep
|turn|4
|
|t:|1779573748
|switch|p1a: Darkrai|Darkrai|100/100
|move|p2a: Hydrapple|Nasty Plot|p2a: Hydrapple
|-boost|p2a: Hydrapple|spa|2
|
|upkeep
|turn|5
|
|t:|1779573760
|switch|p2a: Zamazenta|Zamazenta|100/100
|-ability|p2a: Zamazenta|Dauntless Shield|boost
|-boost|p2a: Zamazenta|def|1
|move|p1a: Darkrai|Ice Beam|p2a: Zamazenta
|-damage|p2a: Zamazenta|73/100
|
|upkeep
|turn|6
|
|t:|1779573772
|switch|p2a: Ting-Lu|Ting-Lu|100/100
|-ability|p2a: Ting-Lu|Vessel of Ruin
|switch|p1a: Landorus|Landorus-Therian, M|82/100
|-ability|p1a: Landorus|Intimidate|boost
|-unboost|p2a: Ting-Lu|atk|1
|
|-heal|p1a: Landorus|88/100|[from] item: Leftovers
|upkeep
|turn|7
|
|t:|1779573782
|move|p1a: Landorus|Earthquake|p2a: Ting-Lu
|-damage|p2a: Ting-Lu|69/100
|move|p2a: Ting-Lu|Spikes|p1a: Landorus
|-sidestart|p1: SlimyTime|Spikes
|
|-heal|p1a: Landorus|94/100|[from] item: Leftovers
|-heal|p2a: Ting-Lu|75/100|[from] item: Leftovers
|upkeep
|turn|8
|j| Inothtunothtino
|
|t:|1779573788
|move|p1a: Landorus|Earthquake|p2a: Ting-Lu
|-damage|p2a: Ting-Lu|43/100
|move|p2a: Ting-Lu|Spikes|p1a: Landorus
|-sidestart|p1: SlimyTime|Spikes
|
|-heal|p1a: Landorus|99/100|[from] item: Leftovers
|-heal|p2a: Ting-Lu|49/100|[from] item: Leftovers
|upkeep
|turn|9
|
|t:|1779573795
|switch|p2a: Hydrapple|Hydrapple, F|100/100
|move|p1a: Landorus|Earthquake|p2a: Hydrapple
|-resisted|p2a: Hydrapple
|-damage|p2a: Hydrapple|84/100
|
|-heal|p1a: Landorus|100/100|[from] item: Leftovers
|upkeep
|turn|10
|
|t:|1779573799
|switch|p1a: Darkrai|Darkrai|100/100
|-damage|p1a: Darkrai|84/100|[from] Spikes
|move|p2a: Hydrapple|Nasty Plot|p2a: Hydrapple
|-boost|p2a: Hydrapple|spa|2
|
|-heal|p1a: Darkrai|90/100|[from] item: Leftovers
|-sideend|p1: SlimyTime|move: Light Screen
|upkeep
|turn|11
|j| nelsoNJ
|
|t:|1779573825
|-terastallize|p2a: Hydrapple|Poison
|move|p1a: Darkrai|Ice Beam|p2a: Hydrapple
|-damage|p2a: Hydrapple|57/100
|move|p2a: Hydrapple|Fickle Beam|p1a: Darkrai
|-damage|p1a: Darkrai|17/100
|
|-heal|p1a: Darkrai|24/100|[from] item: Leftovers
|upkeep
|turn|12
|
|t:|1779573833
|switch|p1a: Iron Treads|Iron Treads|100/100
|-damage|p1a: Iron Treads|84/100|[from] Spikes
|-enditem|p1a: Iron Treads|Booster Energy
|-activate|p1a: Iron Treads|ability: Quark Drive|[fromitem]
|-start|p1a: Iron Treads|quarkdrivespe
|move|p2a: Hydrapple|Giga Drain|p1a: Iron Treads
|-damage|p1a: Iron Treads|0 fnt
|-heal|p2a: Hydrapple|89/100|[from] drain|[of] p1a: Iron Treads
|faint|p1a: Iron Treads
|-end|p1a: Iron Treads|Quark Drive|[silent]
|
|upkeep
|
|t:|1779573837
|switch|p1a: Landorus|Landorus-Therian, M|100/100
|-ability|p1a: Landorus|Intimidate|boost
|-unboost|p2a: Hydrapple|atk|1
|turn|13
|
|t:|1779573845
|move|p1a: Landorus|Substitute|p1a: Landorus
|-start|p1a: Landorus|Substitute
|-damage|p1a: Landorus|76/100
|move|p2a: Hydrapple|Giga Drain|p1a: Landorus
|-end|p1a: Landorus|Substitute
|-heal|p2a: Hydrapple|99/100|[from] drain|[of] p1a: Landorus
|
|-heal|p1a: Landorus|82/100|[from] item: Leftovers
|upkeep
|turn|14
|
|t:|1779573852
|move|p1a: Landorus|Earthquake|p2a: Hydrapple
|-supereffective|p2a: Hydrapple
|-damage|p2a: Hydrapple|33/100
|move|p2a: Hydrapple|Fickle Beam|p1a: Landorus
|-damage|p1a: Landorus|5/100
|
|-heal|p1a: Landorus|11/100|[from] item: Leftovers
|upkeep
|turn|15
|
|t:|1779573861
|switch|p2a: Moltres|Moltres|100/100
|move|p1a: Landorus|Earthquake|p2a: Moltres
|-immune|p2a: Moltres
|
|-heal|p1a: Landorus|16/100|[from] item: Leftovers
|upkeep
|turn|16
|
|t:|1779573865
|switch|p2a: Zamazenta|Zamazenta|73/100
|move|p1a: Landorus|Smack Down|p2a: Zamazenta
|-resisted|p2a: Zamazenta
|-damage|p2a: Zamazenta|65/100
|
|-heal|p1a: Landorus|22/100|[from] item: Leftovers
|upkeep
|turn|17
|
|t:|1779573872
|move|p2a: Zamazenta|Crunch|p1a: Landorus
|-damage|p1a: Landorus|0 fnt
|faint|p1a: Landorus
|
|upkeep
|
|t:|1779573877
|switch|p1a: Zamazenta|Zamazenta|100/100
|-damage|p1a: Zamazenta|84/100|[from] Spikes
|turn|18
|
|t:|1779573881
|switch|p2a: Moltres|Moltres|100/100
|move|p1a: Zamazenta|Light Screen|p1a: Zamazenta
|-sidestart|p1: SlimyTime|move: Light Screen
|
|upkeep
|turn|19
|
|t:|1779573885
|switch|p1a: Darkrai|Darkrai|24/100
|-damage|p1a: Darkrai|7/100|[from] Spikes
|move|p2a: Moltres|Will-O-Wisp|p1a: Darkrai
|-status|p1a: Darkrai|brn
|
|-heal|p1a: Darkrai|13/100 brn|[from] item: Leftovers
|-damage|p1a: Darkrai|7/100 brn|[from] brn
|upkeep
|turn|20
|
|t:|1779573892
|switch|p2a: Ting-Lu|Ting-Lu|49/100
|-ability|p2a: Ting-Lu|Vessel of Ruin
|move|p1a: Darkrai|Dark Pulse|p2a: Ting-Lu
|-resisted|p2a: Ting-Lu
|-damage|p2a: Ting-Lu|41/100
|
|-heal|p1a: Darkrai|13/100 brn|[from] item: Leftovers
|-heal|p2a: Ting-Lu|47/100|[from] item: Leftovers
|-damage|p1a: Darkrai|7/100 brn|[from] brn
|upkeep
|turn|21
|
|t:|1779573898
|move|p1a: Darkrai|Ice Beam|p2a: Ting-Lu
|-supereffective|p2a: Ting-Lu
|-damage|p2a: Ting-Lu|25/100
|move|p2a: Ting-Lu|Whirlwind|p1a: Darkrai
|drag|p1a: Iron Crown|Iron Crown|100/100
|-damage|p1a: Iron Crown|84/100|[from] Spikes
|-enditem|p1a: Iron Crown|Booster Energy
|-activate|p1a: Iron Crown|ability: Quark Drive|[fromitem]
|-start|p1a: Iron Crown|quarkdrivespe
|
|-heal|p2a: Ting-Lu|31/100|[from] item: Leftovers
|upkeep
|turn|22
|
|t:|1779573905
|move|p1a: Iron Crown|Focus Blast|p2a: Ting-Lu
|-supereffective|p2a: Ting-Lu
|-damage|p2a: Ting-Lu|2/100
|move|p2a: Ting-Lu|Earthquake|p1a: Iron Crown
|-supereffective|p1a: Iron Crown
|-damage|p1a: Iron Crown|5/100
|
|-heal|p2a: Ting-Lu|8/100|[from] item: Leftovers
|upkeep
|turn|23
|
|t:|1779573911
|switch|p2a: Gholdengo|Gholdengo|100/100
|move|p1a: Iron Crown|Tachyon Cutter|p2a: Gholdengo
|-resisted|p2a: Gholdengo
|-damage|p2a: Gholdengo|87/100
|-resisted|p2a: Gholdengo
|-damage|p2a: Gholdengo|73/100
|-hitcount|p2a: Gholdengo|2
|
|upkeep
|turn|24
|
|t:|1779573915
|move|p1a: Iron Crown|Tachyon Cutter|p2a: Gholdengo
|-resisted|p2a: Gholdengo
|-damage|p2a: Gholdengo|60/100
|-resisted|p2a: Gholdengo
|-damage|p2a: Gholdengo|47/100
|-hitcount|p2a: Gholdengo|2
|move|p2a: Gholdengo|Shadow Ball|p1a: Iron Crown
|-supereffective|p1a: Iron Crown
|-damage|p1a: Iron Crown|0 fnt
|faint|p1a: Iron Crown
|-end|p1a: Iron Crown|Quark Drive|[silent]
|
|upkeep
|l| nelsoNJ
|
|t:|1779573922
|switch|p1a: Zamazenta|Zamazenta|84/100
|-damage|p1a: Zamazenta|67/100|[from] Spikes
|turn|25
|
|t:|1779573926
|switch|p2a: Moltres|Moltres|100/100
|move|p1a: Zamazenta|Reflect|p1a: Zamazenta
|-sidestart|p1: SlimyTime|Reflect
|
|-sideend|p1: SlimyTime|move: Light Screen
|upkeep
|turn|26
|
|t:|1779573929
|move|p1a: Zamazenta|Light Screen|p1a: Zamazenta
|-sidestart|p1: SlimyTime|move: Light Screen
|move|p2a: Moltres|Roar|p1a: Zamazenta
|drag|p1a: Darkrai|Darkrai|7/100 brn
|-damage|p1a: Darkrai|0 fnt|[from] Spikes
|faint|p1a: Darkrai
|
|upkeep
|
|t:|1779573933
|switch|p1a: Dragapult|Dragapult, M|100/100
|-damage|p1a: Dragapult|84/100|[from] Spikes
|turn|27
|
|t:|1779573936
|move|p1a: Dragapult|Substitute|p1a: Dragapult
|-start|p1a: Dragapult|Substitute
|-damage|p1a: Dragapult|59/100
|move|p2a: Moltres|Roar|p1a: Dragapult
|drag|p1a: Zamazenta|Zamazenta|67/100
|-damage|p1a: Zamazenta|51/100|[from] Spikes
|
|upkeep
|turn|28
|
|t:|1779573939
|move|p1a: Zamazenta|Body Press|p2a: Moltres
|-resisted|p2a: Moltres
|-damage|p2a: Moltres|90/100
|move|p2a: Moltres|Will-O-Wisp|p1a: Zamazenta
|-status|p1a: Zamazenta|brn
|
|-damage|p1a: Zamazenta|45/100 brn|[from] brn
|upkeep
|turn|29
|
|t:|1779573946
|move|p1a: Zamazenta|Body Press|p2a: Moltres
|-resisted|p2a: Moltres
|-damage|p2a: Moltres|84/100
|move|p2a: Moltres|Roar|p1a: Zamazenta
|drag|p1a: Dragapult|Dragapult, M|59/100
|-damage|p1a: Dragapult|43/100|[from] Spikes
|
|-heal|p1a: Dragapult|49/100|[from] item: Leftovers
|upkeep
|turn|30
|
|t:|1779573949
|move|p1a: Dragapult|Dragon Darts|p2a: Moltres
|-damage|p2a: Moltres|67/100
|-anim|p1a: Dragapult|Dragon Darts|p2a: Moltres
|-damage|p2a: Moltres|47/100
|move|p2a: Moltres|Roar|p1a: Dragapult
|drag|p1a: Zamazenta|Zamazenta|45/100 brn
|-damage|p1a: Zamazenta|28/100 brn|[from] Spikes
|
|-damage|p1a: Zamazenta|22/100 brn|[from] brn
|upkeep
|turn|31
|
|t:|1779573953
|move|p2a: Moltres|Roost|p2a: Moltres
|-heal|p2a: Moltres|98/100
|-singleturn|p2a: Moltres|move: Roost
|move|p1a: Zamazenta|Roar|p2a: Moltres
|drag|p2a: Hydrapple|Hydrapple, F, tera:Poison|67/100
|
|-damage|p1a: Zamazenta|16/100 brn|[from] brn
|upkeep
|turn|32
|
|t:|1779573956
|switch|p2a: Moltres|Moltres|98/100
|move|p1a: Zamazenta|Roar|p2a: Moltres
|drag|p2a: Clefable|Clefable, F|100/100
|
|-damage|p1a: Zamazenta|10/100 brn|[from] brn
|-sideend|p1: SlimyTime|Reflect
|upkeep
|turn|33
|
|t:|1779573960
|move|p1a: Zamazenta|Reflect|p1a: Zamazenta
|-sidestart|p1: SlimyTime|Reflect
|move|p2a: Clefable|Stealth Rock|p1a: Zamazenta
|-sidestart|p1: SlimyTime|move: Stealth Rock
|
|-damage|p1a: Zamazenta|3/100 brn|[from] brn
|-sideend|p1: SlimyTime|move: Light Screen
|upkeep
|turn|34
|
|t:|1779573963
|switch|p2a: Moltres|Moltres|98/100
|move|p1a: Zamazenta|Light Screen|p1a: Zamazenta
|-sidestart|p1: SlimyTime|move: Light Screen
|
|-damage|p1a: Zamazenta|0 fnt|[from] brn
|faint|p1a: Zamazenta
|upkeep
|
|t:|1779573965
|switch|p1a: Dragapult|Dragapult, M|49/100
|-damage|p1a: Dragapult|32/100|[from] Spikes
|-damage|p1a: Dragapult|20/100|[from] Stealth Rock
|turn|35
|
|t:|1779573970
|switch|p2a: Gholdengo|Gholdengo|47/100
|move|p1a: Dragapult|Phantom Force||[still]
|-prepare|p1a: Dragapult|Phantom Force
|
|-heal|p1a: Dragapult|26/100|[from] item: Leftovers
|upkeep
|turn|36
|
|t:|1779573973
|switch|p2a: Ting-Lu|Ting-Lu|8/100
|-ability|p2a: Ting-Lu|Vessel of Ruin
|move|p1a: Dragapult|Phantom Force|p2a: Ting-Lu|[from] lockedmove
|-resisted|p2a: Ting-Lu
|-damage|p2a: Ting-Lu|0 fnt
|faint|p2a: Ting-Lu
|
|-heal|p1a: Dragapult|32/100|[from] item: Leftovers
|upkeep
|
|t:|1779573975
|switch|p2a: Gholdengo|Gholdengo|47/100
|turn|37
|
|t:|1779573979
|-terastallize|p1a: Dragapult|Dragon
|move|p2a: Gholdengo|Shadow Ball|p1a: Dragapult
|-damage|p1a: Dragapult|7/100
|move|p1a: Dragapult|Dragon Dance|p1a: Dragapult
|-boost|p1a: Dragapult|atk|1
|-boost|p1a: Dragapult|spe|1
|
|-heal|p1a: Dragapult|13/100|[from] item: Leftovers
|upkeep
|turn|38
|
|t:|1779573985
|move|p1a: Dragapult|Dragon Darts|p2a: Gholdengo
|-resisted|p2a: Gholdengo
|-damage|p2a: Gholdengo|16/100
|-anim|p1a: Dragapult|Dragon Darts|p2a: Gholdengo
|-resisted|p2a: Gholdengo
|-damage|p2a: Gholdengo|0 fnt
|faint|p2a: Gholdengo
|
|-heal|p1a: Dragapult|19/100|[from] item: Leftovers
|upkeep
|
|t:|1779573988
|switch|p2a: Clefable|Clefable, F|100/100
|turn|39
|
|t:|1779573991
|move|p1a: Dragapult|Phantom Force||[still]
|-prepare|p1a: Dragapult|Phantom Force
|move|p2a: Clefable|Moonblast|p1a: Dragapult|[miss]
|-miss|p2a: Clefable|p1a: Dragapult
|
|-heal|p1a: Dragapult|25/100|[from] item: Leftovers
|upkeep
|turn|40
|
|t:|1779573993
|move|p1a: Dragapult|Phantom Force|p2a: Clefable|[from] lockedmove
|-damage|p2a: Clefable|48/100
|-damage|p1a: Dragapult|9/100|[from] item: Rocky Helmet|[of] p2a: Clefable
|move|p2a: Clefable|Moonblast|p1a: Dragapult
|-supereffective|p1a: Dragapult
|-damage|p1a: Dragapult|0 fnt
|faint|p1a: Dragapult
|
|win|crimson night raid
|raw|SlimyTime's rating: 1701 &rarr; <strong>1682</strong><br />(-19 for losing)
|raw|crimson night raid's rating: 1723 &rarr; <strong>1742</strong><br />(+19 for winning)
|l|☆SlimyTime
|player|p1|
|l|☆crimson night raid
|player|p2|
