|j|☆tanmaysinha7
|j|☆Caca le goat
|t:|1779609666
|gametype|singles
|player|p1|tanmaysinha7|hilbert-wonderlauncher|1175
|player|p2|Caca le goat|170|1117
|gen|9
|tier|[Gen 9] OU
|rated|
|rule|HP Percentage Mod: HP is shown in percentages
|rule|Endless Battle Clause: Forcing endless battles is banned
|rule|Species Clause: Limit one of each Pokémon
|rule|OHKO Clause: OHKO moves are banned
|rule|Evasion Items Clause: Evasion items are banned
|rule|Evasion Moves Clause: Evasion moves are banned
|rule|Evasion Abilities Clause: Evasion abilities are banned
|rule|Sleep Moves Clause: Sleep-inducing moves are banned
|clearpoke
|poke|p1|Kyurem|
|poke|p1|Cinderace, F|
|poke|p1|Dragapult, M|
|poke|p1|Slowking-Galar, M|
|poke|p1|Zamazenta-*|
|poke|p1|Kingambit, M|
|poke|p2|Mudsdale, F|
|poke|p2|Slowking-Galar, F|
|poke|p2|Braviary-Hisui, M|
|poke|p2|Diancie|
|poke|p2|Azumarill, M|
|poke|p2|Chandelure, F|
|teampreview
|inactive|Battle timer is ON: inactive players will automatically lose when time's up. (requested by tanmaysinha7)
|
|t:|1779609679
|teamsize|p1|6
|teamsize|p2|6
|start
|switch|p1a: Slowking|Slowking-Galar, M|100/100
|switch|p2a: Chandelure|Chandelure, F|100/100
|turn|1
|
|t:|1779609686
|move|p2a: Chandelure|Shadow Ball|p1a: Slowking
|-supereffective|p1a: Slowking
|-damage|p1a: Slowking|63/100
|move|p1a: Slowking|Future Sight|p2a: Chandelure
|-start|p1a: Slowking|move: Future Sight
|
|upkeep
|turn|2
|
|t:|1779609694
|move|p1a: Slowking|Sludge Bomb|p2a: Chandelure
|-resisted|p2a: Chandelure
|-damage|p2a: Chandelure|81/100
|move|p2a: Chandelure|Trick Room|p2a: Chandelure
|-fieldstart|move: Trick Room|[of] p2a: Chandelure
|
|upkeep
|turn|3
|
|t:|1779609703
|switch|p1a: Cinderace|Cinderace, F|100/100
|move|p2a: Chandelure|Overheat|p1a: Cinderace
|-resisted|p1a: Cinderace
|-damage|p1a: Cinderace|45/100
|-unboost|p2a: Chandelure|spa|2
|-enditem|p2a: Chandelure|Eject Pack
|
|t:|1779609720
|switch|p2a: Diancie|Diancie|100/100
|
|-end|p2a: Diancie|move: Future Sight
|-damage|p2a: Diancie|62/100
|upkeep
|turn|4
|
|t:|1779609730
|move|p2a: Diancie|Earth Power|p1a: Cinderace
|-supereffective|p1a: Cinderace
|-damage|p1a: Cinderace|0 fnt
|faint|p1a: Cinderace
|
|upkeep
|
|t:|1779609737
|switch|p1a: Slowking|Slowking-Galar, M|97/100
|turn|5
|
|t:|1779609745
|move|p2a: Diancie|Stealth Rock|p1a: Slowking
|-sidestart|p1: tanmaysinha7|move: Stealth Rock
|move|p1a: Slowking|Sludge Bomb|p2a: Diancie
|-damage|p2a: Diancie|36/100
|
|upkeep
|turn|6
|
|t:|1779609755
|switch|p2a: Slowking|Slowking-Galar, F|100/100
|move|p1a: Slowking|Sludge Bomb|p2a: Slowking
|-resisted|p2a: Slowking
|-damage|p2a: Slowking|91/100
|
|-fieldend|move: Trick Room
|upkeep
|turn|7
|
|t:|1779609764
|move|p1a: Slowking|Future Sight|p2a: Slowking
|-start|p1a: Slowking|move: Future Sight
|move|p2a: Slowking|Future Sight|p1a: Slowking
|-start|p2a: Slowking|move: Future Sight
|
|upkeep
|turn|8
|
|t:|1779609769
|move|p1a: Slowking|Flamethrower|p2a: Slowking
|-damage|p2a: Slowking|77/100
|move|p2a: Slowking|Trick Room|p2a: Slowking
|-fieldstart|move: Trick Room|[of] p2a: Slowking
|
|upkeep
|turn|9
|
|t:|1779609775
|-prepare|p2a: Slowking|Chilly Reception|[premajor]
|move|p2a: Slowking|Chilly Reception|p2a: Slowking
|-weather|Snowscape
|
|t:|1779609792
|switch|p2a: Azumarill|Azumarill, M|100/100|[from] Chilly Reception
|move|p1a: Slowking|Flamethrower|p2a: Azumarill
|-resisted|p2a: Azumarill
|-damage|p2a: Azumarill|90/100
|
|-weather|Snowscape|[upkeep]
|-end|p2a: Azumarill|move: Future Sight
|-damage|p2a: Azumarill|48/100
|-end|p1a: Slowking|move: Future Sight
|-damage|p1a: Slowking|77/100
|upkeep
|turn|10
|
|t:|1779609807
|-terastallize|p2a: Azumarill|Water
|move|p2a: Azumarill|Liquidation|p1a: Slowking
|-damage|p1a: Slowking|0 fnt
|faint|p1a: Slowking
|
|-weather|Snowscape|[upkeep]
|upkeep
|
|t:|1779609814
|switch|p1a: Kyurem|Kyurem|100/100
|-damage|p1a: Kyurem|76/100|[from] Stealth Rock
|-ability|p1a: Kyurem|Pressure
|turn|11
|
|t:|1779609824
|move|p2a: Azumarill|Liquidation|p1a: Kyurem
|-resisted|p1a: Kyurem
|-damage|p1a: Kyurem|43/100
|move|p1a: Kyurem|Freeze-Dry|p2a: Azumarill
|-supereffective|p2a: Azumarill
|-damage|p2a: Azumarill|0 fnt
|faint|p2a: Azumarill
|
|-weather|Snowscape|[upkeep]
|upkeep
|
|t:|1779609849
|switch|p2a: Diancie|Diancie|36/100
|turn|12
|
|t:|1779609854
|move|p2a: Diancie|Moonblast|p1a: Kyurem
|-supereffective|p1a: Kyurem
|-damage|p1a: Kyurem|0 fnt
|faint|p1a: Kyurem
|
|-weather|Snowscape|[upkeep]
|-fieldend|move: Trick Room
|upkeep
|
|t:|1779609860
|switch|p1a: Dragapult|Dragapult, M|100/100
|-damage|p1a: Dragapult|88/100|[from] Stealth Rock
|turn|13
|
|t:|1779609867
|move|p1a: Dragapult|Shadow Ball|p2a: Diancie
|-damage|p2a: Diancie|0 fnt
|faint|p2a: Diancie
|
|-weather|none
|upkeep
|
|t:|1779609874
|switch|p2a: Slowking|Slowking-Galar, F|100/100
|turn|14
|
|t:|1779609878
|move|p1a: Dragapult|Shadow Ball|p2a: Slowking
|-supereffective|p2a: Slowking
|-damage|p2a: Slowking|40/100
|-unboost|p2a: Slowking|spd|1
|move|p2a: Slowking|Trick Room|p2a: Slowking
|-fieldstart|move: Trick Room|[of] p2a: Slowking
|
|upkeep
|turn|15
|
|t:|1779609886
|move|p2a: Slowking|Future Sight|p1a: Dragapult
|-start|p2a: Slowking|move: Future Sight
|move|p1a: Dragapult|Shadow Ball|p2a: Slowking
|-supereffective|p2a: Slowking
|-damage|p2a: Slowking|0 fnt
|faint|p2a: Slowking
|
|upkeep
|
|t:|1779609900
|switch|p2a: Braviary|Braviary-Hisui, M|100/100
|turn|16
|
|t:|1779609907
|move|p2a: Braviary|Hurricane|p1a: Dragapult|[miss]
|-miss|p2a: Braviary|p1a: Dragapult
|move|p1a: Dragapult|Shadow Ball|p2a: Braviary
|-supereffective|p2a: Braviary
|-damage|p2a: Braviary|0 fnt
|faint|p2a: Braviary
|
|upkeep
|
|t:|1779609917
|switch|p2a: Chandelure|Chandelure, F|81/100
|turn|17
|
|t:|1779609923
|switch|p1a: Kingambit|Kingambit, M, shiny|100/100
|-damage|p1a: Kingambit|94/100|[from] Stealth Rock
|-activate|p1a: Kingambit|ability: Supreme Overlord
|-start|p1a: Kingambit|fallen3|[silent]
|move|p2a: Chandelure|Flamethrower|p1a: Kingambit
|-supereffective|p1a: Kingambit
|-damage|p1a: Kingambit|0 fnt
|faint|p1a: Kingambit
|-end|p1a: Kingambit|fallen3|[silent]
|
|-hint|Future Sight did not hit because the target is fainted.
|upkeep
|
|t:|1779609936
|switch|p1a: Dragapult|Dragapult, M|88/100
|-damage|p1a: Dragapult|76/100|[from] Stealth Rock
|turn|18
|
|t:|1779609942
|move|p2a: Chandelure|Shadow Ball|p1a: Dragapult
|-supereffective|p1a: Dragapult
|-damage|p1a: Dragapult|0 fnt
|faint|p1a: Dragapult
|
|-fieldend|move: Trick Room
|upkeep
|
|t:|1779609947
|switch|p1a: Zamazenta|Zamazenta|100/100
|-damage|p1a: Zamazenta|95/100|[from] Stealth Rock
|-ability|p1a: Zamazenta|Dauntless Shield|boost
|-boost|p1a: Zamazenta|def|1
|turn|19
|
|t:|1779609954
|move|p1a: Zamazenta|Crunch|p2a: Chandelure
|-supereffective|p2a: Chandelure
|-damage|p2a: Chandelure|34/100
|move|p2a: Chandelure|Trick Room|p2a: Chandelure
|-fieldstart|move: Trick Room|[of] p2a: Chandelure
|
|-heal|p1a: Zamazenta|100/100|[from] item: Leftovers
|upkeep
|turn|20
|
|t:|1779609962
|move|p2a: Chandelure|Flamethrower|p1a: Zamazenta
|-damage|p1a: Zamazenta|53/100
|-status|p1a: Zamazenta|brn
|move|p1a: Zamazenta|Crunch|p2a: Chandelure
|-supereffective|p2a: Chandelure
|-damage|p2a: Chandelure|7/100
|-unboost|p2a: Chandelure|def|1
|
|-heal|p1a: Zamazenta|59/100 brn|[from] item: Leftovers
|-damage|p1a: Zamazenta|53/100 brn|[from] brn
|upkeep
|turn|21
|
|t:|1779609974
|switch|p2a: Mudsdale|Mudsdale, F|100/100
|move|p1a: Zamazenta|Crunch|p2a: Mudsdale
|-crit|p2a: Mudsdale
|-damage|p2a: Mudsdale|86/100
|-ability|p2a: Mudsdale|Stamina|boost
|-boost|p2a: Mudsdale|def|1
|
|-heal|p2a: Mudsdale|92/100|[from] item: Leftovers
|-heal|p1a: Zamazenta|59/100 brn|[from] item: Leftovers
|-damage|p1a: Zamazenta|53/100 brn|[from] brn
|upkeep
|turn|22
|
|t:|1779609986
|move|p2a: Mudsdale|Curse|p2a: Mudsdale
|-unboost|p2a: Mudsdale|spe|1
|-boost|p2a: Mudsdale|atk|1
|-boost|p2a: Mudsdale|def|1
|move|p1a: Zamazenta|Body Press|p2a: Mudsdale
|-damage|p2a: Mudsdale|79/100
|-ability|p2a: Mudsdale|Stamina|boost
|-boost|p2a: Mudsdale|def|1
|
|-heal|p2a: Mudsdale|85/100|[from] item: Leftovers
|-heal|p1a: Zamazenta|59/100 brn|[from] item: Leftovers
|-damage|p1a: Zamazenta|53/100 brn|[from] brn
|upkeep
|turn|23
|
|t:|1779610000
|move|p2a: Mudsdale|Curse|p2a: Mudsdale
|-unboost|p2a: Mudsdale|spe|1
|-boost|p2a: Mudsdale|atk|1
|-boost|p2a: Mudsdale|def|1
|move|p1a: Zamazenta|Rest|p1a: Zamazenta
|-status|p1a: Zamazenta|slp|[from] move: Rest
|-heal|p1a: Zamazenta|100/100 slp|[silent]
|
|-heal|p2a: Mudsdale|92/100|[from] item: Leftovers
|-fieldend|move: Trick Room
|upkeep
|turn|24
|
|t:|1779610013
|cant|p1a: Zamazenta|slp
|move|p2a: Mudsdale|Body Press|p1a: Zamazenta
|-damage|p1a: Zamazenta|79/100 slp
|
|-heal|p1a: Zamazenta|85/100 slp|[from] item: Leftovers
|-heal|p2a: Mudsdale|98/100|[from] item: Leftovers
|upkeep
|turn|25
|
|t:|1779610022
|cant|p1a: Zamazenta|slp
|move|p2a: Mudsdale|Curse|p2a: Mudsdale
|-unboost|p2a: Mudsdale|spe|1
|-boost|p2a: Mudsdale|atk|1
|-boost|p2a: Mudsdale|def|1
|
|-heal|p1a: Zamazenta|91/100 slp|[from] item: Leftovers
|-heal|p2a: Mudsdale|100/100|[from] item: Leftovers
|upkeep
|turn|26
|
|t:|1779610031
|-curestatus|p1a: Zamazenta|slp|[msg]
|move|p1a: Zamazenta|Iron Defense|p1a: Zamazenta
|-boost|p1a: Zamazenta|def|2
|move|p2a: Mudsdale|Curse|p2a: Mudsdale
|-unboost|p2a: Mudsdale|spe|1
|-boost|p2a: Mudsdale|atk|1
|-boost|p2a: Mudsdale|def|1
|
|-heal|p1a: Zamazenta|97/100|[from] item: Leftovers
|upkeep
|turn|27
|
|t:|1779610045
|move|p1a: Zamazenta|Iron Defense|p1a: Zamazenta
|-boost|p1a: Zamazenta|def|2
|move|p2a: Mudsdale|Body Press|p1a: Zamazenta
|-damage|p1a: Zamazenta|84/100
|
|-heal|p1a: Zamazenta|90/100|[from] item: Leftovers
|upkeep
|turn|28
|
|t:|1779610054
|move|p1a: Zamazenta|Iron Defense|p1a: Zamazenta
|-boost|p1a: Zamazenta|def|1
|move|p2a: Mudsdale|Curse|p2a: Mudsdale
|-unboost|p2a: Mudsdale|spe|1
|-boost|p2a: Mudsdale|atk|1
|
|-heal|p1a: Zamazenta|96/100|[from] item: Leftovers
|upkeep
|turn|29
|
|t:|1779610066
|move|p1a: Zamazenta|Iron Defense|p1a: Zamazenta
|-boost|p1a: Zamazenta|def|0
|move|p2a: Mudsdale|Curse|p2a: Mudsdale
|-unboost|p2a: Mudsdale|spe|1
|-boost|p2a: Mudsdale|atk|1
|
|-heal|p1a: Zamazenta|100/100|[from] item: Leftovers
|upkeep
|turn|30
|
|t:|1779610075
|move|p1a: Zamazenta|Crunch|p2a: Mudsdale
|-damage|p2a: Mudsdale|96/100
|move|p2a: Mudsdale|Earthquake|p1a: Zamazenta
|-damage|p1a: Zamazenta|68/100
|
|-heal|p1a: Zamazenta|74/100|[from] item: Leftovers
|-heal|p2a: Mudsdale|100/100|[from] item: Leftovers
|upkeep
|turn|31
|
|t:|1779610085
|move|p1a: Zamazenta|Body Press|p2a: Mudsdale
|-damage|p2a: Mudsdale|66/100
|move|p2a: Mudsdale|Earthquake|p1a: Zamazenta
|-damage|p1a: Zamazenta|42/100
|
|-heal|p1a: Zamazenta|48/100|[from] item: Leftovers
|-heal|p2a: Mudsdale|72/100|[from] item: Leftovers
|upkeep
|turn|32
|
|t:|1779610094
|move|p1a: Zamazenta|Body Press|p2a: Mudsdale
|-damage|p2a: Mudsdale|35/100
|move|p2a: Mudsdale|Earthquake|p1a: Zamazenta
|-damage|p1a: Zamazenta|15/100
|
|-heal|p1a: Zamazenta|21/100|[from] item: Leftovers
|-heal|p2a: Mudsdale|41/100|[from] item: Leftovers
|upkeep
|turn|33
|
|t:|1779610106
|move|p1a: Zamazenta|Rest|p1a: Zamazenta
|-status|p1a: Zamazenta|slp|[from] move: Rest
|-heal|p1a: Zamazenta|100/100 slp|[silent]
|move|p2a: Mudsdale|Earthquake|p1a: Zamazenta
|-damage|p1a: Zamazenta|67/100 slp
|
|-heal|p1a: Zamazenta|73/100 slp|[from] item: Leftovers
|-heal|p2a: Mudsdale|47/100|[from] item: Leftovers
|upkeep
|turn|34
|
|t:|1779610115
|cant|p1a: Zamazenta|slp
|move|p2a: Mudsdale|Earthquake|p1a: Zamazenta
|-damage|p1a: Zamazenta|36/100 slp
|
|-heal|p1a: Zamazenta|42/100 slp|[from] item: Leftovers
|-heal|p2a: Mudsdale|53/100|[from] item: Leftovers
|upkeep
|turn|35
|
|t:|1779610123
|cant|p1a: Zamazenta|slp
|move|p2a: Mudsdale|Earthquake|p1a: Zamazenta
|-damage|p1a: Zamazenta|10/100 slp
|
|-heal|p1a: Zamazenta|16/100 slp|[from] item: Leftovers
|-heal|p2a: Mudsdale|60/100|[from] item: Leftovers
|upkeep
|turn|36
|
|t:|1779610132
|-curestatus|p1a: Zamazenta|slp|[msg]
|move|p1a: Zamazenta|Rest|p1a: Zamazenta
|-status|p1a: Zamazenta|slp|[from] move: Rest
|-heal|p1a: Zamazenta|100/100 slp|[silent]
|move|p2a: Mudsdale|Earthquake|p1a: Zamazenta
|-damage|p1a: Zamazenta|65/100 slp
|
|-heal|p1a: Zamazenta|71/100 slp|[from] item: Leftovers
|-heal|p2a: Mudsdale|66/100|[from] item: Leftovers
|upkeep
|turn|37
|
|t:|1779610147
|cant|p1a: Zamazenta|slp
|move|p2a: Mudsdale|Earthquake|p1a: Zamazenta
|-damage|p1a: Zamazenta|39/100 slp
|
|-heal|p1a: Zamazenta|45/100 slp|[from] item: Leftovers
|-heal|p2a: Mudsdale|72/100|[from] item: Leftovers
|upkeep
|turn|38
|
|t:|1779610154
|cant|p1a: Zamazenta|slp
|move|p2a: Mudsdale|Earthquake|p1a: Zamazenta
|-damage|p1a: Zamazenta|12/100 slp
|
|-heal|p1a: Zamazenta|18/100 slp|[from] item: Leftovers
|-heal|p2a: Mudsdale|78/100|[from] item: Leftovers
|upkeep
|turn|39
|
|t:|1779610163
|-curestatus|p1a: Zamazenta|slp|[msg]
|move|p1a: Zamazenta|Rest|p1a: Zamazenta
|-status|p1a: Zamazenta|slp|[from] move: Rest
|-heal|p1a: Zamazenta|100/100 slp|[silent]
|move|p2a: Mudsdale|Earthquake|p1a: Zamazenta
|-crit|p1a: Zamazenta
|-damage|p1a: Zamazenta|0 fnt
|faint|p1a: Zamazenta
|
|win|Caca le goat
|raw|tanmaysinha7's rating: 1175 &rarr; <strong>1146</strong><br />(-29 for losing)
|raw|Caca le goat's rating: 1117 &rarr; <strong>1146</strong><br />(+29 for winning)
|l|☆Caca le goat
|player|p2|
|l|☆tanmaysinha7
|player|p1|
