|j|☆czyczyczyczy
|j|☆lati246
|t:|1779690248
|gametype|singles
|player|p1|czyczyczyczy|rosa|1298
|player|p2|lati246|acetrainerf-gen6|1264
|gen|9
|tier|[Gen 9] OU
|rated|
|rule|HP Percentage Mod: HP is shown in percentages
|rule|Endless Battle Clause: Forcing endless battles is banned
|rule|Species Clause: Limit one of each Pokémon
|rule|OHKO Clause: OHKO moves are banned
|rule|Evasion Items Clause: Evasion items are banned
|rule|Evasion Moves Clause: Evasion moves are banned
|rule|Evasion Abilities Clause: Evasion abilities are banned
|rule|Sleep Moves Clause: Sleep-inducing moves are banned
|clearpoke
|poke|p1|Dragonite, M|
|poke|p1|Garchomp, F|
|poke|p1|Clefable, M|
|poke|p1|Great Tusk|
|poke|p1|Thundurus, M|
|poke|p1|Iron Treads|
|poke|p2|Darkrai|
|poke|p2|Samurott-Hisui, M|
|poke|p2|Iron Crown|
|poke|p2|Landorus-Therian, M|
|poke|p2|Moltres|
|poke|p2|Zamazenta-*|
|teampreview
|inactive|Battle timer is ON: inactive players will automatically lose when time's up. (requested by lati246)
|
|t:|1779690260
|teamsize|p1|6
|teamsize|p2|6
|start
|switch|p1a: Thundurus|Thundurus, M|100/100
|switch|p2a: Moltres|Moltres|100/100
|turn|1
|
|t:|1779690265
|switch|p2a: Iron Crown|Iron Crown|100/100
|move|p1a: Thundurus|Volt Switch|p2a: Iron Crown
|-damage|p2a: Iron Crown|77/100
|
|t:|1779690270
|switch|p1a: Garchomp|Garchomp, F|100/100|[from] Volt Switch
|
|upkeep
|turn|2
|inactive|lati246 has 120 seconds left.
|
|t:|1779690318
|-end|p2a: Iron Crown|Quark Drive|[silent]
|switch|p2a: Landorus|Landorus-Therian, M|100/100
|-ability|p2a: Landorus|Intimidate|boost
|-unboost|p1a: Garchomp|atk|1
|move|p1a: Garchomp|Swords Dance|p1a: Garchomp
|-boost|p1a: Garchomp|atk|2
|
|upkeep
|turn|3
|
|t:|1779690323
|move|p1a: Garchomp|Swords Dance|p1a: Garchomp
|-boost|p1a: Garchomp|atk|2
|move|p2a: Landorus|Earthquake|p1a: Garchomp
|-damage|p1a: Garchomp|55/100
|
|upkeep
|turn|4
|
|t:|1779690326
|move|p1a: Garchomp|Swords Dance|p1a: Garchomp
|-boost|p1a: Garchomp|atk|2
|move|p2a: Landorus|Earthquake|p1a: Garchomp
|-damage|p1a: Garchomp|5/100
|
|upkeep
|turn|5
|
|t:|1779690330
|move|p1a: Garchomp|Scale Shot|p2a: Landorus
|-damage|p2a: Landorus|56/100
|-damage|p2a: Landorus|8/100
|-damage|p2a: Landorus|0 fnt
|faint|p2a: Landorus
|-hitcount|p2: Landorus|3
|-unboost|p1a: Garchomp|def|1
|-boost|p1a: Garchomp|spe|1
|
|upkeep
|
|t:|1779690334
|switch|p2a: Samurott|Samurott-Hisui, M|100/100
|turn|6
|
|t:|1779690357
|switch|p1a: Thundurus|Thundurus, M|100/100
|move|p2a: Samurott|Sucker Punch||[still]
|-fail|p2a: Samurott
|
|upkeep
|turn|7
|
|t:|1779690371
|switch|p2a: Darkrai|Darkrai|100/100
|move|p1a: Thundurus|Volt Switch|p2a: Darkrai
|-damage|p2a: Darkrai|54/100
|
|t:|1779690376
|switch|p1a: Garchomp|Garchomp, F|5/100|[from] Volt Switch
|
|upkeep
|turn|8
|
|t:|1779690380
|move|p2a: Darkrai|Dark Pulse|p1a: Garchomp
|-damage|p1a: Garchomp|0 fnt
|faint|p1a: Garchomp
|
|upkeep
|
|t:|1779690387
|switch|p1a: Clefable|Clefable, M|100/100
|turn|9
|
|t:|1779690391
|switch|p2a: Iron Crown|Iron Crown|77/100
|move|p1a: Clefable|Calm Mind|p1a: Clefable
|-boost|p1a: Clefable|spa|1
|-boost|p1a: Clefable|spd|1
|
|upkeep
|turn|10
|
|t:|1779690401
|move|p2a: Iron Crown|Tachyon Cutter|p1a: Clefable
|-supereffective|p1a: Clefable
|-damage|p1a: Clefable|77/100
|-supereffective|p1a: Clefable
|-damage|p1a: Clefable|53/100
|-hitcount|p1a: Clefable|2
|move|p1a: Clefable|Moonblast|p2a: Iron Crown
|-resisted|p2a: Iron Crown
|-damage|p2a: Iron Crown|61/100
|
|-heal|p1a: Clefable|59/100|[from] item: Leftovers
|upkeep
|turn|11
|
|t:|1779690407
|move|p2a: Iron Crown|Psychic Noise|p1a: Clefable
|-damage|p1a: Clefable|43/100
|-start|p1a: Clefable|move: Heal Block
|cant|p1a: Clefable|move: Heal Block|Moonlight
|
|upkeep
|turn|12
|
|t:|1779690415
|switch|p1a: Iron Treads|Iron Treads|100/100
|-enditem|p1a: Iron Treads|Booster Energy
|-activate|p1a: Iron Treads|ability: Quark Drive|[fromitem]
|-start|p1a: Iron Treads|quarkdrivespe
|move|p2a: Iron Crown|Tachyon Cutter|p1a: Iron Treads
|-resisted|p1a: Iron Treads
|-damage|p1a: Iron Treads|83/100
|-resisted|p1a: Iron Treads
|-damage|p1a: Iron Treads|65/100
|-hitcount|p1a: Iron Treads|2
|
|upkeep
|turn|13
|
|t:|1779690419
|-end|p2a: Iron Crown|Quark Drive|[silent]
|switch|p2a: Moltres|Moltres|100/100
|move|p1a: Iron Treads|Stealth Rock|p2a: Moltres
|-sidestart|p2: lati246|move: Stealth Rock
|
|upkeep
|turn|14
|
|t:|1779690423
|move|p1a: Iron Treads|Stone Edge|p2a: Moltres
|-supereffective|p2a: Moltres
|-damage|p2a: Moltres|22/100
|move|p2a: Moltres|Flamethrower|p1a: Iron Treads
|-supereffective|p1a: Iron Treads
|-damage|p1a: Iron Treads|0 fnt
|faint|p1a: Iron Treads
|-end|p1a: Iron Treads|Quark Drive|[silent]
|
|upkeep
|
|t:|1779690430
|switch|p1a: Thundurus|Thundurus, M|100/100
|turn|15
|
|t:|1779690434
|move|p1a: Thundurus|Knock Off|p2a: Moltres
|-damage|p2a: Moltres|5/100
|-status|p1a: Thundurus|brn|[from] ability: Flame Body|[of] p2a: Moltres
|-enditem|p2a: Moltres|Heavy-Duty Boots|[from] move: Knock Off|[of] p1a: Thundurus
|move|p2a: Moltres|U-turn|p1a: Thundurus
|-resisted|p1a: Thundurus
|-damage|p1a: Thundurus|90/100 brn
|
|t:|1779690441
|switch|p2a: Darkrai|Darkrai|54/100|[from] U-turn
|
|-damage|p1a: Thundurus|84/100 brn|[from] brn
|upkeep
|turn|16
|
|t:|1779690447
|switch|p1a: Clefable|Clefable, M|43/100
|move|p2a: Darkrai|Ice Beam|p1a: Clefable
|-damage|p1a: Clefable|20/100
|
|-heal|p1a: Clefable|26/100|[from] item: Leftovers
|upkeep
|turn|17
|
|t:|1779690454
|move|p2a: Darkrai|Ice Beam|p1a: Clefable
|-damage|p1a: Clefable|4/100
|move|p1a: Clefable|Moonlight|p1a: Clefable
|-heal|p1a: Clefable|54/100
|
|-heal|p1a: Clefable|60/100|[from] item: Leftovers
|upkeep
|turn|18
|
|t:|1779690460
|switch|p2a: Moltres|Moltres|5/100
|-damage|p2a: Moltres|0 fnt|[from] Stealth Rock
|faint|p2a: Moltres
|move|p1a: Clefable|Moonlight|p1a: Clefable
|-heal|p1a: Clefable|100/100
|
|upkeep
|
|t:|1779690461
|switch|p2a: Iron Crown|Iron Crown|61/100
|-damage|p2a: Iron Crown|55/100|[from] Stealth Rock
|turn|19
|
|t:|1779690473
|move|p2a: Iron Crown|Tachyon Cutter|p1a: Clefable
|-supereffective|p1a: Clefable
|-damage|p1a: Clefable|65/100
|-supereffective|p1a: Clefable
|-damage|p1a: Clefable|28/100
|-hitcount|p1a: Clefable|2
|move|p1a: Clefable|Calm Mind|p1a: Clefable
|-boost|p1a: Clefable|spa|1
|-boost|p1a: Clefable|spd|1
|
|-heal|p1a: Clefable|35/100|[from] item: Leftovers
|upkeep
|turn|20
|
|t:|1779690480
|move|p2a: Iron Crown|Tachyon Cutter|p1a: Clefable
|-supereffective|p1a: Clefable
|-damage|p1a: Clefable|13/100
|-supereffective|p1a: Clefable
|-damage|p1a: Clefable|0 fnt
|faint|p1a: Clefable
|-hitcount|p1: Clefable|2
|
|upkeep
|
|t:|1779690485
|switch|p1a: Thundurus|Thundurus, M|84/100 brn
|turn|21
|
|t:|1779690488
|move|p1a: Thundurus|Knock Off|p2a: Iron Crown
|-supereffective|p2a: Iron Crown
|-damage|p2a: Iron Crown|28/100
|-enditem|p2a: Iron Crown|Assault Vest|[from] move: Knock Off|[of] p1a: Thundurus
|move|p2a: Iron Crown|Psychic Noise|p1a: Thundurus
|-damage|p1a: Thundurus|29/100 brn
|-start|p1a: Thundurus|move: Heal Block
|
|-damage|p1a: Thundurus|23/100 brn|[from] brn
|upkeep
|turn|22
|
|t:|1779690494
|move|p1a: Thundurus|Sunny Day|p1a: Thundurus
|-weather|SunnyDay
|move|p2a: Iron Crown|Psychic Noise|p1a: Thundurus
|-damage|p1a: Thundurus|0 fnt
|faint|p1a: Thundurus
|
|-weather|SunnyDay|[upkeep]
|upkeep
|
|t:|1779690496
|switch|p1a: Great Tusk|Great Tusk|100/100
|-activate|p1a: Great Tusk|ability: Protosynthesis
|-start|p1a: Great Tusk|protosynthesisatk
|turn|23
|
|t:|1779690504
|move|p1a: Great Tusk|Earthquake|p2a: Iron Crown
|-supereffective|p2a: Iron Crown
|-damage|p2a: Iron Crown|0 fnt
|faint|p2a: Iron Crown
|-end|p2a: Iron Crown|Quark Drive|[silent]
|
|-weather|SunnyDay|[upkeep]
|upkeep
|
|t:|1779690506
|switch|p2a: Zamazenta|Zamazenta|100/100
|-damage|p2a: Zamazenta|94/100|[from] Stealth Rock
|-ability|p2a: Zamazenta|Dauntless Shield|boost
|-boost|p2a: Zamazenta|def|1
|turn|24
|
|t:|1779690509
|move|p1a: Great Tusk|Earthquake|p2a: Zamazenta
|-damage|p2a: Zamazenta|59/100
|move|p2a: Zamazenta|Iron Defense|p2a: Zamazenta
|-boost|p2a: Zamazenta|def|2
|
|-weather|SunnyDay|[upkeep]
|-heal|p2a: Zamazenta|65/100|[from] item: Leftovers
|upkeep
|turn|25
|
|t:|1779690522
|-end|p1a: Great Tusk|Protosynthesis|[silent]
|switch|p1a: Dragonite|Dragonite, M|100/100
|move|p2a: Zamazenta|Iron Defense|p2a: Zamazenta
|-boost|p2a: Zamazenta|def|2
|
|-weather|SunnyDay|[upkeep]
|-heal|p2a: Zamazenta|71/100|[from] item: Leftovers
|upkeep
|turn|26
|
|t:|1779690534
|move|p2a: Zamazenta|Body Press|p1a: Dragonite
|-resisted|p1a: Dragonite
|-damage|p1a: Dragonite|68/100
|move|p1a: Dragonite|Draco Meteor|p2a: Zamazenta
|-damage|p2a: Zamazenta|11/100
|-unboost|p1a: Dragonite|spa|2
|-damage|p1a: Dragonite|58/100|[from] item: Life Orb
|
|-weather|none
|-heal|p2a: Zamazenta|17/100|[from] item: Leftovers
|upkeep
|turn|27
|inactive|lati246 has 120 seconds left.
|inactive|lati246 has 90 seconds left.
|
|t:|1779690602
|move|p2a: Zamazenta|Body Press|p1a: Dragonite
|-resisted|p1a: Dragonite
|-damage|p1a: Dragonite|0 fnt
|faint|p1a: Dragonite
|
|-heal|p2a: Zamazenta|23/100|[from] item: Leftovers
|upkeep
|
|t:|1779690605
|switch|p1a: Great Tusk|Great Tusk|100/100
|turn|28
|inactive|lati246 has 90 seconds left.
|
|t:|1779690623
|-terastallize|p1a: Great Tusk|Fairy
|move|p1a: Great Tusk|Play Rough|p2a: Zamazenta
|-supereffective|p2a: Zamazenta
|-damage|p2a: Zamazenta|2/100
|move|p2a: Zamazenta|Body Press|p1a: Great Tusk
|-resisted|p1a: Great Tusk
|-damage|p1a: Great Tusk|56/100
|
|-heal|p2a: Zamazenta|8/100|[from] item: Leftovers
|upkeep
|turn|29
|inactive|lati246 has 90 seconds left.
|
|t:|1779690629
|move|p1a: Great Tusk|Play Rough|p2a: Zamazenta
|-supereffective|p2a: Zamazenta
|-damage|p2a: Zamazenta|0 fnt
|faint|p2a: Zamazenta
|
|upkeep
|inactive|lati246 has 90 seconds left.
|inactive|lati246 has 60 seconds left.
|
|t:|1779690677
|switch|p2a: Samurott|Samurott-Hisui, M|100/100
|turn|30
|
|t:|1779690681
|-terastallize|p2a: Samurott|Ghost
|move|p1a: Great Tusk|Play Rough|p2a: Samurott
|-damage|p2a: Samurott|39/100
|move|p2a: Samurott|Razor Shell|p1a: Great Tusk
|-crit|p1a: Great Tusk
|-damage|p1a: Great Tusk|0 fnt
|faint|p1a: Great Tusk
|-end|p1a: Great Tusk|Protosynthesis|[silent]
|
|win|lati246
|raw|czyczyczyczy's rating: 1298 &rarr; <strong>1271</strong><br />(-27 for losing)
|raw|lati246's rating: 1264 &rarr; <strong>1291</strong><br />(+27 for winning)
|l|☆lati246
|player|p2|
|l|☆czyczyczyczy
|player|p1|
