|j|☆jvonaser
|j|☆dandynasty
|t:|1779684162
|gametype|singles
|player|p1|jvonaser|swimmerf-gen4|1139
|player|p2|dandynasty|harlequin|1060
|gen|9
|tier|[Gen 9] OU
|rated|
|rule|HP Percentage Mod: HP is shown in percentages
|rule|Endless Battle Clause: Forcing endless battles is banned
|rule|Species Clause: Limit one of each Pokémon
|rule|OHKO Clause: OHKO moves are banned
|rule|Evasion Items Clause: Evasion items are banned
|rule|Evasion Moves Clause: Evasion moves are banned
|rule|Evasion Abilities Clause: Evasion abilities are banned
|rule|Sleep Moves Clause: Sleep-inducing moves are banned
|clearpoke
|poke|p1|Greninja-*, F|
|poke|p1|Pelipper, F|
|poke|p1|Floatzel, M|
|poke|p1|Amoonguss, F|
|poke|p1|Iron Treads|
|poke|p1|Kingambit, M|
|poke|p2|Regieleki|
|poke|p2|Electivire, F|
|poke|p2|Electrode-Hisui|
|poke|p2|Leavanny, F|
|poke|p2|Ludicolo, F|
|poke|p2|Overqwil, F|
|teampreview
|
|t:|1779684172
|teamsize|p1|6
|teamsize|p2|6
|start
|switch|p1a: Pelipper|Pelipper, F|100/100
|switch|p2a: Regieleki|Regieleki|100/100
|-weather|RainDance|[from] ability: Drizzle|[of] p1a: Pelipper
|turn|1
|
|t:|1779684183
|switch|p1a: Iron Treads|Iron Treads|100/100
|-enditem|p1a: Iron Treads|Booster Energy
|-activate|p1a: Iron Treads|ability: Quark Drive|[fromitem]
|-start|p1a: Iron Treads|quarkdrivespe
|move|p2a: Regieleki|Thunder|p1a: Iron Treads
|-immune|p1a: Iron Treads
|
|-weather|RainDance|[upkeep]
|upkeep
|turn|2
|
|t:|1779684212
|switch|p2a: Ludicolo|Ludicolo, F|100/100
|move|p1a: Iron Treads|Stealth Rock|p2a: Ludicolo
|-sidestart|p2: dandynasty|move: Stealth Rock
|
|-weather|RainDance|[upkeep]
|upkeep
|turn|3
|
|t:|1779684228
|-end|p1a: Iron Treads|Quark Drive|[silent]
|switch|p1a: Floatzel|Floatzel, M|100/100
|move|p2a: Ludicolo|Leech Seed|p1a: Floatzel|[miss]
|-miss|p2a: Ludicolo|p1a: Floatzel
|
|-weather|RainDance|[upkeep]
|upkeep
|turn|4
|
|t:|1779684236
|move|p1a: Floatzel|Ice Spinner|p2a: Ludicolo
|-damage|p2a: Ludicolo|50/100
|move|p2a: Ludicolo|Leech Seed|p1a: Floatzel
|-start|p1a: Floatzel|move: Leech Seed
|
|-weather|RainDance|[upkeep]
|-heal|p2a: Ludicolo|56/100|[from] ability: Rain Dish
|-heal|p2a: Ludicolo|62/100|[from] item: Leftovers
|-damage|p1a: Floatzel|88/100|[from] Leech Seed|[of] p2a: Ludicolo
|-heal|p2a: Ludicolo|73/100|[silent]
|upkeep
|turn|5
|
|t:|1779684246
|move|p1a: Floatzel|Ice Spinner|p2a: Ludicolo
|-damage|p2a: Ludicolo|16/100
|move|p2a: Ludicolo|Giga Drain|p1a: Floatzel
|-supereffective|p1a: Floatzel
|-damage|p1a: Floatzel|4/100
|-heal|p2a: Ludicolo|55/100|[from] drain|[of] p1a: Floatzel
|
|-weather|RainDance|[upkeep]
|-heal|p2a: Ludicolo|61/100|[from] ability: Rain Dish
|-heal|p2a: Ludicolo|67/100|[from] item: Leftovers
|-damage|p1a: Floatzel|0 fnt|[from] Leech Seed|[of] p2a: Ludicolo
|-heal|p2a: Ludicolo|71/100|[silent]
|faint|p1a: Floatzel
|upkeep
|
|t:|1779684283
|switch|p1a: Amoonguss|Amoonguss, F|100/100
|turn|6
|
|t:|1779684314
|switch|p2a: Leavanny|Leavanny, F|100/100
|-damage|p2a: Leavanny|76/100|[from] Stealth Rock
|move|p1a: Amoonguss|Sludge Bomb|p2a: Leavanny
|-supereffective|p2a: Leavanny
|-damage|p2a: Leavanny|0 fnt
|faint|p2a: Leavanny
|
|-weather|RainDance|[upkeep]
|upkeep
|
|t:|1779684330
|switch|p2a: Regieleki|Regieleki|100/100
|-damage|p2a: Regieleki|88/100|[from] Stealth Rock
|turn|7
|
|t:|1779684420
|switch|p1a: Iron Treads|Iron Treads|100/100
|move|p2a: Regieleki|Thunder|p1a: Iron Treads
|-immune|p1a: Iron Treads
|
|-weather|RainDance|[upkeep]
|upkeep
|turn|8
|
|t:|1779684438
|switch|p2a: Ludicolo|Ludicolo, F|71/100
|-damage|p2a: Ludicolo|58/100|[from] Stealth Rock
|move|p1a: Iron Treads|Earthquake|p2a: Ludicolo
|-resisted|p2a: Ludicolo
|-damage|p2a: Ludicolo|26/100
|
|-weather|none
|-heal|p2a: Ludicolo|32/100|[from] item: Leftovers
|upkeep
|turn|9
|
|t:|1779684453
|-end|p1a: Iron Treads|Quark Drive|[silent]
|switch|p1a: Greninja|Greninja, F, shiny|100/100
|move|p2a: Ludicolo|Giga Drain|p1a: Greninja
|-supereffective|p1a: Greninja
|-damage|p1a: Greninja|30/100
|-heal|p2a: Ludicolo|60/100|[from] drain|[of] p1a: Greninja
|
|-heal|p2a: Ludicolo|66/100|[from] item: Leftovers
|upkeep
|turn|10
|
|t:|1779684467
|move|p1a: Greninja|Ice Beam|p2a: Ludicolo
|-start|p1a: Greninja|typechange|Ice|[from] ability: Protean
|-damage|p2a: Ludicolo|27/100
|move|p2a: Ludicolo|Giga Drain|p1a: Greninja
|-damage|p1a: Greninja|0 fnt
|-heal|p2a: Ludicolo|39/100|[from] drain|[of] p1a: Greninja
|faint|p1a: Greninja
|
|-heal|p2a: Ludicolo|45/100|[from] item: Leftovers
|upkeep
|
|t:|1779684492
|switch|p1a: Amoonguss|Amoonguss, F|100/100
|turn|11
|
|t:|1779684499
|move|p2a: Ludicolo|Protect|p2a: Ludicolo
|-singleturn|p2a: Ludicolo|Protect
|move|p1a: Amoonguss|Sludge Bomb|p2a: Ludicolo
|-activate|p2a: Ludicolo|move: Protect
|
|-heal|p2a: Ludicolo|51/100|[from] item: Leftovers
|upkeep
|turn|12
|
|t:|1779684509
|switch|p2a: Overqwil|Overqwil, F|100/100
|-damage|p2a: Overqwil|88/100|[from] Stealth Rock
|move|p1a: Amoonguss|Sludge Bomb|p2a: Overqwil
|-resisted|p2a: Overqwil
|-damage|p2a: Overqwil|71/100
|
|-heal|p2a: Overqwil|78/100|[from] item: Leftovers
|upkeep
|turn|13
|
|t:|1779684537
|switch|p1a: Kingambit|Kingambit, M|100/100
|-activate|p1a: Kingambit|ability: Supreme Overlord
|-start|p1a: Kingambit|fallen2|[silent]
|move|p2a: Overqwil|Throat Chop|p1a: Kingambit
|-resisted|p1a: Kingambit
|-damage|p1a: Kingambit|89/100
|-start|p1a: Kingambit|Throat Chop|[silent]
|
|-heal|p2a: Overqwil|84/100|[from] item: Leftovers
|upkeep
|turn|14
|
|t:|1779684559
|move|p2a: Overqwil|Throat Chop|p1a: Kingambit
|-resisted|p1a: Kingambit
|-damage|p1a: Kingambit|76/100
|move|p1a: Kingambit|Swords Dance|p1a: Kingambit
|-boost|p1a: Kingambit|atk|2
|
|-heal|p2a: Overqwil|90/100|[from] item: Leftovers
|-end|p1a: Kingambit|Throat Chop|[silent]
|upkeep
|turn|15
|
|t:|1779684569
|move|p2a: Overqwil|Haze|p2a: Overqwil
|-clearallboost
|move|p1a: Kingambit|Iron Head|p2a: Overqwil
|-damage|p2a: Overqwil|31/100
|
|-heal|p2a: Overqwil|37/100|[from] item: Leftovers
|upkeep
|turn|16
|
|t:|1779684580
|move|p2a: Overqwil|Throat Chop|p1a: Kingambit
|-resisted|p1a: Kingambit
|-damage|p1a: Kingambit|63/100
|-start|p1a: Kingambit|Throat Chop|[silent]
|move|p1a: Kingambit|Swords Dance|p1a: Kingambit
|-boost|p1a: Kingambit|atk|2
|
|-heal|p2a: Overqwil|44/100|[from] item: Leftovers
|upkeep
|turn|17
|
|t:|1779684590
|move|p1a: Kingambit|Sucker Punch||[still]
|-fail|p1a: Kingambit
|move|p2a: Overqwil|Haze|p2a: Overqwil
|-clearallboost
|
|-heal|p2a: Overqwil|50/100|[from] item: Leftovers
|-end|p1a: Kingambit|Throat Chop|[silent]
|upkeep
|turn|18
|
|t:|1779684602
|move|p2a: Overqwil|Throat Chop|p1a: Kingambit
|-resisted|p1a: Kingambit
|-damage|p1a: Kingambit|51/100
|-start|p1a: Kingambit|Throat Chop|[silent]
|move|p1a: Kingambit|Iron Head|p2a: Overqwil
|-damage|p2a: Overqwil|0 fnt
|faint|p2a: Overqwil
|
|upkeep
|
|t:|1779684616
|switch|p2a: Regieleki|Regieleki|88/100
|-damage|p2a: Regieleki|76/100|[from] Stealth Rock
|turn|19
|
|t:|1779684634
|move|p2a: Regieleki|Volt Switch|p1a: Kingambit
|-damage|p1a: Kingambit|0 fnt
|faint|p1a: Kingambit
|-end|p1a: Kingambit|fallen2|[silent]
|
|t:|1779684639
|switch|p2a: Ludicolo|Ludicolo, F|51/100|[from] Volt Switch
|-damage|p2a: Ludicolo|39/100|[from] Stealth Rock
|
|-heal|p2a: Ludicolo|45/100|[from] item: Leftovers
|upkeep
|
|t:|1779684650
|switch|p1a: Iron Treads|Iron Treads|100/100
|turn|20
|
|t:|1779684664
|-end|p1a: Iron Treads|Quark Drive|[silent]
|switch|p1a: Amoonguss|Amoonguss, F|100/100
|move|p2a: Ludicolo|Giga Drain|p1a: Amoonguss
|-resisted|p1a: Amoonguss
|-damage|p1a: Amoonguss|95/100
|-heal|p2a: Ludicolo|48/100|[from] drain|[of] p1a: Amoonguss
|-enditem|p1a: Amoonguss|Eject Button
|
|t:|1779684678
|switch|p1a: Pelipper|Pelipper, F|100/100
|-weather|RainDance|[from] ability: Drizzle|[of] p1a: Pelipper
|
|-weather|RainDance|[upkeep]
|-heal|p2a: Ludicolo|54/100|[from] ability: Rain Dish
|-heal|p2a: Ludicolo|60/100|[from] item: Leftovers
|upkeep
|turn|21
|
|t:|1779684692
|move|p2a: Ludicolo|Thunder Punch|p1a: Pelipper
|-supereffective|p1a: Pelipper
|-damage|p1a: Pelipper|61/100
|move|p1a: Pelipper|U-turn|p2a: Ludicolo
|-supereffective|p2a: Ludicolo
|-damage|p2a: Ludicolo|39/100
|
|t:|1779684699
|switch|p1a: Amoonguss|Amoonguss, F|100/100|[from] U-turn
|
|-weather|RainDance|[upkeep]
|-heal|p2a: Ludicolo|45/100|[from] ability: Rain Dish
|-heal|p2a: Ludicolo|51/100|[from] item: Leftovers
|upkeep
|turn|22
|
|t:|1779684709
|switch|p2a: Regieleki|Regieleki|76/100
|-damage|p2a: Regieleki|64/100|[from] Stealth Rock
|move|p1a: Amoonguss|Sludge Bomb|p2a: Regieleki
|-damage|p2a: Regieleki|9/100
|
|-weather|RainDance|[upkeep]
|upkeep
|turn|23
|
|t:|1779684722
|move|p2a: Regieleki|Protect|p2a: Regieleki
|-singleturn|p2a: Regieleki|Protect
|move|p1a: Amoonguss|Giga Drain|p2a: Regieleki
|-activate|p2a: Regieleki|move: Protect
|
|-weather|RainDance|[upkeep]
|upkeep
|turn|24
|
|t:|1779684740
|switch|p2a: Electrode|Electrode-Hisui|100/100
|-damage|p2a: Electrode|88/100|[from] Stealth Rock
|move|p1a: Amoonguss|Sludge Bomb|p2a: Electrode
|-supereffective|p2a: Electrode
|-damage|p2a: Electrode|1/100
|
|-weather|RainDance|[upkeep]
|-heal|p2a: Electrode|7/100|[from] item: Leftovers
|upkeep
|turn|25
|
|t:|1779684752
|move|p2a: Electrode|Protect|p2a: Electrode
|-singleturn|p2a: Electrode|Protect
|move|p1a: Amoonguss|Sludge Bomb|p2a: Electrode
|-activate|p2a: Electrode|move: Protect
|
|-weather|RainDance|[upkeep]
|-heal|p2a: Electrode|13/100|[from] item: Leftovers
|upkeep
|turn|26
|
|t:|1779684763
|move|p2a: Electrode|Explosion|p1a: Amoonguss
|-damage|p1a: Amoonguss|78/100
|faint|p2a: Electrode
|move|p1a: Amoonguss|Sludge Bomb|p2: Electrode|[notarget]
|-fail|p1a: Amoonguss
|
|-weather|RainDance|[upkeep]
|upkeep
|
|t:|1779684776
|switch|p2a: Electivire|Electivire, F|100/100
|-damage|p2a: Electivire|88/100|[from] Stealth Rock
|turn|27
|
|t:|1779684785
|switch|p1a: Iron Treads|Iron Treads|100/100
|move|p2a: Electivire|Thunder|p1a: Iron Treads
|-immune|p1a: Iron Treads
|
|-weather|none
|upkeep
|turn|28
|
|t:|1779684799
|move|p1a: Iron Treads|Earthquake|p2a: Electivire
|-supereffective|p2a: Electivire
|-damage|p2a: Electivire|0 fnt
|faint|p2a: Electivire
|
|upkeep
|
|t:|1779684805
|switch|p2a: Ludicolo|Ludicolo, F|51/100
|-damage|p2a: Ludicolo|39/100|[from] Stealth Rock
|turn|29
|
|t:|1779684813
|-end|p1a: Iron Treads|Quark Drive|[silent]
|switch|p1a: Amoonguss|Amoonguss, F|100/100
|move|p2a: Ludicolo|Giga Drain|p1a: Amoonguss
|-resisted|p1a: Amoonguss
|-damage|p1a: Amoonguss|95/100
|-heal|p2a: Ludicolo|42/100|[from] drain|[of] p1a: Amoonguss
|
|-heal|p2a: Ludicolo|48/100|[from] item: Leftovers
|upkeep
|turn|30
|
|t:|1779684824
|move|p2a: Ludicolo|Protect|p2a: Ludicolo
|-singleturn|p2a: Ludicolo|Protect
|move|p1a: Amoonguss|Sludge Bomb|p2a: Ludicolo
|-activate|p2a: Ludicolo|move: Protect
|
|-heal|p2a: Ludicolo|54/100|[from] item: Leftovers
|upkeep
|turn|31
|
|t:|1779684850
|move|p2a: Ludicolo|Giga Drain|p1a: Amoonguss
|-resisted|p1a: Amoonguss
|-damage|p1a: Amoonguss|89/100
|-heal|p2a: Ludicolo|57/100|[from] drain|[of] p1a: Amoonguss
|move|p1a: Amoonguss|Sludge Bomb|p2a: Ludicolo
|-supereffective|p2a: Ludicolo
|-damage|p2a: Ludicolo|17/100
|
|-heal|p2a: Ludicolo|23/100|[from] item: Leftovers
|upkeep
|turn|32
|-message|dandynasty forfeited.
|
|win|jvonaser
|raw|jvonaser's rating: 1139 &rarr; <strong>1158</strong><br />(+19 for winning)
|raw|dandynasty's rating: 1060 &rarr; <strong>1045</strong><br />(-15 for losing)
|l|☆dandynasty
|player|p2|
