|j|☆TWENNY7
|j|☆iamcarguy
|t:|1779632010
|gametype|singles
|player|p1|TWENNY7|hau-stance|1372
|player|p2|iamcarguy|palmer|1342
|gen|9
|tier|[Gen 9] OU
|rated|
|rule|HP Percentage Mod: HP is shown in percentages
|rule|Endless Battle Clause: Forcing endless battles is banned
|rule|Species Clause: Limit one of each Pokémon
|rule|OHKO Clause: OHKO moves are banned
|rule|Evasion Items Clause: Evasion items are banned
|rule|Evasion Moves Clause: Evasion moves are banned
|rule|Evasion Abilities Clause: Evasion abilities are banned
|rule|Sleep Moves Clause: Sleep-inducing moves are banned
|clearpoke
|poke|p1|Iron Valiant|
|poke|p1|Tyranitar, M|
|poke|p1|Zapdos|
|poke|p1|Darkrai|
|poke|p1|Okidogi, M|
|poke|p1|Deoxys-Speed|
|poke|p2|Gholdengo|
|poke|p2|Zapdos|
|poke|p2|Moltres|
|poke|p2|Iron Treads|
|poke|p2|Dragapult, F|
|poke|p2|Ogerpon-Wellspring, F|
|teampreview
|inactive|Battle timer is ON: inactive players will automatically lose when time's up. (requested by iamcarguy)
|
|t:|1779632039
|teamsize|p1|6
|teamsize|p2|6
|start
|switch|p1a: Deoxys|Deoxys-Speed|100/100
|switch|p2a: Ogerpon|Ogerpon-Wellspring, F|100/100
|-ability|p1a: Deoxys|Pressure
|turn|1
|
|t:|1779632044
|-terastallize|p1a: Deoxys|Psychic
|move|p1a: Deoxys|Psycho Boost|p2a: Ogerpon
|-damage|p2a: Ogerpon|0 fnt
|-unboost|p1a: Deoxys|spa|2
|faint|p2a: Ogerpon
|
|upkeep
|
|t:|1779632052
|switch|p2a: Dragapult|Dragapult, F|100/100
|turn|2
|
|t:|1779632055
|switch|p1a: CODE:red|Tyranitar, M, shiny|100/100
|-weather|Sandstorm|[from] ability: Sand Stream|[of] p1a: CODE:red
|move|p2a: Dragapult|Thunder Wave|p1a: CODE:red
|-status|p1a: CODE:red|par
|
|-weather|Sandstorm|[upkeep]
|-damage|p2a: Dragapult|95/100|[from] Sandstorm
|upkeep
|turn|3
|
|t:|1779632064
|switch|p2a: Iron Treads|Iron Treads|100/100
|move|p1a: CODE:red|Stealth Rock|p2a: Iron Treads
|-sidestart|p2: iamcarguy|move: Stealth Rock
|
|-weather|Sandstorm|[upkeep]
|upkeep
|turn|4
|
|t:|1779632070
|move|p2a: Iron Treads|Stealth Rock|p1a: CODE:red
|-sidestart|p1: TWENNY7|move: Stealth Rock
|cant|p1a: CODE:red|par
|
|-weather|Sandstorm|[upkeep]
|upkeep
|turn|5
|
|t:|1779632075
|move|p2a: Iron Treads|Earthquake|p1a: CODE:red
|-supereffective|p1a: CODE:red
|-damage|p1a: CODE:red|38/100 par
|-enditem|p1a: CODE:red|Red Card|[of] p2a: Iron Treads
|-end|p2a: Iron Treads|Quark Drive|[silent]
|drag|p2a: Gholdengo|Gholdengo|100/100
|-damage|p2a: Gholdengo|94/100|[from] Stealth Rock
|move|p1a: CODE:red|Knock Off|p2a: Gholdengo
|-supereffective|p2a: Gholdengo
|-damage|p2a: Gholdengo|9/100
|-enditem|p2a: Gholdengo|Leftovers|[from] move: Knock Off|[of] p1a: CODE:red
|
|-weather|Sandstorm|[upkeep]
|upkeep
|turn|6
|
|t:|1779632087
|move|p2a: Gholdengo|Make It Rain|p1a: CODE:red
|-supereffective|p1a: CODE:red
|-damage|p1a: CODE:red|0 fnt
|-unboost|p2a: Gholdengo|spa|1
|faint|p1a: CODE:red
|
|-weather|none
|upkeep
|
|t:|1779632103
|switch|p1a: Zzz|Darkrai|100/100
|-damage|p1a: Zzz|88/100|[from] Stealth Rock
|turn|7
|
|t:|1779632110
|switch|p2a: Moltres|Moltres|100/100
|move|p1a: Zzz|Ice Beam|p2a: Moltres
|-damage|p2a: Moltres|79/100
|
|upkeep
|turn|8
|
|t:|1779632117
|switch|p1a: SHOXY|Zapdos|100/100
|-damage|p1a: SHOXY|76/100|[from] Stealth Rock
|move|p2a: Moltres|Flamethrower|p1a: SHOXY
|-damage|p1a: SHOXY|29/100
|
|upkeep
|turn|9
|
|t:|1779632123
|move|p1a: SHOXY|Hurricane|p2a: Moltres|[miss]
|-miss|p1a: SHOXY|p2a: Moltres
|move|p2a: Moltres|Flamethrower|p1a: SHOXY
|-damage|p1a: SHOXY|0 fnt
|faint|p1a: SHOXY
|
|upkeep
|
|t:|1779632128
|switch|p1a: Deoxys|Deoxys-Speed, tera:Psychic|100/100
|-damage|p1a: Deoxys|88/100|[from] Stealth Rock
|-ability|p1a: Deoxys|Pressure
|turn|10
|
|t:|1779632133
|move|p1a: Deoxys|Psycho Boost|p2a: Moltres
|-damage|p2a: Moltres|0 fnt
|-unboost|p1a: Deoxys|spa|2
|faint|p2a: Moltres
|
|upkeep
|
|t:|1779632137
|switch|p2a: Iron Treads|Iron Treads|100/100
|-damage|p2a: Iron Treads|98/100|[from] Stealth Rock
|turn|11
|
|t:|1779632144
|switch|p1a: RUNE 2H|Iron Valiant|100/100
|-damage|p1a: RUNE 2H|94/100|[from] Stealth Rock
|-enditem|p1a: RUNE 2H|Booster Energy
|-activate|p1a: RUNE 2H|ability: Quark Drive|[fromitem]
|-start|p1a: RUNE 2H|quarkdrivespe
|move|p2a: Iron Treads|Rapid Spin|p1a: RUNE 2H
|-damage|p1a: RUNE 2H|79/100
|-boost|p2a: Iron Treads|spe|1
|-sideend|p2: iamcarguy|Stealth Rock|[from] move: Rapid Spin|[of] p2a: Iron Treads
|
|-heal|p2a: Iron Treads|100/100|[from] item: Leftovers
|upkeep
|turn|12
|
|t:|1779632158
|move|p1a: RUNE 2H|Close Combat|p2a: Iron Treads
|-supereffective|p2a: Iron Treads
|-damage|p2a: Iron Treads|11/100
|-unboost|p1a: RUNE 2H|def|1
|-unboost|p1a: RUNE 2H|spd|1
|move|p2a: Iron Treads|Rapid Spin|p1a: RUNE 2H
|-damage|p1a: RUNE 2H|53/100
|-boost|p2a: Iron Treads|spe|1
|
|-heal|p2a: Iron Treads|17/100|[from] item: Leftovers
|upkeep
|turn|13
|
|t:|1779632166
|move|p1a: RUNE 2H|Liquidation|p2a: Iron Treads
|-supereffective|p2a: Iron Treads
|-damage|p2a: Iron Treads|0 fnt
|faint|p2a: Iron Treads
|-end|p2a: Iron Treads|Quark Drive|[silent]
|
|upkeep
|
|t:|1779632172
|switch|p2a: Zapdos|Zapdos|100/100
|turn|14
|
|t:|1779632176
|move|p1a: RUNE 2H|Knock Off|p2a: Zapdos
|-damage|p2a: Zapdos|76/100
|-enditem|p2a: Zapdos|Heavy-Duty Boots|[from] move: Knock Off|[of] p1a: RUNE 2H
|move|p2a: Zapdos|Volt Switch|p1a: RUNE 2H
|-damage|p1a: RUNE 2H|0 fnt
|faint|p1a: RUNE 2H
|-end|p1a: RUNE 2H|Quark Drive|[silent]
|
|t:|1779632181
|switch|p2a: Gholdengo|Gholdengo|9/100|[from] Volt Switch
|
|upkeep
|
|t:|1779632188
|switch|p1a: Zzz|Darkrai|88/100
|-damage|p1a: Zzz|76/100|[from] Stealth Rock
|turn|15
|
|t:|1779632191
|move|p1a: Zzz|Dark Pulse|p2a: Gholdengo
|-supereffective|p2a: Gholdengo
|-damage|p2a: Gholdengo|0 fnt
|faint|p2a: Gholdengo
|
|upkeep
|
|t:|1779632194
|switch|p2a: Dragapult|Dragapult, F|95/100
|turn|16
|
|t:|1779632197
|move|p1a: Zzz|Dark Pulse|p2a: Dragapult
|-supereffective|p2a: Dragapult
|-damage|p2a: Dragapult|0 fnt
|faint|p2a: Dragapult
|
|upkeep
|-message|iamcarguy forfeited.
|
|win|TWENNY7
