|j|☆goon with spoon
|j|☆KnuckleTesting
|t:|1779643331
|gametype|singles
|player|p1|goon with spoon|palmer|1381
|player|p2|KnuckleTesting|266|1551
|gen|9
|tier|[Gen 9] OU
|rated|
|rule|HP Percentage Mod: HP is shown in percentages
|rule|Endless Battle Clause: Forcing endless battles is banned
|rule|Species Clause: Limit one of each Pokémon
|rule|OHKO Clause: OHKO moves are banned
|rule|Evasion Items Clause: Evasion items are banned
|rule|Evasion Moves Clause: Evasion moves are banned
|rule|Evasion Abilities Clause: Evasion abilities are banned
|rule|Sleep Moves Clause: Sleep-inducing moves are banned
|clearpoke
|poke|p1|Zamazenta-*|
|poke|p1|Gliscor, F|
|poke|p1|Great Tusk|
|poke|p1|Kyurem|
|poke|p1|Gholdengo|
|poke|p1|Rillaboom, F|
|poke|p2|Iron Valiant|
|poke|p2|Ribombee, M|
|poke|p2|Gholdengo|
|poke|p2|Ceruledge, M|
|poke|p2|Raging Bolt|
|poke|p2|Kingambit, M|
|teampreview
|inactive|Battle timer is ON: inactive players will automatically lose when time's up. (requested by KnuckleTesting)
|
|t:|1779643348
|teamsize|p1|6
|teamsize|p2|6
|start
|switch|p1a: HEDGE|Gliscor, F|100/100
|switch|p2a: Ribombee|Ribombee, M|100/100
|turn|1
|
|t:|1779643361
|move|p1a: HEDGE|Protect|p1a: HEDGE
|-singleturn|p1a: HEDGE|Protect
|move|p2a: Ribombee|Sticky Web|p1a: HEDGE
|-sidestart|p1: goon with spoon|move: Sticky Web
|
|-status|p1a: HEDGE|tox|[from] item: Toxic Orb
|upkeep
|turn|2
|
|t:|1779643371
|move|p2a: Ribombee|Moonblast|p1a: HEDGE
|-damage|p1a: HEDGE|67/100 tox
|-unboost|p1a: HEDGE|spa|1
|move|p1a: HEDGE|Toxic|p2a: Ribombee|[miss]
|-miss|p1a: HEDGE|p2a: Ribombee
|
|-heal|p1a: HEDGE|79/100 tox|[from] ability: Poison Heal
|upkeep
|turn|3
|
|t:|1779643379
|move|p1a: HEDGE|Protect|p1a: HEDGE
|-singleturn|p1a: HEDGE|Protect
|move|p2a: Ribombee|Skill Swap|p1a: HEDGE
|-activate|p1a: HEDGE|move: Protect
|
|-heal|p1a: HEDGE|92/100 tox|[from] ability: Poison Heal
|upkeep
|turn|4
|
|t:|1779643392
|switch|p1a: ADDRESS ME|Great Tusk|100/100
|move|p2a: Ribombee|Skill Swap||[still]
|-fail|p2a: Ribombee
|
|upkeep
|turn|5
|
|t:|1779643412
|-end|p1a: ADDRESS ME|Protosynthesis|[silent]
|switch|p1a: THEY STAY UP|Gholdengo|100/100
|-item|p1a: THEY STAY UP|Air Balloon
|move|p2a: Ribombee|Moonblast|p1a: THEY STAY UP
|-resisted|p1a: THEY STAY UP
|-damage|p1a: THEY STAY UP|81/100
|-enditem|p1a: THEY STAY UP|Air Balloon
|
|upkeep
|turn|6
|
|t:|1779643419
|switch|p2a: Raging Bolt|Raging Bolt|100/100
|-enditem|p2a: Raging Bolt|Booster Energy
|-activate|p2a: Raging Bolt|ability: Protosynthesis|[fromitem]
|-start|p2a: Raging Bolt|protosynthesisspa
|move|p1a: THEY STAY UP|Make It Rain|p2a: Raging Bolt
|-resisted|p2a: Raging Bolt
|-damage|p2a: Raging Bolt|77/100
|-unboost|p1a: THEY STAY UP|spa|1
|
|upkeep
|turn|7
|
|t:|1779643448
|switch|p1a: HEDGE|Gliscor, F|92/100 tox
|move|p2a: Raging Bolt|Calm Mind|p2a: Raging Bolt
|-boost|p2a: Raging Bolt|spa|1
|-boost|p2a: Raging Bolt|spd|1
|
|-heal|p1a: HEDGE|100/100 tox|[from] ability: Poison Heal
|upkeep
|turn|8
|
|t:|1779643455
|move|p2a: Raging Bolt|Calm Mind|p2a: Raging Bolt
|-boost|p2a: Raging Bolt|spa|1
|-boost|p2a: Raging Bolt|spd|1
|move|p1a: HEDGE|Toxic|p2a: Raging Bolt
|-status|p2a: Raging Bolt|tox
|
|-damage|p2a: Raging Bolt|71/100 tox|[from] psn
|upkeep
|turn|9
|
|t:|1779643472
|move|p1a: HEDGE|Protect|p1a: HEDGE
|-singleturn|p1a: HEDGE|Protect
|move|p2a: Raging Bolt|Dragon Pulse|p1a: HEDGE
|-activate|p1a: HEDGE|move: Protect
|
|-damage|p2a: Raging Bolt|59/100 tox|[from] psn
|upkeep
|turn|10
|inactive|goon with spoon has 120 seconds left.
|
|t:|1779643490
|switch|p1a: THEY STAY UP|Gholdengo|81/100
|-activate|p1a: THEY STAY UP|move: Sticky Web
|-unboost|p1a: THEY STAY UP|spe|1
|move|p2a: Raging Bolt|Dragon Pulse|p1a: THEY STAY UP
|-resisted|p1a: THEY STAY UP
|-damage|p1a: THEY STAY UP|22/100
|
|-damage|p2a: Raging Bolt|40/100 tox|[from] psn
|upkeep
|turn|11
|inactive|goon with spoon has 120 seconds left.
|
|t:|1779643501
|move|p2a: Raging Bolt|Dragon Pulse|p1a: THEY STAY UP
|-resisted|p1a: THEY STAY UP
|-damage|p1a: THEY STAY UP|0 fnt
|faint|p1a: THEY STAY UP
|
|-damage|p2a: Raging Bolt|16/100 tox|[from] psn
|upkeep
|
|t:|1779643504
|switch|p1a: HEDGE|Gliscor, F|100/100 tox
|turn|12
|
|t:|1779643508
|-end|p2a: Raging Bolt|Protosynthesis|[silent]
|switch|p2a: Ribombee|Ribombee, M|100/100
|move|p1a: HEDGE|Protect||[still]
|-fail|p1a: HEDGE
|
|upkeep
|turn|13
|
|t:|1779643517
|switch|p1a: ADDRESS ME|Great Tusk|100/100
|move|p2a: Ribombee|Moonblast|p1a: ADDRESS ME
|-supereffective|p1a: ADDRESS ME
|-damage|p1a: ADDRESS ME|0 fnt
|faint|p1a: ADDRESS ME
|-end|p1a: ADDRESS ME|Protosynthesis|[silent]
|
|upkeep
|inactive|goon with spoon has 120 seconds left.
|
|t:|1779643552
|switch|p1a: HEDGE|Gliscor, F|100/100 tox
|turn|14
|
|t:|1779643562
|move|p2a: Ribombee|Moonblast|p1a: HEDGE
|-damage|p1a: HEDGE|65/100 tox
|-unboost|p1a: HEDGE|spa|1
|move|p1a: HEDGE|Knock Off|p2a: Ribombee
|-resisted|p2a: Ribombee
|-damage|p2a: Ribombee|79/100
|-enditem|p2a: Ribombee|Focus Sash|[from] move: Knock Off|[of] p1a: HEDGE
|
|-heal|p1a: HEDGE|78/100 tox|[from] ability: Poison Heal
|upkeep
|turn|15
|
|t:|1779643575
|move|p1a: HEDGE|Protect|p1a: HEDGE
|-singleturn|p1a: HEDGE|Protect
|move|p2a: Ribombee|Skill Swap|p1a: HEDGE
|-activate|p1a: HEDGE|move: Protect
|
|-heal|p1a: HEDGE|90/100 tox|[from] ability: Poison Heal
|upkeep
|turn|16
|
|t:|1779643584
|move|p2a: Ribombee|Moonblast|p1a: HEDGE
|-damage|p1a: HEDGE|56/100 tox
|move|p1a: HEDGE|Toxic|p2a: Ribombee
|-status|p2a: Ribombee|tox
|
|-damage|p2a: Ribombee|73/100 tox|[from] psn
|-heal|p1a: HEDGE|69/100 tox|[from] ability: Poison Heal
|upkeep
|turn|17
|
|t:|1779643596
|move|p1a: HEDGE|Protect|p1a: HEDGE
|-singleturn|p1a: HEDGE|Protect
|move|p2a: Ribombee|Moonblast|p1a: HEDGE
|-activate|p1a: HEDGE|move: Protect
|
|-damage|p2a: Ribombee|61/100 tox|[from] psn
|-heal|p1a: HEDGE|81/100 tox|[from] ability: Poison Heal
|upkeep
|turn|18
|
|t:|1779643608
|switch|p1a: OO OO|Rillaboom, F|100/100
|-activate|p1a: OO OO|move: Sticky Web
|-unboost|p1a: OO OO|spe|1
|-fieldstart|move: Grassy Terrain|[from] ability: Grassy Surge|[of] p1a: OO OO
|move|p2a: Ribombee|Skill Swap|p1a: OO OO
|-activate|p2a: Ribombee|Skill Swap|Grassy Surge|Shield Dust|[of] p1a: OO OO
|
|-heal|p2a: Ribombee|67/100 tox|[from] Grassy Terrain
|-damage|p2a: Ribombee|49/100 tox|[from] psn
|upkeep
|turn|19
|
|t:|1779643620
|move|p1a: OO OO|Grassy Glide|p2a: Ribombee
|-resisted|p2a: Ribombee
|-damage|p2a: Ribombee|12/100 tox
|move|p2a: Ribombee|Moonblast|p1a: OO OO
|-damage|p1a: OO OO|72/100
|
|-heal|p2a: Ribombee|18/100 tox|[from] Grassy Terrain
|-heal|p1a: OO OO|78/100|[from] Grassy Terrain
|-damage|p2a: Ribombee|0 fnt|[from] psn
|faint|p2a: Ribombee
|upkeep
|
|t:|1779643625
|switch|p2a: Ceruledge|Ceruledge, M|100/100
|turn|20
|
|t:|1779643634
|move|p2a: Ceruledge|Swords Dance|p2a: Ceruledge
|-boost|p2a: Ceruledge|atk|2
|move|p1a: OO OO|Knock Off|p2a: Ceruledge
|-supereffective|p2a: Ceruledge
|-damage|p2a: Ceruledge|0 fnt
|-enditem|p2a: Ceruledge|Heavy-Duty Boots|[from] move: Knock Off|[of] p1a: OO OO
|faint|p2a: Ceruledge
|
|-heal|p1a: OO OO|84/100|[from] Grassy Terrain
|upkeep
|
|t:|1779643639
|switch|p2a: Iron Valiant|Iron Valiant|100/100
|-enditem|p2a: Iron Valiant|Booster Energy
|-activate|p2a: Iron Valiant|ability: Quark Drive|[fromitem]
|-start|p2a: Iron Valiant|quarkdrivespa
|turn|21
|
|t:|1779643651
|move|p1a: OO OO|Grassy Glide|p2a: Iron Valiant
|-damage|p2a: Iron Valiant|51/100
|move|p2a: Iron Valiant|Moonblast|p1a: OO OO
|-damage|p1a: OO OO|33/100
|
|-heal|p2a: Iron Valiant|58/100|[from] Grassy Terrain
|-heal|p1a: OO OO|40/100|[from] Grassy Terrain
|upkeep
|turn|22
|
|t:|1779643658
|move|p1a: OO OO|Grassy Glide|p2a: Iron Valiant
|-damage|p2a: Iron Valiant|11/100
|move|p2a: Iron Valiant|Moonblast|p1a: OO OO
|-damage|p1a: OO OO|0 fnt
|faint|p1a: OO OO
|
|-heal|p2a: Iron Valiant|17/100|[from] Grassy Terrain
|-fieldend|move: Grassy Terrain
|upkeep
|
|t:|1779643674
|switch|p1a: HEDGE|Gliscor, F|81/100 tox
|turn|23
|
|t:|1779643681
|move|p2a: Iron Valiant|Moonblast|p1a: HEDGE
|-damage|p1a: HEDGE|20/100 tox
|-unboost|p1a: HEDGE|spa|1
|move|p1a: HEDGE|Toxic|p2a: Iron Valiant
|-status|p2a: Iron Valiant|tox
|
|-damage|p2a: Iron Valiant|11/100 tox|[from] psn
|-heal|p1a: HEDGE|33/100 tox|[from] ability: Poison Heal
|upkeep
|turn|24
|
|t:|1779643688
|move|p1a: HEDGE|Protect|p1a: HEDGE
|-singleturn|p1a: HEDGE|Protect
|move|p2a: Iron Valiant|Moonblast|p1a: HEDGE
|-activate|p1a: HEDGE|move: Protect
|
|-damage|p2a: Iron Valiant|0 fnt|[from] psn
|faint|p2a: Iron Valiant
|-end|p2a: Iron Valiant|Quark Drive|[silent]
|-heal|p1a: HEDGE|45/100 tox|[from] ability: Poison Heal
|upkeep
|
|t:|1779643691
|switch|p2a: Gholdengo|Gholdengo|100/100
|-item|p2a: Gholdengo|Air Balloon
|turn|25
|
|t:|1779643706
|-terastallize|p1a: HEDGE|Water
|move|p2a: Gholdengo|Make It Rain|p1a: HEDGE
|-resisted|p1a: HEDGE
|-damage|p1a: HEDGE|19/100 tox
|-unboost|p2a: Gholdengo|spa|1
|move|p1a: HEDGE|Knock Off|p2a: Gholdengo
|-supereffective|p2a: Gholdengo
|-damage|p2a: Gholdengo|53/100
|-enditem|p2a: Gholdengo|Air Balloon
|
|-heal|p1a: HEDGE|31/100 tox|[from] ability: Poison Heal
|upkeep
|turn|26
|
|t:|1779643719
|move|p1a: HEDGE|Protect|p1a: HEDGE
|-singleturn|p1a: HEDGE|Protect
|move|p2a: Gholdengo|Nasty Plot|p2a: Gholdengo
|-boost|p2a: Gholdengo|spa|2
|
|-heal|p1a: HEDGE|44/100 tox|[from] ability: Poison Heal
|upkeep
|turn|27
|
|t:|1779643741
|move|p2a: Gholdengo|Recover|p2a: Gholdengo
|-heal|p2a: Gholdengo|100/100
|move|p1a: HEDGE|Spikes|p2a: Gholdengo
|-sidestart|p2: KnuckleTesting|Spikes
|
|-heal|p1a: HEDGE|56/100 tox|[from] ability: Poison Heal
|upkeep
|turn|28
|
|t:|1779643749
|switch|p1a: Zamazenta|Zamazenta|100/100
|-activate|p1a: Zamazenta|move: Sticky Web
|-unboost|p1a: Zamazenta|spe|1
|-ability|p1a: Zamazenta|Dauntless Shield|boost
|-boost|p1a: Zamazenta|def|1
|move|p2a: Gholdengo|Nasty Plot|p2a: Gholdengo
|-boost|p2a: Gholdengo|spa|2
|
|upkeep
|turn|29
|
|t:|1779643764
|move|p2a: Gholdengo|Make It Rain|p1a: Zamazenta
|-damage|p1a: Zamazenta|0 fnt
|-unboost|p2a: Gholdengo|spa|1
|faint|p1a: Zamazenta
|
|upkeep
|c|☆KnuckleTesting|Man thats a setuofodder gliscor
|
|t:|1779643769
|switch|p1a: HEDGE|Gliscor, F, tera:Water|56/100 tox
|-activate|p1a: HEDGE|move: Sticky Web
|-unboost|p1a: HEDGE|spe|1
|turn|30
|c|☆KnuckleTesting|Ggwp
|
|t:|1779643775
|move|p2a: Gholdengo|Nasty Plot|p2a: Gholdengo
|-boost|p2a: Gholdengo|spa|2
|move|p1a: HEDGE|Knock Off|p2a: Gholdengo
|-supereffective|p2a: Gholdengo
|-damage|p2a: Gholdengo|69/100
|
|-heal|p1a: HEDGE|69/100 tox|[from] ability: Poison Heal
|upkeep
|turn|31
|c|☆goon with spoon|yea
|c|☆goon with spoon|he good against mons that set up and can be toxiced
|inactive|goon with spoon has 120 seconds left.
|c|☆goon with spoon|my elephant dying early was bad
|c|☆goon with spoon|skill swap mindgames lol
|
|t:|1779643819
|move|p2a: Gholdengo|Nasty Plot|p2a: Gholdengo
|-boost|p2a: Gholdengo|spa|2
|move|p1a: HEDGE|Knock Off|p2a: Gholdengo
|-supereffective|p2a: Gholdengo
|-damage|p2a: Gholdengo|40/100
|
|-heal|p1a: HEDGE|81/100 tox|[from] ability: Poison Heal
|upkeep
|turn|32
|c|☆goon with spoon|gg
|c|☆KnuckleTesting|Your Team is pretty weak to hazards i feel Like
|c|☆KnuckleTesting|Ggwp, sir@
|
|t:|1779643838
|move|p2a: Gholdengo|Recover|p2a: Gholdengo
|-heal|p2a: Gholdengo|90/100
|move|p1a: HEDGE|Knock Off|p2a: Gholdengo
|-supereffective|p2a: Gholdengo
|-damage|p2a: Gholdengo|58/100
|
|-heal|p1a: HEDGE|94/100 tox|[from] ability: Poison Heal
|upkeep
|turn|33
|inactive|goon with spoon has 120 seconds left.
|
|t:|1779643848
|move|p1a: HEDGE|Protect|p1a: HEDGE
|-singleturn|p1a: HEDGE|Protect
|move|p2a: Gholdengo|Recover|p2a: Gholdengo
|-heal|p2a: Gholdengo|100/100
|
|-heal|p1a: HEDGE|100/100 tox|[from] ability: Poison Heal
|upkeep
|turn|34
|inactive|goon with spoon has 120 seconds left.
|c|☆goon with spoon|it is, idk what to do ab it tho ngl
|c|☆goon with spoon|i used to have hat
|c|☆goon with spoon|replaced it for zama
|
|t:|1779643883
|move|p2a: Gholdengo|Shadow Ball|p1a: HEDGE
|-damage|p1a: HEDGE|0 fnt
|faint|p1a: HEDGE
|
|upkeep
|
|t:|1779643886
|switch|p1a: THE DON|Kyurem|100/100
|-activate|p1a: THE DON|move: Sticky Web
|-unboost|p1a: THE DON|spe|1
|-ability|p1a: THE DON|Pressure
|turn|35
|c|☆KnuckleTesting|HDB Zama i feel Like
|inactive|KnuckleTesting has 120 seconds left.
|c|☆goon with spoon|thats not bad
|c|☆goon with spoon|lefties is so much value tho
|c|☆KnuckleTesting|Maybe replace rillaboom. Im Not Sure what ITS purpose is on your Team
|c|☆goon with spoon|yea youre right
|c|☆goon with spoon|i needed a special wall kinda
|inactive|KnuckleTesting has 90 seconds left.
|c|☆goon with spoon|and prio
|c|☆KnuckleTesting|SDef Defog Corv + Glis is pretty nice
|c|☆goon with spoon|onnly problem is i dont ahve prio
|inactive|KnuckleTesting has 60 seconds left.
|c|☆goon with spoon|and its pretty important in this meta\
|
|t:|1779643982
|-terastallize|p2a: Gholdengo|Steel
|move|p2a: Gholdengo|Make It Rain|p1a: THE DON
|-supereffective|p1a: THE DON
|-damage|p1a: THE DON|0 fnt
|-unboost|p2a: Gholdengo|spa|1
|faint|p1a: THE DON
|
|win|KnuckleTesting
|raw|goon with spoon's rating: 1381 &rarr; <strong>1370</strong><br />(-11 for losing)
|raw|KnuckleTesting's rating: 1551 &rarr; <strong>1562</strong><br />(+11 for winning)
