|j|☆Nuii09
|j|☆gyhe
|t:|1779561964
|gametype|singles
|player|p1|Nuii09|baker|1698
|player|p2|gyhe|266|1652
|gen|9
|tier|[Gen 9] OU
|rated|
|rule|HP Percentage Mod: HP is shown in percentages
|rule|Endless Battle Clause: Forcing endless battles is banned
|rule|Species Clause: Limit one of each Pokémon
|rule|OHKO Clause: OHKO moves are banned
|rule|Evasion Items Clause: Evasion items are banned
|rule|Evasion Moves Clause: Evasion moves are banned
|rule|Evasion Abilities Clause: Evasion abilities are banned
|rule|Sleep Moves Clause: Sleep-inducing moves are banned
|clearpoke
|poke|p1|Hydrapple, M|
|poke|p1|Darkrai|
|poke|p1|Cinderace, M|
|poke|p1|Clodsire, F|
|poke|p1|Corviknight, F|
|poke|p1|Alomomola, M|
|poke|p2|Lokix, F|
|poke|p2|Pecharunt|
|poke|p2|Zamazenta-*|
|poke|p2|Ting-Lu|
|poke|p2|Latios, M|
|poke|p2|Gliscor, M|
|teampreview
|inactive|Battle timer is ON: inactive players will automatically lose when time's up. (requested by gyhe)
|
|t:|1779562041
|teamsize|p1|6
|teamsize|p2|6
|start
|switch|p1a: Cinderace|Cinderace, M|100/100
|switch|p2a: Lokix|Lokix, F|100/100
|turn|1
|
|t:|1779562049
|switch|p2a: Pecharunt|Pecharunt|100/100
|move|p1a: Cinderace|Pyro Ball|p2a: Pecharunt
|-damage|p2a: Pecharunt|62/100
|-status|p2a: Pecharunt|brn
|
|-damage|p2a: Pecharunt|56/100 brn|[from] brn
|upkeep
|turn|2
|
|t:|1779562058
|move|p1a: Cinderace|Pyro Ball|p2a: Pecharunt
|-damage|p2a: Pecharunt|15/100 brn
|move|p2a: Pecharunt|Recover|p2a: Pecharunt
|-heal|p2a: Pecharunt|65/100 brn
|
|-damage|p2a: Pecharunt|59/100 brn|[from] brn
|upkeep
|turn|3
|
|t:|1779562067
|switch|p1a: Corviknight|Corviknight, F|100/100
|-ability|p1a: Corviknight|Pressure
|move|p2a: Pecharunt|Recover|p2a: Pecharunt
|-heal|p2a: Pecharunt|100/100 brn
|
|-damage|p2a: Pecharunt|94/100 brn|[from] brn
|upkeep
|turn|4
|
|t:|1779562071
|move|p2a: Pecharunt|Parting Shot|p1a: Corviknight
|-unboost|p1a: Corviknight|atk|1
|-unboost|p1a: Corviknight|spa|1
|
|t:|1779562076
|switch|p2a: Gliscor|Gliscor, M|100/100|[from] Parting Shot
|move|p1a: Corviknight|U-turn|p2a: Gliscor
|-resisted|p2a: Gliscor
|-damage|p2a: Gliscor|97/100
|
|t:|1779562081
|switch|p1a: Hydrapple|Hydrapple, M|100/100|[from] U-turn
|
|-status|p2a: Gliscor|tox|[from] item: Toxic Orb
|upkeep
|turn|5
|
|t:|1779562086
|move|p2a: Gliscor|Knock Off|p1a: Hydrapple
|-damage|p1a: Hydrapple|84/100
|-enditem|p1a: Hydrapple|Life Orb|[from] move: Knock Off|[of] p2a: Gliscor
|move|p1a: Hydrapple|Fickle Beam|p2a: Gliscor
|-damage|p2a: Gliscor|60/100 tox
|
|-heal|p2a: Gliscor|73/100 tox|[from] ability: Poison Heal
|upkeep
|turn|6
|j| Mslaganjaestranja
|
|t:|1779562099
|move|p2a: Gliscor|U-turn|p1a: Hydrapple
|-supereffective|p1a: Hydrapple
|-damage|p1a: Hydrapple|61/100
|
|t:|1779562121
|switch|p2a: Lokix|Lokix, F|100/100|[from] U-turn
|move|p1a: Hydrapple|Nasty Plot|p1a: Hydrapple
|-boost|p1a: Hydrapple|spa|2
|
|upkeep
|turn|7
|
|t:|1779562136
|switch|p1a: Corviknight|Corviknight, F|100/100
|-ability|p1a: Corviknight|Pressure
|move|p2a: Lokix|U-turn|p1a: Corviknight
|-resisted|p1a: Corviknight
|-crit|p1a: Corviknight
|-damage|p1a: Corviknight|84/100
|-damage|p2a: Lokix|84/100|[from] item: Rocky Helmet|[of] p1a: Corviknight
|j| FaronAan
|
|t:|1779562143
|switch|p2a: Ting-Lu|Ting-Lu|100/100|[from] U-turn
|-ability|p2a: Ting-Lu|Vessel of Ruin
|
|upkeep
|turn|8
|
|t:|1779562150
|switch|p1a: Hydrapple|Hydrapple, M|94/100
|move|p2a: Ting-Lu|Ruination|p1a: Hydrapple
|-damage|p1a: Hydrapple|47/100
|
|upkeep
|turn|9
|
|t:|1779562160
|move|p1a: Hydrapple|Leaf Storm|p2a: Ting-Lu
|-supereffective|p2a: Ting-Lu
|-damage|p2a: Ting-Lu|46/100
|-unboost|p1a: Hydrapple|spa|2
|move|p2a: Ting-Lu|Whirlwind|p1a: Hydrapple
|drag|p1a: Cinderace|Cinderace, M|100/100
|
|-heal|p2a: Ting-Lu|53/100|[from] item: Leftovers
|upkeep
|turn|10
|j| Halfgallon67
|
|t:|1779562168
|switch|p2a: Pecharunt|Pecharunt|94/100 brn
|move|p1a: Cinderace|U-turn|p2a: Pecharunt
|-start|p1a: Cinderace|typechange|Bug|[from] ability: Libero
|-resisted|p2a: Pecharunt
|-damage|p2a: Pecharunt|89/100 brn
|
|t:|1779562172
|switch|p1a: Hydrapple|Hydrapple, M|81/100|[from] U-turn
|
|-damage|p2a: Pecharunt|83/100 brn|[from] brn
|upkeep
|turn|11
|
|t:|1779562174
|switch|p1a: Corviknight|Corviknight, F|84/100
|-ability|p1a: Corviknight|Pressure
|move|p2a: Pecharunt|Malignant Chain|p1a: Corviknight
|-immune|p1a: Corviknight
|
|-damage|p2a: Pecharunt|77/100 brn|[from] brn
|upkeep
|turn|12
|l| Halfgallon67
|
|t:|1779562178
|move|p2a: Pecharunt|Recover|p2a: Pecharunt
|-heal|p2a: Pecharunt|100/100 brn
|move|p1a: Corviknight|U-turn|p2a: Pecharunt
|-resisted|p2a: Pecharunt
|-damage|p2a: Pecharunt|99/100 brn
|
|t:|1779562182
|switch|p1a: Darkrai|Darkrai, shiny|100/100|[from] U-turn
|
|-damage|p2a: Pecharunt|93/100 brn|[from] brn
|upkeep
|turn|13
|
|t:|1779562187
|switch|p2a: Ting-Lu|Ting-Lu|53/100
|-ability|p2a: Ting-Lu|Vessel of Ruin
|move|p1a: Darkrai|Knock Off|p2a: Ting-Lu
|-resisted|p2a: Ting-Lu
|-damage|p2a: Ting-Lu|44/100
|-enditem|p2a: Ting-Lu|Leftovers|[from] move: Knock Off|[of] p1a: Darkrai
|
|upkeep
|turn|14
|
|t:|1779562194
|switch|p1a: Hydrapple|Hydrapple, M|100/100
|move|p2a: Ting-Lu|Stealth Rock|p1a: Hydrapple
|-sidestart|p1: Nuii09|move: Stealth Rock
|
|upkeep
|turn|15
|
|t:|1779562201
|switch|p2a: Pecharunt|Pecharunt|93/100 brn
|move|p1a: Hydrapple|Fickle Beam|p2a: Pecharunt|[anim] Fickle Beam All Out
|-activate|p1a: Hydrapple|move: Fickle Beam
|-damage|p2a: Pecharunt|6/100 brn
|
|-damage|p2a: Pecharunt|0 fnt|[from] brn
|faint|p2a: Pecharunt
|upkeep
|
|t:|1779562208
|switch|p2a: Latios|Latios, M|100/100
|turn|16
|
|t:|1779562212
|switch|p1a: Alomomola|Alomomola, M|100/100
|-damage|p1a: Alomomola|88/100|[from] Stealth Rock
|move|p2a: Latios|Draco Meteor|p1a: Alomomola
|-damage|p1a: Alomomola|49/100
|-unboost|p2a: Latios|spa|2
|
|upkeep
|turn|17
|l| Mslaganjaestranja
|
|t:|1779562221
|move|p2a: Latios|Psychic Noise|p1a: Alomomola
|-damage|p1a: Alomomola|36/100
|-start|p1a: Alomomola|move: Heal Block
|move|p1a: Alomomola|Flip Turn|p2a: Latios
|-resisted|p2a: Latios
|-damage|p2a: Latios|90/100
|
|t:|1779562229
|switch|p1a: Corviknight|Corviknight, F|84/100|[from] Flip Turn
|-damage|p1a: Corviknight|72/100|[from] Stealth Rock
|-ability|p1a: Corviknight|Pressure
|
|upkeep
|turn|18
|
|t:|1779562233
|move|p2a: Latios|Psychic Noise|p1a: Corviknight
|-resisted|p1a: Corviknight
|-damage|p1a: Corviknight|61/100
|-start|p1a: Corviknight|move: Heal Block
|move|p1a: Corviknight|Defog|p2a: Latios
|-unboost|p2a: Latios|evasion|1
|-sideend|p1: Nuii09|Stealth Rock|[from] move: Defog|[of] p1a: Corviknight
|
|upkeep
|turn|19
|
|t:|1779562247
|switch|p2a: Gliscor|Gliscor, M|73/100 tox
|switch|p1a: Alomomola|Alomomola, M|69/100
|
|-heal|p2a: Gliscor|85/100 tox|[from] ability: Poison Heal
|upkeep
|turn|20
|
|t:|1779562261
|switch|p1a: Hydrapple|Hydrapple, M|100/100
|move|p2a: Gliscor|Knock Off|p1a: Hydrapple
|-damage|p1a: Hydrapple|90/100
|
|-heal|p2a: Gliscor|98/100 tox|[from] ability: Poison Heal
|upkeep
|turn|21
|
|t:|1779562271
|move|p2a: Gliscor|Spikes|p1a: Hydrapple
|-sidestart|p1: Nuii09|Spikes
|move|p1a: Hydrapple|Nasty Plot|p1a: Hydrapple
|-boost|p1a: Hydrapple|spa|2
|
|-heal|p2a: Gliscor|100/100 tox|[from] ability: Poison Heal
|upkeep
|turn|22
|
|t:|1779562278
|move|p2a: Gliscor|Spikes|p1a: Hydrapple
|-sidestart|p1: Nuii09|Spikes
|move|p1a: Hydrapple|Fickle Beam|p2a: Gliscor|[anim] Fickle Beam All Out
|-activate|p1a: Hydrapple|move: Fickle Beam
|-damage|p2a: Gliscor|0 fnt
|faint|p2a: Gliscor
|
|upkeep
|
|t:|1779562281
|switch|p2a: Latios|Latios, M|90/100
|turn|23
|
|t:|1779562305
|switch|p1a: Alomomola|Alomomola, M|100/100
|-damage|p1a: Alomomola|84/100|[from] Spikes
|move|p2a: Latios|Draco Meteor|p1a: Alomomola
|-damage|p1a: Alomomola|42/100
|-unboost|p2a: Latios|spa|2
|
|upkeep
|turn|24
|
|t:|1779562320
|move|p2a: Latios|Flip Turn|p1a: Alomomola
|-resisted|p1a: Alomomola
|-damage|p1a: Alomomola|39/100
|
|t:|1779562322
|switch|p2a: Zamazenta|Zamazenta|100/100|[from] Flip Turn
|-ability|p2a: Zamazenta|Dauntless Shield|boost
|-boost|p2a: Zamazenta|def|1
|move|p1a: Alomomola|Flip Turn|p2a: Zamazenta
|-damage|p2a: Zamazenta|90/100
|
|t:|1779562326
|switch|p1a: Clodsire|Clodsire, F, shiny|100/100|[from] Flip Turn
|-damage|p1a: Clodsire|84/100|[from] Spikes
|
|-heal|p1a: Clodsire|90/100|[from] item: Leftovers
|upkeep
|turn|25
|
|t:|1779562334
|switch|p2a: Ting-Lu|Ting-Lu|44/100
|-ability|p2a: Ting-Lu|Vessel of Ruin
|move|p1a: Clodsire|Toxic|p2a: Ting-Lu
|-status|p2a: Ting-Lu|tox
|
|-heal|p1a: Clodsire|96/100|[from] item: Leftovers
|-damage|p2a: Ting-Lu|38/100 tox|[from] psn
|upkeep
|turn|26
|
|t:|1779562358
|switch|p2a: Zamazenta|Zamazenta|90/100
|switch|p1a: Hydrapple|Hydrapple, M|100/100
|-damage|p1a: Hydrapple|84/100|[from] Spikes
|
|upkeep
|turn|27
|
|t:|1779562367
|switch|p2a: Ting-Lu|Ting-Lu|38/100 tox
|-ability|p2a: Ting-Lu|Vessel of Ruin
|move|p1a: Hydrapple|Fickle Beam|p2a: Ting-Lu|[anim] Fickle Beam All Out
|-activate|p1a: Hydrapple|move: Fickle Beam
|-damage|p2a: Ting-Lu|0 fnt
|faint|p2a: Ting-Lu
|
|upkeep
|
|t:|1779562369
|switch|p2a: Latios|Latios, M|90/100
|turn|28
|
|t:|1779562382
|move|p2a: Latios|Psychic Noise|p1a: Hydrapple
|-crit|p1a: Hydrapple
|-damage|p1a: Hydrapple|11/100
|-start|p1a: Hydrapple|move: Heal Block
|move|p1a: Hydrapple|Fickle Beam|p2a: Latios
|-supereffective|p2a: Latios
|-damage|p2a: Latios|6/100
|
|upkeep
|turn|29
|
|t:|1779562392
|move|p2a: Latios|Psychic Noise|p1a: Hydrapple
|-damage|p1a: Hydrapple|0 fnt
|faint|p1a: Hydrapple
|
|upkeep
|
|t:|1779562394
|switch|p1a: Cinderace|Cinderace, M|100/100
|-damage|p1a: Cinderace|84/100|[from] Spikes
|turn|30
|j| Noir Z
|
|t:|1779562400
|move|p1a: Cinderace|Court Change|p1a: Cinderace
|-start|p1a: Cinderace|typechange|Normal|[from] ability: Libero
|-swapsideconditions
|-activate|p1a: Cinderace|move: Court Change
|move|p2a: Latios|Recover|p2a: Latios
|-heal|p2a: Latios|56/100
|
|upkeep
|turn|31
|
|t:|1779562406
|switch|p1a: Alomomola|Alomomola, M|72/100
|move|p2a: Latios|Recover|p2a: Latios
|-heal|p2a: Latios|100/100
|
|upkeep
|turn|32
|
|t:|1779562418
|move|p2a: Latios|Psychic Noise|p1a: Alomomola
|-damage|p1a: Alomomola|49/100
|-start|p1a: Alomomola|move: Heal Block
|move|p1a: Alomomola|Flip Turn|p2a: Latios
|-resisted|p2a: Latios
|-damage|p2a: Latios|89/100
|
|t:|1779562421
|switch|p1a: Cinderace|Cinderace, M|84/100|[from] Flip Turn
|
|upkeep
|turn|33
|
|t:|1779562425
|-terastallize|p2a: Latios|Steel
|move|p1a: Cinderace|U-turn|p2a: Latios
|-start|p1a: Cinderace|typechange|Bug|[from] ability: Libero
|-resisted|p2a: Latios
|-damage|p2a: Latios|57/100
|
|t:|1779562430
|switch|p1a: Alomomola|Alomomola, M|82/100|[from] U-turn
|move|p2a: Latios|Draco Meteor|p1a: Alomomola
|-damage|p1a: Alomomola|40/100
|-unboost|p2a: Latios|spa|2
|
|upkeep
|turn|34
|
|t:|1779562433
|move|p2a: Latios|Draco Meteor|p1a: Alomomola
|-damage|p1a: Alomomola|19/100
|-unboost|p2a: Latios|spa|2
|move|p1a: Alomomola|Flip Turn|p2a: Latios
|-damage|p2a: Latios|34/100
|
|t:|1779562436
|switch|p1a: Cinderace|Cinderace, M|84/100|[from] Flip Turn
|
|upkeep
|turn|35
|
|t:|1779562440
|switch|p2a: Zamazenta|Zamazenta|90/100
|move|p1a: Cinderace|Pyro Ball|p2a: Zamazenta
|-damage|p2a: Zamazenta|13/100
|
|upkeep
|turn|36
|
|t:|1779562449
|switch|p2a: Latios|Latios, M, tera:Steel|34/100
|switch|p1a: Clodsire|Clodsire, F, shiny|96/100
|
|-heal|p1a: Clodsire|100/100|[from] item: Leftovers
|upkeep
|turn|37
|
|t:|1779562460
|switch|p1a: Darkrai|Darkrai, shiny|100/100
|move|p2a: Latios|Recover|p2a: Latios
|-heal|p2a: Latios|84/100
|
|upkeep
|turn|38
|
|t:|1779562467
|move|p2a: Latios|Draco Meteor|p1a: Darkrai
|-damage|p1a: Darkrai|0 fnt
|-unboost|p2a: Latios|spa|2
|faint|p1a: Darkrai
|
|upkeep
|
|t:|1779562471
|switch|p1a: Cinderace|Cinderace, M|84/100
|turn|39
|
|t:|1779562479
|switch|p2a: Lokix|Lokix, F|84/100
|move|p1a: Cinderace|Pyro Ball|p2a: Lokix
|-supereffective|p2a: Lokix
|-damage|p2a: Lokix|0 fnt
|faint|p2a: Lokix
|
|upkeep
|
|t:|1779562482
|switch|p2a: Zamazenta|Zamazenta|13/100
|turn|40
|
|t:|1779562487
|switch|p2a: Latios|Latios, M, tera:Steel|84/100
|switch|p1a: Clodsire|Clodsire, F, shiny|100/100
|
|upkeep
|turn|41
|
|t:|1779562494
|switch|p1a: Corviknight|Corviknight, F|61/100
|-ability|p1a: Corviknight|Pressure
|move|p2a: Latios|Psychic Noise|p1a: Corviknight
|-resisted|p1a: Corviknight
|-damage|p1a: Corviknight|38/100
|-start|p1a: Corviknight|move: Heal Block
|
|upkeep
|turn|42
|
|t:|1779562499
|switch|p2a: Zamazenta|Zamazenta|13/100
|move|p1a: Corviknight|U-turn|p2a: Zamazenta
|-resisted|p2a: Zamazenta
|-damage|p2a: Zamazenta|7/100
|
|t:|1779562505
|switch|p1a: Alomomola|Alomomola, M|52/100|[from] U-turn
|
|upkeep
|turn|43
|
|t:|1779562509
|switch|p2a: Latios|Latios, M, tera:Steel|84/100
|switch|p1a: Corviknight|Corviknight, F|38/100
|-ability|p1a: Corviknight|Pressure
|
|upkeep
|turn|44
|
|t:|1779562512
|move|p2a: Latios|Psychic Noise|p1a: Corviknight
|-resisted|p1a: Corviknight
|-damage|p1a: Corviknight|17/100
|-start|p1a: Corviknight|move: Heal Block
|move|p1a: Corviknight|U-turn|p2a: Latios
|-resisted|p2a: Latios
|-damage|p2a: Latios|75/100
|
|t:|1779562514
|switch|p1a: Cinderace|Cinderace, M|84/100|[from] U-turn
|
|upkeep
|turn|45
|
|t:|1779562519
|move|p1a: Cinderace|U-turn|p2a: Latios
|-start|p1a: Cinderace|typechange|Bug|[from] ability: Libero
|-resisted|p2a: Latios
|-damage|p2a: Latios|39/100
|
|t:|1779562522
|switch|p1a: Corviknight|Corviknight, F|17/100|[from] U-turn
|-ability|p1a: Corviknight|Pressure
|move|p2a: Latios|Draco Meteor|p1a: Corviknight
|-resisted|p1a: Corviknight
|-damage|p1a: Corviknight|0 fnt
|-unboost|p2a: Latios|spa|2
|faint|p1a: Corviknight
|
|upkeep
|
|t:|1779562526
|switch|p1a: Cinderace|Cinderace, M|84/100
|turn|46
|
|t:|1779562530
|move|p1a: Cinderace|Pyro Ball|p2a: Latios
|-supereffective|p2a: Latios
|-damage|p2a: Latios|0 fnt
|faint|p2a: Latios
|
|upkeep
|c|☆gyhe|GG
|
|t:|1779562534
|switch|p2a: Zamazenta|Zamazenta|7/100
|turn|47
|j| Thrle
|c|☆Nuii09|gg
|
|t:|1779562541
|switch|p1a: Clodsire|Clodsire, F, shiny|100/100
|move|p2a: Zamazenta|Close Combat|p1a: Clodsire
|-resisted|p1a: Clodsire
|-damage|p1a: Clodsire|78/100
|-unboost|p2a: Zamazenta|def|1
|-unboost|p2a: Zamazenta|spd|1
|
|-heal|p1a: Clodsire|85/100|[from] item: Leftovers
|upkeep
|turn|48
|
|t:|1779562547
|move|p2a: Zamazenta|Crunch|p1a: Clodsire
|-damage|p1a: Clodsire|66/100
|-unboost|p1a: Clodsire|def|1
|move|p1a: Clodsire|Counter|p2a: Zamazenta
|-damage|p2a: Zamazenta|0 fnt
|faint|p2a: Zamazenta
|
|win|Nuii09
|raw|Nuii09's rating: 1698 &rarr; <strong>1715</strong><br />(+17 for winning)
|raw|gyhe's rating: 1652 &rarr; <strong>1635</strong><br />(-17 for losing)
|l| Noir Z
