|j|☆bluids
|j|☆Local Gladiator
|t:|1779641693
|gametype|singles
|player|p1|bluids|harlequin|1000
|player|p2|Local Gladiator|rosa|1000
|gen|9
|tier|[Gen 9] OU
|rated|
|rule|HP Percentage Mod: HP is shown in percentages
|rule|Endless Battle Clause: Forcing endless battles is banned
|rule|Species Clause: Limit one of each Pokémon
|rule|OHKO Clause: OHKO moves are banned
|rule|Evasion Items Clause: Evasion items are banned
|rule|Evasion Moves Clause: Evasion moves are banned
|rule|Evasion Abilities Clause: Evasion abilities are banned
|rule|Sleep Moves Clause: Sleep-inducing moves are banned
|clearpoke
|poke|p1|Iron Moth|
|poke|p1|Slither Wing|
|poke|p1|Torkoal, M|
|poke|p1|Walking Wake|
|poke|p1|Great Tusk|
|poke|p1|Hatterene, F|
|poke|p2|Cinderace, M|
|poke|p2|Ogerpon, F|
|poke|p2|Greninja-*, M|
|poke|p2|Kingambit, M|
|poke|p2|Regieleki|
|poke|p2|Hydrapple, F|
|teampreview
|inactive|Battle timer is ON: inactive players will automatically lose when time's up. (requested by bluids)
|
|t:|1779641702
|teamsize|p1|6
|teamsize|p2|6
|start
|switch|p1a: Solaire|Torkoal, M|100/100
|switch|p2a: Greninja|Greninja, M|100/100
|-weather|SunnyDay|[from] ability: Drought|[of] p1a: Solaire
|turn|1
|
|t:|1779641709
|move|p2a: Greninja|Hydro Pump|p1a: Solaire
|-supereffective|p1a: Solaire
|-damage|p1a: Solaire|57/100
|move|p1a: Solaire|Stealth Rock|p2a: Greninja
|-sidestart|p2: Local Gladiator|move: Stealth Rock
|
|-weather|SunnyDay|[upkeep]
|upkeep
|turn|2
|
|t:|1779641719
|switch|p1a: Priscilla|Hatterene, F|100/100
|move|p2a: Greninja|Hydro Pump|p1a: Priscilla|[miss]
|-miss|p2a: Greninja|p1a: Priscilla
|
|-weather|SunnyDay|[upkeep]
|upkeep
|turn|3
|
|t:|1779641727
|move|p2a: Greninja|Shadow Sneak|p1a: Priscilla
|-supereffective|p1a: Priscilla
|-damage|p1a: Priscilla|87/100
|-enditem|p1a: Priscilla|Eject Button
|inactive|bluids has 120 seconds left.
|
|t:|1779641757
|switch|p1a: Bed of Chaos|Slither Wing|100/100
|-activate|p1a: Bed of Chaos|ability: Protosynthesis
|-start|p1a: Bed of Chaos|protosynthesisatk
|
|-weather|SunnyDay|[upkeep]
|upkeep
|turn|4
|
|t:|1779641772
|move|p2a: Greninja|U-turn|p1a: Bed of Chaos
|-resisted|p1a: Bed of Chaos
|-damage|p1a: Bed of Chaos|91/100
|
|t:|1779641774
|switch|p2a: Cinderace|Cinderace, M|100/100|[from] U-turn
|-damage|p2a: Cinderace|76/100|[from] Stealth Rock
|move|p1a: Bed of Chaos|U-turn|p2a: Cinderace
|-resisted|p2a: Cinderace
|-damage|p2a: Cinderace|19/100
|inactive|bluids has 120 seconds left.
|
|t:|1779641798
|-end|p1a: Bed of Chaos|Protosynthesis|[silent]
|switch|p1a: Quelaag|Iron Moth|100/100|[from] U-turn
|-enditem|p1a: Quelaag|Booster Energy
|-activate|p1a: Quelaag|ability: Quark Drive|[fromitem]
|-start|p1a: Quelaag|quarkdrivespe
|
|-weather|SunnyDay|[upkeep]
|upkeep
|turn|5
|
|t:|1779641815
|move|p1a: Quelaag|Fiery Dance|p2a: Cinderace
|-resisted|p2a: Cinderace
|-damage|p2a: Cinderace|0 fnt
|-boost|p1a: Quelaag|spa|1
|faint|p2a: Cinderace
|
|-weather|SunnyDay|[upkeep]
|upkeep
|
|t:|1779641819
|switch|p2a: Greninja|Greninja, M|100/100
|-damage|p2a: Greninja|88/100|[from] Stealth Rock
|turn|6
|
|t:|1779641827
|move|p1a: Quelaag|Solar Beam||[still]
|-prepare|p1a: Quelaag|Solar Beam
|-anim|p1a: Quelaag|Solar Beam|p2a: Greninja
|-supereffective|p2a: Greninja
|-damage|p2a: Greninja|0 fnt
|faint|p2a: Greninja
|
|-weather|SunnyDay|[upkeep]
|upkeep
|
|t:|1779641838
|switch|p2a: Hydrapple|Hydrapple, F, shiny|100/100
|-damage|p2a: Hydrapple|88/100|[from] Stealth Rock
|turn|7
|
|t:|1779641844
|move|p1a: Quelaag|Sludge Wave|p2a: Hydrapple
|-supereffective|p2a: Hydrapple
|-damage|p2a: Hydrapple|0 fnt
|faint|p2a: Hydrapple
|
|-weather|SunnyDay|[upkeep]
|upkeep
|
|t:|1779641847
|switch|p2a: Regieleki|Regieleki, shiny|100/100
|-damage|p2a: Regieleki|88/100|[from] Stealth Rock
|-item|p2a: Regieleki|Air Balloon
|turn|8
|
|t:|1779641855
|move|p1a: Quelaag|Fiery Dance|p2a: Regieleki
|-damage|p2a: Regieleki|0 fnt
|-boost|p1a: Quelaag|spa|1
|-enditem|p2a: Regieleki|Air Balloon
|faint|p2a: Regieleki
|
|-weather|none
|upkeep
|
|t:|1779641859
|switch|p2a: Ogerpon|Ogerpon, F|100/100
|-damage|p2a: Ogerpon|88/100|[from] Stealth Rock
|turn|9
|
|t:|1779641869
|-terastallize|p1a: Quelaag|Fire
|move|p1a: Quelaag|Fiery Dance|p2a: Ogerpon
|-supereffective|p2a: Ogerpon
|-damage|p2a: Ogerpon|0 fnt
|-boost|p1a: Quelaag|spa|1
|faint|p2a: Ogerpon
|
|upkeep
|
|t:|1779641872
|switch|p2a: Kingambit|Kingambit, M, shiny|100/100
|-damage|p2a: Kingambit|94/100|[from] Stealth Rock
|-activate|p2a: Kingambit|ability: Supreme Overlord
|-start|p2a: Kingambit|fallen5|[silent]
|turn|10
|
|t:|1779641877
|-terastallize|p2a: Kingambit|Fighting
|move|p1a: Quelaag|Fiery Dance|p2a: Kingambit
|-damage|p2a: Kingambit|0 fnt
|-boost|p1a: Quelaag|spa|1
|faint|p2a: Kingambit
|-end|p2a: Kingambit|fallen5|[silent]
|
|win|bluids
|raw|bluids's rating: 1000 &rarr; <strong>1040</strong><br />(+40 for winning)
|raw|Local Gladiator's rating: 1000 &rarr; <strong>1000</strong><br />(+0 for losing)
|l|☆Local Gladiator
|player|p2|
