|j|☆vrolog
|j|☆jojosworld
|t:|1779717528
|gametype|singles
|player|p1|vrolog|n|1517
|player|p2|jojosworld|bellelba|1474
|gen|9
|tier|[Gen 9] OU
|rated|
|rule|HP Percentage Mod: HP is shown in percentages
|rule|Endless Battle Clause: Forcing endless battles is banned
|rule|Species Clause: Limit one of each Pokémon
|rule|OHKO Clause: OHKO moves are banned
|rule|Evasion Items Clause: Evasion items are banned
|rule|Evasion Moves Clause: Evasion moves are banned
|rule|Evasion Abilities Clause: Evasion abilities are banned
|rule|Sleep Moves Clause: Sleep-inducing moves are banned
|clearpoke
|poke|p1|Corviknight, F|
|poke|p1|Infernape, F|
|poke|p1|Crawdaunt, M|
|poke|p1|Iron Valiant|
|poke|p1|Latios, M|
|poke|p1|Meowscarada, F|
|poke|p2|Slowking-Galar, F|
|poke|p2|Dragapult, F|
|poke|p2|Hatterene, F|
|poke|p2|Fezandipiti, M|
|poke|p2|Corviknight, F|
|poke|p2|Keldeo-Resolute|
|teampreview
|inactive|Battle timer is ON: inactive players will automatically lose when time's up. (requested by jojosworld)
|
|t:|1779717542
|teamsize|p1|6
|teamsize|p2|6
|start
|switch|p1a: Meowscarada|Meowscarada, F|100/100
|switch|p2a: Fezandipiti|Fezandipiti, M|100/100
|turn|1
|
|t:|1779717552
|switch|p1a: Corviknight|Corviknight, F|100/100
|-ability|p1a: Corviknight|Pressure
|move|p2a: Fezandipiti|Beat Up|p1a: Corviknight
|-damage|p1a: Corviknight|98/100
|-damage|p1a: Corviknight|95/100
|-damage|p1a: Corviknight|93/100
|-damage|p1a: Corviknight|92/100
|-damage|p1a: Corviknight|89/100
|-damage|p1a: Corviknight|87/100
|-hitcount|p1a: Corviknight|6
|
|upkeep
|turn|2
|
|t:|1779717561
|move|p2a: Fezandipiti|Beat Up|p1a: Corviknight
|-damage|p1a: Corviknight|85/100
|-damage|p1a: Corviknight|82/100
|-damage|p1a: Corviknight|80/100
|-damage|p1a: Corviknight|78/100
|-damage|p1a: Corviknight|76/100
|-damage|p1a: Corviknight|74/100
|-hitcount|p1a: Corviknight|6
|move|p1a: Corviknight|U-turn|p2a: Fezandipiti
|-resisted|p2a: Fezandipiti
|-damage|p2a: Fezandipiti|97/100
|
|t:|1779717576
|switch|p1a: Latios|Latios, M|100/100|[from] U-turn
|
|upkeep
|turn|3
|
|t:|1779717591
|switch|p1a: Corviknight|Corviknight, F|74/100
|-ability|p1a: Corviknight|Pressure
|switch|p2a: Slowking|Slowking-Galar, F, shiny|100/100
|
|upkeep
|turn|4
|
|t:|1779717612
|move|p1a: Corviknight|U-turn|p2a: Slowking
|-damage|p2a: Slowking|85/100
|
|t:|1779717615
|switch|p1a: Crawdaunt|Crawdaunt, M|100/100|[from] U-turn
|move|p2a: Slowking|Thunder Wave|p1a: Crawdaunt|[miss]
|-miss|p2a: Slowking|p1a: Crawdaunt
|
|upkeep
|turn|5
|
|t:|1779717618
|switch|p2a: Corviknight|Corviknight, F, shiny|100/100
|-ability|p2a: Corviknight|Pressure
|move|p1a: Crawdaunt|Knock Off|p2a: Corviknight
|-damage|p2a: Corviknight|56/100
|-damage|p1a: Crawdaunt|84/100|[from] item: Rocky Helmet|[of] p2a: Corviknight
|-enditem|p2a: Corviknight|Rocky Helmet|[from] move: Knock Off|[of] p1a: Crawdaunt
|
|upkeep
|turn|6
|
|t:|1779717621
|move|p1a: Crawdaunt|Dragon Dance|p1a: Crawdaunt
|-boost|p1a: Crawdaunt|atk|1
|-boost|p1a: Crawdaunt|spe|1
|move|p2a: Corviknight|Roost|p2a: Corviknight
|-heal|p2a: Corviknight|100/100
|-singleturn|p2a: Corviknight|move: Roost
|
|upkeep
|turn|7
|
|t:|1779717630
|move|p1a: Crawdaunt|Crabhammer|p2a: Corviknight
|-damage|p2a: Corviknight|33/100
|move|p2a: Corviknight|Body Press|p1a: Crawdaunt
|-supereffective|p1a: Crawdaunt
|-damage|p1a: Crawdaunt|13/100
|
|upkeep
|turn|8
|
|t:|1779717639
|move|p1a: Crawdaunt|Crabhammer|p2a: Corviknight
|-damage|p2a: Corviknight|0 fnt
|faint|p2a: Corviknight
|
|upkeep
|
|t:|1779717641
|switch|p2a: Keldeo|Keldeo-Resolute, shiny|100/100
|turn|9
|
|t:|1779717646
|move|p2a: Keldeo|Vacuum Wave|p1a: Crawdaunt
|-supereffective|p1a: Crawdaunt
|-damage|p1a: Crawdaunt|0 fnt
|faint|p1a: Crawdaunt
|
|upkeep
|
|t:|1779717649
|switch|p1a: Iron Valiant|Iron Valiant|100/100
|-enditem|p1a: Iron Valiant|Booster Energy
|-activate|p1a: Iron Valiant|ability: Quark Drive|[fromitem]
|-start|p1a: Iron Valiant|quarkdrivespe
|turn|10
|
|t:|1779717654
|switch|p2a: Slowking|Slowking-Galar, F, shiny|100/100
|move|p1a: Iron Valiant|Swords Dance|p1a: Iron Valiant
|-boost|p1a: Iron Valiant|atk|2
|
|upkeep
|turn|11
|
|t:|1779717657
|switch|p2a: Hatterene|Hatterene, F, shiny|100/100
|-terastallize|p1a: Iron Valiant|Steel
|move|p1a: Iron Valiant|Swords Dance|p1a: Iron Valiant
|-boost|p1a: Iron Valiant|atk|2
|
|upkeep
|turn|12
|
|t:|1779717662
|move|p1a: Iron Valiant|Spirit Break|p2a: Hatterene
|-damage|p2a: Hatterene|0 fnt
|-damage|p1a: Iron Valiant|84/100|[from] item: Rocky Helmet|[of] p2a: Hatterene
|faint|p2a: Hatterene
|
|upkeep
|
|t:|1779717675
|switch|p2a: Fezandipiti|Fezandipiti, M|97/100
|turn|13
|
|t:|1779717682
|move|p1a: Iron Valiant|Spirit Break|p2a: Fezandipiti
|-resisted|p2a: Fezandipiti
|-damage|p2a: Fezandipiti|37/100
|-unboost|p2a: Fezandipiti|spa|1
|move|p2a: Fezandipiti|Beat Up|p1a: Iron Valiant
|-damage|p1a: Iron Valiant|79/100
|-damage|p1a: Iron Valiant|73/100
|-damage|p1a: Iron Valiant|69/100
|-damage|p1a: Iron Valiant|65/100
|-hitcount|p1a: Iron Valiant|4
|
|upkeep
|turn|14
|
|t:|1779717689
|move|p1a: Iron Valiant|Spirit Break|p2a: Fezandipiti
|-resisted|p2a: Fezandipiti
|-damage|p2a: Fezandipiti|0 fnt
|faint|p2a: Fezandipiti
|
|upkeep
|
|t:|1779717690
|switch|p2a: Keldeo|Keldeo-Resolute, shiny|100/100
|turn|15
|
|t:|1779717692
|move|p2a: Keldeo|Vacuum Wave|p1a: Iron Valiant
|-supereffective|p1a: Iron Valiant
|-damage|p1a: Iron Valiant|0 fnt
|faint|p1a: Iron Valiant
|-end|p1a: Iron Valiant|Quark Drive|[silent]
|
|upkeep
|
|t:|1779717695
|switch|p1a: Latios|Latios, M|100/100
|turn|16
|
|t:|1779717698
|switch|p2a: Slowking|Slowking-Galar, F, shiny|100/100
|move|p1a: Latios|Luster Purge|p2a: Slowking
|-damage|p2a: Slowking|58/100
|-unboost|p2a: Slowking|spd|1
|
|upkeep
|turn|17
|
|t:|1779717702
|switch|p2a: Dragapult|Dragapult, F, shiny|100/100
|move|p1a: Latios|Luster Purge|p2a: Dragapult
|-damage|p2a: Dragapult|5/100
|-unboost|p2a: Dragapult|spd|1
|
|upkeep
|turn|18
|
|t:|1779717706
|switch|p1a: Corviknight|Corviknight, F|74/100
|-ability|p1a: Corviknight|Pressure
|move|p2a: Dragapult|Shadow Ball|p1a: Corviknight
|-damage|p1a: Corviknight|21/100
|
|upkeep
|turn|19
|
|t:|1779717708
|move|p2a: Dragapult|Shadow Ball|p1a: Corviknight
|-damage|p1a: Corviknight|0 fnt
|faint|p1a: Corviknight
|
|upkeep
|
|t:|1779717710
|switch|p1a: Meowscarada|Meowscarada, F|100/100
|turn|20
|
|t:|1779717714
|switch|p2a: Slowking|Slowking-Galar, F, shiny|91/100
|move|p1a: Meowscarada|U-turn|p2a: Slowking
|-start|p1a: Meowscarada|typechange|Bug|[from] ability: Protean
|-damage|p2a: Slowking|36/100
|
|t:|1779717716
|switch|p1a: Latios|Latios, M|100/100|[from] U-turn
|
|upkeep
|turn|21
|
|t:|1779717720
|move|p1a: Latios|Luster Purge|p2a: Slowking
|-damage|p2a: Slowking|0 fnt
|faint|p2a: Slowking
|
|upkeep
|
|t:|1779717721
|switch|p2a: Dragapult|Dragapult, F, shiny|5/100
|turn|22
|
|t:|1779717723
|move|p2a: Dragapult|Shadow Ball|p1a: Latios
|-supereffective|p1a: Latios
|-damage|p1a: Latios|0 fnt
|faint|p1a: Latios
|
|upkeep
|
|t:|1779717726
|switch|p1a: Infernape|Infernape, F|100/100
|turn|23
|
|t:|1779717729
|move|p2a: Dragapult|Shadow Ball|p1a: Infernape
|-damage|p1a: Infernape|21/100
|move|p1a: Infernape|Overheat|p2a: Dragapult
|-resisted|p2a: Dragapult
|-damage|p2a: Dragapult|0 fnt
|-unboost|p1a: Infernape|spa|2
|faint|p2a: Dragapult
|
|upkeep
|
|t:|1779717731
|switch|p2a: Keldeo|Keldeo-Resolute, shiny|100/100
|turn|24
|
|t:|1779717736
|move|p1a: Infernape|Aura Sphere|p2a: Keldeo
|-damage|p2a: Keldeo|80/100
|move|p2a: Keldeo|Secret Sword|p1a: Infernape
|-damage|p1a: Infernape|0 fnt
|faint|p1a: Infernape
|
|upkeep
|
|t:|1779717739
|switch|p1a: Meowscarada|Meowscarada, F|100/100
|turn|25
|
|t:|1779717741
|move|p2a: Keldeo|Vacuum Wave|p1a: Meowscarada
|-supereffective|p1a: Meowscarada
|-damage|p1a: Meowscarada|30/100
|move|p1a: Meowscarada|Flower Trick|p2a: Keldeo
|-start|p1a: Meowscarada|typechange|Grass|[from] ability: Protean
|-supereffective|p2a: Keldeo
|-crit|p2a: Keldeo
|-damage|p2a: Keldeo|0 fnt
|faint|p2a: Keldeo
|
|win|vrolog
|raw|vrolog's rating: 1517 &rarr; <strong>1535</strong><br />(+18 for winning)
|raw|jojosworld's rating: 1474 &rarr; <strong>1456</strong><br />(-18 for losing)
|l|☆jojosworld
|player|p2|
|l|☆vrolog
|player|p1|
