|j|☆saad.2
|j|☆sunshinepromise
|t:|1779664327
|gametype|singles
|player|p1|saad.2|2|1307
|player|p2|sunshinepromise|2|1328
|gen|9
|tier|[Gen 9] OU
|rated|
|rule|HP Percentage Mod: HP is shown in percentages
|rule|Endless Battle Clause: Forcing endless battles is banned
|rule|Species Clause: Limit one of each Pokémon
|rule|OHKO Clause: OHKO moves are banned
|rule|Evasion Items Clause: Evasion items are banned
|rule|Evasion Moves Clause: Evasion moves are banned
|rule|Evasion Abilities Clause: Evasion abilities are banned
|rule|Sleep Moves Clause: Sleep-inducing moves are banned
|clearpoke
|poke|p1|Walking Wake|
|poke|p1|Great Tusk|
|poke|p1|Ninetales, M|
|poke|p1|Cresselia, F|
|poke|p1|Zarude|
|poke|p1|Ceruledge, M|
|poke|p2|Hariyama, M|
|poke|p2|Hatterene, F|
|poke|p2|Snorlax, M|
|poke|p2|Jirachi|
|poke|p2|Ribombee, M|
|poke|p2|Gholdengo|
|teampreview
|inactive|Battle timer is ON: inactive players will automatically lose when time's up. (requested by sunshinepromise)
|
|t:|1779664370
|teamsize|p1|6
|teamsize|p2|6
|start
|switch|p1a: Ninetales|Ninetales, M|100/100
|switch|p2a: Hatterene|Hatterene, F|100/100
|-weather|SunnyDay|[from] ability: Drought|[of] p1a: Ninetales
|turn|1
|
|t:|1779664374
|move|p1a: Ninetales|Overheat|p2a: Hatterene
|-damage|p2a: Hatterene|34/100
|-unboost|p1a: Ninetales|spa|2
|move|p2a: Hatterene|Trick Room|p2a: Hatterene
|-fieldstart|move: Trick Room|[of] p2a: Hatterene
|
|-weather|SunnyDay|[upkeep]
|upkeep
|turn|2
|
|t:|1779664380
|move|p2a: Hatterene|Light Screen|p2a: Hatterene
|-sidestart|p2: sunshinepromise|move: Light Screen
|move|p1a: Ninetales|Overheat|p2a: Hatterene
|-damage|p2a: Hatterene|17/100
|-unboost|p1a: Ninetales|spa|2
|
|-weather|SunnyDay|[upkeep]
|upkeep
|turn|3
|
|t:|1779664390
|move|p2a: Hatterene|Reflect|p2a: Hatterene
|-sidestart|p2: sunshinepromise|Reflect
|move|p1a: Ninetales|Overheat|p2a: Hatterene
|-damage|p2a: Hatterene|6/100
|-unboost|p1a: Ninetales|spa|2
|
|-weather|SunnyDay|[upkeep]
|upkeep
|turn|4
|
|t:|1779664400
|move|p2a: Hatterene|Healing Wish|p2a: Hatterene
|faint|p2a: Hatterene
|move|p1a: Ninetales|Overheat|p2: Hatterene|[notarget]
|-fail|p1a: Ninetales
|
|-weather|SunnyDay|[upkeep]
|upkeep
|inactive|sunshinepromise has 120 seconds left.
|
|t:|1779664431
|switch|p2a: Hariyama|Hariyama, M|100/100
|turn|5
|
|t:|1779664437
|move|p2a: Hariyama|Belly Drum|p2a: Hariyama
|-damage|p2a: Hariyama|50/100
|-setboost|p2a: Hariyama|atk|6|[from] move: Belly Drum
|move|p1a: Ninetales|Will-O-Wisp|p2a: Hariyama
|-status|p2a: Hariyama|brn
|
|-weather|SunnyDay|[upkeep]
|-damage|p2a: Hariyama|44/100 brn|[from] brn
|-fieldend|move: Trick Room
|upkeep
|turn|6
|
|t:|1779664444
|move|p1a: Ninetales|Encore|p2a: Hariyama
|-start|p2a: Hariyama|Encore
|move|p2a: Hariyama|Belly Drum||[still]
|-fail|p2a: Hariyama
|
|-weather|SunnyDay|[upkeep]
|-damage|p2a: Hariyama|38/100 brn|[from] brn
|upkeep
|turn|7
|
|t:|1779664450
|switch|p1a: Cresselia|Cresselia, F|100/100
|switch|p2a: Gholdengo|Gholdengo|100/100
|
|-weather|SunnyDay|[upkeep]
|upkeep
|turn|8
|
|t:|1779664457
|switch|p1a: Zarude|Zarude|100/100
|move|p2a: Gholdengo|Nasty Plot|p2a: Gholdengo
|-boost|p2a: Gholdengo|spa|2
|
|-weather|none
|upkeep
|turn|9
|
|t:|1779664459
|move|p1a: Zarude|Knock Off|p2a: Gholdengo
|-supereffective|p2a: Gholdengo
|-damage|p2a: Gholdengo|50/100
|-enditem|p2a: Gholdengo|Weakness Policy
|-boost|p2a: Gholdengo|atk|2|[from] item: Weakness Policy
|-boost|p2a: Gholdengo|spa|2|[from] item: Weakness Policy
|move|p2a: Gholdengo|Focus Blast|p1a: Zarude|[miss]
|-miss|p2a: Gholdengo|p1a: Zarude
|
|-sideend|p2: sunshinepromise|move: Light Screen
|upkeep
|turn|10
|
|t:|1779664466
|-terastallize|p2a: Gholdengo|Fighting
|move|p1a: Zarude|Knock Off|p2a: Gholdengo
|-resisted|p2a: Gholdengo
|-damage|p2a: Gholdengo|41/100
|move|p2a: Gholdengo|Focus Blast|p1a: Zarude|[miss]
|-miss|p2a: Gholdengo|p1a: Zarude
|
|-sideend|p2: sunshinepromise|Reflect
|upkeep
|turn|11
|
|t:|1779664470
|move|p1a: Zarude|Power Whip|p2a: Gholdengo
|-damage|p2a: Gholdengo|0 fnt
|faint|p2a: Gholdengo
|
|upkeep
|-message|sunshinepromise forfeited.
|
|win|saad.2
|raw|saad.2's rating: 1307 &rarr; <strong>1328</strong><br />(+21 for winning)
|raw|sunshinepromise's rating: 1328 &rarr; <strong>1307</strong><br />(-21 for losing)
|l|☆sunshinepromise
|player|p2|
