|j|☆bobbydolphins99
|j|☆spauty18
|t:|1779606354
|gametype|singles
|player|p1|bobbydolphins99|fantina|1091
|player|p2|spauty18|265|1126
|gen|9
|tier|[Gen 9] OU
|rated|
|rule|HP Percentage Mod: HP is shown in percentages
|rule|Endless Battle Clause: Forcing endless battles is banned
|rule|Species Clause: Limit one of each Pokémon
|rule|OHKO Clause: OHKO moves are banned
|rule|Evasion Items Clause: Evasion items are banned
|rule|Evasion Moves Clause: Evasion moves are banned
|rule|Evasion Abilities Clause: Evasion abilities are banned
|rule|Sleep Moves Clause: Sleep-inducing moves are banned
|clearpoke
|poke|p1|Bastiodon, F|
|poke|p1|Gholdengo|
|poke|p1|Dragonite, F|
|poke|p1|Alomomola, F|
|poke|p1|Kingambit, F|
|poke|p1|Tsareena, F|
|poke|p2|Umbreon, M|
|poke|p2|Manaphy|
|poke|p2|Great Tusk|
|poke|p2|Garganacl, M|
|poke|p2|Corviknight, M|
|poke|p2|Alomomola, F|
|teampreview
|inactive|Battle timer is ON: inactive players will automatically lose when time's up. (requested by spauty18)
|
|t:|1779606362
|teamsize|p1|6
|teamsize|p2|6
|start
|switch|p1a: Gholdengo|Gholdengo|100/100
|switch|p2a: Garganacl|Garganacl, M|100/100
|turn|1
|
|t:|1779606367
|move|p1a: Gholdengo|Make It Rain|p2a: Garganacl
|-supereffective|p2a: Garganacl
|-crit|p2a: Garganacl
|-damage|p2a: Garganacl|0 fnt
|-unboost|p1a: Gholdengo|spa|1
|faint|p2a: Garganacl
|
|upkeep
|
|t:|1779606374
|switch|p2a: Manaphy|Manaphy|100/100
|turn|2
|
|t:|1779606385
|switch|p1a: Tsareena|Tsareena, F|100/100
|move|p2a: Manaphy|Tail Glow|p2a: Manaphy
|-boost|p2a: Manaphy|spa|3
|
|upkeep
|turn|3
|
|t:|1779606390
|move|p2a: Manaphy|Ice Beam|p1a: Tsareena
|-supereffective|p1a: Tsareena
|-damage|p1a: Tsareena|0 fnt
|faint|p1a: Tsareena
|
|upkeep
|
|t:|1779606401
|switch|p1a: Dragonite|Dragonite, F|100/100
|turn|4
|
|t:|1779606404
|-terastallize|p1a: Dragonite|Normal
|move|p2a: Manaphy|Ice Beam|p1a: Dragonite
|-damage|p1a: Dragonite|65/100
|move|p1a: Dragonite|Dragon Dance|p1a: Dragonite
|-boost|p1a: Dragonite|atk|1
|-boost|p1a: Dragonite|spe|1
|
|upkeep
|turn|5
|
|t:|1779606411
|move|p1a: Dragonite|Extreme Speed|p2a: Manaphy
|-damage|p2a: Manaphy|33/100
|move|p2a: Manaphy|Surf|p1a: Dragonite
|-damage|p1a: Dragonite|0 fnt
|faint|p1a: Dragonite
|
|-heal|p2a: Manaphy|39/100|[from] item: Leftovers
|upkeep
|
|t:|1779606414
|switch|p1a: Kingambit|Kingambit, F|100/100
|-activate|p1a: Kingambit|ability: Supreme Overlord
|-start|p1a: Kingambit|fallen2|[silent]
|turn|6
|
|t:|1779606422
|move|p2a: Manaphy|Tail Glow|p2a: Manaphy
|-boost|p2a: Manaphy|spa|3
|move|p1a: Kingambit|Kowtow Cleave|p2a: Manaphy
|-damage|p2a: Manaphy|0 fnt
|faint|p2a: Manaphy
|
|upkeep
|
|t:|1779606431
|switch|p2a: Great Tusk|Great Tusk|100/100
|-enditem|p2a: Great Tusk|Booster Energy
|-activate|p2a: Great Tusk|ability: Protosynthesis|[fromitem]
|-start|p2a: Great Tusk|protosynthesisatk
|turn|7
|
|t:|1779606435
|-end|p1a: Kingambit|fallen2|[silent]
|switch|p1a: Alomomola|Alomomola, F|100/100
|move|p2a: Great Tusk|Body Press|p1a: Alomomola
|-damage|p1a: Alomomola|70/100
|-damage|p2a: Great Tusk|84/100|[from] item: Rocky Helmet|[of] p1a: Alomomola
|
|upkeep
|turn|8
|
|t:|1779606445
|move|p1a: Alomomola|Wish|p1a: Alomomola
|move|p2a: Great Tusk|Roar|p1a: Alomomola
|drag|p1a: Gholdengo|Gholdengo|100/100
|
|upkeep
|turn|9
|
|t:|1779606454
|switch|p1a: Alomomola|Alomomola, F|100/100
|-end|p2a: Great Tusk|Protosynthesis|[silent]
|switch|p2a: Umbreon|Umbreon, M|100/100
|
|upkeep
|turn|10
|
|t:|1779606460
|move|p2a: Umbreon|Toxic|p1a: Alomomola
|-status|p1a: Alomomola|tox
|move|p1a: Alomomola|Scald|p2a: Umbreon
|-damage|p2a: Umbreon|92/100
|-status|p2a: Umbreon|brn
|
|-heal|p2a: Umbreon|98/100 brn|[from] item: Leftovers
|-damage|p1a: Alomomola|94/100 tox|[from] psn
|-damage|p2a: Umbreon|92/100 brn|[from] brn
|upkeep
|turn|11
|
|t:|1779606471
|move|p2a: Umbreon|Foul Play|p1a: Alomomola
|-damage|p1a: Alomomola|87/100 tox
|-damage|p2a: Umbreon|76/100 brn|[from] item: Rocky Helmet|[of] p1a: Alomomola
|move|p1a: Alomomola|Flip Turn|p2a: Umbreon
|-damage|p2a: Umbreon|63/100 brn
|
|t:|1779606477
|switch|p1a: Bastiodon|Bastiodon, F|100/100|[from] Flip Turn
|
|-heal|p2a: Umbreon|70/100 brn|[from] item: Leftovers
|-damage|p2a: Umbreon|63/100 brn|[from] brn
|upkeep
|turn|12
|
|t:|1779606486
|move|p2a: Umbreon|Wish|p2a: Umbreon
|move|p1a: Bastiodon|Curse|p1a: Bastiodon
|-unboost|p1a: Bastiodon|spe|1
|-boost|p1a: Bastiodon|atk|1
|-boost|p1a: Bastiodon|def|1
|
|-heal|p2a: Umbreon|70/100 brn|[from] item: Leftovers
|-damage|p2a: Umbreon|63/100 brn|[from] brn
|upkeep
|turn|13
|
|t:|1779606497
|switch|p2a: Great Tusk|Great Tusk|84/100
|move|p1a: Bastiodon|Curse|p1a: Bastiodon
|-unboost|p1a: Bastiodon|spe|1
|-boost|p1a: Bastiodon|atk|1
|-boost|p1a: Bastiodon|def|1
|
|-heal|p2a: Great Tusk|100/100|[from] move: Wish|[wisher] Umbreon
|upkeep
|turn|14
|
|t:|1779606506
|switch|p1a: Alomomola|Alomomola, F|100/100 tox
|move|p2a: Great Tusk|Roar|p1a: Alomomola
|drag|p1a: Gholdengo|Gholdengo|100/100
|
|upkeep
|turn|15
|
|t:|1779606512
|switch|p1a: Alomomola|Alomomola, F|100/100 tox
|move|p2a: Great Tusk|Earthquake|p1a: Alomomola
|-damage|p1a: Alomomola|72/100 tox
|
|-damage|p1a: Alomomola|66/100 tox|[from] psn
|upkeep
|turn|16
|
|t:|1779606519
|move|p2a: Great Tusk|Earthquake|p1a: Alomomola
|-damage|p1a: Alomomola|37/100 tox
|move|p1a: Alomomola|Wish|p1a: Alomomola
|
|-damage|p1a: Alomomola|25/100 tox|[from] psn
|upkeep
|turn|17
|
|t:|1779606529
|move|p1a: Alomomola|Protect|p1a: Alomomola
|-singleturn|p1a: Alomomola|Protect
|move|p2a: Great Tusk|Earthquake|p1a: Alomomola
|-activate|p1a: Alomomola|move: Protect
|
|-heal|p1a: Alomomola|75/100 tox|[from] move: Wish|[wisher] Alomomola
|-damage|p1a: Alomomola|56/100 tox|[from] psn
|upkeep
|turn|18
|
|t:|1779606537
|move|p2a: Great Tusk|Earthquake|p1a: Alomomola
|-damage|p1a: Alomomola|26/100 tox
|move|p1a: Alomomola|Flip Turn|p2a: Great Tusk
|-supereffective|p2a: Great Tusk
|-damage|p2a: Great Tusk|83/100
|
|t:|1779606541
|switch|p1a: Gholdengo|Gholdengo|100/100|[from] Flip Turn
|
|upkeep
|turn|19
|
|t:|1779606545
|move|p1a: Gholdengo|Make It Rain|p2a: Great Tusk
|-damage|p2a: Great Tusk|0 fnt
|-unboost|p1a: Gholdengo|spa|1
|faint|p2a: Great Tusk
|-end|p2a: Great Tusk|Protosynthesis|[silent]
|
|upkeep
|
|t:|1779606555
|switch|p2a: Alomomola|Alomomola, F|100/100
|turn|20
|
|t:|1779606559
|switch|p1a: Alomomola|Alomomola, F|59/100 tox
|move|p2a: Alomomola|Scald|p1a: Alomomola
|-resisted|p1a: Alomomola
|-damage|p1a: Alomomola|51/100 tox
|
|-damage|p1a: Alomomola|45/100 tox|[from] psn
|upkeep
|turn|21
|
|t:|1779606568
|switch|p1a: Gholdengo|Gholdengo|100/100
|move|p2a: Alomomola|Light Screen|p2a: Alomomola
|-sidestart|p2: spauty18|move: Light Screen
|
|upkeep
|turn|22
|
|t:|1779606573
|move|p1a: Gholdengo|Trick|p2a: Alomomola
|-activate|p1a: Gholdengo|move: Trick|[of] p2a: Alomomola
|-item|p2a: Alomomola|Choice Scarf|[from] move: Trick
|-item|p1a: Gholdengo|Heavy-Duty Boots|[from] move: Trick
|move|p2a: Alomomola|Scald|p1a: Gholdengo
|-damage|p1a: Gholdengo|85/100
|
|upkeep
|turn|23
|
|t:|1779606582
|switch|p1a: Bastiodon|Bastiodon, F|100/100
|move|p2a: Alomomola|Scald|p1a: Bastiodon
|-supereffective|p1a: Bastiodon
|-damage|p1a: Bastiodon|82/100
|
|-heal|p1a: Bastiodon|88/100|[from] item: Leftovers
|upkeep
|turn|24
|
|t:|1779606589
|switch|p1a: Alomomola|Alomomola, F|78/100 tox
|move|p2a: Alomomola|Scald|p1a: Alomomola
|-resisted|p1a: Alomomola
|-damage|p1a: Alomomola|70/100 tox
|
|-damage|p1a: Alomomola|64/100 tox|[from] psn
|upkeep
|turn|25
|
|t:|1779606597
|move|p2a: Alomomola|Scald|p1a: Alomomola
|-resisted|p1a: Alomomola
|-crit|p1a: Alomomola
|-damage|p1a: Alomomola|51/100 tox
|move|p1a: Alomomola|Scald|p2a: Alomomola
|-resisted|p2a: Alomomola
|-damage|p2a: Alomomola|96/100
|
|-damage|p1a: Alomomola|38/100 tox|[from] psn
|-sideend|p2: spauty18|move: Light Screen
|upkeep
|turn|26
|
|t:|1779606606
|move|p2a: Alomomola|Scald|p1a: Alomomola
|-resisted|p1a: Alomomola
|-damage|p1a: Alomomola|30/100 tox
|move|p1a: Alomomola|Scald|p2a: Alomomola
|-resisted|p2a: Alomomola
|-damage|p2a: Alomomola|89/100
|
|-damage|p1a: Alomomola|12/100 tox|[from] psn
|upkeep
|turn|27
|
|t:|1779606614
|switch|p1a: Gholdengo|Gholdengo|85/100
|move|p2a: Alomomola|Scald|p1a: Gholdengo
|-damage|p1a: Gholdengo|70/100
|
|upkeep
|turn|28
|
|t:|1779606621
|switch|p2a: Corviknight|Corviknight, M|100/100
|-ability|p2a: Corviknight|Pressure
|move|p1a: Gholdengo|Shadow Ball|p2a: Corviknight
|-damage|p2a: Corviknight|60/100
|
|upkeep
|turn|29
|
|t:|1779606633
|switch|p1a: Alomomola|Alomomola, F|45/100 tox
|switch|p2a: Alomomola|Alomomola, F|100/100
|
|-damage|p1a: Alomomola|39/100 tox|[from] psn
|upkeep
|turn|30
|
|t:|1779606639
|switch|p1a: Gholdengo|Gholdengo|70/100
|move|p2a: Alomomola|Light Screen|p2a: Alomomola
|-sidestart|p2: spauty18|move: Light Screen
|
|upkeep
|turn|31
|
|t:|1779606648
|switch|p1a: Alomomola|Alomomola, F|72/100 tox
|switch|p2a: Corviknight|Corviknight, M|60/100
|-ability|p2a: Corviknight|Pressure
|
|-damage|p1a: Alomomola|66/100 tox|[from] psn
|upkeep
|turn|32
|
|t:|1779606656
|move|p2a: Corviknight|Roost|p2a: Corviknight
|-heal|p2a: Corviknight|100/100
|-singleturn|p2a: Corviknight|move: Roost
|move|p1a: Alomomola|Wish|p1a: Alomomola
|
|-damage|p1a: Alomomola|54/100 tox|[from] psn
|upkeep
|turn|33
|
|t:|1779606663
|switch|p1a: Gholdengo|Gholdengo|70/100
|move|p2a: Corviknight|Drill Peck|p1a: Gholdengo
|-resisted|p1a: Gholdengo
|-damage|p1a: Gholdengo|57/100
|
|-heal|p1a: Gholdengo|100/100|[from] move: Wish|[wisher] Alomomola
|upkeep
|turn|34
|
|t:|1779606672
|switch|p2a: Alomomola|Alomomola, F|100/100
|move|p1a: Gholdengo|Trick|p2a: Alomomola
|-activate|p1a: Gholdengo|move: Trick|[of] p2a: Alomomola
|-item|p2a: Alomomola|Heavy-Duty Boots|[from] move: Trick
|-item|p1a: Gholdengo|Choice Scarf|[from] move: Trick
|
|-sideend|p2: spauty18|move: Light Screen
|upkeep
|turn|35
|
|t:|1779606679
|move|p1a: Gholdengo|Trick|p2a: Alomomola
|-activate|p1a: Gholdengo|move: Trick|[of] p2a: Alomomola
|-item|p2a: Alomomola|Choice Scarf|[from] move: Trick
|-item|p1a: Gholdengo|Heavy-Duty Boots|[from] move: Trick
|move|p2a: Alomomola|Light Screen|p2a: Alomomola
|-sidestart|p2: spauty18|move: Light Screen
|
|upkeep
|turn|36
|
|t:|1779606692
|switch|p2a: Umbreon|Umbreon, M|63/100 brn
|move|p1a: Gholdengo|Nasty Plot|p1a: Gholdengo
|-boost|p1a: Gholdengo|spa|2
|
|-heal|p2a: Umbreon|70/100 brn|[from] item: Leftovers
|-damage|p2a: Umbreon|63/100 brn|[from] brn
|upkeep
|turn|37
|
|t:|1779606701
|switch|p1a: Bastiodon|Bastiodon, F|88/100
|move|p2a: Umbreon|Foul Play|p1a: Bastiodon
|-damage|p1a: Bastiodon|81/100
|
|-heal|p2a: Umbreon|70/100 brn|[from] item: Leftovers
|-heal|p1a: Bastiodon|87/100|[from] item: Leftovers
|-damage|p2a: Umbreon|63/100 brn|[from] brn
|upkeep
|turn|38
|
|t:|1779606712
|switch|p2a: Alomomola|Alomomola, F|100/100
|move|p1a: Bastiodon|Curse|p1a: Bastiodon
|-unboost|p1a: Bastiodon|spe|1
|-boost|p1a: Bastiodon|atk|1
|-boost|p1a: Bastiodon|def|1
|
|-heal|p1a: Bastiodon|93/100|[from] item: Leftovers
|upkeep
|turn|39
|
|t:|1779606721
|switch|p1a: Gholdengo|Gholdengo|100/100
|move|p2a: Alomomola|Scald|p1a: Gholdengo
|-damage|p1a: Gholdengo|86/100
|
|-sideend|p2: spauty18|move: Light Screen
|upkeep
|turn|40
|
|t:|1779606728
|move|p1a: Gholdengo|Nasty Plot|p1a: Gholdengo
|-boost|p1a: Gholdengo|spa|2
|move|p2a: Alomomola|Scald|p1a: Gholdengo
|-damage|p1a: Gholdengo|69/100
|
|upkeep
|turn|41
|
|t:|1779606733
|move|p1a: Gholdengo|Nasty Plot|p1a: Gholdengo
|-boost|p1a: Gholdengo|spa|2
|move|p2a: Alomomola|Scald|p1a: Gholdengo
|-damage|p1a: Gholdengo|52/100
|
|upkeep
|turn|42
|
|t:|1779606740
|move|p1a: Gholdengo|Shadow Ball|p2a: Alomomola
|-damage|p2a: Alomomola|0 fnt
|faint|p2a: Alomomola
|
|upkeep
|-message|spauty18 forfeited.
|
|win|bobbydolphins99
|raw|bobbydolphins99's rating: 1091 &rarr; <strong>1120</strong><br />(+29 for winning)
|raw|spauty18's rating: 1126 &rarr; <strong>1098</strong><br />(-28 for losing)
|l|☆spauty18
|player|p2|
|l|☆bobbydolphins99
|player|p1|
