|j|☆MamiMamiMami
|j|☆BROOMX4
|t:|1779681683
|gametype|singles
|player|p1|MamiMamiMami|170|1453
|player|p2|BROOMX4|steven|1424
|gen|9
|tier|[Gen 9] OU
|rated|
|rule|HP Percentage Mod: HP is shown in percentages
|rule|Endless Battle Clause: Forcing endless battles is banned
|rule|Species Clause: Limit one of each Pokémon
|rule|OHKO Clause: OHKO moves are banned
|rule|Evasion Items Clause: Evasion items are banned
|rule|Evasion Moves Clause: Evasion moves are banned
|rule|Evasion Abilities Clause: Evasion abilities are banned
|rule|Sleep Moves Clause: Sleep-inducing moves are banned
|clearpoke
|poke|p1|Kingambit, F|
|poke|p1|Great Tusk|
|poke|p1|Enamorus, F|
|poke|p1|Darkrai|
|poke|p1|Dragonite, M|
|poke|p1|Pecharunt|
|poke|p2|Kyurem|
|poke|p2|Slowking-Galar, F|
|poke|p2|Hatterene, F|
|poke|p2|Moltres|
|poke|p2|Great Tusk|
|poke|p2|Tyranitar, M|
|teampreview
|inactive|Battle timer is ON: inactive players will automatically lose when time's up. (requested by BROOMX4)
|inactive|MamiMamiMami has 120 seconds left.
|
|t:|1779681723
|teamsize|p1|6
|teamsize|p2|6
|start
|switch|p1a: Great Tusk|Great Tusk|100/100
|switch|p2a: Kyurem|Kyurem|100/100
|-ability|p2a: Kyurem|Pressure
|turn|1
|inactive|BROOMX4 has 120 seconds left.
|
|t:|1779681758
|-end|p1a: Great Tusk|Protosynthesis|[silent]
|switch|p1a: Kingambit|Kingambit, F|100/100
|move|p2a: Kyurem|Freeze-Dry|p1a: Kingambit
|-resisted|p1a: Kingambit
|-damage|p1a: Kingambit|75/100
|
|upkeep
|turn|2
|inactive|BROOMX4 has 120 seconds left.
|
|t:|1779681766
|switch|p2a: Great Tusk|Great Tusk|100/100
|move|p1a: Kingambit|Iron Head|p2a: Great Tusk
|-damage|p2a: Great Tusk|68/100
|
|upkeep
|turn|3
|
|t:|1779681774
|-end|p2a: Great Tusk|Protosynthesis|[silent]
|switch|p2a: Slowking|Slowking-Galar, F|100/100
|-end|p1a: Kingambit|fallenundefined|[silent]
|switch|p1a: Enamorus|Enamorus, F|100/100
|
|upkeep
|turn|4
|
|t:|1779681780
|move|p1a: Enamorus|Earth Power|p2a: Slowking
|-supereffective|p2a: Slowking
|-damage|p2a: Slowking|61/100
|move|p2a: Slowking|Sludge Bomb|p1a: Enamorus
|-supereffective|p1a: Enamorus
|-damage|p1a: Enamorus|7/100
|
|upkeep
|turn|5
|
|t:|1779681793
|switch|p1a: Pecharunt|Pecharunt|100/100
|move|p2a: Slowking|Sludge Bomb|p1a: Pecharunt
|-resisted|p1a: Pecharunt
|-damage|p1a: Pecharunt|93/100
|
|upkeep
|turn|6
|
|t:|1779681803
|move|p1a: Pecharunt|Shadow Ball|p2a: Slowking
|-supereffective|p2a: Slowking
|-damage|p2a: Slowking|32/100
|move|p2a: Slowking|Future Sight|p1a: Pecharunt
|-start|p2a: Slowking|move: Future Sight
|
|upkeep
|turn|7
|
|t:|1779681814
|switch|p2a: Tyranitar|Tyranitar, M|100/100
|-weather|Sandstorm|[from] ability: Sand Stream|[of] p2a: Tyranitar
|move|p1a: Pecharunt|Parting Shot|p2a: Tyranitar
|-unboost|p2a: Tyranitar|atk|1
|-unboost|p2a: Tyranitar|spa|1
|
|t:|1779681826
|switch|p1a: Kingambit|Kingambit, F|75/100|[from] Parting Shot
|
|-weather|Sandstorm|[upkeep]
|upkeep
|turn|8
|
|t:|1779681830
|switch|p2a: Moltres|Moltres|100/100
|move|p1a: Kingambit|Iron Head|p2a: Moltres
|-resisted|p2a: Moltres
|-damage|p2a: Moltres|85/100
|-status|p1a: Kingambit|brn|[from] ability: Flame Body|[of] p2a: Moltres
|-enditem|p1a: Kingambit|Lum Berry|[eat]
|-curestatus|p1a: Kingambit|brn|[msg]
|
|-weather|Sandstorm|[upkeep]
|-damage|p2a: Moltres|79/100|[from] Sandstorm
|-end|p1a: Kingambit|move: Future Sight
|-immune|p1a: Kingambit
|upkeep
|turn|9
|inactive|MamiMamiMami has 120 seconds left.
|
|t:|1779681863
|-end|p1a: Kingambit|fallenundefined|[silent]
|switch|p1a: Darkrai|Darkrai|100/100
|move|p2a: Moltres|Flamethrower|p1a: Darkrai
|-damage|p1a: Darkrai|47/100
|
|-weather|Sandstorm|[upkeep]
|-damage|p1a: Darkrai|41/100|[from] Sandstorm
|-damage|p2a: Moltres|73/100|[from] Sandstorm
|upkeep
|turn|10
|inactive|MamiMamiMami has 120 seconds left.
|
|t:|1779681874
|switch|p2a: Hatterene|Hatterene, F|100/100
|move|p1a: Darkrai|Dark Pulse|p2a: Hatterene
|-damage|p2a: Hatterene|44/100
|-enditem|p2a: Hatterene|Eject Button
|-damage|p1a: Darkrai|31/100|[from] item: Life Orb
|
|t:|1779681879
|switch|p2a: Great Tusk|Great Tusk|68/100
|
|-weather|Sandstorm|[upkeep]
|-damage|p1a: Darkrai|25/100|[from] Sandstorm
|upkeep
|turn|11
|
|t:|1779681885
|move|p2a: Great Tusk|Rapid Spin|p1a: Darkrai
|-damage|p1a: Darkrai|0 fnt
|-boost|p2a: Great Tusk|spe|1
|faint|p1a: Darkrai
|
|-weather|none
|upkeep
|
|t:|1779681898
|switch|p1a: Pecharunt|Pecharunt|93/100
|turn|12
|
|t:|1779681906
|-end|p2a: Great Tusk|Protosynthesis|[silent]
|switch|p2a: Tyranitar|Tyranitar, M|100/100
|-weather|Sandstorm|[from] ability: Sand Stream|[of] p2a: Tyranitar
|move|p1a: Pecharunt|Malignant Chain|p2a: Tyranitar
|-resisted|p2a: Tyranitar
|-damage|p2a: Tyranitar|95/100
|-status|p2a: Tyranitar|tox
|-start|p2a: Tyranitar|confusion|[from] ability: Poison Puppeteer|[of] p1a: Pecharunt
|
|-weather|Sandstorm|[upkeep]
|-damage|p1a: Pecharunt|87/100|[from] Sandstorm
|-heal|p2a: Tyranitar|100/100 tox|[from] item: Leftovers
|-damage|p2a: Tyranitar|94/100 tox|[from] psn
|upkeep
|turn|13
|
|t:|1779681920
|move|p1a: Pecharunt|Parting Shot|p2a: Tyranitar
|-unboost|p2a: Tyranitar|atk|1
|-unboost|p2a: Tyranitar|spa|1
|
|t:|1779681926
|switch|p1a: Great Tusk|Great Tusk|100/100|[from] Parting Shot
|-activate|p2a: Tyranitar|confusion
|-damage|p2a: Tyranitar|89/100 tox|[from] confusion
|
|-weather|Sandstorm|[upkeep]
|-heal|p2a: Tyranitar|95/100 tox|[from] item: Leftovers
|-damage|p2a: Tyranitar|82/100 tox|[from] psn
|upkeep
|turn|14
|
|t:|1779681950
|switch|p2a: Moltres|Moltres|73/100
|move|p1a: Great Tusk|Stealth Rock|p2a: Moltres
|-sidestart|p2: BROOMX4|move: Stealth Rock
|
|-weather|Sandstorm|[upkeep]
|-damage|p2a: Moltres|67/100|[from] Sandstorm
|upkeep
|turn|15
|
|t:|1779681966
|move|p1a: Great Tusk|Ice Spinner|p2a: Moltres
|-damage|p2a: Moltres|48/100
|-status|p1a: Great Tusk|brn|[from] ability: Flame Body|[of] p2a: Moltres
|move|p2a: Moltres|Roost|p2a: Moltres
|-heal|p2a: Moltres|98/100
|-singleturn|p2a: Moltres|move: Roost
|
|-weather|Sandstorm|[upkeep]
|-damage|p2a: Moltres|92/100|[from] Sandstorm
|-damage|p1a: Great Tusk|94/100 brn|[from] brn
|upkeep
|turn|16
|
|t:|1779681987
|move|p1a: Great Tusk|Rapid Spin|p2a: Moltres
|-damage|p2a: Moltres|86/100
|-boost|p1a: Great Tusk|spe|1
|move|p2a: Moltres|Flamethrower|p1a: Great Tusk
|-damage|p1a: Great Tusk|41/100 brn
|
|-weather|none
|-damage|p1a: Great Tusk|34/100 brn|[from] brn
|upkeep
|turn|17
|
|t:|1779681994
|move|p1a: Great Tusk|Headlong Rush|p2a: Moltres
|-immune|p2a: Moltres
|move|p2a: Moltres|Flamethrower|p1a: Great Tusk
|-damage|p1a: Great Tusk|0 fnt
|faint|p1a: Great Tusk
|-end|p1a: Great Tusk|Protosynthesis|[silent]
|
|upkeep
|
|t:|1779682001
|switch|p1a: Enamorus|Enamorus, F|7/100
|turn|18
|
|t:|1779682019
|switch|p1a: Dragonite|Dragonite, M|100/100
|move|p2a: Moltres|Roost|p2a: Moltres
|-heal|p2a: Moltres|100/100
|-singleturn|p2a: Moltres|move: Roost
|
|upkeep
|turn|19
|
|t:|1779682032
|switch|p1a: Pecharunt|Pecharunt|87/100
|move|p2a: Moltres|Flamethrower|p1a: Pecharunt
|-damage|p1a: Pecharunt|52/100
|
|upkeep
|turn|20
|
|t:|1779682038
|move|p2a: Moltres|U-turn|p1a: Pecharunt
|-resisted|p1a: Pecharunt
|-damage|p1a: Pecharunt|50/100
|
|t:|1779682039
|switch|p2a: Tyranitar|Tyranitar, M|82/100 tox|[from] U-turn
|-damage|p2a: Tyranitar|70/100 tox|[from] Stealth Rock
|-weather|Sandstorm|[from] ability: Sand Stream|[of] p2a: Tyranitar
|move|p1a: Pecharunt|Malignant Chain|p2a: Tyranitar
|-resisted|p2a: Tyranitar
|-damage|p2a: Tyranitar|64/100 tox
|
|-weather|Sandstorm|[upkeep]
|-damage|p1a: Pecharunt|44/100|[from] Sandstorm
|-heal|p2a: Tyranitar|70/100 tox|[from] item: Leftovers
|-damage|p2a: Tyranitar|64/100 tox|[from] psn
|upkeep
|turn|21
|
|t:|1779682054
|move|p1a: Pecharunt|Parting Shot|p2a: Tyranitar
|-unboost|p2a: Tyranitar|atk|1
|-unboost|p2a: Tyranitar|spa|1
|
|t:|1779682060
|switch|p1a: Kingambit|Kingambit, F|75/100|[from] Parting Shot
|-activate|p1a: Kingambit|ability: Supreme Overlord
|-start|p1a: Kingambit|fallen2|[silent]
|move|p2a: Tyranitar|Stealth Rock|p1a: Kingambit
|-sidestart|p1: MamiMamiMami|move: Stealth Rock
|
|-weather|Sandstorm|[upkeep]
|-heal|p2a: Tyranitar|70/100 tox|[from] item: Leftovers
|-damage|p2a: Tyranitar|58/100 tox|[from] psn
|upkeep
|turn|22
|
|t:|1779682071
|switch|p2a: Great Tusk|Great Tusk|68/100
|-damage|p2a: Great Tusk|65/100|[from] Stealth Rock
|move|p1a: Kingambit|Swords Dance|p1a: Kingambit
|-boost|p1a: Kingambit|atk|2
|
|-weather|Sandstorm|[upkeep]
|upkeep
|turn|23
|
|t:|1779682087
|-terastallize|p1a: Kingambit|Ghost
|move|p2a: Great Tusk|Headlong Rush|p1a: Kingambit
|-damage|p1a: Kingambit|28/100
|-unboost|p2a: Great Tusk|def|1
|-unboost|p2a: Great Tusk|spd|1
|move|p1a: Kingambit|Iron Head|p2a: Great Tusk
|-damage|p2a: Great Tusk|0 fnt
|faint|p2a: Great Tusk
|-end|p2a: Great Tusk|Protosynthesis|[silent]
|
|-weather|Sandstorm|[upkeep]
|-damage|p1a: Kingambit|22/100|[from] Sandstorm
|upkeep
|
|t:|1779682105
|switch|p2a: Moltres|Moltres|100/100
|turn|24
|
|t:|1779682117
|-end|p1a: Kingambit|fallen2|[silent]
|switch|p1a: Pecharunt|Pecharunt|44/100
|-terastallize|p2a: Moltres|Fairy
|move|p2a: Moltres|Flamethrower|p1a: Pecharunt
|-damage|p1a: Pecharunt|6/100
|-status|p1a: Pecharunt|brn
|
|-weather|none
|-damage|p1a: Pecharunt|0 fnt|[from] brn
|faint|p1a: Pecharunt
|upkeep
|
|t:|1779682132
|switch|p1a: Dragonite|Dragonite, M|100/100
|turn|25
|
|t:|1779682136
|move|p1a: Dragonite|Dragon Dance|p1a: Dragonite
|-boost|p1a: Dragonite|atk|1
|-boost|p1a: Dragonite|spe|1
|move|p2a: Moltres|U-turn|p1a: Dragonite
|-resisted|p1a: Dragonite
|-damage|p1a: Dragonite|96/100
|
|t:|1779682142
|switch|p2a: Kyurem|Kyurem|100/100|[from] U-turn
|-damage|p2a: Kyurem|76/100|[from] Stealth Rock
|-ability|p2a: Kyurem|Pressure
|
|upkeep
|turn|26
|
|t:|1779682149
|move|p1a: Dragonite|Earthquake|p2a: Kyurem
|-damage|p2a: Kyurem|24/100
|move|p2a: Kyurem|Freeze-Dry|p1a: Dragonite
|-supereffective|p1a: Dragonite
|-damage|p1a: Dragonite|0 fnt
|faint|p1a: Dragonite
|
|upkeep
|
|t:|1779682156
|switch|p1a: Kingambit|Kingambit, F, tera:Ghost|22/100
|-damage|p1a: Kingambit|10/100|[from] Stealth Rock
|-activate|p1a: Kingambit|ability: Supreme Overlord
|-start|p1a: Kingambit|fallen4|[silent]
|turn|27
|-message|MamiMamiMami forfeited.
|
|win|BROOMX4
|raw|MamiMamiMami's rating: 1453 &rarr; <strong>1431</strong><br />(-22 for losing)
|raw|BROOMX4's rating: 1424 &rarr; <strong>1446</strong><br />(+22 for winning)
|l|☆MamiMamiMami
|player|p1|
|l|☆BROOMX4
|player|p2|
