|j|☆Trildoo
|j|☆1p1o1s1h1e1
|t:|1779654596
|gametype|singles
|player|p1|Trildoo|cynthia|1392
|player|p2|1p1o1s1h1e1|266|1391
|gen|9
|tier|[Gen 9] OU
|rated|
|rule|HP Percentage Mod: HP is shown in percentages
|rule|Endless Battle Clause: Forcing endless battles is banned
|rule|Species Clause: Limit one of each Pokémon
|rule|OHKO Clause: OHKO moves are banned
|rule|Evasion Items Clause: Evasion items are banned
|rule|Evasion Moves Clause: Evasion moves are banned
|rule|Evasion Abilities Clause: Evasion abilities are banned
|rule|Sleep Moves Clause: Sleep-inducing moves are banned
|clearpoke
|poke|p1|Landorus-Therian, M|
|poke|p1|Dragonite, F|
|poke|p1|Kyurem|
|poke|p1|Iron Moth|
|poke|p1|Kingambit, F|
|poke|p1|Corviknight, M|
|poke|p2|Mesprit|
|poke|p2|Pecharunt|
|poke|p2|Great Tusk|
|poke|p2|Raging Bolt|
|poke|p2|Tornadus-Therian, M|
|poke|p2|Tinkaton, F|
|teampreview
|inactive|Battle timer is ON: inactive players will automatically lose when time's up. (requested by Trildoo)
|
|t:|1779654625
|teamsize|p1|6
|teamsize|p2|6
|start
|switch|p1a: Landorus|Landorus-Therian, M|100/100
|switch|p2a: Great Tusk|Great Tusk|100/100
|-ability|p1a: Landorus|Intimidate|boost
|-unboost|p2a: Great Tusk|atk|1
|-enditem|p2a: Great Tusk|Eject Pack
|
|t:|1779654629
|-end|p2a: Great Tusk|Protosynthesis|[silent]
|switch|p2a: Mesprit|Mesprit|100/100
|turn|1
|
|t:|1779654639
|move|p2a: Mesprit|Substitute|p2a: Mesprit
|-start|p2a: Mesprit|Substitute
|-damage|p2a: Mesprit|76/100
|move|p1a: Landorus|U-turn|p2a: Mesprit
|-supereffective|p2a: Mesprit
|-end|p2a: Mesprit|Substitute
|
|t:|1779654652
|switch|p1a: Iron Moth|Iron Moth, shiny|100/100|[from] U-turn
|-enditem|p1a: Iron Moth|Booster Energy
|-activate|p1a: Iron Moth|ability: Quark Drive|[fromitem]
|-start|p1a: Iron Moth|quarkdrivespa
|
|upkeep
|turn|2
|
|t:|1779654674
|-end|p1a: Iron Moth|Quark Drive|[silent]
|switch|p1a: Kingambit|Kingambit, F|100/100
|move|p2a: Mesprit|Psychic Noise|p1a: Kingambit
|-immune|p1a: Kingambit
|
|upkeep
|turn|3
|
|t:|1779654686
|switch|p2a: Great Tusk|Great Tusk|100/100
|move|p1a: Kingambit|Kowtow Cleave|p2a: Great Tusk
|-resisted|p2a: Great Tusk
|-crit|p2a: Great Tusk
|-damage|p2a: Great Tusk|71/100
|
|upkeep
|turn|4
|
|t:|1779654710
|move|p2a: Great Tusk|Ice Spinner|p1a: Kingambit
|-resisted|p1a: Kingambit
|-damage|p1a: Kingambit|90/100
|move|p1a: Kingambit|Low Kick|p2a: Great Tusk
|-damage|p2a: Great Tusk|34/100
|
|upkeep
|turn|5
|inactive|Trildoo has 120 seconds left.
|
|t:|1779654725
|-end|p1a: Kingambit|fallenundefined|[silent]
|switch|p1a: Corviknight|Corviknight, M|100/100
|-ability|p1a: Corviknight|Pressure
|move|p2a: Great Tusk|Close Combat|p1a: Corviknight
|-damage|p1a: Corviknight|62/100
|-unboost|p2a: Great Tusk|def|1
|-unboost|p2a: Great Tusk|spd|1
|-damage|p2a: Great Tusk|17/100|[from] item: Rocky Helmet|[of] p1a: Corviknight
|
|upkeep
|turn|6
|inactive|Trildoo has 120 seconds left.
|
|t:|1779654737
|move|p2a: Great Tusk|Close Combat|p1a: Corviknight
|-damage|p1a: Corviknight|24/100
|-unboost|p2a: Great Tusk|def|1
|-unboost|p2a: Great Tusk|spd|1
|-damage|p2a: Great Tusk|1/100|[from] item: Rocky Helmet|[of] p1a: Corviknight
|move|p1a: Corviknight|Roost|p1a: Corviknight
|-heal|p1a: Corviknight|74/100
|-singleturn|p1a: Corviknight|move: Roost
|
|upkeep
|turn|7
|inactive|Trildoo has 120 seconds left.
|
|t:|1779654748
|move|p2a: Great Tusk|Close Combat|p1a: Corviknight
|-damage|p1a: Corviknight|39/100
|-unboost|p2a: Great Tusk|def|1
|-unboost|p2a: Great Tusk|spd|1
|-damage|p2a: Great Tusk|0 fnt|[from] item: Rocky Helmet|[of] p1a: Corviknight
|faint|p2a: Great Tusk
|-end|p2a: Great Tusk|Protosynthesis|[silent]
|move|p1a: Corviknight|Roost|p1a: Corviknight
|-heal|p1a: Corviknight|89/100
|-singleturn|p1a: Corviknight|move: Roost
|
|upkeep
|
|t:|1779654753
|switch|p2a: Tornadus|Tornadus-Therian, M|100/100
|turn|8
|inactive|Trildoo has 120 seconds left.
|
|t:|1779654779
|switch|p1a: Kyurem|Kyurem|100/100
|-ability|p1a: Kyurem|Pressure
|move|p2a: Tornadus|Nasty Plot|p2a: Tornadus
|-boost|p2a: Tornadus|spa|2
|
|upkeep
|turn|9
|
|t:|1779654792
|-terastallize|p2a: Tornadus|Steel
|move|p2a: Tornadus|Bleakwind Storm|p1a: Kyurem|[miss]
|-miss|p2a: Tornadus|p1a: Kyurem
|move|p1a: Kyurem|Ice Beam|p2a: Tornadus
|-resisted|p2a: Tornadus
|-damage|p2a: Tornadus|60/100
|
|upkeep
|turn|10
|
|t:|1779654802
|move|p2a: Tornadus|Bleakwind Storm|p1a: Kyurem
|-damage|p1a: Kyurem|0 fnt
|faint|p1a: Kyurem
|-damage|p2a: Tornadus|51/100|[from] item: Life Orb
|
|upkeep
|
|t:|1779654809
|switch|p1a: Dragonite|Dragonite, F|100/100
|turn|11
|
|t:|1779654818
|switch|p2a: Tinkaton|Tinkaton, F|100/100
|-item|p2a: Tinkaton|Air Balloon
|move|p1a: Dragonite|Earthquake|p2a: Tinkaton
|-immune|p2a: Tinkaton
|
|upkeep
|turn|12
|inactive|Trildoo has 120 seconds left.
|
|t:|1779654828
|-terastallize|p1a: Dragonite|Fairy
|move|p1a: Dragonite|Extreme Speed|p2a: Tinkaton
|-resisted|p2a: Tinkaton
|-damage|p2a: Tinkaton|81/100
|-enditem|p2a: Tinkaton|Air Balloon
|-enditem|p1a: Dragonite|Heavy-Duty Boots|[silent]|[from] ability: Pickpocket|[of] p1a: Dragonite
|-item|p2a: Tinkaton|Heavy-Duty Boots|[from] ability: Pickpocket|[of] p1a: Dragonite
|move|p2a: Tinkaton|Stealth Rock|p1a: Dragonite
|-sidestart|p1: Trildoo|move: Stealth Rock
|
|upkeep
|turn|13
|
|t:|1779654837
|move|p2a: Tinkaton|Thunder Wave|p1a: Dragonite
|-status|p1a: Dragonite|par
|move|p1a: Dragonite|Earthquake|p2a: Tinkaton
|-supereffective|p2a: Tinkaton
|-damage|p2a: Tinkaton|0 fnt
|faint|p2a: Tinkaton
|
|upkeep
|
|t:|1779654842
|switch|p2a: Pecharunt|Pecharunt|100/100
|turn|14
|
|t:|1779654848
|switch|p1a: Kingambit|Kingambit, F|90/100
|-damage|p1a: Kingambit|84/100|[from] Stealth Rock
|-activate|p1a: Kingambit|ability: Supreme Overlord
|-start|p1a: Kingambit|fallen1|[silent]
|move|p2a: Pecharunt|Malignant Chain|p1a: Kingambit
|-immune|p1a: Kingambit
|
|upkeep
|turn|15
|
|t:|1779654863
|move|p2a: Pecharunt|Parting Shot|p1a: Kingambit
|-unboost|p1a: Kingambit|atk|1
|-unboost|p1a: Kingambit|spa|1
|
|t:|1779654872
|switch|p2a: Raging Bolt|Raging Bolt|100/100|[from] Parting Shot
|move|p1a: Kingambit|Kowtow Cleave|p2a: Raging Bolt
|-damage|p2a: Raging Bolt|67/100
|
|upkeep
|turn|16
|
|t:|1779654882
|-end|p1a: Kingambit|fallen1|[silent]
|switch|p1a: Corviknight|Corviknight, M|89/100
|-damage|p1a: Corviknight|77/100|[from] Stealth Rock
|-ability|p1a: Corviknight|Pressure
|move|p2a: Raging Bolt|Draco Meteor|p1a: Corviknight
|-resisted|p1a: Corviknight
|-damage|p1a: Corviknight|22/100
|-unboost|p2a: Raging Bolt|spa|2
|
|upkeep
|turn|17
|
|t:|1779654892
|-end|p2a: Raging Bolt|Protosynthesis|[silent]
|switch|p2a: Mesprit|Mesprit|76/100
|move|p1a: Corviknight|Defog|p2a: Mesprit
|-unboost|p2a: Mesprit|evasion|1
|-sideend|p1: Trildoo|Stealth Rock|[from] move: Defog|[of] p1a: Corviknight
|
|upkeep
|turn|18
|
|t:|1779654899
|move|p2a: Mesprit|Substitute|p2a: Mesprit
|-start|p2a: Mesprit|Substitute
|-damage|p2a: Mesprit|51/100
|move|p1a: Corviknight|Roost|p1a: Corviknight
|-heal|p1a: Corviknight|72/100
|-singleturn|p1a: Corviknight|move: Roost
|
|upkeep
|turn|19
|
|t:|1779654906
|switch|p1a: Kingambit|Kingambit, F|84/100
|-activate|p1a: Kingambit|ability: Supreme Overlord
|-start|p1a: Kingambit|fallen1|[silent]
|move|p2a: Mesprit|Nasty Plot|p2a: Mesprit
|-boost|p2a: Mesprit|spa|2
|
|upkeep
|turn|20
|
|t:|1779654914
|move|p2a: Mesprit|Draining Kiss|p1a: Kingambit
|-damage|p1a: Kingambit|66/100
|-heal|p2a: Mesprit|68/100|[from] drain|[of] p1a: Kingambit
|move|p1a: Kingambit|Kowtow Cleave|p2a: Mesprit
|-supereffective|p2a: Mesprit
|-end|p2a: Mesprit|Substitute
|
|upkeep
|turn|21
|
|t:|1779654924
|move|p2a: Mesprit|Substitute|p2a: Mesprit
|-start|p2a: Mesprit|Substitute
|-damage|p2a: Mesprit|43/100
|move|p1a: Kingambit|Kowtow Cleave|p2a: Mesprit
|-supereffective|p2a: Mesprit
|-end|p2a: Mesprit|Substitute
|
|upkeep
|turn|22
|
|t:|1779654930
|move|p2a: Mesprit|Draining Kiss|p1a: Kingambit
|-damage|p1a: Kingambit|45/100
|-heal|p2a: Mesprit|64/100|[from] drain|[of] p1a: Kingambit
|move|p1a: Kingambit|Kowtow Cleave|p2a: Mesprit
|-supereffective|p2a: Mesprit
|-damage|p2a: Mesprit|0 fnt
|faint|p2a: Mesprit
|
|upkeep
|
|t:|1779654936
|switch|p2a: Raging Bolt|Raging Bolt|67/100
|turn|23
|
|t:|1779654951
|-end|p1a: Kingambit|fallen1|[silent]
|switch|p1a: Corviknight|Corviknight, M|72/100
|-ability|p1a: Corviknight|Pressure
|move|p2a: Raging Bolt|Volt Switch|p1a: Corviknight
|-supereffective|p1a: Corviknight
|-damage|p1a: Corviknight|0 fnt
|faint|p1a: Corviknight
|
|t:|1779654955
|-end|p2a: Raging Bolt|Protosynthesis|[silent]
|switch|p2a: Tornadus|Tornadus-Therian, M, tera:Steel|84/100|[from] Volt Switch
|
|upkeep
|
|t:|1779654971
|switch|p1a: Landorus|Landorus-Therian, M|100/100
|-ability|p1a: Landorus|Intimidate|boost
|-unboost|p2a: Tornadus|atk|1
|turn|24
|
|t:|1779654976
|move|p2a: Tornadus|Bleakwind Storm|p1a: Landorus
|-damage|p1a: Landorus|41/100
|-damage|p2a: Tornadus|74/100|[from] item: Life Orb
|move|p1a: Landorus|Earthquake|p2a: Tornadus
|-supereffective|p2a: Tornadus
|-damage|p2a: Tornadus|0 fnt
|faint|p2a: Tornadus
|
|-heal|p1a: Landorus|47/100|[from] item: Leftovers
|upkeep
|
|t:|1779654981
|switch|p2a: Pecharunt|Pecharunt|100/100
|turn|25
|
|t:|1779654992
|move|p1a: Landorus|Earthquake|p2a: Pecharunt
|-supereffective|p2a: Pecharunt
|-damage|p2a: Pecharunt|54/100
|move|p2a: Pecharunt|Foul Play|p1a: Landorus
|-damage|p1a: Landorus|21/100
|
|-heal|p1a: Landorus|27/100|[from] item: Leftovers
|upkeep
|turn|26
|-message|1p1o1s1h1e1 forfeited.
|
|win|Trildoo
|raw|Trildoo's rating: 1392 &rarr; <strong>1412</strong><br />(+20 for winning)
|raw|1p1o1s1h1e1's rating: 1391 &rarr; <strong>1371</strong><br />(-20 for losing)
|l|☆1p1o1s1h1e1
|player|p2|
|l|☆Trildoo
|player|p1|
