|j|☆hornet simp
|j|☆8daniel8
|t:|1779611198
|gametype|singles
|player|p1|hornet simp|acetrainer-gen4|1505
|player|p2|8daniel8|266|1535
|gen|9
|tier|[Gen 9] OU
|rated|
|rule|HP Percentage Mod: HP is shown in percentages
|rule|Endless Battle Clause: Forcing endless battles is banned
|rule|Species Clause: Limit one of each Pokémon
|rule|OHKO Clause: OHKO moves are banned
|rule|Evasion Items Clause: Evasion items are banned
|rule|Evasion Moves Clause: Evasion moves are banned
|rule|Evasion Abilities Clause: Evasion abilities are banned
|rule|Sleep Moves Clause: Sleep-inducing moves are banned
|clearpoke
|poke|p1|Dragonite, F|
|poke|p1|Samurott-Hisui, F|
|poke|p1|Darkrai|
|poke|p1|Gholdengo|
|poke|p1|Landorus-Therian, M|
|poke|p1|Zamazenta-*|
|poke|p2|Arcanine-Hisui, F|
|poke|p2|Hydreigon, M|
|poke|p2|Ogerpon-Wellspring, F|
|poke|p2|Corviknight, M|
|poke|p2|Clodsire, F|
|poke|p2|Clefable, M|
|teampreview
|c|☆hornet simp|hf
|inactive|Battle timer is ON: inactive players will automatically lose when time's up. (requested by hornet simp)
|
|t:|1779611214
|teamsize|p1|6
|teamsize|p2|6
|start
|switch|p1a: Samurott|Samurott-Hisui, F|100/100
|switch|p2a: Hydreigon|Hydreigon, M|100/100
|turn|1
|
|t:|1779611223
|move|p2a: Hydreigon|Draco Meteor|p1a: Samurott
|-damage|p1a: Samurott|15/100
|-unboost|p2a: Hydreigon|spa|2
|move|p1a: Samurott|Ceaseless Edge|p2a: Hydreigon
|-resisted|p2a: Hydreigon
|-crit|p2a: Hydreigon
|-damage|p2a: Hydreigon|60/100
|-sidestart|p2: 8daniel8|Spikes
|
|upkeep
|turn|2
|
|t:|1779611247
|move|p1a: Samurott|Sucker Punch|p2a: Hydreigon
|-resisted|p2a: Hydreigon
|-damage|p2a: Hydreigon|41/100
|move|p2a: Hydreigon|Draco Meteor|p1a: Samurott
|-damage|p1a: Samurott|0 fnt
|-unboost|p2a: Hydreigon|spa|2
|faint|p1a: Samurott
|
|upkeep
|inactive|hornet simp has 120 seconds left.
|
|t:|1779611265
|switch|p1a: Darkrai|Darkrai|100/100
|turn|3
|
|t:|1779611273
|switch|p2a: Corviknight|Corviknight, M|100/100
|move|p1a: Darkrai|Knock Off|p2a: Corviknight
|-damage|p2a: Corviknight|83/100
|-damage|p1a: Darkrai|84/100|[from] item: Rocky Helmet|[of] p2a: Corviknight
|-enditem|p2a: Corviknight|Rocky Helmet|[from] move: Knock Off|[of] p1a: Darkrai
|
|upkeep
|turn|4
|
|t:|1779611283
|switch|p1a: Gholdengo|Gholdengo|100/100
|move|p2a: Corviknight|U-turn|p1a: Gholdengo
|-resisted|p1a: Gholdengo
|-damage|p1a: Gholdengo|97/100
|
|t:|1779611289
|switch|p2a: Hydreigon|Hydreigon, M|41/100|[from] U-turn
|
|upkeep
|turn|5
|
|t:|1779611310
|-terastallize|p1a: Gholdengo|Fairy
|move|p2a: Hydreigon|Draco Meteor|p1a: Gholdengo
|-immune|p1a: Gholdengo
|move|p1a: Gholdengo|Make It Rain|p2a: Hydreigon
|-damage|p2a: Hydreigon|0 fnt
|-unboost|p1a: Gholdengo|spa|1
|faint|p2a: Hydreigon
|
|upkeep
|
|t:|1779611321
|switch|p2a: Arcanine|Arcanine-Hisui, F|100/100
|-damage|p2a: Arcanine|88/100|[from] Spikes
|turn|6
|
|t:|1779611330
|switch|p1a: Landorus|Landorus-Therian, M|100/100
|-ability|p1a: Landorus|Intimidate|boost
|-unboost|p2a: Arcanine|atk|1
|-terastallize|p2a: Arcanine|Fire
|move|p2a: Arcanine|Flare Blitz|p1a: Landorus
|-damage|p1a: Landorus|19/100
|-damage|p2a: Arcanine|71/100|[from] item: Rocky Helmet|[of] p1a: Landorus
|
|upkeep
|turn|7
|
|t:|1779611348
|switch|p1a: Dragonite|Dragonite, F|100/100
|move|p2a: Arcanine|Flare Blitz|p1a: Dragonite
|-resisted|p1a: Dragonite
|-damage|p1a: Dragonite|80/100
|
|upkeep
|turn|8
|
|t:|1779611361
|switch|p2a: Corviknight|Corviknight, M|83/100
|move|p1a: Dragonite|Earthquake|p2a: Corviknight
|-immune|p2a: Corviknight
|
|upkeep
|turn|9
|
|t:|1779611367
|switch|p1a: Gholdengo|Gholdengo, tera:Fairy|97/100
|move|p2a: Corviknight|U-turn|p1a: Gholdengo
|-resisted|p1a: Gholdengo
|-damage|p1a: Gholdengo|90/100
|
|t:|1779611372
|switch|p2a: Arcanine|Arcanine-Hisui, F, tera:Fire|71/100|[from] U-turn
|-damage|p2a: Arcanine|59/100|[from] Spikes
|
|upkeep
|turn|10
|
|t:|1779611382
|switch|p1a: Landorus|Landorus-Therian, M|19/100
|-ability|p1a: Landorus|Intimidate|boost
|-unboost|p2a: Arcanine|atk|1
|move|p2a: Arcanine|Head Smash|p1a: Landorus
|-damage|p1a: Landorus|0 fnt
|-damage|p2a: Arcanine|42/100|[from] item: Rocky Helmet|[of] p1a: Landorus
|faint|p1a: Landorus
|
|upkeep
|
|t:|1779611396
|switch|p1a: Darkrai|Darkrai|84/100
|turn|11
|
|t:|1779611405
|switch|p2a: Clodsire|Clodsire, F|100/100
|-damage|p2a: Clodsire|88/100|[from] Spikes
|move|p1a: Darkrai|Dark Pulse|p2a: Clodsire
|-damage|p2a: Clodsire|66/100
|
|-heal|p2a: Clodsire|73/100|[from] item: Leftovers
|upkeep
|turn|12
|
|t:|1779611419
|switch|p1a: Gholdengo|Gholdengo, tera:Fairy|90/100
|move|p2a: Clodsire|Poison Jab|p1a: Gholdengo
|-supereffective|p1a: Gholdengo
|-damage|p1a: Gholdengo|47/100
|-status|p1a: Gholdengo|psn
|
|-heal|p2a: Clodsire|79/100|[from] item: Leftovers
|-damage|p1a: Gholdengo|35/100 psn|[from] psn
|upkeep
|turn|13
|
|t:|1779611435
|switch|p2a: Corviknight|Corviknight, M|83/100
|move|p1a: Gholdengo|Recover|p1a: Gholdengo
|-heal|p1a: Gholdengo|85/100 psn
|
|-damage|p1a: Gholdengo|72/100 psn|[from] psn
|upkeep
|turn|14
|
|t:|1779611443
|move|p1a: Gholdengo|Shadow Ball|p2a: Corviknight
|-damage|p2a: Corviknight|37/100
|move|p2a: Corviknight|U-turn|p1a: Gholdengo
|-resisted|p1a: Gholdengo
|-damage|p1a: Gholdengo|64/100 psn
|
|t:|1779611449
|switch|p2a: Arcanine|Arcanine-Hisui, F, tera:Fire|42/100|[from] U-turn
|-damage|p2a: Arcanine|30/100|[from] Spikes
|
|-damage|p1a: Gholdengo|52/100 psn|[from] psn
|upkeep
|turn|15
|
|t:|1779611459
|move|p2a: Arcanine|Flare Blitz|p1a: Gholdengo
|-damage|p1a: Gholdengo|0 fnt
|faint|p1a: Gholdengo
|
|upkeep
|
|t:|1779611469
|switch|p1a: Dragonite|Dragonite, F|80/100
|turn|16
|
|t:|1779611475
|switch|p2a: Corviknight|Corviknight, M|37/100
|move|p1a: Dragonite|Dragon Dance|p1a: Dragonite
|-boost|p1a: Dragonite|atk|1
|-boost|p1a: Dragonite|spe|1
|
|upkeep
|turn|17
|
|t:|1779611483
|move|p1a: Dragonite|Ice Spinner|p2a: Corviknight
|-damage|p2a: Corviknight|9/100
|move|p2a: Corviknight|Defog|p1a: Dragonite
|-unboost|p1a: Dragonite|evasion|1
|-sideend|p2: 8daniel8|Spikes|[from] move: Defog|[of] p2a: Corviknight
|
|upkeep
|turn|18
|j| Concept Everything
|
|t:|1779611494
|move|p1a: Dragonite|Dragon Dance|p1a: Dragonite
|-boost|p1a: Dragonite|atk|1
|-boost|p1a: Dragonite|spe|1
|move|p2a: Corviknight|U-turn|p1a: Dragonite
|-resisted|p1a: Dragonite
|-damage|p1a: Dragonite|72/100
|
|t:|1779611500
|switch|p2a: Clefable|Clefable, M|100/100|[from] U-turn
|
|upkeep
|turn|19
|
|t:|1779611507
|move|p1a: Dragonite|Earthquake|p2a: Clefable
|-damage|p2a: Clefable|71/100
|move|p2a: Clefable|Thunder Wave|p1a: Dragonite
|-status|p1a: Dragonite|par
|
|-heal|p2a: Clefable|77/100|[from] item: Leftovers
|upkeep
|turn|20
|
|t:|1779611521
|cant|p1a: Dragonite|par
|move|p2a: Clefable|Calm Mind|p2a: Clefable
|-boost|p2a: Clefable|spa|1
|-boost|p2a: Clefable|spd|1
|
|-heal|p2a: Clefable|83/100|[from] item: Leftovers
|upkeep
|turn|21
|
|t:|1779611529
|move|p1a: Dragonite|Earthquake|p2a: Clefable
|-damage|p2a: Clefable|50/100
|move|p2a: Clefable|Calm Mind|p2a: Clefable
|-boost|p2a: Clefable|spa|1
|-boost|p2a: Clefable|spd|1
|
|-heal|p2a: Clefable|57/100|[from] item: Leftovers
|upkeep
|turn|22
|
|t:|1779611537
|move|p1a: Dragonite|Earthquake|p2a: Clefable
|-damage|p2a: Clefable|26/100
|move|p2a: Clefable|Draining Kiss|p1a: Dragonite
|-supereffective|p1a: Dragonite
|-damage|p1a: Dragonite|0 fnt
|-heal|p2a: Clefable|70/100|[from] drain|[of] p1a: Dragonite
|faint|p1a: Dragonite
|
|-heal|p2a: Clefable|76/100|[from] item: Leftovers
|upkeep
|
|t:|1779611546
|switch|p1a: Zamazenta|Zamazenta|100/100
|-ability|p1a: Zamazenta|Dauntless Shield|boost
|-boost|p1a: Zamazenta|def|1
|turn|23
|
|t:|1779611554
|move|p2a: Clefable|Draining Kiss|p1a: Zamazenta
|-supereffective|p1a: Zamazenta
|-damage|p1a: Zamazenta|36/100
|-heal|p2a: Clefable|100/100|[from] drain|[of] p1a: Zamazenta
|move|p1a: Zamazenta|Roar|p2a: Clefable
|drag|p2a: Clodsire|Clodsire, F|79/100
|
|-heal|p1a: Zamazenta|42/100|[from] item: Leftovers
|-heal|p2a: Clodsire|85/100|[from] item: Leftovers
|upkeep
|turn|24
|-message|hornet simp forfeited.
|
|win|8daniel8
|raw|hornet simp's rating: 1505 &rarr; <strong>1487</strong><br />(-18 for losing)
|raw|8daniel8's rating: 1535 &rarr; <strong>1553</strong><br />(+18 for winning)
|l|☆hornet simp
|player|p1|
|l| Concept Everything
|l|☆8daniel8
|player|p2|
