|j|☆owlwaystired
|j|☆calamitycow
|t:|1779600432
|gametype|singles
|player|p1|owlwaystired|265|1467
|player|p2|calamitycow|miku-water|1500
|gen|9
|tier|[Gen 9] OU
|rated|
|rule|HP Percentage Mod: HP is shown in percentages
|rule|Endless Battle Clause: Forcing endless battles is banned
|rule|Species Clause: Limit one of each Pokémon
|rule|OHKO Clause: OHKO moves are banned
|rule|Evasion Items Clause: Evasion items are banned
|rule|Evasion Moves Clause: Evasion moves are banned
|rule|Evasion Abilities Clause: Evasion abilities are banned
|rule|Sleep Moves Clause: Sleep-inducing moves are banned
|clearpoke
|poke|p1|Primarina, F|
|poke|p1|Grimmsnarl, M|
|poke|p1|Lokix, M|
|poke|p1|Walking Wake|
|poke|p1|Kingambit, M|
|poke|p1|Iron Moth|
|poke|p2|Samurott-Hisui, F|
|poke|p2|Gholdengo|
|poke|p2|Revavroom, F|
|poke|p2|Landorus-Therian, M|
|poke|p2|Latios, M|
|poke|p2|Zamazenta-*|
|teampreview
|inactive|Battle timer is ON: inactive players will automatically lose when time's up. (requested by owlwaystired)
|inactive|calamitycow has 120 seconds left.
|inactive|calamitycow has 90 seconds left.
|
|t:|1779600509
|teamsize|p1|6
|teamsize|p2|6
|start
|switch|p1a: Primarina|Primarina, F|100/100
|switch|p2a: Landorus|Landorus-Therian, M|100/100
|-ability|p2a: Landorus|Intimidate|boost
|-unboost|p1a: Primarina|atk|1
|turn|1
|c|☆owlwaystired|Battle me lysandre
|
|t:|1779600525
|move|p2a: Landorus|U-turn|p1a: Primarina
|-resisted|p1a: Primarina
|-crit|p1a: Primarina
|-damage|p1a: Primarina|79/100
|
|t:|1779600534
|switch|p2a: Revavroom|Revavroom, F|100/100|[from] U-turn
|move|p1a: Primarina|Sparkling Aria|p2a: Revavroom
|-damage|p2a: Revavroom|15/100
|
|upkeep
|turn|2
|
|t:|1779600547
|move|p2a: Revavroom|Gunk Shot|p1a: Primarina
|-supereffective|p1a: Primarina
|-damage|p1a: Primarina|0 fnt
|faint|p1a: Primarina
|
|upkeep
|
|t:|1779600556
|switch|p1a: Lokix|Lokix, M|100/100
|turn|3
|
|t:|1779600565
|move|p1a: Lokix|First Impression|p2a: Revavroom
|-resisted|p2a: Revavroom
|-damage|p2a: Revavroom|0 fnt
|faint|p2a: Revavroom
|
|upkeep
|inactive|calamitycow has 120 seconds left.
|
|t:|1779600597
|switch|p2a: Samurott|Samurott-Hisui, F|100/100
|turn|4
|
|t:|1779600602
|move|p1a: Lokix|U-turn|p2a: Samurott
|-supereffective|p2a: Samurott
|-damage|p2a: Samurott|8/100
|
|t:|1779600607
|switch|p1a: Walking Wake|Walking Wake|100/100|[from] U-turn
|-enditem|p1a: Walking Wake|Booster Energy
|-activate|p1a: Walking Wake|ability: Protosynthesis|[fromitem]
|-start|p1a: Walking Wake|protosynthesisspa
|move|p2a: Samurott|Ceaseless Edge|p1a: Walking Wake
|-damage|p1a: Walking Wake|50/100
|-sidestart|p1: owlwaystired|Spikes
|
|upkeep
|turn|5
|
|t:|1779600620
|move|p2a: Samurott|Sucker Punch|p1a: Walking Wake
|-damage|p1a: Walking Wake|17/100
|move|p1a: Walking Wake|Dragon Pulse|p2a: Samurott
|-damage|p2a: Samurott|0 fnt
|faint|p2a: Samurott
|
|upkeep
|
|t:|1779600626
|switch|p2a: Landorus|Landorus-Therian, M|100/100
|-ability|p2a: Landorus|Intimidate|boost
|-unboost|p1a: Walking Wake|atk|1
|turn|6
|
|t:|1779600629
|move|p1a: Walking Wake|Scald|p2a: Landorus
|-supereffective|p2a: Landorus
|-damage|p2a: Landorus|0 fnt
|faint|p2a: Landorus
|
|upkeep
|
|t:|1779600632
|switch|p2a: Latios|Latios, M|100/100
|turn|7
|
|t:|1779600635
|move|p2a: Latios|Psychic Noise|p1a: Walking Wake
|-damage|p1a: Walking Wake|0 fnt
|faint|p1a: Walking Wake
|-end|p1a: Walking Wake|Protosynthesis|[silent]
|
|upkeep
|
|t:|1779600646
|switch|p1a: Lokix|Lokix, M|100/100
|-damage|p1a: Lokix|88/100|[from] Spikes
|turn|8
|
|t:|1779600666
|-terastallize|p2a: Latios|Steel
|move|p1a: Lokix|First Impression|p2a: Latios
|-resisted|p2a: Latios
|-damage|p2a: Latios|33/100
|move|p2a: Latios|Recover|p2a: Latios
|-heal|p2a: Latios|83/100
|
|upkeep
|turn|9
|
|t:|1779600673
|move|p2a: Latios|Draco Meteor|p1a: Lokix
|-damage|p1a: Lokix|0 fnt
|-unboost|p2a: Latios|spa|2
|faint|p1a: Lokix
|
|upkeep
|
|t:|1779600680
|switch|p1a: Iron Moth|Iron Moth|100/100
|-damage|p1a: Iron Moth|88/100|[from] Spikes
|-enditem|p1a: Iron Moth|Booster Energy
|-activate|p1a: Iron Moth|ability: Quark Drive|[fromitem]
|-start|p1a: Iron Moth|quarkdrivespa
|turn|10
|
|t:|1779600690
|switch|p2a: Zamazenta|Zamazenta|100/100
|-ability|p2a: Zamazenta|Dauntless Shield|boost
|-boost|p2a: Zamazenta|def|1
|move|p1a: Iron Moth|Fiery Dance|p2a: Zamazenta
|-damage|p2a: Zamazenta|58/100
|-boost|p1a: Iron Moth|spa|1
|
|upkeep
|turn|11
|
|t:|1779600698
|move|p1a: Iron Moth|Fiery Dance|p2a: Zamazenta
|-damage|p2a: Zamazenta|0 fnt
|-boost|p1a: Iron Moth|spa|1
|faint|p2a: Zamazenta
|
|upkeep
|
|t:|1779600704
|switch|p2a: Gholdengo|Gholdengo|100/100
|-item|p2a: Gholdengo|Air Balloon
|turn|12
|
|t:|1779600707
|move|p1a: Iron Moth|Fiery Dance|p2a: Gholdengo
|-supereffective|p2a: Gholdengo
|-damage|p2a: Gholdengo|0 fnt
|-enditem|p2a: Gholdengo|Air Balloon
|faint|p2a: Gholdengo
|
|upkeep
|
|t:|1779600709
|switch|p2a: Latios|Latios, M, tera:Steel|83/100
|turn|13
|
|t:|1779600716
|-terastallize|p1a: Iron Moth|Bug
|move|p2a: Latios|Psychic Noise|p1a: Iron Moth
|-damage|p1a: Iron Moth|38/100
|-start|p1a: Iron Moth|move: Heal Block
|move|p1a: Iron Moth|Fiery Dance|p2a: Latios
|-supereffective|p2a: Latios
|-damage|p2a: Latios|0 fnt
|-boost|p1a: Iron Moth|spa|1
|faint|p2a: Latios
|
|win|owlwaystired
|raw|owlwaystired's rating: 1467 &rarr; <strong>1489</strong><br />(+22 for winning)
|raw|calamitycow's rating: 1500 &rarr; <strong>1478</strong><br />(-22 for losing)
|l|☆calamitycow
|player|p2|
|l|☆owlwaystired
|player|p1|
