|j|‽ekekdkdmdmwksl
|j|☆kingsy17
|t:|1779561168
|gametype|singles
|player|p1|ekekdkdmdmwksl|101|1242
|player|p2|kingsy17|veteran|1245
|gen|9
|tier|[Gen 9] OU
|rated|
|rule|HP Percentage Mod: HP is shown in percentages
|rule|Endless Battle Clause: Forcing endless battles is banned
|rule|Species Clause: Limit one of each Pokémon
|rule|OHKO Clause: OHKO moves are banned
|rule|Evasion Items Clause: Evasion items are banned
|rule|Evasion Moves Clause: Evasion moves are banned
|rule|Evasion Abilities Clause: Evasion abilities are banned
|rule|Sleep Moves Clause: Sleep-inducing moves are banned
|clearpoke
|poke|p1|Scrafty, M|
|poke|p1|Volbeat, M|
|poke|p1|Hoopa-Unbound|
|poke|p1|Hatterene, F|
|poke|p1|Registeel|
|poke|p1|Iron Moth|
|poke|p2|Zamazenta-*|
|poke|p2|Dragapult, M|
|poke|p2|Iron Valiant|
|poke|p2|Alomomola, F|
|poke|p2|Corviknight, F|
|poke|p2|Garchomp, M|
|teampreview
|inactive|Battle timer is ON: inactive players will automatically lose when time's up. (requested by kingsy17)
|
|t:|1779561194
|teamsize|p1|6
|teamsize|p2|6
|start
|switch|p1a: Volbeat|Volbeat, M, shiny|100/100
|switch|p2a: Dragapult|Dragapult, M|100/100
|turn|1
|
|t:|1779561207
|switch|p2a: Garchomp|Garchomp, M|100/100
|move|p1a: Volbeat|Thunder Wave|p2a: Garchomp
|-immune|p2a: Garchomp
|
|upkeep
|turn|2
|
|t:|1779561213
|switch|p1a: Hatterene|Hatterene, F|100/100
|move|p2a: Garchomp|Stone Edge|p1a: Hatterene|[miss]
|-miss|p2a: Garchomp|p1a: Hatterene
|
|upkeep
|turn|3
|
|t:|1779561221
|switch|p2a: Alomomola|Alomomola, F|100/100
|move|p1a: Hatterene|Calm Mind|p1a: Hatterene
|-boost|p1a: Hatterene|spa|1
|-boost|p1a: Hatterene|spd|1
|
|upkeep
|turn|4
|
|t:|1779561227
|move|p2a: Alomomola|Scald|p1a: Hatterene
|-crit|p1a: Hatterene
|-damage|p1a: Hatterene|79/100
|move|p1a: Hatterene|Draining Kiss|p2a: Alomomola
|-damage|p2a: Alomomola|81/100
|-heal|p1a: Hatterene|100/100|[from] drain|[of] p2a: Alomomola
|
|upkeep
|turn|5
|
|t:|1779561234
|move|p2a: Alomomola|Scald|p1a: Hatterene
|-damage|p1a: Hatterene|90/100
|move|p1a: Hatterene|Calm Mind|p1a: Hatterene
|-boost|p1a: Hatterene|spa|1
|-boost|p1a: Hatterene|spd|1
|
|-heal|p1a: Hatterene|96/100|[from] item: Leftovers
|upkeep
|turn|6
|
|t:|1779561240
|move|p2a: Alomomola|Scald|p1a: Hatterene
|-damage|p1a: Hatterene|88/100
|move|p1a: Hatterene|Calm Mind|p1a: Hatterene
|-boost|p1a: Hatterene|spa|1
|-boost|p1a: Hatterene|spd|1
|
|-heal|p1a: Hatterene|94/100|[from] item: Leftovers
|upkeep
|turn|7
|
|t:|1779561245
|move|p1a: Hatterene|Calm Mind|p1a: Hatterene
|-boost|p1a: Hatterene|spa|1
|-boost|p1a: Hatterene|spd|1
|move|p2a: Alomomola|Mirror Coat||[still]
|-fail|p2a: Alomomola
|
|-heal|p1a: Hatterene|99/100|[from] item: Leftovers
|upkeep
|turn|8
|
|t:|1779561248
|move|p2a: Alomomola|Flip Turn|p1a: Hatterene
|-damage|p1a: Hatterene|84/100
|
|t:|1779561256
|switch|p2a: Zamazenta|Zamazenta|100/100|[from] Flip Turn
|-ability|p2a: Zamazenta|Dauntless Shield|boost
|-boost|p2a: Zamazenta|def|1
|move|p1a: Hatterene|Calm Mind|p1a: Hatterene
|-boost|p1a: Hatterene|spa|1
|-boost|p1a: Hatterene|spd|1
|
|-heal|p1a: Hatterene|90/100|[from] item: Leftovers
|upkeep
|turn|9
|
|t:|1779561282
|-terastallize|p1a: Hatterene|Fire
|move|p2a: Zamazenta|Heavy Slam|p1a: Hatterene
|-resisted|p1a: Hatterene
|-damage|p1a: Hatterene|60/100
|move|p1a: Hatterene|Draining Kiss|p2a: Zamazenta
|-supereffective|p2a: Zamazenta
|-damage|p2a: Zamazenta|0 fnt
|-heal|p1a: Hatterene|100/100|[from] drain|[of] p2a: Zamazenta
|faint|p2a: Zamazenta
|
|upkeep
|
|t:|1779561291
|switch|p2a: Garchomp|Garchomp, M|100/100
|turn|10
|
|t:|1779561295
|move|p2a: Garchomp|Earthquake|p1a: Hatterene
|-supereffective|p1a: Hatterene
|-damage|p1a: Hatterene|0 fnt
|faint|p1a: Hatterene
|
|upkeep
|inactive|ekekdkdmdmwksl has 120 seconds left.
|
|t:|1779561326
|switch|p1a: Scrafty|Scrafty, M|100/100
|turn|11
|
|t:|1779561332
|move|p2a: Garchomp|Earthquake|p1a: Scrafty
|-damage|p1a: Scrafty|46/100
|move|p1a: Scrafty|Bulk Up|p1a: Scrafty
|-boost|p1a: Scrafty|atk|1
|-boost|p1a: Scrafty|def|1
|
|-heal|p1a: Scrafty|52/100|[from] item: Leftovers
|upkeep
|turn|12
|
|t:|1779561337
|move|p2a: Garchomp|Earthquake|p1a: Scrafty
|-damage|p1a: Scrafty|16/100
|move|p1a: Scrafty|Drain Punch|p2a: Garchomp
|-damage|p2a: Garchomp|52/100
|-heal|p1a: Scrafty|48/100|[from] drain|[of] p2a: Garchomp
|-damage|p1a: Scrafty|36/100|[from] ability: Rough Skin|[of] p2a: Garchomp
|
|-heal|p1a: Scrafty|41/100|[from] item: Leftovers
|upkeep
|turn|13
|
|t:|1779561340
|move|p2a: Garchomp|Earthquake|p1a: Scrafty
|-damage|p1a: Scrafty|0 fnt
|faint|p1a: Scrafty
|
|upkeep
|
|t:|1779561343
|switch|p1a: Iron Moth|Iron Moth|100/100
|-enditem|p1a: Iron Moth|Booster Energy
|-activate|p1a: Iron Moth|ability: Quark Drive|[fromitem]
|-start|p1a: Iron Moth|quarkdrivespa
|turn|14
|
|t:|1779561348
|move|p2a: Garchomp|Earthquake|p1a: Iron Moth
|-supereffective|p1a: Iron Moth
|-damage|p1a: Iron Moth|0 fnt
|faint|p1a: Iron Moth
|-end|p1a: Iron Moth|Quark Drive|[silent]
|
|upkeep
|
|t:|1779561353
|switch|p1a: Volbeat|Volbeat, M, shiny|100/100
|turn|15
|
|t:|1779561356
|switch|p2a: Corviknight|Corviknight, F|100/100
|move|p1a: Volbeat|Lunge|p2a: Corviknight
|-resisted|p2a: Corviknight
|-damage|p2a: Corviknight|97/100
|-ability|p2a: Corviknight|Mirror Armor
|-unboost|p1a: Volbeat|atk|1
|
|-heal|p2a: Corviknight|100/100|[from] item: Leftovers
|upkeep
|turn|16
|
|t:|1779561361
|move|p1a: Volbeat|Thunder Wave|p2a: Corviknight
|-status|p2a: Corviknight|par
|move|p2a: Corviknight|U-turn|p1a: Volbeat
|-damage|p1a: Volbeat|85/100
|
|t:|1779561366
|switch|p2a: Garchomp|Garchomp, M|52/100|[from] U-turn
|
|upkeep
|turn|17
|
|t:|1779561370
|move|p2a: Garchomp|Stone Edge|p1a: Volbeat
|-supereffective|p1a: Volbeat
|-damage|p1a: Volbeat|14/100
|move|p1a: Volbeat|Lunge|p2a: Garchomp
|-damage|p2a: Garchomp|39/100
|-unboost|p2a: Garchomp|atk|1
|-damage|p1a: Volbeat|2/100|[from] ability: Rough Skin|[of] p2a: Garchomp
|
|upkeep
|turn|18
|
|t:|1779561376
|switch|p2a: Corviknight|Corviknight, F|100/100 par
|switch|p1a: Registeel|Registeel|100/100
|
|upkeep
|turn|19
|
|t:|1779561379
|move|p1a: Registeel|Iron Defense|p1a: Registeel
|-boost|p1a: Registeel|def|2
|move|p2a: Corviknight|U-turn|p1a: Registeel
|-resisted|p1a: Registeel
|-damage|p1a: Registeel|98/100
|
|t:|1779561387
|switch|p2a: Iron Valiant|Iron Valiant|100/100|[from] U-turn
|
|upkeep
|turn|20
|
|t:|1779561393
|move|p2a: Iron Valiant|Knock Off|p1a: Registeel
|-damage|p1a: Registeel|88/100
|-enditem|p1a: Registeel|Chesto Berry|[from] move: Knock Off|[of] p2a: Iron Valiant
|move|p1a: Registeel|Body Press|p2a: Iron Valiant
|-resisted|p2a: Iron Valiant
|-damage|p2a: Iron Valiant|59/100
|
|upkeep
|turn|21
|
|t:|1779561402
|-end|p2a: Iron Valiant|Quark Drive|[silent]
|switch|p2a: Alomomola|Alomomola, F|100/100
|move|p1a: Registeel|Iron Defense|p1a: Registeel
|-boost|p1a: Registeel|def|2
|
|upkeep
|turn|22
|
|t:|1779561404
|move|p1a: Registeel|Iron Defense|p1a: Registeel
|-boost|p1a: Registeel|def|2
|move|p2a: Alomomola|Scald|p1a: Registeel
|-damage|p1a: Registeel|78/100
|-status|p1a: Registeel|brn
|
|-damage|p1a: Registeel|72/100 brn|[from] brn
|upkeep
|turn|23
|
|t:|1779561408
|move|p1a: Registeel|Rest|p1a: Registeel
|-status|p1a: Registeel|slp|[from] move: Rest
|-heal|p1a: Registeel|100/100 slp|[silent]
|move|p2a: Alomomola|Flip Turn|p1a: Registeel
|-damage|p1a: Registeel|97/100 slp
|
|t:|1779561411
|switch|p2a: Dragapult|Dragapult, M|100/100|[from] Flip Turn
|
|upkeep
|turn|24
|
|t:|1779561415
|move|p2a: Dragapult|Fire Blast|p1a: Registeel|[miss]
|-miss|p2a: Dragapult|p1a: Registeel
|cant|p1a: Registeel|slp
|
|upkeep
|turn|25
|
|t:|1779561417
|move|p2a: Dragapult|Fire Blast|p1a: Registeel
|-supereffective|p1a: Registeel
|-damage|p1a: Registeel|25/100 slp
|cant|p1a: Registeel|slp
|
|upkeep
|turn|26
|
|t:|1779561420
|move|p2a: Dragapult|Fire Blast|p1a: Registeel
|-supereffective|p1a: Registeel
|-damage|p1a: Registeel|0 fnt
|faint|p1a: Registeel
|
|upkeep
|
|t:|1779561422
|switch|p1a: Hoopa|Hoopa-Unbound|100/100
|turn|27
|
|t:|1779561426
|switch|p2a: Alomomola|Alomomola, F|100/100
|move|p1a: Hoopa|Dark Pulse|p2a: Alomomola
|-damage|p2a: Alomomola|61/100
|
|upkeep
|turn|28
|
|t:|1779561430
|move|p1a: Hoopa|Dark Pulse|p2a: Alomomola
|-damage|p2a: Alomomola|20/100
|cant|p2a: Alomomola|flinch
|
|upkeep
|turn|29
|
|t:|1779561435
|move|p1a: Hoopa|Dark Pulse|p2a: Alomomola
|-damage|p2a: Alomomola|0 fnt
|faint|p2a: Alomomola
|
|upkeep
|
|t:|1779561437
|switch|p2a: Dragapult|Dragapult, M|100/100
|turn|30
|
|t:|1779561439
|move|p2a: Dragapult|U-turn|p1a: Hoopa
|-supereffective|p1a: Hoopa
|-damage|p1a: Hoopa|0 fnt
|faint|p1a: Hoopa
|
|t:|1779561442
|switch|p2a: Garchomp|Garchomp, M|39/100|[from] U-turn
|
|upkeep
|-message|ekekdkdmdmwksl forfeited.
|
|win|kingsy17
|raw|ekekdkdmdmwksl's rating: 1242 &rarr; <strong>1217</strong><br />(-25 for losing)
|raw|kingsy17's rating: 1245 &rarr; <strong>1270</strong><br />(+25 for winning)
|l|‽ekekdkdmdmwksl
|player|p1|
