|j|☆CanSoup
|j|☆CnBCheezy
|t:|1779719235
|gametype|singles
|player|p1|CanSoup|170|1229
|player|p2|CnBCheezy|policeman-gen4|1217
|gen|9
|tier|[Gen 9] OU
|rated|
|rule|HP Percentage Mod: HP is shown in percentages
|rule|Endless Battle Clause: Forcing endless battles is banned
|rule|Species Clause: Limit one of each Pokémon
|rule|OHKO Clause: OHKO moves are banned
|rule|Evasion Items Clause: Evasion items are banned
|rule|Evasion Moves Clause: Evasion moves are banned
|rule|Evasion Abilities Clause: Evasion abilities are banned
|rule|Sleep Moves Clause: Sleep-inducing moves are banned
|clearpoke
|poke|p1|Arcanine, M|
|poke|p1|Iron Thorns|
|poke|p1|Comfey, M|
|poke|p1|Heracross, M|
|poke|p1|Leavanny, M|
|poke|p1|Ceruledge, F|
|poke|p2|Scizor, M|
|poke|p2|Heatran, M|
|poke|p2|Gallade, M|
|poke|p2|Pecharunt|
|poke|p2|Latios, M|
|poke|p2|Houndoom, M|
|teampreview
|inactive|Battle timer is ON: inactive players will automatically lose when time's up. (requested by CnBCheezy)
|
|t:|1779719249
|teamsize|p1|6
|teamsize|p2|6
|start
|switch|p1a: Prim|Leavanny, M, shiny|100/100
|switch|p2a: Pecharunt|Pecharunt|100/100
|turn|1
|
|t:|1779719270
|move|p1a: Prim|Sticky Web|p2a: Pecharunt
|-sidestart|p2: CnBCheezy|move: Sticky Web
|move|p2a: Pecharunt|Toxic|p1a: Prim
|-status|p1a: Prim|tox
|-start|p1a: Prim|confusion|[from] ability: Poison Puppeteer|[of] p2a: Pecharunt
|
|-damage|p1a: Prim|94/100 tox|[from] psn
|upkeep
|turn|2
|
|t:|1779719280
|-activate|p1a: Prim|confusion
|move|p1a: Prim|Knock Off|p2a: Pecharunt
|-supereffective|p2a: Pecharunt
|-damage|p2a: Pecharunt|73/100
|-damage|p1a: Prim|78/100 tox|[from] item: Rocky Helmet|[of] p2a: Pecharunt
|-enditem|p2a: Pecharunt|Rocky Helmet|[from] move: Knock Off|[of] p1a: Prim
|move|p2a: Pecharunt|Malignant Chain|p1a: Prim
|-supereffective|p1a: Prim
|-damage|p1a: Prim|0 fnt
|faint|p1a: Prim
|
|upkeep
|
|t:|1779719291
|switch|p1a: ...|Comfey, M, shiny|100/100
|turn|3
|
|t:|1779719299
|-terastallize|p1a: ...|Steel
|move|p1a: ...|Leech Seed|p2a: Pecharunt
|-start|p2a: Pecharunt|move: Leech Seed
|move|p2a: Pecharunt|Malignant Chain|p1a: ...
|-immune|p1a: ...
|
|-damage|p2a: Pecharunt|61/100|[from] Leech Seed|[of] p1a: ...
|upkeep
|turn|4
|
|t:|1779719307
|move|p1a: ...|Calm Mind|p1a: ...
|-boost|p1a: ...|spa|1
|-boost|p1a: ...|spd|1
|move|p2a: Pecharunt|Parting Shot|p1a: ...
|-unboost|p1a: ...|atk|1
|-unboost|p1a: ...|spa|1
|
|t:|1779719317
|switch|p2a: Gallade|Gallade, M, shiny|100/100|[from] Parting Shot
|-activate|p2a: Gallade|move: Sticky Web
|-unboost|p2a: Gallade|spe|1
|
|upkeep
|turn|5
|
|t:|1779719324
|move|p1a: ...|Draining Kiss|p2a: Gallade
|-supereffective|p2a: Gallade
|-damage|p2a: Gallade|67/100
|move|p2a: Gallade|Sacred Sword|p1a: ...
|-supereffective|p1a: ...
|-damage|p1a: ...|0 fnt
|faint|p1a: ...
|
|-heal|p2a: Gallade|73/100|[from] item: Leftovers
|upkeep
|
|t:|1779719330
|switch|p1a: I said advance!!!|Ceruledge, F|100/100
|turn|6
|
|t:|1779719341
|move|p2a: Gallade|Shadow Sneak|p1a: I said advance!!!
|-supereffective|p1a: I said advance!!!
|-damage|p1a: I said advance!!!|65/100
|-ability|p1a: I said advance!!!|Weak Armor|boost
|-unboost|p1a: I said advance!!!|def|1
|-boost|p1a: I said advance!!!|spe|2
|move|p1a: I said advance!!!|Swords Dance|p1a: I said advance!!!
|-boost|p1a: I said advance!!!|atk|2
|
|-heal|p2a: Gallade|79/100|[from] item: Leftovers
|upkeep
|turn|7
|
|t:|1779719350
|move|p1a: I said advance!!!|Shadow Sneak|p2a: Gallade
|-supereffective|p2a: Gallade
|-damage|p2a: Gallade|0 fnt
|faint|p2a: Gallade
|
|upkeep
|
|t:|1779719359
|switch|p2a: Pecharunt|Pecharunt|61/100
|-activate|p2a: Pecharunt|move: Sticky Web
|-unboost|p2a: Pecharunt|spe|1
|turn|8
|c|☆CanSoup|leftys galade?
|
|t:|1779719368
|move|p1a: I said advance!!!|Shadow Claw|p2a: Pecharunt
|-supereffective|p2a: Pecharunt
|-damage|p2a: Pecharunt|0 fnt
|faint|p2a: Pecharunt
|
|upkeep
|c|☆CnBCheezy|?
|
|t:|1779719382
|switch|p2a: Scizor|Scizor, M|100/100
|-activate|p2a: Scizor|move: Sticky Web
|-unboost|p2a: Scizor|spe|1
|turn|9
|
|t:|1779719389
|switch|p2a: Houndoom|Houndoom, M, shiny|100/100
|-activate|p2a: Houndoom|move: Sticky Web
|-unboost|p2a: Houndoom|spe|1
|move|p1a: I said advance!!!|Bitter Blade|p2a: Houndoom
|-start|p2a: Houndoom|ability: Flash Fire
|
|upkeep
|turn|10
|
|t:|1779719404
|move|p1a: I said advance!!!|Shadow Claw|p2a: Houndoom
|-resisted|p2a: Houndoom
|-damage|p2a: Houndoom|27/100
|move|p2a: Houndoom|Dark Pulse|p1a: I said advance!!!
|-supereffective|p1a: I said advance!!!
|-damage|p1a: I said advance!!!|0 fnt
|faint|p1a: I said advance!!!
|
|upkeep
|
|t:|1779719410
|switch|p1a: Slide to the left|Iron Thorns, shiny|100/100
|turn|11
|
|t:|1779719415
|move|p1a: Slide to the left|Dragon Dance|p1a: Slide to the left
|-boost|p1a: Slide to the left|atk|1
|-boost|p1a: Slide to the left|spe|1
|move|p2a: Houndoom|Destiny Bond|p2a: Houndoom
|-singlemove|p2a: Houndoom|Destiny Bond
|
|upkeep
|turn|12
|
|t:|1779719430
|move|p1a: Slide to the left|Rock Blast|p2a: Houndoom|[miss]
|-miss|p1a: Slide to the left|p2a: Houndoom
|move|p2a: Houndoom|Dark Pulse|p1a: Slide to the left
|-crit|p1a: Slide to the left
|-damage|p1a: Slide to the left|20/100
|
|upkeep
|turn|13
|
|t:|1779719439
|move|p1a: Slide to the left|Rock Blast|p2a: Houndoom
|-supereffective|p2a: Houndoom
|-crit|p2a: Houndoom
|-damage|p2a: Houndoom|0 fnt
|faint|p2a: Houndoom
|-hitcount|p2: Houndoom|1
|
|upkeep
|
|t:|1779719445
|switch|p2a: Scizor|Scizor, M|100/100
|-activate|p2a: Scizor|move: Sticky Web
|-unboost|p2a: Scizor|spe|1
|turn|14
|
|t:|1779719450
|move|p2a: Scizor|Bullet Punch|p1a: Slide to the left
|-damage|p1a: Slide to the left|0 fnt
|faint|p1a: Slide to the left
|-end|p1a: Slide to the left|Quark Drive|[silent]
|
|upkeep
|
|t:|1779719452
|switch|p1a: pup|Arcanine, M|100/100
|-ability|p1a: pup|Intimidate|boost
|-unboost|p2a: Scizor|atk|1
|turn|15
|
|t:|1779719458
|switch|p1a: whack|Heracross, M, shiny|100/100
|switch|p2a: Latios|Latios, M, shiny|100/100
|
|-status|p1a: whack|brn|[from] item: Flame Orb
|upkeep
|turn|16
|
|t:|1779719473
|-terastallize|p2a: Latios|Fairy
|move|p1a: whack|Knock Off|p2a: Latios
|-resisted|p2a: Latios
|-damage|p2a: Latios|72/100
|-enditem|p2a: Latios|Light Clay|[from] move: Knock Off|[of] p1a: whack
|move|p2a: Latios|Luster Purge|p1a: whack
|-supereffective|p1a: whack
|-crit|p1a: whack
|-damage|p1a: whack|0 fnt
|faint|p1a: whack
|
|upkeep
|
|t:|1779719477
|switch|p1a: pup|Arcanine, M|100/100
|-ability|p1a: pup|Intimidate|boost
|-unboost|p2a: Latios|atk|1
|turn|17
|
|t:|1779719486
|move|p2a: Latios|Chilling Water|p1a: pup
|-supereffective|p1a: pup
|-damage|p1a: pup|65/100
|-unboost|p1a: pup|atk|1
|move|p1a: pup|Flare Blitz|p2a: Latios
|-damage|p2a: Latios|30/100
|-damage|p1a: pup|52/100|[from] Recoil
|
|-heal|p1a: pup|58/100|[from] item: Leftovers
|upkeep
|turn|18
|
|t:|1779719500
|move|p1a: pup|Extreme Speed|p2a: Latios
|-damage|p2a: Latios|10/100
|move|p2a: Latios|Luster Purge|p1a: pup
|-damage|p1a: pup|9/100
|
|-heal|p1a: pup|15/100|[from] item: Leftovers
|upkeep
|turn|19
|
|t:|1779719507
|move|p1a: pup|Extreme Speed|p2a: Latios
|-damage|p2a: Latios|0 fnt
|faint|p2a: Latios
|
|-heal|p1a: pup|21/100|[from] item: Leftovers
|upkeep
|
|t:|1779719515
|switch|p2a: Heatran|Heatran, M, shiny|100/100
|turn|20
|
|t:|1779719520
|move|p1a: pup|Flare Blitz|p2a: Heatran
|-damage|p2a: Heatran|66/100
|-damage|p1a: pup|10/100|[from] Recoil
|move|p2a: Heatran|Earth Power|p1a: pup
|-supereffective|p1a: pup
|-damage|p1a: pup|0 fnt
|faint|p1a: pup
|
|win|CnBCheezy
|raw|CanSoup's rating: 1229 &rarr; <strong>1203</strong><br />(-26 for losing)
|raw|CnBCheezy's rating: 1217 &rarr; <strong>1243</strong><br />(+26 for winning)
|l|☆CanSoup
|player|p1|
|l|☆CnBCheezy
|player|p2|
