|j|☆nuclearmonkeyduck
|j|☆eyvgk
|t:|1779584868
|gametype|singles
|player|p1|nuclearmonkeyduck|265|1042
|player|p2|eyvgk|170|1000
|gen|9
|tier|[Gen 9] OU
|rated|
|rule|HP Percentage Mod: HP is shown in percentages
|rule|Endless Battle Clause: Forcing endless battles is banned
|rule|Species Clause: Limit one of each Pokémon
|rule|OHKO Clause: OHKO moves are banned
|rule|Evasion Items Clause: Evasion items are banned
|rule|Evasion Moves Clause: Evasion moves are banned
|rule|Evasion Abilities Clause: Evasion abilities are banned
|rule|Sleep Moves Clause: Sleep-inducing moves are banned
|clearpoke
|poke|p1|Dragonite, F|
|poke|p1|Lucario, M|
|poke|p1|Gardevoir, F|
|poke|p1|Iron Thorns|
|poke|p1|Ceruledge, M|
|poke|p1|Swampert, M|
|poke|p2|Regieleki|
|poke|p2|Heatran, M|
|poke|p2|Rillaboom, M|
|poke|p2|Chandelure, M|
|teampreview
|
|t:|1779584881
|teamsize|p1|6
|teamsize|p2|4
|start
|switch|p1a: Ceruledge|Ceruledge, M|100/100
|switch|p2a: Chandelure|Chandelure, M|100/100
|turn|1
|
|t:|1779584893
|move|p1a: Ceruledge|Shadow Ball|p2a: Chandelure
|-supereffective|p2a: Chandelure
|-damage|p2a: Chandelure|45/100
|move|p2a: Chandelure|Trailblaze|p1a: Ceruledge
|-resisted|p1a: Ceruledge
|-damage|p1a: Ceruledge|96/100
|-boost|p2a: Chandelure|spe|1
|
|-heal|p1a: Ceruledge|100/100|[from] item: Leftovers
|upkeep
|turn|2
|
|t:|1779584906
|move|p2a: Chandelure|Shadow Ball|p1a: Ceruledge
|-supereffective|p1a: Ceruledge
|-damage|p1a: Ceruledge|0 fnt
|faint|p1a: Ceruledge
|
|upkeep
|
|t:|1779584918
|switch|p1a: Lucario|Lucario, M|100/100
|turn|3
|
|t:|1779584926
|move|p2a: Chandelure|Flamethrower|p1a: Lucario
|-supereffective|p1a: Lucario
|-damage|p1a: Lucario|0 fnt
|faint|p1a: Lucario
|
|upkeep
|
|t:|1779584932
|switch|p1a: Swampert|Swampert, M|100/100
|turn|4
|
|t:|1779584942
|move|p2a: Chandelure|Energy Ball|p1a: Swampert
|-supereffective|p1a: Swampert
|-damage|p1a: Swampert|0 fnt
|faint|p1a: Swampert
|
|upkeep
|
|t:|1779584952
|switch|p1a: Iron Thorns|Iron Thorns|100/100
|-enditem|p1a: Iron Thorns|Booster Energy
|-activate|p1a: Iron Thorns|ability: Quark Drive|[fromitem]
|-start|p1a: Iron Thorns|quarkdriveatk
|turn|5
|
|t:|1779584966
|move|p2a: Chandelure|Flamethrower|p1a: Iron Thorns
|-resisted|p1a: Iron Thorns
|-damage|p1a: Iron Thorns|71/100
|move|p1a: Iron Thorns|Earthquake|p2a: Chandelure
|-supereffective|p2a: Chandelure
|-damage|p2a: Chandelure|0 fnt
|faint|p2a: Chandelure
|
|upkeep
|
|t:|1779584976
|switch|p2a: Rillaboom|Rillaboom, M|100/100
|-fieldstart|move: Grassy Terrain|[from] ability: Grassy Surge|[of] p2a: Rillaboom
|turn|6
|
|t:|1779584998
|move|p2a: Rillaboom|Grassy Glide|p1a: Iron Thorns
|-supereffective|p1a: Iron Thorns
|-damage|p1a: Iron Thorns|0 fnt
|faint|p1a: Iron Thorns
|-end|p1a: Iron Thorns|Quark Drive|[silent]
|-damage|p2a: Rillaboom|91/100|[from] item: Life Orb
|
|-heal|p2a: Rillaboom|97/100|[from] Grassy Terrain
|upkeep
|
|t:|1779585007
|switch|p1a: Gardevoir|Gardevoir, F|100/100
|-ability|p1a: Gardevoir|Grassy Surge|Trace|[from] ability: Trace|[of] p2a: Rillaboom
|turn|7
|
|t:|1779585019
|move|p1a: Gardevoir|Moonblast|p2a: Rillaboom
|-damage|p2a: Rillaboom|38/100
|move|p2a: Rillaboom|U-turn|p1a: Gardevoir
|-damage|p1a: Gardevoir|42/100
|-damage|p2a: Rillaboom|28/100|[from] item: Life Orb
|
|t:|1779585030
|switch|p2a: Heatran|Heatran, M|100/100|[from] U-turn
|
|-heal|p1a: Gardevoir|49/100|[from] Grassy Terrain
|-heal|p1a: Gardevoir|55/100|[from] item: Leftovers
|upkeep
|turn|8
|c|☆nuclearmonkeyduck|dang u good
|
|t:|1779585041
|move|p1a: Gardevoir|Aura Sphere|p2a: Heatran
|-supereffective|p2a: Heatran
|-damage|p2a: Heatran|70/100
|move|p2a: Heatran|Flash Cannon|p1a: Gardevoir
|-supereffective|p1a: Gardevoir
|-damage|p1a: Gardevoir|0 fnt
|faint|p1a: Gardevoir
|
|-heal|p2a: Heatran|77/100|[from] Grassy Terrain
|upkeep
|c|☆nuclearmonkeyduck|im cooked
|
|t:|1779585064
|switch|p1a: Dragonite|Dragonite, F|100/100
|turn|9
|
|t:|1779585076
|move|p1a: Dragonite|Earthquake|p2a: Heatran
|-supereffective|p2a: Heatran
|-damage|p2a: Heatran|3/100
|move|p2a: Heatran|Flash Cannon|p1a: Dragonite
|-damage|p1a: Dragonite|77/100
|
|-heal|p2a: Heatran|9/100|[from] Grassy Terrain
|upkeep
|turn|10
|
|t:|1779585088
|switch|p2a: Regieleki|Regieleki|100/100
|-item|p2a: Regieleki|Air Balloon
|move|p1a: Dragonite|Earthquake|p2a: Regieleki
|-immune|p2a: Regieleki
|
|-fieldend|move: Grassy Terrain
|upkeep
|turn|11
|
|t:|1779585101
|move|p1a: Dragonite|Extreme Speed|p2a: Regieleki
|-damage|p2a: Regieleki|30/100
|-enditem|p2a: Regieleki|Air Balloon
|move|p2a: Regieleki|Thunder Cage|p1a: Dragonite|[miss]
|-miss|p2a: Regieleki|p1a: Dragonite
|
|upkeep
|turn|12
|
|t:|1779585110
|move|p1a: Dragonite|Extreme Speed|p2a: Regieleki
|-crit|p2a: Regieleki
|-damage|p2a: Regieleki|0 fnt
|faint|p2a: Regieleki
|
|upkeep
|
|t:|1779585120
|switch|p2a: Rillaboom|Rillaboom, M|28/100
|-fieldstart|move: Grassy Terrain|[from] ability: Grassy Surge|[of] p2a: Rillaboom
|turn|13
|
|t:|1779585127
|move|p2a: Rillaboom|Fake Out|p1a: Dragonite
|-damage|p1a: Dragonite|57/100
|-damage|p2a: Rillaboom|18/100|[from] item: Life Orb
|cant|p1a: Dragonite|flinch
|
|-heal|p2a: Rillaboom|25/100|[from] Grassy Terrain
|upkeep
|turn|14
|
|t:|1779585144
|move|p1a: Dragonite|Extreme Speed|p2a: Rillaboom
|-damage|p2a: Rillaboom|0 fnt
|faint|p2a: Rillaboom
|
|upkeep
|
|t:|1779585154
|switch|p2a: Heatran|Heatran, M|9/100
|turn|15
|
|t:|1779585161
|move|p1a: Dragonite|Earthquake|p2a: Heatran
|-supereffective|p2a: Heatran
|-damage|p2a: Heatran|0 fnt
|faint|p2a: Heatran
|
|win|nuclearmonkeyduck
|raw|nuclearmonkeyduck's rating: 1042 &rarr; <strong>1072</strong><br />(+30 for winning)
|raw|eyvgk's rating: 1000 &rarr; <strong>1000</strong><br />(+0 for losing)
