|j|☆JustMatMan
|j|☆breakfastskipper
|t:|1779609681
|gametype|singles
|player|p1|JustMatMan|cheren|1338
|player|p2|breakfastskipper|boarder|1353
|gen|9
|tier|[Gen 9] OU
|rated|
|rule|HP Percentage Mod: HP is shown in percentages
|rule|Endless Battle Clause: Forcing endless battles is banned
|rule|Species Clause: Limit one of each Pokémon
|rule|OHKO Clause: OHKO moves are banned
|rule|Evasion Items Clause: Evasion items are banned
|rule|Evasion Moves Clause: Evasion moves are banned
|rule|Evasion Abilities Clause: Evasion abilities are banned
|rule|Sleep Moves Clause: Sleep-inducing moves are banned
|clearpoke
|poke|p1|Pelipper, M|
|poke|p1|Manaphy|
|poke|p1|Kingdra, F|
|poke|p1|Barraskewda, M|
|poke|p1|Gastrodon-East, F|
|poke|p1|Azumarill, M|
|poke|p2|Ogerpon-Wellspring, F|
|poke|p2|Iron Treads|
|poke|p2|Slowking-Galar, F|
|poke|p2|Arcanine-Hisui, M|
|poke|p2|Raging Bolt|
|poke|p2|Corviknight, F|
|teampreview
|
|t:|1779609697
|teamsize|p1|6
|teamsize|p2|6
|start
|switch|p1a: Pelipper|Pelipper, M|100/100
|switch|p2a: Ogerpon|Ogerpon-Wellspring, F|100/100
|-weather|RainDance|[from] ability: Drizzle|[of] p1a: Pelipper
|turn|1
|
|t:|1779609707
|switch|p2a: Slowking|Slowking-Galar, F|100/100
|move|p1a: Pelipper|Hurricane|p2a: Slowking
|-damage|p2a: Slowking|80/100
|-start|p2a: Slowking|confusion
|
|-weather|RainDance|[upkeep]
|upkeep
|turn|2
|
|t:|1779609716
|move|p1a: Pelipper|U-turn|p2a: Slowking
|-damage|p2a: Slowking|71/100
|
|t:|1779609725
|switch|p1a: Barraskewda|Barraskewda, M|100/100|[from] U-turn
|-activate|p2a: Slowking|confusion
|-damage|p2a: Slowking|65/100|[from] confusion
|
|-weather|RainDance|[upkeep]
|upkeep
|turn|3
|inactive|Battle timer is ON: inactive players will automatically lose when time's up. (requested by breakfastskipper)
|
|t:|1779609746
|switch|p1a: Kingdra|Kingdra, F|100/100
|switch|p2a: Ogerpon|Ogerpon-Wellspring, F|100/100
|
|-weather|RainDance|[upkeep]
|upkeep
|turn|4
|
|t:|1779609764
|switch|p2a: Slowking|Slowking-Galar, F|98/100
|move|p1a: Kingdra|Draco Meteor|p2a: Slowking
|-damage|p2a: Slowking|42/100
|-unboost|p1a: Kingdra|spa|2
|
|-weather|RainDance|[upkeep]
|upkeep
|turn|5
|
|t:|1779609776
|switch|p1a: Barraskewda|Barraskewda, M|100/100
|-prepare|p2a: Slowking|Chilly Reception|[premajor]
|move|p2a: Slowking|Chilly Reception|p2a: Slowking
|-weather|Snowscape
|
|t:|1779609779
|switch|p2a: Ogerpon|Ogerpon-Wellspring, F|100/100|[from] Chilly Reception
|
|-weather|Snowscape|[upkeep]
|upkeep
|turn|6
|
|t:|1779609789
|move|p1a: Barraskewda|Poison Jab|p2a: Ogerpon
|-supereffective|p2a: Ogerpon
|-damage|p2a: Ogerpon|0 fnt
|faint|p2a: Ogerpon
|
|-weather|Snowscape|[upkeep]
|upkeep
|
|t:|1779609812
|switch|p2a: Raging Bolt|Raging Bolt|100/100
|-enditem|p2a: Raging Bolt|Booster Energy
|-activate|p2a: Raging Bolt|ability: Protosynthesis|[fromitem]
|-start|p2a: Raging Bolt|protosynthesisspa
|turn|7
|
|t:|1779609818
|switch|p1a: Gastrodon|Gastrodon-East, F|100/100
|move|p2a: Raging Bolt|Calm Mind|p2a: Raging Bolt
|-boost|p2a: Raging Bolt|spa|1
|-boost|p2a: Raging Bolt|spd|1
|
|-weather|Snowscape|[upkeep]
|upkeep
|turn|8
|
|t:|1779609826
|move|p2a: Raging Bolt|Dragon Pulse|p1a: Gastrodon
|-damage|p1a: Gastrodon|35/100
|move|p1a: Gastrodon|Earthquake|p2a: Raging Bolt
|-supereffective|p2a: Raging Bolt
|-damage|p2a: Raging Bolt|45/100
|
|-weather|Snowscape|[upkeep]
|upkeep
|turn|9
|
|t:|1779609834
|move|p2a: Raging Bolt|Dragon Pulse|p1a: Gastrodon
|-damage|p1a: Gastrodon|0 fnt
|faint|p1a: Gastrodon
|
|-weather|none
|upkeep
|
|t:|1779609854
|switch|p1a: Pelipper|Pelipper, M|100/100
|-weather|RainDance|[from] ability: Drizzle|[of] p1a: Pelipper
|turn|10
|
|t:|1779609869
|move|p2a: Raging Bolt|Dragon Pulse|p1a: Pelipper
|-damage|p1a: Pelipper|0 fnt
|faint|p1a: Pelipper
|
|-weather|RainDance|[upkeep]
|upkeep
|
|t:|1779609875
|switch|p1a: Kingdra|Kingdra, F|100/100
|turn|11
|
|t:|1779609883
|-terastallize|p2a: Raging Bolt|Fairy
|move|p1a: Kingdra|Ice Beam|p2a: Raging Bolt
|-damage|p2a: Raging Bolt|16/100
|move|p2a: Raging Bolt|Thunderbolt|p1a: Kingdra
|-crit|p1a: Kingdra
|-damage|p1a: Kingdra|0 fnt
|faint|p1a: Kingdra
|
|-weather|RainDance|[upkeep]
|upkeep
|inactive|JustMatMan has 120 seconds left.
|
|t:|1779609911
|switch|p1a: Manaphy|Manaphy|100/100
|turn|12
|
|t:|1779609917
|-terastallize|p1a: Manaphy|Grass
|move|p2a: Raging Bolt|Thunderclap|p1a: Manaphy
|-resisted|p1a: Manaphy
|-damage|p1a: Manaphy|72/100
|move|p1a: Manaphy|Scald|p2a: Raging Bolt
|-damage|p2a: Raging Bolt|0 fnt
|faint|p2a: Raging Bolt
|-end|p2a: Raging Bolt|Protosynthesis|[silent]
|
|-weather|RainDance|[upkeep]
|-heal|p1a: Manaphy|78/100|[from] item: Leftovers
|upkeep
|
|t:|1779609921
|switch|p2a: Arcanine|Arcanine-Hisui, M|100/100
|turn|13
|inactive|JustMatMan has 120 seconds left.
|
|t:|1779609945
|switch|p2a: Slowking|Slowking-Galar, F|75/100
|move|p1a: Manaphy|Rest|p1a: Manaphy
|-status|p1a: Manaphy|slp|[from] move: Rest
|-heal|p1a: Manaphy|100/100 slp|[silent]
|
|-weather|RainDance|[upkeep]
|-activate|p1a: Manaphy|ability: Hydration
|-curestatus|p1a: Manaphy|slp|[msg]
|upkeep
|turn|14
|inactive|JustMatMan has 120 seconds left.
|
|t:|1779609956
|move|p1a: Manaphy|Substitute|p1a: Manaphy
|-start|p1a: Manaphy|Substitute
|-damage|p1a: Manaphy|75/100
|move|p2a: Slowking|Sludge Bomb|p1a: Manaphy
|-supereffective|p1a: Manaphy
|-end|p1a: Manaphy|Substitute
|
|-weather|RainDance|[upkeep]
|-heal|p1a: Manaphy|82/100|[from] item: Leftovers
|upkeep
|turn|15
|inactive|JustMatMan has 120 seconds left.
|
|t:|1779609967
|move|p1a: Manaphy|Tail Glow|p1a: Manaphy
|-boost|p1a: Manaphy|spa|3
|move|p2a: Slowking|Future Sight|p1a: Manaphy
|-start|p2a: Slowking|move: Future Sight
|
|-weather|RainDance|[upkeep]
|-heal|p1a: Manaphy|88/100|[from] item: Leftovers
|upkeep
|turn|16
|inactive|JustMatMan has 120 seconds left.
|
|t:|1779609979
|move|p1a: Manaphy|Scald|p2a: Slowking
|-damage|p2a: Slowking|16/100
|move|p2a: Slowking|Sludge Bomb|p1a: Manaphy
|-supereffective|p1a: Manaphy
|-damage|p1a: Manaphy|40/100
|-status|p1a: Manaphy|psn
|
|-weather|RainDance|[upkeep]
|-activate|p1a: Manaphy|ability: Hydration
|-curestatus|p1a: Manaphy|psn|[msg]
|-heal|p1a: Manaphy|46/100|[from] item: Leftovers
|upkeep
|turn|17
|inactive|JustMatMan has 120 seconds left.
|
|t:|1779609999
|switch|p2a: Iron Treads|Iron Treads|100/100
|move|p1a: Manaphy|Scald|p2a: Iron Treads
|-supereffective|p2a: Iron Treads
|-damage|p2a: Iron Treads|0 fnt
|faint|p2a: Iron Treads
|-end|p2a: Iron Treads|Quark Drive|[silent]
|
|-weather|none
|-end|p1a: Manaphy|move: Future Sight
|-damage|p1a: Manaphy|13/100
|-heal|p1a: Manaphy|20/100|[from] item: Leftovers
|upkeep
|
|t:|1779610006
|switch|p2a: Arcanine|Arcanine-Hisui, M|100/100
|turn|18
|
|t:|1779610014
|move|p2a: Arcanine|Extreme Speed|p1a: Manaphy
|-damage|p1a: Manaphy|0 fnt
|faint|p1a: Manaphy
|
|upkeep
|inactive|JustMatMan has 120 seconds left.
|
|t:|1779610025
|switch|p1a: Azumarill|Azumarill, M|100/100
|turn|19
|
|t:|1779610034
|move|p2a: Arcanine|Extreme Speed|p1a: Azumarill
|-damage|p1a: Azumarill|55/100
|move|p1a: Azumarill|Belly Drum|p1a: Azumarill
|-damage|p1a: Azumarill|5/100
|-setboost|p1a: Azumarill|atk|6|[from] move: Belly Drum
|-enditem|p1a: Azumarill|Sitrus Berry|[eat]
|-heal|p1a: Azumarill|29/100|[from] item: Sitrus Berry
|
|upkeep
|turn|20
|
|t:|1779610044
|move|p2a: Arcanine|Extreme Speed|p1a: Azumarill
|-damage|p1a: Azumarill|0 fnt
|faint|p1a: Azumarill
|
|upkeep
|
|t:|1779610048
|switch|p1a: Barraskewda|Barraskewda, M|100/100
|turn|21
|
|t:|1779610054
|move|p2a: Arcanine|Extreme Speed|p1a: Barraskewda
|-damage|p1a: Barraskewda|30/100
|move|p1a: Barraskewda|Liquidation|p2a: Arcanine
|-supereffective|p2a: Arcanine
|-damage|p2a: Arcanine|0 fnt
|faint|p2a: Arcanine
|
|upkeep
|
|t:|1779610057
|switch|p2a: Corviknight|Corviknight, F|100/100
|-ability|p2a: Corviknight|Pressure
|turn|22
|
|t:|1779610064
|move|p1a: Barraskewda|Liquidation|p2a: Corviknight
|-damage|p2a: Corviknight|61/100
|-unboost|p2a: Corviknight|def|1
|-damage|p1a: Barraskewda|14/100|[from] item: Rocky Helmet|[of] p2a: Corviknight
|move|p2a: Corviknight|Iron Defense|p2a: Corviknight
|-boost|p2a: Corviknight|def|2
|
|upkeep
|turn|23
|
|t:|1779610073
|move|p1a: Barraskewda|Liquidation|p2a: Corviknight
|-damage|p2a: Corviknight|31/100
|-unboost|p2a: Corviknight|def|1
|-damage|p1a: Barraskewda|0 fnt|[from] item: Rocky Helmet|[of] p2a: Corviknight
|faint|p1a: Barraskewda
|
|win|breakfastskipper
|raw|JustMatMan's rating: 1338 &rarr; <strong>1319</strong><br />(-19 for losing)
|raw|breakfastskipper's rating: 1353 &rarr; <strong>1372</strong><br />(+19 for winning)
|c|☆JustMatMan|gg
|l|☆breakfastskipper
|player|p2|
|l|☆JustMatMan
|player|p1|
