|j|☆noob1877
|j|☆superstar
|t:|1779658620
|gametype|singles
|player|p1|noob1877|169|1666
|player|p2|superstar|169|1689
|gen|9
|tier|[Gen 9] OU
|rated|
|rule|HP Percentage Mod: HP is shown in percentages
|rule|Endless Battle Clause: Forcing endless battles is banned
|rule|Species Clause: Limit one of each Pokémon
|rule|OHKO Clause: OHKO moves are banned
|rule|Evasion Items Clause: Evasion items are banned
|rule|Evasion Moves Clause: Evasion moves are banned
|rule|Evasion Abilities Clause: Evasion abilities are banned
|rule|Sleep Moves Clause: Sleep-inducing moves are banned
|clearpoke
|poke|p1|Mandibuzz, F|
|poke|p1|Gholdengo|
|poke|p1|Clodsire, M|
|poke|p1|Slowking, F|
|poke|p1|Ogerpon, F|
|poke|p1|Mamoswine, F|
|poke|p2|Araquanid, F|
|poke|p2|Pecharunt|
|poke|p2|Enamorus, F|
|poke|p2|Ogerpon-Wellspring, F|
|poke|p2|Raging Bolt|
|poke|p2|Kingambit, M|
|teampreview
|j| broflopieopp
|j| Kingtrainer
|
|t:|1779658656
|teamsize|p1|6
|teamsize|p2|6
|start
|switch|p1a: Ogerpon|Ogerpon, F|100/100
|switch|p2a: Enamorus|Enamorus, F|100/100
|turn|1
|
|t:|1779658663
|move|p1a: Ogerpon|U-turn|p2a: Enamorus
|-resisted|p2a: Enamorus
|-damage|p2a: Enamorus|91/100
|
|t:|1779658664
|switch|p1a: Clodsire|Clodsire, M|100/100|[from] U-turn
|move|p2a: Enamorus|Moonblast|p1a: Clodsire
|-resisted|p1a: Clodsire
|-damage|p1a: Clodsire|79/100
|-unboost|p1a: Clodsire|spa|1
|
|upkeep
|turn|2
|
|t:|1779658670
|switch|p2a: Pecharunt|Pecharunt|100/100
|move|p1a: Clodsire|Spikes|p2a: Pecharunt
|-sidestart|p2: superstar|Spikes
|
|upkeep
|turn|3
|
|t:|1779658675
|switch|p2a: Ogerpon|Ogerpon-Wellspring, F|100/100
|-damage|p2a: Ogerpon|88/100|[from] Spikes
|move|p1a: Clodsire|Earthquake|p2a: Ogerpon
|-resisted|p2a: Ogerpon
|-damage|p2a: Ogerpon|71/100
|
|upkeep
|turn|4
|
|t:|1779658679
|switch|p1a: Mandibuzz|Mandibuzz, F|100/100
|move|p2a: Ogerpon|Ivy Cudgel|p1a: Mandibuzz|[anim] Ivy Cudgel Water
|-damage|p1a: Mandibuzz|66/100
|
|upkeep
|turn|5
|
|t:|1779658683
|switch|p2a: Enamorus|Enamorus, F|91/100
|move|p1a: Mandibuzz|Roost|p1a: Mandibuzz
|-heal|p1a: Mandibuzz|100/100
|-singleturn|p1a: Mandibuzz|move: Roost
|
|upkeep
|turn|6
|
|t:|1779658686
|switch|p2a: Ogerpon|Ogerpon-Wellspring, F|71/100
|-damage|p2a: Ogerpon|59/100|[from] Spikes
|switch|p1a: Slowking|Slowking, F|100/100
|
|upkeep
|turn|7
|l| broflopieopp
|
|t:|1779658690
|switch|p1a: Mandibuzz|Mandibuzz, F|100/100
|move|p2a: Ogerpon|Swords Dance|p2a: Ogerpon
|-boost|p2a: Ogerpon|atk|2
|
|upkeep
|turn|8
|
|t:|1779658693
|move|p2a: Ogerpon|Ivy Cudgel|p1a: Mandibuzz|[anim] Ivy Cudgel Water
|-crit|p1a: Mandibuzz
|-damage|p1a: Mandibuzz|0 fnt
|faint|p1a: Mandibuzz
|
|upkeep
|
|t:|1779658698
|switch|p1a: Ogerpon|Ogerpon, F|100/100
|turn|9
|
|t:|1779658705
|switch|p2a: Enamorus|Enamorus, F|91/100
|-terastallize|p1a: Ogerpon|Grass
|detailschange|p1a: Ogerpon|Ogerpon-Teal-Tera, F, tera:Grass
|-ability|p1a: Ogerpon|Embody Aspect (Teal)|boost
|-boost|p1a: Ogerpon|spe|1
|move|p1a: Ogerpon|Ivy Cudgel|p2a: Enamorus
|-resisted|p2a: Enamorus
|-damage|p2a: Enamorus|37/100
|
|upkeep
|turn|10
|
|t:|1779658709
|switch|p2a: Kingambit|Kingambit, M|100/100
|-damage|p2a: Kingambit|88/100|[from] Spikes
|move|p1a: Ogerpon|Ivy Cudgel|p2a: Kingambit
|-resisted|p2a: Kingambit
|-damage|p2a: Kingambit|61/100
|
|upkeep
|turn|11
|
|t:|1779658713
|move|p1a: Ogerpon|U-turn|p2a: Kingambit
|-damage|p2a: Kingambit|41/100
|
|t:|1779658721
|switch|p1a: Mamoswine|Mamoswine, F|100/100|[from] U-turn
|move|p2a: Kingambit|Kowtow Cleave|p1a: Mamoswine
|-damage|p1a: Mamoswine|36/100
|
|upkeep
|turn|12
|
|t:|1779658728
|-end|p2a: Kingambit|fallenundefined|[silent]
|switch|p2a: Araquanid|Araquanid, F|100/100
|-damage|p2a: Araquanid|88/100|[from] Spikes
|move|p1a: Mamoswine|Stealth Rock|p2a: Araquanid
|-sidestart|p2: superstar|move: Stealth Rock
|
|upkeep
|turn|13
|
|t:|1779658737
|switch|p1a: Ogerpon|Ogerpon-Teal-Tera, F, tera:Grass|100/100
|-ability|p1a: Ogerpon|Embody Aspect (Teal)|boost
|-boost|p1a: Ogerpon|spe|1
|move|p2a: Araquanid|Sticky Web|p1a: Ogerpon
|-sidestart|p1: noob1877|move: Sticky Web
|
|upkeep
|turn|14
|
|t:|1779658743
|move|p1a: Ogerpon|Encore|p2a: Araquanid
|-start|p2a: Araquanid|Encore
|move|p2a: Araquanid|Sticky Web||[still]
|-fail|p2a: Araquanid
|
|upkeep
|turn|15
|
|t:|1779658747
|move|p1a: Ogerpon|Ivy Cudgel|p2a: Araquanid
|-crit|p2a: Araquanid
|-damage|p2a: Araquanid|0 fnt
|faint|p2a: Araquanid
|
|upkeep
|
|t:|1779658751
|switch|p2a: Pecharunt|Pecharunt|100/100
|-damage|p2a: Pecharunt|88/100|[from] Spikes
|-damage|p2a: Pecharunt|76/100|[from] Stealth Rock
|turn|16
|
|t:|1779658755
|move|p1a: Ogerpon|U-turn|p2a: Pecharunt
|-resisted|p2a: Pecharunt
|-damage|p2a: Pecharunt|72/100
|
|t:|1779658756
|switch|p1a: Clodsire|Clodsire, M|79/100|[from] U-turn
|move|p2a: Pecharunt|Malignant Chain|p1a: Clodsire
|-resisted|p1a: Clodsire
|-damage|p1a: Clodsire|74/100
|
|upkeep
|turn|17
|
|t:|1779658763
|switch|p2a: Kingambit|Kingambit, M|41/100
|-damage|p2a: Kingambit|28/100|[from] Spikes
|-damage|p2a: Kingambit|22/100|[from] Stealth Rock
|-activate|p2a: Kingambit|ability: Supreme Overlord
|-start|p2a: Kingambit|fallen1|[silent]
|move|p1a: Clodsire|Spikes|p2a: Kingambit
|-sidestart|p2: superstar|Spikes
|
|upkeep
|turn|18
|
|t:|1779658766
|move|p2a: Kingambit|Kowtow Cleave|p1a: Clodsire
|-damage|p1a: Clodsire|4/100
|move|p1a: Clodsire|Earthquake|p2a: Kingambit
|-supereffective|p2a: Kingambit
|-damage|p2a: Kingambit|0 fnt
|faint|p2a: Kingambit
|-end|p2a: Kingambit|fallen1|[silent]
|
|upkeep
|
|t:|1779658769
|switch|p2a: Ogerpon|Ogerpon-Wellspring, F|59/100
|-damage|p2a: Ogerpon|42/100|[from] Spikes
|-damage|p2a: Ogerpon|30/100|[from] Stealth Rock
|turn|19
|
|t:|1779658772
|move|p2a: Ogerpon|Ivy Cudgel|p1a: Clodsire|[anim] Ivy Cudgel Water
|-supereffective|p1a: Clodsire
|-damage|p1a: Clodsire|0 fnt
|faint|p1a: Clodsire
|
|upkeep
|
|t:|1779658773
|switch|p1a: Ogerpon|Ogerpon-Teal-Tera, F, tera:Grass|100/100
|-ability|p1a: Ogerpon|Embody Aspect (Teal)|boost
|-boost|p1a: Ogerpon|spe|1
|turn|20
|
|t:|1779658781
|switch|p2a: Raging Bolt|Raging Bolt|100/100
|-damage|p2a: Raging Bolt|84/100|[from] Spikes
|-damage|p2a: Raging Bolt|72/100|[from] Stealth Rock
|-enditem|p2a: Raging Bolt|Booster Energy
|-activate|p2a: Raging Bolt|ability: Protosynthesis|[fromitem]
|-start|p2a: Raging Bolt|protosynthesisspa
|move|p1a: Ogerpon|Ivy Cudgel|p2a: Raging Bolt
|-resisted|p2a: Raging Bolt
|-crit|p2a: Raging Bolt
|-damage|p2a: Raging Bolt|28/100
|
|upkeep
|turn|21
|
|t:|1779658787
|move|p1a: Ogerpon|Ivy Cudgel|p2a: Raging Bolt
|-resisted|p2a: Raging Bolt
|-damage|p2a: Raging Bolt|0 fnt
|faint|p2a: Raging Bolt
|-end|p2a: Raging Bolt|Protosynthesis|[silent]
|
|upkeep
|
|t:|1779658791
|switch|p2a: Pecharunt|Pecharunt|72/100
|-damage|p2a: Pecharunt|55/100|[from] Spikes
|-damage|p2a: Pecharunt|43/100|[from] Stealth Rock
|turn|22
|
|t:|1779658798
|move|p1a: Ogerpon|Knock Off|p2a: Pecharunt
|-supereffective|p2a: Pecharunt
|-damage|p2a: Pecharunt|0 fnt
|-enditem|p2a: Pecharunt|Kasib Berry|[from] move: Knock Off|[of] p1a: Ogerpon
|faint|p2a: Pecharunt
|
|upkeep
|
|t:|1779658828
|switch|p2a: Enamorus|Enamorus, F|37/100
|-damage|p2a: Enamorus|12/100|[from] Stealth Rock
|turn|23
|
|t:|1779658832
|move|p1a: Ogerpon|Ivy Cudgel|p2a: Enamorus
|-resisted|p2a: Enamorus
|-damage|p2a: Enamorus|0 fnt
|faint|p2a: Enamorus
|
|upkeep
|-message|superstar forfeited.
|
|win|noob1877
|raw|noob1877's rating: 1666 &rarr; <strong>1687</strong><br />(+21 for winning)
|raw|superstar's rating: 1689 &rarr; <strong>1668</strong><br />(-21 for losing)
|l|☆superstar
|player|p2|
|l|☆noob1877
|player|p1|
