|j|☆1birdeater
|j|☆yeroVH
|t:|1779644706
|gametype|singles
|player|p1|1birdeater|drake-gen3|1130
|player|p2|yeroVH|hilbert|1200
|gen|9
|tier|[Gen 9] OU
|rated|
|rule|HP Percentage Mod: HP is shown in percentages
|rule|Endless Battle Clause: Forcing endless battles is banned
|rule|Species Clause: Limit one of each Pokémon
|rule|OHKO Clause: OHKO moves are banned
|rule|Evasion Items Clause: Evasion items are banned
|rule|Evasion Moves Clause: Evasion moves are banned
|rule|Evasion Abilities Clause: Evasion abilities are banned
|rule|Sleep Moves Clause: Sleep-inducing moves are banned
|clearpoke
|poke|p1|Braviary-Hisui, M|
|poke|p1|Zamazenta-*|
|poke|p1|Raging Bolt|
|poke|p1|Hatterene, F|
|poke|p1|Gholdengo|
|poke|p1|Darkrai|
|poke|p2|Torkoal, M|
|poke|p2|Camerupt, F|
|poke|p2|Metagross|
|poke|p2|Venusaur, F|
|poke|p2|Shiftry, M|
|poke|p2|Whimsicott, F|
|teampreview
|inactive|Battle timer is ON: inactive players will automatically lose when time's up. (requested by 1birdeater)
|
|t:|1779644717
|teamsize|p1|6
|teamsize|p2|6
|start
|switch|p1a: Zamazenta|Zamazenta|100/100
|switch|p2a: Whimsicott|Whimsicott, F, shiny|100/100
|-ability|p1a: Zamazenta|Dauntless Shield|boost
|-boost|p1a: Zamazenta|def|1
|turn|1
|
|t:|1779644722
|switch|p1a: Gholdengo|Gholdengo|100/100
|move|p2a: Whimsicott|Moonblast|p1a: Gholdengo
|-resisted|p1a: Gholdengo
|-damage|p1a: Gholdengo|73/100
|
|upkeep
|turn|2
|
|t:|1779644731
|switch|p2a: Torkoal|Torkoal, M|100/100
|-weather|SunnyDay|[from] ability: Drought|[of] p2a: Torkoal
|move|p1a: Gholdengo|Make It Rain|p2a: Torkoal
|-resisted|p2a: Torkoal
|-damage|p2a: Torkoal|48/100
|-unboost|p1a: Gholdengo|spa|1
|
|-weather|SunnyDay|[upkeep]
|upkeep
|turn|3
|
|t:|1779644739
|switch|p1a: Zamazenta|Zamazenta|100/100
|move|p2a: Torkoal|Lava Plume|p1a: Zamazenta
|-damage|p1a: Zamazenta|60/100
|-status|p1a: Zamazenta|brn
|
|-weather|SunnyDay|[upkeep]
|-damage|p1a: Zamazenta|54/100 brn|[from] brn
|upkeep
|turn|4
|
|t:|1779644748
|move|p1a: Zamazenta|Light Screen|p1a: Zamazenta
|-sidestart|p1: 1birdeater|move: Light Screen
|move|p2a: Torkoal|Lava Plume|p1a: Zamazenta
|-damage|p1a: Zamazenta|36/100 brn
|
|-weather|SunnyDay|[upkeep]
|-damage|p1a: Zamazenta|29/100 brn|[from] brn
|upkeep
|turn|5
|
|t:|1779644757
|switch|p1a: Raging Bolt|Raging Bolt|100/100
|-activate|p1a: Raging Bolt|ability: Protosynthesis
|-start|p1a: Raging Bolt|protosynthesisspa
|switch|p2a: Whimsicott|Whimsicott, F, shiny|100/100
|
|-weather|SunnyDay|[upkeep]
|upkeep
|turn|6
|
|t:|1779644762
|-end|p1a: Raging Bolt|Protosynthesis|[silent]
|switch|p1a: Gholdengo|Gholdengo|73/100
|move|p2a: Whimsicott|Moonblast|p1a: Gholdengo
|-resisted|p1a: Gholdengo
|-damage|p1a: Gholdengo|60/100
|
|-weather|SunnyDay|[upkeep]
|upkeep
|turn|7
|
|t:|1779644788
|switch|p2a: Camerupt|Camerupt, F|100/100
|move|p1a: Gholdengo|Make It Rain|p2a: Camerupt
|-resisted|p2a: Camerupt
|-damage|p2a: Camerupt|63/100
|-unboost|p1a: Gholdengo|spa|1
|
|-weather|SunnyDay|[upkeep]
|upkeep
|turn|8
|
|t:|1779644801
|switch|p1a: Zamazenta|Zamazenta|29/100 brn
|move|p2a: Camerupt|Lava Plume|p1a: Zamazenta
|-damage|p1a: Zamazenta|8/100 brn
|
|-weather|SunnyDay|[upkeep]
|-damage|p1a: Zamazenta|2/100 brn|[from] brn
|upkeep
|turn|9
|inactive|yeroVH has 120 seconds left.
|
|t:|1779644825
|switch|p2a: Venusaur|Venusaur, F|100/100
|move|p1a: Zamazenta|Reflect|p1a: Zamazenta
|-sidestart|p1: 1birdeater|Reflect
|
|-weather|none
|-damage|p1a: Zamazenta|0 fnt|[from] brn
|faint|p1a: Zamazenta
|upkeep
|
|t:|1779644833
|switch|p1a: Xerxes|Braviary-Hisui, M, shiny|100/100
|turn|10
|inactive|yeroVH has 120 seconds left.
|
|t:|1779644843
|switch|p2a: Torkoal|Torkoal, M|48/100
|-weather|SunnyDay|[from] ability: Drought|[of] p2a: Torkoal
|move|p1a: Xerxes|Calm Mind|p1a: Xerxes
|-boost|p1a: Xerxes|spa|1
|-boost|p1a: Xerxes|spd|1
|
|-weather|SunnyDay|[upkeep]
|upkeep
|turn|11
|inactive|yeroVH has 120 seconds left.
|
|t:|1779644856
|switch|p2a: Shiftry|Shiftry, M|100/100
|move|p1a: Xerxes|Esper Wing|p2a: Shiftry
|-immune|p2a: Shiftry
|
|-weather|SunnyDay|[upkeep]
|-sideend|p1: 1birdeater|move: Light Screen
|upkeep
|turn|12
|
|t:|1779644862
|-terastallize|p1a: Xerxes|Fighting
|move|p2a: Shiftry|Knock Off|p1a: Xerxes
|-resisted|p1a: Xerxes
|-damage|p1a: Xerxes|92/100
|-enditem|p1a: Xerxes|Covert Cloak|[from] move: Knock Off|[of] p2a: Shiftry
|move|p1a: Xerxes|Calm Mind|p1a: Xerxes
|-boost|p1a: Xerxes|spa|1
|-boost|p1a: Xerxes|spd|1
|
|-weather|SunnyDay|[upkeep]
|upkeep
|turn|13
|inactive|yeroVH has 120 seconds left.
|
|t:|1779644886
|move|p2a: Shiftry|Tailwind|p2a: Shiftry
|-sidestart|p2: yeroVH|move: Tailwind
|-ability|p2a: Shiftry|Wind Rider|boost
|-boost|p2a: Shiftry|atk|1
|move|p1a: Xerxes|Calm Mind|p1a: Xerxes
|-boost|p1a: Xerxes|spa|1
|-boost|p1a: Xerxes|spd|1
|
|-weather|SunnyDay|[upkeep]
|upkeep
|turn|14
|
|t:|1779644890
|switch|p2a: Metagross|Metagross|100/100
|move|p1a: Xerxes|Vacuum Wave|p2a: Metagross
|-damage|p2a: Metagross|50/100
|
|-weather|SunnyDay|[upkeep]
|-heal|p2a: Metagross|56/100|[from] item: Leftovers
|upkeep
|turn|15
|
|t:|1779644894
|move|p1a: Xerxes|Vacuum Wave|p2a: Metagross
|-damage|p2a: Metagross|8/100
|move|p2a: Metagross|Zen Headbutt|p1a: Xerxes
|-supereffective|p1a: Xerxes
|-damage|p1a: Xerxes|59/100
|
|-weather|SunnyDay|[upkeep]
|-heal|p2a: Metagross|14/100|[from] item: Leftovers
|upkeep
|turn|16
|
|t:|1779644914
|switch|p2a: Shiftry|Shiftry, M|100/100
|-ability|p2a: Shiftry|Wind Rider|boost
|-boost|p2a: Shiftry|atk|1
|move|p1a: Xerxes|Vacuum Wave|p2a: Shiftry
|-supereffective|p2a: Shiftry
|-enditem|p2a: Shiftry|Focus Sash
|-damage|p2a: Shiftry|1/100
|
|-weather|SunnyDay|[upkeep]
|-sideend|p1: 1birdeater|Reflect
|-sideend|p2: yeroVH|move: Tailwind
|upkeep
|turn|17
|
|t:|1779644925
|move|p1a: Xerxes|Vacuum Wave|p2a: Shiftry
|-supereffective|p2a: Shiftry
|-crit|p2a: Shiftry
|-damage|p2a: Shiftry|0 fnt
|faint|p2a: Shiftry
|
|-weather|none
|upkeep
|
|t:|1779644928
|switch|p2a: Torkoal|Torkoal, M|48/100
|-weather|SunnyDay|[from] ability: Drought|[of] p2a: Torkoal
|turn|18
|
|t:|1779644933
|move|p1a: Xerxes|Esper Wing|p2a: Torkoal
|-damage|p2a: Torkoal|0 fnt
|-boost|p1a: Xerxes|spe|1
|faint|p2a: Torkoal
|
|-weather|SunnyDay|[upkeep]
|upkeep
|
|t:|1779644938
|switch|p2a: Whimsicott|Whimsicott, F, shiny|100/100
|turn|19
|
|t:|1779644942
|move|p2a: Whimsicott|Encore|p1a: Xerxes
|-start|p1a: Xerxes|Encore
|move|p1a: Xerxes|Esper Wing|p2a: Whimsicott
|-damage|p2a: Whimsicott|0 fnt
|-boost|p1a: Xerxes|spe|1
|faint|p2a: Whimsicott
|
|-weather|SunnyDay|[upkeep]
|upkeep
|
|t:|1779644947
|switch|p2a: Camerupt|Camerupt, F|63/100
|turn|20
|
|t:|1779644950
|move|p1a: Xerxes|Esper Wing|p2a: Camerupt
|-damage|p2a: Camerupt|0 fnt
|-boost|p1a: Xerxes|spe|1
|faint|p2a: Camerupt
|
|-weather|SunnyDay|[upkeep]
|upkeep
|
|t:|1779644953
|switch|p2a: Venusaur|Venusaur, F|100/100
|turn|21
|
|t:|1779644955
|move|p1a: Xerxes|Esper Wing|p2a: Venusaur
|-supereffective|p2a: Venusaur
|-damage|p2a: Venusaur|0 fnt
|-boost|p1a: Xerxes|spe|1
|faint|p2a: Venusaur
|
|-weather|SunnyDay|[upkeep]
|-end|p1a: Xerxes|Encore
|upkeep
|
|t:|1779644959
|switch|p2a: Metagross|Metagross|14/100
|turn|22
|
|t:|1779644962
|move|p1a: Xerxes|Vacuum Wave|p2a: Metagross
|-damage|p2a: Metagross|0 fnt
|faint|p2a: Metagross
|
|win|1birdeater
|raw|1birdeater's rating: 1130 &rarr; <strong>1160</strong><br />(+30 for winning)
|raw|yeroVH's rating: 1200 &rarr; <strong>1170</strong><br />(-30 for losing)
|l|☆yeroVH
|player|p2|
