|j|☆undertaker77
|j|☆whoaholy
|t:|1779632659
|gametype|singles
|player|p1|undertaker77|hilbert-wonderlauncher|1241
|player|p2|whoaholy|veteran-gen4|1215
|gen|9
|tier|[Gen 9] OU
|rated|
|rule|HP Percentage Mod: HP is shown in percentages
|rule|Endless Battle Clause: Forcing endless battles is banned
|rule|Species Clause: Limit one of each Pokémon
|rule|OHKO Clause: OHKO moves are banned
|rule|Evasion Items Clause: Evasion items are banned
|rule|Evasion Moves Clause: Evasion moves are banned
|rule|Evasion Abilities Clause: Evasion abilities are banned
|rule|Sleep Moves Clause: Sleep-inducing moves are banned
|clearpoke
|poke|p1|Rotom-Wash|
|poke|p1|Gholdengo|
|poke|p1|Garchomp, M|
|poke|p1|Dragapult, F|
|poke|p1|Iron Valiant|
|poke|p1|Kingambit, F|
|poke|p2|Sandaconda, F|
|poke|p2|Tyranitar, F|
|poke|p2|Corviknight, M|
|poke|p2|Excadrill, F|
|poke|p2|Gholdengo|
|poke|p2|Rhyperior, M|
|teampreview
|
|t:|1779632674
|teamsize|p1|6
|teamsize|p2|6
|start
|switch|p1a: Rotom|Rotom-Wash|100/100
|switch|p2a: Sandaconda|Sandaconda, F, shiny|100/100
|turn|1
|
|t:|1779632683
|-terastallize|p2a: Sandaconda|Steel
|move|p1a: Rotom|Hydro Pump|p2a: Sandaconda|[miss]
|-miss|p1a: Rotom|p2a: Sandaconda
|move|p2a: Sandaconda|Earthquake|p1a: Rotom
|-immune|p1a: Rotom|[from] ability: Levitate
|
|upkeep
|turn|2
|
|t:|1779632696
|move|p1a: Rotom|Will-O-Wisp|p2a: Sandaconda
|-status|p2a: Sandaconda|brn
|move|p2a: Sandaconda|Stealth Rock|p1a: Rotom
|-sidestart|p1: undertaker77|move: Stealth Rock
|
|-damage|p2a: Sandaconda|94/100 brn|[from] brn
|upkeep
|turn|3
|
|t:|1779632700
|move|p1a: Rotom|Volt Switch|p2a: Sandaconda
|-damage|p2a: Sandaconda|73/100 brn
|-weather|Sandstorm|[from] ability: Sand Spit|[of] p2a: Sandaconda
|
|t:|1779632718
|switch|p1a: Dragapult|Dragapult, F|100/100|[from] Volt Switch
|move|p2a: Sandaconda|Outrage|p1a: Dragapult
|-supereffective|p1a: Dragapult
|-damage|p1a: Dragapult|61/100
|
|-weather|Sandstorm|[upkeep]
|-damage|p1a: Dragapult|55/100|[from] Sandstorm
|-damage|p2a: Sandaconda|67/100 brn|[from] brn
|upkeep
|turn|4
|
|t:|1779632738
|move|p1a: Dragapult|Shadow Ball|p2a: Sandaconda
|-damage|p2a: Sandaconda|37/100 brn
|move|p2a: Sandaconda|Outrage|p1a: Dragapult|[from] lockedmove
|-supereffective|p1a: Dragapult
|-damage|p1a: Dragapult|17/100
|-start|p2a: Sandaconda|confusion|[fatigue]
|
|-weather|Sandstorm|[upkeep]
|-damage|p1a: Dragapult|11/100|[from] Sandstorm
|-damage|p2a: Sandaconda|31/100 brn|[from] brn
|upkeep
|turn|5
|
|t:|1779632747
|move|p1a: Dragapult|Shadow Ball|p2a: Sandaconda
|-damage|p2a: Sandaconda|2/100 brn
|-activate|p2a: Sandaconda|confusion
|-damage|p2a: Sandaconda|0 fnt|[from] confusion
|faint|p2a: Sandaconda
|
|-weather|Sandstorm|[upkeep]
|-damage|p1a: Dragapult|5/100|[from] Sandstorm
|upkeep
|
|t:|1779632756
|switch|p2a: Corviknight|Corviknight, M, shiny|100/100
|turn|6
|
|t:|1779632764
|move|p2a: Corviknight|Protect|p2a: Corviknight
|-singleturn|p2a: Corviknight|Protect
|move|p1a: Dragapult|Will-O-Wisp|p2a: Corviknight
|-activate|p2a: Corviknight|move: Protect
|
|-weather|Sandstorm|[upkeep]
|-damage|p1a: Dragapult|0 fnt|[from] Sandstorm
|faint|p1a: Dragapult
|upkeep
|
|t:|1779632770
|switch|p1a: Rotom|Rotom-Wash|100/100
|-damage|p1a: Rotom|88/100|[from] Stealth Rock
|turn|7
|inactive|Battle timer is ON: inactive players will automatically lose when time's up. (requested by undertaker77)
|
|t:|1779632801
|switch|p2a: Tyranitar|Tyranitar, F|100/100
|move|p1a: Rotom|Will-O-Wisp|p2a: Tyranitar
|-status|p2a: Tyranitar|brn
|
|-weather|Sandstorm|[upkeep]
|-damage|p1a: Rotom|82/100|[from] Sandstorm
|-heal|p1a: Rotom|88/100|[from] item: Leftovers
|-damage|p2a: Tyranitar|94/100 brn|[from] brn
|upkeep
|turn|8
|
|t:|1779632810
|move|p1a: Rotom|Hydro Pump|p2a: Tyranitar
|-supereffective|p2a: Tyranitar
|-damage|p2a: Tyranitar|65/100 brn
|move|p2a: Tyranitar|Thunder Punch|p1a: Rotom
|-damage|p1a: Rotom|80/100
|
|-weather|Sandstorm|[upkeep]
|-damage|p1a: Rotom|74/100|[from] Sandstorm
|-heal|p1a: Rotom|80/100|[from] item: Leftovers
|-damage|p2a: Tyranitar|58/100 brn|[from] brn
|upkeep
|turn|9
|
|t:|1779632818
|move|p1a: Rotom|Hydro Pump|p2a: Tyranitar
|-supereffective|p2a: Tyranitar
|-damage|p2a: Tyranitar|27/100 brn
|move|p2a: Tyranitar|Thunder Punch|p1a: Rotom
|-damage|p1a: Rotom|72/100
|
|-weather|Sandstorm|[upkeep]
|-damage|p1a: Rotom|65/100|[from] Sandstorm
|-heal|p1a: Rotom|72/100|[from] item: Leftovers
|-damage|p2a: Tyranitar|21/100 brn|[from] brn
|upkeep
|turn|10
|
|t:|1779632823
|move|p1a: Rotom|Hydro Pump|p2a: Tyranitar|[miss]
|-miss|p1a: Rotom|p2a: Tyranitar
|move|p2a: Tyranitar|Thunder Punch|p1a: Rotom
|-damage|p1a: Rotom|62/100
|
|-weather|none
|-heal|p1a: Rotom|69/100|[from] item: Leftovers
|-damage|p2a: Tyranitar|14/100 brn|[from] brn
|upkeep
|turn|11
|
|t:|1779632832
|switch|p2a: Gholdengo|Gholdengo|100/100
|move|p1a: Rotom|Hydro Pump|p2a: Gholdengo
|-damage|p2a: Gholdengo|53/100
|
|-heal|p1a: Rotom|75/100|[from] item: Leftovers
|upkeep
|turn|12
|
|t:|1779632847
|switch|p1a: Kingambit|Kingambit, F|100/100
|-damage|p1a: Kingambit|94/100|[from] Stealth Rock
|-activate|p1a: Kingambit|ability: Supreme Overlord
|-start|p1a: Kingambit|fallen1|[silent]
|move|p2a: Gholdengo|Shadow Ball|p1a: Kingambit
|-resisted|p1a: Kingambit
|-damage|p1a: Kingambit|75/100
|
|-heal|p1a: Kingambit|81/100|[from] item: Leftovers
|upkeep
|turn|13
|
|t:|1779632853
|switch|p2a: Tyranitar|Tyranitar, F|14/100 brn
|-weather|Sandstorm|[from] ability: Sand Stream|[of] p2a: Tyranitar
|move|p1a: Kingambit|Kowtow Cleave|p2a: Tyranitar
|-resisted|p2a: Tyranitar
|-damage|p2a: Tyranitar|0 fnt
|faint|p2a: Tyranitar
|
|-weather|Sandstorm|[upkeep]
|-heal|p1a: Kingambit|88/100|[from] item: Leftovers
|upkeep
|
|t:|1779632857
|switch|p2a: Excadrill|Excadrill, F|100/100
|turn|14
|
|t:|1779632868
|-end|p1a: Kingambit|fallen1|[silent]
|switch|p1a: Rotom|Rotom-Wash|75/100
|-damage|p1a: Rotom|62/100|[from] Stealth Rock
|move|p2a: Excadrill|Brick Break|p1a: Rotom
|-damage|p1a: Rotom|30/100
|
|-weather|Sandstorm|[upkeep]
|-damage|p1a: Rotom|24/100|[from] Sandstorm
|-heal|p1a: Rotom|30/100|[from] item: Leftovers
|upkeep
|turn|15
|
|t:|1779632870
|move|p2a: Excadrill|Brick Break|p1a: Rotom
|-damage|p1a: Rotom|0 fnt
|faint|p1a: Rotom
|
|-weather|Sandstorm|[upkeep]
|upkeep
|
|t:|1779632875
|switch|p1a: Garchomp|Garchomp, M|100/100
|-damage|p1a: Garchomp|94/100|[from] Stealth Rock
|turn|16
|
|t:|1779632881
|switch|p2a: Corviknight|Corviknight, M, shiny|100/100
|move|p1a: Garchomp|Earthquake|p2a: Corviknight
|-immune|p2a: Corviknight
|
|-weather|Sandstorm|[upkeep]
|upkeep
|turn|17
|
|t:|1779632899
|move|p1a: Garchomp|Stealth Rock|p2a: Corviknight
|-sidestart|p2: whoaholy|move: Stealth Rock
|move|p2a: Corviknight|Body Press|p1a: Garchomp
|-damage|p1a: Garchomp|77/100
|-damage|p2a: Corviknight|88/100|[from] ability: Rough Skin|[of] p1a: Garchomp
|-damage|p2a: Corviknight|71/100|[from] item: Rocky Helmet|[of] p1a: Garchomp
|
|-weather|none
|-heal|p2a: Corviknight|78/100|[from] item: Leftovers
|upkeep
|turn|18
|
|t:|1779632903
|move|p1a: Garchomp|Spikes|p2a: Corviknight
|-sidestart|p2: whoaholy|Spikes
|move|p2a: Corviknight|Iron Defense|p2a: Corviknight
|-boost|p2a: Corviknight|def|2
|
|-heal|p2a: Corviknight|84/100|[from] item: Leftovers
|upkeep
|turn|19
|
|t:|1779632911
|move|p2a: Corviknight|Iron Defense|p2a: Corviknight
|-boost|p2a: Corviknight|def|2
|move|p1a: Garchomp|Dragon Tail|p2a: Corviknight
|-resisted|p2a: Corviknight
|-damage|p2a: Corviknight|81/100
|drag|p2a: Gholdengo|Gholdengo|53/100
|-damage|p2a: Gholdengo|47/100|[from] Stealth Rock
|-damage|p2a: Gholdengo|35/100|[from] Spikes
|
|upkeep
|turn|20
|
|t:|1779632920
|move|p2a: Gholdengo|Dazzling Gleam|p1a: Garchomp
|-supereffective|p1a: Garchomp
|-damage|p1a: Garchomp|23/100
|move|p1a: Garchomp|Earthquake|p2a: Gholdengo
|-supereffective|p2a: Gholdengo
|-crit|p2a: Gholdengo
|-damage|p2a: Gholdengo|0 fnt
|faint|p2a: Gholdengo
|
|upkeep
|
|t:|1779632933
|switch|p2a: Corviknight|Corviknight, M, shiny|81/100
|-damage|p2a: Corviknight|69/100|[from] Stealth Rock
|turn|21
|
|t:|1779632937
|move|p1a: Garchomp|Spikes|p2a: Corviknight
|-sidestart|p2: whoaholy|Spikes
|move|p2a: Corviknight|Body Press|p1a: Garchomp
|-damage|p1a: Garchomp|8/100
|-damage|p2a: Corviknight|56/100|[from] ability: Rough Skin|[of] p1a: Garchomp
|-damage|p2a: Corviknight|40/100|[from] item: Rocky Helmet|[of] p1a: Garchomp
|
|-heal|p2a: Corviknight|46/100|[from] item: Leftovers
|upkeep
|turn|22
|
|t:|1779632941
|move|p1a: Garchomp|Spikes|p2a: Corviknight
|-sidestart|p2: whoaholy|Spikes
|move|p2a: Corviknight|Body Press|p1a: Garchomp
|-damage|p1a: Garchomp|0 fnt
|-damage|p2a: Corviknight|33/100|[from] ability: Rough Skin|[of] p1a: Garchomp
|-damage|p2a: Corviknight|17/100|[from] item: Rocky Helmet|[of] p1a: Garchomp
|faint|p1a: Garchomp
|
|-heal|p2a: Corviknight|23/100|[from] item: Leftovers
|upkeep
|
|t:|1779632952
|switch|p1a: Kingambit|Kingambit, F|88/100
|-damage|p1a: Kingambit|81/100|[from] Stealth Rock
|-activate|p1a: Kingambit|ability: Supreme Overlord
|-start|p1a: Kingambit|fallen3|[silent]
|turn|23
|
|t:|1779632958
|move|p2a: Corviknight|Body Press|p1a: Kingambit
|-supereffective|p1a: Kingambit
|-damage|p1a: Kingambit|4/100
|move|p1a: Kingambit|Kowtow Cleave|p2a: Corviknight
|-damage|p2a: Corviknight|0 fnt
|faint|p2a: Corviknight
|
|-heal|p1a: Kingambit|10/100|[from] item: Leftovers
|upkeep
|
|t:|1779632982
|switch|p2a: Excadrill|Excadrill, F|100/100
|-damage|p2a: Excadrill|97/100|[from] Stealth Rock
|-damage|p2a: Excadrill|73/100|[from] Spikes
|turn|24
|
|t:|1779633000
|move|p1a: Kingambit|Sucker Punch|p2a: Excadrill
|-damage|p2a: Excadrill|0 fnt
|faint|p2a: Excadrill
|
|-heal|p1a: Kingambit|17/100|[from] item: Leftovers
|upkeep
|
|t:|1779633004
|switch|p2a: Rhyperior|Rhyperior, M|100/100
|-damage|p2a: Rhyperior|94/100|[from] Stealth Rock
|-damage|p2a: Rhyperior|69/100|[from] Spikes
|turn|25
|
|t:|1779633011
|move|p1a: Kingambit|Sucker Punch|p2a: Rhyperior
|-damage|p2a: Rhyperior|34/100
|move|p2a: Rhyperior|Thunder Punch|p1a: Kingambit
|-damage|p1a: Kingambit|0 fnt
|faint|p1a: Kingambit
|-end|p1a: Kingambit|fallen3|[silent]
|
|upkeep
|
|t:|1779633025
|switch|p1a: Iron Valiant|Iron Valiant|100/100
|-damage|p1a: Iron Valiant|94/100|[from] Stealth Rock
|-enditem|p1a: Iron Valiant|Booster Energy
|-activate|p1a: Iron Valiant|ability: Quark Drive|[fromitem]
|-start|p1a: Iron Valiant|quarkdrivespe
|turn|26
|
|t:|1779633035
|move|p1a: Iron Valiant|Moonblast|p2a: Rhyperior
|-damage|p2a: Rhyperior|9/100
|-unboost|p2a: Rhyperior|spa|1
|move|p2a: Rhyperior|Earthquake|p1a: Iron Valiant
|-damage|p1a: Iron Valiant|32/100
|
|upkeep
|turn|27
|-message|whoaholy forfeited.
|
|win|undertaker77
|raw|undertaker77's rating: 1241 &rarr; <strong>1264</strong><br />(+23 for winning)
|raw|whoaholy's rating: 1215 &rarr; <strong>1192</strong><br />(-23 for losing)
|l|☆whoaholy
|player|p2|
|l|☆undertaker77
|player|p1|
