|j|☆TheMudkipLegend
|j|☆bo552
|t:|1779657378
|gametype|singles
|player|p1|TheMudkipLegend|1|1418
|player|p2|bo552|brycenman|1398
|gen|9
|tier|[Gen 9] OU
|rated|
|rule|HP Percentage Mod: HP is shown in percentages
|rule|Endless Battle Clause: Forcing endless battles is banned
|rule|Species Clause: Limit one of each Pokémon
|rule|OHKO Clause: OHKO moves are banned
|rule|Evasion Items Clause: Evasion items are banned
|rule|Evasion Moves Clause: Evasion moves are banned
|rule|Evasion Abilities Clause: Evasion abilities are banned
|rule|Sleep Moves Clause: Sleep-inducing moves are banned
|clearpoke
|poke|p1|Glimmora, M|
|poke|p1|Dragonite, F|
|poke|p1|Landorus-Therian, M|
|poke|p1|Cinderace, F|
|poke|p1|Serperior, M|
|poke|p1|Gholdengo|
|poke|p2|Slowking-Galar, M|
|poke|p2|Landorus-Therian, M|
|poke|p2|Zoroark-Hisui, F|
|poke|p2|Cinderace, M|
|poke|p2|Regieleki|
|poke|p2|Zamazenta-*|
|teampreview
|inactive|Battle timer is ON: inactive players will automatically lose when time's up. (requested by TheMudkipLegend)
|
|t:|1779657394
|teamsize|p1|6
|teamsize|p2|6
|start
|switch|p1a: Landorus|Landorus-Therian, M|100/100
|switch|p2a: Do it again.|Landorus-Therian, M|100/100
|-ability|p1a: Landorus|Intimidate|boost
|-unboost|p2a: Do it again.|atk|1
|-ability|p2a: Do it again.|Intimidate|boost
|-unboost|p1a: Landorus|atk|1
|turn|1
|
|t:|1779657402
|move|p1a: Landorus|Taunt|p2a: Do it again.
|-start|p2a: Do it again.|move: Taunt
|cant|p2a: Do it again.|move: Taunt|Taunt
|
|upkeep
|turn|2
|
|t:|1779657406
|move|p1a: Landorus|Stealth Rock|p2a: Do it again.
|-sidestart|p2: bo552|move: Stealth Rock
|move|p2a: Do it again.|U-turn|p1a: Landorus
|-resisted|p1a: Landorus
|-damage|p1a: Landorus|93/100
|-damage|p2a: Do it again.|84/100|[from] item: Rocky Helmet|[of] p1a: Landorus
|
|t:|1779657419
|switch|p2a: Back. Jack.|Slowking-Galar, M|100/100|[from] U-turn
|
|upkeep
|turn|3
|
|t:|1779657424
|move|p1a: Landorus|Earthquake|p2a: Back. Jack.
|-supereffective|p2a: Back. Jack.
|-damage|p2a: Back. Jack.|32/100
|-prepare|p2a: Back. Jack.|Chilly Reception|[premajor]
|move|p2a: Back. Jack.|Chilly Reception|p2a: Back. Jack.
|-weather|Snowscape
|inactive|bo552 has 120 seconds left.
|
|t:|1779657459
|switch|p2a: Zoomerzoonter|Zamazenta|100/100|[from] Chilly Reception
|-damage|p2a: Zoomerzoonter|88/100|[from] Stealth Rock
|
|-weather|Snowscape|[upkeep]
|upkeep
|turn|4
|inactive|bo552 has 120 seconds left.
|
|t:|1779657476
|move|p2a: Zoomerzoonter|Trick|p1a: Landorus
|-activate|p2a: Zoomerzoonter|move: Trick|[of] p1a: Landorus
|-item|p1a: Landorus|Ring Target|[from] move: Trick
|-item|p2a: Zoomerzoonter|Rocky Helmet|[from] move: Trick
|move|p1a: Landorus|Taunt|p2a: Zoomerzoonter
|-start|p2a: Zoomerzoonter|move: Taunt
|
|-weather|Snowscape|[upkeep]
|upkeep
|turn|5
|
|t:|1779657485
|move|p2a: Zoomerzoonter|Hyper Voice|p1a: Landorus
|-damage|p1a: Landorus|43/100
|move|p1a: Landorus|Earthquake|p2a: Zoomerzoonter
|-damage|p2a: Zoomerzoonter|26/100
|replace|p2a: Azzy <3|Zoroark-Hisui, F, shiny
|-end|p2a: Azzy <3|Illusion
|
|-weather|Snowscape|[upkeep]
|upkeep
|turn|6
|
|t:|1779657493
|move|p2a: Azzy <3|Hyper Voice|p1a: Landorus
|-damage|p1a: Landorus|0 fnt
|faint|p1a: Landorus
|
|-weather|Snowscape|[upkeep]
|upkeep
|
|t:|1779657505
|switch|p1a: Serperior|Serperior, M|100/100
|turn|7
|
|t:|1779657513
|move|p1a: Serperior|Substitute|p1a: Serperior
|-start|p1a: Serperior|Substitute
|-damage|p1a: Serperior|76/100
|move|p2a: Azzy <3|Hyper Voice|p1a: Serperior
|-damage|p1a: Serperior|27/100
|
|-weather|none
|-heal|p1a: Serperior|33/100|[from] item: Leftovers
|-end|p2a: Azzy <3|move: Taunt
|upkeep
|turn|8
|
|t:|1779657521
|move|p1a: Serperior|Leaf Storm|p2a: Azzy <3
|-damage|p2a: Azzy <3|0 fnt
|-boost|p1a: Serperior|spa|2
|faint|p2a: Azzy <3
|
|-heal|p1a: Serperior|39/100|[from] item: Leftovers
|upkeep
|
|t:|1779657527
|switch|p2a: Ballin|Cinderace, M|100/100
|turn|9
|
|t:|1779657531
|move|p2a: Ballin|U-turn|p1a: Serperior
|-supereffective|p1a: Serperior
|-end|p1a: Serperior|Substitute
|
|t:|1779657534
|switch|p2a: Back. Jack.|Slowking-Galar, M|65/100|[from] U-turn
|move|p1a: Serperior|Glare|p2a: Back. Jack.
|-status|p2a: Back. Jack.|par
|
|-heal|p1a: Serperior|46/100|[from] item: Leftovers
|upkeep
|turn|10
|
|t:|1779657543
|move|p1a: Serperior|Leaf Storm|p2a: Back. Jack.
|-resisted|p2a: Back. Jack.
|-damage|p2a: Back. Jack.|44/100 par
|-boost|p1a: Serperior|spa|2
|cant|p2a: Back. Jack.|par
|
|-heal|p1a: Serperior|52/100|[from] item: Leftovers
|upkeep
|turn|11
|
|t:|1779657550
|move|p1a: Serperior|Leaf Storm|p2a: Back. Jack.
|-resisted|p2a: Back. Jack.
|-damage|p2a: Back. Jack.|10/100 par
|-boost|p1a: Serperior|spa|2
|move|p2a: Back. Jack.|Sludge Bomb|p1a: Serperior
|-supereffective|p1a: Serperior
|-damage|p1a: Serperior|0 fnt
|faint|p1a: Serperior
|
|upkeep
|
|t:|1779657564
|switch|p1a: Glimmora|Glimmora, M|100/100
|turn|12
|
|t:|1779657569
|switch|p2a: Zoomerzoonter|Zamazenta|100/100
|-ability|p2a: Zoomerzoonter|Dauntless Shield|boost
|-boost|p2a: Zoomerzoonter|def|1
|move|p1a: Glimmora|Power Gem|p2a: Zoomerzoonter
|-resisted|p2a: Zoomerzoonter
|-damage|p2a: Zoomerzoonter|80/100
|
|upkeep
|turn|13
|
|t:|1779657578
|move|p2a: Zoomerzoonter|Heavy Slam|p1a: Glimmora
|-supereffective|p1a: Glimmora
|-damage|p1a: Glimmora|24/100
|-activate|p1a: Glimmora|ability: Toxic Debris
|-sidestart|p2: bo552|move: Toxic Spikes
|move|p1a: Glimmora|Sludge Bomb|p2a: Zoomerzoonter
|-damage|p2a: Zoomerzoonter|37/100
|
|upkeep
|turn|14
|
|t:|1779657589
|switch|p1a: Gholdengo|Gholdengo|100/100
|move|p2a: Zoomerzoonter|Heavy Slam|p1a: Gholdengo
|-resisted|p1a: Gholdengo
|-damage|p1a: Gholdengo|77/100
|
|upkeep
|turn|15
|
|t:|1779657598
|move|p1a: Gholdengo|Shadow Ball|p2a: Zoomerzoonter
|-damage|p2a: Zoomerzoonter|1/100
|-unboost|p2a: Zoomerzoonter|spd|1
|move|p2a: Zoomerzoonter|Crunch|p1a: Gholdengo
|-supereffective|p1a: Gholdengo
|-damage|p1a: Gholdengo|18/100
|
|upkeep
|turn|16
|
|t:|1779657605
|move|p1a: Gholdengo|Shadow Ball|p2a: Zoomerzoonter
|-damage|p2a: Zoomerzoonter|0 fnt
|faint|p2a: Zoomerzoonter
|
|upkeep
|
|t:|1779657607
|switch|p2a: Ballin|Cinderace, M|100/100
|turn|17
|
|t:|1779657612
|move|p1a: Gholdengo|Shadow Ball|p2a: Ballin
|-damage|p2a: Ballin|46/100
|move|p2a: Ballin|Court Change|p2a: Ballin
|-swapsideconditions
|-activate|p2a: Ballin|move: Court Change
|
|upkeep
|turn|18
|
|t:|1779657624
|switch|p2a: Back. Jack.|Slowking-Galar, M|43/100 par
|move|p1a: Gholdengo|Shadow Ball|p2a: Back. Jack.
|-supereffective|p2a: Back. Jack.
|-damage|p2a: Back. Jack.|0 fnt
|faint|p2a: Back. Jack.
|
|upkeep
|
|t:|1779657626
|switch|p2a: Do it again.|Landorus-Therian, M|84/100
|-ability|p2a: Do it again.|Intimidate|boost
|-unboost|p1a: Gholdengo|atk|1
|turn|19
|
|t:|1779657634
|move|p1a: Gholdengo|Shadow Ball|p2a: Do it again.
|-damage|p2a: Do it again.|26/100
|move|p2a: Do it again.|Earthquake|p1a: Gholdengo
|-supereffective|p1a: Gholdengo
|-damage|p1a: Gholdengo|0 fnt
|faint|p1a: Gholdengo
|
|upkeep
|
|t:|1779657647
|switch|p1a: Cinderace|Cinderace, F|100/100
|turn|20
|
|t:|1779657655
|move|p1a: Cinderace|Pyro Ball|p2a: Do it again.
|-damage|p2a: Do it again.|0 fnt
|faint|p2a: Do it again.
|
|upkeep
|
|t:|1779657658
|switch|p2a: Round and Round|Regieleki, shiny|100/100
|turn|21
|
|t:|1779657663
|move|p2a: Round and Round|Thunderbolt|p1a: Cinderace
|-damage|p1a: Cinderace|0 fnt
|faint|p1a: Cinderace
|
|upkeep
|
|t:|1779657670
|switch|p1a: Dragonite|Dragonite, F|100/100
|-damage|p1a: Dragonite|76/100|[from] Stealth Rock
|turn|22
|
|t:|1779657676
|-terastallize|p2a: Round and Round|Electric
|move|p2a: Round and Round|Thunderbolt|p1a: Dragonite
|-damage|p1a: Dragonite|0 fnt
|faint|p1a: Dragonite
|
|upkeep
|
|t:|1779657681
|switch|p1a: Glimmora|Glimmora, M|24/100
|-damage|p1a: Glimmora|12/100|[from] Stealth Rock
|-sideend|p1: TheMudkipLegend|move: Toxic Spikes|[of] p1a: Glimmora
|turn|23
|
|t:|1779657685
|move|p2a: Round and Round|Thunderbolt|p1a: Glimmora
|-damage|p1a: Glimmora|0 fnt
|faint|p1a: Glimmora
|
|win|bo552
|raw|TheMudkipLegend's rating: 1418 &rarr; <strong>1397</strong><br />(-21 for losing)
|raw|bo552's rating: 1398 &rarr; <strong>1419</strong><br />(+21 for winning)
|l|☆TheMudkipLegend
|player|p1|
