|j|☆Lukas21
|j|☆armando estasilla
|t:|1779620023
|gametype|singles
|player|p1|Lukas21|266|1212
|player|p2|armando estasilla|backpacker|1202
|gen|9
|tier|[Gen 9] OU
|rated|
|rule|HP Percentage Mod: HP is shown in percentages
|rule|Endless Battle Clause: Forcing endless battles is banned
|rule|Species Clause: Limit one of each Pokémon
|rule|OHKO Clause: OHKO moves are banned
|rule|Evasion Items Clause: Evasion items are banned
|rule|Evasion Moves Clause: Evasion moves are banned
|rule|Evasion Abilities Clause: Evasion abilities are banned
|rule|Sleep Moves Clause: Sleep-inducing moves are banned
|clearpoke
|poke|p1|Scyther, F|
|poke|p1|Incineroar, M|
|poke|p1|Eelektross, M|
|poke|p1|Glimmora, M|
|poke|p1|Copperajah, M|
|poke|p1|Hydrapple, F|
|poke|p2|Hoopa|
|poke|p2|Wo-Chien|
|poke|p2|Mandibuzz, F|
|poke|p2|Cinderace, M|
|poke|p2|Kyurem|
|poke|p2|Manaphy|
|teampreview
|inactive|Battle timer is ON: inactive players will automatically lose when time's up. (requested by armando estasilla)
|
|t:|1779620042
|teamsize|p1|6
|teamsize|p2|6
|start
|switch|p1a: Eelektross|Eelektross, M|100/100
|switch|p2a: Hoopa|Hoopa|100/100
|turn|1
|
|t:|1779620051
|move|p2a: Hoopa|Substitute|p2a: Hoopa
|-start|p2a: Hoopa|Substitute
|-damage|p2a: Hoopa|75/100
|move|p1a: Eelektross|Discharge|p2a: Hoopa
|-end|p2a: Hoopa|Substitute
|
|upkeep
|turn|2
|
|t:|1779620058
|switch|p2a: Wo-Chien|Wo-Chien|100/100
|-ability|p2a: Wo-Chien|Tablets of Ruin
|move|p1a: Eelektross|Flamethrower|p2a: Wo-Chien
|-supereffective|p2a: Wo-Chien
|-damage|p2a: Wo-Chien|63/100
|-status|p2a: Wo-Chien|brn
|
|-heal|p2a: Wo-Chien|69/100 brn|[from] item: Leftovers
|-damage|p2a: Wo-Chien|63/100 brn|[from] brn
|upkeep
|turn|3
|
|t:|1779620075
|move|p2a: Wo-Chien|Leech Seed|p1a: Eelektross
|-start|p1a: Eelektross|move: Leech Seed
|move|p1a: Eelektross|Flamethrower|p2a: Wo-Chien
|-supereffective|p2a: Wo-Chien
|-damage|p2a: Wo-Chien|27/100 brn
|
|-heal|p2a: Wo-Chien|33/100 brn|[from] item: Leftovers
|-damage|p1a: Eelektross|88/100|[from] Leech Seed|[of] p2a: Wo-Chien
|-heal|p2a: Wo-Chien|43/100 brn|[silent]
|-damage|p2a: Wo-Chien|37/100 brn|[from] brn
|upkeep
|turn|4
|
|t:|1779620085
|switch|p1a: Hydrapple|Hydrapple, F|100/100
|move|p2a: Wo-Chien|Giga Drain|p1a: Hydrapple
|-resisted|p1a: Hydrapple
|-damage|p1a: Hydrapple|95/100
|-heal|p2a: Wo-Chien|40/100 brn|[from] drain|[of] p1a: Hydrapple
|
|-heal|p2a: Wo-Chien|46/100 brn|[from] item: Leftovers
|-damage|p2a: Wo-Chien|40/100 brn|[from] brn
|upkeep
|turn|5
|
|t:|1779620100
|move|p2a: Wo-Chien|Taunt|p1a: Hydrapple
|-start|p1a: Hydrapple|move: Taunt
|move|p1a: Hydrapple|Fickle Beam|p2a: Wo-Chien
|-damage|p2a: Wo-Chien|5/100 brn
|-damage|p1a: Hydrapple|85/100|[from] item: Life Orb
|
|-heal|p2a: Wo-Chien|11/100 brn|[from] item: Leftovers
|-damage|p2a: Wo-Chien|5/100 brn|[from] brn
|upkeep
|turn|6
|
|t:|1779620116
|move|p2a: Wo-Chien|Giga Drain|p1a: Hydrapple
|-resisted|p1a: Hydrapple
|-damage|p1a: Hydrapple|80/100
|-heal|p2a: Wo-Chien|8/100 brn|[from] drain|[of] p1a: Hydrapple
|move|p1a: Hydrapple|Fickle Beam|p2a: Wo-Chien
|-damage|p2a: Wo-Chien|0 fnt
|faint|p2a: Wo-Chien
|-damage|p1a: Hydrapple|70/100|[from] item: Life Orb
|
|upkeep
|
|t:|1779620121
|switch|p2a: Manaphy|Manaphy|100/100
|turn|7
|
|t:|1779620126
|move|p2a: Manaphy|Alluring Voice|p1a: Hydrapple
|-supereffective|p1a: Hydrapple
|-damage|p1a: Hydrapple|39/100
|move|p1a: Hydrapple|Giga Drain|p2a: Manaphy
|-supereffective|p2a: Manaphy
|-damage|p2a: Manaphy|25/100
|-heal|p1a: Hydrapple|82/100|[from] drain|[of] p2a: Manaphy
|-damage|p1a: Hydrapple|72/100|[from] item: Life Orb
|
|-heal|p2a: Manaphy|31/100|[from] item: Leftovers
|-end|p1a: Hydrapple|move: Taunt
|upkeep
|turn|8
|-message|armando estasilla forfeited.
|
|win|Lukas21
|raw|Lukas21's rating: 1212 &rarr; <strong>1236</strong><br />(+24 for winning)
|raw|armando estasilla's rating: 1202 &rarr; <strong>1178</strong><br />(-24 for losing)
|l|☆armando estasilla
|player|p2|
|l|☆Lukas21
|player|p1|
