|j|☆DishanMax
|j|☆hueehuuuek
|t:|1779694079
|gametype|singles
|player|p1|DishanMax|1|1459
|player|p2|hueehuuuek|steven|1403
|gen|9
|tier|[Gen 9] OU
|rated|
|rule|HP Percentage Mod: HP is shown in percentages
|rule|Endless Battle Clause: Forcing endless battles is banned
|rule|Species Clause: Limit one of each Pokémon
|rule|OHKO Clause: OHKO moves are banned
|rule|Evasion Items Clause: Evasion items are banned
|rule|Evasion Moves Clause: Evasion moves are banned
|rule|Evasion Abilities Clause: Evasion abilities are banned
|rule|Sleep Moves Clause: Sleep-inducing moves are banned
|clearpoke
|poke|p1|Sinistcha|
|poke|p1|Primarina, M|
|poke|p1|Corviknight, F|
|poke|p1|Arcanine-Hisui, M|
|poke|p1|Latios, M|
|poke|p1|Great Tusk|
|poke|p2|Suicune|
|poke|p2|Dragonite, M|
|poke|p2|Cinderace, M|
|poke|p2|Zamazenta-*|
|poke|p2|Blaziken, F|
|poke|p2|Zapdos-Galar|
|teampreview
|inactive|Battle timer is ON: inactive players will automatically lose when time's up. (requested by hueehuuuek)
|inactive|DishanMax also wants the timer to be on.
|inactive|hueehuuuek has 120 seconds left.
|
|t:|1779694111
|teamsize|p1|6
|teamsize|p2|6
|start
|switch|p1a: Arcanine|Arcanine-Hisui, M|100/100
|switch|p2a: Blaziken|Blaziken, F|100/100
|turn|1
|
|t:|1779694120
|move|p1a: Arcanine|Head Smash|p2a: Blaziken|[miss]
|-miss|p1a: Arcanine|p2a: Blaziken
|move|p2a: Blaziken|Close Combat|p1a: Arcanine
|-supereffective|p1a: Arcanine
|-damage|p1a: Arcanine|0 fnt
|-unboost|p2a: Blaziken|def|1
|-unboost|p2a: Blaziken|spd|1
|faint|p1a: Arcanine
|
|-ability|p2a: Blaziken|Speed Boost|boost
|-boost|p2a: Blaziken|spe|1
|upkeep
|
|t:|1779694138
|switch|p1a: Primarina|Primarina, M|100/100
|turn|2
|
|t:|1779694154
|switch|p2a: Suicune|Suicune, shiny|100/100
|-ability|p2a: Suicune|Pressure
|move|p1a: Primarina|Psychic Noise|p2a: Suicune
|-resisted|p2a: Suicune
|-damage|p2a: Suicune|84/100
|-start|p2a: Suicune|move: Heal Block
|
|upkeep
|turn|3
|
|t:|1779694164
|move|p2a: Suicune|Calm Mind|p2a: Suicune
|-boost|p2a: Suicune|spa|1
|-boost|p2a: Suicune|spd|1
|move|p1a: Primarina|Energy Ball|p2a: Suicune
|-supereffective|p2a: Suicune
|-damage|p2a: Suicune|48/100
|
|-end|p2a: Suicune|move: Heal Block
|upkeep
|turn|4
|
|t:|1779694173
|move|p2a: Suicune|Rest|p2a: Suicune
|-status|p2a: Suicune|slp|[from] move: Rest
|-heal|p2a: Suicune|100/100 slp|[silent]
|move|p1a: Primarina|Psychic Noise|p2a: Suicune
|-resisted|p2a: Suicune
|-damage|p2a: Suicune|91/100 slp
|-start|p2a: Suicune|move: Heal Block
|
|upkeep
|turn|5
|
|t:|1779694183
|cant|p2a: Suicune|slp
|move|p2a: Suicune|Sleep Talk|p2a: Suicune
|move|p2a: Suicune|Calm Mind|p2a: Suicune|[from] move: Sleep Talk
|-boost|p2a: Suicune|spa|1
|-boost|p2a: Suicune|spd|1
|move|p1a: Primarina|Moonblast|p2a: Suicune
|-damage|p2a: Suicune|72/100 slp
|-unboost|p2a: Suicune|spa|1
|
|-end|p2a: Suicune|move: Heal Block
|upkeep
|turn|6
|
|t:|1779694185
|cant|p2a: Suicune|slp
|move|p2a: Suicune|Sleep Talk|p2a: Suicune
|move|p2a: Suicune|Rest||[from] move: Sleep Talk|[still]
|-fail|p2a: Suicune
|move|p1a: Primarina|Psychic Noise|p2a: Suicune
|-resisted|p2a: Suicune
|-damage|p2a: Suicune|64/100 slp
|-start|p2a: Suicune|move: Heal Block
|
|upkeep
|turn|7
|
|t:|1779694189
|-curestatus|p2a: Suicune|slp|[msg]
|move|p2a: Suicune|Calm Mind|p2a: Suicune
|-boost|p2a: Suicune|spa|1
|-boost|p2a: Suicune|spd|1
|move|p1a: Primarina|Psychic Noise|p2a: Suicune
|-resisted|p2a: Suicune
|-damage|p2a: Suicune|58/100
|
|-end|p2a: Suicune|move: Heal Block
|upkeep
|turn|8
|
|t:|1779694193
|move|p2a: Suicune|Rest|p2a: Suicune
|-status|p2a: Suicune|slp|[from] move: Rest
|-heal|p2a: Suicune|100/100 slp|[silent]
|move|p1a: Primarina|Moonblast|p2a: Suicune
|-damage|p2a: Suicune|83/100 slp
|-unboost|p2a: Suicune|spa|1
|
|-heal|p2a: Suicune|89/100 slp|[from] item: Leftovers
|upkeep
|turn|9
|-message|DishanMax forfeited.
|
|win|hueehuuuek
|raw|DishanMax's rating: 1459 &rarr; <strong>1436</strong><br />(-23 for losing)
|raw|hueehuuuek's rating: 1403 &rarr; <strong>1426</strong><br />(+23 for winning)
|l|☆DishanMax
|player|p1|
|l|☆hueehuuuek
|player|p2|
