|j|☆MsRaksoLord
|j|☆Gimmick Trials
|t:|1779572152
|gametype|singles
|player|p1|MsRaksoLord|hilbert-wonderlauncher|1364
|player|p2|Gimmick Trials|sonia-masters|1337
|gen|9
|tier|[Gen 9] OU
|rated|
|rule|HP Percentage Mod: HP is shown in percentages
|rule|Endless Battle Clause: Forcing endless battles is banned
|rule|Species Clause: Limit one of each Pokémon
|rule|OHKO Clause: OHKO moves are banned
|rule|Evasion Items Clause: Evasion items are banned
|rule|Evasion Moves Clause: Evasion moves are banned
|rule|Evasion Abilities Clause: Evasion abilities are banned
|rule|Sleep Moves Clause: Sleep-inducing moves are banned
|clearpoke
|poke|p1|Ogerpon-Wellspring, F|
|poke|p1|Chansey, F|
|poke|p1|Lokix, M|
|poke|p1|Corviknight, M|
|poke|p1|Gliscor, F|
|poke|p1|Garganacl, M|
|poke|p2|Landorus-Therian, M|
|poke|p2|Deoxys-Speed|
|poke|p2|Heatran, M|
|poke|p2|Great Tusk|
|poke|p2|Greninja-*, M|
|poke|p2|Flapple, M|
|teampreview
|inactive|Battle timer is ON: inactive players will automatically lose when time's up. (requested by Gimmick Trials)
|inactive|MsRaksoLord also wants the timer to be on.
|
|t:|1779572160
|teamsize|p1|6
|teamsize|p2|6
|start
|switch|p1a: Lokix|Lokix, M, shiny|100/100
|switch|p2a: Landorus|Landorus-Therian, M|100/100
|-ability|p2a: Landorus|Intimidate|boost
|-unboost|p1a: Lokix|atk|1
|turn|1
|
|t:|1779572167
|move|p1a: Lokix|Knock Off|p2a: Landorus
|-damage|p2a: Landorus|62/100
|-damage|p1a: Lokix|84/100|[from] item: Rocky Helmet|[of] p2a: Landorus
|-enditem|p2a: Landorus|Rocky Helmet|[from] move: Knock Off|[of] p1a: Lokix
|move|p2a: Landorus|Gravity|p2a: Landorus
|-fieldstart|move: Gravity
|
|upkeep
|turn|2
|
|t:|1779572178
|switch|p1a: Corviknight|Corviknight, M, shiny|100/100
|move|p2a: Landorus|U-turn|p1a: Corviknight
|-resisted|p1a: Corviknight
|-crit|p1a: Corviknight
|-damage|p1a: Corviknight|96/100
|-damage|p2a: Landorus|46/100|[from] item: Rocky Helmet|[of] p1a: Corviknight
|
|t:|1779572184
|switch|p2a: Heatran|Heatran, M|100/100|[from] U-turn
|
|upkeep
|turn|3
|
|t:|1779572187
|switch|p1a: Chansey|Chansey, F, shiny|100/100
|move|p2a: Heatran|Magma Storm|p1a: Chansey
|-damage|p1a: Chansey|91/100
|-activate|p1a: Chansey|move: Magma Storm|[of] p2a: Heatran
|
|-damage|p1a: Chansey|79/100|[from] move: Magma Storm|[partiallytrapped]
|upkeep
|turn|4
|
|t:|1779572190
|move|p2a: Heatran|Taunt|p1a: Chansey
|-start|p1a: Chansey|move: Taunt
|move|p1a: Chansey|Seismic Toss|p2a: Heatran
|-damage|p2a: Heatran|75/100
|-enditem|p2a: Heatran|Air Balloon
|
|-damage|p1a: Chansey|66/100|[from] move: Magma Storm|[partiallytrapped]
|upkeep
|turn|5
|
|t:|1779572196
|move|p2a: Heatran|Magma Storm|p1a: Chansey
|-damage|p1a: Chansey|57/100
|move|p1a: Chansey|Seismic Toss|p2a: Heatran
|-damage|p2a: Heatran|49/100
|
|-damage|p1a: Chansey|45/100|[from] move: Magma Storm|[partiallytrapped]
|-fieldend|move: Gravity
|upkeep
|turn|6
|inactive|Gimmick Trials has 120 seconds left.
|
|t:|1779572227
|move|p2a: Heatran|Magma Storm|p1a: Chansey
|-damage|p1a: Chansey|34/100
|move|p1a: Chansey|Seismic Toss|p2a: Heatran
|-damage|p2a: Heatran|23/100
|
|-damage|p1a: Chansey|22/100|[from] move: Magma Storm|[partiallytrapped]
|-end|p1a: Chansey|move: Taunt
|upkeep
|turn|7
|
|t:|1779572235
|move|p2a: Heatran|Taunt|p1a: Chansey
|-start|p1a: Chansey|move: Taunt
|move|p1a: Chansey|Seismic Toss|p2a: Heatran
|-damage|p2a: Heatran|0 fnt
|faint|p2a: Heatran
|
|-end|p1a: Chansey|Magma Storm|[partiallytrapped]|[silent]
|upkeep
|
|t:|1779572241
|switch|p2a: Deoxys|Deoxys-Speed|100/100
|-ability|p2a: Deoxys|Pressure
|turn|8
|
|t:|1779572248
|switch|p1a: Corviknight|Corviknight, M, shiny|96/100
|move|p2a: Deoxys|Gravity|p2a: Deoxys
|-fieldstart|move: Gravity
|
|upkeep
|turn|9
|inactive|Gimmick Trials has 120 seconds left.
|
|t:|1779572275
|switch|p2a: Great Tusk|Great Tusk|100/100
|switch|p1a: Lokix|Lokix, M, shiny|84/100
|
|upkeep
|turn|10
|inactive|Gimmick Trials has 120 seconds left.
|
|t:|1779572285
|switch|p1a: Ogerpon|Ogerpon-Wellspring, F|100/100
|move|p2a: Great Tusk|Close Combat|p1a: Ogerpon
|-damage|p1a: Ogerpon|22/100
|-unboost|p2a: Great Tusk|def|1
|-unboost|p2a: Great Tusk|spd|1
|
|upkeep
|turn|11
|
|t:|1779572295
|move|p2a: Great Tusk|Close Combat|p1a: Ogerpon
|-damage|p1a: Ogerpon|0 fnt
|-unboost|p2a: Great Tusk|def|1
|-unboost|p2a: Great Tusk|spd|1
|faint|p1a: Ogerpon
|
|upkeep
|
|t:|1779572308
|switch|p1a: Corviknight|Corviknight, M, shiny|96/100
|turn|12
|
|t:|1779572318
|-end|p2a: Great Tusk|Protosynthesis|[silent]
|switch|p2a: Landorus|Landorus-Therian, M|46/100
|-ability|p2a: Landorus|Intimidate|boost
|-ability|p1a: Corviknight|Mirror Armor
|-unboost|p2a: Landorus|atk|1
|move|p1a: Corviknight|Iron Defense|p1a: Corviknight
|-boost|p1a: Corviknight|def|2
|
|-fieldend|move: Gravity
|upkeep
|turn|13
|
|t:|1779572323
|move|p2a: Landorus|Gravity|p2a: Landorus
|-fieldstart|move: Gravity
|move|p1a: Corviknight|Iron Defense|p1a: Corviknight
|-boost|p1a: Corviknight|def|2
|
|upkeep
|turn|14
|
|t:|1779572328
|move|p2a: Landorus|Earth Power|p1a: Corviknight
|-supereffective|p1a: Corviknight
|-damage|p1a: Corviknight|28/100
|move|p1a: Corviknight|Roost|p1a: Corviknight
|-heal|p1a: Corviknight|78/100
|-singleturn|p1a: Corviknight|move: Roost
|
|upkeep
|turn|15
|
|t:|1779572333
|move|p2a: Landorus|Earth Power|p1a: Corviknight
|-supereffective|p1a: Corviknight
|-damage|p1a: Corviknight|12/100
|move|p1a: Corviknight|Roost|p1a: Corviknight
|-heal|p1a: Corviknight|62/100
|-singleturn|p1a: Corviknight|move: Roost
|
|upkeep
|turn|16
|
|t:|1779572336
|move|p2a: Landorus|Earth Power|p1a: Corviknight
|-supereffective|p1a: Corviknight
|-damage|p1a: Corviknight|0 fnt
|faint|p1a: Corviknight
|
|upkeep
|
|t:|1779572340
|switch|p1a: Lokix|Lokix, M, shiny|84/100
|turn|17
|
|t:|1779572356
|move|p1a: Lokix|Leech Life|p2a: Landorus
|-resisted|p2a: Landorus
|-damage|p2a: Landorus|0 fnt
|-heal|p1a: Lokix|100/100|[from] drain|[of] p2a: Landorus
|faint|p2a: Landorus
|
|-fieldend|move: Gravity
|upkeep
|
|t:|1779572375
|switch|p2a: Great Tusk|Great Tusk|100/100
|turn|18
|
|t:|1779572379
|switch|p1a: Gliscor|Gliscor, F|100/100
|move|p2a: Great Tusk|Ice Spinner|p1a: Gliscor
|-supereffective|p1a: Gliscor
|-damage|p1a: Gliscor|0 fnt
|faint|p1a: Gliscor
|
|upkeep
|
|t:|1779572384
|switch|p1a: Garganacl|Garganacl, M, shiny|100/100
|turn|19
|
|t:|1779572388
|-end|p2a: Great Tusk|Protosynthesis|[silent]
|switch|p2a: Deoxys|Deoxys-Speed|100/100
|-ability|p2a: Deoxys|Pressure
|move|p1a: Garganacl|Salt Cure|p2a: Deoxys
|-damage|p2a: Deoxys|87/100
|-start|p2a: Deoxys|Salt Cure
|
|-damage|p2a: Deoxys|74/100|[from] Salt Cure
|upkeep
|turn|20
|
|t:|1779572397
|move|p2a: Deoxys|Gravity|p2a: Deoxys
|-fieldstart|move: Gravity
|move|p1a: Garganacl|Iron Defense|p1a: Garganacl
|-boost|p1a: Garganacl|def|2
|
|-damage|p2a: Deoxys|62/100|[from] Salt Cure
|upkeep
|turn|21
|
|t:|1779572402
|move|p2a: Deoxys|Taunt|p1a: Garganacl
|-start|p1a: Garganacl|move: Taunt
|move|p1a: Garganacl|Salt Cure|p2a: Deoxys
|-damage|p2a: Deoxys|48/100
|
|-damage|p2a: Deoxys|36/100|[from] Salt Cure
|upkeep
|turn|22
|
|t:|1779572406
|move|p2a: Deoxys|Superpower|p1a: Garganacl
|-supereffective|p1a: Garganacl
|-damage|p1a: Garganacl|86/100
|-unboost|p2a: Deoxys|atk|1
|-unboost|p2a: Deoxys|def|1
|-enditem|p2a: Deoxys|Eject Pack
|
|t:|1779572408
|switch|p2a: Greninja|Greninja, M|100/100
|move|p1a: Garganacl|Body Press|p2a: Greninja
|-supereffective|p2a: Greninja
|-damage|p2a: Greninja|0 fnt
|faint|p2a: Greninja
|
|-heal|p1a: Garganacl|92/100|[from] item: Leftovers
|upkeep
|
|t:|1779572413
|switch|p2a: Flapple|Flapple, M|100/100
|turn|23
|
|t:|1779572419
|-terastallize|p1a: Garganacl|Ghost
|move|p2a: Flapple|Grav Apple|p1a: Garganacl
|-damage|p1a: Garganacl|70/100
|-unboost|p1a: Garganacl|def|1
|move|p1a: Garganacl|Salt Cure|p2a: Flapple
|-damage|p2a: Flapple|79/100
|-start|p2a: Flapple|Salt Cure
|
|-heal|p1a: Garganacl|76/100|[from] item: Leftovers
|-damage|p2a: Flapple|67/100|[from] Salt Cure
|-end|p1a: Garganacl|move: Taunt
|upkeep
|turn|24
|
|t:|1779572424
|move|p2a: Flapple|Grav Apple|p1a: Garganacl
|-damage|p1a: Garganacl|48/100
|-unboost|p1a: Garganacl|def|1
|move|p1a: Garganacl|Body Press|p2a: Flapple
|-damage|p2a: Flapple|24/100
|
|-heal|p1a: Garganacl|54/100|[from] item: Leftovers
|-damage|p2a: Flapple|12/100|[from] Salt Cure
|-fieldend|move: Gravity
|upkeep
|turn|25
|
|t:|1779572433
|switch|p2a: Deoxys|Deoxys-Speed|36/100
|-ability|p2a: Deoxys|Pressure
|move|p1a: Garganacl|Recover|p1a: Garganacl
|-heal|p1a: Garganacl|100/100
|
|upkeep
|turn|26
|
|t:|1779572436
|move|p2a: Deoxys|Taunt|p1a: Garganacl
|-start|p1a: Garganacl|move: Taunt
|move|p1a: Garganacl|Salt Cure|p2a: Deoxys
|-damage|p2a: Deoxys|22/100
|-start|p2a: Deoxys|Salt Cure
|
|-damage|p2a: Deoxys|9/100|[from] Salt Cure
|upkeep
|turn|27
|
|t:|1779572439
|move|p2a: Deoxys|Gravity|p2a: Deoxys
|-fieldstart|move: Gravity
|move|p1a: Garganacl|Body Press|p2a: Deoxys
|-resisted|p2a: Deoxys
|-damage|p2a: Deoxys|0 fnt
|faint|p2a: Deoxys
|
|upkeep
|
|t:|1779572445
|switch|p2a: Flapple|Flapple, M|12/100
|turn|28
|
|t:|1779572451
|move|p2a: Flapple|Grav Apple|p1a: Garganacl
|-damage|p1a: Garganacl|61/100
|-unboost|p1a: Garganacl|def|1
|move|p1a: Garganacl|Salt Cure|p2a: Flapple
|-damage|p2a: Flapple|0 fnt
|faint|p2a: Flapple
|
|-heal|p1a: Garganacl|67/100|[from] item: Leftovers
|-end|p1a: Garganacl|move: Taunt
|upkeep
|
|t:|1779572454
|switch|p2a: Great Tusk|Great Tusk|100/100
|turn|29
|
|t:|1779572460
|-terastallize|p2a: Great Tusk|Ground
|move|p2a: Great Tusk|Headlong Rush|p1a: Garganacl
|-damage|p1a: Garganacl|4/100
|-unboost|p2a: Great Tusk|def|1
|-unboost|p2a: Great Tusk|spd|1
|move|p1a: Garganacl|Recover|p1a: Garganacl
|-heal|p1a: Garganacl|54/100
|
|-heal|p1a: Garganacl|60/100|[from] item: Leftovers
|upkeep
|turn|30
|
|t:|1779572466
|move|p2a: Great Tusk|Headlong Rush|p1a: Garganacl
|-damage|p1a: Garganacl|0 fnt
|-unboost|p2a: Great Tusk|def|1
|-unboost|p2a: Great Tusk|spd|1
|faint|p1a: Garganacl
|
|upkeep
|
|t:|1779572469
|switch|p1a: Chansey|Chansey, F, shiny|22/100
|turn|31
|
|t:|1779572472
|move|p2a: Great Tusk|Headlong Rush|p1a: Chansey
|-damage|p1a: Chansey|0 fnt
|-unboost|p2a: Great Tusk|def|1
|-unboost|p2a: Great Tusk|spd|1
|faint|p1a: Chansey
|
|-fieldend|move: Gravity
|upkeep
|
|t:|1779572473
|switch|p1a: Lokix|Lokix, M, shiny|100/100
|turn|32
|
|t:|1779572476
|move|p1a: Lokix|First Impression|p2a: Great Tusk
|-damage|p2a: Great Tusk|0 fnt
|faint|p2a: Great Tusk
|-end|p2a: Great Tusk|Protosynthesis|[silent]
|
|win|MsRaksoLord
|raw|MsRaksoLord's rating: 1364 &rarr; <strong>1382</strong><br />(+18 for winning)
|raw|Gimmick Trials's rating: 1337 &rarr; <strong>1319</strong><br />(-18 for losing)
|l|☆Gimmick Trials
|player|p2|
|l|☆MsRaksoLord
|player|p1|
