|j|☆pineapplefred2
|j|☆miamiaquatic
|t:|1779635291
|gametype|singles
|player|p1|pineapplefred2|red|1205
|player|p2|miamiaquatic|brycen|1240
|gen|9
|tier|[Gen 9] OU
|rated|
|rule|HP Percentage Mod: HP is shown in percentages
|rule|Endless Battle Clause: Forcing endless battles is banned
|rule|Species Clause: Limit one of each Pokémon
|rule|OHKO Clause: OHKO moves are banned
|rule|Evasion Items Clause: Evasion items are banned
|rule|Evasion Moves Clause: Evasion moves are banned
|rule|Evasion Abilities Clause: Evasion abilities are banned
|rule|Sleep Moves Clause: Sleep-inducing moves are banned
|clearpoke
|poke|p1|Glastrier|
|poke|p1|Weezing-Galar, F|
|poke|p1|Alomomola, M|
|poke|p1|Iron Crown|
|poke|p1|Zamazenta-*|
|poke|p1|Gliscor, F|
|poke|p2|Dragonite, M|
|poke|p2|Clefable, M|
|poke|p2|Scizor, M|
|poke|p2|Ceruledge, M|
|poke|p2|Blastoise, F|
|poke|p2|Umbreon, M|
|teampreview
|
|t:|1779635306
|teamsize|p1|6
|teamsize|p2|6
|start
|switch|p1a: Arctic Hater|Gliscor, F|100/100
|switch|p2a: Umbreon|Umbreon, M, shiny|100/100
|turn|1
|
|t:|1779635331
|move|p2a: Umbreon|Thunder Wave|p1a: Arctic Hater
|-immune|p1a: Arctic Hater
|move|p1a: Arctic Hater|Stealth Rock|p2a: Umbreon
|-sidestart|p2: miamiaquatic|move: Stealth Rock
|
|-status|p1a: Arctic Hater|tox|[from] item: Toxic Orb
|upkeep
|turn|2
|
|t:|1779635351
|move|p2a: Umbreon|Skill Swap|p1a: Arctic Hater
|-activate|p2a: Umbreon|Skill Swap|Poison Heal|Synchronize|[of] p1a: Arctic Hater
|move|p1a: Arctic Hater|Knock Off|p2a: Umbreon
|-resisted|p2a: Umbreon
|-damage|p2a: Umbreon|93/100
|-enditem|p2a: Umbreon|Leftovers|[from] move: Knock Off|[of] p1a: Arctic Hater
|
|-damage|p1a: Arctic Hater|94/100 tox|[from] psn
|upkeep
|turn|3
|inactive|Battle timer is ON: inactive players will automatically lose when time's up. (requested by pineapplefred2)
|
|t:|1779635368
|switch|p1a: Samasentya|Zamazenta|100/100
|-ability|p1a: Samasentya|Dauntless Shield|boost
|-boost|p1a: Samasentya|def|1
|move|p2a: Umbreon|Confuse Ray|p1a: Samasentya
|-start|p1a: Samasentya|confusion
|
|upkeep
|turn|4
|l|☆pineapplefred2
|inactive|pineapplefred2 disconnected and has a minute to reconnect!
|player|p1|
|j|☆pineapplefred2
|inactive|pineapplefred2 reconnected and has 130 seconds left.
|player|p1|pineapplefred2|red|
|
|t:|1779635395
|-activate|p1a: Samasentya|confusion
|move|p1a: Samasentya|Iron Defense|p1a: Samasentya
|-boost|p1a: Samasentya|def|2
|move|p2a: Umbreon|Thunder Wave|p1a: Samasentya
|-status|p1a: Samasentya|par
|
|upkeep
|turn|5
|
|t:|1779635408
|switch|p2a: Clefable|Clefable, M|100/100
|-damage|p2a: Clefable|88/100|[from] Stealth Rock
|-activate|p1a: Samasentya|confusion
|-damage|p1a: Samasentya|97/100 par|[from] confusion
|
|-heal|p1a: Samasentya|100/100 par|[from] item: Leftovers
|upkeep
|turn|6
|
|t:|1779635418
|move|p2a: Clefable|Cosmic Power|p2a: Clefable
|-boost|p2a: Clefable|def|1
|-boost|p2a: Clefable|spd|1
|-activate|p1a: Samasentya|confusion
|cant|p1a: Samasentya|par
|
|upkeep
|turn|7
|
|t:|1779635422
|move|p2a: Clefable|Cosmic Power|p2a: Clefable
|-boost|p2a: Clefable|def|1
|-boost|p2a: Clefable|spd|1
|-end|p1a: Samasentya|confusion
|cant|p1a: Samasentya|par
|
|upkeep
|turn|8
|
|t:|1779635428
|move|p2a: Clefable|Cosmic Power|p2a: Clefable
|-boost|p2a: Clefable|def|1
|-boost|p2a: Clefable|spd|1
|move|p1a: Samasentya|Roar|p2a: Clefable
|drag|p2a: Ceruledge|Ceruledge, M|100/100
|-damage|p2a: Ceruledge|75/100|[from] Stealth Rock
|
|upkeep
|turn|9
|
|t:|1779635434
|move|p2a: Ceruledge|Bitter Blade|p1a: Samasentya
|-damage|p1a: Samasentya|87/100 par
|-heal|p2a: Ceruledge|85/100|[from] drain|[of] p1a: Samasentya
|move|p1a: Samasentya|Crunch|p2a: Ceruledge
|-supereffective|p2a: Ceruledge
|-damage|p2a: Ceruledge|22/100
|-ability|p2a: Ceruledge|Weak Armor|boost
|-unboost|p2a: Ceruledge|def|1
|-boost|p2a: Ceruledge|spe|2
|
|-heal|p1a: Samasentya|93/100 par|[from] item: Leftovers
|upkeep
|turn|10
|
|t:|1779635441
|move|p2a: Ceruledge|Bitter Blade|p1a: Samasentya
|-damage|p1a: Samasentya|78/100 par
|-heal|p2a: Ceruledge|32/100|[from] drain|[of] p1a: Samasentya
|cant|p1a: Samasentya|par
|
|-heal|p1a: Samasentya|84/100 par|[from] item: Leftovers
|upkeep
|turn|11
|
|t:|1779635447
|move|p2a: Ceruledge|Bitter Blade|p1a: Samasentya
|-damage|p1a: Samasentya|69/100 par
|-heal|p2a: Ceruledge|43/100|[from] drain|[of] p1a: Samasentya
|move|p1a: Samasentya|Crunch|p2a: Ceruledge
|-supereffective|p2a: Ceruledge
|-damage|p2a: Ceruledge|0 fnt
|faint|p2a: Ceruledge
|
|-heal|p1a: Samasentya|75/100 par|[from] item: Leftovers
|upkeep
|
|t:|1779635451
|switch|p2a: Scizor|Scizor, M|100/100
|-damage|p2a: Scizor|88/100|[from] Stealth Rock
|turn|12
|
|t:|1779635456
|move|p1a: Samasentya|Body Press|p2a: Scizor
|-damage|p2a: Scizor|15/100
|-enditem|p2a: Scizor|Sitrus Berry|[eat]
|-heal|p2a: Scizor|40/100|[from] item: Sitrus Berry
|move|p2a: Scizor|Defog|p1a: Samasentya
|-unboost|p1a: Samasentya|evasion|1
|-sideend|p2: miamiaquatic|Stealth Rock|[from] move: Defog|[of] p2a: Scizor
|
|-heal|p1a: Samasentya|81/100 par|[from] item: Leftovers
|upkeep
|turn|13
|
|t:|1779635465
|move|p1a: Samasentya|Body Press|p2a: Scizor
|-damage|p2a: Scizor|0 fnt
|faint|p2a: Scizor
|
|-heal|p1a: Samasentya|87/100 par|[from] item: Leftovers
|upkeep
|
|t:|1779635475
|switch|p2a: Blastoise|Blastoise, F|100/100
|turn|14
|
|t:|1779635480
|move|p2a: Blastoise|Shell Smash|p2a: Blastoise
|-unboost|p2a: Blastoise|def|1
|-unboost|p2a: Blastoise|spd|1
|-boost|p2a: Blastoise|atk|2
|-boost|p2a: Blastoise|spa|2
|-boost|p2a: Blastoise|spe|2
|-enditem|p2a: Blastoise|White Herb
|-clearnegativeboost|p2a: Blastoise|[silent]
|move|p1a: Samasentya|Body Press|p2a: Blastoise
|-damage|p2a: Blastoise|1/100
|
|-heal|p1a: Samasentya|94/100 par|[from] item: Leftovers
|upkeep
|turn|15
|
|t:|1779635490
|move|p2a: Blastoise|Surf|p1a: Samasentya
|-damage|p1a: Samasentya|11/100 par
|move|p1a: Samasentya|Body Press|p2a: Blastoise
|-damage|p2a: Blastoise|0 fnt
|faint|p2a: Blastoise
|
|-heal|p1a: Samasentya|17/100 par|[from] item: Leftovers
|upkeep
|
|t:|1779635496
|switch|p2a: Dragonite|Dragonite, M|100/100
|turn|16
|
|t:|1779635501
|move|p2a: Dragonite|Dragon Dance|p2a: Dragonite
|-boost|p2a: Dragonite|atk|1
|-boost|p2a: Dragonite|spe|1
|move|p1a: Samasentya|Roar|p2a: Dragonite
|drag|p2a: Umbreon|Umbreon, M, shiny|93/100
|
|-heal|p1a: Samasentya|23/100 par|[from] item: Leftovers
|upkeep
|turn|17
|
|t:|1779635506
|move|p2a: Umbreon|Confuse Ray|p1a: Samasentya
|-start|p1a: Samasentya|confusion
|-activate|p1a: Samasentya|confusion
|cant|p1a: Samasentya|par
|
|-heal|p1a: Samasentya|29/100 par|[from] item: Leftovers
|upkeep
|turn|18
|
|t:|1779635512
|move|p2a: Umbreon|Bite|p1a: Samasentya
|-resisted|p1a: Samasentya
|-damage|p1a: Samasentya|27/100 par
|cant|p1a: Samasentya|flinch
|
|-heal|p1a: Samasentya|33/100 par|[from] item: Leftovers
|upkeep
|turn|19
|
|t:|1779635516
|move|p2a: Umbreon|Bite|p1a: Samasentya
|-resisted|p1a: Samasentya
|-damage|p1a: Samasentya|31/100 par
|-activate|p1a: Samasentya|confusion
|move|p1a: Samasentya|Body Press|p2a: Umbreon
|-supereffective|p2a: Umbreon
|-damage|p2a: Umbreon|0 fnt
|faint|p2a: Umbreon
|
|-heal|p1a: Samasentya|37/100 par|[from] item: Leftovers
|upkeep
|
|t:|1779635519
|switch|p2a: Dragonite|Dragonite, M|100/100
|turn|20
|
|t:|1779635523
|move|p2a: Dragonite|Dragon Dance|p2a: Dragonite
|-boost|p2a: Dragonite|atk|1
|-boost|p2a: Dragonite|spe|1
|-activate|p1a: Samasentya|confusion
|-damage|p1a: Samasentya|34/100 par|[from] confusion
|
|-heal|p1a: Samasentya|40/100 par|[from] item: Leftovers
|upkeep
|turn|21
|
|t:|1779635528
|move|p2a: Dragonite|Iron Head|p1a: Samasentya
|-damage|p1a: Samasentya|26/100 par
|cant|p1a: Samasentya|flinch
|
|-heal|p1a: Samasentya|32/100 par|[from] item: Leftovers
|upkeep
|turn|22
|
|t:|1779635533
|move|p2a: Dragonite|Iron Head|p1a: Samasentya
|-damage|p1a: Samasentya|19/100 par
|-activate|p1a: Samasentya|confusion
|cant|p1a: Samasentya|par
|
|-heal|p1a: Samasentya|25/100 par|[from] item: Leftovers
|upkeep
|turn|23
|
|t:|1779635538
|move|p2a: Dragonite|Iron Head|p1a: Samasentya
|-damage|p1a: Samasentya|12/100 par
|cant|p1a: Samasentya|flinch
|
|-heal|p1a: Samasentya|18/100 par|[from] item: Leftovers
|upkeep
|turn|24
|
|t:|1779635542
|move|p2a: Dragonite|Iron Head|p1a: Samasentya
|-damage|p1a: Samasentya|4/100 par
|-end|p1a: Samasentya|confusion
|cant|p1a: Samasentya|par
|
|-heal|p1a: Samasentya|10/100 par|[from] item: Leftovers
|upkeep
|turn|25
|
|t:|1779635548
|move|p2a: Dragonite|Iron Head|p1a: Samasentya
|-damage|p1a: Samasentya|0 fnt
|faint|p1a: Samasentya
|
|upkeep
|
|t:|1779635552
|switch|p1a: Pegasus|Glastrier|100/100
|turn|26
|
|t:|1779635555
|-terastallize|p2a: Dragonite|Normal
|-terastallize|p1a: Pegasus|Water
|move|p2a: Dragonite|Dragon Dance|p2a: Dragonite
|-boost|p2a: Dragonite|atk|1
|-boost|p2a: Dragonite|spe|1
|move|p1a: Pegasus|Icicle Crash|p2a: Dragonite
|-damage|p2a: Dragonite|53/100
|
|upkeep
|turn|27
|
|t:|1779635565
|move|p2a: Dragonite|Extreme Speed|p1a: Pegasus
|-damage|p1a: Pegasus|32/100
|move|p1a: Pegasus|Icicle Crash|p2a: Dragonite
|-damage|p2a: Dragonite|0 fnt
|faint|p2a: Dragonite
|-ability|p1a: Pegasus|Chilling Neigh|boost
|-boost|p1a: Pegasus|atk|1
|
|upkeep
|
|t:|1779635571
|switch|p2a: Clefable|Clefable, M|88/100
|turn|28
|
|t:|1779635573
|move|p2a: Clefable|Cosmic Power|p2a: Clefable
|-boost|p2a: Clefable|def|1
|-boost|p2a: Clefable|spd|1
|move|p1a: Pegasus|Icicle Crash|p2a: Clefable
|-damage|p2a: Clefable|44/100
|
|upkeep
|turn|29
|
|t:|1779635583
|move|p2a: Clefable|Draining Kiss|p1a: Pegasus
|-damage|p1a: Pegasus|19/100
|-heal|p2a: Clefable|55/100|[from] drain|[of] p1a: Pegasus
|move|p1a: Pegasus|Icicle Crash|p2a: Clefable
|-damage|p2a: Clefable|4/100
|
|upkeep
|turn|30
|-message|miamiaquatic forfeited.
|
|win|pineapplefred2
|raw|pineapplefred2's rating: 1205 &rarr; <strong>1233</strong><br />(+28 for winning)
|raw|miamiaquatic's rating: 1240 &rarr; <strong>1212</strong><br />(-28 for losing)
|l|☆miamiaquatic
|player|p2|
