|j|☆bvcnmkor85471
|j|☆xrea
|t:|1779717026
|gametype|singles
|player|p1|bvcnmkor85471|policeman-gen4|1169
|player|p2|xrea|2|1216
|gen|9
|tier|[Gen 9] OU
|rated|
|rule|HP Percentage Mod: HP is shown in percentages
|rule|Endless Battle Clause: Forcing endless battles is banned
|rule|Species Clause: Limit one of each Pokémon
|rule|OHKO Clause: OHKO moves are banned
|rule|Evasion Items Clause: Evasion items are banned
|rule|Evasion Moves Clause: Evasion moves are banned
|rule|Evasion Abilities Clause: Evasion abilities are banned
|rule|Sleep Moves Clause: Sleep-inducing moves are banned
|clearpoke
|poke|p1|Tyranitar, M|
|poke|p1|Houndstone, M|
|poke|p1|Tsareena, F|
|poke|p1|Sandslash, M|
|poke|p1|Tornadus-Therian, M|
|poke|p1|Rotom-Wash|
|poke|p2|Ribombee, F|
|poke|p2|Great Tusk|
|poke|p2|Dragonite, M|
|poke|p2|Zamazenta-*|
|poke|p2|Gholdengo|
|poke|p2|Raging Bolt|
|teampreview
|
|t:|1779717048
|teamsize|p1|6
|teamsize|p2|6
|start
|switch|p1a: Tornadus|Tornadus-Therian, M, shiny|100/100
|switch|p2a: Ribombee|Ribombee, F|100/100
|turn|1
|
|t:|1779717054
|move|p2a: Ribombee|Sticky Web|p1a: Tornadus
|-sidestart|p1: bvcnmkor85471|move: Sticky Web
|move|p1a: Tornadus|Bleakwind Storm|p2a: Ribombee
|-supereffective|p2a: Ribombee
|-enditem|p2a: Ribombee|Focus Sash
|-damage|p2a: Ribombee|1/100
|
|upkeep
|turn|2
|
|t:|1779717059
|move|p2a: Ribombee|Stun Spore|p1a: Tornadus
|-status|p1a: Tornadus|par
|move|p1a: Tornadus|U-turn|p2a: Ribombee
|-resisted|p2a: Ribombee
|-damage|p2a: Ribombee|0 fnt
|faint|p2a: Ribombee
|inactive|Battle timer is ON: inactive players will automatically lose when time's up. (requested by xrea)
|
|t:|1779717072
|switch|p1a: Tyranitar|Tyranitar, M|100/100|[from] U-turn
|-activate|p1a: Tyranitar|move: Sticky Web
|-unboost|p1a: Tyranitar|spe|1
|-weather|Sandstorm|[from] ability: Sand Stream|[of] p1a: Tyranitar
|
|-weather|Sandstorm|[upkeep]
|upkeep
|
|t:|1779717086
|switch|p2a: Great Tusk|Great Tusk|100/100
|turn|3
|
|t:|1779717098
|switch|p1a: Rotom|Rotom-Wash|100/100
|move|p2a: Great Tusk|Headlong Rush|p1a: Rotom
|-immune|p1a: Rotom|[from] ability: Levitate
|
|-weather|Sandstorm|[upkeep]
|-damage|p1a: Rotom|95/100|[from] Sandstorm
|-heal|p1a: Rotom|100/100|[from] item: Leftovers
|upkeep
|turn|4
|
|t:|1779717119
|-end|p2a: Great Tusk|Protosynthesis|[silent]
|switch|p2a: Raging Bolt|Raging Bolt|100/100
|-enditem|p2a: Raging Bolt|Booster Energy
|-activate|p2a: Raging Bolt|ability: Protosynthesis|[fromitem]
|-start|p2a: Raging Bolt|protosynthesisspa
|move|p1a: Rotom|Hydro Pump|p2a: Raging Bolt
|-resisted|p2a: Raging Bolt
|-damage|p2a: Raging Bolt|75/100
|
|-weather|Sandstorm|[upkeep]
|-damage|p2a: Raging Bolt|69/100|[from] Sandstorm
|-damage|p1a: Rotom|95/100|[from] Sandstorm
|-heal|p1a: Rotom|100/100|[from] item: Leftovers
|upkeep
|turn|5
|
|t:|1779717129
|move|p2a: Raging Bolt|Thunderbolt|p1a: Rotom
|-damage|p1a: Rotom|30/100
|move|p1a: Rotom|Will-O-Wisp|p2a: Raging Bolt
|-status|p2a: Raging Bolt|brn
|
|-weather|Sandstorm|[upkeep]
|-damage|p2a: Raging Bolt|63/100 brn|[from] Sandstorm
|-damage|p1a: Rotom|24/100|[from] Sandstorm
|-heal|p1a: Rotom|30/100|[from] item: Leftovers
|-damage|p2a: Raging Bolt|57/100 brn|[from] brn
|upkeep
|turn|6
|
|t:|1779717139
|switch|p1a: Tornadus|Tornadus-Therian, M, shiny|100/100 par
|move|p2a: Raging Bolt|Dragon Pulse|p1a: Tornadus
|-damage|p1a: Tornadus|50/100 par
|
|-weather|Sandstorm|[upkeep]
|-damage|p2a: Raging Bolt|51/100 brn|[from] Sandstorm
|-damage|p1a: Tornadus|44/100 par|[from] Sandstorm
|-damage|p2a: Raging Bolt|45/100 brn|[from] brn
|upkeep
|turn|7
|
|t:|1779717152
|move|p2a: Raging Bolt|Dragon Pulse|p1a: Tornadus
|-damage|p1a: Tornadus|0 fnt
|faint|p1a: Tornadus
|
|-weather|Sandstorm|[upkeep]
|-damage|p2a: Raging Bolt|39/100 brn|[from] Sandstorm
|-damage|p2a: Raging Bolt|32/100 brn|[from] brn
|upkeep
|
|t:|1779717172
|switch|p1a: Sandslash|Sandslash, M, shiny|100/100
|-activate|p1a: Sandslash|move: Sticky Web
|-unboost|p1a: Sandslash|spe|1
|turn|8
|
|t:|1779717178
|move|p1a: Sandslash|Earthquake|p2a: Raging Bolt
|-supereffective|p2a: Raging Bolt
|-damage|p2a: Raging Bolt|0 fnt
|faint|p2a: Raging Bolt
|-end|p2a: Raging Bolt|Protosynthesis|[silent]
|-damage|p1a: Sandslash|91/100|[from] item: Life Orb
|
|-weather|Sandstorm|[upkeep]
|upkeep
|
|t:|1779717184
|switch|p2a: Dragonite|Dragonite, M|100/100
|turn|9
|
|t:|1779717193
|move|p1a: Sandslash|Rapid Spin|p2a: Dragonite
|-damage|p2a: Dragonite|88/100
|-boost|p1a: Sandslash|spe|1
|-sideend|p1: bvcnmkor85471|Sticky Web|[from] move: Rapid Spin|[of] p1a: Sandslash
|-damage|p1a: Sandslash|81/100|[from] item: Life Orb
|move|p2a: Dragonite|Dragon Dance|p2a: Dragonite
|-boost|p2a: Dragonite|atk|1
|-boost|p2a: Dragonite|spe|1
|
|-weather|none
|upkeep
|turn|10
|
|t:|1779717199
|move|p2a: Dragonite|Dragon Dance|p2a: Dragonite
|-boost|p2a: Dragonite|atk|1
|-boost|p2a: Dragonite|spe|1
|move|p1a: Sandslash|Knock Off|p2a: Dragonite
|-damage|p2a: Dragonite|42/100
|-enditem|p2a: Dragonite|Heavy-Duty Boots|[from] move: Knock Off|[of] p1a: Sandslash
|-damage|p1a: Sandslash|71/100|[from] item: Life Orb
|
|upkeep
|turn|11
|
|t:|1779717216
|move|p2a: Dragonite|Ice Spinner|p1a: Sandslash
|-supereffective|p1a: Sandslash
|-damage|p1a: Sandslash|0 fnt
|faint|p1a: Sandslash
|
|upkeep
|
|t:|1779717218
|switch|p1a: Houndstone|Houndstone, M, shiny|100/100
|turn|12
|
|t:|1779717226
|-terastallize|p2a: Dragonite|Normal
|-terastallize|p1a: Houndstone|Ghost
|move|p1a: Houndstone|Shadow Sneak|p2a: Dragonite
|-immune|p2a: Dragonite
|move|p2a: Dragonite|Ice Spinner|p1a: Houndstone
|-damage|p1a: Houndstone|26/100
|
|upkeep
|turn|13
|
|t:|1779717235
|switch|p1a: Rotom|Rotom-Wash|30/100
|move|p2a: Dragonite|Ice Spinner|p1a: Rotom
|-resisted|p1a: Rotom
|-damage|p1a: Rotom|0 fnt
|faint|p1a: Rotom
|
|upkeep
|
|t:|1779717237
|switch|p1a: Tyranitar|Tyranitar, M|100/100
|-weather|Sandstorm|[from] ability: Sand Stream|[of] p1a: Tyranitar
|turn|14
|
|t:|1779717247
|move|p2a: Dragonite|Ice Spinner|p1a: Tyranitar
|-damage|p1a: Tyranitar|53/100
|move|p1a: Tyranitar|Body Press|p2a: Dragonite
|-supereffective|p2a: Dragonite
|-damage|p2a: Dragonite|0 fnt
|faint|p2a: Dragonite
|
|-weather|Sandstorm|[upkeep]
|upkeep
|
|t:|1779717266
|switch|p2a: Zamazenta|Zamazenta|100/100
|-ability|p2a: Zamazenta|Dauntless Shield|boost
|-boost|p2a: Zamazenta|def|1
|turn|15
|
|t:|1779717288
|switch|p1a: Tsareena|Tsareena, F|100/100
|move|p2a: Zamazenta|Heavy Slam|p1a: Tsareena
|-damage|p1a: Tsareena|56/100
|
|-weather|Sandstorm|[upkeep]
|-damage|p2a: Zamazenta|94/100|[from] Sandstorm
|-damage|p1a: Tsareena|50/100|[from] Sandstorm
|-heal|p2a: Zamazenta|100/100|[from] item: Leftovers
|-heal|p1a: Tsareena|56/100|[from] item: Leftovers
|upkeep
|turn|16
|
|t:|1779717293
|move|p2a: Zamazenta|Ice Fang|p1a: Tsareena
|-supereffective|p1a: Tsareena
|-damage|p1a: Tsareena|7/100
|-status|p1a: Tsareena|frz
|cant|p1a: Tsareena|frz
|
|-weather|Sandstorm|[upkeep]
|-damage|p2a: Zamazenta|94/100|[from] Sandstorm
|-damage|p1a: Tsareena|0 fnt|[from] Sandstorm
|faint|p1a: Tsareena
|-heal|p2a: Zamazenta|100/100|[from] item: Leftovers
|upkeep
|-message|bvcnmkor85471 forfeited.
|
|win|xrea
|raw|bvcnmkor85471's rating: 1169 &rarr; <strong>1147</strong><br />(-22 for losing)
|raw|xrea's rating: 1216 &rarr; <strong>1238</strong><br />(+22 for winning)
|l|☆bvcnmkor85471
|player|p1|
|l|☆xrea
|player|p2|
