|inactive|Battle timer is ON: inactive players will automatically lose when time's up.
|t:|1779646694
|gametype|singles
|player|p1|The Hisui Region|#thehisuiregion|
|player|p2|horriii|#agwliiikyogres|
|gen|9
|tier|[Gen 9] OU
|rule|HP Percentage Mod: HP is shown in percentages
|rule|Endless Battle Clause: Forcing endless battles is banned
|rule|Species Clause: Limit one of each Pokémon
|rule|OHKO Clause: OHKO moves are banned
|rule|Evasion Items Clause: Evasion items are banned
|rule|Evasion Moves Clause: Evasion moves are banned
|rule|Evasion Abilities Clause: Evasion abilities are banned
|rule|Sleep Moves Clause: Sleep-inducing moves are banned
|clearpoke
|poke|p1|Dragonite, F|
|poke|p1|Great Tusk|
|poke|p1|Gholdengo|
|poke|p1|Alomomola, M|
|poke|p1|Samurott-Hisui, M|
|poke|p1|Moltres|
|poke|p2|Zapdos|
|poke|p2|Tinkaton, F|
|poke|p2|Great Tusk|
|poke|p2|Ogerpon, F|
|poke|p2|Alomomola, F|
|poke|p2|Kingambit, F|
|teampreview
|c|☆horriii|hf
|c|+shatoor0|go horriii
|inactive|The Hisui Region has 270 seconds left.
|inactive|horriii has 270 seconds left.
|inactive|The Hisui Region has 240 seconds left.
|inactive|The Hisui Region has 210 seconds left.
|
|t:|1779646802
|teamsize|p1|6
|teamsize|p2|6
|start
|switch|p1a: NO DICE|Moltres|100/100
|switch|p2a: ogers make layers|Ogerpon, F|100/100
|turn|1
|c|☆The Hisui Region|Good nickname ngl
|
|t:|1779646813
|move|p2a: ogers make layers|Rock Tomb|p1a: NO DICE
|-supereffective|p1a: NO DICE
|-damage|p1a: NO DICE|3/100
|-unboost|p1a: NO DICE|spe|1
|move|p1a: NO DICE|Flamethrower|p2a: ogers make layers
|-supereffective|p2a: ogers make layers
|-damage|p2a: ogers make layers|9/100
|
|upkeep
|turn|2
|inactive|The Hisui Region has 240 seconds left.
|
|t:|1779646851
|switch|p1a: INFINITE INTEGER|Great Tusk|100/100
|move|p2a: ogers make layers|Rock Tomb|p1a: INFINITE INTEGER
|-resisted|p1a: INFINITE INTEGER
|-damage|p1a: INFINITE INTEGER|95/100
|-unboost|p1a: INFINITE INTEGER|spe|1
|
|upkeep
|turn|3
|
|t:|1779646863
|switch|p2a: tinka bell|Tinkaton, F|100/100
|-ability|p2a: tinka bell|Mold Breaker
|-item|p2a: tinka bell|Air Balloon
|move|p1a: INFINITE INTEGER|Ice Spinner|p2a: tinka bell
|-resisted|p2a: tinka bell
|-damage|p2a: tinka bell|86/100
|-enditem|p2a: tinka bell|Air Balloon
|
|upkeep
|turn|4
|inactive|The Hisui Region has 240 seconds left.
|
|t:|1779646897
|-end|p1a: INFINITE INTEGER|Protosynthesis|[silent]
|switch|p1a: MIND STONE|Alomomola, M, shiny|100/100
|move|p2a: tinka bell|Encore||[still]
|-fail|p2a: tinka bell
|
|upkeep
|turn|5
|
|t:|1779646903
|move|p2a: tinka bell|Stealth Rock|p1a: MIND STONE
|-sidestart|p1: The Hisui Region|move: Stealth Rock
|move|p1a: MIND STONE|Flip Turn|p2a: tinka bell
|-damage|p2a: tinka bell|65/100
|
|t:|1779646904
|switch|p1a: INFINITE INTEGER|Great Tusk|95/100|[from] Flip Turn
|
|upkeep
|turn|6
|
|t:|1779646928
|switch|p2a: capacifier|Zapdos|100/100
|move|p1a: INFINITE INTEGER|Stealth Rock|p2a: capacifier
|-sidestart|p2: horriii|move: Stealth Rock
|
|upkeep
|turn|7
|
|t:|1779646942
|-end|p1a: INFINITE INTEGER|Protosynthesis|[silent]
|switch|p1a: MIND STONE|Alomomola, M, shiny|100/100
|-damage|p1a: MIND STONE|88/100|[from] Stealth Rock
|move|p2a: capacifier|Hurricane|p1a: MIND STONE|[miss]
|-miss|p2a: capacifier|p1a: MIND STONE
|
|upkeep
|turn|8
|
|t:|1779646956
|move|p2a: capacifier|U-turn|p1a: MIND STONE
|-damage|p1a: MIND STONE|79/100
|
|t:|1779646959
|switch|p2a: tinka bell|Tinkaton, F|65/100|[from] U-turn
|-damage|p2a: tinka bell|59/100|[from] Stealth Rock
|-ability|p2a: tinka bell|Mold Breaker
|move|p1a: MIND STONE|Flip Turn|p2a: tinka bell
|-damage|p2a: tinka bell|41/100
|
|t:|1779646974
|switch|p1a: INFINITE INTEGER|Great Tusk|95/100|[from] Flip Turn
|
|upkeep
|turn|9
|inactive|The Hisui Region has 210 seconds left.
|
|t:|1779646990
|switch|p2a: capacifier|Zapdos|100/100
|move|p1a: INFINITE INTEGER|Rapid Spin|p2a: capacifier
|-damage|p2a: capacifier|88/100
|-boost|p1a: INFINITE INTEGER|spe|1
|-sideend|p1: The Hisui Region|Stealth Rock|[from] move: Rapid Spin|[of] p1a: INFINITE INTEGER
|
|upkeep
|turn|10
|inactive|The Hisui Region has 210 seconds left.
|
|t:|1779647004
|-end|p1a: INFINITE INTEGER|Protosynthesis|[silent]
|switch|p1a: ORIGAMI GUN|Gholdengo|100/100
|move|p2a: capacifier|Hurricane|p1a: ORIGAMI GUN|[miss]
|-miss|p2a: capacifier|p1a: ORIGAMI GUN
|
|upkeep
|turn|11
|inactive|The Hisui Region has 210 seconds left.
|
|t:|1779647015
|switch|p2a: pulling molas|Alomomola, F|100/100
|-damage|p2a: pulling molas|88/100|[from] Stealth Rock
|switch|p1a: MIND STONE|Alomomola, M, shiny|100/100
|
|upkeep
|turn|12
|
|t:|1779647021
|move|p1a: MIND STONE|Flip Turn|p2a: pulling molas
|-resisted|p2a: pulling molas
|-damage|p2a: pulling molas|83/100
|c|☆The Hisui Region|fuckk
|
|t:|1779647030
|switch|p1a: ALL DAY ALL NIGHT|Samurott-Hisui, M|100/100|[from] Flip Turn
|move|p2a: pulling molas|Body Slam|p1a: ALL DAY ALL NIGHT
|-damage|p1a: ALL DAY ALL NIGHT|80/100
|
|upkeep
|turn|13
|
|t:|1779647038
|move|p1a: ALL DAY ALL NIGHT|Ceaseless Edge|p2a: pulling molas
|-damage|p2a: pulling molas|53/100
|-sidestart|p2: horriii|Spikes
|move|p2a: pulling molas|Body Slam|p1a: ALL DAY ALL NIGHT
|-damage|p1a: ALL DAY ALL NIGHT|60/100
|-status|p1a: ALL DAY ALL NIGHT|par
|
|upkeep
|turn|14
|
|t:|1779647047
|switch|p1a: ORIGAMI GUN|Gholdengo|100/100
|move|p2a: pulling molas|Flip Turn|p1a: ORIGAMI GUN
|-damage|p1a: ORIGAMI GUN|88/100
|inactive|horriii has 270 seconds left.
|
|t:|1779647086
|switch|p2a: capacifier|Zapdos|88/100|[from] Flip Turn
|
|upkeep
|turn|15
|inactive|The Hisui Region has 240 seconds left.
|
|t:|1779647092
|switch|p1a: MIND STONE|Alomomola, M, shiny|100/100
|move|p2a: capacifier|Discharge|p1a: MIND STONE
|-supereffective|p1a: MIND STONE
|-damage|p1a: MIND STONE|66/100
|-status|p1a: MIND STONE|par
|
|upkeep
|turn|16
|
|t:|1779647101
|move|p2a: capacifier|Discharge|p1a: MIND STONE
|-supereffective|p1a: MIND STONE
|-damage|p1a: MIND STONE|29/100 par
|move|p1a: MIND STONE|Flip Turn|p2a: capacifier
|-damage|p2a: capacifier|76/100
|inactive|The Hisui Region has 240 seconds left.
|
|t:|1779647117
|switch|p1a: KTULU ISLAND|Dragonite, F, shiny|100/100|[from] Flip Turn
|
|upkeep
|turn|17
|
|t:|1779647131
|-terastallize|p1a: KTULU ISLAND|Electric
|move|p1a: KTULU ISLAND|Dragon Dance|p1a: KTULU ISLAND
|-boost|p1a: KTULU ISLAND|atk|1
|-boost|p1a: KTULU ISLAND|spe|1
|move|p2a: capacifier|U-turn|p1a: KTULU ISLAND
|-damage|p1a: KTULU ISLAND|93/100
|
|t:|1779647136
|switch|p2a: brotosynthesis|Great Tusk|100/100|[from] U-turn
|-damage|p2a: brotosynthesis|97/100|[from] Stealth Rock
|-damage|p2a: brotosynthesis|85/100|[from] Spikes
|
|upkeep
|turn|18
|
|t:|1779647146
|move|p1a: KTULU ISLAND|Roost|p1a: KTULU ISLAND
|-heal|p1a: KTULU ISLAND|100/100
|move|p2a: brotosynthesis|Rapid Spin|p1a: KTULU ISLAND
|-damage|p1a: KTULU ISLAND|92/100
|-boost|p2a: brotosynthesis|spe|1
|-sideend|p2: horriii|Spikes|[from] move: Rapid Spin|[of] p2a: brotosynthesis
|-sideend|p2: horriii|Stealth Rock|[from] move: Rapid Spin|[of] p2a: brotosynthesis
|
|upkeep
|turn|19
|inactive|The Hisui Region has 270 seconds left.
|
|t:|1779647161
|switch|p1a: NO DICE|Moltres|3/100
|move|p2a: brotosynthesis|Headlong Rush|p1a: NO DICE
|-immune|p1a: NO DICE
|
|upkeep
|turn|20
|inactive|The Hisui Region has 270 seconds left.
|
|t:|1779647173
|switch|p1a: MIND STONE|Alomomola, M, shiny|62/100 par
|move|p2a: brotosynthesis|Rapid Spin|p1a: MIND STONE
|-damage|p1a: MIND STONE|51/100 par
|-boost|p2a: brotosynthesis|spe|1
|
|upkeep
|turn|21
|inactive|horriii has 270 seconds left.
|
|t:|1779647230
|move|p2a: brotosynthesis|Headlong Rush|p1a: MIND STONE
|-damage|p1a: MIND STONE|9/100 par
|-unboost|p2a: brotosynthesis|def|1
|-unboost|p2a: brotosynthesis|spd|1
|cant|p1a: MIND STONE|par
|
|upkeep
|turn|22
|inactive|The Hisui Region has 270 seconds left.
|
|t:|1779647253
|switch|p1a: ORIGAMI GUN|Gholdengo|88/100
|move|p2a: brotosynthesis|Rapid Spin|p1a: ORIGAMI GUN
|-immune|p1a: ORIGAMI GUN
|
|upkeep
|turn|23
|
|t:|1779647261
|switch|p1a: NO DICE|Moltres|3/100
|move|p2a: brotosynthesis|Temper Flare|p1a: NO DICE
|-resisted|p1a: NO DICE
|-damage|p1a: NO DICE|0 fnt
|-status|p2a: brotosynthesis|brn|[from] ability: Flame Body|[of] p1a: NO DICE
|faint|p1a: NO DICE
|
|-damage|p2a: brotosynthesis|79/100 brn|[from] brn
|upkeep
|
|t:|1779647268
|switch|p1a: INFINITE INTEGER|Great Tusk|95/100
|turn|24
|
|t:|1779647279
|move|p2a: brotosynthesis|Ice Spinner|p1a: INFINITE INTEGER
|-supereffective|p1a: INFINITE INTEGER
|-damage|p1a: INFINITE INTEGER|77/100
|move|p1a: INFINITE INTEGER|Ice Spinner|p2a: brotosynthesis
|-supereffective|p2a: brotosynthesis
|-damage|p2a: brotosynthesis|24/100 brn
|
|-damage|p2a: brotosynthesis|17/100 brn|[from] brn
|upkeep
|turn|25
|
|t:|1779647290
|-end|p2a: brotosynthesis|Protosynthesis|[silent]
|switch|p2a: tinka bell|Tinkaton, F|41/100
|-ability|p2a: tinka bell|Mold Breaker
|move|p1a: INFINITE INTEGER|Stealth Rock|p2a: tinka bell
|-sidestart|p2: horriii|move: Stealth Rock
|
|upkeep
|turn|26
|
|t:|1779647298
|-end|p1a: INFINITE INTEGER|Protosynthesis|[silent]
|switch|p1a: KTULU ISLAND|Dragonite, F, shiny, tera:Electric|92/100
|move|p2a: tinka bell|Stealth Rock|p1a: KTULU ISLAND
|-sidestart|p1: The Hisui Region|move: Stealth Rock
|
|upkeep
|turn|27
|inactive|horriii has 270 seconds left.
|c|+didss|tera elec
|c|+didss|wow
|c|☆The Hisui Region|didi
|
|t:|1779647312
|move|p2a: tinka bell|Gigaton Hammer|p1a: KTULU ISLAND
|-resisted|p1a: KTULU ISLAND
|-damage|p1a: KTULU ISLAND|68/100
|move|p1a: KTULU ISLAND|Dragon Dance|p1a: KTULU ISLAND
|-boost|p1a: KTULU ISLAND|atk|1
|-boost|p1a: KTULU ISLAND|spe|1
|
|upkeep
|turn|28
|
|t:|1779647320
|move|p1a: KTULU ISLAND|Thunder Punch|p2a: tinka bell
|-crit|p2a: tinka bell
|-damage|p2a: tinka bell|0 fnt
|faint|p2a: tinka bell
|
|upkeep
|c|☆The Hisui Region|this shit 6-0as him thoguh
|inactive|horriii has 270 seconds left.
|c|☆The Hisui Region|hii birkenstock
|c|☆The Hisui Region|i remember last time you were in my game i won
|
|t:|1779647348
|switch|p2a: mate in six|Kingambit, F|100/100
|-damage|p2a: mate in six|94/100|[from] Stealth Rock
|-activate|p2a: mate in six|ability: Supreme Overlord
|-start|p2a: mate in six|fallen1|[silent]
|turn|29
|
|t:|1779647360
|move|p1a: KTULU ISLAND|Roost|p1a: KTULU ISLAND
|-heal|p1a: KTULU ISLAND|100/100
|move|p2a: mate in six|Kowtow Cleave|p1a: KTULU ISLAND
|-damage|p1a: KTULU ISLAND|71/100
|
|-heal|p2a: mate in six|100/100|[from] item: Leftovers
|upkeep
|turn|30
|
|t:|1779647365
|switch|p1a: INFINITE INTEGER|Great Tusk|77/100
|move|p2a: mate in six|Kowtow Cleave|p1a: INFINITE INTEGER
|-resisted|p1a: INFINITE INTEGER
|-damage|p1a: INFINITE INTEGER|58/100
|
|upkeep
|turn|31
|inactive|horriii has 270 seconds left.
|inactive|The Hisui Region has 270 seconds left.
|inactive|horriii has 240 seconds left.
|inactive|horriii has 210 seconds left.
|c|+didss|you're getting packed budy
|c|☆The Hisui Region|nah
|
|t:|1779647440
|-end|p2a: mate in six|fallen1|[silent]
|switch|p2a: capacifier|Zapdos|76/100
|move|p1a: INFINITE INTEGER|Headlong Rush|p2a: capacifier
|-immune|p2a: capacifier
|
|upkeep
|turn|32
|inactive|horriii has 210 seconds left.
|c|+didss|yea
|
|t:|1779647446
|move|p1a: INFINITE INTEGER|Ice Spinner|p2a: capacifier
|-supereffective|p2a: capacifier
|-damage|p2a: capacifier|33/100
|move|p2a: capacifier|U-turn|p1a: INFINITE INTEGER
|-resisted|p1a: INFINITE INTEGER
|-damage|p1a: INFINITE INTEGER|53/100
|c|☆The Hisui Region|see'
|c|+didss|oh na
|inactive|horriii has 210 seconds left.
|
|t:|1779647453
|switch|p2a: brotosynthesis|Great Tusk|17/100 brn|[from] U-turn
|-damage|p2a: brotosynthesis|14/100 brn|[from] Stealth Rock
|
|-damage|p2a: brotosynthesis|8/100 brn|[from] brn
|upkeep
|turn|33
|
|t:|1779647465
|move|p1a: INFINITE INTEGER|Rapid Spin|p2a: brotosynthesis
|-damage|p2a: brotosynthesis|0 fnt
|-boost|p1a: INFINITE INTEGER|spe|1
|-sideend|p1: The Hisui Region|Stealth Rock|[from] move: Rapid Spin|[of] p1a: INFINITE INTEGER
|faint|p2a: brotosynthesis
|-end|p2a: brotosynthesis|Protosynthesis|[silent]
|
|upkeep
|c|+didss|where did you get your ca from
|c|☆The Hisui Region|it's mine
|inactive|horriii has 210 seconds left.
|c|+didss|like badges?
|
|t:|1779647478
|switch|p2a: pulling molas|Alomomola, F|87/100
|-damage|p2a: pulling molas|74/100|[from] Stealth Rock
|turn|34
|c|☆The Hisui Region|i mean radu made it
|c|☆The Hisui Region|no
|c|☆The Hisui Region|oh
|c|☆The Hisui Region|from lunar new year event
|c|+didss|on
|c|+didss|oh
|c|☆The Hisui Region|i won that shit cuz im awesome
|c|+didss|ok budy
|
|t:|1779647502
|-end|p1a: INFINITE INTEGER|Protosynthesis|[silent]
|switch|p1a: ALL DAY ALL NIGHT|Samurott-Hisui, M|60/100 par
|move|p2a: pulling molas|Flip Turn|p1a: ALL DAY ALL NIGHT
|-resisted|p1a: ALL DAY ALL NIGHT
|-damage|p1a: ALL DAY ALL NIGHT|50/100 par
|c|☆The Hisui Region|capacififier
|
|t:|1779647514
|switch|p2a: mate in six|Kingambit, F|100/100|[from] Flip Turn
|-damage|p2a: mate in six|94/100|[from] Stealth Rock
|-activate|p2a: mate in six|ability: Supreme Overlord
|-start|p2a: mate in six|fallen2|[silent]
|
|-heal|p2a: mate in six|100/100|[from] item: Leftovers
|upkeep
|turn|35
|c|+didss|why do you remember my old name
|
|t:|1779647522
|cant|p1a: ALL DAY ALL NIGHT|par
|move|p2a: mate in six|Swords Dance|p2a: mate in six
|-boost|p2a: mate in six|atk|2
|
|upkeep
|turn|36
|c|+didss|lol you bad
|c|☆The Hisui Region|bro
|c|☆The Hisui Region|dude
|inactive|horriii has 210 seconds left.
|
|t:|1779647543
|move|p1a: ALL DAY ALL NIGHT|Sucker Punch|p2a: mate in six
|-resisted|p2a: mate in six
|-damage|p2a: mate in six|87/100
|move|p2a: mate in six|Sucker Punch||[still]
|-fail|p2a: mate in six
|
|-heal|p2a: mate in six|93/100|[from] item: Leftovers
|upkeep
|turn|37
|c|+didss|.,
|c|+didss|why is budy faster
|
|t:|1779647552
|switch|p1a: MIND STONE|Alomomola, M, shiny|42/100 par
|move|p2a: mate in six|Kowtow Cleave|p1a: MIND STONE
|-damage|p1a: MIND STONE|0 fnt
|faint|p1a: MIND STONE
|
|-heal|p2a: mate in six|99/100|[from] item: Leftovers
|upkeep
|c|☆The Hisui Region|im csarf
|c|☆The Hisui Region|bro
|c|☆The Hisui Region|i clicked that sacre dsword
|
|t:|1779647562
|switch|p1a: INFINITE INTEGER|Great Tusk|53/100
|turn|38
|c|+didss|insane
|
|t:|1779647567
|-terastallize|p2a: mate in six|Ghost
|move|p1a: INFINITE INTEGER|Headlong Rush|p2a: mate in six
|-crit|p2a: mate in six
|-damage|p2a: mate in six|30/100
|-unboost|p1a: INFINITE INTEGER|def|1
|-unboost|p1a: INFINITE INTEGER|spd|1
|move|p2a: mate in six|Iron Head|p1a: INFINITE INTEGER
|-damage|p1a: INFINITE INTEGER|0 fnt
|faint|p1a: INFINITE INTEGER
|-end|p1a: INFINITE INTEGER|Protosynthesis|[silent]
|
|-heal|p2a: mate in six|36/100|[from] item: Leftovers
|upkeep
|
|t:|1779647571
|switch|p1a: ALL DAY ALL NIGHT|Samurott-Hisui, M|50/100 par
|turn|39
|
|t:|1779647575
|move|p2a: mate in six|Sucker Punch|p1a: ALL DAY ALL NIGHT
|-resisted|p1a: ALL DAY ALL NIGHT
|-damage|p1a: ALL DAY ALL NIGHT|0 fnt
|faint|p1a: ALL DAY ALL NIGHT
|
|-heal|p2a: mate in six|42/100|[from] item: Leftovers
|upkeep
|c|+didss|lol u suck
|c|☆The Hisui Region|fuckk hes better
|
|t:|1779647581
|switch|p1a: ORIGAMI GUN|Gholdengo|88/100
|turn|40
|
|t:|1779647592
|move|p2a: mate in six|Sucker Punch||[still]
|-fail|p2a: mate in six
|move|p1a: ORIGAMI GUN|Nasty Plot|p1a: ORIGAMI GUN
|-boost|p1a: ORIGAMI GUN|spa|2
|
|-heal|p2a: mate in six|48/100|[from] item: Leftovers
|upkeep
|turn|41
|
|t:|1779647597
|move|p2a: mate in six|Sucker Punch||[still]
|-fail|p2a: mate in six
|move|p1a: ORIGAMI GUN|Nasty Plot|p1a: ORIGAMI GUN
|-boost|p1a: ORIGAMI GUN|spa|2
|
|-heal|p2a: mate in six|54/100|[from] item: Leftovers
|upkeep
|turn|42
|c|+didss|chance
|
|t:|1779647600
|move|p2a: mate in six|Sucker Punch||[still]
|-fail|p2a: mate in six
|move|p1a: ORIGAMI GUN|Nasty Plot|p1a: ORIGAMI GUN
|-boost|p1a: ORIGAMI GUN|spa|2
|
|-heal|p2a: mate in six|60/100|[from] item: Leftovers
|upkeep
|turn|43
|
|t:|1779647602
|move|p2a: mate in six|Sucker Punch||[still]
|-fail|p2a: mate in six
|move|p1a: ORIGAMI GUN|Nasty Plot|p1a: ORIGAMI GUN
|-boost|p1a: ORIGAMI GUN|spa|0
|
|-heal|p2a: mate in six|66/100|[from] item: Leftovers
|upkeep
|turn|44
|
|t:|1779647606
|move|p2a: mate in six|Sucker Punch||[still]
|-fail|p2a: mate in six
|move|p1a: ORIGAMI GUN|Nasty Plot|p1a: ORIGAMI GUN
|-boost|p1a: ORIGAMI GUN|spa|0
|
|-heal|p2a: mate in six|72/100|[from] item: Leftovers
|upkeep
|turn|45
|
|t:|1779647610
|move|p1a: ORIGAMI GUN|Nasty Plot|p1a: ORIGAMI GUN
|-boost|p1a: ORIGAMI GUN|spa|0
|move|p2a: mate in six|Kowtow Cleave|p1a: ORIGAMI GUN
|-supereffective|p1a: ORIGAMI GUN
|-damage|p1a: ORIGAMI GUN|0 fnt
|faint|p1a: ORIGAMI GUN
|
|-heal|p2a: mate in six|78/100|[from] item: Leftovers
|upkeep
|
|t:|1779647611
|switch|p1a: KTULU ISLAND|Dragonite, F, shiny, tera:Electric|71/100
|turn|46
|c|☆The Hisui Region|fuck
|c|+didss|youre ass
|c|☆The Hisui Region|naw
|
|t:|1779647620
|move|p1a: KTULU ISLAND|Thunder Punch|p2a: mate in six
|-damage|p2a: mate in six|42/100
|move|p2a: mate in six|Kowtow Cleave|p1a: KTULU ISLAND
|-crit|p1a: KTULU ISLAND
|-damage|p1a: KTULU ISLAND|0 fnt
|faint|p1a: KTULU ISLAND
|
|win|horriii
|c|☆The Hisui Region|gg
|c|☆horriii|gg
