|j|‽aaagislash
|j|☆Xiguana
|t:|1779613979
|gametype|singles
|player|p1|aaagislash|102|1374
|player|p2|Xiguana|102|1410
|gen|9
|tier|[Gen 9] OU
|rated|
|rule|HP Percentage Mod: HP is shown in percentages
|rule|Endless Battle Clause: Forcing endless battles is banned
|rule|Species Clause: Limit one of each Pokémon
|rule|OHKO Clause: OHKO moves are banned
|rule|Evasion Items Clause: Evasion items are banned
|rule|Evasion Moves Clause: Evasion moves are banned
|rule|Evasion Abilities Clause: Evasion abilities are banned
|rule|Sleep Moves Clause: Sleep-inducing moves are banned
|clearpoke
|poke|p1|Venomoth, F|
|poke|p1|Ribombee, M|
|poke|p1|Pelipper, F|
|poke|p1|Vivillon, F|
|poke|p1|Talonflame, F|
|poke|p1|Espeon, F|
|poke|p2|Zamazenta-*|
|poke|p2|Dragapult, F|
|poke|p2|Pecharunt|
|poke|p2|Ogerpon-Wellspring, F|
|poke|p2|Iron Treads|
|poke|p2|Kingambit, M|
|teampreview
|inactive|Battle timer is ON: inactive players will automatically lose when time's up. (requested by Xiguana)
|
|t:|1779614005
|teamsize|p1|6
|teamsize|p2|6
|start
|switch|p1a: Venomoth|Venomoth, F|100/100
|switch|p2a: Pecharunt|Pecharunt|100/100
|turn|1
|
|t:|1779614032
|move|p2a: Pecharunt|Malignant Chain|p1a: Venomoth
|-resisted|p1a: Venomoth
|-damage|p1a: Venomoth|77/100
|move|p1a: Venomoth|Quiver Dance|p1a: Venomoth
|-boost|p1a: Venomoth|spa|1
|-boost|p1a: Venomoth|spd|1
|-boost|p1a: Venomoth|spe|1
|
|upkeep
|turn|2
|
|t:|1779614038
|move|p1a: Venomoth|Quiver Dance|p1a: Venomoth
|-boost|p1a: Venomoth|spa|1
|-boost|p1a: Venomoth|spd|1
|-boost|p1a: Venomoth|spe|1
|move|p2a: Pecharunt|Malignant Chain|p1a: Venomoth
|-resisted|p1a: Venomoth
|-damage|p1a: Venomoth|66/100
|
|upkeep
|turn|3
|
|t:|1779614040
|move|p1a: Venomoth|Quiver Dance|p1a: Venomoth
|-boost|p1a: Venomoth|spa|1
|-boost|p1a: Venomoth|spd|1
|-boost|p1a: Venomoth|spe|1
|move|p2a: Pecharunt|Malignant Chain|p1a: Venomoth
|-resisted|p1a: Venomoth
|-damage|p1a: Venomoth|56/100
|
|upkeep
|turn|4
|
|t:|1779614043
|move|p1a: Venomoth|Giga Drain|p2a: Pecharunt
|-resisted|p2a: Pecharunt
|-damage|p2a: Pecharunt|43/100
|-heal|p1a: Venomoth|92/100|[from] drain|[of] p2a: Pecharunt
|move|p2a: Pecharunt|Malignant Chain|p1a: Venomoth
|-resisted|p1a: Venomoth
|-crit|p1a: Venomoth
|-damage|p1a: Venomoth|58/100
|
|-heal|p2a: Pecharunt|49/100|[from] item: Leftovers
|upkeep
|turn|5
|
|t:|1779614045
|move|p1a: Venomoth|Giga Drain|p2a: Pecharunt
|-resisted|p2a: Pecharunt
|-damage|p2a: Pecharunt|0 fnt
|-heal|p1a: Venomoth|88/100|[from] drain|[of] p2a: Pecharunt
|faint|p2a: Pecharunt
|
|upkeep
|
|t:|1779614054
|switch|p2a: Zamazenta|Zamazenta|100/100
|-ability|p2a: Zamazenta|Dauntless Shield|boost
|-boost|p2a: Zamazenta|def|1
|turn|6
|
|t:|1779614058
|-terastallize|p1a: Venomoth|Grass
|move|p1a: Venomoth|Giga Drain|p2a: Zamazenta
|-damage|p2a: Zamazenta|13/100
|-heal|p1a: Venomoth|100/100|[from] drain|[of] p2a: Zamazenta
|move|p2a: Zamazenta|Roar|p1a: Venomoth
|drag|p1a: Pelipper|Pelipper, F|100/100
|-weather|RainDance|[from] ability: Drizzle|[of] p1a: Pelipper
|
|-weather|RainDance|[upkeep]
|upkeep
|turn|7
|
|t:|1779614065
|move|p2a: Zamazenta|Light Screen|p2a: Zamazenta
|-sidestart|p2: Xiguana|move: Light Screen
|move|p1a: Pelipper|U-turn|p2a: Zamazenta
|-resisted|p2a: Zamazenta
|-crit|p2a: Zamazenta
|-damage|p2a: Zamazenta|8/100
|
|t:|1779614078
|switch|p1a: Talonflame|Talonflame, F|100/100|[from] U-turn
|
|-weather|RainDance|[upkeep]
|upkeep
|turn|8
|
|t:|1779614094
|move|p1a: Talonflame|Hurricane|p2a: Zamazenta
|-supereffective|p2a: Zamazenta
|-damage|p2a: Zamazenta|0 fnt
|faint|p2a: Zamazenta
|
|-weather|RainDance|[upkeep]
|upkeep
|
|t:|1779614096
|switch|p2a: Dragapult|Dragapult, F|100/100
|turn|9
|
|t:|1779614100
|move|p1a: Talonflame|Hurricane|p2a: Dragapult
|-damage|p2a: Dragapult|60/100
|move|p2a: Dragapult|Substitute|p2a: Dragapult
|-start|p2a: Dragapult|Substitute
|-damage|p2a: Dragapult|35/100
|
|-weather|RainDance|[upkeep]
|-heal|p2a: Dragapult|41/100|[from] item: Leftovers
|upkeep
|turn|10
|
|t:|1779614104
|move|p1a: Talonflame|Hurricane|p2a: Dragapult
|-end|p2a: Dragapult|Substitute
|move|p2a: Dragapult|Dragon Dance|p2a: Dragapult
|-boost|p2a: Dragapult|atk|1
|-boost|p2a: Dragapult|spe|1
|
|-weather|RainDance|[upkeep]
|-heal|p2a: Dragapult|47/100|[from] item: Leftovers
|upkeep
|turn|11
|
|t:|1779614126
|switch|p1a: Ribombee|Ribombee, M|100/100
|-terastallize|p2a: Dragapult|Dragon
|move|p2a: Dragapult|Dragon Darts|p1a: Ribombee
|-immune|p1a: Ribombee
|
|-weather|RainDance|[upkeep]
|-heal|p2a: Dragapult|53/100|[from] item: Leftovers
|upkeep
|turn|12
|inactive|Xiguana has 120 seconds left.
|
|t:|1779614151
|move|p2a: Dragapult|Phantom Force||[still]
|-prepare|p2a: Dragapult|Phantom Force
|move|p1a: Ribombee|Sticky Web|p2a: Dragapult
|-sidestart|p2: Xiguana|move: Sticky Web
|
|-weather|RainDance|[upkeep]
|-heal|p2a: Dragapult|59/100|[from] item: Leftovers
|upkeep
|turn|13
|
|t:|1779614163
|switch|p1a: Pelipper|Pelipper, F|100/100
|move|p2a: Dragapult|Phantom Force|p1a: Pelipper|[from] lockedmove
|-damage|p1a: Pelipper|38/100
|
|-weather|none
|-heal|p2a: Dragapult|65/100|[from] item: Leftovers
|upkeep
|turn|14
|inactive|Xiguana has 120 seconds left.
|
|t:|1779614184
|switch|p1a: Ribombee|Ribombee, M|100/100
|move|p2a: Dragapult|Dragon Darts|p1a: Ribombee
|-immune|p1a: Ribombee
|
|-heal|p2a: Dragapult|71/100|[from] item: Leftovers
|-sideend|p2: Xiguana|move: Light Screen
|upkeep
|turn|15
|
|t:|1779614191
|switch|p1a: Vivillon|Vivillon, F|100/100
|move|p2a: Dragapult|Phantom Force||[still]
|-prepare|p2a: Dragapult|Phantom Force
|
|-heal|p2a: Dragapult|77/100|[from] item: Leftovers
|upkeep
|turn|16
|
|t:|1779614196
|move|p2a: Dragapult|Phantom Force|p1a: Vivillon|[from] lockedmove
|-enditem|p1a: Vivillon|Focus Sash
|-damage|p1a: Vivillon|1/100
|move|p1a: Vivillon|Stun Spore|p2a: Dragapult
|-status|p2a: Dragapult|par
|
|-heal|p2a: Dragapult|83/100 par|[from] item: Leftovers
|upkeep
|turn|17
|
|t:|1779614204
|move|p1a: Vivillon|Hurricane|p2a: Dragapult
|-damage|p2a: Dragapult|23/100 par
|move|p2a: Dragapult|Dragon Dance|p2a: Dragapult
|-boost|p2a: Dragapult|atk|1
|-boost|p2a: Dragapult|spe|1
|
|-heal|p2a: Dragapult|29/100 par|[from] item: Leftovers
|upkeep
|turn|18
|
|t:|1779614213
|switch|p1a: Pelipper|Pelipper, F|38/100
|-weather|RainDance|[from] ability: Drizzle|[of] p1a: Pelipper
|move|p2a: Dragapult|Phantom Force||[still]
|-prepare|p2a: Dragapult|Phantom Force
|
|-weather|RainDance|[upkeep]
|-heal|p2a: Dragapult|35/100 par|[from] item: Leftovers
|upkeep
|turn|19
|
|t:|1779614218
|switch|p1a: Vivillon|Vivillon, F|1/100
|cant|p2a: Dragapult|par
|
|-weather|RainDance|[upkeep]
|-heal|p2a: Dragapult|41/100 par|[from] item: Leftovers
|upkeep
|turn|20
|
|t:|1779614224
|move|p2a: Dragapult|Phantom Force||[still]
|-prepare|p2a: Dragapult|Phantom Force
|move|p1a: Vivillon|Quiver Dance|p1a: Vivillon
|-boost|p1a: Vivillon|spa|1
|-boost|p1a: Vivillon|spd|1
|-boost|p1a: Vivillon|spe|1
|
|-weather|RainDance|[upkeep]
|-heal|p2a: Dragapult|47/100 par|[from] item: Leftovers
|upkeep
|turn|21
|
|t:|1779614227
|move|p1a: Vivillon|Quiver Dance|p1a: Vivillon
|-boost|p1a: Vivillon|spa|1
|-boost|p1a: Vivillon|spd|1
|-boost|p1a: Vivillon|spe|1
|move|p2a: Dragapult|Phantom Force|p1a: Vivillon|[from] lockedmove
|-damage|p1a: Vivillon|0 fnt
|faint|p1a: Vivillon
|
|-weather|RainDance|[upkeep]
|-heal|p2a: Dragapult|53/100 par|[from] item: Leftovers
|upkeep
|
|t:|1779614231
|switch|p1a: Talonflame|Talonflame, F|100/100
|turn|22
|
|t:|1779614240
|move|p1a: Talonflame|Hurricane|p2a: Dragapult
|-damage|p2a: Dragapult|0 fnt
|faint|p2a: Dragapult
|
|-weather|RainDance|[upkeep]
|upkeep
|
|t:|1779614254
|switch|p2a: Ogerpon|Ogerpon-Wellspring, F|100/100
|-activate|p2a: Ogerpon|move: Sticky Web
|-unboost|p2a: Ogerpon|spe|1
|turn|23
|
|t:|1779614277
|move|p1a: Talonflame|Hurricane|p2a: Ogerpon
|-supereffective|p2a: Ogerpon
|-damage|p2a: Ogerpon|0 fnt
|faint|p2a: Ogerpon
|
|-weather|RainDance|[upkeep]
|upkeep
|
|t:|1779614282
|switch|p2a: Iron Treads|Iron Treads|100/100
|-activate|p2a: Iron Treads|move: Sticky Web
|-unboost|p2a: Iron Treads|spe|1
|-enditem|p2a: Iron Treads|Booster Energy
|-activate|p2a: Iron Treads|ability: Quark Drive|[fromitem]
|-start|p2a: Iron Treads|quarkdriveatk
|turn|24
|
|t:|1779614286
|move|p1a: Talonflame|Hurricane|p2a: Iron Treads
|-resisted|p2a: Iron Treads
|-damage|p2a: Iron Treads|56/100
|move|p2a: Iron Treads|Rapid Spin|p1a: Talonflame
|-damage|p1a: Talonflame|70/100
|-boost|p2a: Iron Treads|spe|1
|-sideend|p2: Xiguana|Sticky Web|[from] move: Rapid Spin|[of] p2a: Iron Treads
|
|-weather|RainDance|[upkeep]
|upkeep
|turn|25
|
|t:|1779614299
|move|p1a: Talonflame|Hurricane|p2a: Iron Treads
|-resisted|p2a: Iron Treads
|-damage|p2a: Iron Treads|9/100
|-start|p2a: Iron Treads|confusion
|-activate|p2a: Iron Treads|confusion
|move|p2a: Iron Treads|Knock Off|p1a: Talonflame
|-damage|p1a: Talonflame|6/100
|-enditem|p1a: Talonflame|Choice Specs|[from] move: Knock Off|[of] p2a: Iron Treads
|
|-weather|none
|upkeep
|turn|26
|
|t:|1779614309
|switch|p1a: Venomoth|Venomoth, F, tera:Grass|100/100
|-activate|p2a: Iron Treads|confusion
|move|p2a: Iron Treads|Stealth Rock|p1a: Venomoth
|-sidestart|p1: aaagislash|move: Stealth Rock
|
|upkeep
|turn|27
|
|t:|1779614320
|-end|p2a: Iron Treads|Quark Drive|[silent]
|switch|p2a: Kingambit|Kingambit, M|100/100
|-activate|p2a: Kingambit|ability: Supreme Overlord
|-start|p2a: Kingambit|fallen4|[silent]
|move|p1a: Venomoth|Giga Drain|p2a: Kingambit
|-resisted|p2a: Kingambit
|-damage|p2a: Kingambit|60/100
|
|-heal|p2a: Kingambit|66/100|[from] item: Leftovers
|upkeep
|turn|28
|
|t:|1779614330
|move|p1a: Venomoth|Giga Drain|p2a: Kingambit
|-resisted|p2a: Kingambit
|-damage|p2a: Kingambit|24/100
|move|p2a: Kingambit|Iron Head|p1a: Venomoth
|-damage|p1a: Venomoth|0 fnt
|faint|p1a: Venomoth
|
|-heal|p2a: Kingambit|30/100|[from] item: Leftovers
|upkeep
|
|t:|1779614333
|switch|p1a: Ribombee|Ribombee, M|100/100
|-damage|p1a: Ribombee|76/100|[from] Stealth Rock
|turn|29
|
|t:|1779614340
|move|p1a: Ribombee|Moonblast|p2a: Kingambit
|-damage|p2a: Kingambit|0 fnt
|faint|p2a: Kingambit
|-end|p2a: Kingambit|fallen4|[silent]
|
|-heal|p1a: Ribombee|82/100|[from] item: Leftovers
|upkeep
|
|t:|1779614342
|switch|p2a: Iron Treads|Iron Treads|9/100
|turn|30
|
|t:|1779614345
|move|p1a: Ribombee|Moonblast|p2a: Iron Treads
|-resisted|p2a: Iron Treads
|-damage|p2a: Iron Treads|0 fnt
|faint|p2a: Iron Treads
|-end|p2a: Iron Treads|Quark Drive|[silent]
|
|win|aaagislash
|raw|aaagislash's rating: 1374 &rarr; <strong>1396</strong><br />(+22 for winning)
|raw|Xiguana's rating: 1410 &rarr; <strong>1388</strong><br />(-22 for losing)
|l|‽aaagislash
|player|p1|
|l|☆Xiguana
|player|p2|
