|j|☆CantFindExplain
|j|☆alpalmaster
|t:|1779684356
|gametype|singles
|player|p1|CantFindExplain|102|1411
|player|p2|alpalmaster|roughneck-gen4|1424
|gen|9
|tier|[Gen 9] OU
|rated|
|rule|HP Percentage Mod: HP is shown in percentages
|rule|Endless Battle Clause: Forcing endless battles is banned
|rule|Species Clause: Limit one of each Pokémon
|rule|OHKO Clause: OHKO moves are banned
|rule|Evasion Items Clause: Evasion items are banned
|rule|Evasion Moves Clause: Evasion moves are banned
|rule|Evasion Abilities Clause: Evasion abilities are banned
|rule|Sleep Moves Clause: Sleep-inducing moves are banned
|clearpoke
|poke|p1|Dragapult, F|
|poke|p1|Garganacl, F|
|poke|p1|Ogerpon-Wellspring, F|
|poke|p1|Zamazenta-*|
|poke|p1|Zapdos|
|poke|p1|Iron Treads|
|poke|p2|Clodsire, F|
|poke|p2|Moltres|
|poke|p2|Landorus-Therian, M|
|poke|p2|Kyurem|
|poke|p2|Tyranitar, F|
|poke|p2|Heatran, M|
|teampreview
|inactive|Battle timer is ON: inactive players will automatically lose when time's up. (requested by alpalmaster)
|inactive|CantFindExplain has 120 seconds left.
|inactive|CantFindExplain has 90 seconds left.
|
|t:|1779684429
|teamsize|p1|6
|teamsize|p2|6
|start
|switch|p1a: Ogerpon|Ogerpon-Wellspring, F|100/100
|switch|p2a: plomp🗣🗣|Tyranitar, F|100/100
|-weather|Sandstorm|[from] ability: Sand Stream|[of] p2a: plomp🗣🗣
|turn|1
|
|t:|1779684438
|move|p1a: Ogerpon|Ivy Cudgel|p2a: plomp🗣🗣|[anim] Ivy Cudgel Water
|-supereffective|p2a: plomp🗣🗣
|-damage|p2a: plomp🗣🗣|0 fnt
|faint|p2a: plomp🗣🗣
|
|-weather|Sandstorm|[upkeep]
|-damage|p1a: Ogerpon|95/100|[from] Sandstorm
|upkeep
|
|t:|1779684443
|switch|p2a: blub blub💀💀|Kyurem|100/100
|-ability|p2a: blub blub💀💀|Pressure
|turn|2
|
|t:|1779684449
|switch|p1a: Garganacl|Garganacl, F|100/100
|move|p2a: blub blub💀💀|Freeze-Dry|p1a: Garganacl
|-damage|p1a: Garganacl|74/100
|
|-weather|Sandstorm|[upkeep]
|-damage|p2a: blub blub💀💀|94/100|[from] Sandstorm
|-heal|p1a: Garganacl|80/100|[from] item: Leftovers
|upkeep
|turn|3
|
|t:|1779684469
|switch|p2a: gluub😭😭😭|Clodsire, F|100/100
|move|p1a: Garganacl|Salt Cure|p2a: gluub😭😭😭
|-resisted|p2a: gluub😭😭😭
|-damage|p2a: gluub😭😭😭|95/100
|-start|p2a: gluub😭😭😭|Salt Cure
|
|-weather|Sandstorm|[upkeep]
|-heal|p1a: Garganacl|86/100|[from] item: Leftovers
|-heal|p2a: gluub😭😭😭|100/100|[from] item: Leftovers
|-damage|p2a: gluub😭😭😭|88/100|[from] Salt Cure
|upkeep
|turn|4
|
|t:|1779684479
|switch|p1a: Iron Treads|Iron Treads|100/100
|move|p2a: gluub😭😭😭|Spikes|p1a: Iron Treads
|-sidestart|p1: CantFindExplain|Spikes
|
|-weather|Sandstorm|[upkeep]
|-heal|p2a: gluub😭😭😭|94/100|[from] item: Leftovers
|-damage|p2a: gluub😭😭😭|82/100|[from] Salt Cure
|upkeep
|turn|5
|
|t:|1779684486
|switch|p2a: bloop🙏🙏|Moltres|100/100
|move|p1a: Iron Treads|Stealth Rock|p2a: bloop🙏🙏
|-sidestart|p2: alpalmaster|move: Stealth Rock
|
|-weather|none
|upkeep
|turn|6
|
|t:|1779684500
|-end|p1a: Iron Treads|Quark Drive|[silent]
|switch|p1a: Garganacl|Garganacl, F|86/100
|-damage|p1a: Garganacl|74/100|[from] Spikes
|move|p2a: bloop🙏🙏|Roar|p1a: Garganacl
|drag|p1a: Ogerpon|Ogerpon-Wellspring, F|95/100
|-damage|p1a: Ogerpon|82/100|[from] Spikes
|
|upkeep
|turn|7
|
|t:|1779684509
|switch|p2a: gluub😭😭😭|Clodsire, F|82/100
|-damage|p2a: gluub😭😭😭|75/100|[from] Stealth Rock
|move|p1a: Ogerpon|Ivy Cudgel|p2a: gluub😭😭😭|[anim] Ivy Cudgel Water
|-heal|p2a: gluub😭😭😭|100/100|[from] ability: Water Absorb|[of] p1a: Ogerpon
|
|upkeep
|turn|8
|
|t:|1779684519
|switch|p1a: Iron Treads|Iron Treads|100/100
|-damage|p1a: Iron Treads|88/100|[from] Spikes
|move|p2a: gluub😭😭😭|Toxic|p1a: Iron Treads
|-immune|p1a: Iron Treads
|
|-heal|p1a: Iron Treads|94/100|[from] item: Leftovers
|upkeep
|turn|9
|
|t:|1779684527
|switch|p2a: bloop🙏🙏|Moltres|100/100
|move|p1a: Iron Treads|Knock Off|p2a: bloop🙏🙏
|-damage|p2a: bloop🙏🙏|83/100
|-enditem|p2a: bloop🙏🙏|Heavy-Duty Boots|[from] move: Knock Off|[of] p1a: Iron Treads
|
|-heal|p1a: Iron Treads|99/100|[from] item: Leftovers
|upkeep
|turn|10
|
|t:|1779684536
|-end|p1a: Iron Treads|Quark Drive|[silent]
|switch|p1a: Garganacl|Garganacl, F|74/100
|-damage|p1a: Garganacl|61/100|[from] Spikes
|move|p2a: bloop🙏🙏|Hurricane|p1a: Garganacl
|-resisted|p1a: Garganacl
|-damage|p1a: Garganacl|47/100
|-start|p1a: Garganacl|confusion
|
|-heal|p1a: Garganacl|53/100|[from] item: Leftovers
|upkeep
|turn|11
|
|t:|1779684546
|switch|p2a: ploof🥀🥀|Landorus-Therian, M|100/100
|-damage|p2a: ploof🥀🥀|88/100|[from] Stealth Rock
|-ability|p2a: ploof🥀🥀|Intimidate|boost
|-unboost|p1a: Garganacl|atk|1
|-activate|p1a: Garganacl|confusion
|-damage|p1a: Garganacl|49/100|[from] confusion
|
|-heal|p2a: ploof🥀🥀|94/100|[from] item: Leftovers
|-heal|p1a: Garganacl|55/100|[from] item: Leftovers
|upkeep
|turn|12
|
|t:|1779684556
|switch|p1a: Zapdos|Zapdos|100/100
|move|p2a: ploof🥀🥀|Earthquake|p1a: Zapdos
|-immune|p1a: Zapdos
|
|-heal|p2a: ploof🥀🥀|99/100|[from] item: Leftovers
|upkeep
|turn|13
|
|t:|1779684566
|switch|p2a: gluub😭😭😭|Clodsire, F|100/100
|-damage|p2a: gluub😭😭😭|94/100|[from] Stealth Rock
|move|p1a: Zapdos|U-turn|p2a: gluub😭😭😭
|-resisted|p2a: gluub😭😭😭
|-damage|p2a: gluub😭😭😭|90/100
|
|t:|1779684578
|switch|p1a: Iron Treads|Iron Treads|99/100|[from] U-turn
|-damage|p1a: Iron Treads|88/100|[from] Spikes
|
|-heal|p1a: Iron Treads|94/100|[from] item: Leftovers
|-heal|p2a: gluub😭😭😭|96/100|[from] item: Leftovers
|upkeep
|turn|14
|
|t:|1779684586
|switch|p2a: bloop🙏🙏|Moltres|83/100
|-damage|p2a: bloop🙏🙏|33/100|[from] Stealth Rock
|move|p1a: Iron Treads|Rapid Spin|p2a: bloop🙏🙏
|-damage|p2a: bloop🙏🙏|24/100
|-boost|p1a: Iron Treads|spe|1
|-sideend|p1: CantFindExplain|Spikes|[from] move: Rapid Spin|[of] p1a: Iron Treads
|
|-heal|p1a: Iron Treads|99/100|[from] item: Leftovers
|upkeep
|turn|15
|
|t:|1779684590
|-end|p1a: Iron Treads|Quark Drive|[silent]
|switch|p1a: Garganacl|Garganacl, F|55/100
|move|p2a: bloop🙏🙏|Roost|p2a: bloop🙏🙏
|-heal|p2a: bloop🙏🙏|74/100
|-singleturn|p2a: bloop🙏🙏|move: Roost
|
|-heal|p1a: Garganacl|61/100|[from] item: Leftovers
|upkeep
|turn|16
|
|t:|1779684601
|switch|p2a: gluub😭😭😭|Clodsire, F|96/100
|-damage|p2a: gluub😭😭😭|90/100|[from] Stealth Rock
|move|p1a: Garganacl|Salt Cure|p2a: gluub😭😭😭
|-resisted|p2a: gluub😭😭😭
|-damage|p2a: gluub😭😭😭|85/100
|-start|p2a: gluub😭😭😭|Salt Cure
|
|-heal|p1a: Garganacl|67/100|[from] item: Leftovers
|-heal|p2a: gluub😭😭😭|91/100|[from] item: Leftovers
|-damage|p2a: gluub😭😭😭|78/100|[from] Salt Cure
|upkeep
|turn|17
|inactive|CantFindExplain has 120 seconds left.
|
|t:|1779684639
|switch|p1a: Iron Treads|Iron Treads|99/100
|move|p2a: gluub😭😭😭|Spikes|p1a: Iron Treads
|-sidestart|p1: CantFindExplain|Spikes
|
|-heal|p1a: Iron Treads|100/100|[from] item: Leftovers
|-heal|p2a: gluub😭😭😭|85/100|[from] item: Leftovers
|-damage|p2a: gluub😭😭😭|72/100|[from] Salt Cure
|upkeep
|turn|18
|inactive|CantFindExplain has 120 seconds left.
|
|t:|1779684650
|switch|p2a: bloop🙏🙏|Moltres|74/100
|-damage|p2a: bloop🙏🙏|25/100|[from] Stealth Rock
|move|p1a: Iron Treads|Earthquake|p2a: bloop🙏🙏
|-immune|p2a: bloop🙏🙏
|
|upkeep
|turn|19
|
|t:|1779684657
|-end|p1a: Iron Treads|Quark Drive|[silent]
|switch|p1a: Garganacl|Garganacl, F|67/100
|-damage|p1a: Garganacl|55/100|[from] Spikes
|move|p2a: bloop🙏🙏|Roost|p2a: bloop🙏🙏
|-heal|p2a: bloop🙏🙏|75/100
|-singleturn|p2a: bloop🙏🙏|move: Roost
|
|-heal|p1a: Garganacl|61/100|[from] item: Leftovers
|upkeep
|turn|20
|
|t:|1779684666
|switch|p2a: ploof🥀🥀|Landorus-Therian, M|99/100
|-damage|p2a: ploof🥀🥀|88/100|[from] Stealth Rock
|-ability|p2a: ploof🥀🥀|Intimidate|boost
|-unboost|p1a: Garganacl|atk|1
|move|p1a: Garganacl|Recover|p1a: Garganacl
|-heal|p1a: Garganacl|100/100
|
|-heal|p2a: ploof🥀🥀|94/100|[from] item: Leftovers
|upkeep
|turn|21
|
|t:|1779684671
|switch|p1a: Zapdos|Zapdos|100/100
|move|p2a: ploof🥀🥀|Swords Dance|p2a: ploof🥀🥀
|-boost|p2a: ploof🥀🥀|atk|2
|
|-heal|p2a: ploof🥀🥀|99/100|[from] item: Leftovers
|upkeep
|turn|22
|
|t:|1779684675
|move|p2a: ploof🥀🥀|Rock Slide|p1a: Zapdos
|-supereffective|p1a: Zapdos
|-damage|p1a: Zapdos|24/100
|cant|p1a: Zapdos|flinch
|
|-heal|p2a: ploof🥀🥀|100/100|[from] item: Leftovers
|upkeep
|turn|23
|
|t:|1779684696
|move|p2a: ploof🥀🥀|Rock Slide|p1a: Zapdos
|-supereffective|p1a: Zapdos
|-crit|p1a: Zapdos
|-damage|p1a: Zapdos|0 fnt
|faint|p1a: Zapdos
|
|upkeep
|
|t:|1779684697
|switch|p1a: Ogerpon|Ogerpon-Wellspring, F|82/100
|-damage|p1a: Ogerpon|70/100|[from] Spikes
|turn|24
|
|t:|1779684701
|switch|p2a: gluub😭😭😭|Clodsire, F|72/100
|-damage|p2a: gluub😭😭😭|66/100|[from] Stealth Rock
|move|p1a: Ogerpon|Ivy Cudgel|p2a: gluub😭😭😭|[anim] Ivy Cudgel Water
|-heal|p2a: gluub😭😭😭|91/100|[from] ability: Water Absorb|[of] p1a: Ogerpon
|
|-heal|p2a: gluub😭😭😭|97/100|[from] item: Leftovers
|upkeep
|turn|25
|
|t:|1779684712
|switch|p1a: Iron Treads|Iron Treads|100/100
|-damage|p1a: Iron Treads|88/100|[from] Spikes
|move|p2a: gluub😭😭😭|Earthquake|p1a: Iron Treads
|-supereffective|p1a: Iron Treads
|-damage|p1a: Iron Treads|47/100
|
|-heal|p1a: Iron Treads|53/100|[from] item: Leftovers
|-heal|p2a: gluub😭😭😭|100/100|[from] item: Leftovers
|upkeep
|turn|26
|
|t:|1779684720
|switch|p2a: bloop🙏🙏|Moltres|75/100
|-damage|p2a: bloop🙏🙏|25/100|[from] Stealth Rock
|move|p1a: Iron Treads|Rapid Spin|p2a: bloop🙏🙏
|-damage|p2a: bloop🙏🙏|15/100
|-boost|p1a: Iron Treads|spe|1
|-status|p1a: Iron Treads|brn|[from] ability: Flame Body|[of] p2a: bloop🙏🙏
|-sideend|p1: CantFindExplain|Spikes|[from] move: Rapid Spin|[of] p1a: Iron Treads
|
|-heal|p1a: Iron Treads|59/100 brn|[from] item: Leftovers
|-damage|p1a: Iron Treads|53/100 brn|[from] brn
|upkeep
|turn|27
|
|t:|1779684740
|-end|p1a: Iron Treads|Quark Drive|[silent]
|switch|p1a: Ogerpon|Ogerpon-Wellspring, F|70/100
|move|p2a: bloop🙏🙏|Roost|p2a: bloop🙏🙏
|-heal|p2a: bloop🙏🙏|66/100
|-singleturn|p2a: bloop🙏🙏|move: Roost
|
|upkeep
|turn|28
|
|t:|1779684755
|move|p1a: Ogerpon|Horn Leech|p2a: bloop🙏🙏
|-resisted|p2a: bloop🙏🙏
|-damage|p2a: bloop🙏🙏|57/100
|-heal|p1a: Ogerpon|75/100|[from] drain|[of] p2a: bloop🙏🙏
|move|p2a: bloop🙏🙏|Hurricane|p1a: Ogerpon|[miss]
|-miss|p2a: bloop🙏🙏|p1a: Ogerpon
|
|upkeep
|turn|29
|
|t:|1779684762
|-terastallize|p2a: bloop🙏🙏|Water
|move|p1a: Ogerpon|Ivy Cudgel|p2a: bloop🙏🙏|[anim] Ivy Cudgel Water
|-resisted|p2a: bloop🙏🙏
|-damage|p2a: bloop🙏🙏|39/100
|move|p2a: bloop🙏🙏|Hurricane|p1a: Ogerpon|[miss]
|-miss|p2a: bloop🙏🙏|p1a: Ogerpon
|
|upkeep
|turn|30
|
|t:|1779684782
|switch|p1a: Garganacl|Garganacl, F|100/100
|switch|p2a: gluub😭😭😭|Clodsire, F|100/100
|-damage|p2a: gluub😭😭😭|94/100|[from] Stealth Rock
|
|-heal|p2a: gluub😭😭😭|100/100|[from] item: Leftovers
|upkeep
|turn|31
|
|t:|1779684793
|move|p1a: Garganacl|Salt Cure|p2a: gluub😭😭😭
|-resisted|p2a: gluub😭😭😭
|-damage|p2a: gluub😭😭😭|95/100
|-start|p2a: gluub😭😭😭|Salt Cure
|move|p2a: gluub😭😭😭|Spikes|p1a: Garganacl
|-sidestart|p1: CantFindExplain|Spikes
|
|-heal|p2a: gluub😭😭😭|100/100|[from] item: Leftovers
|-damage|p2a: gluub😭😭😭|88/100|[from] Salt Cure
|upkeep
|turn|32
|
|t:|1779684813
|move|p1a: Garganacl|Iron Defense|p1a: Garganacl
|-boost|p1a: Garganacl|def|2
|move|p2a: gluub😭😭😭|Earthquake|p1a: Garganacl
|-supereffective|p1a: Garganacl
|-damage|p1a: Garganacl|81/100
|
|-heal|p1a: Garganacl|87/100|[from] item: Leftovers
|-heal|p2a: gluub😭😭😭|94/100|[from] item: Leftovers
|-damage|p2a: gluub😭😭😭|82/100|[from] Salt Cure
|upkeep
|turn|33
|
|t:|1779684835
|switch|p2a: ploof🥀🥀|Landorus-Therian, M|100/100
|-damage|p2a: ploof🥀🥀|88/100|[from] Stealth Rock
|-ability|p2a: ploof🥀🥀|Intimidate|boost
|-unboost|p1a: Garganacl|atk|1
|move|p1a: Garganacl|Salt Cure|p2a: ploof🥀🥀
|-damage|p2a: ploof🥀🥀|78/100
|-start|p2a: ploof🥀🥀|Salt Cure
|
|-heal|p2a: ploof🥀🥀|84/100|[from] item: Leftovers
|-heal|p1a: Garganacl|94/100|[from] item: Leftovers
|-damage|p2a: ploof🥀🥀|71/100|[from] Salt Cure
|upkeep
|turn|34
|
|t:|1779684848
|-terastallize|p1a: Garganacl|Fairy
|move|p2a: ploof🥀🥀|Swords Dance|p2a: ploof🥀🥀
|-boost|p2a: ploof🥀🥀|atk|2
|move|p1a: Garganacl|Iron Defense|p1a: Garganacl
|-boost|p1a: Garganacl|def|2
|
|-heal|p2a: ploof🥀🥀|77/100|[from] item: Leftovers
|-heal|p1a: Garganacl|99/100|[from] item: Leftovers
|-damage|p2a: ploof🥀🥀|65/100|[from] Salt Cure
|upkeep
|turn|35
|
|t:|1779684857
|move|p2a: ploof🥀🥀|Swords Dance|p2a: ploof🥀🥀
|-boost|p2a: ploof🥀🥀|atk|2
|move|p1a: Garganacl|Iron Defense|p1a: Garganacl
|-boost|p1a: Garganacl|def|2
|
|-heal|p2a: ploof🥀🥀|71/100|[from] item: Leftovers
|-heal|p1a: Garganacl|100/100|[from] item: Leftovers
|-damage|p2a: ploof🥀🥀|59/100|[from] Salt Cure
|upkeep
|turn|36
|
|t:|1779684867
|move|p2a: ploof🥀🥀|Earthquake|p1a: Garganacl
|-damage|p1a: Garganacl|72/100
|move|p1a: Garganacl|Body Press|p2a: ploof🥀🥀
|-resisted|p2a: ploof🥀🥀
|-damage|p2a: ploof🥀🥀|7/100
|
|-heal|p2a: ploof🥀🥀|13/100|[from] item: Leftovers
|-heal|p1a: Garganacl|78/100|[from] item: Leftovers
|-damage|p2a: ploof🥀🥀|0 fnt|[from] Salt Cure
|faint|p2a: ploof🥀🥀
|upkeep
|
|t:|1779684873
|switch|p2a: blub blub💀💀|Kyurem|94/100
|-damage|p2a: blub blub💀💀|70/100|[from] Stealth Rock
|-ability|p2a: blub blub💀💀|Pressure
|turn|37
|
|t:|1779684879
|move|p2a: blub blub💀💀|Ice Beam|p1a: Garganacl
|-damage|p1a: Garganacl|27/100
|move|p1a: Garganacl|Recover|p1a: Garganacl
|-heal|p1a: Garganacl|77/100
|
|-heal|p1a: Garganacl|83/100|[from] item: Leftovers
|upkeep
|turn|38
|
|t:|1779684886
|move|p2a: blub blub💀💀|Ice Beam|p1a: Garganacl
|-damage|p1a: Garganacl|32/100
|move|p1a: Garganacl|Body Press|p2a: blub blub💀💀
|-supereffective|p2a: blub blub💀💀
|-damage|p2a: blub blub💀💀|0 fnt
|faint|p2a: blub blub💀💀
|
|-heal|p1a: Garganacl|39/100|[from] item: Leftovers
|upkeep
|
|t:|1779684898
|switch|p2a: bloop🙏🙏|Moltres, tera:Water|39/100
|-damage|p2a: bloop🙏🙏|26/100|[from] Stealth Rock
|turn|39
|
|t:|1779684902
|move|p2a: bloop🙏🙏|Hurricane|p1a: Garganacl
|-damage|p1a: Garganacl|6/100
|move|p1a: Garganacl|Recover|p1a: Garganacl
|-heal|p1a: Garganacl|56/100
|
|-heal|p1a: Garganacl|63/100|[from] item: Leftovers
|upkeep
|turn|40
|c|☆alpalmaster|gg
|c|☆CantFindExplain|gg
|-message|alpalmaster forfeited.
|
|win|CantFindExplain
|raw|CantFindExplain's rating: 1411 &rarr; <strong>1432</strong><br />(+21 for winning)
|raw|alpalmaster's rating: 1424 &rarr; <strong>1403</strong><br />(-21 for losing)
|l|☆alpalmaster
|player|p2|
|l|☆CantFindExplain
|player|p1|
