|j|☆jack3777
|j|☆Literally Trish
|t:|1779677463
|gametype|singles
|player|p1|jack3777|beauty-gen4dp|1131
|player|p2|Literally Trish|bianca|1132
|gen|9
|tier|[Gen 9] OU
|rated|
|rule|HP Percentage Mod: HP is shown in percentages
|rule|Endless Battle Clause: Forcing endless battles is banned
|rule|Species Clause: Limit one of each Pokémon
|rule|OHKO Clause: OHKO moves are banned
|rule|Evasion Items Clause: Evasion items are banned
|rule|Evasion Moves Clause: Evasion moves are banned
|rule|Evasion Abilities Clause: Evasion abilities are banned
|rule|Sleep Moves Clause: Sleep-inducing moves are banned
|clearpoke
|poke|p1|Diancie|
|poke|p1|Tinkaton, F|
|poke|p1|Alomomola, F|
|poke|p1|Lilligant-Hisui, F|
|poke|p1|Delphox, F|
|poke|p1|Sylveon, F|
|poke|p2|Iron Valiant|
|poke|p2|Fezandipiti, M|
|poke|p2|Empoleon, M|
|poke|p2|Infernape, M|
|poke|p2|Bronzong|
|poke|p2|Rotom-Fan|
|teampreview
|
|t:|1779677468
|teamsize|p1|6
|teamsize|p2|6
|start
|switch|p1a: Diancie|Diancie|100/100
|switch|p2a: Abbacchio|Bronzong|100/100
|turn|1
|
|t:|1779677474
|move|p1a: Diancie|Stealth Rock|p2a: Abbacchio
|-sidestart|p2: Literally Trish|move: Stealth Rock
|move|p2a: Abbacchio|Stealth Rock|p1a: Diancie
|-sidestart|p1: jack3777|move: Stealth Rock
|
|upkeep
|turn|2
|
|t:|1779677480
|move|p1a: Diancie|Body Press|p2a: Abbacchio
|-damage|p2a: Abbacchio|80/100
|move|p2a: Abbacchio|Iron Defense|p2a: Abbacchio
|-boost|p2a: Abbacchio|def|2
|
|-heal|p2a: Abbacchio|87/100|[from] item: Leftovers
|upkeep
|turn|3
|
|t:|1779677486
|move|p1a: Diancie|Iron Defense|p1a: Diancie
|-boost|p1a: Diancie|def|2
|move|p2a: Abbacchio|Iron Defense|p2a: Abbacchio
|-boost|p2a: Abbacchio|def|2
|
|-heal|p2a: Abbacchio|93/100|[from] item: Leftovers
|upkeep
|turn|4
|
|t:|1779677492
|move|p1a: Diancie|Iron Defense|p1a: Diancie
|-boost|p1a: Diancie|def|2
|move|p2a: Abbacchio|Iron Defense|p2a: Abbacchio
|-boost|p2a: Abbacchio|def|2
|
|-heal|p2a: Abbacchio|99/100|[from] item: Leftovers
|upkeep
|turn|5
|
|t:|1779677499
|move|p1a: Diancie|Iron Defense|p1a: Diancie
|-boost|p1a: Diancie|def|2
|move|p2a: Abbacchio|Body Press|p1a: Diancie
|-crit|p1a: Diancie
|-damage|p1a: Diancie|0 fnt
|-damage|p2a: Abbacchio|82/100|[from] item: Rocky Helmet|[of] p1a: Diancie
|faint|p1a: Diancie
|
|-heal|p2a: Abbacchio|89/100|[from] item: Leftovers
|upkeep
|
|t:|1779677509
|switch|p1a: Delphox|Delphox, F|100/100
|turn|6
|c|☆Literally Trish|Yo 😭‼️‼️‼️
|c|☆jack3777|im crying
|
|t:|1779677523
|move|p1a: Delphox|Flamethrower|p2a: Abbacchio
|-supereffective|p2a: Abbacchio
|-damage|p2a: Abbacchio|14/100
|move|p2a: Abbacchio|Body Press|p1a: Delphox
|-resisted|p1a: Delphox
|-damage|p1a: Delphox|8/100
|
|-heal|p2a: Abbacchio|20/100|[from] item: Leftovers
|upkeep
|turn|7
|
|t:|1779677532
|move|p1a: Delphox|Flamethrower|p2a: Abbacchio
|-supereffective|p2a: Abbacchio
|-damage|p2a: Abbacchio|0 fnt
|faint|p2a: Abbacchio
|
|upkeep
|
|t:|1779677542
|switch|p2a: Giorno|Iron Valiant|100/100
|-damage|p2a: Giorno|94/100|[from] Stealth Rock
|-enditem|p2a: Giorno|Booster Energy
|-activate|p2a: Giorno|ability: Quark Drive|[fromitem]
|-start|p2a: Giorno|quarkdrivespe
|turn|8
|
|t:|1779677560
|switch|p1a: Sylveon|Sylveon, F|100/100
|-damage|p1a: Sylveon|88/100|[from] Stealth Rock
|move|p2a: Giorno|Knock Off|p1a: Sylveon
|-resisted|p1a: Sylveon
|-damage|p1a: Sylveon|67/100
|-enditem|p1a: Sylveon|Leftovers|[from] move: Knock Off|[of] p2a: Giorno
|
|upkeep
|turn|9
|
|t:|1779677570
|-end|p2a: Giorno|Quark Drive|[silent]
|switch|p2a: Bucciarati|Empoleon, M, shiny|100/100
|-damage|p2a: Bucciarati|94/100|[from] Stealth Rock
|move|p1a: Sylveon|Hyper Voice|p2a: Bucciarati
|-resisted|p2a: Bucciarati
|-damage|p2a: Bucciarati|75/100
|
|-heal|p2a: Bucciarati|81/100|[from] item: Leftovers
|upkeep
|turn|10
|
|t:|1779677580
|switch|p1a: Lilligant|Lilligant-Hisui, F|100/100
|-damage|p1a: Lilligant|94/100|[from] Stealth Rock
|move|p2a: Bucciarati|Surf|p1a: Lilligant
|-resisted|p1a: Lilligant
|-damage|p1a: Lilligant|56/100
|
|-heal|p2a: Bucciarati|87/100|[from] item: Leftovers
|upkeep
|turn|11
|
|t:|1779677592
|switch|p2a: Narancia|Rotom-Fan|100/100
|-damage|p2a: Narancia|76/100|[from] Stealth Rock
|move|p1a: Lilligant|Leaf Blade|p2a: Narancia
|-resisted|p2a: Narancia
|-damage|p2a: Narancia|22/100
|-damage|p1a: Lilligant|46/100|[from] item: Life Orb
|
|upkeep
|turn|12
|
|t:|1779677603
|move|p2a: Narancia|Air Slash|p1a: Lilligant
|-supereffective|p1a: Lilligant
|-damage|p1a: Lilligant|0 fnt
|faint|p1a: Lilligant
|
|upkeep
|
|t:|1779677613
|switch|p1a: Tinkaton|Tinkaton, F|100/100
|-damage|p1a: Tinkaton|94/100|[from] Stealth Rock
|-ability|p1a: Tinkaton|Mold Breaker
|turn|13
|
|t:|1779677633
|switch|p2a: Bucciarati|Empoleon, M, shiny|87/100
|-damage|p2a: Bucciarati|81/100|[from] Stealth Rock
|move|p1a: Tinkaton|Knock Off|p2a: Bucciarati
|-damage|p2a: Bucciarati|59/100
|-enditem|p2a: Bucciarati|Leftovers|[from] move: Knock Off|[of] p1a: Tinkaton
|
|-heal|p1a: Tinkaton|100/100|[from] item: Leftovers
|upkeep
|turn|14
|
|t:|1779677647
|move|p1a: Tinkaton|Knock Off|p2a: Bucciarati
|-damage|p2a: Bucciarati|42/100
|move|p2a: Bucciarati|Roost|p2a: Bucciarati
|-heal|p2a: Bucciarati|92/100
|-singleturn|p2a: Bucciarati|move: Roost
|
|upkeep
|turn|15
|
|t:|1779677659
|switch|p1a: Alomomola|Alomomola, F|100/100
|-damage|p1a: Alomomola|88/100|[from] Stealth Rock
|move|p2a: Bucciarati|Surf|p1a: Alomomola
|-resisted|p1a: Alomomola
|-damage|p1a: Alomomola|60/100
|
|-heal|p1a: Alomomola|66/100|[from] item: Leftovers
|upkeep
|turn|16
|
|t:|1779677669
|move|p1a: Alomomola|Wish|p1a: Alomomola
|move|p2a: Bucciarati|Grass Knot|p1a: Alomomola
|-supereffective|p1a: Alomomola
|-damage|p1a: Alomomola|19/100
|
|-heal|p1a: Alomomola|25/100|[from] item: Leftovers
|upkeep
|turn|17
|
|t:|1779677679
|move|p1a: Alomomola|Flip Turn|p2a: Bucciarati
|-resisted|p2a: Bucciarati
|-damage|p2a: Bucciarati|85/100
|
|t:|1779677686
|switch|p1a: Sylveon|Sylveon, F|67/100|[from] Flip Turn
|-damage|p1a: Sylveon|54/100|[from] Stealth Rock
|move|p2a: Bucciarati|Surf|p1a: Sylveon
|-damage|p1a: Sylveon|32/100
|
|-heal|p1a: Sylveon|99/100|[from] move: Wish|[wisher] Alomomola
|upkeep
|turn|18
|
|t:|1779677701
|move|p2a: Bucciarati|Surf|p1a: Sylveon
|-damage|p1a: Sylveon|74/100
|move|p1a: Sylveon|Wish|p1a: Sylveon
|
|upkeep
|turn|19
|
|t:|1779677709
|move|p1a: Sylveon|Hyper Voice|p2a: Bucciarati
|-resisted|p2a: Bucciarati
|-damage|p2a: Bucciarati|67/100
|move|p2a: Bucciarati|Grass Knot|p1a: Sylveon
|-damage|p1a: Sylveon|68/100
|
|-heal|p1a: Sylveon|100/100|[from] move: Wish|[wisher] Sylveon
|upkeep
|turn|20
|
|t:|1779677731
|switch|p1a: Delphox|Delphox, F|8/100
|move|p2a: Bucciarati|Ice Beam|p1a: Delphox
|-resisted|p1a: Delphox
|-damage|p1a: Delphox|0 fnt
|faint|p1a: Delphox
|
|upkeep
|-message|jack3777 forfeited.
|
|win|Literally Trish
|raw|jack3777's rating: 1131 &rarr; <strong>1106</strong><br />(-25 for losing)
|raw|Literally Trish's rating: 1132 &rarr; <strong>1157</strong><br />(+25 for winning)
|l|☆jack3777
|player|p1|
