|j|☆SgtBrick14
|j|☆daviesC
|t:|1779581941
|gametype|singles
|player|p1|SgtBrick14|pokemonranger|1483
|player|p2|daviesC|169|1440
|gen|9
|tier|[Gen 9] OU
|rated|
|rule|HP Percentage Mod: HP is shown in percentages
|rule|Endless Battle Clause: Forcing endless battles is banned
|rule|Species Clause: Limit one of each Pokémon
|rule|OHKO Clause: OHKO moves are banned
|rule|Evasion Items Clause: Evasion items are banned
|rule|Evasion Moves Clause: Evasion moves are banned
|rule|Evasion Abilities Clause: Evasion abilities are banned
|rule|Sleep Moves Clause: Sleep-inducing moves are banned
|clearpoke
|poke|p1|Lucario, F|
|poke|p1|Kingambit, M|
|poke|p1|Ceruledge, F|
|poke|p1|Gengar, M|
|poke|p1|Cloyster, F|
|poke|p1|Froslass, F|
|poke|p2|Weezing-Galar, F|
|poke|p2|Alomomola, F|
|poke|p2|Iron Treads|
|poke|p2|Tornadus-Therian, M|
|poke|p2|Zamazenta-*|
|poke|p2|Lokix, M|
|teampreview
|
|t:|1779581961
|teamsize|p1|6
|teamsize|p2|6
|start
|switch|p1a: Gengar|Gengar, M|100/100
|switch|p2a: Lokix|Lokix, M|100/100
|turn|1
|
|t:|1779581973
|move|p1a: Gengar|Sludge Wave|p2a: Lokix
|-damage|p2a: Lokix|0 fnt
|faint|p2a: Lokix
|
|upkeep
|
|t:|1779581984
|switch|p2a: Zamazenta|Zamazenta|100/100
|-ability|p2a: Zamazenta|Dauntless Shield|boost
|-boost|p2a: Zamazenta|def|1
|turn|2
|
|t:|1779581994
|-terastallize|p2a: Zamazenta|Steel
|move|p2a: Zamazenta|Crunch|p1a: Gengar
|-supereffective|p1a: Gengar
|-enditem|p1a: Gengar|Focus Sash
|-damage|p1a: Gengar|1/100
|-start|p2a: Zamazenta|Disable|Crunch|[from] ability: Cursed Body|[of] p1a: Gengar
|move|p1a: Gengar|Sludge Wave|p2a: Zamazenta
|-immune|p2a: Zamazenta
|
|upkeep
|turn|3
|
|t:|1779582006
|switch|p2a: Tornadus|Tornadus-Therian, M|100/100
|move|p1a: Gengar|Shadow Ball|p2a: Tornadus
|-damage|p2a: Tornadus|70/100
|
|upkeep
|turn|4
|
|t:|1779582013
|move|p2a: Tornadus|Knock Off|p1a: Gengar
|-supereffective|p1a: Gengar
|-damage|p1a: Gengar|0 fnt
|faint|p1a: Gengar
|
|upkeep
|
|t:|1779582023
|switch|p1a: Froslass|Froslass, F|100/100
|turn|5
|
|t:|1779582032
|move|p2a: Tornadus|U-turn|p1a: Froslass
|-resisted|p1a: Froslass
|-damage|p1a: Froslass|91/100
|
|t:|1779582039
|switch|p2a: Zamazenta|Zamazenta, tera:Steel|100/100|[from] U-turn
|move|p1a: Froslass|Thunder Wave|p2a: Zamazenta
|-status|p2a: Zamazenta|par
|
|upkeep
|turn|6
|
|t:|1779582045
|move|p1a: Froslass|Destiny Bond|p1a: Froslass
|-singlemove|p1a: Froslass|Destiny Bond
|move|p2a: Zamazenta|Crunch|p1a: Froslass
|-supereffective|p1a: Froslass
|-damage|p1a: Froslass|0 fnt
|faint|p1a: Froslass
|-activate|p1a: Froslass|move: Destiny Bond
|faint|p2a: Zamazenta
|
|upkeep
|
|t:|1779582054
|switch|p2a: Weezing|Weezing-Galar, F|100/100
|switch|p1a: Ceruledge|Ceruledge, F|100/100
|-ability|p2a: Weezing|Neutralizing Gas
|turn|7
|
|t:|1779582061
|move|p1a: Ceruledge|Swords Dance|p1a: Ceruledge
|-boost|p1a: Ceruledge|atk|2
|move|p2a: Weezing|Toxic|p1a: Ceruledge
|-status|p1a: Ceruledge|tox
|
|-damage|p1a: Ceruledge|94/100 tox|[from] psn
|upkeep
|turn|8
|
|t:|1779582072
|move|p1a: Ceruledge|Bitter Blade|p2a: Weezing
|-damage|p2a: Weezing|32/100
|-heal|p1a: Ceruledge|100/100 tox|[from] drain|[of] p2a: Weezing
|move|p2a: Weezing|Defog|p1a: Ceruledge
|-unboost|p1a: Ceruledge|evasion|1
|
|-heal|p2a: Weezing|38/100|[from] item: Leftovers
|-damage|p1a: Ceruledge|88/100 tox|[from] psn
|upkeep
|turn|9
|
|t:|1779582082
|move|p2a: Weezing|Protect|p2a: Weezing
|-singleturn|p2a: Weezing|Protect
|move|p1a: Ceruledge|Bitter Blade|p2a: Weezing
|-activate|p2a: Weezing|move: Protect
|
|-heal|p2a: Weezing|44/100|[from] item: Leftovers
|-damage|p1a: Ceruledge|70/100 tox|[from] psn
|upkeep
|turn|10
|
|t:|1779582090
|-end|p2a: Weezing|ability: Neutralizing Gas
|switch|p2a: Alomomola|Alomomola, F|100/100
|move|p1a: Ceruledge|Bitter Blade|p2a: Alomomola
|-resisted|p2a: Alomomola
|-damage|p2a: Alomomola|70/100
|-heal|p1a: Ceruledge|95/100 tox|[from] drain|[of] p2a: Alomomola
|-damage|p1a: Ceruledge|78/100 tox|[from] item: Rocky Helmet|[of] p2a: Alomomola
|
|-damage|p1a: Ceruledge|53/100 tox|[from] psn
|upkeep
|turn|11
|
|t:|1779582106
|move|p1a: Ceruledge|Destiny Bond|p1a: Ceruledge
|-singlemove|p1a: Ceruledge|Destiny Bond
|move|p2a: Alomomola|Wish|p2a: Alomomola
|
|-damage|p1a: Ceruledge|22/100 tox|[from] psn
|upkeep
|turn|12
|
|t:|1779582124
|move|p2a: Alomomola|Protect|p2a: Alomomola
|-singleturn|p2a: Alomomola|Protect
|move|p1a: Ceruledge|Bitter Blade|p2a: Alomomola
|-activate|p2a: Alomomola|move: Protect
|
|-heal|p2a: Alomomola|100/100|[from] move: Wish|[wisher] Alomomola
|-damage|p1a: Ceruledge|0 fnt|[from] psn
|faint|p1a: Ceruledge
|upkeep
|
|t:|1779582129
|switch|p1a: Kingambit|Kingambit, M|100/100
|-activate|p1a: Kingambit|ability: Supreme Overlord
|-start|p1a: Kingambit|fallen3|[silent]
|turn|13
|
|t:|1779582137
|move|p1a: Kingambit|Swords Dance|p1a: Kingambit
|-boost|p1a: Kingambit|atk|2
|move|p2a: Alomomola|Tickle|p1a: Kingambit
|-unboost|p1a: Kingambit|atk|1
|-unboost|p1a: Kingambit|def|1
|
|upkeep
|turn|14
|
|t:|1779582143
|move|p1a: Kingambit|Kowtow Cleave|p2a: Alomomola
|-damage|p2a: Alomomola|25/100
|-damage|p1a: Kingambit|84/100|[from] item: Rocky Helmet|[of] p2a: Alomomola
|move|p2a: Alomomola|Tickle|p1a: Kingambit
|-unboost|p1a: Kingambit|atk|1
|-unboost|p1a: Kingambit|def|1
|
|upkeep
|turn|15
|
|t:|1779582165
|switch|p2a: Weezing|Weezing-Galar, F|44/100
|-ability|p2a: Weezing|Neutralizing Gas
|move|p1a: Kingambit|Swords Dance|p1a: Kingambit
|-boost|p1a: Kingambit|atk|2
|
|-heal|p2a: Weezing|50/100|[from] item: Leftovers
|upkeep
|turn|16
|
|t:|1779582180
|move|p2a: Weezing|Will-O-Wisp|p1a: Kingambit
|-status|p1a: Kingambit|brn
|move|p1a: Kingambit|Iron Head|p2a: Weezing
|-supereffective|p2a: Weezing
|-damage|p2a: Weezing|0 fnt
|faint|p2a: Weezing
|-end|p2a: Weezing|ability: Neutralizing Gas
|-activate|p1a: Kingambit|ability: Supreme Overlord
|-start|p1a: Kingambit|fallen3|[silent]
|
|-damage|p1a: Kingambit|78/100 brn|[from] brn
|upkeep
|
|t:|1779582187
|switch|p2a: Iron Treads|Iron Treads|100/100
|turn|17
|
|t:|1779582196
|move|p2a: Iron Treads|Stealth Rock|p1a: Kingambit
|-sidestart|p1: SgtBrick14|move: Stealth Rock
|move|p1a: Kingambit|Kowtow Cleave|p2a: Iron Treads
|-damage|p2a: Iron Treads|38/100
|
|-heal|p2a: Iron Treads|44/100|[from] item: Leftovers
|-damage|p1a: Kingambit|72/100 brn|[from] brn
|upkeep
|turn|18
|
|t:|1779582208
|move|p1a: Kingambit|Sucker Punch|p2a: Iron Treads
|-damage|p2a: Iron Treads|0 fnt
|faint|p2a: Iron Treads
|-end|p2a: Iron Treads|Quark Drive|[silent]
|
|-damage|p1a: Kingambit|65/100 brn|[from] brn
|upkeep
|
|t:|1779582213
|switch|p2a: Tornadus|Tornadus-Therian, M|100/100
|turn|19
|
|t:|1779582221
|move|p2a: Tornadus|Heat Wave|p1a: Kingambit
|-supereffective|p1a: Kingambit
|-damage|p1a: Kingambit|20/100 brn
|move|p1a: Kingambit|Kowtow Cleave|p2a: Tornadus
|-crit|p2a: Tornadus
|-damage|p2a: Tornadus|0 fnt
|faint|p2a: Tornadus
|
|-damage|p1a: Kingambit|14/100 brn|[from] brn
|upkeep
|
|t:|1779582231
|switch|p2a: Alomomola|Alomomola, F|58/100
|turn|20
|
|t:|1779582239
|move|p1a: Kingambit|Sucker Punch||[still]
|-fail|p1a: Kingambit
|move|p2a: Alomomola|Wish|p2a: Alomomola
|
|-damage|p1a: Kingambit|8/100 brn|[from] brn
|upkeep
|turn|21
|
|t:|1779582249
|move|p1a: Kingambit|Kowtow Cleave|p2a: Alomomola
|-damage|p2a: Alomomola|13/100
|-damage|p1a: Kingambit|0 fnt|[from] item: Rocky Helmet|[of] p2a: Alomomola
|faint|p1a: Kingambit
|-end|p1a: Kingambit|fallen3|[silent]
|move|p2a: Alomomola|Flip Turn|p1: Kingambit|[notarget]
|-fail|p2a: Alomomola
|
|-heal|p2a: Alomomola|63/100|[from] move: Wish|[wisher] Alomomola
|upkeep
|
|t:|1779582252
|switch|p1a: Lucario|Lucario, F|100/100
|-damage|p1a: Lucario|98/100|[from] Stealth Rock
|turn|22
|
|t:|1779582264
|move|p1a: Lucario|Swords Dance|p1a: Lucario
|-boost|p1a: Lucario|atk|2
|move|p2a: Alomomola|Wish|p2a: Alomomola
|
|upkeep
|turn|23
|
|t:|1779582272
|-terastallize|p1a: Lucario|Normal
|move|p1a: Lucario|Extreme Speed|p2a: Alomomola
|-damage|p2a: Alomomola|7/100
|-damage|p1a: Lucario|81/100|[from] item: Rocky Helmet|[of] p2a: Alomomola
|move|p2a: Alomomola|Tickle|p1a: Lucario
|-unboost|p1a: Lucario|atk|1
|-unboost|p1a: Lucario|def|1
|
|-heal|p2a: Alomomola|57/100|[from] move: Wish|[wisher] Alomomola
|upkeep
|turn|24
|
|t:|1779582283
|move|p1a: Lucario|Extreme Speed|p2a: Alomomola
|-damage|p2a: Alomomola|16/100
|-damage|p1a: Lucario|64/100|[from] item: Rocky Helmet|[of] p2a: Alomomola
|move|p2a: Alomomola|Wish|p2a: Alomomola
|
|upkeep
|turn|25
|
|t:|1779582298
|move|p2a: Alomomola|Protect|p2a: Alomomola
|-singleturn|p2a: Alomomola|Protect
|move|p1a: Lucario|Swords Dance|p1a: Lucario
|-boost|p1a: Lucario|atk|2
|
|-heal|p2a: Alomomola|66/100|[from] move: Wish|[wisher] Alomomola
|upkeep
|turn|26
|
|t:|1779582307
|move|p1a: Lucario|Extreme Speed|p2a: Alomomola
|-damage|p2a: Alomomola|0 fnt
|-damage|p1a: Lucario|48/100|[from] item: Rocky Helmet|[of] p2a: Alomomola
|faint|p2a: Alomomola
|
|win|SgtBrick14
|raw|SgtBrick14's rating: 1483 &rarr; <strong>1501</strong><br />(+18 for winning)
|raw|daviesC's rating: 1440 &rarr; <strong>1422</strong><br />(-18 for losing)
|l|☆daviesC
|player|p2|
|l|☆SgtBrick14
|player|p1|
