|j|‽Vhicddgh
|j|☆rdtfyguhjnk
|t:|1779634705
|gametype|singles
|player|p1|Vhicddgh|266|1096
|player|p2|rdtfyguhjnk|265|1110
|gen|9
|tier|[Gen 9] OU
|rated|
|rule|HP Percentage Mod: HP is shown in percentages
|rule|Endless Battle Clause: Forcing endless battles is banned
|rule|Species Clause: Limit one of each Pokémon
|rule|OHKO Clause: OHKO moves are banned
|rule|Evasion Items Clause: Evasion items are banned
|rule|Evasion Moves Clause: Evasion moves are banned
|rule|Evasion Abilities Clause: Evasion abilities are banned
|rule|Sleep Moves Clause: Sleep-inducing moves are banned
|clearpoke
|poke|p1|Orthworm, F|
|poke|p1|Gastrodon, M|
|poke|p1|Dragapult, F|
|poke|p1|Jirachi|
|poke|p1|Incineroar, M|
|poke|p1|Thundurus-Therian, M|
|poke|p2|Maushold-Four|
|poke|p2|Zoroark-Hisui, F|
|poke|p2|Meloetta|
|poke|p2|Blissey, F|
|poke|p2|Grafaiai, M|
|poke|p2|Staraptor, F|
|teampreview
|
|t:|1779634716
|teamsize|p1|6
|teamsize|p2|6
|start
|switch|p1a: Gastrodon|Gastrodon, M|100/100
|switch|p2a: Maushold|Maushold-Four|100/100
|turn|1
|
|t:|1779634722
|move|p2a: Maushold|Nasty Plot|p2a: Maushold
|-boost|p2a: Maushold|spa|2
|move|p1a: Gastrodon|Memento|p2a: Maushold
|-unboost|p2a: Maushold|atk|2
|-unboost|p2a: Maushold|spa|2
|faint|p1a: Gastrodon
|
|upkeep
|
|t:|1779634732
|switch|p1a: Jirachi|Jirachi|100/100
|turn|2
|
|t:|1779634740
|switch|p2a: Blissey|Blissey, F|100/100
|move|p1a: Jirachi|Cosmic Power|p1a: Jirachi
|-boost|p1a: Jirachi|def|1
|-boost|p1a: Jirachi|spd|1
|
|upkeep
|turn|3
|
|t:|1779634748
|switch|p1a: Incineroar|Incineroar, M|100/100
|-ability|p1a: Incineroar|Intimidate|boost
|-unboost|p2a: Blissey|atk|1
|move|p2a: Blissey|Thunder Wave|p1a: Incineroar
|-status|p1a: Incineroar|par
|
|upkeep
|turn|4
|
|t:|1779634757
|move|p2a: Blissey|Substitute|p2a: Blissey
|-start|p2a: Blissey|Substitute
|-damage|p2a: Blissey|76/100
|move|p1a: Incineroar|Parting Shot|p2a: Blissey
|-unboost|p2a: Blissey|atk|1
|-unboost|p2a: Blissey|spa|1
|
|t:|1779634766
|switch|p1a: Dragapult|Dragapult, F|100/100|[from] Parting Shot
|
|-heal|p2a: Blissey|82/100|[from] item: Leftovers
|upkeep
|turn|5
|
|t:|1779634773
|move|p1a: Dragapult|Dragon Darts|p2a: Blissey
|-damage|p2a: Blissey|58/100
|-anim|p1a: Dragapult|Dragon Darts|p2a: Blissey
|-damage|p2a: Blissey|36/100
|move|p2a: Blissey|Thunder Wave|p1a: Dragapult|[miss]
|-miss|p2a: Blissey|p1a: Dragapult
|
|-heal|p2a: Blissey|42/100|[from] item: Leftovers
|upkeep
|turn|6
|
|t:|1779634782
|move|p1a: Dragapult|Dragon Darts|p2a: Blissey
|-damage|p2a: Blissey|20/100
|-anim|p1a: Dragapult|Dragon Darts|p2a: Blissey
|-damage|p2a: Blissey|0 fnt
|faint|p2a: Blissey
|
|upkeep
|
|t:|1779634806
|switch|p2a: Maushold|Maushold-Four|100/100
|turn|7
|
|t:|1779634815
|switch|p1a: Incineroar|Incineroar, M|100/100 par
|-ability|p1a: Incineroar|Intimidate|boost
|-unboost|p2a: Maushold|atk|1
|move|p2a: Maushold|Hex|p1a: Incineroar
|-resisted|p1a: Incineroar
|-damage|p1a: Incineroar|67/100 par
|-enditem|p1a: Incineroar|Eject Button
|
|t:|1779634825
|switch|p1a: Orthworm|Orthworm, F|100/100
|
|upkeep
|turn|8
|
|t:|1779634834
|switch|p2a: Staraptor|Staraptor, F|100/100
|move|p1a: Orthworm|Iron Tail|p2a: Staraptor
|-damage|p2a: Staraptor|58/100
|
|upkeep
|turn|9
|
|t:|1779634846
|move|p2a: Staraptor|Tailwind|p2a: Staraptor
|-sidestart|p2: rdtfyguhjnk|move: Tailwind
|move|p1a: Orthworm|Iron Defense|p1a: Orthworm
|-boost|p1a: Orthworm|def|2
|
|upkeep
|turn|10
|
|t:|1779634851
|move|p2a: Staraptor|Close Combat|p1a: Orthworm
|-supereffective|p1a: Orthworm
|-damage|p1a: Orthworm|62/100
|-unboost|p2a: Staraptor|def|1
|-unboost|p2a: Staraptor|spd|1
|-enditem|p1a: Orthworm|Red Card|[of] p2a: Staraptor
|drag|p2a: Meloetta|Meloetta|100/100
|move|p1a: Orthworm|Iron Defense|p1a: Orthworm
|-boost|p1a: Orthworm|def|2
|
|upkeep
|turn|11
|
|t:|1779634866
|move|p2a: Meloetta|Psychic|p1a: Orthworm
|-resisted|p1a: Orthworm
|-damage|p1a: Orthworm|33/100
|move|p1a: Orthworm|Body Press|p2a: Meloetta
|-damage|p2a: Meloetta|22/100
|
|upkeep
|turn|12
|
|t:|1779634877
|move|p2a: Meloetta|Psychic|p1a: Orthworm
|-resisted|p1a: Orthworm
|-damage|p1a: Orthworm|8/100
|move|p1a: Orthworm|Body Press|p2a: Meloetta
|-damage|p2a: Meloetta|0 fnt
|faint|p2a: Meloetta
|
|-sideend|p2: rdtfyguhjnk|move: Tailwind
|upkeep
|
|t:|1779634890
|switch|p2a: Maushold|Maushold-Four|100/100
|turn|13
|
|t:|1779634896
|move|p2a: Maushold|Nasty Plot|p2a: Maushold
|-boost|p2a: Maushold|spa|2
|move|p1a: Orthworm|Iron Tail|p2a: Maushold
|-damage|p2a: Maushold|37/100
|-unboost|p2a: Maushold|def|1
|replace|p2a: Zoroark|Zoroark-Hisui, F
|-end|p2a: Zoroark|Illusion
|
|-heal|p2a: Zoroark|43/100|[from] item: Leftovers
|upkeep
|turn|14
|
|t:|1779634909
|move|p2a: Zoroark|Hex|p1a: Orthworm
|-damage|p1a: Orthworm|0 fnt
|faint|p1a: Orthworm
|
|-heal|p2a: Zoroark|49/100|[from] item: Leftovers
|upkeep
|
|t:|1779634912
|switch|p1a: Dragapult|Dragapult, F|100/100
|turn|15
|
|t:|1779634925
|move|p1a: Dragapult|Dragon Darts|p2a: Zoroark
|-damage|p2a: Zoroark|0 fnt
|faint|p2a: Zoroark
|
|upkeep
|
|t:|1779634932
|switch|p2a: Grafaiai|Grafaiai, M|100/100
|turn|16
|
|t:|1779634943
|switch|p1a: Jirachi|Jirachi|100/100
|move|p2a: Grafaiai|Toxic|p1a: Jirachi
|-immune|p1a: Jirachi
|
|upkeep
|turn|17
|
|t:|1779634949
|move|p2a: Grafaiai|Substitute|p2a: Grafaiai
|-start|p2a: Grafaiai|Substitute
|-damage|p2a: Grafaiai|76/100
|move|p1a: Jirachi|Cosmic Power|p1a: Jirachi
|-boost|p1a: Jirachi|def|1
|-boost|p1a: Jirachi|spd|1
|
|-heal|p2a: Grafaiai|82/100|[from] item: Leftovers
|upkeep
|turn|18
|
|t:|1779634957
|move|p2a: Grafaiai|Encore|p1a: Jirachi
|-start|p1a: Jirachi|Encore
|move|p1a: Jirachi|Cosmic Power|p1a: Jirachi
|-boost|p1a: Jirachi|def|1
|-boost|p1a: Jirachi|spd|1
|
|-heal|p2a: Grafaiai|88/100|[from] item: Leftovers
|upkeep
|turn|19
|
|t:|1779634965
|move|p2a: Grafaiai|Parting Shot|p1a: Jirachi
|-unboost|p1a: Jirachi|atk|1
|-unboost|p1a: Jirachi|spa|1
|
|t:|1779634971
|switch|p2a: Maushold|Maushold-Four|100/100|[from] Parting Shot
|move|p1a: Jirachi|Cosmic Power|p1a: Jirachi
|-boost|p1a: Jirachi|def|1
|-boost|p1a: Jirachi|spd|1
|
|upkeep
|turn|20
|
|t:|1779634978
|move|p2a: Maushold|Tidy Up|p2a: Maushold
|-boost|p2a: Maushold|atk|1
|-boost|p2a: Maushold|spe|1
|move|p1a: Jirachi|Cosmic Power|p1a: Jirachi
|-boost|p1a: Jirachi|def|1
|-boost|p1a: Jirachi|spd|1
|
|-end|p1a: Jirachi|Encore
|upkeep
|turn|21
|
|t:|1779634988
|-terastallize|p2a: Maushold|Normal
|move|p2a: Maushold|Population Bomb|p1a: Jirachi
|-resisted|p1a: Jirachi
|-crit|p1a: Jirachi
|-damage|p1a: Jirachi|85/100
|-resisted|p1a: Jirachi
|-damage|p1a: Jirachi|82/100
|-resisted|p1a: Jirachi
|-damage|p1a: Jirachi|78/100
|-resisted|p1a: Jirachi
|-crit|p1a: Jirachi
|-damage|p1a: Jirachi|62/100
|-resisted|p1a: Jirachi
|-damage|p1a: Jirachi|58/100
|-resisted|p1a: Jirachi
|-damage|p1a: Jirachi|54/100
|-resisted|p1a: Jirachi
|-damage|p1a: Jirachi|51/100
|-resisted|p1a: Jirachi
|-damage|p1a: Jirachi|47/100
|-resisted|p1a: Jirachi
|-damage|p1a: Jirachi|44/100
|-resisted|p1a: Jirachi
|-damage|p1a: Jirachi|41/100
|-hitcount|p1a: Jirachi|10
|move|p1a: Jirachi|Stored Power|p2a: Maushold
|-damage|p2a: Maushold|35/100
|
|upkeep
|turn|22
|
|t:|1779635011
|move|p2a: Maushold|Population Bomb|p1a: Jirachi
|-resisted|p1a: Jirachi
|-damage|p1a: Jirachi|37/100
|-resisted|p1a: Jirachi
|-damage|p1a: Jirachi|34/100
|-resisted|p1a: Jirachi
|-damage|p1a: Jirachi|30/100
|-resisted|p1a: Jirachi
|-damage|p1a: Jirachi|27/100
|-resisted|p1a: Jirachi
|-damage|p1a: Jirachi|23/100
|-resisted|p1a: Jirachi
|-damage|p1a: Jirachi|19/100
|-resisted|p1a: Jirachi
|-damage|p1a: Jirachi|16/100
|-resisted|p1a: Jirachi
|-damage|p1a: Jirachi|12/100
|-resisted|p1a: Jirachi
|-crit|p1a: Jirachi
|-damage|p1a: Jirachi|0 fnt
|faint|p1a: Jirachi
|-hitcount|p1: Jirachi|9
|
|upkeep
|
|t:|1779635015
|switch|p1a: Incineroar|Incineroar, M|67/100 par
|-ability|p1a: Incineroar|Intimidate|boost
|-unboost|p2a: Maushold|atk|1
|turn|23
|
|t:|1779635034
|move|p2a: Maushold|Bite|p1a: Incineroar
|-resisted|p1a: Incineroar
|-damage|p1a: Incineroar|56/100 par
|cant|p1a: Incineroar|par
|
|upkeep
|turn|24
|
|t:|1779635041
|move|p2a: Maushold|Population Bomb|p1a: Incineroar
|-damage|p1a: Incineroar|42/100 par
|-crit|p1a: Incineroar
|-damage|p1a: Incineroar|21/100 par
|-damage|p1a: Incineroar|4/100 par
|-crit|p1a: Incineroar
|-damage|p1a: Incineroar|0 fnt
|faint|p1a: Incineroar
|-hitcount|p1: Incineroar|4
|
|upkeep
|
|t:|1779635046
|switch|p1a: Dragapult|Dragapult, F|100/100
|turn|25
|
|t:|1779635054
|move|p2a: Maushold|Bite|p1a: Dragapult
|-supereffective|p1a: Dragapult
|-enditem|p1a: Dragapult|Colbur Berry|[eat]
|-enditem|p1a: Dragapult|Colbur Berry|[weaken]
|-damage|p1a: Dragapult|68/100
|move|p1a: Dragapult|Dragon Dance|p1a: Dragapult
|-boost|p1a: Dragapult|atk|1
|-boost|p1a: Dragapult|spe|1
|
|upkeep
|turn|26
|
|t:|1779635065
|move|p1a: Dragapult|Dragon Darts|p2a: Maushold
|-damage|p2a: Maushold|0 fnt
|faint|p2a: Maushold
|
|upkeep
|
|t:|1779635072
|switch|p2a: Staraptor|Staraptor, F|58/100
|turn|27
|
|t:|1779635078
|move|p1a: Dragapult|Dragon Darts|p2a: Staraptor
|-damage|p2a: Staraptor|2/100
|-anim|p1a: Dragapult|Dragon Darts|p2a: Staraptor
|-damage|p2a: Staraptor|0 fnt
|faint|p2a: Staraptor
|
|upkeep
|
|t:|1779635086
|switch|p2a: Grafaiai|Grafaiai, M|88/100
|turn|28
|
|t:|1779635089
|move|p2a: Grafaiai|Toxic|p1a: Dragapult
|-status|p1a: Dragapult|tox
|move|p1a: Dragapult|Dragon Darts|p2a: Grafaiai
|-damage|p2a: Grafaiai|46/100
|-anim|p1a: Dragapult|Dragon Darts|p2a: Grafaiai
|-damage|p2a: Grafaiai|5/100
|
|-heal|p2a: Grafaiai|11/100|[from] item: Leftovers
|-damage|p1a: Dragapult|62/100 tox|[from] psn
|upkeep
|turn|29
|
|t:|1779635099
|move|p2a: Grafaiai|Parting Shot|p1a: Dragapult
|-unboost|p1a: Dragapult|atk|1
|-unboost|p1a: Dragapult|spa|1
|move|p1a: Dragapult|Psychic Fangs|p2a: Grafaiai
|-supereffective|p2a: Grafaiai
|-damage|p2a: Grafaiai|0 fnt
|faint|p2a: Grafaiai
|
|win|Vhicddgh
|raw|Vhicddgh's rating: 1096 &rarr; <strong>1123</strong><br />(+27 for winning)
|raw|rdtfyguhjnk's rating: 1110 &rarr; <strong>1084</strong><br />(-26 for losing)
|l|☆rdtfyguhjnk
|player|p2|
|l|‽Vhicddgh
|player|p1|
