|j|☆piunicoulours
|j|☆browoo42
|t:|1779629454
|gametype|singles
|player|p1|piunicoulours|169|1372
|player|p2|browoo42|102|1439
|gen|9
|tier|[Gen 9] OU
|rated|
|rule|HP Percentage Mod: HP is shown in percentages
|rule|Endless Battle Clause: Forcing endless battles is banned
|rule|Species Clause: Limit one of each Pokémon
|rule|OHKO Clause: OHKO moves are banned
|rule|Evasion Items Clause: Evasion items are banned
|rule|Evasion Moves Clause: Evasion moves are banned
|rule|Evasion Abilities Clause: Evasion abilities are banned
|rule|Sleep Moves Clause: Sleep-inducing moves are banned
|clearpoke
|poke|p1|Landorus-Therian, M|
|poke|p1|Great Tusk|
|poke|p1|Ogerpon-Wellspring, F|
|poke|p1|Kingambit, M|
|poke|p1|Slowking-Galar, M|
|poke|p1|Raging Bolt|
|poke|p2|Jirachi|
|poke|p2|Dragonite, M|
|poke|p2|Crawdaunt, F|
|poke|p2|Mew|
|poke|p2|Corviknight, F|
|poke|p2|Cinderace, F|
|teampreview
|l|☆browoo42
|player|p2|
|j|☆browoo42
|player|p2|browoo42|102|
|inactive|Battle timer is ON: inactive players will automatically lose when time's up. (requested by browoo42)
|
|t:|1779629479
|teamsize|p1|6
|teamsize|p2|6
|start
|switch|p1a: Great Tusk|Great Tusk|100/100
|switch|p2a: Mew|Mew|100/100
|turn|1
|
|t:|1779629485
|move|p2a: Mew|Ice Beam|p1a: Great Tusk
|-supereffective|p1a: Great Tusk
|-damage|p1a: Great Tusk|6/100
|-damage|p2a: Mew|91/100|[from] item: Life Orb
|move|p1a: Great Tusk|Knock Off|p2a: Mew
|-supereffective|p2a: Mew
|-damage|p2a: Mew|37/100
|-enditem|p2a: Mew|Life Orb|[from] move: Knock Off|[of] p1a: Great Tusk
|
|upkeep
|turn|2
|
|t:|1779629494
|-end|p1a: Great Tusk|Protosynthesis|[silent]
|switch|p1a: Slowking|Slowking-Galar, M|100/100
|move|p2a: Mew|Earth Power|p1a: Slowking
|-supereffective|p1a: Slowking
|-damage|p1a: Slowking|72/100
|
|upkeep
|turn|3
|
|t:|1779629504
|move|p2a: Mew|Earth Power|p1a: Slowking
|-supereffective|p1a: Slowking
|-damage|p1a: Slowking|42/100
|move|p1a: Slowking|Sludge Bomb|p2a: Mew
|-damage|p2a: Mew|0 fnt
|faint|p2a: Mew
|
|upkeep
|
|t:|1779629512
|switch|p2a: Crawdaunt|Crawdaunt, F|100/100
|turn|4
|
|t:|1779629515
|switch|p1a: Landorus|Landorus-Therian, M|100/100
|-ability|p1a: Landorus|Intimidate|boost
|-unboost|p2a: Crawdaunt|atk|1
|move|p2a: Crawdaunt|Knock Off|p1a: Landorus
|-damage|p1a: Landorus|53/100
|-damage|p2a: Crawdaunt|84/100|[from] item: Rocky Helmet|[of] p1a: Landorus
|-enditem|p1a: Landorus|Rocky Helmet|[from] move: Knock Off|[of] p2a: Crawdaunt
|
|upkeep
|turn|5
|
|t:|1779629526
|move|p1a: Landorus|Stealth Rock|p2a: Crawdaunt
|-sidestart|p2: browoo42|move: Stealth Rock
|move|p2a: Crawdaunt|Knock Off|p1a: Landorus
|-damage|p1a: Landorus|23/100
|
|upkeep
|turn|6
|
|t:|1779629531
|move|p2a: Crawdaunt|Aqua Jet|p1a: Landorus
|-supereffective|p1a: Landorus
|-damage|p1a: Landorus|0 fnt
|faint|p1a: Landorus
|
|upkeep
|
|t:|1779629534
|switch|p1a: Ogerpon|Ogerpon-Wellspring, F|100/100
|turn|7
|
|t:|1779629541
|switch|p2a: Corviknight|Corviknight, F|100/100
|-damage|p2a: Corviknight|88/100|[from] Stealth Rock
|move|p1a: Ogerpon|Encore||[still]
|-fail|p1a: Ogerpon
|
|upkeep
|turn|8
|
|t:|1779629549
|move|p1a: Ogerpon|Ivy Cudgel|p2a: Corviknight|[anim] Ivy Cudgel Water
|-damage|p2a: Corviknight|55/100
|move|p2a: Corviknight|Defog|p1a: Ogerpon
|-unboost|p1a: Ogerpon|evasion|1
|-sideend|p2: browoo42|Stealth Rock|[from] move: Defog|[of] p2a: Corviknight
|
|upkeep
|turn|9
|
|t:|1779629565
|switch|p1a: Great Tusk|Great Tusk|6/100
|switch|p2a: Crawdaunt|Crawdaunt, F|84/100
|
|upkeep
|turn|10
|
|t:|1779629572
|move|p1a: Great Tusk|Headlong Rush|p2a: Crawdaunt
|-damage|p2a: Crawdaunt|13/100
|-unboost|p1a: Great Tusk|def|1
|-unboost|p1a: Great Tusk|spd|1
|move|p2a: Crawdaunt|Knock Off|p1a: Great Tusk
|-resisted|p1a: Great Tusk
|-damage|p1a: Great Tusk|0 fnt
|-damage|p2a: Crawdaunt|0 fnt|[from] item: Rocky Helmet|[of] p1a: Great Tusk
|faint|p1a: Great Tusk
|-end|p1a: Great Tusk|Protosynthesis|[silent]
|faint|p2a: Crawdaunt
|
|upkeep
|
|t:|1779629589
|switch|p1a: Raging Bolt|Raging Bolt|100/100
|switch|p2a: Dragonite|Dragonite, M|100/100
|turn|11
|
|t:|1779629594
|move|p2a: Dragonite|Earthquake|p1a: Raging Bolt
|-supereffective|p1a: Raging Bolt
|-crit|p1a: Raging Bolt
|-damage|p1a: Raging Bolt|0 fnt
|faint|p1a: Raging Bolt
|-end|p1a: Raging Bolt|Protosynthesis|[silent]
|
|upkeep
|
|t:|1779629599
|switch|p1a: Slowking|Slowking-Galar, M|75/100
|turn|12
|
|t:|1779629602
|move|p2a: Dragonite|Earthquake|p1a: Slowking
|-supereffective|p1a: Slowking
|-damage|p1a: Slowking|0 fnt
|faint|p1a: Slowking
|
|upkeep
|
|t:|1779629608
|switch|p1a: Ogerpon|Ogerpon-Wellspring, F|100/100
|turn|13
|
|t:|1779629615
|switch|p2a: Jirachi|Jirachi|100/100
|move|p1a: Ogerpon|Ivy Cudgel|p2a: Jirachi|[anim] Ivy Cudgel Water
|-damage|p2a: Jirachi|44/100
|
|upkeep
|turn|14
|
|t:|1779629622
|move|p2a: Jirachi|Iron Head|p1a: Ogerpon
|-resisted|p1a: Ogerpon
|-damage|p1a: Ogerpon|78/100
|cant|p1a: Ogerpon|flinch
|
|upkeep
|turn|15
|
|t:|1779629627
|move|p2a: Jirachi|Iron Head|p1a: Ogerpon
|-resisted|p1a: Ogerpon
|-crit|p1a: Ogerpon
|-damage|p1a: Ogerpon|44/100
|cant|p1a: Ogerpon|flinch
|
|upkeep
|turn|16
|
|t:|1779629633
|move|p2a: Jirachi|Iron Head|p1a: Ogerpon
|-resisted|p1a: Ogerpon
|-damage|p1a: Ogerpon|20/100
|cant|p1a: Ogerpon|flinch
|
|upkeep
|turn|17
|
|t:|1779629639
|move|p2a: Jirachi|Iron Head|p1a: Ogerpon
|-resisted|p1a: Ogerpon
|-damage|p1a: Ogerpon|0 fnt
|faint|p1a: Ogerpon
|
|upkeep
|
|t:|1779629642
|switch|p1a: Kingambit|Kingambit, M|100/100
|-activate|p1a: Kingambit|ability: Supreme Overlord
|-start|p1a: Kingambit|fallen5|[silent]
|turn|18
|
|t:|1779629648
|switch|p2a: Corviknight|Corviknight, F|55/100
|move|p1a: Kingambit|Swords Dance|p1a: Kingambit
|-boost|p1a: Kingambit|atk|2
|
|upkeep
|turn|19
|
|t:|1779629657
|-terastallize|p1a: Kingambit|Dark
|move|p2a: Corviknight|Body Press|p1a: Kingambit
|-supereffective|p1a: Kingambit
|-damage|p1a: Kingambit|65/100
|move|p1a: Kingambit|Kowtow Cleave|p2a: Corviknight
|-damage|p2a: Corviknight|0 fnt
|-damage|p1a: Kingambit|48/100|[from] item: Rocky Helmet|[of] p2a: Corviknight
|faint|p2a: Corviknight
|
|-heal|p1a: Kingambit|54/100|[from] item: Leftovers
|upkeep
|
|t:|1779629671
|switch|p2a: Cinderace|Cinderace, F|100/100
|turn|20
|
|t:|1779629675
|move|p1a: Kingambit|Sucker Punch||[still]
|-fail|p1a: Kingambit
|move|p2a: Cinderace|Will-O-Wisp|p1a: Kingambit
|-status|p1a: Kingambit|brn
|
|-heal|p1a: Kingambit|61/100 brn|[from] item: Leftovers
|-damage|p1a: Kingambit|54/100 brn|[from] brn
|upkeep
|turn|21
|
|t:|1779629690
|move|p2a: Cinderace|Sucker Punch|p1a: Kingambit
|-start|p2a: Cinderace|typechange|Dark|[from] ability: Libero
|-resisted|p1a: Kingambit
|-damage|p1a: Kingambit|42/100 brn
|move|p1a: Kingambit|Kowtow Cleave|p2a: Cinderace
|-resisted|p2a: Cinderace
|-damage|p2a: Cinderace|39/100
|
|-heal|p1a: Kingambit|48/100 brn|[from] item: Leftovers
|-damage|p1a: Kingambit|42/100 brn|[from] brn
|upkeep
|turn|22
|
|t:|1779629702
|move|p1a: Kingambit|Sucker Punch|p2a: Cinderace
|-resisted|p2a: Cinderace
|-damage|p2a: Cinderace|0 fnt
|faint|p2a: Cinderace
|
|-heal|p1a: Kingambit|48/100 brn|[from] item: Leftovers
|-damage|p1a: Kingambit|42/100 brn|[from] brn
|upkeep
|
|t:|1779629712
|switch|p2a: Dragonite|Dragonite, M|100/100
|turn|23
|
|t:|1779629718
|-terastallize|p2a: Dragonite|Normal
|move|p2a: Dragonite|Extreme Speed|p1a: Kingambit
|-damage|p1a: Kingambit|0 fnt
|faint|p1a: Kingambit
|-end|p1a: Kingambit|fallen5|[silent]
|
|win|browoo42
|raw|piunicoulours's rating: 1372 &rarr; <strong>1356</strong><br />(-16 for losing)
|raw|browoo42's rating: 1439 &rarr; <strong>1455</strong><br />(+16 for winning)
|c|☆browoo42|Gg
|l|☆browoo42
|player|p2|
|l|☆piunicoulours
|player|p1|
