|j|☆bjls
|j|☆ihymyly
|t:|1779625637
|gametype|singles
|player|p1|bjls|hilda|1552
|player|p2|ihymyly|102|1555
|gen|9
|tier|[Gen 9] OU
|rated|
|rule|HP Percentage Mod: HP is shown in percentages
|rule|Endless Battle Clause: Forcing endless battles is banned
|rule|Species Clause: Limit one of each Pokémon
|rule|OHKO Clause: OHKO moves are banned
|rule|Evasion Items Clause: Evasion items are banned
|rule|Evasion Moves Clause: Evasion moves are banned
|rule|Evasion Abilities Clause: Evasion abilities are banned
|rule|Sleep Moves Clause: Sleep-inducing moves are banned
|clearpoke
|poke|p1|Pelipper, M|
|poke|p1|Basculegion, M|
|poke|p1|Iron Jugulis|
|poke|p1|Raging Bolt|
|poke|p1|Iron Treads|
|poke|p1|Kingambit, M|
|poke|p2|Darkrai|
|poke|p2|Kingambit, M|
|poke|p2|Samurott-Hisui, M|
|poke|p2|Gliscor, F|
|poke|p2|Great Tusk|
|poke|p2|Pecharunt|
|teampreview
|inactive|Battle timer is ON: inactive players will automatically lose when time's up. (requested by bjls)
|
|t:|1779625640
|teamsize|p1|6
|teamsize|p2|6
|start
|switch|p1a: 大卫·戴|Pelipper, M|100/100
|switch|p2a: almost evil jordan|Darkrai, shiny|100/100
|-weather|RainDance|[from] ability: Drizzle|[of] p1a: 大卫·戴
|turn|1
|
|t:|1779625644
|move|p2a: almost evil jordan|Dark Pulse|p1a: 大卫·戴
|-damage|p1a: 大卫·戴|49/100
|move|p1a: 大卫·戴|U-turn|p2a: almost evil jordan
|-supereffective|p2a: almost evil jordan
|-damage|p2a: almost evil jordan|79/100
|
|t:|1779625648
|switch|p1a: 一汽·大运|Basculegion, M|100/100|[from] U-turn
|
|-weather|RainDance|[upkeep]
|-heal|p2a: almost evil jordan|86/100|[from] item: Leftovers
|upkeep
|turn|2
|
|t:|1779625660
|move|p1a: 一汽·大运|Wave Crash|p2a: almost evil jordan
|-damage|p2a: almost evil jordan|0 fnt
|faint|p2a: almost evil jordan
|-damage|p1a: 一汽·大运|78/100|[from] Recoil
|
|-weather|RainDance|[upkeep]
|upkeep
|
|t:|1779625664
|switch|p2a: Blue Dice|Samurott-Hisui, M|100/100
|turn|3
|
|t:|1779625668
|switch|p1a: 驭雷掣电天尊|Raging Bolt|100/100
|-enditem|p1a: 驭雷掣电天尊|Booster Energy
|-activate|p1a: 驭雷掣电天尊|ability: Protosynthesis|[fromitem]
|-start|p1a: 驭雷掣电天尊|protosynthesisspa
|move|p2a: Blue Dice|Ceaseless Edge|p1a: 驭雷掣电天尊|[miss]
|-miss|p2a: Blue Dice|p1a: 驭雷掣电天尊
|
|-weather|RainDance|[upkeep]
|upkeep
|turn|4
|
|t:|1779625674
|switch|p2a: Gliscor|Gliscor, F|100/100
|move|p1a: 驭雷掣电天尊|Weather Ball|p2a: Gliscor
|-supereffective|p2a: Gliscor
|-damage|p2a: Gliscor|0 fnt
|faint|p2a: Gliscor
|
|-weather|RainDance|[upkeep]
|upkeep
|
|t:|1779625677
|switch|p2a: Great Tusk|Great Tusk|100/100
|turn|5
|
|t:|1779625680
|-terastallize|p1a: 驭雷掣电天尊|Fairy
|move|p2a: Great Tusk|Headlong Rush|p1a: 驭雷掣电天尊
|-damage|p1a: 驭雷掣电天尊|56/100
|-unboost|p2a: Great Tusk|def|1
|-unboost|p2a: Great Tusk|spd|1
|move|p1a: 驭雷掣电天尊|Weather Ball|p2a: Great Tusk
|-supereffective|p2a: Great Tusk
|-damage|p2a: Great Tusk|0 fnt
|faint|p2a: Great Tusk
|-end|p2a: Great Tusk|Protosynthesis|[silent]
|
|-weather|RainDance|[upkeep]
|upkeep
|
|t:|1779625686
|switch|p2a: Pecharunt|Pecharunt|100/100
|turn|6
|
|t:|1779625690
|move|p2a: Pecharunt|Malignant Chain|p1a: 驭雷掣电天尊
|-supereffective|p1a: 驭雷掣电天尊
|-crit|p1a: 驭雷掣电天尊
|-damage|p1a: 驭雷掣电天尊|0 fnt
|faint|p1a: 驭雷掣电天尊
|-end|p1a: 驭雷掣电天尊|Protosynthesis|[silent]
|
|-weather|RainDance|[upkeep]
|upkeep
|
|t:|1779625694
|switch|p1a: 一汽·大运|Basculegion, M|78/100
|turn|7
|
|t:|1779625699
|move|p1a: 一汽·大运|Wave Crash|p2a: Pecharunt
|-damage|p2a: Pecharunt|37/100
|-damage|p1a: 一汽·大运|57/100|[from] Recoil
|move|p2a: Pecharunt|Parting Shot|p1a: 一汽·大运
|-unboost|p1a: 一汽·大运|atk|1
|-unboost|p1a: 一汽·大运|spa|1
|
|t:|1779625704
|switch|p2a: Blue Dice|Samurott-Hisui, M|100/100|[from] Parting Shot
|
|-weather|RainDance|[upkeep]
|upkeep
|turn|8
|
|t:|1779625708
|move|p1a: 一汽·大运|Wave Crash|p2a: Blue Dice
|-resisted|p2a: Blue Dice
|-damage|p2a: Blue Dice|54/100
|-damage|p1a: 一汽·大运|42/100|[from] Recoil
|move|p2a: Blue Dice|Ceaseless Edge|p1a: 一汽·大运
|-supereffective|p1a: 一汽·大运
|-damage|p1a: 一汽·大运|0 fnt
|-sidestart|p1: bjls|Spikes
|faint|p1a: 一汽·大运
|
|-weather|none
|upkeep
|
|t:|1779625711
|switch|p1a: 大卫·戴|Pelipper, M|49/100
|-weather|RainDance|[from] ability: Drizzle|[of] p1a: 大卫·戴
|turn|9
|
|t:|1779625718
|move|p2a: Blue Dice|Knock Off|p1a: 大卫·戴
|-damage|p1a: 大卫·戴|18/100
|-enditem|p1a: 大卫·戴|Damp Rock|[from] move: Knock Off|[of] p2a: Blue Dice
|move|p1a: 大卫·戴|Hurricane|p2a: Blue Dice
|-damage|p2a: Blue Dice|26/100
|-start|p2a: Blue Dice|confusion
|
|-weather|RainDance|[upkeep]
|upkeep
|turn|10
|
|t:|1779625725
|-activate|p2a: Blue Dice|confusion
|move|p2a: Blue Dice|Ceaseless Edge|p1a: 大卫·戴
|-damage|p1a: 大卫·戴|0 fnt
|-sidestart|p1: bjls|Spikes
|faint|p1a: 大卫·戴
|
|-weather|RainDance|[upkeep]
|upkeep
|
|t:|1779625727
|switch|p1a: 帝车超光所向捷|Iron Treads|100/100
|-damage|p1a: 帝车超光所向捷|84/100|[from] Spikes
|-enditem|p1a: 帝车超光所向捷|Booster Energy
|-activate|p1a: 帝车超光所向捷|ability: Quark Drive|[fromitem]
|-start|p1a: 帝车超光所向捷|quarkdrivespe
|turn|11
|
|t:|1779625733
|switch|p2a: Pecharunt|Pecharunt|37/100
|move|p1a: 帝车超光所向捷|Earthquake|p2a: Pecharunt
|-supereffective|p2a: Pecharunt
|-damage|p2a: Pecharunt|0 fnt
|faint|p2a: Pecharunt
|
|-weather|RainDance|[upkeep]
|upkeep
|
|t:|1779625736
|switch|p2a: Samurai Sultan|Kingambit, M, shiny|100/100
|-activate|p2a: Samurai Sultan|ability: Supreme Overlord
|-start|p2a: Samurai Sultan|fallen4|[silent]
|turn|12
|
|t:|1779625740
|-terastallize|p2a: Samurai Sultan|Ghost
|move|p1a: 帝车超光所向捷|Earthquake|p2a: Samurai Sultan
|-damage|p2a: Samurai Sultan|61/100
|move|p2a: Samurai Sultan|Swords Dance|p2a: Samurai Sultan
|-boost|p2a: Samurai Sultan|atk|2
|
|-weather|RainDance|[upkeep]
|upkeep
|turn|13
|
|t:|1779625746
|move|p1a: 帝车超光所向捷|Earthquake|p2a: Samurai Sultan
|-damage|p2a: Samurai Sultan|26/100
|move|p2a: Samurai Sultan|Swords Dance|p2a: Samurai Sultan
|-boost|p2a: Samurai Sultan|atk|2
|
|-weather|RainDance|[upkeep]
|upkeep
|turn|14
|
|t:|1779625752
|move|p1a: 帝车超光所向捷|Earthquake|p2a: Samurai Sultan
|-damage|p2a: Samurai Sultan|0 fnt
|faint|p2a: Samurai Sultan
|-end|p2a: Samurai Sultan|fallen4|[silent]
|
|-weather|RainDance|[upkeep]
|upkeep
|-message|ihymyly forfeited.
|
|win|bjls
|raw|bjls's rating: 1552 &rarr; <strong>1572</strong><br />(+20 for winning)
|raw|ihymyly's rating: 1555 &rarr; <strong>1535</strong><br />(-20 for losing)
|l|☆ihymyly
|player|p2|
|l|☆bjls
|player|p1|
