|j|☆metallettuce52
|j|☆ju2508
|t:|1779722568
|gametype|singles
|player|p1|metallettuce52|elesa|1178
|player|p2|ju2508|101|1185
|gen|9
|tier|[Gen 9] OU
|rated|
|rule|HP Percentage Mod: HP is shown in percentages
|rule|Endless Battle Clause: Forcing endless battles is banned
|rule|Species Clause: Limit one of each Pokémon
|rule|OHKO Clause: OHKO moves are banned
|rule|Evasion Items Clause: Evasion items are banned
|rule|Evasion Moves Clause: Evasion moves are banned
|rule|Evasion Abilities Clause: Evasion abilities are banned
|rule|Sleep Moves Clause: Sleep-inducing moves are banned
|clearpoke
|poke|p1|Oricorio-Sensu, F|
|poke|p1|Alomomola, F|
|poke|p1|Glimmora, M|
|poke|p1|Meowscarada, F|
|poke|p1|Cloyster, M|
|poke|p1|Arcanine-Hisui, F|
|poke|p2|Feraligatr, F|
|poke|p2|Donphan, F|
|poke|p2|Sylveon, F|
|poke|p2|Magneton|
|poke|p2|Serperior, M|
|poke|p2|Flamigo, F|
|teampreview
|inactive|Battle timer is ON: inactive players will automatically lose when time's up. (requested by metallettuce52)
|
|t:|1779722576
|teamsize|p1|6
|teamsize|p2|6
|start
|switch|p1a: Asmongold|Glimmora, M|100/100
|switch|p2a: Magneton|Magneton|100/100
|turn|1
|
|t:|1779722584
|move|p1a: Asmongold|Stealth Rock|p2a: Magneton
|-sidestart|p2: ju2508|move: Stealth Rock
|move|p2a: Magneton|Flash Cannon|p1a: Asmongold
|-supereffective|p1a: Asmongold
|-enditem|p1a: Asmongold|Focus Sash
|-damage|p1a: Asmongold|1/100
|
|upkeep
|turn|2
|
|t:|1779722592
|move|p1a: Asmongold|Power Gem|p2a: Magneton
|-resisted|p2a: Magneton
|-damage|p2a: Magneton|78/100
|move|p2a: Magneton|Flash Cannon|p1a: Asmongold
|-supereffective|p1a: Asmongold
|-damage|p1a: Asmongold|0 fnt
|faint|p1a: Asmongold
|
|upkeep
|
|t:|1779722604
|switch|p1a: Doug|Arcanine-Hisui, F|100/100
|turn|3
|
|t:|1779722609
|switch|p2a: Feraligatr|Feraligatr, F|100/100
|-damage|p2a: Feraligatr|88/100|[from] Stealth Rock
|move|p1a: Doug|Flare Blitz|p2a: Feraligatr
|-resisted|p2a: Feraligatr
|-damage|p2a: Feraligatr|44/100
|
|upkeep
|turn|4
|
|t:|1779722622
|move|p1a: Doug|Flare Blitz|p2a: Feraligatr
|-resisted|p2a: Feraligatr
|-damage|p2a: Feraligatr|0 fnt
|faint|p2a: Feraligatr
|
|upkeep
|
|t:|1779722627
|switch|p2a: Donphan|Donphan, F|100/100
|-damage|p2a: Donphan|94/100|[from] Stealth Rock
|turn|5
|
|t:|1779722633
|move|p1a: Doug|Flare Blitz|p2a: Donphan
|-damage|p2a: Donphan|42/100
|move|p2a: Donphan|Rapid Spin|p1a: Doug
|-resisted|p1a: Doug
|-damage|p1a: Doug|92/100
|-boost|p2a: Donphan|spe|1
|-sideend|p2: ju2508|Stealth Rock|[from] move: Rapid Spin|[of] p2a: Donphan
|
|-heal|p2a: Donphan|49/100|[from] item: Leftovers
|upkeep
|turn|6
|
|t:|1779722647
|move|p1a: Doug|Flare Blitz|p2a: Donphan
|-damage|p2a: Donphan|2/100
|move|p2a: Donphan|Knock Off|p1a: Doug
|-damage|p1a: Doug|59/100
|-enditem|p1a: Doug|Choice Band|[from] move: Knock Off|[of] p2a: Donphan
|
|-heal|p2a: Donphan|8/100|[from] item: Leftovers
|upkeep
|turn|7
|
|t:|1779722662
|move|p1a: Doug|Extreme Speed|p2a: Donphan
|-damage|p2a: Donphan|0 fnt
|faint|p2a: Donphan
|
|upkeep
|
|t:|1779722667
|switch|p2a: Flamigo|Flamigo, F|100/100
|turn|8
|
|t:|1779722677
|move|p2a: Flamigo|Close Combat|p1a: Doug
|-supereffective|p1a: Doug
|-damage|p1a: Doug|0 fnt
|-unboost|p2a: Flamigo|def|1
|-unboost|p2a: Flamigo|spd|1
|faint|p1a: Doug
|
|upkeep
|
|t:|1779722692
|switch|p1a: Flesh|Cloyster, M|100/100
|turn|9
|
|t:|1779722698
|-terastallize|p1a: Flesh|Water
|move|p2a: Flamigo|Close Combat|p1a: Flesh
|-damage|p1a: Flesh|49/100
|-unboost|p2a: Flamigo|def|1
|-unboost|p2a: Flamigo|spd|1
|move|p1a: Flesh|Shell Smash|p1a: Flesh
|-unboost|p1a: Flesh|def|1
|-unboost|p1a: Flesh|spd|1
|-boost|p1a: Flesh|atk|2
|-boost|p1a: Flesh|spa|2
|-boost|p1a: Flesh|spe|2
|-enditem|p1a: Flesh|White Herb
|-clearnegativeboost|p1a: Flesh|[silent]
|
|upkeep
|turn|10
|
|t:|1779722715
|move|p1a: Flesh|Icicle Spear|p2a: Flamigo
|-supereffective|p2a: Flamigo
|-damage|p2a: Flamigo|0 fnt
|faint|p2a: Flamigo
|-hitcount|p2: Flamigo|1
|
|upkeep
|
|t:|1779722721
|switch|p2a: Magneton|Magneton|78/100
|turn|11
|
|t:|1779722725
|move|p1a: Flesh|Icicle Spear|p2a: Magneton
|-resisted|p2a: Magneton
|-damage|p2a: Magneton|70/100
|-resisted|p2a: Magneton
|-damage|p2a: Magneton|62/100
|-resisted|p2a: Magneton
|-damage|p2a: Magneton|52/100
|-resisted|p2a: Magneton
|-damage|p2a: Magneton|44/100
|-resisted|p2a: Magneton
|-damage|p2a: Magneton|34/100
|-hitcount|p2a: Magneton|5
|move|p2a: Magneton|Volt Switch|p1a: Flesh
|-supereffective|p1a: Flesh
|-damage|p1a: Flesh|0 fnt
|faint|p1a: Flesh
|
|t:|1779722738
|switch|p2a: Serperior|Serperior, M|100/100|[from] Volt Switch
|
|upkeep
|
|t:|1779722745
|switch|p1a: The Bouncer|Meowscarada, F|100/100
|turn|12
|
|t:|1779722750
|move|p1a: The Bouncer|Triple Axel|p2a: Serperior
|-start|p1a: The Bouncer|typechange|Ice|[from] ability: Protean
|-supereffective|p2a: Serperior
|-damage|p2a: Serperior|65/100
|-supereffective|p2a: Serperior
|-damage|p2a: Serperior|0 fnt
|faint|p2a: Serperior
|-hitcount|p2: Serperior|2
|
|upkeep
|
|t:|1779722759
|switch|p2a: Magneton|Magneton|34/100
|turn|13
|
|t:|1779722764
|switch|p1a: Fih|Alomomola, F|100/100
|move|p2a: Magneton|Flash Cannon|p1a: Fih
|-resisted|p1a: Fih
|-damage|p1a: Fih|74/100
|
|-heal|p1a: Fih|80/100|[from] item: Leftovers
|upkeep
|turn|14
|
|t:|1779722776
|move|p2a: Magneton|Thunderbolt|p1a: Fih
|-supereffective|p1a: Fih
|-damage|p1a: Fih|0 fnt
|faint|p1a: Fih
|
|upkeep
|
|t:|1779722784
|switch|p1a: The Bouncer|Meowscarada, F|100/100
|turn|15
|
|t:|1779722801
|move|p1a: The Bouncer|Sucker Punch|p2a: Magneton
|-start|p1a: The Bouncer|typechange|Dark|[from] ability: Protean
|-damage|p2a: Magneton|0 fnt
|faint|p2a: Magneton
|
|upkeep
|
|t:|1779722808
|switch|p2a: Sylveon|Sylveon, F|100/100
|turn|16
|
|t:|1779722814
|switch|p1a: Assreaper|Oricorio-Sensu, F|100/100
|move|p2a: Sylveon|Hyper Voice|p1a: Assreaper
|-damage|p1a: Assreaper|50/100
|
|upkeep
|turn|17
|
|t:|1779722824
|move|p1a: Assreaper|Quiver Dance|p1a: Assreaper
|-boost|p1a: Assreaper|spa|1
|-boost|p1a: Assreaper|spd|1
|-boost|p1a: Assreaper|spe|1
|move|p2a: Sylveon|Hyper Voice|p1a: Assreaper
|-damage|p1a: Assreaper|13/100
|
|upkeep
|turn|18
|
|t:|1779722833
|move|p1a: Assreaper|Revelation Dance|p2a: Sylveon
|-damage|p2a: Sylveon|74/100
|move|p2a: Sylveon|Calm Mind|p2a: Sylveon
|-boost|p2a: Sylveon|spa|1
|-boost|p2a: Sylveon|spd|1
|
|-heal|p2a: Sylveon|80/100|[from] item: Leftovers
|upkeep
|turn|19
|
|t:|1779722845
|move|p1a: Assreaper|Hurricane|p2a: Sylveon|[miss]
|-miss|p1a: Assreaper|p2a: Sylveon
|move|p2a: Sylveon|Hyper Voice|p1a: Assreaper
|-damage|p1a: Assreaper|0 fnt
|faint|p1a: Assreaper
|
|-heal|p2a: Sylveon|86/100|[from] item: Leftovers
|upkeep
|
|t:|1779722855
|switch|p1a: The Bouncer|Meowscarada, F|100/100
|turn|20
|
|t:|1779722862
|-terastallize|p2a: Sylveon|Fairy
|move|p1a: The Bouncer|Triple Axel|p2a: Sylveon
|-start|p1a: The Bouncer|typechange|Ice|[from] ability: Protean
|-damage|p2a: Sylveon|67/100
|-damage|p2a: Sylveon|32/100
|-damage|p2a: Sylveon|0 fnt
|faint|p2a: Sylveon
|-hitcount|p2: Sylveon|3
|
|win|metallettuce52
|raw|metallettuce52's rating: 1178 &rarr; <strong>1204</strong><br />(+26 for winning)
|raw|ju2508's rating: 1185 &rarr; <strong>1159</strong><br />(-26 for losing)
|l|☆ju2508
|player|p2|
|l|☆metallettuce52
|player|p1|
