|j|☆efearferferzzf
|j|☆Dodiabla
|t:|1779685794
|gametype|singles
|player|p1|efearferferzzf|teamrocket|1263
|player|p2|Dodiabla|blue|1301
|gen|9
|tier|[Gen 9] OU
|rated|
|rule|HP Percentage Mod: HP is shown in percentages
|rule|Endless Battle Clause: Forcing endless battles is banned
|rule|Species Clause: Limit one of each Pokémon
|rule|OHKO Clause: OHKO moves are banned
|rule|Evasion Items Clause: Evasion items are banned
|rule|Evasion Moves Clause: Evasion moves are banned
|rule|Evasion Abilities Clause: Evasion abilities are banned
|rule|Sleep Moves Clause: Sleep-inducing moves are banned
|clearpoke
|poke|p1|Walking Wake|
|poke|p1|Scovillain, M|
|poke|p1|Torkoal, M|
|poke|p1|Ninetales, F|
|poke|p1|Venusaur, F|
|poke|p1|Cinderace, M|
|poke|p2|Conkeldurr, M|
|poke|p2|Iron Crown|
|poke|p2|Glimmora, F|
|poke|p2|Enamorus, F|
|poke|p2|Clodsire, M|
|poke|p2|Zapdos|
|teampreview
|
|t:|1779685803
|teamsize|p1|6
|teamsize|p2|6
|start
|switch|p1a: Torkoal|Torkoal, M|100/100
|switch|p2a: Glimmora|Glimmora, F|100/100
|-weather|SunnyDay|[from] ability: Drought|[of] p1a: Torkoal
|turn|1
|
|t:|1779685809
|move|p2a: Glimmora|Spikes|p1a: Torkoal
|-sidestart|p1: efearferferzzf|Spikes
|move|p1a: Torkoal|Lava Plume|p2a: Glimmora
|-resisted|p2a: Glimmora
|-damage|p2a: Glimmora|74/100
|
|-weather|SunnyDay|[upkeep]
|upkeep
|turn|2
|
|t:|1779685815
|move|p2a: Glimmora|Earth Power|p1a: Torkoal
|-supereffective|p1a: Torkoal
|-damage|p1a: Torkoal|12/100
|move|p1a: Torkoal|Body Press|p2a: Glimmora
|-damage|p2a: Glimmora|43/100
|-activate|p2a: Glimmora|ability: Toxic Debris
|-sidestart|p1: efearferferzzf|move: Toxic Spikes
|
|-weather|SunnyDay|[upkeep]
|upkeep
|turn|3
|
|t:|1779685823
|move|p2a: Glimmora|Earth Power|p1a: Torkoal
|-supereffective|p1a: Torkoal
|-damage|p1a: Torkoal|0 fnt
|faint|p1a: Torkoal
|
|-weather|SunnyDay|[upkeep]
|upkeep
|
|t:|1779685831
|switch|p1a: Cinderace|Cinderace, M|100/100
|turn|4
|
|t:|1779685839
|move|p1a: Cinderace|Court Change|p1a: Cinderace
|-start|p1a: Cinderace|typechange|Normal|[from] ability: Libero
|-swapsideconditions
|-activate|p1a: Cinderace|move: Court Change
|move|p2a: Glimmora|Earth Power|p1a: Cinderace
|-damage|p1a: Cinderace|62/100
|
|-weather|SunnyDay|[upkeep]
|upkeep
|turn|5
|
|t:|1779685847
|move|p1a: Cinderace|Pyro Ball|p2a: Glimmora
|-resisted|p2a: Glimmora
|-damage|p2a: Glimmora|14/100
|-activate|p2a: Glimmora|ability: Toxic Debris
|-sidestart|p1: efearferferzzf|move: Toxic Spikes
|move|p2a: Glimmora|Stealth Rock|p1a: Cinderace
|-sidestart|p1: efearferferzzf|move: Stealth Rock
|
|-weather|SunnyDay|[upkeep]
|upkeep
|turn|6
|
|t:|1779685863
|move|p1a: Cinderace|Pyro Ball|p2a: Glimmora
|-resisted|p2a: Glimmora
|-damage|p2a: Glimmora|0 fnt
|-activate|p2a: Glimmora|ability: Toxic Debris
|-sidestart|p1: efearferferzzf|move: Toxic Spikes
|faint|p2a: Glimmora
|
|-weather|SunnyDay|[upkeep]
|upkeep
|
|t:|1779685866
|switch|p2a: Clodsire|Clodsire, M|100/100
|-damage|p2a: Clodsire|88/100|[from] Spikes
|-sideend|p2: Dodiabla|move: Toxic Spikes|[of] p2a: Clodsire
|turn|7
|
|t:|1779685873
|move|p1a: Cinderace|Court Change|p1a: Cinderace
|-swapsideconditions
|-activate|p1a: Cinderace|move: Court Change
|move|p2a: Clodsire|Curse|p2a: Clodsire
|-unboost|p2a: Clodsire|spe|1
|-boost|p2a: Clodsire|atk|1
|-boost|p2a: Clodsire|def|1
|
|-weather|SunnyDay|[upkeep]
|upkeep
|turn|8
|
|t:|1779685895
|move|p1a: Cinderace|Pyro Ball|p2a: Clodsire
|-damage|p2a: Clodsire|48/100
|move|p2a: Clodsire|Curse|p2a: Clodsire
|-unboost|p2a: Clodsire|spe|1
|-boost|p2a: Clodsire|atk|1
|-boost|p2a: Clodsire|def|1
|
|-weather|none
|upkeep
|turn|9
|
|t:|1779685904
|switch|p1a: Ninetales|Ninetales, F|100/100
|-damage|p1a: Ninetales|88/100|[from] Spikes
|-weather|SunnyDay|[from] ability: Drought|[of] p1a: Ninetales
|move|p2a: Clodsire|Recover|p2a: Clodsire
|-heal|p2a: Clodsire|98/100
|
|-weather|SunnyDay|[upkeep]
|upkeep
|turn|10
|
|t:|1779685912
|move|p1a: Ninetales|Encore|p2a: Clodsire
|-start|p2a: Clodsire|Encore
|move|p2a: Clodsire|Recover|p2a: Clodsire
|-heal|p2a: Clodsire|100/100
|
|-weather|SunnyDay|[upkeep]
|upkeep
|turn|11
|
|t:|1779685923
|switch|p1a: Walking Wake|Walking Wake|100/100
|-damage|p1a: Walking Wake|88/100|[from] Spikes
|-activate|p1a: Walking Wake|ability: Protosynthesis
|-start|p1a: Walking Wake|protosynthesisspe
|move|p2a: Clodsire|Recover||[still]
|-fail|p2a: Clodsire|heal
|
|-weather|SunnyDay|[upkeep]
|upkeep
|turn|12
|
|t:|1779685932
|move|p1a: Walking Wake|Hydro Steam|p2a: Clodsire
|-immune|p2a: Clodsire|[from] ability: Water Absorb
|move|p2a: Clodsire|Recover||[still]
|-fail|p2a: Clodsire|heal
|
|-weather|SunnyDay|[upkeep]
|-end|p2a: Clodsire|Encore
|upkeep
|turn|13
|
|t:|1779685941
|-end|p1a: Walking Wake|Protosynthesis|[silent]
|switch|p1a: Ninetales|Ninetales, F|88/100
|-damage|p1a: Ninetales|75/100|[from] Spikes
|move|p2a: Clodsire|Earthquake|p1a: Ninetales
|-supereffective|p1a: Ninetales
|-damage|p1a: Ninetales|0 fnt
|faint|p1a: Ninetales
|
|-weather|SunnyDay|[upkeep]
|upkeep
|
|t:|1779685961
|switch|p1a: Venusaur|Venusaur, F|100/100
|-damage|p1a: Venusaur|88/100|[from] Spikes
|turn|14
|
|t:|1779685965
|move|p1a: Venusaur|Growth|p1a: Venusaur
|-boost|p1a: Venusaur|atk|2
|-boost|p1a: Venusaur|spa|2
|move|p2a: Clodsire|Earthquake|p1a: Venusaur
|-damage|p1a: Venusaur|18/100
|
|-weather|SunnyDay|[upkeep]
|upkeep
|turn|15
|
|t:|1779685973
|move|p1a: Venusaur|Earth Power|p2a: Clodsire
|-supereffective|p2a: Clodsire
|-damage|p2a: Clodsire|44/100
|move|p2a: Clodsire|Earthquake|p1a: Venusaur
|-damage|p1a: Venusaur|0 fnt
|faint|p1a: Venusaur
|
|-weather|SunnyDay|[upkeep]
|upkeep
|
|t:|1779685982
|switch|p1a: Walking Wake|Walking Wake|88/100
|-damage|p1a: Walking Wake|76/100|[from] Spikes
|-activate|p1a: Walking Wake|ability: Protosynthesis
|-start|p1a: Walking Wake|protosynthesisspe
|turn|16
|
|t:|1779685987
|move|p1a: Walking Wake|Draco Meteor|p2a: Clodsire
|-damage|p2a: Clodsire|0 fnt
|-unboost|p1a: Walking Wake|spa|2
|faint|p2a: Clodsire
|
|-weather|none
|-end|p1a: Walking Wake|Protosynthesis
|upkeep
|
|t:|1779685993
|switch|p2a: Enamorus|Enamorus, F|100/100
|-damage|p2a: Enamorus|76/100|[from] Stealth Rock
|turn|17
|
|t:|1779685998
|-end|p1a: Walking Wake|Protosynthesis|[silent]
|switch|p1a: Cinderace|Cinderace, M|62/100
|move|p2a: Enamorus|Moonblast|p1a: Cinderace
|-resisted|p1a: Cinderace
|-damage|p1a: Cinderace|19/100
|-unboost|p1a: Cinderace|spa|1
|
|upkeep
|turn|18
|
|t:|1779686008
|move|p2a: Enamorus|Moonblast|p1a: Cinderace
|-resisted|p1a: Cinderace
|-damage|p1a: Cinderace|0 fnt
|faint|p1a: Cinderace
|
|upkeep
|
|t:|1779686014
|switch|p1a: Scovillain|Scovillain, M|100/100
|-damage|p1a: Scovillain|88/100|[from] Spikes
|turn|19
|
|t:|1779686019
|switch|p2a: Conkeldurr|Conkeldurr, M|100/100
|-status|p2a: Conkeldurr|tox
|-damage|p2a: Conkeldurr|94/100 tox|[from] Stealth Rock
|move|p1a: Scovillain|Flamethrower|p2a: Conkeldurr
|-damage|p2a: Conkeldurr|27/100 tox
|-damage|p1a: Scovillain|78/100|[from] item: Life Orb
|
|-damage|p2a: Conkeldurr|21/100 tox|[from] psn
|upkeep
|turn|20
|
|t:|1779686031
|move|p1a: Scovillain|Flamethrower|p2a: Conkeldurr
|-damage|p2a: Conkeldurr|0 fnt
|faint|p2a: Conkeldurr
|-damage|p1a: Scovillain|68/100|[from] item: Life Orb
|
|upkeep
|
|t:|1779686034
|switch|p2a: Zapdos|Zapdos|100/100
|turn|21
|
|t:|1779686041
|move|p2a: Zapdos|Hurricane|p1a: Scovillain
|-supereffective|p1a: Scovillain
|-damage|p1a: Scovillain|0 fnt
|faint|p1a: Scovillain
|
|upkeep
|
|t:|1779686046
|switch|p1a: Walking Wake|Walking Wake|76/100
|-damage|p1a: Walking Wake|64/100|[from] Spikes
|turn|22
|
|t:|1779686051
|-terastallize|p1a: Walking Wake|Water
|move|p1a: Walking Wake|Hydro Steam|p2a: Zapdos
|-damage|p2a: Zapdos|29/100
|move|p2a: Zapdos|Hurricane|p1a: Walking Wake
|-damage|p1a: Walking Wake|0 fnt
|faint|p1a: Walking Wake
|-end|p1a: Walking Wake|Protosynthesis|[silent]
|
|win|Dodiabla
|raw|efearferferzzf's rating: 1263 &rarr; <strong>1241</strong><br />(-22 for losing)
|raw|Dodiabla's rating: 1301 &rarr; <strong>1319</strong><br />(+18 for winning)
|l|☆Dodiabla
|player|p2|
|l|☆efearferferzzf
|player|p1|
