|inactive|Battle timer is ON: inactive players will automatically lose when time's up.
|t:|1779569306
|gametype|singles
|player|p1|Scoptile|2|
|player|p2|yovan|az|
|gen|9
|tier|[Gen 9] OU
|rule|HP Percentage Mod: HP is shown in percentages
|rule|Endless Battle Clause: Forcing endless battles is banned
|rule|Species Clause: Limit one of each Pokémon
|rule|OHKO Clause: OHKO moves are banned
|rule|Evasion Items Clause: Evasion items are banned
|rule|Evasion Moves Clause: Evasion moves are banned
|rule|Evasion Abilities Clause: Evasion abilities are banned
|rule|Sleep Moves Clause: Sleep-inducing moves are banned
|clearpoke
|poke|p1|Dragonite, F|
|poke|p1|Hatterene, F|
|poke|p1|Weavile, F|
|poke|p1|Ogerpon-Wellspring, F|
|poke|p1|Kingambit, M|
|poke|p1|Great Tusk|
|poke|p2|Zamazenta-*|
|poke|p2|Kyurem|
|poke|p2|Slowking-Galar, F|
|poke|p2|Darkrai|
|poke|p2|Corviknight, F|
|poke|p2|Great Tusk|
|teampreview
|c|☆yovan|Hf
|c|☆Scoptile|hf
|inactive|Scoptile has 270 seconds left.
|inactive|Scoptile has 240 seconds left.
|inactive|Scoptile has 210 seconds left.
|
|t:|1779569408
|teamsize|p1|6
|teamsize|p2|6
|start
|switch|p1a: Hatterene|Hatterene, F|100/100
|switch|p2a: Slowking|Slowking-Galar, F|100/100
|turn|1
|
|t:|1779569423
|move|p1a: Hatterene|Nuzzle|p2a: Slowking
|-damage|p2a: Slowking|96/100
|-status|p2a: Slowking|par
|move|p2a: Slowking|Sludge Bomb|p1a: Hatterene
|-supereffective|p1a: Hatterene
|-damage|p1a: Hatterene|26/100
|
|upkeep
|turn|2
|inactive|yovan has 270 seconds left.
|inactive|Scoptile has 240 seconds left.
|
|t:|1779569477
|move|p1a: Hatterene|Healing Wish|p1a: Hatterene
|faint|p1a: Hatterene
|move|p2a: Slowking|Sludge Bomb|p1: Hatterene|[notarget]
|-fail|p2a: Slowking
|
|upkeep
|inactive|Scoptile has 240 seconds left.
|
|t:|1779569504
|switch|p1a: Weavile|Weavile, F|100/100
|turn|3
|
|t:|1779569520
|switch|p2a: Zamazenta|Zamazenta|100/100
|-ability|p2a: Zamazenta|Dauntless Shield|boost
|-boost|p2a: Zamazenta|def|1
|move|p1a: Weavile|Swords Dance|p1a: Weavile
|-boost|p1a: Weavile|atk|2
|
|upkeep
|turn|4
|
|t:|1779569528
|move|p2a: Zamazenta|Heavy Slam|p1a: Weavile
|-supereffective|p1a: Weavile
|-enditem|p1a: Weavile|Focus Sash
|-damage|p1a: Weavile|1/100
|-enditem|p2a: Zamazenta|Expert Belt|[silent]|[from] ability: Pickpocket|[of] p2a: Zamazenta
|-item|p1a: Weavile|Expert Belt|[from] ability: Pickpocket|[of] p2a: Zamazenta
|move|p1a: Weavile|Icicle Crash|p2a: Zamazenta
|-damage|p2a: Zamazenta|44/100
|
|upkeep
|turn|5
|inactive|Scoptile has 210 seconds left.
|
|t:|1779569563
|switch|p1a: Great Tusk|Great Tusk|100/100
|move|p2a: Zamazenta|Heavy Slam|p1a: Great Tusk
|-damage|p1a: Great Tusk|90/100
|
|upkeep
|turn|6
|inactive|yovan has 270 seconds left.
|inactive|yovan has 240 seconds left.
|
|t:|1779569623
|switch|p2a: Corviknight|Corviknight, F|100/100
|-ability|p2a: Corviknight|Pressure
|move|p1a: Great Tusk|Close Combat|p2a: Corviknight
|-damage|p2a: Corviknight|64/100
|-unboost|p1a: Great Tusk|def|1
|-unboost|p1a: Great Tusk|spd|1
|-damage|p1a: Great Tusk|74/100|[from] item: Rocky Helmet|[of] p2a: Corviknight
|
|upkeep
|turn|7
|inactive|Scoptile has 180 seconds left.
|
|t:|1779569657
|-end|p1a: Great Tusk|Protosynthesis|[silent]
|switch|p1a: Dragonite|Dragonite, F|100/100
|move|p2a: Corviknight|Roost|p2a: Corviknight
|-heal|p2a: Corviknight|100/100
|-singleturn|p2a: Corviknight|move: Roost
|
|upkeep
|turn|8
|inactive|yovan has 240 seconds left.
|
|t:|1779569671
|switch|p2a: Darkrai|Darkrai|100/100
|move|p1a: Dragonite|Encore||[still]
|-fail|p1a: Dragonite
|
|upkeep
|turn|9
|inactive|Scoptile has 150 seconds left.
|
|t:|1779569730
|move|p2a: Darkrai|Will-O-Wisp|p1a: Dragonite
|-status|p1a: Dragonite|brn
|move|p1a: Dragonite|Dragon Dance|p1a: Dragonite
|-boost|p1a: Dragonite|atk|1
|-boost|p1a: Dragonite|spe|1
|
|-damage|p1a: Dragonite|94/100 brn|[from] brn
|upkeep
|turn|10
|inactive|Scoptile has 120 seconds left.
|
|t:|1779569770
|switch|p2a: Kyurem|Kyurem|100/100
|-ability|p2a: Kyurem|Pressure
|switch|p1a: Weavile|Weavile, F|1/100
|-heal|p1a: Weavile|100/100|[from] move: Healing Wish
|
|upkeep
|turn|11
|
|t:|1779569783
|move|p1a: Weavile|Low Kick|p2a: Kyurem
|-supereffective|p2a: Kyurem
|-damage|p2a: Kyurem|10/100
|move|p2a: Kyurem|Draco Meteor|p1a: Weavile
|-damage|p1a: Weavile|0 fnt
|-unboost|p2a: Kyurem|spa|2
|faint|p1a: Weavile
|
|upkeep
|
|t:|1779569797
|switch|p1a: Ogerpon|Ogerpon-Wellspring, F|100/100
|turn|12
|inactive|yovan has 270 seconds left.
|
|t:|1779569812
|move|p1a: Ogerpon|Ivy Cudgel|p2a: Kyurem|[anim] Ivy Cudgel Water
|-resisted|p2a: Kyurem
|-damage|p2a: Kyurem|0 fnt
|faint|p2a: Kyurem
|
|upkeep
|
|t:|1779569819
|switch|p2a: Corviknight|Corviknight, F|100/100
|-ability|p2a: Corviknight|Pressure
|turn|13
|
|t:|1779569830
|switch|p1a: Dragonite|Dragonite, F|94/100 brn
|move|p2a: Corviknight|U-turn|p1a: Dragonite
|-resisted|p1a: Dragonite
|-damage|p1a: Dragonite|87/100 brn
|
|t:|1779569839
|switch|p2a: Great Tusk|Great Tusk|100/100|[from] U-turn
|
|-heal|p1a: Dragonite|93/100 brn|[from] item: Leftovers
|-damage|p1a: Dragonite|87/100 brn|[from] brn
|upkeep
|turn|14
|
|t:|1779569850
|switch|p1a: Ogerpon|Ogerpon-Wellspring, F|100/100
|move|p2a: Great Tusk|Ice Spinner|p1a: Ogerpon
|-damage|p1a: Ogerpon|64/100
|
|upkeep
|turn|15
|inactive|Scoptile has 90 seconds left.
|inactive|yovan has 270 seconds left.
|
|t:|1779569886
|-end|p2a: Great Tusk|Protosynthesis|[silent]
|switch|p2a: Corviknight|Corviknight, F|100/100
|-ability|p2a: Corviknight|Pressure
|move|p1a: Ogerpon|Ivy Cudgel|p2a: Corviknight|[anim] Ivy Cudgel Water
|-damage|p2a: Corviknight|67/100
|
|upkeep
|turn|16
|inactive|Scoptile has 90 seconds left.
|
|t:|1779569900
|switch|p1a: Great Tusk|Great Tusk|74/100
|move|p2a: Corviknight|U-turn|p1a: Great Tusk
|-resisted|p1a: Great Tusk
|-damage|p1a: Great Tusk|69/100
|inactive|yovan has 270 seconds left.
|
|t:|1779569930
|switch|p2a: Great Tusk|Great Tusk|100/100|[from] U-turn
|
|upkeep
|turn|17
|inactive|Scoptile has 90 seconds left.
|
|t:|1779569948
|move|p2a: Great Tusk|Ice Spinner|p1a: Great Tusk
|-supereffective|p1a: Great Tusk
|-damage|p1a: Great Tusk|30/100
|move|p1a: Great Tusk|Ice Spinner|p2a: Great Tusk
|-supereffective|p2a: Great Tusk
|-damage|p2a: Great Tusk|59/100
|
|upkeep
|turn|18
|inactive|Scoptile has 90 seconds left.
|
|t:|1779569975
|-end|p1a: Great Tusk|Protosynthesis|[silent]
|switch|p1a: Dragonite|Dragonite, F|87/100 brn
|move|p2a: Great Tusk|Rapid Spin|p1a: Dragonite
|-damage|p1a: Dragonite|68/100 brn
|-boost|p2a: Great Tusk|spe|1
|
|-heal|p1a: Dragonite|74/100 brn|[from] item: Leftovers
|-damage|p1a: Dragonite|68/100 brn|[from] brn
|upkeep
|turn|19
|
|t:|1779569988
|move|p2a: Great Tusk|Ice Spinner|p1a: Dragonite
|-supereffective|p1a: Dragonite
|-damage|p1a: Dragonite|0 fnt
|faint|p1a: Dragonite
|
|upkeep
|inactive|Scoptile has 60 seconds left.
|inactive|Scoptile has 30 seconds left.
|
|t:|1779570034
|switch|p1a: Ogerpon|Ogerpon-Wellspring, F|64/100
|turn|20
|inactive|Scoptile has 30 seconds left.
|
|t:|1779570049
|-end|p2a: Great Tusk|Protosynthesis|[silent]
|switch|p2a: Slowking|Slowking-Galar, F|100/100 par
|switch|p1a: Great Tusk|Great Tusk|30/100
|
|upkeep
|turn|21
|inactive|Scoptile has 30 seconds left.
|inactive|yovan has 270 seconds left.
|
|t:|1779570079
|switch|p2a: Corviknight|Corviknight, F|67/100
|-ability|p2a: Corviknight|Pressure
|move|p1a: Great Tusk|Headlong Rush|p2a: Corviknight
|-immune|p2a: Corviknight
|
|upkeep
|turn|22
|
|t:|1779570086
|move|p1a: Great Tusk|Close Combat|p2a: Corviknight
|-damage|p2a: Corviknight|28/100
|-unboost|p1a: Great Tusk|def|1
|-unboost|p1a: Great Tusk|spd|1
|-damage|p1a: Great Tusk|13/100|[from] item: Rocky Helmet|[of] p2a: Corviknight
|move|p2a: Corviknight|Roost|p2a: Corviknight
|-heal|p2a: Corviknight|78/100
|-singleturn|p2a: Corviknight|move: Roost
|
|upkeep
|turn|23
|
|t:|1779570092
|move|p1a: Great Tusk|Close Combat|p2a: Corviknight
|-damage|p2a: Corviknight|38/100
|-unboost|p1a: Great Tusk|def|1
|-unboost|p1a: Great Tusk|spd|1
|-damage|p1a: Great Tusk|0 fnt|[from] item: Rocky Helmet|[of] p2a: Corviknight
|faint|p1a: Great Tusk
|-end|p1a: Great Tusk|Protosynthesis|[silent]
|move|p2a: Corviknight|Roost|p2a: Corviknight
|-heal|p2a: Corviknight|88/100
|-singleturn|p2a: Corviknight|move: Roost
|
|upkeep
|inactive|Scoptile has 30 seconds left.
|
|t:|1779570109
|switch|p1a: Kingambit|Kingambit, M|100/100
|-activate|p1a: Kingambit|ability: Supreme Overlord
|-start|p1a: Kingambit|fallen4|[silent]
|turn|24
|inactive|Scoptile has 30 seconds left.
|
|t:|1779570120
|move|p1a: Kingambit|Swords Dance|p1a: Kingambit
|-boost|p1a: Kingambit|atk|2
|move|p2a: Corviknight|U-turn|p1a: Kingambit
|-damage|p1a: Kingambit|89/100
|
|t:|1779570123
|switch|p2a: Darkrai|Darkrai|100/100|[from] U-turn
|
|upkeep
|turn|25
|
|t:|1779570135
|move|p2a: Darkrai|Trick|p1a: Kingambit
|-activate|p2a: Darkrai|move: Trick|[of] p1a: Kingambit
|-item|p1a: Kingambit|Choice Scarf|[from] move: Trick
|-item|p2a: Darkrai|Clear Amulet|[from] move: Trick
|move|p1a: Kingambit|Swords Dance|p1a: Kingambit
|-boost|p1a: Kingambit|atk|2
|
|upkeep
|turn|26
|
|t:|1779570141
|-end|p1a: Kingambit|fallen4|[silent]
|switch|p1a: Ogerpon|Ogerpon-Wellspring, F|64/100
|move|p2a: Darkrai|Will-O-Wisp|p1a: Ogerpon
|-status|p1a: Ogerpon|brn
|
|-damage|p1a: Ogerpon|58/100 brn|[from] brn
|upkeep
|turn|27
|
|t:|1779570158
|move|p2a: Darkrai|Dark Pulse|p1a: Ogerpon
|-damage|p1a: Ogerpon|6/100 brn
|move|p1a: Ogerpon|Swords Dance|p1a: Ogerpon
|-boost|p1a: Ogerpon|atk|2
|
|-damage|p1a: Ogerpon|0 fnt|[from] brn
|faint|p1a: Ogerpon
|upkeep
|
|t:|1779570159
|switch|p1a: Kingambit|Kingambit, M|89/100
|-activate|p1a: Kingambit|ability: Supreme Overlord
|-start|p1a: Kingambit|fallen5|[silent]
|turn|28
|
|t:|1779570162
|move|p2a: Darkrai|Ice Beam|p1a: Kingambit
|-resisted|p1a: Kingambit
|-damage|p1a: Kingambit|71/100
|move|p1a: Kingambit|Iron Head|p2a: Darkrai
|-damage|p2a: Darkrai|2/100
|
|upkeep
|turn|29
|c|☆Scoptile|gg
|inactive|Scoptile has 60 seconds left.
|
|t:|1779570170
|move|p2a: Darkrai|Will-O-Wisp|p1a: Kingambit
|-status|p1a: Kingambit|brn
|move|p1a: Kingambit|Iron Head|p2a: Darkrai
|-crit|p2a: Darkrai
|-damage|p2a: Darkrai|0 fnt
|faint|p2a: Darkrai
|
|-damage|p1a: Kingambit|65/100 brn|[from] brn
|upkeep
|c|☆yovan|Gg
|c|☆Scoptile|marrant ce set de darkrai
|
|t:|1779570177
|switch|p2a: Great Tusk|Great Tusk|59/100
|turn|30
|
|t:|1779570180
|-terastallize|p1a: Kingambit|Fairy
|move|p2a: Great Tusk|Headlong Rush|p1a: Kingambit
|-damage|p1a: Kingambit|7/100 brn
|-unboost|p2a: Great Tusk|def|1
|-unboost|p2a: Great Tusk|spd|1
|move|p1a: Kingambit|Iron Head|p2a: Great Tusk
|-damage|p2a: Great Tusk|21/100
|
|-damage|p1a: Kingambit|1/100 brn|[from] brn
|upkeep
|turn|31
|
|t:|1779570185
|move|p2a: Great Tusk|Headlong Rush|p1a: Kingambit
|-damage|p1a: Kingambit|0 fnt
|-unboost|p2a: Great Tusk|def|1
|-unboost|p2a: Great Tusk|spd|1
|faint|p1a: Kingambit
|-end|p1a: Kingambit|fallen5|[silent]
|
|win|yovan
|player|p2|
|c|☆Scoptile|gl pour la suite!
|player|p2|yovan|az|
|player|p2|
