|j|☆Vulva zol
|j|☆Segahay
|t:|1779565879
|gametype|singles
|player|p1|Vulva zol|1|1370
|player|p2|Segahay|170|1339
|gen|9
|tier|[Gen 9] OU
|rated|
|rule|HP Percentage Mod: HP is shown in percentages
|rule|Endless Battle Clause: Forcing endless battles is banned
|rule|Species Clause: Limit one of each Pokémon
|rule|OHKO Clause: OHKO moves are banned
|rule|Evasion Items Clause: Evasion items are banned
|rule|Evasion Moves Clause: Evasion moves are banned
|rule|Evasion Abilities Clause: Evasion abilities are banned
|rule|Sleep Moves Clause: Sleep-inducing moves are banned
|clearpoke
|poke|p1|Mandibuzz, F|
|poke|p1|Latios, M|
|poke|p1|Fezandipiti, M|
|poke|p1|Swampert, M|
|poke|p1|Whimsicott, M|
|poke|p1|Cinderace, F|
|poke|p2|Rillaboom, F|
|poke|p2|Excadrill, F|
|poke|p2|Serperior, F|
|poke|p2|Mew|
|poke|p2|Feraligatr, F|
|poke|p2|Glimmora, M|
|teampreview
|inactive|Battle timer is ON: inactive players will automatically lose when time's up. (requested by Segahay)
|
|t:|1779565899
|teamsize|p1|6
|teamsize|p2|6
|start
|switch|p1a: Latios|Latios, M, shiny|100/100
|switch|p2a: Serperior|Serperior, F, shiny|100/100
|turn|1
|
|t:|1779565914
|switch|p1a: Whimsicott|Whimsicott, M|100/100
|move|p2a: Serperior|Glare|p1a: Whimsicott
|-status|p1a: Whimsicott|par
|
|upkeep
|turn|2
|
|t:|1779565931
|switch|p2a: Glimmora|Glimmora, M|100/100
|move|p1a: Whimsicott|Leech Seed|p2a: Glimmora
|-start|p2a: Glimmora|move: Leech Seed
|
|-damage|p2a: Glimmora|88/100|[from] Leech Seed|[of] p1a: Whimsicott
|upkeep
|turn|3
|inactive|Vulva zol has 120 seconds left.
|
|t:|1779565963
|cant|p1a: Whimsicott|par
|move|p2a: Glimmora|Meteor Beam||[still]
|-prepare|p2a: Glimmora|Meteor Beam
|-boost|p2a: Glimmora|spa|1
|-enditem|p2a: Glimmora|Power Herb
|-anim|p2a: Glimmora|Meteor Beam|p1a: Whimsicott|[miss]
|-miss|p2a: Glimmora|p1a: Whimsicott
|
|-damage|p2a: Glimmora|76/100|[from] Leech Seed|[of] p1a: Whimsicott
|upkeep
|turn|4
|inactive|Vulva zol has 120 seconds left.
|
|t:|1779565973
|move|p1a: Whimsicott|Encore|p2a: Glimmora
|-start|p2a: Glimmora|Encore
|move|p2a: Glimmora|Meteor Beam||[still]
|-prepare|p2a: Glimmora|Meteor Beam
|-boost|p2a: Glimmora|spa|1
|
|-damage|p2a: Glimmora|63/100|[from] Leech Seed|[of] p1a: Whimsicott
|upkeep
|turn|5
|inactive|Vulva zol has 120 seconds left.
|
|t:|1779565989
|move|p1a: Whimsicott|Substitute|p1a: Whimsicott
|-start|p1a: Whimsicott|Substitute
|-damage|p1a: Whimsicott|76/100 par
|move|p2a: Glimmora|Meteor Beam|p1a: Whimsicott|[from] lockedmove|[miss]
|-miss|p2a: Glimmora|p1a: Whimsicott
|
|-heal|p1a: Whimsicott|82/100 par|[from] item: Leftovers
|-damage|p2a: Glimmora|51/100|[from] Leech Seed|[of] p1a: Whimsicott
|-heal|p1a: Whimsicott|94/100 par|[silent]
|upkeep
|turn|6
|inactive|Vulva zol has 120 seconds left.
|
|t:|1779566000
|switch|p2a: Rillaboom|Rillaboom, F|100/100
|-fieldstart|move: Grassy Terrain|[from] ability: Grassy Surge|[of] p2a: Rillaboom
|move|p1a: Whimsicott|Moonblast|p2a: Rillaboom
|-damage|p2a: Rillaboom|79/100
|-unboost|p2a: Rillaboom|spa|1
|
|-heal|p2a: Rillaboom|85/100|[from] Grassy Terrain
|-heal|p1a: Whimsicott|99/100 par|[from] Grassy Terrain
|-heal|p1a: Whimsicott|100/100 par|[from] item: Leftovers
|upkeep
|turn|7
|inactive|Vulva zol has 120 seconds left.
|
|t:|1779566014
|move|p2a: Rillaboom|Fake Out|p1a: Whimsicott
|-activate|p1a: Whimsicott|move: Substitute|[damage]
|move|p1a: Whimsicott|Encore|p2a: Rillaboom
|-start|p2a: Rillaboom|Encore
|
|-heal|p2a: Rillaboom|91/100|[from] Grassy Terrain
|upkeep
|turn|8
|inactive|Vulva zol has 120 seconds left.
|
|t:|1779566023
|switch|p2a: Serperior|Serperior, F, shiny|100/100
|move|p1a: Whimsicott|Moonblast|p2a: Serperior
|-damage|p2a: Serperior|69/100
|-unboost|p2a: Serperior|spa|1
|
|-heal|p2a: Serperior|75/100|[from] Grassy Terrain
|upkeep
|turn|9
|inactive|Vulva zol has 120 seconds left.
|
|t:|1779566034
|move|p2a: Serperior|Bullet Seed|p1a: Whimsicott
|-resisted|p1a: Whimsicott
|-activate|p1a: Whimsicott|move: Substitute|[damage]
|-resisted|p1a: Whimsicott
|-end|p1a: Whimsicott|Substitute
|-resisted|p1a: Whimsicott
|-damage|p1a: Whimsicott|95/100 par
|-resisted|p1a: Whimsicott
|-damage|p1a: Whimsicott|89/100 par
|-hitcount|p1a: Whimsicott|4
|cant|p1a: Whimsicott|par
|
|-heal|p2a: Serperior|82/100|[from] Grassy Terrain
|-heal|p1a: Whimsicott|95/100 par|[from] Grassy Terrain
|-heal|p1a: Whimsicott|100/100 par|[from] item: Leftovers
|upkeep
|turn|10
|inactive|Vulva zol has 120 seconds left.
|
|t:|1779566050
|move|p2a: Serperior|Swords Dance|p2a: Serperior
|-boost|p2a: Serperior|atk|2
|move|p1a: Whimsicott|Moonblast|p2a: Serperior
|-damage|p2a: Serperior|48/100
|
|-heal|p2a: Serperior|54/100|[from] Grassy Terrain
|-fieldend|move: Grassy Terrain
|upkeep
|turn|11
|inactive|Vulva zol has 120 seconds left.
|
|t:|1779566059
|move|p1a: Whimsicott|Encore|p2a: Serperior
|-start|p2a: Serperior|Encore
|move|p2a: Serperior|Swords Dance|p2a: Serperior
|-boost|p2a: Serperior|atk|2
|
|upkeep
|turn|12
|
|t:|1779566068
|switch|p2a: Glimmora|Glimmora, M|51/100
|move|p1a: Whimsicott|Moonblast|p2a: Glimmora
|-resisted|p2a: Glimmora
|-damage|p2a: Glimmora|33/100
|
|upkeep
|turn|13
|
|t:|1779566081
|move|p1a: Whimsicott|Substitute|p1a: Whimsicott
|-start|p1a: Whimsicott|Substitute
|-damage|p1a: Whimsicott|76/100 par
|move|p2a: Glimmora|Ancient Power|p1a: Whimsicott
|-end|p1a: Whimsicott|Substitute
|
|-heal|p1a: Whimsicott|82/100 par|[from] item: Leftovers
|upkeep
|turn|14
|inactive|Vulva zol has 120 seconds left.
|
|t:|1779566096
|switch|p1a: Swampert|Swampert, M|100/100
|move|p2a: Glimmora|Ancient Power|p1a: Swampert
|-resisted|p1a: Swampert
|-damage|p1a: Swampert|86/100
|
|-heal|p1a: Swampert|92/100|[from] item: Leftovers
|upkeep
|turn|15
|
|t:|1779566105
|move|p2a: Glimmora|Energy Ball|p1a: Swampert
|-supereffective|p1a: Swampert
|-damage|p1a: Swampert|0 fnt
|faint|p1a: Swampert
|
|upkeep
|
|t:|1779566113
|switch|p1a: Latios|Latios, M, shiny|100/100
|turn|16
|
|t:|1779566119
|-terastallize|p1a: Latios|Steel
|move|p1a: Latios|Calm Mind|p1a: Latios
|-boost|p1a: Latios|spa|1
|-boost|p1a: Latios|spd|1
|move|p2a: Glimmora|Ancient Power|p1a: Latios
|-resisted|p1a: Latios
|-damage|p1a: Latios|91/100
|
|upkeep
|turn|17
|
|t:|1779566129
|switch|p2a: Serperior|Serperior, F, shiny|54/100
|move|p1a: Latios|Calm Mind|p1a: Latios
|-boost|p1a: Latios|spa|1
|-boost|p1a: Latios|spd|1
|
|upkeep
|turn|18
|
|t:|1779566139
|switch|p1a: Whimsicott|Whimsicott, M|82/100 par
|move|p2a: Serperior|Glare|p1a: Whimsicott
|-fail|p1a: Whimsicott|par
|
|-heal|p1a: Whimsicott|88/100 par|[from] item: Leftovers
|upkeep
|turn|19
|
|t:|1779566148
|switch|p2a: Feraligatr|Feraligatr, F|100/100
|move|p1a: Whimsicott|Moonblast|p2a: Feraligatr
|-damage|p2a: Feraligatr|64/100
|-unboost|p2a: Feraligatr|spa|1
|
|-heal|p1a: Whimsicott|94/100 par|[from] item: Leftovers
|upkeep
|turn|20
|
|t:|1779566158
|move|p1a: Whimsicott|Substitute|p1a: Whimsicott
|-start|p1a: Whimsicott|Substitute
|-damage|p1a: Whimsicott|70/100 par
|move|p2a: Feraligatr|Ice Punch|p1a: Whimsicott
|-supereffective|p1a: Whimsicott
|-end|p1a: Whimsicott|Substitute
|
|-heal|p1a: Whimsicott|76/100 par|[from] item: Leftovers
|upkeep
|turn|21
|
|t:|1779566169
|switch|p2a: Rillaboom|Rillaboom, F|91/100
|-fieldstart|move: Grassy Terrain|[from] ability: Grassy Surge|[of] p2a: Rillaboom
|switch|p1a: Latios|Latios, M, shiny, tera:Steel|91/100
|
|-heal|p2a: Rillaboom|98/100|[from] Grassy Terrain
|upkeep
|turn|22
|
|t:|1779566179
|move|p1a: Latios|Luster Purge|p2a: Rillaboom
|-damage|p2a: Rillaboom|48/100
|-unboost|p2a: Rillaboom|spd|1
|move|p2a: Rillaboom|Knock Off|p1a: Latios
|-damage|p1a: Latios|45/100
|-enditem|p1a: Latios|Soul Dew|[from] move: Knock Off|[of] p2a: Rillaboom
|
|-heal|p2a: Rillaboom|54/100|[from] Grassy Terrain
|upkeep
|turn|23
|
|t:|1779566190
|move|p1a: Latios|Luster Purge|p2a: Rillaboom
|-damage|p2a: Rillaboom|0 fnt
|faint|p2a: Rillaboom
|
|upkeep
|
|t:|1779566196
|switch|p2a: Serperior|Serperior, F, shiny|54/100
|turn|24
|
|t:|1779566201
|switch|p1a: Whimsicott|Whimsicott, M|76/100 par
|move|p2a: Serperior|Bullet Seed|p1a: Whimsicott
|-resisted|p1a: Whimsicott
|-damage|p1a: Whimsicott|70/100 par
|-resisted|p1a: Whimsicott
|-damage|p1a: Whimsicott|64/100 par
|-resisted|p1a: Whimsicott
|-damage|p1a: Whimsicott|58/100 par
|-resisted|p1a: Whimsicott
|-damage|p1a: Whimsicott|53/100 par
|-hitcount|p1a: Whimsicott|4
|
|-heal|p2a: Serperior|60/100|[from] Grassy Terrain
|-heal|p1a: Whimsicott|59/100 par|[from] Grassy Terrain
|-heal|p1a: Whimsicott|65/100 par|[from] item: Leftovers
|upkeep
|turn|25
|
|t:|1779566219
|switch|p2a: Glimmora|Glimmora, M|33/100
|cant|p1a: Whimsicott|par
|
|-heal|p2a: Glimmora|39/100|[from] Grassy Terrain
|-heal|p1a: Whimsicott|71/100 par|[from] Grassy Terrain
|-heal|p1a: Whimsicott|77/100 par|[from] item: Leftovers
|-fieldend|move: Grassy Terrain
|upkeep
|turn|26
|
|t:|1779566229
|move|p1a: Whimsicott|Substitute|p1a: Whimsicott
|-start|p1a: Whimsicott|Substitute
|-damage|p1a: Whimsicott|53/100 par
|move|p2a: Glimmora|Ancient Power|p1a: Whimsicott
|-end|p1a: Whimsicott|Substitute
|
|-heal|p1a: Whimsicott|59/100 par|[from] item: Leftovers
|upkeep
|turn|27
|
|t:|1779566238
|move|p2a: Glimmora|Ancient Power|p1a: Whimsicott
|-damage|p1a: Whimsicott|16/100 par
|cant|p1a: Whimsicott|par
|
|-heal|p1a: Whimsicott|22/100 par|[from] item: Leftovers
|upkeep
|turn|28
|
|t:|1779566246
|switch|p1a: Latios|Latios, M, shiny, tera:Steel|45/100
|move|p2a: Glimmora|Ancient Power|p1a: Latios
|-resisted|p1a: Latios
|-damage|p1a: Latios|27/100
|
|upkeep
|turn|29
|
|t:|1779566254
|move|p1a: Latios|Luster Purge|p2a: Glimmora
|-supereffective|p2a: Glimmora
|-damage|p2a: Glimmora|0 fnt
|faint|p2a: Glimmora
|
|upkeep
|
|t:|1779566258
|switch|p2a: Serperior|Serperior, F, shiny|60/100
|turn|30
|
|t:|1779566264
|move|p2a: Serperior|Glare|p1a: Latios
|-status|p1a: Latios|par
|cant|p1a: Latios|par
|
|upkeep
|turn|31
|
|t:|1779566271
|move|p2a: Serperior|Swords Dance|p2a: Serperior
|-boost|p2a: Serperior|atk|2
|cant|p1a: Latios|par
|
|upkeep
|turn|32
|
|t:|1779566278
|move|p2a: Serperior|Bullet Seed|p1a: Latios
|-resisted|p1a: Latios
|-damage|p1a: Latios|15/100 par
|-resisted|p1a: Latios
|-damage|p1a: Latios|2/100 par
|-resisted|p1a: Latios
|-damage|p1a: Latios|0 fnt
|faint|p1a: Latios
|-hitcount|p1: Latios|3
|
|upkeep
|
|t:|1779566295
|switch|p1a: Fezandipiti|Fezandipiti, M|100/100
|turn|33
|
|t:|1779566305
|move|p2a: Serperior|Glare|p1a: Fezandipiti
|-status|p1a: Fezandipiti|par
|move|p1a: Fezandipiti|Beat Up|p2a: Serperior
|-damage|p2a: Serperior|56/100
|-damage|p2a: Serperior|53/100
|-damage|p2a: Serperior|48/100
|-hitcount|p2a: Serperior|3
|
|upkeep
|turn|34
|
|t:|1779566317
|move|p2a: Serperior|Bullet Seed|p1a: Fezandipiti
|-resisted|p1a: Fezandipiti
|-damage|p1a: Fezandipiti|90/100 par
|-resisted|p1a: Fezandipiti
|-damage|p1a: Fezandipiti|78/100 par
|-resisted|p1a: Fezandipiti
|-damage|p1a: Fezandipiti|65/100 par
|-resisted|p1a: Fezandipiti
|-damage|p1a: Fezandipiti|54/100 par
|-resisted|p1a: Fezandipiti
|-damage|p1a: Fezandipiti|43/100 par
|-hitcount|p1a: Fezandipiti|5
|move|p1a: Fezandipiti|U-turn|p2a: Serperior
|-supereffective|p2a: Serperior
|-damage|p2a: Serperior|13/100
|-status|p2a: Serperior|tox|[from] ability: Toxic Chain|[of] p1a: Fezandipiti
|
|t:|1779566332
|switch|p1a: Whimsicott|Whimsicott, M|22/100 par|[from] U-turn
|
|-heal|p1a: Whimsicott|28/100 par|[from] item: Leftovers
|-damage|p2a: Serperior|7/100 tox|[from] psn
|upkeep
|turn|35
|
|t:|1779566343
|move|p1a: Whimsicott|Substitute|p1a: Whimsicott
|-start|p1a: Whimsicott|Substitute
|-damage|p1a: Whimsicott|4/100 par
|move|p2a: Serperior|Bullet Seed|p1a: Whimsicott
|-resisted|p1a: Whimsicott
|-activate|p1a: Whimsicott|move: Substitute|[damage]
|-resisted|p1a: Whimsicott
|-end|p1a: Whimsicott|Substitute
|-resisted|p1a: Whimsicott
|-damage|p1a: Whimsicott|0 fnt
|faint|p1a: Whimsicott
|-hitcount|p1: Whimsicott|3
|
|-damage|p2a: Serperior|0 fnt|[from] psn
|faint|p2a: Serperior
|upkeep
|inactive|Vulva zol has 120 seconds left.
|
|t:|1779566362
|switch|p2a: Mew|Mew|100/100
|switch|p1a: Mandibuzz|Mandibuzz, F|100/100
|turn|36
|inactive|Vulva zol has 120 seconds left.
|
|t:|1779566369
|move|p2a: Mew|Agility|p2a: Mew
|-boost|p2a: Mew|spe|2
|move|p1a: Mandibuzz|Foul Play|p2a: Mew
|-supereffective|p2a: Mew
|-damage|p2a: Mew|60/100
|-enditem|p2a: Mew|Weakness Policy
|-boost|p2a: Mew|atk|2|[from] item: Weakness Policy
|-boost|p2a: Mew|spa|2|[from] item: Weakness Policy
|
|upkeep
|turn|37
|
|t:|1779566379
|-terastallize|p2a: Mew|Fairy
|move|p2a: Mew|Draining Kiss|p1a: Mandibuzz
|-supereffective|p1a: Mandibuzz
|-damage|p1a: Mandibuzz|18/100
|-heal|p2a: Mew|100/100|[from] drain|[of] p1a: Mandibuzz
|move|p1a: Mandibuzz|Foul Play|p2a: Mew
|-resisted|p2a: Mew
|-damage|p2a: Mew|79/100
|
|upkeep
|turn|38
|inactive|Vulva zol has 120 seconds left.
|
|t:|1779566394
|move|p2a: Mew|Draining Kiss|p1a: Mandibuzz
|-supereffective|p1a: Mandibuzz
|-damage|p1a: Mandibuzz|0 fnt
|-heal|p2a: Mew|96/100|[from] drain|[of] p1a: Mandibuzz
|faint|p1a: Mandibuzz
|
|upkeep
|inactive|Vulva zol has 120 seconds left.
|
|t:|1779566403
|switch|p1a: Cinderace|Cinderace, F|100/100
|turn|39
|
|t:|1779566408
|move|p2a: Mew|Stored Power|p1a: Cinderace
|-damage|p1a: Cinderace|0 fnt
|faint|p1a: Cinderace
|
|upkeep
|
|t:|1779566413
|switch|p1a: Fezandipiti|Fezandipiti, M|43/100 par
|turn|40
|
|t:|1779566417
|move|p2a: Mew|Stored Power|p1a: Fezandipiti
|-supereffective|p1a: Fezandipiti
|-damage|p1a: Fezandipiti|0 fnt
|faint|p1a: Fezandipiti
|
|win|Segahay
|raw|Vulva zol's rating: 1370 &rarr; <strong>1348</strong><br />(-22 for losing)
|raw|Segahay's rating: 1339 &rarr; <strong>1361</strong><br />(+22 for winning)
|l|☆Vulva zol
|player|p1|
|c|☆Segahay|Gg
