|j|☆ja hoi
|j|☆texett
|t:|1779616816
|gametype|singles
|player|p1|ja hoi|101|1533
|player|p2|texett|lady|1506
|gen|9
|tier|[Gen 9] OU
|rated|
|rule|HP Percentage Mod: HP is shown in percentages
|rule|Endless Battle Clause: Forcing endless battles is banned
|rule|Species Clause: Limit one of each Pokémon
|rule|OHKO Clause: OHKO moves are banned
|rule|Evasion Items Clause: Evasion items are banned
|rule|Evasion Moves Clause: Evasion moves are banned
|rule|Evasion Abilities Clause: Evasion abilities are banned
|rule|Sleep Moves Clause: Sleep-inducing moves are banned
|clearpoke
|poke|p1|Quaquaval, F|
|poke|p1|Zamazenta-*|
|poke|p1|Dragapult, F|
|poke|p1|Garganacl, M|
|poke|p1|Grimmsnarl, M|
|poke|p1|Iron Moth|
|poke|p2|Diancie|
|poke|p2|Ninetales-Alola, F|
|poke|p2|Hatterene, F|
|poke|p2|Dragonite, M|
|poke|p2|Slither Wing|
|poke|p2|Deoxys-Speed|
|teampreview
|inactive|Battle timer is ON: inactive players will automatically lose when time's up. (requested by texett)
|
|t:|1779616825
|teamsize|p1|6
|teamsize|p2|6
|start
|switch|p1a: Grimmsnarl|Grimmsnarl, M|100/100
|switch|p2a: Deoxys|Deoxys-Speed, shiny|100/100
|-ability|p2a: Deoxys|Pressure
|turn|1
|
|t:|1779616832
|switch|p2a: Hatterene|Hatterene, F, shiny|100/100
|move|p1a: Grimmsnarl|Taunt|p2a: Hatterene
|move|p2a: Hatterene|Taunt|p1a: Grimmsnarl|[from] ability: Magic Bounce
|-start|p1a: Grimmsnarl|move: Taunt
|
|upkeep
|turn|2
|
|t:|1779616839
|switch|p1a: Garganacl|Garganacl, M|100/100
|switch|p2a: Deoxys|Deoxys-Speed, shiny|100/100
|-ability|p2a: Deoxys|Pressure
|
|upkeep
|turn|3
|
|t:|1779616847
|move|p2a: Deoxys|Taunt|p1a: Garganacl
|-start|p1a: Garganacl|move: Taunt
|move|p1a: Garganacl|Salt Cure|p2a: Deoxys
|-damage|p2a: Deoxys|84/100
|-start|p2a: Deoxys|Salt Cure
|
|-damage|p2a: Deoxys|72/100|[from] Salt Cure
|upkeep
|turn|4
|
|t:|1779616867
|move|p2a: Deoxys|Reflect|p2a: Deoxys
|-sidestart|p2: texett|Reflect
|move|p1a: Garganacl|Salt Cure|p2a: Deoxys
|-damage|p2a: Deoxys|64/100
|
|-damage|p2a: Deoxys|52/100|[from] Salt Cure
|upkeep
|turn|5
|
|t:|1779616873
|switch|p1a: Grimmsnarl|Grimmsnarl, M|100/100
|move|p2a: Deoxys|Stealth Rock|p1a: Grimmsnarl
|-sidestart|p1: ja hoi|move: Stealth Rock
|
|-damage|p2a: Deoxys|40/100|[from] Salt Cure
|upkeep
|turn|6
|
|t:|1779616880
|move|p1a: Grimmsnarl|Reflect|p1a: Grimmsnarl
|-sidestart|p1: ja hoi|Reflect
|move|p2a: Deoxys|Taunt|p1a: Grimmsnarl
|-start|p1a: Grimmsnarl|move: Taunt
|
|-damage|p2a: Deoxys|28/100|[from] Salt Cure
|upkeep
|turn|7
|
|t:|1779616893
|switch|p1a: Garganacl|Garganacl, M|100/100
|-damage|p1a: Garganacl|88/100|[from] Stealth Rock
|move|p2a: Deoxys|Light Screen|p2a: Deoxys
|-sidestart|p2: texett|move: Light Screen
|
|-heal|p1a: Garganacl|94/100|[from] item: Leftovers
|-damage|p2a: Deoxys|15/100|[from] Salt Cure
|upkeep
|turn|8
|
|t:|1779616903
|switch|p2a: Hatterene|Hatterene, F, shiny|100/100
|move|p1a: Garganacl|Salt Cure|p2a: Hatterene
|-damage|p2a: Hatterene|95/100
|-start|p2a: Hatterene|Salt Cure
|-enditem|p2a: Hatterene|Eject Button
|
|t:|1779616911
|switch|p2a: Diancie|Diancie, shiny|100/100
|
|-heal|p1a: Garganacl|100/100|[from] item: Leftovers
|upkeep
|turn|9
|
|t:|1779616929
|move|p2a: Diancie|Diamond Storm|p1a: Garganacl
|-damage|p1a: Garganacl|91/100
|move|p1a: Garganacl|Salt Cure|p2a: Diancie
|-damage|p2a: Diancie|95/100
|-start|p2a: Diancie|Salt Cure
|
|-heal|p1a: Garganacl|97/100|[from] item: Leftovers
|-damage|p2a: Diancie|83/100|[from] Salt Cure
|upkeep
|turn|10
|
|t:|1779616944
|switch|p1a: Grimmsnarl|Grimmsnarl, M|100/100
|-damage|p1a: Grimmsnarl|88/100|[from] Stealth Rock
|move|p2a: Diancie|Diamond Storm|p1a: Grimmsnarl
|-crit|p1a: Grimmsnarl
|-damage|p1a: Grimmsnarl|34/100
|
|-damage|p2a: Diancie|70/100|[from] Salt Cure
|upkeep
|turn|11
|
|t:|1779616952
|move|p1a: Grimmsnarl|Light Screen|p1a: Grimmsnarl
|-sidestart|p1: ja hoi|move: Light Screen
|move|p2a: Diancie|Rock Polish|p2a: Diancie
|-boost|p2a: Diancie|spe|2
|
|-damage|p2a: Diancie|58/100|[from] Salt Cure
|-sideend|p2: texett|Reflect
|upkeep
|turn|12
|
|t:|1779616966
|move|p1a: Grimmsnarl|Taunt|p2a: Diancie
|-start|p2a: Diancie|move: Taunt
|move|p2a: Diancie|Diamond Storm|p1a: Grimmsnarl
|-damage|p1a: Grimmsnarl|15/100
|
|-damage|p2a: Diancie|46/100|[from] Salt Cure
|upkeep
|turn|13
|
|t:|1779616975
|move|p1a: Grimmsnarl|Taunt||[still]
|-fail|p1a: Grimmsnarl
|move|p2a: Diancie|Diamond Storm|p1a: Grimmsnarl
|-damage|p1a: Grimmsnarl|0 fnt
|-boost|p2a: Diancie|def|2
|faint|p1a: Grimmsnarl
|
|-damage|p2a: Diancie|33/100|[from] Salt Cure
|-sideend|p1: ja hoi|Reflect
|upkeep
|
|t:|1779616989
|switch|p1a: Garganacl|Garganacl, M|97/100
|-damage|p1a: Garganacl|84/100|[from] Stealth Rock
|turn|14
|
|t:|1779616997
|switch|p2a: Hatterene|Hatterene, F, shiny|95/100
|move|p1a: Garganacl|Body Press|p2a: Hatterene
|-resisted|p2a: Hatterene
|-damage|p2a: Hatterene|90/100
|
|-heal|p1a: Garganacl|91/100|[from] item: Leftovers
|-sideend|p2: texett|move: Light Screen
|upkeep
|turn|15
|
|t:|1779617005
|move|p1a: Garganacl|Salt Cure|p2a: Hatterene
|-damage|p2a: Hatterene|79/100
|-start|p2a: Hatterene|Salt Cure
|move|p2a: Hatterene|Psychic Noise|p1a: Garganacl
|-damage|p1a: Garganacl|79/100
|-start|p1a: Garganacl|move: Heal Block
|
|-damage|p2a: Hatterene|67/100|[from] Salt Cure
|upkeep
|turn|16
|inactive|ja hoi has 120 seconds left.
|
|t:|1779617046
|move|p1a: Garganacl|Salt Cure|p2a: Hatterene
|-crit|p2a: Hatterene
|-damage|p2a: Hatterene|51/100
|move|p2a: Hatterene|Nuzzle|p1a: Garganacl
|-damage|p1a: Garganacl|76/100
|
|-damage|p2a: Hatterene|39/100|[from] Salt Cure
|-end|p1a: Garganacl|move: Heal Block
|upkeep
|turn|17
|
|t:|1779617057
|switch|p2a: Slither Wing|Slither Wing, shiny|100/100
|-enditem|p2a: Slither Wing|Booster Energy
|-activate|p2a: Slither Wing|ability: Protosynthesis|[fromitem]
|-start|p2a: Slither Wing|protosynthesisspe
|move|p1a: Garganacl|Salt Cure|p2a: Slither Wing
|-damage|p2a: Slither Wing|84/100
|-start|p2a: Slither Wing|Salt Cure
|
|-heal|p1a: Garganacl|82/100|[from] item: Leftovers
|-damage|p2a: Slither Wing|72/100|[from] Salt Cure
|upkeep
|turn|18
|
|t:|1779617072
|move|p2a: Slither Wing|Bulk Up|p2a: Slither Wing
|-boost|p2a: Slither Wing|atk|1
|-boost|p2a: Slither Wing|def|1
|move|p1a: Garganacl|Salt Cure|p2a: Slither Wing
|-damage|p2a: Slither Wing|61/100
|
|-heal|p1a: Garganacl|89/100|[from] item: Leftovers
|-damage|p2a: Slither Wing|49/100|[from] Salt Cure
|-sideend|p1: ja hoi|move: Light Screen
|upkeep
|turn|19
|
|t:|1779617094
|switch|p1a: Zamazenta|Zamazenta|100/100
|-damage|p1a: Zamazenta|94/100|[from] Stealth Rock
|-ability|p1a: Zamazenta|Dauntless Shield|boost
|-boost|p1a: Zamazenta|def|1
|move|p2a: Slither Wing|Earthquake|p1a: Zamazenta
|-damage|p1a: Zamazenta|73/100
|
|-heal|p1a: Zamazenta|79/100|[from] item: Leftovers
|-damage|p2a: Slither Wing|36/100|[from] Salt Cure
|upkeep
|turn|20
|
|t:|1779617105
|move|p2a: Slither Wing|Morning Sun|p2a: Slither Wing
|-heal|p2a: Slither Wing|86/100
|move|p1a: Zamazenta|Iron Defense|p1a: Zamazenta
|-boost|p1a: Zamazenta|def|2
|
|-heal|p1a: Zamazenta|85/100|[from] item: Leftovers
|-damage|p2a: Slither Wing|74/100|[from] Salt Cure
|upkeep
|turn|21
|
|t:|1779617113
|move|p2a: Slither Wing|Bulk Up|p2a: Slither Wing
|-boost|p2a: Slither Wing|atk|1
|-boost|p2a: Slither Wing|def|1
|move|p1a: Zamazenta|Iron Defense|p1a: Zamazenta
|-boost|p1a: Zamazenta|def|2
|
|-heal|p1a: Zamazenta|91/100|[from] item: Leftovers
|-damage|p2a: Slither Wing|62/100|[from] Salt Cure
|upkeep
|turn|22
|
|t:|1779617121
|move|p2a: Slither Wing|Acrobatics|p1a: Zamazenta
|-supereffective|p1a: Zamazenta
|-damage|p1a: Zamazenta|64/100
|move|p1a: Zamazenta|Iron Defense|p1a: Zamazenta
|-boost|p1a: Zamazenta|def|1
|
|-heal|p1a: Zamazenta|70/100|[from] item: Leftovers
|-damage|p2a: Slither Wing|49/100|[from] Salt Cure
|upkeep
|turn|23
|
|t:|1779617130
|move|p2a: Slither Wing|Morning Sun|p2a: Slither Wing
|-heal|p2a: Slither Wing|99/100
|move|p1a: Zamazenta|Body Press|p2a: Slither Wing
|-resisted|p2a: Slither Wing
|-damage|p2a: Slither Wing|65/100
|
|-heal|p1a: Zamazenta|76/100|[from] item: Leftovers
|-damage|p2a: Slither Wing|53/100|[from] Salt Cure
|upkeep
|turn|24
|inactive|ja hoi has 120 seconds left.
|
|t:|1779617138
|move|p2a: Slither Wing|Bulk Up|p2a: Slither Wing
|-boost|p2a: Slither Wing|atk|1
|-boost|p2a: Slither Wing|def|1
|move|p1a: Zamazenta|Body Press|p2a: Slither Wing
|-resisted|p2a: Slither Wing
|-damage|p2a: Slither Wing|26/100
|
|-heal|p1a: Zamazenta|82/100|[from] item: Leftovers
|-damage|p2a: Slither Wing|14/100|[from] Salt Cure
|upkeep
|turn|25
|
|t:|1779617147
|move|p2a: Slither Wing|Morning Sun|p2a: Slither Wing
|-heal|p2a: Slither Wing|64/100
|move|p1a: Zamazenta|Body Press|p2a: Slither Wing
|-resisted|p2a: Slither Wing
|-damage|p2a: Slither Wing|37/100
|
|-heal|p1a: Zamazenta|89/100|[from] item: Leftovers
|-damage|p2a: Slither Wing|25/100|[from] Salt Cure
|upkeep
|turn|26
|
|t:|1779617155
|move|p2a: Slither Wing|Morning Sun|p2a: Slither Wing
|-heal|p2a: Slither Wing|74/100
|move|p1a: Zamazenta|Body Press|p2a: Slither Wing
|-resisted|p2a: Slither Wing
|-damage|p2a: Slither Wing|46/100
|
|-heal|p1a: Zamazenta|95/100|[from] item: Leftovers
|-damage|p2a: Slither Wing|33/100|[from] Salt Cure
|upkeep
|turn|27
|
|t:|1779617168
|move|p2a: Slither Wing|Morning Sun|p2a: Slither Wing
|-heal|p2a: Slither Wing|83/100
|move|p1a: Zamazenta|Body Press|p2a: Slither Wing
|-resisted|p2a: Slither Wing
|-damage|p2a: Slither Wing|55/100
|
|-heal|p1a: Zamazenta|100/100|[from] item: Leftovers
|-damage|p2a: Slither Wing|42/100|[from] Salt Cure
|upkeep
|turn|28
|
|t:|1779617178
|move|p2a: Slither Wing|Bulk Up|p2a: Slither Wing
|-boost|p2a: Slither Wing|atk|1
|-boost|p2a: Slither Wing|def|1
|move|p1a: Zamazenta|Body Press|p2a: Slither Wing
|-resisted|p2a: Slither Wing
|-damage|p2a: Slither Wing|19/100
|
|-damage|p2a: Slither Wing|6/100|[from] Salt Cure
|upkeep
|turn|29
|
|t:|1779617194
|move|p2a: Slither Wing|Morning Sun|p2a: Slither Wing
|-heal|p2a: Slither Wing|56/100
|move|p1a: Zamazenta|Body Press|p2a: Slither Wing
|-resisted|p2a: Slither Wing
|-damage|p2a: Slither Wing|35/100
|
|-damage|p2a: Slither Wing|22/100|[from] Salt Cure
|upkeep
|turn|30
|
|t:|1779617208
|move|p2a: Slither Wing|Morning Sun|p2a: Slither Wing
|-heal|p2a: Slither Wing|72/100
|move|p1a: Zamazenta|Body Press|p2a: Slither Wing
|-resisted|p2a: Slither Wing
|-damage|p2a: Slither Wing|47/100
|
|-damage|p2a: Slither Wing|35/100|[from] Salt Cure
|upkeep
|turn|31
|c|☆ja hoi|a crit would be nice
|
|t:|1779617216
|move|p2a: Slither Wing|Morning Sun|p2a: Slither Wing
|-heal|p2a: Slither Wing|85/100
|move|p1a: Zamazenta|Body Press|p2a: Slither Wing
|-resisted|p2a: Slither Wing
|-damage|p2a: Slither Wing|63/100
|
|-damage|p2a: Slither Wing|51/100|[from] Salt Cure
|upkeep
|turn|32
|
|t:|1779617224
|move|p2a: Slither Wing|Acrobatics|p1a: Zamazenta
|-supereffective|p1a: Zamazenta
|-damage|p1a: Zamazenta|65/100
|move|p1a: Zamazenta|Body Press|p2a: Slither Wing
|-resisted|p2a: Slither Wing
|-damage|p2a: Slither Wing|27/100
|
|-heal|p1a: Zamazenta|71/100|[from] item: Leftovers
|-damage|p2a: Slither Wing|14/100|[from] Salt Cure
|upkeep
|turn|33
|
|t:|1779617237
|-terastallize|p1a: Zamazenta|Steel
|move|p2a: Slither Wing|Acrobatics|p1a: Zamazenta
|-resisted|p1a: Zamazenta
|-damage|p1a: Zamazenta|63/100
|move|p1a: Zamazenta|Body Press|p2a: Slither Wing
|-resisted|p2a: Slither Wing
|-damage|p2a: Slither Wing|0 fnt
|faint|p2a: Slither Wing
|-end|p2a: Slither Wing|Protosynthesis|[silent]
|
|-heal|p1a: Zamazenta|69/100|[from] item: Leftovers
|upkeep
|
|t:|1779617242
|switch|p2a: Deoxys|Deoxys-Speed, shiny|15/100
|-ability|p2a: Deoxys|Pressure
|turn|34
|
|t:|1779617254
|move|p2a: Deoxys|Reflect|p2a: Deoxys
|-sidestart|p2: texett|Reflect
|move|p1a: Zamazenta|Crunch|p2a: Deoxys
|-supereffective|p2a: Deoxys
|-damage|p2a: Deoxys|0 fnt
|faint|p2a: Deoxys
|
|-heal|p1a: Zamazenta|75/100|[from] item: Leftovers
|upkeep
|
|t:|1779617259
|switch|p2a: Hatterene|Hatterene, F, shiny|39/100
|turn|35
|
|t:|1779617263
|move|p1a: Zamazenta|Substitute|p1a: Zamazenta
|-start|p1a: Zamazenta|Substitute
|-damage|p1a: Zamazenta|50/100
|move|p2a: Hatterene|Nuzzle|p1a: Zamazenta
|-activate|p1a: Zamazenta|move: Substitute|[damage]
|
|-heal|p1a: Zamazenta|56/100|[from] item: Leftovers
|upkeep
|turn|36
|
|t:|1779617270
|move|p1a: Zamazenta|Crunch|p2a: Hatterene
|-crit|p2a: Hatterene
|-damage|p2a: Hatterene|12/100
|move|p2a: Hatterene|Mystical Fire|p1a: Zamazenta
|-supereffective|p1a: Zamazenta
|-end|p1a: Zamazenta|Substitute
|
|-heal|p1a: Zamazenta|63/100|[from] item: Leftovers
|upkeep
|turn|37
|
|t:|1779617279
|move|p1a: Zamazenta|Crunch|p2a: Hatterene
|-damage|p2a: Hatterene|4/100
|move|p2a: Hatterene|Healing Wish|p2a: Hatterene
|faint|p2a: Hatterene
|
|-heal|p1a: Zamazenta|69/100|[from] item: Leftovers
|upkeep
|
|t:|1779617282
|switch|p2a: Diancie|Diancie, shiny|33/100
|-heal|p2a: Diancie|100/100|[from] move: Healing Wish
|turn|38
|
|t:|1779617288
|move|p1a: Zamazenta|Body Press|p2a: Diancie
|-damage|p2a: Diancie|54/100
|move|p2a: Diancie|Rock Polish|p2a: Diancie
|-boost|p2a: Diancie|spe|2
|
|-heal|p1a: Zamazenta|75/100|[from] item: Leftovers
|upkeep
|turn|39
|
|t:|1779617295
|move|p2a: Diancie|Diamond Storm|p1a: Zamazenta
|-resisted|p1a: Zamazenta
|-damage|p1a: Zamazenta|72/100
|-boost|p2a: Diancie|def|2
|move|p1a: Zamazenta|Body Press|p2a: Diancie
|-damage|p2a: Diancie|31/100
|
|-heal|p1a: Zamazenta|78/100|[from] item: Leftovers
|upkeep
|turn|40
|
|t:|1779617312
|move|p2a: Diancie|Diamond Storm|p1a: Zamazenta
|-resisted|p1a: Zamazenta
|-damage|p1a: Zamazenta|75/100
|move|p1a: Zamazenta|Body Press|p2a: Diancie
|-damage|p2a: Diancie|6/100
|
|-heal|p1a: Zamazenta|81/100|[from] item: Leftovers
|upkeep
|turn|41
|
|t:|1779617322
|move|p2a: Diancie|Stored Power|p1a: Zamazenta
|-resisted|p1a: Zamazenta
|-damage|p1a: Zamazenta|73/100
|move|p1a: Zamazenta|Body Press|p2a: Diancie
|-damage|p2a: Diancie|0 fnt
|faint|p2a: Diancie
|
|-heal|p1a: Zamazenta|79/100|[from] item: Leftovers
|-sideend|p2: texett|Reflect
|upkeep
|-message|texett forfeited.
|
|win|ja hoi
|raw|ja hoi's rating: 1533 &rarr; <strong>1551</strong><br />(+18 for winning)
|raw|texett's rating: 1506 &rarr; <strong>1488</strong><br />(-18 for losing)
|l|☆texett
|player|p2|
|l|☆ja hoi
|player|p1|
