|j|☆dodino
|j|☆KalosToHighElo
|t:|1779700116
|gametype|singles
|player|p1|dodino|lucas|1094
|player|p2|KalosToHighElo|preschooler|1143
|gen|9
|tier|[Gen 9] OU
|rated|
|rule|HP Percentage Mod: HP is shown in percentages
|rule|Endless Battle Clause: Forcing endless battles is banned
|rule|Species Clause: Limit one of each Pokémon
|rule|OHKO Clause: OHKO moves are banned
|rule|Evasion Items Clause: Evasion items are banned
|rule|Evasion Moves Clause: Evasion moves are banned
|rule|Evasion Abilities Clause: Evasion abilities are banned
|rule|Sleep Moves Clause: Sleep-inducing moves are banned
|clearpoke
|poke|p1|Ogerpon, F|
|poke|p1|Dragapult, F|
|poke|p1|Rotom-Heat|
|poke|p1|Araquanid, F|
|poke|p1|Revavroom, F|
|poke|p1|Jirachi|
|poke|p2|Hawlucha, M|
|poke|p2|Noivern, M|
|poke|p2|Klefki, F|
|poke|p2|Goodra, M|
|poke|p2|Chesnaught, F|
|poke|p2|Florges-Orange, F|
|teampreview
|inactive|Battle timer is ON: inactive players will automatically lose when time's up. (requested by dodino)
|
|t:|1779700130
|teamsize|p1|6
|teamsize|p2|6
|start
|switch|p1a: 부르르룸|Revavroom, F|100/100
|switch|p2a: Cha-ching|Klefki, F|100/100
|-item|p1a: 부르르룸|Air Balloon
|turn|1
|c|☆KalosToHighElo|you defiantly have attack my coc base
|
|t:|1779700150
|move|p2a: Cha-ching|Spikes|p1a: 부르르룸
|-sidestart|p1: dodino|Spikes
|move|p1a: 부르르룸|Shift Gear|p1a: 부르르룸
|-boost|p1a: 부르르룸|spe|2
|-boost|p1a: 부르르룸|atk|1
|
|upkeep
|turn|2
|
|t:|1779700163
|move|p2a: Cha-ching|Thunder Wave|p1a: 부르르룸
|-status|p1a: 부르르룸|par
|move|p1a: 부르르룸|High Horsepower|p2a: Cha-ching
|-supereffective|p2a: Cha-ching
|-damage|p2a: Cha-ching|0 fnt
|faint|p2a: Cha-ching
|
|upkeep
|
|t:|1779700172
|switch|p2a: THE GOAT!|Noivern, M|100/100
|-item|p1a: 부르르룸|Air Balloon|[from] ability: Frisk|[of] p2a: THE GOAT!
|turn|3
|
|t:|1779700178
|move|p2a: THE GOAT!|Flamethrower|p1a: 부르르룸
|-supereffective|p1a: 부르르룸
|-damage|p1a: 부르르룸|41/100 par
|-enditem|p1a: 부르르룸|Air Balloon
|cant|p1a: 부르르룸|par
|
|upkeep
|turn|4
|
|t:|1779700185
|move|p2a: THE GOAT!|Flamethrower|p1a: 부르르룸
|-supereffective|p1a: 부르르룸
|-damage|p1a: 부르르룸|0 fnt
|faint|p1a: 부르르룸
|
|upkeep
|
|t:|1779700195
|switch|p1a: 깨비물거미|Araquanid, F|100/100
|-damage|p1a: 깨비물거미|88/100|[from] Spikes
|turn|5
|
|t:|1779700201
|move|p2a: THE GOAT!|Super Fang|p1a: 깨비물거미
|-damage|p1a: 깨비물거미|44/100
|move|p1a: 깨비물거미|Mirror Coat||[still]
|-fail|p1a: 깨비물거미
|
|upkeep
|turn|6
|
|t:|1779700206
|move|p2a: THE GOAT!|Boomburst|p1a: 깨비물거미
|-damage|p1a: 깨비물거미|19/100
|move|p1a: 깨비물거미|Mirror Coat|p2a: THE GOAT!
|-damage|p2a: THE GOAT!|46/100
|
|upkeep
|turn|7
|
|t:|1779700212
|move|p2a: THE GOAT!|Boomburst|p1a: 깨비물거미
|-damage|p1a: 깨비물거미|0 fnt
|faint|p1a: 깨비물거미
|
|upkeep
|
|t:|1779700215
|switch|p1a: 드래펄트|Dragapult, F|100/100
|-damage|p1a: 드래펄트|88/100|[from] Spikes
|turn|8
|
|t:|1779700223
|switch|p2a: His girl|Florges-Orange, F, shiny|100/100
|move|p1a: 드래펄트|Phantom Force||[still]
|-prepare|p1a: 드래펄트|Phantom Force
|
|upkeep
|turn|9
|c|☆KalosToHighElo|g-g-g-ghost!
|
|t:|1779700249
|switch|p2a: El Luchador|Hawlucha, M, shiny|100/100
|move|p1a: 드래펄트|Phantom Force|p2a: El Luchador|[from] lockedmove
|-damage|p2a: El Luchador|14/100
|-enditem|p2a: El Luchador|Sitrus Berry|[eat]
|-heal|p2a: El Luchador|38/100|[from] item: Sitrus Berry
|
|upkeep
|turn|10
|
|t:|1779700260
|-terastallize|p1a: 드래펄트|Ghost
|move|p2a: El Luchador|Acrobatics|p1a: 드래펄트
|-damage|p1a: 드래펄트|18/100
|move|p1a: 드래펄트|Phantom Force||[still]
|-prepare|p1a: 드래펄트|Phantom Force
|
|upkeep
|turn|11
|
|t:|1779700276
|switch|p2a: My MAN|Chesnaught, F|100/100
|move|p1a: 드래펄트|Phantom Force|p2a: My MAN|[from] lockedmove
|-damage|p2a: My MAN|40/100
|-damage|p1a: 드래펄트|2/100|[from] item: Rocky Helmet|[of] p2a: My MAN
|
|upkeep
|turn|12
|
|t:|1779700291
|switch|p2a: #StopSlander|Goodra, M|100/100
|move|p1a: 드래펄트|Phantom Force||[still]
|-prepare|p1a: 드래펄트|Phantom Force
|
|upkeep
|turn|13
|
|t:|1779700303
|move|p1a: 드래펄트|Phantom Force|p2a: #StopSlander|[from] lockedmove
|-damage|p2a: #StopSlander|0 fnt
|-ability|p2a: #StopSlander|Gooey
|-fail|p1a: 드래펄트|unboost|[from] ability: Clear Body|[of] p1a: 드래펄트
|faint|p2a: #StopSlander
|
|upkeep
|
|t:|1779700311
|switch|p2a: El Luchador|Hawlucha, M, shiny|38/100
|turn|14
|
|t:|1779700317
|move|p1a: 드래펄트|Phantom Force||[still]
|-prepare|p1a: 드래펄트|Phantom Force
|move|p2a: El Luchador|Roost|p2a: El Luchador
|-heal|p2a: El Luchador|88/100
|-singleturn|p2a: El Luchador|move: Roost
|
|upkeep
|turn|15
|
|t:|1779700325
|switch|p2a: His girl|Florges-Orange, F, shiny|100/100
|move|p1a: 드래펄트|Phantom Force|p2a: His girl|[from] lockedmove
|-damage|p2a: His girl|0 fnt
|faint|p2a: His girl
|
|upkeep
|
|t:|1779700338
|switch|p2a: El Luchador|Hawlucha, M, shiny|88/100
|turn|16
|l|☆KalosToHighElo
|inactive|KalosToHighElo disconnected and has a minute to reconnect!
|player|p2|
|l|☆dodino
|inactive|dodino disconnected and has a minute to reconnect!
|player|p1|
|j|☆KalosToHighElo
|inactive|KalosToHighElo reconnected and has 120 seconds left.
|player|p2|KalosToHighElo|preschooler|
|
|t:|1779700368
|move|p1a: 드래펄트|Phantom Force||[still]
|-prepare|p1a: 드래펄트|Phantom Force
|move|p2a: El Luchador|Roost|p2a: El Luchador
|-heal|p2a: El Luchador|100/100
|-singleturn|p2a: El Luchador|move: Roost
|
|upkeep
|turn|17
|inactive|KalosToHighElo has 120 seconds left.
|j|☆dodino
|inactive|dodino reconnected and has 140 seconds left.
|player|p1|dodino|lucas|
|
|t:|1779700384
|move|p1a: 드래펄트|Phantom Force|p2a: El Luchador|[from] lockedmove
|-damage|p2a: El Luchador|0 fnt
|faint|p2a: El Luchador
|
|upkeep
|inactive|KalosToHighElo has 120 seconds left.
|
|t:|1779700392
|switch|p2a: THE GOAT!|Noivern, M|46/100
|-item|p1a: 드래펄트|Choice Band|[from] ability: Frisk|[of] p2a: THE GOAT!
|turn|18
|
|t:|1779700399
|move|p1a: 드래펄트|Phantom Force||[still]
|-prepare|p1a: 드래펄트|Phantom Force
|move|p2a: THE GOAT!|Flamethrower|p1a: 드래펄트|[miss]
|-miss|p2a: THE GOAT!|p1a: 드래펄트
|
|upkeep
|turn|19
|-message|KalosToHighElo forfeited.
|
|win|dodino
|raw|dodino's rating: 1094 &rarr; <strong>1124</strong><br />(+30 for winning)
|raw|KalosToHighElo's rating: 1143 &rarr; <strong>1114</strong><br />(-29 for losing)
|l|☆KalosToHighElo
|player|p2|
|l|☆dodino
|player|p1|
