|j|☆Mozo_to_Bozo
|j|☆Miurez
|t:|1779684621
|gametype|singles
|player|p1|Mozo_to_Bozo|biker-gen4|1550
|player|p2|Miurez|pokemonranger-gen4|1686
|gen|9
|tier|[Gen 9] OU
|rated|
|rule|HP Percentage Mod: HP is shown in percentages
|rule|Endless Battle Clause: Forcing endless battles is banned
|rule|Species Clause: Limit one of each Pokémon
|rule|OHKO Clause: OHKO moves are banned
|rule|Evasion Items Clause: Evasion items are banned
|rule|Evasion Moves Clause: Evasion moves are banned
|rule|Evasion Abilities Clause: Evasion abilities are banned
|rule|Sleep Moves Clause: Sleep-inducing moves are banned
|clearpoke
|poke|p1|Iron Valiant|
|poke|p1|Ting-Lu|
|poke|p1|Kingambit, M|
|poke|p1|Gholdengo|
|poke|p1|Dragonite, M|
|poke|p1|Ogerpon-Wellspring, F|
|poke|p2|Dragonite, M|
|poke|p2|Volcanion|
|poke|p2|Great Tusk|
|poke|p2|Hatterene, F|
|poke|p2|Kingambit, F|
|poke|p2|Deoxys-Speed|
|teampreview
|c|☆Mozo_to_Bozo|glh
|
|t:|1779684628
|teamsize|p1|6
|teamsize|p2|6
|start
|switch|p1a: Ogerpon|Ogerpon-Wellspring, F|100/100
|switch|p2a: Deoxys|Deoxys-Speed|100/100
|-ability|p2a: Deoxys|Pressure
|turn|1
|
|t:|1779684634
|move|p2a: Deoxys|Psycho Boost|p1a: Ogerpon
|-damage|p1a: Ogerpon|29/100
|-unboost|p2a: Deoxys|spa|2
|-enditem|p2a: Deoxys|Eject Pack
|
|t:|1779684637
|switch|p2a: Volcanion|Volcanion|100/100
|move|p1a: Ogerpon|Knock Off|p2a: Volcanion
|-damage|p2a: Volcanion|69/100
|-enditem|p2a: Volcanion|Leftovers|[from] move: Knock Off|[of] p1a: Ogerpon
|
|upkeep
|turn|2
|
|t:|1779684642
|move|p1a: Ogerpon|U-turn|p2a: Volcanion
|-resisted|p2a: Volcanion
|-damage|p2a: Volcanion|56/100
|
|t:|1779684661
|switch|p1a: Gholdengo|Gholdengo|100/100|[from] U-turn
|move|p2a: Volcanion|Flamethrower|p1a: Gholdengo
|-supereffective|p1a: Gholdengo
|-damage|p1a: Gholdengo|0 fnt
|faint|p1a: Gholdengo
|
|upkeep
|
|t:|1779684671
|switch|p1a: Dragonite|Dragonite, M|100/100
|turn|3
|
|t:|1779684676
|switch|p2a: Great Tusk|Great Tusk|100/100
|move|p1a: Dragonite|Dragon Dance|p1a: Dragonite
|-boost|p1a: Dragonite|atk|1
|-boost|p1a: Dragonite|spe|1
|
|upkeep
|turn|4
|
|t:|1779684679
|move|p1a: Dragonite|Dragon Dance|p1a: Dragonite
|-boost|p1a: Dragonite|atk|1
|-boost|p1a: Dragonite|spe|1
|move|p2a: Great Tusk|Rapid Spin|p1a: Dragonite
|-damage|p1a: Dragonite|91/100
|-boost|p2a: Great Tusk|spe|1
|
|upkeep
|turn|5
|
|t:|1779684682
|move|p1a: Dragonite|Ice Spinner|p2a: Great Tusk
|-supereffective|p2a: Great Tusk
|-damage|p2a: Great Tusk|16/100
|-damage|p1a: Dragonite|75/100|[from] item: Rocky Helmet|[of] p2a: Great Tusk
|move|p2a: Great Tusk|Ice Spinner|p1a: Dragonite
|-supereffective|p1a: Dragonite
|-damage|p1a: Dragonite|0 fnt
|faint|p1a: Dragonite
|
|upkeep
|
|t:|1779684687
|switch|p1a: Iron Valiant|Iron Valiant|100/100
|-enditem|p1a: Iron Valiant|Booster Energy
|-activate|p1a: Iron Valiant|ability: Quark Drive|[fromitem]
|-start|p1a: Iron Valiant|quarkdrivespe
|turn|6
|
|t:|1779684691
|move|p1a: Iron Valiant|Calm Mind|p1a: Iron Valiant
|-boost|p1a: Iron Valiant|spa|1
|-boost|p1a: Iron Valiant|spd|1
|move|p2a: Great Tusk|Headlong Rush|p1a: Iron Valiant
|-damage|p1a: Iron Valiant|25/100
|-unboost|p2a: Great Tusk|def|1
|-unboost|p2a: Great Tusk|spd|1
|
|upkeep
|turn|7
|
|t:|1779684696
|move|p1a: Iron Valiant|Moonblast|p2a: Great Tusk
|-supereffective|p2a: Great Tusk
|-damage|p2a: Great Tusk|0 fnt
|faint|p2a: Great Tusk
|-end|p2a: Great Tusk|Protosynthesis|[silent]
|
|upkeep
|
|t:|1779684702
|switch|p2a: Hatterene|Hatterene, F|100/100
|turn|8
|
|t:|1779684715
|-end|p1a: Iron Valiant|Quark Drive|[silent]
|switch|p1a: Ogerpon|Ogerpon-Wellspring, F|29/100
|move|p2a: Hatterene|Nuzzle|p1a: Ogerpon
|-damage|p1a: Ogerpon|24/100
|-status|p1a: Ogerpon|par
|
|upkeep
|turn|9
|
|t:|1779684722
|move|p1a: Ogerpon|Knock Off|p2a: Hatterene
|-damage|p2a: Hatterene|67/100
|-damage|p1a: Ogerpon|7/100 par|[from] item: Rocky Helmet|[of] p2a: Hatterene
|-enditem|p2a: Hatterene|Rocky Helmet|[from] move: Knock Off|[of] p1a: Ogerpon
|move|p2a: Hatterene|Draining Kiss|p1a: Ogerpon
|-crit|p1a: Ogerpon
|-damage|p1a: Ogerpon|0 fnt
|-heal|p2a: Hatterene|72/100|[from] drain|[of] p1a: Ogerpon
|faint|p1a: Ogerpon
|
|upkeep
|
|t:|1779684725
|switch|p1a: Kingambit|Kingambit, M|100/100
|-activate|p1a: Kingambit|ability: Supreme Overlord
|-start|p1a: Kingambit|fallen3|[silent]
|turn|10
|
|t:|1779684734
|-end|p1a: Kingambit|fallen3|[silent]
|switch|p1a: Ting-Lu|Ting-Lu|100/100
|-ability|p1a: Ting-Lu|Vessel of Ruin
|move|p2a: Hatterene|Nuzzle|p1a: Ting-Lu
|-immune|p1a: Ting-Lu
|
|upkeep
|turn|11
|
|t:|1779684738
|move|p1a: Ting-Lu|Ruination|p2a: Hatterene
|-damage|p2a: Hatterene|36/100
|move|p2a: Hatterene|Draining Kiss|p1a: Ting-Lu
|-supereffective|p1a: Ting-Lu
|-damage|p1a: Ting-Lu|83/100
|-heal|p2a: Hatterene|58/100|[from] drain|[of] p1a: Ting-Lu
|-damage|p2a: Hatterene|41/100|[from] item: Rocky Helmet|[of] p1a: Ting-Lu
|
|upkeep
|turn|12
|
|t:|1779684746
|move|p1a: Ting-Lu|Earthquake|p2a: Hatterene
|-damage|p2a: Hatterene|10/100
|move|p2a: Hatterene|Pain Split|p1a: Ting-Lu
|-sethp|p1a: Ting-Lu|44/100|[from] move: Pain Split|[silent]
|-sethp|p2a: Hatterene|72/100|[from] move: Pain Split
|
|upkeep
|turn|13
|
|t:|1779684754
|switch|p1a: Iron Valiant|Iron Valiant|25/100
|move|p2a: Hatterene|Nuzzle|p1a: Iron Valiant
|-damage|p1a: Iron Valiant|20/100
|-status|p1a: Iron Valiant|par
|
|upkeep
|turn|14
|
|t:|1779684760
|move|p1a: Iron Valiant|Moonblast|p2a: Hatterene
|-damage|p2a: Hatterene|26/100
|move|p2a: Hatterene|Draining Kiss|p1a: Iron Valiant
|-supereffective|p1a: Iron Valiant
|-damage|p1a: Iron Valiant|0 fnt
|-heal|p2a: Hatterene|39/100|[from] drain|[of] p1a: Iron Valiant
|faint|p1a: Iron Valiant
|-end|p1a: Iron Valiant|Quark Drive|[silent]
|
|upkeep
|
|t:|1779684763
|switch|p1a: Kingambit|Kingambit, M|100/100
|-activate|p1a: Kingambit|ability: Supreme Overlord
|-start|p1a: Kingambit|fallen4|[silent]
|turn|15
|
|t:|1779684767
|move|p1a: Kingambit|Iron Head|p2a: Hatterene
|-supereffective|p2a: Hatterene
|-damage|p2a: Hatterene|0 fnt
|faint|p2a: Hatterene
|
|upkeep
|
|t:|1779684774
|switch|p2a: Volcanion|Volcanion|56/100
|turn|16
|
|t:|1779684780
|-end|p1a: Kingambit|fallen4|[silent]
|switch|p1a: Ting-Lu|Ting-Lu|44/100
|-ability|p1a: Ting-Lu|Vessel of Ruin
|move|p2a: Volcanion|Flamethrower|p1a: Ting-Lu
|-damage|p1a: Ting-Lu|23/100
|
|upkeep
|turn|17
|
|t:|1779684787
|move|p2a: Volcanion|Steam Eruption|p1a: Ting-Lu
|-supereffective|p1a: Ting-Lu
|-damage|p1a: Ting-Lu|0 fnt
|faint|p1a: Ting-Lu
|
|upkeep
|
|t:|1779684790
|switch|p1a: Kingambit|Kingambit, M|100/100
|-activate|p1a: Kingambit|ability: Supreme Overlord
|-start|p1a: Kingambit|fallen5|[silent]
|turn|18
|
|t:|1779684795
|move|p2a: Volcanion|Flamethrower|p1a: Kingambit
|-supereffective|p1a: Kingambit
|-damage|p1a: Kingambit|0 fnt
|faint|p1a: Kingambit
|-end|p1a: Kingambit|fallen5|[silent]
|
|win|Miurez
|raw|Mozo_to_Bozo's rating: 1550 &rarr; <strong>1537</strong><br />(-13 for losing)
|raw|Miurez's rating: 1686 &rarr; <strong>1699</strong><br />(+13 for winning)
|l|☆Miurez
|player|p2|
|c|☆Mozo_to_Bozo|gg
|l|☆Mozo_to_Bozo
|player|p1|
