|j|☆OjamaIndigo
|j|☆204reptile
|t:|1779644800
|gametype|singles
|player|p1|OjamaIndigo|1|1239
|player|p2|204reptile|ingo|1195
|gen|9
|tier|[Gen 9] OU
|rated|
|rule|HP Percentage Mod: HP is shown in percentages
|rule|Endless Battle Clause: Forcing endless battles is banned
|rule|Species Clause: Limit one of each Pokémon
|rule|OHKO Clause: OHKO moves are banned
|rule|Evasion Items Clause: Evasion items are banned
|rule|Evasion Moves Clause: Evasion moves are banned
|rule|Evasion Abilities Clause: Evasion abilities are banned
|rule|Sleep Moves Clause: Sleep-inducing moves are banned
|clearpoke
|poke|p1|Ogerpon, F|
|poke|p1|Samurott-Hisui, F|
|poke|p1|Blissey, F|
|poke|p1|Gliscor, F|
|poke|p1|Skarmory, F|
|poke|p1|Pecharunt|
|poke|p2|Ninetales, M|
|poke|p2|Walking Wake|
|poke|p2|Ceruledge, F|
|poke|p2|Zarude|
|poke|p2|Great Tusk|
|poke|p2|Cresselia, F|
|teampreview
|
|t:|1779644806
|teamsize|p1|6
|teamsize|p2|6
|start
|switch|p1a: Samurott|Samurott-Hisui, F|100/100
|switch|p2a: Ninetales|Ninetales, M|100/100
|-weather|SunnyDay|[from] ability: Drought|[of] p2a: Ninetales
|turn|1
|
|t:|1779644818
|switch|p2a: Zarude|Zarude|100/100
|move|p1a: Samurott|Ceaseless Edge|p2a: Zarude
|-resisted|p2a: Zarude
|-damage|p2a: Zarude|80/100
|-sidestart|p2: 204reptile|Spikes
|
|-weather|SunnyDay|[upkeep]
|-heal|p2a: Zarude|86/100|[from] item: Leftovers
|upkeep
|turn|2
|
|t:|1779644838
|switch|p1a: Skarmory|Skarmory, F|100/100
|move|p2a: Zarude|Swords Dance|p2a: Zarude
|-boost|p2a: Zarude|atk|2
|
|-weather|SunnyDay|[upkeep]
|-heal|p2a: Zarude|92/100|[from] item: Leftovers
|upkeep
|turn|3
|
|t:|1779644852
|move|p2a: Zarude|Knock Off|p1a: Skarmory
|-damage|p1a: Skarmory|43/100
|-damage|p2a: Zarude|75/100|[from] item: Rocky Helmet|[of] p1a: Skarmory
|-enditem|p1a: Skarmory|Rocky Helmet|[from] move: Knock Off|[of] p2a: Zarude
|move|p1a: Skarmory|Whirlwind|p2a: Zarude
|drag|p2a: Ceruledge|Ceruledge, F|100/100
|-damage|p2a: Ceruledge|88/100|[from] Spikes
|
|-weather|SunnyDay|[upkeep]
|upkeep
|turn|4
|
|t:|1779644867
|switch|p1a: Samurott|Samurott-Hisui, F|100/100
|move|p2a: Ceruledge|Swords Dance|p2a: Ceruledge
|-boost|p2a: Ceruledge|atk|2
|
|-weather|SunnyDay|[upkeep]
|upkeep
|turn|5
|
|t:|1779644876
|move|p1a: Samurott|Ceaseless Edge|p2a: Ceruledge
|-supereffective|p2a: Ceruledge
|-damage|p2a: Ceruledge|0 fnt
|-sidestart|p2: 204reptile|Spikes
|faint|p2a: Ceruledge
|
|-weather|SunnyDay|[upkeep]
|upkeep
|
|t:|1779644895
|switch|p2a: Zarude|Zarude|75/100
|-damage|p2a: Zarude|59/100|[from] Spikes
|turn|6
|
|t:|1779644912
|switch|p1a: Ogerpon|Ogerpon, F|100/100
|move|p2a: Zarude|Knock Off|p1a: Ogerpon
|-damage|p1a: Ogerpon|36/100
|-enditem|p1a: Ogerpon|Choice Band|[from] move: Knock Off|[of] p2a: Zarude
|
|-weather|SunnyDay|[upkeep]
|-heal|p2a: Zarude|65/100|[from] item: Leftovers
|upkeep
|turn|7
|
|t:|1779644935
|switch|p2a: Great Tusk|Great Tusk|100/100
|-damage|p2a: Great Tusk|84/100|[from] Spikes
|-activate|p2a: Great Tusk|ability: Protosynthesis
|-start|p2a: Great Tusk|protosynthesisatk
|-terastallize|p1a: Ogerpon|Grass
|detailschange|p1a: Ogerpon|Ogerpon-Teal-Tera, F, tera:Grass
|-ability|p1a: Ogerpon|Embody Aspect (Teal)|boost
|-boost|p1a: Ogerpon|spe|1
|move|p1a: Ogerpon|U-turn|p2a: Great Tusk
|-resisted|p2a: Great Tusk
|-damage|p2a: Great Tusk|75/100
|
|t:|1779644948
|switch|p1a: Pecharunt|Pecharunt|100/100|[from] U-turn
|
|-weather|SunnyDay|[upkeep]
|upkeep
|turn|8
|
|t:|1779644956
|move|p2a: Great Tusk|Headlong Rush|p1a: Pecharunt
|-supereffective|p1a: Pecharunt
|-damage|p1a: Pecharunt|20/100
|-unboost|p2a: Great Tusk|def|1
|-unboost|p2a: Great Tusk|spd|1
|move|p1a: Pecharunt|Toxic|p2a: Great Tusk
|-status|p2a: Great Tusk|tox
|-start|p2a: Great Tusk|confusion|[from] ability: Poison Puppeteer|[of] p1a: Pecharunt
|
|-weather|none
|-end|p2a: Great Tusk|Protosynthesis
|-damage|p2a: Great Tusk|69/100 tox|[from] psn
|upkeep
|turn|9
|
|t:|1779644982
|switch|p1a: Gliscor|Gliscor, F|100/100
|-activate|p2a: Great Tusk|confusion
|move|p2a: Great Tusk|Ice Spinner|p1a: Gliscor
|-supereffective|p1a: Gliscor
|-damage|p1a: Gliscor|2/100
|
|-damage|p2a: Great Tusk|57/100 tox|[from] psn
|-status|p1a: Gliscor|tox|[from] item: Toxic Orb
|upkeep
|turn|10
|
|t:|1779644995
|move|p1a: Gliscor|Protect|p1a: Gliscor
|-singleturn|p1a: Gliscor|Protect
|-activate|p2a: Great Tusk|confusion
|-damage|p2a: Great Tusk|39/100 tox|[from] confusion
|
|-damage|p2a: Great Tusk|20/100 tox|[from] psn
|-heal|p1a: Gliscor|15/100 tox|[from] ability: Poison Heal
|upkeep
|turn|11
|
|t:|1779645007
|switch|p1a: Samurott|Samurott-Hisui, F|100/100
|-activate|p2a: Great Tusk|confusion
|move|p2a: Great Tusk|Rapid Spin|p1a: Samurott
|-damage|p1a: Samurott|77/100
|-boost|p2a: Great Tusk|spe|1
|-sideend|p2: 204reptile|Spikes|[from] move: Rapid Spin|[of] p2a: Great Tusk
|
|-damage|p2a: Great Tusk|0 fnt|[from] psn
|faint|p2a: Great Tusk
|-end|p2a: Great Tusk|Protosynthesis|[silent]
|upkeep
|
|t:|1779645031
|switch|p2a: Ninetales|Ninetales, M|100/100
|-weather|SunnyDay|[from] ability: Drought|[of] p2a: Ninetales
|turn|12
|
|t:|1779645047
|move|p2a: Ninetales|Will-O-Wisp|p1a: Samurott
|-status|p1a: Samurott|brn
|move|p1a: Samurott|Knock Off|p2a: Ninetales
|-damage|p2a: Ninetales|72/100
|-enditem|p2a: Ninetales|Heat Rock|[from] move: Knock Off|[of] p1a: Samurott
|
|-weather|SunnyDay|[upkeep]
|-damage|p1a: Samurott|71/100 brn|[from] brn
|upkeep
|turn|13
|
|t:|1779645064
|switch|p2a: Zarude|Zarude|65/100
|move|p1a: Samurott|Ceaseless Edge|p2a: Zarude
|-resisted|p2a: Zarude
|-damage|p2a: Zarude|55/100
|-sidestart|p2: 204reptile|Spikes
|
|-weather|SunnyDay|[upkeep]
|-heal|p2a: Zarude|61/100|[from] item: Leftovers
|-damage|p1a: Samurott|64/100 brn|[from] brn
|upkeep
|turn|14
|
|t:|1779645075
|move|p2a: Zarude|Swords Dance|p2a: Zarude
|-boost|p2a: Zarude|atk|2
|move|p1a: Samurott|Ceaseless Edge|p2a: Zarude
|-resisted|p2a: Zarude
|-damage|p2a: Zarude|50/100
|-sidestart|p2: 204reptile|Spikes
|
|-weather|SunnyDay|[upkeep]
|-heal|p2a: Zarude|56/100|[from] item: Leftovers
|-damage|p1a: Samurott|58/100 brn|[from] brn
|upkeep
|turn|15
|
|t:|1779645099
|move|p2a: Zarude|Synthesis|p2a: Zarude
|-heal|p2a: Zarude|100/100
|move|p1a: Samurott|Encore|p2a: Zarude
|-start|p2a: Zarude|Encore
|
|-weather|SunnyDay|[upkeep]
|-damage|p1a: Samurott|52/100 brn|[from] brn
|upkeep
|turn|16
|
|t:|1779645111
|move|p2a: Zarude|Synthesis|p2a: Zarude
|-fail|p2a: Zarude|heal
|move|p1a: Samurott|Ceaseless Edge|p2a: Zarude
|-resisted|p2a: Zarude
|-damage|p2a: Zarude|89/100
|-sidestart|p2: 204reptile|Spikes
|
|-weather|SunnyDay|[upkeep]
|-heal|p2a: Zarude|95/100|[from] item: Leftovers
|-damage|p1a: Samurott|46/100 brn|[from] brn
|upkeep
|turn|17
|
|t:|1779645124
|switch|p1a: Skarmory|Skarmory, F|43/100
|move|p2a: Zarude|Synthesis|p2a: Zarude
|-heal|p2a: Zarude|100/100
|
|-weather|SunnyDay|[upkeep]
|upkeep
|turn|18
|
|t:|1779645132
|move|p2a: Zarude|Synthesis|p2a: Zarude
|-fail|p2a: Zarude|heal
|move|p1a: Skarmory|Whirlwind|p2a: Zarude
|drag|p2a: Ninetales|Ninetales, M|72/100
|-damage|p2a: Ninetales|47/100|[from] Spikes
|
|-weather|SunnyDay|[upkeep]
|upkeep
|turn|19
|
|t:|1779645150
|switch|p1a: Blissey|Blissey, F|100/100
|move|p2a: Ninetales|Overheat|p1a: Blissey
|-damage|p1a: Blissey|82/100
|-unboost|p2a: Ninetales|spa|2
|
|-weather|none
|upkeep
|turn|20
|
|t:|1779645163
|move|p2a: Ninetales|Will-O-Wisp|p1a: Blissey|[miss]
|-miss|p2a: Ninetales|p1a: Blissey
|move|p1a: Blissey|Calm Mind|p1a: Blissey
|-boost|p1a: Blissey|spa|1
|-boost|p1a: Blissey|spd|1
|
|upkeep
|turn|21
|
|t:|1779645172
|move|p2a: Ninetales|Encore|p1a: Blissey
|-start|p1a: Blissey|Encore
|move|p1a: Blissey|Calm Mind|p1a: Blissey
|-boost|p1a: Blissey|spa|1
|-boost|p1a: Blissey|spd|1
|
|upkeep
|turn|22
|
|t:|1779645182
|switch|p2a: Zarude|Zarude|100/100
|-damage|p2a: Zarude|76/100|[from] Spikes
|move|p1a: Blissey|Calm Mind|p1a: Blissey
|-boost|p1a: Blissey|spa|1
|-boost|p1a: Blissey|spd|1
|
|-heal|p2a: Zarude|82/100|[from] item: Leftovers
|upkeep
|turn|23
|
|t:|1779645193
|move|p2a: Zarude|Knock Off|p1a: Blissey
|-damage|p1a: Blissey|35/100
|-enditem|p1a: Blissey|Heavy-Duty Boots|[from] move: Knock Off|[of] p2a: Zarude
|move|p1a: Blissey|Calm Mind|p1a: Blissey
|-boost|p1a: Blissey|spa|1
|-boost|p1a: Blissey|spd|1
|
|-heal|p2a: Zarude|88/100|[from] item: Leftovers
|-end|p1a: Blissey|Encore
|upkeep
|turn|24
|
|t:|1779645205
|move|p2a: Zarude|Knock Off|p1a: Blissey
|-damage|p1a: Blissey|1/100
|move|p1a: Blissey|Shadow Ball|p2a: Zarude
|-resisted|p2a: Zarude
|-damage|p2a: Zarude|67/100
|
|-heal|p2a: Zarude|73/100|[from] item: Leftovers
|upkeep
|turn|25
|
|t:|1779645224
|move|p2a: Zarude|Swords Dance|p2a: Zarude
|-boost|p2a: Zarude|atk|2
|move|p1a: Blissey|Soft-Boiled|p1a: Blissey
|-heal|p1a: Blissey|51/100
|
|-heal|p2a: Zarude|80/100|[from] item: Leftovers
|upkeep
|turn|26
|
|t:|1779645237
|move|p2a: Zarude|Swords Dance|p2a: Zarude
|-boost|p2a: Zarude|atk|2
|move|p1a: Blissey|Seismic Toss|p2a: Zarude
|-damage|p2a: Zarude|52/100
|
|-heal|p2a: Zarude|58/100|[from] item: Leftovers
|upkeep
|turn|27
|
|t:|1779645247
|move|p2a: Zarude|Knock Off|p1a: Blissey
|-damage|p1a: Blissey|0 fnt
|faint|p1a: Blissey
|
|-heal|p2a: Zarude|64/100|[from] item: Leftovers
|upkeep
|
|t:|1779645254
|switch|p1a: Ogerpon|Ogerpon-Teal-Tera, F, tera:Grass|36/100
|-ability|p1a: Ogerpon|Embody Aspect (Teal)|boost
|-boost|p1a: Ogerpon|spe|1
|turn|28
|
|t:|1779645263
|-terastallize|p2a: Zarude|Poison
|move|p1a: Ogerpon|U-turn|p2a: Zarude
|-resisted|p2a: Zarude
|-damage|p2a: Zarude|52/100
|
|t:|1779645283
|switch|p1a: Skarmory|Skarmory, F|43/100|[from] U-turn
|move|p2a: Zarude|Knock Off|p1a: Skarmory
|-damage|p1a: Skarmory|0 fnt
|faint|p1a: Skarmory
|
|-heal|p2a: Zarude|58/100|[from] item: Leftovers
|upkeep
|
|t:|1779645300
|switch|p1a: Gliscor|Gliscor, F|15/100 tox
|turn|29
|
|t:|1779645307
|move|p1a: Gliscor|Protect|p1a: Gliscor
|-singleturn|p1a: Gliscor|Protect
|move|p2a: Zarude|Knock Off|p1a: Gliscor
|-activate|p1a: Gliscor|move: Protect
|
|-heal|p2a: Zarude|64/100|[from] item: Leftovers
|-heal|p1a: Gliscor|27/100 tox|[from] ability: Poison Heal
|upkeep
|turn|30
|
|t:|1779645316
|move|p2a: Zarude|Knock Off|p1a: Gliscor
|-damage|p1a: Gliscor|0 fnt
|-enditem|p1a: Gliscor|Toxic Orb|[from] move: Knock Off|[of] p2a: Zarude
|faint|p1a: Gliscor
|
|-heal|p2a: Zarude|70/100|[from] item: Leftovers
|upkeep
|
|t:|1779645330
|switch|p1a: Ogerpon|Ogerpon-Teal-Tera, F, tera:Grass|36/100
|-ability|p1a: Ogerpon|Embody Aspect (Teal)|boost
|-boost|p1a: Ogerpon|spe|1
|turn|31
|
|t:|1779645338
|move|p1a: Ogerpon|Knock Off|p2a: Zarude
|-damage|p2a: Zarude|41/100
|-enditem|p2a: Zarude|Leftovers|[from] move: Knock Off|[of] p1a: Ogerpon
|move|p2a: Zarude|Knock Off|p1a: Ogerpon
|-damage|p1a: Ogerpon|0 fnt
|faint|p1a: Ogerpon
|detailschange|p1: Ogerpon|Ogerpon, F|[silent]
|
|upkeep
|
|t:|1779645347
|switch|p1a: Samurott|Samurott-Hisui, F|46/100 brn
|turn|32
|
|t:|1779645354
|move|p2a: Zarude|Knock Off|p1a: Samurott
|-resisted|p1a: Samurott
|-damage|p1a: Samurott|0 fnt
|-enditem|p1a: Samurott|Focus Sash|[from] move: Knock Off|[of] p2a: Zarude
|faint|p1a: Samurott
|
|upkeep
|
|t:|1779645359
|switch|p1a: Pecharunt|Pecharunt|20/100
|turn|33
|
|t:|1779645366
|move|p2a: Zarude|Knock Off|p1a: Pecharunt
|-supereffective|p1a: Pecharunt
|-damage|p1a: Pecharunt|0 fnt
|-enditem|p1a: Pecharunt|Heavy-Duty Boots|[from] move: Knock Off|[of] p2a: Zarude
|faint|p1a: Pecharunt
|
|win|204reptile
|raw|OjamaIndigo's rating: 1239 &rarr; <strong>1211</strong><br />(-28 for losing)
|raw|204reptile's rating: 1195 &rarr; <strong>1223</strong><br />(+28 for winning)
|c|☆204reptile|gg
|l|☆OjamaIndigo
|player|p1|
