|j|☆itsjustrps
|j|☆4axes
|t:|1779628047
|gametype|singles
|player|p1|itsjustrps|102|1530
|player|p2|4axes|workerice|1581
|gen|9
|tier|[Gen 9] OU
|rated|
|rule|HP Percentage Mod: HP is shown in percentages
|rule|Endless Battle Clause: Forcing endless battles is banned
|rule|Species Clause: Limit one of each Pokémon
|rule|OHKO Clause: OHKO moves are banned
|rule|Evasion Items Clause: Evasion items are banned
|rule|Evasion Moves Clause: Evasion moves are banned
|rule|Evasion Abilities Clause: Evasion abilities are banned
|rule|Sleep Moves Clause: Sleep-inducing moves are banned
|clearpoke
|poke|p1|Corviknight, F|
|poke|p1|Garganacl, M|
|poke|p1|Kyurem|
|poke|p1|Tornadus-Therian, M|
|poke|p1|Dondozo, M|
|poke|p1|Clodsire, F|
|poke|p2|Hatterene, F|
|poke|p2|Rillaboom, F|
|poke|p2|Iron Treads|
|poke|p2|Hydrapple, F|
|poke|p2|Zamazenta-*|
|poke|p2|Suicune|
|teampreview
|j| norwaytm
|inactive|Battle timer is ON: inactive players will automatically lose when time's up. (requested by itsjustrps)
|
|t:|1779628063
|teamsize|p1|6
|teamsize|p2|6
|start
|switch|p1a: Tornadus|Tornadus-Therian, M|100/100
|switch|p2a: Hatterene|Hatterene, F|100/100
|turn|1
|
|t:|1779628083
|move|p1a: Tornadus|U-turn|p2a: Hatterene
|-damage|p2a: Hatterene|87/100
|
|t:|1779628086
|switch|p1a: Salty|Garganacl, M|100/100|[from] U-turn
|move|p2a: Hatterene|Calm Mind|p2a: Hatterene
|-boost|p2a: Hatterene|spa|1
|-boost|p2a: Hatterene|spd|1
|
|-heal|p2a: Hatterene|93/100|[from] item: Leftovers
|upkeep
|turn|2
|j| dr6ke
|
|t:|1779628099
|move|p2a: Hatterene|Psychic Noise|p1a: Salty
|-damage|p1a: Salty|66/100
|-start|p1a: Salty|move: Heal Block
|move|p1a: Salty|Salt Cure|p2a: Hatterene
|-damage|p2a: Hatterene|80/100
|-start|p2a: Hatterene|Salt Cure
|
|-heal|p2a: Hatterene|86/100|[from] item: Leftovers
|-damage|p2a: Hatterene|74/100|[from] Salt Cure
|upkeep
|turn|3
|
|t:|1779628107
|switch|p1a: Corviknight|Corviknight, F|100/100
|-ability|p1a: Corviknight|Pressure
|move|p2a: Hatterene|Draining Kiss|p1a: Corviknight
|-resisted|p1a: Corviknight
|-damage|p1a: Corviknight|89/100
|-heal|p2a: Hatterene|84/100|[from] drain|[of] p1a: Corviknight
|
|-heal|p2a: Hatterene|90/100|[from] item: Leftovers
|-damage|p2a: Hatterene|78/100|[from] Salt Cure
|upkeep
|turn|4
|
|t:|1779628121
|move|p1a: Corviknight|Thief|p2a: Hatterene
|-damage|p2a: Hatterene|67/100
|move|p2a: Hatterene|Mystical Fire|p1a: Corviknight
|-supereffective|p1a: Corviknight
|-damage|p1a: Corviknight|44/100
|
|-heal|p2a: Hatterene|73/100|[from] item: Leftovers
|-damage|p2a: Hatterene|61/100|[from] Salt Cure
|upkeep
|turn|5
|
|t:|1779628127
|move|p1a: Corviknight|Roost|p1a: Corviknight
|-heal|p1a: Corviknight|94/100
|-singleturn|p1a: Corviknight|move: Roost
|move|p2a: Hatterene|Mystical Fire|p1a: Corviknight
|-supereffective|p1a: Corviknight
|-damage|p1a: Corviknight|46/100
|
|-heal|p2a: Hatterene|67/100|[from] item: Leftovers
|-damage|p2a: Hatterene|55/100|[from] Salt Cure
|upkeep
|turn|6
|inactive|itsjustrps has 120 seconds left.
|
|t:|1779628163
|move|p1a: Corviknight|Roost|p1a: Corviknight
|-heal|p1a: Corviknight|96/100
|-singleturn|p1a: Corviknight|move: Roost
|move|p2a: Hatterene|Mystical Fire|p1a: Corviknight
|-supereffective|p1a: Corviknight
|-damage|p1a: Corviknight|49/100
|
|-heal|p2a: Hatterene|61/100|[from] item: Leftovers
|-damage|p2a: Hatterene|48/100|[from] Salt Cure
|upkeep
|turn|7
|
|t:|1779628169
|move|p1a: Corviknight|Roost|p1a: Corviknight
|-heal|p1a: Corviknight|99/100
|-singleturn|p1a: Corviknight|move: Roost
|move|p2a: Hatterene|Mystical Fire|p1a: Corviknight
|-supereffective|p1a: Corviknight
|-damage|p1a: Corviknight|56/100
|
|-heal|p2a: Hatterene|54/100|[from] item: Leftovers
|-damage|p2a: Hatterene|42/100|[from] Salt Cure
|upkeep
|turn|8
|inactive|itsjustrps has 120 seconds left.
|
|t:|1779628196
|move|p1a: Corviknight|U-turn|p2a: Hatterene
|-damage|p2a: Hatterene|29/100
|
|t:|1779628198
|switch|p1a: Tornadus|Tornadus-Therian, M|100/100|[from] U-turn
|move|p2a: Hatterene|Mystical Fire|p1a: Tornadus
|-damage|p1a: Tornadus|69/100
|-unboost|p1a: Tornadus|spa|1
|
|-heal|p2a: Hatterene|35/100|[from] item: Leftovers
|-damage|p2a: Hatterene|23/100|[from] Salt Cure
|upkeep
|turn|9
|j| ameneiro
|
|t:|1779628204
|switch|p2a: Iron Treads|Iron Treads|100/100
|move|p1a: Tornadus|Acrobatics|p2a: Iron Treads
|-resisted|p2a: Iron Treads
|-damage|p2a: Iron Treads|82/100
|
|-heal|p2a: Iron Treads|88/100|[from] item: Leftovers
|upkeep
|turn|10
|
|t:|1779628215
|move|p1a: Tornadus|Taunt|p2a: Iron Treads
|-start|p2a: Iron Treads|move: Taunt
|cant|p2a: Iron Treads|move: Taunt|Stealth Rock
|
|-heal|p2a: Iron Treads|94/100|[from] item: Leftovers
|upkeep
|turn|11
|
|t:|1779628220
|move|p1a: Tornadus|Knock Off|p2a: Iron Treads
|-damage|p2a: Iron Treads|73/100
|-enditem|p2a: Iron Treads|Leftovers|[from] move: Knock Off|[of] p1a: Tornadus
|move|p2a: Iron Treads|Knock Off|p1a: Tornadus
|-damage|p1a: Tornadus|47/100
|
|upkeep
|turn|12
|
|t:|1779628225
|move|p1a: Tornadus|U-turn|p2a: Iron Treads
|-resisted|p2a: Iron Treads
|-damage|p2a: Iron Treads|65/100
|
|t:|1779628230
|switch|p1a: Dondozo|Dondozo, M|100/100|[from] U-turn
|move|p2a: Iron Treads|Rapid Spin|p1a: Dondozo
|-damage|p1a: Dondozo|93/100
|-boost|p2a: Iron Treads|spe|1
|
|-heal|p1a: Dondozo|99/100|[from] item: Leftovers
|-end|p2a: Iron Treads|move: Taunt
|upkeep
|turn|13
|
|t:|1779628234
|move|p2a: Iron Treads|Stealth Rock|p1a: Dondozo
|-sidestart|p1: itsjustrps|move: Stealth Rock
|move|p1a: Dondozo|Waterfall|p2a: Iron Treads
|-supereffective|p2a: Iron Treads
|-damage|p2a: Iron Treads|12/100
|
|-heal|p1a: Dondozo|100/100|[from] item: Leftovers
|upkeep
|turn|14
|
|t:|1779628242
|-end|p2a: Iron Treads|Quark Drive|[silent]
|switch|p2a: Suicune|Suicune|100/100
|-ability|p2a: Suicune|Pressure
|move|p1a: Dondozo|Waterfall|p2a: Suicune
|-resisted|p2a: Suicune
|-damage|p2a: Suicune|90/100
|
|-heal|p2a: Suicune|96/100|[from] item: Leftovers
|upkeep
|turn|15
|
|t:|1779628251
|switch|p1a: Corviknight|Corviknight, F|56/100
|-damage|p1a: Corviknight|44/100|[from] Stealth Rock
|-ability|p1a: Corviknight|Pressure
|move|p2a: Suicune|Substitute|p2a: Suicune
|-start|p2a: Suicune|Substitute
|-damage|p2a: Suicune|71/100
|
|-heal|p2a: Suicune|77/100|[from] item: Leftovers
|upkeep
|turn|16
|
|t:|1779628256
|move|p2a: Suicune|Scald|p1a: Corviknight
|-damage|p1a: Corviknight|28/100
|move|p1a: Corviknight|Roost|p1a: Corviknight
|-heal|p1a: Corviknight|78/100
|-singleturn|p1a: Corviknight|move: Roost
|
|-heal|p2a: Suicune|83/100|[from] item: Leftovers
|upkeep
|turn|17
|
|t:|1779628262
|move|p2a: Suicune|Calm Mind|p2a: Suicune
|-boost|p2a: Suicune|spa|1
|-boost|p2a: Suicune|spd|1
|move|p1a: Corviknight|Defog|p2a: Suicune
|-sideend|p1: itsjustrps|Stealth Rock|[from] move: Defog|[of] p1a: Corviknight
|
|-heal|p2a: Suicune|90/100|[from] item: Leftovers
|upkeep
|turn|18
|
|t:|1779628282
|move|p2a: Suicune|Calm Mind|p2a: Suicune
|-boost|p2a: Suicune|spa|1
|-boost|p2a: Suicune|spd|1
|move|p1a: Corviknight|U-turn|p2a: Suicune
|-activate|p2a: Suicune|move: Substitute|[damage]
|
|t:|1779628287
|switch|p1a: Kyurem|Kyurem|100/100|[from] U-turn
|-ability|p1a: Kyurem|Pressure
|
|-heal|p2a: Suicune|96/100|[from] item: Leftovers
|upkeep
|turn|19
|
|t:|1779628290
|move|p1a: Kyurem|Substitute|p1a: Kyurem
|-start|p1a: Kyurem|Substitute
|-damage|p1a: Kyurem|75/100
|move|p2a: Suicune|Scald|p1a: Kyurem
|-resisted|p1a: Kyurem
|-activate|p1a: Kyurem|move: Substitute|[damage]
|
|-heal|p1a: Kyurem|82/100|[from] item: Leftovers
|-heal|p2a: Suicune|100/100|[from] item: Leftovers
|upkeep
|turn|20
|
|t:|1779628303
|move|p1a: Kyurem|Freeze-Dry|p2a: Suicune
|-supereffective|p2a: Suicune
|-end|p2a: Suicune|Substitute
|move|p2a: Suicune|Calm Mind|p2a: Suicune
|-boost|p2a: Suicune|spa|1
|-boost|p2a: Suicune|spd|1
|
|-heal|p1a: Kyurem|88/100|[from] item: Leftovers
|upkeep
|turn|21
|
|t:|1779628309
|move|p1a: Kyurem|Freeze-Dry|p2a: Suicune
|-supereffective|p2a: Suicune
|-damage|p2a: Suicune|84/100
|move|p2a: Suicune|Calm Mind|p2a: Suicune
|-boost|p2a: Suicune|spa|1
|-boost|p2a: Suicune|spd|1
|
|-heal|p1a: Kyurem|94/100|[from] item: Leftovers
|-heal|p2a: Suicune|90/100|[from] item: Leftovers
|upkeep
|turn|22
|
|t:|1779628313
|move|p1a: Kyurem|Freeze-Dry|p2a: Suicune
|-supereffective|p2a: Suicune
|-damage|p2a: Suicune|76/100
|move|p2a: Suicune|Substitute|p2a: Suicune
|-start|p2a: Suicune|Substitute
|-damage|p2a: Suicune|51/100
|
|-heal|p1a: Kyurem|99/100|[from] item: Leftovers
|-heal|p2a: Suicune|58/100|[from] item: Leftovers
|upkeep
|turn|23
|
|t:|1779628318
|move|p2a: Suicune|Protect|p2a: Suicune
|-singleturn|p2a: Suicune|Protect
|move|p1a: Kyurem|Freeze-Dry|p2a: Suicune
|-activate|p2a: Suicune|move: Protect
|
|-heal|p1a: Kyurem|100/100|[from] item: Leftovers
|-heal|p2a: Suicune|64/100|[from] item: Leftovers
|upkeep
|turn|24
|
|t:|1779628322
|move|p1a: Kyurem|Freeze-Dry|p2a: Suicune
|-supereffective|p2a: Suicune
|-activate|p2a: Suicune|move: Substitute|[damage]
|move|p2a: Suicune|Calm Mind|p2a: Suicune
|-boost|p2a: Suicune|spa|1
|-boost|p2a: Suicune|spd|1
|
|-heal|p2a: Suicune|70/100|[from] item: Leftovers
|upkeep
|turn|25
|
|t:|1779628334
|move|p2a: Suicune|Protect|p2a: Suicune
|-singleturn|p2a: Suicune|Protect
|move|p1a: Kyurem|Freeze-Dry|p2a: Suicune
|-activate|p2a: Suicune|move: Protect
|
|-heal|p2a: Suicune|76/100|[from] item: Leftovers
|upkeep
|turn|26
|
|t:|1779628341
|move|p1a: Kyurem|Freeze-Dry|p2a: Suicune
|-supereffective|p2a: Suicune
|-end|p2a: Suicune|Substitute
|move|p2a: Suicune|Calm Mind|p2a: Suicune
|-boost|p2a: Suicune|spa|1
|-boost|p2a: Suicune|spd|1
|
|-heal|p2a: Suicune|82/100|[from] item: Leftovers
|upkeep
|turn|27
|inactive|itsjustrps has 120 seconds left.
|
|t:|1779628384
|move|p1a: Kyurem|Protect|p1a: Kyurem
|-singleturn|p1a: Kyurem|Protect
|move|p2a: Suicune|Substitute|p2a: Suicune
|-start|p2a: Suicune|Substitute
|-damage|p2a: Suicune|57/100
|
|-heal|p2a: Suicune|64/100|[from] item: Leftovers
|upkeep
|turn|28
|
|t:|1779628390
|move|p1a: Kyurem|Protect||[still]
|-fail|p1a: Kyurem
|move|p2a: Suicune|Scald|p1a: Kyurem
|-resisted|p1a: Kyurem
|-end|p1a: Kyurem|Substitute
|
|-heal|p2a: Suicune|70/100|[from] item: Leftovers
|upkeep
|turn|29
|
|t:|1779628396
|move|p1a: Kyurem|Substitute|p1a: Kyurem
|-start|p1a: Kyurem|Substitute
|-damage|p1a: Kyurem|75/100
|move|p2a: Suicune|Scald|p1a: Kyurem
|-resisted|p1a: Kyurem
|-end|p1a: Kyurem|Substitute
|
|-heal|p1a: Kyurem|82/100|[from] item: Leftovers
|-heal|p2a: Suicune|76/100|[from] item: Leftovers
|upkeep
|turn|30
|
|t:|1779628399
|move|p1a: Kyurem|Protect|p1a: Kyurem
|-singleturn|p1a: Kyurem|Protect
|move|p2a: Suicune|Scald|p1a: Kyurem
|-activate|p1a: Kyurem|move: Protect
|
|-heal|p1a: Kyurem|88/100|[from] item: Leftovers
|-heal|p2a: Suicune|82/100|[from] item: Leftovers
|upkeep
|turn|31
|
|t:|1779628403
|move|p1a: Kyurem|Substitute|p1a: Kyurem
|-start|p1a: Kyurem|Substitute
|-damage|p1a: Kyurem|63/100
|move|p2a: Suicune|Scald|p1a: Kyurem
|-resisted|p1a: Kyurem
|-end|p1a: Kyurem|Substitute
|
|-heal|p1a: Kyurem|69/100|[from] item: Leftovers
|-heal|p2a: Suicune|88/100|[from] item: Leftovers
|upkeep
|turn|32
|
|t:|1779628405
|move|p1a: Kyurem|Protect|p1a: Kyurem
|-singleturn|p1a: Kyurem|Protect
|move|p2a: Suicune|Calm Mind|p2a: Suicune
|-boost|p2a: Suicune|spa|0
|-boost|p2a: Suicune|spd|0
|
|-heal|p1a: Kyurem|75/100|[from] item: Leftovers
|-heal|p2a: Suicune|95/100|[from] item: Leftovers
|upkeep
|turn|33
|
|t:|1779628412
|move|p1a: Kyurem|Substitute|p1a: Kyurem
|-start|p1a: Kyurem|Substitute
|-damage|p1a: Kyurem|50/100
|move|p2a: Suicune|Scald|p1a: Kyurem
|-resisted|p1a: Kyurem
|-end|p1a: Kyurem|Substitute
|
|-heal|p1a: Kyurem|56/100|[from] item: Leftovers
|-heal|p2a: Suicune|100/100|[from] item: Leftovers
|upkeep
|turn|34
|
|t:|1779628417
|move|p1a: Kyurem|Substitute|p1a: Kyurem
|-start|p1a: Kyurem|Substitute
|-damage|p1a: Kyurem|31/100
|move|p2a: Suicune|Calm Mind|p2a: Suicune
|-boost|p2a: Suicune|spa|0
|-boost|p2a: Suicune|spd|0
|
|-heal|p1a: Kyurem|38/100|[from] item: Leftovers
|upkeep
|turn|35
|
|t:|1779628421
|move|p1a: Kyurem|Protect|p1a: Kyurem
|-singleturn|p1a: Kyurem|Protect
|move|p2a: Suicune|Calm Mind|p2a: Suicune
|-boost|p2a: Suicune|spa|0
|-boost|p2a: Suicune|spd|0
|
|-heal|p1a: Kyurem|44/100|[from] item: Leftovers
|upkeep
|turn|36
|
|t:|1779628428
|move|p1a: Kyurem|Freeze-Dry|p2a: Suicune
|-supereffective|p2a: Suicune
|-activate|p2a: Suicune|move: Substitute|[damage]
|move|p2a: Suicune|Calm Mind|p2a: Suicune
|-boost|p2a: Suicune|spa|0
|-boost|p2a: Suicune|spd|0
|
|-heal|p1a: Kyurem|50/100|[from] item: Leftovers
|upkeep
|turn|37
|
|t:|1779628434
|move|p1a: Kyurem|Protect|p1a: Kyurem
|-singleturn|p1a: Kyurem|Protect
|move|p2a: Suicune|Calm Mind|p2a: Suicune
|-boost|p2a: Suicune|spa|0
|-boost|p2a: Suicune|spd|0
|
|-heal|p1a: Kyurem|56/100|[from] item: Leftovers
|upkeep
|turn|38
|
|t:|1779628443
|move|p1a: Kyurem|Freeze-Dry|p2a: Suicune
|-supereffective|p2a: Suicune
|-activate|p2a: Suicune|move: Substitute|[damage]
|move|p2a: Suicune|Calm Mind|p2a: Suicune
|-boost|p2a: Suicune|spa|0
|-boost|p2a: Suicune|spd|0
|
|-heal|p1a: Kyurem|62/100|[from] item: Leftovers
|upkeep
|turn|39
|
|t:|1779628446
|move|p1a: Kyurem|Substitute|p1a: Kyurem
|-fail|p1a: Kyurem|move: Substitute
|move|p2a: Suicune|Calm Mind|p2a: Suicune
|-boost|p2a: Suicune|spa|0
|-boost|p2a: Suicune|spd|0
|
|-heal|p1a: Kyurem|69/100|[from] item: Leftovers
|upkeep
|turn|40
|
|t:|1779628473
|move|p1a: Kyurem|Freeze-Dry|p2a: Suicune
|-supereffective|p2a: Suicune
|-end|p2a: Suicune|Substitute
|move|p2a: Suicune|Calm Mind|p2a: Suicune
|-boost|p2a: Suicune|spa|0
|-boost|p2a: Suicune|spd|0
|
|-heal|p1a: Kyurem|75/100|[from] item: Leftovers
|upkeep
|turn|41
|inactive|itsjustrps has 120 seconds left.
|l| dr6ke
|
|t:|1779628510
|move|p1a: Kyurem|Substitute|p1a: Kyurem
|-fail|p1a: Kyurem|move: Substitute
|move|p2a: Suicune|Substitute|p2a: Suicune
|-start|p2a: Suicune|Substitute
|-damage|p2a: Suicune|75/100
|
|-heal|p1a: Kyurem|81/100|[from] item: Leftovers
|-heal|p2a: Suicune|82/100|[from] item: Leftovers
|upkeep
|turn|42
|
|t:|1779628515
|move|p1a: Kyurem|Protect|p1a: Kyurem
|-singleturn|p1a: Kyurem|Protect
|move|p2a: Suicune|Calm Mind|p2a: Suicune
|-boost|p2a: Suicune|spa|0
|-boost|p2a: Suicune|spd|0
|
|-heal|p1a: Kyurem|87/100|[from] item: Leftovers
|-heal|p2a: Suicune|88/100|[from] item: Leftovers
|upkeep
|turn|43
|
|t:|1779628521
|move|p1a: Kyurem|Substitute|p1a: Kyurem
|-fail|p1a: Kyurem|move: Substitute
|move|p2a: Suicune|Calm Mind|p2a: Suicune
|-boost|p2a: Suicune|spa|0
|-boost|p2a: Suicune|spd|0
|
|-heal|p1a: Kyurem|93/100|[from] item: Leftovers
|-heal|p2a: Suicune|94/100|[from] item: Leftovers
|upkeep
|turn|44
|
|t:|1779628525
|move|p1a: Kyurem|Protect|p1a: Kyurem
|-singleturn|p1a: Kyurem|Protect
|move|p2a: Suicune|Calm Mind|p2a: Suicune
|-boost|p2a: Suicune|spa|0
|-boost|p2a: Suicune|spd|0
|
|-heal|p1a: Kyurem|99/100|[from] item: Leftovers
|-heal|p2a: Suicune|99/100|[from] item: Leftovers
|upkeep
|turn|45
|
|t:|1779628529
|switch|p1a: Clodsire|Clodsire, F|100/100
|move|p2a: Suicune|Calm Mind|p2a: Suicune
|-boost|p2a: Suicune|spa|0
|-boost|p2a: Suicune|spd|0
|
|-heal|p2a: Suicune|100/100|[from] item: Leftovers
|upkeep
|turn|46
|
|t:|1779628537
|-terastallize|p1a: Clodsire|Dark
|move|p2a: Suicune|Scald|p1a: Clodsire
|-damage|p1a: Clodsire|86/100
|move|p1a: Clodsire|Stealth Rock|p2a: Suicune
|-sidestart|p2: 4axes|move: Stealth Rock
|
|upkeep
|turn|47
|
|t:|1779628545
|move|p2a: Suicune|Scald|p1a: Clodsire
|-damage|p1a: Clodsire|73/100
|-status|p1a: Clodsire|brn
|move|p1a: Clodsire|Stealth Rock||[still]
|-fail|p1a: Clodsire
|
|-damage|p1a: Clodsire|66/100 brn|[from] brn
|upkeep
|turn|48
|
|t:|1779628553
|switch|p2a: Rillaboom|Rillaboom, F|100/100
|-damage|p2a: Rillaboom|88/100|[from] Stealth Rock
|-fieldstart|move: Grassy Terrain|[from] ability: Grassy Surge|[of] p2a: Rillaboom
|move|p1a: Clodsire|Earthquake|p2a: Rillaboom
|-resisted|p2a: Rillaboom
|-damage|p2a: Rillaboom|85/100
|
|-heal|p2a: Rillaboom|91/100|[from] Grassy Terrain
|-heal|p1a: Clodsire|73/100 brn|[from] Grassy Terrain
|-damage|p1a: Clodsire|66/100 brn|[from] brn
|upkeep
|turn|49
|
|t:|1779628558
|switch|p1a: Tornadus|Tornadus-Therian, M|80/100
|move|p2a: Rillaboom|U-turn|p1a: Tornadus
|-resisted|p1a: Tornadus
|-damage|p1a: Tornadus|56/100
|j| dr6ke
|
|t:|1779628569
|switch|p2a: Hydrapple|Hydrapple, F|100/100|[from] U-turn
|-damage|p2a: Hydrapple|88/100|[from] Stealth Rock
|
|-heal|p2a: Hydrapple|94/100|[from] Grassy Terrain
|upkeep
|turn|50
|
|t:|1779628589
|move|p1a: Tornadus|U-turn|p2a: Hydrapple
|-supereffective|p2a: Hydrapple
|-damage|p2a: Hydrapple|73/100
|
|t:|1779628591
|switch|p1a: Corviknight|Corviknight, F|78/100|[from] U-turn
|-ability|p1a: Corviknight|Pressure
|move|p2a: Hydrapple|Draco Meteor|p1a: Corviknight
|-resisted|p1a: Corviknight
|-damage|p1a: Corviknight|53/100
|-unboost|p2a: Hydrapple|spa|2
|
|-heal|p2a: Hydrapple|79/100|[from] Grassy Terrain
|upkeep
|turn|51
|l| ameneiro
|
|t:|1779628605
|switch|p2a: Hatterene|Hatterene, F|23/100
|-damage|p2a: Hatterene|11/100|[from] Stealth Rock
|move|p1a: Corviknight|Roost|p1a: Corviknight
|-heal|p1a: Corviknight|100/100
|-singleturn|p1a: Corviknight|move: Roost
|
|-heal|p2a: Hatterene|17/100|[from] Grassy Terrain
|-heal|p2a: Hatterene|23/100|[from] item: Leftovers
|upkeep
|turn|52
|
|t:|1779628616
|move|p1a: Corviknight|U-turn|p2a: Hatterene
|-damage|p2a: Hatterene|10/100
|
|t:|1779628619
|switch|p1a: Tornadus|Tornadus-Therian, M|89/100|[from] U-turn
|move|p2a: Hatterene|Draining Kiss|p1a: Tornadus
|-damage|p1a: Tornadus|68/100
|-heal|p2a: Hatterene|28/100|[from] drain|[of] p1a: Tornadus
|
|-heal|p2a: Hatterene|34/100|[from] Grassy Terrain
|-heal|p2a: Hatterene|40/100|[from] item: Leftovers
|-fieldend|move: Grassy Terrain
|upkeep
|turn|53
|
|t:|1779628631
|move|p1a: Tornadus|Knock Off|p2a: Hatterene
|-damage|p2a: Hatterene|18/100
|-enditem|p2a: Hatterene|Leftovers|[from] move: Knock Off|[of] p1a: Tornadus
|move|p2a: Hatterene|Psychic Noise|p1a: Tornadus
|-damage|p1a: Tornadus|33/100
|-start|p1a: Tornadus|move: Heal Block
|
|upkeep
|turn|54
|
|t:|1779628636
|move|p1a: Tornadus|Acrobatics|p2a: Hatterene
|-damage|p2a: Hatterene|0 fnt
|faint|p2a: Hatterene
|
|-end|p1a: Tornadus|move: Heal Block
|upkeep
|l| dr6ke
|
|t:|1779628662
|switch|p2a: Suicune|Suicune|100/100
|-damage|p2a: Suicune|88/100|[from] Stealth Rock
|-ability|p2a: Suicune|Pressure
|turn|55
|
|t:|1779628679
|move|p1a: Tornadus|U-turn|p2a: Suicune
|-damage|p2a: Suicune|74/100
|
|t:|1779628680
|switch|p1a: Clodsire|Clodsire, F, tera:Dark|66/100 brn|[from] U-turn
|move|p2a: Suicune|Calm Mind|p2a: Suicune
|-boost|p2a: Suicune|spa|1
|-boost|p2a: Suicune|spd|1
|
|-heal|p2a: Suicune|80/100|[from] item: Leftovers
|-damage|p1a: Clodsire|60/100 brn|[from] brn
|upkeep
|turn|56
|
|t:|1779628691
|move|p2a: Suicune|Substitute|p2a: Suicune
|-start|p2a: Suicune|Substitute
|-damage|p2a: Suicune|55/100
|move|p1a: Clodsire|Poison Jab|p2a: Suicune
|-activate|p2a: Suicune|move: Substitute|[damage]
|
|-heal|p2a: Suicune|61/100|[from] item: Leftovers
|-damage|p1a: Clodsire|54/100 brn|[from] brn
|upkeep
|turn|57
|
|t:|1779628699
|switch|p2a: Rillaboom|Rillaboom, F|91/100
|-damage|p2a: Rillaboom|79/100|[from] Stealth Rock
|-fieldstart|move: Grassy Terrain|[from] ability: Grassy Surge|[of] p2a: Rillaboom
|move|p1a: Clodsire|Recover|p1a: Clodsire
|-heal|p1a: Clodsire|100/100 brn
|
|-heal|p2a: Rillaboom|85/100|[from] Grassy Terrain
|-damage|p1a: Clodsire|94/100 brn|[from] brn
|upkeep
|turn|58
|
|t:|1779628703
|switch|p1a: Tornadus|Tornadus-Therian, M|66/100
|move|p2a: Rillaboom|U-turn|p1a: Tornadus
|-resisted|p1a: Tornadus
|-damage|p1a: Tornadus|46/100
|
|t:|1779628708
|switch|p2a: Hydrapple|Hydrapple, F|100/100|[from] U-turn
|-damage|p2a: Hydrapple|88/100|[from] Stealth Rock
|
|-heal|p2a: Hydrapple|94/100|[from] Grassy Terrain
|upkeep
|turn|59
|
|t:|1779628714
|move|p1a: Tornadus|U-turn|p2a: Hydrapple
|-supereffective|p2a: Hydrapple
|-damage|p2a: Hydrapple|75/100
|
|t:|1779628717
|switch|p1a: Corviknight|Corviknight, F|100/100|[from] U-turn
|-ability|p1a: Corviknight|Pressure
|move|p2a: Hydrapple|Draco Meteor|p1a: Corviknight
|-resisted|p1a: Corviknight
|-damage|p1a: Corviknight|76/100
|-unboost|p2a: Hydrapple|spa|2
|
|-heal|p2a: Hydrapple|81/100|[from] Grassy Terrain
|upkeep
|turn|60
|
|t:|1779628723
|switch|p2a: Suicune|Suicune|61/100
|-damage|p2a: Suicune|49/100|[from] Stealth Rock
|-ability|p2a: Suicune|Pressure
|move|p1a: Corviknight|U-turn|p2a: Suicune
|-damage|p2a: Suicune|38/100
|
|t:|1779628726
|switch|p1a: Tornadus|Tornadus-Therian, M|79/100|[from] U-turn
|
|-heal|p2a: Suicune|45/100|[from] Grassy Terrain
|-heal|p2a: Suicune|51/100|[from] item: Leftovers
|upkeep
|turn|61
|
|t:|1779628734
|move|p2a: Suicune|Protect|p2a: Suicune
|-singleturn|p2a: Suicune|Protect
|move|p1a: Tornadus|Knock Off|p2a: Suicune
|-activate|p2a: Suicune|move: Protect
|
|-heal|p2a: Suicune|57/100|[from] Grassy Terrain
|-heal|p2a: Suicune|63/100|[from] item: Leftovers
|-fieldend|move: Grassy Terrain
|upkeep
|turn|62
|
|t:|1779628747
|move|p1a: Tornadus|Knock Off|p2a: Suicune
|-damage|p2a: Suicune|44/100
|-enditem|p2a: Suicune|Leftovers|[from] move: Knock Off|[of] p1a: Tornadus
|move|p2a: Suicune|Scald|p1a: Tornadus
|-damage|p1a: Tornadus|52/100
|
|upkeep
|turn|63
|
|t:|1779628754
|move|p1a: Tornadus|U-turn|p2a: Suicune
|-damage|p2a: Suicune|30/100
|
|t:|1779628758
|switch|p1a: Corviknight|Corviknight, F|76/100|[from] U-turn
|-ability|p1a: Corviknight|Pressure
|move|p2a: Suicune|Scald|p1a: Corviknight
|-damage|p1a: Corviknight|60/100
|
|upkeep
|turn|64
|
|t:|1779628769
|move|p2a: Suicune|Scald|p1a: Corviknight
|-damage|p1a: Corviknight|41/100
|move|p1a: Corviknight|Roost|p1a: Corviknight
|-heal|p1a: Corviknight|91/100
|-singleturn|p1a: Corviknight|move: Roost
|
|upkeep
|turn|65
|
|t:|1779628776
|move|p2a: Suicune|Scald|p1a: Corviknight
|-damage|p1a: Corviknight|73/100
|move|p1a: Corviknight|U-turn|p2a: Suicune
|-damage|p2a: Suicune|21/100
|
|t:|1779628782
|switch|p1a: Kyurem|Kyurem|99/100|[from] U-turn
|-ability|p1a: Kyurem|Pressure
|
|-heal|p1a: Kyurem|100/100|[from] item: Leftovers
|upkeep
|turn|66
|
|t:|1779628787
|move|p2a: Suicune|Protect|p2a: Suicune
|-singleturn|p2a: Suicune|Protect
|move|p1a: Kyurem|Substitute|p1a: Kyurem
|-start|p1a: Kyurem|Substitute
|-damage|p1a: Kyurem|75/100
|
|-heal|p1a: Kyurem|82/100|[from] item: Leftovers
|upkeep
|turn|67
|
|t:|1779628792
|move|p2a: Suicune|Protect||[still]
|-fail|p2a: Suicune
|move|p1a: Kyurem|Freeze-Dry|p2a: Suicune
|-supereffective|p2a: Suicune
|-damage|p2a: Suicune|0 fnt
|faint|p2a: Suicune
|
|-heal|p1a: Kyurem|88/100|[from] item: Leftovers
|upkeep
|
|t:|1779628809
|switch|p2a: Zamazenta|Zamazenta|100/100
|-damage|p2a: Zamazenta|94/100|[from] Stealth Rock
|-ability|p2a: Zamazenta|Dauntless Shield|boost
|-boost|p2a: Zamazenta|def|1
|turn|68
|
|t:|1779628815
|move|p1a: Kyurem|Protect|p1a: Kyurem
|-singleturn|p1a: Kyurem|Protect
|move|p2a: Zamazenta|Body Press|p1a: Kyurem
|-activate|p1a: Kyurem|move: Protect
|
|-heal|p2a: Zamazenta|100/100|[from] item: Leftovers
|-heal|p1a: Kyurem|94/100|[from] item: Leftovers
|upkeep
|turn|69
|
|t:|1779628817
|move|p2a: Zamazenta|Body Press|p1a: Kyurem
|-supereffective|p1a: Kyurem
|-end|p1a: Kyurem|Substitute
|move|p1a: Kyurem|Freeze-Dry|p2a: Zamazenta
|-damage|p2a: Zamazenta|73/100
|
|-heal|p2a: Zamazenta|80/100|[from] item: Leftovers
|-heal|p1a: Kyurem|99/100|[from] item: Leftovers
|upkeep
|turn|70
|
|t:|1779628822
|move|p1a: Kyurem|Protect|p1a: Kyurem
|-singleturn|p1a: Kyurem|Protect
|move|p2a: Zamazenta|Substitute|p2a: Zamazenta
|-start|p2a: Zamazenta|Substitute
|-damage|p2a: Zamazenta|55/100
|
|-heal|p2a: Zamazenta|61/100|[from] item: Leftovers
|-heal|p1a: Kyurem|100/100|[from] item: Leftovers
|upkeep
|turn|71
|
|t:|1779628830
|switch|p1a: Tornadus|Tornadus-Therian, M|86/100
|move|p2a: Zamazenta|Body Press|p1a: Tornadus
|-resisted|p1a: Tornadus
|-damage|p1a: Tornadus|58/100
|
|-heal|p2a: Zamazenta|67/100|[from] item: Leftovers
|upkeep
|turn|72
|
|t:|1779628837
|switch|p1a: Dondozo|Dondozo, M|100/100
|move|p2a: Zamazenta|Crunch|p1a: Dondozo
|-damage|p1a: Dondozo|90/100
|
|-heal|p2a: Zamazenta|73/100|[from] item: Leftovers
|-heal|p1a: Dondozo|96/100|[from] item: Leftovers
|upkeep
|turn|73
|
|t:|1779628844
|move|p2a: Zamazenta|Crunch|p1a: Dondozo
|-damage|p1a: Dondozo|86/100
|move|p1a: Dondozo|Waterfall|p2a: Zamazenta
|-activate|p2a: Zamazenta|move: Substitute|[damage]
|
|-heal|p2a: Zamazenta|79/100|[from] item: Leftovers
|-heal|p1a: Dondozo|92/100|[from] item: Leftovers
|upkeep
|turn|74
|
|t:|1779628853
|move|p2a: Zamazenta|Crunch|p1a: Dondozo
|-damage|p1a: Dondozo|82/100
|move|p1a: Dondozo|Waterfall|p2a: Zamazenta
|-end|p2a: Zamazenta|Substitute
|
|-heal|p2a: Zamazenta|86/100|[from] item: Leftovers
|-heal|p1a: Dondozo|88/100|[from] item: Leftovers
|upkeep
|turn|75
|
|t:|1779628860
|switch|p2a: Hydrapple|Hydrapple, F|100/100
|-damage|p2a: Hydrapple|88/100|[from] Stealth Rock
|move|p1a: Dondozo|Waterfall|p2a: Hydrapple
|-resisted|p2a: Hydrapple
|-damage|p2a: Hydrapple|85/100
|
|-heal|p1a: Dondozo|95/100|[from] item: Leftovers
|upkeep
|turn|76
|
|t:|1779628874
|switch|p1a: Corviknight|Corviknight, F|73/100
|-ability|p1a: Corviknight|Pressure
|move|p2a: Hydrapple|Leaf Storm|p1a: Corviknight
|-resisted|p1a: Corviknight
|-crit|p1a: Corviknight
|-damage|p1a: Corviknight|53/100
|-unboost|p2a: Hydrapple|spa|2
|
|upkeep
|turn|77
|
|t:|1779628884
|switch|p2a: Iron Treads|Iron Treads|12/100
|-damage|p2a: Iron Treads|9/100|[from] Stealth Rock
|move|p1a: Corviknight|Roost|p1a: Corviknight
|-heal|p1a: Corviknight|100/100
|-singleturn|p1a: Corviknight|move: Roost
|
|upkeep
|turn|78
|
|t:|1779628890
|switch|p1a: Tornadus|Tornadus-Therian, M|91/100
|move|p2a: Iron Treads|Stealth Rock|p1a: Tornadus
|-sidestart|p1: itsjustrps|move: Stealth Rock
|
|upkeep
|turn|79
|
|t:|1779628910
|move|p1a: Tornadus|Acrobatics|p2a: Iron Treads
|-resisted|p2a: Iron Treads
|-damage|p2a: Iron Treads|0 fnt
|faint|p2a: Iron Treads
|-end|p2a: Iron Treads|Quark Drive|[silent]
|
|upkeep
|
|t:|1779628916
|switch|p2a: Hydrapple|Hydrapple, F|100/100
|-damage|p2a: Hydrapple|88/100|[from] Stealth Rock
|turn|80
|
|t:|1779628921
|move|p1a: Tornadus|U-turn|p2a: Hydrapple
|-supereffective|p2a: Hydrapple
|-damage|p2a: Hydrapple|70/100
|
|t:|1779628924
|switch|p1a: Corviknight|Corviknight, F|100/100|[from] U-turn
|-damage|p1a: Corviknight|88/100|[from] Stealth Rock
|-ability|p1a: Corviknight|Pressure
|move|p2a: Hydrapple|Draco Meteor|p1a: Corviknight
|-resisted|p1a: Corviknight
|-damage|p1a: Corviknight|60/100
|-unboost|p2a: Hydrapple|spa|2
|
|upkeep
|turn|81
|
|t:|1779628930
|switch|p2a: Zamazenta|Zamazenta|86/100
|-damage|p2a: Zamazenta|79/100|[from] Stealth Rock
|move|p1a: Corviknight|Defog|p2a: Zamazenta
|-unboost|p2a: Zamazenta|evasion|1
|-sideend|p2: 4axes|Stealth Rock|[from] move: Defog|[of] p1a: Corviknight
|-sideend|p1: itsjustrps|Stealth Rock|[from] move: Defog|[of] p1a: Corviknight
|
|-heal|p2a: Zamazenta|86/100|[from] item: Leftovers
|upkeep
|turn|82
|
|t:|1779628941
|switch|p1a: Dondozo|Dondozo, M|95/100
|move|p2a: Zamazenta|Body Press|p1a: Dondozo
|-damage|p1a: Dondozo|79/100
|
|-heal|p2a: Zamazenta|92/100|[from] item: Leftovers
|-heal|p1a: Dondozo|85/100|[from] item: Leftovers
|upkeep
|turn|83
|
|t:|1779628944
|switch|p2a: Hydrapple|Hydrapple, F|100/100
|move|p1a: Dondozo|Waterfall|p2a: Hydrapple
|-resisted|p2a: Hydrapple
|-damage|p2a: Hydrapple|96/100
|
|-heal|p1a: Dondozo|91/100|[from] item: Leftovers
|upkeep
|turn|84
|
|t:|1779628949
|switch|p1a: Corviknight|Corviknight, F|60/100
|-ability|p1a: Corviknight|Pressure
|move|p2a: Hydrapple|Draco Meteor|p1a: Corviknight
|-resisted|p1a: Corviknight
|-damage|p1a: Corviknight|36/100
|-unboost|p2a: Hydrapple|spa|2
|
|upkeep
|turn|85
|
|t:|1779628953
|switch|p2a: Zamazenta|Zamazenta|92/100
|move|p1a: Corviknight|Roost|p1a: Corviknight
|-heal|p1a: Corviknight|86/100
|-singleturn|p1a: Corviknight|move: Roost
|
|-heal|p2a: Zamazenta|98/100|[from] item: Leftovers
|upkeep
|turn|86
|
|t:|1779628968
|switch|p1a: Tornadus|Tornadus-Therian, M|100/100
|move|p2a: Zamazenta|Body Press|p1a: Tornadus
|-resisted|p1a: Tornadus
|-damage|p1a: Tornadus|81/100
|
|-heal|p2a: Zamazenta|100/100|[from] item: Leftovers
|upkeep
|turn|87
|
|t:|1779628972
|move|p2a: Zamazenta|Substitute|p2a: Zamazenta
|-start|p2a: Zamazenta|Substitute
|-damage|p2a: Zamazenta|75/100
|move|p1a: Tornadus|Acrobatics|p2a: Zamazenta
|-supereffective|p2a: Zamazenta
|-end|p2a: Zamazenta|Substitute
|
|-heal|p2a: Zamazenta|82/100|[from] item: Leftovers
|upkeep
|turn|88
|
|t:|1779628978
|move|p2a: Zamazenta|Substitute|p2a: Zamazenta
|-start|p2a: Zamazenta|Substitute
|-damage|p2a: Zamazenta|57/100
|move|p1a: Tornadus|Acrobatics|p2a: Zamazenta
|-supereffective|p2a: Zamazenta
|-end|p2a: Zamazenta|Substitute
|
|-heal|p2a: Zamazenta|63/100|[from] item: Leftovers
|upkeep
|turn|89
|
|t:|1779628982
|switch|p2a: Hydrapple|Hydrapple, F|100/100
|move|p1a: Tornadus|Acrobatics|p2a: Hydrapple
|-supereffective|p2a: Hydrapple
|-damage|p2a: Hydrapple|51/100
|
|upkeep
|turn|90
|
|t:|1779628989
|move|p1a: Tornadus|U-turn|p2a: Hydrapple
|-supereffective|p2a: Hydrapple
|-damage|p2a: Hydrapple|31/100
|
|t:|1779628993
|switch|p1a: Clodsire|Clodsire, F, tera:Dark|94/100 brn|[from] U-turn
|move|p2a: Hydrapple|Giga Drain|p1a: Clodsire
|-damage|p1a: Clodsire|70/100 brn
|-heal|p2a: Hydrapple|44/100|[from] drain|[of] p1a: Clodsire
|
|-damage|p1a: Clodsire|64/100 brn|[from] brn
|upkeep
|turn|91
|
|t:|1779628997
|switch|p2a: Rillaboom|Rillaboom, F|85/100
|-fieldstart|move: Grassy Terrain|[from] ability: Grassy Surge|[of] p2a: Rillaboom
|move|p1a: Clodsire|Stealth Rock|p2a: Rillaboom
|-sidestart|p2: 4axes|move: Stealth Rock
|
|-heal|p2a: Rillaboom|91/100|[from] Grassy Terrain
|-heal|p1a: Clodsire|70/100 brn|[from] Grassy Terrain
|-damage|p1a: Clodsire|64/100 brn|[from] brn
|upkeep
|turn|92
|
|t:|1779629005
|switch|p1a: Tornadus|Tornadus-Therian, M|100/100
|-terastallize|p2a: Rillaboom|Grass
|move|p2a: Rillaboom|Wood Hammer|p1a: Tornadus
|-resisted|p1a: Tornadus
|-damage|p1a: Tornadus|0 fnt
|faint|p1a: Tornadus
|-damage|p2a: Rillaboom|56/100|[from] Recoil
|
|-heal|p2a: Rillaboom|62/100|[from] Grassy Terrain
|upkeep
|
|t:|1779629010
|switch|p1a: Corviknight|Corviknight, F|86/100
|-ability|p1a: Corviknight|Pressure
|turn|93
|
|t:|1779629015
|switch|p2a: Zamazenta|Zamazenta|63/100
|-damage|p2a: Zamazenta|57/100|[from] Stealth Rock
|move|p1a: Corviknight|U-turn|p2a: Zamazenta
|-resisted|p2a: Zamazenta
|-damage|p2a: Zamazenta|51/100
|
|t:|1779629039
|switch|p1a: Salty|Garganacl, M|66/100|[from] U-turn
|
|-heal|p2a: Zamazenta|57/100|[from] Grassy Terrain
|-heal|p2a: Zamazenta|64/100|[from] item: Leftovers
|-heal|p1a: Salty|72/100|[from] Grassy Terrain
|upkeep
|turn|94
|
|t:|1779629052
|switch|p2a: Hydrapple|Hydrapple, F|77/100
|-damage|p2a: Hydrapple|65/100|[from] Stealth Rock
|switch|p1a: Dondozo|Dondozo, M|91/100
|
|-heal|p2a: Hydrapple|71/100|[from] Grassy Terrain
|-heal|p1a: Dondozo|98/100|[from] Grassy Terrain
|-heal|p1a: Dondozo|100/100|[from] item: Leftovers
|upkeep
|turn|95
|
|t:|1779629064
|switch|p1a: Salty|Garganacl, M|72/100
|move|p2a: Hydrapple|Leaf Storm|p1a: Salty|[miss]
|-miss|p2a: Hydrapple|p1a: Salty
|
|-heal|p2a: Hydrapple|77/100|[from] Grassy Terrain
|-heal|p1a: Salty|78/100|[from] Grassy Terrain
|-fieldend|move: Grassy Terrain
|upkeep
|turn|96
|
|t:|1779629068
|switch|p1a: Kyurem|Kyurem|100/100
|-ability|p1a: Kyurem|Pressure
|move|p2a: Hydrapple|Leaf Storm|p1a: Kyurem
|-resisted|p1a: Kyurem
|-damage|p1a: Kyurem|66/100
|-unboost|p2a: Hydrapple|spa|2
|
|-heal|p1a: Kyurem|73/100|[from] item: Leftovers
|upkeep
|turn|97
|
|t:|1779629073
|switch|p2a: Zamazenta|Zamazenta|64/100
|-damage|p2a: Zamazenta|57/100|[from] Stealth Rock
|move|p1a: Kyurem|Substitute|p1a: Kyurem
|-start|p1a: Kyurem|Substitute
|-damage|p1a: Kyurem|48/100
|
|-heal|p2a: Zamazenta|64/100|[from] item: Leftovers
|-heal|p1a: Kyurem|54/100|[from] item: Leftovers
|upkeep
|turn|98
|
|t:|1779629080
|move|p2a: Zamazenta|Body Press|p1a: Kyurem
|-supereffective|p1a: Kyurem
|-end|p1a: Kyurem|Substitute
|move|p1a: Kyurem|Freeze-Dry|p2a: Zamazenta
|-damage|p2a: Zamazenta|35/100
|
|-heal|p2a: Zamazenta|41/100|[from] item: Leftovers
|-heal|p1a: Kyurem|60/100|[from] item: Leftovers
|upkeep
|turn|99
|
|t:|1779629085
|move|p1a: Kyurem|Protect|p1a: Kyurem
|-singleturn|p1a: Kyurem|Protect
|move|p2a: Zamazenta|Iron Defense|p2a: Zamazenta
|-boost|p2a: Zamazenta|def|2
|
|-heal|p2a: Zamazenta|47/100|[from] item: Leftovers
|-heal|p1a: Kyurem|66/100|[from] item: Leftovers
|upkeep
|turn|100
|
|t:|1779629092
|switch|p2a: Rillaboom|Rillaboom, F, tera:Grass|62/100
|-damage|p2a: Rillaboom|50/100|[from] Stealth Rock
|-fieldstart|move: Grassy Terrain|[from] ability: Grassy Surge|[of] p2a: Rillaboom
|switch|p1a: Dondozo|Dondozo, M|100/100
|
|-heal|p2a: Rillaboom|56/100|[from] Grassy Terrain
|upkeep
|turn|101
|
|t:|1779629104
|switch|p1a: Corviknight|Corviknight, F|86/100
|-ability|p1a: Corviknight|Pressure
|move|p2a: Rillaboom|Wood Hammer|p1a: Corviknight
|-resisted|p1a: Corviknight
|-damage|p1a: Corviknight|49/100
|-damage|p2a: Rillaboom|42/100|[from] Recoil
|
|-heal|p2a: Rillaboom|48/100|[from] Grassy Terrain
|upkeep
|turn|102
|
|t:|1779629111
|switch|p2a: Zamazenta|Zamazenta|47/100
|-damage|p2a: Zamazenta|41/100|[from] Stealth Rock
|move|p1a: Corviknight|U-turn|p2a: Zamazenta
|-resisted|p2a: Zamazenta
|-damage|p2a: Zamazenta|36/100
|
|t:|1779629132
|switch|p1a: Dondozo|Dondozo, M|100/100|[from] U-turn
|
|-heal|p2a: Zamazenta|42/100|[from] Grassy Terrain
|-heal|p2a: Zamazenta|48/100|[from] item: Leftovers
|upkeep
|turn|103
|
|t:|1779629140
|move|p2a: Zamazenta|Iron Defense|p2a: Zamazenta
|-boost|p2a: Zamazenta|def|2
|move|p1a: Dondozo|Body Press|p2a: Zamazenta
|-damage|p2a: Zamazenta|29/100
|
|-heal|p2a: Zamazenta|36/100|[from] Grassy Terrain
|-heal|p2a: Zamazenta|42/100|[from] item: Leftovers
|upkeep
|turn|104
|
|t:|1779629146
|move|p2a: Zamazenta|Iron Defense|p2a: Zamazenta
|-boost|p2a: Zamazenta|def|2
|move|p1a: Dondozo|Body Press|p2a: Zamazenta
|-damage|p2a: Zamazenta|23/100
|
|-heal|p2a: Zamazenta|29/100|[from] Grassy Terrain
|-heal|p2a: Zamazenta|35/100|[from] item: Leftovers
|-fieldend|move: Grassy Terrain
|upkeep
|turn|105
|
|t:|1779629153
|switch|p2a: Hydrapple|Hydrapple, F|100/100
|-damage|p2a: Hydrapple|88/100|[from] Stealth Rock
|move|p1a: Dondozo|Body Press|p2a: Hydrapple
|-damage|p2a: Hydrapple|73/100
|
|upkeep
|turn|106
|
|t:|1779629164
|switch|p2a: Rillaboom|Rillaboom, F, tera:Grass|48/100
|-damage|p2a: Rillaboom|36/100|[from] Stealth Rock
|-fieldstart|move: Grassy Terrain|[from] ability: Grassy Surge|[of] p2a: Rillaboom
|switch|p1a: Kyurem|Kyurem|66/100
|-ability|p1a: Kyurem|Pressure
|
|-heal|p1a: Kyurem|72/100|[from] Grassy Terrain
|-heal|p1a: Kyurem|78/100|[from] item: Leftovers
|-heal|p2a: Rillaboom|42/100|[from] Grassy Terrain
|upkeep
|turn|107
|
|t:|1779629170
|move|p2a: Rillaboom|Grassy Glide|p1a: Kyurem
|-resisted|p1a: Kyurem
|-damage|p1a: Kyurem|44/100
|move|p1a: Kyurem|Freeze-Dry|p2a: Rillaboom
|-supereffective|p2a: Rillaboom
|-damage|p2a: Rillaboom|0 fnt
|faint|p2a: Rillaboom
|
|-heal|p1a: Kyurem|50/100|[from] Grassy Terrain
|-heal|p1a: Kyurem|56/100|[from] item: Leftovers
|upkeep
|j| ameneiro
|j| xrootz
|
|t:|1779629176
|switch|p2a: Zamazenta|Zamazenta|35/100
|-damage|p2a: Zamazenta|29/100|[from] Stealth Rock
|turn|108
|l| xrootz
|-message|4axes forfeited.
|
|win|itsjustrps
|raw|itsjustrps's rating: 1530 &rarr; <strong>1553</strong><br />(+23 for winning)
|raw|4axes's rating: 1581 &rarr; <strong>1558</strong><br />(-23 for losing)
|l|☆4axes
|player|p2|
|l|☆itsjustrps
|player|p1|
|l| ameneiro
|l| norwaytm
