|j|☆n1x4
|j|☆Rbbdbdvdvd
|t:|1779688790
|gametype|singles
|player|p1|n1x4|fisherman-gen4|1127
|player|p2|Rbbdbdvdvd|1|1135
|gen|9
|tier|[Gen 9] OU
|rated|
|rule|HP Percentage Mod: HP is shown in percentages
|rule|Endless Battle Clause: Forcing endless battles is banned
|rule|Species Clause: Limit one of each Pokémon
|rule|OHKO Clause: OHKO moves are banned
|rule|Evasion Items Clause: Evasion items are banned
|rule|Evasion Moves Clause: Evasion moves are banned
|rule|Evasion Abilities Clause: Evasion abilities are banned
|rule|Sleep Moves Clause: Sleep-inducing moves are banned
|clearpoke
|poke|p1|Ceruledge, F|
|poke|p1|Sylveon, F|
|poke|p1|Dragapult, F|
|poke|p1|Lapras, F|
|poke|p1|Meowscarada, F|
|poke|p1|Great Tusk|
|poke|p2|Weezing-Galar, F|
|poke|p2|Alomomola, M|
|poke|p2|Iron Treads|
|poke|p2|Tornadus-Therian, M|
|poke|p2|Zamazenta-*|
|poke|p2|Lokix, M|
|teampreview
|
|t:|1779688801
|teamsize|p1|6
|teamsize|p2|6
|start
|switch|p1a: Sylveon|Sylveon, F|100/100
|switch|p2a: Alomomola|Alomomola, M|100/100
|turn|1
|
|t:|1779688811
|move|p1a: Sylveon|Light Screen|p1a: Sylveon
|-sidestart|p1: n1x4|move: Light Screen
|move|p2a: Alomomola|Flip Turn|p1a: Sylveon
|-damage|p1a: Sylveon|75/100
|
|t:|1779688814
|switch|p2a: Lokix|Lokix, M|100/100|[from] Flip Turn
|
|upkeep
|turn|2
|
|t:|1779688819
|-terastallize|p2a: Lokix|Bug
|move|p2a: Lokix|U-turn|p1a: Sylveon
|-resisted|p1a: Sylveon
|-damage|p1a: Sylveon|0 fnt
|faint|p1a: Sylveon
|
|t:|1779688828
|switch|p2a: Tornadus|Tornadus-Therian, M|100/100|[from] U-turn
|
|upkeep
|
|t:|1779688836
|switch|p1a: Meowscarada|Meowscarada, F|100/100
|turn|3
|
|t:|1779688841
|switch|p2a: Alomomola|Alomomola, M|100/100
|move|p1a: Meowscarada|Thunder Punch|p2a: Alomomola
|-start|p1a: Meowscarada|typechange|Electric|[from] ability: Protean
|-supereffective|p2a: Alomomola
|-damage|p2a: Alomomola|41/100
|-damage|p1a: Meowscarada|84/100|[from] item: Rocky Helmet|[of] p2a: Alomomola
|-damage|p1a: Meowscarada|74/100|[from] item: Life Orb
|
|upkeep
|turn|4
|
|t:|1779688850
|switch|p2a: Iron Treads|Iron Treads|100/100
|move|p1a: Meowscarada|Thunder Punch|p2a: Iron Treads
|-immune|p2a: Iron Treads
|
|upkeep
|turn|5
|
|t:|1779688870
|switch|p1a: Great Tusk|Great Tusk|100/100
|move|p2a: Iron Treads|Stealth Rock|p1a: Great Tusk
|-sidestart|p1: n1x4|move: Stealth Rock
|
|-sideend|p1: n1x4|move: Light Screen
|upkeep
|turn|6
|
|t:|1779688877
|-end|p2a: Iron Treads|Quark Drive|[silent]
|switch|p2a: Alomomola|Alomomola, M|75/100
|move|p1a: Great Tusk|Rapid Spin|p2a: Alomomola
|-damage|p2a: Alomomola|63/100
|-boost|p1a: Great Tusk|spe|1
|-damage|p1a: Great Tusk|84/100|[from] item: Rocky Helmet|[of] p2a: Alomomola
|-sideend|p1: n1x4|Stealth Rock|[from] move: Rapid Spin|[of] p1a: Great Tusk
|
|upkeep
|turn|7
|
|t:|1779688890
|move|p1a: Great Tusk|Earthquake|p2a: Alomomola
|-damage|p2a: Alomomola|28/100
|move|p2a: Alomomola|Wish|p2a: Alomomola
|
|upkeep
|turn|8
|
|t:|1779688895
|move|p2a: Alomomola|Protect|p2a: Alomomola
|-singleturn|p2a: Alomomola|Protect
|move|p1a: Great Tusk|Earthquake|p2a: Alomomola
|-activate|p2a: Alomomola|move: Protect
|
|-heal|p2a: Alomomola|78/100|[from] move: Wish|[wisher] Alomomola
|upkeep
|turn|9
|
|t:|1779688899
|move|p1a: Great Tusk|Earthquake|p2a: Alomomola
|-damage|p2a: Alomomola|45/100
|move|p2a: Alomomola|Tickle|p1a: Great Tusk
|-unboost|p1a: Great Tusk|atk|1
|-unboost|p1a: Great Tusk|def|1
|
|upkeep
|turn|10
|
|t:|1779688908
|-end|p1a: Great Tusk|Protosynthesis|[silent]
|switch|p1a: Meowscarada|Meowscarada, F|74/100
|move|p2a: Alomomola|Wish|p2a: Alomomola
|
|upkeep
|turn|11
|
|t:|1779688912
|move|p2a: Alomomola|Protect|p2a: Alomomola
|-singleturn|p2a: Alomomola|Protect
|move|p1a: Meowscarada|Flower Trick|p2a: Alomomola
|-start|p1a: Meowscarada|typechange|Grass|[from] ability: Protean
|-activate|p2a: Alomomola|move: Protect
|
|-heal|p2a: Alomomola|95/100|[from] move: Wish|[wisher] Alomomola
|upkeep
|turn|12
|
|t:|1779688917
|switch|p2a: Tornadus|Tornadus-Therian, M|100/100
|move|p1a: Meowscarada|Flower Trick|p2a: Tornadus
|-resisted|p2a: Tornadus
|-crit|p2a: Tornadus
|-damage|p2a: Tornadus|59/100
|-damage|p1a: Meowscarada|64/100|[from] item: Life Orb
|
|upkeep
|turn|13
|
|t:|1779688925
|switch|p1a: Lapras|Lapras, F|100/100
|move|p2a: Tornadus|U-turn|p1a: Lapras
|-crit|p1a: Lapras
|-damage|p1a: Lapras|82/100
|
|t:|1779688928
|switch|p2a: Lokix|Lokix, M, tera:Bug|100/100|[from] U-turn
|
|-heal|p1a: Lapras|88/100|[from] item: Leftovers
|upkeep
|turn|14
|
|t:|1779688940
|move|p2a: Lokix|U-turn|p1a: Lapras
|-damage|p1a: Lapras|26/100
|
|t:|1779688949
|switch|p2a: Iron Treads|Iron Treads|100/100|[from] U-turn
|move|p1a: Lapras|Freeze-Dry|p2a: Iron Treads
|-damage|p2a: Iron Treads|69/100
|
|-heal|p2a: Iron Treads|75/100|[from] item: Leftovers
|-heal|p1a: Lapras|32/100|[from] item: Leftovers
|upkeep
|turn|15
|
|t:|1779688959
|move|p2a: Iron Treads|Stealth Rock|p1a: Lapras
|-sidestart|p1: n1x4|move: Stealth Rock
|move|p1a: Lapras|Chilling Water|p2a: Iron Treads
|-supereffective|p2a: Iron Treads
|-damage|p2a: Iron Treads|34/100
|-unboost|p2a: Iron Treads|atk|1
|
|-heal|p2a: Iron Treads|40/100|[from] item: Leftovers
|-heal|p1a: Lapras|39/100|[from] item: Leftovers
|upkeep
|turn|16
|
|t:|1779688969
|-end|p2a: Iron Treads|Quark Drive|[silent]
|switch|p2a: Tornadus|Tornadus-Therian, M|92/100
|move|p1a: Lapras|Chilling Water|p2a: Tornadus
|-damage|p2a: Tornadus|80/100
|-unboost|p2a: Tornadus|atk|1
|
|-heal|p1a: Lapras|45/100|[from] item: Leftovers
|upkeep
|turn|17
|
|t:|1779688972
|move|p2a: Tornadus|Bleakwind Storm|p1a: Lapras
|-damage|p1a: Lapras|17/100
|move|p1a: Lapras|Freeze-Dry|p2a: Tornadus
|-supereffective|p2a: Tornadus
|-damage|p2a: Tornadus|42/100
|
|-heal|p1a: Lapras|23/100|[from] item: Leftovers
|upkeep
|turn|18
|
|t:|1779688978
|move|p2a: Tornadus|Bleakwind Storm|p1a: Lapras
|-damage|p1a: Lapras|0 fnt
|faint|p1a: Lapras
|
|upkeep
|l|☆n1x4
|player|p1|
|inactive|Battle timer is ON: inactive players will automatically lose when time's up. (requested by Rbbdbdvdvd)
|inactive|n1x4 has 30 seconds to reconnect!
|inactive|n1x4 has 20 seconds to reconnect!
|inactive|n1x4 has 15 seconds to reconnect!
|inactive|n1x4 has 10 seconds to reconnect!
|inactive|n1x4 has 5 seconds to reconnect!
|-message|n1x4 lost due to inactivity.
|
|win|Rbbdbdvdvd
|raw|n1x4's rating: 1105 &rarr; <strong>1082</strong><br />(-23 for losing)
|raw|Rbbdbdvdvd's rating: 1135 &rarr; <strong>1158</strong><br />(+23 for winning)
|l|☆Rbbdbdvdvd
|player|p2|
