|j|☆peanits1234
|j|☆ffdatagen
|t:|1779655589
|gametype|singles
|player|p1|peanits1234|steven|1105
|player|p2|ffdatagen|wallace-gen3|1127
|gen|9
|tier|[Gen 9] OU
|rated|
|rule|HP Percentage Mod: HP is shown in percentages
|rule|Endless Battle Clause: Forcing endless battles is banned
|rule|Species Clause: Limit one of each Pokémon
|rule|OHKO Clause: OHKO moves are banned
|rule|Evasion Items Clause: Evasion items are banned
|rule|Evasion Moves Clause: Evasion moves are banned
|rule|Evasion Abilities Clause: Evasion abilities are banned
|rule|Sleep Moves Clause: Sleep-inducing moves are banned
|clearpoke
|poke|p1|Dragonite, F|
|poke|p1|Deoxys-Defense|
|poke|p1|Kingambit, M|
|poke|p1|Blaziken, F|
|poke|p1|Glimmora, F|
|poke|p1|Gardevoir, F|
|poke|p2|Torkoal, F|
|poke|p2|Hatterene, F|
|poke|p2|Porygon2|
|poke|p2|Ursaluna, M|
|poke|p2|Iron Hands|
|poke|p2|Brute Bonnet|
|teampreview
|
|t:|1779655610
|teamsize|p1|6
|teamsize|p2|6
|start
|switch|p1a: CEMENT|Glimmora, F|100/100
|switch|p2a: Hatterene|Hatterene, F|100/100
|turn|1
|
|t:|1779655618
|move|p1a: CEMENT|Light Screen|p1a: CEMENT
|-sidestart|p1: peanits1234|move: Light Screen
|move|p2a: Hatterene|Trick Room|p2a: Hatterene
|-fieldstart|move: Trick Room|[of] p2a: Hatterene
|
|upkeep
|turn|2
|
|t:|1779655621
|move|p2a: Hatterene|Psychic|p1a: CEMENT
|-supereffective|p1a: CEMENT
|-damage|p1a: CEMENT|56/100
|move|p1a: CEMENT|Mortal Spin|p2a: Hatterene
|-supereffective|p2a: Hatterene
|-damage|p2a: Hatterene|89/100
|-status|p2a: Hatterene|psn
|
|-heal|p1a: CEMENT|62/100|[from] item: Leftovers
|-damage|p2a: Hatterene|76/100 psn|[from] psn
|upkeep
|turn|3
|
|t:|1779655647
|switch|p2a: Ursaluna|Ursaluna, M|100/100
|switch|p1a: SLAB|Deoxys-Defense|100/100
|-ability|p1a: SLAB|Pressure
|
|-status|p2a: Ursaluna|brn|[from] item: Flame Orb
|upkeep
|turn|4
|j| kanitanku
|
|t:|1779655655
|move|p2a: Ursaluna|Facade|p1a: SLAB
|-damage|p1a: SLAB|13/100
|move|p1a: SLAB|Calm Mind|p1a: SLAB
|-boost|p1a: SLAB|spa|1
|-boost|p1a: SLAB|spd|1
|
|-damage|p2a: Ursaluna|94/100 brn|[from] brn
|upkeep
|turn|5
|
|t:|1779655663
|switch|p1a: CEMENT|Glimmora, F|62/100
|move|p2a: Ursaluna|Facade|p1a: CEMENT
|-resisted|p1a: CEMENT
|-damage|p1a: CEMENT|17/100
|-activate|p1a: CEMENT|ability: Toxic Debris
|-sidestart|p2: ffdatagen|move: Toxic Spikes
|
|-heal|p1a: CEMENT|23/100|[from] item: Leftovers
|-damage|p2a: Ursaluna|88/100 brn|[from] brn
|-sideend|p1: peanits1234|move: Light Screen
|-fieldend|move: Trick Room
|upkeep
|turn|6
|
|t:|1779655674
|move|p1a: CEMENT|Spikes|p2a: Ursaluna
|-sidestart|p2: ffdatagen|Spikes
|move|p2a: Ursaluna|Headlong Rush|p1a: CEMENT
|-supereffective|p1a: CEMENT
|-damage|p1a: CEMENT|0 fnt
|-unboost|p2a: Ursaluna|def|1
|-unboost|p2a: Ursaluna|spd|1
|-activate|p1a: CEMENT|ability: Toxic Debris
|-sidestart|p2: ffdatagen|move: Toxic Spikes
|faint|p1a: CEMENT
|
|-damage|p2a: Ursaluna|82/100 brn|[from] brn
|upkeep
|
|t:|1779655683
|switch|p1a: INGOT|Blaziken, F|100/100
|turn|7
|
|t:|1779655688
|move|p1a: INGOT|Close Combat|p2a: Ursaluna
|-supereffective|p2a: Ursaluna
|-damage|p2a: Ursaluna|0 fnt
|-unboost|p1a: INGOT|def|1
|-unboost|p1a: INGOT|spd|1
|faint|p2a: Ursaluna
|
|-ability|p1a: INGOT|Speed Boost|boost
|-boost|p1a: INGOT|spe|1
|upkeep
|
|t:|1779655701
|switch|p2a: Hatterene|Hatterene, F|76/100 psn
|-damage|p2a: Hatterene|64/100 psn|[from] Spikes
|turn|8
|
|t:|1779655709
|move|p1a: INGOT|Poison Jab|p2a: Hatterene
|-supereffective|p2a: Hatterene
|-damage|p2a: Hatterene|21/100 psn
|move|p2a: Hatterene|Trick Room|p2a: Hatterene
|-fieldstart|move: Trick Room|[of] p2a: Hatterene
|
|-damage|p2a: Hatterene|9/100 psn|[from] psn
|-ability|p1a: INGOT|Speed Boost|boost
|-boost|p1a: INGOT|spe|1
|upkeep
|turn|9
|
|t:|1779655722
|switch|p2a: Porygon2|Porygon2|100/100
|-status|p2a: Porygon2|tox
|-damage|p2a: Porygon2|88/100 tox|[from] Spikes
|-ability|p2a: Porygon2|Download|boost
|-boost|p2a: Porygon2|atk|1
|move|p1a: INGOT|Swords Dance|p1a: INGOT
|-boost|p1a: INGOT|atk|2
|
|-damage|p2a: Porygon2|82/100 tox|[from] psn
|-ability|p1a: INGOT|Speed Boost|boost
|-boost|p1a: INGOT|spe|1
|upkeep
|turn|10
|
|t:|1779655739
|-terastallize|p2a: Porygon2|Ghost
|move|p2a: Porygon2|Shadow Ball|p1a: INGOT
|-damage|p1a: INGOT|10/100
|move|p1a: INGOT|Close Combat|p2a: Porygon2
|-immune|p2a: Porygon2
|
|-damage|p2a: Porygon2|70/100 tox|[from] psn
|-ability|p1a: INGOT|Speed Boost|boost
|-boost|p1a: INGOT|spe|1
|upkeep
|turn|11
|
|t:|1779655761
|switch|p1a: BLOCK|Kingambit, M|100/100
|-activate|p1a: BLOCK|ability: Supreme Overlord
|-start|p1a: BLOCK|fallen1|[silent]
|move|p2a: Porygon2|Thunderbolt|p1a: BLOCK
|-damage|p1a: BLOCK|74/100
|
|-heal|p1a: BLOCK|80/100|[from] item: Leftovers
|-damage|p2a: Porygon2|51/100 tox|[from] psn
|upkeep
|turn|12
|inactive|Battle timer is ON: inactive players will automatically lose when time's up. (requested by peanits1234)
|
|t:|1779655818
|switch|p2a: Iron Hands|Iron Hands|100/100
|-status|p2a: Iron Hands|tox
|-damage|p2a: Iron Hands|88/100 tox|[from] Spikes
|-enditem|p2a: Iron Hands|Booster Energy
|-activate|p2a: Iron Hands|ability: Quark Drive|[fromitem]
|-start|p2a: Iron Hands|quarkdriveatk
|move|p1a: BLOCK|Kowtow Cleave|p2a: Iron Hands
|-resisted|p2a: Iron Hands
|-damage|p2a: Iron Hands|72/100 tox
|
|-heal|p1a: BLOCK|87/100|[from] item: Leftovers
|-damage|p2a: Iron Hands|65/100 tox|[from] psn
|-fieldend|move: Trick Room
|upkeep
|turn|13
|
|t:|1779655836
|-end|p1a: BLOCK|fallen1|[silent]
|switch|p1a: BRICK|Dragonite, F|100/100
|move|p2a: Iron Hands|Close Combat|p1a: BRICK
|-resisted|p1a: BRICK
|-damage|p1a: BRICK|73/100
|-unboost|p2a: Iron Hands|def|1
|-unboost|p2a: Iron Hands|spd|1
|
|-damage|p2a: Iron Hands|53/100 tox|[from] psn
|upkeep
|turn|14
|
|t:|1779655853
|-end|p2a: Iron Hands|Quark Drive|[silent]
|switch|p2a: Hatterene|Hatterene, F|9/100 psn
|-damage|p2a: Hatterene|0 fnt|[from] Spikes
|faint|p2a: Hatterene
|move|p1a: BRICK|Extreme Speed|p2: Hatterene|[notarget]
|-fail|p1a: BRICK
|
|upkeep
|
|t:|1779655864
|switch|p2a: Porygon2|Porygon2, tera:Ghost|51/100 tox
|-damage|p2a: Porygon2|39/100 tox|[from] Spikes
|-ability|p2a: Porygon2|Download|boost
|-boost|p2a: Porygon2|atk|1
|turn|15
|
|t:|1779655872
|switch|p1a: STONE|Gardevoir, F|100/100
|-ability|p1a: STONE|Download|Trace|[from] ability: Trace|[of] p2a: Porygon2
|-ability|p1a: STONE|Download|boost
|-boost|p1a: STONE|atk|1
|move|p2a: Porygon2|Trick Room|p2a: Porygon2
|-fieldstart|move: Trick Room|[of] p2a: Porygon2
|
|-damage|p2a: Porygon2|33/100 tox|[from] psn
|upkeep
|turn|16
|
|t:|1779655882
|move|p2a: Porygon2|Ice Beam|p1a: STONE
|-damage|p1a: STONE|71/100
|move|p1a: STONE|Shadow Ball|p2a: Porygon2
|-supereffective|p2a: Porygon2
|-damage|p2a: Porygon2|0 fnt
|faint|p2a: Porygon2
|
|upkeep
|inactive|ffdatagen has 120 seconds left.
|
|t:|1779655913
|switch|p2a: Torkoal|Torkoal, F|100/100
|-status|p2a: Torkoal|tox
|-damage|p2a: Torkoal|88/100 tox|[from] Spikes
|-weather|SunnyDay|[from] ability: Drought|[of] p2a: Torkoal
|turn|17
|
|t:|1779655924
|move|p2a: Torkoal|Eruption|p1a: STONE
|-damage|p1a: STONE|0 fnt
|faint|p1a: STONE
|
|-weather|SunnyDay|[upkeep]
|-damage|p2a: Torkoal|82/100 tox|[from] psn
|upkeep
|
|t:|1779655936
|switch|p1a: SLAB|Deoxys-Defense|13/100
|-ability|p1a: SLAB|Pressure
|turn|18
|
|t:|1779655940
|move|p2a: Torkoal|Eruption|p1a: SLAB
|-damage|p1a: SLAB|0 fnt
|faint|p1a: SLAB
|
|-weather|SunnyDay|[upkeep]
|-damage|p2a: Torkoal|70/100 tox|[from] psn
|upkeep
|
|t:|1779655946
|switch|p1a: BRICK|Dragonite, F|73/100
|turn|19
|
|t:|1779655954
|move|p2a: Torkoal|Eruption|p1a: BRICK
|-resisted|p1a: BRICK
|-damage|p1a: BRICK|21/100
|move|p1a: BRICK|Aqua Tail|p2a: Torkoal
|-supereffective|p2a: Torkoal
|-damage|p2a: Torkoal|35/100 tox
|
|-weather|SunnyDay|[upkeep]
|-damage|p2a: Torkoal|16/100 tox|[from] psn
|-fieldend|move: Trick Room
|upkeep
|turn|20
|
|t:|1779655966
|switch|p2a: Iron Hands|Iron Hands|53/100 tox
|-damage|p2a: Iron Hands|40/100 tox|[from] Spikes
|move|p1a: BRICK|Aqua Tail|p2a: Iron Hands
|-damage|p2a: Iron Hands|27/100 tox
|
|-weather|SunnyDay|[upkeep]
|-damage|p2a: Iron Hands|20/100 tox|[from] psn
|upkeep
|turn|21
|
|t:|1779655976
|move|p1a: BRICK|Aqua Tail|p2a: Iron Hands
|-damage|p2a: Iron Hands|5/100 tox
|move|p2a: Iron Hands|Ice Punch|p1a: BRICK
|-supereffective|p1a: BRICK
|-damage|p1a: BRICK|0 fnt
|faint|p1a: BRICK
|
|-weather|none
|-damage|p2a: Iron Hands|0 fnt|[from] psn
|faint|p2a: Iron Hands
|-end|p2a: Iron Hands|Quark Drive|[silent]
|upkeep
|
|t:|1779655990
|switch|p1a: INGOT|Blaziken, F|10/100
|switch|p2a: Torkoal|Torkoal, F|16/100 tox
|-damage|p2a: Torkoal|4/100 tox|[from] Spikes
|-weather|SunnyDay|[from] ability: Drought|[of] p2a: Torkoal
|turn|22
|
|t:|1779655997
|move|p1a: INGOT|Poison Jab|p2a: Torkoal
|-damage|p2a: Torkoal|0 fnt
|faint|p2a: Torkoal
|
|-weather|SunnyDay|[upkeep]
|-ability|p1a: INGOT|Speed Boost|boost
|-boost|p1a: INGOT|spe|1
|upkeep
|
|t:|1779656005
|switch|p2a: Brute Bonnet|Brute Bonnet|100/100
|-status|p2a: Brute Bonnet|tox
|-damage|p2a: Brute Bonnet|88/100 tox|[from] Spikes
|-activate|p2a: Brute Bonnet|ability: Protosynthesis
|-start|p2a: Brute Bonnet|protosynthesisatk
|turn|23
|
|t:|1779656015
|-terastallize|p1a: INGOT|Fighting
|move|p2a: Brute Bonnet|Sucker Punch|p1a: INGOT
|-resisted|p1a: INGOT
|-damage|p1a: INGOT|0 fnt
|faint|p1a: INGOT
|-damage|p2a: Brute Bonnet|78/100 tox|[from] item: Life Orb
|
|-weather|SunnyDay|[upkeep]
|-damage|p2a: Brute Bonnet|72/100 tox|[from] psn
|upkeep
|
|t:|1779656019
|switch|p1a: BLOCK|Kingambit, M|87/100
|-activate|p1a: BLOCK|ability: Supreme Overlord
|-start|p1a: BLOCK|fallen5|[silent]
|turn|24
|
|t:|1779656027
|move|p1a: BLOCK|Brick Break|p2a: Brute Bonnet
|-supereffective|p2a: Brute Bonnet
|-damage|p2a: Brute Bonnet|0 fnt
|faint|p2a: Brute Bonnet
|-end|p2a: Brute Bonnet|Protosynthesis|[silent]
|
|win|peanits1234
|raw|peanits1234's rating: 1105 &rarr; <strong>1132</strong><br />(+27 for winning)
|raw|ffdatagen's rating: 1127 &rarr; <strong>1100</strong><br />(-27 for losing)
|l|☆peanits1234
|player|p1|
|c|☆ffdatagen|ggs
|c|☆ffdatagen|so close
|l| kanitanku
|j| kanitanku
|l| kanitanku
