|j|☆g.dini
|j|☆my shitters
|t:|1779723730
|gametype|singles
|player|p1|g.dini|265|1416
|player|p2|my shitters|preschooler|1408
|gen|9
|tier|[Gen 9] OU
|rated|
|rule|HP Percentage Mod: HP is shown in percentages
|rule|Endless Battle Clause: Forcing endless battles is banned
|rule|Species Clause: Limit one of each Pokémon
|rule|OHKO Clause: OHKO moves are banned
|rule|Evasion Items Clause: Evasion items are banned
|rule|Evasion Moves Clause: Evasion moves are banned
|rule|Evasion Abilities Clause: Evasion abilities are banned
|rule|Sleep Moves Clause: Sleep-inducing moves are banned
|clearpoke
|poke|p1|Ditto|
|poke|p1|Mandibuzz, F|
|poke|p1|Chansey, F|
|poke|p1|Quagsire, M|
|poke|p1|Garganacl, M|
|poke|p1|Slowking-Galar, F|
|poke|p2|Sableye, F|
|poke|p2|Alcremie-Ruby-Swirl, F|
|poke|p2|Rotom-Heat|
|poke|p2|Primeape, M|
|poke|p2|Brute Bonnet|
|poke|p2|Ursaring, F|
|teampreview
|inactive|Battle timer is ON: inactive players will automatically lose when time's up. (requested by my shitters)
|inactive|my shitters has 120 seconds left.
|inactive|my shitters has 90 seconds left.
|inactive|my shitters has 60 seconds left.
|inactive|my shitters has 30 seconds left.
|
|t:|1779723850
|teamsize|p1|6
|teamsize|p2|6
|start
|switch|p1a: Mandibuzz|Mandibuzz, F|100/100
|switch|p2a: UngaBoonguss|Brute Bonnet|100/100
|-enditem|p2a: UngaBoonguss|Booster Energy
|-activate|p2a: UngaBoonguss|ability: Protosynthesis|[fromitem]
|-start|p2a: UngaBoonguss|protosynthesisatk
|turn|1
|
|t:|1779723865
|move|p1a: Mandibuzz|Toxic|p2a: UngaBoonguss|[miss]
|-miss|p1a: Mandibuzz|p2a: UngaBoonguss
|move|p2a: UngaBoonguss|Crunch|p1a: Mandibuzz
|-resisted|p1a: Mandibuzz
|-damage|p1a: Mandibuzz|81/100
|
|-heal|p1a: Mandibuzz|87/100|[from] item: Leftovers
|upkeep
|turn|2
|
|t:|1779723872
|move|p1a: Mandibuzz|Toxic|p2a: UngaBoonguss
|-status|p2a: UngaBoonguss|tox
|move|p2a: UngaBoonguss|Crunch|p1a: Mandibuzz
|-resisted|p1a: Mandibuzz
|-damage|p1a: Mandibuzz|67/100
|-unboost|p1a: Mandibuzz|def|1
|
|-heal|p1a: Mandibuzz|73/100|[from] item: Leftovers
|-damage|p2a: UngaBoonguss|94/100 tox|[from] psn
|upkeep
|turn|3
|c|☆g.dini|noob
|
|t:|1779723882
|move|p1a: Mandibuzz|Defog|p2a: UngaBoonguss
|-unboost|p2a: UngaBoonguss|evasion|1
|move|p2a: UngaBoonguss|Close Combat|p1a: Mandibuzz
|-damage|p1a: Mandibuzz|13/100
|-unboost|p2a: UngaBoonguss|def|1
|-unboost|p2a: UngaBoonguss|spd|1
|
|-heal|p1a: Mandibuzz|19/100|[from] item: Leftovers
|-damage|p2a: UngaBoonguss|82/100 tox|[from] psn
|upkeep
|turn|4
|inactive|my shitters has 120 seconds left.
|
|t:|1779723901
|move|p1a: Mandibuzz|Roost|p1a: Mandibuzz
|-heal|p1a: Mandibuzz|69/100
|-singleturn|p1a: Mandibuzz|move: Roost
|move|p2a: UngaBoonguss|Close Combat|p1a: Mandibuzz
|-supereffective|p1a: Mandibuzz
|-damage|p1a: Mandibuzz|0 fnt
|-unboost|p2a: UngaBoonguss|def|1
|-unboost|p2a: UngaBoonguss|spd|1
|faint|p1a: Mandibuzz
|
|-damage|p2a: UngaBoonguss|64/100 tox|[from] psn
|upkeep
|c|☆my shitters|noob
|
|t:|1779723916
|switch|p1a: Ditto|Ditto|100/100
|-transform|p1a: Ditto|p2a: UngaBoonguss|[from] ability: Imposter
|turn|5
|inactive|my shitters has 120 seconds left.
|
|t:|1779723925
|-end|p2a: UngaBoonguss|Protosynthesis|[silent]
|switch|p2a: GemPostin|Sableye, F|100/100
|move|p1a: Ditto|Close Combat|p2a: GemPostin
|-immune|p2a: GemPostin
|
|upkeep
|turn|6
|
|t:|1779723934
|-end|p1a: Ditto|Protosynthesis|[silent]
|switch|p1a: Chansey|Chansey, F|100/100
|move|p2a: GemPostin|Reflect|p2a: GemPostin
|-sidestart|p2: my shitters|Reflect
|
|upkeep
|turn|7
|
|t:|1779723938
|move|p2a: GemPostin|Taunt|p1a: Chansey
|-start|p1a: Chansey|move: Taunt
|cant|p1a: Chansey|move: Taunt|Thunder Wave
|
|upkeep
|turn|8
|
|t:|1779723948
|switch|p1a: Garganacl|Garganacl, M|100/100
|move|p2a: GemPostin|Light Screen|p2a: GemPostin
|-sidestart|p2: my shitters|move: Light Screen
|
|upkeep
|turn|9
|
|t:|1779723953
|switch|p2a: UngaBoonguss|Brute Bonnet|64/100 tox
|move|p1a: Garganacl|Salt Cure|p2a: UngaBoonguss
|-crit|p2a: UngaBoonguss
|-damage|p2a: UngaBoonguss|48/100 tox
|-start|p2a: UngaBoonguss|Salt Cure
|
|-damage|p2a: UngaBoonguss|42/100 tox|[from] psn
|-damage|p2a: UngaBoonguss|30/100 tox|[from] Salt Cure
|upkeep
|turn|10
|
|t:|1779723963
|switch|p1a: Chansey|Chansey, F|100/100
|move|p2a: UngaBoonguss|Seed Bomb|p1a: Chansey
|-damage|p1a: Chansey|70/100
|
|-damage|p2a: UngaBoonguss|18/100 tox|[from] psn
|-damage|p2a: UngaBoonguss|5/100 tox|[from] Salt Cure
|upkeep
|turn|11
|
|t:|1779723970
|move|p2a: UngaBoonguss|Close Combat|p1a: Chansey
|-supereffective|p1a: Chansey
|-crit|p1a: Chansey
|-damage|p1a: Chansey|0 fnt
|-unboost|p2a: UngaBoonguss|def|1
|-unboost|p2a: UngaBoonguss|spd|1
|faint|p1a: Chansey
|
|-damage|p2a: UngaBoonguss|0 fnt|[from] psn
|faint|p2a: UngaBoonguss
|-end|p2a: UngaBoonguss|Protosynthesis|[silent]
|upkeep
|c|☆my shitters|noob
|inactive|my shitters has 120 seconds left.
|j| Choc&Chez Sandwich
|
|t:|1779724030
|switch|p2a: PonnieColeman|Primeape, M|100/100
|switch|p1a: Slowking|Slowking-Galar, F|100/100
|turn|12
|
|t:|1779724037
|switch|p2a: GemPostin|Sableye, F|100/100
|move|p1a: Slowking|Toxic Spikes|p2a: GemPostin
|-sidestart|p2: my shitters|move: Toxic Spikes
|
|upkeep
|turn|13
|
|t:|1779724048
|switch|p1a: Garganacl|Garganacl, M|100/100
|-terastallize|p2a: GemPostin|Poison
|move|p2a: GemPostin|Taunt|p1a: Garganacl
|-start|p1a: Garganacl|move: Taunt
|
|-sideend|p2: my shitters|Reflect
|upkeep
|turn|14
|
|t:|1779724055
|switch|p2a: FaintCorona|Rotom-Heat|100/100
|move|p1a: Garganacl|Salt Cure|p2a: FaintCorona
|-supereffective|p2a: FaintCorona
|-damage|p2a: FaintCorona|61/100
|-start|p2a: FaintCorona|Salt Cure
|
|-damage|p2a: FaintCorona|48/100|[from] Salt Cure
|upkeep
|turn|15
|
|t:|1779724065
|switch|p2a: GemPostin|Sableye, F, tera:Poison|100/100
|-sideend|p2: my shitters|move: Toxic Spikes|[of] p2a: GemPostin
|switch|p1a: Quagsire|Quagsire, M|100/100
|
|-sideend|p2: my shitters|move: Light Screen
|upkeep
|turn|16
|
|t:|1779724075
|switch|p2a: OnePunchBear|Ursaring, F|100/100
|switch|p1a: Garganacl|Garganacl, M|100/100
|
|-status|p2a: OnePunchBear|brn|[from] item: Flame Orb
|upkeep
|turn|17
|inactive|my shitters has 120 seconds left.
|
|t:|1779724086
|move|p2a: OnePunchBear|Earthquake|p1a: Garganacl
|-supereffective|p1a: Garganacl
|-damage|p1a: Garganacl|32/100
|move|p1a: Garganacl|Stealth Rock|p2a: OnePunchBear
|-sidestart|p2: my shitters|move: Stealth Rock
|
|-heal|p1a: Garganacl|38/100|[from] item: Leftovers
|-damage|p2a: OnePunchBear|94/100 brn|[from] brn
|upkeep
|turn|18
|
|t:|1779724094
|move|p2a: OnePunchBear|Facade|p1a: Garganacl
|-resisted|p1a: Garganacl
|-damage|p1a: Garganacl|2/100
|move|p1a: Garganacl|Salt Cure|p2a: OnePunchBear
|-damage|p2a: OnePunchBear|76/100 brn
|-start|p2a: OnePunchBear|Salt Cure
|
|-heal|p1a: Garganacl|8/100|[from] item: Leftovers
|-damage|p2a: OnePunchBear|70/100 brn|[from] brn
|-damage|p2a: OnePunchBear|58/100 brn|[from] Salt Cure
|upkeep
|turn|19
|
|t:|1779724105
|move|p2a: OnePunchBear|Facade|p1a: Garganacl
|-resisted|p1a: Garganacl
|-damage|p1a: Garganacl|0 fnt
|faint|p1a: Garganacl
|
|-damage|p2a: OnePunchBear|52/100 brn|[from] brn
|-damage|p2a: OnePunchBear|39/100 brn|[from] Salt Cure
|upkeep
|
|t:|1779724112
|switch|p1a: Quagsire|Quagsire, M|100/100
|turn|20
|
|t:|1779724115
|move|p2a: OnePunchBear|Facade|p1a: Quagsire
|-damage|p1a: Quagsire|18/100
|move|p1a: Quagsire|Recover|p1a: Quagsire
|-heal|p1a: Quagsire|68/100
|
|-heal|p1a: Quagsire|74/100|[from] item: Leftovers
|-damage|p2a: OnePunchBear|33/100 brn|[from] brn
|-damage|p2a: OnePunchBear|21/100 brn|[from] Salt Cure
|upkeep
|turn|21
|
|t:|1779724124
|move|p2a: OnePunchBear|Facade|p1a: Quagsire
|-damage|p1a: Quagsire|0 fnt
|faint|p1a: Quagsire
|
|-damage|p2a: OnePunchBear|15/100 brn|[from] brn
|-damage|p2a: OnePunchBear|2/100 brn|[from] Salt Cure
|upkeep
|
|t:|1779724131
|switch|p1a: Ditto|Ditto|100/100
|-transform|p1a: Ditto|p2a: OnePunchBear|[from] ability: Imposter
|turn|22
|
|t:|1779724137
|move|p1a: Ditto|Thunder Punch|p2a: OnePunchBear
|-damage|p2a: OnePunchBear|0 fnt
|faint|p2a: OnePunchBear
|
|upkeep
|
|t:|1779724140
|switch|p2a: FaintCorona|Rotom-Heat|48/100
|turn|23
|
|t:|1779724145
|switch|p1a: Slowking|Slowking-Galar, F|100/100
|move|p2a: FaintCorona|Pain Split|p1a: Slowking
|-sethp|p1a: Slowking|65/100|[from] move: Pain Split|[silent]
|-sethp|p2a: FaintCorona|100/100|[from] move: Pain Split
|
|-heal|p1a: Slowking|71/100|[from] item: Leftovers
|upkeep
|turn|24
|-message|g.dini forfeited.
|
|win|my shitters
|raw|g.dini's rating: 1416 &rarr; <strong>1397</strong><br />(-19 for losing)
|raw|my shitters's rating: 1427 &rarr; <strong>1446</strong><br />(+19 for winning)
|l|☆g.dini
|player|p1|
