|j|☆Sxitty
|j|☆2(sweet)
|t:|1779659596
|gametype|singles
|player|p1|Sxitty|clown|1308
|player|p2|2(sweet)|1|1290
|gen|9
|tier|[Gen 9] OU
|rated|
|rule|HP Percentage Mod: HP is shown in percentages
|rule|Endless Battle Clause: Forcing endless battles is banned
|rule|Species Clause: Limit one of each Pokémon
|rule|OHKO Clause: OHKO moves are banned
|rule|Evasion Items Clause: Evasion items are banned
|rule|Evasion Moves Clause: Evasion moves are banned
|rule|Evasion Abilities Clause: Evasion abilities are banned
|rule|Sleep Moves Clause: Sleep-inducing moves are banned
|clearpoke
|poke|p1|Deoxys-Defense|
|poke|p1|Regirock|
|poke|p1|Sableye, M|
|poke|p1|Milotic, F|
|poke|p1|Salamence, F|
|poke|p1|Vigoroth, M|
|poke|p2|Walking Wake|
|poke|p2|Vileplume, M|
|poke|p2|Raging Bolt|
|poke|p2|Torkoal, M|
|poke|p2|Slither Wing|
|poke|p2|Great Tusk|
|teampreview
|
|t:|1779659611
|teamsize|p1|6
|teamsize|p2|6
|start
|switch|p1a: Sableye|Sableye, M|100/100
|switch|p2a: Torkoal|Torkoal, M|100/100
|-weather|SunnyDay|[from] ability: Drought|[of] p2a: Torkoal
|turn|1
|
|t:|1779659617
|switch|p2a: Vileplume|Vileplume, M|100/100
|move|p1a: Sableye|Light Screen|p1a: Sableye
|-sidestart|p1: Sxitty|move: Light Screen
|
|-weather|SunnyDay|[upkeep]
|upkeep
|turn|2
|
|t:|1779659623
|move|p1a: Sableye|Will-O-Wisp|p2a: Vileplume
|-status|p2a: Vileplume|brn
|move|p2a: Vileplume|Moonblast|p1a: Sableye
|-supereffective|p1a: Sableye
|-damage|p1a: Sableye|61/100
|-damage|p2a: Vileplume|91/100 brn|[from] item: Life Orb
|
|-weather|SunnyDay|[upkeep]
|-damage|p2a: Vileplume|84/100 brn|[from] brn
|upkeep
|turn|3
|
|t:|1779659631
|move|p1a: Sableye|Reflect|p1a: Sableye
|-sidestart|p1: Sxitty|Reflect
|move|p2a: Vileplume|Solar Beam||[still]
|-prepare|p2a: Vileplume|Solar Beam
|-anim|p2a: Vileplume|Solar Beam|p1a: Sableye
|-crit|p1a: Sableye
|-damage|p1a: Sableye|0 fnt
|faint|p1a: Sableye
|-damage|p2a: Vileplume|74/100 brn|[from] item: Life Orb
|
|-weather|SunnyDay|[upkeep]
|-damage|p2a: Vileplume|68/100 brn|[from] brn
|upkeep
|
|t:|1779659637
|switch|p1a: Deoxys|Deoxys-Defense|100/100
|-ability|p1a: Deoxys|Pressure
|turn|4
|
|t:|1779659645
|switch|p2a: Raging Bolt|Raging Bolt|100/100
|-activate|p2a: Raging Bolt|ability: Protosynthesis
|-start|p2a: Raging Bolt|protosynthesisspa
|move|p1a: Deoxys|Calm Mind|p1a: Deoxys
|-boost|p1a: Deoxys|spa|1
|-boost|p1a: Deoxys|spd|1
|
|-weather|SunnyDay|[upkeep]
|upkeep
|turn|5
|
|t:|1779659654
|move|p2a: Raging Bolt|Calm Mind|p2a: Raging Bolt
|-boost|p2a: Raging Bolt|spa|1
|-boost|p2a: Raging Bolt|spd|1
|move|p1a: Deoxys|Calm Mind|p1a: Deoxys
|-boost|p1a: Deoxys|spa|1
|-boost|p1a: Deoxys|spd|1
|
|-weather|SunnyDay|[upkeep]
|upkeep
|turn|6
|
|t:|1779659658
|move|p2a: Raging Bolt|Calm Mind|p2a: Raging Bolt
|-boost|p2a: Raging Bolt|spa|1
|-boost|p2a: Raging Bolt|spd|1
|move|p1a: Deoxys|Calm Mind|p1a: Deoxys
|-boost|p1a: Deoxys|spa|1
|-boost|p1a: Deoxys|spd|1
|
|-weather|SunnyDay|[upkeep]
|upkeep
|turn|7
|
|t:|1779659660
|move|p2a: Raging Bolt|Calm Mind|p2a: Raging Bolt
|-boost|p2a: Raging Bolt|spa|1
|-boost|p2a: Raging Bolt|spd|1
|move|p1a: Deoxys|Calm Mind|p1a: Deoxys
|-boost|p1a: Deoxys|spa|1
|-boost|p1a: Deoxys|spd|1
|
|-weather|SunnyDay|[upkeep]
|upkeep
|turn|8
|
|t:|1779659664
|move|p2a: Raging Bolt|Calm Mind|p2a: Raging Bolt
|-boost|p2a: Raging Bolt|spa|1
|-boost|p2a: Raging Bolt|spd|1
|move|p1a: Deoxys|Stored Power|p2a: Raging Bolt
|-damage|p2a: Raging Bolt|31/100
|
|-weather|none
|-end|p2a: Raging Bolt|Protosynthesis
|-sideend|p1: Sxitty|move: Light Screen
|upkeep
|turn|9
|
|t:|1779659674
|move|p2a: Raging Bolt|Dragon Pulse|p1a: Deoxys
|-damage|p1a: Deoxys|50/100
|-damage|p2a: Raging Bolt|21/100|[from] item: Life Orb
|move|p1a: Deoxys|Stored Power|p2a: Raging Bolt
|-damage|p2a: Raging Bolt|0 fnt
|faint|p2a: Raging Bolt
|-end|p2a: Raging Bolt|Protosynthesis|[silent]
|
|-heal|p1a: Deoxys|57/100|[from] item: Leftovers
|upkeep
|
|t:|1779659690
|switch|p2a: Torkoal|Torkoal, M|100/100
|-weather|SunnyDay|[from] ability: Drought|[of] p2a: Torkoal
|turn|10
|
|t:|1779659694
|move|p1a: Deoxys|Stored Power|p2a: Torkoal
|-damage|p2a: Torkoal|0 fnt
|faint|p2a: Torkoal
|
|-weather|SunnyDay|[upkeep]
|-heal|p1a: Deoxys|63/100|[from] item: Leftovers
|-sideend|p1: Sxitty|Reflect
|upkeep
|
|t:|1779659697
|switch|p2a: Slither Wing|Slither Wing|100/100
|-activate|p2a: Slither Wing|ability: Protosynthesis
|-start|p2a: Slither Wing|protosynthesisatk
|turn|11
|
|t:|1779659705
|switch|p1a: Salamence|Salamence, F|100/100
|move|p2a: Slither Wing|First Impression|p1a: Salamence
|-resisted|p1a: Salamence
|-damage|p1a: Salamence|36/100
|-damage|p2a: Slither Wing|91/100|[from] item: Life Orb
|
|-weather|SunnyDay|[upkeep]
|upkeep
|turn|12
|
|t:|1779659717
|-end|p2a: Slither Wing|Protosynthesis|[silent]
|switch|p2a: Great Tusk|Great Tusk|100/100
|-activate|p2a: Great Tusk|ability: Protosynthesis
|-start|p2a: Great Tusk|protosynthesisatk
|move|p1a: Salamence|Dual Wingbeat|p2a: Great Tusk
|-supereffective|p2a: Great Tusk
|-damage|p2a: Great Tusk|50/100
|-supereffective|p2a: Great Tusk
|-damage|p2a: Great Tusk|7/100
|-hitcount|p2a: Great Tusk|2
|
|-weather|SunnyDay|[upkeep]
|upkeep
|turn|13
|
|t:|1779659724
|move|p1a: Salamence|Dual Wingbeat|p2a: Great Tusk
|-supereffective|p2a: Great Tusk
|-damage|p2a: Great Tusk|0 fnt
|faint|p2a: Great Tusk
|-end|p2a: Great Tusk|Protosynthesis|[silent]
|-ability|p1a: Salamence|Moxie|boost
|-boost|p1a: Salamence|atk|1
|-hitcount|p2: Great Tusk|1
|
|-weather|SunnyDay|[upkeep]
|upkeep
|
|t:|1779659728
|switch|p2a: Walking Wake|Walking Wake|100/100
|-activate|p2a: Walking Wake|ability: Protosynthesis
|-start|p2a: Walking Wake|protosynthesisspe
|turn|14
|
|t:|1779659732
|switch|p1a: Milotic|Milotic, F|100/100
|move|p2a: Walking Wake|Dragon Pulse|p1a: Milotic
|-damage|p1a: Milotic|63/100
|-damage|p2a: Walking Wake|91/100|[from] item: Life Orb
|
|-weather|SunnyDay|[upkeep]
|-heal|p1a: Milotic|69/100|[from] item: Leftovers
|upkeep
|turn|15
|
|t:|1779659738
|-end|p2a: Walking Wake|Protosynthesis|[silent]
|switch|p2a: Vileplume|Vileplume, M|68/100 brn
|move|p1a: Milotic|Recover|p1a: Milotic
|-heal|p1a: Milotic|100/100
|
|-weather|SunnyDay|[upkeep]
|-damage|p2a: Vileplume|62/100 brn|[from] brn
|upkeep
|turn|16
|
|t:|1779659743
|move|p2a: Vileplume|Solar Beam||[still]
|-prepare|p2a: Vileplume|Solar Beam
|-anim|p2a: Vileplume|Solar Beam|p1a: Milotic
|-supereffective|p1a: Milotic
|-damage|p1a: Milotic|0 fnt
|faint|p1a: Milotic
|-damage|p2a: Vileplume|52/100 brn|[from] item: Life Orb
|
|-weather|SunnyDay|[upkeep]
|-damage|p2a: Vileplume|46/100 brn|[from] brn
|upkeep
|
|t:|1779659747
|switch|p1a: Vigoroth|Vigoroth, M|100/100
|turn|17
|
|t:|1779659759
|switch|p2a: Slither Wing|Slither Wing|91/100
|-activate|p2a: Slither Wing|ability: Protosynthesis
|-start|p2a: Slither Wing|protosynthesisatk
|move|p1a: Vigoroth|Bulk Up|p1a: Vigoroth
|-boost|p1a: Vigoroth|atk|1
|-boost|p1a: Vigoroth|def|1
|
|-weather|none
|-end|p2a: Slither Wing|Protosynthesis
|upkeep
|turn|18
|
|t:|1779659765
|-terastallize|p1a: Vigoroth|Fighting
|move|p2a: Slither Wing|Close Combat|p1a: Vigoroth
|-damage|p1a: Vigoroth|65/100
|-unboost|p2a: Slither Wing|def|1
|-unboost|p2a: Slither Wing|spd|1
|-damage|p2a: Slither Wing|81/100|[from] item: Life Orb
|move|p1a: Vigoroth|Bulk Up|p1a: Vigoroth
|-boost|p1a: Vigoroth|atk|1
|-boost|p1a: Vigoroth|def|1
|
|upkeep
|turn|19
|
|t:|1779659772
|move|p2a: Slither Wing|Flare Blitz|p1a: Vigoroth
|-crit|p1a: Vigoroth
|-damage|p1a: Vigoroth|8/100
|-damage|p2a: Slither Wing|59/100|[from] Recoil
|-damage|p2a: Slither Wing|49/100|[from] item: Life Orb
|move|p1a: Vigoroth|Drain Punch|p2a: Slither Wing
|-resisted|p2a: Slither Wing
|-damage|p2a: Slither Wing|2/100
|-heal|p1a: Vigoroth|27/100|[from] drain|[of] p2a: Slither Wing
|
|upkeep
|turn|20
|
|t:|1779659782
|move|p2a: Slither Wing|Flare Blitz|p1a: Vigoroth
|-damage|p1a: Vigoroth|9/100
|-damage|p2a: Slither Wing|0 fnt|[from] Recoil
|faint|p2a: Slither Wing
|-end|p2a: Slither Wing|Protosynthesis|[silent]
|move|p1a: Vigoroth|Drain Punch|p2: Slither Wing|[notarget]
|-fail|p1a: Vigoroth
|
|upkeep
|
|t:|1779659784
|switch|p2a: Walking Wake|Walking Wake|91/100
|turn|21
|
|t:|1779659791
|move|p2a: Walking Wake|Hydro Steam|p1a: Vigoroth
|-damage|p1a: Vigoroth|0 fnt
|faint|p1a: Vigoroth
|-damage|p2a: Walking Wake|81/100|[from] item: Life Orb
|
|upkeep
|
|t:|1779659803
|switch|p1a: Deoxys|Deoxys-Defense|63/100
|-ability|p1a: Deoxys|Pressure
|turn|22
|
|t:|1779659810
|move|p2a: Walking Wake|Sunny Day|p2a: Walking Wake
|-weather|SunnyDay
|-activate|p2a: Walking Wake|ability: Protosynthesis
|-start|p2a: Walking Wake|protosynthesisspe
|move|p1a: Deoxys|Stored Power|p2a: Walking Wake
|-damage|p2a: Walking Wake|72/100
|
|-weather|SunnyDay|[upkeep]
|-heal|p1a: Deoxys|69/100|[from] item: Leftovers
|upkeep
|turn|23
|
|t:|1779659819
|move|p2a: Walking Wake|Hydro Steam|p1a: Deoxys
|-damage|p1a: Deoxys|15/100
|-damage|p2a: Walking Wake|62/100|[from] item: Life Orb
|move|p1a: Deoxys|Calm Mind|p1a: Deoxys
|-boost|p1a: Deoxys|spa|1
|-boost|p1a: Deoxys|spd|1
|
|-weather|SunnyDay|[upkeep]
|-heal|p1a: Deoxys|21/100|[from] item: Leftovers
|upkeep
|turn|24
|
|t:|1779659824
|move|p2a: Walking Wake|Hydro Steam|p1a: Deoxys
|-damage|p1a: Deoxys|0 fnt
|faint|p1a: Deoxys
|-damage|p2a: Walking Wake|52/100|[from] item: Life Orb
|
|-weather|SunnyDay|[upkeep]
|upkeep
|
|t:|1779659826
|switch|p1a: Regirock|Regirock|100/100
|turn|25
|
|t:|1779659830
|move|p2a: Walking Wake|Hydro Steam|p1a: Regirock
|-supereffective|p1a: Regirock
|-damage|p1a: Regirock|0 fnt
|faint|p1a: Regirock
|-damage|p2a: Walking Wake|42/100|[from] item: Life Orb
|
|-weather|SunnyDay|[upkeep]
|upkeep
|
|t:|1779659832
|switch|p1a: Salamence|Salamence, F|36/100
|turn|26
|
|t:|1779659835
|move|p2a: Walking Wake|Dragon Pulse|p1a: Salamence
|-supereffective|p1a: Salamence
|-damage|p1a: Salamence|0 fnt
|faint|p1a: Salamence
|-damage|p2a: Walking Wake|32/100|[from] item: Life Orb
|
|win|2(sweet)
|raw|Sxitty's rating: 1308 &rarr; <strong>1287</strong><br />(-21 for losing)
|raw|2(sweet)'s rating: 1290 &rarr; <strong>1316</strong><br />(+26 for winning)
|l|☆Sxitty
|player|p1|
|l|☆2(sweet)
|player|p2|
