|j|☆ChillLanturnYT
|j|☆love free
|t:|1779621156
|gametype|singles
|player|p1|ChillLanturnYT|palmer|1263
|player|p2|love free|cynthia|1257
|gen|9
|tier|[Gen 9] OU
|rated|
|rule|HP Percentage Mod: HP is shown in percentages
|rule|Endless Battle Clause: Forcing endless battles is banned
|rule|Species Clause: Limit one of each Pokémon
|rule|OHKO Clause: OHKO moves are banned
|rule|Evasion Items Clause: Evasion items are banned
|rule|Evasion Moves Clause: Evasion moves are banned
|rule|Evasion Abilities Clause: Evasion abilities are banned
|rule|Sleep Moves Clause: Sleep-inducing moves are banned
|clearpoke
|poke|p1|Exeggutor, M|
|poke|p1|Dragonite, M|
|poke|p1|Samurott-Hisui, F|
|poke|p1|Jirachi|
|poke|p1|Iron Treads|
|poke|p1|Raging Bolt|
|poke|p2|Pelipper, M|
|poke|p2|Walking Wake|
|poke|p2|Basculegion, M|
|poke|p2|Ogerpon-Wellspring, F|
|poke|p2|Iron Treads|
|poke|p2|Zapdos|
|teampreview
|inactive|Battle timer is ON: inactive players will automatically lose when time's up. (requested by ChillLanturnYT)
|inactive|love free also wants the timer to be on.
|
|t:|1779621161
|teamsize|p1|6
|teamsize|p2|6
|start
|switch|p1a: Exeggutor|Exeggutor, M|100/100
|switch|p2a: Pelipper|Pelipper, M|100/100
|-weather|RainDance|[from] ability: Drizzle|[of] p2a: Pelipper
|turn|1
|
|t:|1779621165
|move|p1a: Exeggutor|Substitute|p1a: Exeggutor
|-start|p1a: Exeggutor|Substitute
|-damage|p1a: Exeggutor|75/100
|move|p2a: Pelipper|Hurricane|p1a: Exeggutor
|-supereffective|p1a: Exeggutor
|-end|p1a: Exeggutor|Substitute
|
|-weather|RainDance|[upkeep]
|upkeep
|turn|2
|
|t:|1779621174
|switch|p1a: Raging Bolt|Raging Bolt|100/100
|move|p2a: Pelipper|Hurricane|p1a: Raging Bolt
|-resisted|p1a: Raging Bolt
|-damage|p1a: Raging Bolt|77/100
|
|-weather|RainDance|[upkeep]
|upkeep
|turn|3
|
|t:|1779621181
|-end|p1a: Raging Bolt|Protosynthesis|[silent]
|switch|p1a: Samurott|Samurott-Hisui, F|100/100
|switch|p2a: Iron Treads|Iron Treads|100/100
|-enditem|p2a: Iron Treads|Booster Energy
|-activate|p2a: Iron Treads|ability: Quark Drive|[fromitem]
|-start|p2a: Iron Treads|quarkdriveatk
|
|-weather|RainDance|[upkeep]
|upkeep
|turn|4
|
|t:|1779621184
|move|p1a: Samurott|Ceaseless Edge|p2a: Iron Treads|[miss]
|-miss|p1a: Samurott|p2a: Iron Treads
|move|p2a: Iron Treads|Volt Switch|p1a: Samurott
|-supereffective|p1a: Samurott
|-damage|p1a: Samurott|67/100
|
|t:|1779621190
|-end|p2a: Iron Treads|Quark Drive|[silent]
|switch|p2a: Walking Wake|Walking Wake|100/100|[from] Volt Switch
|-enditem|p2a: Walking Wake|Booster Energy
|-activate|p2a: Walking Wake|ability: Protosynthesis|[fromitem]
|-start|p2a: Walking Wake|protosynthesisspe
|
|-weather|RainDance|[upkeep]
|upkeep
|turn|5
|
|t:|1779621193
|move|p2a: Walking Wake|Hurricane|p1a: Samurott
|-damage|p1a: Samurott|11/100
|move|p1a: Samurott|Ceaseless Edge|p2a: Walking Wake
|-damage|p2a: Walking Wake|49/100
|-sidestart|p2: love free|Spikes
|
|-weather|RainDance|[upkeep]
|upkeep
|turn|6
|
|t:|1779621200
|move|p2a: Walking Wake|Hydro Steam|p1a: Samurott
|-resisted|p1a: Samurott
|-damage|p1a: Samurott|0 fnt
|faint|p1a: Samurott
|
|-weather|RainDance|[upkeep]
|upkeep
|
|t:|1779621203
|switch|p1a: Exeggutor|Exeggutor, M|75/100
|turn|7
|
|t:|1779621222
|-terastallize|p1a: Exeggutor|Fairy
|move|p2a: Walking Wake|Hurricane|p1a: Exeggutor
|-damage|p1a: Exeggutor|22/100
|-enditem|p1a: Exeggutor|Starf Berry|[eat]
|-boost|p1a: Exeggutor|def|2|[from] item: Starf Berry
|move|p1a: Exeggutor|Giga Drain|p2a: Walking Wake
|-crit|p2a: Walking Wake
|-damage|p2a: Walking Wake|0 fnt
|-heal|p1a: Exeggutor|47/100|[from] drain|[of] p2a: Walking Wake
|faint|p2a: Walking Wake
|-end|p2a: Walking Wake|Protosynthesis|[silent]
|
|-weather|RainDance|[upkeep]
|upkeep
|
|t:|1779621237
|switch|p2a: Zapdos|Zapdos|100/100
|turn|8
|
|t:|1779621243
|switch|p1a: Raging Bolt|Raging Bolt|77/100
|move|p2a: Zapdos|Volt Switch|p1a: Raging Bolt
|-resisted|p1a: Raging Bolt
|-crit|p1a: Raging Bolt
|-damage|p1a: Raging Bolt|65/100
|
|t:|1779621250
|switch|p2a: Iron Treads|Iron Treads|100/100|[from] Volt Switch
|-damage|p2a: Iron Treads|88/100|[from] Spikes
|
|-weather|none
|upkeep
|turn|9
|
|t:|1779621256
|-end|p1a: Raging Bolt|Protosynthesis|[silent]
|switch|p1a: Dragonite|Dragonite, M|100/100
|move|p2a: Iron Treads|Earthquake|p1a: Dragonite
|-immune|p1a: Dragonite
|
|upkeep
|turn|10
|
|t:|1779621259
|move|p2a: Iron Treads|Ice Spinner|p1a: Dragonite
|-supereffective|p1a: Dragonite
|-damage|p1a: Dragonite|48/100
|move|p1a: Dragonite|Dragon Dance|p1a: Dragonite
|-boost|p1a: Dragonite|atk|1
|-boost|p1a: Dragonite|spe|1
|
|-heal|p1a: Dragonite|54/100|[from] item: Leftovers
|upkeep
|turn|11
|
|t:|1779621263
|move|p1a: Dragonite|Roost|p1a: Dragonite
|-heal|p1a: Dragonite|100/100
|-singleturn|p1a: Dragonite|move: Roost
|move|p2a: Iron Treads|Ice Spinner|p1a: Dragonite
|-supereffective|p1a: Dragonite
|-damage|p1a: Dragonite|75/100
|
|-heal|p1a: Dragonite|81/100|[from] item: Leftovers
|upkeep
|turn|12
|
|t:|1779621266
|move|p1a: Dragonite|Earthquake|p2a: Iron Treads
|-supereffective|p2a: Iron Treads
|-damage|p2a: Iron Treads|6/100
|move|p2a: Iron Treads|Ice Spinner|p1a: Dragonite
|-supereffective|p1a: Dragonite
|-damage|p1a: Dragonite|0 fnt
|faint|p1a: Dragonite
|
|upkeep
|
|t:|1779621274
|switch|p1a: Iron Treads|Iron Treads|100/100
|turn|13
|
|t:|1779621278
|-end|p2a: Iron Treads|Quark Drive|[silent]
|switch|p2a: Pelipper|Pelipper, M|100/100
|-weather|RainDance|[from] ability: Drizzle|[of] p2a: Pelipper
|move|p1a: Iron Treads|Earthquake|p2a: Pelipper
|-immune|p2a: Pelipper
|
|-weather|RainDance|[upkeep]
|upkeep
|turn|14
|
|t:|1779621282
|move|p1a: Iron Treads|Knock Off|p2a: Pelipper
|-damage|p2a: Pelipper|71/100
|-enditem|p2a: Pelipper|Damp Rock|[from] move: Knock Off|[of] p1a: Iron Treads
|move|p2a: Pelipper|U-turn|p1a: Iron Treads
|-resisted|p1a: Iron Treads
|-damage|p1a: Iron Treads|96/100
|
|t:|1779621286
|switch|p2a: Basculegion|Basculegion, M|100/100|[from] U-turn
|-damage|p2a: Basculegion|88/100|[from] Spikes
|
|-weather|RainDance|[upkeep]
|-heal|p1a: Iron Treads|100/100|[from] item: Leftovers
|upkeep
|turn|15
|
|t:|1779621292
|-terastallize|p2a: Basculegion|Water
|move|p2a: Basculegion|Wave Crash|p1a: Iron Treads
|-supereffective|p1a: Iron Treads
|-damage|p1a: Iron Treads|0 fnt
|faint|p1a: Iron Treads
|-end|p1a: Iron Treads|Quark Drive|[silent]
|-damage|p2a: Basculegion|60/100|[from] Recoil
|
|-weather|RainDance|[upkeep]
|upkeep
|
|t:|1779621298
|switch|p1a: Raging Bolt|Raging Bolt|65/100
|turn|16
|
|t:|1779621301
|move|p2a: Basculegion|Wave Crash|p1a: Raging Bolt
|-resisted|p1a: Raging Bolt
|-damage|p1a: Raging Bolt|0 fnt
|faint|p1a: Raging Bolt
|-end|p1a: Raging Bolt|Protosynthesis|[silent]
|-damage|p2a: Basculegion|39/100|[from] Recoil
|
|-weather|RainDance|[upkeep]
|upkeep
|
|t:|1779621306
|switch|p1a: Jirachi|Jirachi|100/100
|turn|17
|
|t:|1779621309
|move|p2a: Basculegion|Wave Crash|p1a: Jirachi
|-damage|p1a: Jirachi|0 fnt
|faint|p1a: Jirachi
|-damage|p2a: Basculegion|4/100|[from] Recoil
|
|-weather|RainDance|[upkeep]
|upkeep
|
|t:|1779621312
|switch|p1a: Exeggutor|Exeggutor, M, tera:Fairy|47/100
|turn|18
|
|t:|1779621317
|move|p2a: Basculegion|Wave Crash|p1a: Exeggutor
|-damage|p1a: Exeggutor|0 fnt
|faint|p1a: Exeggutor
|-damage|p2a: Basculegion|0 fnt|[from] Recoil
|faint|p2a: Basculegion
|
|win|love free
|raw|ChillLanturnYT's rating: 1263 &rarr; <strong>1238</strong><br />(-25 for losing)
|raw|love free's rating: 1257 &rarr; <strong>1282</strong><br />(+25 for winning)
|l|☆ChillLanturnYT
|player|p1|
|l|☆love free
|player|p2|
