|j|☆thiccdug
|j|☆Brailleleld
|t:|1779634747
|gametype|singles
|player|p1|thiccdug|2|1487
|player|p2|Brailleleld|fairytalegirl|1456
|gen|9
|tier|[Gen 9] OU
|rated|
|rule|HP Percentage Mod: HP is shown in percentages
|rule|Endless Battle Clause: Forcing endless battles is banned
|rule|Species Clause: Limit one of each Pokémon
|rule|OHKO Clause: OHKO moves are banned
|rule|Evasion Items Clause: Evasion items are banned
|rule|Evasion Moves Clause: Evasion moves are banned
|rule|Evasion Abilities Clause: Evasion abilities are banned
|rule|Sleep Moves Clause: Sleep-inducing moves are banned
|clearpoke
|poke|p1|Zarude-Dada|
|poke|p1|Skarmory, M|
|poke|p1|Blissey, F|
|poke|p1|Gliscor, M|
|poke|p1|Pecharunt|
|poke|p1|Keldeo|
|poke|p2|Sableye, M|
|poke|p2|Empoleon, M|
|poke|p2|Dragonite, M|
|poke|p2|Gliscor, M|
|poke|p2|Serperior, M|
|poke|p2|Kingambit, M|
|teampreview
|inactive|Battle timer is ON: inactive players will automatically lose when time's up. (requested by thiccdug)
|
|t:|1779634756
|teamsize|p1|6
|teamsize|p2|6
|start
|switch|p1a: Zarude|Zarude-Dada|100/100
|switch|p2a: Pied Piper|Sableye, M, shiny|100/100
|turn|1
|
|t:|1779634785
|move|p2a: Pied Piper|Reflect|p2a: Pied Piper
|-sidestart|p2: Brailleleld|Reflect
|move|p1a: Zarude|Knock Off|p2a: Pied Piper
|-damage|p2a: Pied Piper|83/100
|-enditem|p2a: Pied Piper|Light Clay|[from] move: Knock Off|[of] p1a: Zarude
|
|upkeep
|turn|2
|
|t:|1779634807
|switch|p1a: Keldeo|Keldeo|100/100
|move|p2a: Pied Piper|Light Screen|p2a: Pied Piper
|-sidestart|p2: Brailleleld|move: Light Screen
|
|upkeep
|turn|3
|inactive|Brailleleld has 120 seconds left.
|
|t:|1779634827
|switch|p2a: Natrix natrix|Serperior, M, shiny|100/100
|move|p1a: Keldeo|Flip Turn|p2a: Natrix natrix
|-resisted|p2a: Natrix natrix
|-damage|p2a: Natrix natrix|96/100
|inactive|thiccdug has 120 seconds left.
|
|t:|1779634857
|switch|p1a: Blissey|Blissey, F|100/100|[from] Flip Turn
|
|-heal|p2a: Natrix natrix|100/100|[from] item: Leftovers
|upkeep
|turn|4
|inactive|thiccdug has 120 seconds left.
|
|t:|1779634876
|move|p2a: Natrix natrix|Substitute|p2a: Natrix natrix
|-start|p2a: Natrix natrix|Substitute
|-damage|p2a: Natrix natrix|75/100
|move|p1a: Blissey|Seismic Toss|p2a: Natrix natrix
|-end|p2a: Natrix natrix|Substitute
|
|-heal|p2a: Natrix natrix|82/100|[from] item: Leftovers
|upkeep
|turn|5
|
|t:|1779634889
|switch|p2a: Chiroptera|Gliscor, M, shiny|100/100
|move|p1a: Blissey|Seismic Toss|p2a: Chiroptera
|-damage|p2a: Chiroptera|72/100
|
|-status|p2a: Chiroptera|tox|[from] item: Toxic Orb
|upkeep
|turn|6
|
|t:|1779634906
|switch|p1a: Gliscor|Gliscor, M|100/100
|move|p2a: Chiroptera|Protect||[still]
|-fail|p2a: Chiroptera
|
|-heal|p2a: Chiroptera|85/100 tox|[from] ability: Poison Heal
|-sideend|p2: Brailleleld|move: Light Screen
|-status|p1a: Gliscor|tox|[from] item: Toxic Orb
|upkeep
|turn|7
|
|t:|1779634930
|move|p1a: Gliscor|Spikes|p2a: Chiroptera
|-sidestart|p2: Brailleleld|Spikes
|move|p2a: Chiroptera|Swords Dance|p2a: Chiroptera
|-boost|p2a: Chiroptera|atk|2
|
|-heal|p2a: Chiroptera|97/100 tox|[from] ability: Poison Heal
|upkeep
|turn|8
|inactive|thiccdug has 90 seconds left.
|
|t:|1779634972
|switch|p1a: Skarmory|Skarmory, M|100/100
|move|p2a: Chiroptera|Swords Dance|p2a: Chiroptera
|-boost|p2a: Chiroptera|atk|2
|
|-heal|p2a: Chiroptera|100/100 tox|[from] ability: Poison Heal
|-sideend|p2: Brailleleld|Reflect
|upkeep
|turn|9
|
|t:|1779634979
|move|p2a: Chiroptera|Facade|p1a: Skarmory
|-resisted|p1a: Skarmory
|-damage|p1a: Skarmory|75/100
|-damage|p2a: Chiroptera|84/100 tox|[from] item: Rocky Helmet|[of] p1a: Skarmory
|move|p1a: Skarmory|Whirlwind|p2a: Chiroptera
|drag|p2a: Kingambit|Kingambit, M, shiny|100/100
|-damage|p2a: Kingambit|88/100|[from] Spikes
|
|upkeep
|turn|10
|inactive|Brailleleld has 120 seconds left.
|inactive|thiccdug has 60 seconds left.
|
|t:|1779635025
|move|p2a: Kingambit|Iron Head|p1a: Skarmory
|-resisted|p1a: Skarmory
|-damage|p1a: Skarmory|63/100
|-damage|p2a: Kingambit|72/100|[from] item: Rocky Helmet|[of] p1a: Skarmory
|move|p1a: Skarmory|Stealth Rock|p2a: Kingambit
|-sidestart|p2: Brailleleld|move: Stealth Rock
|
|upkeep
|turn|11
|inactive|thiccdug has 30 seconds left.
|inactive|thiccdug has 20 seconds left.
|inactive|thiccdug has 15 seconds left.
|inactive|thiccdug has 10 seconds left.
|inactive|thiccdug has 5 seconds left.
|-message|thiccdug lost due to inactivity.
|
|win|Brailleleld
|raw|thiccdug's rating: 1487 &rarr; <strong>1465</strong><br />(-22 for losing)
|raw|Brailleleld's rating: 1456 &rarr; <strong>1478</strong><br />(+22 for winning)
|l|☆Brailleleld
|player|p2|
|l|☆thiccdug
|player|p1|
