|j|☆starooper29
|j|☆triceratopssss
|t:|1779632494
|gametype|singles
|player|p1|starooper29|skyla|1130
|player|p2|triceratopssss|blue|1080
|gen|9
|tier|[Gen 9] OU
|rated|
|rule|HP Percentage Mod: HP is shown in percentages
|rule|Endless Battle Clause: Forcing endless battles is banned
|rule|Species Clause: Limit one of each Pokémon
|rule|OHKO Clause: OHKO moves are banned
|rule|Evasion Items Clause: Evasion items are banned
|rule|Evasion Moves Clause: Evasion moves are banned
|rule|Evasion Abilities Clause: Evasion abilities are banned
|rule|Sleep Moves Clause: Sleep-inducing moves are banned
|clearpoke
|poke|p1|Copperajah, F|
|poke|p1|Mismagius, M|
|poke|p1|Sawsbuck-Winter, M|
|poke|p1|Garchomp, M|
|poke|p1|Gardevoir, M|
|poke|p1|Staraptor, F|
|poke|p2|Salamence, M|
|poke|p2|Ursaluna, M|
|poke|p2|Kingambit, M|
|poke|p2|Mew|
|poke|p2|Venusaur, M|
|poke|p2|Raikou|
|teampreview
|
|t:|1779632501
|teamsize|p1|6
|teamsize|p2|6
|start
|switch|p1a: Copperajah|Copperajah, F|100/100
|switch|p2a: Bacchi|Mew, shiny|100/100
|turn|1
|
|t:|1779632510
|move|p2a: Bacchi|Calm Mind|p2a: Bacchi
|-boost|p2a: Bacchi|spa|1
|-boost|p2a: Bacchi|spd|1
|move|p1a: Copperajah|Heavy Slam|p2a: Bacchi
|-damage|p2a: Bacchi|44/100
|
|upkeep
|turn|2
|
|t:|1779632519
|move|p2a: Bacchi|Ice Beam|p1a: Copperajah
|-resisted|p1a: Copperajah
|-damage|p1a: Copperajah|76/100
|-damage|p2a: Bacchi|34/100|[from] item: Life Orb
|move|p1a: Copperajah|Heavy Slam|p2a: Bacchi
|-damage|p2a: Bacchi|0 fnt
|faint|p2a: Bacchi
|
|-heal|p1a: Copperajah|82/100|[from] item: Leftovers
|upkeep
|
|t:|1779632530
|switch|p2a: Bholu|Ursaluna, M|100/100
|turn|3
|
|t:|1779632538
|switch|p1a: Mae|Staraptor, F|100/100
|-ability|p1a: Mae|Intimidate|boost
|-unboost|p2a: Bholu|atk|1
|move|p2a: Bholu|Earthquake|p1a: Mae
|-immune|p1a: Mae
|
|-status|p2a: Bholu|brn|[from] item: Flame Orb
|upkeep
|turn|4
|
|t:|1779632550
|switch|p1a: Mismagius|Mismagius, M|100/100
|move|p2a: Bholu|Facade|p1a: Mismagius
|-immune|p1a: Mismagius
|
|-damage|p2a: Bholu|94/100 brn|[from] brn
|upkeep
|turn|5
|
|t:|1779632565
|switch|p2a: Raikou|Raikou, shiny|100/100
|move|p1a: Mismagius|Shadow Ball|p2a: Raikou
|-crit|p2a: Raikou
|-damage|p2a: Raikou|47/100
|
|upkeep
|turn|6
|
|t:|1779632574
|move|p2a: Raikou|Thunder Wave|p1a: Mismagius
|-status|p1a: Mismagius|par
|cant|p1a: Mismagius|par
|
|upkeep
|turn|7
|
|t:|1779632581
|move|p2a: Raikou|Thunderbolt|p1a: Mismagius
|-damage|p1a: Mismagius|47/100 par
|cant|p1a: Mismagius|par
|
|upkeep
|turn|8
|
|t:|1779632590
|switch|p1a: Garchomp|Garchomp, M|100/100
|move|p2a: Raikou|Thunderbolt|p1a: Garchomp
|-immune|p1a: Garchomp
|
|upkeep
|turn|9
|
|t:|1779632599
|move|p2a: Raikou|Scald|p1a: Garchomp
|-damage|p1a: Garchomp|74/100
|move|p1a: Garchomp|Dragon Claw|p2a: Raikou
|-damage|p2a: Raikou|0 fnt
|faint|p2a: Raikou
|
|upkeep
|
|t:|1779632608
|switch|p2a: Godjira|Salamence, M|100/100
|turn|10
|inactive|Battle timer is ON: inactive players will automatically lose when time's up. (requested by triceratopssss)
|
|t:|1779632622
|move|p2a: Godjira|Dragon Claw|p1a: Garchomp
|-supereffective|p1a: Garchomp
|-crit|p1a: Garchomp
|-damage|p1a: Garchomp|0 fnt
|-damage|p2a: Godjira|88/100|[from] ability: Rough Skin|[of] p1a: Garchomp
|faint|p1a: Garchomp
|-ability|p2a: Godjira|Moxie|boost
|-boost|p2a: Godjira|atk|1
|
|upkeep
|
|t:|1779632632
|switch|p1a: Mae|Staraptor, F|100/100
|-ability|p1a: Mae|Intimidate|boost
|-unboost|p2a: Godjira|atk|1
|turn|11
|
|t:|1779632641
|-terastallize|p1a: Mae|Flying
|move|p2a: Godjira|Dragon Dance|p2a: Godjira
|-boost|p2a: Godjira|atk|1
|-boost|p2a: Godjira|spe|1
|move|p1a: Mae|Acrobatics|p2a: Godjira
|-damage|p2a: Godjira|7/100
|
|upkeep
|turn|12
|
|t:|1779632651
|move|p1a: Mae|Quick Attack|p2a: Godjira
|-damage|p2a: Godjira|0 fnt
|faint|p2a: Godjira
|
|upkeep
|
|t:|1779632665
|switch|p2a: Bholu|Ursaluna, M|94/100 brn
|turn|13
|
|t:|1779632669
|move|p1a: Mae|Acrobatics|p2a: Bholu
|-damage|p2a: Bholu|38/100 brn
|move|p2a: Bholu|Facade|p1a: Mae
|-damage|p1a: Mae|0 fnt
|faint|p1a: Mae
|
|-damage|p2a: Bholu|32/100 brn|[from] brn
|upkeep
|
|t:|1779632682
|switch|p1a: Gardevoir|Gardevoir, M|100/100
|turn|14
|
|t:|1779632689
|move|p1a: Gardevoir|Psychic|p2a: Bholu
|-damage|p2a: Bholu|0 fnt
|faint|p2a: Bholu
|
|upkeep
|
|t:|1779632695
|switch|p2a: Podha|Venusaur, M, shiny|100/100
|turn|15
|
|t:|1779632699
|move|p1a: Gardevoir|Calm Mind|p1a: Gardevoir
|-boost|p1a: Gardevoir|spa|1
|-boost|p1a: Gardevoir|spd|1
|move|p2a: Podha|Sunny Day|p2a: Podha
|-weather|SunnyDay
|
|-weather|SunnyDay|[upkeep]
|upkeep
|turn|16
|
|t:|1779632709
|move|p2a: Podha|Sludge Bomb|p1a: Gardevoir
|-supereffective|p1a: Gardevoir
|-damage|p1a: Gardevoir|38/100
|-status|p1a: Gardevoir|psn
|-activate|p1a: Gardevoir|ability: Synchronize
|-immune|p2a: Podha
|move|p1a: Gardevoir|Calm Mind|p1a: Gardevoir
|-boost|p1a: Gardevoir|spa|1
|-boost|p1a: Gardevoir|spd|1
|
|-weather|SunnyDay|[upkeep]
|-damage|p1a: Gardevoir|25/100 psn|[from] psn
|upkeep
|turn|17
|
|t:|1779632722
|move|p2a: Podha|Sludge Bomb|p1a: Gardevoir
|-supereffective|p1a: Gardevoir
|-damage|p1a: Gardevoir|0 fnt
|faint|p1a: Gardevoir
|
|-weather|SunnyDay|[upkeep]
|upkeep
|
|t:|1779632728
|switch|p1a: Copperajah|Copperajah, F|82/100
|turn|18
|
|t:|1779632734
|move|p2a: Podha|Solar Beam||[still]
|-prepare|p2a: Podha|Solar Beam
|-anim|p2a: Podha|Solar Beam|p1a: Copperajah
|-resisted|p1a: Copperajah
|-damage|p1a: Copperajah|55/100
|move|p1a: Copperajah|Earthquake|p2a: Podha
|-damage|p2a: Podha|57/100
|
|-weather|SunnyDay|[upkeep]
|-heal|p1a: Copperajah|61/100|[from] item: Leftovers
|upkeep
|turn|19
|
|t:|1779632748
|move|p2a: Podha|Solar Beam||[still]
|-prepare|p2a: Podha|Solar Beam
|-anim|p2a: Podha|Solar Beam|p1a: Copperajah
|-resisted|p1a: Copperajah
|-damage|p1a: Copperajah|36/100
|move|p1a: Copperajah|Earthquake|p2a: Podha
|-damage|p2a: Podha|12/100
|
|-weather|none
|-heal|p1a: Copperajah|42/100|[from] item: Leftovers
|upkeep
|turn|20
|
|t:|1779632759
|move|p2a: Podha|Synthesis|p2a: Podha
|-heal|p2a: Podha|62/100
|move|p1a: Copperajah|Earthquake|p2a: Podha
|-damage|p2a: Podha|20/100
|
|-heal|p1a: Copperajah|48/100|[from] item: Leftovers
|upkeep
|turn|21
|
|t:|1779632769
|move|p2a: Podha|Synthesis|p2a: Podha
|-heal|p2a: Podha|70/100
|move|p1a: Copperajah|Earthquake|p2a: Podha
|-damage|p2a: Podha|23/100
|
|-heal|p1a: Copperajah|54/100|[from] item: Leftovers
|upkeep
|turn|22
|
|t:|1779632778
|switch|p2a: Samurai|Kingambit, M|100/100
|-activate|p2a: Samurai|ability: Supreme Overlord
|-start|p2a: Samurai|fallen4|[silent]
|move|p1a: Copperajah|Earthquake|p2a: Samurai
|-supereffective|p2a: Samurai
|-damage|p2a: Samurai|47/100
|
|-heal|p1a: Copperajah|60/100|[from] item: Leftovers
|upkeep
|turn|23
|
|t:|1779632791
|move|p2a: Samurai|Iron Head|p1a: Copperajah
|-resisted|p1a: Copperajah
|-damage|p1a: Copperajah|37/100
|move|p1a: Copperajah|Earthquake|p2a: Samurai
|-supereffective|p2a: Samurai
|-damage|p2a: Samurai|0 fnt
|faint|p2a: Samurai
|-end|p2a: Samurai|fallen4|[silent]
|
|-heal|p1a: Copperajah|43/100|[from] item: Leftovers
|upkeep
|-message|triceratopssss forfeited.
|
|win|starooper29
|raw|starooper29's rating: 1130 &rarr; <strong>1151</strong><br />(+21 for winning)
|raw|triceratopssss's rating: 1080 &rarr; <strong>1061</strong><br />(-19 for losing)
|l|☆triceratopssss
|player|p2|
|l|☆starooper29
|player|p1|
