|j|☆shadowisp
|j|☆CommenceGaming
|t:|1779557280
|gametype|singles
|player|p1|shadowisp|skier|1281
|player|p2|CommenceGaming|169|1329
|gen|9
|tier|[Gen 9] OU
|rated|
|rule|HP Percentage Mod: HP is shown in percentages
|rule|Endless Battle Clause: Forcing endless battles is banned
|rule|Species Clause: Limit one of each Pokémon
|rule|OHKO Clause: OHKO moves are banned
|rule|Evasion Items Clause: Evasion items are banned
|rule|Evasion Moves Clause: Evasion moves are banned
|rule|Evasion Abilities Clause: Evasion abilities are banned
|rule|Sleep Moves Clause: Sleep-inducing moves are banned
|clearpoke
|poke|p1|Ting-Lu|
|poke|p1|Gholdengo|
|poke|p1|Dragapult, F|
|poke|p1|Zapdos|
|poke|p1|Great Tusk|
|poke|p1|Azumarill, F|
|poke|p2|Dragapult, M|
|poke|p2|Grimmsnarl, M|
|poke|p2|Darkrai|
|poke|p2|Hatterene, F|
|poke|p2|Blaziken, F|
|poke|p2|Great Tusk|
|teampreview
|inactive|Battle timer is ON: inactive players will automatically lose when time's up. (requested by shadowisp)
|
|t:|1779557305
|teamsize|p1|6
|teamsize|p2|6
|start
|switch|p1a: Gholdengo|Gholdengo|100/100
|switch|p2a: Grimmsnarl|Grimmsnarl, M|100/100
|turn|1
|
|t:|1779557328
|move|p2a: Grimmsnarl|Light Screen|p2a: Grimmsnarl
|-sidestart|p2: CommenceGaming|move: Light Screen
|move|p1a: Gholdengo|Trick|p2a: Grimmsnarl
|-activate|p1a: Gholdengo|move: Trick|[of] p2a: Grimmsnarl
|-item|p2a: Grimmsnarl|Choice Scarf|[from] move: Trick
|-item|p1a: Gholdengo|Light Clay|[from] move: Trick
|
|upkeep
|turn|2
|
|t:|1779557337
|switch|p2a: Blaziken|Blaziken, F|100/100
|move|p1a: Gholdengo|Make It Rain|p2a: Blaziken
|-resisted|p2a: Blaziken
|-damage|p2a: Blaziken|77/100
|-unboost|p1a: Gholdengo|spa|1
|
|upkeep
|turn|3
|
|t:|1779557358
|move|p1a: Gholdengo|Thunder Wave|p2a: Blaziken
|-status|p2a: Blaziken|par
|move|p2a: Blaziken|Swords Dance|p2a: Blaziken
|-boost|p2a: Blaziken|atk|2
|
|-ability|p2a: Blaziken|Speed Boost|boost
|-boost|p2a: Blaziken|spe|1
|upkeep
|turn|4
|inactive|shadowisp has 120 seconds left.
|
|t:|1779557378
|switch|p1a: Ting-Lu|Ting-Lu|100/100
|-ability|p1a: Ting-Lu|Vessel of Ruin
|move|p2a: Blaziken|Flare Blitz|p1a: Ting-Lu
|-damage|p1a: Ting-Lu|13/100
|-damage|p2a: Blaziken|28/100 par|[from] Recoil
|-damage|p2a: Blaziken|18/100 par|[from] item: Life Orb
|
|-heal|p1a: Ting-Lu|19/100|[from] item: Leftovers
|-ability|p2a: Blaziken|Speed Boost|boost
|-boost|p2a: Blaziken|spe|1
|upkeep
|turn|5
|inactive|shadowisp has 120 seconds left.
|
|t:|1779557393
|move|p2a: Blaziken|Close Combat|p1a: Ting-Lu
|-supereffective|p1a: Ting-Lu
|-damage|p1a: Ting-Lu|0 fnt
|-unboost|p2a: Blaziken|def|1
|-unboost|p2a: Blaziken|spd|1
|faint|p1a: Ting-Lu
|-damage|p2a: Blaziken|8/100 par|[from] item: Life Orb
|
|-ability|p2a: Blaziken|Speed Boost|boost
|-boost|p2a: Blaziken|spe|1
|upkeep
|
|t:|1779557404
|switch|p1a: Azumarill|Azumarill, F|100/100
|turn|6
|
|t:|1779557409
|move|p1a: Azumarill|Aqua Jet|p2a: Blaziken
|-supereffective|p2a: Blaziken
|-damage|p2a: Blaziken|0 fnt
|faint|p2a: Blaziken
|
|upkeep
|
|t:|1779557421
|switch|p2a: Grimmsnarl|Grimmsnarl, M|100/100
|turn|7
|
|t:|1779557435
|move|p2a: Grimmsnarl|Reflect|p2a: Grimmsnarl
|-sidestart|p2: CommenceGaming|Reflect
|move|p1a: Azumarill|Liquidation|p2a: Grimmsnarl
|-damage|p2a: Grimmsnarl|65/100
|
|upkeep
|turn|8
|
|t:|1779557446
|switch|p2a: Great Tusk|Great Tusk|100/100
|-enditem|p2a: Great Tusk|Booster Energy
|-activate|p2a: Great Tusk|ability: Protosynthesis|[fromitem]
|-start|p2a: Great Tusk|protosynthesisspe
|move|p1a: Azumarill|Play Rough|p2a: Great Tusk
|-supereffective|p2a: Great Tusk
|-damage|p2a: Great Tusk|66/100
|
|-sideend|p2: CommenceGaming|move: Light Screen
|upkeep
|turn|9
|
|t:|1779557459
|switch|p1a: Gholdengo|Gholdengo|100/100
|move|p2a: Great Tusk|Bulk Up|p2a: Great Tusk
|-boost|p2a: Great Tusk|atk|1
|-boost|p2a: Great Tusk|def|1
|
|upkeep
|turn|10
|
|t:|1779557471
|move|p2a: Great Tusk|Headlong Rush|p1a: Gholdengo
|-supereffective|p1a: Gholdengo
|-damage|p1a: Gholdengo|0 fnt
|-unboost|p2a: Great Tusk|def|1
|-unboost|p2a: Great Tusk|spd|1
|faint|p1a: Gholdengo
|
|upkeep
|
|t:|1779557484
|switch|p1a: Zapdos|Zapdos|100/100
|turn|11
|
|t:|1779557495
|move|p2a: Great Tusk|Ice Spinner|p1a: Zapdos
|-supereffective|p1a: Zapdos
|-damage|p1a: Zapdos|40/100
|move|p1a: Zapdos|Heat Wave|p2a: Great Tusk
|-damage|p2a: Great Tusk|15/100
|
|-sideend|p2: CommenceGaming|Reflect
|upkeep
|turn|12
|
|t:|1779557504
|switch|p1a: Azumarill|Azumarill, F|100/100
|move|p2a: Great Tusk|Ice Spinner|p1a: Azumarill
|-resisted|p1a: Azumarill
|-damage|p1a: Azumarill|84/100
|
|upkeep
|turn|13
|
|t:|1779557511
|move|p1a: Azumarill|Aqua Jet|p2a: Great Tusk
|-supereffective|p2a: Great Tusk
|-damage|p2a: Great Tusk|0 fnt
|faint|p2a: Great Tusk
|-end|p2a: Great Tusk|Protosynthesis|[silent]
|
|upkeep
|
|t:|1779557522
|switch|p2a: Darkrai|Darkrai|100/100
|turn|14
|
|t:|1779557541
|-terastallize|p2a: Darkrai|Poison
|-terastallize|p1a: Azumarill|Steel
|move|p2a: Darkrai|Sludge Bomb|p1a: Azumarill
|-immune|p1a: Azumarill
|move|p1a: Azumarill|Play Rough|p2a: Darkrai
|-resisted|p2a: Darkrai
|-damage|p2a: Darkrai|66/100
|
|-heal|p2a: Darkrai|72/100|[from] item: Leftovers
|upkeep
|turn|15
|inactive|shadowisp has 120 seconds left.
|
|t:|1779557572
|switch|p2a: Grimmsnarl|Grimmsnarl, M|65/100
|move|p1a: Azumarill|Liquidation|p2a: Grimmsnarl
|-damage|p2a: Grimmsnarl|3/100
|
|upkeep
|turn|16
|inactive|shadowisp has 120 seconds left.
|
|t:|1779557582
|move|p2a: Grimmsnarl|Parting Shot|p1a: Azumarill
|-unboost|p1a: Azumarill|atk|1
|-unboost|p1a: Azumarill|spa|1
|
|t:|1779557598
|switch|p2a: Hatterene|Hatterene, F|100/100|[from] Parting Shot
|move|p1a: Azumarill|Aqua Jet|p2a: Hatterene
|-damage|p2a: Hatterene|85/100
|-enditem|p2a: Hatterene|Eject Button
|
|t:|1779557604
|switch|p2a: Dragapult|Dragapult, M|100/100
|
|upkeep
|turn|17
|
|t:|1779557620
|move|p2a: Dragapult|Dragon Dance|p2a: Dragapult
|-boost|p2a: Dragapult|atk|1
|-boost|p2a: Dragapult|spe|1
|move|p1a: Azumarill|Play Rough|p2a: Dragapult
|-supereffective|p2a: Dragapult
|-damage|p2a: Dragapult|0 fnt
|faint|p2a: Dragapult
|
|upkeep
|-message|CommenceGaming forfeited.
|
|win|shadowisp
|raw|shadowisp's rating: 1281 &rarr; <strong>1309</strong><br />(+28 for winning)
|raw|CommenceGaming's rating: 1329 &rarr; <strong>1306</strong><br />(-23 for losing)
|l|☆CommenceGaming
|player|p2|
