|j|☆A random breaker
|j|☆louwilliamzz
|t:|1779718643
|gametype|singles
|player|p1|A random breaker|gentleman|1382
|player|p2|louwilliamzz|101|1359
|gen|9
|tier|[Gen 9] OU
|rated|
|rule|HP Percentage Mod: HP is shown in percentages
|rule|Endless Battle Clause: Forcing endless battles is banned
|rule|Species Clause: Limit one of each Pokémon
|rule|OHKO Clause: OHKO moves are banned
|rule|Evasion Items Clause: Evasion items are banned
|rule|Evasion Moves Clause: Evasion moves are banned
|rule|Evasion Abilities Clause: Evasion abilities are banned
|rule|Sleep Moves Clause: Sleep-inducing moves are banned
|clearpoke
|poke|p1|Dragapult, F|
|poke|p1|Tornadus-Therian, M|
|poke|p1|Kingambit, F|
|poke|p1|Gholdengo|
|poke|p1|Rillaboom, M|
|poke|p1|Great Tusk|
|poke|p2|Indeedee, M|
|poke|p2|Armarouge, M|
|poke|p2|Ting-Lu|
|poke|p2|Hawlucha, M|
|poke|p2|Polteageist-Antique|
|poke|p2|Hatterene, F|
|teampreview
|inactive|Battle timer is ON: inactive players will automatically lose when time's up. (requested by A random breaker)
|
|t:|1779718662
|teamsize|p1|6
|teamsize|p2|6
|start
|switch|p1a: Tornadus|Tornadus-Therian, M|100/100
|switch|p2a: Indeedee|Indeedee, M|100/100
|-fieldstart|move: Psychic Terrain|[from] ability: Psychic Surge|[of] p2a: Indeedee
|turn|1
|
|t:|1779718681
|switch|p2a: Hatterene|Hatterene, F|100/100
|move|p1a: Tornadus|Taunt|p2a: Hatterene
|move|p2a: Hatterene|Taunt|p1a: Tornadus|[from] ability: Magic Bounce
|-start|p1a: Tornadus|move: Taunt
|
|upkeep
|turn|2
|
|t:|1779718689
|move|p1a: Tornadus|Knock Off|p2a: Hatterene
|-damage|p2a: Hatterene|80/100
|-enditem|p2a: Hatterene|Leftovers|[from] move: Knock Off|[of] p1a: Tornadus
|move|p2a: Hatterene|Nuzzle|p1a: Tornadus
|-supereffective|p1a: Tornadus
|-damage|p1a: Tornadus|90/100
|-status|p1a: Tornadus|par
|
|upkeep
|turn|3
|
|t:|1779718699
|cant|p1a: Tornadus|par
|move|p2a: Hatterene|Draining Kiss|p1a: Tornadus
|-damage|p1a: Tornadus|68/100 par
|-heal|p2a: Hatterene|99/100|[from] drain|[of] p1a: Tornadus
|
|upkeep
|turn|4
|
|t:|1779718705
|move|p1a: Tornadus|U-turn|p2a: Hatterene
|-damage|p2a: Hatterene|86/100
|
|t:|1779718708
|switch|p1a: Gholdengo|Gholdengo|100/100|[from] U-turn
|move|p2a: Hatterene|Mystical Fire|p1a: Gholdengo
|-supereffective|p1a: Gholdengo
|-damage|p1a: Gholdengo|58/100
|
|upkeep
|turn|5
|
|t:|1779718721
|switch|p2a: Ting-Lu|Ting-Lu|100/100
|-ability|p2a: Ting-Lu|Vessel of Ruin
|move|p1a: Gholdengo|Make It Rain|p2a: Ting-Lu
|-damage|p2a: Ting-Lu|70/100
|-unboost|p1a: Gholdengo|spa|1
|
|-heal|p2a: Ting-Lu|76/100|[from] item: Leftovers
|upkeep
|turn|6
|
|t:|1779718739
|switch|p1a: Tornadus|Tornadus-Therian, M|100/100 par
|move|p2a: Ting-Lu|Stealth Rock|p1a: Tornadus
|-sidestart|p1: A random breaker|move: Stealth Rock
|
|-heal|p2a: Ting-Lu|83/100|[from] item: Leftovers
|upkeep
|turn|7
|
|t:|1779718755
|switch|p2a: Hatterene|Hatterene, F|86/100
|move|p1a: Tornadus|Knock Off|p2a: Hatterene
|-damage|p2a: Hatterene|74/100
|
|upkeep
|turn|8
|
|t:|1779718762
|move|p1a: Tornadus|Bleakwind Storm|p2a: Hatterene
|-damage|p2a: Hatterene|34/100
|move|p2a: Hatterene|Mystical Fire|p1a: Tornadus
|-damage|p1a: Tornadus|79/100 par
|-unboost|p1a: Tornadus|spa|1
|
|-fieldend|move: Psychic Terrain
|upkeep
|turn|9
|
|t:|1779718777
|cant|p1a: Tornadus|par
|move|p2a: Hatterene|Mystical Fire|p1a: Tornadus
|-damage|p1a: Tornadus|57/100 par
|-unboost|p1a: Tornadus|spa|1
|
|upkeep
|turn|10
|
|t:|1779718793
|move|p1a: Tornadus|U-turn|p2a: Hatterene
|-damage|p2a: Hatterene|21/100
|
|t:|1779718796
|switch|p1a: Dragapult|Dragapult, F|100/100|[from] U-turn
|-damage|p1a: Dragapult|88/100|[from] Stealth Rock
|move|p2a: Hatterene|Draining Kiss|p1a: Dragapult
|-supereffective|p1a: Dragapult
|-damage|p1a: Dragapult|23/100
|-heal|p2a: Hatterene|69/100|[from] drain|[of] p1a: Dragapult
|
|upkeep
|turn|11
|
|t:|1779718805
|switch|p2a: Ting-Lu|Ting-Lu|83/100
|-ability|p2a: Ting-Lu|Vessel of Ruin
|move|p1a: Dragapult|Shadow Ball|p2a: Ting-Lu
|-resisted|p2a: Ting-Lu
|-damage|p2a: Ting-Lu|72/100
|
|-heal|p2a: Ting-Lu|78/100|[from] item: Leftovers
|upkeep
|turn|12
|
|t:|1779718814
|switch|p1a: Great Tusk|Great Tusk, shiny|100/100
|-damage|p1a: Great Tusk|98/100|[from] Stealth Rock
|move|p2a: Ting-Lu|Earthquake|p1a: Great Tusk
|-damage|p1a: Great Tusk|74/100
|
|-heal|p1a: Great Tusk|80/100|[from] item: Leftovers
|-heal|p2a: Ting-Lu|84/100|[from] item: Leftovers
|upkeep
|turn|13
|
|t:|1779718823
|switch|p2a: Hatterene|Hatterene, F|69/100
|move|p1a: Great Tusk|Stealth Rock|p2a: Hatterene
|move|p2a: Hatterene|Stealth Rock||[from] ability: Magic Bounce|[still]
|-fail|p2a: Hatterene
|
|-heal|p1a: Great Tusk|86/100|[from] item: Leftovers
|upkeep
|turn|14
|
|t:|1779718830
|move|p1a: Great Tusk|Headlong Rush|p2a: Hatterene
|-crit|p2a: Hatterene
|-damage|p2a: Hatterene|0 fnt
|-unboost|p1a: Great Tusk|def|1
|-unboost|p1a: Great Tusk|spd|1
|faint|p2a: Hatterene
|
|-heal|p1a: Great Tusk|93/100|[from] item: Leftovers
|upkeep
|
|t:|1779718835
|switch|p2a: Indeedee|Indeedee, M|100/100
|-fieldstart|move: Psychic Terrain|[from] ability: Psychic Surge|[of] p2a: Indeedee
|turn|15
|
|t:|1779718839
|-end|p1a: Great Tusk|Protosynthesis|[silent]
|switch|p1a: Tornadus|Tornadus-Therian, M|91/100 par
|move|p2a: Indeedee|Dazzling Gleam|p1a: Tornadus
|-damage|p1a: Tornadus|66/100 par
|
|upkeep
|turn|16
|
|t:|1779718855
|switch|p2a: Armarouge|Armarouge, M|100/100
|cant|p1a: Tornadus|par
|
|upkeep
|turn|17
|
|t:|1779718878
|switch|p1a: Great Tusk|Great Tusk, shiny|93/100
|-damage|p1a: Great Tusk|90/100|[from] Stealth Rock
|move|p2a: Armarouge|Expanding Force|p1a: Great Tusk
|-supereffective|p1a: Great Tusk
|-damage|p1a: Great Tusk|0 fnt
|faint|p1a: Great Tusk
|-end|p1a: Great Tusk|Protosynthesis|[silent]
|
|upkeep
|
|t:|1779718890
|switch|p1a: Dragapult|Dragapult, F|23/100
|-damage|p1a: Dragapult|11/100|[from] Stealth Rock
|turn|18
|
|t:|1779718900
|switch|p1a: Rillaboom|Rillaboom, M, shiny|100/100
|-damage|p1a: Rillaboom|88/100|[from] Stealth Rock
|-fieldstart|move: Grassy Terrain|[from] ability: Grassy Surge|[of] p1a: Rillaboom
|switch|p2a: Ting-Lu|Ting-Lu|84/100
|-ability|p2a: Ting-Lu|Vessel of Ruin
|
|-heal|p1a: Rillaboom|94/100|[from] Grassy Terrain
|-heal|p2a: Ting-Lu|90/100|[from] Grassy Terrain
|-heal|p2a: Ting-Lu|96/100|[from] item: Leftovers
|upkeep
|turn|19
|
|t:|1779718913
|switch|p2a: Indeedee|Indeedee, M|100/100
|-fieldstart|move: Psychic Terrain|[from] ability: Psychic Surge|[of] p2a: Indeedee
|move|p1a: Rillaboom|Swords Dance|p1a: Rillaboom
|-boost|p1a: Rillaboom|atk|2
|
|upkeep
|turn|20
|inactive|louwilliamzz has 120 seconds left.
|
|t:|1779718954
|switch|p2a: Ting-Lu|Ting-Lu|96/100
|-ability|p2a: Ting-Lu|Vessel of Ruin
|move|p1a: Rillaboom|Knock Off|p2a: Ting-Lu
|-resisted|p2a: Ting-Lu
|-damage|p2a: Ting-Lu|78/100
|-enditem|p2a: Ting-Lu|Leftovers|[from] move: Knock Off|[of] p1a: Rillaboom
|
|upkeep
|turn|21
|
|t:|1779718966
|move|p1a: Rillaboom|Grassy Glide|p2a: Ting-Lu
|-supereffective|p2a: Ting-Lu
|-damage|p2a: Ting-Lu|21/100
|move|p2a: Ting-Lu|Whirlwind|p1a: Rillaboom
|drag|p1a: Gholdengo|Gholdengo|58/100
|-damage|p1a: Gholdengo|52/100|[from] Stealth Rock
|
|upkeep
|turn|22
|
|t:|1779718978
|switch|p1a: Tornadus|Tornadus-Therian, M|99/100 par
|move|p2a: Ting-Lu|Ruination|p1a: Tornadus
|-damage|p1a: Tornadus|50/100 par
|
|upkeep
|turn|23
|
|t:|1779718987
|switch|p2a: Armarouge|Armarouge, M|100/100
|move|p1a: Tornadus|Bleakwind Storm|p2a: Armarouge
|-damage|p2a: Armarouge|48/100
|
|upkeep
|turn|24
|inactive|louwilliamzz has 120 seconds left.
|
|t:|1779718997
|move|p2a: Armarouge|Expanding Force|p1a: Tornadus
|-damage|p1a: Tornadus|0 fnt
|faint|p1a: Tornadus
|
|upkeep
|
|t:|1779719010
|switch|p1a: Rillaboom|Rillaboom, M, shiny|94/100
|-damage|p1a: Rillaboom|82/100|[from] Stealth Rock
|-fieldstart|move: Grassy Terrain|[from] ability: Grassy Surge|[of] p1a: Rillaboom
|turn|25
|
|t:|1779719018
|switch|p2a: Ting-Lu|Ting-Lu|21/100
|-ability|p2a: Ting-Lu|Vessel of Ruin
|move|p1a: Rillaboom|Knock Off|p2a: Ting-Lu
|-resisted|p2a: Ting-Lu
|-damage|p2a: Ting-Lu|14/100
|
|-heal|p1a: Rillaboom|88/100|[from] Grassy Terrain
|-heal|p2a: Ting-Lu|21/100|[from] Grassy Terrain
|upkeep
|turn|26
|
|t:|1779719030
|move|p1a: Rillaboom|Knock Off|p2a: Ting-Lu
|-resisted|p2a: Ting-Lu
|-damage|p2a: Ting-Lu|15/100
|move|p2a: Ting-Lu|Ruination|p1a: Rillaboom
|-damage|p1a: Rillaboom|44/100
|
|-heal|p1a: Rillaboom|51/100|[from] Grassy Terrain
|-heal|p2a: Ting-Lu|21/100|[from] Grassy Terrain
|upkeep
|turn|27
|
|t:|1779719037
|move|p1a: Rillaboom|Grassy Glide|p2a: Ting-Lu
|-supereffective|p2a: Ting-Lu
|-damage|p2a: Ting-Lu|0 fnt
|faint|p2a: Ting-Lu
|
|-heal|p1a: Rillaboom|57/100|[from] Grassy Terrain
|upkeep
|
|t:|1779719040
|switch|p2a: Indeedee|Indeedee, M|100/100
|-fieldstart|move: Psychic Terrain|[from] ability: Psychic Surge|[of] p2a: Indeedee
|turn|28
|
|t:|1779719064
|switch|p1a: Kingambit|Kingambit, F|100/100
|-damage|p1a: Kingambit|94/100|[from] Stealth Rock
|-activate|p1a: Kingambit|ability: Supreme Overlord
|-start|p1a: Kingambit|fallen2|[silent]
|move|p2a: Indeedee|Dazzling Gleam|p1a: Kingambit
|-damage|p1a: Kingambit|70/100
|
|upkeep
|turn|29
|inactive|louwilliamzz has 120 seconds left.
|
|t:|1779719086
|-end|p1a: Kingambit|fallen2|[silent]
|switch|p1a: Gholdengo|Gholdengo|52/100
|-damage|p1a: Gholdengo|46/100|[from] Stealth Rock
|-terastallize|p2a: Indeedee|Fairy
|move|p2a: Indeedee|Dazzling Gleam|p1a: Gholdengo
|-resisted|p1a: Gholdengo
|-damage|p1a: Gholdengo|28/100
|
|upkeep
|turn|30
|inactive|louwilliamzz has 120 seconds left.
|
|t:|1779719110
|switch|p2a: Armarouge|Armarouge, M|48/100
|move|p1a: Gholdengo|Recover|p1a: Gholdengo
|-heal|p1a: Gholdengo|78/100
|
|upkeep
|turn|31
|
|t:|1779719121
|switch|p1a: Dragapult|Dragapult, F|11/100
|-damage|p1a: Dragapult|0 fnt|[from] Stealth Rock
|faint|p1a: Dragapult
|move|p2a: Armarouge|Armor Cannon|p1: Dragapult|[notarget]
|-fail|p2a: Armarouge
|
|upkeep
|
|t:|1779719124
|switch|p1a: Rillaboom|Rillaboom, M, shiny|57/100
|-damage|p1a: Rillaboom|44/100|[from] Stealth Rock
|-fieldstart|move: Grassy Terrain|[from] ability: Grassy Surge|[of] p1a: Rillaboom
|turn|32
|inactive|louwilliamzz has 120 seconds left.
|
|t:|1779719137
|move|p1a: Rillaboom|Swords Dance|p1a: Rillaboom
|-boost|p1a: Rillaboom|atk|2
|move|p2a: Armarouge|Armor Cannon|p1a: Rillaboom
|-supereffective|p1a: Rillaboom
|-damage|p1a: Rillaboom|0 fnt
|-unboost|p2a: Armarouge|def|1
|-unboost|p2a: Armarouge|spd|1
|faint|p1a: Rillaboom
|
|-heal|p2a: Armarouge|54/100|[from] Grassy Terrain
|upkeep
|
|t:|1779719148
|switch|p1a: Kingambit|Kingambit, F|70/100
|-damage|p1a: Kingambit|64/100|[from] Stealth Rock
|-activate|p1a: Kingambit|ability: Supreme Overlord
|-start|p1a: Kingambit|fallen4|[silent]
|turn|33
|
|t:|1779719154
|switch|p2a: Indeedee|Indeedee, M, tera:Fairy|100/100
|-fieldstart|move: Psychic Terrain|[from] ability: Psychic Surge|[of] p2a: Indeedee
|move|p1a: Kingambit|Iron Head|p2a: Indeedee
|-supereffective|p2a: Indeedee
|-damage|p2a: Indeedee|0 fnt
|faint|p2a: Indeedee
|
|upkeep
|
|t:|1779719168
|switch|p2a: Armarouge|Armarouge, M|54/100
|turn|34
|
|t:|1779719184
|move|p2a: Armarouge|Armor Cannon|p1a: Kingambit
|-supereffective|p1a: Kingambit
|-damage|p1a: Kingambit|0 fnt
|-unboost|p2a: Armarouge|def|1
|-unboost|p2a: Armarouge|spd|1
|faint|p1a: Kingambit
|-end|p1a: Kingambit|fallen4|[silent]
|
|upkeep
|
|t:|1779719186
|switch|p1a: Gholdengo|Gholdengo|78/100
|-damage|p1a: Gholdengo|72/100|[from] Stealth Rock
|turn|35
|
|t:|1779719193
|move|p2a: Armarouge|Armor Cannon|p1a: Gholdengo
|-supereffective|p1a: Gholdengo
|-damage|p1a: Gholdengo|0 fnt
|-unboost|p2a: Armarouge|def|1
|-unboost|p2a: Armarouge|spd|1
|faint|p1a: Gholdengo
|
|win|louwilliamzz
|raw|A random breaker's rating: 1382 &rarr; <strong>1361</strong><br />(-21 for losing)
|raw|louwilliamzz's rating: 1359 &rarr; <strong>1380</strong><br />(+21 for winning)
|l|☆A random breaker
|player|p1|
|l|☆louwilliamzz
|player|p2|
