|j|☆encore21768768
|j|☆Abyssal Bot
|t:|1779631540
|gametype|singles
|player|p1|encore21768768|266|
|player|p2|Abyssal Bot|supernerd|
|teamsize|p1|6
|teamsize|p2|6
|gen|9
|tier|[Gen 9] OU
|rule|Species Clause: Limit one of each Pokémon
|rule|OHKO Clause: OHKO moves are banned
|rule|Evasion Items Clause: Evasion items are banned
|rule|Evasion Moves Clause: Evasion moves are banned
|rule|Endless Battle Clause: Forcing endless battles is banned
|rule|HP Percentage Mod: HP is shown in percentages
|rule|Sleep Moves Clause: Sleep-inducing moves are banned
|clearpoke
|poke|p1|Thundurus-Therian, M|
|poke|p1|Mandibuzz, F|
|poke|p1|Tornadus-Therian, M|
|poke|p1|Pelipper, M|
|poke|p1|Gyarados, M|
|poke|p1|Gliscor, M|
|poke|p2|Gliscor, F|
|poke|p2|Alomomola, M|
|poke|p2|Gholdengo|
|poke|p2|Hoopa-Unbound|
|poke|p2|Cinderace, M|
|poke|p2|Zamazenta-*|
|teampreview
|c|☆Abyssal Bot|**WARNING**: Expect much hax.
|inactive|Battle timer is ON: inactive players will automatically lose when time's up. (requested by Abyssal Bot)
|j|*Turbo Bottttt
|
|t:|1779631545
|start
|switch|p1a: Gliscor|Gliscor, M|100/100
|switch|p2a: Cinderace|Cinderace, M|100/100
|turn|1
|
|t:|1779631547
|move|p2a: Cinderace|Will-O-Wisp|p1a: Gliscor
|-status|p1a: Gliscor|brn
|move|p1a: Gliscor|Toxic|p2a: Cinderace
|-status|p2a: Cinderace|tox
|
|-damage|p2a: Cinderace|95/100 tox|[from] psn|[of] p1a: Gliscor
|-damage|p1a: Gliscor|94/100 brn|[from] brn|[of] p2a: Cinderace
|upkeep
|turn|2
|
|t:|1779631550
|move|p2a: Cinderace|Pyro Ball|p1a: Gliscor
|-damage|p1a: Gliscor|49/100 brn
|move|p1a: Gliscor|Stealth Rock|p2a: Cinderace
|-sidestart|p2: Abyssal Bot|move: Stealth Rock
|
|-damage|p2a: Cinderace|83/100 tox|[from] psn|[of] p1a: Gliscor
|-damage|p1a: Gliscor|43/100 brn|[from] brn|[of] p2a: Cinderace
|upkeep
|turn|3
|
|t:|1779631552
|move|p2a: Cinderace|Pyro Ball|p1a: Gliscor
|-damage|p1a: Gliscor|0 brn
|faint|p1a: Gliscor
|
|-damage|p2a: Cinderace|65/100 tox|[from] psn|[of] p1: Gliscor
|upkeep
|
|t:|1779631554
|switch|p1a: Gyarados|Gyarados, M|100/100
|turn|4
|
|t:|1779631557
|switch|p2a: Gholdengo|Gholdengo|100/100
|-damage|p2a: Gholdengo|94/100|[from] Stealth Rock|[of] p1: Gliscor
|move|p1a: Gyarados|Waterfall|p2a: Gholdengo
|-damage|p2a: Gholdengo|46/100
|
|upkeep
|turn|5
|
|t:|1779631559
|move|p2a: Gholdengo|Shadow Ball|p1a: Gyarados
|-damage|p1a: Gyarados|77/100
|move|p1a: Gyarados|Earthquake|p2a: Gholdengo
|-supereffective|p2a: Gholdengo
|-damage|p2a: Gholdengo|0
|faint|p2a: Gholdengo
|-ability|p1a: Gyarados|Moxie|boost
|-boost|p1a: Gyarados|atk|1
|
|upkeep
|
|t:|1779631559
|switch|p2a: Alomomola|Alomomola, M|100/100
|-damage|p2a: Alomomola|88/100|[from] Stealth Rock|[of] p1: Gliscor
|turn|6
|
|t:|1779631564
|move|p1a: Gyarados|Outrage|p2a: Alomomola
|-damage|p2a: Alomomola|55/100
|-enditem|p2a: Alomomola|Red Card|[of] p1a: Gyarados
|drag|p1a: Tornadus|Tornadus-Therian, M|100/100
|move|p2a: Alomomola|Wish|p2a: Alomomola
|
|upkeep
|turn|7
|
|t:|1779631567
|switch|p2a: Cinderace|Cinderace, M|65/100 tox
|move|p1a: Tornadus|Nasty Plot|p1a: Tornadus
|-boost|p1a: Tornadus|spa|2
|
|-heal|p2a: Cinderace|100/100 tox|[from] move: Wish|[wisher] Alomomola
|-damage|p2a: Cinderace|95/100 tox|[from] psn|[of] p1: Gliscor
|upkeep
|turn|8
|
|t:|1779631569
|move|p1a: Tornadus|Bleakwind Storm|p2a: Cinderace
|-damage|p2a: Cinderace|0 tox
|faint|p2a: Cinderace
|
|upkeep
|
|t:|1779631570
|switch|p2a: Hoopa|Hoopa-Unbound|100/100
|-damage|p2a: Hoopa|88/100|[from] Stealth Rock|[of] p1: Gliscor
|turn|9
|
|t:|1779631573
|move|p1a: Tornadus|Knock Off|p2a: Hoopa
|-damage|p2a: Hoopa|69/100
|-enditem|p2a: Hoopa|Assault Vest|[from] move: Knock Off|[of] p1a: Tornadus
|move|p2a: Hoopa|Gunk Shot|p1a: Tornadus|[miss]
|-miss|p2a: Hoopa|p1a: Tornadus
|
|upkeep
|turn|10
|c|☆Abyssal Bot|;-;
|
|t:|1779631576
|move|p1a: Tornadus|Bleakwind Storm|p2a: Hoopa
|-crit|p2a: Hoopa
|-damage|p2a: Hoopa|0
|faint|p2a: Hoopa
|
|upkeep
|c|☆Abyssal Bot|Oh crap, that crit...
|
|t:|1779631576
|switch|p2a: Alomomola|Alomomola, M|89/100
|-damage|p2a: Alomomola|76/100|[from] Stealth Rock|[of] p1: Gliscor
|turn|11
|
|t:|1779631580
|move|p2a: Alomomola|Protect|p2a: Alomomola
|-singleturn|p2a: Alomomola|Protect
|move|p1a: Tornadus|Bleakwind Storm|p2a: Alomomola
|-activate|p2a: Alomomola|move: Protect
|
|upkeep
|turn|12
|
|t:|1779631581
|move|p1a: Tornadus|Bleakwind Storm|p2a: Alomomola
|-damage|p2a: Alomomola|0
|faint|p2a: Alomomola
|
|upkeep
|
|t:|1779631581
|switch|p2a: Gliscor|Gliscor, F|100/100
|-damage|p2a: Gliscor|88/100|[from] Stealth Rock|[of] p1: Gliscor
|turn|13
|
|t:|1779631587
|move|p1a: Tornadus|Knock Off|p2a: Gliscor
|-damage|p2a: Gliscor|73/100
|-enditem|p2a: Gliscor|Toxic Orb|[from] move: Knock Off|[of] p1a: Tornadus
|move|p2a: Gliscor|Swords Dance|p2a: Gliscor
|-boost|p2a: Gliscor|atk|2
|
|upkeep
|turn|14
|
|t:|1779631589
|move|p2a: Gliscor|Protect|p2a: Gliscor
|-singleturn|p2a: Gliscor|Protect
|move|p1a: Tornadus|Bleakwind Storm|p2a: Gliscor
|-activate|p2a: Gliscor|move: Protect
|
|upkeep
|turn|15
|
|t:|1779631591
|move|p1a: Tornadus|Bleakwind Storm|p2a: Gliscor
|-damage|p2a: Gliscor|8/100
|move|p2a: Gliscor|Facade|p1a: Tornadus
|-damage|p1a: Tornadus|65/100
|
|upkeep
|turn|16
|
|t:|1779631594
|move|p1a: Tornadus|Knock Off|p2a: Gliscor
|-damage|p2a: Gliscor|0
|faint|p2a: Gliscor
|
|upkeep
|
|t:|1779631594
|switch|p2a: Zamazenta|Zamazenta|100/100
|-damage|p2a: Zamazenta|95/100|[from] Stealth Rock|[of] p1: Gliscor
|-ability|p2a: Zamazenta|Dauntless Shield|boost
|-boost|p2a: Zamazenta|def|1
|turn|17
|
|t:|1779631596
|move|p2a: Zamazenta|Body Press|p1a: Tornadus
|-resisted|p1a: Tornadus
|-damage|p1a: Tornadus|32/100
|move|p1a: Tornadus|Bleakwind Storm|p2a: Zamazenta
|-supereffective|p2a: Zamazenta
|-damage|p2a: Zamazenta|0
|faint|p2a: Zamazenta
|
|win|encore21768768
|c|☆Abyssal Bot|This loss doesn't matter, because I'm just a bot.
|l|☆Abyssal Bot
|player|p2|
|l|*Turbo Bottttt
