|j|☆R0cK Bottom
|j|☆samo9762
|t:|1779683663
|gametype|singles
|player|p1|R0cK Bottom|cliff|1390
|player|p2|samo9762|steven-masters3|1351
|gen|9
|tier|[Gen 9] OU
|rated|
|rule|HP Percentage Mod: HP is shown in percentages
|rule|Endless Battle Clause: Forcing endless battles is banned
|rule|Species Clause: Limit one of each Pokémon
|rule|OHKO Clause: OHKO moves are banned
|rule|Evasion Items Clause: Evasion items are banned
|rule|Evasion Moves Clause: Evasion moves are banned
|rule|Evasion Abilities Clause: Evasion abilities are banned
|rule|Sleep Moves Clause: Sleep-inducing moves are banned
|clearpoke
|poke|p1|Iron Valiant|
|poke|p1|Floatzel, M|
|poke|p1|Kingambit, M|
|poke|p1|Iron Treads|
|poke|p1|Pelipper, M|
|poke|p1|Raging Bolt|
|poke|p2|Garganacl, M|
|poke|p2|Hippowdon, M|
|poke|p2|Hydrapple, M|
|poke|p2|Slowking-Galar, M|
|poke|p2|Samurott-Hisui, M|
|poke|p2|Excadrill, M|
|teampreview
|
|t:|1779683671
|teamsize|p1|6
|teamsize|p2|6
|start
|switch|p1a: Raging Bolt|Raging Bolt|100/100
|switch|p2a: Frank|Samurott-Hisui, M|100/100
|turn|1
|
|t:|1779683686
|move|p2a: Frank|Knock Off|p1a: Raging Bolt
|-damage|p1a: Raging Bolt|49/100
|-enditem|p1a: Raging Bolt|Assault Vest|[from] move: Knock Off|[of] p2a: Frank
|move|p1a: Raging Bolt|Thunder|p2a: Frank
|-supereffective|p2a: Frank
|-damage|p2a: Frank|0 fnt
|faint|p2a: Frank
|
|upkeep
|
|t:|1779683696
|switch|p2a: Tog|Excadrill, M, shiny|100/100
|-item|p2a: Tog|Air Balloon
|turn|2
|inactive|Battle timer is ON: inactive players will automatically lose when time's up. (requested by R0cK Bottom)
|
|t:|1779683701
|-end|p1a: Raging Bolt|Protosynthesis|[silent]
|switch|p1a: Pelipper|Pelipper, M, shiny|100/100
|-weather|RainDance|[from] ability: Drizzle|[of] p1a: Pelipper
|move|p2a: Tog|Earthquake|p1a: Pelipper
|-immune|p1a: Pelipper
|
|-weather|RainDance|[upkeep]
|upkeep
|turn|3
|inactive|samo9762 has 120 seconds left.
|
|t:|1779683734
|switch|p2a: Mick|Slowking-Galar, M|100/100
|move|p1a: Pelipper|U-turn|p2a: Mick
|-damage|p2a: Mick|93/100
|
|t:|1779683745
|switch|p1a: Kingambit|Kingambit, M, shiny|100/100|[from] U-turn
|-item|p1a: Kingambit|Air Balloon
|
|-weather|RainDance|[upkeep]
|upkeep
|turn|4
|
|t:|1779683759
|switch|p2a: Fred|Hippowdon, M|100/100
|-weather|Sandstorm|[from] ability: Sand Stream|[of] p2a: Fred
|move|p1a: Kingambit|Swords Dance|p1a: Kingambit
|-boost|p1a: Kingambit|atk|2
|
|-weather|Sandstorm|[upkeep]
|upkeep
|turn|5
|
|t:|1779683770
|move|p1a: Kingambit|Kowtow Cleave|p2a: Fred
|-damage|p2a: Fred|48/100
|-damage|p1a: Kingambit|84/100|[from] item: Rocky Helmet|[of] p2a: Fred
|move|p2a: Fred|Body Press|p1a: Kingambit
|-supereffective|p1a: Kingambit
|-damage|p1a: Kingambit|0 fnt
|-enditem|p1a: Kingambit|Air Balloon
|faint|p1a: Kingambit
|-end|p1a: Kingambit|fallenundefined|[silent]
|
|-weather|Sandstorm|[upkeep]
|upkeep
|
|t:|1779683787
|switch|p1a: Pelipper|Pelipper, M, shiny|100/100
|-weather|RainDance|[from] ability: Drizzle|[of] p1a: Pelipper
|turn|6
|
|t:|1779683794
|switch|p2a: Robert|Hydrapple, M|100/100
|move|p1a: Pelipper|Hurricane|p2a: Robert
|-supereffective|p2a: Robert
|-damage|p2a: Robert|20/100
|
|-weather|RainDance|[upkeep]
|upkeep
|turn|7
|j| testingrainteam1
|
|t:|1779683814
|switch|p2a: Greg|Garganacl, M|100/100
|move|p1a: Pelipper|Hurricane|p2a: Greg
|-resisted|p2a: Greg
|-damage|p2a: Greg|85/100
|
|-weather|RainDance|[upkeep]
|-heal|p2a: Greg|91/100|[from] item: Leftovers
|upkeep
|turn|8
|
|t:|1779683825
|switch|p1a: Iron Treads|Iron Treads, shiny|100/100
|-enditem|p1a: Iron Treads|Booster Energy
|-activate|p1a: Iron Treads|ability: Quark Drive|[fromitem]
|-start|p1a: Iron Treads|quarkdrivespe
|-terastallize|p2a: Greg|Fairy
|move|p2a: Greg|Salt Cure|p1a: Iron Treads
|-resisted|p1a: Iron Treads
|-damage|p1a: Iron Treads|97/100
|-start|p1a: Iron Treads|Salt Cure
|
|-weather|RainDance|[upkeep]
|-heal|p2a: Greg|97/100|[from] item: Leftovers
|-damage|p1a: Iron Treads|72/100|[from] Salt Cure
|upkeep
|turn|9
|l| testingrainteam1
|
|t:|1779683842
|move|p2a: Greg|Protect|p2a: Greg
|-singleturn|p2a: Greg|Protect
|move|p1a: Iron Treads|Stealth Rock|p2a: Greg
|-sidestart|p2: samo9762|move: Stealth Rock
|
|-weather|RainDance|[upkeep]
|-heal|p2a: Greg|100/100|[from] item: Leftovers
|-damage|p1a: Iron Treads|47/100|[from] Salt Cure
|upkeep
|turn|10
|
|t:|1779683852
|move|p1a: Iron Treads|Steel Beam|p2a: Greg
|-supereffective|p2a: Greg
|-damage|p2a: Greg|29/100
|-damage|p1a: Iron Treads|0 fnt|[from] steelbeam
|faint|p1a: Iron Treads
|-end|p1a: Iron Treads|Quark Drive|[silent]
|move|p2a: Greg|Recover|p2a: Greg
|-heal|p2a: Greg|79/100
|
|-weather|RainDance|[upkeep]
|-heal|p2a: Greg|85/100|[from] item: Leftovers
|upkeep
|
|t:|1779683864
|switch|p1a: Iron Valiant|Iron Valiant, shiny|100/100
|-enditem|p1a: Iron Valiant|Booster Energy
|-activate|p1a: Iron Valiant|ability: Quark Drive|[fromitem]
|-start|p1a: Iron Valiant|quarkdrivespe
|turn|11
|
|t:|1779683874
|move|p1a: Iron Valiant|Encore|p2a: Greg
|-start|p2a: Greg|Encore
|move|p2a: Greg|Recover|p2a: Greg
|-heal|p2a: Greg|100/100
|
|-weather|RainDance|[upkeep]
|upkeep
|turn|12
|
|t:|1779683881
|switch|p2a: Fred|Hippowdon, M|48/100
|-damage|p2a: Fred|42/100|[from] Stealth Rock
|-weather|Sandstorm|[from] ability: Sand Stream|[of] p2a: Fred
|move|p1a: Iron Valiant|Knock Off|p2a: Fred
|-damage|p2a: Fred|27/100
|-damage|p1a: Iron Valiant|84/100|[from] item: Rocky Helmet|[of] p2a: Fred
|-enditem|p2a: Fred|Rocky Helmet|[from] move: Knock Off|[of] p1a: Iron Valiant
|
|-weather|Sandstorm|[upkeep]
|-damage|p1a: Iron Valiant|78/100|[from] Sandstorm
|upkeep
|turn|13
|
|t:|1779683894
|move|p1a: Iron Valiant|Moonblast|p2a: Fred
|-damage|p2a: Fred|0 fnt
|faint|p2a: Fred
|
|-weather|Sandstorm|[upkeep]
|-damage|p1a: Iron Valiant|71/100|[from] Sandstorm
|upkeep
|
|t:|1779683901
|switch|p2a: Greg|Garganacl, M, tera:Fairy|100/100
|-damage|p2a: Greg|88/100|[from] Stealth Rock
|turn|14
|
|t:|1779683908
|move|p1a: Iron Valiant|Knock Off|p2a: Greg
|-resisted|p2a: Greg
|-damage|p2a: Greg|80/100
|-enditem|p2a: Greg|Leftovers|[from] move: Knock Off|[of] p1a: Iron Valiant
|move|p2a: Greg|Salt Cure|p1a: Iron Valiant
|-resisted|p1a: Iron Valiant
|-damage|p1a: Iron Valiant|62/100
|-start|p1a: Iron Valiant|Salt Cure
|
|-weather|Sandstorm|[upkeep]
|-damage|p1a: Iron Valiant|56/100|[from] Sandstorm
|-damage|p2a: Greg|74/100|[from] Sandstorm
|-damage|p1a: Iron Valiant|44/100|[from] Salt Cure
|upkeep
|turn|15
|
|t:|1779683924
|-end|p1a: Iron Valiant|Quark Drive|[silent]
|switch|p1a: Pelipper|Pelipper, M, shiny|100/100
|-weather|RainDance|[from] ability: Drizzle|[of] p1a: Pelipper
|move|p2a: Greg|Salt Cure|p1a: Pelipper
|-supereffective|p1a: Pelipper
|-damage|p1a: Pelipper|74/100
|-start|p1a: Pelipper|Salt Cure
|
|-weather|RainDance|[upkeep]
|-damage|p1a: Pelipper|49/100|[from] Salt Cure
|upkeep
|turn|16
|
|t:|1779683935
|switch|p1a: Raging Bolt|Raging Bolt|49/100
|move|p2a: Greg|Protect||[still]
|-fail|p2a: Greg
|
|-weather|RainDance|[upkeep]
|upkeep
|turn|17
|
|t:|1779683943
|move|p1a: Raging Bolt|Thunder|p2a: Greg
|-damage|p2a: Greg|30/100
|move|p2a: Greg|Salt Cure|p1a: Raging Bolt
|-damage|p1a: Raging Bolt|38/100
|-start|p1a: Raging Bolt|Salt Cure
|
|-weather|RainDance|[upkeep]
|-damage|p1a: Raging Bolt|25/100|[from] Salt Cure
|upkeep
|turn|18
|
|t:|1779683955
|-end|p1a: Raging Bolt|Protosynthesis|[silent]
|switch|p1a: F-U|Floatzel, M, shiny|100/100
|move|p2a: Greg|Recover|p2a: Greg
|-heal|p2a: Greg|80/100
|
|-weather|RainDance|[upkeep]
|upkeep
|turn|19
|
|t:|1779683964
|-terastallize|p1a: F-U|Water
|move|p1a: F-U|Wave Crash|p2a: Greg
|-damage|p2a: Greg|0 fnt
|faint|p2a: Greg
|-damage|p1a: F-U|67/100|[from] Recoil
|
|-weather|RainDance|[upkeep]
|upkeep
|
|t:|1779683972
|switch|p2a: Robert|Hydrapple, M|54/100
|turn|20
|
|t:|1779683976
|switch|p1a: Raging Bolt|Raging Bolt|25/100
|switch|p2a: Mick|Slowking-Galar, M|100/100
|-damage|p2a: Mick|88/100|[from] Stealth Rock
|
|-weather|RainDance|[upkeep]
|upkeep
|turn|21
|
|t:|1779683985
|move|p1a: Raging Bolt|Thunder|p2a: Mick
|-damage|p2a: Mick|54/100
|move|p2a: Mick|Psychic Noise|p1a: Raging Bolt
|-damage|p1a: Raging Bolt|0 fnt
|faint|p1a: Raging Bolt
|-end|p1a: Raging Bolt|Protosynthesis|[silent]
|
|-weather|RainDance|[upkeep]
|upkeep
|
|t:|1779683998
|switch|p1a: F-U|Floatzel, M, shiny, tera:Water|67/100
|turn|22
|
|t:|1779684005
|move|p1a: F-U|Flip Turn|p2a: Mick
|-damage|p2a: Mick|0 fnt
|faint|p2a: Mick
|
|t:|1779684012
|switch|p1a: Iron Valiant|Iron Valiant, shiny|44/100|[from] Flip Turn
|
|-weather|none
|upkeep
|
|t:|1779684017
|switch|p2a: Tog|Excadrill, M, shiny|100/100
|-damage|p2a: Tog|97/100|[from] Stealth Rock
|-item|p2a: Tog|Air Balloon
|turn|23
|
|t:|1779684023
|move|p1a: Iron Valiant|Close Combat|p2a: Tog
|-supereffective|p2a: Tog
|-damage|p2a: Tog|0 fnt
|-unboost|p1a: Iron Valiant|def|1
|-unboost|p1a: Iron Valiant|spd|1
|-enditem|p2a: Tog|Air Balloon
|faint|p2a: Tog
|
|upkeep
|
|t:|1779684026
|switch|p2a: Robert|Hydrapple, M|87/100
|turn|24
|
|t:|1779684034
|move|p1a: Iron Valiant|Moonblast|p2a: Robert
|-supereffective|p2a: Robert
|-damage|p2a: Robert|0 fnt
|faint|p2a: Robert
|
|win|R0cK Bottom
|raw|R0cK Bottom's rating: 1390 &rarr; <strong>1408</strong><br />(+18 for winning)
|raw|samo9762's rating: 1351 &rarr; <strong>1333</strong><br />(-18 for losing)
|l|☆samo9762
|player|p2|
|l|☆R0cK Bottom
|player|p1|
|j|☆R0cK Bottom
|player|p1|R0cK Bottom|cliff|
