|j|☆Hana_oho
|j|☆yxxxy yfxy y
|t:|1779567466
|gametype|singles
|player|p1|Hana_oho|1|1000
|player|p2|yxxxy yfxy y|veteran|1022
|gen|9
|tier|[Gen 9] OU
|rated|
|rule|HP Percentage Mod: HP is shown in percentages
|rule|Endless Battle Clause: Forcing endless battles is banned
|rule|Species Clause: Limit one of each Pokémon
|rule|OHKO Clause: OHKO moves are banned
|rule|Evasion Items Clause: Evasion items are banned
|rule|Evasion Moves Clause: Evasion moves are banned
|rule|Evasion Abilities Clause: Evasion abilities are banned
|rule|Sleep Moves Clause: Sleep-inducing moves are banned
|clearpoke
|poke|p1|Cinderace, M|
|poke|p1|Gliscor, F|
|poke|p1|Dragapult, M|
|poke|p1|Hatterene, F|
|poke|p1|Samurott-Hisui, M|
|poke|p1|Corviknight, M|
|poke|p2|Charizard, M|
|poke|p2|Iron Valiant|
|poke|p2|Corviknight, M|
|poke|p2|Garchomp, M|
|poke|p2|Greninja-*, M|
|poke|p2|Toxtricity, M|
|teampreview
|
|t:|1779567487
|teamsize|p1|6
|teamsize|p2|6
|start
|switch|p1a: Gliscor|Gliscor, F, shiny|100/100
|switch|p2a: Greninja|Greninja, M|100/100
|turn|1
|
|t:|1779567495
|move|p2a: Greninja|Ice Beam|p1a: Gliscor
|-supereffective|p1a: Gliscor
|-damage|p1a: Gliscor|0 fnt
|faint|p1a: Gliscor
|-ability|p2a: Greninja|Battle Bond|boost
|-boost|p2a: Greninja|atk|1
|-boost|p2a: Greninja|spa|1
|-boost|p2a: Greninja|spe|1
|-activate|p2a: Greninja|ability: Battle Bond
|-damage|p2a: Greninja|91/100|[from] item: Life Orb
|
|upkeep
|
|t:|1779567511
|switch|p1a: Corviknight|Corviknight, M, shiny|100/100
|-ability|p1a: Corviknight|Pressure
|turn|2
|
|t:|1779567518
|move|p2a: Greninja|Water Shuriken|p1a: Corviknight
|-damage|p1a: Corviknight|87/100
|-damage|p1a: Corviknight|73/100
|-hitcount|p1a: Corviknight|2
|-damage|p2a: Greninja|81/100|[from] item: Life Orb
|move|p1a: Corviknight|Bulk Up|p1a: Corviknight
|-boost|p1a: Corviknight|atk|1
|-boost|p1a: Corviknight|def|1
|
|upkeep
|turn|3
|
|t:|1779567527
|move|p2a: Greninja|Water Shuriken|p1a: Corviknight
|-damage|p1a: Corviknight|61/100
|-damage|p1a: Corviknight|48/100
|-damage|p1a: Corviknight|35/100
|-hitcount|p1a: Corviknight|3
|-damage|p2a: Greninja|71/100|[from] item: Life Orb
|move|p1a: Corviknight|Body Press|p2a: Greninja
|-supereffective|p2a: Greninja
|-damage|p2a: Greninja|0 fnt
|faint|p2a: Greninja
|
|upkeep
|
|t:|1779567529
|switch|p2a: Charizard|Charizard, M, shiny|100/100
|turn|4
|
|t:|1779567541
|switch|p1a: Samurott|Samurott-Hisui, M|100/100
|move|p2a: Charizard|Flamethrower|p1a: Samurott
|-resisted|p1a: Samurott
|-damage|p1a: Samurott|52/100
|
|upkeep
|turn|5
|
|t:|1779567553
|switch|p2a: Toxtricity|Toxtricity, M, shiny|100/100
|-terastallize|p1a: Samurott|Water
|move|p1a: Samurott|Aqua Jet|p2a: Toxtricity
|-damage|p2a: Toxtricity|48/100
|
|upkeep
|turn|6
|
|t:|1779567561
|switch|p1a: Cinderace|Cinderace, M, shiny|100/100
|move|p2a: Toxtricity|Thunderbolt|p1a: Cinderace
|-damage|p1a: Cinderace|9/100
|
|upkeep
|turn|7
|
|t:|1779567571
|move|p1a: Cinderace|Sucker Punch|p2a: Toxtricity
|-start|p1a: Cinderace|typechange|Dark|[from] ability: Libero
|-damage|p2a: Toxtricity|0 fnt
|faint|p2a: Toxtricity
|
|upkeep
|
|t:|1779567578
|switch|p2a: Corviknight|Corviknight, M, shiny|100/100
|-ability|p2a: Corviknight|Pressure
|turn|8
|
|t:|1779567588
|move|p1a: Cinderace|Pyro Ball|p2a: Corviknight
|-supereffective|p2a: Corviknight
|-damage|p2a: Corviknight|50/100
|move|p2a: Corviknight|U-turn|p1a: Cinderace
|-supereffective|p1a: Cinderace
|-damage|p1a: Cinderace|0 fnt
|faint|p1a: Cinderace
|
|t:|1779567594
|switch|p2a: Garchomp|Garchomp, M, shiny|100/100|[from] U-turn
|
|upkeep
|
|t:|1779567600
|switch|p1a: Hatterene|Hatterene, F, shiny|100/100
|turn|9
|
|t:|1779567605
|move|p2a: Garchomp|Earthquake|p1a: Hatterene
|-damage|p1a: Hatterene|62/100
|move|p1a: Hatterene|Calm Mind|p1a: Hatterene
|-boost|p1a: Hatterene|spa|1
|-boost|p1a: Hatterene|spd|1
|
|-heal|p1a: Hatterene|68/100|[from] item: Leftovers
|upkeep
|turn|10
|
|t:|1779567614
|switch|p2a: Iron Valiant|Iron Valiant, shiny|100/100
|-enditem|p2a: Iron Valiant|Booster Energy
|-activate|p2a: Iron Valiant|ability: Quark Drive|[fromitem]
|-start|p2a: Iron Valiant|quarkdrivespe
|move|p1a: Hatterene|Draining Kiss|p2a: Iron Valiant
|-supereffective|p2a: Iron Valiant
|-damage|p2a: Iron Valiant|0 fnt
|-heal|p1a: Hatterene|100/100|[from] drain|[of] p2a: Iron Valiant
|faint|p2a: Iron Valiant
|-end|p2a: Iron Valiant|Quark Drive|[silent]
|
|upkeep
|
|t:|1779567617
|switch|p2a: Charizard|Charizard, M, shiny|100/100
|turn|11
|
|t:|1779567628
|-terastallize|p2a: Charizard|Fire
|move|p2a: Charizard|Flamethrower|p1a: Hatterene
|-damage|p1a: Hatterene|46/100
|move|p1a: Hatterene|Psyshock|p2a: Charizard
|-damage|p2a: Charizard|32/100
|
|-heal|p1a: Hatterene|52/100|[from] item: Leftovers
|upkeep
|turn|12
|
|t:|1779567637
|move|p2a: Charizard|Flamethrower|p1a: Hatterene
|-damage|p1a: Hatterene|0 fnt
|faint|p1a: Hatterene
|
|upkeep
|
|t:|1779567642
|switch|p1a: Samurott|Samurott-Hisui, M, tera:Water|52/100
|turn|13
|
|t:|1779567649
|switch|p2a: Corviknight|Corviknight, M, shiny|50/100
|-ability|p2a: Corviknight|Pressure
|move|p1a: Samurott|Aqua Jet|p2a: Corviknight
|-damage|p2a: Corviknight|26/100
|-damage|p1a: Samurott|35/100|[from] item: Rocky Helmet|[of] p2a: Corviknight
|
|upkeep
|turn|14
|
|t:|1779567660
|move|p1a: Samurott|Aqua Jet|p2a: Corviknight
|-damage|p2a: Corviknight|5/100
|-damage|p1a: Samurott|19/100|[from] item: Rocky Helmet|[of] p2a: Corviknight
|move|p2a: Corviknight|Roost|p2a: Corviknight
|-heal|p2a: Corviknight|55/100
|-singleturn|p2a: Corviknight|move: Roost
|
|upkeep
|turn|15
|
|t:|1779567668
|switch|p1a: Dragapult|Dragapult, M|100/100
|move|p2a: Corviknight|Roost|p2a: Corviknight
|-heal|p2a: Corviknight|100/100
|-singleturn|p2a: Corviknight|move: Roost
|
|upkeep
|turn|16
|
|t:|1779567676
|move|p1a: Dragapult|Flamethrower|p2a: Corviknight
|-supereffective|p2a: Corviknight
|-damage|p2a: Corviknight|23/100
|move|p2a: Corviknight|Brave Bird|p1a: Dragapult
|-crit|p1a: Dragapult
|-damage|p1a: Dragapult|28/100
|-damage|p2a: Corviknight|4/100|[from] Recoil
|
|upkeep
|turn|17
|
|t:|1779567684
|switch|p2a: Garchomp|Garchomp, M, shiny|100/100
|move|p1a: Dragapult|Flamethrower|p2a: Garchomp
|-resisted|p2a: Garchomp
|-crit|p2a: Garchomp
|-damage|p2a: Garchomp|75/100
|
|upkeep
|turn|18
|
|t:|1779567695
|switch|p1a: Corviknight|Corviknight, M, shiny|35/100
|-ability|p1a: Corviknight|Pressure
|move|p2a: Garchomp|Dragon Tail|p1a: Corviknight
|-resisted|p1a: Corviknight
|-damage|p1a: Corviknight|28/100
|-damage|p2a: Garchomp|58/100|[from] item: Rocky Helmet|[of] p1a: Corviknight
|drag|p1a: Dragapult|Dragapult, M|28/100
|
|upkeep
|turn|19
|
|t:|1779567705
|move|p1a: Dragapult|Draco Meteor|p2a: Garchomp
|-supereffective|p2a: Garchomp
|-damage|p2a: Garchomp|0 fnt
|-unboost|p1a: Dragapult|spa|2
|faint|p2a: Garchomp
|
|upkeep
|
|t:|1779567709
|switch|p2a: Charizard|Charizard, M, shiny, tera:Fire|32/100
|turn|20
|
|t:|1779567717
|switch|p1a: Samurott|Samurott-Hisui, M, tera:Water|19/100
|move|p2a: Charizard|Air Slash|p1a: Samurott
|-damage|p1a: Samurott|0 fnt
|faint|p1a: Samurott
|
|upkeep
|
|t:|1779567724
|switch|p1a: Dragapult|Dragapult, M|28/100
|turn|21
|
|t:|1779567731
|move|p1a: Dragapult|Draco Meteor|p2a: Charizard
|-damage|p2a: Charizard|0 fnt
|-unboost|p1a: Dragapult|spa|2
|faint|p2a: Charizard
|
|upkeep
|
|t:|1779567734
|switch|p2a: Corviknight|Corviknight, M, shiny|4/100
|-ability|p2a: Corviknight|Pressure
|turn|22
|
|t:|1779567741
|move|p1a: Dragapult|Draco Meteor|p2a: Corviknight|[miss]
|-miss|p1a: Dragapult|p2a: Corviknight
|move|p2a: Corviknight|Roost|p2a: Corviknight
|-heal|p2a: Corviknight|54/100
|-singleturn|p2a: Corviknight|move: Roost
|
|upkeep
|turn|23
|
|t:|1779567748
|move|p1a: Dragapult|Draco Meteor|p2a: Corviknight
|-resisted|p2a: Corviknight
|-damage|p2a: Corviknight|34/100
|-unboost|p1a: Dragapult|spa|2
|move|p2a: Corviknight|Roost|p2a: Corviknight
|-heal|p2a: Corviknight|84/100
|-singleturn|p2a: Corviknight|move: Roost
|
|upkeep
|turn|24
|
|t:|1779567757
|switch|p1a: Corviknight|Corviknight, M, shiny|28/100
|-ability|p1a: Corviknight|Pressure
|move|p2a: Corviknight|Brave Bird|p1a: Corviknight
|-resisted|p1a: Corviknight
|-damage|p1a: Corviknight|16/100
|-damage|p2a: Corviknight|68/100|[from] item: Rocky Helmet|[of] p1a: Corviknight
|-damage|p2a: Corviknight|64/100|[from] Recoil
|
|upkeep
|turn|25
|
|t:|1779567767
|move|p2a: Corviknight|Brave Bird|p1a: Corviknight
|-resisted|p1a: Corviknight
|-damage|p1a: Corviknight|4/100
|-damage|p2a: Corviknight|48/100|[from] item: Rocky Helmet|[of] p1a: Corviknight
|-damage|p2a: Corviknight|44/100|[from] Recoil
|move|p1a: Corviknight|Roost|p1a: Corviknight
|-heal|p1a: Corviknight|54/100
|-singleturn|p1a: Corviknight|move: Roost
|
|upkeep
|turn|26
|
|t:|1779567777
|move|p2a: Corviknight|Roost|p2a: Corviknight
|-heal|p2a: Corviknight|94/100
|-singleturn|p2a: Corviknight|move: Roost
|move|p1a: Corviknight|Body Press|p2a: Corviknight
|-supereffective|p2a: Corviknight
|-damage|p2a: Corviknight|64/100
|-damage|p1a: Corviknight|38/100|[from] item: Rocky Helmet|[of] p2a: Corviknight
|
|upkeep
|turn|27
|-message|yxxxy yfxy y forfeited.
|
|win|Hana_oho
|raw|Hana_oho's rating: 1000 &rarr; <strong>1043</strong><br />(+43 for winning)
|raw|yxxxy yfxy y's rating: 1022 &rarr; <strong>1008</strong><br />(-14 for losing)
|l|☆yxxxy yfxy y
|player|p2|
