|j|☆GilgameshxLeonora
|j|☆my shitters
|t:|1779679042
|gametype|singles
|player|p1|GilgameshxLeonora|nate|1500
|player|p2|my shitters|preschooler|1399
|gen|9
|tier|[Gen 9] OU
|rated|
|rule|HP Percentage Mod: HP is shown in percentages
|rule|Endless Battle Clause: Forcing endless battles is banned
|rule|Species Clause: Limit one of each Pokémon
|rule|OHKO Clause: OHKO moves are banned
|rule|Evasion Items Clause: Evasion items are banned
|rule|Evasion Moves Clause: Evasion moves are banned
|rule|Evasion Abilities Clause: Evasion abilities are banned
|rule|Sleep Moves Clause: Sleep-inducing moves are banned
|clearpoke
|poke|p1|Tyranitar, F|
|poke|p1|Iron Boulder|
|poke|p1|Rotom-Wash|
|poke|p1|Mandibuzz, F|
|poke|p1|Garganacl, M|
|poke|p1|Heatran, M|
|poke|p2|Alcremie-Ruby-Swirl, F|
|poke|p2|Sableye, M|
|poke|p2|Primeape, F|
|poke|p2|Ursaring, F|
|poke|p2|Brute Bonnet|
|poke|p2|Rotom-Heat|
|teampreview
|inactive|Battle timer is ON: inactive players will automatically lose when time's up. (requested by my shitters)
|inactive|my shitters has 120 seconds left.
|
|t:|1779679084
|teamsize|p1|6
|teamsize|p2|6
|start
|switch|p1a: Mandibuzz|Mandibuzz, F|100/100
|switch|p2a: FaintCorona|Rotom-Heat|100/100
|turn|1
|
|t:|1779679089
|switch|p1a: Tyranitar|Tyranitar, F|100/100
|-weather|Sandstorm|[from] ability: Sand Stream|[of] p1a: Tyranitar
|move|p2a: FaintCorona|Thunderbolt|p1a: Tyranitar
|-damage|p1a: Tyranitar|85/100
|
|-weather|Sandstorm|[upkeep]
|-damage|p2a: FaintCorona|94/100|[from] Sandstorm
|-heal|p1a: Tyranitar|91/100|[from] item: Leftovers
|upkeep
|turn|2
|
|t:|1779679099
|switch|p2a: UngaBoonguss|Brute Bonnet|100/100
|-enditem|p2a: UngaBoonguss|Booster Energy
|-activate|p2a: UngaBoonguss|ability: Protosynthesis|[fromitem]
|-start|p2a: UngaBoonguss|protosynthesisatk
|move|p1a: Tyranitar|Knock Off|p2a: UngaBoonguss
|-resisted|p2a: UngaBoonguss
|-damage|p2a: UngaBoonguss|89/100
|
|-weather|Sandstorm|[upkeep]
|-damage|p2a: UngaBoonguss|83/100|[from] Sandstorm
|-heal|p1a: Tyranitar|97/100|[from] item: Leftovers
|upkeep
|turn|3
|
|t:|1779679114
|switch|p1a: Mandibuzz|Mandibuzz, F|100/100
|move|p2a: UngaBoonguss|Seed Bomb|p1a: Mandibuzz
|-resisted|p1a: Mandibuzz
|-damage|p1a: Mandibuzz|85/100
|
|-weather|Sandstorm|[upkeep]
|-damage|p2a: UngaBoonguss|77/100|[from] Sandstorm
|upkeep
|turn|4
|
|t:|1779679120
|move|p1a: Mandibuzz|Toxic|p2a: UngaBoonguss
|-status|p2a: UngaBoonguss|tox
|move|p2a: UngaBoonguss|Crunch|p1a: Mandibuzz
|-resisted|p1a: Mandibuzz
|-damage|p1a: Mandibuzz|69/100
|
|-weather|Sandstorm|[upkeep]
|-damage|p2a: UngaBoonguss|71/100 tox|[from] Sandstorm
|-damage|p2a: UngaBoonguss|65/100 tox|[from] psn
|upkeep
|turn|5
|
|t:|1779679125
|move|p1a: Mandibuzz|Roost|p1a: Mandibuzz
|-heal|p1a: Mandibuzz|100/100
|-singleturn|p1a: Mandibuzz|move: Roost
|move|p2a: UngaBoonguss|Close Combat|p1a: Mandibuzz
|-supereffective|p1a: Mandibuzz
|-damage|p1a: Mandibuzz|34/100
|-unboost|p2a: UngaBoonguss|def|1
|-unboost|p2a: UngaBoonguss|spd|1
|
|-weather|none
|-damage|p2a: UngaBoonguss|53/100 tox|[from] psn
|upkeep
|turn|6
|
|t:|1779679131
|move|p1a: Mandibuzz|Foul Play|p2a: UngaBoonguss
|-resisted|p2a: UngaBoonguss
|-damage|p2a: UngaBoonguss|19/100 tox
|move|p2a: UngaBoonguss|Close Combat|p1a: Mandibuzz
|-crit|p1a: Mandibuzz
|-damage|p1a: Mandibuzz|0 fnt
|-unboost|p2a: UngaBoonguss|def|1
|-unboost|p2a: UngaBoonguss|spd|1
|faint|p1a: Mandibuzz
|
|-damage|p2a: UngaBoonguss|0 fnt|[from] psn
|faint|p2a: UngaBoonguss
|-end|p2a: UngaBoonguss|Protosynthesis|[silent]
|upkeep
|
|t:|1779679148
|switch|p1a: Rotom|Rotom-Wash|100/100
|switch|p2a: GemPostin|Sableye, M|100/100
|turn|7
|
|t:|1779679152
|switch|p1a: Tyranitar|Tyranitar, F|97/100
|-weather|Sandstorm|[from] ability: Sand Stream|[of] p1a: Tyranitar
|move|p2a: GemPostin|Light Screen|p2a: GemPostin
|-sidestart|p2: my shitters|move: Light Screen
|
|-weather|Sandstorm|[upkeep]
|-damage|p2a: GemPostin|95/100|[from] Sandstorm
|-heal|p1a: Tyranitar|100/100|[from] item: Leftovers
|upkeep
|turn|8
|
|t:|1779679161
|switch|p2a: RobotAlcremicDrive|Alcremie-Ruby-Swirl, F|100/100
|move|p1a: Tyranitar|Knock Off|p2a: RobotAlcremicDrive
|-resisted|p2a: RobotAlcremicDrive
|-damage|p2a: RobotAlcremicDrive|82/100
|-enditem|p2a: RobotAlcremicDrive|Leftovers|[from] move: Knock Off|[of] p1a: Tyranitar
|
|-weather|Sandstorm|[upkeep]
|-damage|p2a: RobotAlcremicDrive|76/100|[from] Sandstorm
|upkeep
|turn|9
|
|t:|1779679163
|switch|p2a: OnePunchBear|Ursaring, F|100/100
|move|p1a: Tyranitar|Stealth Rock|p2a: OnePunchBear
|-sidestart|p2: my shitters|move: Stealth Rock
|
|-weather|Sandstorm|[upkeep]
|-damage|p2a: OnePunchBear|94/100|[from] Sandstorm
|-status|p2a: OnePunchBear|brn|[from] item: Flame Orb
|upkeep
|turn|10
|
|t:|1779679170
|switch|p1a: Rotom|Rotom-Wash|100/100
|move|p2a: OnePunchBear|Earthquake|p1a: Rotom
|-immune|p1a: Rotom|[from] ability: Levitate
|
|-weather|Sandstorm|[upkeep]
|-damage|p1a: Rotom|94/100|[from] Sandstorm
|-damage|p2a: OnePunchBear|88/100 brn|[from] Sandstorm
|-damage|p2a: OnePunchBear|82/100 brn|[from] brn
|upkeep
|turn|11
|
|t:|1779679176
|move|p1a: Rotom|Thunderbolt|p2a: OnePunchBear
|-damage|p2a: OnePunchBear|56/100 brn
|move|p2a: OnePunchBear|Facade|p1a: Rotom
|-damage|p1a: Rotom|0 fnt
|faint|p1a: Rotom
|
|-weather|none
|-damage|p2a: OnePunchBear|50/100 brn|[from] brn
|upkeep
|
|t:|1779679182
|switch|p1a: Iron Boulder|Iron Boulder|100/100
|-enditem|p1a: Iron Boulder|Booster Energy
|-activate|p1a: Iron Boulder|ability: Quark Drive|[fromitem]
|-start|p1a: Iron Boulder|quarkdrivespe
|turn|12
|
|t:|1779679184
|move|p1a: Iron Boulder|Close Combat|p2a: OnePunchBear
|-supereffective|p2a: OnePunchBear
|-damage|p2a: OnePunchBear|0 fnt
|-unboost|p1a: Iron Boulder|def|1
|-unboost|p1a: Iron Boulder|spd|1
|faint|p2a: OnePunchBear
|
|upkeep
|
|t:|1779679186
|switch|p2a: GemPostin|Sableye, M|95/100
|-damage|p2a: GemPostin|82/100|[from] Stealth Rock
|turn|13
|
|t:|1779679188
|-end|p1a: Iron Boulder|Quark Drive|[silent]
|switch|p1a: Tyranitar|Tyranitar, F|100/100
|-weather|Sandstorm|[from] ability: Sand Stream|[of] p1a: Tyranitar
|move|p2a: GemPostin|Reflect|p2a: GemPostin
|-sidestart|p2: my shitters|Reflect
|
|-weather|Sandstorm|[upkeep]
|-damage|p2a: GemPostin|76/100|[from] Sandstorm
|upkeep
|turn|14
|
|t:|1779679197
|switch|p2a: RobotAlcremicDrive|Alcremie-Ruby-Swirl, F|76/100
|-damage|p2a: RobotAlcremicDrive|63/100|[from] Stealth Rock
|move|p1a: Tyranitar|Knock Off|p2a: RobotAlcremicDrive
|-resisted|p2a: RobotAlcremicDrive
|-damage|p2a: RobotAlcremicDrive|56/100
|
|-weather|Sandstorm|[upkeep]
|-damage|p2a: RobotAlcremicDrive|50/100|[from] Sandstorm
|-sideend|p2: my shitters|move: Light Screen
|upkeep
|turn|15
|
|t:|1779679200
|switch|p1a: Heatran|Heatran, M|100/100
|move|p2a: RobotAlcremicDrive|Calm Mind|p2a: RobotAlcremicDrive
|-boost|p2a: RobotAlcremicDrive|spa|1
|-boost|p2a: RobotAlcremicDrive|spd|1
|
|-weather|Sandstorm|[upkeep]
|-damage|p2a: RobotAlcremicDrive|45/100|[from] Sandstorm
|upkeep
|turn|16
|
|t:|1779679202
|move|p1a: Heatran|Magma Storm|p2a: RobotAlcremicDrive
|-damage|p2a: RobotAlcremicDrive|17/100
|-activate|p2a: RobotAlcremicDrive|move: Magma Storm|[of] p1a: Heatran
|move|p2a: RobotAlcremicDrive|Calm Mind|p2a: RobotAlcremicDrive
|-boost|p2a: RobotAlcremicDrive|spa|1
|-boost|p2a: RobotAlcremicDrive|spd|1
|
|-weather|Sandstorm|[upkeep]
|-damage|p2a: RobotAlcremicDrive|11/100|[from] Sandstorm
|-damage|p2a: RobotAlcremicDrive|0 fnt|[from] move: Magma Storm|[partiallytrapped]
|faint|p2a: RobotAlcremicDrive
|upkeep
|
|t:|1779679207
|switch|p2a: PonnieColeman|Primeape, F|100/100
|-damage|p2a: PonnieColeman|95/100|[from] Stealth Rock
|turn|17
|
|t:|1779679211
|-terastallize|p1a: Heatran|Grass
|move|p2a: PonnieColeman|Bulk Up|p2a: PonnieColeman
|-boost|p2a: PonnieColeman|atk|1
|-boost|p2a: PonnieColeman|def|1
|move|p1a: Heatran|Magma Storm|p2a: PonnieColeman|[miss]
|-miss|p1a: Heatran|p2a: PonnieColeman
|
|-weather|none
|upkeep
|turn|18
|
|t:|1779679217
|move|p2a: PonnieColeman|Bulk Up|p2a: PonnieColeman
|-boost|p2a: PonnieColeman|atk|1
|-boost|p2a: PonnieColeman|def|1
|move|p1a: Heatran|Magma Storm|p2a: PonnieColeman
|-damage|p2a: PonnieColeman|54/100
|-activate|p2a: PonnieColeman|move: Magma Storm|[of] p1a: Heatran
|
|-damage|p2a: PonnieColeman|42/100|[from] move: Magma Storm|[partiallytrapped]
|upkeep
|turn|19
|
|t:|1779679223
|move|p2a: PonnieColeman|Drain Punch|p1a: Heatran
|-damage|p1a: Heatran|46/100
|-heal|p2a: PonnieColeman|68/100|[from] drain|[of] p1a: Heatran
|move|p1a: Heatran|Earth Power|p2a: PonnieColeman
|-crit|p2a: PonnieColeman
|-damage|p2a: PonnieColeman|32/100
|
|-heal|p1a: Heatran|52/100|[from] item: Leftovers
|-damage|p2a: PonnieColeman|19/100|[from] move: Magma Storm|[partiallytrapped]
|upkeep
|turn|20
|
|t:|1779679235
|move|p2a: PonnieColeman|Drain Punch|p1a: Heatran
|-damage|p1a: Heatran|0 fnt
|-heal|p2a: PonnieColeman|45/100|[from] drain|[of] p1a: Heatran
|faint|p1a: Heatran
|
|-end|p2a: PonnieColeman|Magma Storm|[partiallytrapped]|[silent]
|-sideend|p2: my shitters|Reflect
|upkeep
|
|t:|1779679238
|switch|p1a: Iron Boulder|Iron Boulder|100/100
|turn|21
|
|t:|1779679242
|-terastallize|p2a: PonnieColeman|Ghost
|move|p1a: Iron Boulder|Psycho Cut|p2a: PonnieColeman
|-damage|p2a: PonnieColeman|27/100
|move|p2a: PonnieColeman|Rage Fist|p1a: Iron Boulder
|-supereffective|p1a: Iron Boulder
|-damage|p1a: Iron Boulder|0 fnt
|faint|p1a: Iron Boulder
|-end|p1a: Iron Boulder|Quark Drive|[silent]
|
|upkeep
|
|t:|1779679245
|switch|p1a: Garganacl|Garganacl, M|100/100
|turn|22
|
|t:|1779679252
|move|p2a: PonnieColeman|Drain Punch|p1a: Garganacl
|-supereffective|p1a: Garganacl
|-damage|p1a: Garganacl|37/100
|-heal|p2a: PonnieColeman|59/100|[from] drain|[of] p1a: Garganacl
|move|p1a: Garganacl|Iron Defense|p1a: Garganacl
|-boost|p1a: Garganacl|def|2
|
|-heal|p1a: Garganacl|43/100|[from] item: Leftovers
|upkeep
|turn|23
|
|t:|1779679261
|move|p2a: PonnieColeman|Bulk Up|p2a: PonnieColeman
|-boost|p2a: PonnieColeman|atk|1
|-boost|p2a: PonnieColeman|def|1
|move|p1a: Garganacl|Recover|p1a: Garganacl
|-heal|p1a: Garganacl|93/100
|
|-heal|p1a: Garganacl|99/100|[from] item: Leftovers
|upkeep
|turn|24
|
|t:|1779679265
|move|p2a: PonnieColeman|Drain Punch|p1a: Garganacl
|-supereffective|p1a: Garganacl
|-damage|p1a: Garganacl|57/100
|-heal|p2a: PonnieColeman|81/100|[from] drain|[of] p1a: Garganacl
|move|p1a: Garganacl|Salt Cure|p2a: PonnieColeman
|-damage|p2a: PonnieColeman|75/100
|-start|p2a: PonnieColeman|Salt Cure
|
|-heal|p1a: Garganacl|63/100|[from] item: Leftovers
|-damage|p2a: PonnieColeman|62/100|[from] Salt Cure
|upkeep
|turn|25
|
|t:|1779679269
|switch|p2a: GemPostin|Sableye, M|76/100
|-damage|p2a: GemPostin|64/100|[from] Stealth Rock
|move|p1a: Garganacl|Iron Defense|p1a: Garganacl
|-boost|p1a: Garganacl|def|2
|
|-heal|p1a: Garganacl|69/100|[from] item: Leftovers
|upkeep
|turn|26
|
|t:|1779679272
|switch|p1a: Tyranitar|Tyranitar, F|100/100
|-weather|Sandstorm|[from] ability: Sand Stream|[of] p1a: Tyranitar
|move|p2a: GemPostin|Encore|p1a: Tyranitar
|-hint|Since gen 7, Dark is immune to Prankster moves.
|-immune|p1a: Tyranitar
|
|-weather|Sandstorm|[upkeep]
|-damage|p2a: GemPostin|58/100|[from] Sandstorm
|upkeep
|turn|27
|
|t:|1779679275
|move|p2a: GemPostin|Reflect|p2a: GemPostin
|-sidestart|p2: my shitters|Reflect
|move|p1a: Tyranitar|Knock Off|p2a: GemPostin
|-damage|p2a: GemPostin|39/100
|-enditem|p2a: GemPostin|Light Clay|[from] move: Knock Off|[of] p1a: Tyranitar
|
|-weather|Sandstorm|[upkeep]
|-damage|p2a: GemPostin|33/100|[from] Sandstorm
|upkeep
|turn|28
|
|t:|1779679285
|move|p2a: GemPostin|Taunt|p1a: Tyranitar
|-hint|Since gen 7, Dark is immune to Prankster moves.
|-immune|p1a: Tyranitar
|move|p1a: Tyranitar|Thunder Wave|p2a: GemPostin
|-status|p2a: GemPostin|par
|
|-weather|Sandstorm|[upkeep]
|-damage|p2a: GemPostin|27/100 par|[from] Sandstorm
|upkeep
|turn|29
|
|t:|1779679289
|move|p2a: GemPostin|Encore|p1a: Tyranitar
|-hint|Since gen 7, Dark is immune to Prankster moves.
|-immune|p1a: Tyranitar
|move|p1a: Tyranitar|Knock Off|p2a: GemPostin
|-damage|p2a: GemPostin|12/100 par
|
|-weather|Sandstorm|[upkeep]
|-damage|p2a: GemPostin|6/100 par|[from] Sandstorm
|upkeep
|turn|30
|
|t:|1779679291
|move|p2a: GemPostin|Encore|p1a: Tyranitar
|-hint|Since gen 7, Dark is immune to Prankster moves.
|-immune|p1a: Tyranitar
|move|p1a: Tyranitar|Knock Off|p2a: GemPostin
|-damage|p2a: GemPostin|0 fnt
|faint|p2a: GemPostin
|
|-weather|none
|upkeep
|
|t:|1779679299
|switch|p2a: FaintCorona|Rotom-Heat|94/100
|turn|31
|
|t:|1779679301
|move|p2a: FaintCorona|Nasty Plot|p2a: FaintCorona
|-boost|p2a: FaintCorona|spa|2
|move|p1a: Tyranitar|Knock Off|p2a: FaintCorona
|-damage|p2a: FaintCorona|66/100
|-enditem|p2a: FaintCorona|Heavy-Duty Boots|[from] move: Knock Off|[of] p1a: Tyranitar
|
|upkeep
|turn|32
|
|t:|1779679304
|move|p2a: FaintCorona|Nasty Plot|p2a: FaintCorona
|-boost|p2a: FaintCorona|spa|2
|move|p1a: Tyranitar|Knock Off|p2a: FaintCorona
|-damage|p2a: FaintCorona|46/100
|
|upkeep
|turn|33
|
|t:|1779679311
|move|p2a: FaintCorona|Nasty Plot|p2a: FaintCorona
|-boost|p2a: FaintCorona|spa|2
|move|p1a: Tyranitar|Knock Off|p2a: FaintCorona
|-damage|p2a: FaintCorona|28/100
|
|upkeep
|turn|34
|
|t:|1779679312
|move|p2a: FaintCorona|Pain Split|p1a: Tyranitar
|-sethp|p1a: Tyranitar|59/100|[from] move: Pain Split|[silent]
|-sethp|p2a: FaintCorona|98/100|[from] move: Pain Split
|move|p1a: Tyranitar|Knock Off|p2a: FaintCorona
|-damage|p2a: FaintCorona|78/100
|
|-heal|p1a: Tyranitar|65/100|[from] item: Leftovers
|-sideend|p2: my shitters|Reflect
|upkeep
|turn|35
|
|t:|1779679315
|move|p2a: FaintCorona|Thunderbolt|p1a: Tyranitar
|-damage|p1a: Tyranitar|0 fnt
|faint|p1a: Tyranitar
|
|upkeep
|
|t:|1779679317
|switch|p1a: Garganacl|Garganacl, M|69/100
|turn|36
|
|t:|1779679319
|move|p2a: FaintCorona|Thunderbolt|p1a: Garganacl
|-damage|p1a: Garganacl|0 fnt
|faint|p1a: Garganacl
|
|win|my shitters
|raw|GilgameshxLeonora's rating: 1500 &rarr; <strong>1474</strong><br />(-26 for losing)
|raw|my shitters's rating: 1399 &rarr; <strong>1425</strong><br />(+26 for winning)
|l|☆GilgameshxLeonora
|player|p1|
