|j|‽pokeag
|j|‽roxty
|t:|1779702341
|gametype|singles
|player|p1|pokeag|2|1455
|player|p2|roxty|101|1472
|gen|9
|tier|[Gen 9] OU
|rated|
|rule|HP Percentage Mod: HP is shown in percentages
|rule|Endless Battle Clause: Forcing endless battles is banned
|rule|Species Clause: Limit one of each Pokémon
|rule|OHKO Clause: OHKO moves are banned
|rule|Evasion Items Clause: Evasion items are banned
|rule|Evasion Moves Clause: Evasion moves are banned
|rule|Evasion Abilities Clause: Evasion abilities are banned
|rule|Sleep Moves Clause: Sleep-inducing moves are banned
|clearpoke
|poke|p1|Weavile, M|
|poke|p1|Volcanion|
|poke|p1|Great Tusk|
|poke|p1|Hatterene, F|
|poke|p1|Gholdengo|
|poke|p1|Dragonite, M|
|poke|p2|Moltres-Galar|
|poke|p2|Gholdengo|
|poke|p2|Samurott-Hisui, F|
|poke|p2|Smeargle, F|
|poke|p2|Zamazenta-*|
|poke|p2|Deoxys-Speed|
|teampreview
|inactive|Battle timer is ON: inactive players will automatically lose when time's up. (requested by roxty)
|
|t:|1779702349
|teamsize|p1|6
|teamsize|p2|6
|start
|switch|p1a: Weavile|Weavile, M|100/100
|switch|p2a: Samurott|Samurott-Hisui, F|100/100
|turn|1
|
|t:|1779702356
|move|p1a: Weavile|Low Kick|p2a: Samurott
|-supereffective|p2a: Samurott
|-damage|p2a: Samurott|2/100
|move|p2a: Samurott|Ceaseless Edge|p1a: Weavile
|-resisted|p1a: Weavile
|-damage|p1a: Weavile|64/100
|-sidestart|p1: pokeag|Spikes
|
|upkeep
|turn|2
|
|t:|1779702380
|move|p1a: Weavile|Low Kick|p2a: Samurott
|-supereffective|p2a: Samurott
|-damage|p2a: Samurott|0 fnt
|faint|p2a: Samurott
|
|upkeep
|inactive|roxty has 120 seconds left.
|
|t:|1779702395
|switch|p2a: Zamazenta|Zamazenta|100/100
|-ability|p2a: Zamazenta|Dauntless Shield|boost
|-boost|p2a: Zamazenta|def|1
|turn|3
|
|t:|1779702400
|switch|p1a: Hatterene|Hatterene, F|100/100
|-damage|p1a: Hatterene|88/100|[from] Spikes
|move|p2a: Zamazenta|Iron Defense|p2a: Zamazenta
|-boost|p2a: Zamazenta|def|2
|
|upkeep
|turn|4
|
|t:|1779702408
|move|p2a: Zamazenta|Heavy Slam|p1a: Hatterene
|-supereffective|p1a: Hatterene
|-damage|p1a: Hatterene|30/100
|-damage|p2a: Zamazenta|84/100|[from] item: Rocky Helmet|[of] p1a: Hatterene
|move|p1a: Hatterene|Nuzzle|p2a: Zamazenta
|-damage|p2a: Zamazenta|83/100
|-status|p2a: Zamazenta|par
|
|-heal|p2a: Zamazenta|89/100 par|[from] item: Leftovers
|upkeep
|turn|5
|
|t:|1779702412
|move|p2a: Zamazenta|Heavy Slam|p1a: Hatterene
|-supereffective|p1a: Hatterene
|-damage|p1a: Hatterene|0 fnt
|-damage|p2a: Zamazenta|72/100 par|[from] item: Rocky Helmet|[of] p1a: Hatterene
|faint|p1a: Hatterene
|
|-heal|p2a: Zamazenta|78/100 par|[from] item: Leftovers
|upkeep
|
|t:|1779702427
|switch|p1a: Volcanion|Volcanion|100/100
|-damage|p1a: Volcanion|88/100|[from] Spikes
|turn|6
|
|t:|1779702434
|switch|p2a: Deoxys|Deoxys-Speed|100/100
|-ability|p2a: Deoxys|Pressure
|move|p1a: Volcanion|Steam Eruption|p2a: Deoxys
|-damage|p2a: Deoxys|33/100
|
|upkeep
|turn|7
|
|t:|1779702443
|move|p2a: Deoxys|Light Screen|p2a: Deoxys
|-sidestart|p2: roxty|move: Light Screen
|move|p1a: Volcanion|Steam Eruption|p2a: Deoxys
|-damage|p2a: Deoxys|1/100
|-status|p2a: Deoxys|brn
|
|-damage|p2a: Deoxys|0 fnt|[from] brn
|faint|p2a: Deoxys
|upkeep
|
|t:|1779702472
|switch|p2a: Moltres|Moltres-Galar|100/100
|turn|8
|
|t:|1779702482
|switch|p1a: Gholdengo|Gholdengo|100/100
|-damage|p1a: Gholdengo|88/100|[from] Spikes
|move|p2a: Moltres|Agility|p2a: Moltres
|-boost|p2a: Moltres|spe|2
|
|upkeep
|turn|9
|
|t:|1779702488
|move|p2a: Moltres|Fiery Wrath|p1a: Gholdengo
|-supereffective|p1a: Gholdengo
|-damage|p1a: Gholdengo|0 fnt
|faint|p1a: Gholdengo
|
|upkeep
|inactive|pokeag has 120 seconds left.
|
|t:|1779702521
|switch|p1a: Dragonite|Dragonite, M|100/100
|turn|10
|
|t:|1779702536
|move|p2a: Moltres|Hurricane|p1a: Dragonite
|-damage|p1a: Dragonite|70/100
|move|p1a: Dragonite|Ice Spinner|p2a: Moltres
|-supereffective|p2a: Moltres
|-damage|p2a: Moltres|34/100
|-ability|p2a: Moltres|Berserk|boost
|-boost|p2a: Moltres|spa|1
|-enditem|p2a: Moltres|Sitrus Berry|[eat]
|-heal|p2a: Moltres|59/100|[from] item: Sitrus Berry
|
|-heal|p1a: Dragonite|77/100|[from] item: Leftovers
|upkeep
|turn|11
|
|t:|1779702551
|move|p2a: Moltres|Hurricane|p1a: Dragonite|[miss]
|-miss|p2a: Moltres|p1a: Dragonite
|move|p1a: Dragonite|Ice Spinner|p2a: Moltres
|-supereffective|p2a: Moltres
|-damage|p2a: Moltres|0 fnt
|faint|p2a: Moltres
|
|-heal|p1a: Dragonite|83/100|[from] item: Leftovers
|upkeep
|
|t:|1779702569
|switch|p2a: Zamazenta|Zamazenta|78/100 par
|turn|12
|
|t:|1779702574
|move|p1a: Dragonite|Dragon Dance|p1a: Dragonite
|-boost|p1a: Dragonite|atk|1
|-boost|p1a: Dragonite|spe|1
|cant|p2a: Zamazenta|par
|
|-heal|p1a: Dragonite|89/100|[from] item: Leftovers
|-heal|p2a: Zamazenta|84/100 par|[from] item: Leftovers
|upkeep
|turn|13
|
|t:|1779702578
|move|p1a: Dragonite|Dragon Dance|p1a: Dragonite
|-boost|p1a: Dragonite|atk|1
|-boost|p1a: Dragonite|spe|1
|move|p2a: Zamazenta|Iron Defense|p2a: Zamazenta
|-boost|p2a: Zamazenta|def|2
|
|-heal|p1a: Dragonite|95/100|[from] item: Leftovers
|-heal|p2a: Zamazenta|91/100 par|[from] item: Leftovers
|upkeep
|turn|14
|
|t:|1779702582
|move|p1a: Dragonite|Encore|p2a: Zamazenta
|-start|p2a: Zamazenta|Encore
|move|p2a: Zamazenta|Iron Defense|p2a: Zamazenta
|-boost|p2a: Zamazenta|def|2
|
|-heal|p1a: Dragonite|100/100|[from] item: Leftovers
|-heal|p2a: Zamazenta|97/100 par|[from] item: Leftovers
|-sideend|p2: roxty|move: Light Screen
|upkeep
|turn|15
|
|t:|1779702608
|move|p1a: Dragonite|Dragon Dance|p1a: Dragonite
|-boost|p1a: Dragonite|atk|1
|-boost|p1a: Dragonite|spe|1
|cant|p2a: Zamazenta|par
|
|-heal|p2a: Zamazenta|100/100 par|[from] item: Leftovers
|upkeep
|turn|16
|inactive|pokeag has 120 seconds left.
|
|t:|1779702624
|move|p1a: Dragonite|Earthquake|p2a: Zamazenta
|-damage|p2a: Zamazenta|79/100 par
|cant|p2a: Zamazenta|par
|
|-heal|p2a: Zamazenta|85/100 par|[from] item: Leftovers
|-end|p2a: Zamazenta|Encore
|upkeep
|turn|17
|inactive|pokeag has 120 seconds left.
|
|t:|1779702638
|move|p1a: Dragonite|Encore|p2a: Zamazenta
|-start|p2a: Zamazenta|Encore
|cant|p2a: Zamazenta|par
|
|-heal|p2a: Zamazenta|92/100 par|[from] item: Leftovers
|upkeep
|turn|18
|
|t:|1779702643
|move|p1a: Dragonite|Dragon Dance|p1a: Dragonite
|-boost|p1a: Dragonite|atk|1
|-boost|p1a: Dragonite|spe|1
|move|p2a: Zamazenta|Iron Defense|p2a: Zamazenta
|-boost|p2a: Zamazenta|def|2
|
|-heal|p2a: Zamazenta|98/100 par|[from] item: Leftovers
|upkeep
|turn|19
|
|t:|1779702646
|move|p1a: Dragonite|Dragon Dance|p1a: Dragonite
|-boost|p1a: Dragonite|atk|1
|-boost|p1a: Dragonite|spe|1
|move|p2a: Zamazenta|Iron Defense|p2a: Zamazenta
|-boost|p2a: Zamazenta|def|0
|
|-heal|p2a: Zamazenta|100/100 par|[from] item: Leftovers
|-end|p2a: Zamazenta|Encore
|upkeep
|turn|20
|
|t:|1779702651
|move|p1a: Dragonite|Encore|p2a: Zamazenta
|-start|p2a: Zamazenta|Encore
|cant|p2a: Zamazenta|par
|
|upkeep
|turn|21
|
|t:|1779702656
|move|p1a: Dragonite|Dragon Dance|p1a: Dragonite
|-boost|p1a: Dragonite|atk|1
|-boost|p1a: Dragonite|spe|1
|move|p2a: Zamazenta|Iron Defense|p2a: Zamazenta
|-boost|p2a: Zamazenta|def|0
|
|upkeep
|turn|22
|
|t:|1779702668
|move|p1a: Dragonite|Earthquake|p2a: Zamazenta
|-damage|p2a: Zamazenta|72/100 par
|move|p2a: Zamazenta|Iron Defense|p2a: Zamazenta
|-boost|p2a: Zamazenta|def|0
|
|-heal|p2a: Zamazenta|78/100 par|[from] item: Leftovers
|-end|p2a: Zamazenta|Encore
|upkeep
|turn|23
|
|t:|1779702674
|move|p1a: Dragonite|Encore|p2a: Zamazenta
|-start|p2a: Zamazenta|Encore
|move|p2a: Zamazenta|Iron Defense|p2a: Zamazenta
|-boost|p2a: Zamazenta|def|0
|
|-heal|p2a: Zamazenta|84/100 par|[from] item: Leftovers
|upkeep
|turn|24
|
|t:|1779702678
|move|p1a: Dragonite|Earthquake|p2a: Zamazenta
|-damage|p2a: Zamazenta|56/100 par
|move|p2a: Zamazenta|Iron Defense|p2a: Zamazenta
|-boost|p2a: Zamazenta|def|0
|
|-heal|p2a: Zamazenta|62/100 par|[from] item: Leftovers
|upkeep
|turn|25
|
|t:|1779702700
|move|p1a: Dragonite|Earthquake|p2a: Zamazenta
|-damage|p2a: Zamazenta|33/100 par
|cant|p2a: Zamazenta|par
|
|-heal|p2a: Zamazenta|40/100 par|[from] item: Leftovers
|-end|p2a: Zamazenta|Encore
|upkeep
|turn|26
|inactive|roxty has 120 seconds left.
|
|t:|1779702737
|move|p1a: Dragonite|Encore|p2a: Zamazenta
|-start|p2a: Zamazenta|Encore
|move|p2a: Zamazenta|Iron Defense|p2a: Zamazenta
|-boost|p2a: Zamazenta|def|0
|
|-heal|p2a: Zamazenta|46/100 par|[from] item: Leftovers
|upkeep
|turn|27
|
|t:|1779702741
|move|p1a: Dragonite|Earthquake|p2a: Zamazenta
|-damage|p2a: Zamazenta|20/100 par
|move|p2a: Zamazenta|Iron Defense|p2a: Zamazenta
|-boost|p2a: Zamazenta|def|0
|
|-heal|p2a: Zamazenta|26/100 par|[from] item: Leftovers
|upkeep
|turn|28
|
|t:|1779702748
|move|p1a: Dragonite|Earthquake|p2a: Zamazenta
|-damage|p2a: Zamazenta|0 fnt
|faint|p2a: Zamazenta
|
|upkeep
|
|t:|1779702751
|switch|p2a: Gholdengo|Gholdengo|100/100
|turn|29
|
|t:|1779702754
|move|p1a: Dragonite|Earthquake|p2a: Gholdengo
|-supereffective|p2a: Gholdengo
|-damage|p2a: Gholdengo|0 fnt
|faint|p2a: Gholdengo
|
|upkeep
|
|t:|1779702763
|switch|p2a: Smeargle|Smeargle, F|100/100
|turn|30
|
|t:|1779702791
|-terastallize|p2a: Smeargle|Flying
|move|p1a: Dragonite|Ice Spinner|p2a: Smeargle
|-supereffective|p2a: Smeargle
|-damage|p2a: Smeargle|0 fnt
|faint|p2a: Smeargle
|
|win|pokeag
|raw|pokeag's rating: 1455 &rarr; <strong>1476</strong><br />(+21 for winning)
|raw|roxty's rating: 1472 &rarr; <strong>1451</strong><br />(-21 for losing)
|l|‽roxty
|player|p2|
|l|‽pokeag
|player|p1|
