|inactive|Battle timer is ON: inactive players will automatically lose when time's up.
|t:|1779647993
|gametype|singles
|player|p1|cute vn|twins|
|player|p2|raj.shoot|#lcplxiioshawotts|
|gen|9
|tier|[Gen 9] OU
|rule|HP Percentage Mod: HP is shown in percentages
|rule|Endless Battle Clause: Forcing endless battles is banned
|rule|Species Clause: Limit one of each Pokémon
|rule|OHKO Clause: OHKO moves are banned
|rule|Evasion Items Clause: Evasion items are banned
|rule|Evasion Moves Clause: Evasion moves are banned
|rule|Evasion Abilities Clause: Evasion abilities are banned
|rule|Sleep Moves Clause: Sleep-inducing moves are banned
|clearpoke
|poke|p1|Araquanid, M|
|poke|p1|Tornadus-Therian, M|
|poke|p1|Gholdengo|
|poke|p1|Iron Valiant|
|poke|p1|Great Tusk|
|poke|p1|Raging Bolt|
|poke|p2|Landorus-Therian, M|
|poke|p2|Ogerpon-Wellspring, F|
|poke|p2|Rillaboom, F|
|poke|p2|Zamazenta-*|
|poke|p2|Hatterene, F|
|poke|p2|Gholdengo|
|teampreview
|c|☆cute vn|gl
|c|☆raj.shoot|you as well
|
|t:|1779648016
|teamsize|p1|6
|teamsize|p2|6
|start
|switch|p1a: Araquanid|Araquanid, M|100/100
|switch|p2a: Landorus|Landorus-Therian, M|100/100
|-ability|p2a: Landorus|Intimidate|boost
|-unboost|p1a: Araquanid|atk|1
|turn|1
|
|t:|1779648021
|move|p2a: Landorus|U-turn|p1a: Araquanid
|-damage|p1a: Araquanid|82/100
|
|t:|1779648025
|switch|p2a: Hatterene|Hatterene, F|100/100|[from] U-turn
|move|p1a: Araquanid|Surf|p2a: Hatterene
|-damage|p2a: Hatterene|65/100
|
|upkeep
|turn|2
|
|t:|1779648033
|move|p1a: Araquanid|Surf|p2a: Hatterene
|-damage|p2a: Hatterene|30/100
|move|p2a: Hatterene|Psyshock|p1a: Araquanid
|-damage|p1a: Araquanid|41/100
|
|upkeep
|turn|3
|
|t:|1779648037
|switch|p2a: Rillaboom|Rillaboom, F|100/100
|-fieldstart|move: Grassy Terrain|[from] ability: Grassy Surge|[of] p2a: Rillaboom
|move|p1a: Araquanid|Surf|p2a: Rillaboom
|-resisted|p2a: Rillaboom
|-damage|p2a: Rillaboom|66/100
|
|-heal|p2a: Rillaboom|72/100|[from] Grassy Terrain
|-heal|p1a: Araquanid|47/100|[from] Grassy Terrain
|upkeep
|turn|4
|
|t:|1779648046
|move|p2a: Rillaboom|Wood Hammer|p1a: Araquanid
|-damage|p1a: Araquanid|0 fnt
|faint|p1a: Araquanid
|-damage|p2a: Rillaboom|57/100|[from] Recoil
|-damage|p2a: Rillaboom|47/100|[from] item: Life Orb
|
|-heal|p2a: Rillaboom|54/100|[from] Grassy Terrain
|upkeep
|
|t:|1779648050
|switch|p1a: Tornadus|Tornadus-Therian, M|100/100
|turn|5
|
|t:|1779648063
|switch|p2a: Hatterene|Hatterene, F|30/100
|move|p1a: Tornadus|Nasty Plot|p1a: Tornadus
|-boost|p1a: Tornadus|spa|2
|
|-heal|p2a: Hatterene|36/100|[from] Grassy Terrain
|upkeep
|turn|6
|
|t:|1779648069
|move|p1a: Tornadus|Dark Pulse|p2a: Hatterene
|-damage|p2a: Hatterene|0 fnt
|faint|p2a: Hatterene
|-damage|p1a: Tornadus|91/100|[from] item: Life Orb
|
|upkeep
|
|t:|1779648076
|switch|p2a: Zamazenta|Zamazenta|100/100
|-ability|p2a: Zamazenta|Dauntless Shield|boost
|-boost|p2a: Zamazenta|def|1
|turn|7
|inactive|raj.shoot has 270 seconds left.
|
|t:|1779648115
|move|p2a: Zamazenta|Stone Edge|p1a: Tornadus
|-supereffective|p1a: Tornadus
|-damage|p1a: Tornadus|0 fnt
|faint|p1a: Tornadus
|
|-fieldend|move: Grassy Terrain
|upkeep
|
|t:|1779648138
|switch|p1a: Great Tusk|Great Tusk|100/100
|-enditem|p1a: Great Tusk|Booster Energy
|-activate|p1a: Great Tusk|ability: Protosynthesis|[fromitem]
|-start|p1a: Great Tusk|protosynthesisatk
|turn|8
|inactive|raj.shoot has 270 seconds left.
|
|t:|1779648151
|switch|p2a: Landorus|Landorus-Therian, M|100/100
|-ability|p2a: Landorus|Intimidate|boost
|-unboost|p1a: Great Tusk|atk|1
|move|p1a: Great Tusk|Rapid Spin|p2a: Landorus
|-damage|p2a: Landorus|86/100
|-boost|p1a: Great Tusk|spe|1
|-damage|p1a: Great Tusk|84/100|[from] item: Rocky Helmet|[of] p2a: Landorus
|
|upkeep
|turn|9
|
|t:|1779648160
|switch|p2a: Gholdengo|Gholdengo|100/100
|move|p1a: Great Tusk|Ice Spinner|p2a: Gholdengo
|-resisted|p2a: Gholdengo
|-damage|p2a: Gholdengo|90/100
|
|upkeep
|turn|10
|
|t:|1779648165
|switch|p2a: Landorus|Landorus-Therian, M|86/100
|-ability|p2a: Landorus|Intimidate|boost
|-unboost|p1a: Great Tusk|atk|1
|move|p1a: Great Tusk|Headlong Rush|p2a: Landorus
|-immune|p2a: Landorus
|
|upkeep
|turn|11
|
|t:|1779648172
|move|p1a: Great Tusk|Ice Spinner|p2a: Landorus
|-supereffective|p2a: Landorus
|-damage|p2a: Landorus|15/100
|-damage|p1a: Great Tusk|68/100|[from] item: Rocky Helmet|[of] p2a: Landorus
|move|p2a: Landorus|Earth Power|p1a: Great Tusk
|-damage|p1a: Great Tusk|19/100
|-unboost|p1a: Great Tusk|spd|1
|
|upkeep
|turn|12
|
|t:|1779648180
|move|p1a: Great Tusk|Ice Spinner|p2a: Landorus
|-supereffective|p2a: Landorus
|-damage|p2a: Landorus|0 fnt
|-damage|p1a: Great Tusk|2/100|[from] item: Rocky Helmet|[of] p2a: Landorus
|faint|p2a: Landorus
|
|upkeep
|
|t:|1779648182
|switch|p2a: Rillaboom|Rillaboom, F|54/100
|-fieldstart|move: Grassy Terrain|[from] ability: Grassy Surge|[of] p2a: Rillaboom
|turn|13
|
|t:|1779648185
|move|p2a: Rillaboom|Grassy Glide|p1a: Great Tusk
|-supereffective|p1a: Great Tusk
|-damage|p1a: Great Tusk|0 fnt
|faint|p1a: Great Tusk
|-end|p1a: Great Tusk|Protosynthesis|[silent]
|-damage|p2a: Rillaboom|44/100|[from] item: Life Orb
|
|-heal|p2a: Rillaboom|50/100|[from] Grassy Terrain
|upkeep
|
|t:|1779648211
|switch|p1a: Gholdengo|Gholdengo|100/100
|-item|p1a: Gholdengo|Air Balloon
|turn|14
|
|t:|1779648220
|switch|p2a: Zamazenta|Zamazenta|100/100
|move|p1a: Gholdengo|Shadow Ball|p2a: Zamazenta
|-damage|p2a: Zamazenta|74/100
|
|-heal|p2a: Zamazenta|80/100|[from] Grassy Terrain
|upkeep
|turn|15
|
|t:|1779648233
|move|p2a: Zamazenta|Crunch|p1a: Gholdengo
|-supereffective|p1a: Gholdengo
|-damage|p1a: Gholdengo|39/100
|-unboost|p1a: Gholdengo|def|1
|-enditem|p1a: Gholdengo|Air Balloon
|move|p1a: Gholdengo|Make It Rain|p2a: Zamazenta
|-damage|p2a: Zamazenta|42/100
|-unboost|p1a: Gholdengo|spa|1
|
|-heal|p2a: Zamazenta|48/100|[from] Grassy Terrain
|-heal|p1a: Gholdengo|45/100|[from] Grassy Terrain
|upkeep
|turn|16
|
|t:|1779648237
|move|p2a: Zamazenta|Crunch|p1a: Gholdengo
|-supereffective|p1a: Gholdengo
|-damage|p1a: Gholdengo|0 fnt
|faint|p1a: Gholdengo
|
|-heal|p2a: Zamazenta|55/100|[from] Grassy Terrain
|upkeep
|
|t:|1779648239
|switch|p1a: Iron Valiant|Iron Valiant|100/100
|-enditem|p1a: Iron Valiant|Booster Energy
|-activate|p1a: Iron Valiant|ability: Quark Drive|[fromitem]
|-start|p1a: Iron Valiant|quarkdrivespe
|turn|17
|
|t:|1779648251
|-terastallize|p2a: Zamazenta|Steel
|move|p1a: Iron Valiant|Swords Dance|p1a: Iron Valiant
|-boost|p1a: Iron Valiant|atk|2
|move|p2a: Zamazenta|Heavy Slam|p1a: Iron Valiant
|-supereffective|p1a: Iron Valiant
|-damage|p1a: Iron Valiant|0 fnt
|faint|p1a: Iron Valiant
|-end|p1a: Iron Valiant|Quark Drive|[silent]
|
|-heal|p2a: Zamazenta|61/100|[from] Grassy Terrain
|-fieldend|move: Grassy Terrain
|upkeep
|
|t:|1779648257
|switch|p1a: Raging Bolt|Raging Bolt|100/100
|-enditem|p1a: Raging Bolt|Booster Energy
|-activate|p1a: Raging Bolt|ability: Protosynthesis|[fromitem]
|-start|p1a: Raging Bolt|protosynthesisspa
|turn|18
|
|t:|1779648267
|switch|p2a: Rillaboom|Rillaboom, F|50/100
|-fieldstart|move: Grassy Terrain|[from] ability: Grassy Surge|[of] p2a: Rillaboom
|move|p1a: Raging Bolt|Calm Mind|p1a: Raging Bolt
|-boost|p1a: Raging Bolt|spa|1
|-boost|p1a: Raging Bolt|spd|1
|
|-heal|p2a: Rillaboom|56/100|[from] Grassy Terrain
|upkeep
|turn|19
|
|t:|1779648273
|move|p2a: Rillaboom|Wood Hammer|p1a: Raging Bolt
|-resisted|p1a: Raging Bolt
|-damage|p1a: Raging Bolt|51/100
|-damage|p2a: Rillaboom|37/100|[from] Recoil
|-damage|p2a: Rillaboom|28/100|[from] item: Life Orb
|move|p1a: Raging Bolt|Dragon Pulse|p2a: Rillaboom
|-damage|p2a: Rillaboom|0 fnt
|faint|p2a: Rillaboom
|
|-heal|p1a: Raging Bolt|57/100|[from] Grassy Terrain
|upkeep
|
|t:|1779648278
|switch|p2a: Gholdengo|Gholdengo|90/100
|-enditem|p2a: Gholdengo|Grassy Seed
|-boost|p2a: Gholdengo|def|1|[from] item: Grassy Seed
|turn|20
|
|t:|1779648294
|move|p1a: Raging Bolt|Thunderclap|p2a: Gholdengo
|-damage|p2a: Gholdengo|14/100
|move|p2a: Gholdengo|Shadow Ball|p1a: Raging Bolt
|-crit|p1a: Raging Bolt
|-damage|p1a: Raging Bolt|3/100
|
|-heal|p1a: Raging Bolt|9/100|[from] Grassy Terrain
|-heal|p2a: Gholdengo|20/100|[from] Grassy Terrain
|upkeep
|turn|21
|
|t:|1779648301
|move|p1a: Raging Bolt|Thunderclap|p2a: Gholdengo
|-damage|p2a: Gholdengo|0 fnt
|faint|p2a: Gholdengo
|
|-heal|p1a: Raging Bolt|15/100|[from] Grassy Terrain
|upkeep
|
|t:|1779648303
|switch|p2a: Zamazenta|Zamazenta, tera:Steel|61/100
|turn|22
|inactive|cute vn has 270 seconds left.
|inactive|raj.shoot has 270 seconds left.
|inactive|cute vn has 240 seconds left.
|
|t:|1779648386
|move|p1a: Raging Bolt|Thunderclap|p2a: Zamazenta
|-damage|p2a: Zamazenta|13/100
|move|p2a: Zamazenta|Close Combat|p1a: Raging Bolt
|-damage|p1a: Raging Bolt|0 fnt
|-unboost|p2a: Zamazenta|def|1
|-unboost|p2a: Zamazenta|spd|1
|faint|p1a: Raging Bolt
|-end|p1a: Raging Bolt|Protosynthesis|[silent]
|
|win|raj.shoot
