|j|☆athrel
|j|☆yzyang
|t:|1779676664
|gametype|singles
|player|p1|athrel|102|1381
|player|p2|yzyang|266|1320
|gen|9
|tier|[Gen 9] OU
|rated|
|rule|HP Percentage Mod: HP is shown in percentages
|rule|Endless Battle Clause: Forcing endless battles is banned
|rule|Species Clause: Limit one of each Pokémon
|rule|OHKO Clause: OHKO moves are banned
|rule|Evasion Items Clause: Evasion items are banned
|rule|Evasion Moves Clause: Evasion moves are banned
|rule|Evasion Abilities Clause: Evasion abilities are banned
|rule|Sleep Moves Clause: Sleep-inducing moves are banned
|clearpoke
|poke|p1|Kyurem|
|poke|p1|Ninetales-Alola, F|
|poke|p1|Hatterene, F|
|poke|p1|Moltres|
|poke|p1|Walking Wake|
|poke|p1|Zamazenta-*|
|poke|p2|Alomomola, M|
|poke|p2|Slowking, M|
|poke|p2|Corviknight, F|
|poke|p2|Blaziken, F|
|poke|p2|Ambipom, F|
|poke|p2|Meowscarada, F|
|teampreview
|inactive|Battle timer is ON: inactive players will automatically lose when time's up. (requested by yzyang)
|
|t:|1779676675
|teamsize|p1|6
|teamsize|p2|6
|start
|switch|p1a: Ninetales|Ninetales-Alola, F|100/100
|switch|p2a: Ambipom|Ambipom, F|100/100
|-weather|Snowscape|[from] ability: Snow Warning|[of] p1a: Ninetales
|turn|1
|
|t:|1779676687
|switch|p1a: Moltres|Moltres|100/100
|move|p2a: Ambipom|Fake Out|p1a: Moltres
|-damage|p1a: Moltres|74/100
|
|-weather|Snowscape|[upkeep]
|upkeep
|turn|2
|
|t:|1779676696
|switch|p2a: Alomomola|Alomomola, M|100/100
|move|p1a: Moltres|Roost|p1a: Moltres
|-heal|p1a: Moltres|100/100
|-singleturn|p1a: Moltres|move: Roost
|
|-weather|Snowscape|[upkeep]
|upkeep
|turn|3
|
|t:|1779676704
|move|p1a: Moltres|U-turn|p2a: Alomomola
|-damage|p2a: Alomomola|92/100
|-damage|p1a: Moltres|84/100|[from] item: Rocky Helmet|[of] p2a: Alomomola
|
|t:|1779676710
|switch|p1a: Walking Wake|Walking Wake|100/100|[from] U-turn
|move|p2a: Alomomola|Flip Turn|p1a: Walking Wake
|-resisted|p1a: Walking Wake
|-damage|p1a: Walking Wake|96/100
|
|t:|1779676719
|switch|p2a: Ambipom|Ambipom, F|100/100|[from] Flip Turn
|
|-weather|Snowscape|[upkeep]
|upkeep
|turn|4
|
|t:|1779676726
|move|p2a: Ambipom|Fake Out|p1a: Walking Wake
|-damage|p1a: Walking Wake|51/100
|cant|p1a: Walking Wake|flinch
|
|-weather|Snowscape|[upkeep]
|upkeep
|turn|5
|
|t:|1779676734
|switch|p2a: Slowking|Slowking, M|100/100
|move|p1a: Walking Wake|Flip Turn|p2a: Slowking
|-resisted|p2a: Slowking
|-damage|p2a: Slowking|92/100
|
|t:|1779676748
|-end|p1a: Walking Wake|Protosynthesis|[silent]
|switch|p1a: Kyurem|Kyurem|100/100|[from] Flip Turn
|-ability|p1a: Kyurem|Pressure
|
|-weather|none
|upkeep
|turn|6
|
|t:|1779676758
|switch|p1a: Hatterene|Hatterene, F|100/100
|move|p2a: Slowking|Psychic|p1a: Hatterene
|-resisted|p1a: Hatterene
|-damage|p1a: Hatterene|88/100
|
|upkeep
|turn|7
|
|t:|1779676770
|switch|p2a: Corviknight|Corviknight, F|100/100
|-ability|p2a: Corviknight|Pressure
|move|p1a: Hatterene|Nuzzle|p2a: Corviknight
|-supereffective|p2a: Corviknight
|-damage|p2a: Corviknight|95/100
|-status|p2a: Corviknight|par
|
|upkeep
|turn|8
|
|t:|1779676779
|move|p1a: Hatterene|Mystical Fire|p2a: Corviknight
|-supereffective|p2a: Corviknight
|-damage|p2a: Corviknight|58/100 par
|-unboost|p2a: Corviknight|spa|1
|move|p2a: Corviknight|Iron Head|p1a: Hatterene
|-supereffective|p1a: Hatterene
|-damage|p1a: Hatterene|33/100
|
|upkeep
|turn|9
|
|t:|1779676789
|switch|p1a: Zamazenta|Zamazenta|100/100
|-ability|p1a: Zamazenta|Dauntless Shield|boost
|-boost|p1a: Zamazenta|def|1
|switch|p2a: Alomomola|Alomomola, M|100/100
|
|upkeep
|turn|10
|
|t:|1779676803
|switch|p1a: Hatterene|Hatterene, F|33/100
|move|p2a: Alomomola|Wish|p2a: Alomomola
|
|upkeep
|turn|11
|
|t:|1779676811
|switch|p1a: Ninetales|Ninetales-Alola, F|100/100
|-weather|Snowscape|[from] ability: Snow Warning|[of] p1a: Ninetales
|move|p2a: Alomomola|Flip Turn|p1a: Ninetales
|-damage|p1a: Ninetales|85/100
|
|t:|1779676818
|switch|p2a: Corviknight|Corviknight, F|58/100 par|[from] Flip Turn
|-ability|p2a: Corviknight|Pressure
|
|-weather|Snowscape|[upkeep]
|-heal|p2a: Corviknight|100/100 par|[from] move: Wish|[wisher] Alomomola
|upkeep
|turn|12
|
|t:|1779676827
|switch|p1a: Moltres|Moltres|84/100
|cant|p2a: Corviknight|par
|
|-weather|Snowscape|[upkeep]
|upkeep
|turn|13
|
|t:|1779676840
|switch|p1a: Kyurem|Kyurem|100/100
|-ability|p1a: Kyurem|Pressure
|switch|p2a: Alomomola|Alomomola, M|100/100
|
|-weather|Snowscape|[upkeep]
|upkeep
|turn|14
|
|t:|1779676849
|move|p1a: Kyurem|Freeze-Dry|p2a: Alomomola
|-supereffective|p2a: Alomomola
|-damage|p2a: Alomomola|39/100
|move|p2a: Alomomola|Flip Turn|p1a: Kyurem
|-resisted|p1a: Kyurem
|-damage|p1a: Kyurem|95/100
|
|t:|1779676857
|switch|p2a: Slowking|Slowking, M|100/100|[from] Flip Turn
|
|-weather|Snowscape|[upkeep]
|upkeep
|turn|15
|
|t:|1779676864
|move|p1a: Kyurem|Dragon Dance|p1a: Kyurem
|-boost|p1a: Kyurem|atk|1
|-boost|p1a: Kyurem|spe|1
|move|p2a: Slowking|Psychic|p1a: Kyurem
|-damage|p1a: Kyurem|50/100
|
|-weather|none
|upkeep
|turn|16
|-message|athrel forfeited.
|
|win|yzyang
|raw|athrel's rating: 1381 &rarr; <strong>1358</strong><br />(-23 for losing)
|raw|yzyang's rating: 1320 &rarr; <strong>1343</strong><br />(+23 for winning)
|l|☆athrel
|player|p1|
|l|☆yzyang
|player|p2|
