|j|☆xkxhxll
|j|☆Pokemon blodown
|t:|1779722492
|gametype|singles
|player|p1|xkxhxll|dawn-gen4pt|1231
|player|p2|Pokemon blodown|170|1222
|gen|9
|tier|[Gen 9] OU
|rated|
|rule|HP Percentage Mod: HP is shown in percentages
|rule|Endless Battle Clause: Forcing endless battles is banned
|rule|Species Clause: Limit one of each Pokémon
|rule|OHKO Clause: OHKO moves are banned
|rule|Evasion Items Clause: Evasion items are banned
|rule|Evasion Moves Clause: Evasion moves are banned
|rule|Evasion Abilities Clause: Evasion abilities are banned
|rule|Sleep Moves Clause: Sleep-inducing moves are banned
|clearpoke
|poke|p1|Ninetales-Alola, F|
|poke|p1|Garchomp, M|
|poke|p1|Deoxys-Speed|
|poke|p1|Ogerpon-Wellspring, F|
|poke|p1|Grimmsnarl, M|
|poke|p1|Gholdengo|
|poke|p2|Hitmontop, M|
|poke|p2|Corviknight, M|
|poke|p2|Kyurem|
|poke|p2|Golurk|
|poke|p2|Umbreon, M|
|poke|p2|Azumarill, M|
|teampreview
|inactive|Battle timer is ON: inactive players will automatically lose when time's up. (requested by Pokemon blodown)
|
|t:|1779722512
|teamsize|p1|6
|teamsize|p2|6
|start
|switch|p1a: Deoxys|Deoxys-Speed|100/100
|switch|p2a: Kyurem|Kyurem|100/100
|-ability|p1a: Deoxys|Pressure
|-ability|p2a: Kyurem|Pressure
|turn|1
|
|t:|1779722525
|move|p1a: Deoxys|Thunder Wave|p2a: Kyurem
|-status|p2a: Kyurem|par
|move|p2a: Kyurem|Draco Meteor|p1a: Deoxys
|-damage|p1a: Deoxys|13/100
|-unboost|p2a: Kyurem|spa|2
|
|upkeep
|turn|2
|
|t:|1779722534
|move|p1a: Deoxys|Taunt|p2a: Kyurem
|-start|p2a: Kyurem|move: Taunt
|cant|p2a: Kyurem|par
|
|upkeep
|turn|3
|
|t:|1779722541
|move|p1a: Deoxys|Superpower|p2a: Kyurem
|-supereffective|p2a: Kyurem
|-damage|p2a: Kyurem|33/100 par
|-unboost|p1a: Deoxys|atk|1
|-unboost|p1a: Deoxys|def|1
|move|p2a: Kyurem|Draco Meteor|p1a: Deoxys
|-crit|p1a: Deoxys
|-damage|p1a: Deoxys|0 fnt
|-unboost|p2a: Kyurem|spa|2
|faint|p1a: Deoxys
|
|upkeep
|
|t:|1779722553
|switch|p1a: Ogerpon|Ogerpon-Wellspring, F|100/100
|turn|4
|
|t:|1779722558
|move|p1a: Ogerpon|Swords Dance|p1a: Ogerpon
|-boost|p1a: Ogerpon|atk|2
|cant|p2a: Kyurem|par
|
|-end|p2a: Kyurem|move: Taunt
|upkeep
|turn|5
|
|t:|1779722567
|-terastallize|p1a: Ogerpon|Water
|detailschange|p1a: Ogerpon|Ogerpon-Wellspring-Tera, F, tera:Water
|-ability|p1a: Ogerpon|Embody Aspect (Wellspring)|boost
|-boost|p1a: Ogerpon|spd|1
|move|p1a: Ogerpon|Swords Dance|p1a: Ogerpon
|-boost|p1a: Ogerpon|atk|2
|move|p2a: Kyurem|Draco Meteor|p1a: Ogerpon
|-damage|p1a: Ogerpon|83/100
|-unboost|p2a: Kyurem|spa|2
|
|upkeep
|turn|6
|
|t:|1779722581
|move|p1a: Ogerpon|Swords Dance|p1a: Ogerpon
|-boost|p1a: Ogerpon|atk|2
|move|p2a: Kyurem|Draco Meteor|p1a: Ogerpon
|-damage|p1a: Ogerpon|70/100
|
|upkeep
|turn|7
|
|t:|1779722589
|move|p1a: Ogerpon|Horn Leech|p2a: Kyurem
|-resisted|p2a: Kyurem
|-damage|p2a: Kyurem|0 fnt
|-heal|p1a: Ogerpon|89/100|[from] drain|[of] p2a: Kyurem
|faint|p2a: Kyurem
|
|upkeep
|
|t:|1779722593
|switch|p2a: Azumarill|Azumarill, M|100/100
|turn|8
|
|t:|1779722603
|move|p1a: Ogerpon|Horn Leech|p2a: Azumarill
|-ability|p2a: Azumarill|Sap Sipper|boost
|-boost|p2a: Azumarill|atk|1
|move|p2a: Azumarill|Perish Song|p2a: Azumarill
|-start|p1a: Ogerpon|perish3|[silent]
|-start|p2a: Azumarill|perish3|[silent]
|-fieldactivate|move: Perish Song
|
|-start|p1a: Ogerpon|perish3
|-start|p2a: Azumarill|perish3
|upkeep
|turn|9
|
|t:|1779722613
|move|p1a: Ogerpon|Ivy Cudgel|p2a: Azumarill|[anim] Ivy Cudgel Water
|-resisted|p2a: Azumarill
|-damage|p2a: Azumarill|0 fnt
|faint|p2a: Azumarill
|
|-start|p1a: Ogerpon|perish2
|upkeep
|
|t:|1779722617
|switch|p2a: Umbreon|Umbreon, M|100/100
|turn|10
|
|t:|1779722624
|move|p2a: Umbreon|Protect|p2a: Umbreon
|-singleturn|p2a: Umbreon|Protect
|move|p1a: Ogerpon|Play Rough|p2a: Umbreon
|-activate|p2a: Umbreon|move: Protect
|
|-start|p1a: Ogerpon|perish1
|upkeep
|turn|11
|
|t:|1779722636
|switch|p1a: Grimmsnarl|Grimmsnarl, M, shiny|100/100
|move|p2a: Umbreon|Protect||[still]
|-fail|p2a: Umbreon
|
|upkeep
|turn|12
|
|t:|1779722642
|move|p1a: Grimmsnarl|Thunder Wave|p2a: Umbreon
|-hint|Since gen 7, Dark is immune to Prankster moves.
|-immune|p2a: Umbreon
|move|p2a: Umbreon|Toxic|p1a: Grimmsnarl
|-status|p1a: Grimmsnarl|tox
|
|-damage|p1a: Grimmsnarl|94/100 tox|[from] psn
|upkeep
|turn|13
|
|t:|1779722655
|switch|p2a: Corviknight|Corviknight, M|100/100
|-ability|p2a: Corviknight|Pressure
|move|p1a: Grimmsnarl|Reflect|p1a: Grimmsnarl
|-sidestart|p1: xkxhxll|Reflect
|
|-damage|p1a: Grimmsnarl|82/100 tox|[from] psn
|upkeep
|turn|14
|
|t:|1779722667
|switch|p2a: Umbreon|Umbreon, M|100/100
|move|p1a: Grimmsnarl|Thunder Wave|p2a: Umbreon
|-hint|Since gen 7, Dark is immune to Prankster moves.
|-immune|p2a: Umbreon
|
|-damage|p1a: Grimmsnarl|64/100 tox|[from] psn
|upkeep
|turn|15
|
|t:|1779722678
|switch|p1a: Gholdengo|Gholdengo, shiny|100/100
|-item|p1a: Gholdengo|Air Balloon
|move|p2a: Umbreon|Foul Play|p1a: Gholdengo
|-supereffective|p1a: Gholdengo
|-damage|p1a: Gholdengo|82/100
|-enditem|p1a: Gholdengo|Air Balloon
|
|upkeep
|turn|16
|
|t:|1779722692
|move|p1a: Gholdengo|Nasty Plot|p1a: Gholdengo
|-boost|p1a: Gholdengo|spa|2
|move|p2a: Umbreon|Foul Play|p1a: Gholdengo
|-supereffective|p1a: Gholdengo
|-damage|p1a: Gholdengo|64/100
|
|upkeep
|turn|17
|
|t:|1779722702
|move|p1a: Gholdengo|Nasty Plot|p1a: Gholdengo
|-boost|p1a: Gholdengo|spa|2
|move|p2a: Umbreon|Foul Play|p1a: Gholdengo
|-supereffective|p1a: Gholdengo
|-damage|p1a: Gholdengo|45/100
|
|upkeep
|turn|18
|
|t:|1779722712
|move|p1a: Gholdengo|Recover|p1a: Gholdengo
|-heal|p1a: Gholdengo|95/100
|move|p2a: Umbreon|Foul Play|p1a: Gholdengo
|-supereffective|p1a: Gholdengo
|-damage|p1a: Gholdengo|78/100
|
|upkeep
|turn|19
|
|t:|1779722719
|move|p1a: Gholdengo|Make It Rain|p2a: Umbreon
|-damage|p2a: Umbreon|0 fnt
|-unboost|p1a: Gholdengo|spa|1
|faint|p2a: Umbreon
|
|upkeep
|
|t:|1779722728
|switch|p2a: Hitmontop|Hitmontop, M|100/100
|turn|20
|
|t:|1779722735
|move|p1a: Gholdengo|Shadow Ball|p2a: Hitmontop
|-damage|p2a: Hitmontop|32/100
|-unboost|p2a: Hitmontop|spd|1
|move|p2a: Hitmontop|Triple Axel|p1a: Gholdengo
|-resisted|p1a: Gholdengo
|-damage|p1a: Gholdengo|76/100
|-resisted|p1a: Gholdengo
|-damage|p1a: Gholdengo|72/100
|-resisted|p1a: Gholdengo
|-damage|p1a: Gholdengo|66/100
|-hitcount|p1a: Gholdengo|3
|
|-sideend|p1: xkxhxll|Reflect
|upkeep
|turn|21
|
|t:|1779722748
|move|p2a: Hitmontop|Bullet Punch|p1a: Gholdengo
|-resisted|p1a: Gholdengo
|-damage|p1a: Gholdengo|58/100
|move|p1a: Gholdengo|Shadow Ball|p2a: Hitmontop
|-damage|p2a: Hitmontop|0 fnt
|faint|p2a: Hitmontop
|
|upkeep
|
|t:|1779722750
|switch|p2a: Golurk|Golurk|100/100
|turn|22
|c|☆Pokemon blodown|Gg
|
|t:|1779722764
|move|p1a: Gholdengo|Shadow Ball|p2a: Golurk
|-supereffective|p2a: Golurk
|-damage|p2a: Golurk|0 fnt
|faint|p2a: Golurk
|
|upkeep
|
|t:|1779722766
|switch|p2a: Corviknight|Corviknight, M|100/100
|-ability|p2a: Corviknight|Pressure
|turn|23
|
|t:|1779722774
|move|p1a: Gholdengo|Shadow Ball|p2a: Corviknight
|-damage|p2a: Corviknight|1/100
|-unboost|p2a: Corviknight|spd|1
|move|p2a: Corviknight|Defog|p1a: Gholdengo
|-immune|p1a: Gholdengo|[from] ability: Good as Gold
|
|upkeep
|turn|24
|
|t:|1779722784
|move|p1a: Gholdengo|Shadow Ball|p2a: Corviknight
|-crit|p2a: Corviknight
|-damage|p2a: Corviknight|0 fnt
|faint|p2a: Corviknight
|
|win|xkxhxll
|raw|xkxhxll's rating: 1231 &rarr; <strong>1255</strong><br />(+24 for winning)
|raw|Pokemon blodown's rating: 1222 &rarr; <strong>1198</strong><br />(-24 for losing)
|l|☆Pokemon blodown
|player|p2|
|l|☆xkxhxll
|player|p1|
