|j|☆mastersannin
|j|☆erjtsers
|t:|1779715526
|gametype|singles
|player|p1|mastersannin|170|1545
|player|p2|erjtsers|pokemonbreeder|1629
|gen|9
|tier|[Gen 9] OU
|rated|
|rule|HP Percentage Mod: HP is shown in percentages
|rule|Endless Battle Clause: Forcing endless battles is banned
|rule|Species Clause: Limit one of each Pokémon
|rule|OHKO Clause: OHKO moves are banned
|rule|Evasion Items Clause: Evasion items are banned
|rule|Evasion Moves Clause: Evasion moves are banned
|rule|Evasion Abilities Clause: Evasion abilities are banned
|rule|Sleep Moves Clause: Sleep-inducing moves are banned
|clearpoke
|poke|p1|Samurott-Hisui, M|
|poke|p1|Zapdos|
|poke|p1|Iron Treads|
|poke|p1|Ceruledge, M|
|poke|p1|Gholdengo|
|poke|p1|Kingambit, M|
|poke|p2|Toxapex, M|
|poke|p2|Corviknight, F|
|poke|p2|Dondozo, M|
|poke|p2|Clefable, F|
|poke|p2|Gliscor, F|
|poke|p2|Clodsire, M|
|teampreview
|inactive|Battle timer is ON: inactive players will automatically lose when time's up. (requested by mastersannin)
|
|t:|1779715533
|teamsize|p1|6
|teamsize|p2|6
|start
|switch|p1a: Samurott|Samurott-Hisui, M|100/100
|switch|p2a: Clefable|Clefable, F|100/100
|turn|1
|
|t:|1779715537
|move|p1a: Samurott|Knock Off|p2a: Clefable
|-resisted|p2a: Clefable
|-damage|p2a: Clefable|85/100
|-enditem|p2a: Clefable|Sticky Barb|[from] move: Knock Off|[of] p1a: Samurott
|move|p2a: Clefable|Knock Off|p1a: Samurott
|-resisted|p1a: Samurott
|-damage|p1a: Samurott|92/100
|-enditem|p1a: Samurott|Assault Vest|[from] move: Knock Off|[of] p2a: Clefable
|
|upkeep
|turn|2
|
|t:|1779715545
|move|p1a: Samurott|Razor Shell|p2a: Clefable
|-damage|p2a: Clefable|48/100
|move|p2a: Clefable|Stealth Rock|p1a: Samurott
|-sidestart|p1: mastersannin|move: Stealth Rock
|
|upkeep
|turn|3
|
|t:|1779715549
|move|p1a: Samurott|Razor Shell|p2a: Clefable|[miss]
|-miss|p1a: Samurott|p2a: Clefable
|move|p2a: Clefable|Moonlight|p2a: Clefable
|-heal|p2a: Clefable|98/100
|
|upkeep
|turn|4
|
|t:|1779715558
|move|p1a: Samurott|Ceaseless Edge|p2a: Clefable
|-resisted|p2a: Clefable
|-damage|p2a: Clefable|80/100
|-sidestart|p2: erjtsers|Spikes
|move|p2a: Clefable|Knock Off|p1a: Samurott
|-resisted|p1a: Samurott
|-damage|p1a: Samurott|87/100
|
|upkeep
|turn|5
|
|t:|1779715562
|move|p1a: Samurott|Ceaseless Edge|p2a: Clefable
|-resisted|p2a: Clefable
|-damage|p2a: Clefable|64/100
|-sidestart|p2: erjtsers|Spikes
|move|p2a: Clefable|Moonblast|p1a: Samurott
|-supereffective|p1a: Samurott
|-damage|p1a: Samurott|22/100
|
|upkeep
|turn|6
|
|t:|1779715565
|move|p1a: Samurott|Razor Shell|p2a: Clefable
|-damage|p2a: Clefable|29/100
|move|p2a: Clefable|Moonlight|p2a: Clefable
|-heal|p2a: Clefable|79/100
|
|upkeep
|turn|7
|
|t:|1779715568
|move|p1a: Samurott|Razor Shell|p2a: Clefable
|-damage|p2a: Clefable|39/100
|-unboost|p2a: Clefable|def|1
|move|p2a: Clefable|Moonblast|p1a: Samurott
|-supereffective|p1a: Samurott
|-damage|p1a: Samurott|0 fnt
|faint|p1a: Samurott
|
|upkeep
|
|t:|1779715582
|switch|p1a: Iron Treads|Iron Treads|100/100
|-damage|p1a: Iron Treads|97/100|[from] Stealth Rock
|turn|8
|
|t:|1779715590
|switch|p2a: Gliscor|Gliscor, F|100/100
|move|p1a: Iron Treads|Knock Off|p2a: Gliscor
|-damage|p2a: Gliscor|82/100
|-enditem|p2a: Gliscor|Toxic Orb|[from] move: Knock Off|[of] p1a: Iron Treads
|
|-heal|p1a: Iron Treads|100/100|[from] item: Leftovers
|upkeep
|turn|9
|
|t:|1779715596
|move|p1a: Iron Treads|Stealth Rock|p2a: Gliscor
|-sidestart|p2: erjtsers|move: Stealth Rock
|move|p2a: Gliscor|Knock Off|p1a: Iron Treads
|-damage|p1a: Iron Treads|82/100
|-enditem|p1a: Iron Treads|Leftovers|[from] move: Knock Off|[of] p2a: Gliscor
|
|upkeep
|turn|10
|
|t:|1779715604
|-end|p1a: Iron Treads|Quark Drive|[silent]
|switch|p1a: Zapdos|Zapdos|100/100
|move|p2a: Gliscor|Protect||[still]
|-fail|p2a: Gliscor
|
|upkeep
|turn|11
|
|t:|1779715607
|move|p2a: Gliscor|Toxic|p1a: Zapdos
|-status|p1a: Zapdos|tox
|move|p1a: Zapdos|Hurricane|p2a: Gliscor
|-damage|p2a: Gliscor|25/100
|-start|p2a: Gliscor|confusion
|
|-damage|p1a: Zapdos|94/100 tox|[from] psn
|upkeep
|turn|12
|
|t:|1779715615
|-activate|p2a: Gliscor|confusion
|move|p2a: Gliscor|Protect|p2a: Gliscor
|-singleturn|p2a: Gliscor|Protect
|move|p1a: Zapdos|Hurricane|p2a: Gliscor
|-activate|p2a: Gliscor|move: Protect
|
|-damage|p1a: Zapdos|82/100 tox|[from] psn
|upkeep
|turn|13
|
|t:|1779715635
|switch|p1a: Iron Treads|Iron Treads|82/100
|-damage|p1a: Iron Treads|79/100|[from] Stealth Rock
|-activate|p2a: Gliscor|confusion
|move|p2a: Gliscor|Knock Off|p1a: Iron Treads
|-damage|p1a: Iron Treads|67/100
|
|upkeep
|turn|14
|
|t:|1779715643
|-activate|p2a: Gliscor|confusion
|move|p2a: Gliscor|Protect|p2a: Gliscor
|-singleturn|p2a: Gliscor|Protect
|move|p1a: Iron Treads|Knock Off|p2a: Gliscor
|-activate|p2a: Gliscor|move: Protect
|
|upkeep
|turn|15
|
|t:|1779715650
|move|p1a: Iron Treads|Knock Off|p2a: Gliscor
|-damage|p2a: Gliscor|13/100
|-end|p2a: Gliscor|confusion
|move|p2a: Gliscor|Knock Off|p1a: Iron Treads
|-damage|p1a: Iron Treads|53/100
|
|upkeep
|turn|16
|
|t:|1779715654
|move|p2a: Gliscor|Protect|p2a: Gliscor
|-singleturn|p2a: Gliscor|Protect
|move|p1a: Iron Treads|Knock Off|p2a: Gliscor
|-activate|p2a: Gliscor|move: Protect
|
|upkeep
|turn|17
|
|t:|1779715658
|move|p1a: Iron Treads|Knock Off|p2a: Gliscor
|-damage|p2a: Gliscor|0 fnt
|faint|p2a: Gliscor
|
|upkeep
|
|t:|1779715663
|switch|p2a: Corviknight|Corviknight, F|100/100
|-damage|p2a: Corviknight|88/100|[from] Stealth Rock
|-ability|p2a: Corviknight|Pressure
|turn|18
|
|t:|1779715667
|-end|p1a: Iron Treads|Quark Drive|[silent]
|switch|p1a: Gholdengo|Gholdengo|100/100
|-damage|p1a: Gholdengo|94/100|[from] Stealth Rock
|-item|p1a: Gholdengo|Air Balloon
|move|p2a: Corviknight|Defog|p1a: Gholdengo
|-immune|p1a: Gholdengo|[from] ability: Good as Gold
|
|-heal|p2a: Corviknight|94/100|[from] item: Leftovers
|upkeep
|turn|19
|
|t:|1779715671
|move|p1a: Gholdengo|Thunder Wave|p2a: Corviknight
|-status|p2a: Corviknight|par
|move|p2a: Corviknight|Brave Bird|p1a: Gholdengo
|-resisted|p1a: Gholdengo
|-damage|p1a: Gholdengo|81/100
|-enditem|p1a: Gholdengo|Air Balloon
|-damage|p2a: Corviknight|90/100 par|[from] Recoil
|
|-heal|p2a: Corviknight|96/100 par|[from] item: Leftovers
|upkeep
|turn|20
|
|t:|1779715689
|cant|p2a: Corviknight|par
|move|p1a: Gholdengo|Hex|p2a: Corviknight
|-damage|p2a: Corviknight|54/100 par
|
|-heal|p2a: Corviknight|60/100 par|[from] item: Leftovers
|upkeep
|turn|21
|
|t:|1779715694
|move|p1a: Gholdengo|Hex|p2a: Corviknight
|-damage|p2a: Corviknight|23/100 par
|move|p2a: Corviknight|Roost|p2a: Corviknight
|-heal|p2a: Corviknight|73/100 par
|-singleturn|p2a: Corviknight|move: Roost
|
|-heal|p2a: Corviknight|79/100 par|[from] item: Leftovers
|upkeep
|turn|22
|
|t:|1779715698
|move|p2a: Corviknight|Protect|p2a: Corviknight
|-singleturn|p2a: Corviknight|Protect
|move|p1a: Gholdengo|Hex|p2a: Corviknight
|-activate|p2a: Corviknight|move: Protect
|
|-heal|p2a: Corviknight|85/100 par|[from] item: Leftovers
|upkeep
|turn|23
|
|t:|1779715703
|cant|p2a: Corviknight|par
|move|p1a: Gholdengo|Hex|p2a: Corviknight
|-damage|p2a: Corviknight|48/100 par
|
|-heal|p2a: Corviknight|54/100 par|[from] item: Leftovers
|upkeep
|turn|24
|
|t:|1779715707
|move|p1a: Gholdengo|Hex|p2a: Corviknight
|-damage|p2a: Corviknight|13/100 par
|move|p2a: Corviknight|Roost|p2a: Corviknight
|-heal|p2a: Corviknight|63/100 par
|-singleturn|p2a: Corviknight|move: Roost
|
|-heal|p2a: Corviknight|69/100 par|[from] item: Leftovers
|upkeep
|turn|25
|
|t:|1779715710
|move|p2a: Corviknight|Protect|p2a: Corviknight
|-singleturn|p2a: Corviknight|Protect
|move|p1a: Gholdengo|Hex|p2a: Corviknight
|-activate|p2a: Corviknight|move: Protect
|
|-heal|p2a: Corviknight|75/100 par|[from] item: Leftovers
|upkeep
|turn|26
|
|t:|1779715719
|move|p1a: Gholdengo|Focus Blast|p2a: Corviknight|[miss]
|-miss|p1a: Gholdengo|p2a: Corviknight
|move|p2a: Corviknight|Roost|p2a: Corviknight
|-heal|p2a: Corviknight|100/100 par
|-singleturn|p2a: Corviknight|move: Roost
|
|upkeep
|turn|27
|
|t:|1779715723
|move|p1a: Gholdengo|Thunder Wave|p2a: Corviknight
|-fail|p2a: Corviknight|par
|move|p2a: Corviknight|Defog|p1a: Gholdengo
|-immune|p1a: Gholdengo|[from] ability: Good as Gold
|
|upkeep
|turn|28
|
|t:|1779715727
|cant|p2a: Corviknight|par
|move|p1a: Gholdengo|Thunder Wave|p2a: Corviknight
|-fail|p2a: Corviknight|par
|
|upkeep
|turn|29
|
|t:|1779715733
|cant|p2a: Corviknight|par
|move|p1a: Gholdengo|Hex|p2a: Corviknight
|-damage|p2a: Corviknight|62/100 par
|
|-heal|p2a: Corviknight|68/100 par|[from] item: Leftovers
|upkeep
|turn|30
|
|t:|1779715738
|move|p1a: Gholdengo|Thunder Wave|p2a: Corviknight|[miss]
|-miss|p1a: Gholdengo|p2a: Corviknight
|move|p2a: Corviknight|Roost|p2a: Corviknight
|-heal|p2a: Corviknight|100/100 par
|-singleturn|p2a: Corviknight|move: Roost
|
|upkeep
|turn|31
|
|t:|1779715748
|move|p2a: Corviknight|Protect|p2a: Corviknight
|-singleturn|p2a: Corviknight|Protect
|move|p1a: Gholdengo|Thunder Wave|p2a: Corviknight
|-activate|p2a: Corviknight|move: Protect
|
|upkeep
|turn|32
|
|t:|1779715753
|move|p2a: Corviknight|Protect||[still]
|-fail|p2a: Corviknight
|move|p1a: Gholdengo|Thunder Wave|p2a: Corviknight
|-fail|p2a: Corviknight|par
|
|upkeep
|turn|33
|
|t:|1779715756
|move|p2a: Corviknight|Protect|p2a: Corviknight
|-singleturn|p2a: Corviknight|Protect
|move|p1a: Gholdengo|Thunder Wave|p2a: Corviknight
|-activate|p2a: Corviknight|move: Protect
|
|upkeep
|turn|34
|
|t:|1779715763
|move|p1a: Gholdengo|Thunder Wave|p2a: Corviknight
|-fail|p2a: Corviknight|par
|move|p2a: Corviknight|Defog|p1a: Gholdengo
|-immune|p1a: Gholdengo|[from] ability: Good as Gold
|
|upkeep
|turn|35
|
|t:|1779715783
|switch|p1a: Iron Treads|Iron Treads|53/100
|-damage|p1a: Iron Treads|50/100|[from] Stealth Rock
|move|p2a: Corviknight|Protect||[still]
|-fail|p2a: Corviknight
|
|upkeep
|turn|36
|
|t:|1779715794
|-end|p1a: Iron Treads|Quark Drive|[silent]
|switch|p1a: Gholdengo|Gholdengo|81/100
|-damage|p1a: Gholdengo|75/100|[from] Stealth Rock
|switch|p2a: Clefable|Clefable, F|39/100
|
|upkeep
|turn|37
|
|t:|1779715803
|switch|p2a: Clodsire|Clodsire, M|100/100
|move|p1a: Gholdengo|Hex|p2a: Clodsire
|-damage|p2a: Clodsire|86/100
|
|upkeep
|turn|38
|
|t:|1779715809
|move|p1a: Gholdengo|Recover|p1a: Gholdengo
|-heal|p1a: Gholdengo|100/100
|move|p2a: Clodsire|Earthquake|p1a: Gholdengo
|-supereffective|p1a: Gholdengo
|-damage|p1a: Gholdengo|65/100
|
|upkeep
|turn|39
|
|t:|1779715815
|move|p1a: Gholdengo|Recover|p1a: Gholdengo
|-heal|p1a: Gholdengo|100/100
|move|p2a: Clodsire|Earthquake|p1a: Gholdengo
|-supereffective|p1a: Gholdengo
|-damage|p1a: Gholdengo|64/100
|
|upkeep
|turn|40
|
|t:|1779715821
|move|p1a: Gholdengo|Hex|p2a: Clodsire
|-damage|p2a: Clodsire|72/100
|move|p2a: Clodsire|Earthquake|p1a: Gholdengo
|-supereffective|p1a: Gholdengo
|-crit|p1a: Gholdengo
|-damage|p1a: Gholdengo|10/100
|
|upkeep
|turn|41
|
|t:|1779715824
|move|p1a: Gholdengo|Focus Blast|p2a: Clodsire
|-resisted|p2a: Clodsire
|-damage|p2a: Clodsire|63/100
|move|p2a: Clodsire|Earthquake|p1a: Gholdengo
|-supereffective|p1a: Gholdengo
|-damage|p1a: Gholdengo|0 fnt
|faint|p1a: Gholdengo
|
|upkeep
|
|t:|1779715827
|switch|p1a: Iron Treads|Iron Treads|50/100
|-damage|p1a: Iron Treads|47/100|[from] Stealth Rock
|turn|42
|
|t:|1779715836
|switch|p2a: Corviknight|Corviknight, F|100/100 par
|-damage|p2a: Corviknight|88/100 par|[from] Stealth Rock
|-ability|p2a: Corviknight|Pressure
|move|p1a: Iron Treads|Knock Off|p2a: Corviknight
|-damage|p2a: Corviknight|64/100 par
|-enditem|p2a: Corviknight|Leftovers|[from] move: Knock Off|[of] p1a: Iron Treads
|
|upkeep
|turn|43
|
|t:|1779715850
|cant|p2a: Corviknight|par
|move|p1a: Iron Treads|Rapid Spin|p2a: Corviknight
|-resisted|p2a: Corviknight
|-damage|p2a: Corviknight|57/100 par
|-boost|p1a: Iron Treads|spe|1
|-sideend|p1: mastersannin|Stealth Rock|[from] move: Rapid Spin|[of] p1a: Iron Treads
|
|upkeep
|turn|44
|
|t:|1779715857
|-end|p1a: Iron Treads|Quark Drive|[silent]
|switch|p1a: Zapdos|Zapdos|82/100 tox
|move|p2a: Corviknight|Roost|p2a: Corviknight
|-heal|p2a: Corviknight|100/100 par
|-singleturn|p2a: Corviknight|move: Roost
|
|-damage|p1a: Zapdos|76/100 tox|[from] psn
|upkeep
|turn|45
|
|t:|1779715860
|switch|p2a: Clodsire|Clodsire, M|63/100
|move|p1a: Zapdos|Volt Switch|p2a: Clodsire
|-immune|p2a: Clodsire
|
|-damage|p1a: Zapdos|64/100 tox|[from] psn
|upkeep
|turn|46
|
|t:|1779715865
|move|p1a: Zapdos|Hurricane|p2a: Clodsire
|-damage|p2a: Clodsire|41/100
|move|p2a: Clodsire|Spikes|p1a: Zapdos
|-sidestart|p1: mastersannin|Spikes
|
|-damage|p1a: Zapdos|46/100 tox|[from] psn
|upkeep
|turn|47
|
|t:|1779715870
|move|p1a: Zapdos|Hurricane|p2a: Clodsire|[miss]
|-miss|p1a: Zapdos|p2a: Clodsire
|move|p2a: Clodsire|Earthquake|p1a: Zapdos
|-immune|p1a: Zapdos
|
|-damage|p1a: Zapdos|22/100 tox|[from] psn
|upkeep
|turn|48
|
|t:|1779715873
|move|p1a: Zapdos|Hurricane|p2a: Clodsire
|-damage|p2a: Clodsire|18/100
|-start|p2a: Clodsire|confusion
|-activate|p2a: Clodsire|confusion
|move|p2a: Clodsire|Recover|p2a: Clodsire
|-heal|p2a: Clodsire|68/100
|
|-damage|p1a: Zapdos|0 fnt|[from] psn
|faint|p1a: Zapdos
|upkeep
|
|t:|1779715877
|switch|p1a: Ceruledge|Ceruledge, M|100/100
|turn|49
|
|t:|1779715886
|move|p1a: Ceruledge|Swords Dance|p1a: Ceruledge
|-boost|p1a: Ceruledge|atk|2
|-activate|p2a: Clodsire|confusion
|move|p2a: Clodsire|Recover|p2a: Clodsire
|-heal|p2a: Clodsire|100/100
|
|upkeep
|turn|50
|
|t:|1779715889
|move|p1a: Ceruledge|Poltergeist|p2a: Clodsire
|-activate|p2a: Clodsire|move: Poltergeist|Heavy-Duty Boots
|-damage|p2a: Clodsire|38/100
|-activate|p2a: Clodsire|confusion
|-damage|p2a: Clodsire|30/100|[from] confusion
|
|upkeep
|turn|51
|
|t:|1779715905
|switch|p2a: Dondozo|Dondozo, M|100/100
|-damage|p2a: Dondozo|84/100|[from] Spikes
|-damage|p2a: Dondozo|72/100|[from] Stealth Rock
|move|p1a: Ceruledge|Poltergeist|p2a: Dondozo
|-activate|p2a: Dondozo|move: Poltergeist|Leftovers
|-crit|p2a: Dondozo
|-damage|p2a: Dondozo|30/100
|
|-heal|p2a: Dondozo|36/100|[from] item: Leftovers
|upkeep
|turn|52
|
|t:|1779715918
|move|p1a: Ceruledge|Poltergeist|p2a: Dondozo
|-activate|p2a: Dondozo|move: Poltergeist|Leftovers
|-damage|p2a: Dondozo|10/100
|move|p2a: Dondozo|Rest|p2a: Dondozo
|-status|p2a: Dondozo|slp|[from] move: Rest
|-heal|p2a: Dondozo|100/100 slp|[silent]
|
|upkeep
|turn|53
|
|t:|1779715926
|switch|p1a: Kingambit|Kingambit, M|100/100
|-damage|p1a: Kingambit|88/100|[from] Spikes
|-activate|p1a: Kingambit|ability: Supreme Overlord
|-start|p1a: Kingambit|fallen3|[silent]
|cant|p2a: Dondozo|slp
|move|p2a: Dondozo|Sleep Talk|p2a: Dondozo
|move|p2a: Dondozo|Waterfall|p1a: Kingambit|[from] move: Sleep Talk
|-damage|p1a: Kingambit|64/100
|
|-heal|p1a: Kingambit|70/100|[from] item: Leftovers
|upkeep
|turn|54
|
|t:|1779715931
|-terastallize|p1a: Kingambit|Fighting
|move|p1a: Kingambit|Low Kick|p2a: Dondozo
|-damage|p2a: Dondozo|66/100 slp
|cant|p2a: Dondozo|slp
|move|p2a: Dondozo|Sleep Talk|p2a: Dondozo
|move|p2a: Dondozo|Rest||[from] move: Sleep Talk|[still]
|-fail|p2a: Dondozo
|
|-heal|p1a: Kingambit|76/100|[from] item: Leftovers
|-heal|p2a: Dondozo|72/100 slp|[from] item: Leftovers
|upkeep
|turn|55
|
|t:|1779715940
|move|p1a: Kingambit|Low Kick|p2a: Dondozo
|-damage|p2a: Dondozo|37/100 slp
|-curestatus|p2a: Dondozo|slp|[msg]
|move|p2a: Dondozo|Curse|p2a: Dondozo
|-unboost|p2a: Dondozo|spe|1
|-boost|p2a: Dondozo|atk|1
|-boost|p2a: Dondozo|def|1
|
|-heal|p1a: Kingambit|82/100|[from] item: Leftovers
|-heal|p2a: Dondozo|44/100|[from] item: Leftovers
|upkeep
|turn|56
|
|t:|1779715946
|move|p1a: Kingambit|Low Kick|p2a: Dondozo
|-damage|p2a: Dondozo|19/100
|move|p2a: Dondozo|Rest|p2a: Dondozo
|-status|p2a: Dondozo|slp|[from] move: Rest
|-heal|p2a: Dondozo|100/100 slp|[silent]
|
|-heal|p1a: Kingambit|88/100|[from] item: Leftovers
|upkeep
|turn|57
|-message|mastersannin forfeited.
|
|win|erjtsers
|raw|mastersannin's rating: 1545 &rarr; <strong>1530</strong><br />(-15 for losing)
|raw|erjtsers's rating: 1629 &rarr; <strong>1644</strong><br />(+15 for winning)
|l|☆mastersannin
|player|p1|
|l|☆erjtsers
|player|p2|
