|j|☆OP Earthquakes
|j|☆Supa Dupa Hoopa
|t:|1779643806
|gametype|singles
|player|p1|OP Earthquakes|giovanni-masters|1666
|player|p2|Supa Dupa Hoopa|170|1564
|gen|9
|tier|[Gen 9] OU
|rated|
|rule|HP Percentage Mod: HP is shown in percentages
|rule|Endless Battle Clause: Forcing endless battles is banned
|rule|Species Clause: Limit one of each Pokémon
|rule|OHKO Clause: OHKO moves are banned
|rule|Evasion Items Clause: Evasion items are banned
|rule|Evasion Moves Clause: Evasion moves are banned
|rule|Evasion Abilities Clause: Evasion abilities are banned
|rule|Sleep Moves Clause: Sleep-inducing moves are banned
|clearpoke
|poke|p1|Tyranitar, M|
|poke|p1|Pawmot, F|
|poke|p1|Ninetales-Alola, M|
|poke|p1|Excadrill, M|
|poke|p1|Hawlucha, M|
|poke|p1|Kyurem|
|poke|p2|Serperior, F|
|poke|p2|Cinderace, F|
|poke|p2|Corviknight, F|
|poke|p2|Alomomola, F|
|poke|p2|Ditto|
|poke|p2|Toxtricity-Low-Key, F|
|teampreview
|inactive|Battle timer is ON: inactive players will automatically lose when time's up. (requested by OP Earthquakes)
|
|t:|1779643822
|teamsize|p1|6
|teamsize|p2|6
|start
|switch|p1a: OP|Excadrill, M|100/100
|switch|p2a: What RU|Serperior, F|100/100
|turn|1
|
|t:|1779643827
|switch|p1a: Porunga|Pawmot, F|100/100
|move|p2a: What RU|Substitute|p2a: What RU
|-start|p2a: What RU|Substitute
|-damage|p2a: What RU|76/100
|
|-heal|p2a: What RU|82/100|[from] item: Leftovers
|upkeep
|turn|2
|
|t:|1779643834
|switch|p1a: Itachi|Hawlucha, M, shiny|100/100
|-ability|p1a: Itachi|Mold Breaker
|move|p2a: What RU|Leaf Storm|p1a: Itachi
|-resisted|p1a: Itachi
|-crit|p1a: Itachi
|-damage|p1a: Itachi|54/100
|-boost|p2a: What RU|spa|2
|-enditem|p1a: Itachi|Red Card|[of] p2a: What RU
|drag|p2a: Spongebob|Alomomola, F|100/100
|
|upkeep
|turn|3
|
|t:|1779643847
|move|p1a: Itachi|Swords Dance|p1a: Itachi
|-boost|p1a: Itachi|atk|2
|move|p2a: Spongebob|Flip Turn|p1a: Itachi
|-crit|p1a: Itachi
|-damage|p1a: Itachi|17/100
|
|t:|1779643854
|switch|p2a: ANOTHER ONE|Toxtricity-Low-Key, F|100/100|[from] Flip Turn
|
|upkeep
|turn|4
|
|t:|1779643861
|switch|p1a: OP|Excadrill, M|100/100
|move|p2a: ANOTHER ONE|Boomburst|p1a: OP
|-resisted|p1a: OP
|-damage|p1a: OP|47/100
|
|upkeep
|turn|5
|
|t:|1779643871
|switch|p1a: The sandstorm|Tyranitar, M, shiny|100/100
|-weather|Sandstorm|[from] ability: Sand Stream|[of] p1a: The sandstorm
|switch|p2a: Spongebob|Alomomola, F|100/100
|
|-weather|Sandstorm|[upkeep]
|-damage|p2a: Spongebob|94/100|[from] Sandstorm
|upkeep
|turn|6
|
|t:|1779643878
|move|p1a: The sandstorm|Stealth Rock|p2a: Spongebob
|-sidestart|p2: Supa Dupa Hoopa|move: Stealth Rock
|move|p2a: Spongebob|Flip Turn|p1a: The sandstorm
|-supereffective|p1a: The sandstorm
|-damage|p1a: The sandstorm|78/100
|
|t:|1779643894
|switch|p2a: CinderMiss|Cinderace, F|100/100|[from] Flip Turn
|
|-weather|Sandstorm|[upkeep]
|-damage|p2a: CinderMiss|95/100|[from] Sandstorm
|upkeep
|turn|7
|
|t:|1779643899
|move|p2a: CinderMiss|High Jump Kick|p1a: The sandstorm|[miss]
|-start|p2a: CinderMiss|typechange|Fighting|[from] ability: Libero
|-miss|p2a: CinderMiss|p1a: The sandstorm
|-damage|p2a: CinderMiss|45/100|[from] highjumpkick
|move|p1a: The sandstorm|Thunder Wave|p2a: CinderMiss
|-status|p2a: CinderMiss|par
|
|-weather|Sandstorm|[upkeep]
|-damage|p2a: CinderMiss|39/100 par|[from] Sandstorm
|upkeep
|turn|8
|
|t:|1779643911
|-terastallize|p1a: The sandstorm|Ghost
|move|p2a: CinderMiss|Court Change|p2a: CinderMiss
|-swapsideconditions
|-activate|p2a: CinderMiss|move: Court Change
|move|p1a: The sandstorm|Ice Beam|p2a: CinderMiss
|-damage|p2a: CinderMiss|0 fnt
|faint|p2a: CinderMiss
|
|-weather|Sandstorm|[upkeep]
|-damage|p1a: The sandstorm|72/100|[from] Sandstorm
|upkeep
|
|t:|1779643930
|switch|p2a: Mew1.5|Ditto|100/100
|-transform|p2a: Mew1.5|p1a: The sandstorm|[from] ability: Imposter
|-start|p2a: Mew1.5|typechange|Rock/Dark|[silent]
|turn|9
|c|☆OP Earthquakes|lol
|c|☆OP Earthquakes|what knock
|
|t:|1779643952
|switch|p2a: Spongebob|Alomomola, F|100/100
|switch|p1a: OP|Excadrill, M|47/100
|-damage|p1a: OP|44/100|[from] Stealth Rock
|
|-weather|Sandstorm|[upkeep]
|-damage|p2a: Spongebob|94/100|[from] Sandstorm
|upkeep
|turn|10
|
|t:|1779643961
|move|p1a: OP|Earthquake|p2a: Spongebob
|-damage|p2a: Spongebob|22/100
|move|p2a: Spongebob|Flip Turn|p1a: OP
|-supereffective|p1a: OP
|-damage|p1a: OP|0 fnt
|faint|p1a: OP
|
|t:|1779643967
|switch|p2a: What RU|Serperior, F|82/100|[from] Flip Turn
|
|-weather|Sandstorm|[upkeep]
|-damage|p2a: What RU|76/100|[from] Sandstorm
|-heal|p2a: What RU|82/100|[from] item: Leftovers
|upkeep
|
|t:|1779643973
|switch|p1a: Itachi|Hawlucha, M, shiny|17/100
|-damage|p1a: Itachi|5/100|[from] Stealth Rock
|-ability|p1a: Itachi|Mold Breaker
|turn|11
|inactive|Supa Dupa Hoopa has 120 seconds left.
|c|☆Supa Dupa Hoopa|At that point its not even really a tyranitar lol
|j| Little Cuack
|c|☆OP Earthquakes|oh?
|c|☆Supa Dupa Hoopa|just some... thing
|
|t:|1779644022
|move|p1a: Itachi|Defog|p2a: What RU
|-unboost|p2a: What RU|evasion|1
|-sideend|p1: OP Earthquakes|Stealth Rock|[from] move: Defog|[of] p1a: Itachi
|move|p2a: What RU|Leaf Storm|p1a: Itachi
|-resisted|p1a: Itachi
|-damage|p1a: Itachi|0 fnt
|-boost|p2a: What RU|spa|2
|faint|p1a: Itachi
|
|-weather|Sandstorm|[upkeep]
|-damage|p2a: What RU|76/100|[from] Sandstorm
|-heal|p2a: What RU|82/100|[from] item: Leftovers
|upkeep
|
|t:|1779644029
|switch|p1a: Toshiro|Kyurem, shiny|100/100
|-ability|p1a: Toshiro|Pressure
|turn|12
|
|t:|1779644041
|switch|p2a: Spongebob|Alomomola, F|55/100
|move|p1a: Toshiro|Freeze-Dry|p2a: Spongebob
|-supereffective|p2a: Spongebob
|-damage|p2a: Spongebob|6/100
|-status|p2a: Spongebob|frz
|
|-weather|none
|upkeep
|turn|13
|
|t:|1779644058
|move|p1a: Toshiro|Freeze-Dry|p2a: Spongebob
|-supereffective|p2a: Spongebob
|-damage|p2a: Spongebob|0 fnt
|faint|p2a: Spongebob
|
|upkeep
|inactive|Supa Dupa Hoopa has 90 seconds left.
|
|t:|1779644079
|switch|p2a: ANOTHER ONE|Toxtricity-Low-Key, F|100/100
|turn|14
|inactive|Supa Dupa Hoopa has 90 seconds left.
|
|t:|1779644087
|switch|p1a: The sandstorm|Tyranitar, M, shiny, tera:Ghost|72/100
|-weather|Sandstorm|[from] ability: Sand Stream|[of] p1a: The sandstorm
|-terastallize|p2a: ANOTHER ONE|Normal
|move|p2a: ANOTHER ONE|Sludge Bomb|p1a: The sandstorm
|-resisted|p1a: The sandstorm
|-damage|p1a: The sandstorm|37/100
|
|-weather|Sandstorm|[upkeep]
|-damage|p2a: ANOTHER ONE|94/100|[from] Sandstorm
|-damage|p1a: The sandstorm|31/100|[from] Sandstorm
|upkeep
|turn|15
|inactive|Supa Dupa Hoopa has 90 seconds left.
|
|t:|1779644115
|move|p2a: ANOTHER ONE|Sludge Bomb|p1a: The sandstorm
|-resisted|p1a: The sandstorm
|-damage|p1a: The sandstorm|0 fnt
|faint|p1a: The sandstorm
|
|-weather|Sandstorm|[upkeep]
|-damage|p2a: ANOTHER ONE|88/100|[from] Sandstorm
|upkeep
|
|t:|1779644121
|switch|p1a: Porunga|Pawmot, F|100/100
|turn|16
|
|t:|1779644125
|move|p1a: Porunga|Revival Blessing|p1a: Porunga
|-enditem|p1a: Porunga|Leppa Berry|[eat]
|-activate|p1a: Porunga|item: Leppa Berry|Revival Blessing|[consumed]
|
|t:|1779644129
|-heal|p1: OP|50/100|[from] move: Revival Blessing
|move|p2a: ANOTHER ONE|Sludge Bomb|p1a: Porunga
|-damage|p1a: Porunga|0 fnt
|faint|p1a: Porunga
|
|-weather|Sandstorm|[upkeep]
|-damage|p2a: ANOTHER ONE|82/100|[from] Sandstorm
|upkeep
|
|t:|1779644136
|switch|p1a: OP|Excadrill, M|50/100
|turn|17
|
|t:|1779644146
|switch|p2a: Skarmory-M|Corviknight, F|100/100
|-ability|p2a: Skarmory-M|Pressure
|move|p1a: OP|Iron Head|p2a: Skarmory-M
|-resisted|p2a: Skarmory-M
|-damage|p2a: Skarmory-M|78/100
|
|-weather|Sandstorm|[upkeep]
|-heal|p2a: Skarmory-M|84/100|[from] item: Leftovers
|upkeep
|turn|18
|
|t:|1779644154
|switch|p1a: Toshiro|Kyurem, shiny|100/100
|-ability|p1a: Toshiro|Pressure
|move|p2a: Skarmory-M|Bulk Up|p2a: Skarmory-M
|-boost|p2a: Skarmory-M|atk|1
|-boost|p2a: Skarmory-M|def|1
|
|-weather|Sandstorm|[upkeep]
|-damage|p1a: Toshiro|94/100|[from] Sandstorm
|-heal|p2a: Skarmory-M|91/100|[from] item: Leftovers
|upkeep
|turn|19
|inactive|Supa Dupa Hoopa has 90 seconds left.
|inactive|Supa Dupa Hoopa has 60 seconds left.
|
|t:|1779644222
|move|p1a: Toshiro|Freeze-Dry|p2a: Skarmory-M
|-damage|p2a: Skarmory-M|51/100
|move|p2a: Skarmory-M|Body Press|p1a: Toshiro
|-supereffective|p1a: Toshiro
|-damage|p1a: Toshiro|18/100
|
|-weather|Sandstorm|[upkeep]
|-damage|p1a: Toshiro|12/100|[from] Sandstorm
|-heal|p2a: Skarmory-M|57/100|[from] item: Leftovers
|upkeep
|turn|20
|inactive|Supa Dupa Hoopa has 60 seconds left.
|
|t:|1779644232
|move|p1a: Toshiro|Endeavor|p2a: Skarmory-M
|-damage|p2a: Skarmory-M|12/100
|move|p2a: Skarmory-M|Roost|p2a: Skarmory-M
|-heal|p2a: Skarmory-M|62/100
|-singleturn|p2a: Skarmory-M|move: Roost
|
|-weather|Sandstorm|[upkeep]
|-damage|p1a: Toshiro|6/100|[from] Sandstorm
|-heal|p2a: Skarmory-M|68/100|[from] item: Leftovers
|upkeep
|turn|21
|inactive|Supa Dupa Hoopa has 60 seconds left.
|
|t:|1779644243
|move|p1a: Toshiro|Endeavor|p2a: Skarmory-M
|-damage|p2a: Skarmory-M|6/100
|move|p2a: Skarmory-M|Roost|p2a: Skarmory-M
|-heal|p2a: Skarmory-M|56/100
|-singleturn|p2a: Skarmory-M|move: Roost
|
|-weather|none
|-heal|p2a: Skarmory-M|62/100|[from] item: Leftovers
|upkeep
|turn|22
|inactive|Supa Dupa Hoopa has 60 seconds left.
|
|t:|1779644253
|switch|p2a: Mew1.5|Ditto|100/100
|-transform|p2a: Mew1.5|p1a: Toshiro|[from] ability: Imposter
|-ability|p2a: Mew1.5|Pressure
|move|p1a: Toshiro|Endeavor|p2a: Mew1.5
|-damage|p2a: Mew1.5|7/100
|
|upkeep
|turn|23
|inactive|Supa Dupa Hoopa has 60 seconds left.
|
|t:|1779644270
|switch|p1a: Ninetales|Ninetales-Alola, M|100/100
|-weather|Snowscape|[from] ability: Snow Warning|[of] p1a: Ninetales
|move|p2a: Mew1.5|Earth Power|p1a: Ninetales
|-crit|p1a: Ninetales
|-damage|p1a: Ninetales|53/100
|
|-weather|Snowscape|[upkeep]
|upkeep
|turn|24
|inactive|Supa Dupa Hoopa has 60 seconds left.
|c|☆OP Earthquakes|nice crit
|j| himejijou
|inactive|Supa Dupa Hoopa has 30 seconds left.
|j| kanaete onegai
|c|☆Supa Dupa Hoopa|does it even do anything?
|inactive|Supa Dupa Hoopa has 20 seconds left.
|
|t:|1779644318
|move|p1a: Ninetales|Freeze-Dry|p2a: Mew1.5
|-damage|p2a: Mew1.5|0 fnt
|faint|p2a: Mew1.5
|
|-weather|Snowscape|[upkeep]
|upkeep
|inactive|Supa Dupa Hoopa has 25 seconds left this turn.
|inactive|Supa Dupa Hoopa has 20 seconds left.
|
|t:|1779644325
|switch|p2a: ANOTHER ONE|Toxtricity-Low-Key, F, tera:Normal|82/100
|turn|25
|inactive|Supa Dupa Hoopa has 30 seconds left this turn.
|
|t:|1779644350
|switch|p1a: OP|Excadrill, M|50/100
|move|p2a: ANOTHER ONE|Boomburst|p1a: OP
|-resisted|p1a: OP
|-damage|p1a: OP|0 fnt
|faint|p1a: OP
|
|-weather|Snowscape|[upkeep]
|upkeep
|inactive|OP Earthquakes has 120 seconds left.
|
|t:|1779644363
|switch|p1a: Toshiro|Kyurem, shiny|6/100
|-ability|p1a: Toshiro|Pressure
|turn|26
|inactive|OP Earthquakes has 120 seconds left.
|
|t:|1779644374
|move|p1a: Toshiro|Freeze-Dry|p2a: ANOTHER ONE
|-damage|p2a: ANOTHER ONE|19/100
|move|p2a: ANOTHER ONE|Boomburst|p1a: Toshiro
|-damage|p1a: Toshiro|0 fnt
|faint|p1a: Toshiro
|
|-weather|Snowscape|[upkeep]
|upkeep
|
|t:|1779644379
|switch|p1a: Ninetales|Ninetales-Alola, M|53/100
|turn|27
|
|t:|1779644382
|move|p1a: Ninetales|Freeze-Dry|p2a: ANOTHER ONE
|-crit|p2a: ANOTHER ONE
|-damage|p2a: ANOTHER ONE|0 fnt
|faint|p2a: ANOTHER ONE
|
|-weather|none
|upkeep
|inactive|Supa Dupa Hoopa has 60 seconds left.
|
|t:|1779644389
|switch|p2a: What RU|Serperior, F|82/100
|turn|28
|
|t:|1779644393
|move|p1a: Ninetales|Freeze-Dry|p2a: What RU
|-supereffective|p2a: What RU
|-damage|p2a: What RU|29/100
|move|p2a: What RU|Glare|p1a: Ninetales
|-status|p1a: Ninetales|par
|
|-heal|p2a: What RU|35/100|[from] item: Leftovers
|upkeep
|turn|29
|
|t:|1779644400
|move|p2a: What RU|Substitute|p2a: What RU
|-start|p2a: What RU|Substitute
|-damage|p2a: What RU|10/100
|move|p1a: Ninetales|Freeze-Dry|p2a: What RU
|-supereffective|p2a: What RU
|-end|p2a: What RU|Substitute
|
|-heal|p2a: What RU|17/100|[from] item: Leftovers
|upkeep
|turn|30
|
|t:|1779644408
|move|p2a: What RU|Leech Seed|p1a: Ninetales
|-start|p1a: Ninetales|move: Leech Seed
|cant|p1a: Ninetales|par
|
|-heal|p2a: What RU|23/100|[from] item: Leftovers
|-damage|p1a: Ninetales|41/100 par|[from] Leech Seed|[of] p2a: What RU
|-heal|p2a: What RU|33/100|[silent]
|upkeep
|turn|31
|c|☆OP Earthquakes|aight hax
|c|☆OP Earthquakes|not for me
|-message|OP Earthquakes forfeited.
|
|win|Supa Dupa Hoopa
|raw|OP Earthquakes's rating: 1666 &rarr; <strong>1640</strong><br />(-26 for losing)
|raw|Supa Dupa Hoopa's rating: 1564 &rarr; <strong>1590</strong><br />(+26 for winning)
|l|☆OP Earthquakes
|player|p1|
|c|☆Supa Dupa Hoopa|speed control lol
|l|☆Supa Dupa Hoopa
|player|p2|
|l| himejijou
|j|☆Supa Dupa Hoopa
|player|p2|Supa Dupa Hoopa|170|
|l|☆Supa Dupa Hoopa
|player|p2|
