|j|☆ScenicScarab618
|j|☆jetatuni
|t:|1779610491
|gametype|singles
|player|p1|ScenicScarab618|red|1146
|player|p2|jetatuni|infielder|1150
|gen|9
|tier|[Gen 9] OU
|rated|
|rule|HP Percentage Mod: HP is shown in percentages
|rule|Endless Battle Clause: Forcing endless battles is banned
|rule|Species Clause: Limit one of each Pokémon
|rule|OHKO Clause: OHKO moves are banned
|rule|Evasion Items Clause: Evasion items are banned
|rule|Evasion Moves Clause: Evasion moves are banned
|rule|Evasion Abilities Clause: Evasion abilities are banned
|rule|Sleep Moves Clause: Sleep-inducing moves are banned
|clearpoke
|poke|p1|Gengar, M|
|poke|p1|Mew|
|poke|p1|Venusaur, M|
|poke|p1|Greninja-*, M|
|poke|p1|Blaziken, M|
|poke|p1|Darkrai|
|poke|p2|Hatterene, F|
|poke|p2|Pelipper, M|
|poke|p2|Hariyama, M|
|poke|p2|Cresselia, F|
|poke|p2|Ursaluna, M|
|poke|p2|Porygon2|
|teampreview
|inactive|Battle timer is ON: inactive players will automatically lose when time's up. (requested by jetatuni)
|
|t:|1779610507
|teamsize|p1|6
|teamsize|p2|6
|start
|switch|p1a: Blaziken|Blaziken, M|100/100
|switch|p2a: Duck Duck Goobs|Porygon2|100/100
|-ability|p2a: Duck Duck Goobs|Download|boost
|-boost|p2a: Duck Duck Goobs|atk|1
|turn|1
|
|t:|1779610516
|-terastallize|p2a: Duck Duck Goobs|Ground
|move|p1a: Blaziken|Swords Dance|p1a: Blaziken
|-boost|p1a: Blaziken|atk|2
|move|p2a: Duck Duck Goobs|Trick Room|p2a: Duck Duck Goobs
|-fieldstart|move: Trick Room|[of] p2a: Duck Duck Goobs
|
|-ability|p1a: Blaziken|Speed Boost|boost
|-boost|p1a: Blaziken|spe|1
|upkeep
|turn|2
|
|t:|1779610534
|switch|p2a: Late Hibernation|Ursaluna, M|100/100
|move|p1a: Blaziken|Flare Blitz|p2a: Late Hibernation
|-damage|p2a: Late Hibernation|0 fnt
|faint|p2a: Late Hibernation
|-damage|p1a: Blaziken|50/100|[from] Recoil
|
|-ability|p1a: Blaziken|Speed Boost|boost
|-boost|p1a: Blaziken|spe|1
|upkeep
|
|t:|1779610541
|switch|p2a: Lindsay Throwhandz|Hariyama, M|100/100
|turn|3
|
|t:|1779610547
|switch|p1a: Mew|Mew, shiny|100/100
|move|p2a: Lindsay Throwhandz|Drain Punch|p1a: Mew
|-resisted|p1a: Mew
|-damage|p1a: Mew|83/100
|
|-heal|p1a: Mew|89/100|[from] item: Leftovers
|upkeep
|turn|4
|
|t:|1779610554
|move|p2a: Lindsay Throwhandz|Knock Off|p1a: Mew
|-supereffective|p1a: Mew
|-damage|p1a: Mew|21/100
|-enditem|p1a: Mew|Leftovers|[from] move: Knock Off|[of] p2a: Lindsay Throwhandz
|move|p1a: Mew|Psychic|p2a: Lindsay Throwhandz
|-supereffective|p2a: Lindsay Throwhandz
|-damage|p2a: Lindsay Throwhandz|13/100
|-enditem|p2a: Lindsay Throwhandz|Sitrus Berry|[eat]
|-heal|p2a: Lindsay Throwhandz|37/100|[from] item: Sitrus Berry
|
|upkeep
|turn|5
|
|t:|1779610562
|move|p2a: Lindsay Throwhandz|Knock Off|p1a: Mew
|-supereffective|p1a: Mew
|-damage|p1a: Mew|0 fnt
|faint|p1a: Mew
|
|-fieldend|move: Trick Room
|upkeep
|
|t:|1779610591
|switch|p1a: Greninja|Greninja, M|100/100
|turn|6
|
|t:|1779610599
|switch|p2a: Sydney Sipme|Hatterene, F|100/100
|move|p1a: Greninja|Surf|p2a: Sydney Sipme
|-damage|p2a: Sydney Sipme|53/100
|
|upkeep
|turn|7
|
|t:|1779610608
|move|p1a: Greninja|Gunk Shot|p2a: Sydney Sipme
|-supereffective|p2a: Sydney Sipme
|-damage|p2a: Sydney Sipme|2/100
|move|p2a: Sydney Sipme|Trick Room|p2a: Sydney Sipme
|-fieldstart|move: Trick Room|[of] p2a: Sydney Sipme
|
|upkeep
|turn|8
|
|t:|1779610624
|switch|p1a: Venusaur|Venusaur, M|100/100
|move|p2a: Sydney Sipme|Healing Wish|p2a: Sydney Sipme
|faint|p2a: Sydney Sipme
|
|upkeep
|
|t:|1779610630
|switch|p2a: Lindsay Throwhandz|Hariyama, M|37/100
|-heal|p2a: Lindsay Throwhandz|100/100|[from] move: Healing Wish
|turn|9
|
|t:|1779610646
|move|p2a: Lindsay Throwhandz|Belly Drum|p2a: Lindsay Throwhandz
|-damage|p2a: Lindsay Throwhandz|50/100
|-setboost|p2a: Lindsay Throwhandz|atk|6|[from] move: Belly Drum
|move|p1a: Venusaur|Giga Drain|p2a: Lindsay Throwhandz
|-damage|p2a: Lindsay Throwhandz|14/100
|
|upkeep
|turn|10
|
|t:|1779610655
|move|p2a: Lindsay Throwhandz|Knock Off|p1a: Venusaur
|-damage|p1a: Venusaur|0 fnt
|-enditem|p1a: Venusaur|Leftovers|[from] move: Knock Off|[of] p2a: Lindsay Throwhandz
|faint|p1a: Venusaur
|
|upkeep
|
|t:|1779610666
|switch|p1a: Blaziken|Blaziken, M|50/100
|turn|11
|
|t:|1779610672
|move|p2a: Lindsay Throwhandz|Drain Punch|p1a: Blaziken
|-damage|p1a: Blaziken|0 fnt
|-heal|p2a: Lindsay Throwhandz|31/100|[from] drain|[of] p1a: Blaziken
|faint|p1a: Blaziken
|
|-fieldend|move: Trick Room
|upkeep
|
|t:|1779610678
|switch|p1a: Gengar|Gengar, M|100/100
|turn|12
|
|t:|1779610684
|move|p2a: Lindsay Throwhandz|Bullet Punch|p1a: Gengar
|-damage|p1a: Gengar|0 fnt
|-start|p2a: Lindsay Throwhandz|Disable|Bullet Punch|[from] ability: Cursed Body|[of] p1a: Gengar
|faint|p1a: Gengar
|
|upkeep
|
|t:|1779610697
|switch|p1a: Darkrai|Darkrai|100/100
|turn|13
|
|t:|1779610703
|switch|p2a: Duck Duck Goobs|Porygon2, tera:Ground|100/100
|-ability|p2a: Duck Duck Goobs|Download|boost
|-boost|p2a: Duck Duck Goobs|spa|1
|move|p1a: Darkrai|Hex|p2a: Duck Duck Goobs
|-damage|p2a: Duck Duck Goobs|86/100
|
|upkeep
|turn|14
|
|t:|1779610718
|-terastallize|p1a: Darkrai|Dark
|move|p1a: Darkrai|Nasty Plot|p1a: Darkrai
|-boost|p1a: Darkrai|spa|2
|move|p2a: Duck Duck Goobs|Thunder|p1a: Darkrai
|-damage|p1a: Darkrai|34/100
|
|-heal|p1a: Darkrai|40/100|[from] item: Leftovers
|upkeep
|turn|15
|
|t:|1779610727
|move|p1a: Darkrai|Dark Pulse|p2a: Duck Duck Goobs
|-damage|p2a: Duck Duck Goobs|17/100
|cant|p2a: Duck Duck Goobs|flinch
|
|-heal|p1a: Darkrai|46/100|[from] item: Leftovers
|upkeep
|turn|16
|
|t:|1779610734
|switch|p2a: JD Dance|Pelipper, M|100/100
|-weather|RainDance|[from] ability: Drizzle|[of] p2a: JD Dance
|move|p1a: Darkrai|Nasty Plot|p1a: Darkrai
|-boost|p1a: Darkrai|spa|2
|
|-weather|RainDance|[upkeep]
|-heal|p1a: Darkrai|52/100|[from] item: Leftovers
|upkeep
|turn|17
|
|t:|1779610742
|move|p1a: Darkrai|Dark Pulse|p2a: JD Dance
|-damage|p2a: JD Dance|0 fnt
|faint|p2a: JD Dance
|
|-weather|RainDance|[upkeep]
|-heal|p1a: Darkrai|59/100|[from] item: Leftovers
|upkeep
|
|t:|1779610747
|switch|p2a: Duck Duck Goobs|Porygon2, tera:Ground|17/100
|-ability|p2a: Duck Duck Goobs|Download|boost
|-boost|p2a: Duck Duck Goobs|spa|1
|turn|18
|
|t:|1779610751
|move|p1a: Darkrai|Dark Pulse|p2a: Duck Duck Goobs
|-damage|p2a: Duck Duck Goobs|0 fnt
|faint|p2a: Duck Duck Goobs
|
|-weather|RainDance|[upkeep]
|-heal|p1a: Darkrai|65/100|[from] item: Leftovers
|upkeep
|
|t:|1779610753
|switch|p2a: Better Call Stall|Cresselia, F|100/100
|turn|19
|
|t:|1779610760
|move|p1a: Darkrai|Dark Pulse|p2a: Better Call Stall
|-supereffective|p2a: Better Call Stall
|-damage|p2a: Better Call Stall|0 fnt
|faint|p2a: Better Call Stall
|
|-weather|RainDance|[upkeep]
|-heal|p1a: Darkrai|71/100|[from] item: Leftovers
|upkeep
|-message|jetatuni forfeited.
|
|win|ScenicScarab618
|raw|ScenicScarab618's rating: 1146 &rarr; <strong>1171</strong><br />(+25 for winning)
|raw|jetatuni's rating: 1150 &rarr; <strong>1125</strong><br />(-25 for losing)
|l|☆jetatuni
|player|p2|
|l|☆ScenicScarab618
|player|p1|
