|j|☆Satoshi248
|j|☆mateufw
|t:|1779645928
|gametype|singles
|player|p1|Satoshi248|hilbert|1231
|player|p2|mateufw|firebreather|1216
|gen|9
|tier|[Gen 9] OU
|rated|
|rule|HP Percentage Mod: HP is shown in percentages
|rule|Endless Battle Clause: Forcing endless battles is banned
|rule|Species Clause: Limit one of each Pokémon
|rule|OHKO Clause: OHKO moves are banned
|rule|Evasion Items Clause: Evasion items are banned
|rule|Evasion Moves Clause: Evasion moves are banned
|rule|Evasion Abilities Clause: Evasion abilities are banned
|rule|Sleep Moves Clause: Sleep-inducing moves are banned
|clearpoke
|poke|p1|Porygon2|
|poke|p1|Toxapex, F|
|poke|p1|Garchomp, M|
|poke|p1|Arcanine, M|
|poke|p1|Blissey, F|
|poke|p1|Greninja-*, M|
|poke|p2|Hoopa|
|poke|p2|Cinderace, M|
|poke|p2|Mandibuzz, F|
|poke|p2|Kyurem|
|poke|p2|Ting-Lu|
|poke|p2|Manaphy|
|teampreview
|inactive|Battle timer is ON: inactive players will automatically lose when time's up. (requested by mateufw)
|
|t:|1779645947
|teamsize|p1|6
|teamsize|p2|6
|start
|switch|p1a: Garchomp|Garchomp, M|100/100
|switch|p2a: Cinderace|Cinderace, M|100/100
|turn|1
|
|t:|1779645958
|move|p2a: Cinderace|U-turn|p1a: Garchomp
|-start|p2a: Cinderace|typechange|Bug|[from] ability: Libero
|-crit|p1a: Garchomp
|-damage|p1a: Garchomp|45/100
|-damage|p2a: Cinderace|88/100|[from] ability: Rough Skin|[of] p1a: Garchomp
|
|t:|1779645966
|switch|p2a: Mandibuzz|Mandibuzz, F, shiny|100/100|[from] U-turn
|move|p1a: Garchomp|Stone Edge|p2a: Mandibuzz
|-supereffective|p2a: Mandibuzz
|-damage|p2a: Mandibuzz|42/100
|
|upkeep
|turn|2
|
|t:|1779645980
|switch|p2a: Manaphy|Manaphy|100/100
|move|p1a: Garchomp|Stone Edge|p2a: Manaphy
|-damage|p2a: Manaphy|58/100
|
|-heal|p2a: Manaphy|64/100|[from] item: Leftovers
|upkeep
|turn|3
|
|t:|1779645990
|switch|p1a: Toxapex|Toxapex, F|100/100
|move|p2a: Manaphy|Alluring Voice|p1a: Toxapex
|-resisted|p1a: Toxapex
|-damage|p1a: Toxapex|93/100
|
|-heal|p2a: Manaphy|70/100|[from] item: Leftovers
|-heal|p1a: Toxapex|99/100|[from] item: Black Sludge
|upkeep
|turn|4
|
|t:|1779646000
|-terastallize|p2a: Manaphy|Poison
|move|p2a: Manaphy|Tail Glow|p2a: Manaphy
|-boost|p2a: Manaphy|spa|3
|move|p1a: Toxapex|Toxic|p2a: Manaphy
|-immune|p2a: Manaphy
|
|-heal|p2a: Manaphy|76/100|[from] item: Leftovers
|-heal|p1a: Toxapex|100/100|[from] item: Black Sludge
|upkeep
|turn|5
|
|t:|1779646012
|switch|p1a: Blissey|Blissey, F|100/100
|move|p2a: Manaphy|Tail Glow|p2a: Manaphy
|-boost|p2a: Manaphy|spa|3
|
|-heal|p2a: Manaphy|83/100|[from] item: Leftovers
|upkeep
|turn|6
|
|t:|1779646020
|move|p2a: Manaphy|Scald|p1a: Blissey
|-damage|p1a: Blissey|70/100
|move|p1a: Blissey|Calm Mind|p1a: Blissey
|-boost|p1a: Blissey|spa|1
|-boost|p1a: Blissey|spd|1
|
|-heal|p2a: Manaphy|89/100|[from] item: Leftovers
|-heal|p1a: Blissey|76/100|[from] item: Leftovers
|upkeep
|turn|7
|
|t:|1779646030
|move|p2a: Manaphy|Scald|p1a: Blissey
|-damage|p1a: Blissey|54/100
|move|p1a: Blissey|Calm Mind|p1a: Blissey
|-boost|p1a: Blissey|spa|1
|-boost|p1a: Blissey|spd|1
|
|-heal|p2a: Manaphy|95/100|[from] item: Leftovers
|-heal|p1a: Blissey|60/100|[from] item: Leftovers
|upkeep
|turn|8
|
|t:|1779646039
|switch|p2a: Cinderace|Cinderace, M|88/100
|move|p1a: Blissey|Calm Mind|p1a: Blissey
|-boost|p1a: Blissey|spa|1
|-boost|p1a: Blissey|spd|1
|
|-heal|p1a: Blissey|66/100|[from] item: Leftovers
|upkeep
|turn|9
|
|t:|1779646052
|switch|p1a: Toxapex|Toxapex, F|100/100
|move|p2a: Cinderace|U-turn|p1a: Toxapex
|-start|p2a: Cinderace|typechange|Bug|[from] ability: Libero
|-resisted|p1a: Toxapex
|-damage|p1a: Toxapex|89/100
|
|t:|1779646063
|switch|p2a: Kyurem|Kyurem|100/100|[from] U-turn
|-ability|p2a: Kyurem|Pressure
|
|-heal|p1a: Toxapex|95/100|[from] item: Black Sludge
|upkeep
|turn|10
|
|t:|1779646084
|move|p2a: Kyurem|Earth Power|p1a: Toxapex
|-supereffective|p1a: Toxapex
|-damage|p1a: Toxapex|38/100
|-unboost|p1a: Toxapex|spd|1
|move|p1a: Toxapex|Toxic|p2a: Kyurem
|-status|p2a: Kyurem|tox
|
|-heal|p1a: Toxapex|44/100|[from] item: Black Sludge
|-damage|p2a: Kyurem|94/100 tox|[from] psn
|upkeep
|turn|11
|inactive|Satoshi248 has 120 seconds left.
|
|t:|1779646114
|-terastallize|p1a: Toxapex|Flying
|move|p2a: Kyurem|Earth Power|p1a: Toxapex
|-immune|p1a: Toxapex
|move|p1a: Toxapex|Toxic Spikes|p2a: Kyurem
|-sidestart|p2: mateufw|move: Toxic Spikes
|
|-damage|p1a: Toxapex|31/100|[from] item: Black Sludge
|-damage|p2a: Kyurem|82/100 tox|[from] psn
|upkeep
|turn|12
|inactive|mateufw has 120 seconds left.
|inactive|mateufw has 90 seconds left.
|
|t:|1779646191
|switch|p2a: Cinderace|Cinderace, M|88/100
|-status|p2a: Cinderace|psn
|move|p1a: Toxapex|Baneful Bunker||[still]
|-fail|p1a: Toxapex
|
|-damage|p1a: Toxapex|19/100|[from] item: Black Sludge
|-damage|p2a: Cinderace|76/100 psn|[from] psn
|upkeep
|turn|13
|inactive|Satoshi248 has 90 seconds left.
|
|t:|1779646222
|move|p1a: Toxapex|Baneful Bunker|p1a: Toxapex
|-singleturn|p1a: Toxapex|move: Protect
|move|p2a: Cinderace|Pyro Ball|p1a: Toxapex
|-activate|p1a: Toxapex|move: Protect
|
|-damage|p1a: Toxapex|7/100|[from] item: Black Sludge
|-damage|p2a: Cinderace|64/100 psn|[from] psn
|upkeep
|turn|14
|inactive|Satoshi248 has 90 seconds left.
|inactive|mateufw has 60 seconds left.
|
|t:|1779646244
|move|p2a: Cinderace|High Jump Kick|p1a: Toxapex
|-start|p2a: Cinderace|typechange|Fighting|[from] ability: Libero
|-resisted|p1a: Toxapex
|-damage|p1a: Toxapex|0 fnt
|faint|p1a: Toxapex
|
|-damage|p2a: Cinderace|51/100 psn|[from] psn
|upkeep
|
|t:|1779646263
|switch|p1a: Arcanine|Arcanine, M|100/100
|-ability|p1a: Arcanine|Intimidate|boost
|-unboost|p2a: Cinderace|atk|1
|turn|15
|
|t:|1779646273
|move|p2a: Cinderace|Court Change|p2a: Cinderace
|-swapsideconditions
|-activate|p2a: Cinderace|move: Court Change
|move|p1a: Arcanine|Overheat|p2a: Cinderace
|-damage|p2a: Cinderace|0 fnt
|-unboost|p1a: Arcanine|spa|2
|faint|p2a: Cinderace
|
|upkeep
|
|t:|1779646290
|switch|p2a: Hoopa|Hoopa|100/100
|turn|16
|inactive|Satoshi248 has 90 seconds left.
|
|t:|1779646301
|move|p1a: Arcanine|Flare Blitz|p2a: Hoopa
|-damage|p2a: Hoopa|1/100
|-enditem|p2a: Hoopa|Aguav Berry|[eat]
|-heal|p2a: Hoopa|34/100|[from] item: Aguav Berry
|-damage|p1a: Arcanine|67/100|[from] Recoil
|move|p2a: Hoopa|Calm Mind|p2a: Hoopa
|-boost|p2a: Hoopa|spa|1
|-boost|p2a: Hoopa|spd|1
|
|upkeep
|turn|17
|inactive|Satoshi248 has 90 seconds left.
|
|t:|1779646314
|switch|p2a: Manaphy|Manaphy, tera:Poison|95/100
|move|p1a: Arcanine|Double-Edge|p2a: Manaphy
|-damage|p2a: Manaphy|51/100
|-damage|p1a: Arcanine|49/100|[from] Recoil
|
|-heal|p2a: Manaphy|58/100|[from] item: Leftovers
|upkeep
|turn|18
|inactive|Satoshi248 has 90 seconds left.
|
|t:|1779646332
|move|p2a: Manaphy|Scald|p1a: Arcanine
|-supereffective|p1a: Arcanine
|-damage|p1a: Arcanine|0 fnt
|faint|p1a: Arcanine
|
|-heal|p2a: Manaphy|64/100|[from] item: Leftovers
|upkeep
|
|t:|1779646340
|switch|p1a: Garchomp|Garchomp, M|45/100
|-status|p1a: Garchomp|psn
|turn|19
|inactive|mateufw has 90 seconds left.
|
|t:|1779646350
|switch|p2a: Hoopa|Hoopa|34/100
|move|p1a: Garchomp|Outrage|p2a: Hoopa
|-damage|p2a: Hoopa|0 fnt
|faint|p2a: Hoopa
|
|-damage|p1a: Garchomp|33/100 psn|[from] psn
|upkeep
|inactive|mateufw has 90 seconds left.
|
|t:|1779646361
|switch|p2a: Kyurem|Kyurem|82/100 tox
|-ability|p2a: Kyurem|Pressure
|turn|20
|inactive|mateufw has 90 seconds left.
|
|t:|1779646366
|move|p2a: Kyurem|Freeze-Dry|p1a: Garchomp
|-supereffective|p1a: Garchomp
|-damage|p1a: Garchomp|0 fnt
|faint|p1a: Garchomp
|
|-damage|p2a: Kyurem|76/100 tox|[from] psn
|upkeep
|inactive|Satoshi248 has 90 seconds left.
|
|t:|1779646379
|switch|p1a: Porygon2|Porygon2, shiny|100/100
|-status|p1a: Porygon2|psn
|turn|21
|
|t:|1779646390
|switch|p2a: Ting-Lucifer|Ting-Lu|100/100
|-ability|p2a: Ting-Lucifer|Vessel of Ruin
|move|p1a: Porygon2|Tri Attack|p2a: Ting-Lucifer
|-damage|p2a: Ting-Lucifer|69/100
|
|-damage|p1a: Porygon2|88/100 psn|[from] psn
|upkeep
|turn|22
|
|t:|1779646401
|move|p1a: Porygon2|Ice Beam|p2a: Ting-Lucifer
|-supereffective|p2a: Ting-Lucifer
|-damage|p2a: Ting-Lucifer|35/100
|-enditem|p2a: Ting-Lucifer|Weakness Policy
|-boost|p2a: Ting-Lucifer|atk|2|[from] item: Weakness Policy
|-boost|p2a: Ting-Lucifer|spa|2|[from] item: Weakness Policy
|move|p2a: Ting-Lucifer|Stealth Rock|p1a: Porygon2
|-sidestart|p1: Satoshi248|move: Stealth Rock
|
|-damage|p1a: Porygon2|76/100 psn|[from] psn
|upkeep
|turn|23
|
|t:|1779646411
|switch|p2a: Kyurem|Kyurem|76/100 tox
|-ability|p2a: Kyurem|Pressure
|move|p1a: Porygon2|Ice Beam|p2a: Kyurem
|-damage|p2a: Kyurem|39/100 tox
|
|-damage|p2a: Kyurem|33/100 tox|[from] psn
|-damage|p1a: Porygon2|64/100 psn|[from] psn
|upkeep
|turn|24
|inactive|Satoshi248 has 90 seconds left.
|
|t:|1779646427
|switch|p1a: Blissey|Blissey, F|66/100
|-status|p1a: Blissey|psn
|-damage|p1a: Blissey|54/100 psn|[from] Stealth Rock
|move|p2a: Kyurem|Draco Meteor|p1a: Blissey
|-damage|p1a: Blissey|36/100 psn
|-unboost|p2a: Kyurem|spa|2
|
|-heal|p1a: Blissey|42/100 psn|[from] item: Leftovers
|-damage|p2a: Kyurem|21/100 tox|[from] psn
|-damage|p1a: Blissey|30/100 psn|[from] psn
|upkeep
|turn|25
|inactive|Satoshi248 has 90 seconds left.
|
|t:|1779646442
|switch|p2a: Mandibuzz|Mandibuzz, F, shiny|42/100
|-curestatus|p1a: Blissey|psn|[from] ability: Natural Cure|[silent]
|switch|p1a: Greninja|Greninja, M|100/100
|-status|p1a: Greninja|psn
|-damage|p1a: Greninja|88/100 psn|[from] Stealth Rock
|
|-damage|p1a: Greninja|76/100 psn|[from] psn
|upkeep
|turn|26
|inactive|Satoshi248 has 90 seconds left.
|
|t:|1779646458
|move|p1a: Greninja|Surf|p2a: Mandibuzz
|-damage|p2a: Mandibuzz|0 fnt
|faint|p2a: Mandibuzz
|-ability|p1a: Greninja|Battle Bond|boost
|-boost|p1a: Greninja|atk|1
|-boost|p1a: Greninja|spa|1
|-boost|p1a: Greninja|spe|1
|-activate|p1a: Greninja|ability: Battle Bond
|
|-damage|p1a: Greninja|64/100 psn|[from] psn
|upkeep
|
|t:|1779646465
|switch|p2a: Manaphy|Manaphy, tera:Poison|64/100
|turn|27
|
|t:|1779646471
|move|p1a: Greninja|Surf|p2a: Manaphy
|-damage|p2a: Manaphy|0 fnt
|faint|p2a: Manaphy
|
|-damage|p1a: Greninja|51/100 psn|[from] psn
|upkeep
|
|t:|1779646477
|switch|p2a: Kyurem|Kyurem|21/100 tox
|-ability|p2a: Kyurem|Pressure
|turn|28
|
|t:|1779646492
|switch|p1a: Blissey|Blissey, F|30/100
|-status|p1a: Blissey|psn
|-damage|p1a: Blissey|17/100 psn|[from] Stealth Rock
|move|p2a: Kyurem|Freeze-Dry|p1a: Blissey
|-damage|p1a: Blissey|8/100 psn
|
|-heal|p1a: Blissey|14/100 psn|[from] item: Leftovers
|-damage|p2a: Kyurem|15/100 tox|[from] psn
|-damage|p1a: Blissey|2/100 psn|[from] psn
|upkeep
|turn|29
|inactive|mateufw has 120 seconds left.
|
|t:|1779646511
|switch|p2a: Ting-Lucifer|Ting-Lu|35/100
|-ability|p2a: Ting-Lucifer|Vessel of Ruin
|move|p1a: Blissey|Protect||[still]
|-fail|p1a: Blissey
|
|-heal|p1a: Blissey|8/100 psn|[from] item: Leftovers
|-damage|p1a: Blissey|0 fnt|[from] psn
|faint|p1a: Blissey
|upkeep
|
|t:|1779646522
|switch|p1a: Greninja|Greninja, M|51/100 psn
|-damage|p1a: Greninja|39/100 psn|[from] Stealth Rock
|turn|30
|
|t:|1779646533
|move|p1a: Greninja|Surf|p2a: Ting-Lucifer
|-supereffective|p2a: Ting-Lucifer
|-damage|p2a: Ting-Lucifer|0 fnt
|faint|p2a: Ting-Lucifer
|
|-damage|p1a: Greninja|27/100 psn|[from] psn
|upkeep
|
|t:|1779646536
|switch|p2a: Kyurem|Kyurem|15/100 tox
|-ability|p2a: Kyurem|Pressure
|turn|31
|inactive|mateufw has 120 seconds left.
|
|t:|1779646573
|move|p2a: Kyurem|Draco Meteor|p1a: Greninja
|-damage|p1a: Greninja|0 fnt
|-unboost|p2a: Kyurem|spa|2
|faint|p1a: Greninja
|
|-damage|p2a: Kyurem|8/100 tox|[from] psn
|upkeep
|
|t:|1779646581
|switch|p1a: Porygon2|Porygon2, shiny|64/100 psn
|-damage|p1a: Porygon2|52/100 psn|[from] Stealth Rock
|turn|32
|c|☆mateufw|crit
|c|☆mateufw|crit
|inactive|mateufw has 120 seconds left.
|
|t:|1779646592
|move|p2a: Kyurem|Draco Meteor|p1a: Porygon2
|-damage|p1a: Porygon2|30/100 psn
|-unboost|p2a: Kyurem|spa|2
|move|p1a: Porygon2|Tri Attack|p2a: Kyurem
|-damage|p2a: Kyurem|0 fnt
|faint|p2a: Kyurem
|
|win|Satoshi248
|raw|Satoshi248's rating: 1231 &rarr; <strong>1255</strong><br />(+24 for winning)
|raw|mateufw's rating: 1216 &rarr; <strong>1192</strong><br />(-24 for losing)
|l|☆mateufw
|player|p2|
|l|☆Satoshi248
|player|p1|
