|j|☆a2533540231
|j|☆mjdj
|t:|1779714915
|gametype|singles
|player|p1|a2533540231|1|1116
|player|p2|mjdj|cynthia-masters4|1071
|gen|9
|tier|[Gen 9] OU
|rated|
|rule|HP Percentage Mod: HP is shown in percentages
|rule|Endless Battle Clause: Forcing endless battles is banned
|rule|Species Clause: Limit one of each Pokémon
|rule|OHKO Clause: OHKO moves are banned
|rule|Evasion Items Clause: Evasion items are banned
|rule|Evasion Moves Clause: Evasion moves are banned
|rule|Evasion Abilities Clause: Evasion abilities are banned
|rule|Sleep Moves Clause: Sleep-inducing moves are banned
|clearpoke
|poke|p1|Hitmontop, M|
|poke|p1|Grimmsnarl, M|
|poke|p1|Zapdos|
|poke|p1|Alomomola, F|
|poke|p1|Gliscor, F|
|poke|p1|Meowscarada, M|
|poke|p2|Ribombee, M|
|poke|p2|Scizor, F|
|poke|p2|Breloom, F|
|poke|p2|Maushold-Four|
|poke|p2|Scyther, M|
|poke|p2|Gholdengo|
|teampreview
|
|t:|1779714923
|teamsize|p1|6
|teamsize|p2|6
|start
|switch|p1a: Hitmontop|Hitmontop, M|100/100
|switch|p2a: Maushold|Maushold-Four|100/100
|turn|1
|inactive|Battle timer is ON: inactive players will automatically lose when time's up. (requested by a2533540231)
|
|t:|1779714929
|-terastallize|p2a: Maushold|Ghost
|move|p1a: Hitmontop|Fake Out|p2a: Maushold
|-immune|p2a: Maushold
|move|p2a: Maushold|Tidy Up|p2a: Maushold
|-boost|p2a: Maushold|atk|1
|-boost|p2a: Maushold|spe|1
|
|upkeep
|turn|2
|
|t:|1779714936
|switch|p1a: Alomomola|Alomomola, F|100/100
|move|p2a: Maushold|Encore||[still]
|-fail|p2a: Maushold
|
|upkeep
|turn|3
|
|t:|1779714943
|move|p2a: Maushold|Population Bomb|p1a: Alomomola
|-damage|p1a: Alomomola|90/100
|-damage|p2a: Maushold|84/100|[from] item: Rocky Helmet|[of] p1a: Alomomola
|-damage|p1a: Alomomola|81/100
|-damage|p2a: Maushold|67/100|[from] item: Rocky Helmet|[of] p1a: Alomomola
|-damage|p1a: Alomomola|70/100
|-damage|p2a: Maushold|51/100|[from] item: Rocky Helmet|[of] p1a: Alomomola
|-damage|p1a: Alomomola|60/100
|-damage|p2a: Maushold|34/100|[from] item: Rocky Helmet|[of] p1a: Alomomola
|-damage|p1a: Alomomola|51/100
|-damage|p2a: Maushold|17/100|[from] item: Rocky Helmet|[of] p1a: Alomomola
|-damage|p1a: Alomomola|42/100
|-damage|p2a: Maushold|1/100|[from] item: Rocky Helmet|[of] p1a: Alomomola
|-damage|p1a: Alomomola|32/100
|-damage|p2a: Maushold|0 fnt|[from] item: Rocky Helmet|[of] p1a: Alomomola
|faint|p2a: Maushold
|-hitcount|p1a: Alomomola|7
|move|p1a: Alomomola|Flip Turn|p2: Maushold|[notarget]
|-fail|p1a: Alomomola
|
|upkeep
|
|t:|1779714969
|switch|p2a: Breloom|Breloom, F|100/100
|turn|4
|
|t:|1779714979
|switch|p1a: Gliscor|Gliscor, F|100/100
|move|p2a: Breloom|Bullet Seed|p1a: Gliscor
|-damage|p1a: Gliscor|82/100
|-damage|p1a: Gliscor|63/100
|-damage|p1a: Gliscor|43/100
|-damage|p1a: Gliscor|24/100
|-damage|p1a: Gliscor|5/100
|-hitcount|p1a: Gliscor|5
|
|-status|p1a: Gliscor|tox|[from] item: Toxic Orb
|upkeep
|turn|5
|
|t:|1779714990
|move|p2a: Breloom|Mach Punch|p1a: Gliscor
|-resisted|p1a: Gliscor
|-damage|p1a: Gliscor|0 fnt
|faint|p1a: Gliscor
|
|upkeep
|
|t:|1779715001
|switch|p1a: Meowscarada|Meowscarada, M|100/100
|turn|6
|
|t:|1779715007
|move|p1a: Meowscarada|Triple Axel|p2a: Breloom
|-start|p1a: Meowscarada|typechange|Ice|[from] ability: Protean
|-supereffective|p2a: Breloom
|-damage|p2a: Breloom|71/100
|-supereffective|p2a: Breloom
|-damage|p2a: Breloom|13/100
|-hitcount|p2a: Breloom|2
|move|p2a: Breloom|Rock Tomb|p1a: Meowscarada
|-supereffective|p1a: Meowscarada
|-damage|p1a: Meowscarada|9/100
|-unboost|p1a: Meowscarada|spe|1
|
|upkeep
|turn|7
|
|t:|1779715018
|move|p2a: Breloom|Mach Punch|p1a: Meowscarada
|-supereffective|p1a: Meowscarada
|-damage|p1a: Meowscarada|0 fnt
|faint|p1a: Meowscarada
|
|upkeep
|
|t:|1779715022
|switch|p1a: Hitmontop|Hitmontop, M|100/100
|turn|8
|
|t:|1779715025
|switch|p2a: Gholdengo|Gholdengo|100/100
|-item|p2a: Gholdengo|Air Balloon
|move|p1a: Hitmontop|Fake Out|p2a: Gholdengo
|-immune|p2a: Gholdengo
|
|upkeep
|turn|9
|
|t:|1779715053
|move|p1a: Hitmontop|Bullet Punch|p2a: Gholdengo
|-resisted|p2a: Gholdengo
|-damage|p2a: Gholdengo|91/100
|-enditem|p2a: Gholdengo|Air Balloon
|move|p2a: Gholdengo|Nasty Plot|p2a: Gholdengo
|-boost|p2a: Gholdengo|spa|2
|
|upkeep
|turn|10
|-message|a2533540231 forfeited.
|
|win|mjdj
|raw|a2533540231's rating: 1116 &rarr; <strong>1088</strong><br />(-28 for losing)
|raw|mjdj's rating: 1071 &rarr; <strong>1104</strong><br />(+33 for winning)
|l|☆a2533540231
|player|p1|
|c|☆mjdj|!!
