|j|☆DropAFreezeDry
|j|☆8t88
|t:|1779642622
|gametype|singles
|player|p1|DropAFreezeDry|candice|1344
|player|p2|8t88|265|1376
|gen|9
|tier|[Gen 9] OU
|rated|
|rule|HP Percentage Mod: HP is shown in percentages
|rule|Endless Battle Clause: Forcing endless battles is banned
|rule|Species Clause: Limit one of each Pokémon
|rule|OHKO Clause: OHKO moves are banned
|rule|Evasion Items Clause: Evasion items are banned
|rule|Evasion Moves Clause: Evasion moves are banned
|rule|Evasion Abilities Clause: Evasion abilities are banned
|rule|Sleep Moves Clause: Sleep-inducing moves are banned
|clearpoke
|poke|p1|Glaceon, F|
|poke|p1|Ninetales-Alola, F|
|poke|p1|Basculegion-F, F|
|poke|p1|Ogerpon-Wellspring, F|
|poke|p1|Iron Treads|
|poke|p1|Weavile, F|
|poke|p2|Weavile, F|
|poke|p2|Volcanion|
|poke|p2|Great Tusk|
|poke|p2|Hatterene, F|
|poke|p2|Gholdengo|
|poke|p2|Dragonite, F|
|teampreview
|inactive|Battle timer is ON: inactive players will automatically lose when time's up. (requested by DropAFreezeDry)
|
|t:|1779642635
|teamsize|p1|6
|teamsize|p2|6
|start
|switch|p1a: Basculegion|Basculegion-F, F|100/100
|switch|p2a: Gholdengo|Gholdengo|100/100
|turn|1
|
|t:|1779642638
|move|p2a: Gholdengo|Shadow Ball|p1a: Basculegion
|-supereffective|p1a: Basculegion
|-damage|p1a: Basculegion|1/100
|move|p1a: Basculegion|Shadow Ball|p2a: Gholdengo
|-supereffective|p2a: Gholdengo
|-damage|p2a: Gholdengo|0 fnt
|faint|p2a: Gholdengo
|
|upkeep
|
|t:|1779642644
|switch|p2a: Weavile|Weavile, F|100/100
|turn|2
|
|t:|1779642648
|switch|p1a: Ninetales|Ninetales-Alola, F|100/100
|-weather|Snowscape|[from] ability: Snow Warning|[of] p1a: Ninetales
|move|p2a: Weavile|Knock Off|p1a: Ninetales
|-resisted|p1a: Ninetales
|-damage|p1a: Ninetales|66/100
|-enditem|p1a: Ninetales|Light Clay|[from] move: Knock Off|[of] p2a: Weavile
|
|-weather|Snowscape|[upkeep]
|upkeep
|turn|3
|
|t:|1779642666
|switch|p2a: Volcanion|Volcanion|100/100
|move|p1a: Ninetales|Aurora Veil|p1a: Ninetales
|-sidestart|p1: DropAFreezeDry|move: Aurora Veil
|
|-weather|Snowscape|[upkeep]
|upkeep
|turn|4
|
|t:|1779642685
|switch|p1a: Glaceon|Glaceon, F|100/100
|move|p2a: Volcanion|Flamethrower|p1a: Glaceon
|-supereffective|p1a: Glaceon
|-damage|p1a: Glaceon|52/100
|
|-weather|Snowscape|[upkeep]
|-heal|p1a: Glaceon|58/100|[from] ability: Ice Body
|upkeep
|turn|5
|
|t:|1779642691
|move|p2a: Volcanion|Flamethrower|p1a: Glaceon
|-supereffective|p1a: Glaceon
|-damage|p1a: Glaceon|11/100
|-status|p1a: Glaceon|brn
|move|p1a: Glaceon|Freeze-Dry|p2a: Volcanion
|-damage|p2a: Volcanion|39/100
|
|-weather|Snowscape|[upkeep]
|-heal|p1a: Glaceon|17/100 brn|[from] ability: Ice Body
|-damage|p1a: Glaceon|11/100 brn|[from] brn
|upkeep
|turn|6
|
|t:|1779642706
|switch|p1a: Basculegion|Basculegion-F, F|1/100
|move|p2a: Volcanion|Flamethrower|p1a: Basculegion
|-resisted|p1a: Basculegion
|-damage|p1a: Basculegion|0 fnt
|faint|p1a: Basculegion
|
|-weather|none
|upkeep
|
|t:|1779642715
|switch|p1a: Iron Treads|Iron Treads|100/100
|-enditem|p1a: Iron Treads|Booster Energy
|-activate|p1a: Iron Treads|ability: Quark Drive|[fromitem]
|-start|p1a: Iron Treads|quarkdriveatk
|turn|7
|
|t:|1779642718
|switch|p2a: Hatterene|Hatterene, F|100/100
|move|p1a: Iron Treads|Earthquake|p2a: Hatterene
|-damage|p2a: Hatterene|40/100
|
|-sideend|p1: DropAFreezeDry|move: Aurora Veil
|upkeep
|turn|8
|
|t:|1779642723
|move|p1a: Iron Treads|Earthquake|p2a: Hatterene
|-damage|p2a: Hatterene|0 fnt
|faint|p2a: Hatterene
|
|upkeep
|
|t:|1779642726
|switch|p2a: Great Tusk|Great Tusk|100/100
|turn|9
|
|t:|1779642738
|-terastallize|p1a: Iron Treads|Ground
|move|p1a: Iron Treads|Earthquake|p2a: Great Tusk
|-damage|p2a: Great Tusk|33/100
|move|p2a: Great Tusk|Rapid Spin|p1a: Iron Treads
|-damage|p1a: Iron Treads|86/100
|-boost|p2a: Great Tusk|spe|1
|
|upkeep
|turn|10
|
|t:|1779642750
|move|p2a: Great Tusk|Headlong Rush|p1a: Iron Treads
|-damage|p1a: Iron Treads|34/100
|-unboost|p2a: Great Tusk|def|1
|-unboost|p2a: Great Tusk|spd|1
|move|p1a: Iron Treads|Rapid Spin|p2a: Great Tusk
|-damage|p2a: Great Tusk|6/100
|-boost|p1a: Iron Treads|spe|1
|
|upkeep
|turn|11
|
|t:|1779642755
|move|p1a: Iron Treads|Earthquake|p2a: Great Tusk
|-damage|p2a: Great Tusk|0 fnt
|faint|p2a: Great Tusk
|-end|p2a: Great Tusk|Protosynthesis|[silent]
|
|upkeep
|
|t:|1779642756
|switch|p2a: Dragonite|Dragonite, F|100/100
|turn|12
|
|t:|1779642758
|move|p1a: Iron Treads|Ice Spinner|p2a: Dragonite
|-supereffective|p2a: Dragonite
|-damage|p2a: Dragonite|19/100
|move|p2a: Dragonite|Dragon Dance|p2a: Dragonite
|-boost|p2a: Dragonite|atk|1
|-boost|p2a: Dragonite|spe|1
|
|-heal|p2a: Dragonite|25/100|[from] item: Leftovers
|upkeep
|turn|13
|
|t:|1779642762
|move|p1a: Iron Treads|Ice Spinner|p2a: Dragonite
|-supereffective|p2a: Dragonite
|-damage|p2a: Dragonite|0 fnt
|faint|p2a: Dragonite
|
|upkeep
|-message|8t88 forfeited.
|
|win|DropAFreezeDry
|raw|DropAFreezeDry's rating: 1344 &rarr; <strong>1366</strong><br />(+22 for winning)
|raw|8t88's rating: 1376 &rarr; <strong>1354</strong><br />(-22 for losing)
|l|☆8t88
|player|p2|
|l|☆DropAFreezeDry
|player|p1|
