|j|☆livelylopunny
|j|☆Sharpergamer
|t:|1779684911
|gametype|singles
|player|p1|livelylopunny|clair|1262
|player|p2|Sharpergamer|gentleman|1258
|gen|9
|tier|[Gen 9] OU
|rated|
|rule|HP Percentage Mod: HP is shown in percentages
|rule|Endless Battle Clause: Forcing endless battles is banned
|rule|Species Clause: Limit one of each Pokémon
|rule|OHKO Clause: OHKO moves are banned
|rule|Evasion Items Clause: Evasion items are banned
|rule|Evasion Moves Clause: Evasion moves are banned
|rule|Evasion Abilities Clause: Evasion abilities are banned
|rule|Sleep Moves Clause: Sleep-inducing moves are banned
|clearpoke
|poke|p1|Dudunsparce-*, M|
|poke|p1|Ogerpon-Wellspring, F|
|poke|p1|Grimmsnarl, M|
|poke|p1|Serperior, F|
|poke|p1|Great Tusk|
|poke|p1|Tinkaton, F|
|poke|p2|Goodra, F|
|poke|p2|Krookodile, M|
|poke|p2|Kingambit, M|
|poke|p2|Gengar, M|
|poke|p2|Cinderace, M|
|poke|p2|Mamoswine, F|
|teampreview
|inactive|Battle timer is ON: inactive players will automatically lose when time's up. (requested by livelylopunny)
|
|t:|1779684922
|teamsize|p1|6
|teamsize|p2|6
|start
|switch|p1a: Tinkaton|Tinkaton, F|100/100
|switch|p2a: Cinderace|Cinderace, M|100/100
|-ability|p1a: Tinkaton|Mold Breaker
|-item|p1a: Tinkaton|Air Balloon
|turn|1
|
|t:|1779684928
|move|p2a: Cinderace|Will-O-Wisp|p1a: Tinkaton
|-status|p1a: Tinkaton|brn
|move|p1a: Tinkaton|Thunder Wave|p2a: Cinderace
|-status|p2a: Cinderace|par
|
|-damage|p1a: Tinkaton|94/100 brn|[from] brn
|upkeep
|turn|2
|
|t:|1779684936
|move|p1a: Tinkaton|Stealth Rock|p2a: Cinderace
|-sidestart|p2: Sharpergamer|move: Stealth Rock
|move|p2a: Cinderace|Pyro Ball|p1a: Tinkaton
|-supereffective|p1a: Tinkaton
|-damage|p1a: Tinkaton|0 fnt
|-enditem|p1a: Tinkaton|Air Balloon
|faint|p1a: Tinkaton
|
|upkeep
|
|t:|1779684946
|switch|p1a: Grimmsnarl|Grimmsnarl, M|100/100
|turn|3
|
|t:|1779684949
|move|p1a: Grimmsnarl|Parting Shot|p2a: Cinderace
|-unboost|p2a: Cinderace|atk|1
|-unboost|p2a: Cinderace|spa|1
|
|t:|1779684954
|switch|p1a: Dudunsparce|Dudunsparce, M|100/100|[from] Parting Shot
|move|p2a: Cinderace|Iron Head|p1a: Dudunsparce
|-start|p2a: Cinderace|typechange|Steel|[from] ability: Libero
|-damage|p1a: Dudunsparce|76/100
|
|-heal|p1a: Dudunsparce|82/100|[from] item: Leftovers
|upkeep
|turn|4
|
|t:|1779684962
|move|p1a: Dudunsparce|Calm Mind|p1a: Dudunsparce
|-boost|p1a: Dudunsparce|spa|1
|-boost|p1a: Dudunsparce|spd|1
|move|p2a: Cinderace|Will-O-Wisp|p1a: Dudunsparce
|-status|p1a: Dudunsparce|brn
|
|-heal|p1a: Dudunsparce|88/100 brn|[from] item: Leftovers
|-damage|p1a: Dudunsparce|82/100 brn|[from] brn
|upkeep
|turn|5
|
|t:|1779684971
|switch|p2a: Mamoswine|Mamoswine, F|100/100
|-damage|p2a: Mamoswine|88/100|[from] Stealth Rock
|move|p1a: Dudunsparce|Calm Mind|p1a: Dudunsparce
|-boost|p1a: Dudunsparce|spa|1
|-boost|p1a: Dudunsparce|spd|1
|
|-heal|p1a: Dudunsparce|88/100 brn|[from] item: Leftovers
|-damage|p1a: Dudunsparce|82/100 brn|[from] brn
|upkeep
|turn|6
|
|t:|1779684980
|move|p2a: Mamoswine|Rock Blast|p1a: Dudunsparce|[miss]
|-miss|p2a: Mamoswine|p1a: Dudunsparce
|move|p1a: Dudunsparce|Boomburst|p2a: Mamoswine
|-damage|p2a: Mamoswine|0 fnt
|faint|p2a: Mamoswine
|
|-heal|p1a: Dudunsparce|88/100 brn|[from] item: Leftovers
|-damage|p1a: Dudunsparce|82/100 brn|[from] brn
|upkeep
|
|t:|1779684994
|switch|p2a: Krookodile|Krookodile, M|100/100
|-damage|p2a: Krookodile|94/100|[from] Stealth Rock
|turn|7
|
|t:|1779685000
|-terastallize|p2a: Krookodile|Dragon
|move|p2a: Krookodile|Scale Shot|p1a: Dudunsparce
|-damage|p1a: Dudunsparce|69/100 brn
|-damage|p1a: Dudunsparce|57/100 brn
|-damage|p1a: Dudunsparce|44/100 brn
|-damage|p1a: Dudunsparce|33/100 brn
|-damage|p1a: Dudunsparce|21/100 brn
|-hitcount|p1a: Dudunsparce|5
|-unboost|p2a: Krookodile|def|1
|-boost|p2a: Krookodile|spe|1
|move|p1a: Dudunsparce|Boomburst|p2a: Krookodile
|-damage|p2a: Krookodile|0 fnt
|faint|p2a: Krookodile
|
|-heal|p1a: Dudunsparce|27/100 brn|[from] item: Leftovers
|-damage|p1a: Dudunsparce|21/100 brn|[from] brn
|upkeep
|
|t:|1779685018
|switch|p2a: Goodra|Goodra, F|100/100
|-damage|p2a: Goodra|88/100|[from] Stealth Rock
|turn|8
|
|t:|1779685027
|move|p2a: Goodra|Dragon Pulse|p1a: Dudunsparce
|-damage|p1a: Dudunsparce|1/100 brn
|move|p1a: Dudunsparce|Roost|p1a: Dudunsparce
|-heal|p1a: Dudunsparce|52/100 brn
|-singleturn|p1a: Dudunsparce|move: Roost
|
|-heal|p1a: Dudunsparce|58/100 brn|[from] item: Leftovers
|-damage|p1a: Dudunsparce|52/100 brn|[from] brn
|upkeep
|turn|9
|
|t:|1779685042
|switch|p2a: Gengar|Gengar, M|100/100
|-damage|p2a: Gengar|88/100|[from] Stealth Rock
|move|p1a: Dudunsparce|Roost|p1a: Dudunsparce
|-heal|p1a: Dudunsparce|100/100 brn
|-singleturn|p1a: Dudunsparce|move: Roost
|
|-damage|p1a: Dudunsparce|94/100 brn|[from] brn
|upkeep
|turn|10
|
|t:|1779685050
|move|p2a: Gengar|Trick|p1a: Dudunsparce
|-activate|p2a: Gengar|move: Trick|[of] p1a: Dudunsparce
|-item|p1a: Dudunsparce|Choice Scarf|[from] move: Trick
|-item|p2a: Gengar|Leftovers|[from] move: Trick
|move|p1a: Dudunsparce|Earth Power|p2a: Gengar
|-supereffective|p2a: Gengar
|-damage|p2a: Gengar|0 fnt
|faint|p2a: Gengar
|
|-damage|p1a: Dudunsparce|88/100 brn|[from] brn
|upkeep
|-message|Sharpergamer forfeited.
|
|win|livelylopunny
|raw|livelylopunny's rating: 1262 &rarr; <strong>1287</strong><br />(+25 for winning)
|raw|Sharpergamer's rating: 1258 &rarr; <strong>1233</strong><br />(-25 for losing)
|l|☆Sharpergamer
|player|p2|
|l|☆livelylopunny
|player|p1|
