|badge|p1|bronze|gen9ou|100-9
|uhtml|medal-msg|<div class="broadcast-blue">Curious what those medals under the avatar are? PS now has Ladder Seasons! For more information, check out the <a href="https://www.smogon.com/forums/threads/3740067/">thread on Smogon.</a></div>
|j|☆samohi0
|j|☆lambdaequation
|t:|1779571588
|gametype|singles
|player|p1|samohi0|102|1808
|player|p2|lambdaequation|266|1706
|gen|9
|tier|[Gen 9] OU
|rated|
|rule|HP Percentage Mod: HP is shown in percentages
|rule|Endless Battle Clause: Forcing endless battles is banned
|rule|Species Clause: Limit one of each Pokémon
|rule|OHKO Clause: OHKO moves are banned
|rule|Evasion Items Clause: Evasion items are banned
|rule|Evasion Moves Clause: Evasion moves are banned
|rule|Evasion Abilities Clause: Evasion abilities are banned
|rule|Sleep Moves Clause: Sleep-inducing moves are banned
|clearpoke
|poke|p1|Dragapult, M|
|poke|p1|Lokix, M|
|poke|p1|Alomomola, F|
|poke|p1|Great Tusk|
|poke|p1|Enamorus, F|
|poke|p1|Iron Crown|
|poke|p2|Glimmora, F|
|poke|p2|Iron Moth|
|poke|p2|Great Tusk|
|poke|p2|Gholdengo|
|poke|p2|Ting-Lu|
|poke|p2|Dragonite, F|
|teampreview
|
|t:|1779571601
|teamsize|p1|6
|teamsize|p2|6
|start
|switch|p1a: Iron Crown|Iron Crown|100/100
|switch|p2a: Ting-Lu|Ting-Lu|100/100
|-ability|p2a: Ting-Lu|Vessel of Ruin
|turn|1
|
|t:|1779571604
|-end|p1a: Iron Crown|Quark Drive|[silent]
|switch|p1a: Lokix|Lokix, M|100/100
|move|p2a: Ting-Lu|Stealth Rock|p1a: Lokix
|-sidestart|p1: samohi0|move: Stealth Rock
|
|upkeep
|turn|2
|
|t:|1779571606
|move|p1a: Lokix|U-turn|p2a: Ting-Lu
|-supereffective|p2a: Ting-Lu
|-damage|p2a: Ting-Lu|58/100
|-enditem|p2a: Ting-Lu|Red Card|[of] p1a: Lokix
|drag|p1a: Enamorus|Enamorus, F|100/100
|-damage|p1a: Enamorus|76/100|[from] Stealth Rock
|move|p2a: Ting-Lu|Spikes|p1a: Enamorus
|-sidestart|p1: samohi0|Spikes
|
|upkeep
|turn|3
|
|t:|1779571612
|switch|p2a: Gholdengo|Gholdengo|100/100
|-item|p2a: Gholdengo|Air Balloon
|move|p1a: Enamorus|Moonblast|p2a: Gholdengo
|-resisted|p2a: Gholdengo
|-damage|p2a: Gholdengo|69/100
|-unboost|p2a: Gholdengo|spa|1
|-enditem|p2a: Gholdengo|Air Balloon
|
|upkeep
|turn|4
|
|t:|1779571614
|switch|p1a: Alomomola|Alomomola, F|100/100
|-damage|p1a: Alomomola|88/100|[from] Stealth Rock
|-damage|p1a: Alomomola|76/100|[from] Spikes
|move|p2a: Gholdengo|Shadow Ball|p1a: Alomomola
|-damage|p1a: Alomomola|59/100
|
|upkeep
|turn|5
|
|t:|1779571621
|move|p2a: Gholdengo|Recover|p2a: Gholdengo
|-heal|p2a: Gholdengo|100/100
|move|p1a: Alomomola|Flip Turn|p2a: Gholdengo
|-damage|p2a: Gholdengo|82/100
|
|t:|1779571623
|switch|p1a: Great Tusk|Great Tusk|100/100|[from] Flip Turn
|
|upkeep
|turn|6
|
|t:|1779571630
|move|p1a: Great Tusk|Headlong Rush|p2a: Gholdengo
|-supereffective|p2a: Gholdengo
|-damage|p2a: Gholdengo|0 fnt
|-unboost|p1a: Great Tusk|def|1
|-unboost|p1a: Great Tusk|spd|1
|faint|p2a: Gholdengo
|
|upkeep
|
|t:|1779571639
|switch|p2a: Greed Tusk|Great Tusk|100/100
|-enditem|p2a: Greed Tusk|Booster Energy
|-activate|p2a: Greed Tusk|ability: Protosynthesis|[fromitem]
|-start|p2a: Greed Tusk|protosynthesisspe
|turn|7
|
|t:|1779571641
|move|p2a: Greed Tusk|Bulk Up|p2a: Greed Tusk
|-boost|p2a: Greed Tusk|atk|1
|-boost|p2a: Greed Tusk|def|1
|move|p1a: Great Tusk|Rapid Spin|p2a: Greed Tusk
|-damage|p2a: Greed Tusk|94/100
|-boost|p1a: Great Tusk|spe|1
|-sideend|p1: samohi0|Spikes|[from] move: Rapid Spin|[of] p1a: Great Tusk
|-sideend|p1: samohi0|Stealth Rock|[from] move: Rapid Spin|[of] p1a: Great Tusk
|
|upkeep
|turn|8
|
|t:|1779571644
|-end|p1a: Great Tusk|Protosynthesis|[silent]
|switch|p1a: Enamorus|Enamorus, F|76/100
|move|p2a: Greed Tusk|Rapid Spin|p1a: Enamorus
|-crit|p1a: Enamorus
|-damage|p1a: Enamorus|28/100
|-boost|p2a: Greed Tusk|spe|1
|
|upkeep
|turn|9
|
|t:|1779571646
|move|p2a: Greed Tusk|Ice Spinner|p1a: Enamorus
|-supereffective|p1a: Enamorus
|-damage|p1a: Enamorus|0 fnt
|faint|p1a: Enamorus
|
|upkeep
|
|t:|1779571655
|switch|p1a: Alomomola|Alomomola, F|92/100
|turn|10
|inactive|Battle timer is ON: inactive players will automatically lose when time's up. (requested by samohi0)
|
|t:|1779571682
|move|p2a: Greed Tusk|Bulk Up|p2a: Greed Tusk
|-boost|p2a: Greed Tusk|atk|1
|-boost|p2a: Greed Tusk|def|1
|move|p1a: Alomomola|Scald|p2a: Greed Tusk
|-supereffective|p2a: Greed Tusk
|-damage|p2a: Greed Tusk|57/100
|
|upkeep
|turn|11
|
|t:|1779571686
|move|p2a: Greed Tusk|Headlong Rush|p1a: Alomomola
|-damage|p1a: Alomomola|24/100
|-unboost|p2a: Greed Tusk|def|1
|-unboost|p2a: Greed Tusk|spd|1
|move|p1a: Alomomola|Flip Turn|p2a: Greed Tusk
|-supereffective|p2a: Greed Tusk
|-damage|p2a: Greed Tusk|43/100
|
|t:|1779571694
|switch|p1a: Great Tusk|Great Tusk|100/100|[from] Flip Turn
|
|upkeep
|turn|12
|
|t:|1779571715
|move|p2a: Greed Tusk|Ice Spinner|p1a: Great Tusk
|-supereffective|p1a: Great Tusk
|-damage|p1a: Great Tusk|30/100
|move|p1a: Great Tusk|Headlong Rush|p2a: Greed Tusk
|-damage|p2a: Greed Tusk|19/100
|-unboost|p1a: Great Tusk|def|1
|-unboost|p1a: Great Tusk|spd|1
|
|upkeep
|turn|13
|
|t:|1779571719
|-end|p1a: Great Tusk|Protosynthesis|[silent]
|switch|p1a: Alomomola|Alomomola, F|57/100
|move|p2a: Greed Tusk|Ice Spinner|p1a: Alomomola
|-resisted|p1a: Alomomola
|-damage|p1a: Alomomola|41/100
|
|upkeep
|turn|14
|j| rexa2
|
|t:|1779571728
|switch|p1a: Great Tusk|Great Tusk|30/100
|move|p2a: Greed Tusk|Headlong Rush|p1a: Great Tusk
|-damage|p1a: Great Tusk|0 fnt
|-unboost|p2a: Greed Tusk|def|1
|-unboost|p2a: Greed Tusk|spd|1
|faint|p1a: Great Tusk
|-end|p1a: Great Tusk|Protosynthesis|[silent]
|
|upkeep
|
|t:|1779571731
|switch|p1a: Lokix|Lokix, M|100/100
|turn|15
|
|t:|1779571740
|move|p2a: Greed Tusk|Headlong Rush|p1a: Lokix
|-resisted|p1a: Lokix
|-damage|p1a: Lokix|17/100
|-unboost|p2a: Greed Tusk|def|1
|-unboost|p2a: Greed Tusk|spd|1
|move|p1a: Lokix|U-turn|p2a: Greed Tusk
|-resisted|p2a: Greed Tusk
|-damage|p2a: Greed Tusk|0 fnt
|faint|p2a: Greed Tusk
|-end|p2a: Greed Tusk|Protosynthesis|[silent]
|
|t:|1779571746
|switch|p1a: Dragapult|Dragapult, M|100/100|[from] U-turn
|
|upkeep
|
|t:|1779571769
|switch|p2a: Ting-Lu|Ting-Lu|58/100
|-ability|p2a: Ting-Lu|Vessel of Ruin
|turn|16
|
|t:|1779571772
|move|p1a: Dragapult|U-turn|p2a: Ting-Lu
|-supereffective|p2a: Ting-Lu
|-damage|p2a: Ting-Lu|27/100
|
|t:|1779571773
|switch|p1a: Lokix|Lokix, M|17/100|[from] U-turn
|move|p2a: Ting-Lu|Stealth Rock|p1a: Lokix
|-sidestart|p1: samohi0|move: Stealth Rock
|
|upkeep
|turn|17
|
|t:|1779571778
|move|p1a: Lokix|Leech Life|p2a: Ting-Lu
|-supereffective|p2a: Ting-Lu
|-damage|p2a: Ting-Lu|0 fnt
|-heal|p1a: Lokix|41/100|[from] drain|[of] p2a: Ting-Lu
|faint|p2a: Ting-Lu
|
|upkeep
|
|t:|1779571783
|switch|p2a: Glimmora|Glimmora, F|100/100
|turn|18
|
|t:|1779571786
|switch|p1a: Iron Crown|Iron Crown|100/100
|-damage|p1a: Iron Crown|94/100|[from] Stealth Rock
|move|p2a: Glimmora|Earth Power|p1a: Iron Crown
|-supereffective|p1a: Iron Crown
|-damage|p1a: Iron Crown|32/100
|
|upkeep
|turn|19
|
|t:|1779571792
|move|p1a: Iron Crown|Tachyon Cutter|p2a: Glimmora
|-supereffective|p2a: Glimmora
|-damage|p2a: Glimmora|0 fnt
|faint|p2a: Glimmora
|-hitcount|p2: Glimmora|1
|
|upkeep
|
|t:|1779571794
|switch|p2a: Dragonite|Dragonite, F|100/100
|turn|20
|
|t:|1779571796
|move|p1a: Iron Crown|Tachyon Cutter|p2a: Dragonite
|-damage|p2a: Dragonite|80/100
|-damage|p2a: Dragonite|39/100
|-hitcount|p2a: Dragonite|2
|move|p2a: Dragonite|Dragon Dance|p2a: Dragonite
|-boost|p2a: Dragonite|atk|1
|-boost|p2a: Dragonite|spe|1
|
|upkeep
|turn|21
|
|t:|1779571800
|move|p2a: Dragonite|Fire Punch|p1a: Iron Crown
|-supereffective|p1a: Iron Crown
|-damage|p1a: Iron Crown|0 fnt
|faint|p1a: Iron Crown
|-end|p1a: Iron Crown|Quark Drive|[silent]
|
|upkeep
|
|t:|1779571802
|switch|p1a: Lokix|Lokix, M|41/100
|-damage|p1a: Lokix|17/100|[from] Stealth Rock
|turn|22
|
|t:|1779571805
|move|p1a: Lokix|First Impression|p2a: Dragonite
|-resisted|p2a: Dragonite
|-damage|p2a: Dragonite|0 fnt
|faint|p2a: Dragonite
|
|upkeep
|
|t:|1779571807
|switch|p2a: Iron Moth|Iron Moth|100/100
|-enditem|p2a: Iron Moth|Booster Energy
|-activate|p2a: Iron Moth|ability: Quark Drive|[fromitem]
|-start|p2a: Iron Moth|quarkdrivespa
|turn|23
|
|t:|1779571810
|switch|p1a: Alomomola|Alomomola, F|75/100
|-damage|p1a: Alomomola|62/100|[from] Stealth Rock
|move|p2a: Iron Moth|Fiery Dance|p1a: Alomomola
|-resisted|p1a: Alomomola
|-damage|p1a: Alomomola|45/100
|
|upkeep
|turn|24
|
|t:|1779571812
|move|p2a: Iron Moth|Energy Ball|p1a: Alomomola
|-supereffective|p1a: Alomomola
|-damage|p1a: Alomomola|0 fnt
|faint|p1a: Alomomola
|
|upkeep
|
|t:|1779571814
|switch|p1a: Dragapult|Dragapult, M|100/100
|-damage|p1a: Dragapult|88/100|[from] Stealth Rock
|turn|25
|
|t:|1779571820
|move|p1a: Dragapult|U-turn|p2a: Iron Moth
|-resisted|p2a: Iron Moth
|-damage|p2a: Iron Moth|87/100
|
|t:|1779571821
|switch|p1a: Lokix|Lokix, M|17/100|[from] U-turn
|-damage|p1a: Lokix|0 fnt|[from] Stealth Rock
|faint|p1a: Lokix
|move|p2a: Iron Moth|Sludge Wave|p1: Lokix|[notarget]
|-fail|p2a: Iron Moth
|
|upkeep
|
|t:|1779571823
|switch|p1a: Dragapult|Dragapult, M|88/100
|-damage|p1a: Dragapult|76/100|[from] Stealth Rock
|turn|26
|
|t:|1779571832
|move|p1a: Dragapult|Dragon Darts|p2a: Iron Moth
|-damage|p2a: Iron Moth|27/100
|-anim|p1a: Dragapult|Dragon Darts|p2a: Iron Moth
|-crit|p2a: Iron Moth
|-damage|p2a: Iron Moth|0 fnt
|faint|p2a: Iron Moth
|-end|p2a: Iron Moth|Quark Drive|[silent]
|
|win|samohi0
|raw|samohi0's rating: 1808 &rarr; <strong>1825</strong><br />(+17 for winning)
|raw|lambdaequation's rating: 1756 &rarr; <strong>1739</strong><br />(-17 for losing)
|l|☆lambdaequation
|player|p2|
|l|☆samohi0
|player|p1|
|l| rexa2
