|badge|p2|bronze|gen9ou|100-9
|uhtml|medal-msg|<div class="broadcast-blue">Curious what those medals under the avatar are? PS now has Ladder Seasons! For more information, check out the <a href="https://www.smogon.com/forums/threads/3740067/">thread on Smogon.</a></div>
|j|☆ghostoftheranch
|j|☆omari p
|t:|1779652784
|gametype|singles
|player|p1|ghostoftheranch|medium|1583
|player|p2|omari p|pokemonrangerf|1739
|gen|9
|tier|[Gen 9] OU
|rated|
|rule|HP Percentage Mod: HP is shown in percentages
|rule|Endless Battle Clause: Forcing endless battles is banned
|rule|Species Clause: Limit one of each Pokémon
|rule|OHKO Clause: OHKO moves are banned
|rule|Evasion Items Clause: Evasion items are banned
|rule|Evasion Moves Clause: Evasion moves are banned
|rule|Evasion Abilities Clause: Evasion abilities are banned
|rule|Sleep Moves Clause: Sleep-inducing moves are banned
|clearpoke
|poke|p1|Cramorant, F|
|poke|p1|Gallade, M|
|poke|p1|Kingambit, F|
|poke|p1|Iron Moth|
|poke|p1|Enamorus, F|
|poke|p1|Ogerpon-Cornerstone, F|
|poke|p2|Hoopa|
|poke|p2|Cinderace, F|
|poke|p2|Pecharunt|
|poke|p2|Kyurem|
|poke|p2|Ting-Lu|
|poke|p2|Manaphy|
|teampreview
|inactive|Battle timer is ON: inactive players will automatically lose when time's up. (requested by ghostoftheranch)
|inactive|omari p has 120 seconds left.
|inactive|omari p has 90 seconds left.
|inactive|omari p has 60 seconds left.
|
|t:|1779652891
|teamsize|p1|6
|teamsize|p2|6
|start
|switch|p1a: Cramorant|Cramorant, F|100/100
|switch|p2a: Kyurem|Kyurem|100/100
|-ability|p2a: Kyurem|Pressure
|turn|1
|
|t:|1779652905
|move|p2a: Kyurem|Freeze-Dry|p1a: Cramorant
|-supereffective|p1a: Cramorant
|-enditem|p1a: Cramorant|Focus Sash
|-damage|p1a: Cramorant|1/100
|move|p1a: Cramorant|Hurricane|p2a: Kyurem
|-damage|p2a: Kyurem|57/100
|
|upkeep
|turn|2
|
|t:|1779652926
|move|p2a: Kyurem|Freeze-Dry|p1a: Cramorant
|-supereffective|p1a: Cramorant
|-damage|p1a: Cramorant|0 fnt
|faint|p1a: Cramorant
|
|upkeep
|
|t:|1779652936
|switch|p1a: Ogerpon|Ogerpon-Cornerstone, F|100/100
|turn|3
|
|t:|1779652946
|switch|p2a: Pecharunt|Pecharunt|100/100
|move|p1a: Ogerpon|Swords Dance|p1a: Ogerpon
|-boost|p1a: Ogerpon|atk|2
|
|upkeep
|turn|4
|
|t:|1779652951
|-terastallize|p1a: Ogerpon|Rock
|detailschange|p1a: Ogerpon|Ogerpon-Cornerstone-Tera, F, tera:Rock
|-ability|p1a: Ogerpon|Embody Aspect (Cornerstone)|boost
|-boost|p1a: Ogerpon|def|1
|move|p1a: Ogerpon|Ivy Cudgel|p2a: Pecharunt|[anim] Ivy Cudgel Rock
|-crit|p2a: Pecharunt
|-damage|p2a: Pecharunt|0 fnt
|faint|p2a: Pecharunt
|
|upkeep
|
|t:|1779652960
|switch|p2a: Kyurem|Kyurem|57/100
|-ability|p2a: Kyurem|Pressure
|turn|5
|
|t:|1779652963
|move|p2a: Kyurem|Ice Beam|p1a: Ogerpon
|-damage|p1a: Ogerpon|47/100
|move|p1a: Ogerpon|Ivy Cudgel|p2a: Kyurem|[anim] Ivy Cudgel Rock
|-supereffective|p2a: Kyurem
|-damage|p2a: Kyurem|0 fnt
|faint|p2a: Kyurem
|
|upkeep
|
|t:|1779652967
|switch|p2a: Ting-Lucifer|Ting-Lu|100/100
|-ability|p2a: Ting-Lucifer|Vessel of Ruin
|turn|6
|
|t:|1779652976
|-terastallize|p2a: Ting-Lucifer|Steel
|move|p1a: Ogerpon|Power Whip|p2a: Ting-Lucifer
|-resisted|p2a: Ting-Lucifer
|-damage|p2a: Ting-Lucifer|62/100
|move|p2a: Ting-Lucifer|Heavy Slam|p1a: Ogerpon
|-supereffective|p1a: Ogerpon
|-damage|p1a: Ogerpon|0 fnt
|faint|p1a: Ogerpon
|detailschange|p1: Ogerpon|Ogerpon-Cornerstone, F|[silent]
|
|upkeep
|
|t:|1779652989
|switch|p1a: Gallade|Gallade, M|100/100
|turn|7
|
|t:|1779652996
|switch|p2a: Hoopa|Hoopa|100/100
|move|p1a: Gallade|Sacred Sword|p2a: Hoopa
|-immune|p2a: Hoopa
|
|upkeep
|turn|8
|
|t:|1779653015
|switch|p1a: Kingambit|Kingambit, F|100/100
|-activate|p1a: Kingambit|ability: Supreme Overlord
|-start|p1a: Kingambit|fallen2|[silent]
|move|p2a: Hoopa|Shadow Ball|p1a: Kingambit
|-resisted|p1a: Kingambit
|-damage|p1a: Kingambit|71/100
|
|upkeep
|turn|9
|
|t:|1779653022
|move|p2a: Hoopa|Substitute|p2a: Hoopa
|-start|p2a: Hoopa|Substitute
|-damage|p2a: Hoopa|75/100
|move|p1a: Kingambit|Swords Dance|p1a: Kingambit
|-boost|p1a: Kingambit|atk|2
|
|upkeep
|turn|10
|
|t:|1779653042
|-end|p1a: Kingambit|fallen2|[silent]
|switch|p1a: Enamorus|Enamorus, F|100/100
|move|p2a: Hoopa|Focus Blast|p1a: Enamorus|[miss]
|-miss|p2a: Hoopa|p1a: Enamorus
|
|upkeep
|turn|11
|
|t:|1779653047
|move|p1a: Enamorus|Moonblast|p2a: Hoopa
|-end|p2a: Hoopa|Substitute
|move|p2a: Hoopa|Shadow Ball|p1a: Enamorus
|-damage|p1a: Enamorus|34/100
|
|upkeep
|turn|12
|
|t:|1779653056
|move|p1a: Enamorus|Earth Power|p2a: Hoopa
|-damage|p2a: Hoopa|49/100
|move|p2a: Hoopa|Shadow Ball|p1a: Enamorus
|-damage|p1a: Enamorus|0 fnt
|faint|p1a: Enamorus
|
|upkeep
|
|t:|1779653066
|switch|p1a: Iron Moth|Iron Moth|100/100
|-enditem|p1a: Iron Moth|Booster Energy
|-activate|p1a: Iron Moth|ability: Quark Drive|[fromitem]
|-start|p1a: Iron Moth|quarkdrivespe
|turn|13
|
|t:|1779653073
|move|p1a: Iron Moth|Fiery Dance|p2a: Hoopa
|-damage|p2a: Hoopa|18/100
|-boost|p1a: Iron Moth|spa|1
|-enditem|p2a: Hoopa|Aguav Berry|[eat]
|-heal|p2a: Hoopa|51/100|[from] item: Aguav Berry
|move|p2a: Hoopa|Shadow Ball|p1a: Iron Moth
|-damage|p1a: Iron Moth|51/100
|
|upkeep
|turn|14
|
|t:|1779653089
|move|p1a: Iron Moth|Fiery Dance|p2a: Hoopa
|-damage|p2a: Hoopa|3/100
|move|p2a: Hoopa|Shadow Ball|p1a: Iron Moth
|-damage|p1a: Iron Moth|1/100
|-unboost|p1a: Iron Moth|spd|1
|
|upkeep
|turn|15
|
|t:|1779653098
|move|p1a: Iron Moth|Fiery Dance|p2a: Hoopa
|-damage|p2a: Hoopa|0 fnt
|-boost|p1a: Iron Moth|spa|1
|faint|p2a: Hoopa
|
|upkeep
|
|t:|1779653099
|switch|p2a: Manaphy|Manaphy|100/100
|turn|16
|
|t:|1779653103
|move|p1a: Iron Moth|Energy Ball|p2a: Manaphy
|-supereffective|p2a: Manaphy
|-damage|p2a: Manaphy|0 fnt
|faint|p2a: Manaphy
|
|upkeep
|
|t:|1779653106
|switch|p2a: Cinderace|Cinderace, F|100/100
|turn|17
|
|t:|1779653113
|move|p1a: Iron Moth|Sludge Wave|p2a: Cinderace
|-damage|p2a: Cinderace|0 fnt
|faint|p2a: Cinderace
|
|upkeep
|-message|omari p forfeited.
|
|win|ghostoftheranch
|raw|ghostoftheranch's rating: 1583 &rarr; <strong>1611</strong><br />(+28 for winning)
|raw|omari p's rating: 1739 &rarr; <strong>1711</strong><br />(-28 for losing)
|l|☆ghostoftheranch
|player|p1|
|l|☆omari p
|player|p2|
