|j|☆T12452
|j|☆Quagsires gf
|t:|1779577122
|gametype|singles
|player|p1|T12452|lucas-gen4pt|1068
|player|p2|Quagsires gf|102|1056
|gen|9
|tier|[Gen 9] OU
|rated|
|rule|HP Percentage Mod: HP is shown in percentages
|rule|Endless Battle Clause: Forcing endless battles is banned
|rule|Species Clause: Limit one of each Pokémon
|rule|OHKO Clause: OHKO moves are banned
|rule|Evasion Items Clause: Evasion items are banned
|rule|Evasion Moves Clause: Evasion moves are banned
|rule|Evasion Abilities Clause: Evasion abilities are banned
|rule|Sleep Moves Clause: Sleep-inducing moves are banned
|clearpoke
|poke|p1|Torkoal, F|
|poke|p1|Calyrex|
|poke|p1|Exeggutor-Alola, F|
|poke|p1|Lapras, F|
|poke|p1|Smeargle, F|
|poke|p1|Golem-Alola, F|
|poke|p2|Hypno, M|
|poke|p2|Toxtricity, M|
|poke|p2|Granbull, F|
|poke|p2|Pawmot, F|
|poke|p2|Lilligant-Hisui, F|
|poke|p2|Banette, F|
|teampreview
|inactive|Battle timer is ON: inactive players will automatically lose when time's up. (requested by Quagsires gf)
|
|t:|1779577129
|teamsize|p1|6
|teamsize|p2|6
|start
|switch|p1a: Calyrex|Calyrex|100/100
|switch|p2a: Lilligant|Lilligant-Hisui, F, shiny|100/100
|-ability|p1a: Calyrex|Unnerve
|turn|1
|
|t:|1779577137
|move|p2a: Lilligant|Victory Dance|p2a: Lilligant
|-boost|p2a: Lilligant|atk|1
|-boost|p2a: Lilligant|def|1
|-boost|p2a: Lilligant|spe|1
|move|p1a: Calyrex|Trick Room|p1a: Calyrex
|-fieldstart|move: Trick Room|[of] p1a: Calyrex
|
|upkeep
|turn|2
|
|t:|1779577147
|move|p1a: Calyrex|Expanding Force|p2a: Lilligant
|-supereffective|p2a: Lilligant
|-damage|p2a: Lilligant|11/100
|move|p2a: Lilligant|Leaf Blade|p1a: Calyrex
|-resisted|p1a: Calyrex
|-damage|p1a: Calyrex|55/100
|
|upkeep
|turn|3
|
|t:|1779577160
|move|p1a: Calyrex|Expanding Force|p2a: Lilligant
|-supereffective|p2a: Lilligant
|-damage|p2a: Lilligant|0 fnt
|faint|p2a: Lilligant
|
|upkeep
|
|t:|1779577164
|switch|p2a: Hypno|Hypno, M, shiny|100/100
|turn|4
|
|t:|1779577181
|move|p2a: Hypno|Power Split|p1a: Calyrex
|-activate|p2a: Hypno|move: Power Split|[of] p1a: Calyrex
|move|p1a: Calyrex|Future Sight|p2a: Hypno
|-start|p1a: Calyrex|move: Future Sight
|
|upkeep
|turn|5
|
|t:|1779577187
|move|p1a: Calyrex|Protect|p1a: Calyrex
|-singleturn|p1a: Calyrex|Protect
|move|p2a: Hypno|Psychic Noise|p1a: Calyrex
|-activate|p1a: Calyrex|move: Protect
|
|-fieldend|move: Trick Room
|upkeep
|turn|6
|
|t:|1779577196
|move|p2a: Hypno|Psychic Noise|p1a: Calyrex
|-resisted|p1a: Calyrex
|-damage|p1a: Calyrex|43/100
|-start|p1a: Calyrex|move: Heal Block
|move|p1a: Calyrex|Trick Room|p1a: Calyrex
|-fieldstart|move: Trick Room|[of] p1a: Calyrex
|
|-end|p2a: Hypno|move: Future Sight
|-resisted|p2a: Hypno
|-damage|p2a: Hypno|86/100
|upkeep
|turn|7
|-activate|p2a: Hypno|item: Quick Claw
|
|t:|1779577208
|switch|p1a: Torkoal|Torkoal, F|100/100
|-weather|SunnyDay|[from] ability: Drought|[of] p1a: Torkoal
|move|p2a: Hypno|Draining Kiss|p1a: Torkoal
|-resisted|p1a: Torkoal
|-damage|p1a: Torkoal|92/100
|-heal|p2a: Hypno|92/100|[from] drain|[of] p1a: Torkoal
|
|-weather|SunnyDay|[upkeep]
|upkeep
|turn|8
|
|t:|1779577222
|move|p1a: Torkoal|Eruption|p2a: Hypno
|-damage|p2a: Hypno|28/100
|move|p2a: Hypno|Metronome|p2a: Hypno
|move|p2a: Hypno|Swift|p1a: Torkoal|[from] move: Metronome
|-damage|p1a: Torkoal|72/100
|
|-weather|SunnyDay|[upkeep]
|upkeep
|turn|9
|
|t:|1779577235
|move|p1a: Torkoal|Eruption|p2a: Hypno
|-damage|p2a: Hypno|0 fnt
|faint|p2a: Hypno
|
|-weather|SunnyDay|[upkeep]
|upkeep
|
|t:|1779577240
|switch|p2a: Toxtricity|Toxtricity, M|100/100
|turn|10
|
|t:|1779577248
|move|p1a: Torkoal|Earth Power|p2a: Toxtricity
|-supereffective|p2a: Toxtricity
|-damage|p2a: Toxtricity|0 fnt
|faint|p2a: Toxtricity
|
|-weather|SunnyDay|[upkeep]
|-fieldend|move: Trick Room
|upkeep
|
|t:|1779577259
|switch|p2a: Pawmot|Pawmot, F|100/100
|turn|11
|
|t:|1779577268
|-terastallize|p2a: Pawmot|Flying
|move|p2a: Pawmot|Revival Blessing|p2a: Pawmot
|-enditem|p2a: Pawmot|Leppa Berry|[eat]
|-activate|p2a: Pawmot|item: Leppa Berry|Revival Blessing|[consumed]
|
|t:|1779577272
|-heal|p2: Toxtricity|50/100|[from] move: Revival Blessing
|move|p1a: Torkoal|Earth Power|p2a: Pawmot
|-immune|p2a: Pawmot
|
|-weather|none
|upkeep
|turn|12
|
|t:|1779577288
|switch|p1a: Calyrex|Calyrex|43/100
|-ability|p1a: Calyrex|Unnerve
|move|p2a: Pawmot|Revival Blessing|p2a: Pawmot
|
|t:|1779577294
|-heal|p2: Hypno|50/100|[from] move: Revival Blessing
|
|upkeep
|turn|13
|
|t:|1779577302
|move|p2a: Pawmot|Metronome|p2a: Pawmot
|move|p2a: Pawmot|Super Fang|p1a: Calyrex|[from] move: Metronome
|-damage|p1a: Calyrex|22/100
|move|p1a: Calyrex|Trick Room|p1a: Calyrex
|-fieldstart|move: Trick Room|[of] p1a: Calyrex
|
|upkeep
|turn|14
|
|t:|1779577310
|move|p1a: Calyrex|Expanding Force|p2a: Pawmot
|-damage|p2a: Pawmot|52/100
|move|p2a: Pawmot|Metronome|p2a: Pawmot
|move|p2a: Pawmot|Mega Kick|p1a: Calyrex|[from] move: Metronome
|-damage|p1a: Calyrex|0 fnt
|faint|p1a: Calyrex
|
|upkeep
|
|t:|1779577322
|switch|p1a: Torkoal|Torkoal, F|72/100
|-weather|SunnyDay|[from] ability: Drought|[of] p1a: Torkoal
|turn|15
|
|t:|1779577337
|switch|p2a: Toxtricity|Toxtricity, M|50/100
|move|p1a: Torkoal|Body Press|p2a: Toxtricity
|-resisted|p2a: Toxtricity
|-damage|p2a: Toxtricity|31/100
|
|-weather|SunnyDay|[upkeep]
|upkeep
|turn|16
|
|t:|1779577346
|switch|p2a: Pawmot|Pawmot, F, tera:Flying|52/100
|move|p1a: Torkoal|Earth Power|p2a: Pawmot
|-immune|p2a: Pawmot
|
|-weather|SunnyDay|[upkeep]
|upkeep
|turn|17
|
|t:|1779577358
|move|p1a: Torkoal|Earth Power|p2a: Pawmot
|-immune|p2a: Pawmot
|move|p2a: Pawmot|Rest|p2a: Pawmot
|-status|p2a: Pawmot|slp|[from] move: Rest
|-heal|p2a: Pawmot|100/100 slp|[silent]
|
|-weather|SunnyDay|[upkeep]
|-fieldend|move: Trick Room
|upkeep
|turn|18
|
|t:|1779577373
|cant|p2a: Pawmot|slp
|move|p2a: Pawmot|Sleep Talk|p2a: Pawmot
|move|p2a: Pawmot|Revival Blessing|p2a: Pawmot|[from] move: Sleep Talk
|
|t:|1779577378
|-heal|p2: Lilligant|50/100|[from] move: Revival Blessing
|move|p1a: Torkoal|Earth Power|p2a: Pawmot
|-immune|p2a: Pawmot
|
|-weather|SunnyDay|[upkeep]
|upkeep
|turn|19
|-message|T12452 forfeited.
|
|win|Quagsires gf
|raw|T12452's rating: 1068 &rarr; <strong>1047</strong><br />(-21 for losing)
|raw|Quagsires gf's rating: 1056 &rarr; <strong>1089</strong><br />(+33 for winning)
|l|☆T12452
|player|p1|
