|j|☆Joao Tomas
|j|☆dragonfandan
|t:|1779720909
|gametype|singles
|player|p1|Joao Tomas|brawly|1326
|player|p2|dragonfandan|lance|1312
|gen|9
|tier|[Gen 9] OU
|rated|
|rule|HP Percentage Mod: HP is shown in percentages
|rule|Endless Battle Clause: Forcing endless battles is banned
|rule|Species Clause: Limit one of each Pokémon
|rule|OHKO Clause: OHKO moves are banned
|rule|Evasion Items Clause: Evasion items are banned
|rule|Evasion Moves Clause: Evasion moves are banned
|rule|Evasion Abilities Clause: Evasion abilities are banned
|rule|Sleep Moves Clause: Sleep-inducing moves are banned
|clearpoke
|poke|p1|Great Tusk|
|poke|p1|Rotom-Wash|
|poke|p1|Corviknight, M|
|poke|p1|Ceruledge, M|
|poke|p1|Shaymin|
|poke|p1|Darkrai|
|poke|p2|Garchomp, M|
|poke|p2|Gholdengo|
|poke|p2|Rillaboom, M|
|poke|p2|Darkrai|
|poke|p2|Great Tusk|
|poke|p2|Skeledirge, M|
|teampreview
|inactive|Battle timer is ON: inactive players will automatically lose when time's up. (requested by dragonfandan)
|
|t:|1779720932
|teamsize|p1|6
|teamsize|p2|6
|start
|switch|p1a: Shaymin|Shaymin|100/100
|switch|p2a: Garchomp|Garchomp, M, shiny|100/100
|turn|1
|
|t:|1779720939
|move|p1a: Shaymin|Seed Flare|p2a: Garchomp|[miss]
|-miss|p1a: Shaymin|p2a: Garchomp
|move|p2a: Garchomp|Dragon Tail|p1a: Shaymin
|-damage|p1a: Shaymin|76/100
|drag|p1a: Rotom|Rotom-Wash|100/100
|
|upkeep
|turn|2
|
|t:|1779720950
|switch|p2a: Gholdengo|Gholdengo, shiny|100/100
|move|p1a: Rotom|Night Shade|p2a: Gholdengo
|-damage|p2a: Gholdengo|74/100
|
|-heal|p2a: Gholdengo|80/100|[from] item: Leftovers
|upkeep
|turn|3
|
|t:|1779720963
|move|p1a: Rotom|Volt Switch|p2a: Gholdengo
|-damage|p2a: Gholdengo|55/100
|
|t:|1779720966
|switch|p1a: Shaymin|Shaymin|76/100|[from] Volt Switch
|move|p2a: Gholdengo|Thunder Wave|p1a: Shaymin
|-status|p1a: Shaymin|par
|
|-heal|p2a: Gholdengo|61/100|[from] item: Leftovers
|upkeep
|turn|4
|
|t:|1779720976
|move|p1a: Shaymin|Earth Power|p2a: Gholdengo
|-supereffective|p2a: Gholdengo
|-damage|p2a: Gholdengo|8/100
|move|p2a: Gholdengo|Recover|p2a: Gholdengo
|-heal|p2a: Gholdengo|58/100
|
|-heal|p2a: Gholdengo|64/100|[from] item: Leftovers
|upkeep
|turn|5
|
|t:|1779720988
|switch|p2a: Rillaboom|Rillaboom, M, shiny|100/100
|-fieldstart|move: Grassy Terrain|[from] ability: Grassy Surge|[of] p2a: Rillaboom
|-terastallize|p1a: Shaymin|Ground
|move|p1a: Shaymin|Earth Power|p2a: Rillaboom
|-resisted|p2a: Rillaboom
|-damage|p2a: Rillaboom|76/100
|
|-heal|p2a: Rillaboom|83/100|[from] Grassy Terrain
|-heal|p1a: Shaymin|83/100 par|[from] Grassy Terrain
|upkeep
|turn|6
|
|t:|1779721000
|-curestatus|p1a: Shaymin|par|[from] ability: Natural Cure|[silent]
|switch|p1a: Corviknight|Corviknight, M|100/100
|-ability|p1a: Corviknight|Pressure
|move|p2a: Rillaboom|Knock Off|p1a: Corviknight
|-damage|p1a: Corviknight|71/100
|-damage|p2a: Rillaboom|66/100|[from] item: Rocky Helmet|[of] p1a: Corviknight
|-enditem|p1a: Corviknight|Rocky Helmet|[from] move: Knock Off|[of] p2a: Rillaboom
|
|-heal|p2a: Rillaboom|72/100|[from] Grassy Terrain
|upkeep
|turn|7
|
|t:|1779721013
|switch|p2a: Garchomp|Garchomp, M, shiny|100/100
|move|p1a: Corviknight|Roost|p1a: Corviknight
|-heal|p1a: Corviknight|100/100
|-singleturn|p1a: Corviknight|move: Roost
|
|upkeep
|turn|8
|
|t:|1779721021
|move|p2a: Garchomp|Stealth Rock|p1a: Corviknight
|-sidestart|p1: Joao Tomas|move: Stealth Rock
|move|p1a: Corviknight|U-turn|p2a: Garchomp
|-damage|p2a: Garchomp|92/100
|-damage|p1a: Corviknight|88/100|[from] ability: Rough Skin|[of] p2a: Garchomp
|-damage|p1a: Corviknight|72/100|[from] item: Rocky Helmet|[of] p2a: Garchomp
|
|t:|1779721025
|switch|p1a: Darkrai|Darkrai|100/100|[from] U-turn
|
|-heal|p2a: Garchomp|98/100|[from] Grassy Terrain
|upkeep
|turn|9
|
|t:|1779721038
|switch|p2a: Gholdengo|Gholdengo, shiny|64/100
|move|p1a: Darkrai|Ice Beam|p2a: Gholdengo
|-resisted|p2a: Gholdengo
|-damage|p2a: Gholdengo|47/100
|
|-heal|p2a: Gholdengo|53/100|[from] Grassy Terrain
|-heal|p2a: Gholdengo|59/100|[from] item: Leftovers
|-fieldend|move: Grassy Terrain
|upkeep
|turn|10
|
|t:|1779721048
|switch|p2a: Darkrai|Darkrai, shiny|100/100
|move|p1a: Darkrai|Dark Pulse|p2a: Darkrai
|-resisted|p2a: Darkrai
|-damage|p2a: Darkrai|72/100
|
|upkeep
|turn|11
|
|t:|1779721055
|move|p2a: Darkrai|Trick|p1a: Darkrai
|-activate|p2a: Darkrai|move: Trick|[of] p1a: Darkrai
|-item|p1a: Darkrai|Choice Scarf|[from] move: Trick
|-item|p2a: Darkrai|Heavy-Duty Boots|[from] move: Trick
|move|p1a: Darkrai|Focus Blast|p2a: Darkrai|[miss]
|-miss|p1a: Darkrai|p2a: Darkrai
|
|upkeep
|turn|12
|
|t:|1779721063
|switch|p1a: Ceruledge|Ceruledge, M|100/100
|-damage|p1a: Ceruledge|76/100|[from] Stealth Rock
|switch|p2a: Skeledirge|Skeledirge, M, shiny|100/100
|
|upkeep
|turn|13
|
|t:|1779721073
|switch|p2a: Garchomp|Garchomp, M, shiny|98/100
|move|p1a: Ceruledge|Swords Dance|p1a: Ceruledge
|-boost|p1a: Ceruledge|atk|2
|
|upkeep
|turn|14
|
|t:|1779721080
|move|p1a: Ceruledge|Shadow Sneak|p2a: Garchomp
|-damage|p2a: Garchomp|74/100
|-damage|p1a: Ceruledge|63/100|[from] ability: Rough Skin|[of] p2a: Garchomp
|-damage|p1a: Ceruledge|47/100|[from] item: Rocky Helmet|[of] p2a: Garchomp
|move|p2a: Garchomp|Dragon Tail|p1a: Ceruledge
|-damage|p1a: Ceruledge|18/100
|drag|p1a: Darkrai|Darkrai|100/100
|-damage|p1a: Darkrai|88/100|[from] Stealth Rock
|
|upkeep
|turn|15
|
|t:|1779721093
|move|p1a: Darkrai|Dark Pulse|p2a: Garchomp
|-damage|p2a: Garchomp|35/100
|move|p2a: Garchomp|Earthquake|p1a: Darkrai
|-damage|p1a: Darkrai|35/100
|
|upkeep
|turn|16
|
|t:|1779721100
|switch|p2a: Great Tusk|Great Tusk, shiny|100/100
|move|p1a: Darkrai|Dark Pulse|p2a: Great Tusk
|-resisted|p2a: Great Tusk
|-damage|p2a: Great Tusk|71/100
|
|-heal|p2a: Great Tusk|77/100|[from] item: Leftovers
|upkeep
|turn|17
|
|t:|1779721109
|switch|p1a: Ceruledge|Ceruledge, M|18/100
|-damage|p1a: Ceruledge|0 fnt|[from] Stealth Rock
|faint|p1a: Ceruledge
|-end|p2a: Great Tusk|Protosynthesis|[silent]
|switch|p2a: Skeledirge|Skeledirge, M, shiny|100/100
|
|upkeep
|
|t:|1779721114
|switch|p1a: Great Tusk|Great Tusk|100/100
|-damage|p1a: Great Tusk|98/100|[from] Stealth Rock
|turn|18
|
|t:|1779721123
|-terastallize|p2a: Skeledirge|Fairy
|move|p1a: Great Tusk|Ice Spinner|p2a: Skeledirge
|-damage|p2a: Skeledirge|67/100
|-damage|p1a: Great Tusk|88/100|[from] item: Life Orb
|move|p2a: Skeledirge|Will-O-Wisp|p1a: Great Tusk|[miss]
|-miss|p2a: Skeledirge|p1a: Great Tusk
|
|upkeep
|turn|19
|
|t:|1779721132
|switch|p2a: Rillaboom|Rillaboom, M, shiny|72/100
|-fieldstart|move: Grassy Terrain|[from] ability: Grassy Surge|[of] p2a: Rillaboom
|move|p1a: Great Tusk|Headlong Rush|p2a: Rillaboom
|-resisted|p2a: Rillaboom
|-crit|p2a: Rillaboom
|-damage|p2a: Rillaboom|0 fnt
|-unboost|p1a: Great Tusk|def|1
|-unboost|p1a: Great Tusk|spd|1
|faint|p2a: Rillaboom
|-damage|p1a: Great Tusk|78/100|[from] item: Life Orb
|
|-heal|p1a: Great Tusk|84/100|[from] Grassy Terrain
|upkeep
|
|t:|1779721146
|switch|p2a: Darkrai|Darkrai, shiny|72/100
|turn|20
|
|t:|1779721151
|-end|p1a: Great Tusk|Protosynthesis|[silent]
|switch|p1a: Shaymin|Shaymin, tera:Ground|83/100
|-damage|p1a: Shaymin|76/100|[from] Stealth Rock
|move|p2a: Darkrai|Ice Beam|p1a: Shaymin
|-supereffective|p1a: Shaymin
|-damage|p1a: Shaymin|13/100
|
|-heal|p1a: Shaymin|19/100|[from] Grassy Terrain
|-heal|p2a: Darkrai|78/100|[from] Grassy Terrain
|upkeep
|turn|21
|
|t:|1779721165
|move|p1a: Shaymin|Dazzling Gleam|p2a: Darkrai
|-supereffective|p2a: Darkrai
|-damage|p2a: Darkrai|16/100
|move|p2a: Darkrai|Dark Pulse|p1a: Shaymin
|-damage|p1a: Shaymin|0 fnt
|faint|p1a: Shaymin
|
|-heal|p2a: Darkrai|22/100|[from] Grassy Terrain
|upkeep
|
|t:|1779721172
|switch|p1a: Darkrai|Darkrai|35/100
|-damage|p1a: Darkrai|22/100|[from] Stealth Rock
|turn|22
|
|t:|1779721179
|switch|p2a: Gholdengo|Gholdengo, shiny|59/100
|move|p1a: Darkrai|Dark Pulse|p2a: Gholdengo
|-supereffective|p2a: Gholdengo
|-damage|p2a: Gholdengo|0 fnt
|faint|p2a: Gholdengo
|
|-heal|p1a: Darkrai|28/100|[from] Grassy Terrain
|upkeep
|
|t:|1779721189
|switch|p2a: Skeledirge|Skeledirge, M, shiny, tera:Fairy|67/100
|turn|23
|
|t:|1779721193
|move|p1a: Darkrai|Dark Pulse|p2a: Skeledirge
|-resisted|p2a: Skeledirge
|-crit|p2a: Skeledirge
|-damage|p2a: Skeledirge|43/100
|cant|p2a: Skeledirge|flinch
|
|-heal|p1a: Darkrai|34/100|[from] Grassy Terrain
|-heal|p2a: Skeledirge|49/100|[from] Grassy Terrain
|-fieldend|move: Grassy Terrain
|upkeep
|turn|24
|
|t:|1779721202
|move|p1a: Darkrai|Dark Pulse|p2a: Skeledirge
|-resisted|p2a: Skeledirge
|-damage|p2a: Skeledirge|35/100
|move|p2a: Skeledirge|Slack Off|p2a: Skeledirge
|-heal|p2a: Skeledirge|85/100
|
|upkeep
|turn|25
|
|t:|1779721209
|move|p1a: Darkrai|Dark Pulse|p2a: Skeledirge
|-resisted|p2a: Skeledirge
|-damage|p2a: Skeledirge|70/100
|move|p2a: Skeledirge|Will-O-Wisp|p1a: Darkrai
|-status|p1a: Darkrai|brn
|
|-damage|p1a: Darkrai|28/100 brn|[from] brn
|upkeep
|turn|26
|
|t:|1779721218
|move|p1a: Darkrai|Dark Pulse|p2a: Skeledirge
|-resisted|p2a: Skeledirge
|-damage|p2a: Skeledirge|54/100
|move|p2a: Skeledirge|Slack Off|p2a: Skeledirge
|-heal|p2a: Skeledirge|100/100
|
|-damage|p1a: Darkrai|22/100 brn|[from] brn
|upkeep
|turn|27
|
|t:|1779721229
|move|p1a: Darkrai|Dark Pulse|p2a: Skeledirge
|-resisted|p2a: Skeledirge
|-damage|p2a: Skeledirge|86/100
|move|p2a: Skeledirge|Torch Song|p1a: Darkrai
|-damage|p1a: Darkrai|0 fnt
|-boost|p2a: Skeledirge|spa|1
|faint|p1a: Darkrai
|
|upkeep
|
|t:|1779721232
|switch|p1a: Great Tusk|Great Tusk|84/100
|-damage|p1a: Great Tusk|81/100|[from] Stealth Rock
|turn|28
|
|t:|1779721241
|move|p1a: Great Tusk|Headlong Rush|p2a: Skeledirge
|-damage|p2a: Skeledirge|12/100
|-unboost|p1a: Great Tusk|def|1
|-unboost|p1a: Great Tusk|spd|1
|-damage|p1a: Great Tusk|71/100|[from] item: Life Orb
|move|p2a: Skeledirge|Will-O-Wisp|p1a: Great Tusk
|-status|p1a: Great Tusk|brn
|
|-damage|p1a: Great Tusk|65/100 brn|[from] brn
|upkeep
|turn|29
|
|t:|1779721253
|switch|p2a: Garchomp|Garchomp, M, shiny|35/100
|move|p1a: Great Tusk|Ice Spinner|p2a: Garchomp
|-supereffective|p2a: Garchomp
|-damage|p2a: Garchomp|0 fnt
|-damage|p1a: Great Tusk|52/100 brn|[from] ability: Rough Skin|[of] p2a: Garchomp
|-damage|p1a: Great Tusk|36/100 brn|[from] item: Rocky Helmet|[of] p2a: Garchomp
|faint|p2a: Garchomp
|-damage|p1a: Great Tusk|26/100 brn|[from] item: Life Orb
|
|-damage|p1a: Great Tusk|20/100 brn|[from] brn
|upkeep
|
|t:|1779721266
|switch|p2a: Darkrai|Darkrai, shiny|22/100
|turn|30
|
|t:|1779721274
|-end|p1a: Great Tusk|Protosynthesis|[silent]
|switch|p1a: Rotom|Rotom-Wash|100/100
|-damage|p1a: Rotom|88/100|[from] Stealth Rock
|move|p2a: Darkrai|Dark Pulse|p1a: Rotom
|-damage|p1a: Rotom|54/100
|
|-heal|p1a: Rotom|61/100|[from] item: Leftovers
|upkeep
|turn|31
|
|t:|1779721284
|move|p2a: Darkrai|Sludge Bomb|p1a: Rotom
|-damage|p1a: Rotom|35/100
|move|p1a: Rotom|Volt Switch|p2a: Darkrai
|-damage|p2a: Darkrai|0 fnt
|faint|p2a: Darkrai
|
|t:|1779721290
|switch|p1a: Great Tusk|Great Tusk|20/100 brn|[from] Volt Switch
|-damage|p1a: Great Tusk|17/100 brn|[from] Stealth Rock
|
|-damage|p1a: Great Tusk|10/100 brn|[from] brn
|upkeep
|
|t:|1779721297
|switch|p2a: Great Tusk|Great Tusk, shiny|77/100
|turn|32
|
|t:|1779721304
|move|p2a: Great Tusk|Rapid Spin|p1a: Great Tusk
|-damage|p1a: Great Tusk|0 fnt
|-boost|p2a: Great Tusk|spe|1
|faint|p1a: Great Tusk
|-end|p1a: Great Tusk|Protosynthesis|[silent]
|
|-heal|p2a: Great Tusk|83/100|[from] item: Leftovers
|upkeep
|
|t:|1779721308
|switch|p1a: Corviknight|Corviknight, M|72/100
|-damage|p1a: Corviknight|59/100|[from] Stealth Rock
|-ability|p1a: Corviknight|Pressure
|turn|33
|
|t:|1779721316
|move|p2a: Great Tusk|Bulk Up|p2a: Great Tusk
|-boost|p2a: Great Tusk|atk|1
|-boost|p2a: Great Tusk|def|1
|move|p1a: Corviknight|Roost|p1a: Corviknight
|-heal|p1a: Corviknight|100/100
|-singleturn|p1a: Corviknight|move: Roost
|
|-heal|p2a: Great Tusk|89/100|[from] item: Leftovers
|upkeep
|turn|34
|
|t:|1779721326
|move|p2a: Great Tusk|Bulk Up|p2a: Great Tusk
|-boost|p2a: Great Tusk|atk|1
|-boost|p2a: Great Tusk|def|1
|move|p1a: Corviknight|Body Press|p2a: Great Tusk
|-damage|p2a: Great Tusk|79/100
|
|-heal|p2a: Great Tusk|85/100|[from] item: Leftovers
|upkeep
|turn|35
|
|t:|1779721335
|move|p2a: Great Tusk|Bulk Up|p2a: Great Tusk
|-boost|p2a: Great Tusk|atk|1
|-boost|p2a: Great Tusk|def|1
|move|p1a: Corviknight|Defog|p2a: Great Tusk
|-unboost|p2a: Great Tusk|evasion|1
|-sideend|p1: Joao Tomas|Stealth Rock|[from] move: Defog|[of] p1a: Corviknight
|
|-heal|p2a: Great Tusk|91/100|[from] item: Leftovers
|upkeep
|turn|36
|
|t:|1779721344
|move|p2a: Great Tusk|Bulk Up|p2a: Great Tusk
|-boost|p2a: Great Tusk|atk|1
|-boost|p2a: Great Tusk|def|1
|move|p1a: Corviknight|Roost||[still]
|-fail|p1a: Corviknight|heal
|
|-heal|p2a: Great Tusk|97/100|[from] item: Leftovers
|upkeep
|turn|37
|
|t:|1779721352
|move|p2a: Great Tusk|Bulk Up|p2a: Great Tusk
|-boost|p2a: Great Tusk|atk|1
|-boost|p2a: Great Tusk|def|1
|move|p1a: Corviknight|U-turn|p2a: Great Tusk
|-resisted|p2a: Great Tusk
|-damage|p2a: Great Tusk|96/100
|
|t:|1779721355
|switch|p1a: Rotom|Rotom-Wash|35/100|[from] U-turn
|
|-heal|p2a: Great Tusk|100/100|[from] item: Leftovers
|-heal|p1a: Rotom|41/100|[from] item: Leftovers
|upkeep
|turn|38
|
|t:|1779721364
|move|p2a: Great Tusk|Rapid Spin|p1a: Rotom
|-damage|p1a: Rotom|0 fnt
|-boost|p2a: Great Tusk|spe|1
|faint|p1a: Rotom
|
|upkeep
|
|t:|1779721367
|switch|p1a: Corviknight|Corviknight, M|100/100
|-ability|p1a: Corviknight|Pressure
|turn|39
|
|t:|1779721373
|move|p2a: Great Tusk|Bulk Up|p2a: Great Tusk
|-boost|p2a: Great Tusk|atk|1
|-boost|p2a: Great Tusk|def|1
|move|p1a: Corviknight|Body Press|p2a: Great Tusk
|-damage|p2a: Great Tusk|95/100
|
|-heal|p2a: Great Tusk|100/100|[from] item: Leftovers
|upkeep
|turn|40
|
|t:|1779721382
|move|p2a: Great Tusk|Ice Spinner|p1a: Corviknight
|-damage|p1a: Corviknight|28/100
|move|p1a: Corviknight|Body Press|p2a: Great Tusk
|-damage|p2a: Great Tusk|96/100
|
|-heal|p2a: Great Tusk|100/100|[from] item: Leftovers
|upkeep
|turn|41
|
|t:|1779721391
|move|p2a: Great Tusk|Ice Spinner|p1a: Corviknight
|-damage|p1a: Corviknight|0 fnt
|faint|p1a: Corviknight
|
|win|dragonfandan
|raw|Joao Tomas's rating: 1326 &rarr; <strong>1305</strong><br />(-21 for losing)
|raw|dragonfandan's rating: 1312 &rarr; <strong>1333</strong><br />(+21 for winning)
|l|☆dragonfandan
|player|p2|
|l|☆Joao Tomas
|player|p1|
