|j|☆vampiregreg
|j|☆SgtBrick14
|t:|1779557344
|gametype|singles
|player|p1|vampiregreg|265|1429
|player|p2|SgtBrick14|pokemonranger|1423
|gen|9
|tier|[Gen 9] OU
|rated|
|rule|HP Percentage Mod: HP is shown in percentages
|rule|Endless Battle Clause: Forcing endless battles is banned
|rule|Species Clause: Limit one of each Pokémon
|rule|OHKO Clause: OHKO moves are banned
|rule|Evasion Items Clause: Evasion items are banned
|rule|Evasion Moves Clause: Evasion moves are banned
|rule|Evasion Abilities Clause: Evasion abilities are banned
|rule|Sleep Moves Clause: Sleep-inducing moves are banned
|clearpoke
|poke|p1|Garchomp, M|
|poke|p1|Iron Valiant|
|poke|p1|Iron Treads|
|poke|p1|Zapdos|
|poke|p1|Darkrai|
|poke|p1|Dragapult, M|
|poke|p2|Samurott-Hisui, M|
|poke|p2|Greninja-*, M|
|poke|p2|Pelipper, F|
|poke|p2|Gengar, M|
|poke|p2|Cloyster, F|
|poke|p2|Froslass, F|
|teampreview
|inactive|Battle timer is ON: inactive players will automatically lose when time's up. (requested by vampiregreg)
|
|t:|1779557356
|teamsize|p1|6
|teamsize|p2|6
|start
|switch|p1a: Garchomp|Garchomp, M|100/100
|switch|p2a: Cloyster|Cloyster, F|100/100
|turn|1
|
|t:|1779557366
|move|p1a: Garchomp|Scale Shot|p2a: Cloyster|[miss]
|-miss|p1a: Garchomp|p2a: Cloyster
|move|p2a: Cloyster|Icicle Spear|p1a: Garchomp
|-supereffective|p1a: Garchomp
|-damage|p1a: Garchomp|53/100
|-supereffective|p1a: Garchomp
|-damage|p1a: Garchomp|7/100
|-supereffective|p1a: Garchomp
|-damage|p1a: Garchomp|0 fnt
|faint|p1a: Garchomp
|-hitcount|p1: Garchomp|3
|
|upkeep
|
|t:|1779557371
|switch|p1a: Zapdos|Zapdos|100/100
|turn|2
|
|t:|1779557375
|move|p2a: Cloyster|Shell Smash|p2a: Cloyster
|-unboost|p2a: Cloyster|def|1
|-unboost|p2a: Cloyster|spd|1
|-boost|p2a: Cloyster|atk|2
|-boost|p2a: Cloyster|spa|2
|-boost|p2a: Cloyster|spe|2
|move|p1a: Zapdos|Thunder Wave|p2a: Cloyster
|-status|p2a: Cloyster|par
|
|upkeep
|turn|3
|
|t:|1779557385
|cant|p2a: Cloyster|par
|move|p1a: Zapdos|Volt Switch|p2a: Cloyster
|-supereffective|p2a: Cloyster
|-crit|p2a: Cloyster
|-enditem|p2a: Cloyster|Focus Sash
|-damage|p2a: Cloyster|1/100 par
|
|t:|1779557402
|switch|p1a: Darkrai|Darkrai, shiny|100/100|[from] Volt Switch
|
|upkeep
|turn|4
|
|t:|1779557406
|move|p2a: Cloyster|Ice Shard|p1a: Darkrai
|-damage|p1a: Darkrai|55/100
|move|p1a: Darkrai|Dark Pulse|p2a: Cloyster
|-damage|p2a: Cloyster|0 fnt
|faint|p2a: Cloyster
|
|upkeep
|
|t:|1779557408
|switch|p2a: Froslass|Froslass, F|100/100
|turn|5
|
|t:|1779557412
|move|p1a: Darkrai|Dark Pulse|p2a: Froslass
|-supereffective|p2a: Froslass
|-crit|p2a: Froslass
|-enditem|p2a: Froslass|Focus Sash
|-damage|p2a: Froslass|1/100
|-start|p1a: Darkrai|Disable|Dark Pulse|[from] ability: Cursed Body|[of] p2a: Froslass
|move|p2a: Froslass|Thunder Wave|p1a: Darkrai
|-status|p1a: Darkrai|par
|
|upkeep
|turn|6
|
|t:|1779557423
|move|p2a: Froslass|Spikes|p1a: Darkrai
|-sidestart|p1: vampiregreg|Spikes
|-activate|p1a: Darkrai|move: Struggle
|move|p1a: Darkrai|Struggle|p2a: Froslass
|-damage|p2a: Froslass|0 fnt
|faint|p2a: Froslass
|-damage|p1a: Darkrai|30/100 par|[from] recoil
|
|upkeep
|
|t:|1779557424
|switch|p2a: Pelipper|Pelipper, F|100/100
|-weather|RainDance|[from] ability: Drizzle|[of] p2a: Pelipper
|turn|7
|
|t:|1779557431
|switch|p1a: Iron Treads|Iron Treads|100/100
|move|p2a: Pelipper|Hurricane|p1a: Iron Treads
|-resisted|p1a: Iron Treads
|-damage|p1a: Iron Treads|72/100
|
|-weather|RainDance|[upkeep]
|upkeep
|turn|8
|
|t:|1779557436
|move|p1a: Iron Treads|Iron Head|p2a: Pelipper
|-resisted|p2a: Pelipper
|-damage|p2a: Pelipper|86/100
|cant|p2a: Pelipper|flinch
|
|-weather|RainDance|[upkeep]
|upkeep
|turn|9
|
|t:|1779557441
|move|p1a: Iron Treads|Rapid Spin|p2a: Pelipper
|-damage|p2a: Pelipper|72/100
|-boost|p1a: Iron Treads|spe|1
|-sideend|p1: vampiregreg|Spikes|[from] move: Rapid Spin|[of] p1a: Iron Treads
|move|p2a: Pelipper|Weather Ball|p1a: Iron Treads
|-supereffective|p1a: Iron Treads
|-damage|p1a: Iron Treads|0 fnt
|faint|p1a: Iron Treads
|-end|p1a: Iron Treads|Quark Drive|[silent]
|
|-weather|RainDance|[upkeep]
|upkeep
|
|t:|1779557449
|switch|p1a: Iron Valiant|Iron Valiant|100/100
|-enditem|p1a: Iron Valiant|Booster Energy
|-activate|p1a: Iron Valiant|ability: Quark Drive|[fromitem]
|-start|p1a: Iron Valiant|quarkdrivespe
|turn|10
|
|t:|1779557452
|move|p1a: Iron Valiant|Calm Mind|p1a: Iron Valiant
|-boost|p1a: Iron Valiant|spa|1
|-boost|p1a: Iron Valiant|spd|1
|move|p2a: Pelipper|Hurricane|p1a: Iron Valiant
|-supereffective|p1a: Iron Valiant
|-damage|p1a: Iron Valiant|0 fnt
|faint|p1a: Iron Valiant
|-end|p1a: Iron Valiant|Quark Drive|[silent]
|
|-weather|RainDance|[upkeep]
|upkeep
|
|t:|1779557458
|switch|p1a: Dragapult|Dragapult, M|100/100
|turn|11
|
|t:|1779557460
|move|p1a: Dragapult|Dragon Darts|p2a: Pelipper
|-damage|p2a: Pelipper|51/100
|-anim|p1a: Dragapult|Dragon Darts|p2a: Pelipper
|-damage|p2a: Pelipper|31/100
|move|p2a: Pelipper|Icy Wind|p1a: Dragapult
|-supereffective|p1a: Dragapult
|-crit|p1a: Dragapult
|-damage|p1a: Dragapult|27/100
|-unboost|p1a: Dragapult|spe|1
|
|-weather|RainDance|[upkeep]
|upkeep
|turn|12
|
|t:|1779557466
|switch|p1a: Zapdos|Zapdos|100/100
|switch|p2a: Gengar|Gengar, M|100/100
|
|-weather|RainDance|[upkeep]
|upkeep
|turn|13
|
|t:|1779557474
|move|p2a: Gengar|Sludge Wave|p1a: Zapdos
|-damage|p1a: Zapdos|48/100
|move|p1a: Zapdos|Hurricane|p2a: Gengar
|-damage|p2a: Gengar|19/100
|-start|p1a: Zapdos|Disable|Hurricane|[from] ability: Cursed Body|[of] p2a: Gengar
|
|-weather|RainDance|[upkeep]
|upkeep
|turn|14
|-message|vampiregreg forfeited.
|
|win|SgtBrick14
|raw|vampiregreg's rating: 1429 &rarr; <strong>1407</strong><br />(-22 for losing)
|raw|SgtBrick14's rating: 1401 &rarr; <strong>1423</strong><br />(+22 for winning)
|l|☆vampiregreg
|player|p1|
|l|☆SgtBrick14
|player|p2|
