|j|☆spiritorb
|j|☆rockdrigox666
|t:|1779708422
|gametype|singles
|player|p1|spiritorb|266|1252
|player|p2|rockdrigox666|1|1154
|gen|9
|tier|[Gen 9] OU
|rated|
|rule|HP Percentage Mod: HP is shown in percentages
|rule|Endless Battle Clause: Forcing endless battles is banned
|rule|Species Clause: Limit one of each Pokémon
|rule|OHKO Clause: OHKO moves are banned
|rule|Evasion Items Clause: Evasion items are banned
|rule|Evasion Moves Clause: Evasion moves are banned
|rule|Evasion Abilities Clause: Evasion abilities are banned
|rule|Sleep Moves Clause: Sleep-inducing moves are banned
|clearpoke
|poke|p1|Rotom-Wash|
|poke|p1|Meowscarada, M|
|poke|p1|Cinderace, F|
|poke|p1|Sinistcha|
|poke|p1|Hatterene, F|
|poke|p1|Rillaboom, F|
|poke|p2|Garchomp, F|
|poke|p2|Darkrai|
|poke|p2|Venusaur, F|
|poke|p2|Masquerain, M|
|poke|p2|Weavile, F|
|poke|p2|Toxtricity, F|
|teampreview
|inactive|Battle timer is ON: inactive players will automatically lose when time's up. (requested by rockdrigox666)
|
|t:|1779708446
|teamsize|p1|6
|teamsize|p2|6
|start
|switch|p1a: Rotom|Rotom-Wash|100/100
|switch|p2a: Weavile|Weavile, F|100/100
|-ability|p2a: Weavile|Pressure
|turn|1
|
|t:|1779708451
|move|p2a: Weavile|Taunt|p1a: Rotom
|-start|p1a: Rotom|move: Taunt
|cant|p1a: Rotom|move: Taunt|Will-O-Wisp
|
|upkeep
|turn|2
|
|t:|1779708456
|move|p2a: Weavile|Knock Off|p1a: Rotom
|-damage|p1a: Rotom|55/100
|-enditem|p1a: Rotom|Leftovers|[from] move: Knock Off|[of] p2a: Weavile
|-damage|p2a: Weavile|91/100|[from] item: Life Orb
|move|p1a: Rotom|Volt Switch|p2a: Weavile
|-damage|p2a: Weavile|58/100
|
|t:|1779708483
|switch|p1a: Cinderace|Cinderace, F|100/100|[from] Volt Switch
|
|upkeep
|turn|3
|
|t:|1779708488
|switch|p2a: Garchomp|Garchomp, F|100/100
|move|p1a: Cinderace|U-turn|p2a: Garchomp
|-start|p1a: Cinderace|typechange|Bug|[from] ability: Libero
|-damage|p2a: Garchomp|78/100
|-damage|p1a: Cinderace|88/100|[from] ability: Rough Skin|[of] p2a: Garchomp
|-damage|p1a: Cinderace|72/100|[from] item: Rocky Helmet|[of] p2a: Garchomp
|
|t:|1779708505
|switch|p1a: Rotom|Rotom-Wash|55/100|[from] U-turn
|
|upkeep
|turn|4
|
|t:|1779708511
|move|p2a: Garchomp|Stealth Rock|p1a: Rotom
|-sidestart|p1: spiritorb|move: Stealth Rock
|move|p1a: Rotom|Pain Split|p2a: Garchomp
|-sethp|p2a: Garchomp|59/100|[from] move: Pain Split|[silent]
|-sethp|p1a: Rotom|81/100|[from] move: Pain Split
|
|upkeep
|turn|5
|
|t:|1779708517
|move|p2a: Garchomp|Body Slam|p1a: Rotom
|-damage|p1a: Rotom|64/100
|move|p1a: Rotom|Hydro Pump|p2a: Garchomp
|-damage|p2a: Garchomp|22/100
|
|upkeep
|turn|6
|
|t:|1779708524
|switch|p2a: Venusaur|Venusaur, F|100/100
|move|p1a: Rotom|Hydro Pump|p2a: Venusaur|[miss]
|-miss|p1a: Rotom|p2a: Venusaur
|
|upkeep
|turn|7
|
|t:|1779708533
|switch|p1a: Rillaboom|Rillaboom, F|100/100
|-damage|p1a: Rillaboom|88/100|[from] Stealth Rock
|-fieldstart|move: Grassy Terrain|[from] ability: Grassy Surge|[of] p1a: Rillaboom
|move|p2a: Venusaur|Sunny Day|p2a: Venusaur
|-weather|SunnyDay
|
|-weather|SunnyDay|[upkeep]
|-heal|p1a: Rillaboom|94/100|[from] Grassy Terrain
|upkeep
|turn|8
|
|t:|1779708541
|move|p2a: Venusaur|Weather Ball|p1a: Rillaboom
|-supereffective|p1a: Rillaboom
|-damage|p1a: Rillaboom|0 fnt
|faint|p1a: Rillaboom
|
|-weather|SunnyDay|[upkeep]
|upkeep
|
|t:|1779708554
|switch|p1a: Hatterene|Hatterene, F|100/100
|-damage|p1a: Hatterene|88/100|[from] Stealth Rock
|turn|9
|
|t:|1779708557
|move|p2a: Venusaur|Sludge Bomb|p1a: Hatterene
|-supereffective|p1a: Hatterene
|-damage|p1a: Hatterene|5/100
|move|p1a: Hatterene|Psychic Noise|p2a: Venusaur
|-supereffective|p2a: Venusaur
|-damage|p2a: Venusaur|23/100
|-start|p2a: Venusaur|move: Heal Block
|
|-weather|SunnyDay|[upkeep]
|-heal|p1a: Hatterene|11/100|[from] Grassy Terrain
|upkeep
|turn|10
|
|t:|1779708575
|switch|p1a: Rotom|Rotom-Wash|64/100
|-damage|p1a: Rotom|51/100|[from] Stealth Rock
|move|p2a: Venusaur|Sludge Bomb|p1a: Rotom
|-crit|p1a: Rotom
|-damage|p1a: Rotom|0 fnt
|faint|p1a: Rotom
|
|-weather|SunnyDay|[upkeep]
|-end|p2a: Venusaur|move: Heal Block
|upkeep
|
|t:|1779708580
|switch|p1a: Meowscarada|Meowscarada, M|100/100
|turn|11
|
|t:|1779708587
|move|p2a: Venusaur|Sludge Bomb|p1a: Meowscarada
|-supereffective|p1a: Meowscarada
|-damage|p1a: Meowscarada|0 fnt
|faint|p1a: Meowscarada
|
|-weather|none
|-heal|p2a: Venusaur|29/100|[from] Grassy Terrain
|-heal|p2a: Venusaur|35/100|[from] item: Leftovers
|-fieldend|move: Grassy Terrain
|upkeep
|
|t:|1779708607
|switch|p1a: Cinderace|Cinderace, F|72/100
|turn|12
|
|t:|1779708626
|switch|p2a: Garchomp|Garchomp, F|22/100
|move|p1a: Cinderace|Pyro Ball|p2a: Garchomp
|-resisted|p2a: Garchomp
|-damage|p2a: Garchomp|2/100
|
|upkeep
|turn|13
|
|t:|1779708637
|move|p1a: Cinderace|Pyro Ball|p2a: Garchomp
|-resisted|p2a: Garchomp
|-damage|p2a: Garchomp|0 fnt
|faint|p2a: Garchomp
|
|upkeep
|
|t:|1779708640
|switch|p2a: Masquerain|Masquerain, M|100/100
|-ability|p2a: Masquerain|Intimidate|boost
|-unboost|p1a: Cinderace|atk|1
|turn|14
|
|t:|1779708651
|move|p1a: Cinderace|Court Change|p1a: Cinderace
|-start|p1a: Cinderace|typechange|Normal|[from] ability: Libero
|-swapsideconditions
|-activate|p1a: Cinderace|move: Court Change
|move|p2a: Masquerain|Hurricane|p1a: Cinderace
|-damage|p1a: Cinderace|0 fnt
|faint|p1a: Cinderace
|
|upkeep
|
|t:|1779708666
|switch|p1a: Sinistcha|Sinistcha|100/100
|turn|15
|
|t:|1779708669
|move|p2a: Masquerain|Hurricane|p1a: Sinistcha
|-supereffective|p1a: Sinistcha
|-damage|p1a: Sinistcha|0 fnt
|faint|p1a: Sinistcha
|
|upkeep
|
|t:|1779708673
|switch|p1a: Hatterene|Hatterene, F|11/100
|turn|16
|
|t:|1779708676
|move|p2a: Masquerain|Bug Buzz|p1a: Hatterene
|-damage|p1a: Hatterene|0 fnt
|faint|p1a: Hatterene
|
|win|rockdrigox666
|raw|spiritorb's rating: 1252 &rarr; <strong>1220</strong><br />(-32 for losing)
|raw|rockdrigox666's rating: 1154 &rarr; <strong>1186</strong><br />(+32 for winning)
|l|☆spiritorb
|player|p1|
