|inactive|Battle timer is ON: inactive players will automatically lose when time's up.
|t:|1779649565
|gametype|singles
|player|p1|truthankamon|dancer|
|player|p2|loloelmismisimo|1|
|gen|9
|tier|[Gen 9] OU
|rule|HP Percentage Mod: HP is shown in percentages
|rule|Endless Battle Clause: Forcing endless battles is banned
|rule|Species Clause: Limit one of each Pokémon
|rule|OHKO Clause: OHKO moves are banned
|rule|Evasion Items Clause: Evasion items are banned
|rule|Evasion Moves Clause: Evasion moves are banned
|rule|Evasion Abilities Clause: Evasion abilities are banned
|rule|Sleep Moves Clause: Sleep-inducing moves are banned
|clearpoke
|poke|p1|Torkoal, F|
|poke|p1|Raging Bolt|
|poke|p1|Walking Wake|
|poke|p1|Great Tusk|
|poke|p1|Hatterene, F|
|poke|p1|Slither Wing|
|poke|p2|Dragapult, M|
|poke|p2|Gliscor, M|
|poke|p2|Ogerpon-Wellspring, F|
|poke|p2|Iron Crown|
|poke|p2|Ting-Lu|
|poke|p2|Kingambit, F|
|teampreview
|c|☆truthankamon|hf
|inactive|truthankamon has 270 seconds left.
|c|☆loloelmismisimo|glhf
|
|t:|1779649603
|teamsize|p1|6
|teamsize|p2|6
|start
|switch|p1a: 10 packs deep|Torkoal, F|100/100
|switch|p2a: Gliscor|Gliscor, M|100/100
|-weather|SunnyDay|[from] ability: Drought|[of] p1a: 10 packs deep
|turn|1
|inactive|truthankamon has 270 seconds left.
|
|t:|1779649648
|switch|p1a: Gyatt in the hat|Hatterene, F|100/100
|move|p2a: Gliscor|Earthquake|p1a: Gyatt in the hat
|-damage|p1a: Gyatt in the hat|74/100
|-enditem|p1a: Gyatt in the hat|Eject Button
|
|t:|1779649653
|switch|p1a: Throat goat|Raging Bolt|100/100
|-activate|p1a: Throat goat|ability: Protosynthesis
|-start|p1a: Throat goat|protosynthesisspa
|
|-weather|SunnyDay|[upkeep]
|-status|p2a: Gliscor|tox|[from] item: Toxic Orb
|upkeep
|turn|2
|
|t:|1779649665
|move|p2a: Gliscor|Earthquake|p1a: Throat goat
|-supereffective|p1a: Throat goat
|-damage|p1a: Throat goat|40/100
|move|p1a: Throat goat|Weather Ball|p2a: Gliscor
|-damage|p2a: Gliscor|0 fnt
|faint|p2a: Gliscor
|
|-weather|SunnyDay|[upkeep]
|upkeep
|
|t:|1779649683
|switch|p2a: Dragapult|Dragapult, M|100/100
|turn|3
|
|t:|1779649692
|-end|p1a: Throat goat|Protosynthesis|[silent]
|switch|p1a: Gyatt in the hat|Hatterene, F|74/100
|move|p2a: Dragapult|U-turn|p1a: Gyatt in the hat
|-damage|p1a: Gyatt in the hat|59/100
|
|t:|1779649710
|switch|p2a: Iron Crown|Iron Crown|100/100|[from] U-turn
|-enditem|p2a: Iron Crown|Booster Energy
|-activate|p2a: Iron Crown|ability: Quark Drive|[fromitem]
|-start|p2a: Iron Crown|quarkdrivespe
|
|-weather|SunnyDay|[upkeep]
|upkeep
|turn|4
|c|+tizio potente ao|Daje Dusty dustox
|inactive|truthankamon has 270 seconds left.
|
|t:|1779649740
|move|p2a: Iron Crown|Calm Mind|p2a: Iron Crown
|-boost|p2a: Iron Crown|spa|1
|-boost|p2a: Iron Crown|spd|1
|move|p1a: Gyatt in the hat|Healing Wish|p1a: Gyatt in the hat
|faint|p1a: Gyatt in the hat
|
|-weather|SunnyDay|[upkeep]
|upkeep
|inactive|truthankamon has 270 seconds left.
|
|t:|1779649746
|switch|p1a: Throat goat|Raging Bolt|40/100
|-heal|p1a: Throat goat|100/100|[from] move: Healing Wish
|-activate|p1a: Throat goat|ability: Protosynthesis
|-start|p1a: Throat goat|protosynthesisspa
|turn|5
|
|t:|1779649774
|-terastallize|p2a: Iron Crown|Fighting
|move|p2a: Iron Crown|Calm Mind|p2a: Iron Crown
|-boost|p2a: Iron Crown|spa|1
|-boost|p2a: Iron Crown|spd|1
|move|p1a: Throat goat|Weather Ball|p2a: Iron Crown
|-damage|p2a: Iron Crown|50/100
|
|-weather|SunnyDay|[upkeep]
|upkeep
|turn|6
|inactive|truthankamon has 270 seconds left.
|
|t:|1779649799
|move|p2a: Iron Crown|Focus Blast|p1a: Throat goat
|-damage|p1a: Throat goat|0 fnt
|faint|p1a: Throat goat
|-end|p1a: Throat goat|Protosynthesis|[silent]
|
|-weather|SunnyDay|[upkeep]
|upkeep
|inactive|truthankamon has 240 seconds left.
|inactive|truthankamon has 210 seconds left.
|
|t:|1779649869
|switch|p1a: Old and horny|Great Tusk|100/100
|-activate|p1a: Old and horny|ability: Protosynthesis
|-start|p1a: Old and horny|protosynthesisatk
|turn|7
|inactive|truthankamon has 210 seconds left.
|
|t:|1779649876
|-terastallize|p1a: Old and horny|Fire
|move|p2a: Iron Crown|Psychic|p1a: Old and horny
|-damage|p1a: Old and horny|24/100
|move|p1a: Old and horny|Headlong Rush|p2a: Iron Crown
|-damage|p2a: Iron Crown|0 fnt
|-unboost|p1a: Old and horny|def|1
|-unboost|p1a: Old and horny|spd|1
|faint|p2a: Iron Crown
|-end|p2a: Iron Crown|Quark Drive|[silent]
|
|-weather|SunnyDay|[upkeep]
|upkeep
|
|t:|1779649900
|switch|p2a: Ogerpon|Ogerpon-Wellspring, F|100/100
|turn|8
|
|t:|1779649909
|move|p2a: Ogerpon|Knock Off|p1a: Old and horny
|-damage|p1a: Old and horny|0 fnt
|-enditem|p1a: Old and horny|Assault Vest|[from] move: Knock Off|[of] p2a: Ogerpon
|faint|p1a: Old and horny
|-end|p1a: Old and horny|Protosynthesis|[silent]
|
|-weather|none
|upkeep
|
|t:|1779649912
|switch|p1a: 10 packs deep|Torkoal, F|100/100
|-weather|SunnyDay|[from] ability: Drought|[of] p1a: 10 packs deep
|turn|9
|
|t:|1779649926
|move|p2a: Ogerpon|Ivy Cudgel|p1a: 10 packs deep|[anim] Ivy Cudgel Water
|-supereffective|p1a: 10 packs deep
|-damage|p1a: 10 packs deep|51/100
|move|p1a: 10 packs deep|Overheat|p2a: Ogerpon
|-damage|p2a: Ogerpon|9/100
|-unboost|p1a: 10 packs deep|spa|2
|
|-weather|SunnyDay|[upkeep]
|upkeep
|turn|10
|
|t:|1779649944
|move|p2a: Ogerpon|Ivy Cudgel|p1a: 10 packs deep|[anim] Ivy Cudgel Water
|-supereffective|p1a: 10 packs deep
|-damage|p1a: 10 packs deep|0 fnt
|faint|p1a: 10 packs deep
|
|-weather|SunnyDay|[upkeep]
|upkeep
|
|t:|1779649946
|switch|p1a: Waking Bad|Walking Wake|100/100
|-activate|p1a: Waking Bad|ability: Protosynthesis
|-start|p1a: Waking Bad|protosynthesisspe
|turn|11
|
|t:|1779649950
|move|p1a: Waking Bad|Weather Ball|p2a: Ogerpon
|-damage|p2a: Ogerpon|0 fnt
|faint|p2a: Ogerpon
|
|-weather|SunnyDay|[upkeep]
|upkeep
|
|t:|1779649979
|switch|p2a: Dragapult|Dragapult, M|100/100
|turn|12
|inactive|truthankamon has 240 seconds left.
|
|t:|1779649994
|move|p1a: Waking Bad|Draco Meteor|p2a: Dragapult
|-supereffective|p2a: Dragapult
|-damage|p2a: Dragapult|0 fnt
|-unboost|p1a: Waking Bad|spa|2
|faint|p2a: Dragapult
|
|-weather|SunnyDay|[upkeep]
|upkeep
|c|☆loloelmismisimo|wth
|c|☆loloelmismisimo|what item
|inactive|loloelmismisimo has 270 seconds left.
|
|t:|1779650022
|switch|p2a: Ting-Lu|Ting-Lu|100/100
|-ability|p2a: Ting-Lu|Vessel of Ruin
|turn|13
|inactive|loloelmismisimo has 270 seconds left.
|inactive|truthankamon has 240 seconds left.
|
|t:|1779650047
|move|p1a: Waking Bad|Flip Turn|p2a: Ting-Lu
|-supereffective|p2a: Ting-Lu
|-damage|p2a: Ting-Lu|91/100
|-damage|p1a: Waking Bad|84/100|[from] item: Rocky Helmet|[of] p2a: Ting-Lu
|
|t:|1779650050
|-end|p1a: Waking Bad|Protosynthesis|[silent]
|switch|p1a: Dangerous flaps|Slither Wing|100/100|[from] Flip Turn
|-activate|p1a: Dangerous flaps|ability: Protosynthesis
|-start|p1a: Dangerous flaps|protosynthesisdef
|move|p2a: Ting-Lu|Ruination|p1a: Dangerous flaps
|-damage|p1a: Dangerous flaps|51/100
|
|-weather|SunnyDay|[upkeep]
|upkeep
|turn|14
|inactive|truthankamon has 240 seconds left.
|inactive|loloelmismisimo has 270 seconds left.
|
|t:|1779650074
|move|p1a: Dangerous flaps|Will-O-Wisp|p2a: Ting-Lu
|-status|p2a: Ting-Lu|brn
|move|p2a: Ting-Lu|Ruination|p1a: Dangerous flaps
|-damage|p1a: Dangerous flaps|26/100
|
|-weather|SunnyDay|[upkeep]
|-damage|p2a: Ting-Lu|85/100 brn|[from] brn
|upkeep
|turn|15
|
|t:|1779650082
|move|p1a: Dangerous flaps|Morning Sun|p1a: Dangerous flaps
|-heal|p1a: Dangerous flaps|92/100
|move|p2a: Ting-Lu|Stealth Rock|p1a: Dangerous flaps
|-sidestart|p1: truthankamon|move: Stealth Rock
|
|-weather|SunnyDay|[upkeep]
|-damage|p2a: Ting-Lu|79/100 brn|[from] brn
|upkeep
|turn|16
|
|t:|1779650088
|-end|p1a: Dangerous flaps|Protosynthesis|[silent]
|switch|p1a: Waking Bad|Walking Wake|84/100
|-damage|p1a: Waking Bad|72/100|[from] Stealth Rock
|-activate|p1a: Waking Bad|ability: Protosynthesis
|-start|p1a: Waking Bad|protosynthesisspe
|move|p2a: Ting-Lu|Ruination|p1a: Waking Bad
|-damage|p1a: Waking Bad|36/100
|
|-weather|none
|-end|p1a: Waking Bad|Protosynthesis
|-damage|p2a: Ting-Lu|72/100 brn|[from] brn
|upkeep
|turn|17
|
|t:|1779650103
|move|p1a: Waking Bad|Hydro Steam|p2a: Ting-Lu
|-supereffective|p2a: Ting-Lu
|-damage|p2a: Ting-Lu|27/100 brn
|move|p2a: Ting-Lu|Ruination|p1a: Waking Bad|[miss]
|-miss|p2a: Ting-Lu|p1a: Waking Bad
|
|-damage|p2a: Ting-Lu|21/100 brn|[from] brn
|upkeep
|turn|18
|
|t:|1779650110
|move|p1a: Waking Bad|Hydro Steam|p2a: Ting-Lu
|-supereffective|p2a: Ting-Lu
|-damage|p2a: Ting-Lu|0 fnt
|faint|p2a: Ting-Lu
|
|upkeep
|
|t:|1779650112
|switch|p2a: Kingambit|Kingambit, F|100/100
|-activate|p2a: Kingambit|ability: Supreme Overlord
|-start|p2a: Kingambit|fallen5|[silent]
|-item|p2a: Kingambit|Air Balloon
|turn|19
|
|t:|1779650137
|move|p1a: Waking Bad|Hydro Steam|p2a: Kingambit
|-damage|p2a: Kingambit|48/100
|-enditem|p2a: Kingambit|Air Balloon
|move|p2a: Kingambit|Kowtow Cleave|p1a: Waking Bad
|-damage|p1a: Waking Bad|0 fnt
|faint|p1a: Waking Bad
|-end|p1a: Waking Bad|Protosynthesis|[silent]
|
|upkeep
|
|t:|1779650141
|switch|p1a: Dangerous flaps|Slither Wing|92/100
|-damage|p1a: Dangerous flaps|80/100|[from] Stealth Rock
|turn|20
|
|t:|1779650148
|move|p1a: Dangerous flaps|Will-O-Wisp|p2a: Kingambit
|-status|p2a: Kingambit|brn
|move|p2a: Kingambit|Kowtow Cleave|p1a: Dangerous flaps
|-resisted|p1a: Dangerous flaps
|-damage|p1a: Dangerous flaps|66/100
|-damage|p2a: Kingambit|32/100 brn|[from] item: Rocky Helmet|[of] p1a: Dangerous flaps
|
|-damage|p2a: Kingambit|26/100 brn|[from] brn
|upkeep
|turn|21
|c|☆loloelmismisimo|ggs
|c|☆truthankamon|gg
|-message|loloelmismisimo forfeited.
|
|win|truthankamon
|player|p2|
