|j|☆asdadac
|j|☆mrmonk123
|t:|1779564506
|gametype|singles
|player|p1|asdadac|169|1431
|player|p2|mrmonk123|harlequin|1544
|gen|9
|tier|[Gen 9] OU
|rated|
|rule|HP Percentage Mod: HP is shown in percentages
|rule|Endless Battle Clause: Forcing endless battles is banned
|rule|Species Clause: Limit one of each Pokémon
|rule|OHKO Clause: OHKO moves are banned
|rule|Evasion Items Clause: Evasion items are banned
|rule|Evasion Moves Clause: Evasion moves are banned
|rule|Evasion Abilities Clause: Evasion abilities are banned
|rule|Sleep Moves Clause: Sleep-inducing moves are banned
|clearpoke
|poke|p1|Volcanion|
|poke|p1|Great Tusk|
|poke|p1|Hatterene, F|
|poke|p1|Gholdengo|
|poke|p1|Dragonite, F|
|poke|p1|Weavile, F|
|poke|p2|Slowking-Galar, M|
|poke|p2|Great Tusk|
|poke|p2|Toxapex, M|
|poke|p2|Zarude-Dada|
|poke|p2|Cinderace, F|
|poke|p2|Tornadus-Therian, M|
|teampreview
|
|t:|1779564531
|teamsize|p1|6
|teamsize|p2|6
|start
|switch|p1a: 支离灭裂|Weavile, F|100/100
|switch|p2a: Toxapex|Toxapex, M|100/100
|-ability|p1a: 支离灭裂|Pressure
|turn|1
|
|t:|1779564546
|move|p1a: 支离灭裂|Knock Off|p2a: Toxapex
|-damage|p2a: Toxapex|57/100
|-enditem|p2a: Toxapex|Heavy-Duty Boots|[from] move: Knock Off|[of] p1a: 支离灭裂
|move|p2a: Toxapex|Toxic|p1a: 支离灭裂
|-status|p1a: 支离灭裂|tox
|
|-damage|p1a: 支离灭裂|94/100 tox|[from] psn
|upkeep
|turn|2
|
|t:|1779564557
|switch|p1a: 柔情魔女|Hatterene, F|100/100
|move|p2a: Toxapex|Recover|p2a: Toxapex
|-heal|p2a: Toxapex|100/100
|
|upkeep
|turn|3
|inactive|Battle timer is ON: inactive players will automatically lose when time's up. (requested by asdadac)
|
|t:|1779564619
|switch|p2a: Slowking|Slowking-Galar, M|100/100
|move|p1a: 柔情魔女|Nuzzle|p2a: Slowking
|-damage|p2a: Slowking|96/100
|-status|p2a: Slowking|par
|
|upkeep
|turn|4
|
|t:|1779564627
|move|p1a: 柔情魔女|Psychic Noise|p2a: Slowking
|-damage|p2a: Slowking|77/100 par
|-start|p2a: Slowking|move: Heal Block
|cant|p2a: Slowking|par
|
|upkeep
|turn|5
|
|t:|1779564634
|move|p1a: 柔情魔女|Psychic Noise|p2a: Slowking
|-damage|p2a: Slowking|57/100 par
|move|p2a: Slowking|Future Sight|p1a: 柔情魔女
|-start|p2a: Slowking|move: Future Sight
|
|-end|p2a: Slowking|move: Heal Block
|upkeep
|turn|6
|
|t:|1779564644
|move|p1a: 柔情魔女|Psychic Noise|p2a: Slowking
|-damage|p2a: Slowking|38/100 par
|-start|p2a: Slowking|move: Heal Block
|-prepare|p2a: Slowking|Chilly Reception|[premajor]
|move|p2a: Slowking|Chilly Reception|p2a: Slowking
|-weather|Snowscape
|
|t:|1779564649
|switch|p2a: Cinderace|Cinderace, F|100/100|[from] Chilly Reception
|
|-weather|Snowscape|[upkeep]
|upkeep
|turn|7
|
|t:|1779564657
|move|p2a: Cinderace|U-turn|p1a: 柔情魔女
|-start|p2a: Cinderace|typechange|Bug|[from] ability: Libero
|-damage|p1a: 柔情魔女|69/100
|-damage|p2a: Cinderace|84/100|[from] item: Rocky Helmet|[of] p1a: 柔情魔女
|
|t:|1779564660
|switch|p2a: Slowking|Slowking-Galar, M|72/100 par|[from] U-turn
|move|p1a: 柔情魔女|Nuzzle|p2a: Slowking
|-damage|p2a: Slowking|67/100 par
|
|-weather|Snowscape|[upkeep]
|-end|p1a: 柔情魔女|move: Future Sight
|-resisted|p1a: 柔情魔女
|-damage|p1a: 柔情魔女|46/100
|upkeep
|turn|8
|
|t:|1779564669
|move|p1a: 柔情魔女|Draining Kiss|p2a: Slowking
|-resisted|p2a: Slowking
|-damage|p2a: Slowking|61/100 par
|-heal|p1a: 柔情魔女|52/100|[from] drain|[of] p2a: Slowking
|move|p2a: Slowking|Future Sight|p1a: 柔情魔女
|-start|p2a: Slowking|move: Future Sight
|
|-weather|Snowscape|[upkeep]
|upkeep
|turn|9
|
|t:|1779564675
|move|p1a: 柔情魔女|Psychic Noise|p2a: Slowking
|-damage|p2a: Slowking|41/100 par
|-start|p2a: Slowking|move: Heal Block
|move|p2a: Slowking|Sludge Bomb|p1a: 柔情魔女
|-supereffective|p1a: 柔情魔女
|-damage|p1a: 柔情魔女|0 fnt
|faint|p1a: 柔情魔女
|
|-weather|Snowscape|[upkeep]
|upkeep
|
|t:|1779564683
|switch|p1a: 支离灭裂|Weavile, F|94/100 tox
|-ability|p1a: 支离灭裂|Pressure
|turn|10
|
|t:|1779564691
|switch|p2a: Toxapex|Toxapex, M|100/100
|move|p1a: 支离灭裂|Knock Off|p2a: Toxapex
|-damage|p2a: Toxapex|71/100
|
|-weather|none
|-end|p1a: 支离灭裂|move: Future Sight
|-immune|p1a: 支离灭裂
|-damage|p1a: 支离灭裂|88/100 tox|[from] psn
|upkeep
|turn|11
|
|t:|1779564699
|switch|p1a: 我是奶龙|Dragonite, F|100/100
|move|p2a: Toxapex|Surf|p1a: 我是奶龙
|-resisted|p1a: 我是奶龙
|-damage|p1a: 我是奶龙|96/100
|
|-heal|p1a: 我是奶龙|100/100|[from] item: Leftovers
|upkeep
|turn|12
|
|t:|1779564704
|move|p1a: 我是奶龙|Encore|p2a: Toxapex
|-start|p2a: Toxapex|Encore
|move|p2a: Toxapex|Surf|p1a: 我是奶龙
|-resisted|p1a: 我是奶龙
|-damage|p1a: 我是奶龙|96/100
|
|-heal|p1a: 我是奶龙|100/100|[from] item: Leftovers
|upkeep
|turn|13
|
|t:|1779564711
|switch|p2a: Great Tusk|Great Tusk|100/100
|move|p1a: 我是奶龙|Dragon Dance|p1a: 我是奶龙
|-boost|p1a: 我是奶龙|atk|1
|-boost|p1a: 我是奶龙|spe|1
|
|upkeep
|turn|14
|
|t:|1779564731
|-terastallize|p1a: 我是奶龙|Ground
|move|p1a: 我是奶龙|Dragon Dance|p1a: 我是奶龙
|-boost|p1a: 我是奶龙|atk|1
|-boost|p1a: 我是奶龙|spe|1
|move|p2a: Great Tusk|Rapid Spin|p1a: 我是奶龙
|-damage|p1a: 我是奶龙|92/100
|-boost|p2a: Great Tusk|spe|1
|
|-heal|p1a: 我是奶龙|98/100|[from] item: Leftovers
|upkeep
|turn|15
|
|t:|1779564738
|move|p1a: 我是奶龙|Dragon Dance|p1a: 我是奶龙
|-boost|p1a: 我是奶龙|atk|1
|-boost|p1a: 我是奶龙|spe|1
|move|p2a: Great Tusk|Ice Spinner|p1a: 我是奶龙
|-supereffective|p1a: 我是奶龙
|-damage|p1a: 我是奶龙|47/100
|
|-heal|p1a: 我是奶龙|53/100|[from] item: Leftovers
|upkeep
|turn|16
|
|t:|1779564742
|move|p1a: 我是奶龙|Ice Spinner|p2a: Great Tusk
|-supereffective|p2a: Great Tusk
|-damage|p2a: Great Tusk|6/100
|-damage|p1a: 我是奶龙|37/100|[from] item: Rocky Helmet|[of] p2a: Great Tusk
|move|p2a: Great Tusk|Ice Spinner|p1a: 我是奶龙
|-supereffective|p1a: 我是奶龙
|-damage|p1a: 我是奶龙|0 fnt
|faint|p1a: 我是奶龙
|
|upkeep
|
|t:|1779564747
|switch|p1a: 支离灭裂|Weavile, F|88/100 tox
|-ability|p1a: 支离灭裂|Pressure
|turn|17
|
|t:|1779564756
|move|p1a: 支离灭裂|Ice Shard|p2a: Great Tusk
|-supereffective|p2a: Great Tusk
|-damage|p2a: Great Tusk|0 fnt
|faint|p2a: Great Tusk
|-end|p2a: Great Tusk|Protosynthesis|[silent]
|
|-damage|p1a: 支离灭裂|82/100 tox|[from] psn
|upkeep
|
|t:|1779564760
|switch|p2a: Toxapex|Toxapex, M|100/100
|turn|18
|
|t:|1779564774
|switch|p1a: 法西娅|Gholdengo|100/100
|move|p2a: Toxapex|Surf|p1a: 法西娅
|-damage|p1a: 法西娅|78/100
|
|upkeep
|turn|19
|
|t:|1779564780
|move|p1a: 法西娅|Trick|p2a: Toxapex
|-activate|p1a: 法西娅|move: Trick|[of] p2a: Toxapex
|-item|p2a: Toxapex|Choice Scarf|[from] move: Trick
|-enditem|p1a: 法西娅|Choice Scarf|[silent]|[from] move: Trick
|move|p2a: Toxapex|Surf|p1a: 法西娅
|-damage|p1a: 法西娅|55/100
|
|upkeep
|turn|20
|
|t:|1779564785
|switch|p1a: 无我梦中|Volcanion|100/100
|switch|p2a: Tornadus|Tornadus-Therian, M|100/100
|
|upkeep
|turn|21
|
|t:|1779564790
|move|p2a: Tornadus|Bleakwind Storm|p1a: 无我梦中|[miss]
|-miss|p2a: Tornadus|p1a: 无我梦中
|move|p1a: 无我梦中|Steam Eruption|p2a: Tornadus
|-damage|p2a: Tornadus|63/100
|-status|p2a: Tornadus|brn
|
|-damage|p2a: Tornadus|57/100 brn|[from] brn
|upkeep
|turn|22
|
|t:|1779564798
|move|p2a: Tornadus|Bleakwind Storm|p1a: 无我梦中
|-damage|p1a: 无我梦中|62/100
|move|p1a: 无我梦中|Flamethrower|p2a: Tornadus
|-damage|p2a: Tornadus|26/100 brn
|
|-damage|p2a: Tornadus|20/100 brn|[from] brn
|upkeep
|turn|23
|
|t:|1779564806
|move|p2a: Tornadus|U-turn|p1a: 无我梦中
|-resisted|p1a: 无我梦中
|-crit|p1a: 无我梦中
|-damage|p1a: 无我梦中|58/100
|
|t:|1779564809
|switch|p2a: Toxapex|Toxapex, M|100/100|[from] U-turn
|move|p1a: 无我梦中|Flamethrower|p2a: Toxapex
|-resisted|p2a: Toxapex
|-damage|p2a: Toxapex|83/100
|-status|p2a: Toxapex|brn
|
|-damage|p2a: Toxapex|77/100 brn|[from] brn
|upkeep
|turn|24
|
|t:|1779564820
|switch|p2a: Slowking|Slowking-Galar, M|74/100 par
|move|p1a: 无我梦中|Earth Power|p2a: Slowking
|-supereffective|p2a: Slowking
|-damage|p2a: Slowking|39/100 par
|
|upkeep
|turn|25
|
|t:|1779564826
|switch|p2a: Tornadus|Tornadus-Therian, M|53/100 brn
|move|p1a: 无我梦中|Steam Eruption|p2a: Tornadus
|-damage|p2a: Tornadus|10/100 brn
|
|-damage|p2a: Tornadus|4/100 brn|[from] brn
|upkeep
|turn|26
|
|t:|1779564833
|move|p2a: Tornadus|Bleakwind Storm|p1a: 无我梦中
|-damage|p1a: 无我梦中|17/100
|move|p1a: 无我梦中|Steam Eruption|p2a: Tornadus
|-damage|p2a: Tornadus|0 fnt
|faint|p2a: Tornadus
|
|upkeep
|
|t:|1779564839
|switch|p2a: Zarude|Zarude-Dada|100/100
|turn|27
|
|t:|1779564844
|move|p2a: Zarude|Knock Off|p1a: 无我梦中
|-damage|p1a: 无我梦中|0 fnt
|-enditem|p1a: 无我梦中|Shuca Berry|[from] move: Knock Off|[of] p2a: Zarude
|faint|p1a: 无我梦中
|
|upkeep
|
|t:|1779564849
|switch|p1a: 支离灭裂|Weavile, F|82/100 tox
|-ability|p1a: 支离灭裂|Pressure
|turn|28
|
|t:|1779564854
|switch|p2a: Toxapex|Toxapex, M|100/100 brn
|move|p1a: 支离灭裂|Triple Axel|p2a: Toxapex
|-resisted|p2a: Toxapex
|-damage|p2a: Toxapex|96/100 brn
|-resisted|p2a: Toxapex
|-damage|p2a: Toxapex|86/100 brn
|-hitcount|p2a: Toxapex|2
|
|-damage|p1a: 支离灭裂|76/100 tox|[from] psn
|-damage|p2a: Toxapex|80/100 brn|[from] brn
|upkeep
|turn|29
|
|t:|1779564860
|switch|p1a: 法西娅|Gholdengo|55/100
|move|p2a: Toxapex|Surf|p1a: 法西娅
|-damage|p1a: 法西娅|34/100
|
|-damage|p2a: Toxapex|74/100 brn|[from] brn
|upkeep
|turn|30
|
|t:|1779564865
|move|p1a: 法西娅|Shadow Ball|p2a: Toxapex
|-damage|p2a: Toxapex|41/100 brn
|-unboost|p2a: Toxapex|spd|1
|move|p2a: Toxapex|Surf|p1a: 法西娅
|-damage|p1a: 法西娅|12/100
|
|-damage|p2a: Toxapex|35/100 brn|[from] brn
|upkeep
|turn|31
|
|t:|1779564869
|switch|p2a: Cinderace|Cinderace, F|84/100
|move|p1a: 法西娅|Shadow Ball|p2a: Cinderace
|-damage|p2a: Cinderace|27/100
|-unboost|p2a: Cinderace|spd|1
|
|upkeep
|turn|32
|
|t:|1779564874
|switch|p1a: 阿鼻叫唤|Great Tusk|100/100
|move|p2a: Cinderace|Pyro Ball|p1a: 阿鼻叫唤
|-crit|p1a: 阿鼻叫唤
|-damage|p1a: 阿鼻叫唤|37/100
|
|upkeep
|turn|33
|
|t:|1779564878
|move|p2a: Cinderace|Pyro Ball|p1a: 阿鼻叫唤
|-damage|p1a: 阿鼻叫唤|0 fnt
|faint|p1a: 阿鼻叫唤
|-end|p1a: 阿鼻叫唤|Protosynthesis|[silent]
|
|upkeep
|-message|asdadac forfeited.
|
|win|mrmonk123
|raw|asdadac's rating: 1431 &rarr; <strong>1417</strong><br />(-14 for losing)
|raw|mrmonk123's rating: 1544 &rarr; <strong>1558</strong><br />(+14 for winning)
|l|☆asdadac
|player|p1|
|l|☆mrmonk123
|player|p2|
