|j|☆undertaker77
|j|☆flaresun3
|t:|1779562616
|gametype|singles
|player|p1|undertaker77|hilbert-wonderlauncher|1315
|player|p2|flaresun3|shadowtriad|1300
|gen|9
|tier|[Gen 9] OU
|rated|
|rule|HP Percentage Mod: HP is shown in percentages
|rule|Endless Battle Clause: Forcing endless battles is banned
|rule|Species Clause: Limit one of each Pokémon
|rule|OHKO Clause: OHKO moves are banned
|rule|Evasion Items Clause: Evasion items are banned
|rule|Evasion Moves Clause: Evasion moves are banned
|rule|Evasion Abilities Clause: Evasion abilities are banned
|rule|Sleep Moves Clause: Sleep-inducing moves are banned
|clearpoke
|poke|p1|Rotom-Wash|
|poke|p1|Gholdengo|
|poke|p1|Garchomp, F|
|poke|p1|Dragapult, F|
|poke|p1|Iron Valiant|
|poke|p1|Kingambit, M|
|poke|p2|Cinderace, M|
|poke|p2|Primarina, F|
|poke|p2|Whimsicott, F|
|poke|p2|Perrserker, M|
|poke|p2|Pawmot, M|
|poke|p2|Espeon, M|
|teampreview
|inactive|Battle timer is ON: inactive players will automatically lose when time's up. (requested by flaresun3)
|
|t:|1779562625
|teamsize|p1|6
|teamsize|p2|6
|start
|switch|p1a: Rotom|Rotom-Wash|100/100
|switch|p2a: Magna|Cinderace, M|100/100
|turn|1
|
|t:|1779562639
|move|p2a: Magna|U-turn|p1a: Rotom
|-start|p2a: Magna|typechange|Bug|[from] ability: Libero
|-damage|p1a: Rotom|76/100
|
|t:|1779562642
|switch|p2a: Charmy|Whimsicott, F|100/100|[from] U-turn
|move|p1a: Rotom|Hydro Pump|p2a: Charmy
|-resisted|p2a: Charmy
|-damage|p2a: Charmy|76/100
|
|-heal|p2a: Charmy|82/100|[from] item: Leftovers
|-heal|p1a: Rotom|83/100|[from] item: Leftovers
|upkeep
|turn|2
|
|t:|1779562665
|switch|p1a: Gholdengo|Gholdengo|100/100
|move|p2a: Charmy|Moonblast|p1a: Gholdengo
|-resisted|p1a: Gholdengo
|-damage|p1a: Gholdengo|86/100
|-unboost|p1a: Gholdengo|spa|1
|
|-heal|p2a: Charmy|88/100|[from] item: Leftovers
|-heal|p1a: Gholdengo|93/100|[from] item: Leftovers
|upkeep
|turn|3
|
|t:|1779562679
|switch|p2a: Magna|Cinderace, M|100/100
|move|p1a: Gholdengo|Nasty Plot|p1a: Gholdengo
|-boost|p1a: Gholdengo|spa|2
|
|-heal|p1a: Gholdengo|99/100|[from] item: Leftovers
|upkeep
|turn|4
|inactive|undertaker77 has 120 seconds left.
|
|t:|1779562705
|-terastallize|p1a: Gholdengo|Fairy
|move|p2a: Magna|Pyro Ball|p1a: Gholdengo
|-damage|p1a: Gholdengo|38/100
|move|p1a: Gholdengo|Shadow Ball|p2a: Magna
|-damage|p2a: Magna|0 fnt
|faint|p2a: Magna
|
|-heal|p1a: Gholdengo|44/100|[from] item: Leftovers
|upkeep
|
|t:|1779562718
|switch|p2a: Gauche|Espeon, M|100/100
|turn|5
|inactive|undertaker77 has 120 seconds left.
|
|t:|1779562731
|move|p2a: Gauche|Psychic|p1a: Gholdengo
|-damage|p1a: Gholdengo|0 fnt
|faint|p1a: Gholdengo
|
|upkeep
|inactive|undertaker77 has 120 seconds left.
|
|t:|1779562746
|switch|p1a: Kingambit|Kingambit, M|100/100
|-activate|p1a: Kingambit|ability: Supreme Overlord
|-start|p1a: Kingambit|fallen1|[silent]
|turn|6
|
|t:|1779562750
|switch|p2a: Luck|Pawmot, M|100/100
|move|p1a: Kingambit|Kowtow Cleave|p2a: Luck
|-resisted|p2a: Luck
|-damage|p2a: Luck|55/100
|
|upkeep
|turn|7
|inactive|undertaker77 has 120 seconds left.
|
|t:|1779562772
|-end|p1a: Kingambit|fallen1|[silent]
|switch|p1a: Rotom|Rotom-Wash|83/100
|move|p2a: Luck|Close Combat|p1a: Rotom
|-damage|p1a: Rotom|24/100
|-unboost|p2a: Luck|def|1
|-unboost|p2a: Luck|spd|1
|-damage|p2a: Luck|45/100|[from] item: Life Orb
|
|-heal|p1a: Rotom|30/100|[from] item: Leftovers
|upkeep
|turn|8
|
|t:|1779562780
|switch|p2a: Charmy|Whimsicott, F|88/100
|move|p1a: Rotom|Pain Split|p2a: Charmy
|-sethp|p2a: Charmy|58/100|[from] move: Pain Split|[silent]
|-sethp|p1a: Rotom|62/100|[from] move: Pain Split
|
|-heal|p2a: Charmy|64/100|[from] item: Leftovers
|-heal|p1a: Rotom|68/100|[from] item: Leftovers
|upkeep
|turn|9
|inactive|undertaker77 has 120 seconds left.
|
|t:|1779562798
|switch|p1a: Kingambit|Kingambit, M|100/100
|-activate|p1a: Kingambit|ability: Supreme Overlord
|-start|p1a: Kingambit|fallen1|[silent]
|move|p2a: Charmy|Leech Seed|p1a: Kingambit
|-hint|Since gen 7, Dark is immune to Prankster moves.
|-immune|p1a: Kingambit
|
|-heal|p2a: Charmy|71/100|[from] item: Leftovers
|upkeep
|turn|10
|
|t:|1779562807
|move|p2a: Charmy|Moonblast|p1a: Kingambit
|-damage|p1a: Kingambit|77/100
|move|p1a: Kingambit|Iron Head|p2a: Charmy
|-supereffective|p2a: Charmy
|-damage|p2a: Charmy|0 fnt
|faint|p2a: Charmy
|
|-heal|p1a: Kingambit|83/100|[from] item: Leftovers
|upkeep
|
|t:|1779562817
|switch|p2a: Asta|Perrserker, M|100/100
|turn|11
|inactive|undertaker77 has 120 seconds left.
|
|t:|1779562830
|move|p1a: Kingambit|Swords Dance|p1a: Kingambit
|-boost|p1a: Kingambit|atk|2
|move|p2a: Asta|Close Combat|p1a: Kingambit
|-supereffective|p1a: Kingambit
|-damage|p1a: Kingambit|0 fnt
|-unboost|p2a: Asta|def|1
|-unboost|p2a: Asta|spd|1
|faint|p1a: Kingambit
|-end|p1a: Kingambit|fallen1|[silent]
|-damage|p2a: Asta|91/100|[from] item: Life Orb
|
|upkeep
|
|t:|1779562835
|switch|p1a: Rotom|Rotom-Wash|68/100
|turn|12
|
|t:|1779562839
|switch|p2a: Noelle|Primarina, F|100/100
|move|p1a: Rotom|Will-O-Wisp|p2a: Noelle
|-status|p2a: Noelle|brn
|
|-heal|p1a: Rotom|75/100|[from] item: Leftovers
|-damage|p2a: Noelle|94/100 brn|[from] brn
|upkeep
|turn|13
|
|t:|1779562847
|move|p1a: Rotom|Volt Switch|p2a: Noelle
|-supereffective|p2a: Noelle
|-damage|p2a: Noelle|51/100 brn
|inactive|undertaker77 has 120 seconds left.
|
|t:|1779562879
|switch|p1a: Garchomp|Garchomp, F|100/100|[from] Volt Switch
|move|p2a: Noelle|Reflect|p2a: Noelle
|-sidestart|p2: flaresun3|Reflect
|
|-damage|p2a: Noelle|45/100 brn|[from] brn
|upkeep
|turn|14
|
|t:|1779562884
|switch|p1a: Rotom|Rotom-Wash|75/100
|move|p2a: Noelle|Moonblast|p1a: Rotom
|-damage|p1a: Rotom|32/100
|
|-heal|p1a: Rotom|38/100|[from] item: Leftovers
|-damage|p2a: Noelle|39/100 brn|[from] brn
|upkeep
|turn|15
|
|t:|1779562896
|move|p1a: Rotom|Hydro Pump|p2a: Noelle
|-resisted|p2a: Noelle
|-damage|p2a: Noelle|23/100 brn
|move|p2a: Noelle|Moonblast|p1a: Rotom
|-damage|p1a: Rotom|0 fnt
|faint|p1a: Rotom
|
|-damage|p2a: Noelle|17/100 brn|[from] brn
|upkeep
|
|t:|1779562899
|switch|p1a: Dragapult|Dragapult, F|100/100
|turn|16
|
|t:|1779562906
|move|p1a: Dragapult|Shadow Ball|p2a: Noelle
|-damage|p2a: Noelle|0 fnt
|faint|p2a: Noelle
|
|upkeep
|
|t:|1779562910
|switch|p2a: Asta|Perrserker, M|91/100
|turn|17
|
|t:|1779562926
|move|p1a: Dragapult|Will-O-Wisp|p2a: Asta
|-status|p2a: Asta|brn
|move|p2a: Asta|Knock Off|p1a: Dragapult
|-supereffective|p1a: Dragapult
|-damage|p1a: Dragapult|31/100
|-enditem|p1a: Dragapult|Heavy-Duty Boots|[from] move: Knock Off|[of] p2a: Asta
|-damage|p2a: Asta|81/100 brn|[from] item: Life Orb
|
|-damage|p2a: Asta|75/100 brn|[from] brn
|upkeep
|turn|18
|
|t:|1779562931
|move|p1a: Dragapult|U-turn|p2a: Asta
|-resisted|p2a: Asta
|-damage|p2a: Asta|66/100 brn
|
|t:|1779562932
|switch|p1a: Garchomp|Garchomp, F|100/100|[from] U-turn
|move|p2a: Asta|Knock Off|p1a: Garchomp
|-damage|p1a: Garchomp|84/100
|-damage|p2a: Asta|53/100 brn|[from] ability: Rough Skin|[of] p1a: Garchomp
|-damage|p2a: Asta|37/100 brn|[from] item: Rocky Helmet|[of] p1a: Garchomp
|-enditem|p1a: Garchomp|Rocky Helmet|[from] move: Knock Off|[of] p2a: Asta
|-damage|p2a: Asta|27/100 brn|[from] item: Life Orb
|
|-damage|p2a: Asta|21/100 brn|[from] brn
|upkeep
|turn|19
|
|t:|1779562944
|move|p1a: Garchomp|Earthquake|p2a: Asta
|-supereffective|p2a: Asta
|-damage|p2a: Asta|0 fnt
|faint|p2a: Asta
|
|upkeep
|
|t:|1779562946
|switch|p2a: Gauche|Espeon, M|100/100
|turn|20
|inactive|undertaker77 has 120 seconds left.
|
|t:|1779562976
|move|p2a: Gauche|Dazzling Gleam|p1a: Garchomp
|-supereffective|p1a: Garchomp
|-damage|p1a: Garchomp|8/100
|move|p1a: Garchomp|Dragon Tail|p2a: Gauche|[miss]
|-miss|p1a: Garchomp|p2a: Gauche
|
|-sideend|p2: flaresun3|Reflect
|upkeep
|turn|21
|
|t:|1779562984
|move|p2a: Gauche|Dazzling Gleam|p1a: Garchomp
|-supereffective|p1a: Garchomp
|-damage|p1a: Garchomp|0 fnt
|faint|p1a: Garchomp
|
|upkeep
|
|t:|1779562991
|switch|p1a: Dragapult|Dragapult, F|31/100
|turn|22
|
|t:|1779562996
|move|p1a: Dragapult|Shadow Ball|p2a: Gauche
|-supereffective|p2a: Gauche
|-damage|p2a: Gauche|9/100
|move|p2a: Gauche|Dazzling Gleam|p1a: Dragapult
|-supereffective|p1a: Dragapult
|-damage|p1a: Dragapult|0 fnt
|faint|p1a: Dragapult
|
|upkeep
|
|t:|1779562998
|switch|p1a: Iron Valiant|Iron Valiant|100/100
|-enditem|p1a: Iron Valiant|Booster Energy
|-activate|p1a: Iron Valiant|ability: Quark Drive|[fromitem]
|-start|p1a: Iron Valiant|quarkdrivespe
|turn|23
|
|t:|1779563006
|move|p1a: Iron Valiant|Shadow Ball|p2a: Gauche
|-supereffective|p2a: Gauche
|-damage|p2a: Gauche|0 fnt
|faint|p2a: Gauche
|
|upkeep
|
|t:|1779563008
|switch|p2a: Luck|Pawmot, M|45/100
|turn|24
|
|t:|1779563015
|move|p2a: Luck|Fake Out|p1a: Iron Valiant
|-damage|p1a: Iron Valiant|77/100
|-damage|p2a: Luck|35/100|[from] item: Life Orb
|cant|p1a: Iron Valiant|flinch
|
|upkeep
|turn|25
|
|t:|1779563018
|-terastallize|p2a: Luck|Electric
|move|p1a: Iron Valiant|Moonblast|p2a: Luck
|-damage|p2a: Luck|0 fnt
|faint|p2a: Luck
|
|win|undertaker77
|raw|undertaker77's rating: 1315 &rarr; <strong>1334</strong><br />(+19 for winning)
|raw|flaresun3's rating: 1300 &rarr; <strong>1276</strong><br />(-24 for losing)
|c|☆flaresun3|gg
|l|☆flaresun3
|player|p2|
|c|☆undertaker77|gg
