|j|☆OUmonster2341
|j|☆fregene97
|t:|1779620332
|gametype|singles
|player|p1|OUmonster2341|brycenman|1355
|player|p2|fregene97|cyclist-gen4|1315
|gen|9
|tier|[Gen 9] OU
|rated|
|rule|HP Percentage Mod: HP is shown in percentages
|rule|Endless Battle Clause: Forcing endless battles is banned
|rule|Species Clause: Limit one of each Pokémon
|rule|OHKO Clause: OHKO moves are banned
|rule|Evasion Items Clause: Evasion items are banned
|rule|Evasion Moves Clause: Evasion moves are banned
|rule|Evasion Abilities Clause: Evasion abilities are banned
|rule|Sleep Moves Clause: Sleep-inducing moves are banned
|clearpoke
|poke|p1|Raging Bolt|
|poke|p1|Barraskewda, F|
|poke|p1|Pelipper, M|
|poke|p1|Iron Boulder|
|poke|p1|Kingambit, F|
|poke|p1|Overqwil, M|
|poke|p2|Metagross|
|poke|p2|Iron Valiant|
|poke|p2|Glimmora, F|
|poke|p2|Raging Bolt|
|poke|p2|Magmortar, M|
|poke|p2|Cloyster, F|
|teampreview
|inactive|Battle timer is ON: inactive players will automatically lose when time's up. (requested by OUmonster2341)
|
|t:|1779620345
|teamsize|p1|6
|teamsize|p2|6
|start
|switch|p1a: Pelipper|Pelipper, M|100/100
|switch|p2a: Glimmora|Glimmora, F|100/100
|-weather|RainDance|[from] ability: Drizzle|[of] p1a: Pelipper
|turn|1
|
|t:|1779620373
|switch|p1a: Kingambit|Kingambit, F|100/100
|move|p2a: Glimmora|Meteor Beam||[still]
|-prepare|p2a: Glimmora|Meteor Beam
|-boost|p2a: Glimmora|spa|1
|-enditem|p2a: Glimmora|Power Herb
|-anim|p2a: Glimmora|Meteor Beam|p1a: Kingambit
|-resisted|p1a: Kingambit
|-damage|p1a: Kingambit|52/100
|
|-weather|RainDance|[upkeep]
|-heal|p1a: Kingambit|58/100|[from] item: Leftovers
|upkeep
|turn|2
|
|t:|1779620378
|move|p2a: Glimmora|Earth Power|p1a: Kingambit
|-supereffective|p1a: Kingambit
|-damage|p1a: Kingambit|0 fnt
|faint|p1a: Kingambit
|-end|p1a: Kingambit|fallenundefined|[silent]
|
|-weather|RainDance|[upkeep]
|upkeep
|
|t:|1779620382
|switch|p1a: Barraskewda|Barraskewda, F|100/100
|turn|3
|
|t:|1779620393
|move|p1a: Barraskewda|Liquidation|p2a: Glimmora
|-supereffective|p2a: Glimmora
|-damage|p2a: Glimmora|0 fnt
|-activate|p2a: Glimmora|ability: Toxic Debris
|-sidestart|p1: OUmonster2341|move: Toxic Spikes
|faint|p2a: Glimmora
|-damage|p1a: Barraskewda|91/100|[from] item: Life Orb
|
|-weather|RainDance|[upkeep]
|upkeep
|
|t:|1779620397
|switch|p2a: Raging Bolt|Raging Bolt|100/100
|-enditem|p2a: Raging Bolt|Booster Energy
|-activate|p2a: Raging Bolt|ability: Protosynthesis|[fromitem]
|-start|p2a: Raging Bolt|protosynthesisspa
|turn|4
|
|t:|1779620402
|move|p1a: Barraskewda|Aqua Jet|p2a: Raging Bolt
|-resisted|p2a: Raging Bolt
|-damage|p2a: Raging Bolt|81/100
|-damage|p1a: Barraskewda|81/100|[from] item: Life Orb
|move|p2a: Raging Bolt|Dragon Pulse|p1a: Barraskewda
|-damage|p1a: Barraskewda|0 fnt
|faint|p1a: Barraskewda
|
|-weather|RainDance|[upkeep]
|upkeep
|
|t:|1779620406
|switch|p1a: Raging Bolt|Raging Bolt|100/100
|-status|p1a: Raging Bolt|psn
|-enditem|p1a: Raging Bolt|Booster Energy
|-activate|p1a: Raging Bolt|ability: Protosynthesis|[fromitem]
|-start|p1a: Raging Bolt|protosynthesisspa
|turn|5
|
|t:|1779620414
|-terastallize|p2a: Raging Bolt|Fairy
|move|p2a: Raging Bolt|Dragon Pulse|p1a: Raging Bolt
|-supereffective|p1a: Raging Bolt
|-damage|p1a: Raging Bolt|0 fnt
|faint|p1a: Raging Bolt
|-end|p1a: Raging Bolt|Protosynthesis|[silent]
|
|-weather|RainDance|[upkeep]
|upkeep
|
|t:|1779620419
|switch|p1a: Overqwil|Overqwil, M|100/100
|-sideend|p1: OUmonster2341|move: Toxic Spikes|[of] p1a: Overqwil
|turn|6
|
|t:|1779620442
|move|p1a: Overqwil|Gunk Shot|p2a: Raging Bolt
|-supereffective|p2a: Raging Bolt
|-crit|p2a: Raging Bolt
|-damage|p2a: Raging Bolt|0 fnt
|faint|p2a: Raging Bolt
|-end|p2a: Raging Bolt|Protosynthesis|[silent]
|-damage|p1a: Overqwil|91/100|[from] item: Life Orb
|
|-weather|RainDance|[upkeep]
|upkeep
|
|t:|1779620446
|switch|p2a: Metagross|Metagross|100/100
|turn|7
|
|t:|1779620448
|move|p1a: Overqwil|Crunch|p2a: Metagross
|-supereffective|p2a: Metagross
|-damage|p2a: Metagross|9/100
|-damage|p1a: Overqwil|81/100|[from] item: Life Orb
|move|p2a: Metagross|Earthquake|p1a: Overqwil
|-supereffective|p1a: Overqwil
|-damage|p1a: Overqwil|0 fnt
|faint|p1a: Overqwil
|
|-weather|RainDance|[upkeep]
|upkeep
|
|t:|1779620453
|switch|p1a: Pelipper|Pelipper, M|100/100
|turn|8
|
|t:|1779620461
|switch|p2a: Cloyster|Cloyster, F, shiny|100/100
|move|p1a: Pelipper|Hurricane|p2a: Cloyster
|-damage|p2a: Cloyster|8/100
|-start|p2a: Cloyster|confusion
|
|-weather|none
|upkeep
|turn|9
|
|t:|1779620463
|-activate|p2a: Cloyster|confusion
|move|p2a: Cloyster|Icicle Spear|p1a: Pelipper
|-damage|p1a: Pelipper|91/100
|-damage|p1a: Pelipper|79/100
|-damage|p1a: Pelipper|69/100
|-damage|p1a: Pelipper|57/100
|-damage|p1a: Pelipper|46/100
|-hitcount|p1a: Pelipper|5
|-damage|p2a: Cloyster|0 fnt|[from] item: Life Orb
|faint|p2a: Cloyster
|move|p1a: Pelipper|U-turn|p2: Cloyster|[notarget]
|-fail|p1a: Pelipper
|
|upkeep
|
|t:|1779620468
|switch|p2a: Iron Valiant|Iron Valiant|100/100
|-enditem|p2a: Iron Valiant|Booster Energy
|-activate|p2a: Iron Valiant|ability: Quark Drive|[fromitem]
|-start|p2a: Iron Valiant|quarkdrivespe
|turn|10
|
|t:|1779620474
|move|p2a: Iron Valiant|Moonblast|p1a: Pelipper
|-damage|p1a: Pelipper|0 fnt
|faint|p1a: Pelipper
|
|upkeep
|
|t:|1779620476
|switch|p1a: Iron Boulder|Iron Boulder|100/100
|-enditem|p1a: Iron Boulder|Booster Energy
|-activate|p1a: Iron Boulder|ability: Quark Drive|[fromitem]
|-start|p1a: Iron Boulder|quarkdrivespe
|turn|11
|
|t:|1779620501
|move|p1a: Iron Boulder|Swords Dance|p1a: Iron Boulder
|-boost|p1a: Iron Boulder|atk|2
|move|p2a: Iron Valiant|Shadow Ball|p1a: Iron Boulder
|-supereffective|p1a: Iron Boulder
|-damage|p1a: Iron Boulder|51/100
|
|upkeep
|turn|12
|
|t:|1779620514
|-terastallize|p1a: Iron Boulder|Fighting
|move|p1a: Iron Boulder|Earthquake|p2a: Iron Valiant
|-damage|p2a: Iron Valiant|13/100
|move|p2a: Iron Valiant|Shadow Ball|p1a: Iron Boulder
|-damage|p1a: Iron Boulder|24/100
|-unboost|p1a: Iron Boulder|spd|1
|
|upkeep
|turn|13
|
|t:|1779620520
|move|p1a: Iron Boulder|Mighty Cleave|p2a: Iron Valiant
|-resisted|p2a: Iron Valiant
|-damage|p2a: Iron Valiant|0 fnt
|faint|p2a: Iron Valiant
|-end|p2a: Iron Valiant|Quark Drive|[silent]
|
|upkeep
|
|t:|1779620523
|switch|p2a: Magmortar|Magmortar, M|100/100
|turn|14
|
|t:|1779620529
|move|p1a: Iron Boulder|Mighty Cleave|p2a: Magmortar
|-supereffective|p2a: Magmortar
|-damage|p2a: Magmortar|0 fnt
|faint|p2a: Magmortar
|
|upkeep
|
|t:|1779620531
|switch|p2a: Metagross|Metagross|9/100
|turn|15
|
|t:|1779620533
|move|p2a: Metagross|Bullet Punch|p1a: Iron Boulder
|-damage|p1a: Iron Boulder|0 fnt
|faint|p1a: Iron Boulder
|-end|p1a: Iron Boulder|Quark Drive|[silent]
|
|win|fregene97
|raw|OUmonster2341's rating: 1355 &rarr; <strong>1335</strong><br />(-20 for losing)
|raw|fregene97's rating: 1349 &rarr; <strong>1369</strong><br />(+20 for winning)
|l|☆OUmonster2341
|player|p1|
|l|☆fregene97
|player|p2|
