|j|☆chip wittley
|j|‽kerom.pk
|t:|1779592476
|gametype|singles
|player|p1|chip wittley|lance|1658
|player|p2|kerom.pk|169|1623
|gen|9
|tier|[Gen 9] OU
|rated|
|rule|HP Percentage Mod: HP is shown in percentages
|rule|Endless Battle Clause: Forcing endless battles is banned
|rule|Species Clause: Limit one of each Pokémon
|rule|OHKO Clause: OHKO moves are banned
|rule|Evasion Items Clause: Evasion items are banned
|rule|Evasion Moves Clause: Evasion moves are banned
|rule|Evasion Abilities Clause: Evasion abilities are banned
|rule|Sleep Moves Clause: Sleep-inducing moves are banned
|clearpoke
|poke|p1|Regieleki|
|poke|p1|Zamazenta-*|
|poke|p1|Ogerpon-Wellspring, F|
|poke|p1|Landorus-Therian, M|
|poke|p1|Zoroark-Hisui, F|
|poke|p1|Tinkaton, F|
|poke|p2|Clodsire, F|
|poke|p2|Alomomola, M|
|poke|p2|Hydrapple, M|
|poke|p2|Meowscarada, F|
|poke|p2|Primarina, F|
|poke|p2|Weezing-Galar, M|
|teampreview
|inactive|Battle timer is ON: inactive players will automatically lose when time's up. (requested by kerom.pk)
|
|t:|1779592499
|teamsize|p1|6
|teamsize|p2|6
|start
|switch|p1a: Zamazenta|Zamazenta|100/100
|switch|p2a: Meowscarada|Meowscarada, F|100/100
|-ability|p1a: Zamazenta|Dauntless Shield|boost
|-boost|p1a: Zamazenta|def|1
|turn|1
|
|t:|1779592504
|switch|p2a: Alomomola|Alomomola, M|100/100
|move|p1a: Zamazenta|Close Combat|p2a: Alomomola
|-damage|p2a: Alomomola|50/100
|-unboost|p1a: Zamazenta|def|1
|-unboost|p1a: Zamazenta|spd|1
|-damage|p1a: Zamazenta|91/100|[from] item: Life Orb
|
|upkeep
|turn|2
|
|t:|1779592514
|switch|p2a: Weezing|Weezing-Galar, M|100/100
|-ability|p2a: Weezing|Neutralizing Gas
|move|p1a: Zamazenta|Close Combat|p2a: Weezing
|-resisted|p2a: Weezing
|-damage|p2a: Weezing|87/100
|-unboost|p1a: Zamazenta|def|1
|-unboost|p1a: Zamazenta|spd|1
|-damage|p1a: Zamazenta|81/100|[from] item: Life Orb
|
|-heal|p2a: Weezing|93/100|[from] item: Leftovers
|upkeep
|turn|3
|
|t:|1779592525
|switch|p1a: Zoroark|Zoroark-Hisui, F|100/100
|-end|p2a: Weezing|ability: Neutralizing Gas
|switch|p2a: Alomomola|Alomomola, M|84/100
|
|upkeep
|turn|4
|
|t:|1779592534
|switch|p1a: Ogerpon|Ogerpon-Wellspring, F|100/100
|switch|p2a: Hydrapple|Hydrapple, M|100/100
|
|upkeep
|turn|5
|
|t:|1779592539
|move|p1a: Ogerpon|U-turn|p2a: Hydrapple
|-supereffective|p2a: Hydrapple
|-damage|p2a: Hydrapple|55/100
|
|t:|1779592542
|switch|p1a: Tinkaton|Tinkaton, F|100/100|[from] U-turn
|-item|p1a: Tinkaton|Air Balloon
|move|p2a: Hydrapple|Fickle Beam|p1a: Tinkaton
|-immune|p1a: Tinkaton
|
|upkeep
|turn|6
|
|t:|1779592547
|switch|p2a: Alomomola|Alomomola, M|100/100
|move|p1a: Tinkaton|Stealth Rock|p2a: Alomomola
|-sidestart|p2: kerom.pk|move: Stealth Rock
|
|upkeep
|turn|7
|
|t:|1779592550
|switch|p1a: Ogerpon|Ogerpon-Wellspring, F|100/100
|move|p2a: Alomomola|Flip Turn|p1a: Ogerpon
|-immune|p1a: Ogerpon|[from] ability: Water Absorb
|
|upkeep
|turn|8
|
|t:|1779592553
|move|p1a: Ogerpon|Knock Off|p2a: Alomomola
|-crit|p2a: Alomomola
|-damage|p2a: Alomomola|62/100
|-enditem|p2a: Alomomola|Covert Cloak|[from] move: Knock Off|[of] p1a: Ogerpon
|move|p2a: Alomomola|Flip Turn|p1a: Ogerpon
|-immune|p1a: Ogerpon|[from] ability: Water Absorb
|
|upkeep
|turn|9
|j| Easontom
|
|t:|1779592555
|move|p1a: Ogerpon|Spikes|p2a: Alomomola
|-sidestart|p2: kerom.pk|Spikes
|move|p2a: Alomomola|Flip Turn|p1a: Ogerpon
|-immune|p1a: Ogerpon|[from] ability: Water Absorb
|
|upkeep
|turn|10
|
|t:|1779592557
|move|p1a: Ogerpon|Ivy Cudgel|p2a: Alomomola|[anim] Ivy Cudgel Water
|-resisted|p2a: Alomomola
|-damage|p2a: Alomomola|45/100
|move|p2a: Alomomola|Wish|p2a: Alomomola
|
|upkeep
|turn|11
|
|t:|1779592562
|switch|p2a: Weezing|Weezing-Galar, M|93/100
|-ability|p2a: Weezing|Neutralizing Gas
|-damage|p2a: Weezing|81/100|[from] Stealth Rock
|-damage|p2a: Weezing|68/100|[from] Spikes
|move|p1a: Ogerpon|Knock Off|p2a: Weezing
|-resisted|p2a: Weezing
|-damage|p2a: Weezing|55/100
|-enditem|p2a: Weezing|Leftovers|[from] move: Knock Off|[of] p1a: Ogerpon
|
|-heal|p2a: Weezing|100/100|[from] move: Wish|[wisher] Alomomola
|upkeep
|turn|12
|
|t:|1779592572
|move|p1a: Ogerpon|U-turn|p2a: Weezing
|-resisted|p2a: Weezing
|-damage|p2a: Weezing|96/100
|
|t:|1779592573
|switch|p1a: Zoroark|Zoroark-Hisui, F|100/100|[from] U-turn
|move|p2a: Weezing|Defog|p1a: Zoroark
|-unboost|p1a: Zoroark|evasion|1
|-sideend|p2: kerom.pk|Spikes|[from] move: Defog|[of] p2a: Weezing
|-sideend|p2: kerom.pk|Stealth Rock|[from] move: Defog|[of] p2a: Weezing
|
|upkeep
|turn|13
|
|t:|1779592578
|-end|p2a: Weezing|ability: Neutralizing Gas
|switch|p2a: Alomomola|Alomomola, M|79/100
|move|p1a: Zoroark|Hyper Voice|p2a: Alomomola
|-damage|p2a: Alomomola|19/100
|
|upkeep
|turn|14
|
|t:|1779592582
|switch|p2a: Hydrapple|Hydrapple, M|88/100
|move|p1a: Zoroark|Hyper Voice|p2a: Hydrapple
|-damage|p2a: Hydrapple|28/100
|
|upkeep
|turn|15
|
|t:|1779592606
|switch|p2a: Alomomola|Alomomola, M|52/100
|move|p1a: Zoroark|Hyper Voice|p2a: Alomomola
|-damage|p2a: Alomomola|0 fnt
|faint|p2a: Alomomola
|
|upkeep
|
|t:|1779592608
|switch|p2a: Meowscarada|Meowscarada, F|100/100
|turn|16
|
|t:|1779592626
|switch|p1a: Tinkaton|Tinkaton, F|100/100
|-item|p1a: Tinkaton|Air Balloon
|move|p2a: Meowscarada|Triple Axel|p1a: Tinkaton
|-start|p2a: Meowscarada|typechange|Ice|[from] ability: Protean
|-resisted|p1a: Tinkaton
|-damage|p1a: Tinkaton|93/100
|-enditem|p1a: Tinkaton|Air Balloon
|-resisted|p1a: Tinkaton
|-damage|p1a: Tinkaton|78/100
|-hitcount|p1a: Tinkaton|2
|-enditem|p2a: Meowscarada|Choice Band|[silent]|[from] ability: Pickpocket|[of] p2a: Meowscarada
|-item|p1a: Tinkaton|Choice Band|[from] ability: Pickpocket|[of] p2a: Meowscarada
|
|upkeep
|turn|17
|l| Easontom
|
|t:|1779592642
|switch|p2a: Hydrapple|Hydrapple, M|61/100
|move|p1a: Tinkaton|Gigaton Hammer|p2a: Hydrapple
|-damage|p2a: Hydrapple|8/100
|
|upkeep
|turn|18
|
|t:|1779592652
|switch|p1a: Ogerpon|Ogerpon-Wellspring, F|100/100
|switch|p2a: Primarina|Primarina, F|100/100
|
|upkeep
|turn|19
|j| Easontom
|
|t:|1779592657
|switch|p1a: Ogerpon|Ogerpon-Wellspring, F|100/100
|switch|p2a: Hydrapple|Hydrapple, M|41/100
|
|upkeep
|turn|20
|
|t:|1779592662
|switch|p2a: Primarina|Primarina, F|100/100
|move|p1a: Ogerpon|Spikes|p2a: Primarina
|-sidestart|p2: kerom.pk|Spikes
|
|upkeep
|turn|21
|
|t:|1779592667
|switch|p2a: Hydrapple|Hydrapple, M|74/100
|-damage|p2a: Hydrapple|62/100|[from] Spikes
|move|p1a: Ogerpon|Knock Off|p2a: Hydrapple
|-damage|p2a: Hydrapple|32/100
|-enditem|p2a: Hydrapple|Choice Specs|[from] move: Knock Off|[of] p1a: Ogerpon
|
|upkeep
|turn|22
|
|t:|1779592672
|move|p1a: Ogerpon|U-turn|p2a: Hydrapple
|-supereffective|p2a: Hydrapple
|-damage|p2a: Hydrapple|0 fnt
|faint|p2a: Hydrapple
|
|t:|1779592677
|switch|p1a: Ogerpon|Ogerpon-Wellspring, F|100/100|[from] U-turn
|
|upkeep
|
|t:|1779592681
|switch|p2a: Meowscarada|Meowscarada, F|100/100
|-damage|p2a: Meowscarada|88/100|[from] Spikes
|turn|23
|
|t:|1779592686
|switch|p1a: Tinkaton|Tinkaton, F|78/100
|move|p2a: Meowscarada|Triple Axel|p1a: Tinkaton
|-start|p2a: Meowscarada|typechange|Ice|[from] ability: Protean
|-resisted|p1a: Tinkaton
|-damage|p1a: Tinkaton|73/100
|-resisted|p1a: Tinkaton
|-damage|p1a: Tinkaton|64/100
|-resisted|p1a: Tinkaton
|-damage|p1a: Tinkaton|48/100
|-hitcount|p1a: Tinkaton|3
|
|upkeep
|turn|24
|
|t:|1779592691
|move|p2a: Meowscarada|U-turn|p1a: Tinkaton
|-resisted|p1a: Tinkaton
|-damage|p1a: Tinkaton|42/100
|
|t:|1779592700
|switch|p2a: Weezing|Weezing-Galar, M|96/100|[from] U-turn
|-ability|p2a: Weezing|Neutralizing Gas
|-damage|p2a: Weezing|83/100|[from] Spikes
|move|p1a: Tinkaton|Gigaton Hammer|p2a: Weezing
|-supereffective|p2a: Weezing
|-damage|p2a: Weezing|0 fnt
|faint|p2a: Weezing
|-end|p2a: Weezing|ability: Neutralizing Gas
|
|upkeep
|
|t:|1779592702
|switch|p2a: Clodsire|Clodsire, F|100/100
|-damage|p2a: Clodsire|88/100|[from] Spikes
|turn|25
|
|t:|1779592710
|switch|p1a: Ogerpon|Ogerpon-Wellspring, F|100/100
|move|p2a: Clodsire|Curse|p2a: Clodsire
|-unboost|p2a: Clodsire|spe|1
|-boost|p2a: Clodsire|atk|1
|-boost|p2a: Clodsire|def|1
|
|-heal|p2a: Clodsire|94/100|[from] item: Leftovers
|upkeep
|turn|26
|
|t:|1779592716
|-terastallize|p2a: Clodsire|Grass
|move|p1a: Ogerpon|U-turn|p2a: Clodsire
|-supereffective|p2a: Clodsire
|-crit|p2a: Clodsire
|-damage|p2a: Clodsire|23/100
|
|t:|1779592719
|switch|p1a: Tinkaton|Tinkaton, F|100/100|[from] U-turn
|move|p2a: Clodsire|Curse|p2a: Clodsire
|-unboost|p2a: Clodsire|spe|1
|-boost|p2a: Clodsire|atk|1
|-boost|p2a: Clodsire|def|1
|
|-heal|p2a: Clodsire|29/100|[from] item: Leftovers
|upkeep
|turn|27
|
|t:|1779592722
|move|p1a: Tinkaton|Trick|p2a: Clodsire
|-activate|p1a: Tinkaton|move: Trick|[of] p2a: Clodsire
|-item|p2a: Clodsire|Choice Specs|[from] move: Trick
|-item|p1a: Tinkaton|Leftovers|[from] move: Trick
|move|p2a: Clodsire|Recover|p2a: Clodsire
|-heal|p2a: Clodsire|79/100
|
|upkeep
|turn|28
|
|t:|1779592728
|move|p1a: Tinkaton|Hyper Voice|p2a: Clodsire
|-damage|p2a: Clodsire|50/100
|move|p2a: Clodsire|Recover|p2a: Clodsire
|-heal|p2a: Clodsire|99/100
|
|upkeep
|turn|29
|-message|kerom.pk forfeited.
|
|win|chip wittley
|raw|chip wittley's rating: 1658 &rarr; <strong>1676</strong><br />(+18 for winning)
|raw|kerom.pk's rating: 1623 &rarr; <strong>1605</strong><br />(-18 for losing)
|l|‽kerom.pk
|player|p2|
|l| Easontom
