|j|☆Xenofist
|j|☆naerzar
|t:|1779629740
|gametype|singles
|player|p1|Xenofist|blackbelt-gen4dp|1444
|player|p2|naerzar|karen|1409
|gen|9
|tier|[Gen 9] OU
|rated|
|rule|HP Percentage Mod: HP is shown in percentages
|rule|Endless Battle Clause: Forcing endless battles is banned
|rule|Species Clause: Limit one of each Pokémon
|rule|OHKO Clause: OHKO moves are banned
|rule|Evasion Items Clause: Evasion items are banned
|rule|Evasion Moves Clause: Evasion moves are banned
|rule|Evasion Abilities Clause: Evasion abilities are banned
|rule|Sleep Moves Clause: Sleep-inducing moves are banned
|clearpoke
|poke|p1|Thundurus-Therian, M|
|poke|p1|Great Tusk|
|poke|p1|Slowking-Galar, F|
|poke|p1|Kyurem|
|poke|p1|Cinderace, M|
|poke|p1|Zamazenta-*|
|poke|p2|Corviknight, F|
|poke|p2|Arcanine-Hisui, F|
|poke|p2|Dragapult, F|
|poke|p2|Umbreon, F|
|poke|p2|Iron Treads|
|poke|p2|Iron Valiant|
|teampreview
|inactive|Battle timer is ON: inactive players will automatically lose when time's up. (requested by naerzar)
|
|t:|1779629760
|teamsize|p1|6
|teamsize|p2|6
|start
|switch|p1a: Great Tusk|Great Tusk|100/100
|switch|p2a: Umbreon|Umbreon, F|100/100
|turn|1
|
|t:|1779629766
|move|p1a: Great Tusk|Close Combat|p2a: Umbreon
|-supereffective|p2a: Umbreon
|-damage|p2a: Umbreon|15/100
|-unboost|p1a: Great Tusk|def|1
|-unboost|p1a: Great Tusk|spd|1
|move|p2a: Umbreon|Toxic|p1a: Great Tusk
|-status|p1a: Great Tusk|tox
|
|-heal|p2a: Umbreon|21/100|[from] item: Leftovers
|-damage|p1a: Great Tusk|94/100 tox|[from] psn
|upkeep
|turn|2
|
|t:|1779629774
|-end|p1a: Great Tusk|Protosynthesis|[silent]
|switch|p1a: Cinderace|Cinderace, M|100/100
|move|p2a: Umbreon|Protect||[still]
|-fail|p2a: Umbreon
|
|-heal|p2a: Umbreon|27/100|[from] item: Leftovers
|upkeep
|turn|3
|
|t:|1779629781
|switch|p2a: Corviknight|Corviknight, F|100/100
|-ability|p2a: Corviknight|Pressure
|move|p1a: Cinderace|High Jump Kick|p2a: Corviknight
|-start|p1a: Cinderace|typechange|Fighting|[from] ability: Libero
|-damage|p2a: Corviknight|72/100
|-damage|p1a: Cinderace|84/100|[from] item: Rocky Helmet|[of] p2a: Corviknight
|
|upkeep
|turn|4
|
|t:|1779629789
|switch|p1a: Thundurus|Thundurus-Therian, M|100/100
|move|p2a: Corviknight|Roost|p2a: Corviknight
|-heal|p2a: Corviknight|100/100
|-singleturn|p2a: Corviknight|move: Roost
|
|upkeep
|turn|5
|
|t:|1779629795
|switch|p2a: Iron Treads|Iron Treads|100/100
|move|p1a: Thundurus|Focus Blast|p2a: Iron Treads
|-supereffective|p2a: Iron Treads
|-damage|p2a: Iron Treads|27/100
|
|-heal|p2a: Iron Treads|33/100|[from] item: Leftovers
|upkeep
|turn|6
|
|t:|1779629809
|switch|p1a: Cinderace|Cinderace, M|84/100
|move|p2a: Iron Treads|Stealth Rock|p1a: Cinderace
|-sidestart|p1: Xenofist|move: Stealth Rock
|
|-heal|p2a: Iron Treads|40/100|[from] item: Leftovers
|upkeep
|turn|7
|
|t:|1779629826
|-end|p2a: Iron Treads|Quark Drive|[silent]
|switch|p2a: Dragapult|Dragapult, F|100/100
|move|p1a: Cinderace|Pyro Ball|p2a: Dragapult
|-resisted|p2a: Dragapult
|-damage|p2a: Dragapult|69/100
|
|upkeep
|turn|8
|
|t:|1779629835
|switch|p1a: Zamazenta|Zamazenta|100/100
|-damage|p1a: Zamazenta|94/100|[from] Stealth Rock
|-ability|p1a: Zamazenta|Dauntless Shield|boost
|-boost|p1a: Zamazenta|def|1
|move|p2a: Dragapult|Draco Meteor|p1a: Zamazenta
|-damage|p1a: Zamazenta|23/100
|-unboost|p2a: Dragapult|spa|2
|
|-heal|p1a: Zamazenta|29/100|[from] item: Leftovers
|upkeep
|turn|9
|
|t:|1779629851
|switch|p1a: Slowking|Slowking-Galar, F|100/100
|-damage|p1a: Slowking|88/100|[from] Stealth Rock
|move|p2a: Dragapult|Draco Meteor|p1a: Slowking
|-damage|p1a: Slowking|63/100
|-unboost|p2a: Dragapult|spa|2
|
|upkeep
|turn|10
|
|t:|1779629857
|switch|p2a: Umbreon|Umbreon, F|27/100
|-prepare|p1a: Slowking|Chilly Reception|[premajor]
|move|p1a: Slowking|Chilly Reception|p1a: Slowking
|-weather|Snowscape
|inactive|Xenofist has 120 seconds left.
|
|t:|1779629900
|switch|p1a: Thundurus|Thundurus-Therian, M|100/100|[from] Chilly Reception
|-damage|p1a: Thundurus|76/100|[from] Stealth Rock
|
|-weather|Snowscape|[upkeep]
|-heal|p2a: Umbreon|33/100|[from] item: Leftovers
|upkeep
|turn|11
|
|t:|1779629912
|move|p2a: Umbreon|Protect|p2a: Umbreon
|-singleturn|p2a: Umbreon|Protect
|move|p1a: Thundurus|Focus Blast|p2a: Umbreon
|-activate|p2a: Umbreon|move: Protect
|
|-weather|Snowscape|[upkeep]
|-heal|p2a: Umbreon|39/100|[from] item: Leftovers
|upkeep
|turn|12
|
|t:|1779629936
|switch|p1a: Great Tusk|Great Tusk|94/100 tox
|switch|p2a: Dragapult|Dragapult, F|69/100
|
|-weather|Snowscape|[upkeep]
|-damage|p1a: Great Tusk|88/100 tox|[from] psn
|upkeep
|turn|13
|
|t:|1779629943
|move|p2a: Dragapult|Draco Meteor|p1a: Great Tusk
|-damage|p1a: Great Tusk|0 fnt
|-unboost|p2a: Dragapult|spa|2
|faint|p1a: Great Tusk
|-end|p1a: Great Tusk|Protosynthesis|[silent]
|
|-weather|Snowscape|[upkeep]
|upkeep
|
|t:|1779629949
|switch|p1a: Thundurus|Thundurus-Therian, M|76/100
|-damage|p1a: Thundurus|51/100|[from] Stealth Rock
|turn|14
|
|t:|1779629956
|switch|p2a: Corviknight|Corviknight, F|100/100
|-ability|p2a: Corviknight|Pressure
|move|p1a: Thundurus|Weather Ball|p2a: Corviknight
|-damage|p2a: Corviknight|60/100
|
|-weather|Snowscape|[upkeep]
|upkeep
|turn|15
|
|t:|1779629963
|switch|p1a: Cinderace|Cinderace, M|84/100
|move|p2a: Corviknight|Roost|p2a: Corviknight
|-heal|p2a: Corviknight|100/100
|-singleturn|p2a: Corviknight|move: Roost
|
|-weather|Snowscape|[upkeep]
|upkeep
|turn|16
|
|t:|1779629966
|move|p1a: Cinderace|Court Change|p1a: Cinderace
|-start|p1a: Cinderace|typechange|Normal|[from] ability: Libero
|-swapsideconditions
|-activate|p1a: Cinderace|move: Court Change
|move|p2a: Corviknight|U-turn|p1a: Cinderace
|-damage|p1a: Cinderace|65/100
|inactive|naerzar has 120 seconds left.
|
|t:|1779629997
|switch|p2a: Iron Valiant|Iron Valiant|100/100|[from] U-turn
|-damage|p2a: Iron Valiant|94/100|[from] Stealth Rock
|-enditem|p2a: Iron Valiant|Booster Energy
|-activate|p2a: Iron Valiant|ability: Quark Drive|[fromitem]
|-start|p2a: Iron Valiant|quarkdrivespe
|
|-weather|Snowscape|[upkeep]
|upkeep
|turn|17
|
|t:|1779630013
|move|p2a: Iron Valiant|Calm Mind|p2a: Iron Valiant
|-boost|p2a: Iron Valiant|spa|1
|-boost|p2a: Iron Valiant|spd|1
|move|p1a: Cinderace|Pyro Ball|p2a: Iron Valiant
|-damage|p2a: Iron Valiant|50/100
|
|-weather|none
|upkeep
|turn|18
|
|t:|1779630025
|move|p2a: Iron Valiant|Aura Sphere|p1a: Cinderace
|-supereffective|p1a: Cinderace
|-damage|p1a: Cinderace|0 fnt
|faint|p1a: Cinderace
|
|upkeep
|
|t:|1779630032
|switch|p1a: Thundurus|Thundurus-Therian, M|51/100
|turn|19
|
|t:|1779630043
|-terastallize|p1a: Thundurus|Electric
|move|p2a: Iron Valiant|Moonblast|p1a: Thundurus
|-damage|p1a: Thundurus|0 fnt
|faint|p1a: Thundurus
|
|upkeep
|c|☆Xenofist|ggs
|c|☆Xenofist|idk why i just did that
|
|t:|1779630063
|switch|p1a: Slowking|Slowking-Galar, F|96/100
|turn|20
|
|t:|1779630070
|move|p2a: Iron Valiant|Calm Mind|p2a: Iron Valiant
|-boost|p2a: Iron Valiant|spa|1
|-boost|p2a: Iron Valiant|spd|1
|move|p1a: Slowking|Thunder Wave|p2a: Iron Valiant
|-status|p2a: Iron Valiant|par
|
|upkeep
|turn|21
|
|t:|1779630074
|cant|p2a: Iron Valiant|par
|-prepare|p1a: Slowking|Chilly Reception|[premajor]
|move|p1a: Slowking|Chilly Reception|p1a: Slowking
|-weather|Snowscape
|
|t:|1779630076
|switch|p1a: Kyurem|Kyurem|100/100|[from] Chilly Reception
|-ability|p1a: Kyurem|Pressure
|
|-weather|Snowscape|[upkeep]
|upkeep
|turn|22
|
|t:|1779630080
|move|p1a: Kyurem|Blizzard|p2a: Iron Valiant
|-damage|p2a: Iron Valiant|0 fnt
|faint|p2a: Iron Valiant
|-end|p2a: Iron Valiant|Quark Drive|[silent]
|
|-weather|Snowscape|[upkeep]
|upkeep
|inactive|naerzar has 120 seconds left.
|
|t:|1779630114
|switch|p2a: Dragapult|Dragapult, F|69/100
|-damage|p2a: Dragapult|56/100|[from] Stealth Rock
|turn|23
|
|t:|1779630117
|switch|p1a: Slowking|Slowking-Galar, F|100/100
|move|p2a: Dragapult|Draco Meteor|p1a: Slowking
|-damage|p1a: Slowking|50/100
|-unboost|p2a: Dragapult|spa|2
|
|-weather|Snowscape|[upkeep]
|upkeep
|turn|24
|
|t:|1779630122
|switch|p2a: Umbreon|Umbreon, F|39/100
|-damage|p2a: Umbreon|27/100|[from] Stealth Rock
|move|p1a: Slowking|Thunder Wave|p2a: Umbreon
|-status|p2a: Umbreon|par
|-activate|p2a: Umbreon|ability: Synchronize
|-status|p1a: Slowking|par
|
|-weather|Snowscape|[upkeep]
|-heal|p2a: Umbreon|33/100 par|[from] item: Leftovers
|upkeep
|turn|25
|
|t:|1779630129
|move|p2a: Umbreon|Wish|p2a: Umbreon
|-prepare|p1a: Slowking|Chilly Reception|[premajor]
|cant|p1a: Slowking|par
|
|-weather|Snowscape|[upkeep]
|-heal|p2a: Umbreon|39/100 par|[from] item: Leftovers
|upkeep
|turn|26
|
|t:|1779630142
|cant|p2a: Umbreon|par
|-prepare|p1a: Slowking|Chilly Reception|[premajor]
|move|p1a: Slowking|Chilly Reception|p1a: Slowking
|
|t:|1779630146
|switch|p1a: Zamazenta|Zamazenta|29/100|[from] Chilly Reception
|
|-weather|Snowscape|[upkeep]
|-heal|p2a: Umbreon|89/100 par|[from] move: Wish|[wisher] Umbreon
|-heal|p1a: Zamazenta|35/100|[from] item: Leftovers
|-heal|p2a: Umbreon|95/100 par|[from] item: Leftovers
|upkeep
|turn|27
|
|t:|1779630158
|-terastallize|p2a: Umbreon|Poison
|move|p1a: Zamazenta|Iron Defense|p1a: Zamazenta
|-boost|p1a: Zamazenta|def|2
|move|p2a: Umbreon|Toxic|p1a: Zamazenta
|-status|p1a: Zamazenta|tox
|
|-weather|Snowscape|[upkeep]
|-heal|p1a: Zamazenta|41/100 tox|[from] item: Leftovers
|-heal|p2a: Umbreon|100/100 par|[from] item: Leftovers
|-damage|p1a: Zamazenta|35/100 tox|[from] psn
|upkeep
|turn|28
|
|t:|1779630166
|move|p1a: Zamazenta|Body Press|p2a: Umbreon
|-resisted|p2a: Umbreon
|-damage|p2a: Umbreon|80/100 par
|cant|p2a: Umbreon|par
|
|-weather|none
|-heal|p1a: Zamazenta|41/100 tox|[from] item: Leftovers
|-heal|p2a: Umbreon|86/100 par|[from] item: Leftovers
|-damage|p1a: Zamazenta|29/100 tox|[from] psn
|upkeep
|turn|29
|
|t:|1779630178
|switch|p1a: Slowking|Slowking-Galar, F|83/100 par
|cant|p2a: Umbreon|par
|
|-heal|p2a: Umbreon|92/100 par|[from] item: Leftovers
|upkeep
|turn|30
|
|t:|1779630182
|move|p2a: Umbreon|Foul Play|p1a: Slowking
|-supereffective|p1a: Slowking
|-damage|p1a: Slowking|44/100 par
|-prepare|p1a: Slowking|Chilly Reception|[premajor]
|move|p1a: Slowking|Chilly Reception|p1a: Slowking
|-weather|Snowscape
|
|t:|1779630188
|switch|p1a: Kyurem|Kyurem|100/100|[from] Chilly Reception
|-ability|p1a: Kyurem|Pressure
|
|-weather|Snowscape|[upkeep]
|-heal|p2a: Umbreon|98/100 par|[from] item: Leftovers
|upkeep
|turn|31
|
|t:|1779630193
|move|p1a: Kyurem|Earth Power|p2a: Umbreon
|-supereffective|p2a: Umbreon
|-damage|p2a: Umbreon|40/100 par
|cant|p2a: Umbreon|par
|
|-weather|Snowscape|[upkeep]
|-heal|p2a: Umbreon|46/100 par|[from] item: Leftovers
|upkeep
|turn|32
|
|t:|1779630205
|move|p1a: Kyurem|Earth Power|p2a: Umbreon
|-supereffective|p2a: Umbreon
|-damage|p2a: Umbreon|0 fnt
|faint|p2a: Umbreon
|
|-weather|Snowscape|[upkeep]
|upkeep
|
|t:|1779630211
|switch|p2a: Dragapult|Dragapult, F|56/100
|-damage|p2a: Dragapult|44/100|[from] Stealth Rock
|turn|33
|
|t:|1779630214
|switch|p1a: Zamazenta|Zamazenta|29/100 tox
|move|p2a: Dragapult|Draco Meteor|p1a: Zamazenta
|-damage|p1a: Zamazenta|0 fnt
|-unboost|p2a: Dragapult|spa|2
|faint|p1a: Zamazenta
|
|-weather|Snowscape|[upkeep]
|upkeep
|
|t:|1779630219
|switch|p1a: Kyurem|Kyurem|100/100
|-ability|p1a: Kyurem|Pressure
|turn|34
|
|t:|1779630234
|switch|p2a: Iron Treads|Iron Treads|40/100
|-damage|p2a: Iron Treads|36/100|[from] Stealth Rock
|move|p1a: Kyurem|Blizzard|p2a: Iron Treads
|-damage|p2a: Iron Treads|0 fnt
|faint|p2a: Iron Treads
|-end|p2a: Iron Treads|Quark Drive|[silent]
|
|-weather|Snowscape|[upkeep]
|upkeep
|
|t:|1779630244
|switch|p2a: Arcanine|Arcanine-Hisui, F|100/100
|-damage|p2a: Arcanine|75/100|[from] Stealth Rock
|turn|35
|inactive|Xenofist has 120 seconds left.
|inactive|Xenofist has 90 seconds left.
|c|☆naerzar|I really hope that kyurem is specs
|inactive|Xenofist has 60 seconds left.
|c|☆Xenofist|it is unfortunately
|
|t:|1779630336
|switch|p1a: Slowking|Slowking-Galar, F|77/100 par
|move|p2a: Arcanine|Head Smash|p1a: Slowking
|-damage|p1a: Slowking|0 fnt
|faint|p1a: Slowking
|
|-weather|Snowscape|[upkeep]
|upkeep
|
|t:|1779630340
|switch|p1a: Kyurem|Kyurem|100/100
|-ability|p1a: Kyurem|Pressure
|turn|36
|c|☆naerzar|Damn
|c|☆Xenofist|praying for a freeze rn
|c|☆naerzar|And it still only did 60 to umbreon
|c|☆Xenofist|tbh ive lost anyways
|c|☆Xenofist|yep
|
|t:|1779630366
|move|p1a: Kyurem|Blizzard|p2a: Arcanine
|-resisted|p2a: Arcanine
|-damage|p2a: Arcanine|23/100
|move|p2a: Arcanine|Head Smash|p1a: Kyurem
|-supereffective|p1a: Kyurem
|-damage|p1a: Kyurem|0 fnt
|faint|p1a: Kyurem
|
|win|naerzar
|raw|Xenofist's rating: 1444 &rarr; <strong>1422</strong><br />(-22 for losing)
|raw|naerzar's rating: 1409 &rarr; <strong>1431</strong><br />(+22 for winning)
|c|☆Xenofist|umbreon is fat
|l|☆Xenofist
|player|p1|
|l|☆naerzar
|player|p2|
