|j|☆Z4W6
|j|☆MisterL47
|t:|1779704884
|gametype|singles
|player|p1|Z4W6|ghetsis|1174
|player|p2|MisterL47|veteran|1100
|gen|9
|tier|[Gen 9] OU
|rated|
|rule|HP Percentage Mod: HP is shown in percentages
|rule|Endless Battle Clause: Forcing endless battles is banned
|rule|Species Clause: Limit one of each Pokémon
|rule|OHKO Clause: OHKO moves are banned
|rule|Evasion Items Clause: Evasion items are banned
|rule|Evasion Moves Clause: Evasion moves are banned
|rule|Evasion Abilities Clause: Evasion abilities are banned
|rule|Sleep Moves Clause: Sleep-inducing moves are banned
|clearpoke
|poke|p1|Cramorant, M|
|poke|p1|Gallade, M|
|poke|p1|Kingambit, F|
|poke|p1|Iron Moth|
|poke|p1|Enamorus, F|
|poke|p1|Ogerpon-Cornerstone, F|
|poke|p2|Garganacl, M|
|poke|p2|Gliscor, M|
|poke|p2|Mabosstiff, M|
|poke|p2|Serperior, F|
|poke|p2|Ceruledge, F|
|poke|p2|Lokix, F|
|teampreview
|
|t:|1779704888
|teamsize|p1|6
|teamsize|p2|6
|start
|switch|p1a: Ogerpon|Ogerpon-Cornerstone, F|100/100
|switch|p2a: Big boss|Mabosstiff, M|100/100
|turn|1
|inactive|Battle timer is ON: inactive players will automatically lose when time's up. (requested by Z4W6)
|
|t:|1779704895
|-terastallize|p1a: Ogerpon|Rock
|detailschange|p1a: Ogerpon|Ogerpon-Cornerstone-Tera, F, tera:Rock
|-ability|p1a: Ogerpon|Embody Aspect (Cornerstone)|boost
|-boost|p1a: Ogerpon|def|1
|move|p1a: Ogerpon|Ivy Cudgel|p2a: Big boss|[anim] Ivy Cudgel Rock
|-damage|p2a: Big boss|22/100
|move|p2a: Big boss|Jaw Lock|p1a: Ogerpon
|-damage|p1a: Ogerpon|65/100
|-activate|p2a: Big boss|trapped
|-activate|p1a: Ogerpon|trapped
|
|upkeep
|turn|2
|
|t:|1779704909
|move|p1a: Ogerpon|Trailblaze|p2a: Big boss
|-damage|p2a: Big boss|0 fnt
|-boost|p1a: Ogerpon|spe|1
|faint|p2a: Big boss
|
|upkeep
|
|t:|1779704919
|switch|p2a: Serperior|Serperior, F|100/100
|turn|3
|
|t:|1779704923
|move|p1a: Ogerpon|Ivy Cudgel|p2a: Serperior|[anim] Ivy Cudgel Rock
|-damage|p2a: Serperior|13/100
|move|p2a: Serperior|Leaf Storm|p1a: Ogerpon
|-supereffective|p1a: Ogerpon
|-damage|p1a: Ogerpon|0 fnt
|-boost|p2a: Serperior|spa|2
|faint|p1a: Ogerpon
|detailschange|p1: Ogerpon|Ogerpon-Cornerstone, F|[silent]
|
|upkeep
|
|t:|1779704932
|switch|p1a: Iron Moth|Iron Moth|100/100
|-enditem|p1a: Iron Moth|Booster Energy
|-activate|p1a: Iron Moth|ability: Quark Drive|[fromitem]
|-start|p1a: Iron Moth|quarkdrivespe
|turn|4
|
|t:|1779704937
|move|p1a: Iron Moth|Fiery Dance|p2a: Serperior
|-supereffective|p2a: Serperior
|-damage|p2a: Serperior|0 fnt
|-boost|p1a: Iron Moth|spa|1
|faint|p2a: Serperior
|
|upkeep
|
|t:|1779704946
|switch|p2a: Garganacl|Garganacl, M|100/100
|turn|5
|
|t:|1779704950
|move|p1a: Iron Moth|Energy Ball|p2a: Garganacl
|-supereffective|p2a: Garganacl
|-damage|p2a: Garganacl|27/100
|move|p2a: Garganacl|Salt Cure|p1a: Iron Moth
|-supereffective|p1a: Iron Moth
|-damage|p1a: Iron Moth|66/100
|-start|p1a: Iron Moth|Salt Cure
|
|-damage|p1a: Iron Moth|54/100|[from] Salt Cure
|upkeep
|turn|6
|
|t:|1779704960
|move|p2a: Garganacl|Protect|p2a: Garganacl
|-singleturn|p2a: Garganacl|Protect
|move|p1a: Iron Moth|Energy Ball|p2a: Garganacl
|-activate|p2a: Garganacl|move: Protect
|
|-damage|p1a: Iron Moth|41/100|[from] Salt Cure
|upkeep
|turn|7
|
|t:|1779704969
|switch|p2a: Lokix|Lokix, F|100/100
|move|p1a: Iron Moth|Energy Ball|p2a: Lokix
|-resisted|p2a: Lokix
|-damage|p2a: Lokix|60/100
|
|-damage|p1a: Iron Moth|29/100|[from] Salt Cure
|upkeep
|turn|8
|
|t:|1779704982
|move|p2a: Lokix|Sucker Punch|p1a: Iron Moth
|-crit|p1a: Iron Moth
|-damage|p1a: Iron Moth|0 fnt
|faint|p1a: Iron Moth
|-end|p1a: Iron Moth|Quark Drive|[silent]
|
|upkeep
|
|t:|1779704991
|switch|p1a: Gallade|Gallade, M|100/100
|turn|9
|
|t:|1779704996
|move|p1a: Gallade|Sacred Sword|p2a: Lokix
|-damage|p2a: Lokix|0 fnt
|faint|p2a: Lokix
|
|upkeep
|
|t:|1779705006
|switch|p2a: Gliscor|Gliscor, M|100/100
|turn|10
|
|t:|1779705010
|move|p1a: Gallade|Psycho Cut|p2a: Gliscor
|-damage|p2a: Gliscor|56/100
|move|p2a: Gliscor|Knock Off|p1a: Gallade
|-damage|p1a: Gallade|51/100
|-enditem|p1a: Gallade|Focus Sash|[from] move: Knock Off|[of] p2a: Gliscor
|
|-status|p2a: Gliscor|tox|[from] item: Toxic Orb
|upkeep
|turn|11
|
|t:|1779705024
|move|p1a: Gallade|Swords Dance|p1a: Gallade
|-boost|p1a: Gallade|atk|2
|move|p2a: Gliscor|Earthquake|p1a: Gallade
|-damage|p1a: Gallade|0 fnt
|faint|p1a: Gallade
|
|-heal|p2a: Gliscor|69/100 tox|[from] ability: Poison Heal
|upkeep
|
|t:|1779705035
|switch|p1a: Cramorant|Cramorant, M, shiny|100/100
|turn|12
|
|t:|1779705041
|move|p2a: Gliscor|Protect|p2a: Gliscor
|-singleturn|p2a: Gliscor|Protect
|move|p1a: Cramorant|Surf|p2a: Gliscor
|-activate|p2a: Gliscor|move: Protect
|
|-heal|p2a: Gliscor|81/100 tox|[from] ability: Poison Heal
|upkeep
|turn|13
|
|t:|1779705054
|move|p1a: Cramorant|Surf|p2a: Gliscor
|-formechange|p1a: Cramorant|Cramorant-Gulping|
|-supereffective|p2a: Gliscor
|-damage|p2a: Gliscor|0 fnt
|faint|p2a: Gliscor
|
|upkeep
|-message|MisterL47 forfeited.
|
|win|Z4W6
|raw|Z4W6's rating: 1174 &rarr; <strong>1194</strong><br />(+20 for winning)
|raw|MisterL47's rating: 1100 &rarr; <strong>1080</strong><br />(-20 for losing)
|l|☆MisterL47
|player|p2|
|l|☆Z4W6
|player|p1|
