|j|☆meta fodder
|j|☆Jewgi_moto
|t:|1779563457
|gametype|singles
|player|p1|meta fodder|workerice|1528
|player|p2|Jewgi_moto|266|1493
|gen|9
|tier|[Gen 9] OU
|rated|
|rule|HP Percentage Mod: HP is shown in percentages
|rule|Endless Battle Clause: Forcing endless battles is banned
|rule|Species Clause: Limit one of each Pokémon
|rule|OHKO Clause: OHKO moves are banned
|rule|Evasion Items Clause: Evasion items are banned
|rule|Evasion Moves Clause: Evasion moves are banned
|rule|Evasion Abilities Clause: Evasion abilities are banned
|rule|Sleep Moves Clause: Sleep-inducing moves are banned
|clearpoke
|poke|p1|Slowking-Galar, F|
|poke|p1|Kyurem|
|poke|p1|Samurott-Hisui, M|
|poke|p1|Gholdengo|
|poke|p1|Ceruledge, M|
|poke|p1|Rillaboom, M|
|poke|p2|Volcanion|
|poke|p2|Blastoise, F|
|poke|p2|Cinderace, M|
|poke|p2|Zamazenta-*|
|poke|p2|Dragonite, M|
|poke|p2|Hoopa-Unbound|
|teampreview
|inactive|Battle timer is ON: inactive players will automatically lose when time's up. (requested by meta fodder)
|c|☆meta fodder|very colorful team i like
|
|t:|1779563470
|teamsize|p1|6
|teamsize|p2|6
|start
|switch|p1a: Slowking|Slowking-Galar, F|100/100
|switch|p2a: Blastoise|Blastoise, F|100/100
|turn|1
|
|t:|1779563473
|move|p2a: Blastoise|Shell Smash|p2a: Blastoise
|-unboost|p2a: Blastoise|def|1
|-unboost|p2a: Blastoise|spd|1
|-boost|p2a: Blastoise|atk|2
|-boost|p2a: Blastoise|spa|2
|-boost|p2a: Blastoise|spe|2
|move|p1a: Slowking|Future Sight|p2a: Blastoise
|-start|p1a: Slowking|move: Future Sight
|
|upkeep
|turn|2
|
|t:|1779563476
|move|p2a: Blastoise|Hydro Pump|p1a: Slowking
|-damage|p1a: Slowking|23/100
|move|p1a: Slowking|Thunder Wave|p2a: Blastoise
|-status|p2a: Blastoise|par
|
|upkeep
|turn|3
|
|t:|1779563480
|switch|p1a: Kyurem|Kyurem|100/100
|-ability|p1a: Kyurem|Pressure
|move|p2a: Blastoise|Hydro Pump|p1a: Kyurem|[miss]
|-miss|p2a: Blastoise|p1a: Kyurem
|
|-end|p2a: Blastoise|move: Future Sight
|-damage|p2a: Blastoise|35/100 par
|upkeep
|turn|4
|
|t:|1779563489
|switch|p2a: Zamazenta|Zamazenta|100/100
|-ability|p2a: Zamazenta|Dauntless Shield|boost
|-boost|p2a: Zamazenta|def|1
|move|p1a: Kyurem|Freeze-Dry|p2a: Zamazenta
|-damage|p2a: Zamazenta|57/100
|
|-heal|p2a: Zamazenta|63/100|[from] item: Leftovers
|upkeep
|turn|5
|
|t:|1779563494
|switch|p1a: Ceruledge|Ceruledge, M|100/100
|move|p2a: Zamazenta|Light Screen|p2a: Zamazenta
|-sidestart|p2: Jewgi_moto|move: Light Screen
|
|-heal|p2a: Zamazenta|69/100|[from] item: Leftovers
|upkeep
|turn|6
|
|t:|1779563498
|switch|p2a: Hoopa|Hoopa-Unbound|100/100
|move|p1a: Ceruledge|Swords Dance|p1a: Ceruledge
|-boost|p1a: Ceruledge|atk|2
|
|upkeep
|turn|7
|
|t:|1779563501
|move|p1a: Ceruledge|Bitter Blade|p2a: Hoopa
|-damage|p2a: Hoopa|0 fnt
|faint|p2a: Hoopa
|
|upkeep
|
|t:|1779563504
|switch|p2a: Cinderace|Cinderace, M, shiny|100/100
|turn|8
|
|t:|1779563507
|move|p2a: Cinderace|U-turn|p1a: Ceruledge
|-start|p2a: Cinderace|typechange|Bug|[from] ability: Libero
|-resisted|p1a: Ceruledge
|-damage|p1a: Ceruledge|89/100
|-ability|p1a: Ceruledge|Weak Armor|boost
|-unboost|p1a: Ceruledge|def|1
|-boost|p1a: Ceruledge|spe|2
|
|t:|1779563509
|switch|p2a: Blastoise|Blastoise, F|35/100 par|[from] U-turn
|move|p1a: Ceruledge|Poltergeist|p2a: Blastoise
|-activate|p2a: Blastoise|move: Poltergeist|Expert Belt
|-damage|p2a: Blastoise|0 fnt
|faint|p2a: Blastoise
|
|upkeep
|
|t:|1779563512
|switch|p2a: Dragonite|Dragonite, M, shiny|100/100
|turn|9
|
|t:|1779563522
|move|p1a: Ceruledge|Poltergeist|p2a: Dragonite
|-activate|p2a: Dragonite|move: Poltergeist|Heavy-Duty Boots
|-damage|p2a: Dragonite|48/100
|move|p2a: Dragonite|Earthquake|p1a: Ceruledge
|-supereffective|p1a: Ceruledge
|-damage|p1a: Ceruledge|0 fnt
|faint|p1a: Ceruledge
|
|-sideend|p2: Jewgi_moto|move: Light Screen
|upkeep
|c|☆meta fodder|damn i misclicked
|
|t:|1779563540
|switch|p1a: Kyurem|Kyurem|100/100
|-ability|p1a: Kyurem|Pressure
|turn|10
|
|t:|1779563544
|switch|p2a: Volcanion|Volcanion|100/100
|move|p1a: Kyurem|Freeze-Dry|p2a: Volcanion
|-damage|p2a: Volcanion|66/100
|
|upkeep
|turn|11
|
|t:|1779563551
|switch|p1a: Samurott|Samurott-Hisui, M|100/100
|move|p2a: Volcanion|Fire Blast|p1a: Samurott|[miss]
|-miss|p2a: Volcanion|p1a: Samurott
|
|upkeep
|turn|12
|
|t:|1779563555
|move|p1a: Samurott|Ceaseless Edge|p2a: Volcanion
|-damage|p2a: Volcanion|44/100
|-sidestart|p2: Jewgi_moto|Spikes
|move|p2a: Volcanion|Earth Power|p1a: Samurott
|-damage|p1a: Samurott|75/100
|
|upkeep
|turn|13
|
|t:|1779563562
|move|p1a: Samurott|Ceaseless Edge|p2a: Volcanion
|-damage|p2a: Volcanion|21/100
|-sidestart|p2: Jewgi_moto|Spikes
|move|p2a: Volcanion|Earth Power|p1a: Samurott
|-crit|p1a: Samurott
|-damage|p1a: Samurott|38/100
|
|upkeep
|turn|14
|
|t:|1779563565
|move|p1a: Samurott|Ceaseless Edge|p2a: Volcanion
|-damage|p2a: Volcanion|0 fnt
|-sidestart|p2: Jewgi_moto|Spikes
|faint|p2a: Volcanion
|
|upkeep
|
|t:|1779563567
|switch|p2a: Cinderace|Cinderace, M, shiny|100/100
|turn|15
|
|t:|1779563571
|move|p2a: Cinderace|Court Change|p2a: Cinderace
|-start|p2a: Cinderace|typechange|Normal|[from] ability: Libero
|-swapsideconditions
|-activate|p2a: Cinderace|move: Court Change
|move|p1a: Samurott|Sacred Sword|p2a: Cinderace
|-supereffective|p2a: Cinderace
|-damage|p2a: Cinderace|19/100
|
|upkeep
|turn|16
|
|t:|1779563577
|move|p2a: Cinderace|U-turn|p1a: Samurott
|-supereffective|p1a: Samurott
|-damage|p1a: Samurott|0 fnt
|faint|p1a: Samurott
|
|t:|1779563581
|switch|p2a: Zamazenta|Zamazenta|69/100|[from] U-turn
|
|-heal|p2a: Zamazenta|76/100|[from] item: Leftovers
|upkeep
|
|t:|1779563585
|switch|p1a: Gholdengo|Gholdengo|100/100
|-item|p1a: Gholdengo|Air Balloon
|turn|17
|
|t:|1779563588
|move|p2a: Zamazenta|Light Screen|p2a: Zamazenta
|-sidestart|p2: Jewgi_moto|move: Light Screen
|move|p1a: Gholdengo|Shadow Ball|p2a: Zamazenta
|-damage|p2a: Zamazenta|59/100
|
|-heal|p2a: Zamazenta|65/100|[from] item: Leftovers
|upkeep
|turn|18
|
|t:|1779563592
|switch|p2a: Cinderace|Cinderace, M, shiny|19/100
|move|p1a: Gholdengo|Nasty Plot|p1a: Gholdengo
|-boost|p1a: Gholdengo|spa|2
|
|upkeep
|turn|19
|
|t:|1779563598
|-terastallize|p1a: Gholdengo|Fairy
|move|p2a: Cinderace|Pyro Ball|p1a: Gholdengo
|-damage|p1a: Gholdengo|38/100
|-enditem|p1a: Gholdengo|Air Balloon
|move|p1a: Gholdengo|Shadow Ball|p2a: Cinderace
|-damage|p2a: Cinderace|0 fnt
|faint|p2a: Cinderace
|
|upkeep
|
|t:|1779563607
|switch|p2a: Dragonite|Dragonite, M, shiny|48/100
|turn|20
|
|t:|1779563609
|-terastallize|p2a: Dragonite|Normal
|move|p2a: Dragonite|Extreme Speed|p1a: Gholdengo
|-damage|p1a: Gholdengo|0 fnt
|faint|p1a: Gholdengo
|
|upkeep
|
|t:|1779563618
|switch|p1a: Rillaboom|Rillaboom, M|100/100
|-damage|p1a: Rillaboom|76/100|[from] Spikes
|-fieldstart|move: Grassy Terrain|[from] ability: Grassy Surge|[of] p1a: Rillaboom
|turn|21
|
|t:|1779563622
|move|p2a: Dragonite|Extreme Speed|p1a: Rillaboom
|-damage|p1a: Rillaboom|21/100
|move|p1a: Rillaboom|Grassy Glide|p2a: Dragonite
|-damage|p2a: Dragonite|0 fnt
|faint|p2a: Dragonite
|
|-heal|p1a: Rillaboom|27/100|[from] Grassy Terrain
|-sideend|p2: Jewgi_moto|move: Light Screen
|upkeep
|
|t:|1779563625
|switch|p2a: Zamazenta|Zamazenta|65/100
|turn|22
|
|t:|1779563628
|move|p1a: Rillaboom|Grassy Glide|p2a: Zamazenta
|-damage|p2a: Zamazenta|20/100
|move|p2a: Zamazenta|Iron Defense|p2a: Zamazenta
|-boost|p2a: Zamazenta|def|2
|
|-heal|p2a: Zamazenta|27/100|[from] Grassy Terrain
|-heal|p2a: Zamazenta|33/100|[from] item: Leftovers
|-heal|p1a: Rillaboom|33/100|[from] Grassy Terrain
|upkeep
|turn|23
|
|t:|1779563654
|switch|p1a: Slowking|Slowking-Galar, F|56/100
|move|p2a: Zamazenta|Iron Defense|p2a: Zamazenta
|-boost|p2a: Zamazenta|def|2
|
|-heal|p2a: Zamazenta|39/100|[from] Grassy Terrain
|-heal|p2a: Zamazenta|45/100|[from] item: Leftovers
|-heal|p1a: Slowking|62/100|[from] Grassy Terrain
|upkeep
|turn|24
|
|t:|1779563663
|move|p2a: Zamazenta|Body Press|p1a: Slowking
|-resisted|p1a: Slowking
|-damage|p1a: Slowking|43/100
|move|p1a: Slowking|Future Sight|p2a: Zamazenta
|-start|p1a: Slowking|move: Future Sight
|
|-heal|p2a: Zamazenta|51/100|[from] Grassy Terrain
|-heal|p2a: Zamazenta|58/100|[from] item: Leftovers
|-heal|p1a: Slowking|49/100|[from] Grassy Terrain
|upkeep
|turn|25
|
|t:|1779563668
|move|p2a: Zamazenta|Body Press|p1a: Slowking
|-resisted|p1a: Slowking
|-damage|p1a: Slowking|31/100
|move|p1a: Slowking|Thunder Wave|p2a: Zamazenta
|-status|p2a: Zamazenta|par
|
|-heal|p2a: Zamazenta|64/100 par|[from] Grassy Terrain
|-heal|p2a: Zamazenta|70/100 par|[from] item: Leftovers
|-heal|p1a: Slowking|37/100|[from] Grassy Terrain
|-fieldend|move: Grassy Terrain
|upkeep
|turn|26
|
|t:|1779563673
|move|p2a: Zamazenta|Substitute|p2a: Zamazenta
|-start|p2a: Zamazenta|Substitute
|-damage|p2a: Zamazenta|45/100 par
|move|p1a: Slowking|Sludge Bomb|p2a: Zamazenta
|-end|p2a: Zamazenta|Substitute
|
|-end|p2a: Zamazenta|move: Future Sight
|-supereffective|p2a: Zamazenta
|-crit|p2a: Zamazenta
|-damage|p2a: Zamazenta|0 fnt
|faint|p2a: Zamazenta
|
|win|meta fodder
|raw|meta fodder's rating: 1528 &rarr; <strong>1546</strong><br />(+18 for winning)
|raw|Jewgi_moto's rating: 1493 &rarr; <strong>1475</strong><br />(-18 for losing)
|l|☆Jewgi_moto
|player|p2|
|l|☆meta fodder
|player|p1|
