|j|☆Excadrill>AnyMon
|j|☆WomenPostingLs
|t:|1779683470
|gametype|singles
|player|p1|Excadrill>AnyMon|101|1022
|player|p2|WomenPostingLs|lady-gen4|1079
|gen|9
|tier|[Gen 9] OU
|rated|
|rule|HP Percentage Mod: HP is shown in percentages
|rule|Endless Battle Clause: Forcing endless battles is banned
|rule|Species Clause: Limit one of each Pokémon
|rule|OHKO Clause: OHKO moves are banned
|rule|Evasion Items Clause: Evasion items are banned
|rule|Evasion Moves Clause: Evasion moves are banned
|rule|Evasion Abilities Clause: Evasion abilities are banned
|rule|Sleep Moves Clause: Sleep-inducing moves are banned
|clearpoke
|poke|p1|Gliscor, M|
|poke|p1|Gholdengo|
|poke|p1|Dragonite, M|
|poke|p1|Ting-Lu|
|poke|p1|Darkrai|
|poke|p1|Zamazenta-*|
|poke|p2|Garganacl, M|
|poke|p2|Zamazenta-*|
|poke|p2|Tinkaton, F|
|poke|p2|Tornadus-Therian, M|
|poke|p2|Zapdos|
|poke|p2|Iron Valiant|
|teampreview
|inactive|Battle timer is ON: inactive players will automatically lose when time's up. (requested by WomenPostingLs)
|
|t:|1779683484
|teamsize|p1|6
|teamsize|p2|6
|start
|switch|p1a: Darkrai|Darkrai|100/100
|switch|p2a: Tinkaton|Tinkaton, F|100/100
|-item|p2a: Tinkaton|Air Balloon
|turn|1
|
|t:|1779683496
|move|p1a: Darkrai|Will-O-Wisp|p2a: Tinkaton
|-status|p2a: Tinkaton|brn
|move|p2a: Tinkaton|Thunder Wave|p1a: Darkrai
|-status|p1a: Darkrai|par
|
|-damage|p2a: Tinkaton|94/100 brn|[from] brn
|upkeep
|turn|2
|
|t:|1779683508
|move|p2a: Tinkaton|Encore|p1a: Darkrai
|-start|p1a: Darkrai|Encore
|move|p1a: Darkrai|Will-O-Wisp|p2a: Tinkaton|[miss]
|-miss|p1a: Darkrai|p2a: Tinkaton
|
|-damage|p2a: Tinkaton|88/100 brn|[from] brn
|upkeep
|turn|3
|
|t:|1779683533
|switch|p1a: Gliscor|Gliscor, M|100/100
|move|p2a: Tinkaton|Stealth Rock|p1a: Gliscor
|-sidestart|p1: Excadrill>AnyMon|move: Stealth Rock
|
|-damage|p2a: Tinkaton|82/100 brn|[from] brn
|-status|p1a: Gliscor|tox|[from] item: Toxic Orb
|upkeep
|turn|4
|
|t:|1779683544
|switch|p2a: Tornadus|Tornadus-Therian, M|100/100
|move|p1a: Gliscor|Spikes|p2a: Tornadus
|-sidestart|p2: WomenPostingLs|Spikes
|
|upkeep
|turn|5
|
|t:|1779683554
|move|p2a: Tornadus|Bleakwind Storm|p1a: Gliscor
|-damage|p1a: Gliscor|58/100 tox
|move|p1a: Gliscor|Spikes|p2a: Tornadus
|-sidestart|p2: WomenPostingLs|Spikes
|
|-heal|p1a: Gliscor|70/100 tox|[from] ability: Poison Heal
|upkeep
|turn|6
|
|t:|1779683563
|move|p1a: Gliscor|Protect|p1a: Gliscor
|-singleturn|p1a: Gliscor|Protect
|move|p2a: Tornadus|Bleakwind Storm|p1a: Gliscor
|-activate|p1a: Gliscor|move: Protect
|
|-heal|p1a: Gliscor|83/100 tox|[from] ability: Poison Heal
|upkeep
|turn|7
|
|t:|1779683568
|move|p2a: Tornadus|Bleakwind Storm|p1a: Gliscor
|-damage|p1a: Gliscor|39/100 tox
|-unboost|p1a: Gliscor|spe|1
|move|p1a: Gliscor|Toxic|p2a: Tornadus
|-status|p2a: Tornadus|tox
|
|-damage|p2a: Tornadus|94/100 tox|[from] psn
|-heal|p1a: Gliscor|52/100 tox|[from] ability: Poison Heal
|upkeep
|turn|8
|inactive|Excadrill>AnyMon has 120 seconds left.
|
|t:|1779683603
|switch|p2a: Iron Valiant|Iron Valiant|100/100
|-damage|p2a: Iron Valiant|84/100|[from] Spikes
|-enditem|p2a: Iron Valiant|Booster Energy
|-activate|p2a: Iron Valiant|ability: Quark Drive|[fromitem]
|-start|p2a: Iron Valiant|quarkdrivespe
|move|p1a: Gliscor|Protect||[still]
|-fail|p1a: Gliscor
|
|-heal|p1a: Gliscor|64/100 tox|[from] ability: Poison Heal
|upkeep
|turn|9
|inactive|Excadrill>AnyMon has 120 seconds left.
|inactive|Excadrill>AnyMon has 90 seconds left.
|
|t:|1779683659
|switch|p1a: Gholdengo|Gholdengo|100/100
|-damage|p1a: Gholdengo|94/100|[from] Stealth Rock
|move|p2a: Iron Valiant|Encore|p1a: Gholdengo
|-immune|p1a: Gholdengo|[from] ability: Good as Gold
|
|upkeep
|turn|10
|
|t:|1779683674
|move|p2a: Iron Valiant|Shadow Ball|p1a: Gholdengo
|-supereffective|p1a: Gholdengo
|-damage|p1a: Gholdengo|33/100
|move|p1a: Gholdengo|Make It Rain|p2a: Iron Valiant
|-supereffective|p2a: Iron Valiant
|-damage|p2a: Iron Valiant|0 fnt
|-unboost|p1a: Gholdengo|spa|1
|faint|p2a: Iron Valiant
|-end|p2a: Iron Valiant|Quark Drive|[silent]
|
|upkeep
|
|t:|1779683684
|switch|p2a: Zapdos|Zapdos|100/100
|turn|11
|
|t:|1779683695
|switch|p1a: Gliscor|Gliscor, M|64/100 tox
|-damage|p1a: Gliscor|52/100 tox|[from] Stealth Rock
|move|p2a: Zapdos|Volt Switch|p1a: Gliscor
|-immune|p1a: Gliscor
|
|-heal|p1a: Gliscor|64/100 tox|[from] ability: Poison Heal
|upkeep
|turn|12
|
|t:|1779683700
|move|p2a: Zapdos|Hurricane|p1a: Gliscor
|-damage|p1a: Gliscor|0 fnt
|faint|p1a: Gliscor
|
|upkeep
|
|t:|1779683707
|switch|p1a: Ting-Lu|Ting-Lu|100/100
|-damage|p1a: Ting-Lu|94/100|[from] Stealth Rock
|-ability|p1a: Ting-Lu|Vessel of Ruin
|turn|13
|
|t:|1779683712
|switch|p2a: Tinkaton|Tinkaton, F|82/100 brn
|-item|p2a: Tinkaton|Air Balloon
|move|p1a: Ting-Lu|Stealth Rock|p2a: Tinkaton
|-sidestart|p2: WomenPostingLs|move: Stealth Rock
|
|-heal|p1a: Ting-Lu|100/100|[from] item: Leftovers
|-damage|p2a: Tinkaton|76/100 brn|[from] brn
|upkeep
|turn|14
|inactive|Excadrill>AnyMon has 90 seconds left.
|
|t:|1779683739
|switch|p2a: Tornadus|Tornadus-Therian, M|100/100 tox
|-damage|p2a: Tornadus|76/100 tox|[from] Stealth Rock
|switch|p1a: Gholdengo|Gholdengo|33/100
|-damage|p1a: Gholdengo|27/100|[from] Stealth Rock
|
|-damage|p2a: Tornadus|70/100 tox|[from] psn
|upkeep
|turn|15
|
|t:|1779683752
|move|p1a: Gholdengo|Trick|p2a: Tornadus
|-activate|p1a: Gholdengo|move: Trick|[of] p2a: Tornadus
|-item|p2a: Tornadus|Choice Scarf|[from] move: Trick
|-item|p1a: Gholdengo|Assault Vest|[from] move: Trick
|move|p2a: Tornadus|Knock Off|p1a: Gholdengo
|-supereffective|p1a: Gholdengo
|-damage|p1a: Gholdengo|0 fnt
|-enditem|p1a: Gholdengo|Assault Vest|[from] move: Knock Off|[of] p2a: Tornadus
|faint|p1a: Gholdengo
|
|-damage|p2a: Tornadus|57/100 tox|[from] psn
|upkeep
|
|t:|1779683769
|switch|p1a: Dragonite|Dragonite, M|100/100
|turn|16
|
|t:|1779683775
|switch|p2a: Tinkaton|Tinkaton, F|76/100 brn
|-damage|p2a: Tinkaton|70/100 brn|[from] Stealth Rock
|-item|p2a: Tinkaton|Air Balloon
|move|p1a: Dragonite|Dragon Dance|p1a: Dragonite
|-boost|p1a: Dragonite|atk|1
|-boost|p1a: Dragonite|spe|1
|
|-damage|p2a: Tinkaton|64/100 brn|[from] brn
|upkeep
|turn|17
|inactive|Excadrill>AnyMon has 90 seconds left.
|
|t:|1779683784
|-terastallize|p1a: Dragonite|Normal
|move|p1a: Dragonite|Extreme Speed|p2a: Tinkaton
|-resisted|p2a: Tinkaton
|-damage|p2a: Tinkaton|28/100 brn
|-enditem|p2a: Tinkaton|Air Balloon
|-enditem|p1a: Dragonite|Heavy-Duty Boots|[silent]|[from] ability: Pickpocket|[of] p1a: Dragonite
|-item|p2a: Tinkaton|Heavy-Duty Boots|[from] ability: Pickpocket|[of] p1a: Dragonite
|move|p2a: Tinkaton|Encore|p1a: Dragonite
|-start|p1a: Dragonite|Encore
|
|-damage|p2a: Tinkaton|22/100 brn|[from] brn
|upkeep
|turn|18
|
|t:|1779683791
|switch|p2a: Garganacl|Garganacl, M|100/100
|-damage|p2a: Garganacl|84/100|[from] Spikes
|-damage|p2a: Garganacl|72/100|[from] Stealth Rock
|move|p1a: Dragonite|Extreme Speed|p2a: Garganacl
|-resisted|p2a: Garganacl
|-damage|p2a: Garganacl|49/100
|
|-heal|p2a: Garganacl|55/100|[from] item: Leftovers
|upkeep
|turn|19
|
|t:|1779683797
|move|p1a: Dragonite|Extreme Speed|p2a: Garganacl
|-resisted|p2a: Garganacl
|-damage|p2a: Garganacl|35/100
|move|p2a: Garganacl|Recover|p2a: Garganacl
|-heal|p2a: Garganacl|85/100
|
|-heal|p2a: Garganacl|91/100|[from] item: Leftovers
|upkeep
|turn|20
|
|t:|1779683803
|move|p1a: Dragonite|Extreme Speed|p2a: Garganacl
|-resisted|p2a: Garganacl
|-damage|p2a: Garganacl|69/100
|move|p2a: Garganacl|Curse|p2a: Garganacl
|-unboost|p2a: Garganacl|spe|1
|-boost|p2a: Garganacl|atk|1
|-boost|p2a: Garganacl|def|1
|
|-heal|p2a: Garganacl|75/100|[from] item: Leftovers
|-end|p1a: Dragonite|Encore
|upkeep
|turn|21
|
|t:|1779683806
|move|p1a: Dragonite|Dragon Dance|p1a: Dragonite
|-boost|p1a: Dragonite|atk|1
|-boost|p1a: Dragonite|spe|1
|move|p2a: Garganacl|Salt Cure|p1a: Dragonite
|-damage|p1a: Dragonite|91/100
|-start|p1a: Dragonite|Salt Cure
|
|-heal|p2a: Garganacl|81/100|[from] item: Leftovers
|-damage|p1a: Dragonite|78/100|[from] Salt Cure
|upkeep
|turn|22
|
|t:|1779683809
|move|p1a: Dragonite|Earthquake|p2a: Garganacl
|-supereffective|p2a: Garganacl
|-damage|p2a: Garganacl|16/100
|move|p2a: Garganacl|Recover|p2a: Garganacl
|-heal|p2a: Garganacl|66/100
|
|-heal|p2a: Garganacl|73/100|[from] item: Leftovers
|-damage|p1a: Dragonite|66/100|[from] Salt Cure
|upkeep
|turn|23
|
|t:|1779683814
|-terastallize|p2a: Garganacl|Water
|move|p1a: Dragonite|Dragon Dance|p1a: Dragonite
|-boost|p1a: Dragonite|atk|1
|-boost|p1a: Dragonite|spe|1
|move|p2a: Garganacl|Curse|p2a: Garganacl
|-unboost|p2a: Garganacl|spe|1
|-boost|p2a: Garganacl|atk|1
|-boost|p2a: Garganacl|def|1
|
|-heal|p2a: Garganacl|79/100|[from] item: Leftovers
|-damage|p1a: Dragonite|53/100|[from] Salt Cure
|upkeep
|turn|24
|
|t:|1779683832
|switch|p1a: Darkrai|Darkrai|100/100 par
|move|p2a: Garganacl|Recover|p2a: Garganacl
|-heal|p2a: Garganacl|100/100
|
|upkeep
|turn|25
|
|t:|1779683838
|move|p1a: Darkrai|Dark Pulse|p2a: Garganacl
|-damage|p2a: Garganacl|73/100
|move|p2a: Garganacl|Salt Cure|p1a: Darkrai
|-damage|p1a: Darkrai|62/100 par
|-start|p1a: Darkrai|Salt Cure
|
|-heal|p2a: Garganacl|79/100|[from] item: Leftovers
|-damage|p1a: Darkrai|50/100 par|[from] Salt Cure
|upkeep
|turn|26
|
|t:|1779683844
|switch|p1a: Ting-Lu|Ting-Lu|100/100
|-damage|p1a: Ting-Lu|94/100|[from] Stealth Rock
|-ability|p1a: Ting-Lu|Vessel of Ruin
|move|p2a: Garganacl|Recover|p2a: Garganacl
|-heal|p2a: Garganacl|100/100
|
|-heal|p1a: Ting-Lu|100/100|[from] item: Leftovers
|upkeep
|turn|27
|
|t:|1779683847
|move|p2a: Garganacl|Salt Cure|p1a: Ting-Lu
|-resisted|p1a: Ting-Lu
|-damage|p1a: Ting-Lu|92/100
|-start|p1a: Ting-Lu|Salt Cure
|move|p1a: Ting-Lu|Whirlwind|p2a: Garganacl
|drag|p2a: Tornadus|Tornadus-Therian, M|91/100 tox
|-damage|p2a: Tornadus|66/100 tox|[from] Stealth Rock
|
|-heal|p1a: Ting-Lu|99/100|[from] item: Leftovers
|-damage|p2a: Tornadus|60/100 tox|[from] psn
|-damage|p1a: Ting-Lu|86/100|[from] Salt Cure
|upkeep
|turn|28
|
|t:|1779683860
|move|p2a: Tornadus|Knock Off|p1a: Ting-Lu
|-resisted|p1a: Ting-Lu
|-damage|p1a: Ting-Lu|81/100
|-enditem|p1a: Ting-Lu|Leftovers|[from] move: Knock Off|[of] p2a: Tornadus
|move|p1a: Ting-Lu|Ruination|p2a: Tornadus
|-damage|p2a: Tornadus|30/100 tox
|
|-damage|p2a: Tornadus|18/100 tox|[from] psn
|-damage|p1a: Ting-Lu|69/100|[from] Salt Cure
|upkeep
|turn|29
|
|t:|1779683868
|switch|p2a: Tinkaton|Tinkaton, F|22/100 brn
|switch|p1a: Dragonite|Dragonite, M, tera:Normal|53/100
|-damage|p1a: Dragonite|41/100|[from] Stealth Rock
|
|-damage|p2a: Tinkaton|16/100 brn|[from] brn
|upkeep
|turn|30
|
|t:|1779683873
|move|p2a: Tinkaton|Thunder Wave|p1a: Dragonite
|-status|p1a: Dragonite|par
|move|p1a: Dragonite|Roost|p1a: Dragonite
|-heal|p1a: Dragonite|91/100 par
|
|-damage|p2a: Tinkaton|10/100 brn|[from] brn
|upkeep
|turn|31
|
|t:|1779683881
|move|p2a: Tinkaton|Encore|p1a: Dragonite
|-start|p1a: Dragonite|Encore
|cant|p1a: Dragonite|par
|
|-damage|p2a: Tinkaton|3/100 brn|[from] brn
|upkeep
|turn|32
|
|t:|1779683885
|switch|p1a: Ting-Lu|Ting-Lu|69/100
|-damage|p1a: Ting-Lu|62/100|[from] Stealth Rock
|-ability|p1a: Ting-Lu|Vessel of Ruin
|move|p2a: Tinkaton|Gigaton Hammer|p1a: Ting-Lu
|-damage|p1a: Ting-Lu|50/100
|
|-damage|p2a: Tinkaton|0 fnt|[from] brn
|faint|p2a: Tinkaton
|upkeep
|
|t:|1779683897
|switch|p2a: Zapdos|Zapdos|100/100
|turn|33
|
|t:|1779683901
|move|p2a: Zapdos|Hurricane|p1a: Ting-Lu|[miss]
|-miss|p2a: Zapdos|p1a: Ting-Lu
|move|p1a: Ting-Lu|Ruination|p2a: Zapdos|[miss]
|-miss|p1a: Ting-Lu|p2a: Zapdos
|
|upkeep
|turn|34
|
|t:|1779683913
|switch|p1a: Dragonite|Dragonite, M, tera:Normal|91/100 par
|-damage|p1a: Dragonite|79/100 par|[from] Stealth Rock
|move|p2a: Zapdos|Hurricane|p1a: Dragonite|[miss]
|-miss|p2a: Zapdos|p1a: Dragonite
|
|upkeep
|turn|35
|
|t:|1779683923
|move|p1a: Dragonite|Extreme Speed|p2a: Zapdos
|-damage|p2a: Zapdos|48/100
|move|p2a: Zapdos|Volt Switch|p1a: Dragonite
|-damage|p1a: Dragonite|46/100 par
|
|t:|1779683927
|switch|p2a: Zamazenta|Zamazenta|100/100|[from] Volt Switch
|-damage|p2a: Zamazenta|84/100|[from] Spikes
|-damage|p2a: Zamazenta|78/100|[from] Stealth Rock
|-ability|p2a: Zamazenta|Dauntless Shield|boost
|-boost|p2a: Zamazenta|def|1
|
|upkeep
|turn|36
|
|t:|1779683935
|switch|p1a: Zamazenta|Zamazenta|100/100
|-ability|p1a: Zamazenta|Dauntless Shield|boost
|-boost|p1a: Zamazenta|def|1
|move|p2a: Zamazenta|Body Press|p1a: Zamazenta
|-damage|p1a: Zamazenta|66/100
|
|upkeep
|turn|37
|
|t:|1779683939
|move|p2a: Zamazenta|Reflect|p2a: Zamazenta
|-sidestart|p2: WomenPostingLs|Reflect
|move|p1a: Zamazenta|Close Combat|p2a: Zamazenta
|-damage|p2a: Zamazenta|63/100
|-unboost|p1a: Zamazenta|def|1
|-unboost|p1a: Zamazenta|spd|1
|
|upkeep
|turn|38
|
|t:|1779683955
|switch|p1a: Ting-Lu|Ting-Lu|50/100
|-damage|p1a: Ting-Lu|44/100|[from] Stealth Rock
|-ability|p1a: Ting-Lu|Vessel of Ruin
|move|p2a: Zamazenta|Body Press|p1a: Ting-Lu
|-supereffective|p1a: Ting-Lu
|-damage|p1a: Ting-Lu|0 fnt
|faint|p1a: Ting-Lu
|
|upkeep
|
|t:|1779683958
|switch|p1a: Dragonite|Dragonite, M, tera:Normal|46/100 par
|-damage|p1a: Dragonite|33/100 par|[from] Stealth Rock
|turn|39
|-message|Excadrill>AnyMon forfeited.
|
|win|WomenPostingLs
|raw|Excadrill&gt;AnyMon's rating: 1022 &rarr; <strong>1011</strong><br />(-11 for losing)
|raw|WomenPostingLs's rating: 1079 &rarr; <strong>1103</strong><br />(+24 for winning)
|l|☆Excadrill>AnyMon
|player|p1|
