|j|☆cynthiapitlover
|j|☆el metrallas
|t:|1779722268
|gametype|singles
|player|p1|cynthiapitlover|cynthia-gen4|1356
|player|p2|el metrallas|swimmerf-gen4|1372
|gen|9
|tier|[Gen 9] OU
|rated|
|rule|HP Percentage Mod: HP is shown in percentages
|rule|Endless Battle Clause: Forcing endless battles is banned
|rule|Species Clause: Limit one of each Pokémon
|rule|OHKO Clause: OHKO moves are banned
|rule|Evasion Items Clause: Evasion items are banned
|rule|Evasion Moves Clause: Evasion moves are banned
|rule|Evasion Abilities Clause: Evasion abilities are banned
|rule|Sleep Moves Clause: Sleep-inducing moves are banned
|clearpoke
|poke|p1|Iron Valiant|
|poke|p1|Ceruledge, F|
|poke|p1|Slowking-Galar, M|
|poke|p1|Iron Treads|
|poke|p1|Samurott-Hisui, F|
|poke|p1|Tornadus-Therian, M|
|poke|p2|Hydreigon, M|
|poke|p2|Ribombee, M|
|poke|p2|Tauros-Paldea-Blaze, M|
|poke|p2|Clodsire, M|
|poke|p2|Mamoswine, F|
|poke|p2|Gholdengo|
|teampreview
|inactive|Battle timer is ON: inactive players will automatically lose when time's up. (requested by el metrallas)
|
|t:|1779722283
|teamsize|p1|6
|teamsize|p2|6
|start
|switch|p1a: Ceruledge|Ceruledge, F|100/100
|switch|p2a: Tuerta|Ribombee, M, shiny|100/100
|turn|1
|
|t:|1779722288
|move|p2a: Tuerta|Sticky Web|p1a: Ceruledge
|-sidestart|p1: cynthiapitlover|move: Sticky Web
|move|p1a: Ceruledge|Bitter Blade|p2a: Tuerta
|-supereffective|p2a: Tuerta
|-enditem|p2a: Tuerta|Focus Sash
|-damage|p2a: Tuerta|1/100
|-damage|p1a: Ceruledge|91/100|[from] item: Life Orb
|
|upkeep
|turn|2
|
|t:|1779722292
|move|p1a: Ceruledge|Shadow Sneak|p2a: Tuerta
|-damage|p2a: Tuerta|0 fnt
|faint|p2a: Tuerta
|-damage|p1a: Ceruledge|81/100|[from] item: Life Orb
|
|upkeep
|
|t:|1779722312
|switch|p2a: Mamuten|Mamoswine, F|100/100
|turn|3
|
|t:|1779722318
|move|p2a: Mamuten|Earthquake|p1a: Ceruledge
|-supereffective|p1a: Ceruledge
|-damage|p1a: Ceruledge|0 fnt
|faint|p1a: Ceruledge
|
|upkeep
|
|t:|1779722322
|switch|p1a: Tornadus|Tornadus-Therian, M|100/100
|turn|4
|
|t:|1779722328
|switch|p2a: Director|Clodsire, M, shiny|100/100
|move|p1a: Tornadus|U-turn|p2a: Director
|-resisted|p2a: Director
|-damage|p2a: Director|95/100
|
|t:|1779722331
|switch|p1a: Iron Treads|Iron Treads|100/100|[from] U-turn
|-item|p1a: Iron Treads|Air Balloon
|
|-heal|p2a: Director|100/100|[from] item: Leftovers
|upkeep
|turn|5
|
|t:|1779722338
|switch|p2a: Bombas|Gholdengo|100/100
|-item|p2a: Bombas|Air Balloon
|move|p1a: Iron Treads|Ice Spinner|p2a: Bombas
|-resisted|p2a: Bombas
|-damage|p2a: Bombas|86/100
|-enditem|p2a: Bombas|Air Balloon
|
|upkeep
|turn|6
|
|t:|1779722361
|move|p1a: Iron Treads|Earthquake|p2a: Bombas
|-supereffective|p2a: Bombas
|-damage|p2a: Bombas|0 fnt
|faint|p2a: Bombas
|
|upkeep
|
|t:|1779722367
|switch|p2a: Te pilla el toro|Tauros-Paldea-Blaze, M, shiny|100/100
|-ability|p2a: Te pilla el toro|Intimidate|boost
|-unboost|p1a: Iron Treads|atk|1
|turn|7
|
|t:|1779722372
|move|p1a: Iron Treads|Rapid Spin|p2a: Te pilla el toro
|-damage|p2a: Te pilla el toro|87/100
|-boost|p1a: Iron Treads|spe|1
|-sideend|p1: cynthiapitlover|Sticky Web|[from] move: Rapid Spin|[of] p1a: Iron Treads
|move|p2a: Te pilla el toro|Flare Blitz|p1a: Iron Treads
|-supereffective|p1a: Iron Treads
|-damage|p1a: Iron Treads|0 fnt
|-enditem|p1a: Iron Treads|Air Balloon
|faint|p1a: Iron Treads
|-end|p1a: Iron Treads|Quark Drive|[silent]
|-damage|p2a: Te pilla el toro|51/100|[from] Recoil
|-damage|p2a: Te pilla el toro|41/100|[from] item: Life Orb
|
|upkeep
|
|t:|1779722382
|switch|p1a: Tornadus|Tornadus-Therian, M|100/100
|turn|8
|
|t:|1779722386
|switch|p2a: Director|Clodsire, M, shiny|100/100
|move|p1a: Tornadus|Bleakwind Storm|p2a: Director
|-damage|p2a: Director|53/100
|
|-heal|p2a: Director|59/100|[from] item: Leftovers
|upkeep
|turn|9
|
|t:|1779722401
|-terastallize|p1a: Tornadus|Flying
|move|p1a: Tornadus|Bleakwind Storm|p2a: Director
|-damage|p2a: Director|0 fnt
|faint|p2a: Director
|
|upkeep
|
|t:|1779722406
|switch|p2a: Mamuten|Mamoswine, F|100/100
|turn|10
|
|t:|1779722415
|switch|p1a: Samurott|Samurott-Hisui, F|100/100
|move|p2a: Mamuten|Earthquake|p1a: Samurott
|-damage|p1a: Samurott|40/100
|
|upkeep
|turn|11
|
|t:|1779722424
|move|p1a: Samurott|Sucker Punch|p2a: Mamuten
|-damage|p2a: Mamuten|58/100
|move|p2a: Mamuten|Earthquake|p1a: Samurott
|-damage|p1a: Samurott|0 fnt
|faint|p1a: Samurott
|
|upkeep
|
|t:|1779722427
|switch|p1a: Iron Valiant|Iron Valiant|100/100
|-enditem|p1a: Iron Valiant|Booster Energy
|-activate|p1a: Iron Valiant|ability: Quark Drive|[fromitem]
|-start|p1a: Iron Valiant|quarkdrivespe
|turn|12
|
|t:|1779722433
|switch|p2a: Te pilla el toro|Tauros-Paldea-Blaze, M, shiny|41/100
|-ability|p2a: Te pilla el toro|Intimidate|boost
|-unboost|p1a: Iron Valiant|atk|1
|move|p1a: Iron Valiant|Close Combat|p2a: Te pilla el toro
|-damage|p2a: Te pilla el toro|0 fnt
|-unboost|p1a: Iron Valiant|def|1
|-unboost|p1a: Iron Valiant|spd|1
|faint|p2a: Te pilla el toro
|
|upkeep
|
|t:|1779722446
|switch|p2a: Mamuten|Mamoswine, F|58/100
|turn|13
|
|t:|1779722455
|-terastallize|p2a: Mamuten|Ghost
|move|p1a: Iron Valiant|Moonblast|p2a: Mamuten
|-damage|p2a: Mamuten|0 fnt
|faint|p2a: Mamuten
|
|upkeep
|
|t:|1779722460
|switch|p2a: Collejas|Hydreigon, M|100/100
|turn|14
|
|t:|1779722463
|move|p1a: Iron Valiant|Moonblast|p2a: Collejas
|-supereffective|p2a: Collejas
|-damage|p2a: Collejas|0 fnt
|faint|p2a: Collejas
|
|win|cynthiapitlover
|raw|cynthiapitlover's rating: 1356 &rarr; <strong>1377</strong><br />(+21 for winning)
|raw|el metrallas's rating: 1372 &rarr; <strong>1351</strong><br />(-21 for losing)
|l|☆el metrallas
|player|p2|
|c|☆cynthiapitlover|gg
|l|☆cynthiapitlover
|player|p1|
