|j|☆PokemonTrainerLYT
|j|☆ohko by scald
|t:|1779696542
|gametype|singles
|player|p1|PokemonTrainerLYT|170|1429
|player|p2|ohko by scald|roxie-masters|1379
|gen|9
|tier|[Gen 9] OU
|rated|
|rule|HP Percentage Mod: HP is shown in percentages
|rule|Endless Battle Clause: Forcing endless battles is banned
|rule|Species Clause: Limit one of each Pokémon
|rule|OHKO Clause: OHKO moves are banned
|rule|Evasion Items Clause: Evasion items are banned
|rule|Evasion Moves Clause: Evasion moves are banned
|rule|Evasion Abilities Clause: Evasion abilities are banned
|rule|Sleep Moves Clause: Sleep-inducing moves are banned
|clearpoke
|poke|p1|Pelipper, F|
|poke|p1|Basculegion, M|
|poke|p1|Kingdra, F|
|poke|p1|Raging Bolt|
|poke|p1|Iron Treads|
|poke|p1|Kingambit, F|
|poke|p2|Cloyster, M|
|poke|p2|Toxtricity, M|
|poke|p2|Dragapult, M|
|poke|p2|Hawlucha, M|
|poke|p2|Rillaboom, M|
|poke|p2|Heatran, F|
|teampreview
|inactive|Battle timer is ON: inactive players will automatically lose when time's up. (requested by ohko by scald)
|
|t:|1779696569
|teamsize|p1|6
|teamsize|p2|6
|start
|switch|p1a: Pelipper|Pelipper, F, shiny|100/100
|switch|p2a: MF BOOM 2|Toxtricity, M|100/100
|-weather|RainDance|[from] ability: Drizzle|[of] p1a: Pelipper
|turn|1
|
|t:|1779696579
|switch|p1a: Iron Treads|Iron Treads, shiny|100/100
|move|p2a: MF BOOM 2|Shift Gear|p2a: MF BOOM 2
|-boost|p2a: MF BOOM 2|spe|2
|-boost|p2a: MF BOOM 2|atk|1
|
|-weather|RainDance|[upkeep]
|upkeep
|turn|2
|
|t:|1779696592
|move|p2a: MF BOOM 2|Boomburst|p1a: Iron Treads
|-resisted|p1a: Iron Treads
|-damage|p1a: Iron Treads|52/100
|-damage|p2a: MF BOOM 2|91/100|[from] item: Life Orb
|move|p1a: Iron Treads|Knock Off|p2a: MF BOOM 2
|-damage|p2a: MF BOOM 2|52/100
|-enditem|p2a: MF BOOM 2|Life Orb|[from] move: Knock Off|[of] p1a: Iron Treads
|
|-weather|RainDance|[upkeep]
|-heal|p1a: Iron Treads|58/100|[from] item: Leftovers
|upkeep
|turn|3
|
|t:|1779696608
|move|p2a: MF BOOM 2|Drain Punch|p1a: Iron Treads
|-supereffective|p1a: Iron Treads
|-damage|p1a: Iron Treads|21/100
|-heal|p2a: MF BOOM 2|77/100|[from] drain|[of] p1a: Iron Treads
|move|p1a: Iron Treads|Ice Spinner|p2a: MF BOOM 2
|-damage|p2a: MF BOOM 2|47/100
|
|-weather|RainDance|[upkeep]
|-heal|p1a: Iron Treads|27/100|[from] item: Leftovers
|upkeep
|turn|4
|
|t:|1779696617
|-end|p1a: Iron Treads|Quark Drive|[silent]
|switch|p1a: Basculegion|Basculegion, M, shiny|100/100
|move|p2a: MF BOOM 2|Shift Gear|p2a: MF BOOM 2
|-boost|p2a: MF BOOM 2|spe|2
|-boost|p2a: MF BOOM 2|atk|1
|
|-weather|RainDance|[upkeep]
|upkeep
|turn|5
|
|t:|1779696621
|move|p1a: Basculegion|Aqua Jet|p2a: MF BOOM 2
|-damage|p2a: MF BOOM 2|0 fnt
|faint|p2a: MF BOOM 2
|
|-weather|RainDance|[upkeep]
|upkeep
|
|t:|1779696635
|switch|p2a: Cloist Critical|Cloyster, M|100/100
|turn|6
|
|t:|1779696642
|switch|p1a: Raging Bolt|Raging Bolt|100/100
|move|p2a: Cloist Critical|Shell Smash|p2a: Cloist Critical
|-unboost|p2a: Cloist Critical|def|1
|-unboost|p2a: Cloist Critical|spd|1
|-boost|p2a: Cloist Critical|atk|2
|-boost|p2a: Cloist Critical|spa|2
|-boost|p2a: Cloist Critical|spe|2
|
|-weather|RainDance|[upkeep]
|upkeep
|turn|7
|
|t:|1779696650
|move|p1a: Raging Bolt|Thunderclap||[still]
|-fail|p1a: Raging Bolt
|move|p2a: Cloist Critical|Spikes|p1a: Raging Bolt
|-sidestart|p1: PokemonTrainerLYT|Spikes
|
|-weather|RainDance|[upkeep]
|upkeep
|turn|8
|
|t:|1779696654
|move|p1a: Raging Bolt|Thunderclap|p2a: Cloist Critical
|-supereffective|p2a: Cloist Critical
|-enditem|p2a: Cloist Critical|Focus Sash
|-damage|p2a: Cloist Critical|1/100
|move|p2a: Cloist Critical|Icicle Spear|p1a: Raging Bolt
|-supereffective|p1a: Raging Bolt
|-damage|p1a: Raging Bolt|60/100
|-supereffective|p1a: Raging Bolt
|-damage|p1a: Raging Bolt|18/100
|-supereffective|p1a: Raging Bolt
|-damage|p1a: Raging Bolt|0 fnt
|faint|p1a: Raging Bolt
|-end|p1a: Raging Bolt|Protosynthesis|[silent]
|-hitcount|p1: Raging Bolt|3
|
|-weather|none
|upkeep
|
|t:|1779696664
|switch|p1a: Basculegion|Basculegion, M, shiny|100/100
|-damage|p1a: Basculegion|88/100|[from] Spikes
|turn|9
|
|t:|1779696672
|switch|p2a: MF BOOM|Rillaboom, M|100/100
|-fieldstart|move: Grassy Terrain|[from] ability: Grassy Surge|[of] p2a: MF BOOM
|move|p1a: Basculegion|Aqua Jet|p2a: MF BOOM
|-resisted|p2a: MF BOOM
|-damage|p2a: MF BOOM|82/100
|
|-heal|p2a: MF BOOM|88/100|[from] Grassy Terrain
|-heal|p1a: Basculegion|94/100|[from] Grassy Terrain
|upkeep
|turn|10
|
|t:|1779696680
|switch|p1a: Pelipper|Pelipper, F, shiny|100/100
|-weather|RainDance|[from] ability: Drizzle|[of] p1a: Pelipper
|move|p2a: MF BOOM|Wood Hammer|p1a: Pelipper
|-damage|p1a: Pelipper|0 fnt
|faint|p1a: Pelipper
|-damage|p2a: MF BOOM|57/100|[from] Recoil
|
|-weather|RainDance|[upkeep]
|-heal|p2a: MF BOOM|63/100|[from] Grassy Terrain
|upkeep
|
|t:|1779696685
|switch|p1a: Kingdra|Kingdra, F, shiny|100/100
|-damage|p1a: Kingdra|88/100|[from] Spikes
|turn|11
|
|t:|1779696699
|switch|p2a: Cloist Critical|Cloyster, M|1/100
|move|p1a: Kingdra|Weather Ball|p2a: Cloist Critical
|-resisted|p2a: Cloist Critical
|-damage|p2a: Cloist Critical|0 fnt
|faint|p2a: Cloist Critical
|-damage|p1a: Kingdra|78/100|[from] item: Life Orb
|
|-weather|RainDance|[upkeep]
|-heal|p1a: Kingdra|84/100|[from] Grassy Terrain
|upkeep
|inactive|ohko by scald has 120 seconds left.
|
|t:|1779696746
|switch|p2a: 700°C iron ball|Heatran, F, shiny|100/100
|turn|12
|
|t:|1779696757
|move|p1a: Kingdra|Weather Ball|p2a: 700°C iron ball
|-supereffective|p2a: 700°C iron ball
|-damage|p2a: 700°C iron ball|0 fnt
|faint|p2a: 700°C iron ball
|-damage|p1a: Kingdra|74/100|[from] item: Life Orb
|
|-weather|RainDance|[upkeep]
|-heal|p1a: Kingdra|81/100|[from] Grassy Terrain
|upkeep
|inactive|ohko by scald has 90 seconds left.
|
|t:|1779696772
|switch|p2a: Dragapult|Dragapult, M|100/100
|turn|13
|
|t:|1779696776
|move|p1a: Kingdra|Draco Meteor|p2a: Dragapult
|-supereffective|p2a: Dragapult
|-damage|p2a: Dragapult|0 fnt
|-unboost|p1a: Kingdra|spa|2
|faint|p2a: Dragapult
|-damage|p1a: Kingdra|71/100|[from] item: Life Orb
|
|-weather|RainDance|[upkeep]
|-heal|p1a: Kingdra|77/100|[from] Grassy Terrain
|-fieldend|move: Grassy Terrain
|upkeep
|
|t:|1779696782
|switch|p2a: John Cena|Hawlucha, M|100/100
|turn|14
|
|t:|1779696786
|switch|p2a: MF BOOM|Rillaboom, M|63/100
|-fieldstart|move: Grassy Terrain|[from] ability: Grassy Surge|[of] p2a: MF BOOM
|move|p1a: Kingdra|Hurricane|p2a: MF BOOM
|-supereffective|p2a: MF BOOM
|-damage|p2a: MF BOOM|8/100
|-start|p2a: MF BOOM|confusion
|-damage|p1a: Kingdra|67/100|[from] item: Life Orb
|
|-weather|RainDance|[upkeep]
|-heal|p1a: Kingdra|73/100|[from] Grassy Terrain
|-heal|p2a: MF BOOM|14/100|[from] Grassy Terrain
|upkeep
|turn|15
|
|t:|1779696795
|move|p1a: Kingdra|Hurricane|p2a: MF BOOM
|-supereffective|p2a: MF BOOM
|-damage|p2a: MF BOOM|0 fnt
|faint|p2a: MF BOOM
|-damage|p1a: Kingdra|63/100|[from] item: Life Orb
|
|-weather|RainDance|[upkeep]
|-heal|p1a: Kingdra|69/100|[from] Grassy Terrain
|upkeep
|
|t:|1779696797
|switch|p2a: John Cena|Hawlucha, M|100/100
|-enditem|p2a: John Cena|Grassy Seed
|-boost|p2a: John Cena|def|1|[from] item: Grassy Seed
|turn|16
|
|t:|1779696803
|switch|p1a: Kingambit|Kingambit, F, shiny|100/100
|-damage|p1a: Kingambit|88/100|[from] Spikes
|-activate|p1a: Kingambit|ability: Supreme Overlord
|-start|p1a: Kingambit|fallen2|[silent]
|-terastallize|p2a: John Cena|Steel
|move|p2a: John Cena|Swords Dance|p2a: John Cena
|-boost|p2a: John Cena|atk|2
|
|-weather|RainDance|[upkeep]
|-heal|p1a: Kingambit|94/100|[from] Grassy Terrain
|-heal|p1a: Kingambit|100/100|[from] item: Leftovers
|upkeep
|turn|17
|
|t:|1779696812
|move|p2a: John Cena|Swords Dance|p2a: John Cena
|-boost|p2a: John Cena|atk|2
|move|p1a: Kingambit|Low Kick|p2a: John Cena
|-supereffective|p2a: John Cena
|-damage|p2a: John Cena|64/100
|
|-weather|none
|-heal|p2a: John Cena|70/100|[from] Grassy Terrain
|upkeep
|turn|18
|
|t:|1779696824
|-terastallize|p1a: Kingambit|Fire
|move|p2a: John Cena|Close Combat|p1a: Kingambit
|-damage|p1a: Kingambit|0 fnt
|-unboost|p2a: John Cena|def|1
|-unboost|p2a: John Cena|spd|1
|faint|p1a: Kingambit
|-end|p1a: Kingambit|fallen2|[silent]
|
|-heal|p2a: John Cena|76/100|[from] Grassy Terrain
|-fieldend|move: Grassy Terrain
|upkeep
|
|t:|1779696835
|switch|p1a: Kingdra|Kingdra, F, shiny|69/100
|-damage|p1a: Kingdra|57/100|[from] Spikes
|turn|19
|
|t:|1779696839
|move|p2a: John Cena|Acrobatics|p1a: Kingdra
|-damage|p1a: Kingdra|0 fnt
|faint|p1a: Kingdra
|
|upkeep
|
|t:|1779696843
|switch|p1a: Iron Treads|Iron Treads, shiny|27/100
|-damage|p1a: Iron Treads|14/100|[from] Spikes
|turn|20
|
|t:|1779696848
|move|p2a: John Cena|Acrobatics|p1a: Iron Treads
|-resisted|p1a: Iron Treads
|-damage|p1a: Iron Treads|0 fnt
|faint|p1a: Iron Treads
|-end|p1a: Iron Treads|Quark Drive|[silent]
|
|upkeep
|
|t:|1779696850
|switch|p1a: Basculegion|Basculegion, M, shiny|94/100
|-damage|p1a: Basculegion|82/100|[from] Spikes
|turn|21
|
|t:|1779696854
|move|p1a: Basculegion|Aqua Jet|p2a: John Cena
|-damage|p2a: John Cena|33/100
|move|p2a: John Cena|Acrobatics|p1a: Basculegion
|-damage|p1a: Basculegion|0 fnt
|faint|p1a: Basculegion
|
|win|ohko by scald
|raw|PokemonTrainerLYT's rating: 1429 &rarr; <strong>1406</strong><br />(-23 for losing)
|raw|ohko by scald's rating: 1379 &rarr; <strong>1402</strong><br />(+23 for winning)
|c|☆ohko by scald|g
|l|☆PokemonTrainerLYT
|player|p1|
|c|☆ohko by scald|gg
|l|☆ohko by scald
|player|p2|
