|j|☆stan146
|j|☆louwilliamzz
|t:|1779661383
|gametype|singles
|player|p1|stan146|fisherman|1393
|player|p2|louwilliamzz|266|1370
|gen|9
|tier|[Gen 9] OU
|rated|
|rule|HP Percentage Mod: HP is shown in percentages
|rule|Endless Battle Clause: Forcing endless battles is banned
|rule|Species Clause: Limit one of each Pokémon
|rule|OHKO Clause: OHKO moves are banned
|rule|Evasion Items Clause: Evasion items are banned
|rule|Evasion Moves Clause: Evasion moves are banned
|rule|Evasion Abilities Clause: Evasion abilities are banned
|rule|Sleep Moves Clause: Sleep-inducing moves are banned
|clearpoke
|poke|p1|Regieleki|
|poke|p1|Kyurem|
|poke|p1|Slowking-Galar, M|
|poke|p1|Ogerpon-Wellspring, F|
|poke|p1|Kingambit, M|
|poke|p1|Ceruledge, M|
|poke|p2|Pelipper, M|
|poke|p2|Barraskewda, M|
|poke|p2|Regieleki|
|poke|p2|Ludicolo, M|
|poke|p2|Iron Treads|
|poke|p2|Hydreigon, M|
|teampreview
|inactive|Battle timer is ON: inactive players will automatically lose when time's up. (requested by stan146)
|
|t:|1779661392
|teamsize|p1|6
|teamsize|p2|6
|start
|switch|p1a: Ogerpon|Ogerpon-Wellspring, F|100/100
|switch|p2a: Regieleki|Regieleki|100/100
|turn|1
|
|t:|1779661405
|move|p2a: Regieleki|Reflect|p2a: Regieleki
|-sidestart|p2: louwilliamzz|Reflect
|move|p1a: Ogerpon|Knock Off|p2a: Regieleki
|-damage|p2a: Regieleki|69/100
|-enditem|p2a: Regieleki|Light Clay|[from] move: Knock Off|[of] p1a: Ogerpon
|
|upkeep
|turn|2
|
|t:|1779661414
|move|p2a: Regieleki|Light Screen|p2a: Regieleki
|-sidestart|p2: louwilliamzz|move: Light Screen
|move|p1a: Ogerpon|Encore|p2a: Regieleki
|-start|p2a: Regieleki|Encore
|
|upkeep
|turn|3
|
|t:|1779661420
|switch|p2a: Pelipper|Pelipper, M|100/100
|-weather|RainDance|[from] ability: Drizzle|[of] p2a: Pelipper
|move|p1a: Ogerpon|Knock Off|p2a: Pelipper
|-damage|p2a: Pelipper|85/100
|-enditem|p2a: Pelipper|Damp Rock|[from] move: Knock Off|[of] p1a: Ogerpon
|
|-weather|RainDance|[upkeep]
|upkeep
|turn|4
|
|t:|1779661430
|switch|p1a: Regieleki|Regieleki|100/100
|move|p2a: Pelipper|Knock Off|p1a: Regieleki
|-damage|p1a: Regieleki|77/100
|-enditem|p1a: Regieleki|Heavy-Duty Boots|[from] move: Knock Off|[of] p2a: Pelipper
|
|-weather|RainDance|[upkeep]
|upkeep
|turn|5
|
|t:|1779661439
|switch|p1a: Ogerpon|Ogerpon-Wellspring, F|100/100
|switch|p2a: Iron Treads|Iron Treads|100/100
|
|-weather|RainDance|[upkeep]
|upkeep
|turn|6
|
|t:|1779661454
|-end|p2a: Iron Treads|Quark Drive|[silent]
|switch|p2a: Regieleki|Regieleki|69/100
|move|p1a: Ogerpon|Knock Off|p2a: Regieleki
|-damage|p2a: Regieleki|47/100
|
|-weather|RainDance|[upkeep]
|-sideend|p2: louwilliamzz|move: Light Screen
|upkeep
|turn|7
|
|t:|1779661462
|move|p2a: Regieleki|Volt Switch|p1a: Ogerpon
|-crit|p1a: Ogerpon
|-damage|p1a: Ogerpon|46/100
|
|t:|1779661466
|switch|p2a: Pelipper|Pelipper, M|85/100|[from] Volt Switch
|move|p1a: Ogerpon|Ivy Cudgel|p2a: Pelipper|[anim] Ivy Cudgel Water
|-resisted|p2a: Pelipper
|-damage|p2a: Pelipper|67/100
|
|-weather|RainDance|[upkeep]
|upkeep
|turn|8
|
|t:|1779661476
|move|p1a: Ogerpon|Horn Leech|p2a: Pelipper
|-damage|p2a: Pelipper|50/100
|-heal|p1a: Ogerpon|54/100|[from] drain|[of] p2a: Pelipper
|move|p2a: Pelipper|U-turn|p1a: Ogerpon
|-supereffective|p1a: Ogerpon
|-crit|p1a: Ogerpon
|-damage|p1a: Ogerpon|14/100
|
|t:|1779661483
|switch|p2a: Ludicolo|Ludicolo, M, shiny|100/100|[from] U-turn
|
|-weather|RainDance|[upkeep]
|-sideend|p2: louwilliamzz|Reflect
|upkeep
|turn|9
|
|t:|1779661489
|move|p2a: Ludicolo|Giga Drain|p1a: Ogerpon
|-damage|p1a: Ogerpon|0 fnt
|faint|p1a: Ogerpon
|-damage|p2a: Ludicolo|91/100|[from] item: Life Orb
|
|-weather|RainDance|[upkeep]
|upkeep
|
|t:|1779661492
|switch|p1a: Kyurem|Kyurem|100/100
|-ability|p1a: Kyurem|Pressure
|turn|10
|
|t:|1779661499
|switch|p2a: Iron Treads|Iron Treads|100/100
|move|p1a: Kyurem|Freeze-Dry|p2a: Iron Treads
|-damage|p2a: Iron Treads|70/100
|
|-weather|none
|-heal|p2a: Iron Treads|76/100|[from] item: Leftovers
|upkeep
|turn|11
|
|t:|1779661510
|switch|p1a: Ceruledge|Ceruledge, M|100/100
|move|p2a: Iron Treads|Stealth Rock|p1a: Ceruledge
|-sidestart|p1: stan146|move: Stealth Rock
|
|-heal|p2a: Iron Treads|82/100|[from] item: Leftovers
|upkeep
|turn|12
|
|t:|1779661516
|-end|p2a: Iron Treads|Quark Drive|[silent]
|switch|p2a: Pelipper|Pelipper, M|50/100
|-weather|RainDance|[from] ability: Drizzle|[of] p2a: Pelipper
|move|p1a: Ceruledge|Swords Dance|p1a: Ceruledge
|-boost|p1a: Ceruledge|atk|2
|
|-weather|RainDance|[upkeep]
|upkeep
|turn|13
|
|t:|1779661525
|move|p1a: Ceruledge|Poltergeist||[still]
|-fail|p1a: Ceruledge
|move|p2a: Pelipper|Hurricane|p1a: Ceruledge
|-damage|p1a: Ceruledge|58/100
|
|-weather|RainDance|[upkeep]
|upkeep
|turn|14
|
|t:|1779661531
|move|p1a: Ceruledge|Shadow Sneak|p2a: Pelipper
|-damage|p2a: Pelipper|17/100
|move|p2a: Pelipper|Hurricane|p1a: Ceruledge
|-damage|p1a: Ceruledge|13/100
|
|-weather|RainDance|[upkeep]
|upkeep
|turn|15
|
|t:|1779661536
|move|p1a: Ceruledge|Shadow Sneak|p2a: Pelipper
|-damage|p2a: Pelipper|0 fnt
|faint|p2a: Pelipper
|
|-weather|RainDance|[upkeep]
|upkeep
|
|t:|1779661539
|switch|p2a: Barraskewda|Barraskewda, M, shiny|100/100
|turn|16
|
|t:|1779661542
|move|p2a: Barraskewda|Aqua Jet|p1a: Ceruledge
|-supereffective|p1a: Ceruledge
|-damage|p1a: Ceruledge|0 fnt
|faint|p1a: Ceruledge
|
|-weather|none
|upkeep
|
|t:|1779661547
|switch|p1a: Kyurem|Kyurem|100/100
|-damage|p1a: Kyurem|76/100|[from] Stealth Rock
|-ability|p1a: Kyurem|Pressure
|turn|17
|
|t:|1779661555
|switch|p2a: Iron Treads|Iron Treads|82/100
|move|p1a: Kyurem|Earth Power|p2a: Iron Treads
|-supereffective|p2a: Iron Treads
|-damage|p2a: Iron Treads|27/100
|
|-heal|p2a: Iron Treads|33/100|[from] item: Leftovers
|upkeep
|turn|18
|
|t:|1779661562
|switch|p1a: Slowking|Slowking-Galar, M|100/100
|move|p2a: Iron Treads|Earthquake|p1a: Slowking
|-supereffective|p1a: Slowking
|-damage|p1a: Slowking|22/100
|
|-heal|p2a: Iron Treads|40/100|[from] item: Leftovers
|upkeep
|turn|19
|
|t:|1779661569
|move|p2a: Iron Treads|Earthquake|p1a: Slowking
|-supereffective|p1a: Slowking
|-damage|p1a: Slowking|0 fnt
|faint|p1a: Slowking
|
|-heal|p2a: Iron Treads|46/100|[from] item: Leftovers
|upkeep
|
|t:|1779661572
|switch|p1a: Kyurem|Kyurem|76/100
|-damage|p1a: Kyurem|51/100|[from] Stealth Rock
|-ability|p1a: Kyurem|Pressure
|turn|20
|
|t:|1779661599
|-end|p2a: Iron Treads|Quark Drive|[silent]
|switch|p2a: Ludicolo|Ludicolo, M, shiny|91/100
|move|p1a: Kyurem|Freeze-Dry|p2a: Ludicolo
|-supereffective|p2a: Ludicolo
|-damage|p2a: Ludicolo|0 fnt
|faint|p2a: Ludicolo
|
|upkeep
|
|t:|1779661606
|switch|p2a: Regieleki|Regieleki|47/100
|turn|21
|
|t:|1779661610
|move|p2a: Regieleki|Light Screen|p2a: Regieleki
|-sidestart|p2: louwilliamzz|move: Light Screen
|move|p1a: Kyurem|Freeze-Dry|p2a: Regieleki
|-damage|p2a: Regieleki|17/100
|-status|p2a: Regieleki|frz
|
|upkeep
|turn|22
|
|t:|1779661620
|switch|p1a: Kingambit|Kingambit, M|100/100
|-damage|p1a: Kingambit|94/100|[from] Stealth Rock
|-activate|p1a: Kingambit|ability: Supreme Overlord
|-start|p1a: Kingambit|fallen3|[silent]
|cant|p2a: Regieleki|frz
|
|-heal|p1a: Kingambit|100/100|[from] item: Leftovers
|upkeep
|turn|23
|
|t:|1779661649
|switch|p2a: Hydreigon|Hydreigon, M|100/100
|move|p1a: Kingambit|Swords Dance|p1a: Kingambit
|-boost|p1a: Kingambit|atk|2
|
|upkeep
|turn|24
|
|t:|1779661656
|move|p2a: Hydreigon|Earth Power|p1a: Kingambit
|-supereffective|p1a: Kingambit
|-damage|p1a: Kingambit|0 fnt
|faint|p1a: Kingambit
|-end|p1a: Kingambit|fallen3|[silent]
|
|upkeep
|
|t:|1779661667
|switch|p1a: Kyurem|Kyurem|51/100
|-damage|p1a: Kyurem|26/100|[from] Stealth Rock
|-ability|p1a: Kyurem|Pressure
|turn|25
|
|t:|1779661689
|switch|p2a: Regieleki|Regieleki|17/100 frz
|move|p1a: Kyurem|Blizzard|p2a: Regieleki
|-damage|p2a: Regieleki|0 fnt
|faint|p2a: Regieleki
|
|-sideend|p2: louwilliamzz|move: Light Screen
|upkeep
|
|t:|1779661696
|switch|p2a: Iron Treads|Iron Treads|46/100
|turn|26
|
|t:|1779661699
|move|p1a: Kyurem|Blizzard|p2a: Iron Treads
|-damage|p2a: Iron Treads|0 fnt
|faint|p2a: Iron Treads
|-end|p2a: Iron Treads|Quark Drive|[silent]
|
|upkeep
|
|t:|1779661703
|switch|p2a: Hydreigon|Hydreigon, M|100/100
|turn|27
|
|t:|1779661708
|-terastallize|p2a: Hydreigon|Steel
|move|p1a: Kyurem|Blizzard|p2a: Hydreigon
|-resisted|p2a: Hydreigon
|-damage|p2a: Hydreigon|64/100
|move|p2a: Hydreigon|Earth Power|p1a: Kyurem
|-damage|p1a: Kyurem|0 fnt
|faint|p1a: Kyurem
|
|upkeep
|
|t:|1779661717
|switch|p1a: Regieleki|Regieleki|77/100
|-damage|p1a: Regieleki|65/100|[from] Stealth Rock
|turn|28
|
|t:|1779661738
|-terastallize|p1a: Regieleki|Normal
|move|p1a: Regieleki|Volt Switch|p2a: Hydreigon
|-damage|p2a: Hydreigon|15/100
|move|p2a: Hydreigon|Earth Power|p1a: Regieleki
|-damage|p1a: Regieleki|0 fnt
|faint|p1a: Regieleki
|
|win|louwilliamzz
|raw|stan146's rating: 1393 &rarr; <strong>1372</strong><br />(-21 for losing)
|raw|louwilliamzz's rating: 1370 &rarr; <strong>1391</strong><br />(+21 for winning)
|l|☆stan146
|player|p1|
|l|☆louwilliamzz
|player|p2|
