|j|☆Eiyuro
|j|☆dw junkie
|t:|1779627370
|gametype|singles
|player|p1|Eiyuro|lance|1311
|player|p2|dw junkie|169|1286
|gen|9
|tier|[Gen 9] OU
|rated|
|rule|HP Percentage Mod: HP is shown in percentages
|rule|Endless Battle Clause: Forcing endless battles is banned
|rule|Species Clause: Limit one of each Pokémon
|rule|OHKO Clause: OHKO moves are banned
|rule|Evasion Items Clause: Evasion items are banned
|rule|Evasion Moves Clause: Evasion moves are banned
|rule|Evasion Abilities Clause: Evasion abilities are banned
|rule|Sleep Moves Clause: Sleep-inducing moves are banned
|clearpoke
|poke|p1|Great Tusk|
|poke|p1|Ogerpon-Wellspring, F|
|poke|p1|Ceruledge, M|
|poke|p1|Dragapult, F|
|poke|p1|Zamazenta-*|
|poke|p1|Darkrai|
|poke|p2|Meowscarada, F|
|poke|p2|Samurott-Hisui, M|
|poke|p2|Blaziken, M|
|poke|p2|Rillaboom, F|
|poke|p2|Infernape, M|
|poke|p2|Blastoise, M|
|teampreview
|inactive|Battle timer is ON: inactive players will automatically lose when time's up. (requested by Eiyuro)
|
|t:|1779627381
|teamsize|p1|6
|teamsize|p2|6
|start
|switch|p1a: Darkrai|Darkrai, shiny|100/100
|switch|p2a: Meowscarada|Meowscarada, F|100/100
|turn|1
|
|t:|1779627398
|-terastallize|p1a: Darkrai|Poison
|move|p1a: Darkrai|Sludge Bomb|p2a: Meowscarada
|-supereffective|p2a: Meowscarada
|-damage|p2a: Meowscarada|0 fnt
|faint|p2a: Meowscarada
|
|upkeep
|
|t:|1779627413
|switch|p2a: Samurott|Samurott-Hisui, M|100/100
|turn|2
|
|t:|1779627418
|move|p1a: Darkrai|Sludge Bomb|p2a: Samurott
|-damage|p2a: Samurott|51/100
|-status|p2a: Samurott|psn
|move|p2a: Samurott|Ceaseless Edge|p1a: Darkrai
|-damage|p1a: Darkrai|40/100
|-sidestart|p1: Eiyuro|Spikes
|
|-damage|p2a: Samurott|38/100 psn|[from] psn
|upkeep
|turn|3
|
|t:|1779627431
|switch|p1a: Great Tusk|Great Tusk, shiny|100/100
|-damage|p1a: Great Tusk|88/100|[from] Spikes
|-enditem|p1a: Great Tusk|Booster Energy
|-activate|p1a: Great Tusk|ability: Protosynthesis|[fromitem]
|-start|p1a: Great Tusk|protosynthesisatk
|move|p2a: Samurott|Aqua Jet|p1a: Great Tusk
|-supereffective|p1a: Great Tusk
|-damage|p1a: Great Tusk|63/100
|
|-damage|p2a: Samurott|26/100 psn|[from] psn
|upkeep
|turn|4
|
|t:|1779627443
|move|p2a: Samurott|Razor Shell|p1a: Great Tusk
|-supereffective|p1a: Great Tusk
|-damage|p1a: Great Tusk|2/100
|-unboost|p1a: Great Tusk|def|1
|move|p1a: Great Tusk|Rapid Spin|p2a: Samurott
|-damage|p2a: Samurott|0 fnt
|-boost|p1a: Great Tusk|spe|1
|-sideend|p1: Eiyuro|Spikes|[from] move: Rapid Spin|[of] p1a: Great Tusk
|faint|p2a: Samurott
|
|upkeep
|
|t:|1779627455
|switch|p2a: Infernape|Infernape, M|100/100
|turn|5
|
|t:|1779627461
|move|p2a: Infernape|Mach Punch|p1a: Great Tusk
|-damage|p1a: Great Tusk|0 fnt
|faint|p1a: Great Tusk
|-end|p1a: Great Tusk|Protosynthesis|[silent]
|-damage|p2a: Infernape|91/100|[from] item: Life Orb
|
|upkeep
|
|t:|1779627468
|switch|p1a: Ceruledge|Ceruledge, M, shiny|100/100
|turn|6
|
|t:|1779627473
|move|p2a: Infernape|Stone Edge|p1a: Ceruledge
|-supereffective|p1a: Ceruledge
|-enditem|p1a: Ceruledge|Focus Sash
|-damage|p1a: Ceruledge|1/100
|-ability|p1a: Ceruledge|Weak Armor|boost
|-unboost|p1a: Ceruledge|def|1
|-boost|p1a: Ceruledge|spe|2
|-damage|p2a: Infernape|81/100|[from] item: Life Orb
|move|p1a: Ceruledge|Swords Dance|p1a: Ceruledge
|-boost|p1a: Ceruledge|atk|2
|
|upkeep
|turn|7
|
|t:|1779627487
|move|p1a: Ceruledge|Poltergeist|p2a: Infernape
|-activate|p2a: Infernape|move: Poltergeist|Life Orb
|-damage|p2a: Infernape|0 fnt
|faint|p2a: Infernape
|
|upkeep
|
|t:|1779627493
|switch|p2a: Rillaboom|Rillaboom, F|100/100
|-fieldstart|move: Grassy Terrain|[from] ability: Grassy Surge|[of] p2a: Rillaboom
|turn|8
|
|t:|1779627497
|move|p1a: Ceruledge|Shadow Sneak|p2a: Rillaboom
|-damage|p2a: Rillaboom|57/100
|move|p2a: Rillaboom|Grassy Glide|p1a: Ceruledge
|-resisted|p1a: Ceruledge
|-crit|p1a: Ceruledge
|-damage|p1a: Ceruledge|0 fnt
|faint|p1a: Ceruledge
|
|-heal|p2a: Rillaboom|63/100|[from] Grassy Terrain
|-heal|p2a: Rillaboom|69/100|[from] item: Leftovers
|upkeep
|
|t:|1779627515
|switch|p1a: Dragapult|Dragapult, F, shiny|100/100
|turn|9
|
|t:|1779627523
|switch|p2a: Blastoise|Blastoise, M|100/100
|move|p1a: Dragapult|Flamethrower|p2a: Blastoise
|-resisted|p2a: Blastoise
|-damage|p2a: Blastoise|89/100
|-damage|p1a: Dragapult|91/100|[from] item: Life Orb
|
|-heal|p1a: Dragapult|97/100|[from] Grassy Terrain
|-heal|p2a: Blastoise|96/100|[from] Grassy Terrain
|-heal|p2a: Blastoise|100/100|[from] item: Leftovers
|upkeep
|turn|10
|
|t:|1779627539
|move|p1a: Dragapult|Dragon Pulse|p2a: Blastoise
|-damage|p2a: Blastoise|67/100
|-damage|p1a: Dragapult|87/100|[from] item: Life Orb
|move|p2a: Blastoise|Chilling Water|p1a: Dragapult
|-resisted|p1a: Dragapult
|-damage|p1a: Dragapult|77/100
|-unboost|p1a: Dragapult|atk|1
|
|-heal|p1a: Dragapult|83/100|[from] Grassy Terrain
|-heal|p2a: Blastoise|73/100|[from] Grassy Terrain
|-heal|p2a: Blastoise|79/100|[from] item: Leftovers
|upkeep
|turn|11
|
|t:|1779627561
|move|p2a: Blastoise|Protect|p2a: Blastoise
|-singleturn|p2a: Blastoise|Protect
|move|p1a: Dragapult|Shadow Ball|p2a: Blastoise
|-activate|p2a: Blastoise|move: Protect
|
|-heal|p1a: Dragapult|89/100|[from] Grassy Terrain
|-heal|p2a: Blastoise|85/100|[from] Grassy Terrain
|-heal|p2a: Blastoise|91/100|[from] item: Leftovers
|upkeep
|turn|12
|
|t:|1779627575
|switch|p1a: Ogerpon|Ogerpon-Wellspring, F|100/100
|move|p2a: Blastoise|Flip Turn|p1a: Ogerpon
|-immune|p1a: Ogerpon|[from] ability: Water Absorb
|
|-heal|p2a: Blastoise|97/100|[from] Grassy Terrain
|-heal|p2a: Blastoise|100/100|[from] item: Leftovers
|-fieldend|move: Grassy Terrain
|upkeep
|turn|13
|
|t:|1779627587
|switch|p2a: Rillaboom|Rillaboom, F|69/100
|-fieldstart|move: Grassy Terrain|[from] ability: Grassy Surge|[of] p2a: Rillaboom
|move|p1a: Ogerpon|Swords Dance|p1a: Ogerpon
|-boost|p1a: Ogerpon|atk|2
|
|-heal|p2a: Rillaboom|75/100|[from] Grassy Terrain
|-heal|p2a: Rillaboom|81/100|[from] item: Leftovers
|upkeep
|turn|14
|
|t:|1779627598
|move|p1a: Ogerpon|Knock Off|p2a: Rillaboom
|-damage|p2a: Rillaboom|12/100
|-enditem|p2a: Rillaboom|Leftovers|[from] move: Knock Off|[of] p1a: Ogerpon
|move|p2a: Rillaboom|U-turn|p1a: Ogerpon
|-supereffective|p1a: Ogerpon
|-damage|p1a: Ogerpon|30/100
|
|t:|1779627605
|switch|p2a: Blaziken|Blaziken, M|100/100|[from] U-turn
|-enditem|p2a: Blaziken|Grassy Seed
|-boost|p2a: Blaziken|def|1|[from] item: Grassy Seed
|
|-heal|p1a: Ogerpon|36/100|[from] Grassy Terrain
|upkeep
|turn|15
|inactive|dw junkie has 120 seconds left.
|
|t:|1779627635
|move|p1a: Ogerpon|Ivy Cudgel|p2a: Blaziken|[anim] Ivy Cudgel Water
|-supereffective|p2a: Blaziken
|-damage|p2a: Blaziken|0 fnt
|faint|p2a: Blaziken
|
|-heal|p1a: Ogerpon|42/100|[from] Grassy Terrain
|upkeep
|-message|dw junkie forfeited.
|
|win|Eiyuro
|raw|Eiyuro's rating: 1311 &rarr; <strong>1330</strong><br />(+19 for winning)
|raw|dw junkie's rating: 1286 &rarr; <strong>1263</strong><br />(-23 for losing)
|l|☆dw junkie
|player|p2|
|l|☆Eiyuro
|player|p1|
