|j|☆FeeshyArtist
|j|☆tu125
|t:|1779579225
|gametype|singles
|player|p1|FeeshyArtist|aromalady|1274
|player|p2|tu125|2|1339
|gen|9
|tier|[Gen 9] OU
|rated|
|rule|HP Percentage Mod: HP is shown in percentages
|rule|Endless Battle Clause: Forcing endless battles is banned
|rule|Species Clause: Limit one of each Pokémon
|rule|OHKO Clause: OHKO moves are banned
|rule|Evasion Items Clause: Evasion items are banned
|rule|Evasion Moves Clause: Evasion moves are banned
|rule|Evasion Abilities Clause: Evasion abilities are banned
|rule|Sleep Moves Clause: Sleep-inducing moves are banned
|clearpoke
|poke|p1|Polteageist|
|poke|p1|Slowbro-Galar, M|
|poke|p1|Iron Moth|
|poke|p1|Garchomp, M|
|poke|p1|Staraptor, M|
|poke|p1|Cottonee, F|
|poke|p2|Regieleki|
|poke|p2|Ogerpon-Wellspring, F|
|poke|p2|Kyurem|
|poke|p2|Landorus-Therian, M|
|poke|p2|Iron Moth|
|poke|p2|Iron Valiant|
|teampreview
|inactive|Battle timer is ON: inactive players will automatically lose when time's up. (requested by FeeshyArtist)
|
|t:|1779579228
|teamsize|p1|6
|teamsize|p2|6
|start
|switch|p1a: Cottonee|Cottonee, F|100/100
|switch|p2a: Regieleki|Regieleki|100/100
|turn|1
|
|t:|1779579232
|move|p1a: Cottonee|Substitute|p1a: Cottonee
|-start|p1a: Cottonee|Substitute
|-damage|p1a: Cottonee|76/100
|move|p2a: Regieleki|Thunder Wave||[still]
|-fail|p2a: Regieleki
|
|upkeep
|turn|2
|
|t:|1779579236
|move|p1a: Cottonee|Leech Seed|p2a: Regieleki
|-start|p2a: Regieleki|move: Leech Seed
|move|p2a: Regieleki|Thunder Cage|p1a: Cottonee|[miss]
|-miss|p2a: Regieleki|p1a: Cottonee
|
|-damage|p2a: Regieleki|88/100|[from] Leech Seed|[of] p1a: Cottonee
|-heal|p1a: Cottonee|96/100|[silent]
|upkeep
|turn|3
|inactive|FeeshyArtist has 120 seconds left.
|
|t:|1779579269
|switch|p1a: Garchomp|Garchomp, M|100/100
|move|p2a: Regieleki|Thunder Cage|p1a: Garchomp
|-immune|p1a: Garchomp
|
|-damage|p2a: Regieleki|76/100|[from] Leech Seed|[of] p1a: Garchomp
|upkeep
|turn|4
|
|t:|1779579274
|move|p2a: Regieleki|Reflect|p2a: Regieleki
|-sidestart|p2: tu125|Reflect
|move|p1a: Garchomp|Swords Dance|p1a: Garchomp
|-boost|p1a: Garchomp|atk|2
|
|-damage|p2a: Regieleki|63/100|[from] Leech Seed|[of] p1a: Garchomp
|upkeep
|turn|5
|
|t:|1779579280
|switch|p2a: Landorus|Landorus-Therian, M|100/100
|-ability|p2a: Landorus|Intimidate|boost
|-unboost|p1a: Garchomp|atk|1
|move|p1a: Garchomp|Swords Dance|p1a: Garchomp
|-boost|p1a: Garchomp|atk|2
|
|upkeep
|turn|6
|
|t:|1779579288
|move|p1a: Garchomp|Scale Shot|p2a: Landorus
|-damage|p2a: Landorus|86/100
|-damage|p2a: Landorus|70/100
|-damage|p2a: Landorus|54/100
|-damage|p2a: Landorus|37/100
|-hitcount|p2a: Landorus|4
|-unboost|p1a: Garchomp|def|1
|-boost|p1a: Garchomp|spe|1
|move|p2a: Landorus|Earthquake|p1a: Garchomp
|-damage|p1a: Garchomp|13/100
|
|upkeep
|turn|7
|
|t:|1779579304
|switch|p2a: Iron Valiant|Iron Valiant|100/100
|-enditem|p2a: Iron Valiant|Booster Energy
|-activate|p2a: Iron Valiant|ability: Quark Drive|[fromitem]
|-start|p2a: Iron Valiant|quarkdrivespe
|move|p1a: Garchomp|Scale Shot|p2a: Iron Valiant
|-immune|p2a: Iron Valiant
|
|upkeep
|turn|8
|
|t:|1779579313
|move|p2a: Iron Valiant|Moonblast|p1a: Garchomp
|-supereffective|p1a: Garchomp
|-damage|p1a: Garchomp|0 fnt
|faint|p1a: Garchomp
|
|upkeep
|
|t:|1779579316
|switch|p1a: Iron Moth|Iron Moth|100/100
|turn|9
|
|t:|1779579319
|move|p2a: Iron Valiant|Thunderbolt|p1a: Iron Moth
|-damage|p1a: Iron Moth|73/100
|move|p1a: Iron Moth|Air Slash|p2a: Iron Valiant
|-supereffective|p2a: Iron Valiant
|-damage|p2a: Iron Valiant|3/100
|
|upkeep
|turn|10
|
|t:|1779579325
|move|p2a: Iron Valiant|Thunderbolt|p1a: Iron Moth
|-crit|p1a: Iron Moth
|-damage|p1a: Iron Moth|28/100
|move|p1a: Iron Moth|Air Slash|p2a: Iron Valiant
|-supereffective|p2a: Iron Valiant
|-damage|p2a: Iron Valiant|0 fnt
|faint|p2a: Iron Valiant
|-end|p2a: Iron Valiant|Quark Drive|[silent]
|
|upkeep
|
|t:|1779579332
|switch|p2a: Regieleki|Regieleki|63/100
|turn|11
|
|t:|1779579339
|move|p2a: Regieleki|Thunder Cage|p1a: Iron Moth
|-damage|p1a: Iron Moth|0 fnt
|faint|p1a: Iron Moth
|-end|p1a: Iron Moth|Quark Drive|[silent]
|
|-sideend|p2: tu125|Reflect
|upkeep
|
|t:|1779579342
|switch|p1a: Slowbro|Slowbro-Galar, M|100/100
|turn|12
|
|t:|1779579347
|move|p2a: Regieleki|Thunder Wave|p1a: Slowbro
|-status|p1a: Slowbro|par
|move|p1a: Slowbro|Nasty Plot|p1a: Slowbro
|-boost|p1a: Slowbro|spa|2
|
|upkeep
|turn|13
|-activate|p1a: Slowbro|item: Quick Claw
|
|t:|1779579354
|move|p1a: Slowbro|Psychic|p2a: Regieleki
|-damage|p2a: Regieleki|0 fnt
|faint|p2a: Regieleki
|
|upkeep
|
|t:|1779579361
|switch|p2a: Landorus|Landorus-Therian, M|37/100
|-ability|p2a: Landorus|Intimidate|boost
|-unboost|p1a: Slowbro|atk|1
|turn|14
|
|t:|1779579367
|move|p2a: Landorus|Earthquake|p1a: Slowbro
|-supereffective|p1a: Slowbro
|-damage|p1a: Slowbro|0 fnt
|faint|p1a: Slowbro
|
|upkeep
|
|t:|1779579375
|switch|p1a: Staraptor|Staraptor, M|100/100
|turn|15
|
|t:|1779579389
|move|p1a: Staraptor|Double-Edge|p2a: Landorus
|-damage|p2a: Landorus|0 fnt
|faint|p2a: Landorus
|-damage|p1a: Staraptor|86/100|[from] Recoil
|
|upkeep
|
|t:|1779579395
|switch|p2a: Iron Moth|Iron Moth|100/100
|-enditem|p2a: Iron Moth|Booster Energy
|-activate|p2a: Iron Moth|ability: Quark Drive|[fromitem]
|-start|p2a: Iron Moth|quarkdrivespe
|turn|16
|
|t:|1779579401
|move|p2a: Iron Moth|Fiery Dance|p1a: Staraptor
|-damage|p1a: Staraptor|13/100
|-boost|p2a: Iron Moth|spa|1
|move|p1a: Staraptor|Double-Edge|p2a: Iron Moth
|-damage|p2a: Iron Moth|0 fnt
|faint|p2a: Iron Moth
|-end|p2a: Iron Moth|Quark Drive|[silent]
|-damage|p1a: Staraptor|0 fnt|[from] Recoil
|faint|p1a: Staraptor
|
|upkeep
|
|t:|1779579410
|switch|p2a: Kyurem|Kyurem|100/100
|switch|p1a: Cottonee|Cottonee, F|96/100
|-ability|p2a: Kyurem|Pressure
|turn|17
|
|t:|1779579416
|move|p1a: Cottonee|Leech Seed|p2a: Kyurem
|-start|p2a: Kyurem|move: Leech Seed
|move|p2a: Kyurem|Icicle Spear|p1a: Cottonee
|-supereffective|p1a: Cottonee
|-damage|p1a: Cottonee|26/100
|-supereffective|p1a: Cottonee
|-damage|p1a: Cottonee|0 fnt
|faint|p1a: Cottonee
|-hitcount|p1: Cottonee|2
|
|upkeep
|
|t:|1779579419
|switch|p1a: Polteageist|Polteageist|100/100
|turn|18
|
|t:|1779579425
|move|p1a: Polteageist|Shell Smash|p1a: Polteageist
|-unboost|p1a: Polteageist|def|1
|-unboost|p1a: Polteageist|spd|1
|-boost|p1a: Polteageist|atk|2
|-boost|p1a: Polteageist|spa|2
|-boost|p1a: Polteageist|spe|2
|-enditem|p1a: Polteageist|White Herb
|-clearnegativeboost|p1a: Polteageist|[silent]
|move|p2a: Kyurem|Scale Shot|p1a: Polteageist
|-damage|p1a: Polteageist|76/100
|-ability|p1a: Polteageist|Weak Armor|boost
|-unboost|p1a: Polteageist|def|1
|-boost|p1a: Polteageist|spe|2
|-damage|p1a: Polteageist|32/100
|-ability|p1a: Polteageist|Weak Armor|boost
|-unboost|p1a: Polteageist|def|1
|-boost|p1a: Polteageist|spe|2
|-damage|p1a: Polteageist|0 fnt
|faint|p1a: Polteageist
|-hitcount|p1: Polteageist|3
|
|win|tu125
|raw|FeeshyArtist's rating: 1274 &rarr; <strong>1254</strong><br />(-20 for losing)
|raw|tu125's rating: 1339 &rarr; <strong>1355</strong><br />(+16 for winning)
|l|☆FeeshyArtist
|player|p1|
|l|☆tu125
|player|p2|
