|j|☆8daniel8
|j|☆tommytt22
|t:|1779689666
|gametype|singles
|player|p1|8daniel8|101|1524
|player|p2|tommytt22|shadowtriad|1599
|gen|9
|tier|[Gen 9] OU
|rated|
|rule|HP Percentage Mod: HP is shown in percentages
|rule|Endless Battle Clause: Forcing endless battles is banned
|rule|Species Clause: Limit one of each Pokémon
|rule|OHKO Clause: OHKO moves are banned
|rule|Evasion Items Clause: Evasion items are banned
|rule|Evasion Moves Clause: Evasion moves are banned
|rule|Evasion Abilities Clause: Evasion abilities are banned
|rule|Sleep Moves Clause: Sleep-inducing moves are banned
|clearpoke
|poke|p1|Arcanine-Hisui, M|
|poke|p1|Hydreigon, M|
|poke|p1|Ogerpon-Wellspring, F|
|poke|p1|Corviknight, F|
|poke|p1|Clodsire, M|
|poke|p1|Clefable, F|
|poke|p2|Pelipper, F|
|poke|p2|Poliwrath, M|
|poke|p2|Ogerpon-Wellspring, F|
|poke|p2|Iron Treads|
|poke|p2|Bronzong|
|poke|p2|Zamazenta-*|
|teampreview
|inactive|Battle timer is ON: inactive players will automatically lose when time's up. (requested by 8daniel8)
|
|t:|1779689682
|teamsize|p1|6
|teamsize|p2|6
|start
|switch|p1a: Hydreigon|Hydreigon, M|100/100
|switch|p2a: Bronzong|Bronzong|100/100
|turn|1
|
|t:|1779689690
|move|p2a: Bronzong|Protect|p2a: Bronzong
|-singleturn|p2a: Bronzong|Protect
|move|p1a: Hydreigon|Draco Meteor|p2a: Bronzong
|-activate|p2a: Bronzong|move: Protect
|
|upkeep
|turn|2
|
|t:|1779689699
|switch|p1a: Arcanine|Arcanine-Hisui, M|100/100
|move|p2a: Bronzong|Stealth Rock|p1a: Arcanine
|-sidestart|p1: 8daniel8|move: Stealth Rock
|
|upkeep
|turn|3
|
|t:|1779689705
|switch|p2a: Pelipper|Pelipper, F|100/100
|-weather|RainDance|[from] ability: Drizzle|[of] p2a: Pelipper
|move|p1a: Arcanine|Head Smash|p2a: Pelipper
|-supereffective|p2a: Pelipper
|-damage|p2a: Pelipper|0 fnt
|faint|p2a: Pelipper
|
|-weather|RainDance|[upkeep]
|upkeep
|
|t:|1779689720
|switch|p2a: Poliwrath|Poliwrath, M|100/100
|turn|4
|
|t:|1779689724
|switch|p1a: Clodsire|Clodsire, M|100/100
|-damage|p1a: Clodsire|94/100|[from] Stealth Rock
|move|p2a: Poliwrath|Bulk Up|p2a: Poliwrath
|-boost|p2a: Poliwrath|atk|1
|-boost|p2a: Poliwrath|def|1
|
|-weather|RainDance|[upkeep]
|-heal|p1a: Clodsire|100/100|[from] item: Leftovers
|upkeep
|turn|5
|
|t:|1779689736
|-terastallize|p2a: Poliwrath|Poison
|move|p2a: Poliwrath|Bulk Up|p2a: Poliwrath
|-boost|p2a: Poliwrath|atk|1
|-boost|p2a: Poliwrath|def|1
|move|p1a: Clodsire|Poison Jab|p2a: Poliwrath
|-resisted|p2a: Poliwrath
|-damage|p2a: Poliwrath|95/100
|
|-weather|RainDance|[upkeep]
|upkeep
|turn|6
|
|t:|1779689746
|move|p2a: Poliwrath|Ice Punch|p1a: Clodsire
|-supereffective|p1a: Clodsire
|-damage|p1a: Clodsire|0 fnt
|faint|p1a: Clodsire
|-damage|p2a: Poliwrath|85/100|[from] item: Life Orb
|
|-weather|RainDance|[upkeep]
|upkeep
|
|t:|1779689756
|switch|p1a: Corviknight|Corviknight, F|100/100
|-damage|p1a: Corviknight|88/100|[from] Stealth Rock
|turn|7
|
|t:|1779689760
|move|p2a: Poliwrath|Liquidation|p1a: Corviknight
|-damage|p1a: Corviknight|7/100
|-damage|p2a: Poliwrath|68/100|[from] item: Rocky Helmet|[of] p1a: Corviknight
|-damage|p2a: Poliwrath|58/100|[from] item: Life Orb
|move|p1a: Corviknight|Defog|p2a: Poliwrath
|-unboost|p2a: Poliwrath|evasion|1
|-sideend|p1: 8daniel8|Stealth Rock|[from] move: Defog|[of] p1a: Corviknight
|
|-weather|RainDance|[upkeep]
|upkeep
|turn|8
|
|t:|1779689771
|move|p2a: Poliwrath|Drain Punch|p1a: Corviknight
|-damage|p1a: Corviknight|0 fnt
|-heal|p2a: Poliwrath|62/100|[from] drain|[of] p1a: Corviknight
|-damage|p2a: Poliwrath|46/100|[from] item: Rocky Helmet|[of] p1a: Corviknight
|faint|p1a: Corviknight
|-damage|p2a: Poliwrath|36/100|[from] item: Life Orb
|
|-weather|RainDance|[upkeep]
|upkeep
|
|t:|1779689793
|switch|p1a: Clefable|Clefable, F|100/100
|turn|9
|
|t:|1779689800
|move|p2a: Poliwrath|Ice Punch|p1a: Clefable
|-damage|p1a: Clefable|81/100
|-damage|p2a: Poliwrath|26/100|[from] item: Life Orb
|move|p1a: Clefable|Thunder Wave|p2a: Poliwrath
|-status|p2a: Poliwrath|par
|
|-weather|RainDance|[upkeep]
|-heal|p1a: Clefable|87/100|[from] item: Leftovers
|upkeep
|turn|10
|
|t:|1779689809
|cant|p2a: Poliwrath|par
|move|p1a: Clefable|Calm Mind|p1a: Clefable
|-boost|p1a: Clefable|spa|1
|-boost|p1a: Clefable|spd|1
|
|-weather|none
|-heal|p1a: Clefable|93/100|[from] item: Leftovers
|upkeep
|turn|11
|
|t:|1779689817
|switch|p2a: Bronzong|Bronzong|100/100
|move|p1a: Clefable|Calm Mind|p1a: Clefable
|-boost|p1a: Clefable|spa|1
|-boost|p1a: Clefable|spd|1
|
|-heal|p1a: Clefable|99/100|[from] item: Leftovers
|upkeep
|turn|12
|
|t:|1779689825
|move|p1a: Clefable|Thunder Wave|p2a: Bronzong
|-status|p2a: Bronzong|par
|cant|p2a: Bronzong|par
|
|-heal|p1a: Clefable|100/100|[from] item: Leftovers
|upkeep
|turn|13
|
|t:|1779689839
|switch|p1a: Arcanine|Arcanine-Hisui, M|100/100
|cant|p2a: Bronzong|par
|
|upkeep
|turn|14
|
|t:|1779689847
|switch|p2a: Zamazenta|Zamazenta|100/100
|-ability|p2a: Zamazenta|Dauntless Shield|boost
|-boost|p2a: Zamazenta|def|1
|-terastallize|p1a: Arcanine|Fire
|move|p1a: Arcanine|Flare Blitz|p2a: Zamazenta
|-damage|p2a: Zamazenta|35/100
|-status|p2a: Zamazenta|brn
|
|-damage|p2a: Zamazenta|29/100 brn|[from] brn
|upkeep
|turn|15
|c|☆tommytt22|aight
|c|☆tommytt22|gyro wouldve blown it up after para
|
|t:|1779689872
|move|p2a: Zamazenta|Close Combat|p1a: Arcanine
|-damage|p1a: Arcanine|65/100
|-unboost|p2a: Zamazenta|def|1
|-unboost|p2a: Zamazenta|spd|1
|move|p1a: Arcanine|Flare Blitz|p2a: Zamazenta
|-damage|p2a: Zamazenta|0 fnt
|faint|p2a: Zamazenta
|
|upkeep
|
|t:|1779689878
|switch|p2a: Ogerpon|Ogerpon-Wellspring, F|100/100
|turn|16
|
|t:|1779689890
|switch|p1a: Ogerpon|Ogerpon-Wellspring, F|100/100
|move|p2a: Ogerpon|U-turn|p1a: Ogerpon
|-supereffective|p1a: Ogerpon
|-damage|p1a: Ogerpon|27/100
|
|t:|1779689897
|switch|p2a: Bronzong|Bronzong|100/100 par|[from] U-turn
|
|upkeep
|turn|17
|
|t:|1779689911
|move|p1a: Ogerpon|Swords Dance|p1a: Ogerpon
|-boost|p1a: Ogerpon|atk|2
|cant|p2a: Bronzong|par
|
|upkeep
|turn|18
|
|t:|1779689916
|move|p1a: Ogerpon|Ivy Cudgel|p2a: Bronzong|[anim] Ivy Cudgel Water
|-damage|p2a: Bronzong|19/100 par
|move|p2a: Bronzong|Psychic Noise|p1a: Ogerpon
|-damage|p1a: Ogerpon|0 fnt
|faint|p1a: Ogerpon
|
|-heal|p2a: Bronzong|26/100 par|[from] item: Leftovers
|upkeep
|
|t:|1779689928
|switch|p1a: Hydreigon|Hydreigon, M|100/100
|turn|19
|
|t:|1779689932
|move|p2a: Bronzong|Protect|p2a: Bronzong
|-singleturn|p2a: Bronzong|Protect
|move|p1a: Hydreigon|Dark Pulse|p2a: Bronzong
|-activate|p2a: Bronzong|move: Protect
|
|-heal|p2a: Bronzong|32/100 par|[from] item: Leftovers
|upkeep
|turn|20
|
|t:|1779689949
|switch|p2a: Poliwrath|Poliwrath, M, tera:Poison|26/100 par
|move|p1a: Hydreigon|Dark Pulse|p2a: Poliwrath
|-damage|p2a: Poliwrath|0 fnt
|faint|p2a: Poliwrath
|
|upkeep
|
|t:|1779689957
|switch|p2a: Ogerpon|Ogerpon-Wellspring, F|100/100
|turn|21
|
|t:|1779689961
|move|p2a: Ogerpon|Play Rough|p1a: Hydreigon
|-supereffective|p1a: Hydreigon
|-damage|p1a: Hydreigon|0 fnt
|faint|p1a: Hydreigon
|
|upkeep
|
|t:|1779689969
|switch|p1a: Arcanine|Arcanine-Hisui, M, tera:Fire|65/100
|turn|22
|
|t:|1779689981
|move|p2a: Ogerpon|Ivy Cudgel|p1a: Arcanine|[anim] Ivy Cudgel Water
|-supereffective|p1a: Arcanine
|-damage|p1a: Arcanine|0 fnt
|faint|p1a: Arcanine
|
|upkeep
|-message|8daniel8 forfeited.
|
|win|tommytt22
|raw|8daniel8's rating: 1524 &rarr; <strong>1508</strong><br />(-16 for losing)
|raw|tommytt22's rating: 1599 &rarr; <strong>1615</strong><br />(+16 for winning)
|l|☆8daniel8
|player|p1|
|l|☆tommytt22
|player|p2|
