|j|☆8uh8huu8huhuh
|j|☆Marceliscool172010
|t:|1779689134
|gametype|singles
|player|p1|8uh8huu8huhuh|1|1265
|player|p2|Marceliscool172010|170|1280
|gen|9
|tier|[Gen 9] OU
|rated|
|rule|HP Percentage Mod: HP is shown in percentages
|rule|Endless Battle Clause: Forcing endless battles is banned
|rule|Species Clause: Limit one of each Pokémon
|rule|OHKO Clause: OHKO moves are banned
|rule|Evasion Items Clause: Evasion items are banned
|rule|Evasion Moves Clause: Evasion moves are banned
|rule|Evasion Abilities Clause: Evasion abilities are banned
|rule|Sleep Moves Clause: Sleep-inducing moves are banned
|clearpoke
|poke|p1|Blissey, F|
|poke|p1|Whimsicott, F|
|poke|p1|Corviknight, F|
|poke|p1|Hatterene, F|
|poke|p1|Ursaluna, M|
|poke|p1|Enamorus-Therian, F|
|poke|p2|Raging Bolt|
|poke|p2|Dragonite, M|
|poke|p2|Kingambit, M|
|poke|p2|Great Tusk|
|poke|p2|Latias, F|
|poke|p2|Iron Moth|
|teampreview
|
|t:|1779689146
|teamsize|p1|6
|teamsize|p2|6
|start
|switch|p1a: Whimsicott|Whimsicott, F|100/100
|switch|p2a: Latias|Latias, F|100/100
|turn|1
|
|t:|1779689155
|move|p2a: Latias|Agility|p2a: Latias
|-boost|p2a: Latias|spe|2
|move|p1a: Whimsicott|Moonblast|p2a: Latias
|-supereffective|p2a: Latias
|-damage|p2a: Latias|41/100
|-unboost|p2a: Latias|spa|1
|-enditem|p2a: Latias|Weakness Policy
|-boost|p2a: Latias|atk|2|[from] item: Weakness Policy
|-boost|p2a: Latias|spa|2|[from] item: Weakness Policy
|
|upkeep
|turn|2
|
|t:|1779689168
|-terastallize|p2a: Latias|Steel
|move|p2a: Latias|Stored Power|p1a: Whimsicott
|-damage|p1a: Whimsicott|14/100
|move|p1a: Whimsicott|Moonblast|p2a: Latias
|-resisted|p2a: Latias
|-damage|p2a: Latias|27/100
|
|-heal|p1a: Whimsicott|21/100|[from] item: Leftovers
|upkeep
|turn|3
|
|t:|1779689194
|switch|p1a: Shield S|Blissey, F|100/100
|move|p2a: Latias|Stored Power|p1a: Shield S
|-damage|p1a: Shield S|75/100
|
|-heal|p1a: Shield S|81/100|[from] item: Leftovers
|upkeep
|turn|4
|
|t:|1779689208
|move|p2a: Latias|Calm Mind|p2a: Latias
|-boost|p2a: Latias|spa|1
|-boost|p2a: Latias|spd|1
|move|p1a: Shield S|Stealth Rock|p2a: Latias
|-sidestart|p2: Marceliscool172010|move: Stealth Rock
|
|-heal|p1a: Shield S|87/100|[from] item: Leftovers
|upkeep
|turn|5
|
|t:|1779689214
|move|p2a: Latias|Aura Sphere|p1a: Shield S
|-supereffective|p1a: Shield S
|-damage|p1a: Shield S|57/100
|move|p1a: Shield S|Flamethrower|p2a: Latias
|-supereffective|p2a: Latias
|-damage|p2a: Latias|3/100
|
|-heal|p1a: Shield S|63/100|[from] item: Leftovers
|upkeep
|turn|6
|
|t:|1779689221
|move|p2a: Latias|Stored Power|p1a: Shield S
|-damage|p1a: Shield S|18/100
|move|p1a: Shield S|Soft-Boiled|p1a: Shield S
|-heal|p1a: Shield S|68/100
|
|-heal|p1a: Shield S|74/100|[from] item: Leftovers
|upkeep
|turn|7
|
|t:|1779689227
|move|p2a: Latias|Stored Power|p1a: Shield S
|-damage|p1a: Shield S|24/100
|move|p1a: Shield S|Flamethrower|p2a: Latias
|-supereffective|p2a: Latias
|-damage|p2a: Latias|0 fnt
|faint|p2a: Latias
|
|-heal|p1a: Shield S|30/100|[from] item: Leftovers
|upkeep
|
|t:|1779689248
|switch|p2a: Iron Moth|Iron Moth|100/100
|-damage|p2a: Iron Moth|76/100|[from] Stealth Rock
|-enditem|p2a: Iron Moth|Booster Energy
|-activate|p2a: Iron Moth|ability: Quark Drive|[fromitem]
|-start|p2a: Iron Moth|quarkdrivespa
|turn|8
|
|t:|1779689254
|move|p2a: Iron Moth|Substitute|p2a: Iron Moth
|-start|p2a: Iron Moth|Substitute
|-damage|p2a: Iron Moth|51/100
|move|p1a: Shield S|Soft-Boiled|p1a: Shield S
|-heal|p1a: Shield S|80/100
|
|-heal|p1a: Shield S|86/100|[from] item: Leftovers
|upkeep
|turn|9
|
|t:|1779689295
|switch|p1a: Hatterene|Hatterene, F|100/100
|move|p2a: Iron Moth|Fiery Dance|p1a: Hatterene
|-crit|p1a: Hatterene
|-damage|p1a: Hatterene|37/100
|
|-heal|p1a: Hatterene|43/100|[from] item: Leftovers
|upkeep
|turn|10
|inactive|Battle timer is ON: inactive players will automatically lose when time's up. (requested by 8uh8huu8huhuh)
|
|t:|1779689388
|-terastallize|p1a: Hatterene|Fire
|move|p2a: Iron Moth|Sludge Wave|p1a: Hatterene
|-damage|p1a: Hatterene|0 fnt
|faint|p1a: Hatterene
|
|upkeep
|
|t:|1779689393
|switch|p1a: Ursaluna|Ursaluna, M, shiny|100/100
|turn|11
|
|t:|1779689400
|move|p2a: Iron Moth|Energy Ball|p1a: Ursaluna
|-supereffective|p1a: Ursaluna
|-damage|p1a: Ursaluna|24/100
|move|p1a: Ursaluna|Earthquake|p2a: Iron Moth
|-supereffective|p2a: Iron Moth
|-end|p2a: Iron Moth|Substitute
|
|-status|p1a: Ursaluna|brn|[from] item: Flame Orb
|upkeep
|turn|12
|
|t:|1779689407
|move|p2a: Iron Moth|Fiery Dance|p1a: Ursaluna
|-damage|p1a: Ursaluna|0 fnt
|faint|p1a: Ursaluna
|
|upkeep
|
|t:|1779689409
|switch|p1a: Enamorus|Enamorus-Therian, F|100/100
|turn|13
|
|t:|1779689413
|move|p2a: Iron Moth|Sludge Wave|p1a: Enamorus
|-supereffective|p1a: Enamorus
|-damage|p1a: Enamorus|0 fnt
|faint|p1a: Enamorus
|
|upkeep
|-message|8uh8huu8huhuh forfeited.
|
|win|Marceliscool172010
|raw|8uh8huu8huhuh's rating: 1265 &rarr; <strong>1241</strong><br />(-24 for losing)
|raw|Marceliscool172010's rating: 1280 &rarr; <strong>1304</strong><br />(+24 for winning)
|l|☆8uh8huu8huhuh
|player|p1|
|l|☆Marceliscool172010
|player|p2|
