|j|☆chip wittley
|j|‽pinkpriestess3
|t:|1779582747
|gametype|singles
|player|p1|chip wittley|lance|1625
|player|p2|pinkpriestess3|169|1612
|gen|9
|tier|[Gen 9] OU
|rated|
|rule|HP Percentage Mod: HP is shown in percentages
|rule|Endless Battle Clause: Forcing endless battles is banned
|rule|Species Clause: Limit one of each Pokémon
|rule|OHKO Clause: OHKO moves are banned
|rule|Evasion Items Clause: Evasion items are banned
|rule|Evasion Moves Clause: Evasion moves are banned
|rule|Evasion Abilities Clause: Evasion abilities are banned
|rule|Sleep Moves Clause: Sleep-inducing moves are banned
|clearpoke
|poke|p1|Rhydon, F|
|poke|p1|Tyranitar, M|
|poke|p1|Salamence, M|
|poke|p1|Clefable, F|
|poke|p1|Excadrill, M|
|poke|p1|Volcanion|
|poke|p2|Pelipper, M|
|poke|p2|Tornadus-Therian, M|
|poke|p2|Lokix, F|
|poke|p2|Kingdra, M|
|poke|p2|Iron Treads|
|poke|p2|Raging Bolt|
|teampreview
|inactive|Battle timer is ON: inactive players will automatically lose when time's up. (requested by pinkpriestess3)
|inactive|chip wittley has 120 seconds left.
|
|t:|1779582787
|teamsize|p1|6
|teamsize|p2|6
|start
|switch|p1a: Volcanion|Volcanion|100/100
|switch|p2a: Pelipper|Pelipper, M|100/100
|-weather|RainDance|[from] ability: Drizzle|[of] p2a: Pelipper
|turn|1
|
|t:|1779582801
|move|p1a: Volcanion|Steam Eruption|p2a: Pelipper
|-resisted|p2a: Pelipper
|-damage|p2a: Pelipper|45/100
|-status|p2a: Pelipper|brn
|move|p2a: Pelipper|U-turn|p1a: Volcanion
|-resisted|p1a: Volcanion
|-damage|p1a: Volcanion|98/100
|
|t:|1779582811
|switch|p2a: Raging Bolt|Raging Bolt|100/100|[from] U-turn
|-enditem|p2a: Raging Bolt|Booster Energy
|-activate|p2a: Raging Bolt|ability: Protosynthesis|[fromitem]
|-start|p2a: Raging Bolt|protosynthesisspa
|
|-weather|RainDance|[upkeep]
|upkeep
|turn|2
|
|t:|1779582815
|switch|p1a: Tyranitar|Tyranitar, M|100/100
|-weather|Sandstorm|[from] ability: Sand Stream|[of] p1a: Tyranitar
|move|p2a: Raging Bolt|Calm Mind|p2a: Raging Bolt
|-boost|p2a: Raging Bolt|spa|1
|-boost|p2a: Raging Bolt|spd|1
|
|-weather|Sandstorm|[upkeep]
|-damage|p2a: Raging Bolt|94/100|[from] Sandstorm
|upkeep
|turn|3
|
|t:|1779582825
|switch|p1a: Rhydon|Rhydon, F|100/100
|move|p2a: Raging Bolt|Dragon Pulse|p1a: Rhydon
|-damage|p1a: Rhydon|58/100
|
|-weather|Sandstorm|[upkeep]
|-damage|p2a: Raging Bolt|88/100|[from] Sandstorm
|upkeep
|turn|4
|
|t:|1779582832
|-end|p2a: Raging Bolt|Protosynthesis|[silent]
|switch|p2a: Pelipper|Pelipper, M|45/100 brn
|-weather|RainDance|[from] ability: Drizzle|[of] p2a: Pelipper
|move|p1a: Rhydon|Earthquake|p2a: Pelipper
|-immune|p2a: Pelipper
|
|-weather|RainDance|[upkeep]
|-damage|p2a: Pelipper|39/100 brn|[from] brn
|upkeep
|turn|5
|
|t:|1779582844
|switch|p1a: Clefable|Clefable, F|100/100
|switch|p2a: Iron Treads|Iron Treads|100/100
|-item|p2a: Iron Treads|Air Balloon
|
|-weather|RainDance|[upkeep]
|upkeep
|turn|6
|
|t:|1779582846
|move|p2a: Iron Treads|Stealth Rock|p1a: Clefable
|-sidestart|p1: chip wittley|move: Stealth Rock
|move|p1a: Clefable|Wish|p1a: Clefable
|
|-weather|RainDance|[upkeep]
|upkeep
|turn|7
|
|t:|1779582849
|move|p2a: Iron Treads|Iron Head|p1a: Clefable
|-supereffective|p1a: Clefable
|-damage|p1a: Clefable|55/100
|move|p1a: Clefable|Moonblast|p2a: Iron Treads
|-resisted|p2a: Iron Treads
|-damage|p2a: Iron Treads|87/100
|-enditem|p2a: Iron Treads|Air Balloon
|
|-weather|RainDance|[upkeep]
|-heal|p1a: Clefable|100/100|[from] move: Wish|[wisher] Clefable
|upkeep
|turn|8
|
|t:|1779582857
|move|p2a: Iron Treads|Iron Head|p1a: Clefable
|-supereffective|p1a: Clefable
|-damage|p1a: Clefable|51/100
|move|p1a: Clefable|Wish|p1a: Clefable
|
|-weather|RainDance|[upkeep]
|-heal|p1a: Clefable|57/100|[from] item: Leftovers
|upkeep
|turn|9
|j| crust king kahn
|
|t:|1779582866
|switch|p1a: Salamence|Salamence, M|100/100
|-damage|p1a: Salamence|76/100|[from] Stealth Rock
|-ability|p1a: Salamence|Intimidate|boost
|-unboost|p2a: Iron Treads|atk|1
|move|p2a: Iron Treads|Earthquake|p1a: Salamence
|-immune|p1a: Salamence
|
|-weather|RainDance|[upkeep]
|-heal|p1a: Salamence|100/100|[from] move: Wish|[wisher] Clefable
|upkeep
|turn|10
|
|t:|1779582875
|-end|p2a: Iron Treads|Quark Drive|[silent]
|switch|p2a: Tornadus|Tornadus-Therian, M|100/100
|move|p1a: Salamence|Dragon Dance|p1a: Salamence
|-boost|p1a: Salamence|atk|1
|-boost|p1a: Salamence|spe|1
|
|-weather|RainDance|[upkeep]
|upkeep
|turn|11
|
|t:|1779582879
|move|p1a: Salamence|Outrage|p2a: Tornadus
|-damage|p2a: Tornadus|0 fnt
|faint|p2a: Tornadus
|-damage|p1a: Salamence|91/100|[from] item: Life Orb
|
|-weather|none
|upkeep
|
|t:|1779582883
|switch|p2a: Raging Bolt|Raging Bolt|88/100
|turn|12
|
|t:|1779582885
|-terastallize|p2a: Raging Bolt|Fairy
|move|p1a: Salamence|Outrage|p2a: Raging Bolt|[from] lockedmove
|-immune|p2a: Raging Bolt
|move|p2a: Raging Bolt|Calm Mind|p2a: Raging Bolt
|-boost|p2a: Raging Bolt|spa|1
|-boost|p2a: Raging Bolt|spd|1
|
|upkeep
|turn|13
|j| Inothtunothtino
|
|t:|1779582891
|move|p1a: Salamence|Dual Wingbeat|p2a: Raging Bolt
|-damage|p2a: Raging Bolt|45/100
|-damage|p2a: Raging Bolt|3/100
|-hitcount|p2a: Raging Bolt|2
|-damage|p1a: Salamence|81/100|[from] item: Life Orb
|move|p2a: Raging Bolt|Dragon Pulse|p1a: Salamence
|-supereffective|p1a: Salamence
|-damage|p1a: Salamence|0 fnt
|faint|p1a: Salamence
|
|upkeep
|
|t:|1779582894
|switch|p1a: Excadrill|Excadrill, M|100/100
|-damage|p1a: Excadrill|97/100|[from] Stealth Rock
|-item|p1a: Excadrill|Air Balloon
|turn|14
|
|t:|1779582898
|-end|p2a: Raging Bolt|Protosynthesis|[silent]
|switch|p2a: Pelipper|Pelipper, M|39/100 brn
|-weather|RainDance|[from] ability: Drizzle|[of] p2a: Pelipper
|move|p1a: Excadrill|Rapid Spin|p2a: Pelipper
|-crit|p2a: Pelipper
|-damage|p2a: Pelipper|11/100 brn
|-boost|p1a: Excadrill|spe|1
|-sideend|p1: chip wittley|Stealth Rock|[from] move: Rapid Spin|[of] p1a: Excadrill
|
|-weather|RainDance|[upkeep]
|-damage|p2a: Pelipper|5/100 brn|[from] brn
|upkeep
|turn|15
|
|t:|1779582902
|move|p1a: Excadrill|Rapid Spin|p2a: Pelipper
|-crit|p2a: Pelipper
|-damage|p2a: Pelipper|0 fnt
|-boost|p1a: Excadrill|spe|1
|faint|p2a: Pelipper
|
|-weather|RainDance|[upkeep]
|upkeep
|
|t:|1779582906
|switch|p2a: Kingdra|Kingdra, M, shiny|100/100
|turn|16
|
|t:|1779582908
|switch|p1a: Tyranitar|Tyranitar, M|100/100
|-weather|Sandstorm|[from] ability: Sand Stream|[of] p1a: Tyranitar
|move|p2a: Kingdra|Weather Ball|p1a: Tyranitar
|-damage|p1a: Tyranitar|74/100
|-damage|p2a: Kingdra|91/100|[from] item: Life Orb
|
|-weather|Sandstorm|[upkeep]
|-damage|p2a: Kingdra|84/100|[from] Sandstorm
|upkeep
|turn|17
|
|t:|1779582912
|move|p2a: Kingdra|Flip Turn|p1a: Tyranitar
|-supereffective|p1a: Tyranitar
|-damage|p1a: Tyranitar|37/100
|-damage|p2a: Kingdra|74/100|[from] item: Life Orb
|
|t:|1779582915
|switch|p2a: Iron Treads|Iron Treads|87/100|[from] Flip Turn
|move|p1a: Tyranitar|Low Kick|p2a: Iron Treads
|-supereffective|p2a: Iron Treads
|-damage|p2a: Iron Treads|29/100
|
|-weather|Sandstorm|[upkeep]
|upkeep
|turn|18
|
|t:|1779582922
|switch|p1a: Excadrill|Excadrill, M|97/100
|-item|p1a: Excadrill|Air Balloon
|move|p2a: Iron Treads|Earthquake|p1a: Excadrill
|-immune|p1a: Excadrill
|
|-weather|Sandstorm|[upkeep]
|upkeep
|turn|19
|
|t:|1779582928
|-end|p2a: Iron Treads|Quark Drive|[silent]
|switch|p2a: Raging Bolt|Raging Bolt, tera:Fairy|3/100
|move|p1a: Excadrill|Earthquake|p2a: Raging Bolt
|-damage|p2a: Raging Bolt|0 fnt
|faint|p2a: Raging Bolt
|-end|p2a: Raging Bolt|Protosynthesis|[silent]
|
|-weather|Sandstorm|[upkeep]
|upkeep
|
|t:|1779582930
|switch|p2a: Lokix|Lokix, F, shiny|100/100
|turn|20
|
|t:|1779582935
|switch|p1a: Volcanion|Volcanion|98/100
|move|p2a: Lokix|First Impression|p1a: Volcanion
|-resisted|p1a: Volcanion
|-damage|p1a: Volcanion|45/100
|
|-weather|Sandstorm|[upkeep]
|-damage|p2a: Lokix|94/100|[from] Sandstorm
|-damage|p1a: Volcanion|39/100|[from] Sandstorm
|upkeep
|turn|21
|
|t:|1779582947
|switch|p2a: Kingdra|Kingdra, M, shiny|74/100
|move|p1a: Volcanion|Steam Eruption|p2a: Kingdra
|-resisted|p2a: Kingdra
|-damage|p2a: Kingdra|57/100
|-status|p2a: Kingdra|brn
|
|-weather|Sandstorm|[upkeep]
|-damage|p2a: Kingdra|50/100 brn|[from] Sandstorm
|-damage|p1a: Volcanion|33/100|[from] Sandstorm
|-damage|p2a: Kingdra|44/100 brn|[from] brn
|upkeep
|turn|22
|
|t:|1779582951
|switch|p1a: Clefable|Clefable, F|57/100
|move|p2a: Kingdra|Draco Meteor|p1a: Clefable
|-immune|p1a: Clefable
|
|-weather|Sandstorm|[upkeep]
|-damage|p2a: Kingdra|38/100 brn|[from] Sandstorm
|-heal|p1a: Clefable|63/100|[from] item: Leftovers
|-damage|p2a: Kingdra|32/100 brn|[from] brn
|upkeep
|turn|23
|
|t:|1779582954
|move|p2a: Kingdra|Flip Turn|p1a: Clefable
|-damage|p1a: Clefable|54/100
|-damage|p2a: Kingdra|22/100 brn|[from] item: Life Orb
|
|t:|1779582958
|switch|p2a: Lokix|Lokix, F, shiny|94/100|[from] Flip Turn
|move|p1a: Clefable|Wish|p1a: Clefable
|
|-weather|none
|-heal|p1a: Clefable|60/100|[from] item: Leftovers
|upkeep
|turn|24
|
|t:|1779582963
|move|p2a: Lokix|Knock Off|p1a: Clefable
|-resisted|p1a: Clefable
|-damage|p1a: Clefable|9/100
|-enditem|p1a: Clefable|Leftovers|[from] move: Knock Off|[of] p2a: Lokix
|move|p1a: Clefable|Moonblast|p2a: Lokix
|-supereffective|p2a: Lokix
|-damage|p2a: Lokix|0 fnt
|faint|p2a: Lokix
|
|-heal|p1a: Clefable|59/100|[from] move: Wish|[wisher] Clefable
|upkeep
|
|t:|1779582967
|switch|p2a: Iron Treads|Iron Treads|29/100
|turn|25
|-message|pinkpriestess3 forfeited.
|
|win|chip wittley
|raw|chip wittley's rating: 1625 &rarr; <strong>1644</strong><br />(+19 for winning)
|raw|pinkpriestess3's rating: 1612 &rarr; <strong>1593</strong><br />(-19 for losing)
|l|‽pinkpriestess3
|player|p2|
|l|☆chip wittley
|player|p1|
|l| crust king kahn
