|j|☆MASSIVE67
|j|☆evccx
|t:|1779682555
|gametype|singles
|player|p1|MASSIVE67|youngcouple-gen4dp|1361
|player|p2|evccx|palmer|1381
|gen|9
|tier|[Gen 9] OU
|rated|
|rule|HP Percentage Mod: HP is shown in percentages
|rule|Endless Battle Clause: Forcing endless battles is banned
|rule|Species Clause: Limit one of each Pokémon
|rule|OHKO Clause: OHKO moves are banned
|rule|Evasion Items Clause: Evasion items are banned
|rule|Evasion Moves Clause: Evasion moves are banned
|rule|Evasion Abilities Clause: Evasion abilities are banned
|rule|Sleep Moves Clause: Sleep-inducing moves are banned
|clearpoke
|poke|p1|Hoopa-Unbound|
|poke|p1|Cinderace, M|
|poke|p1|Mimikyu, M|
|poke|p1|Iron Valiant|
|poke|p1|Iron Crown|
|poke|p1|Landorus-Therian, M|
|poke|p2|Samurott-Hisui, M|
|poke|p2|Tinkaton, F|
|poke|p2|Pecharunt|
|poke|p2|Latios, M|
|poke|p2|Zamazenta-*|
|poke|p2|Gliscor, M|
|teampreview
|inactive|Battle timer is ON: inactive players will automatically lose when time's up. (requested by MASSIVE67)
|inactive|evccx has 120 seconds left.
|
|t:|1779682611
|teamsize|p1|6
|teamsize|p2|6
|start
|switch|p1a: Cinderace|Cinderace, M|100/100
|switch|p2a: Samurott|Samurott-Hisui, M, shiny|100/100
|turn|1
|inactive|MASSIVE67 has 120 seconds left.
|
|t:|1779682659
|switch|p1a: Mimikyu|Mimikyu, M|100/100
|switch|p2a: Gliscor|Gliscor, M, shiny|100/100
|
|-status|p2a: Gliscor|tox|[from] item: Toxic Orb
|upkeep
|turn|2
|
|t:|1779682676
|switch|p1a: Landorus|Landorus-Therian, M|100/100
|-ability|p1a: Landorus|Intimidate|boost
|-unboost|p2a: Gliscor|atk|1
|move|p2a: Gliscor|Toxic|p1a: Landorus
|-status|p1a: Landorus|tox
|
|-damage|p1a: Landorus|95/100 tox|[from] psn
|upkeep
|turn|3
|
|t:|1779682686
|switch|p2a: Samurott|Samurott-Hisui, M, shiny|100/100
|move|p1a: Landorus|U-turn|p2a: Samurott
|-supereffective|p2a: Samurott
|-damage|p2a: Samurott|34/100
|
|t:|1779682693
|switch|p1a: Cinderace|Cinderace, M|100/100|[from] U-turn
|
|upkeep
|turn|4
|
|t:|1779682697
|switch|p2a: Gliscor|Gliscor, M, shiny|100/100 tox
|move|p1a: Cinderace|U-turn|p2a: Gliscor
|-start|p1a: Cinderace|typechange|Bug|[from] ability: Libero
|-resisted|p2a: Gliscor
|-damage|p2a: Gliscor|87/100 tox
|inactive|MASSIVE67 has 90 seconds left.
|
|t:|1779682733
|switch|p1a: Iron Valiant|Iron Valiant|100/100|[from] U-turn
|
|-heal|p2a: Gliscor|99/100 tox|[from] ability: Poison Heal
|upkeep
|turn|5
|inactive|evccx has 120 seconds left.
|
|t:|1779682767
|move|p2a: Gliscor|Protect|p2a: Gliscor
|-singleturn|p2a: Gliscor|Protect
|move|p1a: Iron Valiant|Moonblast|p2a: Gliscor
|-activate|p2a: Gliscor|move: Protect
|
|-heal|p2a: Gliscor|100/100 tox|[from] ability: Poison Heal
|upkeep
|turn|6
|inactive|evccx has 120 seconds left.
|
|t:|1779682784
|move|p1a: Iron Valiant|Moonblast|p2a: Gliscor
|-damage|p2a: Gliscor|42/100 tox
|move|p2a: Gliscor|Toxic|p1a: Iron Valiant
|-status|p1a: Iron Valiant|tox
|
|-damage|p1a: Iron Valiant|94/100 tox|[from] psn
|-heal|p2a: Gliscor|54/100 tox|[from] ability: Poison Heal
|upkeep
|turn|7
|inactive|evccx has 120 seconds left.
|
|t:|1779682794
|move|p2a: Gliscor|Protect|p2a: Gliscor
|-singleturn|p2a: Gliscor|Protect
|move|p1a: Iron Valiant|Moonblast|p2a: Gliscor
|-activate|p2a: Gliscor|move: Protect
|
|-damage|p1a: Iron Valiant|82/100 tox|[from] psn
|-heal|p2a: Gliscor|67/100 tox|[from] ability: Poison Heal
|upkeep
|turn|8
|inactive|evccx has 120 seconds left.
|
|t:|1779682811
|switch|p2a: Tinkaton|Tinkaton, F, shiny|100/100
|-item|p2a: Tinkaton|Air Balloon
|move|p1a: Iron Valiant|Moonblast|p2a: Tinkaton
|-resisted|p2a: Tinkaton
|-damage|p2a: Tinkaton|66/100
|-enditem|p2a: Tinkaton|Air Balloon
|
|-damage|p1a: Iron Valiant|63/100 tox|[from] psn
|upkeep
|turn|9
|inactive|MASSIVE67 has 120 seconds left.
|inactive|evccx has 120 seconds left.
|
|t:|1779682825
|-end|p1a: Iron Valiant|Quark Drive|[silent]
|switch|p1a: Iron Crown|Iron Crown|100/100
|-enditem|p1a: Iron Crown|Booster Energy
|-activate|p1a: Iron Crown|ability: Quark Drive|[fromitem]
|-start|p1a: Iron Crown|quarkdrivespe
|move|p2a: Tinkaton|Stealth Rock|p1a: Iron Crown
|-sidestart|p1: MASSIVE67|move: Stealth Rock
|
|upkeep
|turn|10
|inactive|MASSIVE67 has 120 seconds left.
|inactive|evccx has 120 seconds left.
|
|t:|1779682845
|move|p1a: Iron Crown|Calm Mind|p1a: Iron Crown
|-boost|p1a: Iron Crown|spa|1
|-boost|p1a: Iron Crown|spd|1
|move|p2a: Tinkaton|Encore|p1a: Iron Crown
|-start|p1a: Iron Crown|Encore
|
|upkeep
|turn|11
|inactive|MASSIVE67 has 90 seconds left.
|
|t:|1779682879
|-end|p1a: Iron Crown|Quark Drive|[silent]
|switch|p1a: Landorus|Landorus-Therian, M|95/100 tox
|-damage|p1a: Landorus|82/100 tox|[from] Stealth Rock
|-ability|p1a: Landorus|Intimidate|boost
|-unboost|p2a: Tinkaton|atk|1
|switch|p2a: Samurott|Samurott-Hisui, M, shiny|34/100
|
|-damage|p1a: Landorus|76/100 tox|[from] psn
|upkeep
|turn|12
|inactive|evccx has 120 seconds left.
|
|t:|1779682892
|switch|p2a: Gliscor|Gliscor, M, shiny|67/100 tox
|move|p1a: Landorus|U-turn|p2a: Gliscor
|-resisted|p2a: Gliscor
|-damage|p2a: Gliscor|56/100 tox
|inactive|MASSIVE67 has 90 seconds left.
|
|t:|1779682924
|switch|p1a: Hoopa|Hoopa-Unbound|100/100|[from] U-turn
|-damage|p1a: Hoopa|88/100|[from] Stealth Rock
|
|-heal|p2a: Gliscor|69/100 tox|[from] ability: Poison Heal
|upkeep
|turn|13
|
|t:|1779682934
|move|p2a: Gliscor|U-turn|p1a: Hoopa
|-supereffective|p1a: Hoopa
|-damage|p1a: Hoopa|0 fnt
|faint|p1a: Hoopa
|inactive|evccx has 120 seconds left.
|
|t:|1779682953
|switch|p2a: Tinkaton|Tinkaton, F, shiny|66/100|[from] U-turn
|
|upkeep
|inactive|MASSIVE67 has 60 seconds left.
|
|t:|1779682974
|switch|p1a: Cinderace|Cinderace, M|100/100
|-damage|p1a: Cinderace|76/100|[from] Stealth Rock
|turn|14
|inactive|evccx has 120 seconds left.
|
|t:|1779682984
|switch|p2a: Gliscor|Gliscor, M, shiny|69/100 tox
|move|p1a: Cinderace|Pyro Ball|p2a: Gliscor
|-damage|p2a: Gliscor|14/100 tox
|
|-heal|p2a: Gliscor|27/100 tox|[from] ability: Poison Heal
|upkeep
|turn|15
|inactive|evccx has 120 seconds left.
|
|t:|1779682996
|move|p2a: Gliscor|Protect|p2a: Gliscor
|-singleturn|p2a: Gliscor|Protect
|move|p1a: Cinderace|Pyro Ball|p2a: Gliscor
|-activate|p2a: Gliscor|move: Protect
|
|-heal|p2a: Gliscor|39/100 tox|[from] ability: Poison Heal
|upkeep
|turn|16
|inactive|evccx has 120 seconds left.
|
|t:|1779683033
|switch|p2a: Zamazenta|Zamazenta, shiny|100/100
|-ability|p2a: Zamazenta|Dauntless Shield|boost
|-boost|p2a: Zamazenta|def|1
|move|p1a: Cinderace|Pyro Ball|p2a: Zamazenta
|-damage|p2a: Zamazenta|53/100
|
|upkeep
|turn|17
|inactive|evccx has 90 seconds left.
|
|t:|1779683061
|-terastallize|p1a: Cinderace|Fire
|move|p2a: Zamazenta|Crunch|p1a: Cinderace
|-damage|p1a: Cinderace|35/100
|move|p1a: Cinderace|Pyro Ball|p2a: Zamazenta
|-damage|p2a: Zamazenta|0 fnt
|faint|p2a: Zamazenta
|
|upkeep
|
|t:|1779683073
|switch|p2a: Samurott|Samurott-Hisui, M, shiny|34/100
|turn|18
|
|t:|1779683079
|switch|p1a: Landorus|Landorus-Therian, M|76/100 tox
|-damage|p1a: Landorus|64/100 tox|[from] Stealth Rock
|-ability|p1a: Landorus|Intimidate|boost
|-unboost|p2a: Samurott|atk|1
|move|p2a: Samurott|Sucker Punch||[still]
|-fail|p2a: Samurott
|
|-damage|p1a: Landorus|58/100 tox|[from] psn
|upkeep
|turn|19
|
|t:|1779683086
|move|p1a: Landorus|U-turn|p2a: Samurott
|-supereffective|p2a: Samurott
|-damage|p2a: Samurott|0 fnt
|faint|p2a: Samurott
|
|t:|1779683103
|switch|p1a: Iron Crown|Iron Crown|100/100|[from] U-turn
|-damage|p1a: Iron Crown|94/100|[from] Stealth Rock
|
|upkeep
|inactive|evccx has 90 seconds left.
|
|t:|1779683138
|switch|p2a: Latios|Latios, M, shiny|100/100
|turn|20
|
|t:|1779683150
|move|p2a: Latios|Draco Meteor|p1a: Iron Crown
|-resisted|p1a: Iron Crown
|-crit|p1a: Iron Crown
|-damage|p1a: Iron Crown|45/100
|-unboost|p2a: Latios|spa|2
|move|p1a: Iron Crown|Tachyon Cutter|p2a: Latios
|-damage|p2a: Latios|77/100
|-damage|p2a: Latios|51/100
|-hitcount|p2a: Latios|2
|
|upkeep
|turn|21
|
|t:|1779683174
|move|p2a: Latios|Recover|p2a: Latios
|-heal|p2a: Latios|100/100
|move|p1a: Iron Crown|Tachyon Cutter|p2a: Latios
|-damage|p2a: Latios|76/100
|-damage|p2a: Latios|53/100
|-hitcount|p2a: Latios|2
|
|upkeep
|turn|22
|inactive|evccx has 90 seconds left.
|
|t:|1779683189
|move|p2a: Latios|Flip Turn|p1a: Iron Crown
|-damage|p1a: Iron Crown|34/100
|
|t:|1779683199
|switch|p2a: Pecharunt|Pecharunt|100/100|[from] Flip Turn
|move|p1a: Iron Crown|Psychic Noise|p2a: Pecharunt
|-supereffective|p2a: Pecharunt
|-damage|p2a: Pecharunt|26/100
|-start|p2a: Pecharunt|move: Heal Block
|
|upkeep
|turn|23
|inactive|evccx has 90 seconds left.
|
|t:|1779683222
|move|p1a: Iron Crown|Psychic Noise|p2a: Pecharunt
|-supereffective|p2a: Pecharunt
|-damage|p2a: Pecharunt|0 fnt
|faint|p2a: Pecharunt
|
|upkeep
|inactive|evccx has 90 seconds left.
|
|t:|1779683238
|switch|p2a: Latios|Latios, M, shiny|53/100
|turn|24
|
|t:|1779683246
|move|p2a: Latios|Draco Meteor|p1a: Iron Crown
|-resisted|p1a: Iron Crown
|-damage|p1a: Iron Crown|4/100
|-unboost|p2a: Latios|spa|2
|move|p1a: Iron Crown|Tachyon Cutter|p2a: Latios
|-damage|p2a: Latios|28/100
|-damage|p2a: Latios|3/100
|-hitcount|p2a: Latios|2
|
|upkeep
|turn|25
|inactive|evccx has 90 seconds left.
|
|t:|1779683257
|move|p2a: Latios|Flip Turn|p1a: Iron Crown
|-damage|p1a: Iron Crown|0 fnt
|faint|p1a: Iron Crown
|-end|p1a: Iron Crown|Quark Drive|[silent]
|
|t:|1779683260
|switch|p2a: Gliscor|Gliscor, M, shiny|39/100 tox|[from] Flip Turn
|
|-heal|p2a: Gliscor|51/100 tox|[from] ability: Poison Heal
|upkeep
|inactive|MASSIVE67 has 90 seconds left.
|inactive|MASSIVE67 has 60 seconds left.
|
|t:|1779683296
|switch|p1a: Cinderace|Cinderace, M, tera:Fire|35/100
|-damage|p1a: Cinderace|10/100|[from] Stealth Rock
|turn|26
|inactive|evccx has 90 seconds left.
|
|t:|1779683319
|move|p2a: Gliscor|Protect|p2a: Gliscor
|-singleturn|p2a: Gliscor|Protect
|move|p1a: Cinderace|Court Change|p1a: Cinderace
|-swapsideconditions
|-activate|p1a: Cinderace|move: Court Change
|
|-heal|p2a: Gliscor|64/100 tox|[from] ability: Poison Heal
|upkeep
|turn|27
|inactive|evccx has 90 seconds left.
|
|t:|1779683332
|move|p1a: Cinderace|Pyro Ball|p2a: Gliscor
|-damage|p2a: Gliscor|0 fnt
|faint|p2a: Gliscor
|
|upkeep
|inactive|evccx has 90 seconds left.
|
|t:|1779683338
|switch|p2a: Latios|Latios, M, shiny|3/100
|-damage|p2a: Latios|0 fnt|[from] Stealth Rock
|faint|p2a: Latios
|-message|evccx forfeited.
|
|win|MASSIVE67
|raw|MASSIVE67's rating: 1361 &rarr; <strong>1382</strong><br />(+21 for winning)
|raw|evccx's rating: 1381 &rarr; <strong>1360</strong><br />(-21 for losing)
|l|☆evccx
|player|p2|
|l|☆MASSIVE67
|player|p1|
