|j|☆itkenreiza
|j|☆Mr_Stonks0406
|t:|1779688421
|gametype|singles
|player|p1|itkenreiza|265|1328
|player|p2|Mr_Stonks0406|102|1293
|gen|9
|tier|[Gen 9] OU
|rated|
|rule|HP Percentage Mod: HP is shown in percentages
|rule|Endless Battle Clause: Forcing endless battles is banned
|rule|Species Clause: Limit one of each Pokémon
|rule|OHKO Clause: OHKO moves are banned
|rule|Evasion Items Clause: Evasion items are banned
|rule|Evasion Moves Clause: Evasion moves are banned
|rule|Evasion Abilities Clause: Evasion abilities are banned
|rule|Sleep Moves Clause: Sleep-inducing moves are banned
|clearpoke
|poke|p1|Cryogonal|
|poke|p1|Darkrai|
|poke|p1|Ogerpon, F|
|poke|p1|Iron Crown|
|poke|p1|Dragapult, M|
|poke|p1|Ribombee, M|
|poke|p2|Meowscarada, F|
|poke|p2|Pecharunt|
|poke|p2|Enamorus, F|
|poke|p2|Iron Treads|
|poke|p2|Corviknight, M|
|poke|p2|Slowking, M|
|teampreview
|inactive|Battle timer is ON: inactive players will automatically lose when time's up. (requested by itkenreiza)
|
|t:|1779688448
|teamsize|p1|6
|teamsize|p2|6
|start
|switch|p1a: Ogerpon|Ogerpon, F|100/100
|switch|p2a: Iron Treads|Iron Treads|100/100
|turn|1
|
|t:|1779688465
|-end|p2a: Iron Treads|Quark Drive|[silent]
|switch|p2a: Corviknight|Corviknight, M|100/100
|-ability|p2a: Corviknight|Pressure
|move|p1a: Ogerpon|Superpower|p2a: Corviknight
|-damage|p2a: Corviknight|62/100
|-unboost|p1a: Ogerpon|atk|1
|-unboost|p1a: Ogerpon|def|1
|-damage|p1a: Ogerpon|84/100|[from] item: Rocky Helmet|[of] p2a: Corviknight
|
|upkeep
|turn|2
|
|t:|1779688478
|switch|p1a: Darkrai|Darkrai|100/100
|move|p2a: Corviknight|U-turn|p1a: Darkrai
|-supereffective|p1a: Darkrai
|-damage|p1a: Darkrai|66/100
|
|t:|1779688486
|switch|p2a: Enamorus|Enamorus, F|100/100|[from] U-turn
|
|upkeep
|turn|3
|
|t:|1779688493
|switch|p1a: Cry or Mog|Cryogonal|100/100
|move|p2a: Enamorus|Moonblast|p1a: Cry or Mog
|-damage|p1a: Cry or Mog|66/100
|-unboost|p1a: Cry or Mog|spa|1
|
|upkeep
|turn|4
|
|t:|1779688507
|switch|p2a: Corviknight|Corviknight, M|62/100
|-ability|p2a: Corviknight|Pressure
|move|p1a: Cry or Mog|Recover|p1a: Cry or Mog
|-heal|p1a: Cry or Mog|100/100
|
|upkeep
|turn|5
|
|t:|1779688522
|move|p1a: Cry or Mog|Freeze-Dry|p2a: Corviknight
|-damage|p2a: Corviknight|44/100
|move|p2a: Corviknight|Roost|p2a: Corviknight
|-heal|p2a: Corviknight|94/100
|-singleturn|p2a: Corviknight|move: Roost
|
|upkeep
|turn|6
|
|t:|1779688527
|move|p1a: Cry or Mog|Haze|p1a: Cry or Mog
|-clearallboost
|move|p2a: Corviknight|Body Press|p1a: Cry or Mog
|-supereffective|p1a: Cry or Mog
|-damage|p1a: Cry or Mog|10/100
|
|upkeep
|turn|7
|
|t:|1779688539
|switch|p1a: Dragapult|Dragapult, M|100/100
|move|p2a: Corviknight|U-turn|p1a: Dragapult
|-resisted|p1a: Dragapult
|-damage|p1a: Dragapult|91/100
|
|t:|1779688546
|switch|p2a: Enamorus|Enamorus, F|100/100|[from] U-turn
|
|upkeep
|turn|8
|
|t:|1779688554
|move|p2a: Enamorus|Moonblast|p1a: Dragapult
|-supereffective|p1a: Dragapult
|-damage|p1a: Dragapult|0 fnt
|faint|p1a: Dragapult
|
|upkeep
|
|t:|1779688557
|switch|p1a: Ribombee|Ribombee, M|100/100
|turn|9
|
|t:|1779688572
|switch|p2a: Iron Treads|Iron Treads|100/100
|move|p1a: Ribombee|Stun Spore|p2a: Iron Treads
|-status|p2a: Iron Treads|par
|
|upkeep
|turn|10
|
|t:|1779688587
|switch|p1a: Cry or Mog|Cryogonal|10/100
|move|p2a: Iron Treads|Knock Off|p1a: Cry or Mog
|-damage|p1a: Cry or Mog|0 fnt
|-enditem|p1a: Cry or Mog|Heavy-Duty Boots|[from] move: Knock Off|[of] p2a: Iron Treads
|faint|p1a: Cry or Mog
|
|upkeep
|
|t:|1779688598
|switch|p1a: Darkrai|Darkrai|66/100
|turn|11
|
|t:|1779688609
|-end|p2a: Iron Treads|Quark Drive|[silent]
|switch|p2a: Enamorus|Enamorus, F|100/100
|move|p1a: Darkrai|Nasty Plot|p1a: Darkrai
|-boost|p1a: Darkrai|spa|2
|
|upkeep
|turn|12
|
|t:|1779688616
|switch|p1a: Iron Crown|Iron Crown|100/100
|-enditem|p1a: Iron Crown|Booster Energy
|-activate|p1a: Iron Crown|ability: Quark Drive|[fromitem]
|-start|p1a: Iron Crown|quarkdrivespe
|move|p2a: Enamorus|Moonblast|p1a: Iron Crown
|-resisted|p1a: Iron Crown
|-damage|p1a: Iron Crown|74/100
|
|upkeep
|turn|13
|
|t:|1779688622
|switch|p2a: Iron Treads|Iron Treads|100/100 par
|move|p1a: Iron Crown|Calm Mind|p1a: Iron Crown
|-boost|p1a: Iron Crown|spa|1
|-boost|p1a: Iron Crown|spd|1
|
|upkeep
|turn|14
|
|t:|1779688633
|move|p1a: Iron Crown|Focus Blast|p2a: Iron Treads
|-supereffective|p2a: Iron Treads
|-damage|p2a: Iron Treads|11/100 par
|move|p2a: Iron Treads|Earthquake|p1a: Iron Crown
|-supereffective|p1a: Iron Crown
|-damage|p1a: Iron Crown|0 fnt
|faint|p1a: Iron Crown
|-end|p1a: Iron Crown|Quark Drive|[silent]
|
|-heal|p2a: Iron Treads|17/100 par|[from] item: Leftovers
|upkeep
|
|t:|1779688638
|switch|p1a: Darkrai|Darkrai|66/100
|turn|15
|
|t:|1779688646
|move|p1a: Darkrai|Ice Beam|p2a: Iron Treads
|-damage|p2a: Iron Treads|0 fnt
|faint|p2a: Iron Treads
|-end|p2a: Iron Treads|Quark Drive|[silent]
|-damage|p1a: Darkrai|56/100|[from] item: Life Orb
|
|upkeep
|
|t:|1779688652
|switch|p2a: Enamorus|Enamorus, F|100/100
|turn|16
|
|t:|1779688655
|move|p2a: Enamorus|Moonblast|p1a: Darkrai
|-supereffective|p1a: Darkrai
|-damage|p1a: Darkrai|0 fnt
|faint|p1a: Darkrai
|
|upkeep
|
|t:|1779688658
|switch|p1a: Ribombee|Ribombee, M|100/100
|turn|17
|
|t:|1779688665
|switch|p2a: Pecharunt|Pecharunt|100/100
|move|p1a: Ribombee|Moonblast|p2a: Pecharunt
|-resisted|p2a: Pecharunt
|-damage|p2a: Pecharunt|82/100
|
|upkeep
|turn|18
|
|t:|1779688672
|move|p1a: Ribombee|Stun Spore|p2a: Pecharunt
|-status|p2a: Pecharunt|par
|move|p2a: Pecharunt|Malignant Chain|p1a: Ribombee
|-supereffective|p1a: Ribombee
|-enditem|p1a: Ribombee|Focus Sash
|-damage|p1a: Ribombee|1/100
|
|upkeep
|turn|19
|
|t:|1779688680
|move|p1a: Ribombee|Sticky Web|p2a: Pecharunt
|-sidestart|p2: Mr_Stonks0406|move: Sticky Web
|cant|p2a: Pecharunt|par
|
|upkeep
|turn|20
|
|t:|1779688684
|move|p1a: Ribombee|Moonblast|p2a: Pecharunt
|-resisted|p2a: Pecharunt
|-damage|p2a: Pecharunt|61/100 par
|move|p2a: Pecharunt|Malignant Chain|p1a: Ribombee
|-supereffective|p1a: Ribombee
|-damage|p1a: Ribombee|0 fnt
|faint|p1a: Ribombee
|
|upkeep
|
|t:|1779688686
|switch|p1a: Ogerpon|Ogerpon, F|84/100
|turn|21
|
|t:|1779688689
|-terastallize|p1a: Ogerpon|Grass
|detailschange|p1a: Ogerpon|Ogerpon-Teal-Tera, F, tera:Grass
|-ability|p1a: Ogerpon|Embody Aspect (Teal)|boost
|-boost|p1a: Ogerpon|spe|1
|move|p1a: Ogerpon|Ivy Cudgel|p2a: Pecharunt
|-resisted|p2a: Pecharunt
|-damage|p2a: Pecharunt|39/100 par
|move|p2a: Pecharunt|Malignant Chain|p1a: Ogerpon
|-supereffective|p1a: Ogerpon
|-damage|p1a: Ogerpon|13/100
|-status|p1a: Ogerpon|tox
|-start|p1a: Ogerpon|confusion|[from] ability: Poison Puppeteer|[of] p2a: Pecharunt
|
|-damage|p1a: Ogerpon|7/100 tox|[from] psn
|upkeep
|turn|22
|-message|itkenreiza forfeited.
|
|win|Mr_Stonks0406
|raw|itkenreiza's rating: 1328 &rarr; <strong>1306</strong><br />(-22 for losing)
|raw|Mr_Stonks0406's rating: 1293 &rarr; <strong>1321</strong><br />(+28 for winning)
|l|☆itkenreiza
|player|p1|
|l|☆Mr_Stonks0406
|player|p2|
