|j|☆Akimmanir
|j|☆p$ychopath
|t:|1779611190
|gametype|singles
|player|p1|Akimmanir|red|1496
|player|p2|p$ychopath|psychic-lgpe|1674
|gen|9
|tier|[Gen 9] OU
|rated|
|rule|HP Percentage Mod: HP is shown in percentages
|rule|Endless Battle Clause: Forcing endless battles is banned
|rule|Species Clause: Limit one of each Pokémon
|rule|OHKO Clause: OHKO moves are banned
|rule|Evasion Items Clause: Evasion items are banned
|rule|Evasion Moves Clause: Evasion moves are banned
|rule|Evasion Abilities Clause: Evasion abilities are banned
|rule|Sleep Moves Clause: Sleep-inducing moves are banned
|clearpoke
|poke|p1|Dragonite, M|
|poke|p1|Hatterene, F|
|poke|p1|Weavile, F|
|poke|p1|Ogerpon-Wellspring, F|
|poke|p1|Kingambit, M|
|poke|p1|Great Tusk|
|poke|p2|Sandy Shocks|
|poke|p2|Iron Moth|
|poke|p2|Iron Valiant|
|poke|p2|Raging Bolt|
|poke|p2|Great Tusk|
|poke|p2|Iron Jugulis|
|teampreview
|inactive|Battle timer is ON: inactive players will automatically lose when time's up. (requested by p$ychopath)
|
|t:|1779611215
|teamsize|p1|6
|teamsize|p2|6
|start
|switch|p1a: Hello .RAW-Z|Weavile, F|100/100
|switch|p2a: Iron Mugulis|Iron Jugulis|100/100
|-enditem|p2a: Iron Mugulis|Booster Energy
|-activate|p2a: Iron Mugulis|ability: Quark Drive|[fromitem]
|-start|p2a: Iron Mugulis|quarkdrivespe
|turn|1
|
|t:|1779611222
|move|p2a: Iron Mugulis|Hurricane|p1a: Hello .RAW-Z|[miss]
|-miss|p2a: Iron Mugulis|p1a: Hello .RAW-Z
|move|p1a: Hello .RAW-Z|Icicle Crash|p2a: Iron Mugulis
|-supereffective|p2a: Iron Mugulis
|-damage|p2a: Iron Mugulis|0 fnt
|faint|p2a: Iron Mugulis
|-end|p2a: Iron Mugulis|Quark Drive|[silent]
|
|upkeep
|
|t:|1779611224
|switch|p2a: Iron Moth|Iron Moth|100/100
|-enditem|p2a: Iron Moth|Booster Energy
|-activate|p2a: Iron Moth|ability: Quark Drive|[fromitem]
|-start|p2a: Iron Moth|quarkdrivespe
|turn|2
|
|t:|1779611229
|move|p2a: Iron Moth|Fiery Dance|p1a: Hello .RAW-Z
|-supereffective|p1a: Hello .RAW-Z
|-enditem|p1a: Hello .RAW-Z|Focus Sash
|-damage|p1a: Hello .RAW-Z|1/100
|move|p1a: Hello .RAW-Z|Beat Up|p2a: Iron Moth
|-damage|p2a: Iron Moth|88/100
|-damage|p2a: Iron Moth|77/100
|-damage|p2a: Iron Moth|65/100
|-damage|p2a: Iron Moth|53/100
|-damage|p2a: Iron Moth|40/100
|-damage|p2a: Iron Moth|27/100
|-hitcount|p2a: Iron Moth|6
|
|upkeep
|turn|3
|
|t:|1779611242
|move|p2a: Iron Moth|Fiery Dance|p1a: Hello .RAW-Z
|-supereffective|p1a: Hello .RAW-Z
|-damage|p1a: Hello .RAW-Z|0 fnt
|faint|p1a: Hello .RAW-Z
|
|upkeep
|
|t:|1779611262
|switch|p1a: Swish|Dragonite, M|100/100
|turn|4
|
|t:|1779611265
|move|p2a: Iron Moth|Dazzling Gleam|p1a: Swish
|-supereffective|p1a: Swish
|-damage|p1a: Swish|71/100
|move|p1a: Swish|Earthquake|p2a: Iron Moth
|-supereffective|p2a: Iron Moth
|-damage|p2a: Iron Moth|0 fnt
|faint|p2a: Iron Moth
|-end|p2a: Iron Moth|Quark Drive|[silent]
|
|-heal|p1a: Swish|77/100|[from] item: Leftovers
|upkeep
|
|t:|1779611275
|switch|p2a: Raging Bolt|Raging Bolt|100/100
|-enditem|p2a: Raging Bolt|Booster Energy
|-activate|p2a: Raging Bolt|ability: Protosynthesis|[fromitem]
|-start|p2a: Raging Bolt|protosynthesisspa
|turn|5
|
|t:|1779611280
|switch|p1a: Z-machine|Great Tusk|100/100
|move|p2a: Raging Bolt|Dragon Pulse|p1a: Z-machine
|-damage|p1a: Z-machine|56/100
|
|upkeep
|turn|6
|
|t:|1779611286
|move|p2a: Raging Bolt|Calm Mind|p2a: Raging Bolt
|-boost|p2a: Raging Bolt|spa|1
|-boost|p2a: Raging Bolt|spd|1
|move|p1a: Z-machine|Headlong Rush|p2a: Raging Bolt
|-supereffective|p2a: Raging Bolt
|-damage|p2a: Raging Bolt|0 fnt
|-unboost|p1a: Z-machine|def|1
|-unboost|p1a: Z-machine|spd|1
|faint|p2a: Raging Bolt
|-end|p2a: Raging Bolt|Protosynthesis|[silent]
|
|upkeep
|
|t:|1779611294
|switch|p2a: Iron Valiant|Iron Valiant|100/100
|-enditem|p2a: Iron Valiant|Booster Energy
|-activate|p2a: Iron Valiant|ability: Quark Drive|[fromitem]
|-start|p2a: Iron Valiant|quarkdrivespe
|turn|7
|
|t:|1779611301
|move|p2a: Iron Valiant|Swords Dance|p2a: Iron Valiant
|-boost|p2a: Iron Valiant|atk|2
|move|p1a: Z-machine|Headlong Rush|p2a: Iron Valiant
|-damage|p2a: Iron Valiant|13/100
|-unboost|p1a: Z-machine|def|1
|-unboost|p1a: Z-machine|spd|1
|
|upkeep
|turn|8
|
|t:|1779611307
|move|p2a: Iron Valiant|Close Combat|p1a: Z-machine
|-damage|p1a: Z-machine|0 fnt
|-unboost|p2a: Iron Valiant|def|1
|-unboost|p2a: Iron Valiant|spd|1
|faint|p1a: Z-machine
|-end|p1a: Z-machine|Protosynthesis|[silent]
|
|upkeep
|
|t:|1779611314
|switch|p1a: Vent de l'est|Hatterene, F|100/100
|turn|9
|
|t:|1779611317
|move|p2a: Iron Valiant|Knock Off|p1a: Vent de l'est
|-damage|p1a: Vent de l'est|47/100
|-damage|p2a: Iron Valiant|0 fnt|[from] item: Rocky Helmet|[of] p1a: Vent de l'est
|faint|p2a: Iron Valiant
|-end|p2a: Iron Valiant|Quark Drive|[silent]
|move|p1a: Vent de l'est|Draining Kiss|p2: Iron Valiant|[notarget]
|-fail|p1a: Vent de l'est
|
|upkeep
|
|t:|1779611326
|switch|p2a: Sandy Shocks|Sandy Shocks|100/100
|-enditem|p2a: Sandy Shocks|Booster Energy
|-activate|p2a: Sandy Shocks|ability: Protosynthesis|[fromitem]
|-start|p2a: Sandy Shocks|protosynthesisspe
|turn|10
|
|t:|1779611330
|move|p2a: Sandy Shocks|Thunderbolt|p1a: Vent de l'est
|-damage|p1a: Vent de l'est|4/100
|move|p1a: Vent de l'est|Healing Wish|p1a: Vent de l'est
|faint|p1a: Vent de l'est
|
|upkeep
|
|t:|1779611336
|switch|p1a: Maladresse|Ogerpon-Wellspring, F|100/100
|turn|11
|
|t:|1779611343
|move|p2a: Sandy Shocks|Stealth Rock|p1a: Maladresse
|-sidestart|p1: Akimmanir|move: Stealth Rock
|move|p1a: Maladresse|Power Whip|p2a: Sandy Shocks
|-supereffective|p2a: Sandy Shocks
|-damage|p2a: Sandy Shocks|0 fnt
|faint|p2a: Sandy Shocks
|-end|p2a: Sandy Shocks|Protosynthesis|[silent]
|
|upkeep
|
|t:|1779611347
|switch|p2a: Great Tusk|Great Tusk|100/100
|-enditem|p2a: Great Tusk|Booster Energy
|-activate|p2a: Great Tusk|ability: Protosynthesis|[fromitem]
|-start|p2a: Great Tusk|protosynthesisspe
|turn|12
|
|t:|1779611354
|-terastallize|p2a: Great Tusk|Ice
|move|p2a: Great Tusk|Bulk Up|p2a: Great Tusk
|-boost|p2a: Great Tusk|atk|1
|-boost|p2a: Great Tusk|def|1
|move|p1a: Maladresse|Ivy Cudgel|p2a: Great Tusk|[anim] Ivy Cudgel Water
|-damage|p2a: Great Tusk|74/100
|
|upkeep
|turn|13
|
|t:|1779611361
|move|p2a: Great Tusk|Bulk Up|p2a: Great Tusk
|-boost|p2a: Great Tusk|atk|1
|-boost|p2a: Great Tusk|def|1
|move|p1a: Maladresse|Swords Dance|p1a: Maladresse
|-boost|p1a: Maladresse|atk|2
|
|upkeep
|turn|14
|
|t:|1779611370
|move|p2a: Great Tusk|Bulk Up|p2a: Great Tusk
|-boost|p2a: Great Tusk|atk|1
|-boost|p2a: Great Tusk|def|1
|move|p1a: Maladresse|Ivy Cudgel|p2a: Great Tusk|[anim] Ivy Cudgel Water
|-damage|p2a: Great Tusk|46/100
|
|upkeep
|turn|15
|
|t:|1779611376
|move|p2a: Great Tusk|Ice Spinner|p1a: Maladresse
|-damage|p1a: Maladresse|0 fnt
|faint|p1a: Maladresse
|
|upkeep
|
|t:|1779611381
|switch|p1a: PrinceDeSangMêlé|Kingambit, M|100/100
|-damage|p1a: PrinceDeSangMêlé|94/100|[from] Stealth Rock
|-activate|p1a: PrinceDeSangMêlé|ability: Supreme Overlord
|-start|p1a: PrinceDeSangMêlé|fallen4|[silent]
|turn|16
|
|t:|1779611385
|-terastallize|p1a: PrinceDeSangMêlé|Fairy
|move|p2a: Great Tusk|Headlong Rush|p1a: PrinceDeSangMêlé
|-damage|p1a: PrinceDeSangMêlé|0 fnt
|-unboost|p2a: Great Tusk|def|1
|-unboost|p2a: Great Tusk|spd|1
|faint|p1a: PrinceDeSangMêlé
|-end|p1a: PrinceDeSangMêlé|fallen4|[silent]
|
|upkeep
|
|t:|1779611389
|switch|p1a: Swish|Dragonite, M|77/100
|-heal|p1a: Swish|100/100|[from] move: Healing Wish
|-damage|p1a: Swish|76/100|[from] Stealth Rock
|turn|17
|
|t:|1779611392
|move|p2a: Great Tusk|Ice Spinner|p1a: Swish
|-supereffective|p1a: Swish
|-damage|p1a: Swish|0 fnt
|faint|p1a: Swish
|
|win|p$ychopath
|raw|Akimmanir's rating: 1496 &rarr; <strong>1485</strong><br />(-11 for losing)
|raw|p$ychopath's rating: 1674 &rarr; <strong>1685</strong><br />(+11 for winning)
|l|☆Akimmanir
|player|p1|
|l|☆p$ychopath
|player|p2|
