|j|☆Pipigoutcaca
|j|☆lilpoem
|t:|1779557130
|gametype|singles
|player|p1|Pipigoutcaca|ghetsis-gen5bw|1340
|player|p2|lilpoem|pokefanf-gen4|1350
|gen|9
|tier|[Gen 9] OU
|rated|
|rule|HP Percentage Mod: HP is shown in percentages
|rule|Endless Battle Clause: Forcing endless battles is banned
|rule|Species Clause: Limit one of each Pokémon
|rule|OHKO Clause: OHKO moves are banned
|rule|Evasion Items Clause: Evasion items are banned
|rule|Evasion Moves Clause: Evasion moves are banned
|rule|Evasion Abilities Clause: Evasion abilities are banned
|rule|Sleep Moves Clause: Sleep-inducing moves are banned
|clearpoke
|poke|p1|Ogerpon, F|
|poke|p1|Walking Wake|
|poke|p1|Torkoal, F|
|poke|p1|Great Tusk|
|poke|p1|Dragapult, F|
|poke|p1|Gholdengo|
|poke|p2|Okidogi, M|
|poke|p2|Sneasel-Hisui, M|
|poke|p2|Iron Hands|
|poke|p2|Zamazenta-*|
|poke|p2|Iron Valiant|
|poke|p2|Keldeo|
|teampreview
|
|t:|1779557134
|teamsize|p1|6
|teamsize|p2|6
|start
|switch|p1a: Great Tusk|Great Tusk|100/100
|switch|p2a: Okidoge|Okidogi, M|100/100
|-enditem|p1a: Great Tusk|Booster Energy
|-activate|p1a: Great Tusk|ability: Protosynthesis|[fromitem]
|-start|p1a: Great Tusk|protosynthesisspe
|turn|1
|
|t:|1779557148
|-terastallize|p2a: Okidoge|Dark
|move|p1a: Great Tusk|Stealth Rock|p2a: Okidoge
|-sidestart|p2: lilpoem|move: Stealth Rock
|move|p2a: Okidoge|Fling|p1a: Great Tusk
|-resisted|p1a: Great Tusk
|-damage|p1a: Great Tusk|89/100
|-status|p1a: Great Tusk|par
|-enditem|p2a: Okidoge|Light Ball|[from] move: Fling
|
|upkeep
|turn|2
|
|t:|1779557165
|move|p1a: Great Tusk|Earthquake|p2a: Okidoge
|-damage|p2a: Okidoge|60/100
|move|p2a: Okidoge|Ice Punch|p1a: Great Tusk
|-supereffective|p1a: Great Tusk
|-damage|p1a: Great Tusk|51/100 par
|
|upkeep
|turn|3
|
|t:|1779557194
|move|p1a: Great Tusk|Earthquake|p2a: Okidoge
|-damage|p2a: Okidoge|24/100
|move|p2a: Okidoge|Ice Punch|p1a: Great Tusk
|-supereffective|p1a: Great Tusk
|-damage|p1a: Great Tusk|9/100 par
|
|upkeep
|turn|4
|
|t:|1779557200
|move|p1a: Great Tusk|Earthquake|p2a: Okidoge
|-damage|p2a: Okidoge|0 fnt
|faint|p2a: Okidoge
|
|upkeep
|c|☆Pipigoutcaca|im lucky
|
|t:|1779557209
|switch|p2a: Iron Hands|Iron Hands|100/100
|-damage|p2a: Iron Hands|94/100|[from] Stealth Rock
|-enditem|p2a: Iron Hands|Booster Energy
|-activate|p2a: Iron Hands|ability: Quark Drive|[fromitem]
|-start|p2a: Iron Hands|quarkdriveatk
|turn|5
|inactive|Battle timer is ON: inactive players will automatically lose when time's up. (requested by lilpoem)
|
|t:|1779557219
|move|p2a: Iron Hands|Fake Out|p1a: Great Tusk
|-damage|p1a: Great Tusk|0 fnt
|faint|p1a: Great Tusk
|-end|p1a: Great Tusk|Protosynthesis|[silent]
|
|upkeep
|
|t:|1779557234
|switch|p1a: Dragapult|Dragapult, F|100/100
|turn|6
|c|☆lilpoem|We both is
|
|t:|1779557250
|move|p1a: Dragapult|Will-O-Wisp|p2a: Iron Hands
|-status|p2a: Iron Hands|brn
|move|p2a: Iron Hands|Ice Punch|p1a: Dragapult
|-supereffective|p1a: Dragapult
|-damage|p1a: Dragapult|42/100
|
|-damage|p2a: Iron Hands|88/100 brn|[from] brn
|upkeep
|turn|7
|
|t:|1779557262
|switch|p1a: Torkoal|Torkoal, F|100/100
|-weather|SunnyDay|[from] ability: Drought|[of] p1a: Torkoal
|move|p2a: Iron Hands|Ice Punch|p1a: Torkoal
|-resisted|p1a: Torkoal
|-damage|p1a: Torkoal|95/100
|
|-weather|SunnyDay|[upkeep]
|-heal|p1a: Torkoal|100/100|[from] item: Leftovers
|-damage|p2a: Iron Hands|82/100 brn|[from] brn
|upkeep
|turn|8
|
|t:|1779557285
|move|p2a: Iron Hands|Earthquake|p1a: Torkoal
|-supereffective|p1a: Torkoal
|-damage|p1a: Torkoal|68/100
|move|p1a: Torkoal|Eruption|p2a: Iron Hands
|-damage|p2a: Iron Hands|39/100 brn
|
|-weather|SunnyDay|[upkeep]
|-heal|p1a: Torkoal|74/100|[from] item: Leftovers
|-damage|p2a: Iron Hands|33/100 brn|[from] brn
|upkeep
|turn|9
|inactive|lilpoem has 120 seconds left.
|
|t:|1779557327
|move|p1a: Torkoal|Protect|p1a: Torkoal
|-singleturn|p1a: Torkoal|Protect
|move|p2a: Iron Hands|Earthquake|p1a: Torkoal
|-activate|p1a: Torkoal|move: Protect
|
|-weather|SunnyDay|[upkeep]
|-heal|p1a: Torkoal|80/100|[from] item: Leftovers
|-damage|p2a: Iron Hands|27/100 brn|[from] brn
|upkeep
|turn|10
|
|t:|1779557344
|move|p2a: Iron Hands|Earthquake|p1a: Torkoal
|-supereffective|p1a: Torkoal
|-damage|p1a: Torkoal|48/100
|move|p1a: Torkoal|Iron Defense|p1a: Torkoal
|-boost|p1a: Torkoal|def|2
|
|-weather|SunnyDay|[upkeep]
|-heal|p1a: Torkoal|54/100|[from] item: Leftovers
|-damage|p2a: Iron Hands|20/100 brn|[from] brn
|upkeep
|turn|11
|
|t:|1779557355
|-end|p2a: Iron Hands|Quark Drive|[silent]
|switch|p2a: Keldeo|Keldeo|100/100
|-damage|p2a: Keldeo|94/100|[from] Stealth Rock
|move|p1a: Torkoal|Eruption|p2a: Keldeo
|-resisted|p2a: Keldeo
|-crit|p2a: Keldeo
|-damage|p2a: Keldeo|63/100
|
|-weather|none
|-heal|p1a: Torkoal|60/100|[from] item: Leftovers
|upkeep
|turn|12
|
|t:|1779557369
|move|p1a: Torkoal|Protect|p1a: Torkoal
|-singleturn|p1a: Torkoal|Protect
|move|p2a: Keldeo|Surf|p1a: Torkoal
|-activate|p1a: Torkoal|move: Protect
|
|-heal|p1a: Torkoal|66/100|[from] item: Leftovers
|upkeep
|turn|13
|
|t:|1779557384
|move|p2a: Keldeo|Surf|p1a: Torkoal
|-supereffective|p1a: Torkoal
|-damage|p1a: Torkoal|0 fnt
|faint|p1a: Torkoal
|
|upkeep
|
|t:|1779557390
|switch|p1a: Ogerpon|Ogerpon, F|100/100
|turn|14
|
|t:|1779557401
|switch|p2a: Iron Hands|Iron Hands|20/100 brn
|-damage|p2a: Iron Hands|14/100 brn|[from] Stealth Rock
|move|p1a: Ogerpon|Ivy Cudgel|p2a: Iron Hands
|-crit|p2a: Iron Hands
|-damage|p2a: Iron Hands|0 fnt
|faint|p2a: Iron Hands
|-end|p2a: Iron Hands|Quark Drive|[silent]
|
|upkeep
|
|t:|1779557412
|switch|p2a: Fn bb|Sneasel-Hisui, M|100/100
|-damage|p2a: Fn bb|95/100|[from] Stealth Rock
|turn|15
|
|t:|1779557420
|switch|p1a: Gholdengo|Gholdengo|100/100
|-item|p1a: Gholdengo|Air Balloon
|move|p2a: Fn bb|Gunk Shot|p1a: Gholdengo
|-immune|p1a: Gholdengo
|
|upkeep
|turn|16
|
|t:|1779557431
|move|p2a: Fn bb|Fling|p1a: Gholdengo
|-supereffective|p1a: Gholdengo
|-damage|p1a: Gholdengo|85/100
|-status|p1a: Gholdengo|par
|-enditem|p1a: Gholdengo|Air Balloon
|-enditem|p2a: Fn bb|Light Ball|[from] move: Fling
|move|p1a: Gholdengo|Nasty Plot|p1a: Gholdengo
|-boost|p1a: Gholdengo|spa|2
|
|upkeep
|turn|17
|
|t:|1779557454
|move|p2a: Fn bb|Toxic Spikes|p1a: Gholdengo
|-sidestart|p1: Pipigoutcaca|move: Toxic Spikes
|cant|p1a: Gholdengo|par
|
|upkeep
|turn|18
|
|t:|1779557462
|move|p2a: Fn bb|Toxic Spikes|p1a: Gholdengo
|-sidestart|p1: Pipigoutcaca|move: Toxic Spikes
|move|p1a: Gholdengo|Make It Rain|p2a: Fn bb
|-damage|p2a: Fn bb|0 fnt
|-unboost|p1a: Gholdengo|spa|1
|faint|p2a: Fn bb
|
|upkeep
|
|t:|1779557468
|switch|p2a: SOL TAKER|Iron Valiant|100/100
|-damage|p2a: SOL TAKER|94/100|[from] Stealth Rock
|-enditem|p2a: SOL TAKER|Booster Energy
|-activate|p2a: SOL TAKER|ability: Quark Drive|[fromitem]
|-start|p2a: SOL TAKER|quarkdrivespe
|turn|19
|
|t:|1779557482
|move|p2a: SOL TAKER|Hex|p1a: Gholdengo
|-supereffective|p1a: Gholdengo
|-damage|p1a: Gholdengo|14/100 par
|cant|p1a: Gholdengo|par
|
|upkeep
|turn|20
|
|t:|1779557490
|move|p2a: SOL TAKER|Hex|p1a: Gholdengo
|-supereffective|p1a: Gholdengo
|-damage|p1a: Gholdengo|0 fnt
|faint|p1a: Gholdengo
|
|upkeep
|
|t:|1779557505
|switch|p1a: Ogerpon|Ogerpon, F|100/100
|-status|p1a: Ogerpon|tox
|turn|21
|
|t:|1779557513
|move|p2a: SOL TAKER|Hex|p1a: Ogerpon
|-damage|p1a: Ogerpon|50/100 tox
|move|p1a: Ogerpon|Ivy Cudgel|p2a: SOL TAKER
|-crit|p2a: SOL TAKER
|-damage|p2a: SOL TAKER|1/100
|
|-damage|p1a: Ogerpon|44/100 tox|[from] psn
|upkeep
|turn|22
|c|☆Pipigoutcaca|...
|
|t:|1779557525
|move|p2a: SOL TAKER|Hex|p1a: Ogerpon
|-damage|p1a: Ogerpon|0 fnt
|faint|p1a: Ogerpon
|
|upkeep
|c|☆lilpoem|Sheeeee
|
|t:|1779557530
|switch|p1a: Walking Wake|Walking Wake|100/100
|-status|p1a: Walking Wake|tox
|-enditem|p1a: Walking Wake|Booster Energy
|-activate|p1a: Walking Wake|ability: Protosynthesis|[fromitem]
|-start|p1a: Walking Wake|protosynthesisspa
|turn|23
|
|t:|1779557547
|-terastallize|p1a: Walking Wake|Water
|move|p2a: SOL TAKER|Moonblast|p1a: Walking Wake
|-damage|p1a: Walking Wake|45/100 tox
|-unboost|p1a: Walking Wake|spa|1
|move|p1a: Walking Wake|Hydro Steam|p2a: SOL TAKER
|-damage|p2a: SOL TAKER|0 fnt
|faint|p2a: SOL TAKER
|-end|p2a: SOL TAKER|Quark Drive|[silent]
|
|-damage|p1a: Walking Wake|39/100 tox|[from] psn
|upkeep
|
|t:|1779557572
|switch|p2a: Dark Aura|Zamazenta|100/100
|-damage|p2a: Dark Aura|94/100|[from] Stealth Rock
|-ability|p2a: Dark Aura|Dauntless Shield|boost
|-boost|p2a: Dark Aura|def|1
|turn|24
|
|t:|1779557579
|move|p2a: Dark Aura|Crunch|p1a: Walking Wake
|-damage|p1a: Walking Wake|7/100 tox
|move|p1a: Walking Wake|Hurricane|p2a: Dark Aura
|-supereffective|p2a: Dark Aura
|-damage|p2a: Dark Aura|43/100
|-start|p2a: Dark Aura|confusion
|-enditem|p2a: Dark Aura|Lum Berry|[eat]
|-end|p2a: Dark Aura|confusion
|
|-damage|p1a: Walking Wake|0 fnt|[from] psn
|faint|p1a: Walking Wake
|-end|p1a: Walking Wake|Protosynthesis|[silent]
|upkeep
|c|☆Pipigoutcaca|....
|
|t:|1779557590
|switch|p1a: Dragapult|Dragapult, F|42/100
|-status|p1a: Dragapult|tox
|turn|25
|
|t:|1779557596
|move|p1a: Dragapult|Dragon Darts|p2a: Dark Aura
|-damage|p2a: Dark Aura|20/100
|-anim|p1a: Dragapult|Dragon Darts|p2a: Dark Aura
|-damage|p2a: Dark Aura|0 fnt
|faint|p2a: Dark Aura
|
|-damage|p1a: Dragapult|36/100 tox|[from] psn
|upkeep
|
|t:|1779557601
|switch|p2a: Keldeo|Keldeo|63/100
|-damage|p2a: Keldeo|57/100|[from] Stealth Rock
|turn|26
|c|☆lilpoem|Ggs
|c|☆lilpoem|if this misses oh well
|c|☆Pipigoutcaca|u2
|
|t:|1779557620
|move|p2a: Keldeo|Icy Wind|p1a: Dragapult
|-supereffective|p1a: Dragapult
|-damage|p1a: Dragapult|0 fnt
|faint|p1a: Dragapult
|
|win|lilpoem
|raw|Pipigoutcaca's rating: 1340 &rarr; <strong>1321</strong><br />(-19 for losing)
|raw|lilpoem's rating: 1350 &rarr; <strong>1369</strong><br />(+19 for winning)
|c|☆Pipigoutcaca|u are fasteR? ??
|c|☆Pipigoutcaca|are u scarf ?
|c|☆lilpoem|Scrafed
|l|☆lilpoem
|player|p2|
|c|☆Pipigoutcaca|okok
|l|☆Pipigoutcaca
|player|p1|
