|j|☆thegreatestnone
|j|☆ihymyly
|t:|1779638759
|gametype|singles
|player|p1|thegreatestnone|102|1511
|player|p2|ihymyly|102|1564
|gen|9
|tier|[Gen 9] OU
|rated|
|rule|HP Percentage Mod: HP is shown in percentages
|rule|Endless Battle Clause: Forcing endless battles is banned
|rule|Species Clause: Limit one of each Pokémon
|rule|OHKO Clause: OHKO moves are banned
|rule|Evasion Items Clause: Evasion items are banned
|rule|Evasion Moves Clause: Evasion moves are banned
|rule|Evasion Abilities Clause: Evasion abilities are banned
|rule|Sleep Moves Clause: Sleep-inducing moves are banned
|clearpoke
|poke|p1|Dewgong, F|
|poke|p1|Ting-Lu|
|poke|p1|Skeledirge, F|
|poke|p1|Amoonguss, M|
|poke|p1|Weezing-Galar, M|
|poke|p1|Slowking, F|
|poke|p2|Samurott-Hisui, M|
|poke|p2|Gholdengo|
|poke|p2|Great Tusk|
|poke|p2|Darkrai|
|poke|p2|Landorus-Therian, M|
|poke|p2|Weavile, M|
|teampreview
|
|t:|1779638772
|teamsize|p1|6
|teamsize|p2|6
|start
|switch|p1a: Weezing|Weezing-Galar, M|100/100
|switch|p2a: Landorus|Landorus-Therian, M|100/100
|-ability|p2a: Landorus|Intimidate|boost
|-unboost|p1a: Weezing|atk|1
|turn|1
|
|t:|1779638778
|move|p2a: Landorus|Taunt|p1a: Weezing
|-start|p1a: Weezing|move: Taunt
|move|p1a: Weezing|Heat Wave|p2a: Landorus
|-damage|p2a: Landorus|79/100
|
|upkeep
|turn|2
|
|t:|1779638783
|move|p2a: Landorus|Stealth Rock|p1a: Weezing
|-sidestart|p1: thegreatestnone|move: Stealth Rock
|move|p1a: Weezing|Sludge Bomb|p2a: Landorus
|-resisted|p2a: Landorus
|-damage|p2a: Landorus|63/100
|
|upkeep
|turn|3
|
|t:|1779638788
|move|p2a: Landorus|U-turn|p1a: Weezing
|-resisted|p1a: Weezing
|-damage|p1a: Weezing|97/100
|
|t:|1779638795
|switch|p2a: almost*evil*jordan|Darkrai, shiny|100/100|[from] U-turn
|move|p1a: Weezing|Heat Wave|p2a: almost*evil*jordan
|-damage|p2a: almost*evil*jordan|72/100
|
|-heal|p2a: almost*evil*jordan|78/100|[from] item: Leftovers
|-heal|p1a: Weezing|100/100|[from] item: Leftovers
|-end|p1a: Weezing|move: Taunt
|upkeep
|turn|4
|
|t:|1779638802
|move|p2a: almost*evil*jordan|Nasty Plot|p2a: almost*evil*jordan
|-boost|p2a: almost*evil*jordan|spa|2
|move|p1a: Weezing|Sludge Bomb|p2a: almost*evil*jordan
|-damage|p2a: almost*evil*jordan|38/100
|-status|p2a: almost*evil*jordan|psn
|
|-heal|p2a: almost*evil*jordan|45/100 psn|[from] item: Leftovers
|-damage|p2a: almost*evil*jordan|32/100 psn|[from] psn
|upkeep
|turn|5
|
|t:|1779638817
|switch|p1a: Dewgong|Dewgong, F|100/100
|move|p2a: almost*evil*jordan|Ice Beam|p1a: Dewgong
|-resisted|p1a: Dewgong
|-damage|p1a: Dewgong|96/100
|
|-heal|p2a: almost*evil*jordan|38/100 psn|[from] item: Leftovers
|-damage|p2a: almost*evil*jordan|26/100 psn|[from] psn
|upkeep
|turn|6
|
|t:|1779638825
|switch|p1a: Ting-Lu|Ting-Lu|100/100
|-damage|p1a: Ting-Lu|94/100|[from] Stealth Rock
|-ability|p1a: Ting-Lu|Vessel of Ruin
|move|p2a: almost*evil*jordan|Ice Beam|p1a: Ting-Lu
|-supereffective|p1a: Ting-Lu
|-damage|p1a: Ting-Lu|48/100
|
|-heal|p2a: almost*evil*jordan|32/100 psn|[from] item: Leftovers
|-heal|p1a: Ting-Lu|54/100|[from] item: Leftovers
|-damage|p2a: almost*evil*jordan|20/100 psn|[from] psn
|upkeep
|turn|7
|
|t:|1779638832
|switch|p1a: Dewgong|Dewgong, F|96/100
|move|p2a: almost*evil*jordan|Dark Pulse|p1a: Dewgong
|-damage|p1a: Dewgong|40/100
|
|-heal|p2a: almost*evil*jordan|26/100 psn|[from] item: Leftovers
|-damage|p2a: almost*evil*jordan|13/100 psn|[from] psn
|upkeep
|turn|8
|
|t:|1779638846
|move|p2a: almost*evil*jordan|Dark Pulse|p1a: Dewgong
|-damage|p1a: Dewgong|0 fnt
|faint|p1a: Dewgong
|
|-heal|p2a: almost*evil*jordan|20/100 psn|[from] item: Leftovers
|-damage|p2a: almost*evil*jordan|7/100 psn|[from] psn
|upkeep
|
|t:|1779638854
|switch|p1a: Slowking|Slowking, F|100/100
|turn|9
|
|t:|1779638857
|move|p2a: almost*evil*jordan|Dark Pulse|p1a: Slowking
|-supereffective|p1a: Slowking
|-damage|p1a: Slowking|15/100
|move|p1a: Slowking|Scald|p2a: almost*evil*jordan
|-damage|p2a: almost*evil*jordan|0 fnt
|faint|p2a: almost*evil*jordan
|
|upkeep
|
|t:|1779638864
|switch|p2a: Samurott|Samurott-Hisui, M|100/100
|turn|10
|
|t:|1779638867
|switch|p1a: Weezing|Weezing-Galar, M|100/100
|-damage|p1a: Weezing|88/100|[from] Stealth Rock
|move|p2a: Samurott|Ceaseless Edge|p1a: Weezing
|-resisted|p1a: Weezing
|-damage|p1a: Weezing|75/100
|-sidestart|p1: thegreatestnone|Spikes
|
|-heal|p1a: Weezing|81/100|[from] item: Leftovers
|upkeep
|turn|11
|j| himejijou
|j| FaronAan
|
|t:|1779638918
|switch|p2a: Gholdengo|Gholdengo|100/100
|move|p1a: Weezing|Heat Wave|p2a: Gholdengo
|-supereffective|p2a: Gholdengo
|-damage|p2a: Gholdengo|49/100
|
|-heal|p1a: Weezing|87/100|[from] item: Leftovers
|upkeep
|turn|12
|j| Disscratch
|
|t:|1779638929
|switch|p1a: Ting-Lu|Ting-Lu|54/100
|-damage|p1a: Ting-Lu|48/100|[from] Stealth Rock
|-damage|p1a: Ting-Lu|36/100|[from] Spikes
|-ability|p1a: Ting-Lu|Vessel of Ruin
|move|p2a: Gholdengo|Trick|p1a: Ting-Lu
|-activate|p2a: Gholdengo|move: Trick|[of] p1a: Ting-Lu
|-item|p1a: Ting-Lu|Choice Scarf|[from] move: Trick
|-item|p2a: Gholdengo|Leftovers|[from] move: Trick
|
|-heal|p2a: Gholdengo|55/100|[from] item: Leftovers
|upkeep
|turn|13
|
|t:|1779638936
|switch|p2a: Landorus|Landorus-Therian, M|63/100
|-ability|p2a: Landorus|Intimidate|boost
|-unboost|p1a: Ting-Lu|atk|1
|move|p1a: Ting-Lu|Ruination|p2a: Landorus
|-damage|p2a: Landorus|32/100
|
|upkeep
|turn|14
|
|t:|1779638943
|switch|p1a: Weezing|Weezing-Galar, M|87/100
|-damage|p1a: Weezing|74/100|[from] Stealth Rock
|move|p2a: Landorus|U-turn|p1a: Weezing
|-resisted|p1a: Weezing
|-damage|p1a: Weezing|71/100
|
|t:|1779638947
|switch|p2a: Gholdengo|Gholdengo|55/100|[from] U-turn
|
|-heal|p2a: Gholdengo|61/100|[from] item: Leftovers
|-heal|p1a: Weezing|77/100|[from] item: Leftovers
|upkeep
|turn|15
|
|t:|1779638954
|-terastallize|p1a: Weezing|Steel
|move|p2a: Gholdengo|Nasty Plot|p2a: Gholdengo
|-boost|p2a: Gholdengo|spa|2
|move|p1a: Weezing|Heat Wave|p2a: Gholdengo
|-supereffective|p2a: Gholdengo
|-damage|p2a: Gholdengo|12/100
|-status|p2a: Gholdengo|brn
|
|-heal|p2a: Gholdengo|18/100 brn|[from] item: Leftovers
|-heal|p1a: Weezing|83/100|[from] item: Leftovers
|-damage|p2a: Gholdengo|12/100 brn|[from] brn
|upkeep
|turn|16
|
|t:|1779638965
|switch|p1a: Ting-Lu|Ting-Lu|36/100
|-damage|p1a: Ting-Lu|29/100|[from] Stealth Rock
|-damage|p1a: Ting-Lu|17/100|[from] Spikes
|-ability|p1a: Ting-Lu|Vessel of Ruin
|move|p2a: Gholdengo|Shadow Ball|p1a: Ting-Lu
|-resisted|p1a: Ting-Lu
|-damage|p1a: Ting-Lu|0 fnt
|faint|p1a: Ting-Lu
|
|-heal|p2a: Gholdengo|18/100 brn|[from] item: Leftovers
|-damage|p2a: Gholdengo|12/100 brn|[from] brn
|upkeep
|
|t:|1779638973
|switch|p1a: Weezing|Weezing-Galar, M, tera:Steel|83/100
|-damage|p1a: Weezing|77/100|[from] Stealth Rock
|turn|17
|
|t:|1779638977
|move|p2a: Gholdengo|Shadow Ball|p1a: Weezing
|-damage|p1a: Weezing|0 fnt
|faint|p1a: Weezing
|
|-heal|p2a: Gholdengo|18/100 brn|[from] item: Leftovers
|-damage|p2a: Gholdengo|12/100 brn|[from] brn
|upkeep
|-message|thegreatestnone forfeited.
|
|win|ihymyly
|raw|thegreatestnone's rating: 1511 &rarr; <strong>1494</strong><br />(-17 for losing)
|raw|ihymyly's rating: 1564 &rarr; <strong>1581</strong><br />(+17 for winning)
|l|☆thegreatestnone
|player|p1|
|l|☆ihymyly
|player|p2|
|l| himejijou
|l| Disscratch
