|j|☆SgtBrick14
|j|☆tympolemybeloved
|t:|1779604909
|gametype|singles
|player|p1|SgtBrick14|pokemonranger|1418
|player|p2|tympolemybeloved|pokemonranger-gen4|1399
|gen|9
|tier|[Gen 9] OU
|rated|
|rule|HP Percentage Mod: HP is shown in percentages
|rule|Endless Battle Clause: Forcing endless battles is banned
|rule|Species Clause: Limit one of each Pokémon
|rule|OHKO Clause: OHKO moves are banned
|rule|Evasion Items Clause: Evasion items are banned
|rule|Evasion Moves Clause: Evasion moves are banned
|rule|Evasion Abilities Clause: Evasion abilities are banned
|rule|Sleep Moves Clause: Sleep-inducing moves are banned
|clearpoke
|poke|p1|Hatterene, F|
|poke|p1|Kleavor, F|
|poke|p1|Dragapult, F|
|poke|p1|Gengar, F|
|poke|p1|Muk-Alola, M|
|poke|p1|Torkoal, F|
|poke|p2|Great Tusk|
|poke|p2|Dragonite, F|
|poke|p2|Arcanine-Hisui, F|
|poke|p2|Corviknight, F|
|poke|p2|Alomomola, M|
|poke|p2|Primarina, M|
|teampreview
|inactive|Battle timer is ON: inactive players will automatically lose when time's up. (requested by tympolemybeloved)
|
|t:|1779604926
|teamsize|p1|6
|teamsize|p2|6
|start
|switch|p1a: Gengar|Gengar, F|100/100
|switch|p2a: Arcanine|Arcanine-Hisui, F|100/100
|turn|1
|
|t:|1779604941
|move|p2a: Arcanine|Head Smash|p1a: Gengar
|-enditem|p1a: Gengar|Focus Sash
|-damage|p1a: Gengar|1/100
|move|p1a: Gengar|Taunt|p2a: Arcanine
|-start|p2a: Arcanine|move: Taunt
|
|upkeep
|turn|2
|
|t:|1779604948
|move|p2a: Arcanine|Head Smash|p1a: Gengar
|-damage|p1a: Gengar|0 fnt
|faint|p1a: Gengar
|
|upkeep
|
|t:|1779604956
|switch|p1a: Kleavor|Kleavor, F|100/100
|turn|3
|
|t:|1779604961
|switch|p2a: Corviknight|Corviknight, F|100/100
|-ability|p2a: Corviknight|Pressure
|move|p1a: Kleavor|Stone Axe|p2a: Corviknight
|-damage|p2a: Corviknight|66/100
|-damage|p1a: Kleavor|84/100|[from] item: Rocky Helmet|[of] p2a: Corviknight
|-sidestart|p2: tympolemybeloved|move: Stealth Rock
|
|upkeep
|turn|4
|
|t:|1779604971
|switch|p1a: Hatterene|Hatterene, F|100/100
|move|p2a: Corviknight|Defog|p1a: Hatterene
|move|p1a: Hatterene|Defog|p2a: Corviknight|[from] ability: Magic Bounce
|-unboost|p2a: Corviknight|evasion|1
|-sideend|p2: tympolemybeloved|Stealth Rock|[from] move: Defog|[of] p1a: Hatterene
|
|upkeep
|turn|5
|
|t:|1779604981
|move|p2a: Corviknight|U-turn|p1a: Hatterene
|-damage|p1a: Hatterene|83/100
|
|t:|1779604985
|switch|p2a: Alomomola|Alomomola, M|100/100|[from] U-turn
|move|p1a: Hatterene|Trick Room|p1a: Hatterene
|-fieldstart|move: Trick Room|[of] p1a: Hatterene
|
|upkeep
|turn|6
|
|t:|1779604991
|move|p1a: Hatterene|Misty Explosion|p2a: Alomomola
|-damage|p2a: Alomomola|56/100
|faint|p1a: Hatterene
|move|p2a: Alomomola|Wish|p2a: Alomomola
|
|upkeep
|
|t:|1779604993
|switch|p1a: Torkoal|Torkoal, F|100/100
|-weather|SunnyDay|[from] ability: Drought|[of] p1a: Torkoal
|turn|7
|
|t:|1779605002
|-terastallize|p1a: Torkoal|Grass
|move|p2a: Alomomola|Protect|p2a: Alomomola
|-singleturn|p2a: Alomomola|Protect
|move|p1a: Torkoal|Solar Beam||[still]
|-prepare|p1a: Torkoal|Solar Beam
|-anim|p1a: Torkoal|Solar Beam|p2a: Alomomola
|-activate|p2a: Alomomola|move: Protect
|
|-weather|SunnyDay|[upkeep]
|-heal|p2a: Alomomola|100/100|[from] move: Wish|[wisher] Alomomola
|upkeep
|turn|8
|inactive|SgtBrick14 has 120 seconds left.
|inactive|SgtBrick14 has 90 seconds left.
|inactive|SgtBrick14 has 60 seconds left.
|inactive|SgtBrick14 has 30 seconds left.
|inactive|SgtBrick14 has 20 seconds left.
|inactive|SgtBrick14 has 15 seconds left.
|inactive|SgtBrick14 has 10 seconds left.
|inactive|SgtBrick14 has 5 seconds left.
|-message|SgtBrick14 lost due to inactivity.
|
|win|tympolemybeloved
|raw|SgtBrick14's rating: 1438 &rarr; <strong>1416</strong><br />(-22 for losing)
|raw|tympolemybeloved's rating: 1399 &rarr; <strong>1421</strong><br />(+22 for winning)
|l|☆tympolemybeloved
|player|p2|
