|j|☆pirineo
|j|☆ikthoizzykil
|t:|1779692185
|gametype|singles
|player|p1|pirineo|101|1371
|player|p2|ikthoizzykil|pokemaniac-gen3rs|1383
|gen|9
|tier|[Gen 9] OU
|rated|
|rule|HP Percentage Mod: HP is shown in percentages
|rule|Endless Battle Clause: Forcing endless battles is banned
|rule|Species Clause: Limit one of each Pokémon
|rule|OHKO Clause: OHKO moves are banned
|rule|Evasion Items Clause: Evasion items are banned
|rule|Evasion Moves Clause: Evasion moves are banned
|rule|Evasion Abilities Clause: Evasion abilities are banned
|rule|Sleep Moves Clause: Sleep-inducing moves are banned
|clearpoke
|poke|p1|Ogerpon, F|
|poke|p1|Conkeldurr, F|
|poke|p1|Tyranitar, F|
|poke|p1|Mandibuzz, F|
|poke|p1|Enamorus, F|
|poke|p1|Sinistcha|
|poke|p2|Braviary, M|
|poke|p2|Hatterene, F|
|poke|p2|Zamazenta-*|
|poke|p2|Dragapult, F|
|poke|p2|Kingambit, F|
|poke|p2|Volcanion|
|teampreview
|inactive|Battle timer is ON: inactive players will automatically lose when time's up. (requested by ikthoizzykil)
|inactive|pirineo also wants the timer to be on.
|
|t:|1779692200
|teamsize|p1|6
|teamsize|p2|6
|start
|switch|p1a: Tyranitar|Tyranitar, F|100/100
|switch|p2a: Zamazenta|Zamazenta|100/100
|-ability|p2a: Zamazenta|Dauntless Shield|boost
|-boost|p2a: Zamazenta|def|1
|-weather|Sandstorm|[from] ability: Sand Stream|[of] p1a: Tyranitar
|turn|1
|
|t:|1779692207
|switch|p1a: Sinistcha|Sinistcha|100/100
|move|p2a: Zamazenta|Reflect|p2a: Zamazenta
|-sidestart|p2: ikthoizzykil|Reflect
|
|-weather|Sandstorm|[upkeep]
|-damage|p2a: Zamazenta|94/100|[from] Sandstorm
|-damage|p1a: Sinistcha|94/100|[from] Sandstorm
|upkeep
|turn|2
|
|t:|1779692213
|switch|p1a: Mandibuzz|Mandibuzz, F|100/100
|move|p2a: Zamazenta|Light Screen|p2a: Zamazenta
|-sidestart|p2: ikthoizzykil|move: Light Screen
|
|-weather|Sandstorm|[upkeep]
|-damage|p2a: Zamazenta|88/100|[from] Sandstorm
|upkeep
|turn|3
|
|t:|1779692219
|move|p2a: Zamazenta|Stone Edge|p1a: Mandibuzz
|-supereffective|p1a: Mandibuzz
|-damage|p1a: Mandibuzz|68/100
|move|p1a: Mandibuzz|Defog|p2a: Zamazenta
|-unboost|p2a: Zamazenta|evasion|1
|-sideend|p2: ikthoizzykil|Reflect
|-sideend|p2: ikthoizzykil|move: Light Screen
|
|-weather|Sandstorm|[upkeep]
|-damage|p2a: Zamazenta|82/100|[from] Sandstorm
|upkeep
|turn|4
|
|t:|1779692228
|switch|p2a: Hatterene|Hatterene, F|100/100
|move|p1a: Mandibuzz|U-turn|p2a: Hatterene
|-damage|p2a: Hatterene|90/100
|
|t:|1779692231
|switch|p1a: Tyranitar|Tyranitar, F|100/100|[from] U-turn
|
|-weather|Sandstorm|[upkeep]
|-damage|p2a: Hatterene|84/100|[from] Sandstorm
|-heal|p2a: Hatterene|90/100|[from] item: Leftovers
|upkeep
|turn|5
|
|t:|1779692239
|switch|p2a: Zamazenta|Zamazenta|82/100
|move|p1a: Tyranitar|Knock Off|p2a: Zamazenta
|-resisted|p2a: Zamazenta
|-damage|p2a: Zamazenta|65/100
|-enditem|p2a: Zamazenta|Light Clay|[from] move: Knock Off|[of] p1a: Tyranitar
|
|-weather|none
|upkeep
|turn|6
|
|t:|1779692247
|switch|p1a: Mandibuzz|Mandibuzz, F|68/100
|move|p2a: Zamazenta|Stone Edge|p1a: Mandibuzz
|-supereffective|p1a: Mandibuzz
|-damage|p1a: Mandibuzz|37/100
|
|upkeep
|turn|7
|
|t:|1779692252
|move|p2a: Zamazenta|Stone Edge|p1a: Mandibuzz|[miss]
|-miss|p2a: Zamazenta|p1a: Mandibuzz
|move|p1a: Mandibuzz|Roost|p1a: Mandibuzz
|-heal|p1a: Mandibuzz|87/100
|-singleturn|p1a: Mandibuzz|move: Roost
|
|upkeep
|turn|8
|
|t:|1779692258
|switch|p1a: Sinistcha|Sinistcha|94/100
|move|p2a: Zamazenta|Stone Edge|p1a: Sinistcha
|-crit|p1a: Sinistcha
|-damage|p1a: Sinistcha|57/100
|
|upkeep
|turn|9
|
|t:|1779692264
|move|p2a: Zamazenta|Light Screen|p2a: Zamazenta
|-sidestart|p2: ikthoizzykil|move: Light Screen
|move|p1a: Sinistcha|Matcha Gotcha|p2a: Zamazenta|[miss]
|-miss|p1a: Sinistcha|p2a: Zamazenta
|
|upkeep
|turn|10
|
|t:|1779692285
|switch|p2a: Volcanion|Volcanion|100/100
|move|p1a: Sinistcha|Strength Sap|p2a: Volcanion
|-unboost|p2a: Volcanion|atk|1
|-heal|p1a: Sinistcha|100/100
|
|upkeep
|turn|11
|
|t:|1779692293
|switch|p1a: Tyranitar|Tyranitar, F|100/100
|-weather|Sandstorm|[from] ability: Sand Stream|[of] p1a: Tyranitar
|move|p2a: Volcanion|Steam Eruption|p1a: Tyranitar
|-supereffective|p1a: Tyranitar
|-damage|p1a: Tyranitar|50/100
|
|-weather|Sandstorm|[upkeep]
|-damage|p2a: Volcanion|94/100|[from] Sandstorm
|upkeep
|turn|12
|
|t:|1779692308
|switch|p2a: Zamazenta|Zamazenta|65/100
|move|p1a: Tyranitar|Knock Off|p2a: Zamazenta
|-resisted|p2a: Zamazenta
|-damage|p2a: Zamazenta|53/100
|
|-weather|Sandstorm|[upkeep]
|-damage|p2a: Zamazenta|47/100|[from] Sandstorm
|upkeep
|turn|13
|
|t:|1779692315
|switch|p1a: Enamorus|Enamorus, F|100/100
|move|p2a: Zamazenta|Reflect|p2a: Zamazenta
|-sidestart|p2: ikthoizzykil|Reflect
|
|-weather|Sandstorm|[upkeep]
|-damage|p1a: Enamorus|94/100|[from] Sandstorm
|-damage|p2a: Zamazenta|41/100|[from] Sandstorm
|-sideend|p2: ikthoizzykil|move: Light Screen
|upkeep
|turn|14
|
|t:|1779692322
|switch|p2a: Volcanion|Volcanion|94/100
|move|p1a: Enamorus|Moonblast|p2a: Volcanion
|-resisted|p2a: Volcanion
|-damage|p2a: Volcanion|64/100
|-unboost|p2a: Volcanion|spa|1
|
|-weather|Sandstorm|[upkeep]
|-damage|p1a: Enamorus|88/100|[from] Sandstorm
|-damage|p2a: Volcanion|58/100|[from] Sandstorm
|upkeep
|turn|15
|
|t:|1779692332
|move|p1a: Enamorus|Moonblast|p2a: Volcanion
|-resisted|p2a: Volcanion
|-damage|p2a: Volcanion|28/100
|-unboost|p2a: Volcanion|spa|1
|move|p2a: Volcanion|Sludge Bomb|p1a: Enamorus
|-supereffective|p1a: Enamorus
|-damage|p1a: Enamorus|16/100
|
|-weather|none
|upkeep
|turn|16
|
|t:|1779692349
|switch|p2a: Kingambit|Kingambit, F|100/100
|move|p1a: Enamorus|Moonblast|p2a: Kingambit
|-damage|p2a: Kingambit|44/100
|
|upkeep
|turn|17
|
|t:|1779692354
|switch|p1a: Mandibuzz|Mandibuzz, F|87/100
|move|p2a: Kingambit|Sucker Punch||[still]
|-fail|p2a: Kingambit
|
|-sideend|p2: ikthoizzykil|Reflect
|upkeep
|turn|18
|
|t:|1779692364
|move|p1a: Mandibuzz|U-turn|p2a: Kingambit
|-damage|p2a: Kingambit|35/100
|
|t:|1779692367
|switch|p1a: Conkeldurr|Conkeldurr, F|100/100|[from] U-turn
|move|p2a: Kingambit|Iron Head|p1a: Conkeldurr
|-damage|p1a: Conkeldurr|61/100
|
|-status|p1a: Conkeldurr|brn|[from] item: Flame Orb
|upkeep
|turn|19
|
|t:|1779692384
|-end|p2a: Kingambit|fallenundefined|[silent]
|switch|p2a: Zamazenta|Zamazenta|41/100
|move|p1a: Conkeldurr|Knock Off|p2a: Zamazenta
|-resisted|p2a: Zamazenta
|-damage|p2a: Zamazenta|25/100
|
|-damage|p1a: Conkeldurr|55/100 brn|[from] brn
|upkeep
|turn|20
|
|t:|1779692392
|move|p2a: Zamazenta|Reflect|p2a: Zamazenta
|-sidestart|p2: ikthoizzykil|Reflect
|move|p1a: Conkeldurr|Drain Punch|p2a: Zamazenta
|-damage|p2a: Zamazenta|0 fnt
|-heal|p1a: Conkeldurr|67/100 brn|[from] drain|[of] p2a: Zamazenta
|faint|p2a: Zamazenta
|
|-damage|p1a: Conkeldurr|61/100 brn|[from] brn
|upkeep
|
|t:|1779692400
|switch|p2a: Hatterene|Hatterene, F|90/100
|turn|21
|
|t:|1779692403
|move|p1a: Conkeldurr|Facade|p2a: Hatterene
|-damage|p2a: Hatterene|53/100
|move|p2a: Hatterene|Calm Mind|p2a: Hatterene
|-boost|p2a: Hatterene|spa|1
|-boost|p2a: Hatterene|spd|1
|
|-heal|p2a: Hatterene|59/100|[from] item: Leftovers
|-damage|p1a: Conkeldurr|55/100 brn|[from] brn
|upkeep
|turn|22
|
|t:|1779692412
|switch|p1a: Enamorus|Enamorus, F|16/100
|move|p2a: Hatterene|Draining Kiss|p1a: Enamorus
|-crit|p1a: Enamorus
|-damage|p1a: Enamorus|0 fnt
|-heal|p2a: Hatterene|70/100|[from] drain|[of] p1a: Enamorus
|faint|p1a: Enamorus
|
|-heal|p2a: Hatterene|76/100|[from] item: Leftovers
|upkeep
|
|t:|1779692420
|switch|p1a: Ogerpon|Ogerpon, F|100/100
|turn|23
|
|t:|1779692426
|move|p1a: Ogerpon|Swords Dance|p1a: Ogerpon
|-boost|p1a: Ogerpon|atk|2
|move|p2a: Hatterene|Draining Kiss|p1a: Ogerpon
|-damage|p1a: Ogerpon|59/100
|-heal|p2a: Hatterene|100/100|[from] drain|[of] p1a: Ogerpon
|
|upkeep
|turn|24
|
|t:|1779692434
|-terastallize|p1a: Ogerpon|Grass
|detailschange|p1a: Ogerpon|Ogerpon-Teal-Tera, F, tera:Grass
|-ability|p1a: Ogerpon|Embody Aspect (Teal)|boost
|-boost|p1a: Ogerpon|spe|1
|move|p1a: Ogerpon|Ivy Cudgel|p2a: Hatterene
|-damage|p2a: Hatterene|44/100
|move|p2a: Hatterene|Mystical Fire|p1a: Ogerpon
|-supereffective|p1a: Ogerpon
|-damage|p1a: Ogerpon|0 fnt
|faint|p1a: Ogerpon
|detailschange|p1: Ogerpon|Ogerpon, F|[silent]
|
|-heal|p2a: Hatterene|50/100|[from] item: Leftovers
|-sideend|p2: ikthoizzykil|Reflect
|upkeep
|c|☆pirineo|Lmao
|
|t:|1779692446
|switch|p1a: Conkeldurr|Conkeldurr, F|55/100 brn
|turn|25
|
|t:|1779692454
|move|p1a: Conkeldurr|Knock Off|p2a: Hatterene
|-damage|p2a: Hatterene|4/100
|-enditem|p2a: Hatterene|Leftovers|[from] move: Knock Off|[of] p1a: Conkeldurr
|move|p2a: Hatterene|Draining Kiss|p1a: Conkeldurr
|-supereffective|p1a: Conkeldurr
|-damage|p1a: Conkeldurr|0 fnt
|-heal|p2a: Hatterene|57/100|[from] drain|[of] p1a: Conkeldurr
|faint|p1a: Conkeldurr
|
|upkeep
|
|t:|1779692456
|switch|p1a: Tyranitar|Tyranitar, F|50/100
|-weather|Sandstorm|[from] ability: Sand Stream|[of] p1a: Tyranitar
|turn|26
|
|t:|1779692465
|move|p1a: Tyranitar|Heavy Slam|p2a: Hatterene
|-supereffective|p2a: Hatterene
|-damage|p2a: Hatterene|0 fnt
|faint|p2a: Hatterene
|
|-weather|Sandstorm|[upkeep]
|upkeep
|
|t:|1779692476
|switch|p2a: Volcanion|Volcanion|28/100
|turn|27
|c|☆pirineo|Dragapult doing all thw work and not even playing
|
|t:|1779692487
|move|p2a: Volcanion|Steam Eruption|p1a: Tyranitar
|-supereffective|p1a: Tyranitar
|-damage|p1a: Tyranitar|0 fnt
|faint|p1a: Tyranitar
|
|-weather|Sandstorm|[upkeep]
|-damage|p2a: Volcanion|22/100|[from] Sandstorm
|upkeep
|
|t:|1779692488
|switch|p1a: Sinistcha|Sinistcha|100/100
|turn|28
|
|t:|1779692509
|switch|p2a: Braviary|Braviary, M|100/100
|move|p1a: Sinistcha|Hex|p2a: Braviary
|-immune|p2a: Braviary
|
|-weather|Sandstorm|[upkeep]
|-damage|p2a: Braviary|94/100|[from] Sandstorm
|-damage|p1a: Sinistcha|94/100|[from] Sandstorm
|upkeep
|turn|29
|
|t:|1779692520
|switch|p1a: Mandibuzz|Mandibuzz, F|87/100
|move|p2a: Braviary|Bulk Up|p2a: Braviary
|-boost|p2a: Braviary|atk|1
|-boost|p2a: Braviary|def|1
|
|-weather|Sandstorm|[upkeep]
|-damage|p2a: Braviary|88/100|[from] Sandstorm
|upkeep
|turn|30
|
|t:|1779692528
|move|p2a: Braviary|Body Slam|p1a: Mandibuzz
|-damage|p1a: Mandibuzz|39/100
|-damage|p2a: Braviary|72/100|[from] item: Rocky Helmet|[of] p1a: Mandibuzz
|move|p1a: Mandibuzz|Foul Play|p2a: Braviary
|-damage|p2a: Braviary|33/100
|
|-weather|none
|upkeep
|turn|31
|
|t:|1779692535
|move|p2a: Braviary|Body Slam|p1a: Mandibuzz
|-damage|p1a: Mandibuzz|0 fnt
|-damage|p2a: Braviary|16/100|[from] item: Rocky Helmet|[of] p1a: Mandibuzz
|faint|p1a: Mandibuzz
|
|upkeep
|
|t:|1779692537
|switch|p1a: Sinistcha|Sinistcha|94/100
|turn|32
|
|t:|1779692542
|move|p2a: Braviary|Body Slam|p1a: Sinistcha
|-immune|p1a: Sinistcha
|move|p1a: Sinistcha|Strength Sap|p2a: Braviary
|-unboost|p2a: Braviary|atk|1
|-heal|p1a: Sinistcha|100/100
|
|upkeep
|turn|33
|
|t:|1779692548
|move|p2a: Braviary|Body Slam|p1a: Sinistcha
|-immune|p1a: Sinistcha
|move|p1a: Sinistcha|Matcha Gotcha|p2a: Braviary
|-resisted|p2a: Braviary
|-damage|p2a: Braviary|0 fnt
|faint|p2a: Braviary
|
|upkeep
|c|☆pirineo|What
|
|t:|1779692557
|switch|p2a: Dragapult|Dragapult, F|100/100
|turn|34
|c|☆ikthoizzykil|just had bslam and cc
|c|☆pirineo|Lol
|
|t:|1779692571
|-terastallize|p2a: Dragapult|Dragon
|move|p2a: Dragapult|Substitute|p2a: Dragapult
|-start|p2a: Dragapult|Substitute
|-damage|p2a: Dragapult|76/100
|move|p1a: Sinistcha|Hex|p2a: Dragapult
|-end|p2a: Dragapult|Substitute
|
|-heal|p2a: Dragapult|82/100|[from] item: Leftovers
|upkeep
|turn|35
|
|t:|1779692579
|move|p2a: Dragapult|Dragon Darts|p1a: Sinistcha
|-damage|p1a: Sinistcha|67/100
|-anim|p2a: Dragapult|Dragon Darts|p1a: Sinistcha
|-damage|p1a: Sinistcha|35/100
|move|p1a: Sinistcha|Hex|p2a: Dragapult
|-damage|p2a: Dragapult|38/100
|
|-heal|p2a: Dragapult|44/100|[from] item: Leftovers
|upkeep
|turn|36
|
|t:|1779692591
|move|p2a: Dragapult|Dragon Darts|p1a: Sinistcha
|-damage|p1a: Sinistcha|5/100
|-anim|p2a: Dragapult|Dragon Darts|p1a: Sinistcha
|-damage|p1a: Sinistcha|0 fnt
|faint|p1a: Sinistcha
|
|win|ikthoizzykil
|raw|pirineo's rating: 1371 &rarr; <strong>1352</strong><br />(-19 for losing)
|raw|ikthoizzykil's rating: 1383 &rarr; <strong>1402</strong><br />(+19 for winning)
|c|☆ikthoizzykil|gg
|l|☆pirineo
|player|p1|
|l|☆ikthoizzykil
|player|p2|
