|j|☆Mdavis
|j|☆Andher
|t:|1779696552
|gametype|singles
|player|p1|Mdavis|palmer|1312
|player|p2|Andher|shadowtriad|1381
|gen|9
|tier|[Gen 9] OU
|rated|
|rule|HP Percentage Mod: HP is shown in percentages
|rule|Endless Battle Clause: Forcing endless battles is banned
|rule|Species Clause: Limit one of each Pokémon
|rule|OHKO Clause: OHKO moves are banned
|rule|Evasion Items Clause: Evasion items are banned
|rule|Evasion Moves Clause: Evasion moves are banned
|rule|Evasion Abilities Clause: Evasion abilities are banned
|rule|Sleep Moves Clause: Sleep-inducing moves are banned
|clearpoke
|poke|p1|Gliscor, F|
|poke|p1|Blissey, F|
|poke|p1|Gholdengo|
|poke|p1|Garganacl, F|
|poke|p1|Moltres|
|poke|p1|Kingambit, M|
|poke|p2|Samurott-Hisui, F|
|poke|p2|Corviknight, M|
|poke|p2|Kingambit, M|
|poke|p2|Skeledirge, M|
|poke|p2|Gengar, F|
|poke|p2|Dragapult, F|
|teampreview
|
|t:|1779696570
|teamsize|p1|6
|teamsize|p2|6
|start
|switch|p1a: Garganacl|Garganacl, F|100/100
|switch|p2a: Malson|Gengar, F, shiny|100/100
|turn|1
|
|t:|1779696576
|move|p2a: Malson|Trick|p1a: Garganacl
|-activate|p2a: Malson|move: Trick|[of] p1a: Garganacl
|-item|p1a: Garganacl|Choice Scarf|[from] move: Trick
|-item|p2a: Malson|Leftovers|[from] move: Trick
|move|p1a: Garganacl|Salt Cure|p2a: Malson
|-damage|p2a: Malson|73/100
|-start|p2a: Malson|Salt Cure
|-start|p1a: Garganacl|Disable|Salt Cure|[from] ability: Cursed Body|[of] p2a: Malson
|
|-heal|p2a: Malson|79/100|[from] item: Leftovers
|-damage|p2a: Malson|67/100|[from] Salt Cure
|upkeep
|turn|2
|
|t:|1779696589
|switch|p2a: Ronin|Samurott-Hisui, F|100/100
|switch|p1a: Blissey|Blissey, F|100/100
|
|upkeep
|turn|3
|
|t:|1779696603
|switch|p1a: Gliscor|Gliscor, F|100/100
|move|p2a: Ronin|Flip Turn|p1a: Gliscor
|-supereffective|p1a: Gliscor
|-damage|p1a: Gliscor|64/100
|
|t:|1779696610
|switch|p2a: Ombra|Dragapult, F|100/100|[from] Flip Turn
|
|-status|p1a: Gliscor|tox|[from] item: Toxic Orb
|upkeep
|turn|4
|
|t:|1779696618
|move|p1a: Gliscor|Protect|p1a: Gliscor
|-singleturn|p1a: Gliscor|Protect
|move|p2a: Ombra|Surf|p1a: Gliscor
|-activate|p1a: Gliscor|move: Protect
|
|-heal|p1a: Gliscor|77/100 tox|[from] ability: Poison Heal
|upkeep
|turn|5
|
|t:|1779696628
|switch|p1a: Blissey|Blissey, F|100/100
|move|p2a: Ombra|Surf|p1a: Blissey
|-damage|p1a: Blissey|90/100
|
|upkeep
|turn|6
|
|t:|1779696648
|switch|p2a: Ronin|Samurott-Hisui, F|100/100
|move|p1a: Blissey|Thunder Wave|p2a: Ronin
|-status|p2a: Ronin|par
|
|upkeep
|turn|7
|
|t:|1779696663
|switch|p1a: Garganacl|Garganacl, F|100/100
|move|p2a: Ronin|Flip Turn|p1a: Garganacl
|-supereffective|p1a: Garganacl
|-damage|p1a: Garganacl|71/100
|
|t:|1779696671
|switch|p2a: Malson|Gengar, F, shiny|67/100|[from] Flip Turn
|
|-heal|p2a: Malson|73/100|[from] item: Leftovers
|upkeep
|turn|8
|
|t:|1779696679
|move|p2a: Malson|Giga Drain|p1a: Garganacl
|-supereffective|p1a: Garganacl
|-damage|p1a: Garganacl|22/100
|-heal|p2a: Malson|100/100|[from] drain|[of] p1a: Garganacl
|move|p1a: Garganacl|Salt Cure|p2a: Malson
|-damage|p2a: Malson|72/100
|-start|p2a: Malson|Salt Cure
|-start|p1a: Garganacl|Disable|Salt Cure|[from] ability: Cursed Body|[of] p2a: Malson
|
|-heal|p2a: Malson|78/100|[from] item: Leftovers
|-damage|p2a: Malson|66/100|[from] Salt Cure
|upkeep
|turn|9
|
|t:|1779696692
|switch|p1a: Blissey|Blissey, F|90/100
|move|p2a: Malson|Giga Drain|p1a: Blissey
|-damage|p1a: Blissey|83/100
|-heal|p2a: Malson|75/100|[from] drain|[of] p1a: Blissey
|
|-heal|p2a: Malson|81/100|[from] item: Leftovers
|-damage|p2a: Malson|69/100|[from] Salt Cure
|upkeep
|turn|10
|
|t:|1779696706
|switch|p2a: Ronin|Samurott-Hisui, F|100/100 par
|move|p1a: Blissey|Ice Beam|p2a: Ronin
|-resisted|p2a: Ronin
|-damage|p2a: Ronin|88/100 par
|
|upkeep
|turn|11
|
|t:|1779696730
|switch|p1a: Gholdengo|Gholdengo|100/100
|move|p2a: Ronin|Flip Turn|p1a: Gholdengo
|-damage|p1a: Gholdengo|68/100
|
|t:|1779696741
|switch|p2a: Ombra|Dragapult, F|100/100|[from] Flip Turn
|
|upkeep
|turn|12
|
|t:|1779696752
|-terastallize|p1a: Gholdengo|Fairy
|move|p1a: Gholdengo|Dazzling Gleam|p2a: Ombra
|-supereffective|p2a: Ombra
|-damage|p2a: Ombra|0 fnt
|faint|p2a: Ombra
|
|upkeep
|
|t:|1779696760
|switch|p2a: Shogun|Kingambit, M|100/100
|-activate|p2a: Shogun|ability: Supreme Overlord
|-start|p2a: Shogun|fallen1|[silent]
|turn|13
|
|t:|1779696771
|switch|p1a: Moltres|Moltres|100/100
|move|p2a: Shogun|Swords Dance|p2a: Shogun
|-boost|p2a: Shogun|atk|2
|
|upkeep
|turn|14
|
|t:|1779696779
|-end|p2a: Shogun|fallen1|[silent]
|switch|p2a: Mort|Skeledirge, M|100/100
|move|p1a: Moltres|Roar|p2a: Mort
|drag|p2a: Ronin|Samurott-Hisui, F|88/100 par
|
|upkeep
|turn|15
|
|t:|1779696786
|move|p2a: Ronin|Flip Turn|p1a: Moltres
|-supereffective|p1a: Moltres
|-damage|p1a: Moltres|62/100
|
|t:|1779696790
|switch|p2a: Mort|Skeledirge, M|100/100|[from] Flip Turn
|move|p1a: Moltres|U-turn|p2a: Mort
|-resisted|p2a: Mort
|-damage|p2a: Mort|98/100
|
|t:|1779696799
|switch|p1a: Garganacl|Garganacl, F|22/100|[from] U-turn
|
|upkeep
|turn|16
|
|t:|1779696805
|move|p2a: Mort|Torch Song|p1a: Garganacl
|-resisted|p1a: Garganacl
|-damage|p1a: Garganacl|8/100
|-boost|p2a: Mort|spa|1
|move|p1a: Garganacl|Recover|p1a: Garganacl
|-heal|p1a: Garganacl|58/100
|
|upkeep
|turn|17
|
|t:|1779696815
|switch|p1a: Blissey|Blissey, F|83/100
|move|p2a: Mort|Torch Song|p1a: Blissey
|-damage|p1a: Blissey|71/100
|-boost|p2a: Mort|spa|1
|
|upkeep
|turn|18
|
|t:|1779696822
|switch|p2a: Ronin|Samurott-Hisui, F|88/100 par
|move|p1a: Blissey|Thunder Wave|p2a: Ronin
|-fail|p2a: Ronin|par
|
|upkeep
|turn|19
|
|t:|1779696864
|move|p2a: Ronin|Flip Turn|p1a: Blissey
|-damage|p1a: Blissey|19/100
|
|t:|1779696917
|switch|p2a: Malson|Gengar, F, shiny|69/100|[from] Flip Turn
|move|p1a: Blissey|Soft-Boiled|p1a: Blissey
|-heal|p1a: Blissey|69/100
|
|-heal|p2a: Malson|75/100|[from] item: Leftovers
|upkeep
|turn|20
|
|t:|1779696927
|switch|p2a: Ronin|Samurott-Hisui, F|88/100 par
|move|p1a: Blissey|Thunder Wave|p2a: Ronin
|-fail|p2a: Ronin|par
|
|upkeep
|turn|21
|inactive|Battle timer is ON: inactive players will automatically lose when time's up. (requested by Mdavis)
|
|t:|1779696960
|switch|p1a: Gholdengo|Gholdengo, tera:Fairy|68/100
|move|p2a: Ronin|Flip Turn|p1a: Gholdengo
|-damage|p1a: Gholdengo|36/100
|c|☆Mdavis|almost as if you arent even paralyzed
|
|t:|1779696981
|switch|p2a: Shogun|Kingambit, M|100/100|[from] Flip Turn
|-activate|p2a: Shogun|ability: Supreme Overlord
|-start|p2a: Shogun|fallen1|[silent]
|
|upkeep
|turn|22
|inactive|Andher has 120 seconds left.
|inactive|Andher has 90 seconds left.
|inactive|Andher has 60 seconds left.
|
|t:|1779697090
|move|p1a: Gholdengo|Dazzling Gleam|p2a: Shogun
|-damage|p2a: Shogun|66/100
|move|p2a: Shogun|Swords Dance|p2a: Shogun
|-boost|p2a: Shogun|atk|2
|
|-heal|p2a: Shogun|72/100|[from] item: Leftovers
|upkeep
|turn|23
|
|t:|1779697102
|switch|p1a: Moltres|Moltres|62/100
|move|p2a: Shogun|Kowtow Cleave|p1a: Moltres
|-damage|p1a: Moltres|0 fnt
|-status|p2a: Shogun|brn|[from] ability: Flame Body|[of] p1a: Moltres
|faint|p1a: Moltres
|
|-heal|p2a: Shogun|78/100 brn|[from] item: Leftovers
|-damage|p2a: Shogun|72/100 brn|[from] brn
|upkeep
|
|t:|1779697110
|switch|p1a: Gliscor|Gliscor, F|77/100 tox
|turn|24
|inactive|Andher has 60 seconds left.
|inactive|Andher has 30 seconds left.
|
|t:|1779697146
|move|p1a: Gliscor|Earthquake|p2a: Shogun
|-supereffective|p2a: Shogun
|-damage|p2a: Shogun|22/100 brn
|move|p2a: Shogun|Swords Dance|p2a: Shogun
|-boost|p2a: Shogun|atk|2
|
|-heal|p2a: Shogun|28/100 brn|[from] item: Leftovers
|-heal|p1a: Gliscor|89/100 tox|[from] ability: Poison Heal
|-damage|p2a: Shogun|22/100 brn|[from] brn
|upkeep
|turn|25
|inactive|Andher has 30 seconds left.
|
|t:|1779697157
|move|p2a: Shogun|Sucker Punch|p1a: Gliscor
|-damage|p1a: Gliscor|49/100 tox
|move|p1a: Gliscor|Earthquake|p2a: Shogun
|-supereffective|p2a: Shogun
|-damage|p2a: Shogun|0 fnt
|faint|p2a: Shogun
|-end|p2a: Shogun|fallen1|[silent]
|
|-heal|p1a: Gliscor|62/100 tox|[from] ability: Poison Heal
|upkeep
|inactive|Andher has 30 seconds left.
|
|t:|1779697172
|switch|p2a: Mort|Skeledirge, M|98/100
|turn|26
|inactive|Andher has 30 seconds left.
|
|t:|1779697179
|-terastallize|p2a: Mort|Fairy
|move|p1a: Gliscor|Protect|p1a: Gliscor
|-singleturn|p1a: Gliscor|Protect
|move|p2a: Mort|Torch Song|p1a: Gliscor
|-activate|p1a: Gliscor|move: Protect
|
|-heal|p1a: Gliscor|74/100 tox|[from] ability: Poison Heal
|upkeep
|turn|27
|inactive|Andher has 30 seconds left.
|inactive|Andher has 20 seconds left.
|inactive|Andher has 15 seconds left.
|inactive|Andher has 10 seconds left.
|inactive|Andher has 5 seconds left.
|-message|Andher lost due to inactivity.
|
|win|Mdavis
|raw|Mdavis's rating: 1312 &rarr; <strong>1336</strong><br />(+24 for winning)
|raw|Andher's rating: 1381 &rarr; <strong>1357</strong><br />(-24 for losing)
|l|☆Andher
|player|p2|
|l|☆Mdavis
|player|p1|
