|j|☆npctypebeat
|j|☆I am naz
|t:|1779588546
|gametype|singles
|player|p1|npctypebeat|2|1112
|player|p2|I am naz|pokemaniac|1042
|gen|9
|tier|[Gen 9] OU
|rated|
|rule|HP Percentage Mod: HP is shown in percentages
|rule|Endless Battle Clause: Forcing endless battles is banned
|rule|Species Clause: Limit one of each Pokémon
|rule|OHKO Clause: OHKO moves are banned
|rule|Evasion Items Clause: Evasion items are banned
|rule|Evasion Moves Clause: Evasion moves are banned
|rule|Evasion Abilities Clause: Evasion abilities are banned
|rule|Sleep Moves Clause: Sleep-inducing moves are banned
|clearpoke
|poke|p1|Gliscor, M|
|poke|p1|Gholdengo|
|poke|p1|Zamazenta-*|
|poke|p1|Blissey, F|
|poke|p1|Skarmory, F|
|poke|p1|Pecharunt|
|poke|p2|Toxtricity, F|
|poke|p2|Gholdengo|
|poke|p2|Samurott-Hisui, F|
|poke|p2|Smeargle, F|
|poke|p2|Zamazenta-*|
|poke|p2|Deoxys-Speed|
|teampreview
|c|☆npctypebeat|hf
|inactive|Battle timer is ON: inactive players will automatically lose when time's up. (requested by npctypebeat)
|c|☆I am naz|U 2
|
|t:|1779588563
|teamsize|p1|6
|teamsize|p2|6
|start
|switch|p1a: Skarmory|Skarmory, F|100/100
|switch|p2a: Samurott|Samurott-Hisui, F|100/100
|turn|1
|
|t:|1779588572
|move|p2a: Samurott|Knock Off|p1a: Skarmory
|-damage|p1a: Skarmory|74/100
|-enditem|p1a: Skarmory|Heavy-Duty Boots|[from] move: Knock Off|[of] p2a: Samurott
|move|p1a: Skarmory|Body Press|p2a: Samurott
|-supereffective|p2a: Samurott
|-damage|p2a: Samurott|26/100
|
|upkeep
|turn|2
|
|t:|1779588586
|switch|p2a: Gholdengo|Gholdengo|100/100
|move|p1a: Skarmory|Spikes|p2a: Gholdengo
|-sidestart|p2: I am naz|Spikes
|
|upkeep
|turn|3
|
|t:|1779588593
|switch|p1a: Blissey|Blissey, F|100/100
|move|p2a: Gholdengo|Shadow Ball|p1a: Blissey
|-immune|p1a: Blissey
|
|upkeep
|turn|4
|
|t:|1779588602
|switch|p2a: Zamazenta|Zamazenta|100/100
|-damage|p2a: Zamazenta|88/100|[from] Spikes
|-ability|p2a: Zamazenta|Dauntless Shield|boost
|-boost|p2a: Zamazenta|def|1
|move|p1a: Blissey|Stealth Rock|p2a: Zamazenta
|-sidestart|p2: I am naz|move: Stealth Rock
|
|-heal|p2a: Zamazenta|94/100|[from] item: Leftovers
|upkeep
|turn|5
|
|t:|1779588611
|switch|p2a: Samurott|Samurott-Hisui, F|26/100
|-damage|p2a: Samurott|14/100|[from] Spikes
|-damage|p2a: Samurott|1/100|[from] Stealth Rock
|switch|p1a: Gholdengo|Gholdengo|100/100
|
|upkeep
|turn|6
|
|t:|1779588623
|move|p2a: Samurott|Ceaseless Edge|p1a: Gholdengo
|-supereffective|p1a: Gholdengo
|-damage|p1a: Gholdengo|34/100
|-sidestart|p1: npctypebeat|Spikes
|move|p1a: Gholdengo|Nasty Plot|p1a: Gholdengo
|-boost|p1a: Gholdengo|spa|2
|
|upkeep
|turn|7
|
|t:|1779588644
|move|p2a: Samurott|Ceaseless Edge|p1a: Gholdengo
|-supereffective|p1a: Gholdengo
|-damage|p1a: Gholdengo|0 fnt
|-sidestart|p1: npctypebeat|Spikes
|faint|p1a: Gholdengo
|
|upkeep
|inactive|npctypebeat has 120 seconds left.
|
|t:|1779588659
|switch|p1a: Skarmory|Skarmory, F|74/100
|turn|8
|
|t:|1779588668
|move|p2a: Samurott|Ceaseless Edge|p1a: Skarmory
|-damage|p1a: Skarmory|45/100
|-sidestart|p1: npctypebeat|Spikes
|move|p1a: Skarmory|Spikes|p2a: Samurott
|-sidestart|p2: I am naz|Spikes
|
|upkeep
|turn|9
|
|t:|1779588680
|move|p2a: Samurott|Encore|p1a: Skarmory
|-start|p1a: Skarmory|Encore
|move|p1a: Skarmory|Spikes|p2a: Samurott
|-sidestart|p2: I am naz|Spikes
|
|upkeep
|turn|10
|
|t:|1779588687
|switch|p1a: Zamazenta|Zamazenta|100/100
|-ability|p1a: Zamazenta|Dauntless Shield|boost
|-boost|p1a: Zamazenta|def|1
|move|p2a: Samurott|Razor Shell|p1a: Zamazenta
|-damage|p1a: Zamazenta|66/100
|
|upkeep
|turn|11
|
|t:|1779588696
|move|p1a: Zamazenta|Close Combat|p2a: Samurott
|-supereffective|p2a: Samurott
|-damage|p2a: Samurott|0 fnt
|-unboost|p1a: Zamazenta|def|1
|-unboost|p1a: Zamazenta|spd|1
|faint|p2a: Samurott
|
|upkeep
|
|t:|1779588706
|switch|p2a: Deoxys|Deoxys-Speed|100/100
|-damage|p2a: Deoxys|76/100|[from] Spikes
|-damage|p2a: Deoxys|64/100|[from] Stealth Rock
|-ability|p2a: Deoxys|Pressure
|turn|12
|
|t:|1779588715
|switch|p1a: Gliscor|Gliscor, M|100/100
|move|p2a: Deoxys|Psycho Boost|p1a: Gliscor
|-damage|p1a: Gliscor|56/100
|-unboost|p2a: Deoxys|spa|2
|
|-status|p1a: Gliscor|tox|[from] item: Toxic Orb
|upkeep
|turn|13
|c|☆I am naz|Hmmm I do appear to be quite weak to earthquake
|
|t:|1779588740
|move|p2a: Deoxys|Reflect|p2a: Deoxys
|-sidestart|p2: I am naz|Reflect
|move|p1a: Gliscor|Earthquake|p2a: Deoxys
|-damage|p2a: Deoxys|44/100
|
|-heal|p1a: Gliscor|69/100 tox|[from] ability: Poison Heal
|upkeep
|turn|14
|
|t:|1779588747
|move|p2a: Deoxys|Light Screen|p2a: Deoxys
|-sidestart|p2: I am naz|move: Light Screen
|move|p1a: Gliscor|Swords Dance|p1a: Gliscor
|-boost|p1a: Gliscor|atk|2
|
|-heal|p1a: Gliscor|81/100 tox|[from] ability: Poison Heal
|upkeep
|turn|15
|
|t:|1779588761
|move|p2a: Deoxys|Psycho Boost|p1a: Gliscor
|-damage|p1a: Gliscor|58/100 tox
|-unboost|p2a: Deoxys|spa|2
|move|p1a: Gliscor|Earthquake|p2a: Deoxys
|-damage|p2a: Deoxys|1/100
|
|-heal|p1a: Gliscor|71/100 tox|[from] ability: Poison Heal
|upkeep
|turn|16
|
|t:|1779588790
|move|p2a: Deoxys|Psycho Boost|p1a: Gliscor
|-damage|p1a: Gliscor|57/100 tox
|-unboost|p2a: Deoxys|spa|2
|move|p1a: Gliscor|Swords Dance|p1a: Gliscor
|-boost|p1a: Gliscor|atk|2
|
|-heal|p1a: Gliscor|69/100 tox|[from] ability: Poison Heal
|upkeep
|turn|17
|
|t:|1779588796
|move|p2a: Deoxys|Psycho Boost|p1a: Gliscor
|-damage|p1a: Gliscor|59/100 tox
|move|p1a: Gliscor|Earthquake|p2a: Deoxys
|-damage|p2a: Deoxys|0 fnt
|faint|p2a: Deoxys
|
|-heal|p1a: Gliscor|72/100 tox|[from] ability: Poison Heal
|upkeep
|
|t:|1779588800
|switch|p2a: Gholdengo|Gholdengo|100/100
|-damage|p2a: Gholdengo|76/100|[from] Spikes
|-damage|p2a: Gholdengo|70/100|[from] Stealth Rock
|turn|18
|
|t:|1779588809
|move|p2a: Gholdengo|Trick|p1a: Gliscor
|-activate|p2a: Gholdengo|move: Trick|[of] p1a: Gliscor
|-item|p1a: Gliscor|Choice Scarf|[from] move: Trick
|-item|p2a: Gholdengo|Toxic Orb|[from] move: Trick
|move|p1a: Gliscor|Earthquake|p2a: Gholdengo
|-supereffective|p2a: Gholdengo
|-damage|p2a: Gholdengo|0 fnt
|faint|p2a: Gholdengo
|
|-heal|p1a: Gliscor|84/100 tox|[from] ability: Poison Heal
|upkeep
|
|t:|1779588815
|switch|p2a: It’s over|Smeargle, F, shiny|100/100
|-damage|p2a: It’s over|76/100|[from] Spikes
|-damage|p2a: It’s over|63/100|[from] Stealth Rock
|turn|19
|c|☆I am naz|Welp
|
|t:|1779588845
|-terastallize|p2a: It’s over|Flying
|move|p1a: Gliscor|Earthquake|p2a: It’s over
|-immune|p2a: It’s over
|move|p2a: It’s over|Jaw Lock|p1a: Gliscor
|-damage|p1a: Gliscor|75/100 tox
|-activate|p2a: It’s over|trapped
|-activate|p1a: Gliscor|trapped
|
|-heal|p1a: Gliscor|87/100 tox|[from] ability: Poison Heal
|upkeep
|turn|20
|inactive|npctypebeat has 120 seconds left.
|
|t:|1779588869
|move|p1a: Gliscor|Earthquake|p2a: It’s over
|-immune|p2a: It’s over
|move|p2a: It’s over|No Retreat|p2a: It’s over
|-boost|p2a: It’s over|atk|1
|-boost|p2a: It’s over|def|1
|-boost|p2a: It’s over|spa|1
|-boost|p2a: It’s over|spd|1
|-boost|p2a: It’s over|spe|1
|
|-heal|p1a: Gliscor|99/100 tox|[from] ability: Poison Heal
|-sideend|p2: I am naz|Reflect
|upkeep
|turn|21
|inactive|npctypebeat has 120 seconds left.
|
|t:|1779588880
|move|p1a: Gliscor|Earthquake|p2a: It’s over
|-immune|p2a: It’s over
|move|p2a: It’s over|No Retreat|p2a: It’s over
|-boost|p2a: It’s over|atk|1
|-boost|p2a: It’s over|def|1
|-boost|p2a: It’s over|spa|1
|-boost|p2a: It’s over|spd|1
|-boost|p2a: It’s over|spe|1
|
|-heal|p1a: Gliscor|100/100 tox|[from] ability: Poison Heal
|-sideend|p2: I am naz|move: Light Screen
|upkeep
|turn|22
|inactive|npctypebeat has 120 seconds left.
|
|t:|1779588896
|move|p1a: Gliscor|Earthquake|p2a: It’s over
|-immune|p2a: It’s over
|move|p2a: It’s over|No Retreat|p2a: It’s over
|-boost|p2a: It’s over|atk|1
|-boost|p2a: It’s over|def|1
|-boost|p2a: It’s over|spa|1
|-boost|p2a: It’s over|spd|1
|-boost|p2a: It’s over|spe|1
|
|upkeep
|turn|23
|inactive|npctypebeat has 120 seconds left.
|
|t:|1779588925
|move|p2a: It’s over|No Retreat|p2a: It’s over
|-boost|p2a: It’s over|atk|1
|-boost|p2a: It’s over|def|1
|-boost|p2a: It’s over|spa|1
|-boost|p2a: It’s over|spd|1
|-boost|p2a: It’s over|spe|1
|move|p1a: Gliscor|Earthquake|p2a: It’s over
|-immune|p2a: It’s over
|
|upkeep
|turn|24
|
|t:|1779588945
|move|p2a: It’s over|No Retreat|p2a: It’s over
|-boost|p2a: It’s over|atk|1
|-boost|p2a: It’s over|def|1
|-boost|p2a: It’s over|spa|1
|-boost|p2a: It’s over|spd|1
|-boost|p2a: It’s over|spe|1
|move|p1a: Gliscor|Earthquake|p2a: It’s over
|-immune|p2a: It’s over
|
|upkeep
|turn|25
|inactive|npctypebeat has 90 seconds left.
|
|t:|1779588980
|move|p2a: It’s over|No Retreat|p2a: It’s over
|-boost|p2a: It’s over|atk|1
|-boost|p2a: It’s over|def|1
|-boost|p2a: It’s over|spa|1
|-boost|p2a: It’s over|spd|1
|-boost|p2a: It’s over|spe|1
|move|p1a: Gliscor|Earthquake|p2a: It’s over
|-immune|p2a: It’s over
|
|upkeep
|turn|26
|inactive|npctypebeat has 60 seconds left.
|
|t:|1779589002
|move|p2a: It’s over|Population Bomb|p1a: Gliscor
|-damage|p1a: Gliscor|77/100 tox
|-damage|p1a: Gliscor|57/100 tox
|-damage|p1a: Gliscor|37/100 tox
|-damage|p1a: Gliscor|15/100 tox
|-damage|p1a: Gliscor|0 fnt
|faint|p1a: Gliscor
|-hitcount|p1: Gliscor|5
|
|upkeep
|inactive|npctypebeat has 60 seconds left.
|
|t:|1779589010
|switch|p1a: Skarmory|Skarmory, F|45/100
|turn|27
|
|t:|1779589016
|move|p2a: It’s over|Power Trip|p1a: Skarmory
|-damage|p1a: Skarmory|0 fnt
|faint|p1a: Skarmory
|
|upkeep
|inactive|npctypebeat has 60 seconds left.
|
|t:|1779589032
|switch|p1a: Pecharunt|Pecharunt|100/100
|turn|28
|inactive|npctypebeat has 60 seconds left.
|
|t:|1779589044
|move|p2a: It’s over|Power Trip|p1a: Pecharunt
|-supereffective|p1a: Pecharunt
|-damage|p1a: Pecharunt|0 fnt
|faint|p1a: Pecharunt
|
|upkeep
|
|t:|1779589054
|switch|p1a: Zamazenta|Zamazenta|66/100
|turn|29
|
|t:|1779589058
|move|p2a: It’s over|Population Bomb|p1a: Zamazenta
|-crit|p1a: Zamazenta
|-damage|p1a: Zamazenta|31/100
|-damage|p1a: Zamazenta|7/100
|-damage|p1a: Zamazenta|0 fnt
|faint|p1a: Zamazenta
|-hitcount|p1: Zamazenta|3
|
|upkeep
|
|t:|1779589060
|switch|p1a: Blissey|Blissey, F|100/100
|turn|30
|
|t:|1779589066
|move|p2a: It’s over|Population Bomb|p1a: Blissey
|-damage|p1a: Blissey|73/100
|-damage|p1a: Blissey|45/100
|-damage|p1a: Blissey|20/100
|-damage|p1a: Blissey|0 fnt
|faint|p1a: Blissey
|-hitcount|p1: Blissey|4
|
|win|I am naz
|raw|npctypebeat's rating: 1133 &rarr; <strong>1102</strong><br />(-31 for losing)
|raw|I am naz's rating: 1042 &rarr; <strong>1084</strong><br />(+42 for winning)
|c|☆I am naz|Gg
|c|☆npctypebeat|gg
|l|☆I am naz
|player|p2|
