|j|☆dubstepwubfish
|j|☆Chinatownz
|t:|1779614019
|gametype|singles
|player|p1|dubstepwubfish|102|1335
|player|p2|Chinatownz|fisherman-gen4|1314
|gen|9
|tier|[Gen 9] OU
|rated|
|rule|HP Percentage Mod: HP is shown in percentages
|rule|Endless Battle Clause: Forcing endless battles is banned
|rule|Species Clause: Limit one of each Pokémon
|rule|OHKO Clause: OHKO moves are banned
|rule|Evasion Items Clause: Evasion items are banned
|rule|Evasion Moves Clause: Evasion moves are banned
|rule|Evasion Abilities Clause: Evasion abilities are banned
|rule|Sleep Moves Clause: Sleep-inducing moves are banned
|clearpoke
|poke|p1|Weavile, F|
|poke|p1|Samurott-Hisui, M|
|poke|p1|Great Tusk|
|poke|p1|Hydrapple, M|
|poke|p1|Arcanine-Hisui, F|
|poke|p1|Garchomp, M|
|poke|p2|Klefki, F|
|poke|p2|Pelipper, F|
|poke|p2|Dragonite, F|
|poke|p2|Barraskewda, F|
|poke|p2|Toedscruel, M|
|poke|p2|Blissey, F|
|teampreview
|inactive|Battle timer is ON: inactive players will automatically lose when time's up. (requested by Chinatownz)
|
|t:|1779614034
|teamsize|p1|6
|teamsize|p2|6
|start
|switch|p1a: Arcanine|Arcanine-Hisui, F|100/100
|switch|p2a: Klefki|Klefki, F|100/100
|turn|1
|
|t:|1779614047
|switch|p2a: Pelipper|Pelipper, F|100/100
|-weather|RainDance|[from] ability: Drizzle|[of] p2a: Pelipper
|move|p1a: Arcanine|Flare Blitz|p2a: Pelipper
|-resisted|p2a: Pelipper
|-damage|p2a: Pelipper|86/100
|
|-weather|RainDance|[upkeep]
|upkeep
|turn|2
|
|t:|1779614055
|switch|p1a: Garchomp|Garchomp, M|100/100
|move|p2a: Pelipper|U-turn|p1a: Garchomp
|-damage|p1a: Garchomp|95/100
|-damage|p2a: Pelipper|73/100|[from] ability: Rough Skin|[of] p1a: Garchomp
|-damage|p2a: Pelipper|57/100|[from] item: Rocky Helmet|[of] p1a: Garchomp
|
|t:|1779614060
|switch|p2a: Toedscruel|Toedscruel, M|100/100|[from] U-turn
|
|-weather|RainDance|[upkeep]
|upkeep
|turn|3
|
|t:|1779614067
|move|p1a: Garchomp|Stealth Rock|p2a: Toedscruel
|-sidestart|p2: Chinatownz|move: Stealth Rock
|move|p2a: Toedscruel|Toxic|p1a: Garchomp
|-status|p1a: Garchomp|tox
|
|-weather|RainDance|[upkeep]
|-damage|p1a: Garchomp|89/100 tox|[from] psn
|upkeep
|turn|4
|
|t:|1779614080
|switch|p1a: Hydrapple|Hydrapple, M|100/100
|move|p2a: Toedscruel|Leech Seed|p1a: Hydrapple
|-immune|p1a: Hydrapple
|
|-weather|RainDance|[upkeep]
|upkeep
|turn|5
|
|t:|1779614085
|move|p2a: Toedscruel|Rapid Spin|p1a: Hydrapple
|-damage|p1a: Hydrapple|96/100
|-boost|p2a: Toedscruel|spe|1
|-sideend|p2: Chinatownz|Stealth Rock|[from] move: Rapid Spin|[of] p2a: Toedscruel
|move|p1a: Hydrapple|Nasty Plot|p1a: Hydrapple
|-boost|p1a: Hydrapple|spa|2
|
|-weather|RainDance|[upkeep]
|upkeep
|turn|6
|
|t:|1779614097
|switch|p2a: Blissey|Blissey, F|100/100
|move|p1a: Hydrapple|Fickle Beam|p2a: Blissey
|-damage|p2a: Blissey|82/100
|
|-weather|RainDance|[upkeep]
|-heal|p2a: Blissey|88/100|[from] item: Leftovers
|upkeep
|turn|7
|
|t:|1779614111
|switch|p1a: Samurott|Samurott-Hisui, M|100/100
|move|p2a: Blissey|Thunder Wave|p1a: Samurott|[miss]
|-miss|p2a: Blissey|p1a: Samurott
|
|-weather|RainDance|[upkeep]
|-heal|p2a: Blissey|94/100|[from] item: Leftovers
|upkeep
|turn|8
|
|t:|1779614125
|switch|p2a: Toedscruel|Toedscruel, M|100/100
|move|p1a: Samurott|Ceaseless Edge|p2a: Toedscruel
|-damage|p2a: Toedscruel|43/100
|-sidestart|p2: Chinatownz|Spikes
|
|-weather|none
|-heal|p2a: Toedscruel|49/100|[from] item: Leftovers
|upkeep
|turn|9
|
|t:|1779614133
|move|p2a: Toedscruel|Protect|p2a: Toedscruel
|-singleturn|p2a: Toedscruel|Protect
|move|p1a: Samurott|Ceaseless Edge|p2a: Toedscruel
|-activate|p2a: Toedscruel|move: Protect
|
|-heal|p2a: Toedscruel|55/100|[from] item: Leftovers
|upkeep
|turn|10
|
|t:|1779614137
|switch|p2a: Dragonite|Dragonite, F|100/100
|move|p1a: Samurott|Ceaseless Edge|p2a: Dragonite
|-damage|p2a: Dragonite|81/100
|-sidestart|p2: Chinatownz|Spikes
|
|-heal|p2a: Dragonite|87/100|[from] item: Leftovers
|upkeep
|turn|11
|
|t:|1779614143
|move|p2a: Dragonite|Dragon Dance|p2a: Dragonite
|-boost|p2a: Dragonite|atk|1
|-boost|p2a: Dragonite|spe|1
|move|p1a: Samurott|Ceaseless Edge|p2a: Dragonite
|-damage|p2a: Dragonite|50/100
|-sidestart|p2: Chinatownz|Spikes
|
|-heal|p2a: Dragonite|56/100|[from] item: Leftovers
|upkeep
|turn|12
|
|t:|1779614156
|move|p1a: Samurott|Sucker Punch||[still]
|-fail|p1a: Samurott
|move|p2a: Dragonite|Roost|p2a: Dragonite
|-heal|p2a: Dragonite|100/100
|-singleturn|p2a: Dragonite|move: Roost
|
|upkeep
|turn|13
|
|t:|1779614163
|move|p1a: Samurott|Aqua Jet|p2a: Dragonite
|-resisted|p2a: Dragonite
|-damage|p2a: Dragonite|96/100
|move|p2a: Dragonite|Dragon Dance|p2a: Dragonite
|-boost|p2a: Dragonite|atk|1
|-boost|p2a: Dragonite|spe|1
|
|-heal|p2a: Dragonite|100/100|[from] item: Leftovers
|upkeep
|turn|14
|
|t:|1779614169
|move|p2a: Dragonite|Dragon Dance|p2a: Dragonite
|-boost|p2a: Dragonite|atk|1
|-boost|p2a: Dragonite|spe|1
|move|p1a: Samurott|Aqua Cutter|p2a: Dragonite
|-resisted|p2a: Dragonite
|-crit|p2a: Dragonite
|-damage|p2a: Dragonite|84/100
|
|-heal|p2a: Dragonite|90/100|[from] item: Leftovers
|upkeep
|turn|15
|
|t:|1779614177
|move|p2a: Dragonite|Dragon Dance|p2a: Dragonite
|-boost|p2a: Dragonite|atk|1
|-boost|p2a: Dragonite|spe|1
|move|p1a: Samurott|Aqua Cutter|p2a: Dragonite
|-resisted|p2a: Dragonite
|-damage|p2a: Dragonite|67/100
|
|-heal|p2a: Dragonite|74/100|[from] item: Leftovers
|upkeep
|turn|16
|
|t:|1779614180
|move|p2a: Dragonite|Dragon Dance|p2a: Dragonite
|-boost|p2a: Dragonite|atk|1
|-boost|p2a: Dragonite|spe|1
|move|p1a: Samurott|Aqua Cutter|p2a: Dragonite
|-resisted|p2a: Dragonite
|-damage|p2a: Dragonite|51/100
|
|-heal|p2a: Dragonite|57/100|[from] item: Leftovers
|upkeep
|turn|17
|
|t:|1779614182
|move|p2a: Dragonite|Roost|p2a: Dragonite
|-heal|p2a: Dragonite|100/100
|-singleturn|p2a: Dragonite|move: Roost
|move|p1a: Samurott|Aqua Cutter|p2a: Dragonite
|-resisted|p2a: Dragonite
|-damage|p2a: Dragonite|90/100
|
|-heal|p2a: Dragonite|97/100|[from] item: Leftovers
|upkeep
|turn|18
|
|t:|1779614186
|move|p2a: Dragonite|Dragon Dance|p2a: Dragonite
|-boost|p2a: Dragonite|atk|1
|-boost|p2a: Dragonite|spe|1
|move|p1a: Samurott|Aqua Cutter|p2a: Dragonite
|-resisted|p2a: Dragonite
|-damage|p2a: Dragonite|76/100
|
|-heal|p2a: Dragonite|82/100|[from] item: Leftovers
|upkeep
|turn|19
|
|t:|1779614190
|move|p2a: Dragonite|Roost|p2a: Dragonite
|-heal|p2a: Dragonite|100/100
|-singleturn|p2a: Dragonite|move: Roost
|move|p1a: Samurott|Aqua Cutter|p2a: Dragonite
|-resisted|p2a: Dragonite
|-damage|p2a: Dragonite|89/100
|
|-heal|p2a: Dragonite|96/100|[from] item: Leftovers
|upkeep
|turn|20
|
|t:|1779614192
|-terastallize|p2a: Dragonite|Normal
|move|p2a: Dragonite|Extreme Speed|p1a: Samurott
|-damage|p1a: Samurott|0 fnt
|faint|p1a: Samurott
|
|-heal|p2a: Dragonite|100/100|[from] item: Leftovers
|upkeep
|
|t:|1779614200
|switch|p1a: Garchomp|Garchomp, M|89/100 tox
|turn|21
|
|t:|1779614203
|-terastallize|p1a: Garchomp|Ghost
|move|p2a: Dragonite|Earthquake|p1a: Garchomp
|-damage|p1a: Garchomp|9/100 tox
|move|p1a: Garchomp|Dragon Tail|p2a: Dragonite|[miss]
|-miss|p1a: Garchomp|p2a: Dragonite
|
|-damage|p1a: Garchomp|3/100 tox|[from] psn
|upkeep
|turn|22
|
|t:|1779614214
|move|p2a: Dragonite|Earthquake|p1a: Garchomp
|-damage|p1a: Garchomp|0 fnt
|faint|p1a: Garchomp
|
|upkeep
|
|t:|1779614224
|switch|p1a: Weavile|Weavile, F|100/100
|-ability|p1a: Weavile|Pressure
|turn|23
|
|t:|1779614229
|move|p2a: Dragonite|Extreme Speed|p1a: Weavile
|-damage|p1a: Weavile|0 fnt
|faint|p1a: Weavile
|
|upkeep
|
|t:|1779614232
|switch|p1a: Arcanine|Arcanine-Hisui, F|100/100
|turn|24
|
|t:|1779614234
|move|p2a: Dragonite|Extreme Speed|p1a: Arcanine
|-resisted|p1a: Arcanine
|-damage|p1a: Arcanine|13/100
|move|p1a: Arcanine|Head Smash|p2a: Dragonite
|-damage|p2a: Dragonite|52/100
|
|-heal|p2a: Dragonite|58/100|[from] item: Leftovers
|upkeep
|turn|25
|
|t:|1779614245
|switch|p1a: Great Tusk|Great Tusk|100/100
|move|p2a: Dragonite|Extreme Speed|p1a: Great Tusk
|-damage|p1a: Great Tusk|0 fnt
|faint|p1a: Great Tusk
|-end|p1a: Great Tusk|Protosynthesis|[silent]
|
|-heal|p2a: Dragonite|64/100|[from] item: Leftovers
|upkeep
|
|t:|1779614250
|switch|p1a: Arcanine|Arcanine-Hisui, F|13/100
|turn|26
|
|t:|1779614252
|move|p2a: Dragonite|Extreme Speed|p1a: Arcanine
|-resisted|p1a: Arcanine
|-damage|p1a: Arcanine|0 fnt
|faint|p1a: Arcanine
|
|-heal|p2a: Dragonite|70/100|[from] item: Leftovers
|upkeep
|
|t:|1779614254
|switch|p1a: Hydrapple|Hydrapple, M|100/100
|turn|27
|
|t:|1779614256
|move|p2a: Dragonite|Extreme Speed|p1a: Hydrapple
|-damage|p1a: Hydrapple|24/100
|move|p1a: Hydrapple|Fickle Beam|p2a: Dragonite|[anim] Fickle Beam All Out
|-activate|p1a: Hydrapple|move: Fickle Beam
|-damage|p2a: Dragonite|18/100
|
|-heal|p2a: Dragonite|24/100|[from] item: Leftovers
|upkeep
|turn|28
|
|t:|1779614264
|move|p2a: Dragonite|Extreme Speed|p1a: Hydrapple
|-damage|p1a: Hydrapple|0 fnt
|faint|p1a: Hydrapple
|
|win|Chinatownz
|raw|dubstepwubfish's rating: 1335 &rarr; <strong>1314</strong><br />(-21 for losing)
|raw|Chinatownz's rating: 1314 &rarr; <strong>1335</strong><br />(+21 for winning)
|l|☆dubstepwubfish
|player|p1|
|l|☆Chinatownz
|player|p2|
