|j|☆allstartalon
|j|☆yoyoyo6162
|t:|1779602166
|gametype|singles
|player|p1|allstartalon|pokemonranger-gen4|1134
|player|p2|yoyoyo6162|266|1165
|gen|9
|tier|[Gen 9] OU
|rated|
|rule|HP Percentage Mod: HP is shown in percentages
|rule|Endless Battle Clause: Forcing endless battles is banned
|rule|Species Clause: Limit one of each Pokémon
|rule|OHKO Clause: OHKO moves are banned
|rule|Evasion Items Clause: Evasion items are banned
|rule|Evasion Moves Clause: Evasion moves are banned
|rule|Evasion Abilities Clause: Evasion abilities are banned
|rule|Sleep Moves Clause: Sleep-inducing moves are banned
|clearpoke
|poke|p1|Regidrago|
|poke|p1|Goodra-Hisui, M|
|poke|p1|Haxorus, F|
|poke|p1|Latios, M|
|poke|p1|Cyclizar, F|
|poke|p1|Dragonite, M|
|poke|p2|Deoxys-Speed|
|poke|p2|Quaquaval, M|
|poke|p2|Kingambit, M|
|poke|p2|Moltres|
|poke|p2|Salamence, M|
|poke|p2|Lilligant-Hisui, F|
|teampreview
|inactive|Battle timer is ON: inactive players will automatically lose when time's up. (requested by yoyoyo6162)
|
|t:|1779602178
|teamsize|p1|6
|teamsize|p2|6
|start
|switch|p1a: Latios|Latios, M, shiny|100/100
|switch|p2a: Deoxys|Deoxys-Speed, shiny|100/100
|-ability|p2a: Deoxys|Pressure
|turn|1
|c|☆yoyoyo6162|Dragons
|
|t:|1779602186
|move|p2a: Deoxys|Knock Off|p1a: Latios
|-supereffective|p1a: Latios
|-damage|p1a: Latios|21/100
|-enditem|p1a: Latios|Soul Dew|[from] move: Knock Off|[of] p2a: Deoxys
|-damage|p2a: Deoxys|91/100|[from] item: Life Orb
|move|p1a: Latios|Dragon Pulse|p2a: Deoxys
|-damage|p2a: Deoxys|0 fnt
|faint|p2a: Deoxys
|
|upkeep
|
|t:|1779602213
|switch|p2a: Moltres|Moltres, shiny|100/100
|turn|2
|
|t:|1779602220
|-terastallize|p1a: Latios|Electric
|move|p1a: Latios|Thunderbolt|p2a: Moltres
|-supereffective|p2a: Moltres
|-damage|p2a: Moltres|0 fnt
|faint|p2a: Moltres
|
|upkeep
|
|t:|1779602231
|switch|p2a: Kingambit|Kingambit, M, shiny|100/100
|-activate|p2a: Kingambit|ability: Supreme Overlord
|-start|p2a: Kingambit|fallen2|[silent]
|turn|3
|
|t:|1779602237
|move|p2a: Kingambit|Sucker Punch|p1a: Latios
|-damage|p1a: Latios|0 fnt
|faint|p1a: Latios
|
|upkeep
|
|t:|1779602241
|switch|p1a: Haxorus|Haxorus, F, shiny|100/100
|-ability|p1a: Haxorus|Mold Breaker
|turn|4
|
|t:|1779602253
|-terastallize|p2a: Kingambit|Flying
|move|p1a: Haxorus|Close Combat|p2a: Kingambit
|-resisted|p2a: Kingambit
|-damage|p2a: Kingambit|84/100
|-unboost|p1a: Haxorus|def|1
|-unboost|p1a: Haxorus|spd|1
|move|p2a: Kingambit|Low Kick|p1a: Haxorus
|-damage|p1a: Haxorus|8/100
|
|-heal|p2a: Kingambit|91/100|[from] item: Leftovers
|upkeep
|turn|5
|
|t:|1779602266
|move|p2a: Kingambit|Sucker Punch|p1a: Haxorus
|-damage|p1a: Haxorus|0 fnt
|faint|p1a: Haxorus
|
|-heal|p2a: Kingambit|97/100|[from] item: Leftovers
|upkeep
|
|t:|1779602271
|switch|p1a: Cyclizar|Cyclizar, F, shiny|100/100
|turn|6
|
|t:|1779602276
|move|p1a: Cyclizar|Double-Edge|p2a: Kingambit
|-damage|p2a: Kingambit|59/100
|-damage|p1a: Cyclizar|85/100|[from] Recoil
|move|p2a: Kingambit|Low Kick|p1a: Cyclizar
|-supereffective|p1a: Cyclizar
|-damage|p1a: Cyclizar|0 fnt
|faint|p1a: Cyclizar
|
|-heal|p2a: Kingambit|65/100|[from] item: Leftovers
|upkeep
|
|t:|1779602279
|switch|p1a: Goodra|Goodra-Hisui, M, shiny|100/100
|turn|7
|
|t:|1779602292
|move|p1a: Goodra|Draco Meteor|p2a: Kingambit|[miss]
|-miss|p1a: Goodra|p2a: Kingambit
|move|p2a: Kingambit|Low Kick|p1a: Goodra
|-supereffective|p1a: Goodra
|-damage|p1a: Goodra|0 fnt
|faint|p1a: Goodra
|
|-heal|p2a: Kingambit|71/100|[from] item: Leftovers
|upkeep
|
|t:|1779602301
|switch|p1a: Regidrago|Regidrago, shiny|100/100
|turn|8
|
|t:|1779602305
|move|p1a: Regidrago|Dragon Energy|p2a: Kingambit
|-damage|p2a: Kingambit|0 fnt
|faint|p2a: Kingambit
|-end|p2a: Kingambit|fallen2|[silent]
|
|upkeep
|
|t:|1779602315
|switch|p2a: Salamence|Salamence, M, shiny|100/100
|turn|9
|
|t:|1779602321
|move|p1a: Regidrago|Dragon Energy|p2a: Salamence
|-supereffective|p2a: Salamence
|-damage|p2a: Salamence|0 fnt
|faint|p2a: Salamence
|
|upkeep
|
|t:|1779602332
|switch|p2a: Quaquaval|Quaquaval, M, shiny|100/100
|turn|10
|
|t:|1779602336
|move|p1a: Regidrago|Dragon Energy|p2a: Quaquaval
|-enditem|p2a: Quaquaval|Focus Sash
|-damage|p2a: Quaquaval|1/100
|move|p2a: Quaquaval|Ice Spinner|p1a: Regidrago
|-supereffective|p1a: Regidrago
|-damage|p1a: Regidrago|36/100
|
|upkeep
|turn|11
|
|t:|1779602349
|move|p1a: Regidrago|Dragon Energy|p2a: Quaquaval
|-damage|p2a: Quaquaval|0 fnt
|faint|p2a: Quaquaval
|
|upkeep
|
|t:|1779602355
|switch|p2a: Lilligant|Lilligant-Hisui, F, shiny|100/100
|turn|12
|
|t:|1779602362
|move|p1a: Regidrago|Dragon Energy|p2a: Lilligant
|-damage|p2a: Lilligant|44/100
|move|p2a: Lilligant|Triple Axel|p1a: Regidrago
|-supereffective|p1a: Regidrago
|-damage|p1a: Regidrago|21/100
|-supereffective|p1a: Regidrago
|-damage|p1a: Regidrago|0 fnt
|faint|p1a: Regidrago
|-hitcount|p1: Regidrago|2
|
|-heal|p2a: Lilligant|50/100|[from] item: Leftovers
|upkeep
|
|t:|1779602365
|switch|p1a: Dragonite|Dragonite, M, shiny|100/100
|turn|13
|
|t:|1779602377
|move|p2a: Lilligant|Triple Axel|p1a: Dragonite|[miss]
|-miss|p2a: Lilligant|p1a: Dragonite
|move|p1a: Dragonite|Wing Attack|p2a: Lilligant
|-supereffective|p2a: Lilligant
|-damage|p2a: Lilligant|0 fnt
|faint|p2a: Lilligant
|-damage|p1a: Dragonite|91/100|[from] item: Life Orb
|
|win|allstartalon
|raw|allstartalon's rating: 1134 &rarr; <strong>1161</strong><br />(+27 for winning)
|raw|yoyoyo6162's rating: 1165 &rarr; <strong>1138</strong><br />(-27 for losing)
|l|☆yoyoyo6162
|player|p2|
|l|☆allstartalon
|player|p1|
