|j|☆hem07
|j|☆OREOOREGO
|t:|1779559258
|gametype|singles
|player|p1|hem07|dawn|1305
|player|p2|OREOOREGO|hilbert|1325
|gen|9
|tier|[Gen 9] OU
|rated|
|rule|HP Percentage Mod: HP is shown in percentages
|rule|Endless Battle Clause: Forcing endless battles is banned
|rule|Species Clause: Limit one of each Pokémon
|rule|OHKO Clause: OHKO moves are banned
|rule|Evasion Items Clause: Evasion items are banned
|rule|Evasion Moves Clause: Evasion moves are banned
|rule|Evasion Abilities Clause: Evasion abilities are banned
|rule|Sleep Moves Clause: Sleep-inducing moves are banned
|clearpoke
|poke|p1|Zapdos|
|poke|p1|Iron Treads|
|poke|p1|Samurott-Hisui, F|
|poke|p1|Ceruledge, M|
|poke|p1|Gholdengo|
|poke|p1|Quaquaval, M|
|poke|p2|Muk-Alola, F|
|poke|p2|Great Tusk|
|poke|p2|Primarina, M|
|poke|p2|Cryogonal|
|poke|p2|Raging Bolt|
|poke|p2|Darkrai|
|teampreview
|inactive|Battle timer is ON: inactive players will automatically lose when time's up. (requested by hem07)
|
|t:|1779559269
|teamsize|p1|6
|teamsize|p2|6
|start
|switch|p1a: Zapdos|Zapdos|100/100
|switch|p2a: Primarina|Primarina, M|100/100
|turn|1
|
|t:|1779559280
|switch|p2a: Cryogonal|Cryogonal|100/100
|move|p1a: Zapdos|Hurricane|p2a: Cryogonal
|-damage|p2a: Cryogonal|67/100
|-start|p2a: Cryogonal|confusion
|
|upkeep
|turn|2
|
|t:|1779559287
|-activate|p2a: Cryogonal|confusion
|-damage|p2a: Cryogonal|59/100|[from] confusion
|move|p1a: Zapdos|Volt Switch|p2a: Cryogonal
|-damage|p2a: Cryogonal|37/100
|
|t:|1779559297
|switch|p1a: Iron Treads|Iron Treads|100/100|[from] Volt Switch
|
|upkeep
|turn|3
|
|t:|1779559317
|move|p1a: Iron Treads|Knock Off|p2a: Cryogonal
|-damage|p2a: Cryogonal|0 fnt
|-enditem|p2a: Cryogonal|Life Orb|[from] move: Knock Off|[of] p1a: Iron Treads
|faint|p2a: Cryogonal
|
|upkeep
|
|t:|1779559320
|switch|p2a: Great Tusk|Great Tusk|100/100
|turn|4
|
|t:|1779559324
|-end|p1a: Iron Treads|Quark Drive|[silent]
|switch|p1a: Zapdos|Zapdos|100/100
|move|p2a: Great Tusk|Headlong Rush|p1a: Zapdos
|-immune|p1a: Zapdos
|
|upkeep
|turn|5
|
|t:|1779559329
|-end|p2a: Great Tusk|Protosynthesis|[silent]
|switch|p2a: Muk|Muk-Alola, F|100/100
|move|p1a: Zapdos|Hurricane|p2a: Muk
|-damage|p2a: Muk|70/100
|
|upkeep
|turn|6
|
|t:|1779559335
|move|p1a: Zapdos|Thunder Wave|p2a: Muk
|-status|p2a: Muk|par
|move|p2a: Muk|Knock Off|p1a: Zapdos
|-damage|p1a: Zapdos|76/100
|-enditem|p1a: Zapdos|Heavy-Duty Boots|[from] move: Knock Off|[of] p2a: Muk
|
|upkeep
|turn|7
|
|t:|1779559342
|move|p1a: Zapdos|Volt Switch|p2a: Muk
|-damage|p2a: Muk|52/100 par
|
|t:|1779559347
|switch|p1a: Iron Treads|Iron Treads|100/100|[from] Volt Switch
|cant|p2a: Muk|par
|
|upkeep
|turn|8
|
|t:|1779559352
|switch|p2a: Great Tusk|Great Tusk|100/100
|move|p1a: Iron Treads|Earthquake|p2a: Great Tusk
|-crit|p2a: Great Tusk
|-damage|p2a: Great Tusk|48/100
|
|upkeep
|turn|9
|
|t:|1779559358
|-end|p1a: Iron Treads|Quark Drive|[silent]
|switch|p1a: Zapdos|Zapdos|76/100
|move|p2a: Great Tusk|Close Combat|p1a: Zapdos
|-resisted|p1a: Zapdos
|-damage|p1a: Zapdos|54/100
|-unboost|p2a: Great Tusk|def|1
|-unboost|p2a: Great Tusk|spd|1
|
|upkeep
|turn|10
|
|t:|1779559364
|move|p2a: Great Tusk|Ice Spinner|p1a: Zapdos
|-supereffective|p1a: Zapdos
|-damage|p1a: Zapdos|17/100
|-status|p2a: Great Tusk|par|[from] ability: Static|[of] p1a: Zapdos
|move|p1a: Zapdos|Roost|p1a: Zapdos
|-heal|p1a: Zapdos|67/100
|-singleturn|p1a: Zapdos|move: Roost
|
|upkeep
|turn|11
|
|t:|1779559370
|move|p1a: Zapdos|Roost|p1a: Zapdos
|-heal|p1a: Zapdos|100/100
|-singleturn|p1a: Zapdos|move: Roost
|cant|p2a: Great Tusk|par
|
|upkeep
|turn|12
|
|t:|1779559376
|move|p1a: Zapdos|Hurricane|p2a: Great Tusk
|-supereffective|p2a: Great Tusk
|-damage|p2a: Great Tusk|0 fnt
|faint|p2a: Great Tusk
|-end|p2a: Great Tusk|Protosynthesis|[silent]
|
|upkeep
|c|☆OREOOREGO|gg
|-message|OREOOREGO forfeited.
|
|win|hem07
|raw|hem07's rating: 1305 &rarr; <strong>1326</strong><br />(+21 for winning)
|raw|OREOOREGO's rating: 1325 &rarr; <strong>1304</strong><br />(-21 for losing)
|l|☆OREOOREGO
|player|p2|
|l|☆hem07
|player|p1|
