|j|‽mantikarp2.0
|j|☆Part Ways
|t:|1779665087
|gametype|singles
|player|p1|mantikarp2.0|1|1476
|player|p2|Part Ways|gwynn|1468
|gen|9
|tier|[Gen 9] OU
|rated|
|rule|HP Percentage Mod: HP is shown in percentages
|rule|Endless Battle Clause: Forcing endless battles is banned
|rule|Species Clause: Limit one of each Pokémon
|rule|OHKO Clause: OHKO moves are banned
|rule|Evasion Items Clause: Evasion items are banned
|rule|Evasion Moves Clause: Evasion moves are banned
|rule|Evasion Abilities Clause: Evasion abilities are banned
|rule|Sleep Moves Clause: Sleep-inducing moves are banned
|clearpoke
|poke|p1|Sinistcha|
|poke|p1|Tyranitar, M|
|poke|p1|Garchomp, M|
|poke|p1|Muk-Alola, F|
|poke|p1|Corviknight, M|
|poke|p1|Iron Valiant|
|poke|p2|Dragonite, M|
|poke|p2|Great Tusk|
|poke|p2|Deoxys-Speed|
|poke|p2|Gholdengo|
|poke|p2|Zamazenta-*|
|poke|p2|Iron Valiant|
|teampreview
|inactive|Battle timer is ON: inactive players will automatically lose when time's up. (requested by mantikarp2.0)
|
|t:|1779665095
|teamsize|p1|6
|teamsize|p2|6
|start
|switch|p1a: Sinistcha|Sinistcha|100/100
|switch|p2a: Deoxys|Deoxys-Speed|100/100
|-ability|p2a: Deoxys|Pressure
|turn|1
|
|t:|1779665104
|move|p2a: Deoxys|Taunt|p1a: Sinistcha
|-start|p1a: Sinistcha|move: Taunt
|move|p1a: Sinistcha|Shadow Ball|p2a: Deoxys
|-supereffective|p2a: Deoxys
|-enditem|p2a: Deoxys|Focus Sash
|-damage|p2a: Deoxys|1/100
|
|upkeep
|turn|2
|
|t:|1779665120
|move|p2a: Deoxys|Stealth Rock|p1a: Sinistcha
|-sidestart|p1: mantikarp2.0|move: Stealth Rock
|move|p1a: Sinistcha|Shadow Ball|p2a: Deoxys
|-supereffective|p2a: Deoxys
|-crit|p2a: Deoxys
|-damage|p2a: Deoxys|0 fnt
|faint|p2a: Deoxys
|
|upkeep
|
|t:|1779665134
|switch|p2a: Dragonite|Dragonite, M|100/100
|turn|3
|
|t:|1779665138
|move|p2a: Dragonite|Dragon Dance|p2a: Dragonite
|-boost|p2a: Dragonite|atk|1
|-boost|p2a: Dragonite|spe|1
|move|p1a: Sinistcha|Shadow Ball|p2a: Dragonite
|-damage|p2a: Dragonite|78/100
|
|-end|p1a: Sinistcha|move: Taunt
|upkeep
|turn|4
|
|t:|1779665155
|move|p2a: Dragonite|Fire Punch|p1a: Sinistcha
|-supereffective|p1a: Sinistcha
|-damage|p1a: Sinistcha|47/100
|-status|p1a: Sinistcha|brn
|-damage|p2a: Dragonite|68/100|[from] item: Life Orb
|move|p1a: Sinistcha|Strength Sap|p2a: Dragonite
|-unboost|p2a: Dragonite|atk|1
|-heal|p1a: Sinistcha|100/100 brn
|
|-damage|p1a: Sinistcha|98/100 brn|[from] brn
|upkeep
|turn|5
|
|t:|1779665168
|switch|p2a: Iron Valiant|Iron Valiant|100/100
|-enditem|p2a: Iron Valiant|Booster Energy
|-activate|p2a: Iron Valiant|ability: Quark Drive|[fromitem]
|-start|p2a: Iron Valiant|quarkdrivespe
|move|p1a: Sinistcha|Matcha Gotcha|p2a: Iron Valiant
|-damage|p2a: Iron Valiant|6/100
|-heal|p1a: Sinistcha|100/100 brn|[from] drain|[of] p2a: Iron Valiant
|-status|p2a: Iron Valiant|brn
|
|-damage|p2a: Iron Valiant|0 fnt|[from] brn
|faint|p2a: Iron Valiant
|-end|p2a: Iron Valiant|Quark Drive|[silent]
|-damage|p1a: Sinistcha|98/100 brn|[from] brn
|upkeep
|
|t:|1779665186
|switch|p2a: Gholdengo|Gholdengo|100/100
|turn|6
|
|t:|1779665189
|move|p2a: Gholdengo|Nasty Plot|p2a: Gholdengo
|-boost|p2a: Gholdengo|spa|2
|move|p1a: Sinistcha|Shadow Ball|p2a: Gholdengo
|-supereffective|p2a: Gholdengo
|-damage|p2a: Gholdengo|21/100
|
|-damage|p1a: Sinistcha|95/100 brn|[from] brn
|upkeep
|turn|7
|-enditem|p2a: Gholdengo|Custap Berry|[eat]
|-activate|p2a: Gholdengo|item: Custap Berry|[consumed]
|
|t:|1779665202
|switch|p1a: Tyranitar|Tyranitar, M|100/100
|-weather|Sandstorm|[from] ability: Sand Stream|[of] p1a: Tyranitar
|-terastallize|p2a: Gholdengo|Fairy
|move|p2a: Gholdengo|Recover|p2a: Gholdengo
|-heal|p2a: Gholdengo|71/100
|
|-weather|Sandstorm|[upkeep]
|-damage|p2a: Gholdengo|65/100|[from] Sandstorm
|upkeep
|turn|8
|
|t:|1779665214
|move|p2a: Gholdengo|Make It Rain|p1a: Tyranitar
|-supereffective|p1a: Tyranitar
|-damage|p1a: Tyranitar|0 fnt
|-unboost|p2a: Gholdengo|spa|1
|faint|p1a: Tyranitar
|
|-weather|Sandstorm|[upkeep]
|-damage|p2a: Gholdengo|59/100|[from] Sandstorm
|upkeep
|
|t:|1779665218
|switch|p1a: Muk|Muk-Alola, F|100/100
|-damage|p1a: Muk|88/100|[from] Stealth Rock
|turn|9
|
|t:|1779665233
|switch|p2a: Dragonite|Dragonite, M|68/100
|move|p1a: Muk|Poison Jab|p2a: Dragonite
|-damage|p2a: Dragonite|28/100
|
|-weather|Sandstorm|[upkeep]
|-damage|p2a: Dragonite|22/100|[from] Sandstorm
|-damage|p1a: Muk|82/100|[from] Sandstorm
|upkeep
|turn|10
|
|t:|1779665240
|move|p2a: Dragonite|Outrage|p1a: Muk
|-damage|p1a: Muk|0 fnt
|faint|p1a: Muk
|-damage|p2a: Dragonite|12/100|[from] item: Life Orb
|
|-weather|Sandstorm|[upkeep]
|-damage|p2a: Dragonite|6/100|[from] Sandstorm
|upkeep
|
|t:|1779665244
|switch|p1a: Iron Valiant|Iron Valiant|100/100
|-damage|p1a: Iron Valiant|94/100|[from] Stealth Rock
|-enditem|p1a: Iron Valiant|Booster Energy
|-activate|p1a: Iron Valiant|ability: Quark Drive|[fromitem]
|-start|p1a: Iron Valiant|quarkdrivespe
|turn|11
|
|t:|1779665249
|move|p1a: Iron Valiant|Moonblast|p2a: Dragonite
|-supereffective|p2a: Dragonite
|-damage|p2a: Dragonite|0 fnt
|faint|p2a: Dragonite
|
|-weather|none
|upkeep
|
|t:|1779665258
|switch|p2a: Zamazenta|Zamazenta|100/100
|-ability|p2a: Zamazenta|Dauntless Shield|boost
|-boost|p2a: Zamazenta|def|1
|turn|12
|l|‽mantikarp2.0
|inactive|mantikarp2.0 disconnected and has a minute to reconnect!
|player|p1|
|j|‽mantikarp2.0
|inactive|mantikarp2.0 reconnected and has 130 seconds left.
|player|p1|mantikarp2.0|1|
|n|‽mantikarp2.0|mantikarp20
|n|‽mantikarp2.0|mantikarp20
|inactive|mantikarp2.0 has 120 seconds left.
|
|t:|1779665289
|move|p1a: Iron Valiant|Moonblast|p2a: Zamazenta
|-supereffective|p2a: Zamazenta
|-damage|p2a: Zamazenta|14/100
|move|p2a: Zamazenta|Heavy Slam|p1a: Iron Valiant
|-supereffective|p1a: Iron Valiant
|-damage|p1a: Iron Valiant|0 fnt
|faint|p1a: Iron Valiant
|-end|p1a: Iron Valiant|Quark Drive|[silent]
|-damage|p2a: Zamazenta|4/100|[from] item: Life Orb
|
|upkeep
|inactive|mantikarp2.0 has 120 seconds left.
|
|t:|1779665298
|switch|p1a: Corviknight|Corviknight, M|100/100
|-damage|p1a: Corviknight|88/100|[from] Stealth Rock
|turn|13
|inactive|mantikarp2.0 has 120 seconds left.
|
|t:|1779665311
|move|p2a: Zamazenta|Close Combat|p1a: Corviknight
|-damage|p1a: Corviknight|37/100
|-unboost|p2a: Zamazenta|def|1
|-unboost|p2a: Zamazenta|spd|1
|-damage|p2a: Zamazenta|0 fnt|[from] item: Rocky Helmet|[of] p1a: Corviknight
|faint|p2a: Zamazenta
|move|p1a: Corviknight|Defog|p2: Zamazenta|[notarget]
|-fail|p1a: Corviknight
|
|upkeep
|
|t:|1779665321
|switch|p2a: Gholdengo|Gholdengo, tera:Fairy|59/100
|turn|14
|
|t:|1779665331
|move|p2a: Gholdengo|Nasty Plot|p2a: Gholdengo
|-boost|p2a: Gholdengo|spa|2
|move|p1a: Corviknight|U-turn|p2a: Gholdengo
|-resisted|p2a: Gholdengo
|-damage|p2a: Gholdengo|53/100
|
|t:|1779665335
|switch|p1a: Garchomp|Garchomp, M|100/100|[from] U-turn
|-damage|p1a: Garchomp|94/100|[from] Stealth Rock
|
|-heal|p1a: Garchomp|100/100|[from] item: Leftovers
|upkeep
|turn|15
|
|t:|1779665350
|move|p1a: Garchomp|Earthquake|p2a: Gholdengo
|-damage|p2a: Gholdengo|9/100
|move|p2a: Gholdengo|Make It Rain|p1a: Garchomp
|-damage|p1a: Garchomp|0 fnt
|-unboost|p2a: Gholdengo|spa|1
|faint|p1a: Garchomp
|
|upkeep
|
|t:|1779665357
|switch|p1a: Corviknight|Corviknight, M|37/100
|-damage|p1a: Corviknight|25/100|[from] Stealth Rock
|turn|16
|
|t:|1779665362
|move|p2a: Gholdengo|Recover|p2a: Gholdengo
|-heal|p2a: Gholdengo|59/100
|move|p1a: Corviknight|Body Press|p2a: Gholdengo
|-resisted|p2a: Gholdengo
|-damage|p2a: Gholdengo|49/100
|
|upkeep
|turn|17
|
|t:|1779665370
|move|p2a: Gholdengo|Recover|p2a: Gholdengo
|-heal|p2a: Gholdengo|99/100
|move|p1a: Corviknight|U-turn|p2a: Gholdengo
|-resisted|p2a: Gholdengo
|-damage|p2a: Gholdengo|94/100
|
|t:|1779665371
|switch|p1a: Sinistcha|Sinistcha|95/100 brn|[from] U-turn
|
|-damage|p1a: Sinistcha|92/100 brn|[from] brn
|upkeep
|turn|18
|
|t:|1779665390
|move|p2a: Gholdengo|Shadow Ball|p1a: Sinistcha
|-supereffective|p1a: Sinistcha
|-damage|p1a: Sinistcha|0 fnt
|faint|p1a: Sinistcha
|
|upkeep
|
|t:|1779665394
|switch|p1a: Corviknight|Corviknight, M|25/100
|-damage|p1a: Corviknight|12/100|[from] Stealth Rock
|turn|19
|
|t:|1779665397
|move|p2a: Gholdengo|Shadow Ball|p1a: Corviknight
|-damage|p1a: Corviknight|0 fnt
|faint|p1a: Corviknight
|
|win|Part Ways
|raw|mantikarp2.0's rating: 1476 &rarr; <strong>1456</strong><br />(-20 for losing)
|raw|Part Ways's rating: 1468 &rarr; <strong>1488</strong><br />(+20 for winning)
|l|‽mantikarp2.0
|player|p1|
|l|☆Part Ways
|player|p2|
