|j|☆zehntimes
|j|☆OP Earthquakes
|t:|1779657441
|gametype|singles
|player|p1|zehntimes|n|1563
|player|p2|OP Earthquakes|giovanni-masters|1662
|gen|9
|tier|[Gen 9] OU
|rated|
|rule|HP Percentage Mod: HP is shown in percentages
|rule|Endless Battle Clause: Forcing endless battles is banned
|rule|Species Clause: Limit one of each Pokémon
|rule|OHKO Clause: OHKO moves are banned
|rule|Evasion Items Clause: Evasion items are banned
|rule|Evasion Moves Clause: Evasion moves are banned
|rule|Evasion Abilities Clause: Evasion abilities are banned
|rule|Sleep Moves Clause: Sleep-inducing moves are banned
|clearpoke
|poke|p1|Ogerpon-Wellspring, F|
|poke|p1|Moltres|
|poke|p1|Slowking-Galar, F|
|poke|p1|Great Tusk|
|poke|p1|Raging Bolt|
|poke|p1|Kingambit, M|
|poke|p2|Tyranitar, M|
|poke|p2|Pawmot, M|
|poke|p2|Kyurem|
|poke|p2|Excadrill, M|
|poke|p2|Hawlucha, M|
|poke|p2|Greninja-*, M|
|teampreview
|inactive|Battle timer is ON: inactive players will automatically lose when time's up. (requested by OP Earthquakes)
|j| kanaete onegai
|inactive|OP Earthquakes has 120 seconds left.
|
|t:|1779657485
|teamsize|p1|6
|teamsize|p2|6
|start
|switch|p1a: Ogerpon|Ogerpon-Wellspring, F|100/100
|switch|p2a: Greninja|Greninja, M|100/100
|turn|1
|
|t:|1779657490
|switch|p1a: Slowking|Slowking-Galar, F, shiny|100/100
|move|p2a: Greninja|Sludge Wave|p1a: Slowking
|-start|p2a: Greninja|typechange|Poison|[from] ability: Protean
|-resisted|p1a: Slowking
|-damage|p1a: Slowking|88/100
|
|-heal|p1a: Slowking|94/100|[from] item: Leftovers
|upkeep
|turn|2
|
|t:|1779657495
|switch|p2a: Toshiro|Kyurem, shiny|100/100
|-ability|p2a: Toshiro|Pressure
|-prepare|p1a: Slowking|Chilly Reception|[premajor]
|move|p1a: Slowking|Chilly Reception|p1a: Slowking
|-weather|Snowscape
|
|t:|1779657505
|switch|p1a: Moltres|Moltres, shiny|100/100|[from] Chilly Reception
|
|-weather|Snowscape|[upkeep]
|upkeep
|turn|3
|
|t:|1779657509
|move|p1a: Moltres|Will-O-Wisp|p2a: Toshiro
|-status|p2a: Toshiro|brn
|move|p2a: Toshiro|Freeze-Dry|p1a: Moltres
|-damage|p1a: Moltres|51/100
|
|-weather|Snowscape|[upkeep]
|-damage|p2a: Toshiro|94/100 brn|[from] brn
|upkeep
|turn|4
|
|t:|1779657513
|switch|p1a: Slowking|Slowking-Galar, F, shiny|100/100
|move|p2a: Toshiro|Freeze-Dry|p1a: Slowking
|-damage|p1a: Slowking|78/100
|
|-weather|Snowscape|[upkeep]
|-heal|p1a: Slowking|85/100|[from] item: Leftovers
|-damage|p2a: Toshiro|88/100 brn|[from] brn
|upkeep
|turn|5
|
|t:|1779657519
|move|p2a: Toshiro|Earth Power|p1a: Slowking
|-supereffective|p1a: Slowking
|-crit|p1a: Slowking
|-damage|p1a: Slowking|8/100
|-prepare|p1a: Slowking|Chilly Reception|[premajor]
|move|p1a: Slowking|Chilly Reception|p1a: Slowking
|
|t:|1779657521
|switch|p1a: Ogerpon|Ogerpon-Wellspring, F|100/100|[from] Chilly Reception
|
|-weather|Snowscape|[upkeep]
|-damage|p2a: Toshiro|82/100 brn|[from] brn
|upkeep
|turn|6
|
|t:|1779657523
|move|p1a: Ogerpon|Knock Off|p2a: Toshiro
|-damage|p2a: Toshiro|58/100 brn
|-enditem|p2a: Toshiro|Expert Belt|[from] move: Knock Off|[of] p1a: Ogerpon
|move|p2a: Toshiro|Freeze-Dry|p1a: Ogerpon
|-supereffective|p1a: Ogerpon
|-damage|p1a: Ogerpon|0 fnt
|faint|p1a: Ogerpon
|
|-weather|none
|-damage|p2a: Toshiro|52/100 brn|[from] brn
|upkeep
|
|t:|1779657532
|switch|p1a: Great Tusk|Great Tusk|100/100
|turn|7
|
|t:|1779657540
|move|p1a: Great Tusk|Stealth Rock|p2a: Toshiro
|-sidestart|p2: OP Earthquakes|move: Stealth Rock
|move|p2a: Toshiro|Freeze-Dry|p1a: Great Tusk
|-supereffective|p1a: Great Tusk
|-damage|p1a: Great Tusk|0 fnt
|faint|p1a: Great Tusk
|-end|p1a: Great Tusk|Protosynthesis|[silent]
|
|-damage|p2a: Toshiro|46/100 brn|[from] brn
|upkeep
|
|t:|1779657547
|switch|p1a: Raging Bolt|Raging Bolt|100/100
|turn|8
|
|t:|1779657551
|-terastallize|p1a: Raging Bolt|Fairy
|move|p2a: Toshiro|Freeze-Dry|p1a: Raging Bolt
|-damage|p1a: Raging Bolt|67/100
|move|p1a: Raging Bolt|Calm Mind|p1a: Raging Bolt
|-boost|p1a: Raging Bolt|spa|1
|-boost|p1a: Raging Bolt|spd|1
|
|-heal|p1a: Raging Bolt|73/100|[from] item: Leftovers
|-damage|p2a: Toshiro|39/100 brn|[from] brn
|upkeep
|turn|9
|
|t:|1779657558
|move|p2a: Toshiro|Endeavor|p1a: Raging Bolt
|-damage|p1a: Raging Bolt|36/100
|move|p1a: Raging Bolt|Dragon Pulse|p2a: Toshiro
|-supereffective|p2a: Toshiro
|-damage|p2a: Toshiro|0 fnt
|faint|p2a: Toshiro
|
|-heal|p1a: Raging Bolt|42/100|[from] item: Leftovers
|upkeep
|
|t:|1779657570
|switch|p2a: OP|Excadrill, M|100/100
|-damage|p2a: OP|97/100|[from] Stealth Rock
|turn|10
|
|t:|1779657574
|-end|p1a: Raging Bolt|Protosynthesis|[silent]
|switch|p1a: Moltres|Moltres, shiny|51/100
|move|p2a: OP|Rock Slide|p1a: Moltres|[miss]
|-miss|p2a: OP|p1a: Moltres
|
|upkeep
|turn|11
|
|t:|1779657577
|move|p1a: Moltres|Flamethrower|p2a: OP
|-supereffective|p2a: OP
|-damage|p2a: OP|0 fnt
|faint|p2a: OP
|
|upkeep
|c|☆OP Earthquakes|k
|
|t:|1779657586
|switch|p2a: Greninja|Greninja, M|100/100
|-damage|p2a: Greninja|88/100|[from] Stealth Rock
|turn|12
|
|t:|1779657594
|switch|p1a: Slowking|Slowking-Galar, F, shiny|42/100
|move|p2a: Greninja|Surf|p1a: Slowking
|-start|p2a: Greninja|typechange|Water|[from] ability: Protean
|-damage|p1a: Slowking|20/100
|
|-heal|p1a: Slowking|26/100|[from] item: Leftovers
|upkeep
|turn|13
|
|t:|1779657603
|-terastallize|p2a: Greninja|Water
|move|p2a: Greninja|Surf|p1a: Slowking
|-damage|p1a: Slowking|0 fnt
|faint|p1a: Slowking
|
|upkeep
|
|t:|1779657606
|switch|p1a: Kingambit|Kingambit, M|100/100
|-activate|p1a: Kingambit|ability: Supreme Overlord
|-start|p1a: Kingambit|fallen3|[silent]
|turn|14
|
|t:|1779657611
|switch|p2a: Porunga|Pawmot, M|100/100
|-damage|p2a: Porunga|94/100|[from] Stealth Rock
|-end|p1a: Kingambit|fallen3|[silent]
|switch|p1a: Moltres|Moltres, shiny|51/100
|
|upkeep
|turn|15
|l| kanaete onegai
|
|t:|1779657614
|move|p2a: Porunga|Revival Blessing|p2a: Porunga
|-enditem|p2a: Porunga|Leppa Berry|[eat]
|-activate|p2a: Porunga|item: Leppa Berry|Revival Blessing|[consumed]
|
|t:|1779657618
|-heal|p2: OP|50/100|[from] move: Revival Blessing
|move|p1a: Moltres|Air Slash|p2a: Porunga
|-crit|p2a: Porunga
|-damage|p2a: Porunga|4/100
|
|upkeep
|turn|16
|
|t:|1779657634
|switch|p1a: Raging Bolt|Raging Bolt, tera:Fairy|42/100
|move|p2a: Porunga|Revival Blessing|p2a: Porunga
|
|t:|1779657639
|-heal|p2: Toshiro|50/100|[from] move: Revival Blessing
|
|-heal|p1a: Raging Bolt|49/100|[from] item: Leftovers
|upkeep
|turn|17
|
|t:|1779657644
|move|p2a: Porunga|Rest|p2a: Porunga
|-status|p2a: Porunga|slp|[from] move: Rest
|-heal|p2a: Porunga|100/100 slp|[silent]
|move|p1a: Raging Bolt|Dragon Pulse|p2a: Porunga
|-damage|p2a: Porunga|27/100 slp
|
|-heal|p1a: Raging Bolt|55/100|[from] item: Leftovers
|upkeep
|turn|18
|
|t:|1779657648
|switch|p2a: The sandstorm|Tyranitar, M, shiny|100/100
|-damage|p2a: The sandstorm|88/100|[from] Stealth Rock
|-weather|Sandstorm|[from] ability: Sand Stream|[of] p2a: The sandstorm
|move|p1a: Raging Bolt|Calm Mind|p1a: Raging Bolt
|-boost|p1a: Raging Bolt|spa|1
|-boost|p1a: Raging Bolt|spd|1
|
|-weather|Sandstorm|[upkeep]
|-damage|p1a: Raging Bolt|49/100|[from] Sandstorm
|-heal|p1a: Raging Bolt|55/100|[from] item: Leftovers
|upkeep
|turn|19
|
|t:|1779657654
|move|p1a: Raging Bolt|Thunderbolt|p2a: The sandstorm
|-damage|p2a: The sandstorm|35/100
|-status|p2a: The sandstorm|par
|move|p2a: The sandstorm|Roar|p1a: Raging Bolt
|-end|p1a: Raging Bolt|Protosynthesis|[silent]
|drag|p1a: Kingambit|Kingambit, M|100/100
|-activate|p1a: Kingambit|ability: Supreme Overlord
|-start|p1a: Kingambit|fallen3|[silent]
|
|-weather|Sandstorm|[upkeep]
|upkeep
|turn|20
|
|t:|1779657659
|move|p1a: Kingambit|Swords Dance|p1a: Kingambit
|-boost|p1a: Kingambit|atk|2
|move|p2a: The sandstorm|Thunder Wave|p1a: Kingambit
|-status|p1a: Kingambit|par
|-enditem|p1a: Kingambit|Lum Berry|[eat]
|-curestatus|p1a: Kingambit|par|[msg]
|
|-weather|Sandstorm|[upkeep]
|upkeep
|turn|21
|
|t:|1779657664
|move|p1a: Kingambit|Low Kick|p2a: The sandstorm
|-supereffective|p2a: The sandstorm
|-damage|p2a: The sandstorm|0 fnt
|faint|p2a: The sandstorm
|
|-weather|Sandstorm|[upkeep]
|upkeep
|
|t:|1779657669
|switch|p2a: Itachi|Hawlucha, M, shiny|100/100
|-damage|p2a: Itachi|88/100|[from] Stealth Rock
|-ability|p2a: Itachi|Mold Breaker
|turn|22
|
|t:|1779657676
|move|p2a: Itachi|Defog|p1a: Kingambit
|-unboost|p1a: Kingambit|evasion|1
|-sideend|p2: OP Earthquakes|Stealth Rock|[from] move: Defog|[of] p2a: Itachi
|move|p1a: Kingambit|Kowtow Cleave|p2a: Itachi
|-resisted|p2a: Itachi
|-damage|p2a: Itachi|2/100
|-enditem|p2a: Itachi|Red Card|[of] p1a: Kingambit
|-end|p1a: Kingambit|fallen3|[silent]
|drag|p1a: Raging Bolt|Raging Bolt, tera:Fairy|55/100
|
|-weather|Sandstorm|[upkeep]
|-damage|p2a: Itachi|0 fnt|[from] Sandstorm
|-damage|p1a: Raging Bolt|49/100|[from] Sandstorm
|faint|p2a: Itachi
|-heal|p1a: Raging Bolt|55/100|[from] item: Leftovers
|upkeep
|
|t:|1779657685
|switch|p2a: Toshiro|Kyurem, shiny|50/100
|-ability|p2a: Toshiro|Pressure
|turn|23
|
|t:|1779657691
|move|p2a: Toshiro|Freeze-Dry|p1a: Raging Bolt
|-damage|p1a: Raging Bolt|18/100
|move|p1a: Raging Bolt|Dragon Pulse|p2a: Toshiro
|-supereffective|p2a: Toshiro
|-damage|p2a: Toshiro|0 fnt
|faint|p2a: Toshiro
|
|-weather|Sandstorm|[upkeep]
|-damage|p1a: Raging Bolt|11/100|[from] Sandstorm
|-heal|p1a: Raging Bolt|18/100|[from] item: Leftovers
|upkeep
|
|t:|1779657698
|switch|p2a: OP|Excadrill, M|50/100
|turn|24
|
|t:|1779657704
|-end|p1a: Raging Bolt|Protosynthesis|[silent]
|switch|p1a: Kingambit|Kingambit, M|100/100
|-activate|p1a: Kingambit|ability: Supreme Overlord
|-start|p1a: Kingambit|fallen3|[silent]
|move|p2a: OP|Rock Slide|p1a: Kingambit
|-resisted|p1a: Kingambit
|-damage|p1a: Kingambit|86/100
|
|-weather|Sandstorm|[upkeep]
|upkeep
|turn|25
|
|t:|1779657709
|switch|p2a: Porunga|Pawmot, M|27/100 slp
|move|p1a: Kingambit|Low Kick|p2a: Porunga
|-damage|p2a: Porunga|0 fnt
|faint|p2a: Porunga
|
|-weather|none
|upkeep
|
|t:|1779657711
|switch|p2a: Greninja|Greninja, M, tera:Water|88/100
|turn|26
|
|t:|1779657728
|move|p1a: Kingambit|Sucker Punch|p2a: Greninja
|-damage|p2a: Greninja|0 fnt
|faint|p2a: Greninja
|
|upkeep
|c|☆OP Earthquakes|trash rng
|c|☆zehntimes|gg
|inactive|OP Earthquakes has 120 seconds left.
|c|☆OP Earthquakes|it wasnt
|-message|OP Earthquakes forfeited.
|
|win|zehntimes
|raw|zehntimes's rating: 1563 &rarr; <strong>1589</strong><br />(+26 for winning)
|raw|OP Earthquakes's rating: 1662 &rarr; <strong>1636</strong><br />(-26 for losing)
|l|☆OP Earthquakes
|player|p2|
