|j|☆crimson night raid
|j|☆getreyal
|t:|1779578973
|gametype|singles
|player|p1|crimson night raid|unknownf|1680
|player|p2|getreyal|pokemaniac-gen6|1634
|gen|9
|tier|[Gen 9] OU
|rated|
|rule|HP Percentage Mod: HP is shown in percentages
|rule|Endless Battle Clause: Forcing endless battles is banned
|rule|Species Clause: Limit one of each Pokémon
|rule|OHKO Clause: OHKO moves are banned
|rule|Evasion Items Clause: Evasion items are banned
|rule|Evasion Moves Clause: Evasion moves are banned
|rule|Evasion Abilities Clause: Evasion abilities are banned
|rule|Sleep Moves Clause: Sleep-inducing moves are banned
|clearpoke
|poke|p1|Volcanion|
|poke|p1|Rillaboom, M|
|poke|p1|Great Tusk|
|poke|p1|Deoxys-Speed|
|poke|p1|Zamazenta-*|
|poke|p1|Corviknight, F|
|poke|p2|Kingambit, M|
|poke|p2|Ursaluna, M|
|poke|p2|Iron Hands|
|poke|p2|Cresselia, F|
|poke|p2|Diancie|
|poke|p2|Hatterene, F|
|teampreview
|inactive|Battle timer is ON: inactive players will automatically lose when time's up. (requested by crimson night raid)
|
|t:|1779578982
|teamsize|p1|6
|teamsize|p2|6
|start
|switch|p1a: Corviknight|Corviknight, F|100/100
|switch|p2a: Diancie|Diancie|100/100
|turn|1
|
|t:|1779578989
|switch|p1a: Rillaboom|Rillaboom, M|100/100
|-fieldstart|move: Grassy Terrain|[from] ability: Grassy Surge|[of] p1a: Rillaboom
|move|p2a: Diancie|Trick Room|p2a: Diancie
|-fieldstart|move: Trick Room|[of] p2a: Diancie
|
|upkeep
|turn|2
|
|t:|1779578995
|move|p1a: Rillaboom|Grassy Glide|p2a: Diancie
|-supereffective|p2a: Diancie
|-damage|p2a: Diancie|42/100
|move|p2a: Diancie|Meteor Beam||[still]
|-prepare|p2a: Diancie|Meteor Beam
|-boost|p2a: Diancie|spa|1
|-enditem|p2a: Diancie|Power Herb
|-anim|p2a: Diancie|Meteor Beam|p1a: Rillaboom
|-damage|p1a: Rillaboom|1/100
|
|-heal|p2a: Diancie|48/100|[from] Grassy Terrain
|-heal|p1a: Rillaboom|7/100|[from] Grassy Terrain
|-heal|p1a: Rillaboom|13/100|[from] item: Leftovers
|upkeep
|turn|3
|
|t:|1779579003
|switch|p2a: Iron Hands|Iron Hands|100/100
|-enditem|p2a: Iron Hands|Booster Energy
|-activate|p2a: Iron Hands|ability: Quark Drive|[fromitem]
|-start|p2a: Iron Hands|quarkdriveatk
|move|p1a: Rillaboom|Grassy Glide|p2a: Iron Hands
|-damage|p2a: Iron Hands|72/100
|
|-heal|p2a: Iron Hands|78/100|[from] Grassy Terrain
|-heal|p1a: Rillaboom|19/100|[from] Grassy Terrain
|-heal|p1a: Rillaboom|25/100|[from] item: Leftovers
|upkeep
|turn|4
|
|t:|1779579006
|switch|p1a: Great Tusk|Great Tusk|100/100
|move|p2a: Iron Hands|Swords Dance|p2a: Iron Hands
|-boost|p2a: Iron Hands|atk|2
|
|-heal|p2a: Iron Hands|85/100|[from] Grassy Terrain
|upkeep
|turn|5
|
|t:|1779579012
|move|p2a: Iron Hands|Ice Punch|p1a: Great Tusk
|-supereffective|p1a: Great Tusk
|-damage|p1a: Great Tusk|0 fnt
|-damage|p2a: Iron Hands|68/100|[from] item: Rocky Helmet|[of] p1a: Great Tusk
|faint|p1a: Great Tusk
|-end|p1a: Great Tusk|Protosynthesis|[silent]
|
|-heal|p2a: Iron Hands|74/100|[from] Grassy Terrain
|-fieldend|move: Trick Room
|-fieldend|move: Grassy Terrain
|upkeep
|
|t:|1779579018
|switch|p1a: Deoxys|Deoxys-Speed|100/100
|-ability|p1a: Deoxys|Pressure
|turn|6
|
|t:|1779579022
|-end|p2a: Iron Hands|Quark Drive|[silent]
|switch|p2a: Kingambit|Kingambit, M|100/100
|move|p1a: Deoxys|Nasty Plot|p1a: Deoxys
|-boost|p1a: Deoxys|spa|2
|
|upkeep
|turn|7
|
|t:|1779579026
|switch|p1a: Volcanion|Volcanion|100/100
|move|p2a: Kingambit|Sucker Punch||[still]
|-fail|p2a: Kingambit
|
|upkeep
|turn|8
|
|t:|1779579033
|-end|p2a: Kingambit|fallenundefined|[silent]
|switch|p2a: Cresselia|Cresselia, F|100/100
|move|p1a: Volcanion|Fire Spin|p2a: Cresselia
|-damage|p2a: Cresselia|88/100
|-activate|p2a: Cresselia|move: Fire Spin|[of] p1a: Volcanion
|
|-damage|p2a: Cresselia|76/100|[from] move: Fire Spin|[partiallytrapped]
|upkeep
|turn|9
|
|t:|1779579036
|move|p1a: Volcanion|Steam Eruption|p2a: Cresselia
|-damage|p2a: Cresselia|35/100
|move|p2a: Cresselia|Trick Room|p2a: Cresselia
|-fieldstart|move: Trick Room|[of] p2a: Cresselia
|
|-damage|p2a: Cresselia|22/100|[from] move: Fire Spin|[partiallytrapped]
|upkeep
|turn|10
|
|t:|1779579039
|move|p1a: Volcanion|Protect|p1a: Volcanion
|-singleturn|p1a: Volcanion|Protect
|move|p2a: Cresselia|Lunar Dance|p2a: Cresselia
|faint|p2a: Cresselia
|
|upkeep
|
|t:|1779579042
|switch|p2a: Ursaluna|Ursaluna, M|100/100
|turn|11
|
|t:|1779579052
|switch|p1a: Zamazenta|Zamazenta|100/100
|-ability|p1a: Zamazenta|Dauntless Shield|boost
|-boost|p1a: Zamazenta|def|1
|move|p2a: Ursaluna|Swords Dance|p2a: Ursaluna
|-boost|p2a: Ursaluna|atk|2
|
|-status|p2a: Ursaluna|brn|[from] item: Flame Orb
|upkeep
|turn|12
|
|t:|1779579061
|switch|p1a: Deoxys|Deoxys-Speed|100/100
|-ability|p1a: Deoxys|Pressure
|-terastallize|p2a: Ursaluna|Normal
|move|p2a: Ursaluna|Facade|p1a: Deoxys
|-damage|p1a: Deoxys|0 fnt
|faint|p1a: Deoxys
|
|-damage|p2a: Ursaluna|94/100 brn|[from] brn
|upkeep
|
|t:|1779579067
|switch|p1a: Rillaboom|Rillaboom, M|25/100
|-fieldstart|move: Grassy Terrain|[from] ability: Grassy Surge|[of] p1a: Rillaboom
|turn|13
|
|t:|1779579073
|move|p1a: Rillaboom|Grassy Glide|p2a: Ursaluna
|-damage|p2a: Ursaluna|65/100 brn
|move|p2a: Ursaluna|Facade|p1a: Rillaboom
|-damage|p1a: Rillaboom|0 fnt
|faint|p1a: Rillaboom
|
|-heal|p2a: Ursaluna|71/100 brn|[from] Grassy Terrain
|-damage|p2a: Ursaluna|65/100 brn|[from] brn
|-fieldend|move: Trick Room
|upkeep
|
|t:|1779579076
|switch|p1a: Zamazenta|Zamazenta|100/100
|turn|14
|
|t:|1779579080
|switch|p1a: Corviknight|Corviknight, F|100/100
|switch|p2a: Hatterene|Hatterene, F|100/100
|
|upkeep
|turn|15
|
|t:|1779579084
|move|p1a: Corviknight|Bulk Up|p1a: Corviknight
|-boost|p1a: Corviknight|atk|1
|-boost|p1a: Corviknight|def|1
|move|p2a: Hatterene|Trick Room|p2a: Hatterene
|-fieldstart|move: Trick Room|[of] p2a: Hatterene
|
|upkeep
|turn|16
|j| Shadowthrone
|
|t:|1779579095
|switch|p2a: Diancie|Diancie|48/100
|-heal|p2a: Diancie|100/100|[from] move: Lunar Dance
|move|p1a: Corviknight|Bulk Up|p1a: Corviknight
|-boost|p1a: Corviknight|atk|1
|-boost|p1a: Corviknight|def|1
|
|upkeep
|turn|17
|
|t:|1779579105
|move|p2a: Diancie|Meteor Beam||[still]
|-prepare|p2a: Diancie|Meteor Beam
|-boost|p2a: Diancie|spa|1
|move|p1a: Corviknight|Bulk Up|p1a: Corviknight
|-boost|p1a: Corviknight|atk|1
|-boost|p1a: Corviknight|def|1
|
|-fieldend|move: Grassy Terrain
|upkeep
|turn|18
|
|t:|1779579110
|move|p2a: Diancie|Meteor Beam|p1a: Corviknight|[from] lockedmove
|-damage|p1a: Corviknight|45/100
|move|p1a: Corviknight|Roost|p1a: Corviknight
|-heal|p1a: Corviknight|95/100
|-singleturn|p1a: Corviknight|move: Roost
|
|upkeep
|turn|19
|
|t:|1779579124
|switch|p1a: Volcanion|Volcanion|100/100
|move|p2a: Diancie|Meteor Beam||[still]
|-prepare|p2a: Diancie|Meteor Beam
|-boost|p2a: Diancie|spa|1
|
|-fieldend|move: Trick Room
|upkeep
|turn|20
|
|t:|1779579129
|move|p1a: Volcanion|Steam Eruption|p2a: Diancie
|-supereffective|p2a: Diancie
|-damage|p2a: Diancie|9/100
|move|p2a: Diancie|Meteor Beam|p1a: Volcanion|[from] lockedmove
|-supereffective|p1a: Volcanion
|-damage|p1a: Volcanion|0 fnt
|faint|p1a: Volcanion
|
|upkeep
|
|t:|1779579134
|switch|p1a: Corviknight|Corviknight, F|95/100
|turn|21
|
|t:|1779579140
|switch|p2a: Iron Hands|Iron Hands|74/100
|move|p1a: Corviknight|Bulk Up|p1a: Corviknight
|-boost|p1a: Corviknight|atk|1
|-boost|p1a: Corviknight|def|1
|
|upkeep
|turn|22
|
|t:|1779579149
|-terastallize|p1a: Corviknight|Fire
|move|p1a: Corviknight|Bulk Up|p1a: Corviknight
|-boost|p1a: Corviknight|atk|1
|-boost|p1a: Corviknight|def|1
|move|p2a: Iron Hands|Supercell Slam|p1a: Corviknight
|-damage|p1a: Corviknight|73/100
|
|upkeep
|turn|23
|
|t:|1779579162
|-end|p2a: Iron Hands|Quark Drive|[silent]
|switch|p2a: Diancie|Diancie|9/100
|move|p1a: Corviknight|Bulk Up|p1a: Corviknight
|-boost|p1a: Corviknight|atk|1
|-boost|p1a: Corviknight|def|1
|
|upkeep
|turn|24
|
|t:|1779579168
|switch|p2a: Ursaluna|Ursaluna, M, tera:Normal|65/100 brn
|move|p1a: Corviknight|Power Trip|p2a: Ursaluna
|-damage|p2a: Ursaluna|11/100 brn
|
|-damage|p2a: Ursaluna|5/100 brn|[from] brn
|upkeep
|turn|25
|
|t:|1779579172
|move|p1a: Corviknight|Power Trip|p2a: Ursaluna
|-damage|p2a: Ursaluna|0 fnt
|faint|p2a: Ursaluna
|
|upkeep
|
|t:|1779579174
|switch|p2a: Hatterene|Hatterene, F|100/100
|turn|26
|
|t:|1779579184
|move|p1a: Corviknight|Power Trip|p2a: Hatterene
|-damage|p2a: Hatterene|28/100
|move|p2a: Hatterene|Trick Room|p2a: Hatterene
|-fieldstart|move: Trick Room|[of] p2a: Hatterene
|
|upkeep
|turn|27
|
|t:|1779579188
|move|p2a: Hatterene|Psychic Noise|p1a: Corviknight
|-damage|p1a: Corviknight|43/100
|move|p1a: Corviknight|Roost|p1a: Corviknight
|-heal|p1a: Corviknight|93/100
|
|upkeep
|turn|28
|
|t:|1779579193
|switch|p2a: Diancie|Diancie|9/100
|move|p1a: Corviknight|Power Trip|p2a: Diancie
|-resisted|p2a: Diancie
|-crit|p2a: Diancie
|-damage|p2a: Diancie|0 fnt
|faint|p2a: Diancie
|
|upkeep
|-message|getreyal forfeited.
|
|win|crimson night raid
|raw|crimson night raid's rating: 1680 &rarr; <strong>1697</strong><br />(+17 for winning)
|raw|getreyal's rating: 1634 &rarr; <strong>1617</strong><br />(-17 for losing)
|l|☆getreyal
|player|p2|
|l|☆crimson night raid
|player|p1|
|l| Shadowthrone
