|j|☆partypluto
|j|☆Negative1stClass
|t:|1779691799
|gametype|singles
|player|p1|partypluto|265|1159
|player|p2|Negative1stClass|hilbert|1235
|gen|9
|tier|[Gen 9] OU
|rated|
|rule|HP Percentage Mod: HP is shown in percentages
|rule|Endless Battle Clause: Forcing endless battles is banned
|rule|Species Clause: Limit one of each Pokémon
|rule|OHKO Clause: OHKO moves are banned
|rule|Evasion Items Clause: Evasion items are banned
|rule|Evasion Moves Clause: Evasion moves are banned
|rule|Evasion Abilities Clause: Evasion abilities are banned
|rule|Sleep Moves Clause: Sleep-inducing moves are banned
|clearpoke
|poke|p1|Incineroar, M|
|poke|p1|Meowscarada, F|
|poke|p1|Garchomp, F|
|poke|p1|Iron Valiant|
|poke|p1|Rotom-Wash|
|poke|p1|Clefable, M|
|poke|p2|Pelipper, F|
|poke|p2|Raging Bolt|
|poke|p2|Overqwil, M|
|poke|p2|Barraskewda, F|
|poke|p2|Iron Treads|
|poke|p2|Azelf|
|teampreview
|inactive|Battle timer is ON: inactive players will automatically lose when time's up. (requested by Negative1stClass)
|
|t:|1779691811
|teamsize|p1|6
|teamsize|p2|6
|start
|switch|p1a: The Plug|Rotom-Wash, shiny|100/100
|switch|p2a: Pelipper|Pelipper, F|100/100
|-weather|RainDance|[from] ability: Drizzle|[of] p2a: Pelipper
|turn|1
|
|t:|1779691818
|switch|p2a: Raging Bolt|Raging Bolt|100/100
|-enditem|p2a: Raging Bolt|Booster Energy
|-activate|p2a: Raging Bolt|ability: Protosynthesis|[fromitem]
|-start|p2a: Raging Bolt|protosynthesisspa
|move|p1a: The Plug|Volt Switch|p2a: Raging Bolt
|-resisted|p2a: Raging Bolt
|-damage|p2a: Raging Bolt|95/100
|
|t:|1779691825
|switch|p1a: Garland|Garchomp, F|100/100|[from] Volt Switch
|
|-weather|RainDance|[upkeep]
|upkeep
|turn|2
|
|t:|1779691829
|-terastallize|p2a: Raging Bolt|Fairy
|move|p1a: Garland|Swords Dance|p1a: Garland
|-boost|p1a: Garland|atk|2
|move|p2a: Raging Bolt|Draco Meteor|p1a: Garland
|-supereffective|p1a: Garland
|-damage|p1a: Garland|0 fnt
|-unboost|p2a: Raging Bolt|spa|2
|faint|p1a: Garland
|
|-weather|RainDance|[upkeep]
|upkeep
|
|t:|1779691838
|switch|p1a: Mihawk|Iron Valiant|100/100
|-enditem|p1a: Mihawk|Booster Energy
|-activate|p1a: Mihawk|ability: Quark Drive|[fromitem]
|-start|p1a: Mihawk|quarkdrivespe
|turn|3
|
|t:|1779691843
|move|p2a: Raging Bolt|Thunderclap||[still]
|-fail|p2a: Raging Bolt
|move|p1a: Mihawk|Swords Dance|p1a: Mihawk
|-boost|p1a: Mihawk|atk|2
|
|-weather|RainDance|[upkeep]
|upkeep
|turn|4
|
|t:|1779691848
|move|p2a: Raging Bolt|Thunderclap|p1a: Mihawk
|-damage|p1a: Mihawk|43/100
|move|p1a: Mihawk|Moonblast|p2a: Raging Bolt
|-crit|p2a: Raging Bolt
|-damage|p2a: Raging Bolt|46/100
|
|-weather|RainDance|[upkeep]
|upkeep
|turn|5
|
|t:|1779691852
|move|p2a: Raging Bolt|Thunderclap|p1a: Mihawk
|-damage|p1a: Mihawk|0 fnt
|faint|p1a: Mihawk
|-end|p1a: Mihawk|Quark Drive|[silent]
|
|-weather|RainDance|[upkeep]
|upkeep
|
|t:|1779691861
|switch|p1a: Esmeralda|Meowscarada, F, shiny|100/100
|turn|6
|
|t:|1779691867
|-end|p2a: Raging Bolt|Protosynthesis|[silent]
|switch|p2a: Overqwil|Overqwil, M|100/100
|move|p1a: Esmeralda|Flower Trick|p2a: Overqwil
|-start|p1a: Esmeralda|typechange|Grass|[from] ability: Protean
|-resisted|p2a: Overqwil
|-crit|p2a: Overqwil
|-damage|p2a: Overqwil|73/100
|
|-weather|RainDance|[upkeep]
|upkeep
|turn|7
|
|t:|1779691874
|move|p2a: Overqwil|Gunk Shot|p1a: Esmeralda
|-supereffective|p1a: Esmeralda
|-enditem|p1a: Esmeralda|Focus Sash
|-damage|p1a: Esmeralda|1/100
|-damage|p2a: Overqwil|63/100|[from] item: Life Orb
|move|p1a: Esmeralda|U-turn|p2a: Overqwil
|-damage|p2a: Overqwil|38/100
|
|t:|1779691882
|switch|p1a: The Plug|Rotom-Wash, shiny|100/100|[from] U-turn
|
|-weather|RainDance|[upkeep]
|upkeep
|turn|8
|
|t:|1779691886
|move|p2a: Overqwil|Gunk Shot|p1a: The Plug|[miss]
|-miss|p2a: Overqwil|p1a: The Plug
|move|p1a: The Plug|Hydro Pump|p2a: Overqwil
|-damage|p2a: Overqwil|0 fnt
|faint|p2a: Overqwil
|
|-weather|none
|upkeep
|
|t:|1779691888
|switch|p2a: Pelipper|Pelipper, F|100/100
|-weather|RainDance|[from] ability: Drizzle|[of] p2a: Pelipper
|turn|9
|
|t:|1779691894
|move|p1a: The Plug|Will-O-Wisp|p2a: Pelipper
|-status|p2a: Pelipper|brn
|move|p2a: Pelipper|U-turn|p1a: The Plug
|-damage|p1a: The Plug|97/100
|
|t:|1779691903
|switch|p2a: Azelf|Azelf|100/100|[from] U-turn
|
|-weather|RainDance|[upkeep]
|-heal|p1a: The Plug|100/100|[from] item: Leftovers
|upkeep
|turn|10
|
|t:|1779691912
|move|p2a: Azelf|Thunder|p1a: The Plug
|-damage|p1a: The Plug|60/100
|move|p1a: The Plug|Will-O-Wisp|p2a: Azelf
|-status|p2a: Azelf|brn
|
|-weather|RainDance|[upkeep]
|-heal|p1a: The Plug|66/100|[from] item: Leftovers
|-damage|p2a: Azelf|94/100 brn|[from] brn
|upkeep
|turn|11
|
|t:|1779691923
|move|p2a: Azelf|Thunder|p1a: The Plug
|-damage|p1a: The Plug|25/100
|move|p1a: The Plug|Pain Split|p2a: Azelf
|-sethp|p2a: Azelf|60/100 brn|[from] move: Pain Split|[silent]
|-sethp|p1a: The Plug|57/100|[from] move: Pain Split
|
|-weather|RainDance|[upkeep]
|-heal|p1a: The Plug|64/100|[from] item: Leftovers
|-damage|p2a: Azelf|54/100 brn|[from] brn
|upkeep
|turn|12
|
|t:|1779691935
|move|p2a: Azelf|Taunt|p1a: The Plug
|-start|p1a: The Plug|move: Taunt
|cant|p1a: The Plug|move: Taunt|Pain Split
|
|-weather|RainDance|[upkeep]
|-heal|p1a: The Plug|70/100|[from] item: Leftovers
|-damage|p2a: Azelf|48/100 brn|[from] brn
|upkeep
|turn|13
|
|t:|1779691938
|move|p2a: Azelf|Thunder|p1a: The Plug
|-damage|p1a: The Plug|33/100
|move|p1a: The Plug|Volt Switch|p2a: Azelf
|-damage|p2a: Azelf|5/100 brn
|
|t:|1779691952
|switch|p1a: Esmeralda|Meowscarada, F, shiny|1/100|[from] Volt Switch
|
|-weather|RainDance|[upkeep]
|-damage|p2a: Azelf|0 fnt|[from] brn
|faint|p2a: Azelf
|upkeep
|
|t:|1779691955
|switch|p2a: Barraskewda|Barraskewda, F|100/100
|turn|14
|
|t:|1779691963
|move|p2a: Barraskewda|Liquidation|p1a: Esmeralda
|-resisted|p1a: Esmeralda
|-damage|p1a: Esmeralda|0 fnt
|faint|p1a: Esmeralda
|
|-weather|RainDance|[upkeep]
|upkeep
|
|t:|1779691967
|switch|p1a: The Plug|Rotom-Wash, shiny|33/100
|turn|15
|
|t:|1779691969
|move|p2a: Barraskewda|Liquidation|p1a: The Plug
|-resisted|p1a: The Plug
|-damage|p1a: The Plug|0 fnt
|faint|p1a: The Plug
|
|-weather|RainDance|[upkeep]
|upkeep
|
|t:|1779691972
|switch|p1a: Clefable|Clefable, M|100/100
|turn|16
|
|t:|1779691975
|move|p2a: Barraskewda|Liquidation|p1a: Clefable
|-damage|p1a: Clefable|0 fnt
|faint|p1a: Clefable
|
|-weather|none
|upkeep
|
|t:|1779691977
|switch|p1a: Battle Beast|Incineroar, M, shiny|100/100
|-ability|p1a: Battle Beast|Intimidate|boost
|-unboost|p2a: Barraskewda|atk|1
|turn|17
|
|t:|1779691980
|switch|p2a: Pelipper|Pelipper, F|100/100 brn
|-weather|RainDance|[from] ability: Drizzle|[of] p2a: Pelipper
|move|p1a: Battle Beast|Will-O-Wisp|p2a: Pelipper
|-fail|p2a: Pelipper|brn
|
|-weather|RainDance|[upkeep]
|-damage|p2a: Pelipper|94/100 brn|[from] brn
|upkeep
|turn|18
|
|t:|1779691987
|-terastallize|p1a: Battle Beast|Flying
|move|p1a: Battle Beast|Knock Off|p2a: Pelipper
|-damage|p2a: Pelipper|66/100 brn
|-enditem|p2a: Pelipper|Damp Rock|[from] move: Knock Off|[of] p1a: Battle Beast
|move|p2a: Pelipper|Weather Ball|p1a: Battle Beast
|-damage|p1a: Battle Beast|67/100
|
|-weather|RainDance|[upkeep]
|-damage|p2a: Pelipper|59/100 brn|[from] brn
|upkeep
|turn|19
|
|t:|1779691994
|move|p1a: Battle Beast|Flare Blitz|p2a: Pelipper
|-resisted|p2a: Pelipper
|-damage|p2a: Pelipper|50/100 brn
|-damage|p1a: Battle Beast|64/100|[from] Recoil
|move|p2a: Pelipper|Hurricane|p1a: Battle Beast
|-damage|p1a: Battle Beast|38/100
|
|-weather|RainDance|[upkeep]
|-damage|p2a: Pelipper|44/100 brn|[from] brn
|upkeep
|turn|20
|
|t:|1779692002
|move|p1a: Battle Beast|Parting Shot|p2a: Pelipper
|-unboost|p2a: Pelipper|atk|1
|-unboost|p2a: Pelipper|spa|1
|move|p2a: Pelipper|Hurricane|p1a: Battle Beast
|-damage|p1a: Battle Beast|22/100
|
|-weather|RainDance|[upkeep]
|-damage|p2a: Pelipper|38/100 brn|[from] brn
|upkeep
|turn|21
|
|t:|1779692007
|move|p1a: Battle Beast|Knock Off|p2a: Pelipper
|-damage|p2a: Pelipper|17/100 brn
|move|p2a: Pelipper|Hurricane|p1a: Battle Beast
|-damage|p1a: Battle Beast|5/100
|
|-weather|RainDance|[upkeep]
|-damage|p2a: Pelipper|11/100 brn|[from] brn
|upkeep
|turn|22
|
|t:|1779692012
|move|p1a: Battle Beast|Knock Off|p2a: Pelipper
|-damage|p2a: Pelipper|0 fnt
|faint|p2a: Pelipper
|
|-weather|RainDance|[upkeep]
|upkeep
|
|t:|1779692014
|switch|p2a: Barraskewda|Barraskewda, F|100/100
|turn|23
|
|t:|1779692018
|move|p2a: Barraskewda|Liquidation|p1a: Battle Beast
|-damage|p1a: Battle Beast|0 fnt
|faint|p1a: Battle Beast
|
|win|Negative1stClass
|raw|partypluto's rating: 1136 &rarr; <strong>1118</strong><br />(-18 for losing)
|raw|Negative1stClass's rating: 1235 &rarr; <strong>1253</strong><br />(+18 for winning)
|l|☆partypluto
|player|p1|
