|j|☆mayankreddy_8
|j|☆hquijada
|t:|1779697723
|gametype|singles
|player|p1|mayankreddy_8|red|1260
|player|p2|hquijada|1|1254
|gen|9
|tier|[Gen 9] OU
|rated|
|rule|HP Percentage Mod: HP is shown in percentages
|rule|Endless Battle Clause: Forcing endless battles is banned
|rule|Species Clause: Limit one of each Pokémon
|rule|OHKO Clause: OHKO moves are banned
|rule|Evasion Items Clause: Evasion items are banned
|rule|Evasion Moves Clause: Evasion moves are banned
|rule|Evasion Abilities Clause: Evasion abilities are banned
|rule|Sleep Moves Clause: Sleep-inducing moves are banned
|clearpoke
|poke|p1|Kingambit, M|
|poke|p1|Cinderace, M|
|poke|p1|Garchomp, F|
|poke|p1|Metagross|
|poke|p1|Iron Valiant|
|poke|p1|Moltres|
|poke|p2|Iron Moth|
|poke|p2|Gliscor, F|
|poke|p2|Hatterene, F|
|poke|p2|Ogerpon-Wellspring, F|
|poke|p2|Raging Bolt|
|poke|p2|Zamazenta-*|
|teampreview
|inactive|Battle timer is ON: inactive players will automatically lose when time's up. (requested by hquijada)
|
|t:|1779697730
|teamsize|p1|6
|teamsize|p2|6
|start
|switch|p1a: Metagross|Metagross, shiny|100/100
|switch|p2a: Zamazenta|Zamazenta|100/100
|-ability|p2a: Zamazenta|Dauntless Shield|boost
|-boost|p2a: Zamazenta|def|1
|turn|1
|
|t:|1779697741
|move|p2a: Zamazenta|Reflect|p2a: Zamazenta
|-sidestart|p2: hquijada|Reflect
|move|p1a: Metagross|Psychic Fangs|p2a: Zamazenta
|-sideend|p2: hquijada|Reflect
|-supereffective|p2a: Zamazenta
|-damage|p2a: Zamazenta|44/100
|
|upkeep
|turn|2
|
|t:|1779697746
|switch|p2a: Gliscor|Gliscor, F|100/100
|move|p1a: Metagross|Psychic Fangs|p2a: Gliscor
|-damage|p2a: Gliscor|59/100
|
|-status|p2a: Gliscor|tox|[from] item: Toxic Orb
|upkeep
|turn|3
|
|t:|1779697753
|move|p2a: Gliscor|Agility|p2a: Gliscor
|-boost|p2a: Gliscor|spe|2
|move|p1a: Metagross|Ice Punch|p2a: Gliscor
|-supereffective|p2a: Gliscor
|-crit|p2a: Gliscor
|-damage|p2a: Gliscor|0 fnt
|faint|p2a: Gliscor
|
|upkeep
|
|t:|1779697760
|switch|p2a: Iron Moth|Iron Moth|100/100
|-enditem|p2a: Iron Moth|Booster Energy
|-activate|p2a: Iron Moth|ability: Quark Drive|[fromitem]
|-start|p2a: Iron Moth|quarkdrivespe
|turn|4
|
|t:|1779697771
|move|p2a: Iron Moth|Toxic Spikes|p1a: Metagross
|-sidestart|p1: mayankreddy_8|move: Toxic Spikes
|move|p1a: Metagross|Earthquake|p2a: Iron Moth
|-supereffective|p2a: Iron Moth
|-damage|p2a: Iron Moth|0 fnt
|faint|p2a: Iron Moth
|-end|p2a: Iron Moth|Quark Drive|[silent]
|
|upkeep
|
|t:|1779697778
|switch|p2a: Ogerpon|Ogerpon-Wellspring, F|100/100
|turn|5
|
|t:|1779697783
|-terastallize|p2a: Ogerpon|Water
|detailschange|p2a: Ogerpon|Ogerpon-Wellspring-Tera, F, tera:Water
|-ability|p2a: Ogerpon|Embody Aspect (Wellspring)|boost
|-boost|p2a: Ogerpon|spd|1
|move|p2a: Ogerpon|Swords Dance|p2a: Ogerpon
|-boost|p2a: Ogerpon|atk|2
|move|p1a: Metagross|Psychic Fangs|p2a: Ogerpon
|-damage|p2a: Ogerpon|35/100
|
|upkeep
|turn|6
|
|t:|1779697793
|move|p1a: Metagross|Bullet Punch|p2a: Ogerpon
|-resisted|p2a: Ogerpon
|-damage|p2a: Ogerpon|19/100
|move|p2a: Ogerpon|Ivy Cudgel|p1a: Metagross|[anim] Ivy Cudgel Water
|-damage|p1a: Metagross|0 fnt
|faint|p1a: Metagross
|
|upkeep
|
|t:|1779697805
|switch|p1a: Cinderace|Cinderace, M, shiny|100/100
|turn|7
|
|t:|1779697816
|move|p1a: Cinderace|Pyro Ball|p2a: Ogerpon
|-resisted|p2a: Ogerpon
|-damage|p2a: Ogerpon|0 fnt
|faint|p2a: Ogerpon
|detailschange|p2: Ogerpon|Ogerpon-Wellspring, F|[silent]
|
|upkeep
|
|t:|1779697822
|switch|p2a: Hatterene|Hatterene, F|100/100
|turn|8
|
|t:|1779697826
|move|p1a: Cinderace|Court Change|p1a: Cinderace
|-start|p1a: Cinderace|typechange|Normal|[from] ability: Libero
|-swapsideconditions
|-activate|p1a: Cinderace|move: Court Change
|move|p2a: Hatterene|Calm Mind|p2a: Hatterene
|-boost|p2a: Hatterene|spa|1
|-boost|p2a: Hatterene|spd|1
|
|upkeep
|turn|9
|
|t:|1779697835
|move|p1a: Cinderace|Pyro Ball|p2a: Hatterene
|-crit|p2a: Hatterene
|-damage|p2a: Hatterene|52/100
|move|p2a: Hatterene|Calm Mind|p2a: Hatterene
|-boost|p2a: Hatterene|spa|1
|-boost|p2a: Hatterene|spd|1
|
|-heal|p2a: Hatterene|58/100|[from] item: Leftovers
|upkeep
|turn|10
|
|t:|1779697845
|move|p1a: Cinderace|Pyro Ball|p2a: Hatterene
|-damage|p2a: Hatterene|23/100
|-status|p2a: Hatterene|brn
|move|p2a: Hatterene|Draining Kiss|p1a: Cinderace
|-damage|p1a: Cinderace|41/100
|-heal|p2a: Hatterene|65/100 brn|[from] drain|[of] p1a: Cinderace
|
|-heal|p2a: Hatterene|71/100 brn|[from] item: Leftovers
|-damage|p2a: Hatterene|65/100 brn|[from] brn
|upkeep
|turn|11
|
|t:|1779697854
|move|p1a: Cinderace|Pyro Ball|p2a: Hatterene
|-damage|p2a: Hatterene|31/100 brn
|move|p2a: Hatterene|Draining Kiss|p1a: Cinderace
|-damage|p1a: Cinderace|0 fnt
|-heal|p2a: Hatterene|60/100 brn|[from] drain|[of] p1a: Cinderace
|faint|p1a: Cinderace
|
|-heal|p2a: Hatterene|66/100 brn|[from] item: Leftovers
|-damage|p2a: Hatterene|60/100 brn|[from] brn
|upkeep
|
|t:|1779697868
|switch|p1a: Moltres|Moltres, shiny|100/100
|turn|12
|
|t:|1779697877
|move|p1a: Moltres|Hurricane|p2a: Hatterene
|-damage|p2a: Hatterene|30/100 brn
|move|p2a: Hatterene|Stored Power|p1a: Moltres
|-crit|p1a: Moltres
|-damage|p1a: Moltres|0 fnt
|faint|p1a: Moltres
|
|-heal|p2a: Hatterene|36/100 brn|[from] item: Leftovers
|-damage|p2a: Hatterene|30/100 brn|[from] brn
|upkeep
|
|t:|1779697892
|switch|p1a: Iron Valiant|Iron Valiant|100/100
|-enditem|p1a: Iron Valiant|Booster Energy
|-activate|p1a: Iron Valiant|ability: Quark Drive|[fromitem]
|-start|p1a: Iron Valiant|quarkdrivespe
|turn|13
|
|t:|1779697905
|-terastallize|p1a: Iron Valiant|Fairy
|move|p1a: Iron Valiant|Shadow Sneak|p2a: Hatterene
|-supereffective|p2a: Hatterene
|-damage|p2a: Hatterene|6/100 brn
|move|p2a: Hatterene|Draining Kiss|p1a: Iron Valiant
|-damage|p1a: Iron Valiant|22/100
|-heal|p2a: Hatterene|60/100 brn|[from] drain|[of] p1a: Iron Valiant
|
|-heal|p2a: Hatterene|66/100 brn|[from] item: Leftovers
|-damage|p2a: Hatterene|60/100 brn|[from] brn
|upkeep
|turn|14
|
|t:|1779697918
|move|p1a: Iron Valiant|Shadow Sneak|p2a: Hatterene
|-supereffective|p2a: Hatterene
|-damage|p2a: Hatterene|38/100 brn
|move|p2a: Hatterene|Draining Kiss|p1a: Iron Valiant
|-damage|p1a: Iron Valiant|0 fnt
|-heal|p2a: Hatterene|52/100 brn|[from] drain|[of] p1a: Iron Valiant
|faint|p1a: Iron Valiant
|-end|p1a: Iron Valiant|Quark Drive|[silent]
|
|-heal|p2a: Hatterene|58/100 brn|[from] item: Leftovers
|-damage|p2a: Hatterene|52/100 brn|[from] brn
|upkeep
|
|t:|1779697927
|switch|p1a: Kingambit|Kingambit, M, shiny|100/100
|-activate|p1a: Kingambit|ability: Supreme Overlord
|-start|p1a: Kingambit|fallen4|[silent]
|turn|15
|
|t:|1779697933
|move|p1a: Kingambit|Sucker Punch|p2a: Hatterene
|-damage|p2a: Hatterene|6/100 brn
|move|p2a: Hatterene|Mystical Fire|p1a: Kingambit
|-supereffective|p1a: Kingambit
|-damage|p1a: Kingambit|12/100
|-unboost|p1a: Kingambit|spa|1
|
|-heal|p1a: Kingambit|18/100|[from] item: Leftovers
|-heal|p2a: Hatterene|12/100 brn|[from] item: Leftovers
|-damage|p2a: Hatterene|6/100 brn|[from] brn
|upkeep
|turn|16
|
|t:|1779697943
|move|p1a: Kingambit|Sucker Punch|p2a: Hatterene
|-damage|p2a: Hatterene|0 fnt
|faint|p2a: Hatterene
|
|-heal|p1a: Kingambit|24/100|[from] item: Leftovers
|upkeep
|
|t:|1779697951
|switch|p2a: Raging Bolt|Raging Bolt|100/100
|-status|p2a: Raging Bolt|psn
|-enditem|p2a: Raging Bolt|Booster Energy
|-activate|p2a: Raging Bolt|ability: Protosynthesis|[fromitem]
|-start|p2a: Raging Bolt|protosynthesisspa
|turn|17
|
|t:|1779697962
|move|p2a: Raging Bolt|Dragon Pulse|p1a: Kingambit
|-resisted|p1a: Kingambit
|-damage|p1a: Kingambit|0 fnt
|faint|p1a: Kingambit
|-end|p1a: Kingambit|fallen4|[silent]
|
|-damage|p2a: Raging Bolt|88/100 psn|[from] psn
|upkeep
|
|t:|1779697968
|switch|p1a: Garchomp|Garchomp, F|100/100
|turn|18
|
|t:|1779697973
|move|p1a: Garchomp|Outrage|p2a: Raging Bolt
|-supereffective|p2a: Raging Bolt
|-damage|p2a: Raging Bolt|0 fnt
|faint|p2a: Raging Bolt
|-end|p2a: Raging Bolt|Protosynthesis|[silent]
|
|upkeep
|
|t:|1779697978
|switch|p2a: Zamazenta|Zamazenta|44/100
|-status|p2a: Zamazenta|psn
|turn|19
|
|t:|1779697982
|move|p2a: Zamazenta|Ice Fang|p1a: Garchomp
|-supereffective|p1a: Garchomp
|-damage|p1a: Garchomp|26/100
|-damage|p2a: Zamazenta|31/100 psn|[from] ability: Rough Skin|[of] p1a: Garchomp
|-damage|p2a: Zamazenta|14/100 psn|[from] item: Rocky Helmet|[of] p1a: Garchomp
|move|p1a: Garchomp|Outrage|p2a: Zamazenta|[from] lockedmove
|-damage|p2a: Zamazenta|0 fnt
|faint|p2a: Zamazenta
|
|win|mayankreddy_8
|raw|mayankreddy_8's rating: 1260 &rarr; <strong>1285</strong><br />(+25 for winning)
|raw|hquijada's rating: 1254 &rarr; <strong>1229</strong><br />(-25 for losing)
|l|☆hquijada
|player|p2|
|l|☆mayankreddy_8
|player|p1|
