|j|☆thiccdug
|j|☆busto2412
|t:|1779635384
|gametype|singles
|player|p1|thiccdug|2|1453
|player|p2|busto2412|hilbert|1502
|gen|9
|tier|[Gen 9] OU
|rated|
|rule|HP Percentage Mod: HP is shown in percentages
|rule|Endless Battle Clause: Forcing endless battles is banned
|rule|Species Clause: Limit one of each Pokémon
|rule|OHKO Clause: OHKO moves are banned
|rule|Evasion Items Clause: Evasion items are banned
|rule|Evasion Moves Clause: Evasion moves are banned
|rule|Evasion Abilities Clause: Evasion abilities are banned
|rule|Sleep Moves Clause: Sleep-inducing moves are banned
|clearpoke
|poke|p1|Zarude-Dada|
|poke|p1|Skarmory, F|
|poke|p1|Blissey, F|
|poke|p1|Gliscor, F|
|poke|p1|Pecharunt|
|poke|p1|Keldeo|
|poke|p2|Ursaluna, M|
|poke|p2|Dragapult, M|
|poke|p2|Zapdos|
|poke|p2|Goodra-Hisui, M|
|poke|p2|Greninja-*, M|
|poke|p2|Zamazenta-*|
|teampreview
|inactive|Battle timer is ON: inactive players will automatically lose when time's up. (requested by thiccdug)
|
|t:|1779635393
|teamsize|p1|6
|teamsize|p2|6
|start
|switch|p1a: Gliscor|Gliscor, F|100/100
|switch|p2a: Dragapult|Dragapult, M, shiny|100/100
|turn|1
|
|t:|1779635398
|switch|p2a: Ursaluna|Ursaluna, M, shiny|100/100
|move|p1a: Gliscor|Protect||[still]
|-fail|p1a: Gliscor
|
|-status|p1a: Gliscor|tox|[from] item: Toxic Orb
|-status|p2a: Ursaluna|brn|[from] item: Flame Orb
|upkeep
|turn|2
|
|t:|1779635407
|move|p1a: Gliscor|Spikes|p2a: Ursaluna
|-sidestart|p2: busto2412|Spikes
|move|p2a: Ursaluna|Facade|p1a: Gliscor
|-damage|p1a: Gliscor|0 fnt
|faint|p1a: Gliscor
|
|-damage|p2a: Ursaluna|94/100 brn|[from] brn
|upkeep
|
|t:|1779635411
|switch|p1a: Skarmory|Skarmory, F|100/100
|turn|3
|
|t:|1779635416
|switch|p2a: Zapdos|Zapdos, shiny|100/100
|move|p1a: Skarmory|Stealth Rock|p2a: Zapdos
|-sidestart|p2: busto2412|move: Stealth Rock
|
|upkeep
|turn|4
|
|t:|1779635421
|switch|p1a: Blissey|Blissey, F|100/100
|move|p2a: Zapdos|Discharge|p1a: Blissey
|-damage|p1a: Blissey|89/100
|-status|p1a: Blissey|par
|
|upkeep
|turn|5
|
|t:|1779635428
|switch|p2a: Ursaluna|Ursaluna, M, shiny|94/100 brn
|-damage|p2a: Ursaluna|82/100 brn|[from] Spikes
|-damage|p2a: Ursaluna|75/100 brn|[from] Stealth Rock
|move|p1a: Blissey|Seismic Toss|p2a: Ursaluna
|-damage|p2a: Ursaluna|54/100 brn
|
|-damage|p2a: Ursaluna|48/100 brn|[from] brn
|upkeep
|turn|6
|
|t:|1779635436
|-curestatus|p1a: Blissey|par|[from] ability: Natural Cure|[silent]
|switch|p1a: Skarmory|Skarmory, F|100/100
|move|p2a: Ursaluna|Facade|p1a: Skarmory
|-resisted|p1a: Skarmory
|-damage|p1a: Skarmory|64/100
|-damage|p2a: Ursaluna|31/100 brn|[from] item: Rocky Helmet|[of] p1a: Skarmory
|
|-damage|p2a: Ursaluna|25/100 brn|[from] brn
|upkeep
|turn|7
|
|t:|1779635446
|move|p1a: Skarmory|Roost|p1a: Skarmory
|-heal|p1a: Skarmory|100/100
|-singleturn|p1a: Skarmory|move: Roost
|move|p2a: Ursaluna|Headlong Rush|p1a: Skarmory
|-supereffective|p1a: Skarmory
|-ability|p1a: Skarmory|Sturdy
|-damage|p1a: Skarmory|1/100
|-unboost|p2a: Ursaluna|def|1
|-unboost|p2a: Ursaluna|spd|1
|-damage|p2a: Ursaluna|8/100 brn|[from] item: Rocky Helmet|[of] p1a: Skarmory
|
|-damage|p2a: Ursaluna|2/100 brn|[from] brn
|upkeep
|turn|8
|
|t:|1779635458
|move|p1a: Skarmory|Roost|p1a: Skarmory
|-heal|p1a: Skarmory|51/100
|-singleturn|p1a: Skarmory|move: Roost
|move|p2a: Ursaluna|Headlong Rush|p1a: Skarmory
|-supereffective|p1a: Skarmory
|-damage|p1a: Skarmory|0 fnt
|-unboost|p2a: Ursaluna|def|1
|-unboost|p2a: Ursaluna|spd|1
|-damage|p2a: Ursaluna|0 fnt|[from] item: Rocky Helmet|[of] p1a: Skarmory
|faint|p1a: Skarmory
|faint|p2a: Ursaluna
|
|upkeep
|
|t:|1779635472
|switch|p1a: Keldeo|Keldeo|100/100
|switch|p2a: Goodra|Goodra-Hisui, M|100/100
|-damage|p2a: Goodra|88/100|[from] Spikes
|-damage|p2a: Goodra|82/100|[from] Stealth Rock
|turn|9
|
|t:|1779635478
|move|p1a: Keldeo|Aura Sphere|p2a: Goodra
|-supereffective|p2a: Goodra
|-damage|p2a: Goodra|24/100
|move|p2a: Goodra|Draco Meteor|p1a: Keldeo
|-damage|p1a: Keldeo|26/100
|-unboost|p2a: Goodra|spa|2
|
|-heal|p2a: Goodra|30/100|[from] item: Leftovers
|upkeep
|turn|10
|
|t:|1779635487
|switch|p2a: Dragapult|Dragapult, M, shiny|100/100
|-damage|p2a: Dragapult|88/100|[from] Spikes
|-damage|p2a: Dragapult|76/100|[from] Stealth Rock
|move|p1a: Keldeo|Aura Sphere|p2a: Dragapult
|-immune|p2a: Dragapult
|
|upkeep
|turn|11
|
|t:|1779635495
|switch|p1a: Blissey|Blissey, F|89/100
|move|p2a: Dragapult|U-turn|p1a: Blissey
|-damage|p1a: Blissey|72/100
|
|t:|1779635499
|switch|p2a: Zamazenta|Zamazenta|100/100|[from] U-turn
|-ability|p2a: Zamazenta|Dauntless Shield|boost
|-boost|p2a: Zamazenta|def|1
|
|upkeep
|turn|12
|
|t:|1779635504
|switch|p1a: Pecharunt|Pecharunt|100/100
|move|p2a: Zamazenta|Crunch|p1a: Pecharunt
|-supereffective|p1a: Pecharunt
|-damage|p1a: Pecharunt|76/100
|
|upkeep
|turn|13
|
|t:|1779635511
|switch|p2a: Goodra|Goodra-Hisui, M|30/100
|-damage|p2a: Goodra|18/100|[from] Spikes
|-damage|p2a: Goodra|12/100|[from] Stealth Rock
|move|p1a: Pecharunt|Shadow Ball|p2a: Goodra
|-damage|p2a: Goodra|0 fnt
|faint|p2a: Goodra
|
|upkeep
|
|t:|1779635520
|switch|p2a: Greninja|Greninja, M|100/100
|-damage|p2a: Greninja|88/100|[from] Spikes
|-damage|p2a: Greninja|76/100|[from] Stealth Rock
|turn|14
|
|t:|1779635525
|switch|p1a: Blissey|Blissey, F|72/100
|move|p2a: Greninja|Hydro Pump|p1a: Blissey|[miss]
|-miss|p2a: Greninja|p1a: Blissey
|
|upkeep
|turn|15
|
|t:|1779635532
|switch|p2a: Zamazenta|Zamazenta|100/100
|move|p1a: Blissey|Seismic Toss|p2a: Zamazenta
|-damage|p2a: Zamazenta|70/100
|
|upkeep
|turn|16
|
|t:|1779635538
|switch|p1a: Pecharunt|Pecharunt|76/100
|move|p2a: Zamazenta|Crunch|p1a: Pecharunt
|-supereffective|p1a: Pecharunt
|-damage|p1a: Pecharunt|53/100
|
|upkeep
|turn|17
|
|t:|1779635544
|-terastallize|p2a: Zamazenta|Steel
|move|p2a: Zamazenta|Crunch|p1a: Pecharunt
|-supereffective|p1a: Pecharunt
|-damage|p1a: Pecharunt|28/100
|move|p1a: Pecharunt|Recover|p1a: Pecharunt
|-heal|p1a: Pecharunt|78/100
|
|upkeep
|turn|18
|
|t:|1779635555
|move|p2a: Zamazenta|Crunch|p1a: Pecharunt
|-supereffective|p1a: Pecharunt
|-damage|p1a: Pecharunt|55/100
|move|p1a: Pecharunt|Parting Shot|p2a: Zamazenta
|-unboost|p2a: Zamazenta|atk|1
|-unboost|p2a: Zamazenta|spa|1
|
|t:|1779635559
|switch|p1a: Keldeo|Keldeo|26/100|[from] Parting Shot
|
|upkeep
|turn|19
|
|t:|1779635566
|switch|p1a: Pecharunt|Pecharunt|55/100
|move|p2a: Zamazenta|Close Combat|p1a: Pecharunt
|-immune|p1a: Pecharunt
|
|upkeep
|turn|20
|
|t:|1779635572
|move|p2a: Zamazenta|Crunch|p1a: Pecharunt
|-supereffective|p1a: Pecharunt
|-damage|p1a: Pecharunt|39/100
|move|p1a: Pecharunt|Recover|p1a: Pecharunt
|-heal|p1a: Pecharunt|89/100
|
|upkeep
|turn|21
|l|☆thiccdug
|inactive|thiccdug disconnected and has a minute to reconnect!
|player|p1|
|j|☆thiccdug
|inactive|thiccdug reconnected and has 145 seconds left.
|player|p1|thiccdug|2|
|
|t:|1779635585
|switch|p2a: Greninja|Greninja, M|76/100
|-damage|p2a: Greninja|64/100|[from] Spikes
|-damage|p2a: Greninja|51/100|[from] Stealth Rock
|move|p1a: Pecharunt|Shadow Ball|p2a: Greninja
|-resisted|p2a: Greninja
|-damage|p2a: Greninja|32/100
|
|upkeep
|turn|22
|-message|busto2412 forfeited.
|
|win|thiccdug
|raw|thiccdug's rating: 1453 &rarr; <strong>1476</strong><br />(+23 for winning)
|raw|busto2412's rating: 1502 &rarr; <strong>1479</strong><br />(-23 for losing)
|l|☆busto2412
|player|p2|
|l|☆thiccdug
|player|p1|
