|j|☆kopv
|j|☆Hunter_of_Keys
|t:|1779666145
|gametype|singles
|player|p1|kopv|bugcatcher-gen4dp|1565
|player|p2|Hunter_of_Keys|veteran|1595
|gen|9
|tier|[Gen 9] OU
|rated|
|rule|HP Percentage Mod: HP is shown in percentages
|rule|Endless Battle Clause: Forcing endless battles is banned
|rule|Species Clause: Limit one of each Pokémon
|rule|OHKO Clause: OHKO moves are banned
|rule|Evasion Items Clause: Evasion items are banned
|rule|Evasion Moves Clause: Evasion moves are banned
|rule|Evasion Abilities Clause: Evasion abilities are banned
|rule|Sleep Moves Clause: Sleep-inducing moves are banned
|clearpoke
|poke|p1|Pelipper, M|
|poke|p1|Barraskewda, F|
|poke|p1|Iron Treads|
|poke|p1|Bruxish, F|
|poke|p1|Raging Bolt|
|poke|p1|Enamorus, F|
|poke|p2|Gallade, M|
|poke|p2|Armarouge, F|
|poke|p2|Indeedee, M|
|poke|p2|Cresselia, F|
|poke|p2|Rabsca, M|
|poke|p2|Espeon, F|
|teampreview
|inactive|Battle timer is ON: inactive players will automatically lose when time's up. (requested by Hunter_of_Keys)
|
|t:|1779666157
|teamsize|p1|6
|teamsize|p2|6
|start
|switch|p1a: Pelipper|Pelipper, M|100/100
|switch|p2a: Indeedee|Indeedee, M|100/100
|-fieldstart|move: Psychic Terrain|[from] ability: Psychic Surge|[of] p2a: Indeedee
|-weather|RainDance|[from] ability: Drizzle|[of] p1a: Pelipper
|turn|1
|
|t:|1779666182
|switch|p2a: Armarouge|Armarouge, F|100/100
|switch|p1a: Iron Treads|Iron Treads|100/100
|
|-weather|RainDance|[upkeep]
|upkeep
|turn|2
|
|t:|1779666193
|move|p1a: Iron Treads|Stealth Rock|p2a: Armarouge
|-sidestart|p2: Hunter_of_Keys|move: Stealth Rock
|move|p2a: Armarouge|Armor Cannon|p1a: Iron Treads
|-supereffective|p1a: Iron Treads
|-damage|p1a: Iron Treads|38/100
|-unboost|p2a: Armarouge|def|1
|-unboost|p2a: Armarouge|spd|1
|
|-weather|RainDance|[upkeep]
|-heal|p1a: Iron Treads|44/100|[from] item: Leftovers
|upkeep
|turn|3
|
|t:|1779666206
|move|p2a: Armarouge|Endure|p2a: Armarouge
|-singleturn|p2a: Armarouge|move: Endure
|move|p1a: Iron Treads|Earth Power|p2a: Armarouge
|-supereffective|p2a: Armarouge
|-damage|p2a: Armarouge|6/100
|-enditem|p2a: Armarouge|Weakness Policy
|-boost|p2a: Armarouge|atk|2|[from] item: Weakness Policy
|-boost|p2a: Armarouge|spa|2|[from] item: Weakness Policy
|
|-weather|RainDance|[upkeep]
|-heal|p1a: Iron Treads|50/100|[from] item: Leftovers
|upkeep
|turn|4
|
|t:|1779666214
|move|p1a: Iron Treads|Earth Power|p2a: Armarouge
|-supereffective|p2a: Armarouge
|-damage|p2a: Armarouge|0 fnt
|faint|p2a: Armarouge
|
|-weather|RainDance|[upkeep]
|-heal|p1a: Iron Treads|56/100|[from] item: Leftovers
|upkeep
|
|t:|1779666222
|switch|p2a: Cresselia|Cresselia, F|100/100
|-damage|p2a: Cresselia|88/100|[from] Stealth Rock
|turn|5
|
|t:|1779666232
|-end|p1a: Iron Treads|Quark Drive|[silent]
|switch|p1a: Raging Bolt|Raging Bolt|100/100
|move|p2a: Cresselia|Ice Beam|p1a: Raging Bolt
|-supereffective|p1a: Raging Bolt
|-damage|p1a: Raging Bolt|69/100
|
|-weather|RainDance|[upkeep]
|-heal|p1a: Raging Bolt|75/100|[from] item: Leftovers
|upkeep
|turn|6
|
|t:|1779666238
|switch|p2a: Gallade|Gallade, M|100/100
|-damage|p2a: Gallade|94/100|[from] Stealth Rock
|move|p1a: Raging Bolt|Thunder|p2a: Gallade
|-damage|p2a: Gallade|27/100
|-status|p2a: Gallade|par
|
|-weather|RainDance|[upkeep]
|-heal|p1a: Raging Bolt|81/100|[from] item: Leftovers
|upkeep
|turn|7
|
|t:|1779666244
|move|p1a: Raging Bolt|Thunder|p2a: Gallade
|-damage|p2a: Gallade|0 fnt
|faint|p2a: Gallade
|
|-weather|RainDance|[upkeep]
|-heal|p1a: Raging Bolt|87/100|[from] item: Leftovers
|upkeep
|
|t:|1779666248
|switch|p2a: Espeon|Espeon, F|100/100
|-damage|p2a: Espeon|88/100|[from] Stealth Rock
|turn|8
|
|t:|1779666251
|move|p2a: Espeon|Psychic Noise|p1a: Raging Bolt
|-damage|p1a: Raging Bolt|46/100
|-start|p1a: Raging Bolt|move: Heal Block
|move|p1a: Raging Bolt|Thunder|p2a: Espeon
|-damage|p2a: Espeon|19/100
|
|-weather|none
|-fieldend|move: Psychic Terrain
|upkeep
|turn|9
|
|t:|1779666259
|move|p1a: Raging Bolt|Thunderclap||[still]
|-fail|p1a: Raging Bolt
|move|p2a: Espeon|Morning Sun|p2a: Espeon
|-heal|p2a: Espeon|69/100
|
|-end|p1a: Raging Bolt|move: Heal Block
|upkeep
|turn|10
|
|t:|1779666267
|-end|p1a: Raging Bolt|Protosynthesis|[silent]
|switch|p1a: Iron Treads|Iron Treads|56/100
|move|p2a: Espeon|Psychic Noise|p1a: Iron Treads
|-resisted|p1a: Iron Treads
|-damage|p1a: Iron Treads|40/100
|-start|p1a: Iron Treads|move: Heal Block
|
|upkeep
|turn|11
|
|t:|1779666277
|move|p1a: Iron Treads|Iron Head|p2a: Espeon
|-damage|p2a: Espeon|39/100
|move|p2a: Espeon|Morning Sun|p2a: Espeon
|-heal|p2a: Espeon|89/100
|
|-end|p1a: Iron Treads|move: Heal Block
|upkeep
|turn|12
|
|t:|1779666287
|-end|p1a: Iron Treads|Quark Drive|[silent]
|switch|p1a: Pelipper|Pelipper, M|100/100
|-weather|RainDance|[from] ability: Drizzle|[of] p1a: Pelipper
|move|p2a: Espeon|Sand Attack|p1a: Pelipper
|-unboost|p1a: Pelipper|accuracy|1
|
|-weather|RainDance|[upkeep]
|upkeep
|turn|13
|
|t:|1779666297
|move|p2a: Espeon|Psychic Noise|p1a: Pelipper
|-damage|p1a: Pelipper|51/100
|-start|p1a: Pelipper|move: Heal Block
|move|p1a: Pelipper|U-turn|p2a: Espeon|[miss]
|-miss|p1a: Pelipper|p2a: Espeon
|
|-weather|RainDance|[upkeep]
|upkeep
|turn|14
|
|t:|1779666307
|switch|p1a: 'Ello gov'na|Bruxish, F|100/100
|move|p2a: Espeon|Psychic Noise|p1a: 'Ello gov'na
|-resisted|p1a: 'Ello gov'na
|-damage|p1a: 'Ello gov'na|72/100
|-start|p1a: 'Ello gov'na|move: Heal Block
|
|-weather|RainDance|[upkeep]
|upkeep
|turn|15
|
|t:|1779666317
|move|p1a: 'Ello gov'na|Flip Turn|p2a: Espeon
|-damage|p2a: Espeon|26/100
|
|t:|1779666322
|switch|p1a: Iron Treads|Iron Treads|40/100|[from] Flip Turn
|move|p2a: Espeon|Sand Attack|p1a: Iron Treads
|-unboost|p1a: Iron Treads|accuracy|1
|
|-weather|RainDance|[upkeep]
|-heal|p1a: Iron Treads|47/100|[from] item: Leftovers
|upkeep
|turn|16
|
|t:|1779666328
|move|p1a: Iron Treads|Iron Head|p2a: Espeon
|-damage|p2a: Espeon|0 fnt
|faint|p2a: Espeon
|
|-weather|RainDance|[upkeep]
|-heal|p1a: Iron Treads|53/100|[from] item: Leftovers
|upkeep
|
|t:|1779666334
|switch|p2a: Cresselia|Cresselia, F|88/100
|-damage|p2a: Cresselia|76/100|[from] Stealth Rock
|turn|17
|
|t:|1779666359
|-end|p1a: Iron Treads|Quark Drive|[silent]
|switch|p1a: Barraskewda|Barraskewda, F|100/100
|move|p2a: Cresselia|Ice Beam|p1a: Barraskewda
|-resisted|p1a: Barraskewda
|-damage|p1a: Barraskewda|82/100
|
|-weather|RainDance|[upkeep]
|upkeep
|turn|18
|
|t:|1779666366
|move|p1a: Barraskewda|Flip Turn|p2a: Cresselia
|-damage|p2a: Cresselia|39/100
|-damage|p1a: Barraskewda|66/100|[from] item: Rocky Helmet|[of] p2a: Cresselia
|-damage|p1a: Barraskewda|56/100|[from] item: Life Orb
|
|t:|1779666375
|switch|p1a: Raging Bolt|Raging Bolt|46/100|[from] Flip Turn
|move|p2a: Cresselia|Thunder Wave|p1a: Raging Bolt
|-immune|p1a: Raging Bolt
|
|-weather|RainDance|[upkeep]
|-heal|p1a: Raging Bolt|52/100|[from] item: Leftovers
|upkeep
|turn|19
|
|t:|1779666379
|move|p1a: Raging Bolt|Thunder|p2a: Cresselia
|-damage|p2a: Cresselia|0 fnt
|faint|p2a: Cresselia
|
|-weather|none
|-heal|p1a: Raging Bolt|58/100|[from] item: Leftovers
|upkeep
|
|t:|1779666383
|switch|p2a: Indeedee|Indeedee, M|100/100
|-damage|p2a: Indeedee|88/100|[from] Stealth Rock
|-fieldstart|move: Psychic Terrain|[from] ability: Psychic Surge|[of] p2a: Indeedee
|turn|20
|
|t:|1779666388
|-end|p1a: Raging Bolt|Protosynthesis|[silent]
|switch|p1a: Pelipper|Pelipper, M|51/100
|-weather|RainDance|[from] ability: Drizzle|[of] p1a: Pelipper
|move|p2a: Indeedee|Expanding Force|p1a: Pelipper
|-damage|p1a: Pelipper|0 fnt
|faint|p1a: Pelipper
|
|-weather|RainDance|[upkeep]
|upkeep
|
|t:|1779666392
|switch|p1a: Barraskewda|Barraskewda, F|56/100
|turn|21
|
|t:|1779666393
|move|p1a: Barraskewda|Liquidation|p2a: Indeedee
|-damage|p2a: Indeedee|0 fnt
|faint|p2a: Indeedee
|-damage|p1a: Barraskewda|46/100|[from] item: Life Orb
|
|-weather|RainDance|[upkeep]
|upkeep
|
|t:|1779666395
|switch|p2a: Rabsca|Rabsca, M|100/100
|-damage|p2a: Rabsca|76/100|[from] Stealth Rock
|turn|22
|
|t:|1779666397
|-terastallize|p2a: Rabsca|Water
|move|p1a: Barraskewda|Liquidation|p2a: Rabsca
|-resisted|p2a: Rabsca
|-damage|p2a: Rabsca|37/100
|-damage|p1a: Barraskewda|36/100|[from] item: Life Orb
|move|p2a: Rabsca|Speed Swap|p1a: Barraskewda
|-activate|p2a: Rabsca|move: Speed Swap|[of] p1a: Barraskewda
|
|-weather|RainDance|[upkeep]
|upkeep
|turn|23
|
|t:|1779666407
|move|p2a: Rabsca|Psychic Noise|p1a: Barraskewda
|-damage|p1a: Barraskewda|0 fnt
|faint|p1a: Barraskewda
|
|-weather|RainDance|[upkeep]
|upkeep
|
|t:|1779666416
|switch|p1a: Raging Bolt|Raging Bolt|58/100
|turn|24
|
|t:|1779666420
|move|p2a: Rabsca|Revival Blessing|p2a: Rabsca
|-enditem|p2a: Rabsca|Leppa Berry|[eat]
|-activate|p2a: Rabsca|item: Leppa Berry|Revival Blessing|[consumed]
|
|t:|1779666426
|-heal|p2: Armarouge|50/100|[from] move: Revival Blessing
|move|p1a: Raging Bolt|Thunder|p2a: Rabsca
|-supereffective|p2a: Rabsca
|-damage|p2a: Rabsca|0 fnt
|faint|p2a: Rabsca
|
|-weather|RainDance|[upkeep]
|-heal|p1a: Raging Bolt|64/100|[from] item: Leftovers
|upkeep
|
|t:|1779666428
|switch|p2a: Armarouge|Armarouge, F|50/100
|-damage|p2a: Armarouge|25/100|[from] Stealth Rock
|turn|25
|
|t:|1779666432
|move|p2a: Armarouge|Expanding Force|p1a: Raging Bolt
|-damage|p1a: Raging Bolt|0 fnt
|faint|p1a: Raging Bolt
|-end|p1a: Raging Bolt|Protosynthesis|[silent]
|
|-weather|RainDance|[upkeep]
|upkeep
|
|t:|1779666437
|switch|p1a: Enamorus|Enamorus, F|100/100
|turn|26
|
|t:|1779666439
|move|p1a: Enamorus|Weather Ball|p2a: Armarouge
|-supereffective|p2a: Armarouge
|-damage|p2a: Armarouge|0 fnt
|faint|p2a: Armarouge
|
|win|kopv
|raw|kopv's rating: 1565 &rarr; <strong>1587</strong><br />(+22 for winning)
|raw|Hunter_of_Keys's rating: 1595 &rarr; <strong>1573</strong><br />(-22 for losing)
|l|☆Hunter_of_Keys
|player|p2|
