|j|☆TokinoZo
|j|☆chip wittley
|t:|1779591431
|gametype|singles
|player|p1|TokinoZo|n|1591
|player|p2|chip wittley|lance|1600
|gen|9
|tier|[Gen 9] OU
|rated|
|rule|HP Percentage Mod: HP is shown in percentages
|rule|Endless Battle Clause: Forcing endless battles is banned
|rule|Species Clause: Limit one of each Pokémon
|rule|OHKO Clause: OHKO moves are banned
|rule|Evasion Items Clause: Evasion items are banned
|rule|Evasion Moves Clause: Evasion moves are banned
|rule|Evasion Abilities Clause: Evasion abilities are banned
|rule|Sleep Moves Clause: Sleep-inducing moves are banned
|clearpoke
|poke|p1|Tyranitar, M|
|poke|p1|Garchomp, M|
|poke|p1|Tinkaton, F|
|poke|p1|Dragapult, F|
|poke|p1|Clodsire, F|
|poke|p1|Weezing-Galar, M|
|poke|p2|Regieleki|
|poke|p2|Zamazenta-*|
|poke|p2|Ogerpon-Wellspring, F|
|poke|p2|Landorus-Therian, M|
|poke|p2|Zoroark-Hisui, M|
|poke|p2|Tinkaton, F|
|teampreview
|inactive|Battle timer is ON: inactive players will automatically lose when time's up. (requested by TokinoZo)
|j| dalty dalty dalty
|inactive|chip wittley has 120 seconds left.
|
|t:|1779591469
|teamsize|p1|6
|teamsize|p2|6
|start
|switch|p1a: Tyranitar|Tyranitar, M, shiny|100/100
|switch|p2a: Ogerpon|Ogerpon-Wellspring, F|100/100
|-weather|Sandstorm|[from] ability: Sand Stream|[of] p1a: Tyranitar
|turn|1
|
|t:|1779591482
|switch|p1a: Weezing|Weezing-Galar, M, shiny|100/100
|move|p2a: Ogerpon|Ivy Cudgel|p1a: Weezing|[anim] Ivy Cudgel Water
|-damage|p1a: Weezing|61/100
|
|-weather|Sandstorm|[upkeep]
|-damage|p2a: Ogerpon|95/100|[from] Sandstorm
|-damage|p1a: Weezing|55/100|[from] Sandstorm
|-heal|p1a: Weezing|61/100|[from] item: Black Sludge
|upkeep
|turn|2
|
|t:|1779591485
|move|p2a: Ogerpon|U-turn|p1a: Weezing
|-resisted|p1a: Weezing
|-damage|p1a: Weezing|56/100
|
|t:|1779591487
|switch|p2a: Regieleki|Regieleki|100/100|[from] U-turn
|move|p1a: Weezing|Toxic|p2a: Regieleki
|-status|p2a: Regieleki|tox
|
|-weather|Sandstorm|[upkeep]
|-damage|p2a: Regieleki|95/100 tox|[from] Sandstorm
|-damage|p1a: Weezing|50/100|[from] Sandstorm
|-heal|p1a: Weezing|56/100|[from] item: Black Sludge
|-damage|p2a: Regieleki|89/100 tox|[from] psn
|upkeep
|turn|3
|
|t:|1779591493
|switch|p1a: Garchomp|Garchomp, M, shiny|100/100
|move|p2a: Regieleki|Trick|p1a: Garchomp
|-activate|p2a: Regieleki|move: Trick|[of] p1a: Garchomp
|-item|p1a: Garchomp|Choice Specs|[from] move: Trick
|-item|p2a: Regieleki|Leftovers|[from] move: Trick
|
|-weather|Sandstorm|[upkeep]
|-damage|p2a: Regieleki|83/100 tox|[from] Sandstorm
|-heal|p2a: Regieleki|89/100 tox|[from] item: Leftovers
|-damage|p2a: Regieleki|77/100 tox|[from] psn
|upkeep
|turn|4
|j| Easontom
|
|t:|1779591506
|switch|p2a: Tinkaton|Tinkaton, F|100/100
|-item|p2a: Tinkaton|Air Balloon
|move|p1a: Garchomp|Earthquake|p2a: Tinkaton
|-immune|p2a: Tinkaton
|
|-weather|Sandstorm|[upkeep]
|upkeep
|turn|5
|
|t:|1779591512
|switch|p1a: Tinkaton|Tinkaton, F, shiny|100/100
|-ability|p1a: Tinkaton|Mold Breaker
|move|p2a: Tinkaton|Stealth Rock|p1a: Tinkaton
|-sidestart|p1: TokinoZo|move: Stealth Rock
|
|-weather|none
|upkeep
|turn|6
|
|t:|1779591516
|switch|p2a: Landorus|Landorus-Therian, M|100/100
|-ability|p2a: Landorus|Intimidate|boost
|-unboost|p1a: Tinkaton|atk|1
|move|p1a: Tinkaton|Knock Off|p2a: Landorus
|-damage|p2a: Landorus|85/100
|-damage|p1a: Tinkaton|84/100|[from] item: Rocky Helmet|[of] p2a: Landorus
|-enditem|p2a: Landorus|Rocky Helmet|[from] move: Knock Off|[of] p1a: Tinkaton
|
|upkeep
|turn|7
|
|t:|1779591523
|switch|p1a: Weezing|Weezing-Galar, M, shiny|56/100
|-damage|p1a: Weezing|44/100|[from] Stealth Rock
|move|p2a: Landorus|Earthquake|p1a: Weezing
|-immune|p1a: Weezing|[from] ability: Levitate
|
|-heal|p1a: Weezing|50/100|[from] item: Black Sludge
|upkeep
|turn|8
|
|t:|1779591528
|move|p2a: Landorus|Substitute|p2a: Landorus
|-start|p2a: Landorus|Substitute
|-damage|p2a: Landorus|60/100
|move|p1a: Weezing|Defog|p2a: Landorus
|-sideend|p1: TokinoZo|Stealth Rock|[from] move: Defog|[of] p1a: Weezing
|
|-heal|p1a: Weezing|56/100|[from] item: Black Sludge
|upkeep
|turn|9
|
|t:|1779591535
|switch|p1a: Dragapult|Dragapult, F, shiny|100/100
|move|p2a: Landorus|Smack Down|p1a: Dragapult
|-damage|p1a: Dragapult|77/100
|
|upkeep
|turn|10
|
|t:|1779591544
|switch|p2a: Regieleki|Regieleki|77/100 tox
|move|p1a: Dragapult|Hydro Pump|p2a: Regieleki|[miss]
|-miss|p1a: Dragapult|p2a: Regieleki
|
|-heal|p2a: Regieleki|83/100 tox|[from] item: Leftovers
|-damage|p2a: Regieleki|77/100 tox|[from] psn
|upkeep
|turn|11
|
|t:|1779591551
|switch|p1a: Clodsire|Clodsire, F, shiny|100/100
|switch|p2a: Ogerpon|Ogerpon-Wellspring, F|95/100
|
|upkeep
|turn|12
|
|t:|1779591556
|move|p2a: Ogerpon|U-turn|p1a: Clodsire
|-resisted|p1a: Clodsire
|-damage|p1a: Clodsire|85/100
|
|t:|1779591559
|switch|p2a: Tinkaton|Tinkaton, F|100/100|[from] U-turn
|-item|p2a: Tinkaton|Air Balloon
|move|p1a: Clodsire|Stealth Rock|p2a: Tinkaton
|-sidestart|p2: chip wittley|move: Stealth Rock
|
|-heal|p1a: Clodsire|91/100|[from] item: Leftovers
|upkeep
|turn|13
|
|t:|1779591563
|switch|p1a: Weezing|Weezing-Galar, M, shiny|56/100
|move|p2a: Tinkaton|Stealth Rock|p1a: Weezing
|-sidestart|p1: TokinoZo|move: Stealth Rock
|
|-heal|p1a: Weezing|62/100|[from] item: Black Sludge
|upkeep
|turn|14
|
|t:|1779591573
|move|p2a: Tinkaton|Gigaton Hammer|p1a: Weezing
|-supereffective|p1a: Weezing
|-damage|p1a: Weezing|3/100
|move|p1a: Weezing|Fire Blast|p2a: Tinkaton
|-supereffective|p2a: Tinkaton
|-damage|p2a: Tinkaton|60/100
|-enditem|p2a: Tinkaton|Air Balloon
|
|-heal|p1a: Weezing|9/100|[from] item: Black Sludge
|upkeep
|turn|15
|
|t:|1779591581
|move|p2a: Tinkaton|Encore|p1a: Weezing
|-start|p1a: Weezing|Encore
|move|p1a: Weezing|Fire Blast|p2a: Tinkaton
|-supereffective|p2a: Tinkaton
|-damage|p2a: Tinkaton|21/100
|
|-heal|p1a: Weezing|15/100|[from] item: Black Sludge
|upkeep
|turn|16
|
|t:|1779591584
|move|p2a: Tinkaton|Gigaton Hammer|p1a: Weezing
|-supereffective|p1a: Weezing
|-damage|p1a: Weezing|0 fnt
|faint|p1a: Weezing
|
|upkeep
|
|t:|1779591587
|switch|p1a: Tyranitar|Tyranitar, M, shiny|100/100
|-damage|p1a: Tyranitar|88/100|[from] Stealth Rock
|-weather|Sandstorm|[from] ability: Sand Stream|[of] p1a: Tyranitar
|turn|17
|
|t:|1779591590
|move|p2a: Tinkaton|Thunder Wave|p1a: Tyranitar
|-status|p1a: Tyranitar|par
|move|p1a: Tyranitar|Knock Off|p2a: Tinkaton
|-resisted|p2a: Tinkaton
|-damage|p2a: Tinkaton|1/100
|-enditem|p1a: Tyranitar|Assault Vest|[silent]|[from] ability: Pickpocket|[of] p1a: Tyranitar
|-item|p2a: Tinkaton|Assault Vest|[from] ability: Pickpocket|[of] p1a: Tyranitar
|
|-weather|Sandstorm|[upkeep]
|upkeep
|turn|18
|
|t:|1779591599
|move|p2a: Tinkaton|Gigaton Hammer|p1a: Tyranitar
|-supereffective|p1a: Tyranitar
|-damage|p1a: Tyranitar|27/100 par
|move|p1a: Tyranitar|Rock Blast|p2a: Tinkaton
|-resisted|p2a: Tinkaton
|-damage|p2a: Tinkaton|0 fnt
|faint|p2a: Tinkaton
|-hitcount|p2: Tinkaton|1
|
|-weather|Sandstorm|[upkeep]
|upkeep
|
|t:|1779591603
|switch|p2a: Zamazenta|Zamazenta|100/100
|-damage|p2a: Zamazenta|94/100|[from] Stealth Rock
|-ability|p2a: Zamazenta|Dauntless Shield|boost
|-boost|p2a: Zamazenta|def|1
|turn|19
|
|t:|1779591607
|move|p2a: Zamazenta|Close Combat|p1a: Tyranitar
|-supereffective|p1a: Tyranitar
|-damage|p1a: Tyranitar|0 fnt
|-unboost|p2a: Zamazenta|def|1
|-unboost|p2a: Zamazenta|spd|1
|faint|p1a: Tyranitar
|-damage|p2a: Zamazenta|84/100|[from] item: Life Orb
|
|-weather|Sandstorm|[upkeep]
|-damage|p2a: Zamazenta|78/100|[from] Sandstorm
|upkeep
|
|t:|1779591613
|switch|p1a: Garchomp|Garchomp, M, shiny|100/100
|-damage|p1a: Garchomp|94/100|[from] Stealth Rock
|turn|20
|
|t:|1779591622
|switch|p2a: Landorus|Landorus-Therian, M|60/100
|-damage|p2a: Landorus|48/100|[from] Stealth Rock
|-ability|p2a: Landorus|Intimidate|boost
|-unboost|p1a: Garchomp|atk|1
|move|p1a: Garchomp|Earthquake|p2a: Landorus
|-immune|p2a: Landorus
|
|-weather|Sandstorm|[upkeep]
|upkeep
|turn|21
|
|t:|1779591628
|switch|p1a: Dragapult|Dragapult, F, shiny|77/100
|-damage|p1a: Dragapult|65/100|[from] Stealth Rock
|move|p2a: Landorus|Earthquake|p1a: Dragapult
|-damage|p1a: Dragapult|0 fnt
|faint|p1a: Dragapult
|
|-weather|none
|upkeep
|
|t:|1779591635
|switch|p1a: Tinkaton|Tinkaton, F, shiny|84/100
|-damage|p1a: Tinkaton|78/100|[from] Stealth Rock
|-ability|p1a: Tinkaton|Mold Breaker
|turn|22
|
|t:|1779591641
|switch|p2a: Regieleki|Regieleki|77/100 tox
|-damage|p2a: Regieleki|64/100 tox|[from] Stealth Rock
|-terastallize|p1a: Tinkaton|Grass
|move|p1a: Tinkaton|Ice Hammer|p2a: Regieleki
|-damage|p2a: Regieleki|6/100 tox
|-unboost|p1a: Tinkaton|spe|1
|replace|p2a: Zoroark|Zoroark-Hisui, M
|-end|p2a: Zoroark|Illusion
|
|-heal|p2a: Zoroark|12/100 tox|[from] item: Leftovers
|-damage|p2a: Zoroark|6/100 tox|[from] psn
|upkeep
|turn|23
|l| dalty dalty dalty
|
|t:|1779591645
|move|p2a: Zoroark|Hyper Voice|p1a: Tinkaton
|-damage|p1a: Tinkaton|49/100
|move|p1a: Tinkaton|Knock Off|p2a: Zoroark
|-supereffective|p2a: Zoroark
|-damage|p2a: Zoroark|0 fnt
|-enditem|p2a: Zoroark|Leftovers|[from] move: Knock Off|[of] p1a: Tinkaton
|faint|p2a: Zoroark
|
|upkeep
|
|t:|1779591651
|switch|p2a: Zamazenta|Zamazenta|78/100
|-damage|p2a: Zamazenta|72/100|[from] Stealth Rock
|turn|24
|
|t:|1779591654
|move|p2a: Zamazenta|Close Combat|p1a: Tinkaton
|-damage|p1a: Tinkaton|0 fnt
|-unboost|p2a: Zamazenta|def|1
|-unboost|p2a: Zamazenta|spd|1
|faint|p1a: Tinkaton
|-damage|p2a: Zamazenta|62/100|[from] item: Life Orb
|
|upkeep
|
|t:|1779591658
|switch|p1a: Garchomp|Garchomp, M, shiny|94/100
|-damage|p1a: Garchomp|88/100|[from] Stealth Rock
|turn|25
|l| Easontom
|
|t:|1779591662
|move|p2a: Zamazenta|Ice Fang|p1a: Garchomp
|-supereffective|p1a: Garchomp
|-crit|p1a: Garchomp
|-damage|p1a: Garchomp|0 fnt
|-damage|p2a: Zamazenta|50/100|[from] ability: Rough Skin|[of] p1a: Garchomp
|faint|p1a: Garchomp
|-damage|p2a: Zamazenta|40/100|[from] item: Life Orb
|
|upkeep
|
|t:|1779591665
|switch|p1a: Clodsire|Clodsire, F, shiny|91/100
|-damage|p1a: Clodsire|85/100|[from] Stealth Rock
|turn|26
|-message|TokinoZo forfeited.
|
|win|chip wittley
|raw|TokinoZo's rating: 1591 &rarr; <strong>1572</strong><br />(-19 for losing)
|raw|chip wittley's rating: 1600 &rarr; <strong>1619</strong><br />(+19 for winning)
|l|☆TokinoZo
|player|p1|
