|j|☆Hallommora
|j|☆ohko by scald
|t:|1779560018
|gametype|singles
|player|p1|Hallommora|clown|1520
|player|p2|ohko by scald|roxie-masters|1544
|gen|9
|tier|[Gen 9] OU
|rated|
|rule|HP Percentage Mod: HP is shown in percentages
|rule|Endless Battle Clause: Forcing endless battles is banned
|rule|Species Clause: Limit one of each Pokémon
|rule|OHKO Clause: OHKO moves are banned
|rule|Evasion Items Clause: Evasion items are banned
|rule|Evasion Moves Clause: Evasion moves are banned
|rule|Evasion Abilities Clause: Evasion abilities are banned
|rule|Sleep Moves Clause: Sleep-inducing moves are banned
|clearpoke
|poke|p1|Garganacl, F|
|poke|p1|Gliscor, F|
|poke|p1|Clefable, M|
|poke|p1|Zamazenta-*|
|poke|p1|Gholdengo|
|poke|p1|Samurott-Hisui, F|
|poke|p2|Zamazenta-*|
|poke|p2|Kingambit, F|
|poke|p2|Samurott-Hisui, F|
|poke|p2|Landorus-Therian, M|
|poke|p2|Iron Valiant|
|poke|p2|Toxtricity, M|
|teampreview
|inactive|Battle timer is ON: inactive players will automatically lose when time's up. (requested by ohko by scald)
|inactive|Hallommora also wants the timer to be on.
|
|t:|1779560038
|teamsize|p1|6
|teamsize|p2|6
|start
|switch|p1a: Clefable|Clefable, M|100/100
|switch|p2a: Samurott|Samurott-Hisui, F|100/100
|turn|1
|
|t:|1779560045
|move|p2a: Samurott|Ceaseless Edge|p1a: Clefable
|-resisted|p1a: Clefable
|-damage|p1a: Clefable|83/100
|-damage|p2a: Samurott|84/100|[from] item: Rocky Helmet|[of] p1a: Clefable
|-sidestart|p1: Hallommora|Spikes
|move|p1a: Clefable|Moonblast|p2a: Samurott
|-supereffective|p2a: Samurott
|-damage|p2a: Samurott|0 fnt
|faint|p2a: Samurott
|
|upkeep
|
|t:|1779560066
|switch|p2a: Toxtricity|Toxtricity, M|100/100
|turn|2
|
|t:|1779560072
|switch|p1a: Gliscor|Gliscor, F|100/100
|move|p2a: Toxtricity|Boomburst|p1a: Gliscor
|-damage|p1a: Gliscor|0 fnt
|faint|p1a: Gliscor
|-damage|p2a: Toxtricity|91/100|[from] item: Life Orb
|
|upkeep
|
|t:|1779560080
|switch|p1a: Garganacl|Garganacl, F|100/100
|turn|3
|
|t:|1779560092
|move|p2a: Toxtricity|Overdrive|p1a: Garganacl
|-damage|p1a: Garganacl|48/100
|-damage|p2a: Toxtricity|81/100|[from] item: Life Orb
|move|p1a: Garganacl|Salt Cure|p2a: Toxtricity
|-damage|p2a: Toxtricity|58/100
|-start|p2a: Toxtricity|Salt Cure
|
|-damage|p2a: Toxtricity|45/100|[from] Salt Cure
|upkeep
|turn|4
|j| Jokaida
|j| Kyurem
|
|t:|1779560108
|switch|p2a: Landorus|Landorus-Therian, M|100/100
|-ability|p2a: Landorus|Intimidate|boost
|-unboost|p1a: Garganacl|atk|1
|move|p1a: Garganacl|Recover|p1a: Garganacl
|-heal|p1a: Garganacl|98/100
|
|upkeep
|turn|5
|
|t:|1779560117
|switch|p1a: Clefable|Clefable, M|83/100
|move|p2a: Landorus|Earthquake|p1a: Clefable
|-damage|p1a: Clefable|46/100
|
|upkeep
|turn|6
|
|t:|1779560130
|move|p2a: Landorus|Taunt|p1a: Clefable
|-start|p1a: Clefable|move: Taunt
|cant|p1a: Clefable|move: Taunt|Moonlight
|
|upkeep
|turn|7
|
|t:|1779560150
|move|p2a: Landorus|U-turn|p1a: Clefable
|-resisted|p1a: Clefable
|-damage|p1a: Clefable|38/100
|-damage|p2a: Landorus|84/100|[from] item: Rocky Helmet|[of] p1a: Clefable
|inactive|ohko by scald has 120 seconds left.
|
|t:|1779560171
|switch|p2a: Kingambit|Kingambit, F|100/100|[from] U-turn
|-activate|p2a: Kingambit|ability: Supreme Overlord
|-start|p2a: Kingambit|fallen1|[silent]
|move|p1a: Clefable|Moonblast|p2a: Kingambit
|-damage|p2a: Kingambit|68/100
|
|-heal|p2a: Kingambit|74/100|[from] item: Leftovers
|upkeep
|turn|8
|inactive|ohko by scald has 120 seconds left.
|inactive|Hallommora has 120 seconds left.
|
|t:|1779560214
|move|p1a: Clefable|Moonblast|p2a: Kingambit
|-damage|p2a: Kingambit|45/100
|move|p2a: Kingambit|Iron Head|p1a: Clefable
|-supereffective|p1a: Clefable
|-crit|p1a: Clefable
|-damage|p1a: Clefable|0 fnt
|-damage|p2a: Kingambit|29/100|[from] item: Rocky Helmet|[of] p1a: Clefable
|faint|p1a: Clefable
|
|-heal|p2a: Kingambit|35/100|[from] item: Leftovers
|upkeep
|
|t:|1779560221
|switch|p1a: Samurott|Samurott-Hisui, F|100/100
|turn|9
|inactive|ohko by scald has 120 seconds left.
|
|t:|1779560239
|move|p1a: Samurott|Ceaseless Edge|p2a: Kingambit
|-resisted|p2a: Kingambit
|-damage|p2a: Kingambit|20/100
|-sidestart|p2: ohko by scald|Spikes
|move|p2a: Kingambit|Kowtow Cleave|p1a: Samurott
|-resisted|p1a: Samurott
|-damage|p1a: Samurott|68/100
|
|-heal|p2a: Kingambit|26/100|[from] item: Leftovers
|upkeep
|turn|10
|inactive|Hallommora has 120 seconds left.
|inactive|ohko by scald has 120 seconds left.
|
|t:|1779560251
|move|p1a: Samurott|Aqua Cutter|p2a: Kingambit
|-damage|p2a: Kingambit|0 fnt
|faint|p2a: Kingambit
|-end|p2a: Kingambit|fallen1|[silent]
|
|upkeep
|inactive|ohko by scald has 120 seconds left.
|
|t:|1779560258
|switch|p2a: Zamazenta|Zamazenta|100/100
|-damage|p2a: Zamazenta|88/100|[from] Spikes
|-ability|p2a: Zamazenta|Dauntless Shield|boost
|-boost|p2a: Zamazenta|def|1
|turn|11
|
|t:|1779560262
|move|p2a: Zamazenta|Body Press|p1a: Samurott
|-supereffective|p1a: Samurott
|-damage|p1a: Samurott|0 fnt
|faint|p1a: Samurott
|
|-heal|p2a: Zamazenta|94/100|[from] item: Leftovers
|upkeep
|
|t:|1779560265
|switch|p1a: Gholdengo|Gholdengo|100/100
|turn|12
|
|t:|1779560271
|move|p2a: Zamazenta|Crunch|p1a: Gholdengo
|-supereffective|p1a: Gholdengo
|-damage|p1a: Gholdengo|67/100
|move|p1a: Gholdengo|Nasty Plot|p1a: Gholdengo
|-boost|p1a: Gholdengo|spa|2
|
|-heal|p2a: Zamazenta|100/100|[from] item: Leftovers
|upkeep
|turn|13
|
|t:|1779560284
|move|p2a: Zamazenta|Crunch|p1a: Gholdengo
|-supereffective|p1a: Gholdengo
|-damage|p1a: Gholdengo|37/100
|move|p1a: Gholdengo|Dazzling Gleam|p2a: Zamazenta
|-supereffective|p2a: Zamazenta
|-damage|p2a: Zamazenta|31/100
|
|-heal|p2a: Zamazenta|38/100|[from] item: Leftovers
|upkeep
|turn|14
|
|t:|1779560293
|-terastallize|p1a: Gholdengo|Fairy
|move|p2a: Zamazenta|Crunch|p1a: Gholdengo
|-resisted|p1a: Gholdengo
|-damage|p1a: Gholdengo|29/100
|move|p1a: Gholdengo|Dazzling Gleam|p2a: Zamazenta
|-supereffective|p2a: Zamazenta
|-damage|p2a: Zamazenta|0 fnt
|faint|p2a: Zamazenta
|
|upkeep
|
|t:|1779560310
|switch|p2a: Iron Valiant|Iron Valiant|100/100
|-damage|p2a: Iron Valiant|88/100|[from] Spikes
|-enditem|p2a: Iron Valiant|Booster Energy
|-activate|p2a: Iron Valiant|ability: Quark Drive|[fromitem]
|-start|p2a: Iron Valiant|quarkdrivespe
|turn|15
|
|t:|1779560338
|move|p2a: Iron Valiant|Moonblast|p1a: Gholdengo
|-damage|p1a: Gholdengo|0 fnt
|faint|p1a: Gholdengo
|
|upkeep
|
|t:|1779560340
|switch|p1a: Garganacl|Garganacl, F|98/100
|turn|16
|l| Kyurem
|
|t:|1779560356
|-end|p2a: Iron Valiant|Quark Drive|[silent]
|switch|p2a: Toxtricity|Toxtricity, M|45/100
|-damage|p2a: Toxtricity|33/100|[from] Spikes
|move|p1a: Garganacl|Salt Cure|p2a: Toxtricity
|-damage|p2a: Toxtricity|12/100
|-start|p2a: Toxtricity|Salt Cure
|
|-damage|p2a: Toxtricity|0 fnt|[from] Salt Cure
|faint|p2a: Toxtricity
|upkeep
|
|t:|1779560361
|switch|p2a: Landorus|Landorus-Therian, M|84/100
|-ability|p2a: Landorus|Intimidate|boost
|-unboost|p1a: Garganacl|atk|1
|turn|17
|
|t:|1779560367
|move|p2a: Landorus|Earthquake|p1a: Garganacl
|-supereffective|p1a: Garganacl
|-damage|p1a: Garganacl|38/100
|move|p1a: Garganacl|Salt Cure|p2a: Landorus
|-damage|p2a: Landorus|75/100
|-start|p2a: Landorus|Salt Cure
|
|-damage|p2a: Landorus|63/100|[from] Salt Cure
|upkeep
|turn|18
|
|t:|1779560374
|switch|p1a: Zamazenta|Zamazenta|100/100
|-ability|p1a: Zamazenta|Dauntless Shield|boost
|-boost|p1a: Zamazenta|def|1
|move|p2a: Landorus|Earthquake|p1a: Zamazenta
|-damage|p1a: Zamazenta|72/100
|
|-damage|p2a: Landorus|51/100|[from] Salt Cure
|upkeep
|turn|19
|
|t:|1779560383
|move|p1a: Zamazenta|Ice Fang|p2a: Landorus
|-supereffective|p2a: Landorus
|-crit|p2a: Landorus
|-damage|p2a: Landorus|0 fnt
|-damage|p1a: Zamazenta|55/100|[from] item: Rocky Helmet|[of] p2a: Landorus
|faint|p2a: Landorus
|
|upkeep
|
|t:|1779560387
|switch|p2a: Iron Valiant|Iron Valiant|88/100
|-damage|p2a: Iron Valiant|76/100|[from] Spikes
|turn|20
|
|t:|1779560394
|move|p1a: Zamazenta|Heavy Slam|p2a: Iron Valiant
|-supereffective|p2a: Iron Valiant
|-damage|p2a: Iron Valiant|0 fnt
|faint|p2a: Iron Valiant
|-end|p2a: Iron Valiant|Quark Drive|[silent]
|
|win|Hallommora
|raw|Hallommora's rating: 1501 &rarr; <strong>1523</strong><br />(+22 for winning)
|raw|ohko by scald's rating: 1544 &rarr; <strong>1522</strong><br />(-22 for losing)
|l|☆ohko by scald
|player|p2|
|l| Jokaida
|l|☆Hallommora
|player|p1|
