|j|☆newbieeeccc
|j|☆Coryfonsucka
|t:|1779606701
|gametype|singles
|player|p1|newbieeeccc|169|1064
|player|p2|Coryfonsucka|bugcatcher-gen4dp|1074
|gen|9
|tier|[Gen 9] OU
|rated|
|rule|HP Percentage Mod: HP is shown in percentages
|rule|Endless Battle Clause: Forcing endless battles is banned
|rule|Species Clause: Limit one of each Pokémon
|rule|OHKO Clause: OHKO moves are banned
|rule|Evasion Items Clause: Evasion items are banned
|rule|Evasion Moves Clause: Evasion moves are banned
|rule|Evasion Abilities Clause: Evasion abilities are banned
|rule|Sleep Moves Clause: Sleep-inducing moves are banned
|clearpoke
|poke|p1|Zamazenta-*|
|poke|p1|Serperior, M|
|poke|p1|Kleavor, F|
|poke|p1|Blissey, F|
|poke|p1|Gliscor, M|
|poke|p1|Corviknight, M|
|poke|p2|Forretress, M|
|poke|p2|Ribombee, F|
|poke|p2|Vikavolt, F|
|poke|p2|Yanmega, M|
|poke|p2|Lokix, M|
|poke|p2|Slither Wing|
|teampreview
|
|t:|1779606707
|teamsize|p1|6
|teamsize|p2|6
|start
|switch|p1a: Serperior|Serperior, M|100/100
|switch|p2a: Forretress|Forretress, M, shiny|100/100
|turn|1
|
|t:|1779606717
|move|p1a: Serperior|Substitute|p1a: Serperior
|-start|p1a: Serperior|Substitute
|-damage|p1a: Serperior|76/100
|move|p2a: Forretress|Stealth Rock|p1a: Serperior
|-sidestart|p1: newbieeeccc|move: Stealth Rock
|
|upkeep
|turn|2
|
|t:|1779606723
|move|p1a: Serperior|Leech Seed|p2a: Forretress
|-start|p2a: Forretress|move: Leech Seed
|move|p2a: Forretress|Toxic Spikes|p1a: Serperior
|-sidestart|p1: newbieeeccc|move: Toxic Spikes
|
|-damage|p2a: Forretress|88/100|[from] Leech Seed|[of] p1a: Serperior
|-heal|p1a: Serperior|91/100|[silent]
|upkeep
|turn|3
|
|t:|1779606728
|move|p1a: Serperior|Leaf Storm|p2a: Forretress
|-resisted|p2a: Forretress
|-damage|p2a: Forretress|77/100
|-boost|p1a: Serperior|spa|2
|move|p2a: Forretress|Toxic Spikes|p1a: Serperior
|-sidestart|p1: newbieeeccc|move: Toxic Spikes
|
|-damage|p2a: Forretress|65/100|[from] Leech Seed|[of] p1a: Serperior
|-heal|p1a: Serperior|100/100|[silent]
|upkeep
|turn|4
|
|t:|1779606735
|move|p1a: Serperior|Leaf Storm|p2a: Forretress
|-resisted|p2a: Forretress
|-damage|p2a: Forretress|41/100
|-boost|p1a: Serperior|spa|2
|move|p2a: Forretress|Rapid Spin|p1a: Serperior
|-activate|p1a: Serperior|move: Substitute|[damage]
|-end|p2a: Forretress|Leech Seed|[from] move: Rapid Spin|[of] p2a: Forretress
|-boost|p2a: Forretress|spe|1
|
|upkeep
|turn|5
|
|t:|1779606744
|move|p1a: Serperior|Leaf Storm|p2a: Forretress
|-resisted|p2a: Forretress
|-damage|p2a: Forretress|7/100
|-boost|p1a: Serperior|spa|2
|move|p2a: Forretress|Iron Head|p1a: Serperior
|-end|p1a: Serperior|Substitute
|
|upkeep
|turn|6
|
|t:|1779606756
|move|p1a: Serperior|Substitute|p1a: Serperior
|-start|p1a: Serperior|Substitute
|-damage|p1a: Serperior|76/100
|move|p2a: Forretress|Iron Head|p1a: Serperior
|-end|p1a: Serperior|Substitute
|
|upkeep
|turn|7
|
|t:|1779606767
|move|p1a: Serperior|Leaf Storm|p2a: Forretress
|-resisted|p2a: Forretress
|-damage|p2a: Forretress|0 fnt
|faint|p2a: Forretress
|
|upkeep
|
|t:|1779606778
|switch|p2a: Ribombee|Ribombee, F, shiny|100/100
|turn|8
|
|t:|1779606788
|move|p2a: Ribombee|Moonblast|p1a: Serperior
|-damage|p1a: Serperior|22/100
|move|p1a: Serperior|Leaf Storm|p2a: Ribombee
|-resisted|p2a: Ribombee
|-enditem|p2a: Ribombee|Focus Sash
|-damage|p2a: Ribombee|1/100
|
|upkeep
|turn|9
|
|t:|1779606812
|switch|p1a: Corviknight|Corviknight, M|100/100
|-damage|p1a: Corviknight|88/100|[from] Stealth Rock
|move|p2a: Ribombee|Tailwind|p2a: Ribombee
|-sidestart|p2: Coryfonsucka|move: Tailwind
|
|upkeep
|turn|10
|
|t:|1779606820
|move|p2a: Ribombee|Sticky Web|p1a: Corviknight
|-sidestart|p1: newbieeeccc|move: Sticky Web
|move|p1a: Corviknight|Defog|p2a: Ribombee
|-unboost|p2a: Ribombee|evasion|1
|-sideend|p1: newbieeeccc|Toxic Spikes|[from] move: Defog|[of] p1a: Corviknight
|-sideend|p1: newbieeeccc|Stealth Rock|[from] move: Defog|[of] p1a: Corviknight
|-sideend|p1: newbieeeccc|Sticky Web|[from] move: Defog|[of] p1a: Corviknight
|
|upkeep
|turn|11
|
|t:|1779606832
|move|p2a: Ribombee|Tailwind||[still]
|-fail|p2a: Ribombee
|move|p1a: Corviknight|Iron Defense|p1a: Corviknight
|-boost|p1a: Corviknight|def|2
|
|upkeep
|turn|12
|
|t:|1779606843
|move|p2a: Ribombee|Tailwind||[still]
|-fail|p2a: Ribombee
|move|p1a: Corviknight|Iron Defense|p1a: Corviknight
|-boost|p1a: Corviknight|def|2
|
|-sideend|p2: Coryfonsucka|move: Tailwind
|upkeep
|turn|13
|
|t:|1779606853
|move|p2a: Ribombee|Tailwind|p2a: Ribombee
|-sidestart|p2: Coryfonsucka|move: Tailwind
|move|p1a: Corviknight|Roost|p1a: Corviknight
|-heal|p1a: Corviknight|100/100
|-singleturn|p1a: Corviknight|move: Roost
|
|upkeep
|turn|14
|
|t:|1779606857
|switch|p2a: Vikavolt|Vikavolt, F, shiny|100/100
|move|p1a: Corviknight|Iron Defense|p1a: Corviknight
|-boost|p1a: Corviknight|def|2
|
|upkeep
|turn|15
|
|t:|1779606866
|move|p2a: Vikavolt|Thunderbolt|p1a: Corviknight
|-supereffective|p1a: Corviknight
|-damage|p1a: Corviknight|0 fnt
|faint|p1a: Corviknight
|
|upkeep
|
|t:|1779606872
|switch|p1a: Gliscor|Gliscor, M|100/100
|turn|16
|
|t:|1779606883
|switch|p2a: Lokix|Lokix, M, shiny|100/100
|move|p1a: Gliscor|Swords Dance|p1a: Gliscor
|-boost|p1a: Gliscor|atk|2
|
|-sideend|p2: Coryfonsucka|move: Tailwind
|-status|p1a: Gliscor|tox|[from] item: Toxic Orb
|upkeep
|turn|17
|
|t:|1779606892
|move|p1a: Gliscor|Facade|p2a: Lokix
|-crit|p2a: Lokix
|-damage|p2a: Lokix|0 fnt
|faint|p2a: Lokix
|
|upkeep
|
|t:|1779606901
|switch|p2a: Slither Wing|Slither Wing, shiny|100/100
|-enditem|p2a: Slither Wing|Booster Energy
|-activate|p2a: Slither Wing|ability: Protosynthesis|[fromitem]
|-start|p2a: Slither Wing|protosynthesisatk
|turn|18
|
|t:|1779606910
|-terastallize|p2a: Slither Wing|Fire
|move|p1a: Gliscor|Facade|p2a: Slither Wing
|-damage|p2a: Slither Wing|16/100
|move|p2a: Slither Wing|Flare Blitz|p1a: Gliscor
|-damage|p1a: Gliscor|34/100 tox
|-damage|p2a: Slither Wing|0 fnt|[from] Recoil
|faint|p2a: Slither Wing
|-end|p2a: Slither Wing|Protosynthesis|[silent]
|
|-heal|p1a: Gliscor|47/100 tox|[from] ability: Poison Heal
|upkeep
|
|t:|1779606918
|switch|p2a: Ribombee|Ribombee, F, shiny|1/100
|turn|19
|
|t:|1779606923
|move|p1a: Gliscor|Protect|p1a: Gliscor
|-singleturn|p1a: Gliscor|Protect
|move|p2a: Ribombee|Moonblast|p1a: Gliscor
|-activate|p1a: Gliscor|move: Protect
|
|-heal|p1a: Gliscor|59/100 tox|[from] ability: Poison Heal
|upkeep
|turn|20
|
|t:|1779606936
|switch|p1a: Kleavor|Kleavor, F|100/100
|move|p2a: Ribombee|Moonblast|p1a: Kleavor
|-damage|p1a: Kleavor|31/100
|-unboost|p1a: Kleavor|spa|1
|
|upkeep
|turn|21
|
|t:|1779606942
|move|p1a: Kleavor|Stone Axe|p2a: Ribombee
|-supereffective|p2a: Ribombee
|-damage|p2a: Ribombee|0 fnt
|-sidestart|p2: Coryfonsucka|move: Stealth Rock
|faint|p2a: Ribombee
|
|upkeep
|
|t:|1779606948
|switch|p2a: Yanmega|Yanmega, M, shiny|100/100
|-damage|p2a: Yanmega|51/100|[from] Stealth Rock
|turn|22
|
|t:|1779606958
|move|p1a: Kleavor|Stone Axe|p2a: Yanmega
|-supereffective|p2a: Yanmega
|-damage|p2a: Yanmega|0 fnt
|faint|p2a: Yanmega
|
|upkeep
|
|t:|1779606961
|switch|p2a: Vikavolt|Vikavolt, F, shiny|100/100
|-damage|p2a: Vikavolt|76/100|[from] Stealth Rock
|turn|23
|
|t:|1779606964
|move|p1a: Kleavor|Stone Axe|p2a: Vikavolt
|-supereffective|p2a: Vikavolt
|-damage|p2a: Vikavolt|0 fnt
|faint|p2a: Vikavolt
|
|win|newbieeeccc
|raw|newbieeeccc's rating: 1064 &rarr; <strong>1095</strong><br />(+31 for winning)
|raw|Coryfonsucka's rating: 1074 &rarr; <strong>1052</strong><br />(-22 for losing)
|l|☆newbieeeccc
|player|p1|
|l|☆Coryfonsucka
|player|p2|
