|j|☆PepeNike
|j|☆Acetrainernate90
|t:|1779685767
|gametype|singles
|player|p1|PepeNike|170|1471
|player|p2|Acetrainernate90|brycen|1430
|gen|9
|tier|[Gen 9] OU
|rated|
|rule|HP Percentage Mod: HP is shown in percentages
|rule|Endless Battle Clause: Forcing endless battles is banned
|rule|Species Clause: Limit one of each Pokémon
|rule|OHKO Clause: OHKO moves are banned
|rule|Evasion Items Clause: Evasion items are banned
|rule|Evasion Moves Clause: Evasion moves are banned
|rule|Evasion Abilities Clause: Evasion abilities are banned
|rule|Sleep Moves Clause: Sleep-inducing moves are banned
|clearpoke
|poke|p1|Ninetales-Alola, F|
|poke|p1|Enamorus, F|
|poke|p1|Ceruledge, M|
|poke|p1|Gliscor, F|
|poke|p1|Ogerpon-Wellspring, F|
|poke|p1|Maushold|
|poke|p2|Ting-Lu|
|poke|p2|Iron Moth|
|poke|p2|Corviknight, M|
|poke|p2|Reuniclus, F|
|poke|p2|Kyurem|
|poke|p2|Rillaboom, M|
|teampreview
|inactive|Battle timer is ON: inactive players will automatically lose when time's up. (requested by Acetrainernate90)
|inactive|PepeNike also wants the timer to be on.
|inactive|PepeNike has 120 seconds left.
|
|t:|1779685816
|teamsize|p1|6
|teamsize|p2|6
|start
|switch|p1a: Ninetales|Ninetales-Alola, F|100/100
|switch|p2a: Keldeo #1 Opp|Kyurem|100/100
|-weather|Snowscape|[from] ability: Snow Warning|[of] p1a: Ninetales
|-ability|p2a: Keldeo #1 Opp|Pressure
|turn|1
|
|t:|1779685825
|move|p1a: Ninetales|Aurora Veil|p1a: Ninetales
|-sidestart|p1: PepeNike|move: Aurora Veil
|move|p2a: Keldeo #1 Opp|Ice Beam|p1a: Ninetales
|-resisted|p1a: Ninetales
|-damage|p1a: Ninetales|85/100
|
|-weather|Snowscape|[upkeep]
|upkeep
|turn|2
|
|t:|1779685831
|switch|p1a: Ceruledge|Ceruledge, M|100/100
|switch|p2a: An IQ too low?|Corviknight, M|100/100
|-ability|p2a: An IQ too low?|Pressure
|
|-weather|Snowscape|[upkeep]
|upkeep
|turn|3
|
|t:|1779685846
|move|p1a: Ceruledge|Bulk Up|p1a: Ceruledge
|-boost|p1a: Ceruledge|atk|1
|-boost|p1a: Ceruledge|def|1
|move|p2a: An IQ too low?|U-turn|p1a: Ceruledge
|-resisted|p1a: Ceruledge
|-damage|p1a: Ceruledge|99/100
|
|t:|1779685850
|switch|p2a: Harry Pottery|Ting-Lu|100/100|[from] U-turn
|-ability|p2a: Harry Pottery|Vessel of Ruin
|
|-weather|Snowscape|[upkeep]
|-heal|p1a: Ceruledge|100/100|[from] item: Leftovers
|upkeep
|turn|4
|
|t:|1779685857
|move|p1a: Ceruledge|Taunt|p2a: Harry Pottery
|-start|p2a: Harry Pottery|move: Taunt
|cant|p2a: Harry Pottery|move: Taunt|Whirlwind
|
|-weather|Snowscape|[upkeep]
|upkeep
|turn|5
|
|t:|1779685861
|move|p1a: Ceruledge|Bulk Up|p1a: Ceruledge
|-boost|p1a: Ceruledge|atk|1
|-boost|p1a: Ceruledge|def|1
|move|p2a: Harry Pottery|Ruination|p1a: Ceruledge
|-damage|p1a: Ceruledge|51/100
|
|-weather|none
|-heal|p1a: Ceruledge|57/100|[from] item: Leftovers
|upkeep
|turn|6
|
|t:|1779685871
|-terastallize|p1a: Ceruledge|Bug
|move|p1a: Ceruledge|Bulk Up|p1a: Ceruledge
|-boost|p1a: Ceruledge|atk|1
|-boost|p1a: Ceruledge|def|1
|move|p2a: Harry Pottery|Earthquake|p1a: Ceruledge
|-resisted|p1a: Ceruledge
|-crit|p1a: Ceruledge
|-damage|p1a: Ceruledge|24/100
|
|-heal|p1a: Ceruledge|30/100|[from] item: Leftovers
|-end|p2a: Harry Pottery|move: Taunt
|upkeep
|turn|7
|
|t:|1779685879
|switch|p2a: Keldeo #1 Opp|Kyurem|100/100
|-ability|p2a: Keldeo #1 Opp|Pressure
|move|p1a: Ceruledge|Bulk Up|p1a: Ceruledge
|-boost|p1a: Ceruledge|atk|1
|-boost|p1a: Ceruledge|def|1
|
|-heal|p1a: Ceruledge|36/100|[from] item: Leftovers
|upkeep
|turn|8
|
|t:|1779685884
|move|p2a: Keldeo #1 Opp|Ice Beam|p1a: Ceruledge
|-damage|p1a: Ceruledge|11/100
|-status|p1a: Ceruledge|frz
|cant|p1a: Ceruledge|frz
|
|-heal|p1a: Ceruledge|17/100 frz|[from] item: Leftovers
|-sideend|p1: PepeNike|move: Aurora Veil
|upkeep
|turn|9
|
|t:|1779685888
|move|p2a: Keldeo #1 Opp|Ice Beam|p1a: Ceruledge
|-damage|p1a: Ceruledge|0 fnt
|faint|p1a: Ceruledge
|
|upkeep
|
|t:|1779685890
|switch|p1a: Ninetales|Ninetales-Alola, F|85/100
|-weather|Snowscape|[from] ability: Snow Warning|[of] p1a: Ninetales
|turn|10
|
|t:|1779685896
|switch|p2a: An IQ too low?|Corviknight, M|100/100
|-ability|p2a: An IQ too low?|Pressure
|move|p1a: Ninetales|Aurora Veil|p1a: Ninetales
|-sidestart|p1: PepeNike|move: Aurora Veil
|
|-weather|Snowscape|[upkeep]
|upkeep
|turn|11
|
|t:|1779685905
|switch|p1a: Ogerpon|Ogerpon-Wellspring, F|100/100
|move|p2a: An IQ too low?|Defog|p1a: Ogerpon
|-unboost|p1a: Ogerpon|evasion|1
|-sideend|p1: PepeNike|move: Aurora Veil
|
|-weather|Snowscape|[upkeep]
|upkeep
|turn|12
|
|t:|1779685910
|move|p1a: Ogerpon|Swords Dance|p1a: Ogerpon
|-boost|p1a: Ogerpon|atk|2
|move|p2a: An IQ too low?|U-turn|p1a: Ogerpon
|-supereffective|p1a: Ogerpon
|-damage|p1a: Ogerpon|63/100
|inactive|Acetrainernate90 has 120 seconds left.
|
|t:|1779685954
|switch|p2a: Can't Dance|Iron Moth|100/100|[from] U-turn
|-enditem|p2a: Can't Dance|Booster Energy
|-activate|p2a: Can't Dance|ability: Quark Drive|[fromitem]
|-start|p2a: Can't Dance|quarkdrivespe
|
|-weather|Snowscape|[upkeep]
|upkeep
|turn|13
|
|t:|1779685977
|switch|p1a: Gliscor|Gliscor, F|100/100
|move|p2a: Can't Dance|Substitute|p2a: Can't Dance
|-start|p2a: Can't Dance|Substitute
|-damage|p2a: Can't Dance|76/100
|
|-weather|Snowscape|[upkeep]
|-status|p1a: Gliscor|tox|[from] item: Toxic Orb
|upkeep
|turn|14
|
|t:|1779685984
|move|p2a: Can't Dance|Fiery Dance|p1a: Gliscor
|-damage|p1a: Gliscor|53/100 tox
|-boost|p2a: Can't Dance|spa|1
|move|p1a: Gliscor|Agility|p1a: Gliscor
|-boost|p1a: Gliscor|spe|2
|
|-weather|none
|-heal|p1a: Gliscor|65/100 tox|[from] ability: Poison Heal
|upkeep
|turn|15
|
|t:|1779685990
|move|p2a: Can't Dance|Fiery Dance|p1a: Gliscor
|-damage|p1a: Gliscor|0 fnt
|-boost|p2a: Can't Dance|spa|1
|faint|p1a: Gliscor
|
|upkeep
|
|t:|1779685997
|switch|p1a: Maushold|Maushold|100/100
|turn|16
|
|t:|1779686000
|move|p2a: Can't Dance|Fiery Dance|p1a: Maushold
|-damage|p1a: Maushold|0 fnt
|faint|p1a: Maushold
|
|upkeep
|-message|PepeNike forfeited.
|
|win|Acetrainernate90
|raw|PepeNike's rating: 1471 &rarr; <strong>1449</strong><br />(-22 for losing)
|raw|Acetrainernate90's rating: 1430 &rarr; <strong>1452</strong><br />(+22 for winning)
|l|☆PepeNike
|player|p1|
|l|☆Acetrainernate90
|player|p2|
