|j|☆CardboardCrusade
|j|☆kingmorons
|t:|1779576566
|gametype|singles
|player|p1|CardboardCrusade|clair|1138
|player|p2|kingmorons|170|1119
|gen|9
|tier|[Gen 9] OU
|rated|
|rule|HP Percentage Mod: HP is shown in percentages
|rule|Endless Battle Clause: Forcing endless battles is banned
|rule|Species Clause: Limit one of each Pokémon
|rule|OHKO Clause: OHKO moves are banned
|rule|Evasion Items Clause: Evasion items are banned
|rule|Evasion Moves Clause: Evasion moves are banned
|rule|Evasion Abilities Clause: Evasion abilities are banned
|rule|Sleep Moves Clause: Sleep-inducing moves are banned
|clearpoke
|poke|p1|Gliscor, M|
|poke|p1|Clefable, M|
|poke|p1|Clodsire, F|
|poke|p1|Dondozo, F|
|poke|p1|Toxapex, M|
|poke|p1|Corviknight, M|
|poke|p2|Cloyster, M|
|poke|p2|Ditto|
|poke|p2|Ceruledge, F|
|poke|p2|Ursaluna, F|
|poke|p2|Meowth, L20, F|
|poke|p2|Vikavolt, F|
|teampreview
|inactive|Battle timer is ON: inactive players will automatically lose when time's up. (requested by CardboardCrusade)
|
|t:|1779576573
|teamsize|p1|6
|teamsize|p2|6
|start
|switch|p1a: :3|Gliscor, M|100/100
|switch|p2a: Meowth|Meowth, L20, F|100/100
|turn|1
|
|t:|1779576581
|move|p1a: :3|Protect|p1a: :3
|-singleturn|p1a: :3|Protect
|move|p2a: Meowth|Endeavor|p1a: :3
|-activate|p1a: :3|move: Protect
|
|-status|p1a: :3|tox|[from] item: Toxic Orb
|upkeep
|turn|2
|
|t:|1779576591
|switch|p2a: Ursaluna|Ursaluna, F|100/100
|move|p1a: :3|Substitute|p1a: :3
|-start|p1a: :3|Substitute
|-damage|p1a: :3|75/100 tox
|
|-heal|p1a: :3|88/100 tox|[from] ability: Poison Heal
|-status|p2a: Ursaluna|brn|[from] item: Flame Orb
|upkeep
|turn|3
|
|t:|1779576602
|move|p1a: :3|Protect|p1a: :3
|-singleturn|p1a: :3|Protect
|move|p2a: Ursaluna|Swords Dance|p2a: Ursaluna
|-boost|p2a: Ursaluna|atk|2
|
|-heal|p1a: :3|100/100 tox|[from] ability: Poison Heal
|-damage|p2a: Ursaluna|94/100 brn|[from] brn
|upkeep
|turn|4
|
|t:|1779576614
|move|p1a: :3|Knock Off|p2a: Ursaluna
|-damage|p2a: Ursaluna|77/100 brn
|-enditem|p2a: Ursaluna|Flame Orb|[from] move: Knock Off|[of] p1a: :3
|move|p2a: Ursaluna|Drain Punch|p1a: :3
|-resisted|p1a: :3
|-end|p1a: :3|Substitute
|-heal|p2a: Ursaluna|88/100 brn|[from] drain|[of] p1a: :3
|
|-damage|p2a: Ursaluna|82/100 brn|[from] brn
|upkeep
|turn|5
|
|t:|1779576627
|move|p1a: :3|Substitute|p1a: :3
|-start|p1a: :3|Substitute
|-damage|p1a: :3|75/100 tox
|move|p2a: Ursaluna|Facade|p1a: :3
|-end|p1a: :3|Substitute
|
|-heal|p1a: :3|88/100 tox|[from] ability: Poison Heal
|-damage|p2a: Ursaluna|76/100 brn|[from] brn
|upkeep
|turn|6
|
|t:|1779576637
|move|p1a: :3|Protect|p1a: :3
|-singleturn|p1a: :3|Protect
|move|p2a: Ursaluna|Swords Dance|p2a: Ursaluna
|-boost|p2a: Ursaluna|atk|2
|
|-heal|p1a: :3|100/100 tox|[from] ability: Poison Heal
|-damage|p2a: Ursaluna|70/100 brn|[from] brn
|upkeep
|turn|7
|
|t:|1779576646
|move|p1a: :3|Substitute|p1a: :3
|-start|p1a: :3|Substitute
|-damage|p1a: :3|75/100 tox
|move|p2a: Ursaluna|Drain Punch|p1a: :3
|-resisted|p1a: :3
|-end|p1a: :3|Substitute
|-heal|p2a: Ursaluna|81/100 brn|[from] drain|[of] p1a: :3
|
|-heal|p1a: :3|88/100 tox|[from] ability: Poison Heal
|-damage|p2a: Ursaluna|74/100 brn|[from] brn
|upkeep
|turn|8
|
|t:|1779576656
|move|p1a: :3|Substitute|p1a: :3
|-start|p1a: :3|Substitute
|-damage|p1a: :3|63/100 tox
|move|p2a: Ursaluna|Drain Punch|p1a: :3
|-resisted|p1a: :3
|-end|p1a: :3|Substitute
|-heal|p2a: Ursaluna|85/100 brn|[from] drain|[of] p1a: :3
|
|-heal|p1a: :3|75/100 tox|[from] ability: Poison Heal
|-damage|p2a: Ursaluna|79/100 brn|[from] brn
|upkeep
|turn|9
|
|t:|1779576667
|move|p1a: :3|Protect|p1a: :3
|-singleturn|p1a: :3|Protect
|move|p2a: Ursaluna|Drain Punch|p1a: :3
|-activate|p1a: :3|move: Protect
|
|-heal|p1a: :3|88/100 tox|[from] ability: Poison Heal
|-damage|p2a: Ursaluna|73/100 brn|[from] brn
|upkeep
|turn|10
|
|t:|1779576678
|move|p1a: :3|Substitute|p1a: :3
|-start|p1a: :3|Substitute
|-damage|p1a: :3|63/100 tox
|move|p2a: Ursaluna|Drain Punch|p1a: :3
|-resisted|p1a: :3
|-end|p1a: :3|Substitute
|-heal|p2a: Ursaluna|84/100 brn|[from] drain|[of] p1a: :3
|
|-heal|p1a: :3|75/100 tox|[from] ability: Poison Heal
|-damage|p2a: Ursaluna|78/100 brn|[from] brn
|upkeep
|turn|11
|
|t:|1779576689
|move|p1a: :3|Protect|p1a: :3
|-singleturn|p1a: :3|Protect
|move|p2a: Ursaluna|Drain Punch|p1a: :3
|-activate|p1a: :3|move: Protect
|
|-heal|p1a: :3|88/100 tox|[from] ability: Poison Heal
|-damage|p2a: Ursaluna|71/100 brn|[from] brn
|upkeep
|turn|12
|
|t:|1779576699
|move|p1a: :3|Substitute|p1a: :3
|-start|p1a: :3|Substitute
|-damage|p1a: :3|63/100 tox
|move|p2a: Ursaluna|Drain Punch|p1a: :3
|-resisted|p1a: :3
|-end|p1a: :3|Substitute
|-heal|p2a: Ursaluna|82/100 brn|[from] drain|[of] p1a: :3
|
|-heal|p1a: :3|75/100 tox|[from] ability: Poison Heal
|-damage|p2a: Ursaluna|76/100 brn|[from] brn
|upkeep
|turn|13
|
|t:|1779576710
|switch|p2a: Cloyster|Cloyster, M|100/100
|move|p1a: :3|Protect||[still]
|-fail|p1a: :3
|
|-heal|p1a: :3|88/100 tox|[from] ability: Poison Heal
|upkeep
|turn|14
|
|t:|1779576716
|move|p1a: :3|Toxic|p2a: Cloyster
|-status|p2a: Cloyster|tox
|move|p2a: Cloyster|Shell Smash|p2a: Cloyster
|-unboost|p2a: Cloyster|def|1
|-unboost|p2a: Cloyster|spd|1
|-boost|p2a: Cloyster|atk|2
|-boost|p2a: Cloyster|spa|2
|-boost|p2a: Cloyster|spe|2
|
|-damage|p2a: Cloyster|94/100 tox|[from] psn
|-heal|p1a: :3|100/100 tox|[from] ability: Poison Heal
|upkeep
|turn|15
|
|t:|1779576721
|move|p1a: :3|Protect|p1a: :3
|-singleturn|p1a: :3|Protect
|move|p2a: Cloyster|Shell Smash|p2a: Cloyster
|-unboost|p2a: Cloyster|def|1
|-unboost|p2a: Cloyster|spd|1
|-boost|p2a: Cloyster|atk|2
|-boost|p2a: Cloyster|spa|2
|-boost|p2a: Cloyster|spe|2
|
|-damage|p2a: Cloyster|82/100 tox|[from] psn
|upkeep
|turn|16
|
|t:|1779576728
|switch|p1a: Wall Feesh|Dondozo, F|100/100
|move|p2a: Cloyster|Icicle Spear|p1a: Wall Feesh
|-resisted|p1a: Wall Feesh
|-damage|p1a: Wall Feesh|98/100
|-resisted|p1a: Wall Feesh
|-damage|p1a: Wall Feesh|96/100
|-resisted|p1a: Wall Feesh
|-damage|p1a: Wall Feesh|93/100
|-resisted|p1a: Wall Feesh
|-damage|p1a: Wall Feesh|90/100
|-resisted|p1a: Wall Feesh
|-damage|p1a: Wall Feesh|88/100
|-hitcount|p1a: Wall Feesh|5
|
|-heal|p1a: Wall Feesh|94/100|[from] item: Leftovers
|-damage|p2a: Cloyster|63/100 tox|[from] psn
|upkeep
|turn|17
|
|t:|1779576743
|move|p2a: Cloyster|Poison Jab|p1a: Wall Feesh
|-damage|p1a: Wall Feesh|83/100
|move|p1a: Wall Feesh|Curse|p1a: Wall Feesh
|-unboost|p1a: Wall Feesh|spe|1
|-boost|p1a: Wall Feesh|atk|1
|-boost|p1a: Wall Feesh|def|1
|
|-heal|p1a: Wall Feesh|89/100|[from] item: Leftovers
|-damage|p2a: Cloyster|38/100 tox|[from] psn
|upkeep
|turn|18
|
|t:|1779576755
|move|p2a: Cloyster|Poison Jab|p1a: Wall Feesh
|-damage|p1a: Wall Feesh|82/100
|move|p1a: Wall Feesh|Liquidation|p2a: Cloyster
|-resisted|p2a: Cloyster
|-damage|p2a: Cloyster|19/100 tox
|-unboost|p2a: Cloyster|def|1
|
|-heal|p1a: Wall Feesh|88/100|[from] item: Leftovers
|-damage|p2a: Cloyster|0 fnt|[from] psn
|faint|p2a: Cloyster
|upkeep
|
|t:|1779576761
|switch|p2a: Meowth|Meowth, L20, F|100/100
|turn|19
|
|t:|1779576775
|move|p1a: Wall Feesh|Rest|p1a: Wall Feesh
|-status|p1a: Wall Feesh|slp|[from] move: Rest
|-heal|p1a: Wall Feesh|100/100 slp|[silent]
|move|p2a: Meowth|Endeavor|p1a: Wall Feesh
|-damage|p1a: Wall Feesh|11/100 slp
|
|-heal|p1a: Wall Feesh|17/100 slp|[from] item: Leftovers
|upkeep
|turn|20
|
|t:|1779576795
|switch|p2a: Vikavolt|Vikavolt, F|100/100
|cant|p1a: Wall Feesh|slp
|move|p1a: Wall Feesh|Sleep Talk|p1a: Wall Feesh
|move|p1a: Wall Feesh|Rest||[from] move: Sleep Talk|[still]
|-fail|p1a: Wall Feesh
|
|-heal|p1a: Wall Feesh|23/100 slp|[from] item: Leftovers
|upkeep
|turn|21
|
|t:|1779576810
|switch|p1a: HorizontalQuagsire|Clodsire, F|100/100
|move|p2a: Vikavolt|Discharge|p1a: HorizontalQuagsire
|-immune|p1a: HorizontalQuagsire
|
|upkeep
|turn|22
|inactive|kingmorons has 120 seconds left.
|
|t:|1779576849
|move|p2a: Vikavolt|Air Slash|p1a: HorizontalQuagsire|[miss]
|-miss|p2a: Vikavolt|p1a: HorizontalQuagsire
|move|p1a: HorizontalQuagsire|Earthquake|p2a: Vikavolt
|-immune|p2a: Vikavolt|[from] ability: Levitate
|
|upkeep
|turn|23
|
|t:|1779576866
|move|p2a: Vikavolt|Air Slash|p1a: HorizontalQuagsire
|-crit|p1a: HorizontalQuagsire
|-damage|p1a: HorizontalQuagsire|76/100
|cant|p1a: HorizontalQuagsire|flinch
|
|upkeep
|turn|24
|
|t:|1779576881
|move|p2a: Vikavolt|Air Slash|p1a: HorizontalQuagsire
|-damage|p1a: HorizontalQuagsire|60/100
|move|p1a: HorizontalQuagsire|Spikes|p2a: Vikavolt
|-sidestart|p2: kingmorons|Spikes
|
|upkeep
|turn|25
|
|t:|1779576890
|switch|p2a: Ditto|Ditto|100/100
|-damage|p2a: Ditto|88/100|[from] Spikes
|-transform|p2a: Ditto|p1a: HorizontalQuagsire|[from] ability: Imposter
|move|p1a: HorizontalQuagsire|Recover|p1a: HorizontalQuagsire
|-heal|p1a: HorizontalQuagsire|100/100
|
|upkeep
|turn|26
|-message|kingmorons forfeited.
|
|win|CardboardCrusade
|raw|CardboardCrusade's rating: 1138 &rarr; <strong>1162</strong><br />(+24 for winning)
|raw|kingmorons's rating: 1119 &rarr; <strong>1095</strong><br />(-24 for losing)
|l|☆kingmorons
|player|p2|
|l|☆CardboardCrusade
|player|p1|
