|j|☆cat party
|j|☆Kanehusky13
|t:|1779625010
|gametype|singles
|player|p1|cat party|266|1492
|player|p2|Kanehusky13|acetrainer-gen4dp|1414
|gen|9
|tier|[Gen 9] OU
|rated|
|rule|HP Percentage Mod: HP is shown in percentages
|rule|Endless Battle Clause: Forcing endless battles is banned
|rule|Species Clause: Limit one of each Pokémon
|rule|OHKO Clause: OHKO moves are banned
|rule|Evasion Items Clause: Evasion items are banned
|rule|Evasion Moves Clause: Evasion moves are banned
|rule|Evasion Abilities Clause: Evasion abilities are banned
|rule|Sleep Moves Clause: Sleep-inducing moves are banned
|clearpoke
|poke|p1|Hawlucha, F|
|poke|p1|Samurott-Hisui, F|
|poke|p1|Rillaboom, F|
|poke|p1|Gholdengo|
|poke|p1|Kyurem|
|poke|p1|Landorus-Therian, M|
|poke|p2|Dragapult, M|
|poke|p2|Glimmora, M|
|poke|p2|Comfey, M|
|poke|p2|Kingambit, M|
|poke|p2|Ogerpon-Wellspring, F|
|poke|p2|Blaziken, M|
|teampreview
|inactive|Battle timer is ON: inactive players will automatically lose when time's up. (requested by cat party)
|inactive|cat party has 120 seconds left.
|
|t:|1779625046
|teamsize|p1|6
|teamsize|p2|6
|start
|switch|p1a: Gholdengo|Gholdengo|100/100
|switch|p2a: Glimmora|Glimmora, M, shiny|100/100
|turn|1
|
|t:|1779625063
|switch|p2a: Ogerpon|Ogerpon-Wellspring, F|100/100
|move|p1a: Gholdengo|Shadow Ball|p2a: Ogerpon
|-damage|p2a: Ogerpon|48/100
|-unboost|p2a: Ogerpon|spd|1
|
|upkeep
|turn|2
|
|t:|1779625068
|switch|p2a: Kingambit|Kingambit, M, shiny|100/100
|move|p1a: Gholdengo|Shadow Ball|p2a: Kingambit
|-resisted|p2a: Kingambit
|-damage|p2a: Kingambit|80/100
|
|-heal|p2a: Kingambit|87/100|[from] item: Leftovers
|upkeep
|turn|3
|
|t:|1779625073
|switch|p1a: Landorus|Landorus-Therian, M|100/100
|-ability|p1a: Landorus|Intimidate|boost
|-unboost|p2a: Kingambit|atk|1
|move|p2a: Kingambit|Kowtow Cleave|p1a: Landorus
|-damage|p1a: Landorus|66/100
|-damage|p2a: Kingambit|70/100|[from] item: Rocky Helmet|[of] p1a: Landorus
|
|-heal|p2a: Kingambit|76/100|[from] item: Leftovers
|upkeep
|turn|4
|
|t:|1779625080
|-end|p2a: Kingambit|fallenundefined|[silent]
|switch|p2a: Ogerpon|Ogerpon-Wellspring, F|48/100
|move|p1a: Landorus|Earth Power|p2a: Ogerpon
|-resisted|p2a: Ogerpon
|-damage|p2a: Ogerpon|28/100
|
|upkeep
|turn|5
|
|t:|1779625084
|move|p2a: Ogerpon|Taunt|p1a: Landorus
|-start|p1a: Landorus|move: Taunt
|move|p1a: Landorus|U-turn|p2a: Ogerpon
|-supereffective|p2a: Ogerpon
|-damage|p2a: Ogerpon|0 fnt
|faint|p2a: Ogerpon
|
|t:|1779625088
|switch|p1a: Rillaboom|Rillaboom, F|100/100|[from] U-turn
|-fieldstart|move: Grassy Terrain|[from] ability: Grassy Surge|[of] p1a: Rillaboom
|
|upkeep
|
|t:|1779625092
|switch|p2a: Blaziken|Blaziken, M, shiny|100/100
|turn|6
|
|t:|1779625097
|switch|p1a: Landorus|Landorus-Therian, M|66/100
|-ability|p1a: Landorus|Intimidate|boost
|-unboost|p2a: Blaziken|atk|1
|move|p2a: Blaziken|Flare Blitz|p1a: Landorus
|-crit|p1a: Landorus
|-damage|p1a: Landorus|0 fnt
|-damage|p2a: Blaziken|84/100|[from] item: Rocky Helmet|[of] p1a: Landorus
|faint|p1a: Landorus
|-damage|p2a: Blaziken|57/100|[from] Recoil
|-damage|p2a: Blaziken|47/100|[from] item: Life Orb
|
|-heal|p2a: Blaziken|53/100|[from] Grassy Terrain
|-ability|p2a: Blaziken|Speed Boost|boost
|-boost|p2a: Blaziken|spe|1
|upkeep
|
|t:|1779625100
|switch|p1a: Hawlucha|Hawlucha, F|100/100
|-enditem|p1a: Hawlucha|Grassy Seed
|-boost|p1a: Hawlucha|def|1|[from] item: Grassy Seed
|turn|7
|
|t:|1779625105
|switch|p2a: Glimmora|Glimmora, M, shiny|100/100
|move|p1a: Hawlucha|Acrobatics|p2a: Glimmora
|-resisted|p2a: Glimmora
|-damage|p2a: Glimmora|82/100
|-activate|p2a: Glimmora|ability: Toxic Debris
|-sidestart|p1: cat party|move: Toxic Spikes
|-enditem|p2a: Glimmora|Red Card|[of] p1a: Hawlucha
|drag|p1a: Samurott|Samurott-Hisui, F|100/100
|-status|p1a: Samurott|psn
|
|-heal|p2a: Glimmora|88/100|[from] Grassy Terrain
|-damage|p1a: Samurott|88/100 psn|[from] psn
|upkeep
|turn|8
|
|t:|1779625110
|move|p1a: Samurott|Ceaseless Edge|p2a: Glimmora
|-damage|p2a: Glimmora|59/100
|-activate|p2a: Glimmora|ability: Toxic Debris
|-sidestart|p1: cat party|move: Toxic Spikes
|-sidestart|p2: Kanehusky13|Spikes
|move|p2a: Glimmora|Stealth Rock|p1a: Samurott
|-sidestart|p1: cat party|move: Stealth Rock
|
|-heal|p1a: Samurott|94/100 psn|[from] Grassy Terrain
|-heal|p2a: Glimmora|65/100|[from] Grassy Terrain
|-damage|p1a: Samurott|82/100 psn|[from] psn
|upkeep
|turn|9
|
|t:|1779625113
|move|p1a: Samurott|Ceaseless Edge|p2a: Glimmora
|-damage|p2a: Glimmora|38/100
|-sidestart|p2: Kanehusky13|Spikes
|move|p2a: Glimmora|Mortal Spin|p1a: Samurott
|-damage|p1a: Samurott|75/100 psn
|-sideend|p2: Kanehusky13|Spikes|[from] move: Mortal Spin|[of] p2a: Glimmora
|
|-heal|p1a: Samurott|81/100 psn|[from] Grassy Terrain
|-heal|p2a: Glimmora|44/100|[from] Grassy Terrain
|-damage|p1a: Samurott|69/100 psn|[from] psn
|-fieldend|move: Grassy Terrain
|upkeep
|turn|10
|
|t:|1779625121
|move|p1a: Samurott|Ceaseless Edge|p2a: Glimmora
|-damage|p2a: Glimmora|13/100
|-sidestart|p2: Kanehusky13|Spikes
|move|p2a: Glimmora|Mortal Spin|p1a: Samurott
|-damage|p1a: Samurott|63/100 psn
|-sideend|p2: Kanehusky13|Spikes|[from] move: Mortal Spin|[of] p2a: Glimmora
|
|-damage|p1a: Samurott|50/100 psn|[from] psn
|upkeep
|turn|11
|
|t:|1779625126
|switch|p2a: Comfey|Comfey, M, shiny|100/100
|move|p1a: Samurott|Flip Turn|p2a: Comfey
|-damage|p2a: Comfey|70/100
|
|t:|1779625130
|switch|p1a: Gholdengo|Gholdengo|100/100|[from] Flip Turn
|-damage|p1a: Gholdengo|94/100|[from] Stealth Rock
|
|upkeep
|turn|12
|
|t:|1779625134
|switch|p2a: Glimmora|Glimmora, M, shiny|13/100
|move|p1a: Gholdengo|Make It Rain|p2a: Glimmora
|-supereffective|p2a: Glimmora
|-damage|p2a: Glimmora|0 fnt
|-unboost|p1a: Gholdengo|spa|1
|faint|p2a: Glimmora
|
|upkeep
|
|t:|1779625139
|switch|p2a: Blaziken|Blaziken, M, shiny|53/100
|turn|13
|
|t:|1779625142
|move|p1a: Gholdengo|Make It Rain|p2a: Blaziken
|-resisted|p2a: Blaziken
|-damage|p2a: Blaziken|23/100
|-unboost|p1a: Gholdengo|spa|1
|move|p2a: Blaziken|Knock Off|p1a: Gholdengo
|-supereffective|p1a: Gholdengo
|-damage|p1a: Gholdengo|0 fnt
|-enditem|p1a: Gholdengo|Choice Scarf|[from] move: Knock Off|[of] p2a: Blaziken
|faint|p1a: Gholdengo
|-damage|p2a: Blaziken|13/100|[from] item: Life Orb
|
|-ability|p2a: Blaziken|Speed Boost|boost
|-boost|p2a: Blaziken|spe|1
|upkeep
|
|t:|1779625146
|switch|p1a: Hawlucha|Hawlucha, F|100/100
|-damage|p1a: Hawlucha|88/100|[from] Stealth Rock
|turn|14
|
|t:|1779625149
|move|p2a: Blaziken|Flare Blitz|p1a: Hawlucha
|-damage|p1a: Hawlucha|0 fnt
|faint|p1a: Hawlucha
|-damage|p2a: Blaziken|0 fnt|[from] Recoil
|faint|p2a: Blaziken
|
|upkeep
|
|t:|1779625154
|switch|p1a: Rillaboom|Rillaboom, F|100/100
|switch|p2a: Dragapult|Dragapult, M, shiny|100/100
|-status|p1a: Rillaboom|tox
|-enditem|p1a: Rillaboom|Lum Berry|[eat]
|-curestatus|p1a: Rillaboom|tox|[msg]
|-damage|p1a: Rillaboom|88/100|[from] Stealth Rock
|-fieldstart|move: Grassy Terrain|[from] ability: Grassy Surge|[of] p1a: Rillaboom
|turn|15
|
|t:|1779625158
|move|p2a: Dragapult|Flamethrower|p1a: Rillaboom
|-supereffective|p1a: Rillaboom
|-damage|p1a: Rillaboom|8/100
|-damage|p2a: Dragapult|91/100|[from] item: Life Orb
|move|p1a: Rillaboom|Knock Off|p2a: Dragapult
|-supereffective|p2a: Dragapult
|-damage|p2a: Dragapult|0 fnt
|-enditem|p2a: Dragapult|Life Orb|[from] move: Knock Off|[of] p1a: Rillaboom
|faint|p2a: Dragapult
|
|-heal|p1a: Rillaboom|14/100|[from] Grassy Terrain
|upkeep
|
|t:|1779625162
|switch|p2a: Comfey|Comfey, M, shiny|70/100
|turn|16
|
|t:|1779625170
|move|p2a: Comfey|Draining Kiss|p1a: Rillaboom
|-damage|p1a: Rillaboom|0 fnt
|-heal|p2a: Comfey|82/100|[from] drain|[of] p1a: Rillaboom
|faint|p1a: Rillaboom
|-damage|p2a: Comfey|72/100|[from] item: Life Orb
|
|-heal|p2a: Comfey|79/100|[from] Grassy Terrain
|upkeep
|
|t:|1779625174
|switch|p1a: Kyurem|Kyurem|100/100
|-status|p1a: Kyurem|tox
|-damage|p1a: Kyurem|76/100 tox|[from] Stealth Rock
|-ability|p1a: Kyurem|Pressure
|turn|17
|
|t:|1779625176
|-terastallize|p1a: Kyurem|Poison
|move|p2a: Comfey|Draining Kiss|p1a: Kyurem
|-resisted|p1a: Kyurem
|-damage|p1a: Kyurem|67/100 tox
|-heal|p2a: Comfey|87/100|[from] drain|[of] p1a: Kyurem
|-damage|p2a: Comfey|77/100|[from] item: Life Orb
|move|p1a: Kyurem|Ice Beam|p2a: Comfey
|-damage|p2a: Comfey|31/100
|
|-heal|p1a: Kyurem|73/100 tox|[from] Grassy Terrain
|-heal|p2a: Comfey|37/100|[from] Grassy Terrain
|-damage|p1a: Kyurem|67/100 tox|[from] psn
|upkeep
|turn|18
|
|t:|1779625181
|move|p1a: Kyurem|Ice Beam|p2a: Comfey
|-damage|p2a: Comfey|0 fnt
|faint|p2a: Comfey
|
|-heal|p1a: Kyurem|73/100 tox|[from] Grassy Terrain
|-damage|p1a: Kyurem|61/100 tox|[from] psn
|upkeep
|
|t:|1779625183
|switch|p2a: Kingambit|Kingambit, M, shiny|76/100
|-activate|p2a: Kingambit|ability: Supreme Overlord
|-start|p2a: Kingambit|fallen5|[silent]
|turn|19
|
|t:|1779625187
|-terastallize|p2a: Kingambit|Ghost
|move|p1a: Kyurem|Focus Blast|p2a: Kingambit
|-immune|p2a: Kingambit
|move|p2a: Kingambit|Kowtow Cleave|p1a: Kyurem
|-damage|p1a: Kyurem|0 fnt
|faint|p1a: Kyurem
|
|-heal|p2a: Kingambit|82/100|[from] Grassy Terrain
|-heal|p2a: Kingambit|89/100|[from] item: Leftovers
|-fieldend|move: Grassy Terrain
|upkeep
|
|t:|1779625189
|switch|p1a: Samurott|Samurott-Hisui, F|50/100 psn
|-damage|p1a: Samurott|38/100 psn|[from] Stealth Rock
|turn|20
|
|t:|1779625192
|move|p2a: Kingambit|Sucker Punch|p1a: Samurott
|-resisted|p1a: Samurott
|-damage|p1a: Samurott|4/100 psn
|move|p1a: Samurott|Ceaseless Edge|p2a: Kingambit
|-supereffective|p2a: Kingambit
|-damage|p2a: Kingambit|28/100
|-sidestart|p2: Kanehusky13|Spikes
|
|-heal|p2a: Kingambit|34/100|[from] item: Leftovers
|-damage|p1a: Samurott|0 fnt|[from] psn
|faint|p1a: Samurott
|
|win|Kanehusky13
|raw|cat party's rating: 1492 &rarr; <strong>1468</strong><br />(-24 for losing)
|raw|Kanehusky13's rating: 1414 &rarr; <strong>1438</strong><br />(+24 for winning)
|l|☆cat party
|player|p1|
|l|☆Kanehusky13
|player|p2|
