|j|☆Jbennette
|j|☆infinite75
|t:|1779597686
|gametype|singles
|player|p1|Jbennette|hilda-wonderlauncher|1063
|player|p2|infinite75|miku-ghost|1182
|gen|9
|tier|[Gen 9] OU
|rated|
|rule|HP Percentage Mod: HP is shown in percentages
|rule|Endless Battle Clause: Forcing endless battles is banned
|rule|Species Clause: Limit one of each Pokémon
|rule|OHKO Clause: OHKO moves are banned
|rule|Evasion Items Clause: Evasion items are banned
|rule|Evasion Moves Clause: Evasion moves are banned
|rule|Evasion Abilities Clause: Evasion abilities are banned
|rule|Sleep Moves Clause: Sleep-inducing moves are banned
|clearpoke
|poke|p1|Blaziken, M|
|poke|p1|Garchomp, M|
|poke|p1|Iron Valiant|
|poke|p1|Scizor, F|
|poke|p1|Ogerpon-Wellspring, F|
|poke|p1|Gliscor, M|
|poke|p2|Blissey, F|
|poke|p2|Gliscor, M|
|poke|p2|Garganacl, M|
|poke|p2|Kingambit, F|
|poke|p2|Garchomp, M|
|poke|p2|Regieleki|
|teampreview
|inactive|Battle timer is ON: inactive players will automatically lose when time's up. (requested by Jbennette)
|inactive|infinite75 has 120 seconds left.
|
|t:|1779597743
|teamsize|p1|6
|teamsize|p2|6
|start
|switch|p1a: Hawk-Sauce|Blaziken, M, shiny|100/100
|switch|p2a: Gliscor|Gliscor, M, shiny|100/100
|-item|p1a: Hawk-Sauce|Air Balloon
|turn|1
|
|t:|1779597756
|switch|p1a: Da Count|Gliscor, M, shiny|100/100
|move|p2a: Gliscor|Toxic|p1a: Da Count
|-status|p1a: Da Count|tox
|
|-status|p2a: Gliscor|tox|[from] item: Toxic Orb
|upkeep
|turn|2
|
|t:|1779597766
|switch|p2a: Blissey|Blissey, F, shiny|100/100
|move|p1a: Da Count|Acrobatics|p2a: Blissey
|-damage|p2a: Blissey|83/100
|
|-heal|p2a: Blissey|89/100|[from] item: Leftovers
|upkeep
|turn|3
|
|t:|1779597779
|move|p1a: Da Count|Swords Dance|p1a: Da Count
|-boost|p1a: Da Count|atk|2
|move|p2a: Blissey|Ice Beam|p1a: Da Count
|-supereffective|p1a: Da Count
|-damage|p1a: Da Count|11/100 tox
|
|-heal|p2a: Blissey|95/100|[from] item: Leftovers
|-heal|p1a: Da Count|24/100 tox|[from] ability: Poison Heal
|upkeep
|turn|4
|
|t:|1779597795
|move|p1a: Da Count|Earthquake|p2a: Blissey
|-damage|p2a: Blissey|30/100
|move|p2a: Blissey|Ice Beam|p1a: Da Count
|-supereffective|p1a: Da Count
|-damage|p1a: Da Count|0 fnt
|faint|p1a: Da Count
|
|-heal|p2a: Blissey|37/100|[from] item: Leftovers
|upkeep
|
|t:|1779597807
|switch|p1a: Femboy-Socks|Iron Valiant|100/100
|turn|5
|
|t:|1779597814
|move|p2a: Blissey|Protect|p2a: Blissey
|-singleturn|p2a: Blissey|Protect
|move|p1a: Femboy-Socks|Vacuum Wave|p2a: Blissey
|-activate|p2a: Blissey|move: Protect
|
|-heal|p2a: Blissey|43/100|[from] item: Leftovers
|upkeep
|turn|6
|
|t:|1779597827
|move|p1a: Femboy-Socks|Vacuum Wave|p2a: Blissey
|-supereffective|p2a: Blissey
|-damage|p2a: Blissey|22/100
|move|p2a: Blissey|Ice Beam|p1a: Femboy-Socks
|-damage|p1a: Femboy-Socks|73/100
|-status|p1a: Femboy-Socks|frz
|
|-heal|p2a: Blissey|29/100|[from] item: Leftovers
|upkeep
|turn|7
|
|t:|1779597837
|cant|p1a: Femboy-Socks|frz
|move|p2a: Blissey|Ice Beam|p1a: Femboy-Socks
|-damage|p1a: Femboy-Socks|42/100 frz
|
|-heal|p2a: Blissey|35/100|[from] item: Leftovers
|upkeep
|turn|8
|
|t:|1779597846
|-end|p1a: Femboy-Socks|Quark Drive|[silent]
|switch|p1a: Gurl-Power|Scizor, F|100/100
|move|p2a: Blissey|Ice Beam|p1a: Gurl-Power
|-resisted|p1a: Gurl-Power
|-damage|p1a: Gurl-Power|90/100
|-status|p1a: Gurl-Power|frz
|
|-heal|p2a: Blissey|41/100|[from] item: Leftovers
|upkeep
|turn|9
|
|t:|1779597857
|cant|p1a: Gurl-Power|frz
|move|p2a: Blissey|Ice Beam|p1a: Gurl-Power
|-resisted|p1a: Gurl-Power
|-damage|p1a: Gurl-Power|80/100 frz
|
|-heal|p2a: Blissey|47/100|[from] item: Leftovers
|upkeep
|turn|10
|
|t:|1779597866
|switch|p1a: Hawk-Sauce|Blaziken, M, shiny|100/100
|-item|p1a: Hawk-Sauce|Air Balloon
|move|p2a: Blissey|Flamethrower|p1a: Hawk-Sauce
|-resisted|p1a: Hawk-Sauce
|-damage|p1a: Hawk-Sauce|88/100
|-enditem|p1a: Hawk-Sauce|Air Balloon
|
|-heal|p2a: Blissey|53/100|[from] item: Leftovers
|upkeep
|turn|11
|
|t:|1779597877
|move|p2a: Blissey|Protect|p2a: Blissey
|-singleturn|p2a: Blissey|Protect
|move|p1a: Hawk-Sauce|Close Combat|p2a: Blissey
|-activate|p2a: Blissey|move: Protect
|
|-heal|p2a: Blissey|59/100|[from] item: Leftovers
|-ability|p1a: Hawk-Sauce|Speed Boost|boost
|-boost|p1a: Hawk-Sauce|spe|1
|upkeep
|turn|12
|
|t:|1779597887
|switch|p2a: Gliscor|Gliscor, M, shiny|100/100 tox
|move|p1a: Hawk-Sauce|Close Combat|p2a: Gliscor
|-resisted|p2a: Gliscor
|-damage|p2a: Gliscor|78/100 tox
|-unboost|p1a: Hawk-Sauce|def|1
|-unboost|p1a: Hawk-Sauce|spd|1
|
|-heal|p2a: Gliscor|91/100 tox|[from] ability: Poison Heal
|-ability|p1a: Hawk-Sauce|Speed Boost|boost
|-boost|p1a: Hawk-Sauce|spe|1
|upkeep
|turn|13
|
|t:|1779597900
|switch|p1a: Gomppers|Garchomp, M, shiny|100/100
|move|p2a: Gliscor|Earthquake|p1a: Gomppers
|-damage|p1a: Gomppers|78/100
|
|-heal|p2a: Gliscor|100/100 tox|[from] ability: Poison Heal
|upkeep
|turn|14
|
|t:|1779597910
|move|p2a: Gliscor|Toxic|p1a: Gomppers
|-status|p1a: Gomppers|tox
|move|p1a: Gomppers|Dragon Tail|p2a: Gliscor
|-damage|p2a: Gliscor|85/100 tox
|drag|p2a: Regieleki|Regieleki, shiny|100/100
|
|-damage|p1a: Gomppers|72/100 tox|[from] psn
|upkeep
|turn|15
|
|t:|1779597923
|move|p2a: Regieleki|Explosion|p1a: Gomppers
|-damage|p1a: Gomppers|25/100 tox
|faint|p2a: Regieleki
|move|p1a: Gomppers|Earthquake|p2: Regieleki|[notarget]
|-fail|p1a: Gomppers
|
|-damage|p1a: Gomppers|13/100 tox|[from] psn
|upkeep
|
|t:|1779597951
|switch|p2a: Gliscor|Gliscor, M, shiny|85/100 tox
|turn|16
|
|t:|1779597962
|switch|p1a: Pomni|Ogerpon-Wellspring, F|100/100
|move|p2a: Gliscor|Earthquake|p1a: Pomni
|-resisted|p1a: Pomni
|-damage|p1a: Pomni|78/100
|
|-heal|p2a: Gliscor|97/100 tox|[from] ability: Poison Heal
|upkeep
|turn|17
|
|t:|1779597973
|move|p1a: Pomni|Knock Off|p2a: Gliscor
|-damage|p2a: Gliscor|74/100 tox
|-enditem|p2a: Gliscor|Toxic Orb|[from] move: Knock Off|[of] p1a: Pomni
|move|p2a: Gliscor|Toxic|p1a: Pomni
|-status|p1a: Pomni|tox
|
|-damage|p1a: Pomni|72/100 tox|[from] psn
|-heal|p2a: Gliscor|86/100 tox|[from] ability: Poison Heal
|upkeep
|turn|18
|
|t:|1779597984
|move|p2a: Gliscor|Protect|p2a: Gliscor
|-singleturn|p2a: Gliscor|Protect
|move|p1a: Pomni|Ivy Cudgel|p2a: Gliscor|[anim] Ivy Cudgel Water
|-activate|p2a: Gliscor|move: Protect
|
|-damage|p1a: Pomni|60/100 tox|[from] psn
|-heal|p2a: Gliscor|99/100 tox|[from] ability: Poison Heal
|upkeep
|turn|19
|
|t:|1779597992
|move|p1a: Pomni|Giga Drain|p2a: Gliscor
|-crit|p2a: Gliscor
|-damage|p2a: Gliscor|63/100 tox
|-heal|p1a: Pomni|81/100 tox|[from] drain|[of] p2a: Gliscor
|move|p2a: Gliscor|Substitute|p2a: Gliscor
|-start|p2a: Gliscor|Substitute
|-damage|p2a: Gliscor|39/100 tox
|
|-damage|p1a: Pomni|63/100 tox|[from] psn
|-heal|p2a: Gliscor|51/100 tox|[from] ability: Poison Heal
|upkeep
|turn|20
|
|t:|1779598006
|move|p2a: Gliscor|Protect|p2a: Gliscor
|-singleturn|p2a: Gliscor|Protect
|move|p1a: Pomni|Spikes|p2a: Gliscor
|-sidestart|p2: infinite75|Spikes
|
|-damage|p1a: Pomni|39/100 tox|[from] psn
|-heal|p2a: Gliscor|63/100 tox|[from] ability: Poison Heal
|upkeep
|turn|21
|
|t:|1779598016
|move|p1a: Pomni|Giga Drain|p2a: Gliscor
|-activate|p2a: Gliscor|move: Substitute|[damage]
|-heal|p1a: Pomni|52/100 tox|[from] drain|[of] p2a: Gliscor
|move|p2a: Gliscor|Substitute|p2a: Gliscor
|-fail|p2a: Gliscor|move: Substitute
|
|-damage|p1a: Pomni|22/100 tox|[from] psn
|-heal|p2a: Gliscor|76/100 tox|[from] ability: Poison Heal
|upkeep
|turn|22
|
|t:|1779598028
|move|p1a: Pomni|Giga Drain|p2a: Gliscor
|-end|p2a: Gliscor|Substitute
|-heal|p1a: Pomni|24/100 tox|[from] drain|[of] p2a: Gliscor
|move|p2a: Gliscor|Earthquake|p1a: Pomni
|-resisted|p1a: Pomni
|-damage|p1a: Pomni|2/100 tox
|
|-damage|p1a: Pomni|0 fnt|[from] psn
|faint|p1a: Pomni
|-heal|p2a: Gliscor|88/100 tox|[from] ability: Poison Heal
|upkeep
|
|t:|1779598041
|switch|p1a: Gurl-Power|Scizor, F|80/100 frz
|turn|23
|
|t:|1779598048
|switch|p2a: Blissey|Blissey, F, shiny|59/100
|-damage|p2a: Blissey|47/100|[from] Spikes
|cant|p1a: Gurl-Power|frz
|
|-heal|p2a: Blissey|53/100|[from] item: Leftovers
|upkeep
|turn|24
|
|t:|1779598058
|switch|p1a: Hawk-Sauce|Blaziken, M, shiny|88/100
|move|p2a: Blissey|Ice Beam|p1a: Hawk-Sauce
|-resisted|p1a: Hawk-Sauce
|-damage|p1a: Hawk-Sauce|76/100
|
|-heal|p2a: Blissey|59/100|[from] item: Leftovers
|upkeep
|turn|25
|
|t:|1779598074
|switch|p2a: Gliscor|Gliscor, M, shiny|88/100 tox
|move|p1a: Hawk-Sauce|Close Combat|p2a: Gliscor
|-resisted|p2a: Gliscor
|-damage|p2a: Gliscor|66/100 tox
|-unboost|p1a: Hawk-Sauce|def|1
|-unboost|p1a: Hawk-Sauce|spd|1
|
|-heal|p2a: Gliscor|78/100 tox|[from] ability: Poison Heal
|-ability|p1a: Hawk-Sauce|Speed Boost|boost
|-boost|p1a: Hawk-Sauce|spe|1
|upkeep
|turn|26
|
|t:|1779598086
|switch|p1a: Gurl-Power|Scizor, F|80/100 frz
|move|p2a: Gliscor|Earthquake|p1a: Gurl-Power
|-damage|p1a: Gurl-Power|46/100 frz
|
|-heal|p2a: Gliscor|91/100 tox|[from] ability: Poison Heal
|upkeep
|turn|27
|
|t:|1779598098
|move|p2a: Gliscor|Earthquake|p1a: Gurl-Power
|-damage|p1a: Gurl-Power|7/100 frz
|cant|p1a: Gurl-Power|frz
|
|-heal|p2a: Gliscor|100/100 tox|[from] ability: Poison Heal
|upkeep
|turn|28
|
|t:|1779598106
|switch|p1a: Femboy-Socks|Iron Valiant|42/100 frz
|move|p2a: Gliscor|Earthquake|p1a: Femboy-Socks
|-damage|p1a: Femboy-Socks|3/100 frz
|
|upkeep
|turn|29
|
|t:|1779598119
|-curestatus|p1a: Femboy-Socks|frz|[msg]
|move|p1a: Femboy-Socks|Shadow Ball|p2a: Gliscor
|-damage|p2a: Gliscor|52/100 tox
|-unboost|p2a: Gliscor|spd|1
|move|p2a: Gliscor|Earthquake|p1a: Femboy-Socks
|-damage|p1a: Femboy-Socks|0 fnt
|faint|p1a: Femboy-Socks
|-end|p1a: Femboy-Socks|Quark Drive|[silent]
|
|-heal|p2a: Gliscor|65/100 tox|[from] ability: Poison Heal
|upkeep
|
|t:|1779598129
|switch|p1a: Gomppers|Garchomp, M, shiny|13/100 tox
|turn|30
|
|t:|1779598134
|move|p2a: Gliscor|Earthquake|p1a: Gomppers
|-damage|p1a: Gomppers|0 fnt
|faint|p1a: Gomppers
|
|-heal|p2a: Gliscor|77/100 tox|[from] ability: Poison Heal
|upkeep
|
|t:|1779598142
|switch|p1a: Hawk-Sauce|Blaziken, M, shiny|76/100
|turn|31
|
|t:|1779598148
|move|p1a: Hawk-Sauce|Blaze Kick|p2a: Gliscor
|-damage|p2a: Gliscor|46/100 tox
|move|p2a: Gliscor|Earthquake|p1a: Hawk-Sauce
|-supereffective|p1a: Hawk-Sauce
|-damage|p1a: Hawk-Sauce|0 fnt
|faint|p1a: Hawk-Sauce
|
|-heal|p2a: Gliscor|58/100 tox|[from] ability: Poison Heal
|upkeep
|-message|Jbennette forfeited.
|
|win|infinite75
|raw|Jbennette's rating: 1063 &rarr; <strong>1050</strong><br />(-13 for losing)
|raw|infinite75's rating: 1182 &rarr; <strong>1199</strong><br />(+17 for winning)
|l|☆Jbennette
|player|p1|
