|j|☆3rdIblind
|j|☆8daniel8
|t:|1779720664
|gametype|singles
|player|p1|3rdIblind|shauntal|1489
|player|p2|8daniel8|101|1533
|gen|9
|tier|[Gen 9] OU
|rated|
|rule|HP Percentage Mod: HP is shown in percentages
|rule|Endless Battle Clause: Forcing endless battles is banned
|rule|Species Clause: Limit one of each Pokémon
|rule|OHKO Clause: OHKO moves are banned
|rule|Evasion Items Clause: Evasion items are banned
|rule|Evasion Moves Clause: Evasion moves are banned
|rule|Evasion Abilities Clause: Evasion abilities are banned
|rule|Sleep Moves Clause: Sleep-inducing moves are banned
|clearpoke
|poke|p1|Great Tusk|
|poke|p1|Alomomola, M|
|poke|p1|Kingambit, M|
|poke|p1|Tornadus-Therian, M|
|poke|p1|Ogerpon, F|
|poke|p1|Glimmora, M|
|poke|p2|Gholdengo|
|poke|p2|Hydrapple, F|
|poke|p2|Volcanion|
|poke|p2|Clefable, M|
|poke|p2|Clodsire, F|
|poke|p2|Crabominable, F|
|teampreview
|l|☆8daniel8
|player|p2|
|inactive|Battle timer is ON: inactive players will automatically lose when time's up. (requested by 3rdIblind)
|j|☆8daniel8
|inactive|8daniel8 reconnected and has 145 seconds left.
|player|p2|8daniel8|101|
|
|t:|1779720724
|teamsize|p1|6
|teamsize|p2|6
|start
|switch|p1a: Glimmora|Glimmora, M|100/100
|switch|p2a: Gholdengo|Gholdengo|100/100
|turn|1
|
|t:|1779720747
|switch|p1a: Kingambit|Kingambit, M|100/100
|move|p2a: Gholdengo|Shadow Ball|p1a: Kingambit
|-resisted|p1a: Kingambit
|-damage|p1a: Kingambit|67/100
|-damage|p2a: Gholdengo|91/100|[from] item: Life Orb
|
|-heal|p1a: Kingambit|74/100|[from] item: Leftovers
|upkeep
|turn|2
|inactive|3rdIblind has 120 seconds left.
|
|t:|1779720771
|switch|p2a: Crabominable|Crabominable, F|100/100
|-end|p1a: Kingambit|fallenundefined|[silent]
|switch|p1a: Alomomola|Alomomola, M|100/100
|
|upkeep
|turn|3
|inactive|3rdIblind has 120 seconds left.
|
|t:|1779720796
|switch|p1a: Glimmora|Glimmora, M|100/100
|move|p2a: Crabominable|Thunder Punch|p1a: Glimmora
|-damage|p1a: Glimmora|67/100
|
|-heal|p1a: Glimmora|73/100|[from] item: Leftovers
|upkeep
|turn|4
|
|t:|1779720805
|move|p1a: Glimmora|Stealth Rock|p2a: Crabominable
|-sidestart|p2: 8daniel8|move: Stealth Rock
|move|p2a: Crabominable|Crabhammer|p1a: Glimmora
|-supereffective|p1a: Glimmora
|-damage|p1a: Glimmora|0 fnt
|faint|p1a: Glimmora
|
|upkeep
|
|t:|1779720820
|switch|p1a: Great Tusk|Great Tusk|100/100
|turn|5
|
|t:|1779720824
|move|p1a: Great Tusk|Close Combat|p2a: Crabominable
|-supereffective|p2a: Crabominable
|-damage|p2a: Crabominable|0 fnt
|-unboost|p1a: Great Tusk|def|1
|-unboost|p1a: Great Tusk|spd|1
|faint|p2a: Crabominable
|
|upkeep
|
|t:|1779720836
|switch|p2a: Volcanion|Volcanion|100/100
|-damage|p2a: Volcanion|76/100|[from] Stealth Rock
|turn|6
|
|t:|1779720842
|-end|p1a: Great Tusk|Protosynthesis|[silent]
|switch|p1a: Alomomola|Alomomola, M|100/100
|move|p2a: Volcanion|Steam Eruption|p1a: Alomomola
|-resisted|p1a: Alomomola
|-damage|p1a: Alomomola|84/100
|
|upkeep
|turn|7
|
|t:|1779720860
|move|p2a: Volcanion|Sludge Bomb|p1a: Alomomola
|-damage|p1a: Alomomola|68/100
|move|p1a: Alomomola|Mirror Coat|p2a: Volcanion
|-damage|p2a: Volcanion|27/100
|
|upkeep
|turn|8
|
|t:|1779720874
|switch|p1a: Kingambit|Kingambit, M|74/100
|-activate|p1a: Kingambit|ability: Supreme Overlord
|-start|p1a: Kingambit|fallen1|[silent]
|move|p2a: Volcanion|Flamethrower|p1a: Kingambit
|-supereffective|p1a: Kingambit
|-damage|p1a: Kingambit|0 fnt
|faint|p1a: Kingambit
|-end|p1a: Kingambit|fallen1|[silent]
|
|upkeep
|
|t:|1779720880
|switch|p1a: Tornadus|Tornadus-Therian, M|100/100
|turn|9
|
|t:|1779720888
|move|p1a: Tornadus|Bleakwind Storm|p2a: Volcanion
|-damage|p2a: Volcanion|0 fnt
|faint|p2a: Volcanion
|-damage|p1a: Tornadus|91/100|[from] item: Life Orb
|
|upkeep
|
|t:|1779720903
|switch|p2a: Clefable|Clefable, M|100/100
|-damage|p2a: Clefable|88/100|[from] Stealth Rock
|turn|10
|
|t:|1779720917
|move|p1a: Tornadus|Bleakwind Storm|p2a: Clefable
|-damage|p2a: Clefable|27/100
|-damage|p1a: Tornadus|81/100|[from] item: Life Orb
|move|p2a: Clefable|Calm Mind|p2a: Clefable
|-boost|p2a: Clefable|spa|1
|-boost|p2a: Clefable|spd|1
|
|-heal|p2a: Clefable|33/100|[from] item: Leftovers
|upkeep
|turn|11
|
|t:|1779720930
|-terastallize|p2a: Clefable|Steel
|move|p1a: Tornadus|Bleakwind Storm|p2a: Clefable
|-resisted|p2a: Clefable
|-damage|p2a: Clefable|13/100
|-damage|p1a: Tornadus|71/100|[from] item: Life Orb
|move|p2a: Clefable|Draining Kiss|p1a: Tornadus
|-damage|p1a: Tornadus|41/100
|-heal|p2a: Clefable|30/100|[from] drain|[of] p1a: Tornadus
|
|-heal|p2a: Clefable|37/100|[from] item: Leftovers
|upkeep
|turn|12
|
|t:|1779720942
|switch|p1a: Alomomola|Alomomola, M|100/100
|move|p2a: Clefable|Draining Kiss|p1a: Alomomola
|-damage|p1a: Alomomola|89/100
|-heal|p2a: Clefable|48/100|[from] drain|[of] p1a: Alomomola
|
|-heal|p2a: Clefable|54/100|[from] item: Leftovers
|upkeep
|turn|13
|
|t:|1779720952
|move|p2a: Clefable|Thunder Wave|p1a: Alomomola
|-status|p1a: Alomomola|par
|cant|p1a: Alomomola|par
|
|-heal|p2a: Clefable|60/100|[from] item: Leftovers
|upkeep
|turn|14
|
|t:|1779720960
|move|p2a: Clefable|Draining Kiss|p1a: Alomomola
|-damage|p1a: Alomomola|77/100 par
|-heal|p2a: Clefable|73/100|[from] drain|[of] p1a: Alomomola
|move|p1a: Alomomola|Flip Turn|p2a: Clefable
|-damage|p2a: Clefable|60/100
|
|t:|1779720966
|switch|p1a: Great Tusk|Great Tusk|100/100|[from] Flip Turn
|
|-heal|p2a: Clefable|66/100|[from] item: Leftovers
|upkeep
|turn|15
|
|t:|1779720995
|switch|p2a: Gholdengo|Gholdengo|91/100
|-damage|p2a: Gholdengo|85/100|[from] Stealth Rock
|move|p1a: Great Tusk|Ice Spinner|p2a: Gholdengo
|-resisted|p2a: Gholdengo
|-damage|p2a: Gholdengo|67/100
|
|upkeep
|turn|16
|
|t:|1779721003
|-end|p1a: Great Tusk|Protosynthesis|[silent]
|switch|p1a: Alomomola|Alomomola, M|100/100 par
|move|p2a: Gholdengo|Dazzling Gleam|p1a: Alomomola
|-damage|p1a: Alomomola|84/100 par
|-damage|p2a: Gholdengo|58/100|[from] item: Life Orb
|
|upkeep
|turn|17
|
|t:|1779721011
|move|p2a: Gholdengo|Thunderbolt|p1a: Alomomola
|-supereffective|p1a: Alomomola
|-damage|p1a: Alomomola|43/100 par
|-damage|p2a: Gholdengo|48/100|[from] item: Life Orb
|cant|p1a: Alomomola|par
|
|upkeep
|turn|18
|
|t:|1779721018
|move|p2a: Gholdengo|Thunderbolt|p1a: Alomomola
|-supereffective|p1a: Alomomola
|-damage|p1a: Alomomola|3/100 par
|-damage|p2a: Gholdengo|38/100|[from] item: Life Orb
|move|p1a: Alomomola|Flip Turn|p2a: Gholdengo
|-damage|p2a: Gholdengo|20/100
|
|t:|1779721025
|switch|p1a: Ogerpon|Ogerpon, F|100/100|[from] Flip Turn
|
|upkeep
|turn|19
|
|t:|1779721032
|switch|p2a: Hydrapple|Hydrapple, F|100/100
|-damage|p2a: Hydrapple|88/100|[from] Stealth Rock
|move|p1a: Ogerpon|Knock Off|p2a: Hydrapple
|-damage|p2a: Hydrapple|51/100
|-enditem|p2a: Hydrapple|Life Orb|[from] move: Knock Off|[of] p1a: Ogerpon
|
|upkeep
|turn|20
|
|t:|1779721042
|switch|p1a: Tornadus|Tornadus-Therian, M|74/100
|move|p2a: Hydrapple|Draco Meteor|p1a: Tornadus
|-crit|p1a: Tornadus
|-damage|p1a: Tornadus|0 fnt
|-unboost|p2a: Hydrapple|spa|2
|faint|p1a: Tornadus
|
|upkeep
|
|t:|1779721047
|switch|p1a: Ogerpon|Ogerpon, F|100/100
|turn|21
|
|t:|1779721055
|switch|p2a: Gholdengo|Gholdengo|20/100
|-damage|p2a: Gholdengo|14/100|[from] Stealth Rock
|move|p1a: Ogerpon|U-turn|p2a: Gholdengo
|-resisted|p2a: Gholdengo
|-damage|p2a: Gholdengo|4/100
|
|t:|1779721059
|switch|p1a: Great Tusk|Great Tusk|100/100|[from] U-turn
|
|upkeep
|turn|22
|
|t:|1779721068
|move|p1a: Great Tusk|Ice Spinner|p2a: Gholdengo
|-resisted|p2a: Gholdengo
|-damage|p2a: Gholdengo|0 fnt
|faint|p2a: Gholdengo
|
|upkeep
|
|t:|1779721074
|switch|p2a: Hydrapple|Hydrapple, F|84/100
|-damage|p2a: Hydrapple|72/100|[from] Stealth Rock
|turn|23
|
|t:|1779721078
|switch|p2a: Clodsire|Clodsire, F|100/100
|-damage|p2a: Clodsire|94/100|[from] Stealth Rock
|move|p1a: Great Tusk|Ice Spinner|p2a: Clodsire
|-supereffective|p2a: Clodsire
|-damage|p2a: Clodsire|33/100
|
|-heal|p2a: Clodsire|40/100|[from] item: Leftovers
|upkeep
|turn|24
|
|t:|1779721087
|move|p1a: Great Tusk|Ice Spinner|p2a: Clodsire
|-supereffective|p2a: Clodsire
|-damage|p2a: Clodsire|0 fnt
|faint|p2a: Clodsire
|
|upkeep
|
|t:|1779721093
|switch|p2a: Hydrapple|Hydrapple, F|100/100
|-damage|p2a: Hydrapple|88/100|[from] Stealth Rock
|turn|25
|
|t:|1779721098
|-terastallize|p1a: Great Tusk|Steel
|move|p1a: Great Tusk|Ice Spinner|p2a: Hydrapple
|-supereffective|p2a: Hydrapple
|-damage|p2a: Hydrapple|9/100
|move|p2a: Hydrapple|Giga Drain|p1a: Great Tusk
|-resisted|p1a: Great Tusk
|-damage|p1a: Great Tusk|72/100
|-heal|p2a: Hydrapple|22/100|[from] drain|[of] p1a: Great Tusk
|
|upkeep
|turn|26
|-message|8daniel8 forfeited.
|
|win|3rdIblind
|raw|3rdIblind's rating: 1489 &rarr; <strong>1512</strong><br />(+23 for winning)
|raw|8daniel8's rating: 1533 &rarr; <strong>1510</strong><br />(-23 for losing)
|l|☆8daniel8
|player|p2|
|l|☆3rdIblind
|player|p1|
