|j|☆P Ditt0
|j|☆Maxxxxilla
|t:|1779573282
|gametype|singles
|player|p1|P Ditt0|102|1088
|player|p2|Maxxxxilla|alder|1094
|gen|9
|tier|[Gen 9] OU
|rated|
|rule|HP Percentage Mod: HP is shown in percentages
|rule|Endless Battle Clause: Forcing endless battles is banned
|rule|Species Clause: Limit one of each Pokémon
|rule|OHKO Clause: OHKO moves are banned
|rule|Evasion Items Clause: Evasion items are banned
|rule|Evasion Moves Clause: Evasion moves are banned
|rule|Evasion Abilities Clause: Evasion abilities are banned
|rule|Sleep Moves Clause: Sleep-inducing moves are banned
|clearpoke
|poke|p1|Kyurem|
|poke|p1|Gliscor, F|
|poke|p1|Hatterene, F|
|poke|p1|Great Tusk|
|poke|p1|Enamorus, F|
|poke|p1|Gholdengo|
|poke|p2|Pikachu-Kalos, M|
|poke|p2|Charizard, M|
|poke|p2|Greninja-*, F|
|poke|p2|Gliscor, F|
|poke|p2|Hawlucha, M|
|poke|p2|Lucario, M|
|teampreview
|
|t:|1779573291
|teamsize|p1|6
|teamsize|p2|6
|start
|switch|p1a: Gliscor|Gliscor, F|100/100
|switch|p2a: Greninja|Greninja, F|100/100
|turn|1
|
|t:|1779573295
|move|p1a: Gliscor|Protect|p1a: Gliscor
|-singleturn|p1a: Gliscor|Protect
|move|p2a: Greninja|Ice Beam|p1a: Gliscor
|-start|p2a: Greninja|typechange|Ice|[from] ability: Protean
|-activate|p1a: Gliscor|move: Protect
|
|-status|p1a: Gliscor|tox|[from] item: Toxic Orb
|upkeep
|turn|2
|
|t:|1779573299
|switch|p1a: Hatterene|Hatterene, F|100/100
|move|p2a: Greninja|Ice Beam|p1a: Hatterene
|-damage|p1a: Hatterene|61/100
|
|upkeep
|turn|3
|
|t:|1779573310
|move|p2a: Greninja|Ice Beam|p1a: Hatterene
|-damage|p1a: Hatterene|19/100
|move|p1a: Hatterene|Future Sight|p2a: Greninja
|-start|p1a: Hatterene|move: Future Sight
|
|upkeep
|turn|4
|
|t:|1779573315
|switch|p1a: Gholdengo|Gholdengo|100/100
|move|p2a: Greninja|Ice Beam|p1a: Gholdengo
|-resisted|p1a: Gholdengo
|-damage|p1a: Gholdengo|63/100
|-status|p1a: Gholdengo|frz
|
|upkeep
|turn|5
|
|t:|1779573323
|switch|p2a: Pikachu|Pikachu-Kalos, M|100/100
|cant|p1a: Gholdengo|frz
|
|-end|p2a: Pikachu|move: Future Sight
|-damage|p2a: Pikachu|0 fnt
|faint|p2a: Pikachu
|upkeep
|inactive|Battle timer is ON: inactive players will automatically lose when time's up. (requested by P Ditt0)
|
|t:|1779573338
|switch|p2a: Greninja|Greninja, F|100/100
|turn|6
|
|t:|1779573341
|cant|p1a: Gholdengo|frz
|move|p2a: Greninja|Dark Pulse|p1a: Gholdengo
|-start|p2a: Greninja|typechange|Dark|[from] ability: Protean
|-supereffective|p1a: Gholdengo
|-damage|p1a: Gholdengo|0 fnt
|faint|p1a: Gholdengo
|
|upkeep
|
|t:|1779573344
|switch|p1a: Enamorus|Enamorus, F|100/100
|turn|7
|
|t:|1779573358
|switch|p2a: Charizard|Charizard, M|100/100
|move|p1a: Enamorus|Moonblast|p2a: Charizard
|-resisted|p2a: Charizard
|-damage|p2a: Charizard|66/100
|-unboost|p2a: Charizard|spa|1
|
|upkeep
|turn|8
|
|t:|1779573365
|switch|p1a: Hatterene|Hatterene, F|19/100
|move|p2a: Charizard|Hurricane|p1a: Hatterene|[miss]
|-miss|p2a: Charizard|p1a: Hatterene
|
|upkeep
|turn|9
|
|t:|1779573375
|move|p2a: Charizard|Flamethrower|p1a: Hatterene
|-damage|p1a: Hatterene|0 fnt
|faint|p1a: Hatterene
|
|upkeep
|
|t:|1779573380
|switch|p1a: Gliscor|Gliscor, F|100/100 tox
|turn|10
|
|t:|1779573386
|move|p2a: Charizard|Hurricane|p1a: Gliscor
|-damage|p1a: Gliscor|72/100 tox
|move|p1a: Gliscor|Knock Off|p2a: Charizard
|-crit|p2a: Charizard
|-damage|p2a: Charizard|22/100
|-enditem|p2a: Charizard|Heavy-Duty Boots|[from] move: Knock Off|[of] p1a: Gliscor
|
|-heal|p1a: Gliscor|84/100 tox|[from] ability: Poison Heal
|upkeep
|turn|11
|
|t:|1779573406
|move|p2a: Charizard|Hurricane|p1a: Gliscor
|-damage|p1a: Gliscor|56/100 tox
|-start|p1a: Gliscor|confusion
|-activate|p1a: Gliscor|confusion
|move|p1a: Gliscor|Swords Dance|p1a: Gliscor
|-boost|p1a: Gliscor|atk|2
|
|-heal|p1a: Gliscor|69/100 tox|[from] ability: Poison Heal
|upkeep
|turn|12
|
|t:|1779573416
|switch|p1a: Kyurem|Kyurem|100/100
|-ability|p1a: Kyurem|Pressure
|move|p2a: Charizard|Hurricane|p1a: Kyurem
|-damage|p1a: Kyurem|71/100
|-start|p1a: Kyurem|confusion
|
|upkeep
|turn|13
|
|t:|1779573422
|move|p2a: Charizard|Will-O-Wisp|p1a: Kyurem
|-status|p1a: Kyurem|brn
|-activate|p1a: Kyurem|confusion
|move|p1a: Kyurem|Freeze-Dry|p2a: Charizard
|-damage|p2a: Charizard|0 fnt
|faint|p2a: Charizard
|
|-damage|p1a: Kyurem|64/100 brn|[from] brn
|upkeep
|
|t:|1779573428
|switch|p2a: Hawlucha|Hawlucha, M|100/100
|turn|14
|
|t:|1779573431
|-end|p1a: Kyurem|confusion
|move|p1a: Kyurem|Freeze-Dry|p2a: Hawlucha
|-supereffective|p2a: Hawlucha
|-enditem|p2a: Hawlucha|Focus Sash
|-damage|p2a: Hawlucha|1/100
|move|p2a: Hawlucha|Swords Dance|p2a: Hawlucha
|-boost|p2a: Hawlucha|atk|2
|
|-damage|p1a: Kyurem|58/100 brn|[from] brn
|upkeep
|turn|15
|
|t:|1779573439
|move|p2a: Hawlucha|Close Combat|p1a: Kyurem
|-supereffective|p1a: Kyurem
|-damage|p1a: Kyurem|0 fnt
|-unboost|p2a: Hawlucha|def|1
|-unboost|p2a: Hawlucha|spd|1
|faint|p1a: Kyurem
|
|upkeep
|
|t:|1779573442
|switch|p1a: Gliscor|Gliscor, F|69/100 tox
|turn|16
|
|t:|1779573449
|move|p2a: Hawlucha|Acrobatics|p1a: Gliscor
|-damage|p1a: Gliscor|0 fnt
|faint|p1a: Gliscor
|
|upkeep
|-message|P Ditt0 forfeited.
|
|win|Maxxxxilla
|raw|P Ditt0's rating: 1088 &rarr; <strong>1065</strong><br />(-23 for losing)
|raw|Maxxxxilla's rating: 1094 &rarr; <strong>1119</strong><br />(+25 for winning)
|l|☆P Ditt0
|player|p1|
|l|☆Maxxxxilla
|player|p2|
