|j|☆Palafin Enjoyer
|j|☆rasb
|t:|1779567411
|gametype|singles
|player|p1|Palafin Enjoyer|volo|1334
|player|p2|rasb|1|1315
|gen|9
|tier|[Gen 9] OU
|rated|
|rule|HP Percentage Mod: HP is shown in percentages
|rule|Endless Battle Clause: Forcing endless battles is banned
|rule|Species Clause: Limit one of each Pokémon
|rule|OHKO Clause: OHKO moves are banned
|rule|Evasion Items Clause: Evasion items are banned
|rule|Evasion Moves Clause: Evasion moves are banned
|rule|Evasion Abilities Clause: Evasion abilities are banned
|rule|Sleep Moves Clause: Sleep-inducing moves are banned
|clearpoke
|poke|p1|Hoopa|
|poke|p1|Cinderace, F|
|poke|p1|Mandibuzz, F|
|poke|p1|Kyurem|
|poke|p1|Ting-Lu|
|poke|p1|Manaphy|
|poke|p2|Ceruledge, F|
|poke|p2|Raging Bolt|
|poke|p2|Ogerpon-Wellspring, F|
|poke|p2|Darkrai|
|poke|p2|Great Tusk|
|poke|p2|Gholdengo|
|teampreview
|inactive|Battle timer is ON: inactive players will automatically lose when time's up. (requested by rasb)
|inactive|rasb has 120 seconds left.
|inactive|rasb has 90 seconds left.
|inactive|rasb has 60 seconds left.
|
|t:|1779567525
|teamsize|p1|6
|teamsize|p2|6
|start
|switch|p1a: Cinderace|Cinderace, F|100/100
|switch|p2a: Great Tusk|Great Tusk|100/100
|turn|1
|
|t:|1779567531
|move|p1a: Cinderace|U-turn|p2a: Great Tusk
|-start|p1a: Cinderace|typechange|Bug|[from] ability: Libero
|-resisted|p2a: Great Tusk
|-damage|p2a: Great Tusk|91/100
|-damage|p1a: Cinderace|84/100|[from] item: Rocky Helmet|[of] p2a: Great Tusk
|
|t:|1779567535
|switch|p1a: Mandibuzz|Mandibuzz, F|100/100|[from] U-turn
|move|p2a: Great Tusk|Stealth Rock|p1a: Mandibuzz
|-sidestart|p1: Palafin Enjoyer|move: Stealth Rock
|
|upkeep
|turn|2
|inactive|rasb has 120 seconds left.
|
|t:|1779567554
|-end|p2a: Great Tusk|Protosynthesis|[silent]
|switch|p2a: Raging Bolt|Raging Bolt|100/100
|move|p1a: Mandibuzz|Foul Play|p2a: Raging Bolt
|-damage|p2a: Raging Bolt|83/100
|
|-heal|p2a: Raging Bolt|89/100|[from] item: Leftovers
|upkeep
|turn|3
|
|t:|1779567562
|switch|p1a: Ting-Lu|Ting-Lu|100/100
|-damage|p1a: Ting-Lu|94/100|[from] Stealth Rock
|-ability|p1a: Ting-Lu|Vessel of Ruin
|-end|p2a: Raging Bolt|Protosynthesis|[silent]
|switch|p2a: Ogerpon|Ogerpon-Wellspring, F|100/100
|
|upkeep
|turn|4
|
|t:|1779567568
|switch|p1a: Mandibuzz|Mandibuzz, F|100/100
|-damage|p1a: Mandibuzz|76/100|[from] Stealth Rock
|move|p2a: Ogerpon|Swords Dance|p2a: Ogerpon
|-boost|p2a: Ogerpon|atk|2
|
|upkeep
|turn|5
|
|t:|1779567575
|move|p2a: Ogerpon|Play Rough|p1a: Mandibuzz
|-supereffective|p1a: Mandibuzz
|-damage|p1a: Mandibuzz|0 fnt
|-damage|p2a: Ogerpon|84/100|[from] item: Rocky Helmet|[of] p1a: Mandibuzz
|faint|p1a: Mandibuzz
|
|upkeep
|
|t:|1779567580
|switch|p1a: Cinderace|Cinderace, F|84/100
|-damage|p1a: Cinderace|59/100|[from] Stealth Rock
|turn|6
|
|t:|1779567591
|-terastallize|p2a: Ogerpon|Water
|detailschange|p2a: Ogerpon|Ogerpon-Wellspring-Tera, F, tera:Water
|-ability|p2a: Ogerpon|Embody Aspect (Wellspring)|boost
|-boost|p2a: Ogerpon|spd|1
|move|p1a: Cinderace|U-turn|p2a: Ogerpon
|-start|p1a: Cinderace|typechange|Bug|[from] ability: Libero
|-damage|p2a: Ogerpon|39/100
|
|t:|1779567599
|switch|p1a: Manaphy|Manaphy|100/100|[from] U-turn
|-damage|p1a: Manaphy|88/100|[from] Stealth Rock
|move|p2a: Ogerpon|Ivy Cudgel|p1a: Manaphy|[anim] Ivy Cudgel Water
|-resisted|p1a: Manaphy
|-damage|p1a: Manaphy|21/100
|
|-heal|p1a: Manaphy|27/100|[from] item: Leftovers
|upkeep
|turn|7
|
|t:|1779567603
|move|p2a: Ogerpon|Ivy Cudgel|p1a: Manaphy|[anim] Ivy Cudgel Water
|-resisted|p1a: Manaphy
|-damage|p1a: Manaphy|0 fnt
|faint|p1a: Manaphy
|
|upkeep
|
|t:|1779567604
|switch|p1a: Kyurem|Kyurem|100/100
|-damage|p1a: Kyurem|76/100|[from] Stealth Rock
|-ability|p1a: Kyurem|Pressure
|turn|8
|
|t:|1779567614
|switch|p2a: Gholdengo|Gholdengo|100/100
|-item|p2a: Gholdengo|Air Balloon
|move|p1a: Kyurem|Freeze-Dry|p2a: Gholdengo
|-resisted|p2a: Gholdengo
|-damage|p2a: Gholdengo|82/100
|-enditem|p2a: Gholdengo|Air Balloon
|
|upkeep
|turn|9
|
|t:|1779567617
|switch|p1a: Ting-Lu|Ting-Lu|94/100
|-damage|p1a: Ting-Lu|88/100|[from] Stealth Rock
|-ability|p1a: Ting-Lu|Vessel of Ruin
|move|p2a: Gholdengo|Thunder Wave|p1a: Ting-Lu
|-immune|p1a: Ting-Lu
|
|upkeep
|turn|10
|
|t:|1779567621
|switch|p2a: Great Tusk|Great Tusk|91/100
|move|p1a: Ting-Lu|Stealth Rock|p2a: Great Tusk
|-sidestart|p2: rasb|move: Stealth Rock
|
|upkeep
|turn|11
|
|t:|1779567626
|move|p2a: Great Tusk|Rapid Spin|p1a: Ting-Lu
|-damage|p1a: Ting-Lu|78/100
|-boost|p2a: Great Tusk|spe|1
|-sideend|p2: rasb|Stealth Rock|[from] move: Rapid Spin|[of] p2a: Great Tusk
|move|p1a: Ting-Lu|Earthquake|p2a: Great Tusk
|-damage|p2a: Great Tusk|63/100
|
|upkeep
|turn|12
|
|t:|1779567628
|move|p2a: Great Tusk|Rapid Spin|p1a: Ting-Lu
|-damage|p1a: Ting-Lu|68/100
|-boost|p2a: Great Tusk|spe|1
|move|p1a: Ting-Lu|Stealth Rock|p2a: Great Tusk
|-sidestart|p2: rasb|move: Stealth Rock
|
|upkeep
|turn|13
|
|t:|1779567630
|move|p2a: Great Tusk|Ice Spinner|p1a: Ting-Lu
|-supereffective|p1a: Ting-Lu
|-damage|p1a: Ting-Lu|35/100
|-enditem|p1a: Ting-Lu|Weakness Policy
|-boost|p1a: Ting-Lu|atk|2|[from] item: Weakness Policy
|-boost|p1a: Ting-Lu|spa|2|[from] item: Weakness Policy
|move|p1a: Ting-Lu|Earthquake|p2a: Great Tusk
|-damage|p2a: Great Tusk|4/100
|
|upkeep
|turn|14
|
|t:|1779567641
|move|p2a: Great Tusk|Ice Spinner|p1a: Ting-Lu
|-supereffective|p1a: Ting-Lu
|-damage|p1a: Ting-Lu|5/100
|move|p1a: Ting-Lu|Heavy Slam|p2a: Great Tusk
|-damage|p2a: Great Tusk|0 fnt
|-damage|p1a: Ting-Lu|0 fnt|[from] item: Rocky Helmet|[of] p2a: Great Tusk
|faint|p2a: Great Tusk
|-end|p2a: Great Tusk|Protosynthesis|[silent]
|faint|p1a: Ting-Lu
|
|upkeep
|
|t:|1779567647
|switch|p2a: Darkrai|Darkrai|100/100
|switch|p1a: Hoopa|Hoopa|100/100
|-damage|p2a: Darkrai|88/100|[from] Stealth Rock
|-damage|p1a: Hoopa|88/100|[from] Stealth Rock
|turn|15
|
|t:|1779567650
|-terastallize|p1a: Hoopa|Fairy
|move|p2a: Darkrai|Dark Pulse|p1a: Hoopa
|-resisted|p1a: Hoopa
|-damage|p1a: Hoopa|71/100
|move|p1a: Hoopa|Focus Blast|p2a: Darkrai
|-supereffective|p2a: Darkrai
|-damage|p2a: Darkrai|0 fnt
|faint|p2a: Darkrai
|
|upkeep
|
|t:|1779567656
|switch|p2a: Ceruledge|Ceruledge, F|100/100
|turn|16
|
|t:|1779567660
|move|p2a: Ceruledge|Poltergeist|p1a: Hoopa
|-activate|p1a: Hoopa|move: Poltergeist|Aguav Berry
|-damage|p1a: Hoopa|0 fnt
|faint|p1a: Hoopa
|
|upkeep
|
|t:|1779567664
|switch|p1a: Kyurem|Kyurem|76/100
|-damage|p1a: Kyurem|51/100|[from] Stealth Rock
|-ability|p1a: Kyurem|Pressure
|turn|17
|
|t:|1779567674
|switch|p2a: Raging Bolt|Raging Bolt|89/100
|-damage|p2a: Raging Bolt|77/100|[from] Stealth Rock
|move|p1a: Kyurem|Earth Power|p2a: Raging Bolt
|-supereffective|p2a: Raging Bolt
|-damage|p2a: Raging Bolt|24/100
|-unboost|p2a: Raging Bolt|spd|1
|
|-heal|p2a: Raging Bolt|30/100|[from] item: Leftovers
|upkeep
|turn|18
|
|t:|1779567681
|move|p2a: Raging Bolt|Thunderclap|p1a: Kyurem
|-resisted|p1a: Kyurem
|-damage|p1a: Kyurem|30/100
|move|p1a: Kyurem|Earth Power|p2a: Raging Bolt
|-supereffective|p2a: Raging Bolt
|-damage|p2a: Raging Bolt|0 fnt
|faint|p2a: Raging Bolt
|-end|p2a: Raging Bolt|Protosynthesis|[silent]
|
|upkeep
|
|t:|1779567687
|switch|p2a: Ogerpon|Ogerpon-Wellspring-Tera, F, tera:Water|39/100
|-damage|p2a: Ogerpon|26/100|[from] Stealth Rock
|-ability|p2a: Ogerpon|Embody Aspect (Wellspring)|boost
|-boost|p2a: Ogerpon|spd|1
|turn|19
|
|t:|1779567704
|move|p1a: Kyurem|Earth Power|p2a: Ogerpon
|-damage|p2a: Ogerpon|0 fnt
|faint|p2a: Ogerpon
|detailschange|p2: Ogerpon|Ogerpon-Wellspring, F|[silent]
|
|upkeep
|
|t:|1779567709
|switch|p2a: Ceruledge|Ceruledge, F|100/100
|turn|20
|
|t:|1779567715
|move|p1a: Kyurem|Earth Power|p2a: Ceruledge
|-supereffective|p2a: Ceruledge
|-damage|p2a: Ceruledge|23/100
|move|p2a: Ceruledge|Bitter Blade|p1a: Kyurem
|-damage|p1a: Kyurem|0 fnt
|-heal|p2a: Ceruledge|43/100|[from] drain|[of] p1a: Kyurem
|faint|p1a: Kyurem
|
|upkeep
|
|t:|1779567718
|switch|p1a: Cinderace|Cinderace, F|59/100
|-damage|p1a: Cinderace|34/100|[from] Stealth Rock
|turn|21
|
|t:|1779567722
|move|p2a: Ceruledge|Endure|p2a: Ceruledge
|-singleturn|p2a: Ceruledge|move: Endure
|move|p1a: Cinderace|Pyro Ball|p2a: Ceruledge
|-resisted|p2a: Ceruledge
|-activate|p2a: Ceruledge|move: Endure
|-damage|p2a: Ceruledge|1/100
|-ability|p2a: Ceruledge|Weak Armor|boost
|-unboost|p2a: Ceruledge|def|1
|-boost|p2a: Ceruledge|spe|2
|
|upkeep
|turn|22
|
|t:|1779567729
|move|p2a: Ceruledge|Poltergeist|p1a: Cinderace
|-activate|p1a: Cinderace|move: Poltergeist|Charcoal
|-damage|p1a: Cinderace|0 fnt
|faint|p1a: Cinderace
|
|win|rasb
|raw|Palafin Enjoyer's rating: 1334 &rarr; <strong>1313</strong><br />(-21 for losing)
|raw|rasb's rating: 1315 &rarr; <strong>1336</strong><br />(+21 for winning)
