|j|☆knoll91
|j|☆Titanosaurus
|t:|1779643046
|gametype|singles
|player|p1|knoll91|169|1418
|player|p2|Titanosaurus|byron|1417
|gen|9
|tier|[Gen 9] OU
|rated|
|rule|HP Percentage Mod: HP is shown in percentages
|rule|Endless Battle Clause: Forcing endless battles is banned
|rule|Species Clause: Limit one of each Pokémon
|rule|OHKO Clause: OHKO moves are banned
|rule|Evasion Items Clause: Evasion items are banned
|rule|Evasion Moves Clause: Evasion moves are banned
|rule|Evasion Abilities Clause: Evasion abilities are banned
|rule|Sleep Moves Clause: Sleep-inducing moves are banned
|clearpoke
|poke|p1|Slowking-Galar, F|
|poke|p1|Iron Moth|
|poke|p1|Landorus-Therian, M|
|poke|p1|Slowbro, F|
|poke|p1|Kingambit, M|
|poke|p1|Ogerpon-Wellspring, F|
|poke|p2|Politoed, F|
|poke|p2|Zapdos|
|poke|p2|Clodsire, F|
|poke|p2|Corviknight, M|
|poke|p2|Barraskewda, M|
|poke|p2|Kingambit, F|
|teampreview
|inactive|Battle timer is ON: inactive players will automatically lose when time's up. (requested by Titanosaurus)
|
|t:|1779643062
|teamsize|p1|6
|teamsize|p2|6
|start
|switch|p1a: Landorus|Landorus-Therian, M|100/100
|switch|p2a: Politoed|Politoed, F|100/100
|-ability|p1a: Landorus|Intimidate|boost
|-unboost|p2a: Politoed|atk|1
|-weather|RainDance|[from] ability: Drizzle|[of] p2a: Politoed
|turn|1
|
|t:|1779643072
|move|p1a: Landorus|U-turn|p2a: Politoed
|-damage|p2a: Politoed|67/100
|
|t:|1779643075
|switch|p1a: Slowking|Slowking-Galar, F|100/100|[from] U-turn
|move|p2a: Politoed|Ice Beam|p1a: Slowking
|-damage|p1a: Slowking|91/100
|
|-weather|RainDance|[upkeep]
|upkeep
|turn|2
|
|t:|1779643094
|switch|p2a: Barraskewda|Barraskewda, M|100/100
|move|p1a: Slowking|Ice Beam|p2a: Barraskewda
|-resisted|p2a: Barraskewda
|-damage|p2a: Barraskewda|69/100
|
|-weather|RainDance|[upkeep]
|upkeep
|turn|3
|
|t:|1779643102
|switch|p1a: Slowbro|Slowbro, F|100/100
|move|p2a: Barraskewda|Crunch|p1a: Slowbro
|-supereffective|p1a: Slowbro
|-crit|p1a: Slowbro
|-damage|p1a: Slowbro|25/100
|-damage|p2a: Barraskewda|52/100|[from] item: Rocky Helmet|[of] p1a: Slowbro
|
|-weather|RainDance|[upkeep]
|upkeep
|turn|4
|
|t:|1779643118
|switch|p1a: Kingambit|Kingambit, M|100/100
|move|p2a: Barraskewda|Crunch|p1a: Kingambit
|-resisted|p1a: Kingambit
|-damage|p1a: Kingambit|86/100
|-unboost|p1a: Kingambit|def|1
|
|-weather|RainDance|[upkeep]
|upkeep
|turn|5
|
|t:|1779643127
|switch|p2a: Corviknight|Corviknight, M|100/100
|-end|p1a: Kingambit|fallenundefined|[silent]
|switch|p1a: Slowbro|Slowbro, F|58/100
|
|-weather|RainDance|[upkeep]
|upkeep
|turn|6
|
|t:|1779643138
|move|p2a: Corviknight|U-turn|p1a: Slowbro
|-supereffective|p1a: Slowbro
|-damage|p1a: Slowbro|41/100
|-damage|p2a: Corviknight|84/100|[from] item: Rocky Helmet|[of] p1a: Slowbro
|
|t:|1779643146
|switch|p2a: Clodsire|Clodsire, F|100/100|[from] U-turn
|move|p1a: Slowbro|Thunder Wave|p2a: Clodsire
|-immune|p2a: Clodsire
|
|-weather|RainDance|[upkeep]
|upkeep
|turn|7
|
|t:|1779643155
|switch|p1a: Slowking|Slowking-Galar, F|100/100
|move|p2a: Clodsire|Toxic|p1a: Slowking
|-immune|p1a: Slowking
|
|-weather|RainDance|[upkeep]
|upkeep
|turn|8
|
|t:|1779643168
|switch|p1a: Landorus|Landorus-Therian, M|100/100
|-ability|p1a: Landorus|Intimidate|boost
|-unboost|p2a: Clodsire|atk|1
|move|p2a: Clodsire|Earthquake|p1a: Landorus
|-immune|p1a: Landorus
|
|-weather|none
|upkeep
|turn|9
|
|t:|1779643180
|move|p1a: Landorus|U-turn|p2a: Clodsire
|-resisted|p2a: Clodsire
|-damage|p2a: Clodsire|85/100
|
|t:|1779643191
|switch|p1a: Kingambit|Kingambit, M|86/100|[from] U-turn
|move|p2a: Clodsire|Toxic|p1a: Kingambit
|-immune|p1a: Kingambit
|
|-heal|p2a: Clodsire|92/100|[from] item: Leftovers
|upkeep
|turn|10
|
|t:|1779643208
|switch|p2a: Corviknight|Corviknight, M|84/100
|move|p1a: Kingambit|Kowtow Cleave|p2a: Corviknight
|-damage|p2a: Corviknight|55/100
|-damage|p1a: Kingambit|69/100|[from] item: Rocky Helmet|[of] p2a: Corviknight
|
|upkeep
|turn|11
|
|t:|1779643216
|-end|p1a: Kingambit|fallenundefined|[silent]
|switch|p1a: Slowbro|Slowbro, F|74/100
|move|p2a: Corviknight|Roost|p2a: Corviknight
|-heal|p2a: Corviknight|100/100
|-singleturn|p2a: Corviknight|move: Roost
|
|upkeep
|turn|12
|
|t:|1779643236
|switch|p2a: Politoed|Politoed, F|67/100
|-weather|RainDance|[from] ability: Drizzle|[of] p2a: Politoed
|move|p1a: Slowbro|Ice Beam|p2a: Politoed
|-resisted|p2a: Politoed
|-damage|p2a: Politoed|61/100
|-status|p2a: Politoed|frz
|
|-weather|RainDance|[upkeep]
|upkeep
|turn|13
|inactive|knoll91 has 120 seconds left.
|
|t:|1779643254
|switch|p2a: Zapdos|Zapdos|100/100
|move|p1a: Slowbro|Body Press|p2a: Zapdos
|-resisted|p2a: Zapdos
|-damage|p2a: Zapdos|84/100
|
|-weather|RainDance|[upkeep]
|upkeep
|turn|14
|inactive|knoll91 has 120 seconds left.
|
|t:|1779643266
|switch|p1a: Slowking|Slowking-Galar, F|100/100
|-terastallize|p2a: Zapdos|Flying
|move|p2a: Zapdos|Hurricane|p1a: Slowking
|-damage|p1a: Slowking|63/100
|-start|p1a: Slowking|confusion
|
|-weather|RainDance|[upkeep]
|upkeep
|turn|15
|inactive|knoll91 has 120 seconds left.
|
|t:|1779643283
|move|p2a: Zapdos|Hurricane|p1a: Slowking
|-crit|p1a: Slowking
|-damage|p1a: Slowking|3/100
|-activate|p1a: Slowking|confusion
|move|p1a: Slowking|Sludge Bomb|p2a: Zapdos
|-damage|p2a: Zapdos|32/100
|
|-weather|RainDance|[upkeep]
|upkeep
|turn|16
|inactive|knoll91 has 120 seconds left.
|
|t:|1779643292
|switch|p1a: Kingambit|Kingambit, M|69/100
|move|p2a: Zapdos|Hurricane|p1a: Kingambit
|-resisted|p1a: Kingambit
|-damage|p1a: Kingambit|41/100
|
|-weather|RainDance|[upkeep]
|upkeep
|turn|17
|
|t:|1779643301
|switch|p2a: Corviknight|Corviknight, M|100/100
|move|p1a: Kingambit|Kowtow Cleave|p2a: Corviknight
|-damage|p2a: Corviknight|69/100
|-damage|p1a: Kingambit|25/100|[from] item: Rocky Helmet|[of] p2a: Corviknight
|
|-weather|RainDance|[upkeep]
|upkeep
|turn|18
|
|t:|1779643310
|-end|p1a: Kingambit|fallenundefined|[silent]
|switch|p1a: Slowbro|Slowbro, F|100/100
|move|p2a: Corviknight|U-turn|p1a: Slowbro
|-supereffective|p1a: Slowbro
|-damage|p1a: Slowbro|85/100
|-damage|p2a: Corviknight|52/100|[from] item: Rocky Helmet|[of] p1a: Slowbro
|
|t:|1779643314
|switch|p2a: Zapdos|Zapdos, tera:Flying|32/100|[from] U-turn
|
|-weather|RainDance|[upkeep]
|upkeep
|turn|19
|
|t:|1779643325
|move|p2a: Zapdos|Hurricane|p1a: Slowbro
|-damage|p1a: Slowbro|0 fnt
|faint|p1a: Slowbro
|
|-weather|none
|upkeep
|inactive|knoll91 has 120 seconds left.
|
|t:|1779643366
|switch|p1a: Slowking|Slowking-Galar, F|37/100
|turn|20
|
|t:|1779643374
|switch|p2a: Politoed|Politoed, F|61/100 frz
|-weather|RainDance|[from] ability: Drizzle|[of] p2a: Politoed
|move|p1a: Slowking|Ice Beam|p2a: Politoed
|-resisted|p2a: Politoed
|-damage|p2a: Politoed|52/100 frz
|
|-weather|RainDance|[upkeep]
|upkeep
|turn|21
|
|t:|1779643383
|switch|p2a: Clodsire|Clodsire, F|92/100
|move|p1a: Slowking|Sludge Bomb|p2a: Clodsire
|-resisted|p2a: Clodsire
|-damage|p2a: Clodsire|86/100
|
|-weather|RainDance|[upkeep]
|-heal|p2a: Clodsire|93/100|[from] item: Leftovers
|upkeep
|turn|22
|
|t:|1779643395
|switch|p1a: Landorus|Landorus-Therian, M|100/100
|-ability|p1a: Landorus|Intimidate|boost
|-unboost|p2a: Clodsire|atk|1
|move|p2a: Clodsire|Earthquake|p1a: Landorus
|-immune|p1a: Landorus
|
|-weather|RainDance|[upkeep]
|-heal|p2a: Clodsire|99/100|[from] item: Leftovers
|upkeep
|turn|23
|
|t:|1779643409
|switch|p2a: Corviknight|Corviknight, M|52/100
|move|p1a: Landorus|U-turn|p2a: Corviknight
|-resisted|p2a: Corviknight
|-damage|p2a: Corviknight|48/100
|-damage|p1a: Landorus|84/100|[from] item: Rocky Helmet|[of] p2a: Corviknight
|inactive|knoll91 has 90 seconds left.
|
|t:|1779643438
|switch|p1a: Ogerpon|Ogerpon-Wellspring, F|100/100|[from] U-turn
|
|-weather|RainDance|[upkeep]
|upkeep
|turn|24
|inactive|knoll91 has 90 seconds left.
|
|t:|1779643451
|switch|p2a: Clodsire|Clodsire, F|99/100
|-terastallize|p1a: Ogerpon|Water
|detailschange|p1a: Ogerpon|Ogerpon-Wellspring-Tera, F, tera:Water
|-ability|p1a: Ogerpon|Embody Aspect (Wellspring)|boost
|-boost|p1a: Ogerpon|spd|1
|move|p1a: Ogerpon|Ivy Cudgel|p2a: Clodsire|[anim] Ivy Cudgel Water
|-heal|p2a: Clodsire|100/100|[from] ability: Water Absorb|[of] p1a: Ogerpon
|
|-weather|RainDance|[upkeep]
|upkeep
|turn|25
|inactive|knoll91 has 90 seconds left.
|
|t:|1779643464
|switch|p2a: Corviknight|Corviknight, M|48/100
|move|p1a: Ogerpon|Wood Hammer|p2a: Corviknight
|-resisted|p2a: Corviknight
|-damage|p2a: Corviknight|38/100
|-damage|p1a: Ogerpon|84/100|[from] item: Rocky Helmet|[of] p2a: Corviknight
|-damage|p1a: Ogerpon|80/100|[from] Recoil
|
|-weather|RainDance|[upkeep]
|upkeep
|turn|26
|inactive|knoll91 has 90 seconds left.
|
|t:|1779643476
|move|p1a: Ogerpon|U-turn|p2a: Corviknight
|-resisted|p2a: Corviknight
|-damage|p2a: Corviknight|34/100
|-damage|p1a: Ogerpon|63/100|[from] item: Rocky Helmet|[of] p2a: Corviknight
|inactive|knoll91 has 90 seconds left.
|
|t:|1779643485
|switch|p1a: Iron Moth|Iron Moth|100/100|[from] U-turn
|-enditem|p1a: Iron Moth|Booster Energy
|-activate|p1a: Iron Moth|ability: Quark Drive|[fromitem]
|-start|p1a: Iron Moth|quarkdrivespe
|move|p2a: Corviknight|Body Press|p1a: Iron Moth
|-resisted|p1a: Iron Moth
|-damage|p1a: Iron Moth|81/100
|
|-weather|RainDance|[upkeep]
|upkeep
|turn|27
|inactive|knoll91 has 90 seconds left.
|
|t:|1779643500
|switch|p2a: Clodsire|Clodsire, F|100/100
|move|p1a: Iron Moth|Fiery Dance|p2a: Clodsire
|-damage|p2a: Clodsire|90/100
|
|-weather|none
|-heal|p2a: Clodsire|96/100|[from] item: Leftovers
|upkeep
|turn|28
|inactive|knoll91 has 90 seconds left.
|
|t:|1779643512
|move|p1a: Iron Moth|Psychic|p2a: Clodsire
|-supereffective|p2a: Clodsire
|-damage|p2a: Clodsire|63/100
|move|p2a: Clodsire|Toxic|p1a: Iron Moth
|-immune|p1a: Iron Moth
|
|-heal|p2a: Clodsire|69/100|[from] item: Leftovers
|upkeep
|turn|29
|inactive|knoll91 has 90 seconds left.
|
|t:|1779643521
|-end|p1a: Iron Moth|Quark Drive|[silent]
|switch|p1a: Slowking|Slowking-Galar, F|70/100
|move|p2a: Clodsire|Recover|p2a: Clodsire
|-heal|p2a: Clodsire|100/100
|
|upkeep
|turn|30
|
|t:|1779643528
|switch|p1a: Landorus|Landorus-Therian, M|84/100
|-ability|p1a: Landorus|Intimidate|boost
|-unboost|p2a: Clodsire|atk|1
|move|p2a: Clodsire|Earthquake|p1a: Landorus
|-immune|p1a: Landorus
|
|upkeep
|turn|31
|
|t:|1779643539
|switch|p1a: Ogerpon|Ogerpon-Wellspring-Tera, F, tera:Water|63/100
|-ability|p1a: Ogerpon|Embody Aspect (Wellspring)|boost
|-boost|p1a: Ogerpon|spd|1
|switch|p2a: Politoed|Politoed, F|52/100 frz
|-weather|RainDance|[from] ability: Drizzle|[of] p2a: Politoed
|
|-weather|RainDance|[upkeep]
|upkeep
|turn|32
|
|t:|1779643552
|switch|p2a: Corviknight|Corviknight, M|34/100
|move|p1a: Ogerpon|U-turn|p2a: Corviknight
|-resisted|p2a: Corviknight
|-damage|p2a: Corviknight|30/100
|-damage|p1a: Ogerpon|46/100|[from] item: Rocky Helmet|[of] p2a: Corviknight
|
|t:|1779643561
|switch|p1a: Iron Moth|Iron Moth|81/100|[from] U-turn
|
|-weather|RainDance|[upkeep]
|upkeep
|turn|33
|
|t:|1779643567
|move|p1a: Iron Moth|Fiery Dance|p2a: Corviknight
|-supereffective|p2a: Corviknight
|-damage|p2a: Corviknight|0 fnt
|-boost|p1a: Iron Moth|spa|1
|faint|p2a: Corviknight
|
|-weather|RainDance|[upkeep]
|upkeep
|
|t:|1779643574
|switch|p2a: Zapdos|Zapdos, tera:Flying|32/100
|turn|34
|
|t:|1779643588
|-end|p1a: Iron Moth|Quark Drive|[silent]
|switch|p1a: Slowking|Slowking-Galar, F|100/100
|move|p2a: Zapdos|Hurricane|p1a: Slowking
|-damage|p1a: Slowking|59/100
|
|-weather|RainDance|[upkeep]
|upkeep
|turn|35
|
|t:|1779643608
|switch|p2a: Kingambit|Kingambit, F|100/100
|-activate|p2a: Kingambit|ability: Supreme Overlord
|-start|p2a: Kingambit|fallen1|[silent]
|move|p1a: Slowking|Ice Beam|p2a: Kingambit
|-resisted|p2a: Kingambit
|-damage|p2a: Kingambit|88/100
|
|-weather|RainDance|[upkeep]
|-heal|p2a: Kingambit|94/100|[from] item: Leftovers
|upkeep
|turn|36
|
|t:|1779643620
|switch|p1a: Landorus|Landorus-Therian, M|84/100
|-ability|p1a: Landorus|Intimidate|boost
|-unboost|p2a: Kingambit|atk|1
|move|p2a: Kingambit|Kowtow Cleave|p1a: Landorus
|-damage|p1a: Landorus|39/100
|
|-weather|RainDance|[upkeep]
|-heal|p2a: Kingambit|99/100|[from] item: Leftovers
|upkeep
|turn|37
|
|t:|1779643631
|switch|p1a: Kingambit|Kingambit, M|25/100
|-activate|p1a: Kingambit|ability: Supreme Overlord
|-start|p1a: Kingambit|fallen1|[silent]
|-end|p2a: Kingambit|fallen1|[silent]
|switch|p2a: Zapdos|Zapdos, tera:Flying|32/100
|
|-weather|RainDance|[upkeep]
|upkeep
|turn|38
|
|t:|1779643643
|move|p2a: Zapdos|Hurricane|p1a: Kingambit
|-resisted|p1a: Kingambit
|-damage|p1a: Kingambit|0 fnt
|faint|p1a: Kingambit
|-end|p1a: Kingambit|fallen1|[silent]
|
|-weather|none
|upkeep
|inactive|knoll91 has 90 seconds left.
|
|t:|1779643660
|switch|p1a: Iron Moth|Iron Moth|81/100
|turn|39
|
|t:|1779643669
|switch|p2a: Clodsire|Clodsire, F|100/100
|move|p1a: Iron Moth|Fiery Dance|p2a: Clodsire
|-damage|p2a: Clodsire|78/100
|
|-heal|p2a: Clodsire|84/100|[from] item: Leftovers
|upkeep
|turn|40
|
|t:|1779643682
|-end|p1a: Iron Moth|Quark Drive|[silent]
|switch|p1a: Landorus|Landorus-Therian, M|39/100
|-ability|p1a: Landorus|Intimidate|boost
|-unboost|p2a: Clodsire|atk|1
|move|p2a: Clodsire|Rain Dance|p2a: Clodsire
|-weather|RainDance
|
|-weather|RainDance|[upkeep]
|-heal|p2a: Clodsire|90/100|[from] item: Leftovers
|upkeep
|turn|41
|
|t:|1779643692
|switch|p2a: Zapdos|Zapdos, tera:Flying|32/100
|move|p1a: Landorus|Stone Edge|p2a: Zapdos
|-supereffective|p2a: Zapdos
|-damage|p2a: Zapdos|0 fnt
|faint|p2a: Zapdos
|
|-weather|RainDance|[upkeep]
|upkeep
|
|t:|1779643697
|switch|p2a: Barraskewda|Barraskewda, M|52/100
|turn|42
|
|t:|1779643719
|switch|p1a: Iron Moth|Iron Moth|81/100
|move|p2a: Barraskewda|Crunch|p1a: Iron Moth
|-damage|p1a: Iron Moth|17/100
|
|-weather|RainDance|[upkeep]
|upkeep
|turn|43
|inactive|knoll91 has 90 seconds left.
|
|t:|1779643742
|move|p2a: Barraskewda|Crunch|p1a: Iron Moth
|-damage|p1a: Iron Moth|0 fnt
|faint|p1a: Iron Moth
|-end|p1a: Iron Moth|Quark Drive|[silent]
|
|-weather|RainDance|[upkeep]
|upkeep
|
|t:|1779643748
|switch|p1a: Landorus|Landorus-Therian, M|39/100
|-ability|p1a: Landorus|Intimidate|boost
|-unboost|p2a: Barraskewda|atk|1
|turn|44
|inactive|knoll91 has 90 seconds left.
|
|t:|1779643756
|move|p2a: Barraskewda|Crunch|p1a: Landorus
|-damage|p1a: Landorus|3/100
|move|p1a: Landorus|Earthquake|p2a: Barraskewda
|-damage|p2a: Barraskewda|0 fnt
|faint|p2a: Barraskewda
|
|-weather|none
|upkeep
|
|t:|1779643768
|switch|p2a: Kingambit|Kingambit, F|99/100
|-activate|p2a: Kingambit|ability: Supreme Overlord
|-start|p2a: Kingambit|fallen3|[silent]
|turn|45
|
|t:|1779643775
|switch|p1a: Slowking|Slowking-Galar, F|92/100
|move|p2a: Kingambit|Swords Dance|p2a: Kingambit
|-boost|p2a: Kingambit|atk|2
|
|-heal|p2a: Kingambit|100/100|[from] item: Leftovers
|upkeep
|turn|46
|
|t:|1779643784
|move|p2a: Kingambit|Kowtow Cleave|p1a: Slowking
|-supereffective|p1a: Slowking
|-damage|p1a: Slowking|0 fnt
|faint|p1a: Slowking
|
|upkeep
|
|t:|1779643790
|switch|p1a: Landorus|Landorus-Therian, M|3/100
|-ability|p1a: Landorus|Intimidate|boost
|-unboost|p2a: Kingambit|atk|1
|turn|47
|
|t:|1779643794
|move|p2a: Kingambit|Sucker Punch|p1a: Landorus
|-damage|p1a: Landorus|0 fnt
|faint|p1a: Landorus
|
|upkeep
|
|t:|1779643799
|switch|p1a: Ogerpon|Ogerpon-Wellspring-Tera, F, tera:Water|46/100
|-ability|p1a: Ogerpon|Embody Aspect (Wellspring)|boost
|-boost|p1a: Ogerpon|spd|1
|turn|48
|
|t:|1779643804
|move|p1a: Ogerpon|Superpower|p2a: Kingambit
|-supereffective|p2a: Kingambit
|-damage|p2a: Kingambit|0 fnt
|-unboost|p1a: Ogerpon|atk|1
|-unboost|p1a: Ogerpon|def|1
|faint|p2a: Kingambit
|-end|p2a: Kingambit|fallen3|[silent]
|
|upkeep
|
|t:|1779643813
|switch|p2a: Politoed|Politoed, F|52/100 frz
|-weather|RainDance|[from] ability: Drizzle|[of] p2a: Politoed
|turn|49
|inactive|knoll91 has 120 seconds left.
|
|t:|1779643834
|move|p1a: Ogerpon|Ivy Cudgel|p2a: Politoed|[anim] Ivy Cudgel Water
|-resisted|p2a: Politoed
|-damage|p2a: Politoed|9/100 frz
|cant|p2a: Politoed|frz
|
|-weather|RainDance|[upkeep]
|upkeep
|turn|50
|inactive|knoll91 has 120 seconds left.
|
|t:|1779643859
|move|p1a: Ogerpon|U-turn|p2a: Politoed
|-damage|p2a: Politoed|0 fnt
|faint|p2a: Politoed
|
|-weather|RainDance|[upkeep]
|upkeep
|
|t:|1779643862
|switch|p2a: Clodsire|Clodsire, F|90/100
|turn|51
|inactive|knoll91 has 120 seconds left.
|
|t:|1779643870
|move|p1a: Ogerpon|Wood Hammer|p2a: Clodsire
|-damage|p2a: Clodsire|42/100
|-damage|p1a: Ogerpon|22/100|[from] Recoil
|move|p2a: Clodsire|Earthquake|p1a: Ogerpon
|-damage|p1a: Ogerpon|0 fnt
|faint|p1a: Ogerpon
|detailschange|p1: Ogerpon|Ogerpon-Wellspring, F|[silent]
|
|win|Titanosaurus
|raw|knoll91's rating: 1418 &rarr; <strong>1398</strong><br />(-20 for losing)
|raw|Titanosaurus's rating: 1417 &rarr; <strong>1437</strong><br />(+20 for winning)
|c|☆Titanosaurus|GG
|l|☆Titanosaurus
|player|p2|
|l|☆knoll91
|player|p1|
