|j|☆prazelt
|j|☆mid0na/vaaty
|t:|1779657225
|gametype|singles
|player|p1|prazelt|red|1091
|player|p2|mid0na/vaaty|cynthia|1128
|gen|9
|tier|[Gen 9] OU
|rated|
|rule|HP Percentage Mod: HP is shown in percentages
|rule|Endless Battle Clause: Forcing endless battles is banned
|rule|Species Clause: Limit one of each Pokémon
|rule|OHKO Clause: OHKO moves are banned
|rule|Evasion Items Clause: Evasion items are banned
|rule|Evasion Moves Clause: Evasion moves are banned
|rule|Evasion Abilities Clause: Evasion abilities are banned
|rule|Sleep Moves Clause: Sleep-inducing moves are banned
|clearpoke
|poke|p1|Staraptor, M|
|poke|p1|Tyranitar, F|
|poke|p1|Lucario, M|
|poke|p1|Milotic, F|
|poke|p1|Hippowdon, M|
|poke|p1|Articuno|
|poke|p2|Garchomp, F|
|poke|p2|Quaquaval, M|
|poke|p2|Moltres|
|poke|p2|Polteageist|
|poke|p2|Espeon, F|
|poke|p2|Scizor, M|
|teampreview
|inactive|Battle timer is ON: inactive players will automatically lose when time's up. (requested by mid0na/vaaty)
|inactive|prazelt also wants the timer to be on.
|
|t:|1779657238
|teamsize|p1|6
|teamsize|p2|6
|start
|switch|p1a: Staraptor|Staraptor, M|100/100
|switch|p2a: Espeon|Espeon, F, shiny|100/100
|turn|1
|
|t:|1779657248
|move|p2a: Espeon|Trick|p1a: Staraptor
|-activate|p2a: Espeon|move: Trick|[of] p1a: Staraptor
|-item|p1a: Staraptor|Black Sludge|[from] move: Trick
|-item|p2a: Espeon|Normal Gem|[from] move: Trick
|move|p1a: Staraptor|Double-Edge|p2a: Espeon
|-damage|p2a: Espeon|0 fnt
|faint|p2a: Espeon
|-damage|p1a: Staraptor|72/100|[from] Recoil
|
|-damage|p1a: Staraptor|59/100|[from] item: Black Sludge
|upkeep
|
|t:|1779657264
|switch|p2a: Polteageist|Polteageist, shiny|100/100
|turn|2
|
|t:|1779657268
|move|p1a: Staraptor|Acrobatics|p2a: Polteageist
|-damage|p2a: Polteageist|49/100
|move|p2a: Polteageist|Calm Mind|p2a: Polteageist
|-boost|p2a: Polteageist|spa|1
|-boost|p2a: Polteageist|spd|1
|
|-damage|p1a: Staraptor|47/100|[from] item: Black Sludge
|upkeep
|turn|3
|
|t:|1779657281
|move|p1a: Staraptor|Acrobatics|p2a: Polteageist
|-damage|p2a: Polteageist|0 fnt
|faint|p2a: Polteageist
|
|-damage|p1a: Staraptor|35/100|[from] item: Black Sludge
|upkeep
|
|t:|1779657290
|switch|p2a: Moltres|Moltres, shiny|100/100
|turn|4
|
|t:|1779657298
|move|p1a: Staraptor|Double-Edge|p2a: Moltres
|-damage|p2a: Moltres|21/100
|-damage|p1a: Staraptor|8/100|[from] Recoil
|move|p2a: Moltres|Roost|p2a: Moltres
|-heal|p2a: Moltres|71/100
|-singleturn|p2a: Moltres|move: Roost
|
|-damage|p1a: Staraptor|0 fnt|[from] item: Black Sludge
|faint|p1a: Staraptor
|-heal|p2a: Moltres|77/100|[from] item: Leftovers
|upkeep
|
|t:|1779657306
|switch|p1a: Tyranitar|Tyranitar, F|100/100
|-weather|Sandstorm|[from] ability: Sand Stream|[of] p1a: Tyranitar
|turn|5
|
|t:|1779657317
|move|p2a: Moltres|U-turn|p1a: Tyranitar
|-supereffective|p1a: Tyranitar
|-damage|p1a: Tyranitar|80/100
|
|t:|1779657328
|switch|p2a: Quaquaval|Quaquaval, M, shiny|100/100|[from] U-turn
|move|p1a: Tyranitar|Curse|p1a: Tyranitar
|-unboost|p1a: Tyranitar|spe|1
|-boost|p1a: Tyranitar|atk|1
|-boost|p1a: Tyranitar|def|1
|-enditem|p1a: Tyranitar|White Herb
|-clearnegativeboost|p1a: Tyranitar|[silent]
|
|-weather|Sandstorm|[upkeep]
|-damage|p2a: Quaquaval|94/100|[from] Sandstorm
|-heal|p2a: Quaquaval|100/100|[from] item: Leftovers
|upkeep
|turn|6
|
|t:|1779657344
|switch|p1a: Hippowdon|Hippowdon, M|100/100
|move|p2a: Quaquaval|Close Combat|p1a: Hippowdon
|-damage|p1a: Hippowdon|56/100
|-unboost|p2a: Quaquaval|def|1
|-unboost|p2a: Quaquaval|spd|1
|
|-weather|Sandstorm|[upkeep]
|-damage|p2a: Quaquaval|94/100|[from] Sandstorm
|-heal|p2a: Quaquaval|100/100|[from] item: Leftovers
|-heal|p1a: Hippowdon|62/100|[from] item: Leftovers
|upkeep
|turn|7
|
|t:|1779657360
|move|p1a: Hippowdon|Protect|p1a: Hippowdon
|-singleturn|p1a: Hippowdon|Protect
|move|p2a: Quaquaval|Flip Turn|p1a: Hippowdon
|-activate|p1a: Hippowdon|move: Protect
|
|-weather|Sandstorm|[upkeep]
|-damage|p2a: Quaquaval|94/100|[from] Sandstorm
|-heal|p2a: Quaquaval|100/100|[from] item: Leftovers
|-heal|p1a: Hippowdon|68/100|[from] item: Leftovers
|upkeep
|turn|8
|
|t:|1779657374
|move|p2a: Quaquaval|Aqua Step|p1a: Hippowdon
|-supereffective|p1a: Hippowdon
|-damage|p1a: Hippowdon|15/100
|-boost|p2a: Quaquaval|spe|1
|move|p1a: Hippowdon|Stone Edge|p2a: Quaquaval
|-resisted|p2a: Quaquaval
|-damage|p2a: Quaquaval|52/100
|
|-weather|Sandstorm|[upkeep]
|-damage|p2a: Quaquaval|46/100|[from] Sandstorm
|-heal|p2a: Quaquaval|52/100|[from] item: Leftovers
|-heal|p1a: Hippowdon|21/100|[from] item: Leftovers
|upkeep
|turn|9
|
|t:|1779657386
|move|p1a: Hippowdon|Protect|p1a: Hippowdon
|-singleturn|p1a: Hippowdon|Protect
|move|p2a: Quaquaval|Roost|p2a: Quaquaval
|-heal|p2a: Quaquaval|100/100
|-singleturn|p2a: Quaquaval|move: Roost
|
|-weather|none
|-heal|p1a: Hippowdon|27/100|[from] item: Leftovers
|upkeep
|turn|10
|
|t:|1779657397
|move|p2a: Quaquaval|Aqua Step|p1a: Hippowdon
|-supereffective|p1a: Hippowdon
|-damage|p1a: Hippowdon|0 fnt
|-boost|p2a: Quaquaval|spe|1
|faint|p1a: Hippowdon
|-ability|p2a: Quaquaval|Moxie|boost
|-boost|p2a: Quaquaval|atk|1
|
|upkeep
|
|t:|1779657405
|switch|p1a: Milotic|Milotic, F|100/100
|turn|11
|
|t:|1779657416
|move|p2a: Quaquaval|Close Combat|p1a: Milotic
|-damage|p1a: Milotic|33/100
|-unboost|p2a: Quaquaval|def|1
|-unboost|p2a: Quaquaval|spd|1
|move|p1a: Milotic|Draining Kiss|p2a: Quaquaval
|-supereffective|p2a: Quaquaval
|-damage|p2a: Quaquaval|38/100
|-heal|p1a: Milotic|70/100|[from] drain|[of] p2a: Quaquaval
|
|-heal|p2a: Quaquaval|44/100|[from] item: Leftovers
|-heal|p1a: Milotic|76/100|[from] item: Leftovers
|upkeep
|turn|12
|
|t:|1779657436
|move|p2a: Quaquaval|Flip Turn|p1a: Milotic
|-resisted|p1a: Milotic
|-damage|p1a: Milotic|61/100
|
|t:|1779657443
|switch|p2a: Scizor|Scizor, M, shiny|100/100|[from] Flip Turn
|move|p1a: Milotic|Draining Kiss|p2a: Scizor
|-resisted|p2a: Scizor
|-damage|p2a: Scizor|92/100
|-heal|p1a: Milotic|66/100|[from] drain|[of] p2a: Scizor
|
|-heal|p1a: Milotic|72/100|[from] item: Leftovers
|upkeep
|turn|13
|
|t:|1779657455
|move|p2a: Scizor|Knock Off|p1a: Milotic
|-damage|p1a: Milotic|45/100
|-enditem|p1a: Milotic|Leftovers|[from] move: Knock Off|[of] p2a: Scizor
|move|p1a: Milotic|Scald|p2a: Scizor
|-damage|p2a: Scizor|52/100
|
|upkeep
|turn|14
|
|t:|1779657463
|move|p2a: Scizor|Trailblaze|p1a: Milotic
|-supereffective|p1a: Milotic
|-damage|p1a: Milotic|4/100
|-boost|p2a: Scizor|spe|1
|move|p1a: Milotic|Recover|p1a: Milotic
|-heal|p1a: Milotic|54/100
|
|upkeep
|turn|15
|
|t:|1779657472
|move|p2a: Scizor|Trailblaze|p1a: Milotic
|-supereffective|p1a: Milotic
|-damage|p1a: Milotic|10/100
|-boost|p2a: Scizor|spe|1
|move|p1a: Milotic|Recover|p1a: Milotic
|-heal|p1a: Milotic|60/100
|
|upkeep
|turn|16
|
|t:|1779657480
|move|p2a: Scizor|Pounce|p1a: Milotic
|-damage|p1a: Milotic|31/100
|-unboost|p1a: Milotic|spe|1
|move|p1a: Milotic|Scald|p2a: Scizor
|-damage|p2a: Scizor|9/100
|-status|p2a: Scizor|brn
|
|-damage|p2a: Scizor|3/100 brn|[from] brn
|upkeep
|turn|17
|
|t:|1779657495
|switch|p1a: Lucario|Lucario, M|100/100
|move|p2a: Scizor|Trailblaze|p1a: Lucario
|-resisted|p1a: Lucario
|-damage|p1a: Lucario|89/100
|-boost|p2a: Scizor|spe|1
|
|-damage|p2a: Scizor|0 fnt|[from] brn
|faint|p2a: Scizor
|upkeep
|
|t:|1779657506
|switch|p2a: Moltres|Moltres, shiny|77/100
|turn|18
|
|t:|1779657514
|switch|p1a: Tyranitar|Tyranitar, F|80/100
|-weather|Sandstorm|[from] ability: Sand Stream|[of] p1a: Tyranitar
|move|p2a: Moltres|Flamethrower|p1a: Tyranitar
|-resisted|p1a: Tyranitar
|-damage|p1a: Tyranitar|66/100
|-status|p1a: Tyranitar|brn
|
|-weather|Sandstorm|[upkeep]
|-damage|p2a: Moltres|71/100|[from] Sandstorm
|-heal|p2a: Moltres|77/100|[from] item: Leftovers
|-damage|p1a: Tyranitar|60/100 brn|[from] brn
|upkeep
|turn|19
|
|t:|1779657529
|move|p2a: Moltres|U-turn|p1a: Tyranitar
|-supereffective|p1a: Tyranitar
|-damage|p1a: Tyranitar|37/100 brn
|
|t:|1779657533
|switch|p2a: Quaquaval|Quaquaval, M, shiny|44/100|[from] U-turn
|move|p1a: Tyranitar|Crunch|p2a: Quaquaval
|-resisted|p2a: Quaquaval
|-damage|p2a: Quaquaval|30/100
|
|-weather|Sandstorm|[upkeep]
|-damage|p2a: Quaquaval|24/100|[from] Sandstorm
|-heal|p2a: Quaquaval|30/100|[from] item: Leftovers
|-damage|p1a: Tyranitar|31/100 brn|[from] brn
|upkeep
|turn|20
|
|t:|1779657545
|move|p2a: Quaquaval|Roost|p2a: Quaquaval
|-heal|p2a: Quaquaval|80/100
|-singleturn|p2a: Quaquaval|move: Roost
|move|p1a: Tyranitar|Stealth Rock|p2a: Quaquaval
|-sidestart|p2: mid0na/vaaty|move: Stealth Rock
|
|-weather|Sandstorm|[upkeep]
|-damage|p2a: Quaquaval|74/100|[from] Sandstorm
|-heal|p2a: Quaquaval|80/100|[from] item: Leftovers
|-damage|p1a: Tyranitar|25/100 brn|[from] brn
|upkeep
|turn|21
|
|t:|1779657565
|switch|p1a: Articuno|Articuno|100/100
|-ability|p1a: Articuno|Pressure
|move|p2a: Quaquaval|Aqua Step|p1a: Articuno
|-damage|p1a: Articuno|57/100
|-boost|p2a: Quaquaval|spe|1
|
|-weather|Sandstorm|[upkeep]
|-damage|p2a: Quaquaval|74/100|[from] Sandstorm
|-damage|p1a: Articuno|50/100|[from] Sandstorm
|-heal|p2a: Quaquaval|80/100|[from] item: Leftovers
|upkeep
|turn|22
|
|t:|1779657578
|move|p2a: Quaquaval|Aqua Step|p1a: Articuno
|-damage|p1a: Articuno|3/100
|-boost|p2a: Quaquaval|spe|1
|move|p1a: Articuno|Freeze-Dry|p2a: Quaquaval
|-supereffective|p2a: Quaquaval
|-damage|p2a: Quaquaval|4/100
|
|-weather|none
|-heal|p2a: Quaquaval|10/100|[from] item: Leftovers
|upkeep
|turn|23
|
|t:|1779657591
|move|p2a: Quaquaval|Aqua Step|p1a: Articuno
|-damage|p1a: Articuno|0 fnt
|-boost|p2a: Quaquaval|spe|1
|faint|p1a: Articuno
|-ability|p2a: Quaquaval|Moxie|boost
|-boost|p2a: Quaquaval|atk|1
|
|-heal|p2a: Quaquaval|16/100|[from] item: Leftovers
|upkeep
|
|t:|1779657594
|switch|p1a: Lucario|Lucario, M|89/100
|turn|24
|
|t:|1779657612
|switch|p2a: Moltres|Moltres, shiny|77/100
|-damage|p2a: Moltres|27/100|[from] Stealth Rock
|-terastallize|p1a: Lucario|Fighting
|move|p1a: Lucario|Vacuum Wave|p2a: Moltres
|-resisted|p2a: Moltres
|-damage|p2a: Moltres|13/100
|
|-heal|p2a: Moltres|19/100|[from] item: Leftovers
|upkeep
|turn|25
|
|t:|1779657629
|move|p1a: Lucario|Nasty Plot|p1a: Lucario
|-boost|p1a: Lucario|spa|2
|move|p2a: Moltres|Roost|p2a: Moltres
|-heal|p2a: Moltres|69/100
|-singleturn|p2a: Moltres|move: Roost
|
|-heal|p2a: Moltres|75/100|[from] item: Leftovers
|upkeep
|turn|26
|
|t:|1779657642
|move|p1a: Lucario|Shadow Ball|p2a: Moltres
|-damage|p2a: Moltres|15/100
|move|p2a: Moltres|Flamethrower|p1a: Lucario
|-damage|p1a: Lucario|14/100
|-enditem|p1a: Lucario|Salac Berry|[eat]
|-boost|p1a: Lucario|spe|1|[from] item: Salac Berry
|
|-heal|p2a: Moltres|21/100|[from] item: Leftovers
|upkeep
|turn|27
|
|t:|1779657654
|move|p1a: Lucario|Shadow Ball|p2a: Moltres
|-damage|p2a: Moltres|0 fnt
|faint|p2a: Moltres
|
|upkeep
|
|t:|1779657665
|switch|p2a: Garchomp|Garchomp, F, shiny|100/100
|-damage|p2a: Garchomp|94/100|[from] Stealth Rock
|turn|28
|
|t:|1779657672
|move|p1a: Lucario|Flash Cannon|p2a: Garchomp
|-damage|p2a: Garchomp|11/100
|move|p2a: Garchomp|Scale Shot|p1a: Lucario
|-damage|p1a: Lucario|0 fnt
|faint|p1a: Lucario
|-hitcount|p1: Lucario|1
|-unboost|p2a: Garchomp|def|1
|-boost|p2a: Garchomp|spe|1
|
|upkeep
|
|t:|1779657680
|switch|p1a: Milotic|Milotic, F|31/100
|turn|29
|
|t:|1779657690
|move|p2a: Garchomp|Earthquake|p1a: Milotic
|-damage|p1a: Milotic|0 fnt
|faint|p1a: Milotic
|
|upkeep
|-message|prazelt forfeited.
|
|win|mid0na/vaaty
|raw|prazelt's rating: 1091 &rarr; <strong>1070</strong><br />(-21 for losing)
|raw|mid0na&#x2f;vaaty's rating: 1128 &rarr; <strong>1150</strong><br />(+22 for winning)
|l|☆prazelt
|player|p1|
