|j|☆cantbeatmelol
|j|☆Nickthenickthenick
|t:|1779607005
|gametype|singles
|player|p1|cantbeatmelol|dawn|1224
|player|p2|Nickthenickthenick|2|1287
|gen|9
|tier|[Gen 9] OU
|rated|
|rule|HP Percentage Mod: HP is shown in percentages
|rule|Endless Battle Clause: Forcing endless battles is banned
|rule|Species Clause: Limit one of each Pokémon
|rule|OHKO Clause: OHKO moves are banned
|rule|Evasion Items Clause: Evasion items are banned
|rule|Evasion Moves Clause: Evasion moves are banned
|rule|Evasion Abilities Clause: Evasion abilities are banned
|rule|Sleep Moves Clause: Sleep-inducing moves are banned
|clearpoke
|poke|p1|Dragonite, F|
|poke|p1|Conkeldurr, F|
|poke|p1|Gholdengo|
|poke|p1|Zapdos|
|poke|p1|Iron Moth|
|poke|p1|Greninja-*, M|
|poke|p2|Raikou|
|poke|p2|Entei|
|poke|p2|Suicune|
|poke|p2|Tyranitar, F|
|poke|p2|Porygon2|
|poke|p2|Espeon, F|
|teampreview
|inactive|Battle timer is ON: inactive players will automatically lose when time's up. (requested by cantbeatmelol)
|
|t:|1779607022
|teamsize|p1|6
|teamsize|p2|6
|start
|switch|p1a: Conkeldurr|Conkeldurr, F|100/100
|switch|p2a: Raikou|Raikou|100/100
|-ability|p2a: Raikou|Pressure
|turn|1
|c|☆cantbeatmelol|johto fanboy
|
|t:|1779607034
|move|p2a: Raikou|Discharge|p1a: Conkeldurr
|-damage|p1a: Conkeldurr|57/100
|move|p1a: Conkeldurr|Knock Off|p2a: Raikou
|-damage|p2a: Raikou|51/100
|-enditem|p2a: Raikou|Leftovers|[from] move: Knock Off|[of] p1a: Conkeldurr
|
|-status|p1a: Conkeldurr|brn|[from] item: Flame Orb
|upkeep
|turn|2
|
|t:|1779607042
|move|p1a: Conkeldurr|Mach Punch|p2a: Raikou
|-damage|p2a: Raikou|6/100
|move|p2a: Raikou|Discharge|p1a: Conkeldurr
|-damage|p1a: Conkeldurr|12/100 brn
|
|-damage|p1a: Conkeldurr|6/100 brn|[from] brn
|upkeep
|turn|3
|
|t:|1779607052
|switch|p2a: Porygon2|Porygon2|100/100
|-ability|p2a: Porygon2|Guts|Trace|[from] ability: Trace|[of] p1a: Conkeldurr
|move|p1a: Conkeldurr|Knock Off|p2a: Porygon2
|-damage|p2a: Porygon2|71/100
|-enditem|p2a: Porygon2|Eviolite|[from] move: Knock Off|[of] p1a: Conkeldurr
|
|-damage|p1a: Conkeldurr|0 fnt|[from] brn
|faint|p1a: Conkeldurr
|upkeep
|c|☆Nickthenickthenick|mm wierd
|
|t:|1779607067
|switch|p1a: Dragonite|Dragonite, F|100/100
|turn|4
|
|t:|1779607078
|move|p1a: Dragonite|Dragon Dance|p1a: Dragonite
|-boost|p1a: Dragonite|atk|1
|-boost|p1a: Dragonite|spe|1
|move|p2a: Porygon2|Ice Beam|p1a: Dragonite
|-supereffective|p1a: Dragonite
|-damage|p1a: Dragonite|55/100
|
|upkeep
|turn|5
|
|t:|1779607086
|move|p1a: Dragonite|Scale Shot|p2a: Porygon2
|-damage|p2a: Porygon2|56/100
|-damage|p2a: Porygon2|39/100
|-damage|p2a: Porygon2|23/100
|-damage|p2a: Porygon2|7/100
|-hitcount|p2a: Porygon2|4
|-unboost|p1a: Dragonite|def|1
|-boost|p1a: Dragonite|spe|1
|move|p2a: Porygon2|Ice Beam|p1a: Dragonite
|-supereffective|p1a: Dragonite
|-damage|p1a: Dragonite|0 fnt
|faint|p1a: Dragonite
|
|upkeep
|
|t:|1779607100
|switch|p1a: Greninja|Greninja, M|100/100
|turn|6
|
|t:|1779607111
|switch|p2a: Suicune|Suicune|100/100
|-ability|p2a: Suicune|Pressure
|move|p1a: Greninja|Dark Pulse|p2a: Suicune
|-damage|p2a: Suicune|82/100
|
|-heal|p2a: Suicune|89/100|[from] item: Leftovers
|upkeep
|turn|7
|c|☆cantbeatmelol|let the porygon go
|
|t:|1779607121
|-terastallize|p1a: Greninja|Poison
|move|p1a: Greninja|Sludge Wave|p2a: Suicune
|-damage|p2a: Suicune|66/100
|move|p2a: Suicune|Calm Mind|p2a: Suicune
|-boost|p2a: Suicune|spa|1
|-boost|p2a: Suicune|spd|1
|
|-heal|p2a: Suicune|72/100|[from] item: Leftovers
|upkeep
|turn|8
|c|☆cantbeatmelol|how is everything so bulky
|
|t:|1779607137
|switch|p1a: Zapdos|Zapdos|100/100
|-terastallize|p2a: Suicune|Steel
|move|p2a: Suicune|Substitute|p2a: Suicune
|-start|p2a: Suicune|Substitute
|-damage|p2a: Suicune|47/100
|
|-heal|p2a: Suicune|53/100|[from] item: Leftovers
|upkeep
|turn|9
|
|t:|1779607145
|move|p1a: Zapdos|Heat Wave|p2a: Suicune
|-supereffective|p2a: Suicune
|-activate|p2a: Suicune|move: Substitute|[damage]
|move|p2a: Suicune|Calm Mind|p2a: Suicune
|-boost|p2a: Suicune|spa|1
|-boost|p2a: Suicune|spd|1
|
|-heal|p2a: Suicune|59/100|[from] item: Leftovers
|upkeep
|turn|10
|c|☆Nickthenickthenick|good question
|c|☆cantbeatmelol|wtf lmaoo
|
|t:|1779607155
|move|p1a: Zapdos|Heat Wave|p2a: Suicune
|-supereffective|p2a: Suicune
|-end|p2a: Suicune|Substitute
|move|p2a: Suicune|Calm Mind|p2a: Suicune
|-boost|p2a: Suicune|spa|1
|-boost|p2a: Suicune|spd|1
|
|-heal|p2a: Suicune|65/100|[from] item: Leftovers
|upkeep
|turn|11
|c|☆cantbeatmelol|ayo chilll
|
|t:|1779607163
|move|p1a: Zapdos|Heat Wave|p2a: Suicune|[miss]
|-miss|p1a: Zapdos|p2a: Suicune
|move|p2a: Suicune|Substitute|p2a: Suicune
|-start|p2a: Suicune|Substitute
|-damage|p2a: Suicune|40/100
|
|-heal|p2a: Suicune|47/100|[from] item: Leftovers
|upkeep
|turn|12
|
|t:|1779607170
|move|p1a: Zapdos|Heat Wave|p2a: Suicune
|-supereffective|p2a: Suicune
|-activate|p2a: Suicune|move: Substitute|[damage]
|move|p2a: Suicune|Ice Beam|p1a: Zapdos
|-supereffective|p1a: Zapdos
|-damage|p1a: Zapdos|4/100
|
|-heal|p1a: Zapdos|10/100|[from] item: Leftovers
|-heal|p2a: Suicune|53/100|[from] item: Leftovers
|upkeep
|turn|13
|-message|cantbeatmelol forfeited.
|
|win|Nickthenickthenick
|raw|cantbeatmelol's rating: 1224 &rarr; <strong>1203</strong><br />(-21 for losing)
|raw|Nickthenickthenick's rating: 1287 &rarr; <strong>1308</strong><br />(+21 for winning)
|l|☆cantbeatmelol
|player|p1|
|c|☆Nickthenickthenick|gg
|l|☆Nickthenickthenick
|player|p2|
