|j|☆NoobishTrainerJoe
|j|☆mieldrain
|t:|1779620663
|gametype|singles
|player|p1|NoobishTrainerJoe|266|1586
|player|p2|mieldrain|lady-gen4|1700
|gen|9
|tier|[Gen 9] OU
|rated|
|rule|HP Percentage Mod: HP is shown in percentages
|rule|Endless Battle Clause: Forcing endless battles is banned
|rule|Species Clause: Limit one of each Pokémon
|rule|OHKO Clause: OHKO moves are banned
|rule|Evasion Items Clause: Evasion items are banned
|rule|Evasion Moves Clause: Evasion moves are banned
|rule|Evasion Abilities Clause: Evasion abilities are banned
|rule|Sleep Moves Clause: Sleep-inducing moves are banned
|clearpoke
|poke|p1|Greninja-*, M|
|poke|p1|Pelipper, M|
|poke|p1|Regieleki|
|poke|p1|Primarina, F|
|poke|p1|Iron Treads|
|poke|p1|Kingambit, F|
|poke|p2|Samurott-Hisui, F|
|poke|p2|Iron Valiant|
|poke|p2|Pecharunt|
|poke|p2|Reuniclus, F|
|poke|p2|Darkrai|
|poke|p2|Kingambit, F|
|teampreview
|inactive|Battle timer is ON: inactive players will automatically lose when time's up. (requested by mieldrain)
|
|t:|1779620675
|teamsize|p1|6
|teamsize|p2|6
|start
|switch|p1a: Regieleki|Regieleki|100/100
|switch|p2a: Kingambit|Kingambit, F|100/100
|-item|p2a: Kingambit|Air Balloon
|turn|1
|
|t:|1779620678
|move|p2a: Kingambit|Sucker Punch|p1a: Regieleki
|-damage|p1a: Regieleki|25/100
|move|p1a: Regieleki|Volt Switch|p2a: Kingambit
|-damage|p2a: Kingambit|55/100
|-enditem|p2a: Kingambit|Air Balloon
|
|t:|1779620682
|switch|p1a: Iron Treads|Iron Treads|100/100|[from] Volt Switch
|
|upkeep
|turn|2
|
|t:|1779620689
|-end|p1a: Iron Treads|Quark Drive|[silent]
|switch|p1a: Primarina|Primarina, F|100/100
|move|p2a: Kingambit|Low Kick|p1a: Primarina
|-resisted|p1a: Primarina
|-damage|p1a: Primarina|87/100
|
|upkeep
|turn|3
|
|t:|1779620702
|-end|p2a: Kingambit|fallenundefined|[silent]
|switch|p2a: Pecharunt|Pecharunt|100/100
|move|p1a: Primarina|Moonblast|p2a: Pecharunt
|-resisted|p2a: Pecharunt
|-damage|p2a: Pecharunt|51/100
|
|upkeep
|turn|4
|
|t:|1779620710
|switch|p1a: Iron Treads|Iron Treads|100/100
|move|p2a: Pecharunt|Recover|p2a: Pecharunt
|-heal|p2a: Pecharunt|100/100
|
|upkeep
|turn|5
|
|t:|1779620715
|move|p2a: Pecharunt|Shadow Ball|p1a: Iron Treads
|-damage|p1a: Iron Treads|65/100
|move|p1a: Iron Treads|Stealth Rock|p2a: Pecharunt
|-sidestart|p2: mieldrain|move: Stealth Rock
|
|-heal|p1a: Iron Treads|71/100|[from] item: Leftovers
|upkeep
|turn|6
|
|t:|1779620721
|move|p2a: Pecharunt|Shadow Ball|p1a: Iron Treads
|-damage|p1a: Iron Treads|40/100
|move|p1a: Iron Treads|Knock Off|p2a: Pecharunt
|-supereffective|p2a: Pecharunt
|-damage|p2a: Pecharunt|65/100
|-enditem|p2a: Pecharunt|Shuca Berry|[from] move: Knock Off|[of] p1a: Iron Treads
|
|-heal|p1a: Iron Treads|46/100|[from] item: Leftovers
|upkeep
|turn|7
|
|t:|1779620732
|switch|p2a: Samurott|Samurott-Hisui, F|100/100
|-damage|p2a: Samurott|88/100|[from] Stealth Rock
|move|p1a: Iron Treads|Earthquake|p2a: Samurott
|-damage|p2a: Samurott|38/100
|
|-heal|p1a: Iron Treads|53/100|[from] item: Leftovers
|upkeep
|turn|8
|
|t:|1779620739
|move|p1a: Iron Treads|Earthquake|p2a: Samurott
|-damage|p2a: Samurott|0 fnt
|faint|p2a: Samurott
|
|-heal|p1a: Iron Treads|59/100|[from] item: Leftovers
|upkeep
|c|☆mieldrain|how can you be faster and take 30%
|
|t:|1779620764
|switch|p2a: Iron Valiant|Iron Valiant|100/100
|-damage|p2a: Iron Valiant|94/100|[from] Stealth Rock
|-enditem|p2a: Iron Valiant|Booster Energy
|-activate|p2a: Iron Valiant|ability: Quark Drive|[fromitem]
|-start|p2a: Iron Valiant|quarkdrivespe
|turn|9
|j| ueyr76
|c|☆NoobishTrainerJoe|It’s just evs
|c|☆NoobishTrainerJoe|Nothing crazy
|j| Concept Everything
|inactive|NoobishTrainerJoe has 120 seconds left.
|
|t:|1779620805
|move|p2a: Iron Valiant|Close Combat|p1a: Iron Treads
|-supereffective|p1a: Iron Treads
|-damage|p1a: Iron Treads|0 fnt
|-unboost|p2a: Iron Valiant|def|1
|-unboost|p2a: Iron Valiant|spd|1
|faint|p1a: Iron Treads
|-end|p1a: Iron Treads|Quark Drive|[silent]
|
|upkeep
|
|t:|1779620808
|switch|p1a: Primarina|Primarina, F|87/100
|turn|10
|j| chillncurry
|inactive|NoobishTrainerJoe has 120 seconds left.
|
|t:|1779620814
|move|p2a: Iron Valiant|Close Combat|p1a: Primarina
|-resisted|p1a: Primarina
|-crit|p1a: Primarina
|-damage|p1a: Primarina|34/100
|-unboost|p2a: Iron Valiant|def|1
|-unboost|p2a: Iron Valiant|spd|1
|move|p1a: Primarina|Surf|p2a: Iron Valiant
|-damage|p2a: Iron Valiant|0 fnt
|faint|p2a: Iron Valiant
|-end|p2a: Iron Valiant|Quark Drive|[silent]
|
|upkeep
|
|t:|1779620821
|switch|p2a: Pecharunt|Pecharunt|65/100
|-damage|p2a: Pecharunt|53/100|[from] Stealth Rock
|turn|11
|
|t:|1779620828
|switch|p1a: Kingambit|Kingambit, F|100/100
|-activate|p1a: Kingambit|ability: Supreme Overlord
|-start|p1a: Kingambit|fallen1|[silent]
|move|p2a: Pecharunt|Malignant Chain|p1a: Kingambit
|-immune|p1a: Kingambit
|
|upkeep
|turn|12
|
|t:|1779620837
|switch|p2a: Kingambit|Kingambit, F|55/100
|-damage|p2a: Kingambit|49/100|[from] Stealth Rock
|-activate|p2a: Kingambit|ability: Supreme Overlord
|-start|p2a: Kingambit|fallen2|[silent]
|move|p1a: Kingambit|Swords Dance|p1a: Kingambit
|-boost|p1a: Kingambit|atk|2
|
|upkeep
|turn|13
|
|t:|1779620848
|-terastallize|p1a: Kingambit|Ghost
|move|p2a: Kingambit|Low Kick|p1a: Kingambit
|-immune|p1a: Kingambit
|move|p1a: Kingambit|Kowtow Cleave|p2a: Kingambit
|-resisted|p2a: Kingambit
|-damage|p2a: Kingambit|0 fnt
|faint|p2a: Kingambit
|-end|p2a: Kingambit|fallen2|[silent]
|
|upkeep
|
|t:|1779620851
|switch|p2a: Darkrai|Darkrai|100/100
|-damage|p2a: Darkrai|88/100|[from] Stealth Rock
|turn|14
|
|t:|1779620857
|move|p1a: Kingambit|Sucker Punch|p2a: Darkrai
|-resisted|p2a: Darkrai
|-damage|p2a: Darkrai|24/100
|move|p2a: Darkrai|Dark Pulse|p1a: Kingambit
|-supereffective|p1a: Kingambit
|-damage|p1a: Kingambit|0 fnt
|faint|p1a: Kingambit
|-end|p1a: Kingambit|fallen1|[silent]
|
|upkeep
|
|t:|1779620861
|switch|p1a: Regieleki|Regieleki|25/100
|turn|15
|
|t:|1779620863
|move|p2a: Darkrai|Sucker Punch|p1a: Regieleki
|-damage|p1a: Regieleki|0 fnt
|faint|p1a: Regieleki
|
|upkeep
|c|☆NoobishTrainerJoe|Oh
|c|☆NoobishTrainerJoe|forgot it gets that
|
|t:|1779620889
|switch|p1a: Pelipper|Pelipper, M|100/100
|-weather|RainDance|[from] ability: Drizzle|[of] p1a: Pelipper
|turn|16
|
|t:|1779620892
|move|p2a: Darkrai|Dark Pulse|p1a: Pelipper
|-damage|p1a: Pelipper|26/100
|move|p1a: Pelipper|U-turn|p2a: Darkrai
|-supereffective|p2a: Darkrai
|-damage|p2a: Darkrai|0 fnt
|faint|p2a: Darkrai
|
|t:|1779620896
|switch|p1a: Greninja|Greninja, M|100/100|[from] U-turn
|
|-weather|RainDance|[upkeep]
|upkeep
|
|t:|1779620900
|switch|p2a: Reuniclus|Reuniclus, F|100/100
|turn|17
|
|t:|1779620904
|-terastallize|p2a: Reuniclus|Fighting
|move|p1a: Greninja|Switcheroo|p2a: Reuniclus
|-activate|p1a: Greninja|move: Trick|[of] p2a: Reuniclus
|-item|p2a: Reuniclus|Choice Specs|[from] move: Switcheroo
|-item|p1a: Greninja|Life Orb|[from] move: Switcheroo
|move|p2a: Reuniclus|Trick Room|p2a: Reuniclus
|-fieldstart|move: Trick Room|[of] p2a: Reuniclus
|
|-weather|RainDance|[upkeep]
|upkeep
|turn|18
|
|t:|1779620912
|switch|p2a: Pecharunt|Pecharunt|53/100
|-damage|p2a: Pecharunt|41/100|[from] Stealth Rock
|move|p1a: Greninja|Surf|p2a: Pecharunt
|-damage|p2a: Pecharunt|0 fnt
|faint|p2a: Pecharunt
|-ability|p1a: Greninja|Battle Bond|boost
|-boost|p1a: Greninja|atk|1
|-boost|p1a: Greninja|spa|1
|-boost|p1a: Greninja|spe|1
|-activate|p1a: Greninja|ability: Battle Bond
|-damage|p1a: Greninja|91/100|[from] item: Life Orb
|
|-weather|RainDance|[upkeep]
|upkeep
|
|t:|1779620914
|switch|p2a: Reuniclus|Reuniclus, F, tera:Fighting|100/100
|turn|19
|c|☆mieldrain|gg
|-message|mieldrain forfeited.
|
|win|NoobishTrainerJoe
|raw|NoobishTrainerJoe's rating: 1586 &rarr; <strong>1612</strong><br />(+26 for winning)
|raw|mieldrain's rating: 1700 &rarr; <strong>1674</strong><br />(-26 for losing)
|l|☆mieldrain
|player|p2|
|c|☆NoobishTrainerJoe|Oop
|l|☆NoobishTrainerJoe
|player|p1|
|l| ueyr76
|l| Concept Everything
|l| chillncurry
