|j|☆YonexMiku
|j|☆maizhelun111
|t:|1779714518
|gametype|singles
|player|p1|YonexMiku|elesa-masters|1310
|player|p2|maizhelun111|169|1264
|gen|9
|tier|[Gen 9] OU
|rated|
|rule|HP Percentage Mod: HP is shown in percentages
|rule|Endless Battle Clause: Forcing endless battles is banned
|rule|Species Clause: Limit one of each Pokémon
|rule|OHKO Clause: OHKO moves are banned
|rule|Evasion Items Clause: Evasion items are banned
|rule|Evasion Moves Clause: Evasion moves are banned
|rule|Evasion Abilities Clause: Evasion abilities are banned
|rule|Sleep Moves Clause: Sleep-inducing moves are banned
|clearpoke
|poke|p1|Gliscor, M|
|poke|p1|Heatran, M|
|poke|p1|Sinistcha|
|poke|p1|Corviknight, F|
|poke|p1|Tentacruel, F|
|poke|p1|Darkrai|
|poke|p2|Alcremie-Rainbow-Swirl, F|
|poke|p2|Alomomola, F|
|poke|p2|Corviknight, F|
|poke|p2|Hoopa-Unbound|
|poke|p2|Ogerpon, F|
|poke|p2|Clodsire, M|
|teampreview
|inactive|Battle timer is ON: inactive players will automatically lose when time's up. (requested by YonexMiku)
|
|t:|1779714544
|teamsize|p1|6
|teamsize|p2|6
|start
|switch|p1a: The Squiddler|Tentacruel, F, shiny|100/100
|switch|p2a: Ogerpon|Ogerpon, F|100/100
|turn|1
|
|t:|1779714549
|move|p2a: Ogerpon|U-turn|p1a: The Squiddler
|-resisted|p1a: The Squiddler
|-damage|p1a: The Squiddler|83/100
|
|t:|1779714566
|switch|p2a: Clodsire|Clodsire, M|100/100|[from] U-turn
|move|p1a: The Squiddler|Sludge Bomb|p2a: Clodsire
|-resisted|p2a: Clodsire
|-damage|p2a: Clodsire|96/100
|
|upkeep
|turn|2
|inactive|YonexMiku has 120 seconds left.
|
|t:|1779714614
|move|p1a: The Squiddler|Surf|p2a: Clodsire
|-supereffective|p2a: Clodsire
|-damage|p2a: Clodsire|60/100
|move|p2a: Clodsire|Stealth Rock|p1a: The Squiddler
|-sidestart|p1: YonexMiku|move: Stealth Rock
|
|upkeep
|turn|3
|
|t:|1779714623
|move|p1a: The Squiddler|Knock Off|p2a: Clodsire
|-damage|p2a: Clodsire|44/100
|-enditem|p2a: Clodsire|Heavy-Duty Boots|[from] move: Knock Off|[of] p1a: The Squiddler
|move|p2a: Clodsire|Recover|p2a: Clodsire
|-heal|p2a: Clodsire|94/100
|
|upkeep
|turn|4
|inactive|YonexMiku has 120 seconds left.
|
|t:|1779714629
|move|p1a: The Squiddler|Rapid Spin|p2a: Clodsire
|-damage|p2a: Clodsire|85/100
|-boost|p1a: The Squiddler|spe|1
|-sideend|p1: YonexMiku|Stealth Rock|[from] move: Rapid Spin|[of] p1a: The Squiddler
|move|p2a: Clodsire|Earthquake|p1a: The Squiddler
|-supereffective|p1a: The Squiddler
|-damage|p1a: The Squiddler|1/100
|
|upkeep
|turn|5
|
|t:|1779714636
|switch|p1a: Charlie Kirsch|Sinistcha|100/100
|move|p2a: Clodsire|Poison Jab|p1a: Charlie Kirsch
|-damage|p1a: Charlie Kirsch|85/100
|
|upkeep
|turn|6
|
|t:|1779714643
|switch|p1a: Gliskibidi|Gliscor, M|100/100
|move|p2a: Clodsire|Poison Jab|p1a: Gliskibidi
|-resisted|p1a: Gliskibidi
|-damage|p1a: Gliskibidi|92/100
|
|-status|p1a: Gliskibidi|tox|[from] item: Toxic Orb
|upkeep
|turn|7
|
|t:|1779714653
|switch|p2a: Corviknight|Corviknight, F|100/100
|-ability|p2a: Corviknight|Pressure
|move|p1a: Gliskibidi|Spikes|p2a: Corviknight
|-sidestart|p2: maizhelun111|Spikes
|
|-heal|p1a: Gliskibidi|100/100 tox|[from] ability: Poison Heal
|upkeep
|turn|8
|
|t:|1779714660
|move|p1a: Gliskibidi|Knock Off|p2a: Corviknight
|-damage|p2a: Corviknight|87/100
|-damage|p1a: Gliskibidi|84/100 tox|[from] item: Rocky Helmet|[of] p2a: Corviknight
|-enditem|p2a: Corviknight|Rocky Helmet|[from] move: Knock Off|[of] p1a: Gliskibidi
|move|p2a: Corviknight|Defog|p1a: Gliskibidi
|-unboost|p1a: Gliskibidi|evasion|1
|-sideend|p2: maizhelun111|Spikes|[from] move: Defog|[of] p2a: Corviknight
|
|-heal|p1a: Gliskibidi|97/100 tox|[from] ability: Poison Heal
|upkeep
|turn|9
|
|t:|1779714666
|switch|p1a: Hephaepstein|Heatran, M|100/100
|move|p2a: Corviknight|U-turn|p1a: Hephaepstein
|-resisted|p1a: Hephaepstein
|-damage|p1a: Hephaepstein|98/100
|
|t:|1779714674
|switch|p2a: Alomomola|Alomomola, F|100/100|[from] U-turn
|
|-heal|p1a: Hephaepstein|100/100|[from] item: Leftovers
|upkeep
|turn|10
|
|t:|1779714680
|move|p1a: Hephaepstein|Stealth Rock|p2a: Alomomola
|-sidestart|p2: maizhelun111|move: Stealth Rock
|move|p2a: Alomomola|Flip Turn|p1a: Hephaepstein
|-supereffective|p1a: Hephaepstein
|-damage|p1a: Hephaepstein|73/100
|
|t:|1779714690
|switch|p2a: Hoopa|Hoopa-Unbound|100/100|[from] Flip Turn
|-damage|p2a: Hoopa|88/100|[from] Stealth Rock
|
|-heal|p1a: Hephaepstein|79/100|[from] item: Leftovers
|upkeep
|turn|11
|
|t:|1779714697
|switch|p1a: Gliskibidi|Gliscor, M|97/100 tox
|move|p2a: Hoopa|Drain Punch|p1a: Gliskibidi
|-resisted|p1a: Gliskibidi
|-damage|p1a: Gliskibidi|87/100 tox
|-heal|p2a: Hoopa|93/100|[from] drain|[of] p1a: Gliskibidi
|
|-heal|p1a: Gliskibidi|99/100 tox|[from] ability: Poison Heal
|upkeep
|turn|12
|
|t:|1779714708
|move|p1a: Gliskibidi|Knock Off|p2a: Hoopa
|-damage|p2a: Hoopa|67/100
|-enditem|p2a: Hoopa|Assault Vest|[from] move: Knock Off|[of] p1a: Gliskibidi
|move|p2a: Hoopa|Psychic Noise|p1a: Gliskibidi
|-damage|p1a: Gliskibidi|55/100 tox
|-start|p1a: Gliskibidi|move: Heal Block
|-item|p2a: Hoopa|Toxic Orb|[from] ability: Magician|[of] p1a: Gliskibidi
|
|-status|p2a: Hoopa|tox|[from] item: Toxic Orb
|upkeep
|turn|13
|
|t:|1779714719
|switch|p1a: Hephaepstein|Heatran, M|79/100
|move|p2a: Hoopa|Psychic Noise|p1a: Hephaepstein
|-resisted|p1a: Hephaepstein
|-damage|p1a: Hephaepstein|63/100
|-start|p1a: Hephaepstein|move: Heal Block
|
|-damage|p2a: Hoopa|61/100 tox|[from] psn
|upkeep
|turn|14
|
|t:|1779714744
|move|p1a: Hephaepstein|Magma Storm|p2a: Hoopa
|-crit|p2a: Hoopa
|-damage|p2a: Hoopa|13/100 tox
|-activate|p2a: Hoopa|move: Magma Storm|[of] p1a: Hephaepstein
|move|p2a: Hoopa|Drain Punch|p1a: Hephaepstein
|-supereffective|p1a: Hephaepstein
|-damage|p1a: Hephaepstein|23/100
|-heal|p2a: Hoopa|35/100 tox|[from] drain|[of] p1a: Hephaepstein
|
|-damage|p2a: Hoopa|23/100 tox|[from] psn
|-damage|p2a: Hoopa|10/100 tox|[from] move: Magma Storm|[partiallytrapped]
|-end|p1a: Hephaepstein|move: Heal Block
|upkeep
|turn|15
|inactive|YonexMiku has 120 seconds left.
|
|t:|1779714766
|switch|p1a: MEGA KNIGHT|Corviknight, F|100/100
|-ability|p1a: MEGA KNIGHT|Pressure
|move|p2a: Hoopa|Knock Off|p1a: MEGA KNIGHT
|-damage|p1a: MEGA KNIGHT|72/100
|-damage|p2a: Hoopa|0 fnt|[from] item: Rocky Helmet|[of] p1a: MEGA KNIGHT
|faint|p2a: Hoopa
|
|upkeep
|
|t:|1779714787
|switch|p2a: Alcremie|Alcremie-Rainbow-Swirl, F|100/100
|-damage|p2a: Alcremie|88/100|[from] Stealth Rock
|turn|16
|
|t:|1779714792
|move|p1a: MEGA KNIGHT|U-turn|p2a: Alcremie
|-resisted|p2a: Alcremie
|-damage|p2a: Alcremie|82/100
|
|t:|1779714795
|switch|p1a: Hephaepstein|Heatran, M|23/100|[from] U-turn
|move|p2a: Alcremie|Calm Mind|p2a: Alcremie
|-boost|p2a: Alcremie|spa|1
|-boost|p2a: Alcremie|spd|1
|
|-heal|p1a: Hephaepstein|29/100|[from] item: Leftovers
|-heal|p2a: Alcremie|88/100|[from] item: Leftovers
|upkeep
|turn|17
|
|t:|1779714801
|-terastallize|p2a: Alcremie|Poison
|move|p1a: Hephaepstein|Magma Storm|p2a: Alcremie
|-damage|p2a: Alcremie|64/100
|-activate|p2a: Alcremie|move: Magma Storm|[of] p1a: Hephaepstein
|move|p2a: Alcremie|Calm Mind|p2a: Alcremie
|-boost|p2a: Alcremie|spa|1
|-boost|p2a: Alcremie|spd|1
|
|-heal|p1a: Hephaepstein|35/100|[from] item: Leftovers
|-heal|p2a: Alcremie|70/100|[from] item: Leftovers
|-damage|p2a: Alcremie|58/100|[from] move: Magma Storm|[partiallytrapped]
|upkeep
|turn|18
|
|t:|1779714809
|move|p1a: Hephaepstein|Earth Power|p2a: Alcremie
|-supereffective|p2a: Alcremie
|-damage|p2a: Alcremie|35/100
|move|p2a: Alcremie|Calm Mind|p2a: Alcremie
|-boost|p2a: Alcremie|spa|1
|-boost|p2a: Alcremie|spd|1
|
|-heal|p1a: Hephaepstein|42/100|[from] item: Leftovers
|-heal|p2a: Alcremie|41/100|[from] item: Leftovers
|-damage|p2a: Alcremie|29/100|[from] move: Magma Storm|[partiallytrapped]
|upkeep
|turn|19
|
|t:|1779714814
|move|p1a: Hephaepstein|Earth Power|p2a: Alcremie
|-supereffective|p2a: Alcremie
|-crit|p2a: Alcremie
|-damage|p2a: Alcremie|0 fnt
|faint|p2a: Alcremie
|
|-heal|p1a: Hephaepstein|48/100|[from] item: Leftovers
|upkeep
|-message|maizhelun111 forfeited.
|
|win|YonexMiku
|raw|YonexMiku's rating: 1310 &rarr; <strong>1327</strong><br />(+17 for winning)
|raw|maizhelun111's rating: 1264 &rarr; <strong>1242</strong><br />(-22 for losing)
|l|☆maizhelun111
|player|p2|
|l|☆YonexMiku
|player|p1|
