|j|☆hat_fm
|j|☆excafrost
|t:|1779720126
|gametype|singles
|player|p1|hat_fm|pilot|1263
|player|p2|excafrost|gambler|1333
|gen|9
|tier|[Gen 9] OU
|rated|
|rule|HP Percentage Mod: HP is shown in percentages
|rule|Endless Battle Clause: Forcing endless battles is banned
|rule|Species Clause: Limit one of each Pokémon
|rule|OHKO Clause: OHKO moves are banned
|rule|Evasion Items Clause: Evasion items are banned
|rule|Evasion Moves Clause: Evasion moves are banned
|rule|Evasion Abilities Clause: Evasion abilities are banned
|rule|Sleep Moves Clause: Sleep-inducing moves are banned
|clearpoke
|poke|p1|Zamazenta-*|
|poke|p1|Ceruledge, F|
|poke|p1|Scizor, F|
|poke|p1|Donphan, M|
|poke|p1|Lycanroc-Dusk, F|
|poke|p1|Florges, F|
|poke|p2|Grimmsnarl, M|
|poke|p2|Iron Treads|
|poke|p2|Raging Bolt|
|poke|p2|Deoxys-Speed|
|poke|p2|Ogerpon-Wellspring, F|
|poke|p2|Ceruledge, M|
|teampreview
|inactive|Battle timer is ON: inactive players will automatically lose when time's up. (requested by excafrost)
|
|t:|1779720139
|teamsize|p1|6
|teamsize|p2|6
|start
|switch|p1a: Donphan|Donphan, M|100/100
|switch|p2a: Grimmsnarl|Grimmsnarl, M, shiny|100/100
|turn|1
|
|t:|1779720142
|move|p2a: Grimmsnarl|Reflect|p2a: Grimmsnarl
|-sidestart|p2: excafrost|Reflect
|move|p1a: Donphan|Knock Off|p2a: Grimmsnarl
|-resisted|p2a: Grimmsnarl
|-damage|p2a: Grimmsnarl|96/100
|-enditem|p2a: Grimmsnarl|Light Clay|[from] move: Knock Off|[of] p1a: Donphan
|
|upkeep
|turn|2
|
|t:|1779720147
|move|p2a: Grimmsnarl|Low Kick|p1a: Donphan
|-damage|p1a: Donphan|79/100
|-damage|p2a: Grimmsnarl|80/100|[from] item: Rocky Helmet|[of] p1a: Donphan
|move|p1a: Donphan|Stealth Rock|p2a: Grimmsnarl
|-sidestart|p2: excafrost|move: Stealth Rock
|
|upkeep
|turn|3
|
|t:|1779720154
|move|p2a: Grimmsnarl|Light Screen|p2a: Grimmsnarl
|-sidestart|p2: excafrost|move: Light Screen
|move|p1a: Donphan|Rapid Spin|p2a: Grimmsnarl
|-damage|p2a: Grimmsnarl|70/100
|-boost|p1a: Donphan|spe|1
|
|upkeep
|turn|4
|
|t:|1779720160
|switch|p2a: Ogerpon|Ogerpon-Wellspring, F|100/100
|-damage|p2a: Ogerpon|88/100|[from] Stealth Rock
|move|p1a: Donphan|Rapid Spin|p2a: Ogerpon
|-damage|p2a: Ogerpon|79/100
|-boost|p1a: Donphan|spe|1
|
|upkeep
|turn|5
|
|t:|1779720166
|move|p2a: Ogerpon|Swords Dance|p2a: Ogerpon
|-boost|p2a: Ogerpon|atk|2
|move|p1a: Donphan|Earthquake|p2a: Ogerpon
|-resisted|p2a: Ogerpon
|-damage|p2a: Ogerpon|65/100
|
|upkeep
|turn|6
|
|t:|1779720170
|move|p2a: Ogerpon|Trailblaze|p1a: Donphan
|-supereffective|p1a: Donphan
|-damage|p1a: Donphan|2/100
|-boost|p2a: Ogerpon|spe|1
|-damage|p2a: Ogerpon|48/100|[from] item: Rocky Helmet|[of] p1a: Donphan
|move|p1a: Donphan|Earthquake|p2a: Ogerpon
|-resisted|p2a: Ogerpon
|-damage|p2a: Ogerpon|34/100
|
|upkeep
|turn|7
|
|t:|1779720179
|move|p2a: Ogerpon|Trailblaze|p1a: Donphan
|-supereffective|p1a: Donphan
|-damage|p1a: Donphan|0 fnt
|-boost|p2a: Ogerpon|spe|1
|-damage|p2a: Ogerpon|17/100|[from] item: Rocky Helmet|[of] p1a: Donphan
|faint|p1a: Donphan
|
|-sideend|p2: excafrost|move: Light Screen
|upkeep
|
|t:|1779720184
|switch|p1a: Ceruledge|Ceruledge, F|100/100
|turn|8
|
|t:|1779720205
|move|p2a: Ogerpon|Ivy Cudgel|p1a: Ceruledge|[anim] Ivy Cudgel Water
|-supereffective|p1a: Ceruledge
|-enditem|p1a: Ceruledge|Focus Sash
|-damage|p1a: Ceruledge|1/100
|-ability|p1a: Ceruledge|Weak Armor|boost
|-unboost|p1a: Ceruledge|def|1
|-boost|p1a: Ceruledge|spe|2
|move|p1a: Ceruledge|Bitter Blade|p2a: Ogerpon
|-crit|p2a: Ogerpon
|-damage|p2a: Ogerpon|0 fnt
|-heal|p1a: Ceruledge|10/100|[from] drain|[of] p2a: Ogerpon
|faint|p2a: Ogerpon
|
|-sideend|p2: excafrost|Reflect
|upkeep
|
|t:|1779720220
|switch|p2a: Raging Bolt|Raging Bolt|100/100
|-damage|p2a: Raging Bolt|88/100|[from] Stealth Rock
|-enditem|p2a: Raging Bolt|Booster Energy
|-activate|p2a: Raging Bolt|ability: Protosynthesis|[fromitem]
|-start|p2a: Raging Bolt|protosynthesisspa
|turn|9
|
|t:|1779720225
|move|p1a: Ceruledge|Shadow Sneak|p2a: Raging Bolt
|-damage|p2a: Raging Bolt|71/100
|move|p2a: Raging Bolt|Thunderclap||[still]
|-fail|p2a: Raging Bolt
|
|upkeep
|turn|10
|
|t:|1779720230
|move|p1a: Ceruledge|Swords Dance|p1a: Ceruledge
|-boost|p1a: Ceruledge|atk|2
|move|p2a: Raging Bolt|Thunderbolt|p1a: Ceruledge
|-damage|p1a: Ceruledge|0 fnt
|faint|p1a: Ceruledge
|
|upkeep
|
|t:|1779720235
|switch|p1a: Florges|Florges, F|100/100
|turn|11
|
|t:|1779720244
|-end|p2a: Raging Bolt|Protosynthesis|[silent]
|switch|p2a: Grimmsnarl|Grimmsnarl, M, shiny|70/100
|-damage|p2a: Grimmsnarl|58/100|[from] Stealth Rock
|move|p1a: Florges|Moonblast|p2a: Grimmsnarl
|-supereffective|p2a: Grimmsnarl
|-damage|p2a: Grimmsnarl|0 fnt
|faint|p2a: Grimmsnarl
|
|upkeep
|
|t:|1779720250
|switch|p2a: Iron Treads|Iron Treads|100/100
|-damage|p2a: Iron Treads|97/100|[from] Stealth Rock
|-enditem|p2a: Iron Treads|Booster Energy
|-activate|p2a: Iron Treads|ability: Quark Drive|[fromitem]
|-start|p2a: Iron Treads|quarkdrivespe
|turn|12
|
|t:|1779720257
|-terastallize|p1a: Florges|Grass
|move|p2a: Iron Treads|Stealth Rock|p1a: Florges
|-sidestart|p1: hat_fm|move: Stealth Rock
|move|p1a: Florges|Giga Drain|p2a: Iron Treads
|-damage|p2a: Iron Treads|46/100
|
|upkeep
|turn|13
|
|t:|1779720273
|move|p2a: Iron Treads|Rapid Spin|p1a: Florges
|-damage|p1a: Florges|85/100
|-boost|p2a: Iron Treads|spe|1
|-sideend|p2: excafrost|Stealth Rock|[from] move: Rapid Spin|[of] p2a: Iron Treads
|move|p1a: Florges|Giga Drain|p2a: Iron Treads
|-damage|p2a: Iron Treads|0 fnt
|-heal|p1a: Florges|100/100|[from] drain|[of] p2a: Iron Treads
|faint|p2a: Iron Treads
|-end|p2a: Iron Treads|Quark Drive|[silent]
|
|upkeep
|
|t:|1779720277
|switch|p2a: Ceruledge|Ceruledge, M, shiny|100/100
|turn|14
|
|t:|1779720291
|move|p2a: Ceruledge|Swords Dance|p2a: Ceruledge
|-boost|p2a: Ceruledge|atk|2
|move|p1a: Florges|Moonblast|p2a: Ceruledge
|-resisted|p2a: Ceruledge
|-damage|p2a: Ceruledge|76/100
|-unboost|p2a: Ceruledge|spa|1
|
|upkeep
|turn|15
|
|t:|1779720294
|move|p2a: Ceruledge|Swords Dance|p2a: Ceruledge
|-boost|p2a: Ceruledge|atk|2
|move|p1a: Florges|Moonblast|p2a: Ceruledge
|-resisted|p2a: Ceruledge
|-damage|p2a: Ceruledge|50/100
|
|upkeep
|turn|16
|
|t:|1779720297
|move|p2a: Ceruledge|Bitter Blade|p1a: Florges
|-supereffective|p1a: Florges
|-damage|p1a: Florges|0 fnt
|-heal|p2a: Ceruledge|100/100|[from] drain|[of] p1a: Florges
|faint|p1a: Florges
|-damage|p2a: Ceruledge|91/100|[from] item: Life Orb
|
|upkeep
|
|t:|1779720299
|switch|p1a: Lycanroc|Lycanroc-Dusk, F|100/100
|-damage|p1a: Lycanroc|88/100|[from] Stealth Rock
|turn|17
|
|t:|1779720303
|move|p1a: Lycanroc|Accelerock|p2a: Ceruledge
|-supereffective|p2a: Ceruledge
|-damage|p2a: Ceruledge|0 fnt
|faint|p2a: Ceruledge
|-damage|p1a: Lycanroc|78/100|[from] item: Life Orb
|
|upkeep
|
|t:|1779720313
|switch|p2a: Deoxys|Deoxys-Speed, shiny|100/100
|-ability|p2a: Deoxys|Pressure
|turn|18
|
|t:|1779720322
|move|p2a: Deoxys|Substitute|p2a: Deoxys
|-start|p2a: Deoxys|Substitute
|-damage|p2a: Deoxys|76/100
|move|p1a: Lycanroc|Stone Edge|p2a: Deoxys
|-end|p2a: Deoxys|Substitute
|-damage|p1a: Lycanroc|68/100|[from] item: Life Orb
|
|-heal|p2a: Deoxys|82/100|[from] item: Leftovers
|upkeep
|turn|19
|
|t:|1779720329
|move|p1a: Lycanroc|Accelerock|p2a: Deoxys
|-damage|p2a: Deoxys|23/100
|-damage|p1a: Lycanroc|58/100|[from] item: Life Orb
|move|p2a: Deoxys|Psycho Boost|p1a: Lycanroc
|-damage|p1a: Lycanroc|0 fnt
|-unboost|p2a: Deoxys|spa|2
|faint|p1a: Lycanroc
|
|-heal|p2a: Deoxys|29/100|[from] item: Leftovers
|upkeep
|
|t:|1779720336
|switch|p1a: Scizor|Scizor, F|100/100
|-damage|p1a: Scizor|88/100|[from] Stealth Rock
|turn|20
|
|t:|1779720350
|move|p2a: Deoxys|Substitute|p2a: Deoxys
|-start|p2a: Deoxys|Substitute
|-damage|p2a: Deoxys|4/100
|move|p1a: Scizor|U-turn|p2a: Deoxys
|-supereffective|p2a: Deoxys
|-end|p2a: Deoxys|Substitute
|-damage|p1a: Scizor|78/100|[from] item: Life Orb
|
|t:|1779720353
|switch|p1a: Zamazenta|Zamazenta|100/100|[from] U-turn
|-damage|p1a: Zamazenta|94/100|[from] Stealth Rock
|-ability|p1a: Zamazenta|Dauntless Shield|boost
|-boost|p1a: Zamazenta|def|1
|
|-heal|p2a: Deoxys|10/100|[from] item: Leftovers
|-heal|p1a: Zamazenta|100/100|[from] item: Leftovers
|upkeep
|turn|21
|
|t:|1779720360
|move|p2a: Deoxys|Psycho Boost|p1a: Zamazenta
|-supereffective|p1a: Zamazenta
|-damage|p1a: Zamazenta|47/100
|-unboost|p2a: Deoxys|spa|2
|move|p1a: Zamazenta|Iron Defense|p1a: Zamazenta
|-boost|p1a: Zamazenta|def|2
|
|-heal|p2a: Deoxys|17/100|[from] item: Leftovers
|-heal|p1a: Zamazenta|53/100|[from] item: Leftovers
|upkeep
|turn|22
|
|t:|1779720366
|move|p2a: Deoxys|Psycho Boost|p1a: Zamazenta
|-supereffective|p1a: Zamazenta
|-damage|p1a: Zamazenta|17/100
|-unboost|p2a: Deoxys|spa|2
|move|p1a: Zamazenta|Iron Defense|p1a: Zamazenta
|-boost|p1a: Zamazenta|def|2
|
|-heal|p2a: Deoxys|23/100|[from] item: Leftovers
|-heal|p1a: Zamazenta|23/100|[from] item: Leftovers
|upkeep
|turn|23
|
|t:|1779720373
|move|p2a: Deoxys|Nasty Plot|p2a: Deoxys
|-boost|p2a: Deoxys|spa|2
|move|p1a: Zamazenta|Body Press|p2a: Deoxys
|-resisted|p2a: Deoxys
|-damage|p2a: Deoxys|0 fnt
|faint|p2a: Deoxys
|
|-heal|p1a: Zamazenta|29/100|[from] item: Leftovers
|upkeep
|
|t:|1779720375
|switch|p2a: Raging Bolt|Raging Bolt|71/100
|turn|24
|
|t:|1779720384
|move|p2a: Raging Bolt|Thunderclap||[still]
|-fail|p2a: Raging Bolt
|move|p1a: Zamazenta|Iron Defense|p1a: Zamazenta
|-boost|p1a: Zamazenta|def|1
|
|-heal|p1a: Zamazenta|36/100|[from] item: Leftovers
|upkeep
|turn|25
|
|t:|1779720390
|move|p2a: Raging Bolt|Thunderclap||[still]
|-fail|p2a: Raging Bolt
|move|p1a: Zamazenta|Roar||[still]
|-fail|p1a: Zamazenta
|
|-heal|p1a: Zamazenta|42/100|[from] item: Leftovers
|upkeep
|turn|26
|
|t:|1779720398
|move|p2a: Raging Bolt|Thunderclap||[still]
|-fail|p2a: Raging Bolt
|move|p1a: Zamazenta|Roar||[still]
|-fail|p1a: Zamazenta
|
|-heal|p1a: Zamazenta|48/100|[from] item: Leftovers
|upkeep
|turn|27
|
|t:|1779720404
|move|p1a: Zamazenta|Iron Defense|p1a: Zamazenta
|-boost|p1a: Zamazenta|def|0
|move|p2a: Raging Bolt|Thunderbolt|p1a: Zamazenta
|-damage|p1a: Zamazenta|6/100
|
|-heal|p1a: Zamazenta|12/100|[from] item: Leftovers
|upkeep
|turn|28
|
|t:|1779720414
|move|p2a: Raging Bolt|Thunderclap||[still]
|-fail|p2a: Raging Bolt
|move|p1a: Zamazenta|Iron Defense|p1a: Zamazenta
|-boost|p1a: Zamazenta|def|0
|
|-heal|p1a: Zamazenta|18/100|[from] item: Leftovers
|upkeep
|turn|29
|
|t:|1779720423
|move|p2a: Raging Bolt|Thunderclap||[still]
|-fail|p2a: Raging Bolt
|move|p1a: Zamazenta|Roar||[still]
|-fail|p1a: Zamazenta
|
|-heal|p1a: Zamazenta|24/100|[from] item: Leftovers
|upkeep
|turn|30
|
|t:|1779720426
|move|p1a: Zamazenta|Body Press|p2a: Raging Bolt
|-damage|p2a: Raging Bolt|0 fnt
|faint|p2a: Raging Bolt
|-end|p2a: Raging Bolt|Protosynthesis|[silent]
|
|win|hat_fm
|raw|hat_fm's rating: 1263 &rarr; <strong>1293</strong><br />(+30 for winning)
|raw|excafrost's rating: 1333 &rarr; <strong>1309</strong><br />(-24 for losing)
|l|☆excafrost
|player|p2|
|l|☆hat_fm
|player|p1|
