|j|☆encore21768768
|j|☆Abyssal Bot
|t:|1779629926
|gametype|singles
|player|p1|encore21768768|266|
|player|p2|Abyssal Bot|supernerd|
|teamsize|p1|6
|teamsize|p2|6
|gen|9
|tier|[Gen 9] OU
|rule|Species Clause: Limit one of each Pokémon
|rule|OHKO Clause: OHKO moves are banned
|rule|Evasion Items Clause: Evasion items are banned
|rule|Evasion Moves Clause: Evasion moves are banned
|rule|Endless Battle Clause: Forcing endless battles is banned
|rule|HP Percentage Mod: HP is shown in percentages
|rule|Sleep Moves Clause: Sleep-inducing moves are banned
|clearpoke
|poke|p1|Clefable, F|
|poke|p1|Kommo-o, M|
|poke|p1|Deoxys-Speed|
|poke|p1|Arboliva, F|
|poke|p1|Dragalge, M|
|poke|p1|Ogerpon, F|
|poke|p2|Ribombee, F|
|poke|p2|Glimmora, F|
|poke|p2|Manaphy|
|poke|p2|Zamazenta-*|
|poke|p2|Gholdengo|
|poke|p2|Roaring Moon|
|teampreview
|c|☆Abyssal Bot|Good Luck and Have Fun my Friend!
|inactive|Battle timer is ON: inactive players will automatically lose when time's up. (requested by Abyssal Bot)
|j|*Turbo Bottttt
|
|t:|1779629929
|start
|switch|p1a: financial|Deoxys-Speed|100/100
|switch|p2a: Roaring Moon|Roaring Moon|100/100
|-ability|p1a: financial|Pressure
|-enditem|p2a: Roaring Moon|Booster Energy
|-activate|p2a: Roaring Moon|ability: Protosynthesis|[fromitem]
|-start|p2a: Roaring Moon|protosynthesisatk
|turn|1
|
|t:|1779629937
|move|p1a: financial|Stealth Rock|p2a: Roaring Moon
|-sidestart|p2: Abyssal Bot|move: Stealth Rock
|move|p2a: Roaring Moon|Knock Off|p1a: financial
|-supereffective|p1a: financial
|-damage|p1a: financial|0
|-enditem|p1a: financial|Choice Scarf|[from] move: Knock Off|[of] p2a: Roaring Moon
|faint|p1a: financial
|
|upkeep
|
|t:|1779629939
|switch|p1a: coconut|Kommo-o, M|100/100
|turn|2
|
|t:|1779629943
|move|p2a: Roaring Moon|Dragon Dance|p2a: Roaring Moon
|-boost|p2a: Roaring Moon|atk|1
|-boost|p2a: Roaring Moon|spe|1
|move|p1a: coconut|Clangorous Soul|p1a: coconut
|-boost|p1a: coconut|atk|1
|-boost|p1a: coconut|def|1
|-boost|p1a: coconut|spa|1
|-boost|p1a: coconut|spd|1
|-boost|p1a: coconut|spe|1
|-damage|p1a: coconut|68/100
|
|upkeep
|turn|3
|
|t:|1779629946
|move|p2a: Roaring Moon|Acrobatics|p1a: coconut
|-supereffective|p1a: coconut
|-damage|p1a: coconut|0
|faint|p1a: coconut
|
|upkeep
|
|t:|1779629951
|switch|p1a: basket|Clefable, F|100/100
|turn|4
|
|t:|1779629952
|move|p2a: Roaring Moon|Dragon Dance|p2a: Roaring Moon
|-boost|p2a: Roaring Moon|atk|1
|-boost|p2a: Roaring Moon|spe|1
|move|p1a: basket|Moonblast|p2a: Roaring Moon
|-supereffective|p2a: Roaring Moon
|-damage|p2a: Roaring Moon|0
|faint|p2a: Roaring Moon
|-end|p2a: Roaring Moon|Protosynthesis|[silent]
|
|upkeep
|
|t:|1779629952
|switch|p2a: Gholdengo|Gholdengo|100/100
|-item|p2a: Gholdengo|Air Balloon
|-damage|p2a: Gholdengo|94/100|[from] Stealth Rock|[of] p1: financial
|turn|5
|
|t:|1779629957
|switch|p1a: the idea|Arboliva, F|100/100
|move|p2a: Gholdengo|Make It Rain|p1a: the idea
|-damage|p1a: the idea|62/100
|-unboost|p2a: Gholdengo|spa|1
|-fieldstart|move: Grassy Terrain|[from] ability: Seed Sower|[of] p1a: the idea
|
|-heal|p1a: the idea|68/100|[from] Grassy Terrain
|upkeep
|turn|6
|
|t:|1779629960
|move|p2a: Gholdengo|Thunder Wave|p1a: the idea
|-status|p1a: the idea|par
|move|p1a: the idea|Earth Power|p2a: Gholdengo
|-immune|p2a: Gholdengo
|
|-heal|p1a: the idea|74/100 par|[from] Grassy Terrain
|upkeep
|turn|7
|
|t:|1779629962
|move|p2a: Gholdengo|Make It Rain|p1a: the idea
|-damage|p1a: the idea|47/100 par
|-unboost|p2a: Gholdengo|spa|1
|move|p1a: the idea|Giga Drain|p2a: Gholdengo
|-resisted|p2a: Gholdengo
|-damage|p2a: Gholdengo|75/100
|-heal|p1a: the idea|58/100 par|[from] drain|[of] p2a: Gholdengo
|-enditem|p2a: Gholdengo|Air Balloon
|
|-heal|p2a: Gholdengo|81/100|[from] Grassy Terrain
|-heal|p1a: the idea|64/100 par|[from] Grassy Terrain
|upkeep
|turn|8
|
|t:|1779629964
|move|p2a: Gholdengo|Make It Rain|p1a: the idea
|-damage|p1a: the idea|45/100 par
|-unboost|p2a: Gholdengo|spa|1
|move|p1a: the idea|Earth Power|p2a: Gholdengo
|-supereffective|p2a: Gholdengo
|-damage|p2a: Gholdengo|26/100
|
|-heal|p2a: Gholdengo|32/100|[from] Grassy Terrain
|-heal|p1a: the idea|51/100 par|[from] Grassy Terrain
|upkeep
|turn|9
|
|t:|1779629966
|move|p2a: Gholdengo|Make It Rain|p1a: the idea
|-damage|p1a: the idea|35/100 par
|-unboost|p2a: Gholdengo|spa|1
|cant|p1a: the idea|par
|
|-heal|p2a: Gholdengo|38/100|[from] Grassy Terrain
|-heal|p1a: the idea|41/100 par|[from] Grassy Terrain
|upkeep
|turn|10
|
|t:|1779629968
|move|p2a: Gholdengo|Make It Rain|p1a: the idea
|-damage|p1a: the idea|27/100 par
|-unboost|p2a: Gholdengo|spa|1
|cant|p1a: the idea|par
|
|-heal|p2a: Gholdengo|44/100|[from] Grassy Terrain
|-heal|p1a: the idea|33/100 par|[from] Grassy Terrain
|upkeep
|turn|11
|
|t:|1779629970
|move|p2a: Gholdengo|Make It Rain|p1a: the idea
|-damage|p1a: the idea|21/100 par
|-unboost|p2a: Gholdengo|spa|1
|cant|p1a: the idea|par
|
|-heal|p2a: Gholdengo|50/100|[from] Grassy Terrain
|-heal|p1a: the idea|27/100 par|[from] Grassy Terrain
|upkeep
|turn|12
|
|t:|1779629971
|move|p2a: Gholdengo|Make It Rain|p1a: the idea
|-damage|p1a: the idea|17/100 par
|move|p1a: the idea|Earth Power|p2a: Gholdengo
|-supereffective|p2a: Gholdengo
|-damage|p2a: Gholdengo|0
|faint|p2a: Gholdengo
|
|-heal|p1a: the idea|23/100 par|[from] Grassy Terrain
|-fieldend|move: Grassy Terrain
|upkeep
|
|t:|1779629971
|switch|p2a: Glimmora|Glimmora, F|100/100
|-damage|p2a: Glimmora|88/100|[from] Stealth Rock|[of] p1: financial
|turn|13
|
|t:|1779629974
|move|p2a: Glimmora|Sludge Bomb|p1a: the idea
|-supereffective|p1a: the idea
|-damage|p1a: the idea|0 par
|-fieldstart|move: Grassy Terrain|[from] ability: Seed Sower|[of] p1a: the idea
|faint|p1a: the idea
|
|-heal|p2a: Glimmora|94/100|[from] Grassy Terrain
|upkeep
|
|t:|1779629979
|switch|p1a: i know|Dragalge, M|100/100
|turn|14
|
|t:|1779629981
|move|p2a: Glimmora|Earth Power|p1a: i know
|-supereffective|p1a: i know
|-damage|p1a: i know|39/100
|move|p1a: i know|Draco Meteor|p2a: Glimmora
|-damage|p2a: Glimmora|0
|-unboost|p1a: i know|spa|2
|faint|p2a: Glimmora
|
|-heal|p1a: i know|45/100|[from] Grassy Terrain
|upkeep
|
|t:|1779629981
|switch|p2a: Ribombee|Ribombee, F|100/100
|-damage|p2a: Ribombee|76/100|[from] Stealth Rock|[of] p1: financial
|turn|15
|
|t:|1779629985
|move|p2a: Ribombee|Moonblast|p1a: i know
|-damage|p1a: i know|14/100
|-unboost|p1a: i know|spa|1
|move|p1a: i know|Draco Meteor|p2a: Ribombee
|-immune|p2a: Ribombee
|
|-heal|p2a: Ribombee|82/100|[from] Grassy Terrain
|-heal|p1a: i know|20/100|[from] Grassy Terrain
|upkeep
|turn|16
|
|t:|1779629987
|move|p2a: Ribombee|Moonblast|p1a: i know
|-damage|p1a: i know|0
|faint|p1a: i know
|
|-heal|p2a: Ribombee|88/100|[from] Grassy Terrain
|upkeep
|
|t:|1779629991
|switch|p1a: basket|Clefable, F|100/100
|turn|17
|
|t:|1779629992
|move|p2a: Ribombee|Stun Spore|p1a: basket|[miss]
|-miss|p2a: Ribombee|p1a: basket
|move|p1a: basket|Calm Mind|p1a: basket
|-boost|p1a: basket|spa|1
|-boost|p1a: basket|spd|1
|
|-heal|p2a: Ribombee|94/100|[from] Grassy Terrain
|upkeep
|turn|18
|c|☆Abyssal Bot|Uh Ribombee, you're as blind as Deino...
|
|t:|1779629994
|move|p2a: Ribombee|Sticky Web|p1a: basket
|-sidestart|p1: encore21768768|move: Sticky Web
|move|p1a: basket|Moonblast|p2a: Ribombee
|-damage|p2a: Ribombee|18/100
|
|-heal|p2a: Ribombee|24/100|[from] Grassy Terrain
|upkeep
|turn|19
|
|t:|1779629996
|move|p2a: Ribombee|Stun Spore|p1a: basket|[miss]
|-miss|p2a: Ribombee|p1a: basket
|move|p1a: basket|Moonblast|p2a: Ribombee
|-damage|p2a: Ribombee|0
|faint|p2a: Ribombee
|
|upkeep
|c|☆Abyssal Bot|;-;
|
|t:|1779629996
|switch|p2a: Manaphy|Manaphy|100/100
|-damage|p2a: Manaphy|88/100|[from] Stealth Rock|[of] p1: financial
|turn|20
|
|t:|1779629998
|move|p2a: Manaphy|Acid Armor|p2a: Manaphy
|-boost|p2a: Manaphy|def|2
|move|p1a: basket|Calm Mind|p1a: basket
|-boost|p1a: basket|spa|1
|-boost|p1a: basket|spd|1
|
|-heal|p2a: Manaphy|94/100|[from] Grassy Terrain
|-heal|p2a: Manaphy|100/100|[from] item: Leftovers
|-fieldend|move: Grassy Terrain
|upkeep
|turn|21
|
|t:|1779630000
|move|p2a: Manaphy|Acid Armor|p2a: Manaphy
|-boost|p2a: Manaphy|def|2
|move|p1a: basket|Moonblast|p2a: Manaphy
|-damage|p2a: Manaphy|48/100
|
|-heal|p2a: Manaphy|54/100|[from] item: Leftovers
|upkeep
|turn|22
|
|t:|1779630001
|move|p2a: Manaphy|Stored Power|p1a: basket
|-crit|p1a: basket
|-damage|p1a: basket|57/100
|move|p1a: basket|Moonblast|p2a: Manaphy
|-damage|p2a: Manaphy|0
|faint|p2a: Manaphy
|
|upkeep
|c|☆Abyssal Bot|I had warned you about hax!! HAHAHA
|
|t:|1779630001
|switch|p2a: Zamazenta|Zamazenta|100/100
|-damage|p2a: Zamazenta|94/100|[from] Stealth Rock|[of] p1: financial
|-ability|p2a: Zamazenta|Dauntless Shield|boost
|-boost|p2a: Zamazenta|def|1
|turn|23
|
|t:|1779630005
|move|p2a: Zamazenta|Iron Head|p1a: basket
|-supereffective|p1a: basket
|-damage|p1a: basket|26/100
|move|p1a: basket|Moonblast|p2a: Zamazenta
|-supereffective|p2a: Zamazenta
|-damage|p2a: Zamazenta|0
|faint|p2a: Zamazenta
|
|win|encore21768768
|c|☆Abyssal Bot|Well Played.
|l|☆Abyssal Bot
|player|p2|
|l|*Turbo Bottttt
