|j|☆wonderniki
|j|☆JangarRifin
|t:|1779700643
|gametype|singles
|player|p1|wonderniki|170|1428
|player|p2|JangarRifin|169|1407
|gen|9
|tier|[Gen 9] OU
|rated|
|rule|HP Percentage Mod: HP is shown in percentages
|rule|Endless Battle Clause: Forcing endless battles is banned
|rule|Species Clause: Limit one of each Pokémon
|rule|OHKO Clause: OHKO moves are banned
|rule|Evasion Items Clause: Evasion items are banned
|rule|Evasion Moves Clause: Evasion moves are banned
|rule|Evasion Abilities Clause: Evasion abilities are banned
|rule|Sleep Moves Clause: Sleep-inducing moves are banned
|clearpoke
|poke|p1|Hawlucha, F|
|poke|p1|Samurott-Hisui, F|
|poke|p1|Rillaboom, F|
|poke|p1|Gholdengo|
|poke|p1|Kyurem|
|poke|p1|Landorus-Therian, M|
|poke|p2|Braviary-Hisui, M|
|poke|p2|Zamazenta-*|
|poke|p2|Raging Bolt|
|poke|p2|Hatterene, F|
|poke|p2|Gholdengo|
|poke|p2|Darkrai|
|teampreview
|
|t:|1779700658
|teamsize|p1|6
|teamsize|p2|6
|start
|switch|p1a: Samurott|Samurott-Hisui, F|100/100
|switch|p2a: Zamazenta|Zamazenta|100/100
|-ability|p2a: Zamazenta|Dauntless Shield|boost
|-boost|p2a: Zamazenta|def|1
|turn|1
|inactive|Battle timer is ON: inactive players will automatically lose when time's up. (requested by wonderniki)
|inactive|JangarRifin also wants the timer to be on.
|
|t:|1779700666
|switch|p1a: Landorus|Landorus-Therian, M|100/100
|-ability|p1a: Landorus|Intimidate|boost
|-unboost|p2a: Zamazenta|atk|1
|move|p2a: Zamazenta|Close Combat|p1a: Landorus
|-resisted|p1a: Landorus
|-damage|p1a: Landorus|86/100
|-unboost|p2a: Zamazenta|def|1
|-unboost|p2a: Zamazenta|spd|1
|-damage|p2a: Zamazenta|84/100|[from] item: Rocky Helmet|[of] p1a: Landorus
|
|upkeep
|turn|2
|
|t:|1779700675
|move|p2a: Zamazenta|Reflect|p2a: Zamazenta
|-sidestart|p2: JangarRifin|Reflect
|move|p1a: Landorus|Stealth Rock|p2a: Zamazenta
|-sidestart|p2: JangarRifin|move: Stealth Rock
|
|upkeep
|turn|3
|
|t:|1779700684
|move|p2a: Zamazenta|Light Screen|p2a: Zamazenta
|-sidestart|p2: JangarRifin|move: Light Screen
|move|p1a: Landorus|Earth Power|p2a: Zamazenta
|-damage|p2a: Zamazenta|67/100
|
|upkeep
|turn|4
|
|t:|1779700691
|switch|p2a: Xerxes|Braviary-Hisui, M, shiny|100/100
|-damage|p2a: Xerxes|76/100|[from] Stealth Rock
|move|p1a: Landorus|Taunt|p2a: Xerxes
|-start|p2a: Xerxes|move: Taunt
|
|upkeep
|turn|5
|
|t:|1779700698
|move|p1a: Landorus|U-turn|p2a: Xerxes
|-damage|p2a: Xerxes|68/100
|
|t:|1779700703
|switch|p1a: Samurott|Samurott-Hisui, F|100/100|[from] U-turn
|move|p2a: Xerxes|Esper Wing|p1a: Samurott
|-immune|p1a: Samurott
|
|upkeep
|turn|6
|
|t:|1779700715
|switch|p2a: Darkrai|Darkrai|100/100
|-damage|p2a: Darkrai|88/100|[from] Stealth Rock
|move|p1a: Samurott|Knock Off|p2a: Darkrai
|-resisted|p2a: Darkrai
|-crit|p2a: Darkrai
|-damage|p2a: Darkrai|46/100
|-enditem|p2a: Darkrai|Leftovers|[from] move: Knock Off|[of] p1a: Samurott
|
|upkeep
|turn|7
|
|t:|1779700727
|move|p2a: Darkrai|Nasty Plot|p2a: Darkrai
|-boost|p2a: Darkrai|spa|2
|move|p1a: Samurott|Ceaseless Edge|p2a: Darkrai
|-resisted|p2a: Darkrai
|-damage|p2a: Darkrai|34/100
|-sidestart|p2: JangarRifin|Spikes
|
|upkeep
|turn|8
|
|t:|1779700737
|move|p2a: Darkrai|Sludge Bomb|p1a: Samurott
|-damage|p1a: Samurott|60/100
|-status|p1a: Samurott|psn
|move|p1a: Samurott|Ceaseless Edge|p2a: Darkrai
|-resisted|p2a: Darkrai
|-damage|p2a: Darkrai|20/100
|-sidestart|p2: JangarRifin|Spikes
|
|-damage|p1a: Samurott|48/100 psn|[from] psn
|upkeep
|turn|9
|l|☆JangarRifin
|inactive|JangarRifin disconnected and has a minute to reconnect!
|player|p2|
|inactive|JangarRifin has 30 seconds to reconnect!
|inactive|JangarRifin has 20 seconds to reconnect!
|inactive|JangarRifin has 15 seconds to reconnect!
|inactive|JangarRifin has 10 seconds to reconnect!
|inactive|JangarRifin has 5 seconds to reconnect!
|-message|JangarRifin lost due to inactivity.
|
|win|wonderniki
|raw|wonderniki's rating: 1428 &rarr; <strong>1447</strong><br />(+19 for winning)
|raw|JangarRifin's rating: 1407 &rarr; <strong>1388</strong><br />(-19 for losing)
|l|☆wonderniki
|player|p1|
