|j|☆magnesyum
|j|☆shuay7
|t:|1779598420
|gametype|singles
|player|p1|magnesyum|102|1330
|player|p2|shuay7|101|1346
|gen|9
|tier|[Gen 9] OU
|rated|
|rule|HP Percentage Mod: HP is shown in percentages
|rule|Endless Battle Clause: Forcing endless battles is banned
|rule|Species Clause: Limit one of each Pokémon
|rule|OHKO Clause: OHKO moves are banned
|rule|Evasion Items Clause: Evasion items are banned
|rule|Evasion Moves Clause: Evasion moves are banned
|rule|Evasion Abilities Clause: Evasion abilities are banned
|rule|Sleep Moves Clause: Sleep-inducing moves are banned
|clearpoke
|poke|p1|Ogerpon-Wellspring, F|
|poke|p1|Clefable, F|
|poke|p1|Ting-Lu|
|poke|p1|Iron Boulder|
|poke|p1|Corviknight, F|
|poke|p1|Dragonite, F|
|poke|p2|Volcanion|
|poke|p2|Pelipper, F|
|poke|p2|Iron Treads|
|poke|p2|Overqwil, F|
|poke|p2|Iron Valiant|
|poke|p2|Ogerpon, F|
|teampreview
|inactive|Battle timer is ON: inactive players will automatically lose when time's up. (requested by magnesyum)
|
|t:|1779598441
|teamsize|p1|6
|teamsize|p2|6
|start
|switch|p1a: Corviknight|Corviknight, F|100/100
|switch|p2a: Pelipper|Pelipper, F|100/100
|-weather|RainDance|[from] ability: Drizzle|[of] p2a: Pelipper
|-ability|p1a: Corviknight|Pressure
|turn|1
|
|t:|1779598445
|move|p2a: Pelipper|Surf|p1a: Corviknight
|-damage|p1a: Corviknight|47/100
|move|p1a: Corviknight|U-turn|p2a: Pelipper
|-resisted|p2a: Pelipper
|-damage|p2a: Pelipper|91/100
|
|t:|1779598451
|switch|p1a: Iron Boulder|Iron Boulder|100/100|[from] U-turn
|
|-weather|RainDance|[upkeep]
|upkeep
|turn|2
|
|t:|1779598458
|switch|p2a: Iron Treads|Iron Treads|100/100
|-enditem|p2a: Iron Treads|Booster Energy
|-activate|p2a: Iron Treads|ability: Quark Drive|[fromitem]
|-start|p2a: Iron Treads|quarkdrivespe
|move|p1a: Iron Boulder|Mighty Cleave|p2a: Iron Treads
|-resisted|p2a: Iron Treads
|-damage|p2a: Iron Treads|90/100
|
|-weather|RainDance|[upkeep]
|upkeep
|turn|3
|
|t:|1779598478
|-end|p1a: Iron Boulder|Quark Drive|[silent]
|switch|p1a: Corviknight|Corviknight, F|47/100
|-ability|p1a: Corviknight|Pressure
|move|p2a: Iron Treads|Steel Beam|p1a: Corviknight
|-resisted|p1a: Corviknight
|-damage|p1a: Corviknight|23/100
|-damage|p2a: Iron Treads|40/100|[from] steelbeam
|
|-weather|RainDance|[upkeep]
|upkeep
|turn|4
|
|t:|1779598498
|switch|p1a: Dragonight|Dragonite, F, shiny|100/100
|move|p2a: Iron Treads|Steel Beam|p1a: Dragonight
|-damage|p1a: Dragonight|76/100
|-damage|p2a: Iron Treads|0 fnt|[from] steelbeam
|faint|p2a: Iron Treads
|-end|p2a: Iron Treads|Quark Drive|[silent]
|
|-weather|RainDance|[upkeep]
|upkeep
|
|t:|1779598502
|switch|p2a: Iron Valiant|Iron Valiant|100/100
|turn|5
|
|t:|1779598510
|move|p1a: Dragonight|Extreme Speed|p2a: Iron Valiant
|-crit|p2a: Iron Valiant
|-damage|p2a: Iron Valiant|45/100
|move|p2a: Iron Valiant|Moonblast|p1a: Dragonight
|-supereffective|p1a: Dragonight
|-damage|p1a: Dragonight|0 fnt
|faint|p1a: Dragonight
|
|-weather|RainDance|[upkeep]
|upkeep
|
|t:|1779598521
|switch|p1a: Iron Boulder|Iron Boulder|100/100
|turn|6
|
|t:|1779598538
|move|p1a: Iron Boulder|Mighty Cleave|p2a: Iron Valiant
|-resisted|p2a: Iron Valiant
|-damage|p2a: Iron Valiant|14/100
|move|p2a: Iron Valiant|Moonblast|p1a: Iron Boulder
|-damage|p1a: Iron Boulder|29/100
|
|-weather|RainDance|[upkeep]
|upkeep
|turn|7
|
|t:|1779598548
|move|p1a: Iron Boulder|Mighty Cleave|p2a: Iron Valiant
|-resisted|p2a: Iron Valiant
|-damage|p2a: Iron Valiant|0 fnt
|faint|p2a: Iron Valiant
|-end|p2a: Iron Valiant|Quark Drive|[silent]
|
|-weather|RainDance|[upkeep]
|upkeep
|
|t:|1779598554
|switch|p2a: Ogerpon|Ogerpon, F|100/100
|turn|8
|
|t:|1779598562
|-end|p1a: Iron Boulder|Quark Drive|[silent]
|switch|p1a: Corviknight|Corviknight, F|23/100
|-ability|p1a: Corviknight|Pressure
|-terastallize|p2a: Ogerpon|Grass
|detailschange|p2a: Ogerpon|Ogerpon-Teal-Tera, F, tera:Grass
|-ability|p2a: Ogerpon|Embody Aspect (Teal)|boost
|-boost|p2a: Ogerpon|spe|1
|move|p2a: Ogerpon|Ivy Cudgel|p1a: Corviknight
|-resisted|p1a: Corviknight
|-damage|p1a: Corviknight|8/100
|
|-weather|none
|upkeep
|turn|9
|
|t:|1779598565
|move|p2a: Ogerpon|Ivy Cudgel|p1a: Corviknight
|-resisted|p1a: Corviknight
|-damage|p1a: Corviknight|0 fnt
|faint|p1a: Corviknight
|
|upkeep
|
|t:|1779598570
|switch|p1a: Clefable|Clefable, F|100/100
|turn|10
|
|t:|1779598573
|switch|p2a: Pelipper|Pelipper, F|91/100
|-weather|RainDance|[from] ability: Drizzle|[of] p2a: Pelipper
|move|p1a: Clefable|Moonblast|p2a: Pelipper
|-damage|p2a: Pelipper|36/100
|
|-weather|RainDance|[upkeep]
|upkeep
|turn|11
|
|t:|1779598584
|move|p2a: Pelipper|Knock Off|p1a: Clefable
|-resisted|p1a: Clefable
|-damage|p1a: Clefable|96/100
|-enditem|p1a: Clefable|Heavy-Duty Boots|[from] move: Knock Off|[of] p2a: Pelipper
|move|p1a: Clefable|Moonblast|p2a: Pelipper
|-damage|p2a: Pelipper|0 fnt
|faint|p2a: Pelipper
|
|-weather|RainDance|[upkeep]
|upkeep
|
|t:|1779598590
|switch|p2a: Overqwil|Overqwil, F|100/100
|turn|12
|
|t:|1779598594
|switch|p1a: Ting-Lu|Ting-Lu|100/100
|-ability|p1a: Ting-Lu|Vessel of Ruin
|move|p2a: Overqwil|Swords Dance|p2a: Overqwil
|-boost|p2a: Overqwil|atk|2
|
|-weather|RainDance|[upkeep]
|upkeep
|turn|13
|
|t:|1779598597
|move|p2a: Overqwil|Liquidation|p1a: Ting-Lu
|-supereffective|p1a: Ting-Lu
|-damage|p1a: Ting-Lu|0 fnt
|faint|p1a: Ting-Lu
|-damage|p2a: Overqwil|91/100|[from] item: Life Orb
|
|-weather|RainDance|[upkeep]
|upkeep
|
|t:|1779598603
|switch|p1a: Ogerpon|Ogerpon-Wellspring, F|100/100
|turn|14
|
|t:|1779598610
|-terastallize|p1a: Ogerpon|Water
|detailschange|p1a: Ogerpon|Ogerpon-Wellspring-Tera, F, tera:Water
|-ability|p1a: Ogerpon|Embody Aspect (Wellspring)|boost
|-boost|p1a: Ogerpon|spd|1
|move|p2a: Overqwil|Gunk Shot|p1a: Ogerpon
|-damage|p1a: Ogerpon|0 fnt
|faint|p1a: Ogerpon
|detailschange|p1: Ogerpon|Ogerpon-Wellspring, F|[silent]
|-damage|p2a: Overqwil|81/100|[from] item: Life Orb
|
|-weather|RainDance|[upkeep]
|upkeep
|-message|magnesyum forfeited.
|
|win|shuay7
|raw|magnesyum's rating: 1330 &rarr; <strong>1311</strong><br />(-19 for losing)
|raw|shuay7's rating: 1346 &rarr; <strong>1365</strong><br />(+19 for winning)
|l|☆magnesyum
|player|p1|
|l|☆shuay7
|player|p2|
