|j|☆Liker of Mudkips
|j|☆NoobishTrainerJoe
|t:|1779682104
|gametype|singles
|player|p1|Liker of Mudkips|acetrainerf|1546
|player|p2|NoobishTrainerJoe|170|1594
|gen|9
|tier|[Gen 9] OU
|rated|
|rule|HP Percentage Mod: HP is shown in percentages
|rule|Endless Battle Clause: Forcing endless battles is banned
|rule|Species Clause: Limit one of each Pokémon
|rule|OHKO Clause: OHKO moves are banned
|rule|Evasion Items Clause: Evasion items are banned
|rule|Evasion Moves Clause: Evasion moves are banned
|rule|Evasion Abilities Clause: Evasion abilities are banned
|rule|Sleep Moves Clause: Sleep-inducing moves are banned
|clearpoke
|poke|p1|Dragapult, F|
|poke|p1|Ogerpon-Wellspring, F|
|poke|p1|Slowking-Galar, M|
|poke|p1|Great Tusk|
|poke|p1|Zapdos|
|poke|p1|Kingambit, M|
|poke|p2|Greninja-*, M|
|poke|p2|Pelipper, F|
|poke|p2|Iron Valiant|
|poke|p2|Primarina, M|
|poke|p2|Iron Treads|
|poke|p2|Kingambit, M|
|teampreview
|inactive|Battle timer is ON: inactive players will automatically lose when time's up. (requested by Liker of Mudkips)
|
|t:|1779682118
|teamsize|p1|6
|teamsize|p2|6
|start
|switch|p1a: Kos|Dragapult, F|100/100
|switch|p2a: Iron Treads|Iron Treads|100/100
|turn|1
|
|t:|1779682125
|move|p1a: Kos|Shadow Ball|p2a: Iron Treads
|-damage|p2a: Iron Treads|44/100
|move|p2a: Iron Treads|Stealth Rock|p1a: Kos
|-sidestart|p1: Liker of Mudkips|move: Stealth Rock
|
|-heal|p2a: Iron Treads|50/100|[from] item: Leftovers
|upkeep
|turn|2
|j| whgsosla
|
|t:|1779682154
|-end|p2a: Iron Treads|Quark Drive|[silent]
|switch|p2a: Kingambit|Kingambit, M|100/100
|move|p1a: Kos|Shadow Ball|p2a: Kingambit
|-resisted|p2a: Kingambit
|-damage|p2a: Kingambit|70/100
|
|-heal|p2a: Kingambit|76/100|[from] item: Leftovers
|upkeep
|turn|3
|
|t:|1779682164
|switch|p1a: Baku|Great Tusk|100/100
|-damage|p1a: Baku|98/100|[from] Stealth Rock
|-end|p2a: Kingambit|fallenundefined|[silent]
|switch|p2a: Pelipper|Pelipper, F|100/100
|-weather|RainDance|[from] ability: Drizzle|[of] p2a: Pelipper
|
|-weather|RainDance|[upkeep]
|upkeep
|turn|4
|
|t:|1779682182
|move|p1a: Baku|Stealth Rock|p2a: Pelipper
|-sidestart|p2: NoobishTrainerJoe|move: Stealth Rock
|move|p2a: Pelipper|Hurricane|p1a: Baku
|-supereffective|p1a: Baku
|-damage|p1a: Baku|0 fnt
|faint|p1a: Baku
|-end|p1a: Baku|Protosynthesis|[silent]
|
|-weather|RainDance|[upkeep]
|upkeep
|
|t:|1779682191
|switch|p1a: Larxene|Zapdos|100/100
|turn|5
|
|t:|1779682210
|switch|p2a: Iron Treads|Iron Treads|50/100
|-damage|p2a: Iron Treads|47/100|[from] Stealth Rock
|move|p1a: Larxene|Hurricane|p2a: Iron Treads
|-resisted|p2a: Iron Treads
|-damage|p2a: Iron Treads|19/100
|
|-weather|RainDance|[upkeep]
|-heal|p2a: Iron Treads|26/100|[from] item: Leftovers
|upkeep
|turn|6
|
|t:|1779682220
|switch|p1a: Kos|Dragapult, F|100/100
|-damage|p1a: Kos|88/100|[from] Stealth Rock
|move|p2a: Iron Treads|Rapid Spin|p1a: Kos
|-immune|p1a: Kos
|
|-weather|RainDance|[upkeep]
|-heal|p2a: Iron Treads|32/100|[from] item: Leftovers
|upkeep
|turn|7
|
|t:|1779682231
|-end|p2a: Iron Treads|Quark Drive|[silent]
|switch|p2a: Kingambit|Kingambit, M|76/100
|-damage|p2a: Kingambit|70/100|[from] Stealth Rock
|move|p1a: Kos|Shadow Ball|p2a: Kingambit
|-resisted|p2a: Kingambit
|-damage|p2a: Kingambit|42/100
|
|-weather|RainDance|[upkeep]
|-heal|p2a: Kingambit|48/100|[from] item: Leftovers
|upkeep
|turn|8
|
|t:|1779682245
|switch|p1a: Larxene|Zapdos|100/100
|move|p2a: Kingambit|Swords Dance|p2a: Kingambit
|-boost|p2a: Kingambit|atk|2
|
|-weather|RainDance|[upkeep]
|-heal|p2a: Kingambit|54/100|[from] item: Leftovers
|upkeep
|turn|9
|
|t:|1779682257
|switch|p1a: Nobunaga|Kingambit, M|100/100
|-damage|p1a: Nobunaga|94/100|[from] Stealth Rock
|-activate|p1a: Nobunaga|ability: Supreme Overlord
|-start|p1a: Nobunaga|fallen1|[silent]
|move|p2a: Kingambit|Sucker Punch||[still]
|-fail|p2a: Kingambit
|
|-weather|RainDance|[upkeep]
|-heal|p2a: Kingambit|60/100|[from] item: Leftovers
|upkeep
|turn|10
|
|t:|1779682267
|-terastallize|p2a: Kingambit|Ghost
|move|p2a: Kingambit|Kowtow Cleave|p1a: Nobunaga
|-resisted|p1a: Nobunaga
|-damage|p1a: Nobunaga|54/100
|move|p1a: Nobunaga|Low Kick|p2a: Kingambit
|-immune|p2a: Kingambit
|
|-weather|none
|-heal|p2a: Kingambit|66/100|[from] item: Leftovers
|upkeep
|turn|11
|
|t:|1779682283
|-end|p2a: Kingambit|fallenundefined|[silent]
|switch|p2a: Pelipper|Pelipper, F|100/100
|-damage|p2a: Pelipper|76/100|[from] Stealth Rock
|-weather|RainDance|[from] ability: Drizzle|[of] p2a: Pelipper
|move|p1a: Nobunaga|Sucker Punch||[still]
|-fail|p1a: Nobunaga
|
|-weather|RainDance|[upkeep]
|upkeep
|turn|12
|
|t:|1779682295
|-end|p1a: Nobunaga|fallen1|[silent]
|switch|p1a: Pants|Slowking-Galar, M|100/100
|-damage|p1a: Pants|88/100|[from] Stealth Rock
|move|p2a: Pelipper|U-turn|p1a: Pants
|-damage|p1a: Pants|79/100
|l| whgsosla
|
|t:|1779682304
|switch|p2a: Kingambit|Kingambit, M, tera:Ghost|66/100|[from] U-turn
|-damage|p2a: Kingambit|54/100|[from] Stealth Rock
|
|-weather|RainDance|[upkeep]
|-heal|p2a: Kingambit|60/100|[from] item: Leftovers
|upkeep
|turn|13
|
|t:|1779682313
|switch|p1a: Larxene|Zapdos|100/100
|move|p2a: Kingambit|Kowtow Cleave|p1a: Larxene
|-damage|p1a: Larxene|44/100
|
|-weather|RainDance|[upkeep]
|-heal|p2a: Kingambit|66/100|[from] item: Leftovers
|upkeep
|turn|14
|
|t:|1779682327
|-end|p2a: Kingambit|fallenundefined|[silent]
|switch|p2a: Iron Treads|Iron Treads|32/100
|-damage|p2a: Iron Treads|29/100|[from] Stealth Rock
|move|p1a: Larxene|Roost|p1a: Larxene
|-heal|p1a: Larxene|94/100
|-singleturn|p1a: Larxene|move: Roost
|
|-weather|RainDance|[upkeep]
|-heal|p2a: Iron Treads|35/100|[from] item: Leftovers
|upkeep
|turn|15
|
|t:|1779682337
|move|p1a: Larxene|Heat Wave|p2a: Iron Treads
|-supereffective|p2a: Iron Treads
|-crit|p2a: Iron Treads
|-damage|p2a: Iron Treads|0 fnt
|faint|p2a: Iron Treads
|-end|p2a: Iron Treads|Quark Drive|[silent]
|
|-weather|RainDance|[upkeep]
|upkeep
|c|☆NoobishTrainerJoe|Bruh
|
|t:|1779682363
|switch|p2a: Greninja|Greninja, M|100/100
|-damage|p2a: Greninja|88/100|[from] Stealth Rock
|turn|16
|
|t:|1779682380
|switch|p1a: Suika|Ogerpon-Wellspring, F|100/100
|-damage|p1a: Suika|88/100|[from] Stealth Rock
|move|p2a: Greninja|Dark Pulse|p1a: Suika
|-damage|p1a: Suika|28/100
|
|-weather|RainDance|[upkeep]
|upkeep
|turn|17
|
|t:|1779682390
|switch|p1a: Nobunaga|Kingambit, M|54/100
|-damage|p1a: Nobunaga|48/100|[from] Stealth Rock
|-activate|p1a: Nobunaga|ability: Supreme Overlord
|-start|p1a: Nobunaga|fallen1|[silent]
|move|p2a: Greninja|Dark Pulse|p1a: Nobunaga
|-resisted|p1a: Nobunaga
|-damage|p1a: Nobunaga|16/100
|
|-weather|RainDance|[upkeep]
|upkeep
|turn|18
|j| whgsosla
|
|t:|1779682418
|move|p1a: Nobunaga|Sucker Punch|p2a: Greninja
|-resisted|p2a: Greninja
|-damage|p2a: Greninja|50/100
|move|p2a: Greninja|Dark Pulse|p1a: Nobunaga
|-resisted|p1a: Nobunaga
|-damage|p1a: Nobunaga|0 fnt
|faint|p1a: Nobunaga
|-end|p1a: Nobunaga|fallen1|[silent]
|-ability|p2a: Greninja|Battle Bond|boost
|-boost|p2a: Greninja|atk|1
|-boost|p2a: Greninja|spa|1
|-boost|p2a: Greninja|spe|1
|-activate|p2a: Greninja|ability: Battle Bond
|
|-weather|none
|upkeep
|inactive|Liker of Mudkips has 120 seconds left.
|
|t:|1779682432
|switch|p1a: Pants|Slowking-Galar, M|100/100
|-damage|p1a: Pants|88/100|[from] Stealth Rock
|turn|19
|
|t:|1779682437
|move|p2a: Greninja|Dark Pulse|p1a: Pants
|-supereffective|p1a: Pants
|-damage|p1a: Pants|21/100
|move|p1a: Pants|Sludge Bomb|p2a: Greninja
|-damage|p2a: Greninja|0 fnt
|faint|p2a: Greninja
|
|upkeep
|inactive|NoobishTrainerJoe has 120 seconds left.
|
|t:|1779682486
|switch|p2a: Kingambit|Kingambit, M, tera:Ghost|66/100
|-damage|p2a: Kingambit|54/100|[from] Stealth Rock
|-activate|p2a: Kingambit|ability: Supreme Overlord
|-start|p2a: Kingambit|fallen2|[silent]
|turn|20
|
|t:|1779682494
|switch|p1a: Suika|Ogerpon-Wellspring, F|28/100
|-damage|p1a: Suika|16/100|[from] Stealth Rock
|move|p2a: Kingambit|Swords Dance|p2a: Kingambit
|-boost|p2a: Kingambit|atk|2
|
|-heal|p2a: Kingambit|60/100|[from] item: Leftovers
|upkeep
|turn|21
|
|t:|1779682503
|move|p2a: Kingambit|Sucker Punch|p1a: Suika
|-damage|p1a: Suika|0 fnt
|faint|p1a: Suika
|
|-heal|p2a: Kingambit|66/100|[from] item: Leftovers
|upkeep
|
|t:|1779682511
|switch|p1a: Larxene|Zapdos|94/100
|turn|22
|
|t:|1779682517
|move|p1a: Larxene|Hurricane|p2a: Kingambit|[miss]
|-miss|p1a: Larxene|p2a: Kingambit
|move|p2a: Kingambit|Kowtow Cleave|p1a: Larxene
|-damage|p1a: Larxene|0 fnt
|-status|p2a: Kingambit|par|[from] ability: Static|[of] p1a: Larxene
|faint|p1a: Larxene
|
|-heal|p2a: Kingambit|73/100 par|[from] item: Leftovers
|upkeep
|
|t:|1779682528
|switch|p1a: Kos|Dragapult, F|88/100
|-damage|p1a: Kos|76/100|[from] Stealth Rock
|turn|23
|
|t:|1779682538
|move|p2a: Kingambit|Sucker Punch|p1a: Kos
|-supereffective|p1a: Kos
|-damage|p1a: Kos|0 fnt
|faint|p1a: Kos
|
|-heal|p2a: Kingambit|79/100 par|[from] item: Leftovers
|upkeep
|-message|Liker of Mudkips forfeited.
|
|win|NoobishTrainerJoe
|raw|Liker of Mudkips's rating: 1546 &rarr; <strong>1529</strong><br />(-17 for losing)
|raw|NoobishTrainerJoe's rating: 1594 &rarr; <strong>1611</strong><br />(+17 for winning)
|l|☆Liker of Mudkips
|player|p1|
|l|☆NoobishTrainerJoe
|player|p2|
|l| whgsosla
