|j|☆cassnull000
|j|☆DeathFool
|t:|1779595842
|gametype|singles
|player|p1|cassnull000|caitlin|1119
|player|p2|DeathFool|youngster-gen4dp|1168
|gen|9
|tier|[Gen 9] OU
|rated|
|rule|HP Percentage Mod: HP is shown in percentages
|rule|Endless Battle Clause: Forcing endless battles is banned
|rule|Species Clause: Limit one of each Pokémon
|rule|OHKO Clause: OHKO moves are banned
|rule|Evasion Items Clause: Evasion items are banned
|rule|Evasion Moves Clause: Evasion moves are banned
|rule|Evasion Abilities Clause: Evasion abilities are banned
|rule|Sleep Moves Clause: Sleep-inducing moves are banned
|clearpoke
|poke|p1|Corviknight, F|
|poke|p1|Great Tusk|
|poke|p1|Dragapult, F|
|poke|p1|Kingambit, M|
|poke|p1|Dondozo, F|
|poke|p1|Gardevoir, F|
|poke|p2|Glimmora, M|
|poke|p2|Ting-Lu|
|poke|p2|Hatterene, F|
|poke|p2|Meowscarada, M|
|poke|p2|Iron Valiant|
|poke|p2|Gholdengo|
|teampreview
|
|t:|1779595857
|teamsize|p1|6
|teamsize|p2|6
|start
|switch|p1a: Great Tusk|Great Tusk|100/100
|switch|p2a: Glimmora|Glimmora, M|100/100
|turn|1
|inactive|Battle timer is ON: inactive players will automatically lose when time's up. (requested by DeathFool)
|
|t:|1779595866
|move|p2a: Glimmora|Mortal Spin|p1a: Great Tusk
|-resisted|p1a: Great Tusk
|-damage|p1a: Great Tusk|99/100
|-status|p1a: Great Tusk|psn
|move|p1a: Great Tusk|Headlong Rush|p2a: Glimmora
|-supereffective|p2a: Glimmora
|-enditem|p2a: Glimmora|Focus Sash
|-damage|p2a: Glimmora|1/100
|-unboost|p1a: Great Tusk|def|1
|-unboost|p1a: Great Tusk|spd|1
|-activate|p2a: Glimmora|ability: Toxic Debris
|-sidestart|p1: cassnull000|move: Toxic Spikes
|
|-heal|p1a: Great Tusk|100/100 psn|[from] item: Leftovers
|-damage|p1a: Great Tusk|88/100 psn|[from] psn
|upkeep
|turn|2
|
|t:|1779595881
|switch|p2a: Gholdengo|Gholdengo|100/100
|-item|p2a: Gholdengo|Air Balloon
|move|p1a: Great Tusk|Stealth Rock|p2a: Gholdengo
|-sidestart|p2: DeathFool|move: Stealth Rock
|
|-heal|p1a: Great Tusk|94/100 psn|[from] item: Leftovers
|-damage|p1a: Great Tusk|82/100 psn|[from] psn
|upkeep
|turn|3
|
|t:|1779595893
|move|p2a: Gholdengo|Make It Rain|p1a: Great Tusk
|-damage|p1a: Great Tusk|0 fnt
|-unboost|p2a: Gholdengo|spa|1
|faint|p1a: Great Tusk
|-end|p1a: Great Tusk|Protosynthesis|[silent]
|
|upkeep
|
|t:|1779595902
|switch|p1a: Gardevoir|Gardevoir, F|100/100
|-status|p1a: Gardevoir|psn
|turn|4
|l|☆DeathFool
|inactive|DeathFool disconnected and has a minute to reconnect!
|player|p2|
|inactive|DeathFool has 30 seconds to reconnect!
|inactive|DeathFool has 20 seconds to reconnect!
|inactive|DeathFool has 15 seconds to reconnect!
|inactive|DeathFool has 10 seconds to reconnect!
|j|☆DeathFool
|inactive|DeathFool reconnected and has 100 seconds left.
|player|p2|DeathFool|youngster-gen4dp|
|l|☆DeathFool
|inactive|DeathFool disconnected and has a minute to reconnect!
|player|p2|
|j|☆DeathFool
|inactive|DeathFool reconnected and has 95 seconds left.
|player|p2|DeathFool|youngster-gen4dp|
|inactive|DeathFool has 90 seconds left.
|
|t:|1779595968
|switch|p2a: Glimmora|Glimmora, M|1/100
|-damage|p2a: Glimmora|0 fnt|[from] Stealth Rock
|faint|p2a: Glimmora
|move|p1a: Gardevoir|Mystical Fire|p2: Glimmora|[notarget]
|-fail|p1a: Gardevoir
|
|-damage|p1a: Gardevoir|88/100 psn|[from] psn
|upkeep
|
|t:|1779595979
|switch|p2a: Ting-Lu|Ting-Lu|100/100
|-damage|p2a: Ting-Lu|94/100|[from] Stealth Rock
|-ability|p2a: Ting-Lu|Vessel of Ruin
|turn|5
|
|t:|1779595988
|move|p1a: Gardevoir|Moonblast|p2a: Ting-Lu
|-supereffective|p2a: Ting-Lu
|-damage|p2a: Ting-Lu|37/100
|-damage|p1a: Gardevoir|78/100 psn|[from] item: Life Orb
|move|p2a: Ting-Lu|Spikes|p1a: Gardevoir
|-sidestart|p1: cassnull000|Spikes
|
|-heal|p2a: Ting-Lu|43/100|[from] item: Leftovers
|-damage|p1a: Gardevoir|66/100 psn|[from] psn
|upkeep
|turn|6
|inactive|DeathFool has 90 seconds left.
|
|t:|1779596001
|move|p1a: Gardevoir|Moonblast|p2a: Ting-Lu
|-supereffective|p2a: Ting-Lu
|-damage|p2a: Ting-Lu|0 fnt
|faint|p2a: Ting-Lu
|-damage|p1a: Gardevoir|56/100 psn|[from] item: Life Orb
|
|-damage|p1a: Gardevoir|44/100 psn|[from] psn
|upkeep
|
|t:|1779596009
|switch|p2a: Iron Valiant|Iron Valiant|100/100
|-damage|p2a: Iron Valiant|94/100|[from] Stealth Rock
|-enditem|p2a: Iron Valiant|Booster Energy
|-activate|p2a: Iron Valiant|ability: Quark Drive|[fromitem]
|-start|p2a: Iron Valiant|quarkdrivespe
|turn|7
|inactive|DeathFool has 90 seconds left.
|
|t:|1779596027
|-terastallize|p2a: Iron Valiant|Fairy
|move|p2a: Iron Valiant|Moonblast|p1a: Gardevoir
|-damage|p1a: Gardevoir|0 fnt
|faint|p1a: Gardevoir
|
|upkeep
|inactive|cassnull000 has 120 seconds left.
|
|t:|1779596062
|switch|p1a: Dondozo|Dondozo, F|100/100
|-status|p1a: Dondozo|psn
|-damage|p1a: Dondozo|88/100 psn|[from] Spikes
|turn|8
|
|t:|1779596070
|move|p2a: Iron Valiant|Moonblast|p1a: Dondozo
|-damage|p1a: Dondozo|44/100 psn
|move|p1a: Dondozo|Curse|p1a: Dondozo
|-unboost|p1a: Dondozo|spe|1
|-boost|p1a: Dondozo|atk|1
|-boost|p1a: Dondozo|def|1
|
|-heal|p1a: Dondozo|50/100 psn|[from] item: Leftovers
|-damage|p1a: Dondozo|38/100 psn|[from] psn
|upkeep
|turn|9
|inactive|cassnull000 has 120 seconds left.
|
|t:|1779596087
|move|p2a: Iron Valiant|Encore|p1a: Dondozo
|-start|p1a: Dondozo|Encore
|move|p1a: Dondozo|Curse|p1a: Dondozo
|-unboost|p1a: Dondozo|spe|1
|-boost|p1a: Dondozo|atk|1
|-boost|p1a: Dondozo|def|1
|
|-heal|p1a: Dondozo|44/100 psn|[from] item: Leftovers
|-damage|p1a: Dondozo|31/100 psn|[from] psn
|upkeep
|turn|10
|inactive|cassnull000 has 120 seconds left.
|
|t:|1779596110
|switch|p1a: Corviknight|Corviknight, F|100/100
|-ability|p1a: Corviknight|Pressure
|move|p2a: Iron Valiant|Moonblast|p1a: Corviknight
|-resisted|p1a: Corviknight
|-damage|p1a: Corviknight|69/100
|-unboost|p1a: Corviknight|spa|1
|
|-heal|p1a: Corviknight|75/100|[from] item: Leftovers
|upkeep
|turn|11
|
|t:|1779596124
|-end|p2a: Iron Valiant|Quark Drive|[silent]
|switch|p2a: Gholdengo|Gholdengo|100/100
|-damage|p2a: Gholdengo|94/100|[from] Stealth Rock
|-item|p2a: Gholdengo|Air Balloon
|move|p1a: Corviknight|U-turn|p2a: Gholdengo
|-resisted|p2a: Gholdengo
|-damage|p2a: Gholdengo|91/100
|-enditem|p2a: Gholdengo|Air Balloon
|
|t:|1779596135
|switch|p1a: Dragapult|Dragapult, F|100/100|[from] U-turn
|-status|p1a: Dragapult|psn
|-damage|p1a: Dragapult|88/100 psn|[from] Spikes
|
|-damage|p1a: Dragapult|76/100 psn|[from] psn
|upkeep
|turn|12
|
|t:|1779596147
|switch|p2a: Hatterene|Hatterene, F|100/100
|-damage|p2a: Hatterene|88/100|[from] Stealth Rock
|move|p1a: Dragapult|Shadow Ball|p2a: Hatterene
|-supereffective|p2a: Hatterene
|-damage|p2a: Hatterene|0 fnt
|faint|p2a: Hatterene
|
|-damage|p1a: Dragapult|64/100 psn|[from] psn
|upkeep
|
|t:|1779596160
|switch|p2a: Iron Valiant|Iron Valiant, tera:Fairy|94/100
|-damage|p2a: Iron Valiant|82/100|[from] Stealth Rock
|turn|13
|inactive|cassnull000 has 120 seconds left.
|
|t:|1779596171
|move|p1a: Dragapult|Shadow Ball|p2a: Iron Valiant
|-damage|p2a: Iron Valiant|0 fnt
|faint|p2a: Iron Valiant
|-end|p2a: Iron Valiant|Quark Drive|[silent]
|
|-damage|p1a: Dragapult|51/100 psn|[from] psn
|upkeep
|
|t:|1779596180
|switch|p2a: Meowscarada|Meowscarada, M|100/100
|-damage|p2a: Meowscarada|88/100|[from] Stealth Rock
|turn|14
|inactive|cassnull000 has 120 seconds left.
|
|t:|1779596192
|switch|p1a: Dondozo|Dondozo, F|31/100 psn
|-damage|p1a: Dondozo|19/100 psn|[from] Spikes
|move|p2a: Meowscarada|Triple Axel|p1a: Dondozo
|-start|p2a: Meowscarada|typechange|Ice|[from] ability: Protean
|-resisted|p1a: Dondozo
|-damage|p1a: Dondozo|16/100 psn
|-resisted|p1a: Dondozo
|-damage|p1a: Dondozo|11/100 psn
|-resisted|p1a: Dondozo
|-crit|p1a: Dondozo
|-damage|p1a: Dondozo|0 fnt
|faint|p1a: Dondozo
|-hitcount|p1: Dondozo|3
|
|upkeep
|inactive|cassnull000 has 120 seconds left.
|
|t:|1779596206
|switch|p1a: Dragapult|Dragapult, F|51/100 psn
|-damage|p1a: Dragapult|39/100 psn|[from] Spikes
|turn|15
|inactive|DeathFool has 120 seconds left.
|
|t:|1779596214
|move|p2a: Meowscarada|Triple Axel|p1a: Dragapult
|-supereffective|p1a: Dragapult
|-damage|p1a: Dragapult|16/100 psn
|-supereffective|p1a: Dragapult
|-damage|p1a: Dragapult|0 fnt
|faint|p1a: Dragapult
|-hitcount|p1: Dragapult|2
|
|upkeep
|
|t:|1779596221
|switch|p1a: Corviknight|Corviknight, F|75/100
|-ability|p1a: Corviknight|Pressure
|turn|16
|
|t:|1779596226
|move|p2a: Meowscarada|Triple Axel|p1a: Corviknight
|-damage|p1a: Corviknight|70/100
|-damage|p1a: Corviknight|58/100
|-crit|p1a: Corviknight
|-damage|p1a: Corviknight|35/100
|-hitcount|p1a: Corviknight|3
|move|p1a: Corviknight|Body Press|p2a: Meowscarada
|-supereffective|p2a: Meowscarada
|-damage|p2a: Meowscarada|12/100
|
|-heal|p1a: Corviknight|41/100|[from] item: Leftovers
|upkeep
|turn|17
|
|t:|1779596238
|move|p2a: Meowscarada|Triple Axel|p1a: Corviknight
|-damage|p1a: Corviknight|36/100
|-damage|p1a: Corviknight|25/100
|-damage|p1a: Corviknight|9/100
|-hitcount|p1a: Corviknight|3
|move|p1a: Corviknight|Roost|p1a: Corviknight
|-heal|p1a: Corviknight|59/100
|-singleturn|p1a: Corviknight|move: Roost
|
|-heal|p1a: Corviknight|65/100|[from] item: Leftovers
|upkeep
|turn|18
|
|t:|1779596250
|move|p2a: Meowscarada|Triple Axel|p1a: Corviknight
|-damage|p1a: Corviknight|59/100
|-damage|p1a: Corviknight|49/100
|-damage|p1a: Corviknight|33/100
|-hitcount|p1a: Corviknight|3
|move|p1a: Corviknight|Body Press|p2a: Meowscarada
|-supereffective|p2a: Meowscarada
|-damage|p2a: Meowscarada|0 fnt
|faint|p2a: Meowscarada
|
|-heal|p1a: Corviknight|39/100|[from] item: Leftovers
|upkeep
|
|t:|1779596263
|switch|p2a: Gholdengo|Gholdengo|91/100
|-damage|p2a: Gholdengo|85/100|[from] Stealth Rock
|turn|19
|
|t:|1779596268
|move|p2a: Gholdengo|Shadow Ball|p1a: Corviknight
|-damage|p1a: Corviknight|0 fnt
|faint|p1a: Corviknight
|
|upkeep
|
|t:|1779596274
|switch|p1a: Kingambit|Kingambit, M|100/100
|-damage|p1a: Kingambit|88/100|[from] Spikes
|-activate|p1a: Kingambit|ability: Supreme Overlord
|-start|p1a: Kingambit|fallen5|[silent]
|turn|20
|
|t:|1779596290
|move|p1a: Kingambit|Sucker Punch||[still]
|-fail|p1a: Kingambit
|move|p2a: Gholdengo|Recover|p2a: Gholdengo
|-heal|p2a: Gholdengo|100/100
|
|upkeep
|turn|21
|c|☆DeathFool|Check
|
|t:|1779596299
|move|p1a: Kingambit|Sucker Punch||[still]
|-fail|p1a: Kingambit
|move|p2a: Gholdengo|Nasty Plot|p2a: Gholdengo
|-boost|p2a: Gholdengo|spa|2
|
|upkeep
|turn|22
|
|t:|1779596306
|move|p1a: Kingambit|Sucker Punch||[still]
|-fail|p1a: Kingambit
|move|p2a: Gholdengo|Nasty Plot|p2a: Gholdengo
|-boost|p2a: Gholdengo|spa|2
|
|upkeep
|turn|23
|
|t:|1779596312
|move|p2a: Gholdengo|Nasty Plot|p2a: Gholdengo
|-boost|p2a: Gholdengo|spa|2
|move|p1a: Kingambit|Kowtow Cleave|p2a: Gholdengo
|-supereffective|p2a: Gholdengo
|-damage|p2a: Gholdengo|0 fnt
|faint|p2a: Gholdengo
|
|win|cassnull000
|raw|cassnull000's rating: 1119 &rarr; <strong>1148</strong><br />(+29 for winning)
|raw|DeathFool's rating: 1168 &rarr; <strong>1139</strong><br />(-29 for losing)
|l|☆cassnull000
|player|p1|
|l|☆DeathFool
|player|p2|
|j|☆DeathFool
|player|p2|DeathFool|youngster-gen4dp|
|l|☆DeathFool
|player|p2|
