|j|☆calondro
|j|☆jessies boyfriend
|t:|1779557438
|gametype|singles
|player|p1|calondro|266|1350
|player|p2|jessies boyfriend|brock|1300
|gen|9
|tier|[Gen 9] OU
|rated|
|rule|HP Percentage Mod: HP is shown in percentages
|rule|Endless Battle Clause: Forcing endless battles is banned
|rule|Species Clause: Limit one of each Pokémon
|rule|OHKO Clause: OHKO moves are banned
|rule|Evasion Items Clause: Evasion items are banned
|rule|Evasion Moves Clause: Evasion moves are banned
|rule|Evasion Abilities Clause: Evasion abilities are banned
|rule|Sleep Moves Clause: Sleep-inducing moves are banned
|clearpoke
|poke|p1|Zamazenta-*|
|poke|p1|Dragapult, F|
|poke|p1|Pecharunt|
|poke|p1|Ogerpon-Wellspring, F|
|poke|p1|Iron Treads|
|poke|p1|Kingambit, M|
|poke|p2|Houndstone, M|
|poke|p2|Gholdengo|
|poke|p2|Incineroar, M|
|poke|p2|Glimmora, F|
|poke|p2|Forretress, F|
|poke|p2|Scrafty, F|
|teampreview
|inactive|Battle timer is ON: inactive players will automatically lose when time's up. (requested by jessies boyfriend)
|
|t:|1779557451
|teamsize|p1|6
|teamsize|p2|6
|start
|switch|p1a: Iron Treads|Iron Treads|100/100
|switch|p2a: Forretress|Forretress, F|100/100
|-enditem|p1a: Iron Treads|Booster Energy
|-activate|p1a: Iron Treads|ability: Quark Drive|[fromitem]
|-start|p1a: Iron Treads|quarkdrivespe
|turn|1
|
|t:|1779557460
|move|p1a: Iron Treads|Earthquake|p2a: Forretress
|-damage|p2a: Forretress|74/100
|move|p2a: Forretress|Stealth Rock|p1a: Iron Treads
|-sidestart|p1: calondro|move: Stealth Rock
|
|upkeep
|turn|2
|
|t:|1779557466
|switch|p2a: Houndstone|Houndstone, M|100/100
|move|p1a: Iron Treads|Stealth Rock|p2a: Houndstone
|-sidestart|p2: jessies boyfriend|move: Stealth Rock
|
|upkeep
|turn|3
|
|t:|1779557472
|move|p1a: Iron Treads|Knock Off|p2a: Houndstone
|-supereffective|p2a: Houndstone
|-damage|p2a: Houndstone|72/100
|-enditem|p2a: Houndstone|Leftovers|[from] move: Knock Off|[of] p1a: Iron Treads
|move|p2a: Houndstone|Roar|p1a: Iron Treads
|-end|p1a: Iron Treads|Quark Drive|[silent]
|drag|p1a: Ogerpon|Ogerpon-Wellspring, F|100/100
|-damage|p1a: Ogerpon|88/100|[from] Stealth Rock
|
|upkeep
|turn|4
|
|t:|1779557483
|move|p1a: Ogerpon|Swords Dance|p1a: Ogerpon
|-boost|p1a: Ogerpon|atk|2
|move|p2a: Houndstone|Roar|p1a: Ogerpon
|drag|p1a: Zamazenta|Zamazenta|100/100
|-damage|p1a: Zamazenta|94/100|[from] Stealth Rock
|-ability|p1a: Zamazenta|Dauntless Shield|boost
|-boost|p1a: Zamazenta|def|1
|
|upkeep
|turn|5
|
|t:|1779557493
|move|p1a: Zamazenta|Reflect|p1a: Zamazenta
|-sidestart|p1: calondro|Reflect
|move|p2a: Houndstone|Pain Split|p1a: Zamazenta
|-sethp|p1a: Zamazenta|79/100|[from] move: Pain Split|[silent]
|-sethp|p2a: Houndstone|89/100|[from] move: Pain Split
|
|upkeep
|turn|6
|
|t:|1779557499
|switch|p2a: Forretress|Forretress, F|74/100
|move|p1a: Zamazenta|Light Screen|p1a: Zamazenta
|-sidestart|p1: calondro|move: Light Screen
|
|upkeep
|turn|7
|
|t:|1779557504
|move|p2a: Forretress|Spikes|p1a: Zamazenta
|-sidestart|p1: calondro|Spikes
|move|p1a: Zamazenta|Roar|p2a: Forretress
|drag|p2a: Houndstone|Houndstone, M|89/100
|-damage|p2a: Houndstone|76/100|[from] Stealth Rock
|
|upkeep
|turn|8
|
|t:|1779557512
|move|p1a: Zamazenta|Roar|p2a: Houndstone
|drag|p2a: Forretress|Forretress, F|74/100
|
|upkeep
|turn|9
|
|t:|1779557517
|move|p1a: Zamazenta|Close Combat|p2a: Forretress
|-damage|p2a: Forretress|47/100
|-unboost|p1a: Zamazenta|def|1
|-unboost|p1a: Zamazenta|spd|1
|move|p2a: Forretress|Spikes|p1a: Zamazenta
|-sidestart|p1: calondro|Spikes
|
|upkeep
|turn|10
|
|t:|1779557525
|switch|p1a: Kingambit|Kingambit, M|100/100
|-damage|p1a: Kingambit|94/100|[from] Stealth Rock
|-damage|p1a: Kingambit|78/100|[from] Spikes
|move|p2a: Forretress|Pain Split|p1a: Kingambit
|-sethp|p1a: Kingambit|63/100|[from] move: Pain Split|[silent]
|-sethp|p2a: Forretress|61/100|[from] move: Pain Split
|
|-heal|p1a: Kingambit|69/100|[from] item: Leftovers
|upkeep
|turn|11
|
|t:|1779557538
|move|p1a: Kingambit|Swords Dance|p1a: Kingambit
|-boost|p1a: Kingambit|atk|2
|move|p2a: Forretress|Rapid Spin|p1a: Kingambit
|-resisted|p1a: Kingambit
|-damage|p1a: Kingambit|67/100
|-boost|p2a: Forretress|spe|1
|-sideend|p2: jessies boyfriend|Stealth Rock|[from] move: Rapid Spin|[of] p2a: Forretress
|
|-heal|p1a: Kingambit|74/100|[from] item: Leftovers
|upkeep
|turn|12
|
|t:|1779557548
|switch|p2a: Incineroar|Incineroar, M|100/100
|-ability|p2a: Incineroar|Intimidate|boost
|-unboost|p1a: Kingambit|atk|1
|move|p1a: Kingambit|Kowtow Cleave|p2a: Incineroar
|-resisted|p2a: Incineroar
|-damage|p2a: Incineroar|61/100
|
|-heal|p1a: Kingambit|80/100|[from] item: Leftovers
|-sideend|p1: calondro|Reflect
|upkeep
|turn|13
|
|t:|1779557559
|move|p2a: Incineroar|Drain Punch|p1a: Kingambit
|-supereffective|p1a: Kingambit
|-damage|p1a: Kingambit|0 fnt
|-heal|p2a: Incineroar|100/100|[from] drain|[of] p1a: Kingambit
|faint|p1a: Kingambit
|-end|p1a: Kingambit|fallenundefined|[silent]
|
|-sideend|p1: calondro|move: Light Screen
|upkeep
|
|t:|1779557568
|switch|p1a: Iron Treads|Iron Treads|100/100
|-damage|p1a: Iron Treads|97/100|[from] Stealth Rock
|-damage|p1a: Iron Treads|81/100|[from] Spikes
|turn|14
|
|t:|1779557573
|switch|p2a: Houndstone|Houndstone, M|76/100
|move|p1a: Iron Treads|Knock Off|p2a: Houndstone
|-supereffective|p2a: Houndstone
|-damage|p2a: Houndstone|56/100
|
|upkeep
|turn|15
|
|t:|1779557585
|move|p1a: Iron Treads|Earthquake|p2a: Houndstone
|-damage|p2a: Houndstone|7/100
|move|p2a: Houndstone|Roar|p1a: Iron Treads
|-end|p1a: Iron Treads|Quark Drive|[silent]
|drag|p1a: Pecharunt|Pecharunt|100/100
|-damage|p1a: Pecharunt|88/100|[from] Stealth Rock
|-damage|p1a: Pecharunt|71/100|[from] Spikes
|
|-heal|p1a: Pecharunt|78/100|[from] item: Leftovers
|upkeep
|turn|16
|
|t:|1779557597
|switch|p2a: Glimmora|Glimmora, F|100/100
|-item|p2a: Glimmora|Air Balloon
|move|p1a: Pecharunt|Shadow Ball|p2a: Glimmora
|-damage|p2a: Glimmora|75/100
|-enditem|p2a: Glimmora|Air Balloon
|
|-heal|p1a: Pecharunt|84/100|[from] item: Leftovers
|upkeep
|turn|17
|
|t:|1779557608
|move|p1a: Pecharunt|Nasty Plot|p1a: Pecharunt
|-boost|p1a: Pecharunt|spa|2
|move|p2a: Glimmora|Toxic Spikes|p1a: Pecharunt
|-sidestart|p1: calondro|move: Toxic Spikes
|
|-heal|p1a: Pecharunt|90/100|[from] item: Leftovers
|upkeep
|turn|18
|
|t:|1779557617
|move|p1a: Pecharunt|Shadow Ball|p2a: Glimmora
|-damage|p2a: Glimmora|21/100
|move|p2a: Glimmora|Power Gem|p1a: Pecharunt
|-damage|p1a: Pecharunt|52/100
|
|-heal|p1a: Pecharunt|58/100|[from] item: Leftovers
|upkeep
|turn|19
|
|t:|1779557626
|move|p1a: Pecharunt|Recover|p1a: Pecharunt
|-heal|p1a: Pecharunt|100/100
|move|p2a: Glimmora|Power Gem|p1a: Pecharunt
|-damage|p1a: Pecharunt|65/100
|
|-heal|p1a: Pecharunt|71/100|[from] item: Leftovers
|upkeep
|turn|20
|
|t:|1779557635
|move|p1a: Pecharunt|Nasty Plot|p1a: Pecharunt
|-boost|p1a: Pecharunt|spa|2
|move|p2a: Glimmora|Power Gem|p1a: Pecharunt
|-damage|p1a: Pecharunt|38/100
|
|-heal|p1a: Pecharunt|44/100|[from] item: Leftovers
|upkeep
|turn|21
|
|t:|1779557643
|move|p1a: Pecharunt|Recover|p1a: Pecharunt
|-heal|p1a: Pecharunt|94/100
|move|p2a: Glimmora|Power Gem|p1a: Pecharunt
|-damage|p1a: Pecharunt|62/100
|
|-heal|p1a: Pecharunt|68/100|[from] item: Leftovers
|upkeep
|turn|22
|
|t:|1779557652
|move|p1a: Pecharunt|Shadow Ball|p2a: Glimmora
|-damage|p2a: Glimmora|0 fnt
|faint|p2a: Glimmora
|
|-heal|p1a: Pecharunt|74/100|[from] item: Leftovers
|upkeep
|
|t:|1779557658
|switch|p2a: Scrafty|Scrafty, F, shiny|100/100
|-ability|p2a: Scrafty|Intimidate|boost
|-unboost|p1a: Pecharunt|atk|1
|turn|23
|
|t:|1779557663
|-terastallize|p2a: Scrafty|Poison
|move|p1a: Pecharunt|Shadow Ball|p2a: Scrafty
|-damage|p2a: Scrafty|54/100
|-unboost|p2a: Scrafty|spd|1
|move|p2a: Scrafty|Dragon Tail|p1a: Pecharunt
|-damage|p1a: Pecharunt|65/100
|drag|p1a: Iron Treads|Iron Treads|81/100
|-damage|p1a: Iron Treads|78/100|[from] Stealth Rock
|-damage|p1a: Iron Treads|61/100|[from] Spikes
|
|upkeep
|turn|24
|
|t:|1779557676
|switch|p2a: Houndstone|Houndstone, M|7/100
|move|p1a: Iron Treads|Rapid Spin|p2a: Houndstone
|-immune|p2a: Houndstone
|
|upkeep
|turn|25
|
|t:|1779557682
|move|p1a: Iron Treads|Knock Off|p2a: Houndstone
|-supereffective|p2a: Houndstone
|-damage|p2a: Houndstone|0 fnt
|faint|p2a: Houndstone
|
|upkeep
|
|t:|1779557697
|switch|p2a: Incineroar|Incineroar, M|100/100
|-ability|p2a: Incineroar|Intimidate|boost
|-unboost|p1a: Iron Treads|atk|1
|turn|26
|
|t:|1779557702
|switch|p2a: Gholdengo|Gholdengo|100/100
|move|p1a: Iron Treads|Rapid Spin|p2a: Gholdengo
|-immune|p2a: Gholdengo
|
|upkeep
|turn|27
|
|t:|1779557711
|switch|p2a: Incineroar|Incineroar, M|100/100
|-ability|p2a: Incineroar|Intimidate|boost
|-unboost|p1a: Iron Treads|atk|1
|move|p1a: Iron Treads|Earthquake|p2a: Incineroar
|-supereffective|p2a: Incineroar
|-damage|p2a: Incineroar|48/100
|
|upkeep
|turn|28
|
|t:|1779557718
|switch|p2a: Gholdengo|Gholdengo|100/100
|move|p1a: Iron Treads|Earthquake|p2a: Gholdengo
|-supereffective|p2a: Gholdengo
|-damage|p2a: Gholdengo|68/100
|-enditem|p2a: Gholdengo|Red Card|[of] p1a: Iron Treads
|-end|p1a: Iron Treads|Quark Drive|[silent]
|drag|p1a: Dragapult|Dragapult, F|100/100
|-damage|p1a: Dragapult|88/100|[from] Stealth Rock
|-damage|p1a: Dragapult|72/100|[from] Spikes
|-status|p1a: Dragapult|psn
|
|-heal|p1a: Dragapult|78/100 psn|[from] item: Leftovers
|-damage|p1a: Dragapult|65/100 psn|[from] psn
|upkeep
|turn|29
|
|t:|1779557736
|switch|p2a: Incineroar|Incineroar, M|48/100
|-ability|p2a: Incineroar|Intimidate|boost
|-fail|p1a: Dragapult|unboost|[from] ability: Clear Body|[of] p1a: Dragapult
|move|p1a: Dragapult|Flamethrower|p2a: Incineroar
|-resisted|p2a: Incineroar
|-damage|p2a: Incineroar|41/100
|
|-heal|p1a: Dragapult|71/100 psn|[from] item: Leftovers
|-damage|p1a: Dragapult|59/100 psn|[from] psn
|upkeep
|turn|30
|
|t:|1779557748
|move|p1a: Dragapult|Dragon Darts|p2a: Incineroar
|-damage|p2a: Incineroar|14/100
|-anim|p1a: Dragapult|Dragon Darts|p2a: Incineroar
|-damage|p2a: Incineroar|0 fnt
|faint|p2a: Incineroar
|
|-heal|p1a: Dragapult|65/100 psn|[from] item: Leftovers
|-damage|p1a: Dragapult|53/100 psn|[from] psn
|upkeep
|
|t:|1779557753
|switch|p2a: Scrafty|Scrafty, F, shiny, tera:Poison|54/100
|-ability|p2a: Scrafty|Intimidate|boost
|-fail|p1a: Dragapult|unboost|[from] ability: Clear Body|[of] p1a: Dragapult
|turn|31
|
|t:|1779557760
|move|p1a: Dragapult|Dragon Darts|p2a: Scrafty
|-damage|p2a: Scrafty|32/100
|-anim|p1a: Dragapult|Dragon Darts|p2a: Scrafty
|-damage|p2a: Scrafty|12/100
|move|p2a: Scrafty|Dragon Tail|p1a: Dragapult
|-supereffective|p1a: Dragapult
|-crit|p1a: Dragapult
|-damage|p1a: Dragapult|3/100 psn
|drag|p1a: Iron Treads|Iron Treads|61/100
|-damage|p1a: Iron Treads|58/100|[from] Stealth Rock
|-damage|p1a: Iron Treads|42/100|[from] Spikes
|
|upkeep
|turn|32
|
|t:|1779557777
|move|p1a: Iron Treads|Earthquake|p2a: Scrafty
|-supereffective|p2a: Scrafty
|-damage|p2a: Scrafty|0 fnt
|faint|p2a: Scrafty
|
|upkeep
|
|t:|1779557779
|switch|p2a: Gholdengo|Gholdengo|68/100
|turn|33
|
|t:|1779557789
|-end|p1a: Iron Treads|Quark Drive|[silent]
|switch|p1a: Dragapult|Dragapult, F|3/100 psn
|-damage|p1a: Dragapult|0 fnt|[from] Stealth Rock
|faint|p1a: Dragapult
|move|p2a: Gholdengo|Hex|p1: Dragapult|[notarget]
|-fail|p2a: Gholdengo
|
|upkeep
|
|t:|1779557798
|switch|p1a: Pecharunt|Pecharunt|65/100
|-damage|p1a: Pecharunt|53/100|[from] Stealth Rock
|-damage|p1a: Pecharunt|36/100|[from] Spikes
|-sideend|p1: calondro|move: Toxic Spikes|[of] p1a: Pecharunt
|turn|34
|
|t:|1779557807
|move|p1a: Pecharunt|Shadow Ball|p2a: Gholdengo
|-supereffective|p2a: Gholdengo
|-damage|p2a: Gholdengo|17/100
|move|p2a: Gholdengo|Hex|p1a: Pecharunt
|-supereffective|p1a: Pecharunt
|-damage|p1a: Pecharunt|0 fnt
|faint|p1a: Pecharunt
|
|upkeep
|
|t:|1779557832
|switch|p1a: Iron Treads|Iron Treads|42/100
|-damage|p1a: Iron Treads|39/100|[from] Stealth Rock
|-damage|p1a: Iron Treads|22/100|[from] Spikes
|turn|35
|
|t:|1779557845
|move|p1a: Iron Treads|Earthquake|p2a: Gholdengo
|-supereffective|p2a: Gholdengo
|-damage|p2a: Gholdengo|0 fnt
|faint|p2a: Gholdengo
|
|upkeep
|
|t:|1779557846
|switch|p2a: Forretress|Forretress, F|61/100
|turn|36
|
|t:|1779557852
|move|p1a: Iron Treads|Rapid Spin|p2a: Forretress
|-resisted|p2a: Forretress
|-damage|p2a: Forretress|57/100
|-boost|p1a: Iron Treads|spe|1
|-sideend|p1: calondro|Spikes|[from] move: Rapid Spin|[of] p1a: Iron Treads
|-sideend|p1: calondro|Stealth Rock|[from] move: Rapid Spin|[of] p1a: Iron Treads
|move|p2a: Forretress|Rapid Spin|p1a: Iron Treads
|-resisted|p1a: Iron Treads
|-damage|p1a: Iron Treads|18/100
|-boost|p2a: Forretress|spe|1
|
|upkeep
|turn|37
|
|t:|1779557862
|move|p1a: Iron Treads|Earthquake|p2a: Forretress
|-damage|p2a: Forretress|32/100
|move|p2a: Forretress|Rapid Spin|p1a: Iron Treads
|-resisted|p1a: Iron Treads
|-damage|p1a: Iron Treads|12/100
|-boost|p2a: Forretress|spe|1
|
|upkeep
|turn|38
|
|t:|1779557870
|move|p1a: Iron Treads|Earthquake|p2a: Forretress
|-damage|p2a: Forretress|7/100
|move|p2a: Forretress|Rapid Spin|p1a: Iron Treads
|-resisted|p1a: Iron Treads
|-damage|p1a: Iron Treads|8/100
|-boost|p2a: Forretress|spe|1
|
|upkeep
|turn|39
|
|t:|1779557877
|move|p1a: Iron Treads|Earthquake|p2a: Forretress
|-damage|p2a: Forretress|0 fnt
|faint|p2a: Forretress
|
|win|calondro
|raw|calondro's rating: 1350 &rarr; <strong>1367</strong><br />(+17 for winning)
|raw|jessies boyfriend's rating: 1300 &rarr; <strong>1279</strong><br />(-21 for losing)
|l|☆jessies boyfriend
|player|p2|
|l|☆calondro
|player|p1|
