|j|☆sdkid
|j|☆Srglz
|t:|1779724107
|gametype|singles
|player|p1|sdkid|burglar|1230
|player|p2|Srglz|102|1284
|gen|9
|tier|[Gen 9] OU
|rated|
|rule|HP Percentage Mod: HP is shown in percentages
|rule|Endless Battle Clause: Forcing endless battles is banned
|rule|Species Clause: Limit one of each Pokémon
|rule|OHKO Clause: OHKO moves are banned
|rule|Evasion Items Clause: Evasion items are banned
|rule|Evasion Moves Clause: Evasion moves are banned
|rule|Evasion Abilities Clause: Evasion abilities are banned
|rule|Sleep Moves Clause: Sleep-inducing moves are banned
|clearpoke
|poke|p1|Gholdengo|
|poke|p1|Ting-Lu|
|poke|p1|Dragonite, F|
|poke|p1|Ogerpon-Wellspring, F|
|poke|p1|Kingambit, M|
|poke|p1|Iron Moth|
|poke|p2|Lurantis, F|
|poke|p2|Garganacl, F|
|poke|p2|Gholdengo|
|poke|p2|Clefable, M|
|poke|p2|Ceruledge, F|
|poke|p2|Skeledirge, F|
|teampreview
|inactive|Battle timer is ON: inactive players will automatically lose when time's up. (requested by sdkid)
|j| Hero24
|
|t:|1779724121
|teamsize|p1|6
|teamsize|p2|6
|start
|switch|p1a: Ogerpon|Ogerpon-Wellspring, F|100/100
|switch|p2a: Clefable|Clefable, M|100/100
|turn|1
|
|t:|1779724128
|move|p1a: Ogerpon|Swords Dance|p1a: Ogerpon
|-boost|p1a: Ogerpon|atk|2
|move|p2a: Clefable|Thunder Wave|p1a: Ogerpon
|-status|p1a: Ogerpon|par
|
|upkeep
|turn|2
|
|t:|1779724135
|move|p1a: Ogerpon|Knock Off|p2a: Clefable
|-resisted|p2a: Clefable
|-damage|p2a: Clefable|73/100
|-enditem|p2a: Clefable|Leftovers|[from] move: Knock Off|[of] p1a: Ogerpon
|move|p2a: Clefable|Encore|p1a: Ogerpon
|-start|p1a: Ogerpon|Encore
|
|upkeep
|turn|3
|
|t:|1779724144
|switch|p1a: Gholdengo|Gholdengo|100/100
|move|p2a: Clefable|Wish|p2a: Clefable
|
|upkeep
|turn|4
|
|t:|1779724157
|move|p1a: Gholdengo|Trick|p2a: Clefable
|-activate|p1a: Gholdengo|move: Trick|[of] p2a: Clefable
|-item|p2a: Clefable|Choice Scarf|[from] move: Trick
|-enditem|p1a: Gholdengo|Choice Scarf|[silent]|[from] move: Trick
|move|p2a: Clefable|Thunder Wave|p1a: Gholdengo
|-immune|p1a: Gholdengo|[from] ability: Good as Gold
|
|-heal|p2a: Clefable|100/100|[from] move: Wish|[wisher] Clefable
|upkeep
|turn|5
|
|t:|1779724173
|switch|p2a: Skeledirge|Skeledirge, F|100/100
|move|p1a: Gholdengo|Shadow Ball|p2a: Skeledirge
|-supereffective|p2a: Skeledirge
|-damage|p2a: Skeledirge|41/100
|
|-heal|p2a: Skeledirge|47/100|[from] item: Leftovers
|upkeep
|turn|6
|
|t:|1779724183
|-terastallize|p2a: Skeledirge|Water
|move|p1a: Gholdengo|Shadow Ball|p2a: Skeledirge
|-damage|p2a: Skeledirge|19/100
|-unboost|p2a: Skeledirge|spd|1
|move|p2a: Skeledirge|Slack Off|p2a: Skeledirge
|-heal|p2a: Skeledirge|69/100
|
|-heal|p2a: Skeledirge|75/100|[from] item: Leftovers
|upkeep
|turn|7
|
|t:|1779724205
|switch|p1a: Ogerpon|Ogerpon-Wellspring, F|100/100 par
|switch|p2a: Clefable|Clefable, M|100/100
|
|upkeep
|turn|8
|
|t:|1779724215
|move|p2a: Clefable|Night Shade|p1a: Ogerpon
|-damage|p1a: Ogerpon|67/100 par
|move|p1a: Ogerpon|Ivy Cudgel|p2a: Clefable|[anim] Ivy Cudgel Water
|-damage|p2a: Clefable|58/100
|
|upkeep
|turn|9
|inactive|sdkid has 120 seconds left.
|
|t:|1779724245
|move|p2a: Clefable|Night Shade|p1a: Ogerpon
|-damage|p1a: Ogerpon|34/100 par
|move|p1a: Ogerpon|Ivy Cudgel|p2a: Clefable|[anim] Ivy Cudgel Water
|-damage|p2a: Clefable|13/100
|
|upkeep
|turn|10
|inactive|sdkid has 120 seconds left.
|
|t:|1779724253
|move|p2a: Clefable|Night Shade|p1a: Ogerpon
|-damage|p1a: Ogerpon|1/100 par
|move|p1a: Ogerpon|Ivy Cudgel|p2a: Clefable|[anim] Ivy Cudgel Water
|-damage|p2a: Clefable|0 fnt
|faint|p2a: Clefable
|
|upkeep
|
|t:|1779724273
|switch|p2a: Ceruledge|Ceruledge, F|100/100
|turn|11
|
|t:|1779724280
|move|p2a: Ceruledge|Shadow Claw|p1a: Ogerpon
|-crit|p1a: Ogerpon
|-damage|p1a: Ogerpon|0 fnt
|faint|p1a: Ogerpon
|
|upkeep
|
|t:|1779724289
|switch|p1a: Ting-Lu|Ting-Lu|100/100
|-ability|p1a: Ting-Lu|Vessel of Ruin
|turn|12
|
|t:|1779724296
|move|p2a: Ceruledge|Destiny Bond|p2a: Ceruledge
|-singlemove|p2a: Ceruledge|Destiny Bond
|move|p1a: Ting-Lu|Stealth Rock|p2a: Ceruledge
|-sidestart|p2: Srglz|move: Stealth Rock
|
|upkeep
|turn|13
|
|t:|1779724304
|move|p2a: Ceruledge|Swords Dance|p2a: Ceruledge
|-boost|p2a: Ceruledge|atk|2
|move|p1a: Ting-Lu|Spikes|p2a: Ceruledge
|-sidestart|p2: Srglz|Spikes
|
|upkeep
|turn|14
|
|t:|1779724309
|move|p2a: Ceruledge|Swords Dance|p2a: Ceruledge
|-boost|p2a: Ceruledge|atk|2
|move|p1a: Ting-Lu|Earthquake|p2a: Ceruledge
|-supereffective|p2a: Ceruledge
|-enditem|p2a: Ceruledge|Focus Sash
|-damage|p2a: Ceruledge|1/100
|-ability|p2a: Ceruledge|Weak Armor|boost
|-unboost|p2a: Ceruledge|def|1
|-boost|p2a: Ceruledge|spe|2
|
|upkeep
|turn|15
|
|t:|1779724332
|move|p2a: Ceruledge|Shadow Claw|p1a: Ting-Lu
|-resisted|p1a: Ting-Lu
|-damage|p1a: Ting-Lu|72/100
|-damage|p2a: Ceruledge|0 fnt|[from] item: Rocky Helmet|[of] p1a: Ting-Lu
|faint|p2a: Ceruledge
|move|p1a: Ting-Lu|Earthquake|p2: Ceruledge|[notarget]
|-fail|p1a: Ting-Lu
|
|upkeep
|
|t:|1779724344
|switch|p2a: Skeledirge|Skeledirge, F, tera:Water|75/100
|-damage|p2a: Skeledirge|63/100|[from] Stealth Rock
|-damage|p2a: Skeledirge|50/100|[from] Spikes
|turn|16
|
|t:|1779724356
|move|p2a: Skeledirge|Slack Off|p2a: Skeledirge
|-heal|p2a: Skeledirge|99/100
|move|p1a: Ting-Lu|Spikes|p2a: Skeledirge
|-sidestart|p2: Srglz|Spikes
|
|-heal|p2a: Skeledirge|100/100|[from] item: Leftovers
|upkeep
|turn|17
|
|t:|1779724368
|switch|p1a: Iron Moth|Iron Moth|100/100
|-enditem|p1a: Iron Moth|Booster Energy
|-activate|p1a: Iron Moth|ability: Quark Drive|[fromitem]
|-start|p1a: Iron Moth|quarkdrivespe
|move|p2a: Skeledirge|Will-O-Wisp|p1a: Iron Moth
|-immune|p1a: Iron Moth
|
|upkeep
|turn|18
|
|t:|1779724400
|move|p1a: Iron Moth|Fiery Dance|p2a: Skeledirge
|-resisted|p2a: Skeledirge
|-damage|p2a: Skeledirge|87/100
|-boost|p1a: Iron Moth|spa|1
|move|p2a: Skeledirge|Torch Song|p1a: Iron Moth
|-resisted|p1a: Iron Moth
|-damage|p1a: Iron Moth|85/100
|-boost|p2a: Skeledirge|spa|1
|
|-heal|p2a: Skeledirge|93/100|[from] item: Leftovers
|upkeep
|turn|19
|
|t:|1779724411
|move|p1a: Iron Moth|Energy Ball|p2a: Skeledirge
|-supereffective|p2a: Skeledirge
|-damage|p2a: Skeledirge|47/100
|move|p2a: Skeledirge|Torch Song|p1a: Iron Moth
|-resisted|p1a: Iron Moth
|-damage|p1a: Iron Moth|63/100
|-boost|p2a: Skeledirge|spa|1
|
|-heal|p2a: Skeledirge|54/100|[from] item: Leftovers
|upkeep
|turn|20
|
|t:|1779724422
|move|p1a: Iron Moth|Energy Ball|p2a: Skeledirge
|-supereffective|p2a: Skeledirge
|-crit|p2a: Skeledirge
|-damage|p2a: Skeledirge|0 fnt
|faint|p2a: Skeledirge
|
|upkeep
|
|t:|1779724429
|switch|p2a: Garganacl|Garganacl, F|100/100
|-damage|p2a: Garganacl|88/100|[from] Stealth Rock
|-damage|p2a: Garganacl|72/100|[from] Spikes
|turn|21
|
|t:|1779724444
|-terastallize|p1a: Iron Moth|Grass
|move|p1a: Iron Moth|Energy Ball|p2a: Garganacl
|-supereffective|p2a: Garganacl
|-damage|p2a: Garganacl|0 fnt
|faint|p2a: Garganacl
|
|upkeep
|-message|Srglz forfeited.
|
|win|sdkid
|raw|sdkid's rating: 1230 &rarr; <strong>1259</strong><br />(+29 for winning)
|raw|Srglz's rating: 1284 &rarr; <strong>1255</strong><br />(-29 for losing)
|l|☆Srglz
|player|p2|
