|j|☆batou7
|j|☆tuteng
|t:|1779627654
|gametype|singles
|player|p1|batou7|morty|1104
|player|p2|tuteng|maid|1081
|gen|9
|tier|[Gen 9] OU
|rated|
|rule|HP Percentage Mod: HP is shown in percentages
|rule|Endless Battle Clause: Forcing endless battles is banned
|rule|Species Clause: Limit one of each Pokémon
|rule|OHKO Clause: OHKO moves are banned
|rule|Evasion Items Clause: Evasion items are banned
|rule|Evasion Moves Clause: Evasion moves are banned
|rule|Evasion Abilities Clause: Evasion abilities are banned
|rule|Sleep Moves Clause: Sleep-inducing moves are banned
|clearpoke
|poke|p1|Darkrai|
|poke|p1|Garchomp, F|
|poke|p1|Alomomola, M|
|poke|p1|Corviknight, M|
|poke|p1|Weezing-Galar, M|
|poke|p1|Ogerpon, F|
|poke|p2|Cloyster, F|
|poke|p2|Tyranitar, M|
|poke|p2|Corviknight, M|
|poke|p2|Glimmora, M|
|poke|p2|Sinistcha|
|poke|p2|Lycanroc, M|
|teampreview
|
|t:|1779627662
|teamsize|p1|6
|teamsize|p2|6
|start
|switch|p1a: Garchomp|Garchomp, F|100/100
|switch|p2a: Glimmora|Glimmora, M|100/100
|turn|1
|
|t:|1779627669
|switch|p2a: Corviknight|Corviknight, M|100/100
|move|p1a: Garchomp|Stealth Rock|p2a: Corviknight
|-sidestart|p2: tuteng|move: Stealth Rock
|
|upkeep
|turn|2
|
|t:|1779627679
|move|p1a: Garchomp|Spikes|p2a: Corviknight
|-sidestart|p2: tuteng|Spikes
|move|p2a: Corviknight|Defog|p1a: Garchomp
|-unboost|p1a: Garchomp|evasion|1
|-sideend|p2: tuteng|Spikes|[from] move: Defog|[of] p2a: Corviknight
|-sideend|p2: tuteng|Stealth Rock|[from] move: Defog|[of] p2a: Corviknight
|
|upkeep
|turn|3
|
|t:|1779627685
|move|p1a: Garchomp|Stealth Rock|p2a: Corviknight
|-sidestart|p2: tuteng|move: Stealth Rock
|move|p2a: Corviknight|Brave Bird|p1a: Garchomp
|-damage|p1a: Garchomp|77/100
|-damage|p2a: Corviknight|88/100|[from] ability: Rough Skin|[of] p1a: Garchomp
|-damage|p2a: Corviknight|71/100|[from] item: Rocky Helmet|[of] p1a: Garchomp
|-damage|p2a: Corviknight|63/100|[from] Recoil
|
|upkeep
|turn|4
|
|t:|1779627693
|move|p2a: Corviknight|Roost|p2a: Corviknight
|-heal|p2a: Corviknight|100/100
|-singleturn|p2a: Corviknight|move: Roost
|move|p1a: Garchomp|Dragon Tail|p2a: Corviknight|[miss]
|-miss|p1a: Garchomp|p2a: Corviknight
|
|upkeep
|turn|5
|
|t:|1779627700
|move|p2a: Corviknight|Defog|p1a: Garchomp
|-unboost|p1a: Garchomp|evasion|1
|-sideend|p2: tuteng|Stealth Rock|[from] move: Defog|[of] p2a: Corviknight
|move|p1a: Garchomp|Dragon Tail|p2a: Corviknight
|-resisted|p2a: Corviknight
|-damage|p2a: Corviknight|92/100
|-damage|p1a: Garchomp|61/100|[from] item: Rocky Helmet|[of] p2a: Corviknight
|drag|p2a: Tyranitar|Tyranitar, M|100/100
|-weather|Sandstorm|[from] ability: Sand Stream|[of] p2a: Tyranitar
|
|-weather|Sandstorm|[upkeep]
|upkeep
|turn|6
|
|t:|1779627709
|switch|p2a: Corviknight|Corviknight, M|92/100
|move|p1a: Garchomp|Stealth Rock|p2a: Corviknight
|-sidestart|p2: tuteng|move: Stealth Rock
|
|-weather|Sandstorm|[upkeep]
|upkeep
|turn|7
|
|t:|1779627718
|move|p2a: Corviknight|Defog|p1a: Garchomp
|-unboost|p1a: Garchomp|evasion|1
|-sideend|p2: tuteng|Stealth Rock|[from] move: Defog|[of] p2a: Corviknight
|move|p1a: Garchomp|Dragon Tail|p2a: Corviknight
|-resisted|p2a: Corviknight
|-damage|p2a: Corviknight|85/100
|-damage|p1a: Garchomp|44/100|[from] item: Rocky Helmet|[of] p2a: Corviknight
|drag|p2a: Cloyster|Cloyster, F|100/100
|
|-weather|Sandstorm|[upkeep]
|-damage|p2a: Cloyster|94/100|[from] Sandstorm
|upkeep
|turn|8
|
|t:|1779627728
|move|p1a: Garchomp|Stealth Rock|p2a: Cloyster
|-sidestart|p2: tuteng|move: Stealth Rock
|move|p2a: Cloyster|Icicle Crash|p1a: Garchomp
|-supereffective|p1a: Garchomp
|-damage|p1a: Garchomp|0 fnt
|faint|p1a: Garchomp
|
|-weather|Sandstorm|[upkeep]
|-damage|p2a: Cloyster|88/100|[from] Sandstorm
|upkeep
|
|t:|1779627738
|switch|p1a: Ogerpon|Ogerpon, F|100/100
|turn|9
|
|t:|1779627741
|switch|p2a: Corviknight|Corviknight, M|85/100
|-damage|p2a: Corviknight|72/100|[from] Stealth Rock
|move|p1a: Ogerpon|Swords Dance|p1a: Ogerpon
|-boost|p1a: Ogerpon|atk|2
|
|-weather|none
|upkeep
|turn|10
|
|t:|1779627751
|move|p1a: Ogerpon|Ivy Cudgel|p2a: Corviknight
|-resisted|p2a: Corviknight
|-crit|p2a: Corviknight
|-damage|p2a: Corviknight|49/100
|move|p2a: Corviknight|Defog|p1a: Ogerpon
|-unboost|p1a: Ogerpon|evasion|1
|-ability|p1a: Ogerpon|Defiant|boost
|-boost|p1a: Ogerpon|atk|2
|-sideend|p2: tuteng|Stealth Rock|[from] move: Defog|[of] p2a: Corviknight
|
|upkeep
|turn|11
|
|t:|1779627774
|switch|p1a: Alomomola|Alomomola, M|100/100
|move|p2a: Corviknight|Roost|p2a: Corviknight
|-heal|p2a: Corviknight|99/100
|-singleturn|p2a: Corviknight|move: Roost
|
|upkeep
|turn|12
|
|t:|1779627784
|move|p2a: Corviknight|U-turn|p1a: Alomomola
|-damage|p1a: Alomomola|90/100
|
|t:|1779627786
|switch|p2a: Glimmora|Glimmora, M|100/100|[from] U-turn
|move|p1a: Alomomola|Body Slam|p2a: Glimmora
|-resisted|p2a: Glimmora
|-damage|p2a: Glimmora|92/100
|-activate|p2a: Glimmora|ability: Toxic Debris
|-sidestart|p1: batou7|move: Toxic Spikes
|
|upkeep
|turn|13
|
|t:|1779627795
|switch|p1a: Ogerpon|Ogerpon, F|100/100
|-status|p1a: Ogerpon|psn
|move|p2a: Glimmora|Mortal Spin|p1a: Ogerpon
|-supereffective|p1a: Ogerpon
|-damage|p1a: Ogerpon|84/100 psn
|
|-damage|p1a: Ogerpon|72/100 psn|[from] psn
|upkeep
|turn|14
|
|t:|1779627804
|switch|p2a: Corviknight|Corviknight, M|99/100
|move|p1a: Ogerpon|Swords Dance|p1a: Ogerpon
|-boost|p1a: Ogerpon|atk|2
|
|-damage|p1a: Ogerpon|59/100 psn|[from] psn
|upkeep
|turn|15
|
|t:|1779627813
|move|p1a: Ogerpon|Swords Dance|p1a: Ogerpon
|-boost|p1a: Ogerpon|atk|2
|move|p2a: Corviknight|U-turn|p1a: Ogerpon
|-supereffective|p1a: Ogerpon
|-damage|p1a: Ogerpon|22/100 psn
|
|t:|1779627819
|switch|p2a: Lycanroc|Lycanroc, M|100/100|[from] U-turn
|
|-damage|p1a: Ogerpon|10/100 psn|[from] psn
|upkeep
|turn|16
|
|t:|1779627824
|move|p2a: Lycanroc|Sucker Punch|p1a: Ogerpon
|-damage|p1a: Ogerpon|0 fnt
|faint|p1a: Ogerpon
|
|upkeep
|
|t:|1779627829
|switch|p1a: Alomomola|Alomomola, M|100/100
|-status|p1a: Alomomola|psn
|turn|17
|
|t:|1779627836
|switch|p2a: Corviknight|Corviknight, M|99/100
|move|p1a: Alomomola|Aqua Jet|p2a: Corviknight
|-damage|p2a: Corviknight|93/100
|-damage|p1a: Alomomola|84/100 psn|[from] item: Rocky Helmet|[of] p2a: Corviknight
|
|-damage|p1a: Alomomola|72/100 psn|[from] psn
|upkeep
|turn|18
|-message|batou7 forfeited.
|
|win|tuteng
|raw|batou7's rating: 1104 &rarr; <strong>1077</strong><br />(-27 for losing)
|raw|tuteng's rating: 1081 &rarr; <strong>1111</strong><br />(+30 for winning)
|l|☆batou7
|player|p1|
|l|☆tuteng
|player|p2|
|j|☆tuteng
|player|p2|tuteng|maid|
|l|☆tuteng
|player|p2|
