|j|☆mothcarona
|j|☆sommeliersam
|t:|1779681594
|gametype|singles
|player|p1|mothcarona|bellelba|1501
|player|p2|sommeliersam|169|1614
|gen|9
|tier|[Gen 9] OU
|rated|
|rule|HP Percentage Mod: HP is shown in percentages
|rule|Endless Battle Clause: Forcing endless battles is banned
|rule|Species Clause: Limit one of each Pokémon
|rule|OHKO Clause: OHKO moves are banned
|rule|Evasion Items Clause: Evasion items are banned
|rule|Evasion Moves Clause: Evasion moves are banned
|rule|Evasion Abilities Clause: Evasion abilities are banned
|rule|Sleep Moves Clause: Sleep-inducing moves are banned
|clearpoke
|poke|p1|Tyranitar, M|
|poke|p1|Ogerpon-Wellspring, F|
|poke|p1|Gliscor, F|
|poke|p1|Gholdengo|
|poke|p1|Zamazenta-*|
|poke|p1|Excadrill, F|
|poke|p2|Dragonite, F|
|poke|p2|Samurott-Hisui, F|
|poke|p2|Gholdengo|
|poke|p2|Pecharunt|
|poke|p2|Walking Wake|
|poke|p2|Ting-Lu|
|teampreview
|inactive|Battle timer is ON: inactive players will automatically lose when time's up. (requested by mothcarona)
|
|t:|1779681614
|teamsize|p1|6
|teamsize|p2|6
|start
|switch|p1a: Ogerpon|Ogerpon-Wellspring, F|100/100
|switch|p2a: Pecharunt|Pecharunt|100/100
|turn|1
|
|t:|1779681628
|move|p1a: Ogerpon|U-turn|p2a: Pecharunt
|-resisted|p2a: Pecharunt
|-damage|p2a: Pecharunt|96/100
|
|t:|1779681629
|switch|p1a: Gliscor|Gliscor, F|100/100|[from] U-turn
|move|p2a: Pecharunt|Shadow Ball|p1a: Gliscor
|-damage|p1a: Gliscor|77/100
|
|-status|p1a: Gliscor|tox|[from] item: Toxic Orb
|upkeep
|turn|2
|
|t:|1779681635
|switch|p2a: Ting-Lu|Ting-Lu|100/100
|-ability|p2a: Ting-Lu|Vessel of Ruin
|move|p1a: Gliscor|Earthquake|p2a: Ting-Lu
|-damage|p2a: Ting-Lu|83/100
|
|-heal|p2a: Ting-Lu|89/100|[from] item: Leftovers
|-heal|p1a: Gliscor|90/100 tox|[from] ability: Poison Heal
|upkeep
|turn|3
|
|t:|1779681637
|move|p1a: Gliscor|Toxic|p2a: Ting-Lu
|-status|p2a: Ting-Lu|tox
|move|p2a: Ting-Lu|Stealth Rock|p1a: Gliscor
|-sidestart|p1: mothcarona|move: Stealth Rock
|
|-heal|p2a: Ting-Lu|95/100 tox|[from] item: Leftovers
|-heal|p1a: Gliscor|100/100 tox|[from] ability: Poison Heal
|-damage|p2a: Ting-Lu|89/100 tox|[from] psn
|upkeep
|turn|4
|
|t:|1779681641
|move|p1a: Gliscor|Earthquake|p2a: Ting-Lu
|-damage|p2a: Ting-Lu|73/100 tox
|move|p2a: Ting-Lu|Ruination|p1a: Gliscor
|-damage|p1a: Gliscor|50/100 tox
|
|-heal|p2a: Ting-Lu|79/100 tox|[from] item: Leftovers
|-heal|p1a: Gliscor|63/100 tox|[from] ability: Poison Heal
|-damage|p2a: Ting-Lu|67/100 tox|[from] psn
|upkeep
|turn|5
|
|t:|1779681644
|move|p1a: Gliscor|Protect|p1a: Gliscor
|-singleturn|p1a: Gliscor|Protect
|move|p2a: Ting-Lu|Whirlwind|p1a: Gliscor
|drag|p1a: Zamazenta|Zamazenta|100/100
|-damage|p1a: Zamazenta|94/100|[from] Stealth Rock
|-ability|p1a: Zamazenta|Dauntless Shield|boost
|-boost|p1a: Zamazenta|def|1
|
|-heal|p1a: Zamazenta|100/100|[from] item: Leftovers
|-heal|p2a: Ting-Lu|73/100 tox|[from] item: Leftovers
|-damage|p2a: Ting-Lu|54/100 tox|[from] psn
|upkeep
|turn|6
|
|t:|1779681646
|switch|p2a: Pecharunt|Pecharunt|96/100
|move|p1a: Zamazenta|Body Press|p2a: Pecharunt
|-immune|p2a: Pecharunt
|
|upkeep
|turn|7
|
|t:|1779681654
|switch|p1a: Tyranitar|Tyranitar, M|100/100
|-damage|p1a: Tyranitar|88/100|[from] Stealth Rock
|-weather|Sandstorm|[from] ability: Sand Stream|[of] p1a: Tyranitar
|switch|p2a: Walking Wake|Walking Wake|100/100
|
|-weather|Sandstorm|[upkeep]
|-damage|p2a: Walking Wake|94/100|[from] Sandstorm
|-heal|p1a: Tyranitar|94/100|[from] item: Leftovers
|upkeep
|turn|8
|
|t:|1779681657
|move|p2a: Walking Wake|Flip Turn|p1a: Tyranitar
|-supereffective|p1a: Tyranitar
|-damage|p1a: Tyranitar|71/100
|
|t:|1779681662
|-end|p2a: Walking Wake|Protosynthesis|[silent]
|switch|p2a: Ting-Lu|Ting-Lu|54/100 tox|[from] Flip Turn
|-ability|p2a: Ting-Lu|Vessel of Ruin
|move|p1a: Tyranitar|Knock Off|p2a: Ting-Lu
|-resisted|p2a: Ting-Lu
|-crit|p2a: Ting-Lu
|-damage|p2a: Ting-Lu|37/100 tox
|-enditem|p2a: Ting-Lu|Leftovers|[from] move: Knock Off|[of] p1a: Tyranitar
|
|-weather|Sandstorm|[upkeep]
|-heal|p1a: Tyranitar|77/100|[from] item: Leftovers
|-damage|p2a: Ting-Lu|30/100 tox|[from] psn
|upkeep
|turn|9
|
|t:|1779681667
|switch|p1a: Excadrill|Excadrill, F|100/100
|-damage|p1a: Excadrill|97/100|[from] Stealth Rock
|-item|p1a: Excadrill|Air Balloon
|move|p2a: Ting-Lu|Ruination|p1a: Excadrill
|-damage|p1a: Excadrill|49/100
|-enditem|p1a: Excadrill|Air Balloon
|
|-weather|Sandstorm|[upkeep]
|-damage|p2a: Ting-Lu|18/100 tox|[from] psn
|upkeep
|turn|10
|
|t:|1779681670
|move|p1a: Excadrill|Rapid Spin|p2a: Ting-Lu
|-damage|p2a: Ting-Lu|7/100 tox
|-boost|p1a: Excadrill|spe|1
|-sideend|p1: mothcarona|Stealth Rock|[from] move: Rapid Spin|[of] p1a: Excadrill
|move|p2a: Ting-Lu|Earthquake|p1a: Excadrill
|-supereffective|p1a: Excadrill
|-damage|p1a: Excadrill|0 fnt
|faint|p1a: Excadrill
|
|-weather|Sandstorm|[upkeep]
|-damage|p2a: Ting-Lu|0 fnt|[from] psn
|faint|p2a: Ting-Lu
|upkeep
|
|t:|1779681679
|switch|p1a: Gliscor|Gliscor, F|63/100 tox
|switch|p2a: Pecharunt|Pecharunt|96/100
|turn|11
|
|t:|1779681689
|move|p2a: Pecharunt|Nasty Plot|p2a: Pecharunt
|-boost|p2a: Pecharunt|spa|2
|move|p1a: Gliscor|Earthquake|p2a: Pecharunt
|-supereffective|p2a: Pecharunt
|-damage|p2a: Pecharunt|53/100
|
|-weather|none
|-heal|p1a: Gliscor|75/100 tox|[from] ability: Poison Heal
|upkeep
|turn|12
|
|t:|1779681699
|move|p2a: Pecharunt|Shadow Ball|p1a: Gliscor
|-damage|p1a: Gliscor|30/100 tox
|move|p1a: Gliscor|U-turn|p2a: Pecharunt
|-resisted|p2a: Pecharunt
|-damage|p2a: Pecharunt|51/100
|inactive|mothcarona has 120 seconds left.
|
|t:|1779681741
|switch|p1a: Ogerpon|Ogerpon-Wellspring, F|100/100|[from] U-turn
|
|upkeep
|turn|13
|
|t:|1779681749
|-terastallize|p1a: Ogerpon|Water
|detailschange|p1a: Ogerpon|Ogerpon-Wellspring-Tera, F, tera:Water
|-ability|p1a: Ogerpon|Embody Aspect (Wellspring)|boost
|-boost|p1a: Ogerpon|spd|1
|move|p1a: Ogerpon|Ivy Cudgel|p2a: Pecharunt|[anim] Ivy Cudgel Water
|-damage|p2a: Pecharunt|0 fnt
|faint|p2a: Pecharunt
|
|upkeep
|
|t:|1779681756
|switch|p2a: Dragonite|Dragonite, F|100/100
|turn|14
|
|t:|1779681759
|move|p1a: Ogerpon|U-turn|p2a: Dragonite
|-resisted|p2a: Dragonite
|-damage|p2a: Dragonite|94/100
|
|t:|1779681761
|switch|p1a: Tyranitar|Tyranitar, M|77/100|[from] U-turn
|-weather|Sandstorm|[from] ability: Sand Stream|[of] p1a: Tyranitar
|move|p2a: Dragonite|Dragon Tail|p1a: Tyranitar
|-damage|p1a: Tyranitar|53/100
|drag|p1a: Gholdengo|Gholdengo|100/100
|-item|p1a: Gholdengo|Air Balloon
|
|-weather|Sandstorm|[upkeep]
|-damage|p2a: Dragonite|88/100|[from] Sandstorm
|upkeep
|turn|15
|
|t:|1779681765
|switch|p2a: Samurott|Samurott-Hisui, F|100/100
|move|p1a: Gholdengo|Shadow Ball|p2a: Samurott
|-resisted|p2a: Samurott
|-damage|p2a: Samurott|89/100
|
|-weather|Sandstorm|[upkeep]
|-damage|p2a: Samurott|83/100|[from] Sandstorm
|upkeep
|turn|16
|
|t:|1779681767
|switch|p1a: Zamazenta|Zamazenta|100/100
|move|p2a: Samurott|Ceaseless Edge|p1a: Zamazenta
|-resisted|p1a: Zamazenta
|-damage|p1a: Zamazenta|86/100
|-sidestart|p1: mothcarona|Spikes
|
|-weather|Sandstorm|[upkeep]
|-damage|p1a: Zamazenta|79/100|[from] Sandstorm
|-damage|p2a: Samurott|77/100|[from] Sandstorm
|-heal|p1a: Zamazenta|86/100|[from] item: Leftovers
|upkeep
|turn|17
|
|t:|1779681771
|switch|p2a: Gholdengo|Gholdengo|100/100
|move|p1a: Zamazenta|Substitute|p1a: Zamazenta
|-start|p1a: Zamazenta|Substitute
|-damage|p1a: Zamazenta|61/100
|
|-weather|Sandstorm|[upkeep]
|-damage|p1a: Zamazenta|54/100|[from] Sandstorm
|-heal|p1a: Zamazenta|61/100|[from] item: Leftovers
|upkeep
|turn|18
|
|t:|1779681773
|move|p2a: Gholdengo|Shadow Ball|p1a: Zamazenta
|-end|p1a: Zamazenta|Substitute
|move|p1a: Zamazenta|Crunch|p2a: Gholdengo
|-supereffective|p2a: Gholdengo
|-damage|p2a: Gholdengo|48/100
|
|-weather|none
|-heal|p1a: Zamazenta|67/100|[from] item: Leftovers
|upkeep
|turn|19
|
|t:|1779681783
|switch|p2a: Walking Wake|Walking Wake|94/100
|switch|p1a: Tyranitar|Tyranitar, M|53/100
|-damage|p1a: Tyranitar|41/100|[from] Spikes
|-weather|Sandstorm|[from] ability: Sand Stream|[of] p1a: Tyranitar
|
|-weather|Sandstorm|[upkeep]
|-damage|p2a: Walking Wake|88/100|[from] Sandstorm
|-heal|p1a: Tyranitar|47/100|[from] item: Leftovers
|upkeep
|turn|20
|
|t:|1779681786
|move|p2a: Walking Wake|Surf|p1a: Tyranitar
|-supereffective|p1a: Tyranitar
|-damage|p1a: Tyranitar|11/100
|move|p1a: Tyranitar|Stealth Rock|p2a: Walking Wake
|-sidestart|p2: sommeliersam|move: Stealth Rock
|
|-weather|Sandstorm|[upkeep]
|-damage|p2a: Walking Wake|82/100|[from] Sandstorm
|-heal|p1a: Tyranitar|17/100|[from] item: Leftovers
|upkeep
|turn|21
|
|t:|1779681790
|switch|p1a: Ogerpon|Ogerpon-Wellspring-Tera, F, tera:Water|100/100
|-damage|p1a: Ogerpon|88/100|[from] Spikes
|-ability|p1a: Ogerpon|Embody Aspect (Wellspring)|boost
|-boost|p1a: Ogerpon|spd|1
|move|p2a: Walking Wake|Surf|p1a: Ogerpon
|-resisted|p1a: Ogerpon
|-damage|p1a: Ogerpon|69/100
|
|-weather|Sandstorm|[upkeep]
|-damage|p1a: Ogerpon|63/100|[from] Sandstorm
|-damage|p2a: Walking Wake|76/100|[from] Sandstorm
|upkeep
|turn|22
|
|t:|1779681799
|-end|p2a: Walking Wake|Protosynthesis|[silent]
|switch|p2a: Dragonite|Dragonite, F|88/100
|move|p1a: Ogerpon|Knock Off|p2a: Dragonite
|-damage|p2a: Dragonite|57/100
|-enditem|p2a: Dragonite|Heavy-Duty Boots|[from] move: Knock Off|[of] p1a: Ogerpon
|
|-weather|Sandstorm|[upkeep]
|-damage|p1a: Ogerpon|57/100|[from] Sandstorm
|-damage|p2a: Dragonite|51/100|[from] Sandstorm
|upkeep
|turn|23
|
|t:|1779681806
|move|p1a: Ogerpon|U-turn|p2a: Dragonite
|-resisted|p2a: Dragonite
|-damage|p2a: Dragonite|40/100
|
|t:|1779681808
|switch|p1a: Gliscor|Gliscor, F|30/100 tox|[from] U-turn
|move|p2a: Dragonite|Roost|p2a: Dragonite
|-heal|p2a: Dragonite|90/100
|-singleturn|p2a: Dragonite|move: Roost
|
|-weather|none
|-heal|p1a: Gliscor|43/100 tox|[from] ability: Poison Heal
|upkeep
|turn|24
|
|t:|1779681816
|move|p1a: Gliscor|Protect|p1a: Gliscor
|-singleturn|p1a: Gliscor|Protect
|move|p2a: Dragonite|Dragon Tail|p1a: Gliscor
|-activate|p1a: Gliscor|move: Protect
|
|-heal|p1a: Gliscor|55/100 tox|[from] ability: Poison Heal
|upkeep
|turn|25
|
|t:|1779681818
|move|p1a: Gliscor|Toxic|p2a: Dragonite
|-status|p2a: Dragonite|tox
|move|p2a: Dragonite|Dragon Tail|p1a: Gliscor
|-damage|p1a: Gliscor|29/100 tox
|drag|p1a: Gholdengo|Gholdengo|100/100
|-item|p1a: Gholdengo|Air Balloon
|
|-damage|p2a: Dragonite|84/100 tox|[from] psn
|upkeep
|turn|26
|
|t:|1779681825
|switch|p1a: Gliscor|Gliscor, F|29/100 tox
|switch|p2a: Samurott|Samurott-Hisui, F|77/100
|-damage|p2a: Samurott|65/100|[from] Stealth Rock
|
|-heal|p1a: Gliscor|41/100 tox|[from] ability: Poison Heal
|upkeep
|turn|27
|
|t:|1779681828
|move|p1a: Gliscor|Protect|p1a: Gliscor
|-singleturn|p1a: Gliscor|Protect
|move|p2a: Samurott|Flip Turn|p1a: Gliscor
|-activate|p1a: Gliscor|move: Protect
|
|-heal|p1a: Gliscor|54/100 tox|[from] ability: Poison Heal
|upkeep
|turn|28
|
|t:|1779681834
|move|p1a: Gliscor|U-turn|p2a: Samurott
|-supereffective|p2a: Samurott
|-damage|p2a: Samurott|27/100
|
|t:|1779681836
|switch|p1a: Tyranitar|Tyranitar, M|17/100|[from] U-turn
|-damage|p1a: Tyranitar|5/100|[from] Spikes
|-weather|Sandstorm|[from] ability: Sand Stream|[of] p1a: Tyranitar
|move|p2a: Samurott|Flip Turn|p1a: Tyranitar
|-supereffective|p1a: Tyranitar
|-damage|p1a: Tyranitar|0 fnt
|faint|p1a: Tyranitar
|
|t:|1779681842
|switch|p2a: Walking Wake|Walking Wake|76/100|[from] Flip Turn
|
|-weather|Sandstorm|[upkeep]
|-damage|p2a: Walking Wake|70/100|[from] Sandstorm
|upkeep
|
|t:|1779681850
|switch|p1a: Gholdengo|Gholdengo|100/100
|-item|p1a: Gholdengo|Air Balloon
|turn|29
|
|t:|1779681857
|move|p2a: Walking Wake|Surf|p1a: Gholdengo
|-damage|p1a: Gholdengo|57/100
|-enditem|p1a: Gholdengo|Air Balloon
|move|p1a: Gholdengo|Shadow Ball|p2a: Walking Wake
|-damage|p2a: Walking Wake|29/100
|
|-weather|Sandstorm|[upkeep]
|-damage|p2a: Walking Wake|22/100|[from] Sandstorm
|upkeep
|turn|30
|
|t:|1779681863
|move|p2a: Walking Wake|Flip Turn|p1a: Gholdengo
|-damage|p1a: Gholdengo|46/100
|
|t:|1779681877
|-end|p2a: Walking Wake|Protosynthesis|[silent]
|switch|p2a: Samurott|Samurott-Hisui, F|27/100|[from] Flip Turn
|-damage|p2a: Samurott|14/100|[from] Stealth Rock
|move|p1a: Gholdengo|Recover|p1a: Gholdengo
|-heal|p1a: Gholdengo|96/100
|
|-weather|Sandstorm|[upkeep]
|-damage|p2a: Samurott|8/100|[from] Sandstorm
|upkeep
|turn|31
|
|t:|1779681881
|switch|p1a: Zamazenta|Zamazenta|67/100
|-damage|p1a: Zamazenta|54/100|[from] Spikes
|move|p2a: Samurott|Ceaseless Edge|p1a: Zamazenta|[miss]
|-miss|p2a: Samurott|p1a: Zamazenta
|
|-weather|Sandstorm|[upkeep]
|-damage|p1a: Zamazenta|48/100|[from] Sandstorm
|-damage|p2a: Samurott|2/100|[from] Sandstorm
|-heal|p1a: Zamazenta|54/100|[from] item: Leftovers
|upkeep
|turn|32
|
|t:|1779681892
|move|p2a: Samurott|Sucker Punch||[still]
|-fail|p2a: Samurott
|move|p1a: Zamazenta|Substitute|p1a: Zamazenta
|-start|p1a: Zamazenta|Substitute
|-damage|p1a: Zamazenta|29/100
|
|-weather|none
|-heal|p1a: Zamazenta|36/100|[from] item: Leftovers
|upkeep
|turn|33
|
|t:|1779681901
|move|p2a: Samurott|Sucker Punch|p1a: Zamazenta
|-resisted|p1a: Zamazenta
|-crit|p1a: Zamazenta
|-activate|p1a: Zamazenta|move: Substitute|[damage]
|move|p1a: Zamazenta|Crunch|p2a: Samurott
|-resisted|p2a: Samurott
|-damage|p2a: Samurott|0 fnt
|faint|p2a: Samurott
|
|-heal|p1a: Zamazenta|42/100|[from] item: Leftovers
|upkeep
|
|t:|1779681903
|switch|p2a: Dragonite|Dragonite, F|84/100 tox
|-damage|p2a: Dragonite|59/100 tox|[from] Stealth Rock
|turn|34
|
|t:|1779681906
|move|p2a: Dragonite|Extreme Speed|p1a: Zamazenta
|-end|p1a: Zamazenta|Substitute
|move|p1a: Zamazenta|Iron Defense|p1a: Zamazenta
|-boost|p1a: Zamazenta|def|2
|
|-heal|p1a: Zamazenta|48/100|[from] item: Leftovers
|-damage|p2a: Dragonite|52/100 tox|[from] psn
|upkeep
|turn|35
|
|t:|1779681913
|move|p1a: Zamazenta|Substitute|p1a: Zamazenta
|-start|p1a: Zamazenta|Substitute
|-damage|p1a: Zamazenta|23/100
|move|p2a: Dragonite|Dragon Tail|p1a: Zamazenta
|-activate|p1a: Zamazenta|move: Substitute|[damage]
|
|-heal|p1a: Zamazenta|29/100|[from] item: Leftovers
|-damage|p2a: Dragonite|40/100 tox|[from] psn
|upkeep
|turn|36
|
|t:|1779681917
|move|p2a: Dragonite|Extreme Speed|p1a: Zamazenta
|-activate|p1a: Zamazenta|move: Substitute|[damage]
|move|p1a: Zamazenta|Iron Defense|p1a: Zamazenta
|-boost|p1a: Zamazenta|def|2
|
|-heal|p1a: Zamazenta|35/100|[from] item: Leftovers
|-damage|p2a: Dragonite|21/100 tox|[from] psn
|upkeep
|turn|37
|
|t:|1779681921
|move|p2a: Dragonite|Extreme Speed|p1a: Zamazenta
|-end|p1a: Zamazenta|Substitute
|move|p1a: Zamazenta|Substitute|p1a: Zamazenta
|-start|p1a: Zamazenta|Substitute
|-damage|p1a: Zamazenta|10/100
|
|-heal|p1a: Zamazenta|16/100|[from] item: Leftovers
|-damage|p2a: Dragonite|0 fnt|[from] psn
|faint|p2a: Dragonite
|upkeep
|
|t:|1779681923
|switch|p2a: Gholdengo|Gholdengo|48/100
|-damage|p2a: Gholdengo|42/100|[from] Stealth Rock
|turn|38
|
|t:|1779681929
|-terastallize|p2a: Gholdengo|Steel
|move|p2a: Gholdengo|Shadow Ball|p1a: Zamazenta
|-end|p1a: Zamazenta|Substitute
|move|p1a: Zamazenta|Crunch|p2a: Gholdengo
|-damage|p2a: Gholdengo|19/100
|
|-heal|p1a: Zamazenta|23/100|[from] item: Leftovers
|upkeep
|turn|39
|
|t:|1779681945
|switch|p1a: Gholdengo|Gholdengo|96/100
|-damage|p1a: Gholdengo|84/100|[from] Spikes
|move|p2a: Gholdengo|Shadow Ball|p1a: Gholdengo
|-supereffective|p1a: Gholdengo
|-damage|p1a: Gholdengo|0 fnt
|faint|p1a: Gholdengo
|
|upkeep
|
|t:|1779681946
|switch|p1a: Gliscor|Gliscor, F|54/100 tox
|turn|40
|
|t:|1779681956
|switch|p2a: Walking Wake|Walking Wake|22/100
|move|p1a: Gliscor|Earthquake|p2a: Walking Wake
|-damage|p2a: Walking Wake|0 fnt
|faint|p2a: Walking Wake
|-end|p2a: Walking Wake|Protosynthesis|[silent]
|
|-heal|p1a: Gliscor|66/100 tox|[from] ability: Poison Heal
|upkeep
|
|t:|1779681958
|switch|p2a: Gholdengo|Gholdengo, tera:Steel|19/100
|-damage|p2a: Gholdengo|13/100|[from] Stealth Rock
|turn|41
|
|t:|1779681960
|move|p1a: Gliscor|Protect|p1a: Gliscor
|-singleturn|p1a: Gliscor|Protect
|move|p2a: Gholdengo|Make It Rain|p1a: Gliscor
|-activate|p1a: Gliscor|move: Protect
|
|-heal|p1a: Gliscor|79/100 tox|[from] ability: Poison Heal
|upkeep
|turn|42
|
|t:|1779681963
|switch|p1a: Zamazenta|Zamazenta|23/100
|-damage|p1a: Zamazenta|10/100|[from] Spikes
|move|p2a: Gholdengo|Make It Rain|p1a: Zamazenta
|-damage|p1a: Zamazenta|0 fnt
|-unboost|p2a: Gholdengo|spa|1
|faint|p1a: Zamazenta
|
|upkeep
|
|t:|1779681965
|switch|p1a: Gliscor|Gliscor, F|79/100 tox
|turn|43
|
|t:|1779681967
|move|p1a: Gliscor|Protect|p1a: Gliscor
|-singleturn|p1a: Gliscor|Protect
|move|p2a: Gholdengo|Make It Rain|p1a: Gliscor
|-activate|p1a: Gliscor|move: Protect
|
|-heal|p1a: Gliscor|91/100 tox|[from] ability: Poison Heal
|upkeep
|turn|44
|
|t:|1779681969
|move|p2a: Gholdengo|Make It Rain|p1a: Gliscor
|-damage|p1a: Gliscor|39/100 tox
|-unboost|p2a: Gholdengo|spa|1
|move|p1a: Gliscor|Earthquake|p2a: Gholdengo
|-supereffective|p2a: Gholdengo
|-damage|p2a: Gholdengo|0 fnt
|faint|p2a: Gholdengo
|
|win|mothcarona
|raw|mothcarona's rating: 1501 &rarr; <strong>1527</strong><br />(+26 for winning)
|raw|sommeliersam's rating: 1614 &rarr; <strong>1588</strong><br />(-26 for losing)
|l|☆sommeliersam
|player|p2|
|l|☆mothcarona
|player|p1|
