|j|☆grand farewell
|j|☆superbad69
|t:|1779648128
|gametype|singles
|player|p1|grand farewell|cynthia-gen4|1288
|player|p2|superbad69|101|1279
|gen|9
|tier|[Gen 9] OU
|rated|
|rule|HP Percentage Mod: HP is shown in percentages
|rule|Endless Battle Clause: Forcing endless battles is banned
|rule|Species Clause: Limit one of each Pokémon
|rule|OHKO Clause: OHKO moves are banned
|rule|Evasion Items Clause: Evasion items are banned
|rule|Evasion Moves Clause: Evasion moves are banned
|rule|Evasion Abilities Clause: Evasion abilities are banned
|rule|Sleep Moves Clause: Sleep-inducing moves are banned
|clearpoke
|poke|p1|Blaziken, M|
|poke|p1|Alomomola, M|
|poke|p1|Weezing-Galar, M|
|poke|p1|Slowking-Galar, M|
|poke|p1|Ogerpon-Wellspring, F|
|poke|p1|Kingambit, M|
|poke|p2|Enamorus, F|
|poke|p2|Haxorus, F|
|poke|p2|Iron Treads|
|poke|p2|Ogerpon-Wellspring, F|
|poke|p2|Tornadus, M|
|poke|p2|Skeledirge, F|
|teampreview
|inactive|Battle timer is ON: inactive players will automatically lose when time's up. (requested by grand farewell)
|
|t:|1779648142
|teamsize|p1|6
|teamsize|p2|6
|start
|switch|p1a: Blaziken|Blaziken, M, shiny|100/100
|switch|p2a: Iron Treads|Iron Treads|100/100
|-enditem|p2a: Iron Treads|Booster Energy
|-activate|p2a: Iron Treads|ability: Quark Drive|[fromitem]
|-start|p2a: Iron Treads|quarkdrivespe
|turn|1
|
|t:|1779648148
|switch|p1a: Ogerpon|Ogerpon-Wellspring, F|100/100
|move|p2a: Iron Treads|Earth Power|p1a: Ogerpon
|-resisted|p1a: Ogerpon
|-damage|p1a: Ogerpon|82/100
|
|upkeep
|turn|2
|
|t:|1779648157
|-end|p2a: Iron Treads|Quark Drive|[silent]
|switch|p2a: Ogerpon|Ogerpon-Wellspring, F|100/100
|move|p1a: Ogerpon|Power Whip|p2a: Ogerpon
|-damage|p2a: Ogerpon|21/100
|
|upkeep
|turn|3
|
|t:|1779648170
|move|p1a: Ogerpon|Power Whip|p2a: Ogerpon
|-damage|p2a: Ogerpon|0 fnt
|faint|p2a: Ogerpon
|
|upkeep
|
|t:|1779648173
|switch|p2a: Tornadus|Tornadus, M|100/100
|turn|4
|
|t:|1779648181
|switch|p1a: Slowking|Slowking-Galar, M|100/100
|move|p2a: Tornadus|Tailwind|p2a: Tornadus
|-sidestart|p2: superbad69|move: Tailwind
|
|upkeep
|turn|5
|
|t:|1779648185
|switch|p2a: Iron Treads|Iron Treads|100/100
|move|p1a: Slowking|Future Sight|p2a: Iron Treads
|-start|p1a: Slowking|move: Future Sight
|
|upkeep
|turn|6
|
|t:|1779648192
|move|p2a: Iron Treads|Stealth Rock|p1a: Slowking
|-sidestart|p1: grand farewell|move: Stealth Rock
|-prepare|p1a: Slowking|Chilly Reception|[premajor]
|move|p1a: Slowking|Chilly Reception|p1a: Slowking
|-weather|Snowscape
|
|t:|1779648200
|switch|p1a: Ogerpon|Ogerpon-Wellspring, F|82/100|[from] Chilly Reception
|-damage|p1a: Ogerpon|70/100|[from] Stealth Rock
|
|-weather|Snowscape|[upkeep]
|upkeep
|turn|7
|
|t:|1779648209
|move|p2a: Iron Treads|Steel Beam|p1a: Ogerpon
|-resisted|p1a: Ogerpon
|-damage|p1a: Ogerpon|43/100
|-damage|p2a: Iron Treads|50/100|[from] steelbeam
|move|p1a: Ogerpon|Ivy Cudgel|p2a: Iron Treads|[anim] Ivy Cudgel Water
|-supereffective|p2a: Iron Treads
|-damage|p2a: Iron Treads|0 fnt
|faint|p2a: Iron Treads
|-end|p2a: Iron Treads|Quark Drive|[silent]
|
|-weather|Snowscape|[upkeep]
|-hint|Future Sight did not hit because the target is fainted.
|-sideend|p2: superbad69|move: Tailwind
|upkeep
|
|t:|1779648221
|switch|p2a: Haxorus|Haxorus, F|100/100
|-ability|p2a: Haxorus|Mold Breaker
|turn|8
|
|t:|1779648236
|switch|p2a: Enamorus|Enamorus, F|100/100
|move|p1a: Ogerpon|Play Rough|p2a: Enamorus
|-damage|p2a: Enamorus|48/100
|
|-weather|Snowscape|[upkeep]
|upkeep
|turn|9
|
|t:|1779648245
|move|p1a: Ogerpon|Ivy Cudgel|p2a: Enamorus|[anim] Ivy Cudgel Water
|-damage|p2a: Enamorus|0 fnt
|faint|p2a: Enamorus
|
|-weather|Snowscape|[upkeep]
|upkeep
|
|t:|1779648247
|switch|p2a: Haxorus|Haxorus, F|100/100
|-ability|p2a: Haxorus|Mold Breaker
|turn|10
|
|t:|1779648249
|move|p2a: Haxorus|First Impression|p1a: Ogerpon
|-supereffective|p1a: Ogerpon
|-crit|p1a: Ogerpon
|-damage|p1a: Ogerpon|0 fnt
|faint|p1a: Ogerpon
|-damage|p2a: Haxorus|91/100|[from] item: Life Orb
|
|-weather|none
|upkeep
|
|t:|1779648256
|switch|p1a: Weezing|Weezing-Galar, M, shiny|100/100
|-ability|p1a: Weezing|Neutralizing Gas
|-damage|p1a: Weezing|88/100|[from] Stealth Rock
|turn|11
|
|t:|1779648261
|move|p2a: Haxorus|Earthquake|p1a: Weezing
|-supereffective|p1a: Weezing
|-damage|p1a: Weezing|16/100
|-damage|p2a: Haxorus|81/100|[from] item: Life Orb
|move|p1a: Weezing|Toxic|p2a: Haxorus
|-status|p2a: Haxorus|tox
|
|-heal|p1a: Weezing|22/100|[from] item: Leftovers
|-damage|p2a: Haxorus|75/100 tox|[from] psn
|upkeep
|turn|12
|
|t:|1779648272
|switch|p2a: Tornadus|Tornadus, M|100/100
|-end|p1a: Weezing|ability: Neutralizing Gas
|switch|p1a: Alomomola|Alomomola, M, shiny|100/100
|
|upkeep
|turn|13
|
|t:|1779648278
|move|p2a: Tornadus|Rain Dance|p2a: Tornadus
|-weather|RainDance
|move|p1a: Alomomola|Wish|p1a: Alomomola
|
|-weather|RainDance|[upkeep]
|upkeep
|turn|14
|
|t:|1779648283
|move|p2a: Tornadus|Bleakwind Storm|p1a: Alomomola
|-damage|p1a: Alomomola|37/100
|move|p1a: Alomomola|Flip Turn|p2a: Tornadus
|-damage|p2a: Tornadus|68/100
|-enditem|p2a: Tornadus|Eject Button
|
|t:|1779648290
|switch|p2a: Haxorus|Haxorus, F|75/100 tox
|-ability|p2a: Haxorus|Mold Breaker
|
|-weather|RainDance|[upkeep]
|-heal|p1a: Alomomola|87/100|[from] move: Wish|[wisher] Alomomola
|-damage|p2a: Haxorus|68/100 tox|[from] psn
|upkeep
|turn|15
|
|t:|1779648295
|switch|p2a: Tornadus|Tornadus, M|68/100
|move|p1a: Alomomola|Wish|p1a: Alomomola
|
|-weather|RainDance|[upkeep]
|upkeep
|turn|16
|
|t:|1779648297
|move|p2a: Tornadus|Bleakwind Storm|p1a: Alomomola
|-damage|p1a: Alomomola|25/100
|-unboost|p1a: Alomomola|spe|1
|move|p1a: Alomomola|Flip Turn|p2a: Tornadus
|-damage|p2a: Tornadus|37/100
|
|t:|1779648306
|switch|p1a: Weezing|Weezing-Galar, M, shiny|22/100|[from] Flip Turn
|-ability|p1a: Weezing|Neutralizing Gas
|-damage|p1a: Weezing|9/100|[from] Stealth Rock
|
|-weather|RainDance|[upkeep]
|-heal|p1a: Weezing|89/100|[from] move: Wish|[wisher] Alomomola
|-heal|p1a: Weezing|95/100|[from] item: Leftovers
|upkeep
|turn|17
|
|t:|1779648309
|-end|p1a: Weezing|ability: Neutralizing Gas
|switch|p1a: Slowking|Slowking-Galar, M|100/100
|move|p2a: Tornadus|Bleakwind Storm|p1a: Slowking
|-damage|p1a: Slowking|66/100
|
|-weather|none
|upkeep
|turn|18
|-message|superbad69 forfeited.
|
|win|grand farewell
|raw|grand farewell's rating: 1288 &rarr; <strong>1312</strong><br />(+24 for winning)
|raw|superbad69's rating: 1279 &rarr; <strong>1255</strong><br />(-24 for losing)
|l|☆superbad69
|player|p2|
|l|☆grand farewell
|player|p1|
