|j|☆mcacma
|j|☆LeoN22poke
|t:|1779566965
|gametype|singles
|player|p1|mcacma|veteran|1096
|player|p2|LeoN22poke|steven|1188
|gen|9
|tier|[Gen 9] OU
|rated|
|rule|HP Percentage Mod: HP is shown in percentages
|rule|Endless Battle Clause: Forcing endless battles is banned
|rule|Species Clause: Limit one of each Pokémon
|rule|OHKO Clause: OHKO moves are banned
|rule|Evasion Items Clause: Evasion items are banned
|rule|Evasion Moves Clause: Evasion moves are banned
|rule|Evasion Abilities Clause: Evasion abilities are banned
|rule|Sleep Moves Clause: Sleep-inducing moves are banned
|clearpoke
|poke|p1|Gholdengo|
|poke|p1|Kingambit, F|
|poke|p1|Dedenne, M|
|poke|p1|Flygon, M|
|poke|p1|Clodsire, M|
|poke|p1|Smeargle, F|
|poke|p2|Gholdengo|
|poke|p2|Blaziken, M|
|poke|p2|Samurott-Hisui, M|
|poke|p2|Toxtricity-Low-Key, M|
|poke|p2|Porygon2|
|poke|p2|Toedscruel, M|
|teampreview
|
|t:|1779566973
|teamsize|p1|6
|teamsize|p2|6
|start
|switch|p1a: Smeargle|Smeargle, F|100/100
|switch|p2a: Samurott|Samurott-Hisui, M, shiny|100/100
|turn|1
|
|t:|1779566982
|-terastallize|p1a: Smeargle|Grass
|move|p1a: Smeargle|Burning Bulwark|p1a: Smeargle
|-singleturn|p1a: Smeargle|move: Protect
|move|p2a: Samurott|Ceaseless Edge|p1a: Smeargle
|-activate|p1a: Smeargle|move: Protect
|-status|p2a: Samurott|brn
|
|-damage|p2a: Samurott|94/100 brn|[from] brn
|upkeep
|turn|2
|
|t:|1779567000
|move|p2a: Samurott|Ceaseless Edge|p1a: Smeargle
|-damage|p1a: Smeargle|55/100
|-sidestart|p1: mcacma|Spikes
|move|p1a: Smeargle|Ceaseless Edge|p2a: Samurott
|-resisted|p2a: Samurott
|-damage|p2a: Samurott|89/100 brn
|-sidestart|p2: LeoN22poke|Spikes
|
|-damage|p2a: Samurott|83/100 brn|[from] brn
|upkeep
|turn|3
|
|t:|1779567009
|move|p2a: Samurott|Ceaseless Edge|p1a: Smeargle
|-damage|p1a: Smeargle|10/100
|-sidestart|p1: mcacma|Spikes
|-enditem|p1a: Smeargle|Sitrus Berry|[eat]
|-heal|p1a: Smeargle|35/100|[from] item: Sitrus Berry
|move|p1a: Smeargle|Ceaseless Edge|p2a: Samurott
|-resisted|p2a: Samurott
|-damage|p2a: Samurott|78/100 brn
|-sidestart|p2: LeoN22poke|Spikes
|
|-damage|p2a: Samurott|72/100 brn|[from] brn
|upkeep
|turn|4
|
|t:|1779567024
|move|p2a: Samurott|Knock Off|p1a: Smeargle
|-damage|p1a: Smeargle|0 fnt
|faint|p1a: Smeargle
|
|-damage|p2a: Samurott|66/100 brn|[from] brn
|upkeep
|
|t:|1779567039
|switch|p1a: Flygon|Flygon, M|100/100
|turn|5
|
|t:|1779567044
|move|p1a: Flygon|Bug Bite|p2a: Samurott
|-supereffective|p2a: Samurott
|-damage|p2a: Samurott|24/100 brn
|move|p2a: Samurott|Ceaseless Edge|p1a: Flygon
|-damage|p1a: Flygon|66/100
|-sidestart|p1: mcacma|Spikes
|
|-damage|p2a: Samurott|18/100 brn|[from] brn
|upkeep
|turn|6
|
|t:|1779567056
|move|p1a: Flygon|Earthquake|p2a: Samurott
|-damage|p2a: Samurott|0 fnt
|faint|p2a: Samurott
|
|upkeep
|
|t:|1779567074
|switch|p2a: Toedscruel|Toedscruel, M, shiny|100/100
|-damage|p2a: Toedscruel|84/100|[from] Spikes
|turn|7
|
|t:|1779567085
|move|p1a: Flygon|Fire Punch|p2a: Toedscruel
|-supereffective|p2a: Toedscruel
|-damage|p2a: Toedscruel|29/100
|move|p2a: Toedscruel|Rapid Spin|p1a: Flygon
|-damage|p1a: Flygon|55/100
|-boost|p2a: Toedscruel|spe|1
|-sideend|p2: LeoN22poke|Spikes|[from] move: Rapid Spin|[of] p2a: Toedscruel
|
|-heal|p2a: Toedscruel|35/100|[from] item: Leftovers
|upkeep
|turn|8
|
|t:|1779567095
|move|p2a: Toedscruel|Giga Drain|p1a: Flygon
|-damage|p1a: Flygon|15/100
|-heal|p2a: Toedscruel|52/100|[from] drain|[of] p1a: Flygon
|move|p1a: Flygon|Fire Punch|p2a: Toedscruel
|-supereffective|p2a: Toedscruel
|-damage|p2a: Toedscruel|0 fnt
|faint|p2a: Toedscruel
|
|upkeep
|
|t:|1779567120
|switch|p2a: Toxtricity|Toxtricity-Low-Key, M, shiny|100/100
|turn|9
|
|t:|1779567126
|move|p2a: Toxtricity|Sludge Wave|p1a: Flygon
|-resisted|p1a: Flygon
|-damage|p1a: Flygon|0 fnt
|faint|p1a: Flygon
|
|upkeep
|
|t:|1779567131
|switch|p1a: Clodsire|Clodsire, M|100/100
|-damage|p1a: Clodsire|76/100|[from] Spikes
|turn|10
|
|t:|1779567150
|switch|p2a: Porygon2|Porygon2, shiny|100/100
|-ability|p2a: Porygon2|Unaware|Trace|[from] ability: Trace|[of] p1a: Clodsire
|move|p1a: Clodsire|Earthquake|p2a: Porygon2
|-damage|p2a: Porygon2|86/100
|
|upkeep
|turn|11
|
|t:|1779567162
|move|p2a: Porygon2|Tri Attack|p1a: Clodsire
|-damage|p1a: Clodsire|61/100
|move|p1a: Clodsire|Gunk Shot|p2a: Porygon2
|-damage|p2a: Porygon2|66/100
|
|upkeep
|turn|12
|
|t:|1779567173
|switch|p2a: Toxtricity|Toxtricity-Low-Key, M, shiny|100/100
|move|p1a: Clodsire|Recover|p1a: Clodsire
|-heal|p1a: Clodsire|100/100
|
|upkeep
|turn|13
|
|t:|1779567183
|-terastallize|p2a: Toxtricity|Normal
|move|p2a: Toxtricity|Boomburst|p1a: Clodsire
|-damage|p1a: Clodsire|55/100
|move|p1a: Clodsire|Earthquake|p2a: Toxtricity
|-crit|p2a: Toxtricity
|-damage|p2a: Toxtricity|32/100
|
|upkeep
|turn|14
|
|t:|1779567192
|move|p2a: Toxtricity|Boomburst|p1a: Clodsire
|-damage|p1a: Clodsire|9/100
|-enditem|p1a: Clodsire|Aguav Berry|[eat]
|-heal|p1a: Clodsire|42/100|[from] item: Aguav Berry
|move|p1a: Clodsire|Earthquake|p2a: Toxtricity
|-damage|p2a: Toxtricity|0 fnt
|faint|p2a: Toxtricity
|
|upkeep
|
|t:|1779567211
|switch|p2a: Gholdengo|Gholdengo|100/100
|turn|15
|
|t:|1779567215
|move|p2a: Gholdengo|Make It Rain|p1a: Clodsire
|-damage|p1a: Clodsire|1/100
|-unboost|p2a: Gholdengo|spa|1
|-damage|p2a: Gholdengo|91/100|[from] item: Life Orb
|move|p1a: Clodsire|Earthquake|p2a: Gholdengo
|-supereffective|p2a: Gholdengo
|-crit|p2a: Gholdengo
|-damage|p2a: Gholdengo|1/100
|
|upkeep
|turn|16
|
|t:|1779567226
|move|p2a: Gholdengo|Shadow Ball|p1a: Clodsire
|-damage|p1a: Clodsire|0 fnt
|faint|p1a: Clodsire
|-damage|p2a: Gholdengo|0 fnt|[from] item: Life Orb
|faint|p2a: Gholdengo
|
|upkeep
|
|t:|1779567239
|switch|p2a: Blaziken|Blaziken, M, shiny|100/100
|switch|p1a: Kingambit|Kingambit, F|100/100
|-damage|p1a: Kingambit|75/100|[from] Spikes
|-activate|p1a: Kingambit|ability: Supreme Overlord
|-start|p1a: Kingambit|fallen3|[silent]
|turn|17
|
|t:|1779567258
|move|p2a: Blaziken|Close Combat|p1a: Kingambit
|-supereffective|p1a: Kingambit
|-damage|p1a: Kingambit|0 fnt
|-unboost|p2a: Blaziken|def|1
|-unboost|p2a: Blaziken|spd|1
|faint|p1a: Kingambit
|-end|p1a: Kingambit|fallen3|[silent]
|
|-ability|p2a: Blaziken|Speed Boost|boost
|-boost|p2a: Blaziken|spe|1
|upkeep
|
|t:|1779567261
|switch|p1a: Gholdengo|Gholdengo|100/100
|-item|p1a: Gholdengo|Air Balloon
|turn|18
|
|t:|1779567269
|switch|p2a: Porygon2|Porygon2, shiny|66/100
|-ability|p2a: Porygon2|Good as Gold|Trace|[from] ability: Trace|[of] p1a: Gholdengo
|move|p1a: Gholdengo|Focus Blast|p2a: Porygon2|[miss]
|-miss|p1a: Gholdengo|p2a: Porygon2
|
|upkeep
|turn|19
|
|t:|1779567284
|move|p1a: Gholdengo|Focus Blast|p2a: Porygon2|[miss]
|-miss|p1a: Gholdengo|p2a: Porygon2
|move|p2a: Porygon2|Foul Play|p1a: Gholdengo
|-supereffective|p1a: Gholdengo
|-damage|p1a: Gholdengo|79/100
|-enditem|p1a: Gholdengo|Air Balloon
|
|upkeep
|turn|20
|
|t:|1779567294
|move|p1a: Gholdengo|Focus Blast|p2a: Porygon2
|-supereffective|p2a: Porygon2
|-damage|p2a: Porygon2|23/100
|-unboost|p2a: Porygon2|spd|1
|move|p2a: Porygon2|Thunder Wave|p1a: Gholdengo
|-immune|p1a: Gholdengo|[from] ability: Good as Gold
|
|upkeep
|turn|21
|
|t:|1779567301
|move|p1a: Gholdengo|Make It Rain|p2a: Porygon2
|-damage|p2a: Porygon2|0 fnt
|-unboost|p1a: Gholdengo|spa|1
|faint|p2a: Porygon2
|
|upkeep
|
|t:|1779567308
|switch|p2a: Blaziken|Blaziken, M, shiny|100/100
|turn|22
|
|t:|1779567311
|move|p1a: Gholdengo|Focus Blast|p2a: Blaziken|[miss]
|-miss|p1a: Gholdengo|p2a: Blaziken
|move|p2a: Blaziken|Swords Dance|p2a: Blaziken
|-boost|p2a: Blaziken|atk|2
|
|-ability|p2a: Blaziken|Speed Boost|boost
|-boost|p2a: Blaziken|spe|1
|upkeep
|turn|23
|
|t:|1779567327
|switch|p1a: Dedenne|Dedenne, M|100/100
|-damage|p1a: Dedenne|76/100|[from] Spikes
|move|p2a: Blaziken|Blaze Kick|p1a: Dedenne
|-damage|p1a: Dedenne|0 fnt
|faint|p1a: Dedenne
|
|-ability|p2a: Blaziken|Speed Boost|boost
|-boost|p2a: Blaziken|spe|1
|upkeep
|
|t:|1779567328
|switch|p1a: Gholdengo|Gholdengo|79/100
|-damage|p1a: Gholdengo|54/100|[from] Spikes
|turn|24
|
|t:|1779567337
|move|p2a: Blaziken|Blaze Kick|p1a: Gholdengo|[miss]
|-miss|p2a: Blaziken|p1a: Gholdengo
|move|p1a: Gholdengo|Focus Blast|p2a: Blaziken
|-damage|p2a: Blaziken|33/100
|
|-ability|p2a: Blaziken|Speed Boost|boost
|-boost|p2a: Blaziken|spe|1
|upkeep
|turn|25
|
|t:|1779567346
|move|p2a: Blaziken|Blaze Kick|p1a: Gholdengo
|-supereffective|p1a: Gholdengo
|-crit|p1a: Gholdengo
|-damage|p1a: Gholdengo|0 fnt
|faint|p1a: Gholdengo
|
|win|LeoN22poke
|raw|mcacma's rating: 1096 &rarr; <strong>1078</strong><br />(-18 for losing)
|raw|LeoN22poke's rating: 1188 &rarr; <strong>1207</strong><br />(+19 for winning)
|l|☆mcacma
|player|p1|
|l|☆LeoN22poke
|player|p2|
