|j|☆Moltov91
|j|☆spaarkle
|t:|1779661074
|gametype|singles
|player|p1|Moltov91|2|1328
|player|p2|spaarkle|265|1323
|gen|9
|tier|[Gen 9] OU
|rated|
|rule|HP Percentage Mod: HP is shown in percentages
|rule|Endless Battle Clause: Forcing endless battles is banned
|rule|Species Clause: Limit one of each Pokémon
|rule|OHKO Clause: OHKO moves are banned
|rule|Evasion Items Clause: Evasion items are banned
|rule|Evasion Moves Clause: Evasion moves are banned
|rule|Evasion Abilities Clause: Evasion abilities are banned
|rule|Sleep Moves Clause: Sleep-inducing moves are banned
|clearpoke
|poke|p1|Dragapult, M|
|poke|p1|Zamazenta-*|
|poke|p1|Darkrai|
|poke|p1|Kyurem|
|poke|p1|Hitmontop, M|
|poke|p1|Scizor, M|
|poke|p2|Landorus-Therian, M|
|poke|p2|Alomomola, M|
|poke|p2|Ceruledge, F|
|poke|p2|Weezing-Galar, F|
|poke|p2|Darkrai|
|poke|p2|Raging Bolt|
|teampreview
|inactive|Battle timer is ON: inactive players will automatically lose when time's up. (requested by Moltov91)
|
|t:|1779661091
|teamsize|p1|6
|teamsize|p2|6
|start
|switch|p1a: Kyurem|Kyurem|100/100
|switch|p2a: Landorus|Landorus-Therian, M|100/100
|-ability|p1a: Kyurem|Pressure
|-ability|p2a: Landorus|Intimidate|boost
|-unboost|p1a: Kyurem|atk|1
|turn|1
|
|t:|1779661097
|switch|p2a: Alomomola|Alomomola, M|100/100
|move|p1a: Kyurem|Freeze-Dry|p2a: Alomomola
|-supereffective|p2a: Alomomola
|-damage|p2a: Alomomola|0 fnt
|faint|p2a: Alomomola
|
|upkeep
|
|t:|1779661110
|switch|p2a: Darkrai|Darkrai|100/100
|turn|2
|
|t:|1779661115
|move|p2a: Darkrai|Dark Pulse|p1a: Kyurem
|-damage|p1a: Kyurem|58/100
|cant|p1a: Kyurem|flinch
|
|upkeep
|turn|3
|
|t:|1779661123
|switch|p2a: Weezing|Weezing-Galar, F|100/100
|-ability|p2a: Weezing|Neutralizing Gas
|move|p1a: Kyurem|Freeze-Dry|p2a: Weezing
|-damage|p2a: Weezing|46/100
|
|upkeep
|turn|4
|
|t:|1779661129
|-end|p2a: Weezing|ability: Neutralizing Gas
|-ability|p1a: Kyurem|Pressure
|switch|p2a: Ceruledge|Ceruledge, F|100/100
|move|p1a: Kyurem|Freeze-Dry|p2a: Ceruledge
|-resisted|p2a: Ceruledge
|-damage|p2a: Ceruledge|78/100
|
|upkeep
|turn|5
|
|t:|1779661140
|switch|p1a: Zamazenta|Zamazenta|100/100
|-ability|p1a: Zamazenta|Dauntless Shield|boost
|-boost|p1a: Zamazenta|def|1
|move|p2a: Ceruledge|Bitter Blade|p1a: Zamazenta
|-damage|p1a: Zamazenta|61/100
|-heal|p2a: Ceruledge|99/100|[from] drain|[of] p1a: Zamazenta
|-damage|p2a: Ceruledge|90/100|[from] item: Life Orb
|
|upkeep
|turn|6
|
|t:|1779661149
|switch|p2a: Landorus|Landorus-Therian, M|100/100
|-ability|p2a: Landorus|Intimidate|boost
|-unboost|p1a: Zamazenta|atk|1
|move|p1a: Zamazenta|Crunch|p2a: Landorus
|-damage|p2a: Landorus|76/100
|-damage|p1a: Zamazenta|44/100|[from] item: Rocky Helmet|[of] p2a: Landorus
|-damage|p1a: Zamazenta|34/100|[from] item: Life Orb
|
|upkeep
|turn|7
|
|t:|1779661158
|switch|p1a: Hitmontop|Hitmontop, M|100/100
|move|p2a: Landorus|U-turn|p1a: Hitmontop
|-resisted|p1a: Hitmontop
|-damage|p1a: Hitmontop|85/100
|
|t:|1779661178
|switch|p2a: Raging Bolt|Raging Bolt|100/100|[from] U-turn
|-enditem|p2a: Raging Bolt|Booster Energy
|-activate|p2a: Raging Bolt|ability: Protosynthesis|[fromitem]
|-start|p2a: Raging Bolt|protosynthesisspa
|
|upkeep
|turn|8
|
|t:|1779661187
|move|p2a: Raging Bolt|Calm Mind|p2a: Raging Bolt
|-boost|p2a: Raging Bolt|spa|1
|-boost|p2a: Raging Bolt|spd|1
|move|p1a: Hitmontop|Triple Axel|p2a: Raging Bolt|[miss]
|-miss|p1a: Hitmontop|p2a: Raging Bolt
|
|upkeep
|turn|9
|
|t:|1779661193
|move|p2a: Raging Bolt|Thunderbolt|p1a: Hitmontop
|-damage|p1a: Hitmontop|10/100
|move|p1a: Hitmontop|Triple Axel|p2a: Raging Bolt
|-supereffective|p2a: Raging Bolt
|-damage|p2a: Raging Bolt|84/100
|-supereffective|p2a: Raging Bolt
|-damage|p2a: Raging Bolt|50/100
|-supereffective|p2a: Raging Bolt
|-damage|p2a: Raging Bolt|0 fnt
|faint|p2a: Raging Bolt
|-end|p2a: Raging Bolt|Protosynthesis|[silent]
|-hitcount|p2: Raging Bolt|3
|
|upkeep
|
|t:|1779661208
|switch|p2a: Ceruledge|Ceruledge, F|90/100
|turn|10
|
|t:|1779661224
|switch|p1a: Dragapult|Dragapult, M|100/100
|move|p2a: Ceruledge|Swords Dance|p2a: Ceruledge
|-boost|p2a: Ceruledge|atk|2
|
|upkeep
|turn|11
|
|t:|1779661233
|move|p2a: Ceruledge|Shadow Sneak|p1a: Dragapult
|-supereffective|p1a: Dragapult
|-damage|p1a: Dragapult|0 fnt
|faint|p1a: Dragapult
|-damage|p2a: Ceruledge|80/100|[from] item: Life Orb
|
|upkeep
|
|t:|1779661236
|switch|p1a: Darkrai|Darkrai|100/100
|turn|12
|
|t:|1779661240
|switch|p2a: Weezing|Weezing-Galar, F|46/100
|-ability|p2a: Weezing|Neutralizing Gas
|move|p1a: Darkrai|Dark Pulse|p2a: Weezing
|-resisted|p2a: Weezing
|-crit|p2a: Weezing
|-damage|p2a: Weezing|0 fnt
|faint|p2a: Weezing
|-end|p2a: Weezing|ability: Neutralizing Gas
|
|upkeep
|
|t:|1779661246
|switch|p2a: Landorus|Landorus-Therian, M|76/100
|-ability|p2a: Landorus|Intimidate|boost
|-unboost|p1a: Darkrai|atk|1
|turn|13
|
|t:|1779661248
|move|p1a: Darkrai|Dark Pulse|p2a: Landorus
|-damage|p2a: Landorus|29/100
|move|p2a: Landorus|U-turn|p1a: Darkrai
|-supereffective|p1a: Darkrai
|-damage|p1a: Darkrai|45/100
|
|t:|1779661252
|switch|p2a: Darkrai|Darkrai|100/100|[from] U-turn
|
|upkeep
|turn|14
|
|t:|1779661261
|switch|p1a: Zamazenta|Zamazenta|34/100
|move|p2a: Darkrai|Dark Pulse|p1a: Zamazenta
|-resisted|p1a: Zamazenta
|-damage|p1a: Zamazenta|15/100
|
|upkeep
|turn|15
|
|t:|1779661270
|move|p2a: Darkrai|Dark Pulse|p1a: Zamazenta
|-resisted|p1a: Zamazenta
|-damage|p1a: Zamazenta|0 fnt
|faint|p1a: Zamazenta
|
|upkeep
|
|t:|1779661273
|switch|p1a: Hitmontop|Hitmontop, M|10/100
|turn|16
|
|t:|1779661278
|switch|p2a: Landorus|Landorus-Therian, M|29/100
|-ability|p2a: Landorus|Intimidate|boost
|-unboost|p1a: Hitmontop|atk|1
|move|p1a: Hitmontop|Bullet Punch|p2a: Landorus
|-damage|p2a: Landorus|16/100
|-damage|p1a: Hitmontop|0 fnt|[from] item: Rocky Helmet|[of] p2a: Landorus
|faint|p1a: Hitmontop
|
|upkeep
|
|t:|1779661283
|switch|p1a: Kyurem|Kyurem|58/100
|-ability|p1a: Kyurem|Pressure
|turn|17
|
|t:|1779661289
|move|p1a: Kyurem|Draco Meteor|p2a: Landorus
|-damage|p2a: Landorus|0 fnt
|-unboost|p1a: Kyurem|spa|2
|faint|p2a: Landorus
|
|upkeep
|
|t:|1779661294
|switch|p2a: Ceruledge|Ceruledge, F|80/100
|turn|18
|
|t:|1779661302
|switch|p1a: Darkrai|Darkrai|45/100
|move|p2a: Ceruledge|Swords Dance|p2a: Ceruledge
|-boost|p2a: Ceruledge|atk|2
|
|upkeep
|turn|19
|
|t:|1779661309
|-terastallize|p2a: Ceruledge|Ghost
|move|p2a: Ceruledge|Shadow Sneak|p1a: Darkrai
|-resisted|p1a: Darkrai
|-damage|p1a: Darkrai|0 fnt
|faint|p1a: Darkrai
|-damage|p2a: Ceruledge|70/100|[from] item: Life Orb
|
|upkeep
|
|t:|1779661318
|switch|p1a: Kyurem|Kyurem|58/100
|-ability|p1a: Kyurem|Pressure
|turn|20
|
|t:|1779661322
|-terastallize|p1a: Kyurem|Ground
|move|p2a: Ceruledge|Shadow Sneak|p1a: Kyurem
|-damage|p1a: Kyurem|0 fnt
|faint|p1a: Kyurem
|-damage|p2a: Ceruledge|60/100|[from] item: Life Orb
|
|upkeep
|
|t:|1779661325
|switch|p1a: Scizor|Scizor, M|100/100
|turn|21
|
|t:|1779661328
|move|p2a: Ceruledge|Bitter Blade|p1a: Scizor
|-supereffective|p1a: Scizor
|-damage|p1a: Scizor|0 fnt
|-heal|p2a: Ceruledge|100/100|[from] drain|[of] p1a: Scizor
|faint|p1a: Scizor
|-damage|p2a: Ceruledge|91/100|[from] item: Life Orb
|
|win|spaarkle
|raw|Moltov91's rating: 1328 &rarr; <strong>1308</strong><br />(-20 for losing)
|raw|spaarkle's rating: 1323 &rarr; <strong>1343</strong><br />(+20 for winning)
|l|☆Moltov91
|player|p1|
|l|☆spaarkle
|player|p2|
