|j|☆Lano Del Rey2
|j|☆greenbeanketamine
|t:|1779596841
|gametype|singles
|player|p1|Lano Del Rey2|swimmer-gen4dp|1294
|player|p2|greenbeanketamine|supernerd-gen2|1292
|gen|9
|tier|[Gen 9] OU
|rated|
|rule|HP Percentage Mod: HP is shown in percentages
|rule|Endless Battle Clause: Forcing endless battles is banned
|rule|Species Clause: Limit one of each Pokémon
|rule|OHKO Clause: OHKO moves are banned
|rule|Evasion Items Clause: Evasion items are banned
|rule|Evasion Moves Clause: Evasion moves are banned
|rule|Evasion Abilities Clause: Evasion abilities are banned
|rule|Sleep Moves Clause: Sleep-inducing moves are banned
|clearpoke
|poke|p1|Tyranitar, F|
|poke|p1|Excadrill, M|
|poke|p1|Clefable, M|
|poke|p1|Glimmora, M|
|poke|p1|Vaporeon, M|
|poke|p1|Skarmory, M|
|poke|p2|Garchomp, M|
|poke|p2|Heatran, M|
|poke|p2|Zapdos|
|poke|p2|Primarina, F|
|poke|p2|Umbreon, M|
|poke|p2|Zamazenta-*|
|teampreview
|inactive|Battle timer is ON: inactive players will automatically lose when time's up. (requested by Lano Del Rey2)
|
|t:|1779596870
|teamsize|p1|6
|teamsize|p2|6
|start
|switch|p1a: Tyranitar|Tyranitar, F|100/100
|switch|p2a: Zamazenta|Zamazenta|100/100
|-ability|p2a: Zamazenta|Dauntless Shield|boost
|-boost|p2a: Zamazenta|def|1
|-weather|Sandstorm|[from] ability: Sand Stream|[of] p1a: Tyranitar
|turn|1
|
|t:|1779596878
|switch|p1a: Skarmory|Skarmory, M|100/100
|move|p2a: Zamazenta|Body Press|p1a: Skarmory
|-damage|p1a: Skarmory|69/100
|-damage|p2a: Zamazenta|84/100|[from] item: Rocky Helmet|[of] p1a: Skarmory
|
|-weather|Sandstorm|[upkeep]
|-damage|p2a: Zamazenta|78/100|[from] Sandstorm
|-heal|p2a: Zamazenta|84/100|[from] item: Leftovers
|upkeep
|turn|2
|
|t:|1779596887
|switch|p2a: Zapdos|Zapdos|100/100
|move|p1a: Skarmory|Iron Defense|p1a: Skarmory
|-boost|p1a: Skarmory|def|2
|
|-weather|Sandstorm|[upkeep]
|-damage|p2a: Zapdos|94/100|[from] Sandstorm
|upkeep
|turn|3
|
|t:|1779596897
|switch|p1a: Tyranitar|Tyranitar, F|100/100
|move|p2a: Zapdos|Thunder Wave|p1a: Tyranitar|[miss]
|-miss|p2a: Zapdos|p1a: Tyranitar
|
|-weather|Sandstorm|[upkeep]
|-damage|p2a: Zapdos|88/100|[from] Sandstorm
|upkeep
|turn|4
|
|t:|1779596905
|move|p2a: Zapdos|Volt Switch|p1a: Tyranitar
|-damage|p1a: Tyranitar|79/100
|
|t:|1779596915
|switch|p2a: Garchomp|Garchomp, M|100/100|[from] Volt Switch
|move|p1a: Tyranitar|Knock Off|p2a: Garchomp
|-damage|p2a: Garchomp|20/100
|-damage|p1a: Tyranitar|67/100|[from] ability: Rough Skin|[of] p2a: Garchomp
|-enditem|p2a: Garchomp|Loaded Dice|[from] move: Knock Off|[of] p1a: Tyranitar
|
|-weather|Sandstorm|[upkeep]
|upkeep
|turn|5
|
|t:|1779596928
|switch|p1a: Skarmory|Skarmory, M|69/100
|move|p2a: Garchomp|Earthquake|p1a: Skarmory
|-immune|p1a: Skarmory
|
|-weather|none
|upkeep
|turn|6
|
|t:|1779596939
|switch|p2a: Zapdos|Zapdos|88/100
|move|p1a: Skarmory|Iron Defense|p1a: Skarmory
|-boost|p1a: Skarmory|def|2
|
|upkeep
|turn|7
|
|t:|1779596946
|switch|p1a: Tyranitar|Tyranitar, F|67/100
|-weather|Sandstorm|[from] ability: Sand Stream|[of] p1a: Tyranitar
|move|p2a: Zapdos|Volt Switch|p1a: Tyranitar
|-damage|p1a: Tyranitar|48/100
|
|t:|1779596955
|switch|p2a: Zamazenta|Zamazenta|84/100|[from] Volt Switch
|
|-weather|Sandstorm|[upkeep]
|-damage|p2a: Zamazenta|78/100|[from] Sandstorm
|-heal|p2a: Zamazenta|84/100|[from] item: Leftovers
|upkeep
|turn|8
|
|t:|1779596966
|switch|p1a: Fishtail|Vaporeon, M|100/100
|move|p2a: Zamazenta|Iron Defense|p2a: Zamazenta
|-boost|p2a: Zamazenta|def|2
|
|-weather|Sandstorm|[upkeep]
|-damage|p2a: Zamazenta|78/100|[from] Sandstorm
|-damage|p1a: Fishtail|94/100|[from] Sandstorm
|-heal|p2a: Zamazenta|84/100|[from] item: Leftovers
|-heal|p1a: Fishtail|100/100|[from] item: Leftovers
|upkeep
|turn|9
|
|t:|1779596975
|move|p2a: Zamazenta|Body Press|p1a: Fishtail
|-damage|p1a: Fishtail|51/100
|move|p1a: Fishtail|Wish|p1a: Fishtail
|
|-weather|Sandstorm|[upkeep]
|-damage|p2a: Zamazenta|78/100|[from] Sandstorm
|-damage|p1a: Fishtail|44/100|[from] Sandstorm
|-heal|p2a: Zamazenta|84/100|[from] item: Leftovers
|-heal|p1a: Fishtail|51/100|[from] item: Leftovers
|upkeep
|turn|10
|
|t:|1779596983
|move|p1a: Fishtail|Protect|p1a: Fishtail
|-singleturn|p1a: Fishtail|Protect
|move|p2a: Zamazenta|Body Press|p1a: Fishtail
|-activate|p1a: Fishtail|move: Protect
|
|-weather|Sandstorm|[upkeep]
|-damage|p2a: Zamazenta|78/100|[from] Sandstorm
|-damage|p1a: Fishtail|44/100|[from] Sandstorm
|-heal|p1a: Fishtail|94/100|[from] move: Wish|[wisher] Fishtail
|-heal|p2a: Zamazenta|84/100|[from] item: Leftovers
|-heal|p1a: Fishtail|100/100|[from] item: Leftovers
|upkeep
|turn|11
|
|t:|1779596993
|switch|p2a: Umbreon|Umbreon, M|100/100
|move|p1a: Fishtail|Scald|p2a: Umbreon
|-damage|p2a: Umbreon|85/100
|
|-weather|none
|-heal|p2a: Umbreon|91/100|[from] item: Leftovers
|upkeep
|turn|12
|
|t:|1779597005
|switch|p1a: A&W|Glimmora, M, shiny|100/100
|move|p2a: Umbreon|Toxic|p1a: A&W
|-immune|p1a: A&W
|
|-heal|p2a: Umbreon|97/100|[from] item: Leftovers
|upkeep
|turn|13
|
|t:|1779597011
|switch|p2a: Heatran|Heatran, M|100/100
|move|p1a: A&W|Stealth Rock|p2a: Heatran
|-sidestart|p2: greenbeanketamine|move: Stealth Rock
|
|upkeep
|turn|14
|
|t:|1779597018
|move|p1a: A&W|Earth Power|p2a: Heatran
|-supereffective|p2a: Heatran
|-damage|p2a: Heatran|0 fnt
|faint|p2a: Heatran
|
|upkeep
|
|t:|1779597030
|switch|p2a: Garchomp|Garchomp, M|20/100
|-damage|p2a: Garchomp|14/100|[from] Stealth Rock
|turn|15
|
|t:|1779597037
|switch|p1a: Skarmory|Skarmory, M|69/100
|move|p2a: Garchomp|Swords Dance|p2a: Garchomp
|-boost|p2a: Garchomp|atk|2
|
|upkeep
|turn|16
|
|t:|1779597043
|move|p2a: Garchomp|Fire Fang|p1a: Skarmory
|-supereffective|p1a: Skarmory
|-damage|p1a: Skarmory|10/100
|-damage|p2a: Garchomp|0 fnt|[from] item: Rocky Helmet|[of] p1a: Skarmory
|faint|p2a: Garchomp
|move|p1a: Skarmory|Iron Defense|p1a: Skarmory
|-boost|p1a: Skarmory|def|2
|
|upkeep
|-message|greenbeanketamine forfeited.
|
|win|Lano Del Rey2
|raw|Lano Del Rey2's rating: 1294 &rarr; <strong>1319</strong><br />(+25 for winning)
|raw|greenbeanketamine's rating: 1292 &rarr; <strong>1267</strong><br />(-25 for losing)
|l|☆greenbeanketamine
|player|p2|
|l|☆Lano Del Rey2
|player|p1|
