|j|☆cryrob9909
|j|☆jsmikelol
|t:|1779581062
|gametype|singles
|player|p1|cryrob9909|plasmagruntf-gen5bw|
|player|p2|jsmikelol|ninjaboy|
|gen|9
|tier|[Gen 9] OU
|rule|HP Percentage Mod: HP is shown in percentages
|rule|Endless Battle Clause: Forcing endless battles is banned
|rule|Species Clause: Limit one of each Pokémon
|rule|OHKO Clause: OHKO moves are banned
|rule|Evasion Items Clause: Evasion items are banned
|rule|Evasion Moves Clause: Evasion moves are banned
|rule|Evasion Abilities Clause: Evasion abilities are banned
|rule|Sleep Moves Clause: Sleep-inducing moves are banned
|clearpoke
|poke|p1|Ursaluna, M|
|poke|p1|Porygon2|
|poke|p1|Pawmot, M|
|poke|p1|Iron Hands|
|poke|p1|Arboliva, F|
|poke|p1|Kingambit, F|
|poke|p2|Blaziken, F|
|poke|p2|Iron Boulder|
|poke|p2|Iron Hands|
|poke|p2|Kingambit, M|
|poke|p2|Scizor, F|
|poke|p2|Weavile, M|
|teampreview
|inactive|Battle timer is ON: inactive players will automatically lose when time's up. (requested by cryrob9909)
|inactive|jsmikelol also wants the timer to be on.
|
|t:|1779581071
|teamsize|p1|6
|teamsize|p2|6
|start
|switch|p1a: Grass|Arboliva, F, shiny|100/100
|switch|p2a: One Punch|Iron Hands, shiny|100/100
|-enditem|p2a: One Punch|Booster Energy
|-activate|p2a: One Punch|ability: Quark Drive|[fromitem]
|-start|p2a: One Punch|quarkdriveatk
|turn|1
|
|t:|1779581098
|move|p2a: One Punch|Swords Dance|p2a: One Punch
|-boost|p2a: One Punch|atk|2
|move|p1a: Grass|Strength Sap|p2a: One Punch
|-unboost|p2a: One Punch|atk|1
|
|upkeep
|turn|2
|
|t:|1779581106
|move|p2a: One Punch|Drain Punch|p1a: Grass
|-supereffective|p1a: Grass
|-damage|p1a: Grass|0 fnt
|faint|p1a: Grass
|
|upkeep
|
|t:|1779581112
|switch|p1a: Maxpower Smokey|Ursaluna, M, shiny|100/100
|turn|3
|
|t:|1779581117
|-terastallize|p1a: Maxpower Smokey|Ghost
|move|p2a: One Punch|Drain Punch|p1a: Maxpower Smokey
|-immune|p1a: Maxpower Smokey
|move|p1a: Maxpower Smokey|Earthquake|p2a: One Punch
|-supereffective|p2a: One Punch
|-damage|p2a: One Punch|24/100
|
|-status|p1a: Maxpower Smokey|brn|[from] item: Flame Orb
|upkeep
|turn|4
|
|t:|1779581126
|move|p2a: One Punch|Ice Punch|p1a: Maxpower Smokey
|-damage|p1a: Maxpower Smokey|66/100 brn
|move|p1a: Maxpower Smokey|Play Rough|p2a: One Punch
|-supereffective|p2a: One Punch
|-damage|p2a: One Punch|0 fnt
|faint|p2a: One Punch
|-end|p2a: One Punch|Quark Drive|[silent]
|
|-damage|p1a: Maxpower Smokey|59/100 brn|[from] brn
|upkeep
|
|t:|1779581133
|switch|p2a: Big Man|Iron Boulder|100/100
|-enditem|p2a: Big Man|Booster Energy
|-activate|p2a: Big Man|ability: Quark Drive|[fromitem]
|-start|p2a: Big Man|quarkdrivespe
|turn|5
|
|t:|1779581141
|switch|p1a: Domain expansion|Porygon2, shiny|100/100
|-ability|p1a: Domain expansion|Download|boost
|-boost|p1a: Domain expansion|atk|1
|move|p2a: Big Man|Earthquake|p1a: Domain expansion
|-damage|p1a: Domain expansion|78/100
|
|upkeep
|turn|6
|
|t:|1779581149
|move|p2a: Big Man|Close Combat|p1a: Domain expansion
|-supereffective|p1a: Domain expansion
|-damage|p1a: Domain expansion|22/100
|-unboost|p2a: Big Man|def|1
|-unboost|p2a: Big Man|spd|1
|move|p1a: Domain expansion|Trick Room|p1a: Domain expansion
|-fieldstart|move: Trick Room|[of] p1a: Domain expansion
|
|upkeep
|turn|7
|
|t:|1779581161
|move|p1a: Domain expansion|Recover|p1a: Domain expansion
|-heal|p1a: Domain expansion|72/100
|move|p2a: Big Man|Mighty Cleave|p1a: Domain expansion
|-damage|p1a: Domain expansion|40/100
|
|upkeep
|turn|8
|
|t:|1779581167
|move|p1a: Domain expansion|Recover|p1a: Domain expansion
|-heal|p1a: Domain expansion|90/100
|move|p2a: Big Man|Close Combat|p1a: Domain expansion
|-supereffective|p1a: Domain expansion
|-damage|p1a: Domain expansion|37/100
|-unboost|p2a: Big Man|def|1
|-unboost|p2a: Big Man|spd|1
|
|upkeep
|turn|9
|
|t:|1779581176
|move|p1a: Domain expansion|Shadow Ball|p2a: Big Man
|-supereffective|p2a: Big Man
|-crit|p2a: Big Man
|-damage|p2a: Big Man|0 fnt
|faint|p2a: Big Man
|-end|p2a: Big Man|Quark Drive|[silent]
|
|upkeep
|
|t:|1779581183
|switch|p2a: Iced Out|Weavile, M, shiny|100/100
|-ability|p2a: Iced Out|Pressure
|turn|10
|
|t:|1779581189
|switch|p1a: Iron Goat|Iron Hands, shiny|100/100
|-enditem|p1a: Iron Goat|Booster Energy
|-activate|p1a: Iron Goat|ability: Quark Drive|[fromitem]
|-start|p1a: Iron Goat|quarkdriveatk
|move|p2a: Iced Out|Knock Off|p1a: Iron Goat
|-resisted|p1a: Iron Goat
|-damage|p1a: Iron Goat|91/100
|
|-fieldend|move: Trick Room
|upkeep
|turn|11
|
|t:|1779581200
|move|p2a: Iced Out|Substitute|p2a: Iced Out
|-start|p2a: Iced Out|Substitute
|-damage|p2a: Iced Out|76/100
|move|p1a: Iron Goat|Heavy Slam|p2a: Iced Out
|-supereffective|p2a: Iced Out
|-end|p2a: Iced Out|Substitute
|
|upkeep
|turn|12
|
|t:|1779581212
|-terastallize|p2a: Iced Out|Ghost
|move|p2a: Iced Out|Swords Dance|p2a: Iced Out
|-boost|p2a: Iced Out|atk|2
|move|p1a: Iron Goat|Heavy Slam|p2a: Iced Out
|-damage|p2a: Iced Out|0 fnt
|faint|p2a: Iced Out
|
|upkeep
|c|☆jsmikelol|what type is tayden slam?
|inactive|jsmikelol has 270 seconds left.
|c|☆jsmikelol|steel?
|
|t:|1779581241
|switch|p2a: Tori|Blaziken, F, shiny|100/100
|turn|13
|
|t:|1779581245
|move|p2a: Tori|Close Combat|p1a: Iron Goat
|-damage|p1a: Iron Goat|54/100
|-unboost|p2a: Tori|def|1
|-unboost|p2a: Tori|spd|1
|move|p1a: Iron Goat|Drain Punch|p2a: Tori
|-enditem|p2a: Tori|Focus Sash
|-damage|p2a: Tori|1/100
|-heal|p1a: Iron Goat|83/100|[from] drain|[of] p2a: Tori
|
|-ability|p2a: Tori|Speed Boost|boost
|-boost|p2a: Tori|spe|1
|upkeep
|turn|14
|
|t:|1779581256
|move|p2a: Tori|Close Combat|p1a: Iron Goat
|-damage|p1a: Iron Goat|47/100
|-unboost|p2a: Tori|def|1
|-unboost|p2a: Tori|spd|1
|move|p1a: Iron Goat|Drain Punch|p2a: Tori
|-damage|p2a: Tori|0 fnt
|-heal|p1a: Iron Goat|47/100|[from] drain|[of] p2a: Tori
|faint|p2a: Tori
|
|upkeep
|
|t:|1779581268
|switch|p2a: King|Kingambit, M|100/100
|-activate|p2a: King|ability: Supreme Overlord
|-start|p2a: King|fallen4|[silent]
|turn|15
|
|t:|1779581275
|move|p2a: King|Swords Dance|p2a: King
|-boost|p2a: King|atk|2
|move|p1a: Iron Goat|Drain Punch|p2a: King
|-supereffective|p2a: King
|-damage|p2a: King|0 fnt
|-heal|p1a: Iron Goat|86/100|[from] drain|[of] p2a: King
|-damage|p1a: Iron Goat|69/100|[from] item: Rocky Helmet|[of] p2a: King
|faint|p2a: King
|-end|p2a: King|fallen4|[silent]
|
|upkeep
|
|t:|1779581282
|switch|p2a: Knuckle|Scizor, F, shiny|100/100
|turn|16
|
|t:|1779581294
|move|p2a: Knuckle|Close Combat|p1a: Iron Goat
|-damage|p1a: Iron Goat|28/100
|-unboost|p2a: Knuckle|def|1
|-unboost|p2a: Knuckle|spd|1
|move|p1a: Iron Goat|Drain Punch|p2a: Knuckle
|-damage|p2a: Knuckle|0 fnt
|-heal|p1a: Iron Goat|56/100|[from] drain|[of] p2a: Knuckle
|faint|p2a: Knuckle
|
|win|cryrob9909
|c|☆jsmikelol|I understand it now
|l|☆jsmikelol
|player|p2|
|l|☆cryrob9909
|player|p1|
|j|☆cryrob9909
|player|p1|cryrob9909|plasmagruntf-gen5bw|
