|j|☆dillonbrookssimp
|j|☆tittynope89
|t:|1779671290
|gametype|singles
|player|p1|dillonbrookssimp|harlequin|1321
|player|p2|tittynope89|brawly|1323
|gen|9
|tier|[Gen 9] OU
|rated|
|rule|HP Percentage Mod: HP is shown in percentages
|rule|Endless Battle Clause: Forcing endless battles is banned
|rule|Species Clause: Limit one of each Pokémon
|rule|OHKO Clause: OHKO moves are banned
|rule|Evasion Items Clause: Evasion items are banned
|rule|Evasion Moves Clause: Evasion moves are banned
|rule|Evasion Abilities Clause: Evasion abilities are banned
|rule|Sleep Moves Clause: Sleep-inducing moves are banned
|clearpoke
|poke|p1|Torterra, M|
|poke|p1|Mandibuzz, F|
|poke|p1|Fezandipiti, M|
|poke|p1|Porygon-Z|
|poke|p1|Mew|
|poke|p1|Heatran, M|
|poke|p2|Dragonite, M|
|poke|p2|Meowscarada, M|
|poke|p2|Gengar, F|
|poke|p2|Darkrai|
|poke|p2|Iron Valiant|
|poke|p2|Tornadus-Therian, M|
|teampreview
|inactive|Battle timer is ON: inactive players will automatically lose when time's up. (requested by tittynope89)
|
|t:|1779671295
|teamsize|p1|6
|teamsize|p2|6
|start
|switch|p1a: Fezandipiti|Fezandipiti, M|100/100
|switch|p2a: Gengar|Gengar, F|100/100
|turn|1
|
|t:|1779671299
|move|p2a: Gengar|Shadow Ball|p1a: Fezandipiti
|-crit|p1a: Fezandipiti
|-damage|p1a: Fezandipiti|56/100
|move|p1a: Fezandipiti|U-turn|p2a: Gengar
|-resisted|p2a: Gengar
|-damage|p2a: Gengar|94/100
|
|t:|1779671306
|switch|p1a: Porygon-Z|Porygon-Z|100/100|[from] U-turn
|
|upkeep
|turn|2
|
|t:|1779671309
|move|p1a: Porygon-Z|Discharge|p2a: Gengar
|-damage|p2a: Gengar|43/100
|move|p2a: Gengar|Sludge Wave|p1a: Porygon-Z
|-damage|p1a: Porygon-Z|35/100
|
|upkeep
|turn|3
|
|t:|1779671321
|switch|p2a: Meowscarada|Meowscarada, M|100/100
|move|p1a: Porygon-Z|Discharge|p2a: Meowscarada
|-resisted|p2a: Meowscarada
|-damage|p2a: Meowscarada|78/100
|-status|p2a: Meowscarada|par
|
|upkeep
|turn|4
|
|t:|1779671327
|switch|p1a: Athaliah|Mandibuzz, F|100/100
|move|p2a: Meowscarada|Knock Off|p1a: Athaliah
|-start|p2a: Meowscarada|typechange|Dark|[from] ability: Protean
|-resisted|p1a: Athaliah
|-damage|p1a: Athaliah|89/100
|-damage|p2a: Meowscarada|61/100 par|[from] item: Rocky Helmet|[of] p1a: Athaliah
|-enditem|p1a: Athaliah|Rocky Helmet|[from] move: Knock Off|[of] p2a: Meowscarada
|
|upkeep
|turn|5
|
|t:|1779671336
|switch|p2a: Gengar|Gengar, F|43/100
|move|p1a: Athaliah|U-turn|p2a: Gengar
|-resisted|p2a: Gengar
|-damage|p2a: Gengar|38/100
|
|t:|1779671344
|switch|p1a: Heatran|Heatran, M|100/100|[from] U-turn
|
|upkeep
|turn|6
|
|t:|1779671348
|move|p2a: Gengar|Shadow Ball|p1a: Heatran
|-damage|p1a: Heatran|75/100
|-unboost|p1a: Heatran|spd|1
|move|p1a: Heatran|Stealth Rock|p2a: Gengar
|-sidestart|p2: tittynope89|move: Stealth Rock
|
|-heal|p1a: Heatran|82/100|[from] item: Leftovers
|upkeep
|turn|7
|
|t:|1779671354
|move|p2a: Gengar|Encore|p1a: Heatran
|-start|p1a: Heatran|Encore
|move|p1a: Heatran|Stealth Rock||[still]
|-fail|p1a: Heatran
|
|-heal|p1a: Heatran|88/100|[from] item: Leftovers
|upkeep
|turn|8
|
|t:|1779671363
|switch|p1a: Fezandipiti|Fezandipiti, M|56/100
|move|p2a: Gengar|Sludge Wave|p1a: Fezandipiti
|-damage|p1a: Fezandipiti|18/100
|
|upkeep
|turn|9
|
|t:|1779671368
|move|p2a: Gengar|Shadow Ball|p1a: Fezandipiti
|-damage|p1a: Fezandipiti|0 fnt
|faint|p1a: Fezandipiti
|
|upkeep
|
|t:|1779671373
|switch|p1a: Porygon-Z|Porygon-Z|35/100
|turn|10
|
|t:|1779671380
|switch|p2a: Meowscarada|Meowscarada, M|61/100 par
|-damage|p2a: Meowscarada|49/100 par|[from] Stealth Rock
|move|p1a: Porygon-Z|Ice Beam|p2a: Meowscarada
|-supereffective|p2a: Meowscarada
|-crit|p2a: Meowscarada
|-damage|p2a: Meowscarada|0 fnt
|faint|p2a: Meowscarada
|
|upkeep
|
|t:|1779671389
|switch|p2a: Darkrai|Darkrai|100/100
|-damage|p2a: Darkrai|88/100|[from] Stealth Rock
|turn|11
|
|t:|1779671396
|move|p1a: Porygon-Z|Ice Beam|p2a: Darkrai
|-damage|p2a: Darkrai|43/100
|move|p2a: Darkrai|Dark Pulse|p1a: Porygon-Z
|-damage|p1a: Porygon-Z|0 fnt
|faint|p1a: Porygon-Z
|
|upkeep
|
|t:|1779671402
|switch|p1a: Heatran|Heatran, M|88/100
|turn|12
|
|t:|1779671406
|move|p2a: Darkrai|Dark Pulse|p1a: Heatran
|-damage|p1a: Heatran|61/100
|cant|p1a: Heatran|flinch
|
|-heal|p1a: Heatran|67/100|[from] item: Leftovers
|upkeep
|turn|13
|
|t:|1779671413
|move|p2a: Darkrai|Dark Pulse|p1a: Heatran
|-damage|p1a: Heatran|40/100
|move|p1a: Heatran|Magma Storm|p2a: Darkrai
|-damage|p2a: Darkrai|0 fnt
|faint|p2a: Darkrai
|
|-heal|p1a: Heatran|47/100|[from] item: Leftovers
|upkeep
|
|t:|1779671422
|switch|p2a: Iron Valiant|Iron Valiant|100/100
|-damage|p2a: Iron Valiant|94/100|[from] Stealth Rock
|-enditem|p2a: Iron Valiant|Booster Energy
|-activate|p2a: Iron Valiant|ability: Quark Drive|[fromitem]
|-start|p2a: Iron Valiant|quarkdrivespe
|turn|14
|
|t:|1779671429
|switch|p1a: Mew|Mew|100/100
|move|p2a: Iron Valiant|Aura Sphere|p1a: Mew
|-resisted|p1a: Mew
|-damage|p1a: Mew|80/100
|
|-heal|p1a: Mew|86/100|[from] item: Leftovers
|upkeep
|turn|15
|
|t:|1779671435
|-terastallize|p2a: Iron Valiant|Fairy
|move|p2a: Iron Valiant|Calm Mind|p2a: Iron Valiant
|-boost|p2a: Iron Valiant|spa|1
|-boost|p2a: Iron Valiant|spd|1
|move|p1a: Mew|Psychic|p2a: Iron Valiant
|-damage|p2a: Iron Valiant|45/100
|
|-heal|p1a: Mew|93/100|[from] item: Leftovers
|upkeep
|turn|16
|
|t:|1779671441
|move|p2a: Iron Valiant|Moonblast|p1a: Mew
|-damage|p1a: Mew|3/100
|move|p1a: Mew|Encore|p2a: Iron Valiant
|-start|p2a: Iron Valiant|Encore
|
|-heal|p1a: Mew|10/100|[from] item: Leftovers
|upkeep
|turn|17
|
|t:|1779671445
|switch|p1a: Heatran|Heatran, M|47/100
|move|p2a: Iron Valiant|Moonblast|p1a: Heatran
|-resisted|p1a: Heatran
|-damage|p1a: Heatran|33/100
|
|-heal|p1a: Heatran|40/100|[from] item: Leftovers
|upkeep
|turn|18
|
|t:|1779671455
|move|p2a: Iron Valiant|Moonblast|p1a: Heatran
|-resisted|p1a: Heatran
|-damage|p1a: Heatran|24/100
|move|p1a: Heatran|Earth Power|p2a: Iron Valiant
|-damage|p2a: Iron Valiant|13/100
|
|-heal|p1a: Heatran|30/100|[from] item: Leftovers
|upkeep
|turn|19
|
|t:|1779671464
|move|p2a: Iron Valiant|Moonblast|p1a: Heatran
|-resisted|p1a: Heatran
|-damage|p1a: Heatran|15/100
|move|p1a: Heatran|Earth Power|p2a: Iron Valiant
|-damage|p2a: Iron Valiant|0 fnt
|faint|p2a: Iron Valiant
|-end|p2a: Iron Valiant|Quark Drive|[silent]
|
|-heal|p1a: Heatran|21/100|[from] item: Leftovers
|upkeep
|
|t:|1779671469
|switch|p2a: Gengar|Gengar, F|38/100
|-damage|p2a: Gengar|26/100|[from] Stealth Rock
|turn|20
|
|t:|1779671475
|move|p2a: Gengar|Shadow Ball|p1a: Heatran
|-damage|p1a: Heatran|0 fnt
|faint|p1a: Heatran
|
|upkeep
|
|t:|1779671482
|switch|p1a: Peter|Torterra, M|100/100
|turn|21
|
|t:|1779671487
|-terastallize|p1a: Peter|Rock
|move|p2a: Gengar|Destiny Bond|p2a: Gengar
|-singlemove|p2a: Gengar|Destiny Bond
|move|p1a: Peter|Shell Smash|p1a: Peter
|-unboost|p1a: Peter|def|1
|-unboost|p1a: Peter|spd|1
|-boost|p1a: Peter|atk|2
|-boost|p1a: Peter|spa|2
|-boost|p1a: Peter|spe|2
|-enditem|p1a: Peter|White Herb
|-clearnegativeboost|p1a: Peter|[silent]
|
|upkeep
|turn|22
|
|t:|1779671501
|move|p1a: Peter|Shell Smash|p1a: Peter
|-unboost|p1a: Peter|def|1
|-unboost|p1a: Peter|spd|1
|-boost|p1a: Peter|atk|2
|-boost|p1a: Peter|spa|2
|-boost|p1a: Peter|spe|2
|move|p2a: Gengar|Encore|p1a: Peter
|-start|p1a: Peter|Encore
|
|upkeep
|turn|23
|
|t:|1779671509
|switch|p1a: Athaliah|Mandibuzz, F|89/100
|move|p2a: Gengar|Shadow Ball|p1a: Athaliah
|-resisted|p1a: Athaliah
|-damage|p1a: Athaliah|70/100
|
|upkeep
|turn|24
|
|t:|1779671514
|move|p2a: Gengar|Destiny Bond|p2a: Gengar
|-singlemove|p2a: Gengar|Destiny Bond
|move|p1a: Athaliah|U-turn|p2a: Gengar
|-resisted|p2a: Gengar
|-damage|p2a: Gengar|20/100
|
|t:|1779671516
|switch|p1a: Peter|Torterra, M, tera:Rock|100/100|[from] U-turn
|
|upkeep
|turn|25
|
|t:|1779671527
|move|p2a: Gengar|Shadow Ball|p1a: Peter
|-damage|p1a: Peter|51/100
|move|p1a: Peter|Shell Smash|p1a: Peter
|-unboost|p1a: Peter|def|1
|-unboost|p1a: Peter|spd|1
|-boost|p1a: Peter|atk|2
|-boost|p1a: Peter|spa|2
|-boost|p1a: Peter|spe|2
|
|upkeep
|turn|26
|
|t:|1779671537
|move|p1a: Peter|Earthquake|p2a: Gengar
|-supereffective|p2a: Gengar
|-damage|p2a: Gengar|0 fnt
|faint|p2a: Gengar
|
|upkeep
|
|t:|1779671542
|switch|p2a: Dragonite|Dragonite, M|100/100
|turn|27
|
|t:|1779671548
|move|p1a: Peter|Stone Edge|p2a: Dragonite
|-supereffective|p2a: Dragonite
|-damage|p2a: Dragonite|0 fnt
|faint|p2a: Dragonite
|
|upkeep
|inactive|tittynope89 has 120 seconds left.
|inactive|tittynope89 has 90 seconds left.
|inactive|tittynope89 has 60 seconds left.
|inactive|tittynope89 has 30 seconds left.
|inactive|tittynope89 has 20 seconds left.
|inactive|tittynope89 has 15 seconds left.
|inactive|tittynope89 has 10 seconds left.
|inactive|tittynope89 has 5 seconds left.
|
|t:|1779671696
|switch|p2a: Tornadus|Tornadus-Therian, M|100/100
|turn|28
|inactive|tittynope89 has 15 seconds left this turn.
|inactive|tittynope89 has 10 seconds left.
|inactive|tittynope89 has 5 seconds left.
|
|t:|1779671708
|move|p1a: Peter|Stone Edge|p2a: Tornadus
|-supereffective|p2a: Tornadus
|-damage|p2a: Tornadus|0 fnt
|faint|p2a: Tornadus
|
|win|dillonbrookssimp
|raw|dillonbrookssimp's rating: 1321 &rarr; <strong>1341</strong><br />(+20 for winning)
|raw|tittynope89's rating: 1323 &rarr; <strong>1303</strong><br />(-20 for losing)
|c|☆tittynope89|Kunt
|l|☆tittynope89
|player|p2|
