|j|☆BlaziKennedy
|j|☆ondeequemijaaqui
|t:|1779581582
|gametype|singles
|player|p1|BlaziKennedy|lucas|1142
|player|p2|ondeequemijaaqui|worker|1179
|gen|9
|tier|[Gen 9] OU
|rated|
|rule|HP Percentage Mod: HP is shown in percentages
|rule|Endless Battle Clause: Forcing endless battles is banned
|rule|Species Clause: Limit one of each Pokémon
|rule|OHKO Clause: OHKO moves are banned
|rule|Evasion Items Clause: Evasion items are banned
|rule|Evasion Moves Clause: Evasion moves are banned
|rule|Evasion Abilities Clause: Evasion abilities are banned
|rule|Sleep Moves Clause: Sleep-inducing moves are banned
|clearpoke
|poke|p1|Tornadus, M|
|poke|p1|Toxtricity, M|
|poke|p1|Iron Valiant|
|poke|p1|Arcanine-Hisui, M|
|poke|p1|Brambleghast, M|
|poke|p1|Hydreigon, M|
|poke|p2|Dragapult, M|
|poke|p2|Scizor, F|
|poke|p2|Milotic, F|
|poke|p2|Great Tusk|
|poke|p2|Gliscor, F|
|poke|p2|Skeledirge, M|
|teampreview
|
|t:|1779581587
|teamsize|p1|6
|teamsize|p2|6
|start
|switch|p1a: asher torrey|Tornadus, M|100/100
|switch|p2a: Great Tusk|Great Tusk|100/100
|-enditem|p2a: Great Tusk|Booster Energy
|-activate|p2a: Great Tusk|ability: Protosynthesis|[fromitem]
|-start|p2a: Great Tusk|protosynthesisatk
|turn|1
|inactive|Battle timer is ON: inactive players will automatically lose when time's up. (requested by BlaziKennedy)
|
|t:|1779581599
|move|p1a: asher torrey|Taunt|p2a: Great Tusk
|-start|p2a: Great Tusk|move: Taunt
|cant|p2a: Great Tusk|move: Taunt|Stealth Rock
|
|upkeep
|turn|2
|
|t:|1779581612
|-end|p2a: Great Tusk|Protosynthesis|[silent]
|switch|p2a: Gliscor|Gliscor, F, shiny|100/100
|move|p1a: asher torrey|Tailwind|p1a: asher torrey
|-sidestart|p1: BlaziKennedy|move: Tailwind
|
|-status|p2a: Gliscor|tox|[from] item: Toxic Orb
|upkeep
|turn|3
|
|t:|1779581627
|switch|p2a: Milotic|Milotic, F|100/100
|move|p1a: asher torrey|Taunt|p2a: Milotic
|-start|p2a: Milotic|move: Taunt
|
|upkeep
|turn|4
|
|t:|1779581634
|move|p1a: asher torrey|Hurricane|p2a: Milotic
|-damage|p2a: Milotic|69/100
|move|p2a: Milotic|Ice Beam|p1a: asher torrey
|-supereffective|p1a: asher torrey
|-damage|p1a: asher torrey|42/100
|-enditem|p1a: asher torrey|Eject Button
|
|t:|1779581643
|switch|p1a: patrick stump|Toxtricity, M|100/100
|
|-heal|p2a: Milotic|75/100|[from] item: Leftovers
|upkeep
|turn|5
|
|t:|1779581654
|switch|p2a: Gliscor|Gliscor, F, shiny|100/100 tox
|move|p1a: patrick stump|Overdrive|p2a: Gliscor
|-immune|p2a: Gliscor
|
|-sideend|p1: BlaziKennedy|move: Tailwind
|upkeep
|turn|6
|
|t:|1779581663
|switch|p1a: haribo|Arcanine-Hisui, M|100/100
|move|p2a: Gliscor|Toxic|p1a: haribo|[miss]
|-miss|p2a: Gliscor|p1a: haribo
|
|upkeep
|turn|7
|
|t:|1779581670
|move|p1a: haribo|Flare Blitz|p2a: Gliscor
|-damage|p2a: Gliscor|40/100 tox
|move|p2a: Gliscor|Toxic|p1a: haribo
|-status|p1a: haribo|tox
|
|-damage|p1a: haribo|94/100 tox|[from] psn
|-heal|p2a: Gliscor|52/100 tox|[from] ability: Poison Heal
|upkeep
|turn|8
|
|t:|1779581680
|move|p2a: Gliscor|Protect|p2a: Gliscor
|-singleturn|p2a: Gliscor|Protect
|move|p1a: haribo|Flare Blitz|p2a: Gliscor
|-activate|p2a: Gliscor|move: Protect
|
|-damage|p1a: haribo|82/100 tox|[from] psn
|-heal|p2a: Gliscor|64/100 tox|[from] ability: Poison Heal
|upkeep
|turn|9
|
|t:|1779581695
|move|p1a: haribo|Flare Blitz|p2a: Gliscor
|-damage|p2a: Gliscor|5/100 tox
|move|p2a: Gliscor|Earthquake|p1a: haribo
|-supereffective|p1a: haribo
|-damage|p1a: haribo|0 fnt
|faint|p1a: haribo
|
|-heal|p2a: Gliscor|17/100 tox|[from] ability: Poison Heal
|upkeep
|
|t:|1779581712
|switch|p1a: asher torrey|Tornadus, M|42/100
|turn|10
|
|t:|1779581716
|move|p2a: Gliscor|Protect|p2a: Gliscor
|-singleturn|p2a: Gliscor|Protect
|move|p1a: asher torrey|Tailwind|p1a: asher torrey
|-sidestart|p1: BlaziKennedy|move: Tailwind
|
|-heal|p2a: Gliscor|29/100 tox|[from] ability: Poison Heal
|upkeep
|turn|11
|
|t:|1779581724
|move|p1a: asher torrey|Hurricane|p2a: Gliscor
|-damage|p2a: Gliscor|0 fnt
|faint|p2a: Gliscor
|
|upkeep
|
|t:|1779581735
|switch|p2a: Milotic|Milotic, F|75/100
|turn|12
|
|t:|1779581741
|move|p1a: asher torrey|Hurricane|p2a: Milotic
|-damage|p2a: Milotic|45/100
|move|p2a: Milotic|Ice Beam|p1a: asher torrey
|-supereffective|p1a: asher torrey
|-damage|p1a: asher torrey|0 fnt
|faint|p1a: asher torrey
|
|-heal|p2a: Milotic|51/100|[from] item: Leftovers
|upkeep
|
|t:|1779581745
|switch|p1a: literally meta|Brambleghast, M|100/100
|-ability|p1a: literally meta|Wind Rider|boost
|-boost|p1a: literally meta|atk|1
|turn|13
|
|t:|1779581759
|switch|p2a: Dragapult|Dragapult, M|100/100
|move|p1a: literally meta|Rapid Spin|p2a: Dragapult
|-immune|p2a: Dragapult
|
|-sideend|p1: BlaziKennedy|move: Tailwind
|upkeep
|turn|14
|
|t:|1779581770
|-terastallize|p1a: literally meta|Ghost
|move|p1a: literally meta|Shadow Sneak|p2a: Dragapult
|-supereffective|p2a: Dragapult
|-damage|p2a: Dragapult|0 fnt
|faint|p2a: Dragapult
|-damage|p1a: literally meta|91/100|[from] item: Life Orb
|
|upkeep
|
|t:|1779581779
|switch|p2a: Skeledirge|Skeledirge, M|100/100
|turn|15
|
|t:|1779581785
|move|p1a: literally meta|Poltergeist|p2a: Skeledirge
|-activate|p2a: Skeledirge|move: Poltergeist|Leftovers
|-supereffective|p2a: Skeledirge
|-damage|p2a: Skeledirge|0 fnt
|faint|p2a: Skeledirge
|-damage|p1a: literally meta|81/100|[from] item: Life Orb
|
|upkeep
|
|t:|1779581793
|switch|p2a: Scizor|Scizor, F|100/100
|turn|16
|
|t:|1779581800
|move|p1a: literally meta|Poltergeist|p2a: Scizor
|-activate|p2a: Scizor|move: Poltergeist|Leftovers
|-damage|p2a: Scizor|0 fnt
|faint|p2a: Scizor
|-damage|p1a: literally meta|71/100|[from] item: Life Orb
|
|upkeep
|
|t:|1779581808
|switch|p2a: Great Tusk|Great Tusk|100/100
|turn|17
|
|t:|1779581813
|move|p1a: literally meta|Power Whip|p2a: Great Tusk
|-supereffective|p2a: Great Tusk
|-damage|p2a: Great Tusk|0 fnt
|faint|p2a: Great Tusk
|-end|p2a: Great Tusk|Protosynthesis|[silent]
|-damage|p1a: literally meta|61/100|[from] item: Life Orb
|
|upkeep
|-message|ondeequemijaaqui forfeited.
|
|win|BlaziKennedy
|raw|BlaziKennedy's rating: 1142 &rarr; <strong>1170</strong><br />(+28 for winning)
|raw|ondeequemijaaqui's rating: 1179 &rarr; <strong>1151</strong><br />(-28 for losing)
|l|☆ondeequemijaaqui
|player|p2|
