|j|☆pleasepatient
|j|☆mister_ttar
|t:|1779646852
|gametype|singles
|player|p1|pleasepatient|skyla|1526
|player|p2|mister_ttar|vince|1560
|gen|9
|tier|[Gen 9] OU
|rated|
|rule|HP Percentage Mod: HP is shown in percentages
|rule|Endless Battle Clause: Forcing endless battles is banned
|rule|Species Clause: Limit one of each Pokémon
|rule|OHKO Clause: OHKO moves are banned
|rule|Evasion Items Clause: Evasion items are banned
|rule|Evasion Moves Clause: Evasion moves are banned
|rule|Evasion Abilities Clause: Evasion abilities are banned
|rule|Sleep Moves Clause: Sleep-inducing moves are banned
|clearpoke
|poke|p1|Cramorant, F|
|poke|p1|Kingambit, M|
|poke|p1|Iron Moth|
|poke|p1|Enamorus, F|
|poke|p1|Great Tusk|
|poke|p1|Iron Valiant|
|poke|p2|Slowking-Galar, F|
|poke|p2|Skeledirge, F|
|poke|p2|Cresselia, F|
|poke|p2|Raging Bolt|
|poke|p2|Rillaboom, F|
|poke|p2|Skarmory, M|
|teampreview
|inactive|Battle timer is ON: inactive players will automatically lose when time's up. (requested by pleasepatient)
|
|t:|1779646859
|teamsize|p1|6
|teamsize|p2|6
|start
|switch|p1a: Cramorant|Cramorant, F, shiny|100/100
|switch|p2a: Slowking|Slowking-Galar, F|100/100
|turn|1
|
|t:|1779646887
|move|p1a: Cramorant|Hurricane|p2a: Slowking
|-damage|p2a: Slowking|73/100
|move|p2a: Slowking|Sludge Bomb|p1a: Cramorant
|-damage|p1a: Cramorant|56/100
|
|upkeep
|turn|2
|
|t:|1779646894
|switch|p2a: Raging Bolt|Raging Bolt|100/100
|move|p1a: Cramorant|Tailwind|p1a: Cramorant
|-sidestart|p1: pleasepatient|move: Tailwind
|
|upkeep
|turn|3
|
|t:|1779646903
|switch|p1a: Great Tusk|Great Tusk|100/100
|-enditem|p1a: Great Tusk|Booster Energy
|-activate|p1a: Great Tusk|ability: Protosynthesis|[fromitem]
|-start|p1a: Great Tusk|protosynthesisatk
|move|p2a: Raging Bolt|Thunderclap||[still]
|-fail|p2a: Raging Bolt
|
|upkeep
|turn|4
|
|t:|1779646910
|-end|p2a: Raging Bolt|Protosynthesis|[silent]
|switch|p2a: Skarmory|Skarmory, M|100/100
|move|p1a: Great Tusk|Supercell Slam|p2a: Skarmory
|-supereffective|p2a: Skarmory
|-damage|p2a: Skarmory|44/100
|-damage|p1a: Great Tusk|84/100|[from] item: Rocky Helmet|[of] p2a: Skarmory
|
|upkeep
|turn|5
|
|t:|1779646916
|move|p1a: Great Tusk|Supercell Slam|p2a: Skarmory
|-supereffective|p2a: Skarmory
|-damage|p2a: Skarmory|0 fnt
|-damage|p1a: Great Tusk|68/100|[from] item: Rocky Helmet|[of] p2a: Skarmory
|faint|p2a: Skarmory
|
|-sideend|p1: pleasepatient|move: Tailwind
|upkeep
|
|t:|1779646922
|switch|p2a: Rillaboom|Rillaboom, F|100/100
|-fieldstart|move: Grassy Terrain|[from] ability: Grassy Surge|[of] p2a: Rillaboom
|turn|6
|
|t:|1779646940
|move|p2a: Rillaboom|Grassy Glide|p1a: Great Tusk
|-supereffective|p1a: Great Tusk
|-damage|p1a: Great Tusk|0 fnt
|faint|p1a: Great Tusk
|-end|p1a: Great Tusk|Protosynthesis|[silent]
|
|upkeep
|j| kanaete onegai
|inactive|pleasepatient has 120 seconds left.
|
|t:|1779646973
|switch|p1a: Iron Moth|Iron Moth|100/100
|-enditem|p1a: Iron Moth|Booster Energy
|-activate|p1a: Iron Moth|ability: Quark Drive|[fromitem]
|-start|p1a: Iron Moth|quarkdrivespe
|turn|7
|inactive|mister_ttar has 120 seconds left.
|
|t:|1779647012
|-end|p1a: Iron Moth|Quark Drive|[silent]
|switch|p1a: Cramorant|Cramorant, F, shiny|56/100
|switch|p2a: Slowking|Slowking-Galar, F|100/100
|
|upkeep
|turn|8
|inactive|pleasepatient has 120 seconds left.
|
|t:|1779647029
|move|p1a: Cramorant|Surf|p2a: Slowking
|-formechange|p1a: Cramorant|Cramorant-Gulping|
|-damage|p2a: Slowking|78/100
|move|p2a: Slowking|Sludge Bomb|p1a: Cramorant
|-damage|p1a: Cramorant|13/100
|-damage|p2a: Slowking|54/100|[from] ability: Gulp Missile|[of] p1a: Cramorant
|-unboost|p2a: Slowking|def|1
|-formechange|p1a: Cramorant|Cramorant|
|
|-heal|p2a: Slowking|60/100|[from] Grassy Terrain
|upkeep
|turn|9
|
|t:|1779647042
|move|p1a: Cramorant|Surf|p2a: Slowking
|-formechange|p1a: Cramorant|Cramorant-Gorging|
|-damage|p2a: Slowking|35/100
|-prepare|p2a: Slowking|Chilly Reception|[premajor]
|move|p2a: Slowking|Chilly Reception|p2a: Slowking
|-weather|Snowscape
|
|t:|1779647049
|switch|p2a: Raging Bolt|Raging Bolt|100/100|[from] Chilly Reception
|
|-weather|Snowscape|[upkeep]
|upkeep
|turn|10
|
|t:|1779647054
|move|p2a: Raging Bolt|Thunderclap||[still]
|-fail|p2a: Raging Bolt
|move|p1a: Cramorant|Tailwind|p1a: Cramorant
|-sidestart|p1: pleasepatient|move: Tailwind
|
|-weather|Snowscape|[upkeep]
|-fieldend|move: Grassy Terrain
|upkeep
|turn|11
|
|t:|1779647060
|move|p2a: Raging Bolt|Thunderclap|p1a: Cramorant
|-supereffective|p1a: Cramorant
|-crit|p1a: Cramorant
|-damage|p1a: Cramorant|0 fnt
|-damage|p2a: Raging Bolt|76/100|[from] ability: Gulp Missile|[of] p1a: Cramorant
|-formechange|p1a: Cramorant|Cramorant|
|faint|p1a: Cramorant
|
|-weather|Snowscape|[upkeep]
|-heal|p2a: Raging Bolt|82/100|[from] item: Leftovers
|upkeep
|
|t:|1779647064
|switch|p1a: Iron Valiant|Iron Valiant|100/100
|-enditem|p1a: Iron Valiant|Booster Energy
|-activate|p1a: Iron Valiant|ability: Quark Drive|[fromitem]
|-start|p1a: Iron Valiant|quarkdrivespe
|turn|12
|
|t:|1779647072
|-end|p2a: Raging Bolt|Protosynthesis|[silent]
|switch|p2a: Skeledirge|Skeledirge, F|100/100
|move|p1a: Iron Valiant|Encore||[still]
|-fail|p1a: Iron Valiant
|
|-weather|Snowscape|[upkeep]
|upkeep
|turn|13
|
|t:|1779647086
|move|p1a: Iron Valiant|Knock Off|p2a: Skeledirge
|-supereffective|p2a: Skeledirge
|-damage|p2a: Skeledirge|43/100
|-enditem|p2a: Skeledirge|Heavy-Duty Boots|[from] move: Knock Off|[of] p1a: Iron Valiant
|move|p2a: Skeledirge|Torch Song|p1a: Iron Valiant
|-damage|p1a: Iron Valiant|42/100
|-boost|p2a: Skeledirge|spa|1
|
|-weather|none
|-sideend|p1: pleasepatient|move: Tailwind
|upkeep
|turn|14
|
|t:|1779647102
|move|p1a: Iron Valiant|Encore|p2a: Skeledirge
|-start|p2a: Skeledirge|Encore
|move|p2a: Skeledirge|Torch Song|p1a: Iron Valiant
|-damage|p1a: Iron Valiant|0 fnt
|-boost|p2a: Skeledirge|spa|1
|faint|p1a: Iron Valiant
|-end|p1a: Iron Valiant|Quark Drive|[silent]
|
|upkeep
|
|t:|1779647113
|switch|p1a: Enamorus|Enamorus, F|100/100
|turn|15
|
|t:|1779647116
|move|p1a: Enamorus|Earth Power|p2a: Skeledirge
|-supereffective|p2a: Skeledirge
|-damage|p2a: Skeledirge|0 fnt
|faint|p2a: Skeledirge
|
|upkeep
|
|t:|1779647119
|switch|p2a: Cresselia|Cresselia, F|100/100
|turn|16
|
|t:|1779647123
|move|p1a: Enamorus|Moonblast|p2a: Cresselia
|-damage|p2a: Cresselia|68/100
|move|p2a: Cresselia|Calm Mind|p2a: Cresselia
|-boost|p2a: Cresselia|spa|1
|-boost|p2a: Cresselia|spd|1
|
|-heal|p2a: Cresselia|74/100|[from] item: Leftovers
|upkeep
|turn|17
|
|t:|1779647135
|switch|p1a: Kingambit|Kingambit, M, shiny|100/100
|-activate|p1a: Kingambit|ability: Supreme Overlord
|-start|p1a: Kingambit|fallen3|[silent]
|move|p2a: Cresselia|Calm Mind|p2a: Cresselia
|-boost|p2a: Cresselia|spa|1
|-boost|p2a: Cresselia|spd|1
|
|-heal|p2a: Cresselia|80/100|[from] item: Leftovers
|upkeep
|turn|18
|
|t:|1779647140
|-terastallize|p2a: Cresselia|Poison
|move|p2a: Cresselia|Moonblast|p1a: Kingambit
|-damage|p1a: Kingambit|60/100
|-unboost|p1a: Kingambit|spa|1
|move|p1a: Kingambit|Iron Head|p2a: Cresselia
|-damage|p2a: Cresselia|41/100
|-damage|p1a: Kingambit|50/100|[from] item: Life Orb
|
|-heal|p2a: Cresselia|47/100|[from] item: Leftovers
|upkeep
|turn|19
|
|t:|1779647156
|move|p2a: Cresselia|Moonlight|p2a: Cresselia
|-heal|p2a: Cresselia|97/100
|move|p1a: Kingambit|Swords Dance|p1a: Kingambit
|-boost|p1a: Kingambit|atk|2
|
|-heal|p2a: Cresselia|100/100|[from] item: Leftovers
|upkeep
|turn|20
|
|t:|1779647161
|move|p2a: Cresselia|Moonblast|p1a: Kingambit
|-damage|p1a: Kingambit|13/100
|move|p1a: Kingambit|Iron Head|p2a: Cresselia
|-damage|p2a: Cresselia|23/100
|-damage|p1a: Kingambit|3/100|[from] item: Life Orb
|
|-heal|p2a: Cresselia|29/100|[from] item: Leftovers
|upkeep
|turn|21
|
|t:|1779647171
|move|p2a: Cresselia|Moonlight|p2a: Cresselia
|-heal|p2a: Cresselia|79/100
|move|p1a: Kingambit|Iron Head|p2a: Cresselia
|-damage|p2a: Cresselia|1/100
|-damage|p1a: Kingambit|0 fnt|[from] item: Life Orb
|faint|p1a: Kingambit
|-end|p1a: Kingambit|fallen3|[silent]
|
|-heal|p2a: Cresselia|7/100|[from] item: Leftovers
|upkeep
|inactive|pleasepatient has 120 seconds left.
|
|t:|1779647202
|switch|p1a: Enamorus|Enamorus, F|100/100
|turn|22
|
|t:|1779647205
|move|p1a: Enamorus|Moonblast|p2a: Cresselia
|-resisted|p2a: Cresselia
|-damage|p2a: Cresselia|0 fnt
|faint|p2a: Cresselia
|
|upkeep
|
|t:|1779647209
|switch|p2a: Slowking|Slowking-Galar, F|69/100
|turn|23
|
|t:|1779647215
|-terastallize|p1a: Enamorus|Steel
|move|p1a: Enamorus|Earth Power|p2a: Slowking
|-supereffective|p2a: Slowking
|-damage|p2a: Slowking|33/100
|move|p2a: Slowking|Future Sight|p1a: Enamorus
|-start|p2a: Slowking|move: Future Sight
|
|upkeep
|turn|24
|
|t:|1779647223
|switch|p2a: Rillaboom|Rillaboom, F|100/100
|-fieldstart|move: Grassy Terrain|[from] ability: Grassy Surge|[of] p2a: Rillaboom
|move|p1a: Enamorus|Earth Power|p2a: Rillaboom
|-resisted|p2a: Rillaboom
|-damage|p2a: Rillaboom|81/100
|
|-heal|p2a: Rillaboom|87/100|[from] Grassy Terrain
|upkeep
|turn|25
|
|t:|1779647232
|move|p2a: Rillaboom|Grassy Glide|p1a: Enamorus
|-resisted|p1a: Enamorus
|-damage|p1a: Enamorus|51/100
|move|p1a: Enamorus|Moonblast|p2a: Rillaboom
|-damage|p2a: Rillaboom|21/100
|
|-end|p1a: Enamorus|move: Future Sight
|-resisted|p1a: Enamorus
|-damage|p1a: Enamorus|21/100
|-heal|p1a: Enamorus|27/100|[from] Grassy Terrain
|-heal|p2a: Rillaboom|27/100|[from] Grassy Terrain
|upkeep
|turn|26
|
|t:|1779647242
|move|p2a: Rillaboom|Grassy Glide|p1a: Enamorus
|-resisted|p1a: Enamorus
|-damage|p1a: Enamorus|0 fnt
|faint|p1a: Enamorus
|
|-heal|p2a: Rillaboom|33/100|[from] Grassy Terrain
|upkeep
|
|t:|1779647243
|switch|p1a: Iron Moth|Iron Moth|100/100
|turn|27
|
|t:|1779647246
|move|p2a: Rillaboom|Grassy Glide|p1a: Iron Moth
|-resisted|p1a: Iron Moth
|-damage|p1a: Iron Moth|78/100
|move|p1a: Iron Moth|Fiery Dance|p2a: Rillaboom
|-supereffective|p2a: Rillaboom
|-damage|p2a: Rillaboom|0 fnt
|-boost|p1a: Iron Moth|spa|1
|faint|p2a: Rillaboom
|
|-heal|p1a: Iron Moth|84/100|[from] Grassy Terrain
|upkeep
|
|t:|1779647253
|switch|p2a: Slowking|Slowking-Galar, F|66/100
|turn|28
|
|t:|1779647255
|move|p1a: Iron Moth|Fiery Dance|p2a: Slowking
|-damage|p2a: Slowking|31/100
|-boost|p1a: Iron Moth|spa|1
|move|p2a: Slowking|Future Sight|p1a: Iron Moth
|-start|p2a: Slowking|move: Future Sight
|
|-heal|p1a: Iron Moth|91/100|[from] Grassy Terrain
|-heal|p2a: Slowking|37/100|[from] Grassy Terrain
|-fieldend|move: Grassy Terrain
|upkeep
|turn|29
|
|t:|1779647259
|switch|p2a: Raging Bolt|Raging Bolt|82/100
|move|p1a: Iron Moth|Fiery Dance|p2a: Raging Bolt
|-resisted|p2a: Raging Bolt
|-damage|p2a: Raging Bolt|46/100
|-boost|p1a: Iron Moth|spa|1
|
|-heal|p2a: Raging Bolt|53/100|[from] item: Leftovers
|upkeep
|turn|30
|
|t:|1779647271
|move|p2a: Raging Bolt|Thunderclap|p1a: Iron Moth
|-damage|p1a: Iron Moth|47/100
|move|p1a: Iron Moth|Sludge Wave|p2a: Raging Bolt
|-damage|p2a: Raging Bolt|0 fnt
|faint|p2a: Raging Bolt
|-end|p2a: Raging Bolt|Protosynthesis|[silent]
|
|-end|p1a: Iron Moth|move: Future Sight
|-supereffective|p1a: Iron Moth
|-damage|p1a: Iron Moth|0 fnt
|faint|p1a: Iron Moth
|-end|p1a: Iron Moth|Quark Drive|[silent]
|
|win|mister_ttar
|raw|pleasepatient's rating: 1526 &rarr; <strong>1508</strong><br />(-18 for losing)
|raw|mister_ttar's rating: 1560 &rarr; <strong>1578</strong><br />(+18 for winning)
|c|☆pleasepatient|GG
|l|☆pleasepatient
|player|p1|
|l|☆mister_ttar
|player|p2|
