|j|☆etherproselyte
|j|☆keep ttar overused
|t:|1779687054
|gametype|singles
|player|p1|etherproselyte|miku-water|1376
|player|p2|keep ttar overused|1|1405
|gen|9
|tier|[Gen 9] OU
|rated|
|rule|HP Percentage Mod: HP is shown in percentages
|rule|Endless Battle Clause: Forcing endless battles is banned
|rule|Species Clause: Limit one of each Pokémon
|rule|OHKO Clause: OHKO moves are banned
|rule|Evasion Items Clause: Evasion items are banned
|rule|Evasion Moves Clause: Evasion moves are banned
|rule|Evasion Abilities Clause: Evasion abilities are banned
|rule|Sleep Moves Clause: Sleep-inducing moves are banned
|clearpoke
|poke|p1|Ribombee, M|
|poke|p1|Glimmora, M|
|poke|p1|Landorus-Therian, M|
|poke|p1|Iron Moth|
|poke|p1|Greninja-*, M|
|poke|p1|Gholdengo|
|poke|p2|Empoleon, F|
|poke|p2|Dewgong, M|
|poke|p2|Ditto|
|poke|p2|Infernape, F|
|poke|p2|Raichu, M|
|poke|p2|Snorlax, M|
|teampreview
|inactive|Battle timer is ON: inactive players will automatically lose when time's up. (requested by etherproselyte)
|
|t:|1779687062
|teamsize|p1|6
|teamsize|p2|6
|start
|switch|p1a: lilac slumber|Ribombee, M, shiny|100/100
|switch|p2a: Double D|Ditto|100/100
|-transform|p2a: Double D|p1a: lilac slumber|[from] ability: Imposter
|turn|1
|
|t:|1779687069
|move|p2a: Double D|Sticky Web|p1a: lilac slumber
|-sidestart|p1: etherproselyte|move: Sticky Web
|move|p1a: lilac slumber|Stun Spore|p2a: Double D
|-status|p2a: Double D|par
|
|upkeep
|turn|2
|
|t:|1779687073
|switch|p2a: Napoleon|Empoleon, F|100/100
|move|p1a: lilac slumber|Sticky Web|p2a: Napoleon
|-sidestart|p2: keep ttar overused|move: Sticky Web
|
|upkeep
|turn|3
|
|t:|1779687084
|switch|p1a: magnolia city|Landorus-Therian, M, shiny|100/100
|-ability|p1a: magnolia city|Intimidate|boost
|-unboost|p2a: Napoleon|atk|1
|move|p2a: Napoleon|Stealth Rock|p1a: magnolia city
|-sidestart|p1: etherproselyte|move: Stealth Rock
|
|upkeep
|turn|4
|
|t:|1779687093
|switch|p2a: Double D|Ditto|100/100 par
|-activate|p2a: Double D|move: Sticky Web
|-unboost|p2a: Double D|spe|1
|-transform|p2a: Double D|p1a: magnolia city|[from] ability: Imposter
|-ability|p2a: Double D|Intimidate|boost
|-unboost|p1a: magnolia city|atk|1
|move|p1a: magnolia city|Earthquake|p2a: Double D
|-immune|p2a: Double D
|
|upkeep
|turn|5
|
|t:|1779687118
|switch|p2a: Utility Dewgong|Dewgong, M|100/100
|move|p1a: magnolia city|Swords Dance|p1a: magnolia city
|-boost|p1a: magnolia city|atk|2
|
|upkeep
|turn|6
|
|t:|1779687124
|move|p1a: magnolia city|Earthquake|p2a: Utility Dewgong
|-damage|p2a: Utility Dewgong|0 fnt
|faint|p2a: Utility Dewgong
|
|upkeep
|
|t:|1779687133
|switch|p2a: Pic 6|Snorlax, M|100/100
|-activate|p2a: Pic 6|move: Sticky Web
|-unboost|p2a: Pic 6|spe|1
|turn|7
|l|☆etherproselyte
|inactive|etherproselyte disconnected and has a minute to reconnect!
|player|p1|
|j|☆etherproselyte
|inactive|etherproselyte reconnected and has 145 seconds left.
|player|p1|etherproselyte|miku-water|
|
|t:|1779687157
|move|p1a: magnolia city|Swords Dance|p1a: magnolia city
|-boost|p1a: magnolia city|atk|2
|move|p2a: Pic 6|Curse|p2a: Pic 6
|-unboost|p2a: Pic 6|spe|1
|-boost|p2a: Pic 6|atk|1
|-boost|p2a: Pic 6|def|1
|
|upkeep
|turn|8
|
|t:|1779687163
|move|p1a: magnolia city|Earthquake|p2a: Pic 6
|-damage|p2a: Pic 6|0 fnt
|faint|p2a: Pic 6
|
|upkeep
|-message|keep ttar overused forfeited.
|
|win|etherproselyte
|raw|etherproselyte's rating: 1376 &rarr; <strong>1398</strong><br />(+22 for winning)
|raw|keep ttar overused's rating: 1405 &rarr; <strong>1383</strong><br />(-22 for losing)
|l|☆keep ttar overused
|player|p2|
|l|☆etherproselyte
|player|p1|
