|j|☆nygacmnym
|j|☆MASSIVE67
|t:|1779681819
|gametype|singles
|player|p1|nygacmnym|cyclist-gen4|1346
|player|p2|MASSIVE67|youngcouple-gen4dp|1324
|gen|9
|tier|[Gen 9] OU
|rated|
|rule|HP Percentage Mod: HP is shown in percentages
|rule|Endless Battle Clause: Forcing endless battles is banned
|rule|Species Clause: Limit one of each Pokémon
|rule|OHKO Clause: OHKO moves are banned
|rule|Evasion Items Clause: Evasion items are banned
|rule|Evasion Moves Clause: Evasion moves are banned
|rule|Evasion Abilities Clause: Evasion abilities are banned
|rule|Sleep Moves Clause: Sleep-inducing moves are banned
|clearpoke
|poke|p1|Kingambit, M|
|poke|p1|Dragapult, F|
|poke|p1|Ursaluna, F|
|poke|p1|Weezing-Galar, F|
|poke|p1|Deoxys-Speed|
|poke|p1|Garganacl, F|
|poke|p2|Hoopa-Unbound|
|poke|p2|Cinderace, F|
|poke|p2|Mimikyu, F|
|poke|p2|Iron Valiant|
|poke|p2|Iron Crown|
|poke|p2|Landorus-Therian, M|
|teampreview
|inactive|Battle timer is ON: inactive players will automatically lose when time's up. (requested by MASSIVE67)
|inactive|nygacmnym has 120 seconds left.
|
|t:|1779681863
|teamsize|p1|6
|teamsize|p2|6
|start
|switch|p1a: Dragapult|Dragapult, F|100/100
|switch|p2a: Landorus|Landorus-Therian, M|100/100
|-ability|p2a: Landorus|Intimidate|boost
|-unboost|p1a: Dragapult|atk|1
|turn|1
|
|t:|1779681885
|move|p1a: Dragapult|Will-O-Wisp|p2a: Landorus
|-status|p2a: Landorus|brn
|move|p2a: Landorus|Earthquake|p1a: Dragapult
|-damage|p1a: Dragapult|60/100
|
|-damage|p2a: Landorus|95/100 brn|[from] brn
|upkeep
|turn|2
|inactive|MASSIVE67 has 120 seconds left.
|
|t:|1779681913
|move|p2a: Landorus|Earthquake|p1a: Dragapult
|-damage|p1a: Dragapult|21/100
|move|p1a: Dragapult|Hex|p2a: Landorus
|-damage|p2a: Landorus|28/100 brn
|
|-damage|p2a: Landorus|22/100 brn|[from] brn
|upkeep
|turn|3
|inactive|MASSIVE67 has 120 seconds left.
|
|t:|1779681924
|switch|p1a: Weezing|Weezing-Galar, F|100/100
|move|p2a: Landorus|Earthquake|p1a: Weezing
|-immune|p1a: Weezing|[from] ability: Levitate
|
|-damage|p2a: Landorus|16/100 brn|[from] brn
|upkeep
|turn|4
|inactive|MASSIVE67 has 120 seconds left.
|
|t:|1779681935
|switch|p2a: Iron Crown|Iron Crown|100/100
|-enditem|p2a: Iron Crown|Booster Energy
|-activate|p2a: Iron Crown|ability: Quark Drive|[fromitem]
|-start|p2a: Iron Crown|quarkdrivespa
|move|p1a: Weezing|Strange Steam|p2a: Iron Crown
|-resisted|p2a: Iron Crown
|-damage|p2a: Iron Crown|87/100
|
|upkeep
|turn|5
|inactive|MASSIVE67 has 120 seconds left.
|
|t:|1779681963
|switch|p1a: Ursaluna|Ursaluna, F|100/100
|move|p2a: Iron Crown|Calm Mind|p2a: Iron Crown
|-boost|p2a: Iron Crown|spa|1
|-boost|p2a: Iron Crown|spd|1
|
|upkeep
|turn|6
|
|t:|1779681970
|move|p2a: Iron Crown|Focus Blast|p1a: Ursaluna
|-supereffective|p1a: Ursaluna
|-damage|p1a: Ursaluna|6/100
|move|p1a: Ursaluna|Earthquake|p2a: Iron Crown
|-supereffective|p2a: Iron Crown
|-damage|p2a: Iron Crown|0 fnt
|faint|p2a: Iron Crown
|-end|p2a: Iron Crown|Quark Drive|[silent]
|
|upkeep
|
|t:|1779681981
|switch|p2a: Iron Valiant|Iron Valiant|100/100
|turn|7
|
|t:|1779681985
|move|p2a: Iron Valiant|Moonblast|p1a: Ursaluna
|-damage|p1a: Ursaluna|0 fnt
|faint|p1a: Ursaluna
|
|upkeep
|
|t:|1779681995
|switch|p1a: Weezing|Weezing-Galar, F|100/100
|turn|8
|inactive|MASSIVE67 has 120 seconds left.
|
|t:|1779682007
|-end|p2a: Iron Valiant|Quark Drive|[silent]
|switch|p2a: Landorus|Landorus-Therian, M|16/100 brn
|-ability|p2a: Landorus|Intimidate|boost
|-unboost|p1a: Weezing|atk|1
|move|p1a: Weezing|Toxic||[still]
|-fail|p1a: Weezing
|
|-damage|p2a: Landorus|11/100 brn|[from] brn
|upkeep
|turn|9
|
|t:|1779682019
|switch|p1a: Dragapult|Dragapult, F|21/100
|move|p2a: Landorus|Stone Edge|p1a: Dragapult
|-damage|p1a: Dragapult|0 fnt
|faint|p1a: Dragapult
|
|-damage|p2a: Landorus|5/100 brn|[from] brn
|upkeep
|
|t:|1779682028
|switch|p1a: Kingambit|Kingambit, M|100/100
|-activate|p1a: Kingambit|ability: Supreme Overlord
|-start|p1a: Kingambit|fallen2|[silent]
|turn|10
|
|t:|1779682033
|move|p2a: Landorus|Stone Edge|p1a: Kingambit
|-resisted|p1a: Kingambit
|-damage|p1a: Kingambit|92/100
|move|p1a: Kingambit|Swords Dance|p1a: Kingambit
|-boost|p1a: Kingambit|atk|2
|
|-damage|p2a: Landorus|0 fnt|[from] brn
|faint|p2a: Landorus
|upkeep
|
|t:|1779682038
|switch|p2a: Cinderace|Cinderace, F|100/100
|turn|11
|
|t:|1779682047
|-end|p1a: Kingambit|fallen2|[silent]
|switch|p1a: Garganacl|Garganacl, F|100/100
|move|p2a: Cinderace|Pyro Ball|p1a: Garganacl
|-resisted|p1a: Garganacl
|-damage|p1a: Garganacl|76/100
|
|-heal|p1a: Garganacl|82/100|[from] item: Leftovers
|upkeep
|turn|12
|
|t:|1779682061
|move|p2a: Cinderace|High Jump Kick|p1a: Garganacl
|-start|p2a: Cinderace|typechange|Fighting|[from] ability: Libero
|-supereffective|p1a: Garganacl
|-damage|p1a: Garganacl|4/100
|move|p1a: Garganacl|Salt Cure|p2a: Cinderace
|-resisted|p2a: Cinderace
|-damage|p2a: Cinderace|92/100
|-start|p2a: Cinderace|Salt Cure
|
|-heal|p1a: Garganacl|10/100|[from] item: Leftovers
|-damage|p2a: Cinderace|79/100|[from] Salt Cure
|upkeep
|turn|13
|
|t:|1779682074
|switch|p1a: Weezing|Weezing-Galar, F|100/100
|move|p2a: Cinderace|U-turn|p1a: Weezing
|-resisted|p1a: Weezing
|-damage|p1a: Weezing|97/100
|-damage|p2a: Cinderace|63/100|[from] item: Rocky Helmet|[of] p1a: Weezing
|
|t:|1779682078
|switch|p2a: Hoopa|Hoopa-Unbound|100/100|[from] U-turn
|
|upkeep
|turn|14
|
|t:|1779682085
|switch|p1a: Garganacl|Garganacl, F|10/100
|move|p2a: Hoopa|Substitute|p2a: Hoopa
|-start|p2a: Hoopa|Substitute
|-damage|p2a: Hoopa|76/100
|
|-heal|p1a: Garganacl|16/100|[from] item: Leftovers
|upkeep
|turn|15
|
|t:|1779682094
|move|p2a: Hoopa|Dark Pulse|p1a: Garganacl
|-damage|p1a: Garganacl|0 fnt
|faint|p1a: Garganacl
|
|upkeep
|
|t:|1779682099
|switch|p1a: Kingambit|Kingambit, M|92/100
|-activate|p1a: Kingambit|ability: Supreme Overlord
|-start|p1a: Kingambit|fallen3|[silent]
|turn|16
|
|t:|1779682113
|-terastallize|p1a: Kingambit|Dark
|move|p2a: Hoopa|Focus Blast|p1a: Kingambit
|-supereffective|p1a: Kingambit
|-crit|p1a: Kingambit
|-damage|p1a: Kingambit|0 fnt
|faint|p1a: Kingambit
|-end|p1a: Kingambit|fallen3|[silent]
|
|upkeep
|
|t:|1779682126
|switch|p1a: Weezing|Weezing-Galar, F|97/100
|turn|17
|-message|nygacmnym forfeited.
|
|win|MASSIVE67
|raw|nygacmnym's rating: 1346 &rarr; <strong>1325</strong><br />(-21 for losing)
|raw|MASSIVE67's rating: 1324 &rarr; <strong>1345</strong><br />(+21 for winning)
|l|☆nygacmnym
|player|p1|
|l|☆MASSIVE67
|player|p2|
