|j|☆Deckx
|j|☆PokeBlaze17
|t:|1779654642
|gametype|singles
|player|p1|Deckx|red|1168
|player|p2|PokeBlaze17|cheren-gen5bw2|1196
|gen|9
|tier|[Gen 9] OU
|rated|
|rule|HP Percentage Mod: HP is shown in percentages
|rule|Endless Battle Clause: Forcing endless battles is banned
|rule|Species Clause: Limit one of each Pokémon
|rule|OHKO Clause: OHKO moves are banned
|rule|Evasion Items Clause: Evasion items are banned
|rule|Evasion Moves Clause: Evasion moves are banned
|rule|Evasion Abilities Clause: Evasion abilities are banned
|rule|Sleep Moves Clause: Sleep-inducing moves are banned
|clearpoke
|poke|p1|Ribombee, M|
|poke|p1|Lokix, F|
|poke|p1|Great Tusk|
|poke|p1|Raging Bolt|
|poke|p1|Gholdengo|
|poke|p1|Iron Moth|
|poke|p2|Decidueye-Hisui, F|
|poke|p2|Inteleon, F|
|poke|p2|Porygon-Z|
|poke|p2|Revavroom, M|
|poke|p2|Cinderace, M|
|poke|p2|Weezing-Galar, M|
|teampreview
|inactive|Battle timer is ON: inactive players will automatically lose when time's up. (requested by PokeBlaze17)
|
|t:|1779654661
|teamsize|p1|6
|teamsize|p2|6
|start
|switch|p1a: Ribombee|Ribombee, M|100/100
|switch|p2a: Revavroom|Revavroom, M, shiny|100/100
|-item|p2a: Revavroom|Air Balloon
|turn|1
|
|t:|1779654668
|move|p1a: Ribombee|Stun Spore|p2a: Revavroom|[miss]
|-miss|p1a: Ribombee|p2a: Revavroom
|move|p2a: Revavroom|Shift Gear|p2a: Revavroom
|-boost|p2a: Revavroom|spe|2
|-boost|p2a: Revavroom|atk|1
|
|upkeep
|turn|2
|
|t:|1779654676
|move|p2a: Revavroom|Iron Head|p1a: Ribombee
|-supereffective|p1a: Ribombee
|-enditem|p1a: Ribombee|Focus Sash
|-damage|p1a: Ribombee|1/100
|move|p1a: Ribombee|Sticky Web|p2a: Revavroom
|-sidestart|p2: PokeBlaze17|move: Sticky Web
|
|upkeep
|turn|3
|
|t:|1779654683
|move|p2a: Revavroom|Iron Head|p1a: Ribombee
|-supereffective|p1a: Ribombee
|-damage|p1a: Ribombee|0 fnt
|faint|p1a: Ribombee
|
|upkeep
|
|t:|1779654688
|switch|p1a: Great Tusk|Great Tusk|100/100
|-enditem|p1a: Great Tusk|Booster Energy
|-activate|p1a: Great Tusk|ability: Protosynthesis|[fromitem]
|-start|p1a: Great Tusk|protosynthesisatk
|turn|4
|
|t:|1779654698
|move|p2a: Revavroom|Gunk Shot|p1a: Great Tusk
|-resisted|p1a: Great Tusk
|-damage|p1a: Great Tusk|66/100
|move|p1a: Great Tusk|Close Combat|p2a: Revavroom
|-damage|p2a: Revavroom|0 fnt
|-unboost|p1a: Great Tusk|def|1
|-unboost|p1a: Great Tusk|spd|1
|-enditem|p2a: Revavroom|Air Balloon
|faint|p2a: Revavroom
|
|upkeep
|
|t:|1779654711
|switch|p2a: Cinderace|Cinderace, M, shiny|100/100
|-activate|p2a: Cinderace|move: Sticky Web
|-unboost|p2a: Cinderace|spe|1
|turn|5
|
|t:|1779654722
|-terastallize|p2a: Cinderace|Flying
|move|p1a: Great Tusk|Headlong Rush|p2a: Cinderace
|-immune|p2a: Cinderace
|move|p2a: Cinderace|Court Change|p2a: Cinderace
|-swapsideconditions
|-activate|p2a: Cinderace|move: Court Change
|
|upkeep
|turn|6
|
|t:|1779654734
|move|p1a: Great Tusk|Rapid Spin|p2a: Cinderace
|-damage|p2a: Cinderace|69/100
|-boost|p1a: Great Tusk|spe|1
|-sideend|p1: Deckx|Sticky Web|[from] move: Rapid Spin|[of] p1a: Great Tusk
|move|p2a: Cinderace|Acrobatics|p1a: Great Tusk
|-supereffective|p1a: Great Tusk
|-damage|p1a: Great Tusk|0 fnt
|faint|p1a: Great Tusk
|-end|p1a: Great Tusk|Protosynthesis|[silent]
|
|upkeep
|
|t:|1779654739
|switch|p1a: Iron Moth|Iron Moth|100/100
|-enditem|p1a: Iron Moth|Booster Energy
|-activate|p1a: Iron Moth|ability: Quark Drive|[fromitem]
|-start|p1a: Iron Moth|quarkdrivespa
|turn|7
|
|t:|1779654768
|move|p1a: Iron Moth|Fiery Dance|p2a: Cinderace
|-damage|p2a: Cinderace|0 fnt
|faint|p2a: Cinderace
|
|upkeep
|inactive|PokeBlaze17 has 120 seconds left.
|
|t:|1779654782
|switch|p2a: Inteleon|Inteleon, F, shiny|100/100
|turn|8
|
|t:|1779654792
|move|p1a: Iron Moth|Energy Ball|p2a: Inteleon
|-supereffective|p2a: Inteleon
|-damage|p2a: Inteleon|0 fnt
|faint|p2a: Inteleon
|
|upkeep
|inactive|PokeBlaze17 has 120 seconds left.
|
|t:|1779654810
|switch|p2a: Weezing|Weezing-Galar, M, shiny|100/100
|-fieldstart|move: Misty Terrain|[from] ability: Misty Surge|[of] p2a: Weezing
|turn|9
|inactive|PokeBlaze17 has 120 seconds left.
|
|t:|1779654831
|move|p1a: Iron Moth|Sludge Wave|p2a: Weezing
|-damage|p2a: Weezing|36/100
|move|p2a: Weezing|Stockpile|p2a: Weezing
|-start|p2a: Weezing|stockpile1
|-boost|p2a: Weezing|def|1
|-boost|p2a: Weezing|spd|1
|
|upkeep
|turn|10
|
|t:|1779654840
|move|p1a: Iron Moth|Fiery Dance|p2a: Weezing
|-damage|p2a: Weezing|1/100
|move|p2a: Weezing|Misty Explosion|p1a: Iron Moth
|-resisted|p1a: Iron Moth
|-damage|p1a: Iron Moth|89/100
|faint|p2a: Weezing
|
|upkeep
|
|t:|1779654855
|switch|p2a: Porygon-Z|Porygon-Z, shiny|100/100
|turn|11
|
|t:|1779654862
|move|p1a: Iron Moth|Sludge Wave|p2a: Porygon-Z
|-crit|p2a: Porygon-Z
|-enditem|p2a: Porygon-Z|Focus Sash
|-damage|p2a: Porygon-Z|1/100
|move|p2a: Porygon-Z|Agility|p2a: Porygon-Z
|-boost|p2a: Porygon-Z|spe|2
|
|upkeep
|turn|12
|inactive|PokeBlaze17 has 120 seconds left.
|
|t:|1779654877
|move|p2a: Porygon-Z|Tri Attack|p1a: Iron Moth
|-damage|p1a: Iron Moth|29/100
|move|p1a: Iron Moth|Fiery Dance|p2a: Porygon-Z
|-damage|p2a: Porygon-Z|0 fnt
|faint|p2a: Porygon-Z
|
|upkeep
|
|t:|1779654885
|switch|p2a: Decidueye|Decidueye-Hisui, F, shiny|100/100
|turn|13
|inactive|PokeBlaze17 has 120 seconds left.
|
|t:|1779654897
|move|p1a: Iron Moth|Sludge Wave|p2a: Decidueye
|-supereffective|p2a: Decidueye
|-damage|p2a: Decidueye|0 fnt
|faint|p2a: Decidueye
|
|win|Deckx
|raw|Deckx's rating: 1168 &rarr; <strong>1195</strong><br />(+27 for winning)
|raw|PokeBlaze17's rating: 1196 &rarr; <strong>1169</strong><br />(-27 for losing)
|l|☆PokeBlaze17
|player|p2|
