|j|☆turbotoby95
|j|☆acrenb
|t:|1779584206
|gametype|singles
|player|p1|turbotoby95|169|1358
|player|p2|acrenb|1|1449
|gen|9
|tier|[Gen 9] OU
|rated|
|rule|HP Percentage Mod: HP is shown in percentages
|rule|Endless Battle Clause: Forcing endless battles is banned
|rule|Species Clause: Limit one of each Pokémon
|rule|OHKO Clause: OHKO moves are banned
|rule|Evasion Items Clause: Evasion items are banned
|rule|Evasion Moves Clause: Evasion moves are banned
|rule|Evasion Abilities Clause: Evasion abilities are banned
|rule|Sleep Moves Clause: Sleep-inducing moves are banned
|clearpoke
|poke|p1|Vaporeon, F|
|poke|p1|Darkrai|
|poke|p1|Ting-Lu|
|poke|p1|Gholdengo|
|poke|p1|Ditto|
|poke|p1|Dragonite, M|
|poke|p2|Iron Valiant|
|poke|p2|Excadrill, M|
|poke|p2|Tyranitar, M|
|poke|p2|Tornadus-Therian, M|
|poke|p2|Toxapex, F|
|poke|p2|Ogerpon-Cornerstone, F|
|teampreview
|inactive|Battle timer is ON: inactive players will automatically lose when time's up. (requested by acrenb)
|
|t:|1779584212
|teamsize|p1|6
|teamsize|p2|6
|start
|switch|p1a: Yoink!|Ditto|100/100
|switch|p2a: Iron Valiant|Iron Valiant|100/100
|-transform|p1a: Yoink!|p2a: Iron Valiant|[from] ability: Imposter
|turn|1
|
|t:|1779584218
|-end|p2a: Iron Valiant|Quark Drive|[silent]
|switch|p2a: Toxapex|Toxapex, F|100/100
|move|p1a: Yoink!|Moonblast|p2a: Toxapex
|-resisted|p2a: Toxapex
|-damage|p2a: Toxapex|85/100
|-enditem|p2a: Toxapex|Eject Button
|
|t:|1779584224
|switch|p2a: Excadrill|Excadrill, M|100/100
|
|upkeep
|turn|2
|
|t:|1779584234
|move|p1a: Yoink!|Shadow Ball|p2a: Excadrill
|-damage|p2a: Excadrill|65/100
|-unboost|p2a: Excadrill|spd|1
|move|p2a: Excadrill|Substitute|p2a: Excadrill
|-start|p2a: Excadrill|Substitute
|-damage|p2a: Excadrill|40/100
|
|-heal|p2a: Excadrill|46/100|[from] item: Leftovers
|upkeep
|turn|3
|-activate|p1a: Yoink!|item: Quick Claw
|
|t:|1779584239
|move|p1a: Yoink!|Shadow Ball|p2a: Excadrill
|-end|p2a: Excadrill|Substitute
|move|p2a: Excadrill|Earthquake|p1a: Yoink!
|-damage|p1a: Yoink!|23/100
|
|-heal|p2a: Excadrill|52/100|[from] item: Leftovers
|upkeep
|turn|4
|
|t:|1779584250
|switch|p2a: Toxapex|Toxapex, F|100/100
|move|p1a: Yoink!|Vacuum Wave|p2a: Toxapex
|-resisted|p2a: Toxapex
|-damage|p2a: Toxapex|94/100
|
|upkeep
|turn|5
|
|t:|1779584255
|-end|p1a: Yoink!|Quark Drive|[silent]
|switch|p1a: Gyatdengo|Gholdengo|100/100
|move|p2a: Toxapex|Toxic Spikes|p1a: Gyatdengo
|-sidestart|p1: turbotoby95|move: Toxic Spikes
|
|upkeep
|turn|6
|
|t:|1779584259
|switch|p2a: Tyranitar|Tyranitar, M|100/100
|-weather|Sandstorm|[from] ability: Sand Stream|[of] p2a: Tyranitar
|move|p1a: Gyatdengo|Trick|p2a: Tyranitar
|-activate|p1a: Gyatdengo|move: Trick|[of] p2a: Tyranitar
|-item|p2a: Tyranitar|Choice Scarf|[from] move: Trick
|-item|p1a: Gyatdengo|Smooth Rock|[from] move: Trick
|
|-weather|Sandstorm|[upkeep]
|upkeep
|turn|7
|
|t:|1779584265
|move|p2a: Tyranitar|Stealth Rock|p1a: Gyatdengo
|-sidestart|p1: turbotoby95|move: Stealth Rock
|move|p1a: Gyatdengo|Thunder Wave|p2a: Tyranitar
|-status|p2a: Tyranitar|par
|
|-weather|Sandstorm|[upkeep]
|upkeep
|turn|8
|
|t:|1779584271
|switch|p2a: Excadrill|Excadrill, M|52/100
|move|p1a: Gyatdengo|Trick|p2a: Excadrill
|-activate|p1a: Gyatdengo|move: Trick|[of] p2a: Excadrill
|-item|p2a: Excadrill|Smooth Rock|[from] move: Trick
|-item|p1a: Gyatdengo|Leftovers|[from] move: Trick
|
|-weather|Sandstorm|[upkeep]
|upkeep
|turn|9
|
|t:|1779584279
|switch|p1a: Ting-Lu|Ting-Lu|100/100
|-status|p1a: Ting-Lu|psn
|-damage|p1a: Ting-Lu|94/100 psn|[from] Stealth Rock
|-ability|p1a: Ting-Lu|Vessel of Ruin
|move|p2a: Excadrill|Earthquake|p1a: Ting-Lu
|-damage|p1a: Ting-Lu|72/100 psn
|
|-weather|Sandstorm|[upkeep]
|-heal|p1a: Ting-Lu|78/100 psn|[from] item: Leftovers
|-damage|p1a: Ting-Lu|65/100 psn|[from] psn
|upkeep
|turn|10
|
|t:|1779584300
|switch|p2a: Iron Valiant|Iron Valiant|100/100
|move|p1a: Ting-Lu|Spikes|p2a: Iron Valiant
|-sidestart|p2: acrenb|Spikes
|
|-weather|Sandstorm|[upkeep]
|-damage|p2a: Iron Valiant|94/100|[from] Sandstorm
|-heal|p1a: Ting-Lu|72/100 psn|[from] item: Leftovers
|-damage|p1a: Ting-Lu|59/100 psn|[from] psn
|upkeep
|turn|11
|
|t:|1779584307
|move|p2a: Iron Valiant|Moonblast|p1a: Ting-Lu
|-supereffective|p1a: Ting-Lu
|-damage|p1a: Ting-Lu|0 fnt
|faint|p1a: Ting-Lu
|
|-weather|Sandstorm|[upkeep]
|-damage|p2a: Iron Valiant|88/100|[from] Sandstorm
|upkeep
|
|t:|1779584313
|switch|p1a: Gyatdengo|Gholdengo|100/100
|-damage|p1a: Gyatdengo|94/100|[from] Stealth Rock
|turn|12
|
|t:|1779584319
|-end|p2a: Iron Valiant|Quark Drive|[silent]
|switch|p2a: Tornadus|Tornadus-Therian, M|100/100
|move|p1a: Gyatdengo|Shadow Ball|p2a: Tornadus
|-damage|p2a: Tornadus|44/100
|
|-weather|Sandstorm|[upkeep]
|-damage|p2a: Tornadus|38/100|[from] Sandstorm
|-heal|p1a: Gyatdengo|100/100|[from] item: Leftovers
|upkeep
|turn|13
|
|t:|1779584326
|move|p2a: Tornadus|Heat Wave|p1a: Gyatdengo
|-supereffective|p1a: Gyatdengo
|-damage|p1a: Gyatdengo|5/100
|move|p1a: Gyatdengo|Shadow Ball|p2a: Tornadus
|-damage|p2a: Tornadus|0 fnt
|faint|p2a: Tornadus
|
|-weather|none
|-heal|p1a: Gyatdengo|11/100|[from] item: Leftovers
|upkeep
|
|t:|1779584332
|switch|p2a: Tyranitar|Tyranitar, M|100/100 par
|-damage|p2a: Tyranitar|88/100 par|[from] Spikes
|-weather|Sandstorm|[from] ability: Sand Stream|[of] p2a: Tyranitar
|turn|14
|
|t:|1779584341
|switch|p1a: Yoink!|Ditto|23/100
|-status|p1a: Yoink!|psn
|-damage|p1a: Yoink!|11/100 psn|[from] Stealth Rock
|-transform|p1a: Yoink!|p2a: Tyranitar|[from] ability: Imposter
|move|p2a: Tyranitar|Knock Off|p1a: Yoink!
|-resisted|p1a: Yoink!
|-damage|p1a: Yoink!|0 fnt
|-enditem|p1a: Yoink!|Quick Claw|[from] move: Knock Off|[of] p2a: Tyranitar
|faint|p1a: Yoink!
|
|-weather|Sandstorm|[upkeep]
|upkeep
|
|t:|1779584350
|switch|p1a: Swagonite|Dragonite, M|100/100
|-damage|p1a: Swagonite|75/100|[from] Stealth Rock
|turn|15
|
|t:|1779584362
|switch|p2a: Toxapex|Toxapex, F|100/100
|-damage|p2a: Toxapex|88/100|[from] Spikes
|move|p1a: Swagonite|Dragon Dance|p1a: Swagonite
|-boost|p1a: Swagonite|atk|1
|-boost|p1a: Swagonite|spe|1
|
|-weather|Sandstorm|[upkeep]
|-damage|p1a: Swagonite|69/100|[from] Sandstorm
|-damage|p2a: Toxapex|82/100|[from] Sandstorm
|-heal|p1a: Swagonite|75/100|[from] item: Leftovers
|upkeep
|turn|16
|
|t:|1779584372
|switch|p1a: Gyatdengo|Gholdengo|11/100
|-damage|p1a: Gyatdengo|5/100|[from] Stealth Rock
|-terastallize|p2a: Toxapex|Fairy
|move|p2a: Toxapex|Haze|p2a: Toxapex
|-clearallboost
|
|-weather|Sandstorm|[upkeep]
|-damage|p2a: Toxapex|76/100|[from] Sandstorm
|-heal|p1a: Gyatdengo|11/100|[from] item: Leftovers
|upkeep
|turn|17
|
|t:|1779584381
|switch|p2a: Excadrill|Excadrill, M|52/100
|-damage|p2a: Excadrill|40/100|[from] Spikes
|move|p1a: Gyatdengo|Make It Rain|p2a: Excadrill
|-resisted|p2a: Excadrill
|-damage|p2a: Excadrill|0 fnt
|-unboost|p1a: Gyatdengo|spa|1
|faint|p2a: Excadrill
|
|-weather|Sandstorm|[upkeep]
|-heal|p1a: Gyatdengo|17/100|[from] item: Leftovers
|upkeep
|
|t:|1779584392
|switch|p2a: Iron Valiant|Iron Valiant|88/100
|-damage|p2a: Iron Valiant|76/100|[from] Spikes
|turn|18
|
|t:|1779584396
|switch|p1a: Mom|Vaporeon, F, shiny|100/100
|-status|p1a: Mom|psn
|-damage|p1a: Mom|88/100 psn|[from] Stealth Rock
|move|p2a: Iron Valiant|Moonblast|p1a: Mom
|-damage|p1a: Mom|30/100 psn
|
|-weather|none
|-heal|p1a: Mom|36/100 psn|[from] item: Leftovers
|-damage|p1a: Mom|24/100 psn|[from] psn
|upkeep
|turn|19
|
|t:|1779584405
|move|p2a: Iron Valiant|Moonblast|p1a: Mom
|-damage|p1a: Mom|0 fnt
|faint|p1a: Mom
|
|upkeep
|
|t:|1779584410
|switch|p1a: Swagonite|Dragonite, M|75/100
|-damage|p1a: Swagonite|50/100|[from] Stealth Rock
|turn|20
|
|t:|1779584413
|-terastallize|p1a: Swagonite|Fire
|move|p2a: Iron Valiant|Moonblast|p1a: Swagonite
|-resisted|p1a: Swagonite
|-damage|p1a: Swagonite|16/100
|move|p1a: Swagonite|Roost|p1a: Swagonite
|-heal|p1a: Swagonite|66/100
|
|-heal|p1a: Swagonite|72/100|[from] item: Leftovers
|upkeep
|turn|21
|
|t:|1779584422
|-end|p2a: Iron Valiant|Quark Drive|[silent]
|switch|p2a: Tyranitar|Tyranitar, M|88/100 par
|-damage|p2a: Tyranitar|76/100 par|[from] Spikes
|-weather|Sandstorm|[from] ability: Sand Stream|[of] p2a: Tyranitar
|move|p1a: Swagonite|Dragon Dance|p1a: Swagonite
|-boost|p1a: Swagonite|atk|1
|-boost|p1a: Swagonite|spe|1
|
|-weather|Sandstorm|[upkeep]
|-damage|p1a: Swagonite|66/100|[from] Sandstorm
|-heal|p1a: Swagonite|72/100|[from] item: Leftovers
|upkeep
|turn|22
|
|t:|1779584433
|move|p1a: Swagonite|Earthquake|p2a: Tyranitar
|-supereffective|p2a: Tyranitar
|-damage|p2a: Tyranitar|0 fnt
|faint|p2a: Tyranitar
|
|-weather|Sandstorm|[upkeep]
|-damage|p1a: Swagonite|66/100|[from] Sandstorm
|-heal|p1a: Swagonite|72/100|[from] item: Leftovers
|upkeep
|
|t:|1779584436
|switch|p2a: Toxapex|Toxapex, F, tera:Fairy|100/100
|-damage|p2a: Toxapex|88/100|[from] Spikes
|turn|23
|
|t:|1779584439
|switch|p1a: Gyatdengo|Gholdengo|17/100
|-damage|p1a: Gyatdengo|11/100|[from] Stealth Rock
|move|p2a: Toxapex|Haze|p2a: Toxapex
|-clearallboost
|
|-weather|Sandstorm|[upkeep]
|-damage|p2a: Toxapex|82/100|[from] Sandstorm
|-heal|p1a: Gyatdengo|17/100|[from] item: Leftovers
|upkeep
|turn|24
|
|t:|1779584449
|move|p1a: Gyatdengo|Make It Rain|p2a: Toxapex
|-supereffective|p2a: Toxapex
|-damage|p2a: Toxapex|0 fnt
|-unboost|p1a: Gyatdengo|spa|1
|faint|p2a: Toxapex
|
|-weather|Sandstorm|[upkeep]
|-heal|p1a: Gyatdengo|23/100|[from] item: Leftovers
|upkeep
|
|t:|1779584452
|switch|p2a: Iron Valiant|Iron Valiant|76/100
|-damage|p2a: Iron Valiant|63/100|[from] Spikes
|turn|25
|
|t:|1779584456
|switch|p1a: Swagonite|Dragonite, M, tera:Fire|72/100
|-status|p1a: Swagonite|psn
|-damage|p1a: Swagonite|47/100 psn|[from] Stealth Rock
|move|p2a: Iron Valiant|Thunderbolt|p1a: Swagonite
|-damage|p1a: Swagonite|0 fnt
|faint|p1a: Swagonite
|
|-weather|none
|upkeep
|
|t:|1779584461
|switch|p1a: Darkrai|Darkrai|100/100
|-status|p1a: Darkrai|psn
|-damage|p1a: Darkrai|88/100 psn|[from] Stealth Rock
|turn|26
|
|t:|1779584467
|move|p1a: Darkrai|Ice Beam|p2a: Iron Valiant
|-damage|p2a: Iron Valiant|4/100
|move|p2a: Iron Valiant|Thunderbolt|p1a: Darkrai
|-damage|p1a: Darkrai|32/100 psn
|
|-heal|p1a: Darkrai|38/100 psn|[from] item: Leftovers
|-damage|p1a: Darkrai|25/100 psn|[from] psn
|upkeep
|turn|27
|
|t:|1779584476
|move|p1a: Darkrai|Ice Beam|p2a: Iron Valiant
|-damage|p2a: Iron Valiant|0 fnt
|faint|p2a: Iron Valiant
|-end|p2a: Iron Valiant|Quark Drive|[silent]
|
|-heal|p1a: Darkrai|31/100 psn|[from] item: Leftovers
|-damage|p1a: Darkrai|19/100 psn|[from] psn
|upkeep
|
|t:|1779584478
|switch|p2a: Ogerpon|Ogerpon-Cornerstone, F|100/100
|-damage|p2a: Ogerpon|88/100|[from] Spikes
|turn|28
|
|t:|1779584482
|move|p1a: Darkrai|Ice Beam|p2a: Ogerpon
|-supereffective|p2a: Ogerpon
|-damage|p2a: Ogerpon|9/100
|move|p2a: Ogerpon|Ivy Cudgel|p1a: Darkrai|[anim] Ivy Cudgel Rock
|-damage|p1a: Darkrai|0 fnt
|faint|p1a: Darkrai
|
|upkeep
|
|t:|1779584484
|switch|p1a: Gyatdengo|Gholdengo|23/100
|-damage|p1a: Gyatdengo|17/100|[from] Stealth Rock
|turn|29
|
|t:|1779584486
|move|p2a: Ogerpon|Knock Off|p1a: Gyatdengo
|-supereffective|p1a: Gyatdengo
|-damage|p1a: Gyatdengo|0 fnt
|-enditem|p1a: Gyatdengo|Leftovers|[from] move: Knock Off|[of] p2a: Ogerpon
|faint|p1a: Gyatdengo
|
|win|acrenb
|raw|turbotoby95's rating: 1358 &rarr; <strong>1343</strong><br />(-15 for losing)
|raw|acrenb's rating: 1449 &rarr; <strong>1464</strong><br />(+15 for winning)
|l|☆turbotoby95
|player|p1|
|l|☆acrenb
|player|p2|
