|j|☆fenixkarde
|j|☆engeruzimmer
|t:|1779584067
|gametype|singles
|player|p1|fenixkarde|2|1114
|player|p2|engeruzimmer|266|1117
|gen|9
|tier|[Gen 9] OU
|rated|
|rule|HP Percentage Mod: HP is shown in percentages
|rule|Endless Battle Clause: Forcing endless battles is banned
|rule|Species Clause: Limit one of each Pokémon
|rule|OHKO Clause: OHKO moves are banned
|rule|Evasion Items Clause: Evasion items are banned
|rule|Evasion Moves Clause: Evasion moves are banned
|rule|Evasion Abilities Clause: Evasion abilities are banned
|rule|Sleep Moves Clause: Sleep-inducing moves are banned
|clearpoke
|poke|p1|Pikachu-Sinnoh, M|
|poke|p1|Charizard, M|
|poke|p1|Sceptile, F|
|poke|p1|Infernape, M|
|poke|p1|Krookodile, M|
|poke|p1|Greninja-*, M|
|poke|p2|Skeledirge, F|
|poke|p2|Sableye, F|
|poke|p2|Torkoal, M|
|poke|p2|Gastrodon, M|
|poke|p2|Salamence, M|
|poke|p2|Victreebel, F|
|teampreview
|
|t:|1779584093
|teamsize|p1|6
|teamsize|p2|6
|start
|switch|p1a: Greninja|Greninja, M|100/100
|switch|p2a: Sableye|Sableye, F|100/100
|turn|1
|
|t:|1779584100
|move|p2a: Sableye|Light Screen|p2a: Sableye
|-sidestart|p2: engeruzimmer|move: Light Screen
|move|p1a: Greninja|Hydro Pump|p2a: Sableye
|-damage|p2a: Sableye|59/100
|-damage|p1a: Greninja|91/100|[from] item: Life Orb
|
|upkeep
|turn|2
|inactive|Battle timer is ON: inactive players will automatically lose when time's up. (requested by fenixkarde)
|
|t:|1779584114
|switch|p1a: Sceptile|Sceptile, F, shiny|100/100
|move|p2a: Sableye|Recover|p2a: Sableye
|-heal|p2a: Sableye|100/100
|
|upkeep
|turn|3
|
|t:|1779584120
|move|p2a: Sableye|Reflect|p2a: Sableye
|-sidestart|p2: engeruzimmer|Reflect
|move|p1a: Sceptile|Leech Seed|p2a: Sableye
|-start|p2a: Sableye|move: Leech Seed
|
|-damage|p2a: Sableye|88/100|[from] Leech Seed|[of] p1a: Sceptile
|upkeep
|turn|4
|
|t:|1779584131
|move|p2a: Sableye|Will-O-Wisp|p1a: Sceptile
|-status|p1a: Sceptile|brn
|move|p1a: Sceptile|Leaf Storm|p2a: Sableye|[miss]
|-miss|p1a: Sceptile|p2a: Sableye
|
|-damage|p2a: Sableye|75/100|[from] Leech Seed|[of] p1a: Sceptile
|-damage|p1a: Sceptile|94/100 brn|[from] brn
|upkeep
|turn|5
|
|t:|1779584146
|switch|p2a: Torkoal|Torkoal, M|100/100
|-weather|SunnyDay|[from] ability: Drought|[of] p2a: Torkoal
|move|p1a: Sceptile|Leaf Storm|p2a: Torkoal
|-resisted|p2a: Torkoal
|-damage|p2a: Torkoal|81/100
|-unboost|p1a: Sceptile|spa|2
|-enditem|p1a: Sceptile|White Herb
|-clearnegativeboost|p1a: Sceptile|[silent]
|
|-weather|SunnyDay|[upkeep]
|-damage|p1a: Sceptile|88/100 brn|[from] brn
|upkeep
|turn|6
|
|t:|1779584160
|-terastallize|p1a: Sceptile|Dragon
|move|p1a: Sceptile|Leech Seed|p2a: Torkoal
|-start|p2a: Torkoal|move: Leech Seed
|move|p2a: Torkoal|Stealth Rock|p1a: Sceptile
|-sidestart|p1: fenixkarde|move: Stealth Rock
|
|-weather|SunnyDay|[upkeep]
|-damage|p2a: Torkoal|68/100|[from] Leech Seed|[of] p1a: Sceptile
|-heal|p1a: Sceptile|100/100 brn|[silent]
|-damage|p1a: Sceptile|94/100 brn|[from] brn
|upkeep
|turn|7
|
|t:|1779584179
|switch|p1a: Greninja|Greninja, M|91/100
|-damage|p1a: Greninja|78/100|[from] Stealth Rock
|switch|p2a: Victreebel|Victreebel, F, shiny|100/100
|
|-weather|SunnyDay|[upkeep]
|upkeep
|turn|8
|
|t:|1779584206
|-terastallize|p2a: Victreebel|Fire
|move|p2a: Victreebel|Growth|p2a: Victreebel
|-boost|p2a: Victreebel|atk|2
|-boost|p2a: Victreebel|spa|2
|move|p1a: Greninja|Ice Beam|p2a: Victreebel
|-resisted|p2a: Victreebel
|-damage|p2a: Victreebel|88/100
|-damage|p1a: Greninja|68/100|[from] item: Life Orb
|
|-weather|SunnyDay|[upkeep]
|-sideend|p2: engeruzimmer|move: Light Screen
|upkeep
|turn|9
|
|t:|1779584217
|move|p2a: Victreebel|Solar Beam||[still]
|-prepare|p2a: Victreebel|Solar Beam
|-anim|p2a: Victreebel|Solar Beam|p1a: Greninja
|-supereffective|p1a: Greninja
|-damage|p1a: Greninja|0 fnt
|faint|p1a: Greninja
|
|-weather|SunnyDay|[upkeep]
|upkeep
|
|t:|1779584226
|switch|p1a: Sceptile|Sceptile, F, shiny, tera:Dragon|94/100 brn
|-damage|p1a: Sceptile|82/100 brn|[from] Stealth Rock
|turn|10
|
|t:|1779584235
|move|p2a: Victreebel|Sludge Wave|p1a: Sceptile
|-damage|p1a: Sceptile|0 fnt
|faint|p1a: Sceptile
|
|-weather|SunnyDay|[upkeep]
|-sideend|p2: engeruzimmer|Reflect
|upkeep
|-message|fenixkarde forfeited.
|
|win|engeruzimmer
|raw|fenixkarde's rating: 1114 &rarr; <strong>1089</strong><br />(-25 for losing)
|raw|engeruzimmer's rating: 1117 &rarr; <strong>1142</strong><br />(+25 for winning)
|l|☆fenixkarde
|player|p1|
|l|☆engeruzimmer
|player|p2|
