|j|☆Huge Brew
|j|☆zeusmike2929
|t:|1779676622
|gametype|singles
|player|p1|Huge Brew|galacticgrunt|1242
|player|p2|zeusmike2929|266|1285
|gen|9
|tier|[Gen 9] OU
|rated|
|rule|HP Percentage Mod: HP is shown in percentages
|rule|Endless Battle Clause: Forcing endless battles is banned
|rule|Species Clause: Limit one of each Pokémon
|rule|OHKO Clause: OHKO moves are banned
|rule|Evasion Items Clause: Evasion items are banned
|rule|Evasion Moves Clause: Evasion moves are banned
|rule|Evasion Abilities Clause: Evasion abilities are banned
|rule|Sleep Moves Clause: Sleep-inducing moves are banned
|clearpoke
|poke|p1|Tyranitar, F|
|poke|p1|Ogerpon-Wellspring, F|
|poke|p1|Zamazenta-*|
|poke|p1|Raging Bolt|
|poke|p1|Iron Treads|
|poke|p1|Iron Valiant|
|poke|p2|Ogerpon-Wellspring, F|
|poke|p2|Slowking-Galar, M|
|poke|p2|Meowscarada, M|
|poke|p2|Corviknight, F|
|poke|p2|Iron Moth|
|poke|p2|Ting-Lu|
|teampreview
|inactive|Battle timer is ON: inactive players will automatically lose when time's up. (requested by Huge Brew)
|
|t:|1779676633
|teamsize|p1|6
|teamsize|p2|6
|start
|switch|p1a: Pack Leader|Tyranitar, F, shiny|100/100
|switch|p2a: Meowscarada|Meowscarada, M|100/100
|-weather|Sandstorm|[from] ability: Sand Stream|[of] p1a: Pack Leader
|turn|1
|
|t:|1779676654
|-terastallize|p1a: Pack Leader|Steel
|move|p2a: Meowscarada|U-turn|p1a: Pack Leader
|-start|p2a: Meowscarada|typechange|Bug|[from] ability: Protean
|-resisted|p1a: Pack Leader
|-damage|p1a: Pack Leader|84/100
|
|t:|1779676661
|switch|p2a: Corviknight|Corviknight, F|100/100|[from] U-turn
|-ability|p2a: Corviknight|Pressure
|move|p1a: Pack Leader|Ice Punch|p2a: Corviknight
|-damage|p2a: Corviknight|75/100
|-damage|p1a: Pack Leader|68/100|[from] item: Rocky Helmet|[of] p2a: Corviknight
|
|-weather|Sandstorm|[upkeep]
|upkeep
|turn|2
|
|t:|1779676681
|switch|p1a: Wemby|Raging Bolt|100/100
|move|p2a: Corviknight|Body Press|p1a: Wemby
|-damage|p1a: Wemby|77/100
|
|-weather|Sandstorm|[upkeep]
|-damage|p1a: Wemby|71/100|[from] Sandstorm
|upkeep
|turn|3
|
|t:|1779676689
|switch|p2a: Ting-Lu|Ting-Lu|100/100
|-ability|p2a: Ting-Lu|Vessel of Ruin
|move|p1a: Wemby|Discharge|p2a: Ting-Lu
|-immune|p2a: Ting-Lu
|
|-weather|Sandstorm|[upkeep]
|-damage|p1a: Wemby|65/100|[from] Sandstorm
|upkeep
|turn|4
|
|t:|1779676699
|-end|p1a: Wemby|Protosynthesis|[silent]
|switch|p1a: Air Fryer|Iron Treads|100/100
|-item|p1a: Air Fryer|Air Balloon
|move|p2a: Ting-Lu|Earthquake|p1a: Air Fryer
|-immune|p1a: Air Fryer
|
|-weather|Sandstorm|[upkeep]
|upkeep
|turn|5
|
|t:|1779676705
|move|p1a: Air Fryer|Stealth Rock|p2a: Ting-Lu
|-sidestart|p2: zeusmike2929|move: Stealth Rock
|move|p2a: Ting-Lu|Whirlwind|p1a: Air Fryer
|-end|p1a: Air Fryer|Quark Drive|[silent]
|drag|p1a: Wemby|Raging Bolt|65/100
|
|-weather|none
|upkeep
|turn|6
|
|t:|1779676712
|-end|p1a: Wemby|Protosynthesis|[silent]
|switch|p1a: Beef Stew|Zamazenta|100/100
|-ability|p1a: Beef Stew|Dauntless Shield|boost
|-boost|p1a: Beef Stew|def|1
|move|p2a: Ting-Lu|Stealth Rock|p1a: Beef Stew
|-sidestart|p1: Huge Brew|move: Stealth Rock
|
|upkeep
|turn|7
|
|t:|1779676717
|move|p1a: Beef Stew|Body Press|p2a: Ting-Lu
|-supereffective|p2a: Ting-Lu
|-damage|p2a: Ting-Lu|59/100
|move|p2a: Ting-Lu|Whirlwind|p1a: Beef Stew
|drag|p1a: Pack Leader|Tyranitar, F, shiny, tera:Steel|68/100
|-damage|p1a: Pack Leader|62/100|[from] Stealth Rock
|-weather|Sandstorm|[from] ability: Sand Stream|[of] p1a: Pack Leader
|
|-weather|Sandstorm|[upkeep]
|-heal|p2a: Ting-Lu|65/100|[from] item: Leftovers
|upkeep
|turn|8
|
|t:|1779676728
|move|p1a: Pack Leader|Ice Punch|p2a: Ting-Lu
|-supereffective|p2a: Ting-Lu
|-damage|p2a: Ting-Lu|30/100
|move|p2a: Ting-Lu|Earthquake|p1a: Pack Leader
|-supereffective|p1a: Pack Leader
|-damage|p1a: Pack Leader|0 fnt
|faint|p1a: Pack Leader
|
|-weather|Sandstorm|[upkeep]
|-heal|p2a: Ting-Lu|37/100|[from] item: Leftovers
|upkeep
|
|t:|1779676731
|switch|p1a: AAAAAHHHH|Iron Valiant|100/100
|-damage|p1a: AAAAAHHHH|94/100|[from] Stealth Rock
|-enditem|p1a: AAAAAHHHH|Booster Energy
|-activate|p1a: AAAAAHHHH|ability: Quark Drive|[fromitem]
|-start|p1a: AAAAAHHHH|quarkdrivespe
|turn|9
|
|t:|1779676742
|switch|p2a: Corviknight|Corviknight, F|75/100
|-damage|p2a: Corviknight|63/100|[from] Stealth Rock
|-ability|p2a: Corviknight|Pressure
|move|p1a: AAAAAHHHH|Moonblast|p2a: Corviknight
|-resisted|p2a: Corviknight
|-damage|p2a: Corviknight|41/100
|
|-weather|Sandstorm|[upkeep]
|-damage|p1a: AAAAAHHHH|88/100|[from] Sandstorm
|upkeep
|turn|10
|
|t:|1779676750
|move|p1a: AAAAAHHHH|Shadow Ball|p2a: Corviknight
|-damage|p2a: Corviknight|15/100
|-unboost|p2a: Corviknight|spd|1
|move|p2a: Corviknight|Roost|p2a: Corviknight
|-heal|p2a: Corviknight|65/100
|-singleturn|p2a: Corviknight|move: Roost
|
|-weather|Sandstorm|[upkeep]
|-damage|p1a: AAAAAHHHH|82/100|[from] Sandstorm
|upkeep
|turn|11
|
|t:|1779676756
|switch|p2a: Ting-Lu|Ting-Lu|37/100
|-damage|p2a: Ting-Lu|30/100|[from] Stealth Rock
|-ability|p2a: Ting-Lu|Vessel of Ruin
|move|p1a: AAAAAHHHH|Focus Blast|p2a: Ting-Lu
|-supereffective|p2a: Ting-Lu
|-damage|p2a: Ting-Lu|0 fnt
|faint|p2a: Ting-Lu
|
|-weather|none
|upkeep
|
|t:|1779676766
|switch|p2a: Meowscarada|Meowscarada, M|100/100
|-damage|p2a: Meowscarada|88/100|[from] Stealth Rock
|turn|12
|
|t:|1779676772
|move|p2a: Meowscarada|Flower Trick|p1a: AAAAAHHHH
|-start|p2a: Meowscarada|typechange|Grass|[from] ability: Protean
|-crit|p1a: AAAAAHHHH
|-damage|p1a: AAAAAHHHH|18/100
|move|p1a: AAAAAHHHH|Moonblast|p2a: Meowscarada
|-damage|p2a: Meowscarada|13/100
|
|upkeep
|turn|13
|
|t:|1779676782
|-end|p1a: AAAAAHHHH|Quark Drive|[silent]
|switch|p1a: Air Fryer|Iron Treads|100/100
|-damage|p1a: Air Fryer|97/100|[from] Stealth Rock
|-item|p1a: Air Fryer|Air Balloon
|move|p2a: Meowscarada|Flower Trick|p1a: Air Fryer
|-crit|p1a: Air Fryer
|-damage|p1a: Air Fryer|53/100
|-enditem|p1a: Air Fryer|Air Balloon
|
|upkeep
|turn|14
|
|t:|1779676793
|switch|p2a: Corviknight|Corviknight, F|65/100
|-damage|p2a: Corviknight|53/100|[from] Stealth Rock
|-ability|p2a: Corviknight|Pressure
|move|p1a: Air Fryer|Rapid Spin|p2a: Corviknight
|-resisted|p2a: Corviknight
|-damage|p2a: Corviknight|48/100
|-boost|p1a: Air Fryer|spe|1
|-damage|p1a: Air Fryer|36/100|[from] item: Rocky Helmet|[of] p2a: Corviknight
|-sideend|p1: Huge Brew|Stealth Rock|[from] move: Rapid Spin|[of] p1a: Air Fryer
|
|upkeep
|turn|15
|
|t:|1779676801
|move|p1a: Air Fryer|Knock Off|p2a: Corviknight
|-damage|p2a: Corviknight|28/100
|-damage|p1a: Air Fryer|20/100|[from] item: Rocky Helmet|[of] p2a: Corviknight
|-enditem|p2a: Corviknight|Rocky Helmet|[from] move: Knock Off|[of] p1a: Air Fryer
|move|p2a: Corviknight|Defog|p1a: Air Fryer
|-unboost|p1a: Air Fryer|evasion|1
|-sideend|p2: zeusmike2929|Stealth Rock|[from] move: Defog|[of] p2a: Corviknight
|
|upkeep
|turn|16
|
|t:|1779676810
|move|p1a: Air Fryer|Stealth Rock|p2a: Corviknight
|-sidestart|p2: zeusmike2929|move: Stealth Rock
|move|p2a: Corviknight|Roost|p2a: Corviknight
|-heal|p2a: Corviknight|78/100
|-singleturn|p2a: Corviknight|move: Roost
|
|upkeep
|turn|17
|
|t:|1779676817
|-end|p1a: Air Fryer|Quark Drive|[silent]
|switch|p1a: Wemby|Raging Bolt|65/100
|move|p2a: Corviknight|Defog|p1a: Wemby
|-unboost|p1a: Wemby|evasion|1
|-sideend|p2: zeusmike2929|Stealth Rock|[from] move: Defog|[of] p2a: Corviknight
|
|upkeep
|turn|18
|
|t:|1779676822
|switch|p2a: Slowking|Slowking-Galar, M|100/100
|move|p1a: Wemby|Discharge|p2a: Slowking
|-damage|p2a: Slowking|71/100
|
|-heal|p2a: Slowking|77/100|[from] item: Leftovers
|upkeep
|turn|19
|
|t:|1779676831
|-end|p1a: Wemby|Protosynthesis|[silent]
|switch|p1a: Air Fryer|Iron Treads|20/100
|move|p2a: Slowking|Future Sight|p1a: Air Fryer
|-start|p2a: Slowking|move: Future Sight
|
|-heal|p2a: Slowking|84/100|[from] item: Leftovers
|upkeep
|turn|20
|
|t:|1779676837
|switch|p2a: Corviknight|Corviknight, F|78/100
|-ability|p2a: Corviknight|Pressure
|move|p1a: Air Fryer|Knock Off|p2a: Corviknight
|-damage|p2a: Corviknight|66/100
|
|upkeep
|turn|21
|
|t:|1779676845
|-end|p1a: Air Fryer|Quark Drive|[silent]
|switch|p1a: AAAAAHHHH|Iron Valiant|18/100
|move|p2a: Corviknight|Body Press|p1a: AAAAAHHHH
|-resisted|p1a: AAAAAHHHH
|-damage|p1a: AAAAAHHHH|3/100
|
|-end|p1a: AAAAAHHHH|move: Future Sight
|-supereffective|p1a: AAAAAHHHH
|-damage|p1a: AAAAAHHHH|0 fnt
|faint|p1a: AAAAAHHHH
|-end|p1a: AAAAAHHHH|Quark Drive|[silent]
|upkeep
|
|t:|1779676851
|switch|p1a: Step Child|Ogerpon-Wellspring, F|100/100
|turn|22
|
|t:|1779676857
|move|p1a: Step Child|Ivy Cudgel|p2a: Corviknight|[anim] Ivy Cudgel Water
|-damage|p2a: Corviknight|32/100
|move|p2a: Corviknight|Roost|p2a: Corviknight
|-heal|p2a: Corviknight|82/100
|-singleturn|p2a: Corviknight|move: Roost
|
|upkeep
|turn|23
|
|t:|1779676861
|move|p1a: Step Child|Ivy Cudgel|p2a: Corviknight|[anim] Ivy Cudgel Water
|-crit|p2a: Corviknight
|-damage|p2a: Corviknight|23/100
|move|p2a: Corviknight|Iron Defense|p2a: Corviknight
|-boost|p2a: Corviknight|def|2
|
|upkeep
|turn|24
|
|t:|1779676864
|move|p1a: Step Child|Ivy Cudgel|p2a: Corviknight|[anim] Ivy Cudgel Water
|-damage|p2a: Corviknight|6/100
|move|p2a: Corviknight|Roost|p2a: Corviknight
|-heal|p2a: Corviknight|56/100
|-singleturn|p2a: Corviknight|move: Roost
|
|upkeep
|turn|25
|
|t:|1779676868
|move|p1a: Step Child|Ivy Cudgel|p2a: Corviknight|[anim] Ivy Cudgel Water
|-damage|p2a: Corviknight|39/100
|move|p2a: Corviknight|Roost|p2a: Corviknight
|-heal|p2a: Corviknight|89/100
|-singleturn|p2a: Corviknight|move: Roost
|
|upkeep
|turn|26
|
|t:|1779676873
|switch|p1a: Beef Stew|Zamazenta|100/100
|move|p2a: Corviknight|Iron Defense|p2a: Corviknight
|-boost|p2a: Corviknight|def|2
|
|upkeep
|turn|27
|
|t:|1779676877
|move|p2a: Corviknight|Body Press|p1a: Beef Stew
|-damage|p1a: Beef Stew|44/100
|move|p1a: Beef Stew|Roar|p2a: Corviknight
|drag|p2a: Iron Moth|Iron Moth|100/100
|-enditem|p2a: Iron Moth|Booster Energy
|-activate|p2a: Iron Moth|ability: Quark Drive|[fromitem]
|-start|p2a: Iron Moth|quarkdrivespe
|
|-heal|p1a: Beef Stew|50/100|[from] item: Leftovers
|upkeep
|turn|28
|
|t:|1779676886
|move|p2a: Iron Moth|Substitute|p2a: Iron Moth
|-start|p2a: Iron Moth|Substitute
|-damage|p2a: Iron Moth|76/100
|move|p1a: Beef Stew|Crunch|p2a: Iron Moth
|-end|p2a: Iron Moth|Substitute
|
|-heal|p1a: Beef Stew|56/100|[from] item: Leftovers
|upkeep
|turn|29
|c|☆Huge Brew|this is so annoying
|
|t:|1779676894
|move|p2a: Iron Moth|Fiery Dance|p1a: Beef Stew
|-damage|p1a: Beef Stew|22/100
|move|p1a: Beef Stew|Crunch|p2a: Iron Moth
|-damage|p2a: Iron Moth|45/100
|-unboost|p2a: Iron Moth|def|1
|
|-heal|p1a: Beef Stew|28/100|[from] item: Leftovers
|upkeep
|turn|30
|c|☆Huge Brew|I can do fucking shit to you
|
|t:|1779676902
|move|p2a: Iron Moth|Fiery Dance|p1a: Beef Stew
|-damage|p1a: Beef Stew|0 fnt
|-boost|p2a: Iron Moth|spa|1
|faint|p1a: Beef Stew
|
|upkeep
|
|t:|1779676905
|switch|p1a: Step Child|Ogerpon-Wellspring, F|100/100
|turn|31
|
|t:|1779676910
|move|p2a: Iron Moth|Sludge Wave|p1a: Step Child
|-supereffective|p1a: Step Child
|-damage|p1a: Step Child|0 fnt
|faint|p1a: Step Child
|
|upkeep
|
|t:|1779676913
|switch|p1a: Wemby|Raging Bolt|65/100
|turn|32
|
|t:|1779676916
|move|p2a: Iron Moth|Dazzling Gleam|p1a: Wemby
|-supereffective|p1a: Wemby
|-damage|p1a: Wemby|28/100
|move|p1a: Wemby|Draco Meteor|p2a: Iron Moth
|-damage|p2a: Iron Moth|0 fnt
|-unboost|p1a: Wemby|spa|2
|faint|p2a: Iron Moth
|-end|p2a: Iron Moth|Quark Drive|[silent]
|
|upkeep
|
|t:|1779676924
|switch|p2a: Meowscarada|Meowscarada, M|13/100
|turn|33
|c|☆Huge Brew|gg i guess
|-message|Huge Brew forfeited.
|
|win|zeusmike2929
