|j|☆gardevoirandvapo
|j|☆pikl52a
|t:|1779629602
|gametype|singles
|player|p1|gardevoirandvapo|169|1121
|player|p2|pikl52a|170|1193
|gen|9
|tier|[Gen 9] OU
|rated|
|rule|HP Percentage Mod: HP is shown in percentages
|rule|Endless Battle Clause: Forcing endless battles is banned
|rule|Species Clause: Limit one of each Pokémon
|rule|OHKO Clause: OHKO moves are banned
|rule|Evasion Items Clause: Evasion items are banned
|rule|Evasion Moves Clause: Evasion moves are banned
|rule|Evasion Abilities Clause: Evasion abilities are banned
|rule|Sleep Moves Clause: Sleep-inducing moves are banned
|clearpoke
|poke|p1|Tinkaton, F|
|poke|p1|Raichu-Alola, F|
|poke|p1|Smeargle, M|
|poke|p1|Dragapult, M|
|poke|p1|Mismagius, M|
|poke|p1|Mew|
|poke|p2|Zapdos|
|poke|p2|Araquanid, F|
|poke|p2|Pelipper, M|
|poke|p2|Weezing-Galar, F|
|poke|p2|Basculegion, M|
|poke|p2|Crawdaunt, M|
|teampreview
|inactive|Battle timer is ON: inactive players will automatically lose when time's up. (requested by pikl52a)
|
|t:|1779629617
|teamsize|p1|6
|teamsize|p2|6
|start
|switch|p1a: Smeargle|Smeargle, M|100/100
|switch|p2a: Araquanid|Araquanid, F|100/100
|turn|1
|
|t:|1779629627
|move|p1a: Smeargle|Toxic Spikes|p2a: Araquanid
|-sidestart|p2: pikl52a|move: Toxic Spikes
|move|p2a: Araquanid|Liquidation|p1a: Smeargle
|-enditem|p1a: Smeargle|Focus Sash
|-damage|p1a: Smeargle|1/100
|-unboost|p1a: Smeargle|def|1
|
|upkeep
|turn|2
|
|t:|1779629638
|move|p1a: Smeargle|Burning Bulwark|p1a: Smeargle
|-singleturn|p1a: Smeargle|move: Protect
|move|p2a: Araquanid|Sticky Web|p1a: Smeargle
|-sidestart|p1: gardevoirandvapo|move: Sticky Web
|
|upkeep
|turn|3
|
|t:|1779629650
|switch|p2a: Weezing|Weezing-Galar, F|100/100
|-ability|p2a: Weezing|Neutralizing Gas
|-sideend|p2: pikl52a|move: Toxic Spikes|[of] p2a: Weezing
|move|p1a: Smeargle|Stone Axe|p2a: Weezing
|-damage|p2a: Weezing|97/100
|-sidestart|p2: pikl52a|move: Stealth Rock
|
|upkeep
|turn|4
|
|t:|1779629669
|move|p1a: Smeargle|Toxic Spikes|p2a: Weezing
|-sidestart|p2: pikl52a|move: Toxic Spikes
|move|p2a: Weezing|Sludge Wave|p1a: Smeargle
|-damage|p1a: Smeargle|0 fnt
|faint|p1a: Smeargle
|
|upkeep
|
|t:|1779629682
|switch|p1a: Mew|Mew|100/100
|-activate|p1a: Mew|move: Sticky Web
|-unboost|p1a: Mew|spe|1
|turn|5
|
|t:|1779629695
|move|p1a: Mew|Electric Terrain|p1a: Mew
|-fieldstart|move: Electric Terrain
|move|p2a: Weezing|Defog|p1a: Mew
|-unboost|p1a: Mew|evasion|1
|-sideend|p1: gardevoirandvapo|Sticky Web|[from] move: Defog|[of] p2a: Weezing
|-sideend|p2: pikl52a|Toxic Spikes|[from] move: Defog|[of] p2a: Weezing
|-sideend|p2: pikl52a|Stealth Rock|[from] move: Defog|[of] p2a: Weezing
|-fieldend|move: Electric Terrain
|
|upkeep
|turn|6
|
|t:|1779629706
|move|p1a: Mew|Electric Terrain|p1a: Mew
|-fieldstart|move: Electric Terrain
|move|p2a: Weezing|Toxic|p1a: Mew
|-status|p1a: Mew|tox
|
|-damage|p1a: Mew|94/100 tox|[from] psn
|upkeep
|turn|7
|
|t:|1779629712
|move|p1a: Mew|Volt Switch|p2a: Weezing
|-damage|p2a: Weezing|76/100
|
|t:|1779629718
|switch|p1a: Raichu|Raichu-Alola, F|100/100|[from] Volt Switch
|move|p2a: Weezing|Defog|p1a: Raichu
|-unboost|p1a: Raichu|evasion|1
|-fieldend|move: Electric Terrain
|
|upkeep
|turn|8
|
|t:|1779629729
|move|p1a: Raichu|Expanding Force|p2a: Weezing
|-supereffective|p2a: Weezing
|-damage|p2a: Weezing|0 fnt
|faint|p2a: Weezing
|-end|p2a: Weezing|ability: Neutralizing Gas
|-damage|p1a: Raichu|91/100|[from] item: Life Orb
|
|upkeep
|
|t:|1779629744
|switch|p2a: Pelipper|Pelipper, M|100/100
|-weather|RainDance|[from] ability: Drizzle|[of] p2a: Pelipper
|turn|9
|
|t:|1779629755
|-terastallize|p2a: Pelipper|Ground
|move|p1a: Raichu|Volt Switch|p2a: Pelipper
|-immune|p2a: Pelipper
|move|p2a: Pelipper|U-turn|p1a: Raichu
|-supereffective|p1a: Raichu
|-damage|p1a: Raichu|47/100
|
|t:|1779629765
|switch|p2a: Basculegion|Basculegion, M|100/100|[from] U-turn
|
|-weather|RainDance|[upkeep]
|upkeep
|turn|10
|
|t:|1779629776
|move|p2a: Basculegion|Aqua Jet|p1a: Raichu
|-damage|p1a: Raichu|0 fnt
|faint|p1a: Raichu
|
|-weather|RainDance|[upkeep]
|upkeep
|
|t:|1779629795
|switch|p1a: Tinkaton|Tinkaton, F|100/100
|-ability|p1a: Tinkaton|Mold Breaker
|turn|11
|
|t:|1779629800
|-terastallize|p1a: Tinkaton|Water
|move|p2a: Basculegion|Aqua Jet|p1a: Tinkaton
|-resisted|p1a: Tinkaton
|-crit|p1a: Tinkaton
|-damage|p1a: Tinkaton|72/100
|move|p1a: Tinkaton|Thunder Wave|p2a: Basculegion
|-status|p2a: Basculegion|par
|
|-weather|RainDance|[upkeep]
|-heal|p1a: Tinkaton|78/100|[from] item: Leftovers
|upkeep
|turn|12
|inactive|gardevoirandvapo has 120 seconds left.
|
|t:|1779629848
|switch|p1a: Dragapult|Dragapult, M|100/100
|switch|p2a: Zapdos|Zapdos, shiny|100/100
|
|-weather|RainDance|[upkeep]
|upkeep
|turn|13
|
|t:|1779629860
|move|p1a: Dragapult|Draco Meteor|p2a: Zapdos
|-damage|p2a: Zapdos|45/100
|-unboost|p1a: Dragapult|spa|2
|move|p2a: Zapdos|Hurricane|p1a: Dragapult
|-damage|p1a: Dragapult|20/100
|-start|p1a: Dragapult|confusion
|
|-weather|none
|upkeep
|turn|14
|
|t:|1779629869
|-activate|p1a: Dragapult|confusion
|move|p1a: Dragapult|U-turn|p2a: Zapdos
|-resisted|p2a: Zapdos
|-damage|p2a: Zapdos|34/100
|
|t:|1779629893
|switch|p1a: Mew|Mew|94/100 tox|[from] U-turn
|move|p2a: Zapdos|Roost|p2a: Zapdos
|-heal|p2a: Zapdos|84/100
|-singleturn|p2a: Zapdos|move: Roost
|
|-damage|p1a: Mew|88/100 tox|[from] psn
|upkeep
|turn|15
|
|t:|1779629904
|switch|p2a: Pelipper|Pelipper, M, tera:Ground|100/100
|-weather|RainDance|[from] ability: Drizzle|[of] p2a: Pelipper
|move|p1a: Mew|Psychic Terrain|p1a: Mew
|-fieldstart|move: Psychic Terrain
|
|-weather|RainDance|[upkeep]
|-damage|p1a: Mew|76/100 tox|[from] psn
|upkeep
|turn|16
|
|t:|1779629917
|move|p1a: Mew|Expanding Force|p2a: Pelipper
|-damage|p2a: Pelipper|19/100
|move|p2a: Pelipper|U-turn|p1a: Mew
|-supereffective|p1a: Mew
|-damage|p1a: Mew|61/100 tox
|
|t:|1779629922
|switch|p2a: Crawdaunt|Crawdaunt, M|100/100|[from] U-turn
|
|-weather|RainDance|[upkeep]
|-damage|p1a: Mew|42/100 tox|[from] psn
|upkeep
|-enditem|p1a: Mew|Sitrus Berry|[eat]
|-heal|p1a: Mew|67/100 tox|[from] item: Sitrus Berry
|turn|17
|
|t:|1779629944
|move|p1a: Mew|Volt Switch|p2a: Crawdaunt
|-supereffective|p2a: Crawdaunt
|-damage|p2a: Crawdaunt|37/100
|
|t:|1779629948
|switch|p1a: Tinkaton|Tinkaton, F, tera:Water|78/100|[from] Volt Switch
|-ability|p1a: Tinkaton|Mold Breaker
|move|p2a: Crawdaunt|Swords Dance|p2a: Crawdaunt
|-boost|p2a: Crawdaunt|atk|2
|
|-weather|RainDance|[upkeep]
|-heal|p1a: Tinkaton|84/100|[from] item: Leftovers
|upkeep
|turn|18
|inactive|gardevoirandvapo has 120 seconds left.
|
|t:|1779629960
|move|p1a: Tinkaton|Encore|p2a: Crawdaunt
|-start|p2a: Crawdaunt|Encore
|move|p2a: Crawdaunt|Swords Dance|p2a: Crawdaunt
|-boost|p2a: Crawdaunt|atk|2
|
|-weather|RainDance|[upkeep]
|-heal|p1a: Tinkaton|90/100|[from] item: Leftovers
|upkeep
|turn|19
|
|t:|1779629967
|switch|p2a: Zapdos|Zapdos, shiny|84/100
|move|p1a: Tinkaton|Thunder Wave|p2a: Zapdos
|-immune|p2a: Zapdos
|
|-weather|none
|-heal|p1a: Tinkaton|96/100|[from] item: Leftovers
|-fieldend|move: Psychic Terrain
|upkeep
|turn|20
|inactive|gardevoirandvapo has 120 seconds left.
|
|t:|1779629990
|move|p2a: Zapdos|Thunder|p1a: Tinkaton
|-supereffective|p1a: Tinkaton
|-damage|p1a: Tinkaton|0 fnt
|faint|p1a: Tinkaton
|
|upkeep
|inactive|gardevoirandvapo has 120 seconds left.
|
|t:|1779630005
|switch|p1a: Dragapult|Dragapult, M|20/100
|turn|21
|
|t:|1779630012
|switch|p2a: Pelipper|Pelipper, M, tera:Ground|19/100
|-weather|RainDance|[from] ability: Drizzle|[of] p2a: Pelipper
|move|p1a: Dragapult|Draco Meteor|p2a: Pelipper
|-damage|p2a: Pelipper|0 fnt
|-unboost|p1a: Dragapult|spa|2
|faint|p2a: Pelipper
|
|-weather|RainDance|[upkeep]
|upkeep
|
|t:|1779630022
|switch|p2a: Crawdaunt|Crawdaunt, M|37/100
|turn|22
|
|t:|1779630028
|move|p2a: Crawdaunt|Aqua Jet|p1a: Dragapult
|-resisted|p1a: Dragapult
|-damage|p1a: Dragapult|0 fnt
|faint|p1a: Dragapult
|-damage|p2a: Crawdaunt|27/100|[from] item: Life Orb
|
|-weather|RainDance|[upkeep]
|upkeep
|
|t:|1779630041
|switch|p1a: Mew|Mew|67/100 tox
|turn|23
|
|t:|1779630049
|move|p1a: Mew|Volt Switch|p2a: Crawdaunt
|-supereffective|p2a: Crawdaunt
|-damage|p2a: Crawdaunt|0 fnt
|faint|p2a: Crawdaunt
|
|t:|1779630052
|switch|p1a: Mismagius|Mismagius, M, shiny|100/100|[from] Volt Switch
|
|-weather|RainDance|[upkeep]
|upkeep
|
|t:|1779630059
|switch|p2a: Zapdos|Zapdos, shiny|84/100
|turn|24
|
|t:|1779630084
|move|p1a: Mismagius|Thunderbolt|p2a: Zapdos
|-damage|p2a: Zapdos|51/100
|move|p2a: Zapdos|Thunder|p1a: Mismagius
|-damage|p1a: Mismagius|33/100
|
|-weather|RainDance|[upkeep]
|upkeep
|turn|25
|
|t:|1779630091
|move|p1a: Mismagius|Thunderbolt|p2a: Zapdos
|-damage|p2a: Zapdos|21/100
|move|p2a: Zapdos|Roost|p2a: Zapdos
|-heal|p2a: Zapdos|71/100
|-singleturn|p2a: Zapdos|move: Roost
|
|-weather|none
|upkeep
|turn|26
|
|t:|1779630102
|move|p1a: Mismagius|Thunderbolt|p2a: Zapdos
|-damage|p2a: Zapdos|39/100
|move|p2a: Zapdos|Roost|p2a: Zapdos
|-heal|p2a: Zapdos|89/100
|-singleturn|p2a: Zapdos|move: Roost
|
|upkeep
|turn|27
|
|t:|1779630111
|move|p1a: Mismagius|Thunderbolt|p2a: Zapdos
|-damage|p2a: Zapdos|60/100
|move|p2a: Zapdos|Thunder|p1a: Mismagius|[miss]
|-miss|p2a: Zapdos|p1a: Mismagius
|
|upkeep
|turn|28
|
|t:|1779630118
|switch|p1a: Mew|Mew|67/100 tox
|move|p2a: Zapdos|Roost|p2a: Zapdos
|-heal|p2a: Zapdos|100/100
|-singleturn|p2a: Zapdos|move: Roost
|
|-damage|p1a: Mew|61/100 tox|[from] psn
|upkeep
|turn|29
|
|t:|1779630131
|move|p2a: Zapdos|Thunder|p1a: Mew|[miss]
|-miss|p2a: Zapdos|p1a: Mew
|move|p1a: Mew|Psychic Terrain|p1a: Mew
|-fieldstart|move: Psychic Terrain
|
|-damage|p1a: Mew|49/100 tox|[from] psn
|upkeep
|turn|30
|
|t:|1779630136
|move|p2a: Zapdos|Thunder|p1a: Mew|[miss]
|-miss|p2a: Zapdos|p1a: Mew
|move|p1a: Mew|Expanding Force|p2a: Zapdos
|-damage|p2a: Zapdos|44/100
|
|-damage|p1a: Mew|30/100 tox|[from] psn
|upkeep
|turn|31
|
|t:|1779630144
|move|p2a: Zapdos|Roost|p2a: Zapdos
|-heal|p2a: Zapdos|94/100
|-singleturn|p2a: Zapdos|move: Roost
|move|p1a: Mew|Expanding Force|p2a: Zapdos
|-damage|p2a: Zapdos|36/100
|
|-damage|p1a: Mew|5/100 tox|[from] psn
|upkeep
|turn|32
|
|t:|1779630151
|move|p2a: Zapdos|Roost|p2a: Zapdos
|-heal|p2a: Zapdos|87/100
|-singleturn|p2a: Zapdos|move: Roost
|move|p1a: Mew|Expanding Force|p2a: Zapdos
|-damage|p2a: Zapdos|25/100
|
|-damage|p1a: Mew|0 fnt|[from] psn
|faint|p1a: Mew
|upkeep
|
|t:|1779630173
|switch|p1a: Mismagius|Mismagius, M, shiny|33/100
|turn|33
|
|t:|1779630184
|switch|p2a: Basculegion|Basculegion, M|100/100 par
|move|p1a: Mismagius|Thunderbolt|p2a: Basculegion
|-supereffective|p2a: Basculegion
|-damage|p2a: Basculegion|32/100 par
|
|-fieldend|move: Psychic Terrain
|upkeep
|turn|34
|
|t:|1779630192
|cant|p2a: Basculegion|par
|move|p1a: Mismagius|Thunderbolt|p2a: Basculegion
|-supereffective|p2a: Basculegion
|-damage|p2a: Basculegion|0 fnt
|faint|p2a: Basculegion
|
|upkeep
|
|t:|1779630196
|switch|p2a: Araquanid|Araquanid, F|100/100
|turn|35
|
|t:|1779630201
|move|p1a: Mismagius|Thunderbolt|p2a: Araquanid
|-supereffective|p2a: Araquanid
|-damage|p2a: Araquanid|52/100
|move|p2a: Araquanid|Liquidation|p1a: Mismagius
|-damage|p1a: Mismagius|0 fnt
|faint|p1a: Mismagius
|
|win|pikl52a
|raw|gardevoirandvapo's rating: 1121 &rarr; <strong>1101</strong><br />(-20 for losing)
|raw|pikl52a's rating: 1193 &rarr; <strong>1213</strong><br />(+20 for winning)
|l|☆pikl52a
|player|p2|
