|j|☆kopv
|j|‽Notafatwhitekid
|t:|1779583943
|gametype|singles
|player|p1|kopv|bugcatcher-gen4dp|1471
|player|p2|Notafatwhitekid|102|1418
|gen|9
|tier|[Gen 9] OU
|rated|
|rule|HP Percentage Mod: HP is shown in percentages
|rule|Endless Battle Clause: Forcing endless battles is banned
|rule|Species Clause: Limit one of each Pokémon
|rule|OHKO Clause: OHKO moves are banned
|rule|Evasion Items Clause: Evasion items are banned
|rule|Evasion Moves Clause: Evasion moves are banned
|rule|Evasion Abilities Clause: Evasion abilities are banned
|rule|Sleep Moves Clause: Sleep-inducing moves are banned
|clearpoke
|poke|p1|Pelipper, M|
|poke|p1|Barraskewda, F|
|poke|p1|Iron Treads|
|poke|p1|Bruxish, M|
|poke|p1|Raging Bolt|
|poke|p1|Enamorus, F|
|poke|p2|Slowking-Galar, M|
|poke|p2|Great Tusk|
|poke|p2|Kyurem|
|poke|p2|Kingambit, F|
|poke|p2|Cinderace, F|
|poke|p2|Zapdos|
|teampreview
|
|t:|1779583959
|teamsize|p1|6
|teamsize|p2|6
|start
|switch|p1a: Barraskewda|Barraskewda, F|100/100
|switch|p2a: Zapdos|Zapdos, shiny|100/100
|turn|1
|
|t:|1779583970
|switch|p1a: Iron Treads|Iron Treads|100/100
|move|p2a: Zapdos|Volt Switch|p1a: Iron Treads
|-immune|p1a: Iron Treads
|
|upkeep
|turn|2
|
|t:|1779583989
|switch|p2a: Great Tusk|Great Tusk|100/100
|move|p1a: Iron Treads|Rapid Spin|p2a: Great Tusk
|-damage|p2a: Great Tusk|91/100
|-boost|p1a: Iron Treads|spe|1
|
|-heal|p2a: Great Tusk|98/100|[from] item: Leftovers
|upkeep
|turn|3
|
|t:|1779584005
|move|p1a: Iron Treads|Earth Power|p2a: Great Tusk
|-damage|p2a: Great Tusk|66/100
|move|p2a: Great Tusk|Headlong Rush|p1a: Iron Treads
|-supereffective|p1a: Iron Treads
|-damage|p1a: Iron Treads|2/100
|-unboost|p2a: Great Tusk|def|1
|-unboost|p2a: Great Tusk|spd|1
|
|-heal|p1a: Iron Treads|8/100|[from] item: Leftovers
|-heal|p2a: Great Tusk|73/100|[from] item: Leftovers
|upkeep
|turn|4
|
|t:|1779584034
|-end|p1a: Iron Treads|Quark Drive|[silent]
|switch|p1a: Pelipper|Pelipper, M|100/100
|-weather|RainDance|[from] ability: Drizzle|[of] p1a: Pelipper
|-end|p2a: Great Tusk|Protosynthesis|[silent]
|switch|p2a: Zapdos|Zapdos, shiny|100/100
|
|-weather|RainDance|[upkeep]
|upkeep
|turn|5
|
|t:|1779584045
|switch|p1a: Enamorus|Enamorus, F|100/100
|move|p2a: Zapdos|Volt Switch|p1a: Enamorus
|-supereffective|p1a: Enamorus
|-damage|p1a: Enamorus|17/100
|
|t:|1779584052
|switch|p2a: Kingambit|Kingambit, F|100/100|[from] Volt Switch
|
|-weather|RainDance|[upkeep]
|upkeep
|turn|6
|
|t:|1779584055
|move|p2a: Kingambit|Sucker Punch||[still]
|-fail|p2a: Kingambit
|move|p1a: Enamorus|Healing Wish|p1a: Enamorus
|faint|p1a: Enamorus
|
|-weather|RainDance|[upkeep]
|upkeep
|
|t:|1779584063
|switch|p1a: 'Ello gov'na|Bruxish, M|100/100
|turn|7
|
|t:|1779584089
|-end|p2a: Kingambit|fallenundefined|[silent]
|switch|p2a: Kyurem|Kyurem|100/100
|-ability|p2a: Kyurem|Pressure
|move|p1a: 'Ello gov'na|Wave Crash|p2a: Kyurem
|-resisted|p2a: Kyurem
|-damage|p2a: Kyurem|44/100
|-damage|p1a: 'Ello gov'na|74/100|[from] Recoil
|
|-weather|RainDance|[upkeep]
|upkeep
|turn|8
|
|t:|1779584104
|switch|p1a: Iron Treads|Iron Treads|8/100
|-heal|p1a: Iron Treads|100/100|[from] move: Healing Wish
|move|p2a: Kyurem|Freeze-Dry|p1a: Iron Treads
|-damage|p1a: Iron Treads|46/100
|
|-weather|RainDance|[upkeep]
|-heal|p1a: Iron Treads|52/100|[from] item: Leftovers
|upkeep
|turn|9
|
|t:|1779584110
|move|p1a: Iron Treads|Iron Head|p2a: Kyurem
|-supereffective|p2a: Kyurem
|-damage|p2a: Kyurem|0 fnt
|faint|p2a: Kyurem
|
|-weather|RainDance|[upkeep]
|-heal|p1a: Iron Treads|58/100|[from] item: Leftovers
|upkeep
|
|t:|1779584115
|switch|p2a: Great Tusk|Great Tusk|73/100
|turn|10
|
|t:|1779584124
|move|p1a: Iron Treads|Stealth Rock|p2a: Great Tusk
|-sidestart|p2: Notafatwhitekid|move: Stealth Rock
|move|p2a: Great Tusk|Close Combat|p1a: Iron Treads
|-supereffective|p1a: Iron Treads
|-damage|p1a: Iron Treads|0 fnt
|-unboost|p2a: Great Tusk|def|1
|-unboost|p2a: Great Tusk|spd|1
|faint|p1a: Iron Treads
|-end|p1a: Iron Treads|Quark Drive|[silent]
|
|-weather|RainDance|[upkeep]
|-heal|p2a: Great Tusk|79/100|[from] item: Leftovers
|upkeep
|
|t:|1779584129
|switch|p1a: Barraskewda|Barraskewda, F|100/100
|turn|11
|
|t:|1779584160
|move|p1a: Barraskewda|Liquidation|p2a: Great Tusk
|-supereffective|p2a: Great Tusk
|-damage|p2a: Great Tusk|0 fnt
|faint|p2a: Great Tusk
|-end|p2a: Great Tusk|Protosynthesis|[silent]
|-damage|p1a: Barraskewda|91/100|[from] item: Life Orb
|
|-weather|none
|upkeep
|
|t:|1779584162
|switch|p2a: Zapdos|Zapdos, shiny|100/100
|turn|12
|
|t:|1779584181
|switch|p1a: Raging Bolt|Raging Bolt|100/100
|move|p2a: Zapdos|Volt Switch|p1a: Raging Bolt
|-resisted|p1a: Raging Bolt
|-damage|p1a: Raging Bolt|93/100
|
|t:|1779584185
|switch|p2a: Kingambit|Kingambit, F|100/100|[from] Volt Switch
|-damage|p2a: Kingambit|94/100|[from] Stealth Rock
|-activate|p2a: Kingambit|ability: Supreme Overlord
|-start|p2a: Kingambit|fallen2|[silent]
|
|-heal|p1a: Raging Bolt|99/100|[from] item: Leftovers
|-heal|p2a: Kingambit|100/100|[from] item: Leftovers
|upkeep
|turn|13
|
|t:|1779584193
|move|p1a: Raging Bolt|Thunder|p2a: Kingambit
|-damage|p2a: Kingambit|36/100
|move|p2a: Kingambit|Swords Dance|p2a: Kingambit
|-boost|p2a: Kingambit|atk|2
|
|-heal|p1a: Raging Bolt|100/100|[from] item: Leftovers
|-heal|p2a: Kingambit|42/100|[from] item: Leftovers
|upkeep
|turn|14
|
|t:|1779584199
|move|p1a: Raging Bolt|Thunderclap|p2a: Kingambit
|-damage|p2a: Kingambit|2/100
|move|p2a: Kingambit|Sucker Punch||[still]
|-fail|p2a: Kingambit
|
|-heal|p2a: Kingambit|8/100|[from] item: Leftovers
|upkeep
|turn|15
|
|t:|1779584203
|move|p1a: Raging Bolt|Thunderclap|p2a: Kingambit
|-damage|p2a: Kingambit|0 fnt
|faint|p2a: Kingambit
|-end|p2a: Kingambit|fallen2|[silent]
|
|upkeep
|
|t:|1779584206
|switch|p2a: Slowking|Slowking-Galar, M|100/100
|-damage|p2a: Slowking|88/100|[from] Stealth Rock
|turn|16
|
|t:|1779584210
|move|p1a: Raging Bolt|Thunder|p2a: Slowking|[miss]
|-miss|p1a: Raging Bolt|p2a: Slowking
|move|p2a: Slowking|Sludge Bomb|p1a: Raging Bolt
|-damage|p1a: Raging Bolt|69/100
|
|-heal|p1a: Raging Bolt|75/100|[from] item: Leftovers
|upkeep
|turn|17
|
|t:|1779584214
|move|p1a: Raging Bolt|Thunder|p2a: Slowking|[miss]
|-miss|p1a: Raging Bolt|p2a: Slowking
|move|p2a: Slowking|Sludge Bomb|p1a: Raging Bolt
|-damage|p1a: Raging Bolt|41/100
|
|-heal|p1a: Raging Bolt|47/100|[from] item: Leftovers
|upkeep
|turn|18
|
|t:|1779584216
|move|p1a: Raging Bolt|Thunder|p2a: Slowking
|-damage|p2a: Slowking|48/100
|-status|p2a: Slowking|par
|move|p2a: Slowking|Sludge Bomb|p1a: Raging Bolt
|-damage|p1a: Raging Bolt|14/100
|
|-heal|p1a: Raging Bolt|20/100|[from] item: Leftovers
|upkeep
|turn|19
|
|t:|1779584232
|move|p1a: Raging Bolt|Thunder|p2a: Slowking|[miss]
|-miss|p1a: Raging Bolt|p2a: Slowking
|move|p2a: Slowking|Sludge Bomb|p1a: Raging Bolt
|-damage|p1a: Raging Bolt|0 fnt
|faint|p1a: Raging Bolt
|-end|p1a: Raging Bolt|Protosynthesis|[silent]
|
|upkeep
|
|t:|1779584235
|switch|p1a: Barraskewda|Barraskewda, F|91/100
|turn|20
|
|t:|1779584262
|move|p1a: Barraskewda|Liquidation|p2a: Slowking
|-damage|p2a: Slowking|0 fnt
|faint|p2a: Slowking
|-damage|p1a: Barraskewda|81/100|[from] item: Life Orb
|
|upkeep
|
|t:|1779584265
|switch|p2a: Zapdos|Zapdos, shiny|100/100
|turn|21
|
|t:|1779584286
|switch|p1a: Pelipper|Pelipper, M|100/100
|-weather|RainDance|[from] ability: Drizzle|[of] p1a: Pelipper
|-terastallize|p2a: Zapdos|Grass
|move|p2a: Zapdos|Volt Switch|p1a: Pelipper
|-supereffective|p1a: Pelipper
|-damage|p1a: Pelipper|0 fnt
|faint|p1a: Pelipper
|
|t:|1779584301
|switch|p2a: Cinderace|Cinderace, F|100/100|[from] Volt Switch
|
|-weather|RainDance|[upkeep]
|upkeep
|
|t:|1779584309
|switch|p1a: Barraskewda|Barraskewda, F|81/100
|turn|22
|
|t:|1779584318
|move|p1a: Barraskewda|Liquidation|p2a: Cinderace
|-supereffective|p2a: Cinderace
|-damage|p2a: Cinderace|0 fnt
|faint|p2a: Cinderace
|-damage|p1a: Barraskewda|71/100|[from] item: Life Orb
|
|-weather|RainDance|[upkeep]
|upkeep
|
|t:|1779584322
|switch|p2a: Zapdos|Zapdos, shiny, tera:Grass|100/100
|turn|23
|
|t:|1779584328
|move|p1a: Barraskewda|Poison Jab|p2a: Zapdos
|-supereffective|p2a: Zapdos
|-damage|p2a: Zapdos|41/100
|-damage|p1a: Barraskewda|61/100|[from] item: Life Orb
|move|p2a: Zapdos|Volt Switch|p1a: Barraskewda
|-supereffective|p1a: Barraskewda
|-damage|p1a: Barraskewda|0 fnt
|faint|p1a: Barraskewda
|
|-weather|RainDance|[upkeep]
|upkeep
|
|t:|1779584334
|switch|p1a: 'Ello gov'na|Bruxish, M|74/100
|turn|24
|
|t:|1779584341
|move|p1a: 'Ello gov'na|Wave Crash|p2a: Zapdos
|-resisted|p2a: Zapdos
|-damage|p2a: Zapdos|0 fnt
|faint|p2a: Zapdos
|-damage|p1a: 'Ello gov'na|56/100|[from] Recoil
|
|win|kopv
|raw|kopv's rating: 1471 &rarr; <strong>1488</strong><br />(+17 for winning)
|raw|Notafatwhitekid's rating: 1418 &rarr; <strong>1401</strong><br />(-17 for losing)
|l|‽Notafatwhitekid
|player|p2|
