|j|☆julialberad
|j|☆Circe_336699
|t:|1779693070
|gametype|singles
|player|p1|julialberad|102|1082
|player|p2|Circe_336699|iris-gen5bw2|1061
|gen|9
|tier|[Gen 9] OU
|rated|
|rule|HP Percentage Mod: HP is shown in percentages
|rule|Endless Battle Clause: Forcing endless battles is banned
|rule|Species Clause: Limit one of each Pokémon
|rule|OHKO Clause: OHKO moves are banned
|rule|Evasion Items Clause: Evasion items are banned
|rule|Evasion Moves Clause: Evasion moves are banned
|rule|Evasion Abilities Clause: Evasion abilities are banned
|rule|Sleep Moves Clause: Sleep-inducing moves are banned
|clearpoke
|poke|p1|Cinderace, F|
|poke|p1|Gholdengo|
|poke|p1|Primarina, F|
|poke|p1|Corviknight, F|
|poke|p1|Garganacl, F|
|poke|p1|Hatterene, F|
|poke|p2|Venusaur, F|
|poke|p2|Milotic, F|
|poke|p2|Ceruledge, F|
|poke|p2|Ting-Lu|
|poke|p2|Whimsicott, F|
|poke|p2|Sneasel, F|
|teampreview
|
|t:|1779693076
|teamsize|p1|6
|teamsize|p2|6
|start
|switch|p1a: Corviknight|Corviknight, F|100/100
|switch|p2a: Ting-Lu|Ting-Lu, shiny|100/100
|-ability|p1a: Corviknight|Pressure
|-ability|p2a: Ting-Lu|Vessel of Ruin
|turn|1
|inactive|Battle timer is ON: inactive players will automatically lose when time's up. (requested by Circe_336699)
|
|t:|1779693089
|move|p1a: Corviknight|Iron Defense|p1a: Corviknight
|-boost|p1a: Corviknight|def|2
|move|p2a: Ting-Lu|Stealth Rock|p1a: Corviknight
|-sidestart|p1: julialberad|move: Stealth Rock
|
|upkeep
|turn|2
|
|t:|1779693096
|move|p1a: Corviknight|Iron Defense|p1a: Corviknight
|-boost|p1a: Corviknight|def|2
|move|p2a: Ting-Lu|Whirlwind|p1a: Corviknight
|drag|p1a: Gholdengo|Gholdengo|100/100
|-damage|p1a: Gholdengo|94/100|[from] Stealth Rock
|
|upkeep
|turn|3
|
|t:|1779693106
|move|p1a: Gholdengo|Make It Rain|p2a: Ting-Lu
|-damage|p2a: Ting-Lu|53/100
|-unboost|p1a: Gholdengo|spa|1
|move|p2a: Ting-Lu|Earthquake|p1a: Gholdengo
|-supereffective|p1a: Gholdengo
|-damage|p1a: Gholdengo|14/100
|
|-heal|p2a: Ting-Lu|59/100|[from] item: Leftovers
|upkeep
|turn|4
|
|t:|1779693116
|move|p1a: Gholdengo|Make It Rain|p2a: Ting-Lu
|-damage|p2a: Ting-Lu|24/100
|-unboost|p1a: Gholdengo|spa|1
|move|p2a: Ting-Lu|Earthquake|p1a: Gholdengo
|-supereffective|p1a: Gholdengo
|-damage|p1a: Gholdengo|0 fnt
|faint|p1a: Gholdengo
|
|-heal|p2a: Ting-Lu|31/100|[from] item: Leftovers
|upkeep
|
|t:|1779693124
|switch|p1a: Corviknight|Corviknight, F|100/100
|-damage|p1a: Corviknight|88/100|[from] Stealth Rock
|-ability|p1a: Corviknight|Pressure
|turn|5
|
|t:|1779693133
|move|p1a: Corviknight|Iron Defense|p1a: Corviknight
|-boost|p1a: Corviknight|def|2
|move|p2a: Ting-Lu|Ruination|p1a: Corviknight
|-damage|p1a: Corviknight|44/100
|
|-heal|p1a: Corviknight|50/100|[from] item: Leftovers
|-heal|p2a: Ting-Lu|37/100|[from] item: Leftovers
|upkeep
|turn|6
|
|t:|1779693141
|move|p1a: Corviknight|Body Press|p2a: Ting-Lu
|-supereffective|p2a: Ting-Lu
|-damage|p2a: Ting-Lu|0 fnt
|faint|p2a: Ting-Lu
|
|-heal|p1a: Corviknight|57/100|[from] item: Leftovers
|upkeep
|
|t:|1779693154
|switch|p2a: Whimsicott|Whimsicott, F|100/100
|turn|7
|
|t:|1779693160
|move|p2a: Whimsicott|Tailwind|p2a: Whimsicott
|-sidestart|p2: Circe_336699|move: Tailwind
|move|p1a: Corviknight|Roost|p1a: Corviknight
|-heal|p1a: Corviknight|100/100
|-singleturn|p1a: Corviknight|move: Roost
|
|upkeep
|turn|8
|
|t:|1779693167
|switch|p2a: Ceruledge|Ceruledge, F|100/100
|move|p1a: Corviknight|Iron Defense|p1a: Corviknight
|-boost|p1a: Corviknight|def|2
|
|upkeep
|turn|9
|
|t:|1779693178
|move|p2a: Ceruledge|Swords Dance|p2a: Ceruledge
|-boost|p2a: Ceruledge|atk|2
|move|p1a: Corviknight|U-turn|p2a: Ceruledge
|-resisted|p2a: Ceruledge
|-damage|p2a: Ceruledge|95/100
|
|t:|1779693183
|switch|p1a: Garganacl|Garganacl, F|100/100|[from] U-turn
|-damage|p1a: Garganacl|88/100|[from] Stealth Rock
|
|upkeep
|turn|10
|
|t:|1779693190
|move|p2a: Ceruledge|Close Combat|p1a: Garganacl
|-supereffective|p1a: Garganacl
|-damage|p1a: Garganacl|0 fnt
|-unboost|p2a: Ceruledge|def|1
|-unboost|p2a: Ceruledge|spd|1
|-damage|p2a: Ceruledge|79/100|[from] item: Rocky Helmet|[of] p1a: Garganacl
|faint|p1a: Garganacl
|-damage|p2a: Ceruledge|69/100|[from] item: Life Orb
|
|-sideend|p2: Circe_336699|move: Tailwind
|upkeep
|
|t:|1779693193
|switch|p1a: Primarina|Primarina, F|100/100
|-damage|p1a: Primarina|88/100|[from] Stealth Rock
|turn|11
|
|t:|1779693205
|switch|p2a: Whimsicott|Whimsicott, F|100/100
|move|p1a: Primarina|Draining Kiss|p2a: Whimsicott
|-damage|p2a: Whimsicott|60/100
|-heal|p1a: Primarina|100/100|[from] drain|[of] p2a: Whimsicott
|
|upkeep
|turn|12
|
|t:|1779693215
|move|p2a: Whimsicott|Sunny Day|p2a: Whimsicott
|-weather|SunnyDay
|move|p1a: Primarina|Draining Kiss|p2a: Whimsicott
|-damage|p2a: Whimsicott|17/100
|
|-weather|SunnyDay|[upkeep]
|upkeep
|turn|13
|
|t:|1779693221
|switch|p2a: Venusaur|Venusaur, F|100/100
|move|p1a: Primarina|Draining Kiss|p2a: Venusaur
|-resisted|p2a: Venusaur
|-damage|p2a: Venusaur|89/100
|
|-weather|SunnyDay|[upkeep]
|upkeep
|turn|14
|
|t:|1779693231
|switch|p1a: Corviknight|Corviknight, F|100/100
|-damage|p1a: Corviknight|88/100|[from] Stealth Rock
|-ability|p1a: Corviknight|Pressure
|move|p2a: Venusaur|Giga Drain|p1a: Corviknight
|-resisted|p1a: Corviknight
|-damage|p1a: Corviknight|78/100
|-heal|p2a: Venusaur|95/100|[from] drain|[of] p1a: Corviknight
|-damage|p2a: Venusaur|85/100|[from] item: Life Orb
|
|-weather|SunnyDay|[upkeep]
|-heal|p1a: Corviknight|85/100|[from] item: Leftovers
|upkeep
|turn|15
|
|t:|1779693244
|move|p2a: Venusaur|Leech Seed|p1a: Corviknight
|-start|p1a: Corviknight|move: Leech Seed
|move|p1a: Corviknight|Iron Defense|p1a: Corviknight
|-boost|p1a: Corviknight|def|2
|
|-weather|SunnyDay|[upkeep]
|-heal|p1a: Corviknight|91/100|[from] item: Leftovers
|-damage|p1a: Corviknight|78/100|[from] Leech Seed|[of] p2a: Venusaur
|-heal|p2a: Venusaur|100/100|[silent]
|upkeep
|turn|16
|
|t:|1779693252
|switch|p2a: Ceruledge|Ceruledge, F|69/100
|move|p1a: Corviknight|Body Press|p2a: Ceruledge
|-immune|p2a: Ceruledge
|
|-weather|none
|-heal|p1a: Corviknight|85/100|[from] item: Leftovers
|-damage|p1a: Corviknight|72/100|[from] Leech Seed|[of] p2a: Ceruledge
|-heal|p2a: Ceruledge|86/100|[silent]
|upkeep
|turn|17
|
|t:|1779693261
|move|p2a: Ceruledge|Bitter Blade|p1a: Corviknight
|-supereffective|p1a: Corviknight
|-damage|p1a: Corviknight|31/100
|-heal|p2a: Ceruledge|100/100|[from] drain|[of] p1a: Corviknight
|-damage|p2a: Ceruledge|91/100|[from] item: Life Orb
|move|p1a: Corviknight|U-turn|p2a: Ceruledge
|-resisted|p2a: Ceruledge
|-damage|p2a: Ceruledge|86/100
|
|t:|1779693265
|switch|p1a: Primarina|Primarina, F|100/100|[from] U-turn
|-damage|p1a: Primarina|88/100|[from] Stealth Rock
|
|upkeep
|turn|18
|
|t:|1779693274
|switch|p2a: Venusaur|Venusaur, F|100/100
|move|p1a: Primarina|Draining Kiss|p2a: Venusaur
|-resisted|p2a: Venusaur
|-damage|p2a: Venusaur|89/100
|-heal|p1a: Primarina|97/100|[from] drain|[of] p2a: Venusaur
|
|upkeep
|turn|19
|
|t:|1779693292
|switch|p1a: Hatterene|Hatterene, F|100/100
|-damage|p1a: Hatterene|88/100|[from] Stealth Rock
|-item|p1a: Hatterene|Air Balloon
|move|p2a: Venusaur|Giga Drain|p1a: Hatterene
|-damage|p1a: Hatterene|45/100
|-heal|p2a: Venusaur|100/100|[from] drain|[of] p1a: Hatterene
|-enditem|p1a: Hatterene|Air Balloon
|-damage|p2a: Venusaur|91/100|[from] item: Life Orb
|
|upkeep
|turn|20
|
|t:|1779693303
|move|p2a: Venusaur|Sludge Bomb|p1a: Hatterene
|-supereffective|p1a: Hatterene
|-damage|p1a: Hatterene|0 fnt
|faint|p1a: Hatterene
|-damage|p2a: Venusaur|81/100|[from] item: Life Orb
|
|upkeep
|
|t:|1779693306
|switch|p1a: Cinderace|Cinderace, F|100/100
|turn|21
|
|t:|1779693320
|-terastallize|p2a: Venusaur|Ground
|move|p1a: Cinderace|Bulk Up|p1a: Cinderace
|-start|p1a: Cinderace|typechange|Fighting|[from] ability: Libero
|-boost|p1a: Cinderace|atk|1
|-boost|p1a: Cinderace|def|1
|move|p2a: Venusaur|Toxic|p1a: Cinderace
|-status|p1a: Cinderace|tox
|
|-damage|p1a: Cinderace|95/100 tox|[from] psn
|upkeep
|turn|22
|
|t:|1779693336
|switch|p2a: Milotic|Milotic, F|100/100
|move|p1a: Cinderace|Iron Head|p2a: Milotic
|-resisted|p2a: Milotic
|-damage|p2a: Milotic|87/100
|
|-damage|p1a: Cinderace|83/100 tox|[from] psn
|-status|p2a: Milotic|brn|[from] item: Flame Orb
|upkeep
|turn|23
|
|t:|1779693355
|move|p1a: Cinderace|Iron Head|p2a: Milotic
|-resisted|p2a: Milotic
|-damage|p2a: Milotic|78/100 brn
|move|p2a: Milotic|Surf|p1a: Cinderace
|-damage|p1a: Cinderace|35/100 tox
|
|-damage|p1a: Cinderace|17/100 tox|[from] psn
|-damage|p2a: Milotic|72/100 brn|[from] brn
|upkeep
|turn|24
|
|t:|1779693365
|move|p1a: Cinderace|U-turn|p2a: Milotic
|-damage|p2a: Milotic|56/100 brn
|
|t:|1779693368
|switch|p1a: Primarina|Primarina, F|97/100|[from] U-turn
|-damage|p1a: Primarina|85/100|[from] Stealth Rock
|move|p2a: Milotic|Scald|p1a: Primarina
|-resisted|p1a: Primarina
|-damage|p1a: Primarina|75/100
|-status|p1a: Primarina|brn
|
|-damage|p1a: Primarina|69/100 brn|[from] brn
|-damage|p2a: Milotic|49/100 brn|[from] brn
|upkeep
|turn|25
|
|t:|1779693381
|switch|p2a: Venusaur|Venusaur, F, tera:Ground|81/100
|move|p1a: Primarina|Energy Ball|p2a: Venusaur
|-supereffective|p2a: Venusaur
|-damage|p2a: Venusaur|27/100
|
|-damage|p1a: Primarina|63/100 brn|[from] brn
|upkeep
|turn|26
|
|t:|1779693388
|move|p1a: Primarina|Energy Ball|p2a: Venusaur
|-supereffective|p2a: Venusaur
|-damage|p2a: Venusaur|0 fnt
|faint|p2a: Venusaur
|
|-damage|p1a: Primarina|57/100 brn|[from] brn
|upkeep
|
|t:|1779693397
|switch|p2a: Whimsicott|Whimsicott, F|17/100
|turn|27
|
|t:|1779693402
|move|p2a: Whimsicott|Tailwind|p2a: Whimsicott
|-sidestart|p2: Circe_336699|move: Tailwind
|move|p1a: Primarina|Draining Kiss|p2a: Whimsicott
|-damage|p2a: Whimsicott|0 fnt
|-heal|p1a: Primarina|68/100 brn|[from] drain|[of] p2a: Whimsicott
|faint|p2a: Whimsicott
|
|-damage|p1a: Primarina|62/100 brn|[from] brn
|upkeep
|
|t:|1779693413
|switch|p2a: Sneasel|Sneasel, F|100/100
|turn|28
|
|t:|1779693418
|move|p2a: Sneasel|Swords Dance|p2a: Sneasel
|-boost|p2a: Sneasel|atk|2
|move|p1a: Primarina|Draining Kiss|p2a: Sneasel
|-supereffective|p2a: Sneasel
|-damage|p2a: Sneasel|12/100
|-heal|p1a: Primarina|100/100 brn|[from] drain|[of] p2a: Sneasel
|
|-damage|p1a: Primarina|95/100 brn|[from] brn
|upkeep
|turn|29
|
|t:|1779693429
|move|p2a: Sneasel|Knock Off|p1a: Primarina
|-resisted|p1a: Primarina
|-damage|p1a: Primarina|35/100 brn
|-enditem|p1a: Primarina|Assault Vest|[from] move: Knock Off|[of] p2a: Sneasel
|move|p1a: Primarina|Draining Kiss|p2a: Sneasel
|-supereffective|p2a: Sneasel
|-damage|p2a: Sneasel|0 fnt
|-heal|p1a: Primarina|42/100 brn|[from] drain|[of] p2a: Sneasel
|faint|p2a: Sneasel
|
|-damage|p1a: Primarina|36/100 brn|[from] brn
|upkeep
|
|t:|1779693443
|switch|p2a: Milotic|Milotic, F|49/100 brn
|turn|30
|
|t:|1779693447
|move|p2a: Milotic|Recover|p2a: Milotic
|-heal|p2a: Milotic|99/100 brn
|move|p1a: Primarina|Energy Ball|p2a: Milotic
|-supereffective|p2a: Milotic
|-damage|p2a: Milotic|57/100 brn
|
|-damage|p2a: Milotic|51/100 brn|[from] brn
|-damage|p1a: Primarina|30/100 brn|[from] brn
|-sideend|p2: Circe_336699|move: Tailwind
|upkeep
|turn|31
|
|t:|1779693458
|move|p1a: Primarina|Energy Ball|p2a: Milotic
|-supereffective|p2a: Milotic
|-damage|p2a: Milotic|5/100 brn
|move|p2a: Milotic|Scald|p1a: Primarina
|-resisted|p1a: Primarina
|-damage|p1a: Primarina|16/100 brn
|
|-damage|p1a: Primarina|10/100 brn|[from] brn
|-damage|p2a: Milotic|0 fnt|[from] brn
|faint|p2a: Milotic
|upkeep
|
|t:|1779693470
|switch|p2a: Ceruledge|Ceruledge, F|86/100
|turn|32
|
|t:|1779693475
|move|p2a: Ceruledge|Shadow Sneak|p1a: Primarina
|-damage|p1a: Primarina|0 fnt
|faint|p1a: Primarina
|-damage|p2a: Ceruledge|76/100|[from] item: Life Orb
|
|upkeep
|
|t:|1779693478
|switch|p1a: Cinderace|Cinderace, F|17/100 tox
|turn|33
|
|t:|1779693491
|-terastallize|p1a: Cinderace|Fire
|move|p2a: Ceruledge|Shadow Sneak|p1a: Cinderace
|-damage|p1a: Cinderace|0 fnt
|faint|p1a: Cinderace
|-damage|p2a: Ceruledge|66/100|[from] item: Life Orb
|
|upkeep
|
|t:|1779693494
|switch|p1a: Corviknight|Corviknight, F|31/100
|-damage|p1a: Corviknight|19/100|[from] Stealth Rock
|-ability|p1a: Corviknight|Pressure
|turn|34
|
|t:|1779693501
|move|p2a: Ceruledge|Swords Dance|p2a: Ceruledge
|-boost|p2a: Ceruledge|atk|2
|move|p1a: Corviknight|Roost|p1a: Corviknight
|-heal|p1a: Corviknight|69/100
|-singleturn|p1a: Corviknight|move: Roost
|
|-heal|p1a: Corviknight|75/100|[from] item: Leftovers
|upkeep
|turn|35
|
|t:|1779693509
|move|p2a: Ceruledge|Bitter Blade|p1a: Corviknight
|-supereffective|p1a: Corviknight
|-damage|p1a: Corviknight|0 fnt
|-heal|p2a: Ceruledge|100/100|[from] drain|[of] p1a: Corviknight
|faint|p1a: Corviknight
|-damage|p2a: Ceruledge|91/100|[from] item: Life Orb
|
|win|Circe_336699
|raw|julialberad's rating: 1082 &rarr; <strong>1058</strong><br />(-24 for losing)
|raw|Circe_336699's rating: 1061 &rarr; <strong>1094</strong><br />(+33 for winning)
|l|☆Circe_336699
|player|p2|
|l|☆julialberad
|player|p1|
