|inactive|Battle timer is ON: inactive players will automatically lose when time's up.
|t:|1779569115
|gametype|singles
|player|p1|fardin|gentleman-gen4dp|
|player|p2|Glurakaiser|#wcop2026germany|
|gen|9
|tier|[Gen 9] OU
|rule|HP Percentage Mod: HP is shown in percentages
|rule|Endless Battle Clause: Forcing endless battles is banned
|rule|Species Clause: Limit one of each Pokémon
|rule|OHKO Clause: OHKO moves are banned
|rule|Evasion Items Clause: Evasion items are banned
|rule|Evasion Moves Clause: Evasion moves are banned
|rule|Evasion Abilities Clause: Evasion abilities are banned
|rule|Sleep Moves Clause: Sleep-inducing moves are banned
|clearpoke
|poke|p1|Clodsire, F|
|poke|p1|Skarmory, F|
|poke|p1|Volcanion|
|poke|p1|Clefable, M|
|poke|p1|Kingambit, M|
|poke|p1|Dragapult, F|
|poke|p2|Great Tusk|
|poke|p2|Slowking-Galar, M|
|poke|p2|Corviknight, F|
|poke|p2|Clefable, F|
|poke|p2|Samurott-Hisui, M|
|poke|p2|Dragapult, F|
|teampreview
|c|☆fardin|hf
|c|☆Glurakaiser|hf
|
|t:|1779569137
|teamsize|p1|6
|teamsize|p2|6
|start
|switch|p1a: Dragapult|Dragapult, F|100/100
|switch|p2a: Samurott|Samurott-Hisui, M|100/100
|turn|1
|
|t:|1779569151
|move|p1a: Dragapult|U-turn|p2a: Samurott
|-supereffective|p2a: Samurott
|-damage|p2a: Samurott|66/100
|
|t:|1779569154
|switch|p1a: Skarmory|Skarmory, F|100/100|[from] U-turn
|move|p2a: Samurott|Knock Off|p1a: Skarmory
|-damage|p1a: Skarmory|74/100
|-damage|p2a: Samurott|50/100|[from] item: Rocky Helmet|[of] p1a: Skarmory
|-enditem|p1a: Skarmory|Rocky Helmet|[from] move: Knock Off|[of] p2a: Samurott
|
|upkeep
|turn|2
|
|t:|1779569162
|switch|p2a: Clefable|Clefable, F|100/100
|move|p1a: Skarmory|Spikes|p2a: Clefable
|-sidestart|p2: Glurakaiser|Spikes
|
|upkeep
|turn|3
|
|t:|1779569170
|move|p1a: Skarmory|Roost|p1a: Skarmory
|-heal|p1a: Skarmory|100/100
|-singleturn|p1a: Skarmory|move: Roost
|move|p2a: Clefable|Stealth Rock|p1a: Skarmory
|-sidestart|p1: fardin|move: Stealth Rock
|
|upkeep
|turn|4
|
|t:|1779569177
|switch|p2a: Slowking|Slowking-Galar, M|100/100
|-damage|p2a: Slowking|88/100|[from] Spikes
|move|p1a: Skarmory|Spikes|p2a: Slowking
|-sidestart|p2: Glurakaiser|Spikes
|
|upkeep
|turn|5
|
|t:|1779569185
|switch|p1a: Clodsire|Clodsire, F|100/100
|move|p2a: Slowking|Flamethrower|p1a: Clodsire
|-damage|p1a: Clodsire|86/100
|
|upkeep
|turn|6
|
|t:|1779569189
|move|p2a: Slowking|Psyshock|p1a: Clodsire
|-supereffective|p1a: Clodsire
|-damage|p1a: Clodsire|9/100
|move|p1a: Clodsire|Earthquake|p2a: Slowking
|-supereffective|p2a: Slowking
|-damage|p2a: Slowking|28/100
|
|upkeep
|turn|7
|
|t:|1779569202
|switch|p1a: Volcanion|Volcanion|100/100
|move|p2a: Slowking|Flamethrower|p1a: Volcanion
|-resisted|p1a: Volcanion
|-damage|p1a: Volcanion|93/100
|
|upkeep
|turn|8
|
|t:|1779569216
|switch|p2a: Dragapult|Dragapult, F|100/100
|-damage|p2a: Dragapult|84/100|[from] Spikes
|move|p1a: Volcanion|Steam Eruption|p2a: Dragapult
|-resisted|p2a: Dragapult
|-damage|p2a: Dragapult|49/100
|
|upkeep
|turn|9
|
|t:|1779569229
|switch|p1a: Clefable|Clefable, M|100/100
|move|p2a: Dragapult|Shadow Ball|p1a: Clefable
|-damage|p1a: Clefable|55/100
|
|-heal|p1a: Clefable|61/100|[from] item: Leftovers
|upkeep
|turn|10
|
|t:|1779569237
|move|p2a: Dragapult|Shadow Ball|p1a: Clefable
|-damage|p1a: Clefable|15/100
|-unboost|p1a: Clefable|spd|1
|move|p1a: Clefable|Knock Off|p2a: Dragapult
|-supereffective|p2a: Dragapult
|-damage|p2a: Dragapult|11/100
|-enditem|p2a: Dragapult|Choice Specs|[from] move: Knock Off|[of] p1a: Clefable
|
|-heal|p1a: Clefable|21/100|[from] item: Leftovers
|upkeep
|turn|11
|
|t:|1779569245
|switch|p1a: Kingambit|Kingambit, M|100/100
|move|p2a: Dragapult|Shadow Ball|p1a: Kingambit
|-resisted|p1a: Kingambit
|-damage|p1a: Kingambit|82/100
|
|upkeep
|turn|12
|
|t:|1779569267
|switch|p2a: Great Tusk|Great Tusk|100/100
|-damage|p2a: Great Tusk|84/100|[from] Spikes
|move|p1a: Kingambit|Iron Head|p2a: Great Tusk
|-damage|p2a: Great Tusk|54/100
|
|-heal|p2a: Great Tusk|60/100|[from] item: Leftovers
|upkeep
|turn|13
|inactive|Glurakaiser has 270 seconds left.
|
|t:|1779569312
|-end|p1a: Kingambit|fallenundefined|[silent]
|switch|p1a: Clodsire|Clodsire, F|9/100
|move|p2a: Great Tusk|Ice Spinner|p1a: Clodsire
|-supereffective|p1a: Clodsire
|-damage|p1a: Clodsire|0 fnt
|faint|p1a: Clodsire
|
|-heal|p2a: Great Tusk|66/100|[from] item: Leftovers
|upkeep
|
|t:|1779569322
|switch|p1a: Dragapult|Dragapult, F|100/100
|turn|14
|inactive|Glurakaiser has 240 seconds left.
|
|t:|1779569372
|-end|p2a: Great Tusk|Protosynthesis|[silent]
|switch|p2a: Clefable|Clefable, F|100/100
|move|p1a: Dragapult|U-turn|p2a: Clefable
|-resisted|p2a: Clefable
|-damage|p2a: Clefable|94/100
|
|t:|1779569374
|switch|p1a: Clefable|Clefable, M|21/100|[from] U-turn
|
|-heal|p1a: Clefable|27/100|[from] item: Leftovers
|-heal|p2a: Clefable|100/100|[from] item: Leftovers
|upkeep
|turn|15
|
|t:|1779569378
|move|p1a: Clefable|Moonlight|p1a: Clefable
|-heal|p1a: Clefable|77/100
|move|p2a: Clefable|Moonblast|p1a: Clefable
|-damage|p1a: Clefable|49/100
|
|-heal|p1a: Clefable|56/100|[from] item: Leftovers
|upkeep
|turn|16
|
|t:|1779569383
|move|p1a: Clefable|Knock Off|p2a: Clefable
|-resisted|p2a: Clefable
|-damage|p2a: Clefable|95/100
|-enditem|p2a: Clefable|Leftovers|[from] move: Knock Off|[of] p1a: Clefable
|move|p2a: Clefable|Knock Off|p1a: Clefable
|-resisted|p1a: Clefable
|-damage|p1a: Clefable|50/100
|-enditem|p1a: Clefable|Leftovers|[from] move: Knock Off|[of] p2a: Clefable
|
|upkeep
|turn|17
|
|t:|1779569396
|switch|p2a: Slowking|Slowking-Galar, M|61/100
|-damage|p2a: Slowking|45/100|[from] Spikes
|move|p1a: Clefable|Moonlight|p1a: Clefable
|-heal|p1a: Clefable|99/100
|
|upkeep
|turn|18
|inactive|Glurakaiser has 240 seconds left.
|inactive|Glurakaiser has 210 seconds left.
|
|t:|1779569454
|switch|p1a: Dragapult|Dragapult, F|100/100
|switch|p2a: Samurott|Samurott-Hisui, M|50/100
|
|upkeep
|turn|19
|inactive|Glurakaiser has 210 seconds left.
|
|t:|1779569476
|move|p1a: Dragapult|U-turn|p2a: Samurott
|-supereffective|p2a: Samurott
|-damage|p2a: Samurott|11/100
|
|t:|1779569478
|switch|p1a: Skarmory|Skarmory, F|100/100|[from] U-turn
|-damage|p1a: Skarmory|88/100|[from] Stealth Rock
|move|p2a: Samurott|Ceaseless Edge|p1a: Skarmory
|-damage|p1a: Skarmory|64/100
|-sidestart|p1: fardin|Spikes
|
|upkeep
|turn|20
|inactive|Glurakaiser has 210 seconds left.
|
|t:|1779569484
|move|p2a: Samurott|Ceaseless Edge|p1a: Skarmory
|-damage|p1a: Skarmory|39/100
|-sidestart|p1: fardin|Spikes
|move|p1a: Skarmory|Brave Bird|p2a: Samurott
|-damage|p2a: Samurott|0 fnt
|faint|p2a: Samurott
|-damage|p1a: Skarmory|35/100|[from] Recoil
|
|upkeep
|inactive|Glurakaiser has 210 seconds left.
|inactive|Glurakaiser has 180 seconds left.
|
|t:|1779569536
|switch|p2a: Great Tusk|Great Tusk|66/100
|-damage|p2a: Great Tusk|50/100|[from] Spikes
|turn|21
|
|t:|1779569543
|move|p2a: Great Tusk|Rapid Spin|p1a: Skarmory
|-resisted|p1a: Skarmory
|-damage|p1a: Skarmory|30/100
|-boost|p2a: Great Tusk|spe|1
|-sideend|p2: Glurakaiser|Spikes|[from] move: Rapid Spin|[of] p2a: Great Tusk
|move|p1a: Skarmory|Roost|p1a: Skarmory
|-heal|p1a: Skarmory|80/100
|-singleturn|p1a: Skarmory|move: Roost
|
|-heal|p2a: Great Tusk|56/100|[from] item: Leftovers
|upkeep
|turn|22
|
|t:|1779569547
|-end|p2a: Great Tusk|Protosynthesis|[silent]
|switch|p2a: Dragapult|Dragapult, F|11/100
|move|p1a: Skarmory|Spikes|p2a: Dragapult
|-sidestart|p2: Glurakaiser|Spikes
|
|upkeep
|turn|23
|
|t:|1779569554
|move|p2a: Dragapult|Thunderbolt|p1a: Skarmory
|-supereffective|p1a: Skarmory
|-damage|p1a: Skarmory|4/100
|move|p1a: Skarmory|Brave Bird|p2a: Dragapult
|-damage|p2a: Dragapult|0 fnt
|faint|p2a: Dragapult
|-damage|p1a: Skarmory|1/100|[from] Recoil
|
|upkeep
|
|t:|1779569564
|switch|p2a: Great Tusk|Great Tusk|56/100
|-damage|p2a: Great Tusk|44/100|[from] Spikes
|turn|24
|
|t:|1779569569
|move|p2a: Great Tusk|Ice Spinner|p1a: Skarmory
|-damage|p1a: Skarmory|0 fnt
|faint|p1a: Skarmory
|
|-heal|p2a: Great Tusk|50/100|[from] item: Leftovers
|upkeep
|
|t:|1779569572
|switch|p1a: Dragapult|Dragapult, F|100/100
|turn|25
|
|t:|1779569581
|-end|p2a: Great Tusk|Protosynthesis|[silent]
|switch|p2a: Clefable|Clefable, F|95/100
|move|p1a: Dragapult|U-turn|p2a: Clefable
|-resisted|p2a: Clefable
|-damage|p2a: Clefable|89/100
|
|t:|1779569583
|switch|p1a: Volcanion|Volcanion|93/100|[from] U-turn
|
|upkeep
|turn|26
|
|t:|1779569587
|move|p1a: Volcanion|Fire Spin|p2a: Clefable
|-damage|p2a: Clefable|72/100
|-activate|p2a: Clefable|move: Fire Spin|[of] p1a: Volcanion
|move|p2a: Clefable|Knock Off|p1a: Volcanion
|-damage|p1a: Volcanion|80/100
|-enditem|p1a: Volcanion|Heavy-Duty Boots|[from] move: Knock Off|[of] p2a: Clefable
|
|upkeep
|turn|27
|
|t:|1779569594
|move|p1a: Volcanion|Flamethrower|p2a: Clefable
|-damage|p2a: Clefable|32/100
|move|p2a: Clefable|Moonblast|p1a: Volcanion
|-resisted|p1a: Volcanion
|-damage|p1a: Volcanion|63/100
|-unboost|p1a: Volcanion|spa|1
|
|upkeep
|turn|28
|
|t:|1779569597
|move|p1a: Volcanion|Taunt|p2a: Clefable
|-start|p2a: Clefable|move: Taunt
|cant|p2a: Clefable|move: Taunt|Moonlight
|
|upkeep
|turn|29
|inactive|Glurakaiser has 240 seconds left.
|
|t:|1779569608
|move|p1a: Volcanion|Flamethrower|p2a: Clefable
|-damage|p2a: Clefable|1/100
|move|p2a: Clefable|Moonblast|p1a: Volcanion
|-resisted|p1a: Volcanion
|-crit|p1a: Volcanion
|-damage|p1a: Volcanion|39/100
|-unboost|p1a: Volcanion|spa|1
|
|upkeep
|turn|30
|
|t:|1779569611
|move|p1a: Volcanion|Flamethrower|p2a: Clefable
|-damage|p2a: Clefable|0 fnt
|faint|p2a: Clefable
|
|upkeep
|
|t:|1779569619
|switch|p2a: Great Tusk|Great Tusk|50/100
|-damage|p2a: Great Tusk|37/100|[from] Spikes
|turn|31
|
|t:|1779569627
|move|p2a: Great Tusk|Headlong Rush|p1a: Volcanion
|-supereffective|p1a: Volcanion
|-damage|p1a: Volcanion|0 fnt
|-unboost|p2a: Great Tusk|def|1
|-unboost|p2a: Great Tusk|spd|1
|faint|p1a: Volcanion
|
|-heal|p2a: Great Tusk|44/100|[from] item: Leftovers
|upkeep
|
|t:|1779569629
|switch|p1a: Dragapult|Dragapult, F|100/100
|turn|32
|inactive|Glurakaiser has 240 seconds left.
|
|t:|1779569668
|-end|p2a: Great Tusk|Protosynthesis|[silent]
|switch|p2a: Slowking|Slowking-Galar, M|78/100
|-damage|p2a: Slowking|66/100|[from] Spikes
|move|p1a: Dragapult|Will-O-Wisp|p2a: Slowking
|-status|p2a: Slowking|brn
|
|-damage|p2a: Slowking|60/100 brn|[from] brn
|upkeep
|turn|33
|inactive|Glurakaiser has 240 seconds left.
|
|t:|1779569679
|-terastallize|p2a: Slowking|Water
|move|p1a: Dragapult|Hex|p2a: Slowking
|-damage|p2a: Slowking|31/100 brn
|move|p2a: Slowking|Ice Beam|p1a: Dragapult
|-supereffective|p1a: Dragapult
|-damage|p1a: Dragapult|20/100
|
|-damage|p2a: Slowking|25/100 brn|[from] brn
|upkeep
|turn|34
|
|t:|1779569687
|switch|p2a: Great Tusk|Great Tusk|44/100
|-damage|p2a: Great Tusk|31/100|[from] Spikes
|move|p1a: Dragapult|Will-O-Wisp|p2a: Great Tusk
|-status|p2a: Great Tusk|brn
|
|-heal|p2a: Great Tusk|37/100 brn|[from] item: Leftovers
|-damage|p2a: Great Tusk|31/100 brn|[from] brn
|upkeep
|turn|35
|
|t:|1779569691
|move|p1a: Dragapult|Hex|p2a: Great Tusk
|-damage|p2a: Great Tusk|0 fnt
|faint|p2a: Great Tusk
|-end|p2a: Great Tusk|Protosynthesis|[silent]
|
|upkeep
|
|t:|1779569693
|switch|p2a: Slowking|Slowking-Galar, M, tera:Water|59/100 brn
|-damage|p2a: Slowking|46/100 brn|[from] Spikes
|turn|36
|
|t:|1779569700
|move|p1a: Dragapult|U-turn|p2a: Slowking
|-damage|p2a: Slowking|30/100 brn
|
|t:|1779569702
|switch|p1a: Kingambit|Kingambit, M|82/100|[from] U-turn
|-activate|p1a: Kingambit|ability: Supreme Overlord
|-start|p1a: Kingambit|fallen3|[silent]
|move|p2a: Slowking|Ice Beam|p1a: Kingambit
|-resisted|p1a: Kingambit
|-damage|p1a: Kingambit|65/100
|-status|p1a: Kingambit|frz
|
|-damage|p2a: Slowking|24/100 brn|[from] brn
|upkeep
|turn|37
|
|t:|1779569705
|switch|p2a: Corviknight|Corviknight, F|100/100
|-ability|p2a: Corviknight|Pressure
|cant|p1a: Kingambit|frz
|
|upkeep
|turn|38
|
|t:|1779569710
|-end|p1a: Kingambit|fallen3|[silent]
|switch|p1a: Clefable|Clefable, M|99/100
|move|p2a: Corviknight|Iron Defense|p2a: Corviknight
|-boost|p2a: Corviknight|def|2
|
|upkeep
|turn|39
|
|t:|1779569720
|move|p2a: Corviknight|Iron Defense|p2a: Corviknight
|-boost|p2a: Corviknight|def|2
|move|p1a: Clefable|Calm Mind|p1a: Clefable
|-boost|p1a: Clefable|spa|1
|-boost|p1a: Clefable|spd|1
|
|upkeep
|turn|40
|
|t:|1779569722
|switch|p1a: Dragapult|Dragapult, F|20/100
|move|p2a: Corviknight|Iron Defense|p2a: Corviknight
|-boost|p2a: Corviknight|def|2
|
|upkeep
|turn|41
|
|t:|1779569730
|move|p1a: Dragapult|Hex|p2a: Corviknight
|-damage|p2a: Corviknight|75/100
|move|p2a: Corviknight|U-turn|p1a: Dragapult
|-resisted|p1a: Dragapult
|-damage|p1a: Dragapult|9/100
|
|t:|1779569732
|switch|p2a: Slowking|Slowking-Galar, M, tera:Water|57/100 brn|[from] U-turn
|-damage|p2a: Slowking|44/100 brn|[from] Spikes
|
|-damage|p2a: Slowking|38/100 brn|[from] brn
|upkeep
|turn|42
|
|t:|1779569740
|switch|p1a: Kingambit|Kingambit, M|65/100 frz
|-activate|p1a: Kingambit|ability: Supreme Overlord
|-start|p1a: Kingambit|fallen3|[silent]
|move|p2a: Slowking|Ice Beam|p1a: Kingambit
|-resisted|p1a: Kingambit
|-damage|p1a: Kingambit|49/100 frz
|
|-damage|p2a: Slowking|32/100 brn|[from] brn
|upkeep
|turn|43
|
|t:|1779569747
|switch|p2a: Corviknight|Corviknight, F|75/100
|-ability|p2a: Corviknight|Pressure
|cant|p1a: Kingambit|frz
|
|upkeep
|turn|44
|
|t:|1779569753
|-end|p1a: Kingambit|fallen3|[silent]
|switch|p1a: Clefable|Clefable, M|99/100
|move|p2a: Corviknight|U-turn|p1a: Clefable
|-resisted|p1a: Clefable
|-damage|p1a: Clefable|94/100
|
|t:|1779569756
|switch|p2a: Slowking|Slowking-Galar, M, tera:Water|65/100 brn|[from] U-turn
|-damage|p2a: Slowking|53/100 brn|[from] Spikes
|
|-damage|p2a: Slowking|47/100 brn|[from] brn
|upkeep
|turn|45
|
|t:|1779569761
|switch|p2a: Corviknight|Corviknight, F|75/100
|-ability|p2a: Corviknight|Pressure
|move|p1a: Clefable|Calm Mind|p1a: Clefable
|-boost|p1a: Clefable|spa|1
|-boost|p1a: Clefable|spd|1
|
|upkeep
|turn|46
|
|t:|1779569768
|move|p2a: Corviknight|Iron Defense|p2a: Corviknight
|-boost|p2a: Corviknight|def|2
|move|p1a: Clefable|Calm Mind|p1a: Clefable
|-boost|p1a: Clefable|spa|1
|-boost|p1a: Clefable|spd|1
|
|upkeep
|turn|47
|
|t:|1779569773
|move|p2a: Corviknight|Iron Defense|p2a: Corviknight
|-boost|p2a: Corviknight|def|2
|move|p1a: Clefable|Calm Mind|p1a: Clefable
|-boost|p1a: Clefable|spa|1
|-boost|p1a: Clefable|spd|1
|
|upkeep
|turn|48
|
|t:|1779569776
|move|p2a: Corviknight|Iron Defense|p2a: Corviknight
|-boost|p2a: Corviknight|def|2
|move|p1a: Clefable|Moonblast|p2a: Corviknight
|-resisted|p2a: Corviknight
|-damage|p2a: Corviknight|40/100
|
|upkeep
|turn|49
|
|t:|1779569779
|move|p2a: Corviknight|Roost|p2a: Corviknight
|-heal|p2a: Corviknight|90/100
|-singleturn|p2a: Corviknight|move: Roost
|move|p1a: Clefable|Moonblast|p2a: Corviknight
|-resisted|p2a: Corviknight
|-crit|p2a: Corviknight
|-damage|p2a: Corviknight|35/100
|
|upkeep
|turn|50
|
|t:|1779569785
|move|p2a: Corviknight|Roost|p2a: Corviknight
|-heal|p2a: Corviknight|85/100
|-singleturn|p2a: Corviknight|move: Roost
|move|p1a: Clefable|Moonblast|p2a: Corviknight
|-resisted|p2a: Corviknight
|-damage|p2a: Corviknight|48/100
|
|upkeep
|turn|51
|
|t:|1779569790
|switch|p1a: Dragapult|Dragapult, F|9/100
|move|p2a: Corviknight|Roost|p2a: Corviknight
|-heal|p2a: Corviknight|98/100
|-singleturn|p2a: Corviknight|move: Roost
|
|upkeep
|turn|52
|
|t:|1779569798
|move|p1a: Dragapult|Hex|p2a: Corviknight
|-damage|p2a: Corviknight|71/100
|move|p2a: Corviknight|U-turn|p1a: Dragapult
|-resisted|p1a: Dragapult
|-damage|p1a: Dragapult|0 fnt
|faint|p1a: Dragapult
|
|t:|1779569802
|switch|p2a: Slowking|Slowking-Galar, M, tera:Water|80/100 brn|[from] U-turn
|-damage|p2a: Slowking|68/100 brn|[from] Spikes
|
|-damage|p2a: Slowking|62/100 brn|[from] brn
|upkeep
|
|t:|1779569809
|switch|p1a: Kingambit|Kingambit, M|49/100 frz
|-activate|p1a: Kingambit|ability: Supreme Overlord
|-start|p1a: Kingambit|fallen4|[silent]
|turn|53
|
|t:|1779569825
|switch|p2a: Corviknight|Corviknight, F|71/100
|-ability|p2a: Corviknight|Pressure
|cant|p1a: Kingambit|frz
|
|upkeep
|turn|54
|c|☆fardin|god bless ur plays
|
|t:|1779569844
|-end|p1a: Kingambit|fallen4|[silent]
|switch|p1a: Clefable|Clefable, M|94/100
|move|p2a: Corviknight|Body Press|p1a: Clefable
|-resisted|p1a: Clefable
|-damage|p1a: Clefable|84/100
|
|upkeep
|turn|55
|
|t:|1779569847
|move|p2a: Corviknight|U-turn|p1a: Clefable
|-resisted|p1a: Clefable
|-damage|p1a: Clefable|79/100
|
|t:|1779569849
|switch|p2a: Slowking|Slowking-Galar, M, tera:Water|95/100 brn|[from] U-turn
|-damage|p2a: Slowking|82/100 brn|[from] Spikes
|move|p1a: Clefable|Calm Mind|p1a: Clefable
|-boost|p1a: Clefable|spa|1
|-boost|p1a: Clefable|spd|1
|
|-damage|p2a: Slowking|76/100 brn|[from] brn
|upkeep
|turn|56
|
|t:|1779569853
|move|p1a: Clefable|Calm Mind|p1a: Clefable
|-boost|p1a: Clefable|spa|1
|-boost|p1a: Clefable|spd|1
|move|p2a: Slowking|Sludge Bomb|p1a: Clefable
|-supereffective|p1a: Clefable
|-damage|p1a: Clefable|42/100
|
|-damage|p2a: Slowking|70/100 brn|[from] brn
|upkeep
|turn|57
|
|t:|1779569859
|move|p1a: Clefable|Calm Mind|p1a: Clefable
|-boost|p1a: Clefable|spa|1
|-boost|p1a: Clefable|spd|1
|move|p2a: Slowking|Sludge Bomb|p1a: Clefable
|-supereffective|p1a: Clefable
|-damage|p1a: Clefable|12/100
|
|-damage|p2a: Slowking|64/100 brn|[from] brn
|upkeep
|turn|58
|
|t:|1779569864
|move|p1a: Clefable|Moonlight|p1a: Clefable
|-heal|p1a: Clefable|62/100
|move|p2a: Slowking|Psyshock|p1a: Clefable
|-damage|p1a: Clefable|32/100
|
|-damage|p2a: Slowking|58/100 brn|[from] brn
|upkeep
|turn|59
|
|t:|1779569867
|move|p1a: Clefable|Moonlight|p1a: Clefable
|-heal|p1a: Clefable|82/100
|move|p2a: Slowking|Psyshock|p1a: Clefable
|-damage|p1a: Clefable|54/100
|
|-damage|p2a: Slowking|52/100 brn|[from] brn
|upkeep
|turn|60
|inactive|Glurakaiser has 270 seconds left.
|
|t:|1779569902
|switch|p2a: Corviknight|Corviknight, F|71/100
|-ability|p2a: Corviknight|Pressure
|move|p1a: Clefable|Moonblast|p2a: Corviknight
|-resisted|p2a: Corviknight
|-damage|p2a: Corviknight|30/100
|
|upkeep
|turn|61
|
|t:|1779569905
|move|p2a: Corviknight|Roost|p2a: Corviknight
|-heal|p2a: Corviknight|80/100
|-singleturn|p2a: Corviknight|move: Roost
|move|p1a: Clefable|Calm Mind|p1a: Clefable
|-boost|p1a: Clefable|spa|1
|-boost|p1a: Clefable|spd|1
|
|upkeep
|turn|62
|
|t:|1779569913
|move|p2a: Corviknight|U-turn|p1a: Clefable
|-resisted|p1a: Clefable
|-damage|p1a: Clefable|48/100
|
|t:|1779569915
|switch|p2a: Slowking|Slowking-Galar, M, tera:Water|85/100 brn|[from] U-turn
|-damage|p2a: Slowking|73/100 brn|[from] Spikes
|move|p1a: Clefable|Calm Mind|p1a: Clefable
|-boost|p1a: Clefable|spa|1
|-boost|p1a: Clefable|spd|1
|
|-damage|p2a: Slowking|67/100 brn|[from] brn
|upkeep
|turn|63
|
|t:|1779569917
|move|p1a: Clefable|Moonblast|p2a: Slowking
|-damage|p2a: Slowking|12/100 brn
|move|p2a: Slowking|Sludge Bomb|p1a: Clefable
|-supereffective|p1a: Clefable
|-damage|p1a: Clefable|25/100
|
|-damage|p2a: Slowking|6/100 brn|[from] brn
|upkeep
|turn|64
|
|t:|1779569928
|move|p1a: Clefable|Knock Off|p2a: Slowking
|-damage|p2a: Slowking|0 fnt
|-enditem|p2a: Slowking|Assault Vest|[from] move: Knock Off|[of] p1a: Clefable
|faint|p2a: Slowking
|
|upkeep
|
|t:|1779569930
|switch|p2a: Corviknight|Corviknight, F|80/100
|-ability|p2a: Corviknight|Pressure
|turn|65
|
|t:|1779569934
|move|p2a: Corviknight|Iron Defense|p2a: Corviknight
|-boost|p2a: Corviknight|def|2
|move|p1a: Clefable|Moonlight|p1a: Clefable
|-heal|p1a: Clefable|75/100
|
|upkeep
|turn|66
|
|t:|1779569936
|move|p2a: Corviknight|Iron Defense|p2a: Corviknight
|-boost|p2a: Corviknight|def|2
|move|p1a: Clefable|Moonblast|p2a: Corviknight
|-resisted|p2a: Corviknight
|-damage|p2a: Corviknight|29/100
|-unboost|p2a: Corviknight|spa|1
|
|upkeep
|turn|67
|
|t:|1779569938
|move|p2a: Corviknight|Roost|p2a: Corviknight
|-heal|p2a: Corviknight|79/100
|-singleturn|p2a: Corviknight|move: Roost
|move|p1a: Clefable|Moonblast|p2a: Corviknight
|-resisted|p2a: Corviknight
|-damage|p2a: Corviknight|29/100
|
|upkeep
|turn|68
|
|t:|1779569941
|move|p2a: Corviknight|Roost|p2a: Corviknight
|-heal|p2a: Corviknight|79/100
|-singleturn|p2a: Corviknight|move: Roost
|move|p1a: Clefable|Moonblast|p2a: Corviknight
|-resisted|p2a: Corviknight
|-damage|p2a: Corviknight|26/100
|
|upkeep
|turn|69
|
|t:|1779569943
|move|p2a: Corviknight|Roost|p2a: Corviknight
|-heal|p2a: Corviknight|76/100
|-singleturn|p2a: Corviknight|move: Roost
|move|p1a: Clefable|Moonblast|p2a: Corviknight
|-resisted|p2a: Corviknight
|-damage|p2a: Corviknight|23/100
|
|upkeep
|turn|70
|
|t:|1779569946
|move|p2a: Corviknight|Roost|p2a: Corviknight
|-heal|p2a: Corviknight|73/100
|-singleturn|p2a: Corviknight|move: Roost
|move|p1a: Clefable|Moonblast|p2a: Corviknight
|-resisted|p2a: Corviknight
|-damage|p2a: Corviknight|25/100
|
|upkeep
|turn|71
|
|t:|1779569948
|move|p2a: Corviknight|Body Press|p1a: Clefable
|-resisted|p1a: Clefable
|-damage|p1a: Clefable|46/100
|move|p1a: Clefable|Moonblast|p2a: Corviknight
|-resisted|p2a: Corviknight
|-damage|p2a: Corviknight|0 fnt
|faint|p2a: Corviknight
|
|win|fardin
