|j|☆pokemaster3592
|j|☆Ai Turo Larping
|t:|1779671160
|gametype|singles
|player|p1|pokemaster3592|volkner|1113
|player|p2|Ai Turo Larping|chuck|1061
|gen|9
|tier|[Gen 9] OU
|rated|
|rule|HP Percentage Mod: HP is shown in percentages
|rule|Endless Battle Clause: Forcing endless battles is banned
|rule|Species Clause: Limit one of each Pokémon
|rule|OHKO Clause: OHKO moves are banned
|rule|Evasion Items Clause: Evasion items are banned
|rule|Evasion Moves Clause: Evasion moves are banned
|rule|Evasion Abilities Clause: Evasion abilities are banned
|rule|Sleep Moves Clause: Sleep-inducing moves are banned
|clearpoke
|poke|p1|Flareon, M|
|poke|p1|Azumarill, M|
|poke|p1|Bronzong|
|poke|p1|Araquanid, F|
|poke|p1|Hydreigon, M|
|poke|p1|Flygon, F|
|poke|p2|Iron Moth|
|poke|p2|Delibird, M|
|poke|p2|Iron Hands|
|poke|p2|Iron Jugulis|
|poke|p2|Iron Thorns|
|poke|p2|Iron Valiant|
|teampreview
|
|t:|1779671167
|teamsize|p1|6
|teamsize|p2|6
|start
|switch|p1a: Araquanid|Araquanid, F, shiny|100/100
|switch|p2a: iron bundle?|Delibird, M|100/100
|turn|1
|j| Taco Steve
|inactive|Battle timer is ON: inactive players will automatically lose when time's up. (requested by Ai Turo Larping)
|
|t:|1779671193
|move|p2a: iron bundle?|Spikes|p1a: Araquanid
|-sidestart|p1: pokemaster3592|Spikes
|move|p1a: Araquanid|Sticky Web|p2a: iron bundle?
|-sidestart|p2: Ai Turo Larping|move: Sticky Web
|
|upkeep
|turn|2
|
|t:|1779671204
|move|p2a: iron bundle?|Rapid Spin|p1a: Araquanid
|-damage|p1a: Araquanid|93/100
|-boost|p2a: iron bundle?|spe|1
|-damage|p2a: iron bundle?|84/100|[from] item: Rocky Helmet|[of] p1a: Araquanid
|-sideend|p2: Ai Turo Larping|Sticky Web|[from] move: Rapid Spin|[of] p2a: iron bundle?
|move|p1a: Araquanid|Liquidation|p2a: iron bundle?
|-damage|p2a: iron bundle?|24/100
|
|upkeep
|turn|3
|
|t:|1779671220
|move|p2a: iron bundle?|Endeavor|p1a: Araquanid
|-damage|p1a: Araquanid|17/100
|-damage|p2a: iron bundle?|8/100|[from] item: Rocky Helmet|[of] p1a: Araquanid
|move|p1a: Araquanid|Sticky Web|p2a: iron bundle?
|-sidestart|p2: Ai Turo Larping|move: Sticky Web
|
|upkeep
|turn|4
|
|t:|1779671236
|move|p2a: iron bundle?|Rapid Spin|p1a: Araquanid
|-damage|p1a: Araquanid|8/100
|-boost|p2a: iron bundle?|spe|1
|-damage|p2a: iron bundle?|0 fnt|[from] item: Rocky Helmet|[of] p1a: Araquanid
|faint|p2a: iron bundle?
|move|p1a: Araquanid|Sticky Web||[still]
|-fail|p1a: Araquanid
|
|upkeep
|inactive|Ai Turo Larping has 120 seconds left.
|
|t:|1779671265
|switch|p2a: Iron Moth|Iron Moth|100/100
|-activate|p2a: Iron Moth|move: Sticky Web
|-unboost|p2a: Iron Moth|spe|1
|-enditem|p2a: Iron Moth|Booster Energy
|-activate|p2a: Iron Moth|ability: Quark Drive|[fromitem]
|-start|p2a: Iron Moth|quarkdrivespa
|turn|5
|inactive|Ai Turo Larping has 120 seconds left.
|
|t:|1779671288
|move|p2a: Iron Moth|Fiery Dance|p1a: Araquanid
|-damage|p1a: Araquanid|0 fnt
|-boost|p2a: Iron Moth|spa|1
|faint|p1a: Araquanid
|
|upkeep
|inactive|pokemaster3592 has 120 seconds left.
|
|t:|1779671307
|switch|p1a: Flygon|Flygon, F|100/100
|turn|6
|
|t:|1779671319
|move|p1a: Flygon|Dragon Dance|p1a: Flygon
|-boost|p1a: Flygon|atk|1
|-boost|p1a: Flygon|spe|1
|move|p2a: Iron Moth|Sludge Wave|p1a: Flygon
|-resisted|p1a: Flygon
|-damage|p1a: Flygon|39/100
|
|upkeep
|turn|7
|
|t:|1779671323
|move|p1a: Flygon|Earthquake|p2a: Iron Moth
|-supereffective|p2a: Iron Moth
|-damage|p2a: Iron Moth|0 fnt
|faint|p2a: Iron Moth
|-end|p2a: Iron Moth|Quark Drive|[silent]
|
|upkeep
|
|t:|1779671340
|switch|p2a: Iron Jugulis|Iron Jugulis|100/100
|-enditem|p2a: Iron Jugulis|Booster Energy
|-activate|p2a: Iron Jugulis|ability: Quark Drive|[fromitem]
|-start|p2a: Iron Jugulis|quarkdrivespe
|turn|8
|
|t:|1779671355
|move|p2a: Iron Jugulis|Knock Off|p1a: Flygon
|-damage|p1a: Flygon|0 fnt
|-enditem|p1a: Flygon|Lum Berry|[from] move: Knock Off|[of] p2a: Iron Jugulis
|faint|p1a: Flygon
|
|upkeep
|
|t:|1779671360
|switch|p1a: Bronzong|Bronzong|100/100
|turn|9
|
|t:|1779671364
|-terastallize|p1a: Bronzong|Water
|move|p2a: Iron Jugulis|Knock Off|p1a: Bronzong
|-damage|p1a: Bronzong|75/100
|-enditem|p1a: Bronzong|Light Clay|[from] move: Knock Off|[of] p2a: Iron Jugulis
|move|p1a: Bronzong|Light Screen|p1a: Bronzong
|-sidestart|p1: pokemaster3592|move: Light Screen
|
|upkeep
|turn|10
|
|t:|1779671376
|move|p1a: Bronzong|Reflect|p1a: Bronzong
|-sidestart|p1: pokemaster3592|Reflect
|move|p2a: Iron Jugulis|Roar|p1a: Bronzong
|drag|p1a: Flareon|Flareon, M|100/100
|
|upkeep
|turn|11
|
|t:|1779671387
|switch|p1a: Azumarill|Azumarill, M|100/100
|-damage|p1a: Azumarill|88/100|[from] Spikes
|move|p2a: Iron Jugulis|Knock Off|p1a: Azumarill
|-resisted|p1a: Azumarill
|-damage|p1a: Azumarill|79/100
|-enditem|p1a: Azumarill|Leftovers|[from] move: Knock Off|[of] p2a: Iron Jugulis
|
|upkeep
|turn|12
|
|t:|1779671395
|move|p1a: Azumarill|Perish Song|p1a: Azumarill
|-start|p1a: Azumarill|perish3|[silent]
|-start|p2a: Iron Jugulis|perish3|[silent]
|-fieldactivate|move: Perish Song
|move|p2a: Iron Jugulis|Roar|p1a: Azumarill
|drag|p1a: Hydreigon|Hydreigon, M|100/100
|
|-start|p2a: Iron Jugulis|perish3
|upkeep
|turn|13
|
|t:|1779671406
|switch|p1a: Azumarill|Azumarill, M|79/100
|-damage|p1a: Azumarill|67/100|[from] Spikes
|move|p2a: Iron Jugulis|Knock Off|p1a: Azumarill
|-resisted|p1a: Azumarill
|-damage|p1a: Azumarill|61/100
|
|-start|p2a: Iron Jugulis|perish2
|-sideend|p1: pokemaster3592|move: Light Screen
|upkeep
|turn|14
|
|t:|1779671413
|move|p1a: Azumarill|Whirlpool|p2a: Iron Jugulis
|-damage|p2a: Iron Jugulis|90/100
|-activate|p2a: Iron Jugulis|move: Whirlpool|[of] p1a: Azumarill
|move|p2a: Iron Jugulis|Roar|p1a: Azumarill
|drag|p1a: Flareon|Flareon, M|100/100
|
|-end|p2a: Iron Jugulis|Whirlpool|[partiallytrapped]|[silent]
|-start|p2a: Iron Jugulis|perish1
|-sideend|p1: pokemaster3592|Reflect
|upkeep
|turn|15
|
|t:|1779671437
|-end|p2a: Iron Jugulis|Quark Drive|[silent]
|switch|p2a: Iron Hands|Iron Hands|100/100
|-activate|p2a: Iron Hands|move: Sticky Web
|-unboost|p2a: Iron Hands|spe|1
|switch|p1a: Azumarill|Azumarill, M|61/100
|-damage|p1a: Azumarill|49/100|[from] Spikes
|
|upkeep
|turn|16
|
|t:|1779671448
|switch|p1a: Bronzong|Bronzong, tera:Water|75/100
|move|p2a: Iron Hands|Wild Charge|p1a: Bronzong
|-supereffective|p1a: Bronzong
|-damage|p1a: Bronzong|17/100
|-damage|p2a: Iron Hands|89/100|[from] Recoil
|
|-heal|p2a: Iron Hands|96/100|[from] item: Leftovers
|upkeep
|turn|17
|
|t:|1779671454
|move|p2a: Iron Hands|Substitute|p2a: Iron Hands
|-start|p2a: Iron Hands|Substitute
|-damage|p2a: Iron Hands|71/100
|move|p1a: Bronzong|Reflect|p1a: Bronzong
|-sidestart|p1: pokemaster3592|Reflect
|
|-heal|p2a: Iron Hands|77/100|[from] item: Leftovers
|upkeep
|turn|18
|
|t:|1779671460
|move|p2a: Iron Hands|Drain Punch|p1a: Bronzong
|-damage|p1a: Bronzong|5/100
|-heal|p2a: Iron Hands|81/100|[from] drain|[of] p1a: Bronzong
|move|p1a: Bronzong|Light Screen|p1a: Bronzong
|-sidestart|p1: pokemaster3592|move: Light Screen
|
|-heal|p2a: Iron Hands|88/100|[from] item: Leftovers
|upkeep
|turn|19
|
|t:|1779671469
|move|p2a: Iron Hands|Drain Punch|p1a: Bronzong
|-crit|p1a: Bronzong
|-damage|p1a: Bronzong|0 fnt
|-heal|p2a: Iron Hands|89/100|[from] drain|[of] p1a: Bronzong
|faint|p1a: Bronzong
|
|-heal|p2a: Iron Hands|96/100|[from] item: Leftovers
|upkeep
|
|t:|1779671471
|switch|p1a: Azumarill|Azumarill, M|49/100
|-damage|p1a: Azumarill|36/100|[from] Spikes
|turn|20
|
|t:|1779671474
|move|p1a: Azumarill|Belly Drum||[still]
|-fail|p1a: Azumarill
|move|p2a: Iron Hands|Wild Charge|p1a: Azumarill
|-supereffective|p1a: Azumarill
|-damage|p1a: Azumarill|0 fnt
|faint|p1a: Azumarill
|-damage|p2a: Iron Hands|88/100|[from] Recoil
|
|-heal|p2a: Iron Hands|94/100|[from] item: Leftovers
|upkeep
|
|t:|1779671478
|switch|p1a: Flareon|Flareon, M|100/100
|turn|21
|
|t:|1779671480
|-singleturn|p2a: Iron Hands|move: Focus Punch
|move|p1a: Flareon|Copycat|p1a: Flareon
|move|p1a: Flareon|Wild Charge|p2a: Iron Hands|[from] move: Copycat
|-resisted|p2a: Iron Hands
|-activate|p2a: Iron Hands|move: Substitute|[damage]
|-damage|p1a: Flareon|97/100|[from] Recoil|[of] p2a: Iron Hands
|move|p2a: Iron Hands|Focus Punch|p1a: Flareon
|-damage|p1a: Flareon|26/100
|
|-heal|p2a: Iron Hands|99/100|[from] item: Leftovers
|-sideend|p1: pokemaster3592|Reflect
|upkeep
|turn|22
|inactive|pokemaster3592 has 120 seconds left.
|inactive|pokemaster3592 has 90 seconds left.
|
|t:|1779671542
|-singleturn|p2a: Iron Hands|move: Focus Punch
|move|p1a: Flareon|Flare Blitz|p2a: Iron Hands
|-end|p2a: Iron Hands|Substitute
|-damage|p1a: Flareon|17/100|[from] Recoil|[of] p2a: Iron Hands
|move|p2a: Iron Hands|Focus Punch|p1a: Flareon
|-damage|p1a: Flareon|0 fnt
|faint|p1a: Flareon
|
|-heal|p2a: Iron Hands|100/100|[from] item: Leftovers
|-sideend|p1: pokemaster3592|move: Light Screen
|upkeep
|
|t:|1779671545
|switch|p1a: Hydreigon|Hydreigon, M|100/100
|turn|23
|
|t:|1779671551
|move|p1a: Hydreigon|Flamethrower|p2a: Iron Hands
|-damage|p2a: Iron Hands|63/100
|move|p2a: Iron Hands|Drain Punch|p1a: Hydreigon
|-supereffective|p1a: Hydreigon
|-crit|p1a: Hydreigon
|-damage|p1a: Hydreigon|0 fnt
|-heal|p2a: Iron Hands|99/100|[from] drain|[of] p1a: Hydreigon
|faint|p1a: Hydreigon
|
|win|Ai Turo Larping
|raw|pokemaster3592's rating: 1113 &rarr; <strong>1084</strong><br />(-29 for losing)
|raw|Ai Turo Larping's rating: 1061 &rarr; <strong>1096</strong><br />(+35 for winning)
|l|☆Ai Turo Larping
|player|p2|
|l|☆pokemaster3592
|player|p1|
|l| Taco Steve
