|j|☆MrsDelacerna
|j|☆Fear covraa
|t:|1779570865
|gametype|singles
|player|p1|MrsDelacerna|lucas|1319
|player|p2|Fear covraa|waiter-gen4|1305
|gen|9
|tier|[Gen 9] OU
|rated|
|rule|HP Percentage Mod: HP is shown in percentages
|rule|Endless Battle Clause: Forcing endless battles is banned
|rule|Species Clause: Limit one of each Pokémon
|rule|OHKO Clause: OHKO moves are banned
|rule|Evasion Items Clause: Evasion items are banned
|rule|Evasion Moves Clause: Evasion moves are banned
|rule|Evasion Abilities Clause: Evasion abilities are banned
|rule|Sleep Moves Clause: Sleep-inducing moves are banned
|clearpoke
|poke|p1|Grimmsnarl, M|
|poke|p1|Kommo-o, F|
|poke|p1|Gholdengo|
|poke|p1|Dragapult, M|
|poke|p1|Scizor, F|
|poke|p1|Kingambit, F|
|poke|p2|Ceruledge, M|
|poke|p2|Thundurus, M|
|poke|p2|Polteageist-Antique|
|poke|p2|Glimmora, M|
|poke|p2|Darkrai|
|poke|p2|Zamazenta-*|
|teampreview
|inactive|Battle timer is ON: inactive players will automatically lose when time's up. (requested by Fear covraa)
|
|t:|1779570892
|teamsize|p1|6
|teamsize|p2|6
|start
|switch|p1a: Grimmsnarl|Grimmsnarl, M|100/100
|switch|p2a: Glimmora|Glimmora, M|100/100
|turn|1
|
|t:|1779570899
|move|p1a: Grimmsnarl|Taunt|p2a: Glimmora
|-start|p2a: Glimmora|move: Taunt
|cant|p2a: Glimmora|move: Taunt|Stealth Rock
|
|upkeep
|turn|2
|
|t:|1779570912
|move|p1a: Grimmsnarl|Parting Shot|p2a: Glimmora
|-unboost|p2a: Glimmora|atk|1
|-unboost|p2a: Glimmora|spa|1
|
|t:|1779570915
|switch|p1a: Gholdengo|Gholdengo|100/100|[from] Parting Shot
|-item|p1a: Gholdengo|Air Balloon
|move|p2a: Glimmora|Mortal Spin|p1a: Gholdengo
|-immune|p1a: Gholdengo
|
|upkeep
|turn|3
|
|t:|1779570927
|switch|p2a: Ceruledge|Ceruledge, M|100/100
|move|p1a: Gholdengo|Make It Rain|p2a: Ceruledge
|-resisted|p2a: Ceruledge
|-damage|p2a: Ceruledge|62/100
|-unboost|p1a: Gholdengo|spa|1
|
|upkeep
|turn|4
|
|t:|1779570948
|switch|p1a: Dragapult|Dragapult, M|100/100
|move|p2a: Ceruledge|Bitter Blade|p1a: Dragapult
|-resisted|p1a: Dragapult
|-damage|p1a: Dragapult|68/100
|-heal|p2a: Ceruledge|80/100|[from] drain|[of] p1a: Dragapult
|
|upkeep
|turn|5
|
|t:|1779570958
|move|p2a: Ceruledge|Shadow Sneak|p1a: Dragapult
|-supereffective|p1a: Dragapult
|-damage|p1a: Dragapult|15/100
|move|p1a: Dragapult|Shadow Ball|p2a: Ceruledge
|-supereffective|p2a: Ceruledge
|-damage|p2a: Ceruledge|0 fnt
|faint|p2a: Ceruledge
|
|upkeep
|
|t:|1779570962
|switch|p2a: Glimmora|Glimmora, M|100/100
|turn|6
|
|t:|1779570976
|move|p1a: Dragapult|U-turn|p2a: Glimmora
|-resisted|p2a: Glimmora
|-damage|p2a: Glimmora|92/100
|-activate|p2a: Glimmora|ability: Toxic Debris
|-sidestart|p1: MrsDelacerna|move: Toxic Spikes
|
|t:|1779570982
|switch|p1a: Gholdengo|Gholdengo|100/100|[from] U-turn
|-item|p1a: Gholdengo|Air Balloon
|move|p2a: Glimmora|Stealth Rock|p1a: Gholdengo
|-sidestart|p1: MrsDelacerna|move: Stealth Rock
|
|upkeep
|turn|7
|
|t:|1779570999
|move|p2a: Glimmora|Memento|p1a: Gholdengo
|-immune|p1a: Gholdengo|[from] ability: Good as Gold
|move|p1a: Gholdengo|Make It Rain|p2a: Glimmora
|-supereffective|p2a: Glimmora
|-damage|p2a: Glimmora|0 fnt
|-unboost|p1a: Gholdengo|spa|1
|faint|p2a: Glimmora
|
|upkeep
|
|t:|1779571009
|switch|p2a: Polteageist|Polteageist-Antique|100/100
|turn|8
|
|t:|1779571019
|move|p1a: Gholdengo|Shadow Ball|p2a: Polteageist
|-supereffective|p2a: Polteageist
|-damage|p2a: Polteageist|29/100
|move|p2a: Polteageist|Shell Smash|p2a: Polteageist
|-unboost|p2a: Polteageist|def|1
|-unboost|p2a: Polteageist|spd|1
|-boost|p2a: Polteageist|atk|2
|-boost|p2a: Polteageist|spa|2
|-boost|p2a: Polteageist|spe|2
|
|upkeep
|turn|9
|
|t:|1779571034
|-terastallize|p1a: Gholdengo|Flying
|move|p2a: Polteageist|Giga Drain|p1a: Gholdengo
|-resisted|p1a: Gholdengo
|-damage|p1a: Gholdengo|64/100
|-heal|p2a: Polteageist|51/100|[from] drain|[of] p1a: Gholdengo
|-enditem|p1a: Gholdengo|Air Balloon
|move|p1a: Gholdengo|Shadow Ball|p2a: Polteageist
|-supereffective|p2a: Polteageist
|-damage|p2a: Polteageist|0 fnt
|faint|p2a: Polteageist
|
|upkeep
|
|t:|1779571042
|switch|p2a: Darkrai|Darkrai|100/100
|turn|10
|
|t:|1779571053
|switch|p1a: Scizor|Scizor, F|100/100
|-damage|p1a: Scizor|88/100|[from] Stealth Rock
|move|p2a: Darkrai|Ice Beam|p1a: Scizor
|-resisted|p1a: Scizor
|-damage|p1a: Scizor|70/100
|
|upkeep
|turn|11
|
|t:|1779571062
|move|p2a: Darkrai|Dark Pulse|p1a: Scizor
|-crit|p1a: Scizor
|-damage|p1a: Scizor|0 fnt
|faint|p1a: Scizor
|
|upkeep
|c|☆MrsDelacerna|Why everyone has zöday so many crits
|
|t:|1779571091
|switch|p1a: Grimmsnarl|Grimmsnarl, M|100/100
|-status|p1a: Grimmsnarl|psn
|-damage|p1a: Grimmsnarl|88/100 psn|[from] Stealth Rock
|turn|12
|
|t:|1779571096
|move|p1a: Grimmsnarl|Light Screen|p1a: Grimmsnarl
|-sidestart|p1: MrsDelacerna|move: Light Screen
|move|p2a: Darkrai|Nasty Plot|p2a: Darkrai
|-boost|p2a: Darkrai|spa|2
|
|-damage|p1a: Grimmsnarl|76/100 psn|[from] psn
|upkeep
|turn|13
|c|☆Fear covraa|Idl
|
|t:|1779571111
|switch|p1a: Kingambit|Kingambit, F|100/100
|-damage|p1a: Kingambit|94/100|[from] Stealth Rock
|-activate|p1a: Kingambit|ability: Supreme Overlord
|-start|p1a: Kingambit|fallen1|[silent]
|move|p2a: Darkrai|Sludge Bomb|p1a: Kingambit
|-immune|p1a: Kingambit
|
|upkeep
|turn|14
|
|t:|1779571122
|move|p2a: Darkrai|Dark Pulse|p1a: Kingambit
|-resisted|p1a: Kingambit
|-damage|p1a: Kingambit|74/100
|move|p1a: Kingambit|Iron Head|p2a: Darkrai
|-damage|p2a: Darkrai|31/100
|
|upkeep
|turn|15
|
|t:|1779571132
|move|p2a: Darkrai|Dark Pulse|p1a: Kingambit
|-resisted|p1a: Kingambit
|-damage|p1a: Kingambit|53/100
|move|p1a: Kingambit|Iron Head|p2a: Darkrai
|-damage|p2a: Darkrai|0 fnt
|faint|p2a: Darkrai
|
|upkeep
|
|t:|1779571137
|switch|p2a: Zamazenta|Zamazenta|100/100
|-ability|p2a: Zamazenta|Dauntless Shield|boost
|-boost|p2a: Zamazenta|def|1
|turn|16
|
|t:|1779571149
|-end|p1a: Kingambit|fallen1|[silent]
|switch|p1a: Grimmsnarl|Grimmsnarl, M|76/100 psn
|-damage|p1a: Grimmsnarl|63/100 psn|[from] Stealth Rock
|move|p2a: Zamazenta|Iron Defense|p2a: Zamazenta
|-boost|p2a: Zamazenta|def|2
|
|-damage|p1a: Grimmsnarl|51/100 psn|[from] psn
|upkeep
|turn|17
|
|t:|1779571160
|move|p1a: Grimmsnarl|Taunt|p2a: Zamazenta
|-start|p2a: Zamazenta|move: Taunt
|move|p2a: Zamazenta|Body Press|p1a: Grimmsnarl
|-damage|p1a: Grimmsnarl|0 fnt
|faint|p1a: Grimmsnarl
|
|upkeep
|
|t:|1779571173
|switch|p1a: Gholdengo|Gholdengo, tera:Flying|64/100
|-damage|p1a: Gholdengo|39/100|[from] Stealth Rock
|turn|18
|
|t:|1779571183
|move|p2a: Zamazenta|Body Press|p1a: Gholdengo
|-resisted|p1a: Gholdengo
|-damage|p1a: Gholdengo|0 fnt
|faint|p1a: Gholdengo
|
|upkeep
|
|t:|1779571191
|switch|p1a: Kommo-o|Kommo-o, F|100/100
|-status|p1a: Kommo-o|psn
|-damage|p1a: Kommo-o|94/100 psn|[from] Stealth Rock
|turn|19
|c|☆Fear covraa|I knew Zama was gonna sweep just had to get ‘em in positoon
|
|t:|1779571208
|move|p2a: Zamazenta|Body Press|p1a: Kommo-o
|-damage|p1a: Kommo-o|0 fnt
|faint|p1a: Kommo-o
|
|-end|p2a: Zamazenta|move: Taunt
|-sideend|p1: MrsDelacerna|move: Light Screen
|upkeep
|
|t:|1779571218
|switch|p1a: Dragapult|Dragapult, M|15/100
|-status|p1a: Dragapult|psn
|-damage|p1a: Dragapult|3/100 psn|[from] Stealth Rock
|turn|20
|
|t:|1779571223
|switch|p2a: Thundurus|Thundurus, M|100/100
|move|p1a: Dragapult|Draco Meteor|p2a: Thundurus
|-damage|p2a: Thundurus|24/100
|-unboost|p1a: Dragapult|spa|2
|
|-damage|p1a: Dragapult|0 fnt|[from] psn
|faint|p1a: Dragapult
|upkeep
|
|t:|1779571233
|switch|p1a: Kingambit|Kingambit, F|53/100
|-damage|p1a: Kingambit|47/100|[from] Stealth Rock
|-activate|p1a: Kingambit|ability: Supreme Overlord
|-start|p1a: Kingambit|fallen5|[silent]
|turn|21
|
|t:|1779571241
|move|p1a: Kingambit|Sucker Punch||[still]
|-fail|p1a: Kingambit
|move|p2a: Thundurus|Agility|p2a: Thundurus
|-boost|p2a: Thundurus|spe|2
|
|upkeep
|turn|22
|
|t:|1779571248
|move|p2a: Thundurus|Agility|p2a: Thundurus
|-boost|p2a: Thundurus|spe|2
|move|p1a: Kingambit|Swords Dance|p1a: Kingambit
|-boost|p1a: Kingambit|atk|2
|-enditem|p2a: Thundurus|Mirror Herb
|-boost|p2a: Thundurus|atk|2|[from] item: Mirror Herb
|
|upkeep
|turn|23
|
|t:|1779571258
|move|p1a: Kingambit|Sucker Punch|p2a: Thundurus
|-damage|p2a: Thundurus|0 fnt
|faint|p2a: Thundurus
|
|upkeep
|
|t:|1779571259
|switch|p2a: Zamazenta|Zamazenta|100/100
|turn|24
|
|t:|1779571265
|move|p2a: Zamazenta|Body Press|p1a: Kingambit
|-supereffective|p1a: Kingambit
|-damage|p1a: Kingambit|0 fnt
|faint|p1a: Kingambit
|-end|p1a: Kingambit|fallen5|[silent]
|
|win|Fear covraa
|raw|MrsDelacerna's rating: 1319 &rarr; <strong>1298</strong><br />(-21 for losing)
|raw|Fear covraa's rating: 1305 &rarr; <strong>1326</strong><br />(+21 for winning)
|l|☆Fear covraa
|player|p2|
|l|☆MrsDelacerna
|player|p1|
