|j|☆bundyx
|j|☆Five Knight
|t:|1779715602
|gametype|singles
|player|p1|bundyx|worker|1119
|player|p2|Five Knight|red|1108
|gen|9
|tier|[Gen 9] OU
|rated|
|rule|HP Percentage Mod: HP is shown in percentages
|rule|Endless Battle Clause: Forcing endless battles is banned
|rule|Species Clause: Limit one of each Pokémon
|rule|OHKO Clause: OHKO moves are banned
|rule|Evasion Items Clause: Evasion items are banned
|rule|Evasion Moves Clause: Evasion moves are banned
|rule|Evasion Abilities Clause: Evasion abilities are banned
|rule|Sleep Moves Clause: Sleep-inducing moves are banned
|clearpoke
|poke|p1|Pelipper, F|
|poke|p1|Gliscor, F|
|poke|p1|Iron Valiant|
|poke|p1|Kingambit, F|
|poke|p1|Greninja-*, M|
|poke|p1|Raging Bolt|
|poke|p2|Charizard, M|
|poke|p2|Greninja-*, M|
|poke|p2|Lucario, M|
|poke|p2|Gardevoir, F|
|poke|p2|Ampharos, M|
|poke|p2|Garchomp, M|
|teampreview
|inactive|Battle timer is ON: inactive players will automatically lose when time's up. (requested by Five Knight)
|
|t:|1779715612
|teamsize|p1|6
|teamsize|p2|6
|start
|switch|p1a: Gliscor|Gliscor, F|100/100
|switch|p2a: Garchomp|Garchomp, M|100/100
|turn|1
|
|t:|1779715622
|move|p1a: Gliscor|Protect|p1a: Gliscor
|-singleturn|p1a: Gliscor|Protect
|move|p2a: Garchomp|Stealth Rock|p1a: Gliscor
|-sidestart|p1: bundyx|move: Stealth Rock
|
|-status|p1a: Gliscor|tox|[from] item: Toxic Orb
|upkeep
|turn|2
|
|t:|1779715629
|switch|p2a: Greninja|Greninja, M|100/100
|move|p1a: Gliscor|Toxic|p2a: Greninja
|-status|p2a: Greninja|tox
|
|-damage|p2a: Greninja|95/100 tox|[from] psn
|upkeep
|turn|3
|
|t:|1779715641
|move|p1a: Gliscor|Protect|p1a: Gliscor
|-singleturn|p1a: Gliscor|Protect
|move|p2a: Greninja|Ice Beam|p1a: Gliscor
|-start|p2a: Greninja|typechange|Ice|[from] ability: Protean
|-activate|p1a: Gliscor|move: Protect
|
|-damage|p2a: Greninja|83/100 tox|[from] psn
|upkeep
|turn|4
|
|t:|1779715665
|switch|p1a: Pelipper|Pelipper, F, shiny|100/100
|-damage|p1a: Pelipper|76/100|[from] Stealth Rock
|-weather|RainDance|[from] ability: Drizzle|[of] p1a: Pelipper
|move|p2a: Greninja|Ice Beam|p1a: Pelipper
|-damage|p1a: Pelipper|5/100
|
|-weather|RainDance|[upkeep]
|-damage|p2a: Greninja|65/100 tox|[from] psn
|upkeep
|turn|5
|
|t:|1779715685
|move|p2a: Greninja|Ice Beam|p1a: Pelipper
|-damage|p1a: Pelipper|0 fnt
|faint|p1a: Pelipper
|
|-weather|RainDance|[upkeep]
|-damage|p2a: Greninja|41/100 tox|[from] psn
|upkeep
|inactive|bundyx has 120 seconds left.
|
|t:|1779715706
|switch|p1a: Greninja|Greninja, M|100/100
|-damage|p1a: Greninja|88/100|[from] Stealth Rock
|turn|6
|
|t:|1779715718
|switch|p2a: Ampharos|Ampharos, M|100/100
|move|p1a: Greninja|Water Shuriken|p2a: Ampharos
|-damage|p2a: Ampharos|93/100
|-damage|p2a: Ampharos|86/100
|-damage|p2a: Ampharos|80/100
|-damage|p2a: Ampharos|73/100
|-damage|p2a: Ampharos|67/100
|-hitcount|p2a: Ampharos|5
|
|-weather|RainDance|[upkeep]
|upkeep
|turn|7
|
|t:|1779715737
|switch|p1a: Gliscor|Gliscor, F|100/100 tox
|-damage|p1a: Gliscor|88/100 tox|[from] Stealth Rock
|move|p2a: Ampharos|Thunderbolt|p1a: Gliscor
|-immune|p1a: Gliscor
|
|-weather|RainDance|[upkeep]
|-heal|p1a: Gliscor|100/100 tox|[from] ability: Poison Heal
|upkeep
|turn|8
|
|t:|1779715753
|move|p1a: Gliscor|Toxic|p2a: Ampharos
|-status|p2a: Ampharos|tox
|move|p2a: Ampharos|Dragon Pulse|p1a: Gliscor
|-damage|p1a: Gliscor|68/100 tox
|
|-weather|RainDance|[upkeep]
|-heal|p1a: Gliscor|80/100 tox|[from] ability: Poison Heal
|-damage|p2a: Ampharos|61/100 tox|[from] psn
|upkeep
|turn|9
|
|t:|1779715764
|move|p1a: Gliscor|Stealth Rock|p2a: Ampharos
|-sidestart|p2: Five Knight|move: Stealth Rock
|move|p2a: Ampharos|Dragon Pulse|p1a: Gliscor
|-damage|p1a: Gliscor|48/100 tox
|
|-weather|RainDance|[upkeep]
|-heal|p1a: Gliscor|61/100 tox|[from] ability: Poison Heal
|-damage|p2a: Ampharos|49/100 tox|[from] psn
|upkeep
|turn|10
|
|t:|1779715773
|move|p1a: Gliscor|Protect|p1a: Gliscor
|-singleturn|p1a: Gliscor|Protect
|move|p2a: Ampharos|Dragon Pulse|p1a: Gliscor
|-activate|p1a: Gliscor|move: Protect
|
|-weather|RainDance|[upkeep]
|-heal|p1a: Gliscor|73/100 tox|[from] ability: Poison Heal
|-damage|p2a: Ampharos|31/100 tox|[from] psn
|upkeep
|turn|11
|
|t:|1779715782
|switch|p2a: Greninja|Greninja, M|41/100 tox
|-damage|p2a: Greninja|29/100 tox|[from] Stealth Rock
|move|p1a: Gliscor|Knock Off|p2a: Greninja
|-resisted|p2a: Greninja
|-damage|p2a: Greninja|10/100 tox
|-enditem|p2a: Greninja|Choice Specs|[from] move: Knock Off|[of] p1a: Gliscor
|
|-weather|none
|-damage|p2a: Greninja|4/100 tox|[from] psn
|-heal|p1a: Gliscor|86/100 tox|[from] ability: Poison Heal
|upkeep
|turn|12
|inactive|bundyx has 120 seconds left.
|
|t:|1779715793
|move|p1a: Gliscor|Protect|p1a: Gliscor
|-singleturn|p1a: Gliscor|Protect
|move|p2a: Greninja|Ice Beam|p1a: Gliscor
|-start|p2a: Greninja|typechange|Ice|[from] ability: Protean
|-activate|p1a: Gliscor|move: Protect
|
|-damage|p2a: Greninja|0 fnt|[from] psn
|faint|p2a: Greninja
|-heal|p1a: Gliscor|98/100 tox|[from] ability: Poison Heal
|upkeep
|
|t:|1779715800
|switch|p2a: Garchomp|Garchomp, M|100/100
|-damage|p2a: Garchomp|94/100|[from] Stealth Rock
|turn|13
|
|t:|1779715808
|move|p2a: Garchomp|Draco Meteor|p1a: Gliscor
|-crit|p1a: Gliscor
|-damage|p1a: Gliscor|42/100 tox
|-unboost|p2a: Garchomp|spa|2
|move|p1a: Gliscor|Toxic|p2a: Garchomp
|-status|p2a: Garchomp|tox
|
|-damage|p2a: Garchomp|88/100 tox|[from] psn
|-heal|p1a: Gliscor|54/100 tox|[from] ability: Poison Heal
|upkeep
|turn|14
|
|t:|1779715822
|move|p2a: Garchomp|Draco Meteor|p1a: Gliscor
|-damage|p1a: Gliscor|35/100 tox
|-unboost|p2a: Garchomp|spa|2
|move|p1a: Gliscor|Knock Off|p2a: Garchomp
|-damage|p2a: Garchomp|74/100 tox
|-damage|p1a: Gliscor|23/100 tox|[from] ability: Rough Skin|[of] p2a: Garchomp
|-damage|p1a: Gliscor|6/100 tox|[from] item: Rocky Helmet|[of] p2a: Garchomp
|-enditem|p2a: Garchomp|Rocky Helmet|[from] move: Knock Off|[of] p1a: Gliscor
|
|-damage|p2a: Garchomp|61/100 tox|[from] psn
|-heal|p1a: Gliscor|18/100 tox|[from] ability: Poison Heal
|upkeep
|turn|15
|
|t:|1779715837
|move|p1a: Gliscor|Protect|p1a: Gliscor
|-singleturn|p1a: Gliscor|Protect
|move|p2a: Garchomp|Fire Fang|p1a: Gliscor
|-activate|p1a: Gliscor|move: Protect
|
|-damage|p2a: Garchomp|43/100 tox|[from] psn
|-heal|p1a: Gliscor|31/100 tox|[from] ability: Poison Heal
|upkeep
|turn|16
|inactive|bundyx has 120 seconds left.
|
|t:|1779715863
|switch|p1a: Iron Valiant|Iron Valiant|100/100
|-damage|p1a: Iron Valiant|94/100|[from] Stealth Rock
|-enditem|p1a: Iron Valiant|Booster Energy
|-activate|p1a: Iron Valiant|ability: Quark Drive|[fromitem]
|-start|p1a: Iron Valiant|quarkdrivespe
|move|p2a: Garchomp|Fire Fang|p1a: Iron Valiant
|-damage|p1a: Iron Valiant|68/100
|
|-damage|p2a: Garchomp|18/100 tox|[from] psn
|upkeep
|turn|17
|
|t:|1779715887
|switch|p2a: Lucario|Lucario, M|100/100
|-damage|p2a: Lucario|98/100|[from] Stealth Rock
|move|p1a: Iron Valiant|Moonblast|p2a: Lucario
|-damage|p2a: Lucario|27/100
|
|upkeep
|turn|18
|
|t:|1779715897
|-terastallize|p2a: Lucario|Steel
|move|p1a: Iron Valiant|Moonblast|p2a: Lucario
|-resisted|p2a: Lucario
|-damage|p2a: Lucario|0 fnt
|faint|p2a: Lucario
|
|upkeep
|
|t:|1779715912
|switch|p2a: Gardevoir|Gardevoir, F|100/100
|-damage|p2a: Gardevoir|88/100|[from] Stealth Rock
|turn|19
|
|t:|1779715926
|move|p1a: Iron Valiant|Knock Off|p2a: Gardevoir
|-damage|p2a: Gardevoir|40/100
|-enditem|p2a: Gardevoir|Choice Scarf|[from] move: Knock Off|[of] p1a: Iron Valiant
|move|p2a: Gardevoir|Moonblast|p1a: Iron Valiant
|-supereffective|p1a: Iron Valiant
|-damage|p1a: Iron Valiant|0 fnt
|faint|p1a: Iron Valiant
|-end|p1a: Iron Valiant|Quark Drive|[silent]
|
|upkeep
|
|t:|1779715937
|switch|p1a: Gliscor|Gliscor, F|31/100 tox
|-ability|p2a: Gardevoir|Poison Heal|Trace|[from] ability: Trace|[of] p1a: Gliscor
|-damage|p1a: Gliscor|18/100 tox|[from] Stealth Rock
|turn|20
|
|t:|1779715946
|move|p1a: Gliscor|Protect|p1a: Gliscor
|-singleturn|p1a: Gliscor|Protect
|move|p2a: Gardevoir|Moonblast|p1a: Gliscor
|-activate|p1a: Gliscor|move: Protect
|
|-heal|p1a: Gliscor|31/100 tox|[from] ability: Poison Heal
|upkeep
|turn|21
|inactive|bundyx has 90 seconds left.
|
|t:|1779715977
|switch|p1a: Kingambit|Kingambit, F|100/100
|-damage|p1a: Kingambit|94/100|[from] Stealth Rock
|-activate|p1a: Kingambit|ability: Supreme Overlord
|-start|p1a: Kingambit|fallen2|[silent]
|move|p2a: Gardevoir|Moonblast|p1a: Kingambit
|-damage|p1a: Kingambit|51/100
|-unboost|p1a: Kingambit|spa|1
|
|upkeep
|turn|22
|inactive|bundyx has 90 seconds left.
|inactive|Five Knight has 120 seconds left.
|-message|Five Knight forfeited.
|
|win|bundyx
|raw|bundyx's rating: 1119 &rarr; <strong>1143</strong><br />(+24 for winning)
|raw|Five Knight's rating: 1108 &rarr; <strong>1084</strong><br />(-24 for losing)
|l|☆Five Knight
|player|p2|
|l|☆bundyx
|player|p1|
