|j|☆respectmydih
|j|☆Veeriscared
|t:|1779718191
|gametype|singles
|player|p1|respectmydih|blue|1186
|player|p2|Veeriscared|265|1268
|gen|9
|tier|[Gen 9] OU
|rated|
|rule|HP Percentage Mod: HP is shown in percentages
|rule|Endless Battle Clause: Forcing endless battles is banned
|rule|Species Clause: Limit one of each Pokémon
|rule|OHKO Clause: OHKO moves are banned
|rule|Evasion Items Clause: Evasion items are banned
|rule|Evasion Moves Clause: Evasion moves are banned
|rule|Evasion Abilities Clause: Evasion abilities are banned
|rule|Sleep Moves Clause: Sleep-inducing moves are banned
|clearpoke
|poke|p1|Pecharunt|
|poke|p1|Maushold-Four|
|poke|p1|Ogerpon-Wellspring, F|
|poke|p1|Perrserker, M|
|poke|p1|Raging Bolt|
|poke|p1|Kingambit, F|
|poke|p2|Forretress, M|
|poke|p2|Dragapult, M|
|poke|p2|Hitmonlee, M|
|poke|p2|Mamoswine, F|
|poke|p2|Noivern, M|
|poke|p2|Scizor, F|
|teampreview
|inactive|Battle timer is ON: inactive players will automatically lose when time's up. (requested by Veeriscared)
|
|t:|1779718207
|teamsize|p1|6
|teamsize|p2|6
|start
|switch|p1a: mice|Maushold-Four|100/100
|switch|p2a: Noivern|Noivern, M|100/100
|-item|p1a: mice|Wide Lens|[from] ability: Frisk|[of] p2a: Noivern
|turn|1
|
|t:|1779718215
|move|p1a: mice|Population Bomb|p2a: Noivern
|-crit|p2a: Noivern
|-damage|p2a: Noivern|79/100
|-damage|p2a: Noivern|65/100
|-damage|p2a: Noivern|50/100
|-hitcount|p2a: Noivern|3
|-enditem|p2a: Noivern|Eject Button
|
|t:|1779718225
|switch|p2a: Hitmonlee|Hitmonlee, M|100/100
|
|upkeep
|turn|2
|
|t:|1779718230
|move|p2a: Hitmonlee|Endure|p2a: Hitmonlee
|-singleturn|p2a: Hitmonlee|move: Endure
|move|p1a: mice|Population Bomb|p2a: Hitmonlee
|-damage|p2a: Hitmonlee|76/100
|-damage|p2a: Hitmonlee|50/100
|-damage|p2a: Hitmonlee|25/100
|-enditem|p2a: Hitmonlee|Liechi Berry|[eat]
|-boost|p2a: Hitmonlee|atk|1|[from] item: Liechi Berry
|-activate|p2a: Hitmonlee|move: Endure
|-damage|p2a: Hitmonlee|1/100
|-activate|p2a: Hitmonlee|move: Endure
|-damage|p2a: Hitmonlee|1/100
|-activate|p2a: Hitmonlee|move: Endure
|-damage|p2a: Hitmonlee|1/100
|-activate|p2a: Hitmonlee|move: Endure
|-damage|p2a: Hitmonlee|1/100
|-activate|p2a: Hitmonlee|move: Endure
|-damage|p2a: Hitmonlee|1/100
|-activate|p2a: Hitmonlee|move: Endure
|-damage|p2a: Hitmonlee|1/100
|-activate|p2a: Hitmonlee|move: Endure
|-damage|p2a: Hitmonlee|1/100
|-hitcount|p2a: Hitmonlee|10
|
|upkeep
|turn|3
|
|t:|1779718250
|move|p2a: Hitmonlee|Reversal|p1a: mice
|-supereffective|p1a: mice
|-damage|p1a: mice|0 fnt
|faint|p1a: mice
|
|upkeep
|
|t:|1779718260
|switch|p1a: Abith|Ogerpon-Wellspring, F|100/100
|turn|4
|
|t:|1779718266
|move|p2a: Hitmonlee|Reversal|p1a: Abith
|-damage|p1a: Abith|0 fnt
|faint|p1a: Abith
|
|upkeep
|
|t:|1779718272
|switch|p1a: giraffe|Raging Bolt|100/100
|-enditem|p1a: giraffe|Booster Energy
|-activate|p1a: giraffe|ability: Protosynthesis|[fromitem]
|-start|p1a: giraffe|protosynthesisspa
|turn|5
|
|t:|1779718277
|move|p2a: Hitmonlee|Endure|p2a: Hitmonlee
|-singleturn|p2a: Hitmonlee|move: Endure
|move|p1a: giraffe|Thunderclap||[still]
|-fail|p1a: giraffe
|
|upkeep
|turn|6
|
|t:|1779718283
|move|p2a: Hitmonlee|Upper Hand|p1a: giraffe
|-damage|p1a: giraffe|61/100
|cant|p1a: giraffe|flinch
|
|upkeep
|turn|7
|
|t:|1779718287
|move|p2a: Hitmonlee|Upper Hand||[still]
|-fail|p2a: Hitmonlee
|move|p1a: giraffe|Thunderbolt|p2a: Hitmonlee
|-damage|p2a: Hitmonlee|0 fnt
|faint|p2a: Hitmonlee
|
|upkeep
|
|t:|1779718292
|switch|p2a: Noivern|Noivern, M|50/100
|turn|8
|
|t:|1779718295
|move|p2a: Noivern|Flamethrower|p1a: giraffe
|-resisted|p1a: giraffe
|-damage|p1a: giraffe|50/100
|move|p1a: giraffe|Dragon Pulse|p2a: Noivern
|-supereffective|p2a: Noivern
|-damage|p2a: Noivern|0 fnt
|faint|p2a: Noivern
|
|upkeep
|
|t:|1779718302
|switch|p2a: Mamoswine|Mamoswine, F|100/100
|turn|9
|
|t:|1779718305
|move|p2a: Mamoswine|Earthquake|p1a: giraffe
|-supereffective|p1a: giraffe
|-damage|p1a: giraffe|0 fnt
|faint|p1a: giraffe
|-end|p1a: giraffe|Protosynthesis|[silent]
|-damage|p2a: Mamoswine|91/100|[from] item: Life Orb
|
|upkeep
|
|t:|1779718331
|switch|p1a: kitty|Perrserker, M, shiny|100/100
|turn|10
|
|t:|1779718335
|-terastallize|p1a: kitty|Water
|move|p2a: Mamoswine|Earthquake|p1a: kitty
|-damage|p1a: kitty|20/100
|-damage|p2a: Mamoswine|81/100|[from] item: Life Orb
|move|p1a: kitty|Gyro Ball|p2a: Mamoswine
|-supereffective|p2a: Mamoswine
|-damage|p2a: Mamoswine|0 fnt
|faint|p2a: Mamoswine
|
|upkeep
|
|t:|1779718361
|switch|p2a: Scizor|Scizor, F|100/100
|turn|11
|
|t:|1779718366
|move|p2a: Scizor|Close Combat|p1a: kitty
|-damage|p1a: kitty|0 fnt
|-unboost|p2a: Scizor|def|1
|-unboost|p2a: Scizor|spd|1
|faint|p1a: kitty
|
|upkeep
|
|t:|1779718371
|switch|p1a: poison|Pecharunt|100/100
|turn|12
|
|t:|1779718376
|move|p1a: poison|Hex|p2a: Scizor
|-damage|p2a: Scizor|41/100
|move|p2a: Scizor|U-turn|p1a: poison
|-resisted|p1a: poison
|-damage|p1a: poison|94/100
|
|t:|1779718382
|switch|p2a: Dragapult|Dragapult, M, shiny|100/100|[from] U-turn
|
|-heal|p1a: poison|99/100|[from] item: Leftovers
|upkeep
|turn|13
|
|t:|1779718388
|move|p2a: Dragapult|Shadow Ball|p1a: poison
|-supereffective|p1a: poison
|-damage|p1a: poison|0 fnt
|faint|p1a: poison
|
|upkeep
|
|t:|1779718393
|switch|p1a: RealKing|Kingambit, F, shiny|100/100
|-activate|p1a: RealKing|ability: Supreme Overlord
|-start|p1a: RealKing|fallen5|[silent]
|turn|14
|
|t:|1779718399
|switch|p2a: Scizor|Scizor, F|41/100
|move|p1a: RealKing|Sucker Punch||[still]
|-fail|p1a: RealKing
|
|upkeep
|turn|15
|
|t:|1779718405
|move|p1a: RealKing|Sucker Punch|p2a: Scizor
|-damage|p2a: Scizor|0 fnt
|faint|p2a: Scizor
|
|upkeep
|
|t:|1779718407
|switch|p2a: Dragapult|Dragapult, M, shiny|100/100
|turn|16
|
|t:|1779718412
|-terastallize|p2a: Dragapult|Fire
|move|p1a: RealKing|Sucker Punch|p2a: Dragapult
|-damage|p2a: Dragapult|21/100
|move|p2a: Dragapult|Flamethrower|p1a: RealKing
|-supereffective|p1a: RealKing
|-damage|p1a: RealKing|0 fnt
|faint|p1a: RealKing
|-end|p1a: RealKing|fallen5|[silent]
|
|win|Veeriscared
|raw|respectmydih's rating: 1186 &rarr; <strong>1167</strong><br />(-19 for losing)
|raw|Veeriscared's rating: 1268 &rarr; <strong>1287</strong><br />(+19 for winning)
|l|☆Veeriscared
|player|p2|
