|j|☆greysay
|j|☆SparkyBoomBoomBoiY
|t:|1779662547
|gametype|singles
|player|p1|greysay|barry|1121
|player|p2|SparkyBoomBoomBoiY|marlon|1099
|gen|9
|tier|[Gen 9] OU
|rated|
|rule|HP Percentage Mod: HP is shown in percentages
|rule|Endless Battle Clause: Forcing endless battles is banned
|rule|Species Clause: Limit one of each Pokémon
|rule|OHKO Clause: OHKO moves are banned
|rule|Evasion Items Clause: Evasion items are banned
|rule|Evasion Moves Clause: Evasion moves are banned
|rule|Evasion Abilities Clause: Evasion abilities are banned
|rule|Sleep Moves Clause: Sleep-inducing moves are banned
|clearpoke
|poke|p1|Grafaiai, F|
|poke|p1|Eiscue, M|
|poke|p1|Goodra-Hisui, M|
|poke|p1|Primarina, M|
|poke|p1|Chesnaught, M|
|poke|p1|Ambipom, M|
|poke|p2|Meloetta|
|poke|p2|Minior-Indigo|
|poke|p2|Gholdengo|
|poke|p2|Blaziken, F|
|poke|p2|Garchomp, M|
|poke|p2|Tsareena, F|
|teampreview
|inactive|Battle timer is ON: inactive players will automatically lose when time's up. (requested by greysay)
|
|t:|1779662558
|teamsize|p1|6
|teamsize|p2|6
|start
|switch|p1a: Grafaiai|Grafaiai, F|100/100
|switch|p2a: Don't Touch|Garchomp, M|100/100
|turn|1
|
|t:|1779662565
|move|p1a: Grafaiai|Switcheroo|p2a: Don't Touch
|-activate|p1a: Grafaiai|move: Trick|[of] p2a: Don't Touch
|-item|p2a: Don't Touch|Black Sludge|[from] move: Switcheroo
|-item|p1a: Grafaiai|Rocky Helmet|[from] move: Switcheroo
|move|p2a: Don't Touch|Dragon Tail|p1a: Grafaiai
|-damage|p1a: Grafaiai|51/100
|-damage|p2a: Don't Touch|84/100|[from] item: Rocky Helmet|[of] p1a: Grafaiai
|drag|p1a: Primarina|Primarina, M|100/100
|
|-damage|p2a: Don't Touch|71/100|[from] item: Black Sludge
|upkeep
|turn|2
|
|t:|1779662577
|move|p2a: Don't Touch|Stealth Rock|p1a: Primarina
|-sidestart|p1: greysay|move: Stealth Rock
|move|p1a: Primarina|Whirlpool|p2a: Don't Touch
|-damage|p2a: Don't Touch|57/100
|-activate|p2a: Don't Touch|move: Whirlpool|[of] p1a: Primarina
|
|-damage|p2a: Don't Touch|45/100|[from] item: Black Sludge
|-damage|p2a: Don't Touch|32/100|[from] move: Whirlpool|[partiallytrapped]
|upkeep
|turn|3
|
|t:|1779662587
|move|p2a: Don't Touch|Iron Head|p1a: Primarina
|-damage|p1a: Primarina|80/100
|cant|p1a: Primarina|flinch
|
|-damage|p2a: Don't Touch|20/100|[from] item: Black Sludge
|-heal|p1a: Primarina|86/100|[from] item: Leftovers
|-damage|p2a: Don't Touch|8/100|[from] move: Whirlpool|[partiallytrapped]
|upkeep
|turn|4
|
|t:|1779662596
|move|p1a: Primarina|Protect|p1a: Primarina
|-singleturn|p1a: Primarina|Protect
|move|p2a: Don't Touch|Iron Head|p1a: Primarina
|-activate|p1a: Primarina|move: Protect
|
|-damage|p2a: Don't Touch|0 fnt|[from] item: Black Sludge
|faint|p2a: Don't Touch
|-heal|p1a: Primarina|93/100|[from] item: Leftovers
|upkeep
|
|t:|1779662620
|switch|p2a: One-Trick|Gholdengo|100/100
|turn|5
|
|t:|1779662624
|move|p2a: One-Trick|Trick|p1a: Primarina
|-activate|p2a: One-Trick|move: Trick|[of] p1a: Primarina
|-item|p1a: Primarina|Sticky Barb|[from] move: Trick
|-item|p2a: One-Trick|Leftovers|[from] move: Trick
|move|p1a: Primarina|Whirlpool|p2a: One-Trick
|-crit|p2a: One-Trick
|-damage|p2a: One-Trick|77/100
|-activate|p2a: One-Trick|move: Whirlpool|[of] p1a: Primarina
|
|-heal|p2a: One-Trick|83/100|[from] item: Leftovers
|-damage|p2a: One-Trick|71/100|[from] move: Whirlpool|[partiallytrapped]
|-damage|p1a: Primarina|80/100|[from] item: Sticky Barb
|upkeep
|turn|6
|
|t:|1779662642
|move|p2a: One-Trick|Protect|p2a: One-Trick
|-singleturn|p2a: One-Trick|Protect
|move|p1a: Primarina|Perish Song|p1a: Primarina
|-start|p1a: Primarina|perish3|[silent]
|-immune|p2a: One-Trick|[from] ability: Good as Gold
|-fieldactivate|move: Perish Song
|
|-heal|p2a: One-Trick|77/100|[from] item: Leftovers
|-damage|p2a: One-Trick|65/100|[from] move: Whirlpool|[partiallytrapped]
|-start|p1a: Primarina|perish3
|-damage|p1a: Primarina|68/100|[from] item: Sticky Barb
|upkeep
|turn|7
|
|t:|1779662654
|move|p2a: One-Trick|Make It Rain|p1a: Primarina
|-damage|p1a: Primarina|26/100
|-unboost|p2a: One-Trick|spa|1
|move|p1a: Primarina|Hyper Voice|p2a: One-Trick
|-damage|p2a: One-Trick|26/100
|
|-heal|p2a: One-Trick|32/100|[from] item: Leftovers
|-damage|p2a: One-Trick|20/100|[from] move: Whirlpool|[partiallytrapped]
|-start|p1a: Primarina|perish2
|-damage|p1a: Primarina|14/100|[from] item: Sticky Barb
|upkeep
|turn|8
|
|t:|1779662677
|switch|p2a: Strong-Legs|Tsareena, F|100/100
|switch|p1a: Eiscue|Eiscue, M|100/100
|-damage|p1a: Eiscue|76/100|[from] Stealth Rock
|
|upkeep
|turn|9
|
|t:|1779662688
|-terastallize|p2a: Strong-Legs|Fighting
|move|p2a: Strong-Legs|High Jump Kick|p1a: Eiscue
|-activate|p1a: Eiscue|ability: Ice Face
|-damage|p1a: Eiscue|76/100
|detailschange|p1a: Eiscue|Eiscue-Noice, M
|move|p1a: Eiscue|Snowscape|p1a: Eiscue
|-weather|Snowscape
|-activate|p1a: Eiscue|ability: Ice Face
|detailschange|p1a: Eiscue|Eiscue, M
|
|-weather|Snowscape|[upkeep]
|upkeep
|turn|10
|
|t:|1779662700
|move|p2a: Strong-Legs|High Jump Kick|p1a: Eiscue
|-activate|p1a: Eiscue|ability: Ice Face
|-damage|p1a: Eiscue|76/100
|detailschange|p1a: Eiscue|Eiscue-Noice, M
|move|p1a: Eiscue|Aurora Veil|p1a: Eiscue
|-sidestart|p1: greysay|move: Aurora Veil
|
|-weather|Snowscape|[upkeep]
|upkeep
|turn|11
|inactive|greysay has 120 seconds left.
|
|t:|1779662729
|switch|p1a: Goodra|Goodra-Hisui, M|100/100
|-damage|p1a: Goodra|94/100|[from] Stealth Rock
|move|p2a: Strong-Legs|High Jump Kick|p1a: Goodra
|-supereffective|p1a: Goodra
|-damage|p1a: Goodra|50/100
|-ability|p1a: Goodra|Gooey
|-unboost|p2a: Strong-Legs|spe|1
|
|-weather|Snowscape|[upkeep]
|-heal|p1a: Goodra|56/100|[from] item: Leftovers
|upkeep
|turn|12
|inactive|greysay has 120 seconds left.
|
|t:|1779662747
|-terastallize|p1a: Goodra|Flying
|move|p2a: Strong-Legs|High Jump Kick|p1a: Goodra
|-resisted|p1a: Goodra
|-damage|p1a: Goodra|44/100
|-ability|p1a: Goodra|Gooey
|-unboost|p2a: Strong-Legs|spe|1
|move|p1a: Goodra|Acid Armor|p1a: Goodra
|-boost|p1a: Goodra|def|2
|
|-weather|Snowscape|[upkeep]
|-heal|p1a: Goodra|50/100|[from] item: Leftovers
|upkeep
|turn|13
|inactive|greysay has 120 seconds left.
|
|t:|1779662764
|switch|p2a: One-Trick|Gholdengo|20/100
|move|p1a: Goodra|Acid Armor|p1a: Goodra
|-boost|p1a: Goodra|def|2
|
|-weather|none
|-heal|p2a: One-Trick|26/100|[from] item: Leftovers
|-heal|p1a: Goodra|57/100|[from] item: Leftovers
|upkeep
|turn|14
|inactive|greysay has 120 seconds left.
|
|t:|1779662778
|move|p2a: One-Trick|Make It Rain|p1a: Goodra
|-damage|p1a: Goodra|40/100
|-unboost|p2a: One-Trick|spa|1
|move|p1a: Goodra|Dragon Tail|p2a: One-Trick
|-resisted|p2a: One-Trick
|-crit|p2a: One-Trick
|-damage|p2a: One-Trick|13/100
|drag|p2a: Strong-Legs|Tsareena, F, tera:Fighting|100/100
|
|-heal|p1a: Goodra|46/100|[from] item: Leftovers
|upkeep
|turn|15
|inactive|greysay has 120 seconds left.
|
|t:|1779662794
|move|p2a: Strong-Legs|Triple Axel|p1a: Goodra
|-supereffective|p1a: Goodra
|-damage|p1a: Goodra|44/100
|-ability|p1a: Goodra|Gooey
|-unboost|p2a: Strong-Legs|spe|1
|-supereffective|p1a: Goodra
|-damage|p1a: Goodra|40/100
|-ability|p1a: Goodra|Gooey
|-unboost|p2a: Strong-Legs|spe|1
|-hitcount|p1a: Goodra|2
|move|p1a: Goodra|Body Press|p2a: Strong-Legs
|-damage|p2a: Strong-Legs|18/100
|
|-heal|p1a: Goodra|46/100|[from] item: Leftovers
|upkeep
|turn|16
|inactive|SparkyBoomBoomBoiY has 120 seconds left.
|
|t:|1779662810
|switch|p2a: One-Trick|Gholdengo|13/100
|move|p1a: Goodra|Body Press|p2a: One-Trick
|-immune|p2a: One-Trick
|
|-heal|p2a: One-Trick|19/100|[from] item: Leftovers
|-heal|p1a: Goodra|52/100|[from] item: Leftovers
|upkeep
|turn|17
|inactive|SparkyBoomBoomBoiY has 120 seconds left.
|
|t:|1779662822
|move|p2a: One-Trick|Shadow Ball|p1a: Goodra
|-damage|p1a: Goodra|42/100
|move|p1a: Goodra|Dragon Tail|p2a: One-Trick
|-resisted|p2a: One-Trick
|-damage|p2a: One-Trick|10/100
|drag|p2a: Strong-Legs|Tsareena, F, tera:Fighting|18/100
|
|-heal|p1a: Goodra|48/100|[from] item: Leftovers
|-sideend|p1: greysay|move: Aurora Veil
|upkeep
|turn|18
|inactive|SparkyBoomBoomBoiY has 120 seconds left.
|
|t:|1779662837
|move|p2a: Strong-Legs|Trop Kick|p1a: Goodra
|-resisted|p1a: Goodra
|-damage|p1a: Goodra|44/100
|-unboost|p1a: Goodra|atk|1
|-ability|p1a: Goodra|Gooey
|-unboost|p2a: Strong-Legs|spe|1
|move|p1a: Goodra|Dragon Tail|p2a: Strong-Legs
|-damage|p2a: Strong-Legs|0 fnt
|faint|p2a: Strong-Legs
|
|-heal|p1a: Goodra|50/100|[from] item: Leftovers
|upkeep
|
|t:|1779662851
|switch|p2a: Blue-Shell|Minior-Indigo|100/100
|-formechange|p2a: Blue-Shell|Minior-Meteor||[from] ability: Shields Down
|turn|19
|
|t:|1779662858
|move|p2a: Blue-Shell|Power Gem|p1a: Goodra
|-supereffective|p1a: Goodra
|-damage|p1a: Goodra|24/100
|move|p1a: Goodra|Body Press|p2a: Blue-Shell
|-damage|p2a: Blue-Shell|27/100
|
|-heal|p1a: Goodra|30/100|[from] item: Leftovers
|-formechange|p2a: Blue-Shell|Minior-Indigo||[from] ability: Shields Down
|upkeep
|turn|20
|inactive|SparkyBoomBoomBoiY has 120 seconds left.
|
|t:|1779662871
|move|p2a: Blue-Shell|Power Gem|p1a: Goodra
|-supereffective|p1a: Goodra
|-damage|p1a: Goodra|0 fnt
|faint|p1a: Goodra
|
|upkeep
|
|t:|1779662878
|switch|p1a: Ambipom|Ambipom, M|100/100
|-damage|p1a: Ambipom|88/100|[from] Stealth Rock
|turn|21
|
|t:|1779662883
|move|p1a: Ambipom|Fake Out|p2a: Blue-Shell
|-resisted|p2a: Blue-Shell
|-damage|p2a: Blue-Shell|8/100
|cant|p2a: Blue-Shell|flinch
|
|upkeep
|turn|22
|
|t:|1779662891
|move|p1a: Ambipom|Triple Axel|p2a: Blue-Shell
|-supereffective|p2a: Blue-Shell
|-damage|p2a: Blue-Shell|0 fnt
|faint|p2a: Blue-Shell
|-hitcount|p2: Blue-Shell|1
|
|upkeep
|
|t:|1779662899
|switch|p2a: Miku|Meloetta|100/100
|turn|23
|
|t:|1779662905
|move|p1a: Ambipom|Fury Swipes|p2a: Miku|[miss]
|-miss|p1a: Ambipom|p2a: Miku
|move|p2a: Miku|Relic Song|p1a: Ambipom
|-damage|p1a: Ambipom|32/100
|-formechange|p2a: Miku|Meloetta-Pirouette|[msg]
|
|upkeep
|turn|24
|
|t:|1779662919
|switch|p1a: Grafaiai|Grafaiai, F|51/100
|-damage|p1a: Grafaiai|38/100|[from] Stealth Rock
|move|p2a: Miku|Drain Punch|p1a: Grafaiai
|-damage|p1a: Grafaiai|0 fnt
|-damage|p2a: Miku|84/100|[from] item: Rocky Helmet|[of] p1a: Grafaiai
|faint|p1a: Grafaiai
|
|upkeep
|
|t:|1779662935
|switch|p1a: Primarina|Primarina, M|14/100
|-damage|p1a: Primarina|2/100|[from] Stealth Rock
|turn|25
|
|t:|1779662941
|move|p1a: Primarina|Protect|p1a: Primarina
|-singleturn|p1a: Primarina|Protect
|move|p2a: Miku|Thunder|p1a: Primarina
|-activate|p1a: Primarina|move: Protect
|
|-damage|p1a: Primarina|0 fnt|[from] item: Sticky Barb
|faint|p1a: Primarina
|upkeep
|
|t:|1779662950
|switch|p1a: Ambipom|Ambipom, M|32/100
|-damage|p1a: Ambipom|20/100|[from] Stealth Rock
|turn|26
|
|t:|1779662960
|move|p1a: Ambipom|Fake Out|p2a: Miku
|-damage|p2a: Miku|55/100
|cant|p2a: Miku|flinch
|
|upkeep
|turn|27
|
|t:|1779662966
|move|p2a: Miku|Drain Punch|p1a: Ambipom
|-supereffective|p1a: Ambipom
|-damage|p1a: Ambipom|0 fnt
|-heal|p2a: Miku|63/100|[from] drain|[of] p1a: Ambipom
|faint|p1a: Ambipom
|
|upkeep
|
|t:|1779662973
|switch|p1a: Chesnaught|Chesnaught, M, shiny|100/100
|-damage|p1a: Chesnaught|94/100|[from] Stealth Rock
|turn|28
|
|t:|1779662981
|move|p2a: Miku|Psychic|p1a: Chesnaught
|-supereffective|p1a: Chesnaught
|-damage|p1a: Chesnaught|62/100
|-unboost|p1a: Chesnaught|spd|1
|move|p1a: Chesnaught|Belly Drum|p1a: Chesnaught
|-damage|p1a: Chesnaught|12/100
|-setboost|p1a: Chesnaught|atk|6|[from] move: Belly Drum
|-enditem|p1a: Chesnaught|Sitrus Berry|[eat]
|-heal|p1a: Chesnaught|37/100|[from] item: Sitrus Berry
|
|upkeep
|turn|29
|
|t:|1779662993
|move|p2a: Miku|Psychic|p1a: Chesnaught
|-supereffective|p1a: Chesnaught
|-damage|p1a: Chesnaught|0 fnt
|faint|p1a: Chesnaught
|
|upkeep
|-message|greysay forfeited.
|
|win|SparkyBoomBoomBoiY
|raw|greysay's rating: 1121 &rarr; <strong>1094</strong><br />(-27 for losing)
|raw|SparkyBoomBoomBoiY's rating: 1099 &rarr; <strong>1126</strong><br />(+27 for winning)
|l|☆greysay
|player|p1|
