|j|☆Purple Amoonguss
|j|☆lockheed shartin
|t:|1779566215
|gametype|singles
|player|p1|Purple Amoonguss|morty|1602
|player|p2|lockheed shartin|burglar|1575
|gen|9
|tier|[Gen 9] OU
|rated|
|rule|HP Percentage Mod: HP is shown in percentages
|rule|Endless Battle Clause: Forcing endless battles is banned
|rule|Species Clause: Limit one of each Pokémon
|rule|OHKO Clause: OHKO moves are banned
|rule|Evasion Items Clause: Evasion items are banned
|rule|Evasion Moves Clause: Evasion moves are banned
|rule|Evasion Abilities Clause: Evasion abilities are banned
|rule|Sleep Moves Clause: Sleep-inducing moves are banned
|clearpoke
|poke|p1|Gliscor, F|
|poke|p1|Heatran, F|
|poke|p1|Sinistcha|
|poke|p1|Corviknight, F|
|poke|p1|Tentacruel, F|
|poke|p1|Darkrai|
|poke|p2|Great Tusk|
|poke|p2|Enamorus, F|
|poke|p2|Iron Moth|
|poke|p2|Raging Bolt|
|poke|p2|Garchomp, M|
|poke|p2|Samurott-Hisui, F|
|teampreview
|inactive|Battle timer is ON: inactive players will automatically lose when time's up. (requested by lockheed shartin)
|inactive|lockheed shartin has 120 seconds left.
|
|t:|1779566252
|teamsize|p1|6
|teamsize|p2|6
|start
|switch|p1a: Gliscor|Gliscor, F|100/100
|switch|p2a: WeedleTwinneedle|Enamorus, F|100/100
|turn|1
|
|t:|1779566263
|move|p1a: Gliscor|Protect|p1a: Gliscor
|-singleturn|p1a: Gliscor|Protect
|move|p2a: WeedleTwinneedle|Substitute|p2a: WeedleTwinneedle
|-start|p2a: WeedleTwinneedle|Substitute
|-damage|p2a: WeedleTwinneedle|76/100
|
|-heal|p2a: WeedleTwinneedle|82/100|[from] item: Leftovers
|-status|p1a: Gliscor|tox|[from] item: Toxic Orb
|upkeep
|turn|2
|
|t:|1779566274
|switch|p1a: Tentacruel|Tentacruel, F, shiny|100/100
|move|p2a: WeedleTwinneedle|Superpower|p1a: Tentacruel
|-resisted|p1a: Tentacruel
|-damage|p1a: Tentacruel|72/100
|-boost|p2a: WeedleTwinneedle|atk|1
|-boost|p2a: WeedleTwinneedle|def|1
|
|-heal|p2a: WeedleTwinneedle|88/100|[from] item: Leftovers
|upkeep
|turn|3
|
|t:|1779566285
|move|p2a: WeedleTwinneedle|Superpower|p1a: Tentacruel
|-resisted|p1a: Tentacruel
|-damage|p1a: Tentacruel|28/100
|-boost|p2a: WeedleTwinneedle|atk|1
|-boost|p2a: WeedleTwinneedle|def|1
|move|p1a: Tentacruel|Sludge Bomb|p2a: WeedleTwinneedle
|-supereffective|p2a: WeedleTwinneedle
|-end|p2a: WeedleTwinneedle|Substitute
|
|-heal|p2a: WeedleTwinneedle|94/100|[from] item: Leftovers
|upkeep
|turn|4
|
|t:|1779566290
|switch|p1a: Sinistcha|Sinistcha|100/100
|move|p2a: WeedleTwinneedle|Play Rough|p1a: Sinistcha
|-crit|p1a: Sinistcha
|-damage|p1a: Sinistcha|2/100
|
|-heal|p2a: WeedleTwinneedle|100/100|[from] item: Leftovers
|upkeep
|turn|5
|
|t:|1779566299
|move|p2a: WeedleTwinneedle|Substitute|p2a: WeedleTwinneedle
|-start|p2a: WeedleTwinneedle|Substitute
|-damage|p2a: WeedleTwinneedle|76/100
|move|p1a: Sinistcha|Strength Sap||[still]
|-fail|p1a: Sinistcha
|
|-heal|p2a: WeedleTwinneedle|82/100|[from] item: Leftovers
|upkeep
|turn|6
|
|t:|1779566303
|move|p2a: WeedleTwinneedle|Iron Head|p1a: Sinistcha
|-damage|p1a: Sinistcha|0 fnt
|faint|p1a: Sinistcha
|
|-heal|p2a: WeedleTwinneedle|88/100|[from] item: Leftovers
|upkeep
|
|t:|1779566307
|switch|p1a: Corviknight|Corviknight, F|100/100
|-ability|p1a: Corviknight|Pressure
|turn|7
|
|t:|1779566312
|move|p2a: WeedleTwinneedle|Superpower|p1a: Corviknight
|-damage|p1a: Corviknight|57/100
|-boost|p2a: WeedleTwinneedle|atk|1
|-boost|p2a: WeedleTwinneedle|def|1
|-damage|p2a: WeedleTwinneedle|72/100|[from] item: Rocky Helmet|[of] p1a: Corviknight
|move|p1a: Corviknight|Iron Defense|p1a: Corviknight
|-boost|p1a: Corviknight|def|2
|
|-heal|p2a: WeedleTwinneedle|78/100|[from] item: Leftovers
|upkeep
|turn|8
|inactive|lockheed shartin has 120 seconds left.
|
|t:|1779566369
|switch|p2a: JPEGMOTHIA|Iron Moth|100/100
|move|p1a: Corviknight|Roost|p1a: Corviknight
|-heal|p1a: Corviknight|100/100
|-singleturn|p1a: Corviknight|move: Roost
|
|upkeep
|turn|9
|
|t:|1779566376
|-end|p2a: JPEGMOTHIA|Quark Drive|[silent]
|switch|p2a: LiquidSwords|Samurott-Hisui, F|100/100
|switch|p1a: Heatran|Heatran, F|100/100
|
|upkeep
|turn|10
|
|t:|1779566380
|move|p2a: LiquidSwords|Flip Turn|p1a: Heatran
|-supereffective|p1a: Heatran
|-damage|p1a: Heatran|54/100
|
|t:|1779566385
|switch|p2a: WannaClap?|Raging Bolt|100/100|[from] Flip Turn
|move|p1a: Heatran|Will-O-Wisp|p2a: WannaClap?
|-status|p2a: WannaClap?|brn
|
|-heal|p1a: Heatran|60/100|[from] item: Leftovers
|-damage|p2a: WannaClap?|94/100 brn|[from] brn
|upkeep
|turn|11
|
|t:|1779566391
|move|p2a: WannaClap?|Draco Meteor|p1a: Heatran
|-resisted|p1a: Heatran
|-damage|p1a: Heatran|24/100
|-unboost|p2a: WannaClap?|spa|2
|move|p1a: Heatran|Stealth Rock|p2a: WannaClap?
|-sidestart|p2: lockheed shartin|move: Stealth Rock
|
|-heal|p1a: Heatran|30/100|[from] item: Leftovers
|-damage|p2a: WannaClap?|88/100 brn|[from] brn
|upkeep
|turn|12
|
|t:|1779566399
|-end|p2a: WannaClap?|Protosynthesis|[silent]
|switch|p2a: TusksBHanginLo|Great Tusk|100/100
|switch|p1a: Gliscor|Gliscor, F|100/100 tox
|
|upkeep
|turn|13
|
|t:|1779566411
|switch|p1a: Corviknight|Corviknight, F|100/100
|-ability|p1a: Corviknight|Pressure
|move|p2a: TusksBHanginLo|Rapid Spin|p1a: Corviknight
|-resisted|p1a: Corviknight
|-damage|p1a: Corviknight|96/100
|-boost|p2a: TusksBHanginLo|spe|1
|-damage|p2a: TusksBHanginLo|84/100|[from] item: Rocky Helmet|[of] p1a: Corviknight
|-sideend|p2: lockheed shartin|Stealth Rock|[from] move: Rapid Spin|[of] p2a: TusksBHanginLo
|
|upkeep
|turn|14
|
|t:|1779566414
|move|p2a: TusksBHanginLo|Stealth Rock|p1a: Corviknight
|-sidestart|p1: Purple Amoonguss|move: Stealth Rock
|move|p1a: Corviknight|U-turn|p2a: TusksBHanginLo
|-resisted|p2a: TusksBHanginLo
|-damage|p2a: TusksBHanginLo|80/100
|
|t:|1779566421
|switch|p1a: Gliscor|Gliscor, F|100/100 tox|[from] U-turn
|-damage|p1a: Gliscor|88/100 tox|[from] Stealth Rock
|
|-heal|p1a: Gliscor|100/100 tox|[from] ability: Poison Heal
|upkeep
|turn|15
|
|t:|1779566434
|-end|p2a: TusksBHanginLo|Protosynthesis|[silent]
|switch|p2a: WannaClap?|Raging Bolt|88/100 brn
|move|p1a: Gliscor|Spikes|p2a: WannaClap?
|-sidestart|p2: lockheed shartin|Spikes
|
|-damage|p2a: WannaClap?|82/100 brn|[from] brn
|upkeep
|turn|16
|
|t:|1779566440
|move|p1a: Gliscor|Protect|p1a: Gliscor
|-singleturn|p1a: Gliscor|Protect
|move|p2a: WannaClap?|Draco Meteor|p1a: Gliscor
|-activate|p1a: Gliscor|move: Protect
|
|-damage|p2a: WannaClap?|76/100 brn|[from] brn
|upkeep
|turn|17
|
|t:|1779566447
|switch|p1a: Heatran|Heatran, F|30/100
|-damage|p1a: Heatran|17/100|[from] Stealth Rock
|-end|p2a: WannaClap?|Protosynthesis|[silent]
|switch|p2a: LiquidSwords|Samurott-Hisui, F|100/100
|-damage|p2a: LiquidSwords|88/100|[from] Spikes
|
|-heal|p1a: Heatran|24/100|[from] item: Leftovers
|upkeep
|turn|18
|
|t:|1779566451
|switch|p1a: Corviknight|Corviknight, F|96/100
|-damage|p1a: Corviknight|84/100|[from] Stealth Rock
|-ability|p1a: Corviknight|Pressure
|move|p2a: LiquidSwords|Ceaseless Edge|p1a: Corviknight
|-damage|p1a: Corviknight|59/100
|-damage|p2a: LiquidSwords|72/100|[from] item: Rocky Helmet|[of] p1a: Corviknight
|-sidestart|p1: Purple Amoonguss|Spikes
|
|upkeep
|turn|19
|
|t:|1779566479
|switch|p2a: JPEGMOTHIA|Iron Moth|100/100
|move|p1a: Corviknight|Roost|p1a: Corviknight
|-heal|p1a: Corviknight|100/100
|-singleturn|p1a: Corviknight|move: Roost
|
|upkeep
|turn|20
|
|t:|1779566484
|switch|p1a: Gliscor|Gliscor, F|100/100 tox
|-damage|p1a: Gliscor|88/100 tox|[from] Stealth Rock
|move|p2a: JPEGMOTHIA|Whirlwind|p1a: Gliscor
|drag|p1a: Corviknight|Corviknight, F|100/100
|-damage|p1a: Corviknight|88/100|[from] Stealth Rock
|-ability|p1a: Corviknight|Pressure
|
|upkeep
|turn|21
|
|t:|1779566490
|switch|p1a: Gliscor|Gliscor, F|88/100 tox
|-damage|p1a: Gliscor|75/100 tox|[from] Stealth Rock
|move|p2a: JPEGMOTHIA|Whirlwind|p1a: Gliscor
|drag|p1a: Darkrai|Darkrai|100/100
|-damage|p1a: Darkrai|88/100|[from] Stealth Rock
|-damage|p1a: Darkrai|76/100|[from] Spikes
|
|upkeep
|turn|22
|
|t:|1779566503
|move|p1a: Darkrai|Knock Off|p2a: JPEGMOTHIA
|-damage|p2a: JPEGMOTHIA|51/100
|-enditem|p2a: JPEGMOTHIA|Heavy-Duty Boots|[from] move: Knock Off|[of] p1a: Darkrai
|move|p2a: JPEGMOTHIA|Toxic|p1a: Darkrai
|-status|p1a: Darkrai|tox
|
|-damage|p1a: Darkrai|70/100 tox|[from] psn
|upkeep
|turn|23
|
|t:|1779566510
|move|p1a: Darkrai|Dark Pulse|p2a: JPEGMOTHIA
|-damage|p2a: JPEGMOTHIA|18/100
|move|p2a: JPEGMOTHIA|Morning Sun|p2a: JPEGMOTHIA
|-heal|p2a: JPEGMOTHIA|68/100
|
|-damage|p1a: Darkrai|57/100 tox|[from] psn
|upkeep
|turn|24
|
|t:|1779566515
|switch|p1a: Heatran|Heatran, F|24/100
|-damage|p1a: Heatran|11/100|[from] Stealth Rock
|-damage|p1a: Heatran|0 fnt|[from] Spikes
|faint|p1a: Heatran
|move|p2a: JPEGMOTHIA|Whirlwind|p1: Heatran|[notarget]
|-fail|p2a: JPEGMOTHIA
|
|upkeep
|
|t:|1779566518
|switch|p1a: Gliscor|Gliscor, F|75/100 tox
|-damage|p1a: Gliscor|63/100 tox|[from] Stealth Rock
|turn|25
|
|t:|1779566541
|move|p1a: Gliscor|Knock Off|p2a: JPEGMOTHIA
|-damage|p2a: JPEGMOTHIA|49/100
|move|p2a: JPEGMOTHIA|Whirlwind|p1a: Gliscor
|drag|p1a: Darkrai|Darkrai|57/100 tox
|-damage|p1a: Darkrai|45/100 tox|[from] Stealth Rock
|-damage|p1a: Darkrai|33/100 tox|[from] Spikes
|
|-damage|p1a: Darkrai|26/100 tox|[from] psn
|upkeep
|turn|26
|-message|Purple Amoonguss forfeited.
|
|win|lockheed shartin
|raw|Purple Amoonguss's rating: 1602 &rarr; <strong>1580</strong><br />(-22 for losing)
|raw|lockheed shartin's rating: 1575 &rarr; <strong>1597</strong><br />(+22 for winning)
|l|☆Purple Amoonguss
|player|p1|
