|j|☆39% gxe
|j|☆BootyGoblin64
|t:|1779560954
|gametype|singles
|player|p1|39% gxe|2|1154
|player|p2|BootyGoblin64|brock|1139
|gen|9
|tier|[Gen 9] OU
|rated|
|rule|HP Percentage Mod: HP is shown in percentages
|rule|Endless Battle Clause: Forcing endless battles is banned
|rule|Species Clause: Limit one of each Pokémon
|rule|OHKO Clause: OHKO moves are banned
|rule|Evasion Items Clause: Evasion items are banned
|rule|Evasion Moves Clause: Evasion moves are banned
|rule|Evasion Abilities Clause: Evasion abilities are banned
|rule|Sleep Moves Clause: Sleep-inducing moves are banned
|clearpoke
|poke|p1|Iron Crown|
|poke|p1|Moltres|
|poke|p1|Great Tusk|
|poke|p1|Wo-Chien|
|poke|p1|Iron Valiant|
|poke|p1|Kyurem|
|poke|p2|Dragonite, M|
|poke|p2|Clefable, F|
|poke|p2|Tentacruel, M|
|poke|p2|Moltres|
|poke|p2|Mew|
|poke|p2|Gengar, F|
|teampreview
|inactive|Battle timer is ON: inactive players will automatically lose when time's up. (requested by BootyGoblin64)
|inactive|39% gxe also wants the timer to be on.
|
|t:|1779560962
|teamsize|p1|6
|teamsize|p2|6
|start
|switch|p1a: dudeman|Iron Crown|100/100
|switch|p2a: Mew|Mew|100/100
|turn|1
|
|t:|1779560974
|move|p1a: dudeman|Tachyon Cutter|p2a: Mew
|-damage|p2a: Mew|71/100
|-damage|p2a: Mew|37/100
|-hitcount|p2a: Mew|2
|move|p2a: Mew|Flare Blitz|p1a: dudeman
|-supereffective|p1a: dudeman
|-crit|p1a: dudeman
|-damage|p1a: dudeman|16/100
|-damage|p2a: Mew|15/100|[from] Recoil
|
|upkeep
|turn|2
|
|t:|1779560985
|-end|p1a: dudeman|Quark Drive|[silent]
|switch|p1a: freaky ahh bird|Moltres|100/100
|move|p2a: Mew|Stealth Rock|p1a: freaky ahh bird
|-sidestart|p1: 39% gxe|move: Stealth Rock
|
|upkeep
|turn|3
|
|t:|1779560991
|move|p2a: Mew|Taunt|p1a: freaky ahh bird
|-start|p1a: freaky ahh bird|move: Taunt
|move|p1a: freaky ahh bird|U-turn|p2a: Mew
|-supereffective|p2a: Mew
|-damage|p2a: Mew|0 fnt
|faint|p2a: Mew
|
|t:|1779560999
|switch|p1a: shaq|Great Tusk|100/100|[from] U-turn
|
|upkeep
|
|t:|1779561008
|switch|p2a: Moltres|Moltres|100/100
|turn|4
|
|t:|1779561012
|move|p1a: shaq|Stealth Rock|p2a: Moltres
|-sidestart|p2: BootyGoblin64|move: Stealth Rock
|move|p2a: Moltres|Flamethrower|p1a: shaq
|-damage|p1a: shaq|41/100
|
|upkeep
|turn|5
|
|t:|1779561020
|-end|p1a: shaq|Protosynthesis|[silent]
|switch|p1a: dudeman|Iron Crown|16/100
|-damage|p1a: dudeman|10/100|[from] Stealth Rock
|move|p2a: Moltres|Flamethrower|p1a: dudeman
|-supereffective|p1a: dudeman
|-damage|p1a: dudeman|0 fnt
|faint|p1a: dudeman
|-end|p1a: dudeman|Quark Drive|[silent]
|
|upkeep
|
|t:|1779561045
|switch|p1a: freaky ahh bird|Moltres|100/100
|turn|6
|
|t:|1779561053
|move|p1a: freaky ahh bird|Flamethrower|p2a: Moltres
|-resisted|p2a: Moltres
|-damage|p2a: Moltres|81/100
|move|p2a: Moltres|Roar|p1a: freaky ahh bird
|drag|p1a: Boolymon|Kyurem|100/100
|-damage|p1a: Boolymon|75/100|[from] Stealth Rock
|-ability|p1a: Boolymon|Pressure
|
|-heal|p1a: Boolymon|82/100|[from] item: Leftovers
|upkeep
|turn|7
|
|t:|1779561061
|move|p1a: Boolymon|Freeze-Dry|p2a: Moltres
|-damage|p2a: Moltres|43/100
|move|p2a: Moltres|Flamethrower|p1a: Boolymon
|-damage|p1a: Boolymon|50/100
|
|-heal|p1a: Boolymon|56/100|[from] item: Leftovers
|upkeep
|turn|8
|
|t:|1779561069
|move|p1a: Boolymon|Freeze-Dry|p2a: Moltres
|-damage|p2a: Moltres|6/100
|move|p2a: Moltres|Roost|p2a: Moltres
|-heal|p2a: Moltres|56/100
|-singleturn|p2a: Moltres|move: Roost
|
|-heal|p1a: Boolymon|62/100|[from] item: Leftovers
|upkeep
|turn|9
|
|t:|1779561081
|switch|p2a: Tentacruel|Tentacruel, M|100/100
|move|p1a: Boolymon|Protect||[still]
|-fail|p1a: Boolymon
|
|-heal|p1a: Boolymon|68/100|[from] item: Leftovers
|upkeep
|turn|10
|
|t:|1779561086
|move|p1a: Boolymon|Freeze-Dry|p2a: Tentacruel
|-supereffective|p2a: Tentacruel
|-damage|p2a: Tentacruel|47/100
|move|p2a: Tentacruel|Knock Off|p1a: Boolymon
|-damage|p1a: Boolymon|52/100
|-enditem|p1a: Boolymon|Leftovers|[from] move: Knock Off|[of] p2a: Tentacruel
|
|upkeep
|turn|11
|
|t:|1779561094
|move|p1a: Boolymon|Freeze-Dry|p2a: Tentacruel
|-supereffective|p2a: Tentacruel
|-damage|p2a: Tentacruel|0 fnt
|faint|p2a: Tentacruel
|
|upkeep
|
|t:|1779561100
|switch|p2a: Moltres|Moltres|56/100
|turn|12
|
|t:|1779561105
|move|p1a: Boolymon|Freeze-Dry|p2a: Moltres
|-damage|p2a: Moltres|18/100
|move|p2a: Moltres|Roost|p2a: Moltres
|-heal|p2a: Moltres|68/100
|-singleturn|p2a: Moltres|move: Roost
|
|upkeep
|turn|13
|
|t:|1779561118
|move|p1a: Boolymon|Freeze-Dry|p2a: Moltres
|-damage|p2a: Moltres|34/100
|move|p2a: Moltres|Flamethrower|p1a: Boolymon
|-damage|p1a: Boolymon|19/100
|
|upkeep
|turn|14
|
|t:|1779561128
|move|p1a: Boolymon|Freeze-Dry|p2a: Moltres
|-damage|p2a: Moltres|1/100
|move|p2a: Moltres|Roost|p2a: Moltres
|-heal|p2a: Moltres|51/100
|-singleturn|p2a: Moltres|move: Roost
|
|upkeep
|turn|15
|
|t:|1779561134
|move|p1a: Boolymon|Freeze-Dry|p2a: Moltres
|-damage|p2a: Moltres|15/100
|move|p2a: Moltres|Flamethrower|p1a: Boolymon
|-damage|p1a: Boolymon|0 fnt
|faint|p1a: Boolymon
|
|upkeep
|
|t:|1779561141
|switch|p1a: what set am i?|Iron Valiant|100/100
|-damage|p1a: what set am i?|94/100|[from] Stealth Rock
|-enditem|p1a: what set am i?|Booster Energy
|-activate|p1a: what set am i?|ability: Quark Drive|[fromitem]
|-start|p1a: what set am i?|quarkdrivespe
|turn|16
|
|t:|1779561150
|move|p1a: what set am i?|Shadow Ball|p2a: Moltres
|-damage|p2a: Moltres|0 fnt
|faint|p2a: Moltres
|
|upkeep
|
|t:|1779561156
|switch|p2a: Clefable|Clefable, F|100/100
|turn|17
|
|t:|1779561162
|-terastallize|p1a: what set am i?|Ghost
|move|p1a: what set am i?|Calm Mind|p1a: what set am i?
|-boost|p1a: what set am i?|spa|1
|-boost|p1a: what set am i?|spd|1
|move|p2a: Clefable|Moonblast|p1a: what set am i?
|-damage|p1a: what set am i?|54/100
|-unboost|p1a: what set am i?|spa|1
|
|upkeep
|turn|18
|
|t:|1779561171
|move|p1a: what set am i?|Moonblast|p2a: Clefable
|-damage|p2a: Clefable|58/100
|move|p2a: Clefable|Knock Off|p1a: what set am i?
|-supereffective|p1a: what set am i?
|-damage|p1a: what set am i?|28/100
|
|-heal|p2a: Clefable|64/100|[from] item: Leftovers
|upkeep
|turn|19
|
|t:|1779561179
|move|p1a: what set am i?|Moonblast|p2a: Clefable
|-damage|p2a: Clefable|22/100
|-unboost|p2a: Clefable|spa|1
|move|p2a: Clefable|Calm Mind|p2a: Clefable
|-boost|p2a: Clefable|spa|1
|-boost|p2a: Clefable|spd|1
|
|-heal|p2a: Clefable|28/100|[from] item: Leftovers
|upkeep
|turn|20
|
|t:|1779561186
|move|p1a: what set am i?|Moonblast|p2a: Clefable
|-damage|p2a: Clefable|0 fnt
|faint|p2a: Clefable
|
|upkeep
|
|t:|1779561189
|switch|p2a: Dragonite|Dragonite, M|100/100
|-damage|p2a: Dragonite|76/100|[from] Stealth Rock
|turn|21
|
|t:|1779561193
|move|p2a: Dragonite|Extreme Speed|p1a: what set am i?
|-immune|p1a: what set am i?
|move|p1a: what set am i?|Moonblast|p2a: Dragonite
|-supereffective|p2a: Dragonite
|-damage|p2a: Dragonite|0 fnt
|faint|p2a: Dragonite
|
|upkeep
|
|t:|1779561196
|switch|p2a: Gengar|Gengar, F|100/100
|-damage|p2a: Gengar|88/100|[from] Stealth Rock
|turn|22
|
|t:|1779561203
|move|p1a: what set am i?|Shadow Ball|p2a: Gengar
|-supereffective|p2a: Gengar
|-damage|p2a: Gengar|0 fnt
|-start|p1a: what set am i?|Disable|Shadow Ball|[from] ability: Cursed Body|[of] p2a: Gengar
|faint|p2a: Gengar
|
|win|39% gxe
|raw|39% gxe's rating: 1154 &rarr; <strong>1178</strong><br />(+24 for winning)
|raw|BootyGoblin64's rating: 1139 &rarr; <strong>1115</strong><br />(-24 for losing)
|l|☆BootyGoblin64
|player|p2|
