|j|☆darksora420
|j|‽uyscience
|t:|1779578816
|gametype|singles
|player|p1|darksora420|265|1212
|player|p2|uyscience|266|1215
|gen|9
|tier|[Gen 9] OU
|rated|
|rule|HP Percentage Mod: HP is shown in percentages
|rule|Endless Battle Clause: Forcing endless battles is banned
|rule|Species Clause: Limit one of each Pokémon
|rule|OHKO Clause: OHKO moves are banned
|rule|Evasion Items Clause: Evasion items are banned
|rule|Evasion Moves Clause: Evasion moves are banned
|rule|Evasion Abilities Clause: Evasion abilities are banned
|rule|Sleep Moves Clause: Sleep-inducing moves are banned
|clearpoke
|poke|p1|Ogerpon-Wellspring, F|
|poke|p1|Pelipper, F|
|poke|p1|Barraskewda, M|
|poke|p1|Araquanid, M|
|poke|p1|Great Tusk|
|poke|p1|Basculegion-F, F|
|poke|p2|Slowking-Galar, F|
|poke|p2|Cleffa, M|
|poke|p2|Gumshoos, M|
|poke|p2|Farigiraf, M|
|poke|p2|Hoopa-Unbound|
|poke|p2|Porygon-Z|
|teampreview
|inactive|Battle timer is ON: inactive players will automatically lose when time's up. (requested by darksora420)
|
|t:|1779578848
|teamsize|p1|6
|teamsize|p2|6
|start
|switch|p1a: Pelipper|Pelipper, F|100/100
|switch|p2a: Slowking|Slowking-Galar, F|100/100
|-weather|RainDance|[from] ability: Drizzle|[of] p1a: Pelipper
|turn|1
|
|t:|1779578863
|move|p1a: Pelipper|U-turn|p2a: Slowking
|-damage|p2a: Slowking|92/100
|-damage|p1a: Pelipper|84/100|[from] item: Rocky Helmet|[of] p2a: Slowking
|
|t:|1779578869
|switch|p1a: Barraskewda|Barraskewda, M|100/100|[from] U-turn
|move|p2a: Slowking|Trick Room|p2a: Slowking
|-fieldstart|move: Trick Room|[of] p2a: Slowking
|
|-weather|RainDance|[upkeep]
|upkeep
|turn|2
|
|t:|1779578873
|-prepare|p2a: Slowking|Chilly Reception|[premajor]
|move|p2a: Slowking|Chilly Reception|p2a: Slowking
|-weather|Snowscape
|
|t:|1779578880
|switch|p2a: Porygon-Z|Porygon-Z|100/100|[from] Chilly Reception
|move|p1a: Barraskewda|Liquidation|p2a: Porygon-Z
|-damage|p2a: Porygon-Z|22/100
|
|-weather|Snowscape|[upkeep]
|upkeep
|turn|3
|
|t:|1779578887
|switch|p1a: Araquanid|Araquanid, M|100/100
|move|p2a: Porygon-Z|Discharge|p1a: Araquanid
|-supereffective|p1a: Araquanid
|-damage|p1a: Araquanid|46/100
|
|-weather|Snowscape|[upkeep]
|upkeep
|turn|4
|
|t:|1779578897
|move|p2a: Porygon-Z|Tri Attack|p1a: Araquanid
|-damage|p1a: Araquanid|0 fnt
|faint|p1a: Araquanid
|
|-weather|Snowscape|[upkeep]
|upkeep
|
|t:|1779578909
|switch|p1a: Pelipper|Pelipper, F|84/100
|-weather|RainDance|[from] ability: Drizzle|[of] p1a: Pelipper
|turn|5
|
|t:|1779578915
|switch|p1a: Great Tusk|Great Tusk|100/100
|-enditem|p1a: Great Tusk|Booster Energy
|-activate|p1a: Great Tusk|ability: Protosynthesis|[fromitem]
|-start|p1a: Great Tusk|protosynthesisspe
|move|p2a: Porygon-Z|Tri Attack|p1a: Great Tusk
|-damage|p1a: Great Tusk|18/100
|-status|p1a: Great Tusk|frz
|
|-weather|RainDance|[upkeep]
|-fieldend|move: Trick Room
|upkeep
|turn|6
|
|t:|1779578925
|cant|p1a: Great Tusk|frz
|move|p2a: Porygon-Z|Trick Room|p2a: Porygon-Z
|-fieldstart|move: Trick Room|[of] p2a: Porygon-Z
|
|-weather|RainDance|[upkeep]
|upkeep
|turn|7
|
|t:|1779578929
|move|p2a: Porygon-Z|Tri Attack|p1a: Great Tusk
|-damage|p1a: Great Tusk|0 fnt
|faint|p1a: Great Tusk
|-end|p1a: Great Tusk|Protosynthesis|[silent]
|
|-weather|RainDance|[upkeep]
|upkeep
|
|t:|1779578935
|switch|p1a: Basculegion|Basculegion-F, F|100/100
|turn|8
|
|t:|1779578942
|-terastallize|p1a: Basculegion|Ghost
|move|p2a: Porygon-Z|Discharge|p1a: Basculegion
|-damage|p1a: Basculegion|65/100
|move|p1a: Basculegion|Surf|p2a: Porygon-Z
|-damage|p2a: Porygon-Z|0 fnt
|faint|p2a: Porygon-Z
|
|-weather|RainDance|[upkeep]
|upkeep
|
|t:|1779578949
|switch|p2a: Hoopa|Hoopa-Unbound|100/100
|turn|9
|
|t:|1779578966
|switch|p1a: Ogerpon|Ogerpon-Wellspring, F|100/100
|move|p2a: Hoopa|Hyperspace Fury|p1a: Ogerpon
|-damage|p1a: Ogerpon|20/100
|-unboost|p2a: Hoopa|def|1
|
|-weather|RainDance|[upkeep]
|upkeep
|turn|10
|
|t:|1779578974
|move|p2a: Hoopa|Hyperspace Fury|p1a: Ogerpon
|-damage|p1a: Ogerpon|0 fnt
|-unboost|p2a: Hoopa|def|1
|faint|p1a: Ogerpon
|
|-weather|RainDance|[upkeep]
|-fieldend|move: Trick Room
|upkeep
|
|t:|1779578978
|switch|p1a: Barraskewda|Barraskewda, M|100/100
|turn|11
|
|t:|1779578983
|switch|p2a: Farigiraf|Farigiraf, M|100/100
|move|p1a: Barraskewda|Liquidation|p2a: Farigiraf
|-damage|p2a: Farigiraf|0 fnt
|-damage|p1a: Barraskewda|84/100|[from] item: Rocky Helmet|[of] p2a: Farigiraf
|faint|p2a: Farigiraf
|
|-weather|RainDance|[upkeep]
|upkeep
|
|t:|1779578989
|switch|p2a: Slowking|Slowking-Galar, F|100/100
|turn|12
|
|t:|1779578993
|move|p1a: Barraskewda|Liquidation|p2a: Slowking
|-damage|p2a: Slowking|0 fnt
|-damage|p1a: Barraskewda|67/100|[from] item: Rocky Helmet|[of] p2a: Slowking
|faint|p2a: Slowking
|
|-weather|none
|upkeep
|
|t:|1779578997
|switch|p2a: Cleffa|Cleffa, M|100/100
|turn|13
|
|t:|1779579003
|switch|p1a: Basculegion|Basculegion-F, F, tera:Ghost|65/100
|move|p2a: Cleffa|Endeavor|p1a: Basculegion
|-immune|p1a: Basculegion
|
|upkeep
|turn|14
|
|t:|1779579011
|move|p2a: Cleffa|Protect|p2a: Cleffa
|-singleturn|p2a: Cleffa|Protect
|move|p1a: Basculegion|Flip Turn|p2a: Cleffa
|-activate|p2a: Cleffa|move: Protect
|
|upkeep
|turn|15
|
|t:|1779579017
|move|p1a: Basculegion|Flip Turn|p2a: Cleffa
|-enditem|p2a: Cleffa|Focus Sash
|-damage|p2a: Cleffa|1/100
|
|t:|1779579020
|switch|p1a: Pelipper|Pelipper, F|84/100|[from] Flip Turn
|-weather|RainDance|[from] ability: Drizzle|[of] p1a: Pelipper
|move|p2a: Cleffa|Endeavor|p1a: Pelipper
|-damage|p1a: Pelipper|1/100
|
|-weather|RainDance|[upkeep]
|upkeep
|turn|16
|
|t:|1779579026
|move|p1a: Pelipper|U-turn|p2a: Cleffa
|-resisted|p2a: Cleffa
|-damage|p2a: Cleffa|0 fnt
|faint|p2a: Cleffa
|
|t:|1779579030
|switch|p1a: Barraskewda|Barraskewda, M|67/100|[from] U-turn
|
|-weather|RainDance|[upkeep]
|upkeep
|-message|uyscience forfeited.
|
|win|darksora420
|raw|darksora420's rating: 1241 &rarr; <strong>1264</strong><br />(+23 for winning)
|raw|uyscience's rating: 1215 &rarr; <strong>1192</strong><br />(-23 for losing)
|l|‽uyscience
|player|p2|
|l|☆darksora420
|player|p1|
