|j|☆ipff
|j|☆crissperez
|t:|1779605861
|gametype|singles
|player|p1|ipff|hooligans|1299
|player|p2|crissperez|juan|1353
|gen|9
|tier|[Gen 9] OU
|rated|
|rule|HP Percentage Mod: HP is shown in percentages
|rule|Endless Battle Clause: Forcing endless battles is banned
|rule|Species Clause: Limit one of each Pokémon
|rule|OHKO Clause: OHKO moves are banned
|rule|Evasion Items Clause: Evasion items are banned
|rule|Evasion Moves Clause: Evasion moves are banned
|rule|Evasion Abilities Clause: Evasion abilities are banned
|rule|Sleep Moves Clause: Sleep-inducing moves are banned
|clearpoke
|poke|p1|Iron Boulder|
|poke|p1|Kingambit, M|
|poke|p1|Raging Bolt|
|poke|p1|Glimmora, M|
|poke|p1|Iron Valiant|
|poke|p1|Meowscarada, M|
|poke|p2|Serperior, M|
|poke|p2|Hawlucha, F|
|poke|p2|Iron Crown|
|poke|p2|Garganacl, F|
|poke|p2|Florges, F|
|poke|p2|Ogerpon-Wellspring, F|
|teampreview
|inactive|Battle timer is ON: inactive players will automatically lose when time's up. (requested by ipff)
|inactive|crissperez also wants the timer to be on.
|
|t:|1779605876
|teamsize|p1|6
|teamsize|p2|6
|start
|switch|p1a: Meowscarada|Meowscarada, M|100/100
|switch|p2a: Serperior|Serperior, M|100/100
|turn|1
|
|t:|1779605883
|switch|p2a: Garganacl|Garganacl, F|100/100
|move|p1a: Meowscarada|Triple Axel|p2a: Garganacl
|-start|p1a: Meowscarada|typechange|Ice|[from] ability: Protean
|-damage|p2a: Garganacl|93/100
|-damage|p1a: Meowscarada|84/100|[from] item: Rocky Helmet|[of] p2a: Garganacl
|-damage|p2a: Garganacl|80/100
|-damage|p1a: Meowscarada|68/100|[from] item: Rocky Helmet|[of] p2a: Garganacl
|-damage|p2a: Garganacl|60/100
|-damage|p1a: Meowscarada|51/100|[from] item: Rocky Helmet|[of] p2a: Garganacl
|-hitcount|p2a: Garganacl|3
|
|upkeep
|turn|2
|
|t:|1779605900
|switch|p1a: Iron Valiant|Iron Valiant|100/100
|move|p2a: Garganacl|Recover|p2a: Garganacl
|-heal|p2a: Garganacl|100/100
|
|upkeep
|turn|3
|
|t:|1779605909
|switch|p2a: Florges|Florges, F|100/100
|move|p1a: Iron Valiant|Moonblast|p2a: Florges
|-damage|p2a: Florges|66/100
|
|-heal|p2a: Florges|72/100|[from] item: Leftovers
|upkeep
|turn|4
|
|t:|1779605926
|-end|p1a: Iron Valiant|Quark Drive|[silent]
|switch|p1a: Glimmora|Glimmora, M|100/100
|move|p2a: Florges|Calm Mind|p2a: Florges
|-boost|p2a: Florges|spa|1
|-boost|p2a: Florges|spd|1
|
|-heal|p2a: Florges|79/100|[from] item: Leftovers
|upkeep
|turn|5
|
|t:|1779605934
|move|p1a: Glimmora|Mortal Spin|p2a: Florges
|-supereffective|p2a: Florges
|-damage|p2a: Florges|63/100
|-status|p2a: Florges|psn
|move|p2a: Florges|Psychic|p1a: Glimmora
|-supereffective|p1a: Glimmora
|-damage|p1a: Glimmora|11/100
|
|-heal|p2a: Florges|69/100 psn|[from] item: Leftovers
|-damage|p2a: Florges|57/100 psn|[from] psn
|upkeep
|turn|6
|
|t:|1779605953
|move|p1a: Glimmora|Stealth Rock|p2a: Florges
|-sidestart|p2: crissperez|move: Stealth Rock
|move|p2a: Florges|Energy Ball|p1a: Glimmora
|-damage|p1a: Glimmora|0 fnt
|faint|p1a: Glimmora
|
|-heal|p2a: Florges|63/100 psn|[from] item: Leftovers
|-damage|p2a: Florges|50/100 psn|[from] psn
|upkeep
|
|t:|1779605961
|switch|p1a: Meowscarada|Meowscarada, M|51/100
|turn|7
|
|t:|1779605967
|switch|p2a: Garganacl|Garganacl, F|100/100
|-damage|p2a: Garganacl|88/100|[from] Stealth Rock
|move|p1a: Meowscarada|Flower Trick|p2a: Garganacl
|-start|p1a: Meowscarada|typechange|Grass|[from] ability: Protean
|-supereffective|p2a: Garganacl
|-crit|p2a: Garganacl
|-damage|p2a: Garganacl|9/100
|
|upkeep
|turn|8
|
|t:|1779605984
|move|p1a: Meowscarada|Flower Trick|p2a: Garganacl
|-supereffective|p2a: Garganacl
|-crit|p2a: Garganacl
|-damage|p2a: Garganacl|0 fnt
|faint|p2a: Garganacl
|
|upkeep
|
|t:|1779605996
|switch|p2a: Hawlucha|Hawlucha, F|100/100
|-damage|p2a: Hawlucha|88/100|[from] Stealth Rock
|turn|9
|
|t:|1779606002
|switch|p1a: Raging Bolt|Raging Bolt|100/100
|move|p2a: Hawlucha|Substitute|p2a: Hawlucha
|-start|p2a: Hawlucha|Substitute
|-damage|p2a: Hawlucha|63/100
|
|upkeep
|turn|10
|
|t:|1779606008
|move|p2a: Hawlucha|Swords Dance|p2a: Hawlucha
|-boost|p2a: Hawlucha|atk|2
|move|p1a: Raging Bolt|Thunderbolt|p2a: Hawlucha
|-supereffective|p2a: Hawlucha
|-end|p2a: Hawlucha|Substitute
|
|upkeep
|turn|11
|
|t:|1779606015
|move|p1a: Raging Bolt|Thunderclap||[still]
|-fail|p1a: Raging Bolt
|move|p2a: Hawlucha|Substitute|p2a: Hawlucha
|-start|p2a: Hawlucha|Substitute
|-damage|p2a: Hawlucha|38/100
|-enditem|p2a: Hawlucha|Sitrus Berry|[eat]
|-heal|p2a: Hawlucha|63/100|[from] item: Sitrus Berry
|
|upkeep
|turn|12
|
|t:|1779606023
|move|p2a: Hawlucha|Drain Punch|p1a: Raging Bolt
|-damage|p1a: Raging Bolt|39/100
|-heal|p2a: Hawlucha|100/100|[from] drain|[of] p1a: Raging Bolt
|move|p1a: Raging Bolt|Thunderbolt|p2a: Hawlucha
|-supereffective|p2a: Hawlucha
|-end|p2a: Hawlucha|Substitute
|
|-heal|p1a: Raging Bolt|45/100|[from] item: Leftovers
|upkeep
|turn|13
|
|t:|1779606034
|-terastallize|p1a: Raging Bolt|Fairy
|move|p2a: Hawlucha|Substitute|p2a: Hawlucha
|-start|p2a: Hawlucha|Substitute
|-damage|p2a: Hawlucha|75/100
|move|p1a: Raging Bolt|Thunderbolt|p2a: Hawlucha
|-supereffective|p2a: Hawlucha
|-crit|p2a: Hawlucha
|-end|p2a: Hawlucha|Substitute
|
|-heal|p1a: Raging Bolt|51/100|[from] item: Leftovers
|upkeep
|turn|14
|
|t:|1779606044
|move|p2a: Hawlucha|Acrobatics|p1a: Raging Bolt
|-damage|p1a: Raging Bolt|0 fnt
|faint|p1a: Raging Bolt
|-end|p1a: Raging Bolt|Protosynthesis|[silent]
|
|upkeep
|
|t:|1779606052
|switch|p1a: Iron Boulder|Iron Boulder|100/100
|-enditem|p1a: Iron Boulder|Booster Energy
|-activate|p1a: Iron Boulder|ability: Quark Drive|[fromitem]
|-start|p1a: Iron Boulder|quarkdrivespe
|turn|15
|
|t:|1779606059
|move|p2a: Hawlucha|Drain Punch|p1a: Iron Boulder
|-damage|p1a: Iron Boulder|13/100
|-heal|p2a: Hawlucha|100/100|[from] drain|[of] p1a: Iron Boulder
|move|p1a: Iron Boulder|Mighty Cleave|p2a: Hawlucha
|-damage|p2a: Hawlucha|34/100
|
|upkeep
|turn|16
|-message|ipff forfeited.
|
|win|crissperez
|raw|ipff's rating: 1299 &rarr; <strong>1278</strong><br />(-21 for losing)
|raw|crissperez's rating: 1353 &rarr; <strong>1370</strong><br />(+17 for winning)
|l|☆ipff
|player|p1|
|l|☆crissperez
|player|p2|
