|j|☆Hockeystick7
|j|☆Frozion
|inactive|Battle timer is ON: inactive players will automatically lose when time's up.
|t:|1779639500
|gametype|singles
|player|p1|Hockeystick7|lucas|
|player|p2|Frozion|unknownf|
|gen|9
|tier|[Gen 9] OU
|rated|Tournament battle
|rule|HP Percentage Mod: HP is shown in percentages
|rule|Endless Battle Clause: Forcing endless battles is banned
|rule|Species Clause: Limit one of each Pokémon
|rule|OHKO Clause: OHKO moves are banned
|rule|Evasion Items Clause: Evasion items are banned
|rule|Evasion Moves Clause: Evasion moves are banned
|rule|Evasion Abilities Clause: Evasion abilities are banned
|rule|Sleep Moves Clause: Sleep-inducing moves are banned
|clearpoke
|poke|p1|Raging Bolt|
|poke|p1|Corviknight, M|
|poke|p1|Pecharunt|
|poke|p1|Kingambit, M|
|poke|p1|Zamazenta-*|
|poke|p1|Ting-Lu|
|poke|p2|Deoxys-Speed|
|poke|p2|Latias, F|
|poke|p2|Ceruledge, M|
|poke|p2|Darkrai|
|poke|p2|Gholdengo|
|poke|p2|Great Tusk|
|teampreview
|j|*Lady Monita 
|
|t:|1779639521
|teamsize|p1|6
|teamsize|p2|6
|start
|switch|p1a: Pecharunt|Pecharunt|100/100
|switch|p2a: Deoxys|Deoxys-Speed|100/100
|-ability|p2a: Deoxys|Pressure
|turn|1
|
|t:|1779639532
|switch|p1a: Ting-Lu|Ting-Lu|100/100
|-ability|p1a: Ting-Lu|Vessel of Ruin
|move|p2a: Deoxys|Light Screen|p2a: Deoxys
|-sidestart|p2: Frozion|move: Light Screen
|
|upkeep
|turn|2
|l|☆Hockeystick7
|inactive|Hockeystick7 disconnected and has a minute to reconnect!
|player|p1|
|j|☆Hockeystick7
|inactive|Hockeystick7 reconnected and has 145 seconds left.
|player|p1|Hockeystick7|lucas|
|
|t:|1779639543
|move|p2a: Deoxys|Reflect|p2a: Deoxys
|-sidestart|p2: Frozion|Reflect
|move|p1a: Ting-Lu|Stealth Rock|p2a: Deoxys
|-sidestart|p2: Frozion|move: Stealth Rock
|
|upkeep
|turn|3
|
|t:|1779639570
|move|p2a: Deoxys|Taunt|p1a: Ting-Lu
|-start|p1a: Ting-Lu|move: Taunt
|cant|p1a: Ting-Lu|move: Taunt|Spikes
|
|upkeep
|turn|4
|
|t:|1779639574
|switch|p2a: Latias|Latias, F, shiny|100/100
|-damage|p2a: Latias|88/100|[from] Stealth Rock
|switch|p1a: Corviknight|Corviknight, M|100/100
|-ability|p1a: Corviknight|Pressure
|
|upkeep
|turn|5
|
|t:|1779639578
|move|p2a: Latias|Calm Mind|p2a: Latias
|-boost|p2a: Latias|spa|1
|-boost|p2a: Latias|spd|1
|move|p1a: Corviknight|U-turn|p2a: Latias
|-supereffective|p2a: Latias
|-damage|p2a: Latias|74/100
|-enditem|p2a: Latias|Weakness Policy
|-boost|p2a: Latias|atk|2|[from] item: Weakness Policy
|-boost|p2a: Latias|spa|2|[from] item: Weakness Policy
|
|t:|1779639581
|switch|p1a: Ting-Lu|Ting-Lu|100/100|[from] U-turn
|-ability|p1a: Ting-Lu|Vessel of Ruin
|
|upkeep
|turn|6
|
|t:|1779639586
|-terastallize|p1a: Ting-Lu|Fairy
|move|p2a: Latias|Aura Sphere|p1a: Ting-Lu
|-resisted|p1a: Ting-Lu
|-damage|p1a: Ting-Lu|86/100
|move|p1a: Ting-Lu|Whirlwind|p2a: Latias
|drag|p2a: Deoxys|Deoxys-Speed|100/100
|-damage|p2a: Deoxys|88/100|[from] Stealth Rock
|-ability|p2a: Deoxys|Pressure
|
|-heal|p1a: Ting-Lu|93/100|[from] item: Leftovers
|upkeep
|turn|7
|
|t:|1779639594
|switch|p1a: Corviknight|Corviknight, M|100/100
|-ability|p1a: Corviknight|Pressure
|move|p2a: Deoxys|Taunt|p1a: Corviknight
|-start|p1a: Corviknight|move: Taunt
|
|upkeep
|turn|8
|
|t:|1779639600
|switch|p2a: Great Tusk|Great Tusk|100/100
|-damage|p2a: Great Tusk|98/100|[from] Stealth Rock
|-enditem|p2a: Great Tusk|Booster Energy
|-activate|p2a: Great Tusk|ability: Protosynthesis|[fromitem]
|-start|p2a: Great Tusk|protosynthesisspe
|move|p1a: Corviknight|U-turn|p2a: Great Tusk
|-resisted|p2a: Great Tusk
|-damage|p2a: Great Tusk|95/100
|
|t:|1779639605
|switch|p1a: Ting-Lu|Ting-Lu, tera:Fairy|93/100|[from] U-turn
|-ability|p1a: Ting-Lu|Vessel of Ruin
|
|-heal|p1a: Ting-Lu|99/100|[from] item: Leftovers
|-sideend|p2: Frozion|move: Light Screen
|upkeep
|turn|9
|
|t:|1779639609
|switch|p1a: Corviknight|Corviknight, M|100/100
|-ability|p1a: Corviknight|Pressure
|move|p2a: Great Tusk|Rapid Spin|p1a: Corviknight
|-resisted|p1a: Corviknight
|-damage|p1a: Corviknight|96/100
|-boost|p2a: Great Tusk|spe|1
|-damage|p2a: Great Tusk|79/100|[from] item: Rocky Helmet|[of] p1a: Corviknight
|-sideend|p2: Frozion|Stealth Rock|[from] move: Rapid Spin|[of] p2a: Great Tusk
|
|-sideend|p2: Frozion|Reflect
|upkeep
|turn|10
|
|t:|1779639614
|-end|p2a: Great Tusk|Protosynthesis|[silent]
|switch|p2a: Latias|Latias, F, shiny|74/100
|move|p1a: Corviknight|Body Press|p2a: Latias
|-resisted|p2a: Latias
|-damage|p2a: Latias|61/100
|
|upkeep
|turn|11
|
|t:|1779639617
|switch|p2a: Ceruledge|Ceruledge, M|100/100
|move|p1a: Corviknight|U-turn|p2a: Ceruledge
|-resisted|p2a: Ceruledge
|-damage|p2a: Ceruledge|96/100
|-ability|p2a: Ceruledge|Weak Armor|boost
|-unboost|p2a: Ceruledge|def|1
|-boost|p2a: Ceruledge|spe|2
|
|t:|1779639622
|switch|p1a: Ting-Lu|Ting-Lu, tera:Fairy|99/100|[from] U-turn
|-ability|p1a: Ting-Lu|Vessel of Ruin
|
|-heal|p1a: Ting-Lu|100/100|[from] item: Leftovers
|upkeep
|turn|12
|
|t:|1779639625
|move|p2a: Ceruledge|Swords Dance|p2a: Ceruledge
|-boost|p2a: Ceruledge|atk|2
|move|p1a: Ting-Lu|Stealth Rock|p2a: Ceruledge
|-sidestart|p2: Frozion|move: Stealth Rock
|
|upkeep
|turn|13
|
|t:|1779639628
|move|p2a: Ceruledge|Bitter Blade|p1a: Ting-Lu
|-damage|p1a: Ting-Lu|49/100
|-heal|p2a: Ceruledge|100/100|[from] drain|[of] p1a: Ting-Lu
|-damage|p2a: Ceruledge|91/100|[from] item: Life Orb
|move|p1a: Ting-Lu|Whirlwind|p2a: Ceruledge
|drag|p2a: Great Tusk|Great Tusk|79/100
|-damage|p2a: Great Tusk|76/100|[from] Stealth Rock
|
|-heal|p1a: Ting-Lu|55/100|[from] item: Leftovers
|upkeep
|turn|14
|
|t:|1779639633
|switch|p1a: Corviknight|Corviknight, M|96/100
|-ability|p1a: Corviknight|Pressure
|move|p2a: Great Tusk|Rapid Spin|p1a: Corviknight
|-resisted|p1a: Corviknight
|-crit|p1a: Corviknight
|-damage|p1a: Corviknight|89/100
|-boost|p2a: Great Tusk|spe|1
|-damage|p2a: Great Tusk|59/100|[from] item: Rocky Helmet|[of] p1a: Corviknight
|-sideend|p2: Frozion|Stealth Rock|[from] move: Rapid Spin|[of] p2a: Great Tusk
|
|upkeep
|turn|15
|
|t:|1779639639
|move|p2a: Great Tusk|Bulk Up|p2a: Great Tusk
|-boost|p2a: Great Tusk|atk|1
|-boost|p2a: Great Tusk|def|1
|move|p1a: Corviknight|Body Press|p2a: Great Tusk
|-damage|p2a: Great Tusk|48/100
|
|upkeep
|turn|16
|
|t:|1779639641
|switch|p1a: Ting-Lu|Ting-Lu, tera:Fairy|55/100
|-ability|p1a: Ting-Lu|Vessel of Ruin
|move|p2a: Great Tusk|Bulk Up|p2a: Great Tusk
|-boost|p2a: Great Tusk|atk|1
|-boost|p2a: Great Tusk|def|1
|
|-heal|p1a: Ting-Lu|61/100|[from] item: Leftovers
|upkeep
|turn|17
|
|t:|1779639645
|move|p2a: Great Tusk|Bulk Up|p2a: Great Tusk
|-boost|p2a: Great Tusk|atk|1
|-boost|p2a: Great Tusk|def|1
|move|p1a: Ting-Lu|Whirlwind|p2a: Great Tusk
|-end|p2a: Great Tusk|Protosynthesis|[silent]
|drag|p2a: Latias|Latias, F, shiny|61/100
|
|-heal|p1a: Ting-Lu|68/100|[from] item: Leftovers
|upkeep
|turn|18
|
|t:|1779639649
|switch|p1a: Corviknight|Corviknight, M|89/100
|-ability|p1a: Corviknight|Pressure
|move|p2a: Latias|Calm Mind|p2a: Latias
|-boost|p2a: Latias|spa|1
|-boost|p2a: Latias|spd|1
|
|upkeep
|turn|19
|
|t:|1779639651
|move|p2a: Latias|Calm Mind|p2a: Latias
|-boost|p2a: Latias|spa|1
|-boost|p2a: Latias|spd|1
|move|p1a: Corviknight|U-turn|p2a: Latias
|-supereffective|p2a: Latias
|-damage|p2a: Latias|34/100
|
|t:|1779639653
|switch|p1a: Ting-Lu|Ting-Lu, tera:Fairy|68/100|[from] U-turn
|-ability|p1a: Ting-Lu|Vessel of Ruin
|
|-heal|p1a: Ting-Lu|74/100|[from] item: Leftovers
|upkeep
|turn|20
|
|t:|1779639656
|move|p2a: Latias|Stored Power|p1a: Ting-Lu
|-damage|p1a: Ting-Lu|32/100
|move|p1a: Ting-Lu|Whirlwind|p2a: Latias
|drag|p2a: Ceruledge|Ceruledge, M|91/100
|
|-heal|p1a: Ting-Lu|38/100|[from] item: Leftovers
|upkeep
|turn|21
|
|t:|1779639666
|move|p2a: Ceruledge|Swords Dance|p2a: Ceruledge
|-boost|p2a: Ceruledge|atk|2
|move|p1a: Ting-Lu|Rest|p1a: Ting-Lu
|-status|p1a: Ting-Lu|slp|[from] move: Rest
|-heal|p1a: Ting-Lu|100/100 slp|[silent]
|
|upkeep
|turn|22
|
|t:|1779639671
|move|p2a: Ceruledge|Swords Dance|p2a: Ceruledge
|-boost|p2a: Ceruledge|atk|2
|cant|p1a: Ting-Lu|slp
|
|upkeep
|turn|23
|
|t:|1779639673
|move|p2a: Ceruledge|Swords Dance|p2a: Ceruledge
|-boost|p2a: Ceruledge|atk|2
|cant|p1a: Ting-Lu|slp
|
|upkeep
|turn|24
|
|t:|1779639675
|move|p2a: Ceruledge|Bitter Blade|p1a: Ting-Lu
|-damage|p1a: Ting-Lu|0 fnt
|-heal|p2a: Ceruledge|100/100|[from] drain|[of] p1a: Ting-Lu
|faint|p1a: Ting-Lu
|-damage|p2a: Ceruledge|91/100|[from] item: Life Orb
|
|upkeep
|
|t:|1779639680
|switch|p1a: Raging Bolt|Raging Bolt|100/100
|turn|25
|
|t:|1779639696
|move|p2a: Ceruledge|Bitter Blade|p1a: Raging Bolt
|-resisted|p1a: Raging Bolt
|-damage|p1a: Raging Bolt|16/100
|-heal|p2a: Ceruledge|100/100|[from] drain|[of] p1a: Raging Bolt
|-damage|p2a: Ceruledge|91/100|[from] item: Life Orb
|move|p1a: Raging Bolt|Thunderbolt|p2a: Ceruledge
|-damage|p2a: Ceruledge|4/100
|
|upkeep
|turn|26
|
|t:|1779639704
|-end|p1a: Raging Bolt|Protosynthesis|[silent]
|switch|p1a: Zamazenta|Zamazenta|100/100
|-ability|p1a: Zamazenta|Dauntless Shield|boost
|-boost|p1a: Zamazenta|def|1
|move|p2a: Ceruledge|Shadow Sneak|p1a: Zamazenta
|-damage|p1a: Zamazenta|37/100
|-damage|p2a: Ceruledge|0 fnt|[from] item: Life Orb
|faint|p2a: Ceruledge
|
|-heal|p1a: Zamazenta|43/100|[from] item: Leftovers
|upkeep
|
|t:|1779639712
|switch|p2a: Deoxys|Deoxys-Speed|88/100
|-ability|p2a: Deoxys|Pressure
|turn|27
|
|t:|1779639718
|switch|p1a: Corviknight|Corviknight, M|89/100
|-ability|p1a: Corviknight|Pressure
|move|p2a: Deoxys|Reflect|p2a: Deoxys
|-sidestart|p2: Frozion|Reflect
|
|upkeep
|turn|28
|
|t:|1779639720
|move|p2a: Deoxys|Light Screen|p2a: Deoxys
|-sidestart|p2: Frozion|move: Light Screen
|move|p1a: Corviknight|U-turn|p2a: Deoxys
|-supereffective|p2a: Deoxys
|-damage|p2a: Deoxys|71/100
|
|t:|1779639728
|switch|p1a: Zamazenta|Zamazenta|43/100|[from] U-turn
|
|-heal|p1a: Zamazenta|49/100|[from] item: Leftovers
|upkeep
|turn|29
|
|t:|1779639730
|move|p2a: Deoxys|Psycho Boost|p1a: Zamazenta
|-supereffective|p1a: Zamazenta
|-damage|p1a: Zamazenta|0 fnt
|-unboost|p2a: Deoxys|spa|2
|faint|p1a: Zamazenta
|
|upkeep
|
|t:|1779639733
|switch|p1a: Raging Bolt|Raging Bolt|16/100
|turn|30
|
|t:|1779639736
|move|p1a: Raging Bolt|Thunderclap|p2a: Deoxys
|-damage|p2a: Deoxys|32/100
|move|p2a: Deoxys|Psycho Boost|p1a: Raging Bolt
|-damage|p1a: Raging Bolt|0 fnt
|-unboost|p2a: Deoxys|spa|2
|faint|p1a: Raging Bolt
|-end|p1a: Raging Bolt|Protosynthesis|[silent]
|
|upkeep
|
|t:|1779639740
|switch|p1a: Corviknight|Corviknight, M|89/100
|-ability|p1a: Corviknight|Pressure
|turn|31
|
|t:|1779639743
|move|p2a: Deoxys|Taunt|p1a: Corviknight
|-start|p1a: Corviknight|move: Taunt
|move|p1a: Corviknight|U-turn|p2a: Deoxys
|-supereffective|p2a: Deoxys
|-damage|p2a: Deoxys|15/100
|
|t:|1779639746
|switch|p1a: Pecharunt|Pecharunt|100/100|[from] U-turn
|
|upkeep
|turn|32
|
|t:|1779639750
|switch|p2a: Gholdengo|Gholdengo|100/100
|move|p1a: Pecharunt|Foul Play|p2a: Gholdengo
|-supereffective|p2a: Gholdengo
|-damage|p2a: Gholdengo|89/100
|
|upkeep
|turn|33
|
|t:|1779639755
|move|p2a: Gholdengo|Nasty Plot|p2a: Gholdengo
|-boost|p2a: Gholdengo|spa|2
|move|p1a: Pecharunt|Foul Play|p2a: Gholdengo
|-supereffective|p2a: Gholdengo
|-damage|p2a: Gholdengo|77/100
|
|upkeep
|turn|34
|
|t:|1779639760
|move|p2a: Gholdengo|Nasty Plot|p2a: Gholdengo
|-boost|p2a: Gholdengo|spa|2
|move|p1a: Pecharunt|Foul Play|p2a: Gholdengo
|-supereffective|p2a: Gholdengo
|-damage|p2a: Gholdengo|65/100
|
|-sideend|p2: Frozion|Reflect
|upkeep
|turn|35
|
|t:|1779639763
|move|p2a: Gholdengo|Nasty Plot|p2a: Gholdengo
|-boost|p2a: Gholdengo|spa|2
|move|p1a: Pecharunt|Foul Play|p2a: Gholdengo
|-supereffective|p2a: Gholdengo
|-damage|p2a: Gholdengo|41/100
|
|-sideend|p2: Frozion|move: Light Screen
|upkeep
|turn|36
|
|t:|1779639766
|move|p2a: Gholdengo|Nasty Plot|p2a: Gholdengo
|-boost|p2a: Gholdengo|spa|0
|move|p1a: Pecharunt|Foul Play|p2a: Gholdengo
|-supereffective|p2a: Gholdengo
|-damage|p2a: Gholdengo|19/100
|-enditem|p2a: Gholdengo|Salac Berry|[eat]
|-boost|p2a: Gholdengo|spe|1|[from] item: Salac Berry
|
|upkeep
|turn|37
|
|t:|1779639770
|move|p2a: Gholdengo|Psyshock|p1a: Pecharunt
|-supereffective|p1a: Pecharunt
|-damage|p1a: Pecharunt|0 fnt
|faint|p1a: Pecharunt
|
|upkeep
|
|t:|1779639773
|switch|p1a: Corviknight|Corviknight, M|89/100
|-ability|p1a: Corviknight|Pressure
|turn|38
|
|t:|1779639776
|move|p2a: Gholdengo|Shadow Ball|p1a: Corviknight
|-damage|p1a: Corviknight|0 fnt
|faint|p1a: Corviknight
|
|upkeep
|
|t:|1779639779
|switch|p1a: Kingambit|Kingambit, M|100/100
|-activate|p1a: Kingambit|ability: Supreme Overlord
|-start|p1a: Kingambit|fallen5|[silent]
|turn|39
|
|t:|1779639792
|move|p1a: Kingambit|Sucker Punch||[still]
|-fail|p1a: Kingambit
|move|p2a: Gholdengo|Nasty Plot|p2a: Gholdengo
|-boost|p2a: Gholdengo|spa|0
|
|upkeep
|turn|40
|
|t:|1779639800
|move|p2a: Gholdengo|Nasty Plot|p2a: Gholdengo
|-boost|p2a: Gholdengo|spa|0
|move|p1a: Kingambit|Kowtow Cleave|p2a: Gholdengo
|-supereffective|p2a: Gholdengo
|-damage|p2a: Gholdengo|0 fnt
|faint|p2a: Gholdengo
|
|upkeep
|
|t:|1779639803
|switch|p2a: Darkrai|Darkrai|100/100
|turn|41
|
|t:|1779639807
|move|p2a: Darkrai|Focus Blast|p1a: Kingambit|[miss]
|-miss|p2a: Darkrai|p1a: Kingambit
|move|p1a: Kingambit|Iron Head|p2a: Darkrai
|-damage|p2a: Darkrai|13/100
|
|upkeep
|turn|42
|
|t:|1779639814
|move|p2a: Darkrai|Nasty Plot|p2a: Darkrai
|-boost|p2a: Darkrai|spa|2
|move|p1a: Kingambit|Iron Head|p2a: Darkrai
|-damage|p2a: Darkrai|0 fnt
|faint|p2a: Darkrai
|
|upkeep
|
|t:|1779639820
|switch|p2a: Deoxys|Deoxys-Speed|15/100
|-ability|p2a: Deoxys|Pressure
|turn|43
|
|t:|1779639830
|switch|p2a: Latias|Latias, F, shiny|34/100
|move|p1a: Kingambit|Iron Head|p2a: Latias
|-damage|p2a: Latias|0 fnt
|faint|p2a: Latias
|
|upkeep
|
|t:|1779639835
|switch|p2a: Great Tusk|Great Tusk|48/100
|turn|44
|
|t:|1779639837
|move|p2a: Great Tusk|Bulk Up|p2a: Great Tusk
|-boost|p2a: Great Tusk|atk|1
|-boost|p2a: Great Tusk|def|1
|move|p1a: Kingambit|Iron Head|p2a: Great Tusk
|-damage|p2a: Great Tusk|20/100
|
|upkeep
|turn|45
|
|t:|1779639840
|move|p2a: Great Tusk|Headlong Rush|p1a: Kingambit
|-supereffective|p1a: Kingambit
|-enditem|p1a: Kingambit|Focus Sash
|-damage|p1a: Kingambit|1/100
|-unboost|p2a: Great Tusk|def|1
|-unboost|p2a: Great Tusk|spd|1
|move|p1a: Kingambit|Iron Head|p2a: Great Tusk
|-damage|p2a: Great Tusk|0 fnt
|faint|p2a: Great Tusk
|-end|p2a: Great Tusk|Protosynthesis|[silent]
|
|upkeep
|c|☆Frozion|gg hax
|c|☆Hockeystick7|ggs!
|-message|Frozion forfeited.
|
|win|Hockeystick7
|n|☆Frozion|frozion
|n|*Lady Monita |ladymonita
|n|☆Hockeystick7|hockeystick7
|l|*Lady Monita 
|l|☆Frozion
|player|p2|
|c|☆Hockeystick7|literally how
