|inactive|Battle timer is ON: inactive players will automatically lose when time's up.
|t:|1779649695
|gametype|singles
|player|p1|LOVEFIELD|lucas|
|player|p2|Kasp u_u|#wcop2026europe2|
|gen|9
|tier|[Gen 9] OU
|rule|HP Percentage Mod: HP is shown in percentages
|rule|Endless Battle Clause: Forcing endless battles is banned
|rule|Species Clause: Limit one of each Pokémon
|rule|OHKO Clause: OHKO moves are banned
|rule|Evasion Items Clause: Evasion items are banned
|rule|Evasion Moves Clause: Evasion moves are banned
|rule|Evasion Abilities Clause: Evasion abilities are banned
|rule|Sleep Moves Clause: Sleep-inducing moves are banned
|clearpoke
|poke|p1|Dragonite, F|
|poke|p1|Samurott-Hisui, F|
|poke|p1|Gholdengo|
|poke|p1|Pecharunt|
|poke|p1|Walking Wake|
|poke|p1|Ting-Lu|
|poke|p2|Gholdengo|
|poke|p2|Darkrai|
|poke|p2|Dragonite, F|
|poke|p2|Iron Treads|
|poke|p2|Ogerpon-Wellspring, F|
|poke|p2|Clefable, F|
|teampreview
|c|☆Kasp u_u|glhf
|c|☆LOVEFIELD|GLHF
|inactive|LOVEFIELD has 270 seconds left.
|
|t:|1779649755
|teamsize|p1|6
|teamsize|p2|6
|start
|switch|p1a: Ting-Lu|Ting-Lu|100/100
|switch|p2a: Ogerpon|Ogerpon-Wellspring, F|100/100
|-ability|p1a: Ting-Lu|Vessel of Ruin
|turn|1
|
|t:|1779649765
|switch|p1a: Pecharunt|Pecharunt|100/100
|move|p2a: Ogerpon|Spikes|p1a: Pecharunt
|-sidestart|p1: LOVEFIELD|Spikes
|
|upkeep
|turn|2
|
|t:|1779649771
|switch|p2a: Iron Treads|Iron Treads|100/100
|move|p1a: Pecharunt|Nasty Plot|p1a: Pecharunt
|-boost|p1a: Pecharunt|spa|2
|
|upkeep
|turn|3
|
|t:|1779649776
|move|p2a: Iron Treads|Earthquake|p1a: Pecharunt
|-supereffective|p1a: Pecharunt
|-damage|p1a: Pecharunt|45/100
|move|p1a: Pecharunt|Shadow Ball|p2a: Iron Treads
|-damage|p2a: Iron Treads|41/100
|
|upkeep
|turn|4
|
|t:|1779649799
|-end|p2a: Iron Treads|Quark Drive|[silent]
|switch|p2a: Darkrai|Darkrai|100/100
|-terastallize|p1a: Pecharunt|Water
|move|p1a: Pecharunt|Recover|p1a: Pecharunt
|-heal|p1a: Pecharunt|95/100
|
|upkeep
|turn|5
|inactive|Kasp u_u has 270 seconds left.
|inactive|Kasp u_u has 240 seconds left.
|
|t:|1779649867
|switch|p1a: Ting-Lu|Ting-Lu|100/100
|-damage|p1a: Ting-Lu|88/100|[from] Spikes
|-ability|p1a: Ting-Lu|Vessel of Ruin
|move|p2a: Darkrai|Dark Pulse|p1a: Ting-Lu
|-resisted|p1a: Ting-Lu
|-damage|p1a: Ting-Lu|80/100
|
|-heal|p1a: Ting-Lu|87/100|[from] item: Leftovers
|upkeep
|turn|6
|
|t:|1779649880
|move|p2a: Darkrai|Knock Off|p1a: Ting-Lu
|-resisted|p1a: Ting-Lu
|-damage|p1a: Ting-Lu|79/100
|-enditem|p1a: Ting-Lu|Leftovers|[from] move: Knock Off|[of] p2a: Darkrai
|move|p1a: Ting-Lu|Stealth Rock|p2a: Darkrai
|-sidestart|p2: Kasp u_u|move: Stealth Rock
|
|upkeep
|turn|7
|
|t:|1779649889
|switch|p2a: Ogerpon|Ogerpon-Wellspring, F|100/100
|-damage|p2a: Ogerpon|88/100|[from] Stealth Rock
|move|p1a: Ting-Lu|Ruination|p2a: Ogerpon
|-damage|p2a: Ogerpon|44/100
|
|upkeep
|turn|8
|
|t:|1779649898
|switch|p1a: Dragonite|Dragonite, F|100/100
|move|p2a: Ogerpon|Synthesis|p2a: Ogerpon
|-heal|p2a: Ogerpon|94/100
|
|upkeep
|turn|9
|
|t:|1779649901
|switch|p2a: Clefable|Clefable, F|100/100
|move|p1a: Dragonite|Dragon Tail|p2a: Clefable
|-immune|p2a: Clefable
|
|upkeep
|turn|10
|inactive|Kasp u_u has 270 seconds left.
|inactive|Kasp u_u has 240 seconds left.
|
|t:|1779649954
|switch|p1a: Gholdengo|Gholdengo|100/100
|-damage|p1a: Gholdengo|88/100|[from] Spikes
|move|p2a: Clefable|Calm Mind|p2a: Clefable
|-boost|p2a: Clefable|spa|1
|-boost|p2a: Clefable|spd|1
|
|upkeep
|turn|11
|
|t:|1779649971
|switch|p2a: Ogerpon|Ogerpon-Wellspring, F|94/100
|-damage|p2a: Ogerpon|82/100|[from] Stealth Rock
|move|p1a: Gholdengo|Trick||[still]
|-fail|p1a: Gholdengo
|
|upkeep
|turn|12
|
|t:|1779649978
|switch|p1a: Dragonite|Dragonite, F|100/100
|move|p2a: Ogerpon|Spikes|p1a: Dragonite
|-sidestart|p1: LOVEFIELD|Spikes
|
|upkeep
|turn|13
|inactive|LOVEFIELD has 270 seconds left.
|
|t:|1779650024
|switch|p1a: Gholdengo|Gholdengo|88/100
|-damage|p1a: Gholdengo|72/100|[from] Spikes
|move|p2a: Ogerpon|Spikes|p1a: Gholdengo
|-sidestart|p1: LOVEFIELD|Spikes
|
|upkeep
|turn|14
|
|t:|1779650031
|switch|p1a: Dragonite|Dragonite, F|100/100
|move|p2a: Ogerpon|Synthesis|p2a: Ogerpon
|-heal|p2a: Ogerpon|100/100
|
|upkeep
|turn|15
|
|t:|1779650035
|switch|p2a: Clefable|Clefable, F|100/100
|move|p1a: Dragonite|Extreme Speed|p2a: Clefable
|-damage|p2a: Clefable|78/100
|-damage|p1a: Dragonite|84/100|[from] item: Rocky Helmet|[of] p2a: Clefable
|
|upkeep
|turn|16
|
|t:|1779650039
|switch|p1a: Pecharunt|Pecharunt, tera:Water|95/100
|move|p2a: Clefable|Moonblast|p1a: Pecharunt
|-damage|p1a: Pecharunt|66/100
|
|upkeep
|turn|17
|
|t:|1779650049
|switch|p2a: Iron Treads|Iron Treads|41/100
|-damage|p2a: Iron Treads|38/100|[from] Stealth Rock
|move|p1a: Pecharunt|Nasty Plot|p1a: Pecharunt
|-boost|p1a: Pecharunt|spa|2
|
|upkeep
|turn|18
|
|t:|1779650051
|move|p2a: Iron Treads|Knock Off|p1a: Pecharunt
|-damage|p1a: Pecharunt|48/100
|-enditem|p1a: Pecharunt|Heavy-Duty Boots|[from] move: Knock Off|[of] p2a: Iron Treads
|move|p1a: Pecharunt|Recover|p1a: Pecharunt
|-heal|p1a: Pecharunt|98/100
|
|upkeep
|turn|19
|inactive|Kasp u_u has 270 seconds left.
|
|t:|1779650057
|move|p2a: Iron Treads|Stealth Rock|p1a: Pecharunt
|-sidestart|p1: LOVEFIELD|move: Stealth Rock
|move|p1a: Pecharunt|Shadow Ball|p2a: Iron Treads
|-damage|p2a: Iron Treads|0 fnt
|faint|p2a: Iron Treads
|-end|p2a: Iron Treads|Quark Drive|[silent]
|
|upkeep
|inactive|Kasp u_u has 270 seconds left.
|inactive|Kasp u_u has 240 seconds left.
|
|t:|1779650102
|switch|p2a: Ogerpon|Ogerpon-Wellspring, F|100/100
|-damage|p2a: Ogerpon|88/100|[from] Stealth Rock
|turn|20
|inactive|Kasp u_u has 240 seconds left.
|
|t:|1779650109
|move|p2a: Ogerpon|Power Whip|p1a: Pecharunt
|-supereffective|p1a: Pecharunt
|-damage|p1a: Pecharunt|17/100
|move|p1a: Pecharunt|Malignant Chain|p2a: Ogerpon
|-supereffective|p2a: Ogerpon
|-damage|p2a: Ogerpon|0 fnt
|faint|p2a: Ogerpon
|
|upkeep
|inactive|Kasp u_u has 240 seconds left.
|c|☆Kasp u_u|.
|
|t:|1779650140
|switch|p2a: Darkrai|Darkrai|100/100
|turn|21
|
|t:|1779650146
|move|p2a: Darkrai|Dark Pulse|p1a: Pecharunt
|-damage|p1a: Pecharunt|0 fnt
|faint|p1a: Pecharunt
|
|upkeep
|
|t:|1779650155
|switch|p1a: Samurott|Samurott-Hisui, F|100/100
|-damage|p1a: Samurott|76/100|[from] Spikes
|-damage|p1a: Samurott|63/100|[from] Stealth Rock
|turn|22
|
|t:|1779650162
|move|p2a: Darkrai|Will-O-Wisp|p1a: Samurott
|-status|p1a: Samurott|brn
|move|p1a: Samurott|Ceaseless Edge|p2a: Darkrai
|-resisted|p2a: Darkrai
|-damage|p2a: Darkrai|88/100
|-sidestart|p2: Kasp u_u|Spikes
|
|-damage|p1a: Samurott|57/100 brn|[from] brn
|upkeep
|turn|23
|inactive|Kasp u_u has 240 seconds left.
|
|t:|1779650170
|switch|p2a: Clefable|Clefable, F|78/100
|move|p1a: Samurott|Flip Turn|p2a: Clefable
|-damage|p2a: Clefable|69/100
|-damage|p1a: Samurott|40/100 brn|[from] item: Rocky Helmet|[of] p2a: Clefable
|
|t:|1779650178
|switch|p1a: Gholdengo|Gholdengo|72/100|[from] Flip Turn
|-damage|p1a: Gholdengo|47/100|[from] Spikes
|-damage|p1a: Gholdengo|41/100|[from] Stealth Rock
|
|upkeep
|turn|24
|
|t:|1779650199
|switch|p2a: Gholdengo|Gholdengo|100/100
|-damage|p2a: Gholdengo|95/100|[from] Stealth Rock
|-damage|p2a: Gholdengo|82/100|[from] Spikes
|move|p1a: Gholdengo|Trick|p2a: Gholdengo
|-immune|p2a: Gholdengo|[from] ability: Good as Gold
|
|upkeep
|turn|25
|
|t:|1779650209
|switch|p1a: Samurott|Samurott-Hisui, F|40/100 brn
|-damage|p1a: Samurott|15/100 brn|[from] Spikes
|-damage|p1a: Samurott|3/100 brn|[from] Stealth Rock
|move|p2a: Gholdengo|Shadow Ball|p1a: Samurott
|-resisted|p1a: Samurott
|-damage|p1a: Samurott|0 fnt
|faint|p1a: Samurott
|
|upkeep
|
|t:|1779650218
|switch|p1a: Walking Wake|Walking Wake|100/100
|turn|26
|inactive|Kasp u_u has 240 seconds left.
|
|t:|1779650257
|move|p2a: Gholdengo|Shadow Ball|p1a: Walking Wake
|-damage|p1a: Walking Wake|50/100
|move|p1a: Walking Wake|Knock Off|p2a: Gholdengo
|-supereffective|p2a: Gholdengo
|-damage|p2a: Gholdengo|41/100
|-enditem|p2a: Gholdengo|Choice Scarf|[from] move: Knock Off|[of] p1a: Walking Wake
|
|upkeep
|turn|27
|
|t:|1779650266
|move|p1a: Walking Wake|Surf|p2a: Gholdengo
|-crit|p2a: Gholdengo
|-damage|p2a: Gholdengo|0 fnt
|faint|p2a: Gholdengo
|
|upkeep
|inactive|Kasp u_u has 210 seconds left.
|
|t:|1779650305
|switch|p2a: Clefable|Clefable, F|69/100
|turn|28
|
|t:|1779650315
|move|p1a: Walking Wake|Surf|p2a: Clefable
|-damage|p2a: Clefable|27/100
|move|p2a: Clefable|Moonblast|p1a: Walking Wake
|-supereffective|p1a: Walking Wake
|-damage|p1a: Walking Wake|0 fnt
|faint|p1a: Walking Wake
|-end|p1a: Walking Wake|Protosynthesis|[silent]
|
|upkeep
|inactive|LOVEFIELD has 270 seconds left.
|
|t:|1779650349
|switch|p1a: Gholdengo|Gholdengo|41/100
|-damage|p1a: Gholdengo|16/100|[from] Spikes
|-damage|p1a: Gholdengo|10/100|[from] Stealth Rock
|turn|29
|inactive|LOVEFIELD has 270 seconds left.
|
|t:|1779650372
|move|p1a: Gholdengo|Make It Rain|p2a: Clefable
|-supereffective|p2a: Clefable
|-damage|p2a: Clefable|0 fnt
|-unboost|p1a: Gholdengo|spa|1
|faint|p2a: Clefable
|
|upkeep
|inactive|Kasp u_u has 210 seconds left.
|
|t:|1779650395
|switch|p2a: Peace|Dragonite, F|100/100
|turn|30
|inactive|LOVEFIELD has 270 seconds left.
|
|t:|1779650428
|move|p1a: Gholdengo|Make It Rain|p2a: Peace
|-damage|p2a: Peace|83/100
|-unboost|p1a: Gholdengo|spa|1
|move|p2a: Peace|Earthquake|p1a: Gholdengo
|-supereffective|p1a: Gholdengo
|-damage|p1a: Gholdengo|0 fnt
|faint|p1a: Gholdengo
|
|upkeep
|inactive|LOVEFIELD has 240 seconds left.
|
|t:|1779650461
|switch|p1a: Dragonite|Dragonite, F|84/100
|turn|31
|
|t:|1779650468
|move|p2a: Peace|Extreme Speed|p1a: Dragonite
|-damage|p1a: Dragonite|59/100
|move|p1a: Dragonite|Dragon Tail|p2a: Peace|[miss]
|-miss|p1a: Dragonite|p2a: Peace
|
|upkeep
|turn|32
|
|t:|1779650474
|move|p2a: Peace|Dragon Dance|p2a: Peace
|-boost|p2a: Peace|atk|1
|-boost|p2a: Peace|spe|1
|move|p1a: Dragonite|Roost|p1a: Dragonite
|-heal|p1a: Dragonite|100/100
|-singleturn|p1a: Dragonite|move: Roost
|
|upkeep
|turn|33
|
|t:|1779650476
|move|p2a: Peace|Extreme Speed|p1a: Dragonite
|-damage|p1a: Dragonite|83/100
|move|p1a: Dragonite|Dragon Tail|p2a: Peace
|-supereffective|p2a: Peace
|-damage|p2a: Peace|22/100
|drag|p2a: Darkrai|Darkrai|88/100
|
|upkeep
|turn|34
|
|t:|1779650491
|switch|p1a: Ting-Lu|Ting-Lu|79/100
|-damage|p1a: Ting-Lu|54/100|[from] Spikes
|-damage|p1a: Ting-Lu|47/100|[from] Stealth Rock
|-ability|p1a: Ting-Lu|Vessel of Ruin
|move|p2a: Darkrai|Ice Beam|p1a: Ting-Lu
|-supereffective|p1a: Ting-Lu
|-damage|p1a: Ting-Lu|22/100
|
|upkeep
|turn|35
|
|t:|1779650500
|move|p2a: Darkrai|Ice Beam|p1a: Ting-Lu
|-supereffective|p1a: Ting-Lu
|-damage|p1a: Ting-Lu|0 fnt
|faint|p1a: Ting-Lu
|
|upkeep
|
|t:|1779650502
|switch|p1a: Dragonite|Dragonite, F|83/100
|turn|36
|
|t:|1779650510
|-terastallize|p2a: Darkrai|Ghost
|move|p1a: Dragonite|Extreme Speed|p2a: Darkrai
|-immune|p2a: Darkrai
|move|p2a: Darkrai|Ice Beam|p1a: Dragonite
|-supereffective|p1a: Dragonite
|-damage|p1a: Dragonite|0 fnt
|faint|p1a: Dragonite
|
|win|Kasp u_u
|c|☆LOVEFIELD|gg
|c|☆Kasp u_u|gg
|player|p2|
