|j|☆PepeNike
|j|☆Coolradguy
|t:|1779650741
|gametype|singles
|player|p1|PepeNike|101|1539
|player|p2|Coolradguy|102|1477
|gen|9
|tier|[Gen 9] OU
|rated|
|rule|HP Percentage Mod: HP is shown in percentages
|rule|Endless Battle Clause: Forcing endless battles is banned
|rule|Species Clause: Limit one of each Pokémon
|rule|OHKO Clause: OHKO moves are banned
|rule|Evasion Items Clause: Evasion items are banned
|rule|Evasion Moves Clause: Evasion moves are banned
|rule|Evasion Abilities Clause: Evasion abilities are banned
|rule|Sleep Moves Clause: Sleep-inducing moves are banned
|clearpoke
|poke|p1|Slowking-Galar, F|
|poke|p1|Cresselia, F|
|poke|p1|Reuniclus, M|
|poke|p1|Necrozma|
|poke|p1|Diancie|
|poke|p1|Hatterene, F|
|poke|p2|Cresselia, F|
|poke|p2|Zamazenta-*|
|poke|p2|Weezing-Galar, M|
|poke|p2|Kingambit, M|
|poke|p2|Alomomola, M|
|poke|p2|Skeledirge, F|
|teampreview
|inactive|Battle timer is ON: inactive players will automatically lose when time's up. (requested by PepeNike)
|inactive|PepeNike has 120 seconds left.
|inactive|PepeNike has 90 seconds left.
|
|t:|1779650827
|teamsize|p1|6
|teamsize|p2|6
|start
|switch|p1a: Necrozma|Necrozma|100/100
|switch|p2a: Weezing|Weezing-Galar, M|100/100
|-ability|p2a: Weezing|Neutralizing Gas
|turn|1
|
|t:|1779650839
|move|p2a: Weezing|Acid Spray|p1a: Necrozma
|-damage|p1a: Necrozma|89/100
|-unboost|p1a: Necrozma|spd|2
|move|p1a: Necrozma|Trick Room|p1a: Necrozma
|-fieldstart|move: Trick Room|[of] p1a: Necrozma
|
|upkeep
|turn|2
|
|t:|1779650848
|-end|p2a: Weezing|ability: Neutralizing Gas
|switch|p2a: Skeledirge|Skeledirge, F|100/100
|move|p1a: Necrozma|Earth Power|p2a: Skeledirge
|-supereffective|p2a: Skeledirge
|-damage|p2a: Skeledirge|50/100
|
|upkeep
|turn|3
|
|t:|1779650858
|switch|p2a: Cresselia|Cresselia, F|100/100
|move|p1a: Necrozma|Photon Geyser|p2a: Cresselia
|-resisted|p2a: Cresselia
|-damage|p2a: Cresselia|82/100
|
|-heal|p2a: Cresselia|88/100|[from] item: Leftovers
|upkeep
|turn|4
|
|t:|1779650873
|switch|p1a: Diancie|Diancie|100/100
|move|p2a: Cresselia|Calm Mind|p2a: Cresselia
|-boost|p2a: Cresselia|spa|1
|-boost|p2a: Cresselia|spd|1
|
|-heal|p2a: Cresselia|94/100|[from] item: Leftovers
|upkeep
|turn|5
|
|t:|1779650881
|move|p1a: Diancie|Calm Mind|p1a: Diancie
|-boost|p1a: Diancie|spa|1
|-boost|p1a: Diancie|spd|1
|move|p2a: Cresselia|Calm Mind|p2a: Cresselia
|-boost|p2a: Cresselia|spa|1
|-boost|p2a: Cresselia|spd|1
|
|-heal|p2a: Cresselia|99/100|[from] item: Leftovers
|-fieldend|move: Trick Room
|upkeep
|turn|6
|
|t:|1779650886
|move|p2a: Cresselia|Calm Mind|p2a: Cresselia
|-boost|p2a: Cresselia|spa|1
|-boost|p2a: Cresselia|spd|1
|move|p1a: Diancie|Trick Room|p1a: Diancie
|-fieldstart|move: Trick Room|[of] p1a: Diancie
|
|-heal|p2a: Cresselia|100/100|[from] item: Leftovers
|upkeep
|turn|7
|
|t:|1779650894
|move|p1a: Diancie|Diamond Storm|p2a: Cresselia
|-damage|p2a: Cresselia|78/100
|-boost|p1a: Diancie|def|2
|move|p2a: Cresselia|Calm Mind|p2a: Cresselia
|-boost|p2a: Cresselia|spa|1
|-boost|p2a: Cresselia|spd|1
|
|-heal|p2a: Cresselia|84/100|[from] item: Leftovers
|upkeep
|turn|8
|
|t:|1779650899
|move|p1a: Diancie|Calm Mind|p1a: Diancie
|-boost|p1a: Diancie|spa|1
|-boost|p1a: Diancie|spd|1
|move|p2a: Cresselia|Calm Mind|p2a: Cresselia
|-boost|p2a: Cresselia|spa|1
|-boost|p2a: Cresselia|spd|1
|
|-heal|p2a: Cresselia|90/100|[from] item: Leftovers
|upkeep
|turn|9
|
|t:|1779650903
|move|p1a: Diancie|Calm Mind|p1a: Diancie
|-boost|p1a: Diancie|spa|1
|-boost|p1a: Diancie|spd|1
|move|p2a: Cresselia|Calm Mind|p2a: Cresselia
|-boost|p2a: Cresselia|spa|1
|-boost|p2a: Cresselia|spd|1
|
|-heal|p2a: Cresselia|96/100|[from] item: Leftovers
|upkeep
|turn|10
|
|t:|1779650909
|move|p1a: Diancie|Diamond Storm|p2a: Cresselia
|-damage|p2a: Cresselia|75/100
|move|p2a: Cresselia|Stored Power|p1a: Diancie
|-damage|p1a: Diancie|0 fnt
|faint|p1a: Diancie
|
|-heal|p2a: Cresselia|81/100|[from] item: Leftovers
|-fieldend|move: Trick Room
|upkeep
|-message|PepeNike forfeited.
|
|win|Coolradguy
|raw|PepeNike's rating: 1539 &rarr; <strong>1515</strong><br />(-24 for losing)
|raw|Coolradguy's rating: 1477 &rarr; <strong>1501</strong><br />(+24 for winning)
|l|☆PepeNike
|player|p1|
