|j|☆Pretty Nizz
|j|☆dropafreezedry
|t:|1779625494
|gametype|singles
|player|p1|Pretty Nizz|riley|1300
|player|p2|dropafreezedry|palmer|1328
|gen|9
|tier|[Gen 9] OU
|rated|
|rule|HP Percentage Mod: HP is shown in percentages
|rule|Endless Battle Clause: Forcing endless battles is banned
|rule|Species Clause: Limit one of each Pokémon
|rule|OHKO Clause: OHKO moves are banned
|rule|Evasion Items Clause: Evasion items are banned
|rule|Evasion Moves Clause: Evasion moves are banned
|rule|Evasion Abilities Clause: Evasion abilities are banned
|rule|Sleep Moves Clause: Sleep-inducing moves are banned
|clearpoke
|poke|p1|Comfey, F|
|poke|p1|Whimsicott, F|
|poke|p1|Ceruledge, M|
|poke|p1|Walking Wake|
|poke|p1|Great Tusk|
|poke|p1|Ninetales, M|
|poke|p2|Glaceon, F|
|poke|p2|Ninetales-Alola, F|
|poke|p2|Basculegion-F, F|
|poke|p2|Ogerpon-Wellspring, F|
|poke|p2|Iron Treads|
|poke|p2|Weavile, F|
|teampreview
|inactive|Battle timer is ON: inactive players will automatically lose when time's up. (requested by Pretty Nizz)
|
|t:|1779625498
|teamsize|p1|6
|teamsize|p2|6
|start
|switch|p1a: 67tales|Ninetales, M|100/100
|switch|p2a: Basculegion|Basculegion-F, F|100/100
|-weather|SunnyDay|[from] ability: Drought|[of] p1a: 67tales
|turn|1
|
|t:|1779625507
|move|p2a: Basculegion|Flip Turn|p1a: 67tales
|-supereffective|p1a: 67tales
|-damage|p1a: 67tales|72/100
|
|t:|1779625509
|switch|p2a: Ninetales|Ninetales-Alola, F|100/100|[from] Flip Turn
|-weather|Snowscape|[from] ability: Snow Warning|[of] p2a: Ninetales
|move|p1a: 67tales|Will-O-Wisp|p2a: Ninetales
|-status|p2a: Ninetales|brn
|
|-weather|Snowscape|[upkeep]
|-damage|p2a: Ninetales|94/100 brn|[from] brn
|upkeep
|turn|2
|
|t:|1779625519
|switch|p1a: Cerugoon|Ceruledge, M|100/100
|move|p2a: Ninetales|Aurora Veil|p2a: Ninetales
|-sidestart|p2: dropafreezedry|move: Aurora Veil
|
|-weather|Snowscape|[upkeep]
|-damage|p2a: Ninetales|88/100 brn|[from] brn
|upkeep
|turn|3
|
|t:|1779625527
|move|p2a: Ninetales|Moonblast|p1a: Cerugoon
|-resisted|p1a: Cerugoon
|-damage|p1a: Cerugoon|86/100
|move|p1a: Cerugoon|Bitter Blade|p2a: Ninetales
|-supereffective|p2a: Ninetales
|-damage|p2a: Ninetales|21/100 brn
|-heal|p1a: Cerugoon|100/100|[from] drain|[of] p2a: Ninetales
|
|-weather|Snowscape|[upkeep]
|-damage|p2a: Ninetales|15/100 brn|[from] brn
|upkeep
|turn|4
|
|t:|1779625538
|switch|p2a: Basculegion|Basculegion-F, F|100/100
|move|p1a: Cerugoon|Bitter Blade|p2a: Basculegion
|-resisted|p2a: Basculegion
|-damage|p2a: Basculegion|76/100
|
|-weather|Snowscape|[upkeep]
|upkeep
|turn|5
|
|t:|1779625548
|switch|p1a: 67tales|Ninetales, M|72/100
|-weather|SunnyDay|[from] ability: Drought|[of] p1a: 67tales
|-terastallize|p2a: Basculegion|Water
|move|p2a: Basculegion|Surf|p1a: 67tales
|-supereffective|p1a: 67tales
|-damage|p1a: 67tales|15/100
|
|-weather|SunnyDay|[upkeep]
|upkeep
|turn|6
|
|t:|1779625558
|switch|p1a: Wake Skywalker|Walking Wake|100/100
|-activate|p1a: Wake Skywalker|ability: Protosynthesis
|-start|p1a: Wake Skywalker|protosynthesisspe
|move|p2a: Basculegion|Surf|p1a: Wake Skywalker
|-resisted|p1a: Wake Skywalker
|-damage|p1a: Wake Skywalker|95/100
|
|-weather|SunnyDay|[upkeep]
|upkeep
|turn|7
|
|t:|1779625563
|switch|p2a: Ninetales|Ninetales-Alola, F|15/100 brn
|-weather|Snowscape|[from] ability: Snow Warning|[of] p2a: Ninetales
|-end|p1a: Wake Skywalker|Protosynthesis
|move|p1a: Wake Skywalker|Knock Off|p2a: Ninetales
|-resisted|p2a: Ninetales
|-damage|p2a: Ninetales|12/100 brn
|-enditem|p2a: Ninetales|Light Clay|[from] move: Knock Off|[of] p1a: Wake Skywalker
|
|-weather|Snowscape|[upkeep]
|-damage|p2a: Ninetales|6/100 brn|[from] brn
|upkeep
|turn|8
|
|t:|1779625570
|-end|p1a: Wake Skywalker|Protosynthesis|[silent]
|switch|p1a: 67tales|Ninetales, M|15/100
|-weather|SunnyDay|[from] ability: Drought|[of] p1a: 67tales
|move|p2a: Ninetales|Freeze-Dry|p1a: 67tales
|-resisted|p1a: 67tales
|-damage|p1a: 67tales|5/100
|
|-weather|SunnyDay|[upkeep]
|-damage|p2a: Ninetales|0 fnt|[from] brn
|faint|p2a: Ninetales
|upkeep
|
|t:|1779625585
|switch|p2a: Basculegion|Basculegion-F, F, tera:Water|76/100
|turn|9
|
|t:|1779625589
|switch|p1a: Wake Skywalker|Walking Wake|95/100
|-activate|p1a: Wake Skywalker|ability: Protosynthesis
|-start|p1a: Wake Skywalker|protosynthesisspe
|move|p2a: Basculegion|Flip Turn|p1a: Wake Skywalker
|-resisted|p1a: Wake Skywalker
|-damage|p1a: Wake Skywalker|92/100
|
|t:|1779625592
|switch|p2a: Glaceon|Glaceon, F|100/100|[from] Flip Turn
|
|-weather|SunnyDay|[upkeep]
|-sideend|p2: dropafreezedry|move: Aurora Veil
|upkeep
|turn|10
|
|t:|1779625598
|-end|p1a: Wake Skywalker|Protosynthesis|[silent]
|switch|p1a: Cerugoon|Ceruledge, M|100/100
|move|p2a: Glaceon|Freeze-Dry|p1a: Cerugoon
|-resisted|p1a: Cerugoon
|-damage|p1a: Cerugoon|66/100
|
|-weather|SunnyDay|[upkeep]
|upkeep
|turn|11
|
|t:|1779625607
|switch|p2a: Basculegion|Basculegion-F, F, tera:Water|76/100
|move|p1a: Cerugoon|Bitter Blade|p2a: Basculegion
|-resisted|p2a: Basculegion
|-damage|p2a: Basculegion|6/100
|-heal|p1a: Cerugoon|100/100|[from] drain|[of] p2a: Basculegion
|
|-weather|SunnyDay|[upkeep]
|upkeep
|turn|12
|
|t:|1779625612
|switch|p1a: Wake Skywalker|Walking Wake|92/100
|-activate|p1a: Wake Skywalker|ability: Protosynthesis
|-start|p1a: Wake Skywalker|protosynthesisspe
|move|p2a: Basculegion|Surf|p1a: Wake Skywalker
|-resisted|p1a: Wake Skywalker
|-damage|p1a: Wake Skywalker|87/100
|
|-weather|SunnyDay|[upkeep]
|upkeep
|turn|13
|
|t:|1779625621
|move|p1a: Wake Skywalker|Knock Off|p2a: Basculegion
|-damage|p2a: Basculegion|0 fnt
|-enditem|p2a: Basculegion|Choice Scarf|[from] move: Knock Off|[of] p1a: Wake Skywalker
|faint|p2a: Basculegion
|
|-weather|SunnyDay|[upkeep]
|upkeep
|
|t:|1779625623
|switch|p2a: Ogerpon|Ogerpon-Wellspring, F|100/100
|turn|14
|
|t:|1779625632
|move|p1a: Wake Skywalker|Draco Meteor|p2a: Ogerpon
|-damage|p2a: Ogerpon|25/100
|-unboost|p1a: Wake Skywalker|spa|2
|move|p2a: Ogerpon|Horn Leech|p1a: Wake Skywalker
|-damage|p1a: Wake Skywalker|48/100
|-heal|p2a: Ogerpon|51/100|[from] drain|[of] p1a: Wake Skywalker
|
|-weather|SunnyDay|[upkeep]
|upkeep
|turn|15
|
|t:|1779625651
|-end|p1a: Wake Skywalker|Protosynthesis|[silent]
|switch|p1a: Uncomfey|Comfey, F, shiny|100/100
|move|p2a: Ogerpon|Horn Leech|p1a: Uncomfey
|-damage|p1a: Uncomfey|41/100
|-heal|p2a: Ogerpon|81/100|[from] drain|[of] p1a: Uncomfey
|
|-weather|none
|upkeep
|turn|16
|
|t:|1779625665
|switch|p1a: 67tales|Ninetales, M|5/100
|-weather|SunnyDay|[from] ability: Drought|[of] p1a: 67tales
|move|p2a: Ogerpon|Horn Leech|p1a: 67tales
|-resisted|p1a: 67tales
|-damage|p1a: 67tales|0 fnt
|-heal|p2a: Ogerpon|83/100|[from] drain|[of] p1a: 67tales
|faint|p1a: 67tales
|
|-weather|SunnyDay|[upkeep]
|upkeep
|
|t:|1779625675
|switch|p1a: Uncomfey|Comfey, F, shiny|41/100
|turn|17
|
|t:|1779625684
|move|p1a: Uncomfey|Draining Kiss|p2a: Ogerpon
|-damage|p2a: Ogerpon|50/100
|-heal|p1a: Uncomfey|66/100|[from] drain|[of] p2a: Ogerpon
|-damage|p1a: Uncomfey|57/100|[from] item: Life Orb
|move|p2a: Ogerpon|Horn Leech|p1a: Uncomfey
|-damage|p1a: Uncomfey|3/100
|-heal|p2a: Ogerpon|77/100|[from] drain|[of] p1a: Uncomfey
|
|-weather|SunnyDay|[upkeep]
|upkeep
|turn|18
|
|t:|1779625698
|-terastallize|p1a: Uncomfey|Steel
|move|p1a: Uncomfey|Synthesis|p1a: Uncomfey
|-heal|p1a: Uncomfey|70/100
|move|p2a: Ogerpon|Horn Leech|p1a: Uncomfey
|-resisted|p1a: Uncomfey
|-damage|p1a: Uncomfey|42/100
|-heal|p2a: Ogerpon|91/100|[from] drain|[of] p1a: Uncomfey
|
|-weather|SunnyDay|[upkeep]
|upkeep
|turn|19
|
|t:|1779625706
|move|p1a: Uncomfey|Draining Kiss|p2a: Ogerpon
|-damage|p2a: Ogerpon|58/100
|-heal|p1a: Uncomfey|66/100|[from] drain|[of] p2a: Ogerpon
|-damage|p1a: Uncomfey|56/100|[from] item: Life Orb
|move|p2a: Ogerpon|Ivy Cudgel|p1a: Uncomfey|[anim] Ivy Cudgel Water
|-crit|p1a: Uncomfey
|-damage|p1a: Uncomfey|0 fnt
|faint|p1a: Uncomfey
|
|-weather|SunnyDay|[upkeep]
|upkeep
|
|t:|1779625712
|switch|p1a: Wake Skywalker|Walking Wake|48/100
|-activate|p1a: Wake Skywalker|ability: Protosynthesis
|-start|p1a: Wake Skywalker|protosynthesisspe
|turn|20
|
|t:|1779625720
|switch|p2a: Glaceon|Glaceon, F|100/100
|move|p1a: Wake Skywalker|Draco Meteor|p2a: Glaceon
|-damage|p2a: Glaceon|37/100
|-unboost|p1a: Wake Skywalker|spa|2
|
|-weather|SunnyDay|[upkeep]
|upkeep
|turn|21
|
|t:|1779625726
|move|p1a: Wake Skywalker|Flip Turn|p2a: Glaceon
|-crit|p2a: Glaceon
|-damage|p2a: Glaceon|26/100
|
|t:|1779625729
|-end|p1a: Wake Skywalker|Protosynthesis|[silent]
|switch|p1a: Cerugoon|Ceruledge, M|100/100|[from] Flip Turn
|move|p2a: Glaceon|Shadow Ball|p1a: Cerugoon
|-supereffective|p1a: Cerugoon
|-damage|p1a: Cerugoon|0 fnt
|faint|p1a: Cerugoon
|
|-weather|SunnyDay|[upkeep]
|upkeep
|
|t:|1779625736
|switch|p1a: Whimsical|Whimsicott, F|100/100
|turn|22
|
|t:|1779625742
|move|p1a: Whimsical|Moonblast|p2a: Glaceon
|-damage|p2a: Glaceon|0 fnt
|faint|p2a: Glaceon
|-damage|p1a: Whimsical|91/100|[from] item: Life Orb
|
|-weather|SunnyDay|[upkeep]
|upkeep
|
|t:|1779625746
|switch|p2a: Iron Treads|Iron Treads|100/100
|-enditem|p2a: Iron Treads|Booster Energy
|-activate|p2a: Iron Treads|ability: Quark Drive|[fromitem]
|-start|p2a: Iron Treads|quarkdriveatk
|turn|23
|
|t:|1779625753
|move|p1a: Whimsical|Giga Drain|p2a: Iron Treads
|-damage|p2a: Iron Treads|44/100
|-heal|p1a: Whimsical|100/100|[from] drain|[of] p2a: Iron Treads
|-damage|p1a: Whimsical|91/100|[from] item: Life Orb
|move|p2a: Iron Treads|Rapid Spin|p1a: Whimsical
|-damage|p1a: Whimsical|61/100
|-boost|p2a: Iron Treads|spe|1
|
|-weather|none
|upkeep
|turn|24
|
|t:|1779625756
|move|p2a: Iron Treads|Heavy Slam|p1a: Whimsical
|-supereffective|p1a: Whimsical
|-damage|p1a: Whimsical|0 fnt
|faint|p1a: Whimsical
|
|upkeep
|
|t:|1779625758
|switch|p1a: Mammoet|Great Tusk|100/100
|turn|25
|
|t:|1779625769
|move|p2a: Iron Treads|Earthquake|p1a: Mammoet
|-damage|p1a: Mammoet|60/100
|move|p1a: Mammoet|Headlong Rush|p2a: Iron Treads
|-supereffective|p2a: Iron Treads
|-damage|p2a: Iron Treads|0 fnt
|-unboost|p1a: Mammoet|def|1
|-unboost|p1a: Mammoet|spd|1
|faint|p2a: Iron Treads
|-end|p2a: Iron Treads|Quark Drive|[silent]
|
|upkeep
|
|t:|1779625773
|switch|p2a: Weavile|Weavile, F|100/100
|-ability|p2a: Weavile|Pressure
|turn|26
|
|t:|1779625776
|-end|p1a: Mammoet|Protosynthesis|[silent]
|switch|p1a: Wake Skywalker|Walking Wake|48/100
|move|p2a: Weavile|Ice Shard|p1a: Wake Skywalker
|-damage|p1a: Wake Skywalker|31/100
|
|upkeep
|turn|27
|
|t:|1779625784
|move|p2a: Weavile|Knock Off|p1a: Wake Skywalker
|-damage|p1a: Wake Skywalker|0 fnt
|-enditem|p1a: Wake Skywalker|Assault Vest|[from] move: Knock Off|[of] p2a: Weavile
|faint|p1a: Wake Skywalker
|-end|p1a: Wake Skywalker|Protosynthesis|[silent]
|
|upkeep
|
|t:|1779625786
|switch|p1a: Mammoet|Great Tusk|60/100
|turn|28
|
|t:|1779625789
|move|p2a: Weavile|Ice Shard|p1a: Mammoet
|-supereffective|p1a: Mammoet
|-damage|p1a: Mammoet|32/100
|move|p1a: Mammoet|Rapid Spin|p2a: Weavile
|-damage|p2a: Weavile|73/100
|-boost|p1a: Mammoet|spe|1
|
|upkeep
|turn|29
|
|t:|1779625795
|move|p2a: Weavile|Ice Shard|p1a: Mammoet
|-supereffective|p1a: Mammoet
|-damage|p1a: Mammoet|4/100
|move|p1a: Mammoet|Headlong Rush|p2a: Weavile
|-crit|p2a: Weavile
|-damage|p2a: Weavile|0 fnt
|-unboost|p1a: Mammoet|def|1
|-unboost|p1a: Mammoet|spd|1
|faint|p2a: Weavile
|
|upkeep
|
|t:|1779625797
|switch|p2a: Ogerpon|Ogerpon-Wellspring, F|58/100
|turn|30
|
|t:|1779625803
|move|p1a: Mammoet|Headlong Rush|p2a: Ogerpon
|-resisted|p2a: Ogerpon
|-damage|p2a: Ogerpon|24/100
|-unboost|p1a: Mammoet|def|1
|-unboost|p1a: Mammoet|spd|1
|move|p2a: Ogerpon|Ivy Cudgel|p1a: Mammoet|[anim] Ivy Cudgel Water
|-supereffective|p1a: Mammoet
|-damage|p1a: Mammoet|0 fnt
|faint|p1a: Mammoet
|-end|p1a: Mammoet|Protosynthesis|[silent]
|
|win|dropafreezedry
|raw|Pretty Nizz's rating: 1300 &rarr; <strong>1277</strong><br />(-23 for losing)
|raw|dropafreezedry's rating: 1328 &rarr; <strong>1346</strong><br />(+18 for winning)
|l|☆Pretty Nizz
|player|p1|
|l|☆dropafreezedry
|player|p2|
