|j|☆dsekop
|j|☆atg0628
|t:|1779724842
|gametype|singles
|player|p1|dsekop|unknown|1478
|player|p2|atg0628|266|1417
|gen|9
|tier|[Gen 9] OU
|rated|
|rule|HP Percentage Mod: HP is shown in percentages
|rule|Endless Battle Clause: Forcing endless battles is banned
|rule|Species Clause: Limit one of each Pokémon
|rule|OHKO Clause: OHKO moves are banned
|rule|Evasion Items Clause: Evasion items are banned
|rule|Evasion Moves Clause: Evasion moves are banned
|rule|Evasion Abilities Clause: Evasion abilities are banned
|rule|Sleep Moves Clause: Sleep-inducing moves are banned
|clearpoke
|poke|p1|Glimmora, F|
|poke|p1|Iron Treads|
|poke|p1|Polteageist-Antique|
|poke|p1|Raging Bolt|
|poke|p1|Dragonite, F|
|poke|p1|Zamazenta-*|
|poke|p2|Dragonite, M|
|poke|p2|Great Tusk|
|poke|p2|Deoxys-Speed|
|poke|p2|Gholdengo|
|poke|p2|Zamazenta-*|
|poke|p2|Iron Valiant|
|teampreview
|inactive|Battle timer is ON: inactive players will automatically lose when time's up. (requested by dsekop)
|
|t:|1779724863
|teamsize|p1|6
|teamsize|p2|6
|start
|switch|p1a: Iron Treads|Iron Treads|100/100
|switch|p2a: Deoxys|Deoxys-Speed|100/100
|-ability|p2a: Deoxys|Pressure
|-enditem|p1a: Iron Treads|Booster Energy
|-activate|p1a: Iron Treads|ability: Quark Drive|[fromitem]
|-start|p1a: Iron Treads|quarkdrivespe
|turn|1
|
|t:|1779724871
|move|p2a: Deoxys|Taunt|p1a: Iron Treads
|-start|p1a: Iron Treads|move: Taunt
|move|p1a: Iron Treads|Knock Off|p2a: Deoxys
|-supereffective|p2a: Deoxys
|-damage|p2a: Deoxys|42/100
|-enditem|p2a: Deoxys|Focus Sash|[from] move: Knock Off|[of] p1a: Iron Treads
|
|upkeep
|turn|2
|
|t:|1779724877
|move|p2a: Deoxys|Stealth Rock|p1a: Iron Treads
|-sidestart|p1: dsekop|move: Stealth Rock
|move|p1a: Iron Treads|Rapid Spin|p2a: Deoxys
|-damage|p2a: Deoxys|26/100
|-boost|p1a: Iron Treads|spe|1
|-sideend|p1: dsekop|Stealth Rock|[from] move: Rapid Spin|[of] p1a: Iron Treads
|
|upkeep
|turn|3
|
|t:|1779724883
|move|p1a: Iron Treads|Rapid Spin|p2a: Deoxys
|-damage|p2a: Deoxys|11/100
|-boost|p1a: Iron Treads|spe|1
|move|p2a: Deoxys|Stealth Rock|p1a: Iron Treads
|-sidestart|p1: dsekop|move: Stealth Rock
|
|-end|p1a: Iron Treads|move: Taunt
|upkeep
|turn|4
|
|t:|1779724900
|move|p1a: Iron Treads|Rapid Spin|p2a: Deoxys
|-crit|p2a: Deoxys
|-damage|p2a: Deoxys|0 fnt
|-boost|p1a: Iron Treads|spe|1
|-sideend|p1: dsekop|Stealth Rock|[from] move: Rapid Spin|[of] p1a: Iron Treads
|faint|p2a: Deoxys
|
|upkeep
|
|t:|1779724913
|switch|p2a: Great Tusk|Great Tusk|100/100
|-enditem|p2a: Great Tusk|Booster Energy
|-activate|p2a: Great Tusk|ability: Protosynthesis|[fromitem]
|-start|p2a: Great Tusk|protosynthesisspe
|turn|5
|
|t:|1779724928
|-end|p1a: Iron Treads|Quark Drive|[silent]
|switch|p1a: Polteageist|Polteageist-Antique|100/100
|move|p2a: Great Tusk|Bulk Up|p2a: Great Tusk
|-boost|p2a: Great Tusk|atk|1
|-boost|p2a: Great Tusk|def|1
|
|upkeep
|turn|6
|
|t:|1779724933
|move|p2a: Great Tusk|Taunt|p1a: Polteageist
|-start|p1a: Polteageist|move: Taunt
|cant|p1a: Polteageist|move: Taunt|Shell Smash
|
|upkeep
|turn|7
|
|t:|1779724940
|move|p2a: Great Tusk|Ice Spinner|p1a: Polteageist
|-damage|p1a: Polteageist|39/100
|-ability|p1a: Polteageist|Weak Armor|boost
|-unboost|p1a: Polteageist|def|1
|-boost|p1a: Polteageist|spe|2
|move|p1a: Polteageist|Shadow Ball|p2a: Great Tusk
|-damage|p2a: Great Tusk|34/100
|
|upkeep
|turn|8
|inactive|dsekop has 120 seconds left.
|
|t:|1779724976
|move|p1a: Polteageist|Shadow Ball|p2a: Great Tusk
|-damage|p2a: Great Tusk|0 fnt
|faint|p2a: Great Tusk
|-end|p2a: Great Tusk|Protosynthesis|[silent]
|
|-end|p1a: Polteageist|move: Taunt
|upkeep
|
|t:|1779724985
|switch|p2a: Dragonite|Dragonite, M|100/100
|turn|9
|
|t:|1779724994
|move|p1a: Polteageist|Pain Split|p2a: Dragonite
|-sethp|p2a: Dragonite|66/100|[from] move: Pain Split|[silent]
|-sethp|p1a: Polteageist|81/100|[from] move: Pain Split
|move|p2a: Dragonite|Fire Punch|p1a: Polteageist
|-damage|p1a: Polteageist|0 fnt
|faint|p1a: Polteageist
|-damage|p2a: Dragonite|56/100|[from] item: Life Orb
|
|upkeep
|
|t:|1779724999
|switch|p1a: Iron Treads|Iron Treads|100/100
|turn|10
|
|t:|1779725006
|switch|p2a: Zamazenta|Zamazenta|100/100
|-ability|p2a: Zamazenta|Dauntless Shield|boost
|-boost|p2a: Zamazenta|def|1
|move|p1a: Iron Treads|Rapid Spin|p2a: Zamazenta
|-damage|p2a: Zamazenta|92/100
|-boost|p1a: Iron Treads|spe|1
|
|upkeep
|turn|11
|
|t:|1779725011
|move|p1a: Iron Treads|Stealth Rock|p2a: Zamazenta
|-sidestart|p2: atg0628|move: Stealth Rock
|move|p2a: Zamazenta|Close Combat|p1a: Iron Treads
|-supereffective|p1a: Iron Treads
|-damage|p1a: Iron Treads|0 fnt
|-unboost|p2a: Zamazenta|def|1
|-unboost|p2a: Zamazenta|spd|1
|faint|p1a: Iron Treads
|-end|p1a: Iron Treads|Quark Drive|[silent]
|-damage|p2a: Zamazenta|82/100|[from] item: Life Orb
|
|upkeep
|
|t:|1779725019
|switch|p1a: Glimmora|Glimmora, F|100/100
|turn|12
|
|t:|1779725025
|move|p1a: Glimmora|Earth Power|p2a: Zamazenta
|-damage|p2a: Zamazenta|39/100
|move|p2a: Zamazenta|Heavy Slam|p1a: Glimmora
|-supereffective|p1a: Glimmora
|-damage|p1a: Glimmora|0 fnt
|-activate|p1a: Glimmora|ability: Toxic Debris
|-sidestart|p2: atg0628|move: Toxic Spikes
|faint|p1a: Glimmora
|-damage|p2a: Zamazenta|29/100|[from] item: Life Orb
|
|upkeep
|
|t:|1779725035
|switch|p1a: 快龙一定要快|Dragonite, F|100/100
|turn|13
|
|t:|1779725039
|move|p1a: 快龙一定要快|Extreme Speed|p2a: Zamazenta
|-damage|p2a: Zamazenta|0 fnt
|faint|p2a: Zamazenta
|
|upkeep
|
|t:|1779725049
|switch|p2a: Gholdengo|Gholdengo|100/100
|-damage|p2a: Gholdengo|94/100|[from] Stealth Rock
|turn|14
|
|t:|1779725056
|switch|p1a: Raging Bolt|Raging Bolt|100/100
|-enditem|p1a: Raging Bolt|Booster Energy
|-activate|p1a: Raging Bolt|ability: Protosynthesis|[fromitem]
|-start|p1a: Raging Bolt|protosynthesisspa
|move|p2a: Gholdengo|Shadow Ball|p1a: Raging Bolt
|-damage|p1a: Raging Bolt|58/100
|-unboost|p1a: Raging Bolt|spd|1
|
|upkeep
|turn|15
|
|t:|1779725060
|move|p1a: Raging Bolt|Thunderclap|p2a: Gholdengo
|-damage|p2a: Gholdengo|37/100
|move|p2a: Gholdengo|Shadow Ball|p1a: Raging Bolt
|-damage|p1a: Raging Bolt|2/100
|
|upkeep
|turn|16
|
|t:|1779725065
|move|p1a: Raging Bolt|Thunderbolt|p2a: Gholdengo
|-damage|p2a: Gholdengo|0 fnt
|faint|p2a: Gholdengo
|
|upkeep
|
|t:|1779725069
|switch|p2a: Iron Valiant|Iron Valiant|100/100
|-damage|p2a: Iron Valiant|94/100|[from] Stealth Rock
|-status|p2a: Iron Valiant|psn
|-enditem|p2a: Iron Valiant|Booster Energy
|-activate|p2a: Iron Valiant|ability: Quark Drive|[fromitem]
|-start|p2a: Iron Valiant|quarkdrivespe
|turn|17
|
|t:|1779725076
|move|p2a: Iron Valiant|Moonblast|p1a: Raging Bolt
|-supereffective|p1a: Raging Bolt
|-damage|p1a: Raging Bolt|0 fnt
|faint|p1a: Raging Bolt
|-end|p1a: Raging Bolt|Protosynthesis|[silent]
|
|-damage|p2a: Iron Valiant|82/100 psn|[from] psn
|upkeep
|
|t:|1779725079
|switch|p1a: 快龙一定要快|Dragonite, F|100/100
|turn|18
|
|t:|1779725087
|-terastallize|p2a: Iron Valiant|Ghost
|move|p1a: 快龙一定要快|Extreme Speed|p2a: Iron Valiant
|-immune|p2a: Iron Valiant
|move|p2a: Iron Valiant|Moonblast|p1a: 快龙一定要快
|-supereffective|p1a: 快龙一定要快
|-damage|p1a: 快龙一定要快|62/100
|
|-damage|p2a: Iron Valiant|69/100 psn|[from] psn
|upkeep
|turn|19
|
|t:|1779725094
|move|p1a: 快龙一定要快|Extreme Speed|p2a: Iron Valiant
|-immune|p2a: Iron Valiant
|move|p2a: Iron Valiant|Moonblast|p1a: 快龙一定要快
|-supereffective|p1a: 快龙一定要快
|-damage|p1a: 快龙一定要快|0 fnt
|faint|p1a: 快龙一定要快
|
|-damage|p2a: Iron Valiant|57/100 psn|[from] psn
|upkeep
|
|t:|1779725096
|switch|p1a: Zamazenta|Zamazenta|100/100
|-ability|p1a: Zamazenta|Dauntless Shield|boost
|-boost|p1a: Zamazenta|def|1
|turn|20
|
|t:|1779725112
|-terastallize|p1a: Zamazenta|Fire
|move|p2a: Iron Valiant|Moonblast|p1a: Zamazenta
|-resisted|p1a: Zamazenta
|-damage|p1a: Zamazenta|81/100
|move|p1a: Zamazenta|Crunch|p2a: Iron Valiant
|-supereffective|p2a: Iron Valiant
|-damage|p2a: Iron Valiant|0 fnt
|faint|p2a: Iron Valiant
|-end|p2a: Iron Valiant|Quark Drive|[silent]
|
|-heal|p1a: Zamazenta|87/100|[from] item: Leftovers
|upkeep
|
|t:|1779725117
|switch|p2a: Dragonite|Dragonite, M|56/100
|-damage|p2a: Dragonite|31/100|[from] Stealth Rock
|turn|21
|
|t:|1779725120
|move|p1a: Zamazenta|Body Press|p2a: Dragonite
|-resisted|p2a: Dragonite
|-damage|p2a: Dragonite|0 fnt
|faint|p2a: Dragonite
|
|win|dsekop
|raw|dsekop's rating: 1494 &rarr; <strong>1510</strong><br />(+16 for winning)
|raw|atg0628's rating: 1417 &rarr; <strong>1401</strong><br />(-16 for losing)
|l|☆atg0628
|player|p2|
|l|☆dsekop
|player|p1|
