|j|☆Kwazy Kupcakes
|j|☆greattrainer123
|t:|1779604376
|gametype|singles
|player|p1|Kwazy Kupcakes|101|1281
|player|p2|greattrainer123|2|1302
|gen|9
|tier|[Gen 9] OU
|rated|
|rule|HP Percentage Mod: HP is shown in percentages
|rule|Endless Battle Clause: Forcing endless battles is banned
|rule|Species Clause: Limit one of each Pokémon
|rule|OHKO Clause: OHKO moves are banned
|rule|Evasion Items Clause: Evasion items are banned
|rule|Evasion Moves Clause: Evasion moves are banned
|rule|Evasion Abilities Clause: Evasion abilities are banned
|rule|Sleep Moves Clause: Sleep-inducing moves are banned
|clearpoke
|poke|p1|Pincurchin, M|
|poke|p1|Iron Moth|
|poke|p1|Iron Valiant|
|poke|p1|Iron Jugulis|
|poke|p1|Slither Wing|
|poke|p1|Kingambit, F|
|poke|p2|Deoxys-Speed|
|poke|p2|Alomomola, M|
|poke|p2|Zamazenta-*|
|poke|p2|Slowking-Galar, F|
|poke|p2|Cinderace, M|
|poke|p2|Ditto|
|teampreview
|inactive|Battle timer is ON: inactive players will automatically lose when time's up. (requested by Kwazy Kupcakes)
|
|t:|1779604382
|teamsize|p1|6
|teamsize|p2|6
|start
|switch|p1a: Pincurchin|Pincurchin, M, shiny|100/100
|switch|p2a: Deoxys|Deoxys-Speed|100/100
|-ability|p2a: Deoxys|Pressure
|-fieldstart|move: Electric Terrain|[from] ability: Electric Surge|[of] p1a: Pincurchin
|turn|1
|
|t:|1779604390
|-terastallize|p2a: Deoxys|Psychic
|move|p2a: Deoxys|Psycho Boost|p1a: Pincurchin
|-damage|p1a: Pincurchin|0 fnt
|-unboost|p2a: Deoxys|spa|2
|faint|p1a: Pincurchin
|-damage|p2a: Deoxys|91/100|[from] item: Life Orb
|
|upkeep
|
|t:|1779604398
|switch|p1a: Iron Jugulis|Iron Jugulis, shiny|100/100
|-activate|p1a: Iron Jugulis|ability: Quark Drive
|-start|p1a: Iron Jugulis|quarkdrivespe
|turn|2
|
|t:|1779604410
|switch|p2a: Slowking|Slowking-Galar, F|100/100
|move|p1a: Iron Jugulis|Dark Pulse|p2a: Slowking
|-supereffective|p2a: Slowking
|-damage|p2a: Slowking|57/100
|
|-heal|p2a: Slowking|63/100|[from] item: Leftovers
|upkeep
|turn|3
|
|t:|1779604419
|move|p1a: Iron Jugulis|Dark Pulse|p2a: Slowking
|-supereffective|p2a: Slowking
|-damage|p2a: Slowking|19/100
|-prepare|p2a: Slowking|Chilly Reception|[premajor]
|move|p2a: Slowking|Chilly Reception|p2a: Slowking
|-weather|Snowscape
|
|t:|1779604441
|switch|p2a: Zamazenta|Zamazenta|100/100|[from] Chilly Reception
|-ability|p2a: Zamazenta|Dauntless Shield|boost
|-boost|p2a: Zamazenta|def|1
|
|-weather|Snowscape|[upkeep]
|upkeep
|turn|4
|
|t:|1779604451
|move|p1a: Iron Jugulis|Rain Dance|p1a: Iron Jugulis
|-weather|RainDance
|move|p2a: Zamazenta|Close Combat|p1a: Iron Jugulis
|-damage|p1a: Iron Jugulis|0 fnt
|-unboost|p2a: Zamazenta|def|1
|-unboost|p2a: Zamazenta|spd|1
|faint|p1a: Iron Jugulis
|-end|p1a: Iron Jugulis|Quark Drive|[silent]
|
|-weather|RainDance|[upkeep]
|upkeep
|
|t:|1779604459
|switch|p1a: Iron Valiant|Iron Valiant, shiny|100/100
|-activate|p1a: Iron Valiant|ability: Quark Drive
|-start|p1a: Iron Valiant|quarkdrivespe
|turn|5
|
|t:|1779604468
|switch|p2a: Slowking|Slowking-Galar, F|53/100
|move|p1a: Iron Valiant|Thunder Punch|p2a: Slowking
|-damage|p2a: Slowking|7/100
|-damage|p1a: Iron Valiant|91/100|[from] item: Life Orb
|
|-weather|RainDance|[upkeep]
|-heal|p2a: Slowking|13/100|[from] item: Leftovers
|upkeep
|turn|6
|
|t:|1779604477
|move|p1a: Iron Valiant|Thunder Punch|p2a: Slowking
|-damage|p2a: Slowking|0 fnt
|faint|p2a: Slowking
|-damage|p1a: Iron Valiant|81/100|[from] item: Life Orb
|
|-weather|RainDance|[upkeep]
|upkeep
|
|t:|1779604484
|switch|p2a: Alomomola|Alomomola, M|100/100
|turn|7
|
|t:|1779604492
|move|p2a: Alomomola|Protect|p2a: Alomomola
|-singleturn|p2a: Alomomola|Protect
|move|p1a: Iron Valiant|Knock Off|p2a: Alomomola
|-activate|p2a: Alomomola|move: Protect
|
|-weather|RainDance|[upkeep]
|upkeep
|turn|8
|
|t:|1779604501
|move|p1a: Iron Valiant|Knock Off|p2a: Alomomola
|-damage|p2a: Alomomola|77/100
|-enditem|p2a: Alomomola|Red Card|[from] move: Knock Off|[of] p1a: Iron Valiant
|-damage|p1a: Iron Valiant|71/100|[from] item: Life Orb
|move|p2a: Alomomola|Wish|p2a: Alomomola
|
|-weather|none
|-fieldend|move: Electric Terrain
|-end|p1a: Iron Valiant|Quark Drive
|upkeep
|turn|9
|
|t:|1779604510
|-end|p1a: Iron Valiant|Quark Drive|[silent]
|switch|p1a: Iron Moth|Iron Moth, shiny|100/100
|move|p2a: Alomomola|Acrobatics|p1a: Iron Moth
|-damage|p1a: Iron Moth|69/100
|
|-heal|p2a: Alomomola|100/100|[from] move: Wish|[wisher] Alomomola
|upkeep
|turn|10
|
|t:|1779604521
|move|p1a: Iron Moth|Electric Terrain|p1a: Iron Moth
|-fieldstart|move: Electric Terrain
|-activate|p1a: Iron Moth|ability: Quark Drive
|-start|p1a: Iron Moth|quarkdrivespe
|move|p2a: Alomomola|Flip Turn|p1a: Iron Moth
|-supereffective|p1a: Iron Moth
|-damage|p1a: Iron Moth|15/100
|
|t:|1779604526
|switch|p2a: Cinderace|Cinderace, M|100/100|[from] Flip Turn
|
|upkeep
|turn|11
|
|t:|1779604533
|move|p2a: Cinderace|Sucker Punch|p1a: Iron Moth
|-damage|p1a: Iron Moth|0 fnt
|faint|p1a: Iron Moth
|-end|p1a: Iron Moth|Quark Drive|[silent]
|
|upkeep
|
|t:|1779604538
|switch|p1a: Iron Valiant|Iron Valiant, shiny|71/100
|-activate|p1a: Iron Valiant|ability: Quark Drive
|-start|p1a: Iron Valiant|quarkdrivespe
|turn|12
|
|t:|1779604545
|switch|p2a: Alomomola|Alomomola, M|100/100
|move|p1a: Iron Valiant|Knock Off|p2a: Alomomola
|-damage|p2a: Alomomola|85/100
|-damage|p1a: Iron Valiant|62/100|[from] item: Life Orb
|
|upkeep
|turn|13
|
|t:|1779604552
|move|p1a: Iron Valiant|Thunder Punch|p2a: Alomomola
|-supereffective|p2a: Alomomola
|-damage|p2a: Alomomola|36/100
|-damage|p1a: Iron Valiant|52/100|[from] item: Life Orb
|move|p2a: Alomomola|Acrobatics|p1a: Iron Valiant
|-supereffective|p1a: Iron Valiant
|-damage|p1a: Iron Valiant|1/100
|
|upkeep
|turn|14
|
|t:|1779604569
|switch|p2a: Cinderace|Cinderace, M|100/100
|move|p1a: Iron Valiant|Close Combat|p2a: Cinderace
|-damage|p2a: Cinderace|0 fnt
|-unboost|p1a: Iron Valiant|def|1
|-unboost|p1a: Iron Valiant|spd|1
|faint|p2a: Cinderace
|-damage|p1a: Iron Valiant|0 fnt|[from] item: Life Orb
|faint|p1a: Iron Valiant
|-end|p1a: Iron Valiant|Quark Drive|[silent]
|
|-fieldend|move: Electric Terrain
|upkeep
|
|t:|1779604579
|switch|p2a: Deoxys|Deoxys-Speed, tera:Psychic|91/100
|switch|p1a: Slither Wing|Slither Wing|100/100
|-ability|p2a: Deoxys|Pressure
|turn|15
|
|t:|1779604585
|move|p2a: Deoxys|Protect|p2a: Deoxys
|-singleturn|p2a: Deoxys|Protect
|move|p1a: Slither Wing|First Impression|p2a: Deoxys
|-activate|p2a: Deoxys|move: Protect
|
|upkeep
|turn|16
|
|t:|1779604610
|-terastallize|p1a: Slither Wing|Bug
|move|p2a: Deoxys|Psycho Boost|p1a: Slither Wing
|-damage|p1a: Slither Wing|44/100
|-unboost|p2a: Deoxys|spa|2
|-damage|p2a: Deoxys|81/100|[from] item: Life Orb
|move|p1a: Slither Wing|U-turn|p2a: Deoxys
|-supereffective|p2a: Deoxys
|-damage|p2a: Deoxys|0 fnt
|faint|p2a: Deoxys
|
|t:|1779604621
|-end|p1a: Slither Wing|Protosynthesis|[silent]
|switch|p1a: Kingambit|Kingambit, F|100/100|[from] U-turn
|-activate|p1a: Kingambit|ability: Supreme Overlord
|-start|p1a: Kingambit|fallen4|[silent]
|
|upkeep
|
|t:|1779604626
|switch|p2a: Zamazenta|Zamazenta|100/100
|turn|17
|
|t:|1779604635
|move|p2a: Zamazenta|Close Combat|p1a: Kingambit
|-supereffective|p1a: Kingambit
|-damage|p1a: Kingambit|0 fnt
|-unboost|p2a: Zamazenta|def|1
|-unboost|p2a: Zamazenta|spd|1
|faint|p1a: Kingambit
|-end|p1a: Kingambit|fallen4|[silent]
|
|upkeep
|
|t:|1779604646
|switch|p1a: Slither Wing|Slither Wing, tera:Bug|44/100
|turn|18
|
|t:|1779604659
|switch|p2a: Ditto|Ditto|100/100
|-transform|p2a: Ditto|p1a: Slither Wing|[from] ability: Imposter
|move|p1a: Slither Wing|Close Combat|p2a: Ditto
|-resisted|p2a: Ditto
|-crit|p2a: Ditto
|-damage|p2a: Ditto|27/100
|-unboost|p1a: Slither Wing|def|1
|-unboost|p1a: Slither Wing|spd|1
|
|upkeep
|turn|19
|
|t:|1779604673
|move|p2a: Ditto|First Impression|p1a: Slither Wing
|-damage|p1a: Slither Wing|0 fnt
|faint|p1a: Slither Wing
|-end|p1a: Slither Wing|Protosynthesis|[silent]
|
|win|greattrainer123
|raw|Kwazy Kupcakes's rating: 1281 &rarr; <strong>1258</strong><br />(-23 for losing)
|raw|greattrainer123's rating: 1302 &rarr; <strong>1321</strong><br />(+19 for winning)
|l|☆greattrainer123
|player|p2|
|l|☆Kwazy Kupcakes
|player|p1|
