|j|☆fivetomatoes
|j|☆Purple Amoonguss
|t:|1779647483
|gametype|singles
|player|p1|fivetomatoes|1|1703
|player|p2|Purple Amoonguss|pokemonbreederf|1612
|gen|9
|tier|[Gen 9] OU
|rated|
|rule|HP Percentage Mod: HP is shown in percentages
|rule|Endless Battle Clause: Forcing endless battles is banned
|rule|Species Clause: Limit one of each Pokémon
|rule|OHKO Clause: OHKO moves are banned
|rule|Evasion Items Clause: Evasion items are banned
|rule|Evasion Moves Clause: Evasion moves are banned
|rule|Evasion Abilities Clause: Evasion abilities are banned
|rule|Sleep Moves Clause: Sleep-inducing moves are banned
|clearpoke
|poke|p1|Rotom-Wash|
|poke|p1|Rillaboom, F|
|poke|p1|Glimmora, F|
|poke|p1|Garganacl, F|
|poke|p1|Dragapult, M|
|poke|p1|Gholdengo|
|poke|p2|Gliscor, F|
|poke|p2|Heatran, M|
|poke|p2|Sinistcha|
|poke|p2|Corviknight, F|
|poke|p2|Tentacruel, M|
|poke|p2|Darkrai|
|teampreview
|inactive|Battle timer is ON: inactive players will automatically lose when time's up. (requested by fivetomatoes)
|
|t:|1779647492
|teamsize|p1|6
|teamsize|p2|6
|start
|switch|p1a: Rillaboom|Rillaboom, F|100/100
|switch|p2a: Tentacruel|Tentacruel, M, shiny|100/100
|-fieldstart|move: Grassy Terrain|[from] ability: Grassy Surge|[of] p1a: Rillaboom
|turn|1
|j| FaronAan
|
|t:|1779647499
|switch|p2a: Corviknight|Corviknight, F|100/100
|-ability|p2a: Corviknight|Pressure
|move|p1a: Rillaboom|Knock Off|p2a: Corviknight
|-damage|p2a: Corviknight|70/100
|-damage|p1a: Rillaboom|84/100|[from] item: Rocky Helmet|[of] p2a: Corviknight
|-enditem|p2a: Corviknight|Rocky Helmet|[from] move: Knock Off|[of] p1a: Rillaboom
|-damage|p1a: Rillaboom|74/100|[from] item: Life Orb
|
|-heal|p1a: Rillaboom|80/100|[from] Grassy Terrain
|upkeep
|turn|2
|
|t:|1779647505
|switch|p1a: Glimmora|Glimmora, F|100/100
|move|p2a: Corviknight|U-turn|p1a: Glimmora
|-resisted|p1a: Glimmora
|-damage|p1a: Glimmora|95/100
|-activate|p1a: Glimmora|ability: Toxic Debris
|-sidestart|p2: Purple Amoonguss|move: Toxic Spikes
|
|t:|1779647509
|switch|p2a: Gliscor|Gliscor, F|100/100|[from] U-turn
|
|-heal|p1a: Glimmora|100/100|[from] Grassy Terrain
|-status|p2a: Gliscor|tox|[from] item: Toxic Orb
|upkeep
|turn|3
|
|t:|1779647516
|move|p2a: Gliscor|Spikes|p1a: Glimmora
|-sidestart|p1: fivetomatoes|Spikes
|move|p1a: Glimmora|Stealth Rock|p2a: Gliscor
|-sidestart|p2: Purple Amoonguss|move: Stealth Rock
|
|upkeep
|turn|4
|
|t:|1779647529
|switch|p1a: Dragapult|Dragapult, M|100/100
|-damage|p1a: Dragapult|88/100|[from] Spikes
|move|p2a: Gliscor|Spikes|p1a: Dragapult
|-sidestart|p1: fivetomatoes|Spikes
|
|-heal|p1a: Dragapult|94/100|[from] Grassy Terrain
|-heal|p1a: Dragapult|99/100|[from] item: Leftovers
|upkeep
|turn|5
|
|t:|1779647545
|move|p1a: Dragapult|Substitute|p1a: Dragapult
|-start|p1a: Dragapult|Substitute
|-damage|p1a: Dragapult|75/100
|move|p2a: Gliscor|Spikes|p1a: Dragapult
|-sidestart|p1: fivetomatoes|Spikes
|
|-heal|p1a: Dragapult|82/100|[from] Grassy Terrain
|-heal|p1a: Dragapult|88/100|[from] item: Leftovers
|-fieldend|move: Grassy Terrain
|upkeep
|turn|6
|
|t:|1779647553
|move|p1a: Dragapult|Hex|p2a: Gliscor
|-damage|p2a: Gliscor|59/100 tox
|move|p2a: Gliscor|Knock Off|p1a: Dragapult
|-supereffective|p1a: Dragapult
|-end|p1a: Dragapult|Substitute
|
|-heal|p1a: Dragapult|94/100|[from] item: Leftovers
|-heal|p2a: Gliscor|72/100 tox|[from] ability: Poison Heal
|upkeep
|turn|7
|
|t:|1779647559
|switch|p1a: Glimmora|Glimmora, F|100/100
|move|p2a: Gliscor|Knock Off|p1a: Glimmora
|-damage|p1a: Glimmora|85/100
|-activate|p1a: Glimmora|ability: Toxic Debris
|-sidestart|p2: Purple Amoonguss|move: Toxic Spikes
|-enditem|p1a: Glimmora|Heavy-Duty Boots|[from] move: Knock Off|[of] p2a: Gliscor
|
|-heal|p2a: Gliscor|84/100 tox|[from] ability: Poison Heal
|upkeep
|turn|8
|
|t:|1779647564
|move|p2a: Gliscor|Protect|p2a: Gliscor
|-singleturn|p2a: Gliscor|Protect
|move|p1a: Glimmora|Spiky Shield||[still]
|-fail|p1a: Glimmora
|
|-heal|p2a: Gliscor|97/100 tox|[from] ability: Poison Heal
|upkeep
|turn|9
|
|t:|1779647568
|move|p1a: Glimmora|Spiky Shield|p1a: Glimmora
|-singleturn|p1a: Glimmora|move: Protect
|move|p2a: Gliscor|Earthquake|p1a: Glimmora
|-activate|p1a: Glimmora|move: Protect
|
|-heal|p2a: Gliscor|100/100 tox|[from] ability: Poison Heal
|upkeep
|turn|10
|
|t:|1779647575
|-terastallize|p1a: Glimmora|Flying
|move|p2a: Gliscor|Knock Off|p1a: Glimmora
|-damage|p1a: Glimmora|75/100
|move|p1a: Glimmora|Mortal Spin|p2a: Gliscor
|-resisted|p2a: Gliscor
|-damage|p2a: Gliscor|98/100 tox
|-sideend|p1: fivetomatoes|Spikes|[from] move: Mortal Spin|[of] p1a: Glimmora
|
|-heal|p2a: Gliscor|100/100 tox|[from] ability: Poison Heal
|upkeep
|turn|11
|
|t:|1779647588
|switch|p1a: Rotom|Rotom-Wash|100/100
|move|p2a: Gliscor|Spikes|p1a: Rotom
|-sidestart|p1: fivetomatoes|Spikes
|
|upkeep
|turn|12
|
|t:|1779647600
|move|p2a: Gliscor|Protect|p2a: Gliscor
|-singleturn|p2a: Gliscor|Protect
|move|p1a: Rotom|Hydro Pump|p2a: Gliscor
|-activate|p2a: Gliscor|move: Protect
|
|upkeep
|turn|13
|
|t:|1779647608
|switch|p1a: Dragapult|Dragapult, M|94/100
|-damage|p1a: Dragapult|81/100|[from] Spikes
|switch|p2a: Tentacruel|Tentacruel, M, shiny|100/100
|-sideend|p2: Purple Amoonguss|move: Toxic Spikes|[of] p2a: Tentacruel
|
|-heal|p1a: Dragapult|87/100|[from] item: Leftovers
|upkeep
|turn|14
|
|t:|1779647612
|move|p1a: Dragapult|Substitute|p1a: Dragapult
|-start|p1a: Dragapult|Substitute
|-damage|p1a: Dragapult|63/100
|move|p2a: Tentacruel|Knock Off|p1a: Dragapult
|-supereffective|p1a: Dragapult
|-end|p1a: Dragapult|Substitute
|
|-heal|p1a: Dragapult|69/100|[from] item: Leftovers
|upkeep
|turn|15
|
|t:|1779647622
|switch|p1a: Garganacl|Garganacl, F|100/100
|-damage|p1a: Garganacl|88/100|[from] Spikes
|move|p2a: Tentacruel|Knock Off|p1a: Garganacl
|-damage|p1a: Garganacl|81/100
|-enditem|p1a: Garganacl|Leftovers|[from] move: Knock Off|[of] p2a: Tentacruel
|
|upkeep
|turn|16
|
|t:|1779647636
|move|p2a: Tentacruel|Surf|p1a: Garganacl
|-supereffective|p1a: Garganacl
|-damage|p1a: Garganacl|15/100
|move|p1a: Garganacl|Salt Cure|p2a: Tentacruel
|-damage|p2a: Tentacruel|78/100
|-start|p2a: Tentacruel|Salt Cure
|
|-damage|p2a: Tentacruel|53/100|[from] Salt Cure
|upkeep
|turn|17
|
|t:|1779647641
|switch|p2a: Gliscor|Gliscor, F|100/100 tox
|-damage|p2a: Gliscor|88/100 tox|[from] Stealth Rock
|move|p1a: Garganacl|Protect||[still]
|-fail|p1a: Garganacl
|
|-heal|p2a: Gliscor|100/100 tox|[from] ability: Poison Heal
|upkeep
|turn|18
|
|t:|1779647646
|move|p2a: Gliscor|Earthquake|p1a: Garganacl
|-supereffective|p1a: Garganacl
|-damage|p1a: Garganacl|0 fnt
|faint|p1a: Garganacl
|
|upkeep
|l|☆fivetomatoes
|inactive|fivetomatoes disconnected and has a minute to reconnect!
|player|p1|
|inactive|fivetomatoes has 30 seconds to reconnect!
|inactive|fivetomatoes has 20 seconds to reconnect!
|inactive|fivetomatoes has 15 seconds to reconnect!
|inactive|fivetomatoes has 10 seconds to reconnect!
|inactive|fivetomatoes has 5 seconds to reconnect!
|-message|fivetomatoes lost due to inactivity.
|
|win|Purple Amoonguss
|raw|fivetomatoes's rating: 1703 &rarr; <strong>1678</strong><br />(-25 for losing)
|raw|Purple Amoonguss's rating: 1612 &rarr; <strong>1637</strong><br />(+25 for winning)
