|j|☆cafepinguino
|j|☆KeyBlaster
|t:|1779631352
|gametype|singles
|player|p1|cafepinguino|morty|1532
|player|p2|KeyBlaster|101|1506
|gen|9
|tier|[Gen 9] OU
|rated|
|rule|HP Percentage Mod: HP is shown in percentages
|rule|Endless Battle Clause: Forcing endless battles is banned
|rule|Species Clause: Limit one of each Pokémon
|rule|OHKO Clause: OHKO moves are banned
|rule|Evasion Items Clause: Evasion items are banned
|rule|Evasion Moves Clause: Evasion moves are banned
|rule|Evasion Abilities Clause: Evasion abilities are banned
|rule|Sleep Moves Clause: Sleep-inducing moves are banned
|clearpoke
|poke|p1|Darkrai|
|poke|p1|Clefable, F|
|poke|p1|Entei|
|poke|p1|Goodra-Hisui, M|
|poke|p1|Ursaluna, F|
|poke|p1|Azumarill, F|
|poke|p2|Kingambit, F|
|poke|p2|Glimmora, M|
|poke|p2|Deoxys-Speed|
|poke|p2|Meowscarada, F|
|poke|p2|Dragonite, F|
|poke|p2|Gholdengo|
|teampreview
|
|t:|1779631370
|teamsize|p1|6
|teamsize|p2|6
|start
|switch|p1a: Goodra|Goodra-Hisui, M|100/100
|switch|p2a: Glimmora|Glimmora, M|100/100
|turn|1
|
|t:|1779631377
|move|p2a: Glimmora|Earth Power|p1a: Goodra
|-supereffective|p1a: Goodra
|-damage|p1a: Goodra|58/100
|move|p1a: Goodra|Flash Cannon|p2a: Glimmora
|-supereffective|p2a: Glimmora
|-damage|p2a: Glimmora|18/100
|
|upkeep
|turn|2
|
|t:|1779631382
|move|p2a: Glimmora|Stealth Rock|p1a: Goodra
|-sidestart|p1: cafepinguino|move: Stealth Rock
|move|p1a: Goodra|Flash Cannon|p2a: Glimmora
|-supereffective|p2a: Glimmora
|-damage|p2a: Glimmora|0 fnt
|faint|p2a: Glimmora
|
|upkeep
|inactive|Battle timer is ON: inactive players will automatically lose when time's up. (requested by cafepinguino)
|
|t:|1779631396
|switch|p2a: Dragonite|Dragonite, F|100/100
|turn|3
|
|t:|1779631401
|move|p2a: Dragonite|Dragon Dance|p2a: Dragonite
|-boost|p2a: Dragonite|atk|1
|-boost|p2a: Dragonite|spe|1
|move|p1a: Goodra|Draco Meteor|p2a: Dragonite
|-supereffective|p2a: Dragonite
|-damage|p2a: Dragonite|52/100
|-unboost|p1a: Goodra|spa|2
|
|upkeep
|turn|4
|
|t:|1779631406
|move|p2a: Dragonite|Roost|p2a: Dragonite
|-heal|p2a: Dragonite|100/100
|-singleturn|p2a: Dragonite|move: Roost
|move|p1a: Goodra|Body Press|p2a: Dragonite
|-crit|p2a: Dragonite
|-damage|p2a: Dragonite|79/100
|
|upkeep
|turn|5
|
|t:|1779631412
|switch|p1a: Clefable|Clefable, F|100/100
|move|p2a: Dragonite|Dragon Dance|p2a: Dragonite
|-boost|p2a: Dragonite|atk|1
|-boost|p2a: Dragonite|spe|1
|
|upkeep
|turn|6
|
|t:|1779631419
|switch|p2a: Gholdengo|Gholdengo|100/100
|move|p1a: Clefable|Moonblast|p2a: Gholdengo
|-resisted|p2a: Gholdengo
|-damage|p2a: Gholdengo|81/100
|-unboost|p2a: Gholdengo|spa|1
|
|-heal|p2a: Gholdengo|87/100|[from] item: Leftovers
|upkeep
|turn|7
|
|t:|1779631426
|-terastallize|p1a: Clefable|Steel
|move|p2a: Gholdengo|Make It Rain|p1a: Clefable
|-resisted|p1a: Clefable
|-damage|p1a: Clefable|81/100
|-unboost|p2a: Gholdengo|spa|1
|move|p1a: Clefable|Calm Mind|p1a: Clefable
|-boost|p1a: Clefable|spa|1
|-boost|p1a: Clefable|spd|1
|
|-heal|p2a: Gholdengo|93/100|[from] item: Leftovers
|upkeep
|turn|8
|
|t:|1779631440
|switch|p2a: Meowscarada|Meowscarada, F|100/100
|move|p1a: Clefable|Flamethrower|p2a: Meowscarada
|-supereffective|p2a: Meowscarada
|-damage|p2a: Meowscarada|0 fnt
|faint|p2a: Meowscarada
|
|upkeep
|
|t:|1779631442
|switch|p2a: Dragonite|Dragonite, F|79/100
|turn|9
|
|t:|1779631450
|move|p2a: Dragonite|Earthquake|p1a: Clefable
|-supereffective|p1a: Clefable
|-damage|p1a: Clefable|26/100
|move|p1a: Clefable|Moonblast|p2a: Dragonite
|-supereffective|p2a: Dragonite
|-damage|p2a: Dragonite|0 fnt
|faint|p2a: Dragonite
|
|upkeep
|
|t:|1779631459
|switch|p2a: Kingambit|Kingambit, F|100/100
|-activate|p2a: Kingambit|ability: Supreme Overlord
|-start|p2a: Kingambit|fallen3|[silent]
|turn|10
|
|t:|1779631462
|move|p2a: Kingambit|Kowtow Cleave|p1a: Clefable
|-damage|p1a: Clefable|0 fnt
|faint|p1a: Clefable
|
|upkeep
|
|t:|1779631468
|switch|p1a: Entei|Entei|100/100
|turn|11
|
|t:|1779631472
|-end|p2a: Kingambit|fallen3|[silent]
|switch|p2a: Gholdengo|Gholdengo|93/100
|move|p1a: Entei|Sacred Fire|p2a: Gholdengo
|-supereffective|p2a: Gholdengo
|-damage|p2a: Gholdengo|7/100
|-status|p2a: Gholdengo|brn
|
|-heal|p2a: Gholdengo|13/100 brn|[from] item: Leftovers
|-damage|p2a: Gholdengo|7/100 brn|[from] brn
|upkeep
|turn|12
|
|t:|1779631478
|move|p1a: Entei|Sacred Fire|p2a: Gholdengo
|-supereffective|p2a: Gholdengo
|-damage|p2a: Gholdengo|0 fnt
|faint|p2a: Gholdengo
|
|upkeep
|
|t:|1779631483
|switch|p2a: Deoxys|Deoxys-Speed|100/100
|-ability|p2a: Deoxys|Pressure
|turn|13
|
|t:|1779631488
|move|p2a: Deoxys|Psycho Boost|p1a: Entei
|-damage|p1a: Entei|0 fnt
|-unboost|p2a: Deoxys|spa|2
|faint|p1a: Entei
|
|upkeep
|
|t:|1779631500
|switch|p1a: Ursaluna|Ursaluna, F|100/100
|-damage|p1a: Ursaluna|94/100|[from] Stealth Rock
|turn|14
|
|t:|1779631502
|move|p1a: Ursaluna|Protect|p1a: Ursaluna
|-singleturn|p1a: Ursaluna|Protect
|move|p2a: Deoxys|Psycho Boost|p1a: Ursaluna
|-activate|p1a: Ursaluna|move: Protect
|
|-status|p1a: Ursaluna|brn|[from] item: Flame Orb
|upkeep
|turn|15
|
|t:|1779631508
|move|p2a: Deoxys|Psycho Boost|p1a: Ursaluna
|-damage|p1a: Ursaluna|54/100 brn
|-unboost|p2a: Deoxys|spa|2
|move|p1a: Ursaluna|Crunch|p2a: Deoxys
|-supereffective|p2a: Deoxys
|-damage|p2a: Deoxys|0 fnt
|faint|p2a: Deoxys
|
|-damage|p1a: Ursaluna|47/100 brn|[from] brn
|upkeep
|
|t:|1779631512
|switch|p2a: Kingambit|Kingambit, F|100/100
|-activate|p2a: Kingambit|ability: Supreme Overlord
|-start|p2a: Kingambit|fallen5|[silent]
|turn|16
|
|t:|1779631521
|-terastallize|p2a: Kingambit|Dark
|move|p2a: Kingambit|Sucker Punch|p1a: Ursaluna
|-damage|p1a: Ursaluna|0 fnt
|faint|p1a: Ursaluna
|
|upkeep
|
|t:|1779631528
|switch|p1a: Goodra|Goodra-Hisui, M|58/100
|-damage|p1a: Goodra|52/100|[from] Stealth Rock
|turn|17
|
|t:|1779631534
|move|p2a: Kingambit|Kowtow Cleave|p1a: Goodra
|-damage|p1a: Goodra|0 fnt
|-ability|p1a: Goodra|Gooey
|-unboost|p2a: Kingambit|spe|1
|faint|p1a: Goodra
|
|upkeep
|
|t:|1779631539
|switch|p1a: Azumarill <3|Azumarill, F|100/100
|-damage|p1a: Azumarill <3|88/100|[from] Stealth Rock
|turn|18
|
|t:|1779631542
|move|p1a: Azumarill <3|Superpower|p2a: Kingambit
|-supereffective|p2a: Kingambit
|-damage|p2a: Kingambit|8/100
|-unboost|p1a: Azumarill <3|atk|1
|-unboost|p1a: Azumarill <3|def|1
|move|p2a: Kingambit|Iron Head|p1a: Azumarill <3
|-damage|p1a: Azumarill <3|0 fnt
|faint|p1a: Azumarill <3
|
|upkeep
|
|t:|1779631549
|switch|p1a: Darkrai|Darkrai|100/100
|-damage|p1a: Darkrai|88/100|[from] Stealth Rock
|turn|19
|
|t:|1779631552
|move|p2a: Kingambit|Sucker Punch|p1a: Darkrai
|-resisted|p1a: Darkrai
|-damage|p1a: Darkrai|27/100
|move|p1a: Darkrai|Dark Pulse|p2a: Kingambit
|-resisted|p2a: Kingambit
|-damage|p2a: Kingambit|0 fnt
|faint|p2a: Kingambit
|-end|p2a: Kingambit|fallen5|[silent]
|
|win|cafepinguino
|raw|cafepinguino's rating: 1532 &rarr; <strong>1551</strong><br />(+19 for winning)
|raw|KeyBlaster's rating: 1506 &rarr; <strong>1487</strong><br />(-19 for losing)
|l|☆KeyBlaster
|player|p2|
|l|☆cafepinguino
|player|p1|
