|j|☆dooozdzdz
|j|☆James2464
|t:|1779671880
|gametype|singles
|player|p1|dooozdzdz|cilan|1697
|player|p2|James2464|miku-ghost|1713
|gen|9
|tier|[Gen 9] OU
|rated|
|rule|HP Percentage Mod: HP is shown in percentages
|rule|Endless Battle Clause: Forcing endless battles is banned
|rule|Species Clause: Limit one of each Pokémon
|rule|OHKO Clause: OHKO moves are banned
|rule|Evasion Items Clause: Evasion items are banned
|rule|Evasion Moves Clause: Evasion moves are banned
|rule|Evasion Abilities Clause: Evasion abilities are banned
|rule|Sleep Moves Clause: Sleep-inducing moves are banned
|clearpoke
|poke|p1|Hoopa-Unbound|
|poke|p1|Zamazenta-*|
|poke|p1|Pecharunt|
|poke|p1|Iron Treads|
|poke|p1|Primarina, F|
|poke|p1|Dragonite, M|
|poke|p2|Lycanroc-Dusk, F|
|poke|p2|Kingambit, M|
|poke|p2|Moltres|
|poke|p2|Great Tusk|
|poke|p2|Ogerpon, F|
|poke|p2|Hatterene, F|
|teampreview
|inactive|Battle timer is ON: inactive players will automatically lose when time's up. (requested by James2464)
|j| simplegent
|
|t:|1779671910
|teamsize|p1|6
|teamsize|p2|6
|start
|switch|p1a: Pecharunt|Pecharunt|100/100
|switch|p2a: Ogerpon|Ogerpon, F|100/100
|turn|1
|
|t:|1779671934
|move|p2a: Ogerpon|Knock Off|p1a: Pecharunt
|-supereffective|p1a: Pecharunt
|-damage|p1a: Pecharunt|62/100
|-enditem|p1a: Pecharunt|Heavy-Duty Boots|[from] move: Knock Off|[of] p2a: Ogerpon
|move|p1a: Pecharunt|Shadow Ball|p2a: Ogerpon
|-damage|p2a: Ogerpon|74/100
|
|upkeep
|turn|2
|j| vile furor
|
|t:|1779671941
|move|p2a: Ogerpon|U-turn|p1a: Pecharunt
|-resisted|p1a: Pecharunt
|-damage|p1a: Pecharunt|59/100
|
|t:|1779671942
|switch|p2a: Kingambit|Kingambit, M|100/100|[from] U-turn
|move|p1a: Pecharunt|Recover|p1a: Pecharunt
|-heal|p1a: Pecharunt|100/100
|
|upkeep
|turn|3
|
|t:|1779671950
|switch|p1a: Iron Treads|Iron Treads|100/100
|move|p2a: Kingambit|Iron Head|p1a: Iron Treads
|-resisted|p1a: Iron Treads
|-damage|p1a: Iron Treads|79/100
|
|upkeep
|turn|4
|
|t:|1779671956
|-end|p2a: Kingambit|fallenundefined|[silent]
|switch|p2a: Moltres|Moltres|100/100
|move|p1a: Iron Treads|Earthquake|p2a: Moltres
|-immune|p2a: Moltres
|
|upkeep
|turn|5
|
|t:|1779671960
|-end|p1a: Iron Treads|Quark Drive|[silent]
|switch|p1a: Primarina|Primarina, F|100/100
|move|p2a: Moltres|Will-O-Wisp|p1a: Primarina
|-status|p1a: Primarina|brn
|
|-damage|p1a: Primarina|94/100 brn|[from] brn
|upkeep
|turn|6
|
|t:|1779671966
|move|p2a: Moltres|U-turn|p1a: Primarina
|-resisted|p1a: Primarina
|-damage|p1a: Primarina|86/100 brn
|
|t:|1779671968
|switch|p2a: Ogerpon|Ogerpon, F|74/100|[from] U-turn
|move|p1a: Primarina|Surf|p2a: Ogerpon
|-resisted|p2a: Ogerpon
|-damage|p2a: Ogerpon|42/100
|
|-damage|p1a: Primarina|80/100 brn|[from] brn
|upkeep
|turn|7
|
|t:|1779671974
|switch|p1a: Pecharunt|Pecharunt|100/100
|move|p2a: Ogerpon|U-turn|p1a: Pecharunt
|-resisted|p1a: Pecharunt
|-damage|p1a: Pecharunt|97/100
|
|t:|1779671981
|switch|p2a: Kingambit|Kingambit, M|100/100|[from] U-turn
|
|upkeep
|turn|8
|
|t:|1779671986
|move|p1a: Pecharunt|Parting Shot|p2a: Kingambit
|-unboost|p2a: Kingambit|atk|1
|-unboost|p2a: Kingambit|spa|1
|
|t:|1779671987
|switch|p1a: Zamazenta|Zamazenta|100/100|[from] Parting Shot
|-ability|p1a: Zamazenta|Dauntless Shield|boost
|-boost|p1a: Zamazenta|def|1
|move|p2a: Kingambit|Kowtow Cleave|p1a: Zamazenta
|-resisted|p1a: Zamazenta
|-damage|p1a: Zamazenta|93/100
|
|-heal|p1a: Zamazenta|99/100|[from] item: Leftovers
|upkeep
|turn|9
|
|t:|1779671991
|switch|p1a: Primarina|Primarina, F|80/100 brn
|-end|p2a: Kingambit|fallenundefined|[silent]
|switch|p2a: Hatterene|Hatterene, F|100/100
|
|-damage|p1a: Primarina|74/100 brn|[from] brn
|upkeep
|turn|10
|
|t:|1779671995
|move|p1a: Primarina|Moonblast|p2a: Hatterene
|-damage|p2a: Hatterene|43/100
|move|p2a: Hatterene|Psychic Noise|p1a: Primarina
|-damage|p1a: Primarina|53/100 brn
|-start|p1a: Primarina|move: Heal Block
|
|-damage|p1a: Primarina|47/100 brn|[from] brn
|upkeep
|turn|11
|
|t:|1779672003
|switch|p2a: Moltres|Moltres|100/100
|move|p1a: Primarina|Moonblast|p2a: Moltres
|-resisted|p2a: Moltres
|-damage|p2a: Moltres|74/100
|
|-damage|p1a: Primarina|41/100 brn|[from] brn
|-end|p1a: Primarina|move: Heal Block
|upkeep
|turn|12
|
|t:|1779672005
|move|p2a: Moltres|U-turn|p1a: Primarina
|-resisted|p1a: Primarina
|-crit|p1a: Primarina
|-damage|p1a: Primarina|28/100 brn
|
|t:|1779672012
|switch|p2a: Ogerpon|Ogerpon, F|42/100|[from] U-turn
|move|p1a: Primarina|Moonblast|p2a: Ogerpon
|-damage|p2a: Ogerpon|0 fnt
|faint|p2a: Ogerpon
|
|-damage|p1a: Primarina|22/100 brn|[from] brn
|upkeep
|
|t:|1779672024
|switch|p2a: Great Tusk|Great Tusk|100/100
|turn|13
|
|t:|1779672028
|switch|p1a: Pecharunt|Pecharunt|97/100
|move|p2a: Great Tusk|Headlong Rush|p1a: Pecharunt
|-supereffective|p1a: Pecharunt
|-damage|p1a: Pecharunt|33/100
|-unboost|p2a: Great Tusk|def|1
|-unboost|p2a: Great Tusk|spd|1
|
|upkeep
|turn|14
|
|t:|1779672033
|move|p1a: Pecharunt|Recover|p1a: Pecharunt
|-heal|p1a: Pecharunt|84/100
|move|p2a: Great Tusk|Headlong Rush|p1a: Pecharunt
|-supereffective|p1a: Pecharunt
|-damage|p1a: Pecharunt|18/100
|-unboost|p2a: Great Tusk|def|1
|-unboost|p2a: Great Tusk|spd|1
|
|upkeep
|turn|15
|
|t:|1779672045
|-end|p2a: Great Tusk|Protosynthesis|[silent]
|switch|p2a: Kingambit|Kingambit, M|100/100
|-activate|p2a: Kingambit|ability: Supreme Overlord
|-start|p2a: Kingambit|fallen1|[silent]
|move|p1a: Pecharunt|Recover|p1a: Pecharunt
|-heal|p1a: Pecharunt|68/100
|
|upkeep
|turn|16
|
|t:|1779672052
|move|p1a: Pecharunt|Parting Shot|p2a: Kingambit
|-unboost|p2a: Kingambit|atk|1
|-unboost|p2a: Kingambit|spa|1
|
|t:|1779672055
|switch|p1a: Zamazenta|Zamazenta|99/100|[from] Parting Shot
|move|p2a: Kingambit|Swords Dance|p2a: Kingambit
|-boost|p2a: Kingambit|atk|2
|
|-heal|p1a: Zamazenta|100/100|[from] item: Leftovers
|upkeep
|turn|17
|
|t:|1779672064
|move|p1a: Zamazenta|Iron Defense|p1a: Zamazenta
|-boost|p1a: Zamazenta|def|2
|move|p2a: Kingambit|Iron Head|p1a: Zamazenta
|-damage|p1a: Zamazenta|72/100
|
|-heal|p1a: Zamazenta|78/100|[from] item: Leftovers
|upkeep
|turn|18
|
|t:|1779672069
|-end|p2a: Kingambit|fallen1|[silent]
|switch|p2a: Hatterene|Hatterene, F|43/100
|move|p1a: Zamazenta|Roar|p2a: Hatterene
|move|p2a: Hatterene|Roar|p1a: Zamazenta|[from] ability: Magic Bounce
|drag|p1a: Iron Treads|Iron Treads|79/100
|
|upkeep
|turn|19
|
|t:|1779672079
|switch|p2a: Great Tusk|Great Tusk|100/100
|move|p1a: Iron Treads|Earthquake|p2a: Great Tusk
|-damage|p2a: Great Tusk|70/100
|
|upkeep
|turn|20
|
|t:|1779672092
|move|p1a: Iron Treads|Ice Spinner|p2a: Great Tusk
|-supereffective|p2a: Great Tusk
|-damage|p2a: Great Tusk|39/100
|-damage|p1a: Iron Treads|62/100|[from] item: Rocky Helmet|[of] p2a: Great Tusk
|move|p2a: Great Tusk|Headlong Rush|p1a: Iron Treads
|-supereffective|p1a: Iron Treads
|-damage|p1a: Iron Treads|0 fnt
|-unboost|p2a: Great Tusk|def|1
|-unboost|p2a: Great Tusk|spd|1
|faint|p1a: Iron Treads
|-end|p1a: Iron Treads|Quark Drive|[silent]
|
|upkeep
|
|t:|1779672100
|switch|p1a: Pecharunt|Pecharunt|68/100
|turn|21
|
|t:|1779672105
|-end|p2a: Great Tusk|Protosynthesis|[silent]
|switch|p2a: Kingambit|Kingambit, M|100/100
|-activate|p2a: Kingambit|ability: Supreme Overlord
|-start|p2a: Kingambit|fallen1|[silent]
|move|p1a: Pecharunt|Shadow Ball|p2a: Kingambit
|-resisted|p2a: Kingambit
|-damage|p2a: Kingambit|88/100
|
|-heal|p2a: Kingambit|95/100|[from] item: Leftovers
|upkeep
|turn|22
|
|t:|1779672112
|move|p1a: Pecharunt|Parting Shot|p2a: Kingambit
|-unboost|p2a: Kingambit|atk|1
|-unboost|p2a: Kingambit|spa|1
|
|t:|1779672116
|switch|p1a: Zamazenta|Zamazenta|78/100|[from] Parting Shot
|move|p2a: Kingambit|Iron Head|p1a: Zamazenta
|-damage|p1a: Zamazenta|55/100
|
|-heal|p1a: Zamazenta|61/100|[from] item: Leftovers
|-heal|p2a: Kingambit|100/100|[from] item: Leftovers
|upkeep
|turn|23
|l| vile furor
|
|t:|1779672122
|-end|p2a: Kingambit|fallen1|[silent]
|switch|p2a: Hatterene|Hatterene, F|43/100
|move|p1a: Zamazenta|Body Press|p2a: Hatterene
|-resisted|p2a: Hatterene
|-damage|p2a: Hatterene|35/100
|-damage|p1a: Zamazenta|44/100|[from] item: Rocky Helmet|[of] p2a: Hatterene
|
|-heal|p1a: Zamazenta|51/100|[from] item: Leftovers
|upkeep
|turn|24
|
|t:|1779672129
|switch|p1a: Hoopa|Hoopa-Unbound|100/100
|move|p2a: Hatterene|Draining Kiss|p1a: Hoopa
|-supereffective|p1a: Hoopa
|-damage|p1a: Hoopa|61/100
|-heal|p2a: Hatterene|63/100|[from] drain|[of] p1a: Hoopa
|
|upkeep
|turn|25
|
|t:|1779672133
|move|p1a: Hoopa|Knock Off|p2a: Hatterene
|-crit|p2a: Hatterene
|-damage|p2a: Hatterene|0 fnt
|-damage|p1a: Hoopa|44/100|[from] item: Rocky Helmet|[of] p2a: Hatterene
|-enditem|p2a: Hatterene|Rocky Helmet|[from] move: Knock Off|[of] p1a: Hoopa
|faint|p2a: Hatterene
|
|upkeep
|
|t:|1779672142
|switch|p2a: Lycanroc|Lycanroc-Dusk, F|100/100
|turn|26
|
|t:|1779672148
|switch|p1a: Primarina|Primarina, F|22/100 brn
|move|p2a: Lycanroc|Swords Dance|p2a: Lycanroc
|-boost|p2a: Lycanroc|atk|2
|
|-damage|p1a: Primarina|16/100 brn|[from] brn
|upkeep
|turn|27
|
|t:|1779672152
|move|p2a: Lycanroc|Accelerock|p1a: Primarina
|-damage|p1a: Primarina|0 fnt
|faint|p1a: Primarina
|-damage|p2a: Lycanroc|91/100|[from] item: Life Orb
|
|upkeep
|
|t:|1779672154
|switch|p1a: Zamazenta|Zamazenta|51/100
|turn|28
|
|t:|1779672160
|switch|p2a: Moltres|Moltres|74/100
|move|p1a: Zamazenta|Iron Defense|p1a: Zamazenta
|-boost|p1a: Zamazenta|def|2
|
|-heal|p1a: Zamazenta|57/100|[from] item: Leftovers
|upkeep
|turn|29
|
|t:|1779672166
|switch|p1a: Pecharunt|Pecharunt|68/100
|move|p2a: Moltres|Will-O-Wisp|p1a: Pecharunt
|-status|p1a: Pecharunt|brn
|
|-damage|p1a: Pecharunt|62/100 brn|[from] brn
|upkeep
|turn|30
|
|t:|1779672173
|switch|p2a: Lycanroc|Lycanroc-Dusk, F|91/100
|move|p1a: Pecharunt|Malignant Chain|p2a: Lycanroc
|-resisted|p2a: Lycanroc
|-damage|p2a: Lycanroc|67/100
|-status|p2a: Lycanroc|tox
|-start|p2a: Lycanroc|confusion|[from] ability: Poison Puppeteer|[of] p1a: Pecharunt
|
|-damage|p2a: Lycanroc|61/100 tox|[from] psn
|-damage|p1a: Pecharunt|56/100 brn|[from] brn
|upkeep
|turn|31
|
|t:|1779672179
|switch|p2a: Kingambit|Kingambit, M|100/100
|-activate|p2a: Kingambit|ability: Supreme Overlord
|-start|p2a: Kingambit|fallen2|[silent]
|move|p1a: Pecharunt|Recover|p1a: Pecharunt
|-heal|p1a: Pecharunt|100/100 brn
|
|-damage|p1a: Pecharunt|94/100 brn|[from] brn
|upkeep
|turn|32
|
|t:|1779672182
|move|p1a: Pecharunt|Parting Shot|p2a: Kingambit
|-unboost|p2a: Kingambit|atk|1
|-unboost|p2a: Kingambit|spa|1
|
|t:|1779672184
|switch|p1a: Zamazenta|Zamazenta|57/100|[from] Parting Shot
|move|p2a: Kingambit|Iron Head|p1a: Zamazenta
|-damage|p1a: Zamazenta|31/100
|
|-heal|p1a: Zamazenta|37/100|[from] item: Leftovers
|upkeep
|turn|33
|
|t:|1779672190
|switch|p1a: Hoopa|Hoopa-Unbound|44/100
|-end|p2a: Kingambit|fallen2|[silent]
|switch|p2a: Great Tusk|Great Tusk|39/100
|
|upkeep
|turn|34
|
|t:|1779672196
|switch|p1a: Pecharunt|Pecharunt|94/100 brn
|move|p2a: Great Tusk|Stealth Rock|p1a: Pecharunt
|-sidestart|p1: dooozdzdz|move: Stealth Rock
|
|-damage|p1a: Pecharunt|88/100 brn|[from] brn
|upkeep
|turn|35
|
|t:|1779672205
|-end|p2a: Great Tusk|Protosynthesis|[silent]
|switch|p2a: Kingambit|Kingambit, M|100/100
|-activate|p2a: Kingambit|ability: Supreme Overlord
|-start|p2a: Kingambit|fallen2|[silent]
|move|p1a: Pecharunt|Parting Shot|p2a: Kingambit
|-unboost|p2a: Kingambit|atk|1
|-unboost|p2a: Kingambit|spa|1
|
|t:|1779672232
|switch|p1a: Hoopa|Hoopa-Unbound|44/100|[from] Parting Shot
|-damage|p1a: Hoopa|32/100|[from] Stealth Rock
|
|upkeep
|turn|36
|
|t:|1779672245
|-end|p2a: Kingambit|fallen2|[silent]
|switch|p2a: Lycanroc|Lycanroc-Dusk, F|61/100 tox
|-terastallize|p1a: Hoopa|Dark
|move|p1a: Hoopa|Drain Punch|p2a: Lycanroc
|-supereffective|p2a: Lycanroc
|-damage|p2a: Lycanroc|0 fnt
|-heal|p1a: Hoopa|61/100|[from] drain|[of] p2a: Lycanroc
|faint|p2a: Lycanroc
|
|upkeep
|
|t:|1779672250
|switch|p2a: Great Tusk|Great Tusk|39/100
|turn|37
|
|t:|1779672255
|switch|p1a: Pecharunt|Pecharunt|88/100 brn
|-damage|p1a: Pecharunt|76/100 brn|[from] Stealth Rock
|move|p2a: Great Tusk|Headlong Rush|p1a: Pecharunt
|-supereffective|p1a: Pecharunt
|-damage|p1a: Pecharunt|15/100 brn
|-unboost|p2a: Great Tusk|def|1
|-unboost|p2a: Great Tusk|spd|1
|
|-damage|p1a: Pecharunt|9/100 brn|[from] brn
|upkeep
|turn|38
|
|t:|1779672267
|-end|p2a: Great Tusk|Protosynthesis|[silent]
|switch|p2a: Kingambit|Kingambit, M|100/100
|-activate|p2a: Kingambit|ability: Supreme Overlord
|-start|p2a: Kingambit|fallen3|[silent]
|move|p1a: Pecharunt|Malignant Chain|p2a: Kingambit
|-immune|p2a: Kingambit
|
|-damage|p1a: Pecharunt|3/100 brn|[from] brn
|upkeep
|turn|39
|
|t:|1779672273
|move|p1a: Pecharunt|Parting Shot|p2a: Kingambit
|-unboost|p2a: Kingambit|atk|1
|-unboost|p2a: Kingambit|spa|1
|
|t:|1779672276
|switch|p1a: Zamazenta|Zamazenta|37/100|[from] Parting Shot
|-damage|p1a: Zamazenta|31/100|[from] Stealth Rock
|move|p2a: Kingambit|Swords Dance|p2a: Kingambit
|-boost|p2a: Kingambit|atk|2
|
|-heal|p1a: Zamazenta|37/100|[from] item: Leftovers
|upkeep
|turn|40
|
|t:|1779672281
|-terastallize|p2a: Kingambit|Ghost
|move|p1a: Zamazenta|Body Press|p2a: Kingambit
|-immune|p2a: Kingambit
|move|p2a: Kingambit|Iron Head|p1a: Zamazenta
|-damage|p1a: Zamazenta|0 fnt
|faint|p1a: Zamazenta
|
|upkeep
|
|t:|1779672298
|switch|p1a: Pecharunt|Pecharunt|3/100 brn
|-damage|p1a: Pecharunt|0 fnt|[from] Stealth Rock
|faint|p1a: Pecharunt
|
|t:|1779672301
|switch|p1a: Dragonite|Dragonite, M|100/100
|turn|41
|
|t:|1779672304
|move|p1a: Dragonite|Earthquake|p2a: Kingambit
|-damage|p2a: Kingambit|72/100
|move|p2a: Kingambit|Kowtow Cleave|p1a: Dragonite
|-damage|p1a: Dragonite|55/100
|
|-heal|p2a: Kingambit|78/100|[from] item: Leftovers
|upkeep
|turn|42
|-message|dooozdzdz forfeited.
|
|win|James2464
|raw|dooozdzdz's rating: 1697 &rarr; <strong>1678</strong><br />(-19 for losing)
|raw|James2464's rating: 1713 &rarr; <strong>1732</strong><br />(+19 for winning)
|l|☆dooozdzdz
|player|p1|
|l|☆James2464
|player|p2|
