|j|‽Arboks Fangs
|j|☆bsp1
|t:|1779606959
|gametype|singles
|player|p1|Arboks Fangs|rocketgrunt|1675
|player|p2|bsp1|102|1678
|gen|9
|tier|[Gen 9] OU
|rated|
|rule|HP Percentage Mod: HP is shown in percentages
|rule|Endless Battle Clause: Forcing endless battles is banned
|rule|Species Clause: Limit one of each Pokémon
|rule|OHKO Clause: OHKO moves are banned
|rule|Evasion Items Clause: Evasion items are banned
|rule|Evasion Moves Clause: Evasion moves are banned
|rule|Evasion Abilities Clause: Evasion abilities are banned
|rule|Sleep Moves Clause: Sleep-inducing moves are banned
|clearpoke
|poke|p1|Ninetales-Alola, F|
|poke|p1|Klefki, M|
|poke|p1|Maushold-Four|
|poke|p1|Latias, F|
|poke|p1|Okidogi, M|
|poke|p1|Kyurem|
|poke|p2|Walking Wake|
|poke|p2|Cresselia, F|
|poke|p2|Ninetales, M|
|poke|p2|Zarude|
|poke|p2|Ceruledge, M|
|poke|p2|Great Tusk|
|teampreview
|inactive|Battle timer is ON: inactive players will automatically lose when time's up. (requested by Arboks Fangs)
|
|t:|1779606968
|teamsize|p1|6
|teamsize|p2|6
|start
|switch|p1a: Klefki|Klefki, M|100/100
|switch|p2a: Ninetales|Ninetales, M|100/100
|-weather|SunnyDay|[from] ability: Drought|[of] p2a: Ninetales
|turn|1
|
|t:|1779606973
|move|p1a: Klefki|Light Screen|p1a: Klefki
|-sidestart|p1: Arboks Fangs|move: Light Screen
|move|p2a: Ninetales|Overheat|p1a: Klefki
|-supereffective|p1a: Klefki
|-damage|p1a: Klefki|31/100
|-unboost|p2a: Ninetales|spa|2
|
|-weather|SunnyDay|[upkeep]
|upkeep
|turn|2
|
|t:|1779606977
|move|p1a: Klefki|Reflect|p1a: Klefki
|-sidestart|p1: Arboks Fangs|Reflect
|move|p2a: Ninetales|Encore|p1a: Klefki
|-start|p1a: Klefki|Encore
|
|-weather|SunnyDay|[upkeep]
|upkeep
|turn|3
|
|t:|1779606995
|switch|p2a: Great Tusk|Great Tusk|100/100
|-activate|p2a: Great Tusk|ability: Protosynthesis
|-start|p2a: Great Tusk|protosynthesisatk
|switch|p1a: Ninetales|Ninetales-Alola, F|100/100
|-weather|Snowscape|[from] ability: Snow Warning|[of] p1a: Ninetales
|-end|p2a: Great Tusk|Protosynthesis
|
|-weather|Snowscape|[upkeep]
|upkeep
|turn|4
|
|t:|1779607007
|-end|p2a: Great Tusk|Protosynthesis|[silent]
|switch|p2a: Ninetales|Ninetales, M|100/100
|-weather|SunnyDay|[from] ability: Drought|[of] p2a: Ninetales
|move|p1a: Ninetales|Misty Terrain|p1a: Ninetales
|-fieldstart|move: Misty Terrain
|
|-weather|SunnyDay|[upkeep]
|upkeep
|turn|5
|
|t:|1779607016
|switch|p1a: Kyurem|Kyurem, shiny|100/100
|-ability|p1a: Kyurem|Pressure
|move|p2a: Ninetales|Overheat|p1a: Kyurem
|-damage|p1a: Kyurem|69/100
|-unboost|p2a: Ninetales|spa|2
|
|-weather|SunnyDay|[upkeep]
|upkeep
|turn|6
|
|t:|1779607027
|move|p2a: Ninetales|Will-O-Wisp|p1a: Kyurem
|-activate|p1a: Kyurem|move: Misty Terrain
|move|p1a: Kyurem|Freeze-Dry|p2a: Ninetales
|-resisted|p2a: Ninetales
|-damage|p2a: Ninetales|78/100
|
|-weather|SunnyDay|[upkeep]
|upkeep
|turn|7
|
|t:|1779607034
|switch|p2a: Cresselia|Cresselia, F|100/100
|move|p1a: Kyurem|Dragon Dance|p1a: Kyurem
|-boost|p1a: Kyurem|atk|1
|-boost|p1a: Kyurem|spe|1
|
|-weather|SunnyDay|[upkeep]
|upkeep
|turn|8
|
|t:|1779607040
|move|p1a: Kyurem|Icicle Spear|p2a: Cresselia
|-damage|p2a: Cresselia|89/100
|-damage|p2a: Cresselia|79/100
|-damage|p2a: Cresselia|68/100
|-damage|p2a: Cresselia|59/100
|-hitcount|p2a: Cresselia|4
|-enditem|p2a: Cresselia|Eject Button
|
|t:|1779607064
|switch|p2a: Great Tusk|Great Tusk|100/100
|-activate|p2a: Great Tusk|ability: Protosynthesis
|-start|p2a: Great Tusk|protosynthesisatk
|
|-weather|SunnyDay|[upkeep]
|-sideend|p1: Arboks Fangs|move: Light Screen
|-fieldend|Misty Terrain
|upkeep
|turn|9
|
|t:|1779607077
|-terastallize|p2a: Great Tusk|Steel
|move|p1a: Kyurem|Icicle Spear|p2a: Great Tusk
|-resisted|p2a: Great Tusk
|-damage|p2a: Great Tusk|94/100
|-resisted|p2a: Great Tusk
|-damage|p2a: Great Tusk|88/100
|-resisted|p2a: Great Tusk
|-damage|p2a: Great Tusk|83/100
|-resisted|p2a: Great Tusk
|-damage|p2a: Great Tusk|77/100
|-hitcount|p2a: Great Tusk|4
|move|p2a: Great Tusk|Close Combat|p1a: Kyurem
|-supereffective|p1a: Kyurem
|-damage|p1a: Kyurem|0 fnt
|-unboost|p2a: Great Tusk|def|1
|-unboost|p2a: Great Tusk|spd|1
|faint|p1a: Kyurem
|
|-weather|SunnyDay|[upkeep]
|-sideend|p1: Arboks Fangs|Reflect
|upkeep
|
|t:|1779607082
|switch|p1a: Klefki|Klefki, M|31/100
|turn|10
|
|t:|1779607098
|move|p1a: Klefki|Reflect|p1a: Klefki
|-sidestart|p1: Arboks Fangs|Reflect
|move|p2a: Great Tusk|Headlong Rush|p1a: Klefki
|-supereffective|p1a: Klefki
|-damage|p1a: Klefki|0 fnt
|-unboost|p2a: Great Tusk|def|1
|-unboost|p2a: Great Tusk|spd|1
|faint|p1a: Klefki
|
|-weather|SunnyDay|[upkeep]
|upkeep
|
|t:|1779607100
|switch|p1a: Latias|Latias, F|100/100
|turn|11
|
|t:|1779607115
|-end|p2a: Great Tusk|Protosynthesis|[silent]
|switch|p2a: Ceruledge|Ceruledge, M|100/100
|move|p1a: Latias|Agility|p1a: Latias
|-boost|p1a: Latias|spe|2
|
|-weather|none
|upkeep
|turn|12
|
|t:|1779607121
|move|p1a: Latias|Calm Mind|p1a: Latias
|-boost|p1a: Latias|spa|1
|-boost|p1a: Latias|spd|1
|move|p2a: Ceruledge|Swords Dance|p2a: Ceruledge
|-boost|p2a: Ceruledge|atk|2
|
|upkeep
|turn|13
|
|t:|1779607124
|move|p1a: Latias|Stored Power|p2a: Ceruledge
|-damage|p2a: Ceruledge|11/100
|move|p2a: Ceruledge|Poltergeist|p1a: Latias
|-activate|p1a: Latias|move: Poltergeist|Weakness Policy
|-supereffective|p1a: Latias
|-damage|p1a: Latias|0 fnt
|faint|p1a: Latias
|
|upkeep
|
|t:|1779607127
|switch|p1a: Maushold|Maushold-Four|100/100
|turn|14
|
|t:|1779607137
|switch|p2a: Ninetales|Ninetales, M|78/100
|-weather|SunnyDay|[from] ability: Drought|[of] p2a: Ninetales
|move|p1a: Maushold|Encore||[still]
|-fail|p1a: Maushold
|
|-weather|SunnyDay|[upkeep]
|upkeep
|turn|15
|
|t:|1779607141
|switch|p1a: Ninetales|Ninetales-Alola, F|100/100
|-weather|Snowscape|[from] ability: Snow Warning|[of] p1a: Ninetales
|move|p2a: Ninetales|Encore||[still]
|-fail|p2a: Ninetales
|
|-weather|Snowscape|[upkeep]
|upkeep
|turn|16
|
|t:|1779607149
|switch|p2a: Cresselia|Cresselia, F|59/100
|move|p1a: Ninetales|Aurora Veil|p1a: Ninetales
|-sidestart|p1: Arboks Fangs|move: Aurora Veil
|
|-weather|Snowscape|[upkeep]
|upkeep
|turn|17
|
|t:|1779607173
|move|p1a: Ninetales|Misty Terrain|p1a: Ninetales
|-fieldstart|move: Misty Terrain
|move|p2a: Cresselia|Lunar Dance|p2a: Cresselia
|faint|p2a: Cresselia
|
|-weather|Snowscape|[upkeep]
|-sideend|p1: Arboks Fangs|Reflect
|upkeep
|
|t:|1779607179
|switch|p2a: Ceruledge|Ceruledge, M|11/100
|-heal|p2a: Ceruledge|100/100|[from] move: Lunar Dance
|turn|18
|
|t:|1779607181
|switch|p1a: Maushold|Maushold-Four|100/100
|move|p2a: Ceruledge|Swords Dance|p2a: Ceruledge
|-boost|p2a: Ceruledge|atk|2
|
|-weather|Snowscape|[upkeep]
|upkeep
|turn|19
|
|t:|1779607193
|move|p1a: Maushold|Tidy Up|p1a: Maushold
|-boost|p1a: Maushold|atk|1
|-boost|p1a: Maushold|spe|1
|move|p2a: Ceruledge|Close Combat|p1a: Maushold
|-supereffective|p1a: Maushold
|-damage|p1a: Maushold|0 fnt
|-unboost|p2a: Ceruledge|def|1
|-unboost|p2a: Ceruledge|spd|1
|faint|p1a: Maushold
|
|-weather|none
|upkeep
|
|t:|1779607196
|switch|p1a: Ninetales|Ninetales-Alola, F|100/100
|-weather|Snowscape|[from] ability: Snow Warning|[of] p1a: Ninetales
|turn|20
|
|t:|1779607205
|move|p1a: Ninetales|Encore|p2a: Ceruledge
|-start|p2a: Ceruledge|Encore
|move|p2a: Ceruledge|Close Combat|p1a: Ninetales
|-damage|p1a: Ninetales|68/100
|-unboost|p2a: Ceruledge|def|1
|-unboost|p2a: Ceruledge|spd|1
|
|-weather|Snowscape|[upkeep]
|upkeep
|turn|21
|
|t:|1779607211
|switch|p1a: Okidogi|Okidogi, M|100/100
|switch|p2a: Ninetales|Ninetales, M|78/100
|-weather|SunnyDay|[from] ability: Drought|[of] p2a: Ninetales
|
|-weather|SunnyDay|[upkeep]
|-fieldend|Misty Terrain
|upkeep
|turn|22
|
|t:|1779607214
|switch|p1a: Ninetales|Ninetales-Alola, F|68/100
|-weather|Snowscape|[from] ability: Snow Warning|[of] p1a: Ninetales
|move|p2a: Ninetales|Will-O-Wisp|p1a: Ninetales
|-status|p1a: Ninetales|brn
|
|-weather|Snowscape|[upkeep]
|-damage|p1a: Ninetales|63/100 brn|[from] brn
|upkeep
|turn|23
|
|t:|1779607220
|move|p1a: Ninetales|Misty Terrain|p1a: Ninetales
|-fieldstart|move: Misty Terrain
|move|p2a: Ninetales|Overheat|p1a: Ninetales|[miss]
|-miss|p2a: Ninetales|p1a: Ninetales
|
|-weather|Snowscape|[upkeep]
|-damage|p1a: Ninetales|57/100 brn|[from] brn
|-sideend|p1: Arboks Fangs|move: Aurora Veil
|upkeep
|turn|24
|
|t:|1779607227
|switch|p2a: Zarude|Zarude|100/100
|move|p1a: Ninetales|Aurora Veil|p1a: Ninetales
|-sidestart|p1: Arboks Fangs|move: Aurora Veil
|
|-weather|Snowscape|[upkeep]
|-damage|p1a: Ninetales|51/100 brn|[from] brn
|upkeep
|turn|25
|
|t:|1779607239
|move|p1a: Ninetales|Freeze-Dry|p2a: Zarude
|-supereffective|p2a: Zarude
|-damage|p2a: Zarude|59/100
|move|p2a: Zarude|Power Whip|p1a: Ninetales
|-damage|p1a: Ninetales|26/100 brn
|
|-weather|Snowscape|[upkeep]
|-heal|p2a: Zarude|65/100|[from] item: Leftovers
|-damage|p1a: Ninetales|20/100 brn|[from] brn
|upkeep
|turn|26
|
|t:|1779607250
|switch|p1a: Okidogi|Okidogi, M|100/100
|move|p2a: Zarude|Knock Off|p1a: Okidogi
|-resisted|p1a: Okidogi
|-damage|p1a: Okidogi|92/100
|-enditem|p1a: Okidogi|Leftovers|[from] move: Knock Off|[of] p2a: Zarude
|
|-weather|none
|-heal|p2a: Zarude|71/100|[from] item: Leftovers
|upkeep
|turn|27
|
|t:|1779607254
|switch|p2a: Ninetales|Ninetales, M|78/100
|-weather|SunnyDay|[from] ability: Drought|[of] p2a: Ninetales
|move|p1a: Okidogi|Knock Off|p2a: Ninetales
|-damage|p2a: Ninetales|34/100
|-enditem|p2a: Ninetales|Heat Rock|[from] move: Knock Off|[of] p1a: Okidogi
|
|-weather|SunnyDay|[upkeep]
|-fieldend|Misty Terrain
|upkeep
|turn|28
|
|t:|1779607263
|switch|p1a: Ninetales|Ninetales-Alola, F|20/100 brn
|-weather|Snowscape|[from] ability: Snow Warning|[of] p1a: Ninetales
|move|p2a: Ninetales|Will-O-Wisp|p1a: Ninetales
|-fail|p1a: Ninetales|brn
|
|-weather|Snowscape|[upkeep]
|-damage|p1a: Ninetales|14/100 brn|[from] brn
|upkeep
|turn|29
|
|t:|1779607269
|move|p1a: Ninetales|Misty Terrain|p1a: Ninetales
|-fieldstart|move: Misty Terrain
|move|p2a: Ninetales|Overheat|p1a: Ninetales
|-supereffective|p1a: Ninetales
|-crit|p1a: Ninetales
|-damage|p1a: Ninetales|0 fnt
|-unboost|p2a: Ninetales|spa|2
|faint|p1a: Ninetales
|
|-weather|Snowscape|[upkeep]
|upkeep
|
|t:|1779607273
|switch|p1a: Okidogi|Okidogi, M|92/100
|turn|30
|
|t:|1779607291
|switch|p2a: Great Tusk|Great Tusk, tera:Steel|77/100
|move|p1a: Okidogi|Drain Punch|p2a: Great Tusk
|-supereffective|p2a: Great Tusk
|-damage|p2a: Great Tusk|16/100
|-heal|p1a: Okidogi|100/100|[from] drain|[of] p2a: Great Tusk
|
|-weather|Snowscape|[upkeep]
|upkeep
|turn|31
|
|t:|1779607295
|move|p2a: Great Tusk|Headlong Rush|p1a: Okidogi
|-supereffective|p1a: Okidogi
|-damage|p1a: Okidogi|45/100
|-unboost|p2a: Great Tusk|def|1
|-unboost|p2a: Great Tusk|spd|1
|move|p1a: Okidogi|Drain Punch|p2a: Great Tusk
|-supereffective|p2a: Great Tusk
|-damage|p2a: Great Tusk|0 fnt
|-heal|p1a: Okidogi|53/100|[from] drain|[of] p2a: Great Tusk
|faint|p2a: Great Tusk
|-end|p2a: Great Tusk|Protosynthesis|[silent]
|
|-weather|Snowscape|[upkeep]
|-sideend|p1: Arboks Fangs|move: Aurora Veil
|upkeep
|
|t:|1779607315
|switch|p2a: Ninetales|Ninetales, M|34/100
|-weather|SunnyDay|[from] ability: Drought|[of] p2a: Ninetales
|turn|32
|
|t:|1779607321
|move|p2a: Ninetales|Encore|p1a: Okidogi
|-start|p1a: Okidogi|Encore
|move|p1a: Okidogi|Drain Punch|p2a: Ninetales
|-damage|p2a: Ninetales|0 fnt
|-heal|p1a: Okidogi|68/100|[from] drain|[of] p2a: Ninetales
|faint|p2a: Ninetales
|
|-weather|SunnyDay|[upkeep]
|upkeep
|
|t:|1779607325
|switch|p2a: Ceruledge|Ceruledge, M|100/100
|turn|33
|
|t:|1779607328
|move|p2a: Ceruledge|Swords Dance|p2a: Ceruledge
|-boost|p2a: Ceruledge|atk|2
|move|p1a: Okidogi|Drain Punch|p2a: Ceruledge
|-immune|p2a: Ceruledge
|
|-weather|SunnyDay|[upkeep]
|-fieldend|Misty Terrain
|upkeep
|turn|34
|inactiveoff|Battle timer is now OFF.
|inactive|Battle timer is ON: inactive players will automatically lose when time's up. (requested by bsp1)
|inactive|Arboks Fangs has 120 seconds left.
|inactive|Arboks Fangs has 90 seconds left.
|inactive|Arboks Fangs has 60 seconds left.
|inactive|Arboks Fangs has 30 seconds left.
|inactive|Arboks Fangs has 20 seconds left.
|inactive|Arboks Fangs has 15 seconds left.
|inactive|Arboks Fangs has 10 seconds left.
|inactive|Arboks Fangs has 5 seconds left.
|-message|Arboks Fangs lost due to inactivity.
|
|win|bsp1
|raw|Arboks Fangs's rating: 1675 &rarr; <strong>1655</strong><br />(-20 for losing)
|raw|bsp1's rating: 1678 &rarr; <strong>1698</strong><br />(+20 for winning)
|l|☆bsp1
|player|p2|
|l|‽Arboks Fangs
|player|p1|
