|j|☆Uiryamu
|j|☆brodiewhat
|t:|1779714117
|gametype|singles
|player|p1|Uiryamu|marlon|1322
|player|p2|brodiewhat|fisherman-gen4|1337
|gen|9
|tier|[Gen 9] OU
|rated|
|rule|HP Percentage Mod: HP is shown in percentages
|rule|Endless Battle Clause: Forcing endless battles is banned
|rule|Species Clause: Limit one of each Pokémon
|rule|OHKO Clause: OHKO moves are banned
|rule|Evasion Items Clause: Evasion items are banned
|rule|Evasion Moves Clause: Evasion moves are banned
|rule|Evasion Abilities Clause: Evasion abilities are banned
|rule|Sleep Moves Clause: Sleep-inducing moves are banned
|clearpoke
|poke|p1|Pelipper, M|
|poke|p1|Kingdra, M|
|poke|p1|Barraskewda, M|
|poke|p1|Ludicolo, M|
|poke|p1|Keldeo-Resolute|
|poke|p1|Araquanid, F|
|poke|p2|Maushold|
|poke|p2|Regieleki|
|poke|p2|Ogerpon-Wellspring, F|
|poke|p2|Slowking-Galar, M|
|poke|p2|Meowscarada, F|
|poke|p2|Sableye, F|
|teampreview
|inactive|Battle timer is ON: inactive players will automatically lose when time's up. (requested by brodiewhat)
|
|t:|1779714127
|teamsize|p1|6
|teamsize|p2|6
|start
|switch|p1a: Araquanid|Araquanid, F, shiny|100/100
|switch|p2a: Regieleki|Regieleki|100/100
|turn|1
|
|t:|1779714134
|-terastallize|p1a: Araquanid|Ghost
|move|p2a: Regieleki|Volt Switch|p1a: Araquanid
|-damage|p1a: Araquanid|48/100
|
|t:|1779714139
|switch|p2a: Maushold|Maushold|100/100|[from] Volt Switch
|move|p1a: Araquanid|Surf|p2a: Maushold
|-damage|p2a: Maushold|13/100
|
|upkeep
|turn|2
|
|t:|1779714146
|move|p2a: Maushold|Bite|p1a: Araquanid
|-supereffective|p1a: Araquanid
|-crit|p1a: Araquanid
|-damage|p1a: Araquanid|0 fnt
|faint|p1a: Araquanid
|
|upkeep
|
|t:|1779714150
|switch|p1a: Hastacuda|Barraskewda, M|100/100
|turn|3
|
|t:|1779714154
|switch|p2a: Ogerpon|Ogerpon-Wellspring, F|100/100
|move|p1a: Hastacuda|Flip Turn|p2a: Ogerpon
|-immune|p2a: Ogerpon|[from] ability: Water Absorb
|
|upkeep
|turn|4
|
|t:|1779714157
|switch|p1a: Ludicolo|Ludicolo, M|100/100
|move|p2a: Ogerpon|Swords Dance|p2a: Ogerpon
|-boost|p2a: Ogerpon|atk|2
|
|upkeep
|turn|5
|
|t:|1779714165
|move|p2a: Ogerpon|Swords Dance|p2a: Ogerpon
|-boost|p2a: Ogerpon|atk|2
|move|p1a: Ludicolo|Giga Drain|p2a: Ogerpon
|-damage|p2a: Ogerpon|60/100
|-damage|p1a: Ludicolo|91/100|[from] item: Life Orb
|
|upkeep
|turn|6
|
|t:|1779714172
|switch|p1a: Bekipan|Pelipper, M|100/100
|-weather|RainDance|[from] ability: Drizzle|[of] p1a: Bekipan
|move|p2a: Ogerpon|Horn Leech|p1a: Bekipan
|-damage|p1a: Bekipan|17/100
|-heal|p2a: Ogerpon|97/100|[from] drain|[of] p1a: Bekipan
|
|-weather|RainDance|[upkeep]
|upkeep
|turn|7
|
|t:|1779714182
|move|p2a: Ogerpon|Horn Leech|p1a: Bekipan
|-damage|p1a: Bekipan|0 fnt
|-heal|p2a: Ogerpon|100/100|[from] drain|[of] p1a: Bekipan
|faint|p1a: Bekipan
|
|-weather|RainDance|[upkeep]
|upkeep
|
|t:|1779714185
|switch|p1a: Hyporoi|Kingdra, M|100/100
|turn|8
|
|t:|1779714212
|-terastallize|p2a: Ogerpon|Water
|detailschange|p2a: Ogerpon|Ogerpon-Wellspring-Tera, F, tera:Water
|-ability|p2a: Ogerpon|Embody Aspect (Wellspring)|boost
|-boost|p2a: Ogerpon|spd|1
|move|p1a: Hyporoi|Hurricane|p2a: Ogerpon
|-damage|p2a: Ogerpon|74/100
|-damage|p1a: Hyporoi|91/100|[from] item: Life Orb
|move|p2a: Ogerpon|Horn Leech|p1a: Hyporoi
|-damage|p1a: Hyporoi|0 fnt
|-heal|p2a: Ogerpon|100/100|[from] drain|[of] p1a: Hyporoi
|faint|p1a: Hyporoi
|
|-weather|RainDance|[upkeep]
|upkeep
|
|t:|1779714220
|switch|p1a: Ludicolo|Ludicolo, M|91/100
|turn|9
|
|t:|1779714225
|move|p1a: Ludicolo|Fake Out|p2a: Ogerpon
|-damage|p2a: Ogerpon|94/100
|-damage|p1a: Ludicolo|81/100|[from] item: Life Orb
|cant|p2a: Ogerpon|flinch
|
|-weather|RainDance|[upkeep]
|upkeep
|turn|10
|
|t:|1779714227
|move|p1a: Ludicolo|Giga Drain|p2a: Ogerpon
|-supereffective|p2a: Ogerpon
|-damage|p2a: Ogerpon|36/100
|-heal|p1a: Ludicolo|100/100|[from] drain|[of] p2a: Ogerpon
|-damage|p1a: Ludicolo|91/100|[from] item: Life Orb
|move|p2a: Ogerpon|Horn Leech|p1a: Ludicolo
|-damage|p1a: Ludicolo|0 fnt
|-heal|p2a: Ogerpon|73/100|[from] drain|[of] p1a: Ludicolo
|faint|p1a: Ludicolo
|
|-weather|RainDance|[upkeep]
|upkeep
|
|t:|1779714230
|switch|p1a: Keldeo|Keldeo-Resolute|100/100
|turn|11
|
|t:|1779714232
|move|p1a: Keldeo|Secret Sword|p2a: Ogerpon
|-damage|p2a: Ogerpon|41/100
|move|p2a: Ogerpon|Horn Leech|p1a: Keldeo
|-supereffective|p1a: Keldeo
|-damage|p1a: Keldeo|0 fnt
|-heal|p2a: Ogerpon|85/100|[from] drain|[of] p1a: Keldeo
|faint|p1a: Keldeo
|
|-weather|RainDance|[upkeep]
|upkeep
|
|t:|1779714235
|switch|p1a: Hastacuda|Barraskewda, M|100/100
|turn|12
|
|t:|1779714237
|move|p1a: Hastacuda|Liquidation|p2a: Ogerpon
|-resisted|p2a: Ogerpon
|-damage|p2a: Ogerpon|43/100
|move|p2a: Ogerpon|Horn Leech|p1a: Hastacuda
|-supereffective|p1a: Hastacuda
|-damage|p1a: Hastacuda|0 fnt
|-heal|p2a: Ogerpon|79/100|[from] drain|[of] p1a: Hastacuda
|faint|p1a: Hastacuda
|
|win|brodiewhat
|raw|Uiryamu's rating: 1322 &rarr; <strong>1303</strong><br />(-19 for losing)
|raw|brodiewhat's rating: 1337 &rarr; <strong>1356</strong><br />(+19 for winning)
|l|☆brodiewhat
|player|p2|
|c|☆Uiryamu|Gg a clean 6-0
|l|☆Uiryamu
|player|p1|
