|j|☆capitalist duck
|j|☆cafepinguino
|t:|1779635969
|gametype|singles
|player|p1|capitalist duck|cyclist|1470
|player|p2|cafepinguino|morty|1509
|gen|9
|tier|[Gen 9] OU
|rated|
|rule|HP Percentage Mod: HP is shown in percentages
|rule|Endless Battle Clause: Forcing endless battles is banned
|rule|Species Clause: Limit one of each Pokémon
|rule|OHKO Clause: OHKO moves are banned
|rule|Evasion Items Clause: Evasion items are banned
|rule|Evasion Moves Clause: Evasion moves are banned
|rule|Evasion Abilities Clause: Evasion abilities are banned
|rule|Sleep Moves Clause: Sleep-inducing moves are banned
|clearpoke
|poke|p1|Araquanid, M|
|poke|p1|Gholdengo|
|poke|p1|Landorus-Therian, M|
|poke|p1|Raging Bolt|
|poke|p1|Ceruledge, M|
|poke|p1|Lucario, F|
|poke|p2|Darkrai|
|poke|p2|Clefable, M|
|poke|p2|Entei|
|poke|p2|Goodra-Hisui, M|
|poke|p2|Ursaluna, F|
|poke|p2|Azumarill, F|
|teampreview
|inactive|Battle timer is ON: inactive players will automatically lose when time's up. (requested by capitalist duck)
|
|t:|1779635984
|teamsize|p1|6
|teamsize|p2|6
|start
|switch|p1a: Landorus|Landorus-Therian, M|100/100
|switch|p2a: Clefable|Clefable, M|100/100
|-ability|p1a: Landorus|Intimidate|boost
|-unboost|p2a: Clefable|atk|1
|turn|1
|
|t:|1779635999
|move|p1a: Landorus|Substitute|p1a: Landorus
|-start|p1a: Landorus|Substitute
|-damage|p1a: Landorus|76/100
|move|p2a: Clefable|Calm Mind|p2a: Clefable
|-boost|p2a: Clefable|spa|1
|-boost|p2a: Clefable|spd|1
|
|-heal|p1a: Landorus|82/100|[from] item: Leftovers
|upkeep
|turn|2
|
|t:|1779636018
|move|p1a: Landorus|Swords Dance|p1a: Landorus
|-boost|p1a: Landorus|atk|2
|move|p2a: Clefable|Moonblast|p1a: Landorus
|-end|p1a: Landorus|Substitute
|
|-heal|p1a: Landorus|88/100|[from] item: Leftovers
|upkeep
|turn|3
|
|t:|1779636021
|move|p1a: Landorus|Earthquake|p2a: Clefable
|-damage|p2a: Clefable|15/100
|move|p2a: Clefable|Moonblast|p1a: Landorus
|-damage|p1a: Landorus|6/100
|-unboost|p1a: Landorus|spa|1
|
|-heal|p1a: Landorus|12/100|[from] item: Leftovers
|upkeep
|turn|4
|
|t:|1779636028
|move|p1a: Landorus|Earthquake|p2a: Clefable
|-damage|p2a: Clefable|0 fnt
|faint|p2a: Clefable
|
|-heal|p1a: Landorus|18/100|[from] item: Leftovers
|upkeep
|
|t:|1779636033
|switch|p2a: Entei|Entei|100/100
|turn|5
|
|t:|1779636043
|switch|p1a: Araquanid|Araquanid, M|100/100
|move|p2a: Entei|Extreme Speed|p1a: Araquanid
|-damage|p1a: Araquanid|72/100
|
|upkeep
|turn|6
|
|t:|1779636053
|switch|p2a: Goodra|Goodra-Hisui, M|100/100
|move|p1a: Araquanid|Sticky Web|p2a: Goodra
|-sidestart|p2: cafepinguino|move: Sticky Web
|
|upkeep
|turn|7
|
|t:|1779636068
|move|p2a: Goodra|Body Press|p1a: Araquanid
|-resisted|p1a: Araquanid
|-damage|p1a: Araquanid|59/100
|move|p1a: Araquanid|Endeavor|p2a: Goodra
|-damage|p2a: Goodra|55/100
|-ability|p2a: Goodra|Gooey
|-unboost|p1a: Araquanid|spe|1
|
|upkeep
|turn|8
|
|t:|1779636078
|switch|p1a: Landorus|Landorus-Therian, M|18/100
|-ability|p1a: Landorus|Intimidate|boost
|-unboost|p2a: Goodra|atk|1
|move|p2a: Goodra|Draco Meteor|p1a: Landorus
|-damage|p1a: Landorus|0 fnt
|-unboost|p2a: Goodra|spa|2
|faint|p1a: Landorus
|
|upkeep
|
|t:|1779636085
|switch|p1a: Ceruledge|Ceruledge, M|100/100
|-item|p1a: Ceruledge|Air Balloon
|turn|9
|
|t:|1779636090
|switch|p2a: Entei|Entei|100/100
|move|p1a: Ceruledge|Bitter Blade|p2a: Entei
|-resisted|p2a: Entei
|-damage|p2a: Entei|75/100
|
|upkeep
|turn|10
|
|t:|1779636095
|move|p2a: Entei|Crunch|p1a: Ceruledge
|-supereffective|p1a: Ceruledge
|-damage|p1a: Ceruledge|26/100
|-unboost|p1a: Ceruledge|def|1
|-ability|p1a: Ceruledge|Weak Armor|boost
|-unboost|p1a: Ceruledge|def|1
|-boost|p1a: Ceruledge|spe|2
|-enditem|p1a: Ceruledge|Air Balloon
|move|p1a: Ceruledge|Swords Dance|p1a: Ceruledge
|-boost|p1a: Ceruledge|atk|2
|
|upkeep
|turn|11
|
|t:|1779636104
|move|p1a: Ceruledge|Poltergeist|p2a: Entei
|-activate|p2a: Entei|move: Poltergeist|Heavy-Duty Boots
|-damage|p2a: Entei|0 fnt
|faint|p2a: Entei
|
|upkeep
|
|t:|1779636113
|switch|p2a: Ursaluna|Ursaluna, F|100/100
|-activate|p2a: Ursaluna|move: Sticky Web
|-unboost|p2a: Ursaluna|spe|1
|turn|12
|
|t:|1779636116
|move|p2a: Ursaluna|Protect|p2a: Ursaluna
|-singleturn|p2a: Ursaluna|Protect
|move|p1a: Ceruledge|Bitter Blade|p2a: Ursaluna
|-activate|p2a: Ursaluna|move: Protect
|
|-status|p2a: Ursaluna|brn|[from] item: Flame Orb
|upkeep
|turn|13
|
|t:|1779636121
|move|p1a: Ceruledge|Bitter Blade|p2a: Ursaluna
|-damage|p2a: Ursaluna|27/100 brn
|-heal|p1a: Ceruledge|85/100|[from] drain|[of] p2a: Ursaluna
|move|p2a: Ursaluna|Earthquake|p1a: Ceruledge
|-supereffective|p1a: Ceruledge
|-damage|p1a: Ceruledge|0 fnt
|faint|p1a: Ceruledge
|
|-damage|p2a: Ursaluna|21/100 brn|[from] brn
|upkeep
|
|t:|1779636133
|switch|p1a: Araquanid|Araquanid, M|59/100
|turn|14
|
|t:|1779636137
|move|p1a: Araquanid|Surf|p2a: Ursaluna
|-supereffective|p2a: Ursaluna
|-damage|p2a: Ursaluna|0 fnt
|faint|p2a: Ursaluna
|
|upkeep
|
|t:|1779636141
|switch|p2a: Darkrai|Darkrai|100/100
|-activate|p2a: Darkrai|move: Sticky Web
|-unboost|p2a: Darkrai|spe|1
|turn|15
|
|t:|1779636144
|move|p1a: Araquanid|Endure|p1a: Araquanid
|-singleturn|p1a: Araquanid|move: Endure
|move|p2a: Darkrai|Thunder|p1a: Araquanid
|-supereffective|p1a: Araquanid
|-activate|p1a: Araquanid|move: Endure
|-damage|p1a: Araquanid|1/100
|
|upkeep
|turn|16
|-enditem|p1a: Araquanid|Custap Berry|[eat]
|-activate|p1a: Araquanid|item: Custap Berry|[consumed]
|
|t:|1779636148
|move|p1a: Araquanid|Endeavor|p2a: Darkrai
|-damage|p2a: Darkrai|1/100
|move|p2a: Darkrai|Sludge Bomb|p1a: Araquanid
|-damage|p1a: Araquanid|0 fnt
|faint|p1a: Araquanid
|
|upkeep
|
|t:|1779636154
|switch|p1a: Lucario|Lucario, F|100/100
|turn|17
|
|t:|1779636164
|move|p1a: Lucario|Shadow Ball|p2a: Darkrai
|-resisted|p2a: Darkrai
|-damage|p2a: Darkrai|0 fnt
|faint|p2a: Darkrai
|-damage|p1a: Lucario|91/100|[from] item: Life Orb
|
|upkeep
|
|t:|1779636175
|switch|p2a: Azumarill <3|Azumarill, F|100/100
|-activate|p2a: Azumarill <3|move: Sticky Web
|-unboost|p2a: Azumarill <3|spe|1
|turn|18
|
|t:|1779636181
|move|p1a: Lucario|Shadow Ball|p2a: Azumarill <3
|-damage|p2a: Azumarill <3|67/100
|-damage|p1a: Lucario|81/100|[from] item: Life Orb
|move|p2a: Azumarill <3|Belly Drum|p2a: Azumarill <3
|-damage|p2a: Azumarill <3|17/100
|-setboost|p2a: Azumarill <3|atk|6|[from] move: Belly Drum
|-enditem|p2a: Azumarill <3|Sitrus Berry|[eat]
|-heal|p2a: Azumarill <3|42/100|[from] item: Sitrus Berry
|
|upkeep
|turn|19
|
|t:|1779636186
|move|p2a: Azumarill <3|Aqua Jet|p1a: Lucario
|-damage|p1a: Lucario|0 fnt
|faint|p1a: Lucario
|
|upkeep
|
|t:|1779636189
|switch|p1a: Raging Bolt|Raging Bolt|100/100
|-enditem|p1a: Raging Bolt|Booster Energy
|-activate|p1a: Raging Bolt|ability: Protosynthesis|[fromitem]
|-start|p1a: Raging Bolt|protosynthesisspa
|turn|20
|
|t:|1779636196
|-end|p1a: Raging Bolt|Protosynthesis|[silent]
|switch|p1a: Gholdengo|Gholdengo|100/100
|-item|p1a: Gholdengo|Air Balloon
|move|p2a: Azumarill <3|Aqua Jet|p1a: Gholdengo
|-damage|p1a: Gholdengo|0 fnt
|-enditem|p1a: Gholdengo|Air Balloon
|faint|p1a: Gholdengo
|
|upkeep
|
|t:|1779636199
|switch|p1a: Raging Bolt|Raging Bolt|100/100
|turn|21
|
|t:|1779636202
|move|p2a: Azumarill <3|Aqua Jet|p1a: Raging Bolt
|-resisted|p1a: Raging Bolt
|-crit|p1a: Raging Bolt
|-damage|p1a: Raging Bolt|33/100
|move|p1a: Raging Bolt|Thunderbolt|p2a: Azumarill <3
|-supereffective|p2a: Azumarill <3
|-damage|p2a: Azumarill <3|0 fnt
|faint|p2a: Azumarill <3
|
|upkeep
|
|t:|1779636208
|switch|p2a: Goodra|Goodra-Hisui, M|55/100
|-activate|p2a: Goodra|move: Sticky Web
|-unboost|p2a: Goodra|spe|1
|turn|22
|
|t:|1779636212
|-terastallize|p1a: Raging Bolt|Fairy
|-terastallize|p2a: Goodra|Fairy
|move|p1a: Raging Bolt|Calm Mind|p1a: Raging Bolt
|-boost|p1a: Raging Bolt|spa|1
|-boost|p1a: Raging Bolt|spd|1
|move|p2a: Goodra|Draco Meteor|p1a: Raging Bolt
|-immune|p1a: Raging Bolt
|
|upkeep
|turn|23
|
|t:|1779636225
|move|p1a: Raging Bolt|Calm Mind|p1a: Raging Bolt
|-boost|p1a: Raging Bolt|spa|1
|-boost|p1a: Raging Bolt|spd|1
|move|p2a: Goodra|Flash Cannon|p1a: Raging Bolt
|-supereffective|p1a: Raging Bolt
|-damage|p1a: Raging Bolt|3/100
|
|upkeep
|turn|24
|
|t:|1779636230
|move|p1a: Raging Bolt|Thunderbolt|p2a: Goodra
|-damage|p2a: Goodra|0 fnt
|faint|p2a: Goodra
|
|win|capitalist duck
|raw|capitalist duck's rating: 1470 &rarr; <strong>1492</strong><br />(+22 for winning)
|raw|cafepinguino's rating: 1509 &rarr; <strong>1487</strong><br />(-22 for losing)
|l|☆capitalist duck
|player|p1|
|l|☆cafepinguino
|player|p2|
