|j|☆ddrago2009
|j|☆BiscoitoXDBr
|t:|1779556624
|gametype|singles
|player|p1|ddrago2009|pokemaniac|1342
|player|p2|BiscoitoXDBr|clown|1377
|gen|9
|tier|[Gen 9] OU
|rated|
|rule|HP Percentage Mod: HP is shown in percentages
|rule|Endless Battle Clause: Forcing endless battles is banned
|rule|Species Clause: Limit one of each Pokémon
|rule|OHKO Clause: OHKO moves are banned
|rule|Evasion Items Clause: Evasion items are banned
|rule|Evasion Moves Clause: Evasion moves are banned
|rule|Evasion Abilities Clause: Evasion abilities are banned
|rule|Sleep Moves Clause: Sleep-inducing moves are banned
|clearpoke
|poke|p1|Polteageist|
|poke|p1|Indeedee, M|
|poke|p1|Great Tusk|
|poke|p1|Gholdengo|
|poke|p1|Cinderace, M|
|poke|p1|Dragonite, F|
|poke|p2|Garganacl, F|
|poke|p2|Gholdengo|
|poke|p2|Great Tusk|
|poke|p2|Meowscarada, F|
|poke|p2|Iron Moth|
|poke|p2|Dragonite, F|
|teampreview
|inactive|Battle timer is ON: inactive players will automatically lose when time's up. (requested by BiscoitoXDBr)
|inactive|ddrago2009 also wants the timer to be on.
|inactive|ddrago2009 has 120 seconds left.
|
|t:|1779556657
|teamsize|p1|6
|teamsize|p2|6
|start
|switch|p1a: Cinderace|Cinderace, M|100/100
|switch|p2a: Blue Cheese|Meowscarada, F, shiny|100/100
|turn|1
|
|t:|1779556664
|move|p2a: Blue Cheese|U-turn|p1a: Cinderace
|-start|p2a: Blue Cheese|typechange|Bug|[from] ability: Protean
|-resisted|p1a: Cinderace
|-damage|p1a: Cinderace|65/100
|
|t:|1779556670
|switch|p2a: Garganacl|Garganacl, F, shiny|100/100|[from] U-turn
|move|p1a: Cinderace|U-turn|p2a: Garganacl
|-start|p1a: Cinderace|typechange|Bug|[from] ability: Libero
|-damage|p2a: Garganacl|81/100
|
|t:|1779556679
|switch|p1a: Gholdengo|Gholdengo|100/100|[from] U-turn
|
|-heal|p2a: Garganacl|87/100|[from] item: Leftovers
|upkeep
|turn|2
|
|t:|1779556685
|move|p2a: Garganacl|Protect|p2a: Garganacl
|-singleturn|p2a: Garganacl|Protect
|move|p1a: Gholdengo|Make It Rain|p2a: Garganacl
|-activate|p2a: Garganacl|move: Protect
|
|-heal|p2a: Garganacl|93/100|[from] item: Leftovers
|upkeep
|turn|3
|
|t:|1779556697
|switch|p2a: Gholdengo|Gholdengo, shiny|100/100
|move|p1a: Gholdengo|Make It Rain|p2a: Gholdengo
|-resisted|p2a: Gholdengo
|-crit|p2a: Gholdengo
|-damage|p2a: Gholdengo|52/100
|-unboost|p1a: Gholdengo|spa|1
|
|upkeep
|turn|4
|
|t:|1779556710
|switch|p1a: Dragonite|Dragonite, F|100/100
|move|p2a: Gholdengo|Recover|p2a: Gholdengo
|-heal|p2a: Gholdengo|100/100
|
|upkeep
|turn|5
|
|t:|1779556723
|switch|p2a: Dragonite|Dragonite, F|100/100
|-terastallize|p1a: Dragonite|Normal
|move|p1a: Dragonite|Dragon Dance|p1a: Dragonite
|-boost|p1a: Dragonite|atk|1
|-boost|p1a: Dragonite|spe|1
|
|upkeep
|turn|6
|
|t:|1779556732
|move|p1a: Dragonite|Dragon Dance|p1a: Dragonite
|-boost|p1a: Dragonite|atk|1
|-boost|p1a: Dragonite|spe|1
|move|p2a: Dragonite|Dragon Dance|p2a: Dragonite
|-boost|p2a: Dragonite|atk|1
|-boost|p2a: Dragonite|spe|1
|
|upkeep
|turn|7
|
|t:|1779556737
|move|p1a: Dragonite|Extreme Speed|p2a: Dragonite
|-damage|p2a: Dragonite|58/100
|move|p2a: Dragonite|Dragon Dance|p2a: Dragonite
|-boost|p2a: Dragonite|atk|1
|-boost|p2a: Dragonite|spe|1
|
|upkeep
|turn|8
|
|t:|1779556752
|switch|p2a: Gholdengo|Gholdengo, shiny|100/100
|move|p1a: Dragonite|Extreme Speed|p2a: Gholdengo
|-immune|p2a: Gholdengo
|
|upkeep
|turn|9
|
|t:|1779556776
|switch|p2a: Great Tusk|Great Tusk|100/100
|move|p1a: Dragonite|Earthquake|p2a: Great Tusk
|-damage|p2a: Great Tusk|66/100
|
|-heal|p2a: Great Tusk|72/100|[from] item: Leftovers
|upkeep
|turn|10
|
|t:|1779556783
|move|p1a: Dragonite|Extreme Speed|p2a: Great Tusk
|-damage|p2a: Great Tusk|30/100
|move|p2a: Great Tusk|Bulk Up|p2a: Great Tusk
|-boost|p2a: Great Tusk|atk|1
|-boost|p2a: Great Tusk|def|1
|
|-heal|p2a: Great Tusk|36/100|[from] item: Leftovers
|upkeep
|turn|11
|
|t:|1779556796
|move|p1a: Dragonite|Extreme Speed|p2a: Great Tusk
|-damage|p2a: Great Tusk|6/100
|move|p2a: Great Tusk|Earthquake|p1a: Dragonite
|-crit|p1a: Dragonite
|-damage|p1a: Dragonite|46/100
|
|-heal|p2a: Great Tusk|12/100|[from] item: Leftovers
|upkeep
|turn|12
|
|t:|1779556808
|move|p1a: Dragonite|Earthquake|p2a: Great Tusk
|-damage|p2a: Great Tusk|0 fnt
|faint|p2a: Great Tusk
|-end|p2a: Great Tusk|Protosynthesis|[silent]
|
|upkeep
|
|t:|1779556811
|switch|p2a: Garganacl|Garganacl, F, shiny|93/100
|turn|13
|
|t:|1779556814
|-terastallize|p2a: Garganacl|Fairy
|move|p1a: Dragonite|Earthquake|p2a: Garganacl
|-damage|p2a: Garganacl|54/100
|move|p2a: Garganacl|Salt Cure|p1a: Dragonite
|-crit|p1a: Dragonite
|-damage|p1a: Dragonite|24/100
|-start|p1a: Dragonite|Salt Cure
|
|-heal|p2a: Garganacl|60/100|[from] item: Leftovers
|-damage|p1a: Dragonite|12/100|[from] Salt Cure
|upkeep
|turn|14
|
|t:|1779556821
|move|p1a: Dragonite|Roost|p1a: Dragonite
|-heal|p1a: Dragonite|62/100
|move|p2a: Garganacl|Recover|p2a: Garganacl
|-heal|p2a: Garganacl|100/100
|
|-damage|p1a: Dragonite|49/100|[from] Salt Cure
|upkeep
|turn|15
|
|t:|1779556825
|move|p1a: Dragonite|Roost|p1a: Dragonite
|-heal|p1a: Dragonite|99/100
|move|p2a: Garganacl|Stealth Rock|p1a: Dragonite
|-sidestart|p1: ddrago2009|move: Stealth Rock
|
|-damage|p1a: Dragonite|87/100|[from] Salt Cure
|upkeep
|turn|16
|
|t:|1779556831
|switch|p1a: Indeedee|Indeedee, M|100/100
|-damage|p1a: Indeedee|88/100|[from] Stealth Rock
|-fieldstart|move: Psychic Terrain|[from] ability: Psychic Surge|[of] p1a: Indeedee
|move|p2a: Garganacl|Salt Cure|p1a: Indeedee
|-damage|p1a: Indeedee|59/100
|-start|p1a: Indeedee|Salt Cure
|
|-damage|p1a: Indeedee|47/100|[from] Salt Cure
|upkeep
|turn|17
|
|t:|1779556839
|move|p2a: Garganacl|Protect|p2a: Garganacl
|-singleturn|p2a: Garganacl|Protect
|move|p1a: Indeedee|Expanding Force|p2a: Garganacl
|-activate|p2a: Garganacl|move: Protect
|
|-damage|p1a: Indeedee|35/100|[from] Salt Cure
|upkeep
|turn|18
|
|t:|1779556844
|switch|p2a: Blue Cheese|Meowscarada, F, shiny|100/100
|move|p1a: Indeedee|Healing Wish|p1a: Indeedee
|faint|p1a: Indeedee
|
|upkeep
|
|t:|1779556854
|switch|p1a: Gholdengo|Gholdengo|100/100
|-damage|p1a: Gholdengo|94/100|[from] Stealth Rock
|turn|19
|
|t:|1779556864
|move|p1a: Gholdengo|Focus Blast|p2a: Blue Cheese
|-supereffective|p2a: Blue Cheese
|-damage|p2a: Blue Cheese|0 fnt
|faint|p2a: Blue Cheese
|
|upkeep
|
|t:|1779556868
|switch|p2a: Gholdengo|Gholdengo, shiny|100/100
|turn|20
|
|t:|1779556879
|switch|p1a: Dragonite|Dragonite, F, tera:Normal|87/100
|-heal|p1a: Dragonite|100/100|[from] move: Healing Wish
|move|p2a: Gholdengo|Shadow Ball|p1a: Dragonite
|-immune|p1a: Dragonite
|
|upkeep
|turn|21
|
|t:|1779556885
|move|p1a: Dragonite|Dragon Dance|p1a: Dragonite
|-boost|p1a: Dragonite|atk|1
|-boost|p1a: Dragonite|spe|1
|move|p2a: Gholdengo|Make It Rain|p1a: Dragonite
|-damage|p1a: Dragonite|70/100
|-unboost|p2a: Gholdengo|spa|1
|
|upkeep
|turn|22
|
|t:|1779556893
|switch|p2a: Garganacl|Garganacl, F, shiny, tera:Fairy|100/100
|move|p1a: Dragonite|Dragon Dance|p1a: Dragonite
|-boost|p1a: Dragonite|atk|1
|-boost|p1a: Dragonite|spe|1
|
|upkeep
|turn|23
|
|t:|1779556897
|move|p1a: Dragonite|Dragon Dance|p1a: Dragonite
|-boost|p1a: Dragonite|atk|1
|-boost|p1a: Dragonite|spe|1
|move|p2a: Garganacl|Salt Cure|p1a: Dragonite
|-damage|p1a: Dragonite|55/100
|-start|p1a: Dragonite|Salt Cure
|
|-damage|p1a: Dragonite|43/100|[from] Salt Cure
|-fieldend|move: Psychic Terrain
|upkeep
|turn|24
|
|t:|1779556906
|switch|p2a: Dragonite|Dragonite, F|58/100
|move|p1a: Dragonite|Roost|p1a: Dragonite
|-heal|p1a: Dragonite|93/100
|
|-damage|p1a: Dragonite|81/100|[from] Salt Cure
|upkeep
|turn|25
|
|t:|1779556910
|move|p1a: Dragonite|Extreme Speed|p2a: Dragonite
|-damage|p2a: Dragonite|0 fnt
|faint|p2a: Dragonite
|
|-damage|p1a: Dragonite|68/100|[from] Salt Cure
|upkeep
|
|t:|1779556926
|switch|p2a: Garganacl|Garganacl, F, shiny, tera:Fairy|100/100
|turn|26
|
|t:|1779556929
|switch|p1a: Gholdengo|Gholdengo|94/100
|-damage|p1a: Gholdengo|88/100|[from] Stealth Rock
|move|p2a: Garganacl|Salt Cure|p1a: Gholdengo
|-resisted|p1a: Gholdengo
|-damage|p1a: Gholdengo|81/100
|-start|p1a: Gholdengo|Salt Cure
|
|-damage|p1a: Gholdengo|56/100|[from] Salt Cure
|upkeep
|turn|27
|
|t:|1779556935
|move|p2a: Garganacl|Protect|p2a: Garganacl
|-singleturn|p2a: Garganacl|Protect
|move|p1a: Gholdengo|Make It Rain|p2a: Garganacl
|-activate|p2a: Garganacl|move: Protect
|
|-damage|p1a: Gholdengo|31/100|[from] Salt Cure
|upkeep
|turn|28
|
|t:|1779556949
|switch|p1a: Great Tusk|Great Tusk|100/100
|-damage|p1a: Great Tusk|98/100|[from] Stealth Rock
|-enditem|p1a: Great Tusk|Booster Energy
|-activate|p1a: Great Tusk|ability: Protosynthesis|[fromitem]
|-start|p1a: Great Tusk|protosynthesisatk
|switch|p2a: Iron Moth|Iron Moth, shiny|100/100
|-enditem|p2a: Iron Moth|Booster Energy
|-activate|p2a: Iron Moth|ability: Quark Drive|[fromitem]
|-start|p2a: Iron Moth|quarkdrivespa
|
|upkeep
|turn|29
|inactive|ddrago2009 has 120 seconds left.
|
|t:|1779556988
|move|p2a: Iron Moth|Energy Ball|p1a: Great Tusk
|-supereffective|p1a: Great Tusk
|-damage|p1a: Great Tusk|0 fnt
|faint|p1a: Great Tusk
|-end|p1a: Great Tusk|Protosynthesis|[silent]
|
|upkeep
|
|t:|1779556993
|switch|p1a: Gholdengo|Gholdengo|31/100
|-damage|p1a: Gholdengo|25/100|[from] Stealth Rock
|turn|30
|inactive|ddrago2009 has 120 seconds left.
|
|t:|1779557002
|move|p1a: Gholdengo|Make It Rain|p2a: Iron Moth
|-resisted|p2a: Iron Moth
|-damage|p2a: Iron Moth|66/100
|-unboost|p1a: Gholdengo|spa|1
|move|p2a: Iron Moth|Fiery Dance|p1a: Gholdengo
|-supereffective|p1a: Gholdengo
|-damage|p1a: Gholdengo|0 fnt
|faint|p1a: Gholdengo
|
|upkeep
|inactive|ddrago2009 has 120 seconds left.
|
|t:|1779557009
|switch|p1a: Cinderace|Cinderace, M|65/100
|turn|31
|
|t:|1779557014
|-end|p2a: Iron Moth|Quark Drive|[silent]
|switch|p2a: Garganacl|Garganacl, F, shiny, tera:Fairy|100/100
|move|p1a: Cinderace|Court Change|p1a: Cinderace
|-start|p1a: Cinderace|typechange|Normal|[from] ability: Libero
|-swapsideconditions
|-activate|p1a: Cinderace|move: Court Change
|
|upkeep
|turn|32
|
|t:|1779557020
|move|p1a: Cinderace|U-turn|p2a: Garganacl
|-resisted|p2a: Garganacl
|-crit|p2a: Garganacl
|-damage|p2a: Garganacl|91/100
|
|t:|1779557023
|switch|p1a: Dragonite|Dragonite, F, tera:Normal|68/100|[from] U-turn
|move|p2a: Garganacl|Stealth Rock|p1a: Dragonite
|-sidestart|p1: ddrago2009|move: Stealth Rock
|
|-heal|p2a: Garganacl|97/100|[from] item: Leftovers
|upkeep
|turn|33
|
|t:|1779557029
|switch|p1a: Polteageist|Polteageist|100/100
|-damage|p1a: Polteageist|88/100|[from] Stealth Rock
|move|p2a: Garganacl|Salt Cure|p1a: Polteageist
|-damage|p1a: Polteageist|64/100
|-start|p1a: Polteageist|Salt Cure
|-ability|p1a: Polteageist|Weak Armor|boost
|-unboost|p1a: Polteageist|def|1
|-boost|p1a: Polteageist|spe|2
|
|-heal|p2a: Garganacl|100/100|[from] item: Leftovers
|-damage|p1a: Polteageist|52/100|[from] Salt Cure
|upkeep
|turn|34
|
|t:|1779557038
|move|p1a: Polteageist|Shell Smash|p1a: Polteageist
|-unboost|p1a: Polteageist|def|1
|-unboost|p1a: Polteageist|spd|1
|-boost|p1a: Polteageist|atk|2
|-boost|p1a: Polteageist|spa|2
|-boost|p1a: Polteageist|spe|2
|move|p2a: Garganacl|Salt Cure|p1a: Polteageist
|-damage|p1a: Polteageist|2/100
|-ability|p1a: Polteageist|Weak Armor|boost
|-unboost|p1a: Polteageist|def|1
|-boost|p1a: Polteageist|spe|2
|
|-damage|p1a: Polteageist|0 fnt|[from] Salt Cure
|faint|p1a: Polteageist
|upkeep
|-message|ddrago2009 forfeited.
|
|win|BiscoitoXDBr
|raw|ddrago2009's rating: 1342 &rarr; <strong>1324</strong><br />(-18 for losing)
|raw|BiscoitoXDBr's rating: 1377 &rarr; <strong>1395</strong><br />(+18 for winning)
|l|☆BiscoitoXDBr
|player|p2|
|l|☆ddrago2009
|player|p1|
