|inactive|Battle timer is ON: inactive players will automatically lose when time's up.
|t:|1779629664
|gametype|singles
|player|p1|JspKiC|pokekid|
|player|p2|Kafkafka|#wcop2026china2|
|gen|9
|tier|[Gen 9] OU
|rule|HP Percentage Mod: HP is shown in percentages
|rule|Endless Battle Clause: Forcing endless battles is banned
|rule|Species Clause: Limit one of each Pokémon
|rule|OHKO Clause: OHKO moves are banned
|rule|Evasion Items Clause: Evasion items are banned
|rule|Evasion Moves Clause: Evasion moves are banned
|rule|Evasion Abilities Clause: Evasion abilities are banned
|rule|Sleep Moves Clause: Sleep-inducing moves are banned
|clearpoke
|poke|p1|Kyurem|
|poke|p1|Weavile, M|
|poke|p1|Rotom-Wash|
|poke|p1|Iron Treads|
|poke|p1|Iron Valiant|
|poke|p1|Pecharunt|
|poke|p2|Dragonite, M|
|poke|p2|Hatterene, F|
|poke|p2|Iron Treads|
|poke|p2|Garganacl, M|
|poke|p2|Zamazenta-*|
|poke|p2|Kyurem|
|teampreview
|c|☆Kafkafka|hf
|c|☆JspKiC|hf !
|inactive|JspKiC has 270 seconds left.
|inactive|Kafkafka has 270 seconds left.
|inactive|JspKiC has 240 seconds left.
|inactive|Kafkafka has 240 seconds left.
|
|t:|1779629735
|teamsize|p1|6
|teamsize|p2|6
|start
|switch|p1a: Rotom|Rotom-Wash|100/100
|switch|p2a: Kyurem|Kyurem|100/100
|-ability|p2a: Kyurem|Pressure
|turn|1
|
|t:|1779629747
|move|p2a: Kyurem|Freeze-Dry|p1a: Rotom
|-supereffective|p1a: Rotom
|-damage|p1a: Rotom|49/100
|move|p1a: Rotom|Thunder Wave|p2a: Kyurem
|-status|p2a: Kyurem|par
|
|upkeep
|turn|2
|inactive|JspKiC has 270 seconds left.
|inactive|JspKiC has 240 seconds left.
|
|t:|1779629820
|move|p2a: Kyurem|Freeze-Dry|p1a: Rotom
|-supereffective|p1a: Rotom
|-damage|p1a: Rotom|0 fnt
|faint|p1a: Rotom
|
|upkeep
|
|t:|1779629830
|switch|p1a: Kyurem|Kyurem|100/100
|-ability|p1a: Kyurem|Pressure
|turn|3
|
|t:|1779629857
|switch|p2a: Garganacl|Garganacl, M|100/100
|move|p1a: Kyurem|Dragon Dance|p1a: Kyurem
|-boost|p1a: Kyurem|atk|1
|-boost|p1a: Kyurem|spe|1
|
|upkeep
|turn|4
|inactive|JspKiC has 240 seconds left.
|inactive|JspKiC has 210 seconds left.
|
|t:|1779629896
|-terastallize|p1a: Kyurem|Ground
|move|p1a: Kyurem|Earth Power|p2a: Garganacl
|-supereffective|p2a: Garganacl
|-damage|p2a: Garganacl|40/100
|-unboost|p2a: Garganacl|spd|1
|move|p2a: Garganacl|Salt Cure|p1a: Kyurem
|-resisted|p1a: Kyurem
|-damage|p1a: Kyurem|94/100
|-start|p1a: Kyurem|Salt Cure
|
|-heal|p2a: Garganacl|46/100|[from] item: Leftovers
|-damage|p1a: Kyurem|81/100|[from] Salt Cure
|upkeep
|turn|5
|inactive|JspKiC has 210 seconds left.
|
|t:|1779629922
|switch|p2a: Kyurem|Kyurem|100/100 par
|-ability|p2a: Kyurem|Pressure
|move|p1a: Kyurem|Earth Power|p2a: Kyurem
|-damage|p2a: Kyurem|61/100 par
|-unboost|p2a: Kyurem|spd|1
|
|-damage|p1a: Kyurem|69/100|[from] Salt Cure
|upkeep
|turn|6
|
|t:|1779629934
|move|p1a: Kyurem|Icicle Spear|p2a: Kyurem
|-damage|p2a: Kyurem|39/100 par
|-damage|p2a: Kyurem|19/100 par
|-damage|p2a: Kyurem|0 fnt
|faint|p2a: Kyurem
|-hitcount|p2: Kyurem|3
|
|-damage|p1a: Kyurem|57/100|[from] Salt Cure
|upkeep
|
|t:|1779629938
|switch|p2a: Zamazenta|Zamazenta|100/100
|-ability|p2a: Zamazenta|Dauntless Shield|boost
|-boost|p2a: Zamazenta|def|1
|turn|7
|inactive|JspKiC has 210 seconds left.
|
|t:|1779629944
|switch|p1a: Pecharunt|Pecharunt|100/100
|move|p2a: Zamazenta|Close Combat|p1a: Pecharunt
|-immune|p1a: Pecharunt
|
|upkeep
|turn|8
|
|t:|1779629951
|switch|p2a: Garganacl|Garganacl, M|46/100
|move|p1a: Pecharunt|Parting Shot|p2a: Garganacl
|-unboost|p2a: Garganacl|atk|1
|-unboost|p2a: Garganacl|spa|1
|
|t:|1779629959
|switch|p1a: Kyurem|Kyurem, tera:Ground|57/100|[from] Parting Shot
|-ability|p1a: Kyurem|Pressure
|
|-heal|p2a: Garganacl|52/100|[from] item: Leftovers
|upkeep
|turn|9
|inactive|Kafkafka has 270 seconds left.
|
|t:|1779629995
|switch|p2a: Zamazenta|Zamazenta|100/100
|move|p1a: Kyurem|Earth Power|p2a: Zamazenta
|-crit|p2a: Zamazenta
|-damage|p2a: Zamazenta|47/100
|
|upkeep
|turn|10
|inactive|Kafkafka has 270 seconds left.
|
|t:|1779630010
|switch|p2a: Iron Treads|Iron Treads|100/100
|move|p1a: Kyurem|Earth Power|p2a: Iron Treads
|-supereffective|p2a: Iron Treads
|-damage|p2a: Iron Treads|0 fnt
|faint|p2a: Iron Treads
|-end|p2a: Iron Treads|Quark Drive|[silent]
|
|upkeep
|
|t:|1779630013
|switch|p2a: Zamazenta|Zamazenta|47/100
|turn|11
|
|t:|1779630023
|switch|p1a: Pecharunt|Pecharunt|100/100
|move|p2a: Zamazenta|Crunch|p1a: Pecharunt
|-supereffective|p1a: Pecharunt
|-damage|p1a: Pecharunt|75/100
|
|upkeep
|turn|12
|
|t:|1779630030
|move|p2a: Zamazenta|Crunch|p1a: Pecharunt
|-supereffective|p1a: Pecharunt
|-damage|p1a: Pecharunt|48/100
|move|p1a: Pecharunt|Parting Shot|p2a: Zamazenta
|-unboost|p2a: Zamazenta|atk|1
|-unboost|p2a: Zamazenta|spa|1
|inactive|JspKiC has 210 seconds left.
|
|t:|1779630064
|switch|p1a: Kyurem|Kyurem, tera:Ground|57/100|[from] Parting Shot
|-ability|p1a: Kyurem|Pressure
|
|upkeep
|turn|13
|inactive|JspKiC has 210 seconds left.
|
|t:|1779630075
|move|p2a: Zamazenta|Close Combat|p1a: Kyurem
|-damage|p1a: Kyurem|13/100
|-unboost|p2a: Zamazenta|def|1
|-unboost|p2a: Zamazenta|spd|1
|move|p1a: Kyurem|Icicle Spear|p2a: Zamazenta
|-damage|p2a: Zamazenta|24/100
|-damage|p2a: Zamazenta|1/100
|-damage|p2a: Zamazenta|0 fnt
|faint|p2a: Zamazenta
|-hitcount|p2: Zamazenta|3
|
|upkeep
|
|t:|1779630078
|switch|p2a: Hatterene|Hatterene, F|100/100
|turn|14
|
|t:|1779630087
|switch|p1a: Iron Treads|Iron Treads|100/100
|move|p2a: Hatterene|Psychic Noise|p1a: Iron Treads
|-resisted|p1a: Iron Treads
|-damage|p1a: Iron Treads|83/100
|-start|p1a: Iron Treads|move: Heal Block
|
|upkeep
|turn|15
|
|t:|1779630094
|move|p1a: Iron Treads|Earthquake|p2a: Hatterene
|-damage|p2a: Hatterene|71/100
|move|p2a: Hatterene|Draining Kiss|p1a: Iron Treads
|-resisted|p1a: Iron Treads
|-damage|p1a: Iron Treads|71/100
|-heal|p2a: Hatterene|82/100|[from] drain|[of] p1a: Iron Treads
|
|-end|p1a: Iron Treads|move: Heal Block
|upkeep
|turn|16
|
|t:|1779630108
|move|p1a: Iron Treads|Knock Off|p2a: Hatterene
|-damage|p2a: Hatterene|63/100
|-damage|p1a: Iron Treads|54/100|[from] item: Rocky Helmet|[of] p2a: Hatterene
|-enditem|p2a: Hatterene|Rocky Helmet|[from] move: Knock Off|[of] p1a: Iron Treads
|move|p2a: Hatterene|Draining Kiss|p1a: Iron Treads
|-resisted|p1a: Iron Treads
|-damage|p1a: Iron Treads|43/100
|-heal|p2a: Hatterene|73/100|[from] drain|[of] p1a: Iron Treads
|
|-heal|p1a: Iron Treads|49/100|[from] item: Leftovers
|upkeep
|turn|17
|
|t:|1779630115
|move|p1a: Iron Treads|Earthquake|p2a: Hatterene
|-crit|p2a: Hatterene
|-damage|p2a: Hatterene|22/100
|move|p2a: Hatterene|Psychic Noise|p1a: Iron Treads
|-resisted|p1a: Iron Treads
|-damage|p1a: Iron Treads|31/100
|-start|p1a: Iron Treads|move: Heal Block
|
|upkeep
|turn|18
|inactive|JspKiC has 210 seconds left.
|
|t:|1779630142
|move|p1a: Iron Treads|Earthquake|p2a: Hatterene
|-damage|p2a: Hatterene|0 fnt
|faint|p2a: Hatterene
|
|-end|p1a: Iron Treads|move: Heal Block
|upkeep
|
|t:|1779630144
|switch|p2a: Dragonite|Dragonite, M|100/100
|turn|19
|inactive|JspKiC has 210 seconds left.
|inactive|JspKiC has 180 seconds left.
|inactive|JspKiC has 150 seconds left.
|inactive|JspKiC has 120 seconds left.
|inactive|JspKiC has 90 seconds left.
|
|t:|1779630297
|move|p1a: Iron Treads|Knock Off|p2a: Dragonite
|-damage|p2a: Dragonite|86/100
|-enditem|p2a: Dragonite|Covert Cloak|[from] move: Knock Off|[of] p1a: Iron Treads
|move|p2a: Dragonite|Dragon Dance|p2a: Dragonite
|-boost|p2a: Dragonite|atk|1
|-boost|p2a: Dragonite|spe|1
|
|-heal|p1a: Iron Treads|37/100|[from] item: Leftovers
|upkeep
|turn|20
|inactive|JspKiC has 60 seconds left.
|inactive|Kafkafka has 270 seconds left.
|inactive|Kafkafka has 240 seconds left.
|inactive|JspKiC has 30 seconds left.
|
|t:|1779630376
|-terastallize|p2a: Dragonite|Ground
|move|p2a: Dragonite|Dragon Dance|p2a: Dragonite
|-boost|p2a: Dragonite|atk|1
|-boost|p2a: Dragonite|spe|1
|move|p1a: Iron Treads|Knock Off|p2a: Dragonite
|-damage|p2a: Dragonite|69/100
|
|-heal|p1a: Iron Treads|44/100|[from] item: Leftovers
|upkeep
|turn|21
|
|t:|1779630381
|move|p2a: Dragonite|Earthquake|p1a: Iron Treads
|-supereffective|p1a: Iron Treads
|-crit|p1a: Iron Treads
|-damage|p1a: Iron Treads|0 fnt
|faint|p1a: Iron Treads
|-end|p1a: Iron Treads|Quark Drive|[silent]
|
|upkeep
|inactive|JspKiC has 30 seconds left.
|
|t:|1779630393
|switch|p1a: Weavile|Weavile, M|100/100
|-ability|p1a: Weavile|Pressure
|turn|22
|
|t:|1779630402
|move|p2a: Dragonite|Earthquake|p1a: Weavile
|-damage|p1a: Weavile|0 fnt
|faint|p1a: Weavile
|
|upkeep
|
|t:|1779630410
|switch|p1a: Iron Valiant|Iron Valiant|100/100
|-enditem|p1a: Iron Valiant|Booster Energy
|-activate|p1a: Iron Valiant|ability: Quark Drive|[fromitem]
|-start|p1a: Iron Valiant|quarkdrivespe
|turn|23
|
|t:|1779630415
|move|p2a: Dragonite|Earthquake|p1a: Iron Valiant
|-damage|p1a: Iron Valiant|0 fnt
|faint|p1a: Iron Valiant
|-end|p1a: Iron Valiant|Quark Drive|[silent]
|
|upkeep
|
|t:|1779630418
|switch|p1a: Kyurem|Kyurem, tera:Ground|13/100
|-ability|p1a: Kyurem|Pressure
|turn|24
|
|t:|1779630420
|move|p2a: Dragonite|Earthquake|p1a: Kyurem
|-crit|p1a: Kyurem
|-damage|p1a: Kyurem|0 fnt
|faint|p1a: Kyurem
|
|upkeep
|
|t:|1779630422
|switch|p1a: Pecharunt|Pecharunt|48/100
|turn|25
|
|t:|1779630425
|move|p2a: Dragonite|Earthquake|p1a: Pecharunt
|-supereffective|p1a: Pecharunt
|-damage|p1a: Pecharunt|0 fnt
|faint|p1a: Pecharunt
|
|win|Kafkafka
|c|☆JspKiC|gg
|c|☆Kafkafka|gg
