|j|☆bradfish1761
|j|☆erikmony
|t:|1779647669
|gametype|singles
|player|p1|bradfish1761|elesa|1110
|player|p2|erikmony|blue|1075
|gen|9
|tier|[Gen 9] OU
|rated|
|rule|HP Percentage Mod: HP is shown in percentages
|rule|Endless Battle Clause: Forcing endless battles is banned
|rule|Species Clause: Limit one of each Pokémon
|rule|OHKO Clause: OHKO moves are banned
|rule|Evasion Items Clause: Evasion items are banned
|rule|Evasion Moves Clause: Evasion moves are banned
|rule|Evasion Abilities Clause: Evasion abilities are banned
|rule|Sleep Moves Clause: Sleep-inducing moves are banned
|clearpoke
|poke|p1|Electrode-Hisui|
|poke|p1|Pelipper, M|
|poke|p1|Garganacl, F|
|poke|p1|Gholdengo|
|poke|p1|Cinderace, F|
|poke|p1|Zamazenta-*|
|poke|p2|Skarmory, F|
|poke|p2|Chansey, F|
|poke|p2|Swanna, F|
|poke|p2|Hippowdon, F|
|poke|p2|Grimmsnarl, M|
|poke|p2|Gliscor, F|
|teampreview
|inactive|Battle timer is ON: inactive players will automatically lose when time's up. (requested by bradfish1761)
|
|t:|1779647680
|teamsize|p1|6
|teamsize|p2|6
|start
|switch|p1a: Electrode|Electrode-Hisui|100/100
|switch|p2a: Skarmory|Skarmory, F|100/100
|turn|1
|inactive|erikmony has 120 seconds left.
|
|t:|1779647711
|move|p1a: Electrode|Volt Switch|p2a: Skarmory
|-supereffective|p2a: Skarmory
|-damage|p2a: Skarmory|0 fnt
|faint|p2a: Skarmory
|
|t:|1779647719
|switch|p1a: Garganacl|Garganacl, F|100/100|[from] Volt Switch
|
|upkeep
|
|t:|1779647728
|switch|p2a: Swanna|Swanna, F|100/100
|turn|2
|
|t:|1779647735
|move|p2a: Swanna|Aqua Jet|p1a: Garganacl
|-supereffective|p1a: Garganacl
|-damage|p1a: Garganacl|79/100
|move|p1a: Garganacl|Stealth Rock|p2a: Swanna
|-sidestart|p2: erikmony|move: Stealth Rock
|
|-heal|p1a: Garganacl|85/100|[from] item: Leftovers
|upkeep
|turn|3
|
|t:|1779647744
|move|p2a: Swanna|Aqua Jet|p1a: Garganacl
|-supereffective|p1a: Garganacl
|-damage|p1a: Garganacl|64/100
|move|p1a: Garganacl|Salt Cure|p2a: Swanna
|-supereffective|p2a: Swanna
|-damage|p2a: Swanna|54/100
|-start|p2a: Swanna|Salt Cure
|
|-heal|p2a: Swanna|61/100|[from] item: Leftovers
|-heal|p1a: Garganacl|70/100|[from] item: Leftovers
|-damage|p2a: Swanna|36/100|[from] Salt Cure
|upkeep
|turn|4
|c|☆bradfish1761|Just use hpump or surf bro
|
|t:|1779647768
|move|p2a: Swanna|Aqua Jet|p1a: Garganacl
|-supereffective|p1a: Garganacl
|-damage|p1a: Garganacl|47/100
|move|p1a: Garganacl|Salt Cure|p2a: Swanna
|-supereffective|p2a: Swanna
|-damage|p2a: Swanna|0 fnt
|faint|p2a: Swanna
|
|-heal|p1a: Garganacl|53/100|[from] item: Leftovers
|upkeep
|
|t:|1779647782
|switch|p2a: Hippowdon|Hippowdon, F|100/100
|-damage|p2a: Hippowdon|94/100|[from] Stealth Rock
|turn|5
|
|t:|1779647789
|move|p2a: Hippowdon|Stealth Rock|p1a: Garganacl
|-sidestart|p1: bradfish1761|move: Stealth Rock
|move|p1a: Garganacl|Salt Cure|p2a: Hippowdon
|-resisted|p2a: Hippowdon
|-damage|p2a: Hippowdon|91/100
|-start|p2a: Hippowdon|Salt Cure
|
|-heal|p1a: Garganacl|59/100|[from] item: Leftovers
|-damage|p2a: Hippowdon|79/100|[from] Salt Cure
|upkeep
|turn|6
|
|t:|1779647800
|move|p2a: Hippowdon|Earthquake|p1a: Garganacl
|-supereffective|p1a: Garganacl
|-damage|p1a: Garganacl|11/100
|move|p1a: Garganacl|Recover|p1a: Garganacl
|-heal|p1a: Garganacl|61/100
|
|-heal|p1a: Garganacl|67/100|[from] item: Leftovers
|-damage|p2a: Hippowdon|66/100|[from] Salt Cure
|upkeep
|turn|7
|
|t:|1779647811
|switch|p1a: Pelipper|Pelipper, M|100/100
|-damage|p1a: Pelipper|75/100|[from] Stealth Rock
|-weather|RainDance|[from] ability: Drizzle|[of] p1a: Pelipper
|move|p2a: Hippowdon|Roar|p1a: Pelipper
|drag|p1a: Garganacl|Garganacl, F|67/100
|-damage|p1a: Garganacl|55/100|[from] Stealth Rock
|
|-weather|RainDance|[upkeep]
|-heal|p1a: Garganacl|61/100|[from] item: Leftovers
|-damage|p2a: Hippowdon|54/100|[from] Salt Cure
|upkeep
|turn|8
|
|t:|1779647827
|move|p2a: Hippowdon|Earthquake|p1a: Garganacl
|-supereffective|p1a: Garganacl
|-damage|p1a: Garganacl|15/100
|move|p1a: Garganacl|Recover|p1a: Garganacl
|-heal|p1a: Garganacl|65/100
|
|-weather|RainDance|[upkeep]
|-heal|p1a: Garganacl|72/100|[from] item: Leftovers
|-damage|p2a: Hippowdon|41/100|[from] Salt Cure
|upkeep
|turn|9
|
|t:|1779647839
|move|p1a: Garganacl|Recover|p1a: Garganacl
|-heal|p1a: Garganacl|100/100
|move|p2a: Hippowdon|Roar|p1a: Garganacl
|drag|p1a: Pelipper|Pelipper, M|75/100
|-damage|p1a: Pelipper|50/100|[from] Stealth Rock
|
|-weather|RainDance|[upkeep]
|-damage|p2a: Hippowdon|29/100|[from] Salt Cure
|upkeep
|turn|10
|
|t:|1779647851
|move|p1a: Pelipper|Weather Ball|p2a: Hippowdon
|-supereffective|p2a: Hippowdon
|-damage|p2a: Hippowdon|0 fnt
|faint|p2a: Hippowdon
|
|-weather|RainDance|[upkeep]
|upkeep
|
|t:|1779647859
|switch|p2a: Gliscor|Gliscor, F|100/100
|-damage|p2a: Gliscor|88/100|[from] Stealth Rock
|turn|11
|
|t:|1779647869
|move|p2a: Gliscor|Spikes|p1a: Pelipper
|-sidestart|p1: bradfish1761|Spikes
|move|p1a: Pelipper|Weather Ball|p2a: Gliscor
|-supereffective|p2a: Gliscor
|-damage|p2a: Gliscor|0 fnt
|faint|p2a: Gliscor
|
|-weather|RainDance|[upkeep]
|upkeep
|
|t:|1779647878
|switch|p2a: Grimmsnarl|Grimmsnarl, M|100/100
|-damage|p2a: Grimmsnarl|88/100|[from] Stealth Rock
|turn|12
|
|t:|1779647893
|move|p2a: Grimmsnarl|Light Screen|p2a: Grimmsnarl
|-sidestart|p2: erikmony|move: Light Screen
|move|p1a: Pelipper|Weather Ball|p2a: Grimmsnarl
|-crit|p2a: Grimmsnarl
|-damage|p2a: Grimmsnarl|0 fnt
|faint|p2a: Grimmsnarl
|
|-weather|RainDance|[upkeep]
|upkeep
|
|t:|1779647901
|switch|p2a: Chansey|Chansey, F|100/100
|-damage|p2a: Chansey|88/100|[from] Stealth Rock
|turn|13
|
|t:|1779647907
|move|p2a: Chansey|Protect|p2a: Chansey
|-singleturn|p2a: Chansey|Protect
|move|p1a: Pelipper|Weather Ball|p2a: Chansey
|-activate|p2a: Chansey|move: Protect
|
|-weather|RainDance|[upkeep]
|upkeep
|turn|14
|
|t:|1779647918
|switch|p1a: Garganacl|Garganacl, F|100/100
|-damage|p1a: Garganacl|88/100|[from] Stealth Rock
|-damage|p1a: Garganacl|76/100|[from] Spikes
|move|p2a: Chansey|Thunder Wave|p1a: Garganacl
|-immune|p1a: Garganacl|[from] ability: Purifying Salt
|
|-weather|none
|-heal|p1a: Garganacl|82/100|[from] item: Leftovers
|upkeep
|turn|15
|
|t:|1779647935
|move|p2a: Chansey|Protect|p2a: Chansey
|-singleturn|p2a: Chansey|Protect
|move|p1a: Garganacl|Salt Cure|p2a: Chansey
|-activate|p2a: Chansey|move: Protect
|
|-heal|p1a: Garganacl|88/100|[from] item: Leftovers
|upkeep
|turn|16
|
|t:|1779647945
|move|p2a: Chansey|Sweet Kiss|p1a: Garganacl
|-start|p1a: Garganacl|confusion
|-activate|p1a: Garganacl|confusion
|-damage|p1a: Garganacl|81/100|[from] confusion
|
|-heal|p1a: Garganacl|88/100|[from] item: Leftovers
|-sideend|p2: erikmony|move: Light Screen
|upkeep
|turn|17
|
|t:|1779647953
|move|p2a: Chansey|Protect|p2a: Chansey
|-singleturn|p2a: Chansey|Protect
|-activate|p1a: Garganacl|confusion
|move|p1a: Garganacl|Salt Cure|p2a: Chansey
|-activate|p2a: Chansey|move: Protect
|
|-heal|p1a: Garganacl|94/100|[from] item: Leftovers
|upkeep
|turn|18
|-message|erikmony forfeited.
|
|win|bradfish1761
|raw|bradfish1761's rating: 1110 &rarr; <strong>1132</strong><br />(+22 for winning)
|raw|erikmony's rating: 1075 &rarr; <strong>1056</strong><br />(-19 for losing)
|l|☆erikmony
|player|p2|
|l|☆bradfish1761
|player|p1|
