|j|☆satanim
|j|☆claudechamp
|t:|1779716734
|gametype|singles
|player|p1|satanim|266|1282
|player|p2|claudechamp|102|1319
|gen|9
|tier|[Gen 9] OU
|rated|
|rule|HP Percentage Mod: HP is shown in percentages
|rule|Endless Battle Clause: Forcing endless battles is banned
|rule|Species Clause: Limit one of each Pokémon
|rule|OHKO Clause: OHKO moves are banned
|rule|Evasion Items Clause: Evasion items are banned
|rule|Evasion Moves Clause: Evasion moves are banned
|rule|Evasion Abilities Clause: Evasion abilities are banned
|rule|Sleep Moves Clause: Sleep-inducing moves are banned
|clearpoke
|poke|p1|Great Tusk|
|poke|p1|Kingambit, F|
|poke|p1|Zamazenta-*|
|poke|p1|Gholdengo|
|poke|p1|Dragonite, F|
|poke|p1|Slowking-Galar, F|
|poke|p2|Gliscor, F|
|poke|p2|Gholdengo|
|poke|p2|Zamazenta-*|
|poke|p2|Blissey, F|
|poke|p2|Skarmory, M|
|poke|p2|Pecharunt|
|teampreview
|c|☆claudechamp|hf
|inactive|Battle timer is ON: inactive players will automatically lose when time's up. (requested by claudechamp)
|
|t:|1779716737
|teamsize|p1|6
|teamsize|p2|6
|start
|switch|p1a: tombo|Great Tusk|100/100
|switch|p2a: Skarmory|Skarmory, M|100/100
|turn|1
|
|t:|1779716754
|switch|p2a: Gliscor|Gliscor, F|100/100
|move|p1a: tombo|Stealth Rock|p2a: Gliscor
|-sidestart|p2: claudechamp|move: Stealth Rock
|
|-status|p2a: Gliscor|tox|[from] item: Toxic Orb
|upkeep
|turn|2
|c|☆satanim|u2
|
|t:|1779716767
|-end|p1a: tombo|Protosynthesis|[silent]
|switch|p1a: Gholdengo|Gholdengo|100/100
|-item|p1a: Gholdengo|Air Balloon
|move|p2a: Gliscor|Swords Dance|p2a: Gliscor
|-boost|p2a: Gliscor|atk|2
|
|upkeep
|turn|3
|
|t:|1779716786
|move|p1a: Gholdengo|Nasty Plot|p1a: Gholdengo
|-boost|p1a: Gholdengo|spa|2
|move|p2a: Gliscor|Knock Off|p1a: Gholdengo
|-supereffective|p1a: Gholdengo
|-damage|p1a: Gholdengo|4/100
|-enditem|p1a: Gholdengo|Air Balloon
|
|upkeep
|turn|4
|
|t:|1779716797
|move|p1a: Gholdengo|Make It Rain|p2a: Gliscor
|-damage|p2a: Gliscor|0 fnt
|-unboost|p1a: Gholdengo|spa|1
|faint|p2a: Gliscor
|
|upkeep
|
|t:|1779716800
|switch|p2a: Blissey|Blissey, F|100/100
|turn|5
|inactive|satanim has 120 seconds left.
|
|t:|1779716830
|move|p1a: Gholdengo|Focus Blast|p2a: Blissey|[miss]
|-miss|p1a: Gholdengo|p2a: Blissey
|move|p2a: Blissey|Shadow Ball|p1a: Gholdengo
|-supereffective|p1a: Gholdengo
|-damage|p1a: Gholdengo|0 fnt
|faint|p1a: Gholdengo
|
|upkeep
|inactive|satanim has 120 seconds left.
|
|t:|1779716848
|switch|p1a: Dragonite|Dragonite, F|100/100
|turn|6
|
|t:|1779716850
|move|p1a: Dragonite|Dragon Dance|p1a: Dragonite
|-boost|p1a: Dragonite|atk|1
|-boost|p1a: Dragonite|spe|1
|move|p2a: Blissey|Stealth Rock|p1a: Dragonite
|-sidestart|p1: satanim|move: Stealth Rock
|
|upkeep
|turn|7
|
|t:|1779716854
|switch|p2a: Zamazenta|Zamazenta|100/100
|-ability|p2a: Zamazenta|Dauntless Shield|boost
|-boost|p2a: Zamazenta|def|1
|move|p1a: Dragonite|Dragon Dance|p1a: Dragonite
|-boost|p1a: Dragonite|atk|1
|-boost|p1a: Dragonite|spe|1
|
|upkeep
|turn|8
|inactive|satanim has 120 seconds left.
|
|t:|1779716885
|move|p1a: Dragonite|Earthquake|p2a: Zamazenta
|-crit|p2a: Zamazenta
|-damage|p2a: Zamazenta|0 fnt
|faint|p2a: Zamazenta
|
|upkeep
|
|t:|1779716888
|switch|p2a: Skarmory|Skarmory, M|100/100
|turn|9
|inactive|satanim has 120 seconds left.
|
|t:|1779716898
|move|p1a: Dragonite|Ice Spinner|p2a: Skarmory
|-damage|p2a: Skarmory|62/100
|move|p2a: Skarmory|Whirlwind|p1a: Dragonite
|drag|p1a: Slowking|Slowking-Galar, F|100/100
|-damage|p1a: Slowking|88/100|[from] Stealth Rock
|
|upkeep
|turn|10
|inactive|satanim has 120 seconds left.
|
|t:|1779716905
|move|p2a: Skarmory|Spikes|p1a: Slowking
|-sidestart|p1: satanim|Spikes
|move|p1a: Slowking|Flamethrower|p2a: Skarmory
|-supereffective|p2a: Skarmory
|-damage|p2a: Skarmory|0 fnt
|faint|p2a: Skarmory
|
|upkeep
|
|t:|1779716908
|switch|p2a: Gholdengo|Gholdengo|100/100
|-damage|p2a: Gholdengo|94/100|[from] Stealth Rock
|turn|11
|
|t:|1779716916
|-terastallize|p2a: Gholdengo|Fairy
|move|p2a: Gholdengo|Nasty Plot|p2a: Gholdengo
|-boost|p2a: Gholdengo|spa|2
|move|p1a: Slowking|Flamethrower|p2a: Gholdengo
|-damage|p2a: Gholdengo|69/100
|
|upkeep
|turn|12
|
|t:|1779716929
|move|p2a: Gholdengo|Hex|p1a: Slowking
|-supereffective|p1a: Slowking
|-damage|p1a: Slowking|30/100
|move|p1a: Slowking|Sludge Bomb|p2a: Gholdengo
|-supereffective|p2a: Gholdengo
|-damage|p2a: Gholdengo|0 fnt
|faint|p2a: Gholdengo
|
|upkeep
|
|t:|1779716930
|switch|p2a: Blissey|Blissey, F|100/100
|turn|13
|
|t:|1779716940
|switch|p2a: Pecharunt|Pecharunt|100/100
|switch|p1a: Dragonite|Dragonite, F|100/100
|
|upkeep
|turn|14
|
|t:|1779716951
|move|p1a: Dragonite|Dragon Dance|p1a: Dragonite
|-boost|p1a: Dragonite|atk|1
|-boost|p1a: Dragonite|spe|1
|move|p2a: Pecharunt|Parting Shot|p1a: Dragonite
|-unboost|p1a: Dragonite|atk|1
|-unboost|p1a: Dragonite|spa|1
|
|t:|1779716953
|switch|p2a: Blissey|Blissey, F|100/100|[from] Parting Shot
|
|upkeep
|turn|15
|
|t:|1779716956
|move|p1a: Dragonite|Dragon Dance|p1a: Dragonite
|-boost|p1a: Dragonite|atk|1
|-boost|p1a: Dragonite|spe|1
|move|p2a: Blissey|Shadow Ball|p1a: Dragonite
|-damage|p1a: Dragonite|92/100
|
|upkeep
|turn|16
|
|t:|1779716960
|move|p1a: Dragonite|Dragon Dance|p1a: Dragonite
|-boost|p1a: Dragonite|atk|1
|-boost|p1a: Dragonite|spe|1
|move|p2a: Blissey|Shadow Ball|p1a: Dragonite
|-damage|p1a: Dragonite|78/100
|
|upkeep
|turn|17
|
|t:|1779716963
|move|p1a: Dragonite|Dragon Dance|p1a: Dragonite
|-boost|p1a: Dragonite|atk|1
|-boost|p1a: Dragonite|spe|1
|move|p2a: Blissey|Shadow Ball|p1a: Dragonite
|-damage|p1a: Dragonite|62/100
|
|upkeep
|turn|18
|
|t:|1779716967
|switch|p2a: Pecharunt|Pecharunt|100/100
|move|p1a: Dragonite|Earthquake|p2a: Pecharunt
|-supereffective|p2a: Pecharunt
|-damage|p2a: Pecharunt|2/100
|
|upkeep
|turn|19
|
|t:|1779716972
|switch|p2a: Blissey|Blissey, F|100/100
|move|p1a: Dragonite|Extreme Speed|p2a: Blissey
|-damage|p2a: Blissey|19/100
|
|upkeep
|turn|20
|
|t:|1779716977
|switch|p2a: Pecharunt|Pecharunt|2/100
|move|p1a: Dragonite|Extreme Speed|p2a: Pecharunt
|-immune|p2a: Pecharunt
|
|upkeep
|turn|21
|
|t:|1779716987
|switch|p2a: Blissey|Blissey, F|19/100
|move|p1a: Dragonite|Earthquake|p2a: Blissey
|-damage|p2a: Blissey|0 fnt
|faint|p2a: Blissey
|
|upkeep
|
|t:|1779716991
|switch|p2a: Pecharunt|Pecharunt|2/100
|turn|22
|
|t:|1779716994
|move|p1a: Dragonite|Earthquake|p2a: Pecharunt
|-supereffective|p2a: Pecharunt
|-damage|p2a: Pecharunt|0 fnt
|faint|p2a: Pecharunt
|
|win|satanim
|raw|satanim's rating: 1282 &rarr; <strong>1308</strong><br />(+26 for winning)
|raw|claudechamp's rating: 1297 &rarr; <strong>1271</strong><br />(-26 for losing)
|c|☆claudechamp|gg
