|j|☆Samarian
|j|☆yigyif
|t:|1779625030
|gametype|singles
|player|p1|Samarian|2|1301
|player|p2|yigyif|skyla|1285
|gen|9
|tier|[Gen 9] OU
|rated|
|rule|HP Percentage Mod: HP is shown in percentages
|rule|Endless Battle Clause: Forcing endless battles is banned
|rule|Species Clause: Limit one of each Pokémon
|rule|OHKO Clause: OHKO moves are banned
|rule|Evasion Items Clause: Evasion items are banned
|rule|Evasion Moves Clause: Evasion moves are banned
|rule|Evasion Abilities Clause: Evasion abilities are banned
|rule|Sleep Moves Clause: Sleep-inducing moves are banned
|clearpoke
|poke|p1|Dragonite, M|
|poke|p1|Quaquaval, M|
|poke|p1|Clefable, M|
|poke|p1|Gliscor, M|
|poke|p1|Gholdengo|
|poke|p1|Zamazenta-*|
|poke|p2|Toxtricity, F|
|poke|p2|Corviknight, M|
|poke|p2|Keldeo-Resolute|
|poke|p2|Scream Tail|
|poke|p2|Regieleki|
|poke|p2|Cinderace, F|
|teampreview
|inactive|Battle timer is ON: inactive players will automatically lose when time's up. (requested by Samarian)
|
|t:|1779625037
|teamsize|p1|6
|teamsize|p2|6
|start
|switch|p1a: Clefable|Clefable, M|100/100
|switch|p2a: Toxtricity|Toxtricity, F|100/100
|turn|1
|
|t:|1779625042
|move|p2a: Toxtricity|Boomburst|p1a: Clefable
|-damage|p1a: Clefable|14/100
|move|p1a: Clefable|Knock Off|p2a: Toxtricity
|-damage|p2a: Toxtricity|71/100
|-enditem|p2a: Toxtricity|Choice Specs|[from] move: Knock Off|[of] p1a: Clefable
|
|upkeep
|turn|2
|
|t:|1779625048
|move|p2a: Toxtricity|Volt Switch|p1a: Clefable
|-damage|p1a: Clefable|0 fnt
|faint|p1a: Clefable
|
|t:|1779625052
|switch|p2a: Regieleki|Regieleki|100/100|[from] Volt Switch
|
|upkeep
|
|t:|1779625055
|switch|p1a: Gliscor|Gliscor, M|100/100
|turn|3
|
|t:|1779625072
|switch|p2a: Corviknight|Corviknight, M|100/100
|move|p1a: Gliscor|Swords Dance|p1a: Gliscor
|-boost|p1a: Gliscor|atk|2
|
|-status|p1a: Gliscor|tox|[from] item: Toxic Orb
|upkeep
|turn|4
|
|t:|1779625080
|move|p1a: Gliscor|Knock Off|p2a: Corviknight
|-damage|p2a: Corviknight|74/100
|-enditem|p2a: Corviknight|Heavy-Duty Boots|[from] move: Knock Off|[of] p1a: Gliscor
|move|p2a: Corviknight|U-turn|p1a: Gliscor
|-resisted|p1a: Gliscor
|-damage|p1a: Gliscor|95/100 tox
|
|t:|1779625082
|switch|p2a: Keldeo|Keldeo-Resolute|100/100|[from] U-turn
|
|-heal|p1a: Gliscor|100/100 tox|[from] ability: Poison Heal
|upkeep
|turn|5
|
|t:|1779625089
|move|p2a: Keldeo|Hydro Pump|p1a: Gliscor
|-supereffective|p1a: Gliscor
|-damage|p1a: Gliscor|3/100 tox
|move|p1a: Gliscor|Facade|p2a: Keldeo
|-damage|p2a: Keldeo|34/100
|
|-heal|p1a: Gliscor|15/100 tox|[from] ability: Poison Heal
|upkeep
|turn|6
|
|t:|1779625097
|move|p2a: Keldeo|Hydro Pump|p1a: Gliscor
|-supereffective|p1a: Gliscor
|-damage|p1a: Gliscor|0 fnt
|faint|p1a: Gliscor
|
|upkeep
|
|t:|1779625101
|switch|p1a: Quaquaval|Quaquaval, M|100/100
|turn|7
|
|t:|1779625105
|switch|p2a: Corviknight|Corviknight, M|74/100
|move|p1a: Quaquaval|Aqua Step|p2a: Corviknight
|-damage|p2a: Corviknight|49/100
|-boost|p1a: Quaquaval|spe|1
|
|upkeep
|turn|8
|
|t:|1779625112
|move|p1a: Quaquaval|Aqua Step|p2a: Corviknight
|-damage|p2a: Corviknight|23/100
|-boost|p1a: Quaquaval|spe|1
|move|p2a: Corviknight|Brave Bird|p1a: Quaquaval
|-supereffective|p1a: Quaquaval
|-damage|p1a: Quaquaval|23/100
|-damage|p2a: Corviknight|0 fnt|[from] Recoil
|faint|p2a: Corviknight
|
|upkeep
|
|t:|1779625119
|switch|p2a: Keldeo|Keldeo-Resolute|34/100
|turn|9
|
|t:|1779625131
|move|p2a: Keldeo|Vacuum Wave|p1a: Quaquaval
|-damage|p1a: Quaquaval|7/100
|move|p1a: Quaquaval|Close Combat|p2a: Keldeo
|-damage|p2a: Keldeo|0 fnt
|-unboost|p1a: Quaquaval|def|1
|-unboost|p1a: Quaquaval|spd|1
|faint|p2a: Keldeo
|-ability|p1a: Quaquaval|Moxie|boost
|-boost|p1a: Quaquaval|atk|1
|
|upkeep
|
|t:|1779625140
|switch|p2a: Cinderace|Cinderace, F|100/100
|turn|10
|
|t:|1779625144
|move|p2a: Cinderace|Sucker Punch|p1a: Quaquaval
|-start|p2a: Cinderace|typechange|Dark|[from] ability: Libero
|-resisted|p1a: Quaquaval
|-damage|p1a: Quaquaval|0 fnt
|faint|p1a: Quaquaval
|
|upkeep
|
|t:|1779625150
|switch|p1a: Dragonite|Dragonite, M|100/100
|turn|11
|
|t:|1779625159
|move|p2a: Cinderace|U-turn|p1a: Dragonite
|-resisted|p1a: Dragonite
|-damage|p1a: Dragonite|95/100
|
|t:|1779625161
|switch|p2a: Scream Tail|Scream Tail|100/100|[from] U-turn
|-enditem|p2a: Scream Tail|Booster Energy
|-activate|p2a: Scream Tail|ability: Protosynthesis|[fromitem]
|-start|p2a: Scream Tail|protosynthesisspd
|move|p1a: Dragonite|Dragon Dance|p1a: Dragonite
|-boost|p1a: Dragonite|atk|1
|-boost|p1a: Dragonite|spe|1
|
|upkeep
|turn|12
|
|t:|1779625170
|move|p1a: Dragonite|Earthquake|p2a: Scream Tail
|-damage|p2a: Scream Tail|55/100
|move|p2a: Scream Tail|Thunder Wave|p1a: Dragonite|[miss]
|-miss|p2a: Scream Tail|p1a: Dragonite
|
|upkeep
|turn|13
|
|t:|1779625175
|move|p1a: Dragonite|Earthquake|p2a: Scream Tail
|-damage|p2a: Scream Tail|10/100
|move|p2a: Scream Tail|Thunder Wave|p1a: Dragonite|[miss]
|-miss|p2a: Scream Tail|p1a: Dragonite
|
|upkeep
|turn|14
|
|t:|1779625180
|move|p1a: Dragonite|Earthquake|p2a: Scream Tail
|-damage|p2a: Scream Tail|0 fnt
|faint|p2a: Scream Tail
|-end|p2a: Scream Tail|Protosynthesis|[silent]
|
|upkeep
|
|t:|1779625183
|switch|p2a: Regieleki|Regieleki|100/100
|turn|15
|
|t:|1779625189
|-terastallize|p2a: Regieleki|Electric
|move|p2a: Regieleki|Volt Switch|p1a: Dragonite
|-damage|p1a: Dragonite|24/100
|-damage|p2a: Regieleki|91/100|[from] item: Life Orb
|
|t:|1779625192
|switch|p2a: Toxtricity|Toxtricity, F|71/100|[from] Volt Switch
|move|p1a: Dragonite|Earthquake|p2a: Toxtricity
|-supereffective|p2a: Toxtricity
|-damage|p2a: Toxtricity|0 fnt
|faint|p2a: Toxtricity
|
|upkeep
|
|t:|1779625198
|switch|p2a: Regieleki|Regieleki, tera:Electric|91/100
|turn|16
|
|t:|1779625202
|move|p2a: Regieleki|Thunderbolt|p1a: Dragonite
|-damage|p1a: Dragonite|0 fnt
|faint|p1a: Dragonite
|-damage|p2a: Regieleki|81/100|[from] item: Life Orb
|
|upkeep
|
|t:|1779625210
|switch|p1a: Gholdengo|Gholdengo|100/100
|turn|17
|
|t:|1779625218
|move|p2a: Regieleki|Volt Switch|p1a: Gholdengo
|-damage|p1a: Gholdengo|25/100
|-damage|p2a: Regieleki|71/100|[from] item: Life Orb
|
|t:|1779625221
|switch|p2a: Cinderace|Cinderace, F|100/100|[from] Volt Switch
|move|p1a: Gholdengo|Shadow Ball|p2a: Cinderace
|-damage|p2a: Cinderace|35/100
|
|upkeep
|turn|18
|
|t:|1779625228
|move|p2a: Cinderace|Sucker Punch|p1a: Gholdengo
|-start|p2a: Cinderace|typechange|Dark|[from] ability: Libero
|-supereffective|p1a: Gholdengo
|-damage|p1a: Gholdengo|0 fnt
|faint|p1a: Gholdengo
|
|upkeep
|
|t:|1779625233
|switch|p1a: Zamazenta|Zamazenta|100/100
|-ability|p1a: Zamazenta|Dauntless Shield|boost
|-boost|p1a: Zamazenta|def|1
|turn|19
|
|t:|1779625237
|move|p1a: Zamazenta|Iron Defense|p1a: Zamazenta
|-boost|p1a: Zamazenta|def|2
|move|p2a: Cinderace|Pyro Ball|p1a: Zamazenta
|-crit|p1a: Zamazenta
|-damage|p1a: Zamazenta|55/100
|
|-heal|p1a: Zamazenta|61/100|[from] item: Leftovers
|upkeep
|turn|20
|
|t:|1779625245
|move|p1a: Zamazenta|Body Press|p2a: Cinderace
|-supereffective|p2a: Cinderace
|-damage|p2a: Cinderace|0 fnt
|faint|p2a: Cinderace
|
|-heal|p1a: Zamazenta|68/100|[from] item: Leftovers
|upkeep
|
|t:|1779625247
|switch|p2a: Regieleki|Regieleki, tera:Electric|71/100
|turn|21
|
|t:|1779625253
|move|p2a: Regieleki|Thunderbolt|p1a: Zamazenta
|-damage|p1a: Zamazenta|0 fnt
|faint|p1a: Zamazenta
|-damage|p2a: Regieleki|61/100|[from] item: Life Orb
|
|win|yigyif
|raw|Samarian's rating: 1301 &rarr; <strong>1280</strong><br />(-21 for losing)
|raw|yigyif's rating: 1285 &rarr; <strong>1311</strong><br />(+26 for winning)
|c|☆yigyif|rightfully deserved crit
|c|☆yigyif|after missing 2 twaves
|c|☆Samarian|true
|c|☆Samarian|gg
|l|☆yigyif
|player|p2|
|l|☆Samarian
|player|p1|
