|j|☆jessies boyfriend
|j|☆adriancitokeloke
|t:|1779669157
|gametype|singles
|player|p1|jessies boyfriend|brock|1289
|player|p2|adriancitokeloke|cynthia-gen4|1321
|gen|9
|tier|[Gen 9] OU
|rated|
|rule|HP Percentage Mod: HP is shown in percentages
|rule|Endless Battle Clause: Forcing endless battles is banned
|rule|Species Clause: Limit one of each Pokémon
|rule|OHKO Clause: OHKO moves are banned
|rule|Evasion Items Clause: Evasion items are banned
|rule|Evasion Moves Clause: Evasion moves are banned
|rule|Evasion Abilities Clause: Evasion abilities are banned
|rule|Sleep Moves Clause: Sleep-inducing moves are banned
|clearpoke
|poke|p1|Houndstone, M|
|poke|p1|Gholdengo|
|poke|p1|Incineroar, F|
|poke|p1|Glimmora, M|
|poke|p1|Forretress, M|
|poke|p1|Scrafty, M|
|poke|p2|Hatterene, F|
|poke|p2|Farigiraf, F|
|poke|p2|Mimikyu, M|
|poke|p2|Slither Wing|
|poke|p2|Ursaluna, M|
|poke|p2|Torkoal, M|
|teampreview
|inactive|Battle timer is ON: inactive players will automatically lose when time's up. (requested by jessies boyfriend)
|
|t:|1779669165
|teamsize|p1|6
|teamsize|p2|6
|start
|switch|p1a: Glimmora|Glimmora, M|100/100
|switch|p2a: Hatterene|Hatterene, F|100/100
|-item|p1a: Glimmora|Air Balloon
|turn|1
|
|t:|1779669169
|-terastallize|p2a: Hatterene|Steel
|move|p1a: Glimmora|Mortal Spin|p2a: Hatterene
|-immune|p2a: Hatterene
|move|p2a: Hatterene|Psychic Noise|p1a: Glimmora
|-supereffective|p1a: Glimmora
|-damage|p1a: Glimmora|0 fnt
|-enditem|p1a: Glimmora|Air Balloon
|faint|p1a: Glimmora
|
|upkeep
|
|t:|1779669180
|switch|p1a: Incineroar|Incineroar, F|100/100
|-ability|p1a: Incineroar|Intimidate|boost
|-unboost|p2a: Hatterene|atk|1
|turn|2
|
|t:|1779669187
|move|p1a: Incineroar|Flame Charge|p2a: Hatterene
|-supereffective|p2a: Hatterene
|-damage|p2a: Hatterene|45/100
|-boost|p1a: Incineroar|spe|1
|move|p2a: Hatterene|Trick Room|p2a: Hatterene
|-fieldstart|move: Trick Room|[of] p2a: Hatterene
|
|upkeep
|turn|3
|
|t:|1779669204
|switch|p2a: Torkoal|Torkoal, M, shiny|100/100
|-weather|SunnyDay|[from] ability: Drought|[of] p2a: Torkoal
|move|p1a: Incineroar|Knock Off|p2a: Torkoal
|-damage|p2a: Torkoal|63/100
|-enditem|p2a: Torkoal|Choice Specs|[from] move: Knock Off|[of] p1a: Incineroar
|
|-weather|SunnyDay|[upkeep]
|upkeep
|turn|4
|
|t:|1779669215
|move|p2a: Torkoal|Earth Power|p1a: Incineroar
|-supereffective|p1a: Incineroar
|-damage|p1a: Incineroar|64/100
|move|p1a: Incineroar|Drain Punch|p2a: Torkoal
|-damage|p2a: Torkoal|45/100
|-heal|p1a: Incineroar|73/100|[from] drain|[of] p2a: Torkoal
|
|-weather|SunnyDay|[upkeep]
|upkeep
|turn|5
|
|t:|1779669224
|move|p2a: Torkoal|Earth Power|p1a: Incineroar
|-supereffective|p1a: Incineroar
|-damage|p1a: Incineroar|40/100
|move|p1a: Incineroar|Drain Punch|p2a: Torkoal
|-damage|p2a: Torkoal|27/100
|-heal|p1a: Incineroar|49/100|[from] drain|[of] p2a: Torkoal
|
|-weather|SunnyDay|[upkeep]
|upkeep
|turn|6
|
|t:|1779669235
|switch|p2a: Slither Wing|Slither Wing|100/100
|-activate|p2a: Slither Wing|ability: Protosynthesis
|-start|p2a: Slither Wing|protosynthesisatk
|move|p1a: Incineroar|Drain Punch|p2a: Slither Wing
|-resisted|p2a: Slither Wing
|-damage|p2a: Slither Wing|88/100
|-heal|p1a: Incineroar|55/100|[from] drain|[of] p2a: Slither Wing
|
|-weather|SunnyDay|[upkeep]
|-fieldend|move: Trick Room
|upkeep
|turn|7
|
|t:|1779669244
|move|p2a: Slither Wing|First Impression|p1a: Incineroar
|-damage|p1a: Incineroar|0 fnt
|faint|p1a: Incineroar
|
|-weather|none
|-end|p2a: Slither Wing|Protosynthesis
|upkeep
|
|t:|1779669248
|switch|p1a: Forretress|Forretress, M|100/100
|turn|8
|
|t:|1779669260
|-end|p2a: Slither Wing|Protosynthesis|[silent]
|switch|p2a: Hatterene|Hatterene, F, tera:Steel|45/100
|switch|p1a: Scrafty|Scrafty, M, shiny|100/100
|-ability|p1a: Scrafty|Intimidate|boost
|-unboost|p2a: Hatterene|atk|1
|
|upkeep
|turn|9
|
|t:|1779669264
|move|p1a: Scrafty|Drain Punch|p2a: Hatterene
|-supereffective|p2a: Hatterene
|-damage|p2a: Hatterene|0 fnt
|faint|p2a: Hatterene
|
|upkeep
|
|t:|1779669274
|switch|p2a: Mimikyu|Mimikyu, M|100/100
|turn|10
|
|t:|1779669278
|move|p1a: Scrafty|Knock Off|p2a: Mimikyu
|-activate|p2a: Mimikyu|ability: Disguise
|-damage|p2a: Mimikyu|100/100
|-enditem|p2a: Mimikyu|Life Orb|[from] move: Knock Off|[of] p1a: Scrafty
|detailschange|p2a: Mimikyu|Mimikyu-Busted, M
|-damage|p2a: Mimikyu|88/100|[from] pokemon: Mimikyu-Busted
|move|p2a: Mimikyu|Trick Room|p2a: Mimikyu
|-fieldstart|move: Trick Room|[of] p2a: Mimikyu
|
|upkeep
|turn|11
|
|t:|1779669292
|switch|p1a: Forretress|Forretress, M|100/100
|move|p2a: Mimikyu|Play Rough|p1a: Forretress
|-resisted|p1a: Forretress
|-damage|p1a: Forretress|90/100
|
|upkeep
|turn|12
|
|t:|1779669298
|switch|p2a: Torkoal|Torkoal, M, shiny|27/100
|-weather|SunnyDay|[from] ability: Drought|[of] p2a: Torkoal
|move|p1a: Forretress|Stealth Rock|p2a: Torkoal
|-sidestart|p2: adriancitokeloke|move: Stealth Rock
|
|-weather|SunnyDay|[upkeep]
|upkeep
|turn|13
|
|t:|1779669308
|switch|p1a: Houndstone|Houndstone, M|100/100
|move|p2a: Torkoal|Flamethrower|p1a: Houndstone
|-damage|p1a: Houndstone|14/100
|
|-weather|SunnyDay|[upkeep]
|-heal|p1a: Houndstone|20/100|[from] item: Leftovers
|upkeep
|turn|14
|
|t:|1779669314
|move|p1a: Houndstone|Protect|p1a: Houndstone
|-singleturn|p1a: Houndstone|Protect
|move|p2a: Torkoal|Flamethrower|p1a: Houndstone
|-activate|p1a: Houndstone|move: Protect
|
|-weather|SunnyDay|[upkeep]
|-heal|p1a: Houndstone|26/100|[from] item: Leftovers
|-fieldend|move: Trick Room
|upkeep
|turn|15
|
|t:|1779669326
|switch|p2a: Slither Wing|Slither Wing|88/100
|-damage|p2a: Slither Wing|76/100|[from] Stealth Rock
|-activate|p2a: Slither Wing|ability: Protosynthesis
|-start|p2a: Slither Wing|protosynthesisatk
|move|p1a: Houndstone|Roar|p2a: Slither Wing
|-end|p2a: Slither Wing|Protosynthesis|[silent]
|drag|p2a: Torkoal|Torkoal, M, shiny|27/100
|-damage|p2a: Torkoal|2/100|[from] Stealth Rock
|
|-weather|SunnyDay|[upkeep]
|-heal|p1a: Houndstone|32/100|[from] item: Leftovers
|upkeep
|turn|16
|
|t:|1779669344
|move|p2a: Torkoal|Eruption|p1a: Houndstone
|-damage|p1a: Houndstone|30/100
|move|p1a: Houndstone|Roar|p2a: Torkoal
|drag|p2a: Ursaluna|Ursaluna, M|100/100
|-damage|p2a: Ursaluna|94/100|[from] Stealth Rock
|
|-weather|none
|-heal|p1a: Houndstone|36/100|[from] item: Leftovers
|-status|p2a: Ursaluna|brn|[from] item: Flame Orb
|upkeep
|turn|17
|
|t:|1779669354
|move|p2a: Ursaluna|Protect|p2a: Ursaluna
|-singleturn|p2a: Ursaluna|Protect
|move|p1a: Houndstone|Pain Split|p2a: Ursaluna
|-activate|p2a: Ursaluna|move: Protect
|
|-heal|p1a: Houndstone|42/100|[from] item: Leftovers
|-damage|p2a: Ursaluna|88/100 brn|[from] brn
|upkeep
|turn|18
|
|t:|1779669364
|switch|p2a: Torkoal|Torkoal, M, shiny|2/100
|-damage|p2a: Torkoal|0 fnt|[from] Stealth Rock
|faint|p2a: Torkoal
|move|p1a: Houndstone|Pain Split|p2: Torkoal|[notarget]
|-fail|p1a: Houndstone
|
|-heal|p1a: Houndstone|48/100|[from] item: Leftovers
|upkeep
|
|t:|1779669365
|switch|p2a: Mimikyu|Mimikyu-Busted, M|88/100
|-damage|p2a: Mimikyu|76/100|[from] Stealth Rock
|turn|19
|
|t:|1779669371
|move|p1a: Houndstone|Pain Split|p2a: Mimikyu
|-sethp|p2a: Mimikyu|65/100|[from] move: Pain Split|[silent]
|-sethp|p1a: Houndstone|58/100|[from] move: Pain Split
|move|p2a: Mimikyu|Trick Room|p2a: Mimikyu
|-fieldstart|move: Trick Room|[of] p2a: Mimikyu
|
|-heal|p1a: Houndstone|64/100|[from] item: Leftovers
|upkeep
|turn|20
|
|t:|1779669377
|move|p1a: Houndstone|Protect|p1a: Houndstone
|-singleturn|p1a: Houndstone|Protect
|move|p2a: Mimikyu|Shadow Sneak|p1a: Houndstone
|-activate|p1a: Houndstone|move: Protect
|
|-heal|p1a: Houndstone|70/100|[from] item: Leftovers
|upkeep
|turn|21
|
|t:|1779669388
|switch|p2a: Ursaluna|Ursaluna, M|88/100 brn
|-damage|p2a: Ursaluna|82/100 brn|[from] Stealth Rock
|move|p1a: Houndstone|Phantom Force||[still]
|-prepare|p1a: Houndstone|Phantom Force
|
|-heal|p1a: Houndstone|76/100|[from] item: Leftovers
|-damage|p2a: Ursaluna|76/100 brn|[from] brn
|upkeep
|turn|22
|
|t:|1779669395
|switch|p2a: Mimikyu|Mimikyu-Busted, M|65/100
|-damage|p2a: Mimikyu|52/100|[from] Stealth Rock
|move|p1a: Houndstone|Phantom Force|p2a: Mimikyu|[from] lockedmove
|-supereffective|p2a: Mimikyu
|-damage|p2a: Mimikyu|0 fnt
|faint|p2a: Mimikyu
|
|-heal|p1a: Houndstone|82/100|[from] item: Leftovers
|upkeep
|
|t:|1779669404
|switch|p2a: Farigiraf|Farigiraf, F|100/100
|-damage|p2a: Farigiraf|88/100|[from] Stealth Rock
|turn|23
|
|t:|1779669409
|move|p2a: Farigiraf|Nasty Plot|p2a: Farigiraf
|-boost|p2a: Farigiraf|spa|2
|move|p1a: Houndstone|Roar|p2a: Farigiraf
|drag|p2a: Ursaluna|Ursaluna, M|76/100 brn
|-damage|p2a: Ursaluna|70/100 brn|[from] Stealth Rock
|
|-heal|p1a: Houndstone|88/100|[from] item: Leftovers
|-damage|p2a: Ursaluna|63/100 brn|[from] brn
|-fieldend|move: Trick Room
|upkeep
|turn|24
|
|t:|1779669416
|move|p2a: Ursaluna|Headlong Rush|p1a: Houndstone
|-damage|p1a: Houndstone|32/100
|-unboost|p2a: Ursaluna|def|1
|-unboost|p2a: Ursaluna|spd|1
|move|p1a: Houndstone|Roar|p2a: Ursaluna
|drag|p2a: Slither Wing|Slither Wing|76/100
|-damage|p2a: Slither Wing|63/100|[from] Stealth Rock
|
|-heal|p1a: Houndstone|39/100|[from] item: Leftovers
|upkeep
|turn|25
|
|t:|1779669421
|move|p1a: Houndstone|Protect|p1a: Houndstone
|-singleturn|p1a: Houndstone|Protect
|move|p2a: Slither Wing|U-turn|p1a: Houndstone
|-activate|p1a: Houndstone|move: Protect
|
|-heal|p1a: Houndstone|45/100|[from] item: Leftovers
|upkeep
|turn|26
|
|t:|1779669427
|move|p1a: Houndstone|Pain Split|p2a: Slither Wing
|-sethp|p2a: Slither Wing|54/100|[from] move: Pain Split|[silent]
|-sethp|p1a: Houndstone|53/100|[from] move: Pain Split
|move|p2a: Slither Wing|U-turn|p1a: Houndstone
|-resisted|p1a: Houndstone
|-damage|p1a: Houndstone|39/100
|
|t:|1779669433
|-end|p2a: Slither Wing|Protosynthesis|[silent]
|switch|p2a: Farigiraf|Farigiraf, F|88/100|[from] U-turn
|-damage|p2a: Farigiraf|75/100|[from] Stealth Rock
|
|-heal|p1a: Houndstone|45/100|[from] item: Leftovers
|upkeep
|turn|27
|
|t:|1779669436
|move|p1a: Houndstone|Pain Split|p2a: Farigiraf
|-sethp|p2a: Farigiraf|55/100|[from] move: Pain Split|[silent]
|-sethp|p1a: Houndstone|70/100|[from] move: Pain Split
|move|p2a: Farigiraf|Shadow Ball|p1a: Houndstone
|-supereffective|p1a: Houndstone
|-crit|p1a: Houndstone
|-damage|p1a: Houndstone|10/100
|
|-heal|p1a: Houndstone|16/100|[from] item: Leftovers
|upkeep
|turn|28
|
|t:|1779669449
|move|p1a: Houndstone|Pain Split|p2a: Farigiraf
|-sethp|p2a: Farigiraf|34/100|[from] move: Pain Split|[silent]
|-sethp|p1a: Houndstone|43/100|[from] move: Pain Split
|move|p2a: Farigiraf|Trick Room|p2a: Farigiraf
|-fieldstart|move: Trick Room|[of] p2a: Farigiraf
|
|-heal|p1a: Houndstone|49/100|[from] item: Leftovers
|upkeep
|turn|29
|
|t:|1779669454
|move|p1a: Houndstone|Protect|p1a: Houndstone
|-singleturn|p1a: Houndstone|Protect
|move|p2a: Farigiraf|Shadow Ball|p1a: Houndstone
|-activate|p1a: Houndstone|move: Protect
|
|-heal|p1a: Houndstone|55/100|[from] item: Leftovers
|upkeep
|turn|30
|
|t:|1779669457
|move|p2a: Farigiraf|Shadow Ball|p1a: Houndstone
|-supereffective|p1a: Houndstone
|-damage|p1a: Houndstone|14/100
|move|p1a: Houndstone|Roar|p2a: Farigiraf
|drag|p2a: Ursaluna|Ursaluna, M|63/100 brn
|-damage|p2a: Ursaluna|57/100 brn|[from] Stealth Rock
|
|-heal|p1a: Houndstone|20/100|[from] item: Leftovers
|-damage|p2a: Ursaluna|51/100 brn|[from] brn
|upkeep
|turn|31
|
|t:|1779669463
|move|p2a: Ursaluna|Headlong Rush|p1a: Houndstone
|-crit|p1a: Houndstone
|-damage|p1a: Houndstone|0 fnt
|-unboost|p2a: Ursaluna|def|1
|-unboost|p2a: Ursaluna|spd|1
|faint|p1a: Houndstone
|
|-damage|p2a: Ursaluna|45/100 brn|[from] brn
|upkeep
|
|t:|1779669466
|switch|p1a: Forretress|Forretress, M|90/100
|turn|32
|
|t:|1779669470
|move|p2a: Ursaluna|Fire Punch|p1a: Forretress
|-supereffective|p1a: Forretress
|-damage|p1a: Forretress|0 fnt
|faint|p1a: Forretress
|
|-damage|p2a: Ursaluna|39/100 brn|[from] brn
|-fieldend|move: Trick Room
|upkeep
|
|t:|1779669477
|switch|p1a: Scrafty|Scrafty, M, shiny|100/100
|-ability|p1a: Scrafty|Intimidate|boost
|-unboost|p2a: Ursaluna|atk|1
|turn|33
|
|t:|1779669482
|switch|p2a: Slither Wing|Slither Wing|54/100
|-damage|p2a: Slither Wing|42/100|[from] Stealth Rock
|move|p1a: Scrafty|Drain Punch|p2a: Slither Wing
|-resisted|p2a: Slither Wing
|-damage|p2a: Slither Wing|28/100
|
|upkeep
|turn|34
|
|t:|1779669487
|switch|p1a: Gholdengo|Gholdengo|100/100
|move|p2a: Slither Wing|First Impression|p1a: Gholdengo
|-resisted|p1a: Gholdengo
|-damage|p1a: Gholdengo|86/100
|-enditem|p1a: Gholdengo|Red Card|[of] p2a: Slither Wing
|-end|p2a: Slither Wing|Protosynthesis|[silent]
|drag|p2a: Ursaluna|Ursaluna, M|39/100 brn
|-damage|p2a: Ursaluna|32/100 brn|[from] Stealth Rock
|
|-damage|p2a: Ursaluna|26/100 brn|[from] brn
|upkeep
|turn|35
|
|t:|1779669491
|move|p2a: Ursaluna|Protect|p2a: Ursaluna
|-singleturn|p2a: Ursaluna|Protect
|move|p1a: Gholdengo|Make It Rain|p2a: Ursaluna
|-activate|p2a: Ursaluna|move: Protect
|
|-damage|p2a: Ursaluna|20/100 brn|[from] brn
|upkeep
|turn|36
|
|t:|1779669500
|move|p1a: Gholdengo|Make It Rain|p2a: Ursaluna
|-damage|p2a: Ursaluna|0 fnt
|-unboost|p1a: Gholdengo|spa|1
|faint|p2a: Ursaluna
|
|upkeep
|
|t:|1779669502
|switch|p2a: Farigiraf|Farigiraf, F|34/100
|-damage|p2a: Farigiraf|22/100|[from] Stealth Rock
|turn|37
|
|t:|1779669505
|move|p1a: Gholdengo|Make It Rain|p2a: Farigiraf
|-damage|p2a: Farigiraf|0 fnt
|-unboost|p1a: Gholdengo|spa|1
|faint|p2a: Farigiraf
|
|upkeep
|
|t:|1779669508
|switch|p2a: Slither Wing|Slither Wing|28/100
|-damage|p2a: Slither Wing|16/100|[from] Stealth Rock
|turn|38
|l|☆adriancitokeloke
|inactive|adriancitokeloke disconnected and has a minute to reconnect!
|player|p2|
|j|☆adriancitokeloke
|inactive|adriancitokeloke reconnected and has 125 seconds left.
|player|p2|adriancitokeloke|cynthia-gen4|
|inactive|adriancitokeloke has 120 seconds left.
|inactive|adriancitokeloke has 90 seconds left.
|inactive|adriancitokeloke has 60 seconds left.
|inactive|adriancitokeloke has 30 seconds left.
|inactive|adriancitokeloke has 20 seconds left.
|inactive|adriancitokeloke has 15 seconds left.
|inactive|adriancitokeloke has 10 seconds left.
|inactive|adriancitokeloke has 5 seconds left.
|-message|adriancitokeloke lost due to inactivity.
|
|win|jessies boyfriend
|raw|jessies boyfriend's rating: 1289 &rarr; <strong>1316</strong><br />(+27 for winning)
|raw|adriancitokeloke's rating: 1321 &rarr; <strong>1299</strong><br />(-22 for losing)
|l|☆jessies boyfriend
|player|p1|
|l|☆adriancitokeloke
|player|p2|
