|j|☆TWENNY7
|j|☆WizardSpices
|t:|1779655463
|gametype|singles
|player|p1|TWENNY7|hau-stance|1391
|player|p2|WizardSpices|brycenman|1353
|gen|9
|tier|[Gen 9] OU
|rated|
|rule|HP Percentage Mod: HP is shown in percentages
|rule|Endless Battle Clause: Forcing endless battles is banned
|rule|Species Clause: Limit one of each Pokémon
|rule|OHKO Clause: OHKO moves are banned
|rule|Evasion Items Clause: Evasion items are banned
|rule|Evasion Moves Clause: Evasion moves are banned
|rule|Evasion Abilities Clause: Evasion abilities are banned
|rule|Sleep Moves Clause: Sleep-inducing moves are banned
|clearpoke
|poke|p1|Iron Valiant|
|poke|p1|Tyranitar, M|
|poke|p1|Zapdos|
|poke|p1|Darkrai|
|poke|p1|Okidogi, M|
|poke|p1|Garchomp, F|
|poke|p2|Pecharunt|
|poke|p2|Alomomola, M|
|poke|p2|Slowking-Galar, F|
|poke|p2|Weavile, F|
|poke|p2|Moltres|
|poke|p2|Tsareena, F|
|teampreview
|
|t:|1779655480
|teamsize|p1|6
|teamsize|p2|6
|start
|switch|p1a: CODE:red|Tyranitar, M, shiny|100/100
|switch|p2a: Tsareena|Tsareena, F, shiny|100/100
|-weather|Sandstorm|[from] ability: Sand Stream|[of] p1a: CODE:red
|turn|1
|
|t:|1779655489
|-terastallize|p1a: CODE:red|Ghost
|move|p2a: Tsareena|Low Kick|p1a: CODE:red
|-immune|p1a: CODE:red
|move|p1a: CODE:red|Stealth Rock|p2a: Tsareena
|-sidestart|p2: WizardSpices|move: Stealth Rock
|
|-weather|Sandstorm|[upkeep]
|-damage|p2a: Tsareena|95/100|[from] Sandstorm
|-damage|p1a: CODE:red|94/100|[from] Sandstorm
|upkeep
|turn|2
|
|t:|1779655497
|switch|p2a: Alomomola|Alomomola, M|100/100
|move|p1a: CODE:red|Knock Off|p2a: Alomomola
|-damage|p2a: Alomomola|78/100
|-enditem|p2a: Alomomola|Heavy-Duty Boots|[from] move: Knock Off|[of] p1a: CODE:red
|
|-weather|Sandstorm|[upkeep]
|-damage|p1a: CODE:red|88/100|[from] Sandstorm
|-damage|p2a: Alomomola|72/100|[from] Sandstorm
|upkeep
|turn|3
|
|t:|1779655500
|move|p2a: Alomomola|Wish|p2a: Alomomola
|move|p1a: CODE:red|Roar|p2a: Alomomola
|drag|p2a: Moltres|Moltres, shiny|100/100
|-ability|p2a: Moltres|Pressure
|
|-weather|Sandstorm|[upkeep]
|-damage|p2a: Moltres|94/100|[from] Sandstorm
|-damage|p1a: CODE:red|82/100|[from] Sandstorm
|upkeep
|turn|4
|inactive|Battle timer is ON: inactive players will automatically lose when time's up. (requested by TWENNY7)
|
|t:|1779655504
|move|p2a: Moltres|U-turn|p1a: CODE:red
|-resisted|p1a: CODE:red
|-damage|p1a: CODE:red|75/100
|-enditem|p1a: CODE:red|Red Card|[of] p2a: Moltres
|drag|p2a: Alomomola|Alomomola, M|100/100
|-damage|p2a: Alomomola|88/100|[from] Stealth Rock
|move|p1a: CODE:red|Knock Off|p2a: Alomomola
|-damage|p2a: Alomomola|73/100
|
|-weather|Sandstorm|[upkeep]
|-damage|p1a: CODE:red|69/100|[from] Sandstorm
|-damage|p2a: Alomomola|67/100|[from] Sandstorm
|-heal|p2a: Alomomola|100/100|[from] move: Wish|[wisher] Alomomola
|upkeep
|turn|5
|
|t:|1779655511
|move|p2a: Alomomola|Scald|p1a: CODE:red
|-damage|p1a: CODE:red|60/100
|move|p1a: CODE:red|Roar|p2a: Alomomola
|drag|p2a: Slowking|Slowking-Galar, F|100/100
|
|-weather|none
|upkeep
|turn|6
|
|t:|1779655517
|switch|p1a: SHOXY|Zapdos|100/100
|switch|p2a: Alomomola|Alomomola, M|100/100
|-damage|p2a: Alomomola|88/100|[from] Stealth Rock
|
|upkeep
|turn|7
|
|t:|1779655522
|switch|p2a: Slowking|Slowking-Galar, F|100/100
|move|p1a: SHOXY|Discharge|p2a: Slowking
|-damage|p2a: Slowking|61/100
|
|upkeep
|turn|8
|
|t:|1779655528
|switch|p1a: CODE:red|Tyranitar, M, shiny, tera:Ghost|60/100
|-weather|Sandstorm|[from] ability: Sand Stream|[of] p1a: CODE:red
|move|p2a: Slowking|Future Sight|p1a: CODE:red
|-start|p2a: Slowking|move: Future Sight
|
|-weather|Sandstorm|[upkeep]
|-damage|p1a: CODE:red|54/100|[from] Sandstorm
|-damage|p2a: Slowking|54/100|[from] Sandstorm
|upkeep
|turn|9
|
|t:|1779655538
|switch|p2a: Tsareena|Tsareena, F, shiny|95/100
|-damage|p2a: Tsareena|82/100|[from] Stealth Rock
|move|p1a: CODE:red|Roar|p2a: Tsareena
|drag|p2a: Alomomola|Alomomola, M|100/100
|-damage|p2a: Alomomola|88/100|[from] Stealth Rock
|
|-weather|Sandstorm|[upkeep]
|-damage|p1a: CODE:red|48/100|[from] Sandstorm
|-damage|p2a: Alomomola|82/100|[from] Sandstorm
|upkeep
|turn|10
|
|t:|1779655544
|move|p2a: Alomomola|Flip Turn|p1a: CODE:red
|-damage|p1a: CODE:red|35/100
|
|t:|1779655548
|switch|p2a: Tsareena|Tsareena, F, shiny|82/100|[from] Flip Turn
|-damage|p2a: Tsareena|70/100|[from] Stealth Rock
|move|p1a: CODE:red|Roar|p2a: Tsareena
|drag|p2a: Pecharunt|Pecharunt|100/100
|-damage|p2a: Pecharunt|88/100|[from] Stealth Rock
|
|-weather|Sandstorm|[upkeep]
|-damage|p2a: Pecharunt|82/100|[from] Sandstorm
|-damage|p1a: CODE:red|29/100|[from] Sandstorm
|-end|p1a: CODE:red|move: Future Sight
|-damage|p1a: CODE:red|1/100
|upkeep
|turn|11
|
|t:|1779655553
|move|p2a: Pecharunt|Hex|p1a: CODE:red
|-supereffective|p1a: CODE:red
|-damage|p1a: CODE:red|0 fnt
|faint|p1a: CODE:red
|
|-weather|Sandstorm|[upkeep]
|-damage|p2a: Pecharunt|76/100|[from] Sandstorm
|upkeep
|
|t:|1779655557
|switch|p1a: Zzz|Darkrai|100/100
|turn|12
|
|t:|1779655563
|switch|p2a: Moltres|Moltres, shiny|94/100
|-ability|p2a: Moltres|Pressure
|move|p1a: Zzz|Trick|p2a: Moltres
|-activate|p1a: Zzz|move: Trick|[of] p2a: Moltres
|-item|p2a: Moltres|Choice Scarf|[from] move: Trick
|-item|p1a: Zzz|Heavy-Duty Boots|[from] move: Trick
|
|-weather|none
|upkeep
|turn|13
|
|t:|1779655570
|move|p1a: Zzz|Dark Pulse|p2a: Moltres
|-damage|p2a: Moltres|48/100
|move|p2a: Moltres|Flamethrower|p1a: Zzz
|-damage|p1a: Zzz|51/100
|
|upkeep
|turn|14
|
|t:|1779655579
|move|p1a: Zzz|Dark Pulse|p2a: Moltres
|-damage|p2a: Moltres|4/100
|move|p2a: Moltres|Flamethrower|p1a: Zzz
|-damage|p1a: Zzz|3/100
|
|upkeep
|turn|15
|
|t:|1779655587
|move|p1a: Zzz|Dark Pulse|p2a: Moltres
|-damage|p2a: Moltres|0 fnt
|faint|p2a: Moltres
|
|upkeep
|
|t:|1779655593
|switch|p2a: Tsareena|Tsareena, F, shiny|70/100
|-damage|p2a: Tsareena|58/100|[from] Stealth Rock
|turn|16
|
|t:|1779655597
|move|p2a: Tsareena|Rapid Spin|p1a: Zzz
|-damage|p1a: Zzz|0 fnt
|-boost|p2a: Tsareena|spe|1
|-sideend|p2: WizardSpices|Stealth Rock|[from] move: Rapid Spin|[of] p2a: Tsareena
|faint|p1a: Zzz
|
|upkeep
|
|t:|1779655603
|switch|p1a: CASPER|Okidogi, M|100/100
|turn|17
|
|t:|1779655607
|switch|p2a: Pecharunt|Pecharunt|76/100
|switch|p1a: SHOXY|Zapdos|100/100
|
|upkeep
|turn|18
|
|t:|1779655610
|move|p1a: SHOXY|Discharge|p2a: Pecharunt
|-damage|p2a: Pecharunt|9/100
|move|p2a: Pecharunt|Parting Shot|p1a: SHOXY
|-unboost|p1a: SHOXY|atk|1
|-unboost|p1a: SHOXY|spa|1
|
|t:|1779655615
|switch|p2a: Weavile|Weavile, F, shiny|100/100|[from] Parting Shot
|-ability|p2a: Weavile|Pressure
|
|upkeep
|turn|19
|
|t:|1779655619
|switch|p1a: CASPER|Okidogi, M|100/100
|move|p2a: Weavile|Substitute|p2a: Weavile
|-start|p2a: Weavile|Substitute
|-damage|p2a: Weavile|76/100
|
|-heal|p2a: Weavile|82/100|[from] item: Leftovers
|upkeep
|turn|20
|
|t:|1779655631
|move|p2a: Weavile|Protect|p2a: Weavile
|-singleturn|p2a: Weavile|Protect
|move|p1a: CASPER|Bulk Up|p1a: CASPER
|-boost|p1a: CASPER|atk|1
|-boost|p1a: CASPER|def|1
|
|-heal|p2a: Weavile|88/100|[from] item: Leftovers
|upkeep
|turn|21
|
|t:|1779655636
|move|p2a: Weavile|Knock Off|p1a: CASPER
|-resisted|p1a: CASPER
|-damage|p1a: CASPER|87/100
|-enditem|p1a: CASPER|Leftovers|[from] move: Knock Off|[of] p2a: Weavile
|move|p1a: CASPER|Drain Punch|p2a: Weavile
|-supereffective|p2a: Weavile
|-end|p2a: Weavile|Substitute
|-heal|p1a: CASPER|97/100|[from] drain|[of] p2a: Weavile
|
|-heal|p2a: Weavile|94/100|[from] item: Leftovers
|upkeep
|turn|22
|
|t:|1779655640
|switch|p2a: Pecharunt|Pecharunt|9/100
|move|p1a: CASPER|Knock Off|p2a: Pecharunt
|-supereffective|p2a: Pecharunt
|-damage|p2a: Pecharunt|0 fnt
|-damage|p1a: CASPER|80/100|[from] item: Rocky Helmet|[of] p2a: Pecharunt
|-enditem|p2a: Pecharunt|Rocky Helmet|[from] move: Knock Off|[of] p1a: CASPER
|faint|p2a: Pecharunt
|
|upkeep
|
|t:|1779655664
|switch|p2a: Alomomola|Alomomola, M|100/100
|turn|23
|
|t:|1779655667
|move|p1a: CASPER|Bulk Up|p1a: CASPER
|-boost|p1a: CASPER|atk|1
|-boost|p1a: CASPER|def|1
|move|p2a: Alomomola|Scald|p1a: CASPER
|-damage|p1a: CASPER|70/100
|
|upkeep
|turn|24
|
|t:|1779655670
|move|p1a: CASPER|Drain Punch|p2a: Alomomola
|-damage|p2a: Alomomola|66/100
|-heal|p1a: CASPER|95/100|[from] drain|[of] p2a: Alomomola
|move|p2a: Alomomola|Scald|p1a: CASPER
|-damage|p1a: CASPER|84/100
|-status|p1a: CASPER|brn
|
|-damage|p1a: CASPER|78/100 brn|[from] brn
|upkeep
|turn|25
|
|t:|1779655678
|switch|p1a: SHOXY|Zapdos|100/100
|move|p2a: Alomomola|Flip Turn|p1a: SHOXY
|-damage|p1a: SHOXY|80/100
|
|t:|1779655681
|switch|p2a: Slowking|Slowking-Galar, F|88/100|[from] Flip Turn
|
|upkeep
|turn|26
|
|t:|1779655684
|move|p1a: SHOXY|Hurricane|p2a: Slowking
|-damage|p2a: Slowking|34/100
|move|p2a: Slowking|Future Sight|p1a: SHOXY
|-start|p2a: Slowking|move: Future Sight
|
|upkeep
|turn|27
|
|t:|1779655689
|switch|p2a: Weavile|Weavile, F, shiny|94/100
|-ability|p2a: Weavile|Pressure
|move|p1a: SHOXY|Hurricane|p2a: Weavile|[miss]
|-miss|p1a: SHOXY|p2a: Weavile
|
|-heal|p2a: Weavile|99/100|[from] item: Leftovers
|upkeep
|turn|28
|
|t:|1779655692
|switch|p1a: CASPER|Okidogi, M|78/100 brn
|move|p2a: Weavile|Swords Dance|p2a: Weavile
|-boost|p2a: Weavile|atk|2
|
|-end|p1a: CASPER|move: Future Sight
|-supereffective|p1a: CASPER
|-crit|p1a: CASPER
|-damage|p1a: CASPER|0 fnt
|faint|p1a: CASPER
|-heal|p2a: Weavile|100/100|[from] item: Leftovers
|upkeep
|
|t:|1779655699
|switch|p1a: RUNE 2H|Iron Valiant|100/100
|-enditem|p1a: RUNE 2H|Booster Energy
|-activate|p1a: RUNE 2H|ability: Quark Drive|[fromitem]
|-start|p1a: RUNE 2H|quarkdrivespe
|turn|29
|
|t:|1779655703
|move|p2a: Weavile|Protect|p2a: Weavile
|-singleturn|p2a: Weavile|Protect
|move|p1a: RUNE 2H|Swords Dance|p1a: RUNE 2H
|-boost|p1a: RUNE 2H|atk|2
|
|upkeep
|turn|30
|
|t:|1779655709
|move|p1a: RUNE 2H|Close Combat|p2a: Weavile
|-supereffective|p2a: Weavile
|-damage|p2a: Weavile|0 fnt
|-unboost|p1a: RUNE 2H|def|1
|-unboost|p1a: RUNE 2H|spd|1
|faint|p2a: Weavile
|
|upkeep
|
|t:|1779655713
|switch|p2a: Alomomola|Alomomola, M|99/100
|turn|31
|
|t:|1779655718
|move|p1a: RUNE 2H|Close Combat|p2a: Alomomola
|-damage|p2a: Alomomola|24/100
|-unboost|p1a: RUNE 2H|def|1
|-unboost|p1a: RUNE 2H|spd|1
|move|p2a: Alomomola|Scald|p1a: RUNE 2H
|-damage|p1a: RUNE 2H|49/100
|
|upkeep
|turn|32
|
|t:|1779655728
|switch|p2a: Slowking|Slowking-Galar, F|68/100
|move|p1a: RUNE 2H|Knock Off|p2a: Slowking
|-supereffective|p2a: Slowking
|-damage|p2a: Slowking|0 fnt
|-enditem|p2a: Slowking|Heavy-Duty Boots|[from] move: Knock Off|[of] p1a: RUNE 2H
|faint|p2a: Slowking
|
|upkeep
|
|t:|1779655731
|switch|p2a: Alomomola|Alomomola, M|57/100
|turn|33
|
|t:|1779655735
|move|p1a: RUNE 2H|Close Combat|p2a: Alomomola
|-damage|p2a: Alomomola|0 fnt
|-unboost|p1a: RUNE 2H|def|1
|-unboost|p1a: RUNE 2H|spd|1
|faint|p2a: Alomomola
|
|upkeep
|
|t:|1779655737
|switch|p2a: Tsareena|Tsareena, F, shiny|58/100
|turn|34
|
|t:|1779655741
|move|p1a: RUNE 2H|Close Combat|p2a: Tsareena
|-damage|p2a: Tsareena|0 fnt
|-unboost|p1a: RUNE 2H|def|1
|-unboost|p1a: RUNE 2H|spd|1
|faint|p2a: Tsareena
|
|win|TWENNY7
|raw|TWENNY7's rating: 1391 &rarr; <strong>1409</strong><br />(+18 for winning)
|raw|WizardSpices's rating: 1353 &rarr; <strong>1335</strong><br />(-18 for losing)
|l|☆WizardSpices
|player|p2|
|l|☆TWENNY7
|player|p1|
