|j|☆Skeegull
|j|☆ComiteGestorIBS
|t:|1779586328
|gametype|singles
|player|p1|Skeegull|sailor|1106
|player|p2|ComiteGestorIBS|170|1149
|gen|9
|tier|[Gen 9] OU
|rated|
|rule|HP Percentage Mod: HP is shown in percentages
|rule|Endless Battle Clause: Forcing endless battles is banned
|rule|Species Clause: Limit one of each Pokémon
|rule|OHKO Clause: OHKO moves are banned
|rule|Evasion Items Clause: Evasion items are banned
|rule|Evasion Moves Clause: Evasion moves are banned
|rule|Evasion Abilities Clause: Evasion abilities are banned
|rule|Sleep Moves Clause: Sleep-inducing moves are banned
|clearpoke
|poke|p1|Clawitzer, F|
|poke|p1|Pelipper, M|
|poke|p1|Gyarados, M|
|poke|p1|Barraskewda, F|
|poke|p1|Kingdra, M|
|poke|p1|Ludicolo, F|
|poke|p2|Dragonite, F|
|poke|p2|Kingambit, F|
|poke|p2|Gholdengo|
|poke|p2|Alomomola, F|
|poke|p2|Clefable, F|
|poke|p2|Great Tusk|
|teampreview
|inactive|Battle timer is ON: inactive players will automatically lose when time's up. (requested by Skeegull)
|
|t:|1779586351
|teamsize|p1|6
|teamsize|p2|6
|start
|switch|p1a: Sherman|Clawitzer, F|100/100
|switch|p2a: Clefable|Clefable, F|100/100
|turn|1
|
|t:|1779586360
|-terastallize|p2a: Clefable|Water
|move|p2a: Clefable|Thunder Wave|p1a: Sherman
|-status|p1a: Sherman|par
|move|p1a: Sherman|Water Pulse|p2a: Clefable
|-resisted|p2a: Clefable
|-damage|p2a: Clefable|84/100
|
|-heal|p2a: Clefable|90/100|[from] item: Leftovers
|upkeep
|turn|2
|
|t:|1779586371
|move|p2a: Clefable|Calm Mind|p2a: Clefable
|-boost|p2a: Clefable|spa|1
|-boost|p2a: Clefable|spd|1
|cant|p1a: Sherman|par
|
|-heal|p2a: Clefable|96/100|[from] item: Leftovers
|upkeep
|turn|3
|
|t:|1779586379
|move|p2a: Clefable|Calm Mind|p2a: Clefable
|-boost|p2a: Clefable|spa|1
|-boost|p2a: Clefable|spd|1
|move|p1a: Sherman|Dragon Pulse|p2a: Clefable
|-crit|p2a: Clefable
|-damage|p2a: Clefable|50/100
|
|-heal|p2a: Clefable|56/100|[from] item: Leftovers
|upkeep
|turn|4
|
|t:|1779586389
|move|p2a: Clefable|Moonlight|p2a: Clefable
|-heal|p2a: Clefable|100/100
|cant|p1a: Sherman|par
|
|upkeep
|turn|5
|
|t:|1779586399
|switch|p1a: Sunrise|Gyarados, M|100/100
|move|p2a: Clefable|Moonblast|p1a: Sunrise
|-damage|p1a: Sunrise|50/100
|
|-heal|p1a: Sunrise|56/100|[from] item: Leftovers
|upkeep
|turn|6
|
|t:|1779586408
|-terastallize|p1a: Sunrise|Steel
|move|p1a: Sunrise|Dragon Dance|p1a: Sunrise
|-boost|p1a: Sunrise|atk|1
|-boost|p1a: Sunrise|spe|1
|move|p2a: Clefable|Thunder Wave|p1a: Sunrise
|-status|p1a: Sunrise|par
|
|-heal|p1a: Sunrise|62/100 par|[from] item: Leftovers
|upkeep
|turn|7
|
|t:|1779586420
|move|p2a: Clefable|Moonblast|p1a: Sunrise
|-resisted|p1a: Sunrise
|-damage|p1a: Sunrise|36/100 par
|move|p1a: Sunrise|Facade|p2a: Clefable
|-damage|p2a: Clefable|38/100
|
|-heal|p2a: Clefable|44/100|[from] item: Leftovers
|-heal|p1a: Sunrise|42/100 par|[from] item: Leftovers
|upkeep
|turn|8
|
|t:|1779586431
|move|p2a: Clefable|Moonlight|p2a: Clefable
|-heal|p2a: Clefable|94/100
|move|p1a: Sunrise|Waterfall|p2a: Clefable
|-resisted|p2a: Clefable
|-damage|p2a: Clefable|71/100
|
|-heal|p2a: Clefable|77/100|[from] item: Leftovers
|-heal|p1a: Sunrise|48/100 par|[from] item: Leftovers
|upkeep
|turn|9
|
|t:|1779586443
|switch|p2a: Alomomola|Alomomola, F|100/100
|move|p1a: Sunrise|Facade|p2a: Alomomola
|-damage|p2a: Alomomola|59/100
|
|-heal|p1a: Sunrise|55/100 par|[from] item: Leftovers
|upkeep
|turn|10
|
|t:|1779586451
|move|p1a: Sunrise|Facade|p2a: Alomomola
|-damage|p2a: Alomomola|21/100
|move|p2a: Alomomola|Wish|p2a: Alomomola
|
|-heal|p1a: Sunrise|61/100 par|[from] item: Leftovers
|upkeep
|turn|11
|
|t:|1779586463
|switch|p2a: Dragonite|Dragonite, F|100/100
|move|p1a: Sunrise|Facade|p2a: Dragonite
|-damage|p2a: Dragonite|60/100
|
|-heal|p2a: Dragonite|100/100|[from] move: Wish|[wisher] Alomomola
|-heal|p1a: Sunrise|67/100 par|[from] item: Leftovers
|upkeep
|turn|12
|
|t:|1779586473
|move|p2a: Dragonite|Dragon Dance|p2a: Dragonite
|-boost|p2a: Dragonite|atk|1
|-boost|p2a: Dragonite|spe|1
|move|p1a: Sunrise|Scale Shot|p2a: Dragonite
|-supereffective|p2a: Dragonite
|-damage|p2a: Dragonite|83/100
|-supereffective|p2a: Dragonite
|-damage|p2a: Dragonite|54/100
|-supereffective|p2a: Dragonite
|-damage|p2a: Dragonite|24/100
|-supereffective|p2a: Dragonite
|-damage|p2a: Dragonite|0 fnt
|faint|p2a: Dragonite
|-ability|p1a: Sunrise|Moxie|boost
|-boost|p1a: Sunrise|atk|1
|-hitcount|p2: Dragonite|4
|-unboost|p1a: Sunrise|def|1
|-boost|p1a: Sunrise|spe|1
|
|-heal|p1a: Sunrise|73/100 par|[from] item: Leftovers
|upkeep
|
|t:|1779586491
|switch|p2a: Great Tusk|Great Tusk|100/100
|turn|13
|
|t:|1779586495
|move|p2a: Great Tusk|Headlong Rush|p1a: Sunrise
|-supereffective|p1a: Sunrise
|-damage|p1a: Sunrise|0 fnt
|-unboost|p2a: Great Tusk|def|1
|-unboost|p2a: Great Tusk|spd|1
|faint|p1a: Sunrise
|
|upkeep
|
|t:|1779586502
|switch|p1a: Moonlight|Pelipper, M, shiny|100/100
|-weather|RainDance|[from] ability: Drizzle|[of] p1a: Moonlight
|turn|14
|
|t:|1779586514
|-end|p2a: Great Tusk|Protosynthesis|[silent]
|switch|p2a: Clefable|Clefable, F, tera:Water|77/100
|move|p1a: Moonlight|U-turn|p2a: Clefable
|-damage|p2a: Clefable|67/100
|
|t:|1779586519
|switch|p1a: Duck Tape|Ludicolo, F, shiny|100/100|[from] U-turn
|
|-weather|RainDance|[upkeep]
|-heal|p2a: Clefable|73/100|[from] item: Leftovers
|upkeep
|turn|15
|
|t:|1779586526
|move|p1a: Duck Tape|Giga Drain|p2a: Clefable
|-supereffective|p2a: Clefable
|-damage|p2a: Clefable|41/100
|move|p2a: Clefable|Thunder Wave|p1a: Duck Tape
|-status|p1a: Duck Tape|par
|
|-weather|RainDance|[upkeep]
|-heal|p2a: Clefable|47/100|[from] item: Leftovers
|upkeep
|turn|16
|
|t:|1779586535
|cant|p1a: Duck Tape|par
|move|p2a: Clefable|Moonlight|p2a: Clefable
|-heal|p2a: Clefable|72/100
|
|-weather|RainDance|[upkeep]
|-heal|p2a: Clefable|78/100|[from] item: Leftovers
|upkeep
|turn|17
|
|t:|1779586544
|move|p1a: Duck Tape|Leech Seed|p2a: Clefable
|-start|p2a: Clefable|move: Leech Seed
|move|p2a: Clefable|Calm Mind|p2a: Clefable
|-boost|p2a: Clefable|spa|1
|-boost|p2a: Clefable|spd|1
|
|-weather|RainDance|[upkeep]
|-heal|p2a: Clefable|84/100|[from] item: Leftovers
|-damage|p2a: Clefable|71/100|[from] Leech Seed|[of] p1a: Duck Tape
|upkeep
|turn|18
|
|t:|1779586554
|move|p1a: Duck Tape|Substitute|p1a: Duck Tape
|-start|p1a: Duck Tape|Substitute
|-damage|p1a: Duck Tape|76/100 par
|move|p2a: Clefable|Calm Mind|p2a: Clefable
|-boost|p2a: Clefable|spa|1
|-boost|p2a: Clefable|spd|1
|
|-weather|RainDance|[upkeep]
|-heal|p1a: Duck Tape|82/100 par|[from] item: Leftovers
|-heal|p2a: Clefable|77/100|[from] item: Leftovers
|-damage|p2a: Clefable|65/100|[from] Leech Seed|[of] p1a: Duck Tape
|-heal|p1a: Duck Tape|95/100 par|[silent]
|upkeep
|turn|19
|
|t:|1779586567
|move|p1a: Duck Tape|Giga Drain|p2a: Clefable
|-supereffective|p2a: Clefable
|-damage|p2a: Clefable|50/100
|-heal|p1a: Duck Tape|100/100 par|[from] drain|[of] p2a: Clefable
|move|p2a: Clefable|Moonblast|p1a: Duck Tape
|-end|p1a: Duck Tape|Substitute
|
|-weather|RainDance|[upkeep]
|-heal|p2a: Clefable|56/100|[from] item: Leftovers
|-damage|p2a: Clefable|43/100|[from] Leech Seed|[of] p1a: Duck Tape
|upkeep
|turn|20
|
|t:|1779586579
|move|p1a: Duck Tape|Substitute|p1a: Duck Tape
|-start|p1a: Duck Tape|Substitute
|-damage|p1a: Duck Tape|76/100 par
|move|p2a: Clefable|Moonblast|p1a: Duck Tape
|-end|p1a: Duck Tape|Substitute
|
|-weather|RainDance|[upkeep]
|-heal|p1a: Duck Tape|82/100 par|[from] item: Leftovers
|-heal|p2a: Clefable|49/100|[from] item: Leftovers
|-damage|p2a: Clefable|37/100|[from] Leech Seed|[of] p1a: Duck Tape
|-heal|p1a: Duck Tape|95/100 par|[silent]
|upkeep
|turn|21
|
|t:|1779586589
|move|p1a: Duck Tape|Substitute|p1a: Duck Tape
|-start|p1a: Duck Tape|Substitute
|-damage|p1a: Duck Tape|70/100 par
|move|p2a: Clefable|Moonlight|p2a: Clefable
|-heal|p2a: Clefable|62/100
|
|-weather|none
|-heal|p1a: Duck Tape|77/100 par|[from] item: Leftovers
|-heal|p2a: Clefable|68/100|[from] item: Leftovers
|-damage|p2a: Clefable|56/100|[from] Leech Seed|[of] p1a: Duck Tape
|-heal|p1a: Duck Tape|90/100 par|[silent]
|upkeep
|turn|22
|
|t:|1779586600
|move|p2a: Clefable|Moonblast|p1a: Duck Tape
|-end|p1a: Duck Tape|Substitute
|move|p1a: Duck Tape|Giga Drain|p2a: Clefable
|-supereffective|p2a: Clefable
|-damage|p2a: Clefable|40/100
|-heal|p1a: Duck Tape|98/100 par|[from] drain|[of] p2a: Clefable
|
|-heal|p2a: Clefable|46/100|[from] item: Leftovers
|-heal|p1a: Duck Tape|100/100 par|[from] item: Leftovers
|-damage|p2a: Clefable|34/100|[from] Leech Seed|[of] p1a: Duck Tape
|upkeep
|turn|23
|
|t:|1779586613
|move|p2a: Clefable|Moonblast|p1a: Duck Tape
|-damage|p1a: Duck Tape|56/100 par
|-unboost|p1a: Duck Tape|spa|1
|cant|p1a: Duck Tape|par
|
|-heal|p2a: Clefable|40/100|[from] item: Leftovers
|-heal|p1a: Duck Tape|62/100 par|[from] item: Leftovers
|-damage|p2a: Clefable|28/100|[from] Leech Seed|[of] p1a: Duck Tape
|-heal|p1a: Duck Tape|75/100 par|[silent]
|upkeep
|turn|24
|
|t:|1779586624
|move|p2a: Clefable|Moonlight|p2a: Clefable
|-heal|p2a: Clefable|78/100
|move|p1a: Duck Tape|Giga Drain|p2a: Clefable
|-supereffective|p2a: Clefable
|-damage|p2a: Clefable|60/100
|-heal|p1a: Duck Tape|85/100 par|[from] drain|[of] p2a: Clefable
|
|-heal|p2a: Clefable|66/100|[from] item: Leftovers
|-heal|p1a: Duck Tape|91/100 par|[from] item: Leftovers
|-damage|p2a: Clefable|54/100|[from] Leech Seed|[of] p1a: Duck Tape
|-heal|p1a: Duck Tape|100/100 par|[silent]
|upkeep
|turn|25
|
|t:|1779586650
|switch|p2a: Kingambit|Kingambit, F|100/100
|-activate|p2a: Kingambit|ability: Supreme Overlord
|-start|p2a: Kingambit|fallen1|[silent]
|cant|p1a: Duck Tape|par
|
|upkeep
|turn|26
|
|t:|1779586659
|move|p2a: Kingambit|Swords Dance|p2a: Kingambit
|-boost|p2a: Kingambit|atk|2
|move|p1a: Duck Tape|Chilling Water|p2a: Kingambit
|-damage|p2a: Kingambit|87/100
|-unboost|p2a: Kingambit|atk|1
|
|-heal|p2a: Kingambit|93/100|[from] item: Leftovers
|upkeep
|turn|27
|
|t:|1779586674
|move|p2a: Kingambit|Kowtow Cleave|p1a: Duck Tape
|-damage|p1a: Duck Tape|4/100 par
|move|p1a: Duck Tape|Leech Seed|p2a: Kingambit
|-start|p2a: Kingambit|move: Leech Seed
|
|-heal|p2a: Kingambit|99/100|[from] item: Leftovers
|-heal|p1a: Duck Tape|10/100 par|[from] item: Leftovers
|-damage|p2a: Kingambit|87/100|[from] Leech Seed|[of] p1a: Duck Tape
|-heal|p1a: Duck Tape|21/100 par|[silent]
|upkeep
|turn|28
|
|t:|1779586689
|move|p2a: Kingambit|Kowtow Cleave|p1a: Duck Tape
|-damage|p1a: Duck Tape|0 fnt
|faint|p1a: Duck Tape
|
|-heal|p2a: Kingambit|93/100|[from] item: Leftovers
|upkeep
|
|t:|1779586691
|switch|p1a: Moonlight|Pelipper, M, shiny|100/100
|-weather|RainDance|[from] ability: Drizzle|[of] p1a: Moonlight
|turn|29
|
|t:|1779586704
|-end|p2a: Kingambit|fallen1|[silent]
|switch|p2a: Alomomola|Alomomola, F|54/100
|move|p1a: Moonlight|U-turn|p2a: Alomomola
|-damage|p2a: Alomomola|50/100
|
|t:|1779586718
|switch|p1a: Ammunition|Barraskewda, F|100/100|[from] U-turn
|
|-weather|RainDance|[upkeep]
|upkeep
|turn|30
|
|t:|1779586731
|move|p1a: Ammunition|Scale Shot|p2a: Alomomola
|-damage|p2a: Alomomola|45/100
|-damage|p2a: Alomomola|40/100
|-damage|p2a: Alomomola|35/100
|-hitcount|p2a: Alomomola|3
|-unboost|p1a: Ammunition|def|1
|-boost|p1a: Ammunition|spe|1
|move|p2a: Alomomola|Wish|p2a: Alomomola
|
|-weather|RainDance|[upkeep]
|upkeep
|turn|31
|
|t:|1779586742
|switch|p1a: Sherman|Clawitzer, F|100/100 par
|move|p2a: Alomomola|Flip Turn|p1a: Sherman
|-resisted|p1a: Sherman
|-damage|p1a: Sherman|87/100 par
|
|t:|1779586748
|switch|p2a: Clefable|Clefable, F, tera:Water|54/100|[from] Flip Turn
|
|-weather|RainDance|[upkeep]
|-heal|p2a: Clefable|100/100|[from] move: Wish|[wisher] Alomomola
|upkeep
|turn|32
|
|t:|1779586756
|move|p2a: Clefable|Calm Mind|p2a: Clefable
|-boost|p2a: Clefable|spa|1
|-boost|p2a: Clefable|spd|1
|move|p1a: Sherman|Dark Pulse|p2a: Clefable
|-damage|p2a: Clefable|82/100
|
|-weather|RainDance|[upkeep]
|-heal|p2a: Clefable|88/100|[from] item: Leftovers
|upkeep
|turn|33
|
|t:|1779586765
|move|p2a: Clefable|Calm Mind|p2a: Clefable
|-boost|p2a: Clefable|spa|1
|-boost|p2a: Clefable|spd|1
|move|p1a: Sherman|Dark Pulse|p2a: Clefable
|-damage|p2a: Clefable|74/100
|
|-weather|RainDance|[upkeep]
|-heal|p2a: Clefable|80/100|[from] item: Leftovers
|upkeep
|turn|34
|
|t:|1779586776
|move|p2a: Clefable|Calm Mind|p2a: Clefable
|-boost|p2a: Clefable|spa|1
|-boost|p2a: Clefable|spd|1
|cant|p1a: Sherman|par
|
|-weather|RainDance|[upkeep]
|-heal|p2a: Clefable|86/100|[from] item: Leftovers
|upkeep
|turn|35
|
|t:|1779586786
|move|p2a: Clefable|Moonlight|p2a: Clefable
|-heal|p2a: Clefable|100/100
|move|p1a: Sherman|Flip Turn|p2a: Clefable
|-resisted|p2a: Clefable
|-damage|p2a: Clefable|89/100
|
|t:|1779586792
|switch|p1a: Ammunition|Barraskewda, F|100/100|[from] Flip Turn
|
|-weather|RainDance|[upkeep]
|-heal|p2a: Clefable|95/100|[from] item: Leftovers
|upkeep
|turn|36
|
|t:|1779586799
|move|p1a: Ammunition|Scale Shot|p2a: Clefable
|-damage|p2a: Clefable|85/100
|-damage|p2a: Clefable|74/100
|-damage|p2a: Clefable|63/100
|-hitcount|p2a: Clefable|3
|-unboost|p1a: Ammunition|def|1
|-boost|p1a: Ammunition|spe|1
|move|p2a: Clefable|Moonblast|p1a: Ammunition
|-crit|p1a: Ammunition
|-enditem|p1a: Ammunition|Focus Sash
|-damage|p1a: Ammunition|1/100
|-unboost|p1a: Ammunition|spa|1
|
|-weather|none
|-heal|p2a: Clefable|69/100|[from] item: Leftovers
|upkeep
|turn|37
|
|t:|1779586818
|switch|p2a: Alomomola|Alomomola, F|68/100
|move|p1a: Ammunition|Close Combat|p2a: Alomomola
|-crit|p2a: Alomomola
|-damage|p2a: Alomomola|32/100
|-unboost|p1a: Ammunition|def|1
|-unboost|p1a: Ammunition|spd|1
|
|upkeep
|turn|38
|
|t:|1779586831
|move|p1a: Ammunition|Poison Jab|p2a: Alomomola
|-damage|p2a: Alomomola|17/100
|move|p2a: Alomomola|Wish|p2a: Alomomola
|
|upkeep
|turn|39
|
|t:|1779586836
|move|p2a: Alomomola|Protect|p2a: Alomomola
|-singleturn|p2a: Alomomola|Protect
|move|p1a: Ammunition|Close Combat|p2a: Alomomola
|-activate|p2a: Alomomola|move: Protect
|
|-heal|p2a: Alomomola|67/100|[from] move: Wish|[wisher] Alomomola
|upkeep
|turn|40
|
|t:|1779586846
|move|p1a: Ammunition|Close Combat|p2a: Alomomola
|-damage|p2a: Alomomola|43/100
|-unboost|p1a: Ammunition|def|1
|-unboost|p1a: Ammunition|spd|1
|move|p2a: Alomomola|Scald|p1a: Ammunition
|-resisted|p1a: Ammunition
|-damage|p1a: Ammunition|0 fnt
|faint|p1a: Ammunition
|
|upkeep
|
|t:|1779586849
|switch|p1a: Moonlight|Pelipper, M, shiny|100/100
|-weather|RainDance|[from] ability: Drizzle|[of] p1a: Moonlight
|turn|41
|
|t:|1779586862
|move|p1a: Moonlight|Hurricane|p2a: Alomomola
|-damage|p2a: Alomomola|0 fnt
|faint|p2a: Alomomola
|
|-weather|RainDance|[upkeep]
|upkeep
|
|t:|1779586877
|switch|p2a: Kingambit|Kingambit, F|93/100
|-activate|p2a: Kingambit|ability: Supreme Overlord
|-start|p2a: Kingambit|fallen2|[silent]
|turn|42
|
|t:|1779586888
|-end|p2a: Kingambit|fallen2|[silent]
|switch|p2a: Clefable|Clefable, F, tera:Water|69/100
|move|p1a: Moonlight|Surf|p2a: Clefable
|-resisted|p2a: Clefable
|-damage|p2a: Clefable|53/100
|
|-weather|RainDance|[upkeep]
|-heal|p2a: Clefable|59/100|[from] item: Leftovers
|upkeep
|turn|43
|
|t:|1779586897
|move|p1a: Moonlight|Hurricane|p2a: Clefable
|-crit|p2a: Clefable
|-damage|p2a: Clefable|21/100
|move|p2a: Clefable|Thunder Wave|p1a: Moonlight|[miss]
|-miss|p2a: Clefable|p1a: Moonlight
|
|-weather|RainDance|[upkeep]
|-heal|p2a: Clefable|27/100|[from] item: Leftovers
|upkeep
|turn|44
|
|t:|1779586912
|move|p1a: Moonlight|Hurricane|p2a: Clefable
|-damage|p2a: Clefable|3/100
|move|p2a: Clefable|Thunder Wave|p1a: Moonlight
|-status|p1a: Moonlight|par
|
|-weather|RainDance|[upkeep]
|-heal|p2a: Clefable|9/100|[from] item: Leftovers
|upkeep
|turn|45
|
|t:|1779586921
|move|p2a: Clefable|Moonlight|p2a: Clefable
|-heal|p2a: Clefable|34/100
|move|p1a: Moonlight|U-turn|p2a: Clefable
|-damage|p2a: Clefable|24/100
|
|t:|1779586927
|switch|p1a: Sherman|Clawitzer, F|87/100 par|[from] U-turn
|
|-weather|RainDance|[upkeep]
|-heal|p2a: Clefable|30/100|[from] item: Leftovers
|upkeep
|turn|46
|
|t:|1779586935
|move|p2a: Clefable|Calm Mind|p2a: Clefable
|-boost|p2a: Clefable|spa|1
|-boost|p2a: Clefable|spd|1
|cant|p1a: Sherman|par
|
|-weather|RainDance|[upkeep]
|-heal|p2a: Clefable|36/100|[from] item: Leftovers
|upkeep
|turn|47
|
|t:|1779586944
|move|p2a: Clefable|Calm Mind|p2a: Clefable
|-boost|p2a: Clefable|spa|1
|-boost|p2a: Clefable|spd|1
|move|p1a: Sherman|Dragon Pulse|p2a: Clefable
|-damage|p2a: Clefable|21/100
|
|-weather|RainDance|[upkeep]
|-heal|p2a: Clefable|27/100|[from] item: Leftovers
|upkeep
|turn|48
|
|t:|1779586953
|move|p2a: Clefable|Calm Mind|p2a: Clefable
|-boost|p2a: Clefable|spa|1
|-boost|p2a: Clefable|spd|1
|move|p1a: Sherman|Dark Pulse|p2a: Clefable
|-damage|p2a: Clefable|14/100
|
|-weather|none
|-heal|p2a: Clefable|20/100|[from] item: Leftovers
|upkeep
|turn|49
|
|t:|1779586964
|move|p2a: Clefable|Moonlight|p2a: Clefable
|-heal|p2a: Clefable|70/100
|move|p1a: Sherman|Flip Turn|p2a: Clefable
|-resisted|p2a: Clefable
|-damage|p2a: Clefable|63/100
|
|t:|1779586969
|switch|p1a: Moonlight|Pelipper, M, shiny|100/100 par|[from] Flip Turn
|-weather|RainDance|[from] ability: Drizzle|[of] p1a: Moonlight
|
|-weather|RainDance|[upkeep]
|-heal|p2a: Clefable|69/100|[from] item: Leftovers
|upkeep
|turn|50
|
|t:|1779586978
|move|p2a: Clefable|Moonblast|p1a: Moonlight
|-damage|p1a: Moonlight|0 fnt
|faint|p1a: Moonlight
|
|-weather|RainDance|[upkeep]
|-heal|p2a: Clefable|75/100|[from] item: Leftovers
|upkeep
|
|t:|1779586981
|switch|p1a: Emoji|Kingdra, M|100/100
|turn|51
|
|t:|1779586988
|move|p1a: Emoji|Hurricane|p2a: Clefable
|-damage|p2a: Clefable|60/100
|move|p2a: Clefable|Moonblast|p1a: Emoji
|-supereffective|p1a: Emoji
|-damage|p1a: Emoji|0 fnt
|faint|p1a: Emoji
|
|-weather|RainDance|[upkeep]
|-heal|p2a: Clefable|66/100|[from] item: Leftovers
|upkeep
|
|t:|1779586993
|switch|p1a: Sherman|Clawitzer, F|87/100 par
|turn|52
|
|t:|1779587000
|move|p2a: Clefable|Moonblast|p1a: Sherman
|-damage|p1a: Sherman|30/100 par
|-unboost|p1a: Sherman|spa|1
|cant|p1a: Sherman|par
|
|-weather|RainDance|[upkeep]
|-heal|p2a: Clefable|73/100|[from] item: Leftovers
|upkeep
|turn|53
|
|t:|1779587009
|move|p2a: Clefable|Moonblast|p1a: Sherman
|-damage|p1a: Sherman|0 fnt
|faint|p1a: Sherman
|
|win|ComiteGestorIBS
|raw|Skeegull's rating: 1106 &rarr; <strong>1084</strong><br />(-22 for losing)
|raw|ComiteGestorIBS's rating: 1149 &rarr; <strong>1171</strong><br />(+22 for winning)
|l|☆Skeegull
|player|p1|
