|j|☆Scizorag
|j|☆calamitycow
|t:|1779595551
|gametype|singles
|player|p1|Scizorag|1|1428
|player|p2|calamitycow|miku-water|1505
|gen|9
|tier|[Gen 9] OU
|rated|
|rule|HP Percentage Mod: HP is shown in percentages
|rule|Endless Battle Clause: Forcing endless battles is banned
|rule|Species Clause: Limit one of each Pokémon
|rule|OHKO Clause: OHKO moves are banned
|rule|Evasion Items Clause: Evasion items are banned
|rule|Evasion Moves Clause: Evasion moves are banned
|rule|Evasion Abilities Clause: Evasion abilities are banned
|rule|Sleep Moves Clause: Sleep-inducing moves are banned
|clearpoke
|poke|p1|Hydreigon, F|
|poke|p1|Primarina, M|
|poke|p1|Rillaboom, F|
|poke|p1|Slowking-Galar, M|
|poke|p1|Gholdengo|
|poke|p1|Great Tusk|
|poke|p2|Samurott-Hisui, F|
|poke|p2|Gholdengo|
|poke|p2|Revavroom, M|
|poke|p2|Landorus-Therian, M|
|poke|p2|Latios, M|
|poke|p2|Zamazenta-*|
|teampreview
|inactive|Battle timer is ON: inactive players will automatically lose when time's up. (requested by calamitycow)
|
|t:|1779595572
|teamsize|p1|6
|teamsize|p2|6
|start
|switch|p1a: Primarina|Primarina, M|100/100
|switch|p2a: Landorus|Landorus-Therian, M|100/100
|-ability|p2a: Landorus|Intimidate|boost
|-unboost|p1a: Primarina|atk|1
|turn|1
|
|t:|1779595583
|move|p2a: Landorus|U-turn|p1a: Primarina
|-resisted|p1a: Primarina
|-damage|p1a: Primarina|86/100
|
|t:|1779595595
|switch|p2a: Revavroom|Revavroom, M|100/100|[from] U-turn
|move|p1a: Primarina|Flip Turn|p2a: Revavroom
|-damage|p2a: Revavroom|90/100
|
|t:|1779595600
|switch|p1a: Great Tusk|Great Tusk|100/100|[from] Flip Turn
|
|upkeep
|turn|2
|
|t:|1779595608
|switch|p2a: Landorus|Landorus-Therian, M|100/100
|-ability|p2a: Landorus|Intimidate|boost
|-unboost|p1a: Great Tusk|atk|1
|move|p1a: Great Tusk|Stealth Rock|p2a: Landorus
|-sidestart|p2: calamitycow|move: Stealth Rock
|
|upkeep
|turn|3
|
|t:|1779595622
|move|p2a: Landorus|Stealth Rock|p1a: Great Tusk
|-sidestart|p1: Scizorag|move: Stealth Rock
|move|p1a: Great Tusk|Ice Spinner|p2a: Landorus
|-supereffective|p2a: Landorus
|-damage|p2a: Landorus|29/100
|-damage|p1a: Great Tusk|84/100|[from] item: Rocky Helmet|[of] p2a: Landorus
|
|upkeep
|turn|4
|
|t:|1779595627
|move|p2a: Landorus|U-turn|p1a: Great Tusk
|-resisted|p1a: Great Tusk
|-damage|p1a: Great Tusk|76/100
|
|t:|1779595630
|switch|p2a: Gholdengo|Gholdengo|100/100|[from] U-turn
|-damage|p2a: Gholdengo|94/100|[from] Stealth Rock
|-item|p2a: Gholdengo|Air Balloon
|move|p1a: Great Tusk|Ice Spinner|p2a: Gholdengo
|-resisted|p2a: Gholdengo
|-damage|p2a: Gholdengo|88/100
|-enditem|p2a: Gholdengo|Air Balloon
|
|upkeep
|turn|5
|
|t:|1779595646
|move|p1a: Great Tusk|Headlong Rush|p2a: Gholdengo
|-supereffective|p2a: Gholdengo
|-damage|p2a: Gholdengo|24/100
|-unboost|p1a: Great Tusk|def|1
|-unboost|p1a: Great Tusk|spd|1
|move|p2a: Gholdengo|Make It Rain|p1a: Great Tusk
|-damage|p1a: Great Tusk|0 fnt
|-unboost|p2a: Gholdengo|spa|1
|faint|p1a: Great Tusk
|-end|p1a: Great Tusk|Protosynthesis|[silent]
|
|upkeep
|
|t:|1779595658
|switch|p1a: Hydreigon|Hydreigon, F|100/100
|-damage|p1a: Hydreigon|88/100|[from] Stealth Rock
|turn|6
|
|t:|1779595671
|switch|p2a: Samurott|Samurott-Hisui, F|100/100
|-damage|p2a: Samurott|88/100|[from] Stealth Rock
|move|p1a: Hydreigon|Draco Meteor|p2a: Samurott
|-damage|p2a: Samurott|43/100
|-unboost|p1a: Hydreigon|spa|2
|
|upkeep
|turn|7
|
|t:|1779595687
|switch|p1a: Rillaboom|Rillaboom, F|100/100
|-damage|p1a: Rillaboom|88/100|[from] Stealth Rock
|-fieldstart|move: Grassy Terrain|[from] ability: Grassy Surge|[of] p1a: Rillaboom
|move|p2a: Samurott|Ceaseless Edge|p1a: Rillaboom
|-damage|p1a: Rillaboom|40/100
|-sidestart|p1: Scizorag|Spikes
|
|-heal|p1a: Rillaboom|46/100|[from] Grassy Terrain
|-heal|p1a: Rillaboom|53/100|[from] item: Leftovers
|-heal|p2a: Samurott|49/100|[from] Grassy Terrain
|upkeep
|turn|8
|
|t:|1779595694
|switch|p2a: Landorus|Landorus-Therian, M|29/100
|-damage|p2a: Landorus|17/100|[from] Stealth Rock
|-ability|p2a: Landorus|Intimidate|boost
|-unboost|p1a: Rillaboom|atk|1
|move|p1a: Rillaboom|Grassy Glide|p2a: Landorus
|-damage|p2a: Landorus|0 fnt
|-damage|p1a: Rillaboom|36/100|[from] item: Rocky Helmet|[of] p2a: Landorus
|faint|p2a: Landorus
|
|-heal|p1a: Rillaboom|42/100|[from] Grassy Terrain
|-heal|p1a: Rillaboom|48/100|[from] item: Leftovers
|upkeep
|
|t:|1779595703
|switch|p2a: Latios|Latios, M|100/100
|-damage|p2a: Latios|88/100|[from] Stealth Rock
|turn|9
|
|t:|1779595709
|switch|p1a: Primarina|Primarina, M|86/100
|-damage|p1a: Primarina|73/100|[from] Stealth Rock
|-damage|p1a: Primarina|61/100|[from] Spikes
|move|p2a: Latios|Psychic Noise|p1a: Primarina
|-damage|p1a: Primarina|31/100
|-start|p1a: Primarina|move: Heal Block
|
|upkeep
|turn|10
|
|t:|1779595722
|switch|p2a: Revavroom|Revavroom, M|90/100
|-damage|p2a: Revavroom|84/100|[from] Stealth Rock
|move|p1a: Primarina|Moonblast|p2a: Revavroom
|-resisted|p2a: Revavroom
|-damage|p2a: Revavroom|64/100
|-unboost|p2a: Revavroom|spa|1
|
|-heal|p2a: Revavroom|70/100|[from] Grassy Terrain
|-end|p1a: Primarina|move: Heal Block
|upkeep
|turn|11
|
|t:|1779595728
|switch|p1a: Gholdengo|Gholdengo|100/100
|-damage|p1a: Gholdengo|94/100|[from] Stealth Rock
|-damage|p1a: Gholdengo|82/100|[from] Spikes
|move|p2a: Revavroom|Gunk Shot|p1a: Gholdengo
|-immune|p1a: Gholdengo
|
|-heal|p2a: Revavroom|76/100|[from] Grassy Terrain
|-heal|p1a: Gholdengo|88/100|[from] Grassy Terrain
|-fieldend|move: Grassy Terrain
|upkeep
|turn|12
|
|t:|1779595742
|move|p2a: Revavroom|Temper Flare|p1a: Gholdengo
|-supereffective|p1a: Gholdengo
|-damage|p1a: Gholdengo|0 fnt
|-damage|p2a: Revavroom|59/100|[from] item: Rocky Helmet|[of] p1a: Gholdengo
|faint|p1a: Gholdengo
|
|upkeep
|
|t:|1779595749
|switch|p1a: Hydreigon|Hydreigon, F|88/100
|-damage|p1a: Hydreigon|76/100|[from] Stealth Rock
|turn|13
|
|t:|1779595755
|switch|p2a: Samurott|Samurott-Hisui, F|49/100
|-damage|p2a: Samurott|37/100|[from] Stealth Rock
|move|p1a: Hydreigon|Draco Meteor|p2a: Samurott
|-damage|p2a: Samurott|0 fnt
|-unboost|p1a: Hydreigon|spa|2
|faint|p2a: Samurott
|
|upkeep
|
|t:|1779595770
|switch|p2a: Latios|Latios, M|88/100
|-damage|p2a: Latios|76/100|[from] Stealth Rock
|turn|14
|
|t:|1779595775
|move|p1a: Hydreigon|Draco Meteor|p2a: Latios
|-supereffective|p2a: Latios
|-damage|p2a: Latios|9/100
|-unboost|p1a: Hydreigon|spa|2
|move|p2a: Latios|Draco Meteor|p1a: Hydreigon
|-supereffective|p1a: Hydreigon
|-damage|p1a: Hydreigon|0 fnt
|-unboost|p2a: Latios|spa|2
|faint|p1a: Hydreigon
|
|upkeep
|
|t:|1779595780
|switch|p1a: Rillaboom|Rillaboom, F|48/100
|-damage|p1a: Rillaboom|36/100|[from] Stealth Rock
|-damage|p1a: Rillaboom|23/100|[from] Spikes
|-fieldstart|move: Grassy Terrain|[from] ability: Grassy Surge|[of] p1a: Rillaboom
|turn|15
|
|t:|1779595791
|move|p1a: Rillaboom|Grassy Glide|p2a: Latios
|-resisted|p2a: Latios
|-damage|p2a: Latios|0 fnt
|faint|p2a: Latios
|
|-heal|p1a: Rillaboom|29/100|[from] Grassy Terrain
|-heal|p1a: Rillaboom|35/100|[from] item: Leftovers
|upkeep
|
|t:|1779595797
|switch|p2a: Revavroom|Revavroom, M|59/100
|-damage|p2a: Revavroom|53/100|[from] Stealth Rock
|turn|16
|
|t:|1779595813
|-terastallize|p1a: Rillaboom|Fire
|move|p2a: Revavroom|Gunk Shot|p1a: Rillaboom|[miss]
|-miss|p2a: Revavroom|p1a: Rillaboom
|move|p1a: Rillaboom|Low Kick|p2a: Revavroom
|-damage|p2a: Revavroom|9/100
|
|-heal|p2a: Revavroom|15/100|[from] Grassy Terrain
|-heal|p1a: Rillaboom|41/100|[from] Grassy Terrain
|-heal|p1a: Rillaboom|47/100|[from] item: Leftovers
|upkeep
|turn|17
|
|t:|1779595821
|move|p2a: Revavroom|High Horsepower|p1a: Rillaboom
|-supereffective|p1a: Rillaboom
|-damage|p1a: Rillaboom|0 fnt
|faint|p1a: Rillaboom
|
|-heal|p2a: Revavroom|21/100|[from] Grassy Terrain
|upkeep
|
|t:|1779595825
|switch|p1a: Slowking|Slowking-Galar, M|100/100
|turn|18
|
|t:|1779595831
|move|p2a: Revavroom|High Horsepower|p1a: Slowking
|-supereffective|p1a: Slowking
|-damage|p1a: Slowking|35/100
|move|p1a: Slowking|Flamethrower|p2a: Revavroom
|-supereffective|p2a: Revavroom
|-damage|p2a: Revavroom|0 fnt
|faint|p2a: Revavroom
|
|-heal|p1a: Slowking|41/100|[from] Grassy Terrain
|upkeep
|
|t:|1779595845
|switch|p2a: Gholdengo|Gholdengo|24/100
|-damage|p2a: Gholdengo|18/100|[from] Stealth Rock
|turn|19
|
|t:|1779595851
|-terastallize|p2a: Gholdengo|Ghost
|move|p2a: Gholdengo|Shadow Ball|p1a: Slowking
|-supereffective|p1a: Slowking
|-crit|p1a: Slowking
|-damage|p1a: Slowking|0 fnt
|faint|p1a: Slowking
|
|-heal|p2a: Gholdengo|24/100|[from] Grassy Terrain
|-fieldend|move: Grassy Terrain
|upkeep
|
|t:|1779595854
|switch|p1a: Primarina|Primarina, M|31/100
|-damage|p1a: Primarina|19/100|[from] Stealth Rock
|-damage|p1a: Primarina|6/100|[from] Spikes
|turn|20
|
|t:|1779595857
|move|p2a: Gholdengo|Shadow Ball|p1a: Primarina
|-damage|p1a: Primarina|0 fnt
|faint|p1a: Primarina
|
|win|calamitycow
|raw|Scizorag's rating: 1428 &rarr; <strong>1412</strong><br />(-16 for losing)
|raw|calamitycow's rating: 1505 &rarr; <strong>1521</strong><br />(+16 for winning)
|l|☆calamitycow
|player|p2|
|l|☆Scizorag
|player|p1|
