|j|☆Latari
|j|☆rebefzreet
|t:|1779604987
|gametype|singles
|player|p1|Latari|miku-flying|1204
|player|p2|rebefzreet|101|1238
|gen|9
|tier|[Gen 9] OU
|rated|
|rule|HP Percentage Mod: HP is shown in percentages
|rule|Endless Battle Clause: Forcing endless battles is banned
|rule|Species Clause: Limit one of each Pokémon
|rule|OHKO Clause: OHKO moves are banned
|rule|Evasion Items Clause: Evasion items are banned
|rule|Evasion Moves Clause: Evasion moves are banned
|rule|Evasion Abilities Clause: Evasion abilities are banned
|rule|Sleep Moves Clause: Sleep-inducing moves are banned
|clearpoke
|poke|p1|Serperior, F|
|poke|p1|Skeledirge, M|
|poke|p1|Ting-Lu|
|poke|p1|Gholdengo|
|poke|p1|Rotom-Wash|
|poke|p1|Weavile, F|
|poke|p2|Zapdos|
|poke|p2|Zangoose, F|
|poke|p2|Gholdengo|
|poke|p2|Latias, F|
|poke|p2|Weavile, F|
|poke|p2|Deoxys-Speed|
|teampreview
|
|t:|1779604997
|teamsize|p1|6
|teamsize|p2|6
|start
|switch|p1a: Jane Remover|Serperior, F, shiny|100/100
|switch|p2a: Deoxys|Deoxys-Speed|100/100
|-ability|p2a: Deoxys|Pressure
|turn|1
|
|t:|1779605006
|move|p2a: Deoxys|Taunt|p1a: Jane Remover
|-start|p1a: Jane Remover|move: Taunt
|move|p1a: Jane Remover|Leaf Storm|p2a: Deoxys
|-damage|p2a: Deoxys|46/100
|-boost|p1a: Jane Remover|spa|2
|
|upkeep
|turn|2
|
|t:|1779605014
|move|p2a: Deoxys|Thunder Wave|p1a: Jane Remover
|-status|p1a: Jane Remover|par
|cant|p1a: Jane Remover|par
|
|upkeep
|turn|3
|
|t:|1779605034
|switch|p1a: Oklou|Rotom-Wash|100/100
|move|p2a: Deoxys|Stealth Rock|p1a: Oklou
|-sidestart|p1: Latari|move: Stealth Rock
|
|upkeep
|turn|4
|
|t:|1779605049
|switch|p2a: Latias|Latias, F|100/100
|move|p1a: Oklou|Hydro Pump|p2a: Latias|[miss]
|-miss|p1a: Oklou|p2a: Latias
|
|upkeep
|turn|5
|inactive|Battle timer is ON: inactive players will automatically lose when time's up. (requested by rebefzreet)
|
|t:|1779605054
|move|p2a: Latias|Mist Ball|p1a: Oklou
|-damage|p1a: Oklou|51/100
|-unboost|p1a: Oklou|spa|1
|move|p1a: Oklou|Volt Switch|p2a: Latias
|-resisted|p2a: Latias
|-damage|p2a: Latias|94/100
|
|t:|1779605082
|switch|p1a: Arranged In April|Weavile, F|100/100|[from] Volt Switch
|
|-heal|p2a: Latias|99/100|[from] item: Leftovers
|upkeep
|turn|6
|
|t:|1779605092
|switch|p2a: Zapdos|Zapdos, shiny|100/100
|move|p1a: Arranged In April|Triple Axel|p2a: Zapdos
|-supereffective|p2a: Zapdos
|-damage|p2a: Zapdos|86/100
|-supereffective|p2a: Zapdos
|-damage|p2a: Zapdos|58/100
|-supereffective|p2a: Zapdos
|-damage|p2a: Zapdos|17/100
|-hitcount|p2a: Zapdos|3
|
|upkeep
|turn|7
|
|t:|1779605102
|move|p1a: Arranged In April|Ice Shard|p2a: Zapdos
|-supereffective|p2a: Zapdos
|-damage|p2a: Zapdos|0 fnt
|faint|p2a: Zapdos
|
|upkeep
|
|t:|1779605109
|switch|p2a: Deoxys|Deoxys-Speed|46/100
|-ability|p2a: Deoxys|Pressure
|turn|8
|
|t:|1779605116
|move|p1a: Arranged In April|Ice Shard|p2a: Deoxys
|-damage|p2a: Deoxys|20/100
|move|p2a: Deoxys|Thunder Wave|p1a: Arranged In April
|-status|p1a: Arranged In April|par
|
|upkeep
|turn|9
|
|t:|1779605125
|switch|p2a: Zangoose|Zangoose, F|100/100
|move|p1a: Arranged In April|Ice Shard|p2a: Zangoose
|-damage|p2a: Zangoose|66/100
|
|-status|p2a: Zangoose|tox|[from] item: Toxic Orb
|upkeep
|turn|10
|
|t:|1779605143
|move|p2a: Zangoose|Facade|p1a: Arranged In April
|-crit|p1a: Arranged In April
|-damage|p1a: Arranged In April|0 fnt
|faint|p1a: Arranged In April
|
|-damage|p2a: Zangoose|60/100 tox|[from] psn
|upkeep
|inactive|Latari has 120 seconds left.
|
|t:|1779605166
|switch|p1a: Jane Remover|Serperior, F, shiny|100/100 par
|turn|11
|
|t:|1779605175
|switch|p2a: Deoxys|Deoxys-Speed|20/100
|-ability|p2a: Deoxys|Pressure
|switch|p1a: Edward Skeletrix|Skeledirge, M|100/100
|
|upkeep
|turn|12
|
|t:|1779605184
|move|p2a: Deoxys|Thunder Wave|p1a: Edward Skeletrix
|-status|p1a: Edward Skeletrix|par
|move|p1a: Edward Skeletrix|Torch Song|p2a: Deoxys
|-damage|p2a: Deoxys|0 fnt
|-boost|p1a: Edward Skeletrix|spa|1
|faint|p2a: Deoxys
|
|upkeep
|
|t:|1779605192
|switch|p2a: Weavile|Weavile, F|100/100
|turn|13
|
|t:|1779605202
|switch|p1a: underscores|Ting-Lu|100/100
|-damage|p1a: underscores|94/100|[from] Stealth Rock
|-ability|p1a: underscores|Vessel of Ruin
|move|p2a: Weavile|Knock Off|p1a: underscores
|-resisted|p1a: underscores
|-damage|p1a: underscores|73/100
|-enditem|p1a: underscores|Leftovers|[from] move: Knock Off|[of] p2a: Weavile
|
|upkeep
|turn|14
|
|t:|1779605213
|switch|p2a: Latias|Latias, F|99/100
|move|p1a: underscores|Stealth Rock|p2a: Latias
|-sidestart|p2: rebefzreet|move: Stealth Rock
|
|-heal|p2a: Latias|100/100|[from] item: Leftovers
|upkeep
|turn|15
|
|t:|1779605219
|move|p2a: Latias|Draco Meteor|p1a: underscores
|-damage|p1a: underscores|45/100
|-unboost|p2a: Latias|spa|2
|move|p1a: underscores|Ruination|p2a: Latias|[miss]
|-miss|p1a: underscores|p2a: Latias
|
|upkeep
|turn|16
|
|t:|1779605229
|switch|p2a: Weavile|Weavile, F|100/100
|-damage|p2a: Weavile|76/100|[from] Stealth Rock
|move|p1a: underscores|Spikes|p2a: Weavile
|-sidestart|p2: rebefzreet|Spikes
|
|upkeep
|turn|17
|
|t:|1779605240
|switch|p1a: Edward Skeletrix|Skeledirge, M|100/100 par
|move|p2a: Weavile|Triple Axel|p1a: Edward Skeletrix
|-resisted|p1a: Edward Skeletrix
|-damage|p1a: Edward Skeletrix|94/100 par
|-resisted|p1a: Edward Skeletrix
|-damage|p1a: Edward Skeletrix|82/100 par
|-resisted|p1a: Edward Skeletrix
|-damage|p1a: Edward Skeletrix|63/100 par
|-hitcount|p1a: Edward Skeletrix|3
|
|upkeep
|turn|18
|
|t:|1779605254
|switch|p2a: Latias|Latias, F|100/100
|-damage|p2a: Latias|88/100|[from] Stealth Rock
|move|p1a: Edward Skeletrix|Torch Song|p2a: Latias
|-resisted|p2a: Latias
|-damage|p2a: Latias|77/100
|-boost|p1a: Edward Skeletrix|spa|1
|
|-heal|p2a: Latias|83/100|[from] item: Leftovers
|upkeep
|turn|19
|
|t:|1779605270
|switch|p1a: underscores|Ting-Lu|45/100
|-damage|p1a: underscores|39/100|[from] Stealth Rock
|-ability|p1a: underscores|Vessel of Ruin
|move|p2a: Latias|Draco Meteor|p1a: underscores
|-damage|p1a: underscores|10/100
|-unboost|p2a: Latias|spa|2
|
|-heal|p2a: Latias|89/100|[from] item: Leftovers
|upkeep
|turn|20
|
|t:|1779605281
|move|p2a: Latias|Draco Meteor|p1a: underscores
|-damage|p1a: underscores|0 fnt
|-unboost|p2a: Latias|spa|2
|faint|p1a: underscores
|
|-heal|p2a: Latias|95/100|[from] item: Leftovers
|upkeep
|
|t:|1779605295
|switch|p1a: Fakemink|Gholdengo|100/100
|-damage|p1a: Fakemink|94/100|[from] Stealth Rock
|turn|21
|
|t:|1779605300
|move|p1a: Fakemink|Make It Rain|p2a: Latias
|-damage|p2a: Latias|50/100
|-unboost|p1a: Fakemink|spa|1
|move|p2a: Latias|Thunder Wave|p1a: Fakemink
|-immune|p1a: Fakemink|[from] ability: Good as Gold
|
|-heal|p2a: Latias|56/100|[from] item: Leftovers
|upkeep
|turn|22
|
|t:|1779605310
|switch|p1a: Jane Remover|Serperior, F, shiny|100/100 par
|move|p2a: Latias|Recover|p2a: Latias
|-heal|p2a: Latias|100/100
|
|upkeep
|turn|23
|
|t:|1779605325
|switch|p2a: Gholdengo|Gholdengo|100/100
|-damage|p2a: Gholdengo|94/100|[from] Stealth Rock
|-damage|p2a: Gholdengo|82/100|[from] Spikes
|move|p1a: Jane Remover|Leaf Storm|p2a: Gholdengo
|-resisted|p2a: Gholdengo
|-damage|p2a: Gholdengo|63/100
|-boost|p1a: Jane Remover|spa|2
|
|upkeep
|turn|24
|
|t:|1779605336
|move|p2a: Gholdengo|Make It Rain|p1a: Jane Remover
|-damage|p1a: Jane Remover|43/100 par
|-unboost|p2a: Gholdengo|spa|1
|cant|p1a: Jane Remover|par
|
|upkeep
|turn|25
|
|t:|1779605351
|switch|p2a: Latias|Latias, F|100/100
|-damage|p2a: Latias|88/100|[from] Stealth Rock
|switch|p1a: Fakemink|Gholdengo|94/100
|-damage|p1a: Fakemink|88/100|[from] Stealth Rock
|
|-heal|p2a: Latias|94/100|[from] item: Leftovers
|upkeep
|turn|26
|
|t:|1779605374
|move|p1a: Fakemink|Recover|p1a: Fakemink
|-heal|p1a: Fakemink|100/100
|move|p2a: Latias|Mist Ball|p1a: Fakemink
|-resisted|p1a: Fakemink
|-damage|p1a: Fakemink|74/100
|-unboost|p1a: Fakemink|spa|1
|
|-heal|p2a: Latias|99/100|[from] item: Leftovers
|upkeep
|turn|27
|
|t:|1779605386
|switch|p1a: Jane Remover|Serperior, F, shiny|43/100 par
|move|p2a: Latias|Mist Ball|p1a: Jane Remover
|-damage|p1a: Jane Remover|0 fnt
|faint|p1a: Jane Remover
|
|-heal|p2a: Latias|100/100|[from] item: Leftovers
|upkeep
|
|t:|1779605393
|switch|p1a: Fakemink|Gholdengo|74/100
|-damage|p1a: Fakemink|68/100|[from] Stealth Rock
|turn|28
|
|t:|1779605397
|move|p1a: Fakemink|Trick|p2a: Latias
|-activate|p1a: Fakemink|move: Trick|[of] p2a: Latias
|-item|p2a: Latias|Choice Scarf|[from] move: Trick
|-item|p1a: Fakemink|Leftovers|[from] move: Trick
|move|p2a: Latias|Mist Ball|p1a: Fakemink
|-resisted|p1a: Fakemink
|-damage|p1a: Fakemink|40/100
|
|-heal|p1a: Fakemink|46/100|[from] item: Leftovers
|upkeep
|turn|29
|
|t:|1779605405
|move|p2a: Latias|Mist Ball|p1a: Fakemink
|-resisted|p1a: Fakemink
|-damage|p1a: Fakemink|19/100
|-unboost|p1a: Fakemink|spa|1
|move|p1a: Fakemink|Recover|p1a: Fakemink
|-heal|p1a: Fakemink|69/100
|
|-heal|p1a: Fakemink|75/100|[from] item: Leftovers
|upkeep
|turn|30
|
|t:|1779605418
|switch|p2a: Zangoose|Zangoose, F|60/100 tox
|-damage|p2a: Zangoose|48/100 tox|[from] Stealth Rock
|-damage|p2a: Zangoose|36/100 tox|[from] Spikes
|move|p1a: Fakemink|Shadow Ball|p2a: Zangoose
|-immune|p2a: Zangoose
|
|-heal|p1a: Fakemink|81/100|[from] item: Leftovers
|-damage|p2a: Zangoose|30/100 tox|[from] psn
|upkeep
|turn|31
|
|t:|1779605439
|move|p2a: Zangoose|Knock Off|p1a: Fakemink
|-supereffective|p1a: Fakemink
|-damage|p1a: Fakemink|0 fnt
|-enditem|p1a: Fakemink|Leftovers|[from] move: Knock Off|[of] p2a: Zangoose
|faint|p1a: Fakemink
|
|-damage|p2a: Zangoose|18/100 tox|[from] psn
|upkeep
|
|t:|1779605444
|switch|p1a: Oklou|Rotom-Wash|51/100
|-damage|p1a: Oklou|39/100|[from] Stealth Rock
|turn|32
|
|t:|1779605453
|-terastallize|p1a: Oklou|Steel
|move|p2a: Zangoose|Knock Off|p1a: Oklou
|-damage|p1a: Oklou|0 fnt
|-damage|p2a: Zangoose|2/100 tox|[from] item: Rocky Helmet|[of] p1a: Oklou
|-enditem|p1a: Oklou|Rocky Helmet|[from] move: Knock Off|[of] p2a: Zangoose
|faint|p1a: Oklou
|
|-damage|p2a: Zangoose|0 fnt|[from] psn
|faint|p2a: Zangoose
|upkeep
|
|t:|1779605459
|switch|p2a: Weavile|Weavile, F|76/100
|switch|p1a: Edward Skeletrix|Skeledirge, M|63/100 par
|-damage|p2a: Weavile|51/100|[from] Stealth Rock
|-damage|p2a: Weavile|38/100|[from] Spikes
|turn|33
|
|t:|1779605461
|move|p2a: Weavile|Knock Off|p1a: Edward Skeletrix
|-supereffective|p1a: Edward Skeletrix
|-damage|p1a: Edward Skeletrix|0 fnt
|-enditem|p1a: Edward Skeletrix|Heavy-Duty Boots|[from] move: Knock Off|[of] p2a: Weavile
|faint|p1a: Edward Skeletrix
|
|win|rebefzreet
|raw|Latari's rating: 1204 &rarr; <strong>1181</strong><br />(-23 for losing)
|raw|rebefzreet's rating: 1238 &rarr; <strong>1261</strong><br />(+23 for winning)
|l|☆rebefzreet
|player|p2|
|l|☆Latari
|player|p1|
