|j|☆micktown
|j|☆zmqz
|t:|1779602784
|gametype|singles
|player|p1|micktown|265|1410
|player|p2|zmqz|preschooler|1359
|gen|9
|tier|[Gen 9] OU
|rated|
|rule|HP Percentage Mod: HP is shown in percentages
|rule|Endless Battle Clause: Forcing endless battles is banned
|rule|Species Clause: Limit one of each Pokémon
|rule|OHKO Clause: OHKO moves are banned
|rule|Evasion Items Clause: Evasion items are banned
|rule|Evasion Moves Clause: Evasion moves are banned
|rule|Evasion Abilities Clause: Evasion abilities are banned
|rule|Sleep Moves Clause: Sleep-inducing moves are banned
|clearpoke
|poke|p1|Ninetales-Alola, F|
|poke|p1|Hatterene, F|
|poke|p1|Ceruledge, M|
|poke|p1|Great Tusk|
|poke|p1|Iron Moth|
|poke|p1|Kingambit, F|
|poke|p2|Great Tusk|
|poke|p2|Ogerpon-Cornerstone, F|
|poke|p2|Kyurem|
|poke|p2|Iron Moth|
|poke|p2|Pecharunt|
|poke|p2|Vikavolt, F|
|teampreview
|
|t:|1779602789
|teamsize|p1|6
|teamsize|p2|6
|start
|switch|p1a: Ninetales|Ninetales-Alola, F|100/100
|switch|p2a: Vikavolt|Vikavolt, F|100/100
|-weather|Snowscape|[from] ability: Snow Warning|[of] p1a: Ninetales
|turn|1
|
|t:|1779602796
|switch|p1a: Hatterene|Hatterene, F|100/100
|move|p2a: Vikavolt|Sticky Web|p1a: Hatterene
|move|p1a: Hatterene|Sticky Web|p2a: Vikavolt|[from] ability: Magic Bounce
|-sidestart|p2: zmqz|move: Sticky Web
|
|-weather|Snowscape|[upkeep]
|upkeep
|turn|2
|
|t:|1779602805
|move|p2a: Vikavolt|Bug Buzz|p1a: Hatterene
|-damage|p1a: Hatterene|41/100
|move|p1a: Hatterene|Calm Mind|p1a: Hatterene
|-boost|p1a: Hatterene|spa|1
|-boost|p1a: Hatterene|spd|1
|
|-weather|Snowscape|[upkeep]
|-heal|p1a: Hatterene|47/100|[from] item: Leftovers
|upkeep
|turn|3
|
|t:|1779602816
|move|p2a: Vikavolt|Bug Buzz|p1a: Hatterene
|-damage|p1a: Hatterene|7/100
|-unboost|p1a: Hatterene|spd|1
|move|p1a: Hatterene|Draining Kiss|p2a: Vikavolt
|-damage|p2a: Vikavolt|45/100
|-heal|p1a: Hatterene|54/100|[from] drain|[of] p2a: Vikavolt
|
|-weather|Snowscape|[upkeep]
|-heal|p1a: Hatterene|60/100|[from] item: Leftovers
|upkeep
|turn|4
|
|t:|1779602843
|move|p2a: Vikavolt|Bug Buzz|p1a: Hatterene
|-damage|p1a: Hatterene|0 fnt
|faint|p1a: Hatterene
|
|-weather|Snowscape|[upkeep]
|upkeep
|
|t:|1779602848
|switch|p1a: Iron Moth|Iron Moth|100/100
|-enditem|p1a: Iron Moth|Booster Energy
|-activate|p1a: Iron Moth|ability: Quark Drive|[fromitem]
|-start|p1a: Iron Moth|quarkdrivespe
|turn|5
|
|t:|1779602876
|switch|p2a: Pecharunt|Pecharunt|100/100
|-activate|p2a: Pecharunt|move: Sticky Web
|-unboost|p2a: Pecharunt|spe|1
|move|p1a: Iron Moth|Fiery Dance|p2a: Pecharunt
|-crit|p2a: Pecharunt
|-damage|p2a: Pecharunt|35/100
|
|-weather|none
|-heal|p2a: Pecharunt|41/100|[from] item: Leftovers
|upkeep
|turn|6
|
|t:|1779602886
|move|p1a: Iron Moth|Fiery Dance|p2a: Pecharunt
|-damage|p2a: Pecharunt|3/100
|move|p2a: Pecharunt|Parting Shot|p1a: Iron Moth
|-unboost|p1a: Iron Moth|atk|1
|-unboost|p1a: Iron Moth|spa|1
|
|t:|1779602894
|switch|p2a: Kyurem|Kyurem|100/100|[from] Parting Shot
|-activate|p2a: Kyurem|move: Sticky Web
|-unboost|p2a: Kyurem|spe|1
|-ability|p2a: Kyurem|Pressure
|
|upkeep
|turn|7
|
|t:|1779602902
|move|p1a: Iron Moth|Dazzling Gleam|p2a: Kyurem
|-supereffective|p2a: Kyurem
|-damage|p2a: Kyurem|78/100
|move|p2a: Kyurem|Earth Power|p1a: Iron Moth
|-supereffective|p1a: Iron Moth
|-damage|p1a: Iron Moth|0 fnt
|faint|p1a: Iron Moth
|-end|p1a: Iron Moth|Quark Drive|[silent]
|
|upkeep
|
|t:|1779602910
|switch|p1a: Ninetales|Ninetales-Alola, F|100/100
|-weather|Snowscape|[from] ability: Snow Warning|[of] p1a: Ninetales
|turn|8
|
|t:|1779602919
|switch|p2a: Iron Moth|Iron Moth|100/100
|-activate|p2a: Iron Moth|move: Sticky Web
|-unboost|p2a: Iron Moth|spe|1
|-enditem|p2a: Iron Moth|Booster Energy
|-activate|p2a: Iron Moth|ability: Quark Drive|[fromitem]
|-start|p2a: Iron Moth|quarkdrivespa
|move|p1a: Ninetales|Aurora Veil|p1a: Ninetales
|-sidestart|p1: micktown|move: Aurora Veil
|
|-weather|Snowscape|[upkeep]
|upkeep
|turn|9
|
|t:|1779602928
|switch|p1a: Ceruledge|Ceruledge, M|100/100
|move|p2a: Iron Moth|Fiery Dance|p1a: Ceruledge
|-start|p1a: Ceruledge|ability: Flash Fire
|
|-weather|Snowscape|[upkeep]
|upkeep
|turn|10
|
|t:|1779602959
|-end|p2a: Iron Moth|Quark Drive|[silent]
|switch|p2a: Vikavolt|Vikavolt, F|45/100
|move|p1a: Ceruledge|Bulk Up|p1a: Ceruledge
|-boost|p1a: Ceruledge|atk|1
|-boost|p1a: Ceruledge|def|1
|
|-weather|Snowscape|[upkeep]
|upkeep
|turn|11
|
|t:|1779602972
|move|p1a: Ceruledge|Bitter Blade|p2a: Vikavolt
|-supereffective|p2a: Vikavolt
|-damage|p2a: Vikavolt|0 fnt
|faint|p2a: Vikavolt
|
|-weather|Snowscape|[upkeep]
|upkeep
|
|t:|1779602989
|switch|p2a: Ogerpon|Ogerpon-Cornerstone, F|100/100
|-activate|p2a: Ogerpon|move: Sticky Web
|-unboost|p2a: Ogerpon|spe|1
|turn|12
|
|t:|1779603004
|move|p2a: Ogerpon|Ivy Cudgel|p1a: Ceruledge|[anim] Ivy Cudgel Rock
|-supereffective|p1a: Ceruledge
|-damage|p1a: Ceruledge|52/100
|move|p1a: Ceruledge|Bitter Blade|p2a: Ogerpon
|-ability|p2a: Ogerpon|Sturdy
|-damage|p2a: Ogerpon|1/100
|-heal|p1a: Ceruledge|95/100|[from] drain|[of] p2a: Ogerpon
|
|-weather|none
|upkeep
|turn|13
|
|t:|1779603022
|move|p1a: Ceruledge|Shadow Sneak|p2a: Ogerpon
|-damage|p2a: Ogerpon|0 fnt
|faint|p2a: Ogerpon
|
|upkeep
|
|t:|1779603034
|switch|p2a: Great Tusk|Great Tusk|100/100
|turn|14
|
|t:|1779603042
|-terastallize|p1a: Ceruledge|Bug
|move|p2a: Great Tusk|Headlong Rush|p1a: Ceruledge
|-resisted|p1a: Ceruledge
|-crit|p1a: Ceruledge
|-damage|p1a: Ceruledge|44/100
|-unboost|p2a: Great Tusk|def|1
|-unboost|p2a: Great Tusk|spd|1
|move|p1a: Ceruledge|Bulk Up|p1a: Ceruledge
|-boost|p1a: Ceruledge|atk|1
|-boost|p1a: Ceruledge|def|1
|
|upkeep
|turn|15
|
|t:|1779603059
|move|p2a: Great Tusk|Rapid Spin|p1a: Ceruledge
|-damage|p1a: Ceruledge|38/100
|-boost|p2a: Great Tusk|spe|1
|-sideend|p2: zmqz|Sticky Web|[from] move: Rapid Spin|[of] p2a: Great Tusk
|move|p1a: Ceruledge|Bitter Blade|p2a: Great Tusk
|-damage|p2a: Great Tusk|0 fnt
|-heal|p1a: Ceruledge|91/100|[from] drain|[of] p2a: Great Tusk
|faint|p2a: Great Tusk
|-end|p2a: Great Tusk|Protosynthesis|[silent]
|
|-sideend|p1: micktown|move: Aurora Veil
|upkeep
|
|t:|1779603074
|switch|p2a: Iron Moth|Iron Moth|100/100
|turn|16
|
|t:|1779603084
|move|p2a: Iron Moth|Sludge Wave|p1a: Ceruledge
|-damage|p1a: Ceruledge|49/100
|move|p1a: Ceruledge|Bitter Blade|p2a: Iron Moth
|-resisted|p2a: Iron Moth
|-damage|p2a: Iron Moth|7/100
|-heal|p1a: Ceruledge|89/100|[from] drain|[of] p2a: Iron Moth
|
|upkeep
|turn|17
|
|t:|1779603093
|move|p1a: Ceruledge|Shadow Sneak|p2a: Iron Moth
|-damage|p2a: Iron Moth|0 fnt
|faint|p2a: Iron Moth
|-end|p2a: Iron Moth|Quark Drive|[silent]
|
|upkeep
|
|t:|1779603097
|switch|p2a: Kyurem|Kyurem|78/100
|-ability|p2a: Kyurem|Pressure
|turn|18
|
|t:|1779603106
|move|p2a: Kyurem|Ice Beam|p1a: Ceruledge
|-damage|p1a: Ceruledge|51/100
|move|p1a: Ceruledge|Bitter Blade|p2a: Kyurem
|-damage|p2a: Kyurem|0 fnt
|-heal|p1a: Ceruledge|99/100|[from] drain|[of] p2a: Kyurem
|faint|p2a: Kyurem
|
|upkeep
|
|t:|1779603112
|switch|p2a: Pecharunt|Pecharunt|3/100
|turn|19
|
|t:|1779603115
|move|p1a: Ceruledge|Shadow Sneak|p2a: Pecharunt
|-supereffective|p2a: Pecharunt
|-damage|p2a: Pecharunt|0 fnt
|faint|p2a: Pecharunt
|
|win|micktown
|raw|micktown's rating: 1410 &rarr; <strong>1427</strong><br />(+17 for winning)
|raw|zmqz's rating: 1359 &rarr; <strong>1342</strong><br />(-17 for losing)
|c|☆micktown|Gg
|l|☆zmqz
|player|p2|
|l|☆micktown
|player|p1|
