|j|☆Orangsaltogu2
|j|☆KenjiShiguma
|t:|1779705370
|gametype|singles
|player|p1|Orangsaltogu2|backers|1208
|player|p2|KenjiShiguma|pokemonbreeder-gen4|1156
|gen|9
|tier|[Gen 9] OU
|rated|
|rule|HP Percentage Mod: HP is shown in percentages
|rule|Endless Battle Clause: Forcing endless battles is banned
|rule|Species Clause: Limit one of each Pokémon
|rule|OHKO Clause: OHKO moves are banned
|rule|Evasion Items Clause: Evasion items are banned
|rule|Evasion Moves Clause: Evasion moves are banned
|rule|Evasion Abilities Clause: Evasion abilities are banned
|rule|Sleep Moves Clause: Sleep-inducing moves are banned
|clearpoke
|poke|p1|Samurott-Hisui, M|
|poke|p1|Dragapult, M|
|poke|p1|Iron Valiant|
|poke|p1|Kingambit, F|
|poke|p1|Great Tusk|
|poke|p1|Raging Bolt|
|poke|p2|Golduck, F|
|poke|p2|Porygon2|
|poke|p2|Gardevoir, F|
|poke|p2|Grumpig, M|
|poke|p2|Toxapex, F|
|poke|p2|Hatterene, F|
|teampreview
|inactive|Battle timer is ON: inactive players will automatically lose when time's up. (requested by Orangsaltogu2)
|
|t:|1779705380
|teamsize|p1|6
|teamsize|p2|6
|start
|switch|p1a: Samurott|Samurott-Hisui, M|100/100
|switch|p2a: Hatterene|Hatterene, F|100/100
|turn|1
|
|t:|1779705390
|move|p1a: Samurott|Knock Off|p2a: Hatterene
|-damage|p2a: Hatterene|48/100
|-enditem|p2a: Hatterene|Light Clay|[from] move: Knock Off|[of] p1a: Samurott
|move|p2a: Hatterene|Nuzzle|p1a: Samurott
|-supereffective|p1a: Samurott
|-damage|p1a: Samurott|90/100
|-status|p1a: Samurott|par
|
|upkeep
|turn|2
|
|t:|1779705400
|cant|p1a: Samurott|par
|move|p2a: Hatterene|Reflect|p2a: Hatterene
|-sidestart|p2: KenjiShiguma|Reflect
|
|upkeep
|turn|3
|
|t:|1779705411
|switch|p1a: Great Tusk|Great Tusk|100/100
|move|p2a: Hatterene|Skill Swap||[still]
|-fail|p2a: Hatterene
|
|upkeep
|turn|4
|
|t:|1779705423
|move|p1a: Great Tusk|Earthquake|p2a: Hatterene
|-crit|p2a: Hatterene
|-damage|p2a: Hatterene|0 fnt
|faint|p2a: Hatterene
|
|upkeep
|
|t:|1779705439
|switch|p2a: Golduck|Golduck, F|100/100
|-ability|p2a: Golduck|Cloud Nine
|turn|5
|
|t:|1779705446
|-end|p1a: Great Tusk|Protosynthesis|[silent]
|switch|p1a: Raging Bolt|Raging Bolt|100/100
|move|p2a: Golduck|Simple Beam|p1a: Raging Bolt
|-end|p1a: Raging Bolt|Protosynthesis|[silent]
|-ability|p1a: Raging Bolt|Simple|Protosynthesis|[from] move: Simple Beam
|
|upkeep
|turn|6
|
|t:|1779705456
|switch|p2a: Gardevoir|Gardevoir, F|100/100
|-ability|p2a: Gardevoir|Simple|Trace|[from] ability: Trace|[of] p1a: Raging Bolt
|move|p1a: Raging Bolt|Thunderbolt|p2a: Gardevoir
|-damage|p2a: Gardevoir|46/100
|-status|p2a: Gardevoir|par
|
|-heal|p2a: Gardevoir|52/100 par|[from] item: Leftovers
|-sideend|p2: KenjiShiguma|Reflect
|upkeep
|turn|7
|-message|KenjiShiguma forfeited.
|
|win|Orangsaltogu2
|raw|Orangsaltogu2's rating: 1208 &rarr; <strong>1229</strong><br />(+21 for winning)
|raw|KenjiShiguma's rating: 1156 &rarr; <strong>1135</strong><br />(-21 for losing)
|l|☆KenjiShiguma
|player|p2|
|l|☆Orangsaltogu2
|player|p1|
