|j|☆mu4noy
|j|☆IsaiahZX7
|t:|1779623979
|gametype|singles
|player|p1|mu4noy|170|1124
|player|p2|IsaiahZX7|cynthia-gen4|1166
|gen|9
|tier|[Gen 9] OU
|rated|
|rule|HP Percentage Mod: HP is shown in percentages
|rule|Endless Battle Clause: Forcing endless battles is banned
|rule|Species Clause: Limit one of each Pokémon
|rule|OHKO Clause: OHKO moves are banned
|rule|Evasion Items Clause: Evasion items are banned
|rule|Evasion Moves Clause: Evasion moves are banned
|rule|Evasion Abilities Clause: Evasion abilities are banned
|rule|Sleep Moves Clause: Sleep-inducing moves are banned
|clearpoke
|poke|p1|Darkrai|
|poke|p1|Rillaboom, M|
|poke|p1|Walking Wake|
|poke|p1|Toxapex, M|
|poke|p1|Landorus-Therian, M|
|poke|p1|Hatterene, F|
|poke|p2|Weavile, F|
|poke|p2|Moltres|
|poke|p2|Ogerpon-Wellspring, F|
|poke|p2|Great Tusk|
|poke|p2|Gholdengo|
|poke|p2|Zamazenta-*|
|teampreview
|
|t:|1779623992
|teamsize|p1|6
|teamsize|p2|6
|start
|switch|p1a: Hatterene|Hatterene, F|100/100
|switch|p2a: Ogerpon|Ogerpon-Wellspring, F|100/100
|turn|1
|
|t:|1779624012
|move|p2a: Ogerpon|U-turn|p1a: Hatterene
|-damage|p1a: Hatterene|66/100
|
|t:|1779624013
|switch|p2a: Gholdengo|Gholdengo|100/100|[from] U-turn
|move|p1a: Hatterene|Dazzling Gleam|p2a: Gholdengo
|-resisted|p2a: Gholdengo
|-damage|p2a: Gholdengo|72/100
|
|upkeep
|turn|2
|
|t:|1779624020
|switch|p1a: Toxapex|Toxapex, M|100/100
|move|p2a: Gholdengo|Make It Rain|p1a: Toxapex
|-resisted|p1a: Toxapex
|-crit|p1a: Toxapex
|-damage|p1a: Toxapex|59/100
|-unboost|p2a: Gholdengo|spa|1
|
|upkeep
|turn|3
|
|t:|1779624040
|switch|p2a: Great Tusk|Great Tusk|100/100
|switch|p1a: Landorus|Landorus-Therian, M|100/100
|-ability|p1a: Landorus|Intimidate|boost
|-unboost|p2a: Great Tusk|atk|1
|
|upkeep
|turn|4
|
|t:|1779624071
|-end|p2a: Great Tusk|Protosynthesis|[silent]
|switch|p2a: Moltres|Moltres|100/100
|move|p1a: Landorus|Earthquake|p2a: Moltres
|-immune|p2a: Moltres
|
|upkeep
|turn|5
|
|t:|1779624083
|switch|p1a: Walking Wake|Walking Wake|100/100
|move|p2a: Moltres|U-turn|p1a: Walking Wake
|-damage|p1a: Walking Wake|86/100
|
|t:|1779624092
|switch|p2a: Ogerpon|Ogerpon-Wellspring, F|100/100|[from] U-turn
|
|-heal|p1a: Walking Wake|92/100|[from] item: Leftovers
|upkeep
|turn|6
|
|t:|1779624115
|switch|p2a: Gholdengo|Gholdengo|72/100
|move|p1a: Walking Wake|Dragon Pulse|p2a: Gholdengo
|-resisted|p2a: Gholdengo
|-damage|p2a: Gholdengo|48/100
|
|-heal|p1a: Walking Wake|98/100|[from] item: Leftovers
|upkeep
|turn|7
|
|t:|1779624139
|-end|p1a: Walking Wake|Protosynthesis|[silent]
|switch|p1a: Landorus|Landorus-Therian, M|100/100
|-ability|p1a: Landorus|Intimidate|boost
|-unboost|p2a: Gholdengo|atk|1
|move|p2a: Gholdengo|Shadow Ball|p1a: Landorus
|-damage|p1a: Landorus|49/100
|
|upkeep
|turn|8
|
|t:|1779624147
|switch|p2a: Moltres|Moltres|100/100
|move|p1a: Landorus|U-turn|p2a: Moltres
|-resisted|p2a: Moltres
|-damage|p2a: Moltres|94/100
|
|t:|1779624156
|switch|p1a: Darkrai|Darkrai|100/100|[from] U-turn
|
|upkeep
|turn|9
|
|t:|1779624185
|switch|p2a: Zamazenta|Zamazenta|100/100
|-ability|p2a: Zamazenta|Dauntless Shield|boost
|-boost|p2a: Zamazenta|def|1
|move|p1a: Darkrai|Substitute|p1a: Darkrai
|-start|p1a: Darkrai|Substitute
|-damage|p1a: Darkrai|76/100
|
|-heal|p1a: Darkrai|82/100|[from] item: Leftovers
|upkeep
|turn|10
|
|t:|1779624194
|-terastallize|p2a: Zamazenta|Fire
|move|p2a: Zamazenta|Body Press|p1a: Darkrai
|-supereffective|p1a: Darkrai
|-end|p1a: Darkrai|Substitute
|move|p1a: Darkrai|Charge Beam|p2a: Zamazenta|[miss]
|-miss|p1a: Darkrai|p2a: Zamazenta
|
|-heal|p1a: Darkrai|88/100|[from] item: Leftovers
|upkeep
|turn|11
|
|t:|1779624205
|switch|p1a: Toxapex|Toxapex, M|93/100
|move|p2a: Zamazenta|Body Press|p1a: Toxapex
|-resisted|p1a: Toxapex
|-damage|p1a: Toxapex|76/100
|-damage|p2a: Zamazenta|84/100|[from] item: Rocky Helmet|[of] p1a: Toxapex
|
|upkeep
|turn|12
|
|t:|1779624212
|switch|p2a: Great Tusk|Great Tusk|100/100
|move|p1a: Toxapex|Chilling Water|p2a: Great Tusk
|-supereffective|p2a: Great Tusk
|-damage|p2a: Great Tusk|68/100
|-unboost|p2a: Great Tusk|atk|1
|
|upkeep
|turn|13
|
|t:|1779624223
|move|p2a: Great Tusk|Headlong Rush|p1a: Toxapex
|-supereffective|p1a: Toxapex
|-damage|p1a: Toxapex|24/100
|-unboost|p2a: Great Tusk|def|1
|-unboost|p2a: Great Tusk|spd|1
|-damage|p2a: Great Tusk|52/100|[from] item: Rocky Helmet|[of] p1a: Toxapex
|move|p1a: Toxapex|Chilling Water|p2a: Great Tusk
|-supereffective|p2a: Great Tusk
|-damage|p2a: Great Tusk|6/100
|-unboost|p2a: Great Tusk|atk|1
|
|upkeep
|turn|14
|
|t:|1779624236
|switch|p1a: Landorus|Landorus-Therian, M|49/100
|-ability|p1a: Landorus|Intimidate|boost
|-unboost|p2a: Great Tusk|atk|1
|move|p2a: Great Tusk|Stealth Rock|p1a: Landorus
|-sidestart|p1: mu4noy|move: Stealth Rock
|
|upkeep
|turn|15
|
|t:|1779624242
|move|p1a: Landorus|Rock Slide|p2a: Great Tusk
|-resisted|p2a: Great Tusk
|-damage|p2a: Great Tusk|0 fnt
|faint|p2a: Great Tusk
|-end|p2a: Great Tusk|Protosynthesis|[silent]
|
|upkeep
|
|t:|1779624250
|switch|p2a: Weavile|Weavile, F|100/100
|-ability|p2a: Weavile|Pressure
|turn|16
|
|t:|1779624258
|switch|p1a: Toxapex|Toxapex, M|57/100
|-damage|p1a: Toxapex|45/100|[from] Stealth Rock
|move|p2a: Weavile|Ice Shard|p1a: Toxapex
|-resisted|p1a: Toxapex
|-damage|p1a: Toxapex|39/100
|
|upkeep
|turn|17
|
|t:|1779624266
|move|p2a: Weavile|Knock Off|p1a: Toxapex
|-damage|p1a: Toxapex|10/100
|-damage|p2a: Weavile|84/100|[from] item: Rocky Helmet|[of] p1a: Toxapex
|-enditem|p1a: Toxapex|Rocky Helmet|[from] move: Knock Off|[of] p2a: Weavile
|move|p1a: Toxapex|Chilling Water|p2a: Weavile
|-damage|p2a: Weavile|69/100
|-unboost|p2a: Weavile|atk|1
|
|upkeep
|turn|18
|
|t:|1779624280
|switch|p1a: Rillaboom|Rillaboom, M|100/100
|-damage|p1a: Rillaboom|88/100|[from] Stealth Rock
|-fieldstart|move: Grassy Terrain|[from] ability: Grassy Surge|[of] p1a: Rillaboom
|move|p2a: Weavile|Knock Off|p1a: Rillaboom
|-damage|p1a: Rillaboom|57/100
|-enditem|p1a: Rillaboom|Choice Band|[from] move: Knock Off|[of] p2a: Weavile
|
|-heal|p2a: Weavile|75/100|[from] Grassy Terrain
|-heal|p1a: Rillaboom|63/100|[from] Grassy Terrain
|upkeep
|turn|19
|
|t:|1779624291
|switch|p2a: Moltres|Moltres|94/100
|move|p1a: Rillaboom|Brick Break|p2a: Moltres
|-resisted|p2a: Moltres
|-damage|p2a: Moltres|82/100
|
|-heal|p1a: Rillaboom|69/100|[from] Grassy Terrain
|upkeep
|turn|20
|
|t:|1779624299
|switch|p1a: Toxapex|Toxapex, M|43/100
|-damage|p1a: Toxapex|30/100|[from] Stealth Rock
|move|p2a: Moltres|U-turn|p1a: Toxapex
|-resisted|p1a: Toxapex
|-damage|p1a: Toxapex|26/100
|
|t:|1779624310
|switch|p2a: Ogerpon|Ogerpon-Wellspring, F|100/100|[from] U-turn
|
|-heal|p1a: Toxapex|33/100|[from] Grassy Terrain
|upkeep
|turn|21
|
|t:|1779624319
|switch|p1a: Hatterene|Hatterene, F|66/100
|-damage|p1a: Hatterene|54/100|[from] Stealth Rock
|move|p2a: Ogerpon|Horn Leech|p1a: Hatterene
|-damage|p1a: Hatterene|0 fnt
|faint|p1a: Hatterene
|
|upkeep
|
|t:|1779624335
|switch|p1a: Darkrai|Darkrai|88/100
|-damage|p1a: Darkrai|75/100|[from] Stealth Rock
|turn|22
|
|t:|1779624350
|move|p1a: Darkrai|Dark Pulse|p2a: Ogerpon
|-damage|p2a: Ogerpon|49/100
|cant|p2a: Ogerpon|flinch
|
|-heal|p1a: Darkrai|81/100|[from] Grassy Terrain
|-heal|p1a: Darkrai|87/100|[from] item: Leftovers
|-heal|p2a: Ogerpon|55/100|[from] Grassy Terrain
|-fieldend|move: Grassy Terrain
|upkeep
|turn|23
|
|t:|1779624358
|move|p1a: Darkrai|Substitute|p1a: Darkrai
|-start|p1a: Darkrai|Substitute
|-damage|p1a: Darkrai|63/100
|move|p2a: Ogerpon|Horn Leech|p1a: Darkrai
|-end|p1a: Darkrai|Substitute
|-heal|p2a: Ogerpon|66/100|[from] drain|[of] p1a: Darkrai
|
|-heal|p1a: Darkrai|69/100|[from] item: Leftovers
|upkeep
|turn|24
|
|t:|1779624370
|move|p1a: Darkrai|Charge Beam|p2a: Ogerpon
|-damage|p2a: Ogerpon|46/100
|move|p2a: Ogerpon|Horn Leech|p1a: Darkrai
|-damage|p1a: Darkrai|3/100
|-heal|p2a: Ogerpon|77/100|[from] drain|[of] p1a: Darkrai
|
|-heal|p1a: Darkrai|9/100|[from] item: Leftovers
|upkeep
|turn|25
|
|t:|1779624378
|move|p1a: Darkrai|Dark Pulse|p2a: Ogerpon
|-damage|p2a: Ogerpon|23/100
|move|p2a: Ogerpon|Horn Leech|p1a: Darkrai
|-damage|p1a: Darkrai|0 fnt
|-heal|p2a: Ogerpon|27/100|[from] drain|[of] p1a: Darkrai
|faint|p1a: Darkrai
|
|upkeep
|
|t:|1779624390
|switch|p1a: Landorus|Landorus-Therian, M|49/100
|-damage|p1a: Landorus|36/100|[from] Stealth Rock
|-ability|p1a: Landorus|Intimidate|boost
|-unboost|p2a: Ogerpon|atk|1
|turn|26
|
|t:|1779624397
|switch|p2a: Moltres|Moltres|82/100
|move|p1a: Landorus|U-turn|p2a: Moltres
|-resisted|p2a: Moltres
|-damage|p2a: Moltres|76/100
|
|t:|1779624402
|switch|p1a: Toxapex|Toxapex, M|66/100|[from] U-turn
|-damage|p1a: Toxapex|53/100|[from] Stealth Rock
|
|upkeep
|turn|27
|
|t:|1779624419
|move|p2a: Moltres|Scorching Sands|p1a: Toxapex
|-supereffective|p1a: Toxapex
|-damage|p1a: Toxapex|21/100
|move|p1a: Toxapex|Recover|p1a: Toxapex
|-heal|p1a: Toxapex|71/100
|
|upkeep
|turn|28
|
|t:|1779624427
|move|p2a: Moltres|Scorching Sands|p1a: Toxapex
|-supereffective|p1a: Toxapex
|-damage|p1a: Toxapex|38/100
|-status|p1a: Toxapex|brn
|move|p1a: Toxapex|Recover|p1a: Toxapex
|-heal|p1a: Toxapex|88/100 brn
|
|-damage|p1a: Toxapex|81/100 brn|[from] brn
|upkeep
|turn|29
|
|t:|1779624435
|switch|p2a: Gholdengo|Gholdengo|48/100
|move|p1a: Toxapex|Toxic|p2a: Gholdengo
|-immune|p2a: Gholdengo|[from] ability: Good as Gold
|
|-damage|p1a: Toxapex|75/100 brn|[from] brn
|upkeep
|turn|30
|
|t:|1779624442
|move|p2a: Gholdengo|Trick|p1a: Toxapex
|-activate|p2a: Gholdengo|move: Trick|[of] p1a: Toxapex
|-item|p1a: Toxapex|Choice Scarf|[from] move: Trick
|-enditem|p2a: Gholdengo|Choice Scarf|[silent]|[from] move: Trick
|move|p1a: Toxapex|Chilling Water|p2a: Gholdengo
|-damage|p2a: Gholdengo|35/100
|-unboost|p2a: Gholdengo|atk|1
|
|-damage|p1a: Toxapex|69/100 brn|[from] brn
|upkeep
|turn|31
|
|t:|1779624453
|switch|p2a: Ogerpon|Ogerpon-Wellspring, F|27/100
|move|p1a: Toxapex|Chilling Water|p2a: Ogerpon
|-heal|p2a: Ogerpon|52/100|[from] ability: Water Absorb|[of] p1a: Toxapex
|
|-damage|p1a: Toxapex|63/100 brn|[from] brn
|upkeep
|turn|32
|
|t:|1779624460
|switch|p1a: Landorus|Landorus-Therian, M|36/100
|-damage|p1a: Landorus|24/100|[from] Stealth Rock
|-ability|p1a: Landorus|Intimidate|boost
|-unboost|p2a: Ogerpon|atk|1
|move|p2a: Ogerpon|Horn Leech|p1a: Landorus
|-damage|p1a: Landorus|0 fnt
|-heal|p2a: Ogerpon|65/100|[from] drain|[of] p1a: Landorus
|faint|p1a: Landorus
|
|upkeep
|
|t:|1779624471
|switch|p1a: Rillaboom|Rillaboom, M|69/100
|-damage|p1a: Rillaboom|57/100|[from] Stealth Rock
|-fieldstart|move: Grassy Terrain|[from] ability: Grassy Surge|[of] p1a: Rillaboom
|turn|33
|
|t:|1779624477
|switch|p2a: Moltres|Moltres|76/100
|move|p1a: Rillaboom|Knock Off|p2a: Moltres
|-damage|p2a: Moltres|39/100
|-enditem|p2a: Moltres|Heavy-Duty Boots|[from] move: Knock Off|[of] p1a: Rillaboom
|
|-heal|p1a: Rillaboom|63/100|[from] Grassy Terrain
|upkeep
|turn|34
|
|t:|1779624484
|switch|p1a: Toxapex|Toxapex, M|96/100 brn
|-damage|p1a: Toxapex|83/100 brn|[from] Stealth Rock
|move|p2a: Moltres|Roost|p2a: Moltres
|-heal|p2a: Moltres|89/100
|-singleturn|p2a: Moltres|move: Roost
|
|-heal|p2a: Moltres|95/100|[from] Grassy Terrain
|-heal|p1a: Toxapex|90/100 brn|[from] Grassy Terrain
|-damage|p1a: Toxapex|83/100 brn|[from] brn
|upkeep
|turn|35
|
|t:|1779624506
|switch|p2a: Ogerpon|Ogerpon-Wellspring, F|65/100
|move|p1a: Toxapex|Toxic|p2a: Ogerpon
|-status|p2a: Ogerpon|tox
|
|-heal|p2a: Ogerpon|71/100 tox|[from] Grassy Terrain
|-heal|p1a: Toxapex|90/100 brn|[from] Grassy Terrain
|-damage|p2a: Ogerpon|65/100 tox|[from] psn
|-damage|p1a: Toxapex|83/100 brn|[from] brn
|upkeep
|turn|36
|
|t:|1779624516
|-terastallize|p1a: Toxapex|Poison
|move|p2a: Ogerpon|U-turn|p1a: Toxapex
|-resisted|p1a: Toxapex
|-damage|p1a: Toxapex|74/100 brn
|
|t:|1779624531
|switch|p2a: Gholdengo|Gholdengo|35/100|[from] U-turn
|move|p1a: Toxapex|Toxic|p2a: Gholdengo
|-immune|p2a: Gholdengo|[from] ability: Good as Gold
|
|-heal|p2a: Gholdengo|41/100|[from] Grassy Terrain
|-heal|p1a: Toxapex|80/100 brn|[from] Grassy Terrain
|-damage|p1a: Toxapex|74/100 brn|[from] brn
|upkeep
|turn|37
|
|t:|1779624540
|switch|p1a: Walking Wake|Walking Wake|98/100
|-damage|p1a: Walking Wake|86/100|[from] Stealth Rock
|move|p2a: Gholdengo|Shadow Ball|p1a: Walking Wake
|-damage|p1a: Walking Wake|35/100
|
|-heal|p1a: Walking Wake|42/100|[from] Grassy Terrain
|-heal|p1a: Walking Wake|48/100|[from] item: Leftovers
|-heal|p2a: Gholdengo|47/100|[from] Grassy Terrain
|-fieldend|move: Grassy Terrain
|upkeep
|turn|38
|
|t:|1779624551
|switch|p2a: Ogerpon|Ogerpon-Wellspring, F|65/100 tox
|move|p1a: Walking Wake|Substitute|p1a: Walking Wake
|-start|p1a: Walking Wake|Substitute
|-damage|p1a: Walking Wake|23/100
|
|-heal|p1a: Walking Wake|29/100|[from] item: Leftovers
|-damage|p2a: Ogerpon|59/100 tox|[from] psn
|upkeep
|turn|39
|
|t:|1779624559
|move|p1a: Walking Wake|Dragon Pulse|p2a: Ogerpon
|-damage|p2a: Ogerpon|8/100 tox
|move|p2a: Ogerpon|Horn Leech|p1a: Walking Wake
|-end|p1a: Walking Wake|Substitute
|-heal|p2a: Ogerpon|22/100 tox|[from] drain|[of] p1a: Walking Wake
|
|-heal|p1a: Walking Wake|35/100|[from] item: Leftovers
|-damage|p2a: Ogerpon|10/100 tox|[from] psn
|upkeep
|turn|40
|
|t:|1779624568
|move|p1a: Walking Wake|Dragon Pulse|p2a: Ogerpon
|-damage|p2a: Ogerpon|0 fnt
|faint|p2a: Ogerpon
|
|-heal|p1a: Walking Wake|41/100|[from] item: Leftovers
|upkeep
|
|t:|1779624571
|switch|p2a: Weavile|Weavile, F|75/100
|-ability|p2a: Weavile|Pressure
|turn|41
|
|t:|1779624577
|-end|p1a: Walking Wake|Protosynthesis|[silent]
|switch|p1a: Toxapex|Toxapex, M, tera:Poison|100/100 brn
|-damage|p1a: Toxapex|88/100 brn|[from] Stealth Rock
|move|p2a: Weavile|Triple Axel|p1a: Toxapex
|-damage|p1a: Toxapex|83/100 brn
|-damage|p1a: Toxapex|72/100 brn
|-damage|p1a: Toxapex|54/100 brn
|-hitcount|p1a: Toxapex|3
|
|-damage|p1a: Toxapex|48/100 brn|[from] brn
|upkeep
|turn|42
|
|t:|1779624588
|switch|p2a: Gholdengo|Gholdengo|47/100
|move|p1a: Toxapex|Chilling Water|p2a: Gholdengo
|-damage|p2a: Gholdengo|34/100
|-unboost|p2a: Gholdengo|atk|1
|
|-damage|p1a: Toxapex|42/100 brn|[from] brn
|upkeep
|turn|43
|
|t:|1779624596
|move|p2a: Gholdengo|Shadow Ball|p1a: Toxapex
|-damage|p1a: Toxapex|7/100 brn
|move|p1a: Toxapex|Chilling Water|p2a: Gholdengo
|-damage|p2a: Gholdengo|21/100
|-unboost|p2a: Gholdengo|atk|1
|
|-damage|p1a: Toxapex|1/100 brn|[from] brn
|upkeep
|turn|44
|
|t:|1779624604
|switch|p1a: Rillaboom|Rillaboom, M|63/100
|-damage|p1a: Rillaboom|50/100|[from] Stealth Rock
|-fieldstart|move: Grassy Terrain|[from] ability: Grassy Surge|[of] p1a: Rillaboom
|move|p2a: Gholdengo|Shadow Ball|p1a: Rillaboom
|-damage|p1a: Rillaboom|0 fnt
|faint|p1a: Rillaboom
|
|-heal|p2a: Gholdengo|27/100|[from] Grassy Terrain
|upkeep
|
|t:|1779624615
|switch|p1a: Walking Wake|Walking Wake|41/100
|-damage|p1a: Walking Wake|29/100|[from] Stealth Rock
|turn|45
|
|t:|1779624619
|move|p1a: Walking Wake|Substitute|p1a: Walking Wake
|-start|p1a: Walking Wake|Substitute
|-damage|p1a: Walking Wake|4/100
|move|p2a: Gholdengo|Shadow Ball|p1a: Walking Wake
|-end|p1a: Walking Wake|Substitute
|
|-heal|p1a: Walking Wake|10/100|[from] Grassy Terrain
|-heal|p1a: Walking Wake|16/100|[from] item: Leftovers
|-heal|p2a: Gholdengo|33/100|[from] Grassy Terrain
|upkeep
|turn|46
|
|t:|1779624629
|move|p1a: Walking Wake|Hydro Steam|p2a: Gholdengo
|-damage|p2a: Gholdengo|0 fnt
|faint|p2a: Gholdengo
|
|-heal|p1a: Walking Wake|23/100|[from] Grassy Terrain
|-heal|p1a: Walking Wake|29/100|[from] item: Leftovers
|upkeep
|
|t:|1779624631
|switch|p2a: Weavile|Weavile, F|75/100
|-ability|p2a: Weavile|Pressure
|turn|47
|
|t:|1779624640
|-end|p1a: Walking Wake|Protosynthesis|[silent]
|switch|p1a: Toxapex|Toxapex, M, tera:Poison|34/100 brn
|-damage|p1a: Toxapex|22/100 brn|[from] Stealth Rock
|move|p2a: Weavile|Knock Off|p1a: Toxapex
|-crit|p1a: Toxapex
|-damage|p1a: Toxapex|0 fnt
|-enditem|p1a: Toxapex|Choice Scarf|[from] move: Knock Off|[of] p2a: Weavile
|faint|p1a: Toxapex
|
|-heal|p2a: Weavile|81/100|[from] Grassy Terrain
|upkeep
|
|t:|1779624649
|switch|p1a: Walking Wake|Walking Wake|29/100
|-damage|p1a: Walking Wake|16/100|[from] Stealth Rock
|turn|48
|
|t:|1779624654
|move|p2a: Weavile|Knock Off|p1a: Walking Wake
|-damage|p1a: Walking Wake|0 fnt
|-enditem|p1a: Walking Wake|Leftovers|[from] move: Knock Off|[of] p2a: Weavile
|faint|p1a: Walking Wake
|-end|p1a: Walking Wake|Protosynthesis|[silent]
|
|win|IsaiahZX7
|raw|mu4noy's rating: 1124 &rarr; <strong>1102</strong><br />(-22 for losing)
|raw|IsaiahZX7's rating: 1164 &rarr; <strong>1186</strong><br />(+22 for winning)
|l|☆mu4noy
|player|p1|
