|j|‽iaremoose
|j|☆yoki
|t:|1779693995
|gametype|singles
|player|p1|iaremoose|harlequin|1357
|player|p2|yoki|2|1467
|gen|9
|tier|[Gen 9] OU
|rated|
|rule|HP Percentage Mod: HP is shown in percentages
|rule|Endless Battle Clause: Forcing endless battles is banned
|rule|Species Clause: Limit one of each Pokémon
|rule|OHKO Clause: OHKO moves are banned
|rule|Evasion Items Clause: Evasion items are banned
|rule|Evasion Moves Clause: Evasion moves are banned
|rule|Evasion Abilities Clause: Evasion abilities are banned
|rule|Sleep Moves Clause: Sleep-inducing moves are banned
|clearpoke
|poke|p1|Hoopa-Unbound|
|poke|p1|Araquanid, M|
|poke|p1|Shiftry, F|
|poke|p1|Ceruledge, M|
|poke|p1|Dragonite, F|
|poke|p1|Espeon, M|
|poke|p2|Slowking-Galar, M|
|poke|p2|Great Tusk|
|poke|p2|Kyurem|
|poke|p2|Darkrai|
|poke|p2|Hoopa-Unbound|
|poke|p2|Zapdos|
|teampreview
|
|t:|1779694030
|teamsize|p1|6
|teamsize|p2|6
|start
|switch|p1a: Espeon|Espeon, M|100/100
|switch|p2a: Kyurem|Kyurem|100/100
|-ability|p2a: Kyurem|Pressure
|turn|1
|
|t:|1779694041
|-terastallize|p2a: Kyurem|Ice
|move|p1a: Espeon|Calm Mind|p1a: Espeon
|-boost|p1a: Espeon|spa|1
|-boost|p1a: Espeon|spd|1
|move|p2a: Kyurem|Freeze-Dry|p1a: Espeon
|-damage|p1a: Espeon|41/100
|
|upkeep
|turn|2
|
|t:|1779694065
|switch|p2a: Slowking|Slowking-Galar, M|100/100
|move|p1a: Espeon|Psychic|p2a: Slowking
|-damage|p2a: Slowking|42/100
|-unboost|p2a: Slowking|spd|1
|-damage|p1a: Espeon|31/100|[from] item: Life Orb
|
|upkeep
|turn|3
|
|t:|1779694069
|switch|p2a: Hoopa|Hoopa-Unbound|100/100
|move|p1a: Espeon|Psychic|p2a: Hoopa
|-immune|p2a: Hoopa
|
|upkeep
|turn|4
|
|t:|1779694081
|move|p1a: Espeon|Draining Kiss|p2a: Hoopa
|-supereffective|p2a: Hoopa
|-damage|p2a: Hoopa|61/100
|-heal|p1a: Espeon|64/100|[from] drain|[of] p2a: Hoopa
|-damage|p1a: Espeon|54/100|[from] item: Life Orb
|move|p2a: Hoopa|Hyperspace Fury|p1a: Espeon
|-supereffective|p1a: Espeon
|-damage|p1a: Espeon|0 fnt
|-unboost|p2a: Hoopa|def|1
|faint|p1a: Espeon
|
|upkeep
|
|t:|1779694089
|switch|p1a: Araquanid|Araquanid, M|100/100
|turn|5
|
|t:|1779694094
|move|p2a: Hoopa|Hyperspace Fury|p1a: Araquanid
|-damage|p1a: Araquanid|40/100
|-unboost|p2a: Hoopa|def|1
|move|p1a: Araquanid|Sticky Web|p2a: Hoopa
|-sidestart|p2: yoki|move: Sticky Web
|
|upkeep
|turn|6
|
|t:|1779694104
|switch|p1a: Shiftry|Shiftry, F|100/100
|move|p2a: Hoopa|Hyperspace Fury|p1a: Shiftry
|-resisted|p1a: Shiftry
|-crit|p1a: Shiftry
|-damage|p1a: Shiftry|22/100
|-unboost|p2a: Hoopa|def|1
|
|upkeep
|turn|7
|
|t:|1779694111
|switch|p2a: Zapdos|Zapdos, shiny|100/100
|move|p1a: Shiftry|Knock Off|p2a: Zapdos
|-damage|p2a: Zapdos|63/100
|-enditem|p2a: Zapdos|Heavy-Duty Boots|[from] move: Knock Off|[of] p1a: Shiftry
|-damage|p1a: Shiftry|12/100|[from] item: Life Orb
|
|upkeep
|turn|8
|
|t:|1779694115
|move|p1a: Shiftry|Tailwind|p1a: Shiftry
|-sidestart|p1: iaremoose|move: Tailwind
|-ability|p1a: Shiftry|Wind Rider|boost
|-boost|p1a: Shiftry|atk|1
|move|p2a: Zapdos|Roost|p2a: Zapdos
|-heal|p2a: Zapdos|100/100
|-singleturn|p2a: Zapdos|move: Roost
|
|upkeep
|turn|9
|
|t:|1779694122
|move|p1a: Shiftry|Leaf Blade|p2a: Zapdos
|-resisted|p2a: Zapdos
|-damage|p2a: Zapdos|75/100
|-damage|p1a: Shiftry|2/100|[from] item: Life Orb
|move|p2a: Zapdos|Volt Switch|p1a: Shiftry
|-resisted|p1a: Shiftry
|-crit|p1a: Shiftry
|-damage|p1a: Shiftry|0 fnt
|faint|p1a: Shiftry
|
|t:|1779694137
|switch|p2a: Darkrai|Darkrai|100/100|[from] Volt Switch
|
|upkeep
|
|t:|1779694148
|switch|p1a: Hoopa|Hoopa-Unbound|100/100
|turn|10
|
|t:|1779694167
|move|p1a: Hoopa|Gunk Shot|p2a: Darkrai
|-damage|p2a: Darkrai|18/100
|-damage|p1a: Hoopa|91/100|[from] item: Life Orb
|move|p2a: Darkrai|Thunder Wave|p1a: Hoopa
|-status|p1a: Hoopa|par
|
|upkeep
|turn|11
|
|t:|1779694180
|switch|p2a: Great Tusk|Great Tusk|100/100
|-activate|p2a: Great Tusk|move: Sticky Web
|-unboost|p2a: Great Tusk|spe|1
|move|p1a: Hoopa|Hyperspace Fury|p2a: Great Tusk
|-resisted|p2a: Great Tusk
|-damage|p2a: Great Tusk|73/100
|-unboost|p1a: Hoopa|def|1
|-damage|p1a: Hoopa|81/100 par|[from] item: Life Orb
|
|-heal|p2a: Great Tusk|79/100|[from] item: Leftovers
|-sideend|p1: iaremoose|move: Tailwind
|upkeep
|turn|12
|
|t:|1779694195
|move|p2a: Great Tusk|Rapid Spin|p1a: Hoopa
|-damage|p1a: Hoopa|34/100 par
|-boost|p2a: Great Tusk|spe|1
|-sideend|p2: yoki|Sticky Web|[from] move: Rapid Spin|[of] p2a: Great Tusk
|move|p1a: Hoopa|Psychic Noise|p2a: Great Tusk
|-supereffective|p2a: Great Tusk
|-damage|p2a: Great Tusk|0 fnt
|faint|p2a: Great Tusk
|-end|p2a: Great Tusk|Protosynthesis|[silent]
|-damage|p1a: Hoopa|24/100 par|[from] item: Life Orb
|
|upkeep
|
|t:|1779694212
|switch|p2a: Hoopa|Hoopa-Unbound|61/100
|turn|13
|
|t:|1779694235
|move|p2a: Hoopa|Drain Punch|p1a: Hoopa
|-damage|p1a: Hoopa|0 fnt
|-heal|p2a: Hoopa|73/100|[from] drain|[of] p1a: Hoopa
|faint|p1a: Hoopa
|
|upkeep
|
|t:|1779694242
|switch|p1a: Dragonite|Dragonite, F|100/100
|turn|14
|
|t:|1779694265
|move|p1a: Dragonite|Dragon Dance|p1a: Dragonite
|-boost|p1a: Dragonite|atk|1
|-boost|p1a: Dragonite|spe|1
|move|p2a: Hoopa|Hyperspace Fury|p1a: Dragonite
|-damage|p1a: Dragonite|64/100
|-unboost|p2a: Hoopa|def|1
|
|-heal|p1a: Dragonite|70/100|[from] item: Leftovers
|upkeep
|turn|15
|
|t:|1779694275
|-terastallize|p1a: Dragonite|Normal
|move|p1a: Dragonite|Extreme Speed|p2a: Hoopa
|-damage|p2a: Hoopa|0 fnt
|faint|p2a: Hoopa
|
|-heal|p1a: Dragonite|76/100|[from] item: Leftovers
|upkeep
|
|t:|1779694297
|switch|p2a: Zapdos|Zapdos, shiny|75/100
|turn|16
|
|t:|1779694311
|move|p1a: Dragonite|Dragon Dance|p1a: Dragonite
|-boost|p1a: Dragonite|atk|1
|-boost|p1a: Dragonite|spe|1
|move|p2a: Zapdos|Thunder Wave|p1a: Dragonite
|-status|p1a: Dragonite|par
|
|-heal|p1a: Dragonite|82/100 par|[from] item: Leftovers
|upkeep
|turn|17
|
|t:|1779694372
|move|p1a: Dragonite|Dragon Dance|p1a: Dragonite
|-boost|p1a: Dragonite|atk|1
|-boost|p1a: Dragonite|spe|1
|move|p2a: Zapdos|Volt Switch|p1a: Dragonite
|-damage|p1a: Dragonite|47/100 par
|
|t:|1779694375
|switch|p2a: Kyurem|Kyurem, tera:Ice|100/100|[from] Volt Switch
|-ability|p2a: Kyurem|Pressure
|
|-heal|p1a: Dragonite|53/100 par|[from] item: Leftovers
|upkeep
|turn|18
|
|t:|1779694393
|move|p1a: Dragonite|Extreme Speed|p2a: Kyurem
|-damage|p2a: Kyurem|15/100
|move|p2a: Kyurem|Ice Beam|p1a: Dragonite
|-damage|p1a: Dragonite|0 fnt
|faint|p1a: Dragonite
|
|upkeep
|
|t:|1779694404
|switch|p1a: Araquanid|Araquanid, M|40/100
|turn|19
|
|t:|1779694412
|move|p2a: Kyurem|Ice Beam|p1a: Araquanid
|-resisted|p1a: Araquanid
|-damage|p1a: Araquanid|8/100
|move|p1a: Araquanid|Sticky Web|p2a: Kyurem
|-sidestart|p2: yoki|move: Sticky Web
|
|upkeep
|turn|20
|
|t:|1779694418
|move|p2a: Kyurem|Ice Beam|p1a: Araquanid
|-resisted|p1a: Araquanid
|-damage|p1a: Araquanid|0 fnt
|faint|p1a: Araquanid
|
|upkeep
|
|t:|1779694419
|switch|p1a: Ceruledge|Ceruledge, M|100/100
|turn|21
|
|t:|1779694428
|move|p2a: Kyurem|Ice Beam|p1a: Ceruledge
|-resisted|p1a: Ceruledge
|-damage|p1a: Ceruledge|44/100
|move|p1a: Ceruledge|Swords Dance|p1a: Ceruledge
|-boost|p1a: Ceruledge|atk|2
|
|upkeep
|turn|22
|
|t:|1779694448
|move|p2a: Kyurem|Ice Beam|p1a: Ceruledge
|-resisted|p1a: Ceruledge
|-damage|p1a: Ceruledge|0 fnt
|faint|p1a: Ceruledge
|
|win|yoki
|raw|iaremoose's rating: 1357 &rarr; <strong>1342</strong><br />(-15 for losing)
|raw|yoki's rating: 1449 &rarr; <strong>1464</strong><br />(+15 for winning)
|l|☆yoki
|player|p2|
|l|‽iaremoose
|player|p1|
