|j|☆RedemptiveSketch
|j|☆mrmonk123
|t:|1779617593
|gametype|singles
|player|p1|RedemptiveSketch|koga-lgpe|1616
|player|p2|mrmonk123|harlequin|1578
|gen|9
|tier|[Gen 9] OU
|rated|
|rule|HP Percentage Mod: HP is shown in percentages
|rule|Endless Battle Clause: Forcing endless battles is banned
|rule|Species Clause: Limit one of each Pokémon
|rule|OHKO Clause: OHKO moves are banned
|rule|Evasion Items Clause: Evasion items are banned
|rule|Evasion Moves Clause: Evasion moves are banned
|rule|Evasion Abilities Clause: Evasion abilities are banned
|rule|Sleep Moves Clause: Sleep-inducing moves are banned
|clearpoke
|poke|p1|Iron Hands|
|poke|p1|Pincurchin, M|
|poke|p1|Iron Valiant|
|poke|p1|Iron Moth|
|poke|p1|Raichu-Alola, F|
|poke|p1|Rotom-Wash|
|poke|p2|Slowking-Galar, F|
|poke|p2|Great Tusk|
|poke|p2|Toxapex, F|
|poke|p2|Zarude-Dada|
|poke|p2|Cinderace, M|
|poke|p2|Tornadus-Therian, M|
|teampreview
|inactive|Battle timer is ON: inactive players will automatically lose when time's up. (requested by RedemptiveSketch)
|
|t:|1779617605
|teamsize|p1|6
|teamsize|p2|6
|start
|switch|p1a: Pincurchin|Pincurchin, M|100/100
|switch|p2a: Great Tusk|Great Tusk|100/100
|-fieldstart|move: Electric Terrain|[from] ability: Electric Surge|[of] p1a: Pincurchin
|turn|1
|j| sfghjkjhgfdfgh
|j| uncle brown
|
|t:|1779617609
|switch|p1a: Rotom|Rotom-Wash|100/100
|move|p2a: Great Tusk|Stealth Rock|p1a: Rotom
|-sidestart|p1: RedemptiveSketch|move: Stealth Rock
|
|upkeep
|turn|2
|
|t:|1779617613
|-end|p2a: Great Tusk|Protosynthesis|[silent]
|switch|p2a: Slowking|Slowking-Galar, F|100/100
|move|p1a: Rotom|Volt Switch|p2a: Slowking
|-damage|p2a: Slowking|84/100
|l| sfghjkjhgfdfgh
|j| ANGEL ENGINE
|j| ohmysquidward
|
|t:|1779617628
|switch|p1a: Iron Hands|Iron Hands|100/100|[from] Volt Switch
|-damage|p1a: Iron Hands|94/100|[from] Stealth Rock
|-activate|p1a: Iron Hands|ability: Quark Drive
|-start|p1a: Iron Hands|quarkdriveatk
|
|upkeep
|turn|3
|
|t:|1779617631
|move|p1a: Iron Hands|Swords Dance|p1a: Iron Hands
|-boost|p1a: Iron Hands|atk|2
|move|p2a: Slowking|Future Sight|p1a: Iron Hands
|-start|p2a: Slowking|move: Future Sight
|
|upkeep
|turn|4
|
|t:|1779617636
|switch|p2a: Great Tusk|Great Tusk|100/100
|move|p1a: Iron Hands|Ice Punch|p2a: Great Tusk
|-supereffective|p2a: Great Tusk
|-damage|p2a: Great Tusk|6/100
|-damage|p1a: Iron Hands|78/100|[from] item: Rocky Helmet|[of] p2a: Great Tusk
|
|upkeep
|turn|5
|
|t:|1779617644
|-end|p1a: Iron Hands|Quark Drive|[silent]
|switch|p1a: Rotom|Rotom-Wash|100/100
|-damage|p1a: Rotom|88/100|[from] Stealth Rock
|move|p2a: Great Tusk|Headlong Rush|p1a: Rotom
|-immune|p1a: Rotom|[from] ability: Levitate
|
|-end|p1a: Rotom|move: Future Sight
|-damage|p1a: Rotom|40/100
|-heal|p1a: Rotom|47/100|[from] item: Leftovers
|upkeep
|turn|6
|j| Mortardom
|
|t:|1779617650
|-end|p2a: Great Tusk|Protosynthesis|[silent]
|switch|p2a: Slowking|Slowking-Galar, F|100/100
|move|p1a: Rotom|Will-O-Wisp|p2a: Slowking
|-status|p2a: Slowking|brn
|
|-heal|p1a: Rotom|53/100|[from] item: Leftovers
|-damage|p2a: Slowking|94/100 brn|[from] brn
|upkeep
|turn|7
|
|t:|1779617654
|move|p1a: Rotom|Pain Split|p2a: Slowking
|-sethp|p2a: Slowking|68/100 brn|[from] move: Pain Split|[silent]
|-sethp|p1a: Rotom|87/100|[from] move: Pain Split
|move|p2a: Slowking|Future Sight|p1a: Rotom
|-start|p2a: Slowking|move: Future Sight
|
|-heal|p1a: Rotom|94/100|[from] item: Leftovers
|-damage|p2a: Slowking|61/100 brn|[from] brn
|upkeep
|turn|8
|
|t:|1779617659
|move|p1a: Rotom|Hydro Pump|p2a: Slowking
|-damage|p2a: Slowking|40/100 brn
|move|p2a: Slowking|Sludge Bomb|p1a: Rotom
|-damage|p1a: Rotom|59/100
|
|-heal|p1a: Rotom|65/100|[from] item: Leftovers
|-damage|p2a: Slowking|34/100 brn|[from] brn
|-fieldend|move: Electric Terrain
|upkeep
|turn|9
|j| suzum1ya
|
|t:|1779617665
|move|p1a: Rotom|Hydro Pump|p2a: Slowking
|-damage|p2a: Slowking|10/100 brn
|move|p2a: Slowking|Sludge Bomb|p1a: Rotom
|-damage|p1a: Rotom|30/100
|-status|p1a: Rotom|psn
|
|-end|p1a: Rotom|move: Future Sight
|-damage|p1a: Rotom|0 fnt
|faint|p1a: Rotom
|-damage|p2a: Slowking|4/100 brn|[from] brn
|upkeep
|
|t:|1779617680
|switch|p1a: Iron Moth|Iron Moth|100/100
|-damage|p1a: Iron Moth|76/100|[from] Stealth Rock
|turn|10
|
|t:|1779617684
|switch|p2a: Tornadus|Tornadus-Therian, M|100/100
|move|p1a: Iron Moth|Fiery Dance|p2a: Tornadus
|-damage|p2a: Tornadus|55/100
|
|upkeep
|turn|11
|
|t:|1779617690
|-end|p1a: Iron Moth|Quark Drive|[silent]
|switch|p1a: Pincurchin|Pincurchin, M|100/100
|-damage|p1a: Pincurchin|88/100|[from] Stealth Rock
|-fieldstart|move: Electric Terrain|[from] ability: Electric Surge|[of] p1a: Pincurchin
|move|p2a: Tornadus|U-turn|p1a: Pincurchin
|-damage|p1a: Pincurchin|75/100
|
|t:|1779617695
|switch|p2a: Great Tusk|Great Tusk|6/100|[from] U-turn
|
|upkeep
|turn|12
|
|t:|1779617697
|move|p1a: Pincurchin|Sucker Punch|p2a: Great Tusk
|-resisted|p2a: Great Tusk
|-damage|p2a: Great Tusk|2/100
|-damage|p1a: Pincurchin|59/100|[from] item: Rocky Helmet|[of] p2a: Great Tusk
|move|p2a: Great Tusk|Headlong Rush|p1a: Pincurchin
|-supereffective|p1a: Pincurchin
|-damage|p1a: Pincurchin|0 fnt
|-unboost|p2a: Great Tusk|def|1
|-unboost|p2a: Great Tusk|spd|1
|faint|p1a: Pincurchin
|
|upkeep
|
|t:|1779617702
|switch|p1a: Raichu|Raichu-Alola, F|100/100
|-damage|p1a: Raichu|88/100|[from] Stealth Rock
|turn|13
|j| d18l@!
|l| d18l
|
|t:|1779617711
|move|p1a: Raichu|Psyshock|p2a: Great Tusk
|-supereffective|p2a: Great Tusk
|-damage|p2a: Great Tusk|0 fnt
|faint|p2a: Great Tusk
|-end|p2a: Great Tusk|Protosynthesis|[silent]
|-damage|p1a: Raichu|78/100|[from] item: Life Orb
|
|upkeep
|
|t:|1779617715
|switch|p2a: Cinderace|Cinderace, M|100/100
|turn|14
|
|t:|1779617721
|move|p2a: Cinderace|Sucker Punch|p1a: Raichu
|-start|p2a: Cinderace|typechange|Dark|[from] ability: Libero
|-supereffective|p1a: Raichu
|-damage|p1a: Raichu|0 fnt
|faint|p1a: Raichu
|
|upkeep
|l| ohmysquidward
|
|t:|1779617726
|switch|p1a: Iron Hands|Iron Hands|78/100
|-damage|p1a: Iron Hands|72/100|[from] Stealth Rock
|-activate|p1a: Iron Hands|ability: Quark Drive
|-start|p1a: Iron Hands|quarkdriveatk
|turn|15
|j| cheeseguy43
|
|t:|1779617738
|move|p2a: Cinderace|U-turn|p1a: Iron Hands
|-resisted|p1a: Iron Hands
|-damage|p1a: Iron Hands|63/100
|
|t:|1779617740
|switch|p2a: Slowking|Slowking-Galar, F|38/100 brn|[from] U-turn
|move|p1a: Iron Hands|Swords Dance|p1a: Iron Hands
|-boost|p1a: Iron Hands|atk|2
|
|-damage|p2a: Slowking|31/100 brn|[from] brn
|upkeep
|turn|16
|
|t:|1779617745
|move|p1a: Iron Hands|Ice Punch|p2a: Slowking
|-damage|p2a: Slowking|0 fnt
|faint|p2a: Slowking
|
|upkeep
|l| cheeseguy43
|j| sketches boyfriend
|
|t:|1779617753
|switch|p2a: Tornadus|Tornadus-Therian, M|88/100
|turn|17
|
|t:|1779617758
|move|p2a: Tornadus|Bleakwind Storm|p1a: Iron Hands
|-damage|p1a: Iron Hands|30/100
|move|p1a: Iron Hands|Ice Punch|p2a: Tornadus
|-supereffective|p2a: Tornadus
|-damage|p2a: Tornadus|0 fnt
|faint|p2a: Tornadus
|
|upkeep
|
|t:|1779617765
|switch|p2a: Cinderace|Cinderace, M|100/100
|turn|18
|
|t:|1779617769
|-end|p1a: Iron Hands|Quark Drive|[silent]
|switch|p1a: Iron Moth|Iron Moth|76/100
|-damage|p1a: Iron Moth|51/100|[from] Stealth Rock
|-activate|p1a: Iron Moth|ability: Quark Drive
|-start|p1a: Iron Moth|quarkdrivespe
|move|p2a: Cinderace|Pyro Ball|p1a: Iron Moth
|-resisted|p1a: Iron Moth
|-damage|p1a: Iron Moth|9/100
|
|-fieldend|move: Electric Terrain
|-end|p1a: Iron Moth|Quark Drive
|upkeep
|turn|19
|
|t:|1779617775
|move|p2a: Cinderace|Pyro Ball|p1a: Iron Moth|[miss]
|-miss|p2a: Cinderace|p1a: Iron Moth
|move|p1a: Iron Moth|Sludge Wave|p2a: Cinderace
|-damage|p2a: Cinderace|0 fnt
|faint|p2a: Cinderace
|
|upkeep
|l| Mortardom
|
|t:|1779617779
|switch|p2a: Toxapex|Toxapex, F|100/100
|turn|20
|
|t:|1779617782
|-end|p1a: Iron Moth|Quark Drive|[silent]
|switch|p1a: Iron Hands|Iron Hands|30/100
|-damage|p1a: Iron Hands|24/100|[from] Stealth Rock
|move|p2a: Toxapex|Surf|p1a: Iron Hands
|-damage|p1a: Iron Hands|9/100
|
|upkeep
|turn|21
|-enditem|p1a: Iron Hands|Custap Berry|[eat]
|-activate|p1a: Iron Hands|item: Custap Berry|[consumed]
|
|t:|1779617787
|move|p1a: Iron Hands|Supercell Slam|p2a: Toxapex
|-supereffective|p2a: Toxapex
|-damage|p2a: Toxapex|27/100
|-damage|p1a: Iron Hands|0 fnt|[from] item: Rocky Helmet|[of] p2a: Toxapex
|faint|p1a: Iron Hands
|-end|p1a: Iron Hands|Quark Drive|[silent]
|move|p2a: Toxapex|Surf|p1: Iron Hands|[notarget]
|-fail|p2a: Toxapex
|
|upkeep
|
|t:|1779617794
|switch|p1a: Iron Valiant|Iron Valiant|100/100
|-damage|p1a: Iron Valiant|94/100|[from] Stealth Rock
|turn|22
|
|t:|1779617800
|move|p1a: Iron Valiant|Thunderbolt|p2a: Toxapex
|-supereffective|p2a: Toxapex
|-damage|p2a: Toxapex|0 fnt
|faint|p2a: Toxapex
|-damage|p1a: Iron Valiant|85/100|[from] item: Life Orb
|
|upkeep
|
|t:|1779617802
|switch|p2a: Zarude|Zarude-Dada|100/100
|turn|23
|
|t:|1779617804
|-end|p1a: Iron Valiant|Quark Drive|[silent]
|switch|p1a: Iron Moth|Iron Moth|9/100
|-damage|p1a: Iron Moth|0 fnt|[from] Stealth Rock
|faint|p1a: Iron Moth
|-end|p1a: Iron Moth|Quark Drive|[silent]
|-terastallize|p2a: Zarude|Poison
|move|p2a: Zarude|Power Whip|p1: Iron Moth|[notarget]
|-fail|p2a: Zarude
|
|upkeep
|
|t:|1779617806
|switch|p1a: Iron Valiant|Iron Valiant|85/100
|-damage|p1a: Iron Valiant|78/100|[from] Stealth Rock
|turn|24
|
|t:|1779617815
|move|p1a: Iron Valiant|Knock Off|p2a: Zarude
|-damage|p2a: Zarude|65/100
|-enditem|p2a: Zarude|Leftovers|[from] move: Knock Off|[of] p1a: Iron Valiant
|-damage|p1a: Iron Valiant|69/100|[from] item: Life Orb
|move|p2a: Zarude|Power Whip|p1a: Iron Valiant
|-damage|p1a: Iron Valiant|0 fnt
|faint|p1a: Iron Valiant
|-end|p1a: Iron Valiant|Quark Drive|[silent]
|
|win|mrmonk123
|raw|RedemptiveSketch's rating: 1616 &rarr; <strong>1594</strong><br />(-22 for losing)
|raw|mrmonk123's rating: 1578 &rarr; <strong>1600</strong><br />(+22 for winning)
|l|☆RedemptiveSketch
|player|p1|
|l|☆mrmonk123
|player|p2|
|l| ANGEL ENGINE
|l| sketches boyfriend
|j| sketches boyfriend
|l| sketches boyfriend
|l| suzum1ya
|j| OUZQ Crocodile
|l| OUZQ Crocodile
|j| MEMEtEam AbuSeR
|l| MEMEtEam AbuSeR
|j| Honourial
|l| Honourial
|j| heatraniac
|l| heatraniac
|j| Finkachu
|j| TheNewBrends11@!
|l| Finkachu
