|inactive|Battle timer is ON: inactive players will automatically lose when time's up.
|t:|1779570719
|gametype|singles
|player|p1|samus|#splxviicryonicles2|
|player|p2|Cicada|#wcop2026france|
|gen|9
|tier|[Gen 9] OU
|rule|HP Percentage Mod: HP is shown in percentages
|rule|Endless Battle Clause: Forcing endless battles is banned
|rule|Species Clause: Limit one of each Pokémon
|rule|OHKO Clause: OHKO moves are banned
|rule|Evasion Items Clause: Evasion items are banned
|rule|Evasion Moves Clause: Evasion moves are banned
|rule|Evasion Abilities Clause: Evasion abilities are banned
|rule|Sleep Moves Clause: Sleep-inducing moves are banned
|clearpoke
|poke|p1|Samurott-Hisui, F|
|poke|p1|Latios, M|
|poke|p1|Pecharunt|
|poke|p1|Great Tusk|
|poke|p1|Tinkaton, F|
|poke|p1|Ogerpon, F|
|poke|p2|Iron Valiant|
|poke|p2|Kyurem|
|poke|p2|Kingambit, M|
|poke|p2|Pecharunt|
|poke|p2|Zapdos|
|poke|p2|Iron Treads|
|teampreview
|c|☆Cicada|hf
|c|☆samus|=
|
|t:|1779570743
|teamsize|p1|6
|teamsize|p2|6
|start
|switch|p1a: Latios|Latios, M|100/100
|switch|p2a: Iron Valiant|Iron Valiant|100/100
|turn|1
|
|t:|1779570759
|switch|p1a: Tinkaton|Tinkaton, F|100/100
|-item|p1a: Tinkaton|Air Balloon
|move|p2a: Iron Valiant|Moonblast|p1a: Tinkaton
|-resisted|p1a: Tinkaton
|-damage|p1a: Tinkaton|79/100
|-enditem|p1a: Tinkaton|Air Balloon
|
|upkeep
|turn|2
|
|t:|1779570769
|-end|p2a: Iron Valiant|Quark Drive|[silent]
|switch|p2a: Iron Treads|Iron Treads|100/100
|move|p1a: Tinkaton|Stealth Rock|p2a: Iron Treads
|-sidestart|p2: Cicada|move: Stealth Rock
|
|upkeep
|turn|3
|
|t:|1779570786
|switch|p1a: Pecharunt|Pecharunt|100/100
|move|p2a: Iron Treads|Stealth Rock|p1a: Pecharunt
|-sidestart|p1: samus|move: Stealth Rock
|
|upkeep
|turn|4
|
|t:|1779570794
|move|p2a: Iron Treads|Knock Off|p1a: Pecharunt
|-supereffective|p1a: Pecharunt
|-damage|p1a: Pecharunt|77/100
|-enditem|p1a: Pecharunt|Heavy-Duty Boots|[from] move: Knock Off|[of] p2a: Iron Treads
|move|p1a: Pecharunt|Parting Shot|p2a: Iron Treads
|-unboost|p2a: Iron Treads|atk|1
|-unboost|p2a: Iron Treads|spa|1
|
|t:|1779570798
|switch|p1a: Latios|Latios, M|100/100|[from] Parting Shot
|-damage|p1a: Latios|88/100|[from] Stealth Rock
|
|upkeep
|turn|5
|
|t:|1779570814
|move|p1a: Latios|Flip Turn|p2a: Iron Treads
|-supereffective|p2a: Iron Treads
|-damage|p2a: Iron Treads|82/100
|
|t:|1779570825
|switch|p1a: Great Tusk|Great Tusk|100/100|[from] Flip Turn
|move|p2a: Iron Treads|Rapid Spin|p1a: Great Tusk
|-damage|p1a: Great Tusk|95/100
|-boost|p2a: Iron Treads|spe|1
|-sideend|p2: Cicada|Stealth Rock|[from] move: Rapid Spin|[of] p2a: Iron Treads
|
|-heal|p2a: Iron Treads|88/100|[from] item: Leftovers
|upkeep
|turn|6
|
|t:|1779570838
|-end|p2a: Iron Treads|Quark Drive|[silent]
|switch|p2a: Iron Valiant|Iron Valiant|100/100
|move|p1a: Great Tusk|Rapid Spin|p2a: Iron Valiant
|-damage|p2a: Iron Valiant|79/100
|-boost|p1a: Great Tusk|spe|1
|-sideend|p1: samus|Stealth Rock|[from] move: Rapid Spin|[of] p1a: Great Tusk
|
|upkeep
|turn|7
|
|t:|1779570851
|-end|p2a: Iron Valiant|Quark Drive|[silent]
|switch|p2a: Iron Treads|Iron Treads|88/100
|-end|p1a: Great Tusk|Protosynthesis|[silent]
|switch|p1a: Pecharunt|Pecharunt|77/100
|
|-heal|p2a: Iron Treads|94/100|[from] item: Leftovers
|upkeep
|turn|8
|
|t:|1779570861
|move|p2a: Iron Treads|Earthquake|p1a: Pecharunt
|-supereffective|p1a: Pecharunt
|-crit|p1a: Pecharunt
|-damage|p1a: Pecharunt|25/100
|move|p1a: Pecharunt|Shadow Ball|p2a: Iron Treads
|-damage|p2a: Iron Treads|73/100
|
|-heal|p2a: Iron Treads|79/100|[from] item: Leftovers
|upkeep
|turn|9
|
|t:|1779570874
|move|p2a: Iron Treads|Earthquake|p1a: Pecharunt
|-supereffective|p1a: Pecharunt
|-damage|p1a: Pecharunt|0 fnt
|faint|p1a: Pecharunt
|
|-heal|p2a: Iron Treads|85/100|[from] item: Leftovers
|upkeep
|
|t:|1779570875
|switch|p1a: Ogerpon|Ogerpon, F|100/100
|turn|10
|inactive|Cicada has 270 seconds left.
|
|t:|1779570905
|-end|p2a: Iron Treads|Quark Drive|[silent]
|switch|p2a: Iron Valiant|Iron Valiant|79/100
|move|p1a: Ogerpon|Knock Off|p2a: Iron Valiant
|-resisted|p2a: Iron Valiant
|-damage|p2a: Iron Valiant|65/100
|-enditem|p2a: Iron Valiant|Choice Scarf|[from] move: Knock Off|[of] p1a: Ogerpon
|
|upkeep
|turn|11
|inactive|Cicada has 270 seconds left.
|
|t:|1779570921
|switch|p1a: Latios|Latios, M|88/100
|move|p2a: Iron Valiant|Moonblast|p1a: Latios
|-supereffective|p1a: Latios
|-damage|p1a: Latios|0 fnt
|faint|p1a: Latios
|
|upkeep
|
|t:|1779570930
|switch|p1a: Ogerpon|Ogerpon, F|100/100
|turn|12
|inactive|Cicada has 270 seconds left.
|
|t:|1779570949
|-end|p2a: Iron Valiant|Quark Drive|[silent]
|switch|p2a: Zapdos|Zapdos|100/100
|-terastallize|p1a: Ogerpon|Grass
|detailschange|p1a: Ogerpon|Ogerpon-Teal-Tera, F, tera:Grass
|-ability|p1a: Ogerpon|Embody Aspect (Teal)|boost
|-boost|p1a: Ogerpon|spe|1
|move|p1a: Ogerpon|Ivy Cudgel|p2a: Zapdos
|-resisted|p2a: Zapdos
|-damage|p2a: Zapdos|66/100
|
|upkeep
|turn|13
|
|t:|1779570959
|move|p1a: Ogerpon|Ivy Cudgel|p2a: Zapdos
|-resisted|p2a: Zapdos
|-damage|p2a: Zapdos|29/100
|move|p2a: Zapdos|Roost|p2a: Zapdos
|-heal|p2a: Zapdos|79/100
|-singleturn|p2a: Zapdos|move: Roost
|
|upkeep
|turn|14
|
|t:|1779570966
|move|p1a: Ogerpon|Ivy Cudgel|p2a: Zapdos
|-resisted|p2a: Zapdos
|-crit|p2a: Zapdos
|-damage|p2a: Zapdos|29/100
|move|p2a: Zapdos|Roost|p2a: Zapdos
|-heal|p2a: Zapdos|79/100
|-singleturn|p2a: Zapdos|move: Roost
|
|upkeep
|turn|15
|
|t:|1779570971
|move|p1a: Ogerpon|Ivy Cudgel|p2a: Zapdos
|-resisted|p2a: Zapdos
|-damage|p2a: Zapdos|43/100
|move|p2a: Zapdos|Roost|p2a: Zapdos
|-heal|p2a: Zapdos|93/100
|-singleturn|p2a: Zapdos|move: Roost
|
|upkeep
|turn|16
|
|t:|1779570975
|move|p1a: Ogerpon|Ivy Cudgel|p2a: Zapdos
|-resisted|p2a: Zapdos
|-damage|p2a: Zapdos|58/100
|move|p2a: Zapdos|Hurricane|p1a: Ogerpon
|-supereffective|p1a: Ogerpon
|-damage|p1a: Ogerpon|0 fnt
|faint|p1a: Ogerpon
|detailschange|p1: Ogerpon|Ogerpon, F|[silent]
|
|upkeep
|c|☆samus|gg
|-message|samus forfeited.
|
|win|Cicada
