|inactive|Battle timer is ON: inactive players will automatically lose when time's up.
|t:|1779648826
|gametype|singles
|player|p1|Dwagone|hilbert-wonderlauncher|
|player|p2|gorgie|#splxviicryonicles2|
|gen|9
|tier|[Gen 9] OU
|rule|HP Percentage Mod: HP is shown in percentages
|rule|Endless Battle Clause: Forcing endless battles is banned
|rule|Species Clause: Limit one of each Pokémon
|rule|OHKO Clause: OHKO moves are banned
|rule|Evasion Items Clause: Evasion items are banned
|rule|Evasion Moves Clause: Evasion moves are banned
|rule|Evasion Abilities Clause: Evasion abilities are banned
|rule|Sleep Moves Clause: Sleep-inducing moves are banned
|clearpoke
|poke|p1|Zamazenta-*|
|poke|p1|Dragonite, F|
|poke|p1|Cinderace, F|
|poke|p1|Gholdengo|
|poke|p1|Landorus-Therian, M|
|poke|p1|Samurott-Hisui, F|
|poke|p2|Iron Valiant|
|poke|p2|Raging Bolt|
|poke|p2|Corviknight, M|
|poke|p2|Cinderace, F|
|poke|p2|Ting-Lu|
|poke|p2|Slowking-Galar, F|
|teampreview
|inactive|Dwagone has 270 seconds left.
|inactive|gorgie has 270 seconds left.
|c|☆gorgie|no hf?
|c|☆gorgie|dang
|c|☆Dwagone|glhf
|c|☆gorgie|thx!
|inactive|Dwagone has 240 seconds left.
|inactive|gorgie has 240 seconds left.
|c|☆gorgie|hmm
|inactive|gorgie has 210 seconds left.
|inactive|Dwagone has 210 seconds left.
|c|☆gorgie|!calc
|c|+gorgie|/raw <div class="infobox">Pok&eacute;mon Showdown! damage calculator. (Courtesy of Honko, Austin, dhelmise, &amp; jetou)<br />- <a href="https://calc.pokemonshowdown.com/index.html?gen=9">Damage Calculator</a></div>
|
|t:|1779648937
|teamsize|p1|6
|teamsize|p2|6
|start
|switch|p1a: Cinderace|Cinderace, F|100/100
|switch|p2a: Raging Bolt|Raging Bolt|100/100
|turn|1
|inactive|Dwagone has 270 seconds left.
|inactive|gorgie has 240 seconds left.
|
|t:|1779648961
|move|p1a: Cinderace|U-turn|p2a: Raging Bolt
|-damage|p2a: Raging Bolt|85/100
|inactive|Dwagone has 270 seconds left.
|c|☆gorgie|whomst
|inactive|Dwagone has 240 seconds left.
|
|t:|1779649020
|switch|p1a: Samurott|Samurott-Hisui, F|100/100|[from] U-turn
|move|p2a: Raging Bolt|Draco Meteor|p1a: Samurott
|-crit|p1a: Samurott
|-damage|p1a: Samurott|0 fnt
|-unboost|p2a: Raging Bolt|spa|2
|faint|p1a: Samurott
|
|upkeep
|inactive|Dwagone has 210 seconds left.
|
|t:|1779649040
|switch|p1a: Zamazenta|Zamazenta|100/100
|-ability|p1a: Zamazenta|Dauntless Shield|boost
|-boost|p1a: Zamazenta|def|1
|turn|2
|inactive|Dwagone has 210 seconds left.
|inactive|gorgie has 240 seconds left.
|
|t:|1779649081
|-end|p2a: Raging Bolt|Protosynthesis|[silent]
|switch|p2a: Slowking|Slowking-Galar, F|100/100
|move|p1a: Zamazenta|Close Combat|p2a: Slowking
|-resisted|p2a: Slowking
|-damage|p2a: Slowking|80/100
|-unboost|p1a: Zamazenta|def|1
|-unboost|p1a: Zamazenta|spd|1
|-damage|p1a: Zamazenta|91/100|[from] item: Life Orb
|
|upkeep
|turn|3
|inactive|Dwagone has 210 seconds left.
|inactive|gorgie has 210 seconds left.
|
|t:|1779649107
|switch|p1a: Landorus|Landorus-Therian, M|100/100
|-ability|p1a: Landorus|Intimidate|boost
|-unboost|p2a: Slowking|atk|1
|move|p2a: Slowking|Future Sight|p1a: Landorus
|-start|p2a: Slowking|move: Future Sight
|
|upkeep
|turn|4
|inactive|gorgie has 210 seconds left.
|
|t:|1779649136
|move|p1a: Landorus|Stealth Rock|p2a: Slowking
|-sidestart|p2: gorgie|move: Stealth Rock
|move|p2a: Slowking|Ice Beam|p1a: Landorus
|-supereffective|p1a: Landorus
|-damage|p1a: Landorus|0 fnt
|faint|p1a: Landorus
|
|upkeep
|inactive|Dwagone has 180 seconds left.
|inactive|Dwagone has 150 seconds left.
|
|t:|1779649195
|switch|p1a: Gholdengo|Gholdengo|100/100
|turn|5
|inactive|Dwagone has 150 seconds left.
|c|☆gorgie|!calc
|c|+gorgie|/raw <div class="infobox">Pok&eacute;mon Showdown! damage calculator. (Courtesy of Honko, Austin, dhelmise, &amp; jetou)<br />- <a href="https://calc.pokemonshowdown.com/index.html?gen=9">Damage Calculator</a></div>
|inactive|gorgie has 180 seconds left.
|
|t:|1779649242
|switch|p2a: Ting-Lu|Ting-Lu|100/100
|-damage|p2a: Ting-Lu|94/100|[from] Stealth Rock
|-ability|p2a: Ting-Lu|Vessel of Ruin
|move|p1a: Gholdengo|Trick|p2a: Ting-Lu
|-activate|p1a: Gholdengo|move: Trick|[of] p2a: Ting-Lu
|-item|p2a: Ting-Lu|Choice Scarf|[from] move: Trick
|-item|p1a: Gholdengo|Leftovers|[from] move: Trick
|
|-end|p1a: Gholdengo|move: Future Sight
|-resisted|p1a: Gholdengo
|-damage|p1a: Gholdengo|80/100
|-heal|p1a: Gholdengo|87/100|[from] item: Leftovers
|upkeep
|turn|6
|
|t:|1779649261
|move|p1a: Gholdengo|Shadow Ball|p2a: Ting-Lu
|-resisted|p2a: Ting-Lu
|-damage|p2a: Ting-Lu|85/100
|move|p2a: Ting-Lu|Payback|p1a: Gholdengo
|-supereffective|p1a: Gholdengo
|-damage|p1a: Gholdengo|0 fnt
|faint|p1a: Gholdengo
|
|upkeep
|
|t:|1779649270
|switch|p1a: Zamazenta|Zamazenta|91/100
|turn|7
|inactive|gorgie has 180 seconds left.
|
|t:|1779649285
|switch|p2a: Slowking|Slowking-Galar, F|100/100
|-damage|p2a: Slowking|88/100|[from] Stealth Rock
|move|p1a: Zamazenta|Close Combat|p2a: Slowking
|-resisted|p2a: Slowking
|-damage|p2a: Slowking|68/100
|-unboost|p1a: Zamazenta|def|1
|-unboost|p1a: Zamazenta|spd|1
|-damage|p1a: Zamazenta|81/100|[from] item: Life Orb
|
|upkeep
|turn|8
|inactive|gorgie has 180 seconds left.
|
|t:|1779649295
|move|p1a: Zamazenta|Crunch|p2a: Slowking
|-supereffective|p2a: Slowking
|-damage|p2a: Slowking|1/100
|-damage|p1a: Zamazenta|71/100|[from] item: Life Orb
|-prepare|p2a: Slowking|Chilly Reception|[premajor]
|move|p2a: Slowking|Chilly Reception|p2a: Slowking
|-weather|Snowscape
|inactive|gorgie has 150 seconds left.
|
|t:|1779649335
|switch|p2a: Corviknight|Corviknight, M|100/100|[from] Chilly Reception
|-damage|p2a: Corviknight|88/100|[from] Stealth Rock
|-ability|p2a: Corviknight|Pressure
|
|-weather|Snowscape|[upkeep]
|upkeep
|turn|9
|inactive|gorgie has 150 seconds left.
|
|t:|1779649345
|move|p1a: Zamazenta|Close Combat|p2a: Corviknight
|-damage|p2a: Corviknight|40/100
|-unboost|p1a: Zamazenta|def|1
|-unboost|p1a: Zamazenta|spd|1
|-damage|p1a: Zamazenta|54/100|[from] item: Rocky Helmet|[of] p2a: Corviknight
|-damage|p1a: Zamazenta|44/100|[from] item: Life Orb
|move|p2a: Corviknight|Roost|p2a: Corviknight
|-heal|p2a: Corviknight|90/100
|-singleturn|p2a: Corviknight|move: Roost
|
|-weather|Snowscape|[upkeep]
|upkeep
|turn|10
|
|t:|1779649349
|switch|p1a: Cinderace|Cinderace, F|100/100
|move|p2a: Corviknight|Roost|p2a: Corviknight
|-heal|p2a: Corviknight|100/100
|-singleturn|p2a: Corviknight|move: Roost
|
|-weather|Snowscape|[upkeep]
|upkeep
|turn|11
|
|t:|1779649365
|switch|p2a: Ting-Lu|Ting-Lu|85/100
|-damage|p2a: Ting-Lu|79/100|[from] Stealth Rock
|-ability|p2a: Ting-Lu|Vessel of Ruin
|move|p1a: Cinderace|Pyro Ball|p2a: Ting-Lu
|-damage|p2a: Ting-Lu|53/100
|-status|p2a: Ting-Lu|brn
|
|-weather|Snowscape|[upkeep]
|-damage|p2a: Ting-Lu|47/100 brn|[from] brn
|upkeep
|turn|12
|
|t:|1779649379
|move|p1a: Cinderace|U-turn|p2a: Ting-Lu
|-supereffective|p2a: Ting-Lu
|-damage|p2a: Ting-Lu|28/100 brn
|
|t:|1779649382
|switch|p1a: Dragonite|Dragonite, F|100/100|[from] U-turn
|move|p2a: Ting-Lu|Rest|p2a: Ting-Lu
|-status|p2a: Ting-Lu|slp|[from] move: Rest
|-heal|p2a: Ting-Lu|100/100 slp|[silent]
|
|-weather|none
|upkeep
|turn|13
|
|t:|1779649392
|switch|p1a: Cinderace|Cinderace, F|100/100
|switch|p2a: Iron Valiant|Iron Valiant|100/100
|-damage|p2a: Iron Valiant|94/100|[from] Stealth Rock
|
|upkeep
|turn|14
|
|t:|1779649399
|-end|p2a: Iron Valiant|Quark Drive|[silent]
|switch|p2a: Cinderace|Cinderace, F|100/100
|move|p1a: Cinderace|Pyro Ball|p2a: Cinderace
|-resisted|p2a: Cinderace
|-damage|p2a: Cinderace|65/100
|
|upkeep
|turn|15
|inactive|Dwagone has 180 seconds left.
|
|t:|1779649420
|move|p2a: Cinderace|Court Change|p2a: Cinderace
|-start|p2a: Cinderace|typechange|Normal|[from] ability: Libero
|-swapsideconditions
|-activate|p2a: Cinderace|move: Court Change
|move|p1a: Cinderace|Pyro Ball|p2a: Cinderace
|-damage|p2a: Cinderace|0 fnt
|faint|p2a: Cinderace
|
|upkeep
|inactive|gorgie has 180 seconds left.
|
|t:|1779649427
|switch|p2a: Iron Valiant|Iron Valiant|94/100
|turn|16
|inactive|gorgie has 180 seconds left.
|inactive|gorgie has 150 seconds left.
|inactive|gorgie has 120 seconds left.
|
|t:|1779649502
|-end|p2a: Iron Valiant|Quark Drive|[silent]
|switch|p2a: Raging Bolt|Raging Bolt|85/100
|move|p1a: Cinderace|Pyro Ball|p2a: Raging Bolt
|-resisted|p2a: Raging Bolt
|-damage|p2a: Raging Bolt|64/100
|
|upkeep
|turn|17
|inactive|gorgie has 120 seconds left.
|
|t:|1779649521
|move|p1a: Cinderace|U-turn|p2a: Raging Bolt
|-damage|p2a: Raging Bolt|48/100
|
|t:|1779649523
|switch|p1a: Zamazenta|Zamazenta|44/100|[from] U-turn
|-damage|p1a: Zamazenta|38/100|[from] Stealth Rock
|move|p2a: Raging Bolt|Thunderbolt|p1a: Zamazenta
|-damage|p1a: Zamazenta|0 fnt
|faint|p1a: Zamazenta
|
|upkeep
|
|t:|1779649525
|switch|p1a: Dragonite|Dragonite, F|100/100
|turn|18
|inactive|gorgie has 120 seconds left.
|inactive|Dwagone has 180 seconds left.
|
|t:|1779649559
|-end|p2a: Raging Bolt|Protosynthesis|[silent]
|switch|p2a: Corviknight|Corviknight, M|100/100
|-ability|p2a: Corviknight|Pressure
|move|p1a: Dragonite|Dragon Dance|p1a: Dragonite
|-boost|p1a: Dragonite|atk|1
|-boost|p1a: Dragonite|spe|1
|
|upkeep
|turn|19
|inactive|Dwagone has 180 seconds left.
|
|t:|1779649576
|move|p1a: Dragonite|Dragon Dance|p1a: Dragonite
|-boost|p1a: Dragonite|atk|1
|-boost|p1a: Dragonite|spe|1
|move|p2a: Corviknight|U-turn|p1a: Dragonite
|-resisted|p1a: Dragonite
|-damage|p1a: Dragonite|97/100
|inactive|gorgie has 120 seconds left.
|
|t:|1779649583
|switch|p2a: Iron Valiant|Iron Valiant|94/100|[from] U-turn
|
|upkeep
|turn|20
|inactive|Dwagone has 180 seconds left.
|inactive|gorgie has 120 seconds left.
|
|t:|1779649620
|switch|p1a: Cinderace|Cinderace, F|100/100
|move|p2a: Iron Valiant|Trick|p1a: Cinderace
|-activate|p2a: Iron Valiant|move: Trick|[of] p1a: Cinderace
|-item|p1a: Cinderace|Choice Scarf|[from] move: Trick
|-item|p2a: Iron Valiant|Heavy-Duty Boots|[from] move: Trick
|
|upkeep
|turn|21
|inactive|gorgie has 90 seconds left.
|inactive|gorgie has 60 seconds left.
|
|t:|1779649670
|-end|p2a: Iron Valiant|Quark Drive|[silent]
|switch|p2a: Ting-Lu|Ting-Lu|100/100 slp
|-ability|p2a: Ting-Lu|Vessel of Ruin
|move|p1a: Cinderace|Pyro Ball|p2a: Ting-Lu|[miss]
|-miss|p1a: Cinderace|p2a: Ting-Lu
|
|upkeep
|turn|22
|inactive|gorgie has 60 seconds left.
|
|t:|1779649688
|switch|p1a: Dragonite|Dragonite, F|97/100
|cant|p2a: Ting-Lu|slp
|move|p2a: Ting-Lu|Sleep Talk|p2a: Ting-Lu
|move|p2a: Ting-Lu|Rest||[from] move: Sleep Talk|[still]
|-fail|p2a: Ting-Lu
|
|upkeep
|turn|23
|inactive|gorgie has 60 seconds left.
|
|t:|1779649697
|switch|p2a: Iron Valiant|Iron Valiant|94/100
|move|p1a: Dragonite|Dragon Dance|p1a: Dragonite
|-boost|p1a: Dragonite|atk|1
|-boost|p1a: Dragonite|spe|1
|
|upkeep
|turn|24
|inactive|Dwagone has 150 seconds left.
|
|t:|1779649729
|-terastallize|p1a: Dragonite|Poison
|move|p1a: Dragonite|Dragon Dance|p1a: Dragonite
|-boost|p1a: Dragonite|atk|1
|-boost|p1a: Dragonite|spe|1
|move|p2a: Iron Valiant|Moonblast|p1a: Dragonite
|-resisted|p1a: Dragonite
|-damage|p1a: Dragonite|72/100
|-unboost|p1a: Dragonite|spa|1
|
|upkeep
|turn|25
|inactive|Dwagone has 150 seconds left.
|inactive|gorgie has 60 seconds left.
|
|t:|1779649749
|-end|p2a: Iron Valiant|Quark Drive|[silent]
|switch|p2a: Corviknight|Corviknight, M|100/100
|-ability|p2a: Corviknight|Pressure
|move|p1a: Dragonite|Dragon Dance|p1a: Dragonite
|-boost|p1a: Dragonite|atk|1
|-boost|p1a: Dragonite|spe|1
|
|upkeep
|turn|26
|
|t:|1779649756
|move|p1a: Dragonite|Dragon Dance|p1a: Dragonite
|-boost|p1a: Dragonite|atk|1
|-boost|p1a: Dragonite|spe|1
|move|p2a: Corviknight|Brave Bird|p1a: Dragonite
|-damage|p1a: Dragonite|30/100
|-damage|p2a: Corviknight|89/100|[from] Recoil
|
|upkeep
|turn|27
|
|t:|1779649760
|move|p1a: Dragonite|Roost|p1a: Dragonite
|-heal|p1a: Dragonite|80/100
|move|p2a: Corviknight|Brave Bird|p1a: Dragonite
|-damage|p1a: Dragonite|39/100
|-damage|p2a: Corviknight|78/100|[from] Recoil
|
|upkeep
|turn|28
|
|t:|1779649764
|move|p1a: Dragonite|Roost|p1a: Dragonite
|-heal|p1a: Dragonite|89/100
|move|p2a: Corviknight|Brave Bird|p1a: Dragonite
|-damage|p1a: Dragonite|46/100
|-damage|p2a: Corviknight|67/100|[from] Recoil
|
|upkeep
|turn|29
|
|t:|1779649767
|move|p1a: Dragonite|Roost|p1a: Dragonite
|-heal|p1a: Dragonite|96/100
|move|p2a: Corviknight|Roost|p2a: Corviknight
|-heal|p2a: Corviknight|100/100
|-singleturn|p2a: Corviknight|move: Roost
|
|upkeep
|turn|30
|
|t:|1779649775
|move|p1a: Dragonite|Dragon Dance|p1a: Dragonite
|-boost|p1a: Dragonite|atk|1
|-boost|p1a: Dragonite|spe|1
|move|p2a: Corviknight|Brave Bird|p1a: Dragonite
|-damage|p1a: Dragonite|57/100
|-damage|p2a: Corviknight|90/100|[from] Recoil
|
|upkeep
|turn|31
|
|t:|1779649778
|move|p1a: Dragonite|Roost|p1a: Dragonite
|-heal|p1a: Dragonite|100/100
|move|p2a: Corviknight|Brave Bird|p1a: Dragonite
|-damage|p1a: Dragonite|81/100
|-damage|p2a: Corviknight|85/100|[from] Recoil
|
|upkeep
|turn|32
|
|t:|1779649787
|move|p1a: Dragonite|Dragon Dance|p1a: Dragonite
|-boost|p1a: Dragonite|atk|1
|-boost|p1a: Dragonite|spe|1
|move|p2a: Corviknight|Brave Bird|p1a: Dragonite
|-damage|p1a: Dragonite|39/100
|-damage|p2a: Corviknight|74/100|[from] Recoil
|
|upkeep
|turn|33
|
|t:|1779649790
|move|p1a: Dragonite|Roost|p1a: Dragonite
|-heal|p1a: Dragonite|89/100
|move|p2a: Corviknight|Brave Bird|p1a: Dragonite
|-crit|p1a: Dragonite
|-damage|p1a: Dragonite|31/100
|-damage|p2a: Corviknight|58/100|[from] Recoil
|
|upkeep
|turn|34
|
|t:|1779649794
|move|p1a: Dragonite|Roost|p1a: Dragonite
|-heal|p1a: Dragonite|81/100
|move|p2a: Corviknight|Brave Bird|p1a: Dragonite
|-damage|p1a: Dragonite|38/100
|-damage|p2a: Corviknight|47/100|[from] Recoil
|
|upkeep
|turn|35
|inactive|gorgie has 150 seconds left.
|
|t:|1779649809
|move|p1a: Dragonite|Ice Spinner|p2a: Corviknight
|-damage|p2a: Corviknight|0 fnt
|-damage|p1a: Dragonite|22/100|[from] item: Rocky Helmet|[of] p2a: Corviknight
|faint|p2a: Corviknight
|
|upkeep
|
|t:|1779649813
|switch|p2a: Raging Bolt|Raging Bolt|48/100
|turn|36
|inactive|gorgie has 150 seconds left.
|inactive|gorgie has 120 seconds left.
|inactive|gorgie has 90 seconds left.
|
|t:|1779649903
|move|p1a: Dragonite|Ice Spinner|p2a: Raging Bolt
|-supereffective|p2a: Raging Bolt
|-damage|p2a: Raging Bolt|0 fnt
|faint|p2a: Raging Bolt
|-end|p2a: Raging Bolt|Protosynthesis|[silent]
|
|upkeep
|c|☆gorgie|gg
|c|☆Dwagone|gg
|inactive|gorgie has 60 seconds left.
|
|t:|1779649921
|switch|p2a: Slowking|Slowking-Galar, F|34/100
|turn|37
|inactive|gorgie has 60 seconds left.
|
|t:|1779649935
|switch|p2a: Iron Valiant|Iron Valiant|94/100
|move|p1a: Dragonite|Earthquake|p2a: Iron Valiant
|-damage|p2a: Iron Valiant|0 fnt
|faint|p2a: Iron Valiant
|-end|p2a: Iron Valiant|Quark Drive|[silent]
|
|upkeep
|inactive|gorgie has 60 seconds left.
|
|t:|1779649944
|switch|p2a: Ting-Lu|Ting-Lu|100/100 slp
|-ability|p2a: Ting-Lu|Vessel of Ruin
|turn|38
|
|t:|1779649954
|-terastallize|p2a: Ting-Lu|Steel
|move|p1a: Dragonite|Ice Spinner|p2a: Ting-Lu
|-resisted|p2a: Ting-Lu
|-damage|p2a: Ting-Lu|71/100 slp
|cant|p2a: Ting-Lu|slp
|move|p2a: Ting-Lu|Sleep Talk|p2a: Ting-Lu
|move|p2a: Ting-Lu|Rest||[from] move: Sleep Talk|[still]
|-fail|p2a: Ting-Lu
|
|upkeep
|turn|39
|c|☆gorgie|EWWW
|inactive|gorgie has 60 seconds left.
|c|☆gorgie|damn
|
|t:|1779649975
|move|p1a: Dragonite|Earthquake|p2a: Ting-Lu
|-supereffective|p2a: Ting-Lu
|-damage|p2a: Ting-Lu|0 fnt
|faint|p2a: Ting-Lu
|
|upkeep
|
|t:|1779649978
|switch|p2a: Slowking|Slowking-Galar, F|67/100
|turn|40
|
|t:|1779649982
|move|p1a: Dragonite|Earthquake|p2a: Slowking
|-supereffective|p2a: Slowking
|-enditem|p2a: Slowking|Shuca Berry|[eat]
|-enditem|p2a: Slowking|Shuca Berry|[weaken]
|-damage|p2a: Slowking|0 fnt
|faint|p2a: Slowking
|
|win|Dwagone
