|j|☆jim0510
|j|☆GUABEA
|t:|1779624959
|gametype|singles
|player|p1|jim0510|101|
|player|p2|GUABEA|266|
|gen|9
|tier|[Gen 9] OU
|rule|HP Percentage Mod: HP is shown in percentages
|rule|Endless Battle Clause: Forcing endless battles is banned
|rule|Species Clause: Limit one of each Pokémon
|rule|OHKO Clause: OHKO moves are banned
|rule|Evasion Items Clause: Evasion items are banned
|rule|Evasion Moves Clause: Evasion moves are banned
|rule|Evasion Abilities Clause: Evasion abilities are banned
|rule|Sleep Moves Clause: Sleep-inducing moves are banned
|clearpoke
|poke|p1|Iron Valiant|
|poke|p1|Hydreigon, M|
|poke|p1|Toxapex, M|
|poke|p1|Rillaboom, M|
|poke|p1|Staraptor, M|
|poke|p1|Gliscor, M|
|poke|p2|Keldeo-Resolute|
|poke|p2|Landorus-Therian, M|
|poke|p2|Goodra-Hisui, F|
|poke|p2|Rhyperior, F|
|poke|p2|Latios, M|
|poke|p2|Gholdengo|
|teampreview
|c|☆jim0510|hydreigon electric
|j| firstle
|
|t:|1779625008
|teamsize|p1|6
|teamsize|p2|6
|start
|switch|p1a: Cool sword|Iron Valiant|100/100
|switch|p2a: Okitnam|Gholdengo|100/100
|turn|1
|
|t:|1779625020
|move|p1a: Cool sword|Shadow Ball|p2a: Okitnam
|-supereffective|p2a: Okitnam
|-damage|p2a: Okitnam|43/100
|move|p2a: Okitnam|Shadow Ball|p1a: Cool sword
|-damage|p1a: Cool sword|16/100
|
|-heal|p2a: Okitnam|49/100|[from] item: Leftovers
|upkeep
|turn|2
|
|t:|1779625046
|move|p1a: Cool sword|Shadow Ball|p2a: Okitnam
|-supereffective|p2a: Okitnam
|-damage|p2a: Okitnam|0 fnt
|faint|p2a: Okitnam
|
|upkeep
|j| PrestigeCivilian
|
|t:|1779625054
|switch|p2a: Kol|Keldeo-Resolute|100/100
|turn|3
|c| PrestigeCivilian|tera
|c| PrestigeCivilian|tera
|c| PrestigeCivilian|tera
|c| PrestigeCivilian|tera
|
|t:|1779625079
|-end|p1a: Cool sword|Quark Drive|[silent]
|switch|p1a: Detroit resident|Rillaboom, M|100/100
|-fieldstart|move: Grassy Terrain|[from] ability: Grassy Surge|[of] p1a: Detroit resident
|move|p2a: Kol|Flip Turn|p1a: Detroit resident
|-resisted|p1a: Detroit resident
|-damage|p1a: Detroit resident|96/100
|j| ItsMeFiery
|j| Vinkun9746
|
|t:|1779625092
|switch|p2a: Iba|Goodra-Hisui, F|100/100|[from] Flip Turn
|
|-heal|p1a: Detroit resident|100/100|[from] Grassy Terrain
|upkeep
|turn|4
|c| Vinkun9746|wat turn 4 na
|c| PrestigeCivilian|tera water rhyperior
|
|t:|1779625115
|move|p1a: Detroit resident|Drain Punch|p2a: Iba
|-supereffective|p2a: Iba
|-damage|p2a: Iba|63/100
|move|p2a: Iba|Flamethrower|p1a: Detroit resident
|-supereffective|p1a: Detroit resident
|-damage|p1a: Detroit resident|55/100
|-status|p1a: Detroit resident|brn
|
|-heal|p1a: Detroit resident|62/100 brn|[from] Grassy Terrain
|-heal|p2a: Iba|69/100|[from] Grassy Terrain
|-damage|p1a: Detroit resident|55/100 brn|[from] brn
|upkeep
|turn|5
|c| Vinkun9746|brnik
|
|t:|1779625127
|move|p1a: Detroit resident|High Horsepower|p2a: Iba
|-supereffective|p2a: Iba
|-damage|p2a: Iba|46/100
|move|p2a: Iba|Flamethrower|p1a: Detroit resident
|-supereffective|p1a: Detroit resident
|-damage|p1a: Detroit resident|9/100 brn
|
|-heal|p1a: Detroit resident|15/100 brn|[from] Grassy Terrain
|-heal|p2a: Iba|52/100|[from] Grassy Terrain
|-damage|p1a: Detroit resident|9/100 brn|[from] brn
|upkeep
|turn|6
|
|t:|1779625141
|move|p1a: Detroit resident|Drain Punch|p2a: Iba
|-supereffective|p2a: Iba
|-damage|p2a: Iba|32/100
|-heal|p1a: Detroit resident|18/100 brn|[from] drain|[of] p2a: Iba
|move|p2a: Iba|Flamethrower|p1a: Detroit resident
|-supereffective|p1a: Detroit resident
|-damage|p1a: Detroit resident|0 fnt
|faint|p1a: Detroit resident
|
|-heal|p2a: Iba|38/100|[from] Grassy Terrain
|upkeep
|
|t:|1779625167
|switch|p1a: Cool sword|Iron Valiant|16/100
|turn|7
|l| ItsMeFiery
|
|t:|1779625178
|move|p1a: Cool sword|Focus Blast|p2a: Iba
|-supereffective|p2a: Iba
|-damage|p2a: Iba|0 fnt
|faint|p2a: Iba
|
|-heal|p1a: Cool sword|22/100|[from] Grassy Terrain
|-fieldend|move: Grassy Terrain
|upkeep
|c| Vinkun9746|will it survive chat
|j| ItsMeFiery
|c| Vinkun9746|it did not
|
|t:|1779625189
|switch|p2a: Bes|Rhyperior, F|100/100
|turn|8
|
|t:|1779625194
|move|p1a: Cool sword|Focus Blast|p2a: Bes
|-supereffective|p2a: Bes
|-damage|p2a: Bes|0 fnt
|faint|p2a: Bes
|
|upkeep
|c| Vinkun9746|oh no
|
|t:|1779625201
|switch|p2a: Kol|Keldeo-Resolute|100/100
|turn|9
|c| Vinkun9746|sweep?
|
|t:|1779625220
|-end|p1a: Cool sword|Quark Drive|[silent]
|switch|p1a: Lason|Toxapex, M|100/100
|move|p2a: Kol|Icy Wind|p1a: Lason
|-resisted|p1a: Lason
|-damage|p1a: Lason|95/100
|-unboost|p1a: Lason|spe|1
|
|-heal|p1a: Lason|100/100|[from] item: Black Sludge
|upkeep
|turn|10
|c| Vinkun9746|skt
|
|t:|1779625232
|switch|p2a: Land|Landorus-Therian, M|100/100
|-ability|p2a: Land|Intimidate|boost
|-unboost|p1a: Lason|atk|1
|move|p1a: Lason|Toxic Spikes|p2a: Land
|-sidestart|p2: GUABEA|move: Toxic Spikes
|
|upkeep
|turn|11
|c| Vinkun9746|minus speed
|
|t:|1779625239
|move|p2a: Land|Earthquake|p1a: Lason
|-supereffective|p1a: Lason
|-damage|p1a: Lason|15/100
|move|p1a: Lason|Surf|p2a: Land
|-supereffective|p2a: Land
|-damage|p2a: Land|57/100
|
|-heal|p1a: Lason|21/100|[from] item: Black Sludge
|upkeep
|turn|12
|
|t:|1779625249
|move|p1a: Lason|Baneful Bunker|p1a: Lason
|-singleturn|p1a: Lason|move: Protect
|move|p2a: Land|Earthquake|p1a: Lason
|-activate|p1a: Lason|move: Protect
|
|-heal|p1a: Lason|27/100|[from] item: Black Sludge
|upkeep
|turn|13
|c| Vinkun9746|landot
|
|t:|1779625281
|move|p1a: Lason|Baneful Bunker|p1a: Lason
|-singleturn|p1a: Lason|move: Protect
|move|p2a: Land|Earthquake|p1a: Lason
|-activate|p1a: Lason|move: Protect
|
|-heal|p1a: Lason|34/100|[from] item: Black Sludge
|upkeep
|turn|14
|c| Vinkun9746|WHAT
|c| Vinkun9746|double protect??
|c| Vinkun9746|isa pa
|
|t:|1779625315
|switch|p1a: Aswang|Gliscor, M|100/100
|move|p2a: Land|Earthquake|p1a: Aswang
|-immune|p1a: Aswang
|
|-status|p1a: Aswang|tox|[from] item: Toxic Orb
|upkeep
|turn|15
|c| Vinkun9746|tiktik
|
|t:|1779625339
|switch|p2a: Tantado|Latios, M|100/100
|move|p1a: Aswang|Knock Off|p2a: Tantado
|-supereffective|p2a: Tantado
|-damage|p2a: Tantado|43/100
|-enditem|p2a: Tantado|Choice Specs|[from] move: Knock Off|[of] p1a: Aswang
|
|upkeep
|turn|16
|c| Vinkun9746|anyong lupa lng
|c| Vinkun9746|:'((
|
|t:|1779625362
|move|p1a: Aswang|Protect|p1a: Aswang
|-singleturn|p1a: Aswang|Protect
|move|p2a: Tantado|Draco Meteor|p1a: Aswang
|-activate|p1a: Aswang|move: Protect
|
|upkeep
|turn|17
|c| Vinkun9746|bohol
|c| Vinkun9746|sakto lng
|c| Vinkun9746|wala dugo
|
|t:|1779625383
|move|p2a: Tantado|Trick|p1a: Aswang
|-activate|p2a: Tantado|move: Trick|[of] p1a: Aswang
|-enditem|p1a: Aswang|Toxic Orb|[silent]|[from] move: Trick
|-item|p2a: Tantado|Toxic Orb|[from] move: Trick
|move|p1a: Aswang|Knock Off|p2a: Tantado
|-supereffective|p2a: Tantado
|-damage|p2a: Tantado|0 fnt
|-enditem|p2a: Tantado|Toxic Orb|[from] move: Knock Off|[of] p1a: Aswang
|faint|p2a: Tantado
|
|upkeep
|c| Vinkun9746|wow trick
|
|t:|1779625393
|switch|p2a: Land|Landorus-Therian, M|57/100
|-ability|p2a: Land|Intimidate|boost
|-unboost|p1a: Aswang|atk|1
|turn|18
|
|t:|1779625400
|move|p2a: Land|Earthquake|p1a: Aswang
|-immune|p1a: Aswang
|move|p1a: Aswang|Knock Off|p2a: Land
|-damage|p2a: Land|41/100
|-damage|p1a: Aswang|84/100 tox|[from] item: Rocky Helmet|[of] p2a: Land
|-enditem|p2a: Land|Rocky Helmet|[from] move: Knock Off|[of] p1a: Aswang
|
|-heal|p1a: Aswang|96/100 tox|[from] ability: Poison Heal
|upkeep
|turn|19
|
|t:|1779625415
|move|p2a: Land|Stone Edge|p1a: Aswang
|-damage|p1a: Aswang|74/100 tox
|move|p1a: Aswang|Stealth Rock|p2a: Land
|-sidestart|p2: GUABEA|move: Stealth Rock
|
|-heal|p1a: Aswang|87/100 tox|[from] ability: Poison Heal
|upkeep
|turn|20
|c| Vinkun9746|oh no
|
|t:|1779625424
|move|p2a: Land|Stealth Rock|p1a: Aswang
|-sidestart|p1: jim0510|move: Stealth Rock
|move|p1a: Aswang|Knock Off|p2a: Land
|-damage|p2a: Land|30/100
|
|-heal|p1a: Aswang|99/100 tox|[from] ability: Poison Heal
|upkeep
|turn|21
|
|t:|1779625432
|switch|p2a: Kol|Keldeo-Resolute|100/100
|-status|p2a: Kol|psn
|-damage|p2a: Kol|94/100 psn|[from] Stealth Rock
|move|p1a: Aswang|Knock Off|p2a: Kol
|-resisted|p2a: Kol
|-damage|p2a: Kol|87/100 psn
|-ability|p2a: Kol|Justified|boost
|-boost|p2a: Kol|atk|1
|-enditem|p2a: Kol|Choice Scarf|[from] move: Knock Off|[of] p1a: Aswang
|
|-damage|p2a: Kol|74/100 psn|[from] psn
|-heal|p1a: Aswang|100/100 tox|[from] ability: Poison Heal
|upkeep
|turn|22
|
|t:|1779625448
|move|p2a: Kol|Secret Sword|p1a: Aswang
|-resisted|p1a: Aswang
|-damage|p1a: Aswang|88/100 tox
|move|p1a: Aswang|Earthquake|p2a: Kol
|-damage|p2a: Kol|50/100 psn
|
|-damage|p2a: Kol|38/100 psn|[from] psn
|-heal|p1a: Aswang|99/100 tox|[from] ability: Poison Heal
|upkeep
|turn|23
|c| Vinkun9746|naka psn
|
|t:|1779625466
|switch|p1a: Nightfury|Hydreigon, M|100/100
|-damage|p1a: Nightfury|88/100|[from] Stealth Rock
|move|p2a: Kol|Icy Wind|p1a: Nightfury
|-supereffective|p1a: Nightfury
|-damage|p1a: Nightfury|41/100
|-unboost|p1a: Nightfury|spe|1
|
|-damage|p2a: Kol|26/100 psn|[from] psn
|upkeep
|turn|24
|
|t:|1779625480
|-terastallize|p1a: Nightfury|Electric
|move|p2a: Kol|Icy Wind|p1a: Nightfury
|-damage|p1a: Nightfury|20/100
|-unboost|p1a: Nightfury|spe|1
|move|p1a: Nightfury|Draco Meteor|p2a: Kol
|-damage|p2a: Kol|0 fnt
|-unboost|p1a: Nightfury|spa|2
|faint|p2a: Kol
|
|upkeep
|c| Vinkun9746|omg
|
|t:|1779625492
|switch|p2a: Land|Landorus-Therian, M|30/100
|-damage|p2a: Land|18/100|[from] Stealth Rock
|-ability|p2a: Land|Intimidate|boost
|-unboost|p1a: Nightfury|atk|1
|turn|25
|j| Just_Seele
|
|t:|1779625506
|switch|p1a: Aswang|Gliscor, M|99/100 tox
|-damage|p1a: Aswang|88/100 tox|[from] Stealth Rock
|move|p2a: Land|Stone Edge|p1a: Aswang
|-damage|p1a: Aswang|64/100 tox
|
|-heal|p1a: Aswang|77/100 tox|[from] ability: Poison Heal
|upkeep
|turn|26
|
|t:|1779625519
|move|p2a: Land|U-turn|p1a: Aswang
|-resisted|p1a: Aswang
|-damage|p1a: Aswang|69/100 tox
|move|p1a: Aswang|Knock Off|p2a: Land
|-damage|p2a: Land|2/100
|
|-heal|p1a: Aswang|81/100 tox|[from] ability: Poison Heal
|upkeep
|turn|27
|c| Vinkun9746|oh no
|c| Vinkun9746|comeback>
|
|t:|1779625528
|move|p2a: Land|Stone Edge|p1a: Aswang|[miss]
|-miss|p2a: Land|p1a: Aswang
|move|p1a: Aswang|Knock Off|p2a: Land
|-damage|p2a: Land|0 fnt
|faint|p2a: Land
|
|win|jim0510
|c| Vinkun9746|sorry pre
