|j|☆sadaasdfasdasd
|j|☆goodnightnite
|t:|1779685019
|gametype|singles
|player|p1|sadaasdfasdasd|169|1567
|player|p2|goodnightnite|miku-water|1633
|gen|9
|tier|[Gen 9] OU
|rated|
|rule|HP Percentage Mod: HP is shown in percentages
|rule|Endless Battle Clause: Forcing endless battles is banned
|rule|Species Clause: Limit one of each Pokémon
|rule|OHKO Clause: OHKO moves are banned
|rule|Evasion Items Clause: Evasion items are banned
|rule|Evasion Moves Clause: Evasion moves are banned
|rule|Evasion Abilities Clause: Evasion abilities are banned
|rule|Sleep Moves Clause: Sleep-inducing moves are banned
|clearpoke
|poke|p1|Serperior, F|
|poke|p1|Skeledirge, M|
|poke|p1|Ting-Lu|
|poke|p1|Gholdengo|
|poke|p1|Rotom-Wash|
|poke|p1|Weavile, F|
|poke|p2|Ribombee, F|
|poke|p2|Lokix, F|
|poke|p2|Great Tusk|
|poke|p2|Raging Bolt|
|poke|p2|Gholdengo|
|poke|p2|Iron Moth|
|teampreview
|inactive|Battle timer is ON: inactive players will automatically lose when time's up. (requested by goodnightnite)
|
|t:|1779685031
|teamsize|p1|6
|teamsize|p2|6
|start
|switch|p1a: slow cycle|Rotom-Wash|100/100
|switch|p2a: Ribombee|Ribombee, F, shiny|100/100
|turn|1
|
|t:|1779685033
|move|p2a: Ribombee|Sticky Web|p1a: slow cycle
|-sidestart|p1: sadaasdfasdasd|move: Sticky Web
|move|p1a: slow cycle|Hydro Pump|p2a: Ribombee
|-damage|p2a: Ribombee|35/100
|
|upkeep
|turn|2
|
|t:|1779685037
|move|p2a: Ribombee|Moonblast|p1a: slow cycle
|-damage|p1a: slow cycle|58/100
|move|p1a: slow cycle|Volt Switch|p2a: Ribombee
|-damage|p2a: Ribombee|0 fnt
|faint|p2a: Ribombee
|
|t:|1779685044
|switch|p1a: Amascut's Promise|Gholdengo|100/100|[from] Volt Switch
|-activate|p1a: Amascut's Promise|move: Sticky Web
|-unboost|p1a: Amascut's Promise|spe|1
|
|upkeep
|
|t:|1779685056
|switch|p2a: Great Tusk|Great Tusk, shiny|100/100
|-enditem|p2a: Great Tusk|Booster Energy
|-activate|p2a: Great Tusk|ability: Protosynthesis|[fromitem]
|-start|p2a: Great Tusk|protosynthesisatk
|turn|3
|
|t:|1779685063
|switch|p1a: Serperior|Serperior, F, shiny|100/100
|-activate|p1a: Serperior|move: Sticky Web
|-boost|p1a: Serperior|spe|1
|move|p2a: Great Tusk|Close Combat|p1a: Serperior
|-damage|p1a: Serperior|14/100
|-unboost|p2a: Great Tusk|def|1
|-unboost|p2a: Great Tusk|spd|1
|
|-heal|p1a: Serperior|20/100|[from] item: Leftovers
|upkeep
|turn|4
|
|t:|1779685070
|-end|p2a: Great Tusk|Protosynthesis|[silent]
|switch|p2a: Iron Moth|Iron Moth, shiny|100/100
|-enditem|p2a: Iron Moth|Booster Energy
|-activate|p2a: Iron Moth|ability: Quark Drive|[fromitem]
|-start|p2a: Iron Moth|quarkdrivespa
|move|p1a: Serperior|Leaf Storm|p2a: Iron Moth
|-resisted|p2a: Iron Moth
|-crit|p2a: Iron Moth
|-damage|p2a: Iron Moth|85/100
|-boost|p1a: Serperior|spa|2
|
|-heal|p1a: Serperior|26/100|[from] item: Leftovers
|upkeep
|turn|5
|
|t:|1779685075
|switch|p1a: Skeledirge|Skeledirge, M|100/100
|move|p2a: Iron Moth|Fiery Dance|p1a: Skeledirge
|-resisted|p1a: Skeledirge
|-damage|p1a: Skeledirge|80/100
|
|upkeep
|turn|6
|
|t:|1779685079
|move|p2a: Iron Moth|Sludge Wave|p1a: Skeledirge
|-resisted|p1a: Skeledirge
|-damage|p1a: Skeledirge|53/100
|-status|p1a: Skeledirge|psn
|move|p1a: Skeledirge|Torch Song|p2a: Iron Moth
|-resisted|p2a: Iron Moth
|-damage|p2a: Iron Moth|70/100
|-boost|p1a: Skeledirge|spa|1
|
|-damage|p1a: Skeledirge|41/100 psn|[from] psn
|upkeep
|turn|7
|
|t:|1779685088
|-end|p2a: Iron Moth|Quark Drive|[silent]
|switch|p2a: Great Tusk|Great Tusk, shiny|100/100
|move|p1a: Skeledirge|Slack Off|p1a: Skeledirge
|-heal|p1a: Skeledirge|91/100 psn
|
|-damage|p1a: Skeledirge|79/100 psn|[from] psn
|upkeep
|turn|8
|
|t:|1779685094
|switch|p1a: slow cycle|Rotom-Wash|58/100
|move|p2a: Great Tusk|Headlong Rush|p1a: slow cycle
|-immune|p1a: slow cycle|[from] ability: Levitate
|
|upkeep
|turn|9
|
|t:|1779685098
|move|p2a: Great Tusk|Close Combat|p1a: slow cycle
|-damage|p1a: slow cycle|3/100
|-unboost|p2a: Great Tusk|def|1
|-unboost|p2a: Great Tusk|spd|1
|-damage|p2a: Great Tusk|84/100|[from] item: Rocky Helmet|[of] p1a: slow cycle
|move|p1a: slow cycle|Hydro Pump|p2a: Great Tusk|[miss]
|-miss|p1a: slow cycle|p2a: Great Tusk
|
|upkeep
|turn|10
|
|t:|1779685102
|move|p2a: Great Tusk|Rapid Spin|p1a: slow cycle
|-damage|p1a: slow cycle|0 fnt
|-boost|p2a: Great Tusk|spe|1
|-damage|p2a: Great Tusk|68/100|[from] item: Rocky Helmet|[of] p1a: slow cycle
|faint|p1a: slow cycle
|
|upkeep
|
|t:|1779685105
|switch|p1a: Serperior|Serperior, F, shiny|26/100
|-activate|p1a: Serperior|move: Sticky Web
|-boost|p1a: Serperior|spe|1
|turn|11
|
|t:|1779685109
|move|p1a: Serperior|Glare|p2a: Great Tusk
|-status|p2a: Great Tusk|par
|cant|p2a: Great Tusk|par
|
|-heal|p1a: Serperior|32/100|[from] item: Leftovers
|upkeep
|turn|12
|
|t:|1779685113
|-end|p2a: Great Tusk|Protosynthesis|[silent]
|switch|p2a: Iron Moth|Iron Moth, shiny|70/100
|move|p1a: Serperior|Leaf Storm|p2a: Iron Moth
|-resisted|p2a: Iron Moth
|-damage|p2a: Iron Moth|59/100
|-boost|p1a: Serperior|spa|2
|
|-heal|p1a: Serperior|38/100|[from] item: Leftovers
|upkeep
|turn|13
|
|t:|1779685119
|switch|p1a: Skeledirge|Skeledirge, M|79/100 psn
|move|p2a: Iron Moth|Fiery Dance|p1a: Skeledirge
|-resisted|p1a: Skeledirge
|-damage|p1a: Skeledirge|63/100 psn
|-boost|p2a: Iron Moth|spa|1
|
|-damage|p1a: Skeledirge|50/100 psn|[from] psn
|upkeep
|turn|14
|
|t:|1779685123
|move|p2a: Iron Moth|Sludge Wave|p1a: Skeledirge
|-resisted|p1a: Skeledirge
|-damage|p1a: Skeledirge|30/100 psn
|move|p1a: Skeledirge|Slack Off|p1a: Skeledirge
|-heal|p1a: Skeledirge|80/100 psn
|
|-damage|p1a: Skeledirge|68/100 psn|[from] psn
|upkeep
|turn|15
|
|t:|1779685127
|-end|p2a: Iron Moth|Quark Drive|[silent]
|switch|p2a: Great Tusk|Great Tusk, shiny|68/100 par
|move|p1a: Skeledirge|Torch Song|p2a: Great Tusk
|-damage|p2a: Great Tusk|22/100 par
|-boost|p1a: Skeledirge|spa|1
|
|-damage|p1a: Skeledirge|55/100 psn|[from] psn
|upkeep
|turn|16
|
|t:|1779685130
|move|p1a: Skeledirge|Torch Song|p2a: Great Tusk
|-damage|p2a: Great Tusk|0 fnt
|-boost|p1a: Skeledirge|spa|1
|faint|p2a: Great Tusk
|-end|p2a: Great Tusk|Protosynthesis|[silent]
|
|-damage|p1a: Skeledirge|43/100 psn|[from] psn
|upkeep
|
|t:|1779685135
|switch|p2a: Lokix|Lokix, F, shiny|100/100
|turn|17
|
|t:|1779685140
|move|p2a: Lokix|Knock Off|p1a: Skeledirge
|-supereffective|p1a: Skeledirge
|-damage|p1a: Skeledirge|0 fnt
|-enditem|p1a: Skeledirge|Heavy-Duty Boots|[from] move: Knock Off|[of] p2a: Lokix
|faint|p1a: Skeledirge
|-damage|p2a: Lokix|91/100|[from] item: Life Orb
|
|upkeep
|
|t:|1779685144
|switch|p1a: Weavile|Weavile, F|100/100
|turn|18
|
|t:|1779685150
|move|p1a: Weavile|Icicle Crash|p2a: Lokix
|-damage|p2a: Lokix|29/100
|cant|p2a: Lokix|flinch
|
|upkeep
|turn|19
|c|☆goodnightnite|okay
|
|t:|1779685160
|move|p1a: Weavile|Icicle Crash|p2a: Lokix
|-damage|p2a: Lokix|0 fnt
|faint|p2a: Lokix
|
|upkeep
|
|t:|1779685164
|switch|p2a: Iron Moth|Iron Moth, shiny|59/100
|turn|20
|
|t:|1779685172
|switch|p1a: Ting-Lu|Ting-Lu|100/100
|-activate|p1a: Ting-Lu|move: Sticky Web
|-unboost|p1a: Ting-Lu|spe|1
|-ability|p1a: Ting-Lu|Vessel of Ruin
|move|p2a: Iron Moth|Fiery Dance|p1a: Ting-Lu
|-damage|p1a: Ting-Lu|82/100
|-boost|p2a: Iron Moth|spa|1
|
|-heal|p1a: Ting-Lu|88/100|[from] item: Leftovers
|upkeep
|turn|21
|
|t:|1779685176
|move|p2a: Iron Moth|Energy Ball|p1a: Ting-Lu
|-supereffective|p1a: Ting-Lu
|-damage|p1a: Ting-Lu|47/100
|move|p1a: Ting-Lu|Earthquake|p2a: Iron Moth
|-supereffective|p2a: Iron Moth
|-damage|p2a: Iron Moth|0 fnt
|faint|p2a: Iron Moth
|-end|p2a: Iron Moth|Quark Drive|[silent]
|
|-heal|p1a: Ting-Lu|53/100|[from] item: Leftovers
|upkeep
|
|t:|1779685182
|switch|p2a: Gholdengo|Gholdengo, shiny|100/100
|-item|p2a: Gholdengo|Air Balloon
|turn|22
|
|t:|1779685185
|switch|p1a: Weavile|Weavile, F|100/100
|move|p2a: Gholdengo|Nasty Plot|p2a: Gholdengo
|-boost|p2a: Gholdengo|spa|2
|
|upkeep
|turn|23
|
|t:|1779685191
|-terastallize|p2a: Gholdengo|Fairy
|move|p1a: Weavile|Icicle Crash|p2a: Gholdengo
|-damage|p2a: Gholdengo|50/100
|-enditem|p2a: Gholdengo|Air Balloon
|move|p2a: Gholdengo|Dazzling Gleam|p1a: Weavile
|-supereffective|p1a: Weavile
|-crit|p1a: Weavile
|-damage|p1a: Weavile|0 fnt
|faint|p1a: Weavile
|
|upkeep
|
|t:|1779685198
|switch|p1a: Serperior|Serperior, F, shiny|38/100
|-activate|p1a: Serperior|move: Sticky Web
|-boost|p1a: Serperior|spe|1
|turn|24
|
|t:|1779685202
|switch|p2a: Raging Bolt|Raging Bolt|100/100
|-enditem|p2a: Raging Bolt|Booster Energy
|-activate|p2a: Raging Bolt|ability: Protosynthesis|[fromitem]
|-start|p2a: Raging Bolt|protosynthesisspa
|move|p1a: Serperior|Leaf Storm|p2a: Raging Bolt
|-resisted|p2a: Raging Bolt
|-damage|p2a: Raging Bolt|81/100
|-boost|p1a: Serperior|spa|2
|
|-heal|p1a: Serperior|44/100|[from] item: Leftovers
|upkeep
|turn|25
|
|t:|1779685208
|move|p1a: Serperior|Substitute|p1a: Serperior
|-start|p1a: Serperior|Substitute
|-damage|p1a: Serperior|20/100
|move|p2a: Raging Bolt|Calm Mind|p2a: Raging Bolt
|-boost|p2a: Raging Bolt|spa|1
|-boost|p2a: Raging Bolt|spd|1
|
|-heal|p1a: Serperior|26/100|[from] item: Leftovers
|upkeep
|turn|26
|
|t:|1779685212
|move|p1a: Serperior|Leech Seed|p2a: Raging Bolt
|-start|p2a: Raging Bolt|move: Leech Seed
|move|p2a: Raging Bolt|Dragon Pulse|p1a: Serperior
|-end|p1a: Serperior|Substitute
|
|-heal|p1a: Serperior|32/100|[from] item: Leftovers
|-damage|p2a: Raging Bolt|69/100|[from] Leech Seed|[of] p1a: Serperior
|-heal|p1a: Serperior|47/100|[silent]
|upkeep
|turn|27
|
|t:|1779685217
|move|p1a: Serperior|Substitute|p1a: Serperior
|-start|p1a: Serperior|Substitute
|-damage|p1a: Serperior|22/100
|move|p2a: Raging Bolt|Dragon Pulse|p1a: Serperior
|-end|p1a: Serperior|Substitute
|
|-heal|p1a: Serperior|28/100|[from] item: Leftovers
|-damage|p2a: Raging Bolt|56/100|[from] Leech Seed|[of] p1a: Serperior
|-heal|p1a: Serperior|43/100|[silent]
|upkeep
|turn|28
|
|t:|1779685219
|move|p1a: Serperior|Substitute|p1a: Serperior
|-start|p1a: Serperior|Substitute
|-damage|p1a: Serperior|18/100
|move|p2a: Raging Bolt|Dragon Pulse|p1a: Serperior
|-end|p1a: Serperior|Substitute
|
|-heal|p1a: Serperior|24/100|[from] item: Leftovers
|-damage|p2a: Raging Bolt|44/100|[from] Leech Seed|[of] p1a: Serperior
|-heal|p1a: Serperior|39/100|[silent]
|upkeep
|turn|29
|
|t:|1779685222
|move|p1a: Serperior|Substitute|p1a: Serperior
|-start|p1a: Serperior|Substitute
|-damage|p1a: Serperior|14/100
|move|p2a: Raging Bolt|Dragon Pulse|p1a: Serperior
|-end|p1a: Serperior|Substitute
|
|-heal|p1a: Serperior|20/100|[from] item: Leftovers
|-damage|p2a: Raging Bolt|32/100|[from] Leech Seed|[of] p1a: Serperior
|-heal|p1a: Serperior|35/100|[silent]
|upkeep
|turn|30
|
|t:|1779685226
|move|p2a: Raging Bolt|Thunderclap||[still]
|-fail|p2a: Raging Bolt
|move|p1a: Serperior|Substitute|p1a: Serperior
|-start|p1a: Serperior|Substitute
|-damage|p1a: Serperior|10/100
|
|-heal|p1a: Serperior|16/100|[from] item: Leftovers
|-damage|p2a: Raging Bolt|19/100|[from] Leech Seed|[of] p1a: Serperior
|-heal|p1a: Serperior|31/100|[silent]
|upkeep
|turn|31
|-message|goodnightnite forfeited.
|
|win|sadaasdfasdasd
|raw|sadaasdfasdasd's rating: 1567 &rarr; <strong>1591</strong><br />(+24 for winning)
|raw|goodnightnite's rating: 1633 &rarr; <strong>1609</strong><br />(-24 for losing)
|l|☆goodnightnite
|player|p2|
