|j|☆Papermario<3
|j|☆Cr1ms0nFL
|t:|1779661519
|gametype|singles
|player|p1|Papermario<3|2|1110
|player|p2|Cr1ms0nFL|170|1114
|gen|9
|tier|[Gen 9] OU
|rated|
|rule|HP Percentage Mod: HP is shown in percentages
|rule|Endless Battle Clause: Forcing endless battles is banned
|rule|Species Clause: Limit one of each Pokémon
|rule|OHKO Clause: OHKO moves are banned
|rule|Evasion Items Clause: Evasion items are banned
|rule|Evasion Moves Clause: Evasion moves are banned
|rule|Evasion Abilities Clause: Evasion abilities are banned
|rule|Sleep Moves Clause: Sleep-inducing moves are banned
|clearpoke
|poke|p1|Golduck, F|
|poke|p1|Jumpluff, F|
|poke|p1|Victreebel, M|
|poke|p1|Gothitelle, M|
|poke|p1|Klefki, F|
|poke|p1|Ursaring, M|
|poke|p2|Zarude|
|poke|p2|Slowking-Galar, F|
|poke|p2|Cinderace, M|
|poke|p2|Crabominable, M|
|poke|p2|Garchomp, M|
|poke|p2|Manaphy|
|teampreview
|inactive|Battle timer is ON: inactive players will automatically lose when time's up. (requested by Papermario<3)
|
|t:|1779661550
|teamsize|p1|6
|teamsize|p2|6
|start
|switch|p1a: Victreebel|Victreebel, M|100/100
|switch|p2a: Jude Belingham|Cinderace, M, shiny|100/100
|turn|1
|
|t:|1779661562
|move|p1a: Victreebel|Sludge Bomb|p2a: Jude Belingham
|-damage|p2a: Jude Belingham|43/100
|-status|p2a: Jude Belingham|psn
|move|p2a: Jude Belingham|U-turn|p1a: Victreebel
|-start|p2a: Jude Belingham|typechange|Bug|[from] ability: Libero
|-damage|p1a: Victreebel|42/100
|
|t:|1779661573
|switch|p2a: Takaba|Manaphy, shiny|100/100|[from] U-turn
|
|upkeep
|turn|2
|
|t:|1779661592
|switch|p1a: Golduck|Golduck, F|100/100
|-ability|p1a: Golduck|Cloud Nine
|switch|p2a: Shinos|Garchomp, M|100/100
|
|upkeep
|turn|3
|
|t:|1779661600
|move|p2a: Shinos|Outrage|p1a: Golduck
|-damage|p1a: Golduck|16/100
|move|p1a: Golduck|Future Sight|p2a: Shinos
|-start|p1a: Golduck|move: Future Sight
|
|-heal|p1a: Golduck|22/100|[from] item: Leftovers
|upkeep
|turn|4
|inactive|Cr1ms0nFL has 120 seconds left.
|
|t:|1779661649
|switch|p1a: Klefki|Klefki, F|100/100
|move|p2a: Shinos|Outrage|p1a: Klefki|[from] lockedmove
|-immune|p1a: Klefki
|-start|p2a: Shinos|confusion|[fatigue]
|
|upkeep
|turn|5
|inactive|Cr1ms0nFL has 90 seconds left.
|
|t:|1779661681
|switch|p1a: Jumpluff|Jumpluff, F|100/100
|-activate|p2a: Shinos|confusion
|move|p2a: Shinos|Outrage|p1a: Jumpluff
|-damage|p1a: Jumpluff|31/100
|-damage|p2a: Shinos|84/100|[from] item: Rocky Helmet|[of] p1a: Jumpluff
|
|-end|p2a: Shinos|move: Future Sight
|-damage|p2a: Shinos|56/100
|upkeep
|turn|6
|inactive|Cr1ms0nFL has 90 seconds left.
|
|t:|1779661704
|-activate|p2a: Shinos|confusion
|move|p2a: Shinos|Outrage|p1a: Jumpluff|[from] lockedmove
|-damage|p1a: Jumpluff|0 fnt
|-damage|p2a: Shinos|39/100|[from] item: Rocky Helmet|[of] p1a: Jumpluff
|faint|p1a: Jumpluff
|
|upkeep
|
|t:|1779661714
|switch|p1a: Klefki|Klefki, F|100/100
|turn|7
|
|t:|1779661721
|move|p1a: Klefki|Calm Mind|p1a: Klefki
|-boost|p1a: Klefki|spa|1
|-boost|p1a: Klefki|spd|1
|-activate|p2a: Shinos|confusion
|move|p2a: Shinos|Outrage|p1a: Klefki|[from] lockedmove
|-immune|p1a: Klefki
|
|upkeep
|turn|8
|inactive|Cr1ms0nFL has 90 seconds left.
|
|t:|1779661729
|move|p1a: Klefki|Iron Defense|p1a: Klefki
|-boost|p1a: Klefki|def|2
|-end|p2a: Shinos|confusion
|move|p2a: Shinos|Earthquake|p1a: Klefki
|-supereffective|p1a: Klefki
|-damage|p1a: Klefki|50/100
|-enditem|p1a: Klefki|Sitrus Berry|[eat]
|-heal|p1a: Klefki|75/100|[from] item: Sitrus Berry
|
|upkeep
|turn|9
|
|t:|1779661739
|move|p2a: Shinos|Earthquake|p1a: Klefki
|-supereffective|p1a: Klefki
|-damage|p1a: Klefki|27/100
|move|p1a: Klefki|Draining Kiss|p2a: Shinos
|-supereffective|p2a: Shinos
|-damage|p2a: Shinos|0 fnt
|-heal|p1a: Klefki|63/100|[from] drain|[of] p2a: Shinos
|-damage|p1a: Klefki|50/100|[from] ability: Rough Skin|[of] p2a: Shinos
|-damage|p1a: Klefki|34/100|[from] item: Rocky Helmet|[of] p2a: Shinos
|faint|p2a: Shinos
|
|upkeep
|inactive|Cr1ms0nFL has 90 seconds left.
|
|t:|1779661762
|switch|p2a: Jude Belingham|Cinderace, M, shiny|43/100 psn
|turn|10
|
|t:|1779661778
|move|p1a: Klefki|Recycle|p1a: Klefki
|-item|p1a: Klefki|Sitrus Berry|[from] move: Recycle
|-enditem|p1a: Klefki|Sitrus Berry|[eat]
|-heal|p1a: Klefki|59/100|[from] item: Sitrus Berry
|move|p2a: Jude Belingham|U-turn|p1a: Klefki
|-start|p2a: Jude Belingham|typechange|Bug|[from] ability: Libero
|-resisted|p1a: Klefki
|-damage|p1a: Klefki|55/100
|
|t:|1779661791
|switch|p2a: Milim|Slowking-Galar, F|100/100|[from] U-turn
|
|upkeep
|turn|11
|
|t:|1779661801
|-terastallize|p2a: Milim|Stellar
|move|p1a: Klefki|Calm Mind|p1a: Klefki
|-boost|p1a: Klefki|spa|1
|-boost|p1a: Klefki|spd|1
|move|p2a: Milim|Trick Room|p2a: Milim
|-fieldstart|move: Trick Room|[of] p2a: Milim
|
|upkeep
|turn|12
|
|t:|1779661809
|move|p1a: Klefki|Calm Mind|p1a: Klefki
|-boost|p1a: Klefki|spa|1
|-boost|p1a: Klefki|spd|1
|-prepare|p2a: Milim|Chilly Reception|[premajor]
|move|p2a: Milim|Chilly Reception|p2a: Milim
|-weather|Snowscape
|
|t:|1779661816
|switch|p2a: Ogrest|Crabominable, M, shiny|100/100|[from] Chilly Reception
|
|-weather|Snowscape|[upkeep]
|upkeep
|turn|13
|
|t:|1779661829
|move|p1a: Klefki|Iron Defense|p1a: Klefki
|-boost|p1a: Klefki|def|2
|move|p2a: Ogrest|Crabhammer|p1a: Klefki
|-damage|p1a: Klefki|44/100
|
|-weather|Snowscape|[upkeep]
|upkeep
|turn|14
|
|t:|1779661839
|move|p1a: Klefki|Recycle|p1a: Klefki
|-item|p1a: Klefki|Sitrus Berry|[from] move: Recycle
|-enditem|p1a: Klefki|Sitrus Berry|[eat]
|-heal|p1a: Klefki|69/100|[from] item: Sitrus Berry
|move|p2a: Ogrest|Ice Hammer|p1a: Klefki|[miss]
|-miss|p2a: Ogrest|p1a: Klefki
|
|-weather|Snowscape|[upkeep]
|upkeep
|turn|15
|
|t:|1779661849
|move|p2a: Ogrest|Thunder Punch|p1a: Klefki
|-damage|p1a: Klefki|57/100
|move|p1a: Klefki|Draining Kiss|p2a: Ogrest
|-supereffective|p2a: Ogrest
|-damage|p2a: Ogrest|6/100
|-heal|p1a: Klefki|100/100|[from] drain|[of] p2a: Ogrest
|
|-weather|Snowscape|[upkeep]
|-fieldend|move: Trick Room
|upkeep
|turn|16
|
|t:|1779661860
|move|p1a: Klefki|Draining Kiss|p2a: Ogrest
|-supereffective|p2a: Ogrest
|-damage|p2a: Ogrest|0 fnt
|faint|p2a: Ogrest
|
|-weather|none
|upkeep
|
|t:|1779661867
|switch|p2a: Takaba|Manaphy, shiny|100/100
|turn|17
|
|t:|1779661870
|move|p2a: Takaba|Heart Swap|p1a: Klefki
|-swapboost|p2a: Takaba|p1a: Klefki|[from] move: Heart Swap
|move|p1a: Klefki|Draining Kiss|p2a: Takaba
|-damage|p2a: Takaba|95/100
|
|upkeep
|turn|18
|
|t:|1779661879
|move|p1a: Klefki|Calm Mind|p1a: Klefki
|-boost|p1a: Klefki|spa|1
|-boost|p1a: Klefki|spd|1
|move|p2a: Takaba|Tail Glow|p2a: Takaba
|-boost|p2a: Takaba|spa|3
|
|upkeep
|turn|19
|
|t:|1779661892
|move|p1a: Klefki|Calm Mind|p1a: Klefki
|-boost|p1a: Klefki|spa|1
|-boost|p1a: Klefki|spd|1
|move|p2a: Takaba|Scald|p1a: Klefki
|-damage|p1a: Klefki|25/100
|-status|p1a: Klefki|brn
|
|-damage|p1a: Klefki|19/100 brn|[from] brn
|upkeep
|turn|20
|
|t:|1779661902
|move|p2a: Takaba|Tail Glow|p2a: Takaba
|-boost|p2a: Takaba|spa|0
|move|p1a: Klefki|Draining Kiss|p2a: Takaba
|-damage|p2a: Takaba|84/100
|-heal|p1a: Klefki|30/100 brn|[from] drain|[of] p2a: Takaba
|
|-damage|p1a: Klefki|24/100 brn|[from] brn
|upkeep
|turn|21
|
|t:|1779661911
|move|p2a: Takaba|Scald|p1a: Klefki
|-damage|p1a: Klefki|0 fnt
|faint|p1a: Klefki
|
|upkeep
|
|t:|1779661922
|switch|p1a: Victreebel|Victreebel, M|42/100
|turn|22
|
|t:|1779661928
|move|p1a: Victreebel|Energy Ball|p2a: Takaba
|-supereffective|p2a: Takaba
|-damage|p2a: Takaba|52/100
|move|p2a: Takaba|Scald|p1a: Victreebel
|-resisted|p1a: Victreebel
|-damage|p1a: Victreebel|0 fnt
|faint|p1a: Victreebel
|
|upkeep
|
|t:|1779661937
|switch|p1a: Ursaring|Ursaring, M|100/100
|turn|23
|inactive|Cr1ms0nFL has 120 seconds left.
|
|t:|1779661948
|move|p2a: Takaba|Scald|p1a: Ursaring
|-damage|p1a: Ursaring|0 fnt
|faint|p1a: Ursaring
|
|upkeep
|
|t:|1779661951
|switch|p1a: Gothitelle|Gothitelle, M|100/100
|turn|24
|
|t:|1779661956
|move|p2a: Takaba|Scald|p1a: Gothitelle
|-damage|p1a: Gothitelle|0 fnt
|faint|p1a: Gothitelle
|
|upkeep
|-message|Papermario<3 forfeited.
|
|win|Cr1ms0nFL
|raw|Papermario&lt;3's rating: 1110 &rarr; <strong>1085</strong><br />(-25 for losing)
|raw|Cr1ms0nFL's rating: 1114 &rarr; <strong>1139</strong><br />(+25 for winning)
|l|☆Papermario<3
|player|p1|
|l|☆Cr1ms0nFL
|player|p2|
