|j|☆crimson night raid
|j|☆Leon Must Die
|t:|1779574485
|gametype|singles
|player|p1|crimson night raid|unknownf|1693
|player|p2|Leon Must Die|#draftliga5|1658
|gen|9
|tier|[Gen 9] OU
|rated|
|rule|HP Percentage Mod: HP is shown in percentages
|rule|Endless Battle Clause: Forcing endless battles is banned
|rule|Species Clause: Limit one of each Pokémon
|rule|OHKO Clause: OHKO moves are banned
|rule|Evasion Items Clause: Evasion items are banned
|rule|Evasion Moves Clause: Evasion moves are banned
|rule|Evasion Abilities Clause: Evasion abilities are banned
|rule|Sleep Moves Clause: Sleep-inducing moves are banned
|clearpoke
|poke|p1|Dragonite, F|
|poke|p1|Gliscor, M|
|poke|p1|Great Tusk|
|poke|p1|Meowscarada, F|
|poke|p1|Gholdengo|
|poke|p1|Samurott-Hisui, M|
|poke|p2|Gliscor, F|
|poke|p2|Deoxys-Speed|
|poke|p2|Hatterene, F|
|poke|p2|Iron Moth|
|poke|p2|Kyurem|
|poke|p2|Zamazenta-*|
|teampreview
|inactive|Battle timer is ON: inactive players will automatically lose when time's up. (requested by crimson night raid)
|
|t:|1779574505
|teamsize|p1|6
|teamsize|p2|6
|start
|switch|p1a: Meowscarada|Meowscarada, F|100/100
|switch|p2a: Kyurem|Kyurem|100/100
|-ability|p2a: Kyurem|Pressure
|turn|1
|
|t:|1779574511
|switch|p1a: Gholdengo|Gholdengo|100/100
|move|p2a: Kyurem|Icicle Spear|p1a: Gholdengo
|-resisted|p1a: Gholdengo
|-damage|p1a: Gholdengo|93/100
|-resisted|p1a: Gholdengo
|-damage|p1a: Gholdengo|85/100
|-resisted|p1a: Gholdengo
|-damage|p1a: Gholdengo|76/100
|-hitcount|p1a: Gholdengo|3
|
|upkeep
|turn|2
|
|t:|1779574520
|switch|p2a: Iron Moth|Iron Moth|100/100
|-enditem|p2a: Iron Moth|Booster Energy
|-activate|p2a: Iron Moth|ability: Quark Drive|[fromitem]
|-start|p2a: Iron Moth|quarkdrivespe
|move|p1a: Gholdengo|Make It Rain|p2a: Iron Moth
|-resisted|p2a: Iron Moth
|-damage|p2a: Iron Moth|70/100
|-unboost|p1a: Gholdengo|spa|1
|
|upkeep
|turn|3
|
|t:|1779574526
|switch|p1a: Samurott|Samurott-Hisui, M|100/100
|move|p2a: Iron Moth|Toxic Spikes|p1a: Samurott
|-sidestart|p1: crimson night raid|move: Toxic Spikes
|
|upkeep
|turn|4
|
|t:|1779574535
|move|p2a: Iron Moth|Sludge Wave|p1a: Samurott
|-damage|p1a: Samurott|64/100
|move|p1a: Samurott|Ceaseless Edge|p2a: Iron Moth|[miss]
|-miss|p1a: Samurott|p2a: Iron Moth
|
|upkeep
|turn|5
|
|t:|1779574540
|move|p2a: Iron Moth|Sludge Wave|p1a: Samurott
|-damage|p1a: Samurott|32/100
|move|p1a: Samurott|Razor Shell|p2a: Iron Moth
|-supereffective|p2a: Iron Moth
|-damage|p2a: Iron Moth|0 fnt
|faint|p2a: Iron Moth
|-end|p2a: Iron Moth|Quark Drive|[silent]
|
|upkeep
|
|t:|1779574546
|switch|p2a: Kyurem|Kyurem|100/100
|-ability|p2a: Kyurem|Pressure
|turn|6
|
|t:|1779574555
|move|p2a: Kyurem|Freeze-Dry|p1a: Samurott
|-supereffective|p1a: Samurott
|-damage|p1a: Samurott|0 fnt
|faint|p1a: Samurott
|
|upkeep
|
|t:|1779574563
|switch|p1a: Gholdengo|Gholdengo|76/100
|turn|7
|
|t:|1779574573
|switch|p2a: Deoxys|Deoxys-Speed|100/100
|-ability|p2a: Deoxys|Pressure
|move|p1a: Gholdengo|Make It Rain|p2a: Deoxys
|-damage|p2a: Deoxys|28/100
|-unboost|p1a: Gholdengo|spa|1
|
|upkeep
|turn|8
|
|t:|1779574581
|switch|p1a: Meowscarada|Meowscarada, F|100/100
|move|p2a: Deoxys|Light Screen|p2a: Deoxys
|-sidestart|p2: Leon Must Die|move: Light Screen
|
|upkeep
|turn|9
|
|t:|1779574584
|move|p2a: Deoxys|Reflect|p2a: Deoxys
|-sidestart|p2: Leon Must Die|Reflect
|move|p1a: Meowscarada|Knock Off|p2a: Deoxys
|-start|p1a: Meowscarada|typechange|Dark|[from] ability: Protean
|-supereffective|p2a: Deoxys
|-damage|p2a: Deoxys|0 fnt
|-enditem|p2a: Deoxys|Light Clay|[from] move: Knock Off|[of] p1a: Meowscarada
|faint|p2a: Deoxys
|
|upkeep
|
|t:|1779574591
|switch|p2a: Hatterene|Hatterene, F|100/100
|turn|10
|
|t:|1779574598
|move|p1a: Meowscarada|U-turn|p2a: Hatterene
|-damage|p2a: Hatterene|91/100
|
|t:|1779574599
|switch|p1a: Gholdengo|Gholdengo|76/100|[from] U-turn
|move|p2a: Hatterene|Calm Mind|p2a: Hatterene
|-boost|p2a: Hatterene|spa|1
|-boost|p2a: Hatterene|spd|1
|
|-heal|p2a: Hatterene|97/100|[from] item: Leftovers
|upkeep
|turn|11
|j| PijakZWyboru
|inactive|Leon Must Die has 120 seconds left.
|
|t:|1779574638
|move|p1a: Gholdengo|Trick|p2a: Hatterene
|-activate|p1a: Gholdengo|move: Trick|[of] p2a: Hatterene
|-item|p2a: Hatterene|Choice Scarf|[from] move: Trick
|-item|p1a: Gholdengo|Leftovers|[from] move: Trick
|move|p2a: Hatterene|Mystical Fire|p1a: Gholdengo
|-supereffective|p1a: Gholdengo
|-damage|p1a: Gholdengo|0 fnt
|faint|p1a: Gholdengo
|
|upkeep
|
|t:|1779574655
|switch|p1a: Dragonite|Dragonite, F|100/100
|turn|12
|
|t:|1779574665
|switch|p1a: Gliscor|Gliscor, M|100/100
|switch|p2a: Kyurem|Kyurem|100/100
|-ability|p2a: Kyurem|Pressure
|
|-status|p1a: Gliscor|tox|[from] item: Toxic Orb
|upkeep
|turn|13
|
|t:|1779574677
|-terastallize|p1a: Gliscor|Water
|move|p2a: Kyurem|Dragon Dance|p2a: Kyurem
|-boost|p2a: Kyurem|atk|1
|-boost|p2a: Kyurem|spe|1
|move|p1a: Gliscor|Toxic|p2a: Kyurem
|-status|p2a: Kyurem|tox
|
|-damage|p2a: Kyurem|94/100 tox|[from] psn
|upkeep
|turn|14
|
|t:|1779574684
|move|p2a: Kyurem|Freeze-Dry|p1a: Gliscor
|-supereffective|p1a: Gliscor
|-damage|p1a: Gliscor|28/100 tox
|move|p1a: Gliscor|Earthquake|p2a: Kyurem
|-damage|p2a: Kyurem|79/100 tox
|
|-damage|p2a: Kyurem|67/100 tox|[from] psn
|-heal|p1a: Gliscor|41/100 tox|[from] ability: Poison Heal
|upkeep
|turn|15
|
|t:|1779574690
|move|p2a: Kyurem|Freeze-Dry|p1a: Gliscor
|-supereffective|p1a: Gliscor
|-damage|p1a: Gliscor|0 fnt
|faint|p1a: Gliscor
|
|-damage|p2a: Kyurem|48/100 tox|[from] psn
|-sideend|p2: Leon Must Die|move: Light Screen
|upkeep
|
|t:|1779574705
|switch|p1a: Great Tusk|Great Tusk|100/100
|turn|16
|j| kanaete onegai
|
|t:|1779574728
|move|p2a: Kyurem|Freeze-Dry|p1a: Great Tusk
|-supereffective|p1a: Great Tusk
|-damage|p1a: Great Tusk|0 fnt
|faint|p1a: Great Tusk
|-end|p1a: Great Tusk|Protosynthesis|[silent]
|
|-damage|p2a: Kyurem|24/100 tox|[from] psn
|-sideend|p2: Leon Must Die|Reflect
|upkeep
|
|t:|1779574731
|switch|p1a: Dragonite|Dragonite, F|100/100
|turn|17
|
|t:|1779574734
|move|p1a: Dragonite|Extreme Speed|p2a: Kyurem
|-crit|p2a: Kyurem
|-damage|p2a: Kyurem|0 fnt
|faint|p2a: Kyurem
|
|upkeep
|
|t:|1779574742
|switch|p2a: Hatterene|Hatterene, F|97/100
|turn|18
|
|t:|1779574752
|move|p1a: Dragonite|Dragon Dance|p1a: Dragonite
|-boost|p1a: Dragonite|atk|1
|-boost|p1a: Dragonite|spe|1
|move|p2a: Hatterene|Draining Kiss|p1a: Dragonite
|-supereffective|p1a: Dragonite
|-damage|p1a: Dragonite|77/100
|-heal|p2a: Hatterene|100/100|[from] drain|[of] p1a: Dragonite
|
|upkeep
|turn|19
|l| PijakZWyboru
|
|t:|1779574778
|move|p1a: Dragonite|Dragon Dance|p1a: Dragonite
|-boost|p1a: Dragonite|atk|1
|-boost|p1a: Dragonite|spe|1
|move|p2a: Hatterene|Draining Kiss|p1a: Dragonite
|-supereffective|p1a: Dragonite
|-damage|p1a: Dragonite|30/100
|
|upkeep
|turn|20
|
|t:|1779574782
|move|p1a: Dragonite|Roost|p1a: Dragonite
|-heal|p1a: Dragonite|80/100
|-singleturn|p1a: Dragonite|move: Roost
|move|p2a: Hatterene|Draining Kiss|p1a: Dragonite
|-supereffective|p1a: Dragonite
|-damage|p1a: Dragonite|35/100
|
|upkeep
|turn|21
|
|t:|1779574784
|move|p1a: Dragonite|Roost|p1a: Dragonite
|-heal|p1a: Dragonite|86/100
|-singleturn|p1a: Dragonite|move: Roost
|move|p2a: Hatterene|Draining Kiss|p1a: Dragonite
|-supereffective|p1a: Dragonite
|-damage|p1a: Dragonite|39/100
|
|upkeep
|turn|22
|
|t:|1779574787
|move|p1a: Dragonite|Roost|p1a: Dragonite
|-heal|p1a: Dragonite|89/100
|-singleturn|p1a: Dragonite|move: Roost
|move|p2a: Hatterene|Draining Kiss|p1a: Dragonite
|-supereffective|p1a: Dragonite
|-damage|p1a: Dragonite|44/100
|
|upkeep
|turn|23
|
|t:|1779574790
|move|p1a: Dragonite|Roost|p1a: Dragonite
|-heal|p1a: Dragonite|94/100
|-singleturn|p1a: Dragonite|move: Roost
|move|p2a: Hatterene|Draining Kiss|p1a: Dragonite
|-supereffective|p1a: Dragonite
|-damage|p1a: Dragonite|47/100
|
|upkeep
|turn|24
|
|t:|1779574793
|move|p1a: Dragonite|Roost|p1a: Dragonite
|-heal|p1a: Dragonite|97/100
|-singleturn|p1a: Dragonite|move: Roost
|move|p2a: Hatterene|Draining Kiss|p1a: Dragonite
|-supereffective|p1a: Dragonite
|-damage|p1a: Dragonite|51/100
|
|upkeep
|turn|25
|
|t:|1779574805
|move|p1a: Dragonite|Roost|p1a: Dragonite
|-heal|p1a: Dragonite|100/100
|-singleturn|p1a: Dragonite|move: Roost
|move|p2a: Hatterene|Draining Kiss|p1a: Dragonite
|-supereffective|p1a: Dragonite
|-damage|p1a: Dragonite|75/100
|
|upkeep
|turn|26
|
|t:|1779574812
|move|p1a: Dragonite|Earthquake|p2a: Hatterene
|-damage|p2a: Hatterene|34/100
|move|p2a: Hatterene|Draining Kiss|p1a: Dragonite
|-supereffective|p1a: Dragonite
|-damage|p1a: Dragonite|30/100
|-heal|p2a: Hatterene|68/100|[from] drain|[of] p1a: Dragonite
|
|upkeep
|turn|27
|
|t:|1779574816
|move|p1a: Dragonite|Earthquake|p2a: Hatterene
|-damage|p2a: Hatterene|2/100
|move|p2a: Hatterene|Draining Kiss|p1a: Dragonite
|-supereffective|p1a: Dragonite
|-damage|p1a: Dragonite|0 fnt
|-heal|p2a: Hatterene|25/100|[from] drain|[of] p1a: Dragonite
|faint|p1a: Dragonite
|
|upkeep
|
|t:|1779574817
|switch|p1a: Meowscarada|Meowscarada, F|100/100
|turn|28
|
|t:|1779574822
|move|p1a: Meowscarada|Knock Off|p2a: Hatterene
|-start|p1a: Meowscarada|typechange|Dark|[from] ability: Protean
|-damage|p2a: Hatterene|0 fnt
|-enditem|p2a: Hatterene|Choice Scarf|[from] move: Knock Off|[of] p1a: Meowscarada
|faint|p2a: Hatterene
|
|upkeep
|
|t:|1779574824
|switch|p2a: Zamazenta|Zamazenta|100/100
|-ability|p2a: Zamazenta|Dauntless Shield|boost
|-boost|p2a: Zamazenta|def|1
|turn|29
|
|t:|1779574827
|move|p2a: Zamazenta|Body Press|p1a: Meowscarada
|-supereffective|p1a: Meowscarada
|-damage|p1a: Meowscarada|0 fnt
|faint|p1a: Meowscarada
|
|win|Leon Must Die
|raw|crimson night raid's rating: 1693 &rarr; <strong>1671</strong><br />(-22 for losing)
|raw|Leon Must Die's rating: 1658 &rarr; <strong>1680</strong><br />(+22 for winning)
|l|☆crimson night raid
|player|p1|
|l|☆Leon Must Die
|player|p2|
