|j|☆TH3 SHARK LORD
|j|☆Emir6767
|t:|1779572118
|gametype|singles
|player|p1|TH3 SHARK LORD|hoopster|1000
|player|p2|Emir6767|red|1000
|gen|9
|tier|[Gen 9] OU
|rated|
|rule|HP Percentage Mod: HP is shown in percentages
|rule|Endless Battle Clause: Forcing endless battles is banned
|rule|Species Clause: Limit one of each Pokémon
|rule|OHKO Clause: OHKO moves are banned
|rule|Evasion Items Clause: Evasion items are banned
|rule|Evasion Moves Clause: Evasion moves are banned
|rule|Evasion Abilities Clause: Evasion abilities are banned
|rule|Sleep Moves Clause: Sleep-inducing moves are banned
|clearpoke
|poke|p1|Swampert, F|
|poke|p1|Clefable, F|
|poke|p1|Ceruledge, F|
|poke|p1|Rillaboom, M|
|poke|p1|Gliscor, M|
|poke|p1|Gholdengo|
|poke|p2|Kingambit, M|
|poke|p2|Great Tusk|
|poke|p2|Ceruledge, M|
|poke|p2|Kommo-o, M|
|poke|p2|Reuniclus, M|
|poke|p2|Corviknight, M|
|teampreview
|
|t:|1779572125
|teamsize|p1|6
|teamsize|p2|6
|start
|switch|p1a: Blossom|Swampert, F, shiny|100/100
|switch|p2a: Reuniclus|Reuniclus, M, shiny|100/100
|turn|1
|
|t:|1779572135
|move|p1a: Blossom|Liquidation|p2a: Reuniclus
|-damage|p2a: Reuniclus|55/100
|-unboost|p2a: Reuniclus|def|1
|move|p2a: Reuniclus|Grass Knot|p1a: Blossom
|-supereffective|p1a: Blossom
|-damage|p1a: Blossom|20/100
|
|-heal|p1a: Blossom|26/100|[from] item: Leftovers
|-heal|p2a: Reuniclus|61/100|[from] item: Leftovers
|upkeep
|turn|2
|
|t:|1779572149
|move|p1a: Blossom|Flip Turn|p2a: Reuniclus
|-damage|p2a: Reuniclus|0 fnt
|faint|p2a: Reuniclus
|
|t:|1779572156
|switch|p1a: Bubblegum|Clefable, F|100/100|[from] Flip Turn
|
|upkeep
|
|t:|1779572165
|switch|p2a: Corviknight|Corviknight, M, shiny|100/100
|turn|3
|
|t:|1779572173
|move|p2a: Corviknight|Hurricane|p1a: Bubblegum
|-damage|p1a: Bubblegum|79/100
|move|p1a: Bubblegum|Knock Off|p2a: Corviknight
|-damage|p2a: Corviknight|87/100
|-enditem|p2a: Corviknight|Leftovers|[from] move: Knock Off|[of] p1a: Bubblegum
|
|-heal|p1a: Bubblegum|85/100|[from] item: Leftovers
|upkeep
|turn|4
|
|t:|1779572183
|move|p2a: Corviknight|Brave Bird|p1a: Bubblegum
|-damage|p1a: Bubblegum|51/100
|-damage|p2a: Corviknight|76/100|[from] Recoil
|move|p1a: Bubblegum|Stealth Rock|p2a: Corviknight
|-sidestart|p2: Emir6767|move: Stealth Rock
|
|-heal|p1a: Bubblegum|57/100|[from] item: Leftovers
|upkeep
|turn|5
|
|t:|1779572199
|move|p2a: Corviknight|Bulk Up|p2a: Corviknight
|-boost|p2a: Corviknight|atk|1
|-boost|p2a: Corviknight|def|1
|move|p1a: Bubblegum|Moonlight|p1a: Bubblegum
|-heal|p1a: Bubblegum|100/100
|
|upkeep
|turn|6
|
|t:|1779572208
|move|p2a: Corviknight|Bulk Up|p2a: Corviknight
|-boost|p2a: Corviknight|atk|1
|-boost|p2a: Corviknight|def|1
|move|p1a: Bubblegum|Moonblast|p2a: Corviknight
|-resisted|p2a: Corviknight
|-damage|p2a: Corviknight|61/100
|-ability|p2a: Corviknight|Mirror Armor
|-unboost|p1a: Bubblegum|spa|1
|
|upkeep
|turn|7
|
|t:|1779572225
|switch|p1a: Blue bat|Gliscor, M, shiny|100/100
|move|p2a: Corviknight|Brave Bird|p1a: Blue bat
|-damage|p1a: Blue bat|24/100
|-damage|p2a: Corviknight|38/100|[from] Recoil
|
|-status|p1a: Blue bat|tox|[from] item: Toxic Orb
|upkeep
|turn|8
|
|t:|1779572237
|move|p1a: Blue bat|Spikes|p2a: Corviknight
|-sidestart|p2: Emir6767|Spikes
|move|p2a: Corviknight|Hurricane|p1a: Blue bat|[miss]
|-miss|p2a: Corviknight|p1a: Blue bat
|
|-heal|p1a: Blue bat|36/100 tox|[from] ability: Poison Heal
|upkeep
|turn|9
|
|t:|1779572248
|move|p1a: Blue bat|Protect|p1a: Blue bat
|-singleturn|p1a: Blue bat|Protect
|move|p2a: Corviknight|Hurricane|p1a: Blue bat
|-activate|p1a: Blue bat|move: Protect
|
|-heal|p1a: Blue bat|49/100 tox|[from] ability: Poison Heal
|upkeep
|turn|10
|
|t:|1779572258
|move|p1a: Blue bat|Spikes|p2a: Corviknight
|-sidestart|p2: Emir6767|Spikes
|move|p2a: Corviknight|Bulk Up|p2a: Corviknight
|-boost|p2a: Corviknight|atk|1
|-boost|p2a: Corviknight|def|1
|
|-heal|p1a: Blue bat|61/100 tox|[from] ability: Poison Heal
|upkeep
|turn|11
|
|t:|1779572275
|switch|p1a: Blue boi|Ceruledge, F|100/100
|move|p2a: Corviknight|Bulk Up|p2a: Corviknight
|-boost|p2a: Corviknight|atk|1
|-boost|p2a: Corviknight|def|1
|
|upkeep
|turn|12
|
|t:|1779572284
|move|p1a: Blue boi|Bitter Blade|p2a: Corviknight
|-supereffective|p2a: Corviknight
|-damage|p2a: Corviknight|13/100
|move|p2a: Corviknight|Brave Bird|p1a: Blue boi
|-enditem|p1a: Blue boi|Focus Sash
|-damage|p1a: Blue boi|1/100
|-ability|p1a: Blue boi|Weak Armor|boost
|-unboost|p1a: Blue boi|def|1
|-boost|p1a: Blue boi|spe|2
|-damage|p2a: Corviknight|0 fnt|[from] Recoil
|faint|p2a: Corviknight
|
|upkeep
|
|t:|1779572300
|switch|p2a: Great Tusk|Great Tusk|100/100
|-damage|p2a: Great Tusk|97/100|[from] Stealth Rock
|-damage|p2a: Great Tusk|81/100|[from] Spikes
|-enditem|p2a: Great Tusk|Booster Energy
|-activate|p2a: Great Tusk|ability: Protosynthesis|[fromitem]
|-start|p2a: Great Tusk|protosynthesisatk
|turn|13
|
|t:|1779572311
|switch|p1a: Sprinkle sparkle|Gholdengo|100/100
|move|p2a: Great Tusk|Earthquake|p1a: Sprinkle sparkle
|-supereffective|p1a: Sprinkle sparkle
|-damage|p1a: Sprinkle sparkle|0 fnt
|faint|p1a: Sprinkle sparkle
|
|upkeep
|
|t:|1779572321
|switch|p1a: Random monkey|Rillaboom, M|100/100
|-fieldstart|move: Grassy Terrain|[from] ability: Grassy Surge|[of] p1a: Random monkey
|turn|14
|
|t:|1779572332
|move|p1a: Random monkey|Grassy Glide|p2a: Great Tusk
|-supereffective|p2a: Great Tusk
|-damage|p2a: Great Tusk|36/100
|move|p2a: Great Tusk|Zen Headbutt|p1a: Random monkey
|-damage|p1a: Random monkey|71/100
|
|-heal|p2a: Great Tusk|43/100|[from] Grassy Terrain
|-heal|p1a: Random monkey|77/100|[from] Grassy Terrain
|upkeep
|turn|15
|
|t:|1779572349
|move|p2a: Great Tusk|Flash Cannon|p1a: Random monkey
|-damage|p1a: Random monkey|63/100
|move|p1a: Random monkey|Wood Hammer|p2a: Great Tusk
|-supereffective|p2a: Great Tusk
|-damage|p2a: Great Tusk|0 fnt
|faint|p2a: Great Tusk
|-end|p2a: Great Tusk|Protosynthesis|[silent]
|-damage|p1a: Random monkey|47/100|[from] Recoil
|
|-heal|p1a: Random monkey|53/100|[from] Grassy Terrain
|upkeep
|
|t:|1779572360
|switch|p2a: Kommo-o|Kommo-o, M|100/100
|-damage|p2a: Kommo-o|94/100|[from] Stealth Rock
|-damage|p2a: Kommo-o|78/100|[from] Spikes
|turn|16
|
|t:|1779572370
|move|p2a: Kommo-o|Drain Punch|p1a: Random monkey
|-damage|p1a: Random monkey|25/100
|-heal|p2a: Kommo-o|91/100|[from] drain|[of] p1a: Random monkey
|move|p1a: Random monkey|U-turn|p2a: Kommo-o
|-resisted|p2a: Kommo-o
|-damage|p2a: Kommo-o|82/100
|
|t:|1779572380
|switch|p1a: Blossom|Swampert, F, shiny|26/100|[from] U-turn
|
|-heal|p2a: Kommo-o|88/100|[from] Grassy Terrain
|-heal|p2a: Kommo-o|95/100|[from] item: Leftovers
|-heal|p1a: Blossom|33/100|[from] Grassy Terrain
|-heal|p1a: Blossom|39/100|[from] item: Leftovers
|upkeep
|turn|17
|
|t:|1779572397
|move|p2a: Kommo-o|Draco Meteor|p1a: Blossom
|-damage|p1a: Blossom|0 fnt
|-unboost|p2a: Kommo-o|spa|2
|faint|p1a: Blossom
|
|-heal|p2a: Kommo-o|100/100|[from] Grassy Terrain
|upkeep
|
|t:|1779572406
|switch|p1a: Bubblegum|Clefable, F|100/100
|turn|18
|
|t:|1779572415
|move|p2a: Kommo-o|Poison Jab|p1a: Bubblegum
|-supereffective|p1a: Bubblegum
|-damage|p1a: Bubblegum|70/100
|move|p1a: Bubblegum|Moonblast|p2a: Kommo-o
|-supereffective|p2a: Kommo-o
|-damage|p2a: Kommo-o|0 fnt
|faint|p2a: Kommo-o
|
|-heal|p1a: Bubblegum|76/100|[from] Grassy Terrain
|-heal|p1a: Bubblegum|82/100|[from] item: Leftovers
|-fieldend|move: Grassy Terrain
|upkeep
|
|t:|1779572427
|switch|p2a: Ceruledge|Ceruledge, M|100/100
|-damage|p2a: Ceruledge|76/100|[from] Stealth Rock
|-damage|p2a: Ceruledge|59/100|[from] Spikes
|turn|19
|
|t:|1779572438
|move|p2a: Ceruledge|Bitter Blade|p1a: Bubblegum
|-damage|p1a: Bubblegum|55/100
|-heal|p2a: Ceruledge|76/100|[from] drain|[of] p1a: Bubblegum
|move|p1a: Bubblegum|Knock Off|p2a: Ceruledge
|-supereffective|p2a: Ceruledge
|-damage|p2a: Ceruledge|45/100
|-enditem|p2a: Ceruledge|Rocky Helmet|[from] move: Knock Off|[of] p1a: Bubblegum
|
|-heal|p1a: Bubblegum|61/100|[from] item: Leftovers
|upkeep
|turn|20
|
|t:|1779572452
|move|p2a: Ceruledge|Bitter Blade|p1a: Bubblegum
|-damage|p1a: Bubblegum|34/100
|-heal|p2a: Ceruledge|62/100|[from] drain|[of] p1a: Bubblegum
|move|p1a: Bubblegum|Moonblast|p2a: Ceruledge
|-resisted|p2a: Ceruledge
|-damage|p2a: Ceruledge|45/100
|-unboost|p2a: Ceruledge|spa|1
|
|-heal|p1a: Bubblegum|40/100|[from] item: Leftovers
|upkeep
|turn|21
|
|t:|1779572465
|switch|p1a: Blue bat|Gliscor, M, shiny|61/100 tox
|move|p2a: Ceruledge|Bitter Blade|p1a: Blue bat
|-damage|p1a: Blue bat|29/100 tox
|-heal|p2a: Ceruledge|62/100|[from] drain|[of] p1a: Blue bat
|
|-heal|p1a: Blue bat|41/100 tox|[from] ability: Poison Heal
|upkeep
|turn|22
|
|t:|1779572481
|move|p1a: Blue bat|Protect|p1a: Blue bat
|-singleturn|p1a: Blue bat|Protect
|move|p2a: Ceruledge|Bitter Blade|p1a: Blue bat
|-activate|p1a: Blue bat|move: Protect
|
|-heal|p1a: Blue bat|54/100 tox|[from] ability: Poison Heal
|upkeep
|turn|23
|
|t:|1779572496
|move|p2a: Ceruledge|Swords Dance|p2a: Ceruledge
|-boost|p2a: Ceruledge|atk|2
|move|p1a: Blue bat|Earthquake|p2a: Ceruledge
|-supereffective|p2a: Ceruledge
|-damage|p2a: Ceruledge|0 fnt
|faint|p2a: Ceruledge
|
|-heal|p1a: Blue bat|66/100 tox|[from] ability: Poison Heal
|upkeep
|
|t:|1779572506
|switch|p2a: Kingambit|Kingambit, M, shiny|100/100
|-damage|p2a: Kingambit|94/100|[from] Stealth Rock
|-damage|p2a: Kingambit|78/100|[from] Spikes
|-activate|p2a: Kingambit|ability: Supreme Overlord
|-start|p2a: Kingambit|fallen5|[silent]
|turn|24
|
|t:|1779572522
|move|p1a: Blue bat|Earthquake|p2a: Kingambit
|-supereffective|p2a: Kingambit
|-crit|p2a: Kingambit
|-damage|p2a: Kingambit|2/100
|move|p2a: Kingambit|Kowtow Cleave|p1a: Blue bat
|-damage|p1a: Blue bat|14/100 tox
|
|-heal|p1a: Blue bat|26/100 tox|[from] ability: Poison Heal
|upkeep
|turn|25
|
|t:|1779572537
|move|p1a: Blue bat|Earthquake|p2a: Kingambit
|-supereffective|p2a: Kingambit
|-damage|p2a: Kingambit|0 fnt
|faint|p2a: Kingambit
|-end|p2a: Kingambit|fallen5|[silent]
|
|win|TH3 SHARK LORD
|raw|TH3 SHARK LORD's rating: 1000 &rarr; <strong>1040</strong><br />(+40 for winning)
|raw|Emir6767's rating: 1000 &rarr; <strong>1000</strong><br />(+0 for losing)
|l|☆Emir6767
|player|p2|
|c|☆TH3 SHARK LORD|Gg
