|inactive|Battle timer is ON: inactive players will automatically lose when time's up.
|t:|1779567241
|gametype|singles
|player|p1|i got faith|169|
|player|p2|impersonxtor|#wcop2026uk2|
|gen|9
|tier|[Gen 9] OU
|rule|HP Percentage Mod: HP is shown in percentages
|rule|Endless Battle Clause: Forcing endless battles is banned
|rule|Species Clause: Limit one of each Pokémon
|rule|OHKO Clause: OHKO moves are banned
|rule|Evasion Items Clause: Evasion items are banned
|rule|Evasion Moves Clause: Evasion moves are banned
|rule|Evasion Abilities Clause: Evasion abilities are banned
|rule|Sleep Moves Clause: Sleep-inducing moves are banned
|clearpoke
|poke|p1|Gliscor, F|
|poke|p1|Chesnaught, F|
|poke|p1|Dondozo, M|
|poke|p1|Blissey, F|
|poke|p1|Clefable, M|
|poke|p1|Cresselia, F|
|poke|p2|Raging Bolt|
|poke|p2|Zamazenta-*|
|poke|p2|Gliscor, F|
|poke|p2|Iron Moth|
|poke|p2|Hatterene, F|
|poke|p2|Ogerpon-Wellspring, F|
|teampreview
|c|☆i got faith|hf
|c|☆impersonxtor|hf
|inactive|impersonxtor has 270 seconds left.
|inactive|impersonxtor has 240 seconds left.
|
|t:|1779567313
|teamsize|p1|6
|teamsize|p2|6
|start
|switch|p1a: Chesnaught|Chesnaught, F|100/100
|switch|p2a: Ogerpon|Ogerpon-Wellspring, F|100/100
|turn|1
|
|t:|1779567319
|switch|p2a: Iron Moth|Iron Moth|100/100
|-enditem|p2a: Iron Moth|Booster Energy
|-activate|p2a: Iron Moth|ability: Quark Drive|[fromitem]
|-start|p2a: Iron Moth|quarkdrivespe
|move|p1a: Chesnaught|Knock Off|p2a: Iron Moth
|-damage|p2a: Iron Moth|78/100
|
|upkeep
|turn|2
|
|t:|1779567325
|switch|p1a: Blissey|Blissey, F|100/100
|move|p2a: Iron Moth|Toxic Spikes|p1a: Blissey
|-sidestart|p1: i got faith|move: Toxic Spikes
|
|upkeep
|turn|3
|
|t:|1779567331
|switch|p1a: Gliscor|Gliscor, F|100/100
|move|p2a: Iron Moth|U-turn|p1a: Gliscor
|-resisted|p1a: Gliscor
|-damage|p1a: Gliscor|97/100
|
|t:|1779567334
|-end|p2a: Iron Moth|Quark Drive|[silent]
|switch|p2a: Ogerpon|Ogerpon-Wellspring, F|100/100|[from] U-turn
|
|-status|p1a: Gliscor|tox|[from] item: Toxic Orb
|upkeep
|turn|4
|
|t:|1779567352
|switch|p1a: Chesnaught|Chesnaught, F|100/100
|move|p2a: Ogerpon|Ivy Cudgel|p1a: Chesnaught|[anim] Ivy Cudgel Water
|-resisted|p1a: Chesnaught
|-damage|p1a: Chesnaught|80/100
|
|upkeep
|turn|5
|
|t:|1779567361
|switch|p2a: Iron Moth|Iron Moth|78/100
|move|p1a: Chesnaught|Body Press|p2a: Iron Moth
|-resisted|p2a: Iron Moth
|-damage|p2a: Iron Moth|43/100
|
|upkeep
|turn|6
|
|t:|1779567369
|switch|p1a: Gliscor|Gliscor, F|97/100 tox
|move|p2a: Iron Moth|U-turn|p1a: Gliscor
|-resisted|p1a: Gliscor
|-damage|p1a: Gliscor|92/100 tox
|
|t:|1779567371
|-end|p2a: Iron Moth|Quark Drive|[silent]
|switch|p2a: Ogerpon|Ogerpon-Wellspring, F|100/100|[from] U-turn
|
|-heal|p1a: Gliscor|100/100 tox|[from] ability: Poison Heal
|upkeep
|turn|7
|
|t:|1779567380
|move|p2a: Ogerpon|Swords Dance|p2a: Ogerpon
|-boost|p2a: Ogerpon|atk|2
|move|p1a: Gliscor|Toxic|p2a: Ogerpon
|-status|p2a: Ogerpon|tox
|
|-damage|p2a: Ogerpon|95/100 tox|[from] psn
|upkeep
|turn|8
|
|t:|1779567404
|switch|p1a: Dondozo|Dondozo, M|100/100
|move|p2a: Ogerpon|Ivy Cudgel|p1a: Dondozo|[anim] Ivy Cudgel Water
|-resisted|p1a: Dondozo
|-crit|p1a: Dondozo
|-damage|p1a: Dondozo|73/100
|
|-damage|p2a: Ogerpon|83/100 tox|[from] psn
|upkeep
|turn|9
|
|t:|1779567417
|switch|p2a: Iron Moth|Iron Moth|43/100
|move|p1a: Dondozo|Rest|p1a: Dondozo
|-status|p1a: Dondozo|slp|[from] move: Rest
|-heal|p1a: Dondozo|100/100 slp|[silent]
|
|upkeep
|turn|10
|
|t:|1779567428
|move|p2a: Iron Moth|Fiery Dance|p1a: Dondozo
|-resisted|p1a: Dondozo
|-damage|p1a: Dondozo|88/100 slp
|cant|p1a: Dondozo|slp
|move|p1a: Dondozo|Sleep Talk|p1a: Dondozo
|move|p1a: Dondozo|Rest||[from] move: Sleep Talk|[still]
|-fail|p1a: Dondozo
|
|upkeep
|turn|11
|
|t:|1779567443
|move|p2a: Iron Moth|U-turn|p1a: Dondozo
|-damage|p1a: Dondozo|81/100 slp
|
|t:|1779567447
|-end|p2a: Iron Moth|Quark Drive|[silent]
|switch|p2a: Zamazenta|Zamazenta|100/100|[from] U-turn
|-ability|p2a: Zamazenta|Dauntless Shield|boost
|-boost|p2a: Zamazenta|def|1
|cant|p1a: Dondozo|slp
|move|p1a: Dondozo|Sleep Talk|p1a: Dondozo
|move|p1a: Dondozo|Rest||[from] move: Sleep Talk|[still]
|-fail|p1a: Dondozo
|
|upkeep
|turn|12
|
|t:|1779567459
|switch|p1a: Gliscor|Gliscor, F|100/100 tox
|move|p2a: Zamazenta|Reflect|p2a: Zamazenta
|-sidestart|p2: impersonxtor|Reflect
|
|upkeep
|turn|13
|
|t:|1779567468
|move|p2a: Zamazenta|Ice Fang|p1a: Gliscor
|-supereffective|p1a: Gliscor
|-damage|p1a: Gliscor|38/100 tox
|move|p1a: Gliscor|Toxic|p2a: Zamazenta
|-status|p2a: Zamazenta|tox
|
|-damage|p2a: Zamazenta|94/100 tox|[from] psn
|-heal|p1a: Gliscor|51/100 tox|[from] ability: Poison Heal
|upkeep
|turn|14
|
|t:|1779567479
|switch|p2a: Gliscor|Gliscor, F|100/100
|switch|p1a: Cresselia|Cresselia, F|100/100
|
|-status|p2a: Gliscor|tox|[from] item: Toxic Orb
|upkeep
|turn|15
|
|t:|1779567486
|switch|p2a: Iron Moth|Iron Moth|43/100
|switch|p1a: Gliscor|Gliscor, F|51/100 tox
|
|-heal|p1a: Gliscor|63/100 tox|[from] ability: Poison Heal
|upkeep
|turn|16
|
|t:|1779567492
|-end|p2a: Iron Moth|Quark Drive|[silent]
|switch|p2a: Gliscor|Gliscor, F|100/100 tox
|move|p1a: Gliscor|Spikes|p2a: Gliscor
|-sidestart|p2: impersonxtor|Spikes
|
|-heal|p1a: Gliscor|76/100 tox|[from] ability: Poison Heal
|upkeep
|turn|17
|
|t:|1779567498
|move|p2a: Gliscor|Swords Dance|p2a: Gliscor
|-boost|p2a: Gliscor|atk|2
|move|p1a: Gliscor|Knock Off|p2a: Gliscor
|-damage|p2a: Gliscor|91/100 tox
|-enditem|p2a: Gliscor|Toxic Orb|[from] move: Knock Off|[of] p1a: Gliscor
|
|-heal|p2a: Gliscor|100/100 tox|[from] ability: Poison Heal
|-heal|p1a: Gliscor|88/100 tox|[from] ability: Poison Heal
|upkeep
|turn|18
|
|t:|1779567508
|move|p2a: Gliscor|Facade|p1a: Gliscor
|-damage|p1a: Gliscor|25/100 tox
|move|p1a: Gliscor|Spikes|p2a: Gliscor
|-sidestart|p2: impersonxtor|Spikes
|
|-heal|p1a: Gliscor|38/100 tox|[from] ability: Poison Heal
|upkeep
|turn|19
|
|t:|1779567518
|switch|p1a: Dondozo|Dondozo, M|81/100 slp
|move|p2a: Gliscor|Facade|p1a: Dondozo
|-damage|p1a: Dondozo|56/100 slp
|
|-sideend|p2: impersonxtor|Reflect
|upkeep
|turn|20
|
|t:|1779567526
|move|p2a: Gliscor|Facade|p1a: Dondozo
|-damage|p1a: Dondozo|33/100 slp
|-curestatus|p1a: Dondozo|slp|[msg]
|move|p1a: Dondozo|Rest|p1a: Dondozo
|-status|p1a: Dondozo|slp|[from] move: Rest
|-heal|p1a: Dondozo|100/100 slp|[silent]
|
|upkeep
|turn|21
|
|t:|1779567537
|move|p2a: Gliscor|Facade|p1a: Dondozo
|-damage|p1a: Dondozo|75/100 slp
|cant|p1a: Dondozo|slp
|move|p1a: Dondozo|Sleep Talk|p1a: Dondozo
|move|p1a: Dondozo|Rest||[from] move: Sleep Talk|[still]
|-fail|p1a: Dondozo
|
|upkeep
|turn|22
|
|t:|1779567545
|-terastallize|p2a: Gliscor|Normal
|move|p2a: Gliscor|Facade|p1a: Dondozo
|-damage|p1a: Dondozo|35/100 slp
|cant|p1a: Dondozo|slp
|move|p1a: Dondozo|Sleep Talk|p1a: Dondozo
|move|p1a: Dondozo|Rest||[from] move: Sleep Talk|[still]
|-fail|p1a: Dondozo
|
|upkeep
|turn|23
|
|t:|1779567562
|switch|p1a: Clefable|Clefable, M|100/100
|-status|p1a: Clefable|psn
|move|p2a: Gliscor|Facade|p1a: Clefable
|-damage|p1a: Clefable|0 fnt
|faint|p1a: Clefable
|
|-damage|p2a: Gliscor|88/100 tox|[from] item: Sticky Barb
|upkeep
|
|t:|1779567571
|switch|p1a: Cresselia|Cresselia, F|100/100
|turn|24
|
|t:|1779567579
|-terastallize|p1a: Cresselia|Steel
|move|p2a: Gliscor|Swords Dance|p2a: Gliscor
|-boost|p2a: Gliscor|atk|2
|move|p1a: Cresselia|Calm Mind|p1a: Cresselia
|-boost|p1a: Cresselia|spa|1
|-boost|p1a: Cresselia|spd|1
|
|-heal|p2a: Gliscor|100/100 tox|[from] ability: Poison Heal
|-damage|p2a: Gliscor|88/100 tox|[from] item: Sticky Barb
|upkeep
|turn|25
|
|t:|1779567587
|move|p2a: Gliscor|Swords Dance|p2a: Gliscor
|-boost|p2a: Gliscor|atk|2
|move|p1a: Cresselia|Calm Mind|p1a: Cresselia
|-boost|p1a: Cresselia|spa|1
|-boost|p1a: Cresselia|spd|1
|
|-heal|p2a: Gliscor|100/100 tox|[from] ability: Poison Heal
|-damage|p2a: Gliscor|88/100 tox|[from] item: Sticky Barb
|upkeep
|turn|26
|inactive|i got faith has 270 seconds left.
|
|t:|1779567624
|move|p2a: Gliscor|Facade|p1a: Cresselia
|-resisted|p1a: Cresselia
|-damage|p1a: Cresselia|31/100
|move|p1a: Cresselia|Stored Power|p2a: Gliscor
|-damage|p2a: Gliscor|16/100 tox
|
|-heal|p2a: Gliscor|28/100 tox|[from] ability: Poison Heal
|-damage|p2a: Gliscor|16/100 tox|[from] item: Sticky Barb
|upkeep
|turn|27
|inactive|i got faith has 270 seconds left.
|inactive|i got faith has 240 seconds left.
|
|t:|1779567665
|move|p2a: Gliscor|Facade|p1a: Cresselia
|-resisted|p1a: Cresselia
|-damage|p1a: Cresselia|0 fnt
|faint|p1a: Cresselia
|
|-heal|p2a: Gliscor|28/100 tox|[from] ability: Poison Heal
|-damage|p2a: Gliscor|16/100 tox|[from] item: Sticky Barb
|upkeep
|
|t:|1779567673
|switch|p1a: Dondozo|Dondozo, M|35/100 slp
|turn|28
|
|t:|1779567681
|move|p2a: Gliscor|Facade|p1a: Dondozo
|-damage|p1a: Dondozo|0 fnt
|faint|p1a: Dondozo
|
|-heal|p2a: Gliscor|28/100 tox|[from] ability: Poison Heal
|-damage|p2a: Gliscor|16/100 tox|[from] item: Sticky Barb
|upkeep
|-message|i got faith forfeited.
|
|win|impersonxtor
|player|p1|
|c|☆impersonxtor|gg
