|j|☆Mortifi
|j|☆yangtao
|t:|1779699322
|gametype|singles
|player|p1|Mortifi|pokemaniac|1580
|player|p2|yangtao|reporter|1613
|gen|9
|tier|[Gen 9] OU
|rated|
|rule|HP Percentage Mod: HP is shown in percentages
|rule|Endless Battle Clause: Forcing endless battles is banned
|rule|Species Clause: Limit one of each Pokémon
|rule|OHKO Clause: OHKO moves are banned
|rule|Evasion Items Clause: Evasion items are banned
|rule|Evasion Moves Clause: Evasion moves are banned
|rule|Evasion Abilities Clause: Evasion abilities are banned
|rule|Sleep Moves Clause: Sleep-inducing moves are banned
|clearpoke
|poke|p1|Zapdos-Galar|
|poke|p1|Slowking-Galar, M|
|poke|p1|Alomomola, F|
|poke|p1|Great Tusk|
|poke|p1|Weavile, F|
|poke|p1|Skarmory, M|
|poke|p2|Hydreigon, M|
|poke|p2|Gholdengo|
|poke|p2|Zamazenta-*|
|poke|p2|Corviknight, M|
|poke|p2|Alomomola, F|
|poke|p2|Landorus-Therian, M|
|teampreview
|inactive|Battle timer is ON: inactive players will automatically lose when time's up. (requested by yangtao)
|
|t:|1779699330
|teamsize|p1|6
|teamsize|p2|6
|start
|switch|p1a: Zapdos|Zapdos-Galar|100/100
|switch|p2a: Hydreigon|Hydreigon, M|100/100
|turn|1
|
|t:|1779699346
|switch|p2a: Corviknight|Corviknight, M|100/100
|-ability|p2a: Corviknight|Pressure
|move|p1a: Zapdos|U-turn|p2a: Corviknight
|-resisted|p2a: Corviknight
|-damage|p2a: Corviknight|97/100
|
|t:|1779699354
|switch|p1a: Slowking|Slowking-Galar, M|100/100|[from] U-turn
|
|upkeep
|turn|2
|
|t:|1779699364
|move|p2a: Corviknight|U-turn|p1a: Slowking
|-damage|p1a: Slowking|84/100
|
|t:|1779699366
|switch|p2a: Gholdengo|Gholdengo|100/100|[from] U-turn
|move|p1a: Slowking|Future Sight|p2a: Gholdengo
|-start|p1a: Slowking|move: Future Sight
|
|upkeep
|turn|3
|
|t:|1779699372
|move|p2a: Gholdengo|Shadow Ball|p1a: Slowking
|-supereffective|p1a: Slowking
|-damage|p1a: Slowking|36/100
|-prepare|p1a: Slowking|Chilly Reception|[premajor]
|move|p1a: Slowking|Chilly Reception|p1a: Slowking
|-weather|Snowscape
|
|t:|1779699379
|switch|p1a: Weavile|Weavile, F|100/100|[from] Chilly Reception
|-ability|p1a: Weavile|Pressure
|
|-weather|Snowscape|[upkeep]
|upkeep
|turn|4
|
|t:|1779699385
|switch|p2a: Corviknight|Corviknight, M|97/100
|-ability|p2a: Corviknight|Pressure
|move|p1a: Weavile|Knock Off|p2a: Corviknight
|-damage|p2a: Corviknight|56/100
|-damage|p1a: Weavile|84/100|[from] item: Rocky Helmet|[of] p2a: Corviknight
|-enditem|p2a: Corviknight|Rocky Helmet|[from] move: Knock Off|[of] p1a: Weavile
|
|-weather|Snowscape|[upkeep]
|-end|p2a: Corviknight|move: Future Sight
|-resisted|p2a: Corviknight
|-damage|p2a: Corviknight|34/100
|upkeep
|turn|5
|
|t:|1779699404
|switch|p1a: Slowking|Slowking-Galar, M|70/100
|move|p2a: Corviknight|Roost|p2a: Corviknight
|-heal|p2a: Corviknight|84/100
|-singleturn|p2a: Corviknight|move: Roost
|
|-weather|Snowscape|[upkeep]
|upkeep
|turn|6
|
|t:|1779699412
|move|p2a: Corviknight|U-turn|p1a: Slowking
|-damage|p1a: Slowking|54/100
|
|t:|1779699418
|switch|p2a: Gholdengo|Gholdengo|100/100|[from] U-turn
|move|p1a: Slowking|Future Sight|p2a: Gholdengo
|-start|p1a: Slowking|move: Future Sight
|
|-weather|Snowscape|[upkeep]
|upkeep
|turn|7
|
|t:|1779699431
|move|p2a: Gholdengo|Shadow Ball|p1a: Slowking
|-supereffective|p1a: Slowking
|-damage|p1a: Slowking|3/100
|-prepare|p1a: Slowking|Chilly Reception|[premajor]
|move|p1a: Slowking|Chilly Reception|p1a: Slowking
|
|t:|1779699441
|switch|p1a: Zapdos|Zapdos-Galar|100/100|[from] Chilly Reception
|
|-weather|none
|upkeep
|turn|8
|
|t:|1779699455
|switch|p2a: Corviknight|Corviknight, M|84/100
|-ability|p2a: Corviknight|Pressure
|move|p1a: Zapdos|Knock Off|p2a: Corviknight
|-damage|p2a: Corviknight|70/100
|
|-end|p2a: Corviknight|move: Future Sight
|-resisted|p2a: Corviknight
|-damage|p2a: Corviknight|48/100
|upkeep
|turn|9
|
|t:|1779699464
|move|p1a: Zapdos|Thunderous Kick|p2a: Corviknight
|-damage|p2a: Corviknight|19/100
|-unboost|p2a: Corviknight|def|1
|move|p2a: Corviknight|Roost|p2a: Corviknight
|-heal|p2a: Corviknight|69/100
|-singleturn|p2a: Corviknight|move: Roost
|
|upkeep
|turn|10
|
|t:|1779699475
|move|p1a: Zapdos|Thunderous Kick|p2a: Corviknight
|-damage|p2a: Corviknight|29/100
|-unboost|p2a: Corviknight|def|1
|move|p2a: Corviknight|Roost|p2a: Corviknight
|-heal|p2a: Corviknight|79/100
|-singleturn|p2a: Corviknight|move: Roost
|
|upkeep
|turn|11
|
|t:|1779699486
|switch|p2a: Gholdengo|Gholdengo|100/100
|move|p1a: Zapdos|Knock Off|p2a: Gholdengo
|-supereffective|p2a: Gholdengo
|-damage|p2a: Gholdengo|38/100
|-enditem|p2a: Gholdengo|Leftovers|[from] move: Knock Off|[of] p1a: Zapdos
|
|upkeep
|turn|12
|
|t:|1779699499
|switch|p2a: Alomomola|Alomomola, F|100/100
|move|p1a: Zapdos|Knock Off|p2a: Alomomola
|-damage|p2a: Alomomola|77/100
|-enditem|p2a: Alomomola|Assault Vest|[from] move: Knock Off|[of] p1a: Zapdos
|
|upkeep
|turn|13
|
|t:|1779699507
|move|p1a: Zapdos|U-turn|p2a: Alomomola
|-damage|p2a: Alomomola|60/100
|
|t:|1779699510
|switch|p1a: Slowking|Slowking-Galar, M|36/100|[from] U-turn
|move|p2a: Alomomola|Scald|p1a: Slowking
|-damage|p1a: Slowking|28/100
|
|upkeep
|turn|14
|
|t:|1779699517
|move|p2a: Alomomola|Scald|p1a: Slowking
|-damage|p1a: Slowking|20/100
|-prepare|p1a: Slowking|Chilly Reception|[premajor]
|move|p1a: Slowking|Chilly Reception|p1a: Slowking
|-weather|Snowscape
|
|t:|1779699529
|switch|p1a: Alomomola|Alomomola, F|100/100|[from] Chilly Reception
|
|-weather|Snowscape|[upkeep]
|upkeep
|turn|15
|
|t:|1779699537
|move|p1a: Alomomola|Wish|p1a: Alomomola
|move|p2a: Alomomola|Body Slam|p1a: Alomomola
|-damage|p1a: Alomomola|92/100
|
|-weather|Snowscape|[upkeep]
|upkeep
|turn|16
|
|t:|1779699548
|move|p2a: Alomomola|Body Slam|p1a: Alomomola
|-crit|p1a: Alomomola
|-damage|p1a: Alomomola|78/100
|move|p1a: Alomomola|Flip Turn|p2a: Alomomola
|-resisted|p2a: Alomomola
|-damage|p2a: Alomomola|54/100
|
|t:|1779699553
|switch|p1a: Slowking|Slowking-Galar, M|53/100|[from] Flip Turn
|
|-weather|Snowscape|[upkeep]
|-heal|p1a: Slowking|100/100|[from] move: Wish|[wisher] Alomomola
|upkeep
|turn|17
|
|t:|1779699561
|move|p2a: Alomomola|Scald|p1a: Slowking
|-damage|p1a: Slowking|92/100
|move|p1a: Slowking|Future Sight|p2a: Alomomola
|-start|p1a: Slowking|move: Future Sight
|
|-weather|Snowscape|[upkeep]
|upkeep
|turn|18
|
|t:|1779699566
|move|p2a: Alomomola|Flip Turn|p1a: Slowking
|-damage|p1a: Slowking|76/100
|
|t:|1779699568
|switch|p2a: Gholdengo|Gholdengo|38/100|[from] Flip Turn
|-prepare|p1a: Slowking|Chilly Reception|[premajor]
|move|p1a: Slowking|Chilly Reception|p1a: Slowking
|
|t:|1779699576
|switch|p1a: Weavile|Weavile, F|84/100|[from] Chilly Reception
|-ability|p1a: Weavile|Pressure
|
|-weather|none
|upkeep
|turn|19
|
|t:|1779699585
|move|p1a: Weavile|Knock Off|p2a: Gholdengo
|-supereffective|p2a: Gholdengo
|-damage|p2a: Gholdengo|0 fnt
|faint|p2a: Gholdengo
|
|-hint|Future Sight did not hit because the target is fainted.
|upkeep
|
|t:|1779699588
|switch|p2a: Zamazenta|Zamazenta|100/100
|-ability|p2a: Zamazenta|Dauntless Shield|boost
|-boost|p2a: Zamazenta|def|1
|turn|20
|
|t:|1779699595
|switch|p1a: Slowking|Slowking-Galar, M|100/100
|move|p2a: Zamazenta|Crunch|p1a: Slowking
|-supereffective|p1a: Slowking
|-damage|p1a: Slowking|26/100
|-damage|p2a: Zamazenta|91/100|[from] item: Life Orb
|
|upkeep
|turn|21
|
|t:|1779699603
|switch|p1a: Skarmory|Skarmory, M|100/100
|move|p2a: Zamazenta|Close Combat|p1a: Skarmory
|-damage|p1a: Skarmory|57/100
|-unboost|p2a: Zamazenta|def|1
|-unboost|p2a: Zamazenta|spd|1
|-damage|p2a: Zamazenta|74/100|[from] item: Rocky Helmet|[of] p1a: Skarmory
|-damage|p2a: Zamazenta|64/100|[from] item: Life Orb
|
|upkeep
|turn|22
|
|t:|1779699613
|switch|p2a: Hydreigon|Hydreigon, M|100/100
|move|p1a: Skarmory|Roost|p1a: Skarmory
|-heal|p1a: Skarmory|100/100
|-singleturn|p1a: Skarmory|move: Roost
|
|upkeep
|turn|23
|
|t:|1779699620
|switch|p1a: Alomomola|Alomomola, F|100/100
|move|p2a: Hydreigon|Dark Pulse|p1a: Alomomola
|-damage|p1a: Alomomola|44/100
|
|upkeep
|turn|24
|
|t:|1779699629
|switch|p1a: Zapdos|Zapdos-Galar|100/100
|move|p2a: Hydreigon|Dark Pulse|p1a: Zapdos
|-resisted|p1a: Zapdos
|-damage|p1a: Zapdos|63/100
|
|upkeep
|turn|25
|
|t:|1779699635
|switch|p2a: Corviknight|Corviknight, M|79/100
|-ability|p2a: Corviknight|Pressure
|move|p1a: Zapdos|Thunderous Kick|p2a: Corviknight
|-damage|p2a: Corviknight|53/100
|-unboost|p2a: Corviknight|def|1
|
|upkeep
|turn|26
|
|t:|1779699644
|move|p1a: Zapdos|Thunderous Kick|p2a: Corviknight
|-damage|p2a: Corviknight|10/100
|-unboost|p2a: Corviknight|def|1
|move|p2a: Corviknight|Brave Bird|p1a: Zapdos
|-supereffective|p1a: Zapdos
|-damage|p1a: Zapdos|0 fnt
|faint|p1a: Zapdos
|-damage|p2a: Corviknight|0 fnt|[from] Recoil
|faint|p2a: Corviknight
|
|upkeep
|
|t:|1779699654
|switch|p1a: Alomomola|Alomomola, F|77/100
|switch|p2a: Landorus|Landorus-Therian, M|100/100
|-ability|p2a: Landorus|Intimidate|boost
|-unboost|p1a: Alomomola|atk|1
|turn|27
|
|t:|1779699661
|switch|p2a: Hydreigon|Hydreigon, M|100/100
|move|p1a: Alomomola|Flip Turn|p2a: Hydreigon
|-resisted|p2a: Hydreigon
|-damage|p2a: Hydreigon|94/100
|
|t:|1779699668
|switch|p1a: Weavile|Weavile, F|84/100|[from] Flip Turn
|-ability|p1a: Weavile|Pressure
|
|upkeep
|turn|28
|
|t:|1779699674
|-terastallize|p2a: Hydreigon|Steel
|move|p1a: Weavile|Ice Spinner|p2a: Hydreigon
|-resisted|p2a: Hydreigon
|-damage|p2a: Hydreigon|59/100
|move|p2a: Hydreigon|Flash Cannon|p1a: Weavile
|-supereffective|p1a: Weavile
|-damage|p1a: Weavile|0 fnt
|faint|p1a: Weavile
|
|upkeep
|
|t:|1779699687
|switch|p1a: Skarmory|Skarmory, M|100/100
|turn|29
|
|t:|1779699690
|switch|p2a: Alomomola|Alomomola, F|87/100
|move|p1a: Skarmory|Spikes|p2a: Alomomola
|-sidestart|p2: yangtao|Spikes
|
|upkeep
|turn|30
|
|t:|1779699695
|move|p1a: Skarmory|Spikes|p2a: Alomomola
|-sidestart|p2: yangtao|Spikes
|move|p2a: Alomomola|Scald|p1a: Skarmory
|-damage|p1a: Skarmory|83/100
|
|upkeep
|turn|31
|
|t:|1779699701
|move|p1a: Skarmory|Spikes|p2a: Alomomola
|-sidestart|p2: yangtao|Spikes
|move|p2a: Alomomola|Scald|p1a: Skarmory
|-damage|p1a: Skarmory|64/100
|-status|p1a: Skarmory|brn
|
|-damage|p1a: Skarmory|58/100 brn|[from] brn
|upkeep
|turn|32
|
|t:|1779699709
|move|p1a: Skarmory|Roost|p1a: Skarmory
|-heal|p1a: Skarmory|100/100 brn
|-singleturn|p1a: Skarmory|move: Roost
|move|p2a: Alomomola|Scald|p1a: Skarmory
|-damage|p1a: Skarmory|80/100 brn
|
|-damage|p1a: Skarmory|74/100 brn|[from] brn
|upkeep
|turn|33
|
|t:|1779699718
|switch|p1a: Slowking|Slowking-Galar, M|59/100
|move|p2a: Alomomola|Scald|p1a: Slowking
|-damage|p1a: Slowking|50/100
|
|upkeep
|turn|34
|
|t:|1779699724
|move|p2a: Alomomola|Scald|p1a: Slowking
|-damage|p1a: Slowking|43/100
|move|p1a: Slowking|Future Sight|p2a: Alomomola
|-start|p1a: Slowking|move: Future Sight
|
|upkeep
|turn|35
|j| bhybhdd
|
|t:|1779699731
|move|p2a: Alomomola|Scald|p1a: Slowking
|-damage|p1a: Slowking|35/100
|-status|p1a: Slowking|brn
|-prepare|p1a: Slowking|Chilly Reception|[premajor]
|move|p1a: Slowking|Chilly Reception|p1a: Slowking
|-weather|Snowscape
|
|t:|1779699744
|switch|p1a: Alomomola|Alomomola, F|100/100|[from] Chilly Reception
|
|-weather|Snowscape|[upkeep]
|upkeep
|turn|36
|
|t:|1779699749
|move|p1a: Alomomola|Flip Turn|p2a: Alomomola
|-resisted|p2a: Alomomola
|-damage|p2a: Alomomola|81/100
|
|t:|1779699752
|switch|p1a: Slowking|Slowking-Galar, M|68/100 brn|[from] Flip Turn
|move|p2a: Alomomola|Body Slam|p1a: Slowking
|-damage|p1a: Slowking|54/100 brn
|
|-weather|Snowscape|[upkeep]
|-end|p2a: Alomomola|move: Future Sight
|-damage|p2a: Alomomola|46/100
|-damage|p1a: Slowking|47/100 brn|[from] brn
|upkeep
|turn|37
|
|t:|1779699761
|move|p2a: Alomomola|Flip Turn|p1a: Slowking
|-damage|p1a: Slowking|30/100 brn
|
|t:|1779699770
|switch|p2a: Hydreigon|Hydreigon, M, tera:Steel|59/100|[from] Flip Turn
|-prepare|p1a: Slowking|Chilly Reception|[premajor]
|move|p1a: Slowking|Chilly Reception|p1a: Slowking
|
|t:|1779699777
|switch|p1a: Alomomola|Alomomola, F|100/100|[from] Chilly Reception
|
|-weather|Snowscape|[upkeep]
|upkeep
|turn|38
|
|t:|1779699782
|move|p1a: Alomomola|Protect|p1a: Alomomola
|-singleturn|p1a: Alomomola|Protect
|move|p2a: Hydreigon|Dark Pulse|p1a: Alomomola
|-activate|p1a: Alomomola|move: Protect
|
|-weather|Snowscape|[upkeep]
|upkeep
|turn|39
|
|t:|1779699794
|switch|p1a: Great Tusk|Great Tusk|100/100
|move|p2a: Hydreigon|Dark Pulse|p1a: Great Tusk
|-resisted|p1a: Great Tusk
|-damage|p1a: Great Tusk|51/100
|
|-weather|none
|upkeep
|turn|40
|
|t:|1779699808
|switch|p2a: Landorus|Landorus-Therian, M|100/100
|-ability|p2a: Landorus|Intimidate|boost
|-unboost|p1a: Great Tusk|atk|1
|move|p1a: Great Tusk|Stealth Rock|p2a: Landorus
|-sidestart|p2: yangtao|move: Stealth Rock
|
|upkeep
|turn|41
|
|t:|1779699814
|-end|p1a: Great Tusk|Protosynthesis|[silent]
|switch|p1a: Alomomola|Alomomola, F|100/100
|move|p2a: Landorus|Stealth Rock|p1a: Alomomola
|-sidestart|p1: Mortifi|move: Stealth Rock
|
|upkeep
|turn|42
|
|t:|1779699820
|switch|p2a: Alomomola|Alomomola, F|79/100
|-damage|p2a: Alomomola|55/100|[from] Spikes
|-damage|p2a: Alomomola|42/100|[from] Stealth Rock
|move|p1a: Alomomola|Wish|p1a: Alomomola
|
|upkeep
|turn|43
|
|t:|1779699827
|move|p1a: Alomomola|Flip Turn|p2a: Alomomola
|-resisted|p2a: Alomomola
|-damage|p2a: Alomomola|36/100
|
|t:|1779699831
|switch|p1a: Slowking|Slowking-Galar, M|63/100 brn|[from] Flip Turn
|move|p2a: Alomomola|Flip Turn|p1a: Slowking
|-damage|p1a: Slowking|45/100 brn
|
|t:|1779699835
|switch|p2a: Hydreigon|Hydreigon, M, tera:Steel|59/100|[from] Flip Turn
|-damage|p2a: Hydreigon|53/100|[from] Stealth Rock
|
|-heal|p1a: Slowking|100/100 brn|[from] move: Wish|[wisher] Alomomola
|-damage|p1a: Slowking|94/100 brn|[from] brn
|upkeep
|turn|44
|
|t:|1779699856
|move|p2a: Hydreigon|Dark Pulse|p1a: Slowking
|-supereffective|p1a: Slowking
|-damage|p1a: Slowking|23/100 brn
|-prepare|p1a: Slowking|Chilly Reception|[premajor]
|move|p1a: Slowking|Chilly Reception|p1a: Slowking
|-weather|Snowscape
|
|t:|1779699868
|switch|p1a: Alomomola|Alomomola, F|100/100|[from] Chilly Reception
|-damage|p1a: Alomomola|88/100|[from] Stealth Rock
|
|-weather|Snowscape|[upkeep]
|upkeep
|turn|45
|
|t:|1779699876
|-terastallize|p1a: Alomomola|Fairy
|move|p2a: Hydreigon|Dark Pulse|p1a: Alomomola
|-resisted|p1a: Alomomola
|-damage|p1a: Alomomola|61/100
|move|p1a: Alomomola|Wish|p1a: Alomomola
|
|-weather|Snowscape|[upkeep]
|upkeep
|turn|46
|
|t:|1779699889
|move|p2a: Hydreigon|Dark Pulse|p1a: Alomomola
|-resisted|p1a: Alomomola
|-damage|p1a: Alomomola|34/100
|cant|p1a: Alomomola|flinch
|
|-weather|Snowscape|[upkeep]
|-heal|p1a: Alomomola|84/100|[from] move: Wish|[wisher] Alomomola
|upkeep
|turn|47
|
|t:|1779699897
|move|p2a: Hydreigon|Dark Pulse|p1a: Alomomola
|-resisted|p1a: Alomomola
|-damage|p1a: Alomomola|56/100
|cant|p1a: Alomomola|flinch
|
|-weather|Snowscape|[upkeep]
|upkeep
|turn|48
|
|t:|1779699904
|move|p1a: Alomomola|Protect|p1a: Alomomola
|-singleturn|p1a: Alomomola|Protect
|move|p2a: Hydreigon|Dark Pulse|p1a: Alomomola
|-activate|p1a: Alomomola|move: Protect
|
|-weather|none
|upkeep
|turn|49
|l| bhybhdd
|
|t:|1779699909
|move|p2a: Hydreigon|Dark Pulse|p1a: Alomomola
|-resisted|p1a: Alomomola
|-damage|p1a: Alomomola|30/100
|move|p1a: Alomomola|Wish|p1a: Alomomola
|
|upkeep
|turn|50
|
|t:|1779699915
|switch|p2a: Alomomola|Alomomola, F|69/100
|-damage|p2a: Alomomola|44/100|[from] Spikes
|-damage|p2a: Alomomola|32/100|[from] Stealth Rock
|move|p1a: Alomomola|Protect||[still]
|-fail|p1a: Alomomola
|
|-heal|p1a: Alomomola|80/100|[from] move: Wish|[wisher] Alomomola
|upkeep
|turn|51
|
|t:|1779699923
|switch|p1a: Slowking|Slowking-Galar, M|56/100 brn
|move|p2a: Alomomola|Flip Turn|p1a: Slowking
|-damage|p1a: Slowking|40/100 brn
|
|t:|1779699926
|switch|p2a: Hydreigon|Hydreigon, M, tera:Steel|53/100|[from] Flip Turn
|-damage|p2a: Hydreigon|47/100|[from] Stealth Rock
|
|-damage|p1a: Slowking|34/100 brn|[from] brn
|upkeep
|turn|52
|
|t:|1779699934
|switch|p1a: Great Tusk|Great Tusk|51/100
|move|p2a: Hydreigon|Flash Cannon|p1a: Great Tusk
|-damage|p1a: Great Tusk|0 fnt
|faint|p1a: Great Tusk
|-end|p1a: Great Tusk|Protosynthesis|[silent]
|
|upkeep
|
|t:|1779699942
|switch|p1a: Skarmory|Skarmory, M|74/100 brn
|-damage|p1a: Skarmory|62/100 brn|[from] Stealth Rock
|turn|53
|
|t:|1779699946
|switch|p2a: Alomomola|Alomomola, F|65/100
|-damage|p2a: Alomomola|40/100|[from] Spikes
|-damage|p2a: Alomomola|28/100|[from] Stealth Rock
|move|p1a: Skarmory|Roost|p1a: Skarmory
|-heal|p1a: Skarmory|100/100 brn
|-singleturn|p1a: Skarmory|move: Roost
|
|-damage|p1a: Skarmory|95/100 brn|[from] brn
|upkeep
|turn|54
|
|t:|1779699956
|switch|p1a: Alomomola|Alomomola, F, tera:Fairy|100/100
|-damage|p1a: Alomomola|88/100|[from] Stealth Rock
|move|p2a: Alomomola|Flip Turn|p1a: Alomomola
|-damage|p1a: Alomomola|78/100
|
|t:|1779699959
|switch|p2a: Hydreigon|Hydreigon, M, tera:Steel|47/100|[from] Flip Turn
|-damage|p2a: Hydreigon|41/100|[from] Stealth Rock
|
|upkeep
|turn|55
|
|t:|1779699966
|move|p1a: Alomomola|Protect|p1a: Alomomola
|-singleturn|p1a: Alomomola|Protect
|move|p2a: Hydreigon|Flash Cannon|p1a: Alomomola
|-activate|p1a: Alomomola|move: Protect
|
|upkeep
|turn|56
|
|t:|1779699971
|switch|p1a: Skarmory|Skarmory, M|95/100 brn
|-damage|p1a: Skarmory|82/100 brn|[from] Stealth Rock
|move|p2a: Hydreigon|Flash Cannon|p1a: Skarmory
|-resisted|p1a: Skarmory
|-damage|p1a: Skarmory|41/100 brn
|
|-damage|p1a: Skarmory|35/100 brn|[from] brn
|upkeep
|turn|57
|
|t:|1779699984
|move|p2a: Hydreigon|Flash Cannon|p1a: Skarmory
|-resisted|p1a: Skarmory
|-crit|p1a: Skarmory
|-damage|p1a: Skarmory|0 fnt
|faint|p1a: Skarmory
|
|upkeep
|
|t:|1779699989
|switch|p1a: Slowking|Slowking-Galar, M|67/100 brn
|turn|58
|
|t:|1779699992
|move|p2a: Hydreigon|Flash Cannon|p1a: Slowking
|-damage|p1a: Slowking|29/100 brn
|move|p1a: Slowking|Thunder Wave|p2a: Hydreigon
|-status|p2a: Hydreigon|par
|
|-damage|p1a: Slowking|23/100 brn|[from] brn
|upkeep
|turn|59
|j| Concept Everything
|
|t:|1779699998
|move|p2a: Hydreigon|Flash Cannon|p1a: Slowking
|-damage|p1a: Slowking|0 fnt
|faint|p1a: Slowking
|
|upkeep
|
|t:|1779700002
|switch|p1a: Alomomola|Alomomola, F, tera:Fairy|100/100
|-damage|p1a: Alomomola|88/100|[from] Stealth Rock
|turn|60
|
|t:|1779700007
|move|p2a: Hydreigon|Flash Cannon|p1a: Alomomola
|-supereffective|p1a: Alomomola
|-damage|p1a: Alomomola|0 fnt
|faint|p1a: Alomomola
|
|win|yangtao
|raw|Mortifi's rating: 1580 &rarr; <strong>1562</strong><br />(-18 for losing)
|raw|yangtao's rating: 1613 &rarr; <strong>1631</strong><br />(+18 for winning)
|l|☆Mortifi
|player|p1|
|l|☆yangtao
|player|p2|
