|j|☆Glp2
|j|☆Srglz
|t:|1779721842
|gametype|singles
|player|p1|Glp2|iris-gen5bw2|1277
|player|p2|Srglz|102|1287
|gen|9
|tier|[Gen 9] OU
|rated|
|rule|HP Percentage Mod: HP is shown in percentages
|rule|Endless Battle Clause: Forcing endless battles is banned
|rule|Species Clause: Limit one of each Pokémon
|rule|OHKO Clause: OHKO moves are banned
|rule|Evasion Items Clause: Evasion items are banned
|rule|Evasion Moves Clause: Evasion moves are banned
|rule|Evasion Abilities Clause: Evasion abilities are banned
|rule|Sleep Moves Clause: Sleep-inducing moves are banned
|clearpoke
|poke|p1|Lilligant-Hisui, F|
|poke|p1|Raging Bolt|
|poke|p1|Moltres-Galar|
|poke|p1|Iron Treads|
|poke|p1|Walking Wake|
|poke|p1|Torkoal, M|
|poke|p2|Lurantis, F|
|poke|p2|Garganacl, F|
|poke|p2|Gholdengo|
|poke|p2|Clefable, F|
|poke|p2|Ceruledge, M|
|poke|p2|Skeledirge, M|
|teampreview
|inactive|Battle timer is ON: inactive players will automatically lose when time's up. (requested by Srglz)
|
|t:|1779721871
|teamsize|p1|6
|teamsize|p2|6
|start
|switch|p1a: Lilligant|Lilligant-Hisui, F|100/100
|switch|p2a: Skeledirge|Skeledirge, M|100/100
|turn|1
|
|t:|1779721894
|switch|p1a: Walking Wake|Walking Wake|100/100
|move|p2a: Skeledirge|Will-O-Wisp|p1a: Walking Wake
|-status|p1a: Walking Wake|brn
|
|-damage|p1a: Walking Wake|94/100 brn|[from] brn
|upkeep
|turn|2
|
|t:|1779721912
|switch|p2a: Garganacl|Garganacl, F|100/100
|move|p1a: Walking Wake|Hydro Steam|p2a: Garganacl
|-supereffective|p2a: Garganacl
|-damage|p2a: Garganacl|49/100
|
|-heal|p2a: Garganacl|55/100|[from] item: Leftovers
|-damage|p1a: Walking Wake|88/100 brn|[from] brn
|upkeep
|turn|3
|
|t:|1779721929
|-end|p1a: Walking Wake|Protosynthesis|[silent]
|switch|p1a: Lilligant|Lilligant-Hisui, F|100/100
|move|p2a: Garganacl|Salt Cure|p1a: Lilligant
|-resisted|p1a: Lilligant
|-damage|p1a: Lilligant|90/100
|-start|p1a: Lilligant|Salt Cure
|
|-heal|p2a: Garganacl|61/100|[from] item: Leftovers
|-damage|p1a: Lilligant|77/100|[from] Salt Cure
|upkeep
|turn|4
|
|t:|1779721941
|switch|p2a: Skeledirge|Skeledirge, M|100/100
|move|p1a: Lilligant|Victory Dance|p1a: Lilligant
|-boost|p1a: Lilligant|atk|1
|-boost|p1a: Lilligant|def|1
|-boost|p1a: Lilligant|spe|1
|
|-damage|p1a: Lilligant|65/100|[from] Salt Cure
|upkeep
|turn|5
|
|t:|1779721954
|-terastallize|p1a: Lilligant|Rock
|move|p1a: Lilligant|Victory Dance|p1a: Lilligant
|-boost|p1a: Lilligant|atk|1
|-boost|p1a: Lilligant|def|1
|-boost|p1a: Lilligant|spe|1
|move|p2a: Skeledirge|Torch Song|p1a: Lilligant
|-resisted|p1a: Lilligant
|-damage|p1a: Lilligant|43/100
|-boost|p2a: Skeledirge|spa|1
|
|-damage|p1a: Lilligant|30/100|[from] Salt Cure
|upkeep
|turn|6
|inactive|Glp2 has 120 seconds left.
|
|t:|1779721971
|move|p1a: Lilligant|Leaf Blade|p2a: Skeledirge
|-resisted|p2a: Skeledirge
|-damage|p2a: Skeledirge|78/100
|-damage|p1a: Lilligant|20/100|[from] item: Life Orb
|move|p2a: Skeledirge|Torch Song|p1a: Lilligant
|-resisted|p1a: Lilligant
|-damage|p1a: Lilligant|0 fnt
|-boost|p2a: Skeledirge|spa|1
|faint|p1a: Lilligant
|
|-heal|p2a: Skeledirge|84/100|[from] item: Leftovers
|upkeep
|inactive|Glp2 has 120 seconds left.
|
|t:|1779721980
|switch|p1a: Torkoal|Torkoal, M|100/100
|-weather|SunnyDay|[from] ability: Drought|[of] p1a: Torkoal
|turn|7
|
|t:|1779721995
|move|p2a: Skeledirge|Torch Song|p1a: Torkoal
|-resisted|p1a: Torkoal
|-damage|p1a: Torkoal|46/100
|-boost|p2a: Skeledirge|spa|1
|move|p1a: Torkoal|Stealth Rock|p2a: Skeledirge
|-sidestart|p2: Srglz|move: Stealth Rock
|
|-weather|SunnyDay|[upkeep]
|-heal|p2a: Skeledirge|90/100|[from] item: Leftovers
|upkeep
|turn|8
|
|t:|1779722008
|move|p2a: Skeledirge|Torch Song|p1a: Torkoal
|-resisted|p1a: Torkoal
|-damage|p1a: Torkoal|0 fnt
|-boost|p2a: Skeledirge|spa|1
|faint|p1a: Torkoal
|
|-weather|SunnyDay|[upkeep]
|-heal|p2a: Skeledirge|96/100|[from] item: Leftovers
|upkeep
|
|t:|1779722011
|switch|p1a: Walking Wake|Walking Wake|88/100 brn
|-activate|p1a: Walking Wake|ability: Protosynthesis
|-start|p1a: Walking Wake|protosynthesisspe
|turn|9
|
|t:|1779722025
|-terastallize|p2a: Skeledirge|Water
|move|p1a: Walking Wake|Hydro Steam|p2a: Skeledirge
|-resisted|p2a: Skeledirge
|-damage|p2a: Skeledirge|75/100
|move|p2a: Skeledirge|Torch Song|p1a: Walking Wake
|-resisted|p1a: Walking Wake
|-damage|p1a: Walking Wake|62/100 brn
|-boost|p2a: Skeledirge|spa|1
|
|-weather|SunnyDay|[upkeep]
|-heal|p2a: Skeledirge|81/100|[from] item: Leftovers
|-damage|p1a: Walking Wake|56/100 brn|[from] brn
|upkeep
|turn|10
|
|t:|1779722039
|move|p1a: Walking Wake|Dragon Pulse|p2a: Skeledirge
|-crit|p2a: Skeledirge
|-damage|p2a: Skeledirge|31/100
|move|p2a: Skeledirge|Hex|p1a: Walking Wake
|-damage|p1a: Walking Wake|0 fnt
|faint|p1a: Walking Wake
|-end|p1a: Walking Wake|Protosynthesis|[silent]
|
|-weather|SunnyDay|[upkeep]
|-heal|p2a: Skeledirge|37/100|[from] item: Leftovers
|upkeep
|
|t:|1779722045
|switch|p1a: Raging Bolt|Raging Bolt|100/100
|-activate|p1a: Raging Bolt|ability: Protosynthesis
|-start|p1a: Raging Bolt|protosynthesisspa
|turn|11
|
|t:|1779722053
|move|p1a: Raging Bolt|Thunderclap||[still]
|-fail|p1a: Raging Bolt
|move|p2a: Skeledirge|Slack Off|p2a: Skeledirge
|-heal|p2a: Skeledirge|87/100
|
|-weather|SunnyDay|[upkeep]
|-heal|p2a: Skeledirge|93/100|[from] item: Leftovers
|upkeep
|turn|12
|
|t:|1779722062
|move|p1a: Raging Bolt|Thunderclap||[still]
|-fail|p1a: Raging Bolt
|move|p2a: Skeledirge|Will-O-Wisp|p1a: Raging Bolt
|-status|p1a: Raging Bolt|brn
|
|-weather|SunnyDay|[upkeep]
|-heal|p2a: Skeledirge|99/100|[from] item: Leftovers
|-damage|p1a: Raging Bolt|94/100 brn|[from] brn
|upkeep
|turn|13
|
|t:|1779722071
|move|p1a: Raging Bolt|Thunderclap|p2a: Skeledirge
|-supereffective|p2a: Skeledirge
|-damage|p2a: Skeledirge|25/100
|move|p2a: Skeledirge|Hex|p1a: Raging Bolt
|-damage|p1a: Raging Bolt|0 fnt
|faint|p1a: Raging Bolt
|-end|p1a: Raging Bolt|Protosynthesis|[silent]
|
|-weather|SunnyDay|[upkeep]
|-heal|p2a: Skeledirge|31/100|[from] item: Leftovers
|upkeep
|
|t:|1779722081
|switch|p1a: Iron Treads|Iron Treads|100/100
|turn|14
|
|t:|1779722086
|move|p1a: Iron Treads|Earthquake|p2a: Skeledirge
|-damage|p2a: Skeledirge|0 fnt
|faint|p2a: Skeledirge
|
|-weather|none
|upkeep
|
|t:|1779722099
|switch|p2a: Ceruledge|Ceruledge, M|100/100
|-damage|p2a: Ceruledge|76/100|[from] Stealth Rock
|turn|15
|
|t:|1779722106
|move|p1a: Iron Treads|Earthquake|p2a: Ceruledge
|-supereffective|p2a: Ceruledge
|-damage|p2a: Ceruledge|0 fnt
|faint|p2a: Ceruledge
|
|upkeep
|
|t:|1779722121
|switch|p2a: Lurantis|Lurantis, F|100/100
|-damage|p2a: Lurantis|88/100|[from] Stealth Rock
|turn|16
|
|t:|1779722151
|move|p1a: Iron Treads|Iron Head|p2a: Lurantis
|-crit|p2a: Lurantis
|-damage|p2a: Lurantis|0 fnt
|faint|p2a: Lurantis
|
|upkeep
|
|t:|1779722163
|switch|p2a: Clefable|Clefable, F|100/100
|-damage|p2a: Clefable|88/100|[from] Stealth Rock
|turn|17
|
|t:|1779722176
|move|p1a: Iron Treads|Knock Off|p2a: Clefable
|-resisted|p2a: Clefable
|-damage|p2a: Clefable|75/100
|-enditem|p2a: Clefable|Leftovers|[from] move: Knock Off|[of] p1a: Iron Treads
|move|p2a: Clefable|Wish|p2a: Clefable
|
|upkeep
|turn|18
|
|t:|1779722187
|move|p1a: Iron Treads|Earthquake|p2a: Clefable
|-damage|p2a: Clefable|37/100
|move|p2a: Clefable|Encore|p1a: Iron Treads
|-start|p1a: Iron Treads|Encore
|
|-heal|p2a: Clefable|87/100|[from] move: Wish|[wisher] Clefable
|upkeep
|turn|19
|
|t:|1779722196
|move|p1a: Iron Treads|Earthquake|p2a: Clefable
|-damage|p2a: Clefable|45/100
|move|p2a: Clefable|Night Shade|p1a: Iron Treads
|-damage|p1a: Iron Treads|69/100
|
|upkeep
|turn|20
|
|t:|1779722205
|-end|p1a: Iron Treads|Quark Drive|[silent]
|switch|p1a: Moltres|Moltres-Galar|100/100
|move|p2a: Clefable|Wish|p2a: Clefable
|
|upkeep
|turn|21
|
|t:|1779722211
|move|p1a: Moltres|Agility|p1a: Moltres
|-boost|p1a: Moltres|spe|2
|move|p2a: Clefable|Thunder Wave|p1a: Moltres|[miss]
|-miss|p2a: Clefable|p1a: Moltres
|
|-heal|p2a: Clefable|95/100|[from] move: Wish|[wisher] Clefable
|upkeep
|turn|22
|
|t:|1779722221
|move|p1a: Moltres|Nasty Plot|p1a: Moltres
|-boost|p1a: Moltres|spa|2
|move|p2a: Clefable|Thunder Wave|p1a: Moltres
|-status|p1a: Moltres|par
|
|upkeep
|turn|23
|
|t:|1779722229
|cant|p1a: Moltres|par
|move|p2a: Clefable|Encore|p1a: Moltres
|-start|p1a: Moltres|Encore
|
|upkeep
|turn|24
|
|t:|1779722236
|switch|p1a: Iron Treads|Iron Treads|69/100
|move|p2a: Clefable|Night Shade|p1a: Iron Treads
|-damage|p1a: Iron Treads|38/100
|
|upkeep
|turn|25
|
|t:|1779722246
|-end|p1a: Iron Treads|Quark Drive|[silent]
|switch|p1a: Moltres|Moltres-Galar|100/100 par
|move|p2a: Clefable|Night Shade|p1a: Moltres
|-damage|p1a: Moltres|69/100 par
|
|upkeep
|turn|26
|
|t:|1779722255
|move|p2a: Clefable|Night Shade|p1a: Moltres
|-damage|p1a: Moltres|38/100 par
|-ability|p1a: Moltres|Berserk|boost
|-boost|p1a: Moltres|spa|1
|-enditem|p1a: Moltres|Sitrus Berry|[eat]
|-heal|p1a: Moltres|63/100 par|[from] item: Sitrus Berry
|move|p1a: Moltres|Air Slash|p2a: Clefable
|-damage|p2a: Clefable|43/100
|
|upkeep
|turn|27
|
|t:|1779722265
|move|p2a: Clefable|Wish|p2a: Clefable
|move|p1a: Moltres|Air Slash|p2a: Clefable
|-damage|p2a: Clefable|0 fnt
|faint|p2a: Clefable
|
|upkeep
|
|t:|1779722271
|switch|p2a: Garganacl|Garganacl, F|61/100
|-damage|p2a: Garganacl|49/100|[from] Stealth Rock
|turn|28
|
|t:|1779722277
|move|p1a: Moltres|Fiery Wrath|p2a: Garganacl
|-damage|p2a: Garganacl|10/100
|move|p2a: Garganacl|Recover|p2a: Garganacl
|-heal|p2a: Garganacl|60/100
|
|-heal|p2a: Garganacl|100/100|[from] move: Wish|[wisher] Clefable
|upkeep
|turn|29
|
|t:|1779722288
|move|p1a: Moltres|Nasty Plot|p1a: Moltres
|-boost|p1a: Moltres|spa|2
|move|p2a: Garganacl|Salt Cure|p1a: Moltres
|-supereffective|p1a: Moltres
|-damage|p1a: Moltres|33/100 par
|-start|p1a: Moltres|Salt Cure
|-ability|p1a: Moltres|Berserk|boost
|-boost|p1a: Moltres|spa|1
|
|-damage|p1a: Moltres|21/100 par|[from] Salt Cure
|upkeep
|turn|30
|
|t:|1779722305
|cant|p1a: Moltres|par
|move|p2a: Garganacl|Recover||[still]
|-fail|p2a: Garganacl|heal
|
|-damage|p1a: Moltres|8/100 par|[from] Salt Cure
|upkeep
|turn|31
|
|t:|1779722314
|move|p1a: Moltres|Fiery Wrath|p2a: Garganacl
|-damage|p2a: Garganacl|22/100
|move|p2a: Garganacl|Salt Cure|p1a: Moltres
|-supereffective|p1a: Moltres
|-damage|p1a: Moltres|0 fnt
|faint|p1a: Moltres
|
|-heal|p2a: Garganacl|28/100|[from] item: Leftovers
|upkeep
|
|t:|1779722319
|switch|p1a: Iron Treads|Iron Treads|38/100
|turn|32
|
|t:|1779722327
|move|p1a: Iron Treads|Earthquake|p2a: Garganacl
|-supereffective|p2a: Garganacl
|-damage|p2a: Garganacl|0 fnt
|faint|p2a: Garganacl
|
|upkeep
|
|t:|1779722332
|switch|p2a: Gholdengo|Gholdengo|100/100
|-damage|p2a: Gholdengo|94/100|[from] Stealth Rock
|turn|33
|
|t:|1779722347
|move|p1a: Iron Treads|Earthquake|p2a: Gholdengo
|-supereffective|p2a: Gholdengo
|-damage|p2a: Gholdengo|0 fnt
|faint|p2a: Gholdengo
|
|win|Glp2
|raw|Glp2's rating: 1277 &rarr; <strong>1303</strong><br />(+26 for winning)
|raw|Srglz's rating: 1287 &rarr; <strong>1261</strong><br />(-26 for losing)
|l|☆Srglz
|player|p2|
|l|☆Glp2
|player|p1|
