|j|☆encore21768768
|j|☆Abyssal Bot
|t:|1779630262
|gametype|singles
|player|p1|encore21768768|266|
|player|p2|Abyssal Bot|supernerd|
|teamsize|p1|6
|teamsize|p2|6
|gen|9
|tier|[Gen 9] OU
|rule|Species Clause: Limit one of each Pokémon
|rule|OHKO Clause: OHKO moves are banned
|rule|Evasion Items Clause: Evasion items are banned
|rule|Evasion Moves Clause: Evasion moves are banned
|rule|Endless Battle Clause: Forcing endless battles is banned
|rule|HP Percentage Mod: HP is shown in percentages
|rule|Sleep Moves Clause: Sleep-inducing moves are banned
|clearpoke
|poke|p1|Rotom-Wash|
|poke|p1|Heatran, M|
|poke|p1|Primarina, M|
|poke|p1|Diancie|
|poke|p1|Hoopa|
|poke|p1|Avalugg, M|
|poke|p2|Ribombee, F|
|poke|p2|Glimmora, M|
|poke|p2|Manaphy|
|poke|p2|Zamazenta-*|
|poke|p2|Gholdengo|
|poke|p2|Roaring Moon|
|teampreview
|c|☆Abyssal Bot|**WARNING**: Expect much hax.
|inactive|Battle timer is ON: inactive players will automatically lose when time's up. (requested by Abyssal Bot)
|j|*Turbo Bottttt
|
|t:|1779630271
|start
|switch|p1a: Rotom|Rotom-Wash|100/100
|switch|p2a: Glimmora|Glimmora, M|100/100
|turn|1
|
|t:|1779630274
|move|p2a: Glimmora|Meteor Beam||[still]
|-prepare|p2a: Glimmora|Meteor Beam
|-boost|p2a: Glimmora|spa|1
|-enditem|p2a: Glimmora|Power Herb
|-anim|p2a: Glimmora|Meteor Beam|p1a: Rotom
|-damage|p1a: Rotom|0
|faint|p1a: Rotom
|
|upkeep
|
|t:|1779630285
|switch|p1a: Avalugg|Avalugg, M|100/100
|turn|2
|
|t:|1779630288
|move|p2a: Glimmora|Meteor Beam||[still]
|-prepare|p2a: Glimmora|Meteor Beam
|-boost|p2a: Glimmora|spa|1
|move|p1a: Avalugg|Gyro Ball|p2a: Glimmora
|-supereffective|p2a: Glimmora
|-crit|p2a: Glimmora
|-damage|p2a: Glimmora|0
|-activate|p2a: Glimmora|ability: Toxic Debris
|-sidestart|p1: encore21768768|move: Toxic Spikes
|faint|p2a: Glimmora
|
|upkeep
|c|☆Abyssal Bot|I should be the one who gets hax ;-;
|
|t:|1779630288
|switch|p2a: Gholdengo|Gholdengo|100/100
|-item|p2a: Gholdengo|Air Balloon
|turn|3
|
|t:|1779630295
|switch|p1a: Heatran|Heatran, M|100/100
|move|p2a: Gholdengo|Make It Rain|p1a: Heatran
|-resisted|p1a: Heatran
|-damage|p1a: Heatran|88/100
|-unboost|p2a: Gholdengo|spa|1
|
|upkeep
|turn|4
|
|t:|1779630300
|switch|p2a: Manaphy|Manaphy|100/100
|move|p1a: Heatran|Lava Plume|p2a: Manaphy
|-resisted|p2a: Manaphy
|-damage|p2a: Manaphy|78/100
|
|-heal|p2a: Manaphy|85/100|[from] item: Leftovers
|upkeep
|turn|5
|
|t:|1779630306
|switch|p1a: Primarina|Primarina, M|100/100
|-status|p1a: Primarina|psn
|move|p2a: Manaphy|Surf|p1a: Primarina
|-resisted|p1a: Primarina
|-damage|p1a: Primarina|90/100 psn
|
|-heal|p2a: Manaphy|91/100|[from] item: Leftovers
|-damage|p1a: Primarina|77/100 psn|[from] psn|[of] p2: Glimmora
|upkeep
|turn|6
|
|t:|1779630310
|switch|p2a: Gholdengo|Gholdengo|100/100
|-item|p2a: Gholdengo|Air Balloon
|move|p1a: Primarina|Shadow Ball|p2a: Gholdengo
|-supereffective|p2a: Gholdengo
|-damage|p2a: Gholdengo|41/100
|-enditem|p2a: Gholdengo|Air Balloon
|
|-damage|p1a: Primarina|65/100 psn|[from] psn|[of] p2: Glimmora
|upkeep
|turn|7
|
|t:|1779630314
|move|p2a: Gholdengo|Make It Rain|p1a: Primarina
|-damage|p1a: Primarina|30/100 psn
|-unboost|p2a: Gholdengo|spa|1
|move|p1a: Primarina|Shadow Ball|p2a: Gholdengo
|-supereffective|p2a: Gholdengo
|-damage|p2a: Gholdengo|0
|faint|p2a: Gholdengo
|
|-damage|p1a: Primarina|18/100 psn|[from] psn|[of] p2: Glimmora
|upkeep
|
|t:|1779630314
|switch|p2a: Manaphy|Manaphy|91/100
|turn|8
|
|t:|1779630318
|move|p2a: Manaphy|Surf|p1a: Primarina
|-resisted|p1a: Primarina
|-damage|p1a: Primarina|5/100 psn
|move|p1a: Primarina|Moonblast|p2a: Manaphy
|-damage|p2a: Manaphy|45/100
|
|-heal|p2a: Manaphy|51/100|[from] item: Leftovers
|-damage|p1a: Primarina|0 psn|[from] psn|[of] p2: Glimmora
|faint|p1a: Primarina
|upkeep
|
|t:|1779630331
|switch|p1a: Hoopa|Hoopa|100/100
|-status|p1a: Hoopa|psn
|turn|9
|
|t:|1779630334
|move|p2a: Manaphy|Surf|p1a: Hoopa
|-damage|p1a: Hoopa|72/100 psn
|move|p1a: Hoopa|Trick Room|p1a: Hoopa
|-fieldstart|move: Trick Room|[of] p1a: Hoopa
|
|-heal|p2a: Manaphy|58/100|[from] item: Leftovers
|-damage|p1a: Hoopa|59/100 psn|[from] psn|[of] p2: Glimmora
|upkeep
|turn|10
|
|t:|1779630337
|move|p1a: Hoopa|Shadow Ball|p2a: Manaphy
|-damage|p2a: Manaphy|0
|faint|p2a: Manaphy
|-damage|p1a: Hoopa|49/100 psn|[from] item: Life Orb
|
|-damage|p1a: Hoopa|37/100 psn|[from] psn|[of] p2: Glimmora
|upkeep
|
|t:|1779630337
|switch|p2a: Roaring Moon|Roaring Moon|100/100
|-enditem|p2a: Roaring Moon|Booster Energy
|-activate|p2a: Roaring Moon|ability: Protosynthesis|[fromitem]
|-start|p2a: Roaring Moon|protosynthesisatk
|turn|11
|
|t:|1779630339
|move|p1a: Hoopa|Focus Blast|p2a: Roaring Moon
|-supereffective|p2a: Roaring Moon
|-damage|p2a: Roaring Moon|0
|faint|p2a: Roaring Moon
|-end|p2a: Roaring Moon|Protosynthesis|[silent]
|-damage|p1a: Hoopa|27/100 psn|[from] item: Life Orb
|
|-damage|p1a: Hoopa|15/100 psn|[from] psn|[of] p2: Glimmora
|upkeep
|
|t:|1779630339
|switch|p2a: Ribombee|Ribombee, F|100/100
|turn|12
|
|t:|1779630354
|move|p1a: Hoopa|Psychic Noise|p2a: Ribombee
|-enditem|p2a: Ribombee|Focus Sash
|-damage|p2a: Ribombee|1/100
|-damage|p1a: Hoopa|5/100 psn|[from] item: Life Orb
|move|p2a: Ribombee|Moonblast|p1a: Hoopa
|-damage|p1a: Hoopa|0 psn
|faint|p1a: Hoopa
|
|upkeep
|
|t:|1779630363
|switch|p1a: Heatran|Heatran, M|88/100
|turn|13
|
|t:|1779630365
|switch|p2a: Zamazenta|Zamazenta|100/100
|-ability|p2a: Zamazenta|Dauntless Shield|boost
|-boost|p2a: Zamazenta|def|1
|move|p1a: Heatran|Will-O-Wisp|p2a: Zamazenta|[miss]
|-miss|p1a: Heatran|p2a: Zamazenta
|
|-fieldend|move: Trick Room
|upkeep
|turn|14
|c|☆Abyssal Bot|I had warned you about hax!! HAHAHA
|
|t:|1779630367
|move|p2a: Zamazenta|Body Press|p1a: Heatran
|-supereffective|p1a: Heatran
|-damage|p1a: Heatran|14/100
|move|p1a: Heatran|Will-O-Wisp|p2a: Zamazenta
|-status|p2a: Zamazenta|brn
|
|-damage|p2a: Zamazenta|94/100 brn|[from] brn|[of] p1a: Heatran
|upkeep
|turn|15
|
|t:|1779630373
|move|p2a: Zamazenta|Body Press|p1a: Heatran
|-supereffective|p1a: Heatran
|-damage|p1a: Heatran|0
|faint|p1a: Heatran
|
|-damage|p2a: Zamazenta|88/100 brn|[from] brn|[of] p1: Heatran
|upkeep
|
|t:|1779630376
|switch|p1a: Diancie|Diancie|100/100
|-status|p1a: Diancie|psn
|turn|16
|
|t:|1779630378
|move|p2a: Zamazenta|Iron Defense|p2a: Zamazenta
|-boost|p2a: Zamazenta|def|2
|move|p1a: Diancie|Moonblast|p2a: Zamazenta
|-supereffective|p2a: Zamazenta
|-crit|p2a: Zamazenta
|-damage|p2a: Zamazenta|0 brn
|faint|p2a: Zamazenta
|
|-damage|p1a: Diancie|88/100 psn|[from] psn|[of] p2: Glimmora
|upkeep
|c|☆Abyssal Bot|I should be the one who gets hax ;-;
|
|t:|1779630378
|switch|p2a: Ribombee|Ribombee, F|1/100
|turn|17
|
|t:|1779630381
|move|p2a: Ribombee|Moonblast|p1a: Diancie
|-damage|p1a: Diancie|55/100 psn
|move|p1a: Diancie|Moonblast|p2a: Ribombee
|-damage|p2a: Ribombee|0
|faint|p2a: Ribombee
|
|win|encore21768768
|c|☆Abyssal Bot|Well Played.
|l|☆Abyssal Bot
|player|p2|
|l|*Turbo Bottttt
