|j|☆zu l8r feraligatr
|j|☆kopv
|t:|1779580930
|gametype|singles
|player|p1|zu l8r feraligatr|roughneck|1393
|player|p2|kopv|bugcatcher-gen4dp|1419
|gen|9
|tier|[Gen 9] OU
|rated|
|rule|HP Percentage Mod: HP is shown in percentages
|rule|Endless Battle Clause: Forcing endless battles is banned
|rule|Species Clause: Limit one of each Pokémon
|rule|OHKO Clause: OHKO moves are banned
|rule|Evasion Items Clause: Evasion items are banned
|rule|Evasion Moves Clause: Evasion moves are banned
|rule|Evasion Abilities Clause: Evasion abilities are banned
|rule|Sleep Moves Clause: Sleep-inducing moves are banned
|clearpoke
|poke|p1|Blissey, F|
|poke|p1|Cresselia, F|
|poke|p1|Toxapex, M|
|poke|p1|Skarmory, M|
|poke|p1|Gliscor, M|
|poke|p1|Virizion|
|poke|p2|Pelipper, F|
|poke|p2|Barraskewda, F|
|poke|p2|Iron Treads|
|poke|p2|Bruxish, M|
|poke|p2|Raging Bolt|
|poke|p2|Enamorus, F|
|teampreview
|inactive|Battle timer is ON: inactive players will automatically lose when time's up. (requested by zu l8r feraligatr)
|
|t:|1779580941
|teamsize|p1|6
|teamsize|p2|6
|start
|switch|p1a: Toxapex|Toxapex, M|100/100
|switch|p2a: Pelipper|Pelipper, F|100/100
|-weather|RainDance|[from] ability: Drizzle|[of] p2a: Pelipper
|turn|1
|
|t:|1779580947
|switch|p2a: Iron Treads|Iron Treads|100/100
|move|p1a: Toxapex|Surf|p2a: Iron Treads
|-supereffective|p2a: Iron Treads
|-damage|p2a: Iron Treads|18/100
|
|-weather|RainDance|[upkeep]
|-heal|p2a: Iron Treads|24/100|[from] item: Leftovers
|upkeep
|turn|2
|
|t:|1779580952
|-end|p2a: Iron Treads|Quark Drive|[silent]
|switch|p2a: 'Ello gov'na|Bruxish, M|100/100
|move|p1a: Toxapex|Surf|p2a: 'Ello gov'na
|-resisted|p2a: 'Ello gov'na
|-damage|p2a: 'Ello gov'na|67/100
|
|-weather|RainDance|[upkeep]
|upkeep
|turn|3
|
|t:|1779580960
|switch|p1a: Skarmory|Skarmory, M|100/100
|move|p2a: 'Ello gov'na|Psychic Fangs|p1a: Skarmory
|-resisted|p1a: Skarmory
|-damage|p1a: Skarmory|81/100
|-damage|p2a: 'Ello gov'na|50/100|[from] item: Rocky Helmet|[of] p1a: Skarmory
|
|-weather|RainDance|[upkeep]
|upkeep
|turn|4
|
|t:|1779580967
|switch|p2a: Raging Bolt|Raging Bolt|100/100
|move|p1a: Skarmory|Body Press|p2a: Raging Bolt
|-damage|p2a: Raging Bolt|70/100
|
|-weather|RainDance|[upkeep]
|-heal|p2a: Raging Bolt|76/100|[from] item: Leftovers
|upkeep
|turn|5
|
|t:|1779580976
|-end|p2a: Raging Bolt|Protosynthesis|[silent]
|switch|p2a: Barraskewda|Barraskewda, F|100/100
|switch|p1a: Blissey|Blissey, F|100/100
|
|-weather|RainDance|[upkeep]
|upkeep
|turn|6
|
|t:|1779580982
|switch|p1a: Skarmory|Skarmory, M|81/100
|move|p2a: Barraskewda|Liquidation|p1a: Skarmory
|-damage|p1a: Skarmory|27/100
|-damage|p2a: Barraskewda|84/100|[from] item: Rocky Helmet|[of] p1a: Skarmory
|-damage|p2a: Barraskewda|74/100|[from] item: Life Orb
|
|-weather|RainDance|[upkeep]
|upkeep
|turn|7
|
|t:|1779580989
|move|p2a: Barraskewda|Flip Turn|p1a: Skarmory
|-damage|p1a: Skarmory|0 fnt
|-damage|p2a: Barraskewda|58/100|[from] item: Rocky Helmet|[of] p1a: Skarmory
|faint|p1a: Skarmory
|-damage|p2a: Barraskewda|48/100|[from] item: Life Orb
|
|t:|1779581001
|switch|p2a: Raging Bolt|Raging Bolt|76/100|[from] Flip Turn
|
|-weather|RainDance|[upkeep]
|-heal|p2a: Raging Bolt|82/100|[from] item: Leftovers
|upkeep
|
|t:|1779581004
|switch|p1a: Virizion|Virizion|100/100
|turn|8
|
|t:|1779581009
|move|p1a: Virizion|Calm Mind|p1a: Virizion
|-boost|p1a: Virizion|spa|1
|-boost|p1a: Virizion|spd|1
|move|p2a: Raging Bolt|Thunder|p1a: Virizion
|-resisted|p1a: Virizion
|-damage|p1a: Virizion|84/100
|
|-weather|none
|-heal|p2a: Raging Bolt|88/100|[from] item: Leftovers
|upkeep
|turn|9
|
|t:|1779581017
|-end|p2a: Raging Bolt|Protosynthesis|[silent]
|switch|p2a: Enamorus|Enamorus, F|100/100
|move|p1a: Virizion|Giga Drain|p2a: Enamorus
|-resisted|p2a: Enamorus
|-damage|p2a: Enamorus|53/100
|-heal|p1a: Virizion|100/100|[from] drain|[of] p2a: Enamorus
|-damage|p1a: Virizion|91/100|[from] item: Life Orb
|
|upkeep
|turn|10
|
|t:|1779581026
|move|p2a: Enamorus|Moonblast|p1a: Virizion
|-supereffective|p1a: Virizion
|-damage|p1a: Virizion|39/100
|move|p1a: Virizion|Aura Sphere|p2a: Enamorus
|-resisted|p2a: Enamorus
|-damage|p2a: Enamorus|29/100
|-damage|p1a: Virizion|29/100|[from] item: Life Orb
|
|upkeep
|turn|11
|
|t:|1779581036
|switch|p1a: Toxapex|Toxapex, M|100/100
|move|p2a: Enamorus|Moonblast|p1a: Toxapex
|-resisted|p1a: Toxapex
|-damage|p1a: Toxapex|84/100
|
|upkeep
|turn|12
|
|t:|1779581040
|switch|p2a: Raging Bolt|Raging Bolt|88/100
|move|p1a: Toxapex|Surf|p2a: Raging Bolt
|-resisted|p2a: Raging Bolt
|-damage|p2a: Raging Bolt|73/100
|
|-heal|p2a: Raging Bolt|79/100|[from] item: Leftovers
|upkeep
|turn|13
|
|t:|1779581046
|-end|p2a: Raging Bolt|Protosynthesis|[silent]
|switch|p2a: Pelipper|Pelipper, F|100/100
|-weather|RainDance|[from] ability: Drizzle|[of] p2a: Pelipper
|-terastallize|p1a: Toxapex|Poison
|move|p1a: Toxapex|Acid Spray|p2a: Pelipper
|-damage|p2a: Pelipper|63/100
|-unboost|p2a: Pelipper|spd|2
|
|-weather|RainDance|[upkeep]
|upkeep
|turn|14
|
|t:|1779581056
|switch|p2a: Raging Bolt|Raging Bolt|79/100
|move|p1a: Toxapex|Surf|p2a: Raging Bolt
|-resisted|p2a: Raging Bolt
|-damage|p2a: Raging Bolt|58/100
|
|-weather|RainDance|[upkeep]
|-heal|p2a: Raging Bolt|64/100|[from] item: Leftovers
|upkeep
|turn|15
|
|t:|1779581062
|move|p2a: Raging Bolt|Thunder|p1a: Toxapex
|-damage|p1a: Toxapex|50/100
|move|p1a: Toxapex|Surf|p2a: Raging Bolt
|-resisted|p2a: Raging Bolt
|-damage|p2a: Raging Bolt|43/100
|
|-weather|RainDance|[upkeep]
|-heal|p2a: Raging Bolt|50/100|[from] item: Leftovers
|upkeep
|turn|16
|
|t:|1779581067
|switch|p1a: Gliscor|Gliscor, M|100/100
|move|p2a: Raging Bolt|Thunder|p1a: Gliscor
|-immune|p1a: Gliscor
|
|-weather|RainDance|[upkeep]
|-heal|p2a: Raging Bolt|56/100|[from] item: Leftovers
|upkeep
|turn|17
|
|t:|1779581072
|move|p1a: Gliscor|Scale Shot|p2a: Raging Bolt
|-supereffective|p2a: Raging Bolt
|-damage|p2a: Raging Bolt|41/100
|-supereffective|p2a: Raging Bolt
|-damage|p2a: Raging Bolt|28/100
|-supereffective|p2a: Raging Bolt
|-damage|p2a: Raging Bolt|13/100
|-supereffective|p2a: Raging Bolt
|-damage|p2a: Raging Bolt|0 fnt
|faint|p2a: Raging Bolt
|-end|p2a: Raging Bolt|Protosynthesis|[silent]
|-hitcount|p2: Raging Bolt|4
|-unboost|p1a: Gliscor|def|1
|-boost|p1a: Gliscor|spe|1
|
|-weather|RainDance|[upkeep]
|upkeep
|
|t:|1779581081
|switch|p2a: Barraskewda|Barraskewda, F|48/100
|turn|18
|
|t:|1779581086
|switch|p1a: Cresselia|Cresselia, F|100/100
|move|p2a: Barraskewda|Liquidation|p1a: Cresselia
|-damage|p1a: Cresselia|19/100
|-damage|p2a: Barraskewda|38/100|[from] item: Life Orb
|
|-weather|RainDance|[upkeep]
|upkeep
|turn|19
|
|t:|1779581100
|move|p2a: Barraskewda|Liquidation|p1a: Cresselia
|-damage|p1a: Cresselia|0 fnt
|faint|p1a: Cresselia
|-damage|p2a: Barraskewda|28/100|[from] item: Life Orb
|
|-weather|RainDance|[upkeep]
|upkeep
|
|t:|1779581102
|switch|p1a: Virizion|Virizion|29/100
|turn|20
|
|t:|1779581105
|move|p1a: Virizion|Vacuum Wave|p2a: Barraskewda
|-damage|p2a: Barraskewda|0 fnt
|faint|p2a: Barraskewda
|-damage|p1a: Virizion|19/100|[from] item: Life Orb
|
|-weather|none
|upkeep
|
|t:|1779581118
|switch|p2a: Enamorus|Enamorus, F|29/100
|turn|21
|
|t:|1779581133
|switch|p2a: Pelipper|Pelipper, F|63/100
|-weather|RainDance|[from] ability: Drizzle|[of] p2a: Pelipper
|switch|p1a: Gliscor|Gliscor, M|100/100
|
|-weather|RainDance|[upkeep]
|upkeep
|turn|22
|
|t:|1779581142
|switch|p2a: Enamorus|Enamorus, F|29/100
|move|p1a: Gliscor|Dual Wingbeat|p2a: Enamorus
|-damage|p2a: Enamorus|3/100
|-damage|p2a: Enamorus|0 fnt
|faint|p2a: Enamorus
|-hitcount|p2: Enamorus|2
|
|-weather|RainDance|[upkeep]
|upkeep
|
|t:|1779581148
|switch|p2a: 'Ello gov'na|Bruxish, M|50/100
|turn|23
|
|t:|1779581157
|-terastallize|p2a: 'Ello gov'na|Water
|move|p2a: 'Ello gov'na|Aqua Jet|p1a: Gliscor
|-supereffective|p1a: Gliscor
|-damage|p1a: Gliscor|0 fnt
|faint|p1a: Gliscor
|
|-weather|RainDance|[upkeep]
|upkeep
|
|t:|1779581161
|switch|p1a: Toxapex|Toxapex, M, tera:Poison|84/100
|turn|24
|
|t:|1779581172
|switch|p2a: Iron Treads|Iron Treads|24/100
|move|p1a: Toxapex|Surf|p2a: Iron Treads
|-supereffective|p2a: Iron Treads
|-damage|p2a: Iron Treads|0 fnt
|faint|p2a: Iron Treads
|-end|p2a: Iron Treads|Quark Drive|[silent]
|
|-weather|RainDance|[upkeep]
|upkeep
|
|t:|1779581174
|switch|p2a: 'Ello gov'na|Bruxish, M, tera:Water|50/100
|turn|25
|
|t:|1779581177
|switch|p1a: Virizion|Virizion|19/100
|move|p2a: 'Ello gov'na|Wave Crash|p1a: Virizion
|-resisted|p1a: Virizion
|-damage|p1a: Virizion|0 fnt
|faint|p1a: Virizion
|-damage|p2a: 'Ello gov'na|41/100|[from] Recoil
|
|-weather|RainDance|[upkeep]
|upkeep
|
|t:|1779581180
|switch|p1a: Toxapex|Toxapex, M, tera:Poison|100/100
|turn|26
|
|t:|1779581182
|move|p2a: 'Ello gov'na|Wave Crash|p1a: Toxapex
|-damage|p1a: Toxapex|0 fnt
|faint|p1a: Toxapex
|-damage|p2a: 'Ello gov'na|5/100|[from] Recoil
|
|-weather|RainDance|[upkeep]
|upkeep
|-message|zu l8r feraligatr forfeited.
|
|win|kopv
|raw|zu l8r feraligatr's rating: 1393 &rarr; <strong>1374</strong><br />(-19 for losing)
|raw|kopv's rating: 1419 &rarr; <strong>1438</strong><br />(+19 for winning)
|l|☆zu l8r feraligatr
|player|p1|
|l|☆kopv
|player|p2|
