|j|☆Ash pikatchu
|j|☆savajho
|t:|1779568021
|gametype|singles
|player|p1|Ash pikatchu|2|1229
|player|p2|savajho|roxie|1254
|gen|9
|tier|[Gen 9] OU
|rated|
|rule|HP Percentage Mod: HP is shown in percentages
|rule|Endless Battle Clause: Forcing endless battles is banned
|rule|Species Clause: Limit one of each Pokémon
|rule|OHKO Clause: OHKO moves are banned
|rule|Evasion Items Clause: Evasion items are banned
|rule|Evasion Moves Clause: Evasion moves are banned
|rule|Evasion Abilities Clause: Evasion abilities are banned
|rule|Sleep Moves Clause: Sleep-inducing moves are banned
|clearpoke
|poke|p1|Munchlax, M|
|poke|p1|Clefable, F|
|poke|p1|Haxorus, F|
|poke|p1|Hitmonlee, M|
|poke|p1|Cinderace, F|
|poke|p1|Revavroom, F|
|poke|p2|Glimmora, M|
|poke|p2|Great Tusk|
|poke|p2|Regieleki|
|poke|p2|Kyurem|
|poke|p2|Landorus-Therian, M|
|poke|p2|Blaziken, M|
|teampreview
|inactive|Battle timer is ON: inactive players will automatically lose when time's up. (requested by savajho)
|
|t:|1779568043
|teamsize|p1|6
|teamsize|p2|6
|start
|switch|p1a: Clefable|Clefable, F, shiny|100/100
|switch|p2a: Glimmora|Glimmora, M|100/100
|turn|1
|
|t:|1779568055
|move|p2a: Glimmora|Toxic|p1a: Clefable
|-status|p1a: Clefable|tox
|move|p1a: Clefable|Meteor Mash|p2a: Glimmora
|-supereffective|p2a: Glimmora
|-damage|p2a: Glimmora|36/100
|-activate|p2a: Glimmora|ability: Toxic Debris
|-sidestart|p1: Ash pikatchu|move: Toxic Spikes
|
|-damage|p1a: Clefable|94/100 tox|[from] psn
|upkeep
|turn|2
|
|t:|1779568066
|move|p2a: Glimmora|Stealth Rock|p1a: Clefable
|-sidestart|p1: Ash pikatchu|move: Stealth Rock
|move|p1a: Clefable|Meteor Mash|p2a: Glimmora
|-supereffective|p2a: Glimmora
|-damage|p2a: Glimmora|0 fnt
|-activate|p2a: Glimmora|ability: Toxic Debris
|-sidestart|p1: Ash pikatchu|move: Toxic Spikes
|faint|p2a: Glimmora
|
|-damage|p1a: Clefable|82/100 tox|[from] psn
|upkeep
|inactive|savajho has 120 seconds left.
|
|t:|1779568093
|switch|p2a: Regieleki|Regieleki|100/100
|-item|p2a: Regieleki|Air Balloon
|turn|3
|
|t:|1779568101
|move|p2a: Regieleki|Thunder Cage|p1a: Clefable
|-damage|p1a: Clefable|32/100 tox
|-activate|p1a: Clefable|move: Thunder Cage|[of] p2a: Regieleki
|move|p1a: Clefable|Meteor Mash|p2a: Regieleki
|-resisted|p2a: Regieleki
|-damage|p2a: Regieleki|69/100
|-boost|p1a: Clefable|atk|1
|-enditem|p2a: Regieleki|Air Balloon
|
|-damage|p1a: Clefable|14/100 tox|[from] psn
|-damage|p1a: Clefable|2/100 tox|[from] move: Thunder Cage|[partiallytrapped]
|upkeep
|turn|4
|
|t:|1779568112
|move|p2a: Regieleki|Ancient Power|p1a: Clefable
|-damage|p1a: Clefable|0 fnt
|faint|p1a: Clefable
|
|upkeep
|
|t:|1779568117
|switch|p1a: Cinderace|Cinderace, F, shiny|100/100
|turn|5
|
|t:|1779568125
|move|p2a: Regieleki|Ancient Power|p1a: Cinderace
|-supereffective|p1a: Cinderace
|-damage|p1a: Cinderace|45/100
|move|p1a: Cinderace|Court Change|p1a: Cinderace
|-start|p1a: Cinderace|typechange|Normal|[from] ability: Libero
|-swapsideconditions
|-activate|p1a: Cinderace|move: Court Change
|
|upkeep
|turn|6
|
|t:|1779568137
|move|p2a: Regieleki|Ancient Power|p1a: Cinderace
|-damage|p1a: Cinderace|17/100
|move|p1a: Cinderace|U-turn|p2a: Regieleki
|-damage|p2a: Regieleki|28/100
|inactive|Ash pikatchu has 120 seconds left.
|
|t:|1779568164
|switch|p1a: Hitmonlee|Hitmonlee, M, shiny|100/100|[from] U-turn
|
|upkeep
|turn|7
|
|t:|1779568172
|move|p2a: Regieleki|Volt Switch|p1a: Hitmonlee
|-damage|p1a: Hitmonlee|44/100
|
|t:|1779568177
|switch|p2a: Landorus|Landorus-Therian, M|100/100|[from] Volt Switch
|-damage|p2a: Landorus|88/100|[from] Stealth Rock
|-ability|p2a: Landorus|Intimidate|boost
|-unboost|p1a: Hitmonlee|atk|1
|move|p1a: Hitmonlee|Poison Jab|p2a: Landorus
|-resisted|p2a: Landorus
|-damage|p2a: Landorus|77/100
|-status|p2a: Landorus|psn
|
|-damage|p2a: Landorus|65/100 psn|[from] psn
|upkeep
|turn|8
|
|t:|1779568194
|switch|p1a: Cinderace|Cinderace, F, shiny|17/100
|move|p2a: Landorus|Earthquake|p1a: Cinderace
|-supereffective|p1a: Cinderace
|-damage|p1a: Cinderace|0 fnt
|faint|p1a: Cinderace
|
|-damage|p2a: Landorus|53/100 psn|[from] psn
|upkeep
|inactive|Ash pikatchu has 120 seconds left.
|
|t:|1779568210
|switch|p1a: Munchlax|Munchlax, M, shiny|100/100
|turn|9
|
|t:|1779568216
|move|p2a: Landorus|Earthquake|p1a: Munchlax
|-damage|p1a: Munchlax|59/100
|move|p1a: Munchlax|Stockpile|p1a: Munchlax
|-start|p1a: Munchlax|stockpile1
|-boost|p1a: Munchlax|def|1
|-boost|p1a: Munchlax|spd|1
|
|-damage|p2a: Landorus|41/100 psn|[from] psn
|upkeep
|turn|10
|
|t:|1779568229
|move|p2a: Landorus|Earthquake|p1a: Munchlax
|-damage|p1a: Munchlax|30/100
|move|p1a: Munchlax|Stockpile|p1a: Munchlax
|-start|p1a: Munchlax|stockpile2
|-boost|p1a: Munchlax|def|1
|-boost|p1a: Munchlax|spd|1
|
|-damage|p2a: Landorus|28/100 psn|[from] psn
|upkeep
|turn|11
|
|t:|1779568237
|move|p2a: Landorus|Earthquake|p1a: Munchlax
|-damage|p1a: Munchlax|9/100
|move|p1a: Munchlax|Rest|p1a: Munchlax
|-status|p1a: Munchlax|slp|[from] move: Rest
|-heal|p1a: Munchlax|100/100 slp|[silent]
|
|-damage|p2a: Landorus|16/100 psn|[from] psn
|upkeep
|turn|12
|
|t:|1779568246
|move|p2a: Landorus|Earthquake|p1a: Munchlax
|-damage|p1a: Munchlax|79/100 slp
|cant|p1a: Munchlax|slp
|
|-damage|p2a: Landorus|4/100 psn|[from] psn
|upkeep
|turn|13
|
|t:|1779568253
|move|p2a: Landorus|Earthquake|p1a: Munchlax
|-damage|p1a: Munchlax|57/100 slp
|cant|p1a: Munchlax|slp
|
|-damage|p2a: Landorus|0 fnt|[from] psn
|faint|p2a: Landorus
|upkeep
|
|t:|1779568259
|switch|p2a: Great Tusk|Great Tusk|100/100
|-status|p2a: Great Tusk|tox
|-damage|p2a: Great Tusk|98/100 tox|[from] Stealth Rock
|turn|14
|
|t:|1779568268
|move|p2a: Great Tusk|Rapid Spin|p1a: Munchlax
|-damage|p1a: Munchlax|51/100 slp
|-boost|p2a: Great Tusk|spe|1
|-sideend|p2: savajho|Toxic Spikes|[from] move: Rapid Spin|[of] p2a: Great Tusk
|-sideend|p2: savajho|Stealth Rock|[from] move: Rapid Spin|[of] p2a: Great Tusk
|-curestatus|p1a: Munchlax|slp|[msg]
|move|p1a: Munchlax|Stockpile|p1a: Munchlax
|-start|p1a: Munchlax|stockpile3
|-boost|p1a: Munchlax|def|1
|-boost|p1a: Munchlax|spd|1
|
|-heal|p2a: Great Tusk|100/100 tox|[from] item: Leftovers
|-damage|p2a: Great Tusk|94/100 tox|[from] psn
|upkeep
|turn|15
|
|t:|1779568284
|move|p2a: Great Tusk|Knock Off|p1a: Munchlax
|-damage|p1a: Munchlax|41/100
|-enditem|p1a: Munchlax|Eviolite|[from] move: Knock Off|[of] p2a: Great Tusk
|move|p1a: Munchlax|Bulldoze|p2a: Great Tusk
|-damage|p2a: Great Tusk|86/100 tox
|-unboost|p2a: Great Tusk|spe|1
|
|-heal|p2a: Great Tusk|92/100 tox|[from] item: Leftovers
|-damage|p2a: Great Tusk|80/100 tox|[from] psn
|upkeep
|turn|16
|
|t:|1779568299
|move|p2a: Great Tusk|Headlong Rush|p1a: Munchlax
|-damage|p1a: Munchlax|15/100
|-unboost|p2a: Great Tusk|def|1
|-unboost|p2a: Great Tusk|spd|1
|move|p1a: Munchlax|Bulldoze|p2a: Great Tusk
|-damage|p2a: Great Tusk|66/100 tox
|-unboost|p2a: Great Tusk|spe|1
|
|-heal|p2a: Great Tusk|73/100 tox|[from] item: Leftovers
|-damage|p2a: Great Tusk|54/100 tox|[from] psn
|upkeep
|turn|17
|
|t:|1779568311
|-end|p2a: Great Tusk|Protosynthesis|[silent]
|switch|p2a: Kyurem|Kyurem|100/100
|-ability|p2a: Kyurem|Pressure
|move|p1a: Munchlax|Rest|p1a: Munchlax
|-status|p1a: Munchlax|slp|[from] move: Rest
|-heal|p1a: Munchlax|100/100 slp|[silent]
|
|upkeep
|turn|18
|
|t:|1779568325
|move|p2a: Kyurem|Ice Beam|p1a: Munchlax
|-damage|p1a: Munchlax|93/100 slp
|cant|p1a: Munchlax|slp
|
|upkeep
|turn|19
|
|t:|1779568330
|switch|p2a: Blaziken|Blaziken, M|100/100
|cant|p1a: Munchlax|slp
|
|upkeep
|turn|20
|
|t:|1779568339
|move|p2a: Blaziken|Blaze Kick|p1a: Munchlax
|-damage|p1a: Munchlax|81/100 slp
|-damage|p2a: Blaziken|91/100|[from] item: Life Orb
|-curestatus|p1a: Munchlax|slp|[msg]
|move|p1a: Munchlax|Body Slam|p2a: Blaziken
|-damage|p2a: Blaziken|55/100
|-status|p2a: Blaziken|par
|
|-ability|p2a: Blaziken|Speed Boost|boost
|-boost|p2a: Blaziken|spe|1
|upkeep
|turn|21
|
|t:|1779568353
|cant|p2a: Blaziken|par
|move|p1a: Munchlax|Body Slam|p2a: Blaziken
|-damage|p2a: Blaziken|19/100 par
|
|-ability|p2a: Blaziken|Speed Boost|boost
|-boost|p2a: Blaziken|spe|1
|upkeep
|turn|22
|
|t:|1779568360
|move|p2a: Blaziken|Blaze Kick|p1a: Munchlax
|-crit|p1a: Munchlax
|-damage|p1a: Munchlax|36/100
|-damage|p2a: Blaziken|9/100 par|[from] item: Life Orb
|move|p1a: Munchlax|Bulldoze|p2a: Blaziken
|-supereffective|p2a: Blaziken
|-damage|p2a: Blaziken|0 fnt
|faint|p2a: Blaziken
|
|upkeep
|
|t:|1779568368
|switch|p2a: Regieleki|Regieleki|28/100
|turn|23
|
|t:|1779568382
|move|p2a: Regieleki|Thunder Cage|p1a: Munchlax
|-damage|p1a: Munchlax|22/100
|-activate|p1a: Munchlax|move: Thunder Cage|[of] p2a: Regieleki
|move|p1a: Munchlax|Rest|p1a: Munchlax
|-status|p1a: Munchlax|slp|[from] move: Rest
|-heal|p1a: Munchlax|100/100 slp|[silent]
|
|-damage|p1a: Munchlax|88/100 slp|[from] move: Thunder Cage|[partiallytrapped]
|upkeep
|turn|24
|
|t:|1779568392
|move|p2a: Regieleki|Ancient Power|p1a: Munchlax
|-damage|p1a: Munchlax|82/100 slp
|cant|p1a: Munchlax|slp
|
|-damage|p1a: Munchlax|70/100 slp|[from] move: Thunder Cage|[partiallytrapped]
|upkeep
|turn|25
|
|t:|1779568398
|move|p2a: Regieleki|Ancient Power|p1a: Munchlax
|-damage|p1a: Munchlax|64/100 slp
|-boost|p2a: Regieleki|atk|1
|-boost|p2a: Regieleki|def|1
|-boost|p2a: Regieleki|spa|1
|-boost|p2a: Regieleki|spd|1
|-boost|p2a: Regieleki|spe|1
|cant|p1a: Munchlax|slp
|
|-damage|p1a: Munchlax|51/100 slp|[from] move: Thunder Cage|[partiallytrapped]
|upkeep
|turn|26
|
|t:|1779568417
|-terastallize|p2a: Regieleki|Electric
|move|p2a: Regieleki|Thunder Cage|p1a: Munchlax
|-damage|p1a: Munchlax|20/100 slp
|-curestatus|p1a: Munchlax|slp|[msg]
|move|p1a: Munchlax|Bulldoze|p2a: Regieleki
|-supereffective|p2a: Regieleki
|-damage|p2a: Regieleki|0 fnt
|faint|p2a: Regieleki
|
|-end|p1a: Munchlax|Thunder Cage|[partiallytrapped]|[silent]
|upkeep
|
|t:|1779568426
|switch|p2a: Great Tusk|Great Tusk|54/100 tox
|turn|27
|
|t:|1779568430
|move|p2a: Great Tusk|Headlong Rush|p1a: Munchlax
|-damage|p1a: Munchlax|0 fnt
|-unboost|p2a: Great Tusk|def|1
|-unboost|p2a: Great Tusk|spd|1
|faint|p1a: Munchlax
|
|-heal|p2a: Great Tusk|60/100 tox|[from] item: Leftovers
|-damage|p2a: Great Tusk|54/100 tox|[from] psn
|upkeep
|
|t:|1779568446
|switch|p1a: Hitmonlee|Hitmonlee, M, shiny|44/100
|turn|28
|
|t:|1779568453
|move|p1a: Hitmonlee|Endure|p1a: Hitmonlee
|-singleturn|p1a: Hitmonlee|move: Endure
|move|p2a: Great Tusk|Headlong Rush|p1a: Hitmonlee
|-activate|p1a: Hitmonlee|move: Endure
|-damage|p1a: Hitmonlee|1/100
|-unboost|p2a: Great Tusk|def|1
|-unboost|p2a: Great Tusk|spd|1
|-enditem|p1a: Hitmonlee|Liechi Berry|[eat]
|-boost|p1a: Hitmonlee|atk|1|[from] item: Liechi Berry
|
|-heal|p2a: Great Tusk|60/100 tox|[from] item: Leftovers
|-damage|p2a: Great Tusk|48/100 tox|[from] psn
|upkeep
|turn|29
|
|t:|1779568466
|move|p1a: Hitmonlee|Reversal|p2a: Great Tusk
|-damage|p2a: Great Tusk|0 fnt
|faint|p2a: Great Tusk
|-end|p2a: Great Tusk|Protosynthesis|[silent]
|
|upkeep
|
|t:|1779568470
|switch|p2a: Kyurem|Kyurem|100/100
|-ability|p2a: Kyurem|Pressure
|turn|30
|
|t:|1779568486
|move|p1a: Hitmonlee|Reversal|p2a: Kyurem
|-supereffective|p2a: Kyurem
|-damage|p2a: Kyurem|0 fnt
|faint|p2a: Kyurem
|
|win|Ash pikatchu
|raw|Ash pikatchu's rating: 1229 &rarr; <strong>1256</strong><br />(+27 for winning)
|raw|savajho's rating: 1254 &rarr; <strong>1227</strong><br />(-27 for losing)
|l|☆Ash pikatchu
|player|p1|
|l|☆savajho
|player|p2|
