|j|☆Animal Stylez
|j|☆alxiz⏣⏑⏣
|t:|1779596287
|gametype|singles
|player|p1|Animal Stylez|leaf-masters|1398
|player|p2|alxiz⏣⏑⏣|miku-water|1420
|gen|9
|tier|[Gen 9] OU
|rated|
|rule|HP Percentage Mod: HP is shown in percentages
|rule|Endless Battle Clause: Forcing endless battles is banned
|rule|Species Clause: Limit one of each Pokémon
|rule|OHKO Clause: OHKO moves are banned
|rule|Evasion Items Clause: Evasion items are banned
|rule|Evasion Moves Clause: Evasion moves are banned
|rule|Evasion Abilities Clause: Evasion abilities are banned
|rule|Sleep Moves Clause: Sleep-inducing moves are banned
|clearpoke
|poke|p1|Noivern, F|
|poke|p1|Primarina, M|
|poke|p1|Great Tusk|
|poke|p1|Slowking-Galar, M|
|poke|p1|Ogerpon, F|
|poke|p1|Kingambit, M|
|poke|p2|Kyurem|
|poke|p2|Volcanion|
|poke|p2|Zapdos|
|poke|p2|Hoopa-Unbound|
|poke|p2|Zamazenta-*|
|poke|p2|Iron Treads|
|teampreview
|inactive|Battle timer is ON: inactive players will automatically lose when time's up. (requested by alxiz⏣⏑⏣)
|
|t:|1779596308
|teamsize|p1|6
|teamsize|p2|6
|start
|switch|p1a: Shabang|Great Tusk|100/100
|switch|p2a: Kyurem|Kyurem, shiny|100/100
|-ability|p2a: Kyurem|Pressure
|turn|1
|
|t:|1779596315
|-end|p1a: Shabang|Protosynthesis|[silent]
|switch|p1a: Cheetah Phase|Slowking-Galar, M, shiny|100/100
|move|p2a: Kyurem|Freeze-Dry|p1a: Cheetah Phase
|-damage|p1a: Cheetah Phase|81/100
|
|upkeep
|turn|2
|
|t:|1779596343
|switch|p2a: Hoopa|Hoopa-Unbound|100/100
|move|p1a: Cheetah Phase|Flamethrower|p2a: Hoopa
|-damage|p2a: Hoopa|90/100
|
|upkeep
|turn|3
|inactive|alxiz⏣⏑⏣ has 120 seconds left.
|
|t:|1779596364
|switch|p1a: Shabang|Great Tusk|100/100
|move|p2a: Hoopa|Knock Off|p1a: Shabang
|-resisted|p1a: Shabang
|-damage|p1a: Shabang|81/100
|-damage|p2a: Hoopa|74/100|[from] item: Rocky Helmet|[of] p1a: Shabang
|-enditem|p1a: Shabang|Rocky Helmet|[from] move: Knock Off|[of] p2a: Hoopa
|
|upkeep
|turn|4
|
|t:|1779596375
|switch|p2a: Zapdos|Zapdos|100/100
|move|p1a: Shabang|Stealth Rock|p2a: Zapdos
|-sidestart|p2: alxiz⏣⏑⏣|move: Stealth Rock
|
|upkeep
|turn|5
|
|t:|1779596382
|-end|p1a: Shabang|Protosynthesis|[silent]
|switch|p1a: Airman|Noivern, F|100/100
|move|p2a: Zapdos|Thunder Wave|p1a: Airman|[miss]
|-miss|p2a: Zapdos|p1a: Airman
|
|upkeep
|turn|6
|
|t:|1779596405
|move|p1a: Airman|U-turn|p2a: Zapdos
|-resisted|p2a: Zapdos
|-damage|p2a: Zapdos|97/100
|-status|p1a: Airman|par|[from] ability: Static|[of] p2a: Zapdos
|
|t:|1779596410
|switch|p1a: Shabang|Great Tusk|81/100|[from] U-turn
|move|p2a: Zapdos|Thunder Wave|p1a: Shabang
|-immune|p1a: Shabang
|
|upkeep
|turn|7
|
|t:|1779596420
|move|p1a: Shabang|Ice Spinner|p2a: Zapdos
|-supereffective|p2a: Zapdos
|-damage|p2a: Zapdos|56/100
|move|p2a: Zapdos|Hurricane|p1a: Shabang
|-supereffective|p1a: Shabang
|-damage|p1a: Shabang|0 fnt
|faint|p1a: Shabang
|-end|p1a: Shabang|Protosynthesis|[silent]
|
|upkeep
|
|t:|1779596431
|switch|p1a: Airman|Noivern, F|100/100 par
|turn|8
|
|t:|1779596438
|move|p2a: Zapdos|Volt Switch|p1a: Airman
|-damage|p1a: Airman|61/100 par
|
|t:|1779596441
|switch|p2a: Iron Treads|Iron Treads|100/100|[from] Volt Switch
|-damage|p2a: Iron Treads|97/100|[from] Stealth Rock
|cant|p1a: Airman|par
|
|-heal|p2a: Iron Treads|100/100|[from] item: Leftovers
|upkeep
|turn|9
|
|t:|1779596463
|move|p2a: Iron Treads|Rapid Spin|p1a: Airman
|-damage|p1a: Airman|39/100 par
|-boost|p2a: Iron Treads|spe|1
|-sideend|p2: alxiz⏣⏑⏣|Stealth Rock|[from] move: Rapid Spin|[of] p2a: Iron Treads
|move|p1a: Airman|Switcheroo|p2a: Iron Treads
|-activate|p1a: Airman|move: Trick|[of] p2a: Iron Treads
|-item|p2a: Iron Treads|Choice Specs|[from] move: Switcheroo
|-item|p1a: Airman|Leftovers|[from] move: Switcheroo
|
|-heal|p1a: Airman|45/100 par|[from] item: Leftovers
|upkeep
|turn|10
|
|t:|1779596472
|move|p2a: Iron Treads|Stealth Rock|p1a: Airman
|-sidestart|p1: Animal Stylez|move: Stealth Rock
|cant|p1a: Airman|par
|
|-heal|p1a: Airman|51/100 par|[from] item: Leftovers
|upkeep
|turn|11
|
|t:|1779596479
|-end|p2a: Iron Treads|Quark Drive|[silent]
|switch|p2a: Kyurem|Kyurem, shiny|100/100
|-ability|p2a: Kyurem|Pressure
|move|p1a: Airman|Draco Meteor|p2a: Kyurem
|-supereffective|p2a: Kyurem
|-damage|p2a: Kyurem|36/100
|-unboost|p1a: Airman|spa|2
|
|-heal|p1a: Airman|57/100 par|[from] item: Leftovers
|upkeep
|turn|12
|c|☆alxiz⏣⏑⏣|mb
|
|t:|1779596489
|move|p2a: Kyurem|Freeze-Dry|p1a: Airman
|-supereffective|p1a: Airman
|-damage|p1a: Airman|0 fnt
|faint|p1a: Airman
|
|upkeep
|c|☆alxiz⏣⏑⏣|for all the paras
|inactive|Animal Stylez has 120 seconds left.
|inactive|Animal Stylez has 90 seconds left.
|inactive|Animal Stylez has 60 seconds left.
|inactive|Animal Stylez has 30 seconds left.
|inactive|Animal Stylez has 20 seconds left.
|inactive|Animal Stylez has 15 seconds left.
|inactive|Animal Stylez has 10 seconds left.
|inactive|Animal Stylez has 5 seconds left.
|-message|Animal Stylez lost due to inactivity.
|
|win|alxiz⏣⏑⏣
|raw|Animal Stylez's rating: 1398 &rarr; <strong>1379</strong><br />(-19 for losing)
|raw|alxiz⏣⏑⏣'s rating: 1420 &rarr; <strong>1439</strong><br />(+19 for winning)
|l|☆alxiz⏣⏑⏣
|player|p2|
|l|☆Animal Stylez
|player|p1|
