|j|☆chunkanator 67
|j|☆Hunter Rome
|t:|1779574991
|gametype|singles
|player|p1|chunkanator 67|biker-gen4|1078
|player|p2|Hunter Rome|gentleman-gen4|1032
|gen|9
|tier|[Gen 9] OU
|rated|
|rule|HP Percentage Mod: HP is shown in percentages
|rule|Endless Battle Clause: Forcing endless battles is banned
|rule|Species Clause: Limit one of each Pokémon
|rule|OHKO Clause: OHKO moves are banned
|rule|Evasion Items Clause: Evasion items are banned
|rule|Evasion Moves Clause: Evasion moves are banned
|rule|Evasion Abilities Clause: Evasion abilities are banned
|rule|Sleep Moves Clause: Sleep-inducing moves are banned
|clearpoke
|poke|p1|Cinderace, M|
|poke|p1|Alomomola, F|
|poke|p1|Meowscarada, F|
|poke|p1|Zamazenta-*|
|poke|p1|Regieleki|
|poke|p1|Porygon-Z|
|poke|p2|Grimmsnarl, M|
|poke|p2|Dragonite, M|
|poke|p2|Hoopa-Unbound|
|poke|p2|Okidogi, M|
|poke|p2|Raging Bolt|
|poke|p2|Quaquaval, F|
|teampreview
|inactive|Battle timer is ON: inactive players will automatically lose when time's up. (requested by chunkanator 67)
|
|t:|1779575026
|teamsize|p1|6
|teamsize|p2|6
|start
|switch|p1a: Meowscarada|Meowscarada, F|100/100
|switch|p2a: Hoopa|Hoopa-Unbound|100/100
|turn|1
|
|t:|1779575036
|switch|p2a: Grimmsnarl|Grimmsnarl, M|100/100
|move|p1a: Meowscarada|U-turn|p2a: Grimmsnarl
|-start|p1a: Meowscarada|typechange|Bug|[from] ability: Protean
|-damage|p2a: Grimmsnarl|60/100
|
|t:|1779575044
|switch|p1a: Cinderace|Cinderace, M|100/100|[from] U-turn
|
|upkeep
|turn|2
|
|t:|1779575051
|move|p2a: Grimmsnarl|Thunder Wave|p1a: Cinderace
|-status|p1a: Cinderace|par
|cant|p1a: Cinderace|par
|
|upkeep
|turn|3
|
|t:|1779575057
|move|p2a: Grimmsnarl|Reflect|p2a: Grimmsnarl
|-sidestart|p2: Hunter Rome|Reflect
|move|p1a: Cinderace|Pyro Ball|p2a: Grimmsnarl
|-damage|p2a: Grimmsnarl|26/100
|
|upkeep
|turn|4
|
|t:|1779575073
|move|p2a: Grimmsnarl|Parting Shot|p1a: Cinderace
|-unboost|p1a: Cinderace|atk|1
|-unboost|p1a: Cinderace|spa|1
|
|t:|1779575076
|switch|p2a: Raging Bolt|Raging Bolt|100/100|[from] Parting Shot
|move|p1a: Cinderace|Pyro Ball|p2a: Raging Bolt
|-resisted|p2a: Raging Bolt
|-damage|p2a: Raging Bolt|92/100
|
|-heal|p2a: Raging Bolt|98/100|[from] item: Leftovers
|upkeep
|turn|5
|
|t:|1779575081
|move|p2a: Raging Bolt|Calm Mind|p2a: Raging Bolt
|-boost|p2a: Raging Bolt|spa|1
|-boost|p2a: Raging Bolt|spd|1
|move|p1a: Cinderace|Court Change|p1a: Cinderace
|-start|p1a: Cinderace|typechange|Normal|[from] ability: Libero
|-swapsideconditions
|-activate|p1a: Cinderace|move: Court Change
|
|-heal|p2a: Raging Bolt|100/100|[from] item: Leftovers
|upkeep
|turn|6
|
|t:|1779575085
|move|p2a: Raging Bolt|Calm Mind|p2a: Raging Bolt
|-boost|p2a: Raging Bolt|spa|1
|-boost|p2a: Raging Bolt|spd|1
|move|p1a: Cinderace|U-turn|p2a: Raging Bolt
|-damage|p2a: Raging Bolt|88/100
|
|t:|1779575092
|switch|p1a: Meowscarada|Meowscarada, F|100/100|[from] U-turn
|
|-heal|p2a: Raging Bolt|94/100|[from] item: Leftovers
|upkeep
|turn|7
|
|t:|1779575099
|move|p1a: Meowscarada|Triple Axel|p2a: Raging Bolt
|-start|p1a: Meowscarada|typechange|Ice|[from] ability: Protean
|-supereffective|p2a: Raging Bolt
|-damage|p2a: Raging Bolt|76/100
|-supereffective|p2a: Raging Bolt
|-damage|p2a: Raging Bolt|44/100
|-supereffective|p2a: Raging Bolt
|-damage|p2a: Raging Bolt|0 fnt
|faint|p2a: Raging Bolt
|-end|p2a: Raging Bolt|Protosynthesis|[silent]
|-hitcount|p2: Raging Bolt|3
|
|upkeep
|
|t:|1779575107
|switch|p2a: Grimmsnarl|Grimmsnarl, M|26/100
|turn|8
|
|t:|1779575112
|move|p2a: Grimmsnarl|Thunder Wave|p1a: Meowscarada|[miss]
|-miss|p2a: Grimmsnarl|p1a: Meowscarada
|move|p1a: Meowscarada|Triple Axel|p2a: Grimmsnarl
|-damage|p2a: Grimmsnarl|13/100
|-damage|p2a: Grimmsnarl|0 fnt
|faint|p2a: Grimmsnarl
|-hitcount|p2: Grimmsnarl|2
|
|upkeep
|-message|Hunter Rome forfeited.
|
|win|chunkanator 67
|raw|chunkanator 67's rating: 1078 &rarr; <strong>1103</strong><br />(+25 for winning)
|raw|Hunter Rome's rating: 1032 &rarr; <strong>1019</strong><br />(-13 for losing)
|l|☆Hunter Rome
|player|p2|
