|j|☆Player UNOWN
|j|☆marcosuavee
|t:|1779692646
|gametype|singles
|player|p1|Player UNOWN|scientist-gen4|1146
|player|p2|marcosuavee|parasollady|1173
|gen|9
|tier|[Gen 9] OU
|rated|
|rule|HP Percentage Mod: HP is shown in percentages
|rule|Endless Battle Clause: Forcing endless battles is banned
|rule|Species Clause: Limit one of each Pokémon
|rule|OHKO Clause: OHKO moves are banned
|rule|Evasion Items Clause: Evasion items are banned
|rule|Evasion Moves Clause: Evasion moves are banned
|rule|Evasion Abilities Clause: Evasion abilities are banned
|rule|Sleep Moves Clause: Sleep-inducing moves are banned
|clearpoke
|poke|p1|Tyranitar, M|
|poke|p1|Scizor, M|
|poke|p1|Flygon, F|
|poke|p1|Empoleon, M|
|poke|p1|Hippowdon, M|
|poke|p1|Sandy Shocks|
|poke|p2|Pelipper, M|
|poke|p2|Basculegion, M|
|poke|p2|Ludicolo, M|
|poke|p2|Qwilfish, M|
|poke|p2|Goodra-Hisui, M|
|poke|p2|Kilowattrel, M|
|teampreview
|
|t:|1779692663
|teamsize|p1|6
|teamsize|p2|6
|start
|switch|p1a: Hippowdon|Hippowdon, M|100/100
|switch|p2a: Pelipper|Pelipper, M|100/100
|-weather|RainDance|[from] ability: Drizzle|[of] p2a: Pelipper
|-weather|Sandstorm|[from] ability: Sand Stream|[of] p1a: Hippowdon
|turn|1
|
|t:|1779692675
|move|p2a: Pelipper|Surf|p1a: Hippowdon
|-supereffective|p1a: Hippowdon
|-damage|p1a: Hippowdon|53/100
|move|p1a: Hippowdon|Stealth Rock|p2a: Pelipper
|-sidestart|p2: marcosuavee|move: Stealth Rock
|
|-weather|Sandstorm|[upkeep]
|-damage|p2a: Pelipper|94/100|[from] Sandstorm
|upkeep
|turn|2
|
|t:|1779692696
|move|p2a: Pelipper|Surf|p1a: Hippowdon
|-supereffective|p1a: Hippowdon
|-damage|p1a: Hippowdon|5/100
|move|p1a: Hippowdon|Whirlwind|p2a: Pelipper
|drag|p2a: Qwilfish|Qwilfish, M|100/100
|-damage|p2a: Qwilfish|88/100|[from] Stealth Rock
|
|-weather|Sandstorm|[upkeep]
|-damage|p2a: Qwilfish|82/100|[from] Sandstorm
|upkeep
|turn|3
|
|t:|1779692712
|switch|p1a: Scizor|Scizor, M|100/100
|move|p2a: Qwilfish|Swords Dance|p2a: Qwilfish
|-boost|p2a: Qwilfish|atk|2
|
|-weather|Sandstorm|[upkeep]
|-damage|p2a: Qwilfish|77/100|[from] Sandstorm
|upkeep
|turn|4
|
|t:|1779692727
|move|p2a: Qwilfish|Liquidation|p1a: Scizor
|-damage|p1a: Scizor|15/100
|-unboost|p1a: Scizor|def|1
|-damage|p2a: Qwilfish|60/100|[from] item: Rocky Helmet|[of] p1a: Scizor
|move|p1a: Scizor|Knock Off|p2a: Qwilfish
|-damage|p2a: Qwilfish|8/100
|-enditem|p2a: Qwilfish|Eviolite|[from] move: Knock Off|[of] p1a: Scizor
|
|-weather|Sandstorm|[upkeep]
|-damage|p2a: Qwilfish|2/100|[from] Sandstorm
|upkeep
|turn|5
|
|t:|1779692742
|move|p2a: Qwilfish|Aqua Jet|p1a: Scizor
|-damage|p1a: Scizor|0 fnt
|-damage|p2a: Qwilfish|0 fnt|[from] item: Rocky Helmet|[of] p1a: Scizor
|faint|p1a: Scizor
|faint|p2a: Qwilfish
|
|-weather|none
|upkeep
|
|t:|1779692755
|switch|p2a: Basculegion|Basculegion, M|100/100
|switch|p1a: Tyranitar|Tyranitar, M|100/100
|-damage|p2a: Basculegion|88/100|[from] Stealth Rock
|-weather|Sandstorm|[from] ability: Sand Stream|[of] p1a: Tyranitar
|turn|6
|
|t:|1779692765
|move|p2a: Basculegion|Wave Crash|p1a: Tyranitar
|-supereffective|p1a: Tyranitar
|-damage|p1a: Tyranitar|0 fnt
|-damage|p2a: Basculegion|72/100|[from] item: Rocky Helmet|[of] p1a: Tyranitar
|faint|p1a: Tyranitar
|-damage|p2a: Basculegion|42/100|[from] Recoil
|
|-weather|Sandstorm|[upkeep]
|-damage|p2a: Basculegion|36/100|[from] Sandstorm
|upkeep
|
|t:|1779692778
|switch|p1a: Flygon|Flygon, F|100/100
|turn|7
|
|t:|1779692787
|switch|p2a: Pelipper|Pelipper, M|94/100
|-damage|p2a: Pelipper|70/100|[from] Stealth Rock
|-weather|RainDance|[from] ability: Drizzle|[of] p2a: Pelipper
|move|p1a: Flygon|Dragon Dance|p1a: Flygon
|-boost|p1a: Flygon|atk|1
|-boost|p1a: Flygon|spe|1
|
|-weather|RainDance|[upkeep]
|upkeep
|turn|8
|
|t:|1779692807
|move|p1a: Flygon|Stone Edge|p2a: Pelipper
|-supereffective|p2a: Pelipper
|-damage|p2a: Pelipper|0 fnt
|faint|p2a: Pelipper
|
|-weather|RainDance|[upkeep]
|upkeep
|
|t:|1779692815
|switch|p2a: Basculegion|Basculegion, M|36/100
|-damage|p2a: Basculegion|24/100|[from] Stealth Rock
|turn|9
|
|t:|1779692820
|move|p2a: Basculegion|Wave Crash|p1a: Flygon
|-enditem|p1a: Flygon|Focus Sash
|-damage|p1a: Flygon|1/100
|-damage|p2a: Basculegion|0 fnt|[from] Recoil
|faint|p2a: Basculegion
|move|p1a: Flygon|Earthquake|p2: Basculegion|[notarget]
|-fail|p1a: Flygon
|
|-weather|RainDance|[upkeep]
|upkeep
|
|t:|1779692831
|switch|p2a: Ludicolo|Ludicolo, M|100/100
|-damage|p2a: Ludicolo|88/100|[from] Stealth Rock
|turn|10
|
|t:|1779692839
|move|p2a: Ludicolo|Ice Beam|p1a: Flygon
|-supereffective|p1a: Flygon
|-damage|p1a: Flygon|0 fnt
|faint|p1a: Flygon
|-damage|p2a: Ludicolo|78/100|[from] item: Life Orb
|
|-weather|RainDance|[upkeep]
|upkeep
|
|t:|1779692847
|switch|p1a: Hippowdon|Hippowdon, M|5/100
|-weather|Sandstorm|[from] ability: Sand Stream|[of] p1a: Hippowdon
|turn|11
|
|t:|1779692852
|move|p2a: Ludicolo|Giga Drain|p1a: Hippowdon
|-supereffective|p1a: Hippowdon
|-crit|p1a: Hippowdon
|-damage|p1a: Hippowdon|0 fnt
|-heal|p2a: Ludicolo|82/100|[from] drain|[of] p1a: Hippowdon
|faint|p1a: Hippowdon
|-damage|p2a: Ludicolo|72/100|[from] item: Life Orb
|
|-weather|Sandstorm|[upkeep]
|-damage|p2a: Ludicolo|66/100|[from] Sandstorm
|upkeep
|
|t:|1779692862
|switch|p1a: Sandy Shocks|Sandy Shocks|100/100
|turn|12
|
|t:|1779692875
|-terastallize|p2a: Ludicolo|Grass
|move|p1a: Sandy Shocks|Thunderbolt|p2a: Ludicolo
|-resisted|p2a: Ludicolo
|-damage|p2a: Ludicolo|45/100
|move|p2a: Ludicolo|Giga Drain|p1a: Sandy Shocks
|-supereffective|p1a: Sandy Shocks
|-damage|p1a: Sandy Shocks|0 fnt
|-heal|p2a: Ludicolo|100/100|[from] drain|[of] p1a: Sandy Shocks
|faint|p1a: Sandy Shocks
|-end|p1a: Sandy Shocks|Protosynthesis|[silent]
|-damage|p2a: Ludicolo|91/100|[from] item: Life Orb
|
|-weather|Sandstorm|[upkeep]
|-damage|p2a: Ludicolo|85/100|[from] Sandstorm
|upkeep
|
|t:|1779692889
|switch|p1a: Empoleon|Empoleon, M|100/100
|turn|13
|
|t:|1779692895
|move|p2a: Ludicolo|Focus Blast|p1a: Empoleon
|-supereffective|p1a: Empoleon
|-damage|p1a: Empoleon|3/100
|-damage|p2a: Ludicolo|75/100|[from] item: Life Orb
|move|p1a: Empoleon|Ice Beam|p2a: Ludicolo
|-supereffective|p2a: Ludicolo
|-damage|p2a: Ludicolo|10/100
|
|-weather|Sandstorm|[upkeep]
|-damage|p2a: Ludicolo|4/100|[from] Sandstorm
|upkeep
|turn|14
|
|t:|1779692906
|move|p2a: Ludicolo|Ice Beam|p1a: Empoleon
|-resisted|p1a: Empoleon
|-damage|p1a: Empoleon|0 fnt
|faint|p1a: Empoleon
|-damage|p2a: Ludicolo|0 fnt|[from] item: Life Orb
|faint|p2a: Ludicolo
|
|win|marcosuavee
|raw|Player UNOWN's rating: 1146 &rarr; <strong>1123</strong><br />(-23 for losing)
|raw|marcosuavee's rating: 1173 &rarr; <strong>1196</strong><br />(+23 for winning)
|l|☆marcosuavee
|player|p2|
|l|☆Player UNOWN
|player|p1|
