|j|☆lumimimi
|j|☆cleanerpath
|t:|1779693963
|gametype|singles
|player|p1|lumimimi|iris-gen5bw2|1153
|player|p2|cleanerpath|169|1218
|gen|9
|tier|[Gen 9] OU
|rated|
|rule|HP Percentage Mod: HP is shown in percentages
|rule|Endless Battle Clause: Forcing endless battles is banned
|rule|Species Clause: Limit one of each Pokémon
|rule|OHKO Clause: OHKO moves are banned
|rule|Evasion Items Clause: Evasion items are banned
|rule|Evasion Moves Clause: Evasion moves are banned
|rule|Evasion Abilities Clause: Evasion abilities are banned
|rule|Sleep Moves Clause: Sleep-inducing moves are banned
|clearpoke
|poke|p1|Zamazenta-*|
|poke|p1|Deoxys-Speed|
|poke|p1|Glimmora, F|
|poke|p1|Hatterene, F|
|poke|p1|Ogerpon-Wellspring, F|
|poke|p1|Ceruledge, F|
|poke|p2|Espeon, F|
|poke|p2|Milotic, F|
|poke|p2|Heatran, M|
|poke|p2|Gardevoir, F|
|poke|p2|Mienshao, F|
|poke|p2|Scizor, M|
|teampreview
|
|t:|1779693976
|teamsize|p1|6
|teamsize|p2|6
|start
|switch|p1a: Deoxys|Deoxys-Speed, shiny|100/100
|switch|p2a: Espeon|Espeon, F|100/100
|-ability|p1a: Deoxys|Pressure
|turn|1
|inactive|Battle timer is ON: inactive players will automatically lose when time's up. (requested by lumimimi)
|
|t:|1779694003
|move|p1a: Deoxys|Light Screen|p1a: Deoxys
|-sidestart|p1: lumimimi|move: Light Screen
|move|p2a: Espeon|Shadow Ball|p1a: Deoxys
|-supereffective|p1a: Deoxys
|-damage|p1a: Deoxys|67/100
|
|upkeep
|turn|2
|
|t:|1779694021
|switch|p1a: Ogerpon|Ogerpon-Wellspring, F|100/100
|move|p2a: Espeon|Calm Mind|p2a: Espeon
|-boost|p2a: Espeon|spa|1
|-boost|p2a: Espeon|spd|1
|
|upkeep
|turn|3
|
|t:|1779694027
|-terastallize|p1a: Ogerpon|Water
|detailschange|p1a: Ogerpon|Ogerpon-Wellspring-Tera, F, tera:Water
|-ability|p1a: Ogerpon|Embody Aspect (Wellspring)|boost
|-boost|p1a: Ogerpon|spd|1
|move|p2a: Espeon|Psyshock|p1a: Ogerpon
|-damage|p1a: Ogerpon|56/100
|move|p1a: Ogerpon|Swords Dance|p1a: Ogerpon
|-boost|p1a: Ogerpon|atk|2
|
|upkeep
|turn|4
|
|t:|1779694039
|move|p2a: Espeon|Psyshock|p1a: Ogerpon
|-crit|p1a: Ogerpon
|-damage|p1a: Ogerpon|0 fnt
|faint|p1a: Ogerpon
|detailschange|p1: Ogerpon|Ogerpon-Wellspring, F|[silent]
|
|upkeep
|
|t:|1779694049
|switch|p1a: Ceruledge|Ceruledge, F|100/100
|turn|5
|
|t:|1779694057
|-terastallize|p2a: Espeon|Dark
|move|p1a: Ceruledge|Shadow Sneak|p2a: Espeon
|-resisted|p2a: Espeon
|-damage|p2a: Espeon|75/100
|-damage|p1a: Ceruledge|91/100|[from] item: Life Orb
|move|p2a: Espeon|Shadow Ball|p1a: Ceruledge
|-supereffective|p1a: Ceruledge
|-damage|p1a: Ceruledge|41/100
|
|upkeep
|turn|6
|
|t:|1779694065
|move|p2a: Espeon|Shadow Ball|p1a: Ceruledge
|-supereffective|p1a: Ceruledge
|-damage|p1a: Ceruledge|0 fnt
|faint|p1a: Ceruledge
|
|upkeep
|
|t:|1779694077
|switch|p1a: Hatterene|Hatterene, F|100/100
|turn|7
|
|t:|1779694088
|move|p2a: Espeon|Shadow Ball|p1a: Hatterene
|-supereffective|p1a: Hatterene
|-damage|p1a: Hatterene|57/100
|-enditem|p1a: Hatterene|Eject Button
|
|t:|1779694108
|switch|p1a: Glimmora|Glimmora, F, shiny|100/100
|
|upkeep
|turn|8
|
|t:|1779694117
|move|p2a: Espeon|Psyshock|p1a: Glimmora
|-supereffective|p1a: Glimmora
|-damage|p1a: Glimmora|21/100
|move|p1a: Glimmora|Meteor Beam||[still]
|-prepare|p1a: Glimmora|Meteor Beam
|-boost|p1a: Glimmora|spa|1
|-enditem|p1a: Glimmora|Power Herb
|-anim|p1a: Glimmora|Meteor Beam|p2a: Espeon|[miss]
|-miss|p1a: Glimmora|p2a: Espeon
|
|-sideend|p1: lumimimi|move: Light Screen
|upkeep
|turn|9
|
|t:|1779694126
|switch|p1a: Deoxys|Deoxys-Speed, shiny|67/100
|-ability|p1a: Deoxys|Pressure
|move|p2a: Espeon|Psyshock|p1a: Deoxys
|-resisted|p1a: Deoxys
|-damage|p1a: Deoxys|28/100
|
|upkeep
|turn|10
|
|t:|1779694135
|move|p1a: Deoxys|Light Screen|p1a: Deoxys
|-sidestart|p1: lumimimi|move: Light Screen
|move|p2a: Espeon|Shadow Ball|p1a: Deoxys
|-supereffective|p1a: Deoxys
|-damage|p1a: Deoxys|0 fnt
|faint|p1a: Deoxys
|
|upkeep
|
|t:|1779694136
|switch|p1a: Zamazenta|Zamazenta|100/100
|-ability|p1a: Zamazenta|Dauntless Shield|boost
|-boost|p1a: Zamazenta|def|1
|turn|11
|
|t:|1779694143
|move|p1a: Zamazenta|Close Combat|p2a: Espeon
|-supereffective|p2a: Espeon
|-damage|p2a: Espeon|0 fnt
|-unboost|p1a: Zamazenta|def|1
|-unboost|p1a: Zamazenta|spd|1
|faint|p2a: Espeon
|
|upkeep
|
|t:|1779694153
|switch|p2a: Milotic|Milotic, F|100/100
|turn|12
|
|t:|1779694163
|switch|p1a: Hatterene|Hatterene, F|57/100
|move|p2a: Milotic|Scald|p1a: Hatterene
|-damage|p1a: Hatterene|41/100
|
|upkeep
|turn|13
|
|t:|1779694171
|switch|p2a: Heatran|Heatran, M|100/100
|move|p1a: Hatterene|Nuzzle|p2a: Heatran
|-damage|p2a: Heatran|98/100
|-status|p2a: Heatran|par
|
|-heal|p2a: Heatran|100/100 par|[from] item: Leftovers
|upkeep
|turn|14
|
|t:|1779694179
|switch|p1a: Zamazenta|Zamazenta|100/100
|move|p2a: Heatran|Lava Plume|p1a: Zamazenta
|-damage|p1a: Zamazenta|88/100
|
|upkeep
|turn|15
|
|t:|1779694186
|move|p1a: Zamazenta|Close Combat|p2a: Heatran
|-supereffective|p2a: Heatran
|-damage|p2a: Heatran|41/100 par
|-unboost|p1a: Zamazenta|def|1
|-unboost|p1a: Zamazenta|spd|1
|move|p2a: Heatran|Stealth Rock|p1a: Zamazenta
|-sidestart|p1: lumimimi|move: Stealth Rock
|
|-heal|p2a: Heatran|48/100 par|[from] item: Leftovers
|upkeep
|turn|16
|
|t:|1779694192
|move|p1a: Zamazenta|Close Combat|p2a: Heatran
|-supereffective|p2a: Heatran
|-damage|p2a: Heatran|0 fnt
|-unboost|p1a: Zamazenta|def|1
|-unboost|p1a: Zamazenta|spd|1
|faint|p2a: Heatran
|
|upkeep
|
|t:|1779694200
|switch|p2a: Scizor|Scizor, M|100/100
|turn|17
|
|t:|1779694208
|move|p1a: Zamazenta|Reflect|p1a: Zamazenta
|-sidestart|p1: lumimimi|Reflect
|move|p2a: Scizor|Swords Dance|p2a: Scizor
|-boost|p2a: Scizor|atk|2
|
|-sideend|p1: lumimimi|move: Light Screen
|upkeep
|turn|18
|
|t:|1779694217
|move|p1a: Zamazenta|Close Combat|p2a: Scizor
|-crit|p2a: Scizor
|-damage|p2a: Scizor|30/100
|-unboost|p1a: Zamazenta|def|1
|-unboost|p1a: Zamazenta|spd|1
|move|p2a: Scizor|Knock Off|p1a: Zamazenta
|-resisted|p1a: Zamazenta
|-damage|p1a: Zamazenta|51/100
|-enditem|p1a: Zamazenta|Heavy-Duty Boots|[from] move: Knock Off|[of] p2a: Scizor
|
|-heal|p2a: Scizor|36/100|[from] item: Leftovers
|upkeep
|turn|19
|
|t:|1779694225
|move|p2a: Scizor|Bullet Punch|p1a: Zamazenta
|-damage|p1a: Zamazenta|0 fnt
|faint|p1a: Zamazenta
|
|-heal|p2a: Scizor|42/100|[from] item: Leftovers
|upkeep
|
|t:|1779694235
|switch|p1a: Glimmora|Glimmora, F, shiny|21/100
|-damage|p1a: Glimmora|9/100|[from] Stealth Rock
|turn|20
|
|t:|1779694239
|move|p2a: Scizor|Bullet Punch|p1a: Glimmora
|-supereffective|p1a: Glimmora
|-damage|p1a: Glimmora|0 fnt
|-activate|p1a: Glimmora|ability: Toxic Debris
|-sidestart|p2: cleanerpath|move: Toxic Spikes
|faint|p1a: Glimmora
|
|-heal|p2a: Scizor|48/100|[from] item: Leftovers
|upkeep
|
|t:|1779694241
|switch|p1a: Hatterene|Hatterene, F|41/100
|-damage|p1a: Hatterene|29/100|[from] Stealth Rock
|turn|21
|
|t:|1779694244
|move|p2a: Scizor|Bullet Punch|p1a: Hatterene
|-supereffective|p1a: Hatterene
|-damage|p1a: Hatterene|0 fnt
|faint|p1a: Hatterene
|
|win|cleanerpath
|raw|lumimimi's rating: 1153 &rarr; <strong>1133</strong><br />(-20 for losing)
|raw|cleanerpath's rating: 1218 &rarr; <strong>1238</strong><br />(+20 for winning)
|l|☆lumimimi
|player|p1|
|l|☆cleanerpath
|player|p2|
