|j|☆nass253
|j|☆39% gxe
|t:|1779696826
|gametype|singles
|player|p1|nass253|102|1174
|player|p2|39% gxe|169|1202
|gen|9
|tier|[Gen 9] OU
|rated|
|rule|HP Percentage Mod: HP is shown in percentages
|rule|Endless Battle Clause: Forcing endless battles is banned
|rule|Species Clause: Limit one of each Pokémon
|rule|OHKO Clause: OHKO moves are banned
|rule|Evasion Items Clause: Evasion items are banned
|rule|Evasion Moves Clause: Evasion moves are banned
|rule|Evasion Abilities Clause: Evasion abilities are banned
|rule|Sleep Moves Clause: Sleep-inducing moves are banned
|clearpoke
|poke|p1|Pelipper, M|
|poke|p1|Iron Treads|
|poke|p1|Barraskewda, M|
|poke|p1|Raging Bolt|
|poke|p1|Talonflame, F|
|poke|p1|Keldeo-Resolute|
|poke|p2|Iron Crown|
|poke|p2|Moltres|
|poke|p2|Great Tusk|
|poke|p2|Wo-Chien|
|poke|p2|Iron Valiant|
|poke|p2|Kyurem|
|teampreview
|inactive|Battle timer is ON: inactive players will automatically lose when time's up. (requested by 39% gxe)
|
|t:|1779696846
|teamsize|p1|6
|teamsize|p2|6
|start
|switch|p1a: Bec qui pend|Pelipper, M|100/100
|switch|p2a: dudeman|Iron Crown|100/100
|-weather|RainDance|[from] ability: Drizzle|[of] p1a: Bec qui pend
|turn|1
|
|t:|1779696853
|move|p2a: dudeman|Volt Switch|p1a: Bec qui pend
|-supereffective|p1a: Bec qui pend
|-damage|p1a: Bec qui pend|0 fnt
|faint|p1a: Bec qui pend
|
|t:|1779696861
|-end|p2a: dudeman|Quark Drive|[silent]
|switch|p2a: freaky ahh bird|Moltres|100/100|[from] Volt Switch
|
|-weather|RainDance|[upkeep]
|upkeep
|
|t:|1779696866
|switch|p1a: Haskwakoubeh|Barraskewda, M|100/100
|turn|2
|
|t:|1779696871
|switch|p2a: Osamason|Wo-Chien|100/100
|-ability|p2a: Osamason|Tablets of Ruin
|move|p1a: Haskwakoubeh|Liquidation|p2a: Osamason
|-resisted|p2a: Osamason
|-damage|p2a: Osamason|62/100
|
|-weather|RainDance|[upkeep]
|-heal|p2a: Osamason|68/100|[from] item: Leftovers
|upkeep
|turn|3
|
|t:|1779696885
|switch|p1a: Le Talon Ducul|Talonflame, F|100/100
|move|p2a: Osamason|Leech Seed|p1a: Le Talon Ducul
|-start|p1a: Le Talon Ducul|move: Leech Seed
|
|-weather|RainDance|[upkeep]
|-heal|p2a: Osamason|74/100|[from] item: Leftovers
|-damage|p1a: Le Talon Ducul|88/100|[from] Leech Seed|[of] p2a: Osamason
|-heal|p2a: Osamason|84/100|[silent]
|upkeep
|turn|4
|
|t:|1779696896
|move|p2a: Osamason|Protect|p2a: Osamason
|-singleturn|p2a: Osamason|Protect
|move|p1a: Le Talon Ducul|Hurricane|p2a: Osamason
|-activate|p2a: Osamason|move: Protect
|
|-weather|RainDance|[upkeep]
|-heal|p2a: Osamason|90/100|[from] item: Leftovers
|-damage|p1a: Le Talon Ducul|76/100|[from] Leech Seed|[of] p2a: Osamason
|-heal|p2a: Osamason|99/100|[silent]
|upkeep
|turn|5
|
|t:|1779696925
|switch|p2a: freaky ahh bird|Moltres|100/100
|move|p1a: Le Talon Ducul|Hurricane|p2a: freaky ahh bird
|-damage|p2a: freaky ahh bird|33/100
|-start|p2a: freaky ahh bird|confusion
|
|-weather|RainDance|[upkeep]
|-damage|p1a: Le Talon Ducul|63/100|[from] Leech Seed|[of] p2a: freaky ahh bird
|-heal|p2a: freaky ahh bird|43/100|[silent]
|upkeep
|turn|6
|
|t:|1779696936
|switch|p2a: dudeman|Iron Crown|100/100
|move|p1a: Le Talon Ducul|Hurricane|p2a: dudeman
|-resisted|p2a: dudeman
|-damage|p2a: dudeman|67/100
|
|-weather|RainDance|[upkeep]
|-damage|p1a: Le Talon Ducul|51/100|[from] Leech Seed|[of] p2a: dudeman
|-heal|p2a: dudeman|78/100|[silent]
|upkeep
|turn|7
|
|t:|1779696948
|switch|p1a: Haskwakoubeh|Barraskewda, M|100/100
|move|p2a: dudeman|Volt Switch|p1a: Haskwakoubeh
|-supereffective|p1a: Haskwakoubeh
|-damage|p1a: Haskwakoubeh|0 fnt
|faint|p1a: Haskwakoubeh
|inactive|39% gxe has 120 seconds left.
|
|t:|1779696960
|-end|p2a: dudeman|Quark Drive|[silent]
|switch|p2a: freaky ahh bird|Moltres|43/100|[from] Volt Switch
|
|-weather|RainDance|[upkeep]
|upkeep
|
|t:|1779696965
|switch|p1a: Sophie|Raging Bolt|100/100
|-enditem|p1a: Sophie|Booster Energy
|-activate|p1a: Sophie|ability: Protosynthesis|[fromitem]
|-start|p1a: Sophie|protosynthesisspa
|turn|8
|inactive|39% gxe has 120 seconds left.
|
|t:|1779696985
|move|p1a: Sophie|Weather Ball|p2a: freaky ahh bird
|-supereffective|p2a: freaky ahh bird
|-damage|p2a: freaky ahh bird|0 fnt
|faint|p2a: freaky ahh bird
|
|-weather|none
|upkeep
|inactive|39% gxe has 120 seconds left.
|
|t:|1779696991
|switch|p2a: shaq|Great Tusk|100/100
|turn|9
|inactive|39% gxe has 120 seconds left.
|
|t:|1779697004
|-terastallize|p2a: shaq|Steel
|-terastallize|p1a: Sophie|Fairy
|move|p2a: shaq|Headlong Rush|p1a: Sophie
|-damage|p1a: Sophie|45/100
|-unboost|p2a: shaq|def|1
|-unboost|p2a: shaq|spd|1
|move|p1a: Sophie|Dragon Pulse|p2a: shaq
|-resisted|p2a: shaq
|-damage|p2a: shaq|24/100
|
|upkeep
|turn|10
|inactive|39% gxe has 120 seconds left.
|
|t:|1779697020
|move|p2a: shaq|Headlong Rush|p1a: Sophie
|-damage|p1a: Sophie|0 fnt
|-unboost|p2a: shaq|def|1
|-unboost|p2a: shaq|spd|1
|faint|p1a: Sophie
|-end|p1a: Sophie|Protosynthesis|[silent]
|
|upkeep
|
|t:|1779697026
|switch|p1a: Le Talon Ducul|Talonflame, F|51/100
|turn|11
|inactive|39% gxe has 120 seconds left.
|
|t:|1779697045
|move|p1a: Le Talon Ducul|Overheat|p2a: shaq
|-supereffective|p2a: shaq
|-damage|p2a: shaq|0 fnt
|-unboost|p1a: Le Talon Ducul|spa|2
|faint|p2a: shaq
|-end|p2a: shaq|Protosynthesis|[silent]
|
|upkeep
|
|t:|1779697051
|switch|p2a: dudeman|Iron Crown|78/100
|turn|12
|inactive|39% gxe has 120 seconds left.
|
|t:|1779697066
|switch|p1a: Great Tusk Wish|Iron Treads|100/100
|-enditem|p1a: Great Tusk Wish|Booster Energy
|-activate|p1a: Great Tusk Wish|ability: Quark Drive|[fromitem]
|-start|p1a: Great Tusk Wish|quarkdrivespe
|-end|p2a: dudeman|Quark Drive|[silent]
|switch|p2a: Boolymon|Kyurem|100/100
|-ability|p2a: Boolymon|Pressure
|
|upkeep
|turn|13
|inactive|39% gxe has 120 seconds left.
|
|t:|1779697081
|move|p1a: Great Tusk Wish|Stealth Rock|p2a: Boolymon
|-sidestart|p2: 39% gxe|move: Stealth Rock
|move|p2a: Boolymon|Earth Power|p1a: Great Tusk Wish
|-supereffective|p1a: Great Tusk Wish
|-damage|p1a: Great Tusk Wish|11/100
|
|upkeep
|turn|14
|
|t:|1779697091
|move|p1a: Great Tusk Wish|Earthquake|p2a: Boolymon
|-damage|p2a: Boolymon|56/100
|move|p2a: Boolymon|Freeze-Dry|p1a: Great Tusk Wish
|-damage|p1a: Great Tusk Wish|0 fnt
|faint|p1a: Great Tusk Wish
|-end|p1a: Great Tusk Wish|Quark Drive|[silent]
|
|-heal|p2a: Boolymon|62/100|[from] item: Leftovers
|upkeep
|
|t:|1779697099
|switch|p1a: Kaideos|Keldeo-Resolute|100/100
|turn|15
|
|t:|1779697112
|move|p2a: Boolymon|Protect|p2a: Boolymon
|-singleturn|p2a: Boolymon|Protect
|move|p1a: Kaideos|Surf|p2a: Boolymon
|-activate|p2a: Boolymon|move: Protect
|
|-heal|p2a: Boolymon|68/100|[from] item: Leftovers
|upkeep
|turn|16
|
|t:|1779697126
|switch|p2a: dudeman|Iron Crown|78/100
|-damage|p2a: dudeman|72/100|[from] Stealth Rock
|move|p1a: Kaideos|Secret Sword|p2a: dudeman
|-damage|p2a: dudeman|25/100
|
|upkeep
|turn|17
|inactive|39% gxe has 120 seconds left.
|
|t:|1779697148
|move|p1a: Kaideos|Surf|p2a: dudeman
|-damage|p2a: dudeman|0 fnt
|faint|p2a: dudeman
|-end|p2a: dudeman|Quark Drive|[silent]
|
|upkeep
|
|t:|1779697154
|switch|p2a: what set am i?|Iron Valiant|100/100
|-damage|p2a: what set am i?|94/100|[from] Stealth Rock
|-enditem|p2a: what set am i?|Booster Energy
|-activate|p2a: what set am i?|ability: Quark Drive|[fromitem]
|-start|p2a: what set am i?|quarkdrivespe
|turn|18
|inactive|39% gxe has 120 seconds left.
|
|t:|1779697162
|move|p2a: what set am i?|Moonblast|p1a: Kaideos
|-supereffective|p1a: Kaideos
|-damage|p1a: Kaideos|0 fnt
|faint|p1a: Kaideos
|
|upkeep
|
|t:|1779697167
|switch|p1a: Le Talon Ducul|Talonflame, F|51/100
|turn|19
|
|t:|1779697175
|move|p2a: what set am i?|Shadow Ball|p1a: Le Talon Ducul
|-damage|p1a: Le Talon Ducul|13/100
|move|p1a: Le Talon Ducul|Air Slash|p2a: what set am i?
|-supereffective|p2a: what set am i?
|-damage|p2a: what set am i?|0 fnt
|faint|p2a: what set am i?
|-end|p2a: what set am i?|Quark Drive|[silent]
|
|upkeep
|
|t:|1779697189
|switch|p2a: Boolymon|Kyurem|68/100
|-damage|p2a: Boolymon|43/100|[from] Stealth Rock
|-ability|p2a: Boolymon|Pressure
|turn|20
|
|t:|1779697196
|move|p2a: Boolymon|Protect|p2a: Boolymon
|-singleturn|p2a: Boolymon|Protect
|move|p1a: Le Talon Ducul|Air Slash|p2a: Boolymon
|-activate|p2a: Boolymon|move: Protect
|
|-heal|p2a: Boolymon|49/100|[from] item: Leftovers
|upkeep
|turn|21
|
|t:|1779697205
|move|p1a: Le Talon Ducul|Air Slash|p2a: Boolymon
|-damage|p2a: Boolymon|6/100
|move|p2a: Boolymon|Freeze-Dry|p1a: Le Talon Ducul
|-damage|p1a: Le Talon Ducul|0 fnt
|faint|p1a: Le Talon Ducul
|
|win|39% gxe
|raw|nass253's rating: 1174 &rarr; <strong>1151</strong><br />(-23 for losing)
|raw|39% gxe's rating: 1202 &rarr; <strong>1225</strong><br />(+23 for winning)
|l|☆nass253
|player|p1|
