|j|☆kopv
|j|☆Auburn Hills
|t:|1779666545
|gametype|singles
|player|p1|kopv|bugcatcher-gen4dp|1587
|player|p2|Auburn Hills|alder|1634
|gen|9
|tier|[Gen 9] OU
|rated|
|rule|HP Percentage Mod: HP is shown in percentages
|rule|Endless Battle Clause: Forcing endless battles is banned
|rule|Species Clause: Limit one of each Pokémon
|rule|OHKO Clause: OHKO moves are banned
|rule|Evasion Items Clause: Evasion items are banned
|rule|Evasion Moves Clause: Evasion moves are banned
|rule|Evasion Abilities Clause: Evasion abilities are banned
|rule|Sleep Moves Clause: Sleep-inducing moves are banned
|clearpoke
|poke|p1|Pelipper, M|
|poke|p1|Barraskewda, F|
|poke|p1|Iron Treads|
|poke|p1|Bruxish, F|
|poke|p1|Raging Bolt|
|poke|p1|Enamorus, F|
|poke|p2|Iron Moth|
|poke|p2|Umbreon, F|
|poke|p2|Garchomp, M|
|poke|p2|Glimmora, F|
|poke|p2|Gholdengo|
|poke|p2|Dragonite, M|
|teampreview
|inactive|Battle timer is ON: inactive players will automatically lose when time's up. (requested by Auburn Hills)
|
|t:|1779666581
|teamsize|p1|6
|teamsize|p2|6
|start
|switch|p1a: Iron Treads|Iron Treads|100/100
|switch|p2a: Julia Jacklin|Glimmora, F|100/100
|turn|1
|
|t:|1779666584
|move|p1a: Iron Treads|Earth Power|p2a: Julia Jacklin
|-supereffective|p2a: Julia Jacklin
|-enditem|p2a: Julia Jacklin|Focus Sash
|-damage|p2a: Julia Jacklin|1/100
|move|p2a: Julia Jacklin|Earth Power|p1a: Iron Treads
|-supereffective|p1a: Iron Treads
|-damage|p1a: Iron Treads|44/100
|
|-heal|p1a: Iron Treads|50/100|[from] item: Leftovers
|upkeep
|turn|2
|
|t:|1779666592
|move|p1a: Iron Treads|Earth Power|p2a: Julia Jacklin
|-supereffective|p2a: Julia Jacklin
|-damage|p2a: Julia Jacklin|0 fnt
|faint|p2a: Julia Jacklin
|
|-heal|p1a: Iron Treads|56/100|[from] item: Leftovers
|upkeep
|
|t:|1779666594
|switch|p2a: Carly Rae|Iron Moth|100/100
|-enditem|p2a: Carly Rae|Booster Energy
|-activate|p2a: Carly Rae|ability: Quark Drive|[fromitem]
|-start|p2a: Carly Rae|quarkdrivespe
|turn|3
|
|t:|1779666598
|-end|p1a: Iron Treads|Quark Drive|[silent]
|switch|p1a: Pelipper|Pelipper, M|100/100
|-weather|RainDance|[from] ability: Drizzle|[of] p1a: Pelipper
|move|p2a: Carly Rae|Fiery Dance|p1a: Pelipper
|-resisted|p1a: Pelipper
|-damage|p1a: Pelipper|85/100
|-boost|p2a: Carly Rae|spa|1
|
|-weather|RainDance|[upkeep]
|upkeep
|turn|4
|
|t:|1779666605
|switch|p1a: Iron Treads|Iron Treads|56/100
|move|p2a: Carly Rae|Fiery Dance|p1a: Iron Treads
|-supereffective|p1a: Iron Treads
|-damage|p1a: Iron Treads|0 fnt
|faint|p1a: Iron Treads
|-end|p1a: Iron Treads|Quark Drive|[silent]
|
|-weather|RainDance|[upkeep]
|upkeep
|
|t:|1779666613
|switch|p1a: Barraskewda|Barraskewda, F|100/100
|turn|5
|inactive|kopv has 120 seconds left.
|
|t:|1779666646
|move|p1a: Barraskewda|Liquidation|p2a: Carly Rae
|-supereffective|p2a: Carly Rae
|-damage|p2a: Carly Rae|0 fnt
|faint|p2a: Carly Rae
|-end|p2a: Carly Rae|Quark Drive|[silent]
|-damage|p1a: Barraskewda|91/100|[from] item: Life Orb
|
|-weather|RainDance|[upkeep]
|upkeep
|
|t:|1779666651
|switch|p2a: Elucid|Dragonite, M|100/100
|turn|6
|
|t:|1779666659
|move|p1a: Barraskewda|Poison Jab|p2a: Elucid
|-damage|p2a: Elucid|79/100
|-status|p2a: Elucid|psn
|-damage|p1a: Barraskewda|81/100|[from] item: Life Orb
|move|p2a: Elucid|Dragon Dance|p2a: Elucid
|-boost|p2a: Elucid|atk|1
|-boost|p2a: Elucid|spe|1
|
|-weather|RainDance|[upkeep]
|-damage|p2a: Elucid|66/100 psn|[from] psn
|upkeep
|turn|7
|
|t:|1779666674
|switch|p1a: 'Ello gov'na|Bruxish, F|100/100
|move|p2a: Elucid|Extreme Speed||[still]
|cant|p1a: 'Ello gov'na|ability: Dazzling|Extreme Speed|[of] p2a: Elucid
|
|-weather|RainDance|[upkeep]
|-damage|p2a: Elucid|54/100 psn|[from] psn
|upkeep
|turn|8
|inactive|kopv has 120 seconds left.
|
|t:|1779666693
|move|p2a: Elucid|Ice Spinner|p1a: 'Ello gov'na
|-resisted|p1a: 'Ello gov'na
|-damage|p1a: 'Ello gov'na|65/100
|move|p1a: 'Ello gov'na|Psychic Fangs|p2a: Elucid
|-damage|p2a: Elucid|0 fnt
|faint|p2a: Elucid
|
|-weather|RainDance|[upkeep]
|upkeep
|
|t:|1779666698
|switch|p2a: Alvvays|Umbreon, F|100/100
|turn|9
|
|t:|1779666703
|switch|p1a: Enamorus|Enamorus, F|100/100
|switch|p2a: Rat Tally|Garchomp, M|100/100
|
|-weather|RainDance|[upkeep]
|upkeep
|turn|10
|
|t:|1779666709
|-terastallize|p2a: Rat Tally|Poison
|move|p1a: Enamorus|Moonblast|p2a: Rat Tally
|-resisted|p2a: Rat Tally
|-damage|p2a: Rat Tally|64/100
|-unboost|p2a: Rat Tally|spa|1
|move|p2a: Rat Tally|Poison Jab|p1a: Enamorus
|-supereffective|p1a: Enamorus
|-damage|p1a: Enamorus|0 fnt
|faint|p1a: Enamorus
|
|-weather|none
|upkeep
|
|t:|1779666713
|switch|p1a: Pelipper|Pelipper, M|85/100
|-weather|RainDance|[from] ability: Drizzle|[of] p1a: Pelipper
|turn|11
|
|t:|1779666716
|move|p2a: Rat Tally|Scale Shot|p1a: Pelipper
|-damage|p1a: Pelipper|75/100
|-damage|p1a: Pelipper|66/100
|-damage|p1a: Pelipper|56/100
|-damage|p1a: Pelipper|47/100
|-damage|p1a: Pelipper|36/100
|-hitcount|p1a: Pelipper|5
|-unboost|p2a: Rat Tally|def|1
|-boost|p2a: Rat Tally|spe|1
|move|p1a: Pelipper|U-turn|p2a: Rat Tally
|-resisted|p2a: Rat Tally
|-damage|p2a: Rat Tally|57/100
|-damage|p1a: Pelipper|24/100|[from] ability: Rough Skin|[of] p2a: Rat Tally
|
|t:|1779666720
|switch|p1a: Barraskewda|Barraskewda, F|81/100|[from] U-turn
|
|-weather|RainDance|[upkeep]
|upkeep
|turn|12
|
|t:|1779666724
|move|p1a: Barraskewda|Liquidation|p2a: Rat Tally
|-damage|p2a: Rat Tally|0 fnt
|-damage|p1a: Barraskewda|69/100|[from] ability: Rough Skin|[of] p2a: Rat Tally
|faint|p2a: Rat Tally
|-damage|p1a: Barraskewda|59/100|[from] item: Life Orb
|
|-weather|RainDance|[upkeep]
|upkeep
|
|t:|1779666727
|switch|p2a: Alvvays|Umbreon, F|100/100
|turn|13
|
|t:|1779666735
|move|p1a: Barraskewda|Close Combat|p2a: Alvvays
|-supereffective|p2a: Alvvays
|-damage|p2a: Alvvays|7/100
|-unboost|p1a: Barraskewda|def|1
|-unboost|p1a: Barraskewda|spd|1
|-damage|p1a: Barraskewda|49/100|[from] item: Life Orb
|move|p2a: Alvvays|Foul Play|p1a: Barraskewda
|-damage|p1a: Barraskewda|0 fnt
|faint|p1a: Barraskewda
|
|-weather|RainDance|[upkeep]
|-heal|p2a: Alvvays|13/100|[from] item: Leftovers
|upkeep
|
|t:|1779666739
|switch|p1a: 'Ello gov'na|Bruxish, F|65/100
|turn|14
|
|t:|1779666743
|move|p2a: Alvvays|Protect|p2a: Alvvays
|-singleturn|p2a: Alvvays|Protect
|move|p1a: 'Ello gov'na|Aqua Jet|p2a: Alvvays
|-activate|p2a: Alvvays|move: Protect
|
|-weather|RainDance|[upkeep]
|-heal|p2a: Alvvays|19/100|[from] item: Leftovers
|upkeep
|turn|15
|
|t:|1779666747
|switch|p2a: Smino|Gholdengo|100/100
|move|p1a: 'Ello gov'na|Aqua Jet|p2a: Smino
|-damage|p2a: Smino|53/100
|
|-weather|RainDance|[upkeep]
|upkeep
|turn|16
|
|t:|1779666751
|-terastallize|p1a: 'Ello gov'na|Water
|move|p1a: 'Ello gov'na|Aqua Jet|p2a: Smino
|-damage|p2a: Smino|0 fnt
|faint|p2a: Smino
|
|-weather|RainDance|[upkeep]
|upkeep
|-message|Auburn Hills forfeited.
|
|win|kopv
|raw|kopv's rating: 1587 &rarr; <strong>1610</strong><br />(+23 for winning)
|raw|Auburn Hills's rating: 1634 &rarr; <strong>1611</strong><br />(-23 for losing)
|l|☆Auburn Hills
|player|p2|
