|j|☆PGMonkeh21
|j|‽aaagislash
|t:|1779617050
|gametype|singles
|player|p1|PGMonkeh21|janine|1409
|player|p2|aaagislash|102|1479
|gen|9
|tier|[Gen 9] OU
|rated|
|rule|HP Percentage Mod: HP is shown in percentages
|rule|Endless Battle Clause: Forcing endless battles is banned
|rule|Species Clause: Limit one of each Pokémon
|rule|OHKO Clause: OHKO moves are banned
|rule|Evasion Items Clause: Evasion items are banned
|rule|Evasion Moves Clause: Evasion moves are banned
|rule|Evasion Abilities Clause: Evasion abilities are banned
|rule|Sleep Moves Clause: Sleep-inducing moves are banned
|clearpoke
|poke|p1|Hydrapple, M|
|poke|p1|Tyranitar, F|
|poke|p1|Moltres|
|poke|p1|Zamazenta-*|
|poke|p1|Slowking-Galar, M|
|poke|p1|Excadrill, F|
|poke|p2|Zamazenta-*|
|poke|p2|Gastrodon, F|
|poke|p2|Slowking-Galar, M|
|poke|p2|Cetitan, F|
|poke|p2|Dragapult, F|
|poke|p2|Hoopa-Unbound|
|teampreview
|
|t:|1779617064
|teamsize|p1|6
|teamsize|p2|6
|start
|switch|p1a: Tyranitar|Tyranitar, F|100/100
|switch|p2a: Cetitan|Cetitan, F|100/100
|-weather|Sandstorm|[from] ability: Sand Stream|[of] p1a: Tyranitar
|turn|1
|
|t:|1779617070
|switch|p1a: Moltres|Moltres|100/100
|move|p2a: Cetitan|Earthquake|p1a: Moltres
|-immune|p1a: Moltres
|
|-weather|Sandstorm|[upkeep]
|-damage|p2a: Cetitan|94/100|[from] Sandstorm
|-damage|p1a: Moltres|94/100|[from] Sandstorm
|upkeep
|turn|2
|
|t:|1779617078
|switch|p2a: Gastrodon|Gastrodon, F|100/100
|move|p1a: Moltres|Flamethrower|p2a: Gastrodon
|-resisted|p2a: Gastrodon
|-damage|p2a: Gastrodon|80/100
|-enditem|p2a: Gastrodon|Red Card|[of] p1a: Moltres
|drag|p1a: Excadrill|Excadrill, F|100/100
|-item|p1a: Excadrill|Air Balloon
|
|-weather|Sandstorm|[upkeep]
|upkeep
|turn|3
|
|t:|1779617098
|switch|p1a: Hydrapple|Hydrapple, M|100/100
|move|p2a: Gastrodon|Surf|p1a: Hydrapple
|-resisted|p1a: Hydrapple
|-damage|p1a: Hydrapple|91/100
|
|-weather|Sandstorm|[upkeep]
|-damage|p1a: Hydrapple|84/100|[from] Sandstorm
|upkeep
|turn|4
|
|t:|1779617111
|switch|p2a: Cetitan|Cetitan, F|94/100
|move|p1a: Hydrapple|Fickle Beam|p2a: Cetitan
|-damage|p2a: Cetitan|55/100
|
|-weather|Sandstorm|[upkeep]
|-damage|p2a: Cetitan|49/100|[from] Sandstorm
|-damage|p1a: Hydrapple|78/100|[from] Sandstorm
|upkeep
|turn|5
|
|t:|1779617127
|switch|p1a: Tyranitar|Tyranitar, F|100/100
|move|p2a: Cetitan|Knock Off|p1a: Tyranitar
|-resisted|p1a: Tyranitar
|-damage|p1a: Tyranitar|83/100
|-enditem|p1a: Tyranitar|Leftovers|[from] move: Knock Off|[of] p2a: Cetitan
|
|-weather|none
|upkeep
|turn|6
|
|t:|1779617136
|switch|p2a: Gastrodon|Gastrodon, F|80/100
|move|p1a: Tyranitar|Stealth Rock|p2a: Gastrodon
|-sidestart|p2: aaagislash|move: Stealth Rock
|
|upkeep
|turn|7
|
|t:|1779617142
|switch|p1a: Slowking|Slowking-Galar, M|100/100
|move|p2a: Gastrodon|Stealth Rock|p1a: Slowking
|-sidestart|p1: PGMonkeh21|move: Stealth Rock
|
|upkeep
|turn|8
|
|t:|1779617158
|switch|p2a: Hoopa|Hoopa-Unbound|100/100
|-damage|p2a: Hoopa|88/100|[from] Stealth Rock
|move|p1a: Slowking|Psyshock|p2a: Hoopa
|-immune|p2a: Hoopa
|
|upkeep
|turn|9
|
|t:|1779617183
|switch|p1a: Tyranitar|Tyranitar, F|83/100
|-damage|p1a: Tyranitar|70/100|[from] Stealth Rock
|-weather|Sandstorm|[from] ability: Sand Stream|[of] p1a: Tyranitar
|move|p2a: Hoopa|Future Sight|p1a: Tyranitar
|-start|p2a: Hoopa|move: Future Sight
|
|-weather|Sandstorm|[upkeep]
|-damage|p2a: Hoopa|82/100|[from] Sandstorm
|upkeep
|turn|10
|
|t:|1779617192
|move|p2a: Hoopa|Drain Punch|p1a: Tyranitar
|-supereffective|p1a: Tyranitar
|-damage|p1a: Tyranitar|0 fnt
|-heal|p2a: Hoopa|100/100|[from] drain|[of] p1a: Tyranitar
|faint|p1a: Tyranitar
|
|-weather|Sandstorm|[upkeep]
|-damage|p2a: Hoopa|94/100|[from] Sandstorm
|upkeep
|
|t:|1779617200
|switch|p1a: Excadrill|Excadrill, F|100/100
|-damage|p1a: Excadrill|97/100|[from] Stealth Rock
|-item|p1a: Excadrill|Air Balloon
|turn|11
|
|t:|1779617211
|-terastallize|p1a: Excadrill|Fire
|move|p1a: Excadrill|Swords Dance|p1a: Excadrill
|-boost|p1a: Excadrill|atk|2
|move|p2a: Hoopa|Drain Punch|p1a: Excadrill
|-damage|p1a: Excadrill|51/100
|-heal|p2a: Hoopa|100/100|[from] drain|[of] p1a: Excadrill
|-enditem|p1a: Excadrill|Air Balloon
|
|-weather|Sandstorm|[upkeep]
|-damage|p2a: Hoopa|94/100|[from] Sandstorm
|-end|p1a: Excadrill|move: Future Sight
|-damage|p1a: Excadrill|0 fnt
|faint|p1a: Excadrill
|upkeep
|
|t:|1779617229
|switch|p1a: Zamazenta|Zamazenta|100/100
|-damage|p1a: Zamazenta|94/100|[from] Stealth Rock
|-ability|p1a: Zamazenta|Dauntless Shield|boost
|-boost|p1a: Zamazenta|def|1
|turn|12
|
|t:|1779617235
|switch|p2a: Slowking|Slowking-Galar, M|100/100
|move|p1a: Zamazenta|Iron Defense|p1a: Zamazenta
|-boost|p1a: Zamazenta|def|2
|
|-weather|Sandstorm|[upkeep]
|-damage|p1a: Zamazenta|88/100|[from] Sandstorm
|-damage|p2a: Slowking|94/100|[from] Sandstorm
|-heal|p1a: Zamazenta|94/100|[from] item: Leftovers
|upkeep
|turn|13
|
|t:|1779617242
|move|p2a: Slowking|Psychic Noise|p1a: Zamazenta
|-supereffective|p1a: Zamazenta
|-damage|p1a: Zamazenta|40/100
|-start|p1a: Zamazenta|move: Heal Block
|move|p1a: Zamazenta|Roar|p2a: Slowking
|drag|p2a: Zamazenta|Zamazenta|100/100
|-damage|p2a: Zamazenta|94/100|[from] Stealth Rock
|-ability|p2a: Zamazenta|Dauntless Shield|boost
|-boost|p2a: Zamazenta|def|1
|
|-weather|none
|-heal|p2a: Zamazenta|100/100|[from] item: Leftovers
|upkeep
|turn|14
|
|t:|1779617247
|move|p1a: Zamazenta|Body Press|p2a: Zamazenta
|-damage|p2a: Zamazenta|54/100
|move|p2a: Zamazenta|Roar|p1a: Zamazenta
|drag|p1a: Hydrapple|Hydrapple, M|100/100
|
|-heal|p2a: Zamazenta|60/100|[from] item: Leftovers
|upkeep
|turn|15
|
|t:|1779617257
|switch|p2a: Hoopa|Hoopa-Unbound|94/100
|-damage|p2a: Hoopa|82/100|[from] Stealth Rock
|move|p1a: Hydrapple|Nasty Plot|p1a: Hydrapple
|-boost|p1a: Hydrapple|spa|2
|
|upkeep
|turn|16
|
|t:|1779617263
|move|p2a: Hoopa|Psychic|p1a: Hydrapple
|-damage|p1a: Hydrapple|52/100
|move|p1a: Hydrapple|Giga Drain|p2a: Hoopa
|-damage|p2a: Hoopa|44/100
|-heal|p1a: Hydrapple|68/100|[from] drain|[of] p2a: Hoopa
|
|upkeep
|turn|17
|
|t:|1779617275
|move|p2a: Hoopa|Psychic|p1a: Hydrapple
|-damage|p1a: Hydrapple|20/100
|move|p1a: Hydrapple|Fickle Beam|p2a: Hoopa|[anim] Fickle Beam All Out
|-activate|p1a: Hydrapple|move: Fickle Beam
|-damage|p2a: Hoopa|0 fnt
|faint|p2a: Hoopa
|
|upkeep
|
|t:|1779617281
|switch|p2a: Dragapult|Dragapult, F|100/100
|-damage|p2a: Dragapult|88/100|[from] Stealth Rock
|turn|18
|
|t:|1779617292
|switch|p1a: Slowking|Slowking-Galar, M|100/100
|-damage|p1a: Slowking|88/100|[from] Stealth Rock
|move|p2a: Dragapult|Shadow Ball|p1a: Slowking
|-supereffective|p1a: Slowking
|-damage|p1a: Slowking|49/100
|
|upkeep
|turn|19
|
|t:|1779617302
|move|p2a: Dragapult|Shadow Ball|p1a: Slowking
|-supereffective|p1a: Slowking
|-damage|p1a: Slowking|10/100
|move|p1a: Slowking|Ice Beam|p2a: Dragapult
|-supereffective|p2a: Dragapult
|-damage|p2a: Dragapult|22/100
|-enditem|p2a: Dragapult|Weakness Policy
|-boost|p2a: Dragapult|atk|2|[from] item: Weakness Policy
|-boost|p2a: Dragapult|spa|2|[from] item: Weakness Policy
|
|upkeep
|turn|20
|
|t:|1779617312
|move|p2a: Dragapult|Shadow Ball|p1a: Slowking
|-supereffective|p1a: Slowking
|-damage|p1a: Slowking|0 fnt
|faint|p1a: Slowking
|
|upkeep
|
|t:|1779617317
|switch|p1a: Moltres|Moltres|94/100
|turn|21
|
|t:|1779617321
|-terastallize|p2a: Dragapult|Dragon
|move|p2a: Dragapult|Dragon Pulse|p1a: Moltres
|-damage|p1a: Moltres|0 fnt
|faint|p1a: Moltres
|
|upkeep
|
|t:|1779617325
|switch|p1a: Hydrapple|Hydrapple, M|53/100
|turn|22
|c|☆PGMonkeh21|ggs
|-message|PGMonkeh21 forfeited.
|
|win|aaagislash
|raw|PGMonkeh21's rating: 1409 &rarr; <strong>1393</strong><br />(-16 for losing)
|raw|aaagislash's rating: 1479 &rarr; <strong>1495</strong><br />(+16 for winning)
|l|☆PGMonkeh21
|player|p1|
|l|‽aaagislash
|player|p2|
