|j|☆deyda
|j|☆andruuh
|t:|1779712715
|gametype|singles
|player|p1|deyda|266|1088
|player|p2|andruuh|ethan|1057
|gen|9
|tier|[Gen 9] OU
|rated|
|rule|HP Percentage Mod: HP is shown in percentages
|rule|Endless Battle Clause: Forcing endless battles is banned
|rule|Species Clause: Limit one of each Pokémon
|rule|OHKO Clause: OHKO moves are banned
|rule|Evasion Items Clause: Evasion items are banned
|rule|Evasion Moves Clause: Evasion moves are banned
|rule|Evasion Abilities Clause: Evasion abilities are banned
|rule|Sleep Moves Clause: Sleep-inducing moves are banned
|clearpoke
|poke|p1|Blaziken, M|
|poke|p1|Glimmora, M|
|poke|p1|Primarina, F|
|poke|p1|Dragapult, M|
|poke|p1|Regieleki|
|poke|p1|Kingambit, M|
|poke|p2|Deoxys-Speed|
|poke|p2|Sudowoodo, L1, F|
|poke|p2|Tyranitar, M|
|poke|p2|Dragonite, M|
|poke|p2|Skeledirge, F|
|poke|p2|Gliscor, M|
|teampreview
|
|t:|1779712739
|teamsize|p1|6
|teamsize|p2|6
|start
|switch|p1a: Kingambit|Kingambit, M, shiny|100/100
|switch|p2a: Skeledirge|Skeledirge, F|100/100
|turn|1
|
|t:|1779712752
|switch|p1a: Primarina|Primarina, F, shiny|100/100
|move|p2a: Skeledirge|Torch Song|p1a: Primarina
|-resisted|p1a: Primarina
|-damage|p1a: Primarina|82/100
|-boost|p2a: Skeledirge|spa|1
|
|upkeep
|turn|2
|
|t:|1779712786
|switch|p2a: Deoxys|Deoxys-Speed, shiny|100/100
|-ability|p2a: Deoxys|Pressure
|move|p1a: Primarina|Hydro Pump|p2a: Deoxys
|-damage|p2a: Deoxys|18/100
|
|upkeep
|turn|3
|inactive|Battle timer is ON: inactive players will automatically lose when time's up. (requested by deyda)
|
|t:|1779712798
|move|p2a: Deoxys|Thunderbolt|p1a: Primarina
|-supereffective|p1a: Primarina
|-damage|p1a: Primarina|46/100
|move|p1a: Primarina|Hydro Pump|p2a: Deoxys
|-damage|p2a: Deoxys|0 fnt
|faint|p2a: Deoxys
|
|upkeep
|
|t:|1779712816
|switch|p2a: Dragonite|Dragonite, M, shiny|100/100
|turn|4
|
|t:|1779712822
|-terastallize|p2a: Dragonite|Normal
|move|p2a: Dragonite|Extreme Speed|p1a: Primarina
|-damage|p1a: Primarina|0 fnt
|faint|p1a: Primarina
|
|upkeep
|
|t:|1779712838
|switch|p1a: Regieleki|Regieleki, shiny|100/100
|turn|5
|
|t:|1779712854
|move|p1a: Regieleki|Volt Switch|p2a: Dragonite
|-damage|p2a: Dragonite|87/100
|
|t:|1779712860
|switch|p1a: Blaziken|Blaziken, M, shiny|100/100|[from] Volt Switch
|-item|p1a: Blaziken|Air Balloon
|move|p2a: Dragonite|Dragon Dance|p2a: Dragonite
|-boost|p2a: Dragonite|atk|1
|-boost|p2a: Dragonite|spe|1
|
|upkeep
|turn|6
|inactive|andruuh has 120 seconds left.
|
|t:|1779712897
|switch|p2a: Skeledirge|Skeledirge, F|100/100
|move|p1a: Blaziken|Flare Blitz|p2a: Skeledirge
|-resisted|p2a: Skeledirge
|-damage|p2a: Skeledirge|72/100
|-damage|p1a: Blaziken|90/100|[from] Recoil
|
|-ability|p1a: Blaziken|Speed Boost|boost
|-boost|p1a: Blaziken|spe|1
|upkeep
|turn|7
|inactive|andruuh has 120 seconds left.
|inactive|deyda has 120 seconds left.
|inactive|deyda has 90 seconds left.
|
|t:|1779712980
|move|p1a: Blaziken|Thunder Punch|p2a: Skeledirge
|-damage|p2a: Skeledirge|49/100
|move|p2a: Skeledirge|Torch Song|p1a: Blaziken
|-resisted|p1a: Blaziken
|-damage|p1a: Blaziken|47/100
|-boost|p2a: Skeledirge|spa|1
|-enditem|p1a: Blaziken|Air Balloon
|
|-ability|p1a: Blaziken|Speed Boost|boost
|-boost|p1a: Blaziken|spe|1
|upkeep
|turn|8
|
|t:|1779712997
|move|p1a: Blaziken|Flare Blitz|p2a: Skeledirge
|-resisted|p2a: Skeledirge
|-damage|p2a: Skeledirge|19/100
|-damage|p1a: Blaziken|36/100|[from] Recoil
|move|p2a: Skeledirge|Torch Song|p1a: Blaziken
|-resisted|p1a: Blaziken
|-damage|p1a: Blaziken|0 fnt
|-boost|p2a: Skeledirge|spa|1
|faint|p1a: Blaziken
|
|upkeep
|
|t:|1779713006
|switch|p1a: Regieleki|Regieleki, shiny|100/100
|turn|9
|
|t:|1779713010
|move|p1a: Regieleki|Volt Switch|p2a: Skeledirge
|-damage|p2a: Skeledirge|0 fnt
|faint|p2a: Skeledirge
|
|t:|1779713016
|switch|p1a: Dragapult|Dragapult, M, shiny|100/100|[from] Volt Switch
|
|upkeep
|
|t:|1779713025
|switch|p2a: Dragonite|Dragonite, M, shiny, tera:Normal|87/100
|turn|10
|
|t:|1779713033
|-terastallize|p1a: Dragapult|Fairy
|move|p1a: Dragapult|Draco Meteor|p2a: Dragonite
|-damage|p2a: Dragonite|33/100
|-unboost|p1a: Dragapult|spa|2
|move|p2a: Dragonite|Scale Shot|p1a: Dragapult
|-immune|p1a: Dragapult
|
|upkeep
|turn|11
|inactive|deyda has 90 seconds left.
|
|t:|1779713057
|move|p2a: Dragonite|Extreme Speed|p1a: Dragapult
|-damage|p1a: Dragapult|40/100
|move|p1a: Dragapult|Hex|p2a: Dragonite
|-immune|p2a: Dragonite
|
|upkeep
|turn|12
|
|t:|1779713064
|move|p2a: Dragonite|Extreme Speed|p1a: Dragapult
|-damage|p1a: Dragapult|0 fnt
|faint|p1a: Dragapult
|
|upkeep
|
|t:|1779713069
|switch|p1a: Regieleki|Regieleki, shiny|100/100
|turn|13
|
|t:|1779713073
|move|p2a: Dragonite|Extreme Speed|p1a: Regieleki
|-damage|p1a: Regieleki|29/100
|move|p1a: Regieleki|Volt Switch|p2a: Dragonite
|-damage|p2a: Dragonite|0 fnt
|faint|p2a: Dragonite
|
|t:|1779713083
|switch|p1a: Glimmora|Glimmora, M, shiny|100/100|[from] Volt Switch
|
|upkeep
|
|t:|1779713095
|switch|p2a: Tyranitar|Tyranitar, M, shiny|100/100
|-weather|Sandstorm|[from] ability: Sand Stream|[of] p2a: Tyranitar
|turn|14
|
|t:|1779713116
|move|p1a: Glimmora|Earth Power|p2a: Tyranitar
|-supereffective|p2a: Tyranitar
|-damage|p2a: Tyranitar|64/100
|move|p2a: Tyranitar|Earthquake|p1a: Glimmora
|-supereffective|p1a: Glimmora
|-enditem|p1a: Glimmora|Focus Sash
|-damage|p1a: Glimmora|1/100
|-activate|p1a: Glimmora|ability: Toxic Debris
|-sidestart|p2: andruuh|move: Toxic Spikes
|
|-weather|Sandstorm|[upkeep]
|upkeep
|turn|15
|
|t:|1779713135
|move|p1a: Glimmora|Mortal Spin|p2a: Tyranitar
|-resisted|p2a: Tyranitar
|-damage|p2a: Tyranitar|62/100
|-status|p2a: Tyranitar|psn
|move|p2a: Tyranitar|Earthquake|p1a: Glimmora
|-supereffective|p1a: Glimmora
|-damage|p1a: Glimmora|0 fnt
|-activate|p1a: Glimmora|ability: Toxic Debris
|-sidestart|p2: andruuh|move: Toxic Spikes
|faint|p1a: Glimmora
|
|-weather|Sandstorm|[upkeep]
|-damage|p2a: Tyranitar|49/100 psn|[from] psn
|upkeep
|inactive|deyda has 90 seconds left.
|
|t:|1779713159
|switch|p1a: Regieleki|Regieleki, shiny|29/100
|turn|16
|
|t:|1779713167
|move|p1a: Regieleki|Volt Switch|p2a: Tyranitar
|-damage|p2a: Tyranitar|33/100 psn
|
|t:|1779713170
|switch|p1a: Kingambit|Kingambit, M, shiny|100/100|[from] Volt Switch
|move|p2a: Tyranitar|Earthquake|p1a: Kingambit
|-supereffective|p1a: Kingambit
|-damage|p1a: Kingambit|35/100
|
|-weather|Sandstorm|[upkeep]
|-heal|p1a: Kingambit|41/100|[from] item: Leftovers
|-damage|p2a: Tyranitar|21/100 psn|[from] psn
|upkeep
|turn|17
|
|t:|1779713182
|move|p1a: Kingambit|Sucker Punch|p2a: Tyranitar
|-resisted|p2a: Tyranitar
|-damage|p2a: Tyranitar|4/100 psn
|move|p2a: Tyranitar|Earthquake|p1a: Kingambit
|-supereffective|p1a: Kingambit
|-damage|p1a: Kingambit|0 fnt
|faint|p1a: Kingambit
|
|-weather|Sandstorm|[upkeep]
|-damage|p2a: Tyranitar|0 fnt|[from] psn
|faint|p2a: Tyranitar
|upkeep
|inactive|deyda has 90 seconds left.
|
|t:|1779713198
|switch|p1a: Regieleki|Regieleki, shiny|29/100
|switch|p2a: Sudowoodo|Sudowoodo, L1, F, shiny|100/100
|-status|p2a: Sudowoodo|tox
|turn|18
|
|t:|1779713206
|move|p1a: Regieleki|Volt Switch|p2a: Sudowoodo
|-ability|p2a: Sudowoodo|Sturdy
|-damage|p2a: Sudowoodo|9/100 tox
|move|p2a: Sudowoodo|Endeavor|p1a: Regieleki
|-damage|p1a: Regieleki|1/100
|-heal|p2a: Sudowoodo|100/100 tox|[from] item: Shell Bell|[of] p1a: Regieleki
|
|-weather|Sandstorm|[upkeep]
|-damage|p1a: Regieleki|0 fnt|[from] Sandstorm
|faint|p1a: Regieleki
|
|win|andruuh
|raw|deyda's rating: 1088 &rarr; <strong>1063</strong><br />(-25 for losing)
|raw|andruuh's rating: 1057 &rarr; <strong>1091</strong><br />(+34 for winning)
|l|☆deyda
|player|p1|
|l|☆andruuh
|player|p2|
