|j|☆Avsvvsjanna
|j|☆Dcdcvrvf
|t:|1779634780
|gametype|singles
|player|p1|Avsvvsjanna|1|1014
|player|p2|Dcdcvrvf|170|1000
|gen|9
|tier|[Gen 9] OU
|rated|
|rule|HP Percentage Mod: HP is shown in percentages
|rule|Endless Battle Clause: Forcing endless battles is banned
|rule|Species Clause: Limit one of each Pokémon
|rule|OHKO Clause: OHKO moves are banned
|rule|Evasion Items Clause: Evasion items are banned
|rule|Evasion Moves Clause: Evasion moves are banned
|rule|Evasion Abilities Clause: Evasion abilities are banned
|rule|Sleep Moves Clause: Sleep-inducing moves are banned
|clearpoke
|poke|p1|Arcanine, M|
|poke|p1|Snorlax, F|
|poke|p1|Gengar, M|
|poke|p1|Charizard, F|
|poke|p2|Kyurem|
|poke|p2|Slowking-Galar, F|
|poke|p2|Gliscor, M|
|poke|p2|Alomomola, M|
|poke|p2|Rillaboom, F|
|poke|p2|Pecharunt|
|teampreview
|
|t:|1779634785
|teamsize|p1|4
|teamsize|p2|6
|start
|switch|p1a: Gengar|Gengar, M|100/100
|switch|p2a: Gliscor|Gliscor, M|100/100
|turn|1
|
|t:|1779634802
|-terastallize|p1a: Gengar|Ghost
|move|p2a: Gliscor|Protect|p2a: Gliscor
|-singleturn|p2a: Gliscor|Protect
|move|p1a: Gengar|Destiny Bond|p1a: Gengar
|-singlemove|p1a: Gengar|Destiny Bond
|
|-status|p2a: Gliscor|tox|[from] item: Toxic Orb
|upkeep
|turn|2
|
|t:|1779634813
|move|p1a: Gengar|Toxic Spikes|p2a: Gliscor
|-sidestart|p2: Dcdcvrvf|move: Toxic Spikes
|move|p2a: Gliscor|Toxic|p1a: Gengar
|-status|p1a: Gengar|tox
|
|-damage|p1a: Gengar|94/100 tox|[from] psn
|upkeep
|turn|3
|
|t:|1779634823
|move|p1a: Gengar|Toxic Spikes|p2a: Gliscor
|-sidestart|p2: Dcdcvrvf|move: Toxic Spikes
|move|p2a: Gliscor|Spikes|p1a: Gengar
|-sidestart|p1: Avsvvsjanna|Spikes
|
|-damage|p1a: Gengar|82/100 tox|[from] psn
|upkeep
|turn|4
|
|t:|1779634831
|move|p1a: Gengar|Toxic Spikes||[still]
|-fail|p1a: Gengar
|move|p2a: Gliscor|Spikes|p1a: Gengar
|-sidestart|p1: Avsvvsjanna|Spikes
|
|-damage|p1a: Gengar|64/100 tox|[from] psn
|upkeep
|turn|5
|
|t:|1779634839
|move|p1a: Gengar|Toxic Spikes||[still]
|-fail|p1a: Gengar
|move|p2a: Gliscor|Earthquake|p1a: Gengar
|-damage|p1a: Gengar|0 fnt
|-start|p2a: Gliscor|Disable|Earthquake|[from] ability: Cursed Body|[of] p1a: Gengar
|faint|p1a: Gengar
|
|upkeep
|
|t:|1779634850
|switch|p1a: Snorlax|Snorlax, F|100/100
|-damage|p1a: Snorlax|84/100|[from] Spikes
|turn|6
|
|t:|1779634855
|move|p2a: Gliscor|Toxic|p1a: Snorlax
|-immune|p1a: Snorlax|[from] ability: Immunity
|move|p1a: Snorlax|Body Slam|p2a: Gliscor
|-damage|p2a: Gliscor|67/100 tox
|
|-heal|p1a: Snorlax|90/100|[from] item: Leftovers
|-heal|p2a: Gliscor|80/100 tox|[from] ability: Poison Heal
|upkeep
|turn|7
|
|t:|1779634866
|switch|p2a: Pecharunt|Pecharunt|100/100
|-sideend|p2: Dcdcvrvf|move: Toxic Spikes|[of] p2a: Pecharunt
|move|p1a: Snorlax|Zen Headbutt|p2a: Pecharunt
|-supereffective|p2a: Pecharunt
|-damage|p2a: Pecharunt|71/100
|
|-heal|p1a: Snorlax|96/100|[from] item: Leftovers
|upkeep
|turn|8
|
|t:|1779634910
|move|p2a: Pecharunt|Parting Shot|p1a: Snorlax
|-unboost|p1a: Snorlax|atk|1
|-unboost|p1a: Snorlax|spa|1
|
|t:|1779634915
|switch|p2a: Rillaboom|Rillaboom, F|100/100|[from] Parting Shot
|-fieldstart|move: Grassy Terrain|[from] ability: Grassy Surge|[of] p2a: Rillaboom
|move|p1a: Snorlax|Zen Headbutt|p2a: Rillaboom
|-damage|p2a: Rillaboom|81/100
|
|-heal|p2a: Rillaboom|88/100|[from] Grassy Terrain
|-heal|p1a: Snorlax|100/100|[from] Grassy Terrain
|upkeep
|turn|9
|
|t:|1779634920
|move|p2a: Rillaboom|Wood Hammer|p1a: Snorlax
|-damage|p1a: Snorlax|0 fnt
|faint|p1a: Snorlax
|-damage|p2a: Rillaboom|37/100|[from] Recoil
|
|-heal|p2a: Rillaboom|43/100|[from] Grassy Terrain
|upkeep
|
|t:|1779634928
|switch|p1a: Arcanine|Arcanine, M|100/100
|-damage|p1a: Arcanine|84/100|[from] Spikes
|-ability|p1a: Arcanine|Intimidate|boost
|-unboost|p2a: Rillaboom|atk|1
|turn|10
|
|t:|1779634936
|switch|p2a: Alomomola|Alomomola, M|100/100
|move|p1a: Arcanine|Flame Charge|p2a: Alomomola
|-resisted|p2a: Alomomola
|-damage|p2a: Alomomola|94/100
|-boost|p1a: Arcanine|spe|1
|
|-heal|p1a: Arcanine|90/100|[from] Grassy Terrain
|-heal|p2a: Alomomola|100/100|[from] Grassy Terrain
|upkeep
|turn|11
|
|t:|1779634947
|move|p1a: Arcanine|Iron Head|p2a: Alomomola
|-resisted|p2a: Alomomola
|-damage|p2a: Alomomola|93/100
|move|p2a: Alomomola|Scald|p1a: Arcanine
|-supereffective|p1a: Arcanine
|-damage|p1a: Arcanine|68/100
|
|-heal|p1a: Arcanine|74/100|[from] Grassy Terrain
|-heal|p2a: Alomomola|99/100|[from] Grassy Terrain
|upkeep
|turn|12
|
|t:|1779634960
|move|p1a: Arcanine|Extreme Speed|p2a: Alomomola
|-crit|p2a: Alomomola
|-damage|p2a: Alomomola|81/100
|move|p2a: Alomomola|Flip Turn|p1a: Arcanine
|-supereffective|p1a: Arcanine
|-crit|p1a: Arcanine
|-damage|p1a: Arcanine|16/100
|
|t:|1779634966
|switch|p2a: Gliscor|Gliscor, M|80/100 tox|[from] Flip Turn
|
|-heal|p1a: Arcanine|22/100|[from] Grassy Terrain
|-heal|p2a: Gliscor|92/100 tox|[from] ability: Poison Heal
|-fieldend|move: Grassy Terrain
|upkeep
|turn|13
|
|t:|1779634982
|move|p1a: Arcanine|Flare Blitz|p2a: Gliscor
|-damage|p2a: Gliscor|50/100 tox
|-damage|p1a: Arcanine|7/100|[from] Recoil
|move|p2a: Gliscor|Earthquake|p1a: Arcanine
|-supereffective|p1a: Arcanine
|-damage|p1a: Arcanine|0 fnt
|faint|p1a: Arcanine
|
|-heal|p2a: Gliscor|62/100 tox|[from] ability: Poison Heal
|upkeep
|
|t:|1779634994
|switch|p1a: Charizard|Charizard, F|100/100
|turn|14
|
|t:|1779635002
|move|p1a: Charizard|Flamethrower|p2a: Gliscor
|-damage|p2a: Gliscor|26/100 tox
|move|p2a: Gliscor|Toxic|p1a: Charizard
|-status|p1a: Charizard|tox
|
|-damage|p1a: Charizard|94/100 tox|[from] psn
|-heal|p2a: Gliscor|39/100 tox|[from] ability: Poison Heal
|upkeep
|turn|15
|
|t:|1779635012
|move|p2a: Gliscor|Protect|p2a: Gliscor
|-singleturn|p2a: Gliscor|Protect
|move|p1a: Charizard|Fire Blast|p2a: Gliscor
|-activate|p2a: Gliscor|move: Protect
|
|-damage|p1a: Charizard|82/100 tox|[from] psn
|-heal|p2a: Gliscor|51/100 tox|[from] ability: Poison Heal
|upkeep
|turn|16
|
|t:|1779635023
|move|p2a: Gliscor|Protect|p2a: Gliscor
|-singleturn|p2a: Gliscor|Protect
|move|p1a: Charizard|Fire Blast|p2a: Gliscor
|-activate|p2a: Gliscor|move: Protect
|
|-damage|p1a: Charizard|64/100 tox|[from] psn
|-heal|p2a: Gliscor|63/100 tox|[from] ability: Poison Heal
|upkeep
|turn|17
|
|t:|1779635034
|move|p1a: Charizard|Fire Blast|p2a: Gliscor
|-damage|p2a: Gliscor|15/100 tox
|move|p2a: Gliscor|Spikes|p1a: Charizard
|-sidestart|p1: Avsvvsjanna|Spikes
|
|-damage|p1a: Charizard|40/100 tox|[from] psn
|-heal|p2a: Gliscor|27/100 tox|[from] ability: Poison Heal
|upkeep
|turn|18
|
|t:|1779635044
|move|p2a: Gliscor|Protect|p2a: Gliscor
|-singleturn|p2a: Gliscor|Protect
|move|p1a: Charizard|Fire Blast|p2a: Gliscor
|-activate|p2a: Gliscor|move: Protect
|
|-damage|p1a: Charizard|10/100 tox|[from] psn
|-heal|p2a: Gliscor|40/100 tox|[from] ability: Poison Heal
|upkeep
|turn|19
|
|t:|1779635056
|switch|p2a: Slowking|Slowking-Galar, F|100/100
|move|p1a: Charizard|Fire Blast|p2a: Slowking|[miss]
|-miss|p1a: Charizard|p2a: Slowking
|
|-damage|p1a: Charizard|0 fnt|[from] psn
|faint|p1a: Charizard
|
|win|Dcdcvrvf
|raw|Avsvvsjanna's rating: 1014 &rarr; <strong>1001</strong><br />(-13 for losing)
|raw|Dcdcvrvf's rating: 1000 &rarr; <strong>1042</strong><br />(+42 for winning)
