|j|☆khizerboi75
|j|☆AlvHarv
|t:|1779689803
|gametype|singles
|player|p1|khizerboi75|hilbert|1128
|player|p2|AlvHarv|steven|1064
|gen|9
|tier|[Gen 9] OU
|rated|
|rule|HP Percentage Mod: HP is shown in percentages
|rule|Endless Battle Clause: Forcing endless battles is banned
|rule|Species Clause: Limit one of each Pokémon
|rule|OHKO Clause: OHKO moves are banned
|rule|Evasion Items Clause: Evasion items are banned
|rule|Evasion Moves Clause: Evasion moves are banned
|rule|Evasion Abilities Clause: Evasion abilities are banned
|rule|Sleep Moves Clause: Sleep-inducing moves are banned
|clearpoke
|poke|p1|Blaziken, M|
|poke|p1|Krookodile, F|
|poke|p1|Serperior, M|
|poke|p1|Chandelure, F|
|poke|p1|Metagross|
|poke|p1|Quagsire, M|
|poke|p2|Araquanid, F|
|poke|p2|Tinkaton, F|
|poke|p2|Ceruledge, F|
|poke|p2|Meowscarada, F|
|poke|p2|Raging Bolt|
|poke|p2|Gliscor, F|
|teampreview
|inactive|Battle timer is ON: inactive players will automatically lose when time's up. (requested by khizerboi75)
|inactive|AlvHarv also wants the timer to be on.
|
|t:|1779689807
|teamsize|p1|6
|teamsize|p2|6
|start
|switch|p1a: Narcissus|Serperior, M|100/100
|switch|p2a: Araquanid|Araquanid, F, shiny|100/100
|turn|1
|
|t:|1779689822
|-terastallize|p1a: Narcissus|Water
|move|p1a: Narcissus|Glare|p2a: Araquanid
|-status|p2a: Araquanid|par
|move|p2a: Araquanid|Sticky Web|p1a: Narcissus
|-sidestart|p1: khizerboi75|move: Sticky Web
|
|upkeep
|turn|2
|
|t:|1779689830
|move|p1a: Narcissus|Leech Seed|p2a: Araquanid
|-start|p2a: Araquanid|move: Leech Seed
|move|p2a: Araquanid|Surf|p1a: Narcissus
|-resisted|p1a: Narcissus
|-damage|p1a: Narcissus|70/100
|
|-heal|p1a: Narcissus|76/100|[from] item: Leftovers
|-damage|p2a: Araquanid|88/100 par|[from] Leech Seed|[of] p1a: Narcissus
|-heal|p1a: Narcissus|90/100|[silent]
|upkeep
|turn|3
|
|t:|1779689840
|move|p1a: Narcissus|Leaf Storm|p2a: Araquanid
|-damage|p2a: Araquanid|55/100 par
|-boost|p1a: Narcissus|spa|2
|move|p2a: Araquanid|Surf|p1a: Narcissus
|-resisted|p1a: Narcissus
|-damage|p1a: Narcissus|60/100
|
|-heal|p1a: Narcissus|66/100|[from] item: Leftovers
|-damage|p2a: Araquanid|43/100 par|[from] Leech Seed|[of] p1a: Narcissus
|-heal|p1a: Narcissus|80/100|[silent]
|upkeep
|turn|4
|
|t:|1779689851
|move|p1a: Narcissus|Leaf Storm|p2a: Araquanid
|-damage|p2a: Araquanid|0 fnt
|-boost|p1a: Narcissus|spa|2
|faint|p2a: Araquanid
|
|-heal|p1a: Narcissus|86/100|[from] item: Leftovers
|upkeep
|
|t:|1779689856
|switch|p2a: Raging Bolt|Raging Bolt|100/100
|-enditem|p2a: Raging Bolt|Booster Energy
|-activate|p2a: Raging Bolt|ability: Protosynthesis|[fromitem]
|-start|p2a: Raging Bolt|protosynthesisspa
|turn|5
|j| Semoyp
|
|t:|1779689865
|switch|p1a: Bonnie|Krookodile, F|100/100
|-activate|p1a: Bonnie|move: Sticky Web
|-unboost|p1a: Bonnie|spe|1
|move|p2a: Raging Bolt|Thunderclap||[still]
|-fail|p2a: Raging Bolt
|
|upkeep
|turn|6
|
|t:|1779689874
|-end|p2a: Raging Bolt|Protosynthesis|[silent]
|switch|p2a: Gliscor|Gliscor, F, shiny|100/100
|move|p1a: Bonnie|Knock Off|p2a: Gliscor
|-damage|p2a: Gliscor|42/100
|-enditem|p2a: Gliscor|Toxic Orb|[from] move: Knock Off|[of] p1a: Bonnie
|
|upkeep
|turn|7
|
|t:|1779689882
|move|p2a: Gliscor|Knock Off|p1a: Bonnie
|-resisted|p1a: Bonnie
|-damage|p1a: Bonnie|84/100
|-enditem|p1a: Bonnie|Black Glasses|[from] move: Knock Off|[of] p2a: Gliscor
|move|p1a: Bonnie|Crunch|p2a: Gliscor
|-damage|p2a: Gliscor|3/100
|-unboost|p2a: Gliscor|def|1
|
|upkeep
|turn|8
|
|t:|1779689891
|move|p2a: Gliscor|Facade|p1a: Bonnie
|-damage|p1a: Bonnie|61/100
|move|p1a: Bonnie|Crunch|p2a: Gliscor
|-damage|p2a: Gliscor|0 fnt
|faint|p2a: Gliscor
|-ability|p1a: Bonnie|Moxie|boost
|-boost|p1a: Bonnie|atk|1
|
|upkeep
|l| Semoyp
|j| Semoyp
|
|t:|1779689897
|switch|p2a: Meowscarada|Meowscarada, F, shiny|100/100
|turn|9
|l| Semoyp
|
|t:|1779689903
|move|p2a: Meowscarada|Triple Axel|p1a: Bonnie
|-start|p2a: Meowscarada|typechange|Ice|[from] ability: Protean
|-supereffective|p1a: Bonnie
|-damage|p1a: Bonnie|36/100
|-supereffective|p1a: Bonnie
|-damage|p1a: Bonnie|0 fnt
|faint|p1a: Bonnie
|-hitcount|p1: Bonnie|2
|
|upkeep
|
|t:|1779689912
|switch|p1a: Panic button|Quagsire, M|100/100
|-activate|p1a: Panic button|move: Sticky Web
|-unboost|p1a: Panic button|spe|1
|turn|10
|
|t:|1779689920
|move|p2a: Meowscarada|Triple Axel|p1a: Panic button
|-damage|p1a: Panic button|94/100
|-damage|p1a: Panic button|80/100
|-damage|p1a: Panic button|62/100
|-hitcount|p1a: Panic button|3
|move|p1a: Panic button|Toxic|p2a: Meowscarada
|-status|p2a: Meowscarada|tox
|
|-heal|p1a: Panic button|68/100|[from] item: Leftovers
|-damage|p2a: Meowscarada|94/100 tox|[from] psn
|upkeep
|turn|11
|
|t:|1779689932
|move|p1a: Panic button|Protect|p1a: Panic button
|-singleturn|p1a: Panic button|Protect
|move|p2a: Meowscarada|Triple Axel|p1a: Panic button
|-activate|p1a: Panic button|move: Protect
|
|-heal|p1a: Panic button|74/100|[from] item: Leftovers
|-damage|p2a: Meowscarada|82/100 tox|[from] psn
|upkeep
|turn|12
|
|t:|1779689942
|switch|p2a: Tinkaton|Tinkaton, F, shiny|100/100
|-item|p2a: Tinkaton|Air Balloon
|move|p1a: Panic button|Recover|p1a: Panic button
|-heal|p1a: Panic button|100/100
|
|upkeep
|turn|13
|
|t:|1779689949
|-terastallize|p2a: Tinkaton|Water
|move|p2a: Tinkaton|Swords Dance|p2a: Tinkaton
|-boost|p2a: Tinkaton|atk|2
|move|p1a: Panic button|Ice Punch|p2a: Tinkaton
|-resisted|p2a: Tinkaton
|-damage|p2a: Tinkaton|91/100
|-enditem|p2a: Tinkaton|Air Balloon
|
|upkeep
|turn|14
|
|t:|1779689959
|move|p2a: Tinkaton|Swords Dance|p2a: Tinkaton
|-boost|p2a: Tinkaton|atk|2
|move|p1a: Panic button|Toxic|p2a: Tinkaton
|-status|p2a: Tinkaton|tox
|
|-damage|p2a: Tinkaton|85/100 tox|[from] psn
|upkeep
|turn|15
|
|t:|1779689967
|move|p1a: Panic button|Protect|p1a: Panic button
|-singleturn|p1a: Panic button|Protect
|move|p2a: Tinkaton|Swords Dance|p2a: Tinkaton
|-boost|p2a: Tinkaton|atk|2
|
|-damage|p2a: Tinkaton|73/100 tox|[from] psn
|upkeep
|turn|16
|
|t:|1779689975
|move|p2a: Tinkaton|Gigaton Hammer|p1a: Panic button
|-resisted|p1a: Panic button
|-damage|p1a: Panic button|80/100
|move|p1a: Panic button|Recover|p1a: Panic button
|-heal|p1a: Panic button|100/100
|
|-damage|p2a: Tinkaton|54/100 tox|[from] psn
|upkeep
|turn|17
|c|☆khizerboi75|wow
|
|t:|1779689989
|move|p1a: Panic button|Protect|p1a: Panic button
|-singleturn|p1a: Panic button|Protect
|move|p2a: Tinkaton|Play Rough|p1a: Panic button
|-activate|p1a: Panic button|move: Protect
|
|-damage|p2a: Tinkaton|30/100 tox|[from] psn
|upkeep
|turn|18
|
|t:|1779689997
|move|p2a: Tinkaton|Play Rough|p1a: Panic button
|-damage|p1a: Panic button|78/100
|-unboost|p1a: Panic button|atk|1
|move|p1a: Panic button|Recover|p1a: Panic button
|-heal|p1a: Panic button|100/100
|
|-damage|p2a: Tinkaton|0 fnt|[from] psn
|faint|p2a: Tinkaton
|upkeep
|
|t:|1779690007
|switch|p2a: Raging Bolt|Raging Bolt|100/100
|turn|19
|
|t:|1779690013
|move|p2a: Raging Bolt|Dragon Pulse|p1a: Panic button
|-damage|p1a: Panic button|42/100
|move|p1a: Panic button|Toxic|p2a: Raging Bolt
|-status|p2a: Raging Bolt|tox
|
|-heal|p1a: Panic button|48/100|[from] item: Leftovers
|-damage|p2a: Raging Bolt|94/100 tox|[from] psn
|upkeep
|turn|20
|-message|AlvHarv forfeited.
|
|win|khizerboi75
|raw|khizerboi75's rating: 1128 &rarr; <strong>1148</strong><br />(+20 for winning)
|raw|AlvHarv's rating: 1064 &rarr; <strong>1048</strong><br />(-16 for losing)
|l|☆AlvHarv
|player|p2|
|l|☆khizerboi75
|player|p1|
