|j|☆BlaziKennedy
|j|‽IwillPrayForyou
|t:|1779629466
|gametype|singles
|player|p1|BlaziKennedy|lucas|1181
|player|p2|IwillPrayForyou|101|1220
|gen|9
|tier|[Gen 9] OU
|rated|
|rule|HP Percentage Mod: HP is shown in percentages
|rule|Endless Battle Clause: Forcing endless battles is banned
|rule|Species Clause: Limit one of each Pokémon
|rule|OHKO Clause: OHKO moves are banned
|rule|Evasion Items Clause: Evasion items are banned
|rule|Evasion Moves Clause: Evasion moves are banned
|rule|Evasion Abilities Clause: Evasion abilities are banned
|rule|Sleep Moves Clause: Sleep-inducing moves are banned
|clearpoke
|poke|p1|Tornadus, M|
|poke|p1|Toxtricity, M|
|poke|p1|Iron Valiant|
|poke|p1|Arcanine-Hisui, M|
|poke|p1|Brambleghast, M|
|poke|p1|Hydreigon, M|
|poke|p2|Blaziken, F|
|poke|p2|Garchomp, M|
|poke|p2|Polteageist|
|poke|p2|Meowscarada, M|
|poke|p2|Quaquaval, M|
|poke|p2|Torkoal, F|
|teampreview
|inactive|Battle timer is ON: inactive players will automatically lose when time's up. (requested by BlaziKennedy)
|inactive|IwillPrayForyou also wants the timer to be on.
|
|t:|1779629475
|teamsize|p1|6
|teamsize|p2|6
|start
|switch|p1a: drop a draco|Hydreigon, M|100/100
|switch|p2a: Garchomp|Garchomp, M|100/100
|turn|1
|
|t:|1779629481
|move|p1a: drop a draco|Tailwind|p1a: drop a draco
|-sidestart|p1: BlaziKennedy|move: Tailwind
|move|p2a: Garchomp|Stealth Rock|p1a: drop a draco
|-sidestart|p1: BlaziKennedy|move: Stealth Rock
|
|upkeep
|turn|2
|
|t:|1779629489
|move|p1a: drop a draco|Draco Meteor|p2a: Garchomp|[miss]
|-miss|p1a: drop a draco|p2a: Garchomp
|move|p2a: Garchomp|Spikes|p1a: drop a draco
|-sidestart|p1: BlaziKennedy|Spikes
|
|upkeep
|turn|3
|
|t:|1779629494
|move|p1a: drop a draco|Draco Meteor|p2a: Garchomp
|-supereffective|p2a: Garchomp
|-damage|p2a: Garchomp|0 fnt
|-unboost|p1a: drop a draco|spa|2
|faint|p2a: Garchomp
|-enditem|p1a: drop a draco|Eject Pack
|
|t:|1779629497
|switch|p1a: literally meta|Brambleghast, M|100/100
|-damage|p1a: literally meta|88/100|[from] Stealth Rock
|-damage|p1a: literally meta|76/100|[from] Spikes
|-ability|p1a: literally meta|Wind Rider|boost
|-boost|p1a: literally meta|atk|1
|
|upkeep
|
|t:|1779629513
|switch|p2a: Blaziken|Blaziken, F, shiny|100/100
|turn|4
|
|t:|1779629518
|-terastallize|p1a: literally meta|Ghost
|move|p1a: literally meta|Rapid Spin|p2a: Blaziken
|-damage|p2a: Blaziken|52/100
|-boost|p1a: literally meta|spe|1
|-sideend|p1: BlaziKennedy|Spikes|[from] move: Rapid Spin|[of] p1a: literally meta
|-sideend|p1: BlaziKennedy|Stealth Rock|[from] move: Rapid Spin|[of] p1a: literally meta
|-damage|p1a: literally meta|66/100|[from] item: Life Orb
|move|p2a: Blaziken|Focus Energy|p2a: Blaziken
|-start|p2a: Blaziken|move: Focus Energy
|
|-sideend|p1: BlaziKennedy|move: Tailwind
|-ability|p2a: Blaziken|Speed Boost|boost
|-boost|p2a: Blaziken|spe|1
|upkeep
|turn|5
|
|t:|1779629528
|move|p2a: Blaziken|Protect|p2a: Blaziken
|-singleturn|p2a: Blaziken|Protect
|move|p1a: literally meta|Shadow Sneak|p2a: Blaziken
|-activate|p2a: Blaziken|move: Protect
|
|-ability|p2a: Blaziken|Speed Boost|boost
|-boost|p2a: Blaziken|spe|1
|upkeep
|turn|6
|
|t:|1779629537
|move|p1a: literally meta|Shadow Sneak|p2a: Blaziken
|-damage|p2a: Blaziken|0 fnt
|faint|p2a: Blaziken
|-damage|p1a: literally meta|56/100|[from] item: Life Orb
|
|upkeep
|
|t:|1779629544
|switch|p2a: Meowscarada|Meowscarada, M, shiny|100/100
|turn|7
|
|t:|1779629555
|move|p1a: literally meta|Poltergeist|p2a: Meowscarada
|-activate|p2a: Meowscarada|move: Poltergeist|Choice Band
|-resisted|p2a: Meowscarada
|-damage|p2a: Meowscarada|0 fnt
|faint|p2a: Meowscarada
|-damage|p1a: literally meta|46/100|[from] item: Life Orb
|
|upkeep
|
|t:|1779629563
|switch|p2a: Quaquaval|Quaquaval, M, shiny|100/100
|turn|8
|
|t:|1779629568
|move|p1a: literally meta|Power Whip|p2a: Quaquaval|[miss]
|-miss|p1a: literally meta|p2a: Quaquaval
|move|p2a: Quaquaval|Aqua Step|p1a: literally meta
|-damage|p1a: literally meta|0 fnt
|-boost|p2a: Quaquaval|spe|1
|faint|p1a: literally meta
|-ability|p2a: Quaquaval|Moxie|boost
|-boost|p2a: Quaquaval|atk|1
|
|upkeep
|
|t:|1779629575
|switch|p1a: drop a draco|Hydreigon, M|100/100
|turn|9
|
|t:|1779629582
|move|p2a: Quaquaval|Triple Axel|p1a: drop a draco
|-supereffective|p1a: drop a draco
|-damage|p1a: drop a draco|78/100
|-supereffective|p1a: drop a draco
|-damage|p1a: drop a draco|36/100
|-supereffective|p1a: drop a draco
|-damage|p1a: drop a draco|0 fnt
|faint|p1a: drop a draco
|-ability|p2a: Quaquaval|Moxie|boost
|-boost|p2a: Quaquaval|atk|1
|-hitcount|p1: drop a draco|3
|
|upkeep
|
|t:|1779629598
|switch|p1a: asher torrey|Tornadus, M|100/100
|turn|10
|
|t:|1779629617
|move|p1a: asher torrey|Tailwind|p1a: asher torrey
|-sidestart|p1: BlaziKennedy|move: Tailwind
|move|p2a: Quaquaval|Triple Axel|p1a: asher torrey|[miss]
|-miss|p2a: Quaquaval|p1a: asher torrey
|
|upkeep
|turn|11
|
|t:|1779629622
|move|p1a: asher torrey|Hurricane|p2a: Quaquaval
|-supereffective|p2a: Quaquaval
|-crit|p2a: Quaquaval
|-damage|p2a: Quaquaval|0 fnt
|faint|p2a: Quaquaval
|
|upkeep
|
|t:|1779629629
|switch|p2a: Torkoal|Torkoal, F|100/100
|-weather|SunnyDay|[from] ability: Drought|[of] p2a: Torkoal
|turn|12
|
|t:|1779629634
|switch|p1a: haribo|Arcanine-Hisui, M|100/100
|move|p2a: Torkoal|Stealth Rock|p1a: haribo
|-sidestart|p1: BlaziKennedy|move: Stealth Rock
|
|-weather|SunnyDay|[upkeep]
|upkeep
|turn|13
|
|t:|1779629639
|move|p1a: haribo|Head Smash|p2a: Torkoal
|-supereffective|p2a: Torkoal
|-damage|p2a: Torkoal|0 fnt
|faint|p2a: Torkoal
|
|-weather|SunnyDay|[upkeep]
|-sideend|p1: BlaziKennedy|move: Tailwind
|upkeep
|
|t:|1779629642
|switch|p2a: Polteageist|Polteageist, shiny|100/100
|turn|14
|
|t:|1779629647
|move|p1a: haribo|Head Smash|p2a: Polteageist
|-damage|p2a: Polteageist|0 fnt
|faint|p2a: Polteageist
|
|win|BlaziKennedy
|raw|BlaziKennedy's rating: 1181 &rarr; <strong>1209</strong><br />(+28 for winning)
|raw|IwillPrayForyou's rating: 1220 &rarr; <strong>1192</strong><br />(-28 for losing)
|l|‽IwillPrayForyou
|player|p2|
|l|☆BlaziKennedy
|player|p1|
