|j|☆claudechamp
|j|☆BamBamp
|t:|1779724076
|gametype|singles
|player|p1|claudechamp|265|1207
|player|p2|BamBamp|ltsurge|1168
|gen|9
|tier|[Gen 9] OU
|rated|
|rule|HP Percentage Mod: HP is shown in percentages
|rule|Endless Battle Clause: Forcing endless battles is banned
|rule|Species Clause: Limit one of each Pokémon
|rule|OHKO Clause: OHKO moves are banned
|rule|Evasion Items Clause: Evasion items are banned
|rule|Evasion Moves Clause: Evasion moves are banned
|rule|Evasion Abilities Clause: Evasion abilities are banned
|rule|Sleep Moves Clause: Sleep-inducing moves are banned
|clearpoke
|poke|p1|Gliscor, F|
|poke|p1|Gholdengo|
|poke|p1|Zamazenta-*|
|poke|p1|Blissey, F|
|poke|p1|Skarmory, M|
|poke|p1|Pecharunt|
|poke|p2|Deoxys-Speed|
|poke|p2|Kyurem|
|poke|p2|Iron Valiant|
|poke|p2|Gholdengo|
|poke|p2|Great Tusk|
|poke|p2|Moltres-Galar|
|teampreview
|inactive|Battle timer is ON: inactive players will automatically lose when time's up. (requested by BamBamp)
|c|☆claudechamp|hf
|inactive|claudechamp also wants the timer to be on.
|
|t:|1779724080
|teamsize|p1|6
|teamsize|p2|6
|start
|switch|p1a: Skarmory|Skarmory, M|100/100
|switch|p2a: Deoxys|Deoxys-Speed|100/100
|-ability|p2a: Deoxys|Pressure
|turn|1
|
|t:|1779724087
|switch|p1a: Gliscor|Gliscor, F|100/100
|move|p2a: Deoxys|Taunt|p1a: Gliscor
|-start|p1a: Gliscor|move: Taunt
|
|-status|p1a: Gliscor|tox|[from] item: Toxic Orb
|upkeep
|turn|2
|
|t:|1779724099
|switch|p2a: Great Tusk|Great Tusk|100/100
|move|p1a: Gliscor|Knock Off|p2a: Great Tusk
|-resisted|p2a: Great Tusk
|-damage|p2a: Great Tusk|93/100
|-enditem|p2a: Great Tusk|Heavy-Duty Boots|[from] move: Knock Off|[of] p1a: Gliscor
|
|upkeep
|turn|3
|
|t:|1779724107
|switch|p1a: Zamazenta|Zamazenta|100/100
|-ability|p1a: Zamazenta|Dauntless Shield|boost
|-boost|p1a: Zamazenta|def|1
|move|p2a: Great Tusk|Ice Spinner|p1a: Zamazenta
|-damage|p1a: Zamazenta|84/100
|
|upkeep
|turn|4
|
|t:|1779724118
|-end|p2a: Great Tusk|Protosynthesis|[silent]
|switch|p2a: Deoxys|Deoxys-Speed|100/100
|-ability|p2a: Deoxys|Pressure
|move|p1a: Zamazenta|Ice Fang|p2a: Deoxys
|-damage|p2a: Deoxys|76/100
|
|upkeep
|turn|5
|
|t:|1779724125
|switch|p1a: Gholdengo|Gholdengo|100/100
|move|p2a: Deoxys|Stealth Rock|p1a: Gholdengo
|-sidestart|p1: claudechamp|move: Stealth Rock
|
|upkeep
|turn|6
|
|t:|1779724133
|move|p2a: Deoxys|Knock Off|p1a: Gholdengo
|-supereffective|p1a: Gholdengo
|-damage|p1a: Gholdengo|67/100
|-enditem|p1a: Gholdengo|Ability Shield|[from] move: Knock Off|[of] p2a: Deoxys
|move|p1a: Gholdengo|Nasty Plot|p1a: Gholdengo
|-boost|p1a: Gholdengo|spa|2
|
|upkeep
|turn|7
|
|t:|1779724151
|move|p2a: Deoxys|Spikes|p1a: Gholdengo
|-sidestart|p1: claudechamp|Spikes
|move|p1a: Gholdengo|Hex|p2a: Deoxys
|-supereffective|p2a: Deoxys
|-damage|p2a: Deoxys|0 fnt
|faint|p2a: Deoxys
|
|upkeep
|
|t:|1779724161
|switch|p2a: Gholdengo|Gholdengo|100/100
|turn|8
|
|t:|1779724168
|switch|p1a: Blissey|Blissey, F|100/100
|move|p2a: Gholdengo|Shadow Ball|p1a: Blissey
|-immune|p1a: Blissey
|
|upkeep
|turn|9
|
|t:|1779724185
|switch|p2a: Iron Valiant|Iron Valiant|100/100
|move|p1a: Blissey|Shadow Ball|p2a: Iron Valiant
|-damage|p2a: Iron Valiant|74/100
|
|upkeep
|turn|10
|
|t:|1779724195
|move|p2a: Iron Valiant|Close Combat|p1a: Blissey
|-supereffective|p1a: Blissey
|-damage|p1a: Blissey|0 fnt
|-unboost|p2a: Iron Valiant|def|1
|-unboost|p2a: Iron Valiant|spd|1
|faint|p1a: Blissey
|
|upkeep
|
|t:|1779724199
|switch|p1a: Gliscor|Gliscor, F|100/100 tox
|-damage|p1a: Gliscor|88/100 tox|[from] Stealth Rock
|turn|11
|
|t:|1779724205
|-end|p2a: Iron Valiant|Quark Drive|[silent]
|switch|p2a: Kyurem|Kyurem|100/100
|-ability|p2a: Kyurem|Pressure
|move|p1a: Gliscor|Swords Dance|p1a: Gliscor
|-boost|p1a: Gliscor|atk|2
|
|-heal|p1a: Gliscor|100/100 tox|[from] ability: Poison Heal
|upkeep
|turn|12
|
|t:|1779724221
|move|p1a: Gliscor|Protect|p1a: Gliscor
|-singleturn|p1a: Gliscor|Protect
|move|p2a: Kyurem|Ice Beam|p1a: Gliscor
|-activate|p1a: Gliscor|move: Protect
|
|upkeep
|turn|13
|
|t:|1779724227
|switch|p1a: Gholdengo|Gholdengo|67/100
|-damage|p1a: Gholdengo|61/100|[from] Stealth Rock
|-damage|p1a: Gholdengo|48/100|[from] Spikes
|move|p2a: Kyurem|Ice Beam|p1a: Gholdengo
|-resisted|p1a: Gholdengo
|-damage|p1a: Gholdengo|16/100
|
|upkeep
|turn|14
|
|t:|1779724234
|move|p2a: Kyurem|Ice Beam|p1a: Gholdengo
|-resisted|p1a: Gholdengo
|-damage|p1a: Gholdengo|0 fnt
|faint|p1a: Gholdengo
|
|upkeep
|
|t:|1779724237
|switch|p1a: Zamazenta|Zamazenta|84/100
|turn|15
|
|t:|1779724248
|switch|p2a: Gholdengo|Gholdengo|100/100
|move|p1a: Zamazenta|Close Combat|p2a: Gholdengo
|-immune|p2a: Gholdengo
|
|upkeep
|turn|16
|
|t:|1779724261
|move|p2a: Gholdengo|Trick|p1a: Zamazenta
|-activate|p2a: Gholdengo|move: Trick|[of] p1a: Zamazenta
|-item|p1a: Zamazenta|Choice Scarf|[from] move: Trick
|-item|p2a: Gholdengo|Heavy-Duty Boots|[from] move: Trick
|move|p1a: Zamazenta|Crunch|p2a: Gholdengo
|-supereffective|p2a: Gholdengo
|-damage|p2a: Gholdengo|43/100
|
|upkeep
|turn|17
|
|t:|1779724270
|switch|p2a: Iron Valiant|Iron Valiant|74/100
|move|p1a: Zamazenta|Crunch|p2a: Iron Valiant
|-resisted|p2a: Iron Valiant
|-damage|p2a: Iron Valiant|65/100
|-unboost|p2a: Iron Valiant|def|1
|
|upkeep
|turn|18
|
|t:|1779724289
|switch|p1a: Pecharunt|Pecharunt|100/100
|move|p2a: Iron Valiant|Close Combat|p1a: Pecharunt
|-immune|p1a: Pecharunt
|
|upkeep
|turn|19
|
|t:|1779724298
|-end|p2a: Iron Valiant|Quark Drive|[silent]
|switch|p2a: Great Tusk|Great Tusk|93/100
|move|p1a: Pecharunt|Parting Shot|p2a: Great Tusk
|-unboost|p2a: Great Tusk|atk|1
|-unboost|p2a: Great Tusk|spa|1
|
|t:|1779724301
|switch|p1a: Gliscor|Gliscor, F|100/100 tox|[from] Parting Shot
|-damage|p1a: Gliscor|88/100 tox|[from] Stealth Rock
|
|-heal|p1a: Gliscor|100/100 tox|[from] ability: Poison Heal
|upkeep
|turn|20
|
|t:|1779724309
|move|p2a: Great Tusk|Ice Spinner|p1a: Gliscor
|-supereffective|p1a: Gliscor
|-damage|p1a: Gliscor|45/100 tox
|move|p1a: Gliscor|Swords Dance|p1a: Gliscor
|-boost|p1a: Gliscor|atk|2
|
|-heal|p1a: Gliscor|57/100 tox|[from] ability: Poison Heal
|upkeep
|turn|21
|
|t:|1779724317
|-terastallize|p1a: Gliscor|Dark
|move|p2a: Great Tusk|Ice Spinner|p1a: Gliscor
|-damage|p1a: Gliscor|43/100 tox
|move|p1a: Gliscor|Earthquake|p2a: Great Tusk
|-damage|p2a: Great Tusk|42/100
|
|-heal|p1a: Gliscor|56/100 tox|[from] ability: Poison Heal
|upkeep
|turn|22
|
|t:|1779724325
|move|p2a: Great Tusk|Close Combat|p1a: Gliscor
|-supereffective|p1a: Gliscor
|-damage|p1a: Gliscor|0 fnt
|-unboost|p2a: Great Tusk|def|1
|-unboost|p2a: Great Tusk|spd|1
|faint|p1a: Gliscor
|
|upkeep
|
|t:|1779724329
|switch|p1a: Pecharunt|Pecharunt|100/100
|turn|23
|
|t:|1779724335
|move|p2a: Great Tusk|Headlong Rush|p1a: Pecharunt
|-supereffective|p1a: Pecharunt
|-damage|p1a: Pecharunt|57/100
|-unboost|p2a: Great Tusk|def|1
|-unboost|p2a: Great Tusk|spd|1
|move|p1a: Pecharunt|Parting Shot|p2a: Great Tusk
|-unboost|p2a: Great Tusk|atk|1
|-unboost|p2a: Great Tusk|spa|1
|
|t:|1779724339
|switch|p1a: Skarmory|Skarmory, M|100/100|[from] Parting Shot
|
|upkeep
|turn|24
|inactive|BamBamp has 120 seconds left.
|
|t:|1779724372
|-end|p2a: Great Tusk|Protosynthesis|[silent]
|switch|p2a: Gholdengo|Gholdengo|43/100
|move|p1a: Skarmory|Spikes|p2a: Gholdengo
|-sidestart|p2: BamBamp|Spikes
|
|upkeep
|turn|25
|inactive|BamBamp has 120 seconds left.
|
|t:|1779724383
|switch|p1a: Zamazenta|Zamazenta|84/100
|-damage|p1a: Zamazenta|78/100|[from] Stealth Rock
|-damage|p1a: Zamazenta|66/100|[from] Spikes
|move|p2a: Gholdengo|Trick|p1a: Zamazenta
|-activate|p2a: Gholdengo|move: Trick|[of] p1a: Zamazenta
|-item|p1a: Zamazenta|Heavy-Duty Boots|[from] move: Trick
|-item|p2a: Gholdengo|Choice Scarf|[from] move: Trick
|
|upkeep
|turn|26
|inactive|BamBamp has 120 seconds left.
|
|t:|1779724396
|-terastallize|p2a: Gholdengo|Fairy
|move|p2a: Gholdengo|Dazzling Gleam|p1a: Zamazenta
|-supereffective|p1a: Zamazenta
|-damage|p1a: Zamazenta|0 fnt
|faint|p1a: Zamazenta
|
|upkeep
|
|t:|1779724401
|switch|p1a: Skarmory|Skarmory, M|100/100
|turn|27
|
|t:|1779724408
|move|p2a: Gholdengo|Dazzling Gleam|p1a: Skarmory
|-resisted|p1a: Skarmory
|-damage|p1a: Skarmory|72/100
|move|p1a: Skarmory|Body Press|p2a: Gholdengo
|-resisted|p2a: Gholdengo
|-damage|p2a: Gholdengo|25/100
|
|upkeep
|turn|28
|
|t:|1779724416
|move|p2a: Gholdengo|Dazzling Gleam|p1a: Skarmory
|-resisted|p1a: Skarmory
|-damage|p1a: Skarmory|42/100
|move|p1a: Skarmory|Body Press|p2a: Gholdengo
|-resisted|p2a: Gholdengo
|-damage|p2a: Gholdengo|9/100
|
|upkeep
|turn|29
|
|t:|1779724422
|switch|p1a: Pecharunt|Pecharunt|57/100
|move|p2a: Gholdengo|Dazzling Gleam|p1a: Pecharunt
|-resisted|p1a: Pecharunt
|-crit|p1a: Pecharunt
|-damage|p1a: Pecharunt|24/100
|
|upkeep
|turn|30
|
|t:|1779724429
|switch|p1a: Skarmory|Skarmory, M|42/100
|move|p2a: Gholdengo|Dazzling Gleam|p1a: Skarmory
|-resisted|p1a: Skarmory
|-damage|p1a: Skarmory|13/100
|
|upkeep
|turn|31
|c|☆BamBamp|gg
|
|t:|1779724436
|switch|p1a: Pecharunt|Pecharunt|24/100
|move|p2a: Gholdengo|Dazzling Gleam|p1a: Pecharunt
|-resisted|p1a: Pecharunt
|-damage|p1a: Pecharunt|2/100
|
|upkeep
|turn|32
|
|t:|1779724444
|move|p2a: Gholdengo|Dazzling Gleam|p1a: Pecharunt
|-resisted|p1a: Pecharunt
|-damage|p1a: Pecharunt|0 fnt
|faint|p1a: Pecharunt
|
|upkeep
|
|t:|1779724449
|switch|p1a: Skarmory|Skarmory, M|13/100
|turn|33
|
|t:|1779724455
|move|p2a: Gholdengo|Dazzling Gleam|p1a: Skarmory
|-resisted|p1a: Skarmory
|-damage|p1a: Skarmory|0 fnt
|faint|p1a: Skarmory
|
|win|BamBamp
|raw|claudechamp's rating: 1202 &rarr; <strong>1175</strong><br />(-27 for losing)
|raw|BamBamp's rating: 1168 &rarr; <strong>1195</strong><br />(+27 for winning)
|c|☆claudechamp|gg
|c|☆BamBamp|wp
