|j|☆Aurequq
|j|☆smarticona
|t:|1779653213
|gametype|singles
|player|p1|Aurequq|koga|1135
|player|p2|smarticona|2|1105
|gen|9
|tier|[Gen 9] OU
|rated|
|rule|HP Percentage Mod: HP is shown in percentages
|rule|Endless Battle Clause: Forcing endless battles is banned
|rule|Species Clause: Limit one of each Pokémon
|rule|OHKO Clause: OHKO moves are banned
|rule|Evasion Items Clause: Evasion items are banned
|rule|Evasion Moves Clause: Evasion moves are banned
|rule|Evasion Abilities Clause: Evasion abilities are banned
|rule|Sleep Moves Clause: Sleep-inducing moves are banned
|clearpoke
|poke|p1|Walking Wake|
|poke|p1|Wo-Chien|
|poke|p1|Torkoal, F|
|poke|p1|Cinderace, F|
|poke|p1|Clefable, F|
|poke|p1|Great Tusk|
|poke|p2|Ninetales-Alola, F|
|poke|p2|Articuno|
|poke|p2|Latios, M|
|poke|p2|Mew|
|poke|p2|Lycanroc, F|
|poke|p2|Ditto|
|teampreview
|
|t:|1779653220
|teamsize|p1|6
|teamsize|p2|6
|start
|switch|p1a: Torkoal|Torkoal, F|100/100
|switch|p2a: Lycanroc|Lycanroc, F, shiny|100/100
|-weather|SunnyDay|[from] ability: Drought|[of] p1a: Torkoal
|turn|1
|inactive|Battle timer is ON: inactive players will automatically lose when time's up. (requested by Aurequq)
|
|t:|1779653228
|move|p2a: Lycanroc|Accelerock|p1a: Torkoal
|-supereffective|p1a: Torkoal
|-damage|p1a: Torkoal|71/100
|move|p1a: Torkoal|Will-O-Wisp|p2a: Lycanroc
|-status|p2a: Lycanroc|brn
|
|-weather|SunnyDay|[upkeep]
|-damage|p2a: Lycanroc|94/100 brn|[from] brn
|upkeep
|turn|2
|
|t:|1779653236
|move|p2a: Lycanroc|Stealth Rock|p1a: Torkoal
|-sidestart|p1: Aurequq|move: Stealth Rock
|move|p1a: Torkoal|Earthquake|p2a: Lycanroc
|-supereffective|p2a: Lycanroc
|-damage|p2a: Lycanroc|28/100 brn
|
|-weather|SunnyDay|[upkeep]
|-damage|p2a: Lycanroc|21/100 brn|[from] brn
|upkeep
|turn|3
|
|t:|1779653241
|move|p2a: Lycanroc|Endeavor|p1a: Torkoal
|-damage|p1a: Torkoal|18/100
|move|p1a: Torkoal|Rapid Spin|p2a: Lycanroc
|-resisted|p2a: Lycanroc
|-damage|p2a: Lycanroc|14/100 brn
|-boost|p1a: Torkoal|spe|1
|-sideend|p1: Aurequq|Stealth Rock|[from] move: Rapid Spin|[of] p1a: Torkoal
|
|-weather|SunnyDay|[upkeep]
|-damage|p2a: Lycanroc|7/100 brn|[from] brn
|upkeep
|turn|4
|
|t:|1779653248
|move|p2a: Lycanroc|Accelerock|p1a: Torkoal
|-supereffective|p1a: Torkoal
|-damage|p1a: Torkoal|2/100
|move|p1a: Torkoal|Rapid Spin|p2a: Lycanroc
|-resisted|p2a: Lycanroc
|-crit|p2a: Lycanroc
|-damage|p2a: Lycanroc|0 fnt
|-boost|p1a: Torkoal|spe|1
|faint|p2a: Lycanroc
|
|-weather|SunnyDay|[upkeep]
|upkeep
|
|t:|1779653267
|switch|p2a: Latios|Latios, M|100/100
|turn|5
|
|t:|1779653272
|switch|p1a: Wo-Chien|Wo-Chien|100/100
|-ability|p1a: Wo-Chien|Tablets of Ruin
|move|p2a: Latios|Calm Mind|p2a: Latios
|-boost|p2a: Latios|spa|1
|-boost|p2a: Latios|spd|1
|
|-weather|SunnyDay|[upkeep]
|upkeep
|turn|6
|
|t:|1779653286
|-terastallize|p1a: Wo-Chien|Dark
|move|p2a: Latios|Draco Meteor|p1a: Wo-Chien
|-damage|p1a: Wo-Chien|0 fnt
|-unboost|p2a: Latios|spa|2
|faint|p1a: Wo-Chien
|
|-weather|SunnyDay|[upkeep]
|upkeep
|
|t:|1779653291
|switch|p1a: Walking Wake|Walking Wake|100/100
|-activate|p1a: Walking Wake|ability: Protosynthesis
|-start|p1a: Walking Wake|protosynthesisspe
|turn|7
|
|t:|1779653298
|move|p1a: Walking Wake|Flamethrower|p2a: Latios
|-resisted|p2a: Latios
|-damage|p2a: Latios|77/100
|move|p2a: Latios|Draco Meteor|p1a: Walking Wake
|-supereffective|p1a: Walking Wake
|-damage|p1a: Walking Wake|0 fnt
|-unboost|p2a: Latios|spa|2
|faint|p1a: Walking Wake
|-end|p1a: Walking Wake|Protosynthesis|[silent]
|
|-weather|SunnyDay|[upkeep]
|upkeep
|-message|Aurequq forfeited.
|
|win|smarticona
|raw|Aurequq's rating: 1135 &rarr; <strong>1108</strong><br />(-27 for losing)
|raw|smarticona's rating: 1105 &rarr; <strong>1132</strong><br />(+27 for winning)
|l|☆Aurequq
|player|p1|
|l|☆smarticona
|player|p2|
