|j|☆LucasOD7
|j|☆Sandy2778
|t:|1779653465
|gametype|singles
|player|p1|LucasOD7|skyla|1072
|player|p2|Sandy2778|lass-gen4dp|1063
|gen|9
|tier|[Gen 9] OU
|rated|
|rule|HP Percentage Mod: HP is shown in percentages
|rule|Endless Battle Clause: Forcing endless battles is banned
|rule|Species Clause: Limit one of each Pokémon
|rule|OHKO Clause: OHKO moves are banned
|rule|Evasion Items Clause: Evasion items are banned
|rule|Evasion Moves Clause: Evasion moves are banned
|rule|Evasion Abilities Clause: Evasion abilities are banned
|rule|Sleep Moves Clause: Sleep-inducing moves are banned
|clearpoke
|poke|p1|Smeargle, M|
|poke|p1|Samurott-Hisui, F|
|poke|p1|Zapdos|
|poke|p1|Greninja-*, M|
|poke|p1|Pelipper, M|
|poke|p1|Enamorus, F|
|poke|p2|Ninetales-Alola, F|
|poke|p2|Sandslash-Alola, M|
|poke|p2|Chandelure, F|
|poke|p2|Rotom-Frost|
|poke|p2|Mamoswine, M|
|poke|p2|Weezing, M|
|teampreview
|inactive|Battle timer is ON: inactive players will automatically lose when time's up. (requested by LucasOD7)
|
|t:|1779653470
|teamsize|p1|6
|teamsize|p2|6
|start
|switch|p1a: Smeargle|Smeargle, M, shiny|100/100
|switch|p2a: Queen of Ice|Ninetales-Alola, F|100/100
|-weather|Snowscape|[from] ability: Snow Warning|[of] p2a: Queen of Ice
|turn|1
|
|t:|1779653479
|move|p1a: Smeargle|Encore||[still]
|-fail|p1a: Smeargle
|move|p2a: Queen of Ice|Blizzard|p1a: Smeargle
|-damage|p1a: Smeargle|22/100
|
|-weather|Snowscape|[upkeep]
|upkeep
|turn|2
|
|t:|1779653489
|move|p2a: Queen of Ice|Ice Shard|p1a: Smeargle
|-damage|p1a: Smeargle|0 fnt
|faint|p1a: Smeargle
|
|-weather|Snowscape|[upkeep]
|upkeep
|
|t:|1779653496
|switch|p1a: Pelipper|Pelipper, M|100/100
|-weather|RainDance|[from] ability: Drizzle|[of] p1a: Pelipper
|turn|3
|
|t:|1779653511
|switch|p2a: Poison Master|Weezing, M|100/100
|-ability|p2a: Poison Master|Neutralizing Gas
|move|p1a: Pelipper|Tailwind|p1a: Pelipper
|-sidestart|p1: LucasOD7|move: Tailwind
|
|-weather|RainDance|[upkeep]
|upkeep
|turn|4
|
|t:|1779653520
|move|p1a: Pelipper|Stockpile|p1a: Pelipper
|-start|p1a: Pelipper|stockpile1
|-boost|p1a: Pelipper|def|1
|-boost|p1a: Pelipper|spd|1
|move|p2a: Poison Master|Toxic|p1a: Pelipper
|-status|p1a: Pelipper|tox
|
|-weather|RainDance|[upkeep]
|-damage|p1a: Pelipper|94/100 tox|[from] psn
|upkeep
|turn|5
|
|t:|1779653531
|move|p1a: Pelipper|Spit Up|p2a: Poison Master
|-damage|p2a: Poison Master|71/100
|-unboost|p1a: Pelipper|def|1
|-unboost|p1a: Pelipper|spd|1
|-end|p1a: Pelipper|Stockpile
|move|p2a: Poison Master|Curse|p2a: Poison Master
|-unboost|p2a: Poison Master|spe|1
|-boost|p2a: Poison Master|atk|1
|-boost|p2a: Poison Master|def|1
|
|-weather|RainDance|[upkeep]
|-heal|p2a: Poison Master|77/100|[from] item: Leftovers
|-damage|p1a: Pelipper|82/100 tox|[from] psn
|upkeep
|turn|6
|
|t:|1779653546
|move|p1a: Pelipper|Brave Bird|p2a: Poison Master
|-damage|p2a: Poison Master|66/100
|-damage|p1a: Pelipper|78/100 tox|[from] Recoil
|move|p2a: Poison Master|Curse|p2a: Poison Master
|-unboost|p2a: Poison Master|spe|1
|-boost|p2a: Poison Master|atk|1
|-boost|p2a: Poison Master|def|1
|
|-weather|RainDance|[upkeep]
|-heal|p2a: Poison Master|72/100|[from] item: Leftovers
|-damage|p1a: Pelipper|60/100 tox|[from] psn
|-sideend|p1: LucasOD7|move: Tailwind
|upkeep
|turn|7
|
|t:|1779653559
|switch|p1a: Zapdos|Zapdos|100/100
|move|p2a: Poison Master|Curse|p2a: Poison Master
|-unboost|p2a: Poison Master|spe|1
|-boost|p2a: Poison Master|atk|1
|-boost|p2a: Poison Master|def|1
|
|-weather|RainDance|[upkeep]
|-heal|p2a: Poison Master|78/100|[from] item: Leftovers
|upkeep
|turn|8
|
|t:|1779653573
|move|p1a: Zapdos|Thunder|p2a: Poison Master
|-damage|p2a: Poison Master|0 fnt
|faint|p2a: Poison Master
|-end|p2a: Poison Master|ability: Neutralizing Gas
|
|-weather|RainDance|[upkeep]
|upkeep
|
|t:|1779653584
|switch|p2a: Queen of Ice|Ninetales-Alola, F|100/100
|-weather|Snowscape|[from] ability: Snow Warning|[of] p2a: Queen of Ice
|turn|9
|
|t:|1779653590
|move|p1a: Zapdos|Ancient Power|p2a: Queen of Ice
|-supereffective|p2a: Queen of Ice
|-damage|p2a: Queen of Ice|60/100
|move|p2a: Queen of Ice|Aurora Veil|p2a: Queen of Ice
|-sidestart|p2: Sandy2778|move: Aurora Veil
|
|-weather|Snowscape|[upkeep]
|upkeep
|turn|10
|
|t:|1779653600
|move|p1a: Zapdos|Ancient Power|p2a: Queen of Ice
|-supereffective|p2a: Queen of Ice
|-damage|p2a: Queen of Ice|40/100
|move|p2a: Queen of Ice|Blizzard|p1a: Zapdos
|-supereffective|p1a: Zapdos
|-damage|p1a: Zapdos|46/100
|
|-weather|Snowscape|[upkeep]
|upkeep
|turn|11
|
|t:|1779653616
|switch|p2a: Ice General|Mamoswine, M|100/100
|move|p1a: Zapdos|Ancient Power|p2a: Ice General
|-damage|p2a: Ice General|86/100
|
|-weather|Snowscape|[upkeep]
|-heal|p2a: Ice General|92/100|[from] item: Leftovers
|upkeep
|turn|12
|
|t:|1779653627
|move|p1a: Zapdos|Heat Wave|p2a: Ice General
|-supereffective|p2a: Ice General
|-damage|p2a: Ice General|70/100
|-status|p2a: Ice General|brn
|move|p2a: Ice General|Stealth Rock|p1a: Zapdos
|-sidestart|p1: LucasOD7|move: Stealth Rock
|
|-weather|Snowscape|[upkeep]
|-heal|p2a: Ice General|76/100 brn|[from] item: Leftovers
|-damage|p2a: Ice General|70/100 brn|[from] brn
|upkeep
|turn|13
|
|t:|1779653639
|switch|p1a: Pelipper|Pelipper, M|60/100 tox
|-damage|p1a: Pelipper|35/100 tox|[from] Stealth Rock
|-weather|RainDance|[from] ability: Drizzle|[of] p1a: Pelipper
|move|p2a: Ice General|Icicle Crash|p1a: Pelipper
|-damage|p1a: Pelipper|16/100 tox
|
|-weather|RainDance|[upkeep]
|-heal|p2a: Ice General|76/100 brn|[from] item: Leftovers
|-damage|p1a: Pelipper|10/100 tox|[from] psn
|-damage|p2a: Ice General|70/100 brn|[from] brn
|-sideend|p2: Sandy2778|move: Aurora Veil
|upkeep
|turn|14
|
|t:|1779653657
|switch|p2a: Queen of Ice|Ninetales-Alola, F|40/100
|-weather|Snowscape|[from] ability: Snow Warning|[of] p2a: Queen of Ice
|move|p1a: Pelipper|Tailwind|p1a: Pelipper
|-sidestart|p1: LucasOD7|move: Tailwind
|
|-weather|Snowscape|[upkeep]
|-damage|p1a: Pelipper|0 fnt|[from] psn
|faint|p1a: Pelipper
|upkeep
|
|t:|1779653669
|switch|p1a: Samurott|Samurott-Hisui, F|100/100
|-damage|p1a: Samurott|88/100|[from] Stealth Rock
|turn|15
|
|t:|1779653682
|move|p1a: Samurott|Sacred Sword|p2a: Queen of Ice
|-damage|p2a: Queen of Ice|16/100
|move|p2a: Queen of Ice|Aurora Veil|p2a: Queen of Ice
|-sidestart|p2: Sandy2778|move: Aurora Veil
|
|-weather|Snowscape|[upkeep]
|upkeep
|turn|16
|
|t:|1779653694
|switch|p2a: Lamp|Chandelure, F|100/100
|move|p1a: Samurott|Sacred Sword|p2a: Lamp
|-immune|p2a: Lamp
|
|-weather|Snowscape|[upkeep]
|upkeep
|turn|17
|
|t:|1779653706
|-terastallize|p2a: Lamp|Grass
|move|p1a: Samurott|Ceaseless Edge|p2a: Lamp
|-damage|p2a: Lamp|67/100
|-sidestart|p2: Sandy2778|Spikes
|move|p2a: Lamp|Energy Ball|p1a: Samurott
|-supereffective|p1a: Samurott
|-damage|p1a: Samurott|0 fnt
|faint|p1a: Samurott
|
|-weather|Snowscape|[upkeep]
|-sideend|p1: LucasOD7|move: Tailwind
|upkeep
|
|t:|1779653718
|switch|p1a: Zapdos|Zapdos|46/100
|-damage|p1a: Zapdos|21/100|[from] Stealth Rock
|turn|18
|
|t:|1779653725
|move|p2a: Lamp|Energy Ball|p1a: Zapdos
|-resisted|p1a: Zapdos
|-damage|p1a: Zapdos|0 fnt
|faint|p1a: Zapdos
|
|-weather|Snowscape|[upkeep]
|upkeep
|
|t:|1779653732
|switch|p1a: Enamorus|Enamorus, F|100/100
|-damage|p1a: Enamorus|76/100|[from] Stealth Rock
|turn|19
|
|t:|1779653738
|switch|p2a: King of Ice|Sandslash-Alola, M|100/100
|-damage|p2a: King of Ice|88/100|[from] Spikes
|move|p1a: Enamorus|Weather Ball|p2a: King of Ice
|-resisted|p2a: King of Ice
|-damage|p2a: King of Ice|82/100
|
|-weather|Snowscape|[upkeep]
|-heal|p2a: King of Ice|88/100|[from] item: Leftovers
|-sideend|p2: Sandy2778|move: Aurora Veil
|upkeep
|turn|20
|
|t:|1779653750
|move|p2a: King of Ice|Swords Dance|p2a: King of Ice
|-boost|p2a: King of Ice|atk|2
|move|p1a: Enamorus|Superpower|p2a: King of Ice
|-supereffective|p2a: King of Ice
|-damage|p2a: King of Ice|8/100
|-boost|p1a: Enamorus|atk|1
|-boost|p1a: Enamorus|def|1
|
|-weather|Snowscape|[upkeep]
|-heal|p2a: King of Ice|15/100|[from] item: Leftovers
|upkeep
|turn|21
|
|t:|1779653760
|move|p2a: King of Ice|Iron Head|p1a: Enamorus
|-supereffective|p1a: Enamorus
|-crit|p1a: Enamorus
|-damage|p1a: Enamorus|0 fnt
|faint|p1a: Enamorus
|
|-weather|none
|-heal|p2a: King of Ice|21/100|[from] item: Leftovers
|upkeep
|
|t:|1779653768
|switch|p1a: Greninja|Greninja, M|100/100
|-damage|p1a: Greninja|88/100|[from] Stealth Rock
|turn|22
|
|t:|1779653779
|move|p1a: Greninja|Water Shuriken|p2a: King of Ice
|-damage|p2a: King of Ice|9/100
|-damage|p2a: King of Ice|0 fnt
|faint|p2a: King of Ice
|-ability|p1a: Greninja|Battle Bond|boost
|-boost|p1a: Greninja|atk|1
|-boost|p1a: Greninja|spa|1
|-boost|p1a: Greninja|spe|1
|-activate|p1a: Greninja|ability: Battle Bond
|-hitcount|p2: King of Ice|2
|
|upkeep
|
|t:|1779653788
|switch|p2a: refrigerator|Rotom-Frost|100/100
|turn|23
|
|t:|1779653795
|move|p1a: Greninja|Hydro Pump|p2a: refrigerator
|-damage|p2a: refrigerator|4/100
|move|p2a: refrigerator|Thunderbolt|p1a: Greninja
|-supereffective|p1a: Greninja
|-damage|p1a: Greninja|0 fnt
|faint|p1a: Greninja
|
|win|Sandy2778
|raw|LucasOD7's rating: 1072 &rarr; <strong>1051</strong><br />(-21 for losing)
|raw|Sandy2778's rating: 1063 &rarr; <strong>1094</strong><br />(+31 for winning)
|l|☆LucasOD7
|player|p1|
|l|☆Sandy2778
|player|p2|
|j|☆Sandy2778
|player|p2|Sandy2778|lass-gen4dp|
