|j|☆magnesyum
|j|☆sucx euphoria
|t:|1779598160
|gametype|singles
|player|p1|magnesyum|102|1350
|player|p2|sucx euphoria|102|1348
|gen|9
|tier|[Gen 9] OU
|rated|
|rule|HP Percentage Mod: HP is shown in percentages
|rule|Endless Battle Clause: Forcing endless battles is banned
|rule|Species Clause: Limit one of each Pokémon
|rule|OHKO Clause: OHKO moves are banned
|rule|Evasion Items Clause: Evasion items are banned
|rule|Evasion Moves Clause: Evasion moves are banned
|rule|Evasion Abilities Clause: Evasion abilities are banned
|rule|Sleep Moves Clause: Sleep-inducing moves are banned
|clearpoke
|poke|p1|Ogerpon-Wellspring, F|
|poke|p1|Clefable, M|
|poke|p1|Ting-Lu|
|poke|p1|Iron Boulder|
|poke|p1|Corviknight, M|
|poke|p1|Dragonite, F|
|poke|p2|Ceruledge, M|
|poke|p2|Enamorus, F|
|poke|p2|Deoxys-Speed|
|poke|p2|Ogerpon-Wellspring, F|
|poke|p2|Great Tusk|
|poke|p2|Magnezone|
|teampreview
|inactive|Battle timer is ON: inactive players will automatically lose when time's up. (requested by magnesyum)
|
|t:|1779598181
|teamsize|p1|6
|teamsize|p2|6
|start
|switch|p1a: Dragonight|Dragonite, F, shiny|100/100
|switch|p2a: Ogerpon|Ogerpon-Wellspring, F|100/100
|turn|1
|
|t:|1779598195
|switch|p2a: Enamorus|Enamorus, F|100/100
|move|p1a: Dragonight|Dragon Dance|p1a: Dragonight
|-boost|p1a: Dragonight|atk|1
|-boost|p1a: Dragonight|spe|1
|
|upkeep
|turn|2
|
|t:|1779598200
|switch|p2a: Great Tusk|Great Tusk|100/100
|move|p1a: Dragonight|Extreme Speed|p2a: Great Tusk
|-damage|p2a: Great Tusk|81/100
|-damage|p1a: Dragonight|84/100|[from] item: Rocky Helmet|[of] p2a: Great Tusk
|
|upkeep
|turn|3
|
|t:|1779598207
|switch|p1a: Corviknight|Corviknight, M|100/100
|-ability|p1a: Corviknight|Pressure
|move|p2a: Great Tusk|Ice Spinner|p1a: Corviknight
|-damage|p1a: Corviknight|86/100
|-damage|p2a: Great Tusk|64/100|[from] item: Rocky Helmet|[of] p1a: Corviknight
|
|upkeep
|turn|4
|
|t:|1779598214
|move|p2a: Great Tusk|Stealth Rock|p1a: Corviknight
|-sidestart|p1: magnesyum|move: Stealth Rock
|move|p1a: Corviknight|U-turn|p2a: Great Tusk
|-resisted|p2a: Great Tusk
|-damage|p2a: Great Tusk|61/100
|-damage|p1a: Corviknight|69/100|[from] item: Rocky Helmet|[of] p2a: Great Tusk
|
|t:|1779598220
|switch|p1a: Ogerpon|Ogerpon-Wellspring, F|100/100|[from] U-turn
|-damage|p1a: Ogerpon|88/100|[from] Stealth Rock
|
|upkeep
|turn|5
|
|t:|1779598244
|-end|p2a: Great Tusk|Protosynthesis|[silent]
|switch|p2a: Enamorus|Enamorus, F|100/100
|move|p1a: Ogerpon|Horn Leech|p2a: Enamorus
|-resisted|p2a: Enamorus
|-damage|p2a: Enamorus|67/100
|-heal|p1a: Ogerpon|100/100|[from] drain|[of] p2a: Enamorus
|
|upkeep
|turn|6
|
|t:|1779598256
|switch|p1a: Clefable|Clefable, M|100/100
|switch|p2a: Ogerpon|Ogerpon-Wellspring, F|100/100
|
|upkeep
|turn|7
|
|t:|1779598261
|switch|p2a: Magnezone|Magnezone|100/100
|move|p1a: Clefable|Moonblast|p2a: Magnezone
|-resisted|p2a: Magnezone
|-damage|p2a: Magnezone|80/100
|
|upkeep
|turn|8
|
|t:|1779598269
|move|p2a: Magnezone|Flash Cannon|p1a: Clefable
|-supereffective|p1a: Clefable
|-damage|p1a: Clefable|21/100
|move|p1a: Clefable|Knock Off|p2a: Magnezone
|-damage|p2a: Magnezone|65/100
|-enditem|p2a: Magnezone|Choice Scarf|[from] move: Knock Off|[of] p1a: Clefable
|
|upkeep
|turn|9
|
|t:|1779598277
|switch|p1a: Ting-Lu|Ting-Lu|100/100
|-damage|p1a: Ting-Lu|94/100|[from] Stealth Rock
|-ability|p1a: Ting-Lu|Vessel of Ruin
|move|p2a: Magnezone|Flash Cannon|p1a: Ting-Lu
|-damage|p1a: Ting-Lu|78/100
|
|-heal|p1a: Ting-Lu|85/100|[from] item: Leftovers
|upkeep
|turn|10
|
|t:|1779598285
|switch|p2a: Enamorus|Enamorus, F|67/100
|move|p1a: Ting-Lu|Stealth Rock|p2a: Enamorus
|-sidestart|p2: sucx euphoria|move: Stealth Rock
|
|-heal|p1a: Ting-Lu|91/100|[from] item: Leftovers
|upkeep
|turn|11
|
|t:|1779598290
|move|p2a: Enamorus|Moonblast|p1a: Ting-Lu
|-supereffective|p1a: Ting-Lu
|-damage|p1a: Ting-Lu|48/100
|move|p1a: Ting-Lu|Whirlwind|p2a: Enamorus
|drag|p2a: Deoxys|Deoxys-Speed|100/100
|-damage|p2a: Deoxys|88/100|[from] Stealth Rock
|-ability|p2a: Deoxys|Pressure
|
|-heal|p1a: Ting-Lu|55/100|[from] item: Leftovers
|upkeep
|turn|12
|
|t:|1779598300
|switch|p1a: Dragonight|Dragonite, F, shiny|84/100
|move|p2a: Deoxys|Spikes|p1a: Dragonight
|-sidestart|p1: magnesyum|Spikes
|
|upkeep
|turn|13
|
|t:|1779598305
|move|p2a: Deoxys|Psycho Boost|p1a: Dragonight
|-damage|p1a: Dragonight|0 fnt
|-unboost|p2a: Deoxys|spa|2
|faint|p1a: Dragonight
|-damage|p2a: Deoxys|78/100|[from] item: Life Orb
|
|upkeep
|
|t:|1779598311
|switch|p1a: Iron Boulder|Iron Boulder|100/100
|turn|14
|
|t:|1779598321
|switch|p2a: Great Tusk|Great Tusk|61/100
|-damage|p2a: Great Tusk|58/100|[from] Stealth Rock
|move|p1a: Iron Boulder|Swords Dance|p1a: Iron Boulder
|-boost|p1a: Iron Boulder|atk|2
|
|upkeep
|turn|15
|
|t:|1779598327
|move|p1a: Iron Boulder|Zen Headbutt|p2a: Great Tusk
|-supereffective|p2a: Great Tusk
|-damage|p2a: Great Tusk|0 fnt
|-damage|p1a: Iron Boulder|84/100|[from] item: Rocky Helmet|[of] p2a: Great Tusk
|faint|p2a: Great Tusk
|-end|p2a: Great Tusk|Protosynthesis|[silent]
|
|upkeep
|
|t:|1779598344
|switch|p2a: Deoxys|Deoxys-Speed|78/100
|-damage|p2a: Deoxys|66/100|[from] Stealth Rock
|-ability|p2a: Deoxys|Pressure
|turn|16
|
|t:|1779598348
|-end|p1a: Iron Boulder|Quark Drive|[silent]
|switch|p1a: Corviknight|Corviknight, M|69/100
|-damage|p1a: Corviknight|57/100|[from] Stealth Rock
|-ability|p1a: Corviknight|Pressure
|move|p2a: Deoxys|Knock Off|p1a: Corviknight
|-damage|p1a: Corviknight|39/100
|-damage|p2a: Deoxys|49/100|[from] item: Rocky Helmet|[of] p1a: Corviknight
|-enditem|p1a: Corviknight|Rocky Helmet|[from] move: Knock Off|[of] p2a: Deoxys
|-damage|p2a: Deoxys|39/100|[from] item: Life Orb
|
|upkeep
|turn|17
|
|t:|1779598357
|move|p2a: Deoxys|Psycho Boost|p1a: Corviknight
|-resisted|p1a: Corviknight
|-damage|p1a: Corviknight|0 fnt
|-unboost|p2a: Deoxys|spa|2
|faint|p1a: Corviknight
|-damage|p2a: Deoxys|29/100|[from] item: Life Orb
|
|upkeep
|
|t:|1779598365
|switch|p1a: Iron Boulder|Iron Boulder|84/100
|turn|18
|
|t:|1779598369
|move|p2a: Deoxys|Knock Off|p1a: Iron Boulder
|-supereffective|p1a: Iron Boulder
|-damage|p1a: Iron Boulder|7/100
|-enditem|p1a: Iron Boulder|Heavy-Duty Boots|[from] move: Knock Off|[of] p2a: Deoxys
|-damage|p2a: Deoxys|19/100|[from] item: Life Orb
|move|p1a: Iron Boulder|Mighty Cleave|p2a: Deoxys
|-damage|p2a: Deoxys|0 fnt
|faint|p2a: Deoxys
|
|upkeep
|
|t:|1779598379
|switch|p2a: Ceruledge|Ceruledge, M|100/100
|-damage|p2a: Ceruledge|76/100|[from] Stealth Rock
|turn|19
|
|t:|1779598386
|-end|p1a: Iron Boulder|Quark Drive|[silent]
|switch|p1a: Ogerpon|Ogerpon-Wellspring, F|100/100
|-damage|p1a: Ogerpon|88/100|[from] Stealth Rock
|-damage|p1a: Ogerpon|76/100|[from] Spikes
|move|p2a: Ceruledge|Shadow Sneak|p1a: Ogerpon
|-damage|p1a: Ogerpon|49/100
|
|upkeep
|turn|20
|
|t:|1779598397
|move|p2a: Ceruledge|Shadow Sneak|p1a: Ogerpon
|-damage|p1a: Ogerpon|21/100
|move|p1a: Ogerpon|Ivy Cudgel|p2a: Ceruledge|[anim] Ivy Cudgel Water
|-supereffective|p2a: Ceruledge
|-damage|p2a: Ceruledge|0 fnt
|faint|p2a: Ceruledge
|
|upkeep
|
|t:|1779598403
|switch|p2a: Ogerpon|Ogerpon-Wellspring, F|100/100
|-damage|p2a: Ogerpon|88/100|[from] Stealth Rock
|turn|21
|
|t:|1779598407
|move|p2a: Ogerpon|Horn Leech|p1a: Ogerpon
|-damage|p1a: Ogerpon|0 fnt
|-heal|p2a: Ogerpon|97/100|[from] drain|[of] p1a: Ogerpon
|faint|p1a: Ogerpon
|
|upkeep
|-message|magnesyum forfeited.
|
|win|sucx euphoria
|raw|magnesyum's rating: 1350 &rarr; <strong>1330</strong><br />(-20 for losing)
|raw|sucx euphoria's rating: 1348 &rarr; <strong>1368</strong><br />(+20 for winning)
|l|☆magnesyum
|player|p1|
