|j|☆I'M GONNA BITE YOU
|j|☆teamofgoofygoobers
|t:|1779570606
|gametype|singles
|player|p1|I'M GONNA BITE YOU|caitlin|1255
|player|p2|teamofgoofygoobers|cilan|1239
|gen|9
|tier|[Gen 9] OU
|rated|
|rule|HP Percentage Mod: HP is shown in percentages
|rule|Endless Battle Clause: Forcing endless battles is banned
|rule|Species Clause: Limit one of each Pokémon
|rule|OHKO Clause: OHKO moves are banned
|rule|Evasion Items Clause: Evasion items are banned
|rule|Evasion Moves Clause: Evasion moves are banned
|rule|Evasion Abilities Clause: Evasion abilities are banned
|rule|Sleep Moves Clause: Sleep-inducing moves are banned
|clearpoke
|poke|p1|Barraskewda, M|
|poke|p1|Pelipper, M|
|poke|p1|Garchomp, M|
|poke|p1|Gholdengo|
|poke|p1|Hatterene, F|
|poke|p1|Corviknight, M|
|poke|p2|Ninetales-Alola, M|
|poke|p2|Beartic, F|
|poke|p2|Crabominable, F|
|poke|p2|Slowking-Galar, F|
|poke|p2|Alomomola, F|
|poke|p2|Avalugg, F|
|teampreview
|inactive|Battle timer is ON: inactive players will automatically lose when time's up. (requested by teamofgoofygoobers)
|
|t:|1779570658
|teamsize|p1|6
|teamsize|p2|6
|start
|switch|p1a: Hatterene|Hatterene, F|100/100
|switch|p2a: Slowking|Slowking-Galar, F|100/100
|turn|1
|
|t:|1779570670
|-prepare|p2a: Slowking|Chilly Reception|[premajor]
|move|p2a: Slowking|Chilly Reception|p2a: Slowking
|-weather|Snowscape
|
|t:|1779570682
|switch|p2a: Girth Quake|Beartic, F|100/100|[from] Chilly Reception
|move|p1a: Hatterene|Substitute|p1a: Hatterene
|-start|p1a: Hatterene|Substitute
|-damage|p1a: Hatterene|76/100
|
|-weather|Snowscape|[upkeep]
|-heal|p1a: Hatterene|82/100|[from] item: Leftovers
|upkeep
|turn|2
|
|t:|1779570703
|move|p2a: Girth Quake|Icicle Crash|p1a: Hatterene
|-end|p1a: Hatterene|Substitute
|move|p1a: Hatterene|Draining Kiss|p2a: Girth Quake
|-damage|p2a: Girth Quake|73/100
|-heal|p1a: Hatterene|100/100|[from] drain|[of] p2a: Girth Quake
|
|-weather|Snowscape|[upkeep]
|upkeep
|turn|3
|j| D→luxe
|
|t:|1779570715
|move|p2a: Girth Quake|Icicle Crash|p1a: Hatterene
|-damage|p1a: Hatterene|39/100
|move|p1a: Hatterene|Draining Kiss|p2a: Girth Quake
|-damage|p2a: Girth Quake|45/100
|-heal|p1a: Hatterene|62/100|[from] drain|[of] p2a: Girth Quake
|
|-weather|Snowscape|[upkeep]
|-heal|p1a: Hatterene|67/100|[from] item: Leftovers
|upkeep
|turn|4
|
|t:|1779570733
|switch|p1a: Gholdengo|Gholdengo|100/100
|-item|p1a: Gholdengo|Air Balloon
|-terastallize|p2a: Girth Quake|Ice
|move|p2a: Girth Quake|Icicle Crash|p1a: Gholdengo|[miss]
|-miss|p2a: Girth Quake|p1a: Gholdengo
|
|-weather|Snowscape|[upkeep]
|upkeep
|turn|5
|inactive|I'M GONNA BITE YOU has 120 seconds left.
|
|t:|1779570762
|switch|p2a: Alomomola|Alomomola, F|100/100
|move|p1a: Gholdengo|Shadow Ball|p2a: Alomomola
|-damage|p2a: Alomomola|61/100
|
|-weather|Snowscape|[upkeep]
|-heal|p2a: Alomomola|67/100|[from] item: Leftovers
|upkeep
|turn|6
|
|t:|1779570772
|move|p1a: Gholdengo|Shadow Ball|p2a: Alomomola
|-damage|p2a: Alomomola|23/100
|move|p2a: Alomomola|Flip Turn|p1a: Gholdengo
|-damage|p1a: Gholdengo|87/100
|-enditem|p1a: Gholdengo|Air Balloon
|
|t:|1779570776
|switch|p2a: Girth Quake|Beartic, F, tera:Ice|45/100|[from] Flip Turn
|
|-weather|Snowscape|[upkeep]
|upkeep
|turn|7
|
|t:|1779570785
|switch|p1a: Pelipper|Pelipper, M|100/100
|-weather|RainDance|[from] ability: Drizzle|[of] p1a: Pelipper
|move|p2a: Girth Quake|Earthquake|p1a: Pelipper
|-immune|p1a: Pelipper
|
|-weather|RainDance|[upkeep]
|upkeep
|turn|8
|
|t:|1779570795
|switch|p2a: Slowking|Slowking-Galar, F|100/100
|move|p1a: Pelipper|U-turn|p2a: Slowking
|-damage|p2a: Slowking|91/100
|
|t:|1779570800
|switch|p1a: Barraskewda|Barraskewda, M|100/100|[from] U-turn
|
|-weather|RainDance|[upkeep]
|upkeep
|turn|9
|
|t:|1779570811
|-terastallize|p1a: Barraskewda|Water
|move|p1a: Barraskewda|Flip Turn|p2a: Slowking
|-damage|p2a: Slowking|0 fnt
|faint|p2a: Slowking
|
|t:|1779570819
|switch|p1a: Hatterene|Hatterene, F|67/100|[from] Flip Turn
|
|-weather|RainDance|[upkeep]
|-heal|p1a: Hatterene|73/100|[from] item: Leftovers
|upkeep
|
|t:|1779570828
|switch|p2a: Girth Quake|Beartic, F, tera:Ice|45/100
|turn|10
|
|t:|1779570836
|move|p2a: Girth Quake|Icicle Crash|p1a: Hatterene
|-damage|p1a: Hatterene|0 fnt
|faint|p1a: Hatterene
|
|-weather|RainDance|[upkeep]
|upkeep
|
|t:|1779570840
|switch|p1a: Barraskewda|Barraskewda, M, tera:Water|100/100
|turn|11
|
|t:|1779570852
|switch|p2a: Aura (So Tuff)|Ninetales-Alola, M, shiny|100/100
|-weather|Snowscape|[from] ability: Snow Warning|[of] p2a: Aura (So Tuff)
|move|p1a: Barraskewda|Flip Turn|p2a: Aura (So Tuff)
|-damage|p2a: Aura (So Tuff)|46/100
|
|t:|1779570860
|switch|p1a: Pelipper|Pelipper, M|100/100|[from] Flip Turn
|-weather|RainDance|[from] ability: Drizzle|[of] p1a: Pelipper
|
|-weather|RainDance|[upkeep]
|upkeep
|turn|12
|
|t:|1779570870
|switch|p2a: Alomomola|Alomomola, F|56/100
|switch|p1a: Gholdengo|Gholdengo|87/100
|
|-weather|RainDance|[upkeep]
|-heal|p2a: Alomomola|62/100|[from] item: Leftovers
|upkeep
|turn|13
|
|t:|1779570888
|move|p1a: Gholdengo|Shadow Ball|p2a: Alomomola
|-damage|p2a: Alomomola|23/100
|-unboost|p2a: Alomomola|spd|1
|move|p2a: Alomomola|Healing Wish|p2a: Alomomola
|faint|p2a: Alomomola
|
|-weather|RainDance|[upkeep]
|upkeep
|
|t:|1779570898
|switch|p2a: Aura (So Tuff)|Ninetales-Alola, M, shiny|46/100
|-heal|p2a: Aura (So Tuff)|100/100|[from] move: Healing Wish
|-weather|Snowscape|[from] ability: Snow Warning|[of] p2a: Aura (So Tuff)
|turn|14
|
|t:|1779570908
|switch|p1a: Pelipper|Pelipper, M|100/100
|-weather|RainDance|[from] ability: Drizzle|[of] p1a: Pelipper
|move|p2a: Aura (So Tuff)|Encore||[still]
|-fail|p2a: Aura (So Tuff)
|
|-weather|RainDance|[upkeep]
|upkeep
|turn|15
|
|t:|1779570920
|switch|p2a: Avalugg|Avalugg, F|100/100
|move|p1a: Pelipper|U-turn|p2a: Avalugg
|-damage|p2a: Avalugg|97/100
|
|t:|1779570931
|switch|p1a: Barraskewda|Barraskewda, M, tera:Water|100/100|[from] U-turn
|
|-weather|RainDance|[upkeep]
|-heal|p2a: Avalugg|100/100|[from] item: Leftovers
|upkeep
|turn|16
|
|t:|1779570934
|move|p1a: Barraskewda|Flip Turn|p2a: Avalugg
|-damage|p2a: Avalugg|62/100
|
|t:|1779570938
|switch|p1a: Gholdengo|Gholdengo|87/100|[from] Flip Turn
|move|p2a: Avalugg|Iron Defense|p2a: Avalugg
|-boost|p2a: Avalugg|def|2
|
|-weather|RainDance|[upkeep]
|-heal|p2a: Avalugg|68/100|[from] item: Leftovers
|upkeep
|turn|17
|
|t:|1779570949
|switch|p2a: Aura (So Tuff)|Ninetales-Alola, M, shiny|100/100
|-weather|Snowscape|[from] ability: Snow Warning|[of] p2a: Aura (So Tuff)
|move|p1a: Gholdengo|Make It Rain|p2a: Aura (So Tuff)
|-supereffective|p2a: Aura (So Tuff)
|-damage|p2a: Aura (So Tuff)|0 fnt
|-unboost|p1a: Gholdengo|spa|1
|faint|p2a: Aura (So Tuff)
|
|-weather|Snowscape|[upkeep]
|upkeep
|
|t:|1779570953
|switch|p2a: Girth Quake|Beartic, F, tera:Ice|45/100
|turn|18
|
|t:|1779570964
|switch|p1a: Pelipper|Pelipper, M|100/100
|-weather|RainDance|[from] ability: Drizzle|[of] p1a: Pelipper
|move|p2a: Girth Quake|Icicle Crash|p1a: Pelipper
|-damage|p1a: Pelipper|30/100
|
|-weather|RainDance|[upkeep]
|upkeep
|turn|19
|
|t:|1779570975
|move|p2a: Girth Quake|Icicle Crash|p1a: Pelipper
|-damage|p1a: Pelipper|0 fnt
|faint|p1a: Pelipper
|
|-weather|RainDance|[upkeep]
|upkeep
|
|t:|1779570979
|switch|p1a: Barraskewda|Barraskewda, M, tera:Water|100/100
|turn|20
|
|t:|1779570983
|switch|p2a: Avalugg|Avalugg, F|68/100
|move|p1a: Barraskewda|Liquidation|p2a: Avalugg
|-crit|p2a: Avalugg
|-damage|p2a: Avalugg|0 fnt
|faint|p2a: Avalugg
|
|-weather|RainDance|[upkeep]
|upkeep
|
|t:|1779570987
|switch|p2a: Crab|Crabominable, F|100/100
|turn|21
|
|t:|1779570994
|move|p1a: Barraskewda|Liquidation|p2a: Crab
|-damage|p2a: Crab|0 fnt
|faint|p2a: Crab
|
|-weather|RainDance|[upkeep]
|upkeep
|-message|teamofgoofygoobers forfeited.
|
|win|I'M GONNA BITE YOU
|raw|I&apos;M GONNA BITE YOU's rating: 1255 &rarr; <strong>1279</strong><br />(+24 for winning)
|raw|teamofgoofygoobers's rating: 1239 &rarr; <strong>1215</strong><br />(-24 for losing)
|l|☆teamofgoofygoobers
|player|p2|
|l|☆I'M GONNA BITE YOU
|player|p1|
|l| D→luxe
