|j|☆MaxTitanium6121
|j|☆KING丶3266926956今余
|t:|1779691725
|gametype|singles
|player|p1|MaxTitanium6121|byron|1171
|player|p2|KING丶3266926956今余|dawn|1234
|gen|9
|tier|[Gen 9] OU
|rated|
|rule|HP Percentage Mod: HP is shown in percentages
|rule|Endless Battle Clause: Forcing endless battles is banned
|rule|Species Clause: Limit one of each Pokémon
|rule|OHKO Clause: OHKO moves are banned
|rule|Evasion Items Clause: Evasion items are banned
|rule|Evasion Moves Clause: Evasion moves are banned
|rule|Evasion Abilities Clause: Evasion abilities are banned
|rule|Sleep Moves Clause: Sleep-inducing moves are banned
|clearpoke
|poke|p1|Torterra, M|
|poke|p1|Yanmega, M|
|poke|p1|Bastiodon, M|
|poke|p1|Cinderace, M|
|poke|p1|Samurott-Hisui, M|
|poke|p1|Whimsicott, F|
|poke|p2|Luxray, F|
|poke|p2|Noctowl, M|
|poke|p2|Alomomola, M|
|poke|p2|Meowstic, M|
|poke|p2|Incineroar, M|
|poke|p2|Meowscarada, M|
|teampreview
|inactive|Battle timer is ON: inactive players will automatically lose when time's up. (requested by KING丶3266926956今余)
|
|t:|1779691730
|teamsize|p1|6
|teamsize|p2|6
|start
|switch|p1a: Torterror|Torterra, M|100/100
|switch|p2a: Meowscarada|Meowscarada, M|100/100
|turn|1
|
|t:|1779691738
|move|p2a: Meowscarada|Triple Axel|p1a: Torterror
|-start|p2a: Meowscarada|typechange|Ice|[from] ability: Protean
|-supereffective|p1a: Torterror
|-damage|p1a: Torterror|50/100
|-supereffective|p1a: Torterror
|-damage|p1a: Torterror|0 fnt
|faint|p1a: Torterror
|-hitcount|p1: Torterror|2
|
|upkeep
|
|t:|1779691752
|switch|p1a: Cinderace|Cinderace, M|100/100
|turn|2
|
|t:|1779691756
|switch|p2a: Alomomola|Alomomola, M|100/100
|move|p1a: Cinderace|Pyro Ball|p2a: Alomomola
|-resisted|p2a: Alomomola
|-damage|p2a: Alomomola|77/100
|-status|p2a: Alomomola|brn
|
|-damage|p2a: Alomomola|71/100 brn|[from] brn
|upkeep
|turn|3
|
|t:|1779691765
|move|p1a: Cinderace|High Jump Kick|p2a: Alomomola
|-start|p1a: Cinderace|typechange|Fighting|[from] ability: Libero
|-damage|p2a: Alomomola|23/100 brn
|move|p2a: Alomomola|Flip Turn|p1a: Cinderace
|-damage|p1a: Cinderace|88/100
|
|t:|1779691781
|switch|p2a: Luxray|Luxray, F|100/100|[from] Flip Turn
|
|-status|p2a: Luxray|brn|[from] item: Flame Orb
|upkeep
|turn|4
|
|t:|1779691795
|move|p1a: Cinderace|High Jump Kick|p2a: Luxray
|-damage|p2a: Luxray|13/100 brn
|move|p2a: Luxray|Trailblaze|p1a: Cinderace
|-damage|p1a: Cinderace|52/100
|-boost|p2a: Luxray|spe|1
|
|-damage|p2a: Luxray|7/100 brn|[from] brn
|upkeep
|turn|5
|
|t:|1779691807
|switch|p2a: Meowstic|Meowstic, M|100/100
|switch|p1a: Mega Yanmega|Yanmega, M|100/100
|
|upkeep
|turn|6
|
|t:|1779691820
|switch|p2a: Incineroar|Incineroar, M|100/100
|-ability|p2a: Incineroar|Intimidate|boost
|-unboost|p1a: Mega Yanmega|atk|1
|move|p1a: Mega Yanmega|Detect||[still]
|-fail|p1a: Mega Yanmega
|
|-ability|p1a: Mega Yanmega|Speed Boost|boost
|-boost|p1a: Mega Yanmega|spe|1
|upkeep
|turn|7
|
|t:|1779691829
|move|p1a: Mega Yanmega|Bug Buzz|p2a: Incineroar
|-damage|p2a: Incineroar|61/100
|-enditem|p1a: Mega Yanmega|Throat Spray
|-boost|p1a: Mega Yanmega|spa|1|[from] item: Throat Spray
|move|p2a: Incineroar|Parting Shot|p1a: Mega Yanmega
|-unboost|p1a: Mega Yanmega|atk|1
|-unboost|p1a: Mega Yanmega|spa|1
|
|t:|1779691837
|switch|p2a: Alomomola|Alomomola, M|56/100 brn|[from] Parting Shot
|
|-damage|p2a: Alomomola|50/100 brn|[from] brn
|-ability|p1a: Mega Yanmega|Speed Boost|boost
|-boost|p1a: Mega Yanmega|spe|1
|upkeep
|turn|8
|
|t:|1779691846
|move|p1a: Mega Yanmega|Air Slash|p2a: Alomomola
|-damage|p2a: Alomomola|22/100 brn
|move|p2a: Alomomola|Flip Turn|p1a: Mega Yanmega
|-damage|p1a: Mega Yanmega|91/100
|
|t:|1779691851
|switch|p2a: Incineroar|Incineroar, M|61/100|[from] Flip Turn
|-ability|p2a: Incineroar|Intimidate|boost
|-unboost|p1a: Mega Yanmega|atk|1
|
|-ability|p1a: Mega Yanmega|Speed Boost|boost
|-boost|p1a: Mega Yanmega|spe|1
|upkeep
|turn|9
|
|t:|1779691858
|move|p1a: Mega Yanmega|Air Slash|p2a: Incineroar
|-damage|p2a: Incineroar|26/100
|move|p2a: Incineroar|Parting Shot|p1a: Mega Yanmega
|-unboost|p1a: Mega Yanmega|atk|1
|-unboost|p1a: Mega Yanmega|spa|1
|
|t:|1779691864
|switch|p2a: Alomomola|Alomomola, M|55/100 brn|[from] Parting Shot
|
|-damage|p2a: Alomomola|49/100 brn|[from] brn
|-ability|p1a: Mega Yanmega|Speed Boost|boost
|-boost|p1a: Mega Yanmega|spe|1
|upkeep
|turn|10
|
|t:|1779691872
|move|p1a: Mega Yanmega|Air Slash|p2a: Alomomola
|-damage|p2a: Alomomola|29/100 brn
|move|p2a: Alomomola|Wish|p2a: Alomomola
|
|-damage|p2a: Alomomola|23/100 brn|[from] brn
|-ability|p1a: Mega Yanmega|Speed Boost|boost
|-boost|p1a: Mega Yanmega|spe|1
|upkeep
|turn|11
|
|t:|1779691881
|move|p2a: Alomomola|Protect|p2a: Alomomola
|-singleturn|p2a: Alomomola|Protect
|move|p1a: Mega Yanmega|Air Slash|p2a: Alomomola
|-activate|p2a: Alomomola|move: Protect
|
|-heal|p2a: Alomomola|73/100 brn|[from] move: Wish|[wisher] Alomomola
|-damage|p2a: Alomomola|67/100 brn|[from] brn
|-ability|p1a: Mega Yanmega|Speed Boost|boost
|-boost|p1a: Mega Yanmega|spe|1
|upkeep
|turn|12
|
|t:|1779691899
|switch|p1a: Whimsicott|Whimsicott, F, shiny|100/100
|move|p2a: Alomomola|Wish|p2a: Alomomola
|
|-damage|p2a: Alomomola|60/100 brn|[from] brn
|upkeep
|turn|13
|
|t:|1779691906
|switch|p2a: Incineroar|Incineroar, M|26/100
|-ability|p2a: Incineroar|Intimidate|boost
|-unboost|p1a: Whimsicott|atk|1
|move|p1a: Whimsicott|Encore|p2a: Incineroar
|-hint|Since gen 7, Dark is immune to Prankster moves.
|-immune|p2a: Incineroar
|
|-heal|p2a: Incineroar|94/100|[from] move: Wish|[wisher] Alomomola
|upkeep
|turn|14
|
|t:|1779691916
|switch|p1a: Samurott|Samurott-Hisui, M, shiny|100/100
|move|p2a: Incineroar|Parting Shot|p1a: Samurott
|-unboost|p1a: Samurott|atk|1
|-unboost|p1a: Samurott|spa|1
|
|t:|1779691918
|switch|p2a: Meowscarada|Meowscarada, M|100/100|[from] Parting Shot
|
|upkeep
|turn|15
|
|t:|1779691932
|move|p2a: Meowscarada|U-turn|p1a: Samurott
|-start|p2a: Meowscarada|typechange|Bug|[from] ability: Protean
|-supereffective|p1a: Samurott
|-damage|p1a: Samurott|0 fnt
|faint|p1a: Samurott
|
|t:|1779691941
|switch|p2a: Alomomola|Alomomola, M|94/100 brn|[from] U-turn
|
|-damage|p2a: Alomomola|88/100 brn|[from] brn
|upkeep
|
|t:|1779691952
|switch|p1a: Whimsicott|Whimsicott, F, shiny|100/100
|turn|16
|
|t:|1779691958
|move|p1a: Whimsicott|Moonblast|p2a: Alomomola
|-damage|p2a: Alomomola|68/100 brn
|-unboost|p2a: Alomomola|spa|1
|move|p2a: Alomomola|Flip Turn|p1a: Whimsicott
|-resisted|p1a: Whimsicott
|-damage|p1a: Whimsicott|97/100
|
|t:|1779691969
|switch|p2a: Meowscarada|Meowscarada, M|100/100|[from] Flip Turn
|
|upkeep
|turn|17
|
|t:|1779691975
|move|p1a: Whimsicott|Moonblast|p2a: Meowscarada
|-supereffective|p2a: Meowscarada
|-damage|p2a: Meowscarada|25/100
|move|p2a: Meowscarada|Triple Axel|p1a: Whimsicott
|-start|p2a: Meowscarada|typechange|Ice|[from] ability: Protean
|-supereffective|p1a: Whimsicott
|-damage|p1a: Whimsicott|71/100
|-supereffective|p1a: Whimsicott
|-damage|p1a: Whimsicott|24/100
|-supereffective|p1a: Whimsicott
|-damage|p1a: Whimsicott|0 fnt
|faint|p1a: Whimsicott
|-hitcount|p1: Whimsicott|3
|
|upkeep
|
|t:|1779691990
|switch|p1a: Mega Yanmega|Yanmega, M|91/100
|turn|18
|
|t:|1779691995
|switch|p2a: Incineroar|Incineroar, M|94/100
|-ability|p2a: Incineroar|Intimidate|boost
|-unboost|p1a: Mega Yanmega|atk|1
|move|p1a: Mega Yanmega|Detect||[still]
|-fail|p1a: Mega Yanmega
|
|-ability|p1a: Mega Yanmega|Speed Boost|boost
|-boost|p1a: Mega Yanmega|spe|1
|upkeep
|turn|19
|
|t:|1779692002
|move|p1a: Mega Yanmega|Air Slash|p2a: Incineroar
|-damage|p2a: Incineroar|62/100
|cant|p2a: Incineroar|flinch
|
|-ability|p1a: Mega Yanmega|Speed Boost|boost
|-boost|p1a: Mega Yanmega|spe|1
|upkeep
|turn|20
|
|t:|1779692009
|move|p1a: Mega Yanmega|Bug Buzz|p2a: Incineroar
|-damage|p2a: Incineroar|19/100
|move|p2a: Incineroar|Parting Shot|p1a: Mega Yanmega
|-unboost|p1a: Mega Yanmega|atk|1
|-unboost|p1a: Mega Yanmega|spa|1
|
|t:|1779692015
|switch|p2a: Alomomola|Alomomola, M|100/100 brn|[from] Parting Shot
|
|-damage|p2a: Alomomola|94/100 brn|[from] brn
|-ability|p1a: Mega Yanmega|Speed Boost|boost
|-boost|p1a: Mega Yanmega|spe|1
|upkeep
|turn|21
|
|t:|1779692022
|move|p1a: Mega Yanmega|Air Slash|p2a: Alomomola
|-damage|p2a: Alomomola|77/100 brn
|move|p2a: Alomomola|Wish|p2a: Alomomola
|
|-damage|p2a: Alomomola|71/100 brn|[from] brn
|-ability|p1a: Mega Yanmega|Speed Boost|boost
|-boost|p1a: Mega Yanmega|spe|1
|upkeep
|turn|22
|
|t:|1779692033
|switch|p1a: Bastiodon|Bastiodon, M|100/100
|move|p2a: Alomomola|Flip Turn|p1a: Bastiodon
|-supereffective|p1a: Bastiodon
|-damage|p1a: Bastiodon|91/100
|
|t:|1779692042
|switch|p2a: Incineroar|Incineroar, M|19/100|[from] Flip Turn
|-ability|p2a: Incineroar|Intimidate|boost
|-unboost|p1a: Bastiodon|atk|1
|
|-heal|p2a: Incineroar|87/100|[from] move: Wish|[wisher] Alomomola
|upkeep
|turn|23
|
|t:|1779692055
|move|p2a: Incineroar|Will-O-Wisp|p1a: Bastiodon
|-status|p1a: Bastiodon|brn
|move|p1a: Bastiodon|Iron Defense|p1a: Bastiodon
|-boost|p1a: Bastiodon|def|2
|
|-damage|p1a: Bastiodon|85/100 brn|[from] brn
|upkeep
|turn|24
|
|t:|1779692062
|move|p2a: Incineroar|Parting Shot|p1a: Bastiodon
|-unboost|p1a: Bastiodon|atk|1
|-unboost|p1a: Bastiodon|spa|1
|
|t:|1779692065
|switch|p2a: Meowstic|Meowstic, M|100/100|[from] Parting Shot
|move|p1a: Bastiodon|Iron Defense|p1a: Bastiodon
|-boost|p1a: Bastiodon|def|2
|
|-damage|p1a: Bastiodon|79/100 brn|[from] brn
|upkeep
|turn|25
|
|t:|1779692072
|move|p2a: Meowstic|Trick|p1a: Bastiodon
|-activate|p2a: Meowstic|move: Trick|[of] p1a: Bastiodon
|-item|p1a: Bastiodon|Choice Specs|[from] move: Trick
|-item|p2a: Meowstic|Quick Claw|[from] move: Trick
|move|p1a: Bastiodon|Iron Defense|p1a: Bastiodon
|-boost|p1a: Bastiodon|def|2
|
|-damage|p1a: Bastiodon|73/100 brn|[from] brn
|upkeep
|turn|26
|-message|MaxTitanium6121 forfeited.
|
|win|KING丶3266926956今余
|raw|MaxTitanium6121's rating: 1171 &rarr; <strong>1150</strong><br />(-21 for losing)
|raw|KING丶3266926956今余's rating: 1234 &rarr; <strong>1255</strong><br />(+21 for winning)
|l|☆MaxTitanium6121
|player|p1|
|l|☆KING丶3266926956今余
|player|p2|
