|j|☆BrenTheTrickster
|j|☆hexythefemboy
|t:|1779576944
|gametype|singles
|player|p1|BrenTheTrickster|cynthia|1127
|player|p2|hexythefemboy|flannery|1145
|gen|9
|tier|[Gen 9] OU
|rated|
|rule|HP Percentage Mod: HP is shown in percentages
|rule|Endless Battle Clause: Forcing endless battles is banned
|rule|Species Clause: Limit one of each Pokémon
|rule|OHKO Clause: OHKO moves are banned
|rule|Evasion Items Clause: Evasion items are banned
|rule|Evasion Moves Clause: Evasion moves are banned
|rule|Evasion Abilities Clause: Evasion abilities are banned
|rule|Sleep Moves Clause: Sleep-inducing moves are banned
|clearpoke
|poke|p1|Glimmora, F|
|poke|p1|Pineco, L1, M|
|poke|p1|Dragapult, M|
|poke|p1|Gastrodon, M|
|poke|p1|Meloetta|
|poke|p1|Kingambit, M|
|poke|p2|Iron Moth|
|poke|p2|Gliscor, F|
|poke|p2|Hatterene, F|
|poke|p2|Ogerpon-Wellspring, F|
|poke|p2|Raging Bolt|
|poke|p2|Zamazenta-*|
|teampreview
|
|t:|1779576956
|teamsize|p1|6
|teamsize|p2|6
|start
|switch|p1a: Pinecone|Pineco, L1, M|100/100
|switch|p2a: Iron Moth|Iron Moth|100/100
|-enditem|p2a: Iron Moth|Booster Energy
|-activate|p2a: Iron Moth|ability: Quark Drive|[fromitem]
|-start|p2a: Iron Moth|quarkdrivespe
|turn|1
|
|t:|1779576981
|move|p2a: Iron Moth|Toxic Spikes|p1a: Pinecone
|-sidestart|p1: BrenTheTrickster|move: Toxic Spikes
|move|p1a: Pinecone|Pain Split|p2a: Iron Moth
|-sethp|p2a: Iron Moth|52/100|[from] move: Pain Split|[silent]
|-sethp|p1a: Pinecone|100/100|[from] move: Pain Split
|
|upkeep
|turn|2
|
|t:|1779576991
|move|p2a: Iron Moth|Toxic Spikes|p1a: Pinecone
|-sidestart|p1: BrenTheTrickster|move: Toxic Spikes
|move|p1a: Pinecone|Pain Split|p2a: Iron Moth
|-sethp|p2a: Iron Moth|28/100|[from] move: Pain Split|[silent]
|-sethp|p1a: Pinecone|100/100|[from] move: Pain Split
|
|upkeep
|turn|3
|
|t:|1779576999
|move|p1a: Pinecone|Pain Split|p2a: Iron Moth
|-sethp|p2a: Iron Moth|16/100|[from] move: Pain Split|[silent]
|-sethp|p1a: Pinecone|100/100|[from] move: Pain Split
|move|p2a: Iron Moth|Whirlwind|p1a: Pinecone
|drag|p1a: Avenger|Kingambit, M|100/100
|
|upkeep
|turn|4
|
|t:|1779577007
|-end|p1a: Avenger|fallenundefined|[silent]
|switch|p1a: RockOn|Glimmora, F|100/100
|-sideend|p1: BrenTheTrickster|move: Toxic Spikes|[of] p1a: RockOn
|move|p2a: Iron Moth|Fiery Dance|p1a: RockOn
|-resisted|p1a: RockOn
|-damage|p1a: RockOn|74/100
|
|upkeep
|turn|5
|
|t:|1779577016
|move|p1a: RockOn|Power Gem|p2a: Iron Moth
|-supereffective|p2a: Iron Moth
|-damage|p2a: Iron Moth|0 fnt
|faint|p2a: Iron Moth
|-end|p2a: Iron Moth|Quark Drive|[silent]
|
|upkeep
|
|t:|1779577025
|switch|p2a: Zamazenta|Zamazenta|100/100
|-ability|p2a: Zamazenta|Dauntless Shield|boost
|-boost|p2a: Zamazenta|def|1
|turn|6
|
|t:|1779577033
|move|p2a: Zamazenta|Light Screen|p2a: Zamazenta
|-sidestart|p2: hexythefemboy|move: Light Screen
|move|p1a: RockOn|Mortal Spin|p2a: Zamazenta
|-damage|p2a: Zamazenta|97/100
|-status|p2a: Zamazenta|psn
|
|-damage|p2a: Zamazenta|84/100 psn|[from] psn
|upkeep
|turn|7
|
|t:|1779577055
|move|p2a: Zamazenta|Reflect|p2a: Zamazenta
|-sidestart|p2: hexythefemboy|Reflect
|move|p1a: RockOn|Stealth Rock|p2a: Zamazenta
|-sidestart|p2: hexythefemboy|move: Stealth Rock
|
|-damage|p2a: Zamazenta|72/100 psn|[from] psn
|upkeep
|turn|8
|
|t:|1779577067
|switch|p2a: Gliscor|Gliscor, F|100/100
|-damage|p2a: Gliscor|88/100|[from] Stealth Rock
|move|p1a: RockOn|Spikes|p2a: Gliscor
|-sidestart|p2: hexythefemboy|Spikes
|
|-status|p2a: Gliscor|tox|[from] item: Toxic Orb
|upkeep
|turn|9
|
|t:|1779577082
|switch|p1a: Snail|Gastrodon, M|100/100
|move|p2a: Gliscor|Agility|p2a: Gliscor
|-boost|p2a: Gliscor|spe|2
|
|-heal|p2a: Gliscor|100/100 tox|[from] ability: Poison Heal
|upkeep
|turn|10
|
|t:|1779577092
|-terastallize|p2a: Gliscor|Normal
|move|p2a: Gliscor|Swords Dance|p2a: Gliscor
|-boost|p2a: Gliscor|atk|2
|move|p1a: Snail|Ice Beam|p2a: Gliscor
|-damage|p2a: Gliscor|82/100 tox
|
|-heal|p2a: Gliscor|95/100 tox|[from] ability: Poison Heal
|upkeep
|turn|11
|
|t:|1779577113
|move|p2a: Gliscor|Swords Dance|p2a: Gliscor
|-boost|p2a: Gliscor|atk|2
|move|p1a: Snail|Earth Power|p2a: Gliscor
|-damage|p2a: Gliscor|68/100 tox
|
|-heal|p2a: Gliscor|80/100 tox|[from] ability: Poison Heal
|upkeep
|turn|12
|
|t:|1779577126
|move|p2a: Gliscor|Swords Dance|p2a: Gliscor
|-boost|p2a: Gliscor|atk|2
|move|p1a: Snail|Earth Power|p2a: Gliscor
|-damage|p2a: Gliscor|51/100 tox
|
|-heal|p2a: Gliscor|63/100 tox|[from] ability: Poison Heal
|upkeep
|turn|13
|
|t:|1779577154
|move|p2a: Gliscor|Earthquake|p1a: Snail
|-damage|p1a: Snail|0 fnt
|faint|p1a: Snail
|
|-heal|p2a: Gliscor|76/100 tox|[from] ability: Poison Heal
|-sideend|p2: hexythefemboy|move: Light Screen
|upkeep
|
|t:|1779577166
|switch|p1a: Pinecone|Pineco, L1, M|100/100
|turn|14
|
|t:|1779577172
|move|p2a: Gliscor|Earthquake|p1a: Pinecone
|-resisted|p1a: Pinecone
|-ability|p1a: Pinecone|Sturdy
|-damage|p1a: Pinecone|9/100
|move|p1a: Pinecone|Pain Split|p2a: Gliscor
|-sethp|p2a: Gliscor|38/100 tox|[from] move: Pain Split|[silent]
|-sethp|p1a: Pinecone|100/100|[from] move: Pain Split
|
|-heal|p2a: Gliscor|50/100 tox|[from] ability: Poison Heal
|-sideend|p2: hexythefemboy|Reflect
|upkeep
|turn|15
|
|t:|1779577186
|move|p2a: Gliscor|Facade|p1a: Pinecone
|-ability|p1a: Pinecone|Sturdy
|-damage|p1a: Pinecone|9/100
|move|p1a: Pinecone|Pain Split|p2a: Gliscor
|-sethp|p2a: Gliscor|26/100 tox|[from] move: Pain Split|[silent]
|-sethp|p1a: Pinecone|100/100|[from] move: Pain Split
|
|-heal|p2a: Gliscor|38/100 tox|[from] ability: Poison Heal
|upkeep
|turn|16
|
|t:|1779577204
|switch|p2a: Hatterene|Hatterene, F|100/100
|-damage|p2a: Hatterene|88/100|[from] Stealth Rock
|-damage|p2a: Hatterene|76/100|[from] Spikes
|move|p1a: Pinecone|Pain Split|p2a: Hatterene
|-sethp|p2a: Hatterene|40/100|[from] move: Pain Split|[silent]
|-sethp|p1a: Pinecone|100/100|[from] move: Pain Split
|
|-heal|p2a: Hatterene|46/100|[from] item: Leftovers
|upkeep
|turn|17
|l|☆hexythefemboy
|player|p2|
|inactive|Battle timer is ON: inactive players will automatically lose when time's up. (requested by BrenTheTrickster)
|inactive|hexythefemboy has 30 seconds to reconnect!
|inactive|hexythefemboy has 20 seconds to reconnect!
|inactive|hexythefemboy has 15 seconds to reconnect!
|inactive|hexythefemboy has 10 seconds to reconnect!
|inactive|hexythefemboy has 5 seconds to reconnect!
|-message|hexythefemboy lost due to inactivity.
|
|win|BrenTheTrickster
|raw|BrenTheTrickster's rating: 1127 &rarr; <strong>1153</strong><br />(+26 for winning)
|raw|hexythefemboy's rating: 1145 &rarr; <strong>1119</strong><br />(-26 for losing)
|l|☆BrenTheTrickster
|player|p1|
|j|☆hexythefemboy
|player|p2|hexythefemboy|flannery|
