|j|☆tommytt22
|j|☆eros maniac
|t:|1779596963
|gametype|singles
|player|p1|tommytt22|shadowtriad|1593
|player|p2|eros maniac|hilbert-wonderlauncher|1581
|gen|9
|tier|[Gen 9] OU
|rated|
|rule|HP Percentage Mod: HP is shown in percentages
|rule|Endless Battle Clause: Forcing endless battles is banned
|rule|Species Clause: Limit one of each Pokémon
|rule|OHKO Clause: OHKO moves are banned
|rule|Evasion Items Clause: Evasion items are banned
|rule|Evasion Moves Clause: Evasion moves are banned
|rule|Evasion Abilities Clause: Evasion abilities are banned
|rule|Sleep Moves Clause: Sleep-inducing moves are banned
|clearpoke
|poke|p1|Pelipper, M|
|poke|p1|Poliwrath, M|
|poke|p1|Ogerpon-Wellspring, F|
|poke|p1|Iron Treads|
|poke|p1|Dragonite, F|
|poke|p1|Zamazenta-*|
|poke|p2|Frosmoth, F|
|poke|p2|Maushold-Four|
|poke|p2|Okidogi, M|
|poke|p2|Sinistcha|
|poke|p2|Alomomola, M|
|poke|p2|Weezing-Galar, M|
|teampreview
|inactive|Battle timer is ON: inactive players will automatically lose when time's up. (requested by eros maniac)
|
|t:|1779596990
|teamsize|p1|6
|teamsize|p2|6
|start
|switch|p1a: Iron Treads|Iron Treads|100/100
|switch|p2a: Maushold|Maushold-Four|100/100
|turn|1
|
|t:|1779596995
|move|p2a: Maushold|Population Bomb|p1a: Iron Treads
|-resisted|p1a: Iron Treads
|-damage|p1a: Iron Treads|96/100
|-resisted|p1a: Iron Treads
|-damage|p1a: Iron Treads|91/100
|-resisted|p1a: Iron Treads
|-damage|p1a: Iron Treads|85/100
|-resisted|p1a: Iron Treads
|-damage|p1a: Iron Treads|80/100
|-resisted|p1a: Iron Treads
|-damage|p1a: Iron Treads|76/100
|-resisted|p1a: Iron Treads
|-damage|p1a: Iron Treads|71/100
|-resisted|p1a: Iron Treads
|-damage|p1a: Iron Treads|66/100
|-resisted|p1a: Iron Treads
|-damage|p1a: Iron Treads|61/100
|-resisted|p1a: Iron Treads
|-crit|p1a: Iron Treads
|-damage|p1a: Iron Treads|53/100
|-resisted|p1a: Iron Treads
|-crit|p1a: Iron Treads
|-damage|p1a: Iron Treads|46/100
|-hitcount|p1a: Iron Treads|10
|move|p1a: Iron Treads|Knock Off|p2a: Maushold
|-damage|p2a: Maushold|50/100
|-enditem|p2a: Maushold|Wide Lens|[from] move: Knock Off|[of] p1a: Iron Treads
|
|-heal|p1a: Iron Treads|52/100|[from] item: Leftovers
|upkeep
|turn|2
|
|t:|1779597009
|move|p2a: Maushold|Population Bomb|p1a: Iron Treads
|-resisted|p1a: Iron Treads
|-damage|p1a: Iron Treads|47/100
|-resisted|p1a: Iron Treads
|-damage|p1a: Iron Treads|43/100
|-resisted|p1a: Iron Treads
|-damage|p1a: Iron Treads|38/100
|-resisted|p1a: Iron Treads
|-damage|p1a: Iron Treads|32/100
|-resisted|p1a: Iron Treads
|-damage|p1a: Iron Treads|27/100
|-resisted|p1a: Iron Treads
|-damage|p1a: Iron Treads|23/100
|-resisted|p1a: Iron Treads
|-damage|p1a: Iron Treads|18/100
|-resisted|p1a: Iron Treads
|-damage|p1a: Iron Treads|13/100
|-resisted|p1a: Iron Treads
|-damage|p1a: Iron Treads|8/100
|-resisted|p1a: Iron Treads
|-damage|p1a: Iron Treads|3/100
|-hitcount|p1a: Iron Treads|10
|move|p1a: Iron Treads|Earthquake|p2a: Maushold
|-damage|p2a: Maushold|0 fnt
|faint|p2a: Maushold
|
|-heal|p1a: Iron Treads|10/100|[from] item: Leftovers
|upkeep
|
|t:|1779597016
|switch|p2a: Alomomola|Alomomola, M, shiny|100/100
|turn|3
|
|t:|1779597033
|move|p1a: Iron Treads|Volt Switch|p2a: Alomomola
|-supereffective|p2a: Alomomola
|-damage|p2a: Alomomola|79/100
|
|t:|1779597043
|-end|p1a: Iron Treads|Quark Drive|[silent]
|switch|p1a: Pelipper|Pelipper, M|100/100|[from] Volt Switch
|-weather|RainDance|[from] ability: Drizzle|[of] p1a: Pelipper
|move|p2a: Alomomola|Flip Turn|p1a: Pelipper
|-resisted|p1a: Pelipper
|-damage|p1a: Pelipper|90/100
|
|t:|1779597049
|switch|p2a: Frosmoth|Frosmoth, F, shiny|100/100|[from] Flip Turn
|
|-weather|RainDance|[upkeep]
|upkeep
|turn|4
|
|t:|1779597056
|move|p2a: Frosmoth|Substitute|p2a: Frosmoth
|-start|p2a: Frosmoth|Substitute
|-damage|p2a: Frosmoth|75/100
|move|p1a: Pelipper|U-turn|p2a: Frosmoth
|-activate|p2a: Frosmoth|move: Substitute|[damage]
|inactive|tommytt22 has 120 seconds left.
|j| diancie The pearl
|
|t:|1779597093
|switch|p1a: Ogerpon|Ogerpon-Wellspring, F|100/100|[from] U-turn
|
|-weather|RainDance|[upkeep]
|-heal|p2a: Frosmoth|82/100|[from] item: Leftovers
|upkeep
|turn|5
|l| diancie The pearl
|inactive|eros maniac has 120 seconds left.
|
|t:|1779597147
|move|p1a: Ogerpon|Ivy Cudgel|p2a: Frosmoth|[anim] Ivy Cudgel Water
|-crit|p2a: Frosmoth
|-end|p2a: Frosmoth|Substitute
|move|p2a: Frosmoth|Bug Buzz|p1a: Ogerpon
|-supereffective|p1a: Ogerpon
|-damage|p1a: Ogerpon|0 fnt
|faint|p1a: Ogerpon
|
|-weather|RainDance|[upkeep]
|-heal|p2a: Frosmoth|88/100|[from] item: Leftovers
|upkeep
|
|t:|1779597153
|switch|p1a: Poliwrath|Poliwrath, M|100/100
|turn|6
|
|t:|1779597159
|switch|p2a: Sinistcha|Sinistcha, shiny|100/100
|move|p1a: Poliwrath|Liquidation|p2a: Sinistcha
|-resisted|p2a: Sinistcha
|-damage|p2a: Sinistcha|75/100
|-damage|p1a: Poliwrath|91/100|[from] item: Life Orb
|
|-weather|RainDance|[upkeep]
|upkeep
|turn|7
|
|t:|1779597173
|switch|p1a: Dragonite|Dragonite, F|100/100
|move|p2a: Sinistcha|Strength Sap|p1a: Dragonite
|-unboost|p1a: Dragonite|atk|1
|-heal|p2a: Sinistcha|100/100
|
|-weather|RainDance|[upkeep]
|upkeep
|turn|8
|inactive|eros maniac has 120 seconds left.
|
|t:|1779597185
|switch|p2a: Alomomola|Alomomola, M, shiny|100/100
|move|p1a: Dragonite|Hurricane|p2a: Alomomola
|-damage|p2a: Alomomola|68/100
|
|-weather|RainDance|[upkeep]
|upkeep
|turn|9
|
|t:|1779597195
|move|p1a: Dragonite|Hurricane|p2a: Alomomola
|-damage|p2a: Alomomola|36/100
|move|p2a: Alomomola|Wish|p2a: Alomomola
|
|-weather|RainDance|[upkeep]
|upkeep
|turn|10
|inactive|eros maniac has 120 seconds left.
|
|t:|1779597221
|switch|p2a: Frosmoth|Frosmoth, F, shiny|88/100
|move|p1a: Dragonite|Hurricane|p2a: Frosmoth
|-supereffective|p2a: Frosmoth
|-damage|p2a: Frosmoth|53/100
|
|-weather|none
|-heal|p2a: Frosmoth|100/100|[from] move: Wish|[wisher] Alomomola
|upkeep
|turn|11
|inactive|eros maniac has 120 seconds left.
|
|t:|1779597228
|move|p2a: Frosmoth|Ice Beam|p1a: Dragonite
|-supereffective|p1a: Dragonite
|-damage|p1a: Dragonite|29/100
|move|p1a: Dragonite|Dragon Tail|p2a: Frosmoth
|-damage|p2a: Frosmoth|73/100
|drag|p2a: Sinistcha|Sinistcha, shiny|100/100
|
|upkeep
|turn|12
|
|t:|1779597233
|switch|p2a: Alomomola|Alomomola, M, shiny|70/100
|switch|p1a: Pelipper|Pelipper, M|90/100
|-weather|RainDance|[from] ability: Drizzle|[of] p1a: Pelipper
|
|-weather|RainDance|[upkeep]
|upkeep
|turn|13
|
|t:|1779597236
|move|p2a: Alomomola|Wish|p2a: Alomomola
|move|p1a: Pelipper|U-turn|p2a: Alomomola
|-damage|p2a: Alomomola|64/100
|-damage|p1a: Pelipper|74/100|[from] item: Rocky Helmet|[of] p2a: Alomomola
|
|t:|1779597241
|switch|p1a: Poliwrath|Poliwrath, M|91/100|[from] U-turn
|
|-weather|RainDance|[upkeep]
|upkeep
|turn|14
|
|t:|1779597244
|switch|p2a: Sinistcha|Sinistcha, shiny|100/100
|move|p1a: Poliwrath|Bulk Up|p1a: Poliwrath
|-boost|p1a: Poliwrath|atk|1
|-boost|p1a: Poliwrath|def|1
|
|-weather|RainDance|[upkeep]
|upkeep
|turn|15
|
|t:|1779597247
|move|p1a: Poliwrath|Ice Punch|p2a: Sinistcha
|-supereffective|p2a: Sinistcha
|-damage|p2a: Sinistcha|36/100
|-damage|p1a: Poliwrath|81/100|[from] item: Life Orb
|move|p2a: Sinistcha|Matcha Gotcha|p1a: Poliwrath
|-supereffective|p1a: Poliwrath
|-damage|p1a: Poliwrath|6/100
|-heal|p2a: Sinistcha|70/100|[from] drain|[of] p1a: Poliwrath
|
|-weather|RainDance|[upkeep]
|upkeep
|turn|16
|
|t:|1779597254
|switch|p2a: Alomomola|Alomomola, M, shiny|97/100
|move|p1a: Poliwrath|Ice Punch|p2a: Alomomola
|-resisted|p2a: Alomomola
|-damage|p2a: Alomomola|84/100
|-damage|p1a: Poliwrath|0 fnt|[from] item: Rocky Helmet|[of] p2a: Alomomola
|faint|p1a: Poliwrath
|
|-weather|RainDance|[upkeep]
|upkeep
|-message|tommytt22 forfeited.
|
|win|eros maniac
|raw|tommytt22's rating: 1593 &rarr; <strong>1572</strong><br />(-21 for losing)
|raw|eros maniac's rating: 1581 &rarr; <strong>1602</strong><br />(+21 for winning)
|l|☆tommytt22
|player|p1|
|l|☆eros maniac
|player|p2|
