|j|☆panzershock
|j|☆UltraAero
|t:|1779714564
|gametype|singles
|player|p1|panzershock|102|1243
|player|p2|UltraAero|dawn-gen4pt|1202
|gen|9
|tier|[Gen 9] OU
|rated|
|rule|HP Percentage Mod: HP is shown in percentages
|rule|Endless Battle Clause: Forcing endless battles is banned
|rule|Species Clause: Limit one of each Pokémon
|rule|OHKO Clause: OHKO moves are banned
|rule|Evasion Items Clause: Evasion items are banned
|rule|Evasion Moves Clause: Evasion moves are banned
|rule|Evasion Abilities Clause: Evasion abilities are banned
|rule|Sleep Moves Clause: Sleep-inducing moves are banned
|clearpoke
|poke|p1|Houndoom, F|
|poke|p1|Wo-Chien|
|poke|p1|Gardevoir, F|
|poke|p1|Hitmontop, M|
|poke|p1|Manaphy|
|poke|p1|Venusaur, M|
|poke|p2|Cinderace, F|
|poke|p2|Vaporeon, F|
|poke|p2|Gliscor, M|
|poke|p2|Iron Valiant|
|poke|p2|Corviknight, F|
|poke|p2|Slowking-Galar, F|
|teampreview
|inactive|Battle timer is ON: inactive players will automatically lose when time's up. (requested by UltraAero)
|
|t:|1779714581
|teamsize|p1|6
|teamsize|p2|6
|start
|switch|p1a: Venusaur|Venusaur, M|100/100
|switch|p2a: Cinderace|Cinderace, F|100/100
|turn|1
|
|t:|1779714587
|switch|p1a: Houndoom|Houndoom, F|100/100
|move|p2a: Cinderace|Pyro Ball|p1a: Houndoom
|-start|p1a: Houndoom|ability: Flash Fire
|
|upkeep
|turn|2
|
|t:|1779714593
|move|p2a: Cinderace|U-turn|p1a: Houndoom
|-start|p2a: Cinderace|typechange|Bug|[from] ability: Libero
|-damage|p1a: Houndoom|40/100
|
|t:|1779714597
|switch|p2a: Vaporeon|Vaporeon, F|100/100|[from] U-turn
|move|p1a: Houndoom|Counter|p2a: Vaporeon
|-damage|p2a: Vaporeon|9/100
|
|-heal|p2a: Vaporeon|15/100|[from] item: Leftovers
|upkeep
|turn|3
|
|t:|1779714613
|switch|p2a: Corviknight|Corviknight, F|100/100
|-ability|p2a: Corviknight|Pressure
|move|p1a: Houndoom|Flame Charge|p2a: Corviknight
|-supereffective|p2a: Corviknight
|-damage|p2a: Corviknight|72/100
|-boost|p1a: Houndoom|spe|1
|-damage|p1a: Houndoom|24/100|[from] item: Rocky Helmet|[of] p2a: Corviknight
|
|upkeep
|turn|4
|
|t:|1779714626
|move|p1a: Houndoom|Destiny Bond|p1a: Houndoom
|-singlemove|p1a: Houndoom|Destiny Bond
|move|p2a: Corviknight|Reflect|p2a: Corviknight
|-sidestart|p2: UltraAero|Reflect
|
|upkeep
|turn|5
|
|t:|1779714635
|move|p1a: Houndoom|Endeavor|p2a: Corviknight
|-damage|p2a: Corviknight|21/100
|-damage|p1a: Houndoom|7/100|[from] item: Rocky Helmet|[of] p2a: Corviknight
|move|p2a: Corviknight|Iron Head|p1a: Houndoom
|-resisted|p1a: Houndoom
|-damage|p1a: Houndoom|0 fnt
|faint|p1a: Houndoom
|
|upkeep
|
|t:|1779714646
|switch|p1a: Gardevoir|Gardevoir, F|100/100
|-ability|p1a: Gardevoir|Pressure|Trace|[from] ability: Trace|[of] p2a: Corviknight
|-ability|p1a: Gardevoir|Pressure
|turn|6
|
|t:|1779714652
|move|p1a: Gardevoir|Mystical Fire|p2a: Corviknight
|-supereffective|p2a: Corviknight
|-damage|p2a: Corviknight|0 fnt
|faint|p2a: Corviknight
|
|upkeep
|
|t:|1779714657
|switch|p2a: Slowking|Slowking-Galar, F|100/100
|turn|7
|
|t:|1779714667
|switch|p1a: Manaphy|Manaphy|100/100
|move|p2a: Slowking|Toxic Spikes|p1a: Manaphy
|-sidestart|p1: panzershock|move: Toxic Spikes
|
|upkeep
|turn|8
|
|t:|1779714673
|move|p1a: Manaphy|Knock Off|p2a: Slowking
|-supereffective|p2a: Slowking
|-damage|p2a: Slowking|79/100
|-enditem|p2a: Slowking|Heavy-Duty Boots|[from] move: Knock Off|[of] p1a: Manaphy
|move|p2a: Slowking|Taunt|p1a: Manaphy
|-start|p1a: Manaphy|move: Taunt
|
|-sideend|p2: UltraAero|Reflect
|upkeep
|turn|9
|
|t:|1779714680
|move|p1a: Manaphy|Scald|p2a: Slowking
|-damage|p2a: Slowking|62/100
|-status|p2a: Slowking|brn
|move|p2a: Slowking|Sludge Bomb|p1a: Manaphy
|-damage|p1a: Manaphy|72/100
|
|-heal|p1a: Manaphy|78/100|[from] item: Leftovers
|-damage|p2a: Slowking|56/100 brn|[from] brn
|upkeep
|turn|10
|
|t:|1779714690
|move|p1a: Manaphy|Knock Off|p2a: Slowking
|-supereffective|p2a: Slowking
|-damage|p2a: Slowking|24/100 brn
|move|p2a: Slowking|Thunder Wave|p1a: Manaphy
|-status|p1a: Manaphy|par
|
|-heal|p1a: Manaphy|84/100 par|[from] item: Leftovers
|-damage|p2a: Slowking|18/100 brn|[from] brn
|upkeep
|turn|11
|
|t:|1779714702
|switch|p2a: Vaporeon|Vaporeon, F|15/100
|move|p1a: Manaphy|Knock Off|p2a: Vaporeon
|-damage|p2a: Vaporeon|0 fnt
|-enditem|p2a: Vaporeon|Leftovers|[from] move: Knock Off|[of] p1a: Manaphy
|faint|p2a: Vaporeon
|
|-heal|p1a: Manaphy|90/100 par|[from] item: Leftovers
|-end|p1a: Manaphy|move: Taunt
|upkeep
|
|t:|1779714711
|switch|p2a: Iron Valiant|Iron Valiant|100/100
|-enditem|p2a: Iron Valiant|Booster Energy
|-activate|p2a: Iron Valiant|ability: Quark Drive|[fromitem]
|-start|p2a: Iron Valiant|quarkdrivespe
|turn|12
|
|t:|1779714717
|switch|p1a: Venusaur|Venusaur, M|100/100
|-sideend|p1: panzershock|move: Toxic Spikes|[of] p1a: Venusaur
|move|p2a: Iron Valiant|Calm Mind|p2a: Iron Valiant
|-boost|p2a: Iron Valiant|spa|1
|-boost|p2a: Iron Valiant|spd|1
|
|upkeep
|turn|13
|
|t:|1779714724
|-terastallize|p2a: Iron Valiant|Steel
|move|p2a: Iron Valiant|Calm Mind|p2a: Iron Valiant
|-boost|p2a: Iron Valiant|spa|1
|-boost|p2a: Iron Valiant|spd|1
|move|p1a: Venusaur|Sludge Bomb|p2a: Iron Valiant
|-immune|p2a: Iron Valiant
|
|upkeep
|turn|14
|
|t:|1779714730
|move|p2a: Iron Valiant|Encore|p1a: Venusaur
|-start|p1a: Venusaur|Encore
|move|p1a: Venusaur|Sludge Bomb|p2a: Iron Valiant
|-immune|p2a: Iron Valiant
|
|upkeep
|turn|15
|
|t:|1779714737
|switch|p1a: Wo-Chien|Wo-Chien|100/100
|-ability|p1a: Wo-Chien|Tablets of Ruin
|move|p2a: Iron Valiant|Calm Mind|p2a: Iron Valiant
|-boost|p2a: Iron Valiant|spa|1
|-boost|p2a: Iron Valiant|spd|1
|
|upkeep
|turn|16
|
|t:|1779714746
|-terastallize|p1a: Wo-Chien|Poison
|move|p2a: Iron Valiant|Moonblast|p1a: Wo-Chien
|-resisted|p1a: Wo-Chien
|-damage|p1a: Wo-Chien|55/100
|-unboost|p1a: Wo-Chien|spa|1
|move|p1a: Wo-Chien|Leech Seed|p2a: Iron Valiant
|-start|p2a: Iron Valiant|move: Leech Seed
|
|-damage|p2a: Iron Valiant|88/100|[from] Leech Seed|[of] p1a: Wo-Chien
|-heal|p1a: Wo-Chien|70/100|[silent]
|upkeep
|turn|17
|
|t:|1779714759
|move|p2a: Iron Valiant|Moonblast|p1a: Wo-Chien
|-resisted|p1a: Wo-Chien
|-damage|p1a: Wo-Chien|17/100
|-unboost|p1a: Wo-Chien|spa|1
|move|p1a: Wo-Chien|Giga Drain|p2a: Iron Valiant
|-resisted|p2a: Iron Valiant
|-damage|p2a: Iron Valiant|81/100
|-heal|p1a: Wo-Chien|21/100|[from] drain|[of] p2a: Iron Valiant
|
|-damage|p2a: Iron Valiant|69/100|[from] Leech Seed|[of] p1a: Wo-Chien
|-heal|p1a: Wo-Chien|36/100|[silent]
|upkeep
|turn|18
|
|t:|1779714773
|switch|p1a: Venusaur|Venusaur, M|100/100
|move|p2a: Iron Valiant|Moonblast|p1a: Venusaur
|-resisted|p1a: Venusaur
|-damage|p1a: Venusaur|34/100
|-unboost|p1a: Venusaur|spa|1
|
|-damage|p2a: Iron Valiant|57/100|[from] Leech Seed|[of] p1a: Venusaur
|-heal|p1a: Venusaur|50/100|[silent]
|upkeep
|turn|19
|
|t:|1779714787
|move|p2a: Iron Valiant|Moonblast|p1a: Venusaur
|-resisted|p1a: Venusaur
|-damage|p1a: Venusaur|0 fnt
|faint|p1a: Venusaur
|
|upkeep
|
|t:|1779714797
|switch|p1a: Gardevoir|Gardevoir, F|100/100
|turn|20
|
|t:|1779714809
|move|p2a: Iron Valiant|Moonblast|p1a: Gardevoir
|-damage|p1a: Gardevoir|0 fnt
|faint|p1a: Gardevoir
|
|upkeep
|
|t:|1779714815
|switch|p1a: Hitmontop|Hitmontop, M|100/100
|turn|21
|
|t:|1779714818
|move|p1a: Hitmontop|Mach Punch|p2a: Iron Valiant
|-supereffective|p2a: Iron Valiant
|-damage|p2a: Iron Valiant|0 fnt
|faint|p2a: Iron Valiant
|-end|p2a: Iron Valiant|Quark Drive|[silent]
|
|upkeep
|
|t:|1779714824
|switch|p2a: Gliscor|Gliscor, M|100/100
|turn|22
|
|t:|1779714827
|move|p2a: Gliscor|Protect|p2a: Gliscor
|-singleturn|p2a: Gliscor|Protect
|move|p1a: Hitmontop|Triple Axel|p2a: Gliscor
|-activate|p2a: Gliscor|move: Protect
|
|-status|p2a: Gliscor|tox|[from] item: Toxic Orb
|upkeep
|turn|23
|
|t:|1779714838
|switch|p2a: Cinderace|Cinderace, F|100/100
|move|p1a: Hitmontop|Bulldoze|p2a: Cinderace
|-supereffective|p2a: Cinderace
|-damage|p2a: Cinderace|23/100
|-unboost|p2a: Cinderace|spe|1
|
|upkeep
|turn|24
|
|t:|1779714846
|move|p1a: Hitmontop|Mach Punch|p2a: Cinderace
|-damage|p2a: Cinderace|0 fnt
|faint|p2a: Cinderace
|
|upkeep
|
|t:|1779714850
|switch|p2a: Slowking|Slowking-Galar, F|51/100 brn
|turn|25
|
|t:|1779714860
|switch|p1a: Manaphy|Manaphy|90/100 par
|move|p2a: Slowking|Sludge Bomb|p1a: Manaphy
|-damage|p1a: Manaphy|60/100 par
|
|-heal|p1a: Manaphy|66/100 par|[from] item: Leftovers
|-damage|p2a: Slowking|45/100 brn|[from] brn
|upkeep
|turn|26
|
|t:|1779714867
|cant|p1a: Manaphy|par
|move|p2a: Slowking|Sludge Bomb|p1a: Manaphy
|-damage|p1a: Manaphy|39/100 par
|
|-heal|p1a: Manaphy|45/100 par|[from] item: Leftovers
|-damage|p2a: Slowking|39/100 brn|[from] brn
|upkeep
|turn|27
|
|t:|1779714874
|move|p1a: Manaphy|Take Heart|p1a: Manaphy
|-boost|p1a: Manaphy|spa|1
|-boost|p1a: Manaphy|spd|1
|-curestatus|p1a: Manaphy|par|[msg]
|move|p2a: Slowking|Sludge Bomb|p1a: Manaphy
|-crit|p1a: Manaphy
|-damage|p1a: Manaphy|0 fnt
|faint|p1a: Manaphy
|
|-damage|p2a: Slowking|33/100 brn|[from] brn
|upkeep
|
|t:|1779714886
|switch|p1a: Wo-Chien|Wo-Chien, tera:Poison|36/100
|-ability|p1a: Wo-Chien|Tablets of Ruin
|turn|28
|
|t:|1779714891
|move|p1a: Wo-Chien|Knock Off|p2a: Slowking
|-supereffective|p2a: Slowking
|-damage|p2a: Slowking|0 fnt
|faint|p2a: Slowking
|
|upkeep
|
|t:|1779714895
|switch|p2a: Gliscor|Gliscor, M|100/100 tox
|turn|29
|
|t:|1779714899
|move|p2a: Gliscor|Stealth Rock|p1a: Wo-Chien
|-sidestart|p1: panzershock|move: Stealth Rock
|move|p1a: Wo-Chien|Giga Drain|p2a: Gliscor
|-damage|p2a: Gliscor|55/100 tox
|-heal|p1a: Wo-Chien|69/100|[from] drain|[of] p2a: Gliscor
|
|-heal|p2a: Gliscor|68/100 tox|[from] ability: Poison Heal
|upkeep
|turn|30
|
|t:|1779714906
|move|p2a: Gliscor|Knock Off|p1a: Wo-Chien
|-damage|p1a: Wo-Chien|56/100
|-enditem|p1a: Wo-Chien|Big Root|[from] move: Knock Off|[of] p2a: Gliscor
|move|p1a: Wo-Chien|Giga Drain|p2a: Gliscor
|-damage|p2a: Gliscor|27/100 tox
|-heal|p1a: Wo-Chien|80/100|[from] drain|[of] p2a: Gliscor
|
|-heal|p2a: Gliscor|39/100 tox|[from] ability: Poison Heal
|upkeep
|turn|31
|
|t:|1779714914
|move|p2a: Gliscor|Protect|p2a: Gliscor
|-singleturn|p2a: Gliscor|Protect
|move|p1a: Wo-Chien|Giga Drain|p2a: Gliscor
|-activate|p2a: Gliscor|move: Protect
|
|-heal|p2a: Gliscor|52/100 tox|[from] ability: Poison Heal
|upkeep
|turn|32
|
|t:|1779714921
|move|p2a: Gliscor|Earthquake|p1a: Wo-Chien
|-supereffective|p1a: Wo-Chien
|-damage|p1a: Wo-Chien|35/100
|move|p1a: Wo-Chien|Leech Seed|p2a: Gliscor
|-start|p2a: Gliscor|move: Leech Seed
|
|-damage|p2a: Gliscor|39/100 tox|[from] Leech Seed|[of] p1a: Wo-Chien
|-heal|p1a: Wo-Chien|49/100|[silent]
|-heal|p2a: Gliscor|52/100 tox|[from] ability: Poison Heal
|upkeep
|turn|33
|
|t:|1779714933
|move|p2a: Gliscor|Earthquake|p1a: Wo-Chien
|-supereffective|p1a: Wo-Chien
|-damage|p1a: Wo-Chien|8/100
|move|p1a: Wo-Chien|Giga Drain|p2a: Gliscor
|-damage|p2a: Gliscor|9/100 tox
|-heal|p1a: Wo-Chien|32/100|[from] drain|[of] p2a: Gliscor
|
|-damage|p2a: Gliscor|0 fnt|[from] Leech Seed|[of] p1a: Wo-Chien
|-heal|p1a: Wo-Chien|42/100|[silent]
|faint|p2a: Gliscor
|
|win|panzershock
|raw|panzershock's rating: 1243 &rarr; <strong>1265</strong><br />(+22 for winning)
|raw|UltraAero's rating: 1202 &rarr; <strong>1180</strong><br />(-22 for losing)
|l|☆panzershock
|player|p1|
|l|☆UltraAero
|player|p2|
