|j|☆itstheboyjay
|j|☆jetatuni
|t:|1779605693
|gametype|singles
|player|p1|itstheboyjay|palmer|1127
|player|p2|jetatuni|infielder|1117
|gen|9
|tier|[Gen 9] OU
|rated|
|rule|HP Percentage Mod: HP is shown in percentages
|rule|Endless Battle Clause: Forcing endless battles is banned
|rule|Species Clause: Limit one of each Pokémon
|rule|OHKO Clause: OHKO moves are banned
|rule|Evasion Items Clause: Evasion items are banned
|rule|Evasion Moves Clause: Evasion moves are banned
|rule|Evasion Abilities Clause: Evasion abilities are banned
|rule|Sleep Moves Clause: Sleep-inducing moves are banned
|clearpoke
|poke|p1|Morpeko, F|
|poke|p1|Orthworm, M|
|poke|p1|Magmortar, F|
|poke|p1|Houndstone, F|
|poke|p1|Sylveon, F|
|poke|p1|Oricorio-Pom-Pom, F|
|poke|p2|Samurott-Hisui, M|
|poke|p2|Tinkaton, F|
|poke|p2|Pecharunt|
|poke|p2|Latios, M|
|poke|p2|Zamazenta-*|
|poke|p2|Gliscor, M|
|teampreview
|inactive|Battle timer is ON: inactive players will automatically lose when time's up. (requested by jetatuni)
|
|t:|1779605707
|teamsize|p1|6
|teamsize|p2|6
|start
|switch|p1a: Houndstone|Houndstone, F|100/100
|switch|p2a: Samurott|Samurott-Hisui, M, shiny|100/100
|turn|1
|
|t:|1779605716
|move|p2a: Samurott|Ceaseless Edge|p1a: Houndstone
|-supereffective|p1a: Houndstone
|-damage|p1a: Houndstone|66/100
|-sidestart|p1: itstheboyjay|Spikes
|move|p1a: Houndstone|Will-O-Wisp|p2a: Samurott
|-status|p2a: Samurott|brn
|
|-heal|p1a: Houndstone|72/100|[from] item: Leftovers
|-damage|p2a: Samurott|94/100 brn|[from] brn
|upkeep
|turn|2
|
|t:|1779605727
|move|p2a: Samurott|Ceaseless Edge|p1a: Houndstone
|-supereffective|p1a: Houndstone
|-damage|p1a: Houndstone|54/100
|-sidestart|p1: itstheboyjay|Spikes
|move|p1a: Houndstone|Body Press|p2a: Samurott
|-supereffective|p2a: Samurott
|-damage|p2a: Samurott|24/100 brn
|
|-heal|p1a: Houndstone|60/100|[from] item: Leftovers
|-damage|p2a: Samurott|18/100 brn|[from] brn
|upkeep
|turn|3
|
|t:|1779605740
|move|p2a: Samurott|Flip Turn|p1a: Houndstone
|-damage|p1a: Houndstone|54/100
|
|t:|1779605747
|switch|p2a: Zamazenta|Zamazenta, shiny|100/100|[from] Flip Turn
|-ability|p2a: Zamazenta|Dauntless Shield|boost
|-boost|p2a: Zamazenta|def|1
|move|p1a: Houndstone|Body Press|p2a: Zamazenta
|-damage|p2a: Zamazenta|85/100
|
|-heal|p1a: Houndstone|60/100|[from] item: Leftovers
|upkeep
|turn|4
|
|t:|1779605760
|move|p2a: Zamazenta|Crunch|p1a: Houndstone
|-supereffective|p1a: Houndstone
|-damage|p1a: Houndstone|43/100
|move|p1a: Houndstone|Night Shade|p2a: Zamazenta
|-damage|p2a: Zamazenta|54/100
|
|-heal|p1a: Houndstone|49/100|[from] item: Leftovers
|upkeep
|turn|5
|
|t:|1779605770
|move|p2a: Zamazenta|Heavy Slam|p1a: Houndstone
|-damage|p1a: Houndstone|35/100
|move|p1a: Houndstone|Night Shade|p2a: Zamazenta
|-damage|p2a: Zamazenta|23/100
|
|-heal|p1a: Houndstone|41/100|[from] item: Leftovers
|upkeep
|turn|6
|
|t:|1779605782
|move|p2a: Zamazenta|Crunch|p1a: Houndstone
|-supereffective|p1a: Houndstone
|-damage|p1a: Houndstone|23/100
|move|p1a: Houndstone|Night Shade|p2a: Zamazenta
|-damage|p2a: Zamazenta|0 fnt
|faint|p2a: Zamazenta
|
|-heal|p1a: Houndstone|29/100|[from] item: Leftovers
|upkeep
|
|t:|1779605785
|switch|p2a: Pecharunt|Pecharunt|100/100
|turn|7
|
|t:|1779605796
|move|p2a: Pecharunt|Shadow Ball|p1a: Houndstone
|-supereffective|p1a: Houndstone
|-damage|p1a: Houndstone|0 fnt
|faint|p1a: Houndstone
|
|upkeep
|
|t:|1779605806
|switch|p1a: Oricorio|Oricorio-Pom-Pom, F, shiny|100/100
|turn|8
|
|t:|1779605813
|move|p1a: Oricorio|Defog|p2a: Pecharunt
|-unboost|p2a: Pecharunt|evasion|1
|-sideend|p1: itstheboyjay|Spikes|[from] move: Defog|[of] p1a: Oricorio
|move|p2a: Pecharunt|Malignant Chain|p1a: Oricorio
|-damage|p1a: Oricorio|53/100
|
|upkeep
|turn|9
|
|t:|1779605821
|switch|p1a: Orthworm|Orthworm, M, shiny|100/100
|move|p2a: Pecharunt|Malignant Chain|p1a: Orthworm
|-immune|p1a: Orthworm
|
|upkeep
|turn|10
|
|t:|1779605829
|switch|p1a: Magmortar|Magmortar, F|100/100
|move|p2a: Pecharunt|Parting Shot|p1a: Magmortar
|-unboost|p1a: Magmortar|atk|1
|-unboost|p1a: Magmortar|spa|1
|
|t:|1779605836
|switch|p2a: Gliscor|Gliscor, M, shiny|100/100|[from] Parting Shot
|
|-status|p2a: Gliscor|tox|[from] item: Toxic Orb
|upkeep
|turn|11
|
|t:|1779605849
|switch|p1a: Oricorio|Oricorio-Pom-Pom, F, shiny|53/100
|move|p2a: Gliscor|Toxic|p1a: Oricorio
|-status|p1a: Oricorio|tox
|
|-damage|p1a: Oricorio|47/100 tox|[from] psn
|upkeep
|turn|12
|
|t:|1779605859
|move|p2a: Gliscor|Protect|p2a: Gliscor
|-singleturn|p2a: Gliscor|Protect
|move|p1a: Oricorio|Quiver Dance|p1a: Oricorio
|-boost|p1a: Oricorio|spa|1
|-boost|p1a: Oricorio|spd|1
|-boost|p1a: Oricorio|spe|1
|
|-damage|p1a: Oricorio|34/100 tox|[from] psn
|upkeep
|turn|13
|
|t:|1779605870
|move|p2a: Gliscor|Protect||[still]
|-fail|p2a: Gliscor
|move|p1a: Oricorio|Hurricane|p2a: Gliscor
|-damage|p2a: Gliscor|39/100 tox
|
|-damage|p1a: Oricorio|16/100 tox|[from] psn
|-heal|p2a: Gliscor|52/100 tox|[from] ability: Poison Heal
|upkeep
|turn|14
|
|t:|1779605891
|switch|p1a: Magmortar|Magmortar, F|100/100
|move|p2a: Gliscor|U-turn|p1a: Magmortar
|-resisted|p1a: Magmortar
|-damage|p1a: Magmortar|89/100
|
|t:|1779605899
|switch|p2a: Pecharunt|Pecharunt|100/100|[from] U-turn
|
|upkeep
|turn|15
|
|t:|1779605906
|move|p2a: Pecharunt|Malignant Chain|p1a: Magmortar
|-damage|p1a: Magmortar|69/100
|-status|p1a: Magmortar|tox
|-start|p1a: Magmortar|confusion|[from] ability: Poison Puppeteer|[of] p2a: Pecharunt
|-activate|p1a: Magmortar|confusion
|move|p1a: Magmortar|Acid Spray|p2a: Pecharunt
|-resisted|p2a: Pecharunt
|-damage|p2a: Pecharunt|97/100
|-unboost|p2a: Pecharunt|spd|2
|
|-damage|p1a: Magmortar|63/100 tox|[from] psn
|upkeep
|turn|16
|
|t:|1779605921
|move|p2a: Pecharunt|Parting Shot|p1a: Magmortar
|-unboost|p1a: Magmortar|atk|1
|-unboost|p1a: Magmortar|spa|1
|
|t:|1779605924
|switch|p2a: Latios|Latios, M, shiny|100/100|[from] Parting Shot
|-end|p1a: Magmortar|confusion
|move|p1a: Magmortar|Scorching Sands|p2a: Latios
|-immune|p2a: Latios|[from] ability: Levitate
|
|-damage|p1a: Magmortar|51/100 tox|[from] psn
|upkeep
|turn|17
|
|t:|1779605936
|move|p2a: Latios|Flip Turn|p1a: Magmortar
|-supereffective|p1a: Magmortar
|-damage|p1a: Magmortar|11/100 tox
|
|t:|1779605942
|switch|p2a: Tinkaton|Tinkaton, F, shiny|100/100|[from] Flip Turn
|-item|p2a: Tinkaton|Air Balloon
|move|p1a: Magmortar|Lava Plume|p2a: Tinkaton
|-supereffective|p2a: Tinkaton
|-damage|p2a: Tinkaton|38/100
|-enditem|p2a: Tinkaton|Air Balloon
|
|-damage|p1a: Magmortar|0 fnt|[from] psn
|faint|p1a: Magmortar
|upkeep
|
|t:|1779605955
|switch|p1a: Sylveon|Sylveon, F, shiny|100/100
|turn|18
|
|t:|1779605964
|switch|p1a: Orthworm|Orthworm, M, shiny|100/100
|-terastallize|p2a: Tinkaton|Ice
|move|p2a: Tinkaton|Gigaton Hammer|p1a: Orthworm
|-resisted|p1a: Orthworm
|-damage|p1a: Orthworm|84/100
|
|-heal|p1a: Orthworm|90/100|[from] item: Leftovers
|upkeep
|turn|19
|
|t:|1779605976
|switch|p2a: Gliscor|Gliscor, M, shiny|52/100 tox
|switch|p1a: Morpeko|Morpeko, F, shiny|100/100
|
|-heal|p2a: Gliscor|64/100 tox|[from] ability: Poison Heal
|-formechange|p1a: Morpeko|Morpeko-Hangry||[from] ability: Hunger Switch
|upkeep
|turn|20
|
|t:|1779605988
|move|p1a: Morpeko|Swagger|p2a: Gliscor
|-boost|p2a: Gliscor|atk|2
|-start|p2a: Gliscor|confusion
|-enditem|p1a: Morpeko|Mirror Herb
|-boost|p1a: Morpeko|atk|2|[from] item: Mirror Herb
|-activate|p2a: Gliscor|confusion
|move|p2a: Gliscor|Earthquake|p1a: Morpeko
|-supereffective|p1a: Morpeko
|-damage|p1a: Morpeko|0 fnt
|faint|p1a: Morpeko
|
|-heal|p2a: Gliscor|77/100 tox|[from] ability: Poison Heal
|upkeep
|-message|itstheboyjay forfeited.
|
|win|jetatuni
|raw|itstheboyjay's rating: 1127 &rarr; <strong>1101</strong><br />(-26 for losing)
|raw|jetatuni's rating: 1117 &rarr; <strong>1143</strong><br />(+26 for winning)
|l|☆itstheboyjay
|player|p1|
|l|☆jetatuni
|player|p2|
