|j|☆Pipigoutcaca
|j|☆katojoto
|t:|1779557767
|gametype|singles
|player|p1|Pipigoutcaca|ghetsis-gen5bw|1321
|player|p2|katojoto|265|1273
|gen|9
|tier|[Gen 9] OU
|rated|
|rule|HP Percentage Mod: HP is shown in percentages
|rule|Endless Battle Clause: Forcing endless battles is banned
|rule|Species Clause: Limit one of each Pokémon
|rule|OHKO Clause: OHKO moves are banned
|rule|Evasion Items Clause: Evasion items are banned
|rule|Evasion Moves Clause: Evasion moves are banned
|rule|Evasion Abilities Clause: Evasion abilities are banned
|rule|Sleep Moves Clause: Sleep-inducing moves are banned
|clearpoke
|poke|p1|Dragonite, M|
|poke|p1|Zarude-Dada|
|poke|p1|Keldeo-Resolute|
|poke|p1|Ribombee, F|
|poke|p1|Iron Moth|
|poke|p1|Landorus-Therian, M|
|poke|p2|Ogerpon-Wellspring, F|
|poke|p2|Kingambit, M|
|poke|p2|Landorus-Therian, M|
|poke|p2|Glimmora, M|
|poke|p2|Dragapult, F|
|poke|p2|Iron Valiant|
|teampreview
|inactive|Battle timer is ON: inactive players will automatically lose when time's up. (requested by katojoto)
|
|t:|1779557794
|teamsize|p1|6
|teamsize|p2|6
|start
|switch|p1a: Landorus|Landorus-Therian, M|100/100
|switch|p2a: Glimmora|Glimmora, M|100/100
|-ability|p1a: Landorus|Intimidate|boost
|-unboost|p2a: Glimmora|atk|1
|turn|1
|
|t:|1779557824
|move|p1a: Landorus|Stone Edge|p2a: Glimmora|[miss]
|-miss|p1a: Landorus|p2a: Glimmora
|move|p2a: Glimmora|Mortal Spin|p1a: Landorus
|-resisted|p1a: Landorus
|-damage|p1a: Landorus|98/100
|-status|p1a: Landorus|psn
|
|-damage|p1a: Landorus|85/100 psn|[from] psn
|upkeep
|turn|2
|inactive|katojoto has 120 seconds left.
|
|t:|1779557844
|switch|p2a: Landorus|Landorus-Therian, M|100/100
|-ability|p2a: Landorus|Intimidate|boost
|-unboost|p1a: Landorus|atk|1
|move|p1a: Landorus|Stone Edge|p2a: Landorus
|-damage|p2a: Landorus|71/100
|
|-damage|p1a: Landorus|73/100 psn|[from] psn
|upkeep
|turn|3
|
|t:|1779557853
|switch|p1a: Keldeo|Keldeo-Resolute|100/100
|move|p2a: Landorus|Stealth Rock|p1a: Keldeo
|-sidestart|p1: Pipigoutcaca|move: Stealth Rock
|
|upkeep
|turn|4
|
|t:|1779557862
|switch|p2a: Ogerpon|Ogerpon-Wellspring, F|100/100
|move|p1a: Keldeo|Icy Wind|p2a: Ogerpon
|-damage|p2a: Ogerpon|69/100
|-unboost|p2a: Ogerpon|spe|1
|
|upkeep
|turn|5
|
|t:|1779557871
|move|p1a: Keldeo|Icy Wind|p2a: Ogerpon
|-damage|p2a: Ogerpon|33/100
|-unboost|p2a: Ogerpon|spe|1
|move|p2a: Ogerpon|Ivy Cudgel|p1a: Keldeo|[anim] Ivy Cudgel Water
|-resisted|p1a: Keldeo
|-damage|p1a: Keldeo|67/100
|
|upkeep
|turn|6
|
|t:|1779557881
|switch|p2a: Glimmora|Glimmora, M|100/100
|move|p1a: Keldeo|Icy Wind|p2a: Glimmora
|-damage|p2a: Glimmora|63/100
|-unboost|p2a: Glimmora|spe|1
|
|upkeep
|turn|7
|
|t:|1779557893
|move|p1a: Keldeo|Icy Wind|p2a: Glimmora
|-damage|p2a: Glimmora|27/100
|-unboost|p2a: Glimmora|spe|1
|move|p2a: Glimmora|Mortal Spin|p1a: Keldeo
|-damage|p1a: Keldeo|59/100
|-status|p1a: Keldeo|psn
|
|-damage|p1a: Keldeo|47/100 psn|[from] psn
|upkeep
|turn|8
|inactive|katojoto has 120 seconds left.
|
|t:|1779557923
|move|p1a: Keldeo|Icy Wind|p2a: Glimmora
|-damage|p2a: Glimmora|0 fnt
|faint|p2a: Glimmora
|
|-damage|p1a: Keldeo|34/100 psn|[from] psn
|upkeep
|
|t:|1779557926
|switch|p2a: Ogerpon|Ogerpon-Wellspring, F|33/100
|turn|9
|
|t:|1779557940
|move|p2a: Ogerpon|Horn Leech|p1a: Keldeo
|-supereffective|p1a: Keldeo
|-damage|p1a: Keldeo|0 fnt
|-heal|p2a: Ogerpon|51/100|[from] drain|[of] p1a: Keldeo
|faint|p1a: Keldeo
|
|upkeep
|
|t:|1779557947
|switch|p1a: Ribombee|Ribombee, F|100/100
|-damage|p1a: Ribombee|76/100|[from] Stealth Rock
|turn|10
|
|t:|1779557954
|move|p1a: Ribombee|Bug Buzz|p2a: Ogerpon
|-supereffective|p2a: Ogerpon
|-damage|p2a: Ogerpon|0 fnt
|faint|p2a: Ogerpon
|
|upkeep
|
|t:|1779557963
|switch|p2a: Dragapult|Dragapult, F|100/100
|turn|11
|
|t:|1779557967
|move|p2a: Dragapult|Shadow Ball|p1a: Ribombee
|-damage|p1a: Ribombee|0 fnt
|faint|p1a: Ribombee
|
|upkeep
|
|t:|1779557975
|switch|p1a: Landorus|Landorus-Therian, M|73/100 psn
|-damage|p1a: Landorus|60/100 psn|[from] Stealth Rock
|-ability|p1a: Landorus|Intimidate|boost
|-unboost|p2a: Dragapult|atk|1
|turn|12
|
|t:|1779557983
|switch|p2a: Landorus|Landorus-Therian, M|71/100
|-ability|p2a: Landorus|Intimidate|boost
|-unboost|p1a: Landorus|atk|1
|move|p1a: Landorus|Earthquake|p2a: Landorus
|-immune|p2a: Landorus
|
|-damage|p1a: Landorus|48/100 psn|[from] psn
|upkeep
|turn|13
|
|t:|1779557996
|switch|p1a: Zarude|Zarude-Dada|100/100
|-damage|p1a: Zarude|88/100|[from] Stealth Rock
|move|p2a: Landorus|Earthquake|p1a: Zarude
|-resisted|p1a: Zarude
|-damage|p1a: Zarude|66/100
|
|upkeep
|turn|14
|
|t:|1779558008
|move|p1a: Zarude|Knock Off|p2a: Landorus
|-damage|p2a: Landorus|13/100
|-damage|p1a: Zarude|49/100|[from] item: Rocky Helmet|[of] p2a: Landorus
|-enditem|p2a: Landorus|Rocky Helmet|[from] move: Knock Off|[of] p1a: Zarude
|move|p2a: Landorus|U-turn|p1a: Zarude
|-supereffective|p1a: Zarude
|-damage|p1a: Zarude|0 fnt
|faint|p1a: Zarude
|
|t:|1779558019
|switch|p2a: Dragapult|Dragapult, F|100/100|[from] U-turn
|
|upkeep
|
|t:|1779558037
|switch|p1a: Iron Moth|Iron Moth|100/100
|-damage|p1a: Iron Moth|76/100|[from] Stealth Rock
|-enditem|p1a: Iron Moth|Booster Energy
|-activate|p1a: Iron Moth|ability: Quark Drive|[fromitem]
|-start|p1a: Iron Moth|quarkdrivespa
|turn|15
|
|t:|1779558048
|move|p2a: Dragapult|Draco Meteor|p1a: Iron Moth
|-damage|p1a: Iron Moth|0 fnt
|-unboost|p2a: Dragapult|spa|2
|faint|p1a: Iron Moth
|-end|p1a: Iron Moth|Quark Drive|[silent]
|
|upkeep
|
|t:|1779558056
|switch|p1a: Dragonite|Dragonite, M|100/100
|turn|16
|
|t:|1779558063
|switch|p2a: Landorus|Landorus-Therian, M|13/100
|-ability|p2a: Landorus|Intimidate|boost
|-unboost|p1a: Dragonite|atk|1
|-terastallize|p1a: Dragonite|Normal
|move|p1a: Dragonite|Dragon Dance|p1a: Dragonite
|-boost|p1a: Dragonite|atk|1
|-boost|p1a: Dragonite|spe|1
|
|upkeep
|turn|17
|
|t:|1779558087
|switch|p2a: Dragapult|Dragapult, F|100/100
|move|p1a: Dragonite|Dragon Dance|p1a: Dragonite
|-boost|p1a: Dragonite|atk|1
|-boost|p1a: Dragonite|spe|1
|
|upkeep
|turn|18
|
|t:|1779558096
|move|p2a: Dragapult|U-turn|p1a: Dragonite
|-damage|p1a: Dragonite|92/100
|
|t:|1779558100
|switch|p2a: Landorus|Landorus-Therian, M|13/100|[from] U-turn
|-ability|p2a: Landorus|Intimidate|boost
|-unboost|p1a: Dragonite|atk|1
|move|p1a: Dragonite|Dragon Dance|p1a: Dragonite
|-boost|p1a: Dragonite|atk|1
|-boost|p1a: Dragonite|spe|1
|
|upkeep
|turn|19
|
|t:|1779558108
|move|p1a: Dragonite|Earthquake|p2a: Landorus
|-immune|p2a: Landorus
|move|p2a: Landorus|Earthquake|p1a: Dragonite
|-damage|p1a: Dragonite|46/100
|
|upkeep
|turn|20
|
|t:|1779558117
|switch|p2a: Dragapult|Dragapult, F|100/100
|move|p1a: Dragonite|Earthquake|p2a: Dragapult
|-damage|p2a: Dragapult|23/100
|
|upkeep
|turn|21
|
|t:|1779558124
|switch|p2a: Landorus|Landorus-Therian, M|13/100
|-ability|p2a: Landorus|Intimidate|boost
|-unboost|p1a: Dragonite|atk|1
|move|p1a: Dragonite|Earthquake|p2a: Landorus
|-immune|p2a: Landorus
|
|upkeep
|turn|22
|
|t:|1779558132
|move|p1a: Dragonite|Extreme Speed|p2a: Landorus
|-damage|p2a: Landorus|0 fnt
|faint|p2a: Landorus
|
|upkeep
|
|t:|1779558139
|switch|p2a: Iron Valiant|Iron Valiant|100/100
|-enditem|p2a: Iron Valiant|Booster Energy
|-activate|p2a: Iron Valiant|ability: Quark Drive|[fromitem]
|-start|p2a: Iron Valiant|quarkdrivespe
|turn|23
|
|t:|1779558145
|move|p2a: Iron Valiant|Moonblast|p1a: Dragonite
|-damage|p1a: Dragonite|7/100
|-unboost|p1a: Dragonite|spa|1
|move|p1a: Dragonite|Roost|p1a: Dragonite
|-heal|p1a: Dragonite|57/100
|
|upkeep
|turn|24
|
|t:|1779558161
|-terastallize|p2a: Iron Valiant|Fairy
|move|p2a: Iron Valiant|Moonblast|p1a: Dragonite
|-damage|p1a: Dragonite|4/100
|move|p1a: Dragonite|Earthquake|p2a: Iron Valiant
|-crit|p2a: Iron Valiant
|-damage|p2a: Iron Valiant|20/100
|
|upkeep
|turn|25
|
|t:|1779558168
|move|p1a: Dragonite|Extreme Speed|p2a: Iron Valiant
|-crit|p2a: Iron Valiant
|-damage|p2a: Iron Valiant|0 fnt
|faint|p2a: Iron Valiant
|-end|p2a: Iron Valiant|Quark Drive|[silent]
|
|upkeep
|
|t:|1779558176
|switch|p2a: Kingambit|Kingambit, M|100/100
|-activate|p2a: Kingambit|ability: Supreme Overlord
|-start|p2a: Kingambit|fallen4|[silent]
|turn|26
|
|t:|1779558182
|move|p1a: Dragonite|Roost|p1a: Dragonite
|-heal|p1a: Dragonite|54/100
|move|p2a: Kingambit|Iron Head|p1a: Dragonite
|-crit|p1a: Dragonite
|-damage|p1a: Dragonite|0 fnt
|faint|p1a: Dragonite
|
|upkeep
|c|☆Pipigoutcaca|gg
|
|t:|1779558189
|switch|p1a: Landorus|Landorus-Therian, M|48/100 psn
|-damage|p1a: Landorus|35/100 psn|[from] Stealth Rock
|-ability|p1a: Landorus|Intimidate|boost
|-unboost|p2a: Kingambit|atk|1
|turn|27
|
|t:|1779558197
|-end|p2a: Kingambit|fallen4|[silent]
|switch|p2a: Dragapult|Dragapult, F|23/100
|move|p1a: Landorus|Earthquake|p2a: Dragapult
|-damage|p2a: Dragapult|0 fnt
|faint|p2a: Dragapult
|
|-damage|p1a: Landorus|23/100 psn|[from] psn
|upkeep
|
|t:|1779558204
|switch|p2a: Kingambit|Kingambit, M|100/100
|-activate|p2a: Kingambit|ability: Supreme Overlord
|-start|p2a: Kingambit|fallen5|[silent]
|turn|28
|c|☆katojoto|gg
|
|t:|1779558212
|move|p2a: Kingambit|Sucker Punch|p1a: Landorus
|-damage|p1a: Landorus|0 fnt
|faint|p1a: Landorus
|
|win|katojoto
|raw|Pipigoutcaca's rating: 1321 &rarr; <strong>1298</strong><br />(-23 for losing)
|raw|katojoto's rating: 1273 &rarr; <strong>1301</strong><br />(+28 for winning)
|c|☆Pipigoutcaca|why u switch lasT ?
|c|☆Pipigoutcaca|u was killing me
|c|☆Pipigoutcaca|with ur prio
|c|☆katojoto|i say
|c|☆katojoto|to win poison towers
|c|☆Pipigoutcaca|ok ok
|l|☆Pipigoutcaca
|player|p1|
|c|☆katojoto|gg
