|j|☆gvgvjvfcgv
|j|☆8uh8huu8huhuh
|t:|1779631495
|gametype|singles
|player|p1|gvgvjvfcgv|266|1068
|player|p2|8uh8huu8huhuh|169|1072
|gen|9
|tier|[Gen 9] OU
|rated|
|rule|HP Percentage Mod: HP is shown in percentages
|rule|Endless Battle Clause: Forcing endless battles is banned
|rule|Species Clause: Limit one of each Pokémon
|rule|OHKO Clause: OHKO moves are banned
|rule|Evasion Items Clause: Evasion items are banned
|rule|Evasion Moves Clause: Evasion moves are banned
|rule|Evasion Abilities Clause: Evasion abilities are banned
|rule|Sleep Moves Clause: Sleep-inducing moves are banned
|clearpoke
|poke|p1|Dragonite, M|
|poke|p1|Clefable, F|
|poke|p1|Arcanine-Hisui, F|
|poke|p1|Moltres|
|poke|p1|Haunter, M|
|poke|p1|Gengar, F|
|poke|p2|Serperior, M|
|poke|p2|Kleavor, F|
|poke|p2|Gliscor, M|
|poke|p2|Tyranitar, M|
|poke|p2|Toxapex, M|
|poke|p2|Excadrill, M|
|teampreview
|
|t:|1779631510
|teamsize|p1|6
|teamsize|p2|6
|start
|switch|p1a: Arcanine|Arcanine-Hisui, F|100/100
|switch|p2a: Tyranitar|Tyranitar, M|100/100
|-weather|Sandstorm|[from] ability: Sand Stream|[of] p2a: Tyranitar
|turn|1
|
|t:|1779631521
|switch|p2a: Toxapex|Toxapex, M|100/100
|move|p1a: Arcanine|Close Combat|p2a: Toxapex
|-resisted|p2a: Toxapex
|-damage|p2a: Toxapex|88/100
|-unboost|p1a: Arcanine|def|1
|-unboost|p1a: Arcanine|spd|1
|-damage|p1a: Arcanine|84/100|[from] item: Rocky Helmet|[of] p2a: Toxapex
|
|-weather|Sandstorm|[upkeep]
|-damage|p2a: Toxapex|82/100|[from] Sandstorm
|upkeep
|turn|2
|
|t:|1779631532
|switch|p1a: Lil bro|Haunter, M|100/100
|move|p2a: Toxapex|Infestation|p1a: Lil bro
|-resisted|p1a: Lil bro
|-damage|p1a: Lil bro|99/100
|-activate|p1a: Lil bro|move: Infestation|[of] p2a: Toxapex
|
|-weather|Sandstorm|[upkeep]
|-damage|p1a: Lil bro|93/100|[from] Sandstorm
|-damage|p2a: Toxapex|76/100|[from] Sandstorm
|-damage|p1a: Lil bro|80/100|[from] move: Infestation|[partiallytrapped]
|upkeep
|turn|3
|
|t:|1779631553
|move|p2a: Toxapex|Baneful Bunker|p2a: Toxapex
|-singleturn|p2a: Toxapex|move: Protect
|move|p1a: Lil bro|Taunt|p2a: Toxapex
|-activate|p2a: Toxapex|move: Protect
|
|-weather|Sandstorm|[upkeep]
|-damage|p1a: Lil bro|74/100|[from] Sandstorm
|-damage|p2a: Toxapex|70/100|[from] Sandstorm
|-damage|p1a: Lil bro|62/100|[from] move: Infestation|[partiallytrapped]
|upkeep
|turn|4
|
|t:|1779631565
|switch|p2a: Gliscor|Gliscor, M, shiny|100/100
|move|p1a: Lil bro|Taunt|p2a: Gliscor
|-start|p2a: Gliscor|move: Taunt
|
|-weather|Sandstorm|[upkeep]
|-damage|p1a: Lil bro|56/100|[from] Sandstorm
|-end|p1a: Lil bro|Infestation|[partiallytrapped]|[silent]
|-status|p2a: Gliscor|tox|[from] item: Toxic Orb
|upkeep
|turn|5
|
|t:|1779631593
|switch|p2a: Toxapex|Toxapex, M|100/100
|move|p1a: Lil bro|Destiny Bond|p1a: Lil bro
|-singlemove|p1a: Lil bro|Destiny Bond
|
|-weather|none
|upkeep
|turn|6
|
|t:|1779631601
|move|p1a: Lil bro|Mean Look|p2a: Toxapex
|-activate|p2a: Toxapex|trapped
|move|p2a: Toxapex|Infestation|p1a: Lil bro
|-resisted|p1a: Lil bro
|-damage|p1a: Lil bro|54/100
|-activate|p1a: Lil bro|move: Infestation|[of] p2a: Toxapex
|
|-damage|p1a: Lil bro|42/100|[from] move: Infestation|[partiallytrapped]
|upkeep
|turn|7
|
|t:|1779631610
|move|p1a: Lil bro|Taunt|p2a: Toxapex
|-start|p2a: Toxapex|move: Taunt
|move|p2a: Toxapex|Chilling Water|p1a: Lil bro
|-damage|p1a: Lil bro|16/100
|-unboost|p1a: Lil bro|atk|1
|
|-damage|p1a: Lil bro|4/100|[from] move: Infestation|[partiallytrapped]
|upkeep
|turn|8
|
|t:|1779631619
|move|p1a: Lil bro|Destiny Bond|p1a: Lil bro
|-singlemove|p1a: Lil bro|Destiny Bond
|move|p2a: Toxapex|Infestation|p1a: Lil bro
|-resisted|p1a: Lil bro
|-damage|p1a: Lil bro|2/100
|
|-damage|p1a: Lil bro|0 fnt|[from] move: Infestation|[partiallytrapped]
|faint|p1a: Lil bro
|upkeep
|-message|gvgvjvfcgv forfeited.
|
|win|8uh8huu8huhuh
|raw|gvgvjvfcgv's rating: 1068 &rarr; <strong>1048</strong><br />(-20 for losing)
|raw|8uh8huu8huhuh's rating: 1072 &rarr; <strong>1101</strong><br />(+29 for winning)
|l|☆gvgvjvfcgv
|player|p1|
|l|☆8uh8huu8huhuh
|player|p2|
