|j|☆alxiz⏣⏑⏣
|j|☆backw1thm1lk
|t:|1779598836
|gametype|singles
|player|p1|alxiz⏣⏑⏣|miku-water|1497
|player|p2|backw1thm1lk|266|1445
|gen|9
|tier|[Gen 9] OU
|rated|
|rule|HP Percentage Mod: HP is shown in percentages
|rule|Endless Battle Clause: Forcing endless battles is banned
|rule|Species Clause: Limit one of each Pokémon
|rule|OHKO Clause: OHKO moves are banned
|rule|Evasion Items Clause: Evasion items are banned
|rule|Evasion Moves Clause: Evasion moves are banned
|rule|Evasion Abilities Clause: Evasion abilities are banned
|rule|Sleep Moves Clause: Sleep-inducing moves are banned
|clearpoke
|poke|p1|Kyurem|
|poke|p1|Volcanion|
|poke|p1|Zapdos|
|poke|p1|Hoopa-Unbound|
|poke|p1|Zamazenta-*|
|poke|p1|Iron Treads|
|poke|p2|Araquanid, F|
|poke|p2|Kingambit, M|
|poke|p2|Dragalge, F|
|poke|p2|Cinderace, F|
|poke|p2|Serperior, M|
|poke|p2|Sandy Shocks|
|teampreview
|inactive|Battle timer is ON: inactive players will automatically lose when time's up. (requested by alxiz⏣⏑⏣)
|
|t:|1779598850
|teamsize|p1|6
|teamsize|p2|6
|start
|switch|p1a: Zapdos|Zapdos|100/100
|switch|p2a: Dragalge|Dragalge, F|100/100
|turn|1
|
|t:|1779598858
|move|p1a: Zapdos|Thunder Wave|p2a: Dragalge
|-status|p2a: Dragalge|par
|move|p2a: Dragalge|Sludge Bomb|p1a: Zapdos
|-damage|p1a: Zapdos|42/100
|-status|p1a: Zapdos|psn
|
|-damage|p1a: Zapdos|30/100 psn|[from] psn
|upkeep
|turn|2
|
|t:|1779598865
|move|p1a: Zapdos|Roost|p1a: Zapdos
|-heal|p1a: Zapdos|80/100 psn
|-singleturn|p1a: Zapdos|move: Roost
|cant|p2a: Dragalge|par
|
|-damage|p1a: Zapdos|68/100 psn|[from] psn
|upkeep
|turn|3
|
|t:|1779598870
|move|p1a: Zapdos|Volt Switch|p2a: Dragalge
|-resisted|p2a: Dragalge
|-damage|p2a: Dragalge|92/100 par
|
|t:|1779598872
|switch|p1a: Iron Treads|Iron Treads|100/100|[from] Volt Switch
|move|p2a: Dragalge|Sludge Bomb|p1a: Iron Treads
|-immune|p1a: Iron Treads
|
|upkeep
|turn|4
|
|t:|1779598877
|-terastallize|p2a: Dragalge|Water
|move|p1a: Iron Treads|Stealth Rock|p2a: Dragalge
|-sidestart|p2: backw1thm1lk|move: Stealth Rock
|move|p2a: Dragalge|Hydro Pump|p1a: Iron Treads
|-supereffective|p1a: Iron Treads
|-damage|p1a: Iron Treads|0 fnt
|faint|p1a: Iron Treads
|-end|p1a: Iron Treads|Quark Drive|[silent]
|
|upkeep
|
|t:|1779598887
|switch|p1a: Hoopa|Hoopa-Unbound|100/100
|turn|5
|
|t:|1779598904
|switch|p2a: Araquanid|Araquanid, F|100/100
|-damage|p2a: Araquanid|76/100|[from] Stealth Rock
|move|p1a: Hoopa|Thunderbolt|p2a: Araquanid
|-supereffective|p2a: Araquanid
|-damage|p2a: Araquanid|21/100
|
|upkeep
|turn|6
|
|t:|1779598913
|move|p1a: Hoopa|Drain Punch|p2a: Araquanid
|-resisted|p2a: Araquanid
|-damage|p2a: Araquanid|6/100
|move|p2a: Araquanid|Liquidation|p1a: Hoopa
|-damage|p1a: Hoopa|0 fnt
|faint|p1a: Hoopa
|
|upkeep
|
|t:|1779598920
|switch|p1a: Kyurem|Kyurem, shiny|100/100
|-ability|p1a: Kyurem|Pressure
|turn|7
|
|t:|1779598924
|move|p1a: Kyurem|Freeze-Dry|p2a: Araquanid
|-supereffective|p2a: Araquanid
|-damage|p2a: Araquanid|0 fnt
|faint|p2a: Araquanid
|
|upkeep
|
|t:|1779598938
|switch|p2a: Dragalge|Dragalge, F, tera:Water|92/100 par
|-damage|p2a: Dragalge|80/100 par|[from] Stealth Rock
|turn|8
|
|t:|1779598947
|switch|p1a: Zapdos|Zapdos|68/100 psn
|move|p2a: Dragalge|Draco Meteor|p1a: Zapdos|[miss]
|-miss|p2a: Dragalge|p1a: Zapdos
|
|-damage|p1a: Zapdos|55/100 psn|[from] psn
|upkeep
|turn|9
|
|t:|1779598954
|move|p1a: Zapdos|Volt Switch|p2a: Dragalge
|-supereffective|p2a: Dragalge
|-damage|p2a: Dragalge|46/100 par
|
|t:|1779598956
|switch|p1a: Volcanion|Volcanion|100/100|[from] Volt Switch
|move|p2a: Dragalge|Sludge Bomb|p1a: Volcanion
|-damage|p1a: Volcanion|74/100
|
|upkeep
|turn|10
|
|t:|1779598963
|switch|p1a: Zapdos|Zapdos|55/100 psn
|move|p2a: Dragalge|Sludge Bomb|p1a: Zapdos
|-damage|p1a: Zapdos|15/100 psn
|
|-damage|p1a: Zapdos|3/100 psn|[from] psn
|upkeep
|turn|11
|
|t:|1779598970
|move|p1a: Zapdos|Roost|p1a: Zapdos
|-heal|p1a: Zapdos|53/100 psn
|-singleturn|p1a: Zapdos|move: Roost
|move|p2a: Dragalge|Sludge Bomb|p1a: Zapdos
|-damage|p1a: Zapdos|10/100 psn
|
|-damage|p1a: Zapdos|0 fnt|[from] psn
|faint|p1a: Zapdos
|upkeep
|
|t:|1779598973
|switch|p1a: Kyurem|Kyurem, shiny|100/100
|-ability|p1a: Kyurem|Pressure
|turn|12
|
|t:|1779598976
|move|p1a: Kyurem|Freeze-Dry|p2a: Dragalge
|-supereffective|p2a: Dragalge
|-damage|p2a: Dragalge|6/100 par
|move|p2a: Dragalge|Draco Meteor|p1a: Kyurem
|-supereffective|p1a: Kyurem
|-damage|p1a: Kyurem|27/100
|-unboost|p2a: Dragalge|spa|2
|
|upkeep
|turn|13
|
|t:|1779598980
|move|p1a: Kyurem|Earth Power|p2a: Dragalge
|-damage|p2a: Dragalge|0 fnt
|faint|p2a: Dragalge
|
|upkeep
|
|t:|1779598993
|switch|p2a: Sandy Shocks|Sandy Shocks|100/100
|-damage|p2a: Sandy Shocks|94/100|[from] Stealth Rock
|-enditem|p2a: Sandy Shocks|Booster Energy
|-activate|p2a: Sandy Shocks|ability: Protosynthesis|[fromitem]
|-start|p2a: Sandy Shocks|protosynthesisspe
|turn|14
|
|t:|1779598996
|move|p2a: Sandy Shocks|Earth Power|p1a: Kyurem
|-damage|p1a: Kyurem|0 fnt
|faint|p1a: Kyurem
|
|upkeep
|
|t:|1779599000
|switch|p1a: Zamazenta|Zamazenta|100/100
|-ability|p1a: Zamazenta|Dauntless Shield|boost
|-boost|p1a: Zamazenta|def|1
|turn|15
|
|t:|1779599014
|move|p2a: Sandy Shocks|Earth Power|p1a: Zamazenta
|-damage|p1a: Zamazenta|64/100
|move|p1a: Zamazenta|Ice Fang|p2a: Sandy Shocks
|-supereffective|p2a: Sandy Shocks
|-damage|p2a: Sandy Shocks|24/100
|-damage|p1a: Zamazenta|54/100|[from] item: Life Orb
|
|upkeep
|turn|16
|
|t:|1779599026
|move|p2a: Sandy Shocks|Thunderbolt|p1a: Zamazenta
|-damage|p1a: Zamazenta|13/100
|move|p1a: Zamazenta|Close Combat|p2a: Sandy Shocks
|-damage|p2a: Sandy Shocks|0 fnt
|-unboost|p1a: Zamazenta|def|1
|-unboost|p1a: Zamazenta|spd|1
|faint|p2a: Sandy Shocks
|-end|p2a: Sandy Shocks|Protosynthesis|[silent]
|-damage|p1a: Zamazenta|3/100|[from] item: Life Orb
|
|upkeep
|
|t:|1779599037
|switch|p2a: Cinderace|Cinderace, F|100/100
|turn|17
|
|t:|1779599039
|move|p2a: Cinderace|Sucker Punch|p1a: Zamazenta
|-start|p2a: Cinderace|typechange|Dark|[from] ability: Libero
|-resisted|p1a: Zamazenta
|-damage|p1a: Zamazenta|0 fnt
|faint|p1a: Zamazenta
|
|upkeep
|
|t:|1779599041
|switch|p1a: Volcanion|Volcanion|74/100
|turn|18
|
|t:|1779599047
|move|p2a: Cinderace|High Jump Kick|p1a: Volcanion
|-damage|p1a: Volcanion|42/100
|move|p1a: Volcanion|Steam Eruption|p2a: Cinderace
|-damage|p2a: Cinderace|5/100
|-status|p2a: Cinderace|brn
|
|-damage|p2a: Cinderace|0 fnt|[from] brn
|faint|p2a: Cinderace
|upkeep
|
|t:|1779599057
|switch|p2a: Kingambit|Kingambit, M|100/100
|-damage|p2a: Kingambit|94/100|[from] Stealth Rock
|-activate|p2a: Kingambit|ability: Supreme Overlord
|-start|p2a: Kingambit|fallen4|[silent]
|turn|19
|
|t:|1779599060
|move|p2a: Kingambit|Sucker Punch|p1a: Volcanion
|-damage|p1a: Volcanion|0 fnt
|faint|p1a: Volcanion
|
|win|backw1thm1lk
|raw|alxiz⏣⏑⏣'s rating: 1497 &rarr; <strong>1474</strong><br />(-23 for losing)
|raw|backw1thm1lk's rating: 1445 &rarr; <strong>1468</strong><br />(+23 for winning)
|l|☆backw1thm1lk
|player|p2|
