|j|☆BerTheBlackestOne
|j|☆j4ws96
|t:|1779584960
|gametype|singles
|player|p1|BerTheBlackestOne|samsonoak|1197
|player|p2|j4ws96|265|1190
|gen|9
|tier|[Gen 9] OU
|rated|
|rule|HP Percentage Mod: HP is shown in percentages
|rule|Endless Battle Clause: Forcing endless battles is banned
|rule|Species Clause: Limit one of each Pokémon
|rule|OHKO Clause: OHKO moves are banned
|rule|Evasion Items Clause: Evasion items are banned
|rule|Evasion Moves Clause: Evasion moves are banned
|rule|Evasion Abilities Clause: Evasion abilities are banned
|rule|Sleep Moves Clause: Sleep-inducing moves are banned
|clearpoke
|poke|p1|Kilowattrel, M|
|poke|p1|Crocalor, M|
|poke|p1|Carbink|
|poke|p1|Bronzong|
|poke|p1|Decidueye-Hisui, F|
|poke|p1|Malamar, M|
|poke|p2|Samurott-Hisui, M|
|poke|p2|Gliscor, F|
|poke|p2|Heatran, F|
|poke|p2|Zapdos|
|poke|p2|Zamazenta-*|
|poke|p2|Great Tusk|
|teampreview
|inactive|Battle timer is ON: inactive players will automatically lose when time's up. (requested by j4ws96)
|
|t:|1779584986
|teamsize|p1|6
|teamsize|p2|6
|start
|switch|p1a: Willian Lemos|Bronzong|100/100
|switch|p2a: Samurott|Samurott-Hisui, M|100/100
|turn|1
|
|t:|1779585000
|switch|p1a: Tortillas|Decidueye-Hisui, F|100/100
|move|p2a: Samurott|Ceaseless Edge|p1a: Tortillas
|-resisted|p1a: Tortillas
|-damage|p1a: Tortillas|83/100
|-sidestart|p1: BerTheBlackestOne|Spikes
|
|upkeep
|turn|2
|
|t:|1779585011
|move|p2a: Samurott|Flip Turn|p1a: Tortillas
|-resisted|p1a: Tortillas
|-crit|p1a: Tortillas
|-damage|p1a: Tortillas|69/100
|
|t:|1779585014
|switch|p2a: Zapdos|Zapdos|100/100|[from] Flip Turn
|move|p1a: Tortillas|Triple Arrows|p2a: Zapdos
|-resisted|p2a: Zapdos
|-crit|p2a: Zapdos
|-damage|p2a: Zapdos|79/100
|-unboost|p2a: Zapdos|def|1
|
|upkeep
|turn|3
|
|t:|1779585034
|switch|p1a: Flash|Kilowattrel, M, shiny|100/100
|move|p2a: Zapdos|Hurricane|p1a: Flash
|-resisted|p1a: Flash
|-damage|p1a: Flash|56/100
|
|upkeep
|turn|4
|
|t:|1779585046
|switch|p2a: Gliscor|Gliscor, F|100/100
|move|p1a: Flash|Roost|p1a: Flash
|-heal|p1a: Flash|100/100
|-singleturn|p1a: Flash|move: Roost
|
|-status|p2a: Gliscor|tox|[from] item: Toxic Orb
|upkeep
|turn|5
|
|t:|1779585054
|switch|p1a: Willian Lemos|Bronzong|100/100
|move|p2a: Gliscor|Swords Dance|p2a: Gliscor
|-boost|p2a: Gliscor|atk|2
|
|upkeep
|turn|6
|
|t:|1779585061
|move|p2a: Gliscor|Facade|p1a: Willian Lemos
|-resisted|p1a: Willian Lemos
|-damage|p1a: Willian Lemos|73/100
|move|p1a: Willian Lemos|Iron Defense|p1a: Willian Lemos
|-boost|p1a: Willian Lemos|def|2
|
|-heal|p1a: Willian Lemos|79/100|[from] item: Leftovers
|upkeep
|turn|7
|
|t:|1779585074
|switch|p2a: Samurott|Samurott-Hisui, M|100/100
|move|p1a: Willian Lemos|Body Press|p2a: Samurott
|-supereffective|p2a: Samurott
|-crit|p2a: Samurott
|-enditem|p2a: Samurott|Focus Sash
|-damage|p2a: Samurott|1/100
|
|-heal|p1a: Willian Lemos|86/100|[from] item: Leftovers
|upkeep
|turn|8
|
|t:|1779585086
|switch|p1a: Tortillas|Decidueye-Hisui, F|69/100
|move|p2a: Samurott|Ceaseless Edge|p1a: Tortillas
|-resisted|p1a: Tortillas
|-damage|p1a: Tortillas|53/100
|-sidestart|p1: BerTheBlackestOne|Spikes
|
|upkeep
|turn|9
|
|t:|1779585091
|move|p2a: Samurott|Flip Turn|p1a: Tortillas
|-resisted|p1a: Tortillas
|-damage|p1a: Tortillas|42/100
|
|t:|1779585100
|switch|p2a: Great Tusk|Great Tusk|100/100|[from] Flip Turn
|-enditem|p2a: Great Tusk|Booster Energy
|-activate|p2a: Great Tusk|ability: Protosynthesis|[fromitem]
|-start|p2a: Great Tusk|protosynthesisatk
|move|p1a: Tortillas|Defog|p2a: Great Tusk
|-unboost|p2a: Great Tusk|evasion|1
|-sideend|p1: BerTheBlackestOne|Spikes|[from] move: Defog|[of] p1a: Tortillas
|
|upkeep
|turn|10
|
|t:|1779585116
|switch|p1a: Mineral|Carbink|100/100
|move|p2a: Great Tusk|Ice Spinner|p1a: Mineral
|-damage|p1a: Mineral|80/100
|
|upkeep
|turn|11
|
|t:|1779585131
|move|p2a: Great Tusk|Headlong Rush|p1a: Mineral
|-supereffective|p1a: Mineral
|-crit|p1a: Mineral
|-damage|p1a: Mineral|0 fnt
|-unboost|p2a: Great Tusk|def|1
|-unboost|p2a: Great Tusk|spd|1
|faint|p1a: Mineral
|
|upkeep
|
|t:|1779585143
|switch|p1a: Flash|Kilowattrel, M, shiny|100/100
|turn|12
|
|t:|1779585146
|-terastallize|p2a: Great Tusk|Ice
|move|p1a: Flash|Hurricane|p2a: Great Tusk
|-damage|p2a: Great Tusk|0 fnt
|faint|p2a: Great Tusk
|-end|p2a: Great Tusk|Protosynthesis|[silent]
|
|upkeep
|
|t:|1779585153
|switch|p2a: Heatran|Heatran, F|100/100
|turn|13
|
|t:|1779585176
|switch|p1a: Espinafre|Malamar, M, shiny|100/100
|move|p2a: Heatran|Stealth Rock|p1a: Espinafre
|-sidestart|p1: BerTheBlackestOne|move: Stealth Rock
|
|upkeep
|turn|14
|
|t:|1779585181
|switch|p2a: Gliscor|Gliscor, F|100/100 tox
|move|p1a: Espinafre|Superpower|p2a: Gliscor
|-resisted|p2a: Gliscor
|-damage|p2a: Gliscor|92/100 tox
|-boost|p1a: Espinafre|atk|1
|-boost|p1a: Espinafre|def|1
|
|-heal|p2a: Gliscor|100/100 tox|[from] ability: Poison Heal
|upkeep
|turn|15
|
|t:|1779585191
|move|p2a: Gliscor|Swords Dance|p2a: Gliscor
|-boost|p2a: Gliscor|atk|2
|move|p1a: Espinafre|Superpower|p2a: Gliscor
|-resisted|p2a: Gliscor
|-damage|p2a: Gliscor|88/100 tox
|-boost|p1a: Espinafre|atk|1
|-boost|p1a: Espinafre|def|1
|
|-heal|p2a: Gliscor|100/100 tox|[from] ability: Poison Heal
|upkeep
|turn|16
|
|t:|1779585197
|move|p2a: Gliscor|Facade|p1a: Espinafre
|-damage|p1a: Espinafre|69/100
|move|p1a: Espinafre|Knock Off|p2a: Gliscor
|-damage|p2a: Gliscor|62/100 tox
|-enditem|p2a: Gliscor|Toxic Orb|[from] move: Knock Off|[of] p1a: Espinafre
|
|-heal|p1a: Espinafre|75/100|[from] item: Leftovers
|-heal|p2a: Gliscor|74/100 tox|[from] ability: Poison Heal
|upkeep
|turn|17
|
|t:|1779585203
|move|p2a: Gliscor|Facade|p1a: Espinafre
|-damage|p1a: Espinafre|45/100
|move|p1a: Espinafre|Superpower|p2a: Gliscor
|-resisted|p2a: Gliscor
|-crit|p2a: Gliscor
|-damage|p2a: Gliscor|51/100 tox
|-boost|p1a: Espinafre|atk|1
|-boost|p1a: Espinafre|def|1
|
|-heal|p1a: Espinafre|51/100|[from] item: Leftovers
|-heal|p2a: Gliscor|63/100 tox|[from] ability: Poison Heal
|upkeep
|turn|18
|
|t:|1779585212
|move|p2a: Gliscor|Earthquake|p1a: Espinafre
|-damage|p1a: Espinafre|26/100
|move|p1a: Espinafre|Rest|p1a: Espinafre
|-status|p1a: Espinafre|slp|[from] move: Rest
|-heal|p1a: Espinafre|100/100 slp|[silent]
|
|-heal|p2a: Gliscor|76/100 tox|[from] ability: Poison Heal
|upkeep
|turn|19
|
|t:|1779585220
|switch|p2a: Heatran|Heatran, F|100/100
|cant|p1a: Espinafre|slp
|move|p1a: Espinafre|Sleep Talk|p1a: Espinafre
|move|p1a: Espinafre|Knock Off|p2a: Heatran|[from] move: Sleep Talk
|-damage|p2a: Heatran|40/100
|-enditem|p2a: Heatran|Leftovers|[from] move: Knock Off|[of] p1a: Espinafre
|
|upkeep
|turn|20
|
|t:|1779585229
|move|p2a: Heatran|Lava Plume|p1a: Espinafre
|-damage|p1a: Espinafre|70/100 slp
|cant|p1a: Espinafre|slp
|move|p1a: Espinafre|Sleep Talk|p1a: Espinafre
|move|p1a: Espinafre|Superpower|p2a: Heatran|[from] move: Sleep Talk
|-supereffective|p2a: Heatran
|-damage|p2a: Heatran|0 fnt
|-boost|p1a: Espinafre|atk|1
|-boost|p1a: Espinafre|def|1
|faint|p2a: Heatran
|
|-heal|p1a: Espinafre|76/100 slp|[from] item: Leftovers
|upkeep
|
|t:|1779585234
|switch|p2a: Zapdos|Zapdos|79/100
|turn|21
|
|t:|1779585241
|move|p2a: Zapdos|Hurricane|p1a: Espinafre|[miss]
|-miss|p2a: Zapdos|p1a: Espinafre
|-curestatus|p1a: Espinafre|slp|[msg]
|move|p1a: Espinafre|Knock Off|p2a: Zapdos
|-damage|p2a: Zapdos|10/100
|-enditem|p2a: Zapdos|Heavy-Duty Boots|[from] move: Knock Off|[of] p1a: Espinafre
|
|-heal|p1a: Espinafre|82/100|[from] item: Leftovers
|upkeep
|turn|22
|
|t:|1779585246
|move|p2a: Zapdos|Hurricane|p1a: Espinafre
|-damage|p1a: Espinafre|43/100
|move|p1a: Espinafre|Superpower|p2a: Zapdos
|-resisted|p2a: Zapdos
|-damage|p2a: Zapdos|0 fnt
|-boost|p1a: Espinafre|atk|1
|-boost|p1a: Espinafre|def|1
|faint|p2a: Zapdos
|
|-heal|p1a: Espinafre|49/100|[from] item: Leftovers
|upkeep
|
|t:|1779585251
|switch|p2a: Gliscor|Gliscor, F|76/100 tox
|turn|23
|-message|j4ws96 forfeited.
|
|win|BerTheBlackestOne
|raw|BerTheBlackestOne's rating: 1197 &rarr; <strong>1221</strong><br />(+24 for winning)
|raw|j4ws96's rating: 1190 &rarr; <strong>1166</strong><br />(-24 for losing)
|l|☆j4ws96
|player|p2|
|l|☆BerTheBlackestOne
|player|p1|
