|badge|p1|bronze|gen9ou|100-9
|uhtml|medal-msg|<div class="broadcast-blue">Curious what those medals under the avatar are? PS now has Ladder Seasons! For more information, check out the <a href="https://www.smogon.com/forums/threads/3740067/">thread on Smogon.</a></div>
|j|‽ClRCUS MAXIMUS
|j|☆kshuaib734
|t:|1779653579
|gametype|singles
|player|p1|ClRCUS MAXIMUS|rood|1766
|player|p2|kshuaib734|steven|1841
|gen|9
|tier|[Gen 9] OU
|rated|
|rule|HP Percentage Mod: HP is shown in percentages
|rule|Endless Battle Clause: Forcing endless battles is banned
|rule|Species Clause: Limit one of each Pokémon
|rule|OHKO Clause: OHKO moves are banned
|rule|Evasion Items Clause: Evasion items are banned
|rule|Evasion Moves Clause: Evasion moves are banned
|rule|Evasion Abilities Clause: Evasion abilities are banned
|rule|Sleep Moves Clause: Sleep-inducing moves are banned
|clearpoke
|poke|p1|Ribombee, M|
|poke|p1|Gholdengo|
|poke|p1|Great Tusk|
|poke|p1|Raging Bolt|
|poke|p1|Ogerpon-Cornerstone, F|
|poke|p1|Ceruledge, M|
|poke|p2|Tyranitar, M|
|poke|p2|Zapdos|
|poke|p2|Pelipper, M|
|poke|p2|Quaquaval, F|
|poke|p2|Kingdra, F|
|poke|p2|Excadrill, M|
|teampreview
|inactive|Battle timer is ON: inactive players will automatically lose when time's up. (requested by kshuaib734)
|j| broflopieopp
|
|t:|1779653602
|teamsize|p1|6
|teamsize|p2|6
|start
|switch|p1a: Ogerpon|Ogerpon-Cornerstone, F|100/100
|switch|p2a: King Tyrant|Tyranitar, M|100/100
|-weather|Sandstorm|[from] ability: Sand Stream|[of] p2a: King Tyrant
|turn|1
|
|t:|1779653609
|-terastallize|p2a: King Tyrant|Ghost
|move|p1a: Ogerpon|Power Whip|p2a: King Tyrant
|-damage|p2a: King Tyrant|44/100
|move|p2a: King Tyrant|Stealth Rock|p1a: Ogerpon
|-sidestart|p1: ClRCUS MAXIMUS|move: Stealth Rock
|
|-weather|Sandstorm|[upkeep]
|-damage|p2a: King Tyrant|38/100|[from] Sandstorm
|upkeep
|turn|2
|
|t:|1779653623
|switch|p2a: Tyrant's Legacy|Excadrill, M|100/100
|move|p1a: Ogerpon|Ivy Cudgel|p2a: Tyrant's Legacy|[anim] Ivy Cudgel Rock
|-resisted|p2a: Tyrant's Legacy
|-damage|p2a: Tyrant's Legacy|76/100
|
|-weather|Sandstorm|[upkeep]
|upkeep
|turn|3
|
|t:|1779653629
|move|p2a: Tyrant's Legacy|Iron Head|p1a: Ogerpon
|-supereffective|p1a: Ogerpon
|-ability|p1a: Ogerpon|Sturdy
|-damage|p1a: Ogerpon|1/100
|-damage|p2a: Tyrant's Legacy|66/100|[from] item: Life Orb
|move|p1a: Ogerpon|Low Kick|p2a: Tyrant's Legacy
|-supereffective|p2a: Tyrant's Legacy
|-damage|p2a: Tyrant's Legacy|0 fnt
|faint|p2a: Tyrant's Legacy
|
|-weather|Sandstorm|[upkeep]
|upkeep
|
|t:|1779653641
|switch|p2a: Tyrant's Endgame|Quaquaval, F|100/100
|turn|4
|
|t:|1779653649
|move|p2a: Tyrant's Endgame|Aqua Jet|p1a: Ogerpon
|-damage|p1a: Ogerpon|0 fnt
|faint|p1a: Ogerpon
|-ability|p2a: Tyrant's Endgame|Moxie|boost
|-boost|p2a: Tyrant's Endgame|atk|1
|
|-weather|Sandstorm|[upkeep]
|-damage|p2a: Tyrant's Endgame|94/100|[from] Sandstorm
|upkeep
|
|t:|1779653657
|switch|p1a: Raging Bolt|Raging Bolt|100/100
|-damage|p1a: Raging Bolt|88/100|[from] Stealth Rock
|-enditem|p1a: Raging Bolt|Booster Energy
|-activate|p1a: Raging Bolt|ability: Protosynthesis|[fromitem]
|-start|p1a: Raging Bolt|protosynthesisspa
|turn|5
|
|t:|1779653683
|switch|p2a: King Tyrant|Tyranitar, M, tera:Ghost|38/100
|move|p1a: Raging Bolt|Thunderbolt|p2a: King Tyrant
|-damage|p2a: King Tyrant|0 fnt
|faint|p2a: King Tyrant
|
|-weather|none
|upkeep
|j| ecall
|inactive|kshuaib734 has 120 seconds left.
|
|t:|1779653718
|switch|p2a: Tyrant's Vengeance|Kingdra, F|100/100
|turn|6
|
|t:|1779653721
|switch|p2a: Tyrant's Downpour|Pelipper, M|100/100
|-weather|RainDance|[from] ability: Drizzle|[of] p2a: Tyrant's Downpour
|-end|p1a: Raging Bolt|Protosynthesis|[silent]
|switch|p1a: Ribombee|Ribombee, M, shiny|100/100
|-damage|p1a: Ribombee|76/100|[from] Stealth Rock
|
|-weather|RainDance|[upkeep]
|upkeep
|turn|7
|
|t:|1779653747
|move|p1a: Ribombee|Sticky Web|p2a: Tyrant's Downpour
|-sidestart|p2: kshuaib734|move: Sticky Web
|move|p2a: Tyrant's Downpour|Hurricane|p1a: Ribombee
|-supereffective|p1a: Ribombee
|-damage|p1a: Ribombee|0 fnt
|faint|p1a: Ribombee
|
|-weather|RainDance|[upkeep]
|upkeep
|
|t:|1779653755
|switch|p1a: Great Tusk|Great Tusk, shiny|100/100
|-damage|p1a: Great Tusk|98/100|[from] Stealth Rock
|-enditem|p1a: Great Tusk|Booster Energy
|-activate|p1a: Great Tusk|ability: Protosynthesis|[fromitem]
|-start|p1a: Great Tusk|protosynthesisatk
|turn|8
|
|t:|1779653762
|move|p1a: Great Tusk|Rapid Spin|p2a: Tyrant's Downpour
|-damage|p2a: Tyrant's Downpour|82/100
|-boost|p1a: Great Tusk|spe|1
|-sideend|p1: ClRCUS MAXIMUS|Stealth Rock|[from] move: Rapid Spin|[of] p1a: Great Tusk
|move|p2a: Tyrant's Downpour|Weather Ball|p1a: Great Tusk
|-supereffective|p1a: Great Tusk
|-damage|p1a: Great Tusk|0 fnt
|faint|p1a: Great Tusk
|-end|p1a: Great Tusk|Protosynthesis|[silent]
|
|-weather|RainDance|[upkeep]
|upkeep
|
|t:|1779653771
|switch|p1a: Raging Bolt|Raging Bolt|88/100
|turn|9
|
|t:|1779653778
|move|p1a: Raging Bolt|Calm Mind|p1a: Raging Bolt
|-boost|p1a: Raging Bolt|spa|1
|-boost|p1a: Raging Bolt|spd|1
|move|p2a: Tyrant's Downpour|Weather Ball|p1a: Raging Bolt
|-resisted|p1a: Raging Bolt
|-crit|p1a: Raging Bolt
|-damage|p1a: Raging Bolt|49/100
|
|-weather|RainDance|[upkeep]
|upkeep
|turn|10
|inactive|kshuaib734 has 120 seconds left.
|
|t:|1779653786
|move|p1a: Raging Bolt|Calm Mind|p1a: Raging Bolt
|-boost|p1a: Raging Bolt|spa|1
|-boost|p1a: Raging Bolt|spd|1
|move|p2a: Tyrant's Downpour|Hurricane|p1a: Raging Bolt
|-resisted|p1a: Raging Bolt
|-damage|p1a: Raging Bolt|40/100
|
|-weather|RainDance|[upkeep]
|upkeep
|turn|11
|j| Kyurem
|
|t:|1779653796
|move|p1a: Raging Bolt|Thunderbolt|p2a: Tyrant's Downpour
|-supereffective|p2a: Tyrant's Downpour
|-damage|p2a: Tyrant's Downpour|0 fnt
|faint|p2a: Tyrant's Downpour
|
|-weather|RainDance|[upkeep]
|upkeep
|
|t:|1779653801
|switch|p2a: Tyrant's Endgame|Quaquaval, F|94/100
|-activate|p2a: Tyrant's Endgame|move: Sticky Web
|-unboost|p2a: Tyrant's Endgame|spe|1
|turn|12
|
|t:|1779653806
|move|p1a: Raging Bolt|Thunderclap|p2a: Tyrant's Endgame
|-supereffective|p2a: Tyrant's Endgame
|-damage|p2a: Tyrant's Endgame|0 fnt
|faint|p2a: Tyrant's Endgame
|
|-weather|RainDance|[upkeep]
|upkeep
|
|t:|1779653814
|switch|p2a: Tyrant's Enforcer|Zapdos|100/100
|turn|13
|
|t:|1779653817
|move|p2a: Tyrant's Enforcer|Hurricane|p1a: Raging Bolt
|-resisted|p1a: Raging Bolt
|-damage|p1a: Raging Bolt|27/100
|-start|p1a: Raging Bolt|confusion
|-activate|p1a: Raging Bolt|confusion
|move|p1a: Raging Bolt|Thunderbolt|p2a: Tyrant's Enforcer
|-damage|p2a: Tyrant's Enforcer|0 fnt
|faint|p2a: Tyrant's Enforcer
|
|-weather|none
|upkeep
|
|t:|1779653826
|switch|p2a: Tyrant's Vengeance|Kingdra, F|100/100
|-activate|p2a: Tyrant's Vengeance|move: Sticky Web
|-unboost|p2a: Tyrant's Vengeance|spe|1
|turn|14
|
|t:|1779653830
|-activate|p1a: Raging Bolt|confusion
|move|p1a: Raging Bolt|Thunderclap|p2a: Tyrant's Vengeance
|-damage|p2a: Tyrant's Vengeance|0 fnt
|faint|p2a: Tyrant's Vengeance
|
|win|ClRCUS MAXIMUS
|raw|ClRCUS MAXIMUS's rating: 1747 &rarr; <strong>1772</strong><br />(+25 for winning)
|raw|kshuaib734's rating: 1841 &rarr; <strong>1816</strong><br />(-25 for losing)
|l| ecall
|l|☆kshuaib734
|player|p2|
|l| broflopieopp
|l| Kyurem
|l|‽ClRCUS MAXIMUS
|player|p1|
