|j|☆HokaHemat
|j|☆Yukinoshitafan1234
|t:|1779719027
|gametype|singles
|player|p1|HokaHemat|101|1057
|player|p2|Yukinoshitafan1234|ghetsis|1094
|gen|9
|tier|[Gen 9] OU
|rated|
|rule|HP Percentage Mod: HP is shown in percentages
|rule|Endless Battle Clause: Forcing endless battles is banned
|rule|Species Clause: Limit one of each Pokémon
|rule|OHKO Clause: OHKO moves are banned
|rule|Evasion Items Clause: Evasion items are banned
|rule|Evasion Moves Clause: Evasion moves are banned
|rule|Evasion Abilities Clause: Evasion abilities are banned
|rule|Sleep Moves Clause: Sleep-inducing moves are banned
|clearpoke
|poke|p1|Kingambit, M|
|poke|p1|Staraptor, F|
|poke|p1|Ninetales, F|
|poke|p1|Rillaboom, M|
|poke|p1|Great Tusk|
|poke|p1|Clefable, M|
|poke|p2|Pelipper, M|
|poke|p2|Regieleki|
|poke|p2|Dragonite, F|
|poke|p2|Thundurus-Therian, M|
|poke|p2|Araquanid, M|
|poke|p2|Barraskewda, F|
|teampreview
|
|t:|1779719030
|teamsize|p1|6
|teamsize|p2|6
|start
|switch|p1a: Staraptor|Staraptor, F|100/100
|switch|p2a: Araquanid|Araquanid, M|100/100
|-ability|p1a: Staraptor|Intimidate|boost
|-unboost|p2a: Araquanid|atk|1
|turn|1
|
|t:|1779719039
|switch|p2a: Regieleki|Regieleki|100/100
|move|p1a: Staraptor|Final Gambit|p2a: Regieleki
|-damage|p2a: Regieleki|0 fnt
|faint|p1a: Staraptor
|faint|p2a: Regieleki
|
|upkeep
|
|t:|1779719047
|switch|p2a: Pelipper|Pelipper, M|100/100
|switch|p1a: Clefable|Clefable, M|100/100
|-weather|RainDance|[from] ability: Drizzle|[of] p2a: Pelipper
|turn|2
|
|t:|1779719053
|move|p2a: Pelipper|Weather Ball|p1a: Clefable
|-damage|p1a: Clefable|46/100
|move|p1a: Clefable|Thunder Wave|p2a: Pelipper
|-status|p2a: Pelipper|par
|
|-weather|RainDance|[upkeep]
|-heal|p1a: Clefable|52/100|[from] item: Leftovers
|upkeep
|turn|3
|
|t:|1779719061
|switch|p2a: Barraskewda|Barraskewda, F|100/100
|move|p1a: Clefable|Stealth Rock|p2a: Barraskewda
|-sidestart|p2: Yukinoshitafan1234|move: Stealth Rock
|
|-weather|RainDance|[upkeep]
|-heal|p1a: Clefable|58/100|[from] item: Leftovers
|upkeep
|turn|4
|
|t:|1779719068
|move|p2a: Barraskewda|Flip Turn|p1a: Clefable
|-damage|p1a: Clefable|3/100
|
|t:|1779719078
|switch|p2a: Pelipper|Pelipper, M|100/100 par|[from] Flip Turn
|move|p1a: Clefable|Moonlight|p1a: Clefable
|-heal|p1a: Clefable|27/100
|
|-weather|RainDance|[upkeep]
|-heal|p1a: Clefable|33/100|[from] item: Leftovers
|upkeep
|turn|5
|
|t:|1779719088
|move|p1a: Clefable|Moonlight|p1a: Clefable
|-heal|p1a: Clefable|58/100
|move|p2a: Pelipper|Hurricane|p1a: Clefable
|-damage|p1a: Clefable|20/100
|
|-weather|RainDance|[upkeep]
|-heal|p1a: Clefable|26/100|[from] item: Leftovers
|upkeep
|turn|6
|
|t:|1779719097
|switch|p1a: Rillaboom|Rillaboom, M|100/100
|-fieldstart|move: Grassy Terrain|[from] ability: Grassy Surge|[of] p1a: Rillaboom
|move|p2a: Pelipper|Weather Ball|p1a: Rillaboom
|-resisted|p1a: Rillaboom
|-damage|p1a: Rillaboom|65/100
|
|-weather|none
|-heal|p1a: Rillaboom|72/100|[from] Grassy Terrain
|upkeep
|turn|7
|
|t:|1779719107
|switch|p2a: Araquanid|Araquanid, M|100/100
|move|p1a: Rillaboom|Grassy Glide|p2a: Araquanid
|-damage|p2a: Araquanid|39/100
|
|-heal|p1a: Rillaboom|78/100|[from] Grassy Terrain
|-heal|p2a: Araquanid|45/100|[from] Grassy Terrain
|upkeep
|turn|8
|
|t:|1779719120
|switch|p1a: Great Tusk|Great Tusk|100/100
|-enditem|p1a: Great Tusk|Booster Energy
|-activate|p1a: Great Tusk|ability: Protosynthesis|[fromitem]
|-start|p1a: Great Tusk|protosynthesisspe
|move|p2a: Araquanid|Lunge|p1a: Great Tusk
|-resisted|p1a: Great Tusk
|-damage|p1a: Great Tusk|92/100
|-unboost|p1a: Great Tusk|atk|1
|
|-heal|p1a: Great Tusk|98/100|[from] Grassy Terrain
|-heal|p2a: Araquanid|52/100|[from] Grassy Terrain
|upkeep
|turn|9
|
|t:|1779719137
|move|p1a: Great Tusk|Headlong Rush|p2a: Araquanid
|-resisted|p2a: Araquanid
|-damage|p2a: Araquanid|34/100
|-unboost|p1a: Great Tusk|def|1
|-unboost|p1a: Great Tusk|spd|1
|move|p2a: Araquanid|Liquidation|p1a: Great Tusk
|-supereffective|p1a: Great Tusk
|-damage|p1a: Great Tusk|0 fnt
|faint|p1a: Great Tusk
|-end|p1a: Great Tusk|Protosynthesis|[silent]
|
|-heal|p2a: Araquanid|40/100|[from] Grassy Terrain
|upkeep
|
|t:|1779719149
|switch|p1a: Rillaboom|Rillaboom, M|78/100
|turn|10
|
|t:|1779719152
|switch|p2a: Dragonite|Dragonite, F|100/100
|move|p1a: Rillaboom|Grassy Glide|p2a: Dragonite
|-resisted|p2a: Dragonite
|-crit|p2a: Dragonite
|-damage|p2a: Dragonite|91/100
|
|-heal|p1a: Rillaboom|84/100|[from] Grassy Terrain
|-fieldend|move: Grassy Terrain
|upkeep
|turn|11
|
|t:|1779719161
|move|p1a: Rillaboom|Grassy Glide|p2a: Dragonite
|-resisted|p2a: Dragonite
|-damage|p2a: Dragonite|82/100
|move|p2a: Dragonite|Dragon Dance|p2a: Dragonite
|-boost|p2a: Dragonite|atk|1
|-boost|p2a: Dragonite|spe|1
|
|upkeep
|turn|12
|
|t:|1779719179
|move|p2a: Dragonite|Dragon Dance|p2a: Dragonite
|-boost|p2a: Dragonite|atk|1
|-boost|p2a: Dragonite|spe|1
|move|p1a: Rillaboom|Grassy Glide|p2a: Dragonite
|-resisted|p2a: Dragonite
|-damage|p2a: Dragonite|71/100
|
|upkeep
|turn|13
|
|t:|1779719186
|switch|p1a: Ninetales|Ninetales, F|100/100
|move|p2a: Dragonite|Dragon Dance|p2a: Dragonite
|-boost|p2a: Dragonite|atk|1
|-boost|p2a: Dragonite|spe|1
|
|upkeep
|turn|14
|
|t:|1779719192
|move|p2a: Dragonite|Extreme Speed|p1a: Ninetales
|-crit|p1a: Ninetales
|-damage|p1a: Ninetales|0 fnt
|-damage|p2a: Dragonite|54/100|[from] item: Rocky Helmet|[of] p1a: Ninetales
|faint|p1a: Ninetales
|
|upkeep
|
|t:|1779719199
|switch|p1a: Rillaboom|Rillaboom, M|84/100
|-fieldstart|move: Grassy Terrain|[from] ability: Grassy Surge|[of] p1a: Rillaboom
|turn|15
|
|t:|1779719205
|move|p2a: Dragonite|Extreme Speed|p1a: Rillaboom
|-damage|p1a: Rillaboom|19/100
|move|p1a: Rillaboom|Knock Off|p2a: Dragonite
|-damage|p2a: Dragonite|6/100
|-enditem|p2a: Dragonite|Heavy-Duty Boots|[from] move: Knock Off|[of] p1a: Rillaboom
|
|-heal|p1a: Rillaboom|25/100|[from] Grassy Terrain
|upkeep
|turn|16
|
|t:|1779719216
|move|p2a: Dragonite|Extreme Speed|p1a: Rillaboom
|-damage|p1a: Rillaboom|0 fnt
|faint|p1a: Rillaboom
|
|upkeep
|
|t:|1779719220
|switch|p1a: Clefable|Clefable, M|26/100
|turn|17
|
|t:|1779719224
|move|p2a: Dragonite|Extreme Speed|p1a: Clefable
|-damage|p1a: Clefable|0 fnt
|faint|p1a: Clefable
|
|upkeep
|
|t:|1779719228
|switch|p1a: Kingambit|Kingambit, M|100/100
|-activate|p1a: Kingambit|ability: Supreme Overlord
|-start|p1a: Kingambit|fallen5|[silent]
|turn|18
|
|t:|1779719234
|move|p2a: Dragonite|Extreme Speed|p1a: Kingambit
|-resisted|p1a: Kingambit
|-damage|p1a: Kingambit|74/100
|move|p1a: Kingambit|Sucker Punch||[still]
|-fail|p1a: Kingambit
|
|-heal|p1a: Kingambit|80/100|[from] Grassy Terrain
|upkeep
|turn|19
|
|t:|1779719243
|move|p2a: Dragonite|Extreme Speed|p1a: Kingambit
|-resisted|p1a: Kingambit
|-damage|p1a: Kingambit|53/100
|move|p1a: Kingambit|Iron Head|p2a: Dragonite
|-damage|p2a: Dragonite|0 fnt
|faint|p2a: Dragonite
|
|-heal|p1a: Kingambit|59/100|[from] Grassy Terrain
|-fieldend|move: Grassy Terrain
|upkeep
|
|t:|1779719251
|switch|p2a: Pelipper|Pelipper, M|100/100 par
|-weather|RainDance|[from] ability: Drizzle|[of] p2a: Pelipper
|turn|20
|
|t:|1779719259
|move|p1a: Kingambit|Kowtow Cleave|p2a: Pelipper
|-damage|p2a: Pelipper|29/100 par
|move|p2a: Pelipper|Weather Ball|p1a: Kingambit
|-damage|p1a: Kingambit|4/100
|
|-weather|RainDance|[upkeep]
|upkeep
|turn|21
|
|t:|1779719267
|move|p1a: Kingambit|Kowtow Cleave|p2a: Pelipper
|-damage|p2a: Pelipper|0 fnt
|faint|p2a: Pelipper
|
|-weather|RainDance|[upkeep]
|upkeep
|
|t:|1779719269
|switch|p2a: Thundurus|Thundurus-Therian, M|100/100
|turn|22
|
|t:|1779719281
|-terastallize|p2a: Thundurus|Fighting
|move|p2a: Thundurus|Thunder|p1a: Kingambit
|-damage|p1a: Kingambit|0 fnt
|faint|p1a: Kingambit
|-end|p1a: Kingambit|fallen5|[silent]
|
|win|Yukinoshitafan1234
|raw|HokaHemat's rating: 1057 &rarr; <strong>1040</strong><br />(-17 for losing)
|raw|Yukinoshitafan1234's rating: 1094 &rarr; <strong>1117</strong><br />(+23 for winning)
|l|☆Yukinoshitafan1234
|player|p2|
|c|☆HokaHemat|GG
