|j|☆kawaiiangel2
|j|☆slimduncan69
|t:|1779681549
|gametype|singles
|player|p1|kawaiiangel2|scientistf|1352
|player|p2|slimduncan69|hoopster|1368
|gen|9
|tier|[Gen 9] OU
|rated|
|rule|HP Percentage Mod: HP is shown in percentages
|rule|Endless Battle Clause: Forcing endless battles is banned
|rule|Species Clause: Limit one of each Pokémon
|rule|OHKO Clause: OHKO moves are banned
|rule|Evasion Items Clause: Evasion items are banned
|rule|Evasion Moves Clause: Evasion moves are banned
|rule|Evasion Abilities Clause: Evasion abilities are banned
|rule|Sleep Moves Clause: Sleep-inducing moves are banned
|clearpoke
|poke|p1|Gholdengo|
|poke|p1|Kingambit, M|
|poke|p1|Clodsire, M|
|poke|p1|Iron Valiant|
|poke|p1|Rotom-Wash|
|poke|p1|Dragonite, F|
|poke|p2|Porygon2|
|poke|p2|Hatterene, F|
|poke|p2|Pecharunt|
|poke|p2|Ursaluna, F|
|poke|p2|Kingambit, M|
|poke|p2|Necrozma|
|teampreview
|
|t:|1779681567
|teamsize|p1|6
|teamsize|p2|6
|start
|switch|p1a: tank bf|Clodsire, M|100/100
|switch|p2a: the neck|Necrozma, shiny|100/100
|turn|1
|
|t:|1779681578
|move|p2a: the neck|Stealth Rock|p1a: tank bf
|-sidestart|p1: kawaiiangel2|move: Stealth Rock
|move|p1a: tank bf|Toxic|p2a: the neck
|-status|p2a: the neck|tox
|
|-damage|p2a: the neck|94/100 tox|[from] psn
|upkeep
|turn|2
|
|t:|1779681588
|move|p1a: tank bf|Earthquake|p2a: the neck
|-damage|p2a: the neck|73/100 tox
|-enditem|p2a: the neck|Red Card|[of] p1a: tank bf
|drag|p1a: cheeto puff|Dragonite, F|100/100
|move|p2a: the neck|Trick Room|p2a: the neck
|-fieldstart|move: Trick Room|[of] p2a: the neck
|
|-damage|p2a: the neck|61/100 tox|[from] psn
|upkeep
|turn|3
|
|t:|1779681614
|switch|p1a: bana|Gholdengo|100/100
|-damage|p1a: bana|94/100|[from] Stealth Rock
|-item|p1a: bana|Air Balloon
|move|p2a: the neck|Photon Geyser|p1a: bana
|-resisted|p1a: bana
|-damage|p1a: bana|64/100
|-enditem|p1a: bana|Air Balloon
|
|-damage|p2a: the neck|42/100 tox|[from] psn
|upkeep
|turn|4
|
|t:|1779681626
|move|p2a: the neck|Heat Wave|p1a: bana|[miss]
|-miss|p2a: the neck|p1a: bana
|move|p1a: bana|Hex|p2a: the neck
|-supereffective|p2a: the neck
|-damage|p2a: the neck|0 fnt
|faint|p2a: the neck
|
|upkeep
|
|t:|1779681632
|switch|p2a: the panda|Ursaluna, F|100/100
|turn|5
|
|t:|1779681650
|switch|p1a: CHW9160GW 27'|Rotom-Wash|100/100
|-damage|p1a: CHW9160GW 27'|88/100|[from] Stealth Rock
|move|p2a: the panda|Headlong Rush|p1a: CHW9160GW 27'
|-immune|p1a: CHW9160GW 27'|[from] ability: Levitate
|
|-heal|p1a: CHW9160GW 27'|94/100|[from] item: Leftovers
|-status|p2a: the panda|brn|[from] item: Flame Orb
|upkeep
|turn|6
|
|t:|1779681663
|move|p2a: the panda|Facade|p1a: CHW9160GW 27'
|-damage|p1a: CHW9160GW 27'|0 fnt
|faint|p1a: CHW9160GW 27'
|
|-damage|p2a: the panda|94/100 brn|[from] brn
|-fieldend|move: Trick Room
|upkeep
|
|t:|1779681685
|switch|p1a: brainstorm|Iron Valiant, shiny|100/100
|-damage|p1a: brainstorm|94/100|[from] Stealth Rock
|turn|7
|
|t:|1779681692
|switch|p2a: the runt|Pecharunt|100/100
|-item|p2a: the runt|Air Balloon
|move|p1a: brainstorm|Close Combat|p2a: the runt
|-immune|p2a: the runt
|
|upkeep
|turn|8
|
|t:|1779681712
|-end|p1a: brainstorm|Quark Drive|[silent]
|switch|p1a: bana|Gholdengo|64/100
|-damage|p1a: bana|58/100|[from] Stealth Rock
|move|p2a: the runt|Parting Shot|p1a: bana
|-immune|p1a: bana|[from] ability: Good as Gold
|
|upkeep
|turn|9
|
|t:|1779681730
|switch|p2a: the king|Kingambit, M|100/100
|-activate|p2a: the king|ability: Supreme Overlord
|-start|p2a: the king|fallen1|[silent]
|-terastallize|p1a: bana|Fire
|move|p1a: bana|Shadow Ball|p2a: the king
|-resisted|p2a: the king
|-damage|p2a: the king|77/100
|
|upkeep
|turn|10
|
|t:|1779681758
|-end|p2a: the king|fallen1|[silent]
|switch|p2a: theseizureinducer|Porygon2, shiny|100/100
|-ability|p2a: theseizureinducer|Download|boost
|-boost|p2a: theseizureinducer|spa|1
|move|p1a: bana|Thunder Wave|p2a: theseizureinducer
|-status|p2a: theseizureinducer|par
|
|upkeep
|turn|11
|
|t:|1779681776
|switch|p1a: tank bf|Clodsire, M|100/100
|-damage|p1a: tank bf|94/100|[from] Stealth Rock
|move|p2a: theseizureinducer|Trick Room|p2a: theseizureinducer
|-fieldstart|move: Trick Room|[of] p2a: theseizureinducer
|
|-heal|p1a: tank bf|100/100|[from] item: Leftovers
|upkeep
|turn|12
|
|t:|1779681786
|move|p1a: tank bf|Protect|p1a: tank bf
|-singleturn|p1a: tank bf|Protect
|move|p2a: theseizureinducer|Ice Beam|p1a: tank bf
|-activate|p1a: tank bf|move: Protect
|
|upkeep
|turn|13
|
|t:|1779681796
|move|p2a: theseizureinducer|Ice Beam|p1a: tank bf
|-supereffective|p1a: tank bf
|-damage|p1a: tank bf|66/100
|move|p1a: tank bf|Earthquake|p2a: theseizureinducer
|-damage|p2a: theseizureinducer|80/100 par
|
|-heal|p1a: tank bf|72/100|[from] item: Leftovers
|upkeep
|turn|14
|
|t:|1779681802
|move|p2a: theseizureinducer|Thunderbolt|p1a: tank bf
|-immune|p1a: tank bf
|move|p1a: tank bf|Earthquake|p2a: theseizureinducer
|-damage|p2a: theseizureinducer|58/100 par
|
|-heal|p1a: tank bf|79/100|[from] item: Leftovers
|upkeep
|turn|15
|
|t:|1779681810
|cant|p2a: theseizureinducer|par
|move|p1a: tank bf|Earthquake|p2a: theseizureinducer
|-damage|p2a: theseizureinducer|36/100 par
|
|-heal|p1a: tank bf|85/100|[from] item: Leftovers
|-fieldend|move: Trick Room
|upkeep
|turn|16
|
|t:|1779681820
|move|p1a: tank bf|Earthquake|p2a: theseizureinducer
|-damage|p2a: theseizureinducer|12/100 par
|move|p2a: theseizureinducer|Trick Room|p2a: theseizureinducer
|-fieldstart|move: Trick Room|[of] p2a: theseizureinducer
|
|-heal|p1a: tank bf|91/100|[from] item: Leftovers
|upkeep
|turn|17
|
|t:|1779681825
|move|p2a: theseizureinducer|Recover|p2a: theseizureinducer
|-heal|p2a: theseizureinducer|62/100 par
|move|p1a: tank bf|Earthquake|p2a: theseizureinducer
|-crit|p2a: theseizureinducer
|-damage|p2a: theseizureinducer|28/100 par
|
|-heal|p1a: tank bf|97/100|[from] item: Leftovers
|upkeep
|turn|18
|
|t:|1779681831
|move|p2a: theseizureinducer|Recover|p2a: theseizureinducer
|-heal|p2a: theseizureinducer|78/100 par
|move|p1a: tank bf|Earthquake|p2a: theseizureinducer
|-damage|p2a: theseizureinducer|57/100 par
|
|-heal|p1a: tank bf|100/100|[from] item: Leftovers
|upkeep
|turn|19
|
|t:|1779681840
|move|p2a: theseizureinducer|Thunderbolt|p1a: tank bf
|-immune|p1a: tank bf
|move|p1a: tank bf|Earthquake|p2a: theseizureinducer
|-damage|p2a: theseizureinducer|35/100 par
|
|upkeep
|turn|20
|
|t:|1779681849
|move|p2a: theseizureinducer|Recover|p2a: theseizureinducer
|-heal|p2a: theseizureinducer|85/100 par
|move|p1a: tank bf|Earthquake|p2a: theseizureinducer
|-damage|p2a: theseizureinducer|63/100 par
|
|-fieldend|move: Trick Room
|upkeep
|turn|21
|
|t:|1779681863
|move|p1a: tank bf|Earthquake|p2a: theseizureinducer
|-damage|p2a: theseizureinducer|41/100 par
|move|p2a: theseizureinducer|Trick Room|p2a: theseizureinducer
|-fieldstart|move: Trick Room|[of] p2a: theseizureinducer
|
|upkeep
|turn|22
|
|t:|1779681869
|move|p2a: theseizureinducer|Recover|p2a: theseizureinducer
|-heal|p2a: theseizureinducer|91/100 par
|move|p1a: tank bf|Earthquake|p2a: theseizureinducer
|-damage|p2a: theseizureinducer|70/100 par
|
|upkeep
|turn|23
|
|t:|1779681882
|move|p2a: theseizureinducer|Ice Beam|p1a: tank bf
|-supereffective|p1a: tank bf
|-damage|p1a: tank bf|71/100
|move|p1a: tank bf|Earthquake|p2a: theseizureinducer
|-damage|p2a: theseizureinducer|47/100 par
|
|-heal|p1a: tank bf|77/100|[from] item: Leftovers
|upkeep
|turn|24
|
|t:|1779681887
|move|p2a: theseizureinducer|Ice Beam|p1a: tank bf
|-supereffective|p1a: tank bf
|-damage|p1a: tank bf|46/100
|move|p1a: tank bf|Earthquake|p2a: theseizureinducer
|-damage|p2a: theseizureinducer|26/100 par
|
|-heal|p1a: tank bf|52/100|[from] item: Leftovers
|upkeep
|turn|25
|
|t:|1779681891
|move|p2a: theseizureinducer|Recover|p2a: theseizureinducer
|-heal|p2a: theseizureinducer|76/100 par
|move|p1a: tank bf|Recover|p1a: tank bf
|-heal|p1a: tank bf|100/100
|
|-fieldend|move: Trick Room
|upkeep
|turn|26
|
|t:|1779681899
|move|p1a: tank bf|Earthquake|p2a: theseizureinducer
|-damage|p2a: theseizureinducer|55/100 par
|move|p2a: theseizureinducer|Trick Room|p2a: theseizureinducer
|-fieldstart|move: Trick Room|[of] p2a: theseizureinducer
|
|upkeep
|turn|27
|
|t:|1779681919
|switch|p1a: brainstorm|Iron Valiant, shiny|94/100
|-damage|p1a: brainstorm|88/100|[from] Stealth Rock
|move|p2a: theseizureinducer|Ice Beam|p1a: brainstorm
|-damage|p1a: brainstorm|9/100
|
|upkeep
|turn|28
|
|t:|1779681926
|cant|p2a: theseizureinducer|par
|move|p1a: brainstorm|Close Combat|p2a: theseizureinducer
|-supereffective|p2a: theseizureinducer
|-damage|p2a: theseizureinducer|0 fnt
|-unboost|p1a: brainstorm|def|1
|-unboost|p1a: brainstorm|spd|1
|faint|p2a: theseizureinducer
|
|upkeep
|
|t:|1779681933
|switch|p2a: the panda|Ursaluna, F|94/100 brn
|turn|29
|
|t:|1779681944
|move|p2a: the panda|Facade|p1a: brainstorm
|-damage|p1a: brainstorm|0 fnt
|faint|p1a: brainstorm
|-end|p1a: brainstorm|Quark Drive|[silent]
|
|-damage|p2a: the panda|88/100 brn|[from] brn
|upkeep
|
|t:|1779681998
|switch|p1a: cheeto puff|Dragonite, F|100/100
|turn|30
|
|t:|1779682008
|move|p2a: the panda|Facade|p1a: cheeto puff
|-damage|p1a: cheeto puff|41/100
|move|p1a: cheeto puff|Earthquake|p2a: the panda
|-damage|p2a: the panda|69/100 brn
|
|-damage|p2a: the panda|63/100 brn|[from] brn
|-fieldend|move: Trick Room
|upkeep
|turn|31
|
|t:|1779682013
|move|p1a: cheeto puff|Earthquake|p2a: the panda
|-damage|p2a: the panda|42/100 brn
|move|p2a: the panda|Facade|p1a: cheeto puff
|-damage|p1a: cheeto puff|0 fnt
|faint|p1a: cheeto puff
|
|-damage|p2a: the panda|36/100 brn|[from] brn
|upkeep
|
|t:|1779682025
|switch|p1a: sweeper|Kingambit, M|100/100
|-damage|p1a: sweeper|94/100|[from] Stealth Rock
|-activate|p1a: sweeper|ability: Supreme Overlord
|-start|p1a: sweeper|fallen3|[silent]
|-item|p1a: sweeper|Air Balloon
|turn|32
|
|t:|1779682032
|move|p1a: sweeper|Low Kick|p2a: the panda
|-supereffective|p2a: the panda
|-damage|p2a: the panda|0 fnt
|faint|p2a: the panda
|
|upkeep
|
|t:|1779682042
|switch|p2a: the hat|Hatterene, F|100/100
|turn|33
|
|t:|1779682056
|-end|p1a: sweeper|fallen3|[silent]
|switch|p1a: bana|Gholdengo, tera:Fire|58/100
|-damage|p1a: bana|33/100|[from] Stealth Rock
|move|p2a: the hat|Trick Room|p2a: the hat
|-fieldstart|move: Trick Room|[of] p2a: the hat
|
|upkeep
|turn|34
|
|t:|1779682069
|move|p2a: the hat|Psychic|p1a: bana
|-damage|p1a: bana|0 fnt
|faint|p1a: bana
|-damage|p2a: the hat|91/100|[from] item: Life Orb
|
|upkeep
|
|t:|1779682075
|switch|p1a: tank bf|Clodsire, M|100/100
|-damage|p1a: tank bf|94/100|[from] Stealth Rock
|turn|35
|
|t:|1779682093
|move|p2a: the hat|Psychic|p1a: tank bf
|-supereffective|p1a: tank bf
|-damage|p1a: tank bf|22/100
|-damage|p2a: the hat|81/100|[from] item: Life Orb
|move|p1a: tank bf|Earthquake|p2a: the hat
|-damage|p2a: the hat|53/100
|
|-heal|p1a: tank bf|28/100|[from] item: Leftovers
|upkeep
|turn|36
|
|t:|1779682103
|move|p1a: tank bf|Protect|p1a: tank bf
|-singleturn|p1a: tank bf|Protect
|move|p2a: the hat|Psychic|p1a: tank bf
|-activate|p1a: tank bf|move: Protect
|
|-heal|p1a: tank bf|35/100|[from] item: Leftovers
|upkeep
|turn|37
|
|t:|1779682119
|move|p1a: tank bf|Protect|p1a: tank bf
|-singleturn|p1a: tank bf|Protect
|move|p2a: the hat|Mystical Fire|p1a: tank bf
|-activate|p1a: tank bf|move: Protect
|
|-heal|p1a: tank bf|41/100|[from] item: Leftovers
|-fieldend|move: Trick Room
|upkeep
|turn|38
|
|t:|1779682128
|move|p1a: tank bf|Recover|p1a: tank bf
|-heal|p1a: tank bf|91/100
|move|p2a: the hat|Trick Room|p2a: the hat
|-fieldstart|move: Trick Room|[of] p2a: the hat
|
|-heal|p1a: tank bf|97/100|[from] item: Leftovers
|upkeep
|turn|39
|
|t:|1779682133
|move|p2a: the hat|Psychic|p1a: tank bf
|-supereffective|p1a: tank bf
|-damage|p1a: tank bf|19/100
|-unboost|p1a: tank bf|spd|1
|-damage|p2a: the hat|44/100|[from] item: Life Orb
|move|p1a: tank bf|Earthquake|p2a: the hat
|-damage|p2a: the hat|13/100
|
|-heal|p1a: tank bf|25/100|[from] item: Leftovers
|upkeep
|turn|40
|
|t:|1779682142
|move|p1a: tank bf|Protect|p1a: tank bf
|-singleturn|p1a: tank bf|Protect
|move|p2a: the hat|Mystical Fire|p1a: tank bf
|-activate|p1a: tank bf|move: Protect
|
|-heal|p1a: tank bf|32/100|[from] item: Leftovers
|upkeep
|turn|41
|
|t:|1779682150
|move|p1a: tank bf|Protect||[still]
|-fail|p1a: tank bf
|move|p2a: the hat|Mystical Fire|p1a: tank bf
|-damage|p1a: tank bf|0 fnt
|faint|p1a: tank bf
|-damage|p2a: the hat|3/100|[from] item: Life Orb
|
|upkeep
|
|t:|1779682158
|switch|p1a: sweeper|Kingambit, M|94/100
|-damage|p1a: sweeper|88/100|[from] Stealth Rock
|-activate|p1a: sweeper|ability: Supreme Overlord
|-start|p1a: sweeper|fallen5|[silent]
|-item|p1a: sweeper|Air Balloon
|turn|42
|
|t:|1779682163
|move|p1a: sweeper|Sucker Punch|p2a: the hat
|-damage|p2a: the hat|0 fnt
|faint|p2a: the hat
|
|-fieldend|move: Trick Room
|upkeep
|
|t:|1779682172
|switch|p2a: the runt|Pecharunt|100/100
|-item|p2a: the runt|Air Balloon
|turn|43
|
|t:|1779682186
|move|p2a: the runt|Parting Shot|p1a: sweeper
|-unboost|p1a: sweeper|atk|1
|-unboost|p1a: sweeper|spa|1
|
|t:|1779682191
|switch|p2a: the king|Kingambit, M|77/100|[from] Parting Shot
|-activate|p2a: the king|ability: Supreme Overlord
|-start|p2a: the king|fallen4|[silent]
|move|p1a: sweeper|Swords Dance|p1a: sweeper
|-boost|p1a: sweeper|atk|2
|
|upkeep
|turn|44
|
|t:|1779682201
|move|p1a: sweeper|Low Kick|p2a: the king
|-supereffective|p2a: the king
|-damage|p2a: the king|0 fnt
|faint|p2a: the king
|-end|p2a: the king|fallen4|[silent]
|
|upkeep
|
|t:|1779682203
|switch|p2a: the runt|Pecharunt|100/100
|-item|p2a: the runt|Air Balloon
|turn|45
|c|☆kawaiiangel2|gg weirdo
|
|t:|1779682214
|move|p2a: the runt|Hex|p1a: sweeper
|-resisted|p1a: sweeper
|-damage|p1a: sweeper|78/100
|-enditem|p1a: sweeper|Air Balloon
|move|p1a: sweeper|Kowtow Cleave|p2a: the runt
|-supereffective|p2a: the runt
|-damage|p2a: the runt|0 fnt
|-enditem|p2a: the runt|Air Balloon
|faint|p2a: the runt
|
|win|kawaiiangel2
|raw|kawaiiangel2's rating: 1352 &rarr; <strong>1373</strong><br />(+21 for winning)
|raw|slimduncan69's rating: 1368 &rarr; <strong>1347</strong><br />(-21 for losing)
|l|☆slimduncan69
|player|p2|
|l|☆kawaiiangel2
|player|p1|
