|j|☆mario yepes
|j|☆npctypebeat
|t:|1779655860
|gametype|singles
|player|p1|mario yepes|roxie|1146
|player|p2|npctypebeat|101|1185
|gen|9
|tier|[Gen 9] OU
|rated|
|rule|HP Percentage Mod: HP is shown in percentages
|rule|Endless Battle Clause: Forcing endless battles is banned
|rule|Species Clause: Limit one of each Pokémon
|rule|OHKO Clause: OHKO moves are banned
|rule|Evasion Items Clause: Evasion items are banned
|rule|Evasion Moves Clause: Evasion moves are banned
|rule|Evasion Abilities Clause: Evasion abilities are banned
|rule|Sleep Moves Clause: Sleep-inducing moves are banned
|clearpoke
|poke|p1|Iron Moth|
|poke|p1|Gliscor, F|
|poke|p1|Hatterene, F|
|poke|p1|Ogerpon-Wellspring, F|
|poke|p1|Raging Bolt|
|poke|p1|Zamazenta-*|
|poke|p2|Gliscor, F|
|poke|p2|Gholdengo|
|poke|p2|Zamazenta-*|
|poke|p2|Blissey, F|
|poke|p2|Skarmory, M|
|poke|p2|Pecharunt|
|teampreview
|inactive|Battle timer is ON: inactive players will automatically lose when time's up. (requested by mario yepes)
|c|☆npctypebeat|hf
|inactive|npctypebeat also wants the timer to be on.
|inactive|mario yepes has 120 seconds left.
|
|t:|1779655896
|teamsize|p1|6
|teamsize|p2|6
|start
|switch|p1a: Ogerpon|Ogerpon-Wellspring, F|100/100
|switch|p2a: Skarmory|Skarmory, M|100/100
|turn|1
|
|t:|1779655911
|switch|p1a: Hatterene|Hatterene, F|100/100
|move|p2a: Skarmory|Spikes|p1a: Hatterene
|move|p1a: Hatterene|Spikes|p2a: Skarmory|[from] ability: Magic Bounce
|-sidestart|p2: npctypebeat|Spikes
|
|upkeep
|turn|2
|
|t:|1779655939
|switch|p1a: Zamazenta|Zamazenta|100/100
|-ability|p1a: Zamazenta|Dauntless Shield|boost
|-boost|p1a: Zamazenta|def|1
|move|p2a: Skarmory|Body Press|p1a: Zamazenta
|-damage|p1a: Zamazenta|85/100
|
|upkeep
|turn|3
|
|t:|1779655951
|switch|p1a: Hatterene|Hatterene, F|100/100
|move|p2a: Skarmory|Spikes|p1a: Hatterene
|move|p1a: Hatterene|Spikes|p2a: Skarmory|[from] ability: Magic Bounce
|-sidestart|p2: npctypebeat|Spikes
|
|upkeep
|turn|4
|
|t:|1779655966
|move|p2a: Skarmory|Body Press|p1a: Hatterene
|-resisted|p1a: Hatterene
|-damage|p1a: Hatterene|94/100
|move|p1a: Hatterene|Mystical Fire|p2a: Skarmory
|-supereffective|p2a: Skarmory
|-damage|p2a: Skarmory|35/100
|-unboost|p2a: Skarmory|spa|1
|
|-heal|p1a: Hatterene|99/100|[from] item: Leftovers
|upkeep
|turn|5
|
|t:|1779655982
|switch|p2a: Gliscor|Gliscor, F|100/100
|switch|p1a: Zamazenta|Zamazenta|85/100
|
|-status|p2a: Gliscor|tox|[from] item: Toxic Orb
|upkeep
|turn|6
|
|t:|1779655993
|move|p1a: Zamazenta|Ice Fang|p2a: Gliscor
|-supereffective|p2a: Gliscor
|-damage|p2a: Gliscor|41/100 tox
|move|p2a: Gliscor|Swords Dance|p2a: Gliscor
|-boost|p2a: Gliscor|atk|2
|
|-heal|p2a: Gliscor|54/100 tox|[from] ability: Poison Heal
|upkeep
|turn|7
|
|t:|1779656011
|move|p2a: Gliscor|Protect|p2a: Gliscor
|-singleturn|p2a: Gliscor|Protect
|move|p1a: Zamazenta|Light Screen|p1a: Zamazenta
|-sidestart|p1: mario yepes|move: Light Screen
|
|-heal|p2a: Gliscor|66/100 tox|[from] ability: Poison Heal
|upkeep
|turn|8
|
|t:|1779656019
|move|p1a: Zamazenta|Ice Fang|p2a: Gliscor
|-supereffective|p2a: Gliscor
|-damage|p2a: Gliscor|5/100 tox
|move|p2a: Gliscor|Earthquake|p1a: Zamazenta
|-damage|p1a: Zamazenta|30/100
|
|-heal|p2a: Gliscor|18/100 tox|[from] ability: Poison Heal
|upkeep
|turn|9
|
|t:|1779656029
|switch|p2a: Zamazenta|Zamazenta|100/100
|-ability|p2a: Zamazenta|Dauntless Shield|boost
|-boost|p2a: Zamazenta|def|1
|move|p1a: Zamazenta|Reflect|p1a: Zamazenta
|-sidestart|p1: mario yepes|Reflect
|
|upkeep
|turn|10
|inactive|mario yepes has 120 seconds left.
|
|t:|1779656065
|switch|p1a: Hatterene|Hatterene, F|99/100
|move|p2a: Zamazenta|Heavy Slam|p1a: Hatterene
|-supereffective|p1a: Hatterene
|-damage|p1a: Hatterene|65/100
|
|-heal|p1a: Hatterene|71/100|[from] item: Leftovers
|upkeep
|turn|11
|inactive|mario yepes has 120 seconds left.
|
|t:|1779656083
|switch|p2a: Pecharunt|Pecharunt|100/100
|move|p1a: Hatterene|Draining Kiss|p2a: Pecharunt
|-resisted|p2a: Pecharunt
|-damage|p2a: Pecharunt|89/100
|-heal|p1a: Hatterene|81/100|[from] drain|[of] p2a: Pecharunt
|
|-heal|p1a: Hatterene|87/100|[from] item: Leftovers
|upkeep
|turn|12
|inactive|mario yepes has 120 seconds left.
|
|t:|1779656099
|switch|p1a: Gliscor|Gliscor, F|100/100
|move|p2a: Pecharunt|Shadow Ball|p1a: Gliscor
|-damage|p1a: Gliscor|85/100
|
|-status|p1a: Gliscor|tox|[from] item: Toxic Orb
|upkeep
|turn|13
|
|t:|1779656118
|move|p1a: Gliscor|Swords Dance|p1a: Gliscor
|-boost|p1a: Gliscor|atk|2
|move|p2a: Pecharunt|Parting Shot|p1a: Gliscor
|-unboost|p1a: Gliscor|atk|1
|-unboost|p1a: Gliscor|spa|1
|
|t:|1779656130
|switch|p2a: Gliscor|Gliscor, F|18/100 tox|[from] Parting Shot
|
|-heal|p1a: Gliscor|97/100 tox|[from] ability: Poison Heal
|-heal|p2a: Gliscor|30/100 tox|[from] ability: Poison Heal
|upkeep
|turn|14
|
|t:|1779656143
|move|p1a: Gliscor|Facade|p2a: Gliscor
|-damage|p2a: Gliscor|0 fnt
|faint|p2a: Gliscor
|
|-heal|p1a: Gliscor|100/100 tox|[from] ability: Poison Heal
|-sideend|p1: mario yepes|move: Light Screen
|upkeep
|
|t:|1779656152
|switch|p2a: Pecharunt|Pecharunt|89/100
|turn|15
|
|t:|1779656161
|move|p1a: Gliscor|Swords Dance|p1a: Gliscor
|-boost|p1a: Gliscor|atk|2
|move|p2a: Pecharunt|Shadow Ball|p1a: Gliscor
|-damage|p1a: Gliscor|71/100 tox
|
|-heal|p1a: Gliscor|83/100 tox|[from] ability: Poison Heal
|upkeep
|turn|16
|
|t:|1779656168
|move|p1a: Gliscor|Agility|p1a: Gliscor
|-boost|p1a: Gliscor|spe|2
|move|p2a: Pecharunt|Shadow Ball|p1a: Gliscor
|-damage|p1a: Gliscor|53/100 tox
|-unboost|p1a: Gliscor|spd|1
|
|-heal|p1a: Gliscor|65/100 tox|[from] ability: Poison Heal
|-sideend|p1: mario yepes|Reflect
|upkeep
|turn|17
|
|t:|1779656189
|move|p1a: Gliscor|Earthquake|p2a: Pecharunt
|-supereffective|p2a: Pecharunt
|-damage|p2a: Pecharunt|0 fnt
|faint|p2a: Pecharunt
|
|-heal|p1a: Gliscor|78/100 tox|[from] ability: Poison Heal
|upkeep
|
|t:|1779656199
|switch|p2a: Skarmory|Skarmory, M|35/100
|turn|18
|
|t:|1779656211
|move|p1a: Gliscor|Facade|p2a: Skarmory
|-resisted|p2a: Skarmory
|-damage|p2a: Skarmory|3/100
|move|p2a: Skarmory|Whirlwind|p1a: Gliscor
|drag|p1a: Hatterene|Hatterene, F|87/100
|
|-heal|p1a: Hatterene|93/100|[from] item: Leftovers
|upkeep
|turn|19
|
|t:|1779656223
|switch|p2a: Blissey|Blissey, F|100/100
|move|p1a: Hatterene|Mystical Fire|p2a: Blissey
|-damage|p2a: Blissey|93/100
|-unboost|p2a: Blissey|spa|1
|
|-heal|p1a: Hatterene|99/100|[from] item: Leftovers
|upkeep
|turn|20
|
|t:|1779656233
|switch|p1a: Gliscor|Gliscor, F|78/100 tox
|move|p2a: Blissey|Calm Mind|p2a: Blissey
|-boost|p2a: Blissey|spa|1
|-boost|p2a: Blissey|spd|1
|
|-heal|p1a: Gliscor|90/100 tox|[from] ability: Poison Heal
|upkeep
|turn|21
|
|t:|1779656244
|move|p1a: Gliscor|Swords Dance|p1a: Gliscor
|-boost|p1a: Gliscor|atk|2
|move|p2a: Blissey|Stealth Rock|p1a: Gliscor
|-sidestart|p1: mario yepes|move: Stealth Rock
|
|-heal|p1a: Gliscor|100/100 tox|[from] ability: Poison Heal
|upkeep
|turn|22
|
|t:|1779656263
|switch|p2a: Zamazenta|Zamazenta|100/100
|move|p1a: Gliscor|Facade|p2a: Zamazenta
|-damage|p2a: Zamazenta|18/100
|
|upkeep
|turn|23
|
|t:|1779656279
|-terastallize|p1a: Gliscor|Normal
|move|p2a: Zamazenta|Ice Fang|p1a: Gliscor
|-damage|p1a: Gliscor|81/100 tox
|move|p1a: Gliscor|Agility|p1a: Gliscor
|-boost|p1a: Gliscor|spe|2
|
|-heal|p1a: Gliscor|94/100 tox|[from] ability: Poison Heal
|upkeep
|turn|24
|
|t:|1779656305
|switch|p2a: Gholdengo|Gholdengo|100/100
|-damage|p2a: Gholdengo|84/100|[from] Spikes
|move|p1a: Gliscor|Facade|p2a: Gholdengo
|-immune|p2a: Gholdengo
|
|-heal|p1a: Gliscor|100/100 tox|[from] ability: Poison Heal
|upkeep
|turn|25
|
|t:|1779656310
|move|p1a: Gliscor|Earthquake|p2a: Gholdengo
|-supereffective|p2a: Gholdengo
|-damage|p2a: Gholdengo|0 fnt
|faint|p2a: Gholdengo
|
|upkeep
|c|☆mario yepes|gg
|inactive|npctypebeat has 120 seconds left.
|
|t:|1779656347
|switch|p2a: Blissey|Blissey, F|93/100
|turn|26
|
|t:|1779656353
|switch|p2a: Zamazenta|Zamazenta|18/100
|move|p1a: Gliscor|Facade|p2a: Zamazenta
|-damage|p2a: Zamazenta|0 fnt
|faint|p2a: Zamazenta
|
|upkeep
|
|t:|1779656372
|switch|p2a: Blissey|Blissey, F|93/100
|turn|27
|inactive|npctypebeat has 90 seconds left.
|
|t:|1779656391
|switch|p2a: Skarmory|Skarmory, M|3/100
|move|p1a: Gliscor|Facade|p2a: Skarmory
|-resisted|p2a: Skarmory
|-damage|p2a: Skarmory|0 fnt
|faint|p2a: Skarmory
|
|upkeep
|inactive|npctypebeat has 90 seconds left.
|
|t:|1779656414
|switch|p2a: Blissey|Blissey, F|93/100
|turn|28
|
|t:|1779656436
|move|p1a: Gliscor|Facade|p2a: Blissey
|-damage|p2a: Blissey|0 fnt
|faint|p2a: Blissey
|
|win|mario yepes
|raw|mario yepes's rating: 1146 &rarr; <strong>1172</strong><br />(+26 for winning)
|raw|npctypebeat's rating: 1158 &rarr; <strong>1132</strong><br />(-26 for losing)
|l|☆mario yepes
|player|p1|
|c|☆npctypebeat|gg
