|j|☆A05236
|j|☆Abyssal Bot
|t:|1779571054
|gametype|singles
|player|p1|A05236|265|
|player|p2|Abyssal Bot|supernerd|
|teamsize|p1|6
|teamsize|p2|6
|gen|9
|tier|[Gen 9] OU
|rule|Species Clause: Limit one of each Pokémon
|rule|OHKO Clause: OHKO moves are banned
|rule|Evasion Items Clause: Evasion items are banned
|rule|Evasion Moves Clause: Evasion moves are banned
|rule|Endless Battle Clause: Forcing endless battles is banned
|rule|HP Percentage Mod: HP is shown in percentages
|rule|Sleep Moves Clause: Sleep-inducing moves are banned
|clearpoke
|poke|p1|Rufflet, M|
|poke|p1|Ninetales-Alola, F|
|poke|p1|Carkol, M|
|poke|p1|Dragonair, F|
|poke|p1|Magnezone|
|poke|p1|Dragonite, F|
|poke|p2|Iron Moth|
|poke|p2|Kingambit, M|
|poke|p2|Iron Valiant|
|poke|p2|Rillaboom, M|
|poke|p2|Ogerpon-Cornerstone, F|
|poke|p2|Raging Bolt|
|teampreview
|c|☆Abyssal Bot|**WARNING**: Expect much hax.
|inactive|Battle timer is ON: inactive players will automatically lose when time's up. (requested by Abyssal Bot)
|j|*Turbo Bottttt
|
|t:|1779571057
|start
|switch|p1a: negotiations|Ninetales-Alola, F|100/100
|switch|p2a: Spirit Monger|Ogerpon-Cornerstone, F|100/100
|-weather|Snow|[from] ability: Snow Warning|[of] p1a: negotiations
|turn|1
|
|t:|1779571061
|move|p2a: Spirit Monger|Power Whip|p1a: negotiations
|-damage|p1a: negotiations|30/100
|move|p1a: negotiations|Aurora Veil|p1a: negotiations
|-sidestart|p1: A05236|move: Aurora Veil
|
|-weather|Snow|[upkeep]
|upkeep
|turn|2
|
|t:|1779571066
|switch|p1a: deadly|Magnezone|100/100
|move|p2a: Spirit Monger|Power Whip|p1a: deadly
|-resisted|p1a: deadly
|-damage|p1a: deadly|82/100
|
|-weather|Snow|[upkeep]
|upkeep
|turn|3
|
|t:|1779571070
|move|p2a: Spirit Monger|Spikes|p1a: deadly
|-sidestart|p1: A05236|Spikes
|move|p1a: deadly|Magnet Rise|p1a: deadly
|-start|p1a: deadly|Magnet Rise
|
|-weather|Snow|[upkeep]
|upkeep
|turn|4
|
|t:|1779571073
|move|p2a: Spirit Monger|Taunt|p1a: deadly
|-start|p1a: deadly|move: Taunt
|move|p1a: deadly|Flash Cannon|p2a: Spirit Monger
|-supereffective|p2a: Spirit Monger
|-ability|p2a: Spirit Monger|Sturdy
|-damage|p2a: Spirit Monger|1/100
|-damage|p1a: deadly|72/100|[from] item: Life Orb
|
|-weather|Snow|[upkeep]
|upkeep
|turn|5
|
|t:|1779571077
|move|p2a: Spirit Monger|Spikes|p1a: deadly
|-sidestart|p1: A05236|Spikes
|move|p1a: deadly|Thunderbolt|p2a: Spirit Monger
|-resisted|p2a: Spirit Monger
|-damage|p2a: Spirit Monger|0
|faint|p2a: Spirit Monger
|-damage|p1a: deadly|62/100|[from] item: Life Orb
|
|-weather|none
|upkeep
|
|t:|1779571077
|switch|p2a: Byakko|Raging Bolt|100/100
|-enditem|p2a: Byakko|Booster Energy
|-activate|p2a: Byakko|ability: Protosynthesis|[fromitem]
|-start|p2a: Byakko|protosynthesisspa
|turn|6
|
|t:|1779571079
|move|p2a: Byakko|Calm Mind|p2a: Byakko
|-boost|p2a: Byakko|spa|1
|-boost|p2a: Byakko|spd|1
|move|p1a: deadly|Body Press|p2a: Byakko
|-damage|p2a: Byakko|74/100
|-damage|p1a: deadly|52/100|[from] item: Life Orb
|
|-end|p1a: deadly|move: Taunt
|upkeep
|turn|7
|
|t:|1779571082
|move|p2a: Byakko|Dragon Pulse|p1a: deadly
|-resisted|p1a: deadly
|-damage|p1a: deadly|20/100
|move|p1a: deadly|Body Press|p2a: Byakko
|-damage|p2a: Byakko|47/100
|-damage|p1a: deadly|10/100|[from] item: Life Orb
|
|-end|p1a: deadly|Magnet Rise
|upkeep
|turn|8
|
|t:|1779571086
|move|p2a: Byakko|Thunderclap|p1a: deadly
|-resisted|p1a: deadly
|-damage|p1a: deadly|0
|faint|p1a: deadly
|
|-sideend|p1: A05236|move: Aurora Veil
|upkeep
|
|t:|1779571088
|switch|p1a: the agency|Dragonite, F|100/100
|turn|9
|
|t:|1779571090
|move|p1a: the agency|Encore|p2a: Byakko
|-start|p2a: Byakko|Encore
|move|p2a: Byakko|Thunderclap||[still]
|-fail|p2a: Byakko
|
|upkeep
|turn|10
|
|t:|1779571092
|move|p2a: Byakko|Thunderclap||[still]
|-fail|p2a: Byakko
|move|p1a: the agency|Dragon Dance|p1a: the agency
|-boost|p1a: the agency|atk|1
|-boost|p1a: the agency|spe|1
|
|upkeep
|turn|11
|
|t:|1779571093
|move|p2a: Byakko|Thunderclap||[still]
|-fail|p2a: Byakko
|move|p1a: the agency|Dragon Dance|p1a: the agency
|-boost|p1a: the agency|atk|1
|-boost|p1a: the agency|spe|1
|
|-end|p2a: Byakko|Encore
|upkeep
|turn|12
|
|t:|1779571095
|move|p1a: the agency|Encore|p2a: Byakko
|-start|p2a: Byakko|Encore
|move|p2a: Byakko|Thunderclap||[still]
|-fail|p2a: Byakko
|
|upkeep
|turn|13
|
|t:|1779571096
|move|p2a: Byakko|Thunderclap||[still]
|-fail|p2a: Byakko
|move|p1a: the agency|Dragon Dance|p1a: the agency
|-boost|p1a: the agency|atk|1
|-boost|p1a: the agency|spe|1
|
|upkeep
|turn|14
|
|t:|1779571099
|move|p2a: Byakko|Thunderclap||[still]
|-fail|p2a: Byakko
|move|p1a: the agency|Dragon Dance|p1a: the agency
|-boost|p1a: the agency|atk|1
|-boost|p1a: the agency|spe|1
|
|-end|p2a: Byakko|Encore
|upkeep
|turn|15
|
|t:|1779571102
|move|p1a: the agency|Encore|p2a: Byakko
|-start|p2a: Byakko|Encore
|move|p2a: Byakko|Thunderclap||[still]
|-fail|p2a: Byakko
|
|-end|p2a: Byakko|Encore
|upkeep
|turn|16
|
|t:|1779571104
|move|p1a: the agency|Dragon Dance|p1a: the agency
|-boost|p1a: the agency|atk|1
|-boost|p1a: the agency|spe|1
|move|p2a: Byakko|Dragon Pulse|p1a: the agency
|-supereffective|p1a: the agency
|-damage|p1a: the agency|7/100
|
|upkeep
|turn|17
|
|t:|1779571106
|move|p1a: the agency|Scale Shot|p2a: Byakko
|-supereffective|p2a: Byakko
|-damage|p2a: Byakko|0
|faint|p2a: Byakko
|-end|p2a: Byakko|Protosynthesis|[silent]
|-hitcount|p2: Byakko|1
|-unboost|p1a: the agency|def|1
|-boost|p1a: the agency|spe|1
|
|upkeep
|
|t:|1779571106
|switch|p2a: Overgod|Kingambit, M, shiny|100/100
|-activate|p2a: Overgod|ability: Supreme Overlord
|-start|p2a: Overgod|fallen2|[silent]
|turn|18
|
|t:|1779571109
|move|p1a: the agency|Fire Punch|p2a: Overgod
|-supereffective|p2a: Overgod
|-damage|p2a: Overgod|0
|faint|p2a: Overgod
|-end|p2a: Overgod|fallen2|[silent]
|
|upkeep
|
|t:|1779571109
|switch|p2a: Calamity|Iron Valiant, shiny|100/100
|-enditem|p2a: Calamity|Booster Energy
|-activate|p2a: Calamity|ability: Quark Drive|[fromitem]
|-start|p2a: Calamity|quarkdrivespe
|turn|19
|
|t:|1779571121
|move|p1a: the agency|Fire Punch|p2a: Calamity
|-damage|p2a: Calamity|0
|faint|p2a: Calamity
|-end|p2a: Calamity|Quark Drive|[silent]
|
|upkeep
|
|t:|1779571121
|switch|p2a: Symbolism|Iron Moth, shiny|100/100
|-enditem|p2a: Symbolism|Booster Energy
|-activate|p2a: Symbolism|ability: Quark Drive|[fromitem]
|-start|p2a: Symbolism|quarkdrivespe
|turn|20
|
|t:|1779571124
|move|p1a: the agency|Scale Shot|p2a: Symbolism|[miss]
|-miss|p1a: the agency|p2a: Symbolism
|move|p2a: Symbolism|Sludge Wave|p1a: the agency
|-damage|p1a: the agency|0
|faint|p1a: the agency
|
|upkeep
|c|☆Abyssal Bot|I had warned you about hax!! HAHAHA
|
|t:|1779571128
|switch|p1a: china|Dragonair, F|100/100
|-damage|p1a: china|84/100|[from] Spikes|[of] p2: Spirit Monger
|turn|21
|
|t:|1779571129
|move|p2a: Symbolism|Substitute|p2a: Symbolism
|-start|p2a: Symbolism|Substitute
|-damage|p2a: Symbolism|76/100
|move|p1a: china|Thunder Wave||[still]
|-fail|p1a: china
|
|upkeep
|turn|22
|
|t:|1779571133
|move|p2a: Symbolism|Sludge Wave|p1a: china
|-damage|p1a: china|37/100
|move|p1a: china|Outrage|p2a: Symbolism
|-end|p2a: Symbolism|Substitute
|
|upkeep
|turn|23
|
|t:|1779571136
|move|p2a: Symbolism|Psychic|p1a: china
|-damage|p1a: china|8/100
|move|p1a: china|Outrage|p2a: Symbolism|[from]lockedmove
|-damage|p2a: Symbolism|26/100
|
|upkeep
|turn|24
|
|t:|1779571139
|move|p2a: Symbolism|Fiery Dance|p1a: china
|-resisted|p1a: china
|-damage|p1a: china|0
|faint|p1a: china
|
|upkeep
|
|t:|1779571144
|switch|p1a: twice|Rufflet, M|100/100
|turn|25
|
|t:|1779571146
|move|p2a: Symbolism|Substitute|p2a: Symbolism
|-start|p2a: Symbolism|Substitute
|-damage|p2a: Symbolism|1/100
|move|p1a: twice|Brave Bird|p2a: Symbolism
|-end|p2a: Symbolism|Substitute
|-damage|p1a: twice|92/100|[from] Recoil|[of] p2a: Symbolism
|
|upkeep
|turn|26
|
|t:|1779571148
|move|p2a: Symbolism|Fiery Dance|p1a: twice
|-damage|p1a: twice|58/100
|-boost|p2a: Symbolism|spa|1
|move|p1a: twice|U-turn|p2a: Symbolism
|-resisted|p2a: Symbolism
|-damage|p2a: Symbolism|0
|faint|p2a: Symbolism
|-end|p2a: Symbolism|Quark Drive|[silent]
|
|t:|1779571151
|switch|p1a: negotiations|Ninetales-Alola, F|30/100|[from] U-turn
|-damage|p1a: negotiations|13/100|[from] Spikes|[of] p2: Spirit Monger
|-weather|Snow|[from] ability: Snow Warning|[of] p1a: negotiations
|
|-weather|Snow|[upkeep]
|upkeep
|
|t:|1779571151
|switch|p2a: Kong|Rillaboom, M, shiny|100/100
|-fieldstart|move: Grassy Terrain|[from] ability: Grassy Surge|[of] p2a: Kong
|turn|27
|
|t:|1779571153
|move|p1a: negotiations|Aurora Veil|p1a: negotiations
|-sidestart|p1: A05236|move: Aurora Veil
|move|p2a: Kong|U-turn|p1a: negotiations
|-resisted|p1a: negotiations
|-damage|p1a: negotiations|4/100
|
|-weather|Snow|[upkeep]
|-heal|p1a: negotiations|10/100|[from] Grassy Terrain
|upkeep
|turn|28
|
|t:|1779571156
|move|p1a: negotiations|Moonblast|p2a: Kong
|-damage|p2a: Kong|53/100
|move|p2a: Kong|U-turn|p1a: negotiations
|-resisted|p1a: negotiations
|-damage|p1a: negotiations|0
|faint|p1a: negotiations
|
|-weather|Snow|[upkeep]
|-heal|p2a: Kong|59/100|[from] Grassy Terrain
|upkeep
|
|t:|1779571159
|switch|p1a: twice|Rufflet, M|58/100
|turn|29
|
|t:|1779571161
|move|p2a: Kong|U-turn|p1a: twice
|-resisted|p1a: twice
|-damage|p1a: twice|46/100
|move|p1a: twice|Brave Bird|p2a: Kong
|-supereffective|p2a: Kong
|-damage|p2a: Kong|0
|faint|p2a: Kong
|-damage|p1a: twice|22/100|[from] Recoil
|
|win|A05236
|c|☆Abyssal Bot|Oh, I lost. Good Game.
|l|☆Abyssal Bot
|player|p2|
|l|*Turbo Bottttt
