|j|☆Rapirak
|j|☆MAGAboominGOOCH
|t:|1779590597
|gametype|singles
|player|p1|Rapirak|169|1106
|player|p2|MAGAboominGOOCH|supernerd|1086
|gen|9
|tier|[Gen 9] OU
|rated|
|rule|HP Percentage Mod: HP is shown in percentages
|rule|Endless Battle Clause: Forcing endless battles is banned
|rule|Species Clause: Limit one of each Pokémon
|rule|OHKO Clause: OHKO moves are banned
|rule|Evasion Items Clause: Evasion items are banned
|rule|Evasion Moves Clause: Evasion moves are banned
|rule|Evasion Abilities Clause: Evasion abilities are banned
|rule|Sleep Moves Clause: Sleep-inducing moves are banned
|clearpoke
|poke|p1|Staraptor, F|
|poke|p1|Dragapult, M|
|poke|p1|Garchomp, M|
|poke|p1|Galvantula, F|
|poke|p1|Ninetales, F|
|poke|p1|Glimmora, F|
|poke|p2|Glimmora, M|
|poke|p2|Arcanine-Hisui, M|
|poke|p2|Torkoal, M|
|poke|p2|Houndoom, M|
|poke|p2|Inteleon, M|
|poke|p2|Scovillain, M|
|teampreview
|inactive|Battle timer is ON: inactive players will automatically lose when time's up. (requested by MAGAboominGOOCH)
|
|t:|1779590730
|teamsize|p1|6
|teamsize|p2|6
|start
|switch|p1a: Galvantula|Galvantula, F|100/100
|switch|p2a: Glimmora|Glimmora, M|100/100
|-item|p2a: Glimmora|Air Balloon
|turn|1
|
|t:|1779590749
|move|p1a: Galvantula|Discharge|p2a: Glimmora
|-damage|p2a: Glimmora|57/100
|-status|p2a: Glimmora|par
|-enditem|p2a: Glimmora|Air Balloon
|move|p2a: Glimmora|Power Gem|p1a: Galvantula
|-supereffective|p1a: Galvantula
|-enditem|p1a: Galvantula|Focus Sash
|-damage|p1a: Galvantula|1/100
|
|upkeep
|turn|2
|
|t:|1779590762
|move|p1a: Galvantula|Sticky Web|p2a: Glimmora
|-sidestart|p2: MAGAboominGOOCH|move: Sticky Web
|move|p2a: Glimmora|Sludge Bomb|p1a: Galvantula
|-damage|p1a: Galvantula|0 fnt
|faint|p1a: Galvantula
|
|upkeep
|
|t:|1779590768
|switch|p1a: Garchomp|Garchomp, M|100/100
|turn|3
|
|t:|1779590780
|-terastallize|p2a: Glimmora|Fairy
|move|p1a: Garchomp|Swords Dance|p1a: Garchomp
|-boost|p1a: Garchomp|atk|2
|cant|p2a: Glimmora|par
|
|upkeep
|turn|4
|
|t:|1779590788
|move|p1a: Garchomp|Earthquake|p2a: Glimmora
|-damage|p2a: Glimmora|0 fnt
|-activate|p2a: Glimmora|ability: Toxic Debris
|-sidestart|p1: Rapirak|move: Toxic Spikes
|faint|p2a: Glimmora
|
|upkeep
|
|t:|1779590794
|switch|p2a: Torkoal|Torkoal, M|100/100
|-activate|p2a: Torkoal|move: Sticky Web
|-unboost|p2a: Torkoal|spe|1
|-weather|SunnyDay|[from] ability: Drought|[of] p2a: Torkoal
|turn|5
|
|t:|1779590798
|switch|p2a: Scovillain|Scovillain, M, shiny|100/100
|-activate|p2a: Scovillain|move: Sticky Web
|-unboost|p2a: Scovillain|spe|1
|move|p1a: Garchomp|Earthquake|p2a: Scovillain
|-crit|p2a: Scovillain
|-damage|p2a: Scovillain|0 fnt
|faint|p2a: Scovillain
|
|-weather|SunnyDay|[upkeep]
|upkeep
|
|t:|1779590807
|switch|p2a: Houndoom|Houndoom, M|100/100
|-ability|p2a: Houndoom|Unnerve
|-activate|p2a: Houndoom|move: Sticky Web
|-unboost|p2a: Houndoom|spe|1
|turn|6
|
|t:|1779590831
|move|p1a: Garchomp|Scale Shot|p2a: Houndoom
|-damage|p2a: Houndoom|50/100
|-damage|p2a: Houndoom|0 fnt
|faint|p2a: Houndoom
|-hitcount|p2: Houndoom|2
|-unboost|p1a: Garchomp|def|1
|-boost|p1a: Garchomp|spe|1
|
|-weather|SunnyDay|[upkeep]
|upkeep
|
|t:|1779590841
|switch|p2a: Torkoal|Torkoal, M|100/100
|-activate|p2a: Torkoal|move: Sticky Web
|-unboost|p2a: Torkoal|spe|1
|turn|7
|
|t:|1779590843
|move|p1a: Garchomp|Earthquake|p2a: Torkoal
|-supereffective|p2a: Torkoal
|-damage|p2a: Torkoal|0 fnt
|faint|p2a: Torkoal
|
|-weather|SunnyDay|[upkeep]
|upkeep
|
|t:|1779590846
|switch|p2a: Arcanine|Arcanine-Hisui, M|100/100
|-activate|p2a: Arcanine|move: Sticky Web
|-unboost|p2a: Arcanine|spe|1
|turn|8
|c|☆Rapirak|Fried
|
|t:|1779590853
|move|p2a: Arcanine|Extreme Speed|p1a: Garchomp
|-damage|p1a: Garchomp|53/100
|-damage|p2a: Arcanine|88/100|[from] ability: Rough Skin|[of] p1a: Garchomp
|-damage|p2a: Arcanine|78/100|[from] item: Life Orb
|move|p1a: Garchomp|Earthquake|p2a: Arcanine
|-supereffective|p2a: Arcanine
|-damage|p2a: Arcanine|0 fnt
|faint|p2a: Arcanine
|
|-weather|SunnyDay|[upkeep]
|upkeep
|
|t:|1779590858
|switch|p2a: Inteleon|Inteleon, M, shiny|100/100
|-activate|p2a: Inteleon|move: Sticky Web
|-unboost|p2a: Inteleon|spe|1
|turn|9
|
|t:|1779590863
|move|p2a: Inteleon|Ice Shard|p1a: Garchomp
|-supereffective|p1a: Garchomp
|-damage|p1a: Garchomp|0 fnt
|faint|p1a: Garchomp
|
|-weather|SunnyDay|[upkeep]
|upkeep
|
|t:|1779590868
|switch|p1a: Staraptor|Staraptor, F|100/100
|turn|10
|
|t:|1779590873
|-terastallize|p1a: Staraptor|Flying
|move|p2a: Inteleon|Ice Shard|p1a: Staraptor
|-supereffective|p1a: Staraptor
|-damage|p1a: Staraptor|68/100
|move|p1a: Staraptor|Brave Bird|p2a: Inteleon
|-damage|p2a: Inteleon|0 fnt
|faint|p2a: Inteleon
|-damage|p1a: Staraptor|38/100|[from] Recoil
|
|win|Rapirak
|raw|Rapirak's rating: 1106 &rarr; <strong>1130</strong><br />(+24 for winning)
|raw|MAGAboominGOOCH's rating: 1086 &rarr; <strong>1064</strong><br />(-22 for losing)
|l|☆MAGAboominGOOCH
|player|p2|
