|j|☆hjghkjhgk
|j|☆Latari
|t:|1779724876
|gametype|singles
|player|p1|hjghkjhgk|cynthia|1087
|player|p2|Latari|gardenia-masters|1152
|gen|9
|tier|[Gen 9] OU
|rated|
|rule|HP Percentage Mod: HP is shown in percentages
|rule|Endless Battle Clause: Forcing endless battles is banned
|rule|Species Clause: Limit one of each Pokémon
|rule|OHKO Clause: OHKO moves are banned
|rule|Evasion Items Clause: Evasion items are banned
|rule|Evasion Moves Clause: Evasion moves are banned
|rule|Evasion Abilities Clause: Evasion abilities are banned
|rule|Sleep Moves Clause: Sleep-inducing moves are banned
|clearpoke
|poke|p1|Dragonite, F|
|poke|p1|Ceruledge, F|
|poke|p1|Garchomp, M|
|poke|p1|Chansey, F|
|poke|p1|Grimmsnarl, M|
|poke|p1|Corviknight, M|
|poke|p2|Bellibolt, M|
|poke|p2|Basculegion, M|
|poke|p2|Dragonite, M|
|poke|p2|Iron Treads|
|poke|p2|Barraskewda, M|
|poke|p2|Pelipper, F|
|teampreview
|inactive|Battle timer is ON: inactive players will automatically lose when time's up. (requested by hjghkjhgk)
|
|t:|1779724883
|teamsize|p1|6
|teamsize|p2|6
|start
|switch|p1a: Grimmsnarl|Grimmsnarl, M|100/100
|switch|p2a: Taco Truck x VB|Pelipper, F|100/100
|-weather|RainDance|[from] ability: Drizzle|[of] p2a: Taco Truck x VB
|turn|1
|
|t:|1779724896
|move|p1a: Grimmsnarl|Light Screen|p1a: Grimmsnarl
|-sidestart|p1: hjghkjhgk|move: Light Screen
|move|p2a: Taco Truck x VB|Surf|p1a: Grimmsnarl
|-damage|p1a: Grimmsnarl|85/100
|
|-weather|RainDance|[upkeep]
|upkeep
|turn|2
|
|t:|1779724908
|move|p1a: Grimmsnarl|Reflect|p1a: Grimmsnarl
|-sidestart|p1: hjghkjhgk|Reflect
|move|p2a: Taco Truck x VB|U-turn|p1a: Grimmsnarl
|-damage|p1a: Grimmsnarl|79/100
|inactive|Latari has 120 seconds left.
|
|t:|1779724939
|switch|p2a: Venice Btch|Bellibolt, M|100/100|[from] U-turn
|
|-weather|RainDance|[upkeep]
|upkeep
|turn|3
|inactive|Latari has 120 seconds left.
|
|t:|1779724949
|switch|p1a: Garchomp|Garchomp, M|100/100
|move|p2a: Venice Btch|Volt Switch|p1a: Garchomp
|-immune|p1a: Garchomp
|
|-weather|RainDance|[upkeep]
|upkeep
|turn|4
|inactive|Latari has 120 seconds left.
|
|t:|1779724963
|move|p1a: Garchomp|Earthquake|p2a: Venice Btch
|-supereffective|p2a: Venice Btch
|-damage|p2a: Venice Btch|5/100
|-start|p2a: Venice Btch|Charge|Earthquake|[from] ability: Electromorphosis
|move|p2a: Venice Btch|Weather Ball|p1a: Garchomp
|-damage|p1a: Garchomp|73/100
|
|-weather|RainDance|[upkeep]
|upkeep
|turn|5
|inactive|Latari has 120 seconds left.
|
|t:|1779724974
|switch|p2a: Taco Truck x VB|Pelipper, F|100/100
|move|p1a: Garchomp|Earthquake|p2a: Taco Truck x VB
|-immune|p2a: Taco Truck x VB
|
|-weather|RainDance|[upkeep]
|upkeep
|turn|6
|
|t:|1779724992
|switch|p1a: Grimmsnarl|Grimmsnarl, M|79/100
|move|p2a: Taco Truck x VB|Hurricane|p1a: Grimmsnarl
|-damage|p1a: Grimmsnarl|65/100
|
|-weather|RainDance|[upkeep]
|upkeep
|turn|7
|
|t:|1779725001
|move|p1a: Grimmsnarl|Thunder Wave|p2a: Taco Truck x VB
|-status|p2a: Taco Truck x VB|par
|cant|p2a: Taco Truck x VB|par
|
|-weather|RainDance|[upkeep]
|upkeep
|turn|8
|
|t:|1779725007
|move|p1a: Grimmsnarl|Spirit Break|p2a: Taco Truck x VB
|-damage|p2a: Taco Truck x VB|77/100 par
|-unboost|p2a: Taco Truck x VB|spa|1
|cant|p2a: Taco Truck x VB|par
|
|-weather|none
|-sideend|p1: hjghkjhgk|move: Light Screen
|upkeep
|turn|9
|
|t:|1779725017
|switch|p2a: Venice Btch|Bellibolt, M|5/100
|move|p1a: Grimmsnarl|Light Screen|p1a: Grimmsnarl
|-sidestart|p1: hjghkjhgk|move: Light Screen
|
|-sideend|p1: hjghkjhgk|Reflect
|upkeep
|turn|10
|
|t:|1779725025
|move|p1a: Grimmsnarl|Reflect|p1a: Grimmsnarl
|-sidestart|p1: hjghkjhgk|Reflect
|move|p2a: Venice Btch|Volt Switch|p1a: Grimmsnarl
|-damage|p1a: Grimmsnarl|52/100
|
|t:|1779725030
|switch|p2a: Taco Truck x VB|Pelipper, F|77/100 par|[from] Volt Switch
|-weather|RainDance|[from] ability: Drizzle|[of] p2a: Taco Truck x VB
|
|-weather|RainDance|[upkeep]
|upkeep
|turn|11
|
|t:|1779725039
|move|p1a: Grimmsnarl|Spirit Break|p2a: Taco Truck x VB
|-damage|p2a: Taco Truck x VB|55/100 par
|-unboost|p2a: Taco Truck x VB|spa|1
|move|p2a: Taco Truck x VB|Roost|p2a: Taco Truck x VB
|-heal|p2a: Taco Truck x VB|100/100 par
|-singleturn|p2a: Taco Truck x VB|move: Roost
|
|-weather|RainDance|[upkeep]
|upkeep
|turn|12
|
|t:|1779725049
|switch|p2a: Diet Mountain Dew|Iron Treads|100/100
|move|p1a: Grimmsnarl|Spirit Break|p2a: Diet Mountain Dew
|-resisted|p2a: Diet Mountain Dew
|-damage|p2a: Diet Mountain Dew|90/100
|-unboost|p2a: Diet Mountain Dew|spa|1
|-enditem|p2a: Diet Mountain Dew|Eject Button
|
|t:|1779725059
|-end|p2a: Diet Mountain Dew|Quark Drive|[silent]
|switch|p2a: Venice Btch|Bellibolt, M|5/100
|
|-weather|RainDance|[upkeep]
|upkeep
|turn|13
|
|t:|1779725065
|move|p1a: Grimmsnarl|Spirit Break|p2a: Venice Btch
|-damage|p2a: Venice Btch|0 fnt
|faint|p2a: Venice Btch
|
|-weather|RainDance|[upkeep]
|upkeep
|
|t:|1779725074
|switch|p2a: Diet Mountain Dew|Iron Treads|90/100
|turn|14
|
|t:|1779725086
|switch|p1a: Corviknight|Corviknight, M|100/100
|move|p2a: Diet Mountain Dew|Stealth Rock|p1a: Corviknight
|-sidestart|p1: hjghkjhgk|move: Stealth Rock
|
|-weather|RainDance|[upkeep]
|upkeep
|turn|15
|
|t:|1779725098
|move|p2a: Diet Mountain Dew|Volt Switch|p1a: Corviknight
|-supereffective|p1a: Corviknight
|-damage|p1a: Corviknight|92/100
|
|t:|1779725105
|-end|p2a: Diet Mountain Dew|Quark Drive|[silent]
|switch|p2a: Chemtrails over de|Basculegion, M|100/100|[from] Volt Switch
|move|p1a: Corviknight|Defog|p2a: Chemtrails over de
|-unboost|p2a: Chemtrails over de|evasion|1
|-sideend|p1: hjghkjhgk|Stealth Rock|[from] move: Defog|[of] p1a: Corviknight
|
|-weather|RainDance|[upkeep]
|-heal|p1a: Corviknight|98/100|[from] item: Leftovers
|upkeep
|turn|16
|
|t:|1779725129
|move|p2a: Chemtrails over de|Wave Crash|p1a: Corviknight
|-damage|p1a: Corviknight|26/100
|-damage|p2a: Chemtrails over de|76/100|[from] Recoil
|move|p1a: Corviknight|Iron Head|p2a: Chemtrails over de
|-resisted|p2a: Chemtrails over de
|-damage|p2a: Chemtrails over de|60/100
|
|-weather|RainDance|[upkeep]
|-heal|p1a: Corviknight|32/100|[from] item: Leftovers
|-sideend|p1: hjghkjhgk|move: Light Screen
|upkeep
|turn|17
|
|t:|1779725143
|switch|p1a: Dragonite|Dragonite, F|100/100
|move|p2a: Chemtrails over de|Wave Crash|p1a: Dragonite
|-resisted|p1a: Dragonite
|-damage|p1a: Dragonite|79/100
|-damage|p2a: Chemtrails over de|54/100|[from] Recoil
|
|-weather|none
|-sideend|p1: hjghkjhgk|Reflect
|upkeep
|turn|18
|
|t:|1779725159
|switch|p2a: Taco Truck x VB|Pelipper, F|100/100 par
|-weather|RainDance|[from] ability: Drizzle|[of] p2a: Taco Truck x VB
|move|p1a: Dragonite|Scale Shot|p2a: Taco Truck x VB
|-damage|p2a: Taco Truck x VB|89/100 par
|-damage|p2a: Taco Truck x VB|79/100 par
|-damage|p2a: Taco Truck x VB|67/100 par
|-damage|p2a: Taco Truck x VB|57/100 par
|-damage|p2a: Taco Truck x VB|45/100 par
|-hitcount|p2a: Taco Truck x VB|5
|-unboost|p1a: Dragonite|def|1
|-boost|p1a: Dragonite|spe|1
|
|-weather|RainDance|[upkeep]
|upkeep
|turn|19
|
|t:|1779725177
|switch|p2a: Diet Mountain Dew|Iron Treads|90/100
|move|p1a: Dragonite|Scale Shot|p2a: Diet Mountain Dew
|-resisted|p2a: Diet Mountain Dew
|-damage|p2a: Diet Mountain Dew|84/100
|-resisted|p2a: Diet Mountain Dew
|-damage|p2a: Diet Mountain Dew|79/100
|-resisted|p2a: Diet Mountain Dew
|-crit|p2a: Diet Mountain Dew
|-damage|p2a: Diet Mountain Dew|71/100
|-resisted|p2a: Diet Mountain Dew
|-damage|p2a: Diet Mountain Dew|66/100
|-hitcount|p2a: Diet Mountain Dew|4
|-unboost|p1a: Dragonite|def|1
|-boost|p1a: Dragonite|spe|1
|
|-weather|RainDance|[upkeep]
|upkeep
|turn|20
|inactive|hjghkjhgk has 120 seconds left.
|
|t:|1779725195
|switch|p1a: Garchomp|Garchomp, M|73/100
|move|p2a: Diet Mountain Dew|Rapid Spin|p1a: Garchomp
|-damage|p1a: Garchomp|59/100
|-boost|p2a: Diet Mountain Dew|spe|1
|-damage|p2a: Diet Mountain Dew|53/100|[from] ability: Rough Skin|[of] p1a: Garchomp
|-damage|p2a: Diet Mountain Dew|37/100|[from] item: Rocky Helmet|[of] p1a: Garchomp
|
|-weather|RainDance|[upkeep]
|upkeep
|turn|21
|inactive|hjghkjhgk has 120 seconds left.
|inactive|Latari has 120 seconds left.
|
|t:|1779725218
|move|p2a: Diet Mountain Dew|Earthquake|p1a: Garchomp
|-damage|p1a: Garchomp|17/100
|move|p1a: Garchomp|Swords Dance|p1a: Garchomp
|-boost|p1a: Garchomp|atk|2
|
|-weather|RainDance|[upkeep]
|upkeep
|turn|22
|inactive|hjghkjhgk has 120 seconds left.
|
|t:|1779725229
|switch|p1a: Dragonite|Dragonite, F|79/100
|move|p2a: Diet Mountain Dew|Earthquake|p1a: Dragonite
|-immune|p1a: Dragonite
|
|-weather|RainDance|[upkeep]
|upkeep
|turn|23
|inactive|hjghkjhgk has 120 seconds left.
|
|t:|1779725245
|switch|p1a: Corviknight|Corviknight, M|32/100
|move|p2a: Diet Mountain Dew|Stealth Rock|p1a: Corviknight
|-sidestart|p1: hjghkjhgk|move: Stealth Rock
|
|-weather|RainDance|[upkeep]
|-heal|p1a: Corviknight|39/100|[from] item: Leftovers
|upkeep
|turn|24
|
|t:|1779725252
|move|p2a: Diet Mountain Dew|Volt Switch|p1a: Corviknight
|-supereffective|p1a: Corviknight
|-damage|p1a: Corviknight|23/100
|
|t:|1779725260
|-end|p2a: Diet Mountain Dew|Quark Drive|[silent]
|switch|p2a: Chemtrails over de|Basculegion, M|54/100|[from] Volt Switch
|move|p1a: Corviknight|Body Press|p2a: Chemtrails over de
|-immune|p2a: Chemtrails over de
|
|-weather|RainDance|[upkeep]
|-heal|p1a: Corviknight|29/100|[from] item: Leftovers
|upkeep
|turn|25
|inactive|hjghkjhgk has 120 seconds left.
|
|t:|1779725281
|switch|p1a: Dragonite|Dragonite, F|79/100
|-damage|p1a: Dragonite|54/100|[from] Stealth Rock
|move|p2a: Chemtrails over de|Wave Crash|p1a: Dragonite
|-resisted|p1a: Dragonite
|-damage|p1a: Dragonite|0 fnt
|faint|p1a: Dragonite
|-damage|p2a: Chemtrails over de|39/100|[from] Recoil
|
|-weather|none
|upkeep
|inactive|hjghkjhgk has 120 seconds left.
|
|t:|1779725292
|switch|p1a: Chansey|Chansey, F|100/100
|-damage|p1a: Chansey|88/100|[from] Stealth Rock
|turn|26
|inactive|hjghkjhgk has 120 seconds left.
|
|t:|1779725299
|switch|p2a: Taco Truck x VB|Pelipper, F|45/100 par
|-weather|RainDance|[from] ability: Drizzle|[of] p2a: Taco Truck x VB
|move|p1a: Chansey|Charm|p2a: Taco Truck x VB
|-unboost|p2a: Taco Truck x VB|atk|2
|
|-weather|RainDance|[upkeep]
|upkeep
|turn|27
|
|t:|1779725311
|move|p1a: Chansey|Seismic Toss|p2a: Taco Truck x VB
|-damage|p2a: Taco Truck x VB|14/100 par
|move|p2a: Taco Truck x VB|Roost|p2a: Taco Truck x VB
|-heal|p2a: Taco Truck x VB|65/100 par
|-singleturn|p2a: Taco Truck x VB|move: Roost
|
|-weather|RainDance|[upkeep]
|upkeep
|turn|28
|
|t:|1779725321
|move|p1a: Chansey|Seismic Toss|p2a: Taco Truck x VB
|-damage|p2a: Taco Truck x VB|34/100 par
|move|p2a: Taco Truck x VB|Roost|p2a: Taco Truck x VB
|-heal|p2a: Taco Truck x VB|84/100 par
|-singleturn|p2a: Taco Truck x VB|move: Roost
|
|-weather|RainDance|[upkeep]
|upkeep
|turn|29
|
|t:|1779725332
|switch|p1a: Corviknight|Corviknight, M|29/100
|-damage|p1a: Corviknight|17/100|[from] Stealth Rock
|switch|p2a: Chemtrails over de|Basculegion, M|39/100
|
|-weather|RainDance|[upkeep]
|-heal|p1a: Corviknight|23/100|[from] item: Leftovers
|upkeep
|turn|30
|
|t:|1779725343
|move|p2a: Chemtrails over de|Wave Crash|p1a: Corviknight
|-damage|p1a: Corviknight|0 fnt
|faint|p1a: Corviknight
|-damage|p2a: Chemtrails over de|31/100|[from] Recoil
|
|-weather|RainDance|[upkeep]
|upkeep
|
|t:|1779725350
|switch|p1a: Garchomp|Garchomp, M|17/100
|-damage|p1a: Garchomp|11/100|[from] Stealth Rock
|turn|31
|
|t:|1779725356
|switch|p2a: Diet Mountain Dew|Iron Treads|37/100
|move|p1a: Garchomp|Earthquake|p2a: Diet Mountain Dew
|-supereffective|p2a: Diet Mountain Dew
|-damage|p2a: Diet Mountain Dew|0 fnt
|faint|p2a: Diet Mountain Dew
|-end|p2a: Diet Mountain Dew|Quark Drive|[silent]
|
|-weather|RainDance|[upkeep]
|upkeep
|
|t:|1779725366
|switch|p2a: Brooklyn Baby|Barraskewda, M|100/100
|turn|32
|
|t:|1779725380
|move|p2a: Brooklyn Baby|Flip Turn|p1a: Garchomp
|-damage|p1a: Garchomp|0 fnt
|-damage|p2a: Brooklyn Baby|88/100|[from] ability: Rough Skin|[of] p1a: Garchomp
|-damage|p2a: Brooklyn Baby|72/100|[from] item: Rocky Helmet|[of] p1a: Garchomp
|faint|p1a: Garchomp
|inactive|Latari has 120 seconds left.
|
|t:|1779725406
|switch|p2a: Ultraviolence|Dragonite, M|100/100|[from] Flip Turn
|
|-weather|RainDance|[upkeep]
|upkeep
|
|t:|1779725410
|switch|p1a: Grimmsnarl|Grimmsnarl, M|52/100
|-damage|p1a: Grimmsnarl|40/100|[from] Stealth Rock
|turn|33
|
|t:|1779725423
|move|p1a: Grimmsnarl|Reflect|p1a: Grimmsnarl
|-sidestart|p1: hjghkjhgk|Reflect
|move|p2a: Ultraviolence|Hurricane|p1a: Grimmsnarl
|-damage|p1a: Grimmsnarl|0 fnt
|faint|p1a: Grimmsnarl
|
|-weather|none
|upkeep
|
|t:|1779725428
|switch|p1a: Chansey|Chansey, F|88/100
|-damage|p1a: Chansey|75/100|[from] Stealth Rock
|turn|34
|
|t:|1779725436
|move|p2a: Ultraviolence|Low Kick|p1a: Chansey
|-supereffective|p1a: Chansey
|-damage|p1a: Chansey|64/100
|move|p1a: Chansey|Seismic Toss|p2a: Ultraviolence
|-damage|p2a: Ultraviolence|70/100
|
|upkeep
|turn|35
|
|t:|1779725447
|switch|p2a: Taco Truck x VB|Pelipper, F|84/100 par
|-weather|RainDance|[from] ability: Drizzle|[of] p2a: Taco Truck x VB
|move|p1a: Chansey|Seismic Toss|p2a: Taco Truck x VB
|-damage|p2a: Taco Truck x VB|53/100 par
|
|-weather|RainDance|[upkeep]
|upkeep
|turn|36
|
|t:|1779725457
|move|p1a: Chansey|Seismic Toss|p2a: Taco Truck x VB
|-damage|p2a: Taco Truck x VB|22/100 par
|move|p2a: Taco Truck x VB|Roost|p2a: Taco Truck x VB
|-heal|p2a: Taco Truck x VB|72/100 par
|-singleturn|p2a: Taco Truck x VB|move: Roost
|
|-weather|RainDance|[upkeep]
|upkeep
|turn|37
|
|t:|1779725465
|switch|p2a: Chemtrails over de|Basculegion, M|31/100
|move|p1a: Chansey|Seismic Toss|p2a: Chemtrails over de
|-immune|p2a: Chemtrails over de
|
|-weather|RainDance|[upkeep]
|upkeep
|turn|38
|
|t:|1779725478
|move|p2a: Chemtrails over de|Wave Crash|p1a: Chansey
|-damage|p1a: Chansey|0 fnt
|faint|p1a: Chansey
|-damage|p2a: Chemtrails over de|0 fnt|[from] Recoil
|faint|p2a: Chemtrails over de
|
|-weather|RainDance|[upkeep]
|upkeep
|inactive|Latari has 120 seconds left.
|
|t:|1779725505
|switch|p2a: Brooklyn Baby|Barraskewda, M|72/100
|switch|p1a: Ceruledge|Ceruledge, F|100/100
|-damage|p1a: Ceruledge|76/100|[from] Stealth Rock
|turn|39
|
|t:|1779725515
|move|p2a: Brooklyn Baby|Liquidation|p1a: Ceruledge
|-supereffective|p1a: Ceruledge
|-damage|p1a: Ceruledge|0 fnt
|faint|p1a: Ceruledge
|
|win|Latari
|raw|hjghkjhgk's rating: 1087 &rarr; <strong>1068</strong><br />(-19 for losing)
|raw|Latari's rating: 1152 &rarr; <strong>1172</strong><br />(+20 for winning)
|l|☆hjghkjhgk
|player|p1|
