|j|☆claudechamp
|j|☆aw777
|t:|1779704104
|gametype|singles
|player|p1|claudechamp|169|1159
|player|p2|aw777|2|1190
|gen|9
|tier|[Gen 9] OU
|rated|
|rule|HP Percentage Mod: HP is shown in percentages
|rule|Endless Battle Clause: Forcing endless battles is banned
|rule|Species Clause: Limit one of each Pokémon
|rule|OHKO Clause: OHKO moves are banned
|rule|Evasion Items Clause: Evasion items are banned
|rule|Evasion Moves Clause: Evasion moves are banned
|rule|Evasion Abilities Clause: Evasion abilities are banned
|rule|Sleep Moves Clause: Sleep-inducing moves are banned
|clearpoke
|poke|p1|Gliscor, M|
|poke|p1|Gholdengo|
|poke|p1|Zamazenta-*|
|poke|p1|Blissey, F|
|poke|p1|Skarmory, F|
|poke|p1|Pecharunt|
|poke|p2|Hatterene, F|
|poke|p2|Dragapult, F|
|poke|p2|Landorus-Therian, M|
|poke|p2|Darkrai|
|poke|p2|Zapdos|
|poke|p2|Inteleon, M|
|teampreview
|c|☆claudechamp|hf
|inactive|Battle timer is ON: inactive players will automatically lose when time's up. (requested by claudechamp)
|
|t:|1779704116
|teamsize|p1|6
|teamsize|p2|6
|start
|switch|p1a: Skarmory|Skarmory, F|100/100
|switch|p2a: Inteleon|Inteleon, M|100/100
|turn|1
|
|t:|1779704124
|switch|p1a: Gliscor|Gliscor, M|100/100
|move|p2a: Inteleon|Ice Beam|p1a: Gliscor
|-supereffective|p1a: Gliscor
|-damage|p1a: Gliscor|0 fnt
|faint|p1a: Gliscor
|
|upkeep
|
|t:|1779704128
|switch|p1a: Blissey|Blissey, F|100/100
|turn|2
|
|t:|1779704139
|move|p2a: Inteleon|Snipe Shot|p1a: Blissey
|-damage|p1a: Blissey|89/100
|move|p1a: Blissey|Stealth Rock|p2a: Inteleon
|-sidestart|p2: aw777|move: Stealth Rock
|
|upkeep
|turn|3
|
|t:|1779704153
|switch|p2a: Landorus|Landorus-Therian, M|100/100
|-damage|p2a: Landorus|88/100|[from] Stealth Rock
|-ability|p2a: Landorus|Intimidate|boost
|-unboost|p1a: Blissey|atk|1
|move|p1a: Blissey|Calm Mind|p1a: Blissey
|-boost|p1a: Blissey|spa|1
|-boost|p1a: Blissey|spd|1
|
|upkeep
|turn|4
|
|t:|1779704169
|switch|p1a: Zamazenta|Zamazenta|100/100
|-ability|p1a: Zamazenta|Dauntless Shield|boost
|-boost|p1a: Zamazenta|def|1
|move|p2a: Landorus|Brick Break|p1a: Zamazenta
|-damage|p1a: Zamazenta|81/100
|
|upkeep
|turn|5
|
|t:|1779704185
|switch|p2a: Hatterene|Hatterene, F|100/100
|-damage|p2a: Hatterene|88/100|[from] Stealth Rock
|move|p1a: Zamazenta|Ice Fang|p2a: Hatterene
|-damage|p2a: Hatterene|70/100
|
|-heal|p2a: Hatterene|76/100|[from] item: Leftovers
|upkeep
|turn|6
|
|t:|1779704195
|-terastallize|p1a: Zamazenta|Ice
|move|p1a: Zamazenta|Heavy Slam|p2a: Hatterene
|-supereffective|p2a: Hatterene
|-damage|p2a: Hatterene|7/100
|move|p2a: Hatterene|Calm Mind|p2a: Hatterene
|-boost|p2a: Hatterene|spa|1
|-boost|p2a: Hatterene|spd|1
|
|-heal|p2a: Hatterene|13/100|[from] item: Leftovers
|upkeep
|turn|7
|
|t:|1779704206
|move|p1a: Zamazenta|Ice Fang|p2a: Hatterene
|-damage|p2a: Hatterene|0 fnt
|faint|p2a: Hatterene
|
|upkeep
|
|t:|1779704220
|switch|p2a: Zapdos|Zapdos|100/100
|-damage|p2a: Zapdos|75/100|[from] Stealth Rock
|-ability|p2a: Zapdos|Pressure
|turn|8
|
|t:|1779704230
|move|p1a: Zamazenta|Ice Fang|p2a: Zapdos
|-supereffective|p2a: Zapdos
|-damage|p2a: Zapdos|7/100
|move|p2a: Zapdos|Hurricane|p1a: Zamazenta
|-damage|p1a: Zamazenta|41/100
|-start|p1a: Zamazenta|confusion
|
|-heal|p2a: Zapdos|13/100|[from] item: Leftovers
|upkeep
|turn|9
|
|t:|1779704240
|-activate|p1a: Zamazenta|confusion
|move|p1a: Zamazenta|Crunch|p2a: Zapdos
|-damage|p2a: Zapdos|0 fnt
|faint|p2a: Zapdos
|
|upkeep
|
|t:|1779704250
|switch|p2a: Landorus|Landorus-Therian, M|88/100
|-damage|p2a: Landorus|76/100|[from] Stealth Rock
|-ability|p2a: Landorus|Intimidate|boost
|-unboost|p1a: Zamazenta|atk|1
|turn|10
|
|t:|1779704268
|move|p2a: Landorus|Earthquake|p1a: Zamazenta
|-damage|p1a: Zamazenta|0 fnt
|faint|p1a: Zamazenta
|
|upkeep
|
|t:|1779704270
|switch|p1a: Skarmory|Skarmory, F|100/100
|turn|11
|
|t:|1779704276
|switch|p2a: Inteleon|Inteleon, M|100/100
|-damage|p2a: Inteleon|88/100|[from] Stealth Rock
|move|p1a: Skarmory|Spikes|p2a: Inteleon
|-sidestart|p2: aw777|Spikes
|
|upkeep
|turn|12
|
|t:|1779704286
|switch|p1a: Blissey|Blissey, F|89/100
|move|p2a: Inteleon|Ice Beam|p1a: Blissey
|-crit|p1a: Blissey
|-damage|p1a: Blissey|67/100
|
|upkeep
|turn|13
|
|t:|1779704299
|switch|p2a: Landorus|Landorus-Therian, M|76/100
|-damage|p2a: Landorus|64/100|[from] Stealth Rock
|-ability|p2a: Landorus|Intimidate|boost
|-unboost|p1a: Blissey|atk|1
|move|p1a: Blissey|Soft-Boiled|p1a: Blissey
|-heal|p1a: Blissey|100/100
|
|upkeep
|turn|14
|
|t:|1779704312
|switch|p1a: Skarmory|Skarmory, F|100/100
|move|p2a: Landorus|Rock Slide|p1a: Skarmory
|-damage|p1a: Skarmory|83/100
|
|upkeep
|turn|15
|
|t:|1779704323
|move|p2a: Landorus|Rock Slide|p1a: Skarmory
|-damage|p1a: Skarmory|62/100
|cant|p1a: Skarmory|flinch
|
|upkeep
|turn|16
|
|t:|1779704329
|move|p2a: Landorus|Rock Slide|p1a: Skarmory
|-damage|p1a: Skarmory|44/100
|move|p1a: Skarmory|Roost|p1a: Skarmory
|-heal|p1a: Skarmory|94/100
|-singleturn|p1a: Skarmory|move: Roost
|
|upkeep
|turn|17
|
|t:|1779704338
|switch|p2a: Darkrai|Darkrai|100/100
|-damage|p2a: Darkrai|88/100|[from] Stealth Rock
|-damage|p2a: Darkrai|76/100|[from] Spikes
|switch|p1a: Gholdengo|Gholdengo|100/100
|
|upkeep
|turn|18
|
|t:|1779704353
|switch|p1a: Blissey|Blissey, F|100/100
|move|p2a: Darkrai|Dark Pulse|p1a: Blissey
|-damage|p1a: Blissey|80/100
|
|upkeep
|turn|19
|
|t:|1779704364
|switch|p2a: Dragapult|Dragapult, F|100/100
|-damage|p2a: Dragapult|88/100|[from] Stealth Rock
|-damage|p2a: Dragapult|76/100|[from] Spikes
|move|p1a: Blissey|Soft-Boiled|p1a: Blissey
|-heal|p1a: Blissey|100/100
|
|upkeep
|turn|20
|
|t:|1779704373
|move|p2a: Dragapult|Dragon Dance|p2a: Dragapult
|-boost|p2a: Dragapult|atk|1
|-boost|p2a: Dragapult|spe|1
|move|p1a: Blissey|Shadow Ball|p2a: Dragapult
|-supereffective|p2a: Dragapult
|-damage|p2a: Dragapult|36/100
|
|upkeep
|turn|21
|
|t:|1779704389
|move|p2a: Dragapult|Dragon Darts|p1a: Blissey
|-damage|p1a: Blissey|59/100
|-anim|p2a: Dragapult|Dragon Darts|p1a: Blissey
|-damage|p1a: Blissey|16/100
|move|p1a: Blissey|Shadow Ball|p2a: Dragapult
|-supereffective|p2a: Dragapult
|-damage|p2a: Dragapult|0 fnt
|faint|p2a: Dragapult
|
|upkeep
|
|t:|1779704400
|switch|p2a: Landorus|Landorus-Therian, M|64/100
|-damage|p2a: Landorus|52/100|[from] Stealth Rock
|-ability|p2a: Landorus|Intimidate|boost
|-unboost|p1a: Blissey|atk|1
|turn|22
|
|t:|1779704407
|switch|p1a: Skarmory|Skarmory, F|94/100
|move|p2a: Landorus|Brick Break|p1a: Skarmory
|-damage|p1a: Skarmory|77/100
|
|upkeep
|turn|23
|
|t:|1779704419
|switch|p2a: Darkrai|Darkrai|76/100
|-damage|p2a: Darkrai|63/100|[from] Stealth Rock
|-damage|p2a: Darkrai|51/100|[from] Spikes
|move|p1a: Skarmory|Roost|p1a: Skarmory
|-heal|p1a: Skarmory|100/100
|-singleturn|p1a: Skarmory|move: Roost
|
|upkeep
|turn|24
|
|t:|1779704430
|move|p2a: Darkrai|Focus Blast|p1a: Skarmory
|-damage|p1a: Skarmory|19/100
|move|p1a: Skarmory|Whirlwind|p2a: Darkrai
|drag|p2a: Inteleon|Inteleon, M|88/100
|-damage|p2a: Inteleon|76/100|[from] Stealth Rock
|-damage|p2a: Inteleon|63/100|[from] Spikes
|
|upkeep
|turn|25
|
|t:|1779704442
|switch|p1a: Gholdengo|Gholdengo|100/100
|move|p2a: Inteleon|Ice Beam|p1a: Gholdengo
|-resisted|p1a: Gholdengo
|-damage|p1a: Gholdengo|85/100
|
|upkeep
|turn|26
|
|t:|1779704449
|move|p2a: Inteleon|Shadow Ball|p1a: Gholdengo
|-supereffective|p1a: Gholdengo
|-damage|p1a: Gholdengo|36/100
|move|p1a: Gholdengo|Recover|p1a: Gholdengo
|-heal|p1a: Gholdengo|86/100
|
|upkeep
|turn|27
|
|t:|1779704458
|move|p2a: Inteleon|Shadow Ball|p1a: Gholdengo
|-supereffective|p1a: Gholdengo
|-damage|p1a: Gholdengo|32/100
|move|p1a: Gholdengo|Thunder Wave|p2a: Inteleon
|-status|p2a: Inteleon|par
|
|upkeep
|turn|28
|
|t:|1779704465
|move|p1a: Gholdengo|Recover|p1a: Gholdengo
|-heal|p1a: Gholdengo|82/100
|cant|p2a: Inteleon|par
|
|upkeep
|turn|29
|
|t:|1779704471
|switch|p1a: Blissey|Blissey, F|16/100
|switch|p2a: Landorus|Landorus-Therian, M|52/100
|-damage|p2a: Landorus|39/100|[from] Stealth Rock
|-ability|p2a: Landorus|Intimidate|boost
|-unboost|p1a: Blissey|atk|1
|
|upkeep
|turn|30
|
|t:|1779704483
|move|p2a: Landorus|Rock Slide|p1a: Blissey
|-damage|p1a: Blissey|0 fnt
|faint|p1a: Blissey
|
|upkeep
|
|t:|1779704489
|switch|p1a: Gholdengo|Gholdengo|82/100
|turn|31
|
|t:|1779704496
|switch|p2a: Inteleon|Inteleon, M|63/100 par
|-damage|p2a: Inteleon|51/100 par|[from] Stealth Rock
|-damage|p2a: Inteleon|38/100 par|[from] Spikes
|move|p1a: Gholdengo|Nasty Plot|p1a: Gholdengo
|-boost|p1a: Gholdengo|spa|2
|
|upkeep
|turn|32
|
|t:|1779704509
|move|p1a: Gholdengo|Hex|p2a: Inteleon
|-damage|p2a: Inteleon|0 fnt
|faint|p2a: Inteleon
|
|upkeep
|
|t:|1779704518
|switch|p2a: Darkrai|Darkrai|51/100
|-damage|p2a: Darkrai|38/100|[from] Stealth Rock
|-damage|p2a: Darkrai|26/100|[from] Spikes
|turn|33
|
|t:|1779704524
|move|p2a: Darkrai|Dark Pulse|p1a: Gholdengo
|-supereffective|p1a: Gholdengo
|-damage|p1a: Gholdengo|0 fnt
|faint|p1a: Gholdengo
|
|upkeep
|
|t:|1779704529
|switch|p1a: Pecharunt|Pecharunt|100/100
|turn|34
|
|t:|1779704533
|move|p2a: Darkrai|Dark Pulse|p1a: Pecharunt
|-supereffective|p1a: Pecharunt
|-damage|p1a: Pecharunt|0 fnt
|faint|p1a: Pecharunt
|
|upkeep
|
|t:|1779704538
|switch|p1a: Skarmory|Skarmory, F|19/100
|turn|35
|
|t:|1779704543
|move|p2a: Darkrai|Dark Pulse|p1a: Skarmory
|-damage|p1a: Skarmory|0 fnt
|faint|p1a: Skarmory
|
|win|aw777
|raw|claudechamp's rating: 1158 &rarr; <strong>1135</strong><br />(-23 for losing)
|raw|aw777's rating: 1190 &rarr; <strong>1213</strong><br />(+23 for winning)
|c|☆claudechamp|gg
