|j|☆SgtBrick14
|j|☆ghvby
|t:|1779596168
|gametype|singles
|player|p1|SgtBrick14|pokemonranger|1478
|player|p2|ghvby|steven|1412
|gen|9
|tier|[Gen 9] OU
|rated|
|rule|HP Percentage Mod: HP is shown in percentages
|rule|Endless Battle Clause: Forcing endless battles is banned
|rule|Species Clause: Limit one of each Pokémon
|rule|OHKO Clause: OHKO moves are banned
|rule|Evasion Items Clause: Evasion items are banned
|rule|Evasion Moves Clause: Evasion moves are banned
|rule|Evasion Abilities Clause: Evasion abilities are banned
|rule|Sleep Moves Clause: Sleep-inducing moves are banned
|clearpoke
|poke|p1|Cinderace, F|
|poke|p1|Kingambit, M|
|poke|p1|Dragapult, M|
|poke|p1|Gengar, F|
|poke|p1|Cloyster, M|
|poke|p1|Froslass, F|
|poke|p2|Dragapult, M|
|poke|p2|Great Tusk|
|poke|p2|Kingambit, F|
|poke|p2|Alomomola, F|
|poke|p2|Clodsire, M|
|poke|p2|Latios, M|
|teampreview
|
|t:|1779596193
|teamsize|p1|6
|teamsize|p2|6
|start
|switch|p1a: Gengar|Gengar, F|100/100
|switch|p2a: Dragapult|Dragapult, M|100/100
|turn|1
|
|t:|1779596204
|switch|p2a: Alomomola|Alomomola, F|100/100
|move|p1a: Gengar|Shadow Ball|p2a: Alomomola
|-damage|p2a: Alomomola|78/100
|
|upkeep
|turn|2
|
|t:|1779596212
|move|p1a: Gengar|Sludge Wave|p2a: Alomomola
|-damage|p2a: Alomomola|50/100
|move|p2a: Alomomola|Flip Turn|p1a: Gengar
|-damage|p1a: Gengar|67/100
|-start|p2a: Alomomola|Disable|Flip Turn|[from] ability: Cursed Body|[of] p1a: Gengar
|
|t:|1779596220
|switch|p2a: Latios|Latios, M|100/100|[from] Flip Turn
|
|upkeep
|turn|3
|
|t:|1779596228
|move|p2a: Latios|Draco Meteor|p1a: Gengar
|-damage|p1a: Gengar|0 fnt
|-unboost|p2a: Latios|spa|2
|faint|p1a: Gengar
|
|upkeep
|
|t:|1779596243
|switch|p1a: Cloyster|Cloyster, M|100/100
|turn|4
|
|t:|1779596250
|move|p2a: Latios|Draco Meteor|p1a: Cloyster
|-enditem|p1a: Cloyster|Focus Sash
|-damage|p1a: Cloyster|1/100
|-unboost|p2a: Latios|spa|2
|move|p1a: Cloyster|Shell Smash|p1a: Cloyster
|-unboost|p1a: Cloyster|def|1
|-unboost|p1a: Cloyster|spd|1
|-boost|p1a: Cloyster|atk|2
|-boost|p1a: Cloyster|spa|2
|-boost|p1a: Cloyster|spe|2
|
|upkeep
|turn|5
|
|t:|1779596259
|switch|p2a: Alomomola|Alomomola, F|83/100
|move|p1a: Cloyster|Icicle Spear|p2a: Alomomola
|-resisted|p2a: Alomomola
|-damage|p2a: Alomomola|74/100
|-resisted|p2a: Alomomola
|-damage|p2a: Alomomola|66/100
|-resisted|p2a: Alomomola
|-damage|p2a: Alomomola|57/100
|-resisted|p2a: Alomomola
|-damage|p2a: Alomomola|49/100
|-resisted|p2a: Alomomola
|-crit|p2a: Alomomola
|-damage|p2a: Alomomola|35/100
|-hitcount|p2a: Alomomola|5
|
|upkeep
|turn|6
|
|t:|1779596263
|-terastallize|p1a: Cloyster|Ice
|move|p2a: Alomomola|Aqua Jet|p1a: Cloyster
|-damage|p1a: Cloyster|0 fnt
|faint|p1a: Cloyster
|
|upkeep
|
|t:|1779596264
|switch|p1a: Dragapult|Dragapult, M|100/100
|turn|7
|
|t:|1779596271
|switch|p2a: Clodsire|Clodsire, M|100/100
|move|p1a: Dragapult|Dragon Dance|p1a: Dragapult
|-boost|p1a: Dragapult|atk|1
|-boost|p1a: Dragapult|spe|1
|
|upkeep
|turn|8
|
|t:|1779596276
|move|p1a: Dragapult|Dragon Darts|p2a: Clodsire
|-crit|p2a: Clodsire
|-damage|p2a: Clodsire|35/100
|-anim|p1a: Dragapult|Dragon Darts|p2a: Clodsire
|-damage|p2a: Clodsire|0 fnt
|faint|p2a: Clodsire
|
|upkeep
|j| Pakas123
|
|t:|1779596297
|switch|p2a: Dragapult|Dragapult, M|100/100
|turn|9
|
|t:|1779596303
|-terastallize|p2a: Dragapult|Fairy
|move|p1a: Dragapult|Sucker Punch||[still]
|-fail|p1a: Dragapult
|move|p2a: Dragapult|Will-O-Wisp|p1a: Dragapult
|-status|p1a: Dragapult|brn
|
|-damage|p1a: Dragapult|95/100 brn|[from] brn
|upkeep
|turn|10
|
|t:|1779596318
|move|p1a: Dragapult|Dragon Dance|p1a: Dragapult
|-boost|p1a: Dragapult|atk|1
|-boost|p1a: Dragapult|spe|1
|move|p2a: Dragapult|Hex|p1a: Dragapult
|-supereffective|p1a: Dragapult
|-damage|p1a: Dragapult|0 fnt
|faint|p1a: Dragapult
|
|upkeep
|
|t:|1779596322
|switch|p1a: Froslass|Froslass, F|100/100
|turn|11
|
|t:|1779596328
|move|p2a: Dragapult|U-turn|p1a: Froslass
|-resisted|p1a: Froslass
|-damage|p1a: Froslass|89/100
|
|t:|1779596333
|switch|p2a: Alomomola|Alomomola, F|68/100|[from] U-turn
|move|p1a: Froslass|Thunder Wave|p2a: Alomomola
|-status|p2a: Alomomola|par
|
|upkeep
|turn|12
|
|t:|1779596336
|move|p1a: Froslass|Spikes|p2a: Alomomola
|-sidestart|p2: ghvby|Spikes
|move|p2a: Alomomola|Flip Turn|p1a: Froslass
|-damage|p1a: Froslass|69/100
|
|t:|1779596357
|switch|p2a: Dragapult|Dragapult, M, tera:Fairy|100/100|[from] Flip Turn
|
|upkeep
|turn|13
|
|t:|1779596360
|move|p2a: Dragapult|U-turn|p1a: Froslass
|-resisted|p1a: Froslass
|-damage|p1a: Froslass|58/100
|
|t:|1779596365
|switch|p2a: Alomomola|Alomomola, F|100/100 par|[from] U-turn
|-damage|p2a: Alomomola|88/100 par|[from] Spikes
|move|p1a: Froslass|Thunder Wave|p2a: Alomomola
|-fail|p2a: Alomomola|par
|
|upkeep
|turn|14
|
|t:|1779596377
|move|p1a: Froslass|Spikes|p2a: Alomomola
|-sidestart|p2: ghvby|Spikes
|move|p2a: Alomomola|Liquidation|p1a: Froslass
|-damage|p1a: Froslass|29/100
|
|upkeep
|turn|15
|
|t:|1779596383
|move|p1a: Froslass|Destiny Bond|p1a: Froslass
|-singlemove|p1a: Froslass|Destiny Bond
|move|p2a: Alomomola|Liquidation|p1a: Froslass
|-damage|p1a: Froslass|0 fnt
|faint|p1a: Froslass
|-activate|p1a: Froslass|move: Destiny Bond
|faint|p2a: Alomomola
|
|upkeep
|
|t:|1779596401
|switch|p1a: Cinderace|Cinderace, F|100/100
|switch|p2a: Latios|Latios, M|100/100
|turn|16
|
|t:|1779596405
|move|p1a: Cinderace|Sucker Punch|p2a: Latios
|-start|p1a: Cinderace|typechange|Dark|[from] ability: Libero
|-supereffective|p2a: Latios
|-damage|p2a: Latios|16/100
|move|p2a: Latios|Draco Meteor|p1a: Cinderace
|-damage|p1a: Cinderace|0 fnt
|-unboost|p2a: Latios|spa|2
|faint|p1a: Cinderace
|
|upkeep
|
|t:|1779596407
|switch|p1a: Kingambit|Kingambit, M|100/100
|-activate|p1a: Kingambit|ability: Supreme Overlord
|-start|p1a: Kingambit|fallen5|[silent]
|turn|17
|
|t:|1779596413
|move|p2a: Latios|Draco Meteor|p1a: Kingambit
|-resisted|p1a: Kingambit
|-damage|p1a: Kingambit|76/100
|-unboost|p2a: Latios|spa|2
|move|p1a: Kingambit|Swords Dance|p1a: Kingambit
|-boost|p1a: Kingambit|atk|2
|
|upkeep
|turn|18
|
|t:|1779596419
|move|p2a: Latios|Draco Meteor|p1a: Kingambit
|-resisted|p1a: Kingambit
|-damage|p1a: Kingambit|59/100
|-unboost|p2a: Latios|spa|2
|move|p1a: Kingambit|Swords Dance|p1a: Kingambit
|-boost|p1a: Kingambit|atk|2
|
|upkeep
|turn|19
|
|t:|1779596428
|switch|p2a: Kingambit|Kingambit, F|100/100
|-damage|p2a: Kingambit|84/100|[from] Spikes
|-activate|p2a: Kingambit|ability: Supreme Overlord
|-start|p2a: Kingambit|fallen2|[silent]
|move|p1a: Kingambit|Swords Dance|p1a: Kingambit
|-boost|p1a: Kingambit|atk|2
|
|upkeep
|turn|20
|
|t:|1779596440
|move|p1a: Kingambit|Sucker Punch|p2a: Kingambit
|-resisted|p2a: Kingambit
|-damage|p2a: Kingambit|0 fnt
|faint|p2a: Kingambit
|-end|p2a: Kingambit|fallen2|[silent]
|
|upkeep
|
|t:|1779596443
|switch|p2a: Dragapult|Dragapult, M, tera:Fairy|100/100
|turn|21
|
|t:|1779596446
|move|p1a: Kingambit|Sucker Punch||[still]
|-fail|p1a: Kingambit
|move|p2a: Dragapult|Will-O-Wisp|p1a: Kingambit
|-status|p1a: Kingambit|brn
|
|-damage|p1a: Kingambit|53/100 brn|[from] brn
|upkeep
|turn|22
|inactive|Battle timer is ON: inactive players will automatically lose when time's up. (requested by ghvby)
|inactive|SgtBrick14 has 120 seconds left.
|inactive|SgtBrick14 has 90 seconds left.
|inactive|SgtBrick14 has 60 seconds left.
|c|☆ghvby|ridiculous
|inactive|SgtBrick14 has 30 seconds left.
|inactive|SgtBrick14 has 20 seconds left.
|inactive|SgtBrick14 has 15 seconds left.
|inactive|SgtBrick14 has 10 seconds left.
|inactive|SgtBrick14 has 5 seconds left.
|-message|SgtBrick14 lost due to inactivity.
|
|win|ghvby
|raw|SgtBrick14's rating: 1478 &rarr; <strong>1454</strong><br />(-24 for losing)
|raw|ghvby's rating: 1412 &rarr; <strong>1436</strong><br />(+24 for winning)
|l|☆ghvby
|player|p2|
|l| Pakas123
|j| Pakas123
|l| Pakas123
