|j|☆clod the clown
|j|☆Ziggytear
|t:|1779585302
|gametype|singles
|player|p1|clod the clown|harlequin|1123
|player|p2|Ziggytear|266|1084
|gen|9
|tier|[Gen 9] OU
|rated|
|rule|HP Percentage Mod: HP is shown in percentages
|rule|Endless Battle Clause: Forcing endless battles is banned
|rule|Species Clause: Limit one of each Pokémon
|rule|OHKO Clause: OHKO moves are banned
|rule|Evasion Items Clause: Evasion items are banned
|rule|Evasion Moves Clause: Evasion moves are banned
|rule|Evasion Abilities Clause: Evasion abilities are banned
|rule|Sleep Moves Clause: Sleep-inducing moves are banned
|clearpoke
|poke|p1|Uxie|
|poke|p1|Charizard, M|
|poke|p1|Necrozma|
|poke|p1|Talonflame, M|
|poke|p1|Rabsca, M|
|poke|p1|Salazzle, F|
|poke|p2|Zapdos-Galar|
|poke|p2|Espeon, M|
|poke|p2|Iron Moth|
|poke|p2|Volcanion|
|poke|p2|Gengar, F|
|poke|p2|Serperior, M|
|teampreview
|inactive|Battle timer is ON: inactive players will automatically lose when time's up. (requested by clod the clown)
|
|t:|1779585314
|teamsize|p1|6
|teamsize|p2|6
|start
|switch|p1a: Uxie|Uxie|100/100
|switch|p2a: Espeon|Espeon, M|100/100
|turn|1
|
|t:|1779585322
|move|p2a: Espeon|Future Sight|p1a: Uxie
|-start|p2a: Espeon|move: Future Sight
|move|p1a: Uxie|Light Screen|p1a: Uxie
|-sidestart|p1: clod the clown|move: Light Screen
|
|upkeep
|turn|2
|
|t:|1779585335
|move|p2a: Espeon|Light Screen|p2a: Espeon
|-sidestart|p2: Ziggytear|move: Light Screen
|move|p1a: Uxie|Reflect|p1a: Uxie
|-sidestart|p1: clod the clown|Reflect
|
|upkeep
|turn|3
|
|t:|1779585344
|move|p2a: Espeon|Reflect|p2a: Espeon
|-sidestart|p2: Ziggytear|Reflect
|move|p1a: Uxie|Memento|p2a: Espeon
|-unboost|p2a: Espeon|atk|2
|-unboost|p2a: Espeon|spa|2
|faint|p1a: Uxie
|
|-hint|Future Sight did not hit because the target is fainted.
|upkeep
|
|t:|1779585353
|switch|p1a: Charizard|Charizard, M|100/100
|turn|4
|
|t:|1779585359
|move|p2a: Espeon|Future Sight|p1a: Charizard
|-start|p2a: Espeon|move: Future Sight
|move|p1a: Charizard|Substitute|p1a: Charizard
|-start|p1a: Charizard|Substitute
|-damage|p1a: Charizard|75/100
|
|upkeep
|turn|5
|
|t:|1779585370
|move|p2a: Espeon|Draining Kiss|p1a: Charizard
|-resisted|p1a: Charizard
|-activate|p1a: Charizard|move: Substitute|[damage]
|move|p1a: Charizard|Belly Drum|p1a: Charizard
|-damage|p1a: Charizard|25/100
|-setboost|p1a: Charizard|atk|6|[from] move: Belly Drum
|-enditem|p1a: Charizard|Salac Berry|[eat]
|-boost|p1a: Charizard|spe|1|[from] item: Salac Berry
|
|upkeep
|turn|6
|inactive|Ziggytear has 120 seconds left.
|inactive|Ziggytear has 90 seconds left.
|
|t:|1779585442
|move|p1a: Charizard|Acrobatics|p2a: Espeon
|-enditem|p2a: Espeon|Focus Sash
|-damage|p2a: Espeon|1/100
|move|p2a: Espeon|Future Sight||[still]
|-fail|p2a: Espeon
|
|-end|p1a: Charizard|move: Future Sight
|-activate|p1a: Charizard|move: Substitute|[damage]
|-sideend|p2: Ziggytear|move: Light Screen
|upkeep
|turn|7
|
|t:|1779585452
|move|p1a: Charizard|Acrobatics|p2a: Espeon
|-damage|p2a: Espeon|0 fnt
|faint|p2a: Espeon
|
|-sideend|p2: Ziggytear|Reflect
|upkeep
|inactive|Ziggytear has 90 seconds left.
|
|t:|1779585466
|switch|p2a: Zapdos|Zapdos-Galar|100/100
|turn|8
|
|t:|1779585473
|move|p1a: Charizard|Acrobatics|p2a: Zapdos
|-supereffective|p2a: Zapdos
|-damage|p2a: Zapdos|0 fnt
|faint|p2a: Zapdos
|
|-sideend|p1: clod the clown|move: Light Screen
|upkeep
|
|t:|1779585476
|switch|p2a: Gengar|Gengar, F|100/100
|turn|9
|
|t:|1779585480
|move|p1a: Charizard|Acrobatics|p2a: Gengar
|-enditem|p2a: Gengar|Focus Sash
|-damage|p2a: Gengar|1/100
|move|p2a: Gengar|Sludge Wave|p1a: Charizard
|-end|p1a: Charizard|Substitute
|
|-sideend|p1: clod the clown|Reflect
|upkeep
|turn|10
|
|t:|1779585484
|move|p1a: Charizard|Acrobatics|p2a: Gengar
|-damage|p2a: Gengar|0 fnt
|faint|p2a: Gengar
|
|upkeep
|
|t:|1779585488
|switch|p2a: Iron Moth|Iron Moth|100/100
|-enditem|p2a: Iron Moth|Booster Energy
|-activate|p2a: Iron Moth|ability: Quark Drive|[fromitem]
|-start|p2a: Iron Moth|quarkdrivespe
|turn|11
|
|t:|1779585493
|move|p2a: Iron Moth|Discharge|p1a: Charizard
|-supereffective|p1a: Charizard
|-damage|p1a: Charizard|0 fnt
|faint|p1a: Charizard
|
|upkeep
|
|t:|1779585503
|switch|p1a: Salazzle|Salazzle, F|100/100
|turn|12
|
|t:|1779585506
|move|p2a: Iron Moth|Acid Spray|p1a: Salazzle
|-resisted|p1a: Salazzle
|-damage|p1a: Salazzle|86/100
|-unboost|p1a: Salazzle|spd|2
|move|p1a: Salazzle|Toxic|p2a: Iron Moth
|-status|p2a: Iron Moth|tox
|
|-heal|p1a: Salazzle|93/100|[from] item: Black Sludge
|-damage|p2a: Iron Moth|95/100 tox|[from] psn
|upkeep
|turn|13
|
|t:|1779585516
|move|p1a: Salazzle|Protect|p1a: Salazzle
|-singleturn|p1a: Salazzle|Protect
|move|p2a: Iron Moth|Discharge|p1a: Salazzle
|-activate|p1a: Salazzle|move: Protect
|
|-heal|p1a: Salazzle|99/100|[from] item: Black Sludge
|-damage|p2a: Iron Moth|83/100 tox|[from] psn
|upkeep
|turn|14
|
|t:|1779585527
|move|p1a: Salazzle|Protect|p1a: Salazzle
|-singleturn|p1a: Salazzle|Protect
|move|p2a: Iron Moth|Discharge|p1a: Salazzle
|-activate|p1a: Salazzle|move: Protect
|
|-heal|p1a: Salazzle|100/100|[from] item: Black Sludge
|-damage|p2a: Iron Moth|65/100 tox|[from] psn
|upkeep
|turn|15
|
|t:|1779585542
|move|p1a: Salazzle|Protect||[still]
|-fail|p1a: Salazzle
|move|p2a: Iron Moth|Discharge|p1a: Salazzle
|-damage|p1a: Salazzle|23/100
|
|-heal|p1a: Salazzle|29/100|[from] item: Black Sludge
|-damage|p2a: Iron Moth|41/100 tox|[from] psn
|upkeep
|turn|16
|
|t:|1779585548
|move|p1a: Salazzle|Protect|p1a: Salazzle
|-singleturn|p1a: Salazzle|Protect
|move|p2a: Iron Moth|Discharge|p1a: Salazzle
|-activate|p1a: Salazzle|move: Protect
|
|-heal|p1a: Salazzle|36/100|[from] item: Black Sludge
|-damage|p2a: Iron Moth|11/100 tox|[from] psn
|upkeep
|turn|17
|
|t:|1779585552
|move|p1a: Salazzle|Protect||[still]
|-fail|p1a: Salazzle
|move|p2a: Iron Moth|Discharge|p1a: Salazzle
|-damage|p1a: Salazzle|0 fnt
|faint|p1a: Salazzle
|
|-damage|p2a: Iron Moth|0 fnt|[from] psn
|faint|p2a: Iron Moth
|-end|p2a: Iron Moth|Quark Drive|[silent]
|upkeep
|n|!Ziggytear|ziggytear
|inactive|Ziggytear has 120 seconds left.
|
|t:|1779585590
|switch|p1a: Rabsca|Rabsca, M|100/100
|switch|p2a: Serperior|Serperior, M|100/100
|turn|18
|
|t:|1779585599
|-terastallize|p2a: Serperior|Fire
|move|p2a: Serperior|Leaf Storm|p1a: Rabsca
|-resisted|p1a: Rabsca
|-damage|p1a: Rabsca|78/100
|-boost|p2a: Serperior|spa|2
|move|p1a: Rabsca|Bug Buzz|p2a: Serperior
|-resisted|p2a: Serperior
|-damage|p2a: Serperior|69/100
|
|upkeep
|turn|19
|
|t:|1779585605
|move|p2a: Serperior|Leaf Storm|p1a: Rabsca
|-resisted|p1a: Rabsca
|-damage|p1a: Rabsca|31/100
|-boost|p2a: Serperior|spa|2
|move|p1a: Rabsca|Confuse Ray|p2a: Serperior
|-start|p2a: Serperior|confusion
|-enditem|p2a: Serperior|Lum Berry|[eat]
|-end|p2a: Serperior|confusion
|
|upkeep
|turn|20
|c|☆clod the clown|perfect counter?
|
|t:|1779585627
|move|p2a: Serperior|Giga Drain|p1a: Rabsca
|-resisted|p1a: Rabsca
|-damage|p1a: Rabsca|0 fnt
|-heal|p2a: Serperior|88/100|[from] drain|[of] p1a: Rabsca
|faint|p1a: Rabsca
|
|upkeep
|
|t:|1779585637
|switch|p1a: Talonflame|Talonflame, M|100/100
|turn|21
|
|t:|1779585654
|-terastallize|p1a: Talonflame|Flying
|move|p1a: Talonflame|Brave Bird|p2a: Serperior
|-damage|p2a: Serperior|19/100
|-damage|p1a: Talonflame|78/100|[from] Recoil
|move|p2a: Serperior|Glare|p1a: Talonflame
|-status|p1a: Talonflame|par
|
|upkeep
|turn|22
|
|t:|1779585665
|move|p2a: Serperior|Giga Drain|p1a: Talonflame
|-resisted|p1a: Talonflame
|-damage|p1a: Talonflame|11/100 par
|-heal|p2a: Serperior|53/100|[from] drain|[of] p1a: Talonflame
|cant|p1a: Talonflame|par
|
|upkeep
|turn|23
|c|☆clod the clown|bruhh
|
|t:|1779585673
|move|p2a: Serperior|Giga Drain|p1a: Talonflame
|-resisted|p1a: Talonflame
|-damage|p1a: Talonflame|0 fnt
|-heal|p2a: Serperior|59/100|[from] drain|[of] p1a: Talonflame
|faint|p1a: Talonflame
|
|upkeep
|-message|clod the clown forfeited.
|
|win|Ziggytear
