|j|☆bamzilla12
|j|☆frin2607
|t:|1779681810
|gametype|singles
|player|p1|bamzilla12|lucas-gen4pt|1333
|player|p2|frin2607|2|1308
|gen|9
|tier|[Gen 9] OU
|rated|
|rule|HP Percentage Mod: HP is shown in percentages
|rule|Endless Battle Clause: Forcing endless battles is banned
|rule|Species Clause: Limit one of each Pokémon
|rule|OHKO Clause: OHKO moves are banned
|rule|Evasion Items Clause: Evasion items are banned
|rule|Evasion Moves Clause: Evasion moves are banned
|rule|Evasion Abilities Clause: Evasion abilities are banned
|rule|Sleep Moves Clause: Sleep-inducing moves are banned
|clearpoke
|poke|p1|Muk-Alola, M|
|poke|p1|Ogerpon-Wellspring, F|
|poke|p1|Zapdos|
|poke|p1|Goodra-Hisui, M|
|poke|p1|Garchomp, F|
|poke|p1|Enamorus, F|
|poke|p2|Ursaluna, M|
|poke|p2|Hatterene, F|
|poke|p2|Iron Hands|
|poke|p2|Hoopa-Unbound|
|poke|p2|Cresselia, F|
|poke|p2|Volcanion|
|teampreview
|inactive|Battle timer is ON: inactive players will automatically lose when time's up. (requested by frin2607)
|
|t:|1779681830
|teamsize|p1|6
|teamsize|p2|6
|start
|switch|p1a: Enamorus|Enamorus, F|100/100
|switch|p2a: Hoopa|Hoopa-Unbound|100/100
|turn|1
|
|t:|1779681840
|move|p1a: Enamorus|Moonblast|p2a: Hoopa
|-supereffective|p2a: Hoopa
|-damage|p2a: Hoopa|18/100
|-unboost|p2a: Hoopa|spa|1
|-enditem|p2a: Hoopa|Eject Pack
|
|t:|1779681847
|switch|p2a: Cresselia|Cresselia, F|100/100
|
|upkeep
|turn|2
|
|t:|1779681852
|move|p1a: Enamorus|Moonblast|p2a: Cresselia
|-damage|p2a: Cresselia|64/100
|move|p2a: Cresselia|Trick Room|p2a: Cresselia
|-fieldstart|move: Trick Room|[of] p2a: Cresselia
|
|upkeep
|turn|3
|
|t:|1779681865
|move|p2a: Cresselia|Ice Beam|p1a: Enamorus
|-supereffective|p1a: Enamorus
|-damage|p1a: Enamorus|58/100
|move|p1a: Enamorus|Moonblast|p2a: Cresselia
|-damage|p2a: Cresselia|29/100
|-unboost|p2a: Cresselia|spa|1
|
|upkeep
|turn|4
|
|t:|1779681874
|switch|p1a: Muk|Muk-Alola, M|100/100
|move|p2a: Cresselia|Moonlight|p2a: Cresselia
|-heal|p2a: Cresselia|79/100
|
|upkeep
|turn|5
|
|t:|1779681881
|switch|p2a: Ursaluna|Ursaluna, M|100/100
|move|p1a: Muk|Knock Off|p2a: Ursaluna
|-damage|p2a: Ursaluna|67/100
|-enditem|p2a: Ursaluna|Flame Orb|[from] move: Knock Off|[of] p1a: Muk
|
|upkeep
|turn|6
|
|t:|1779681892
|switch|p1a: Zapdos|Zapdos|100/100
|move|p2a: Ursaluna|Headlong Rush|p1a: Zapdos
|-immune|p1a: Zapdos
|
|-fieldend|move: Trick Room
|upkeep
|turn|7
|
|t:|1779681901
|move|p1a: Zapdos|Heat Wave|p2a: Ursaluna
|-damage|p2a: Ursaluna|38/100
|move|p2a: Ursaluna|Facade|p1a: Zapdos
|-damage|p1a: Zapdos|58/100
|-damage|p2a: Ursaluna|21/100|[from] item: Rocky Helmet|[of] p1a: Zapdos
|
|upkeep
|turn|8
|
|t:|1779681908
|move|p1a: Zapdos|Heat Wave|p2a: Ursaluna
|-damage|p2a: Ursaluna|0 fnt
|faint|p2a: Ursaluna
|
|upkeep
|
|t:|1779681915
|switch|p2a: Hatterene|Hatterene, F|100/100
|turn|9
|
|t:|1779681918
|move|p1a: Zapdos|Roost|p1a: Zapdos
|-heal|p1a: Zapdos|100/100
|-singleturn|p1a: Zapdos|move: Roost
|move|p2a: Hatterene|Trick Room|p2a: Hatterene
|-fieldstart|move: Trick Room|[of] p2a: Hatterene
|
|upkeep
|turn|10
|
|t:|1779681928
|move|p2a: Hatterene|Dazzling Gleam|p1a: Zapdos
|-damage|p1a: Zapdos|42/100
|move|p1a: Zapdos|Thunder|p2a: Hatterene
|-damage|p2a: Hatterene|32/100
|
|upkeep
|turn|11
|
|t:|1779681935
|move|p1a: Zapdos|Protect|p1a: Zapdos
|-singleturn|p1a: Zapdos|Protect
|move|p2a: Hatterene|Dazzling Gleam|p1a: Zapdos
|-activate|p1a: Zapdos|move: Protect
|
|upkeep
|turn|12
|
|t:|1779681945
|switch|p1a: Muk|Muk-Alola, M|100/100
|move|p2a: Hatterene|Dazzling Gleam|p1a: Muk
|-damage|p1a: Muk|58/100
|
|-heal|p1a: Muk|64/100|[from] item: Black Sludge
|upkeep
|turn|13
|
|t:|1779681957
|move|p1a: Muk|Shadow Sneak|p2a: Hatterene
|-supereffective|p2a: Hatterene
|-damage|p2a: Hatterene|1/100
|move|p2a: Hatterene|Healing Wish|p2a: Hatterene
|faint|p2a: Hatterene
|
|-heal|p1a: Muk|70/100|[from] item: Black Sludge
|-fieldend|move: Trick Room
|upkeep
|
|t:|1779681960
|switch|p2a: Hoopa|Hoopa-Unbound|18/100
|-heal|p2a: Hoopa|100/100|[from] move: Healing Wish
|turn|14
|
|t:|1779681971
|move|p1a: Muk|Knock Off|p2a: Hoopa
|-damage|p2a: Hoopa|67/100
|move|p2a: Hoopa|Trick Room|p2a: Hoopa
|-fieldstart|move: Trick Room|[of] p2a: Hoopa
|
|-heal|p1a: Muk|76/100|[from] item: Black Sludge
|upkeep
|turn|15
|
|t:|1779681980
|switch|p2a: Iron Hands|Iron Hands|100/100
|-enditem|p2a: Iron Hands|Booster Energy
|-activate|p2a: Iron Hands|ability: Quark Drive|[fromitem]
|-start|p2a: Iron Hands|quarkdriveatk
|move|p1a: Muk|Drain Punch|p2a: Iron Hands
|-damage|p2a: Iron Hands|84/100
|-heal|p1a: Muk|88/100|[from] drain|[of] p2a: Iron Hands
|-status|p2a: Iron Hands|psn|[from] ability: Poison Touch|[of] p1a: Muk
|
|-heal|p1a: Muk|94/100|[from] item: Black Sludge
|-damage|p2a: Iron Hands|72/100 psn|[from] psn
|upkeep
|turn|16
|
|t:|1779681996
|switch|p1a: Zapdos|Zapdos|42/100
|move|p2a: Iron Hands|Swords Dance|p2a: Iron Hands
|-boost|p2a: Iron Hands|atk|2
|
|-damage|p2a: Iron Hands|59/100 psn|[from] psn
|upkeep
|turn|17
|
|t:|1779682018
|move|p1a: Zapdos|Protect|p1a: Zapdos
|-singleturn|p1a: Zapdos|Protect
|move|p2a: Iron Hands|Ice Punch|p1a: Zapdos
|-activate|p1a: Zapdos|move: Protect
|
|-damage|p2a: Iron Hands|47/100 psn|[from] psn
|upkeep
|turn|18
|
|t:|1779682033
|switch|p1a: Muk|Muk-Alola, M|94/100
|move|p2a: Iron Hands|Ice Punch|p1a: Muk
|-crit|p1a: Muk
|-damage|p1a: Muk|0 fnt
|faint|p1a: Muk
|
|-damage|p2a: Iron Hands|34/100 psn|[from] psn
|-fieldend|move: Trick Room
|upkeep
|
|t:|1779682044
|switch|p1a: Enamorus|Enamorus, F|58/100
|turn|19
|
|t:|1779682049
|-end|p2a: Iron Hands|Quark Drive|[silent]
|switch|p2a: Cresselia|Cresselia, F|79/100
|move|p1a: Enamorus|Moonblast|p2a: Cresselia
|-damage|p2a: Cresselia|43/100
|
|upkeep
|turn|20
|
|t:|1779682055
|-terastallize|p1a: Enamorus|Fairy
|move|p1a: Enamorus|Moonblast|p2a: Cresselia
|-damage|p2a: Cresselia|0 fnt
|faint|p2a: Cresselia
|
|upkeep
|
|t:|1779682060
|switch|p2a: Hoopa|Hoopa-Unbound|67/100
|turn|21
|
|t:|1779682062
|-terastallize|p2a: Hoopa|Fairy
|move|p1a: Enamorus|Moonblast|p2a: Hoopa
|-damage|p2a: Hoopa|8/100
|-unboost|p2a: Hoopa|spa|1
|move|p2a: Hoopa|Trick Room|p2a: Hoopa
|-fieldstart|move: Trick Room|[of] p2a: Hoopa
|
|upkeep
|turn|22
|
|t:|1779682071
|switch|p2a: Volcanion|Volcanion|100/100
|move|p1a: Enamorus|Moonblast|p2a: Volcanion
|-resisted|p2a: Volcanion
|-damage|p2a: Volcanion|63/100
|
|upkeep
|turn|23
|
|t:|1779682084
|switch|p1a: Ogerpon|Ogerpon-Wellspring, F|100/100
|move|p2a: Volcanion|Steam Eruption|p1a: Ogerpon
|-immune|p1a: Ogerpon|[from] ability: Water Absorb
|
|upkeep
|turn|24
|
|t:|1779682090
|switch|p2a: Iron Hands|Iron Hands|34/100 psn
|move|p1a: Ogerpon|Spiky Shield||[still]
|-fail|p1a: Ogerpon
|
|-damage|p2a: Iron Hands|22/100 psn|[from] psn
|upkeep
|turn|25
|
|t:|1779682108
|switch|p1a: Goodra|Goodra-Hisui, M|100/100
|move|p2a: Iron Hands|Drain Punch|p1a: Goodra
|-supereffective|p1a: Goodra
|-damage|p1a: Goodra|14/100
|-heal|p2a: Iron Hands|52/100 psn|[from] drain|[of] p1a: Goodra
|-ability|p1a: Goodra|Gooey
|-unboost|p2a: Iron Hands|spe|1
|-enditem|p1a: Goodra|Red Card|[of] p2a: Iron Hands
|-end|p2a: Iron Hands|Quark Drive|[silent]
|drag|p2a: Volcanion|Volcanion|63/100
|
|-fieldend|move: Trick Room
|upkeep
|turn|26
|
|t:|1779682122
|move|p2a: Volcanion|Earth Power|p1a: Goodra
|-supereffective|p1a: Goodra
|-damage|p1a: Goodra|0 fnt
|faint|p1a: Goodra
|
|upkeep
|
|t:|1779682125
|switch|p1a: Zapdos|Zapdos|42/100
|turn|27
|
|t:|1779682130
|switch|p2a: Iron Hands|Iron Hands|52/100 psn
|move|p1a: Zapdos|Protect||[still]
|-fail|p1a: Zapdos
|
|-damage|p2a: Iron Hands|40/100 psn|[from] psn
|upkeep
|turn|28
|
|t:|1779682138
|move|p1a: Zapdos|Roost|p1a: Zapdos
|-heal|p1a: Zapdos|92/100
|-singleturn|p1a: Zapdos|move: Roost
|move|p2a: Iron Hands|Ice Punch|p1a: Zapdos
|-damage|p1a: Zapdos|64/100
|-damage|p2a: Iron Hands|23/100 psn|[from] item: Rocky Helmet|[of] p1a: Zapdos
|
|-damage|p2a: Iron Hands|11/100 psn|[from] psn
|upkeep
|turn|29
|-message|frin2607 forfeited.
|
|win|bamzilla12
|raw|bamzilla12's rating: 1333 &rarr; <strong>1352</strong><br />(+19 for winning)
|raw|frin2607's rating: 1308 &rarr; <strong>1289</strong><br />(-19 for losing)
|l|☆frin2607
|player|p2|
|l|☆bamzilla12
|player|p1|
