|j|☆PBTUCAZ
|j|☆misterfitness
|t:|1779712350
|gametype|singles
|player|p1|PBTUCAZ|backpacker|1143
|player|p2|misterfitness|chuck|1074
|gen|9
|tier|[Gen 9] OU
|rated|
|rule|HP Percentage Mod: HP is shown in percentages
|rule|Endless Battle Clause: Forcing endless battles is banned
|rule|Species Clause: Limit one of each Pokémon
|rule|OHKO Clause: OHKO moves are banned
|rule|Evasion Items Clause: Evasion items are banned
|rule|Evasion Moves Clause: Evasion moves are banned
|rule|Evasion Abilities Clause: Evasion abilities are banned
|rule|Sleep Moves Clause: Sleep-inducing moves are banned
|clearpoke
|poke|p1|Zapdos|
|poke|p1|Azumarill, M|
|poke|p1|Tyranitar, M|
|poke|p1|Lilligant-Hisui, F|
|poke|p1|Heatran, M|
|poke|p1|Porygon-Z|
|poke|p2|Infernape, M|
|poke|p2|Conkeldurr, M|
|poke|p2|Hariyama, M|
|poke|p2|Gallade, M|
|poke|p2|Quagsire, M|
|poke|p2|Scrafty, F|
|teampreview
|
|t:|1779712356
|teamsize|p1|6
|teamsize|p2|6
|start
|switch|p1a: Lilligant|Lilligant-Hisui, F|100/100
|switch|p2a: Gallade|Gallade, M|100/100
|turn|1
|
|t:|1779712364
|move|p1a: Lilligant|Stun Spore|p2a: Gallade
|-status|p2a: Gallade|par
|move|p2a: Gallade|Psycho Cut|p1a: Lilligant
|-supereffective|p1a: Lilligant
|-damage|p1a: Lilligant|0 fnt
|faint|p1a: Lilligant
|
|upkeep
|
|t:|1779712376
|switch|p1a: Porygon-Z|Porygon-Z|100/100
|turn|2
|
|t:|1779712380
|move|p1a: Porygon-Z|Nasty Plot|p1a: Porygon-Z
|-boost|p1a: Porygon-Z|spa|2
|move|p2a: Gallade|Psycho Cut|p1a: Porygon-Z
|-damage|p1a: Porygon-Z|0 fnt
|faint|p1a: Porygon-Z
|
|upkeep
|
|t:|1779712388
|switch|p1a: Azumarill|Azumarill, M|100/100
|turn|3
|
|t:|1779712394
|move|p1a: Azumarill|Play Rough|p2a: Gallade
|-supereffective|p2a: Gallade
|-damage|p2a: Gallade|0 fnt
|faint|p2a: Gallade
|
|upkeep
|
|t:|1779712412
|switch|p2a: Hariyama|Hariyama, M|100/100
|turn|4
|
|t:|1779712416
|move|p2a: Hariyama|Bullet Punch|p1a: Azumarill
|-damage|p1a: Azumarill|83/100
|move|p1a: Azumarill|Play Rough|p2a: Hariyama|[miss]
|-miss|p1a: Azumarill|p2a: Hariyama
|
|upkeep
|turn|5
|
|t:|1779712438
|-terastallize|p2a: Hariyama|Fighting
|move|p2a: Hariyama|Bullet Punch|p1a: Azumarill
|-crit|p1a: Azumarill
|-damage|p1a: Azumarill|58/100
|move|p1a: Azumarill|Play Rough|p2a: Hariyama
|-supereffective|p2a: Hariyama
|-damage|p2a: Hariyama|0 fnt
|faint|p2a: Hariyama
|
|upkeep
|
|t:|1779712450
|switch|p2a: Quagsire|Quagsire, M|100/100
|turn|6
|
|t:|1779712454
|move|p1a: Azumarill|Play Rough|p2a: Quagsire
|-damage|p2a: Quagsire|22/100
|move|p2a: Quagsire|Toxic|p1a: Azumarill
|-status|p1a: Azumarill|tox
|
|-heal|p2a: Quagsire|28/100|[from] item: Leftovers
|-damage|p1a: Azumarill|52/100 tox|[from] psn
|upkeep
|turn|7
|
|t:|1779712466
|switch|p1a: Heatran|Heatran, M|100/100
|move|p2a: Quagsire|Whirlpool|p1a: Heatran
|-supereffective|p1a: Heatran
|-damage|p1a: Heatran|84/100
|-activate|p1a: Heatran|move: Whirlpool|[of] p2a: Quagsire
|-enditem|p1a: Heatran|Weakness Policy
|-boost|p1a: Heatran|atk|2|[from] item: Weakness Policy
|-boost|p1a: Heatran|spa|2|[from] item: Weakness Policy
|
|-heal|p2a: Quagsire|34/100|[from] item: Leftovers
|-damage|p1a: Heatran|71/100|[from] move: Whirlpool|[partiallytrapped]
|upkeep
|turn|8
|
|t:|1779712480
|move|p1a: Heatran|Flamethrower|p2a: Quagsire
|-resisted|p2a: Quagsire
|-damage|p2a: Quagsire|10/100
|move|p2a: Quagsire|Whirlpool|p1a: Heatran
|-supereffective|p1a: Heatran
|-damage|p1a: Heatran|54/100
|
|-heal|p2a: Quagsire|16/100|[from] item: Leftovers
|-damage|p1a: Heatran|42/100|[from] move: Whirlpool|[partiallytrapped]
|upkeep
|turn|9
|
|t:|1779712494
|move|p1a: Heatran|Flamethrower|p2a: Quagsire
|-resisted|p2a: Quagsire
|-damage|p2a: Quagsire|0 fnt
|faint|p2a: Quagsire
|
|-end|p1a: Heatran|Whirlpool|[partiallytrapped]|[silent]
|upkeep
|
|t:|1779712502
|switch|p2a: Conkeldurr|Conkeldurr, M|100/100
|turn|10
|
|t:|1779712507
|move|p2a: Conkeldurr|Mach Punch|p1a: Heatran
|-supereffective|p1a: Heatran
|-damage|p1a: Heatran|0 fnt
|faint|p1a: Heatran
|
|upkeep
|
|t:|1779712513
|switch|p1a: Zapdos|Zapdos|100/100
|-ability|p1a: Zapdos|Pressure
|turn|11
|
|t:|1779712522
|move|p1a: Zapdos|Thunderbolt|p2a: Conkeldurr
|-damage|p2a: Conkeldurr|44/100
|-damage|p1a: Zapdos|91/100|[from] item: Life Orb
|move|p2a: Conkeldurr|Ice Punch|p1a: Zapdos
|-supereffective|p1a: Zapdos
|-damage|p1a: Zapdos|20/100
|
|upkeep
|turn|12
|
|t:|1779712530
|move|p2a: Conkeldurr|Mach Punch|p1a: Zapdos
|-resisted|p1a: Zapdos
|-damage|p1a: Zapdos|6/100
|move|p1a: Zapdos|Thunderbolt|p2a: Conkeldurr
|-damage|p2a: Conkeldurr|0 fnt
|faint|p2a: Conkeldurr
|-damage|p1a: Zapdos|0 fnt|[from] item: Life Orb
|faint|p1a: Zapdos
|
|upkeep
|
|t:|1779712545
|switch|p1a: Tyranitar|Tyranitar, M|100/100
|switch|p2a: Scrafty|Scrafty, F|100/100
|-weather|Sandstorm|[from] ability: Sand Stream|[of] p1a: Tyranitar
|turn|13
|
|t:|1779712554
|-terastallize|p1a: Tyranitar|Fighting
|move|p1a: Tyranitar|Brick Break|p2a: Scrafty
|-supereffective|p2a: Scrafty
|-damage|p2a: Scrafty|21/100
|move|p2a: Scrafty|Drain Punch|p1a: Tyranitar
|-damage|p1a: Tyranitar|74/100
|-heal|p2a: Scrafty|38/100|[from] drain|[of] p1a: Tyranitar
|
|-weather|Sandstorm|[upkeep]
|-damage|p1a: Tyranitar|67/100|[from] Sandstorm
|-damage|p2a: Scrafty|32/100|[from] Sandstorm
|upkeep
|turn|14
|
|t:|1779712571
|switch|p2a: Infernape|Infernape, M|100/100
|move|p1a: Tyranitar|Brick Break|p2a: Infernape
|-damage|p2a: Infernape|30/100
|
|-weather|Sandstorm|[upkeep]
|-damage|p2a: Infernape|24/100|[from] Sandstorm
|-damage|p1a: Tyranitar|61/100|[from] Sandstorm
|upkeep
|turn|15
|
|t:|1779712583
|move|p2a: Infernape|Drain Punch|p1a: Tyranitar
|-damage|p1a: Tyranitar|30/100
|-heal|p2a: Infernape|46/100|[from] drain|[of] p1a: Tyranitar
|move|p1a: Tyranitar|Rock Slide|p2a: Infernape
|-damage|p2a: Infernape|0 fnt
|faint|p2a: Infernape
|
|-weather|Sandstorm|[upkeep]
|-damage|p1a: Tyranitar|24/100|[from] Sandstorm
|upkeep
|
|t:|1779712596
|switch|p2a: Scrafty|Scrafty, F|32/100
|turn|16
|
|t:|1779712601
|move|p1a: Tyranitar|Brick Break|p2a: Scrafty
|-supereffective|p2a: Scrafty
|-damage|p2a: Scrafty|0 fnt
|faint|p2a: Scrafty
|
|win|PBTUCAZ
|raw|PBTUCAZ's rating: 1143 &rarr; <strong>1163</strong><br />(+20 for winning)
|raw|misterfitness's rating: 1074 &rarr; <strong>1057</strong><br />(-17 for losing)
|l|☆PBTUCAZ
|player|p1|
|l|☆misterfitness
|player|p2|
