|j|☆EscapeArtist64
|j|☆tanmaysinha7
|t:|1779555722
|gametype|singles
|player|p1|EscapeArtist64|bugcatcher-gen4dp|1107
|player|p2|tanmaysinha7|hilbert-wonderlauncher|1138
|gen|9
|tier|[Gen 9] OU
|rated|
|rule|HP Percentage Mod: HP is shown in percentages
|rule|Endless Battle Clause: Forcing endless battles is banned
|rule|Species Clause: Limit one of each Pokémon
|rule|OHKO Clause: OHKO moves are banned
|rule|Evasion Items Clause: Evasion items are banned
|rule|Evasion Moves Clause: Evasion moves are banned
|rule|Evasion Abilities Clause: Evasion abilities are banned
|rule|Sleep Moves Clause: Sleep-inducing moves are banned
|clearpoke
|poke|p1|Pikachu-Original, M|
|poke|p1|Donphan, M|
|poke|p1|Snorlax, F|
|poke|p1|Dragonite, F|
|poke|p1|Greninja-*, M|
|poke|p1|Gengar, F|
|poke|p2|Kyurem|
|poke|p2|Cinderace, F|
|poke|p2|Dragapult, M|
|poke|p2|Slowking-Galar, F|
|poke|p2|Zamazenta-*|
|poke|p2|Kingambit, M|
|teampreview
|inactive|Battle timer is ON: inactive players will automatically lose when time's up. (requested by EscapeArtist64)
|inactive|tanmaysinha7 also wants the timer to be on.
|
|t:|1779555726
|teamsize|p1|6
|teamsize|p2|6
|start
|switch|p1a: Donphan|Donphan, M|100/100
|switch|p2a: Kyurem|Kyurem|100/100
|-ability|p2a: Kyurem|Pressure
|turn|1
|
|t:|1779555733
|move|p2a: Kyurem|Ice Beam|p1a: Donphan
|-supereffective|p1a: Donphan
|-ability|p1a: Donphan|Sturdy
|-damage|p1a: Donphan|1/100
|move|p1a: Donphan|Stealth Rock|p2a: Kyurem
|-sidestart|p2: tanmaysinha7|move: Stealth Rock
|
|upkeep
|turn|2
|
|t:|1779555739
|move|p2a: Kyurem|Ice Beam|p1a: Donphan
|-supereffective|p1a: Donphan
|-damage|p1a: Donphan|0 fnt
|faint|p1a: Donphan
|
|upkeep
|
|t:|1779555753
|switch|p1a: Dragonite|Dragonite, F|100/100
|turn|3
|
|t:|1779555759
|-terastallize|p1a: Dragonite|Normal
|move|p2a: Kyurem|Ice Beam|p1a: Dragonite
|-damage|p1a: Dragonite|63/100
|move|p1a: Dragonite|Dragon Dance|p1a: Dragonite
|-boost|p1a: Dragonite|atk|1
|-boost|p1a: Dragonite|spe|1
|
|upkeep
|turn|4
|
|t:|1779555770
|move|p1a: Dragonite|Earthquake|p2a: Kyurem
|-damage|p2a: Kyurem|44/100
|move|p2a: Kyurem|Ice Beam|p1a: Dragonite
|-damage|p1a: Dragonite|0 fnt
|faint|p1a: Dragonite
|
|upkeep
|
|t:|1779555786
|switch|p1a: Greninja|Greninja, M|100/100
|turn|5
|
|t:|1779555795
|move|p1a: Greninja|Dark Pulse|p2a: Kyurem
|-damage|p2a: Kyurem|0 fnt
|faint|p2a: Kyurem
|-ability|p1a: Greninja|Battle Bond|boost
|-boost|p1a: Greninja|atk|1
|-boost|p1a: Greninja|spa|1
|-boost|p1a: Greninja|spe|1
|-activate|p1a: Greninja|ability: Battle Bond
|-damage|p1a: Greninja|91/100|[from] item: Life Orb
|
|upkeep
|
|t:|1779555807
|switch|p2a: Dragapult|Dragapult, M|100/100
|-damage|p2a: Dragapult|88/100|[from] Stealth Rock
|turn|6
|
|t:|1779555813
|move|p1a: Greninja|Ice Beam|p2a: Dragapult
|-supereffective|p2a: Dragapult
|-damage|p2a: Dragapult|0 fnt
|faint|p2a: Dragapult
|-damage|p1a: Greninja|81/100|[from] item: Life Orb
|
|upkeep
|
|t:|1779555820
|switch|p2a: Slowking|Slowking-Galar, F|100/100
|-damage|p2a: Slowking|88/100|[from] Stealth Rock
|turn|7
|
|t:|1779555827
|move|p1a: Greninja|Dark Pulse|p2a: Slowking
|-supereffective|p2a: Slowking
|-damage|p2a: Slowking|34/100
|-damage|p1a: Greninja|71/100|[from] item: Life Orb
|move|p2a: Slowking|Future Sight|p1a: Greninja
|-start|p2a: Slowking|move: Future Sight
|
|upkeep
|turn|8
|
|t:|1779555835
|move|p1a: Greninja|Dark Pulse|p2a: Slowking
|-supereffective|p2a: Slowking
|-damage|p2a: Slowking|0 fnt
|faint|p2a: Slowking
|-damage|p1a: Greninja|61/100|[from] item: Life Orb
|
|upkeep
|
|t:|1779555842
|switch|p2a: Kingambit|Kingambit, M, shiny|100/100
|-damage|p2a: Kingambit|94/100|[from] Stealth Rock
|-activate|p2a: Kingambit|ability: Supreme Overlord
|-start|p2a: Kingambit|fallen3|[silent]
|turn|9
|
|t:|1779555855
|move|p1a: Greninja|Surf|p2a: Kingambit
|-damage|p2a: Kingambit|25/100
|-damage|p1a: Greninja|51/100|[from] item: Life Orb
|move|p2a: Kingambit|Brick Break|p1a: Greninja
|-supereffective|p1a: Greninja
|-damage|p1a: Greninja|0 fnt
|faint|p1a: Greninja
|
|-hint|Future Sight did not hit because the target is fainted.
|upkeep
|
|t:|1779555869
|switch|p1a: Pikachu|Pikachu-Original, M|100/100
|turn|10
|
|t:|1779555873
|move|p1a: Pikachu|Fake Out|p2a: Kingambit
|-resisted|p2a: Kingambit
|-damage|p2a: Kingambit|21/100
|cant|p2a: Kingambit|flinch
|
|upkeep
|turn|11
|
|t:|1779555882
|move|p2a: Kingambit|Sucker Punch|p1a: Pikachu
|-damage|p1a: Pikachu|0 fnt
|faint|p1a: Pikachu
|
|upkeep
|
|t:|1779555886
|switch|p1a: Snorlax|Snorlax, F|100/100
|turn|12
|
|t:|1779555892
|move|p2a: Kingambit|Brick Break|p1a: Snorlax
|-supereffective|p1a: Snorlax
|-damage|p1a: Snorlax|33/100
|move|p1a: Snorlax|Curse|p1a: Snorlax
|-unboost|p1a: Snorlax|spe|1
|-boost|p1a: Snorlax|atk|1
|-boost|p1a: Snorlax|def|1
|
|-heal|p1a: Snorlax|39/100|[from] item: Leftovers
|upkeep
|turn|13
|
|t:|1779555900
|move|p2a: Kingambit|Sucker Punch||[still]
|-fail|p2a: Kingambit
|move|p1a: Snorlax|Rest|p1a: Snorlax
|-status|p1a: Snorlax|slp|[from] move: Rest
|-heal|p1a: Snorlax|100/100 slp|[silent]
|
|upkeep
|turn|14
|
|t:|1779555908
|move|p2a: Kingambit|Kowtow Cleave|p1a: Snorlax
|-damage|p1a: Snorlax|50/100 slp
|cant|p1a: Snorlax|slp
|move|p1a: Snorlax|Sleep Talk|p1a: Snorlax
|move|p1a: Snorlax|Rest||[from] move: Sleep Talk|[still]
|-fail|p1a: Snorlax
|
|-heal|p1a: Snorlax|56/100 slp|[from] item: Leftovers
|upkeep
|turn|15
|
|t:|1779555917
|move|p2a: Kingambit|Brick Break|p1a: Snorlax
|-supereffective|p1a: Snorlax
|-damage|p1a: Snorlax|8/100 slp
|cant|p1a: Snorlax|slp
|move|p1a: Snorlax|Sleep Talk|p1a: Snorlax
|move|p1a: Snorlax|Rest||[from] move: Sleep Talk|[still]
|-fail|p1a: Snorlax
|
|-heal|p1a: Snorlax|14/100 slp|[from] item: Leftovers
|upkeep
|turn|16
|
|t:|1779555927
|move|p2a: Kingambit|Brick Break|p1a: Snorlax
|-supereffective|p1a: Snorlax
|-damage|p1a: Snorlax|0 fnt
|faint|p1a: Snorlax
|
|upkeep
|
|t:|1779555929
|switch|p1a: Gengar|Gengar, F|100/100
|-item|p1a: Gengar|Air Balloon
|turn|17
|
|t:|1779555937
|move|p2a: Kingambit|Sucker Punch|p1a: Gengar
|-supereffective|p1a: Gengar
|-damage|p1a: Gengar|0 fnt
|-start|p2a: Kingambit|Disable|Sucker Punch|[from] ability: Cursed Body|[of] p1a: Gengar
|-enditem|p1a: Gengar|Air Balloon
|faint|p1a: Gengar
|
|win|tanmaysinha7
|raw|EscapeArtist64's rating: 1107 &rarr; <strong>1084</strong><br />(-23 for losing)
|raw|tanmaysinha7's rating: 1138 &rarr; <strong>1161</strong><br />(+23 for winning)
|l|☆EscapeArtist64
|player|p1|
|l|☆tanmaysinha7
|player|p2|
