|j|☆ihymyly
|j|☆Railio
|t:|1779684158
|gametype|singles
|player|p1|ihymyly|266|1557
|player|p2|Railio|265|1593
|gen|9
|tier|[Gen 9] OU
|rated|
|rule|HP Percentage Mod: HP is shown in percentages
|rule|Endless Battle Clause: Forcing endless battles is banned
|rule|Species Clause: Limit one of each Pokémon
|rule|OHKO Clause: OHKO moves are banned
|rule|Evasion Items Clause: Evasion items are banned
|rule|Evasion Moves Clause: Evasion moves are banned
|rule|Evasion Abilities Clause: Evasion abilities are banned
|rule|Sleep Moves Clause: Sleep-inducing moves are banned
|clearpoke
|poke|p1|Darkrai|
|poke|p1|Skarmory, M|
|poke|p1|Great Tusk|
|poke|p1|Latios, M|
|poke|p1|Weavile, M|
|poke|p1|Ogerpon-Wellspring, F|
|poke|p2|Cinderace, M|
|poke|p2|Meowscarada, M|
|poke|p2|Corviknight, M|
|poke|p2|Iron Boulder|
|poke|p2|Iron Valiant|
|poke|p2|Raging Bolt|
|teampreview
|inactive|Battle timer is ON: inactive players will automatically lose when time's up. (requested by Railio)
|j| testingrainteam1
|
|t:|1779684181
|teamsize|p1|6
|teamsize|p2|6
|start
|switch|p1a: Latios|Latios, M|100/100
|switch|p2a: Raging Bolt|Raging Bolt|100/100
|turn|1
|
|t:|1779684190
|move|p1a: Latios|Draco Meteor|p2a: Raging Bolt
|-supereffective|p2a: Raging Bolt
|-damage|p2a: Raging Bolt|0 fnt
|-unboost|p1a: Latios|spa|2
|faint|p2a: Raging Bolt
|-end|p2a: Raging Bolt|Protosynthesis|[silent]
|
|upkeep
|
|t:|1779684200
|switch|p2a: Iron Boulder|Iron Boulder|100/100
|-enditem|p2a: Iron Boulder|Booster Energy
|-activate|p2a: Iron Boulder|ability: Quark Drive|[fromitem]
|-start|p2a: Iron Boulder|quarkdrivespe
|turn|2
|
|t:|1779684209
|switch|p1a: Red Bull|Skarmory, M|100/100
|move|p2a: Iron Boulder|Swords Dance|p2a: Iron Boulder
|-boost|p2a: Iron Boulder|atk|2
|
|upkeep
|turn|3
|
|t:|1779684215
|move|p2a: Iron Boulder|Mighty Cleave|p1a: Red Bull
|-damage|p1a: Red Bull|44/100
|-damage|p2a: Iron Boulder|84/100|[from] item: Rocky Helmet|[of] p1a: Red Bull
|move|p1a: Red Bull|Body Press|p2a: Iron Boulder
|-damage|p2a: Iron Boulder|45/100
|
|upkeep
|turn|4
|l| testingrainteam1
|
|t:|1779684222
|move|p2a: Iron Boulder|Mighty Cleave|p1a: Red Bull
|-damage|p1a: Red Bull|0 fnt
|-damage|p2a: Iron Boulder|29/100|[from] item: Rocky Helmet|[of] p1a: Red Bull
|faint|p1a: Red Bull
|
|upkeep
|
|t:|1779684232
|switch|p1a: Mr. -ice Guy|Weavile, M|100/100
|-ability|p1a: Mr. -ice Guy|Pressure
|turn|5
|
|t:|1779684237
|move|p1a: Mr. -ice Guy|Ice Shard|p2a: Iron Boulder
|-damage|p2a: Iron Boulder|4/100
|move|p2a: Iron Boulder|Mighty Cleave|p1a: Mr. -ice Guy
|-supereffective|p1a: Mr. -ice Guy
|-damage|p1a: Mr. -ice Guy|0 fnt
|faint|p1a: Mr. -ice Guy
|
|upkeep
|
|t:|1779684243
|switch|p1a: Primal Schnoz|Great Tusk|100/100
|turn|6
|
|t:|1779684247
|move|p2a: Iron Boulder|Zen Headbutt|p1a: Primal Schnoz
|-supereffective|p1a: Primal Schnoz
|-damage|p1a: Primal Schnoz|4/100
|move|p1a: Primal Schnoz|Rapid Spin|p2a: Iron Boulder
|-resisted|p2a: Iron Boulder
|-damage|p2a: Iron Boulder|0 fnt
|-boost|p1a: Primal Schnoz|spe|1
|faint|p2a: Iron Boulder
|-end|p2a: Iron Boulder|Quark Drive|[silent]
|
|upkeep
|
|t:|1779684254
|switch|p2a: Iron Valiant|Iron Valiant|100/100
|-enditem|p2a: Iron Valiant|Booster Energy
|-activate|p2a: Iron Valiant|ability: Quark Drive|[fromitem]
|-start|p2a: Iron Valiant|quarkdrivespe
|turn|7
|
|t:|1779684258
|move|p2a: Iron Valiant|Moonblast|p1a: Primal Schnoz
|-supereffective|p1a: Primal Schnoz
|-damage|p1a: Primal Schnoz|0 fnt
|faint|p1a: Primal Schnoz
|-end|p1a: Primal Schnoz|Protosynthesis|[silent]
|
|upkeep
|
|t:|1779684262
|switch|p1a: Ogerpon|Ogerpon-Wellspring, F|100/100
|turn|8
|
|t:|1779684269
|move|p2a: Iron Valiant|Moonblast|p1a: Ogerpon
|-damage|p1a: Ogerpon|48/100
|move|p1a: Ogerpon|Horn Leech|p2a: Iron Valiant
|-damage|p2a: Iron Valiant|38/100
|-heal|p1a: Ogerpon|78/100|[from] drain|[of] p2a: Iron Valiant
|
|upkeep
|turn|9
|
|t:|1779684274
|move|p2a: Iron Valiant|Close Combat|p1a: Ogerpon
|-damage|p1a: Ogerpon|10/100
|-unboost|p2a: Iron Valiant|def|1
|-unboost|p2a: Iron Valiant|spd|1
|move|p1a: Ogerpon|Horn Leech|p2a: Iron Valiant
|-damage|p2a: Iron Valiant|0 fnt
|-heal|p1a: Ogerpon|28/100|[from] drain|[of] p2a: Iron Valiant
|faint|p2a: Iron Valiant
|-end|p2a: Iron Valiant|Quark Drive|[silent]
|
|upkeep
|
|t:|1779684284
|switch|p2a: Cinderace|Cinderace, M|100/100
|turn|10
|
|t:|1779684290
|move|p2a: Cinderace|U-turn|p1a: Ogerpon
|-start|p2a: Cinderace|typechange|Bug|[from] ability: Libero
|-supereffective|p1a: Ogerpon
|-damage|p1a: Ogerpon|0 fnt
|faint|p1a: Ogerpon
|
|t:|1779684293
|switch|p2a: Meowscarada|Meowscarada, M|100/100|[from] U-turn
|
|upkeep
|
|t:|1779684298
|switch|p1a: almost*evil*jordan|Darkrai, shiny|100/100
|turn|11
|
|t:|1779684302
|move|p2a: Meowscarada|U-turn|p1a: almost*evil*jordan
|-start|p2a: Meowscarada|typechange|Bug|[from] ability: Protean
|-supereffective|p1a: almost*evil*jordan
|-damage|p1a: almost*evil*jordan|22/100
|
|t:|1779684305
|switch|p2a: Cinderace|Cinderace, M|100/100|[from] U-turn
|move|p1a: almost*evil*jordan|Nasty Plot|p1a: almost*evil*jordan
|-boost|p1a: almost*evil*jordan|spa|2
|
|-heal|p1a: almost*evil*jordan|28/100|[from] item: Leftovers
|upkeep
|turn|12
|
|t:|1779684312
|move|p1a: almost*evil*jordan|Dark Pulse|p2a: Cinderace
|-damage|p2a: Cinderace|0 fnt
|faint|p2a: Cinderace
|
|-heal|p1a: almost*evil*jordan|34/100|[from] item: Leftovers
|upkeep
|
|t:|1779684314
|switch|p2a: Meowscarada|Meowscarada, M|100/100
|turn|13
|
|t:|1779684340
|move|p2a: Meowscarada|U-turn|p1a: almost*evil*jordan
|-start|p2a: Meowscarada|typechange|Bug|[from] ability: Protean
|-supereffective|p1a: almost*evil*jordan
|-crit|p1a: almost*evil*jordan
|-damage|p1a: almost*evil*jordan|0 fnt
|faint|p1a: almost*evil*jordan
|
|t:|1779684342
|switch|p2a: Corviknight|Corviknight, M|100/100|[from] U-turn
|
|upkeep
|
|t:|1779684344
|switch|p1a: Latios|Latios, M|100/100
|turn|14
|
|t:|1779684348
|move|p1a: Latios|Luster Purge|p2a: Corviknight
|-resisted|p2a: Corviknight
|-damage|p2a: Corviknight|73/100
|move|p2a: Corviknight|U-turn|p1a: Latios
|-supereffective|p1a: Latios
|-damage|p1a: Latios|58/100
|
|t:|1779684351
|switch|p2a: Meowscarada|Meowscarada, M|100/100|[from] U-turn
|
|upkeep
|turn|15
|
|t:|1779684354
|-terastallize|p1a: Latios|Steel
|move|p2a: Meowscarada|U-turn|p1a: Latios
|-start|p2a: Meowscarada|typechange|Bug|[from] ability: Protean
|-resisted|p1a: Latios
|-damage|p1a: Latios|37/100
|
|t:|1779684357
|switch|p2a: Corviknight|Corviknight, M|73/100|[from] U-turn
|move|p1a: Latios|Recover|p1a: Latios
|-heal|p1a: Latios|87/100
|
|upkeep
|turn|16
|
|t:|1779684362
|move|p1a: Latios|Luster Purge|p2a: Corviknight
|-resisted|p2a: Corviknight
|-damage|p2a: Corviknight|43/100
|-ability|p2a: Corviknight|Mirror Armor
|-unboost|p1a: Latios|spd|1
|move|p2a: Corviknight|Body Press|p1a: Latios
|-supereffective|p1a: Latios
|-damage|p1a: Latios|14/100
|
|upkeep
|turn|17
|
|t:|1779684374
|move|p1a: Latios|Draco Meteor|p2a: Corviknight
|-resisted|p2a: Corviknight
|-damage|p2a: Corviknight|0 fnt
|-unboost|p1a: Latios|spa|2
|faint|p2a: Corviknight
|
|upkeep
|
|t:|1779684377
|switch|p2a: Meowscarada|Meowscarada, M|100/100
|turn|18
|
|t:|1779684381
|move|p2a: Meowscarada|Knock Off|p1a: Latios
|-start|p2a: Meowscarada|typechange|Dark|[from] ability: Protean
|-damage|p1a: Latios|0 fnt
|-enditem|p1a: Latios|Soul Dew|[from] move: Knock Off|[of] p2a: Meowscarada
|faint|p1a: Latios
|
|win|Railio
|raw|ihymyly's rating: 1557 &rarr; <strong>1539</strong><br />(-18 for losing)
|raw|Railio's rating: 1593 &rarr; <strong>1611</strong><br />(+18 for winning)
|l|☆ihymyly
|player|p1|
|l|☆Railio
|player|p2|
