|j|☆agemasen chan
|j|☆Adarsh670
|t:|1779559868
|gametype|singles
|player|p1|agemasen chan|lass-gen4dp|1153
|player|p2|Adarsh670|flannery|1173
|gen|9
|tier|[Gen 9] OU
|rated|
|rule|HP Percentage Mod: HP is shown in percentages
|rule|Endless Battle Clause: Forcing endless battles is banned
|rule|Species Clause: Limit one of each Pokémon
|rule|OHKO Clause: OHKO moves are banned
|rule|Evasion Items Clause: Evasion items are banned
|rule|Evasion Moves Clause: Evasion moves are banned
|rule|Evasion Abilities Clause: Evasion abilities are banned
|rule|Sleep Moves Clause: Sleep-inducing moves are banned
|clearpoke
|poke|p1|Blaziken, M|
|poke|p1|Swampert, M|
|poke|p1|Haxorus, F|
|poke|p1|Rotom-Wash|
|poke|p1|Gardevoir, F|
|poke|p1|Tsareena, F|
|poke|p2|Darkrai|
|poke|p2|Garchomp, M|
|poke|p2|Alomomola, M|
|poke|p2|Corviknight, F|
|poke|p2|Weezing-Galar, F|
|poke|p2|Ogerpon, F|
|teampreview
|
|t:|1779559880
|teamsize|p1|6
|teamsize|p2|6
|start
|switch|p1a: Swampert|Swampert, M|100/100
|switch|p2a: Garchomp|Garchomp, M|100/100
|turn|1
|
|t:|1779559888
|move|p2a: Garchomp|Stealth Rock|p1a: Swampert
|-sidestart|p1: agemasen chan|move: Stealth Rock
|move|p1a: Swampert|Ice Punch|p2a: Garchomp
|-supereffective|p2a: Garchomp
|-damage|p2a: Garchomp|37/100
|-damage|p1a: Swampert|88/100|[from] ability: Rough Skin|[of] p2a: Garchomp
|-damage|p1a: Swampert|72/100|[from] item: Rocky Helmet|[of] p2a: Garchomp
|
|-heal|p1a: Swampert|78/100|[from] item: Leftovers
|upkeep
|turn|2
|
|t:|1779559907
|switch|p2a: Alomomola|Alomomola, M|100/100
|move|p1a: Swampert|Ice Punch|p2a: Alomomola
|-resisted|p2a: Alomomola
|-damage|p2a: Alomomola|90/100
|
|-heal|p1a: Swampert|84/100|[from] item: Leftovers
|upkeep
|turn|3
|
|t:|1779559918
|move|p1a: Swampert|Earthquake|p2a: Alomomola
|-damage|p2a: Alomomola|49/100
|move|p2a: Alomomola|Body Slam|p1a: Swampert
|-damage|p1a: Swampert|70/100
|-status|p1a: Swampert|par
|
|-heal|p1a: Swampert|76/100 par|[from] item: Leftovers
|upkeep
|turn|4
|
|t:|1779559929
|switch|p2a: Corviknight|Corviknight, F, shiny|100/100
|-ability|p2a: Corviknight|Pressure
|move|p1a: Swampert|Earthquake|p2a: Corviknight
|-immune|p2a: Corviknight
|
|-heal|p1a: Swampert|82/100 par|[from] item: Leftovers
|upkeep
|turn|5
|
|t:|1779559939
|move|p2a: Corviknight|Brave Bird|p1a: Swampert
|-damage|p1a: Swampert|46/100 par
|-damage|p2a: Corviknight|88/100|[from] Recoil
|cant|p1a: Swampert|par
|
|-heal|p2a: Corviknight|94/100|[from] item: Leftovers
|-heal|p1a: Swampert|52/100 par|[from] item: Leftovers
|upkeep
|turn|6
|
|t:|1779559948
|move|p2a: Corviknight|Brave Bird|p1a: Swampert
|-damage|p1a: Swampert|17/100 par
|-damage|p2a: Corviknight|83/100|[from] Recoil
|move|p1a: Swampert|Liquidation|p2a: Corviknight
|-damage|p2a: Corviknight|31/100
|
|-heal|p2a: Corviknight|37/100|[from] item: Leftovers
|-heal|p1a: Swampert|23/100 par|[from] item: Leftovers
|upkeep
|turn|7
|
|t:|1779559959
|move|p2a: Corviknight|Roost|p2a: Corviknight
|-heal|p2a: Corviknight|87/100
|-singleturn|p2a: Corviknight|move: Roost
|cant|p1a: Swampert|par
|
|-heal|p2a: Corviknight|93/100|[from] item: Leftovers
|-heal|p1a: Swampert|29/100 par|[from] item: Leftovers
|upkeep
|turn|8
|
|t:|1779559968
|move|p2a: Corviknight|Brave Bird|p1a: Swampert
|-damage|p1a: Swampert|0 fnt
|faint|p1a: Swampert
|-damage|p2a: Corviknight|84/100|[from] Recoil
|
|-heal|p2a: Corviknight|90/100|[from] item: Leftovers
|upkeep
|
|t:|1779559979
|switch|p1a: Rotom|Rotom-Wash|100/100
|-damage|p1a: Rotom|88/100|[from] Stealth Rock
|turn|9
|
|t:|1779559998
|switch|p2a: Ogerpon|Ogerpon, F|100/100
|move|p1a: Rotom|Hydro Pump|p2a: Ogerpon
|-resisted|p2a: Ogerpon
|-damage|p2a: Ogerpon|72/100
|
|upkeep
|turn|10
|
|t:|1779560010
|move|p2a: Ogerpon|Ivy Cudgel|p1a: Rotom
|-supereffective|p1a: Rotom
|-damage|p1a: Rotom|0 fnt
|faint|p1a: Rotom
|
|upkeep
|
|t:|1779560017
|switch|p1a: Tsareena|Tsareena, F|100/100
|-damage|p1a: Tsareena|88/100|[from] Stealth Rock
|turn|11
|
|t:|1779560025
|move|p2a: Ogerpon|Knock Off|p1a: Tsareena
|-damage|p1a: Tsareena|56/100
|-enditem|p1a: Tsareena|Assault Vest|[from] move: Knock Off|[of] p2a: Ogerpon
|move|p1a: Tsareena|Triple Axel|p2a: Ogerpon
|-supereffective|p2a: Ogerpon
|-damage|p2a: Ogerpon|53/100
|-supereffective|p2a: Ogerpon
|-damage|p2a: Ogerpon|15/100
|-supereffective|p2a: Ogerpon
|-damage|p2a: Ogerpon|0 fnt
|faint|p2a: Ogerpon
|-hitcount|p2: Ogerpon|3
|
|upkeep
|
|t:|1779560040
|switch|p2a: Corviknight|Corviknight, F, shiny|90/100
|-ability|p2a: Corviknight|Pressure
|turn|12
|
|t:|1779560049
|move|p1a: Tsareena|Rapid Spin|p2a: Corviknight
|-resisted|p2a: Corviknight
|-damage|p2a: Corviknight|82/100
|-boost|p1a: Tsareena|spe|1
|-sideend|p1: agemasen chan|Stealth Rock|[from] move: Rapid Spin|[of] p1a: Tsareena
|move|p2a: Corviknight|Brave Bird|p1a: Tsareena
|-supereffective|p1a: Tsareena
|-damage|p1a: Tsareena|0 fnt
|faint|p1a: Tsareena
|-damage|p2a: Corviknight|67/100|[from] Recoil
|
|-heal|p2a: Corviknight|73/100|[from] item: Leftovers
|upkeep
|
|t:|1779560062
|switch|p1a: Blaziken|Blaziken, M|100/100
|turn|13
|
|t:|1779560073
|switch|p2a: Weezing|Weezing-Galar, F|100/100
|-ability|p2a: Weezing|Neutralizing Gas
|move|p1a: Blaziken|Blaze Kick|p2a: Weezing
|-damage|p2a: Weezing|69/100
|
|-heal|p2a: Weezing|75/100|[from] item: Leftovers
|upkeep
|turn|14
|
|t:|1779560083
|move|p1a: Blaziken|Blaze Kick|p2a: Weezing
|-damage|p2a: Weezing|42/100
|move|p2a: Weezing|Sludge Bomb|p1a: Blaziken
|-damage|p1a: Blaziken|59/100
|-status|p1a: Blaziken|psn
|
|-heal|p2a: Weezing|48/100|[from] item: Leftovers
|-damage|p1a: Blaziken|47/100 psn|[from] psn
|upkeep
|turn|15
|
|t:|1779560095
|move|p1a: Blaziken|Blaze Kick|p2a: Weezing
|-damage|p2a: Weezing|19/100
|move|p2a: Weezing|Pain Split|p1a: Blaziken
|-sethp|p1a: Blaziken|34/100 psn|[from] move: Pain Split|[silent]
|-sethp|p2a: Weezing|31/100|[from] move: Pain Split
|
|-heal|p2a: Weezing|37/100|[from] item: Leftovers
|-damage|p1a: Blaziken|21/100 psn|[from] psn
|upkeep
|turn|16
|
|t:|1779560106
|move|p1a: Blaziken|Blaze Kick|p2a: Weezing
|-damage|p2a: Weezing|8/100
|move|p2a: Weezing|Sludge Bomb|p1a: Blaziken
|-damage|p1a: Blaziken|0 fnt
|faint|p1a: Blaziken
|
|-heal|p2a: Weezing|14/100|[from] item: Leftovers
|upkeep
|
|t:|1779560116
|switch|p1a: Haxorus|Haxorus, F|100/100
|turn|17
|
|t:|1779560120
|move|p1a: Haxorus|Earthquake|p2a: Weezing
|-supereffective|p2a: Weezing
|-damage|p2a: Weezing|0 fnt
|faint|p2a: Weezing
|-end|p2a: Weezing|ability: Neutralizing Gas
|-ability|p1a: Haxorus|Mold Breaker
|-damage|p1a: Haxorus|91/100|[from] item: Life Orb
|
|upkeep
|
|t:|1779560126
|switch|p2a: Corviknight|Corviknight, F, shiny|73/100
|-ability|p2a: Corviknight|Pressure
|turn|18
|
|t:|1779560131
|move|p1a: Haxorus|Dragon Dance|p1a: Haxorus
|-boost|p1a: Haxorus|atk|1
|-boost|p1a: Haxorus|spe|1
|move|p2a: Corviknight|Brave Bird|p1a: Haxorus
|-damage|p1a: Haxorus|44/100
|-damage|p2a: Corviknight|62/100|[from] Recoil
|
|-heal|p2a: Corviknight|68/100|[from] item: Leftovers
|upkeep
|turn|19
|
|t:|1779560143
|move|p1a: Haxorus|Dragon Claw|p2a: Corviknight
|-resisted|p2a: Corviknight
|-damage|p2a: Corviknight|31/100
|-damage|p1a: Haxorus|34/100|[from] item: Life Orb
|move|p2a: Corviknight|Brave Bird|p1a: Haxorus
|-damage|p1a: Haxorus|0 fnt
|faint|p1a: Haxorus
|-damage|p2a: Corviknight|23/100|[from] Recoil
|
|-heal|p2a: Corviknight|29/100|[from] item: Leftovers
|upkeep
|
|t:|1779560155
|switch|p1a: Gardevoir|Gardevoir, F|100/100
|turn|20
|
|t:|1779560163
|move|p1a: Gardevoir|Shadow Ball|p2a: Corviknight
|-damage|p2a: Corviknight|10/100
|move|p2a: Corviknight|Brave Bird|p1a: Gardevoir
|-damage|p1a: Gardevoir|34/100
|-damage|p2a: Corviknight|0 fnt|[from] Recoil
|faint|p2a: Corviknight
|
|-heal|p1a: Gardevoir|41/100|[from] item: Leftovers
|upkeep
|
|t:|1779560167
|switch|p2a: Alomomola|Alomomola, M|83/100
|turn|21
|
|t:|1779560177
|move|p1a: Gardevoir|Draining Kiss|p2a: Alomomola
|-damage|p2a: Alomomola|71/100
|-heal|p1a: Gardevoir|58/100|[from] drain|[of] p2a: Alomomola
|move|p2a: Alomomola|Body Slam|p1a: Gardevoir
|-damage|p1a: Gardevoir|32/100
|
|-heal|p1a: Gardevoir|38/100|[from] item: Leftovers
|upkeep
|turn|22
|
|t:|1779560186
|move|p1a: Gardevoir|Draining Kiss|p2a: Alomomola
|-crit|p2a: Alomomola
|-damage|p2a: Alomomola|50/100
|-heal|p1a: Gardevoir|67/100|[from] drain|[of] p2a: Alomomola
|move|p2a: Alomomola|Flip Turn|p1a: Gardevoir
|-damage|p1a: Gardevoir|39/100
|
|t:|1779560195
|switch|p2a: Darkrai|Darkrai|100/100|[from] Flip Turn
|
|-heal|p1a: Gardevoir|45/100|[from] item: Leftovers
|upkeep
|turn|23
|
|t:|1779560202
|move|p2a: Darkrai|Dark Pulse|p1a: Gardevoir
|-damage|p1a: Gardevoir|0 fnt
|faint|p1a: Gardevoir
|
|win|Adarsh670
|raw|agemasen chan's rating: 1153 &rarr; <strong>1129</strong><br />(-24 for losing)
|raw|Adarsh670's rating: 1173 &rarr; <strong>1197</strong><br />(+24 for winning)
|l|☆agemasen chan
|player|p1|
|l|☆Adarsh670
|player|p2|
