|j|☆FosterDeno
|j|☆AbleBodiedNitwit
|t:|1779575311
|gametype|singles
|player|p1|FosterDeno|fisherman-gen4|1007
|player|p2|AbleBodiedNitwit|flannery|1021
|gen|9
|tier|[Gen 9] OU
|rated|
|rule|HP Percentage Mod: HP is shown in percentages
|rule|Endless Battle Clause: Forcing endless battles is banned
|rule|Species Clause: Limit one of each Pokémon
|rule|OHKO Clause: OHKO moves are banned
|rule|Evasion Items Clause: Evasion items are banned
|rule|Evasion Moves Clause: Evasion moves are banned
|rule|Evasion Abilities Clause: Evasion abilities are banned
|rule|Sleep Moves Clause: Sleep-inducing moves are banned
|clearpoke
|poke|p1|Delphox, F|
|poke|p1|Scrafty, F|
|poke|p1|Hoopa-Unbound|
|poke|p1|Copperajah, M|
|poke|p1|Lanturn, M|
|poke|p1|Iron Leaves|
|poke|p2|Haxorus, F|
|poke|p2|Magnezone|
|poke|p2|Veluza, F|
|poke|p2|Slither Wing|
|poke|p2|Rillaboom, F|
|teampreview
|
|t:|1779575320
|teamsize|p1|6
|teamsize|p2|5
|start
|switch|p1a: CitySlicker|Iron Leaves|100/100
|switch|p2a: Sage|Rillaboom, F|100/100
|-fieldstart|move: Grassy Terrain|[from] ability: Grassy Surge|[of] p2a: Sage
|-enditem|p1a: CitySlicker|Booster Energy
|-activate|p1a: CitySlicker|ability: Quark Drive|[fromitem]
|-start|p1a: CitySlicker|quarkdriveatk
|turn|1
|
|t:|1779575328
|move|p1a: CitySlicker|Substitute|p1a: CitySlicker
|-start|p1a: CitySlicker|Substitute
|-damage|p1a: CitySlicker|76/100
|move|p2a: Sage|Swords Dance|p2a: Sage
|-boost|p2a: Sage|atk|2
|
|-heal|p1a: CitySlicker|82/100|[from] Grassy Terrain
|upkeep
|turn|2
|
|t:|1779575336
|move|p1a: CitySlicker|Megahorn|p2a: Sage
|-supereffective|p2a: Sage
|-damage|p2a: Sage|0 fnt
|faint|p2a: Sage
|
|-heal|p1a: CitySlicker|88/100|[from] Grassy Terrain
|upkeep
|
|t:|1779575341
|switch|p2a: Mr. Fluffy|Slither Wing, shiny|100/100
|turn|3
|
|t:|1779575345
|move|p2a: Mr. Fluffy|First Impression|p1a: CitySlicker
|-supereffective|p1a: CitySlicker
|-end|p1a: CitySlicker|Substitute
|move|p1a: CitySlicker|Calm Mind|p1a: CitySlicker
|-boost|p1a: CitySlicker|spa|1
|-boost|p1a: CitySlicker|spd|1
|
|-heal|p1a: CitySlicker|94/100|[from] Grassy Terrain
|upkeep
|turn|4
|
|t:|1779575354
|-terastallize|p2a: Mr. Fluffy|Steel
|move|p1a: CitySlicker|Substitute|p1a: CitySlicker
|-start|p1a: CitySlicker|Substitute
|-damage|p1a: CitySlicker|69/100
|move|p2a: Mr. Fluffy|U-turn|p1a: CitySlicker
|-supereffective|p1a: CitySlicker
|-end|p1a: CitySlicker|Substitute
|
|t:|1779575363
|-end|p2a: Mr. Fluffy|Protosynthesis|[silent]
|switch|p2a: Koza|Veluza, F|100/100|[from] U-turn
|
|-heal|p1a: CitySlicker|76/100|[from] Grassy Terrain
|upkeep
|turn|5
|
|t:|1779575370
|move|p1a: CitySlicker|Megahorn|p2a: Koza
|-supereffective|p2a: Koza
|-damage|p2a: Koza|0 fnt
|faint|p2a: Koza
|
|-heal|p1a: CitySlicker|82/100|[from] Grassy Terrain
|-fieldend|move: Grassy Terrain
|upkeep
|
|t:|1779575374
|switch|p2a: Ion|Magnezone|100/100
|turn|6
|
|t:|1779575381
|-terastallize|p1a: CitySlicker|Bug
|move|p1a: CitySlicker|Sacred Sword|p2a: Ion
|-supereffective|p2a: Ion
|-damage|p2a: Ion|33/100
|move|p2a: Ion|Flash Cannon|p1a: CitySlicker
|-damage|p1a: CitySlicker|49/100
|
|upkeep
|turn|7
|
|t:|1779575393
|move|p1a: CitySlicker|Sacred Sword|p2a: Ion
|-supereffective|p2a: Ion
|-damage|p2a: Ion|0 fnt
|faint|p2a: Ion
|
|upkeep
|
|t:|1779575398
|switch|p2a: Obsidian|Haxorus, F, shiny|100/100
|-ability|p2a: Obsidian|Mold Breaker
|turn|8
|
|t:|1779575402
|move|p1a: CitySlicker|Megahorn|p2a: Obsidian
|-damage|p2a: Obsidian|0 fnt
|faint|p2a: Obsidian
|
|upkeep
|
|t:|1779575407
|switch|p2a: Mr. Fluffy|Slither Wing, shiny, tera:Steel|100/100
|turn|9
|
|t:|1779575410
|move|p2a: Mr. Fluffy|First Impression|p1a: CitySlicker
|-damage|p1a: CitySlicker|0 fnt
|faint|p1a: CitySlicker
|-end|p1a: CitySlicker|Quark Drive|[silent]
|
|upkeep
|
|t:|1779575414
|switch|p1a: Stockdale|Delphox, F, shiny|100/100
|turn|10
|
|t:|1779575420
|move|p1a: Stockdale|Calm Mind|p1a: Stockdale
|-boost|p1a: Stockdale|spa|1
|-boost|p1a: Stockdale|spd|1
|move|p2a: Mr. Fluffy|Earthquake|p1a: Stockdale
|-supereffective|p1a: Stockdale
|-damage|p1a: Stockdale|0 fnt
|faint|p1a: Stockdale
|
|upkeep
|
|t:|1779575427
|switch|p1a: ANYR|Scrafty, F|100/100
|turn|11
|
|t:|1779575431
|move|p2a: Mr. Fluffy|Close Combat|p1a: ANYR
|-supereffective|p1a: ANYR
|-damage|p1a: ANYR|0 fnt
|-unboost|p2a: Mr. Fluffy|def|1
|-unboost|p2a: Mr. Fluffy|spd|1
|faint|p1a: ANYR
|
|upkeep
|
|t:|1779575433
|switch|p1a: Dup|Hoopa-Unbound|100/100
|turn|12
|
|t:|1779575439
|move|p1a: Dup|Hyperspace Fury|p2a: Mr. Fluffy
|-damage|p2a: Mr. Fluffy|0 fnt
|-unboost|p1a: Dup|def|1
|faint|p2a: Mr. Fluffy
|-end|p2a: Mr. Fluffy|Protosynthesis|[silent]
|-item|p1a: Dup|Assault Vest|[from] ability: Magician|[of] p2: Mr. Fluffy
|
|win|FosterDeno
|raw|FosterDeno's rating: 1007 &rarr; <strong>1048</strong><br />(+41 for winning)
|raw|AbleBodiedNitwit's rating: 1021 &rarr; <strong>1007</strong><br />(-14 for losing)
