|j|☆viola ~ lunala ^﹏^
|j|☆DungeonXDXD
|t:|1779630990
|gametype|singles
|player|p1|viola ~ lunala ^﹏^|misty-masters|1265
|player|p2|DungeonXDXD|170|1286
|gen|9
|tier|[Gen 9] OU
|rated|
|rule|HP Percentage Mod: HP is shown in percentages
|rule|Endless Battle Clause: Forcing endless battles is banned
|rule|Species Clause: Limit one of each Pokémon
|rule|OHKO Clause: OHKO moves are banned
|rule|Evasion Items Clause: Evasion items are banned
|rule|Evasion Moves Clause: Evasion moves are banned
|rule|Evasion Abilities Clause: Evasion abilities are banned
|rule|Sleep Moves Clause: Sleep-inducing moves are banned
|clearpoke
|poke|p1|Clefable, F|
|poke|p1|Clodsire, F|
|poke|p1|Gliscor, F|
|poke|p1|Mandibuzz, F|
|poke|p1|Alomomola, F|
|poke|p1|Dondozo, F|
|poke|p2|Glimmora, F|
|poke|p2|Armarouge, M|
|poke|p2|Dragapult, F|
|poke|p2|Quaquaval, M|
|poke|p2|Hatterene, F|
|poke|p2|Kingambit, M|
|teampreview
|inactive|Battle timer is ON: inactive players will automatically lose when time's up. (requested by viola ~ lunala ^﹏^)
|c|☆DungeonXDXD|uh
|c|☆DungeonXDXD|I won't tell you to have fun
|c|☆DungeonXDXD|good luck
|c|☆viola ~ lunala ^﹏^|Glhf!
|
|t:|1779631020
|teamsize|p1|6
|teamsize|p2|6
|start
|switch|p1a: Gliscor|Gliscor, F, shiny|100/100
|switch|p2a: Da Dude|Glimmora, F|100/100
|turn|1
|
|t:|1779631032
|move|p1a: Gliscor|Protect|p1a: Gliscor
|-singleturn|p1a: Gliscor|Protect
|move|p2a: Da Dude|Spikes|p1a: Gliscor
|-sidestart|p1: viola ~ lunala ^﹏^|Spikes
|
|-status|p1a: Gliscor|tox|[from] item: Toxic Orb
|upkeep
|turn|2
|
|t:|1779631047
|move|p2a: Da Dude|Spikes|p1a: Gliscor
|-sidestart|p1: viola ~ lunala ^﹏^|Spikes
|move|p1a: Gliscor|Knock Off|p2a: Da Dude
|-damage|p2a: Da Dude|74/100
|-activate|p2a: Da Dude|ability: Toxic Debris
|-sidestart|p1: viola ~ lunala ^﹏^|move: Toxic Spikes
|-enditem|p2a: Da Dude|Focus Sash|[from] move: Knock Off|[of] p1a: Gliscor
|
|upkeep
|turn|3
|
|t:|1779631061
|switch|p1a: Clodsire|Clodsire, F, shiny|100/100
|-sideend|p1: viola ~ lunala ^﹏^|move: Toxic Spikes|[of] p1a: Clodsire
|move|p2a: Da Dude|Power Gem|p1a: Clodsire
|-resisted|p1a: Clodsire
|-damage|p1a: Clodsire|90/100
|
|upkeep
|turn|4
|
|t:|1779631069
|switch|p2a: Not a Cat?|Dragapult, F|100/100
|move|p1a: Clodsire|Earthquake|p2a: Not a Cat?
|-damage|p2a: Not a Cat?|63/100
|
|upkeep
|turn|5
|
|t:|1779631076
|switch|p1a: Clefable|Clefable, F, shiny|100/100
|move|p2a: Not a Cat?|Dragon Darts|p1a: Clefable
|-immune|p1a: Clefable
|
|upkeep
|turn|6
|
|t:|1779631088
|switch|p2a: Not a Cat|Armarouge, M|100/100
|move|p1a: Clefable|Moonblast|p2a: Not a Cat
|-resisted|p2a: Not a Cat
|-damage|p2a: Not a Cat|82/100
|
|upkeep
|turn|7
|
|t:|1779631097
|move|p2a: Not a Cat|Calm Mind|p2a: Not a Cat
|-boost|p2a: Not a Cat|spa|1
|-boost|p2a: Not a Cat|spd|1
|move|p1a: Clefable|Thunder Wave|p2a: Not a Cat
|-status|p2a: Not a Cat|par
|
|upkeep
|turn|8
|
|t:|1779631107
|move|p1a: Clefable|Stealth Rock|p2a: Not a Cat
|-sidestart|p2: DungeonXDXD|move: Stealth Rock
|cant|p2a: Not a Cat|par
|
|upkeep
|turn|9
|
|t:|1779631116
|switch|p1a: Clodsire|Clodsire, F, shiny|90/100
|move|p2a: Not a Cat|Calm Mind|p2a: Not a Cat
|-boost|p2a: Not a Cat|spa|1
|-boost|p2a: Not a Cat|spd|1
|
|upkeep
|turn|10
|
|t:|1779631122
|-terastallize|p1a: Clodsire|Steel
|move|p2a: Not a Cat|Endure|p2a: Not a Cat
|-singleturn|p2a: Not a Cat|move: Endure
|move|p1a: Clodsire|Amnesia|p1a: Clodsire
|-boost|p1a: Clodsire|spd|2
|
|upkeep
|turn|11
|
|t:|1779631127
|cant|p2a: Not a Cat|par
|move|p1a: Clodsire|Earthquake|p2a: Not a Cat
|-supereffective|p2a: Not a Cat
|-damage|p2a: Not a Cat|25/100 par
|-ability|p2a: Not a Cat|Weak Armor|boost
|-unboost|p2a: Not a Cat|def|1
|-boost|p2a: Not a Cat|spe|2
|-enditem|p2a: Not a Cat|Weakness Policy
|-boost|p2a: Not a Cat|atk|2|[from] item: Weakness Policy
|-boost|p2a: Not a Cat|spa|2|[from] item: Weakness Policy
|
|upkeep
|turn|12
|
|t:|1779631129
|move|p2a: Not a Cat|Armor Cannon|p1a: Clodsire
|-supereffective|p1a: Clodsire
|-damage|p1a: Clodsire|57/100
|-unboost|p2a: Not a Cat|def|1
|-unboost|p2a: Not a Cat|spd|1
|move|p1a: Clodsire|Earthquake|p2a: Not a Cat
|-supereffective|p2a: Not a Cat
|-damage|p2a: Not a Cat|0 fnt
|faint|p2a: Not a Cat
|
|upkeep
|j| ultra larper
|
|t:|1779631140
|switch|p2a: Quaquaval|Quaquaval, M|100/100
|-damage|p2a: Quaquaval|94/100|[from] Stealth Rock
|turn|13
|
|t:|1779631151
|switch|p1a: Alomomola|Alomomola, F, shiny|100/100
|move|p2a: Quaquaval|Swords Dance|p2a: Quaquaval
|-boost|p2a: Quaquaval|atk|2
|
|upkeep
|turn|14
|
|t:|1779631174
|move|p2a: Quaquaval|Aqua Step|p1a: Alomomola
|-resisted|p1a: Alomomola
|-damage|p1a: Alomomola|80/100
|-boost|p2a: Quaquaval|spe|1
|move|p1a: Alomomola|Scald|p2a: Quaquaval
|-resisted|p2a: Quaquaval
|-damage|p2a: Quaquaval|86/100
|
|upkeep
|turn|15
|
|t:|1779631188
|move|p2a: Quaquaval|Swords Dance|p2a: Quaquaval
|-boost|p2a: Quaquaval|atk|2
|move|p1a: Alomomola|Scald|p2a: Quaquaval
|-resisted|p2a: Quaquaval
|-damage|p2a: Quaquaval|77/100
|
|upkeep
|turn|16
|
|t:|1779631192
|move|p2a: Quaquaval|Close Combat|p1a: Alomomola
|-damage|p1a: Alomomola|0 fnt
|-unboost|p2a: Quaquaval|def|1
|-unboost|p2a: Quaquaval|spd|1
|faint|p1a: Alomomola
|-ability|p2a: Quaquaval|Moxie|boost
|-boost|p2a: Quaquaval|atk|1
|
|upkeep
|
|t:|1779631194
|switch|p1a: Dondozo|Dondozo, F, shiny|100/100
|-damage|p1a: Dondozo|84/100|[from] Spikes
|turn|17
|
|t:|1779631203
|switch|p2a: Hatterene|Hatterene, F|100/100
|-damage|p2a: Hatterene|88/100|[from] Stealth Rock
|move|p1a: Dondozo|Curse|p1a: Dondozo
|-unboost|p1a: Dondozo|spe|1
|-boost|p1a: Dondozo|atk|1
|-boost|p1a: Dondozo|def|1
|
|-heal|p2a: Hatterene|94/100|[from] item: Leftovers
|-heal|p1a: Dondozo|90/100|[from] item: Leftovers
|upkeep
|turn|18
|
|t:|1779631210
|switch|p1a: Mandibuzz|Mandibuzz, F, shiny|100/100
|move|p2a: Hatterene|Reflect|p2a: Hatterene
|-sidestart|p2: DungeonXDXD|Reflect
|
|-heal|p2a: Hatterene|99/100|[from] item: Leftovers
|upkeep
|turn|19
|
|t:|1779631213
|move|p1a: Mandibuzz|Defog|p2a: Hatterene
|-unboost|p2a: Hatterene|evasion|1
|-sideend|p2: DungeonXDXD|Reflect
|-sideend|p2: DungeonXDXD|Stealth Rock|[from] move: Defog|[of] p1a: Mandibuzz
|-sideend|p1: viola ~ lunala ^﹏^|Spikes|[from] move: Defog|[of] p1a: Mandibuzz
|move|p2a: Hatterene|Light Screen|p2a: Hatterene
|-sidestart|p2: DungeonXDXD|move: Light Screen
|
|-heal|p2a: Hatterene|100/100|[from] item: Leftovers
|upkeep
|turn|20
|
|t:|1779631216
|move|p1a: Mandibuzz|Defog|p2a: Hatterene
|-unboost|p2a: Hatterene|evasion|1
|-sideend|p2: DungeonXDXD|move: Light Screen
|move|p2a: Hatterene|Draining Kiss|p1a: Mandibuzz
|-supereffective|p1a: Mandibuzz
|-damage|p1a: Mandibuzz|49/100
|
|upkeep
|turn|21
|
|t:|1779631223
|switch|p1a: Gliscor|Gliscor, F, shiny|100/100 tox
|move|p2a: Hatterene|Reflect|p2a: Hatterene
|-sidestart|p2: DungeonXDXD|Reflect
|
|upkeep
|turn|22
|
|t:|1779631234
|move|p1a: Gliscor|Knock Off|p2a: Hatterene
|-damage|p2a: Hatterene|88/100
|-enditem|p2a: Hatterene|Leftovers|[from] move: Knock Off|[of] p1a: Gliscor
|move|p2a: Hatterene|Light Screen|p2a: Hatterene
|-sidestart|p2: DungeonXDXD|move: Light Screen
|
|upkeep
|turn|23
|
|t:|1779631239
|switch|p2a: Quaquaval|Quaquaval, M|77/100
|move|p1a: Gliscor|Knock Off|p2a: Quaquaval
|-resisted|p2a: Quaquaval
|-damage|p2a: Quaquaval|70/100
|-enditem|p2a: Quaquaval|Sitrus Berry|[from] move: Knock Off|[of] p1a: Gliscor
|
|upkeep
|turn|24
|
|t:|1779631252
|switch|p1a: Dondozo|Dondozo, F, shiny|90/100
|move|p2a: Quaquaval|Close Combat|p1a: Dondozo
|-crit|p1a: Dondozo
|-damage|p1a: Dondozo|54/100
|-unboost|p2a: Quaquaval|def|1
|-unboost|p2a: Quaquaval|spd|1
|
|-heal|p1a: Dondozo|60/100|[from] item: Leftovers
|upkeep
|turn|25
|
|t:|1779631260
|switch|p2a: Da Dude|Glimmora, F|74/100
|move|p1a: Dondozo|Rest|p1a: Dondozo
|-status|p1a: Dondozo|slp|[from] move: Rest
|-heal|p1a: Dondozo|100/100 slp|[silent]
|
|-sideend|p2: DungeonXDXD|Reflect
|upkeep
|turn|26
|
|t:|1779631272
|switch|p1a: Clodsire|Clodsire, F, shiny, tera:Steel|57/100
|-terastallize|p2a: Da Dude|Grass
|move|p2a: Da Dude|Energy Ball|p1a: Clodsire
|-resisted|p1a: Clodsire
|-damage|p1a: Clodsire|44/100
|
|-sideend|p2: DungeonXDXD|move: Light Screen
|upkeep
|turn|27
|
|t:|1779631280
|move|p2a: Da Dude|Power Gem|p1a: Clodsire
|-resisted|p1a: Clodsire
|-damage|p1a: Clodsire|33/100
|move|p1a: Clodsire|Recover|p1a: Clodsire
|-heal|p1a: Clodsire|83/100
|
|upkeep
|turn|28
|
|t:|1779631288
|move|p2a: Da Dude|Spikes|p1a: Clodsire
|-sidestart|p1: viola ~ lunala ^﹏^|Spikes
|move|p1a: Clodsire|Toxic|p2a: Da Dude
|-status|p2a: Da Dude|tox
|
|-damage|p2a: Da Dude|68/100 tox|[from] psn
|upkeep
|turn|29
|
|t:|1779631294
|switch|p2a: Hatterene|Hatterene, F|88/100
|move|p1a: Clodsire|Earthquake|p2a: Hatterene
|-damage|p2a: Hatterene|59/100
|
|upkeep
|turn|30
|
|t:|1779631303
|move|p2a: Hatterene|Draining Kiss|p1a: Clodsire
|-resisted|p1a: Clodsire
|-damage|p1a: Clodsire|75/100
|-heal|p2a: Hatterene|68/100|[from] drain|[of] p1a: Clodsire
|move|p1a: Clodsire|Amnesia|p1a: Clodsire
|-boost|p1a: Clodsire|spd|2
|
|upkeep
|turn|31
|
|t:|1779631307
|move|p2a: Hatterene|Reflect|p2a: Hatterene
|-sidestart|p2: DungeonXDXD|Reflect
|move|p1a: Clodsire|Earthquake|p2a: Hatterene
|-crit|p2a: Hatterene
|-damage|p2a: Hatterene|23/100
|
|upkeep
|turn|32
|
|t:|1779631313
|move|p2a: Hatterene|Light Screen|p2a: Hatterene
|-sidestart|p2: DungeonXDXD|move: Light Screen
|move|p1a: Clodsire|Earthquake|p2a: Hatterene
|-damage|p2a: Hatterene|7/100
|
|upkeep
|turn|33
|
|t:|1779631321
|switch|p2a: Quaquaval|Quaquaval, M|70/100
|move|p1a: Clodsire|Recover|p1a: Clodsire
|-heal|p1a: Clodsire|100/100
|
|upkeep
|turn|34
|
|t:|1779631327
|switch|p1a: Dondozo|Dondozo, F, shiny|100/100 slp
|-damage|p1a: Dondozo|88/100 slp|[from] Spikes
|move|p2a: Quaquaval|Close Combat|p1a: Dondozo
|-damage|p1a: Dondozo|60/100 slp
|-unboost|p2a: Quaquaval|def|1
|-unboost|p2a: Quaquaval|spd|1
|
|-heal|p1a: Dondozo|67/100 slp|[from] item: Leftovers
|upkeep
|turn|35
|
|t:|1779631354
|switch|p2a: Kingambit|Kingambit, M|100/100
|-activate|p2a: Kingambit|ability: Supreme Overlord
|-start|p2a: Kingambit|fallen1|[silent]
|cant|p1a: Dondozo|slp
|move|p1a: Dondozo|Sleep Talk|p1a: Dondozo
|move|p1a: Dondozo|Waterfall|p2a: Kingambit|[from] move: Sleep Talk
|-damage|p2a: Kingambit|90/100
|
|-heal|p2a: Kingambit|96/100|[from] item: Leftovers
|-heal|p1a: Dondozo|73/100 slp|[from] item: Leftovers
|-sideend|p2: DungeonXDXD|Reflect
|upkeep
|turn|36
|
|t:|1779631365
|move|p2a: Kingambit|Kowtow Cleave|p1a: Dondozo
|-damage|p1a: Dondozo|47/100 slp
|cant|p1a: Dondozo|slp
|move|p1a: Dondozo|Sleep Talk|p1a: Dondozo
|move|p1a: Dondozo|Rest||[from] move: Sleep Talk|[still]
|-fail|p1a: Dondozo
|
|-heal|p2a: Kingambit|100/100|[from] item: Leftovers
|-heal|p1a: Dondozo|53/100 slp|[from] item: Leftovers
|-sideend|p2: DungeonXDXD|move: Light Screen
|upkeep
|turn|37
|
|t:|1779631373
|move|p2a: Kingambit|Kowtow Cleave|p1a: Dondozo
|-damage|p1a: Dondozo|29/100 slp
|-curestatus|p1a: Dondozo|slp|[msg]
|move|p1a: Dondozo|Rest|p1a: Dondozo
|-status|p1a: Dondozo|slp|[from] move: Rest
|-heal|p1a: Dondozo|100/100 slp|[silent]
|
|upkeep
|turn|38
|
|t:|1779631381
|move|p2a: Kingambit|Kowtow Cleave|p1a: Dondozo
|-damage|p1a: Dondozo|76/100 slp
|cant|p1a: Dondozo|slp
|move|p1a: Dondozo|Sleep Talk|p1a: Dondozo
|move|p1a: Dondozo|Waterfall|p2a: Kingambit|[from] move: Sleep Talk
|-damage|p2a: Kingambit|81/100
|
|-heal|p2a: Kingambit|87/100|[from] item: Leftovers
|-heal|p1a: Dondozo|82/100 slp|[from] item: Leftovers
|upkeep
|turn|39
|
|t:|1779631390
|move|p2a: Kingambit|Kowtow Cleave|p1a: Dondozo
|-damage|p1a: Dondozo|59/100 slp
|cant|p1a: Dondozo|slp
|move|p1a: Dondozo|Sleep Talk|p1a: Dondozo
|move|p1a: Dondozo|Waterfall|p2a: Kingambit|[from] move: Sleep Talk
|-damage|p2a: Kingambit|67/100
|
|-heal|p2a: Kingambit|73/100|[from] item: Leftovers
|-heal|p1a: Dondozo|66/100 slp|[from] item: Leftovers
|upkeep
|turn|40
|
|t:|1779631395
|-end|p2a: Kingambit|fallen1|[silent]
|switch|p2a: Da Dude|Glimmora, F, tera:Grass|68/100 tox
|-curestatus|p1a: Dondozo|slp|[msg]
|move|p1a: Dondozo|Curse|p1a: Dondozo
|-unboost|p1a: Dondozo|spe|1
|-boost|p1a: Dondozo|atk|1
|-boost|p1a: Dondozo|def|1
|
|-heal|p1a: Dondozo|72/100|[from] item: Leftovers
|-damage|p2a: Da Dude|61/100 tox|[from] psn
|upkeep
|turn|41
|
|t:|1779631409
|switch|p1a: Mandibuzz|Mandibuzz, F, shiny|49/100
|move|p2a: Da Dude|Energy Ball|p1a: Mandibuzz
|-resisted|p1a: Mandibuzz
|-damage|p1a: Mandibuzz|29/100
|
|-damage|p2a: Da Dude|49/100 tox|[from] psn
|upkeep
|turn|42
|
|t:|1779631418
|switch|p1a: Clodsire|Clodsire, F, shiny, tera:Steel|100/100
|move|p2a: Da Dude|Power Gem|p1a: Clodsire
|-resisted|p1a: Clodsire
|-damage|p1a: Clodsire|90/100
|
|-damage|p2a: Da Dude|30/100 tox|[from] psn
|upkeep
|turn|43
|
|t:|1779631421
|move|p2a: Da Dude|Spikes|p1a: Clodsire
|-sidestart|p1: viola ~ lunala ^﹏^|Spikes
|move|p1a: Clodsire|Earthquake|p2a: Da Dude
|-resisted|p2a: Da Dude
|-damage|p2a: Da Dude|14/100 tox
|-activate|p2a: Da Dude|ability: Toxic Debris
|-sidestart|p1: viola ~ lunala ^﹏^|move: Toxic Spikes
|
|-damage|p2a: Da Dude|0 fnt|[from] psn
|faint|p2a: Da Dude
|upkeep
|
|t:|1779631434
|switch|p2a: Quaquaval|Quaquaval, M|70/100
|turn|44
|
|t:|1779631441
|move|p2a: Quaquaval|Close Combat|p1a: Clodsire
|-supereffective|p1a: Clodsire
|-damage|p1a: Clodsire|0 fnt
|-unboost|p2a: Quaquaval|def|1
|-unboost|p2a: Quaquaval|spd|1
|faint|p1a: Clodsire
|-ability|p2a: Quaquaval|Moxie|boost
|-boost|p2a: Quaquaval|atk|1
|
|upkeep
|
|t:|1779631444
|switch|p1a: Dondozo|Dondozo, F, shiny|72/100
|-damage|p1a: Dondozo|55/100|[from] Spikes
|-status|p1a: Dondozo|psn
|turn|45
|c|☆viola ~ lunala ^﹏^|I missclicked
|c|☆viola ~ lunala ^﹏^|Ggs
|c|☆DungeonXDXD|yeah saw that
|-message|viola ~ lunala ^﹏^ forfeited.
|
|win|DungeonXDXD
|raw|viola ~ lunala ^﹏^'s rating: 1242 &rarr; <strong>1220</strong><br />(-22 for losing)
|raw|DungeonXDXD's rating: 1286 &rarr; <strong>1308</strong><br />(+22 for winning)
|c|☆DungeonXDXD|wait what
|l| ultra larper
|c|☆viola ~ lunala ^﹏^|Cant keep rest up foerevor
|j| Ettche
|l|☆viola ~ lunala ^﹏^
|player|p1|
|c|☆DungeonXDXD|I see.
|l| Ettche
|c|☆DungeonXDXD|I WOOON
