|j|☆Jol Bol
|j|☆Salocin99
|t:|1779640118
|gametype|singles
|player|p1|Jol Bol|1|1229
|player|p2|Salocin99|2|1194
|gen|9
|tier|[Gen 9] OU
|rated|
|rule|HP Percentage Mod: HP is shown in percentages
|rule|Endless Battle Clause: Forcing endless battles is banned
|rule|Species Clause: Limit one of each Pokémon
|rule|OHKO Clause: OHKO moves are banned
|rule|Evasion Items Clause: Evasion items are banned
|rule|Evasion Moves Clause: Evasion moves are banned
|rule|Evasion Abilities Clause: Evasion abilities are banned
|rule|Sleep Moves Clause: Sleep-inducing moves are banned
|clearpoke
|poke|p1|Cinderace, F|
|poke|p1|Rillaboom, M|
|poke|p1|Barraskewda, F|
|poke|p1|Corviknight, M|
|poke|p1|Hatterene, F|
|poke|p1|Dragapult, M|
|poke|p2|Garchomp, M|
|poke|p2|Hitmontop, M|
|poke|p2|Gyarados, M|
|poke|p2|Spiritomb, F|
|poke|p2|Arcanine-Hisui, F|
|poke|p2|Dragalge, F|
|teampreview
|inactive|Battle timer is ON: inactive players will automatically lose when time's up. (requested by Jol Bol)
|
|t:|1779640135
|teamsize|p1|6
|teamsize|p2|6
|start
|switch|p1a: Hatterene|Hatterene, F|100/100
|switch|p2a: Garchomp|Garchomp, M|100/100
|turn|1
|
|t:|1779640147
|switch|p2a: Arcanine|Arcanine-Hisui, F|100/100
|switch|p1a: Corviknight|Corviknight, M, shiny|100/100
|
|upkeep
|turn|2
|
|t:|1779640166
|move|p2a: Arcanine|Flare Blitz|p1a: Corviknight
|-supereffective|p1a: Corviknight
|-damage|p1a: Corviknight|0 fnt
|-damage|p2a: Arcanine|84/100|[from] item: Rocky Helmet|[of] p1a: Corviknight
|faint|p1a: Corviknight
|
|upkeep
|
|t:|1779640178
|switch|p1a: Barraskewda|Barraskewda, F|100/100
|turn|3
|
|t:|1779640181
|switch|p2a: Garchomp|Garchomp, M|100/100
|move|p1a: Barraskewda|Drill Run|p2a: Garchomp
|-damage|p2a: Garchomp|75/100
|-damage|p1a: Barraskewda|88/100|[from] ability: Rough Skin|[of] p2a: Garchomp
|-damage|p1a: Barraskewda|72/100|[from] item: Rocky Helmet|[of] p2a: Garchomp
|
|upkeep
|turn|4
|
|t:|1779640194
|switch|p1a: Hatterene|Hatterene, F|100/100
|move|p2a: Garchomp|Earthquake|p1a: Hatterene
|-damage|p1a: Hatterene|49/100
|
|upkeep
|turn|5
|
|t:|1779640198
|move|p2a: Garchomp|Earthquake|p1a: Hatterene
|-damage|p1a: Hatterene|4/100
|move|p1a: Hatterene|Draining Kiss|p2a: Garchomp
|-supereffective|p2a: Garchomp
|-damage|p2a: Garchomp|28/100
|-heal|p1a: Hatterene|51/100|[from] drain|[of] p2a: Garchomp
|-damage|p1a: Hatterene|39/100|[from] ability: Rough Skin|[of] p2a: Garchomp
|-damage|p1a: Hatterene|22/100|[from] item: Rocky Helmet|[of] p2a: Garchomp
|
|upkeep
|turn|6
|
|t:|1779640208
|switch|p1a: Rillaboom|Rillaboom, M|100/100
|-fieldstart|move: Grassy Terrain|[from] ability: Grassy Surge|[of] p1a: Rillaboom
|move|p2a: Garchomp|Earthquake|p1a: Rillaboom
|-resisted|p1a: Rillaboom
|-damage|p1a: Rillaboom|90/100
|
|-heal|p2a: Garchomp|35/100|[from] Grassy Terrain
|-heal|p1a: Rillaboom|96/100|[from] Grassy Terrain
|upkeep
|turn|7
|
|t:|1779640215
|move|p1a: Rillaboom|Grassy Glide|p2a: Garchomp
|-damage|p2a: Garchomp|11/100
|-damage|p1a: Rillaboom|84/100|[from] ability: Rough Skin|[of] p2a: Garchomp
|-damage|p1a: Rillaboom|67/100|[from] item: Rocky Helmet|[of] p2a: Garchomp
|move|p2a: Garchomp|Dragon Tail|p1a: Rillaboom|[miss]
|-miss|p2a: Garchomp|p1a: Rillaboom
|
|-heal|p2a: Garchomp|18/100|[from] Grassy Terrain
|-heal|p1a: Rillaboom|73/100|[from] Grassy Terrain
|upkeep
|turn|8
|
|t:|1779640224
|move|p2a: Garchomp|Endure|p2a: Garchomp
|-singleturn|p2a: Garchomp|move: Endure
|move|p1a: Rillaboom|Grassy Glide|p2a: Garchomp
|-activate|p2a: Garchomp|move: Endure
|-damage|p2a: Garchomp|1/100
|-damage|p1a: Rillaboom|61/100|[from] ability: Rough Skin|[of] p2a: Garchomp
|-damage|p1a: Rillaboom|44/100|[from] item: Rocky Helmet|[of] p2a: Garchomp
|
|-heal|p2a: Garchomp|7/100|[from] Grassy Terrain
|-heal|p1a: Rillaboom|50/100|[from] Grassy Terrain
|upkeep
|turn|9
|
|t:|1779640233
|move|p1a: Rillaboom|Grassy Glide|p2a: Garchomp
|-damage|p2a: Garchomp|0 fnt
|-damage|p1a: Rillaboom|38/100|[from] ability: Rough Skin|[of] p2a: Garchomp
|-damage|p1a: Rillaboom|21/100|[from] item: Rocky Helmet|[of] p2a: Garchomp
|faint|p2a: Garchomp
|
|-heal|p1a: Rillaboom|28/100|[from] Grassy Terrain
|upkeep
|
|t:|1779640241
|switch|p2a: Hitmontop|Hitmontop, M|100/100
|-ability|p2a: Hitmontop|Intimidate|boost
|-unboost|p1a: Rillaboom|atk|1
|turn|10
|
|t:|1779640248
|switch|p1a: Hatterene|Hatterene, F|22/100
|move|p2a: Hitmontop|Rapid Spin|p1a: Hatterene
|-damage|p1a: Hatterene|6/100
|-boost|p2a: Hitmontop|spe|1
|
|-heal|p1a: Hatterene|12/100|[from] Grassy Terrain
|upkeep
|turn|11
|
|t:|1779640256
|move|p2a: Hitmontop|Rapid Spin|p1a: Hatterene
|-damage|p1a: Hatterene|0 fnt
|-boost|p2a: Hitmontop|spe|1
|faint|p1a: Hatterene
|
|upkeep
|
|t:|1779640266
|switch|p1a: Dragapult|Dragapult, M|100/100
|turn|12
|
|t:|1779640272
|move|p1a: Dragapult|Draco Meteor|p2a: Hitmontop
|-crit|p2a: Hitmontop
|-damage|p2a: Hitmontop|0 fnt
|-unboost|p1a: Dragapult|spa|2
|faint|p2a: Hitmontop
|
|upkeep
|
|t:|1779640277
|switch|p2a: Arcanine|Arcanine-Hisui, F|84/100
|turn|13
|
|t:|1779640283
|switch|p1a: Rillaboom|Rillaboom, M|28/100
|move|p2a: Arcanine|Head Smash|p1a: Rillaboom
|-damage|p1a: Rillaboom|0 fnt
|faint|p1a: Rillaboom
|
|-heal|p2a: Arcanine|90/100|[from] Grassy Terrain
|-fieldend|move: Grassy Terrain
|upkeep
|
|t:|1779640289
|switch|p1a: Barraskewda|Barraskewda, F|72/100
|turn|14
|
|t:|1779640302
|move|p1a: Barraskewda|Liquidation|p2a: Arcanine
|-supereffective|p2a: Arcanine
|-damage|p2a: Arcanine|0 fnt
|faint|p2a: Arcanine
|
|upkeep
|
|t:|1779640325
|switch|p2a: Gyarados|Gyarados, M|100/100
|turn|15
|
|t:|1779640331
|switch|p1a: Dragapult|Dragapult, M|100/100
|move|p2a: Gyarados|Dragon Dance|p2a: Gyarados
|-boost|p2a: Gyarados|atk|1
|-boost|p2a: Gyarados|spe|1
|
|upkeep
|turn|16
|
|t:|1779640336
|-terastallize|p2a: Gyarados|Ground
|move|p2a: Gyarados|Earthquake|p1a: Dragapult
|-damage|p1a: Dragapult|0 fnt
|faint|p1a: Dragapult
|-ability|p2a: Gyarados|Moxie|boost
|-boost|p2a: Gyarados|atk|1
|
|upkeep
|
|t:|1779640341
|switch|p1a: Barraskewda|Barraskewda, F|72/100
|turn|17
|
|t:|1779640344
|move|p2a: Gyarados|Earthquake|p1a: Barraskewda
|-crit|p1a: Barraskewda
|-damage|p1a: Barraskewda|0 fnt
|faint|p1a: Barraskewda
|-ability|p2a: Gyarados|Moxie|boost
|-boost|p2a: Gyarados|atk|1
|
|upkeep
|-message|Jol Bol forfeited.
|
|win|Salocin99
|raw|Jol Bol's rating: 1229 &rarr; <strong>1201</strong><br />(-28 for losing)
|raw|Salocin99's rating: 1194 &rarr; <strong>1222</strong><br />(+28 for winning)
|l|☆Jol Bol
|player|p1|
|l|☆Salocin99
|player|p2|
