|j|☆ZUIWAZUIWA
|j|☆ari_nowhere
|t:|1779590594
|gametype|singles
|player|p1|ZUIWAZUIWA|ash-capbackward|1000
|player|p2|ari_nowhere|caitlin|1040
|gen|9
|tier|[Gen 9] OU
|rated|
|rule|HP Percentage Mod: HP is shown in percentages
|rule|Endless Battle Clause: Forcing endless battles is banned
|rule|Species Clause: Limit one of each Pokémon
|rule|OHKO Clause: OHKO moves are banned
|rule|Evasion Items Clause: Evasion items are banned
|rule|Evasion Moves Clause: Evasion moves are banned
|rule|Evasion Abilities Clause: Evasion abilities are banned
|rule|Sleep Moves Clause: Sleep-inducing moves are banned
|clearpoke
|poke|p1|Tyranitar, F|
|poke|p1|Gliscor, F|
|poke|p1|Goodra-Hisui, M|
|poke|p1|Serperior, M|
|poke|p1|Gengar, F|
|poke|p1|Sandslash, M|
|poke|p2|Pikachu, F|
|poke|p2|Plusle, F|
|poke|p2|Raichu-Alola, F|
|poke|p2|Whimsicott, F|
|poke|p2|Wigglytuff, M|
|poke|p2|Zangoose, M|
|teampreview
|
|t:|1779590615
|teamsize|p1|6
|teamsize|p2|6
|start
|switch|p1a: Tyranitar|Tyranitar, F|100/100
|switch|p2a: Pikachu|Pikachu, F|100/100
|-weather|Sandstorm|[from] ability: Sand Stream|[of] p1a: Tyranitar
|turn|1
|
|t:|1779590627
|-terastallize|p2a: Pikachu|Electric
|move|p2a: Pikachu|Grass Knot|p1a: Tyranitar
|-supereffective|p1a: Tyranitar
|-damage|p1a: Tyranitar|81/100
|move|p1a: Tyranitar|Stealth Rock|p2a: Pikachu
|-sidestart|p2: ari_nowhere|move: Stealth Rock
|
|-weather|Sandstorm|[upkeep]
|-damage|p2a: Pikachu|94/100|[from] Sandstorm
|upkeep
|turn|2
|
|t:|1779590642
|switch|p1a: Serperior|Serperior, M|100/100
|-singleturn|p2a: Pikachu|move: Focus Punch
|move|p2a: Pikachu|Focus Punch|p1a: Serperior
|-damage|p1a: Serperior|68/100
|
|-weather|Sandstorm|[upkeep]
|-damage|p1a: Serperior|62/100|[from] Sandstorm
|-damage|p2a: Pikachu|88/100|[from] Sandstorm
|-heal|p1a: Serperior|68/100|[from] item: Leftovers
|upkeep
|turn|3
|
|t:|1779590661
|move|p1a: Serperior|Leaf Storm|p2a: Pikachu
|-damage|p2a: Pikachu|0 fnt
|-boost|p1a: Serperior|spa|2
|faint|p2a: Pikachu
|
|-weather|Sandstorm|[upkeep]
|-damage|p1a: Serperior|62/100|[from] Sandstorm
|-heal|p1a: Serperior|68/100|[from] item: Leftovers
|upkeep
|
|t:|1779590670
|switch|p2a: Whimsicott|Whimsicott, F, shiny|100/100
|-damage|p2a: Whimsicott|88/100|[from] Stealth Rock
|turn|4
|
|t:|1779590681
|-terastallize|p1a: Serperior|Poison
|move|p2a: Whimsicott|Hurricane|p1a: Serperior|[miss]
|-miss|p2a: Whimsicott|p1a: Serperior
|move|p1a: Serperior|Leaf Storm|p2a: Whimsicott
|-resisted|p2a: Whimsicott
|-damage|p2a: Whimsicott|35/100
|-boost|p1a: Serperior|spa|2
|
|-weather|Sandstorm|[upkeep]
|-damage|p2a: Whimsicott|29/100|[from] Sandstorm
|-damage|p1a: Serperior|62/100|[from] Sandstorm
|-heal|p1a: Serperior|68/100|[from] item: Leftovers
|upkeep
|turn|5
|
|t:|1779590697
|move|p2a: Whimsicott|Leech Seed|p1a: Serperior
|-start|p1a: Serperior|move: Leech Seed
|move|p1a: Serperior|Leaf Storm|p2a: Whimsicott
|-resisted|p2a: Whimsicott
|-damage|p2a: Whimsicott|0 fnt
|-boost|p1a: Serperior|spa|2
|faint|p2a: Whimsicott
|
|-weather|Sandstorm|[upkeep]
|-damage|p1a: Serperior|62/100|[from] Sandstorm
|-heal|p1a: Serperior|68/100|[from] item: Leftovers
|upkeep
|
|t:|1779590709
|switch|p2a: Wigglytuff|Wigglytuff, M|100/100
|-damage|p2a: Wigglytuff|88/100|[from] Stealth Rock
|turn|6
|
|t:|1779590719
|move|p1a: Serperior|Leaf Storm|p2a: Wigglytuff
|-damage|p2a: Wigglytuff|0 fnt
|faint|p2a: Wigglytuff
|
|-weather|Sandstorm|[upkeep]
|-damage|p1a: Serperior|62/100|[from] Sandstorm
|-heal|p1a: Serperior|68/100|[from] item: Leftovers
|upkeep
|
|t:|1779590727
|switch|p2a: Zangoose|Zangoose, M|100/100
|-damage|p2a: Zangoose|88/100|[from] Stealth Rock
|turn|7
|inactive|Battle timer is ON: inactive players will automatically lose when time's up. (requested by ZUIWAZUIWA)
|
|t:|1779590735
|move|p1a: Serperior|Leaf Storm|p2a: Zangoose
|-crit|p2a: Zangoose
|-damage|p2a: Zangoose|0 fnt
|faint|p2a: Zangoose
|
|-weather|Sandstorm|[upkeep]
|-damage|p1a: Serperior|62/100|[from] Sandstorm
|-heal|p1a: Serperior|68/100|[from] item: Leftovers
|upkeep
|
|t:|1779590744
|switch|p2a: Plusle|Plusle, F, shiny|100/100
|-damage|p2a: Plusle|88/100|[from] Stealth Rock
|turn|8
|
|t:|1779590753
|move|p1a: Serperior|Leaf Storm|p2a: Plusle|[miss]
|-miss|p1a: Serperior|p2a: Plusle
|move|p2a: Plusle|Thunder|p1a: Serperior|[miss]
|-miss|p2a: Plusle|p1a: Serperior
|
|-weather|none
|-heal|p1a: Serperior|75/100|[from] item: Leftovers
|-damage|p1a: Serperior|62/100|[from] Leech Seed|[of] p2a: Plusle
|-heal|p2a: Plusle|100/100|[silent]
|upkeep
|turn|9
|
|t:|1779590767
|move|p1a: Serperior|Leaf Storm|p2a: Plusle|[miss]
|-miss|p1a: Serperior|p2a: Plusle
|move|p2a: Plusle|Thunder|p1a: Serperior
|-damage|p1a: Serperior|21/100
|
|-heal|p1a: Serperior|28/100|[from] item: Leftovers
|-damage|p1a: Serperior|15/100|[from] Leech Seed|[of] p2a: Plusle
|upkeep
|turn|10
|
|t:|1779590777
|move|p2a: Plusle|Protect|p2a: Plusle
|-singleturn|p2a: Plusle|Protect
|move|p1a: Serperior|Leaf Storm|p2a: Plusle
|-activate|p2a: Plusle|move: Protect
|
|-heal|p1a: Serperior|21/100|[from] item: Leftovers
|-damage|p1a: Serperior|9/100|[from] Leech Seed|[of] p2a: Plusle
|upkeep
|turn|11
|
|t:|1779590787
|move|p2a: Plusle|Protect|p2a: Plusle
|-singleturn|p2a: Plusle|Protect
|move|p1a: Serperior|Leech Seed|p2a: Plusle
|-activate|p2a: Plusle|move: Protect
|
|-heal|p1a: Serperior|15/100|[from] item: Leftovers
|-damage|p1a: Serperior|3/100|[from] Leech Seed|[of] p2a: Plusle
|upkeep
|turn|12
|
|t:|1779590797
|move|p1a: Serperior|Leech Seed|p2a: Plusle
|-start|p2a: Plusle|move: Leech Seed
|move|p2a: Plusle|Play Rough|p1a: Serperior
|-resisted|p1a: Serperior
|-damage|p1a: Serperior|0 fnt
|faint|p1a: Serperior
|
|upkeep
|
|t:|1779590806
|switch|p1a: Tyranitar|Tyranitar, F|81/100
|-weather|Sandstorm|[from] ability: Sand Stream|[of] p1a: Tyranitar
|turn|13
|
|t:|1779590811
|switch|p1a: Sandslash|Sandslash, M|100/100
|move|p2a: Plusle|Grass Knot|p1a: Sandslash
|-supereffective|p1a: Sandslash
|-damage|p1a: Sandslash|39/100
|
|-weather|Sandstorm|[upkeep]
|-damage|p2a: Plusle|94/100|[from] Sandstorm
|-damage|p2a: Plusle|82/100|[from] Leech Seed|[of] p1a: Sandslash
|-heal|p1a: Sandslash|50/100|[silent]
|upkeep
|turn|14
|
|t:|1779590825
|move|p1a: Sandslash|Earthquake|p2a: Plusle
|-supereffective|p2a: Plusle
|-damage|p2a: Plusle|0 fnt
|faint|p2a: Plusle
|
|-weather|Sandstorm|[upkeep]
|upkeep
|
|t:|1779590833
|switch|p2a: Raichu|Raichu-Alola, F|100/100
|-damage|p2a: Raichu|88/100|[from] Stealth Rock
|turn|15
|
|t:|1779590841
|move|p1a: Sandslash|Earthquake|p2a: Raichu
|-supereffective|p2a: Raichu
|-damage|p2a: Raichu|0 fnt
|faint|p2a: Raichu
|
|win|ZUIWAZUIWA
|raw|ZUIWAZUIWA's rating: 1000 &rarr; <strong>1045</strong><br />(+45 for winning)
|raw|ari_nowhere's rating: 1040 &rarr; <strong>1022</strong><br />(-18 for losing)
|l|☆ari_nowhere
|player|p2|
