|j|☆plsbringregi
|j|☆11thtiergbone
|t:|1779581634
|gametype|singles
|player|p1|plsbringregi|101|1541
|player|p2|11thtiergbone|delinquent|1599
|gen|9
|tier|[Gen 9] OU
|rated|
|rule|HP Percentage Mod: HP is shown in percentages
|rule|Endless Battle Clause: Forcing endless battles is banned
|rule|Species Clause: Limit one of each Pokémon
|rule|OHKO Clause: OHKO moves are banned
|rule|Evasion Items Clause: Evasion items are banned
|rule|Evasion Moves Clause: Evasion moves are banned
|rule|Evasion Abilities Clause: Evasion abilities are banned
|rule|Sleep Moves Clause: Sleep-inducing moves are banned
|clearpoke
|poke|p1|Walking Wake|
|poke|p1|Glimmora, F|
|poke|p1|Gliscor, M|
|poke|p1|Iron Valiant|
|poke|p1|Gholdengo|
|poke|p1|Moltres|
|poke|p2|Keldeo|
|poke|p2|Cinderace, F|
|poke|p2|Sinistcha|
|poke|p2|Iron Valiant|
|poke|p2|Gholdengo|
|poke|p2|Tyranitar, F|
|teampreview
|inactive|Battle timer is ON: inactive players will automatically lose when time's up. (requested by 11thtiergbone)
|
|t:|1779581642
|teamsize|p1|6
|teamsize|p2|6
|start
|switch|p1a: Glimmora|Glimmora, F|100/100
|switch|p2a: Keldeo|Keldeo|100/100
|turn|1
|
|t:|1779581661
|move|p2a: Keldeo|Surf|p1a: Glimmora
|-supereffective|p1a: Glimmora
|-enditem|p1a: Glimmora|Focus Sash
|-damage|p1a: Glimmora|1/100
|move|p1a: Glimmora|Stealth Rock|p2a: Keldeo
|-sidestart|p2: 11thtiergbone|move: Stealth Rock
|
|upkeep
|turn|2
|
|t:|1779581674
|switch|p1a: Walking Wake|Walking Wake|100/100
|move|p2a: Keldeo|Vacuum Wave|p1a: Walking Wake
|-damage|p1a: Walking Wake|76/100
|
|upkeep
|turn|3
|
|t:|1779581699
|switch|p2a: Tyranitar|Tyranitar, F|100/100
|-damage|p2a: Tyranitar|88/100|[from] Stealth Rock
|-weather|Sandstorm|[from] ability: Sand Stream|[of] p2a: Tyranitar
|move|p1a: Walking Wake|Draco Meteor|p2a: Tyranitar
|-damage|p2a: Tyranitar|62/100
|-unboost|p1a: Walking Wake|spa|2
|
|-weather|Sandstorm|[upkeep]
|-damage|p1a: Walking Wake|70/100|[from] Sandstorm
|upkeep
|turn|4
|
|t:|1779581712
|switch|p2a: Keldeo|Keldeo|100/100
|-damage|p2a: Keldeo|94/100|[from] Stealth Rock
|move|p1a: Walking Wake|Flip Turn|p2a: Keldeo
|-resisted|p2a: Keldeo
|-damage|p2a: Keldeo|85/100
|inactive|plsbringregi has 120 seconds left.
|
|t:|1779581752
|-end|p1a: Walking Wake|Protosynthesis|[silent]
|switch|p1a: Gholdengo|Gholdengo|100/100|[from] Flip Turn
|
|-weather|Sandstorm|[upkeep]
|-damage|p2a: Keldeo|79/100|[from] Sandstorm
|-heal|p2a: Keldeo|85/100|[from] item: Leftovers
|upkeep
|turn|5
|
|t:|1779581758
|switch|p2a: Gholdengo|Gholdengo|100/100
|-damage|p2a: Gholdengo|94/100|[from] Stealth Rock
|move|p1a: Gholdengo|Shadow Ball|p2a: Gholdengo
|-supereffective|p2a: Gholdengo
|-damage|p2a: Gholdengo|0 fnt
|faint|p2a: Gholdengo
|
|-weather|Sandstorm|[upkeep]
|upkeep
|
|t:|1779581762
|switch|p2a: Cinderace|Cinderace, F|100/100
|-damage|p2a: Cinderace|76/100|[from] Stealth Rock
|turn|6
|
|t:|1779581770
|switch|p1a: Glimmora|Glimmora, F|1/100
|move|p2a: Cinderace|Court Change|p2a: Cinderace
|-swapsideconditions
|-activate|p2a: Cinderace|move: Court Change
|
|-weather|Sandstorm|[upkeep]
|-damage|p2a: Cinderace|70/100|[from] Sandstorm
|upkeep
|turn|7
|
|t:|1779581777
|switch|p2a: Keldeo|Keldeo|85/100
|move|p1a: Glimmora|Power Gem|p2a: Keldeo
|-resisted|p2a: Keldeo
|-damage|p2a: Keldeo|60/100
|
|-weather|none
|-heal|p2a: Keldeo|66/100|[from] item: Leftovers
|upkeep
|turn|8
|
|t:|1779581787
|switch|p1a: Gholdengo|Gholdengo|100/100
|-damage|p1a: Gholdengo|94/100|[from] Stealth Rock
|move|p2a: Keldeo|Surf|p1a: Gholdengo
|-crit|p1a: Gholdengo
|-damage|p1a: Gholdengo|0 fnt
|faint|p1a: Gholdengo
|
|-heal|p2a: Keldeo|72/100|[from] item: Leftovers
|upkeep
|
|t:|1779581794
|switch|p1a: Walking Wake|Walking Wake|70/100
|turn|9
|
|t:|1779581801
|switch|p2a: Tyranitar|Tyranitar, F|62/100
|-weather|Sandstorm|[from] ability: Sand Stream|[of] p2a: Tyranitar
|move|p1a: Walking Wake|Draco Meteor|p2a: Tyranitar
|-damage|p2a: Tyranitar|33/100
|-unboost|p1a: Walking Wake|spa|2
|
|-weather|Sandstorm|[upkeep]
|-damage|p1a: Walking Wake|63/100|[from] Sandstorm
|upkeep
|turn|10
|
|t:|1779581807
|move|p1a: Walking Wake|Flip Turn|p2a: Tyranitar
|-supereffective|p2a: Tyranitar
|-damage|p2a: Tyranitar|5/100
|
|t:|1779581812
|-end|p1a: Walking Wake|Protosynthesis|[silent]
|switch|p1a: Gliscor|Gliscor, M|100/100|[from] Flip Turn
|-damage|p1a: Gliscor|88/100|[from] Stealth Rock
|move|p2a: Tyranitar|Knock Off|p1a: Gliscor
|-damage|p1a: Gliscor|40/100
|-enditem|p1a: Gliscor|Toxic Orb|[from] move: Knock Off|[of] p2a: Tyranitar
|
|-weather|Sandstorm|[upkeep]
|upkeep
|turn|11
|
|t:|1779581825
|move|p1a: Gliscor|Earthquake|p2a: Tyranitar
|-supereffective|p2a: Tyranitar
|-damage|p2a: Tyranitar|0 fnt
|faint|p2a: Tyranitar
|
|-weather|Sandstorm|[upkeep]
|upkeep
|
|t:|1779581827
|switch|p2a: Keldeo|Keldeo|72/100
|turn|12
|
|t:|1779581840
|move|p2a: Keldeo|Surf|p1a: Gliscor
|-supereffective|p1a: Gliscor
|-damage|p1a: Gliscor|0 fnt
|faint|p1a: Gliscor
|
|-weather|Sandstorm|[upkeep]
|-damage|p2a: Keldeo|66/100|[from] Sandstorm
|-heal|p2a: Keldeo|72/100|[from] item: Leftovers
|upkeep
|
|t:|1779581844
|switch|p1a: Iron Valiant|Iron Valiant|100/100
|-damage|p1a: Iron Valiant|94/100|[from] Stealth Rock
|-enditem|p1a: Iron Valiant|Booster Energy
|-activate|p1a: Iron Valiant|ability: Quark Drive|[fromitem]
|-start|p1a: Iron Valiant|quarkdrivespe
|turn|13
|
|t:|1779581848
|-terastallize|p2a: Keldeo|Water
|move|p1a: Iron Valiant|Moonblast|p2a: Keldeo
|-damage|p2a: Keldeo|15/100
|-unboost|p2a: Keldeo|spa|1
|move|p2a: Keldeo|Surf|p1a: Iron Valiant
|-damage|p1a: Iron Valiant|0 fnt
|faint|p1a: Iron Valiant
|-end|p1a: Iron Valiant|Quark Drive|[silent]
|
|-weather|none
|-heal|p2a: Keldeo|22/100|[from] item: Leftovers
|upkeep
|
|t:|1779581852
|switch|p1a: Walking Wake|Walking Wake|63/100
|turn|14
|inactive|11thtiergbone has 120 seconds left.
|
|t:|1779581884
|switch|p2a: Cinderace|Cinderace, F|70/100
|move|p1a: Walking Wake|Surf|p2a: Cinderace
|-supereffective|p2a: Cinderace
|-damage|p2a: Cinderace|0 fnt
|faint|p2a: Cinderace
|
|upkeep
|
|t:|1779581887
|switch|p2a: Iron Valiant|Iron Valiant, shiny|100/100
|-enditem|p2a: Iron Valiant|Booster Energy
|-activate|p2a: Iron Valiant|ability: Quark Drive|[fromitem]
|-start|p2a: Iron Valiant|quarkdrivespe
|turn|15
|
|t:|1779581896
|-end|p1a: Walking Wake|Protosynthesis|[silent]
|switch|p1a: Glimmora|Glimmora, F|1/100
|-damage|p1a: Glimmora|0 fnt|[from] Stealth Rock
|faint|p1a: Glimmora
|move|p2a: Iron Valiant|Knock Off|p1: Glimmora|[notarget]
|-fail|p2a: Iron Valiant
|
|upkeep
|
|t:|1779581898
|switch|p1a: Moltres|Moltres|100/100
|turn|16
|
|t:|1779581906
|move|p2a: Iron Valiant|Knock Off|p1a: Moltres
|-damage|p1a: Moltres|79/100
|-enditem|p1a: Moltres|Heavy-Duty Boots|[from] move: Knock Off|[of] p2a: Iron Valiant
|move|p1a: Moltres|Flamethrower|p2a: Iron Valiant
|-damage|p2a: Iron Valiant|26/100
|-status|p2a: Iron Valiant|brn
|
|-damage|p2a: Iron Valiant|20/100 brn|[from] brn
|upkeep
|turn|17
|
|t:|1779581915
|-end|p2a: Iron Valiant|Quark Drive|[silent]
|switch|p2a: Keldeo|Keldeo, tera:Water|22/100
|move|p1a: Moltres|Roost|p1a: Moltres
|-heal|p1a: Moltres|100/100
|-singleturn|p1a: Moltres|move: Roost
|
|-heal|p2a: Keldeo|28/100|[from] item: Leftovers
|upkeep
|turn|18
|
|t:|1779581930
|-terastallize|p1a: Moltres|Fairy
|move|p2a: Keldeo|Surf|p1a: Moltres
|-damage|p1a: Moltres|26/100
|move|p1a: Moltres|Flamethrower|p2a: Keldeo
|-resisted|p2a: Keldeo
|-damage|p2a: Keldeo|8/100
|
|-heal|p2a: Keldeo|14/100|[from] item: Leftovers
|upkeep
|turn|19
|
|t:|1779581937
|switch|p1a: Walking Wake|Walking Wake|63/100
|move|p2a: Keldeo|Surf|p1a: Walking Wake
|-resisted|p1a: Walking Wake
|-damage|p1a: Walking Wake|44/100
|
|-heal|p2a: Keldeo|20/100|[from] item: Leftovers
|upkeep
|turn|20
|
|t:|1779581943
|move|p2a: Keldeo|Vacuum Wave|p1a: Walking Wake
|-damage|p1a: Walking Wake|15/100
|move|p1a: Walking Wake|Surf|p2a: Keldeo
|-resisted|p2a: Keldeo
|-damage|p2a: Keldeo|0 fnt
|faint|p2a: Keldeo
|
|upkeep
|
|t:|1779581946
|switch|p2a: Iron Valiant|Iron Valiant, shiny|20/100 brn
|turn|21
|
|t:|1779581948
|move|p2a: Iron Valiant|Moonblast|p1a: Walking Wake
|-supereffective|p1a: Walking Wake
|-damage|p1a: Walking Wake|0 fnt
|faint|p1a: Walking Wake
|-end|p1a: Walking Wake|Protosynthesis|[silent]
|
|-damage|p2a: Iron Valiant|14/100 brn|[from] brn
|upkeep
|-message|plsbringregi forfeited.
|
|win|11thtiergbone
|raw|plsbringregi's rating: 1541 &rarr; <strong>1524</strong><br />(-17 for losing)
|raw|11thtiergbone's rating: 1599 &rarr; <strong>1616</strong><br />(+17 for winning)
|l|☆plsbringregi
|player|p1|
|l|☆11thtiergbone
|player|p2|
