|j|☆James2464
|j|☆noob1877
|t:|1779658213
|gametype|singles
|player|p1|James2464|miku-ghost|1664
|player|p2|noob1877|169|1687
|gen|9
|tier|[Gen 9] OU
|rated|
|rule|HP Percentage Mod: HP is shown in percentages
|rule|Endless Battle Clause: Forcing endless battles is banned
|rule|Species Clause: Limit one of each Pokémon
|rule|OHKO Clause: OHKO moves are banned
|rule|Evasion Items Clause: Evasion items are banned
|rule|Evasion Moves Clause: Evasion moves are banned
|rule|Evasion Abilities Clause: Evasion abilities are banned
|rule|Sleep Moves Clause: Sleep-inducing moves are banned
|clearpoke
|poke|p1|Cramorant, M|
|poke|p1|Gallade, M|
|poke|p1|Kingambit, F|
|poke|p1|Iron Moth|
|poke|p1|Enamorus, F|
|poke|p1|Ogerpon-Cornerstone, F|
|poke|p2|Mandibuzz, F|
|poke|p2|Gholdengo|
|poke|p2|Clodsire, F|
|poke|p2|Slowking, M|
|poke|p2|Ogerpon, F|
|poke|p2|Mamoswine, F|
|teampreview
|inactive|Battle timer is ON: inactive players will automatically lose when time's up. (requested by James2464)
|
|t:|1779658228
|teamsize|p1|6
|teamsize|p2|6
|start
|switch|p1a: Kingambit|Kingambit, F|100/100
|switch|p2a: Gholdengo|Gholdengo|100/100
|turn|1
|
|t:|1779658233
|switch|p2a: Mandibuzz|Mandibuzz, F|100/100
|move|p1a: Kingambit|Kowtow Cleave|p2a: Mandibuzz
|-resisted|p2a: Mandibuzz
|-damage|p2a: Mandibuzz|87/100
|
|upkeep
|turn|2
|j| DenseColor
|
|t:|1779658240
|-end|p1a: Kingambit|fallenundefined|[silent]
|switch|p1a: Ogerpon|Ogerpon-Cornerstone, F|100/100
|move|p2a: Mandibuzz|Foul Play|p1a: Ogerpon
|-crit|p1a: Ogerpon
|-damage|p1a: Ogerpon|8/100
|
|upkeep
|turn|3
|
|t:|1779658258
|switch|p2a: Mamoswine|Mamoswine, F|100/100
|move|p1a: Ogerpon|Ivy Cudgel|p2a: Mamoswine|[anim] Ivy Cudgel Rock
|-damage|p2a: Mamoswine|37/100
|
|upkeep
|turn|4
|
|t:|1779658266
|switch|p1a: Iron Moth|Iron Moth|100/100
|-enditem|p1a: Iron Moth|Booster Energy
|-activate|p1a: Iron Moth|ability: Quark Drive|[fromitem]
|-start|p1a: Iron Moth|quarkdrivespe
|move|p2a: Mamoswine|Ice Shard|p1a: Iron Moth
|-resisted|p1a: Iron Moth
|-damage|p1a: Iron Moth|86/100
|
|upkeep
|turn|5
|
|t:|1779658271
|switch|p2a: Clodsire|Clodsire, F|100/100
|move|p1a: Iron Moth|Fiery Dance|p2a: Clodsire
|-damage|p2a: Clodsire|80/100
|
|upkeep
|turn|6
|
|t:|1779658277
|-end|p1a: Iron Moth|Quark Drive|[silent]
|switch|p1a: Cramorant|Cramorant, M, shiny|100/100
|move|p2a: Clodsire|Spikes|p1a: Cramorant
|-sidestart|p1: James2464|Spikes
|
|upkeep
|turn|7
|
|t:|1779658285
|switch|p2a: Gholdengo|Gholdengo|100/100
|move|p1a: Cramorant|Surf|p2a: Gholdengo
|-formechange|p1a: Cramorant|Cramorant-Gulping|
|-damage|p2a: Gholdengo|52/100
|
|upkeep
|turn|8
|j| broflopieopp
|
|t:|1779658291
|move|p1a: Cramorant|Surf|p2a: Gholdengo
|-damage|p2a: Gholdengo|7/100
|move|p2a: Gholdengo|Thunderbolt|p1a: Cramorant
|-supereffective|p1a: Cramorant
|-enditem|p1a: Cramorant|Focus Sash
|-damage|p1a: Cramorant|1/100
|-damage|p2a: Gholdengo|0 fnt|[from] ability: Gulp Missile|[of] p1a: Cramorant
|-formechange|p1a: Cramorant|Cramorant|
|faint|p2a: Gholdengo
|
|upkeep
|
|t:|1779658299
|switch|p2a: Ogerpon|Ogerpon, F|100/100
|turn|9
|
|t:|1779658303
|switch|p1a: Iron Moth|Iron Moth|86/100
|-damage|p1a: Iron Moth|73/100|[from] Spikes
|move|p2a: Ogerpon|Ivy Cudgel|p1a: Iron Moth
|-resisted|p1a: Iron Moth
|-damage|p1a: Iron Moth|56/100
|
|upkeep
|turn|10
|
|t:|1779658321
|switch|p2a: Clodsire|Clodsire, F|80/100
|move|p1a: Iron Moth|Fiery Dance|p2a: Clodsire
|-damage|p2a: Clodsire|57/100
|-boost|p1a: Iron Moth|spa|1
|
|upkeep
|turn|11
|
|t:|1779658331
|-end|p1a: Iron Moth|Quark Drive|[silent]
|switch|p1a: Kingambit|Kingambit, F|100/100
|-damage|p1a: Kingambit|88/100|[from] Spikes
|move|p2a: Clodsire|Recover|p2a: Clodsire
|-heal|p2a: Clodsire|100/100
|
|-heal|p1a: Kingambit|94/100|[from] item: Leftovers
|upkeep
|turn|12
|
|t:|1779658345
|move|p1a: Kingambit|Iron Head|p2a: Clodsire
|-damage|p2a: Clodsire|44/100
|move|p2a: Clodsire|Earthquake|p1a: Kingambit
|-supereffective|p1a: Kingambit
|-damage|p1a: Kingambit|49/100
|
|-heal|p1a: Kingambit|55/100|[from] item: Leftovers
|upkeep
|turn|13
|
|t:|1779658351
|switch|p2a: Mandibuzz|Mandibuzz, F|87/100
|move|p1a: Kingambit|Iron Head|p2a: Mandibuzz
|-damage|p2a: Mandibuzz|61/100
|
|-heal|p1a: Kingambit|61/100|[from] item: Leftovers
|upkeep
|turn|14
|
|t:|1779658354
|move|p2a: Mandibuzz|Roost|p2a: Mandibuzz
|-heal|p2a: Mandibuzz|100/100
|-singleturn|p2a: Mandibuzz|move: Roost
|move|p1a: Kingambit|Iron Head|p2a: Mandibuzz
|-damage|p2a: Mandibuzz|71/100
|
|-heal|p1a: Kingambit|67/100|[from] item: Leftovers
|upkeep
|turn|15
|
|t:|1779658358
|-end|p1a: Kingambit|fallenundefined|[silent]
|switch|p1a: Enamorus|Enamorus, F|100/100
|move|p2a: Mandibuzz|Foul Play|p1a: Enamorus
|-resisted|p1a: Enamorus
|-damage|p1a: Enamorus|67/100
|
|upkeep
|turn|16
|
|t:|1779658364
|switch|p2a: Slowking|Slowking, M|100/100
|move|p1a: Enamorus|Moonblast|p2a: Slowking
|-crit|p2a: Slowking
|-damage|p2a: Slowking|56/100
|
|upkeep
|turn|17
|
|t:|1779658372
|move|p1a: Enamorus|Moonblast|p2a: Slowking
|-damage|p2a: Slowking|25/100
|-prepare|p2a: Slowking|Chilly Reception|[premajor]
|move|p2a: Slowking|Chilly Reception|p2a: Slowking
|-weather|Snowscape
|
|t:|1779658386
|switch|p2a: Clodsire|Clodsire, F|44/100|[from] Chilly Reception
|
|-weather|Snowscape|[upkeep]
|upkeep
|turn|18
|
|t:|1779658390
|move|p1a: Enamorus|Earth Power|p2a: Clodsire
|-supereffective|p2a: Clodsire
|-damage|p2a: Clodsire|10/100
|move|p2a: Clodsire|Recover|p2a: Clodsire
|-heal|p2a: Clodsire|60/100
|
|-weather|Snowscape|[upkeep]
|upkeep
|turn|19
|
|t:|1779658395
|move|p1a: Enamorus|Earth Power|p2a: Clodsire
|-supereffective|p2a: Clodsire
|-crit|p2a: Clodsire
|-damage|p2a: Clodsire|4/100
|move|p2a: Clodsire|Recover|p2a: Clodsire
|-heal|p2a: Clodsire|54/100
|
|-weather|Snowscape|[upkeep]
|upkeep
|turn|20
|
|t:|1779658400
|move|p1a: Enamorus|Earth Power|p2a: Clodsire
|-supereffective|p2a: Clodsire
|-damage|p2a: Clodsire|19/100
|move|p2a: Clodsire|Recover|p2a: Clodsire
|-heal|p2a: Clodsire|69/100
|
|-weather|Snowscape|[upkeep]
|upkeep
|turn|21
|
|t:|1779658405
|move|p1a: Enamorus|Earth Power|p2a: Clodsire
|-supereffective|p2a: Clodsire
|-damage|p2a: Clodsire|37/100
|move|p2a: Clodsire|Recover|p2a: Clodsire
|-heal|p2a: Clodsire|87/100
|
|-weather|none
|upkeep
|turn|22
|
|t:|1779658410
|move|p1a: Enamorus|Earth Power|p2a: Clodsire
|-supereffective|p2a: Clodsire
|-damage|p2a: Clodsire|55/100
|-unboost|p2a: Clodsire|spd|1
|move|p2a: Clodsire|Toxic|p1a: Enamorus
|-status|p1a: Enamorus|tox
|
|-damage|p1a: Enamorus|60/100 tox|[from] psn
|upkeep
|turn|23
|
|t:|1779658416
|switch|p2a: Ogerpon|Ogerpon, F|100/100
|move|p1a: Enamorus|Earth Power|p2a: Ogerpon
|-resisted|p2a: Ogerpon
|-damage|p2a: Ogerpon|83/100
|
|-damage|p1a: Enamorus|48/100 tox|[from] psn
|upkeep
|turn|24
|
|t:|1779658426
|switch|p1a: Iron Moth|Iron Moth|56/100
|-damage|p1a: Iron Moth|44/100|[from] Spikes
|move|p2a: Ogerpon|U-turn|p1a: Iron Moth
|-resisted|p1a: Iron Moth
|-damage|p1a: Iron Moth|35/100
|
|t:|1779658430
|switch|p2a: Slowking|Slowking, M|58/100|[from] U-turn
|
|upkeep
|turn|25
|
|t:|1779658433
|move|p1a: Iron Moth|Energy Ball|p2a: Slowking
|-supereffective|p2a: Slowking
|-crit|p2a: Slowking
|-damage|p2a: Slowking|7/100
|move|p2a: Slowking|Scald|p1a: Iron Moth
|-supereffective|p1a: Iron Moth
|-damage|p1a: Iron Moth|0 fnt
|faint|p1a: Iron Moth
|-end|p1a: Iron Moth|Quark Drive|[silent]
|
|upkeep
|
|t:|1779658446
|switch|p1a: Cramorant|Cramorant, M, shiny|1/100
|turn|26
|
|t:|1779658464
|move|p1a: Cramorant|Defog|p2a: Slowking
|-unboost|p2a: Slowking|evasion|1
|-sideend|p1: James2464|Spikes|[from] move: Defog|[of] p1a: Cramorant
|move|p2a: Slowking|Scald|p1a: Cramorant
|-resisted|p1a: Cramorant
|-crit|p1a: Cramorant
|-damage|p1a: Cramorant|0 fnt
|faint|p1a: Cramorant
|
|upkeep
|
|t:|1779658475
|switch|p1a: Gallade|Gallade, M|100/100
|turn|27
|
|t:|1779658481
|move|p1a: Gallade|Swords Dance|p1a: Gallade
|-boost|p1a: Gallade|atk|2
|move|p2a: Slowking|Scald|p1a: Gallade
|-damage|p1a: Gallade|70/100
|-status|p1a: Gallade|brn
|
|-damage|p1a: Gallade|64/100 brn|[from] brn
|upkeep
|turn|28
|
|t:|1779658485
|move|p1a: Gallade|Psycho Cut|p2a: Slowking
|-resisted|p2a: Slowking
|-damage|p2a: Slowking|0 fnt
|faint|p2a: Slowking
|
|-damage|p1a: Gallade|58/100 brn|[from] brn
|upkeep
|
|t:|1779658490
|switch|p2a: Ogerpon|Ogerpon, F|83/100
|turn|29
|
|t:|1779658494
|-terastallize|p2a: Ogerpon|Grass
|detailschange|p2a: Ogerpon|Ogerpon-Teal-Tera, F, tera:Grass
|-ability|p2a: Ogerpon|Embody Aspect (Teal)|boost
|-boost|p2a: Ogerpon|spe|1
|move|p1a: Gallade|Shadow Sneak|p2a: Ogerpon
|-damage|p2a: Ogerpon|64/100
|move|p2a: Ogerpon|Ivy Cudgel|p1a: Gallade
|-damage|p1a: Gallade|0 fnt
|faint|p1a: Gallade
|
|upkeep
|
|t:|1779658502
|switch|p1a: Kingambit|Kingambit, F|67/100
|-activate|p1a: Kingambit|ability: Supreme Overlord
|-start|p1a: Kingambit|fallen3|[silent]
|turn|30
|
|t:|1779658513
|switch|p2a: Mandibuzz|Mandibuzz, F|71/100
|move|p1a: Kingambit|Iron Head|p2a: Mandibuzz
|-damage|p2a: Mandibuzz|35/100
|
|-heal|p1a: Kingambit|74/100|[from] item: Leftovers
|upkeep
|turn|31
|
|t:|1779658517
|-end|p1a: Kingambit|fallen3|[silent]
|switch|p1a: Enamorus|Enamorus, F|48/100 tox
|move|p2a: Mandibuzz|Roost|p2a: Mandibuzz
|-heal|p2a: Mandibuzz|85/100
|-singleturn|p2a: Mandibuzz|move: Roost
|
|-damage|p1a: Enamorus|42/100 tox|[from] psn
|upkeep
|turn|32
|
|t:|1779658530
|switch|p2a: Clodsire|Clodsire, F|55/100
|move|p1a: Enamorus|Moonblast|p2a: Clodsire
|-resisted|p2a: Clodsire
|-damage|p2a: Clodsire|40/100
|-unboost|p2a: Clodsire|spa|1
|
|-damage|p1a: Enamorus|29/100 tox|[from] psn
|upkeep
|turn|33
|
|t:|1779658540
|move|p1a: Enamorus|Moonblast|p2a: Clodsire
|-resisted|p2a: Clodsire
|-damage|p2a: Clodsire|28/100
|-unboost|p2a: Clodsire|spa|1
|move|p2a: Clodsire|Spikes|p1a: Enamorus
|-sidestart|p1: James2464|Spikes
|
|-damage|p1a: Enamorus|11/100 tox|[from] psn
|upkeep
|turn|34
|
|t:|1779658549
|move|p1a: Enamorus|Healing Wish|p1a: Enamorus
|faint|p1a: Enamorus
|move|p2a: Clodsire|Spikes|p1: Enamorus
|-sidestart|p1: James2464|Spikes
|
|upkeep
|
|t:|1779658553
|switch|p1a: Ogerpon|Ogerpon-Cornerstone, F|8/100
|-heal|p1a: Ogerpon|100/100|[from] move: Healing Wish
|-damage|p1a: Ogerpon|84/100|[from] Spikes
|turn|35
|
|t:|1779658565
|move|p1a: Ogerpon|Power Whip|p2a: Clodsire
|-damage|p2a: Clodsire|0 fnt
|faint|p2a: Clodsire
|
|upkeep
|inactive|noob1877 has 120 seconds left.
|
|t:|1779658596
|switch|p2a: Mamoswine|Mamoswine, F|37/100
|turn|36
|
|t:|1779658600
|-terastallize|p1a: Ogerpon|Rock
|detailschange|p1a: Ogerpon|Ogerpon-Cornerstone-Tera, F, tera:Rock
|-ability|p1a: Ogerpon|Embody Aspect (Cornerstone)|boost
|-boost|p1a: Ogerpon|def|1
|move|p2a: Mamoswine|Ice Shard|p1a: Ogerpon
|-damage|p1a: Ogerpon|63/100
|move|p1a: Ogerpon|Trailblaze|p2a: Mamoswine
|-supereffective|p2a: Mamoswine
|-damage|p2a: Mamoswine|0 fnt
|-boost|p1a: Ogerpon|spe|1
|faint|p2a: Mamoswine
|
|upkeep
|
|t:|1779658603
|switch|p2a: Ogerpon|Ogerpon-Teal-Tera, F, tera:Grass|64/100
|-ability|p2a: Ogerpon|Embody Aspect (Teal)|boost
|-boost|p2a: Ogerpon|spe|1
|turn|37
|
|t:|1779658606
|move|p1a: Ogerpon|Ivy Cudgel|p2a: Ogerpon|[anim] Ivy Cudgel Rock
|-damage|p2a: Ogerpon|0 fnt
|faint|p2a: Ogerpon
|detailschange|p2: Ogerpon|Ogerpon, F|[silent]
|
|upkeep
|j| Kingtrainer
|
|t:|1779658607
|switch|p2a: Mandibuzz|Mandibuzz, F|85/100
|turn|38
|
|t:|1779658611
|move|p1a: Ogerpon|Ivy Cudgel|p2a: Mandibuzz|[anim] Ivy Cudgel Rock
|-supereffective|p2a: Mandibuzz
|-damage|p2a: Mandibuzz|0 fnt
|faint|p2a: Mandibuzz
|
|win|James2464
|raw|James2464's rating: 1664 &rarr; <strong>1685</strong><br />(+21 for winning)
|raw|noob1877's rating: 1687 &rarr; <strong>1666</strong><br />(-21 for losing)
|l|☆noob1877
|player|p2|
|l|☆James2464
|player|p1|
|l| broflopieopp
|l| Kingtrainer
