|j|☆pondemonium
|j|☆Fishtitties420
|t:|1779581954
|gametype|singles
|player|p1|pondemonium|skyla|1296
|player|p2|Fishtitties420|2|1346
|gen|9
|tier|[Gen 9] OU
|rated|
|rule|HP Percentage Mod: HP is shown in percentages
|rule|Endless Battle Clause: Forcing endless battles is banned
|rule|Species Clause: Limit one of each Pokémon
|rule|OHKO Clause: OHKO moves are banned
|rule|Evasion Items Clause: Evasion items are banned
|rule|Evasion Moves Clause: Evasion moves are banned
|rule|Evasion Abilities Clause: Evasion abilities are banned
|rule|Sleep Moves Clause: Sleep-inducing moves are banned
|clearpoke
|poke|p1|Kyurem|
|poke|p1|Slowking-Galar, F|
|poke|p1|Great Tusk|
|poke|p1|Gholdengo|
|poke|p1|Alomomola, F|
|poke|p1|Samurott-Hisui, M|
|poke|p2|Torkoal, M|
|poke|p2|Walking Wake|
|poke|p2|Typhlosion-Hisui, M|
|poke|p2|Slither Wing|
|poke|p2|Serperior, F|
|poke|p2|Corviknight, F|
|teampreview
|inactive|Battle timer is ON: inactive players will automatically lose when time's up. (requested by pondemonium)
|
|t:|1779581974
|teamsize|p1|6
|teamsize|p2|6
|start
|switch|p1a: Slowking|Slowking-Galar, F|100/100
|switch|p2a: Caesar|Serperior, F|100/100
|turn|1
|
|t:|1779581981
|move|p2a: Caesar|Substitute|p2a: Caesar
|-start|p2a: Caesar|Substitute
|-damage|p2a: Caesar|76/100
|move|p1a: Slowking|Thunder Wave||[still]
|-fail|p1a: Slowking
|
|-heal|p2a: Caesar|82/100|[from] item: Leftovers
|upkeep
|turn|2
|
|t:|1779581989
|move|p2a: Caesar|Leech Seed|p1a: Slowking
|-start|p1a: Slowking|move: Leech Seed
|move|p1a: Slowking|Sludge Bomb|p2a: Caesar
|-supereffective|p2a: Caesar
|-end|p2a: Caesar|Substitute
|
|-heal|p2a: Caesar|88/100|[from] item: Leftovers
|-damage|p1a: Slowking|88/100|[from] Leech Seed|[of] p2a: Caesar
|-heal|p2a: Caesar|100/100|[silent]
|upkeep
|turn|3
|
|t:|1779581995
|move|p2a: Caesar|Substitute|p2a: Caesar
|-start|p2a: Caesar|Substitute
|-damage|p2a: Caesar|76/100
|move|p1a: Slowking|Sludge Bomb|p2a: Caesar
|-supereffective|p2a: Caesar
|-end|p2a: Caesar|Substitute
|
|-heal|p2a: Caesar|82/100|[from] item: Leftovers
|-damage|p1a: Slowking|76/100|[from] Leech Seed|[of] p2a: Caesar
|-heal|p2a: Caesar|96/100|[silent]
|upkeep
|turn|4
|
|t:|1779582002
|move|p2a: Caesar|Substitute|p2a: Caesar
|-start|p2a: Caesar|Substitute
|-damage|p2a: Caesar|71/100
|-prepare|p1a: Slowking|Chilly Reception|[premajor]
|move|p1a: Slowking|Chilly Reception|p1a: Slowking
|-weather|Snowscape
|
|t:|1779582013
|switch|p1a: Kyurem|Kyurem|100/100|[from] Chilly Reception
|-ability|p1a: Kyurem|Pressure
|
|-weather|Snowscape|[upkeep]
|-heal|p2a: Caesar|77/100|[from] item: Leftovers
|upkeep
|turn|5
|
|t:|1779582018
|-terastallize|p2a: Caesar|Steel
|move|p2a: Caesar|Glare|p1a: Kyurem
|-status|p1a: Kyurem|par
|move|p1a: Kyurem|Ice Beam|p2a: Caesar
|-resisted|p2a: Caesar
|-end|p2a: Caesar|Substitute
|
|-weather|Snowscape|[upkeep]
|-heal|p2a: Caesar|83/100|[from] item: Leftovers
|upkeep
|turn|6
|
|t:|1779582030
|move|p2a: Caesar|Substitute|p2a: Caesar
|-start|p2a: Caesar|Substitute
|-damage|p2a: Caesar|58/100
|move|p1a: Kyurem|Ice Beam|p2a: Caesar
|-resisted|p2a: Caesar
|-end|p2a: Caesar|Substitute
|
|-weather|Snowscape|[upkeep]
|-heal|p2a: Caesar|65/100|[from] item: Leftovers
|upkeep
|turn|7
|
|t:|1779582040
|switch|p2a: George Foreman|Torkoal, M|100/100
|-weather|SunnyDay|[from] ability: Drought|[of] p2a: George Foreman
|switch|p1a: Gholdengo|Gholdengo|100/100
|
|-weather|SunnyDay|[upkeep]
|upkeep
|turn|8
|
|t:|1779582053
|switch|p1a: Slowking|Slowking-Galar, F|100/100
|move|p2a: George Foreman|Stealth Rock|p1a: Slowking
|-sidestart|p1: pondemonium|move: Stealth Rock
|
|-weather|SunnyDay|[upkeep]
|upkeep
|turn|9
|
|t:|1779582073
|switch|p2a: Mothra|Slither Wing|100/100
|-activate|p2a: Mothra|ability: Protosynthesis
|-start|p2a: Mothra|protosynthesisatk
|-prepare|p1a: Slowking|Chilly Reception|[premajor]
|move|p1a: Slowking|Chilly Reception|p1a: Slowking
|-weather|Snowscape
|-end|p2a: Mothra|Protosynthesis
|
|t:|1779582083
|switch|p1a: Great Tusk|Great Tusk|100/100|[from] Chilly Reception
|
|-weather|Snowscape|[upkeep]
|upkeep
|turn|10
|
|t:|1779582090
|move|p1a: Great Tusk|Rapid Spin|p2a: Mothra
|-damage|p2a: Mothra|83/100
|-boost|p1a: Great Tusk|spe|1
|-sideend|p1: pondemonium|Stealth Rock|[from] move: Rapid Spin|[of] p1a: Great Tusk
|move|p2a: Mothra|U-turn|p1a: Great Tusk
|-resisted|p1a: Great Tusk
|-damage|p1a: Great Tusk|83/100
|-damage|p2a: Mothra|73/100|[from] item: Life Orb
|
|t:|1779582102
|-end|p2a: Mothra|Protosynthesis|[silent]
|switch|p2a: George Foreman|Torkoal, M|100/100|[from] U-turn
|-weather|SunnyDay|[from] ability: Drought|[of] p2a: George Foreman
|-activate|p1a: Great Tusk|ability: Protosynthesis
|-start|p1a: Great Tusk|protosynthesisspe
|
|-weather|SunnyDay|[upkeep]
|upkeep
|turn|11
|
|t:|1779582108
|switch|p2a: Corviknight|Corviknight, F|100/100
|move|p1a: Great Tusk|Headlong Rush|p2a: Corviknight
|-immune|p2a: Corviknight
|
|-weather|SunnyDay|[upkeep]
|upkeep
|turn|12
|
|t:|1779582115
|move|p1a: Great Tusk|Ice Spinner|p2a: Corviknight
|-damage|p2a: Corviknight|85/100
|move|p2a: Corviknight|Brave Bird|p1a: Great Tusk
|-supereffective|p1a: Great Tusk
|-damage|p1a: Great Tusk|33/100
|-damage|p2a: Corviknight|68/100|[from] Recoil
|
|-weather|SunnyDay|[upkeep]
|upkeep
|turn|13
|
|t:|1779582121
|-end|p1a: Great Tusk|Protosynthesis|[silent]
|switch|p1a: Alomomola|Alomomola, F|100/100
|move|p2a: Corviknight|Roost|p2a: Corviknight
|-heal|p2a: Corviknight|100/100
|-singleturn|p2a: Corviknight|move: Roost
|
|-weather|SunnyDay|[upkeep]
|upkeep
|turn|14
|
|t:|1779582130
|move|p2a: Corviknight|U-turn|p1a: Alomomola
|-damage|p1a: Alomomola|93/100
|-damage|p2a: Corviknight|84/100|[from] item: Rocky Helmet|[of] p1a: Alomomola
|
|t:|1779582137
|switch|p2a: Lox|Walking Wake|100/100|[from] U-turn
|-activate|p2a: Lox|ability: Protosynthesis
|-start|p2a: Lox|protosynthesisspe
|move|p1a: Alomomola|Wish|p1a: Alomomola
|
|-weather|SunnyDay|[upkeep]
|upkeep
|turn|15
|
|t:|1779582155
|move|p2a: Lox|Draco Meteor|p1a: Alomomola
|-damage|p1a: Alomomola|0 fnt
|-unboost|p2a: Lox|spa|2
|faint|p1a: Alomomola
|
|-weather|SunnyDay|[upkeep]
|upkeep
|
|t:|1779582160
|switch|p1a: Slowking|Slowking-Galar, F|100/100
|turn|16
|
|t:|1779582169
|-end|p2a: Lox|Protosynthesis|[silent]
|switch|p2a: Corviknight|Corviknight, F|84/100
|move|p1a: Slowking|Future Sight|p2a: Corviknight
|-start|p1a: Slowking|move: Future Sight
|
|-weather|SunnyDay|[upkeep]
|upkeep
|turn|17
|
|t:|1779582190
|move|p2a: Corviknight|Brave Bird|p1a: Slowking
|-damage|p1a: Slowking|64/100
|-damage|p2a: Corviknight|72/100|[from] Recoil
|-prepare|p1a: Slowking|Chilly Reception|[premajor]
|move|p1a: Slowking|Chilly Reception|p1a: Slowking
|-weather|Snowscape
|
|t:|1779582201
|switch|p1a: Samurott|Samurott-Hisui, M|100/100|[from] Chilly Reception
|
|-weather|Snowscape|[upkeep]
|upkeep
|turn|18
|
|t:|1779582209
|move|p1a: Samurott|Ceaseless Edge|p2a: Corviknight
|-damage|p2a: Corviknight|45/100
|-sidestart|p2: Fishtitties420|Spikes
|move|p2a: Corviknight|Brave Bird|p1a: Samurott
|-damage|p1a: Samurott|63/100
|-damage|p2a: Corviknight|33/100|[from] Recoil
|
|-weather|Snowscape|[upkeep]
|-end|p2a: Corviknight|move: Future Sight
|-resisted|p2a: Corviknight
|-damage|p2a: Corviknight|9/100
|upkeep
|turn|19
|
|t:|1779582220
|move|p1a: Samurott|Knock Off|p2a: Corviknight
|-crit|p2a: Corviknight
|-damage|p2a: Corviknight|0 fnt
|-enditem|p2a: Corviknight|Heavy-Duty Boots|[from] move: Knock Off|[of] p1a: Samurott
|faint|p2a: Corviknight
|
|-weather|Snowscape|[upkeep]
|upkeep
|
|t:|1779582235
|switch|p2a: Mothra|Slither Wing|73/100
|-damage|p2a: Mothra|60/100|[from] Spikes
|turn|20
|
|t:|1779582243
|switch|p1a: Great Tusk|Great Tusk|33/100
|move|p2a: Mothra|U-turn|p1a: Great Tusk
|-resisted|p1a: Great Tusk
|-damage|p1a: Great Tusk|15/100
|-damage|p2a: Mothra|50/100|[from] item: Life Orb
|
|t:|1779582268
|-end|p2a: Mothra|Protosynthesis|[silent]
|switch|p2a: Caesar|Serperior, F, tera:Steel|65/100|[from] U-turn
|-damage|p2a: Caesar|52/100|[from] Spikes
|
|-weather|Snowscape|[upkeep]
|-heal|p2a: Caesar|58/100|[from] item: Leftovers
|upkeep
|turn|21
|
|t:|1779582277
|-end|p1a: Great Tusk|Protosynthesis|[silent]
|switch|p1a: Slowking|Slowking-Galar, F|98/100
|move|p2a: Caesar|Leaf Storm|p1a: Slowking
|-resisted|p1a: Slowking
|-damage|p1a: Slowking|87/100
|-boost|p2a: Caesar|spa|2
|
|-weather|none
|-heal|p2a: Caesar|65/100|[from] item: Leftovers
|upkeep
|turn|22
|
|t:|1779582290
|move|p2a: Caesar|Substitute|p2a: Caesar
|-start|p2a: Caesar|Substitute
|-damage|p2a: Caesar|40/100
|-prepare|p1a: Slowking|Chilly Reception|[premajor]
|move|p1a: Slowking|Chilly Reception|p1a: Slowking
|-weather|Snowscape
|
|t:|1779582294
|switch|p1a: Kyurem|Kyurem|100/100 par|[from] Chilly Reception
|-ability|p1a: Kyurem|Pressure
|
|-weather|Snowscape|[upkeep]
|-heal|p2a: Caesar|46/100|[from] item: Leftovers
|upkeep
|turn|23
|
|t:|1779582300
|move|p2a: Caesar|Leech Seed|p1a: Kyurem
|-start|p1a: Kyurem|move: Leech Seed
|move|p1a: Kyurem|Earth Power|p2a: Caesar
|-supereffective|p2a: Caesar
|-end|p2a: Caesar|Substitute
|
|-weather|Snowscape|[upkeep]
|-heal|p2a: Caesar|52/100|[from] item: Leftovers
|-damage|p1a: Kyurem|88/100 par|[from] Leech Seed|[of] p2a: Caesar
|-heal|p2a: Caesar|66/100|[silent]
|upkeep
|turn|24
|
|t:|1779582316
|move|p2a: Caesar|Substitute|p2a: Caesar
|-start|p2a: Caesar|Substitute
|-damage|p2a: Caesar|41/100
|move|p1a: Kyurem|Earth Power|p2a: Caesar
|-supereffective|p2a: Caesar
|-end|p2a: Caesar|Substitute
|
|-weather|Snowscape|[upkeep]
|-heal|p2a: Caesar|47/100|[from] item: Leftovers
|-damage|p1a: Kyurem|76/100 par|[from] Leech Seed|[of] p2a: Caesar
|-heal|p2a: Caesar|61/100|[silent]
|upkeep
|turn|25
|
|t:|1779582327
|switch|p1a: Gholdengo|Gholdengo|100/100
|move|p2a: Caesar|Substitute|p2a: Caesar
|-start|p2a: Caesar|Substitute
|-damage|p2a: Caesar|36/100
|
|-weather|Snowscape|[upkeep]
|-heal|p2a: Caesar|42/100|[from] item: Leftovers
|upkeep
|turn|26
|
|t:|1779582331
|move|p1a: Gholdengo|Shadow Ball|p2a: Caesar
|-end|p2a: Caesar|Substitute
|move|p2a: Caesar|Leaf Storm|p1a: Gholdengo
|-resisted|p1a: Gholdengo
|-damage|p1a: Gholdengo|60/100
|-boost|p2a: Caesar|spa|2
|
|-weather|none
|-heal|p2a: Caesar|48/100|[from] item: Leftovers
|upkeep
|turn|27
|
|t:|1779582357
|switch|p2a: George Foreman|Torkoal, M|100/100
|-damage|p2a: George Foreman|88/100|[from] Spikes
|-weather|SunnyDay|[from] ability: Drought|[of] p2a: George Foreman
|move|p1a: Gholdengo|Shadow Ball|p2a: George Foreman
|-damage|p2a: George Foreman|34/100
|
|-weather|SunnyDay|[upkeep]
|upkeep
|turn|28
|
|t:|1779582370
|switch|p1a: Slowking|Slowking-Galar, F|100/100
|switch|p2a: Mothra|Slither Wing|50/100
|-damage|p2a: Mothra|38/100|[from] Spikes
|-activate|p2a: Mothra|ability: Protosynthesis
|-start|p2a: Mothra|protosynthesisatk
|
|-weather|SunnyDay|[upkeep]
|upkeep
|turn|29
|inactive|Fishtitties420 has 120 seconds left.
|
|t:|1779582386
|move|p2a: Mothra|U-turn|p1a: Slowking
|-damage|p1a: Slowking|22/100
|-damage|p2a: Mothra|28/100|[from] item: Life Orb
|inactive|Fishtitties420 has 120 seconds left.
|inactive|Fishtitties420 has 90 seconds left.
|
|t:|1779582422
|-end|p2a: Mothra|Protosynthesis|[silent]
|switch|p2a: Lox|Walking Wake|100/100|[from] U-turn
|-damage|p2a: Lox|88/100|[from] Spikes
|-activate|p2a: Lox|ability: Protosynthesis
|-start|p2a: Lox|protosynthesisspe
|-prepare|p1a: Slowking|Chilly Reception|[premajor]
|move|p1a: Slowking|Chilly Reception|p1a: Slowking
|-weather|Snowscape
|-end|p2a: Lox|Protosynthesis
|l|☆Fishtitties420
|inactive|Fishtitties420 disconnected and has a minute to reconnect!
|player|p2|
|
|t:|1779582436
|switch|p1a: Gholdengo|Gholdengo|60/100|[from] Chilly Reception
|
|-weather|Snowscape|[upkeep]
|upkeep
|turn|30
|inactive|Fishtitties420 has 30 seconds to reconnect!
|inactive|Fishtitties420 has 20 seconds to reconnect!
|inactive|Fishtitties420 has 15 seconds to reconnect!
|inactive|Fishtitties420 has 10 seconds to reconnect!
|inactive|Fishtitties420 has 5 seconds to reconnect!
|-message|Fishtitties420 lost due to inactivity.
|
|win|pondemonium
|raw|pondemonium's rating: 1296 &rarr; <strong>1325</strong><br />(+29 for winning)
|raw|Fishtitties420's rating: 1346 &rarr; <strong>1323</strong><br />(-23 for losing)
