|j|‽aaagislash
|j|☆Sh4dowth33dgyh0g
|t:|1779632231
|gametype|singles
|player|p1|aaagislash|102|1453
|player|p2|Sh4dowth33dgyh0g|shadowtriad|1413
|gen|9
|tier|[Gen 9] OU
|rated|
|rule|HP Percentage Mod: HP is shown in percentages
|rule|Endless Battle Clause: Forcing endless battles is banned
|rule|Species Clause: Limit one of each Pokémon
|rule|OHKO Clause: OHKO moves are banned
|rule|Evasion Items Clause: Evasion items are banned
|rule|Evasion Moves Clause: Evasion moves are banned
|rule|Evasion Abilities Clause: Evasion abilities are banned
|rule|Sleep Moves Clause: Sleep-inducing moves are banned
|clearpoke
|poke|p1|Bisharp, M|
|poke|p1|Empoleon, F|
|poke|p1|Smeargle, M|
|poke|p1|Falinks|
|poke|p1|Rabsca, F|
|poke|p1|Cresselia, F|
|poke|p2|Meowscarada, F|
|poke|p2|Zamazenta-*|
|poke|p2|Iron Treads|
|poke|p2|Raging Bolt|
|poke|p2|Samurott-Hisui, M|
|poke|p2|Conkeldurr, M|
|teampreview
|inactive|Battle timer is ON: inactive players will automatically lose when time's up. (requested by Sh4dowth33dgyh0g)
|
|t:|1779632251
|teamsize|p1|6
|teamsize|p2|6
|start
|switch|p1a: Smeargle|Smeargle, M|100/100
|switch|p2a: Samurott|Samurott-Hisui, M, shiny|100/100
|turn|1
|
|t:|1779632260
|move|p2a: Samurott|Ceaseless Edge|p1a: Smeargle
|-damage|p1a: Smeargle|44/100
|-sidestart|p1: aaagislash|Spikes
|move|p1a: Smeargle|Sticky Web|p2a: Samurott
|-sidestart|p2: Sh4dowth33dgyh0g|move: Sticky Web
|
|upkeep
|turn|2
|
|t:|1779632265
|switch|p1a: Bisharp|Bisharp, M|100/100
|-damage|p1a: Bisharp|88/100|[from] Spikes
|move|p2a: Samurott|Encore||[still]
|-fail|p2a: Samurott
|
|upkeep
|turn|3
|
|t:|1779632270
|move|p2a: Samurott|Ceaseless Edge|p1a: Bisharp
|-resisted|p1a: Bisharp
|-damage|p1a: Bisharp|73/100
|-sidestart|p1: aaagislash|Spikes
|move|p1a: Bisharp|Low Kick|p2a: Samurott
|-supereffective|p2a: Samurott
|-damage|p2a: Samurott|25/100
|
|upkeep
|turn|4
|
|t:|1779632276
|move|p2a: Samurott|Ceaseless Edge|p1a: Bisharp
|-resisted|p1a: Bisharp
|-damage|p1a: Bisharp|58/100
|-sidestart|p1: aaagislash|Spikes
|move|p1a: Bisharp|Iron Head|p2a: Samurott
|-resisted|p2a: Samurott
|-damage|p2a: Samurott|0 fnt
|faint|p2a: Samurott
|
|upkeep
|
|t:|1779632292
|switch|p2a: Conkeldurr|Conkeldurr, M|100/100
|-activate|p2a: Conkeldurr|move: Sticky Web
|-unboost|p2a: Conkeldurr|spe|1
|turn|5
|
|t:|1779632296
|switch|p1a: Cresselia|Cresselia, F|100/100
|move|p2a: Conkeldurr|Knock Off|p1a: Cresselia
|-supereffective|p1a: Cresselia
|-damage|p1a: Cresselia|61/100
|-enditem|p1a: Cresselia|Mental Herb|[from] move: Knock Off|[of] p2a: Conkeldurr
|
|-status|p2a: Conkeldurr|brn|[from] item: Flame Orb
|upkeep
|turn|6
|
|t:|1779632305
|switch|p2a: Iron Treads|Iron Treads|100/100
|-activate|p2a: Iron Treads|move: Sticky Web
|-unboost|p2a: Iron Treads|spe|1
|move|p1a: Cresselia|Reflect|p1a: Cresselia
|-sidestart|p1: aaagislash|Reflect
|
|upkeep
|turn|7
|
|t:|1779632310
|move|p2a: Iron Treads|Rapid Spin|p1a: Cresselia
|-damage|p1a: Cresselia|57/100
|-boost|p2a: Iron Treads|spe|1
|-sideend|p2: Sh4dowth33dgyh0g|Sticky Web|[from] move: Rapid Spin|[of] p2a: Iron Treads
|move|p1a: Cresselia|Trick Room|p1a: Cresselia
|-fieldstart|move: Trick Room|[of] p1a: Cresselia
|
|upkeep
|turn|8
|
|t:|1779632320
|switch|p1a: Empoleon|Empoleon, F|100/100
|-damage|p1a: Empoleon|75/100|[from] Spikes
|move|p2a: Iron Treads|Volt Switch|p1a: Empoleon
|-supereffective|p1a: Empoleon
|-damage|p1a: Empoleon|56/100
|
|t:|1779632326
|-end|p2a: Iron Treads|Quark Drive|[silent]
|switch|p2a: Conkeldurr|Conkeldurr, M|100/100 brn|[from] Volt Switch
|
|-damage|p2a: Conkeldurr|94/100 brn|[from] brn
|upkeep
|turn|9
|
|t:|1779632330
|move|p2a: Conkeldurr|Drain Punch|p1a: Empoleon
|-supereffective|p1a: Empoleon
|-damage|p1a: Empoleon|0 fnt
|-heal|p2a: Conkeldurr|100/100 brn|[from] drain|[of] p1a: Empoleon
|faint|p1a: Empoleon
|
|-damage|p2a: Conkeldurr|94/100 brn|[from] brn
|upkeep
|
|t:|1779632337
|switch|p1a: Falinks|Falinks|100/100
|-damage|p1a: Falinks|76/100|[from] Spikes
|turn|10
|
|t:|1779632340
|-terastallize|p1a: Falinks|Fighting
|move|p2a: Conkeldurr|Drain Punch|p1a: Falinks
|-damage|p1a: Falinks|39/100
|-heal|p2a: Conkeldurr|100/100 brn|[from] drain|[of] p1a: Falinks
|move|p1a: Falinks|Close Combat|p2a: Conkeldurr
|-damage|p2a: Conkeldurr|0 fnt
|-unboost|p1a: Falinks|def|1
|-unboost|p1a: Falinks|spd|1
|faint|p2a: Conkeldurr
|
|-sideend|p1: aaagislash|Reflect
|upkeep
|
|t:|1779632352
|switch|p2a: Raging Bolt|Raging Bolt|100/100
|turn|11
|
|t:|1779632356
|move|p2a: Raging Bolt|Thunderclap|p1a: Falinks
|-damage|p1a: Falinks|0 fnt
|faint|p1a: Falinks
|
|-fieldend|move: Trick Room
|upkeep
|
|t:|1779632359
|switch|p1a: Cresselia|Cresselia, F|57/100
|turn|12
|
|t:|1779632367
|move|p1a: Cresselia|Light Screen|p1a: Cresselia
|-sidestart|p1: aaagislash|move: Light Screen
|move|p2a: Raging Bolt|Calm Mind|p2a: Raging Bolt
|-boost|p2a: Raging Bolt|spa|1
|-boost|p2a: Raging Bolt|spd|1
|
|upkeep
|turn|13
|
|t:|1779632376
|move|p2a: Raging Bolt|Calm Mind|p2a: Raging Bolt
|-boost|p2a: Raging Bolt|spa|1
|-boost|p2a: Raging Bolt|spd|1
|move|p1a: Cresselia|Trick Room|p1a: Cresselia
|-fieldstart|move: Trick Room|[of] p1a: Cresselia
|
|upkeep
|turn|14
|
|t:|1779632380
|move|p2a: Raging Bolt|Calm Mind|p2a: Raging Bolt
|-boost|p2a: Raging Bolt|spa|1
|-boost|p2a: Raging Bolt|spd|1
|move|p1a: Cresselia|Lunar Dance|p1a: Cresselia
|faint|p1a: Cresselia
|
|upkeep
|
|t:|1779632394
|switch|p1a: Bisharp|Bisharp, M|58/100
|-heal|p1a: Bisharp|100/100|[from] move: Lunar Dance
|-damage|p1a: Bisharp|76/100|[from] Spikes
|turn|15
|
|t:|1779632397
|move|p1a: Bisharp|Throat Chop|p2a: Raging Bolt
|-damage|p2a: Raging Bolt|63/100
|-start|p2a: Raging Bolt|Throat Chop|[silent]
|move|p2a: Raging Bolt|Thunderbolt|p1a: Bisharp
|-damage|p1a: Bisharp|16/100
|
|-heal|p2a: Raging Bolt|69/100|[from] item: Leftovers
|upkeep
|turn|16
|
|t:|1779632405
|move|p1a: Bisharp|Sucker Punch|p2a: Raging Bolt
|-damage|p2a: Raging Bolt|37/100
|move|p2a: Raging Bolt|Thunderclap||[still]
|-fail|p2a: Raging Bolt
|
|-heal|p2a: Raging Bolt|43/100|[from] item: Leftovers
|-end|p2a: Raging Bolt|Throat Chop|[silent]
|-sideend|p1: aaagislash|move: Light Screen
|upkeep
|turn|17
|
|t:|1779632412
|move|p1a: Bisharp|Sucker Punch|p2a: Raging Bolt
|-crit|p2a: Raging Bolt
|-damage|p2a: Raging Bolt|0 fnt
|faint|p2a: Raging Bolt
|-end|p2a: Raging Bolt|Protosynthesis|[silent]
|
|-fieldend|move: Trick Room
|upkeep
|
|t:|1779632419
|switch|p2a: Zamazenta|Zamazenta, shiny|100/100
|-ability|p2a: Zamazenta|Dauntless Shield|boost
|-boost|p2a: Zamazenta|def|1
|turn|18
|
|t:|1779632424
|switch|p1a: Rabsca|Rabsca, F|100/100
|move|p2a: Zamazenta|Iron Defense|p2a: Zamazenta
|-boost|p2a: Zamazenta|def|2
|
|upkeep
|turn|19
|
|t:|1779632449
|-terastallize|p2a: Zamazenta|Dark
|move|p2a: Zamazenta|Crunch|p1a: Rabsca
|-supereffective|p1a: Rabsca
|-damage|p1a: Rabsca|43/100
|move|p1a: Rabsca|Revival Blessing|p1a: Rabsca
|
|t:|1779632453
|-heal|p1: Empoleon|50/100|[from] move: Revival Blessing
|
|upkeep
|turn|20
|
|t:|1779632459
|move|p2a: Zamazenta|Crunch|p1a: Rabsca
|-supereffective|p1a: Rabsca
|-damage|p1a: Rabsca|0 fnt
|faint|p1a: Rabsca
|
|upkeep
|-message|aaagislash forfeited.
|
|win|Sh4dowth33dgyh0g
|raw|aaagislash's rating: 1453 &rarr; <strong>1431</strong><br />(-22 for losing)
|raw|Sh4dowth33dgyh0g's rating: 1413 &rarr; <strong>1435</strong><br />(+22 for winning)
|l|‽aaagislash
|player|p1|
|l|☆Sh4dowth33dgyh0g
|player|p2|
