|inactive|Battle timer is ON: inactive players will automatically lose when time's up.
|t:|1779651367
|gametype|singles
|player|p1|mipc|dawn-gen4pt|
|player|p2|Dwagone|hilbert-wonderlauncher|
|gen|9
|tier|[Gen 9] OU
|rule|HP Percentage Mod: HP is shown in percentages
|rule|Endless Battle Clause: Forcing endless battles is banned
|rule|Species Clause: Limit one of each Pokémon
|rule|OHKO Clause: OHKO moves are banned
|rule|Evasion Items Clause: Evasion items are banned
|rule|Evasion Moves Clause: Evasion moves are banned
|rule|Evasion Abilities Clause: Evasion abilities are banned
|rule|Sleep Moves Clause: Sleep-inducing moves are banned
|clearpoke
|poke|p1|Cinderace, M|
|poke|p1|Kyurem|
|poke|p1|Zamazenta-*|
|poke|p1|Corviknight, M|
|poke|p1|Ting-Lu|
|poke|p1|Slowking-Galar, M|
|poke|p2|Zamazenta-*|
|poke|p2|Dragonite, F|
|poke|p2|Iron Valiant|
|poke|p2|Great Tusk|
|poke|p2|Deoxys-Speed|
|poke|p2|Gholdengo|
|teampreview
|c|☆mipc|hf
|c|☆Dwagone|glhf
|inactive|mipc has 270 seconds left.
|inactive|Dwagone has 270 seconds left.
|inactive|Dwagone has 240 seconds left.
|
|t:|1779651436
|teamsize|p1|6
|teamsize|p2|6
|start
|switch|p1a: Slowking|Slowking-Galar, M|100/100
|switch|p2a: Deoxys|Deoxys-Speed|100/100
|-ability|p2a: Deoxys|Pressure
|turn|1
|
|t:|1779651451
|move|p2a: Deoxys|Spikes|p1a: Slowking
|-sidestart|p1: mipc|Spikes
|move|p1a: Slowking|Sludge Bomb|p2a: Deoxys
|-damage|p2a: Deoxys|60/100
|
|upkeep
|turn|2
|inactive|Dwagone has 270 seconds left.
|
|t:|1779651503
|switch|p2a: Gholdengo|Gholdengo|100/100
|move|p1a: Slowking|Sludge Bomb|p2a: Gholdengo
|-immune|p2a: Gholdengo
|
|upkeep
|turn|3
|
|t:|1779651515
|move|p2a: Gholdengo|Nasty Plot|p2a: Gholdengo
|-boost|p2a: Gholdengo|spa|2
|-prepare|p1a: Slowking|Chilly Reception|[premajor]
|move|p1a: Slowking|Chilly Reception|p1a: Slowking
|-weather|Snowscape
|inactive|mipc has 270 seconds left.
|
|t:|1779651555
|switch|p1a: Ting-Lu|Ting-Lu|100/100|[from] Chilly Reception
|-damage|p1a: Ting-Lu|88/100|[from] Spikes
|-ability|p1a: Ting-Lu|Vessel of Ruin
|
|-weather|Snowscape|[upkeep]
|-heal|p1a: Ting-Lu|94/100|[from] item: Leftovers
|upkeep
|turn|4
|
|t:|1779651572
|move|p2a: Gholdengo|Focus Blast|p1a: Ting-Lu
|-supereffective|p1a: Ting-Lu
|-damage|p1a: Ting-Lu|40/100
|-unboost|p1a: Ting-Lu|spd|1
|move|p1a: Ting-Lu|Earthquake|p2a: Gholdengo
|-supereffective|p2a: Gholdengo
|-damage|p2a: Gholdengo|50/100
|
|-weather|Snowscape|[upkeep]
|-heal|p1a: Ting-Lu|46/100|[from] item: Leftovers
|upkeep
|turn|5
|inactive|mipc has 270 seconds left.
|
|t:|1779651598
|move|p2a: Gholdengo|Focus Blast|p1a: Ting-Lu|[miss]
|-miss|p2a: Gholdengo|p1a: Ting-Lu
|move|p1a: Ting-Lu|Earthquake|p2a: Gholdengo
|-supereffective|p2a: Gholdengo
|-damage|p2a: Gholdengo|0 fnt
|faint|p2a: Gholdengo
|
|-weather|Snowscape|[upkeep]
|-heal|p1a: Ting-Lu|52/100|[from] item: Leftovers
|upkeep
|c|☆mipc|mb
|
|t:|1779651607
|switch|p2a: Zamazenta|Zamazenta|100/100
|-ability|p2a: Zamazenta|Dauntless Shield|boost
|-boost|p2a: Zamazenta|def|1
|turn|6
|
|t:|1779651612
|switch|p1a: Slowking|Slowking-Galar, M|100/100
|-damage|p1a: Slowking|88/100|[from] Spikes
|move|p2a: Zamazenta|Close Combat|p1a: Slowking
|-resisted|p1a: Slowking
|-damage|p1a: Slowking|67/100
|-unboost|p2a: Zamazenta|def|1
|-unboost|p2a: Zamazenta|spd|1
|-damage|p2a: Zamazenta|91/100|[from] item: Life Orb
|
|-weather|Snowscape|[upkeep]
|-heal|p1a: Slowking|73/100|[from] item: Black Sludge
|upkeep
|turn|7
|
|t:|1779651617
|switch|p1a: Corviknight|Corviknight, M|100/100
|-ability|p1a: Corviknight|Pressure
|move|p2a: Zamazenta|Crunch|p1a: Corviknight
|-damage|p1a: Corviknight|78/100
|-damage|p2a: Zamazenta|74/100|[from] item: Rocky Helmet|[of] p1a: Corviknight
|-damage|p2a: Zamazenta|64/100|[from] item: Life Orb
|
|-weather|none
|upkeep
|turn|8
|
|t:|1779651640
|switch|p2a: Deoxys|Deoxys-Speed|60/100
|-ability|p2a: Deoxys|Pressure
|move|p1a: Corviknight|Roost|p1a: Corviknight
|-heal|p1a: Corviknight|100/100
|-singleturn|p1a: Corviknight|move: Roost
|
|upkeep
|turn|9
|inactive|Dwagone has 240 seconds left.
|
|t:|1779651673
|move|p2a: Deoxys|Spikes|p1a: Corviknight
|-sidestart|p1: mipc|Spikes
|move|p1a: Corviknight|U-turn|p2a: Deoxys
|-supereffective|p2a: Deoxys
|-damage|p2a: Deoxys|25/100
|
|t:|1779651679
|switch|p1a: Slowking|Slowking-Galar, M|100/100|[from] U-turn
|-damage|p1a: Slowking|84/100|[from] Spikes
|
|-heal|p1a: Slowking|90/100|[from] item: Black Sludge
|upkeep
|turn|10
|inactive|Dwagone has 240 seconds left.
|inactive|Dwagone has 210 seconds left.
|
|t:|1779651716
|move|p2a: Deoxys|Spikes|p1a: Slowking
|-sidestart|p1: mipc|Spikes
|move|p1a: Slowking|Future Sight|p2a: Deoxys
|-start|p1a: Slowking|move: Future Sight
|
|-heal|p1a: Slowking|96/100|[from] item: Black Sludge
|upkeep
|turn|11
|inactive|Dwagone has 210 seconds left.
|inactive|Dwagone has 180 seconds left.
|inactive|Dwagone has 150 seconds left.
|
|t:|1779651798
|move|p2a: Deoxys|Taunt|p1a: Slowking
|-start|p1a: Slowking|move: Taunt
|move|p1a: Slowking|Sludge Bomb|p2a: Deoxys
|-damage|p2a: Deoxys|0 fnt
|faint|p2a: Deoxys
|
|-heal|p1a: Slowking|100/100|[from] item: Black Sludge
|upkeep
|inactive|Dwagone has 120 seconds left.
|
|t:|1779651842
|switch|p2a: Great Tusk|Great Tusk|100/100
|-enditem|p2a: Great Tusk|Booster Energy
|-activate|p2a: Great Tusk|ability: Protosynthesis|[fromitem]
|-start|p2a: Great Tusk|protosynthesisspe
|turn|12
|
|t:|1779651853
|switch|p1a: Kyurem|Kyurem|100/100
|-damage|p1a: Kyurem|76/100|[from] Spikes
|-ability|p1a: Kyurem|Pressure
|move|p2a: Great Tusk|Head Smash|p1a: Kyurem|[miss]
|-miss|p2a: Great Tusk|p1a: Kyurem
|
|-end|p2a: Great Tusk|move: Future Sight
|-supereffective|p2a: Great Tusk
|-damage|p2a: Great Tusk|0 fnt
|faint|p2a: Great Tusk
|-end|p2a: Great Tusk|Protosynthesis|[silent]
|upkeep
|
|t:|1779651869
|switch|p2a: Zamazenta|Zamazenta|64/100
|turn|13
|
|t:|1779651885
|switch|p1a: Corviknight|Corviknight, M|100/100
|-ability|p1a: Corviknight|Pressure
|move|p2a: Zamazenta|Close Combat|p1a: Corviknight
|-damage|p1a: Corviknight|53/100
|-unboost|p2a: Zamazenta|def|1
|-unboost|p2a: Zamazenta|spd|1
|-damage|p2a: Zamazenta|48/100|[from] item: Rocky Helmet|[of] p1a: Corviknight
|-damage|p2a: Zamazenta|38/100|[from] item: Life Orb
|
|upkeep
|turn|14
|inactive|Dwagone has 90 seconds left.
|
|t:|1779651915
|move|p2a: Zamazenta|Close Combat|p1a: Corviknight
|-damage|p1a: Corviknight|3/100
|-unboost|p2a: Zamazenta|def|1
|-unboost|p2a: Zamazenta|spd|1
|-damage|p2a: Zamazenta|21/100|[from] item: Rocky Helmet|[of] p1a: Corviknight
|-damage|p2a: Zamazenta|11/100|[from] item: Life Orb
|move|p1a: Corviknight|Roost|p1a: Corviknight
|-heal|p1a: Corviknight|53/100
|-singleturn|p1a: Corviknight|move: Roost
|
|upkeep
|turn|15
|inactive|Dwagone has 90 seconds left.
|
|t:|1779651934
|move|p2a: Zamazenta|Close Combat|p1a: Corviknight
|-damage|p1a: Corviknight|6/100
|-unboost|p2a: Zamazenta|def|1
|-unboost|p2a: Zamazenta|spd|1
|-damage|p2a: Zamazenta|0 fnt|[from] item: Rocky Helmet|[of] p1a: Corviknight
|faint|p2a: Zamazenta
|move|p1a: Corviknight|Roost|p1a: Corviknight
|-heal|p1a: Corviknight|56/100
|-singleturn|p1a: Corviknight|move: Roost
|
|upkeep
|
|t:|1779651936
|switch|p2a: Dragonite|Dragonite, F|100/100
|turn|16
|
|t:|1779651944
|switch|p1a: Zamazenta|Zamazenta|100/100
|-damage|p1a: Zamazenta|76/100|[from] Spikes
|-ability|p1a: Zamazenta|Dauntless Shield|boost
|-boost|p1a: Zamazenta|def|1
|move|p2a: Dragonite|Dragon Dance|p2a: Dragonite
|-boost|p2a: Dragonite|atk|1
|-boost|p2a: Dragonite|spe|1
|
|-heal|p1a: Zamazenta|82/100|[from] item: Leftovers
|upkeep
|turn|17
|inactive|Dwagone has 90 seconds left.
|inactive|Dwagone has 60 seconds left.
|
|t:|1779651989
|switch|p2a: Iron Valiant|Iron Valiant|100/100
|-enditem|p2a: Iron Valiant|Booster Energy
|-activate|p2a: Iron Valiant|ability: Quark Drive|[fromitem]
|-start|p2a: Iron Valiant|quarkdrivespe
|move|p1a: Zamazenta|Roar|p2a: Iron Valiant
|-end|p2a: Iron Valiant|Quark Drive|[silent]
|drag|p2a: Dragonite|Dragonite, F|100/100
|
|-heal|p1a: Zamazenta|88/100|[from] item: Leftovers
|upkeep
|turn|18
|
|t:|1779651997
|switch|p2a: Iron Valiant|Iron Valiant|100/100
|move|p1a: Zamazenta|Iron Defense|p1a: Zamazenta
|-boost|p1a: Zamazenta|def|2
|
|-heal|p1a: Zamazenta|94/100|[from] item: Leftovers
|upkeep
|turn|19
|
|t:|1779652007
|move|p1a: Zamazenta|Body Press|p2a: Iron Valiant
|-resisted|p2a: Iron Valiant
|-damage|p2a: Iron Valiant|34/100
|move|p2a: Iron Valiant|Moonblast|p1a: Zamazenta
|-supereffective|p1a: Zamazenta
|-damage|p1a: Zamazenta|13/100
|-unboost|p1a: Zamazenta|spa|1
|
|-heal|p1a: Zamazenta|19/100|[from] item: Leftovers
|upkeep
|turn|20
|
|t:|1779652023
|move|p1a: Zamazenta|Crunch|p2a: Iron Valiant
|-resisted|p2a: Iron Valiant
|-damage|p2a: Iron Valiant|27/100
|move|p2a: Iron Valiant|Moonblast|p1a: Zamazenta
|-supereffective|p1a: Zamazenta
|-damage|p1a: Zamazenta|0 fnt
|faint|p1a: Zamazenta
|
|upkeep
|inactive|mipc has 270 seconds left.
|inactive|mipc has 240 seconds left.
|
|t:|1779652095
|switch|p1a: Corviknight|Corviknight, M|56/100
|-ability|p1a: Corviknight|Pressure
|turn|21
|
|t:|1779652101
|move|p2a: Iron Valiant|Taunt|p1a: Corviknight
|-start|p1a: Corviknight|move: Taunt
|cant|p1a: Corviknight|move: Taunt|Defog
|
|upkeep
|turn|22
|
|t:|1779652104
|move|p2a: Iron Valiant|Knock Off|p1a: Corviknight
|-damage|p1a: Corviknight|38/100
|-damage|p2a: Iron Valiant|10/100|[from] item: Rocky Helmet|[of] p1a: Corviknight
|-enditem|p1a: Corviknight|Rocky Helmet|[from] move: Knock Off|[of] p2a: Iron Valiant
|move|p1a: Corviknight|U-turn|p2a: Iron Valiant
|-resisted|p2a: Iron Valiant
|-damage|p2a: Iron Valiant|5/100
|inactive|mipc has 240 seconds left.
|
|t:|1779652121
|switch|p1a: Cinderace|Cinderace, M|100/100|[from] U-turn
|
|upkeep
|turn|23
|
|t:|1779652134
|move|p1a: Cinderace|Pyro Ball|p2a: Iron Valiant
|-damage|p2a: Iron Valiant|0 fnt
|faint|p2a: Iron Valiant
|-end|p2a: Iron Valiant|Quark Drive|[silent]
|
|upkeep
|
|t:|1779652135
|switch|p2a: Dragonite|Dragonite, F|100/100
|turn|24
|
|t:|1779652139
|-terastallize|p2a: Dragonite|Fire
|move|p1a: Cinderace|Will-O-Wisp|p2a: Dragonite|[miss]
|-miss|p1a: Cinderace|p2a: Dragonite
|move|p2a: Dragonite|Dragon Dance|p2a: Dragonite
|-boost|p2a: Dragonite|atk|1
|-boost|p2a: Dragonite|spe|1
|
|upkeep
|turn|25
|inactive|Dwagone has 120 seconds left.
|
|t:|1779652165
|move|p2a: Dragonite|Dragon Dance|p2a: Dragonite
|-boost|p2a: Dragonite|atk|1
|-boost|p2a: Dragonite|spe|1
|move|p1a: Cinderace|U-turn|p2a: Dragonite
|-resisted|p2a: Dragonite
|-damage|p2a: Dragonite|96/100
|
|t:|1779652170
|switch|p1a: Slowking|Slowking-Galar, M|100/100|[from] U-turn
|-damage|p1a: Slowking|76/100|[from] Spikes
|
|-heal|p1a: Slowking|82/100|[from] item: Black Sludge
|upkeep
|turn|26
|
|t:|1779652184
|-terastallize|p1a: Slowking|Water
|move|p2a: Dragonite|Fire Punch|p1a: Slowking
|-resisted|p1a: Slowking
|-damage|p1a: Slowking|18/100
|-damage|p2a: Dragonite|86/100|[from] item: Life Orb
|move|p1a: Slowking|Trick|p2a: Dragonite
|-activate|p1a: Slowking|move: Trick|[of] p2a: Dragonite
|-item|p2a: Dragonite|Black Sludge|[from] move: Trick
|-item|p1a: Slowking|Life Orb|[from] move: Trick
|
|-damage|p2a: Dragonite|74/100|[from] item: Black Sludge
|upkeep
|turn|27
|inactive|Dwagone has 120 seconds left.
|inactive|mipc has 240 seconds left.
|
|t:|1779652215
|switch|p1a: Kyurem|Kyurem|76/100
|-damage|p1a: Kyurem|51/100|[from] Spikes
|-ability|p1a: Kyurem|Pressure
|move|p2a: Dragonite|Outrage|p1a: Kyurem
|-supereffective|p1a: Kyurem
|-damage|p1a: Kyurem|0 fnt
|faint|p1a: Kyurem
|
|-damage|p2a: Dragonite|61/100|[from] item: Black Sludge
|upkeep
|inactive|mipc has 240 seconds left.
|inactive|mipc has 210 seconds left.
|
|t:|1779652265
|switch|p1a: Slowking|Slowking-Galar, M, tera:Water|51/100
|-damage|p1a: Slowking|26/100|[from] Spikes
|turn|28
|
|t:|1779652268
|move|p2a: Dragonite|Outrage|p1a: Slowking|[from] lockedmove
|-damage|p1a: Slowking|0 fnt
|faint|p1a: Slowking
|
|-damage|p2a: Dragonite|49/100|[from] item: Black Sludge
|upkeep
|inactive|mipc has 210 seconds left.
|
|t:|1779652280
|switch|p1a: Ting-Lu|Ting-Lu|52/100
|-damage|p1a: Ting-Lu|27/100|[from] Spikes
|-ability|p1a: Ting-Lu|Vessel of Ruin
|turn|29
|
|t:|1779652284
|move|p2a: Dragonite|Outrage|p1a: Ting-Lu|[from] lockedmove
|-damage|p1a: Ting-Lu|0 fnt
|faint|p1a: Ting-Lu
|-start|p2a: Dragonite|confusion|[fatigue]
|
|-damage|p2a: Dragonite|36/100|[from] item: Black Sludge
|upkeep
|
|t:|1779652286
|switch|p1a: Corviknight|Corviknight, M|38/100
|-ability|p1a: Corviknight|Pressure
|turn|30
|
|t:|1779652289
|-activate|p2a: Dragonite|confusion
|move|p2a: Dragonite|Outrage|p1a: Corviknight
|-resisted|p1a: Corviknight
|-damage|p1a: Corviknight|0 fnt
|faint|p1a: Corviknight
|
|-damage|p2a: Dragonite|24/100|[from] item: Black Sludge
|upkeep
|
|t:|1779652293
|switch|p1a: Cinderace|Cinderace, M|100/100
|turn|31
|
|t:|1779652295
|-activate|p2a: Dragonite|confusion
|-damage|p2a: Dragonite|0 fnt|[from] confusion
|faint|p2a: Dragonite
|
|win|mipc
