|j|☆blueThe12thman
|j|☆BiggieChed66
|t:|1779682319
|gametype|singles
|player|p1|blueThe12thman|silver|1422
|player|p2|BiggieChed66|ghetsis-gen5bw|1362
|gen|9
|tier|[Gen 9] OU
|rated|
|rule|HP Percentage Mod: HP is shown in percentages
|rule|Endless Battle Clause: Forcing endless battles is banned
|rule|Species Clause: Limit one of each Pokémon
|rule|OHKO Clause: OHKO moves are banned
|rule|Evasion Items Clause: Evasion items are banned
|rule|Evasion Moves Clause: Evasion moves are banned
|rule|Evasion Abilities Clause: Evasion abilities are banned
|rule|Sleep Moves Clause: Sleep-inducing moves are banned
|clearpoke
|poke|p1|Kingambit, F|
|poke|p1|Ursaluna, F|
|poke|p1|Dragapult, M|
|poke|p1|Manaphy|
|poke|p1|Glimmora, F|
|poke|p1|Zamazenta-*|
|poke|p2|Gholdengo|
|poke|p2|Gliscor, F|
|poke|p2|Iron Moth|
|poke|p2|Ogerpon-Wellspring, F|
|poke|p2|Great Tusk|
|poke|p2|Darkrai|
|teampreview
|c|☆blueThe12thman|hf
|inactive|Battle timer is ON: inactive players will automatically lose when time's up. (requested by BiggieChed66)
|
|t:|1779682331
|teamsize|p1|6
|teamsize|p2|6
|start
|switch|p1a: Manaphy|Manaphy|100/100
|switch|p2a: Great Tusk|Great Tusk|100/100
|turn|1
|
|t:|1779682342
|-end|p2a: Great Tusk|Protosynthesis|[silent]
|switch|p2a: Ogerpon|Ogerpon-Wellspring, F|100/100
|move|p1a: Manaphy|Substitute|p1a: Manaphy
|-start|p1a: Manaphy|Substitute
|-damage|p1a: Manaphy|76/100
|
|-heal|p1a: Manaphy|82/100|[from] item: Leftovers
|upkeep
|turn|2
|
|t:|1779682359
|move|p2a: Ogerpon|Horn Leech|p1a: Manaphy
|-supereffective|p1a: Manaphy
|-end|p1a: Manaphy|Substitute
|move|p1a: Manaphy|Alluring Voice|p2a: Ogerpon
|-damage|p2a: Ogerpon|75/100
|
|-heal|p1a: Manaphy|88/100|[from] item: Leftovers
|upkeep
|turn|3
|
|t:|1779682364
|switch|p1a: Glimmora|Glimmora, F|100/100
|move|p2a: Ogerpon|Horn Leech|p1a: Glimmora
|-damage|p1a: Glimmora|67/100
|-heal|p2a: Ogerpon|96/100|[from] drain|[of] p1a: Glimmora
|-activate|p1a: Glimmora|ability: Toxic Debris
|-sidestart|p2: BiggieChed66|move: Toxic Spikes
|-enditem|p1a: Glimmora|Red Card|[of] p2a: Ogerpon
|drag|p2a: Great Tusk|Great Tusk|100/100
|
|upkeep
|turn|4
|
|t:|1779682387
|switch|p1a: Dragapult|Dragapult, M|100/100
|move|p2a: Great Tusk|Headlong Rush|p1a: Dragapult
|-damage|p1a: Dragapult|12/100
|-unboost|p2a: Great Tusk|def|1
|-unboost|p2a: Great Tusk|spd|1
|
|upkeep
|turn|5
|
|t:|1779682400
|move|p1a: Dragapult|Shadow Ball|p2a: Great Tusk
|-damage|p2a: Great Tusk|0 fnt
|faint|p2a: Great Tusk
|-end|p2a: Great Tusk|Protosynthesis|[silent]
|-damage|p1a: Dragapult|2/100|[from] item: Life Orb
|
|upkeep
|
|t:|1779682406
|switch|p2a: Iron Moth|Iron Moth|100/100
|-sideend|p2: BiggieChed66|move: Toxic Spikes|[of] p2a: Iron Moth
|-enditem|p2a: Iron Moth|Booster Energy
|-activate|p2a: Iron Moth|ability: Quark Drive|[fromitem]
|-start|p2a: Iron Moth|quarkdrivespa
|turn|6
|
|t:|1779682412
|-terastallize|p2a: Iron Moth|Fairy
|move|p1a: Dragapult|Draco Meteor|p2a: Iron Moth
|-immune|p2a: Iron Moth
|move|p2a: Iron Moth|Fiery Dance|p1a: Dragapult
|-resisted|p1a: Dragapult
|-damage|p1a: Dragapult|0 fnt
|faint|p1a: Dragapult
|
|upkeep
|
|t:|1779682429
|switch|p1a: Glimmora|Glimmora, F|67/100
|turn|7
|
|t:|1779682441
|move|p2a: Iron Moth|Discharge|p1a: Glimmora
|-damage|p1a: Glimmora|23/100
|move|p1a: Glimmora|Stealth Rock|p2a: Iron Moth
|-sidestart|p2: BiggieChed66|move: Stealth Rock
|
|upkeep
|turn|8
|
|t:|1779682446
|switch|p1a: Ursaluna|Ursaluna, F|100/100
|move|p2a: Iron Moth|Discharge|p1a: Ursaluna
|-immune|p1a: Ursaluna
|
|-status|p1a: Ursaluna|brn|[from] item: Flame Orb
|upkeep
|turn|9
|
|t:|1779682456
|move|p2a: Iron Moth|Fiery Dance|p1a: Ursaluna
|-damage|p1a: Ursaluna|41/100 brn
|-boost|p2a: Iron Moth|spa|1
|move|p1a: Ursaluna|Trailblaze|p2a: Iron Moth
|-damage|p2a: Iron Moth|53/100
|-boost|p1a: Ursaluna|spe|1
|
|-damage|p1a: Ursaluna|35/100 brn|[from] brn
|upkeep
|turn|10
|
|t:|1779682465
|switch|p1a: Glimmora|Glimmora, F|23/100
|move|p2a: Iron Moth|Fiery Dance|p1a: Glimmora
|-resisted|p1a: Glimmora
|-damage|p1a: Glimmora|0 fnt
|-boost|p2a: Iron Moth|spa|1
|faint|p1a: Glimmora
|
|upkeep
|inactive|blueThe12thman has 120 seconds left.
|
|t:|1779682505
|switch|p1a: Zamazenta|Zamazenta|100/100
|-ability|p1a: Zamazenta|Dauntless Shield|boost
|-boost|p1a: Zamazenta|def|1
|turn|11
|
|t:|1779682514
|move|p1a: Zamazenta|Light Screen|p1a: Zamazenta
|-sidestart|p1: blueThe12thman|move: Light Screen
|move|p2a: Iron Moth|Dazzling Gleam|p1a: Zamazenta
|-supereffective|p1a: Zamazenta
|-damage|p1a: Zamazenta|0 fnt
|faint|p1a: Zamazenta
|
|upkeep
|
|t:|1779682524
|switch|p1a: Manaphy|Manaphy|88/100
|turn|12
|
|t:|1779682527
|move|p2a: Iron Moth|Discharge|p1a: Manaphy
|-supereffective|p1a: Manaphy
|-damage|p1a: Manaphy|10/100
|move|p1a: Manaphy|Hydro Pump|p2a: Iron Moth
|-damage|p2a: Iron Moth|0 fnt
|faint|p2a: Iron Moth
|-end|p2a: Iron Moth|Quark Drive|[silent]
|
|-heal|p1a: Manaphy|16/100|[from] item: Leftovers
|upkeep
|
|t:|1779682533
|switch|p2a: Ogerpon|Ogerpon-Wellspring, F|96/100
|-damage|p2a: Ogerpon|83/100|[from] Stealth Rock
|turn|13
|
|t:|1779682544
|move|p2a: Ogerpon|Horn Leech|p1a: Manaphy
|-supereffective|p1a: Manaphy
|-damage|p1a: Manaphy|0 fnt
|-heal|p2a: Ogerpon|92/100|[from] drain|[of] p1a: Manaphy
|faint|p1a: Manaphy
|
|upkeep
|inactive|blueThe12thman has 120 seconds left.
|
|t:|1779682562
|switch|p1a: Ursaluna|Ursaluna, F|35/100 brn
|turn|14
|
|t:|1779682565
|move|p2a: Ogerpon|Ivy Cudgel|p1a: Ursaluna|[anim] Ivy Cudgel Water
|-supereffective|p1a: Ursaluna
|-damage|p1a: Ursaluna|0 fnt
|faint|p1a: Ursaluna
|
|upkeep
|
|t:|1779682567
|switch|p1a: Kingambit|Kingambit, F|100/100
|-activate|p1a: Kingambit|ability: Supreme Overlord
|-start|p1a: Kingambit|fallen5|[silent]
|turn|15
|
|t:|1779682586
|move|p2a: Ogerpon|Ivy Cudgel|p1a: Kingambit|[anim] Ivy Cudgel Water
|-damage|p1a: Kingambit|52/100
|move|p1a: Kingambit|Swords Dance|p1a: Kingambit
|-boost|p1a: Kingambit|atk|2
|
|-heal|p1a: Kingambit|58/100|[from] item: Leftovers
|upkeep
|turn|16
|
|t:|1779682593
|move|p1a: Kingambit|Sucker Punch|p2a: Ogerpon
|-damage|p2a: Ogerpon|0 fnt
|faint|p2a: Ogerpon
|
|-heal|p1a: Kingambit|64/100|[from] item: Leftovers
|upkeep
|
|t:|1779682595
|switch|p2a: Gliscor|Gliscor, F|100/100
|-damage|p2a: Gliscor|88/100|[from] Stealth Rock
|turn|17
|
|t:|1779682600
|-terastallize|p1a: Kingambit|Fairy
|move|p1a: Kingambit|Sucker Punch|p2a: Gliscor
|-damage|p2a: Gliscor|8/100
|move|p2a: Gliscor|Earthquake|p1a: Kingambit
|-damage|p1a: Kingambit|41/100
|
|-heal|p1a: Kingambit|47/100|[from] item: Leftovers
|-status|p2a: Gliscor|tox|[from] item: Toxic Orb
|upkeep
|turn|18
|
|t:|1779682612
|move|p1a: Kingambit|Sucker Punch|p2a: Gliscor
|-damage|p2a: Gliscor|0 fnt
|faint|p2a: Gliscor
|
|-heal|p1a: Kingambit|53/100|[from] item: Leftovers
|-sideend|p1: blueThe12thman|move: Light Screen
|upkeep
|
|t:|1779682615
|switch|p2a: Darkrai|Darkrai|100/100
|-damage|p2a: Darkrai|88/100|[from] Stealth Rock
|turn|19
|
|t:|1779682620
|move|p1a: Kingambit|Sucker Punch|p2a: Darkrai
|-resisted|p2a: Darkrai
|-damage|p2a: Darkrai|3/100
|move|p2a: Darkrai|Sludge Bomb|p1a: Kingambit
|-supereffective|p1a: Kingambit
|-damage|p1a: Kingambit|0 fnt
|faint|p1a: Kingambit
|-end|p1a: Kingambit|fallen5|[silent]
|-damage|p2a: Darkrai|0 fnt|[from] item: Life Orb
|faint|p2a: Darkrai
|
|win|BiggieChed66
|raw|blueThe12thman's rating: 1422 &rarr; <strong>1399</strong><br />(-23 for losing)
|raw|BiggieChed66's rating: 1362 &rarr; <strong>1385</strong><br />(+23 for winning)
|c|☆blueThe12thman|gg
|c|☆BiggieChed66|gg
|l|☆BiggieChed66
|player|p2|
|l|☆blueThe12thman
|player|p1|
