|j|☆Iker69420
|j|☆manwhocouldntcook
|t:|1779718978
|gametype|singles
|player|p1|Iker69420|266|1305
|player|p2|manwhocouldntcook|valerie|1368
|gen|9
|tier|[Gen 9] OU
|rated|
|rule|HP Percentage Mod: HP is shown in percentages
|rule|Endless Battle Clause: Forcing endless battles is banned
|rule|Species Clause: Limit one of each Pokémon
|rule|OHKO Clause: OHKO moves are banned
|rule|Evasion Items Clause: Evasion items are banned
|rule|Evasion Moves Clause: Evasion moves are banned
|rule|Evasion Abilities Clause: Evasion abilities are banned
|rule|Sleep Moves Clause: Sleep-inducing moves are banned
|clearpoke
|poke|p1|Torkoal, M|
|poke|p1|Walking Wake|
|poke|p1|Great Tusk|
|poke|p1|Ceruledge, M|
|poke|p1|Iron Moth|
|poke|p1|Raging Bolt|
|poke|p2|Raging Bolt|
|poke|p2|Pincurchin, F|
|poke|p2|Iron Valiant|
|poke|p2|Iron Jugulis|
|poke|p2|Cinderace, F|
|poke|p2|Iron Boulder|
|teampreview
|inactive|Battle timer is ON: inactive players will automatically lose when time's up. (requested by Iker69420)
|
|t:|1779719010
|teamsize|p1|6
|teamsize|p2|6
|start
|switch|p1a: Walking Wake|Walking Wake|100/100
|switch|p2a: Pincurchin|Pincurchin, F|100/100
|-fieldstart|move: Electric Terrain|[from] ability: Electric Surge|[of] p2a: Pincurchin
|turn|1
|
|t:|1779719016
|move|p1a: Walking Wake|Flip Turn|p2a: Pincurchin
|-damage|p2a: Pincurchin|86/100
|
|t:|1779719019
|-end|p1a: Walking Wake|Protosynthesis|[silent]
|switch|p1a: Great Tusk|Great Tusk|100/100|[from] Flip Turn
|move|p2a: Pincurchin|Spikes|p1a: Great Tusk
|-sidestart|p1: Iker69420|Spikes
|
|upkeep
|turn|2
|
|t:|1779719025
|move|p1a: Great Tusk|Rapid Spin|p2a: Pincurchin
|-damage|p2a: Pincurchin|71/100
|-boost|p1a: Great Tusk|spe|1
|-sideend|p1: Iker69420|Spikes|[from] move: Rapid Spin|[of] p1a: Great Tusk
|move|p2a: Pincurchin|Hydro Pump|p1a: Great Tusk
|-supereffective|p1a: Great Tusk
|-damage|p1a: Great Tusk|60/100
|
|upkeep
|turn|3
|
|t:|1779719030
|-end|p1a: Great Tusk|Protosynthesis|[silent]
|switch|p1a: Torkoal|Torkoal, M|100/100
|-weather|SunnyDay|[from] ability: Drought|[of] p1a: Torkoal
|switch|p2a: Iron Jugulis|Iron Jugulis|100/100
|-activate|p2a: Iron Jugulis|ability: Quark Drive
|-start|p2a: Iron Jugulis|quarkdrivespe
|
|-weather|SunnyDay|[upkeep]
|upkeep
|turn|4
|
|t:|1779719038
|move|p2a: Iron Jugulis|Meteor Beam||[still]
|-prepare|p2a: Iron Jugulis|Meteor Beam
|-boost|p2a: Iron Jugulis|spa|1
|-enditem|p2a: Iron Jugulis|Power Herb
|-anim|p2a: Iron Jugulis|Meteor Beam|p1a: Torkoal
|-supereffective|p1a: Torkoal
|-damage|p1a: Torkoal|0 fnt
|faint|p1a: Torkoal
|
|-weather|SunnyDay|[upkeep]
|upkeep
|
|t:|1779719060
|switch|p1a: Raging Bolt|Raging Bolt|100/100
|-item|p1a: Raging Bolt|Air Balloon
|-activate|p1a: Raging Bolt|ability: Protosynthesis
|-start|p1a: Raging Bolt|protosynthesisspa
|turn|5
|
|t:|1779719069
|move|p1a: Raging Bolt|Thunderclap|p2a: Iron Jugulis
|-supereffective|p2a: Iron Jugulis
|-damage|p2a: Iron Jugulis|0 fnt
|faint|p2a: Iron Jugulis
|-end|p2a: Iron Jugulis|Quark Drive|[silent]
|
|-weather|SunnyDay|[upkeep]
|upkeep
|
|t:|1779719072
|switch|p2a: Iron Valiant|Iron Valiant, shiny|100/100
|-activate|p2a: Iron Valiant|ability: Quark Drive
|-start|p2a: Iron Valiant|quarkdrivespe
|turn|6
|
|t:|1779719081
|-terastallize|p1a: Raging Bolt|Fairy
|move|p2a: Iron Valiant|Moonblast|p1a: Raging Bolt
|-damage|p1a: Raging Bolt|45/100
|-unboost|p1a: Raging Bolt|spa|1
|-enditem|p1a: Raging Bolt|Air Balloon
|move|p1a: Raging Bolt|Calm Mind|p1a: Raging Bolt
|-boost|p1a: Raging Bolt|spa|1
|-boost|p1a: Raging Bolt|spd|1
|
|-weather|SunnyDay|[upkeep]
|upkeep
|turn|7
|
|t:|1779719085
|move|p1a: Raging Bolt|Thunderclap|p2a: Iron Valiant
|-damage|p2a: Iron Valiant|0 fnt
|faint|p2a: Iron Valiant
|-end|p2a: Iron Valiant|Quark Drive|[silent]
|
|-weather|SunnyDay|[upkeep]
|upkeep
|
|t:|1779719088
|switch|p2a: Raging Bolt|Raging Bolt|100/100
|-activate|p2a: Raging Bolt|ability: Protosynthesis
|-start|p2a: Raging Bolt|protosynthesisspe
|turn|8
|
|t:|1779719093
|move|p2a: Raging Bolt|Rising Voltage|p1a: Raging Bolt
|-hint|Rising Voltage's BP doubled on grounded target.
|-damage|p1a: Raging Bolt|8/100
|move|p1a: Raging Bolt|Draco Meteor|p2a: Raging Bolt
|-supereffective|p2a: Raging Bolt
|-damage|p2a: Raging Bolt|0 fnt
|-unboost|p1a: Raging Bolt|spa|2
|faint|p2a: Raging Bolt
|-end|p2a: Raging Bolt|Protosynthesis|[silent]
|
|-weather|SunnyDay|[upkeep]
|-fieldend|move: Electric Terrain
|upkeep
|
|t:|1779719099
|switch|p2a: Cinderace|Cinderace, F|100/100
|turn|9
|
|t:|1779719105
|move|p1a: Raging Bolt|Thunderclap||[still]
|-fail|p1a: Raging Bolt
|move|p2a: Cinderace|Court Change||[still]
|-start|p2a: Cinderace|typechange|Normal|[from] ability: Libero
|-fail|p2a: Cinderace
|
|-weather|SunnyDay|[upkeep]
|upkeep
|turn|10
|
|t:|1779719117
|move|p1a: Raging Bolt|Thunderclap|p2a: Cinderace
|-damage|p2a: Cinderace|61/100
|move|p2a: Cinderace|Pyro Ball|p1a: Raging Bolt
|-damage|p1a: Raging Bolt|0 fnt
|faint|p1a: Raging Bolt
|-end|p1a: Raging Bolt|Protosynthesis|[silent]
|
|-weather|none
|upkeep
|
|t:|1779719134
|switch|p1a: Ceruledge|Ceruledge, M|100/100
|turn|11
|
|t:|1779719136
|move|p2a: Cinderace|Shadow Ball|p1a: Ceruledge
|-supereffective|p1a: Ceruledge
|-damage|p1a: Ceruledge|75/100
|move|p1a: Ceruledge|Swords Dance|p1a: Ceruledge
|-boost|p1a: Ceruledge|atk|2
|
|upkeep
|turn|12
|
|t:|1779719154
|switch|p2a: Pincurchin|Pincurchin, F|71/100
|-fieldstart|move: Electric Terrain|[from] ability: Electric Surge|[of] p2a: Pincurchin
|move|p1a: Ceruledge|Bitter Blade|p2a: Pincurchin
|-damage|p2a: Pincurchin|0 fnt
|-heal|p1a: Ceruledge|100/100|[from] drain|[of] p2a: Pincurchin
|faint|p2a: Pincurchin
|
|upkeep
|
|t:|1779719159
|switch|p2a: Iron Boulder|Iron Boulder|100/100
|-activate|p2a: Iron Boulder|ability: Quark Drive
|-start|p2a: Iron Boulder|quarkdrivespe
|turn|13
|
|t:|1779719173
|move|p2a: Iron Boulder|Mighty Cleave|p1a: Ceruledge
|-supereffective|p1a: Ceruledge
|-crit|p1a: Ceruledge
|-enditem|p1a: Ceruledge|Focus Sash
|-damage|p1a: Ceruledge|1/100
|-ability|p1a: Ceruledge|Weak Armor|boost
|-unboost|p1a: Ceruledge|def|1
|-boost|p1a: Ceruledge|spe|2
|move|p1a: Ceruledge|Swords Dance|p1a: Ceruledge
|-boost|p1a: Ceruledge|atk|2
|
|upkeep
|turn|14
|-message|manwhocouldntcook forfeited.
|
|win|Iker69420
|raw|Iker69420's rating: 1305 &rarr; <strong>1329</strong><br />(+24 for winning)
|raw|manwhocouldntcook's rating: 1368 &rarr; <strong>1344</strong><br />(-24 for losing)
|l|☆manwhocouldntcook
|player|p2|
