|badge|p2|bronze|gen9ou|100-9
|uhtml|medal-msg|<div class="broadcast-blue">Curious what those medals under the avatar are? PS now has Ladder Seasons! For more information, check out the <a href="https://www.smogon.com/forums/threads/3740067/">thread on Smogon.</a></div>
|j|☆bsp1
|j|☆omari p
|t:|1779572907
|gametype|singles
|player|p1|bsp1|170|1622
|player|p2|omari p|pokemonrangerf|1823
|gen|9
|tier|[Gen 9] OU
|rated|
|rule|HP Percentage Mod: HP is shown in percentages
|rule|Endless Battle Clause: Forcing endless battles is banned
|rule|Species Clause: Limit one of each Pokémon
|rule|OHKO Clause: OHKO moves are banned
|rule|Evasion Items Clause: Evasion items are banned
|rule|Evasion Moves Clause: Evasion moves are banned
|rule|Evasion Abilities Clause: Evasion abilities are banned
|rule|Sleep Moves Clause: Sleep-inducing moves are banned
|clearpoke
|poke|p1|Walking Wake|
|poke|p1|Cresselia, F|
|poke|p1|Ninetales, M|
|poke|p1|Zarude|
|poke|p1|Ceruledge, F|
|poke|p1|Great Tusk|
|poke|p2|Cinderace, F|
|poke|p2|Deoxys-Speed|
|poke|p2|Dragonite, M|
|poke|p2|Kingambit, F|
|poke|p2|Mandibuzz, F|
|poke|p2|Porygon-Z|
|teampreview
|
|t:|1779572927
|teamsize|p1|6
|teamsize|p2|6
|start
|switch|p1a: Zarude|Zarude|100/100
|switch|p2a: Porygon-Z|Porygon-Z, shiny|100/100
|turn|1
|inactive|Battle timer is ON: inactive players will automatically lose when time's up. (requested by omari p)
|
|t:|1779572935
|move|p1a: Zarude|Knock Off|p2a: Porygon-Z
|-damage|p2a: Porygon-Z|28/100
|-enditem|p2a: Porygon-Z|Life Orb|[from] move: Knock Off|[of] p1a: Zarude
|move|p2a: Porygon-Z|Tri Attack|p1a: Zarude
|-damage|p1a: Zarude|42/100
|
|-heal|p1a: Zarude|48/100|[from] item: Leftovers
|upkeep
|turn|2
|
|t:|1779572948
|move|p1a: Zarude|Knock Off|p2a: Porygon-Z
|-damage|p2a: Porygon-Z|0 fnt
|faint|p2a: Porygon-Z
|
|-heal|p1a: Zarude|54/100|[from] item: Leftovers
|upkeep
|
|t:|1779572950
|switch|p2a: Deoxys|Deoxys-Speed|100/100
|-ability|p2a: Deoxys|Pressure
|turn|3
|
|t:|1779572958
|move|p2a: Deoxys|Ice Beam|p1a: Zarude
|-supereffective|p1a: Zarude
|-damage|p1a: Zarude|0 fnt
|faint|p1a: Zarude
|
|upkeep
|
|t:|1779572963
|switch|p1a: Ninetales|Ninetales, M|100/100
|-weather|SunnyDay|[from] ability: Drought|[of] p1a: Ninetales
|turn|4
|
|t:|1779572965
|move|p2a: Deoxys|Stealth Rock|p1a: Ninetales
|-sidestart|p1: bsp1|move: Stealth Rock
|move|p1a: Ninetales|Overheat|p2a: Deoxys
|-damage|p2a: Deoxys|3/100
|-unboost|p1a: Ninetales|spa|2
|
|-weather|SunnyDay|[upkeep]
|upkeep
|turn|5
|
|t:|1779572970
|move|p2a: Deoxys|Psycho Boost|p1a: Ninetales
|-damage|p1a: Ninetales|37/100
|-unboost|p2a: Deoxys|spa|2
|move|p1a: Ninetales|Overheat|p2a: Deoxys
|-damage|p2a: Deoxys|0 fnt
|-unboost|p1a: Ninetales|spa|2
|faint|p2a: Deoxys
|
|-weather|SunnyDay|[upkeep]
|upkeep
|
|t:|1779572974
|switch|p2a: Dragonite|Dragonite, M|100/100
|turn|6
|
|t:|1779572983
|move|p1a: Ninetales|Will-O-Wisp|p2a: Dragonite
|-status|p2a: Dragonite|brn
|-enditem|p2a: Dragonite|Lum Berry|[eat]
|-curestatus|p2a: Dragonite|brn|[msg]
|move|p2a: Dragonite|Dragon Dance|p2a: Dragonite
|-boost|p2a: Dragonite|atk|1
|-boost|p2a: Dragonite|spe|1
|
|-weather|SunnyDay|[upkeep]
|upkeep
|turn|7
|j| Inothtunothtino
|
|t:|1779572993
|switch|p1a: Cresselia|Cresselia, F|100/100
|-damage|p1a: Cresselia|88/100|[from] Stealth Rock
|move|p2a: Dragonite|Extreme Speed|p1a: Cresselia
|-damage|p1a: Cresselia|60/100
|-enditem|p1a: Cresselia|Eject Button
|
|t:|1779573000
|switch|p1a: Great Tusk|Great Tusk|100/100
|-damage|p1a: Great Tusk|97/100|[from] Stealth Rock
|-activate|p1a: Great Tusk|ability: Protosynthesis
|-start|p1a: Great Tusk|protosynthesisatk
|
|-weather|SunnyDay|[upkeep]
|upkeep
|turn|8
|
|t:|1779573004
|move|p2a: Dragonite|Dragon Dance|p2a: Dragonite
|-boost|p2a: Dragonite|atk|1
|-boost|p2a: Dragonite|spe|1
|move|p1a: Great Tusk|Rapid Spin|p2a: Dragonite
|-damage|p2a: Dragonite|87/100
|-boost|p1a: Great Tusk|spe|1
|-sideend|p1: bsp1|Stealth Rock|[from] move: Rapid Spin|[of] p1a: Great Tusk
|
|-weather|SunnyDay|[upkeep]
|upkeep
|turn|9
|
|t:|1779573008
|move|p2a: Dragonite|Outrage|p1a: Great Tusk
|-damage|p1a: Great Tusk|0 fnt
|faint|p1a: Great Tusk
|-end|p1a: Great Tusk|Protosynthesis|[silent]
|
|-weather|SunnyDay|[upkeep]
|upkeep
|
|t:|1779573017
|switch|p1a: Walking Wake|Walking Wake|100/100
|-activate|p1a: Walking Wake|ability: Protosynthesis
|-start|p1a: Walking Wake|protosynthesisspe
|turn|10
|
|t:|1779573021
|-terastallize|p1a: Walking Wake|Fairy
|move|p1a: Walking Wake|Draco Meteor|p2a: Dragonite
|-supereffective|p2a: Dragonite
|-damage|p2a: Dragonite|0 fnt
|-unboost|p1a: Walking Wake|spa|2
|faint|p2a: Dragonite
|
|-weather|SunnyDay|[upkeep]
|upkeep
|
|t:|1779573026
|switch|p2a: Cinderace|Cinderace, F|100/100
|turn|11
|
|t:|1779573043
|-end|p1a: Walking Wake|Protosynthesis|[silent]
|switch|p1a: Cresselia|Cresselia, F|60/100
|move|p2a: Cinderace|Pyro Ball|p1a: Cresselia
|-damage|p1a: Cresselia|0 fnt
|faint|p1a: Cresselia
|
|-weather|none
|upkeep
|
|t:|1779573051
|switch|p1a: Ceruledge|Ceruledge, F|100/100
|turn|12
|
|t:|1779573058
|move|p2a: Cinderace|Pyro Ball|p1a: Ceruledge|[miss]
|-miss|p2a: Cinderace|p1a: Ceruledge
|move|p1a: Ceruledge|Swords Dance|p1a: Ceruledge
|-boost|p1a: Ceruledge|atk|2
|
|upkeep
|turn|13
|
|t:|1779573063
|move|p2a: Cinderace|Pyro Ball|p1a: Ceruledge
|-resisted|p1a: Ceruledge
|-damage|p1a: Ceruledge|47/100
|-ability|p1a: Ceruledge|Weak Armor|boost
|-unboost|p1a: Ceruledge|def|1
|-boost|p1a: Ceruledge|spe|2
|move|p1a: Ceruledge|Poltergeist|p2a: Cinderace
|-activate|p2a: Cinderace|move: Poltergeist|Flame Plate
|-damage|p2a: Cinderace|0 fnt
|faint|p2a: Cinderace
|
|upkeep
|
|t:|1779573066
|switch|p2a: Mandibuzz|Mandibuzz, F, shiny|100/100
|turn|14
|
|t:|1779573080
|move|p1a: Ceruledge|Bitter Blade|p2a: Mandibuzz
|-damage|p2a: Mandibuzz|42/100
|-heal|p1a: Ceruledge|89/100|[from] drain|[of] p2a: Mandibuzz
|-damage|p1a: Ceruledge|73/100|[from] item: Rocky Helmet|[of] p2a: Mandibuzz
|move|p2a: Mandibuzz|Foul Play|p1a: Ceruledge
|-supereffective|p1a: Ceruledge
|-damage|p1a: Ceruledge|0 fnt
|faint|p1a: Ceruledge
|
|upkeep
|
|t:|1779573090
|switch|p1a: Ninetales|Ninetales, M|37/100
|-weather|SunnyDay|[from] ability: Drought|[of] p1a: Ninetales
|turn|15
|inactive|omari p has 120 seconds left.
|inactive|omari p has 90 seconds left.
|
|t:|1779573152
|move|p1a: Ninetales|Overheat|p2a: Mandibuzz
|-damage|p2a: Mandibuzz|0 fnt
|-unboost|p1a: Ninetales|spa|2
|faint|p2a: Mandibuzz
|
|-weather|SunnyDay|[upkeep]
|upkeep
|j| Little Cuack SPBR
|
|t:|1779573155
|switch|p2a: Kingambit|Kingambit, F|100/100
|-activate|p2a: Kingambit|ability: Supreme Overlord
|-start|p2a: Kingambit|fallen5|[silent]
|turn|16
|
|t:|1779573166
|move|p1a: Ninetales|Will-O-Wisp|p2a: Kingambit
|-status|p2a: Kingambit|brn
|move|p2a: Kingambit|Kowtow Cleave|p1a: Ninetales
|-crit|p1a: Ninetales
|-damage|p1a: Ninetales|0 fnt
|faint|p1a: Ninetales
|
|-weather|SunnyDay|[upkeep]
|-damage|p2a: Kingambit|94/100 brn|[from] brn
|upkeep
|j| simplegent
|
|t:|1779573172
|switch|p1a: Walking Wake|Walking Wake, tera:Fairy|100/100
|-activate|p1a: Walking Wake|ability: Protosynthesis
|-start|p1a: Walking Wake|protosynthesisspe
|turn|17
|
|t:|1779573176
|move|p1a: Walking Wake|Weather Ball|p2a: Kingambit
|-supereffective|p2a: Kingambit
|-damage|p2a: Kingambit|0 fnt
|faint|p2a: Kingambit
|-end|p2a: Kingambit|fallen5|[silent]
|
|win|bsp1
|raw|bsp1's rating: 1622 &rarr; <strong>1652</strong><br />(+30 for winning)
|raw|omari p's rating: 1823 &rarr; <strong>1793</strong><br />(-30 for losing)
|l|☆omari p
|player|p2|
|l| simplegent
|l| Little Cuack SPBR
|l|☆bsp1
|player|p1|
