|j|☆Hbfhbc
|j|☆hoennhoein
|t:|1779669097
|gametype|singles
|player|p1|Hbfhbc|266|1195
|player|p2|hoennhoein|170|1162
|gen|9
|tier|[Gen 9] OU
|rated|
|rule|HP Percentage Mod: HP is shown in percentages
|rule|Endless Battle Clause: Forcing endless battles is banned
|rule|Species Clause: Limit one of each Pokémon
|rule|OHKO Clause: OHKO moves are banned
|rule|Evasion Items Clause: Evasion items are banned
|rule|Evasion Moves Clause: Evasion moves are banned
|rule|Evasion Abilities Clause: Evasion abilities are banned
|rule|Sleep Moves Clause: Sleep-inducing moves are banned
|clearpoke
|poke|p1|Dragapult, M|
|poke|p1|Gliscor, M|
|poke|p1|Ogerpon-Wellspring, F|
|poke|p1|Iron Crown|
|poke|p1|Ting-Lu|
|poke|p1|Kingambit, F|
|poke|p2|Ariados, F|
|poke|p2|Uxie|
|poke|p2|Deoxys-Defense|
|poke|p2|Landorus-Therian, M|
|poke|p2|Azumarill, F|
|poke|p2|Garganacl, M|
|teampreview
|
|t:|1779669127
|teamsize|p1|6
|teamsize|p2|6
|start
|switch|p1a: Gliscor|Gliscor, M|100/100
|switch|p2a: Landorus|Landorus-Therian, M, shiny|100/100
|-ability|p2a: Landorus|Intimidate|boost
|-unboost|p1a: Gliscor|atk|1
|turn|1
|
|t:|1779669174
|move|p2a: Landorus|Stealth Rock|p1a: Gliscor
|-sidestart|p1: Hbfhbc|move: Stealth Rock
|move|p1a: Gliscor|Toxic Spikes|p2a: Landorus
|-sidestart|p2: hoennhoein|move: Toxic Spikes
|
|-status|p1a: Gliscor|tox|[from] item: Toxic Orb
|upkeep
|turn|2
|
|t:|1779669190
|switch|p2a: Uxie|Uxie|100/100
|move|p1a: Gliscor|Toxic Spikes|p2a: Uxie
|-sidestart|p2: hoennhoein|move: Toxic Spikes
|
|upkeep
|turn|3
|
|t:|1779669207
|move|p1a: Gliscor|Protect|p1a: Gliscor
|-singleturn|p1a: Gliscor|Protect
|move|p2a: Uxie|Energy Ball|p1a: Gliscor
|-activate|p1a: Gliscor|move: Protect
|
|upkeep
|turn|4
|
|t:|1779669216
|move|p1a: Gliscor|Toxic|p2a: Uxie
|-status|p2a: Uxie|tox
|move|p2a: Uxie|Trick Room|p2a: Uxie
|-fieldstart|move: Trick Room|[of] p2a: Uxie
|
|-damage|p2a: Uxie|95/100 tox|[from] psn
|upkeep
|turn|5
|
|t:|1779669232
|switch|p1a: Ting-Lu|Ting-Lu|100/100
|-damage|p1a: Ting-Lu|94/100|[from] Stealth Rock
|-ability|p1a: Ting-Lu|Vessel of Ruin
|move|p2a: Uxie|Energy Ball|p1a: Ting-Lu
|-supereffective|p1a: Ting-Lu
|-damage|p1a: Ting-Lu|77/100
|
|-heal|p2a: Uxie|100/100 tox|[from] item: Leftovers
|-damage|p2a: Uxie|89/100 tox|[from] psn
|upkeep
|turn|6
|
|t:|1779669246
|move|p1a: Ting-Lu|Stealth Rock|p2a: Uxie
|-sidestart|p2: hoennhoein|move: Stealth Rock
|move|p2a: Uxie|U-turn|p1a: Ting-Lu
|-supereffective|p1a: Ting-Lu
|-damage|p1a: Ting-Lu|63/100
|-damage|p2a: Uxie|72/100 tox|[from] item: Rocky Helmet|[of] p1a: Ting-Lu
|
|t:|1779669259
|switch|p2a: Ariados|Ariados, F, shiny|100/100|[from] U-turn
|-sideend|p2: hoennhoein|move: Toxic Spikes|[of] p2a: Ariados
|-damage|p2a: Ariados|76/100|[from] Stealth Rock
|
|upkeep
|turn|7
|
|t:|1779669305
|switch|p1a: Gliscor|Gliscor, M|100/100 tox
|-damage|p1a: Gliscor|88/100 tox|[from] Stealth Rock
|-terastallize|p2a: Ariados|Dark
|move|p2a: Ariados|Focus Energy|p2a: Ariados
|-start|p2a: Ariados|move: Focus Energy
|
|-heal|p1a: Gliscor|100/100 tox|[from] ability: Poison Heal
|upkeep
|turn|8
|
|t:|1779669321
|move|p1a: Gliscor|Protect|p1a: Gliscor
|-singleturn|p1a: Gliscor|Protect
|move|p2a: Ariados|Cross Poison|p1a: Gliscor
|-activate|p1a: Gliscor|move: Protect
|
|-fieldend|move: Trick Room
|upkeep
|turn|9
|
|t:|1779669346
|move|p1a: Gliscor|Toxic|p2a: Ariados
|-status|p2a: Ariados|tox
|move|p2a: Ariados|Fell Stinger|p1a: Gliscor
|-resisted|p1a: Gliscor
|-crit|p1a: Gliscor
|-damage|p1a: Gliscor|80/100 tox
|
|-heal|p1a: Gliscor|92/100 tox|[from] ability: Poison Heal
|-damage|p2a: Ariados|70/100 tox|[from] psn
|upkeep
|turn|10
|
|t:|1779669379
|switch|p2a: Uxie|Uxie|72/100 tox
|-damage|p2a: Uxie|60/100 tox|[from] Stealth Rock
|move|p1a: Gliscor|Toxic Spikes|p2a: Uxie
|-sidestart|p2: hoennhoein|move: Toxic Spikes
|
|-heal|p2a: Uxie|66/100 tox|[from] item: Leftovers
|-damage|p2a: Uxie|60/100 tox|[from] psn
|-heal|p1a: Gliscor|100/100 tox|[from] ability: Poison Heal
|upkeep
|turn|11
|-message|hoennhoein forfeited.
|
|win|Hbfhbc
|raw|Hbfhbc's rating: 1240 &rarr; <strong>1259</strong><br />(+19 for winning)
|raw|hoennhoein's rating: 1162 &rarr; <strong>1143</strong><br />(-19 for losing)
|l|☆hoennhoein
|player|p2|
|l|☆Hbfhbc
|player|p1|
