|j|☆Charlotte09
|j|☆ihymyly
|t:|1779639061
|gametype|singles
|player|p1|Charlotte09|lady|1657
|player|p2|ihymyly|102|1581
|gen|9
|tier|[Gen 9] OU
|rated|
|rule|HP Percentage Mod: HP is shown in percentages
|rule|Endless Battle Clause: Forcing endless battles is banned
|rule|Species Clause: Limit one of each Pokémon
|rule|OHKO Clause: OHKO moves are banned
|rule|Evasion Items Clause: Evasion items are banned
|rule|Evasion Moves Clause: Evasion moves are banned
|rule|Evasion Abilities Clause: Evasion abilities are banned
|rule|Sleep Moves Clause: Sleep-inducing moves are banned
|clearpoke
|poke|p1|Sylveon, M|
|poke|p1|Iron Moth|
|poke|p1|Ogerpon-Wellspring, F|
|poke|p1|Gholdengo|
|poke|p1|Zapdos|
|poke|p1|Primarina, M|
|poke|p2|Samurott-Hisui, M|
|poke|p2|Gholdengo|
|poke|p2|Great Tusk|
|poke|p2|Darkrai|
|poke|p2|Dragonite, F|
|poke|p2|Weavile, M|
|teampreview
|
|t:|1779639081
|teamsize|p1|6
|teamsize|p2|6
|start
|switch|p1a: Primarina|Primarina, M|100/100
|switch|p2a: Samurott|Samurott-Hisui, M|100/100
|turn|1
|
|t:|1779639085
|move|p2a: Samurott|Ceaseless Edge|p1a: Primarina|[miss]
|-miss|p2a: Samurott|p1a: Primarina
|move|p1a: Primarina|Moonblast|p2a: Samurott
|-supereffective|p2a: Samurott
|-damage|p2a: Samurott|33/100
|
|upkeep
|turn|2
|j| jsnsddk
|inactive|Battle timer is ON: inactive players will automatically lose when time's up. (requested by Charlotte09)
|
|t:|1779639114
|move|p2a: Samurott|Ceaseless Edge|p1a: Primarina|[miss]
|-miss|p2a: Samurott|p1a: Primarina
|move|p1a: Primarina|Moonblast|p2a: Samurott
|-supereffective|p2a: Samurott
|-damage|p2a: Samurott|0 fnt
|faint|p2a: Samurott
|
|upkeep
|
|t:|1779639120
|switch|p2a: Gholdengo|Gholdengo|100/100
|turn|3
|
|t:|1779639124
|move|p2a: Gholdengo|Trick|p1a: Primarina
|-activate|p2a: Gholdengo|move: Trick|[of] p1a: Primarina
|-item|p1a: Primarina|Choice Scarf|[from] move: Trick
|-item|p2a: Gholdengo|Assault Vest|[from] move: Trick
|move|p1a: Primarina|Flip Turn|p2a: Gholdengo
|-damage|p2a: Gholdengo|85/100
|
|t:|1779639130
|switch|p1a: Iron Moth|Iron Moth|100/100|[from] Flip Turn
|
|upkeep
|turn|4
|j| Disscratch
|
|t:|1779639138
|move|p1a: Iron Moth|Fiery Dance|p2a: Gholdengo
|-supereffective|p2a: Gholdengo
|-damage|p2a: Gholdengo|18/100
|-boost|p1a: Iron Moth|spa|1
|move|p2a: Gholdengo|Shadow Ball|p1a: Iron Moth
|-damage|p1a: Iron Moth|60/100
|
|upkeep
|turn|5
|
|t:|1779639145
|move|p1a: Iron Moth|Fiery Dance|p2a: Gholdengo
|-supereffective|p2a: Gholdengo
|-damage|p2a: Gholdengo|0 fnt
|faint|p2a: Gholdengo
|
|upkeep
|
|t:|1779639149
|switch|p2a: Dragonite|Dragonite, F|100/100
|turn|6
|
|t:|1779639152
|-end|p1a: Iron Moth|Quark Drive|[silent]
|switch|p1a: Zapdos|Zapdos|100/100
|-ability|p1a: Zapdos|Pressure
|move|p2a: Dragonite|Dragon Dance|p2a: Dragonite
|-boost|p2a: Dragonite|atk|1
|-boost|p2a: Dragonite|spe|1
|
|upkeep
|turn|7
|
|t:|1779639159
|move|p2a: Dragonite|Dragon Dance|p2a: Dragonite
|-boost|p2a: Dragonite|atk|1
|-boost|p2a: Dragonite|spe|1
|move|p1a: Zapdos|Discharge|p2a: Dragonite
|-damage|p2a: Dragonite|85/100
|
|upkeep
|turn|8
|
|t:|1779639187
|move|p2a: Dragonite|Dragon Dance|p2a: Dragonite
|-boost|p2a: Dragonite|atk|1
|-boost|p2a: Dragonite|spe|1
|move|p1a: Zapdos|Discharge|p2a: Dragonite
|-damage|p2a: Dragonite|50/100
|-status|p2a: Dragonite|par
|
|upkeep
|turn|9
|
|t:|1779639194
|move|p2a: Dragonite|Roost|p2a: Dragonite
|-heal|p2a: Dragonite|99/100 par
|-singleturn|p2a: Dragonite|move: Roost
|move|p1a: Zapdos|Hurricane|p2a: Dragonite
|-damage|p2a: Dragonite|56/100 par
|
|upkeep
|turn|10
|
|t:|1779639201
|move|p2a: Dragonite|Roost|p2a: Dragonite
|-heal|p2a: Dragonite|100/100 par
|-singleturn|p2a: Dragonite|move: Roost
|move|p1a: Zapdos|Hurricane|p2a: Dragonite
|-damage|p2a: Dragonite|79/100 par
|-start|p2a: Dragonite|confusion
|
|upkeep
|turn|11
|
|t:|1779639208
|-activate|p2a: Dragonite|confusion
|cant|p2a: Dragonite|par
|move|p1a: Zapdos|Hurricane|p2a: Dragonite|[miss]
|-miss|p1a: Zapdos|p2a: Dragonite
|
|upkeep
|turn|12
|
|t:|1779639213
|-activate|p2a: Dragonite|confusion
|move|p2a: Dragonite|Dragon Dance|p2a: Dragonite
|-boost|p2a: Dragonite|atk|1
|-boost|p2a: Dragonite|spe|1
|move|p1a: Zapdos|Hurricane|p2a: Dragonite
|-damage|p2a: Dragonite|38/100 par
|
|upkeep
|turn|13
|
|t:|1779639219
|-end|p2a: Dragonite|confusion
|cant|p2a: Dragonite|par
|move|p1a: Zapdos|Hurricane|p2a: Dragonite
|-damage|p2a: Dragonite|0 fnt
|faint|p2a: Dragonite
|
|upkeep
|
|t:|1779639225
|switch|p2a: almost*evil*jordan|Darkrai, shiny|100/100
|turn|14
|
|t:|1779639228
|move|p2a: almost*evil*jordan|Ice Beam|p1a: Zapdos
|-supereffective|p1a: Zapdos
|-damage|p1a: Zapdos|43/100
|move|p1a: Zapdos|Volt Switch|p2a: almost*evil*jordan
|-damage|p2a: almost*evil*jordan|67/100
|
|t:|1779639234
|switch|p1a: Sylveon|Sylveon, M|100/100|[from] Volt Switch
|
|-heal|p2a: almost*evil*jordan|73/100|[from] item: Leftovers
|upkeep
|turn|15
|
|t:|1779639238
|move|p2a: almost*evil*jordan|Sludge Bomb|p1a: Sylveon
|-supereffective|p1a: Sylveon
|-damage|p1a: Sylveon|51/100
|move|p1a: Sylveon|Hyper Voice|p2a: almost*evil*jordan
|-supereffective|p2a: almost*evil*jordan
|-damage|p2a: almost*evil*jordan|0 fnt
|faint|p2a: almost*evil*jordan
|
|upkeep
|
|t:|1779639247
|switch|p2a: Mr. -ice Guy|Weavile, M|100/100
|-ability|p2a: Mr. -ice Guy|Pressure
|turn|16
|
|t:|1779639253
|move|p2a: Mr. -ice Guy|Swords Dance|p2a: Mr. -ice Guy
|-boost|p2a: Mr. -ice Guy|atk|2
|move|p1a: Sylveon|Hyper Voice|p2a: Mr. -ice Guy
|-supereffective|p2a: Mr. -ice Guy
|-crit|p2a: Mr. -ice Guy
|-damage|p2a: Mr. -ice Guy|0 fnt
|faint|p2a: Mr. -ice Guy
|
|upkeep
|-message|ihymyly forfeited.
|
|win|Charlotte09
|raw|Charlotte09's rating: 1657 &rarr; <strong>1673</strong><br />(+16 for winning)
|raw|ihymyly's rating: 1581 &rarr; <strong>1565</strong><br />(-16 for losing)
|l|☆ihymyly
|player|p2|
|l| Disscratch
|l|☆Charlotte09
|player|p1|
|l| jsnsddk
