|j|☆pls game
|j|☆chip wittley
|t:|1779645878
|gametype|singles
|player|p1|pls game|ingo|1658
|player|p2|chip wittley|lance|1722
|gen|9
|tier|[Gen 9] OU
|rated|
|rule|HP Percentage Mod: HP is shown in percentages
|rule|Endless Battle Clause: Forcing endless battles is banned
|rule|Species Clause: Limit one of each Pokémon
|rule|OHKO Clause: OHKO moves are banned
|rule|Evasion Items Clause: Evasion items are banned
|rule|Evasion Moves Clause: Evasion moves are banned
|rule|Evasion Abilities Clause: Evasion abilities are banned
|rule|Sleep Moves Clause: Sleep-inducing moves are banned
|clearpoke
|poke|p1|Gliscor, F|
|poke|p1|Gholdengo|
|poke|p1|Dragonite, F|
|poke|p1|Ting-Lu|
|poke|p1|Darkrai|
|poke|p1|Zamazenta-*|
|poke|p2|Flygon, M|
|poke|p2|Tyranitar, M|
|poke|p2|Excadrill, F|
|poke|p2|Toxapex, M|
|poke|p2|Iron Crown|
|poke|p2|Sinistcha|
|teampreview
|inactive|Battle timer is ON: inactive players will automatically lose when time's up. (requested by pls game)
|
|t:|1779645887
|teamsize|p1|6
|teamsize|p2|6
|start
|switch|p1a: Gliscor|Gliscor, F|100/100
|switch|p2a: Tyranitar|Tyranitar, M|100/100
|-weather|Sandstorm|[from] ability: Sand Stream|[of] p2a: Tyranitar
|turn|1
|
|t:|1779645891
|move|p1a: Gliscor|Protect|p1a: Gliscor
|-singleturn|p1a: Gliscor|Protect
|move|p2a: Tyranitar|Stealth Rock|p1a: Gliscor
|-sidestart|p1: pls game|move: Stealth Rock
|
|-weather|Sandstorm|[upkeep]
|-status|p1a: Gliscor|tox|[from] item: Toxic Orb
|upkeep
|turn|2
|
|t:|1779645906
|move|p1a: Gliscor|Toxic|p2a: Tyranitar
|-status|p2a: Tyranitar|tox
|move|p2a: Tyranitar|Ice Beam|p1a: Gliscor
|-supereffective|p1a: Gliscor
|-damage|p1a: Gliscor|0 fnt
|faint|p1a: Gliscor
|
|-weather|Sandstorm|[upkeep]
|-damage|p2a: Tyranitar|94/100 tox|[from] psn
|upkeep
|
|t:|1779645912
|switch|p1a: Ting-Lu|Ting-Lu|100/100
|-damage|p1a: Ting-Lu|94/100|[from] Stealth Rock
|-ability|p1a: Ting-Lu|Vessel of Ruin
|turn|3
|
|t:|1779645916
|switch|p2a: Flygon|Flygon, M|100/100
|move|p1a: Ting-Lu|Stealth Rock|p2a: Flygon
|-sidestart|p2: chip wittley|move: Stealth Rock
|
|-weather|Sandstorm|[upkeep]
|-heal|p1a: Ting-Lu|100/100|[from] item: Leftovers
|upkeep
|turn|4
|
|t:|1779645926
|switch|p2a: Sinistcha|Sinistcha|100/100
|move|p1a: Ting-Lu|Ruination|p2a: Sinistcha
|-damage|p2a: Sinistcha|50/100
|
|-weather|Sandstorm|[upkeep]
|-damage|p2a: Sinistcha|44/100|[from] Sandstorm
|upkeep
|turn|5
|
|t:|1779645933
|switch|p1a: Darkrai|Darkrai|100/100
|move|p2a: Sinistcha|Matcha Gotcha|p1a: Darkrai
|-damage|p1a: Darkrai|58/100
|-heal|p2a: Sinistcha|62/100|[from] drain|[of] p1a: Darkrai
|
|-weather|Sandstorm|[upkeep]
|-damage|p1a: Darkrai|52/100|[from] Sandstorm
|-damage|p2a: Sinistcha|56/100|[from] Sandstorm
|upkeep
|turn|6
|
|t:|1779645949
|switch|p2a: Toxapex|Toxapex, M|100/100
|move|p1a: Darkrai|Knock Off|p2a: Toxapex
|-damage|p2a: Toxapex|81/100
|-enditem|p2a: Toxapex|Heavy-Duty Boots|[from] move: Knock Off|[of] p1a: Darkrai
|
|-weather|Sandstorm|[upkeep]
|-damage|p1a: Darkrai|46/100|[from] Sandstorm
|-damage|p2a: Toxapex|75/100|[from] Sandstorm
|upkeep
|turn|7
|inactive|pls game has 120 seconds left.
|
|t:|1779645974
|move|p1a: Darkrai|Dark Pulse|p2a: Toxapex
|-damage|p2a: Toxapex|48/100
|move|p2a: Toxapex|Toxic Spikes|p1a: Darkrai
|-sidestart|p1: pls game|move: Toxic Spikes
|
|-weather|Sandstorm|[upkeep]
|-damage|p1a: Darkrai|40/100|[from] Sandstorm
|-damage|p2a: Toxapex|42/100|[from] Sandstorm
|upkeep
|turn|8
|
|t:|1779645981
|switch|p1a: Ting-Lu|Ting-Lu|100/100
|-damage|p1a: Ting-Lu|94/100|[from] Stealth Rock
|-status|p1a: Ting-Lu|psn
|-ability|p1a: Ting-Lu|Vessel of Ruin
|move|p2a: Toxapex|Recover|p2a: Toxapex
|-heal|p2a: Toxapex|92/100
|
|-weather|none
|-heal|p1a: Ting-Lu|100/100 psn|[from] item: Leftovers
|-damage|p1a: Ting-Lu|88/100 psn|[from] psn
|upkeep
|turn|9
|
|t:|1779646000
|switch|p2a: Sinistcha|Sinistcha|56/100
|move|p1a: Ting-Lu|Ruination|p2a: Sinistcha|[miss]
|-miss|p1a: Ting-Lu|p2a: Sinistcha
|
|-heal|p1a: Ting-Lu|94/100 psn|[from] item: Leftovers
|-damage|p1a: Ting-Lu|82/100 psn|[from] psn
|upkeep
|turn|10
|
|t:|1779646008
|switch|p1a: Gholdengo|Gholdengo|100/100
|-damage|p1a: Gholdengo|94/100|[from] Stealth Rock
|move|p2a: Sinistcha|Matcha Gotcha|p1a: Gholdengo
|-resisted|p1a: Gholdengo
|-damage|p1a: Gholdengo|76/100
|-heal|p2a: Sinistcha|64/100|[from] drain|[of] p1a: Gholdengo
|
|upkeep
|turn|11
|
|t:|1779646016
|switch|p2a: Toxapex|Toxapex, M|100/100
|-damage|p2a: Toxapex|88/100|[from] Stealth Rock
|move|p1a: Gholdengo|Make It Rain|p2a: Toxapex
|-resisted|p2a: Toxapex
|-damage|p2a: Toxapex|70/100
|-unboost|p1a: Gholdengo|spa|1
|
|upkeep
|turn|12
|-message|pls game forfeited.
|
|win|chip wittley
|raw|pls game's rating: 1658 &rarr; <strong>1640</strong><br />(-18 for losing)
|raw|chip wittley's rating: 1695 &rarr; <strong>1713</strong><br />(+18 for winning)
|l|☆pls game
|player|p1|
