|j|☆timlikerich123
|j|☆alexanderlc20
|t:|1779597710
|gametype|singles
|player|p1|timlikerich123|169|1408
|player|p2|alexanderlc20|gambler|1395
|gen|9
|tier|[Gen 9] OU
|rated|
|rule|HP Percentage Mod: HP is shown in percentages
|rule|Endless Battle Clause: Forcing endless battles is banned
|rule|Species Clause: Limit one of each Pokémon
|rule|OHKO Clause: OHKO moves are banned
|rule|Evasion Items Clause: Evasion items are banned
|rule|Evasion Moves Clause: Evasion moves are banned
|rule|Evasion Abilities Clause: Evasion abilities are banned
|rule|Sleep Moves Clause: Sleep-inducing moves are banned
|clearpoke
|poke|p1|Ursaluna, M|
|poke|p1|Hatterene, F|
|poke|p1|Grimmsnarl, M|
|poke|p1|Kingambit, F|
|poke|p1|Cinderace, F|
|poke|p1|Cloyster, F|
|poke|p2|Iron Treads|
|poke|p2|Ogerpon-Cornerstone, F|
|poke|p2|Dragapult, F|
|poke|p2|Kingambit, M|
|poke|p2|Tyranitar, M|
|poke|p2|Zapdos|
|teampreview
|
|t:|1779597730
|teamsize|p1|6
|teamsize|p2|6
|start
|switch|p1a: Cloyster|Cloyster, F|100/100
|switch|p2a: Iron Treads|Iron Treads|100/100
|-enditem|p2a: Iron Treads|Booster Energy
|-activate|p2a: Iron Treads|ability: Quark Drive|[fromitem]
|-start|p2a: Iron Treads|quarkdrivespe
|turn|1
|
|t:|1779597736
|move|p2a: Iron Treads|Earthquake|p1a: Cloyster
|-damage|p1a: Cloyster|60/100
|move|p1a: Cloyster|Shell Smash|p1a: Cloyster
|-unboost|p1a: Cloyster|def|1
|-unboost|p1a: Cloyster|spd|1
|-boost|p1a: Cloyster|atk|2
|-boost|p1a: Cloyster|spa|2
|-boost|p1a: Cloyster|spe|2
|
|upkeep
|turn|2
|
|t:|1779597741
|move|p2a: Iron Treads|Stealth Rock|p1a: Cloyster
|-sidestart|p1: timlikerich123|move: Stealth Rock
|move|p1a: Cloyster|Icicle Spear|p2a: Iron Treads
|-damage|p2a: Iron Treads|81/100
|-damage|p2a: Iron Treads|60/100
|-damage|p2a: Iron Treads|40/100
|-damage|p2a: Iron Treads|18/100
|-damage|p2a: Iron Treads|0 fnt
|faint|p2a: Iron Treads
|-end|p2a: Iron Treads|Quark Drive|[silent]
|-hitcount|p2: Iron Treads|5
|
|upkeep
|
|t:|1779597746
|switch|p2a: Tyranitar|Tyranitar, M|100/100
|-weather|Sandstorm|[from] ability: Sand Stream|[of] p2a: Tyranitar
|turn|3
|inactive|Battle timer is ON: inactive players will automatically lose when time's up. (requested by alexanderlc20)
|inactive|timlikerich123 has 120 seconds left.
|inactive|timlikerich123 has 90 seconds left.
|
|t:|1779597823
|move|p1a: Cloyster|Icicle Spear|p2a: Tyranitar
|-damage|p2a: Tyranitar|79/100
|-damage|p2a: Tyranitar|57/100
|-damage|p2a: Tyranitar|35/100
|-damage|p2a: Tyranitar|11/100
|-damage|p2a: Tyranitar|0 fnt
|faint|p2a: Tyranitar
|-hitcount|p2: Tyranitar|5
|
|-weather|Sandstorm|[upkeep]
|-damage|p1a: Cloyster|54/100|[from] Sandstorm
|upkeep
|
|t:|1779597836
|switch|p2a: Kingambit|Kingambit, M|100/100
|-activate|p2a: Kingambit|ability: Supreme Overlord
|-start|p2a: Kingambit|fallen2|[silent]
|turn|4
|
|t:|1779597853
|move|p1a: Cloyster|Razor Shell|p2a: Kingambit
|-damage|p2a: Kingambit|36/100
|-unboost|p2a: Kingambit|def|1
|move|p2a: Kingambit|Swords Dance|p2a: Kingambit
|-boost|p2a: Kingambit|atk|2
|
|-weather|Sandstorm|[upkeep]
|-damage|p1a: Cloyster|48/100|[from] Sandstorm
|-heal|p2a: Kingambit|42/100|[from] item: Leftovers
|upkeep
|turn|5
|
|t:|1779597872
|move|p2a: Kingambit|Sucker Punch|p1a: Cloyster
|-damage|p1a: Cloyster|0 fnt
|faint|p1a: Cloyster
|
|-weather|Sandstorm|[upkeep]
|-heal|p2a: Kingambit|49/100|[from] item: Leftovers
|upkeep
|
|t:|1779597884
|switch|p1a: Grimmsnarl|Grimmsnarl, M|100/100
|-damage|p1a: Grimmsnarl|88/100|[from] Stealth Rock
|turn|6
|
|t:|1779597888
|move|p1a: Grimmsnarl|Reflect|p1a: Grimmsnarl
|-sidestart|p1: timlikerich123|Reflect
|move|p2a: Kingambit|Iron Head|p1a: Grimmsnarl
|-supereffective|p1a: Grimmsnarl
|-damage|p1a: Grimmsnarl|0 fnt
|faint|p1a: Grimmsnarl
|
|-weather|Sandstorm|[upkeep]
|-heal|p2a: Kingambit|55/100|[from] item: Leftovers
|upkeep
|
|t:|1779597892
|switch|p1a: Cinderace|Cinderace, F|100/100
|turn|7
|
|t:|1779597896
|move|p1a: Cinderace|High Jump Kick|p2a: Kingambit
|-start|p1a: Cinderace|typechange|Fighting|[from] ability: Libero
|-supereffective|p2a: Kingambit
|-damage|p2a: Kingambit|0 fnt
|faint|p2a: Kingambit
|-end|p2a: Kingambit|fallen2|[silent]
|
|-weather|none
|upkeep
|
|t:|1779597900
|switch|p2a: Dragapult|Dragapult, F|100/100
|turn|8
|
|t:|1779597903
|move|p1a: Cinderace|Sucker Punch||[still]
|-fail|p1a: Cinderace
|move|p2a: Dragapult|Will-O-Wisp|p1a: Cinderace
|-status|p1a: Cinderace|brn
|
|-damage|p1a: Cinderace|95/100 brn|[from] brn
|upkeep
|turn|9
|
|t:|1779597911
|switch|p2a: Zapdos|Zapdos|100/100
|switch|p1a: Hatterene|Hatterene, F|100/100
|-damage|p1a: Hatterene|88/100|[from] Stealth Rock
|
|-heal|p1a: Hatterene|94/100|[from] item: Leftovers
|upkeep
|turn|10
|
|t:|1779597916
|move|p2a: Zapdos|Hurricane|p1a: Hatterene
|-damage|p1a: Hatterene|39/100
|-start|p1a: Hatterene|confusion
|-activate|p1a: Hatterene|confusion
|-damage|p1a: Hatterene|31/100|[from] confusion
|
|-heal|p1a: Hatterene|37/100|[from] item: Leftovers
|upkeep
|turn|11
|
|t:|1779597923
|move|p2a: Zapdos|Volt Switch|p1a: Hatterene
|-damage|p1a: Hatterene|0 fnt
|faint|p1a: Hatterene
|
|t:|1779597931
|switch|p2a: Dragapult|Dragapult, F|100/100|[from] Volt Switch
|
|upkeep
|
|t:|1779597937
|switch|p1a: Kingambit|Kingambit, F|100/100
|-damage|p1a: Kingambit|94/100|[from] Stealth Rock
|-activate|p1a: Kingambit|ability: Supreme Overlord
|-start|p1a: Kingambit|fallen3|[silent]
|turn|12
|
|t:|1779597942
|move|p2a: Dragapult|Will-O-Wisp|p1a: Kingambit
|-status|p1a: Kingambit|brn
|move|p1a: Kingambit|Swords Dance|p1a: Kingambit
|-boost|p1a: Kingambit|atk|2
|
|-heal|p1a: Kingambit|100/100 brn|[from] item: Leftovers
|-damage|p1a: Kingambit|94/100 brn|[from] brn
|upkeep
|turn|13
|
|t:|1779597949
|move|p2a: Dragapult|U-turn|p1a: Kingambit
|-crit|p1a: Kingambit
|-damage|p1a: Kingambit|73/100 brn
|
|t:|1779597952
|switch|p2a: Zapdos|Zapdos|100/100|[from] U-turn
|move|p1a: Kingambit|Swords Dance|p1a: Kingambit
|-boost|p1a: Kingambit|atk|2
|
|-heal|p1a: Kingambit|79/100 brn|[from] item: Leftovers
|-damage|p1a: Kingambit|73/100 brn|[from] brn
|-sideend|p1: timlikerich123|Reflect
|upkeep
|turn|14
|
|t:|1779597958
|move|p2a: Zapdos|Heat Wave|p1a: Kingambit
|-supereffective|p1a: Kingambit
|-damage|p1a: Kingambit|10/100 brn
|move|p1a: Kingambit|Kowtow Cleave|p2a: Zapdos
|-damage|p2a: Zapdos|21/100
|
|-heal|p1a: Kingambit|16/100 brn|[from] item: Leftovers
|-damage|p1a: Kingambit|10/100 brn|[from] brn
|upkeep
|turn|15
|
|t:|1779597965
|move|p2a: Zapdos|Roost|p2a: Zapdos
|-heal|p2a: Zapdos|71/100
|-singleturn|p2a: Zapdos|move: Roost
|move|p1a: Kingambit|Kowtow Cleave|p2a: Zapdos
|-damage|p2a: Zapdos|0 fnt
|faint|p2a: Zapdos
|
|-heal|p1a: Kingambit|16/100 brn|[from] item: Leftovers
|-damage|p1a: Kingambit|10/100 brn|[from] brn
|upkeep
|
|t:|1779597973
|switch|p2a: Ogerpon|Ogerpon-Cornerstone, F|100/100
|turn|16
|
|t:|1779597982
|switch|p2a: Dragapult|Dragapult, F|100/100
|move|p1a: Kingambit|Sucker Punch||[still]
|-fail|p1a: Kingambit
|
|-heal|p1a: Kingambit|16/100 brn|[from] item: Leftovers
|-damage|p1a: Kingambit|10/100 brn|[from] brn
|upkeep
|turn|17
|
|t:|1779597989
|move|p1a: Kingambit|Sucker Punch|p2a: Dragapult
|-supereffective|p2a: Dragapult
|-damage|p2a: Dragapult|0 fnt
|faint|p2a: Dragapult
|
|-heal|p1a: Kingambit|16/100 brn|[from] item: Leftovers
|-damage|p1a: Kingambit|10/100 brn|[from] brn
|upkeep
|
|t:|1779597991
|switch|p2a: Ogerpon|Ogerpon-Cornerstone, F|100/100
|turn|18
|
|t:|1779597994
|-terastallize|p2a: Ogerpon|Rock
|detailschange|p2a: Ogerpon|Ogerpon-Cornerstone-Tera, F, tera:Rock
|-ability|p2a: Ogerpon|Embody Aspect (Cornerstone)|boost
|-boost|p2a: Ogerpon|def|1
|move|p1a: Kingambit|Sucker Punch||[still]
|-fail|p1a: Kingambit
|move|p2a: Ogerpon|Swords Dance|p2a: Ogerpon
|-boost|p2a: Ogerpon|atk|2
|
|-heal|p1a: Kingambit|16/100 brn|[from] item: Leftovers
|-damage|p1a: Kingambit|10/100 brn|[from] brn
|upkeep
|turn|19
|
|t:|1779598002
|move|p2a: Ogerpon|Ivy Cudgel|p1a: Kingambit|[anim] Ivy Cudgel Rock
|-resisted|p1a: Kingambit
|-damage|p1a: Kingambit|0 fnt
|faint|p1a: Kingambit
|-end|p1a: Kingambit|fallen3|[silent]
|
|upkeep
|
|t:|1779598007
|switch|p1a: Cinderace|Cinderace, F|95/100 brn
|turn|20
|
|t:|1779598012
|move|p1a: Cinderace|High Jump Kick|p2a: Ogerpon
|-start|p1a: Cinderace|typechange|Fighting|[from] ability: Libero
|-supereffective|p2a: Ogerpon
|-damage|p2a: Ogerpon|45/100
|move|p2a: Ogerpon|Horn Leech|p1a: Cinderace
|-damage|p1a: Cinderace|0 fnt
|-heal|p2a: Ogerpon|92/100|[from] drain|[of] p1a: Cinderace
|faint|p1a: Cinderace
|
|upkeep
|
|t:|1779598016
|switch|p1a: Ursaluna|Ursaluna, M|100/100
|-damage|p1a: Ursaluna|94/100|[from] Stealth Rock
|turn|21
|
|t:|1779598020
|-terastallize|p1a: Ursaluna|Ground
|move|p2a: Ogerpon|Superpower|p1a: Ursaluna
|-damage|p1a: Ursaluna|25/100
|-unboost|p2a: Ogerpon|atk|1
|-unboost|p2a: Ogerpon|def|1
|move|p1a: Ursaluna|Headlong Rush|p2a: Ogerpon
|-supereffective|p2a: Ogerpon
|-damage|p2a: Ogerpon|0 fnt
|-unboost|p1a: Ursaluna|def|1
|-unboost|p1a: Ursaluna|spd|1
|faint|p2a: Ogerpon
|detailschange|p2: Ogerpon|Ogerpon-Cornerstone, F|[silent]
|
|win|timlikerich123
|raw|timlikerich123's rating: 1408 &rarr; <strong>1427</strong><br />(+19 for winning)
|raw|alexanderlc20's rating: 1395 &rarr; <strong>1376</strong><br />(-19 for losing)
|c|☆timlikerich123|nice
|c|☆alexanderlc20|gg
|c|☆timlikerich123|gg
|l|☆timlikerich123
|player|p1|
|l|☆alexanderlc20
|player|p2|
