|j|‽leifohman
|j|☆diddlediddle
|t:|1779628540
|gametype|singles
|player|p1|leifohman|169|1477
|player|p2|diddlediddle|swimmerf|1433
|gen|9
|tier|[Gen 9] OU
|rated|
|rule|HP Percentage Mod: HP is shown in percentages
|rule|Endless Battle Clause: Forcing endless battles is banned
|rule|Species Clause: Limit one of each Pokémon
|rule|OHKO Clause: OHKO moves are banned
|rule|Evasion Items Clause: Evasion items are banned
|rule|Evasion Moves Clause: Evasion moves are banned
|rule|Evasion Abilities Clause: Evasion abilities are banned
|rule|Sleep Moves Clause: Sleep-inducing moves are banned
|clearpoke
|poke|p1|Porygon2|
|poke|p1|Dragapult, F|
|poke|p1|Deoxys-Speed|
|poke|p1|Cinderace, M|
|poke|p1|Donphan, M|
|poke|p1|Gengar, M|
|poke|p2|Cacturne, F|
|poke|p2|Sandy Shocks|
|poke|p2|Jirachi|
|poke|p2|Zoroark-Hisui, F|
|poke|p2|Heatran, M|
|poke|p2|Maushold-Four|
|teampreview
|inactive|Battle timer is ON: inactive players will automatically lose when time's up. (requested by leifohman)
|
|t:|1779628548
|teamsize|p1|6
|teamsize|p2|6
|start
|switch|p1a: Gengar|Gengar, M, shiny|100/100
|switch|p2a: Cacturne|Cacturne, F|100/100
|turn|1
|
|t:|1779628555
|-terastallize|p2a: Cacturne|Steel
|move|p1a: Gengar|Sludge Bomb|p2a: Cacturne
|-immune|p2a: Cacturne
|move|p2a: Cacturne|Swords Dance|p2a: Cacturne
|-boost|p2a: Cacturne|atk|2
|
|upkeep
|turn|2
|
|t:|1779628564
|move|p2a: Cacturne|Sucker Punch|p1a: Gengar
|-supereffective|p1a: Gengar
|-enditem|p1a: Gengar|Focus Sash
|-damage|p1a: Gengar|1/100
|move|p1a: Gengar|Focus Blast|p2a: Cacturne|[miss]
|-miss|p1a: Gengar|p2a: Cacturne
|
|upkeep
|turn|3
|
|t:|1779628572
|move|p1a: Gengar|Destiny Bond|p1a: Gengar
|-singlemove|p1a: Gengar|Destiny Bond
|move|p2a: Cacturne|Seed Bomb|p1a: Gengar
|-resisted|p1a: Gengar
|-damage|p1a: Gengar|0 fnt
|faint|p1a: Gengar
|-activate|p1a: Gengar|move: Destiny Bond
|faint|p2a: Cacturne
|
|upkeep
|c|☆diddlediddle|Wp
|
|t:|1779628588
|switch|p1a: Donphan|Donphan, M, shiny|100/100
|switch|p2a: Heatran|Heatran, M|100/100
|turn|4
|
|t:|1779628594
|move|p2a: Heatran|Bitter Malice|p1a: Donphan
|-damage|p1a: Donphan|15/100
|-unboost|p1a: Donphan|atk|1
|move|p1a: Donphan|Earthquake|p2a: Heatran
|-damage|p2a: Heatran|22/100
|replace|p2a: Zoroark|Zoroark-Hisui, F
|-end|p2a: Zoroark|Illusion
|
|upkeep
|turn|5
|
|t:|1779628609
|-terastallize|p1a: Donphan|Ice
|move|p1a: Donphan|Ice Shard|p2a: Zoroark
|-damage|p2a: Zoroark|0 fnt
|faint|p2a: Zoroark
|
|upkeep
|
|t:|1779628628
|switch|p2a: Sandy Shocks|Sandy Shocks|100/100
|-enditem|p2a: Sandy Shocks|Booster Energy
|-activate|p2a: Sandy Shocks|ability: Protosynthesis|[fromitem]
|-start|p2a: Sandy Shocks|protosynthesisspe
|turn|6
|
|t:|1779628642
|move|p1a: Donphan|Ice Shard|p2a: Sandy Shocks
|-supereffective|p2a: Sandy Shocks
|-damage|p2a: Sandy Shocks|68/100
|move|p2a: Sandy Shocks|Thunderbolt|p1a: Donphan
|-damage|p1a: Donphan|0 fnt
|faint|p1a: Donphan
|
|upkeep
|
|t:|1779628665
|switch|p1a: Deoxys|Deoxys-Speed, shiny|100/100
|-ability|p1a: Deoxys|Pressure
|turn|7
|
|t:|1779628674
|move|p1a: Deoxys|Ice Beam|p2a: Sandy Shocks
|-supereffective|p2a: Sandy Shocks
|-damage|p2a: Sandy Shocks|0 fnt
|faint|p2a: Sandy Shocks
|-end|p2a: Sandy Shocks|Protosynthesis|[silent]
|-damage|p1a: Deoxys|91/100|[from] item: Life Orb
|
|upkeep
|
|t:|1779628688
|switch|p2a: Live by the flinch|Jirachi|100/100
|turn|8
|
|t:|1779628694
|move|p1a: Deoxys|Knock Off|p2a: Live by the flinch
|-supereffective|p2a: Live by the flinch
|-damage|p2a: Live by the flinch|36/100
|-enditem|p2a: Live by the flinch|Choice Scarf|[from] move: Knock Off|[of] p1a: Deoxys
|-damage|p1a: Deoxys|81/100|[from] item: Life Orb
|move|p2a: Live by the flinch|Trick|p1a: Deoxys
|-activate|p2a: Live by the flinch|move: Trick|[of] p1a: Deoxys
|-enditem|p1a: Deoxys|Life Orb|[silent]|[from] move: Trick
|-item|p2a: Live by the flinch|Life Orb|[from] move: Trick
|
|upkeep
|turn|9
|
|t:|1779628706
|move|p1a: Deoxys|Knock Off|p2a: Live by the flinch
|-supereffective|p2a: Live by the flinch
|-damage|p2a: Live by the flinch|0 fnt
|-enditem|p2a: Live by the flinch|Life Orb|[from] move: Knock Off|[of] p1a: Deoxys
|faint|p2a: Live by the flinch
|
|upkeep
|
|t:|1779628712
|switch|p2a: Heatran|Heatran, M|100/100
|turn|10
|
|t:|1779628717
|move|p1a: Deoxys|Knock Off|p2a: Heatran
|-damage|p2a: Heatran|78/100
|-enditem|p2a: Heatran|Choice Scarf|[from] move: Knock Off|[of] p1a: Deoxys
|move|p2a: Heatran|Flamethrower|p1a: Deoxys
|-crit|p1a: Deoxys
|-damage|p1a: Deoxys|0 fnt
|faint|p1a: Deoxys
|
|upkeep
|
|t:|1779628740
|switch|p1a: Porygon2|Porygon2, shiny|100/100
|-ability|p1a: Porygon2|Flash Fire|Trace|[from] ability: Trace|[of] p2a: Heatran
|turn|11
|
|t:|1779628746
|move|p2a: Heatran|Will-O-Wisp|p1a: Porygon2
|-start|p1a: Porygon2|ability: Flash Fire
|move|p1a: Porygon2|Discharge|p2a: Heatran
|-damage|p2a: Heatran|59/100
|
|upkeep
|turn|12
|
|t:|1779628757
|move|p2a: Heatran|Earth Power|p1a: Porygon2
|-damage|p1a: Porygon2|87/100
|move|p1a: Porygon2|Discharge|p2a: Heatran
|-damage|p2a: Heatran|40/100
|
|upkeep
|turn|13
|
|t:|1779628764
|switch|p2a: Maushold|Maushold-Four|100/100
|move|p1a: Porygon2|Discharge|p2a: Maushold
|-damage|p2a: Maushold|73/100
|-status|p2a: Maushold|par
|
|upkeep
|turn|14
|
|t:|1779628772
|move|p2a: Maushold|Population Bomb|p1a: Porygon2
|-damage|p1a: Porygon2|80/100
|-damage|p1a: Porygon2|72/100
|-damage|p1a: Porygon2|65/100
|-damage|p1a: Porygon2|57/100
|-damage|p1a: Porygon2|50/100
|-damage|p1a: Porygon2|42/100
|-damage|p1a: Porygon2|34/100
|-damage|p1a: Porygon2|27/100
|-damage|p1a: Porygon2|19/100
|-damage|p1a: Porygon2|12/100
|-hitcount|p1a: Porygon2|10
|move|p1a: Porygon2|Tri Attack|p2a: Maushold
|-damage|p2a: Maushold|31/100 par
|
|upkeep
|turn|15
|inactive|leifohman has 120 seconds left.
|
|t:|1779628808
|move|p2a: Maushold|Bite|p1a: Porygon2
|-damage|p1a: Porygon2|0 fnt
|faint|p1a: Porygon2
|
|upkeep
|
|t:|1779628816
|switch|p1a: Dragapult|Dragapult, F, shiny|100/100
|turn|16
|
|t:|1779628821
|move|p1a: Dragapult|U-turn|p2a: Maushold
|-damage|p2a: Maushold|3/100 par
|
|t:|1779628823
|switch|p1a: Cinderace|Cinderace, M, shiny|100/100|[from] U-turn
|move|p2a: Maushold|Bite|p1a: Cinderace
|-damage|p1a: Cinderace|66/100
|
|upkeep
|turn|17
|
|t:|1779628835
|move|p1a: Cinderace|U-turn|p2a: Maushold
|-start|p1a: Cinderace|typechange|Bug|[from] ability: Libero
|-damage|p2a: Maushold|0 fnt
|faint|p2a: Maushold
|
|t:|1779628839
|switch|p1a: Dragapult|Dragapult, F, shiny|100/100|[from] U-turn
|
|upkeep
|
|t:|1779628845
|switch|p2a: Heatran|Heatran, M|40/100
|turn|18
|
|t:|1779628858
|move|p1a: Dragapult|Shadow Ball|p2a: Heatran
|-damage|p2a: Heatran|0 fnt
|faint|p2a: Heatran
|
|win|leifohman
|raw|leifohman's rating: 1477 &rarr; <strong>1494</strong><br />(+17 for winning)
|raw|diddlediddle's rating: 1433 &rarr; <strong>1416</strong><br />(-17 for losing)
|l|☆diddlediddle
|player|p2|
|l|‽leifohman
|player|p1|
