|j|☆SmithingLucki
|j|☆shauryagarchamp
|t:|1779603514
|gametype|singles
|player|p1|SmithingLucki|byron|1137
|player|p2|shauryagarchamp|elesa-masters3|1099
|gen|9
|tier|[Gen 9] OU
|rated|
|rule|HP Percentage Mod: HP is shown in percentages
|rule|Endless Battle Clause: Forcing endless battles is banned
|rule|Species Clause: Limit one of each Pokémon
|rule|OHKO Clause: OHKO moves are banned
|rule|Evasion Items Clause: Evasion items are banned
|rule|Evasion Moves Clause: Evasion moves are banned
|rule|Evasion Abilities Clause: Evasion abilities are banned
|rule|Sleep Moves Clause: Sleep-inducing moves are banned
|clearpoke
|poke|p1|Clodsire, F|
|poke|p1|Gholdengo|
|poke|p1|Mandibuzz, F|
|poke|p1|Clefable, F|
|poke|p1|Garganacl, F|
|poke|p1|Cinderace, F|
|poke|p2|Weezing-Galar, M|
|poke|p2|Goodra-Hisui, F|
|poke|p2|Thundurus-Therian, M|
|poke|p2|Ceruledge, M|
|poke|p2|Weavile, F|
|poke|p2|Gastrodon-East, F|
|teampreview
|inactive|Battle timer is ON: inactive players will automatically lose when time's up. (requested by shauryagarchamp)
|
|t:|1779603528
|teamsize|p1|6
|teamsize|p2|6
|start
|switch|p1a: Garganacl|Garganacl, F|100/100
|switch|p2a: Gastrodon|Gastrodon-East, F|100/100
|turn|1
|
|t:|1779603540
|switch|p1a: Clodsire|Clodsire, F|100/100
|move|p2a: Gastrodon|Ice Beam|p1a: Clodsire
|-supereffective|p1a: Clodsire
|-damage|p1a: Clodsire|77/100
|
|-heal|p1a: Clodsire|83/100|[from] item: Black Sludge
|upkeep
|turn|2
|
|t:|1779603555
|move|p2a: Gastrodon|Stealth Rock|p1a: Clodsire
|-sidestart|p1: SmithingLucki|move: Stealth Rock
|move|p1a: Clodsire|Toxic|p2a: Gastrodon
|-status|p2a: Gastrodon|tox
|
|-heal|p1a: Clodsire|89/100|[from] item: Black Sludge
|-damage|p2a: Gastrodon|94/100 tox|[from] psn
|upkeep
|turn|3
|
|t:|1779603570
|move|p2a: Gastrodon|Ice Beam|p1a: Clodsire
|-supereffective|p1a: Clodsire
|-damage|p1a: Clodsire|62/100
|move|p1a: Clodsire|Earthquake|p2a: Gastrodon
|-damage|p2a: Gastrodon|51/100 tox
|
|-heal|p1a: Clodsire|68/100|[from] item: Black Sludge
|-damage|p2a: Gastrodon|39/100 tox|[from] psn
|upkeep
|turn|4
|
|t:|1779603579
|move|p2a: Gastrodon|Recover|p2a: Gastrodon
|-heal|p2a: Gastrodon|89/100 tox
|move|p1a: Clodsire|Recover|p1a: Clodsire
|-heal|p1a: Clodsire|100/100
|
|-damage|p2a: Gastrodon|70/100 tox|[from] psn
|upkeep
|turn|5
|
|t:|1779603588
|move|p2a: Gastrodon|Ice Beam|p1a: Clodsire
|-supereffective|p1a: Clodsire
|-damage|p1a: Clodsire|75/100
|move|p1a: Clodsire|Earthquake|p2a: Gastrodon
|-damage|p2a: Gastrodon|29/100 tox
|
|-heal|p1a: Clodsire|81/100|[from] item: Black Sludge
|-damage|p2a: Gastrodon|5/100 tox|[from] psn
|upkeep
|turn|6
|
|t:|1779603598
|move|p2a: Gastrodon|Recover|p2a: Gastrodon
|-heal|p2a: Gastrodon|55/100 tox
|move|p1a: Clodsire|Earthquake|p2a: Gastrodon
|-damage|p2a: Gastrodon|8/100 tox
|
|-heal|p1a: Clodsire|87/100|[from] item: Black Sludge
|-damage|p2a: Gastrodon|0 fnt|[from] psn
|faint|p2a: Gastrodon
|upkeep
|
|t:|1779603605
|switch|p2a: Thundurus|Thundurus-Therian, M|100/100
|turn|7
|
|t:|1779603611
|move|p2a: Thundurus|Agility|p2a: Thundurus
|-boost|p2a: Thundurus|spe|2
|move|p1a: Clodsire|Toxic|p2a: Thundurus
|-status|p2a: Thundurus|tox
|
|-heal|p1a: Clodsire|93/100|[from] item: Black Sludge
|-damage|p2a: Thundurus|94/100 tox|[from] psn
|upkeep
|turn|8
|
|t:|1779603627
|move|p2a: Thundurus|Psychic|p1a: Clodsire
|-supereffective|p1a: Clodsire
|-damage|p1a: Clodsire|33/100
|-damage|p2a: Thundurus|85/100 tox|[from] item: Life Orb
|move|p1a: Clodsire|Recover|p1a: Clodsire
|-heal|p1a: Clodsire|83/100
|
|-heal|p1a: Clodsire|90/100|[from] item: Black Sludge
|-damage|p2a: Thundurus|73/100 tox|[from] psn
|upkeep
|turn|9
|
|t:|1779603642
|move|p2a: Thundurus|Psychic|p1a: Clodsire
|-supereffective|p1a: Clodsire
|-damage|p1a: Clodsire|22/100
|-damage|p2a: Thundurus|63/100 tox|[from] item: Life Orb
|move|p1a: Clodsire|Recover|p1a: Clodsire
|-heal|p1a: Clodsire|72/100
|
|-heal|p1a: Clodsire|78/100|[from] item: Black Sludge
|-damage|p2a: Thundurus|45/100 tox|[from] psn
|upkeep
|turn|10
|
|t:|1779603656
|switch|p1a: Mandibuzz|Mandibuzz, F|100/100
|-damage|p1a: Mandibuzz|76/100|[from] Stealth Rock
|-terastallize|p2a: Thundurus|Psychic
|move|p2a: Thundurus|Psychic|p1a: Mandibuzz
|-immune|p1a: Mandibuzz
|
|-heal|p1a: Mandibuzz|82/100|[from] item: Leftovers
|-damage|p2a: Thundurus|21/100 tox|[from] psn
|upkeep
|turn|11
|
|t:|1779603670
|switch|p1a: Clodsire|Clodsire, F|78/100
|-damage|p1a: Clodsire|72/100|[from] Stealth Rock
|move|p2a: Thundurus|Discharge|p1a: Clodsire
|-immune|p1a: Clodsire
|
|-heal|p1a: Clodsire|78/100|[from] item: Black Sludge
|-damage|p2a: Thundurus|0 fnt|[from] psn
|faint|p2a: Thundurus
|upkeep
|
|t:|1779603683
|switch|p2a: Goodra|Goodra-Hisui, F|100/100
|turn|12
|
|t:|1779603694
|move|p2a: Goodra|Substitute|p2a: Goodra
|-start|p2a: Goodra|Substitute
|-damage|p2a: Goodra|76/100
|move|p1a: Clodsire|Earthquake|p2a: Goodra
|-supereffective|p2a: Goodra
|-end|p2a: Goodra|Substitute
|
|-heal|p2a: Goodra|82/100|[from] item: Leftovers
|-heal|p1a: Clodsire|84/100|[from] item: Black Sludge
|upkeep
|turn|13
|
|t:|1779603704
|move|p1a: Clodsire|Earthquake|p2a: Goodra
|-supereffective|p2a: Goodra
|-damage|p2a: Goodra|2/100
|move|p2a: Goodra|Dragon Tail|p1a: Clodsire|[miss]
|-miss|p2a: Goodra|p1a: Clodsire
|
|-heal|p2a: Goodra|8/100|[from] item: Leftovers
|-heal|p1a: Clodsire|91/100|[from] item: Black Sludge
|upkeep
|turn|14
|
|t:|1779603710
|move|p2a: Goodra|Surf|p1a: Clodsire
|-heal|p1a: Clodsire|100/100|[from] ability: Water Absorb|[of] p2a: Goodra
|move|p1a: Clodsire|Earthquake|p2a: Goodra
|-supereffective|p2a: Goodra
|-damage|p2a: Goodra|0 fnt
|faint|p2a: Goodra
|
|upkeep
|
|t:|1779603717
|switch|p2a: Long time bud|Ceruledge, M, shiny|100/100
|turn|15
|
|t:|1779603724
|move|p2a: Long time bud|Swords Dance|p2a: Long time bud
|-boost|p2a: Long time bud|atk|2
|move|p1a: Clodsire|Earthquake|p2a: Long time bud
|-supereffective|p2a: Long time bud
|-crit|p2a: Long time bud
|-damage|p2a: Long time bud|0 fnt
|faint|p2a: Long time bud
|
|upkeep
|
|t:|1779603730
|switch|p2a: Full utility|Weavile, F|100/100
|turn|16
|
|t:|1779603735
|-terastallize|p1a: Clodsire|Steel
|move|p2a: Full utility|Taunt|p1a: Clodsire
|-start|p1a: Clodsire|move: Taunt
|move|p1a: Clodsire|Earthquake|p2a: Full utility
|-damage|p2a: Full utility|37/100
|
|-damage|p1a: Clodsire|88/100|[from] item: Black Sludge
|upkeep
|turn|17
|
|t:|1779603745
|move|p2a: Full utility|Low Sweep|p1a: Clodsire
|-supereffective|p1a: Clodsire
|-damage|p1a: Clodsire|31/100
|-unboost|p1a: Clodsire|spe|1
|move|p1a: Clodsire|Earthquake|p2a: Full utility
|-damage|p2a: Full utility|0 fnt
|faint|p2a: Full utility
|
|-damage|p1a: Clodsire|18/100|[from] item: Black Sludge
|upkeep
|
|t:|1779603756
|switch|p2a: Ehgh ehhh|Weezing-Galar, M|100/100
|turn|18
|
|t:|1779603763
|switch|p1a: Cinderace|Cinderace, F|100/100
|move|p2a: Ehgh ehhh|Will-O-Wisp|p1a: Cinderace
|-immune|p1a: Cinderace
|
|upkeep
|turn|19
|
|t:|1779603779
|move|p1a: Cinderace|Court Change|p1a: Cinderace
|-start|p1a: Cinderace|typechange|Normal|[from] ability: Libero
|-swapsideconditions
|-activate|p1a: Cinderace|move: Court Change
|move|p2a: Ehgh ehhh|Sludge Bomb|p1a: Cinderace
|-damage|p1a: Cinderace|66/100
|
|upkeep
|turn|20
|
|t:|1779603788
|move|p1a: Cinderace|Will-O-Wisp|p2a: Ehgh ehhh
|-status|p2a: Ehgh ehhh|brn
|move|p2a: Ehgh ehhh|Will-O-Wisp|p1a: Cinderace
|-status|p1a: Cinderace|brn
|
|-damage|p1a: Cinderace|60/100 brn|[from] brn
|-damage|p2a: Ehgh ehhh|95/100 brn|[from] brn
|upkeep
|turn|21
|
|t:|1779603801
|move|p1a: Cinderace|U-turn|p2a: Ehgh ehhh
|-resisted|p2a: Ehgh ehhh
|-damage|p2a: Ehgh ehhh|92/100 brn
|
|t:|1779603804
|switch|p1a: Gholdengo|Gholdengo|100/100|[from] U-turn
|-item|p1a: Gholdengo|Air Balloon
|move|p2a: Ehgh ehhh|Sludge Bomb|p1a: Gholdengo
|-immune|p1a: Gholdengo
|
|-heal|p2a: Ehgh ehhh|98/100 brn|[from] item: Black Sludge
|-damage|p2a: Ehgh ehhh|92/100 brn|[from] brn
|upkeep
|turn|22
|
|t:|1779603815
|move|p1a: Gholdengo|Make It Rain|p2a: Ehgh ehhh
|-supereffective|p2a: Ehgh ehhh
|-damage|p2a: Ehgh ehhh|0 fnt
|-unboost|p1a: Gholdengo|spa|1
|faint|p2a: Ehgh ehhh
|
|win|SmithingLucki
|raw|SmithingLucki's rating: 1137 &rarr; <strong>1159</strong><br />(+22 for winning)
|raw|shauryagarchamp's rating: 1099 &rarr; <strong>1077</strong><br />(-22 for losing)
|l|☆shauryagarchamp
|player|p2|
|l|☆SmithingLucki
|player|p1|
