|j|☆party girl 2004
|j|☆babajeje
|t:|1779704663
|gametype|singles
|player|p1|party girl 2004|lass-gen4dp|1398
|player|p2|babajeje|ghetsis-gen5bw|1357
|gen|9
|tier|[Gen 9] OU
|rated|
|rule|HP Percentage Mod: HP is shown in percentages
|rule|Endless Battle Clause: Forcing endless battles is banned
|rule|Species Clause: Limit one of each Pokémon
|rule|OHKO Clause: OHKO moves are banned
|rule|Evasion Items Clause: Evasion items are banned
|rule|Evasion Moves Clause: Evasion moves are banned
|rule|Evasion Abilities Clause: Evasion abilities are banned
|rule|Sleep Moves Clause: Sleep-inducing moves are banned
|clearpoke
|poke|p1|Serperior, M|
|poke|p1|Skarmory, M|
|poke|p1|Blaziken, M|
|poke|p1|Kommo-o, F|
|poke|p1|Indeedee, M|
|poke|p1|Polteageist|
|poke|p2|Kleavor, M|
|poke|p2|Garganacl, M|
|poke|p2|Ogerpon-Wellspring, F|
|poke|p2|Alomomola, F|
|poke|p2|Corviknight, M|
|poke|p2|Slowking-Galar, F|
|teampreview
|inactive|Battle timer is ON: inactive players will automatically lose when time's up. (requested by party girl 2004)
|inactive|party girl 2004 has 120 seconds left.
|
|t:|1779704708
|teamsize|p1|6
|teamsize|p2|6
|start
|switch|p1a: MVP|Serperior, M, shiny|100/100
|switch|p2a: Slowking|Slowking-Galar, F|100/100
|turn|1
|
|t:|1779704715
|move|p1a: MVP|Glare|p2a: Slowking
|-status|p2a: Slowking|par
|cant|p2a: Slowking|par
|
|upkeep
|turn|2
|
|t:|1779704719
|move|p1a: MVP|Taunt|p2a: Slowking
|-start|p2a: Slowking|move: Taunt
|move|p2a: Slowking|Sludge Bomb|p1a: MVP
|-supereffective|p1a: MVP
|-damage|p1a: MVP|15/100
|
|upkeep
|turn|3
|
|t:|1779704724
|move|p1a: MVP|Leaf Storm|p2a: Slowking
|-resisted|p2a: Slowking
|-damage|p2a: Slowking|87/100 par
|-boost|p1a: MVP|spa|2
|move|p2a: Slowking|Future Sight|p1a: MVP
|-start|p2a: Slowking|move: Future Sight
|
|upkeep
|turn|4
|
|t:|1779704727
|move|p1a: MVP|Leaf Storm|p2a: Slowking
|-resisted|p2a: Slowking
|-damage|p2a: Slowking|60/100 par
|-boost|p1a: MVP|spa|2
|move|p2a: Slowking|Sludge Bomb|p1a: MVP
|-supereffective|p1a: MVP
|-damage|p1a: MVP|0 fnt
|faint|p1a: MVP
|
|-end|p2a: Slowking|move: Taunt
|upkeep
|
|t:|1779704732
|switch|p1a: Mane Tank|Skarmory, M, shiny|100/100
|turn|5
|
|t:|1779704741
|switch|p2a: Garganacl|Garganacl, M|100/100
|move|p1a: Mane Tank|Stealth Rock|p2a: Garganacl
|-sidestart|p2: babajeje|move: Stealth Rock
|
|-end|p1a: Mane Tank|move: Future Sight
|-resisted|p1a: Mane Tank
|-damage|p1a: Mane Tank|64/100
|upkeep
|turn|6
|
|t:|1779704753
|move|p1a: Mane Tank|Taunt|p2a: Garganacl
|-start|p2a: Garganacl|move: Taunt
|move|p2a: Garganacl|Salt Cure|p1a: Mane Tank
|-damage|p1a: Mane Tank|50/100
|-start|p1a: Mane Tank|Salt Cure
|
|-damage|p1a: Mane Tank|25/100|[from] Salt Cure
|upkeep
|turn|7
|-enditem|p1a: Mane Tank|Custap Berry|[eat]
|-activate|p1a: Mane Tank|item: Custap Berry|[consumed]
|
|t:|1779704759
|move|p1a: Mane Tank|Spikes|p2a: Garganacl
|-sidestart|p2: babajeje|Spikes
|move|p2a: Garganacl|Body Press|p1a: Mane Tank
|-damage|p1a: Mane Tank|0 fnt
|faint|p1a: Mane Tank
|
|upkeep
|
|t:|1779704774
|switch|p1a: Tapo Lele|Indeedee, M|100/100
|-fieldstart|move: Psychic Terrain|[from] ability: Psychic Surge|[of] p1a: Tapo Lele
|turn|8
|
|t:|1779704786
|move|p1a: Tapo Lele|Expanding Force|p2a: Garganacl
|-damage|p2a: Garganacl|51/100
|move|p2a: Garganacl|Salt Cure|p1a: Tapo Lele
|-damage|p1a: Tapo Lele|78/100
|-start|p1a: Tapo Lele|Salt Cure
|
|-heal|p2a: Garganacl|58/100|[from] item: Leftovers
|-damage|p1a: Tapo Lele|66/100|[from] Salt Cure
|-end|p2a: Garganacl|move: Taunt
|upkeep
|turn|9
|
|t:|1779704790
|move|p2a: Garganacl|Protect|p2a: Garganacl
|-singleturn|p2a: Garganacl|Protect
|move|p1a: Tapo Lele|Encore|p2a: Garganacl
|-activate|p2a: Garganacl|move: Protect
|
|-heal|p2a: Garganacl|64/100|[from] item: Leftovers
|-damage|p1a: Tapo Lele|54/100|[from] Salt Cure
|upkeep
|turn|10
|
|t:|1779704794
|switch|p2a: Slowking|Slowking-Galar, F|93/100 par
|move|p1a: Tapo Lele|Encore||[still]
|-fail|p1a: Tapo Lele
|
|-damage|p1a: Tapo Lele|41/100|[from] Salt Cure
|upkeep
|turn|11
|
|t:|1779704799
|move|p1a: Tapo Lele|Expanding Force|p2a: Slowking
|-damage|p2a: Slowking|58/100 par
|move|p2a: Slowking|Sludge Bomb|p1a: Tapo Lele
|-damage|p1a: Tapo Lele|8/100
|
|-damage|p1a: Tapo Lele|0 fnt|[from] Salt Cure
|faint|p1a: Tapo Lele
|upkeep
|
|t:|1779704802
|switch|p1a: Stop|Polteageist|100/100
|turn|12
|
|t:|1779704820
|move|p1a: Stop|Shell Smash|p1a: Stop
|-unboost|p1a: Stop|def|1
|-unboost|p1a: Stop|spd|1
|-boost|p1a: Stop|atk|2
|-boost|p1a: Stop|spa|2
|-boost|p1a: Stop|spe|2
|move|p2a: Slowking|Thunder Wave|p1a: Stop
|-status|p1a: Stop|par
|
|upkeep
|turn|13
|
|t:|1779704829
|move|p1a: Stop|Shell Smash|p1a: Stop
|-unboost|p1a: Stop|def|1
|-unboost|p1a: Stop|spd|1
|-boost|p1a: Stop|atk|2
|-boost|p1a: Stop|spa|2
|-boost|p1a: Stop|spe|2
|cant|p2a: Slowking|par
|
|upkeep
|turn|14
|
|t:|1779704834
|move|p1a: Stop|Stored Power|p2a: Slowking
|-damage|p2a: Slowking|0 fnt
|faint|p2a: Slowking
|
|upkeep
|
|t:|1779704842
|switch|p2a: Kleavor|Kleavor, M|100/100
|-damage|p2a: Kleavor|76/100|[from] Stealth Rock
|-damage|p2a: Kleavor|63/100|[from] Spikes
|turn|15
|
|t:|1779704850
|move|p2a: Kleavor|Stone Axe|p1a: Stop
|-enditem|p1a: Stop|Focus Sash
|-damage|p1a: Stop|1/100 par
|-ability|p1a: Stop|Weak Armor|boost
|-unboost|p1a: Stop|def|1
|-boost|p1a: Stop|spe|2
|-sidestart|p1: party girl 2004|move: Stealth Rock
|cant|p1a: Stop|par
|
|-fieldend|move: Psychic Terrain
|upkeep
|turn|16
|
|t:|1779704860
|move|p1a: Stop|Giga Drain|p2a: Kleavor
|-damage|p2a: Kleavor|0 fnt
|-heal|p1a: Stop|35/100 par|[from] drain|[of] p2a: Kleavor
|faint|p2a: Kleavor
|
|upkeep
|
|t:|1779704869
|switch|p2a: Ogerpon|Ogerpon-Wellspring, F|100/100
|-damage|p2a: Ogerpon|88/100|[from] Stealth Rock
|-damage|p2a: Ogerpon|76/100|[from] Spikes
|turn|17
|
|t:|1779704875
|-terastallize|p2a: Ogerpon|Water
|detailschange|p2a: Ogerpon|Ogerpon-Wellspring-Tera, F, tera:Water
|-ability|p2a: Ogerpon|Embody Aspect (Wellspring)|boost
|-boost|p2a: Ogerpon|spd|1
|cant|p1a: Stop|par
|move|p2a: Ogerpon|Ivy Cudgel|p1a: Stop|[anim] Ivy Cudgel Water
|-damage|p1a: Stop|0 fnt
|faint|p1a: Stop
|
|upkeep
|
|t:|1779704882
|switch|p1a: Fightinium Z|Kommo-o, F, shiny|100/100
|-damage|p1a: Fightinium Z|94/100|[from] Stealth Rock
|turn|18
|
|t:|1779704888
|switch|p2a: Alomomola|Alomomola, F|100/100
|move|p1a: Fightinium Z|Clangorous Soul|p1a: Fightinium Z
|-boost|p1a: Fightinium Z|atk|1
|-boost|p1a: Fightinium Z|def|1
|-boost|p1a: Fightinium Z|spa|1
|-boost|p1a: Fightinium Z|spd|1
|-boost|p1a: Fightinium Z|spe|1
|-damage|p1a: Fightinium Z|61/100
|-enditem|p1a: Fightinium Z|Throat Spray
|-boost|p1a: Fightinium Z|spa|1|[from] item: Throat Spray
|
|upkeep
|turn|19
|
|t:|1779704896
|-terastallize|p1a: Fightinium Z|Normal
|move|p1a: Fightinium Z|Boomburst|p2a: Alomomola
|-damage|p2a: Alomomola|0 fnt
|faint|p2a: Alomomola
|
|upkeep
|
|t:|1779704901
|switch|p2a: Corviknight|Corviknight, M|100/100
|-damage|p2a: Corviknight|88/100|[from] Stealth Rock
|-ability|p2a: Corviknight|Pressure
|turn|20
|
|t:|1779704904
|move|p1a: Fightinium Z|Flamethrower|p2a: Corviknight
|-supereffective|p2a: Corviknight
|-damage|p2a: Corviknight|0 fnt
|faint|p2a: Corviknight
|
|upkeep
|
|t:|1779704907
|switch|p2a: Garganacl|Garganacl, M|64/100
|-damage|p2a: Garganacl|51/100|[from] Stealth Rock
|-damage|p2a: Garganacl|39/100|[from] Spikes
|turn|21
|
|t:|1779704912
|move|p1a: Fightinium Z|Clanging Scales|p2a: Garganacl
|-damage|p2a: Garganacl|0 fnt
|faint|p2a: Garganacl
|-unboost|p1a: Fightinium Z|def|1
|
|upkeep
|
|t:|1779704915
|switch|p2a: Ogerpon|Ogerpon-Wellspring-Tera, F, tera:Water|76/100
|-damage|p2a: Ogerpon|64/100|[from] Stealth Rock
|-damage|p2a: Ogerpon|51/100|[from] Spikes
|-ability|p2a: Ogerpon|Embody Aspect (Wellspring)|boost
|-boost|p2a: Ogerpon|spd|1
|turn|22
|
|t:|1779704919
|move|p1a: Fightinium Z|Boomburst|p2a: Ogerpon
|-damage|p2a: Ogerpon|0 fnt
|faint|p2a: Ogerpon
|detailschange|p2: Ogerpon|Ogerpon-Wellspring, F|[silent]
|
|win|party girl 2004
|raw|party girl 2004's rating: 1398 &rarr; <strong>1416</strong><br />(+18 for winning)
|raw|babajeje's rating: 1357 &rarr; <strong>1339</strong><br />(-18 for losing)
|c|☆babajeje|gg
