|j|☆bjls
|j|☆aalhadk
|t:|1779627230
|gametype|singles
|player|p1|bjls|hilda|1544
|player|p2|aalhadk|266|1572
|gen|9
|tier|[Gen 9] OU
|rated|
|rule|HP Percentage Mod: HP is shown in percentages
|rule|Endless Battle Clause: Forcing endless battles is banned
|rule|Species Clause: Limit one of each Pokémon
|rule|OHKO Clause: OHKO moves are banned
|rule|Evasion Items Clause: Evasion items are banned
|rule|Evasion Moves Clause: Evasion moves are banned
|rule|Evasion Abilities Clause: Evasion abilities are banned
|rule|Sleep Moves Clause: Sleep-inducing moves are banned
|clearpoke
|poke|p1|Pelipper, M|
|poke|p1|Basculegion, M|
|poke|p1|Iron Jugulis|
|poke|p1|Raging Bolt|
|poke|p1|Iron Treads|
|poke|p1|Kingambit, M|
|poke|p2|Rillaboom, M|
|poke|p2|Heatran, M|
|poke|p2|Comfey, F|
|poke|p2|Raging Bolt|
|poke|p2|Great Tusk|
|poke|p2|Zamazenta-*|
|teampreview
|inactive|Battle timer is ON: inactive players will automatically lose when time's up. (requested by bjls)
|
|t:|1779627236
|teamsize|p1|6
|teamsize|p2|6
|start
|switch|p1a: 大卫·戴|Pelipper, M|100/100
|switch|p2a: Rillaboom|Rillaboom, M|100/100
|-fieldstart|move: Grassy Terrain|[from] ability: Grassy Surge|[of] p2a: Rillaboom
|-weather|RainDance|[from] ability: Drizzle|[of] p1a: 大卫·戴
|turn|1
|
|t:|1779627239
|-terastallize|p2a: Rillaboom|Grass
|move|p2a: Rillaboom|Wood Hammer|p1a: 大卫·戴
|-damage|p1a: 大卫·戴|0 fnt
|faint|p1a: 大卫·戴
|-damage|p2a: Rillaboom|69/100|[from] Recoil
|
|-weather|RainDance|[upkeep]
|-heal|p2a: Rillaboom|75/100|[from] Grassy Terrain
|upkeep
|
|t:|1779627244
|switch|p1a: 驭雷掣电天尊|Raging Bolt|100/100
|-enditem|p1a: 驭雷掣电天尊|Booster Energy
|-activate|p1a: 驭雷掣电天尊|ability: Protosynthesis|[fromitem]
|-start|p1a: 驭雷掣电天尊|protosynthesisspa
|turn|2
|
|t:|1779627249
|switch|p2a: Heatran|Heatran, M|100/100
|move|p1a: 驭雷掣电天尊|Weather Ball|p2a: Heatran
|-supereffective|p2a: Heatran
|-damage|p2a: Heatran|4/100
|
|-weather|RainDance|[upkeep]
|-heal|p2a: Heatran|10/100|[from] Grassy Terrain
|-heal|p2a: Heatran|17/100|[from] item: Leftovers
|upkeep
|turn|3
|
|t:|1779627255
|switch|p2a: Raging Bolt|Raging Bolt|100/100
|-enditem|p2a: Raging Bolt|Booster Energy
|-activate|p2a: Raging Bolt|ability: Protosynthesis|[fromitem]
|-start|p2a: Raging Bolt|protosynthesisspa
|move|p1a: 驭雷掣电天尊|Thunderclap||[still]
|-fail|p1a: 驭雷掣电天尊
|
|-weather|RainDance|[upkeep]
|upkeep
|turn|4
|
|t:|1779627259
|-terastallize|p1a: 驭雷掣电天尊|Fairy
|move|p2a: Raging Bolt|Dragon Pulse|p1a: 驭雷掣电天尊
|-immune|p1a: 驭雷掣电天尊
|move|p1a: 驭雷掣电天尊|Draco Meteor|p2a: Raging Bolt
|-supereffective|p2a: Raging Bolt
|-damage|p2a: Raging Bolt|0 fnt
|-unboost|p1a: 驭雷掣电天尊|spa|2
|faint|p2a: Raging Bolt
|-end|p2a: Raging Bolt|Protosynthesis|[silent]
|
|-weather|RainDance|[upkeep]
|upkeep
|
|t:|1779627264
|switch|p2a: Rillaboom|Rillaboom, M, tera:Grass|75/100
|turn|5
|
|t:|1779627270
|move|p2a: Rillaboom|Wood Hammer|p1a: 驭雷掣电天尊
|-damage|p1a: 驭雷掣电天尊|0 fnt
|faint|p1a: 驭雷掣电天尊
|-end|p1a: 驭雷掣电天尊|Protosynthesis|[silent]
|-damage|p2a: Rillaboom|31/100|[from] Recoil
|
|-weather|RainDance|[upkeep]
|-heal|p2a: Rillaboom|37/100|[from] Grassy Terrain
|-fieldend|move: Grassy Terrain
|upkeep
|
|t:|1779627274
|switch|p1a: 特瓦林|Iron Jugulis|100/100
|-enditem|p1a: 特瓦林|Booster Energy
|-activate|p1a: 特瓦林|ability: Quark Drive|[fromitem]
|-start|p1a: 特瓦林|quarkdrivespe
|turn|6
|
|t:|1779627277
|switch|p2a: Heatran|Heatran, M|17/100
|move|p1a: 特瓦林|Hurricane|p2a: Heatran
|-resisted|p2a: Heatran
|-damage|p2a: Heatran|0 fnt
|faint|p2a: Heatran
|
|-weather|RainDance|[upkeep]
|upkeep
|
|t:|1779627290
|switch|p2a: Comfey|Comfey, F|100/100
|turn|7
|
|t:|1779627292
|move|p2a: Comfey|Draining Kiss|p1a: 特瓦林
|-supereffective|p1a: 特瓦林
|-damage|p1a: 特瓦林|47/100
|move|p1a: 特瓦林|Hurricane|p2a: Comfey
|-crit|p2a: Comfey
|-damage|p2a: Comfey|17/100
|
|-weather|RainDance|[upkeep]
|upkeep
|turn|8
|
|t:|1779627298
|move|p2a: Comfey|Draining Kiss|p1a: 特瓦林
|-supereffective|p1a: 特瓦林
|-damage|p1a: 特瓦林|0 fnt
|-heal|p2a: Comfey|55/100|[from] drain|[of] p1a: 特瓦林
|faint|p1a: 特瓦林
|-end|p1a: 特瓦林|Quark Drive|[silent]
|
|-weather|none
|upkeep
|
|t:|1779627303
|switch|p1a: 帝车超光所向捷|Iron Treads|100/100
|-enditem|p1a: 帝车超光所向捷|Booster Energy
|-activate|p1a: 帝车超光所向捷|ability: Quark Drive|[fromitem]
|-start|p1a: 帝车超光所向捷|quarkdrivespe
|turn|9
|
|t:|1779627306
|switch|p2a: Great Tusk|Great Tusk|100/100
|-enditem|p2a: Great Tusk|Booster Energy
|-activate|p2a: Great Tusk|ability: Protosynthesis|[fromitem]
|-start|p2a: Great Tusk|protosynthesisspe
|move|p1a: 帝车超光所向捷|Ice Spinner|p2a: Great Tusk
|-supereffective|p2a: Great Tusk
|-damage|p2a: Great Tusk|68/100
|
|upkeep
|turn|10
|
|t:|1779627311
|move|p1a: 帝车超光所向捷|Ice Spinner|p2a: Great Tusk
|-supereffective|p2a: Great Tusk
|-crit|p2a: Great Tusk
|-damage|p2a: Great Tusk|21/100
|move|p2a: Great Tusk|Bulk Up|p2a: Great Tusk
|-boost|p2a: Great Tusk|atk|1
|-boost|p2a: Great Tusk|def|1
|
|upkeep
|turn|11
|
|t:|1779627317
|move|p1a: 帝车超光所向捷|Ice Spinner|p2a: Great Tusk
|-supereffective|p2a: Great Tusk
|-damage|p2a: Great Tusk|0 fnt
|faint|p2a: Great Tusk
|-end|p2a: Great Tusk|Protosynthesis|[silent]
|
|upkeep
|
|t:|1779627320
|switch|p2a: Zamazenta|Zamazenta|100/100
|-ability|p2a: Zamazenta|Dauntless Shield|boost
|-boost|p2a: Zamazenta|def|1
|turn|12
|
|t:|1779627323
|-end|p1a: 帝车超光所向捷|Quark Drive|[silent]
|switch|p1a: 一汽·大运|Basculegion, M|100/100
|move|p2a: Zamazenta|Body Press|p1a: 一汽·大运
|-immune|p1a: 一汽·大运
|
|upkeep
|turn|13
|
|t:|1779627326
|switch|p2a: Comfey|Comfey, F|55/100
|move|p1a: 一汽·大运|Wave Crash|p2a: Comfey
|-damage|p2a: Comfey|0 fnt
|faint|p2a: Comfey
|-damage|p1a: 一汽·大运|86/100|[from] Recoil
|
|upkeep
|
|t:|1779627328
|switch|p2a: Rillaboom|Rillaboom, M, tera:Grass|37/100
|-fieldstart|move: Grassy Terrain|[from] ability: Grassy Surge|[of] p2a: Rillaboom
|turn|14
|
|t:|1779627330
|move|p2a: Rillaboom|Grassy Glide|p1a: 一汽·大运
|-supereffective|p1a: 一汽·大运
|-damage|p1a: 一汽·大运|0 fnt
|faint|p1a: 一汽·大运
|
|-heal|p2a: Rillaboom|44/100|[from] Grassy Terrain
|upkeep
|
|t:|1779627332
|switch|p1a: 帝车超光所向捷|Iron Treads|100/100
|turn|15
|
|t:|1779627334
|move|p2a: Rillaboom|Grassy Glide|p1a: 帝车超光所向捷
|-damage|p1a: 帝车超光所向捷|30/100
|move|p1a: 帝车超光所向捷|Ice Spinner|p2a: Rillaboom
|-supereffective|p2a: Rillaboom
|-damage|p2a: Rillaboom|0 fnt
|-fieldend|move: Grassy Terrain
|faint|p2a: Rillaboom
|
|upkeep
|
|t:|1779627337
|switch|p2a: Zamazenta|Zamazenta|100/100
|turn|16
|
|t:|1779627339
|move|p2a: Zamazenta|Iron Defense|p2a: Zamazenta
|-boost|p2a: Zamazenta|def|2
|move|p1a: 帝车超光所向捷|Earthquake|p2a: Zamazenta
|-damage|p2a: Zamazenta|82/100
|
|-heal|p2a: Zamazenta|89/100|[from] item: Leftovers
|upkeep
|turn|17
|
|t:|1779627343
|move|p2a: Zamazenta|Body Press|p1a: 帝车超光所向捷
|-supereffective|p1a: 帝车超光所向捷
|-damage|p1a: 帝车超光所向捷|0 fnt
|faint|p1a: 帝车超光所向捷
|-end|p1a: 帝车超光所向捷|Quark Drive|[silent]
|
|-heal|p2a: Zamazenta|95/100|[from] item: Leftovers
|upkeep
|
|t:|1779627345
|switch|p1a: 万夫莫敌|Kingambit, M|100/100
|-activate|p1a: 万夫莫敌|ability: Supreme Overlord
|-start|p1a: 万夫莫敌|fallen5|[silent]
|-item|p1a: 万夫莫敌|Air Balloon
|turn|18
|
|t:|1779627347
|move|p2a: Zamazenta|Body Press|p1a: 万夫莫敌
|-supereffective|p1a: 万夫莫敌
|-damage|p1a: 万夫莫敌|0 fnt
|-enditem|p1a: 万夫莫敌|Air Balloon
|faint|p1a: 万夫莫敌
|-end|p1a: 万夫莫敌|fallen5|[silent]
|
|win|aalhadk
|raw|bjls's rating: 1544 &rarr; <strong>1526</strong><br />(-18 for losing)
|raw|aalhadk's rating: 1572 &rarr; <strong>1590</strong><br />(+18 for winning)
|l|☆bjls
|player|p1|
|l|☆aalhadk
|player|p2|
