|j|☆Fantasmatica
|j|☆kangaroo22
|t:|1779603238
|gametype|singles
|player|p1|Fantasmatica|102|1286
|player|p2|kangaroo22|janitor|1312
|gen|9
|tier|[Gen 9] OU
|rated|
|rule|HP Percentage Mod: HP is shown in percentages
|rule|Endless Battle Clause: Forcing endless battles is banned
|rule|Species Clause: Limit one of each Pokémon
|rule|OHKO Clause: OHKO moves are banned
|rule|Evasion Items Clause: Evasion items are banned
|rule|Evasion Moves Clause: Evasion moves are banned
|rule|Evasion Abilities Clause: Evasion abilities are banned
|rule|Sleep Moves Clause: Sleep-inducing moves are banned
|clearpoke
|poke|p1|Samurott-Hisui, M|
|poke|p1|Decidueye-Hisui, M|
|poke|p1|Typhlosion-Hisui, F|
|poke|p1|Braviary-Hisui, M|
|poke|p1|Kleavor, M|
|poke|p1|Goodra-Hisui, F|
|poke|p2|Landorus-Therian, M|
|poke|p2|Iron Moth|
|poke|p2|Zamazenta-*|
|poke|p2|Dragonite, M|
|poke|p2|Scizor, F|
|poke|p2|Iron Crown|
|teampreview
|
|t:|1779603248
|teamsize|p1|6
|teamsize|p2|6
|start
|switch|p1a: LastRonin|Samurott-Hisui, M|100/100
|switch|p2a: Zamazenta|Zamazenta|100/100
|-ability|p2a: Zamazenta|Dauntless Shield|boost
|-boost|p2a: Zamazenta|def|1
|turn|1
|
|t:|1779603252
|move|p2a: Zamazenta|Body Press|p1a: LastRonin
|-supereffective|p1a: LastRonin
|-enditem|p1a: LastRonin|Focus Sash
|-damage|p1a: LastRonin|1/100
|move|p1a: LastRonin|Ceaseless Edge|p2a: Zamazenta
|-resisted|p2a: Zamazenta
|-damage|p2a: Zamazenta|88/100
|-sidestart|p2: kangaroo22|Spikes
|
|upkeep
|turn|2
|
|t:|1779603256
|move|p2a: Zamazenta|Body Press|p1a: LastRonin
|-supereffective|p1a: LastRonin
|-damage|p1a: LastRonin|0 fnt
|faint|p1a: LastRonin
|
|upkeep
|
|t:|1779603265
|switch|p1a: Haise Sasaki|Braviary-Hisui, M, shiny|100/100
|turn|3
|
|t:|1779603271
|move|p2a: Zamazenta|Stone Edge|p1a: Haise Sasaki
|-supereffective|p1a: Haise Sasaki
|-damage|p1a: Haise Sasaki|28/100
|move|p1a: Haise Sasaki|Esper Wing|p2a: Zamazenta
|-supereffective|p2a: Zamazenta
|-damage|p2a: Zamazenta|0 fnt
|-boost|p1a: Haise Sasaki|spe|1
|faint|p2a: Zamazenta
|-damage|p1a: Haise Sasaki|18/100|[from] item: Life Orb
|
|upkeep
|
|t:|1779603280
|switch|p2a: Iron Moth|Iron Moth|100/100
|-damage|p2a: Iron Moth|88/100|[from] Spikes
|-enditem|p2a: Iron Moth|Booster Energy
|-activate|p2a: Iron Moth|ability: Quark Drive|[fromitem]
|-start|p2a: Iron Moth|quarkdrivespe
|turn|4
|
|t:|1779603284
|move|p2a: Iron Moth|Fiery Dance|p1a: Haise Sasaki
|-damage|p1a: Haise Sasaki|0 fnt
|-boost|p2a: Iron Moth|spa|1
|faint|p1a: Haise Sasaki
|
|upkeep
|
|t:|1779603288
|switch|p1a: Executioner|Kleavor, M, shiny|100/100
|turn|5
|
|t:|1779603308
|-terastallize|p2a: Iron Moth|Grass
|move|p2a: Iron Moth|Fiery Dance|p1a: Executioner
|-enditem|p1a: Executioner|Focus Sash
|-damage|p1a: Executioner|1/100
|-boost|p2a: Iron Moth|spa|1
|move|p1a: Executioner|Tailwind|p1a: Executioner
|-sidestart|p1: Fantasmatica|move: Tailwind
|
|upkeep
|turn|6
|
|t:|1779603315
|move|p1a: Executioner|Stone Axe|p2a: Iron Moth
|-damage|p2a: Iron Moth|0 fnt
|-sidestart|p2: kangaroo22|move: Stealth Rock
|faint|p2a: Iron Moth
|-end|p2a: Iron Moth|Quark Drive|[silent]
|
|upkeep
|
|t:|1779603319
|switch|p2a: Dragonite|Dragonite, M|100/100
|turn|7
|
|t:|1779603324
|move|p2a: Dragonite|Extreme Speed|p1a: Executioner
|-resisted|p1a: Executioner
|-damage|p1a: Executioner|0 fnt
|faint|p1a: Executioner
|
|upkeep
|
|t:|1779603330
|switch|p1a: Depressed|Goodra-Hisui, F|100/100
|turn|8
|
|t:|1779603340
|move|p1a: Depressed|Shelter|p1a: Depressed
|-boost|p1a: Depressed|def|2
|move|p2a: Dragonite|Dragon Dance|p2a: Dragonite
|-boost|p2a: Dragonite|atk|1
|-boost|p2a: Dragonite|spe|1
|
|-sideend|p1: Fantasmatica|move: Tailwind
|upkeep
|turn|9
|
|t:|1779603350
|move|p2a: Dragonite|Earthquake|p1a: Depressed
|-supereffective|p1a: Depressed
|-damage|p1a: Depressed|63/100
|move|p1a: Depressed|Dragon Tail|p2a: Dragonite
|-supereffective|p2a: Dragonite
|-damage|p2a: Dragonite|77/100
|drag|p2a: Iron Crown|Iron Crown|100/100
|-damage|p2a: Iron Crown|88/100|[from] Spikes
|-damage|p2a: Iron Crown|82/100|[from] Stealth Rock
|-enditem|p2a: Iron Crown|Booster Energy
|-activate|p2a: Iron Crown|ability: Quark Drive|[fromitem]
|-start|p2a: Iron Crown|quarkdrivespe
|
|-heal|p1a: Depressed|69/100|[from] item: Leftovers
|upkeep
|turn|10
|
|t:|1779603361
|move|p2a: Iron Crown|Tachyon Cutter|p1a: Depressed
|-resisted|p1a: Depressed
|-damage|p1a: Depressed|62/100
|-resisted|p1a: Depressed
|-damage|p1a: Depressed|54/100
|-hitcount|p1a: Depressed|2
|move|p1a: Depressed|Dragon Tail|p2a: Iron Crown
|-resisted|p2a: Iron Crown
|-damage|p2a: Iron Crown|71/100
|-end|p2a: Iron Crown|Quark Drive|[silent]
|drag|p2a: Landorus|Landorus-Therian, M|100/100
|-damage|p2a: Landorus|88/100|[from] Stealth Rock
|-ability|p2a: Landorus|Intimidate|boost
|-unboost|p1a: Depressed|atk|1
|
|-heal|p1a: Depressed|60/100|[from] item: Leftovers
|upkeep
|turn|11
|
|t:|1779603367
|-terastallize|p1a: Depressed|Flying
|move|p2a: Landorus|Earth Power|p1a: Depressed
|-immune|p1a: Depressed
|move|p1a: Depressed|Shelter|p1a: Depressed
|-boost|p1a: Depressed|def|2
|
|-heal|p1a: Depressed|66/100|[from] item: Leftovers
|upkeep
|turn|12
|
|t:|1779603371
|move|p2a: Landorus|Stealth Rock|p1a: Depressed
|-sidestart|p1: Fantasmatica|move: Stealth Rock
|move|p1a: Depressed|Body Press|p2a: Landorus
|-resisted|p2a: Landorus
|-damage|p2a: Landorus|51/100
|-damage|p1a: Depressed|49/100|[from] item: Rocky Helmet|[of] p2a: Landorus
|
|-heal|p1a: Depressed|55/100|[from] item: Leftovers
|upkeep
|turn|13
|
|t:|1779603379
|switch|p2a: Iron Crown|Iron Crown|71/100
|-damage|p2a: Iron Crown|59/100|[from] Spikes
|-damage|p2a: Iron Crown|53/100|[from] Stealth Rock
|move|p1a: Depressed|Dragon Tail|p2a: Iron Crown
|-resisted|p2a: Iron Crown
|-damage|p2a: Iron Crown|46/100
|-end|p2a: Iron Crown|Quark Drive|[silent]
|drag|p2a: Landorus|Landorus-Therian, M|51/100
|-damage|p2a: Landorus|39/100|[from] Stealth Rock
|-ability|p2a: Landorus|Intimidate|boost
|-unboost|p1a: Depressed|atk|1
|
|-heal|p1a: Depressed|61/100|[from] item: Leftovers
|upkeep
|turn|14
|
|t:|1779603384
|switch|p2a: Iron Crown|Iron Crown|46/100
|-damage|p2a: Iron Crown|33/100|[from] Spikes
|-damage|p2a: Iron Crown|27/100|[from] Stealth Rock
|move|p1a: Depressed|Dragon Tail|p2a: Iron Crown
|-resisted|p2a: Iron Crown
|-damage|p2a: Iron Crown|21/100
|-end|p2a: Iron Crown|Quark Drive|[silent]
|drag|p2a: Landorus|Landorus-Therian, M|39/100
|-damage|p2a: Landorus|27/100|[from] Stealth Rock
|-ability|p2a: Landorus|Intimidate|boost
|-unboost|p1a: Depressed|atk|1
|
|-heal|p1a: Depressed|68/100|[from] item: Leftovers
|upkeep
|turn|15
|
|t:|1779603387
|switch|p2a: Scizor|Scizor, F|100/100
|-damage|p2a: Scizor|88/100|[from] Spikes
|-damage|p2a: Scizor|76/100|[from] Stealth Rock
|move|p1a: Depressed|Dragon Tail|p2a: Scizor
|-resisted|p2a: Scizor
|-damage|p2a: Scizor|71/100
|drag|p2a: Dragonite|Dragonite, M|77/100
|
|-heal|p1a: Depressed|74/100|[from] item: Leftovers
|upkeep
|turn|16
|
|t:|1779603391
|move|p2a: Dragonite|Ice Spinner|p1a: Depressed
|-supereffective|p1a: Depressed
|-damage|p1a: Depressed|60/100
|move|p1a: Depressed|Dragon Tail|p2a: Dragonite|[miss]
|-miss|p1a: Depressed|p2a: Dragonite
|
|-heal|p1a: Depressed|66/100|[from] item: Leftovers
|upkeep
|turn|17
|
|t:|1779603396
|move|p2a: Dragonite|Ice Spinner|p1a: Depressed
|-supereffective|p1a: Depressed
|-damage|p1a: Depressed|51/100
|move|p1a: Depressed|Dragon Tail|p2a: Dragonite
|-supereffective|p2a: Dragonite
|-damage|p2a: Dragonite|57/100
|drag|p2a: Landorus|Landorus-Therian, M|27/100
|-damage|p2a: Landorus|15/100|[from] Stealth Rock
|-ability|p2a: Landorus|Intimidate|boost
|-unboost|p1a: Depressed|atk|1
|
|-heal|p1a: Depressed|57/100|[from] item: Leftovers
|upkeep
|turn|18
|
|t:|1779603398
|move|p2a: Landorus|Focus Blast|p1a: Depressed
|-resisted|p1a: Depressed
|-damage|p1a: Depressed|46/100
|move|p1a: Depressed|Body Press|p2a: Landorus
|-resisted|p2a: Landorus
|-damage|p2a: Landorus|0 fnt
|-damage|p1a: Depressed|29/100|[from] item: Rocky Helmet|[of] p2a: Landorus
|faint|p2a: Landorus
|
|-heal|p1a: Depressed|35/100|[from] item: Leftovers
|upkeep
|
|t:|1779603401
|switch|p2a: Scizor|Scizor, F|71/100
|-damage|p2a: Scizor|59/100|[from] Spikes
|-damage|p2a: Scizor|47/100|[from] Stealth Rock
|turn|19
|
|t:|1779603404
|move|p2a: Scizor|Knock Off|p1a: Depressed
|-damage|p1a: Depressed|24/100
|-enditem|p1a: Depressed|Leftovers|[from] move: Knock Off|[of] p2a: Scizor
|-damage|p2a: Scizor|37/100|[from] item: Life Orb
|move|p1a: Depressed|Dragon Tail|p2a: Scizor
|-resisted|p2a: Scizor
|-damage|p2a: Scizor|33/100
|drag|p2a: Iron Crown|Iron Crown|21/100
|-damage|p2a: Iron Crown|9/100|[from] Spikes
|-damage|p2a: Iron Crown|3/100|[from] Stealth Rock
|
|upkeep
|turn|20
|
|t:|1779603408
|move|p2a: Iron Crown|Tachyon Cutter|p1a: Depressed
|-damage|p1a: Depressed|9/100
|-damage|p1a: Depressed|0 fnt
|faint|p1a: Depressed
|-hitcount|p1: Depressed|2
|
|upkeep
|
|t:|1779603419
|switch|p1a: ICan'tFixYou|Decidueye-Hisui, M|100/100
|-damage|p1a: ICan'tFixYou|95/100|[from] Stealth Rock
|turn|21
|
|t:|1779603423
|move|p1a: ICan'tFixYou|Triple Arrows|p2a: Iron Crown
|-damage|p2a: Iron Crown|0 fnt
|faint|p2a: Iron Crown
|-end|p2a: Iron Crown|Quark Drive|[silent]
|
|upkeep
|
|t:|1779603433
|switch|p2a: Scizor|Scizor, F|33/100
|-damage|p2a: Scizor|20/100|[from] Spikes
|-damage|p2a: Scizor|8/100|[from] Stealth Rock
|turn|22
|
|t:|1779603437
|move|p2a: Scizor|Bullet Punch|p1a: ICan'tFixYou
|-crit|p1a: ICan'tFixYou
|-damage|p1a: ICan'tFixYou|9/100
|-damage|p2a: Scizor|0 fnt|[from] item: Life Orb
|faint|p2a: Scizor
|move|p1a: ICan'tFixYou|Triple Arrows|p2: Scizor|[notarget]
|-fail|p1a: ICan'tFixYou
|
|upkeep
|
|t:|1779603440
|switch|p2a: Dragonite|Dragonite, M|57/100
|turn|23
|
|t:|1779603442
|move|p2a: Dragonite|Extreme Speed|p1a: ICan'tFixYou
|-damage|p1a: ICan'tFixYou|0 fnt
|faint|p1a: ICan'tFixYou
|
|upkeep
|
|t:|1779603445
|switch|p1a: JustACigarette|Typhlosion-Hisui, F, shiny|100/100
|-damage|p1a: JustACigarette|75/100|[from] Stealth Rock
|-item|p2a: Dragonite|Heavy-Duty Boots|[from] ability: Frisk|[of] p1a: JustACigarette
|turn|24
|
|t:|1779603451
|move|p1a: JustACigarette|Shadow Ball|p2a: Dragonite
|-damage|p2a: Dragonite|11/100
|move|p2a: Dragonite|Earthquake|p1a: JustACigarette
|-supereffective|p1a: JustACigarette
|-damage|p1a: JustACigarette|0 fnt
|faint|p1a: JustACigarette
|
|win|kangaroo22
|raw|Fantasmatica's rating: 1286 &rarr; <strong>1263</strong><br />(-23 for losing)
|raw|kangaroo22's rating: 1312 &rarr; <strong>1331</strong><br />(+19 for winning)
|l|☆kangaroo22
|player|p2|
|l|☆Fantasmatica
|player|p1|
