|j|‽Taidar04ka
|j|☆Whibyston
|t:|1779572127
|gametype|singles
|player|p1|Taidar04ka|pokekid|1194
|player|p2|Whibyston|1|1166
|gen|9
|tier|[Gen 9] OU
|rated|
|rule|HP Percentage Mod: HP is shown in percentages
|rule|Endless Battle Clause: Forcing endless battles is banned
|rule|Species Clause: Limit one of each Pokémon
|rule|OHKO Clause: OHKO moves are banned
|rule|Evasion Items Clause: Evasion items are banned
|rule|Evasion Moves Clause: Evasion moves are banned
|rule|Evasion Abilities Clause: Evasion abilities are banned
|rule|Sleep Moves Clause: Sleep-inducing moves are banned
|clearpoke
|poke|p1|Hoopa-Unbound|
|poke|p1|Kingambit, M|
|poke|p1|Iron Valiant|
|poke|p1|Raging Bolt|
|poke|p1|Landorus-Therian, M|
|poke|p1|Slowking-Galar, F|
|poke|p2|Meganium, M|
|poke|p2|Milotic, M|
|poke|p2|Altaria, M|
|poke|p2|Primarina, M|
|poke|p2|Froslass, F|
|poke|p2|Gallade, M|
|teampreview
|inactive|Battle timer is ON: inactive players will automatically lose when time's up. (requested by Whibyston)
|
|t:|1779572145
|teamsize|p1|6
|teamsize|p2|6
|start
|switch|p1a: Raging Bolt|Raging Bolt|100/100
|switch|p2a: Meganium|Meganium, M|100/100
|-enditem|p1a: Raging Bolt|Booster Energy
|-activate|p1a: Raging Bolt|ability: Protosynthesis|[fromitem]
|-start|p1a: Raging Bolt|protosynthesisspa
|turn|1
|
|t:|1779572158
|move|p1a: Raging Bolt|Calm Mind|p1a: Raging Bolt
|-boost|p1a: Raging Bolt|spa|1
|-boost|p1a: Raging Bolt|spd|1
|move|p2a: Meganium|Light Screen|p2a: Meganium
|-sidestart|p2: Whibyston|move: Light Screen
|
|upkeep
|turn|2
|
|t:|1779572165
|move|p1a: Raging Bolt|Draco Meteor|p2a: Meganium
|-damage|p2a: Meganium|39/100
|-unboost|p1a: Raging Bolt|spa|2
|move|p2a: Meganium|Reflect|p2a: Meganium
|-sidestart|p2: Whibyston|Reflect
|
|upkeep
|turn|3
|
|t:|1779572172
|move|p1a: Raging Bolt|Calm Mind|p1a: Raging Bolt
|-boost|p1a: Raging Bolt|spa|1
|-boost|p1a: Raging Bolt|spd|1
|move|p2a: Meganium|Leech Seed|p1a: Raging Bolt
|-start|p1a: Raging Bolt|move: Leech Seed
|
|-damage|p1a: Raging Bolt|88/100|[from] Leech Seed|[of] p2a: Meganium
|-heal|p2a: Meganium|55/100|[silent]
|upkeep
|turn|4
|
|t:|1779572190
|switch|p2a: Primarina|Primarina, M|100/100
|move|p1a: Raging Bolt|Draco Meteor|p2a: Primarina
|-immune|p2a: Primarina
|
|-damage|p1a: Raging Bolt|76/100|[from] Leech Seed|[of] p2a: Primarina
|upkeep
|turn|5
|
|t:|1779572199
|-end|p1a: Raging Bolt|Protosynthesis|[silent]
|switch|p1a: Hoopa|Hoopa-Unbound|100/100
|move|p2a: Primarina|Hyper Voice|p1a: Hoopa
|-damage|p1a: Hoopa|51/100
|-enditem|p2a: Primarina|Throat Spray
|-boost|p2a: Primarina|spa|1|[from] item: Throat Spray
|
|upkeep
|turn|6
|
|t:|1779572214
|-terastallize|p1a: Hoopa|Fairy
|move|p2a: Primarina|Moonblast|p1a: Hoopa
|-damage|p1a: Hoopa|0 fnt
|faint|p1a: Hoopa
|
|upkeep
|
|t:|1779572224
|switch|p1a: Raging Bolt|Raging Bolt|76/100
|turn|7
|
|t:|1779572229
|move|p1a: Raging Bolt|Thunderclap|p2a: Primarina
|-supereffective|p2a: Primarina
|-damage|p2a: Primarina|68/100
|move|p2a: Primarina|Moonblast|p1a: Raging Bolt
|-supereffective|p1a: Raging Bolt
|-damage|p1a: Raging Bolt|0 fnt
|faint|p1a: Raging Bolt
|-end|p1a: Raging Bolt|Protosynthesis|[silent]
|
|upkeep
|
|t:|1779572240
|switch|p1a: Slowking|Slowking-Galar, F|100/100
|turn|8
|
|t:|1779572248
|move|p2a: Primarina|Hyper Voice|p1a: Slowking
|-damage|p1a: Slowking|57/100
|move|p1a: Slowking|Future Sight|p2a: Primarina
|-start|p1a: Slowking|move: Future Sight
|
|-sideend|p2: Whibyston|move: Light Screen
|upkeep
|turn|9
|
|t:|1779572274
|switch|p2a: Milotic|Milotic, M|100/100
|move|p1a: Slowking|Sludge Bomb|p2a: Milotic
|-damage|p2a: Milotic|73/100
|
|-sideend|p2: Whibyston|Reflect
|-status|p2a: Milotic|brn|[from] item: Flame Orb
|upkeep
|turn|10
|
|t:|1779572291
|move|p2a: Milotic|Recover|p2a: Milotic
|-heal|p2a: Milotic|100/100 brn
|move|p1a: Slowking|Sludge Bomb|p2a: Milotic
|-damage|p2a: Milotic|72/100 brn
|
|-end|p2a: Milotic|move: Future Sight
|-damage|p2a: Milotic|34/100 brn
|-damage|p2a: Milotic|28/100 brn|[from] brn
|upkeep
|turn|11
|
|t:|1779572302
|move|p2a: Milotic|Recover|p2a: Milotic
|-heal|p2a: Milotic|78/100 brn
|move|p1a: Slowking|Sludge Bomb|p2a: Milotic
|-damage|p2a: Milotic|50/100 brn
|
|-damage|p2a: Milotic|44/100 brn|[from] brn
|upkeep
|turn|12
|
|t:|1779572309
|move|p2a: Milotic|Recover|p2a: Milotic
|-heal|p2a: Milotic|94/100 brn
|move|p1a: Slowking|Future Sight|p2a: Milotic
|-start|p1a: Slowking|move: Future Sight
|
|-damage|p2a: Milotic|88/100 brn|[from] brn
|upkeep
|turn|13
|
|t:|1779572315
|switch|p2a: Meganium|Meganium, M|55/100
|move|p1a: Slowking|Sludge Bomb|p2a: Meganium
|-supereffective|p2a: Meganium
|-damage|p2a: Meganium|0 fnt
|faint|p2a: Meganium
|
|upkeep
|
|t:|1779572328
|switch|p2a: Froslass|Froslass, F|100/100
|turn|14
|
|t:|1779572335
|move|p2a: Froslass|Shadow Ball|p1a: Slowking
|-supereffective|p1a: Slowking
|-damage|p1a: Slowking|20/100
|move|p1a: Slowking|Flamethrower|p2a: Froslass
|-supereffective|p2a: Froslass
|-damage|p2a: Froslass|27/100
|-start|p1a: Slowking|Disable|Flamethrower|[from] ability: Cursed Body|[of] p2a: Froslass
|
|-end|p2a: Froslass|move: Future Sight
|-damage|p2a: Froslass|0 fnt
|faint|p2a: Froslass
|upkeep
|
|t:|1779572346
|switch|p2a: Altaria|Altaria, M|100/100
|turn|15
|
|t:|1779572354
|move|p2a: Altaria|Dragon Dance|p2a: Altaria
|-boost|p2a: Altaria|atk|1
|-boost|p2a: Altaria|spe|1
|move|p1a: Slowking|Sludge Bomb|p2a: Altaria
|-damage|p2a: Altaria|61/100
|
|upkeep
|turn|16
|
|t:|1779572364
|move|p2a: Altaria|Earthquake|p1a: Slowking
|-supereffective|p1a: Slowking
|-damage|p1a: Slowking|0 fnt
|faint|p1a: Slowking
|
|upkeep
|
|t:|1779572370
|switch|p1a: Landorus|Landorus-Therian, M|100/100
|-ability|p1a: Landorus|Intimidate|boost
|-unboost|p2a: Altaria|atk|1
|turn|17
|
|t:|1779572382
|switch|p2a: Primarina|Primarina, M|68/100
|move|p1a: Landorus|Taunt|p2a: Primarina
|-start|p2a: Primarina|move: Taunt
|
|upkeep
|turn|18
|
|t:|1779572394
|move|p1a: Landorus|Stealth Rock|p2a: Primarina
|-sidestart|p2: Whibyston|move: Stealth Rock
|move|p2a: Primarina|Hydro Pump|p1a: Landorus
|-supereffective|p1a: Landorus
|-damage|p1a: Landorus|0 fnt
|faint|p1a: Landorus
|
|upkeep
|
|t:|1779572400
|switch|p1a: Iron Valiant|Iron Valiant|100/100
|-enditem|p1a: Iron Valiant|Booster Energy
|-activate|p1a: Iron Valiant|ability: Quark Drive|[fromitem]
|-start|p1a: Iron Valiant|quarkdrivespe
|turn|19
|
|t:|1779572412
|move|p1a: Iron Valiant|Swords Dance|p1a: Iron Valiant
|-boost|p1a: Iron Valiant|atk|2
|move|p2a: Primarina|Moonblast|p1a: Iron Valiant
|-supereffective|p1a: Iron Valiant
|-damage|p1a: Iron Valiant|0 fnt
|faint|p1a: Iron Valiant
|-end|p1a: Iron Valiant|Quark Drive|[silent]
|
|-end|p2a: Primarina|move: Taunt
|upkeep
|
|t:|1779572423
|switch|p1a: Kingambit|Kingambit, M|100/100
|-activate|p1a: Kingambit|ability: Supreme Overlord
|-start|p1a: Kingambit|fallen5|[silent]
|turn|20
|
|t:|1779572432
|move|p1a: Kingambit|Swords Dance|p1a: Kingambit
|-boost|p1a: Kingambit|atk|2
|move|p2a: Primarina|Hydro Pump|p1a: Kingambit|[miss]
|-miss|p2a: Primarina|p1a: Kingambit
|
|upkeep
|turn|21
|
|t:|1779572438
|move|p1a: Kingambit|Iron Head|p2a: Primarina
|-damage|p2a: Primarina|0 fnt
|faint|p2a: Primarina
|
|upkeep
|
|t:|1779572447
|switch|p2a: Milotic|Milotic, M|88/100 brn
|-damage|p2a: Milotic|76/100 brn|[from] Stealth Rock
|turn|22
|
|t:|1779572455
|move|p1a: Kingambit|Kowtow Cleave|p2a: Milotic
|-damage|p2a: Milotic|0 fnt
|faint|p2a: Milotic
|
|upkeep
|
|t:|1779572460
|switch|p2a: Gallade|Gallade, M|100/100
|-damage|p2a: Gallade|94/100|[from] Stealth Rock
|turn|23
|
|t:|1779572468
|move|p1a: Kingambit|Sucker Punch|p2a: Gallade
|-damage|p2a: Gallade|0 fnt
|faint|p2a: Gallade
|
|upkeep
|
|t:|1779572472
|switch|p2a: Altaria|Altaria, M|61/100
|turn|24
|
|t:|1779572480
|move|p1a: Kingambit|Sucker Punch||[still]
|-fail|p1a: Kingambit
|move|p2a: Altaria|Roost|p2a: Altaria
|-heal|p2a: Altaria|100/100
|-singleturn|p2a: Altaria|move: Roost
|
|upkeep
|turn|25
|
|t:|1779572490
|move|p1a: Kingambit|Sucker Punch||[still]
|-fail|p1a: Kingambit
|move|p2a: Altaria|Dragon Dance|p2a: Altaria
|-boost|p2a: Altaria|atk|1
|-boost|p2a: Altaria|spe|1
|
|upkeep
|turn|26
|
|t:|1779572496
|-terastallize|p2a: Altaria|Ground
|move|p1a: Kingambit|Sucker Punch|p2a: Altaria
|-damage|p2a: Altaria|0 fnt
|faint|p2a: Altaria
|
|win|Taidar04ka
|raw|Taidar04ka's rating: 1194 &rarr; <strong>1217</strong><br />(+23 for winning)
|raw|Whibyston's rating: 1166 &rarr; <strong>1143</strong><br />(-23 for losing)
|l|☆Whibyston
|player|p2|
