|j|☆ohko by scald
|j|☆keep ttar overused
|t:|1779635742
|gametype|singles
|player|p1|ohko by scald|roxie-masters|1380
|player|p2|keep ttar overused|102|1480
|gen|9
|tier|[Gen 9] OU
|rated|
|rule|HP Percentage Mod: HP is shown in percentages
|rule|Endless Battle Clause: Forcing endless battles is banned
|rule|Species Clause: Limit one of each Pokémon
|rule|OHKO Clause: OHKO moves are banned
|rule|Evasion Items Clause: Evasion items are banned
|rule|Evasion Moves Clause: Evasion moves are banned
|rule|Evasion Abilities Clause: Evasion abilities are banned
|rule|Sleep Moves Clause: Sleep-inducing moves are banned
|clearpoke
|poke|p1|Cloyster, M|
|poke|p1|Toxtricity, F|
|poke|p1|Dragapult, M|
|poke|p1|Hawlucha, F|
|poke|p1|Rillaboom, M|
|poke|p1|Heatran, M|
|poke|p2|Dragapult, F|
|poke|p2|Samurott-Hisui, M|
|poke|p2|Tyranitar, F|
|poke|p2|Gholdengo|
|poke|p2|Enamorus, F|
|poke|p2|Corviknight, F|
|teampreview
|inactive|Battle timer is ON: inactive players will automatically lose when time's up. (requested by ohko by scald)
|
|t:|1779635757
|teamsize|p1|6
|teamsize|p2|6
|start
|switch|p1a: Cloist Mitical|Cloyster, M|100/100
|switch|p2a: Samurott|Samurott-Hisui, M|100/100
|turn|1
|
|t:|1779635764
|move|p2a: Samurott|Sacred Sword|p1a: Cloist Mitical
|-supereffective|p1a: Cloist Mitical
|-damage|p1a: Cloist Mitical|33/100
|move|p1a: Cloist Mitical|Spikes|p2a: Samurott
|-sidestart|p2: keep ttar overused|Spikes
|
|upkeep
|turn|2
|
|t:|1779635772
|move|p2a: Samurott|Ceaseless Edge|p1a: Cloist Mitical
|-damage|p1a: Cloist Mitical|0 fnt
|-sidestart|p1: ohko by scald|Spikes
|faint|p1a: Cloist Mitical
|
|upkeep
|
|t:|1779635777
|switch|p1a: MF BOOM|Rillaboom, M|100/100
|-damage|p1a: MF BOOM|88/100|[from] Spikes
|-fieldstart|move: Grassy Terrain|[from] ability: Grassy Surge|[of] p1a: MF BOOM
|turn|3
|
|t:|1779635791
|move|p2a: Samurott|Night Slash|p1a: MF BOOM
|-damage|p1a: MF BOOM|36/100
|move|p1a: MF BOOM|U-turn|p2a: Samurott
|-supereffective|p2a: Samurott
|-damage|p2a: Samurott|0 fnt
|faint|p2a: Samurott
|
|t:|1779635801
|switch|p1a: MF BOOM 2|Toxtricity, F|100/100|[from] U-turn
|-damage|p1a: MF BOOM 2|88/100|[from] Spikes
|
|-heal|p1a: MF BOOM 2|94/100|[from] Grassy Terrain
|upkeep
|
|t:|1779635810
|switch|p2a: Tyranitar|Tyranitar, F|100/100
|-weather|Sandstorm|[from] ability: Sand Stream|[of] p2a: Tyranitar
|turn|4
|
|t:|1779635837
|move|p1a: MF BOOM 2|Drain Punch|p2a: Tyranitar
|-supereffective|p2a: Tyranitar
|-damage|p2a: Tyranitar|30/100
|-heal|p1a: MF BOOM 2|100/100|[from] drain|[of] p2a: Tyranitar
|-damage|p1a: MF BOOM 2|91/100|[from] item: Life Orb
|move|p2a: Tyranitar|Knock Off|p1a: MF BOOM 2
|-damage|p1a: MF BOOM 2|8/100
|-enditem|p1a: MF BOOM 2|Life Orb|[from] move: Knock Off|[of] p2a: Tyranitar
|
|-weather|Sandstorm|[upkeep]
|-damage|p1a: MF BOOM 2|2/100|[from] Sandstorm
|-heal|p1a: MF BOOM 2|8/100|[from] Grassy Terrain
|-heal|p2a: Tyranitar|36/100|[from] Grassy Terrain
|upkeep
|turn|5
|inactive|ohko by scald has 120 seconds left.
|
|t:|1779635855
|switch|p2a: Corviknight|Corviknight, F|100/100
|-ability|p2a: Corviknight|Pressure
|move|p1a: MF BOOM 2|Overdrive|p2a: Corviknight
|-supereffective|p2a: Corviknight
|-damage|p2a: Corviknight|0 fnt
|faint|p2a: Corviknight
|
|-weather|Sandstorm|[upkeep]
|-damage|p1a: MF BOOM 2|2/100|[from] Sandstorm
|-heal|p1a: MF BOOM 2|8/100|[from] Grassy Terrain
|upkeep
|
|t:|1779635870
|switch|p2a: Dragapult|Dragapult, F|100/100
|turn|6
|
|t:|1779635875
|move|p2a: Dragapult|Dragon Darts|p1a: MF BOOM 2
|-damage|p1a: MF BOOM 2|0 fnt
|faint|p1a: MF BOOM 2
|
|-weather|Sandstorm|[upkeep]
|-damage|p2a: Dragapult|95/100|[from] Sandstorm
|-heal|p2a: Dragapult|100/100|[from] Grassy Terrain
|upkeep
|
|t:|1779635887
|switch|p1a: 700°C iron ball|Heatran, M, shiny|100/100
|-damage|p1a: 700°C iron ball|88/100|[from] Spikes
|turn|7
|
|t:|1779635896
|move|p2a: Dragapult|U-turn|p1a: 700°C iron ball
|-resisted|p1a: 700°C iron ball
|-damage|p1a: 700°C iron ball|83/100
|
|t:|1779635903
|switch|p2a: Tyranitar|Tyranitar, F|36/100|[from] U-turn
|move|p1a: 700°C iron ball|Stealth Rock|p2a: Tyranitar
|-sidestart|p2: keep ttar overused|move: Stealth Rock
|
|-weather|Sandstorm|[upkeep]
|-heal|p1a: 700°C iron ball|90/100|[from] Grassy Terrain
|-heal|p1a: 700°C iron ball|96/100|[from] item: Leftovers
|-heal|p2a: Tyranitar|42/100|[from] Grassy Terrain
|-fieldend|move: Grassy Terrain
|upkeep
|turn|8
|
|t:|1779635907
|move|p1a: 700°C iron ball|Earth Power|p2a: Tyranitar
|-supereffective|p2a: Tyranitar
|-damage|p2a: Tyranitar|5/100
|move|p2a: Tyranitar|Stone Edge|p1a: 700°C iron ball|[miss]
|-miss|p2a: Tyranitar|p1a: 700°C iron ball
|
|-weather|none
|-heal|p1a: 700°C iron ball|100/100|[from] item: Leftovers
|upkeep
|turn|9
|-message|keep ttar overused forfeited.
|
|win|ohko by scald
|raw|ohko by scald's rating: 1380 &rarr; <strong>1406</strong><br />(+26 for winning)
|raw|keep ttar overused's rating: 1480 &rarr; <strong>1454</strong><br />(-26 for losing)
|l|☆keep ttar overused
|player|p2|
