|j|☆andjelicpwnsu
|j|☆AmeTheDame
|t:|1779599670
|gametype|singles
|player|p1|andjelicpwnsu|wallace|1399
|player|p2|AmeTheDame|1|1382
|gen|9
|tier|[Gen 9] OU
|rated|
|rule|HP Percentage Mod: HP is shown in percentages
|rule|Endless Battle Clause: Forcing endless battles is banned
|rule|Species Clause: Limit one of each Pokémon
|rule|OHKO Clause: OHKO moves are banned
|rule|Evasion Items Clause: Evasion items are banned
|rule|Evasion Moves Clause: Evasion moves are banned
|rule|Evasion Abilities Clause: Evasion abilities are banned
|rule|Sleep Moves Clause: Sleep-inducing moves are banned
|clearpoke
|poke|p1|Hatterene, F|
|poke|p1|Iron Moth|
|poke|p1|Gliscor, M|
|poke|p1|Ogerpon-Wellspring, F|
|poke|p1|Pecharunt|
|poke|p1|Moltres-Galar|
|poke|p2|Heatran, M|
|poke|p2|Dragapult, F|
|poke|p2|Ogerpon, F|
|poke|p2|Great Tusk|
|poke|p2|Corviknight, F|
|poke|p2|Clefable, M|
|teampreview
|inactive|Battle timer is ON: inactive players will automatically lose when time's up. (requested by AmeTheDame)
|inactive|andjelicpwnsu has 120 seconds left.
|
|t:|1779599712
|teamsize|p1|6
|teamsize|p2|6
|start
|switch|p1a: Ogerpon|Ogerpon-Wellspring, F|100/100
|switch|p2a: Heatran|Heatran, M|100/100
|turn|1
|
|t:|1779599721
|switch|p1a: Hatterene|Hatterene, F|100/100
|switch|p2a: Corviknight|Corviknight, F|100/100
|-ability|p2a: Corviknight|Pressure
|
|upkeep
|turn|2
|
|t:|1779599728
|move|p2a: Corviknight|U-turn|p1a: Hatterene
|-damage|p1a: Hatterene|87/100
|
|t:|1779599730
|switch|p2a: Clefable|Clefable, M|100/100|[from] U-turn
|move|p1a: Hatterene|Mystical Fire|p2a: Clefable
|-damage|p2a: Clefable|86/100
|-unboost|p2a: Clefable|spa|1
|
|-heal|p1a: Hatterene|93/100|[from] item: Leftovers
|upkeep
|turn|3
|
|t:|1779599736
|move|p2a: Clefable|Calm Mind|p2a: Clefable
|-boost|p2a: Clefable|spa|1
|-boost|p2a: Clefable|spd|1
|move|p1a: Hatterene|Psychic Noise|p2a: Clefable
|-damage|p2a: Clefable|72/100
|-start|p2a: Clefable|move: Heal Block
|
|-heal|p1a: Hatterene|99/100|[from] item: Leftovers
|upkeep
|turn|4
|
|t:|1779599746
|switch|p1a: Pecharunt|Pecharunt|100/100
|move|p2a: Clefable|Calm Mind|p2a: Clefable
|-boost|p2a: Clefable|spa|1
|-boost|p2a: Clefable|spd|1
|
|-end|p2a: Clefable|move: Heal Block
|upkeep
|turn|5
|
|t:|1779599751
|move|p1a: Pecharunt|Malignant Chain|p2a: Clefable
|-supereffective|p2a: Clefable
|-damage|p2a: Clefable|52/100
|move|p2a: Clefable|Moonlight|p2a: Clefable
|-heal|p2a: Clefable|100/100
|
|upkeep
|turn|6
|
|t:|1779599758
|move|p1a: Pecharunt|Malignant Chain|p2a: Clefable
|-supereffective|p2a: Clefable
|-damage|p2a: Clefable|78/100
|move|p2a: Clefable|Thunder Wave|p1a: Pecharunt
|-status|p1a: Pecharunt|par
|
|upkeep
|turn|7
|
|t:|1779599763
|move|p2a: Clefable|Calm Mind|p2a: Clefable
|-boost|p2a: Clefable|spa|1
|-boost|p2a: Clefable|spd|1
|move|p1a: Pecharunt|Malignant Chain|p2a: Clefable
|-supereffective|p2a: Clefable
|-damage|p2a: Clefable|62/100
|
|upkeep
|turn|8
|
|t:|1779599771
|move|p2a: Clefable|Calm Mind|p2a: Clefable
|-boost|p2a: Clefable|spa|1
|-boost|p2a: Clefable|spd|1
|move|p1a: Pecharunt|Malignant Chain|p2a: Clefable
|-supereffective|p2a: Clefable
|-damage|p2a: Clefable|47/100
|
|upkeep
|turn|9
|
|t:|1779599775
|move|p2a: Clefable|Moonlight|p2a: Clefable
|-heal|p2a: Clefable|97/100
|move|p1a: Pecharunt|Parting Shot|p2a: Clefable
|-unboost|p2a: Clefable|atk|1
|-unboost|p2a: Clefable|spa|1
|
|t:|1779599783
|switch|p1a: Ogerpon|Ogerpon-Wellspring, F|100/100|[from] Parting Shot
|
|upkeep
|turn|10
|
|t:|1779599788
|-terastallize|p1a: Ogerpon|Water
|detailschange|p1a: Ogerpon|Ogerpon-Wellspring-Tera, F, tera:Water
|-ability|p1a: Ogerpon|Embody Aspect (Wellspring)|boost
|-boost|p1a: Ogerpon|spd|1
|move|p1a: Ogerpon|Trailblaze|p2a: Clefable
|-damage|p2a: Clefable|63/100
|-boost|p1a: Ogerpon|spe|1
|move|p2a: Clefable|Thunder Wave|p1a: Ogerpon
|-status|p1a: Ogerpon|par
|
|upkeep
|turn|11
|
|t:|1779599798
|move|p1a: Ogerpon|Trailblaze|p2a: Clefable
|-damage|p2a: Clefable|29/100
|-boost|p1a: Ogerpon|spe|1
|move|p2a: Clefable|Moonblast|p1a: Ogerpon
|-damage|p1a: Ogerpon|31/100 par
|-unboost|p1a: Ogerpon|spa|1
|
|upkeep
|turn|12
|
|t:|1779599806
|cant|p1a: Ogerpon|par
|move|p2a: Clefable|Moonlight|p2a: Clefable
|-heal|p2a: Clefable|79/100
|
|upkeep
|turn|13
|
|t:|1779599812
|move|p1a: Ogerpon|Ivy Cudgel|p2a: Clefable|[anim] Ivy Cudgel Water
|-damage|p2a: Clefable|0 fnt
|faint|p2a: Clefable
|
|upkeep
|
|t:|1779599822
|switch|p2a: Corviknight|Corviknight, F|100/100
|-ability|p2a: Corviknight|Pressure
|turn|14
|
|t:|1779599826
|cant|p1a: Ogerpon|par
|move|p2a: Corviknight|U-turn|p1a: Ogerpon
|-damage|p1a: Ogerpon|11/100 par
|
|t:|1779599830
|switch|p2a: Ogerpon|Ogerpon, F|100/100|[from] U-turn
|
|upkeep
|turn|15
|
|t:|1779599836
|move|p2a: Ogerpon|U-turn|p1a: Ogerpon
|-damage|p1a: Ogerpon|0 fnt
|faint|p1a: Ogerpon
|detailschange|p1: Ogerpon|Ogerpon-Wellspring, F|[silent]
|
|t:|1779599838
|switch|p2a: Heatran|Heatran, M|100/100|[from] U-turn
|
|upkeep
|
|t:|1779599843
|switch|p1a: Gliscor|Gliscor, M|100/100
|turn|16
|
|t:|1779599846
|switch|p2a: Corviknight|Corviknight, F|100/100
|-ability|p2a: Corviknight|Pressure
|move|p1a: Gliscor|Earthquake|p2a: Corviknight
|-immune|p2a: Corviknight
|
|-status|p1a: Gliscor|tox|[from] item: Toxic Orb
|upkeep
|turn|17
|
|t:|1779599852
|switch|p1a: Hatterene|Hatterene, F|99/100
|move|p2a: Corviknight|U-turn|p1a: Hatterene
|-damage|p1a: Hatterene|84/100
|
|t:|1779599855
|switch|p2a: Heatran|Heatran, M|100/100|[from] U-turn
|
|-heal|p1a: Hatterene|90/100|[from] item: Leftovers
|upkeep
|turn|18
|
|t:|1779599862
|switch|p1a: Gliscor|Gliscor, M|100/100 tox
|move|p2a: Heatran|Magma Storm|p1a: Gliscor
|-damage|p1a: Gliscor|65/100 tox
|-activate|p1a: Gliscor|move: Magma Storm|[of] p2a: Heatran
|
|-heal|p1a: Gliscor|77/100 tox|[from] ability: Poison Heal
|-damage|p1a: Gliscor|65/100 tox|[from] move: Magma Storm|[partiallytrapped]
|upkeep
|turn|19
|
|t:|1779599872
|switch|p2a: Corviknight|Corviknight, F|100/100
|-ability|p2a: Corviknight|Pressure
|move|p1a: Gliscor|Earthquake|p2a: Corviknight
|-immune|p2a: Corviknight
|
|-heal|p1a: Gliscor|77/100 tox|[from] ability: Poison Heal
|-end|p1a: Gliscor|Magma Storm|[partiallytrapped]|[silent]
|upkeep
|turn|20
|
|t:|1779599878
|switch|p1a: Iron Moth|Iron Moth, shiny|100/100
|-enditem|p1a: Iron Moth|Booster Energy
|-activate|p1a: Iron Moth|ability: Quark Drive|[fromitem]
|-start|p1a: Iron Moth|quarkdrivespe
|move|p2a: Corviknight|Brave Bird|p1a: Iron Moth
|-damage|p1a: Iron Moth|47/100
|-damage|p2a: Corviknight|87/100|[from] Recoil
|
|upkeep
|turn|21
|
|t:|1779599889
|switch|p2a: Heatran|Heatran, M|100/100
|move|p1a: Iron Moth|Fiery Dance|p2a: Heatran
|-start|p2a: Heatran|ability: Flash Fire
|
|upkeep
|turn|22
|
|t:|1779599893
|-end|p1a: Iron Moth|Quark Drive|[silent]
|switch|p1a: Gliscor|Gliscor, M|77/100 tox
|move|p2a: Heatran|Magma Storm|p1a: Gliscor
|-damage|p1a: Gliscor|22/100 tox
|-activate|p1a: Gliscor|move: Magma Storm|[of] p2a: Heatran
|
|-heal|p1a: Gliscor|34/100 tox|[from] ability: Poison Heal
|-damage|p1a: Gliscor|22/100 tox|[from] move: Magma Storm|[partiallytrapped]
|upkeep
|turn|23
|
|t:|1779599900
|-end|p2a: Heatran|ability: Flash Fire|[silent]
|switch|p2a: Corviknight|Corviknight, F|87/100
|-ability|p2a: Corviknight|Pressure
|move|p1a: Gliscor|Facade|p2a: Corviknight
|-resisted|p2a: Corviknight
|-damage|p2a: Corviknight|79/100
|-damage|p1a: Gliscor|5/100 tox|[from] item: Rocky Helmet|[of] p2a: Corviknight
|
|-heal|p1a: Gliscor|18/100 tox|[from] ability: Poison Heal
|-end|p1a: Gliscor|Magma Storm|[partiallytrapped]|[silent]
|upkeep
|turn|24
|
|t:|1779599904
|move|p1a: Gliscor|Protect|p1a: Gliscor
|-singleturn|p1a: Gliscor|Protect
|move|p2a: Corviknight|Brave Bird|p1a: Gliscor
|-activate|p1a: Gliscor|move: Protect
|
|-heal|p1a: Gliscor|30/100 tox|[from] ability: Poison Heal
|upkeep
|turn|25
|
|t:|1779599915
|switch|p1a: Moltres|Moltres-Galar|100/100
|move|p2a: Corviknight|Brave Bird|p1a: Moltres
|-damage|p1a: Moltres|65/100
|-damage|p2a: Corviknight|67/100|[from] Recoil
|
|upkeep
|turn|26
|
|t:|1779599922
|move|p1a: Moltres|Nasty Plot|p1a: Moltres
|-boost|p1a: Moltres|spa|2
|move|p2a: Corviknight|Roost|p2a: Corviknight
|-heal|p2a: Corviknight|100/100
|-singleturn|p2a: Corviknight|move: Roost
|
|upkeep
|turn|27
|
|t:|1779599926
|move|p1a: Moltres|Fiery Wrath|p2a: Corviknight
|-damage|p2a: Corviknight|22/100
|move|p2a: Corviknight|U-turn|p1a: Moltres
|-damage|p1a: Moltres|52/100
|
|t:|1779599931
|switch|p2a: Great Tusk|Great Tusk|100/100|[from] U-turn
|-enditem|p2a: Great Tusk|Booster Energy
|-activate|p2a: Great Tusk|ability: Protosynthesis|[fromitem]
|-start|p2a: Great Tusk|protosynthesisspe
|
|upkeep
|turn|28
|
|t:|1779599934
|move|p2a: Great Tusk|Ice Spinner|p1a: Moltres
|-supereffective|p1a: Moltres
|-damage|p1a: Moltres|6/100
|-ability|p1a: Moltres|Berserk|boost
|-boost|p1a: Moltres|spa|1
|-enditem|p1a: Moltres|Sitrus Berry|[eat]
|-heal|p1a: Moltres|31/100|[from] item: Sitrus Berry
|move|p1a: Moltres|Hurricane|p2a: Great Tusk|[miss]
|-miss|p1a: Moltres|p2a: Great Tusk
|
|upkeep
|turn|29
|
|t:|1779599943
|move|p2a: Great Tusk|Ice Spinner|p1a: Moltres
|-supereffective|p1a: Moltres
|-damage|p1a: Moltres|0 fnt
|faint|p1a: Moltres
|
|upkeep
|
|t:|1779599948
|switch|p1a: Hatterene|Hatterene, F|90/100
|turn|30
|
|t:|1779599953
|-terastallize|p2a: Great Tusk|Ice
|move|p2a: Great Tusk|Bulk Up|p2a: Great Tusk
|-boost|p2a: Great Tusk|atk|1
|-boost|p2a: Great Tusk|def|1
|move|p1a: Hatterene|Draining Kiss|p2a: Great Tusk
|-damage|p2a: Great Tusk|68/100
|-heal|p1a: Hatterene|100/100|[from] drain|[of] p2a: Great Tusk
|
|upkeep
|turn|31
|
|t:|1779599962
|move|p2a: Great Tusk|Headlong Rush|p1a: Hatterene
|-damage|p1a: Hatterene|17/100
|-unboost|p2a: Great Tusk|def|1
|-unboost|p2a: Great Tusk|spd|1
|move|p1a: Hatterene|Mystical Fire|p2a: Great Tusk
|-supereffective|p2a: Great Tusk
|-damage|p2a: Great Tusk|0 fnt
|faint|p2a: Great Tusk
|-end|p2a: Great Tusk|Protosynthesis|[silent]
|
|-heal|p1a: Hatterene|23/100|[from] item: Leftovers
|upkeep
|
|t:|1779599966
|switch|p2a: Dragapult|Dragapult, F|100/100
|turn|32
|
|t:|1779599970
|move|p2a: Dragapult|Shadow Ball|p1a: Hatterene
|-supereffective|p1a: Hatterene
|-damage|p1a: Hatterene|0 fnt
|faint|p1a: Hatterene
|
|upkeep
|-message|andjelicpwnsu forfeited.
|
|win|AmeTheDame
|raw|andjelicpwnsu's rating: 1399 &rarr; <strong>1378</strong><br />(-21 for losing)
|raw|AmeTheDame's rating: 1382 &rarr; <strong>1403</strong><br />(+21 for winning)
