|j|☆donquixote_rossi
|j|☆sigmundtuff41
|t:|1779692016
|gametype|singles
|player|p1|donquixote_rossi|169|1145
|player|p2|sigmundtuff41|roxie|1098
|gen|9
|tier|[Gen 9] OU
|rated|
|rule|HP Percentage Mod: HP is shown in percentages
|rule|Endless Battle Clause: Forcing endless battles is banned
|rule|Species Clause: Limit one of each Pokémon
|rule|OHKO Clause: OHKO moves are banned
|rule|Evasion Items Clause: Evasion items are banned
|rule|Evasion Moves Clause: Evasion moves are banned
|rule|Evasion Abilities Clause: Evasion abilities are banned
|rule|Sleep Moves Clause: Sleep-inducing moves are banned
|clearpoke
|poke|p1|Metagross|
|poke|p1|Grimmsnarl, M|
|poke|p1|Gliscor, F|
|poke|p1|Sylveon, M|
|poke|p1|Hydreigon, M|
|poke|p1|Dragonite, M|
|poke|p2|Raging Bolt|
|poke|p2|Glimmora, F|
|poke|p2|Blaziken, F|
|poke|p2|Cresselia, F|
|poke|p2|Manaphy|
|poke|p2|Garganacl, F|
|teampreview
|
|t:|1779692034
|teamsize|p1|6
|teamsize|p2|6
|start
|switch|p1a: Каспи терминал|Metagross, shiny|100/100
|switch|p2a: Cresselia|Cresselia, F, shiny|100/100
|turn|1
|
|t:|1779692047
|move|p2a: Cresselia|Reflect|p2a: Cresselia
|-sidestart|p2: sigmundtuff41|Reflect
|move|p1a: Каспи терминал|Psychic Fangs|p2a: Cresselia
|-sideend|p2: sigmundtuff41|Reflect
|-resisted|p2a: Cresselia
|-damage|p2a: Cresselia|85/100
|
|-heal|p2a: Cresselia|91/100|[from] item: Leftovers
|upkeep
|turn|2
|
|t:|1779692055
|switch|p2a: Garganacl|Garganacl, F|100/100
|move|p1a: Каспи терминал|Psychic Fangs|p2a: Garganacl
|-damage|p2a: Garganacl|67/100
|
|upkeep
|turn|3
|
|t:|1779692066
|move|p1a: Каспи терминал|Meteor Mash|p2a: Garganacl
|-supereffective|p2a: Garganacl
|-crit|p2a: Garganacl
|-damage|p2a: Garganacl|0 fnt
|faint|p2a: Garganacl
|
|upkeep
|
|t:|1779692072
|switch|p2a: Glimmora|Glimmora, F|100/100
|turn|4
|
|t:|1779692080
|move|p1a: Каспи терминал|Bullet Punch|p2a: Glimmora
|-supereffective|p2a: Glimmora
|-damage|p2a: Glimmora|55/100
|-damage|p1a: Каспи терминал|84/100|[from] item: Rocky Helmet|[of] p2a: Glimmora
|-activate|p2a: Glimmora|ability: Toxic Debris
|-sidestart|p1: donquixote_rossi|move: Toxic Spikes
|move|p2a: Glimmora|Earth Power|p1a: Каспи терминал
|-supereffective|p1a: Каспи терминал
|-damage|p1a: Каспи терминал|49/100
|
|upkeep
|turn|5
|
|t:|1779692089
|move|p2a: Glimmora|Stealth Rock|p1a: Каспи терминал
|-sidestart|p1: donquixote_rossi|move: Stealth Rock
|move|p1a: Каспи терминал|Meteor Mash|p2a: Glimmora
|-supereffective|p2a: Glimmora
|-damage|p2a: Glimmora|0 fnt
|-damage|p1a: Каспи терминал|32/100|[from] item: Rocky Helmet|[of] p2a: Glimmora
|-activate|p2a: Glimmora|ability: Toxic Debris
|-sidestart|p1: donquixote_rossi|move: Toxic Spikes
|faint|p2a: Glimmora
|
|upkeep
|
|t:|1779692100
|switch|p2a: Manaphy|Manaphy|100/100
|turn|6
|
|t:|1779692106
|move|p2a: Manaphy|Tail Glow|p2a: Manaphy
|-boost|p2a: Manaphy|spa|3
|move|p1a: Каспи терминал|Psychic Fangs|p2a: Manaphy
|-damage|p2a: Manaphy|49/100
|
|upkeep
|turn|7
|
|t:|1779692112
|move|p2a: Manaphy|Hydro Pump|p1a: Каспи терминал
|-crit|p1a: Каспи терминал
|-damage|p1a: Каспи терминал|0 fnt
|faint|p1a: Каспи терминал
|
|upkeep
|
|t:|1779692119
|switch|p1a: Hydreigon|Hydreigon, M, shiny|100/100
|turn|8
|
|t:|1779692126
|move|p2a: Manaphy|Ice Beam|p1a: Hydreigon
|-supereffective|p1a: Hydreigon
|-damage|p1a: Hydreigon|0 fnt
|faint|p1a: Hydreigon
|
|upkeep
|
|t:|1779692137
|switch|p1a: Грузин|Grimmsnarl, M|100/100
|-status|p1a: Грузин|tox
|-damage|p1a: Грузин|88/100 tox|[from] Stealth Rock
|turn|9
|
|t:|1779692146
|move|p1a: Грузин|Thunder Wave|p2a: Manaphy
|-status|p2a: Manaphy|par
|move|p2a: Manaphy|Hydro Pump|p1a: Грузин
|-damage|p1a: Грузин|0 fnt
|faint|p1a: Грузин
|
|upkeep
|
|t:|1779692155
|switch|p1a: Школьник|Gliscor, F|100/100
|-damage|p1a: Школьник|88/100|[from] Stealth Rock
|turn|10
|
|t:|1779692165
|move|p1a: Школьник|Knock Off|p2a: Manaphy
|-damage|p2a: Manaphy|29/100 par
|-enditem|p2a: Manaphy|Blunder Policy|[from] move: Knock Off|[of] p1a: Школьник
|move|p2a: Manaphy|Ice Beam|p1a: Школьник
|-supereffective|p1a: Школьник
|-damage|p1a: Школьник|0 fnt
|faint|p1a: Школьник
|
|upkeep
|
|t:|1779692175
|switch|p1a: Гниль|Sylveon, M, shiny|100/100
|-status|p1a: Гниль|tox
|-damage|p1a: Гниль|88/100 tox|[from] Stealth Rock
|turn|11
|
|t:|1779692183
|move|p2a: Manaphy|Hydro Pump|p1a: Гниль
|-damage|p1a: Гниль|13/100 tox
|move|p1a: Гниль|Hyper Voice|p2a: Manaphy
|-damage|p2a: Manaphy|0 fnt
|faint|p2a: Manaphy
|
|-heal|p1a: Гниль|19/100 tox|[from] item: Leftovers
|-damage|p1a: Гниль|13/100 tox|[from] psn
|upkeep
|
|t:|1779692192
|switch|p2a: Blaziken|Blaziken, F|100/100
|turn|12
|
|t:|1779692199
|move|p2a: Blaziken|U-turn|p1a: Гниль
|-resisted|p1a: Гниль
|-damage|p1a: Гниль|2/100 tox
|
|t:|1779692204
|switch|p2a: Cresselia|Cresselia, F, shiny|91/100|[from] U-turn
|move|p1a: Гниль|Hyper Voice|p2a: Cresselia
|-damage|p2a: Cresselia|64/100
|
|-heal|p2a: Cresselia|70/100|[from] item: Leftovers
|-heal|p1a: Гниль|8/100 tox|[from] item: Leftovers
|-damage|p1a: Гниль|0 fnt|[from] psn
|faint|p1a: Гниль
|upkeep
|
|t:|1779692214
|switch|p1a: Гоша|Dragonite, M, shiny|100/100
|turn|13
|
|t:|1779692223
|move|p1a: Гоша|Dragon Dance|p1a: Гоша
|-boost|p1a: Гоша|atk|1
|-boost|p1a: Гоша|spe|1
|move|p2a: Cresselia|Trick Room|p2a: Cresselia
|-fieldstart|move: Trick Room|[of] p2a: Cresselia
|
|-heal|p2a: Cresselia|76/100|[from] item: Leftovers
|upkeep
|turn|14
|
|t:|1779692231
|move|p2a: Cresselia|Reflect|p2a: Cresselia
|-sidestart|p2: sigmundtuff41|Reflect
|move|p1a: Гоша|Dragon Dance|p1a: Гоша
|-boost|p1a: Гоша|atk|1
|-boost|p1a: Гоша|spe|1
|
|-heal|p2a: Cresselia|82/100|[from] item: Leftovers
|upkeep
|turn|15
|
|t:|1779692240
|switch|p2a: Raging Bolt|Raging Bolt|100/100
|-enditem|p2a: Raging Bolt|Booster Energy
|-activate|p2a: Raging Bolt|ability: Protosynthesis|[fromitem]
|-start|p2a: Raging Bolt|protosynthesisspa
|move|p1a: Гоша|Dragon Dance|p1a: Гоша
|-boost|p1a: Гоша|atk|1
|-boost|p1a: Гоша|spe|1
|
|upkeep
|turn|16
|
|t:|1779692253
|-terastallize|p1a: Гоша|Normal
|move|p2a: Raging Bolt|Dragon Pulse|p1a: Гоша
|-damage|p1a: Гоша|71/100
|move|p1a: Гоша|Dragon Dance|p1a: Гоша
|-boost|p1a: Гоша|atk|1
|-boost|p1a: Гоша|spe|1
|
|upkeep
|turn|17
|
|t:|1779692265
|-terastallize|p2a: Raging Bolt|Fairy
|move|p2a: Raging Bolt|Thunderbolt|p1a: Гоша
|-crit|p1a: Гоша
|-damage|p1a: Гоша|0 fnt
|faint|p1a: Гоша
|
|win|sigmundtuff41
|raw|donquixote_rossi's rating: 1145 &rarr; <strong>1117</strong><br />(-28 for losing)
|raw|sigmundtuff41's rating: 1098 &rarr; <strong>1127</strong><br />(+29 for winning)
|l|☆donquixote_rossi
|player|p1|
|l|☆sigmundtuff41
|player|p2|
