|j|☆Gimmick Trials
|j|☆Megachamp100
|t:|1779573285
|gametype|singles
|player|p1|Gimmick Trials|sonia-masters|1277
|player|p2|Megachamp100|marshal|1220
|gen|9
|tier|[Gen 9] OU
|rated|
|rule|HP Percentage Mod: HP is shown in percentages
|rule|Endless Battle Clause: Forcing endless battles is banned
|rule|Species Clause: Limit one of each Pokémon
|rule|OHKO Clause: OHKO moves are banned
|rule|Evasion Items Clause: Evasion items are banned
|rule|Evasion Moves Clause: Evasion moves are banned
|rule|Evasion Abilities Clause: Evasion abilities are banned
|rule|Sleep Moves Clause: Sleep-inducing moves are banned
|clearpoke
|poke|p1|Landorus-Therian, M|
|poke|p1|Deoxys-Speed|
|poke|p1|Heatran, M|
|poke|p1|Great Tusk|
|poke|p1|Greninja-*, M|
|poke|p1|Flapple, M|
|poke|p2|Arcanine, M|
|poke|p2|Forretress, M|
|poke|p2|Slowking-Galar, M|
|poke|p2|Clefable, F|
|poke|p2|Keldeo-Resolute|
|poke|p2|Ursaluna, M|
|teampreview
|inactive|Battle timer is ON: inactive players will automatically lose when time's up. (requested by Gimmick Trials)
|
|t:|1779573297
|teamsize|p1|6
|teamsize|p2|6
|start
|switch|p1a: Deoxys|Deoxys-Speed|100/100
|switch|p2a: Arcanine|Arcanine, M, shiny|100/100
|-ability|p1a: Deoxys|Pressure
|-ability|p2a: Arcanine|Intimidate|boost
|-unboost|p1a: Deoxys|atk|1
|-enditem|p1a: Deoxys|Eject Pack
|
|t:|1779573304
|switch|p1a: Landorus|Landorus-Therian, M|100/100
|-ability|p1a: Landorus|Intimidate|boost
|-unboost|p2a: Arcanine|atk|1
|turn|1
|
|t:|1779573314
|-terastallize|p2a: Arcanine|Water
|move|p1a: Landorus|Gravity|p1a: Landorus
|-fieldstart|move: Gravity
|move|p2a: Arcanine|Will-O-Wisp|p1a: Landorus
|-status|p1a: Landorus|brn
|
|-damage|p1a: Landorus|94/100 brn|[from] brn
|upkeep
|turn|2
|
|t:|1779573330
|move|p1a: Landorus|U-turn|p2a: Arcanine
|-damage|p2a: Arcanine|93/100
|
|t:|1779573337
|switch|p1a: Flapple|Flapple, M|100/100|[from] U-turn
|move|p2a: Arcanine|Flare Blitz|p1a: Flapple
|-damage|p1a: Flapple|58/100
|-damage|p2a: Arcanine|83/100|[from] Recoil
|
|-heal|p2a: Arcanine|89/100|[from] item: Leftovers
|upkeep
|turn|3
|
|t:|1779573347
|switch|p1a: Heatran|Heatran, M|100/100
|move|p2a: Arcanine|Will-O-Wisp|p1a: Heatran
|-start|p1a: Heatran|ability: Flash Fire
|
|-heal|p2a: Arcanine|95/100|[from] item: Leftovers
|upkeep
|turn|4
|
|t:|1779573362
|switch|p2a: Keldeo|Keldeo-Resolute|100/100
|move|p1a: Heatran|Magma Storm|p2a: Keldeo
|-resisted|p2a: Keldeo
|-damage|p2a: Keldeo|66/100
|-activate|p2a: Keldeo|move: Magma Storm|[of] p1a: Heatran
|
|-damage|p2a: Keldeo|54/100|[from] move: Magma Storm|[partiallytrapped]
|upkeep
|turn|5
|
|t:|1779573372
|-end|p1a: Heatran|ability: Flash Fire|[silent]
|switch|p1a: Deoxys|Deoxys-Speed|100/100
|-ability|p1a: Deoxys|Pressure
|move|p2a: Keldeo|Secret Sword|p1a: Deoxys
|-resisted|p1a: Deoxys
|-damage|p1a: Deoxys|65/100
|
|-end|p2a: Keldeo|Magma Storm|[partiallytrapped]|[silent]
|-fieldend|move: Gravity
|upkeep
|turn|6
|
|t:|1779573385
|switch|p2a: Clefable|Clefable, F, shiny|100/100
|move|p1a: Deoxys|Gravity|p1a: Deoxys
|-fieldstart|move: Gravity
|
|upkeep
|turn|7
|
|t:|1779573393
|switch|p1a: Heatran|Heatran, M|100/100
|move|p2a: Clefable|Thunder Wave|p1a: Heatran
|-status|p1a: Heatran|par
|
|upkeep
|turn|8
|
|t:|1779573401
|switch|p2a: Arcanine|Arcanine, M, shiny, tera:Water|95/100
|-ability|p2a: Arcanine|Intimidate|boost
|-unboost|p1a: Heatran|atk|1
|move|p1a: Heatran|Magma Storm|p2a: Arcanine
|-resisted|p2a: Arcanine
|-damage|p2a: Arcanine|72/100
|-activate|p2a: Arcanine|move: Magma Storm|[of] p1a: Heatran
|
|-heal|p2a: Arcanine|78/100|[from] item: Leftovers
|-damage|p2a: Arcanine|66/100|[from] move: Magma Storm|[partiallytrapped]
|upkeep
|turn|9
|
|t:|1779573413
|move|p2a: Arcanine|Morning Sun|p2a: Arcanine
|-heal|p2a: Arcanine|100/100
|move|p1a: Heatran|Stealth Rock|p2a: Arcanine
|-sidestart|p2: Megachamp100|move: Stealth Rock
|
|-damage|p2a: Arcanine|88/100|[from] move: Magma Storm|[partiallytrapped]
|upkeep
|turn|10
|
|t:|1779573420
|move|p2a: Arcanine|Extreme Speed|p1a: Heatran
|-resisted|p1a: Heatran
|-damage|p1a: Heatran|95/100 par
|-enditem|p1a: Heatran|Air Balloon
|move|p1a: Heatran|Earth Power|p2a: Arcanine
|-damage|p2a: Arcanine|62/100
|
|-heal|p2a: Arcanine|69/100|[from] item: Leftovers
|-damage|p2a: Arcanine|56/100|[from] move: Magma Storm|[partiallytrapped]
|-fieldend|move: Gravity
|upkeep
|turn|11
|
|t:|1779573442
|move|p2a: Arcanine|Morning Sun|p2a: Arcanine
|-heal|p2a: Arcanine|100/100
|move|p1a: Heatran|Earth Power|p2a: Arcanine
|-damage|p2a: Arcanine|75/100
|
|-heal|p2a: Arcanine|81/100|[from] item: Leftovers
|-damage|p2a: Arcanine|69/100|[from] move: Magma Storm|[partiallytrapped]
|upkeep
|turn|12
|
|t:|1779573456
|switch|p1a: Flapple|Flapple, M|58/100
|move|p2a: Arcanine|Extreme Speed|p1a: Flapple
|-damage|p1a: Flapple|27/100
|
|-heal|p2a: Arcanine|75/100|[from] item: Leftovers
|-end|p2a: Arcanine|Magma Storm|[partiallytrapped]
|upkeep
|turn|13
|
|t:|1779573466
|switch|p1a: Landorus|Landorus-Therian, M|94/100 brn
|-ability|p1a: Landorus|Intimidate|boost
|-unboost|p2a: Arcanine|atk|1
|move|p2a: Arcanine|Extreme Speed|p1a: Landorus
|-damage|p1a: Landorus|82/100 brn
|-damage|p2a: Arcanine|58/100|[from] item: Rocky Helmet|[of] p1a: Landorus
|
|-heal|p2a: Arcanine|65/100|[from] item: Leftovers
|-damage|p1a: Landorus|76/100 brn|[from] brn
|upkeep
|turn|14
|
|t:|1779573477
|move|p1a: Landorus|Gravity|p1a: Landorus
|-fieldstart|move: Gravity
|move|p2a: Arcanine|Morning Sun|p2a: Arcanine
|-heal|p2a: Arcanine|100/100
|
|-damage|p1a: Landorus|70/100 brn|[from] brn
|upkeep
|turn|15
|
|t:|1779573484
|switch|p2a: Keldeo|Keldeo-Resolute|54/100
|-damage|p2a: Keldeo|48/100|[from] Stealth Rock
|move|p1a: Landorus|Earth Power|p2a: Keldeo
|-damage|p2a: Keldeo|9/100
|
|-damage|p1a: Landorus|64/100 brn|[from] brn
|upkeep
|turn|16
|
|t:|1779573495
|switch|p1a: Greninja|Greninja, M|100/100
|move|p2a: Keldeo|Surf|p1a: Greninja
|-resisted|p1a: Greninja
|-damage|p1a: Greninja|44/100
|
|upkeep
|turn|17
|
|t:|1779573508
|switch|p2a: Arcanine|Arcanine, M, shiny, tera:Water|100/100
|-damage|p2a: Arcanine|88/100|[from] Stealth Rock
|-ability|p2a: Arcanine|Intimidate|boost
|-unboost|p1a: Greninja|atk|1
|move|p1a: Greninja|Hydro Pump|p2a: Arcanine
|-resisted|p2a: Arcanine
|-damage|p2a: Arcanine|55/100
|-damage|p1a: Greninja|34/100|[from] item: Life Orb
|
|-heal|p2a: Arcanine|61/100|[from] item: Leftovers
|upkeep
|turn|18
|
|t:|1779573519
|move|p2a: Arcanine|Extreme Speed|p1a: Greninja
|-damage|p1a: Greninja|1/100
|move|p1a: Greninja|Dark Pulse|p2a: Arcanine
|-damage|p2a: Arcanine|8/100
|-damage|p1a: Greninja|0 fnt|[from] item: Life Orb
|faint|p1a: Greninja
|
|-heal|p2a: Arcanine|15/100|[from] item: Leftovers
|-fieldend|move: Gravity
|upkeep
|
|t:|1779573526
|switch|p1a: Landorus|Landorus-Therian, M|64/100 brn
|-ability|p1a: Landorus|Intimidate|boost
|-unboost|p2a: Arcanine|atk|1
|turn|19
|
|t:|1779573539
|move|p2a: Arcanine|Extreme Speed|p1a: Landorus
|-damage|p1a: Landorus|51/100 brn
|-damage|p2a: Arcanine|0 fnt|[from] item: Rocky Helmet|[of] p1a: Landorus
|faint|p2a: Arcanine
|move|p1a: Landorus|Earth Power|p2: Arcanine|[notarget]
|-fail|p1a: Landorus
|
|-damage|p1a: Landorus|45/100 brn|[from] brn
|upkeep
|
|t:|1779573548
|switch|p2a: Forretress|Forretress, M, shiny|100/100
|-damage|p2a: Forretress|88/100|[from] Stealth Rock
|turn|20
|
|t:|1779573553
|move|p1a: Landorus|Taunt|p2a: Forretress
|-start|p2a: Forretress|move: Taunt
|move|p2a: Forretress|Rapid Spin|p1a: Landorus
|-damage|p1a: Landorus|35/100 brn
|-boost|p2a: Forretress|spe|1
|-damage|p2a: Forretress|71/100|[from] item: Rocky Helmet|[of] p1a: Landorus
|-sideend|p2: Megachamp100|Stealth Rock|[from] move: Rapid Spin|[of] p2a: Forretress
|
|-damage|p1a: Landorus|29/100 brn|[from] brn
|upkeep
|turn|21
|
|t:|1779573564
|switch|p1a: Heatran|Heatran, M|95/100 par
|switch|p2a: Clefable|Clefable, F, shiny|100/100
|
|upkeep
|turn|22
|
|t:|1779573572
|switch|p2a: Keldeo|Keldeo-Resolute|9/100
|move|p1a: Heatran|Magma Storm|p2a: Keldeo
|-resisted|p2a: Keldeo
|-damage|p2a: Keldeo|0 fnt
|faint|p2a: Keldeo
|
|upkeep
|
|t:|1779573586
|switch|p2a: Ursaluna|Ursaluna, M|100/100
|turn|23
|
|t:|1779573612
|switch|p1a: Flapple|Flapple, M|27/100
|move|p2a: Ursaluna|Swords Dance|p2a: Ursaluna
|-boost|p2a: Ursaluna|atk|2
|
|-status|p2a: Ursaluna|brn|[from] item: Flame Orb
|upkeep
|turn|24
|
|t:|1779573625
|move|p1a: Flapple|Grav Apple|p2a: Ursaluna
|-supereffective|p2a: Ursaluna
|-damage|p2a: Ursaluna|25/100 brn
|-unboost|p2a: Ursaluna|def|1
|move|p2a: Ursaluna|Fire Punch|p1a: Flapple
|-damage|p1a: Flapple|0 fnt
|faint|p1a: Flapple
|
|-damage|p2a: Ursaluna|19/100 brn|[from] brn
|upkeep
|
|t:|1779573634
|switch|p1a: Deoxys|Deoxys-Speed|65/100
|-ability|p1a: Deoxys|Pressure
|turn|25
|
|t:|1779573639
|switch|p2a: Clefable|Clefable, F, shiny|100/100
|move|p1a: Deoxys|Superpower|p2a: Clefable
|-resisted|p2a: Clefable
|-damage|p2a: Clefable|87/100
|-unboost|p1a: Deoxys|atk|1
|-unboost|p1a: Deoxys|def|1
|
|upkeep
|turn|26
|
|t:|1779573652
|move|p1a: Deoxys|Taunt|p2a: Clefable
|-start|p2a: Clefable|move: Taunt
|cant|p2a: Clefable|move: Taunt|Thunder Wave
|
|upkeep
|turn|27
|
|t:|1779573657
|move|p1a: Deoxys|Gravity|p1a: Deoxys
|-fieldstart|move: Gravity
|move|p2a: Clefable|Moonblast|p1a: Deoxys
|-damage|p1a: Deoxys|21/100
|
|upkeep
|turn|28
|
|t:|1779573667
|switch|p1a: Heatran|Heatran, M|95/100 par
|switch|p2a: Ursaluna|Ursaluna, M|19/100 brn
|
|-damage|p2a: Ursaluna|13/100 brn|[from] brn
|upkeep
|turn|29
|
|t:|1779573685
|switch|p1a: Deoxys|Deoxys-Speed|21/100
|-ability|p1a: Deoxys|Pressure
|move|p2a: Ursaluna|Headlong Rush|p1a: Deoxys
|-damage|p1a: Deoxys|0 fnt
|-unboost|p2a: Ursaluna|def|1
|-unboost|p2a: Ursaluna|spd|1
|faint|p1a: Deoxys
|
|-damage|p2a: Ursaluna|7/100 brn|[from] brn
|upkeep
|
|t:|1779573695
|switch|p1a: Landorus|Landorus-Therian, M|29/100 brn
|-ability|p1a: Landorus|Intimidate|boost
|-unboost|p2a: Ursaluna|atk|1
|turn|30
|
|t:|1779573712
|switch|p2a: Forretress|Forretress, M, shiny|71/100
|move|p1a: Landorus|Earth Power|p2a: Forretress
|-damage|p2a: Forretress|22/100
|
|-damage|p1a: Landorus|22/100 brn|[from] brn
|upkeep
|turn|31
|
|t:|1779573722
|move|p1a: Landorus|Earth Power|p2a: Forretress
|-damage|p2a: Forretress|0 fnt
|faint|p2a: Forretress
|
|-damage|p1a: Landorus|16/100 brn|[from] brn
|-fieldend|move: Gravity
|upkeep
|
|t:|1779573729
|switch|p2a: Clefable|Clefable, F, shiny|87/100
|turn|32
|
|t:|1779573734
|move|p1a: Landorus|Gravity|p1a: Landorus
|-fieldstart|move: Gravity
|move|p2a: Clefable|Moonblast|p1a: Landorus
|-damage|p1a: Landorus|0 fnt
|faint|p1a: Landorus
|
|upkeep
|
|t:|1779573737
|switch|p1a: Heatran|Heatran, M|95/100 par
|turn|33
|
|t:|1779573743
|switch|p2a: Slowking|Slowking-Galar, M, shiny|100/100
|move|p1a: Heatran|Magma Storm|p2a: Slowking
|-damage|p2a: Slowking|75/100
|-activate|p2a: Slowking|move: Magma Storm|[of] p1a: Heatran
|
|-damage|p2a: Slowking|63/100|[from] move: Magma Storm|[partiallytrapped]
|upkeep
|turn|34
|
|t:|1779573752
|move|p1a: Heatran|Taunt|p2a: Slowking
|-start|p2a: Slowking|move: Taunt
|-prepare|p2a: Slowking|Chilly Reception|[premajor]
|cant|p2a: Slowking|move: Taunt|Chilly Reception
|
|-damage|p2a: Slowking|50/100|[from] move: Magma Storm|[partiallytrapped]
|upkeep
|turn|35
|-message|Megachamp100 forfeited.
|
|win|Gimmick Trials
|raw|Gimmick Trials's rating: 1277 &rarr; <strong>1298</strong><br />(+21 for winning)
|raw|Megachamp100's rating: 1220 &rarr; <strong>1199</strong><br />(-21 for losing)
|l|☆Megachamp100
|player|p2|
