|j|☆TheLump
|j|☆Param710
|t:|1779640200
|gametype|singles
|player|p1|TheLump|102|1155
|player|p2|Param710|red|1216
|gen|9
|tier|[Gen 9] OU
|rated|
|rule|HP Percentage Mod: HP is shown in percentages
|rule|Endless Battle Clause: Forcing endless battles is banned
|rule|Species Clause: Limit one of each Pokémon
|rule|OHKO Clause: OHKO moves are banned
|rule|Evasion Items Clause: Evasion items are banned
|rule|Evasion Moves Clause: Evasion moves are banned
|rule|Evasion Abilities Clause: Evasion abilities are banned
|rule|Sleep Moves Clause: Sleep-inducing moves are banned
|clearpoke
|poke|p1|Torkoal, F|
|poke|p1|Weepinbell, M|
|poke|p1|Slither Wing|
|poke|p1|Iron Moth|
|poke|p1|Exeggutor, M|
|poke|p1|Victreebel, M|
|poke|p2|Ceruledge, F|
|poke|p2|Walking Wake|
|poke|p2|Iron Valiant|
|poke|p2|Hawlucha, F|
|poke|p2|Grafaiai, M|
|poke|p2|Rillaboom, M|
|teampreview
|
|t:|1779640205
|teamsize|p1|6
|teamsize|p2|6
|start
|switch|p1a: Torkoal|Torkoal, F, shiny|100/100
|switch|p2a: Grafaiai|Grafaiai, M|100/100
|-weather|SunnyDay|[from] ability: Drought|[of] p1a: Torkoal
|turn|1
|c|☆Param710|Oh
|
|t:|1779640215
|move|p2a: Grafaiai|Knock Off|p1a: Torkoal
|-damage|p1a: Torkoal|80/100
|-enditem|p1a: Torkoal|Heat Rock|[from] move: Knock Off|[of] p2a: Grafaiai
|move|p1a: Torkoal|Stealth Rock|p2a: Grafaiai
|-sidestart|p2: Param710|move: Stealth Rock
|
|-weather|SunnyDay|[upkeep]
|upkeep
|turn|2
|c|☆TheLump|not again
|
|t:|1779640227
|move|p2a: Grafaiai|Gunk Shot|p1a: Torkoal
|-damage|p1a: Torkoal|41/100
|move|p1a: Torkoal|Lava Plume|p2a: Grafaiai
|-damage|p2a: Grafaiai|41/100
|
|-weather|SunnyDay|[upkeep]
|upkeep
|turn|3
|
|t:|1779640235
|move|p2a: Grafaiai|Parting Shot|p1a: Torkoal
|-unboost|p1a: Torkoal|atk|1
|-unboost|p1a: Torkoal|spa|1
|
|t:|1779640239
|switch|p2a: Walking Wake|Walking Wake|100/100|[from] Parting Shot
|-damage|p2a: Walking Wake|88/100|[from] Stealth Rock
|-activate|p2a: Walking Wake|ability: Protosynthesis
|-start|p2a: Walking Wake|protosynthesisspa
|move|p1a: Torkoal|Lava Plume|p2a: Walking Wake
|-resisted|p2a: Walking Wake
|-damage|p2a: Walking Wake|81/100
|-status|p2a: Walking Wake|brn
|
|-weather|SunnyDay|[upkeep]
|-heal|p2a: Walking Wake|88/100 brn|[from] item: Leftovers
|-damage|p2a: Walking Wake|81/100 brn|[from] brn
|upkeep
|turn|4
|c|☆Param710|Lol
|
|t:|1779640257
|switch|p1a: Macrophylla|Weepinbell, M|100/100
|move|p2a: Walking Wake|Hydro Steam|p1a: Macrophylla
|-resisted|p1a: Macrophylla
|-damage|p1a: Macrophylla|56/100
|
|-weather|SunnyDay|[upkeep]
|-heal|p2a: Walking Wake|88/100 brn|[from] item: Leftovers
|-damage|p2a: Walking Wake|81/100 brn|[from] brn
|upkeep
|turn|5
|
|t:|1779640268
|switch|p1a: Lowi Trusmadi|Victreebel, M, shiny|100/100
|move|p2a: Walking Wake|Flamethrower|p1a: Lowi Trusmadi
|-supereffective|p1a: Lowi Trusmadi
|-damage|p1a: Lowi Trusmadi|0 fnt
|faint|p1a: Lowi Trusmadi
|
|-weather|SunnyDay|[upkeep]
|-heal|p2a: Walking Wake|88/100 brn|[from] item: Leftovers
|-damage|p2a: Walking Wake|81/100 brn|[from] brn
|upkeep
|
|t:|1779640277
|switch|p1a: Exeggutor|Exeggutor, M|100/100
|turn|6
|
|t:|1779640282
|-terastallize|p1a: Exeggutor|Dragon
|move|p2a: Walking Wake|Flamethrower|p1a: Exeggutor
|-resisted|p1a: Exeggutor
|-crit|p1a: Exeggutor
|-damage|p1a: Exeggutor|53/100
|move|p1a: Exeggutor|Calm Mind|p1a: Exeggutor
|-boost|p1a: Exeggutor|spa|1
|-boost|p1a: Exeggutor|spd|1
|
|-weather|SunnyDay|[upkeep]
|-heal|p2a: Walking Wake|88/100 brn|[from] item: Leftovers
|-damage|p2a: Walking Wake|81/100 brn|[from] brn
|upkeep
|turn|7
|c|☆Param710|Terrible move
|
|t:|1779640301
|move|p2a: Walking Wake|Dragon Pulse|p1a: Exeggutor
|-supereffective|p1a: Exeggutor
|-damage|p1a: Exeggutor|0 fnt
|faint|p1a: Exeggutor
|
|-weather|SunnyDay|[upkeep]
|-heal|p2a: Walking Wake|88/100 brn|[from] item: Leftovers
|-damage|p2a: Walking Wake|81/100 brn|[from] brn
|upkeep
|
|t:|1779640307
|switch|p1a: Slither Wing|Slither Wing, shiny|100/100
|-activate|p1a: Slither Wing|ability: Protosynthesis
|-start|p1a: Slither Wing|protosynthesisatk
|turn|8
|c|☆TheLump|Lok at this team nobody can tank that
|
|t:|1779640323
|move|p1a: Slither Wing|First Impression|p2a: Walking Wake
|-damage|p2a: Walking Wake|11/100 brn
|move|p2a: Walking Wake|Flamethrower|p1a: Slither Wing
|-supereffective|p1a: Slither Wing
|-damage|p1a: Slither Wing|19/100
|
|-weather|none
|-end|p2a: Walking Wake|Protosynthesis
|-end|p1a: Slither Wing|Protosynthesis
|-heal|p2a: Walking Wake|18/100 brn|[from] item: Leftovers
|-damage|p2a: Walking Wake|11/100 brn|[from] brn
|upkeep
|turn|9
|c|☆Param710|Lol
|
|t:|1779640345
|-end|p1a: Slither Wing|Protosynthesis|[silent]
|switch|p1a: Torkoal|Torkoal, F, shiny|41/100
|-weather|SunnyDay|[from] ability: Drought|[of] p1a: Torkoal
|-activate|p2a: Walking Wake|ability: Protosynthesis
|-start|p2a: Walking Wake|protosynthesisspa
|move|p2a: Walking Wake|Flamethrower|p1a: Torkoal
|-resisted|p1a: Torkoal
|-damage|p1a: Torkoal|14/100
|
|-weather|SunnyDay|[upkeep]
|-heal|p2a: Walking Wake|18/100 brn|[from] item: Leftovers
|-damage|p2a: Walking Wake|11/100 brn|[from] brn
|upkeep
|turn|10
|c|☆Param710|You literally gave me sunny day boost
|
|t:|1779640367
|move|p2a: Walking Wake|Flamethrower|p1a: Torkoal
|-resisted|p1a: Torkoal
|-damage|p1a: Torkoal|0 fnt
|faint|p1a: Torkoal
|
|-weather|SunnyDay|[upkeep]
|-heal|p2a: Walking Wake|18/100 brn|[from] item: Leftovers
|-damage|p2a: Walking Wake|11/100 brn|[from] brn
|upkeep
|
|t:|1779640378
|switch|p1a: Slither Wing|Slither Wing, shiny|19/100
|-activate|p1a: Slither Wing|ability: Protosynthesis
|-start|p1a: Slither Wing|protosynthesisatk
|turn|11
|
|t:|1779640383
|move|p1a: Slither Wing|First Impression|p2a: Walking Wake
|-damage|p2a: Walking Wake|0 fnt
|faint|p2a: Walking Wake
|-end|p2a: Walking Wake|Protosynthesis|[silent]
|
|-weather|SunnyDay|[upkeep]
|upkeep
|
|t:|1779640390
|switch|p2a: Hawlucha|Hawlucha, F|100/100
|-damage|p2a: Hawlucha|88/100|[from] Stealth Rock
|turn|12
|
|t:|1779640395
|move|p2a: Hawlucha|Swords Dance|p2a: Hawlucha
|-boost|p2a: Hawlucha|atk|2
|move|p1a: Slither Wing|Flare Blitz|p2a: Hawlucha
|-damage|p2a: Hawlucha|0 fnt
|faint|p2a: Hawlucha
|-damage|p1a: Slither Wing|0 fnt|[from] Recoil
|faint|p1a: Slither Wing
|-end|p1a: Slither Wing|Protosynthesis|[silent]
|
|-weather|SunnyDay|[upkeep]
|upkeep
|
|t:|1779640408
|switch|p2a: Ceruledge|Ceruledge, F|100/100
|switch|p1a: Macrophylla|Weepinbell, M|56/100
|-damage|p2a: Ceruledge|76/100|[from] Stealth Rock
|turn|13
|
|t:|1779640415
|move|p1a: Macrophylla|Toxic|p2a: Ceruledge
|-status|p2a: Ceruledge|tox
|move|p2a: Ceruledge|Swords Dance|p2a: Ceruledge
|-boost|p2a: Ceruledge|atk|2
|
|-weather|none
|-damage|p2a: Ceruledge|70/100 tox|[from] psn
|upkeep
|turn|14
|
|t:|1779640423
|move|p2a: Ceruledge|Bitter Blade|p1a: Macrophylla
|-supereffective|p1a: Macrophylla
|-damage|p1a: Macrophylla|0 fnt
|-heal|p2a: Ceruledge|100/100 tox|[from] drain|[of] p1a: Macrophylla
|faint|p1a: Macrophylla
|-damage|p2a: Ceruledge|91/100 tox|[from] item: Life Orb
|
|-damage|p2a: Ceruledge|78/100 tox|[from] psn
|upkeep
|
|t:|1779640426
|switch|p1a: Iron Moth|Iron Moth|100/100
|-enditem|p1a: Iron Moth|Booster Energy
|-activate|p1a: Iron Moth|ability: Quark Drive|[fromitem]
|-start|p1a: Iron Moth|quarkdrivespe
|turn|15
|
|t:|1779640439
|move|p1a: Iron Moth|Psychic|p2a: Ceruledge
|-damage|p2a: Ceruledge|44/100 tox
|move|p2a: Ceruledge|Poltergeist||[still]
|-fail|p2a: Ceruledge
|
|-damage|p2a: Ceruledge|26/100 tox|[from] psn
|upkeep
|turn|16
|
|t:|1779640448
|move|p1a: Iron Moth|Psychic|p2a: Ceruledge
|-damage|p2a: Ceruledge|0 fnt
|faint|p2a: Ceruledge
|
|upkeep
|
|t:|1779640455
|switch|p2a: Grafaiai|Grafaiai, M|41/100
|turn|17
|
|t:|1779640459
|move|p2a: Grafaiai|Parting Shot|p1a: Iron Moth
|-unboost|p1a: Iron Moth|atk|1
|-unboost|p1a: Iron Moth|spa|1
|
|t:|1779640465
|switch|p2a: Iron Valiant|Iron Valiant, shiny|100/100|[from] Parting Shot
|-damage|p2a: Iron Valiant|94/100|[from] Stealth Rock
|move|p1a: Iron Moth|Fiery Dance|p2a: Iron Valiant
|-damage|p2a: Iron Valiant|48/100
|-boost|p1a: Iron Moth|spa|1
|
|upkeep
|turn|18
|
|t:|1779640479
|-terastallize|p2a: Iron Valiant|Steel
|move|p1a: Iron Moth|Fiery Dance|p2a: Iron Valiant
|-supereffective|p2a: Iron Valiant
|-damage|p2a: Iron Valiant|0 fnt
|-boost|p1a: Iron Moth|spa|1
|faint|p2a: Iron Valiant
|-end|p2a: Iron Valiant|Quark Drive|[silent]
|
|upkeep
|
|t:|1779640488
|switch|p2a: Grafaiai|Grafaiai, M|41/100
|turn|19
|
|t:|1779640492
|move|p2a: Grafaiai|Encore|p1a: Iron Moth
|-start|p1a: Iron Moth|Encore
|move|p1a: Iron Moth|Fiery Dance|p2a: Grafaiai
|-damage|p2a: Grafaiai|0 fnt
|faint|p2a: Grafaiai
|
|upkeep
|
|t:|1779640500
|switch|p2a: Rillaboom|Rillaboom, M|100/100
|-damage|p2a: Rillaboom|88/100|[from] Stealth Rock
|-fieldstart|move: Grassy Terrain|[from] ability: Grassy Surge|[of] p2a: Rillaboom
|turn|20
|
|t:|1779640506
|move|p1a: Iron Moth|Fiery Dance|p2a: Rillaboom
|-supereffective|p2a: Rillaboom
|-damage|p2a: Rillaboom|0 fnt
|-boost|p1a: Iron Moth|spa|1
|faint|p2a: Rillaboom
|
|win|TheLump
|raw|TheLump's rating: 1155 &rarr; <strong>1184</strong><br />(+29 for winning)
|raw|Param710's rating: 1216 &rarr; <strong>1187</strong><br />(-29 for losing)
|c|☆TheLump|huhso t
|c|☆Param710|Lol ggs
|c|☆TheLump|gg
|l|☆TheLump
|player|p1|
|l|☆Param710
|player|p2|
