|j|☆Igoodnamename
|j|☆PiggLad
|t:|1779604573
|gametype|singles
|player|p1|Igoodnamename|aaron|1624
|player|p2|PiggLad|grimsley-gen7|1779
|gen|9
|tier|[Gen 9] OU
|rated|
|rule|HP Percentage Mod: HP is shown in percentages
|rule|Endless Battle Clause: Forcing endless battles is banned
|rule|Species Clause: Limit one of each Pokémon
|rule|OHKO Clause: OHKO moves are banned
|rule|Evasion Items Clause: Evasion items are banned
|rule|Evasion Moves Clause: Evasion moves are banned
|rule|Evasion Abilities Clause: Evasion abilities are banned
|rule|Sleep Moves Clause: Sleep-inducing moves are banned
|clearpoke
|poke|p1|Pecharunt|
|poke|p1|Slowking, F|
|poke|p1|Iron Treads|
|poke|p1|Zamazenta-*|
|poke|p1|Umbreon, M|
|poke|p1|Ogerpon, F|
|poke|p2|Tyranitar, M|
|poke|p2|Hydrapple, M|
|poke|p2|Enamorus, F|
|poke|p2|Garganacl, F|
|poke|p2|Excadrill, M|
|poke|p2|Alomomola, F|
|teampreview
|inactive|Battle timer is ON: inactive players will automatically lose when time's up. (requested by PiggLad)
|
|t:|1779604591
|teamsize|p1|6
|teamsize|p2|6
|start
|switch|p1a: Ogerpon|Ogerpon, F|100/100
|switch|p2a: Let The Goons Out|Hydrapple, M, shiny|100/100
|turn|1
|
|t:|1779604595
|move|p1a: Ogerpon|Knock Off|p2a: Let The Goons Out
|-damage|p2a: Let The Goons Out|74/100
|-damage|p1a: Ogerpon|84/100|[from] item: Rocky Helmet|[of] p2a: Let The Goons Out
|-enditem|p2a: Let The Goons Out|Rocky Helmet|[from] move: Knock Off|[of] p1a: Ogerpon
|move|p2a: Let The Goons Out|Earth Power|p1a: Ogerpon
|-resisted|p1a: Ogerpon
|-damage|p1a: Ogerpon|71/100
|
|upkeep
|turn|2
|
|t:|1779604606
|switch|p1a: Iron Treads|Iron Treads|100/100
|move|p2a: Let The Goons Out|Earth Power|p1a: Iron Treads
|-supereffective|p1a: Iron Treads
|-damage|p1a: Iron Treads|53/100
|
|-heal|p1a: Iron Treads|59/100|[from] item: Leftovers
|upkeep
|turn|3
|j| agonex
|
|t:|1779604610
|switch|p2a: Alo Cortisol|Alomomola, F|100/100
|move|p1a: Iron Treads|Stealth Rock|p2a: Alo Cortisol
|-sidestart|p2: PiggLad|move: Stealth Rock
|
|-heal|p1a: Iron Treads|66/100|[from] item: Leftovers
|upkeep
|turn|4
|
|t:|1779604616
|-end|p1a: Iron Treads|Quark Drive|[silent]
|switch|p1a: Ogerpon|Ogerpon, F|71/100
|move|p2a: Alo Cortisol|Flip Turn|p1a: Ogerpon
|-resisted|p1a: Ogerpon
|-damage|p1a: Ogerpon|60/100
|
|t:|1779604618
|switch|p2a: Let The Goons Out|Hydrapple, M, shiny|100/100|[from] Flip Turn
|-damage|p2a: Let The Goons Out|88/100|[from] Stealth Rock
|
|upkeep
|turn|5
|l| agonex
|
|t:|1779604622
|move|p1a: Ogerpon|U-turn|p2a: Let The Goons Out
|-supereffective|p2a: Let The Goons Out
|-damage|p2a: Let The Goons Out|51/100
|
|t:|1779604627
|switch|p1a: Pecharunt|Pecharunt|100/100|[from] U-turn
|-item|p1a: Pecharunt|Air Balloon
|move|p2a: Let The Goons Out|Nasty Plot|p2a: Let The Goons Out
|-boost|p2a: Let The Goons Out|spa|2
|
|upkeep
|turn|6
|
|t:|1779604636
|-terastallize|p2a: Let The Goons Out|Poison
|move|p1a: Pecharunt|Malignant Chain|p2a: Let The Goons Out
|-resisted|p2a: Let The Goons Out
|-damage|p2a: Let The Goons Out|31/100
|move|p2a: Let The Goons Out|Fickle Beam|p1a: Pecharunt
|-damage|p1a: Pecharunt|20/100
|-enditem|p1a: Pecharunt|Air Balloon
|
|upkeep
|turn|7
|
|t:|1779604642
|move|p1a: Pecharunt|Shadow Ball|p2a: Let The Goons Out
|-damage|p2a: Let The Goons Out|0 fnt
|faint|p2a: Let The Goons Out
|
|upkeep
|
|t:|1779604651
|switch|p2a: ExGon'SpinIntoYa|Excadrill, M|100/100
|-damage|p2a: ExGon'SpinIntoYa|97/100|[from] Stealth Rock
|turn|8
|
|t:|1779604655
|move|p2a: ExGon'SpinIntoYa|Earthquake|p1a: Pecharunt
|-supereffective|p1a: Pecharunt
|-damage|p1a: Pecharunt|0 fnt
|faint|p1a: Pecharunt
|
|-heal|p2a: ExGon'SpinIntoYa|100/100|[from] item: Leftovers
|upkeep
|
|t:|1779604661
|switch|p1a: Zamazenta|Zamazenta|100/100
|-ability|p1a: Zamazenta|Dauntless Shield|boost
|-boost|p1a: Zamazenta|def|1
|turn|9
|
|t:|1779604666
|switch|p2a: Alo Cortisol|Alomomola, F|100/100
|-damage|p2a: Alo Cortisol|88/100|[from] Stealth Rock
|move|p1a: Zamazenta|Close Combat|p2a: Alo Cortisol
|-damage|p2a: Alo Cortisol|27/100
|-unboost|p1a: Zamazenta|def|1
|-unboost|p1a: Zamazenta|spd|1
|
|upkeep
|turn|10
|
|t:|1779604673
|switch|p2a: Larpin Diddy Foid|Enamorus, F|100/100
|-damage|p2a: Larpin Diddy Foid|76/100|[from] Stealth Rock
|move|p1a: Zamazenta|Close Combat|p2a: Larpin Diddy Foid
|-resisted|p2a: Larpin Diddy Foid
|-damage|p2a: Larpin Diddy Foid|41/100
|-unboost|p1a: Zamazenta|def|1
|-unboost|p1a: Zamazenta|spd|1
|
|upkeep
|turn|11
|
|t:|1779604682
|switch|p1a: Slowking|Slowking, F|100/100
|move|p2a: Larpin Diddy Foid|Moonblast|p1a: Slowking
|-damage|p1a: Slowking|74/100
|-unboost|p1a: Slowking|spa|1
|
|upkeep
|turn|12
|
|t:|1779604686
|switch|p2a: WhoBEdginTheyStone|Tyranitar, M|100/100
|-damage|p2a: WhoBEdginTheyStone|88/100|[from] Stealth Rock
|-weather|Sandstorm|[from] ability: Sand Stream|[of] p2a: WhoBEdginTheyStone
|move|p1a: Slowking|Scald|p2a: WhoBEdginTheyStone
|-supereffective|p2a: WhoBEdginTheyStone
|-damage|p2a: WhoBEdginTheyStone|61/100
|
|-weather|Sandstorm|[upkeep]
|-damage|p1a: Slowking|68/100|[from] Sandstorm
|upkeep
|turn|13
|
|t:|1779604694
|switch|p1a: Umbreon|Umbreon, M|100/100
|move|p2a: WhoBEdginTheyStone|Low Kick|p1a: Umbreon
|-supereffective|p1a: Umbreon
|-damage|p1a: Umbreon|62/100
|
|-weather|Sandstorm|[upkeep]
|-damage|p1a: Umbreon|56/100|[from] Sandstorm
|-heal|p1a: Umbreon|62/100|[from] item: Leftovers
|upkeep
|turn|14
|
|t:|1779604709
|move|p2a: WhoBEdginTheyStone|Low Kick|p1a: Umbreon
|-supereffective|p1a: Umbreon
|-damage|p1a: Umbreon|20/100
|move|p1a: Umbreon|Wish|p1a: Umbreon
|
|-weather|Sandstorm|[upkeep]
|-damage|p1a: Umbreon|14/100|[from] Sandstorm
|-heal|p1a: Umbreon|20/100|[from] item: Leftovers
|upkeep
|turn|15
|
|t:|1779604713
|move|p1a: Umbreon|Protect|p1a: Umbreon
|-singleturn|p1a: Umbreon|Protect
|move|p2a: WhoBEdginTheyStone|Low Kick|p1a: Umbreon
|-activate|p1a: Umbreon|move: Protect
|
|-weather|Sandstorm|[upkeep]
|-damage|p1a: Umbreon|14/100|[from] Sandstorm
|-heal|p1a: Umbreon|64/100|[from] move: Wish|[wisher] Umbreon
|-heal|p1a: Umbreon|70/100|[from] item: Leftovers
|upkeep
|turn|16
|j| Kakimori
|
|t:|1779604720
|switch|p1a: Slowking|Slowking, F|100/100
|move|p2a: WhoBEdginTheyStone|Low Kick|p1a: Slowking
|-resisted|p1a: Slowking
|-damage|p1a: Slowking|80/100
|
|-weather|none
|upkeep
|turn|17
|l| Kakimori
|
|t:|1779604728
|switch|p2a: Alo Cortisol|Alomomola, F|61/100
|-damage|p2a: Alo Cortisol|48/100|[from] Stealth Rock
|move|p1a: Slowking|Future Sight|p2a: Alo Cortisol
|-start|p1a: Slowking|move: Future Sight
|
|upkeep
|turn|18
|
|t:|1779604731
|move|p2a: Alo Cortisol|Flip Turn|p1a: Slowking
|-resisted|p1a: Slowking
|-damage|p1a: Slowking|72/100
|
|t:|1779604733
|switch|p2a: Jevils To This|Garganacl, F, shiny|100/100|[from] Flip Turn
|-damage|p2a: Jevils To This|88/100|[from] Stealth Rock
|move|p1a: Slowking|Psychic Noise|p2a: Jevils To This
|-damage|p2a: Jevils To This|70/100
|-start|p2a: Jevils To This|move: Heal Block
|
|upkeep
|turn|19
|
|t:|1779604738
|move|p2a: Jevils To This|Protect|p2a: Jevils To This
|-singleturn|p2a: Jevils To This|Protect
|move|p1a: Slowking|Scald|p2a: Jevils To This
|-activate|p2a: Jevils To This|move: Protect
|
|-end|p2a: Jevils To This|move: Future Sight
|-damage|p2a: Jevils To This|38/100
|-end|p2a: Jevils To This|move: Heal Block
|upkeep
|turn|20
|
|t:|1779604742
|move|p2a: Jevils To This|Recover|p2a: Jevils To This
|-heal|p2a: Jevils To This|88/100
|move|p1a: Slowking|Scald|p2a: Jevils To This
|-supereffective|p2a: Jevils To This
|-damage|p2a: Jevils To This|44/100
|
|-heal|p2a: Jevils To This|51/100|[from] item: Leftovers
|upkeep
|turn|21
|
|t:|1779604744
|move|p2a: Jevils To This|Recover|p2a: Jevils To This
|-heal|p2a: Jevils To This|100/100
|move|p1a: Slowking|Scald|p2a: Jevils To This
|-supereffective|p2a: Jevils To This
|-damage|p2a: Jevils To This|58/100
|
|-heal|p2a: Jevils To This|65/100|[from] item: Leftovers
|upkeep
|turn|22
|
|t:|1779604748
|move|p2a: Jevils To This|Salt Cure|p1a: Slowking
|-damage|p1a: Slowking|59/100
|-start|p1a: Slowking|Salt Cure
|move|p1a: Slowking|Scald|p2a: Jevils To This
|-supereffective|p2a: Jevils To This
|-damage|p2a: Jevils To This|21/100
|
|-heal|p2a: Jevils To This|27/100|[from] item: Leftovers
|-damage|p1a: Slowking|34/100|[from] Salt Cure
|upkeep
|turn|23
|
|t:|1779604750
|switch|p1a: Umbreon|Umbreon, M|70/100
|move|p2a: Jevils To This|Recover|p2a: Jevils To This
|-heal|p2a: Jevils To This|77/100
|
|-heal|p1a: Umbreon|76/100|[from] item: Leftovers
|-heal|p2a: Jevils To This|83/100|[from] item: Leftovers
|upkeep
|turn|24
|
|t:|1779604753
|move|p1a: Umbreon|Wish|p1a: Umbreon
|move|p2a: Jevils To This|Stealth Rock|p1a: Umbreon
|-sidestart|p1: Igoodnamename|move: Stealth Rock
|
|-heal|p1a: Umbreon|82/100|[from] item: Leftovers
|-heal|p2a: Jevils To This|90/100|[from] item: Leftovers
|upkeep
|turn|25
|
|t:|1779604755
|move|p1a: Umbreon|Foul Play|p2a: Jevils To This
|-damage|p2a: Jevils To This|67/100
|move|p2a: Jevils To This|Salt Cure|p1a: Umbreon
|-crit|p1a: Umbreon
|-damage|p1a: Umbreon|70/100
|-start|p1a: Umbreon|Salt Cure
|
|-heal|p1a: Umbreon|100/100|[from] move: Wish|[wisher] Umbreon
|-heal|p2a: Jevils To This|73/100|[from] item: Leftovers
|-damage|p1a: Umbreon|88/100|[from] Salt Cure
|upkeep
|turn|26
|
|t:|1779604758
|move|p1a: Umbreon|Wish|p1a: Umbreon
|move|p2a: Jevils To This|Salt Cure|p1a: Umbreon
|-damage|p1a: Umbreon|80/100
|
|-heal|p1a: Umbreon|87/100|[from] item: Leftovers
|-heal|p2a: Jevils To This|80/100|[from] item: Leftovers
|-damage|p1a: Umbreon|74/100|[from] Salt Cure
|upkeep
|turn|27
|
|t:|1779604761
|switch|p1a: Ogerpon|Ogerpon, F|60/100
|-damage|p1a: Ogerpon|48/100|[from] Stealth Rock
|move|p2a: Jevils To This|Salt Cure|p1a: Ogerpon
|-damage|p1a: Ogerpon|28/100
|-start|p1a: Ogerpon|Salt Cure
|
|-heal|p1a: Ogerpon|94/100|[from] move: Wish|[wisher] Umbreon
|-heal|p2a: Jevils To This|86/100|[from] item: Leftovers
|-damage|p1a: Ogerpon|82/100|[from] Salt Cure
|upkeep
|turn|28
|
|t:|1779604766
|move|p2a: Jevils To This|Protect|p2a: Jevils To This
|-singleturn|p2a: Jevils To This|Protect
|move|p1a: Ogerpon|Ivy Cudgel|p2a: Jevils To This
|-activate|p2a: Jevils To This|move: Protect
|
|-heal|p2a: Jevils To This|92/100|[from] item: Leftovers
|-damage|p1a: Ogerpon|69/100|[from] Salt Cure
|upkeep
|turn|29
|
|t:|1779604780
|-terastallize|p1a: Ogerpon|Grass
|detailschange|p1a: Ogerpon|Ogerpon-Teal-Tera, F, tera:Grass
|-ability|p1a: Ogerpon|Embody Aspect (Teal)|boost
|-boost|p1a: Ogerpon|spe|1
|move|p1a: Ogerpon|Ivy Cudgel|p2a: Jevils To This
|-supereffective|p2a: Jevils To This
|-damage|p2a: Jevils To This|0 fnt
|faint|p2a: Jevils To This
|
|-damage|p1a: Ogerpon|57/100|[from] Salt Cure
|upkeep
|
|t:|1779604783
|switch|p2a: Larpin Diddy Foid|Enamorus, F|41/100
|-damage|p2a: Larpin Diddy Foid|16/100|[from] Stealth Rock
|turn|30
|
|t:|1779604787
|move|p1a: Ogerpon|Ivy Cudgel|p2a: Larpin Diddy Foid
|-resisted|p2a: Larpin Diddy Foid
|-damage|p2a: Larpin Diddy Foid|0 fnt
|faint|p2a: Larpin Diddy Foid
|
|-damage|p1a: Ogerpon|45/100|[from] Salt Cure
|upkeep
|
|t:|1779604788
|switch|p2a: WhoBEdginTheyStone|Tyranitar, M|61/100
|-damage|p2a: WhoBEdginTheyStone|49/100|[from] Stealth Rock
|-weather|Sandstorm|[from] ability: Sand Stream|[of] p2a: WhoBEdginTheyStone
|turn|31
|
|t:|1779604791
|move|p1a: Ogerpon|Ivy Cudgel|p2a: WhoBEdginTheyStone
|-supereffective|p2a: WhoBEdginTheyStone
|-damage|p2a: WhoBEdginTheyStone|0 fnt
|faint|p2a: WhoBEdginTheyStone
|
|-weather|Sandstorm|[upkeep]
|-damage|p1a: Ogerpon|39/100|[from] Sandstorm
|-damage|p1a: Ogerpon|26/100|[from] Salt Cure
|upkeep
|
|t:|1779604793
|switch|p2a: ExGon'SpinIntoYa|Excadrill, M|100/100
|-damage|p2a: ExGon'SpinIntoYa|97/100|[from] Stealth Rock
|turn|32
|
|t:|1779604797
|move|p2a: ExGon'SpinIntoYa|Earthquake|p1a: Ogerpon
|-resisted|p1a: Ogerpon
|-damage|p1a: Ogerpon|0 fnt
|faint|p1a: Ogerpon
|detailschange|p1: Ogerpon|Ogerpon, F|[silent]
|
|-weather|Sandstorm|[upkeep]
|-heal|p2a: ExGon'SpinIntoYa|100/100|[from] item: Leftovers
|upkeep
|
|t:|1779604801
|switch|p1a: Umbreon|Umbreon, M|74/100
|-damage|p1a: Umbreon|62/100|[from] Stealth Rock
|turn|33
|
|t:|1779604803
|move|p2a: ExGon'SpinIntoYa|Substitute|p2a: ExGon'SpinIntoYa
|-start|p2a: ExGon'SpinIntoYa|Substitute
|-damage|p2a: ExGon'SpinIntoYa|76/100
|move|p1a: Umbreon|Foul Play|p2a: ExGon'SpinIntoYa
|-end|p2a: ExGon'SpinIntoYa|Substitute
|
|-weather|Sandstorm|[upkeep]
|-damage|p1a: Umbreon|56/100|[from] Sandstorm
|-heal|p2a: ExGon'SpinIntoYa|82/100|[from] item: Leftovers
|-heal|p1a: Umbreon|62/100|[from] item: Leftovers
|upkeep
|turn|34
|
|t:|1779604805
|move|p2a: ExGon'SpinIntoYa|Earthquake|p1a: Umbreon
|-damage|p1a: Umbreon|30/100
|move|p1a: Umbreon|Foul Play|p2a: ExGon'SpinIntoYa
|-damage|p2a: ExGon'SpinIntoYa|3/100
|
|-weather|Sandstorm|[upkeep]
|-damage|p1a: Umbreon|24/100|[from] Sandstorm
|-heal|p2a: ExGon'SpinIntoYa|9/100|[from] item: Leftovers
|-heal|p1a: Umbreon|30/100|[from] item: Leftovers
|upkeep
|turn|35
|
|t:|1779604811
|move|p1a: Umbreon|Protect|p1a: Umbreon
|-singleturn|p1a: Umbreon|Protect
|move|p2a: ExGon'SpinIntoYa|Earthquake|p1a: Umbreon
|-activate|p1a: Umbreon|move: Protect
|
|-weather|none
|-heal|p2a: ExGon'SpinIntoYa|15/100|[from] item: Leftovers
|-heal|p1a: Umbreon|36/100|[from] item: Leftovers
|upkeep
|turn|36
|
|t:|1779604815
|move|p2a: ExGon'SpinIntoYa|Earthquake|p1a: Umbreon
|-damage|p1a: Umbreon|6/100
|move|p1a: Umbreon|Foul Play|p2a: ExGon'SpinIntoYa
|-damage|p2a: ExGon'SpinIntoYa|0 fnt
|faint|p2a: ExGon'SpinIntoYa
|
|-heal|p1a: Umbreon|12/100|[from] item: Leftovers
|upkeep
|
|t:|1779604817
|switch|p2a: Alo Cortisol|Alomomola, F|81/100
|-damage|p2a: Alo Cortisol|69/100|[from] Stealth Rock
|turn|37
|-message|PiggLad forfeited.
|
|win|Igoodnamename
|raw|Igoodnamename's rating: 1624 &rarr; <strong>1652</strong><br />(+28 for winning)
|raw|PiggLad's rating: 1779 &rarr; <strong>1751</strong><br />(-28 for losing)
|l|☆PiggLad
|player|p2|
|c|☆Igoodnamename|Ggs
|l|☆Igoodnamename
|player|p1|
