|j|☆sxde
|j|‽aaagislash
|t:|1779620202
|gametype|singles
|player|p1|sxde|ethan|1625
|player|p2|aaagislash|102|1590
|gen|9
|tier|[Gen 9] OU
|rated|
|rule|HP Percentage Mod: HP is shown in percentages
|rule|Endless Battle Clause: Forcing endless battles is banned
|rule|Species Clause: Limit one of each Pokémon
|rule|OHKO Clause: OHKO moves are banned
|rule|Evasion Items Clause: Evasion items are banned
|rule|Evasion Moves Clause: Evasion moves are banned
|rule|Evasion Abilities Clause: Evasion abilities are banned
|rule|Sleep Moves Clause: Sleep-inducing moves are banned
|clearpoke
|poke|p1|Gholdengo|
|poke|p1|Kyurem|
|poke|p1|Hatterene, F|
|poke|p1|Great Tusk|
|poke|p1|Dragonite, F|
|poke|p1|Cinderace, F|
|poke|p2|Zamazenta-*|
|poke|p2|Gastrodon, F|
|poke|p2|Slowking-Galar, F|
|poke|p2|Cetitan, M|
|poke|p2|Dragapult, M|
|poke|p2|Hoopa-Unbound|
|teampreview
|inactive|Battle timer is ON: inactive players will automatically lose when time's up. (requested by aaagislash)
|
|t:|1779620227
|teamsize|p1|6
|teamsize|p2|6
|start
|switch|p1a: Great Tusk|Great Tusk|100/100
|switch|p2a: Gastrodon|Gastrodon, F|100/100
|turn|1
|
|t:|1779620241
|move|p1a: Great Tusk|Headlong Rush|p2a: Gastrodon
|-damage|p2a: Gastrodon|41/100
|-unboost|p1a: Great Tusk|def|1
|-unboost|p1a: Great Tusk|spd|1
|-enditem|p2a: Gastrodon|Red Card|[of] p1a: Great Tusk
|-end|p1a: Great Tusk|Protosynthesis|[silent]
|drag|p1a: Gholdengo|Gholdengo|100/100
|move|p2a: Gastrodon|Surf|p1a: Gholdengo
|-damage|p1a: Gholdengo|50/100
|
|upkeep
|turn|2
|
|t:|1779620258
|switch|p2a: Hoopa|Hoopa-Unbound|100/100
|move|p1a: Gholdengo|Shadow Ball|p2a: Hoopa
|-damage|p2a: Hoopa|75/100
|
|upkeep
|turn|3
|
|t:|1779620270
|switch|p1a: Hatterene|Hatterene, F|100/100
|move|p2a: Hoopa|Psychic|p1a: Hatterene
|-resisted|p1a: Hatterene
|-damage|p1a: Hatterene|77/100
|
|upkeep
|turn|4
|
|t:|1779620280
|switch|p1a: Cinderace|Cinderace, F|100/100
|move|p2a: Hoopa|Knock Off|p1a: Cinderace
|-damage|p1a: Cinderace|15/100
|-enditem|p1a: Cinderace|Choice Band|[from] move: Knock Off|[of] p2a: Hoopa
|
|upkeep
|turn|5
|
|t:|1779620292
|switch|p2a: Slowking|Slowking-Galar, F|100/100
|move|p1a: Cinderace|Pyro Ball|p2a: Slowking
|-damage|p2a: Slowking|47/100
|
|upkeep
|turn|6
|
|t:|1779620308
|switch|p2a: Zamazenta|Zamazenta|100/100
|-ability|p2a: Zamazenta|Dauntless Shield|boost
|-boost|p2a: Zamazenta|def|1
|move|p1a: Cinderace|Pyro Ball|p2a: Zamazenta
|-damage|p2a: Zamazenta|72/100
|
|-heal|p2a: Zamazenta|78/100|[from] item: Leftovers
|upkeep
|turn|7
|
|t:|1779620322
|switch|p1a: Great Tusk|Great Tusk|100/100
|move|p2a: Zamazenta|Body Press|p1a: Great Tusk
|-damage|p1a: Great Tusk|66/100
|
|-heal|p2a: Zamazenta|84/100|[from] item: Leftovers
|upkeep
|turn|8
|
|t:|1779620333
|move|p2a: Zamazenta|Iron Defense|p2a: Zamazenta
|-boost|p2a: Zamazenta|def|2
|move|p1a: Great Tusk|Headlong Rush|p2a: Zamazenta
|-damage|p2a: Zamazenta|63/100
|-unboost|p1a: Great Tusk|def|1
|-unboost|p1a: Great Tusk|spd|1
|
|-heal|p2a: Zamazenta|69/100|[from] item: Leftovers
|upkeep
|turn|9
|
|t:|1779620337
|-end|p1a: Great Tusk|Protosynthesis|[silent]
|switch|p1a: Hatterene|Hatterene, F|77/100
|move|p2a: Zamazenta|Roar|p1a: Hatterene
|move|p1a: Hatterene|Roar|p2a: Zamazenta|[from] ability: Magic Bounce
|drag|p2a: Cetitan|Cetitan, M|100/100
|
|upkeep
|turn|10
|
|t:|1779620347
|switch|p2a: Slowking|Slowking-Galar, F|80/100
|move|p1a: Hatterene|Draining Kiss|p2a: Slowking
|-resisted|p2a: Slowking
|-damage|p2a: Slowking|73/100
|-heal|p1a: Hatterene|84/100|[from] drain|[of] p2a: Slowking
|
|upkeep
|turn|11
|
|t:|1779620352
|move|p1a: Hatterene|Nuzzle|p2a: Slowking
|-damage|p2a: Slowking|70/100
|-status|p2a: Slowking|par
|move|p2a: Slowking|Future Sight|p1a: Hatterene
|-start|p2a: Slowking|move: Future Sight
|
|upkeep
|turn|12
|
|t:|1779620360
|move|p1a: Hatterene|Psychic Noise|p2a: Slowking
|-damage|p2a: Slowking|48/100 par
|-start|p2a: Slowking|move: Heal Block
|move|p2a: Slowking|Sludge Bomb|p1a: Hatterene
|-supereffective|p1a: Hatterene
|-damage|p1a: Hatterene|12/100
|
|upkeep
|turn|13
|
|t:|1779620368
|move|p1a: Hatterene|Pain Split|p2a: Slowking
|-sethp|p2a: Slowking|29/100 par|[from] move: Pain Split|[silent]
|-sethp|p1a: Hatterene|36/100|[from] move: Pain Split
|-prepare|p2a: Slowking|Chilly Reception|[premajor]
|move|p2a: Slowking|Chilly Reception|p2a: Slowking
|-weather|Snowscape
|j| foxi4
|
|t:|1779620389
|switch|p2a: Dragapult|Dragapult, M|100/100|[from] Chilly Reception
|
|-weather|Snowscape|[upkeep]
|-end|p1a: Hatterene|move: Future Sight
|-resisted|p1a: Hatterene
|-damage|p1a: Hatterene|11/100
|upkeep
|turn|14
|
|t:|1779620417
|move|p2a: Dragapult|Shadow Ball|p1a: Hatterene
|-supereffective|p1a: Hatterene
|-damage|p1a: Hatterene|0 fnt
|faint|p1a: Hatterene
|
|-weather|Snowscape|[upkeep]
|upkeep
|inactive|sxde has 120 seconds left.
|inactive|sxde has 90 seconds left.
|
|t:|1779620473
|switch|p1a: Kyurem|Kyurem|100/100
|-ability|p1a: Kyurem|Pressure
|turn|15
|
|t:|1779620498
|move|p2a: Dragapult|Dragon Pulse|p1a: Kyurem
|-supereffective|p1a: Kyurem
|-damage|p1a: Kyurem|53/100
|move|p1a: Kyurem|Ice Beam|p2a: Dragapult
|-supereffective|p2a: Dragapult
|-damage|p2a: Dragapult|0 fnt
|faint|p2a: Dragapult
|
|-weather|Snowscape|[upkeep]
|upkeep
|
|t:|1779620510
|switch|p2a: Hoopa|Hoopa-Unbound|75/100
|turn|16
|inactive|sxde has 90 seconds left.
|
|t:|1779620517
|move|p1a: Kyurem|Ice Beam|p2a: Hoopa
|-damage|p2a: Hoopa|47/100
|-status|p2a: Hoopa|frz
|cant|p2a: Hoopa|frz
|
|-weather|Snowscape|[upkeep]
|upkeep
|turn|17
|
|t:|1779620524
|move|p1a: Kyurem|Ice Beam|p2a: Hoopa
|-damage|p2a: Hoopa|22/100 frz
|-curestatus|p2a: Hoopa|frz|[msg]
|move|p2a: Hoopa|Drain Punch|p1a: Kyurem
|-supereffective|p1a: Kyurem
|-damage|p1a: Kyurem|22/100
|-heal|p2a: Hoopa|40/100|[from] drain|[of] p1a: Kyurem
|
|-weather|none
|upkeep
|turn|18
|
|t:|1779620530
|move|p1a: Kyurem|Ice Beam|p2a: Hoopa
|-damage|p2a: Hoopa|14/100
|move|p2a: Hoopa|Psychic|p1a: Kyurem
|-damage|p1a: Kyurem|0 fnt
|faint|p1a: Kyurem
|
|upkeep
|
|t:|1779620535
|switch|p1a: Cinderace|Cinderace, F|15/100
|turn|19
|
|t:|1779620542
|switch|p2a: Zamazenta|Zamazenta|69/100
|move|p1a: Cinderace|Pyro Ball|p2a: Zamazenta|[miss]
|-miss|p1a: Cinderace|p2a: Zamazenta
|
|-heal|p2a: Zamazenta|75/100|[from] item: Leftovers
|upkeep
|turn|20
|
|t:|1779620548
|move|p2a: Zamazenta|Body Press|p1a: Cinderace
|-damage|p1a: Cinderace|0 fnt
|faint|p1a: Cinderace
|
|-heal|p2a: Zamazenta|81/100|[from] item: Leftovers
|upkeep
|
|t:|1779620551
|switch|p1a: Gholdengo|Gholdengo|50/100
|turn|21
|
|t:|1779620554
|switch|p2a: Hoopa|Hoopa-Unbound|14/100
|move|p1a: Gholdengo|Shadow Ball|p2a: Hoopa
|-damage|p2a: Hoopa|0 fnt
|faint|p2a: Hoopa
|
|upkeep
|
|t:|1779620560
|switch|p2a: Cetitan|Cetitan, M|100/100
|turn|22
|
|t:|1779620577
|move|p1a: Gholdengo|Shadow Ball|p2a: Cetitan
|-damage|p2a: Cetitan|56/100
|move|p2a: Cetitan|Knock Off|p1a: Gholdengo
|-supereffective|p1a: Gholdengo
|-damage|p1a: Gholdengo|0 fnt
|-enditem|p1a: Gholdengo|Choice Scarf|[from] move: Knock Off|[of] p2a: Cetitan
|faint|p1a: Gholdengo
|
|upkeep
|
|t:|1779620580
|switch|p1a: Great Tusk|Great Tusk|66/100
|turn|23
|
|t:|1779620582
|move|p1a: Great Tusk|Headlong Rush|p2a: Cetitan
|-damage|p2a: Cetitan|0 fnt
|-unboost|p1a: Great Tusk|def|1
|-unboost|p1a: Great Tusk|spd|1
|faint|p2a: Cetitan
|
|upkeep
|
|t:|1779620586
|switch|p2a: Zamazenta|Zamazenta|81/100
|turn|24
|l| foxi4
|inactive|sxde has 120 seconds left.
|
|t:|1779620620
|-end|p1a: Great Tusk|Protosynthesis|[silent]
|switch|p1a: Dragonite|Dragonite, F|100/100
|move|p2a: Zamazenta|Iron Defense|p2a: Zamazenta
|-boost|p2a: Zamazenta|def|2
|
|-heal|p2a: Zamazenta|88/100|[from] item: Leftovers
|upkeep
|turn|25
|
|t:|1779620631
|move|p2a: Zamazenta|Body Press|p1a: Dragonite
|-resisted|p1a: Dragonite
|-damage|p1a: Dragonite|85/100
|move|p1a: Dragonite|Dragon Dance|p1a: Dragonite
|-boost|p1a: Dragonite|atk|1
|-boost|p1a: Dragonite|spe|1
|
|-heal|p2a: Zamazenta|94/100|[from] item: Leftovers
|upkeep
|turn|26
|
|t:|1779620638
|move|p1a: Dragonite|Dragon Dance|p1a: Dragonite
|-boost|p1a: Dragonite|atk|1
|-boost|p1a: Dragonite|spe|1
|move|p2a: Zamazenta|Roar|p1a: Dragonite
|drag|p1a: Great Tusk|Great Tusk|66/100
|
|-heal|p2a: Zamazenta|99/100|[from] item: Leftovers
|upkeep
|turn|27
|-message|sxde forfeited.
|
|win|aaagislash
|raw|sxde's rating: 1625 &rarr; <strong>1603</strong><br />(-22 for losing)
|raw|aaagislash's rating: 1590 &rarr; <strong>1612</strong><br />(+22 for winning)
|l|☆sxde
|player|p1|
|l|‽aaagislash
|player|p2|
