|j|☆ghostninja77
|j|☆abhii.g
|t:|1779668734
|gametype|singles
|player|p1|ghostninja77|red|1503
|player|p2|abhii.g|benga|1518
|gen|9
|tier|[Gen 9] OU
|rated|
|rule|HP Percentage Mod: HP is shown in percentages
|rule|Endless Battle Clause: Forcing endless battles is banned
|rule|Species Clause: Limit one of each Pokémon
|rule|OHKO Clause: OHKO moves are banned
|rule|Evasion Items Clause: Evasion items are banned
|rule|Evasion Moves Clause: Evasion moves are banned
|rule|Evasion Abilities Clause: Evasion abilities are banned
|rule|Sleep Moves Clause: Sleep-inducing moves are banned
|clearpoke
|poke|p1|Weezing-Galar, M|
|poke|p1|Alomomola, M|
|poke|p1|Iron Treads|
|poke|p1|Tornadus-Therian, M|
|poke|p1|Zamazenta-*|
|poke|p1|Lokix, F|
|poke|p2|Raging Bolt|
|poke|p2|Alomomola, M|
|poke|p2|Hatterene, F|
|poke|p2|Lokix, M|
|poke|p2|Great Tusk|
|poke|p2|Heatran, M|
|teampreview
|inactive|Battle timer is ON: inactive players will automatically lose when time's up. (requested by abhii.g)
|
|t:|1779668760
|teamsize|p1|6
|teamsize|p2|6
|start
|switch|p1a: Alomomola|Alomomola, M|100/100
|switch|p2a: Lokix|Lokix, M, shiny|100/100
|turn|1
|
|t:|1779668772
|move|p2a: Lokix|U-turn|p1a: Alomomola
|-damage|p1a: Alomomola|67/100
|-damage|p2a: Lokix|84/100|[from] item: Rocky Helmet|[of] p1a: Alomomola
|
|t:|1779668779
|switch|p2a: U dropping neck?|Raging Bolt|100/100|[from] U-turn
|move|p1a: Alomomola|Flip Turn|p2a: U dropping neck?
|-resisted|p2a: U dropping neck?
|-damage|p2a: U dropping neck?|93/100
|
|t:|1779668785
|switch|p1a: Iron Treads|Iron Treads|100/100|[from] Flip Turn
|
|upkeep
|turn|2
|
|t:|1779668791
|-end|p2a: U dropping neck?|Protosynthesis|[silent]
|switch|p2a: Manfred|Great Tusk|100/100
|move|p1a: Iron Treads|Earthquake|p2a: Manfred
|-damage|p2a: Manfred|73/100
|
|upkeep
|turn|3
|
|t:|1779668812
|-end|p1a: Iron Treads|Quark Drive|[silent]
|switch|p1a: Alomomola|Alomomola, M|99/100
|move|p2a: Manfred|Close Combat|p1a: Alomomola
|-damage|p1a: Alomomola|64/100
|-unboost|p2a: Manfred|def|1
|-unboost|p2a: Manfred|spd|1
|-damage|p2a: Manfred|56/100|[from] item: Rocky Helmet|[of] p1a: Alomomola
|
|upkeep
|turn|4
|
|t:|1779668821
|-end|p2a: Manfred|Protosynthesis|[silent]
|switch|p2a: Heatran|Heatran, M|100/100
|move|p1a: Alomomola|Flip Turn|p2a: Heatran
|-supereffective|p2a: Heatran
|-damage|p2a: Heatran|77/100
|
|t:|1779668826
|switch|p1a: Iron Treads|Iron Treads|100/100|[from] Flip Turn
|
|-heal|p2a: Heatran|83/100|[from] item: Leftovers
|upkeep
|turn|5
|j| KaizerVermilian
|
|t:|1779668837
|switch|p2a: Luvdisk|Alomomola, M|100/100
|move|p1a: Iron Treads|Earthquake|p2a: Luvdisk
|-damage|p2a: Luvdisk|75/100
|-enditem|p2a: Luvdisk|Eject Button
|
|t:|1779668843
|switch|p2a: Lokix|Lokix, M, shiny|84/100
|
|upkeep
|turn|6
|
|t:|1779668848
|-end|p1a: Iron Treads|Quark Drive|[silent]
|switch|p1a: Alomomola|Alomomola, M|97/100
|move|p2a: Lokix|Knock Off|p1a: Alomomola
|-damage|p1a: Alomomola|58/100
|-damage|p2a: Lokix|68/100|[from] item: Rocky Helmet|[of] p1a: Alomomola
|-enditem|p1a: Alomomola|Rocky Helmet|[from] move: Knock Off|[of] p2a: Lokix
|
|upkeep
|turn|7
|
|t:|1779668854
|switch|p2a: U dropping neck?|Raging Bolt|93/100
|move|p1a: Alomomola|Flip Turn|p2a: U dropping neck?
|-resisted|p2a: U dropping neck?
|-damage|p2a: U dropping neck?|85/100
|
|t:|1779668859
|switch|p1a: Iron Treads|Iron Treads|100/100|[from] Flip Turn
|
|upkeep
|turn|8
|
|t:|1779668866
|-end|p2a: U dropping neck?|Protosynthesis|[silent]
|switch|p2a: Luvdisk|Alomomola, M|100/100
|move|p1a: Iron Treads|Earthquake|p2a: Luvdisk
|-damage|p2a: Luvdisk|74/100
|
|upkeep
|turn|9
|
|t:|1779668881
|-end|p1a: Iron Treads|Quark Drive|[silent]
|switch|p1a: Weezing|Weezing-Galar, M|100/100
|-ability|p1a: Weezing|Neutralizing Gas
|move|p2a: Luvdisk|Wish|p2a: Luvdisk
|
|upkeep
|turn|10
|
|t:|1779668890
|switch|p2a: Heatran|Heatran, M|83/100
|move|p1a: Weezing|Protect||[still]
|-fail|p1a: Weezing
|
|-heal|p2a: Heatran|100/100|[from] move: Wish|[wisher] Luvdisk
|upkeep
|turn|11
|
|t:|1779668907
|-end|p1a: Weezing|ability: Neutralizing Gas
|switch|p1a: Alomomola|Alomomola, M|91/100
|move|p2a: Heatran|Stealth Rock|p1a: Alomomola
|-sidestart|p1: ghostninja77|move: Stealth Rock
|
|upkeep
|turn|12
|
|t:|1779668915
|switch|p2a: Luvdisk|Alomomola, M|74/100
|move|p1a: Alomomola|Flip Turn|p2a: Luvdisk
|-resisted|p2a: Luvdisk
|-damage|p2a: Luvdisk|70/100
|
|t:|1779668927
|switch|p1a: Weezing|Weezing-Galar, M|100/100|[from] Flip Turn
|-ability|p1a: Weezing|Neutralizing Gas
|-damage|p1a: Weezing|88/100|[from] Stealth Rock
|
|-heal|p1a: Weezing|94/100|[from] item: Leftovers
|upkeep
|turn|13
|
|t:|1779668933
|move|p1a: Weezing|Defog|p2a: Luvdisk
|-unboost|p2a: Luvdisk|evasion|1
|-sideend|p1: ghostninja77|Stealth Rock|[from] move: Defog|[of] p1a: Weezing
|move|p2a: Luvdisk|Flip Turn|p1a: Weezing
|-damage|p1a: Weezing|83/100
|
|t:|1779668938
|switch|p2a: Heatran|Heatran, M|100/100|[from] Flip Turn
|
|-heal|p1a: Weezing|89/100|[from] item: Leftovers
|upkeep
|turn|14
|
|t:|1779668943
|-end|p1a: Weezing|ability: Neutralizing Gas
|switch|p1a: Iron Treads|Iron Treads|100/100
|move|p2a: Heatran|Stealth Rock|p1a: Iron Treads
|-sidestart|p1: ghostninja77|move: Stealth Rock
|
|upkeep
|turn|15
|
|t:|1779668950
|switch|p2a: Luvdisk|Alomomola, M|70/100
|move|p1a: Iron Treads|Earthquake|p2a: Luvdisk
|-damage|p2a: Luvdisk|46/100
|
|upkeep
|turn|16
|
|t:|1779668955
|move|p1a: Iron Treads|Stealth Rock|p2a: Luvdisk
|-sidestart|p2: abhii.g|move: Stealth Rock
|move|p2a: Luvdisk|Wish|p2a: Luvdisk
|
|upkeep
|turn|17
|
|t:|1779668960
|move|p1a: Iron Treads|Rapid Spin|p2a: Luvdisk
|-damage|p2a: Luvdisk|38/100
|-boost|p1a: Iron Treads|spe|1
|-sideend|p1: ghostninja77|Stealth Rock|[from] move: Rapid Spin|[of] p1a: Iron Treads
|move|p2a: Luvdisk|Tickle|p1a: Iron Treads
|-unboost|p1a: Iron Treads|atk|1
|-unboost|p1a: Iron Treads|def|1
|
|-heal|p2a: Luvdisk|88/100|[from] move: Wish|[wisher] Luvdisk
|upkeep
|turn|18
|
|t:|1779668970
|-end|p1a: Iron Treads|Quark Drive|[silent]
|switch|p1a: Alomomola|Alomomola, M|100/100
|move|p2a: Luvdisk|Wish|p2a: Luvdisk
|
|upkeep
|turn|19
|
|t:|1779668980
|move|p2a: Luvdisk|Flip Turn|p1a: Alomomola
|-resisted|p1a: Alomomola
|-damage|p1a: Alomomola|95/100
|
|t:|1779668985
|switch|p2a: U dropping neck?|Raging Bolt|85/100|[from] Flip Turn
|-damage|p2a: U dropping neck?|73/100|[from] Stealth Rock
|move|p1a: Alomomola|Flip Turn|p2a: U dropping neck?
|-resisted|p2a: U dropping neck?
|-damage|p2a: U dropping neck?|65/100
|
|t:|1779668991
|switch|p1a: Iron Treads|Iron Treads|100/100|[from] Flip Turn
|
|-heal|p2a: U dropping neck?|100/100|[from] move: Wish|[wisher] Luvdisk
|upkeep
|turn|20
|
|t:|1779668995
|-end|p2a: U dropping neck?|Protosynthesis|[silent]
|switch|p2a: Luvdisk|Alomomola, M|100/100
|-damage|p2a: Luvdisk|88/100|[from] Stealth Rock
|move|p1a: Iron Treads|Earthquake|p2a: Luvdisk
|-damage|p2a: Luvdisk|65/100
|
|upkeep
|turn|21
|
|t:|1779669013
|move|p1a: Iron Treads|Earthquake|p2a: Luvdisk
|-damage|p2a: Luvdisk|40/100
|move|p2a: Luvdisk|Wish|p2a: Luvdisk
|
|upkeep
|turn|22
|
|t:|1779669028
|-end|p1a: Iron Treads|Quark Drive|[silent]
|switch|p1a: Alomomola|Alomomola, M|100/100
|move|p2a: Luvdisk|Tickle|p1a: Alomomola
|-unboost|p1a: Alomomola|atk|1
|-unboost|p1a: Alomomola|def|1
|
|-heal|p2a: Luvdisk|90/100|[from] move: Wish|[wisher] Luvdisk
|upkeep
|turn|23
|
|t:|1779669033
|move|p2a: Luvdisk|Wish|p2a: Luvdisk
|move|p1a: Alomomola|Flip Turn|p2a: Luvdisk
|-resisted|p2a: Luvdisk
|-damage|p2a: Luvdisk|87/100
|
|t:|1779669040
|switch|p1a: Tornadus|Tornadus-Therian, M|100/100|[from] Flip Turn
|
|upkeep
|turn|24
|
|t:|1779669045
|move|p1a: Tornadus|Bleakwind Storm|p2a: Luvdisk
|-damage|p2a: Luvdisk|56/100
|move|p2a: Luvdisk|Flip Turn|p1a: Tornadus
|-damage|p1a: Tornadus|82/100
|
|t:|1779669052
|switch|p2a: Manfred|Great Tusk|56/100|[from] Flip Turn
|-damage|p2a: Manfred|53/100|[from] Stealth Rock
|
|-heal|p2a: Manfred|100/100|[from] move: Wish|[wisher] Luvdisk
|upkeep
|turn|25
|
|t:|1779669060
|-end|p2a: Manfred|Protosynthesis|[silent]
|switch|p2a: Heatran|Heatran, M|100/100
|-damage|p2a: Heatran|88/100|[from] Stealth Rock
|move|p1a: Tornadus|U-turn|p2a: Heatran
|-resisted|p2a: Heatran
|-damage|p2a: Heatran|85/100
|
|t:|1779669069
|switch|p1a: Zamazenta|Zamazenta|100/100|[from] U-turn
|-ability|p1a: Zamazenta|Dauntless Shield|boost
|-boost|p1a: Zamazenta|def|1
|
|-heal|p2a: Heatran|92/100|[from] item: Leftovers
|upkeep
|turn|26
|
|t:|1779669075
|switch|p2a: Gyatterene|Hatterene, F, shiny|100/100
|-damage|p2a: Gyatterene|88/100|[from] Stealth Rock
|move|p1a: Zamazenta|Close Combat|p2a: Gyatterene
|-resisted|p2a: Gyatterene
|-damage|p2a: Gyatterene|63/100
|-unboost|p1a: Zamazenta|def|1
|-unboost|p1a: Zamazenta|spd|1
|
|upkeep
|turn|27
|
|t:|1779669091
|switch|p1a: Iron Treads|Iron Treads|100/100
|move|p2a: Gyatterene|Future Sight|p1a: Iron Treads
|-start|p2a: Gyatterene|move: Future Sight
|
|upkeep
|turn|28
|
|t:|1779669102
|switch|p2a: Luvdisk|Alomomola, M|89/100
|-damage|p2a: Luvdisk|77/100|[from] Stealth Rock
|move|p1a: Iron Treads|Earthquake|p2a: Luvdisk
|-damage|p2a: Luvdisk|53/100
|
|upkeep
|turn|29
|
|t:|1779669110
|move|p1a: Iron Treads|Earthquake|p2a: Luvdisk
|-damage|p2a: Luvdisk|30/100
|move|p2a: Luvdisk|Wish|p2a: Luvdisk
|
|-end|p1a: Iron Treads|move: Future Sight
|-resisted|p1a: Iron Treads
|-damage|p1a: Iron Treads|68/100
|-heal|p1a: Iron Treads|74/100|[from] item: Leftovers
|upkeep
|turn|30
|
|t:|1779669140
|-end|p1a: Iron Treads|Quark Drive|[silent]
|switch|p1a: Lokix|Lokix, F|100/100
|move|p2a: Luvdisk|Protect||[still]
|-fail|p2a: Luvdisk
|
|-heal|p2a: Luvdisk|80/100|[from] move: Wish|[wisher] Luvdisk
|upkeep
|turn|31
|
|t:|1779669145
|move|p2a: Luvdisk|Protect|p2a: Luvdisk
|-singleturn|p2a: Luvdisk|Protect
|move|p1a: Lokix|U-turn|p2a: Luvdisk
|-activate|p2a: Luvdisk|move: Protect
|
|upkeep
|turn|32
|
|t:|1779669153
|switch|p2a: Heatran|Heatran, M|92/100
|-damage|p2a: Heatran|79/100|[from] Stealth Rock
|move|p1a: Lokix|U-turn|p2a: Heatran
|-resisted|p2a: Heatran
|-damage|p2a: Heatran|64/100
|
|t:|1779669164
|switch|p1a: Zamazenta|Zamazenta|100/100|[from] U-turn
|
|-heal|p2a: Heatran|70/100|[from] item: Leftovers
|upkeep
|turn|33
|
|t:|1779669191
|move|p1a: Zamazenta|Close Combat|p2a: Heatran
|-supereffective|p2a: Heatran
|-damage|p2a: Heatran|0 fnt
|-unboost|p1a: Zamazenta|def|1
|-unboost|p1a: Zamazenta|spd|1
|-status|p1a: Zamazenta|brn|[from] ability: Flame Body|[of] p2a: Heatran
|faint|p2a: Heatran
|
|-damage|p1a: Zamazenta|94/100 brn|[from] brn
|upkeep
|
|t:|1779669201
|switch|p2a: Gyatterene|Hatterene, F, shiny|63/100
|-damage|p2a: Gyatterene|51/100|[from] Stealth Rock
|turn|34
|
|t:|1779669209
|switch|p1a: Iron Treads|Iron Treads|74/100
|move|p2a: Gyatterene|Future Sight|p1a: Iron Treads
|-start|p2a: Gyatterene|move: Future Sight
|
|-heal|p1a: Iron Treads|80/100|[from] item: Leftovers
|upkeep
|turn|35
|
|t:|1779669221
|switch|p2a: Luvdisk|Alomomola, M|100/100
|-damage|p2a: Luvdisk|88/100|[from] Stealth Rock
|move|p1a: Iron Treads|Earthquake|p2a: Luvdisk
|-damage|p2a: Luvdisk|64/100
|
|-heal|p1a: Iron Treads|87/100|[from] item: Leftovers
|upkeep
|turn|36
|
|t:|1779669231
|move|p1a: Iron Treads|Earthquake|p2a: Luvdisk
|-damage|p2a: Luvdisk|39/100
|move|p2a: Luvdisk|Flip Turn|p1a: Iron Treads
|-supereffective|p1a: Iron Treads
|-damage|p1a: Iron Treads|61/100
|
|t:|1779669238
|switch|p2a: Gyatterene|Hatterene, F, shiny|51/100|[from] Flip Turn
|-damage|p2a: Gyatterene|39/100|[from] Stealth Rock
|
|-end|p1a: Iron Treads|move: Future Sight
|-resisted|p1a: Iron Treads
|-damage|p1a: Iron Treads|33/100
|-heal|p1a: Iron Treads|39/100|[from] item: Leftovers
|upkeep
|turn|37
|
|t:|1779669244
|switch|p2a: Luvdisk|Alomomola, M|72/100
|-damage|p2a: Luvdisk|60/100|[from] Stealth Rock
|move|p1a: Iron Treads|Earthquake|p2a: Luvdisk
|-damage|p2a: Luvdisk|36/100
|
|-heal|p1a: Iron Treads|45/100|[from] item: Leftovers
|upkeep
|turn|38
|
|t:|1779669254
|-end|p1a: Iron Treads|Quark Drive|[silent]
|switch|p1a: Lokix|Lokix, F|100/100
|move|p2a: Luvdisk|Wish|p2a: Luvdisk
|
|upkeep
|turn|39
|
|t:|1779669268
|move|p2a: Luvdisk|Protect|p2a: Luvdisk
|-singleturn|p2a: Luvdisk|Protect
|move|p1a: Lokix|U-turn|p2a: Luvdisk
|-activate|p2a: Luvdisk|move: Protect
|
|-heal|p2a: Luvdisk|86/100|[from] move: Wish|[wisher] Luvdisk
|upkeep
|turn|40
|
|t:|1779669273
|move|p1a: Lokix|U-turn|p2a: Luvdisk
|-damage|p2a: Luvdisk|57/100
|
|t:|1779669276
|switch|p1a: Alomomola|Alomomola, M|100/100|[from] U-turn
|move|p2a: Luvdisk|Wish|p2a: Luvdisk
|
|upkeep
|turn|41
|
|t:|1779669282
|move|p2a: Luvdisk|Protect|p2a: Luvdisk
|-singleturn|p2a: Luvdisk|Protect
|move|p1a: Alomomola|Wish|p1a: Alomomola
|
|-heal|p2a: Luvdisk|100/100|[from] move: Wish|[wisher] Luvdisk
|upkeep
|turn|42
|
|t:|1779669287
|move|p2a: Luvdisk|Wish|p2a: Luvdisk
|move|p1a: Alomomola|Flip Turn|p2a: Luvdisk
|-resisted|p2a: Luvdisk
|-damage|p2a: Luvdisk|96/100
|
|t:|1779669290
|switch|p1a: Iron Treads|Iron Treads|45/100|[from] Flip Turn
|
|-heal|p1a: Iron Treads|100/100|[from] move: Wish|[wisher] Alomomola
|upkeep
|turn|43
|
|t:|1779669296
|move|p1a: Iron Treads|Earthquake|p2a: Luvdisk
|-crit|p2a: Luvdisk
|-damage|p2a: Luvdisk|57/100
|move|p2a: Luvdisk|Flip Turn|p1a: Iron Treads
|-supereffective|p1a: Iron Treads
|-damage|p1a: Iron Treads|73/100
|
|t:|1779669307
|switch|p2a: Gyatterene|Hatterene, F, shiny|39/100|[from] Flip Turn
|-damage|p2a: Gyatterene|26/100|[from] Stealth Rock
|
|-heal|p2a: Gyatterene|100/100|[from] move: Wish|[wisher] Luvdisk
|-heal|p1a: Iron Treads|79/100|[from] item: Leftovers
|upkeep
|turn|44
|
|t:|1779669318
|switch|p2a: Luvdisk|Alomomola, M|90/100
|-damage|p2a: Luvdisk|78/100|[from] Stealth Rock
|move|p1a: Iron Treads|Earthquake|p2a: Luvdisk
|-damage|p2a: Luvdisk|54/100
|
|-heal|p1a: Iron Treads|85/100|[from] item: Leftovers
|upkeep
|turn|45
|c|☆ghostninja77|bro you have absolutely no clue how to use that team you're on wtf
|c|☆abhii.g|ok
|c|☆ghostninja77|this is not how alomola is supposed to be used
|c|☆abhii.g|ok bro
|inactive|ghostninja77 has 120 seconds left.
|c|☆ghostninja77|you're gonna run out of wishes
|c|☆abhii.g|ok
|c|☆ghostninja77|alright do you bro
|
|t:|1779669356
|move|p1a: Iron Treads|Earthquake|p2a: Luvdisk
|-damage|p2a: Luvdisk|29/100
|move|p2a: Luvdisk|Flip Turn|p1a: Iron Treads
|-supereffective|p1a: Iron Treads
|-damage|p1a: Iron Treads|58/100
|
|t:|1779669361
|switch|p2a: Manfred|Great Tusk|100/100|[from] Flip Turn
|-damage|p2a: Manfred|98/100|[from] Stealth Rock
|
|-heal|p1a: Iron Treads|64/100|[from] item: Leftovers
|upkeep
|turn|46
|
|t:|1779669369
|-end|p1a: Iron Treads|Quark Drive|[silent]
|switch|p1a: Alomomola|Alomomola, M|100/100
|move|p2a: Manfred|Rapid Spin|p1a: Alomomola
|-damage|p1a: Alomomola|91/100
|-boost|p2a: Manfred|spe|1
|-sideend|p2: abhii.g|Stealth Rock|[from] move: Rapid Spin|[of] p2a: Manfred
|
|upkeep
|turn|47
|
|t:|1779669374
|-end|p2a: Manfred|Protosynthesis|[silent]
|switch|p2a: U dropping neck?|Raging Bolt|100/100
|move|p1a: Alomomola|Flip Turn|p2a: U dropping neck?
|-resisted|p2a: U dropping neck?
|-damage|p2a: U dropping neck?|93/100
|
|t:|1779669377
|switch|p1a: Iron Treads|Iron Treads|64/100|[from] Flip Turn
|
|-heal|p1a: Iron Treads|70/100|[from] item: Leftovers
|upkeep
|turn|48
|
|t:|1779669383
|-end|p2a: U dropping neck?|Protosynthesis|[silent]
|switch|p2a: Lokix|Lokix, M, shiny|68/100
|move|p1a: Iron Treads|Earthquake|p2a: Lokix
|-resisted|p2a: Lokix
|-damage|p2a: Lokix|41/100
|
|-heal|p1a: Iron Treads|77/100|[from] item: Leftovers
|upkeep
|turn|49
|
|t:|1779669399
|move|p1a: Iron Treads|Stealth Rock|p2a: Lokix
|-sidestart|p2: abhii.g|move: Stealth Rock
|move|p2a: Lokix|Leech Life|p1a: Iron Treads
|-resisted|p1a: Iron Treads
|-damage|p1a: Iron Treads|27/100
|-heal|p2a: Lokix|72/100|[from] drain|[of] p1a: Iron Treads
|
|-heal|p1a: Iron Treads|33/100|[from] item: Leftovers
|upkeep
|turn|50
|
|t:|1779669407
|-end|p1a: Iron Treads|Quark Drive|[silent]
|switch|p1a: Alomomola|Alomomola, M|100/100
|switch|p2a: Manfred|Great Tusk|98/100
|-damage|p2a: Manfred|95/100|[from] Stealth Rock
|
|upkeep
|turn|51
|
|t:|1779669413
|move|p2a: Manfred|Rapid Spin|p1a: Alomomola
|-damage|p1a: Alomomola|91/100
|-boost|p2a: Manfred|spe|1
|-sideend|p2: abhii.g|Stealth Rock|[from] move: Rapid Spin|[of] p2a: Manfred
|move|p1a: Alomomola|Wish|p1a: Alomomola
|
|upkeep
|turn|52
|
|t:|1779669420
|move|p2a: Manfred|Rapid Spin|p1a: Alomomola
|-damage|p1a: Alomomola|79/100
|-boost|p2a: Manfred|spe|1
|move|p1a: Alomomola|Flip Turn|p2a: Manfred
|-supereffective|p2a: Manfred
|-damage|p2a: Manfred|69/100
|
|t:|1779669425
|switch|p1a: Iron Treads|Iron Treads|33/100|[from] Flip Turn
|
|-heal|p1a: Iron Treads|99/100|[from] move: Wish|[wisher] Alomomola
|-heal|p1a: Iron Treads|100/100|[from] item: Leftovers
|upkeep
|turn|53
|
|t:|1779669439
|-end|p2a: Manfred|Protosynthesis|[silent]
|switch|p2a: Gyatterene|Hatterene, F, shiny|100/100
|-end|p1a: Iron Treads|Quark Drive|[silent]
|switch|p1a: Tornadus|Tornadus-Therian, M|100/100
|
|upkeep
|turn|54
|
|t:|1779669451
|move|p1a: Tornadus|Knock Off|p2a: Gyatterene
|-crit|p2a: Gyatterene
|-damage|p2a: Gyatterene|67/100
|-enditem|p2a: Gyatterene|Assault Vest|[from] move: Knock Off|[of] p1a: Tornadus
|move|p2a: Gyatterene|Future Sight|p1a: Tornadus
|-start|p2a: Gyatterene|move: Future Sight
|
|upkeep
|turn|55
|
|t:|1779669458
|move|p1a: Tornadus|U-turn|p2a: Gyatterene
|-damage|p2a: Gyatterene|51/100
|
|t:|1779669461
|switch|p1a: Iron Treads|Iron Treads|100/100|[from] U-turn
|move|p2a: Gyatterene|Nuzzle|p1a: Iron Treads
|-immune|p1a: Iron Treads
|
|upkeep
|turn|56
|
|t:|1779669474
|switch|p2a: Manfred|Great Tusk|69/100
|move|p1a: Iron Treads|Rapid Spin|p2a: Manfred
|-damage|p2a: Manfred|60/100
|-boost|p1a: Iron Treads|spe|1
|
|-end|p1a: Iron Treads|move: Future Sight
|-resisted|p1a: Iron Treads
|-damage|p1a: Iron Treads|69/100
|-heal|p1a: Iron Treads|75/100|[from] item: Leftovers
|upkeep
|turn|57
|inactive|ghostninja77 has 120 seconds left.
|inactive|ghostninja77 has 90 seconds left.
|
|t:|1779669542
|move|p1a: Iron Treads|Ice Spinner|p2a: Manfred
|-supereffective|p2a: Manfred
|-damage|p2a: Manfred|28/100
|move|p2a: Manfred|Rapid Spin|p1a: Iron Treads
|-resisted|p1a: Iron Treads
|-damage|p1a: Iron Treads|68/100
|-boost|p2a: Manfred|spe|1
|
|-heal|p1a: Iron Treads|74/100|[from] item: Leftovers
|upkeep
|turn|58
|inactive|ghostninja77 has 90 seconds left.
|
|t:|1779669560
|-end|p2a: Manfred|Protosynthesis|[silent]
|switch|p2a: Luvdisk|Alomomola, M|63/100
|move|p1a: Iron Treads|Earthquake|p2a: Luvdisk
|-damage|p2a: Luvdisk|38/100
|
|-heal|p1a: Iron Treads|80/100|[from] item: Leftovers
|upkeep
|turn|59
|
|t:|1779669567
|switch|p2a: Gyatterene|Hatterene, F, shiny|51/100
|move|p1a: Iron Treads|Stealth Rock|p2a: Gyatterene
|move|p2a: Gyatterene|Stealth Rock|p1a: Iron Treads|[from] ability: Magic Bounce
|-sidestart|p1: ghostninja77|move: Stealth Rock
|
|-heal|p1a: Iron Treads|86/100|[from] item: Leftovers
|upkeep
|turn|60
|
|t:|1779669578
|move|p1a: Iron Treads|Rapid Spin|p2a: Gyatterene
|-damage|p2a: Gyatterene|35/100
|-boost|p1a: Iron Treads|spe|1
|-sideend|p1: ghostninja77|Stealth Rock|[from] move: Rapid Spin|[of] p1a: Iron Treads
|move|p2a: Gyatterene|Future Sight|p1a: Iron Treads
|-start|p2a: Gyatterene|move: Future Sight
|
|-heal|p1a: Iron Treads|92/100|[from] item: Leftovers
|upkeep
|turn|61
|
|t:|1779669590
|move|p1a: Iron Treads|Stealth Rock|p2a: Gyatterene
|move|p2a: Gyatterene|Stealth Rock|p1a: Iron Treads|[from] ability: Magic Bounce
|-sidestart|p1: ghostninja77|move: Stealth Rock
|move|p2a: Gyatterene|Psychic Noise|p1a: Iron Treads
|-resisted|p1a: Iron Treads
|-damage|p1a: Iron Treads|74/100
|-start|p1a: Iron Treads|move: Heal Block
|
|upkeep
|turn|62
|
|t:|1779669599
|move|p1a: Iron Treads|Rapid Spin|p2a: Gyatterene
|-damage|p2a: Gyatterene|20/100
|-boost|p1a: Iron Treads|spe|1
|-sideend|p1: ghostninja77|Stealth Rock|[from] move: Rapid Spin|[of] p1a: Iron Treads
|move|p2a: Gyatterene|Psychic Noise|p1a: Iron Treads
|-resisted|p1a: Iron Treads
|-damage|p1a: Iron Treads|55/100
|
|-end|p1a: Iron Treads|move: Future Sight
|-resisted|p1a: Iron Treads
|-damage|p1a: Iron Treads|27/100
|-end|p1a: Iron Treads|move: Heal Block
|upkeep
|turn|63
|inactive|ghostninja77 has 90 seconds left.
|
|t:|1779669625
|-end|p1a: Iron Treads|Quark Drive|[silent]
|switch|p1a: Tornadus|Tornadus-Therian, M|100/100
|move|p2a: Gyatterene|Future Sight|p1a: Tornadus
|-start|p2a: Gyatterene|move: Future Sight
|
|upkeep
|turn|64
|
|t:|1779669633
|switch|p2a: U dropping neck?|Raging Bolt|93/100
|move|p1a: Tornadus|U-turn|p2a: U dropping neck?
|-damage|p2a: U dropping neck?|80/100
|inactive|ghostninja77 has 90 seconds left.
|
|t:|1779669650
|switch|p1a: Iron Treads|Iron Treads|27/100|[from] U-turn
|
|-heal|p1a: Iron Treads|33/100|[from] item: Leftovers
|upkeep
|turn|65
|inactive|ghostninja77 has 90 seconds left.
|
|t:|1779669666
|move|p2a: U dropping neck?|Draco Meteor|p1a: Iron Treads|[miss]
|-miss|p2a: U dropping neck?|p1a: Iron Treads
|move|p1a: Iron Treads|Ice Spinner|p2a: U dropping neck?
|-supereffective|p2a: U dropping neck?
|-damage|p2a: U dropping neck?|38/100
|
|-end|p1a: Iron Treads|move: Future Sight
|-resisted|p1a: Iron Treads
|-damage|p1a: Iron Treads|0 fnt
|faint|p1a: Iron Treads
|-end|p1a: Iron Treads|Quark Drive|[silent]
|upkeep
|inactive|ghostninja77 has 90 seconds left.
|
|t:|1779669676
|switch|p1a: Weezing|Weezing-Galar, M|89/100
|-ability|p1a: Weezing|Neutralizing Gas
|turn|66
|
|t:|1779669682
|-end|p2a: U dropping neck?|Protosynthesis|[silent]
|switch|p2a: Gyatterene|Hatterene, F, shiny|20/100
|move|p1a: Weezing|Toxic|p2a: Gyatterene
|-status|p2a: Gyatterene|tox
|
|-heal|p1a: Weezing|95/100|[from] item: Leftovers
|-damage|p2a: Gyatterene|14/100 tox|[from] psn
|upkeep
|turn|67
|
|t:|1779669690
|move|p1a: Weezing|Protect|p1a: Weezing
|-singleturn|p1a: Weezing|Protect
|move|p2a: Gyatterene|Future Sight|p1a: Weezing
|-start|p2a: Gyatterene|move: Future Sight
|
|-heal|p1a: Weezing|100/100|[from] item: Leftovers
|-damage|p2a: Gyatterene|2/100 tox|[from] psn
|upkeep
|turn|68
|
|t:|1779669702
|-end|p1a: Weezing|ability: Neutralizing Gas
|switch|p1a: Alomomola|Alomomola, M|100/100
|move|p2a: Gyatterene|Draining Kiss|p1a: Alomomola
|-damage|p1a: Alomomola|81/100
|-heal|p2a: Gyatterene|24/100 tox|[from] drain|[of] p1a: Alomomola
|
|-damage|p2a: Gyatterene|6/100 tox|[from] psn
|upkeep
|turn|69
|
|t:|1779669713
|move|p1a: Alomomola|Flip Turn|p2a: Gyatterene
|-damage|p2a: Gyatterene|0 fnt
|faint|p2a: Gyatterene
|
|t:|1779669715
|switch|p1a: Lokix|Lokix, F|100/100|[from] Flip Turn
|
|-end|p1a: Lokix|move: Future Sight
|-immune|p1a: Lokix
|upkeep
|
|t:|1779669721
|switch|p2a: Lokix|Lokix, M, shiny|72/100
|turn|70
|inactive|ghostninja77 has 120 seconds left.
|
|t:|1779669736
|switch|p1a: Weezing|Weezing-Galar, M|100/100
|-ability|p1a: Weezing|Neutralizing Gas
|move|p2a: Lokix|U-turn|p1a: Weezing
|-resisted|p1a: Weezing
|-damage|p1a: Weezing|93/100
|
|t:|1779669742
|switch|p2a: U dropping neck?|Raging Bolt|38/100|[from] U-turn
|
|-heal|p1a: Weezing|99/100|[from] item: Leftovers
|upkeep
|turn|71
|inactive|ghostninja77 has 120 seconds left.
|
|t:|1779669754
|move|p1a: Weezing|Protect|p1a: Weezing
|-singleturn|p1a: Weezing|Protect
|move|p2a: U dropping neck?|Volt Switch|p1a: Weezing
|-activate|p1a: Weezing|move: Protect
|
|-heal|p1a: Weezing|100/100|[from] item: Leftovers
|upkeep
|turn|72
|inactive|ghostninja77 has 120 seconds left.
|
|t:|1779669765
|move|p2a: U dropping neck?|Volt Switch|p1a: Weezing
|-damage|p1a: Weezing|47/100
|
|t:|1779669768
|-end|p2a: U dropping neck?|Protosynthesis|[silent]
|switch|p2a: Manfred|Great Tusk|28/100|[from] Volt Switch
|move|p1a: Weezing|Toxic|p2a: Manfred
|-status|p2a: Manfred|tox
|
|-heal|p1a: Weezing|53/100|[from] item: Leftovers
|-damage|p2a: Manfred|22/100 tox|[from] psn
|upkeep
|turn|73
|
|t:|1779669778
|-end|p2a: Manfred|Protosynthesis|[silent]
|switch|p2a: U dropping neck?|Raging Bolt|38/100
|move|p1a: Weezing|Protect||[still]
|-fail|p1a: Weezing
|
|-heal|p1a: Weezing|59/100|[from] item: Leftovers
|upkeep
|turn|74
|
|t:|1779669785
|move|p1a: Weezing|Protect|p1a: Weezing
|-singleturn|p1a: Weezing|Protect
|move|p2a: U dropping neck?|Volt Switch|p1a: Weezing
|-activate|p1a: Weezing|move: Protect
|
|-heal|p1a: Weezing|65/100|[from] item: Leftovers
|upkeep
|turn|75
|
|t:|1779669793
|move|p2a: U dropping neck?|Volt Switch|p1a: Weezing
|-damage|p1a: Weezing|16/100
|
|t:|1779669796
|-end|p2a: U dropping neck?|Protosynthesis|[silent]
|switch|p2a: Manfred|Great Tusk|22/100 tox|[from] Volt Switch
|move|p1a: Weezing|Toxic|p2a: Manfred
|-fail|p2a: Manfred|tox
|
|-heal|p1a: Weezing|22/100|[from] item: Leftovers
|-damage|p2a: Manfred|15/100 tox|[from] psn
|upkeep
|turn|76
|inactive|ghostninja77 has 120 seconds left.
|
|t:|1779669830
|move|p1a: Weezing|Protect|p1a: Weezing
|-singleturn|p1a: Weezing|Protect
|move|p2a: Manfred|Headlong Rush|p1a: Weezing
|-activate|p1a: Weezing|move: Protect
|
|-heal|p1a: Weezing|28/100|[from] item: Leftovers
|-damage|p2a: Manfred|3/100 tox|[from] psn
|upkeep
|turn|77
|
|t:|1779669838
|-end|p1a: Weezing|ability: Neutralizing Gas
|switch|p1a: Tornadus|Tornadus-Therian, M|100/100
|move|p2a: Manfred|Close Combat|p1a: Tornadus
|-resisted|p1a: Tornadus
|-damage|p1a: Tornadus|65/100
|-unboost|p2a: Manfred|def|1
|-unboost|p2a: Manfred|spd|1
|
|-damage|p2a: Manfred|0 fnt|[from] psn
|faint|p2a: Manfred
|-end|p2a: Manfred|Protosynthesis|[silent]
|upkeep
|
|t:|1779669845
|switch|p2a: U dropping neck?|Raging Bolt|38/100
|turn|78
|
|t:|1779669862
|switch|p1a: Zamazenta|Zamazenta|94/100 brn
|move|p2a: U dropping neck?|Volt Switch|p1a: Zamazenta
|-damage|p1a: Zamazenta|56/100 brn
|
|t:|1779669867
|-end|p2a: U dropping neck?|Protosynthesis|[silent]
|switch|p2a: Luvdisk|Alomomola, M|71/100|[from] Volt Switch
|
|-damage|p1a: Zamazenta|50/100 brn|[from] brn
|upkeep
|turn|79
|
|t:|1779669872
|switch|p1a: Alomomola|Alomomola, M|100/100
|move|p2a: Luvdisk|Protect||[still]
|-fail|p2a: Luvdisk
|
|upkeep
|turn|80
|
|t:|1779669877
|move|p2a: Luvdisk|Wish|p2a: Luvdisk
|move|p1a: Alomomola|Wish|p1a: Alomomola
|
|upkeep
|turn|81
|
|t:|1779669882
|move|p2a: Luvdisk|Flip Turn|p1a: Alomomola
|-resisted|p1a: Alomomola
|-damage|p1a: Alomomola|95/100
|
|t:|1779669885
|switch|p2a: U dropping neck?|Raging Bolt|38/100|[from] Flip Turn
|move|p1a: Alomomola|Flip Turn|p2a: U dropping neck?
|-resisted|p2a: U dropping neck?
|-damage|p2a: U dropping neck?|30/100
|
|t:|1779669890
|switch|p1a: Weezing|Weezing-Galar, M|28/100|[from] Flip Turn
|-ability|p1a: Weezing|Neutralizing Gas
|
|-heal|p2a: U dropping neck?|90/100|[from] move: Wish|[wisher] Luvdisk
|-heal|p1a: Weezing|99/100|[from] move: Wish|[wisher] Alomomola
|-heal|p1a: Weezing|100/100|[from] item: Leftovers
|upkeep
|turn|82
|
|t:|1779669905
|move|p1a: Weezing|Protect|p1a: Weezing
|-singleturn|p1a: Weezing|Protect
|move|p2a: U dropping neck?|Volt Switch|p1a: Weezing
|-activate|p1a: Weezing|move: Protect
|
|upkeep
|turn|83
|
|t:|1779669916
|-terastallize|p1a: Weezing|Grass
|move|p2a: U dropping neck?|Volt Switch|p1a: Weezing
|-resisted|p1a: Weezing
|-damage|p1a: Weezing|75/100
|
|t:|1779669921
|-end|p2a: U dropping neck?|Protosynthesis|[silent]
|switch|p2a: Luvdisk|Alomomola, M|100/100|[from] Volt Switch
|move|p1a: Weezing|Toxic|p2a: Luvdisk|[miss]
|-miss|p1a: Weezing|p2a: Luvdisk
|
|-heal|p1a: Weezing|81/100|[from] item: Leftovers
|upkeep
|turn|84
|
|t:|1779669928
|move|p1a: Weezing|Toxic|p2a: Luvdisk
|-status|p2a: Luvdisk|tox
|move|p2a: Luvdisk|Flip Turn|p1a: Weezing
|-resisted|p1a: Weezing
|-damage|p1a: Weezing|76/100
|
|t:|1779669931
|switch|p2a: Lokix|Lokix, M, shiny|72/100|[from] Flip Turn
|
|-heal|p1a: Weezing|82/100|[from] item: Leftovers
|upkeep
|turn|85
|
|t:|1779669948
|-terastallize|p2a: Lokix|Bug
|move|p1a: Weezing|Protect|p1a: Weezing
|-singleturn|p1a: Weezing|Protect
|move|p2a: Lokix|Leech Life|p1a: Weezing
|-activate|p1a: Weezing|move: Protect
|
|-heal|p1a: Weezing|88/100|[from] item: Leftovers
|upkeep
|turn|86
|
|t:|1779669959
|-end|p1a: Weezing|ability: Neutralizing Gas
|switch|p1a: Alomomola|Alomomola, M|100/100
|move|p2a: Lokix|Leech Life|p1a: Alomomola
|-damage|p1a: Alomomola|52/100
|-heal|p2a: Lokix|100/100|[from] drain|[of] p1a: Alomomola
|
|upkeep
|turn|87
|
|t:|1779669972
|move|p2a: Lokix|Leech Life|p1a: Alomomola
|-damage|p1a: Alomomola|5/100
|move|p1a: Alomomola|Flip Turn|p2a: Lokix
|-crit|p2a: Lokix
|-damage|p2a: Lokix|63/100
|
|t:|1779669981
|switch|p1a: Lokix|Lokix, F|100/100|[from] Flip Turn
|
|upkeep
|turn|88
|
|t:|1779669985
|switch|p2a: Luvdisk|Alomomola, M|100/100 tox
|move|p1a: Lokix|U-turn|p2a: Luvdisk
|-damage|p2a: Luvdisk|72/100 tox
|
|t:|1779669994
|switch|p1a: Tornadus|Tornadus-Therian, M|98/100|[from] U-turn
|
|-damage|p2a: Luvdisk|66/100 tox|[from] psn
|upkeep
|turn|89
|
|t:|1779670008
|move|p1a: Tornadus|Bleakwind Storm|p2a: Luvdisk
|-damage|p2a: Luvdisk|35/100 tox
|move|p2a: Luvdisk|Flip Turn|p1a: Tornadus
|-damage|p1a: Tornadus|80/100
|
|t:|1779670013
|switch|p2a: U dropping neck?|Raging Bolt|90/100|[from] Flip Turn
|
|upkeep
|turn|90
|
|t:|1779670033
|switch|p1a: Weezing|Weezing-Galar, M, tera:Grass|88/100
|-ability|p1a: Weezing|Neutralizing Gas
|move|p2a: U dropping neck?|Volt Switch|p1a: Weezing
|-resisted|p1a: Weezing
|-crit|p1a: Weezing
|-damage|p1a: Weezing|48/100
|
|t:|1779670040
|-end|p2a: U dropping neck?|Protosynthesis|[silent]
|switch|p2a: Lokix|Lokix, M, shiny, tera:Bug|63/100|[from] Volt Switch
|
|-heal|p1a: Weezing|54/100|[from] item: Leftovers
|upkeep
|turn|91
|
|t:|1779670045
|move|p1a: Weezing|Protect|p1a: Weezing
|-singleturn|p1a: Weezing|Protect
|move|p2a: Lokix|U-turn|p1a: Weezing
|-activate|p1a: Weezing|move: Protect
|
|-heal|p1a: Weezing|60/100|[from] item: Leftovers
|upkeep
|turn|92
|
|t:|1779670069
|-end|p1a: Weezing|ability: Neutralizing Gas
|switch|p1a: Zamazenta|Zamazenta|50/100 brn
|move|p2a: Lokix|U-turn|p1a: Zamazenta
|-resisted|p1a: Zamazenta
|-damage|p1a: Zamazenta|0 fnt
|faint|p1a: Zamazenta
|
|t:|1779670080
|switch|p2a: U dropping neck?|Raging Bolt|90/100|[from] U-turn
|
|upkeep
|inactive|ghostninja77 has 120 seconds left.
|
|t:|1779670112
|switch|p1a: Weezing|Weezing-Galar, M, tera:Grass|60/100
|-ability|p1a: Weezing|Neutralizing Gas
|turn|93
|
|t:|1779670118
|move|p1a: Weezing|Protect|p1a: Weezing
|-singleturn|p1a: Weezing|Protect
|move|p2a: U dropping neck?|Volt Switch|p1a: Weezing
|-activate|p1a: Weezing|move: Protect
|
|-heal|p1a: Weezing|66/100|[from] item: Leftovers
|upkeep
|turn|94
|inactive|ghostninja77 has 120 seconds left.
|
|t:|1779670144
|-end|p1a: Weezing|ability: Neutralizing Gas
|switch|p1a: Alomomola|Alomomola, M|38/100
|move|p2a: U dropping neck?|Volt Switch|p1a: Alomomola
|-supereffective|p1a: Alomomola
|-damage|p1a: Alomomola|0 fnt
|faint|p1a: Alomomola
|c|☆abhii.g|nice switch
|
|t:|1779670156
|-end|p2a: U dropping neck?|Protosynthesis|[silent]
|switch|p2a: Luvdisk|Alomomola, M|68/100 tox|[from] Volt Switch
|
|-damage|p2a: Luvdisk|62/100 tox|[from] psn
|upkeep
|inactive|ghostninja77 has 90 seconds left.
|
|t:|1779670184
|switch|p1a: Lokix|Lokix, F|100/100
|turn|95
|c|☆abhii.g|i'm not playing that bad for someone who doesn't know how to use this team right?
|
|t:|1779670188
|move|p1a: Lokix|U-turn|p2a: Luvdisk
|-damage|p2a: Luvdisk|31/100 tox
|
|t:|1779670190
|switch|p1a: Weezing|Weezing-Galar, M, tera:Grass|66/100|[from] U-turn
|-ability|p1a: Weezing|Neutralizing Gas
|move|p2a: Luvdisk|Flip Turn|p1a: Weezing
|-resisted|p1a: Weezing
|-damage|p1a: Weezing|61/100
|c|☆abhii.g|like this is a close game
|
|t:|1779670199
|switch|p2a: Lokix|Lokix, M, shiny, tera:Bug|63/100|[from] Flip Turn
|
|-heal|p1a: Weezing|67/100|[from] item: Leftovers
|upkeep
|turn|96
|
|t:|1779670206
|move|p1a: Weezing|Protect|p1a: Weezing
|-singleturn|p1a: Weezing|Protect
|move|p2a: Lokix|U-turn|p1a: Weezing
|-activate|p1a: Weezing|move: Protect
|
|-heal|p1a: Weezing|73/100|[from] item: Leftovers
|upkeep
|turn|97
|inactive|ghostninja77 has 120 seconds left.
|c|☆abhii.g|interesting how things work
|
|t:|1779670228
|-end|p1a: Weezing|ability: Neutralizing Gas
|switch|p1a: Tornadus|Tornadus-Therian, M|100/100
|move|p2a: Lokix|U-turn|p1a: Tornadus
|-resisted|p1a: Tornadus
|-damage|p1a: Tornadus|20/100
|
|t:|1779670234
|switch|p2a: U dropping neck?|Raging Bolt|90/100|[from] U-turn
|
|upkeep
|turn|98
|
|t:|1779670244
|move|p2a: U dropping neck?|Volt Switch|p1a: Tornadus
|-supereffective|p1a: Tornadus
|-damage|p1a: Tornadus|0 fnt
|faint|p1a: Tornadus
|
|t:|1779670250
|-end|p2a: U dropping neck?|Protosynthesis|[silent]
|switch|p2a: Lokix|Lokix, M, shiny, tera:Bug|63/100|[from] Volt Switch
|
|upkeep
|
|t:|1779670255
|switch|p1a: Lokix|Lokix, F|100/100
|turn|99
|
|t:|1779670260
|switch|p2a: Luvdisk|Alomomola, M|31/100 tox
|move|p1a: Lokix|U-turn|p2a: Luvdisk
|-damage|p2a: Luvdisk|2/100 tox
|
|t:|1779670265
|switch|p1a: Weezing|Weezing-Galar, M, tera:Grass|73/100|[from] U-turn
|-ability|p1a: Weezing|Neutralizing Gas
|
|-heal|p1a: Weezing|79/100|[from] item: Leftovers
|-damage|p2a: Luvdisk|0 fnt|[from] psn
|faint|p2a: Luvdisk
|upkeep
|
|t:|1779670269
|switch|p2a: Lokix|Lokix, M, shiny, tera:Bug|63/100
|turn|100
|c|☆abhii.g|wow!
|l| KaizerVermilian
|c|☆abhii.g|insane right
|
|t:|1779670280
|move|p1a: Weezing|Protect|p1a: Weezing
|-singleturn|p1a: Weezing|Protect
|move|p2a: Lokix|U-turn|p1a: Weezing
|-activate|p1a: Weezing|move: Protect
|
|-heal|p1a: Weezing|85/100|[from] item: Leftovers
|upkeep
|turn|101
|c|☆abhii.g|i'm so bad
|c|☆abhii.g|and yet managed to somehow win
|c|☆abhii.g|thanks for your advice earlier!!
|inactive|ghostninja77 has 120 seconds left.
|
|t:|1779670312
|move|p1a: Weezing|Protect|p1a: Weezing
|-singleturn|p1a: Weezing|Protect
|move|p2a: Lokix|U-turn|p1a: Weezing
|-activate|p1a: Weezing|move: Protect
|
|-heal|p1a: Weezing|91/100|[from] item: Leftovers
|upkeep
|turn|102
|c|☆abhii.g|all quiet now?
|j| KaizerVermilian
|c|☆abhii.g|what happened?
|
|t:|1779670329
|move|p2a: Lokix|U-turn|p1a: Weezing
|-supereffective|p1a: Weezing
|-damage|p1a: Weezing|4/100
|
|t:|1779670332
|switch|p2a: U dropping neck?|Raging Bolt|90/100|[from] U-turn
|move|p1a: Weezing|Toxic|p2a: U dropping neck?
|-status|p2a: U dropping neck?|tox
|
|-heal|p1a: Weezing|10/100|[from] item: Leftovers
|-damage|p2a: U dropping neck?|84/100 tox|[from] psn
|upkeep
|turn|103
|inactive|abhii.g has 120 seconds left.
|
|t:|1779670354
|move|p1a: Weezing|Protect|p1a: Weezing
|-singleturn|p1a: Weezing|Protect
|move|p2a: U dropping neck?|Thunderbolt|p1a: Weezing
|-activate|p1a: Weezing|move: Protect
|
|-heal|p1a: Weezing|16/100|[from] item: Leftovers
|-damage|p2a: U dropping neck?|72/100 tox|[from] psn
|upkeep
|turn|104
|
|t:|1779670362
|move|p1a: Weezing|Protect|p1a: Weezing
|-singleturn|p1a: Weezing|Protect
|move|p2a: U dropping neck?|Thunderbolt|p1a: Weezing
|-activate|p1a: Weezing|move: Protect
|
|-heal|p1a: Weezing|22/100|[from] item: Leftovers
|-damage|p2a: U dropping neck?|53/100 tox|[from] psn
|upkeep
|turn|105
|c|☆abhii.g|ahhhhhh ur so luckyyyyy
|inactive|ghostninja77 has 90 seconds left.
|inactive|abhii.g has 120 seconds left.
|c|☆abhii.g|loool
|c|☆abhii.g|now u win
|
|t:|1779670390
|-end|p2a: U dropping neck?|Protosynthesis|[silent]
|switch|p2a: Lokix|Lokix, M, shiny, tera:Bug|63/100
|move|p1a: Weezing|Protect||[still]
|-fail|p1a: Weezing
|
|-heal|p1a: Weezing|28/100|[from] item: Leftovers
|upkeep
|turn|106
|c|☆abhii.g|looooooooooooooooooool
|c|☆abhii.g|ur terrible
|c|☆abhii.g|u r so bad
|j| Mortardom
|c|☆abhii.g|all u had to do was switch to lokix
|
|t:|1779670413
|move|p2a: Lokix|U-turn|p1a: Weezing
|-supereffective|p1a: Weezing
|-crit|p1a: Weezing
|-damage|p1a: Weezing|0 fnt
|faint|p1a: Weezing
|-end|p1a: Weezing|ability: Neutralizing Gas
|c|☆abhii.g|thanks for giving me the win bozo
|inactive|abhii.g has 90 seconds left.
|c|☆abhii.g|i'm gonna frame this win
|
|t:|1779670429
|switch|p2a: U dropping neck?|Raging Bolt|53/100 tox|[from] U-turn
|
|-damage|p2a: U dropping neck?|47/100 tox|[from] psn
|upkeep
|
|t:|1779670433
|switch|p1a: Lokix|Lokix, F|100/100
|turn|107
|inactive|abhii.g has 90 seconds left.
|c|☆abhii.g|"tHaT's NOt HoW YOu pLAy aLomaMOlA" LLLLLLLLLLLLOOOOOOOOOOOOOOOLLLLLLLLLLLLLLL
|c|☆abhii.g|thats not how you play pal
|c|☆ghostninja77|you wanna know what item this is?
|
|t:|1779670468
|move|p2a: U dropping neck?|Thunderbolt|p1a: Lokix
|-damage|p1a: Lokix|4/100
|move|p1a: Lokix|Leech Life|p2a: U dropping neck?
|-damage|p2a: U dropping neck?|0 fnt
|-heal|p1a: Lokix|36/100|[from] drain|[of] p2a: U dropping neck?
|faint|p2a: U dropping neck?
|-end|p2a: U dropping neck?|Protosynthesis|[silent]
|
|upkeep
|
|t:|1779670474
|switch|p2a: Lokix|Lokix, M, shiny, tera:Bug|63/100
|turn|108
|c|☆ghostninja77|absolute snoozefest of a match
|c|☆ghostninja77|my power went out mid match btw
|c|☆abhii.g|CRYYYYYYYYYYYYYYY
|inactive|ghostninja77 has 60 seconds left.
|
|t:|1779670500
|move|p2a: Lokix|First Impression|p1a: Lokix
|-supereffective|p1a: Lokix
|-damage|p1a: Lokix|0 fnt
|faint|p1a: Lokix
|
|win|abhii.g
|raw|ghostninja77's rating: 1503 &rarr; <strong>1484</strong><br />(-19 for losing)
|raw|abhii.g's rating: 1518 &rarr; <strong>1537</strong><br />(+19 for winning)
|c|☆abhii.g|yeah sure it did bozo
|c|☆ghostninja77|it did
|c|☆ghostninja77|you suck btw
|c|☆ghostninja77|thats not how you use alomola pls switch teams
|c|☆abhii.g|snooze fest yet u clicked protext 16 times with weezing
|c|☆ghostninja77|you got this far through sheer luck and coincidence im not even trolling
|c|☆abhii.g|and you know how to use alo right
|c|☆abhii.g|but then how did i win
|c|☆abhii.g|OHHHHHH
|c|☆abhii.g|luck
|c|☆ghostninja77|cuz you were stalling 90 percent of the match with alo
|c|☆abhii.g|sure
|c|☆abhii.g|can u tell me what point i got lucky?
|c|☆ghostninja77|if you get your elo through sitting at yourscreen for 50 minutes enjoy it bro
|l| KaizerVermilian
|c|☆abhii.g|hmmm?
|c|☆ghostninja77|i lost cuz i have low attention span not through any plays you made
|c|☆ghostninja77|absolute robot
|c|☆abhii.g|oh ok
|c|☆abhii.g|then why r u playing a double regen core
|c|☆ghostninja77|you were getting thoroughly whipped
|c|☆abhii.g|if u have low attention span?
|c|☆ghostninja77|because its not a stall team what bro
|c|☆abhii.g|do you know typically double regen with protect will result in lobger games or no?
|n|!ghostninja77|ghostninja77
|c|☆abhii.g|i was getting wiped.... but then why did i win?
|l|!ghostninja77
|player|p1|
|c|☆abhii.g|its so interesting how things work right
|l| Mortardom
|c|☆abhii.g|hmmm
|c|☆abhii.g|so
|c|☆abhii.g|1. im bad (but i outplayed u)
|c|☆abhii.g|2. you have low attention span (yet you voluntarily play double regen)
|c|☆abhii.g|3. i got lucky (even tho i missed draco, got crit 4 times and you got 2 double protects)
|c|☆abhii.g|interestingggggggggo
|c|☆abhii.g|bye you absolute stain LOOOL
|l|☆abhii.g
|player|p2|
|j| Mortardom
