|j|☆sawquarete
|j|☆spindle pit
|t:|1779670669
|gametype|singles
|player|p1|sawquarete|policeman-gen4|1411
|player|p2|spindle pit|ethan|1355
|gen|9
|tier|[Gen 9] OU
|rated|
|rule|HP Percentage Mod: HP is shown in percentages
|rule|Endless Battle Clause: Forcing endless battles is banned
|rule|Species Clause: Limit one of each Pokémon
|rule|OHKO Clause: OHKO moves are banned
|rule|Evasion Items Clause: Evasion items are banned
|rule|Evasion Moves Clause: Evasion moves are banned
|rule|Evasion Abilities Clause: Evasion abilities are banned
|rule|Sleep Moves Clause: Sleep-inducing moves are banned
|clearpoke
|poke|p1|Zamazenta-*|
|poke|p1|Alomomola, F|
|poke|p1|Kingambit, F|
|poke|p1|Cinderace, F|
|poke|p1|Dragapult, M|
|poke|p1|Weezing-Galar, M|
|poke|p2|Pincurchin, F|
|poke|p2|Raging Bolt|
|poke|p2|Iron Jugulis|
|poke|p2|Iron Treads|
|poke|p2|Primarina, M|
|poke|p2|Shaymin|
|teampreview
|inactive|Battle timer is ON: inactive players will automatically lose when time's up. (requested by spindle pit)
|inactive|sawquarete has 120 seconds left.
|
|t:|1779670703
|teamsize|p1|6
|teamsize|p2|6
|start
|switch|p1a: Cinderace|Cinderace, F|100/100
|switch|p2a: Skaymin|Shaymin|100/100
|turn|1
|
|t:|1779670713
|-terastallize|p1a: Cinderace|Fire
|move|p2a: Skaymin|Earth Power|p1a: Cinderace
|-supereffective|p1a: Cinderace
|-damage|p1a: Cinderace|23/100
|move|p1a: Cinderace|Pyro Ball|p2a: Skaymin
|-supereffective|p2a: Skaymin
|-damage|p2a: Skaymin|0 fnt
|faint|p2a: Skaymin
|
|upkeep
|
|t:|1779670721
|switch|p2a: Thundrink|Raging Bolt|100/100
|turn|2
|
|t:|1779670725
|switch|p1a: Alomomola|Alomomola, F|100/100
|move|p2a: Thundrink|Thunderclap||[still]
|-fail|p2a: Thundrink
|
|upkeep
|turn|3
|
|t:|1779670728
|move|p2a: Thundrink|Volt Switch|p1a: Alomomola
|-supereffective|p1a: Alomomola
|-damage|p1a: Alomomola|50/100
|
|t:|1779670731
|-end|p2a: Thundrink|Protosynthesis|[silent]
|switch|p2a: Pliny|Pincurchin, F|100/100|[from] Volt Switch
|-fieldstart|move: Electric Terrain|[from] ability: Electric Surge|[of] p2a: Pliny
|move|p1a: Alomomola|Play Rough|p2a: Pliny|[miss]
|-miss|p1a: Alomomola|p2a: Pliny
|
|upkeep
|turn|4
|
|t:|1779670739
|move|p1a: Alomomola|Scald|p2a: Pliny
|-damage|p2a: Pliny|82/100
|move|p2a: Pliny|Spikes|p1a: Alomomola
|-sidestart|p1: sawquarete|Spikes
|
|upkeep
|turn|5
|
|t:|1779670744
|move|p1a: Alomomola|Scald|p2a: Pliny
|-crit|p2a: Pliny
|-damage|p2a: Pliny|55/100
|move|p2a: Pliny|Spikes|p1a: Alomomola
|-sidestart|p1: sawquarete|Spikes
|
|upkeep
|turn|6
|
|t:|1779670748
|switch|p1a: Weezing|Weezing-Galar, M|100/100
|-ability|p1a: Weezing|Neutralizing Gas
|move|p2a: Pliny|Recover|p2a: Pliny
|-heal|p2a: Pliny|100/100
|
|upkeep
|turn|7
|
|t:|1779670755
|switch|p2a: Giiri|Iron Treads|100/100
|-item|p2a: Giiri|Air Balloon
|move|p1a: Weezing|Defog|p2a: Giiri
|-unboost|p2a: Giiri|evasion|1
|-sideend|p1: sawquarete|Spikes|[from] move: Defog|[of] p1a: Weezing
|-fieldend|move: Electric Terrain
|
|upkeep
|turn|8
|
|t:|1779670759
|move|p2a: Giiri|Earthquake|p1a: Weezing
|-supereffective|p1a: Weezing
|-damage|p1a: Weezing|39/100
|move|p1a: Weezing|Will-O-Wisp|p2a: Giiri
|-status|p2a: Giiri|brn
|
|-damage|p2a: Giiri|94/100 brn|[from] brn
|upkeep
|turn|9
|
|t:|1779670765
|-end|p1a: Weezing|ability: Neutralizing Gas
|switch|p1a: Alomomola|Alomomola, F|83/100
|move|p2a: Giiri|Earthquake|p1a: Alomomola
|-damage|p1a: Alomomola|65/100
|
|-damage|p2a: Giiri|88/100 brn|[from] brn
|upkeep
|turn|10
|
|t:|1779670773
|move|p2a: Giiri|Knock Off|p1a: Alomomola
|-damage|p1a: Alomomola|53/100
|-enditem|p1a: Alomomola|Assault Vest|[from] move: Knock Off|[of] p2a: Giiri
|move|p1a: Alomomola|Flip Turn|p2a: Giiri
|-supereffective|p2a: Giiri
|-damage|p2a: Giiri|58/100 brn
|-enditem|p2a: Giiri|Air Balloon
|
|t:|1779670778
|switch|p1a: Cinderace|Cinderace, F, tera:Fire|23/100|[from] Flip Turn
|
|-damage|p2a: Giiri|52/100 brn|[from] brn
|upkeep
|turn|11
|
|t:|1779670784
|-end|p2a: Giiri|Quark Drive|[silent]
|switch|p2a: Prichin|Primarina, M|100/100
|move|p1a: Cinderace|Pyro Ball|p2a: Prichin
|-resisted|p2a: Prichin
|-damage|p2a: Prichin|26/100
|
|upkeep
|turn|12
|
|t:|1779670788
|move|p1a: Cinderace|Pyro Ball|p2a: Prichin
|-resisted|p2a: Prichin
|-damage|p2a: Prichin|0 fnt
|faint|p2a: Prichin
|
|upkeep
|
|t:|1779670795
|switch|p2a: Thundrink|Raging Bolt|100/100
|turn|13
|
|t:|1779670804
|move|p2a: Thundrink|Thunderclap|p1a: Cinderace
|-damage|p1a: Cinderace|0 fnt
|faint|p1a: Cinderace
|
|upkeep
|
|t:|1779670807
|switch|p1a: Alomomola|Alomomola, F|87/100
|turn|14
|
|t:|1779670809
|move|p2a: Thundrink|Volt Switch|p1a: Alomomola
|-supereffective|p1a: Alomomola
|-damage|p1a: Alomomola|13/100
|
|t:|1779670812
|-end|p2a: Thundrink|Protosynthesis|[silent]
|switch|p2a: Pliny|Pincurchin, F|100/100|[from] Volt Switch
|-fieldstart|move: Electric Terrain|[from] ability: Electric Surge|[of] p2a: Pliny
|move|p1a: Alomomola|Mirror Coat|p2a: Pliny
|-damage|p2a: Pliny|0 fnt
|faint|p2a: Pliny
|
|upkeep
|
|t:|1779670817
|switch|p2a: Thundrink|Raging Bolt|100/100
|turn|15
|
|t:|1779670822
|move|p2a: Thundrink|Rising Voltage|p1a: Alomomola
|-hint|Rising Voltage's BP doubled on grounded target.
|-supereffective|p1a: Alomomola
|-damage|p1a: Alomomola|0 fnt
|faint|p1a: Alomomola
|
|upkeep
|
|t:|1779670844
|switch|p1a: Dragapult|Dragapult, M|100/100
|turn|16
|
|t:|1779670850
|switch|p1a: Weezing|Weezing-Galar, M|39/100
|-ability|p1a: Weezing|Neutralizing Gas
|-terastallize|p2a: Thundrink|Fairy
|move|p2a: Thundrink|Rising Voltage|p1a: Weezing
|-hint|Rising Voltage's BP doubled on grounded target.
|-damage|p1a: Weezing|0 fnt
|faint|p1a: Weezing
|-end|p1a: Weezing|ability: Neutralizing Gas
|
|upkeep
|
|t:|1779670865
|switch|p1a: Dragapult|Dragapult, M|100/100
|turn|17
|
|t:|1779670867
|move|p1a: Dragapult|Shadow Ball|p2a: Thundrink
|-damage|p2a: Thundrink|60/100
|move|p2a: Thundrink|Rising Voltage|p1a: Dragapult
|-hint|Rising Voltage's BP doubled on grounded target.
|-resisted|p1a: Dragapult
|-damage|p1a: Dragapult|6/100
|
|upkeep
|turn|18
|
|t:|1779670872
|move|p2a: Thundrink|Thunderclap|p1a: Dragapult
|-resisted|p1a: Dragapult
|-damage|p1a: Dragapult|0 fnt
|faint|p1a: Dragapult
|
|upkeep
|
|t:|1779670885
|switch|p1a: Zamazenta|Zamazenta|100/100
|-ability|p1a: Zamazenta|Dauntless Shield|boost
|-boost|p1a: Zamazenta|def|1
|turn|19
|
|t:|1779670889
|move|p2a: Thundrink|Rising Voltage|p1a: Zamazenta
|-hint|Rising Voltage's BP doubled on grounded target.
|-damage|p1a: Zamazenta|3/100
|move|p1a: Zamazenta|Roar|p2a: Thundrink
|-end|p2a: Thundrink|Protosynthesis|[silent]
|drag|p2a: Juggi|Iron Jugulis|100/100
|-activate|p2a: Juggi|ability: Quark Drive
|-start|p2a: Juggi|quarkdrivespe
|
|-heal|p1a: Zamazenta|10/100|[from] item: Leftovers
|upkeep
|turn|20
|
|t:|1779670894
|move|p2a: Juggi|Fire Blast|p1a: Zamazenta|[miss]
|-miss|p2a: Juggi|p1a: Zamazenta
|move|p1a: Zamazenta|Body Press|p2a: Juggi
|-damage|p2a: Juggi|44/100
|
|-heal|p1a: Zamazenta|16/100|[from] item: Leftovers
|upkeep
|turn|21
|
|t:|1779670899
|move|p2a: Juggi|Fire Blast|p1a: Zamazenta
|-damage|p1a: Zamazenta|0 fnt
|faint|p1a: Zamazenta
|
|-fieldend|move: Electric Terrain
|-end|p2a: Juggi|Quark Drive
|upkeep
|
|t:|1779670901
|switch|p1a: Kingambit|Kingambit, F|100/100
|-activate|p1a: Kingambit|ability: Supreme Overlord
|-start|p1a: Kingambit|fallen5|[silent]
|turn|22
|
|t:|1779670910
|move|p2a: Juggi|Fire Blast|p1a: Kingambit
|-supereffective|p1a: Kingambit
|-damage|p1a: Kingambit|0 fnt
|faint|p1a: Kingambit
|-end|p1a: Kingambit|fallen5|[silent]
|
|win|spindle pit
|raw|sawquarete's rating: 1411 &rarr; <strong>1388</strong><br />(-23 for losing)
|raw|spindle pit's rating: 1355 &rarr; <strong>1378</strong><br />(+23 for winning)
|l|☆sawquarete
|player|p1|
|l|☆spindle pit
|player|p2|
