|j|☆LanceStern
|j|☆ihymyly
|t:|1779639625
|gametype|singles
|player|p1|LanceStern|brock|1605
|player|p2|ihymyly|102|1547
|gen|9
|tier|[Gen 9] OU
|rated|
|rule|HP Percentage Mod: HP is shown in percentages
|rule|Endless Battle Clause: Forcing endless battles is banned
|rule|Species Clause: Limit one of each Pokémon
|rule|OHKO Clause: OHKO moves are banned
|rule|Evasion Items Clause: Evasion items are banned
|rule|Evasion Moves Clause: Evasion moves are banned
|rule|Evasion Abilities Clause: Evasion abilities are banned
|rule|Sleep Moves Clause: Sleep-inducing moves are banned
|clearpoke
|poke|p1|Deoxys-Speed|
|poke|p1|Iron Moth|
|poke|p1|Samurott-Hisui, F|
|poke|p1|Great Tusk|
|poke|p1|Scizor, M|
|poke|p1|Sinistcha-Masterpiece|
|poke|p2|Gholdengo|
|poke|p2|Great Tusk|
|poke|p2|Darkrai|
|poke|p2|Weavile, M|
|poke|p2|Ogerpon-Wellspring, F|
|poke|p2|Raging Bolt|
|teampreview
|
|t:|1779639722
|teamsize|p1|6
|teamsize|p2|6
|start
|switch|p1a: Scizor|Scizor, M|100/100
|switch|p2a: Mr. -ice Guy|Weavile, M|100/100
|-ability|p2a: Mr. -ice Guy|Pressure
|turn|1
|
|t:|1779639731
|switch|p2a: Primal Schnoz|Great Tusk|100/100
|move|p1a: Scizor|U-turn|p2a: Primal Schnoz
|-resisted|p2a: Primal Schnoz
|-damage|p2a: Primal Schnoz|82/100
|
|t:|1779639741
|switch|p1a: Deoxys|Deoxys-Speed|100/100|[from] U-turn
|-ability|p1a: Deoxys|Pressure
|
|upkeep
|turn|2
|
|t:|1779639770
|-end|p2a: Primal Schnoz|Protosynthesis|[silent]
|switch|p2a: Ogerpon|Ogerpon-Wellspring, F|100/100
|move|p1a: Deoxys|Ice Beam|p2a: Ogerpon
|-damage|p2a: Ogerpon|67/100
|
|upkeep
|turn|3
|
|t:|1779639790
|switch|p1a: Sinistcha|Sinistcha-Masterpiece|100/100
|move|p2a: Ogerpon|Spikes|p1a: Sinistcha
|-sidestart|p1: LanceStern|Spikes
|
|upkeep
|turn|4
|inactive|Battle timer is ON: inactive players will automatically lose when time's up. (requested by LanceStern)
|
|t:|1779639825
|move|p2a: Ogerpon|Knock Off|p1a: Sinistcha
|-supereffective|p1a: Sinistcha
|-damage|p1a: Sinistcha|40/100
|-enditem|p1a: Sinistcha|Covert Cloak|[from] move: Knock Off|[of] p2a: Ogerpon
|move|p1a: Sinistcha|Matcha Gotcha|p2a: Ogerpon
|-damage|p2a: Ogerpon|23/100
|-heal|p1a: Sinistcha|60/100|[from] drain|[of] p2a: Ogerpon
|
|upkeep
|turn|5
|
|t:|1779639835
|switch|p2a: Mr. -ice Guy|Weavile, M|100/100
|-ability|p2a: Mr. -ice Guy|Pressure
|move|p1a: Sinistcha|Strength Sap|p2a: Mr. -ice Guy
|-unboost|p2a: Mr. -ice Guy|atk|1
|-heal|p1a: Sinistcha|100/100
|
|upkeep
|turn|6
|
|t:|1779639846
|switch|p2a: Gholdengo|Gholdengo|100/100
|move|p1a: Sinistcha|Matcha Gotcha|p2a: Gholdengo
|-resisted|p2a: Gholdengo
|-damage|p2a: Gholdengo|80/100
|
|upkeep
|turn|7
|
|t:|1779639855
|-terastallize|p1a: Sinistcha|Poison
|move|p2a: Gholdengo|Shadow Ball|p1a: Sinistcha
|-damage|p1a: Sinistcha|49/100
|-unboost|p1a: Sinistcha|spd|1
|move|p1a: Sinistcha|Shadow Ball|p2a: Gholdengo
|-supereffective|p2a: Gholdengo
|-damage|p2a: Gholdengo|0 fnt
|faint|p2a: Gholdengo
|
|upkeep
|
|t:|1779639874
|switch|p2a: Ogerpon|Ogerpon-Wellspring, F|23/100
|turn|8
|
|t:|1779639878
|move|p2a: Ogerpon|Ivy Cudgel|p1a: Sinistcha|[anim] Ivy Cudgel Water
|-damage|p1a: Sinistcha|2/100
|move|p1a: Sinistcha|Strength Sap|p2a: Ogerpon
|-unboost|p2a: Ogerpon|atk|1
|-heal|p1a: Sinistcha|99/100
|
|upkeep
|turn|9
|
|t:|1779639894
|move|p2a: Ogerpon|Ivy Cudgel|p1a: Sinistcha|[anim] Ivy Cudgel Water
|-damage|p1a: Sinistcha|72/100
|move|p1a: Sinistcha|Strength Sap|p2a: Ogerpon
|-unboost|p2a: Ogerpon|atk|1
|-heal|p1a: Sinistcha|100/100
|
|upkeep
|turn|10
|
|t:|1779639908
|switch|p2a: Raging Bolt|Raging Bolt|100/100
|-enditem|p2a: Raging Bolt|Booster Energy
|-activate|p2a: Raging Bolt|ability: Protosynthesis|[fromitem]
|-start|p2a: Raging Bolt|protosynthesisspa
|move|p1a: Sinistcha|Trick Room|p1a: Sinistcha
|-fieldstart|move: Trick Room|[of] p1a: Sinistcha
|
|upkeep
|turn|11
|
|t:|1779639916
|move|p1a: Sinistcha|Shadow Ball|p2a: Raging Bolt
|-damage|p2a: Raging Bolt|66/100
|-unboost|p2a: Raging Bolt|spd|1
|move|p2a: Raging Bolt|Draco Meteor|p1a: Sinistcha
|-damage|p1a: Sinistcha|0 fnt
|-unboost|p2a: Raging Bolt|spa|2
|faint|p1a: Sinistcha
|
|upkeep
|
|t:|1779639936
|switch|p1a: Scizor|Scizor, M|100/100
|-damage|p1a: Scizor|88/100|[from] Spikes
|turn|12
|
|t:|1779639943
|move|p1a: Scizor|Close Combat|p2a: Raging Bolt
|-damage|p2a: Raging Bolt|5/100
|-unboost|p1a: Scizor|def|1
|-unboost|p1a: Scizor|spd|1
|move|p2a: Raging Bolt|Thunderbolt|p1a: Scizor
|-damage|p1a: Scizor|31/100
|
|upkeep
|turn|13
|
|t:|1779639953
|switch|p1a: Great Tusk|Great Tusk|100/100
|-damage|p1a: Great Tusk|88/100|[from] Spikes
|move|p2a: Raging Bolt|Thunderclap||[still]
|-fail|p2a: Raging Bolt
|
|upkeep
|turn|14
|
|t:|1779639961
|move|p2a: Raging Bolt|Draco Meteor|p1a: Great Tusk
|-damage|p1a: Great Tusk|26/100
|-unboost|p2a: Raging Bolt|spa|2
|move|p1a: Great Tusk|Rapid Spin|p2a: Raging Bolt
|-damage|p2a: Raging Bolt|0 fnt
|-boost|p1a: Great Tusk|spe|1
|-sideend|p1: LanceStern|Spikes|[from] move: Rapid Spin|[of] p1a: Great Tusk
|faint|p2a: Raging Bolt
|-end|p2a: Raging Bolt|Protosynthesis|[silent]
|
|-fieldend|move: Trick Room
|upkeep
|
|t:|1779639968
|switch|p2a: Mr. -ice Guy|Weavile, M|100/100
|-ability|p2a: Mr. -ice Guy|Pressure
|turn|15
|
|t:|1779639980
|move|p2a: Mr. -ice Guy|Ice Shard|p1a: Great Tusk
|-supereffective|p1a: Great Tusk
|-damage|p1a: Great Tusk|2/100
|move|p1a: Great Tusk|Headlong Rush|p2a: Mr. -ice Guy
|-damage|p2a: Mr. -ice Guy|8/100
|-unboost|p1a: Great Tusk|def|1
|-unboost|p1a: Great Tusk|spd|1
|
|upkeep
|turn|16
|
|t:|1779640005
|move|p2a: Mr. -ice Guy|Ice Shard|p1a: Great Tusk
|-supereffective|p1a: Great Tusk
|-damage|p1a: Great Tusk|0 fnt
|faint|p1a: Great Tusk
|-end|p1a: Great Tusk|Protosynthesis|[silent]
|
|upkeep
|
|t:|1779640009
|switch|p1a: Scizor|Scizor, M|31/100
|turn|17
|
|t:|1779640028
|move|p2a: Mr. -ice Guy|Ice Shard|p1a: Scizor
|-resisted|p1a: Scizor
|-damage|p1a: Scizor|22/100
|move|p1a: Scizor|Bullet Punch|p2a: Mr. -ice Guy
|-supereffective|p2a: Mr. -ice Guy
|-damage|p2a: Mr. -ice Guy|0 fnt
|faint|p2a: Mr. -ice Guy
|
|upkeep
|
|t:|1779640033
|switch|p2a: Ogerpon|Ogerpon-Wellspring, F|23/100
|turn|18
|
|t:|1779640036
|move|p1a: Scizor|Bullet Punch|p2a: Ogerpon
|-resisted|p2a: Ogerpon
|-damage|p2a: Ogerpon|0 fnt
|faint|p2a: Ogerpon
|
|upkeep
|
|t:|1779640042
|switch|p2a: almost*evil*jordan|Darkrai, shiny|100/100
|turn|19
|
|t:|1779640044
|move|p1a: Scizor|Bullet Punch|p2a: almost*evil*jordan
|-damage|p2a: almost*evil*jordan|41/100
|move|p2a: almost*evil*jordan|Dark Pulse|p1a: Scizor
|-damage|p1a: Scizor|0 fnt
|faint|p1a: Scizor
|
|-heal|p2a: almost*evil*jordan|47/100|[from] item: Leftovers
|upkeep
|
|t:|1779640050
|switch|p1a: Iron Moth|Iron Moth|100/100
|-enditem|p1a: Iron Moth|Booster Energy
|-activate|p1a: Iron Moth|ability: Quark Drive|[fromitem]
|-start|p1a: Iron Moth|quarkdrivespe
|turn|20
|inactive|ihymyly has 120 seconds left.
|
|t:|1779640080
|move|p1a: Iron Moth|Fiery Dance|p2a: almost*evil*jordan
|-damage|p2a: almost*evil*jordan|1/100
|move|p2a: almost*evil*jordan|Dark Pulse|p1a: Iron Moth
|-damage|p1a: Iron Moth|63/100
|
|-heal|p2a: almost*evil*jordan|8/100|[from] item: Leftovers
|upkeep
|turn|21
|-message|ihymyly forfeited.
|
|win|LanceStern
|raw|LanceStern's rating: 1605 &rarr; <strong>1621</strong><br />(+16 for winning)
|raw|ihymyly's rating: 1532 &rarr; <strong>1516</strong><br />(-16 for losing)
|l|☆ihymyly
|player|p2|
