|j|☆Fredolangas
|j|☆domadragons
|t:|1779675301
|gametype|singles
|player|p1|Fredolangas|102|1399
|player|p2|domadragons|drayden|1447
|gen|9
|tier|[Gen 9] OU
|rated|
|rule|HP Percentage Mod: HP is shown in percentages
|rule|Endless Battle Clause: Forcing endless battles is banned
|rule|Species Clause: Limit one of each Pokémon
|rule|OHKO Clause: OHKO moves are banned
|rule|Evasion Items Clause: Evasion items are banned
|rule|Evasion Moves Clause: Evasion moves are banned
|rule|Evasion Abilities Clause: Evasion abilities are banned
|rule|Sleep Moves Clause: Sleep-inducing moves are banned
|clearpoke
|poke|p1|Hydreigon, F|
|poke|p1|Araquanid, M|
|poke|p1|Clodsire, F|
|poke|p1|Blastoise, M|
|poke|p1|Rillaboom, F|
|poke|p1|Iron Treads|
|poke|p2|Gliscor, M|
|poke|p2|Toxapex, F|
|poke|p2|Great Tusk|
|poke|p2|Wo-Chien|
|poke|p2|Ceruledge, F|
|poke|p2|Iron Crown|
|teampreview
|
|t:|1779675306
|teamsize|p1|6
|teamsize|p2|6
|start
|switch|p1a: Blastoise|Blastoise, M|100/100
|switch|p2a: Ceruledge|Ceruledge, F|100/100
|turn|1
|
|t:|1779675309
|move|p2a: Ceruledge|Swords Dance|p2a: Ceruledge
|-boost|p2a: Ceruledge|atk|2
|move|p1a: Blastoise|Shell Smash|p1a: Blastoise
|-unboost|p1a: Blastoise|def|1
|-unboost|p1a: Blastoise|spd|1
|-boost|p1a: Blastoise|atk|2
|-boost|p1a: Blastoise|spa|2
|-boost|p1a: Blastoise|spe|2
|-enditem|p1a: Blastoise|White Herb
|-clearnegativeboost|p1a: Blastoise|[silent]
|
|upkeep
|turn|2
|
|t:|1779675312
|move|p1a: Blastoise|Surf|p2a: Ceruledge
|-supereffective|p2a: Ceruledge
|-enditem|p2a: Ceruledge|Focus Sash
|-damage|p2a: Ceruledge|1/100
|move|p2a: Ceruledge|Poltergeist||[still]
|-fail|p2a: Ceruledge
|
|upkeep
|turn|3
|
|t:|1779675318
|move|p2a: Ceruledge|Shadow Sneak|p1a: Blastoise
|-damage|p1a: Blastoise|52/100
|move|p1a: Blastoise|Surf|p2a: Ceruledge
|-supereffective|p2a: Ceruledge
|-damage|p2a: Ceruledge|0 fnt
|faint|p2a: Ceruledge
|
|upkeep
|
|t:|1779675320
|switch|p2a: Toxapex|Toxapex, F|100/100
|turn|4
|
|t:|1779675328
|move|p1a: Blastoise|Surf|p2a: Toxapex
|-resisted|p2a: Toxapex
|-damage|p2a: Toxapex|70/100
|move|p2a: Toxapex|Haze|p2a: Toxapex
|-clearallboost
|
|-heal|p2a: Toxapex|76/100|[from] item: Black Sludge
|upkeep
|turn|5
|
|t:|1779675333
|switch|p1a: Clodsire|Clodsire, F|100/100
|move|p2a: Toxapex|Surf|p1a: Clodsire
|-immune|p1a: Clodsire|[from] ability: Water Absorb
|
|-heal|p2a: Toxapex|82/100|[from] item: Black Sludge
|upkeep
|turn|6
|
|t:|1779675336
|switch|p2a: Gliscor|Gliscor, M|100/100
|move|p1a: Clodsire|Earthquake|p2a: Gliscor
|-immune|p2a: Gliscor
|
|-status|p2a: Gliscor|tox|[from] item: Toxic Orb
|upkeep
|turn|7
|
|t:|1779675342
|switch|p1a: Araquanid|Araquanid, M|100/100
|move|p2a: Gliscor|Knock Off|p1a: Araquanid
|-damage|p1a: Araquanid|84/100
|-enditem|p1a: Araquanid|Leftovers|[from] move: Knock Off|[of] p2a: Gliscor
|
|upkeep
|turn|8
|
|t:|1779675348
|move|p2a: Gliscor|Toxic|p1a: Araquanid
|-status|p1a: Araquanid|tox
|move|p1a: Araquanid|Liquidation|p2a: Gliscor
|-supereffective|p2a: Gliscor
|-damage|p2a: Gliscor|49/100 tox
|
|-heal|p2a: Gliscor|62/100 tox|[from] ability: Poison Heal
|-damage|p1a: Araquanid|78/100 tox|[from] psn
|upkeep
|turn|9
|
|t:|1779675351
|move|p2a: Gliscor|Protect|p2a: Gliscor
|-singleturn|p2a: Gliscor|Protect
|move|p1a: Araquanid|Sticky Web|p2a: Gliscor
|-sidestart|p2: domadragons|move: Sticky Web
|
|-heal|p2a: Gliscor|74/100 tox|[from] ability: Poison Heal
|-damage|p1a: Araquanid|65/100 tox|[from] psn
|upkeep
|turn|10
|
|t:|1779675359
|switch|p2a: Toxapex|Toxapex, F|100/100
|-activate|p2a: Toxapex|move: Sticky Web
|-unboost|p2a: Toxapex|spe|1
|switch|p1a: Hydreigon|Hydreigon, F|100/100
|
|upkeep
|turn|11
|
|t:|1779675362
|move|p1a: Hydreigon|Draco Meteor|p2a: Toxapex
|-damage|p2a: Toxapex|22/100
|-unboost|p1a: Hydreigon|spa|2
|move|p2a: Toxapex|Toxic|p1a: Hydreigon
|-status|p1a: Hydreigon|tox
|
|-heal|p2a: Toxapex|28/100|[from] item: Black Sludge
|-damage|p1a: Hydreigon|94/100 tox|[from] psn
|upkeep
|turn|12
|
|t:|1779675366
|switch|p2a: Wo-Chien|Wo-Chien|100/100
|-activate|p2a: Wo-Chien|move: Sticky Web
|-unboost|p2a: Wo-Chien|spe|1
|-ability|p2a: Wo-Chien|Tablets of Ruin
|move|p1a: Hydreigon|Draco Meteor|p2a: Wo-Chien
|-damage|p2a: Wo-Chien|72/100
|-unboost|p1a: Hydreigon|spa|2
|
|-heal|p2a: Wo-Chien|78/100|[from] item: Leftovers
|-damage|p1a: Hydreigon|82/100 tox|[from] psn
|upkeep
|turn|13
|
|t:|1779675375
|switch|p1a: Clodsire|Clodsire, F|100/100
|move|p2a: Wo-Chien|Leech Seed|p1a: Clodsire
|-start|p1a: Clodsire|move: Leech Seed
|
|-heal|p2a: Wo-Chien|84/100|[from] item: Leftovers
|-damage|p1a: Clodsire|88/100|[from] Leech Seed|[of] p2a: Wo-Chien
|-heal|p2a: Wo-Chien|99/100|[silent]
|upkeep
|turn|14
|
|t:|1779675382
|switch|p2a: Toxapex|Toxapex, F|61/100
|-activate|p2a: Toxapex|move: Sticky Web
|-unboost|p2a: Toxapex|spe|1
|move|p1a: Clodsire|Toxic|p2a: Toxapex
|-immune|p2a: Toxapex
|
|-heal|p1a: Clodsire|94/100|[from] item: Black Sludge
|-heal|p2a: Toxapex|67/100|[from] item: Black Sludge
|-damage|p1a: Clodsire|82/100|[from] Leech Seed|[of] p2a: Toxapex
|-heal|p2a: Toxapex|86/100|[silent]
|upkeep
|turn|15
|
|t:|1779675389
|switch|p1a: Hydreigon|Hydreigon, F|82/100 tox
|switch|p2a: Gliscor|Gliscor, M|74/100 tox
|
|-damage|p1a: Hydreigon|76/100 tox|[from] psn
|-heal|p2a: Gliscor|87/100 tox|[from] ability: Poison Heal
|upkeep
|turn|16
|
|t:|1779675392
|move|p2a: Gliscor|Protect|p2a: Gliscor
|-singleturn|p2a: Gliscor|Protect
|move|p1a: Hydreigon|Draco Meteor|p2a: Gliscor
|-activate|p2a: Gliscor|move: Protect
|
|-damage|p1a: Hydreigon|64/100 tox|[from] psn
|-heal|p2a: Gliscor|99/100 tox|[from] ability: Poison Heal
|upkeep
|turn|17
|
|t:|1779675398
|switch|p2a: Wo-Chien|Wo-Chien|99/100
|-activate|p2a: Wo-Chien|move: Sticky Web
|-unboost|p2a: Wo-Chien|spe|1
|-ability|p2a: Wo-Chien|Tablets of Ruin
|move|p1a: Hydreigon|Draco Meteor|p2a: Wo-Chien
|-damage|p2a: Wo-Chien|49/100
|-unboost|p1a: Hydreigon|spa|2
|
|-heal|p2a: Wo-Chien|56/100|[from] item: Leftovers
|-damage|p1a: Hydreigon|45/100 tox|[from] psn
|upkeep
|turn|18
|
|t:|1779675407
|switch|p1a: Rillaboom|Rillaboom, F|100/100
|-fieldstart|move: Grassy Terrain|[from] ability: Grassy Surge|[of] p1a: Rillaboom
|move|p2a: Wo-Chien|Giga Drain|p1a: Rillaboom
|-resisted|p1a: Rillaboom
|-damage|p1a: Rillaboom|80/100
|-heal|p2a: Wo-Chien|65/100|[from] drain|[of] p1a: Rillaboom
|
|-heal|p1a: Rillaboom|86/100|[from] Grassy Terrain
|-heal|p2a: Wo-Chien|71/100|[from] Grassy Terrain
|-heal|p2a: Wo-Chien|77/100|[from] item: Leftovers
|upkeep
|turn|19
|
|t:|1779675410
|move|p2a: Wo-Chien|Protect|p2a: Wo-Chien
|-singleturn|p2a: Wo-Chien|Protect
|move|p1a: Rillaboom|U-turn|p2a: Wo-Chien
|-activate|p2a: Wo-Chien|move: Protect
|
|-heal|p1a: Rillaboom|93/100|[from] Grassy Terrain
|-heal|p2a: Wo-Chien|83/100|[from] Grassy Terrain
|-heal|p2a: Wo-Chien|90/100|[from] item: Leftovers
|upkeep
|turn|20
|
|t:|1779675414
|switch|p2a: Toxapex|Toxapex, F|100/100
|-activate|p2a: Toxapex|move: Sticky Web
|-unboost|p2a: Toxapex|spe|1
|move|p1a: Rillaboom|U-turn|p2a: Toxapex
|-resisted|p2a: Toxapex
|-damage|p2a: Toxapex|90/100
|
|t:|1779675422
|switch|p1a: Iron Treads|Iron Treads|100/100|[from] U-turn
|
|-heal|p2a: Toxapex|96/100|[from] Grassy Terrain
|-heal|p2a: Toxapex|100/100|[from] item: Black Sludge
|upkeep
|turn|21
|
|t:|1779675425
|move|p1a: Iron Treads|Earthquake|p2a: Toxapex
|-supereffective|p2a: Toxapex
|-damage|p2a: Toxapex|72/100
|move|p2a: Toxapex|Surf|p1a: Iron Treads
|-supereffective|p1a: Iron Treads
|-damage|p1a: Iron Treads|64/100
|
|-heal|p1a: Iron Treads|71/100|[from] Grassy Terrain
|-heal|p2a: Toxapex|78/100|[from] Grassy Terrain
|-heal|p2a: Toxapex|84/100|[from] item: Black Sludge
|upkeep
|turn|22
|
|t:|1779675432
|move|p1a: Iron Treads|Volt Switch|p2a: Toxapex
|-supereffective|p2a: Toxapex
|-damage|p2a: Toxapex|67/100
|
|t:|1779675435
|-end|p1a: Iron Treads|Quark Drive|[silent]
|switch|p1a: Clodsire|Clodsire, F|82/100|[from] Volt Switch
|move|p2a: Toxapex|Surf|p1a: Clodsire
|-heal|p1a: Clodsire|100/100|[from] ability: Water Absorb|[of] p2a: Toxapex
|
|-heal|p2a: Toxapex|73/100|[from] Grassy Terrain
|-heal|p2a: Toxapex|79/100|[from] item: Black Sludge
|-fieldend|move: Grassy Terrain
|upkeep
|turn|23
|
|t:|1779675442
|switch|p1a: Araquanid|Araquanid, M|65/100 tox
|switch|p2a: Gliscor|Gliscor, M|99/100 tox
|
|-heal|p2a: Gliscor|100/100 tox|[from] ability: Poison Heal
|-damage|p1a: Araquanid|59/100 tox|[from] psn
|upkeep
|turn|24
|
|t:|1779675448
|switch|p1a: Hydreigon|Hydreigon, F|45/100 tox
|move|p2a: Gliscor|Knock Off|p1a: Hydreigon
|-resisted|p1a: Hydreigon
|-damage|p1a: Hydreigon|32/100 tox
|-enditem|p1a: Hydreigon|Choice Specs|[from] move: Knock Off|[of] p2a: Gliscor
|
|-damage|p1a: Hydreigon|26/100 tox|[from] psn
|upkeep
|turn|25
|
|t:|1779675451
|move|p2a: Gliscor|Protect|p2a: Gliscor
|-singleturn|p2a: Gliscor|Protect
|move|p1a: Hydreigon|Draco Meteor|p2a: Gliscor
|-activate|p2a: Gliscor|move: Protect
|
|-damage|p1a: Hydreigon|14/100 tox|[from] psn
|upkeep
|turn|26
|
|t:|1779675455
|switch|p2a: Toxapex|Toxapex, F|100/100
|-activate|p2a: Toxapex|move: Sticky Web
|-unboost|p2a: Toxapex|spe|1
|move|p1a: Hydreigon|Dark Pulse|p2a: Toxapex
|-damage|p2a: Toxapex|67/100
|
|-heal|p2a: Toxapex|73/100|[from] item: Black Sludge
|-damage|p1a: Hydreigon|0 fnt|[from] psn
|faint|p1a: Hydreigon
|upkeep
|
|t:|1779675463
|switch|p1a: Iron Treads|Iron Treads|71/100
|turn|27
|
|t:|1779675466
|switch|p2a: Wo-Chien|Wo-Chien|90/100
|-activate|p2a: Wo-Chien|move: Sticky Web
|-unboost|p2a: Wo-Chien|spe|1
|-ability|p2a: Wo-Chien|Tablets of Ruin
|move|p1a: Iron Treads|Earthquake|p2a: Wo-Chien
|-resisted|p2a: Wo-Chien
|-damage|p2a: Wo-Chien|74/100
|
|-heal|p2a: Wo-Chien|80/100|[from] item: Leftovers
|upkeep
|turn|28
|
|t:|1779675471
|move|p1a: Iron Treads|Volt Switch|p2a: Wo-Chien
|-resisted|p2a: Wo-Chien
|-damage|p2a: Wo-Chien|77/100
|
|t:|1779675474
|-end|p1a: Iron Treads|Quark Drive|[silent]
|switch|p1a: Rillaboom|Rillaboom, F|93/100|[from] Volt Switch
|-fieldstart|move: Grassy Terrain|[from] ability: Grassy Surge|[of] p1a: Rillaboom
|move|p2a: Wo-Chien|Giga Drain|p1a: Rillaboom
|-resisted|p1a: Rillaboom
|-damage|p1a: Rillaboom|73/100
|-heal|p2a: Wo-Chien|86/100|[from] drain|[of] p1a: Rillaboom
|
|-heal|p1a: Rillaboom|79/100|[from] Grassy Terrain
|-heal|p2a: Wo-Chien|92/100|[from] Grassy Terrain
|-heal|p2a: Wo-Chien|98/100|[from] item: Leftovers
|upkeep
|turn|29
|-message|Fredolangas forfeited.
|
|win|domadragons
|raw|Fredolangas's rating: 1399 &rarr; <strong>1382</strong><br />(-17 for losing)
|raw|domadragons's rating: 1447 &rarr; <strong>1464</strong><br />(+17 for winning)
|l|☆Fredolangas
|player|p1|
|l|☆domadragons
|player|p2|
