|j|☆JokerKing2398
|j|☆monday2026
|t:|1779674364
|gametype|singles
|player|p1|JokerKing2398|norman|1443
|player|p2|monday2026|2|1428
|gen|9
|tier|[Gen 9] OU
|rated|
|rule|HP Percentage Mod: HP is shown in percentages
|rule|Endless Battle Clause: Forcing endless battles is banned
|rule|Species Clause: Limit one of each Pokémon
|rule|OHKO Clause: OHKO moves are banned
|rule|Evasion Items Clause: Evasion items are banned
|rule|Evasion Moves Clause: Evasion moves are banned
|rule|Evasion Abilities Clause: Evasion abilities are banned
|rule|Sleep Moves Clause: Sleep-inducing moves are banned
|clearpoke
|poke|p1|Galvantula, F|
|poke|p1|Samurott-Hisui, F|
|poke|p1|Garganacl, M|
|poke|p1|Blaziken, F|
|poke|p1|Reuniclus, F|
|poke|p1|Sinistcha|
|poke|p2|Hoopa-Unbound|
|poke|p2|Regidrago|
|poke|p2|Ditto|
|poke|p2|Dondozo, F|
|poke|p2|Tyranitar, M|
|poke|p2|Iron Hands|
|teampreview
|
|t:|1779674369
|teamsize|p1|6
|teamsize|p2|6
|start
|switch|p1a: Galvantula|Galvantula, F|100/100
|switch|p2a: Tyranitar|Tyranitar, M|100/100
|-weather|Sandstorm|[from] ability: Sand Stream|[of] p2a: Tyranitar
|turn|1
|inactive|Battle timer is ON: inactive players will automatically lose when time's up. (requested by monday2026)
|
|t:|1779674376
|move|p1a: Galvantula|Bug Buzz|p2a: Tyranitar
|-supereffective|p2a: Tyranitar
|-damage|p2a: Tyranitar|56/100
|move|p2a: Tyranitar|Stone Edge|p1a: Galvantula
|-supereffective|p1a: Galvantula
|-damage|p1a: Galvantula|0 fnt
|faint|p1a: Galvantula
|
|-weather|Sandstorm|[upkeep]
|upkeep
|
|t:|1779674380
|switch|p1a: Samurott|Samurott-Hisui, F|100/100
|turn|2
|
|t:|1779674394
|move|p1a: Samurott|Flip Turn|p2a: Tyranitar
|-supereffective|p2a: Tyranitar
|-damage|p2a: Tyranitar|8/100
|
|t:|1779674397
|switch|p1a: Garganacl|Garganacl, M|100/100|[from] Flip Turn
|move|p2a: Tyranitar|Stone Edge|p1a: Garganacl|[miss]
|-miss|p2a: Tyranitar|p1a: Garganacl
|
|-weather|Sandstorm|[upkeep]
|upkeep
|turn|3
|
|t:|1779674404
|move|p2a: Tyranitar|Knock Off|p1a: Garganacl
|-damage|p1a: Garganacl|74/100
|-enditem|p1a: Garganacl|Leftovers|[from] move: Knock Off|[of] p2a: Tyranitar
|move|p1a: Garganacl|Stealth Rock|p2a: Tyranitar
|-sidestart|p2: monday2026|move: Stealth Rock
|
|-weather|Sandstorm|[upkeep]
|upkeep
|turn|4
|
|t:|1779674411
|move|p2a: Tyranitar|Earthquake|p1a: Garganacl
|-supereffective|p1a: Garganacl
|-damage|p1a: Garganacl|36/100
|move|p1a: Garganacl|Salt Cure|p2a: Tyranitar
|-damage|p2a: Tyranitar|0 fnt
|faint|p2a: Tyranitar
|
|-weather|Sandstorm|[upkeep]
|upkeep
|
|t:|1779674432
|switch|p2a: Regidrago|Regidrago, shiny|100/100
|-damage|p2a: Regidrago|88/100|[from] Stealth Rock
|turn|5
|
|t:|1779674434
|move|p2a: Regidrago|Dragon Energy|p1a: Garganacl
|-damage|p1a: Garganacl|0 fnt
|faint|p1a: Garganacl
|
|-weather|none
|upkeep
|
|t:|1779674440
|switch|p1a: Reuniclus|Reuniclus, F|100/100
|turn|6
|
|t:|1779674442
|move|p2a: Regidrago|Dragon Energy|p1a: Reuniclus
|-damage|p1a: Reuniclus|18/100
|move|p1a: Reuniclus|Psychic|p2a: Regidrago
|-damage|p2a: Regidrago|0 fnt
|faint|p2a: Regidrago
|
|upkeep
|
|t:|1779674448
|switch|p2a: Hoopa|Hoopa-Unbound|100/100
|-damage|p2a: Hoopa|88/100|[from] Stealth Rock
|turn|7
|
|t:|1779674452
|switch|p1a: Samurott|Samurott-Hisui, F|100/100
|move|p2a: Hoopa|Knock Off|p1a: Samurott
|-resisted|p1a: Samurott
|-damage|p1a: Samurott|71/100
|-enditem|p1a: Samurott|Choice Scarf|[from] move: Knock Off|[of] p2a: Hoopa
|
|upkeep
|turn|8
|
|t:|1779674464
|-terastallize|p2a: Hoopa|Fighting
|move|p1a: Samurott|Aqua Cutter|p2a: Hoopa
|-damage|p2a: Hoopa|5/100
|move|p2a: Hoopa|Focus Blast|p1a: Samurott|[miss]
|-miss|p2a: Hoopa|p1a: Samurott
|
|upkeep
|turn|9
|
|t:|1779674471
|move|p1a: Samurott|Aqua Cutter|p2a: Hoopa
|-damage|p2a: Hoopa|0 fnt
|faint|p2a: Hoopa
|
|upkeep
|
|t:|1779674477
|switch|p2a: Iron Hands|Iron Hands|100/100
|-damage|p2a: Iron Hands|94/100|[from] Stealth Rock
|-enditem|p2a: Iron Hands|Booster Energy
|-activate|p2a: Iron Hands|ability: Quark Drive|[fromitem]
|-start|p2a: Iron Hands|quarkdriveatk
|turn|10
|
|t:|1779674488
|move|p1a: Samurott|Flip Turn|p2a: Iron Hands
|-damage|p2a: Iron Hands|77/100
|
|t:|1779674490
|switch|p1a: Sinistcha|Sinistcha|100/100|[from] Flip Turn
|move|p2a: Iron Hands|Drain Punch|p1a: Sinistcha
|-immune|p1a: Sinistcha
|
|upkeep
|turn|11
|
|t:|1779674496
|move|p1a: Sinistcha|Matcha Gotcha|p2a: Iron Hands
|-damage|p2a: Iron Hands|29/100
|move|p2a: Iron Hands|Supercell Slam|p1a: Sinistcha
|-resisted|p1a: Sinistcha
|-damage|p1a: Sinistcha|61/100
|
|-heal|p1a: Sinistcha|67/100|[from] item: Leftovers
|upkeep
|turn|12
|
|t:|1779674507
|move|p1a: Sinistcha|Substitute|p1a: Sinistcha
|-start|p1a: Sinistcha|Substitute
|-damage|p1a: Sinistcha|42/100
|move|p2a: Iron Hands|Supercell Slam|p1a: Sinistcha
|-resisted|p1a: Sinistcha
|-end|p1a: Sinistcha|Substitute
|
|-heal|p1a: Sinistcha|48/100|[from] item: Leftovers
|upkeep
|turn|13
|
|t:|1779674517
|move|p1a: Sinistcha|Matcha Gotcha|p2a: Iron Hands
|-damage|p2a: Iron Hands|0 fnt
|-heal|p1a: Sinistcha|67/100|[from] drain|[of] p2a: Iron Hands
|faint|p2a: Iron Hands
|-end|p2a: Iron Hands|Quark Drive|[silent]
|
|-heal|p1a: Sinistcha|73/100|[from] item: Leftovers
|upkeep
|
|t:|1779674523
|switch|p2a: Ditto|Ditto|100/100
|-damage|p2a: Ditto|88/100|[from] Stealth Rock
|-transform|p2a: Ditto|p1a: Sinistcha|[from] ability: Imposter
|turn|14
|
|t:|1779674528
|-terastallize|p1a: Sinistcha|Dark
|move|p2a: Ditto|Shadow Ball|p1a: Sinistcha
|-resisted|p1a: Sinistcha
|-damage|p1a: Sinistcha|48/100
|move|p1a: Sinistcha|Shadow Ball|p2a: Ditto
|-supereffective|p2a: Ditto
|-damage|p2a: Ditto|0 fnt
|faint|p2a: Ditto
|
|-heal|p1a: Sinistcha|54/100|[from] item: Leftovers
|upkeep
|
|t:|1779674530
|switch|p2a: Dondozo|Dondozo, F|100/100
|-damage|p2a: Dondozo|88/100|[from] Stealth Rock
|turn|15
|
|t:|1779674533
|move|p1a: Sinistcha|Matcha Gotcha|p2a: Dondozo
|-supereffective|p2a: Dondozo
|-damage|p2a: Dondozo|0 fnt
|-heal|p1a: Sinistcha|100/100|[from] drain|[of] p2a: Dondozo
|faint|p2a: Dondozo
|
|win|JokerKing2398
|raw|JokerKing2398's rating: 1443 &rarr; <strong>1462</strong><br />(+19 for winning)
|raw|monday2026's rating: 1428 &rarr; <strong>1409</strong><br />(-19 for losing)
|l|☆monday2026
|player|p2|
|l|☆JokerKing2398
|player|p1|
