|j|☆Andher
|j|☆murilopena
|t:|1779721942
|gametype|singles
|player|p1|Andher|shadowtriad|1457
|player|p2|murilopena|1|1438
|gen|9
|tier|[Gen 9] OU
|rated|
|rule|HP Percentage Mod: HP is shown in percentages
|rule|Endless Battle Clause: Forcing endless battles is banned
|rule|Species Clause: Limit one of each Pokémon
|rule|OHKO Clause: OHKO moves are banned
|rule|Evasion Items Clause: Evasion items are banned
|rule|Evasion Moves Clause: Evasion moves are banned
|rule|Evasion Abilities Clause: Evasion abilities are banned
|rule|Sleep Moves Clause: Sleep-inducing moves are banned
|clearpoke
|poke|p1|Samurott-Hisui, F|
|poke|p1|Corviknight, F|
|poke|p1|Kingambit, M|
|poke|p1|Skeledirge, F|
|poke|p1|Gengar, F|
|poke|p1|Dragapult, M|
|poke|p2|Garganacl, M|
|poke|p2|Dragapult, F|
|poke|p2|Great Tusk|
|poke|p2|Primarina, M|
|poke|p2|Cinderace, M|
|poke|p2|Zamazenta-*|
|teampreview
|
|t:|1779721970
|teamsize|p1|6
|teamsize|p2|6
|start
|switch|p1a: Ronin|Samurott-Hisui, F|100/100
|switch|p2a: Cinderace|Cinderace, M|100/100
|turn|1
|
|t:|1779721975
|move|p1a: Ronin|Flip Turn|p2a: Cinderace
|-supereffective|p2a: Cinderace
|-damage|p2a: Cinderace|26/100
|inactive|Battle timer is ON: inactive players will automatically lose when time's up. (requested by murilopena)
|
|t:|1779722007
|switch|p1a: Mort|Skeledirge, F|100/100|[from] Flip Turn
|move|p2a: Cinderace|High Jump Kick|p1a: Mort
|-start|p2a: Cinderace|typechange|Fighting|[from] ability: Libero
|-immune|p1a: Mort
|-damage|p2a: Cinderace|0 fnt|[from] highjumpkick
|faint|p2a: Cinderace
|
|upkeep
|
|t:|1779722023
|switch|p2a: Garganacl|Garganacl, M|100/100
|turn|2
|
|t:|1779722027
|switch|p1a: Ronin|Samurott-Hisui, F|100/100
|move|p2a: Garganacl|Stealth Rock|p1a: Ronin
|-sidestart|p1: Andher|move: Stealth Rock
|
|upkeep
|turn|3
|
|t:|1779722032
|move|p1a: Ronin|Flip Turn|p2a: Garganacl
|-supereffective|p2a: Garganacl
|-damage|p2a: Garganacl|70/100
|
|t:|1779722036
|switch|p1a: Malson|Gengar, F, shiny|100/100|[from] Flip Turn
|-damage|p1a: Malson|88/100|[from] Stealth Rock
|move|p2a: Garganacl|Salt Cure|p1a: Malson
|-damage|p1a: Malson|62/100
|-start|p1a: Malson|Salt Cure
|
|-heal|p2a: Garganacl|76/100|[from] item: Leftovers
|-damage|p1a: Malson|50/100|[from] Salt Cure
|upkeep
|turn|4
|
|t:|1779722062
|move|p2a: Garganacl|Protect|p2a: Garganacl
|-singleturn|p2a: Garganacl|Protect
|move|p1a: Malson|Trick|p2a: Garganacl
|-activate|p2a: Garganacl|move: Protect
|
|-heal|p2a: Garganacl|83/100|[from] item: Leftovers
|-damage|p1a: Malson|37/100|[from] Salt Cure
|upkeep
|turn|5
|
|t:|1779722071
|switch|p1a: Corax|Corviknight, F|100/100
|-damage|p1a: Corax|88/100|[from] Stealth Rock
|-ability|p1a: Corax|Pressure
|switch|p2a: Zamazenta|Zamazenta|100/100
|-ability|p2a: Zamazenta|Dauntless Shield|boost
|-boost|p2a: Zamazenta|def|1
|
|upkeep
|turn|6
|
|t:|1779722084
|switch|p2a: Primarina|Primarina, M|100/100
|move|p1a: Corax|Defog|p2a: Primarina
|-unboost|p2a: Primarina|evasion|1
|-sideend|p1: Andher|Stealth Rock|[from] move: Defog|[of] p1a: Corax
|
|upkeep
|turn|7
|
|t:|1779722091
|move|p1a: Corax|Brave Bird|p2a: Primarina
|-damage|p2a: Primarina|56/100
|-damage|p1a: Corax|74/100|[from] Recoil
|move|p2a: Primarina|Hyper Voice|p1a: Corax
|-damage|p1a: Corax|40/100
|
|upkeep
|turn|8
|
|t:|1779722104
|switch|p1a: Ronin|Samurott-Hisui, F|100/100
|switch|p2a: Zamazenta|Zamazenta|100/100
|
|upkeep
|turn|9
|
|t:|1779722111
|move|p1a: Ronin|Flip Turn|p2a: Zamazenta
|-damage|p2a: Zamazenta|73/100
|
|t:|1779722129
|switch|p1a: Mort|Skeledirge, F|100/100|[from] Flip Turn
|move|p2a: Zamazenta|Crunch|p1a: Mort
|-supereffective|p1a: Mort
|-damage|p1a: Mort|35/100
|
|upkeep
|turn|10
|
|t:|1779722140
|switch|p2a: Primarina|Primarina, M|56/100
|-terastallize|p1a: Mort|Fairy
|move|p1a: Mort|Slack Off|p1a: Mort
|-heal|p1a: Mort|85/100
|
|upkeep
|turn|11
|
|t:|1779722151
|move|p1a: Mort|Alluring Voice|p2a: Primarina
|-damage|p2a: Primarina|39/100
|move|p2a: Primarina|Hyper Voice|p1a: Mort
|-damage|p1a: Mort|39/100
|
|upkeep
|turn|12
|
|t:|1779722164
|switch|p1a: Ronin|Samurott-Hisui, F|100/100
|move|p2a: Primarina|Hyper Voice|p1a: Ronin
|-resisted|p1a: Ronin
|-damage|p1a: Ronin|64/100
|
|upkeep
|turn|13
|
|t:|1779722171
|move|p1a: Ronin|Flip Turn|p2a: Primarina
|-resisted|p2a: Primarina
|-crit|p2a: Primarina
|-damage|p2a: Primarina|14/100
|
|t:|1779722181
|switch|p1a: Shogun|Kingambit, M|100/100|[from] Flip Turn
|move|p2a: Primarina|Draining Kiss|p1a: Shogun
|-damage|p1a: Shogun|78/100
|-heal|p2a: Primarina|31/100|[from] drain|[of] p1a: Shogun
|
|-heal|p1a: Shogun|84/100|[from] item: Leftovers
|upkeep
|turn|14
|
|t:|1779722195
|move|p2a: Primarina|Hyper Voice|p1a: Shogun
|-crit|p1a: Shogun
|-damage|p1a: Shogun|22/100
|move|p1a: Shogun|Iron Head|p2a: Primarina
|-damage|p2a: Primarina|0 fnt
|faint|p2a: Primarina
|
|-heal|p1a: Shogun|28/100|[from] item: Leftovers
|upkeep
|
|t:|1779722204
|switch|p2a: Great Tusk|Great Tusk|100/100
|turn|15
|
|t:|1779722226
|-end|p1a: Shogun|fallenundefined|[silent]
|switch|p1a: Malson|Gengar, F, shiny|37/100
|move|p2a: Great Tusk|Earthquake|p1a: Malson
|-supereffective|p1a: Malson
|-damage|p1a: Malson|0 fnt
|-start|p2a: Great Tusk|Disable|Earthquake|[from] ability: Cursed Body|[of] p1a: Malson
|faint|p1a: Malson
|
|upkeep
|inactive|Andher has 120 seconds left.
|
|t:|1779722242
|switch|p1a: Corax|Corviknight, F|40/100
|-ability|p1a: Corax|Pressure
|turn|16
|
|t:|1779722249
|-end|p2a: Great Tusk|Protosynthesis|[silent]
|switch|p2a: Zamazenta|Zamazenta|73/100
|move|p1a: Corax|Roost|p1a: Corax
|-heal|p1a: Corax|90/100
|-singleturn|p1a: Corax|move: Roost
|
|upkeep
|turn|17
|
|t:|1779722261
|move|p2a: Zamazenta|Close Combat|p1a: Corax
|-damage|p1a: Corax|18/100
|-unboost|p2a: Zamazenta|def|1
|-unboost|p2a: Zamazenta|spd|1
|-damage|p2a: Zamazenta|57/100|[from] item: Rocky Helmet|[of] p1a: Corax
|move|p1a: Corax|Brave Bird|p2a: Zamazenta
|-supereffective|p2a: Zamazenta
|-damage|p2a: Zamazenta|0 fnt
|faint|p2a: Zamazenta
|-damage|p1a: Corax|3/100|[from] Recoil
|
|upkeep
|
|t:|1779722278
|switch|p2a: Great Tusk|Great Tusk|100/100
|turn|18
|
|t:|1779722283
|move|p2a: Great Tusk|Rapid Spin|p1a: Corax
|-resisted|p1a: Corax
|-damage|p1a: Corax|0 fnt
|-boost|p2a: Great Tusk|spe|1
|-damage|p2a: Great Tusk|84/100|[from] item: Rocky Helmet|[of] p1a: Corax
|faint|p1a: Corax
|
|-heal|p2a: Great Tusk|90/100|[from] item: Leftovers
|upkeep
|
|t:|1779722293
|switch|p1a: Mort|Skeledirge, F, tera:Fairy|39/100
|turn|19
|
|t:|1779722298
|-terastallize|p2a: Great Tusk|Ground
|move|p2a: Great Tusk|Earthquake|p1a: Mort
|-damage|p1a: Mort|0 fnt
|faint|p1a: Mort
|
|-heal|p2a: Great Tusk|96/100|[from] item: Leftovers
|upkeep
|
|t:|1779722312
|switch|p1a: Shogun|Kingambit, M|28/100
|-activate|p1a: Shogun|ability: Supreme Overlord
|-start|p1a: Shogun|fallen3|[silent]
|turn|20
|
|t:|1779722318
|move|p1a: Shogun|Sucker Punch|p2a: Great Tusk
|-damage|p2a: Great Tusk|58/100
|move|p2a: Great Tusk|Earthquake|p1a: Shogun
|-supereffective|p1a: Shogun
|-damage|p1a: Shogun|0 fnt
|faint|p1a: Shogun
|-end|p1a: Shogun|fallen3|[silent]
|
|-heal|p2a: Great Tusk|65/100|[from] item: Leftovers
|upkeep
|
|t:|1779722326
|switch|p1a: Ronin|Samurott-Hisui, F|64/100
|turn|21
|
|t:|1779722329
|move|p2a: Great Tusk|Close Combat|p1a: Ronin
|-supereffective|p1a: Ronin
|-damage|p1a: Ronin|0 fnt
|-unboost|p2a: Great Tusk|def|1
|-unboost|p2a: Great Tusk|spd|1
|faint|p1a: Ronin
|
|-heal|p2a: Great Tusk|71/100|[from] item: Leftovers
|upkeep
|-message|Andher forfeited.
|
|win|murilopena
|raw|Andher's rating: 1457 &rarr; <strong>1437</strong><br />(-20 for losing)
|raw|murilopena's rating: 1456 &rarr; <strong>1476</strong><br />(+20 for winning)
|l|☆Andher
|player|p1|
