|j|☆party girl 2004
|j|☆cheeseguy43
|t:|1779617346
|gametype|singles
|player|p1|party girl 2004|lass-gen4dp|1346
|player|p2|cheeseguy43|cynthia-gen4|1343
|gen|9
|tier|[Gen 9] OU
|rated|
|rule|HP Percentage Mod: HP is shown in percentages
|rule|Endless Battle Clause: Forcing endless battles is banned
|rule|Species Clause: Limit one of each Pokémon
|rule|OHKO Clause: OHKO moves are banned
|rule|Evasion Items Clause: Evasion items are banned
|rule|Evasion Moves Clause: Evasion moves are banned
|rule|Evasion Abilities Clause: Evasion abilities are banned
|rule|Sleep Moves Clause: Sleep-inducing moves are banned
|clearpoke
|poke|p1|Mew|
|poke|p1|Emboar, F|
|poke|p1|Serperior, F|
|poke|p1|Enamorus, F|
|poke|p1|Hoopa-Unbound|
|poke|p1|Kommo-o, F|
|poke|p2|Araquanid, F|
|poke|p2|Gholdengo|
|poke|p2|Raging Bolt|
|poke|p2|Iron Valiant|
|poke|p2|Ceruledge, M|
|poke|p2|Deoxys-Speed|
|teampreview
|inactive|Battle timer is ON: inactive players will automatically lose when time's up. (requested by cheeseguy43)
|inactive|party girl 2004 also wants the timer to be on.
|
|t:|1779617355
|teamsize|p1|6
|teamsize|p2|6
|start
|switch|p1a: 3333|Serperior, F, shiny|100/100
|switch|p2a: Araquanid|Araquanid, F|100/100
|turn|1
|
|t:|1779617360
|move|p1a: 3333|Taunt|p2a: Araquanid
|-start|p2a: Araquanid|move: Taunt
|move|p2a: Araquanid|Lunge|p1a: 3333
|-supereffective|p1a: 3333
|-damage|p1a: 3333|54/100
|-boost|p1a: 3333|atk|1
|
|upkeep
|turn|2
|
|t:|1779617374
|move|p1a: 3333|Glare|p2a: Araquanid
|-status|p2a: Araquanid|par
|move|p2a: Araquanid|Lunge|p1a: 3333
|-supereffective|p1a: 3333
|-crit|p1a: 3333
|-damage|p1a: 3333|0 fnt
|faint|p1a: 3333
|
|upkeep
|
|t:|1779617380
|switch|p1a: 2222|Emboar, F, shiny|100/100
|turn|3
|
|t:|1779617383
|move|p1a: 2222|Head Smash|p2a: Araquanid|[miss]
|-miss|p1a: 2222|p2a: Araquanid
|move|p2a: Araquanid|Surf|p1a: 2222
|-supereffective|p1a: 2222
|-damage|p1a: 2222|2/100
|
|-end|p2a: Araquanid|move: Taunt
|upkeep
|turn|4
|
|t:|1779617386
|cant|p2a: Araquanid|par
|move|p1a: 2222|Head Smash|p2a: Araquanid|[miss]
|-miss|p1a: 2222|p2a: Araquanid
|
|upkeep
|turn|5
|
|t:|1779617398
|move|p2a: Araquanid|Endure|p2a: Araquanid
|-singleturn|p2a: Araquanid|move: Endure
|move|p1a: 2222|Head Smash|p2a: Araquanid|[miss]
|-miss|p1a: 2222|p2a: Araquanid
|
|upkeep
|turn|6
|
|t:|1779617408
|move|p1a: 2222|Head Smash|p2a: Araquanid
|-supereffective|p2a: Araquanid
|-damage|p2a: Araquanid|0 fnt
|faint|p2a: Araquanid
|-damage|p1a: 2222|0 fnt|[from] Recoil
|faint|p1a: 2222
|
|upkeep
|
|t:|1779617417
|switch|p1a: 1111|Mew, shiny|100/100
|switch|p2a: Deoxys|Deoxys-Speed|100/100
|-ability|p2a: Deoxys|Pressure
|turn|7
|
|t:|1779617431
|move|p2a: Deoxys|Nasty Plot|p2a: Deoxys
|-boost|p2a: Deoxys|spa|2
|move|p1a: 1111|Tailwind|p1a: 1111
|-sidestart|p1: party girl 2004|move: Tailwind
|
|upkeep
|turn|8
|
|t:|1779617434
|move|p1a: 1111|Taunt|p2a: Deoxys
|-start|p2a: Deoxys|move: Taunt
|move|p2a: Deoxys|Ice Beam|p1a: 1111
|-damage|p1a: 1111|37/100
|-damage|p2a: Deoxys|91/100|[from] item: Life Orb
|
|upkeep
|turn|9
|
|t:|1779617436
|move|p1a: 1111|Misty Explosion|p2a: Deoxys
|-damage|p2a: Deoxys|58/100
|faint|p1a: 1111
|move|p2a: Deoxys|Ice Beam|p1: 1111|[notarget]
|-fail|p2a: Deoxys
|
|upkeep
|
|t:|1779617443
|switch|p1a: 5555|Hoopa-Unbound|100/100
|turn|10
|
|t:|1779617447
|move|p1a: 5555|Hyperspace Fury|p2a: Deoxys
|-supereffective|p2a: Deoxys
|-damage|p2a: Deoxys|0 fnt
|-unboost|p1a: 5555|def|1
|faint|p2a: Deoxys
|-damage|p1a: 5555|91/100|[from] item: Life Orb
|
|-sideend|p1: party girl 2004|move: Tailwind
|upkeep
|
|t:|1779617450
|switch|p2a: Iron Valiant|Iron Valiant|100/100
|-enditem|p2a: Iron Valiant|Booster Energy
|-activate|p2a: Iron Valiant|ability: Quark Drive|[fromitem]
|-start|p2a: Iron Valiant|quarkdrivespa
|turn|11
|
|t:|1779617464
|move|p2a: Iron Valiant|Moonblast|p1a: 5555
|-supereffective|p1a: 5555
|-damage|p1a: 5555|0 fnt
|faint|p1a: 5555
|
|upkeep
|
|t:|1779617470
|switch|p1a: 4444|Enamorus, F|100/100
|turn|12
|
|t:|1779617475
|-terastallize|p2a: Iron Valiant|Ghost
|move|p1a: 4444|Tailwind|p1a: 4444
|-sidestart|p1: party girl 2004|move: Tailwind
|move|p2a: Iron Valiant|Calm Mind|p2a: Iron Valiant
|-boost|p2a: Iron Valiant|spa|1
|-boost|p2a: Iron Valiant|spd|1
|
|upkeep
|turn|13
|
|t:|1779617479
|move|p1a: 4444|Moonblast|p2a: Iron Valiant
|-damage|p2a: Iron Valiant|38/100
|move|p2a: Iron Valiant|Moonblast|p1a: 4444
|-enditem|p1a: 4444|Focus Sash
|-damage|p1a: 4444|1/100
|
|upkeep
|turn|14
|
|t:|1779617482
|move|p2a: Iron Valiant|Vacuum Wave|p1a: 4444
|-resisted|p1a: 4444
|-crit|p1a: 4444
|-damage|p1a: 4444|0 fnt
|faint|p1a: 4444
|
|upkeep
|
|t:|1779617490
|switch|p1a: 6666|Kommo-o, F, shiny|100/100
|turn|15
|c|☆cheeseguy43|Gg
|
|t:|1779617501
|move|p1a: 6666|Clanging Scales|p2a: Iron Valiant
|-damage|p2a: Iron Valiant|0 fnt
|faint|p2a: Iron Valiant
|-end|p2a: Iron Valiant|Quark Drive|[silent]
|-unboost|p1a: 6666|def|1
|-enditem|p1a: 6666|Throat Spray
|-boost|p1a: 6666|spa|1|[from] item: Throat Spray
|
|-sideend|p1: party girl 2004|move: Tailwind
|upkeep
|
|t:|1779617509
|switch|p2a: Ceruledge|Ceruledge, M|100/100
|turn|16
|
|t:|1779617523
|-terastallize|p1a: 6666|Normal
|move|p1a: 6666|Clangorous Soul|p1a: 6666
|-boost|p1a: 6666|atk|1
|-boost|p1a: 6666|def|1
|-boost|p1a: 6666|spa|1
|-boost|p1a: 6666|spd|1
|-boost|p1a: 6666|spe|1
|-damage|p1a: 6666|68/100
|move|p2a: Ceruledge|Swords Dance|p2a: Ceruledge
|-boost|p2a: Ceruledge|atk|2
|
|upkeep
|turn|17
|
|t:|1779617526
|move|p1a: 6666|Clanging Scales|p2a: Ceruledge
|-enditem|p2a: Ceruledge|Focus Sash
|-damage|p2a: Ceruledge|1/100
|-unboost|p1a: 6666|def|1
|move|p2a: Ceruledge|Close Combat|p1a: 6666
|-supereffective|p1a: 6666
|-damage|p1a: 6666|0 fnt
|-unboost|p2a: Ceruledge|def|1
|-unboost|p2a: Ceruledge|spd|1
|faint|p1a: 6666
|
|win|cheeseguy43
|raw|party girl 2004's rating: 1346 &rarr; <strong>1326</strong><br />(-20 for losing)
|raw|cheeseguy43's rating: 1343 &rarr; <strong>1363</strong><br />(+20 for winning)
|l|☆party girl 2004
|player|p1|
|l|☆cheeseguy43
|player|p2|
