|j|☆13723100123q
|j|☆prayerule
|t:|1779705888
|gametype|singles
|player|p1|13723100123q|lucas|1054
|player|p2|prayerule|2|1108
|gen|9
|tier|[Gen 9] OU
|rated|
|rule|HP Percentage Mod: HP is shown in percentages
|rule|Endless Battle Clause: Forcing endless battles is banned
|rule|Species Clause: Limit one of each Pokémon
|rule|OHKO Clause: OHKO moves are banned
|rule|Evasion Items Clause: Evasion items are banned
|rule|Evasion Moves Clause: Evasion moves are banned
|rule|Evasion Abilities Clause: Evasion abilities are banned
|rule|Sleep Moves Clause: Sleep-inducing moves are banned
|clearpoke
|poke|p1|Alomomola, F|
|poke|p1|Raging Bolt|
|poke|p1|Gliscor, M|
|poke|p1|Mamoswine, F|
|poke|p1|Pincurchin, M|
|poke|p1|Iron Boulder|
|poke|p2|Gligar, M|
|poke|p2|Porygon2|
|poke|p2|Kingambit, M|
|poke|p2|Iron Valiant|
|poke|p2|Dragonair, M|
|poke|p2|Heatran, M|
|teampreview
|
|t:|1779705894
|teamsize|p1|6
|teamsize|p2|6
|start
|switch|p1a: Pincurchin|Pincurchin, M|100/100
|switch|p2a: Heatran|Heatran, M|100/100
|-fieldstart|move: Electric Terrain|[from] ability: Electric Surge|[of] p1a: Pincurchin
|-enditem|p1a: Pincurchin|Electric Seed
|-boost|p1a: Pincurchin|def|1|[from] item: Electric Seed
|turn|1
|
|t:|1779705901
|move|p2a: Heatran|Taunt|p1a: Pincurchin
|-start|p1a: Pincurchin|move: Taunt
|cant|p1a: Pincurchin|move: Taunt|Toxic Spikes
|
|upkeep
|turn|2
|
|t:|1779705911
|switch|p1a: Raging Bolt|Raging Bolt|100/100
|-enditem|p1a: Raging Bolt|Booster Energy
|-activate|p1a: Raging Bolt|ability: Protosynthesis|[fromitem]
|-start|p1a: Raging Bolt|protosynthesisspa
|move|p2a: Heatran|Magma Storm|p1a: Raging Bolt|[miss]
|-miss|p2a: Heatran|p1a: Raging Bolt
|
|upkeep
|turn|3
|
|t:|1779705918
|move|p1a: Raging Bolt|Volt Switch|p2a: Heatran
|-damage|p2a: Heatran|56/100
|
|t:|1779705919
|-end|p1a: Raging Bolt|Protosynthesis|[silent]
|switch|p1a: Iron Boulder|Iron Boulder|100/100|[from] Volt Switch
|-activate|p1a: Iron Boulder|ability: Quark Drive
|-start|p1a: Iron Boulder|quarkdriveatk
|move|p2a: Heatran|Magma Storm|p1a: Iron Boulder
|-resisted|p1a: Iron Boulder
|-damage|p1a: Iron Boulder|78/100
|-activate|p1a: Iron Boulder|move: Magma Storm|[of] p2a: Heatran
|
|-heal|p2a: Heatran|62/100|[from] item: Leftovers
|-damage|p1a: Iron Boulder|65/100|[from] move: Magma Storm|[partiallytrapped]
|upkeep
|turn|4
|
|t:|1779705933
|switch|p2a: Gligar|Gligar, M|100/100
|move|p1a: Iron Boulder|Psycho Cut|p2a: Gligar
|-damage|p2a: Gligar|63/100
|
|-end|p1a: Iron Boulder|Magma Storm|[partiallytrapped]|[silent]
|upkeep
|turn|5
|
|t:|1779705940
|move|p1a: Iron Boulder|Psycho Cut|p2a: Gligar
|-damage|p2a: Gligar|28/100
|move|p2a: Gligar|Spikes|p1a: Iron Boulder
|-sidestart|p1: 13723100123q|Spikes
|
|-fieldend|move: Electric Terrain
|-end|p1a: Iron Boulder|Quark Drive
|upkeep
|turn|6
|
|t:|1779705948
|switch|p2a: Heatran|Heatran, M|62/100
|move|p1a: Iron Boulder|Psycho Cut|p2a: Heatran
|-resisted|p2a: Heatran
|-damage|p2a: Heatran|40/100
|
|-heal|p2a: Heatran|46/100|[from] item: Leftovers
|upkeep
|turn|7
|
|t:|1779705958
|-end|p1a: Iron Boulder|Quark Drive|[silent]
|switch|p1a: Pincurchin|Pincurchin, M|100/100
|-damage|p1a: Pincurchin|88/100|[from] Spikes
|-fieldstart|move: Electric Terrain|[from] ability: Electric Surge|[of] p1a: Pincurchin
|move|p2a: Heatran|Earth Power|p1a: Pincurchin
|-supereffective|p1a: Pincurchin
|-damage|p1a: Pincurchin|0 fnt
|faint|p1a: Pincurchin
|
|-heal|p2a: Heatran|52/100|[from] item: Leftovers
|upkeep
|
|t:|1779705962
|switch|p1a: Raging Bolt|Raging Bolt|100/100
|-damage|p1a: Raging Bolt|88/100|[from] Spikes
|turn|8
|
|t:|1779705972
|move|p1a: Raging Bolt|Thunderclap|p2a: Heatran
|-damage|p2a: Heatran|18/100
|move|p2a: Heatran|Magma Storm|p1a: Raging Bolt
|-resisted|p1a: Raging Bolt
|-damage|p1a: Raging Bolt|68/100
|-activate|p1a: Raging Bolt|move: Magma Storm|[of] p2a: Heatran
|
|-heal|p2a: Heatran|24/100|[from] item: Leftovers
|-damage|p1a: Raging Bolt|55/100|[from] move: Magma Storm|[partiallytrapped]
|upkeep
|turn|9
|
|t:|1779705981
|move|p1a: Raging Bolt|Draco Meteor|p2a: Heatran
|-resisted|p2a: Heatran
|-damage|p2a: Heatran|0 fnt
|-unboost|p1a: Raging Bolt|spa|2
|faint|p2a: Heatran
|
|-end|p1a: Raging Bolt|Magma Storm|[partiallytrapped]|[silent]
|upkeep
|
|t:|1779705990
|switch|p2a: Gligar|Gligar, M|28/100
|turn|10
|
|t:|1779705994
|-end|p1a: Raging Bolt|Protosynthesis|[silent]
|switch|p1a: Mamoswine|Mamoswine, F|100/100
|-damage|p1a: Mamoswine|88/100|[from] Spikes
|move|p2a: Gligar|Spikes|p1a: Mamoswine
|-sidestart|p1: 13723100123q|Spikes
|
|-heal|p1a: Mamoswine|94/100|[from] item: Leftovers
|upkeep
|turn|11
|
|t:|1779706002
|move|p2a: Gligar|Spikes|p1a: Mamoswine
|-sidestart|p1: 13723100123q|Spikes
|move|p1a: Mamoswine|Stealth Rock|p2a: Gligar
|-sidestart|p2: prayerule|move: Stealth Rock
|
|-heal|p1a: Mamoswine|99/100|[from] item: Leftovers
|-fieldend|move: Electric Terrain
|upkeep
|turn|12
|
|t:|1779706008
|move|p1a: Mamoswine|Ice Shard|p2a: Gligar
|-supereffective|p2a: Gligar
|-damage|p2a: Gligar|0 fnt
|faint|p2a: Gligar
|
|-heal|p1a: Mamoswine|100/100|[from] item: Leftovers
|upkeep
|
|t:|1779706014
|switch|p2a: Kingambit|Kingambit, M|100/100
|-damage|p2a: Kingambit|94/100|[from] Stealth Rock
|-activate|p2a: Kingambit|ability: Supreme Overlord
|-start|p2a: Kingambit|fallen2|[silent]
|turn|13
|
|t:|1779706020
|-terastallize|p1a: Mamoswine|Water
|move|p2a: Kingambit|Iron Head|p1a: Mamoswine
|-resisted|p1a: Mamoswine
|-damage|p1a: Mamoswine|72/100
|move|p1a: Mamoswine|Earthquake|p2a: Kingambit
|-supereffective|p2a: Kingambit
|-damage|p2a: Kingambit|0 fnt
|faint|p2a: Kingambit
|-end|p2a: Kingambit|fallen2|[silent]
|
|-heal|p1a: Mamoswine|78/100|[from] item: Leftovers
|upkeep
|
|t:|1779706031
|switch|p2a: Porygon2|Porygon2|100/100
|-damage|p2a: Porygon2|88/100|[from] Stealth Rock
|-ability|p2a: Porygon2|Thick Fat|Trace|[from] ability: Trace|[of] p1a: Mamoswine
|turn|14
|
|t:|1779706037
|move|p1a: Mamoswine|Icicle Crash|p2a: Porygon2
|-damage|p2a: Porygon2|77/100
|move|p2a: Porygon2|Thunderbolt|p1a: Mamoswine
|-supereffective|p1a: Mamoswine
|-damage|p1a: Mamoswine|27/100
|
|-heal|p1a: Mamoswine|34/100|[from] item: Leftovers
|upkeep
|turn|15
|
|t:|1779706046
|switch|p1a: Gliscor|Gliscor, M|100/100
|move|p2a: Porygon2|Thunderbolt|p1a: Gliscor
|-immune|p1a: Gliscor
|
|-status|p1a: Gliscor|tox|[from] item: Toxic Orb
|upkeep
|turn|16
|
|t:|1779706054
|move|p1a: Gliscor|Protect|p1a: Gliscor
|-singleturn|p1a: Gliscor|Protect
|move|p2a: Porygon2|Ice Beam|p1a: Gliscor
|-activate|p1a: Gliscor|move: Protect
|
|upkeep
|turn|17
|
|t:|1779706063
|switch|p1a: Alomomola|Alomomola, F|100/100
|move|p2a: Porygon2|Ice Beam|p1a: Alomomola
|-resisted|p1a: Alomomola
|-damage|p1a: Alomomola|88/100
|
|upkeep
|turn|18
|
|t:|1779706070
|move|p1a: Alomomola|Light Screen|p1a: Alomomola
|-sidestart|p1: 13723100123q|move: Light Screen
|move|p2a: Porygon2|Thunderbolt|p1a: Alomomola
|-supereffective|p1a: Alomomola
|-damage|p1a: Alomomola|65/100
|
|upkeep
|turn|19
|
|t:|1779706075
|move|p1a: Alomomola|Wish|p1a: Alomomola
|move|p2a: Porygon2|Thunder Wave|p1a: Alomomola
|-status|p1a: Alomomola|par
|
|upkeep
|turn|20
|
|t:|1779706085
|switch|p1a: Raging Bolt|Raging Bolt|55/100
|-damage|p1a: Raging Bolt|30/100|[from] Spikes
|move|p2a: Porygon2|Recover|p2a: Porygon2
|-heal|p2a: Porygon2|100/100
|
|-heal|p1a: Raging Bolt|98/100|[from] move: Wish|[wisher] Alomomola
|upkeep
|turn|21
|
|t:|1779706095
|move|p1a: Raging Bolt|Electric Terrain|p1a: Raging Bolt
|-fieldstart|move: Electric Terrain
|move|p2a: Porygon2|Ice Beam|p1a: Raging Bolt
|-supereffective|p1a: Raging Bolt
|-damage|p1a: Raging Bolt|76/100
|
|upkeep
|turn|22
|
|t:|1779706102
|move|p1a: Raging Bolt|Thunderclap|p2a: Porygon2
|-damage|p2a: Porygon2|65/100
|move|p2a: Porygon2|Thunderbolt|p1a: Raging Bolt
|-resisted|p1a: Raging Bolt
|-damage|p1a: Raging Bolt|73/100
|
|-sideend|p1: 13723100123q|move: Light Screen
|upkeep
|turn|23
|
|t:|1779706108
|move|p1a: Raging Bolt|Thunderclap||[still]
|-fail|p1a: Raging Bolt
|move|p2a: Porygon2|Recover|p2a: Porygon2
|-heal|p2a: Porygon2|100/100
|
|upkeep
|turn|24
|
|t:|1779706114
|move|p1a: Raging Bolt|Volt Switch|p2a: Porygon2
|-damage|p2a: Porygon2|68/100
|
|t:|1779706116
|-end|p1a: Raging Bolt|Protosynthesis|[silent]
|switch|p1a: Iron Boulder|Iron Boulder|65/100|[from] Volt Switch
|-damage|p1a: Iron Boulder|41/100|[from] Spikes
|-activate|p1a: Iron Boulder|ability: Quark Drive
|-start|p1a: Iron Boulder|quarkdriveatk
|move|p2a: Porygon2|Ice Beam|p1a: Iron Boulder
|-damage|p1a: Iron Boulder|18/100
|
|upkeep
|turn|25
|
|t:|1779706126
|move|p1a: Iron Boulder|Close Combat|p2a: Porygon2
|-supereffective|p2a: Porygon2
|-damage|p2a: Porygon2|0 fnt
|-unboost|p1a: Iron Boulder|def|1
|-unboost|p1a: Iron Boulder|spd|1
|faint|p2a: Porygon2
|
|-fieldend|move: Electric Terrain
|-end|p1a: Iron Boulder|Quark Drive
|upkeep
|
|t:|1779706136
|switch|p2a: Iron Valiant|Iron Valiant|100/100
|-damage|p2a: Iron Valiant|94/100|[from] Stealth Rock
|-enditem|p2a: Iron Valiant|Booster Energy
|-activate|p2a: Iron Valiant|ability: Quark Drive|[fromitem]
|-start|p2a: Iron Valiant|quarkdrivespe
|turn|26
|
|t:|1779706143
|-end|p1a: Iron Boulder|Quark Drive|[silent]
|switch|p1a: Gliscor|Gliscor, M|100/100 tox
|move|p2a: Iron Valiant|Thunderbolt|p1a: Gliscor
|-immune|p1a: Gliscor
|
|upkeep
|turn|27
|
|t:|1779706151
|move|p1a: Gliscor|Protect|p1a: Gliscor
|-singleturn|p1a: Gliscor|Protect
|move|p2a: Iron Valiant|Moonblast|p1a: Gliscor
|-activate|p1a: Gliscor|move: Protect
|
|upkeep
|turn|28
|
|t:|1779706156
|move|p2a: Iron Valiant|Moonblast|p1a: Gliscor
|-damage|p1a: Gliscor|59/100 tox
|-unboost|p1a: Gliscor|spa|1
|move|p1a: Gliscor|Knock Off|p2a: Iron Valiant
|-resisted|p2a: Iron Valiant
|-damage|p2a: Iron Valiant|89/100
|
|-heal|p1a: Gliscor|71/100 tox|[from] ability: Poison Heal
|upkeep
|turn|29
|
|t:|1779706164
|move|p1a: Gliscor|Protect|p1a: Gliscor
|-singleturn|p1a: Gliscor|Protect
|move|p2a: Iron Valiant|Moonblast|p1a: Gliscor
|-activate|p1a: Gliscor|move: Protect
|
|-heal|p1a: Gliscor|84/100 tox|[from] ability: Poison Heal
|upkeep
|turn|30
|
|t:|1779706171
|move|p2a: Iron Valiant|Moonblast|p1a: Gliscor
|-damage|p1a: Gliscor|45/100 tox
|-unboost|p1a: Gliscor|spa|1
|move|p1a: Gliscor|U-turn|p2a: Iron Valiant
|-resisted|p2a: Iron Valiant
|-damage|p2a: Iron Valiant|85/100
|
|t:|1779706174
|switch|p1a: Alomomola|Alomomola, F|98/100 par|[from] U-turn
|
|upkeep
|turn|31
|
|t:|1779706180
|move|p2a: Iron Valiant|Thunderbolt|p1a: Alomomola
|-supereffective|p1a: Alomomola
|-damage|p1a: Alomomola|28/100 par
|cant|p1a: Alomomola|par
|
|upkeep
|turn|32
|
|t:|1779706188
|switch|p1a: Mamoswine|Mamoswine, F, tera:Water|34/100
|-damage|p1a: Mamoswine|9/100|[from] Spikes
|move|p2a: Iron Valiant|Moonblast|p1a: Mamoswine
|-damage|p1a: Mamoswine|0 fnt
|faint|p1a: Mamoswine
|
|upkeep
|
|t:|1779706191
|switch|p1a: Alomomola|Alomomola, F|62/100 par
|turn|33
|
|t:|1779706198
|switch|p1a: Gliscor|Gliscor, M|45/100 tox
|move|p2a: Iron Valiant|Moonblast|p1a: Gliscor
|-damage|p1a: Gliscor|9/100 tox
|-unboost|p1a: Gliscor|spa|1
|
|-heal|p1a: Gliscor|21/100 tox|[from] ability: Poison Heal
|upkeep
|turn|34
|
|t:|1779706206
|move|p1a: Gliscor|Protect|p1a: Gliscor
|-singleturn|p1a: Gliscor|Protect
|move|p2a: Iron Valiant|Moonblast|p1a: Gliscor
|-activate|p1a: Gliscor|move: Protect
|
|-heal|p1a: Gliscor|34/100 tox|[from] ability: Poison Heal
|upkeep
|turn|35
|
|t:|1779706216
|switch|p1a: Iron Boulder|Iron Boulder|18/100
|-damage|p1a: Iron Boulder|0 fnt|[from] Spikes
|faint|p1a: Iron Boulder
|-end|p1a: Iron Boulder|Quark Drive|[silent]
|move|p2a: Iron Valiant|Encore|p1: Iron Boulder|[notarget]
|-fail|p2a: Iron Valiant
|
|upkeep
|
|t:|1779706220
|switch|p1a: Alomomola|Alomomola, F|95/100 par
|turn|36
|
|t:|1779706225
|move|p2a: Iron Valiant|Moonblast|p1a: Alomomola
|-damage|p1a: Alomomola|46/100 par
|-unboost|p1a: Alomomola|spa|1
|cant|p1a: Alomomola|par
|
|upkeep
|turn|37
|
|t:|1779706230
|move|p2a: Iron Valiant|Moonblast|p1a: Alomomola
|-damage|p1a: Alomomola|0 fnt
|faint|p1a: Alomomola
|
|upkeep
|inactive|Battle timer is ON: inactive players will automatically lose when time's up. (requested by prayerule)
|inactive|13723100123q has 120 seconds left.
|inactive|13723100123q has 90 seconds left.
|inactive|13723100123q has 60 seconds left.
|inactive|13723100123q has 30 seconds left.
|inactive|13723100123q has 20 seconds left.
|inactive|13723100123q has 15 seconds left.
|inactive|13723100123q has 10 seconds left.
|inactive|13723100123q has 5 seconds left.
|-message|13723100123q lost due to inactivity.
|
|win|prayerule
|raw|13723100123q's rating: 1054 &rarr; <strong>1039</strong><br />(-15 for losing)
|raw|prayerule's rating: 1108 &rarr; <strong>1129</strong><br />(+21 for winning)
|l|☆prayerule
|player|p2|
