|j|☆lokixftw
|j|☆Prudis
|t:|1779684664
|gametype|singles
|player|p1|lokixftw|lusamine-nihilego|1331
|player|p2|Prudis|workerice|1365
|gen|9
|tier|[Gen 9] OU
|rated|
|rule|HP Percentage Mod: HP is shown in percentages
|rule|Endless Battle Clause: Forcing endless battles is banned
|rule|Species Clause: Limit one of each Pokémon
|rule|OHKO Clause: OHKO moves are banned
|rule|Evasion Items Clause: Evasion items are banned
|rule|Evasion Moves Clause: Evasion moves are banned
|rule|Evasion Abilities Clause: Evasion abilities are banned
|rule|Sleep Moves Clause: Sleep-inducing moves are banned
|clearpoke
|poke|p1|Lokix, M|
|poke|p1|Kyurem|
|poke|p1|Enamorus, F|
|poke|p1|Great Tusk|
|poke|p1|Slowking-Galar, F|
|poke|p1|Alomomola, M|
|poke|p2|Garchomp, F|
|poke|p2|Iron Jugulis|
|poke|p2|Iron Treads|
|poke|p2|Meowscarada, F|
|poke|p2|Gholdengo|
|poke|p2|Lucario, F|
|teampreview
|inactive|Battle timer is ON: inactive players will automatically lose when time's up. (requested by lokixftw)
|
|t:|1779684681
|teamsize|p1|6
|teamsize|p2|6
|start
|switch|p1a: Great Tusk|Great Tusk|100/100
|switch|p2a: Iron Jugulis|Iron Jugulis|100/100
|-enditem|p2a: Iron Jugulis|Booster Energy
|-activate|p2a: Iron Jugulis|ability: Quark Drive|[fromitem]
|-start|p2a: Iron Jugulis|quarkdrivespe
|turn|1
|
|t:|1779684702
|-end|p1a: Great Tusk|Protosynthesis|[silent]
|switch|p1a: Slowking|Slowking-Galar, F|100/100
|move|p2a: Iron Jugulis|Taunt|p1a: Slowking
|-start|p1a: Slowking|move: Taunt
|
|upkeep
|turn|2
|
|t:|1779684709
|move|p2a: Iron Jugulis|Dark Pulse|p1a: Slowking
|-supereffective|p1a: Slowking
|-damage|p1a: Slowking|55/100
|move|p1a: Slowking|Sludge Bomb|p2a: Iron Jugulis
|-damage|p2a: Iron Jugulis|56/100
|-status|p2a: Iron Jugulis|psn
|
|-damage|p2a: Iron Jugulis|43/100 psn|[from] psn
|upkeep
|turn|3
|
|t:|1779684722
|-end|p2a: Iron Jugulis|Quark Drive|[silent]
|switch|p2a: Iron Treads|Iron Treads|100/100
|move|p1a: Slowking|Sludge Bomb|p2a: Iron Treads
|-immune|p2a: Iron Treads
|
|-end|p1a: Slowking|move: Taunt
|upkeep
|turn|4
|
|t:|1779684729
|switch|p1a: Great Tusk|Great Tusk|100/100
|move|p2a: Iron Treads|Knock Off|p1a: Great Tusk
|-resisted|p1a: Great Tusk
|-damage|p1a: Great Tusk|90/100
|-enditem|p1a: Great Tusk|Heavy-Duty Boots|[from] move: Knock Off|[of] p2a: Iron Treads
|
|upkeep
|turn|5
|
|t:|1779684739
|-end|p2a: Iron Treads|Quark Drive|[silent]
|switch|p2a: Garchomp|Garchomp, F, shiny|100/100
|move|p1a: Great Tusk|Stealth Rock|p2a: Garchomp
|-sidestart|p2: Prudis|move: Stealth Rock
|
|upkeep
|turn|6
|
|t:|1779684745
|move|p2a: Garchomp|Stealth Rock|p1a: Great Tusk
|-sidestart|p1: lokixftw|move: Stealth Rock
|move|p1a: Great Tusk|Ice Spinner|p2a: Garchomp
|-supereffective|p2a: Garchomp
|-damage|p2a: Garchomp|0 fnt
|-damage|p1a: Great Tusk|77/100|[from] ability: Rough Skin|[of] p2a: Garchomp
|faint|p2a: Garchomp
|
|upkeep
|
|t:|1779684755
|switch|p2a: Gholdengo|Gholdengo|100/100
|-damage|p2a: Gholdengo|94/100|[from] Stealth Rock
|turn|7
|
|t:|1779684762
|-end|p1a: Great Tusk|Protosynthesis|[silent]
|switch|p1a: Slowking|Slowking-Galar, F|88/100
|move|p2a: Gholdengo|Shadow Ball|p1a: Slowking
|-supereffective|p1a: Slowking
|-damage|p1a: Slowking|36/100
|
|upkeep
|turn|8
|
|t:|1779684791
|switch|p1a: Kyurem|Kyurem|100/100
|-damage|p1a: Kyurem|76/100|[from] Stealth Rock
|-ability|p1a: Kyurem|Pressure
|move|p2a: Gholdengo|Shadow Ball|p1a: Kyurem
|-damage|p1a: Kyurem|32/100
|
|upkeep
|turn|9
|
|t:|1779684805
|move|p2a: Gholdengo|Shadow Ball|p1a: Kyurem
|-damage|p1a: Kyurem|0 fnt
|faint|p1a: Kyurem
|
|upkeep
|
|t:|1779684812
|switch|p1a: Enamorus|Enamorus, F|100/100
|-damage|p1a: Enamorus|76/100|[from] Stealth Rock
|turn|10
|
|t:|1779684827
|move|p1a: Enamorus|Earth Power|p2a: Gholdengo
|-supereffective|p2a: Gholdengo
|-damage|p2a: Gholdengo|15/100
|move|p2a: Gholdengo|Shadow Ball|p1a: Enamorus
|-damage|p1a: Enamorus|12/100
|
|upkeep
|turn|11
|j| testingrainteam1
|
|t:|1779684837
|switch|p2a: Iron Jugulis|Iron Jugulis|43/100 psn
|-damage|p2a: Iron Jugulis|18/100 psn|[from] Stealth Rock
|move|p1a: Enamorus|Earth Power|p2a: Iron Jugulis
|-immune|p2a: Iron Jugulis
|
|-damage|p2a: Iron Jugulis|6/100 psn|[from] psn
|upkeep
|turn|12
|l| testingrainteam1
|
|t:|1779684849
|switch|p1a: Alomomola|Alomomola, M|100/100
|move|p2a: Iron Jugulis|Hurricane|p1a: Alomomola
|-damage|p1a: Alomomola|31/100
|
|-damage|p2a: Iron Jugulis|0 fnt|[from] psn
|faint|p2a: Iron Jugulis
|-end|p2a: Iron Jugulis|Quark Drive|[silent]
|upkeep
|
|t:|1779684869
|switch|p2a: Iron Treads|Iron Treads|100/100
|turn|13
|
|t:|1779684873
|move|p2a: Iron Treads|Rapid Spin|p1a: Alomomola
|-damage|p1a: Alomomola|22/100
|-boost|p2a: Iron Treads|spe|1
|-sideend|p2: Prudis|Stealth Rock|[from] move: Rapid Spin|[of] p2a: Iron Treads
|move|p1a: Alomomola|Wish|p1a: Alomomola
|
|upkeep
|turn|14
|
|t:|1779684880
|move|p1a: Alomomola|Protect|p1a: Alomomola
|-singleturn|p1a: Alomomola|Protect
|move|p2a: Iron Treads|Iron Head|p1a: Alomomola
|-activate|p1a: Alomomola|move: Protect
|
|-heal|p1a: Alomomola|72/100|[from] move: Wish|[wisher] Alomomola
|upkeep
|turn|15
|
|t:|1779684887
|move|p2a: Iron Treads|Knock Off|p1a: Alomomola
|-damage|p1a: Alomomola|55/100
|-enditem|p1a: Alomomola|Heavy-Duty Boots|[from] move: Knock Off|[of] p2a: Iron Treads
|move|p1a: Alomomola|Flip Turn|p2a: Iron Treads
|-supereffective|p2a: Iron Treads
|-damage|p2a: Iron Treads|72/100
|
|t:|1779684896
|switch|p1a: Great Tusk|Great Tusk|77/100|[from] Flip Turn
|-damage|p1a: Great Tusk|74/100|[from] Stealth Rock
|
|upkeep
|turn|16
|
|t:|1779684904
|-end|p2a: Iron Treads|Quark Drive|[silent]
|switch|p2a: Meowscarada|Meowscarada, F|100/100
|move|p1a: Great Tusk|Headlong Rush|p2a: Meowscarada
|-resisted|p2a: Meowscarada
|-damage|p2a: Meowscarada|52/100
|-unboost|p1a: Great Tusk|def|1
|-unboost|p1a: Great Tusk|spd|1
|
|upkeep
|turn|17
|
|t:|1779684919
|-end|p1a: Great Tusk|Protosynthesis|[silent]
|switch|p1a: Slowking|Slowking-Galar, F|69/100
|move|p2a: Meowscarada|Leaf Storm|p1a: Slowking|[miss]
|-miss|p2a: Meowscarada|p1a: Slowking
|
|upkeep
|turn|18
|
|t:|1779684927
|switch|p2a: Iron Treads|Iron Treads|72/100
|-prepare|p1a: Slowking|Chilly Reception|[premajor]
|move|p1a: Slowking|Chilly Reception|p1a: Slowking
|-weather|Snowscape
|
|t:|1779684930
|switch|p1a: Great Tusk|Great Tusk|74/100|[from] Chilly Reception
|-damage|p1a: Great Tusk|71/100|[from] Stealth Rock
|
|-weather|Snowscape|[upkeep]
|upkeep
|turn|19
|
|t:|1779684937
|move|p2a: Iron Treads|Earthquake|p1a: Great Tusk
|-damage|p1a: Great Tusk|37/100
|move|p1a: Great Tusk|Rapid Spin|p2a: Iron Treads
|-resisted|p2a: Iron Treads
|-damage|p2a: Iron Treads|64/100
|-boost|p1a: Great Tusk|spe|1
|-sideend|p1: lokixftw|Stealth Rock|[from] move: Rapid Spin|[of] p1a: Great Tusk
|
|-weather|Snowscape|[upkeep]
|upkeep
|turn|20
|
|t:|1779684948
|-end|p2a: Iron Treads|Quark Drive|[silent]
|switch|p2a: Lucario|Lucario, F|100/100
|move|p1a: Great Tusk|Headlong Rush|p2a: Lucario
|-supereffective|p2a: Lucario
|-enditem|p2a: Lucario|Focus Sash
|-damage|p2a: Lucario|1/100
|-unboost|p1a: Great Tusk|def|1
|-unboost|p1a: Great Tusk|spd|1
|
|-weather|Snowscape|[upkeep]
|upkeep
|turn|21
|
|t:|1779684953
|-end|p1a: Great Tusk|Protosynthesis|[silent]
|switch|p1a: Alomomola|Alomomola, M|89/100
|move|p2a: Lucario|Extreme Speed|p1a: Alomomola
|-damage|p1a: Alomomola|73/100
|
|-weather|Snowscape|[upkeep]
|upkeep
|turn|22
|
|t:|1779684958
|move|p2a: Lucario|Swords Dance|p2a: Lucario
|-boost|p2a: Lucario|atk|2
|move|p1a: Alomomola|Flip Turn|p2a: Lucario
|-damage|p2a: Lucario|0 fnt
|faint|p2a: Lucario
|
|t:|1779684966
|switch|p1a: Enamorus|Enamorus, F|12/100|[from] Flip Turn
|
|-weather|none
|upkeep
|
|t:|1779684988
|switch|p2a: Iron Treads|Iron Treads|64/100
|turn|23
|
|t:|1779685012
|move|p1a: Enamorus|Mystical Fire|p2a: Iron Treads
|-supereffective|p2a: Iron Treads
|-damage|p2a: Iron Treads|0 fnt
|faint|p2a: Iron Treads
|-end|p2a: Iron Treads|Quark Drive|[silent]
|
|upkeep
|
|t:|1779685017
|switch|p2a: Meowscarada|Meowscarada, F|52/100
|turn|24
|
|t:|1779685022
|-terastallize|p2a: Meowscarada|Ghost
|move|p1a: Enamorus|Mystical Fire|p2a: Meowscarada
|-damage|p2a: Meowscarada|3/100
|-unboost|p2a: Meowscarada|spa|1
|move|p2a: Meowscarada|Knock Off|p1a: Enamorus
|-resisted|p1a: Enamorus
|-damage|p1a: Enamorus|0 fnt
|-enditem|p1a: Enamorus|Choice Scarf|[from] move: Knock Off|[of] p2a: Meowscarada
|faint|p1a: Enamorus
|
|upkeep
|
|t:|1779685041
|switch|p1a: Lokix|Lokix, M|100/100
|turn|25
|
|t:|1779685051
|move|p1a: Lokix|First Impression|p2a: Meowscarada
|-resisted|p2a: Meowscarada
|-damage|p2a: Meowscarada|0 fnt
|faint|p2a: Meowscarada
|
|upkeep
|-message|Prudis forfeited.
|
|win|lokixftw
|raw|lokixftw's rating: 1331 &rarr; <strong>1353</strong><br />(+22 for winning)
|raw|Prudis's rating: 1365 &rarr; <strong>1343</strong><br />(-22 for losing)
|l|☆Prudis
|player|p2|
