|j|☆goodnightnite
|j|☆chip wittley
|t:|1779686752
|gametype|singles
|player|p1|goodnightnite|miku-water|1663
|player|p2|chip wittley|lance|1691
|gen|9
|tier|[Gen 9] OU
|rated|
|rule|HP Percentage Mod: HP is shown in percentages
|rule|Endless Battle Clause: Forcing endless battles is banned
|rule|Species Clause: Limit one of each Pokémon
|rule|OHKO Clause: OHKO moves are banned
|rule|Evasion Items Clause: Evasion items are banned
|rule|Evasion Moves Clause: Evasion moves are banned
|rule|Evasion Abilities Clause: Evasion abilities are banned
|rule|Sleep Moves Clause: Sleep-inducing moves are banned
|clearpoke
|poke|p1|Ribombee, M|
|poke|p1|Lokix, F|
|poke|p1|Great Tusk|
|poke|p1|Raging Bolt|
|poke|p1|Gholdengo|
|poke|p1|Iron Moth|
|poke|p2|Frosmoth, M|
|poke|p2|Pelipper, M|
|poke|p2|Barraskewda, F|
|poke|p2|Zapdos|
|poke|p2|Iron Treads|
|poke|p2|Toxicroak, M|
|teampreview
|inactive|Battle timer is ON: inactive players will automatically lose when time's up. (requested by goodnightnite)
|inactive|chip wittley has 120 seconds left.
|
|t:|1779686789
|teamsize|p1|6
|teamsize|p2|6
|start
|switch|p1a: Iron Moth|Iron Moth, shiny|100/100
|switch|p2a: Zapdos|Zapdos|100/100
|-enditem|p1a: Iron Moth|Booster Energy
|-activate|p1a: Iron Moth|ability: Quark Drive|[fromitem]
|-start|p1a: Iron Moth|quarkdrivespa
|turn|1
|
|t:|1779686798
|move|p1a: Iron Moth|Sludge Wave|p2a: Zapdos
|-damage|p2a: Zapdos|15/100
|move|p2a: Zapdos|Volt Switch|p1a: Iron Moth
|-damage|p1a: Iron Moth|62/100
|
|t:|1779686801
|switch|p2a: Pelipper|Pelipper, M|100/100|[from] Volt Switch
|-weather|RainDance|[from] ability: Drizzle|[of] p2a: Pelipper
|
|-weather|RainDance|[upkeep]
|upkeep
|turn|2
|j| Ctannn
|
|t:|1779686806
|switch|p2a: Frosmoth|Frosmoth, M|100/100
|move|p1a: Iron Moth|Fiery Dance|p2a: Frosmoth
|-supereffective|p2a: Frosmoth
|-damage|p2a: Frosmoth|61/100
|-boost|p1a: Iron Moth|spa|1
|
|-weather|RainDance|[upkeep]
|upkeep
|turn|3
|
|t:|1779686816
|move|p1a: Iron Moth|Fiery Dance|p2a: Frosmoth
|-supereffective|p2a: Frosmoth
|-damage|p2a: Frosmoth|0 fnt
|-boost|p1a: Iron Moth|spa|1
|faint|p2a: Frosmoth
|
|-weather|RainDance|[upkeep]
|upkeep
|
|t:|1779686819
|switch|p2a: Barraskewda|Barraskewda, F|100/100
|turn|4
|
|t:|1779686822
|move|p2a: Barraskewda|Flip Turn|p1a: Iron Moth
|-supereffective|p1a: Iron Moth
|-damage|p1a: Iron Moth|0 fnt
|faint|p1a: Iron Moth
|-end|p1a: Iron Moth|Quark Drive|[silent]
|
|t:|1779686826
|switch|p2a: Iron Treads|Iron Treads|100/100|[from] Flip Turn
|
|-weather|RainDance|[upkeep]
|upkeep
|
|t:|1779686830
|switch|p1a: Great Tusk|Great Tusk, shiny|100/100
|-enditem|p1a: Great Tusk|Booster Energy
|-activate|p1a: Great Tusk|ability: Protosynthesis|[fromitem]
|-start|p1a: Great Tusk|protosynthesisatk
|turn|5
|
|t:|1779686835
|-end|p2a: Iron Treads|Quark Drive|[silent]
|switch|p2a: Pelipper|Pelipper, M|100/100
|move|p1a: Great Tusk|Close Combat|p2a: Pelipper
|-resisted|p2a: Pelipper
|-damage|p2a: Pelipper|70/100
|-unboost|p1a: Great Tusk|def|1
|-unboost|p1a: Great Tusk|spd|1
|
|-weather|RainDance|[upkeep]
|upkeep
|turn|6
|c|☆goodnightnite|oh
|
|t:|1779686845
|move|p1a: Great Tusk|Head Smash|p2a: Pelipper
|-supereffective|p2a: Pelipper
|-damage|p2a: Pelipper|0 fnt
|faint|p2a: Pelipper
|-damage|p1a: Great Tusk|70/100|[from] Recoil
|
|-weather|RainDance|[upkeep]
|upkeep
|
|t:|1779686850
|switch|p2a: Zapdos|Zapdos|15/100
|turn|7
|
|t:|1779686852
|move|p2a: Zapdos|Hurricane|p1a: Great Tusk
|-supereffective|p1a: Great Tusk
|-damage|p1a: Great Tusk|0 fnt
|faint|p1a: Great Tusk
|-end|p1a: Great Tusk|Protosynthesis|[silent]
|
|-weather|RainDance|[upkeep]
|upkeep
|
|t:|1779686856
|switch|p1a: Ribombee|Ribombee, M, shiny|100/100
|turn|8
|
|t:|1779686858
|switch|p2a: Iron Treads|Iron Treads|100/100
|move|p1a: Ribombee|Moonblast|p2a: Iron Treads
|-resisted|p2a: Iron Treads
|-damage|p2a: Iron Treads|74/100
|
|-weather|none
|upkeep
|turn|9
|
|t:|1779686861
|move|p1a: Ribombee|Stun Spore|p2a: Iron Treads|[miss]
|-miss|p1a: Ribombee|p2a: Iron Treads
|move|p2a: Iron Treads|Ice Spinner|p1a: Ribombee
|-damage|p1a: Ribombee|48/100
|
|upkeep
|turn|10
|
|t:|1779686867
|move|p1a: Ribombee|Stun Spore|p2a: Iron Treads|[miss]
|-miss|p1a: Ribombee|p2a: Iron Treads
|move|p2a: Iron Treads|Rapid Spin|p1a: Ribombee
|-damage|p1a: Ribombee|17/100
|-boost|p2a: Iron Treads|spe|1
|
|upkeep
|turn|11
|
|t:|1779686871
|move|p2a: Iron Treads|Ice Spinner|p1a: Ribombee
|-damage|p1a: Ribombee|0 fnt
|faint|p1a: Ribombee
|
|upkeep
|
|t:|1779686874
|switch|p1a: Lokix|Lokix, F, shiny|100/100
|turn|12
|
|t:|1779686877
|move|p2a: Iron Treads|Stealth Rock|p1a: Lokix
|-sidestart|p1: goodnightnite|move: Stealth Rock
|move|p1a: Lokix|Swords Dance|p1a: Lokix
|-boost|p1a: Lokix|atk|2
|
|upkeep
|turn|13
|
|t:|1779686886
|-end|p2a: Iron Treads|Quark Drive|[silent]
|switch|p2a: Zapdos|Zapdos|15/100
|move|p1a: Lokix|Swords Dance|p1a: Lokix
|-boost|p1a: Lokix|atk|2
|
|upkeep
|turn|14
|
|t:|1779686889
|move|p1a: Lokix|Sucker Punch||[still]
|-fail|p1a: Lokix
|move|p2a: Zapdos|Roost|p2a: Zapdos
|-heal|p2a: Zapdos|65/100
|-singleturn|p2a: Zapdos|move: Roost
|
|upkeep
|turn|15
|
|t:|1779686896
|move|p1a: Lokix|Sucker Punch|p2a: Zapdos
|-damage|p2a: Zapdos|0 fnt
|faint|p2a: Zapdos
|-damage|p1a: Lokix|91/100|[from] item: Life Orb
|
|upkeep
|
|t:|1779686900
|switch|p2a: Barraskewda|Barraskewda, F|100/100
|turn|16
|
|t:|1779686906
|-terastallize|p2a: Barraskewda|Water
|move|p2a: Barraskewda|Flip Turn|p1a: Lokix
|-damage|p1a: Lokix|0 fnt
|faint|p1a: Lokix
|
|t:|1779686911
|switch|p2a: Iron Treads|Iron Treads|74/100|[from] Flip Turn
|
|upkeep
|
|t:|1779686915
|switch|p1a: Gholdengo|Gholdengo, shiny|100/100
|-damage|p1a: Gholdengo|94/100|[from] Stealth Rock
|-item|p1a: Gholdengo|Air Balloon
|turn|17
|j| euphoricpoptarts
|
|t:|1779686932
|-end|p2a: Iron Treads|Quark Drive|[silent]
|switch|p2a: Barraskewda|Barraskewda, F, tera:Water|100/100
|move|p1a: Gholdengo|Nasty Plot|p1a: Gholdengo
|-boost|p1a: Gholdengo|spa|2
|
|upkeep
|turn|18
|
|t:|1779686935
|move|p2a: Barraskewda|Liquidation|p1a: Gholdengo
|-damage|p1a: Gholdengo|0 fnt
|-enditem|p1a: Gholdengo|Air Balloon
|faint|p1a: Gholdengo
|
|upkeep
|
|t:|1779686939
|switch|p1a: Raging Bolt|Raging Bolt|100/100
|-damage|p1a: Raging Bolt|88/100|[from] Stealth Rock
|-enditem|p1a: Raging Bolt|Booster Energy
|-activate|p1a: Raging Bolt|ability: Protosynthesis|[fromitem]
|-start|p1a: Raging Bolt|protosynthesisspa
|turn|19
|
|t:|1779686943
|move|p2a: Barraskewda|Liquidation|p1a: Raging Bolt
|-resisted|p1a: Raging Bolt
|-damage|p1a: Raging Bolt|42/100
|move|p1a: Raging Bolt|Calm Mind|p1a: Raging Bolt
|-boost|p1a: Raging Bolt|spa|1
|-boost|p1a: Raging Bolt|spd|1
|
|upkeep
|turn|20
|
|t:|1779686948
|switch|p2a: Toxicroak|Toxicroak, M|100/100
|move|p1a: Raging Bolt|Thunderclap||[still]
|-fail|p1a: Raging Bolt
|
|upkeep
|turn|21
|
|t:|1779686951
|move|p1a: Raging Bolt|Thunderbolt|p2a: Toxicroak
|-damage|p2a: Toxicroak|0 fnt
|faint|p2a: Toxicroak
|
|upkeep
|
|t:|1779686953
|switch|p2a: Iron Treads|Iron Treads|74/100
|turn|22
|
|t:|1779686957
|-terastallize|p1a: Raging Bolt|Ghost
|move|p2a: Iron Treads|Earthquake|p1a: Raging Bolt
|-damage|p1a: Raging Bolt|0 fnt
|faint|p1a: Raging Bolt
|-end|p1a: Raging Bolt|Protosynthesis|[silent]
|
|win|chip wittley
|raw|goodnightnite's rating: 1663 &rarr; <strong>1645</strong><br />(-18 for losing)
|raw|chip wittley's rating: 1691 &rarr; <strong>1709</strong><br />(+18 for winning)
|l|☆goodnightnite
|player|p1|
|l| euphoricpoptarts
