|j|☆VizyViz
|j|☆brock4real
|t:|1779629698
|gametype|singles
|player|p1|VizyViz|lebanne|1465
|player|p2|brock4real|brock|1425
|gen|9
|tier|[Gen 9] OU
|rated|
|rule|HP Percentage Mod: HP is shown in percentages
|rule|Endless Battle Clause: Forcing endless battles is banned
|rule|Species Clause: Limit one of each Pokémon
|rule|OHKO Clause: OHKO moves are banned
|rule|Evasion Items Clause: Evasion items are banned
|rule|Evasion Moves Clause: Evasion moves are banned
|rule|Evasion Abilities Clause: Evasion abilities are banned
|rule|Sleep Moves Clause: Sleep-inducing moves are banned
|clearpoke
|poke|p1|Ceruledge, F|
|poke|p1|Dragonite, F|
|poke|p1|Great Tusk|
|poke|p1|Zapdos|
|poke|p1|Meowscarada, M|
|poke|p1|Keldeo-Resolute|
|poke|p2|Garganacl, F|
|poke|p2|Glimmora, F|
|poke|p2|Tyranitar, M|
|poke|p2|Ogerpon-Cornerstone, F|
|poke|p2|Iron Boulder|
|poke|p2|Kleavor, F|
|teampreview
|inactive|Battle timer is ON: inactive players will automatically lose when time's up. (requested by VizyViz)
|inactive|VizyViz has 120 seconds left.
|
|t:|1779629730
|teamsize|p1|6
|teamsize|p2|6
|start
|switch|p1a: gnx is a car|Great Tusk|100/100
|switch|p2a: Ogerpon|Ogerpon-Cornerstone, F|100/100
|turn|1
|
|t:|1779629739
|-end|p1a: gnx is a car|Protosynthesis|[silent]
|switch|p1a: electric slide|Zapdos|100/100
|move|p2a: Ogerpon|Trailblaze|p1a: electric slide
|-resisted|p1a: electric slide
|-damage|p1a: electric slide|88/100
|-boost|p2a: Ogerpon|spe|1
|
|upkeep
|turn|2
|
|t:|1779629757
|switch|p1a: gnx is a car|Great Tusk|100/100
|move|p2a: Ogerpon|Swords Dance|p2a: Ogerpon
|-boost|p2a: Ogerpon|atk|2
|
|upkeep
|turn|3
|
|t:|1779629774
|-terastallize|p1a: gnx is a car|Fairy
|move|p2a: Ogerpon|Horn Leech|p1a: gnx is a car
|-damage|p1a: gnx is a car|56/100
|-damage|p2a: Ogerpon|84/100|[from] item: Rocky Helmet|[of] p1a: gnx is a car
|move|p1a: gnx is a car|Headlong Rush|p2a: Ogerpon
|-damage|p2a: Ogerpon|12/100
|-unboost|p1a: gnx is a car|def|1
|-unboost|p1a: gnx is a car|spd|1
|
|upkeep
|turn|4
|inactive|VizyViz has 120 seconds left.
|
|t:|1779629809
|-end|p1a: gnx is a car|Protosynthesis|[silent]
|switch|p1a: big sean|Dragonite, F|100/100
|move|p2a: Ogerpon|Ivy Cudgel|p1a: big sean|[anim] Ivy Cudgel Rock
|-supereffective|p1a: big sean
|-damage|p1a: big sean|0 fnt
|faint|p1a: big sean
|
|upkeep
|
|t:|1779629816
|switch|p1a: maybach music|Keldeo-Resolute|100/100
|turn|5
|
|t:|1779629824
|move|p1a: maybach music|Vacuum Wave|p2a: Ogerpon
|-supereffective|p2a: Ogerpon
|-crit|p2a: Ogerpon
|-damage|p2a: Ogerpon|0 fnt
|faint|p2a: Ogerpon
|
|upkeep
|
|t:|1779629827
|switch|p2a: Tyranitar|Tyranitar, M|100/100
|-weather|Sandstorm|[from] ability: Sand Stream|[of] p2a: Tyranitar
|turn|6
|inactive|VizyViz has 120 seconds left.
|
|t:|1779629833
|move|p1a: maybach music|Vacuum Wave|p2a: Tyranitar
|-supereffective|p2a: Tyranitar
|-damage|p2a: Tyranitar|53/100
|move|p2a: Tyranitar|Dragon Tail|p1a: maybach music
|-damage|p1a: maybach music|81/100
|drag|p1a: electric slide|Zapdos|88/100
|
|-weather|Sandstorm|[upkeep]
|-damage|p1a: electric slide|82/100|[from] Sandstorm
|upkeep
|turn|7
|
|t:|1779629843
|move|p1a: electric slide|Volt Switch|p2a: Tyranitar
|-damage|p2a: Tyranitar|39/100
|
|t:|1779629845
|switch|p1a: all the stars|Meowscarada, M|100/100|[from] Volt Switch
|move|p2a: Tyranitar|Knock Off|p1a: all the stars
|-resisted|p1a: all the stars
|-damage|p1a: all the stars|70/100
|-enditem|p1a: all the stars|Choice Scarf|[from] move: Knock Off|[of] p2a: Tyranitar
|
|-weather|Sandstorm|[upkeep]
|-damage|p1a: all the stars|64/100|[from] Sandstorm
|upkeep
|turn|8
|inactive|VizyViz has 120 seconds left.
|
|t:|1779629867
|move|p1a: all the stars|Flower Trick|p2a: Tyranitar
|-start|p1a: all the stars|typechange|Grass|[from] ability: Protean
|-supereffective|p2a: Tyranitar
|-crit|p2a: Tyranitar
|-damage|p2a: Tyranitar|0 fnt
|faint|p2a: Tyranitar
|
|-weather|Sandstorm|[upkeep]
|-damage|p1a: all the stars|57/100|[from] Sandstorm
|upkeep
|
|t:|1779629884
|switch|p2a: Kleavor|Kleavor, F|100/100
|turn|9
|
|t:|1779629897
|switch|p1a: gnx is a car|Great Tusk, tera:Fairy|56/100
|move|p2a: Kleavor|U-turn|p1a: gnx is a car
|-resisted|p1a: gnx is a car
|-damage|p1a: gnx is a car|47/100
|-damage|p2a: Kleavor|84/100|[from] item: Rocky Helmet|[of] p1a: gnx is a car
|
|t:|1779629906
|switch|p2a: Garganacl|Garganacl, F|100/100|[from] U-turn
|
|-weather|Sandstorm|[upkeep]
|-damage|p1a: gnx is a car|40/100|[from] Sandstorm
|upkeep
|turn|10
|
|t:|1779629913
|-terastallize|p2a: Garganacl|Ghost
|move|p1a: gnx is a car|Stealth Rock|p2a: Garganacl
|-sidestart|p2: brock4real|move: Stealth Rock
|move|p2a: Garganacl|Iron Defense|p2a: Garganacl
|-boost|p2a: Garganacl|def|2
|
|-weather|Sandstorm|[upkeep]
|-damage|p1a: gnx is a car|34/100|[from] Sandstorm
|-damage|p2a: Garganacl|94/100|[from] Sandstorm
|-heal|p2a: Garganacl|100/100|[from] item: Leftovers
|upkeep
|turn|11
|
|t:|1779629919
|move|p1a: gnx is a car|Knock Off|p2a: Garganacl
|-supereffective|p2a: Garganacl
|-damage|p2a: Garganacl|82/100
|-enditem|p2a: Garganacl|Leftovers|[from] move: Knock Off|[of] p1a: gnx is a car
|move|p2a: Garganacl|Salt Cure|p1a: gnx is a car
|-damage|p1a: gnx is a car|27/100
|-start|p1a: gnx is a car|Salt Cure
|
|-weather|Sandstorm|[upkeep]
|-damage|p1a: gnx is a car|21/100|[from] Sandstorm
|-damage|p2a: Garganacl|76/100|[from] Sandstorm
|-damage|p1a: gnx is a car|8/100|[from] Salt Cure
|upkeep
|turn|12
|
|t:|1779629930
|move|p1a: gnx is a car|Headlong Rush|p2a: Garganacl
|-damage|p2a: Garganacl|58/100
|-unboost|p1a: gnx is a car|def|1
|-unboost|p1a: gnx is a car|spd|1
|move|p2a: Garganacl|Recover|p2a: Garganacl
|-heal|p2a: Garganacl|100/100
|
|-weather|Sandstorm|[upkeep]
|-damage|p1a: gnx is a car|2/100|[from] Sandstorm
|-damage|p2a: Garganacl|94/100|[from] Sandstorm
|-damage|p1a: gnx is a car|0 fnt|[from] Salt Cure
|faint|p1a: gnx is a car
|-end|p1a: gnx is a car|Protosynthesis|[silent]
|upkeep
|
|t:|1779629939
|switch|p1a: maybach music|Keldeo-Resolute|81/100
|turn|13
|
|t:|1779629942
|move|p1a: maybach music|Hydro Pump|p2a: Garganacl
|-damage|p2a: Garganacl|32/100
|move|p2a: Garganacl|Salt Cure|p1a: maybach music
|-resisted|p1a: maybach music
|-damage|p1a: maybach music|73/100
|-start|p1a: maybach music|Salt Cure
|
|-weather|none
|-damage|p1a: maybach music|48/100|[from] Salt Cure
|upkeep
|turn|14
|
|t:|1779629953
|move|p1a: maybach music|Hydro Pump|p2a: Garganacl|[miss]
|-miss|p1a: maybach music|p2a: Garganacl
|move|p2a: Garganacl|Recover|p2a: Garganacl
|-heal|p2a: Garganacl|82/100
|
|-damage|p1a: maybach music|23/100|[from] Salt Cure
|upkeep
|turn|15
|
|t:|1779629963
|switch|p1a: electric slide|Zapdos|82/100
|switch|p2a: Iron Boulder|Iron Boulder|100/100
|-damage|p2a: Iron Boulder|88/100|[from] Stealth Rock
|-enditem|p2a: Iron Boulder|Booster Energy
|-activate|p2a: Iron Boulder|ability: Quark Drive|[fromitem]
|-start|p2a: Iron Boulder|quarkdrivespe
|
|upkeep
|turn|16
|
|t:|1779629973
|move|p2a: Iron Boulder|Mighty Cleave|p1a: electric slide
|-supereffective|p1a: electric slide
|-damage|p1a: electric slide|0 fnt
|faint|p1a: electric slide
|
|upkeep
|
|t:|1779629984
|switch|p1a: let's get active!|Ceruledge, F|100/100
|turn|17
|
|t:|1779629993
|move|p2a: Iron Boulder|Mighty Cleave|p1a: let's get active!
|-supereffective|p1a: let's get active!
|-enditem|p1a: let's get active!|Focus Sash
|-damage|p1a: let's get active!|1/100
|-ability|p1a: let's get active!|Weak Armor|boost
|-unboost|p1a: let's get active!|def|1
|-boost|p1a: let's get active!|spe|2
|move|p1a: let's get active!|Swords Dance|p1a: let's get active!
|-boost|p1a: let's get active!|atk|2
|
|upkeep
|turn|18
|
|t:|1779629999
|move|p1a: let's get active!|Shadow Sneak|p2a: Iron Boulder
|-supereffective|p2a: Iron Boulder
|-damage|p2a: Iron Boulder|0 fnt
|faint|p2a: Iron Boulder
|-end|p2a: Iron Boulder|Quark Drive|[silent]
|
|upkeep
|
|t:|1779630017
|switch|p2a: Garganacl|Garganacl, F, tera:Ghost|82/100
|-damage|p2a: Garganacl|70/100|[from] Stealth Rock
|turn|19
|
|t:|1779630024
|move|p1a: let's get active!|Bitter Blade|p2a: Garganacl
|-damage|p2a: Garganacl|11/100
|-heal|p1a: let's get active!|42/100|[from] drain|[of] p2a: Garganacl
|move|p2a: Garganacl|Salt Cure|p1a: let's get active!
|-supereffective|p1a: let's get active!
|-damage|p1a: let's get active!|0 fnt
|faint|p1a: let's get active!
|
|upkeep
|
|t:|1779630042
|switch|p1a: maybach music|Keldeo-Resolute|23/100
|turn|20
|
|t:|1779630049
|move|p1a: maybach music|Hydro Pump|p2a: Garganacl
|-damage|p2a: Garganacl|0 fnt
|faint|p2a: Garganacl
|
|upkeep
|
|t:|1779630068
|switch|p2a: Glimmora|Glimmora, F|100/100
|-damage|p2a: Glimmora|88/100|[from] Stealth Rock
|turn|21
|
|t:|1779630074
|move|p1a: maybach music|Hydro Pump|p2a: Glimmora
|-supereffective|p2a: Glimmora
|-damage|p2a: Glimmora|0 fnt
|faint|p2a: Glimmora
|
|upkeep
|
|t:|1779630076
|switch|p2a: Kleavor|Kleavor, F|84/100
|-damage|p2a: Kleavor|59/100|[from] Stealth Rock
|turn|22
|inactive|VizyViz has 120 seconds left.
|
|t:|1779630124
|move|p2a: Kleavor|Aerial Ace|p1a: maybach music
|-supereffective|p1a: maybach music
|-damage|p1a: maybach music|0 fnt
|faint|p1a: maybach music
|
|upkeep
|
|t:|1779630129
|switch|p1a: all the stars|Meowscarada, M|57/100
|turn|23
|
|t:|1779630132
|move|p2a: Kleavor|Aerial Ace|p1a: all the stars
|-supereffective|p1a: all the stars
|-damage|p1a: all the stars|0 fnt
|faint|p1a: all the stars
|
|win|brock4real
|raw|VizyViz's rating: 1465 &rarr; <strong>1441</strong><br />(-24 for losing)
|raw|brock4real's rating: 1400 &rarr; <strong>1424</strong><br />(+24 for winning)
|l|☆VizyViz
|player|p1|
|l|☆brock4real
|player|p2|
