|badge|p1|bronze|gen9randombattle|100-9
|uhtml|medal-msg|<div class="broadcast-blue">Curious what those medals under the avatar are? PS now has Ladder Seasons! For more information, check out the <a href="https://www.smogon.com/forums/threads/3740067/">thread on Smogon.</a></div>
|j|☆Gloriousplays
|j|☆KeyBlaster
|t:|1779630562
|gametype|singles
|player|p1|Gloriousplays|ash|1537
|player|p2|KeyBlaster|101|1481
|gen|9
|tier|[Gen 9] OU
|rated|
|rule|HP Percentage Mod: HP is shown in percentages
|rule|Endless Battle Clause: Forcing endless battles is banned
|rule|Species Clause: Limit one of each Pokémon
|rule|OHKO Clause: OHKO moves are banned
|rule|Evasion Items Clause: Evasion items are banned
|rule|Evasion Moves Clause: Evasion moves are banned
|rule|Evasion Abilities Clause: Evasion abilities are banned
|rule|Sleep Moves Clause: Sleep-inducing moves are banned
|clearpoke
|poke|p1|Zamazenta-*|
|poke|p1|Braviary-Hisui, M|
|poke|p1|Gholdengo|
|poke|p1|Raging Bolt|
|poke|p1|Hatterene, F|
|poke|p1|Darkrai|
|poke|p2|Kingambit, M|
|poke|p2|Glimmora, M|
|poke|p2|Deoxys-Speed|
|poke|p2|Meowscarada, F|
|poke|p2|Dragonite, F|
|poke|p2|Gholdengo|
|teampreview
|
|t:|1779630575
|teamsize|p1|6
|teamsize|p2|6
|start
|switch|p1a: Zamazenta|Zamazenta|100/100
|switch|p2a: Glimmora|Glimmora, M|100/100
|-ability|p1a: Zamazenta|Dauntless Shield|boost
|-boost|p1a: Zamazenta|def|1
|turn|1
|
|t:|1779630592
|move|p1a: Zamazenta|Reflect|p1a: Zamazenta
|-sidestart|p1: Gloriousplays|Reflect
|move|p2a: Glimmora|Mortal Spin|p1a: Zamazenta
|-damage|p1a: Zamazenta|99/100
|-status|p1a: Zamazenta|psn
|
|-damage|p1a: Zamazenta|86/100 psn|[from] psn
|upkeep
|turn|2
|
|t:|1779630599
|switch|p1a: Hatterene|Hatterene, F|100/100
|move|p2a: Glimmora|Stealth Rock|p1a: Hatterene
|move|p1a: Hatterene|Stealth Rock|p2a: Glimmora|[from] ability: Magic Bounce
|-sidestart|p2: KeyBlaster|move: Stealth Rock
|
|upkeep
|turn|3
|
|t:|1779630609
|switch|p1a: Zamazenta|Zamazenta|86/100 psn
|move|p2a: Glimmora|Mortal Spin|p1a: Zamazenta
|-damage|p1a: Zamazenta|84/100 psn
|-sideend|p2: KeyBlaster|Stealth Rock|[from] move: Mortal Spin|[of] p2a: Glimmora
|
|-damage|p1a: Zamazenta|71/100 psn|[from] psn
|upkeep
|turn|4
|
|t:|1779630615
|move|p1a: Zamazenta|Light Screen|p1a: Zamazenta
|-sidestart|p1: Gloriousplays|move: Light Screen
|move|p2a: Glimmora|Earth Power|p1a: Zamazenta
|-damage|p1a: Zamazenta|59/100 psn
|
|-damage|p1a: Zamazenta|47/100 psn|[from] psn
|upkeep
|turn|5
|
|t:|1779630624
|switch|p1a: Hatterene|Hatterene, F|100/100
|move|p2a: Glimmora|Earth Power|p1a: Hatterene
|-damage|p1a: Hatterene|83/100
|-unboost|p1a: Hatterene|spd|1
|
|-heal|p1a: Hatterene|89/100|[from] item: Leftovers
|upkeep
|turn|6
|
|t:|1779630632
|move|p2a: Glimmora|Mortal Spin|p1a: Hatterene
|-supereffective|p1a: Hatterene
|-damage|p1a: Hatterene|83/100
|-status|p1a: Hatterene|psn
|move|p1a: Hatterene|Nuzzle|p2a: Glimmora
|-damage|p2a: Glimmora|96/100
|-status|p2a: Glimmora|par
|-activate|p2a: Glimmora|ability: Toxic Debris
|-sidestart|p1: Gloriousplays|move: Toxic Spikes
|
|-heal|p1a: Hatterene|89/100 psn|[from] item: Leftovers
|-damage|p1a: Hatterene|77/100 psn|[from] psn
|upkeep
|turn|7
|
|t:|1779630640
|switch|p1a: Gholdengo|Gholdengo|100/100
|move|p2a: Glimmora|Mortal Spin|p1a: Gholdengo
|-immune|p1a: Gholdengo
|
|upkeep
|turn|8
|
|t:|1779630643
|move|p1a: Gholdengo|Nasty Plot|p1a: Gholdengo
|-boost|p1a: Gholdengo|spa|2
|move|p2a: Glimmora|Stealth Rock|p1a: Gholdengo
|-sidestart|p1: Gloriousplays|move: Stealth Rock
|
|-sideend|p1: Gloriousplays|Reflect
|upkeep
|turn|9
|
|t:|1779630648
|move|p1a: Gholdengo|Make It Rain|p2a: Glimmora
|-supereffective|p2a: Glimmora
|-damage|p2a: Glimmora|0 fnt
|-unboost|p1a: Gholdengo|spa|1
|faint|p2a: Glimmora
|
|upkeep
|
|t:|1779630652
|switch|p2a: Meowscarada|Meowscarada, F|100/100
|turn|10
|
|t:|1779630657
|move|p2a: Meowscarada|Knock Off|p1a: Gholdengo
|-start|p2a: Meowscarada|typechange|Dark|[from] ability: Protean
|-supereffective|p1a: Gholdengo
|-damage|p1a: Gholdengo|0 fnt
|-enditem|p1a: Gholdengo|Metal Coat|[from] move: Knock Off|[of] p2a: Meowscarada
|faint|p1a: Gholdengo
|
|upkeep
|
|t:|1779630664
|switch|p1a: xerxes|Braviary-Hisui, M, shiny|100/100
|turn|11
|
|t:|1779630669
|-terastallize|p1a: xerxes|Fighting
|move|p2a: Meowscarada|Knock Off|p1a: xerxes
|-resisted|p1a: xerxes
|-damage|p1a: xerxes|75/100
|-enditem|p1a: xerxes|Heavy-Duty Boots|[from] move: Knock Off|[of] p2a: Meowscarada
|move|p1a: xerxes|Calm Mind|p1a: xerxes
|-boost|p1a: xerxes|spa|1
|-boost|p1a: xerxes|spd|1
|
|-sideend|p1: Gloriousplays|move: Light Screen
|upkeep
|turn|12
|
|t:|1779630675
|switch|p2a: Gholdengo|Gholdengo|100/100
|move|p1a: xerxes|Esper Wing|p2a: Gholdengo
|-resisted|p2a: Gholdengo
|-damage|p2a: Gholdengo|58/100
|-boost|p1a: xerxes|spe|1
|
|-heal|p2a: Gholdengo|64/100|[from] item: Leftovers
|upkeep
|turn|13
|
|t:|1779630685
|move|p1a: xerxes|Calm Mind|p1a: xerxes
|-boost|p1a: xerxes|spa|1
|-boost|p1a: xerxes|spd|1
|move|p2a: Gholdengo|Make It Rain|p1a: xerxes
|-damage|p1a: xerxes|42/100
|-unboost|p2a: Gholdengo|spa|1
|
|-heal|p2a: Gholdengo|70/100|[from] item: Leftovers
|upkeep
|turn|14
|
|t:|1779630690
|move|p1a: xerxes|Roost|p1a: xerxes
|-heal|p1a: xerxes|92/100
|move|p2a: Gholdengo|Nasty Plot|p2a: Gholdengo
|-boost|p2a: Gholdengo|spa|2
|
|-heal|p2a: Gholdengo|76/100|[from] item: Leftovers
|upkeep
|turn|15
|
|t:|1779630694
|move|p1a: xerxes|Calm Mind|p1a: xerxes
|-boost|p1a: xerxes|spa|1
|-boost|p1a: xerxes|spd|1
|move|p2a: Gholdengo|Nasty Plot|p2a: Gholdengo
|-boost|p2a: Gholdengo|spa|2
|
|-heal|p2a: Gholdengo|83/100|[from] item: Leftovers
|upkeep
|turn|16
|
|t:|1779630700
|move|p1a: xerxes|Esper Wing|p2a: Gholdengo
|-resisted|p2a: Gholdengo
|-damage|p2a: Gholdengo|15/100
|-boost|p1a: xerxes|spe|1
|move|p2a: Gholdengo|Nasty Plot|p2a: Gholdengo
|-boost|p2a: Gholdengo|spa|2
|
|-heal|p2a: Gholdengo|21/100|[from] item: Leftovers
|upkeep
|turn|17
|
|t:|1779630704
|move|p1a: xerxes|Esper Wing|p2a: Gholdengo
|-resisted|p2a: Gholdengo
|-damage|p2a: Gholdengo|0 fnt
|-boost|p1a: xerxes|spe|1
|faint|p2a: Gholdengo
|
|upkeep
|
|t:|1779630715
|switch|p2a: Meowscarada|Meowscarada, F|100/100
|turn|18
|
|t:|1779630720
|move|p1a: xerxes|Vacuum Wave|p2a: Meowscarada
|-supereffective|p2a: Meowscarada
|-damage|p2a: Meowscarada|0 fnt
|faint|p2a: Meowscarada
|
|upkeep
|
|t:|1779630728
|switch|p2a: Dragonite|Dragonite, F|100/100
|turn|19
|
|t:|1779630732
|move|p1a: xerxes|Esper Wing|p2a: Dragonite
|-damage|p2a: Dragonite|60/100
|-boost|p1a: xerxes|spe|1
|move|p2a: Dragonite|Dragon Dance|p2a: Dragonite
|-boost|p2a: Dragonite|atk|1
|-boost|p2a: Dragonite|spe|1
|
|upkeep
|turn|20
|
|t:|1779630735
|move|p2a: Dragonite|Extreme Speed|p1a: xerxes
|-crit|p1a: xerxes
|-damage|p1a: xerxes|38/100
|move|p1a: xerxes|Esper Wing|p2a: Dragonite
|-damage|p2a: Dragonite|0 fnt
|-boost|p1a: xerxes|spe|1
|faint|p2a: Dragonite
|
|upkeep
|
|t:|1779630739
|switch|p2a: Deoxys|Deoxys-Speed|100/100
|-ability|p2a: Deoxys|Pressure
|turn|21
|
|t:|1779630747
|move|p1a: xerxes|Roost|p1a: xerxes
|-heal|p1a: xerxes|88/100
|move|p2a: Deoxys|Psycho Boost|p1a: xerxes
|-supereffective|p1a: xerxes
|-damage|p1a: xerxes|1/100
|-unboost|p2a: Deoxys|spa|2
|
|upkeep
|turn|22
|
|t:|1779630795
|move|p1a: xerxes|Roost|p1a: xerxes
|-heal|p1a: xerxes|51/100
|move|p2a: Deoxys|Psycho Boost|p1a: xerxes
|-supereffective|p1a: xerxes
|-crit|p1a: xerxes
|-damage|p1a: xerxes|0 fnt
|-unboost|p2a: Deoxys|spa|2
|faint|p1a: xerxes
|
|upkeep
|
|t:|1779630805
|switch|p1a: Raging Bolt|Raging Bolt|100/100
|-status|p1a: Raging Bolt|psn
|-damage|p1a: Raging Bolt|88/100 psn|[from] Stealth Rock
|-enditem|p1a: Raging Bolt|Booster Energy
|-activate|p1a: Raging Bolt|ability: Protosynthesis|[fromitem]
|-start|p1a: Raging Bolt|protosynthesisspa
|turn|23
|
|t:|1779630823
|move|p2a: Deoxys|Psycho Boost|p1a: Raging Bolt
|-damage|p1a: Raging Bolt|56/100 psn
|-unboost|p2a: Deoxys|spa|2
|move|p1a: Raging Bolt|Calm Mind|p1a: Raging Bolt
|-boost|p1a: Raging Bolt|spa|1
|-boost|p1a: Raging Bolt|spd|1
|
|-damage|p1a: Raging Bolt|43/100 psn|[from] psn
|upkeep
|turn|24
|
|t:|1779630835
|move|p1a: Raging Bolt|Thunderclap|p2a: Deoxys
|-damage|p2a: Deoxys|0 fnt
|faint|p2a: Deoxys
|
|-damage|p1a: Raging Bolt|31/100 psn|[from] psn
|upkeep
|
|t:|1779630838
|switch|p2a: Kingambit|Kingambit, M|100/100
|-activate|p2a: Kingambit|ability: Supreme Overlord
|-start|p2a: Kingambit|fallen5|[silent]
|turn|25
|
|t:|1779630841
|move|p1a: Raging Bolt|Thunderbolt|p2a: Kingambit
|-damage|p2a: Kingambit|0 fnt
|faint|p2a: Kingambit
|-end|p2a: Kingambit|fallen5|[silent]
|
|win|Gloriousplays
|raw|Gloriousplays's rating: 1537 &rarr; <strong>1554</strong><br />(+17 for winning)
|raw|KeyBlaster's rating: 1481 &rarr; <strong>1464</strong><br />(-17 for losing)
