|j|☆encore21768768
|j|☆Abyssal Bot
|t:|1779650861
|gametype|singles
|player|p1|encore21768768|266|
|player|p2|Abyssal Bot|supernerd|
|teamsize|p1|6
|teamsize|p2|6
|gen|9
|tier|[Gen 9] OU
|rule|Species Clause: Limit one of each Pokémon
|rule|OHKO Clause: OHKO moves are banned
|rule|Evasion Items Clause: Evasion items are banned
|rule|Evasion Moves Clause: Evasion moves are banned
|rule|Endless Battle Clause: Forcing endless battles is banned
|rule|HP Percentage Mod: HP is shown in percentages
|rule|Sleep Moves Clause: Sleep-inducing moves are banned
|clearpoke
|poke|p1|Metagross|
|poke|p1|Corviknight, F|
|poke|p1|Landorus-Therian, M|
|poke|p1|Decidueye, F|
|poke|p1|Grafaiai, F|
|poke|p1|Ninetales-Alola, F|
|poke|p2|Kingambit, F|
|poke|p2|Cinderace, F|
|poke|p2|Landorus-Therian, M|
|poke|p2|Iron Valiant|
|poke|p2|Kyurem|
|poke|p2|Slowking-Galar, M|
|teampreview
|c|☆Abyssal Bot|**WARNING**: Expect much hax.
|inactive|Battle timer is ON: inactive players will automatically lose when time's up. (requested by Abyssal Bot)
|j|*Turbo Bottttt
|
|t:|1779650870
|start
|switch|p1a: hank|Metagross|100/100
|switch|p2a: Homelandor|Landorus-Therian, M, shiny|100/100
|-ability|p2a: Homelandor|Intimidate|boost
|-fail|p1a: hank|unboost|[from] ability: Clear Body|[of] p1a: hank
|turn|1
|
|t:|1779650874
|switch|p1a: visit|Landorus-Therian, M|100/100
|-ability|p1a: visit|Intimidate|boost
|-unboost|p2a: Homelandor|atk|1
|move|p2a: Homelandor|Taunt|p1a: visit
|-start|p1a: visit|move: Taunt
|
|upkeep
|turn|2
|
|t:|1779650878
|switch|p2a: Mr. Freeze|Kyurem, shiny|100/100
|-ability|p2a: Mr. Freeze|Pressure
|move|p1a: visit|Stone Edge|p2a: Mr. Freeze
|-supereffective|p2a: Mr. Freeze
|-crit|p2a: Mr. Freeze
|-damage|p2a: Mr. Freeze|13/100
|
|upkeep
|turn|3
|c|☆Abyssal Bot|I should be the one who gets hax ;-;
|
|t:|1779650894
|switch|p1a: mama III|Ninetales-Alola, F|100/100
|-weather|Snow|[from] ability: Snow Warning|[of] p1a: mama III
|move|p2a: Mr. Freeze|Draco Meteor|p1a: mama III
|-immune|p1a: mama III
|
|-weather|Snow|[upkeep]
|upkeep
|turn|4
|l|☆encore21768768
|inactive|encore21768768 disconnected and has 300 seconds to reconnect!
|player|p1|
|inactive|encore21768768 has 270 seconds to reconnect!
|j|☆encore21768768
|inactive|encore21768768 reconnected and has 285 seconds left.
|player|p1|encore21768768|266|
|n|☆encore21768768|encore21768768
|
|t:|1779650967
|switch|p2a: Kristine|Cinderace, F, shiny|100/100
|move|p1a: mama III|Aurora Veil|p1a: mama III
|-sidestart|p1: encore21768768|move: Aurora Veil
|
|-weather|Snow|[upkeep]
|upkeep
|turn|5
|
|t:|1779650980
|switch|p1a: visit|Landorus-Therian, M|100/100
|-ability|p1a: visit|Intimidate|boost
|-unboost|p2a: Kristine|atk|1
|move|p2a: Kristine|Pyro Ball|p1a: visit
|-crit|p1a: visit
|-damage|p1a: visit|28/100
|
|-weather|Snow|[upkeep]
|upkeep
|turn|6
|c|☆Abyssal Bot|YASS!
|
|t:|1779650985
|move|p2a: Kristine|Pyro Ball|p1a: visit
|-damage|p1a: visit|10/100
|move|p1a: visit|Earthquake|p2a: Kristine
|-supereffective|p2a: Kristine
|-damage|p2a: Kristine|0
|faint|p2a: Kristine
|
|-weather|Snow|[upkeep]
|upkeep
|
|t:|1779650985
|switch|p2a: Homelandor|Landorus-Therian, M, shiny|100/100
|-ability|p2a: Homelandor|Intimidate|boost
|-unboost|p1a: visit|atk|1
|turn|7
|
|t:|1779650991
|switch|p1a: special guest|Corviknight, F|100/100
|-ability|p1a: special guest|Pressure
|move|p2a: Homelandor|U-turn|p1a: special guest
|-resisted|p1a: special guest
|-damage|p1a: special guest|99/100
|
|t:|1779650991
|switch|p2a: Daenerys|Kingambit, F|100/100|[from] U-turn
|-activate|p2a: Daenerys|ability: Supreme Overlord
|-start|p2a: Daenerys|fallen1|[silent]
|
|-weather|none
|upkeep
|turn|8
|
|t:|1779650998
|move|p1a: special guest|Iron Defense|p1a: special guest
|-boost|p1a: special guest|def|2
|move|p2a: Daenerys|Kowtow Cleave|p1a: special guest
|-damage|p1a: special guest|87/100
|
|upkeep
|turn|9
|
|t:|1779651005
|move|p1a: special guest|Body Press|p2a: Daenerys
|-supereffective|p2a: Daenerys
|-damage|p2a: Daenerys|0
|faint|p2a: Daenerys
|-end|p2a: Daenerys|fallen1|[silent]
|
|upkeep
|
|t:|1779651005
|switch|p2a: SlodogChillionaire|Slowking-Galar, M, shiny|100/100
|turn|10
|
|t:|1779651018
|switch|p1a: hank|Metagross|100/100
|move|p2a: SlodogChillionaire|Surf|p1a: hank
|-damage|p1a: hank|90/100
|
|upkeep
|turn|11
|
|t:|1779651040
|switch|p2a: Homelandor|Landorus-Therian, M, shiny|100/100
|-ability|p2a: Homelandor|Intimidate|boost
|-fail|p1a: hank|unboost|[from] ability: Clear Body|[of] p1a: hank
|move|p1a: hank|Stealth Rock|p2a: Homelandor
|-sidestart|p2: Abyssal Bot|move: Stealth Rock
|
|-sideend|p1: encore21768768|move: Aurora Veil
|upkeep
|turn|12
|
|t:|1779651048
|switch|p1a: special guest|Corviknight, F|87/100
|-ability|p1a: special guest|Pressure
|move|p2a: Homelandor|Earth Power|p1a: special guest
|-immune|p1a: special guest
|
|upkeep
|turn|13
|
|t:|1779651056
|switch|p2a: SlodogChillionaire|Slowking-Galar, M, shiny|100/100
|move|p1a: special guest|Iron Defense|p1a: special guest
|-boost|p1a: special guest|def|2
|
|upkeep
|turn|14
|
|t:|1779651059
|move|p1a: special guest|Iron Defense|p1a: special guest
|-boost|p1a: special guest|def|2
|move|p2a: SlodogChillionaire|Chilly Reception|p2a: SlodogChillionaire
|-weather|Snow
|
|t:|1779651059
|switch|p2a: Homelandor|Landorus-Therian, M, shiny|100/100|[from] Chilly Reception
|-damage|p2a: Homelandor|88/100|[from] Stealth Rock|[of] p1: hank
|-ability|p2a: Homelandor|Intimidate|boost
|-unboost|p1a: special guest|atk|1
|
|-weather|Snow|[upkeep]
|upkeep
|turn|15
|
|t:|1779651062
|switch|p2a: SlodogChillionaire|Slowking-Galar, M, shiny|100/100
|move|p1a: special guest|Iron Defense|p1a: special guest
|-boost|p1a: special guest|def|2
|
|-weather|Snow|[upkeep]
|upkeep
|turn|16
|
|t:|1779651065
|move|p1a: special guest|Body Press|p2a: SlodogChillionaire
|-resisted|p2a: SlodogChillionaire
|-damage|p2a: SlodogChillionaire|76/100
|move|p2a: SlodogChillionaire|Chilly Reception|p2a: SlodogChillionaire
|
|t:|1779651066
|switch|p2a: Homelandor|Landorus-Therian, M, shiny|88/100|[from] Chilly Reception
|-damage|p2a: Homelandor|76/100|[from] Stealth Rock|[of] p1: hank
|-ability|p2a: Homelandor|Intimidate|boost
|-unboost|p1a: special guest|atk|1
|
|-weather|Snow|[upkeep]
|upkeep
|turn|17
|
|t:|1779651075
|switch|p2a: SlodogChillionaire|Slowking-Galar, M, shiny|100/100
|move|p1a: special guest|Body Press|p2a: SlodogChillionaire
|-resisted|p2a: SlodogChillionaire
|-damage|p2a: SlodogChillionaire|75/100
|
|-weather|Snow|[upkeep]
|upkeep
|turn|18
|
|t:|1779651080
|move|p1a: special guest|Body Press|p2a: SlodogChillionaire
|-resisted|p2a: SlodogChillionaire
|-damage|p2a: SlodogChillionaire|52/100
|move|p2a: SlodogChillionaire|Future Sight|p1a: special guest
|-start|p2a: SlodogChillionaire|move: Future Sight
|
|-weather|none
|upkeep
|turn|19
|
|t:|1779651088
|move|p1a: special guest|Body Press|p2a: SlodogChillionaire
|-resisted|p2a: SlodogChillionaire
|-damage|p2a: SlodogChillionaire|27/100
|move|p2a: SlodogChillionaire|Surf|p1a: special guest
|-crit|p1a: special guest
|-damage|p1a: special guest|58/100
|
|upkeep
|turn|20
|c|☆Abyssal Bot|YASS!
|
|t:|1779651094
|move|p1a: special guest|Roost|p1a: special guest
|-heal|p1a: special guest|100/100
|-singleturn|p1a: special guest|move: Roost
|move|p2a: SlodogChillionaire|Future Sight||[still]
|-fail|p2a: SlodogChillionaire
|
|-end|p1a: special guest|move: Future Sight
|-resisted|p1a: special guest
|-damage|p1a: special guest|84/100
|upkeep
|turn|21
|
|t:|1779651097
|move|p1a: special guest|Body Press|p2a: SlodogChillionaire
|-resisted|p2a: SlodogChillionaire
|-damage|p2a: SlodogChillionaire|3/100
|move|p2a: SlodogChillionaire|Future Sight|p1a: special guest
|-start|p2a: SlodogChillionaire|move: Future Sight
|
|upkeep
|turn|22
|
|t:|1779651106
|move|p1a: special guest|Body Press|p2a: SlodogChillionaire
|-resisted|p2a: SlodogChillionaire
|-damage|p2a: SlodogChillionaire|0
|faint|p2a: SlodogChillionaire
|
|upkeep
|
|t:|1779651106
|switch|p2a: Homelandor|Landorus-Therian, M, shiny|76/100
|-damage|p2a: Homelandor|63/100|[from] Stealth Rock|[of] p1: hank
|-ability|p2a: Homelandor|Intimidate|boost
|-unboost|p1a: special guest|atk|1
|turn|23
|
|t:|1779651110
|move|p2a: Homelandor|Stealth Rock|p1a: special guest
|-sidestart|p1: encore21768768|move: Stealth Rock
|move|p1a: special guest|Body Press|p2a: Homelandor
|-resisted|p2a: Homelandor
|-damage|p2a: Homelandor|33/100
|-damage|p1a: special guest|67/100|[from] item: Rocky Helmet|[of] p2a: Homelandor
|
|-end|p1a: special guest|move: Future Sight
|-resisted|p1a: special guest
|-damage|p1a: special guest|48/100
|upkeep
|turn|24
|
|t:|1779651116
|move|p2a: Homelandor|Taunt|p1a: special guest
|-start|p1a: special guest|move: Taunt
|cant|p1a: special guest|move: Taunt|Roost
|
|upkeep
|turn|25
|
|t:|1779651128
|move|p2a: Homelandor|U-turn|p1a: special guest
|-resisted|p1a: special guest
|-damage|p1a: special guest|47/100
|
|t:|1779651128
|switch|p2a: Mr. Freeze|Kyurem, shiny|13/100|[from] U-turn
|-damage|p2a: Mr. Freeze|0|[from] Stealth Rock|[of] p1: hank
|faint|p2a: Mr. Freeze
|move|p1a: special guest|Body Press|p2: Mr. Freeze|[notarget]
|-fail|p1a: special guest
|
|upkeep
|
|t:|1779651128
|switch|p2a: Homelandor|Landorus-Therian, M, shiny|33/100
|-damage|p2a: Homelandor|21/100|[from] Stealth Rock|[of] p1: hank
|-ability|p2a: Homelandor|Intimidate|boost
|-unboost|p1a: special guest|atk|1
|turn|26
|
|t:|1779651144
|switch|p1a: visit|Landorus-Therian, M|10/100
|-ability|p1a: visit|Intimidate|boost
|-unboost|p2a: Homelandor|atk|1
|move|p2a: Homelandor|U-turn|p1a: visit
|-resisted|p1a: visit
|-damage|p1a: visit|3/100
|
|t:|1779651144
|switch|p2a: WALL-Y|Iron Valiant|100/100|[from] U-turn
|-damage|p2a: WALL-Y|94/100|[from] Stealth Rock|[of] p1: hank
|-enditem|p2a: WALL-Y|Booster Energy
|-activate|p2a: WALL-Y|ability: Quark Drive|[fromitem]
|-start|p2a: WALL-Y|quarkdrivespe
|
|upkeep
|turn|27
|
|t:|1779651169
|switch|p1a: hank|Metagross|90/100
|-damage|p1a: hank|83/100|[from] Stealth Rock|[of] p2: Homelandor
|move|p2a: WALL-Y|Moonblast|p1a: hank
|-resisted|p1a: hank
|-damage|p1a: hank|63/100
|
|upkeep
|turn|28
|
|t:|1779651172
|move|p2a: WALL-Y|Moonblast|p1a: hank
|-resisted|p1a: hank
|-damage|p1a: hank|42/100
|move|p1a: hank|Meteor Mash|p2a: WALL-Y
|-supereffective|p2a: WALL-Y
|-damage|p2a: WALL-Y|0
|-boost|p1a: hank|atk|1
|faint|p2a: WALL-Y
|-end|p2a: WALL-Y|Quark Drive|[silent]
|
|upkeep
|
|t:|1779651172
|switch|p2a: Homelandor|Landorus-Therian, M, shiny|21/100
|-damage|p2a: Homelandor|9/100|[from] Stealth Rock|[of] p1a: hank
|-ability|p2a: Homelandor|Intimidate|boost
|-fail|p1a: hank|unboost|[from] ability: Clear Body|[of] p1a: hank
|turn|29
|
|t:|1779651179
|switch|p1a: mama III|Ninetales-Alola, F|100/100
|-damage|p1a: mama III|75/100|[from] Stealth Rock|[of] p2a: Homelandor
|-weather|Snow|[from] ability: Snow Warning|[of] p1a: mama III
|move|p2a: Homelandor|U-turn|p1a: mama III
|-resisted|p1a: mama III
|-damage|p1a: mama III|66/100
|
|-weather|Snow|[upkeep]
|upkeep
|turn|30
|
|t:|1779651180
|move|p1a: mama III|Chilling Water|p2a: Homelandor
|-supereffective|p2a: Homelandor
|-damage|p2a: Homelandor|0
|faint|p2a: Homelandor
|
|win|encore21768768
|c|☆Abyssal Bot|Oh, I lost. Good Game.
|l|☆Abyssal Bot
|player|p2|
|l|*Turbo Bottttt
