|badge|p1|bronze|gen9ou|100-9
|uhtml|medal-msg|<div class="broadcast-blue">Curious what those medals under the avatar are? PS now has Ladder Seasons! For more information, check out the <a href="https://www.smogon.com/forums/threads/3740067/">thread on Smogon.</a></div>
|j|☆Trainer #39
|j|☆LetsgoBrandonJ
|t:|1779663250
|gametype|singles
|player|p1|Trainer #39|bugsy|1852
|player|p2|LetsgoBrandonJ|palmer|1796
|gen|9
|tier|[Gen 9] OU
|rated|
|rule|HP Percentage Mod: HP is shown in percentages
|rule|Endless Battle Clause: Forcing endless battles is banned
|rule|Species Clause: Limit one of each Pokémon
|rule|OHKO Clause: OHKO moves are banned
|rule|Evasion Items Clause: Evasion items are banned
|rule|Evasion Moves Clause: Evasion moves are banned
|rule|Evasion Abilities Clause: Evasion abilities are banned
|rule|Sleep Moves Clause: Sleep-inducing moves are banned
|clearpoke
|poke|p1|Blissey, F|
|poke|p1|Corviknight, M|
|poke|p1|Dondozo, M|
|poke|p1|Gliscor, M|
|poke|p1|Clefable, M|
|poke|p1|Slowking-Galar, M|
|poke|p2|Araquanid, M|
|poke|p2|Gholdengo|
|poke|p2|Iron Moth|
|poke|p2|Iron Valiant|
|poke|p2|Raging Bolt|
|poke|p2|Kingambit, M|
|teampreview
|inactive|Battle timer is ON: inactive players will automatically lose when time's up. (requested by LetsgoBrandonJ)
|
|t:|1779663260
|teamsize|p1|6
|teamsize|p2|6
|start
|switch|p1a: Free Palestine|Gliscor, M|100/100
|switch|p2a: Kingambit|Kingambit, M, shiny|100/100
|-item|p2a: Kingambit|Air Balloon
|turn|1
|
|t:|1779663279
|switch|p1a: Trump is low IQ|Corviknight, M|100/100
|-ability|p1a: Trump is low IQ|Pressure
|move|p2a: Kingambit|Swords Dance|p2a: Kingambit
|-boost|p2a: Kingambit|atk|2
|
|upkeep
|turn|2
|
|t:|1779663287
|switch|p1a: 808 and curses|Dondozo, M|100/100
|move|p2a: Kingambit|Kowtow Cleave|p1a: 808 and curses
|-damage|p1a: 808 and curses|80/100
|
|-heal|p1a: 808 and curses|86/100|[from] item: Leftovers
|upkeep
|turn|3
|
|t:|1779663297
|-end|p2a: Kingambit|fallenundefined|[silent]
|switch|p2a: Raging Bolt|Raging Bolt|100/100
|-enditem|p2a: Raging Bolt|Booster Energy
|-activate|p2a: Raging Bolt|ability: Protosynthesis|[fromitem]
|-start|p2a: Raging Bolt|protosynthesisspa
|move|p1a: 808 and curses|Waterfall|p2a: Raging Bolt
|-resisted|p2a: Raging Bolt
|-damage|p2a: Raging Bolt|87/100
|
|-heal|p1a: 808 and curses|93/100|[from] item: Leftovers
|upkeep
|turn|4
|
|t:|1779663308
|switch|p1a: Save Sudan|Slowking-Galar, M|100/100
|move|p2a: Raging Bolt|Calm Mind|p2a: Raging Bolt
|-boost|p2a: Raging Bolt|spa|1
|-boost|p2a: Raging Bolt|spd|1
|
|upkeep
|turn|5
|
|t:|1779663317
|move|p1a: Save Sudan|Trick|p2a: Raging Bolt
|-activate|p1a: Save Sudan|move: Trick|[of] p2a: Raging Bolt
|-item|p2a: Raging Bolt|Choice Scarf|[from] move: Trick
|-enditem|p1a: Save Sudan|Choice Scarf|[silent]|[from] move: Trick
|move|p2a: Raging Bolt|Thunderbolt|p1a: Save Sudan
|-crit|p1a: Save Sudan
|-damage|p1a: Save Sudan|0 fnt
|faint|p1a: Save Sudan
|
|upkeep
|
|t:|1779663338
|switch|p1a: Free Palestine|Gliscor, M|100/100
|turn|6
|
|t:|1779663343
|-end|p2a: Raging Bolt|Protosynthesis|[silent]
|switch|p2a: Kingambit|Kingambit, M, shiny|100/100
|-item|p2a: Kingambit|Air Balloon
|move|p1a: Free Palestine|Toxic|p2a: Kingambit
|-immune|p2a: Kingambit
|
|-status|p1a: Free Palestine|tox|[from] item: Toxic Orb
|upkeep
|turn|7
|
|t:|1779663352
|switch|p1a: Trump is low IQ|Corviknight, M|100/100
|-ability|p1a: Trump is low IQ|Pressure
|move|p2a: Kingambit|Swords Dance|p2a: Kingambit
|-boost|p2a: Kingambit|atk|2
|
|upkeep
|turn|8
|
|t:|1779663362
|switch|p1a: 808 and curses|Dondozo, M|93/100
|move|p2a: Kingambit|Kowtow Cleave|p1a: 808 and curses
|-damage|p1a: 808 and curses|74/100
|
|-heal|p1a: 808 and curses|80/100|[from] item: Leftovers
|upkeep
|turn|9
|
|t:|1779663372
|-end|p2a: Kingambit|fallenundefined|[silent]
|switch|p2a: Raging Bolt|Raging Bolt|87/100
|move|p1a: 808 and curses|Waterfall|p2a: Raging Bolt
|-resisted|p2a: Raging Bolt
|-damage|p2a: Raging Bolt|73/100
|
|-heal|p1a: 808 and curses|86/100|[from] item: Leftovers
|upkeep
|turn|10
|j| deadbyflinch
|
|t:|1779663380
|switch|p1a: brat|Blissey, F|100/100
|move|p2a: Raging Bolt|Dragon Pulse|p1a: brat
|-crit|p1a: brat
|-damage|p1a: brat|73/100
|
|upkeep
|turn|11
|
|t:|1779663391
|-end|p2a: Raging Bolt|Protosynthesis|[silent]
|switch|p2a: Gholdengo|Gholdengo|100/100
|-item|p2a: Gholdengo|Air Balloon
|move|p1a: brat|Stealth Rock|p2a: Gholdengo
|-sidestart|p2: LetsgoBrandonJ|move: Stealth Rock
|
|upkeep
|turn|12
|l| deadbyflinch
|
|t:|1779663398
|move|p2a: Gholdengo|Nasty Plot|p2a: Gholdengo
|-boost|p2a: Gholdengo|spa|2
|move|p1a: brat|Calm Mind|p1a: brat
|-boost|p1a: brat|spa|1
|-boost|p1a: brat|spd|1
|
|upkeep
|turn|13
|
|t:|1779663405
|move|p2a: Gholdengo|Nasty Plot|p2a: Gholdengo
|-boost|p2a: Gholdengo|spa|2
|move|p1a: brat|Shadow Ball|p2a: Gholdengo
|-supereffective|p2a: Gholdengo
|-damage|p2a: Gholdengo|47/100
|-enditem|p2a: Gholdengo|Air Balloon
|
|upkeep
|turn|14
|j| deadbyflinch
|
|t:|1779663413
|move|p2a: Gholdengo|Psyshock|p1a: brat
|-damage|p1a: brat|0 fnt
|faint|p1a: brat
|
|upkeep
|
|t:|1779663416
|switch|p1a: Free Lebanon|Clefable, M|100/100
|turn|15
|
|t:|1779663420
|move|p2a: Gholdengo|Make It Rain|p1a: Free Lebanon
|-supereffective|p1a: Free Lebanon
|-damage|p1a: Free Lebanon|16/100
|-unboost|p2a: Gholdengo|spa|1
|move|p1a: Free Lebanon|Wish|p1a: Free Lebanon
|
|upkeep
|turn|16
|
|t:|1779663431
|move|p1a: Free Lebanon|Protect|p1a: Free Lebanon
|-singleturn|p1a: Free Lebanon|Protect
|move|p2a: Gholdengo|Shadow Ball|p1a: Free Lebanon
|-activate|p1a: Free Lebanon|move: Protect
|
|-heal|p1a: Free Lebanon|66/100|[from] move: Wish|[wisher] Free Lebanon
|upkeep
|turn|17
|
|t:|1779663440
|-terastallize|p1a: Free Lebanon|Dark
|move|p2a: Gholdengo|Make It Rain|p1a: Free Lebanon
|-damage|p1a: Free Lebanon|23/100
|-unboost|p2a: Gholdengo|spa|1
|move|p1a: Free Lebanon|Wish|p1a: Free Lebanon
|
|upkeep
|turn|18
|
|t:|1779663459
|move|p1a: Free Lebanon|Protect|p1a: Free Lebanon
|-singleturn|p1a: Free Lebanon|Protect
|move|p2a: Gholdengo|Nasty Plot|p2a: Gholdengo
|-boost|p2a: Gholdengo|spa|2
|
|-heal|p1a: Free Lebanon|73/100|[from] move: Wish|[wisher] Free Lebanon
|upkeep
|turn|19
|
|t:|1779663470
|move|p2a: Gholdengo|Make It Rain|p1a: Free Lebanon
|-damage|p1a: Free Lebanon|30/100
|-unboost|p2a: Gholdengo|spa|1
|move|p1a: Free Lebanon|Wish|p1a: Free Lebanon
|
|upkeep
|turn|20
|
|t:|1779663477
|switch|p2a: Iron Valiant|Iron Valiant|100/100
|-damage|p2a: Iron Valiant|94/100|[from] Stealth Rock
|-enditem|p2a: Iron Valiant|Booster Energy
|-activate|p2a: Iron Valiant|ability: Quark Drive|[fromitem]
|-start|p2a: Iron Valiant|quarkdrivespa
|move|p1a: Free Lebanon|Protect||[still]
|-fail|p1a: Free Lebanon
|
|-heal|p1a: Free Lebanon|80/100|[from] move: Wish|[wisher] Free Lebanon
|upkeep
|turn|21
|
|t:|1779663488
|move|p2a: Iron Valiant|Calm Mind|p2a: Iron Valiant
|-boost|p2a: Iron Valiant|spa|1
|-boost|p2a: Iron Valiant|spd|1
|move|p1a: Free Lebanon|Moonblast|p2a: Iron Valiant
|-supereffective|p2a: Iron Valiant
|-damage|p2a: Iron Valiant|0 fnt
|faint|p2a: Iron Valiant
|-end|p2a: Iron Valiant|Quark Drive|[silent]
|
|upkeep
|
|t:|1779663498
|switch|p2a: Iron Moth|Iron Moth|100/100
|-damage|p2a: Iron Moth|76/100|[from] Stealth Rock
|-enditem|p2a: Iron Moth|Booster Energy
|-activate|p2a: Iron Moth|ability: Quark Drive|[fromitem]
|-start|p2a: Iron Moth|quarkdrivespa
|turn|22
|
|t:|1779663504
|move|p1a: Free Lebanon|Protect|p1a: Free Lebanon
|-singleturn|p1a: Free Lebanon|Protect
|move|p2a: Iron Moth|Fiery Dance|p1a: Free Lebanon
|-activate|p1a: Free Lebanon|move: Protect
|
|upkeep
|turn|23
|
|t:|1779663512
|move|p2a: Iron Moth|Fiery Dance|p1a: Free Lebanon
|-damage|p1a: Free Lebanon|42/100
|-boost|p2a: Iron Moth|spa|1
|move|p1a: Free Lebanon|Wish|p1a: Free Lebanon
|
|upkeep
|turn|24
|
|t:|1779663518
|move|p1a: Free Lebanon|Protect|p1a: Free Lebanon
|-singleturn|p1a: Free Lebanon|Protect
|move|p2a: Iron Moth|Substitute|p2a: Iron Moth
|-start|p2a: Iron Moth|Substitute
|-damage|p2a: Iron Moth|51/100
|
|-heal|p1a: Free Lebanon|92/100|[from] move: Wish|[wisher] Free Lebanon
|upkeep
|turn|25
|
|t:|1779663527
|move|p2a: Iron Moth|Sludge Wave|p1a: Free Lebanon
|-damage|p1a: Free Lebanon|48/100
|move|p1a: Free Lebanon|Wish|p1a: Free Lebanon
|
|upkeep
|turn|26
|
|t:|1779663533
|move|p1a: Free Lebanon|Protect|p1a: Free Lebanon
|-singleturn|p1a: Free Lebanon|Protect
|move|p2a: Iron Moth|Sludge Wave|p1a: Free Lebanon
|-activate|p1a: Free Lebanon|move: Protect
|
|-heal|p1a: Free Lebanon|98/100|[from] move: Wish|[wisher] Free Lebanon
|upkeep
|turn|27
|
|t:|1779663542
|move|p2a: Iron Moth|Sludge Wave|p1a: Free Lebanon
|-crit|p1a: Free Lebanon
|-damage|p1a: Free Lebanon|28/100
|move|p1a: Free Lebanon|Wish|p1a: Free Lebanon
|
|upkeep
|turn|28
|
|t:|1779663548
|move|p1a: Free Lebanon|Protect|p1a: Free Lebanon
|-singleturn|p1a: Free Lebanon|Protect
|move|p2a: Iron Moth|Energy Ball|p1a: Free Lebanon
|-activate|p1a: Free Lebanon|move: Protect
|
|-heal|p1a: Free Lebanon|78/100|[from] move: Wish|[wisher] Free Lebanon
|upkeep
|turn|29
|
|t:|1779663557
|move|p2a: Iron Moth|Sludge Wave|p1a: Free Lebanon
|-damage|p1a: Free Lebanon|36/100
|move|p1a: Free Lebanon|Wish|p1a: Free Lebanon
|
|upkeep
|turn|30
|
|t:|1779663563
|move|p1a: Free Lebanon|Protect|p1a: Free Lebanon
|-singleturn|p1a: Free Lebanon|Protect
|move|p2a: Iron Moth|Energy Ball|p1a: Free Lebanon
|-activate|p1a: Free Lebanon|move: Protect
|
|-heal|p1a: Free Lebanon|86/100|[from] move: Wish|[wisher] Free Lebanon
|upkeep
|turn|31
|
|t:|1779663572
|move|p2a: Iron Moth|Sludge Wave|p1a: Free Lebanon
|-damage|p1a: Free Lebanon|44/100
|move|p1a: Free Lebanon|Wish|p1a: Free Lebanon
|
|upkeep
|turn|32
|
|t:|1779663578
|move|p1a: Free Lebanon|Protect|p1a: Free Lebanon
|-singleturn|p1a: Free Lebanon|Protect
|move|p2a: Iron Moth|Energy Ball|p1a: Free Lebanon
|-activate|p1a: Free Lebanon|move: Protect
|
|-heal|p1a: Free Lebanon|94/100|[from] move: Wish|[wisher] Free Lebanon
|upkeep
|turn|33
|
|t:|1779663587
|move|p2a: Iron Moth|Sludge Wave|p1a: Free Lebanon
|-damage|p1a: Free Lebanon|47/100
|move|p1a: Free Lebanon|Knock Off|p2a: Iron Moth
|-end|p2a: Iron Moth|Substitute
|
|upkeep
|turn|34
|
|t:|1779663593
|move|p2a: Iron Moth|Sludge Wave|p1a: Free Lebanon
|-damage|p1a: Free Lebanon|5/100
|-status|p1a: Free Lebanon|psn
|move|p1a: Free Lebanon|Knock Off|p2a: Iron Moth
|-damage|p2a: Iron Moth|19/100
|
|-damage|p1a: Free Lebanon|0 fnt|[from] psn
|faint|p1a: Free Lebanon
|upkeep
|
|t:|1779663596
|switch|p1a: 808 and curses|Dondozo, M|86/100
|turn|35
|
|t:|1779663605
|move|p2a: Iron Moth|Energy Ball|p1a: 808 and curses
|-supereffective|p1a: 808 and curses
|-damage|p1a: 808 and curses|0 fnt
|faint|p1a: 808 and curses
|
|upkeep
|l|☆Trainer #39
|inactive|Trainer #39 disconnected and has a minute to reconnect!
|player|p1|
|l| deadbyflinch
|inactive|Trainer #39 has 30 seconds to reconnect!
|inactive|Trainer #39 has 20 seconds to reconnect!
|inactive|Trainer #39 has 15 seconds to reconnect!
|inactive|Trainer #39 has 10 seconds to reconnect!
|inactive|Trainer #39 has 5 seconds to reconnect!
|-message|Trainer #39 lost due to inactivity.
|
|win|LetsgoBrandonJ
|raw|Trainer #39's rating: 1852 &rarr; <strong>1829</strong><br />(-23 for losing)
|raw|LetsgoBrandonJ's rating: 1796 &rarr; <strong>1819</strong><br />(+23 for winning)
|l|☆LetsgoBrandonJ
|player|p2|
