|j|☆HWH8SB
|j|☆Avitross
|t:|1779677549
|gametype|singles
|player|p1|HWH8SB|clown|1485
|player|p2|Avitross|265|1522
|gen|9
|tier|[Gen 9] OU
|rated|
|rule|HP Percentage Mod: HP is shown in percentages
|rule|Endless Battle Clause: Forcing endless battles is banned
|rule|Species Clause: Limit one of each Pokémon
|rule|OHKO Clause: OHKO moves are banned
|rule|Evasion Items Clause: Evasion items are banned
|rule|Evasion Moves Clause: Evasion moves are banned
|rule|Evasion Abilities Clause: Evasion abilities are banned
|rule|Sleep Moves Clause: Sleep-inducing moves are banned
|clearpoke
|poke|p1|Cinderace, M|
|poke|p1|Great Tusk|
|poke|p1|Tornadus-Therian, M|
|poke|p1|Kyurem|
|poke|p1|Gholdengo|
|poke|p1|Slowking-Galar, M|
|poke|p2|Krookodile, F|
|poke|p2|Ogerpon-Wellspring, F|
|poke|p2|Iron Hands|
|poke|p2|Darkrai|
|poke|p2|Iron Treads|
|poke|p2|Garganacl, F|
|teampreview
|inactive|Battle timer is ON: inactive players will automatically lose when time's up. (requested by HWH8SB)
|
|t:|1779677610
|teamsize|p1|6
|teamsize|p2|6
|start
|switch|p1a: Tornadus|Tornadus-Therian, M|100/100
|switch|p2a: Garganacl|Garganacl, F|100/100
|turn|1
|
|t:|1779677615
|move|p1a: Tornadus|Knock Off|p2a: Garganacl
|-damage|p2a: Garganacl|87/100
|-enditem|p2a: Garganacl|Leftovers|[from] move: Knock Off|[of] p1a: Tornadus
|move|p2a: Garganacl|Salt Cure|p1a: Tornadus
|-supereffective|p1a: Tornadus
|-damage|p1a: Tornadus|70/100
|-start|p1a: Tornadus|Salt Cure
|
|-damage|p1a: Tornadus|58/100|[from] Salt Cure
|upkeep
|turn|2
|
|t:|1779677626
|switch|p1a: Slowking|Slowking-Galar, M|100/100
|move|p2a: Garganacl|Salt Cure|p1a: Slowking
|-damage|p1a: Slowking|86/100
|-start|p1a: Slowking|Salt Cure
|
|-damage|p1a: Slowking|74/100|[from] Salt Cure
|upkeep
|turn|3
|inactive|Avitross has 120 seconds left.
|inactive|Avitross has 90 seconds left.
|
|t:|1779677687
|switch|p2a: Iron Treads|Iron Treads|100/100
|-prepare|p1a: Slowking|Chilly Reception|[premajor]
|move|p1a: Slowking|Chilly Reception|p1a: Slowking
|-weather|Snowscape
|
|t:|1779677702
|switch|p1a: Great Tusk|Great Tusk|100/100|[from] Chilly Reception
|
|-weather|Snowscape|[upkeep]
|upkeep
|turn|4
|
|t:|1779677716
|move|p2a: Iron Treads|Ice Spinner|p1a: Great Tusk
|-supereffective|p1a: Great Tusk
|-damage|p1a: Great Tusk|65/100
|move|p1a: Great Tusk|Headlong Rush|p2a: Iron Treads
|-supereffective|p2a: Iron Treads
|-damage|p2a: Iron Treads|0 fnt
|-unboost|p1a: Great Tusk|def|1
|-unboost|p1a: Great Tusk|spd|1
|faint|p2a: Iron Treads
|-end|p2a: Iron Treads|Quark Drive|[silent]
|
|-weather|Snowscape|[upkeep]
|upkeep
|inactive|Avitross has 90 seconds left.
|
|t:|1779677733
|switch|p2a: Darkrai|Darkrai|100/100
|turn|5
|
|t:|1779677738
|-end|p1a: Great Tusk|Protosynthesis|[silent]
|switch|p1a: Tornadus|Tornadus-Therian, M|91/100
|move|p2a: Darkrai|Nasty Plot|p2a: Darkrai
|-boost|p2a: Darkrai|spa|2
|
|-weather|Snowscape|[upkeep]
|upkeep
|turn|6
|
|t:|1779677748
|move|p2a: Darkrai|Ice Beam|p1a: Tornadus
|-supereffective|p1a: Tornadus
|-damage|p1a: Tornadus|9/100
|move|p1a: Tornadus|U-turn|p2a: Darkrai
|-supereffective|p2a: Darkrai
|-damage|p2a: Darkrai|63/100
|
|t:|1779677761
|switch|p1a: Cinderace|Cinderace, M|100/100|[from] U-turn
|
|-weather|Snowscape|[upkeep]
|upkeep
|turn|7
|
|t:|1779677767
|move|p2a: Darkrai|Dark Pulse|p1a: Cinderace
|-damage|p1a: Cinderace|0 fnt
|faint|p1a: Cinderace
|
|-weather|none
|upkeep
|
|t:|1779677774
|switch|p1a: Kyurem|Kyurem|100/100
|-ability|p1a: Kyurem|Pressure
|turn|8
|inactive|Avitross has 120 seconds left.
|
|t:|1779677782
|move|p2a: Darkrai|Dark Pulse|p1a: Kyurem
|-damage|p1a: Kyurem|19/100
|move|p1a: Kyurem|Freeze-Dry|p2a: Darkrai
|-damage|p2a: Darkrai|0 fnt
|faint|p2a: Darkrai
|
|upkeep
|inactive|Avitross has 120 seconds left.
|
|t:|1779677799
|switch|p2a: Ogerpon|Ogerpon-Wellspring, F|100/100
|turn|9
|inactive|Avitross has 90 seconds left.
|
|t:|1779677850
|move|p2a: Ogerpon|Ivy Cudgel|p1a: Kyurem|[anim] Ivy Cudgel Water
|-resisted|p1a: Kyurem
|-damage|p1a: Kyurem|0 fnt
|faint|p1a: Kyurem
|
|upkeep
|inactive|HWH8SB has 120 seconds left.
|
|t:|1779677863
|switch|p1a: Slowking|Slowking-Galar, M|100/100
|turn|10
|inactive|Avitross has 60 seconds left.
|
|t:|1779677922
|-terastallize|p1a: Slowking|Water
|move|p2a: Ogerpon|Knock Off|p1a: Slowking
|-damage|p1a: Slowking|60/100
|-enditem|p1a: Slowking|Heavy-Duty Boots|[from] move: Knock Off|[of] p2a: Ogerpon
|move|p1a: Slowking|Thunder Wave|p2a: Ogerpon
|-status|p2a: Ogerpon|par
|
|upkeep
|turn|11
|inactive|Avitross has 30 seconds left.
|
|t:|1779677945
|switch|p2a: Iron Hands|Iron Hands|100/100
|-enditem|p2a: Iron Hands|Booster Energy
|-activate|p2a: Iron Hands|ability: Quark Drive|[fromitem]
|-start|p2a: Iron Hands|quarkdriveatk
|move|p1a: Slowking|Sludge Bomb|p2a: Iron Hands
|-crit|p2a: Iron Hands
|-damage|p2a: Iron Hands|55/100
|
|upkeep
|turn|12
|inactive|Avitross has 30 seconds left.
|
|t:|1779677957
|switch|p1a: Great Tusk|Great Tusk|65/100
|move|p2a: Iron Hands|Close Combat|p1a: Great Tusk
|-damage|p1a: Great Tusk|0 fnt
|-unboost|p2a: Iron Hands|def|1
|-unboost|p2a: Iron Hands|spd|1
|faint|p1a: Great Tusk
|-end|p1a: Great Tusk|Protosynthesis|[silent]
|
|upkeep
|inactive|HWH8SB has 120 seconds left.
|
|t:|1779677979
|switch|p1a: Gholdengo|Gholdengo|100/100
|-item|p1a: Gholdengo|Air Balloon
|turn|13
|inactive|Avitross has 30 seconds left.
|
|t:|1779677997
|move|p1a: Gholdengo|Shadow Ball|p2a: Iron Hands
|-damage|p2a: Iron Hands|0 fnt
|faint|p2a: Iron Hands
|-end|p2a: Iron Hands|Quark Drive|[silent]
|
|upkeep
|inactive|Avitross has 30 seconds left this turn.
|
|t:|1779678001
|switch|p2a: Ogerpon|Ogerpon-Wellspring, F|100/100 par
|turn|14
|
|t:|1779678009
|switch|p1a: Slowking|Slowking-Galar, M, tera:Water|93/100
|move|p2a: Ogerpon|Knock Off|p1a: Slowking
|-damage|p1a: Slowking|65/100
|
|upkeep
|turn|15
|
|t:|1779678020
|switch|p2a: Garganacl|Garganacl, F|87/100
|move|p1a: Slowking|Sludge Bomb|p2a: Garganacl
|-resisted|p2a: Garganacl
|-damage|p2a: Garganacl|75/100
|
|upkeep
|turn|16
|
|t:|1779678028
|move|p2a: Garganacl|Salt Cure|p1a: Slowking
|-damage|p1a: Slowking|50/100
|-start|p1a: Slowking|Salt Cure
|move|p1a: Slowking|Future Sight|p2a: Garganacl
|-start|p1a: Slowking|move: Future Sight
|
|-damage|p1a: Slowking|25/100|[from] Salt Cure
|upkeep
|turn|17
|
|t:|1779678047
|move|p2a: Garganacl|Body Press|p1a: Slowking
|-damage|p1a: Slowking|1/100
|-prepare|p1a: Slowking|Chilly Reception|[premajor]
|move|p1a: Slowking|Chilly Reception|p1a: Slowking
|-weather|Snowscape
|
|t:|1779678055
|switch|p1a: Gholdengo|Gholdengo|100/100|[from] Chilly Reception
|-item|p1a: Gholdengo|Air Balloon
|
|-weather|Snowscape|[upkeep]
|upkeep
|turn|18
|
|t:|1779678069
|move|p1a: Gholdengo|Make It Rain|p2a: Garganacl
|-supereffective|p2a: Garganacl
|-damage|p2a: Garganacl|0 fnt
|-unboost|p1a: Gholdengo|spa|1
|faint|p2a: Garganacl
|
|-weather|Snowscape|[upkeep]
|-hint|Future Sight did not hit because the target is fainted.
|upkeep
|inactive|Avitross has 30 seconds left.
|
|t:|1779678084
|switch|p2a: Mr. Krook|Krookodile, F|100/100
|turn|19
|
|t:|1779678092
|switch|p1a: Tornadus|Tornadus-Therian, M|42/100
|move|p2a: Mr. Krook|Scale Shot|p1a: Tornadus
|-damage|p1a: Tornadus|32/100
|-damage|p1a: Tornadus|23/100
|-damage|p1a: Tornadus|14/100
|-damage|p1a: Tornadus|5/100
|-damage|p1a: Tornadus|0 fnt
|faint|p1a: Tornadus
|-ability|p2a: Mr. Krook|Moxie|boost
|-boost|p2a: Mr. Krook|atk|1
|-hitcount|p1: Tornadus|5
|-unboost|p2a: Mr. Krook|def|1
|-boost|p2a: Mr. Krook|spe|1
|
|-weather|Snowscape|[upkeep]
|upkeep
|
|t:|1779678101
|switch|p1a: Gholdengo|Gholdengo|100/100
|-item|p1a: Gholdengo|Air Balloon
|turn|20
|inactive|Avitross has 30 seconds left.
|
|t:|1779678123
|move|p2a: Mr. Krook|Substitute|p2a: Mr. Krook
|-start|p2a: Mr. Krook|Substitute
|-damage|p2a: Mr. Krook|76/100
|move|p1a: Gholdengo|Focus Blast|p2a: Mr. Krook
|-supereffective|p2a: Mr. Krook
|-end|p2a: Mr. Krook|Substitute
|
|-weather|Snowscape|[upkeep]
|upkeep
|turn|21
|inactive|Avitross has 30 seconds left.
|
|t:|1779678141
|move|p2a: Mr. Krook|Substitute|p2a: Mr. Krook
|-start|p2a: Mr. Krook|Substitute
|-damage|p2a: Mr. Krook|51/100
|move|p1a: Gholdengo|Focus Blast|p2a: Mr. Krook|[miss]
|-miss|p1a: Gholdengo|p2a: Mr. Krook
|
|-weather|none
|upkeep
|turn|22
|inactive|Avitross has 30 seconds left.
|
|t:|1779678147
|move|p2a: Mr. Krook|Scale Shot|p1a: Gholdengo
|-resisted|p1a: Gholdengo
|-damage|p1a: Gholdengo|93/100
|-enditem|p1a: Gholdengo|Air Balloon
|-resisted|p1a: Gholdengo
|-damage|p1a: Gholdengo|87/100
|-resisted|p1a: Gholdengo
|-damage|p1a: Gholdengo|80/100
|-resisted|p1a: Gholdengo
|-damage|p1a: Gholdengo|74/100
|-resisted|p1a: Gholdengo
|-damage|p1a: Gholdengo|67/100
|-hitcount|p1a: Gholdengo|5
|-unboost|p2a: Mr. Krook|def|1
|-boost|p2a: Mr. Krook|spe|1
|move|p1a: Gholdengo|Focus Blast|p2a: Mr. Krook
|-supereffective|p2a: Mr. Krook
|-end|p2a: Mr. Krook|Substitute
|
|upkeep
|turn|23
|c|☆HWH8SB|fucking bastard focus miss
|inactive|Avitross has 30 seconds left.
|inactive|Avitross has 20 seconds left.
|inactive|Avitross has 15 seconds left.
|inactive|Avitross has 10 seconds left.
|inactive|Avitross has 5 seconds left.
|
|t:|1779678182
|move|p2a: Mr. Krook|Earthquake|p1a: Gholdengo
|-supereffective|p1a: Gholdengo
|-damage|p1a: Gholdengo|0 fnt
|faint|p1a: Gholdengo
|-ability|p2a: Mr. Krook|Moxie|boost
|-boost|p2a: Mr. Krook|atk|1
|
|upkeep
|
|t:|1779678185
|switch|p1a: Slowking|Slowking-Galar, M, tera:Water|34/100
|turn|24
|inactive|Avitross has 20 seconds left this turn.
|
|t:|1779678187
|move|p2a: Mr. Krook|Earthquake|p1a: Slowking
|-damage|p1a: Slowking|0 fnt
|faint|p1a: Slowking
|
|win|Avitross
