|j|☆Andher
|j|☆IAmHrishi
|t:|1779700919
|gametype|singles
|player|p1|Andher|shadowtriad|1372
|player|p2|IAmHrishi|anabel|1378
|gen|9
|tier|[Gen 9] OU
|rated|
|rule|HP Percentage Mod: HP is shown in percentages
|rule|Endless Battle Clause: Forcing endless battles is banned
|rule|Species Clause: Limit one of each Pokémon
|rule|OHKO Clause: OHKO moves are banned
|rule|Evasion Items Clause: Evasion items are banned
|rule|Evasion Moves Clause: Evasion moves are banned
|rule|Evasion Abilities Clause: Evasion abilities are banned
|rule|Sleep Moves Clause: Sleep-inducing moves are banned
|clearpoke
|poke|p1|Samurott-Hisui, F|
|poke|p1|Corviknight, M|
|poke|p1|Kingambit, F|
|poke|p1|Skeledirge, M|
|poke|p1|Gengar, F|
|poke|p1|Dragapult, M|
|poke|p2|Torkoal, F|
|poke|p2|Walking Wake|
|poke|p2|Great Tusk|
|poke|p2|Ceruledge, F|
|poke|p2|Dragapult, F|
|poke|p2|Raging Bolt|
|teampreview
|inactive|Battle timer is ON: inactive players will automatically lose when time's up. (requested by IAmHrishi)
|
|t:|1779700934
|teamsize|p1|6
|teamsize|p2|6
|start
|switch|p1a: Mort|Skeledirge, M|100/100
|switch|p2a: Torkoal|Torkoal, F|100/100
|-weather|SunnyDay|[from] ability: Drought|[of] p2a: Torkoal
|turn|1
|
|t:|1779700947
|move|p1a: Mort|Torch Song|p2a: Torkoal
|-resisted|p2a: Torkoal
|-crit|p2a: Torkoal
|-damage|p2a: Torkoal|54/100
|-boost|p1a: Mort|spa|1
|move|p2a: Torkoal|Stealth Rock|p1a: Mort
|-sidestart|p1: Andher|move: Stealth Rock
|
|-weather|SunnyDay|[upkeep]
|upkeep
|turn|2
|
|t:|1779700961
|switch|p2a: Walking Wake|Walking Wake|100/100
|-activate|p2a: Walking Wake|ability: Protosynthesis
|-start|p2a: Walking Wake|protosynthesisspe
|move|p1a: Mort|Alluring Voice|p2a: Walking Wake
|-supereffective|p2a: Walking Wake
|-damage|p2a: Walking Wake|29/100
|
|-weather|SunnyDay|[upkeep]
|upkeep
|turn|3
|
|t:|1779700972
|switch|p1a: Shogun|Kingambit, F|100/100
|-damage|p1a: Shogun|94/100|[from] Stealth Rock
|move|p2a: Walking Wake|Hydro Steam|p1a: Shogun
|-damage|p1a: Shogun|14/100
|
|-weather|SunnyDay|[upkeep]
|-heal|p1a: Shogun|20/100|[from] item: Leftovers
|upkeep
|turn|4
|
|t:|1779700982
|move|p1a: Shogun|Sucker Punch|p2a: Walking Wake
|-damage|p2a: Walking Wake|0 fnt
|faint|p2a: Walking Wake
|-end|p2a: Walking Wake|Protosynthesis|[silent]
|
|-weather|SunnyDay|[upkeep]
|-heal|p1a: Shogun|26/100|[from] item: Leftovers
|upkeep
|
|t:|1779700988
|switch|p2a: Great Tusk|Great Tusk|100/100
|-activate|p2a: Great Tusk|ability: Protosynthesis
|-start|p2a: Great Tusk|protosynthesisatk
|turn|5
|
|t:|1779700995
|-end|p1a: Shogun|fallenundefined|[silent]
|switch|p1a: Ombra|Dragapult, M|100/100
|-damage|p1a: Ombra|88/100|[from] Stealth Rock
|move|p2a: Great Tusk|Temper Flare|p1a: Ombra
|-resisted|p1a: Ombra
|-damage|p1a: Ombra|52/100
|
|-weather|SunnyDay|[upkeep]
|upkeep
|turn|6
|
|t:|1779701004
|move|p1a: Ombra|Draco Meteor|p2a: Great Tusk
|-damage|p2a: Great Tusk|23/100
|-unboost|p1a: Ombra|spa|2
|move|p2a: Great Tusk|Knock Off|p1a: Ombra
|-supereffective|p1a: Ombra
|-damage|p1a: Ombra|0 fnt
|-enditem|p1a: Ombra|Choice Specs|[from] move: Knock Off|[of] p2a: Great Tusk
|faint|p1a: Ombra
|
|-weather|SunnyDay|[upkeep]
|upkeep
|
|t:|1779701016
|switch|p1a: Malson|Gengar, F, shiny|100/100
|-damage|p1a: Malson|88/100|[from] Stealth Rock
|turn|7
|
|t:|1779701020
|move|p1a: Malson|Shadow Ball|p2a: Great Tusk
|-damage|p2a: Great Tusk|0 fnt
|faint|p2a: Great Tusk
|-end|p2a: Great Tusk|Protosynthesis|[silent]
|
|-weather|SunnyDay|[upkeep]
|upkeep
|
|t:|1779701025
|switch|p2a: Dragapult|Dragapult, F|100/100
|turn|8
|
|t:|1779701030
|move|p1a: Malson|Shadow Ball|p2a: Dragapult
|-supereffective|p2a: Dragapult
|-damage|p2a: Dragapult|0 fnt
|faint|p2a: Dragapult
|
|-weather|none
|upkeep
|
|t:|1779701034
|switch|p2a: Torkoal|Torkoal, F|54/100
|-weather|SunnyDay|[from] ability: Drought|[of] p2a: Torkoal
|turn|9
|
|t:|1779701043
|move|p1a: Malson|Shadow Ball|p2a: Torkoal
|-damage|p2a: Torkoal|0 fnt
|faint|p2a: Torkoal
|
|-weather|SunnyDay|[upkeep]
|upkeep
|
|t:|1779701048
|switch|p2a: Raging Bolt|Raging Bolt|100/100
|-item|p2a: Raging Bolt|Air Balloon
|-activate|p2a: Raging Bolt|ability: Protosynthesis
|-start|p2a: Raging Bolt|protosynthesisspa
|turn|10
|
|t:|1779701067
|move|p1a: Malson|Shadow Ball|p2a: Raging Bolt
|-damage|p2a: Raging Bolt|66/100
|-unboost|p2a: Raging Bolt|spd|1
|-enditem|p2a: Raging Bolt|Air Balloon
|move|p2a: Raging Bolt|Calm Mind|p2a: Raging Bolt
|-boost|p2a: Raging Bolt|spa|1
|-boost|p2a: Raging Bolt|spd|1
|
|-weather|SunnyDay|[upkeep]
|upkeep
|turn|11
|
|t:|1779701077
|move|p2a: Raging Bolt|Thunderclap|p1a: Malson
|-damage|p1a: Malson|0 fnt
|faint|p1a: Malson
|
|-weather|SunnyDay|[upkeep]
|upkeep
|
|t:|1779701088
|switch|p1a: Shogun|Kingambit, F|26/100
|-damage|p1a: Shogun|20/100|[from] Stealth Rock
|-activate|p1a: Shogun|ability: Supreme Overlord
|-start|p1a: Shogun|fallen2|[silent]
|turn|12
|
|t:|1779701095
|move|p2a: Raging Bolt|Thunderbolt|p1a: Shogun
|-damage|p1a: Shogun|0 fnt
|faint|p1a: Shogun
|-end|p1a: Shogun|fallen2|[silent]
|
|-weather|SunnyDay|[upkeep]
|upkeep
|
|t:|1779701102
|switch|p1a: Mort|Skeledirge, M|100/100
|turn|13
|
|t:|1779701108
|-terastallize|p1a: Mort|Fairy
|move|p2a: Raging Bolt|Thunderbolt|p1a: Mort
|-damage|p1a: Mort|40/100
|move|p1a: Mort|Alluring Voice|p2a: Raging Bolt
|-supereffective|p2a: Raging Bolt
|-damage|p2a: Raging Bolt|14/100
|
|-weather|SunnyDay|[upkeep]
|upkeep
|turn|14
|
|t:|1779701120
|move|p2a: Raging Bolt|Thunderbolt|p1a: Mort
|-damage|p1a: Mort|0 fnt
|faint|p1a: Mort
|
|-weather|SunnyDay|[upkeep]
|upkeep
|
|t:|1779701126
|switch|p1a: Corax|Corviknight, M|100/100
|-damage|p1a: Corax|88/100|[from] Stealth Rock
|-ability|p1a: Corax|Pressure
|turn|15
|
|t:|1779701134
|move|p2a: Raging Bolt|Thunderbolt|p1a: Corax
|-supereffective|p1a: Corax
|-damage|p1a: Corax|0 fnt
|faint|p1a: Corax
|
|-weather|SunnyDay|[upkeep]
|upkeep
|
|t:|1779701140
|switch|p1a: Ronin|Samurott-Hisui, F|100/100
|-damage|p1a: Ronin|88/100|[from] Stealth Rock
|turn|16
|
|t:|1779701148
|move|p1a: Ronin|Aqua Jet|p2a: Raging Bolt
|-resisted|p2a: Raging Bolt
|-damage|p2a: Raging Bolt|10/100
|move|p2a: Raging Bolt|Thunderclap||[still]
|-fail|p2a: Raging Bolt
|
|-weather|none
|-end|p2a: Raging Bolt|Protosynthesis
|upkeep
|turn|17
|
|t:|1779701155
|move|p1a: Ronin|Aqua Jet|p2a: Raging Bolt
|-resisted|p2a: Raging Bolt
|-damage|p2a: Raging Bolt|3/100
|move|p2a: Raging Bolt|Thunderbolt|p1a: Ronin
|-supereffective|p1a: Ronin
|-damage|p1a: Ronin|0 fnt
|faint|p1a: Ronin
|
|win|IAmHrishi
|raw|Andher's rating: 1372 &rarr; <strong>1352</strong><br />(-20 for losing)
|raw|IAmHrishi's rating: 1378 &rarr; <strong>1398</strong><br />(+20 for winning)
|l|☆Andher
|player|p1|
|c|☆IAmHrishi|gg
|l|☆IAmHrishi
|player|p2|
