|j|☆arnoldtheseventh
|j|☆thegreatestnone
|t:|1779686066
|gametype|singles
|player|p1|arnoldtheseventh|cynthia-masters4|1434
|player|p2|thegreatestnone|169|1396
|gen|9
|tier|[Gen 9] OU
|rated|
|rule|HP Percentage Mod: HP is shown in percentages
|rule|Endless Battle Clause: Forcing endless battles is banned
|rule|Species Clause: Limit one of each Pokémon
|rule|OHKO Clause: OHKO moves are banned
|rule|Evasion Items Clause: Evasion items are banned
|rule|Evasion Moves Clause: Evasion moves are banned
|rule|Evasion Abilities Clause: Evasion abilities are banned
|rule|Sleep Moves Clause: Sleep-inducing moves are banned
|clearpoke
|poke|p1|Kingambit, F|
|poke|p1|Raging Bolt|
|poke|p1|Tornadus-Therian, M|
|poke|p1|Iron Valiant|
|poke|p1|Great Tusk|
|poke|p1|Gholdengo|
|poke|p2|Politoed, F|
|poke|p2|Crawdaunt, M|
|poke|p2|Pelipper, M|
|poke|p2|Iron Valiant|
|poke|p2|Azumarill, F|
|poke|p2|Regieleki|
|teampreview
|c|☆arnoldtheseventh|regieleki rain?
|inactive|Battle timer is ON: inactive players will automatically lose when time's up. (requested by thegreatestnone)
|c|☆arnoldtheseventh|bro clicking thunders that almost hurt
|inactive|arnoldtheseventh has 120 seconds left.
|
|t:|1779686133
|teamsize|p1|6
|teamsize|p2|6
|start
|switch|p1a: Kākāpō?|Tornadus-Therian, M|100/100
|switch|p2a: Regieleki|Regieleki|100/100
|turn|1
|
|t:|1779686144
|switch|p2a: Pelipper|Pelipper, M|100/100
|-weather|RainDance|[from] ability: Drizzle|[of] p2a: Pelipper
|switch|p1a: Donphan (old)|Great Tusk|100/100
|
|-weather|RainDance|[upkeep]
|upkeep
|turn|2
|
|t:|1779686150
|-end|p1a: Donphan (old)|Protosynthesis|[silent]
|switch|p1a: Kākāpō?|Tornadus-Therian, M|100/100
|move|p2a: Pelipper|Hurricane|p1a: Kākāpō?
|-damage|p1a: Kākāpō?|54/100
|-start|p1a: Kākāpō?|confusion
|
|-weather|RainDance|[upkeep]
|upkeep
|turn|3
|
|t:|1779686156
|-activate|p1a: Kākāpō?|confusion
|move|p1a: Kākāpō?|Knock Off|p2a: Pelipper
|-damage|p2a: Pelipper|77/100
|-enditem|p2a: Pelipper|Choice Specs|[from] move: Knock Off|[of] p1a: Kākāpō?
|move|p2a: Pelipper|Hurricane|p1a: Kākāpō?
|-damage|p1a: Kākāpō?|19/100
|
|-weather|RainDance|[upkeep]
|upkeep
|turn|4
|
|t:|1779686169
|-activate|p1a: Kākāpō?|confusion
|move|p1a: Kākāpō?|U-turn|p2a: Pelipper
|-resisted|p2a: Pelipper
|-damage|p2a: Pelipper|69/100
|
|t:|1779686172
|switch|p1a: Long Neck Tiger|Raging Bolt|100/100|[from] U-turn
|-enditem|p1a: Long Neck Tiger|Booster Energy
|-activate|p1a: Long Neck Tiger|ability: Protosynthesis|[fromitem]
|-start|p1a: Long Neck Tiger|protosynthesisspa
|move|p2a: Pelipper|U-turn|p1a: Long Neck Tiger
|-damage|p1a: Long Neck Tiger|94/100
|
|t:|1779686186
|switch|p2a: Regieleki|Regieleki|100/100|[from] U-turn
|
|-weather|RainDance|[upkeep]
|upkeep
|turn|5
|
|t:|1779686190
|move|p2a: Regieleki|Thunder|p1a: Long Neck Tiger
|-resisted|p1a: Long Neck Tiger
|-damage|p1a: Long Neck Tiger|72/100
|move|p1a: Long Neck Tiger|Dragon Pulse|p2a: Regieleki
|-damage|p2a: Regieleki|0 fnt
|faint|p2a: Regieleki
|
|-weather|none
|upkeep
|c|☆arnoldtheseventh|told you they would barely hurt
|
|t:|1779686199
|switch|p2a: Politoed|Politoed, F|100/100
|-weather|RainDance|[from] ability: Drizzle|[of] p2a: Politoed
|turn|6
|
|t:|1779686214
|move|p1a: Long Neck Tiger|Thunderclap|p2a: Politoed
|-supereffective|p2a: Politoed
|-damage|p2a: Politoed|28/100
|move|p2a: Politoed|Ice Beam|p1a: Long Neck Tiger
|-supereffective|p1a: Long Neck Tiger
|-damage|p1a: Long Neck Tiger|37/100
|
|-weather|RainDance|[upkeep]
|upkeep
|turn|7
|
|t:|1779686222
|move|p1a: Long Neck Tiger|Thunderclap|p2a: Politoed
|-supereffective|p2a: Politoed
|-damage|p2a: Politoed|0 fnt
|faint|p2a: Politoed
|
|-weather|RainDance|[upkeep]
|upkeep
|
|t:|1779686244
|switch|p2a: Crawdaunt|Crawdaunt, M|100/100
|turn|8
|
|t:|1779686256
|move|p1a: Long Neck Tiger|Thunderclap|p2a: Crawdaunt
|-supereffective|p2a: Crawdaunt
|-damage|p2a: Crawdaunt|0 fnt
|faint|p2a: Crawdaunt
|
|-weather|RainDance|[upkeep]
|upkeep
|
|t:|1779686260
|switch|p2a: Iron Valiant|Iron Valiant|100/100
|turn|9
|
|t:|1779686269
|move|p1a: Long Neck Tiger|Thunderclap|p2a: Iron Valiant
|-crit|p2a: Iron Valiant
|-damage|p2a: Iron Valiant|0 fnt
|faint|p2a: Iron Valiant
|-end|p2a: Iron Valiant|Quark Drive|[silent]
|
|-weather|RainDance|[upkeep]
|upkeep
|
|t:|1779686276
|switch|p2a: Azumarill|Azumarill, F|100/100
|turn|10
|
|t:|1779686282
|move|p1a: Long Neck Tiger|Thunderclap|p2a: Azumarill
|-supereffective|p2a: Azumarill
|-damage|p2a: Azumarill|0 fnt
|faint|p2a: Azumarill
|
|-weather|RainDance|[upkeep]
|upkeep
|-message|thegreatestnone forfeited.
|
|win|arnoldtheseventh
|raw|arnoldtheseventh's rating: 1434 &rarr; <strong>1452</strong><br />(+18 for winning)
|raw|thegreatestnone's rating: 1396 &rarr; <strong>1378</strong><br />(-18 for losing)
|l|☆thegreatestnone
|player|p2|
|c|☆arnoldtheseventh|something is telling me you lose to raging bolt
|j| ohmysquidward
|l| ohmysquidward
|l|☆arnoldtheseventh
|player|p1|
