|j|☆sallysellsalot
|j|☆justdynamicflare
|inactive|Battle timer is ON: inactive players will automatically lose when time's up.
|t:|1779593601
|gametype|singles
|player|p1|sallysellsalot|morgan|
|player|p2|justdynamicflare|bugcatcher-gen4dp|
|gen|9
|tier|[Gen 9] OU
|rated|Tournament battle
|rule|HP Percentage Mod: HP is shown in percentages
|rule|Endless Battle Clause: Forcing endless battles is banned
|rule|Species Clause: Limit one of each Pokémon
|rule|OHKO Clause: OHKO moves are banned
|rule|Evasion Items Clause: Evasion items are banned
|rule|Evasion Moves Clause: Evasion moves are banned
|rule|Evasion Abilities Clause: Evasion abilities are banned
|rule|Sleep Moves Clause: Sleep-inducing moves are banned
|raw|<div class="infobox"><details class="readmore" open><summary><strong>1 custom rule:</strong></summary> -wobbuffet</details></div>
|clearpoke
|poke|p1|Gulpin, F|
|poke|p1|Hatterene, F|
|poke|p1|Stunky, F|
|poke|p2|Silicobra, F|
|poke|p2|Frosmoth, M|
|poke|p2|Surskit, F|
|teampreview
|j|*Lady Monita 
|j| Gamer237
|j| Flari64
|
|t:|1779593623
|teamsize|p1|3
|teamsize|p2|3
|start
|switch|p1a: Stunky|Stunky, F|100/100
|switch|p2a: Surskit|Surskit, F|100/100
|turn|1
|j| Emdimd
|
|t:|1779593632
|move|p2a: Surskit|Protect|p2a: Surskit
|-singleturn|p2a: Surskit|Protect
|move|p1a: Stunky|Gunk Shot|p2a: Surskit
|-activate|p2a: Surskit|move: Protect
|
|upkeep
|turn|2
|
|t:|1779593638
|move|p1a: Stunky|Gunk Shot|p2a: Surskit
|-enditem|p2a: Surskit|Focus Sash
|-damage|p2a: Surskit|1/100
|move|p2a: Surskit|Sticky Web|p1a: Stunky
|-sidestart|p1: sallysellsalot|move: Sticky Web
|
|upkeep
|turn|3
|
|t:|1779593645
|move|p1a: Stunky|Gunk Shot|p2a: Surskit
|-damage|p2a: Surskit|0 fnt
|faint|p2a: Surskit
|
|upkeep
|
|t:|1779593652
|switch|p2a: Silicobra|Silicobra, F|100/100
|turn|4
|
|t:|1779593659
|switch|p1a: Gulpin|Gulpin, F|100/100
|-activate|p1a: Gulpin|move: Sticky Web
|-unboost|p1a: Gulpin|spe|1
|move|p2a: Silicobra|Earthquake|p1a: Gulpin
|-supereffective|p1a: Gulpin
|-damage|p1a: Gulpin|21/100
|
|upkeep
|turn|5
|
|t:|1779593666
|move|p2a: Silicobra|Earthquake|p1a: Gulpin
|-supereffective|p1a: Gulpin
|-damage|p1a: Gulpin|0 fnt
|faint|p1a: Gulpin
|
|upkeep
|
|t:|1779593669
|switch|p1a: Hatterene|Hatterene, F|100/100
|-activate|p1a: Hatterene|move: Sticky Web
|-unboost|p1a: Hatterene|spe|1
|turn|6
|
|t:|1779593673
|move|p2a: Silicobra|Earthquake|p1a: Hatterene
|-damage|p1a: Hatterene|64/100
|move|p1a: Hatterene|Draining Kiss|p2a: Silicobra
|-damage|p2a: Silicobra|62/100
|-heal|p1a: Hatterene|92/100|[from] drain|[of] p2a: Silicobra
|
|-heal|p1a: Hatterene|98/100|[from] item: Leftovers
|upkeep
|turn|7
|
|t:|1779593677
|move|p2a: Silicobra|Earthquake|p1a: Hatterene
|-damage|p1a: Hatterene|56/100
|move|p1a: Hatterene|Draining Kiss|p2a: Silicobra
|-damage|p2a: Silicobra|22/100
|-heal|p1a: Hatterene|85/100|[from] drain|[of] p2a: Silicobra
|
|-heal|p1a: Hatterene|91/100|[from] item: Leftovers
|upkeep
|turn|8
|
|t:|1779593681
|move|p2a: Silicobra|Body Slam|p1a: Hatterene
|-damage|p1a: Hatterene|68/100
|move|p1a: Hatterene|Draining Kiss|p2a: Silicobra
|-damage|p2a: Silicobra|0 fnt
|-heal|p1a: Hatterene|84/100|[from] drain|[of] p2a: Silicobra
|faint|p2a: Silicobra
|
|-heal|p1a: Hatterene|90/100|[from] item: Leftovers
|upkeep
|
|t:|1779593686
|switch|p2a: Frosmoth|Frosmoth, M|100/100
|turn|9
|
|t:|1779593690
|move|p2a: Frosmoth|Quiver Dance|p2a: Frosmoth
|-boost|p2a: Frosmoth|spa|1
|-boost|p2a: Frosmoth|spd|1
|-boost|p2a: Frosmoth|spe|1
|move|p1a: Hatterene|Mystical Fire|p2a: Frosmoth
|-supereffective|p2a: Frosmoth
|-damage|p2a: Frosmoth|0 fnt
|faint|p2a: Frosmoth
|
|win|sallysellsalot
|n|☆sallysellsalot|sallysellsalot
|n|☆justdynamicflare|justdynamicflare
|n|*Lady Monita |ladymonita
|n| Gamer237|gamer237
|n| Flari64|flari64
|n| Emdimd|emdimd
