|j|☆lolcano46
|j|☆Hunter_of_Keys
|t:|1779663366
|gametype|singles
|player|p1|lolcano46|fisherman-gen4|1595
|player|p2|Hunter_of_Keys|veteran|1601
|gen|9
|tier|[Gen 9] OU
|rated|
|rule|HP Percentage Mod: HP is shown in percentages
|rule|Endless Battle Clause: Forcing endless battles is banned
|rule|Species Clause: Limit one of each Pokémon
|rule|OHKO Clause: OHKO moves are banned
|rule|Evasion Items Clause: Evasion items are banned
|rule|Evasion Moves Clause: Evasion moves are banned
|rule|Evasion Abilities Clause: Evasion abilities are banned
|rule|Sleep Moves Clause: Sleep-inducing moves are banned
|clearpoke
|poke|p1|Azelf|
|poke|p1|Ogerpon-Wellspring, F|
|poke|p1|Scizor, F|
|poke|p1|Gengar, M|
|poke|p1|Raging Bolt|
|poke|p1|Cinderace, M|
|poke|p2|Gallade, M|
|poke|p2|Armarouge, M|
|poke|p2|Indeedee, M|
|poke|p2|Cresselia, F|
|poke|p2|Rabsca, M|
|poke|p2|Braviary-Hisui, M|
|teampreview
|inactive|Battle timer is ON: inactive players will automatically lose when time's up. (requested by Hunter_of_Keys)
|inactive|lolcano46 also wants the timer to be on.
|
|t:|1779663372
|teamsize|p1|6
|teamsize|p2|6
|start
|switch|p1a: Cinderace|Cinderace, M|100/100
|switch|p2a: Indeedee|Indeedee, M|100/100
|-fieldstart|move: Psychic Terrain|[from] ability: Psychic Surge|[of] p2a: Indeedee
|turn|1
|
|t:|1779663377
|switch|p2a: Armarouge|Armarouge, M|100/100
|move|p1a: Cinderace|Pyro Ball|p2a: Armarouge
|-resisted|p2a: Armarouge
|-damage|p2a: Armarouge|70/100
|-ability|p2a: Armarouge|Weak Armor|boost
|-unboost|p2a: Armarouge|def|1
|-boost|p2a: Armarouge|spe|2
|
|upkeep
|turn|2
|
|t:|1779663383
|move|p1a: Cinderace|Sucker Punch|p2a: Armarouge
|-start|p1a: Cinderace|typechange|Dark|[from] ability: Libero
|-activate|p2a: Armarouge|move: Psychic Terrain
|move|p2a: Armarouge|Expanding Force|p1a: Cinderace
|-immune|p1a: Cinderace
|
|upkeep
|turn|3
|
|t:|1779663392
|move|p2a: Armarouge|Endure|p2a: Armarouge
|-singleturn|p2a: Armarouge|move: Endure
|move|p1a: Cinderace|Pyro Ball|p2a: Armarouge
|-resisted|p2a: Armarouge
|-damage|p2a: Armarouge|38/100
|-ability|p2a: Armarouge|Weak Armor|boost
|-unboost|p2a: Armarouge|def|1
|-boost|p2a: Armarouge|spe|2
|
|upkeep
|turn|4
|
|t:|1779663396
|move|p2a: Armarouge|Destiny Bond|p2a: Armarouge
|-singlemove|p2a: Armarouge|Destiny Bond
|move|p1a: Cinderace|Pyro Ball|p2a: Armarouge
|-resisted|p2a: Armarouge
|-damage|p2a: Armarouge|0 fnt
|faint|p2a: Armarouge
|-activate|p2a: Armarouge|move: Destiny Bond
|faint|p1a: Cinderace
|
|upkeep
|
|t:|1779663404
|switch|p1a: Scizor|Scizor, F|100/100
|switch|p2a: Gallade|Gallade, M|100/100
|turn|5
|
|t:|1779663409
|move|p2a: Gallade|Sacred Sword|p1a: Scizor
|-damage|p1a: Scizor|27/100
|move|p1a: Scizor|Knock Off|p2a: Gallade
|-damage|p2a: Gallade|38/100
|-enditem|p2a: Gallade|Focus Sash|[from] move: Knock Off|[of] p1a: Scizor
|
|upkeep
|turn|6
|
|t:|1779663416
|switch|p1a: Gengar|Gengar, M|100/100
|move|p2a: Gallade|Psycho Cut|p1a: Gengar
|-supereffective|p1a: Gengar
|-damage|p1a: Gengar|0 fnt
|-start|p2a: Gallade|Disable|Psycho Cut|[from] ability: Cursed Body|[of] p1a: Gengar
|faint|p1a: Gengar
|
|upkeep
|
|t:|1779663418
|switch|p1a: Ogerpon|Ogerpon-Wellspring, F|100/100
|turn|7
|
|t:|1779663421
|move|p1a: Ogerpon|Ivy Cudgel|p2a: Gallade|[anim] Ivy Cudgel Water
|-damage|p2a: Gallade|0 fnt
|faint|p2a: Gallade
|
|upkeep
|
|t:|1779663432
|switch|p2a: Cresselia|Cresselia, F|100/100
|turn|8
|
|t:|1779663434
|move|p1a: Ogerpon|Swords Dance|p1a: Ogerpon
|-boost|p1a: Ogerpon|atk|2
|move|p2a: Cresselia|Thunder Wave|p1a: Ogerpon
|-status|p1a: Ogerpon|par
|
|-fieldend|move: Psychic Terrain
|upkeep
|turn|9
|
|t:|1779663439
|move|p2a: Cresselia|Thunderbolt|p1a: Ogerpon
|-damage|p1a: Ogerpon|81/100 par
|move|p1a: Ogerpon|Horn Leech|p2a: Cresselia
|-damage|p2a: Cresselia|45/100
|-heal|p1a: Ogerpon|100/100 par|[from] drain|[of] p2a: Cresselia
|-damage|p1a: Ogerpon|84/100 par|[from] item: Rocky Helmet|[of] p2a: Cresselia
|
|upkeep
|turn|10
|
|t:|1779663447
|move|p2a: Cresselia|Thunderbolt|p1a: Ogerpon
|-damage|p1a: Ogerpon|65/100 par
|move|p1a: Ogerpon|Horn Leech|p2a: Cresselia
|-damage|p2a: Cresselia|0 fnt
|-heal|p1a: Ogerpon|98/100 par|[from] drain|[of] p2a: Cresselia
|-damage|p1a: Ogerpon|81/100 par|[from] item: Rocky Helmet|[of] p2a: Cresselia
|faint|p2a: Cresselia
|
|upkeep
|
|t:|1779663459
|switch|p2a: Indeedee|Indeedee, M|100/100
|-fieldstart|move: Psychic Terrain|[from] ability: Psychic Surge|[of] p2a: Indeedee
|turn|11
|
|t:|1779663462
|-terastallize|p1a: Ogerpon|Water
|detailschange|p1a: Ogerpon|Ogerpon-Wellspring-Tera, F, tera:Water
|-ability|p1a: Ogerpon|Embody Aspect (Wellspring)|boost
|-boost|p1a: Ogerpon|spd|1
|move|p2a: Indeedee|Expanding Force|p1a: Ogerpon
|-damage|p1a: Ogerpon|29/100 par
|cant|p1a: Ogerpon|par
|
|upkeep
|turn|12
|
|t:|1779663465
|move|p2a: Indeedee|Expanding Force|p1a: Ogerpon
|-damage|p1a: Ogerpon|0 fnt
|faint|p1a: Ogerpon
|detailschange|p1: Ogerpon|Ogerpon-Wellspring, F|[silent]
|
|upkeep
|
|t:|1779663468
|switch|p1a: Raging Bolt|Raging Bolt|100/100
|-enditem|p1a: Raging Bolt|Booster Energy
|-activate|p1a: Raging Bolt|ability: Protosynthesis|[fromitem]
|-start|p1a: Raging Bolt|protosynthesisspa
|turn|13
|
|t:|1779663470
|move|p2a: Indeedee|Expanding Force|p1a: Raging Bolt
|-damage|p1a: Raging Bolt|36/100
|move|p1a: Raging Bolt|Thunderbolt|p2a: Indeedee
|-damage|p2a: Indeedee|11/100
|
|upkeep
|turn|14
|
|t:|1779663474
|move|p2a: Indeedee|Expanding Force|p1a: Raging Bolt
|-crit|p1a: Raging Bolt
|-damage|p1a: Raging Bolt|0 fnt
|faint|p1a: Raging Bolt
|-end|p1a: Raging Bolt|Protosynthesis|[silent]
|
|upkeep
|
|t:|1779663476
|switch|p1a: Azelf|Azelf|100/100
|turn|15
|
|t:|1779663478
|move|p1a: Azelf|Flamethrower|p2a: Indeedee
|-damage|p2a: Indeedee|0 fnt
|faint|p2a: Indeedee
|
|upkeep
|
|t:|1779663487
|switch|p2a: Rabsca|Rabsca, M|100/100
|turn|16
|
|t:|1779663490
|-terastallize|p2a: Rabsca|Water
|move|p1a: Azelf|Flamethrower|p2a: Rabsca
|-resisted|p2a: Rabsca
|-damage|p2a: Rabsca|88/100
|move|p2a: Rabsca|Speed Swap|p1a: Azelf
|-activate|p2a: Rabsca|move: Speed Swap|[of] p1a: Azelf
|
|upkeep
|turn|17
|
|t:|1779663493
|move|p2a: Rabsca|Revival Blessing|p2a: Rabsca
|-enditem|p2a: Rabsca|Leppa Berry|[eat]
|-activate|p2a: Rabsca|item: Leppa Berry|Revival Blessing|[consumed]
|
|t:|1779663496
|-heal|p2: Indeedee|50/100|[from] move: Revival Blessing
|move|p1a: Azelf|Thunderbolt|p2a: Rabsca
|-supereffective|p2a: Rabsca
|-damage|p2a: Rabsca|30/100
|-status|p2a: Rabsca|par
|-activate|p2a: Rabsca|ability: Synchronize
|-status|p1a: Azelf|par
|
|upkeep
|turn|18
|
|t:|1779663504
|move|p2a: Rabsca|Revival Blessing|p2a: Rabsca
|
|t:|1779663525
|-heal|p2: Armarouge|50/100|[from] move: Revival Blessing
|move|p1a: Azelf|Thunderbolt|p2a: Rabsca
|-supereffective|p2a: Rabsca
|-damage|p2a: Rabsca|0 fnt
|faint|p2a: Rabsca
|
|-fieldend|move: Psychic Terrain
|upkeep
|
|t:|1779663529
|switch|p2a: Indeedee|Indeedee, M|50/100
|-fieldstart|move: Psychic Terrain|[from] ability: Psychic Surge|[of] p2a: Indeedee
|turn|19
|
|t:|1779663534
|move|p2a: Indeedee|Shadow Ball|p1a: Azelf
|-supereffective|p1a: Azelf
|-damage|p1a: Azelf|26/100 par
|move|p1a: Azelf|Thunderbolt|p2a: Indeedee
|-damage|p2a: Indeedee|7/100
|
|upkeep
|turn|20
|
|t:|1779663540
|move|p2a: Indeedee|Expanding Force|p1a: Azelf
|-resisted|p1a: Azelf
|-damage|p1a: Azelf|0 fnt
|faint|p1a: Azelf
|
|upkeep
|
|t:|1779663543
|switch|p1a: Scizor|Scizor, F|27/100
|turn|21
|-message|lolcano46 forfeited.
|
|win|Hunter_of_Keys
|raw|lolcano46's rating: 1595 &rarr; <strong>1575</strong><br />(-20 for losing)
|raw|Hunter_of_Keys's rating: 1601 &rarr; <strong>1621</strong><br />(+20 for winning)
|l|☆lolcano46
|player|p1|
|l|☆Hunter_of_Keys
|player|p2|
