|j|☆Laban1024
|j|☆BlabberSaur
|t:|1779652425
|gametype|singles
|player|p1|Laban1024|koga|
|player|p2|BlabberSaur|wallace|
|gen|9
|tier|[Gen 9] OU
|rule|HP Percentage Mod: HP is shown in percentages
|rule|Endless Battle Clause: Forcing endless battles is banned
|rule|Species Clause: Limit one of each Pokémon
|rule|OHKO Clause: OHKO moves are banned
|rule|Evasion Items Clause: Evasion items are banned
|rule|Evasion Moves Clause: Evasion moves are banned
|rule|Evasion Abilities Clause: Evasion abilities are banned
|rule|Sleep Moves Clause: Sleep-inducing moves are banned
|clearpoke
|poke|p1|Torkoal, M|
|poke|p1|Ceruledge, M|
|poke|p1|Lilligant-Hisui, F|
|poke|p1|Walking Wake|
|poke|p1|Raging Bolt|
|poke|p1|Great Tusk|
|poke|p2|Pikachu, M|
|poke|p2|Hawlucha, F|
|poke|p2|Goodra, F|
|poke|p2|Talonflame, F|
|poke|p2|Noivern, F|
|poke|p2|Greninja-*, M|
|teampreview
|inactive|Battle timer is ON: inactive players will automatically lose when time's up. (requested by BlabberSaur)
|
|t:|1779652445
|teamsize|p1|6
|teamsize|p2|6
|start
|switch|p1a: Torkoal|Torkoal, M|100/100
|switch|p2a: Pikachu|Pikachu, M|100/100
|-weather|SunnyDay|[from] ability: Drought|[of] p1a: Torkoal
|turn|1
|
|t:|1779652449
|move|p2a: Pikachu|Agility|p2a: Pikachu
|-boost|p2a: Pikachu|spe|2
|move|p1a: Torkoal|Overheat|p2a: Pikachu
|-damage|p2a: Pikachu|0 fnt
|-unboost|p1a: Torkoal|spa|2
|faint|p2a: Pikachu
|
|-weather|SunnyDay|[upkeep]
|upkeep
|
|t:|1779652456
|switch|p2a: Greninja|Greninja, M|100/100
|turn|2
|
|t:|1779652470
|switch|p1a: Lilligant|Lilligant-Hisui, F|100/100
|move|p2a: Greninja|Surf|p1a: Lilligant
|-resisted|p1a: Lilligant
|-damage|p1a: Lilligant|77/100
|-damage|p2a: Greninja|91/100|[from] item: Life Orb
|
|-weather|SunnyDay|[upkeep]
|upkeep
|turn|3
|
|t:|1779652481
|switch|p2a: Goodra|Goodra, F|100/100
|move|p1a: Lilligant|Leaf Blade|p2a: Goodra
|-ability|p2a: Goodra|Sap Sipper|boost
|-boost|p2a: Goodra|atk|1
|
|-weather|SunnyDay|[upkeep]
|upkeep
|turn|4
|
|t:|1779652489
|move|p1a: Lilligant|Triple Axel|p2a: Goodra
|-supereffective|p2a: Goodra
|-damage|p2a: Goodra|83/100
|-supereffective|p2a: Goodra
|-damage|p2a: Goodra|46/100
|-supereffective|p2a: Goodra
|-damage|p2a: Goodra|0 fnt
|faint|p2a: Goodra
|-hitcount|p2: Goodra|3
|-damage|p1a: Lilligant|67/100|[from] item: Life Orb
|
|-weather|SunnyDay|[upkeep]
|upkeep
|
|t:|1779652494
|switch|p2a: Talonflame|Talonflame, F|100/100
|turn|5
|
|t:|1779652506
|-terastallize|p1a: Lilligant|Ghost
|move|p2a: Talonflame|Brave Bird|p1a: Lilligant
|-damage|p1a: Lilligant|0 fnt
|faint|p1a: Lilligant
|-damage|p2a: Talonflame|80/100|[from] Recoil
|
|-weather|SunnyDay|[upkeep]
|upkeep
|c|☆Laban1024|why does that still kill
|c|☆Laban1024|ew
|
|t:|1779652514
|switch|p1a: Raging Bolt|Raging Bolt|100/100
|-item|p1a: Raging Bolt|Air Balloon
|-activate|p1a: Raging Bolt|ability: Protosynthesis
|-start|p1a: Raging Bolt|protosynthesisspa
|turn|6
|
|t:|1779652526
|-terastallize|p2a: Talonflame|Ground
|move|p2a: Talonflame|Flare Blitz|p1a: Raging Bolt
|-resisted|p1a: Raging Bolt
|-damage|p1a: Raging Bolt|73/100
|-enditem|p1a: Raging Bolt|Air Balloon
|-damage|p2a: Talonflame|66/100|[from] Recoil
|move|p1a: Raging Bolt|Thunderbolt|p2a: Talonflame
|-immune|p2a: Talonflame
|
|-weather|SunnyDay|[upkeep]
|upkeep
|turn|7
|c|☆Laban1024|you bih
|
|t:|1779652541
|switch|p2a: Noivern|Noivern, F|100/100
|move|p1a: Raging Bolt|Dragon Pulse|p2a: Noivern
|-supereffective|p2a: Noivern
|-crit|p2a: Noivern
|-damage|p2a: Noivern|0 fnt
|faint|p2a: Noivern
|
|-weather|SunnyDay|[upkeep]
|upkeep
|
|t:|1779652548
|switch|p2a: Hawlucha|Hawlucha, F|100/100
|turn|8
|
|t:|1779652552
|move|p1a: Raging Bolt|Thunderclap|p2a: Hawlucha
|-supereffective|p2a: Hawlucha
|-damage|p2a: Hawlucha|0 fnt
|faint|p2a: Hawlucha
|
|-weather|none
|-end|p1a: Raging Bolt|Protosynthesis
|upkeep
|
|t:|1779652554
|switch|p2a: Greninja|Greninja, M|91/100
|turn|9
|
|t:|1779652559
|move|p2a: Greninja|Ice Beam|p1a: Raging Bolt
|-supereffective|p1a: Raging Bolt
|-damage|p1a: Raging Bolt|12/100
|-damage|p2a: Greninja|81/100|[from] item: Life Orb
|move|p1a: Raging Bolt|Thunderbolt|p2a: Greninja
|-supereffective|p2a: Greninja
|-damage|p2a: Greninja|0 fnt
|faint|p2a: Greninja
|
|upkeep
|
|t:|1779652561
|switch|p2a: Talonflame|Talonflame, F, tera:Ground|66/100
|turn|10
|
|t:|1779652563
|move|p2a: Talonflame|Flare Blitz|p1a: Raging Bolt
|-resisted|p1a: Raging Bolt
|-crit|p1a: Raging Bolt
|-damage|p1a: Raging Bolt|0 fnt
|faint|p1a: Raging Bolt
|-end|p1a: Raging Bolt|Protosynthesis|[silent]
|-damage|p2a: Talonflame|60/100|[from] Recoil
|
|upkeep
|
|t:|1779652566
|switch|p1a: Walking Wake|Walking Wake|100/100
|turn|11
|c|☆Laban1024|why are u using that team
|
|t:|1779652577
|move|p2a: Talonflame|Brave Bird|p1a: Walking Wake
|-damage|p1a: Walking Wake|53/100
|-damage|p2a: Talonflame|42/100|[from] Recoil
|move|p1a: Walking Wake|Hydro Steam|p2a: Talonflame
|-supereffective|p2a: Talonflame
|-damage|p2a: Talonflame|0 fnt
|faint|p2a: Talonflame
|
|win|Laban1024
