|j|☆bradfish1761
|j|☆Reds Grandpa
|t:|1779720494
|gametype|singles
|player|p1|bradfish1761|elesa|1166
|player|p2|Reds Grandpa|clair|1156
|gen|9
|tier|[Gen 9] OU
|rated|
|rule|HP Percentage Mod: HP is shown in percentages
|rule|Endless Battle Clause: Forcing endless battles is banned
|rule|Species Clause: Limit one of each Pokémon
|rule|OHKO Clause: OHKO moves are banned
|rule|Evasion Items Clause: Evasion items are banned
|rule|Evasion Moves Clause: Evasion moves are banned
|rule|Evasion Abilities Clause: Evasion abilities are banned
|rule|Sleep Moves Clause: Sleep-inducing moves are banned
|clearpoke
|poke|p1|Electrode-Hisui|
|poke|p1|Pelipper, F|
|poke|p1|Gholdengo|
|poke|p1|Cinderace, F|
|poke|p1|Great Tusk|
|poke|p1|Darkrai|
|poke|p2|Zapdos|
|poke|p2|Scizor, F|
|poke|p2|Dragonite, M|
|poke|p2|Landorus-Therian, M|
|poke|p2|Garganacl, M|
|poke|p2|Tornadus-Therian, M|
|teampreview
|inactive|Battle timer is ON: inactive players will automatically lose when time's up. (requested by bradfish1761)
|
|t:|1779720506
|teamsize|p1|6
|teamsize|p2|6
|start
|switch|p1a: Pelipper|Pelipper, F|100/100
|switch|p2a: Zapdos|Zapdos, shiny|100/100
|-ability|p2a: Zapdos|Pressure
|-weather|RainDance|[from] ability: Drizzle|[of] p1a: Pelipper
|turn|1
|
|t:|1779720516
|switch|p1a: Electrode|Electrode-Hisui|100/100
|move|p2a: Zapdos|Hurricane|p1a: Electrode
|-damage|p1a: Electrode|9/100
|
|-weather|RainDance|[upkeep]
|upkeep
|turn|2
|
|t:|1779720534
|move|p1a: Electrode|Thunder|p2a: Zapdos
|-damage|p2a: Zapdos|33/100
|move|p2a: Zapdos|Roost|p2a: Zapdos
|-heal|p2a: Zapdos|83/100
|-singleturn|p2a: Zapdos|move: Roost
|
|-weather|RainDance|[upkeep]
|upkeep
|turn|3
|
|t:|1779720542
|move|p1a: Electrode|Thunder|p2a: Zapdos
|-damage|p2a: Zapdos|10/100
|move|p2a: Zapdos|Hurricane|p1a: Electrode
|-damage|p1a: Electrode|0 fnt
|faint|p1a: Electrode
|
|-weather|RainDance|[upkeep]
|upkeep
|
|t:|1779720551
|switch|p1a: Darkrai|Darkrai|100/100
|turn|4
|
|t:|1779720555
|move|p1a: Darkrai|Dark Pulse|p2a: Zapdos
|-damage|p2a: Zapdos|0 fnt
|faint|p2a: Zapdos
|
|-weather|RainDance|[upkeep]
|upkeep
|
|t:|1779720580
|switch|p2a: Scizor|Scizor, F|100/100
|turn|5
|
|t:|1779720585
|switch|p1a: Pelipper|Pelipper, F|100/100
|move|p2a: Scizor|Fury Cutter|p1a: Pelipper
|-resisted|p1a: Pelipper
|-damage|p1a: Pelipper|81/100
|
|-weather|RainDance|[upkeep]
|upkeep
|turn|6
|
|t:|1779720593
|move|p2a: Scizor|Dual Wingbeat|p1a: Pelipper
|-damage|p1a: Pelipper|56/100
|-damage|p1a: Pelipper|31/100
|-hitcount|p1a: Pelipper|2
|move|p1a: Pelipper|Weather Ball|p2a: Scizor
|-damage|p2a: Scizor|15/100
|
|-weather|RainDance|[upkeep]
|upkeep
|turn|7
|
|t:|1779720601
|move|p2a: Scizor|Dual Wingbeat|p1a: Pelipper
|-damage|p1a: Pelipper|7/100
|-damage|p1a: Pelipper|0 fnt
|faint|p1a: Pelipper
|-hitcount|p1: Pelipper|2
|
|-weather|RainDance|[upkeep]
|upkeep
|
|t:|1779720606
|switch|p1a: Darkrai|Darkrai|100/100
|turn|8
|
|t:|1779720614
|move|p2a: Scizor|Bullet Punch|p1a: Darkrai
|-damage|p1a: Darkrai|59/100
|move|p1a: Darkrai|Dark Pulse|p2a: Scizor
|-damage|p2a: Scizor|0 fnt
|faint|p2a: Scizor
|
|-weather|none
|upkeep
|
|t:|1779720622
|switch|p2a: Garganacl|Garganacl, M, shiny|100/100
|turn|9
|
|t:|1779720626
|-terastallize|p2a: Garganacl|Flying
|move|p1a: Darkrai|Dark Pulse|p2a: Garganacl
|-damage|p2a: Garganacl|69/100
|move|p2a: Garganacl|Salt Cure|p1a: Darkrai
|-damage|p1a: Darkrai|41/100
|-start|p1a: Darkrai|Salt Cure
|
|-heal|p2a: Garganacl|75/100|[from] item: Leftovers
|-damage|p1a: Darkrai|28/100|[from] Salt Cure
|upkeep
|turn|10
|
|t:|1779720638
|move|p1a: Darkrai|Dark Pulse|p2a: Garganacl
|-damage|p2a: Garganacl|43/100
|move|p2a: Garganacl|Curse|p2a: Garganacl
|-unboost|p2a: Garganacl|spe|1
|-boost|p2a: Garganacl|atk|1
|-boost|p2a: Garganacl|def|1
|
|-heal|p2a: Garganacl|50/100|[from] item: Leftovers
|-damage|p1a: Darkrai|16/100|[from] Salt Cure
|upkeep
|turn|11
|
|t:|1779720647
|move|p1a: Darkrai|Dark Pulse|p2a: Garganacl
|-damage|p2a: Garganacl|17/100
|cant|p2a: Garganacl|flinch
|
|-heal|p2a: Garganacl|24/100|[from] item: Leftovers
|-damage|p1a: Darkrai|3/100|[from] Salt Cure
|upkeep
|turn|12
|
|t:|1779720652
|move|p1a: Darkrai|Dark Pulse|p2a: Garganacl
|-damage|p2a: Garganacl|0 fnt
|faint|p2a: Garganacl
|
|-damage|p1a: Darkrai|0 fnt|[from] Salt Cure
|faint|p1a: Darkrai
|upkeep
|inactive|bradfish1761 has 120 seconds left.
|
|t:|1779720695
|switch|p1a: Great Tusk|Great Tusk|100/100
|switch|p2a: Dragonite|Dragonite, M, shiny|100/100
|turn|13
|inactive|bradfish1761 has 120 seconds left.
|
|t:|1779720705
|move|p1a: Great Tusk|Bulk Up|p1a: Great Tusk
|-boost|p1a: Great Tusk|atk|1
|-boost|p1a: Great Tusk|def|1
|move|p2a: Dragonite|Dragon Dance|p2a: Dragonite
|-boost|p2a: Dragonite|atk|1
|-boost|p2a: Dragonite|spe|1
|
|upkeep
|turn|14
|
|t:|1779720716
|move|p2a: Dragonite|Ice Punch|p1a: Great Tusk
|-supereffective|p1a: Great Tusk
|-damage|p1a: Great Tusk|60/100
|move|p1a: Great Tusk|Bulk Up|p1a: Great Tusk
|-boost|p1a: Great Tusk|atk|1
|-boost|p1a: Great Tusk|def|1
|
|-heal|p1a: Great Tusk|66/100|[from] item: Leftovers
|upkeep
|turn|15
|
|t:|1779720731
|move|p2a: Dragonite|Ice Punch|p1a: Great Tusk
|-supereffective|p1a: Great Tusk
|-damage|p1a: Great Tusk|35/100
|move|p1a: Great Tusk|Bulk Up|p1a: Great Tusk
|-boost|p1a: Great Tusk|atk|1
|-boost|p1a: Great Tusk|def|1
|
|-heal|p1a: Great Tusk|41/100|[from] item: Leftovers
|upkeep
|turn|16
|
|t:|1779720743
|move|p2a: Dragonite|Ice Punch|p1a: Great Tusk
|-supereffective|p1a: Great Tusk
|-damage|p1a: Great Tusk|17/100
|move|p1a: Great Tusk|Knock Off|p2a: Dragonite
|-crit|p2a: Dragonite
|-damage|p2a: Dragonite|34/100
|-enditem|p2a: Dragonite|Leftovers|[from] move: Knock Off|[of] p1a: Great Tusk
|
|-heal|p1a: Great Tusk|23/100|[from] item: Leftovers
|upkeep
|turn|17
|
|t:|1779720750
|move|p2a: Dragonite|Ice Punch|p1a: Great Tusk
|-supereffective|p1a: Great Tusk
|-damage|p1a: Great Tusk|2/100
|move|p1a: Great Tusk|Knock Off|p2a: Dragonite
|-crit|p2a: Dragonite
|-damage|p2a: Dragonite|0 fnt
|faint|p2a: Dragonite
|
|-heal|p1a: Great Tusk|8/100|[from] item: Leftovers
|upkeep
|
|t:|1779720759
|switch|p2a: Tornadus|Tornadus-Therian, M, shiny|100/100
|turn|18
|
|t:|1779720770
|move|p2a: Tornadus|Knock Off|p1a: Great Tusk
|-resisted|p1a: Great Tusk
|-damage|p1a: Great Tusk|5/100
|-enditem|p1a: Great Tusk|Leftovers|[from] move: Knock Off|[of] p2a: Tornadus
|move|p1a: Great Tusk|Knock Off|p2a: Tornadus
|-damage|p2a: Tornadus|0 fnt
|-enditem|p2a: Tornadus|Choice Scarf|[from] move: Knock Off|[of] p1a: Great Tusk
|faint|p2a: Tornadus
|
|upkeep
|
|t:|1779720774
|switch|p2a: Landorus|Landorus-Therian, M, shiny|100/100
|-ability|p2a: Landorus|Intimidate|boost
|-unboost|p1a: Great Tusk|atk|1
|turn|19
|
|t:|1779720781
|move|p2a: Landorus|Earthquake|p1a: Great Tusk
|-damage|p1a: Great Tusk|0 fnt
|faint|p1a: Great Tusk
|-end|p1a: Great Tusk|Protosynthesis|[silent]
|
|upkeep
|
|t:|1779720784
|switch|p1a: Cinderace|Cinderace, F|100/100
|turn|20
|
|t:|1779720787
|move|p1a: Cinderace|Will-O-Wisp|p2a: Landorus
|-status|p2a: Landorus|brn
|move|p2a: Landorus|Earthquake|p1a: Cinderace
|-supereffective|p1a: Cinderace
|-damage|p1a: Cinderace|0 fnt
|faint|p1a: Cinderace
|
|-damage|p2a: Landorus|95/100 brn|[from] brn
|upkeep
|
|t:|1779720794
|switch|p1a: Gholdengo|Gholdengo|100/100
|turn|21
|
|t:|1779720799
|-terastallize|p1a: Gholdengo|Fairy
|move|p1a: Gholdengo|Dazzling Gleam|p2a: Landorus
|-damage|p2a: Landorus|33/100 brn
|move|p2a: Landorus|Earthquake|p1a: Gholdengo
|-damage|p1a: Gholdengo|54/100
|
|-damage|p2a: Landorus|27/100 brn|[from] brn
|upkeep
|turn|22
|
|t:|1779720806
|move|p1a: Gholdengo|Dazzling Gleam|p2a: Landorus
|-damage|p2a: Landorus|0 fnt
|faint|p2a: Landorus
|
|win|bradfish1761
|raw|bradfish1761's rating: 1166 &rarr; <strong>1190</strong><br />(+24 for winning)
|raw|Reds Grandpa's rating: 1156 &rarr; <strong>1132</strong><br />(-24 for losing)
|c|☆bradfish1761|Gg
|l|☆Reds Grandpa
|player|p2|
|l|☆bradfish1761
|player|p1|
