|j|‽happyking123
|j|☆PachuMerin
|t:|1779605523
|gametype|singles
|player|p1|happyking123|cynthia-gen4|1096
|player|p2|PachuMerin|acetrainercouple|1170
|gen|9
|tier|[Gen 9] OU
|rated|
|rule|HP Percentage Mod: HP is shown in percentages
|rule|Endless Battle Clause: Forcing endless battles is banned
|rule|Species Clause: Limit one of each Pokémon
|rule|OHKO Clause: OHKO moves are banned
|rule|Evasion Items Clause: Evasion items are banned
|rule|Evasion Moves Clause: Evasion moves are banned
|rule|Evasion Abilities Clause: Evasion abilities are banned
|rule|Sleep Moves Clause: Sleep-inducing moves are banned
|clearpoke
|poke|p1|Toxtricity, M|
|poke|p1|Blaziken, F|
|poke|p1|Raging Bolt|
|poke|p1|Gastrodon, M|
|poke|p1|Dragapult, F|
|poke|p1|Iron Valiant|
|poke|p2|Eelektross, F|
|poke|p2|Glimmora, F|
|poke|p2|Noivern, M|
|poke|p2|Zoroark-Hisui, F|
|poke|p2|Samurott-Hisui, M|
|poke|p2|Scream Tail|
|teampreview
|
|t:|1779605539
|teamsize|p1|6
|teamsize|p2|6
|start
|switch|p1a: Toxtricity|Toxtricity, M|100/100
|switch|p2a: spikes for sale|Samurott-Hisui, M|100/100
|turn|1
|
|t:|1779605546
|move|p2a: spikes for sale|Ceaseless Edge|p1a: Toxtricity
|-damage|p1a: Toxtricity|34/100
|-sidestart|p1: happyking123|Spikes
|move|p1a: Toxtricity|Overdrive|p2a: spikes for sale
|-supereffective|p2a: spikes for sale
|-damage|p2a: spikes for sale|0 fnt
|faint|p2a: spikes for sale
|-enditem|p1a: Toxtricity|Throat Spray
|-boost|p1a: Toxtricity|spa|1|[from] item: Throat Spray
|
|upkeep
|
|t:|1779605555
|switch|p2a: Could be the spy|Scream Tail|100/100
|turn|2
|
|t:|1779605569
|move|p2a: Could be the spy|Psychic|p1a: Toxtricity
|-supereffective|p1a: Toxtricity
|-damage|p1a: Toxtricity|0 fnt
|faint|p1a: Toxtricity
|
|upkeep
|
|t:|1779605580
|switch|p1a: Dragapult|Dragapult, F|100/100
|-damage|p1a: Dragapult|88/100|[from] Spikes
|turn|3
|
|t:|1779605586
|-terastallize|p1a: Dragapult|Fairy
|move|p1a: Dragapult|Phantom Force||[still]
|-prepare|p1a: Dragapult|Phantom Force
|move|p2a: Could be the spy|Shadow Ball|p1a: Dragapult|[miss]
|-miss|p2a: Could be the spy|p1a: Dragapult
|
|upkeep
|turn|4
|
|t:|1779605594
|move|p1a: Dragapult|Phantom Force|p2a: Could be the spy|[from] lockedmove
|-immune|p2a: Could be the spy
|move|p2a: Could be the spy|Nasty Plot|p2a: Could be the spy
|-boost|p2a: Could be the spy|spa|2
|
|upkeep
|turn|5
|
|t:|1779605612
|switch|p1a: Iron Valiant|Iron Valiant|100/100
|-damage|p1a: Iron Valiant|88/100|[from] Spikes
|-enditem|p1a: Iron Valiant|Booster Energy
|-activate|p1a: Iron Valiant|ability: Quark Drive|[fromitem]
|-start|p1a: Iron Valiant|quarkdriveatk
|move|p2a: Could be the spy|Shadow Ball|p1a: Iron Valiant
|-damage|p1a: Iron Valiant|0 fnt
|faint|p1a: Iron Valiant
|-end|p1a: Iron Valiant|Quark Drive|[silent]
|
|upkeep
|
|t:|1779605624
|switch|p1a: Raging Bolt|Raging Bolt|100/100
|-damage|p1a: Raging Bolt|88/100|[from] Spikes
|turn|6
|
|t:|1779605631
|move|p2a: Could be the spy|Nasty Plot|p2a: Could be the spy
|-boost|p2a: Could be the spy|spa|2
|move|p1a: Raging Bolt|Thunderbolt|p2a: Could be the spy
|-enditem|p2a: Could be the spy|Focus Sash
|-damage|p2a: Could be the spy|1/100
|-status|p2a: Could be the spy|par
|replace|p2a: Meet the Spy|Zoroark-Hisui, F
|-end|p2a: Meet the Spy|Illusion
|
|-heal|p1a: Raging Bolt|94/100|[from] item: Leftovers
|upkeep
|turn|7
|
|t:|1779605642
|move|p1a: Raging Bolt|Thunderclap|p2a: Meet the Spy
|-damage|p2a: Meet the Spy|0 fnt
|faint|p2a: Meet the Spy
|
|-heal|p1a: Raging Bolt|100/100|[from] item: Leftovers
|upkeep
|
|t:|1779605644
|switch|p2a: Could be the spy|Scream Tail|100/100
|turn|8
|
|t:|1779605655
|-end|p1a: Raging Bolt|Protosynthesis|[silent]
|switch|p1a: Dragapult|Dragapult, F, tera:Fairy|88/100
|-damage|p1a: Dragapult|76/100|[from] Spikes
|move|p2a: Could be the spy|Trick|p1a: Dragapult
|-activate|p2a: Could be the spy|move: Trick|[of] p1a: Dragapult
|-item|p1a: Dragapult|Lagging Tail|[from] move: Trick
|-item|p2a: Could be the spy|Life Orb|[from] move: Trick
|
|upkeep
|turn|9
|
|t:|1779605664
|move|p2a: Could be the spy|Thunder Wave|p1a: Dragapult
|-status|p1a: Dragapult|par
|move|p1a: Dragapult|Phantom Force||[still]
|-prepare|p1a: Dragapult|Phantom Force
|
|upkeep
|turn|10
|
|t:|1779605670
|move|p2a: Could be the spy|Psychic Noise|p1a: Dragapult|[miss]
|-miss|p2a: Could be the spy|p1a: Dragapult
|cant|p1a: Dragapult|par
|
|upkeep
|turn|11
|
|t:|1779605677
|move|p2a: Could be the spy|Psychic Noise|p1a: Dragapult
|-damage|p1a: Dragapult|43/100 par
|-start|p1a: Dragapult|move: Heal Block
|-damage|p2a: Could be the spy|91/100|[from] item: Life Orb
|move|p1a: Dragapult|Phantom Force||[still]
|-prepare|p1a: Dragapult|Phantom Force
|
|upkeep
|turn|12
|
|t:|1779605685
|move|p2a: Could be the spy|Psychic Noise|p1a: Dragapult|[miss]
|-miss|p2a: Could be the spy|p1a: Dragapult
|move|p1a: Dragapult|Phantom Force|p2a: Could be the spy|[from] lockedmove
|-supereffective|p2a: Could be the spy
|-damage|p2a: Could be the spy|23/100
|
|-end|p1a: Dragapult|move: Heal Block
|upkeep
|turn|13
|
|t:|1779605704
|move|p1a: Dragapult|Sucker Punch||[still]
|-fail|p1a: Dragapult
|move|p2a: Could be the spy|Encore|p1a: Dragapult
|-start|p1a: Dragapult|Encore
|
|upkeep
|turn|14
|
|t:|1779605717
|-end|p2a: Could be the spy|Protosynthesis|[silent]
|switch|p2a: Totally Grounded|Eelektross, F|100/100
|cant|p1a: Dragapult|par
|
|upkeep
|turn|15
|
|t:|1779605731
|switch|p1a: Blaziken|Blaziken, F|100/100
|-damage|p1a: Blaziken|88/100|[from] Spikes
|move|p2a: Totally Grounded|Coil|p2a: Totally Grounded
|-boost|p2a: Totally Grounded|atk|1
|-boost|p2a: Totally Grounded|def|1
|-boost|p2a: Totally Grounded|accuracy|1
|
|upkeep
|turn|16
|
|t:|1779605742
|-terastallize|p2a: Totally Grounded|Poison
|move|p1a: Blaziken|Earthquake|p2a: Totally Grounded
|-immune|p2a: Totally Grounded|[from] ability: Levitate
|move|p2a: Totally Grounded|Coil|p2a: Totally Grounded
|-boost|p2a: Totally Grounded|atk|1
|-boost|p2a: Totally Grounded|def|1
|-boost|p2a: Totally Grounded|accuracy|1
|
|-ability|p1a: Blaziken|Speed Boost|boost
|-boost|p1a: Blaziken|spe|1
|upkeep
|turn|17
|
|t:|1779605754
|move|p1a: Blaziken|Swords Dance|p1a: Blaziken
|-boost|p1a: Blaziken|atk|2
|move|p2a: Totally Grounded|Liquidation|p1a: Blaziken
|-supereffective|p1a: Blaziken
|-damage|p1a: Blaziken|0 fnt
|faint|p1a: Blaziken
|
|upkeep
|
|t:|1779605765
|switch|p1a: Gastrodon|Gastrodon, M|100/100
|-damage|p1a: Gastrodon|88/100|[from] Spikes
|turn|18
|
|t:|1779605773
|move|p2a: Totally Grounded|Coil|p2a: Totally Grounded
|-boost|p2a: Totally Grounded|atk|1
|-boost|p2a: Totally Grounded|def|1
|-boost|p2a: Totally Grounded|accuracy|1
|move|p1a: Gastrodon|Ice Beam|p2a: Totally Grounded
|-damage|p2a: Totally Grounded|76/100
|
|-heal|p2a: Totally Grounded|82/100|[from] item: Leftovers
|-heal|p1a: Gastrodon|94/100|[from] item: Leftovers
|upkeep
|turn|19
|
|t:|1779605784
|move|p2a: Totally Grounded|Drain Punch|p1a: Gastrodon
|-damage|p1a: Gastrodon|26/100
|-heal|p2a: Totally Grounded|100/100|[from] drain|[of] p1a: Gastrodon
|move|p1a: Gastrodon|Surf|p2a: Totally Grounded
|-damage|p2a: Totally Grounded|60/100
|
|-heal|p2a: Totally Grounded|66/100|[from] item: Leftovers
|-heal|p1a: Gastrodon|32/100|[from] item: Leftovers
|upkeep
|turn|20
|
|t:|1779605795
|move|p2a: Totally Grounded|Drain Punch|p1a: Gastrodon
|-damage|p1a: Gastrodon|0 fnt
|-heal|p2a: Totally Grounded|86/100|[from] drain|[of] p1a: Gastrodon
|faint|p1a: Gastrodon
|
|-heal|p2a: Totally Grounded|92/100|[from] item: Leftovers
|upkeep
|-message|happyking123 forfeited.
|
|win|PachuMerin
|raw|happyking123's rating: 1096 &rarr; <strong>1077</strong><br />(-19 for losing)
|raw|PachuMerin's rating: 1170 &rarr; <strong>1190</strong><br />(+20 for winning)
|l|‽happyking123
|player|p1|
|l|☆PachuMerin
|player|p2|
