|j|☆Five Knight
|j|☆zxczxc101
|t:|1779618658
|gametype|singles
|player|p1|Five Knight|red|1092
|player|p2|zxczxc101|cheren-gen5bw2|1059
|gen|9
|tier|[Gen 9] OU
|rated|
|rule|HP Percentage Mod: HP is shown in percentages
|rule|Endless Battle Clause: Forcing endless battles is banned
|rule|Species Clause: Limit one of each Pokémon
|rule|OHKO Clause: OHKO moves are banned
|rule|Evasion Items Clause: Evasion items are banned
|rule|Evasion Moves Clause: Evasion moves are banned
|rule|Evasion Abilities Clause: Evasion abilities are banned
|rule|Sleep Moves Clause: Sleep-inducing moves are banned
|clearpoke
|poke|p1|Charizard, M|
|poke|p1|Greninja-*, M|
|poke|p1|Lucario, M|
|poke|p1|Gardevoir, F|
|poke|p1|Ampharos, M|
|poke|p1|Garchomp, M|
|poke|p2|Reuniclus, F|
|poke|p2|Amoonguss, F|
|poke|p2|Alomomola, F|
|poke|p2|Toxapex, M|
|poke|p2|Gardevoir, F|
|poke|p2|Slowking-Galar, F|
|teampreview
|inactive|Battle timer is ON: inactive players will automatically lose when time's up. (requested by Five Knight)
|
|t:|1779618667
|teamsize|p1|6
|teamsize|p2|6
|start
|switch|p1a: Garchomp|Garchomp, M|100/100
|switch|p2a: Toxapex|Toxapex, M|100/100
|turn|1
|
|t:|1779618675
|move|p1a: Garchomp|Stealth Rock|p2a: Toxapex
|-sidestart|p2: zxczxc101|move: Stealth Rock
|move|p2a: Toxapex|Toxic Spikes|p1a: Garchomp
|-sidestart|p1: Five Knight|move: Toxic Spikes
|
|upkeep
|turn|2
|
|t:|1779618683
|move|p1a: Garchomp|Earthquake|p2a: Toxapex
|-supereffective|p2a: Toxapex
|-damage|p2a: Toxapex|39/100
|-enditem|p2a: Toxapex|Red Card|[of] p1a: Garchomp
|drag|p1a: Charizard|Charizard, M|100/100
|move|p2a: Toxapex|Toxic Spikes|p1a: Charizard
|-sidestart|p1: Five Knight|move: Toxic Spikes
|
|upkeep
|turn|3
|
|t:|1779618704
|switch|p1a: Ampharos|Ampharos, M|100/100
|-status|p1a: Ampharos|tox
|switch|p2a: Amoonguss|Amoonguss, F|100/100
|-damage|p2a: Amoonguss|88/100|[from] Stealth Rock
|
|-damage|p1a: Ampharos|94/100 tox|[from] psn
|upkeep
|turn|4
|
|t:|1779618721
|switch|p1a: Charizard|Charizard, M|100/100
|move|p2a: Amoonguss|Foul Play|p1a: Charizard
|-damage|p1a: Charizard|80/100
|
|upkeep
|turn|5
|
|t:|1779618731
|switch|p2a: Alomomola|Alomomola, F|100/100
|-damage|p2a: Alomomola|88/100|[from] Stealth Rock
|move|p1a: Charizard|Flamethrower|p2a: Alomomola
|-resisted|p2a: Alomomola
|-damage|p2a: Alomomola|69/100
|-enditem|p2a: Alomomola|Red Card|[of] p1a: Charizard
|drag|p1a: Garchomp|Garchomp, M|100/100
|-status|p1a: Garchomp|tox
|
|-damage|p1a: Garchomp|94/100 tox|[from] psn
|upkeep
|turn|6
|
|t:|1779618746
|switch|p1a: Ampharos|Ampharos, M|94/100 tox
|move|p2a: Alomomola|Ice Beam|p1a: Ampharos
|-damage|p1a: Ampharos|88/100 tox
|
|-damage|p1a: Ampharos|82/100 tox|[from] psn
|upkeep
|turn|7
|
|t:|1779618761
|switch|p2a: Amoonguss|Amoonguss, F|100/100
|-damage|p2a: Amoonguss|88/100|[from] Stealth Rock
|move|p1a: Ampharos|Thunderbolt|p2a: Amoonguss
|-resisted|p2a: Amoonguss
|-crit|p2a: Amoonguss
|-damage|p2a: Amoonguss|59/100
|-enditem|p2a: Amoonguss|Red Card|[of] p1a: Ampharos
|drag|p1a: Gardevoir|Gardevoir, F|100/100
|-status|p1a: Gardevoir|tox
|-ability|p1a: Gardevoir|Regenerator|Trace|[from] ability: Trace|[of] p2a: Amoonguss
|
|-damage|p1a: Gardevoir|94/100 tox|[from] psn
|upkeep
|turn|8
|inactive|zxczxc101 has 120 seconds left.
|
|t:|1779618786
|switch|p2a: Reuniclus|Reuniclus, F|100/100
|-damage|p2a: Reuniclus|88/100|[from] Stealth Rock
|move|p1a: Gardevoir|Future Sight|p2a: Reuniclus
|-start|p1a: Gardevoir|move: Future Sight
|
|-damage|p1a: Gardevoir|82/100 tox|[from] psn
|upkeep
|turn|9
|inactive|zxczxc101 has 120 seconds left.
|
|t:|1779618798
|switch|p1a: Greninja|Greninja, M|100/100
|-status|p1a: Greninja|tox
|move|p2a: Reuniclus|Trick Room|p2a: Reuniclus
|-fieldstart|move: Trick Room|[of] p2a: Reuniclus
|
|-damage|p1a: Greninja|95/100 tox|[from] psn
|upkeep
|turn|10
|inactive|zxczxc101 has 120 seconds left.
|
|t:|1779618809
|switch|p2a: Amoonguss|Amoonguss, F|92/100
|-damage|p2a: Amoonguss|80/100|[from] Stealth Rock
|move|p1a: Greninja|Dark Pulse|p2a: Amoonguss
|-start|p1a: Greninja|typechange|Dark|[from] ability: Protean
|-damage|p2a: Amoonguss|39/100
|
|-end|p2a: Amoonguss|move: Future Sight
|-supereffective|p2a: Amoonguss
|-damage|p2a: Amoonguss|0 fnt
|faint|p2a: Amoonguss
|-damage|p1a: Greninja|83/100 tox|[from] psn
|upkeep
|
|t:|1779618822
|switch|p2a: Toxapex|Toxapex, M|73/100
|-damage|p2a: Toxapex|60/100|[from] Stealth Rock
|turn|11
|
|t:|1779618831
|switch|p2a: Alomomola|Alomomola, F|100/100
|-damage|p2a: Alomomola|88/100|[from] Stealth Rock
|switch|p1a: Ampharos|Ampharos, M|82/100 tox
|
|-damage|p1a: Ampharos|76/100 tox|[from] psn
|upkeep
|turn|12
|inactive|zxczxc101 has 120 seconds left.
|
|t:|1779618842
|move|p1a: Ampharos|Volt Switch|p2a: Alomomola
|-supereffective|p2a: Alomomola
|-crit|p2a: Alomomola
|-damage|p2a: Alomomola|0 fnt
|faint|p2a: Alomomola
|
|t:|1779618855
|switch|p1a: Greninja|Greninja, M|83/100 tox|[from] Volt Switch
|
|-damage|p1a: Greninja|77/100 tox|[from] psn
|upkeep
|inactive|zxczxc101 has 120 seconds left.
|
|t:|1779618865
|switch|p2a: Reuniclus|Reuniclus, F|100/100
|-damage|p2a: Reuniclus|88/100|[from] Stealth Rock
|turn|13
|
|t:|1779618870
|move|p2a: Reuniclus|Gyro Ball|p1a: Greninja
|-resisted|p1a: Greninja
|-damage|p1a: Greninja|57/100 tox
|move|p1a: Greninja|Dark Pulse|p2a: Reuniclus
|-start|p1a: Greninja|typechange|Dark|[from] ability: Protean
|-supereffective|p2a: Reuniclus
|-damage|p2a: Reuniclus|0 fnt
|faint|p2a: Reuniclus
|
|-damage|p1a: Greninja|45/100 tox|[from] psn
|-fieldend|move: Trick Room
|upkeep
|
|t:|1779618883
|switch|p2a: Toxapex|Toxapex, M|93/100
|-damage|p2a: Toxapex|81/100|[from] Stealth Rock
|turn|14
|
|t:|1779618890
|switch|p1a: Ampharos|Ampharos, M|76/100 tox
|move|p2a: Toxapex|Baneful Bunker||[still]
|-fail|p2a: Toxapex
|
|-damage|p1a: Ampharos|70/100 tox|[from] psn
|upkeep
|turn|15
|
|t:|1779618899
|move|p1a: Ampharos|Thunderbolt|p2a: Toxapex
|-supereffective|p2a: Toxapex
|-damage|p2a: Toxapex|17/100
|move|p2a: Toxapex|Sludge Bomb|p1a: Ampharos
|-damage|p1a: Ampharos|58/100 tox
|
|-damage|p1a: Ampharos|46/100 tox|[from] psn
|upkeep
|turn|16
|
|t:|1779618908
|switch|p2a: Slowking|Slowking-Galar, F|100/100
|-damage|p2a: Slowking|88/100|[from] Stealth Rock
|move|p1a: Ampharos|Thunderbolt|p2a: Slowking
|-damage|p2a: Slowking|50/100
|-enditem|p2a: Slowking|Red Card|[of] p1a: Ampharos
|drag|p1a: Charizard|Charizard, M|80/100
|
|upkeep
|turn|17
|
|t:|1779618928
|switch|p1a: Greninja|Greninja, M|45/100 tox
|move|p2a: Slowking|Trick Room|p2a: Slowking
|-fieldstart|move: Trick Room|[of] p2a: Slowking
|
|-damage|p1a: Greninja|39/100 tox|[from] psn
|upkeep
|turn|18
|-message|zxczxc101 forfeited.
|
|win|Five Knight
|raw|Five Knight's rating: 1092 &rarr; <strong>1116</strong><br />(+24 for winning)
|raw|zxczxc101's rating: 1059 &rarr; <strong>1042</strong><br />(-17 for losing)
|l|☆zxczxc101
|player|p2|
|l|☆Five Knight
|player|p1|
