|j|☆fly casanova
|j|☆MythicalWooper
|t:|1779576250
|gametype|singles
|player|p1|fly casanova|gamer-gen3|1535
|player|p2|MythicalWooper|gambler|1443
|gen|9
|tier|[Gen 9] OU
|rated|
|rule|HP Percentage Mod: HP is shown in percentages
|rule|Endless Battle Clause: Forcing endless battles is banned
|rule|Species Clause: Limit one of each Pokémon
|rule|OHKO Clause: OHKO moves are banned
|rule|Evasion Items Clause: Evasion items are banned
|rule|Evasion Moves Clause: Evasion moves are banned
|rule|Evasion Abilities Clause: Evasion abilities are banned
|rule|Sleep Moves Clause: Sleep-inducing moves are banned
|clearpoke
|poke|p1|Yanmega, M|
|poke|p1|Ninetales, F|
|poke|p1|Venusaur, F|
|poke|p1|Walking Wake|
|poke|p1|Hatterene, F|
|poke|p1|Great Tusk|
|poke|p2|Rillaboom, M|
|poke|p2|Dudunsparce-*, M|
|poke|p2|Grimmsnarl, M|
|poke|p2|Pecharunt|
|poke|p2|Ogerpon-Wellspring, F|
|poke|p2|Great Tusk|
|teampreview
|
|t:|1779576259
|teamsize|p1|6
|teamsize|p2|6
|start
|switch|p1a: Ninetales|Ninetales, F|100/100
|switch|p2a: Rillaboom|Rillaboom, M|100/100
|-weather|SunnyDay|[from] ability: Drought|[of] p1a: Ninetales
|-fieldstart|move: Grassy Terrain|[from] ability: Grassy Surge|[of] p2a: Rillaboom
|turn|1
|
|t:|1779576264
|switch|p2a: Grimmsnarl|Grimmsnarl, M|100/100
|move|p1a: Ninetales|Weather Ball|p2a: Grimmsnarl
|-damage|p2a: Grimmsnarl|70/100
|
|-weather|SunnyDay|[upkeep]
|-heal|p2a: Grimmsnarl|76/100|[from] Grassy Terrain
|upkeep
|turn|2
|
|t:|1779576271
|move|p2a: Grimmsnarl|Light Screen|p2a: Grimmsnarl
|-sidestart|p2: MythicalWooper|move: Light Screen
|move|p1a: Ninetales|Encore|p2a: Grimmsnarl
|-start|p2a: Grimmsnarl|Encore
|
|-weather|SunnyDay|[upkeep]
|-heal|p2a: Grimmsnarl|82/100|[from] Grassy Terrain
|upkeep
|turn|3
|
|t:|1779576279
|switch|p2a: Dudunsparce|Dudunsparce-Three-Segment, M, shiny|100/100
|-enditem|p2a: Dudunsparce|Grassy Seed
|-boost|p2a: Dudunsparce|def|1|[from] item: Grassy Seed
|move|p1a: Ninetales|Will-O-Wisp|p2a: Dudunsparce
|-status|p2a: Dudunsparce|brn
|
|-weather|SunnyDay|[upkeep]
|-damage|p2a: Dudunsparce|94/100 brn|[from] brn
|upkeep
|turn|4
|
|t:|1779576287
|move|p1a: Ninetales|Weather Ball|p2a: Dudunsparce
|-damage|p2a: Dudunsparce|75/100 brn
|move|p2a: Dudunsparce|Calm Mind|p2a: Dudunsparce
|-boost|p2a: Dudunsparce|spa|1
|-boost|p2a: Dudunsparce|spd|1
|
|-weather|SunnyDay|[upkeep]
|-heal|p2a: Dudunsparce|81/100 brn|[from] Grassy Terrain
|-damage|p2a: Dudunsparce|75/100 brn|[from] brn
|upkeep
|turn|5
|
|t:|1779576290
|move|p1a: Ninetales|Encore|p2a: Dudunsparce
|-start|p2a: Dudunsparce|Encore
|move|p2a: Dudunsparce|Calm Mind|p2a: Dudunsparce
|-boost|p2a: Dudunsparce|spa|1
|-boost|p2a: Dudunsparce|spd|1
|
|-weather|SunnyDay|[upkeep]
|-heal|p2a: Dudunsparce|81/100 brn|[from] Grassy Terrain
|-damage|p2a: Dudunsparce|75/100 brn|[from] brn
|upkeep
|turn|6
|
|t:|1779576299
|switch|p1a: Great Tusk|Great Tusk|100/100
|-activate|p1a: Great Tusk|ability: Protosynthesis
|-start|p1a: Great Tusk|protosynthesisatk
|switch|p2a: Pecharunt|Pecharunt|100/100
|
|-weather|SunnyDay|[upkeep]
|upkeep
|turn|7
|
|t:|1779576305
|move|p2a: Pecharunt|Malignant Chain|p1a: Great Tusk
|-resisted|p1a: Great Tusk
|-damage|p1a: Great Tusk|81/100
|move|p1a: Great Tusk|Knock Off|p2a: Pecharunt
|-supereffective|p2a: Pecharunt
|-damage|p2a: Pecharunt|39/100
|-enditem|p2a: Pecharunt|Leftovers|[from] move: Knock Off|[of] p1a: Great Tusk
|
|-weather|SunnyDay|[upkeep]
|-heal|p2a: Pecharunt|45/100|[from] Grassy Terrain
|-heal|p1a: Great Tusk|87/100|[from] Grassy Terrain
|upkeep
|turn|8
|
|t:|1779576316
|switch|p2a: Ogerpon|Ogerpon-Wellspring, F|100/100
|move|p1a: Great Tusk|Headlong Rush|p2a: Ogerpon
|-resisted|p2a: Ogerpon
|-damage|p2a: Ogerpon|50/100
|-unboost|p1a: Great Tusk|def|1
|-unboost|p1a: Great Tusk|spd|1
|
|-weather|none
|-end|p1a: Great Tusk|Protosynthesis
|-heal|p2a: Ogerpon|56/100|[from] Grassy Terrain
|-heal|p1a: Great Tusk|93/100|[from] Grassy Terrain
|-fieldend|move: Grassy Terrain
|upkeep
|turn|9
|
|t:|1779576330
|-end|p1a: Great Tusk|Protosynthesis|[silent]
|switch|p1a: Ninetales|Ninetales, F|100/100
|-weather|SunnyDay|[from] ability: Drought|[of] p1a: Ninetales
|move|p2a: Ogerpon|Ivy Cudgel|p1a: Ninetales|[anim] Ivy Cudgel Water
|-supereffective|p1a: Ninetales
|-damage|p1a: Ninetales|23/100
|
|-weather|SunnyDay|[upkeep]
|-sideend|p2: MythicalWooper|move: Light Screen
|upkeep
|turn|10
|
|t:|1779576339
|switch|p1a: Venusaur|Venusaur, F|100/100
|switch|p2a: Dudunsparce|Dudunsparce-Three-Segment, M, shiny|75/100 brn
|
|-weather|SunnyDay|[upkeep]
|-damage|p2a: Dudunsparce|69/100 brn|[from] brn
|upkeep
|turn|11
|
|t:|1779576347
|move|p1a: Venusaur|Growth|p1a: Venusaur
|-boost|p1a: Venusaur|atk|2
|-boost|p1a: Venusaur|spa|2
|move|p2a: Dudunsparce|Boomburst|p1a: Venusaur
|-damage|p1a: Venusaur|54/100
|
|-weather|SunnyDay|[upkeep]
|-damage|p2a: Dudunsparce|63/100 brn|[from] brn
|upkeep
|turn|12
|
|t:|1779576353
|move|p1a: Venusaur|Giga Drain|p2a: Dudunsparce
|-damage|p2a: Dudunsparce|0 fnt
|-heal|p1a: Venusaur|100/100|[from] drain|[of] p2a: Dudunsparce
|faint|p2a: Dudunsparce
|-damage|p1a: Venusaur|91/100|[from] item: Life Orb
|
|-weather|SunnyDay|[upkeep]
|upkeep
|
|t:|1779576356
|switch|p2a: Grimmsnarl|Grimmsnarl, M|82/100
|turn|13
|-message|MythicalWooper forfeited.
|
|win|fly casanova
|raw|fly casanova's rating: 1535 &rarr; <strong>1550</strong><br />(+15 for winning)
|raw|MythicalWooper's rating: 1443 &rarr; <strong>1428</strong><br />(-15 for losing)
