|j|☆8daniel8
|j|☆kerom.pk
|t:|1779699345
|gametype|singles
|player|p1|8daniel8|2|1508
|player|p2|kerom.pk|265|1605
|gen|9
|tier|[Gen 9] OU
|rated|
|rule|HP Percentage Mod: HP is shown in percentages
|rule|Endless Battle Clause: Forcing endless battles is banned
|rule|Species Clause: Limit one of each Pokémon
|rule|OHKO Clause: OHKO moves are banned
|rule|Evasion Items Clause: Evasion items are banned
|rule|Evasion Moves Clause: Evasion moves are banned
|rule|Evasion Abilities Clause: Evasion abilities are banned
|rule|Sleep Moves Clause: Sleep-inducing moves are banned
|clearpoke
|poke|p1|Gholdengo|
|poke|p1|Hydrapple, F|
|poke|p1|Volcanion|
|poke|p1|Clefable, M|
|poke|p1|Clodsire, F|
|poke|p1|Crabominable, M|
|poke|p2|Clodsire, M|
|poke|p2|Alomomola, F|
|poke|p2|Hydrapple, F|
|poke|p2|Meowscarada, M|
|poke|p2|Primarina, F|
|poke|p2|Weezing-Galar, M|
|teampreview
|inactive|Battle timer is ON: inactive players will automatically lose when time's up. (requested by kerom.pk)
|
|t:|1779699363
|teamsize|p1|6
|teamsize|p2|6
|start
|switch|p1a: Gholdengo|Gholdengo|100/100
|switch|p2a: Meowscarada|Meowscarada, M|100/100
|turn|1
|
|t:|1779699376
|switch|p2a: Alomomola|Alomomola, F|100/100
|move|p1a: Gholdengo|Dazzling Gleam|p2a: Alomomola
|-damage|p2a: Alomomola|67/100
|-damage|p1a: Gholdengo|91/100|[from] item: Life Orb
|
|upkeep
|turn|2
|
|t:|1779699384
|move|p1a: Gholdengo|Thunderbolt|p2a: Alomomola
|-supereffective|p2a: Alomomola
|-damage|p2a: Alomomola|0 fnt
|faint|p2a: Alomomola
|-damage|p1a: Gholdengo|81/100|[from] item: Life Orb
|
|upkeep
|
|t:|1779699388
|switch|p2a: Meowscarada|Meowscarada, M|100/100
|turn|3
|
|t:|1779699392
|-terastallize|p1a: Gholdengo|Fairy
|move|p2a: Meowscarada|Knock Off|p1a: Gholdengo
|-start|p2a: Meowscarada|typechange|Dark|[from] ability: Protean
|-resisted|p1a: Gholdengo
|-damage|p1a: Gholdengo|40/100
|-enditem|p1a: Gholdengo|Life Orb|[from] move: Knock Off|[of] p2a: Meowscarada
|move|p1a: Gholdengo|Dazzling Gleam|p2a: Meowscarada
|-supereffective|p2a: Meowscarada
|-damage|p2a: Meowscarada|0 fnt
|faint|p2a: Meowscarada
|
|upkeep
|c|☆kerom.pk|やってることキモすぎ
|
|t:|1779699411
|switch|p2a: Clodsire|Clodsire, M|100/100
|turn|4
|
|t:|1779699417
|switch|p1a: Crabominable|Crabominable, M|100/100
|move|p2a: Clodsire|Poison Jab|p1a: Crabominable
|-damage|p1a: Crabominable|78/100
|-status|p1a: Crabominable|psn
|
|-damage|p1a: Crabominable|66/100 psn|[from] psn
|upkeep
|turn|5
|
|t:|1779699430
|switch|p2a: Primarina|Primarina, F|100/100
|move|p1a: Crabominable|Ice Hammer|p2a: Primarina|[miss]
|-miss|p1a: Crabominable|p2a: Primarina
|
|-damage|p1a: Crabominable|53/100 psn|[from] psn
|upkeep
|turn|6
|
|t:|1779699446
|switch|p2a: Hydrapple|Hydrapple, F|100/100
|switch|p1a: Clodsire|Clodsire, F|100/100
|
|upkeep
|turn|7
|
|t:|1779699453
|move|p2a: Hydrapple|Earth Power|p1a: Clodsire
|-supereffective|p1a: Clodsire
|-damage|p1a: Clodsire|56/100
|move|p1a: Clodsire|Poison Jab|p2a: Hydrapple
|-supereffective|p2a: Hydrapple
|-damage|p2a: Hydrapple|70/100
|-status|p2a: Hydrapple|psn
|
|-heal|p1a: Clodsire|62/100|[from] item: Leftovers
|-damage|p2a: Hydrapple|57/100 psn|[from] psn
|upkeep
|turn|8
|
|t:|1779699465
|switch|p2a: Weezing|Weezing-Galar, M|100/100
|-ability|p2a: Weezing|Neutralizing Gas
|move|p1a: Clodsire|Recover|p1a: Clodsire
|-heal|p1a: Clodsire|100/100
|
|upkeep
|turn|9
|
|t:|1779699476
|switch|p1a: Crabominable|Crabominable, M|53/100 psn
|move|p2a: Weezing|Will-O-Wisp||[still]
|-fail|p2a: Weezing
|
|-damage|p1a: Crabominable|41/100 psn|[from] psn
|upkeep
|turn|10
|
|t:|1779699485
|move|p2a: Weezing|Strange Steam|p1a: Crabominable
|-supereffective|p1a: Crabominable
|-damage|p1a: Crabominable|0 fnt
|faint|p1a: Crabominable
|
|upkeep
|
|t:|1779699492
|switch|p1a: Volcanion|Volcanion|100/100
|turn|11
|
|t:|1779699497
|move|p1a: Volcanion|Flamethrower|p2a: Weezing
|-damage|p2a: Weezing|39/100
|-status|p2a: Weezing|brn
|move|p2a: Weezing|Pain Split|p1a: Volcanion
|-sethp|p1a: Volcanion|68/100|[from] move: Pain Split|[silent]
|-sethp|p2a: Weezing|74/100 brn|[from] move: Pain Split
|
|-heal|p2a: Weezing|80/100 brn|[from] item: Leftovers
|-damage|p2a: Weezing|74/100 brn|[from] brn
|upkeep
|turn|12
|
|t:|1779699511
|-end|p2a: Weezing|ability: Neutralizing Gas
|switch|p2a: Clodsire|Clodsire, M|100/100
|move|p1a: Volcanion|Earth Power|p2a: Clodsire
|-supereffective|p2a: Clodsire
|-damage|p2a: Clodsire|57/100
|
|-heal|p2a: Clodsire|63/100|[from] item: Leftovers
|upkeep
|turn|13
|
|t:|1779699521
|switch|p2a: Hydrapple|Hydrapple, F|90/100 psn
|move|p1a: Volcanion|Earth Power|p2a: Hydrapple
|-resisted|p2a: Hydrapple
|-damage|p2a: Hydrapple|77/100 psn
|
|-damage|p2a: Hydrapple|64/100 psn|[from] psn
|upkeep
|turn|14
|
|t:|1779699529
|move|p1a: Volcanion|Sludge Bomb|p2a: Hydrapple
|-supereffective|p2a: Hydrapple
|-damage|p2a: Hydrapple|4/100 psn
|move|p2a: Hydrapple|Draco Meteor|p1a: Volcanion
|-damage|p1a: Volcanion|0 fnt
|-unboost|p2a: Hydrapple|spa|2
|faint|p1a: Volcanion
|
|-damage|p2a: Hydrapple|0 fnt|[from] psn
|faint|p2a: Hydrapple
|upkeep
|
|t:|1779699551
|switch|p1a: Hydrapple|Hydrapple, F|100/100
|switch|p2a: Weezing|Weezing-Galar, M|74/100 brn
|-ability|p2a: Weezing|Neutralizing Gas
|turn|15
|
|t:|1779699559
|move|p2a: Weezing|Will-O-Wisp|p1a: Hydrapple
|-status|p1a: Hydrapple|brn
|move|p1a: Hydrapple|Earth Power|p2a: Weezing
|-supereffective|p2a: Weezing
|-damage|p2a: Weezing|0 fnt
|faint|p2a: Weezing
|-end|p2a: Weezing|ability: Neutralizing Gas
|-damage|p1a: Hydrapple|91/100 brn|[from] item: Life Orb
|
|-damage|p1a: Hydrapple|85/100 brn|[from] brn
|upkeep
|
|t:|1779699568
|switch|p2a: Primarina|Primarina, F|100/100
|turn|16
|
|t:|1779699577
|switch|p1a: Clodsire|Clodsire, F|100/100
|move|p2a: Primarina|Moonblast|p1a: Clodsire
|-resisted|p1a: Clodsire
|-damage|p1a: Clodsire|90/100
|
|-heal|p1a: Clodsire|96/100|[from] item: Leftovers
|upkeep
|turn|17
|
|t:|1779699586
|move|p2a: Primarina|Whirlpool|p1a: Clodsire
|-heal|p1a: Clodsire|100/100|[from] ability: Water Absorb|[of] p2a: Primarina
|move|p1a: Clodsire|Curse|p1a: Clodsire
|-unboost|p1a: Clodsire|spe|1
|-boost|p1a: Clodsire|atk|1
|-boost|p1a: Clodsire|def|1
|
|upkeep
|turn|18
|
|t:|1779699593
|move|p2a: Primarina|Perish Song|p2a: Primarina
|-start|p1a: Clodsire|perish3|[silent]
|-start|p2a: Primarina|perish3|[silent]
|-fieldactivate|move: Perish Song
|move|p1a: Clodsire|Earthquake|p2a: Primarina
|-damage|p2a: Primarina|63/100
|
|-heal|p2a: Primarina|69/100|[from] item: Leftovers
|-start|p2a: Primarina|perish3
|-start|p1a: Clodsire|perish3
|upkeep
|turn|19
|
|t:|1779699603
|move|p2a: Primarina|Moonblast|p1a: Clodsire
|-resisted|p1a: Clodsire
|-damage|p1a: Clodsire|91/100
|move|p1a: Clodsire|Poison Jab|p2a: Primarina
|-supereffective|p2a: Primarina
|-damage|p2a: Primarina|8/100
|
|-heal|p2a: Primarina|14/100|[from] item: Leftovers
|-heal|p1a: Clodsire|97/100|[from] item: Leftovers
|-start|p2a: Primarina|perish2
|-start|p1a: Clodsire|perish2
|upkeep
|turn|20
|
|t:|1779699614
|move|p2a: Primarina|Protect|p2a: Primarina
|-singleturn|p2a: Primarina|Protect
|move|p1a: Clodsire|Earthquake|p2a: Primarina
|-activate|p2a: Primarina|move: Protect
|
|-heal|p2a: Primarina|20/100|[from] item: Leftovers
|-heal|p1a: Clodsire|100/100|[from] item: Leftovers
|-start|p2a: Primarina|perish1
|-start|p1a: Clodsire|perish1
|upkeep
|turn|21
|
|t:|1779699627
|move|p2a: Primarina|Moonblast|p1a: Clodsire
|-resisted|p1a: Clodsire
|-damage|p1a: Clodsire|90/100
|move|p1a: Clodsire|Earthquake|p2a: Primarina
|-damage|p2a: Primarina|0 fnt
|faint|p2a: Primarina
|
|-heal|p1a: Clodsire|96/100|[from] item: Leftovers
|-start|p1a: Clodsire|perish0
|upkeep
|faint|p1a: Clodsire
|
|t:|1779699638
|switch|p2a: Clodsire|Clodsire, M|63/100
|switch|p1a: Hydrapple|Hydrapple, F|100/100 brn
|turn|22
|
|t:|1779699646
|-terastallize|p2a: Clodsire|Grass
|move|p1a: Hydrapple|Earth Power|p2a: Clodsire
|-resisted|p2a: Clodsire
|-damage|p2a: Clodsire|49/100
|-damage|p1a: Hydrapple|91/100 brn|[from] item: Life Orb
|move|p2a: Clodsire|Recover|p2a: Clodsire
|-heal|p2a: Clodsire|99/100
|
|-heal|p2a: Clodsire|100/100|[from] item: Leftovers
|-damage|p1a: Hydrapple|85/100 brn|[from] brn
|upkeep
|turn|23
|
|t:|1779699659
|move|p1a: Hydrapple|Draco Meteor|p2a: Clodsire
|-damage|p2a: Clodsire|41/100
|-unboost|p1a: Hydrapple|spa|2
|-damage|p1a: Hydrapple|75/100 brn|[from] item: Life Orb
|move|p2a: Clodsire|Curse|p2a: Clodsire
|-unboost|p2a: Clodsire|spe|1
|-boost|p2a: Clodsire|atk|1
|-boost|p2a: Clodsire|def|1
|
|-heal|p2a: Clodsire|48/100|[from] item: Leftovers
|-damage|p1a: Hydrapple|69/100 brn|[from] brn
|upkeep
|turn|24
|
|t:|1779699672
|switch|p1a: Clefable|Clefable, M|100/100
|move|p2a: Clodsire|Recover|p2a: Clodsire
|-heal|p2a: Clodsire|98/100
|
|-heal|p2a: Clodsire|100/100|[from] item: Leftovers
|upkeep
|turn|25
|
|t:|1779699681
|move|p1a: Clefable|Thunder Wave|p2a: Clodsire
|-status|p2a: Clodsire|par
|move|p2a: Clodsire|Curse|p2a: Clodsire
|-unboost|p2a: Clodsire|spe|1
|-boost|p2a: Clodsire|atk|1
|-boost|p2a: Clodsire|def|1
|
|upkeep
|turn|26
|
|t:|1779699693
|switch|p1a: Hydrapple|Hydrapple, F|100/100 brn
|move|p2a: Clodsire|Curse|p2a: Clodsire
|-unboost|p2a: Clodsire|spe|1
|-boost|p2a: Clodsire|atk|1
|-boost|p2a: Clodsire|def|1
|
|-damage|p1a: Hydrapple|94/100 brn|[from] brn
|upkeep
|turn|27
|
|t:|1779699702
|move|p1a: Hydrapple|Draco Meteor|p2a: Clodsire
|-damage|p2a: Clodsire|47/100 par
|-unboost|p1a: Hydrapple|spa|2
|-damage|p1a: Hydrapple|85/100 brn|[from] item: Life Orb
|move|p2a: Clodsire|Recover|p2a: Clodsire
|-heal|p2a: Clodsire|97/100 par
|
|-heal|p2a: Clodsire|100/100 par|[from] item: Leftovers
|-damage|p1a: Hydrapple|79/100 brn|[from] brn
|upkeep
|turn|28
|
|t:|1779699713
|move|p1a: Hydrapple|Draco Meteor|p2a: Clodsire
|-damage|p2a: Clodsire|43/100 par
|-unboost|p1a: Hydrapple|spa|2
|-damage|p1a: Hydrapple|69/100 brn|[from] item: Life Orb
|cant|p2a: Clodsire|par
|
|-heal|p2a: Clodsire|49/100 par|[from] item: Leftovers
|-damage|p1a: Hydrapple|63/100 brn|[from] brn
|upkeep
|turn|29
|
|t:|1779699724
|move|p1a: Hydrapple|Draco Meteor|p2a: Clodsire
|-damage|p2a: Clodsire|0 fnt
|-unboost|p1a: Hydrapple|spa|2
|faint|p2a: Clodsire
|-damage|p1a: Hydrapple|53/100 brn|[from] item: Life Orb
|
|win|8daniel8
|raw|8daniel8's rating: 1508 &rarr; <strong>1533</strong><br />(+25 for winning)
|raw|kerom.pk's rating: 1605 &rarr; <strong>1580</strong><br />(-25 for losing)
|l|☆8daniel8
|player|p1|
|l|☆kerom.pk
|player|p2|
