|j|☆kopv
|j|☆CaptainMoulebite
|t:|1779582981
|gametype|singles
|player|p1|kopv|bugcatcher-gen4dp|1411
|player|p2|CaptainMoulebite|drayden|1352
|gen|9
|tier|[Gen 9] OU
|rated|
|rule|HP Percentage Mod: HP is shown in percentages
|rule|Endless Battle Clause: Forcing endless battles is banned
|rule|Species Clause: Limit one of each Pokémon
|rule|OHKO Clause: OHKO moves are banned
|rule|Evasion Items Clause: Evasion items are banned
|rule|Evasion Moves Clause: Evasion moves are banned
|rule|Evasion Abilities Clause: Evasion abilities are banned
|rule|Sleep Moves Clause: Sleep-inducing moves are banned
|clearpoke
|poke|p1|Pelipper, F|
|poke|p1|Barraskewda, M|
|poke|p1|Iron Treads|
|poke|p1|Bruxish, M|
|poke|p1|Raging Bolt|
|poke|p1|Enamorus, F|
|poke|p2|Pelipper, F|
|poke|p2|Zapdos|
|poke|p2|Keldeo-Resolute|
|poke|p2|Landorus-Therian, M|
|poke|p2|Barraskewda, F|
|poke|p2|Ogerpon-Wellspring, F|
|teampreview
|
|t:|1779582995
|teamsize|p1|6
|teamsize|p2|6
|start
|switch|p1a: Pelipper|Pelipper, F|100/100
|switch|p2a: Barraskewda|Barraskewda, F|100/100
|-weather|RainDance|[from] ability: Drizzle|[of] p1a: Pelipper
|turn|1
|
|t:|1779583006
|-terastallize|p2a: Barraskewda|Water
|move|p2a: Barraskewda|Waterfall|p1a: Pelipper
|-resisted|p1a: Pelipper
|-damage|p1a: Pelipper|47/100
|cant|p1a: Pelipper|flinch
|
|-weather|RainDance|[upkeep]
|upkeep
|turn|2
|
|t:|1779583036
|switch|p1a: Raging Bolt|Raging Bolt|100/100
|move|p2a: Barraskewda|Waterfall|p1a: Raging Bolt
|-resisted|p1a: Raging Bolt
|-damage|p1a: Raging Bolt|42/100
|
|-weather|RainDance|[upkeep]
|-heal|p1a: Raging Bolt|48/100|[from] item: Leftovers
|upkeep
|turn|3
|
|t:|1779583051
|switch|p2a: Landorus|Landorus-Therian, M|100/100
|-ability|p2a: Landorus|Intimidate|boost
|-unboost|p1a: Raging Bolt|atk|1
|move|p1a: Raging Bolt|Weather Ball|p2a: Landorus
|-supereffective|p2a: Landorus
|-damage|p2a: Landorus|0 fnt
|faint|p2a: Landorus
|
|-weather|RainDance|[upkeep]
|-heal|p1a: Raging Bolt|54/100|[from] item: Leftovers
|upkeep
|
|t:|1779583062
|switch|p2a: Zapdos|Zapdos|100/100
|turn|4
|
|t:|1779583070
|move|p2a: Zapdos|Weather Ball|p1a: Raging Bolt
|-resisted|p1a: Raging Bolt
|-damage|p1a: Raging Bolt|30/100
|move|p1a: Raging Bolt|Thunder|p2a: Zapdos
|-damage|p2a: Zapdos|21/100
|
|-weather|RainDance|[upkeep]
|-heal|p1a: Raging Bolt|37/100|[from] item: Leftovers
|upkeep
|turn|5
|
|t:|1779583078
|move|p1a: Raging Bolt|Thunderclap|p2a: Zapdos
|-crit|p2a: Zapdos
|-damage|p2a: Zapdos|0 fnt
|faint|p2a: Zapdos
|
|-weather|RainDance|[upkeep]
|-heal|p1a: Raging Bolt|43/100|[from] item: Leftovers
|upkeep
|
|t:|1779583086
|switch|p2a: Ogerpon|Ogerpon-Wellspring, F|100/100
|turn|6
|
|t:|1779583095
|-end|p1a: Raging Bolt|Protosynthesis|[silent]
|switch|p1a: Enamorus|Enamorus, F|100/100
|move|p2a: Ogerpon|Ivy Cudgel|p1a: Enamorus|[anim] Ivy Cudgel Water
|-damage|p1a: Enamorus|0 fnt
|faint|p1a: Enamorus
|
|-weather|RainDance|[upkeep]
|upkeep
|
|t:|1779583107
|switch|p1a: Barraskewda|Barraskewda, M|100/100
|turn|7
|
|t:|1779583110
|move|p1a: Barraskewda|Poison Jab|p2a: Ogerpon
|-supereffective|p2a: Ogerpon
|-damage|p2a: Ogerpon|0 fnt
|faint|p2a: Ogerpon
|-damage|p1a: Barraskewda|91/100|[from] item: Life Orb
|
|-weather|RainDance|[upkeep]
|upkeep
|
|t:|1779583116
|switch|p2a: Keldeo|Keldeo-Resolute|100/100
|turn|8
|
|t:|1779583124
|move|p2a: Keldeo|Vacuum Wave|p1a: Barraskewda
|-damage|p1a: Barraskewda|22/100
|move|p1a: Barraskewda|Flip Turn|p2a: Keldeo
|-resisted|p2a: Keldeo
|-damage|p2a: Keldeo|66/100
|-damage|p1a: Barraskewda|12/100|[from] item: Life Orb
|
|t:|1779583129
|switch|p1a: Iron Treads|Iron Treads|100/100|[from] Flip Turn
|
|-weather|none
|upkeep
|turn|9
|
|t:|1779583138
|move|p2a: Keldeo|Vacuum Wave|p1a: Iron Treads
|-supereffective|p1a: Iron Treads
|-damage|p1a: Iron Treads|39/100
|move|p1a: Iron Treads|Stealth Rock|p2a: Keldeo
|-sidestart|p2: CaptainMoulebite|move: Stealth Rock
|
|-heal|p1a: Iron Treads|45/100|[from] item: Leftovers
|upkeep
|turn|10
|
|t:|1779583147
|-end|p1a: Iron Treads|Quark Drive|[silent]
|switch|p1a: 'Ello gov'na|Bruxish, M|100/100
|move|p2a: Keldeo|Vacuum Wave||[still]
|cant|p1a: 'Ello gov'na|ability: Dazzling|Vacuum Wave|[of] p2a: Keldeo
|
|upkeep
|turn|11
|
|t:|1779583167
|switch|p2a: Pelipper|Pelipper, F|100/100
|-damage|p2a: Pelipper|76/100|[from] Stealth Rock
|-weather|RainDance|[from] ability: Drizzle|[of] p2a: Pelipper
|move|p1a: 'Ello gov'na|Wave Crash|p2a: Pelipper
|-resisted|p2a: Pelipper
|-damage|p2a: Pelipper|27/100
|-damage|p1a: 'Ello gov'na|82/100|[from] Recoil
|
|-weather|RainDance|[upkeep]
|upkeep
|turn|12
|
|t:|1779583176
|move|p1a: 'Ello gov'na|Wave Crash|p2a: Pelipper
|-resisted|p2a: Pelipper
|-damage|p2a: Pelipper|0 fnt
|faint|p2a: Pelipper
|-damage|p1a: 'Ello gov'na|72/100|[from] Recoil
|
|-weather|RainDance|[upkeep]
|upkeep
|
|t:|1779583178
|switch|p2a: Barraskewda|Barraskewda, F, tera:Water|100/100
|-damage|p2a: Barraskewda|88/100|[from] Stealth Rock
|turn|13
|
|t:|1779583184
|switch|p1a: Iron Treads|Iron Treads|45/100
|move|p2a: Barraskewda|Waterfall|p1a: Iron Treads
|-supereffective|p1a: Iron Treads
|-damage|p1a: Iron Treads|0 fnt
|faint|p1a: Iron Treads
|-end|p1a: Iron Treads|Quark Drive|[silent]
|
|-weather|RainDance|[upkeep]
|upkeep
|
|t:|1779583193
|switch|p1a: Barraskewda|Barraskewda, M|12/100
|turn|14
|
|t:|1779583197
|move|p1a: Barraskewda|Close Combat|p2a: Barraskewda
|-damage|p2a: Barraskewda|0 fnt
|-unboost|p1a: Barraskewda|def|1
|-unboost|p1a: Barraskewda|spd|1
|faint|p2a: Barraskewda
|-damage|p1a: Barraskewda|2/100|[from] item: Life Orb
|
|-weather|RainDance|[upkeep]
|upkeep
|
|t:|1779583199
|switch|p2a: Keldeo|Keldeo-Resolute|66/100
|-damage|p2a: Keldeo|59/100|[from] Stealth Rock
|turn|15
|
|t:|1779583202
|move|p2a: Keldeo|Vacuum Wave|p1a: Barraskewda
|-damage|p1a: Barraskewda|0 fnt
|faint|p1a: Barraskewda
|
|-weather|RainDance|[upkeep]
|upkeep
|
|t:|1779583205
|switch|p1a: 'Ello gov'na|Bruxish, M|72/100
|turn|16
|
|t:|1779583210
|move|p2a: Keldeo|Vacuum Wave||[still]
|cant|p1a: 'Ello gov'na|ability: Dazzling|Vacuum Wave|[of] p2a: Keldeo
|move|p1a: 'Ello gov'na|Flip Turn|p2a: Keldeo
|-resisted|p2a: Keldeo
|-crit|p2a: Keldeo
|-damage|p2a: Keldeo|5/100
|
|t:|1779583213
|switch|p1a: Pelipper|Pelipper, F|47/100|[from] Flip Turn
|
|-weather|RainDance|[upkeep]
|upkeep
|turn|17
|
|t:|1779583215
|switch|p1a: 'Ello gov'na|Bruxish, M|72/100
|move|p2a: Keldeo|Vacuum Wave||[still]
|cant|p1a: 'Ello gov'na|ability: Dazzling|Vacuum Wave|[of] p2a: Keldeo
|
|-weather|RainDance|[upkeep]
|upkeep
|turn|18
|
|t:|1779583221
|move|p2a: Keldeo|Vacuum Wave||[still]
|cant|p1a: 'Ello gov'na|ability: Dazzling|Vacuum Wave|[of] p2a: Keldeo
|move|p1a: 'Ello gov'na|Flip Turn|p2a: Keldeo
|-resisted|p2a: Keldeo
|-damage|p2a: Keldeo|0 fnt
|faint|p2a: Keldeo
|
|win|kopv
|raw|kopv's rating: 1411 &rarr; <strong>1428</strong><br />(+17 for winning)
|raw|CaptainMoulebite's rating: 1352 &rarr; <strong>1335</strong><br />(-17 for losing)
