|j|☆magikarp soup
|j|☆Srleo2
|t:|1779570552
|gametype|singles
|player|p1|magikarp soup|medium|1466
|player|p2|Srleo2|gentleman-gen4|1426
|gen|9
|tier|[Gen 9] OU
|rated|
|rule|HP Percentage Mod: HP is shown in percentages
|rule|Endless Battle Clause: Forcing endless battles is banned
|rule|Species Clause: Limit one of each Pokémon
|rule|OHKO Clause: OHKO moves are banned
|rule|Evasion Items Clause: Evasion items are banned
|rule|Evasion Moves Clause: Evasion moves are banned
|rule|Evasion Abilities Clause: Evasion abilities are banned
|rule|Sleep Moves Clause: Sleep-inducing moves are banned
|clearpoke
|poke|p1|Cramorant, M|
|poke|p1|Ceruledge, M|
|poke|p1|Kyurem|
|poke|p1|Scyther, F|
|poke|p1|Kingambit, M|
|poke|p1|Tornadus-Therian, M|
|poke|p2|Hatterene, F|
|poke|p2|Farigiraf, M|
|poke|p2|Mimikyu, F|
|poke|p2|Slither Wing|
|poke|p2|Ursaluna, F|
|poke|p2|Torkoal, F|
|teampreview
|
|t:|1779570575
|teamsize|p1|6
|teamsize|p2|6
|start
|switch|p1a: Cramorant|Cramorant, M|100/100
|switch|p2a: Hatterene|Hatterene, F|100/100
|turn|1
|
|t:|1779570581
|move|p1a: Cramorant|Surf|p2a: Hatterene
|-formechange|p1a: Cramorant|Cramorant-Gulping|
|-damage|p2a: Hatterene|65/100
|move|p2a: Hatterene|Trick Room|p2a: Hatterene
|-fieldstart|move: Trick Room|[of] p2a: Hatterene
|
|upkeep
|turn|2
|inactive|Battle timer is ON: inactive players will automatically lose when time's up. (requested by Srleo2)
|
|t:|1779570589
|switch|p1a: Kingambit|Kingambit, M|100/100
|move|p2a: Hatterene|Psychic|p1a: Kingambit
|-immune|p1a: Kingambit
|
|upkeep
|turn|3
|
|t:|1779570596
|switch|p2a: Slither Wing|Slither Wing|100/100
|-end|p1a: Kingambit|fallenundefined|[silent]
|switch|p1a: Scyther|Scyther, F|100/100
|
|upkeep
|turn|4
|
|t:|1779570600
|move|p2a: Slither Wing|Flare Blitz|p1a: Scyther
|-supereffective|p1a: Scyther
|-crit|p1a: Scyther
|-damage|p1a: Scyther|0 fnt
|faint|p1a: Scyther
|-damage|p2a: Slither Wing|69/100|[from] Recoil
|
|upkeep
|
|t:|1779570605
|switch|p1a: Cramorant|Cramorant, M|100/100
|turn|5
|
|t:|1779570609
|-end|p2a: Slither Wing|Protosynthesis|[silent]
|switch|p2a: Hatterene|Hatterene, F|65/100
|move|p1a: Cramorant|Surf|p2a: Hatterene
|-formechange|p1a: Cramorant|Cramorant-Gulping|
|-damage|p2a: Hatterene|29/100
|
|-fieldend|move: Trick Room
|upkeep
|turn|6
|
|t:|1779570612
|move|p1a: Cramorant|Surf|p2a: Hatterene
|-damage|p2a: Hatterene|0 fnt
|faint|p2a: Hatterene
|
|upkeep
|
|t:|1779570614
|switch|p2a: Farigiraf|Farigiraf, M|100/100
|turn|7
|
|t:|1779570617
|move|p1a: Cramorant|Surf|p2a: Farigiraf
|-damage|p2a: Farigiraf|65/100
|move|p2a: Farigiraf|Trick Room|p2a: Farigiraf
|-fieldstart|move: Trick Room|[of] p2a: Farigiraf
|
|upkeep
|turn|8
|
|t:|1779570624
|switch|p1a: Kingambit|Kingambit, M|100/100
|-activate|p1a: Kingambit|ability: Supreme Overlord
|-start|p1a: Kingambit|fallen1|[silent]
|move|p2a: Farigiraf|Nasty Plot|p2a: Farigiraf
|-boost|p2a: Farigiraf|spa|2
|
|upkeep
|turn|9
|
|t:|1779570632
|move|p2a: Farigiraf|Hyper Voice|p1a: Kingambit
|-resisted|p1a: Kingambit
|-damage|p1a: Kingambit|51/100
|-enditem|p2a: Farigiraf|Throat Spray
|-boost|p2a: Farigiraf|spa|1|[from] item: Throat Spray
|move|p1a: Kingambit|Low Kick|p2a: Farigiraf
|-damage|p2a: Farigiraf|26/100
|
|upkeep
|turn|10
|
|t:|1779570640
|-end|p1a: Kingambit|fallen1|[silent]
|switch|p1a: Ceruledge|Ceruledge, M|100/100
|move|p2a: Farigiraf|Hyper Voice|p1a: Ceruledge
|-immune|p1a: Ceruledge
|
|upkeep
|turn|11
|
|t:|1779570651
|switch|p1a: Kingambit|Kingambit, M|51/100
|-activate|p1a: Kingambit|ability: Supreme Overlord
|-start|p1a: Kingambit|fallen1|[silent]
|move|p2a: Farigiraf|Shadow Ball|p1a: Kingambit
|-resisted|p1a: Kingambit
|-damage|p1a: Kingambit|10/100
|
|-fieldend|move: Trick Room
|upkeep
|turn|12
|
|t:|1779570658
|move|p1a: Kingambit|Low Kick|p2a: Farigiraf
|-damage|p2a: Farigiraf|0 fnt
|faint|p2a: Farigiraf
|
|upkeep
|
|t:|1779570665
|switch|p2a: Mimikyu|Mimikyu, F|100/100
|turn|13
|
|t:|1779570668
|move|p1a: Kingambit|Zen Headbutt|p2a: Mimikyu
|-activate|p2a: Mimikyu|ability: Disguise
|-damage|p2a: Mimikyu|100/100
|detailschange|p2a: Mimikyu|Mimikyu-Busted, F
|-damage|p2a: Mimikyu|88/100|[from] pokemon: Mimikyu-Busted
|move|p2a: Mimikyu|Trick Room|p2a: Mimikyu
|-fieldstart|move: Trick Room|[of] p2a: Mimikyu
|
|upkeep
|turn|14
|
|t:|1779570675
|move|p2a: Mimikyu|Shadow Sneak|p1a: Kingambit
|-resisted|p1a: Kingambit
|-damage|p1a: Kingambit|0 fnt
|faint|p1a: Kingambit
|-end|p1a: Kingambit|fallen1|[silent]
|-damage|p2a: Mimikyu|78/100|[from] item: Life Orb
|
|upkeep
|
|t:|1779570683
|switch|p1a: Ceruledge|Ceruledge, M|100/100
|turn|15
|
|t:|1779570689
|move|p2a: Mimikyu|Shadow Sneak|p1a: Ceruledge
|-supereffective|p1a: Ceruledge
|-damage|p1a: Ceruledge|39/100
|-ability|p1a: Ceruledge|Weak Armor|boost
|-unboost|p1a: Ceruledge|def|1
|-boost|p1a: Ceruledge|spe|2
|-damage|p2a: Mimikyu|69/100|[from] item: Life Orb
|move|p1a: Ceruledge|Destiny Bond|p1a: Ceruledge
|-singlemove|p1a: Ceruledge|Destiny Bond
|
|upkeep
|turn|16
|
|t:|1779570693
|move|p2a: Mimikyu|Shadow Sneak|p1a: Ceruledge
|-supereffective|p1a: Ceruledge
|-damage|p1a: Ceruledge|0 fnt
|faint|p1a: Ceruledge
|-activate|p1a: Ceruledge|move: Destiny Bond
|faint|p2a: Mimikyu
|
|upkeep
|
|t:|1779570700
|switch|p2a: Ursaluna|Ursaluna, F|100/100
|switch|p1a: Cramorant|Cramorant, M|100/100
|turn|17
|
|t:|1779570704
|-terastallize|p2a: Ursaluna|Normal
|move|p2a: Ursaluna|Swords Dance|p2a: Ursaluna
|-boost|p2a: Ursaluna|atk|2
|move|p1a: Cramorant|Surf|p2a: Ursaluna
|-formechange|p1a: Cramorant|Cramorant-Gulping|
|-damage|p2a: Ursaluna|70/100
|
|-fieldend|move: Trick Room
|-status|p2a: Ursaluna|brn|[from] item: Flame Orb
|upkeep
|turn|18
|
|t:|1779570711
|move|p1a: Cramorant|Surf|p2a: Ursaluna
|-damage|p2a: Ursaluna|41/100 brn
|move|p2a: Ursaluna|Facade|p1a: Cramorant
|-enditem|p1a: Cramorant|Focus Sash
|-damage|p1a: Cramorant|1/100
|-damage|p2a: Ursaluna|16/100 brn|[from] ability: Gulp Missile|[of] p1a: Cramorant
|-unboost|p2a: Ursaluna|def|1
|-formechange|p1a: Cramorant|Cramorant|
|
|-damage|p2a: Ursaluna|10/100 brn|[from] brn
|upkeep
|turn|19
|
|t:|1779570717
|move|p1a: Cramorant|Surf|p2a: Ursaluna
|-formechange|p1a: Cramorant|Cramorant-Gorging|
|-damage|p2a: Ursaluna|0 fnt
|faint|p2a: Ursaluna
|
|upkeep
|
|t:|1779570720
|switch|p2a: Slither Wing|Slither Wing|69/100
|turn|20
|
|t:|1779570724
|move|p2a: Slither Wing|First Impression|p1a: Cramorant
|-resisted|p1a: Cramorant
|-damage|p1a: Cramorant|0 fnt
|-damage|p2a: Slither Wing|45/100|[from] ability: Gulp Missile|[of] p1a: Cramorant
|-status|p2a: Slither Wing|par
|-formechange|p1a: Cramorant|Cramorant|
|faint|p1a: Cramorant
|
|upkeep
|
|t:|1779570729
|switch|p1a: Tornadus|Tornadus-Therian, M|100/100
|turn|21
|
|t:|1779570734
|cant|p2a: Slither Wing|par
|move|p1a: Tornadus|Nasty Plot|p1a: Tornadus
|-boost|p1a: Tornadus|spa|2
|
|upkeep
|turn|22
|
|t:|1779570737
|cant|p2a: Slither Wing|par
|move|p1a: Tornadus|Nasty Plot|p1a: Tornadus
|-boost|p1a: Tornadus|spa|2
|
|upkeep
|turn|23
|
|t:|1779570739
|move|p2a: Slither Wing|First Impression||[still]
|-hint|First Impression only works on your first turn out.
|-fail|p2a: Slither Wing
|move|p1a: Tornadus|Nasty Plot|p1a: Tornadus
|-boost|p1a: Tornadus|spa|2
|
|upkeep
|turn|24
|
|t:|1779570742
|move|p2a: Slither Wing|First Impression||[still]
|-hint|First Impression only works on your first turn out.
|-fail|p2a: Slither Wing
|move|p1a: Tornadus|Dark Pulse|p2a: Slither Wing
|-resisted|p2a: Slither Wing
|-damage|p2a: Slither Wing|0 fnt
|faint|p2a: Slither Wing
|-end|p2a: Slither Wing|Protosynthesis|[silent]
|-damage|p1a: Tornadus|91/100|[from] item: Life Orb
|
|upkeep
|
|t:|1779570745
|switch|p2a: Torkoal|Torkoal, F|100/100
|-weather|SunnyDay|[from] ability: Drought|[of] p2a: Torkoal
|turn|25
|
|t:|1779570749
|move|p1a: Tornadus|Dark Pulse|p2a: Torkoal
|-damage|p2a: Torkoal|0 fnt
|faint|p2a: Torkoal
|-damage|p1a: Tornadus|81/100|[from] item: Life Orb
|
|win|magikarp soup
|raw|magikarp soup's rating: 1466 &rarr; <strong>1484</strong><br />(+18 for winning)
|raw|Srleo2's rating: 1426 &rarr; <strong>1408</strong><br />(-18 for losing)
|l|☆Srleo2
|player|p2|
|l|☆magikarp soup
|player|p1|
