|j|☆Tamihig
|j|☆enigma96
|t:|1779670709
|gametype|singles
|player|p1|Tamihig|169|1121
|player|p2|enigma96|jogger|1097
|gen|9
|tier|[Gen 9] OU
|rated|
|rule|HP Percentage Mod: HP is shown in percentages
|rule|Endless Battle Clause: Forcing endless battles is banned
|rule|Species Clause: Limit one of each Pokémon
|rule|OHKO Clause: OHKO moves are banned
|rule|Evasion Items Clause: Evasion items are banned
|rule|Evasion Moves Clause: Evasion moves are banned
|rule|Evasion Abilities Clause: Evasion abilities are banned
|rule|Sleep Moves Clause: Sleep-inducing moves are banned
|clearpoke
|poke|p1|Hoopa|
|poke|p1|Cinderace, F|
|poke|p1|Mandibuzz, F|
|poke|p1|Kyurem|
|poke|p1|Ting-Lu|
|poke|p1|Manaphy|
|poke|p2|Incineroar, M|
|poke|p2|Meowscarada, M|
|poke|p2|Luxray, M|
|poke|p2|Espeon, M|
|poke|p2|Pyroar, M|
|poke|p2|Persian-Alola, M|
|teampreview
|inactive|Battle timer is ON: inactive players will automatically lose when time's up. (requested by Tamihig)
|
|t:|1779670716
|teamsize|p1|6
|teamsize|p2|6
|start
|switch|p1a: Cinderace|Cinderace, F|100/100
|switch|p2a: Meowscarada|Meowscarada, M, shiny|100/100
|turn|1
|
|t:|1779670723
|move|p2a: Meowscarada|U-turn|p1a: Cinderace
|-start|p2a: Meowscarada|typechange|Bug|[from] ability: Protean
|-resisted|p1a: Cinderace
|-damage|p1a: Cinderace|77/100
|
|t:|1779670745
|switch|p2a: Incineroar|Incineroar, M, shiny|100/100|[from] U-turn
|-ability|p2a: Incineroar|Intimidate|boost
|-unboost|p1a: Cinderace|atk|1
|move|p1a: Cinderace|U-turn|p2a: Incineroar
|-start|p1a: Cinderace|typechange|Bug|[from] ability: Libero
|-damage|p2a: Incineroar|76/100
|
|t:|1779670746
|switch|p1a: Mandibuzz|Mandibuzz, F, shiny|100/100|[from] U-turn
|
|upkeep
|turn|2
|
|t:|1779670759
|move|p2a: Incineroar|Parting Shot|p1a: Mandibuzz
|-unboost|p1a: Mandibuzz|atk|1
|-unboost|p1a: Mandibuzz|spa|1
|
|t:|1779670778
|switch|p2a: Luxray|Luxray, M|100/100|[from] Parting Shot
|move|p1a: Mandibuzz|Toxic|p2a: Luxray
|-status|p2a: Luxray|tox
|
|-damage|p2a: Luxray|95/100 tox|[from] psn
|upkeep
|turn|3
|inactive|enigma96 has 120 seconds left.
|
|t:|1779670797
|switch|p1a: Cinderace|Cinderace, F|77/100
|move|p2a: Luxray|Volt Switch|p1a: Cinderace
|-damage|p1a: Cinderace|46/100
|inactive|enigma96 has 120 seconds left.
|
|t:|1779670816
|switch|p2a: Incineroar|Incineroar, M, shiny|76/100|[from] Volt Switch
|-ability|p2a: Incineroar|Intimidate|boost
|-unboost|p1a: Cinderace|atk|1
|
|upkeep
|turn|4
|
|t:|1779670827
|move|p1a: Cinderace|High Jump Kick|p2a: Incineroar
|-start|p1a: Cinderace|typechange|Fighting|[from] ability: Libero
|-supereffective|p2a: Incineroar
|-damage|p2a: Incineroar|0 fnt
|faint|p2a: Incineroar
|
|upkeep
|
|t:|1779670838
|switch|p2a: Luxray|Luxray, M|95/100 tox
|turn|5
|
|t:|1779670842
|move|p1a: Cinderace|High Jump Kick|p2a: Luxray|[miss]
|-miss|p1a: Cinderace|p2a: Luxray
|-damage|p1a: Cinderace|0 fnt|[from] highjumpkick
|faint|p1a: Cinderace
|move|p2a: Luxray|Trailblaze|p1: Cinderace|[notarget]
|-fail|p2a: Luxray
|
|-damage|p2a: Luxray|89/100 tox|[from] psn
|upkeep
|
|t:|1779670843
|switch|p1a: Mandibuzz|Mandibuzz, F, shiny|100/100
|turn|6
|inactive|enigma96 has 120 seconds left.
|
|t:|1779670855
|switch|p1a: Ting-Lu|Ting-Lu|100/100
|-ability|p1a: Ting-Lu|Vessel of Ruin
|move|p2a: Luxray|Volt Switch|p1a: Ting-Lu
|-immune|p1a: Ting-Lu
|
|-damage|p2a: Luxray|77/100 tox|[from] psn
|upkeep
|turn|7
|inactive|enigma96 has 120 seconds left.
|
|t:|1779670867
|move|p2a: Luxray|Facade|p1a: Ting-Lu
|-damage|p1a: Ting-Lu|63/100
|move|p1a: Ting-Lu|Earthquake|p2a: Luxray
|-supereffective|p2a: Luxray
|-damage|p2a: Luxray|0 fnt
|faint|p2a: Luxray
|
|upkeep
|inactive|enigma96 has 120 seconds left.
|
|t:|1779670886
|switch|p2a: Meowscarada|Meowscarada, M, shiny|100/100
|turn|8
|
|t:|1779670890
|move|p2a: Meowscarada|U-turn|p1a: Ting-Lu
|-start|p2a: Meowscarada|typechange|Bug|[from] ability: Protean
|-supereffective|p1a: Ting-Lu
|-damage|p1a: Ting-Lu|26/100
|-enditem|p1a: Ting-Lu|Weakness Policy
|-boost|p1a: Ting-Lu|atk|2|[from] item: Weakness Policy
|-boost|p1a: Ting-Lu|spa|2|[from] item: Weakness Policy
|inactive|enigma96 has 120 seconds left.
|
|t:|1779670900
|switch|p2a: Persian|Persian-Alola, M, shiny|100/100|[from] U-turn
|move|p1a: Ting-Lu|Stone Edge|p2a: Persian|[miss]
|-miss|p1a: Ting-Lu|p2a: Persian
|
|upkeep
|turn|9
|inactive|enigma96 has 120 seconds left.
|
|t:|1779670910
|move|p2a: Persian|Chilling Water|p1a: Ting-Lu
|-supereffective|p1a: Ting-Lu
|-damage|p1a: Ting-Lu|11/100
|-unboost|p1a: Ting-Lu|atk|1
|move|p1a: Ting-Lu|Earthquake|p2a: Persian
|-damage|p2a: Persian|26/100
|
|upkeep
|turn|10
|inactive|enigma96 has 120 seconds left.
|
|t:|1779670939
|move|p2a: Persian|Power Gem|p1a: Ting-Lu
|-resisted|p1a: Ting-Lu
|-damage|p1a: Ting-Lu|5/100
|move|p1a: Ting-Lu|Earthquake|p2a: Persian
|-damage|p2a: Persian|0 fnt
|faint|p2a: Persian
|
|upkeep
|
|t:|1779670951
|switch|p2a: Meowscarada|Meowscarada, M, shiny|100/100
|turn|11
|
|t:|1779670955
|move|p2a: Meowscarada|U-turn|p1a: Ting-Lu
|-start|p2a: Meowscarada|typechange|Bug|[from] ability: Protean
|-supereffective|p1a: Ting-Lu
|-damage|p1a: Ting-Lu|0 fnt
|faint|p1a: Ting-Lu
|
|t:|1779670961
|switch|p2a: Espeon|Espeon, M|100/100|[from] U-turn
|
|upkeep
|
|t:|1779670963
|switch|p1a: Mandibuzz|Mandibuzz, F, shiny|100/100
|turn|12
|inactive|enigma96 has 120 seconds left.
|
|t:|1779670974
|-terastallize|p2a: Espeon|Fairy
|move|p2a: Espeon|Alluring Voice|p1a: Mandibuzz
|-supereffective|p1a: Mandibuzz
|-damage|p1a: Mandibuzz|1/100
|move|p1a: Mandibuzz|Foul Play|p2a: Espeon
|-resisted|p2a: Espeon
|-damage|p2a: Espeon|85/100
|
|upkeep
|turn|13
|inactive|enigma96 has 120 seconds left.
|
|t:|1779670983
|switch|p1a: Kyurem|Kyurem|100/100
|-ability|p1a: Kyurem|Pressure
|move|p2a: Espeon|Alluring Voice|p1a: Kyurem
|-supereffective|p1a: Kyurem
|-damage|p1a: Kyurem|0 fnt
|faint|p1a: Kyurem
|
|upkeep
|
|t:|1779670984
|switch|p1a: Mandibuzz|Mandibuzz, F, shiny|1/100
|turn|14
|
|t:|1779670994
|switch|p1a: Hoopa|Hoopa|100/100
|move|p2a: Espeon|Alluring Voice|p1a: Hoopa
|-damage|p1a: Hoopa|44/100
|
|upkeep
|turn|15
|
|t:|1779671000
|move|p2a: Espeon|Alluring Voice|p1a: Hoopa
|-damage|p1a: Hoopa|0 fnt
|faint|p1a: Hoopa
|
|upkeep
|
|t:|1779671001
|switch|p1a: Mandibuzz|Mandibuzz, F, shiny|1/100
|turn|16
|
|t:|1779671008
|switch|p1a: Manaphy|Manaphy|100/100
|move|p2a: Espeon|Alluring Voice|p1a: Manaphy
|-damage|p1a: Manaphy|47/100
|
|-heal|p1a: Manaphy|53/100|[from] item: Leftovers
|upkeep
|turn|17
|
|t:|1779671016
|switch|p1a: Mandibuzz|Mandibuzz, F, shiny|1/100
|move|p2a: Espeon|Alluring Voice|p1a: Mandibuzz
|-supereffective|p1a: Mandibuzz
|-damage|p1a: Mandibuzz|0 fnt
|faint|p1a: Mandibuzz
|
|upkeep
|
|t:|1779671017
|switch|p1a: Manaphy|Manaphy|53/100
|turn|18
|
|t:|1779671025
|move|p2a: Espeon|Alluring Voice|p1a: Manaphy
|-damage|p1a: Manaphy|2/100
|move|p1a: Manaphy|Scald|p2a: Espeon
|-damage|p2a: Espeon|46/100
|
|-heal|p1a: Manaphy|8/100|[from] item: Leftovers
|upkeep
|turn|19
|
|t:|1779671033
|move|p2a: Espeon|Alluring Voice|p1a: Manaphy
|-damage|p1a: Manaphy|0 fnt
|faint|p1a: Manaphy
|
|win|enigma96
|raw|Tamihig's rating: 1121 &rarr; <strong>1094</strong><br />(-27 for losing)
|raw|enigma96's rating: 1097 &rarr; <strong>1124</strong><br />(+27 for winning)
|l|☆Tamihig
|player|p1|
|l|☆enigma96
|player|p2|
