|j|☆manabi.portoviejo
|j|☆PieCubed^3
|t:|1779650552
|gametype|singles
|player|p1|manabi.portoviejo|266|1471
|player|p2|PieCubed^3|hilda-wonderlauncher|1459
|gen|9
|tier|[Gen 9] OU
|rated|
|rule|HP Percentage Mod: HP is shown in percentages
|rule|Endless Battle Clause: Forcing endless battles is banned
|rule|Species Clause: Limit one of each Pokémon
|rule|OHKO Clause: OHKO moves are banned
|rule|Evasion Items Clause: Evasion items are banned
|rule|Evasion Moves Clause: Evasion moves are banned
|rule|Evasion Abilities Clause: Evasion abilities are banned
|rule|Sleep Moves Clause: Sleep-inducing moves are banned
|clearpoke
|poke|p1|Indeedee-F, F|
|poke|p1|Hoopa-Unbound|
|poke|p1|Hawlucha, F|
|poke|p1|Iron Crown|
|poke|p1|Hatterene, F|
|poke|p1|Ogerpon-Wellspring, F|
|poke|p2|Ceruledge, M|
|poke|p2|Gholdengo|
|poke|p2|Zamazenta-*|
|poke|p2|Glimmora, F|
|poke|p2|Deoxys-Speed|
|poke|p2|Darkrai|
|teampreview
|inactive|Battle timer is ON: inactive players will automatically lose when time's up. (requested by PieCubed^3)
|
|t:|1779650566
|teamsize|p1|6
|teamsize|p2|6
|start
|switch|p1a: Indeedee|Indeedee-F, F|100/100
|switch|p2a: Bite and Break|Zamazenta|100/100
|-ability|p2a: Bite and Break|Dauntless Shield|boost
|-boost|p2a: Bite and Break|def|1
|-fieldstart|move: Psychic Terrain|[from] ability: Psychic Surge|[of] p1a: Indeedee
|turn|1
|
|t:|1779650571
|switch|p1a: Hatterene|Hatterene, F|100/100
|move|p2a: Bite and Break|Light Screen|p2a: Bite and Break
|-sidestart|p2: PieCubed^3|move: Light Screen
|
|upkeep
|turn|2
|
|t:|1779650577
|move|p2a: Bite and Break|Reflect|p2a: Bite and Break
|-sidestart|p2: PieCubed^3|Reflect
|move|p1a: Hatterene|Trick Room|p1a: Hatterene
|-fieldstart|move: Trick Room|[of] p1a: Hatterene
|
|upkeep
|turn|3
|
|t:|1779650586
|switch|p2a: Gholdman sacs|Gholdengo|100/100
|-item|p2a: Gholdman sacs|Air Balloon
|move|p1a: Hatterene|Expanding Force|p2a: Gholdman sacs
|-resisted|p2a: Gholdman sacs
|-damage|p2a: Gholdman sacs|71/100
|-enditem|p2a: Gholdman sacs|Air Balloon
|
|upkeep
|turn|4
|
|t:|1779650595
|switch|p1a: Hoopa|Hoopa-Unbound|100/100
|move|p2a: Gholdman sacs|Make It Rain|p1a: Hoopa
|-damage|p1a: Hoopa|54/100
|-unboost|p2a: Gholdman sacs|spa|1
|
|upkeep
|turn|5
|
|t:|1779650601
|switch|p2a: Bite and Break|Zamazenta|100/100
|move|p1a: Hoopa|Hyperspace Fury|p2a: Bite and Break
|-resisted|p2a: Bite and Break
|-damage|p2a: Bite and Break|87/100
|-unboost|p1a: Hoopa|def|1
|
|upkeep
|turn|6
|
|t:|1779650609
|move|p1a: Hoopa|Expanding Force|p2a: Bite and Break
|-supereffective|p2a: Bite and Break
|-damage|p2a: Bite and Break|19/100
|move|p2a: Bite and Break|Close Combat|p1a: Hoopa
|-damage|p1a: Hoopa|0 fnt
|-unboost|p2a: Bite and Break|def|1
|-unboost|p2a: Bite and Break|spd|1
|faint|p1a: Hoopa
|
|-fieldend|move: Trick Room
|upkeep
|inactive|manabi.portoviejo has 120 seconds left.
|
|t:|1779650644
|switch|p1a: Hawlucha|Hawlucha, F|100/100
|-enditem|p1a: Hawlucha|Psychic Seed
|-boost|p1a: Hawlucha|spd|1|[from] item: Psychic Seed
|turn|7
|
|t:|1779650653
|switch|p2a: Deoxys|Deoxys-Speed|100/100
|-ability|p2a: Deoxys|Pressure
|move|p1a: Hawlucha|Swords Dance|p1a: Hawlucha
|-boost|p1a: Hawlucha|atk|2
|
|upkeep
|turn|8
|
|t:|1779650673
|-terastallize|p1a: Hawlucha|Electric
|move|p1a: Hawlucha|Acrobatics|p2a: Deoxys
|-damage|p2a: Deoxys|25/100
|move|p2a: Deoxys|Psycho Boost|p1a: Hawlucha|[miss]
|-miss|p2a: Deoxys|p1a: Hawlucha
|
|-sideend|p2: PieCubed^3|move: Light Screen
|-fieldend|move: Psychic Terrain
|upkeep
|turn|9
|-message|PieCubed^3 forfeited.
|
|win|manabi.portoviejo
|raw|manabi.portoviejo's rating: 1471 &rarr; <strong>1490</strong><br />(+19 for winning)
|raw|PieCubed^3's rating: 1459 &rarr; <strong>1440</strong><br />(-19 for losing)
|l|☆PieCubed^3
|player|p2|
