|j|☆hide on top10
|j|☆kopv
|t:|1779641827
|gametype|singles
|player|p1|hide on top10|2|1621
|player|p2|kopv|bugcatcher-gen4dp|1552
|gen|9
|tier|[Gen 9] OU
|rated|
|rule|HP Percentage Mod: HP is shown in percentages
|rule|Endless Battle Clause: Forcing endless battles is banned
|rule|Species Clause: Limit one of each Pokémon
|rule|OHKO Clause: OHKO moves are banned
|rule|Evasion Items Clause: Evasion items are banned
|rule|Evasion Moves Clause: Evasion moves are banned
|rule|Evasion Abilities Clause: Evasion abilities are banned
|rule|Sleep Moves Clause: Sleep-inducing moves are banned
|clearpoke
|poke|p1|Tyranitar, M|
|poke|p1|Excadrill, M|
|poke|p1|Keldeo-Resolute|
|poke|p1|Tornadus-Therian, M|
|poke|p1|Heatran, M|
|poke|p1|Hydrapple, M|
|poke|p2|Pelipper, F|
|poke|p2|Barraskewda, F|
|poke|p2|Iron Treads|
|poke|p2|Bruxish, M|
|poke|p2|Raging Bolt|
|poke|p2|Enamorus, F|
|teampreview
|
|t:|1779641874
|teamsize|p1|6
|teamsize|p2|6
|start
|switch|p1a: Tornadus|Tornadus-Therian, M|100/100
|switch|p2a: Barraskewda|Barraskewda, F|100/100
|turn|1
|
|t:|1779641883
|switch|p2a: Raging Bolt|Raging Bolt|100/100
|switch|p1a: Hydrapple|Hydrapple, M|100/100
|
|upkeep
|turn|2
|
|t:|1779641914
|-end|p2a: Raging Bolt|Protosynthesis|[silent]
|switch|p2a: Barraskewda|Barraskewda, F|100/100
|switch|p1a: Heatran|Heatran, M|100/100
|
|upkeep
|turn|3
|
|t:|1779641927
|switch|p1a: Hydrapple|Hydrapple, M|100/100
|move|p2a: Barraskewda|Poison Jab|p1a: Hydrapple
|-supereffective|p1a: Hydrapple
|-damage|p1a: Hydrapple|58/100
|-damage|p2a: Barraskewda|84/100|[from] item: Rocky Helmet|[of] p1a: Hydrapple
|-damage|p2a: Barraskewda|74/100|[from] item: Life Orb
|
|upkeep
|turn|4
|
|t:|1779641948
|-terastallize|p2a: Barraskewda|Poison
|move|p2a: Barraskewda|Poison Jab|p1a: Hydrapple
|-supereffective|p1a: Hydrapple
|-damage|p1a: Hydrapple|0 fnt
|-damage|p2a: Barraskewda|58/100|[from] item: Rocky Helmet|[of] p1a: Hydrapple
|faint|p1a: Hydrapple
|-damage|p2a: Barraskewda|48/100|[from] item: Life Orb
|
|upkeep
|
|t:|1779641993
|switch|p1a: Tornadus|Tornadus-Therian, M|100/100
|turn|5
|
|t:|1779642002
|switch|p2a: Raging Bolt|Raging Bolt|100/100
|move|p1a: Tornadus|Bleakwind Storm|p2a: Raging Bolt
|-resisted|p2a: Raging Bolt
|-damage|p2a: Raging Bolt|83/100
|
|-heal|p2a: Raging Bolt|89/100|[from] item: Leftovers
|upkeep
|turn|6
|
|t:|1779642015
|switch|p1a: Heatran|Heatran, M|100/100
|move|p2a: Raging Bolt|Draco Meteor|p1a: Heatran
|-resisted|p1a: Heatran
|-damage|p1a: Heatran|76/100
|-unboost|p2a: Raging Bolt|spa|2
|
|-heal|p2a: Raging Bolt|95/100|[from] item: Leftovers
|-heal|p1a: Heatran|82/100|[from] item: Leftovers
|upkeep
|turn|7
|
|t:|1779642038
|-end|p2a: Raging Bolt|Protosynthesis|[silent]
|switch|p2a: 'Ello gov'na|Bruxish, M|100/100
|move|p1a: Heatran|Magma Storm|p2a: 'Ello gov'na
|-resisted|p2a: 'Ello gov'na
|-damage|p2a: 'Ello gov'na|65/100
|-activate|p2a: 'Ello gov'na|move: Magma Storm|[of] p1a: Heatran
|
|-heal|p1a: Heatran|88/100|[from] item: Leftovers
|-damage|p2a: 'Ello gov'na|52/100|[from] move: Magma Storm|[partiallytrapped]
|upkeep
|turn|8
|c|☆hide on top10|bro our teeth aren't even that bad anymore...
|c|☆hide on top10|brace tech
|c|☆kopv|haha
|
|t:|1779642072
|switch|p1a: Tornadus|Tornadus-Therian, M|100/100
|move|p2a: 'Ello gov'na|Flip Turn|p1a: Tornadus
|-damage|p1a: Tornadus|55/100
|
|t:|1779642089
|switch|p2a: Pelipper|Pelipper, F|100/100|[from] Flip Turn
|-weather|RainDance|[from] ability: Drizzle|[of] p2a: Pelipper
|
|-weather|RainDance|[upkeep]
|upkeep
|turn|9
|
|t:|1779642100
|move|p1a: Tornadus|U-turn|p2a: Pelipper
|-resisted|p2a: Pelipper
|-damage|p2a: Pelipper|95/100
|
|t:|1779642103
|switch|p1a: Tyranitar|Tyranitar, M|100/100|[from] U-turn
|-weather|Sandstorm|[from] ability: Sand Stream|[of] p1a: Tyranitar
|move|p2a: Pelipper|U-turn|p1a: Tyranitar
|-supereffective|p1a: Tyranitar
|-damage|p1a: Tyranitar|82/100
|
|t:|1779642113
|switch|p2a: 'Ello gov'na|Bruxish, M|52/100|[from] U-turn
|
|-weather|Sandstorm|[upkeep]
|-damage|p2a: 'Ello gov'na|46/100|[from] Sandstorm
|upkeep
|turn|10
|
|t:|1779642173
|switch|p1a: Keldeo|Keldeo-Resolute|100/100
|move|p2a: 'Ello gov'na|Wave Crash|p1a: Keldeo
|-resisted|p1a: Keldeo
|-damage|p1a: Keldeo|48/100
|-damage|p2a: 'Ello gov'na|26/100|[from] Recoil
|
|-weather|Sandstorm|[upkeep]
|-damage|p1a: Keldeo|42/100|[from] Sandstorm
|-damage|p2a: 'Ello gov'na|20/100|[from] Sandstorm
|upkeep
|turn|11
|
|t:|1779642209
|switch|p2a: Enamorus|Enamorus, F|100/100
|-terastallize|p1a: Keldeo|Water
|move|p1a: Keldeo|Surf|p2a: Enamorus
|-damage|p2a: Enamorus|0 fnt
|faint|p2a: Enamorus
|
|-weather|Sandstorm|[upkeep]
|-damage|p1a: Keldeo|36/100|[from] Sandstorm
|upkeep
|j| foxi4
|l| foxi4
|
|t:|1779642224
|switch|p2a: Barraskewda|Barraskewda, F, tera:Poison|48/100
|turn|12
|
|t:|1779642236
|switch|p1a: Tornadus|Tornadus-Therian, M|88/100
|move|p2a: Barraskewda|Liquidation|p1a: Tornadus
|-crit|p1a: Tornadus
|-damage|p1a: Tornadus|0 fnt
|faint|p1a: Tornadus
|-damage|p2a: Barraskewda|38/100|[from] item: Life Orb
|
|-weather|Sandstorm|[upkeep]
|-damage|p2a: Barraskewda|32/100|[from] Sandstorm
|upkeep
|
|t:|1779642242
|switch|p1a: Excadrill|Excadrill, M|100/100
|-item|p1a: Excadrill|Air Balloon
|turn|13
|
|t:|1779642252
|switch|p2a: Pelipper|Pelipper, F|95/100
|-weather|RainDance|[from] ability: Drizzle|[of] p2a: Pelipper
|move|p1a: Excadrill|Rapid Spin|p2a: Pelipper
|-damage|p2a: Pelipper|80/100
|-boost|p1a: Excadrill|spe|1
|
|-weather|RainDance|[upkeep]
|upkeep
|turn|14
|
|t:|1779642276
|switch|p1a: Tyranitar|Tyranitar, M|82/100
|-weather|Sandstorm|[from] ability: Sand Stream|[of] p1a: Tyranitar
|move|p2a: Pelipper|U-turn|p1a: Tyranitar
|-supereffective|p1a: Tyranitar
|-damage|p1a: Tyranitar|65/100
|
|t:|1779642282
|switch|p2a: Barraskewda|Barraskewda, F, tera:Poison|32/100|[from] U-turn
|
|-weather|Sandstorm|[upkeep]
|-damage|p2a: Barraskewda|26/100|[from] Sandstorm
|upkeep
|turn|15
|
|t:|1779642353
|switch|p1a: Keldeo|Keldeo-Resolute, tera:Water|36/100
|move|p2a: Barraskewda|Liquidation|p1a: Keldeo
|-resisted|p1a: Keldeo
|-damage|p1a: Keldeo|0 fnt
|faint|p1a: Keldeo
|-damage|p2a: Barraskewda|16/100|[from] item: Life Orb
|
|-weather|Sandstorm|[upkeep]
|-damage|p2a: Barraskewda|10/100|[from] Sandstorm
|upkeep
|
|t:|1779642358
|switch|p1a: Excadrill|Excadrill, M|100/100
|-item|p1a: Excadrill|Air Balloon
|turn|16
|
|t:|1779642382
|switch|p2a: Pelipper|Pelipper, F|80/100
|-weather|RainDance|[from] ability: Drizzle|[of] p2a: Pelipper
|move|p1a: Excadrill|Rapid Spin|p2a: Pelipper
|-damage|p2a: Pelipper|66/100
|-boost|p1a: Excadrill|spe|1
|
|-weather|RainDance|[upkeep]
|upkeep
|turn|17
|
|t:|1779642392
|move|p1a: Excadrill|Swords Dance|p1a: Excadrill
|-boost|p1a: Excadrill|atk|2
|move|p2a: Pelipper|U-turn|p1a: Excadrill
|-resisted|p1a: Excadrill
|-crit|p1a: Excadrill
|-damage|p1a: Excadrill|91/100
|-enditem|p1a: Excadrill|Air Balloon
|
|t:|1779642396
|switch|p2a: 'Ello gov'na|Bruxish, M|20/100|[from] U-turn
|
|-weather|RainDance|[upkeep]
|upkeep
|turn|18
|c|☆hide on top10|gg
|
|t:|1779642418
|move|p2a: 'Ello gov'na|Aqua Jet|p1a: Excadrill
|-supereffective|p1a: Excadrill
|-damage|p1a: Excadrill|0 fnt
|faint|p1a: Excadrill
|
|-weather|RainDance|[upkeep]
|upkeep
|-message|hide on top10 forfeited.
|
|win|kopv
|raw|hide on top10's rating: 1621 &rarr; <strong>1597</strong><br />(-24 for losing)
|raw|kopv's rating: 1552 &rarr; <strong>1576</strong><br />(+24 for winning)
|c|☆kopv|gg
