|j|☆brother iggins
|j|☆lolcano46
|t:|1779656101
|gametype|singles
|player|p1|brother iggins|rood|1668
|player|p2|lolcano46|fisherman-gen4|1623
|gen|9
|tier|[Gen 9] OU
|rated|
|rule|HP Percentage Mod: HP is shown in percentages
|rule|Endless Battle Clause: Forcing endless battles is banned
|rule|Species Clause: Limit one of each Pokémon
|rule|OHKO Clause: OHKO moves are banned
|rule|Evasion Items Clause: Evasion items are banned
|rule|Evasion Moves Clause: Evasion moves are banned
|rule|Evasion Abilities Clause: Evasion abilities are banned
|rule|Sleep Moves Clause: Sleep-inducing moves are banned
|clearpoke
|poke|p1|Regieleki|
|poke|p1|Iron Valiant|
|poke|p1|Landorus-Therian, M|
|poke|p1|Ogerpon-Wellspring, F|
|poke|p1|Darkrai|
|poke|p1|Iron Moth|
|poke|p2|Azelf|
|poke|p2|Ogerpon-Wellspring, F|
|poke|p2|Scizor, F|
|poke|p2|Gengar, M|
|poke|p2|Raging Bolt|
|poke|p2|Cinderace, F|
|teampreview
|inactive|Battle timer is ON: inactive players will automatically lose when time's up. (requested by lolcano46)
|inactive|brother iggins also wants the timer to be on.
|
|t:|1779656108
|teamsize|p1|6
|teamsize|p2|6
|start
|switch|p1a: Regieleki|Regieleki|100/100
|switch|p2a: Raging Bolt|Raging Bolt|100/100
|-enditem|p2a: Raging Bolt|Booster Energy
|-activate|p2a: Raging Bolt|ability: Protosynthesis|[fromitem]
|-start|p2a: Raging Bolt|protosynthesisspa
|turn|1
|
|t:|1779656127
|move|p1a: Regieleki|Light Screen|p1a: Regieleki
|-sidestart|p1: brother iggins|move: Light Screen
|move|p2a: Raging Bolt|Thunderbolt|p1a: Regieleki
|-resisted|p1a: Regieleki
|-damage|p1a: Regieleki|72/100
|
|upkeep
|turn|2
|
|t:|1779656133
|move|p1a: Regieleki|Volt Switch|p2a: Raging Bolt
|-resisted|p2a: Raging Bolt
|-damage|p2a: Raging Bolt|93/100
|
|t:|1779656136
|switch|p1a: Landorus|Landorus-Therian, M|100/100|[from] Volt Switch
|-ability|p1a: Landorus|Intimidate|boost
|-unboost|p2a: Raging Bolt|atk|1
|move|p2a: Raging Bolt|Dragon Pulse|p1a: Landorus
|-damage|p1a: Landorus|63/100
|
|upkeep
|turn|3
|
|t:|1779656144
|-end|p2a: Raging Bolt|Protosynthesis|[silent]
|switch|p2a: Ogerpon|Ogerpon-Wellspring, F|100/100
|move|p1a: Landorus|U-turn|p2a: Ogerpon
|-supereffective|p2a: Ogerpon
|-damage|p2a: Ogerpon|38/100
|
|t:|1779656153
|switch|p1a: Darkrai|Darkrai|100/100|[from] U-turn
|
|upkeep
|turn|4
|
|t:|1779656160
|-terastallize|p2a: Ogerpon|Water
|detailschange|p2a: Ogerpon|Ogerpon-Wellspring-Tera, F, tera:Water
|-ability|p2a: Ogerpon|Embody Aspect (Wellspring)|boost
|-boost|p2a: Ogerpon|spd|1
|move|p1a: Darkrai|Dark Pulse|p2a: Ogerpon
|-damage|p2a: Ogerpon|7/100
|move|p2a: Ogerpon|Horn Leech|p1a: Darkrai
|-damage|p1a: Darkrai|36/100
|-heal|p2a: Ogerpon|37/100|[from] drain|[of] p1a: Darkrai
|
|-heal|p1a: Darkrai|42/100|[from] item: Leftovers
|upkeep
|turn|5
|
|t:|1779656171
|move|p1a: Darkrai|Sludge Bomb|p2a: Ogerpon
|-damage|p2a: Ogerpon|12/100
|move|p2a: Ogerpon|Horn Leech|p1a: Darkrai
|-damage|p1a: Darkrai|0 fnt
|-heal|p2a: Ogerpon|32/100|[from] drain|[of] p1a: Darkrai
|faint|p1a: Darkrai
|
|upkeep
|
|t:|1779656174
|switch|p1a: Regieleki|Regieleki|72/100
|turn|6
|
|t:|1779656180
|move|p1a: Regieleki|Volt Switch|p2a: Ogerpon
|-supereffective|p2a: Ogerpon
|-damage|p2a: Ogerpon|0 fnt
|faint|p2a: Ogerpon
|detailschange|p2: Ogerpon|Ogerpon-Wellspring, F|[silent]
|
|t:|1779656189
|switch|p1a: Iron Moth|Iron Moth|100/100|[from] Volt Switch
|-enditem|p1a: Iron Moth|Booster Energy
|-activate|p1a: Iron Moth|ability: Quark Drive|[fromitem]
|-start|p1a: Iron Moth|quarkdrivespa
|
|upkeep
|
|t:|1779656199
|switch|p2a: Cinderace|Cinderace, F|100/100
|turn|7
|
|t:|1779656211
|move|p2a: Cinderace|Pyro Ball|p1a: Iron Moth
|-resisted|p1a: Iron Moth
|-damage|p1a: Iron Moth|54/100
|move|p1a: Iron Moth|Agility|p1a: Iron Moth
|-boost|p1a: Iron Moth|spe|2
|
|upkeep
|turn|8
|
|t:|1779656238
|move|p2a: Cinderace|Sucker Punch|p1a: Iron Moth
|-start|p2a: Cinderace|typechange|Dark|[from] ability: Libero
|-damage|p1a: Iron Moth|0 fnt
|faint|p1a: Iron Moth
|-end|p1a: Iron Moth|Quark Drive|[silent]
|
|-sideend|p1: brother iggins|move: Light Screen
|upkeep
|
|t:|1779656245
|switch|p1a: Regieleki|Regieleki|72/100
|turn|9
|j| brrr29
|
|t:|1779656250
|move|p1a: Regieleki|Volt Switch|p2a: Cinderace
|-damage|p2a: Cinderace|53/100
|
|t:|1779656253
|switch|p1a: Landorus|Landorus-Therian, M|63/100|[from] Volt Switch
|-ability|p1a: Landorus|Intimidate|boost
|-unboost|p2a: Cinderace|atk|1
|move|p2a: Cinderace|Pyro Ball|p1a: Landorus
|-damage|p1a: Landorus|38/100
|
|upkeep
|turn|10
|
|t:|1779656264
|move|p2a: Cinderace|Will-O-Wisp|p1a: Landorus
|-status|p1a: Landorus|brn
|move|p1a: Landorus|U-turn|p2a: Cinderace
|-supereffective|p2a: Cinderace
|-damage|p2a: Cinderace|20/100
|
|t:|1779656267
|switch|p1a: Regieleki|Regieleki|72/100|[from] U-turn
|
|upkeep
|turn|11
|
|t:|1779656276
|switch|p2a: Raging Bolt|Raging Bolt|93/100
|move|p1a: Regieleki|Reflect|p1a: Regieleki
|-sidestart|p1: brother iggins|Reflect
|
|upkeep
|turn|12
|
|t:|1779656279
|move|p1a: Regieleki|Light Screen|p1a: Regieleki
|-sidestart|p1: brother iggins|move: Light Screen
|move|p2a: Raging Bolt|Dragon Pulse|p1a: Regieleki
|-damage|p1a: Regieleki|32/100
|
|upkeep
|turn|13
|
|t:|1779656286
|move|p1a: Regieleki|Volt Switch|p2a: Raging Bolt
|-resisted|p2a: Raging Bolt
|-damage|p2a: Raging Bolt|85/100
|
|t:|1779656290
|switch|p1a: Landorus|Landorus-Therian, M|38/100 brn|[from] Volt Switch
|-ability|p1a: Landorus|Intimidate|boost
|-unboost|p2a: Raging Bolt|atk|1
|move|p2a: Raging Bolt|Thunderbolt|p1a: Landorus
|-immune|p1a: Landorus
|
|-damage|p1a: Landorus|32/100 brn|[from] brn
|upkeep
|turn|14
|
|t:|1779656295
|move|p1a: Landorus|Earthquake|p2a: Raging Bolt
|-supereffective|p2a: Raging Bolt
|-damage|p2a: Raging Bolt|37/100
|move|p2a: Raging Bolt|Dragon Pulse|p1a: Landorus
|-damage|p1a: Landorus|4/100 brn
|
|-damage|p1a: Landorus|0 fnt|[from] brn
|faint|p1a: Landorus
|upkeep
|
|t:|1779656298
|switch|p1a: Iron Valiant|Iron Valiant|100/100
|-enditem|p1a: Iron Valiant|Booster Energy
|-activate|p1a: Iron Valiant|ability: Quark Drive|[fromitem]
|-start|p1a: Iron Valiant|quarkdrivespe
|turn|15
|
|t:|1779656317
|move|p1a: Iron Valiant|Swords Dance|p1a: Iron Valiant
|-boost|p1a: Iron Valiant|atk|2
|move|p2a: Raging Bolt|Thunderbolt|p1a: Iron Valiant
|-damage|p1a: Iron Valiant|56/100
|
|upkeep
|turn|16
|
|t:|1779656324
|move|p1a: Iron Valiant|Spirit Break|p2a: Raging Bolt
|-supereffective|p2a: Raging Bolt
|-damage|p2a: Raging Bolt|0 fnt
|faint|p2a: Raging Bolt
|-end|p2a: Raging Bolt|Protosynthesis|[silent]
|
|upkeep
|
|t:|1779656326
|switch|p2a: Scizor|Scizor, F|100/100
|turn|17
|
|t:|1779656333
|-terastallize|p1a: Iron Valiant|Dark
|move|p2a: Scizor|Bullet Punch|p1a: Iron Valiant
|-damage|p1a: Iron Valiant|33/100
|move|p1a: Iron Valiant|Close Combat|p2a: Scizor
|-damage|p2a: Scizor|0 fnt
|-unboost|p1a: Iron Valiant|def|1
|-unboost|p1a: Iron Valiant|spd|1
|faint|p2a: Scizor
|
|upkeep
|
|t:|1779656346
|switch|p2a: Azelf|Azelf|100/100
|turn|18
|
|t:|1779656355
|move|p1a: Iron Valiant|Spirit Break|p2a: Azelf
|-damage|p2a: Azelf|0 fnt
|faint|p2a: Azelf
|
|-sideend|p1: brother iggins|Reflect
|upkeep
|
|t:|1779656363
|switch|p2a: Cinderace|Cinderace, F|20/100
|turn|19
|
|t:|1779656378
|move|p2a: Cinderace|Sucker Punch|p1a: Iron Valiant
|-start|p2a: Cinderace|typechange|Dark|[from] ability: Libero
|-resisted|p1a: Iron Valiant
|-damage|p1a: Iron Valiant|0 fnt
|faint|p1a: Iron Valiant
|-end|p1a: Iron Valiant|Quark Drive|[silent]
|
|-sideend|p1: brother iggins|move: Light Screen
|upkeep
|
|t:|1779656381
|switch|p1a: Regieleki|Regieleki|32/100
|turn|20
|
|t:|1779656390
|move|p1a: Regieleki|Volt Switch|p2a: Cinderace
|-damage|p2a: Cinderace|0 fnt
|faint|p2a: Cinderace
|
|t:|1779656394
|switch|p1a: Ogerpon|Ogerpon-Wellspring, F|100/100|[from] Volt Switch
|
|upkeep
|
|t:|1779656396
|switch|p2a: Gengar|Gengar, M|100/100
|turn|21
|
|t:|1779656401
|move|p2a: Gengar|Sludge Bomb|p1a: Ogerpon
|-supereffective|p1a: Ogerpon
|-damage|p1a: Ogerpon|0 fnt
|faint|p1a: Ogerpon
|
|upkeep
|
|t:|1779656404
|switch|p1a: Regieleki|Regieleki|32/100
|turn|22
|
|t:|1779656409
|move|p1a: Regieleki|Volt Switch|p2a: Gengar
|-damage|p2a: Gengar|49/100
|move|p2a: Gengar|Sludge Bomb|p1a: Regieleki
|-damage|p1a: Regieleki|0 fnt
|faint|p1a: Regieleki
|
|win|lolcano46
|raw|brother iggins's rating: 1668 &rarr; <strong>1645</strong><br />(-23 for losing)
|raw|lolcano46's rating: 1623 &rarr; <strong>1646</strong><br />(+23 for winning)
|l|☆brother iggins
|player|p1|
|l| brrr29
