|j|☆juancbas1234
|j|☆yoony1
|t:|1779596192
|gametype|singles
|player|p1|juancbas1234|169|1319
|player|p2|yoony1|plasmagrunt-gen5bw|1384
|gen|9
|tier|[Gen 9] OU
|rated|
|rule|HP Percentage Mod: HP is shown in percentages
|rule|Endless Battle Clause: Forcing endless battles is banned
|rule|Species Clause: Limit one of each Pokémon
|rule|OHKO Clause: OHKO moves are banned
|rule|Evasion Items Clause: Evasion items are banned
|rule|Evasion Moves Clause: Evasion moves are banned
|rule|Evasion Abilities Clause: Evasion abilities are banned
|rule|Sleep Moves Clause: Sleep-inducing moves are banned
|clearpoke
|poke|p1|Ogerpon-Cornerstone, F|
|poke|p1|Garchomp, M|
|poke|p1|Gholdengo|
|poke|p1|Kingambit, M|
|poke|p1|Moltres|
|poke|p1|Great Tusk|
|poke|p2|Gholdengo|
|poke|p2|Samurott-Hisui, M|
|poke|p2|Meowscarada, M|
|poke|p2|Great Tusk|
|poke|p2|Skarmory, F|
|poke|p2|Slowking-Galar, L99, M|
|teampreview
|
|t:|1779596204
|teamsize|p1|6
|teamsize|p2|6
|start
|switch|p1a: Ogerpon|Ogerpon-Cornerstone, F|100/100
|switch|p2a: Meowscarada|Meowscarada, M|100/100
|turn|1
|
|t:|1779596214
|switch|p1a: Moltres|Moltres|100/100
|move|p2a: Meowscarada|U-turn|p1a: Moltres
|-start|p2a: Meowscarada|typechange|Bug|[from] ability: Protean
|-resisted|p1a: Moltres
|-crit|p1a: Moltres
|-damage|p1a: Moltres|90/100
|
|t:|1779596220
|switch|p2a: Samurott|Samurott-Hisui, M|100/100|[from] U-turn
|
|upkeep
|turn|2
|
|t:|1779596226
|move|p2a: Samurott|Ceaseless Edge|p1a: Moltres
|-crit|p1a: Moltres
|-damage|p1a: Moltres|28/100
|-sidestart|p1: juancbas1234|Spikes
|move|p1a: Moltres|Will-O-Wisp|p2a: Samurott
|-status|p2a: Samurott|brn
|
|-damage|p2a: Samurott|94/100 brn|[from] brn
|upkeep
|turn|3
|
|t:|1779596244
|move|p2a: Samurott|Razor Shell|p1a: Moltres
|-supereffective|p1a: Moltres
|-damage|p1a: Moltres|0 fnt
|faint|p1a: Moltres
|
|-damage|p2a: Samurott|88/100 brn|[from] brn
|upkeep
|
|t:|1779596252
|switch|p1a: Ogerpon|Ogerpon-Cornerstone, F|100/100
|-damage|p1a: Ogerpon|88/100|[from] Spikes
|turn|4
|
|t:|1779596266
|switch|p2a: Skarmory|Skarmory, F|100/100
|move|p1a: Ogerpon|Swords Dance|p1a: Ogerpon
|-boost|p1a: Ogerpon|atk|2
|
|upkeep
|turn|5
|
|t:|1779596288
|move|p1a: Ogerpon|Ivy Cudgel|p2a: Skarmory|[anim] Ivy Cudgel Rock
|-damage|p2a: Skarmory|28/100
|move|p2a: Skarmory|Whirlwind|p1a: Ogerpon
|drag|p1a: Kingambit|Kingambit, M|100/100
|-damage|p1a: Kingambit|88/100|[from] Spikes
|-activate|p1a: Kingambit|ability: Supreme Overlord
|-start|p1a: Kingambit|fallen1|[silent]
|
|-heal|p1a: Kingambit|94/100|[from] item: Leftovers
|upkeep
|turn|6
|
|t:|1779596306
|move|p2a: Skarmory|Roost|p2a: Skarmory
|-heal|p2a: Skarmory|78/100
|-singleturn|p2a: Skarmory|move: Roost
|move|p1a: Kingambit|Swords Dance|p1a: Kingambit
|-boost|p1a: Kingambit|atk|2
|
|-heal|p1a: Kingambit|100/100|[from] item: Leftovers
|upkeep
|turn|7
|
|t:|1779596316
|-terastallize|p1a: Kingambit|Ghost
|move|p1a: Kingambit|Kowtow Cleave|p2a: Skarmory
|-damage|p2a: Skarmory|15/100
|-damage|p1a: Kingambit|84/100|[from] item: Rocky Helmet|[of] p2a: Skarmory
|move|p2a: Skarmory|Whirlwind|p1a: Kingambit
|-end|p1a: Kingambit|fallen1|[silent]
|drag|p1a: Ogerpon|Ogerpon-Cornerstone, F|88/100
|-damage|p1a: Ogerpon|76/100|[from] Spikes
|
|upkeep
|turn|8
|
|t:|1779596330
|move|p1a: Ogerpon|Ivy Cudgel|p2a: Skarmory|[anim] Ivy Cudgel Rock
|-damage|p2a: Skarmory|0 fnt
|faint|p2a: Skarmory
|
|upkeep
|
|t:|1779596355
|switch|p2a: Meowscarada|Meowscarada, M|100/100
|turn|9
|inactive|Battle timer is ON: inactive players will automatically lose when time's up. (requested by yoony1)
|inactive|juancbas1234 has 120 seconds left.
|inactive|juancbas1234 has 90 seconds left.
|inactive|juancbas1234 has 60 seconds left.
|inactive|juancbas1234 has 30 seconds left.
|inactive|juancbas1234 has 20 seconds left.
|inactive|juancbas1234 has 15 seconds left.
|inactive|juancbas1234 has 10 seconds left.
|inactive|juancbas1234 has 5 seconds left.
|-message|juancbas1234 lost due to inactivity.
|
|win|yoony1
|raw|juancbas1234's rating: 1319 &rarr; <strong>1303</strong><br />(-16 for losing)
|raw|yoony1's rating: 1384 &rarr; <strong>1400</strong><br />(+16 for winning)
|l|☆yoony1
|player|p2|
