|j|☆chiggybiggys
|j|☆CAP ahaha
|t:|1779597523
|gametype|singles
|player|p1|chiggybiggys|170|1145
|player|p2|CAP ahaha|169|1192
|gen|9
|tier|[Gen 9] OU
|rated|
|rule|HP Percentage Mod: HP is shown in percentages
|rule|Endless Battle Clause: Forcing endless battles is banned
|rule|Species Clause: Limit one of each Pokémon
|rule|OHKO Clause: OHKO moves are banned
|rule|Evasion Items Clause: Evasion items are banned
|rule|Evasion Moves Clause: Evasion moves are banned
|rule|Evasion Abilities Clause: Evasion abilities are banned
|rule|Sleep Moves Clause: Sleep-inducing moves are banned
|clearpoke
|poke|p1|Gyarados, F|
|poke|p1|Corviknight, M|
|poke|p1|Zamazenta-*|
|poke|p1|Ceruledge, F|
|poke|p1|Gliscor, M|
|poke|p1|Kingambit, M|
|poke|p2|Gholdengo|
|poke|p2|Blaziken, M|
|poke|p2|Dondozo, F|
|poke|p2|Ursaluna, M|
|poke|p2|Rillaboom, M|
|poke|p2|Moltres-Galar|
|teampreview
|inactive|Battle timer is ON: inactive players will automatically lose when time's up. (requested by CAP ahaha)
|
|t:|1779597545
|teamsize|p1|6
|teamsize|p2|6
|start
|switch|p1a: Zamazenta|Zamazenta|100/100
|switch|p2a: Blaziken|Blaziken, M|100/100
|-ability|p1a: Zamazenta|Dauntless Shield|boost
|-boost|p1a: Zamazenta|def|1
|turn|1
|
|t:|1779597555
|move|p1a: Zamazenta|Psychic Fangs|p2a: Blaziken
|-supereffective|p2a: Blaziken
|-damage|p2a: Blaziken|43/100
|move|p2a: Blaziken|Blaze Kick|p1a: Zamazenta
|-damage|p1a: Zamazenta|70/100
|-damage|p2a: Blaziken|33/100|[from] item: Life Orb
|
|-ability|p2a: Blaziken|Speed Boost|boost
|-boost|p2a: Blaziken|spe|1
|upkeep
|turn|2
|
|t:|1779597567
|switch|p2a: Moltres|Moltres-Galar|100/100
|move|p1a: Zamazenta|Psychic Fangs|p2a: Moltres
|-immune|p2a: Moltres
|
|upkeep
|turn|3
|
|t:|1779597579
|switch|p1a: Gyarados|Gyarados, F|100/100
|-ability|p1a: Gyarados|Intimidate|boost
|-unboost|p2a: Moltres|atk|1
|move|p2a: Moltres|Hurricane|p1a: Gyarados
|-damage|p1a: Gyarados|46/100
|
|-heal|p1a: Gyarados|52/100|[from] item: Leftovers
|upkeep
|turn|4
|
|t:|1779597590
|move|p1a: Gyarados|Waterfall|p2a: Moltres
|-damage|p2a: Moltres|55/100
|move|p2a: Moltres|Hurricane|p1a: Gyarados
|-damage|p1a: Gyarados|1/100
|
|-heal|p1a: Gyarados|7/100|[from] item: Leftovers
|-heal|p2a: Moltres|61/100|[from] item: Leftovers
|upkeep
|turn|5
|
|t:|1779597597
|move|p2a: Moltres|Protect|p2a: Moltres
|-singleturn|p2a: Moltres|Protect
|move|p1a: Gyarados|Waterfall|p2a: Moltres
|-activate|p2a: Moltres|move: Protect
|
|-heal|p1a: Gyarados|13/100|[from] item: Leftovers
|-heal|p2a: Moltres|67/100|[from] item: Leftovers
|upkeep
|turn|6
|
|t:|1779597608
|move|p1a: Gyarados|Waterfall|p2a: Moltres
|-damage|p2a: Moltres|20/100
|-ability|p2a: Moltres|Berserk|boost
|-boost|p2a: Moltres|spa|1
|move|p2a: Moltres|Fiery Wrath|p1a: Gyarados
|-damage|p1a: Gyarados|0 fnt
|faint|p1a: Gyarados
|
|-heal|p2a: Moltres|26/100|[from] item: Leftovers
|upkeep
|
|t:|1779597617
|switch|p1a: Zamazenta|Zamazenta|70/100
|turn|7
|
|t:|1779597621
|move|p2a: Moltres|Protect|p2a: Moltres
|-singleturn|p2a: Moltres|Protect
|move|p1a: Zamazenta|Close Combat|p2a: Moltres
|-activate|p2a: Moltres|move: Protect
|
|-heal|p2a: Moltres|32/100|[from] item: Leftovers
|upkeep
|turn|8
|
|t:|1779597631
|switch|p2a: Gholdengo|Gholdengo|100/100
|move|p1a: Zamazenta|Close Combat|p2a: Gholdengo
|-immune|p2a: Gholdengo
|
|upkeep
|turn|9
|
|t:|1779597637
|switch|p1a: Gliscor|Gliscor, M|100/100
|move|p2a: Gholdengo|Shadow Ball|p1a: Gliscor
|-damage|p1a: Gliscor|45/100
|
|-status|p1a: Gliscor|tox|[from] item: Toxic Orb
|upkeep
|turn|10
|
|t:|1779597650
|move|p2a: Gholdengo|Shadow Ball|p1a: Gliscor
|-damage|p1a: Gliscor|0 fnt
|faint|p1a: Gliscor
|
|upkeep
|
|t:|1779597657
|switch|p1a: Zamazenta|Zamazenta|70/100
|turn|11
|
|t:|1779597660
|move|p1a: Zamazenta|Crunch|p2a: Gholdengo
|-supereffective|p2a: Gholdengo
|-damage|p2a: Gholdengo|58/100
|move|p2a: Gholdengo|Shadow Ball|p1a: Zamazenta
|-damage|p1a: Zamazenta|40/100
|
|upkeep
|turn|12
|
|t:|1779597682
|switch|p2a: Dondozo|Dondozo, F|100/100
|move|p1a: Zamazenta|Crunch|p2a: Dondozo
|-damage|p2a: Dondozo|91/100
|
|upkeep
|turn|13
|
|t:|1779597691
|switch|p1a: Corviknight|Corviknight, M|100/100
|-ability|p1a: Corviknight|Pressure
|move|p2a: Dondozo|Curse|p2a: Dondozo
|-unboost|p2a: Dondozo|spe|1
|-boost|p2a: Dondozo|atk|1
|-boost|p2a: Dondozo|def|1
|
|upkeep
|turn|14
|
|t:|1779597700
|move|p1a: Corviknight|Iron Head|p2a: Dondozo
|-resisted|p2a: Dondozo
|-damage|p2a: Dondozo|88/100
|move|p2a: Dondozo|Curse|p2a: Dondozo
|-unboost|p2a: Dondozo|spe|1
|-boost|p2a: Dondozo|atk|1
|-boost|p2a: Dondozo|def|1
|
|upkeep
|turn|15
|
|t:|1779597708
|move|p1a: Corviknight|U-turn|p2a: Dondozo
|-damage|p2a: Dondozo|84/100
|
|t:|1779597709
|switch|p1a: Ceruledge|Ceruledge, F|100/100|[from] U-turn
|move|p2a: Dondozo|Wave Crash|p1a: Ceruledge
|-supereffective|p1a: Ceruledge
|-damage|p1a: Ceruledge|0 fnt
|faint|p1a: Ceruledge
|-damage|p2a: Dondozo|65/100|[from] Recoil
|
|upkeep
|
|t:|1779597712
|switch|p1a: Zamazenta|Zamazenta|40/100
|turn|16
|
|t:|1779597714
|-terastallize|p1a: Zamazenta|Fighting
|move|p1a: Zamazenta|Close Combat|p2a: Dondozo
|-damage|p2a: Dondozo|53/100
|-unboost|p1a: Zamazenta|def|1
|-unboost|p1a: Zamazenta|spd|1
|move|p2a: Dondozo|Wave Crash|p1a: Zamazenta
|-damage|p1a: Zamazenta|0 fnt
|faint|p1a: Zamazenta
|-damage|p2a: Dondozo|43/100|[from] Recoil
|
|upkeep
|
|t:|1779597720
|switch|p1a: Kingambit|Kingambit, M|100/100
|-activate|p1a: Kingambit|ability: Supreme Overlord
|-start|p1a: Kingambit|fallen4|[silent]
|-item|p1a: Kingambit|Air Balloon
|turn|17
|
|t:|1779597723
|move|p1a: Kingambit|Swords Dance|p1a: Kingambit
|-boost|p1a: Kingambit|atk|2
|move|p2a: Dondozo|Rest|p2a: Dondozo
|-status|p2a: Dondozo|slp|[from] move: Rest
|-heal|p2a: Dondozo|100/100 slp|[silent]
|
|upkeep
|turn|18
|
|t:|1779597727
|move|p1a: Kingambit|Swords Dance|p1a: Kingambit
|-boost|p1a: Kingambit|atk|2
|cant|p2a: Dondozo|slp
|move|p2a: Dondozo|Sleep Talk|p2a: Dondozo
|move|p2a: Dondozo|Curse|p2a: Dondozo|[from] move: Sleep Talk
|-unboost|p2a: Dondozo|spe|1
|-boost|p2a: Dondozo|atk|1
|-boost|p2a: Dondozo|def|1
|
|upkeep
|turn|19
|
|t:|1779597740
|move|p1a: Kingambit|Kowtow Cleave|p2a: Dondozo
|-damage|p2a: Dondozo|88/100 slp
|cant|p2a: Dondozo|slp
|move|p2a: Dondozo|Sleep Talk|p2a: Dondozo
|move|p2a: Dondozo|Rest||[from] move: Sleep Talk|[still]
|-fail|p2a: Dondozo
|
|upkeep
|turn|20
|-message|chiggybiggys forfeited.
|
|win|CAP ahaha
|raw|chiggybiggys's rating: 1145 &rarr; <strong>1123</strong><br />(-22 for losing)
|raw|CAP ahaha's rating: 1192 &rarr; <strong>1214</strong><br />(+22 for winning)
|l|☆chiggybiggys
|player|p1|
|l|☆CAP ahaha
|player|p2|
