|j|☆AmonacookieCutter
|j|☆lunachili
|t:|1779566427
|gametype|singles
|player|p1|AmonacookieCutter|cyclist-gen4|1677
|player|p2|lunachili|169|1692
|gen|9
|tier|[Gen 9] OU
|rated|
|rule|HP Percentage Mod: HP is shown in percentages
|rule|Endless Battle Clause: Forcing endless battles is banned
|rule|Species Clause: Limit one of each Pokémon
|rule|OHKO Clause: OHKO moves are banned
|rule|Evasion Items Clause: Evasion items are banned
|rule|Evasion Moves Clause: Evasion moves are banned
|rule|Evasion Abilities Clause: Evasion abilities are banned
|rule|Sleep Moves Clause: Sleep-inducing moves are banned
|clearpoke
|poke|p1|Weezing-Galar, M|
|poke|p1|Alomomola, M|
|poke|p1|Iron Treads|
|poke|p1|Tornadus-Therian, M|
|poke|p1|Zamazenta-*|
|poke|p1|Lokix, M|
|poke|p2|Alomomola, F|
|poke|p2|Slowking-Galar, F|
|poke|p2|Kingambit, F|
|poke|p2|Great Tusk|
|poke|p2|Cinderace, F|
|poke|p2|Raging Bolt|
|teampreview
|inactive|Battle timer is ON: inactive players will automatically lose when time's up. (requested by lunachili)
|inactive|AmonacookieCutter also wants the timer to be on.
|
|t:|1779566443
|teamsize|p1|6
|teamsize|p2|6
|start
|switch|p1a: Tornadus|Tornadus-Therian, M|100/100
|switch|p2a: Cinderace|Cinderace, F|100/100
|turn|1
|
|t:|1779566451
|move|p1a: Tornadus|Knock Off|p2a: Cinderace
|-damage|p2a: Cinderace|73/100
|-enditem|p2a: Cinderace|Heavy-Duty Boots|[from] move: Knock Off|[of] p1a: Tornadus
|move|p2a: Cinderace|Pyro Ball|p1a: Tornadus
|-damage|p1a: Tornadus|38/100
|
|upkeep
|turn|2
|
|t:|1779566458
|move|p1a: Tornadus|U-turn|p2a: Cinderace
|-resisted|p2a: Cinderace
|-damage|p2a: Cinderace|62/100
|
|t:|1779566460
|switch|p1a: Alomomola|Alomomola, M|100/100|[from] U-turn
|move|p2a: Cinderace|Will-O-Wisp|p1a: Alomomola
|-status|p1a: Alomomola|brn
|
|-damage|p1a: Alomomola|94/100 brn|[from] brn
|upkeep
|turn|3
|
|t:|1779566469
|move|p2a: Cinderace|U-turn|p1a: Alomomola
|-start|p2a: Cinderace|typechange|Bug|[from] ability: Libero
|-damage|p1a: Alomomola|75/100 brn
|-damage|p2a: Cinderace|46/100|[from] item: Rocky Helmet|[of] p1a: Alomomola
|
|t:|1779566478
|switch|p2a: Great Tusk|Great Tusk|100/100|[from] U-turn
|move|p1a: Alomomola|Flip Turn|p2a: Great Tusk
|-supereffective|p2a: Great Tusk
|-damage|p2a: Great Tusk|89/100
|-damage|p1a: Alomomola|58/100 brn|[from] item: Rocky Helmet|[of] p2a: Great Tusk
|
|t:|1779566480
|switch|p1a: Tornadus|Tornadus-Therian, M|71/100|[from] Flip Turn
|
|upkeep
|turn|4
|
|t:|1779566490
|-end|p2a: Great Tusk|Protosynthesis|[silent]
|switch|p2a: Slowking|Slowking-Galar, F|100/100
|move|p1a: Tornadus|Knock Off|p2a: Slowking
|-supereffective|p2a: Slowking
|-damage|p2a: Slowking|56/100
|-enditem|p2a: Slowking|Heavy-Duty Boots|[from] move: Knock Off|[of] p1a: Tornadus
|
|upkeep
|turn|5
|
|t:|1779566498
|move|p1a: Tornadus|Bleakwind Storm|p2a: Slowking
|-damage|p2a: Slowking|36/100
|-unboost|p2a: Slowking|spe|1
|-prepare|p2a: Slowking|Chilly Reception|[premajor]
|move|p2a: Slowking|Chilly Reception|p2a: Slowking
|-weather|Snowscape
|
|t:|1779566510
|switch|p2a: Raging Bolt|Raging Bolt|100/100|[from] Chilly Reception
|
|-weather|Snowscape|[upkeep]
|upkeep
|turn|6
|
|t:|1779566520
|switch|p1a: Iron Treads|Iron Treads|100/100
|-end|p2a: Raging Bolt|Protosynthesis|[silent]
|switch|p2a: Great Tusk|Great Tusk|89/100
|
|-weather|Snowscape|[upkeep]
|upkeep
|turn|7
|
|t:|1779566527
|move|p1a: Iron Treads|Stealth Rock|p2a: Great Tusk
|-sidestart|p2: lunachili|move: Stealth Rock
|move|p2a: Great Tusk|Stealth Rock|p1a: Iron Treads
|-sidestart|p1: AmonacookieCutter|move: Stealth Rock
|
|-weather|Snowscape|[upkeep]
|upkeep
|turn|8
|
|t:|1779566531
|move|p1a: Iron Treads|Rapid Spin|p2a: Great Tusk
|-damage|p2a: Great Tusk|80/100
|-boost|p1a: Iron Treads|spe|1
|-damage|p1a: Iron Treads|84/100|[from] item: Rocky Helmet|[of] p2a: Great Tusk
|-sideend|p1: AmonacookieCutter|Stealth Rock|[from] move: Rapid Spin|[of] p1a: Iron Treads
|move|p2a: Great Tusk|Rapid Spin|p1a: Iron Treads
|-resisted|p1a: Iron Treads
|-damage|p1a: Iron Treads|77/100
|-boost|p2a: Great Tusk|spe|1
|-sideend|p2: lunachili|Stealth Rock|[from] move: Rapid Spin|[of] p2a: Great Tusk
|
|-weather|Snowscape|[upkeep]
|-heal|p1a: Iron Treads|83/100|[from] item: Leftovers
|upkeep
|turn|9
|
|t:|1779566543
|-end|p1a: Iron Treads|Quark Drive|[silent]
|switch|p1a: Tornadus|Tornadus-Therian, M|100/100
|move|p2a: Great Tusk|Stealth Rock|p1a: Tornadus
|-sidestart|p1: AmonacookieCutter|move: Stealth Rock
|
|-weather|none
|upkeep
|turn|10
|
|t:|1779566556
|move|p2a: Great Tusk|Ice Spinner|p1a: Tornadus
|-supereffective|p1a: Tornadus
|-damage|p1a: Tornadus|43/100
|move|p1a: Tornadus|U-turn|p2a: Great Tusk
|-resisted|p2a: Great Tusk
|-damage|p2a: Great Tusk|74/100
|-damage|p1a: Tornadus|27/100|[from] item: Rocky Helmet|[of] p2a: Great Tusk
|
|t:|1779566559
|switch|p1a: Alomomola|Alomomola, M|91/100 brn|[from] U-turn
|-damage|p1a: Alomomola|79/100 brn|[from] Stealth Rock
|
|-damage|p1a: Alomomola|73/100 brn|[from] brn
|upkeep
|turn|11
|
|t:|1779566569
|-end|p2a: Great Tusk|Protosynthesis|[silent]
|switch|p2a: Slowking|Slowking-Galar, F|69/100
|move|p1a: Alomomola|Wish|p1a: Alomomola
|
|-damage|p1a: Alomomola|67/100 brn|[from] brn
|upkeep
|turn|12
|
|t:|1779566578
|move|p1a: Alomomola|Flip Turn|p2a: Slowking
|-damage|p2a: Slowking|61/100
|
|t:|1779566580
|switch|p1a: Tornadus|Tornadus-Therian, M|60/100|[from] Flip Turn
|-damage|p1a: Tornadus|35/100|[from] Stealth Rock
|move|p2a: Slowking|Future Sight|p1a: Tornadus
|-start|p2a: Slowking|move: Future Sight
|
|-heal|p1a: Tornadus|100/100|[from] move: Wish|[wisher] Alomomola
|upkeep
|turn|13
|
|t:|1779566588
|switch|p1a: Iron Treads|Iron Treads|83/100
|-damage|p1a: Iron Treads|80/100|[from] Stealth Rock
|-prepare|p2a: Slowking|Chilly Reception|[premajor]
|move|p2a: Slowking|Chilly Reception|p2a: Slowking
|-weather|Snowscape
|
|t:|1779566594
|switch|p2a: Cinderace|Cinderace, F|46/100|[from] Chilly Reception
|
|-weather|Snowscape|[upkeep]
|-heal|p1a: Iron Treads|86/100|[from] item: Leftovers
|upkeep
|turn|14
|
|t:|1779566600
|-end|p1a: Iron Treads|Quark Drive|[silent]
|switch|p1a: Alomomola|Alomomola, M|99/100 brn
|-damage|p1a: Alomomola|87/100 brn|[from] Stealth Rock
|move|p2a: Cinderace|Pyro Ball|p1a: Alomomola
|-resisted|p1a: Alomomola
|-damage|p1a: Alomomola|68/100 brn
|
|-weather|Snowscape|[upkeep]
|-end|p1a: Alomomola|move: Future Sight
|-damage|p1a: Alomomola|29/100 brn
|-damage|p1a: Alomomola|23/100 brn|[from] brn
|upkeep
|turn|15
|
|t:|1779566621
|move|p2a: Cinderace|Pyro Ball|p1a: Alomomola
|-resisted|p1a: Alomomola
|-damage|p1a: Alomomola|6/100 brn
|move|p1a: Alomomola|Flip Turn|p2a: Cinderace
|-supereffective|p2a: Cinderace
|-damage|p2a: Cinderace|20/100
|j| simplegent
|
|t:|1779566632
|switch|p1a: Tornadus|Tornadus-Therian, M|100/100|[from] Flip Turn
|-damage|p1a: Tornadus|76/100|[from] Stealth Rock
|
|-weather|Snowscape|[upkeep]
|upkeep
|turn|16
|
|t:|1779566641
|switch|p2a: Slowking|Slowking-Galar, F|94/100
|move|p1a: Tornadus|Bleakwind Storm|p2a: Slowking|[miss]
|-miss|p1a: Tornadus|p2a: Slowking
|
|-weather|Snowscape|[upkeep]
|upkeep
|turn|17
|
|t:|1779566652
|move|p1a: Tornadus|U-turn|p2a: Slowking
|-damage|p2a: Slowking|79/100
|
|t:|1779566653
|switch|p1a: Iron Treads|Iron Treads|86/100|[from] U-turn
|-damage|p1a: Iron Treads|83/100|[from] Stealth Rock
|move|p2a: Slowking|Future Sight|p1a: Iron Treads
|-start|p2a: Slowking|move: Future Sight
|
|-weather|none
|-heal|p1a: Iron Treads|89/100|[from] item: Leftovers
|upkeep
|turn|18
|
|t:|1779566668
|switch|p2a: Great Tusk|Great Tusk|74/100
|move|p1a: Iron Treads|Stealth Rock|p2a: Great Tusk
|-sidestart|p2: lunachili|move: Stealth Rock
|
|-heal|p1a: Iron Treads|95/100|[from] item: Leftovers
|upkeep
|turn|19
|
|t:|1779566678
|move|p1a: Iron Treads|Ice Spinner|p2a: Great Tusk
|-supereffective|p2a: Great Tusk
|-damage|p2a: Great Tusk|43/100
|-damage|p1a: Iron Treads|78/100|[from] item: Rocky Helmet|[of] p2a: Great Tusk
|move|p2a: Great Tusk|Rapid Spin|p1a: Iron Treads
|-resisted|p1a: Iron Treads
|-damage|p1a: Iron Treads|71/100
|-boost|p2a: Great Tusk|spe|1
|-sideend|p2: lunachili|Stealth Rock|[from] move: Rapid Spin|[of] p2a: Great Tusk
|
|-end|p1a: Iron Treads|move: Future Sight
|-resisted|p1a: Iron Treads
|-damage|p1a: Iron Treads|46/100
|-heal|p1a: Iron Treads|52/100|[from] item: Leftovers
|upkeep
|turn|20
|
|t:|1779566692
|-end|p1a: Iron Treads|Quark Drive|[silent]
|switch|p1a: Tornadus|Tornadus-Therian, M|100/100
|-damage|p1a: Tornadus|76/100|[from] Stealth Rock
|move|p2a: Great Tusk|Headlong Rush|p1a: Tornadus
|-immune|p1a: Tornadus
|
|upkeep
|turn|21
|
|t:|1779566702
|-terastallize|p2a: Great Tusk|Ice
|move|p2a: Great Tusk|Ice Spinner|p1a: Tornadus
|-supereffective|p1a: Tornadus
|-damage|p1a: Tornadus|0 fnt
|faint|p1a: Tornadus
|
|upkeep
|
|t:|1779566706
|switch|p1a: Alomomola|Alomomola, M|40/100 brn
|-damage|p1a: Alomomola|27/100 brn|[from] Stealth Rock
|turn|22
|
|t:|1779566710
|switch|p1a: Zamazenta|Zamazenta|100/100
|-damage|p1a: Zamazenta|94/100|[from] Stealth Rock
|-ability|p1a: Zamazenta|Dauntless Shield|boost
|-boost|p1a: Zamazenta|def|1
|move|p2a: Great Tusk|Headlong Rush|p1a: Zamazenta
|-damage|p1a: Zamazenta|58/100
|-unboost|p2a: Great Tusk|def|1
|-unboost|p2a: Great Tusk|spd|1
|
|upkeep
|turn|23
|
|t:|1779566730
|move|p2a: Great Tusk|Headlong Rush|p1a: Zamazenta
|-damage|p1a: Zamazenta|15/100
|-unboost|p2a: Great Tusk|def|1
|-unboost|p2a: Great Tusk|spd|1
|move|p1a: Zamazenta|Crunch|p2a: Great Tusk
|-damage|p2a: Great Tusk|0 fnt
|-damage|p1a: Zamazenta|0 fnt|[from] item: Rocky Helmet|[of] p2a: Great Tusk
|faint|p2a: Great Tusk
|-end|p2a: Great Tusk|Protosynthesis|[silent]
|faint|p1a: Zamazenta
|
|upkeep
|inactive|lunachili has 120 seconds left.
|
|t:|1779566748
|switch|p1a: Alomomola|Alomomola, M|61/100 brn
|switch|p2a: Alomomola|Alomomola, F|100/100
|-damage|p1a: Alomomola|48/100 brn|[from] Stealth Rock
|turn|24
|
|t:|1779566754
|move|p2a: Alomomola|Wish|p2a: Alomomola
|move|p1a: Alomomola|Wish|p1a: Alomomola
|
|-damage|p1a: Alomomola|42/100 brn|[from] brn
|upkeep
|turn|25
|
|t:|1779566761
|move|p2a: Alomomola|Flip Turn|p1a: Alomomola
|-resisted|p1a: Alomomola
|-damage|p1a: Alomomola|38/100 brn
|-damage|p2a: Alomomola|84/100|[from] item: Rocky Helmet|[of] p1a: Alomomola
|inactive|lunachili has 120 seconds left.
|j| Outou
|
|t:|1779566800
|switch|p2a: Kingambit|Kingambit, F|100/100|[from] Flip Turn
|-activate|p2a: Kingambit|ability: Supreme Overlord
|-start|p2a: Kingambit|fallen1|[silent]
|move|p1a: Alomomola|Flip Turn|p2a: Kingambit
|-damage|p2a: Kingambit|94/100
|
|t:|1779566804
|switch|p1a: Iron Treads|Iron Treads|52/100|[from] Flip Turn
|-damage|p1a: Iron Treads|49/100|[from] Stealth Rock
|
|-heal|p1a: Iron Treads|100/100|[from] move: Wish|[wisher] Alomomola
|-heal|p2a: Kingambit|100/100|[from] move: Wish|[wisher] Alomomola
|upkeep
|turn|26
|
|t:|1779566813
|-end|p2a: Kingambit|fallen1|[silent]
|switch|p2a: Alomomola|Alomomola, F|100/100
|move|p1a: Iron Treads|Rapid Spin|p2a: Alomomola
|-damage|p2a: Alomomola|93/100
|-boost|p1a: Iron Treads|spe|1
|-damage|p1a: Iron Treads|84/100|[from] item: Rocky Helmet|[of] p2a: Alomomola
|-sideend|p1: AmonacookieCutter|Stealth Rock|[from] move: Rapid Spin|[of] p1a: Iron Treads
|
|-heal|p1a: Iron Treads|90/100|[from] item: Leftovers
|upkeep
|turn|27
|j| Electronno
|inactive|lunachili has 120 seconds left.
|
|t:|1779566822
|move|p1a: Iron Treads|Stealth Rock|p2a: Alomomola
|-sidestart|p2: lunachili|move: Stealth Rock
|move|p2a: Alomomola|Scald|p1a: Iron Treads
|-supereffective|p1a: Iron Treads
|-damage|p1a: Iron Treads|61/100
|
|-heal|p1a: Iron Treads|67/100|[from] item: Leftovers
|upkeep
|turn|28
|l| Outou
|
|t:|1779566829
|-end|p1a: Iron Treads|Quark Drive|[silent]
|switch|p1a: Alomomola|Alomomola, M|71/100 brn
|move|p2a: Alomomola|Scald|p1a: Alomomola
|-resisted|p1a: Alomomola
|-damage|p1a: Alomomola|65/100 brn
|
|-damage|p1a: Alomomola|59/100 brn|[from] brn
|upkeep
|turn|29
|
|t:|1779566836
|move|p2a: Alomomola|Wish|p2a: Alomomola
|move|p1a: Alomomola|Wish|p1a: Alomomola
|
|-damage|p1a: Alomomola|53/100 brn|[from] brn
|upkeep
|turn|30
|
|t:|1779566845
|move|p2a: Alomomola|Scald|p1a: Alomomola
|-resisted|p1a: Alomomola
|-damage|p1a: Alomomola|47/100 brn
|move|p1a: Alomomola|Flip Turn|p2a: Alomomola
|-resisted|p2a: Alomomola
|-damage|p2a: Alomomola|91/100
|-damage|p1a: Alomomola|30/100 brn|[from] item: Rocky Helmet|[of] p2a: Alomomola
|
|t:|1779566851
|switch|p1a: Weezing|Weezing-Galar, M|100/100|[from] Flip Turn
|-ability|p1a: Weezing|Neutralizing Gas
|
|-heal|p2a: Alomomola|100/100|[from] move: Wish|[wisher] Alomomola
|upkeep
|turn|31
|l| Electronno
|
|t:|1779566858
|switch|p2a: Slowking|Slowking-Galar, F|100/100
|-damage|p2a: Slowking|88/100|[from] Stealth Rock
|move|p1a: Weezing|Toxic|p2a: Slowking
|-immune|p2a: Slowking
|
|upkeep
|turn|32
|
|t:|1779566864
|-end|p1a: Weezing|ability: Neutralizing Gas
|switch|p1a: Iron Treads|Iron Treads|67/100
|move|p2a: Slowking|Future Sight|p1a: Iron Treads
|-start|p2a: Slowking|move: Future Sight
|
|-heal|p1a: Iron Treads|73/100|[from] item: Leftovers
|upkeep
|turn|33
|
|t:|1779566871
|switch|p2a: Alomomola|Alomomola, F|100/100
|-damage|p2a: Alomomola|88/100|[from] Stealth Rock
|move|p1a: Iron Treads|Earthquake|p2a: Alomomola
|-damage|p2a: Alomomola|68/100
|
|-heal|p1a: Iron Treads|79/100|[from] item: Leftovers
|upkeep
|turn|34
|
|t:|1779566881
|-end|p1a: Iron Treads|Quark Drive|[silent]
|switch|p1a: Alomomola|Alomomola, M|64/100 brn
|move|p2a: Alomomola|Flip Turn|p1a: Alomomola
|-resisted|p1a: Alomomola
|-damage|p1a: Alomomola|59/100 brn
|-damage|p2a: Alomomola|51/100|[from] item: Rocky Helmet|[of] p1a: Alomomola
|
|t:|1779566888
|switch|p2a: Raging Bolt|Raging Bolt|100/100|[from] Flip Turn
|-damage|p2a: Raging Bolt|88/100|[from] Stealth Rock
|
|-end|p1a: Alomomola|move: Future Sight
|-damage|p1a: Alomomola|19/100 brn
|-heal|p2a: Raging Bolt|94/100|[from] item: Leftovers
|-damage|p1a: Alomomola|13/100 brn|[from] brn
|upkeep
|turn|35
|
|t:|1779566898
|switch|p1a: Iron Treads|Iron Treads|79/100
|move|p2a: Raging Bolt|Draco Meteor|p1a: Iron Treads
|-resisted|p1a: Iron Treads
|-damage|p1a: Iron Treads|34/100
|-unboost|p2a: Raging Bolt|spa|2
|
|-heal|p1a: Iron Treads|40/100|[from] item: Leftovers
|-heal|p2a: Raging Bolt|100/100|[from] item: Leftovers
|upkeep
|turn|36
|
|t:|1779566914
|-end|p2a: Raging Bolt|Protosynthesis|[silent]
|switch|p2a: Alomomola|Alomomola, F|84/100
|-damage|p2a: Alomomola|72/100|[from] Stealth Rock
|move|p1a: Iron Treads|Earthquake|p2a: Alomomola
|-crit|p2a: Alomomola
|-damage|p2a: Alomomola|41/100
|
|-heal|p1a: Iron Treads|46/100|[from] item: Leftovers
|upkeep
|turn|37
|
|t:|1779566924
|-end|p1a: Iron Treads|Quark Drive|[silent]
|switch|p1a: Alomomola|Alomomola, M|46/100 brn
|move|p2a: Alomomola|Wish|p2a: Alomomola
|
|-damage|p1a: Alomomola|40/100 brn|[from] brn
|upkeep
|turn|38
|
|t:|1779566932
|switch|p2a: Raging Bolt|Raging Bolt|100/100
|-damage|p2a: Raging Bolt|88/100|[from] Stealth Rock
|move|p1a: Alomomola|Wish|p1a: Alomomola
|
|-heal|p2a: Raging Bolt|100/100|[from] move: Wish|[wisher] Alomomola
|-damage|p1a: Alomomola|34/100 brn|[from] brn
|upkeep
|turn|39
|
|t:|1779566946
|-end|p2a: Raging Bolt|Protosynthesis|[silent]
|switch|p2a: Alomomola|Alomomola, F|74/100
|-damage|p2a: Alomomola|62/100|[from] Stealth Rock
|move|p1a: Alomomola|Protect||[still]
|-fail|p1a: Alomomola
|
|-heal|p1a: Alomomola|84/100 brn|[from] move: Wish|[wisher] Alomomola
|-damage|p1a: Alomomola|78/100 brn|[from] brn
|upkeep
|turn|40
|
|t:|1779566955
|move|p2a: Alomomola|Wish|p2a: Alomomola
|move|p1a: Alomomola|Wish|p1a: Alomomola
|
|-damage|p1a: Alomomola|71/100 brn|[from] brn
|upkeep
|turn|41
|
|t:|1779566961
|move|p2a: Alomomola|Scald|p1a: Alomomola
|-resisted|p1a: Alomomola
|-damage|p1a: Alomomola|65/100 brn
|move|p1a: Alomomola|Flip Turn|p2a: Alomomola
|-resisted|p2a: Alomomola
|-damage|p2a: Alomomola|59/100
|-damage|p1a: Alomomola|49/100 brn|[from] item: Rocky Helmet|[of] p2a: Alomomola
|
|t:|1779566963
|switch|p1a: Iron Treads|Iron Treads|46/100|[from] Flip Turn
|
|-heal|p1a: Iron Treads|100/100|[from] move: Wish|[wisher] Alomomola
|-heal|p2a: Alomomola|100/100|[from] move: Wish|[wisher] Alomomola
|upkeep
|turn|42
|
|t:|1779566975
|-end|p1a: Iron Treads|Quark Drive|[silent]
|switch|p1a: Alomomola|Alomomola, M|82/100 brn
|move|p2a: Alomomola|Wish|p2a: Alomomola
|
|-damage|p1a: Alomomola|76/100 brn|[from] brn
|upkeep
|turn|43
|
|t:|1779566980
|move|p2a: Alomomola|Flip Turn|p1a: Alomomola
|-resisted|p1a: Alomomola
|-damage|p1a: Alomomola|71/100 brn
|-damage|p2a: Alomomola|84/100|[from] item: Rocky Helmet|[of] p1a: Alomomola
|
|t:|1779566984
|switch|p2a: Raging Bolt|Raging Bolt|100/100|[from] Flip Turn
|-damage|p2a: Raging Bolt|88/100|[from] Stealth Rock
|move|p1a: Alomomola|Flip Turn|p2a: Raging Bolt
|-resisted|p2a: Raging Bolt
|-damage|p2a: Raging Bolt|85/100
|
|t:|1779566990
|switch|p1a: Weezing|Weezing-Galar, M|100/100|[from] Flip Turn
|-ability|p1a: Weezing|Neutralizing Gas
|
|-heal|p2a: Raging Bolt|100/100|[from] move: Wish|[wisher] Alomomola
|upkeep
|turn|44
|
|t:|1779567000
|-end|p1a: Weezing|ability: Neutralizing Gas
|switch|p1a: Lokix|Lokix, M|100/100
|move|p2a: Raging Bolt|Thunderbolt|p1a: Lokix
|-crit|p1a: Lokix
|-damage|p1a: Lokix|0 fnt
|faint|p1a: Lokix
|
|upkeep
|
|t:|1779567013
|switch|p1a: Iron Treads|Iron Treads|100/100
|turn|45
|
|t:|1779567018
|-end|p2a: Raging Bolt|Protosynthesis|[silent]
|switch|p2a: Alomomola|Alomomola, F|100/100
|-damage|p2a: Alomomola|88/100|[from] Stealth Rock
|move|p1a: Iron Treads|Earthquake|p2a: Alomomola
|-damage|p2a: Alomomola|68/100
|
|upkeep
|turn|46
|
|t:|1779567026
|-end|p1a: Iron Treads|Quark Drive|[silent]
|switch|p1a: Weezing|Weezing-Galar, M|100/100
|-ability|p1a: Weezing|Neutralizing Gas
|move|p2a: Alomomola|Wish|p2a: Alomomola
|
|upkeep
|turn|47
|
|t:|1779567034
|switch|p2a: Slowking|Slowking-Galar, F|100/100
|-damage|p2a: Slowking|88/100|[from] Stealth Rock
|move|p1a: Weezing|Will-O-Wisp|p2a: Slowking
|-status|p2a: Slowking|brn
|
|-heal|p2a: Slowking|100/100 brn|[from] move: Wish|[wisher] Alomomola
|-damage|p2a: Slowking|94/100 brn|[from] brn
|upkeep
|turn|48
|
|t:|1779567043
|-end|p1a: Weezing|ability: Neutralizing Gas
|switch|p1a: Iron Treads|Iron Treads|100/100
|move|p2a: Slowking|Future Sight|p1a: Iron Treads
|-start|p2a: Slowking|move: Future Sight
|
|-damage|p2a: Slowking|88/100 brn|[from] brn
|upkeep
|turn|49
|
|t:|1779567053
|-end|p1a: Iron Treads|Quark Drive|[silent]
|switch|p1a: Weezing|Weezing-Galar, M|100/100
|-ability|p1a: Weezing|Neutralizing Gas
|switch|p2a: Alomomola|Alomomola, F|68/100
|-damage|p2a: Alomomola|55/100|[from] Stealth Rock
|
|upkeep
|turn|50
|
|t:|1779567062
|move|p1a: Weezing|Toxic|p2a: Alomomola
|-status|p2a: Alomomola|tox
|move|p2a: Alomomola|Wish|p2a: Alomomola
|
|-end|p1a: Weezing|move: Future Sight
|-supereffective|p1a: Weezing
|-damage|p1a: Weezing|0 fnt
|faint|p1a: Weezing
|-end|p1a: Weezing|ability: Neutralizing Gas
|-damage|p2a: Alomomola|49/100 tox|[from] psn
|upkeep
|
|t:|1779567072
|switch|p1a: Iron Treads|Iron Treads|100/100
|turn|51
|
|t:|1779567074
|move|p1a: Iron Treads|Earthquake|p2a: Alomomola
|-damage|p2a: Alomomola|27/100 tox
|move|p2a: Alomomola|Scald|p1a: Iron Treads
|-supereffective|p1a: Iron Treads
|-damage|p1a: Iron Treads|68/100
|
|-heal|p2a: Alomomola|77/100 tox|[from] move: Wish|[wisher] Alomomola
|-heal|p1a: Iron Treads|74/100|[from] item: Leftovers
|-damage|p2a: Alomomola|65/100 tox|[from] psn
|upkeep
|turn|52
|
|t:|1779567084
|-end|p1a: Iron Treads|Quark Drive|[silent]
|switch|p1a: Alomomola|Alomomola, M|100/100 brn
|move|p2a: Alomomola|Flip Turn|p1a: Alomomola
|-resisted|p1a: Alomomola
|-damage|p1a: Alomomola|96/100 brn
|-damage|p2a: Alomomola|48/100 tox|[from] item: Rocky Helmet|[of] p1a: Alomomola
|
|t:|1779567091
|switch|p2a: Raging Bolt|Raging Bolt|100/100|[from] Flip Turn
|-damage|p2a: Raging Bolt|88/100|[from] Stealth Rock
|
|-heal|p2a: Raging Bolt|94/100|[from] item: Leftovers
|-damage|p1a: Alomomola|90/100 brn|[from] brn
|upkeep
|turn|53
|
|t:|1779567100
|move|p2a: Raging Bolt|Draco Meteor|p1a: Alomomola
|-damage|p1a: Alomomola|19/100 brn
|-unboost|p2a: Raging Bolt|spa|2
|move|p1a: Alomomola|Wish|p1a: Alomomola
|
|-heal|p2a: Raging Bolt|100/100|[from] item: Leftovers
|-damage|p1a: Alomomola|13/100 brn|[from] brn
|upkeep
|turn|54
|
|t:|1779567109
|switch|p1a: Iron Treads|Iron Treads|74/100
|move|p2a: Raging Bolt|Calm Mind|p2a: Raging Bolt
|-boost|p2a: Raging Bolt|spa|1
|-boost|p2a: Raging Bolt|spd|1
|
|-heal|p1a: Iron Treads|100/100|[from] move: Wish|[wisher] Alomomola
|upkeep
|turn|55
|
|t:|1779567117
|-end|p2a: Raging Bolt|Protosynthesis|[silent]
|switch|p2a: Cinderace|Cinderace, F|20/100
|-damage|p2a: Cinderace|0 fnt|[from] Stealth Rock
|faint|p2a: Cinderace
|move|p1a: Iron Treads|Earthquake|p2: Cinderace|[notarget]
|-fail|p1a: Iron Treads
|
|upkeep
|
|t:|1779567126
|switch|p2a: Alomomola|Alomomola, F|82/100 tox
|-damage|p2a: Alomomola|69/100 tox|[from] Stealth Rock
|turn|56
|
|t:|1779567131
|move|p1a: Iron Treads|Earthquake|p2a: Alomomola
|-damage|p2a: Alomomola|49/100 tox
|move|p2a: Alomomola|Wish|p2a: Alomomola
|
|-damage|p2a: Alomomola|43/100 tox|[from] psn
|upkeep
|turn|57
|
|t:|1779567138
|-end|p1a: Iron Treads|Quark Drive|[silent]
|switch|p1a: Alomomola|Alomomola, M|46/100 brn
|move|p2a: Alomomola|Flip Turn|p1a: Alomomola
|-resisted|p1a: Alomomola
|-damage|p1a: Alomomola|41/100 brn
|-damage|p2a: Alomomola|26/100 tox|[from] item: Rocky Helmet|[of] p1a: Alomomola
|
|t:|1779567155
|switch|p2a: Kingambit|Kingambit, F|100/100|[from] Flip Turn
|-damage|p2a: Kingambit|94/100|[from] Stealth Rock
|-activate|p2a: Kingambit|ability: Supreme Overlord
|-start|p2a: Kingambit|fallen2|[silent]
|
|-heal|p2a: Kingambit|100/100|[from] move: Wish|[wisher] Alomomola
|-damage|p1a: Alomomola|35/100 brn|[from] brn
|upkeep
|turn|58
|
|t:|1779567163
|switch|p1a: Iron Treads|Iron Treads|100/100
|move|p2a: Kingambit|Kowtow Cleave|p1a: Iron Treads
|-damage|p1a: Iron Treads|56/100
|
|-heal|p1a: Iron Treads|62/100|[from] item: Leftovers
|upkeep
|turn|59
|
|t:|1779567172
|move|p1a: Iron Treads|Earthquake|p2a: Kingambit
|-supereffective|p2a: Kingambit
|-damage|p2a: Kingambit|46/100
|move|p2a: Kingambit|Kowtow Cleave|p1a: Iron Treads
|-damage|p1a: Iron Treads|10/100
|
|-heal|p1a: Iron Treads|17/100|[from] item: Leftovers
|-heal|p2a: Kingambit|52/100|[from] item: Leftovers
|upkeep
|turn|60
|j| Adalekoth
|
|t:|1779567184
|-end|p1a: Iron Treads|Quark Drive|[silent]
|switch|p1a: Alomomola|Alomomola, M|69/100 brn
|move|p2a: Kingambit|Kowtow Cleave|p1a: Alomomola
|-damage|p1a: Alomomola|33/100 brn
|-damage|p2a: Kingambit|35/100|[from] item: Rocky Helmet|[of] p1a: Alomomola
|
|-heal|p2a: Kingambit|41/100|[from] item: Leftovers
|-damage|p1a: Alomomola|27/100 brn|[from] brn
|upkeep
|turn|61
|
|t:|1779567194
|move|p2a: Kingambit|Kowtow Cleave|p1a: Alomomola
|-damage|p1a: Alomomola|0 fnt
|-damage|p2a: Kingambit|25/100|[from] item: Rocky Helmet|[of] p1a: Alomomola
|faint|p1a: Alomomola
|
|-heal|p2a: Kingambit|31/100|[from] item: Leftovers
|upkeep
|-message|AmonacookieCutter forfeited.
|
|win|lunachili
|raw|AmonacookieCutter's rating: 1677 &rarr; <strong>1658</strong><br />(-19 for losing)
|raw|lunachili's rating: 1692 &rarr; <strong>1711</strong><br />(+19 for winning)
|l|☆AmonacookieCutter
|player|p1|
|c|☆lunachili|gg
|l| Adalekoth
|l|☆lunachili
|player|p2|
|l| simplegent
