|j|☆Kogasscarf
|j|☆lotoden bk
|t:|1779707847
|gametype|singles
|player|p1|Kogasscarf|koga|1357
|player|p2|lotoden bk|swimmerf-gen4|1410
|gen|9
|tier|[Gen 9] OU
|rated|
|rule|HP Percentage Mod: HP is shown in percentages
|rule|Endless Battle Clause: Forcing endless battles is banned
|rule|Species Clause: Limit one of each Pokémon
|rule|OHKO Clause: OHKO moves are banned
|rule|Evasion Items Clause: Evasion items are banned
|rule|Evasion Moves Clause: Evasion moves are banned
|rule|Evasion Abilities Clause: Evasion abilities are banned
|rule|Sleep Moves Clause: Sleep-inducing moves are banned
|clearpoke
|poke|p1|Toxtricity-Low-Key, M|
|poke|p1|Cinderace, M|
|poke|p1|Mandibuzz, F|
|poke|p1|Kyurem|
|poke|p1|Ting-Lu|
|poke|p1|Manaphy|
|poke|p2|Great Tusk|
|poke|p2|Heatran, M|
|poke|p2|Weavile, M|
|poke|p2|Primarina, M|
|poke|p2|Ogerpon, F|
|poke|p2|Pecharunt|
|teampreview
|inactive|Battle timer is ON: inactive players will automatically lose when time's up. (requested by Kogasscarf)
|inactive|lotoden bk has 120 seconds left.
|
|t:|1779707908
|teamsize|p1|6
|teamsize|p2|6
|start
|switch|p1a: Cinderace|Cinderace, M|100/100
|switch|p2a: Ogerpon|Ogerpon, F|100/100
|turn|1
|
|t:|1779707917
|switch|p2a: Pecharunt|Pecharunt|100/100
|move|p1a: Cinderace|U-turn|p2a: Pecharunt
|-start|p1a: Cinderace|typechange|Bug|[from] ability: Libero
|-resisted|p2a: Pecharunt
|-damage|p2a: Pecharunt|97/100
|-damage|p1a: Cinderace|84/100|[from] item: Rocky Helmet|[of] p2a: Pecharunt
|
|t:|1779707924
|switch|p1a: Toxtricity|Toxtricity-Low-Key, M|100/100|[from] U-turn
|
|upkeep
|turn|2
|
|t:|1779707941
|move|p2a: Pecharunt|Parting Shot|p1a: Toxtricity
|-unboost|p1a: Toxtricity|atk|1
|-unboost|p1a: Toxtricity|spa|1
|inactive|lotoden bk has 120 seconds left.
|
|t:|1779707977
|switch|p2a: Great Tusk|Great Tusk, shiny|100/100|[from] Parting Shot
|move|p1a: Toxtricity|Psychic Noise|p2a: Great Tusk
|-supereffective|p2a: Great Tusk
|-damage|p2a: Great Tusk|25/100
|-start|p2a: Great Tusk|move: Heal Block
|-enditem|p1a: Toxtricity|Throat Spray
|-boost|p1a: Toxtricity|spa|1|[from] item: Throat Spray
|
|upkeep
|turn|3
|
|t:|1779707994
|switch|p1a: Mandibuzz|Mandibuzz, F, shiny|100/100
|move|p2a: Great Tusk|Ice Spinner|p1a: Mandibuzz
|-supereffective|p1a: Mandibuzz
|-damage|p1a: Mandibuzz|68/100
|-damage|p2a: Great Tusk|9/100|[from] item: Rocky Helmet|[of] p1a: Mandibuzz
|
|-end|p2a: Great Tusk|move: Heal Block
|upkeep
|turn|4
|
|t:|1779708010
|-end|p2a: Great Tusk|Protosynthesis|[silent]
|switch|p2a: Weavile|Weavile, M, shiny|100/100
|-ability|p2a: Weavile|Pressure
|move|p1a: Mandibuzz|Roost|p1a: Mandibuzz
|-heal|p1a: Mandibuzz|100/100
|-singleturn|p1a: Mandibuzz|move: Roost
|
|upkeep
|turn|5
|
|t:|1779708033
|move|p2a: Weavile|Knock Off|p1a: Mandibuzz
|-resisted|p1a: Mandibuzz
|-damage|p1a: Mandibuzz|79/100
|-damage|p2a: Weavile|84/100|[from] item: Rocky Helmet|[of] p1a: Mandibuzz
|-enditem|p1a: Mandibuzz|Rocky Helmet|[from] move: Knock Off|[of] p2a: Weavile
|move|p1a: Mandibuzz|Foul Play|p2a: Weavile
|-resisted|p2a: Weavile
|-damage|p2a: Weavile|45/100
|
|upkeep
|turn|6
|
|t:|1779708050
|switch|p2a: Primarina|Primarina, M, shiny|100/100
|switch|p1a: Cinderace|Cinderace, M|84/100
|
|upkeep
|turn|7
|
|t:|1779708061
|switch|p2a: Pecharunt|Pecharunt|97/100
|move|p1a: Cinderace|U-turn|p2a: Pecharunt
|-start|p1a: Cinderace|typechange|Bug|[from] ability: Libero
|-resisted|p2a: Pecharunt
|-damage|p2a: Pecharunt|93/100
|-damage|p1a: Cinderace|67/100|[from] item: Rocky Helmet|[of] p2a: Pecharunt
|
|t:|1779708067
|switch|p1a: Kyurem|Kyurem|100/100|[from] U-turn
|-ability|p1a: Kyurem|Pressure
|
|upkeep
|turn|8
|
|t:|1779708077
|switch|p2a: Primarina|Primarina, M, shiny|100/100
|move|p1a: Kyurem|Earth Power|p2a: Primarina
|-damage|p2a: Primarina|84/100
|
|upkeep
|turn|9
|
|t:|1779708088
|switch|p1a: Toxtricity|Toxtricity-Low-Key, M|100/100
|move|p2a: Primarina|Flip Turn|p1a: Toxtricity
|-damage|p1a: Toxtricity|82/100
|
|t:|1779708096
|switch|p2a: Weavile|Weavile, M, shiny|45/100|[from] Flip Turn
|-ability|p2a: Weavile|Pressure
|
|upkeep
|turn|10
|
|t:|1779708100
|move|p2a: Weavile|Triple Axel|p1a: Toxtricity
|-damage|p1a: Toxtricity|64/100
|-damage|p1a: Toxtricity|25/100
|-damage|p1a: Toxtricity|0 fnt
|faint|p1a: Toxtricity
|-hitcount|p1: Toxtricity|3
|
|upkeep
|
|t:|1779708111
|switch|p1a: Manaphy|Manaphy|100/100
|turn|11
|
|t:|1779708124
|switch|p2a: Ogerpon|Ogerpon, F|100/100
|move|p1a: Manaphy|Take Heart|p1a: Manaphy
|-boost|p1a: Manaphy|spa|1
|-boost|p1a: Manaphy|spd|1
|
|upkeep
|turn|12
|
|t:|1779708140
|move|p2a: Ogerpon|Ivy Cudgel|p1a: Manaphy
|-supereffective|p1a: Manaphy
|-damage|p1a: Manaphy|0 fnt
|faint|p1a: Manaphy
|
|upkeep
|
|t:|1779708144
|switch|p1a: Kyurem|Kyurem|100/100
|-ability|p1a: Kyurem|Pressure
|turn|13
|
|t:|1779708161
|switch|p2a: Great Tusk|Great Tusk, shiny|9/100
|move|p1a: Kyurem|Freeze-Dry|p2a: Great Tusk
|-supereffective|p2a: Great Tusk
|-damage|p2a: Great Tusk|0 fnt
|faint|p2a: Great Tusk
|-end|p2a: Great Tusk|Protosynthesis|[silent]
|
|upkeep
|inactive|lotoden bk has 120 seconds left.
|
|t:|1779708184
|switch|p2a: Weavile|Weavile, M, shiny|45/100
|-ability|p2a: Weavile|Pressure
|turn|14
|
|t:|1779708204
|switch|p1a: Cinderace|Cinderace, M|67/100
|move|p2a: Weavile|Low Kick|p1a: Cinderace
|-damage|p1a: Cinderace|25/100
|
|upkeep
|turn|15
|
|t:|1779708215
|switch|p2a: Pecharunt|Pecharunt|93/100
|move|p1a: Cinderace|Pyro Ball|p2a: Pecharunt
|-damage|p2a: Pecharunt|62/100
|
|upkeep
|turn|16
|
|t:|1779708226
|move|p1a: Cinderace|Pyro Ball|p2a: Pecharunt
|-damage|p2a: Pecharunt|32/100
|move|p2a: Pecharunt|Recover|p2a: Pecharunt
|-heal|p2a: Pecharunt|82/100
|
|upkeep
|turn|17
|
|t:|1779708232
|switch|p1a: Ting-Lucifer|Ting-Lu|100/100
|-ability|p1a: Ting-Lucifer|Vessel of Ruin
|move|p2a: Pecharunt|Recover|p2a: Pecharunt
|-heal|p2a: Pecharunt|100/100
|
|upkeep
|turn|18
|
|t:|1779708248
|switch|p2a: Ogerpon|Ogerpon, F|100/100
|move|p1a: Ting-Lucifer|Stealth Rock|p2a: Ogerpon
|-sidestart|p2: lotoden bk|move: Stealth Rock
|
|upkeep
|turn|19
|
|t:|1779708256
|-terastallize|p1a: Ting-Lucifer|Steel
|move|p2a: Ogerpon|U-turn|p1a: Ting-Lucifer
|-resisted|p1a: Ting-Lucifer
|-damage|p1a: Ting-Lucifer|91/100
|
|t:|1779708264
|switch|p2a: Pecharunt|Pecharunt|100/100|[from] U-turn
|-damage|p2a: Pecharunt|88/100|[from] Stealth Rock
|move|p1a: Ting-Lucifer|Heavy Slam|p2a: Pecharunt
|-damage|p2a: Pecharunt|62/100
|-damage|p1a: Ting-Lucifer|74/100|[from] item: Rocky Helmet|[of] p2a: Pecharunt
|
|upkeep
|turn|20
|
|t:|1779708273
|move|p2a: Pecharunt|Recover|p2a: Pecharunt
|-heal|p2a: Pecharunt|100/100
|move|p1a: Ting-Lucifer|Earthquake|p2a: Pecharunt
|-supereffective|p2a: Pecharunt
|-damage|p2a: Pecharunt|56/100
|
|upkeep
|turn|21
|
|t:|1779708282
|move|p2a: Pecharunt|Parting Shot|p1a: Ting-Lucifer
|-unboost|p1a: Ting-Lucifer|atk|1
|-unboost|p1a: Ting-Lucifer|spa|1
|
|t:|1779708289
|switch|p2a: Ogerpon|Ogerpon, F|100/100|[from] Parting Shot
|-damage|p2a: Ogerpon|88/100|[from] Stealth Rock
|move|p1a: Ting-Lucifer|Stone Edge|p2a: Ogerpon
|-crit|p2a: Ogerpon
|-damage|p2a: Ogerpon|17/100
|
|upkeep
|turn|22
|j| testingrainteam1
|
|t:|1779708308
|move|p2a: Ogerpon|Low Kick|p1a: Ting-Lucifer
|-supereffective|p1a: Ting-Lucifer
|-damage|p1a: Ting-Lucifer|6/100
|-enditem|p1a: Ting-Lucifer|Weakness Policy
|-boost|p1a: Ting-Lucifer|atk|2|[from] item: Weakness Policy
|-boost|p1a: Ting-Lucifer|spa|2|[from] item: Weakness Policy
|move|p1a: Ting-Lucifer|Heavy Slam|p2a: Ogerpon
|-damage|p2a: Ogerpon|0 fnt
|faint|p2a: Ogerpon
|
|upkeep
|l| testingrainteam1
|inactive|lotoden bk has 120 seconds left.
|
|t:|1779708334
|switch|p2a: Heatran|Heatran, M, shiny|100/100
|-damage|p2a: Heatran|88/100|[from] Stealth Rock
|-item|p2a: Heatran|Air Balloon
|turn|23
|inactive|lotoden bk has 120 seconds left.
|
|t:|1779708341
|move|p2a: Heatran|Earth Power|p1a: Ting-Lucifer
|-supereffective|p1a: Ting-Lucifer
|-damage|p1a: Ting-Lucifer|0 fnt
|faint|p1a: Ting-Lucifer
|
|upkeep
|
|t:|1779708350
|switch|p1a: Cinderace|Cinderace, M|25/100
|turn|24
|
|t:|1779708370
|switch|p2a: Pecharunt|Pecharunt|56/100
|-damage|p2a: Pecharunt|44/100|[from] Stealth Rock
|move|p1a: Cinderace|Pyro Ball|p2a: Pecharunt
|-damage|p2a: Pecharunt|14/100
|
|upkeep
|turn|25
|
|t:|1779708390
|switch|p2a: Heatran|Heatran, M, shiny|88/100
|-damage|p2a: Heatran|76/100|[from] Stealth Rock
|-item|p2a: Heatran|Air Balloon
|move|p1a: Cinderace|Pyro Ball|p2a: Heatran
|-start|p2a: Heatran|ability: Flash Fire
|
|upkeep
|turn|26
|
|t:|1779708398
|move|p1a: Cinderace|U-turn|p2a: Heatran
|-start|p1a: Cinderace|typechange|Bug|[from] ability: Libero
|-resisted|p2a: Heatran
|-damage|p2a: Heatran|68/100
|-enditem|p2a: Heatran|Air Balloon
|
|t:|1779708400
|switch|p1a: Mandibuzz|Mandibuzz, F, shiny|79/100|[from] U-turn
|move|p2a: Heatran|Stealth Rock|p1a: Mandibuzz
|-sidestart|p1: Kogasscarf|move: Stealth Rock
|
|upkeep
|turn|27
|
|t:|1779708412
|move|p2a: Heatran|Taunt|p1a: Mandibuzz
|-start|p1a: Mandibuzz|move: Taunt
|move|p1a: Mandibuzz|Foul Play|p2a: Heatran
|-damage|p2a: Heatran|45/100
|
|upkeep
|turn|28
|
|t:|1779708418
|move|p2a: Heatran|Magma Storm|p1a: Mandibuzz|[miss]
|-miss|p2a: Heatran|p1a: Mandibuzz
|move|p1a: Mandibuzz|Foul Play|p2a: Heatran
|-damage|p2a: Heatran|21/100
|
|upkeep
|turn|29
|
|t:|1779708422
|move|p2a: Heatran|Magma Storm|p1a: Mandibuzz|[miss]
|-miss|p2a: Heatran|p1a: Mandibuzz
|move|p1a: Mandibuzz|Foul Play|p2a: Heatran
|-damage|p2a: Heatran|0 fnt
|faint|p2a: Heatran
|
|-end|p1a: Mandibuzz|move: Taunt
|upkeep
|
|t:|1779708430
|switch|p2a: Weavile|Weavile, M, shiny|45/100
|-damage|p2a: Weavile|20/100|[from] Stealth Rock
|-ability|p2a: Weavile|Pressure
|turn|30
|
|t:|1779708439
|-terastallize|p2a: Weavile|Ice
|move|p2a: Weavile|Triple Axel|p1a: Mandibuzz
|-supereffective|p1a: Mandibuzz
|-damage|p1a: Mandibuzz|58/100
|-supereffective|p1a: Mandibuzz
|-damage|p1a: Mandibuzz|13/100
|-supereffective|p1a: Mandibuzz
|-damage|p1a: Mandibuzz|0 fnt
|faint|p1a: Mandibuzz
|-hitcount|p1: Mandibuzz|3
|
|upkeep
|
|t:|1779708451
|switch|p1a: Kyurem|Kyurem|100/100
|-damage|p1a: Kyurem|76/100|[from] Stealth Rock
|-ability|p1a: Kyurem|Pressure
|turn|31
|
|t:|1779708457
|move|p1a: Kyurem|Freeze-Dry|p2a: Weavile
|-resisted|p2a: Weavile
|-damage|p2a: Weavile|0 fnt
|faint|p2a: Weavile
|
|upkeep
|
|t:|1779708462
|switch|p2a: Primarina|Primarina, M, shiny|84/100
|-damage|p2a: Primarina|72/100|[from] Stealth Rock
|turn|32
|
|t:|1779708465
|move|p1a: Kyurem|Freeze-Dry|p2a: Primarina
|-supereffective|p2a: Primarina
|-damage|p2a: Primarina|29/100
|move|p2a: Primarina|Moonblast|p1a: Kyurem
|-supereffective|p1a: Kyurem
|-damage|p1a: Kyurem|0 fnt
|faint|p1a: Kyurem
|
|upkeep
|
|t:|1779708468
|switch|p1a: Cinderace|Cinderace, M|25/100
|-damage|p1a: Cinderace|0 fnt|[from] Stealth Rock
|faint|p1a: Cinderace
|
|win|lotoden bk
|raw|Kogasscarf's rating: 1357 &rarr; <strong>1340</strong><br />(-17 for losing)
|raw|lotoden bk's rating: 1410 &rarr; <strong>1427</strong><br />(+17 for winning)
|l|☆Kogasscarf
|player|p1|
|l|☆lotoden bk
|player|p2|
