|j|☆gatorskk
|j|☆tuanquewang
|t:|1779639849
|gametype|singles
|player|p1|gatorskk|101|1615
|player|p2|tuanquewang|backersf|1647
|gen|9
|tier|[Gen 9] OU
|rated|
|rule|HP Percentage Mod: HP is shown in percentages
|rule|Endless Battle Clause: Forcing endless battles is banned
|rule|Species Clause: Limit one of each Pokémon
|rule|OHKO Clause: OHKO moves are banned
|rule|Evasion Items Clause: Evasion items are banned
|rule|Evasion Moves Clause: Evasion moves are banned
|rule|Evasion Abilities Clause: Evasion abilities are banned
|rule|Sleep Moves Clause: Sleep-inducing moves are banned
|clearpoke
|poke|p1|Slowking-Galar, F|
|poke|p1|Great Tusk|
|poke|p1|Kyurem|
|poke|p1|Kingambit, F|
|poke|p1|Cinderace, F|
|poke|p1|Zapdos|
|poke|p2|Slowking-Galar, M|
|poke|p2|Hydrapple, F|
|poke|p2|Cinderace, M|
|poke|p2|Iron Crown|
|poke|p2|Alomomola, F|
|poke|p2|Beartic, M|
|teampreview
|inactive|Battle timer is ON: inactive players will automatically lose when time's up. (requested by gatorskk)
|inactive|tuanquewang also wants the timer to be on.
|inactive|gatorskk has 120 seconds left.
|
|t:|1779639897
|teamsize|p1|6
|teamsize|p2|6
|start
|switch|p1a: Cinderace|Cinderace, F|100/100
|switch|p2a: Beartic|Beartic, M|100/100
|turn|1
|
|t:|1779639914
|switch|p2a: Alomomola|Alomomola, F|100/100
|move|p1a: Cinderace|Will-O-Wisp|p2a: Alomomola
|-status|p2a: Alomomola|brn
|
|-damage|p2a: Alomomola|94/100 brn|[from] brn
|upkeep
|turn|2
|
|t:|1779639922
|move|p1a: Cinderace|U-turn|p2a: Alomomola
|-crit|p2a: Alomomola
|-damage|p2a: Alomomola|80/100 brn
|
|t:|1779639942
|switch|p1a: Slowking|Slowking-Galar, F|100/100|[from] U-turn
|move|p2a: Alomomola|Flip Turn|p1a: Slowking
|-damage|p1a: Slowking|92/100
|
|t:|1779639951
|switch|p2a: Beartic|Beartic, M|100/100|[from] Flip Turn
|
|upkeep
|turn|3
|
|t:|1779639958
|switch|p1a: Kingambit|Kingambit, F|100/100
|move|p2a: Beartic|Earthquake|p1a: Kingambit
|-supereffective|p1a: Kingambit
|-damage|p1a: Kingambit|14/100
|
|-heal|p1a: Kingambit|20/100|[from] item: Leftovers
|upkeep
|turn|4
|inactive|gatorskk has 120 seconds left.
|
|t:|1779639988
|-end|p1a: Kingambit|fallenundefined|[silent]
|switch|p1a: Zapdos|Zapdos|100/100
|move|p2a: Beartic|Earthquake|p1a: Zapdos
|-immune|p1a: Zapdos
|
|upkeep
|turn|5
|
|t:|1779639997
|switch|p2a: Slowking|Slowking-Galar, M|100/100
|move|p1a: Zapdos|Volt Switch|p2a: Slowking
|-damage|p2a: Slowking|83/100
|inactive|gatorskk has 120 seconds left.
|
|t:|1779640007
|switch|p1a: Slowking|Slowking-Galar, F|100/100|[from] Volt Switch
|
|-heal|p2a: Slowking|89/100|[from] item: Black Sludge
|upkeep
|turn|6
|
|t:|1779640014
|move|p1a: Slowking|Future Sight|p2a: Slowking
|-start|p1a: Slowking|move: Future Sight
|-prepare|p2a: Slowking|Chilly Reception|[premajor]
|move|p2a: Slowking|Chilly Reception|p2a: Slowking
|-weather|Snowscape
|
|t:|1779640029
|switch|p2a: Beartic|Beartic, M|100/100|[from] Chilly Reception
|
|-weather|Snowscape|[upkeep]
|upkeep
|turn|7
|
|t:|1779640037
|-terastallize|p1a: Slowking|Water
|move|p2a: Beartic|Icicle Crash|p1a: Slowking
|-resisted|p1a: Slowking
|-damage|p1a: Slowking|65/100
|move|p1a: Slowking|Sludge Bomb|p2a: Beartic
|-damage|p2a: Beartic|61/100
|-status|p2a: Beartic|psn
|
|-weather|Snowscape|[upkeep]
|-damage|p2a: Beartic|48/100 psn|[from] psn
|upkeep
|turn|8
|
|t:|1779640054
|switch|p2a: Iron Crown|Iron Crown|100/100
|-prepare|p1a: Slowking|Chilly Reception|[premajor]
|move|p1a: Slowking|Chilly Reception|p1a: Slowking
|
|t:|1779640072
|switch|p1a: Cinderace|Cinderace, F|100/100|[from] Chilly Reception
|
|-weather|Snowscape|[upkeep]
|-end|p2a: Iron Crown|move: Future Sight
|-resisted|p2a: Iron Crown
|-damage|p2a: Iron Crown|90/100
|upkeep
|turn|9
|
|t:|1779640077
|move|p2a: Iron Crown|Volt Switch|p1a: Cinderace
|-damage|p1a: Cinderace|70/100
|
|t:|1779640079
|-end|p2a: Iron Crown|Quark Drive|[silent]
|switch|p2a: Slowking|Slowking-Galar, M|100/100|[from] Volt Switch
|move|p1a: Cinderace|U-turn|p2a: Slowking
|-damage|p2a: Slowking|80/100
|
|t:|1779640092
|switch|p1a: Slowking|Slowking-Galar, F, tera:Water|98/100|[from] U-turn
|
|-weather|Snowscape|[upkeep]
|-heal|p2a: Slowking|87/100|[from] item: Black Sludge
|upkeep
|turn|10
|
|t:|1779640099
|move|p1a: Slowking|Future Sight|p2a: Slowking
|-start|p1a: Slowking|move: Future Sight
|move|p2a: Slowking|Trick|p1a: Slowking
|-activate|p2a: Slowking|move: Trick|[of] p1a: Slowking
|-item|p1a: Slowking|Black Sludge|[from] move: Trick
|-item|p2a: Slowking|Colbur Berry|[from] move: Trick
|
|-weather|none
|-damage|p1a: Slowking|86/100|[from] item: Black Sludge
|upkeep
|turn|11
|
|t:|1779640108
|move|p2a: Slowking|Toxic|p1a: Slowking
|-status|p1a: Slowking|tox
|-prepare|p1a: Slowking|Chilly Reception|[premajor]
|move|p1a: Slowking|Chilly Reception|p1a: Slowking
|-weather|Snowscape
|
|t:|1779640117
|switch|p1a: Great Tusk|Great Tusk|100/100|[from] Chilly Reception
|
|-weather|Snowscape|[upkeep]
|upkeep
|turn|12
|
|t:|1779640135
|move|p1a: Great Tusk|Headlong Rush|p2a: Slowking
|-supereffective|p2a: Slowking
|-damage|p2a: Slowking|0 fnt
|-unboost|p1a: Great Tusk|def|1
|-unboost|p1a: Great Tusk|spd|1
|faint|p2a: Slowking
|
|-weather|Snowscape|[upkeep]
|-hint|Future Sight did not hit because the target is fainted.
|upkeep
|
|t:|1779640144
|switch|p2a: Hydrapple|Hydrapple, F, shiny|100/100
|turn|13
|
|t:|1779640156
|-end|p1a: Great Tusk|Protosynthesis|[silent]
|switch|p1a: Kingambit|Kingambit, F|20/100
|move|p2a: Hydrapple|Leaf Storm|p1a: Kingambit
|-resisted|p1a: Kingambit
|-damage|p1a: Kingambit|0 fnt
|-unboost|p2a: Hydrapple|spa|2
|faint|p1a: Kingambit
|-end|p1a: Kingambit|fallenundefined|[silent]
|
|-weather|Snowscape|[upkeep]
|upkeep
|
|t:|1779640161
|switch|p1a: Kyurem|Kyurem|100/100
|-ability|p1a: Kyurem|Pressure
|turn|14
|
|t:|1779640171
|switch|p2a: Beartic|Beartic, M|48/100 psn
|move|p1a: Kyurem|Earth Power|p2a: Beartic
|-damage|p2a: Beartic|0 fnt
|faint|p2a: Beartic
|
|-weather|Snowscape|[upkeep]
|upkeep
|
|t:|1779640174
|switch|p2a: Iron Crown|Iron Crown|90/100
|turn|15
|
|t:|1779640184
|switch|p1a: Slowking|Slowking-Galar, F, tera:Water|100/100 tox
|move|p2a: Iron Crown|Volt Switch|p1a: Slowking
|-supereffective|p1a: Slowking
|-damage|p1a: Slowking|70/100 tox
|
|t:|1779640191
|-end|p2a: Iron Crown|Quark Drive|[silent]
|switch|p2a: Hydrapple|Hydrapple, F, shiny|100/100|[from] Volt Switch
|
|-weather|none
|-damage|p1a: Slowking|57/100 tox|[from] item: Black Sludge
|-damage|p1a: Slowking|51/100 tox|[from] psn
|upkeep
|turn|16
|
|t:|1779640197
|switch|p1a: Zapdos|Zapdos|100/100
|move|p2a: Hydrapple|Draco Meteor|p1a: Zapdos
|-damage|p1a: Zapdos|0 fnt
|-unboost|p2a: Hydrapple|spa|2
|faint|p1a: Zapdos
|
|upkeep
|
|t:|1779640214
|switch|p1a: Kyurem|Kyurem|100/100
|-ability|p1a: Kyurem|Pressure
|turn|17
|
|t:|1779640227
|-terastallize|p2a: Hydrapple|Water
|move|p1a: Kyurem|Earth Power|p2a: Hydrapple
|-crit|p2a: Hydrapple
|-damage|p2a: Hydrapple|30/100
|move|p2a: Hydrapple|Draco Meteor|p1a: Kyurem
|-supereffective|p1a: Kyurem
|-damage|p1a: Kyurem|1/100
|-unboost|p2a: Hydrapple|spa|2
|
|upkeep
|turn|18
|
|t:|1779640247
|switch|p2a: Alomomola|Alomomola, F|100/100 brn
|move|p1a: Kyurem|Earth Power|p2a: Alomomola
|-damage|p2a: Alomomola|45/100 brn
|-unboost|p2a: Alomomola|spd|1
|
|-heal|p2a: Alomomola|51/100 brn|[from] item: Leftovers
|-damage|p2a: Alomomola|45/100 brn|[from] brn
|upkeep
|turn|19
|
|t:|1779640256
|move|p2a: Alomomola|Protect|p2a: Alomomola
|-singleturn|p2a: Alomomola|Protect
|move|p1a: Kyurem|Earth Power|p2a: Alomomola
|-activate|p2a: Alomomola|move: Protect
|
|-heal|p2a: Alomomola|51/100 brn|[from] item: Leftovers
|-damage|p2a: Alomomola|45/100 brn|[from] brn
|upkeep
|turn|20
|
|t:|1779640260
|move|p1a: Kyurem|Earth Power|p2a: Alomomola
|-damage|p2a: Alomomola|0 fnt
|faint|p2a: Alomomola
|
|upkeep
|
|t:|1779640262
|switch|p2a: Iron Crown|Iron Crown|90/100
|turn|21
|
|t:|1779640276
|switch|p1a: Great Tusk|Great Tusk|100/100
|move|p2a: Iron Crown|Psyshock|p1a: Great Tusk
|-supereffective|p1a: Great Tusk
|-damage|p1a: Great Tusk|33/100
|
|-heal|p1a: Great Tusk|39/100|[from] item: Leftovers
|upkeep
|turn|22
|
|t:|1779640285
|-end|p1a: Great Tusk|Protosynthesis|[silent]
|switch|p1a: Slowking|Slowking-Galar, F, tera:Water|84/100 tox
|move|p2a: Iron Crown|Psyshock|p1a: Slowking
|-damage|p1a: Slowking|45/100 tox
|
|-damage|p1a: Slowking|33/100 tox|[from] item: Black Sludge
|-damage|p1a: Slowking|27/100 tox|[from] psn
|upkeep
|turn|23
|-message|gatorskk forfeited.
|
|win|tuanquewang
|raw|gatorskk's rating: 1615 &rarr; <strong>1597</strong><br />(-18 for losing)
|raw|tuanquewang's rating: 1647 &rarr; <strong>1665</strong><br />(+18 for winning)
|l|☆gatorskk
|player|p1|
|l|☆tuanquewang
|player|p2|
