|j|☆wxdwxdwxd
|j|☆ikthoizzykil
|t:|1779667109
|gametype|singles
|player|p1|wxdwxdwxd|101|1422
|player|p2|ikthoizzykil|pokemaniac-gen3rs|1418
|gen|9
|tier|[Gen 9] OU
|rated|
|rule|HP Percentage Mod: HP is shown in percentages
|rule|Endless Battle Clause: Forcing endless battles is banned
|rule|Species Clause: Limit one of each Pokémon
|rule|OHKO Clause: OHKO moves are banned
|rule|Evasion Items Clause: Evasion items are banned
|rule|Evasion Moves Clause: Evasion moves are banned
|rule|Evasion Abilities Clause: Evasion abilities are banned
|rule|Sleep Moves Clause: Sleep-inducing moves are banned
|clearpoke
|poke|p1|Dragonite, F|
|poke|p1|Ogerpon-Cornerstone, F|
|poke|p1|Hatterene, F|
|poke|p1|Iron Treads|
|poke|p1|Kingambit, F|
|poke|p1|Zapdos|
|poke|p2|Slaking, F|
|poke|p2|Rillaboom, F|
|poke|p2|Alomomola, F|
|poke|p2|Ting-Lu|
|poke|p2|Corviknight, F|
|poke|p2|Skeledirge, M|
|teampreview
|inactive|Battle timer is ON: inactive players will automatically lose when time's up. (requested by ikthoizzykil)
|
|t:|1779667126
|teamsize|p1|6
|teamsize|p2|6
|start
|switch|p1a: Ogerpon|Ogerpon-Cornerstone, F|100/100
|switch|p2a: Skeledirge|Skeledirge, M|100/100
|turn|1
|
|t:|1779667136
|switch|p2a: Corviknight|Corviknight, F|100/100
|-ability|p2a: Corviknight|Pressure
|move|p1a: Ogerpon|Ivy Cudgel|p2a: Corviknight|[anim] Ivy Cudgel Rock
|-crit|p2a: Corviknight
|-damage|p2a: Corviknight|31/100
|
|upkeep
|turn|2
|
|t:|1779667146
|switch|p2a: Rillaboom|Rillaboom, F|100/100
|-fieldstart|move: Grassy Terrain|[from] ability: Grassy Surge|[of] p2a: Rillaboom
|move|p1a: Ogerpon|Ivy Cudgel|p2a: Rillaboom|[anim] Ivy Cudgel Rock
|-damage|p2a: Rillaboom|41/100
|
|-heal|p2a: Rillaboom|48/100|[from] Grassy Terrain
|upkeep
|turn|3
|
|t:|1779667155
|switch|p1a: Hatterene|Hatterene, F|100/100
|move|p2a: Rillaboom|Grassy Glide|p1a: Hatterene
|-damage|p1a: Hatterene|48/100
|-damage|p2a: Rillaboom|31/100|[from] item: Rocky Helmet|[of] p1a: Hatterene
|
|-heal|p2a: Rillaboom|37/100|[from] Grassy Terrain
|-heal|p1a: Hatterene|54/100|[from] Grassy Terrain
|upkeep
|turn|4
|
|t:|1779667164
|switch|p2a: Skeledirge|Skeledirge, M|100/100
|switch|p1a: Zapdos|Zapdos|100/100
|
|upkeep
|turn|5
|
|t:|1779667169
|move|p1a: Zapdos|Volt Switch|p2a: Skeledirge
|-damage|p2a: Skeledirge|74/100
|
|t:|1779667176
|switch|p1a: Hatterene|Hatterene, F|54/100|[from] Volt Switch
|move|p2a: Skeledirge|Torch Song|p1a: Hatterene
|-damage|p1a: Hatterene|19/100
|-boost|p2a: Skeledirge|spa|1
|
|-heal|p2a: Skeledirge|80/100|[from] Grassy Terrain
|-heal|p1a: Hatterene|25/100|[from] Grassy Terrain
|upkeep
|turn|6
|
|t:|1779667184
|switch|p1a: Dragonite|Dragonite, F|100/100
|move|p2a: Skeledirge|Torch Song|p1a: Dragonite
|-resisted|p1a: Dragonite
|-damage|p1a: Dragonite|89/100
|-boost|p2a: Skeledirge|spa|1
|
|-heal|p1a: Dragonite|96/100|[from] item: Leftovers
|-heal|p2a: Skeledirge|86/100|[from] Grassy Terrain
|-fieldend|move: Grassy Terrain
|upkeep
|turn|7
|
|t:|1779667193
|move|p1a: Dragonite|Substitute|p1a: Dragonite
|-start|p1a: Dragonite|Substitute
|-damage|p1a: Dragonite|71/100
|move|p2a: Skeledirge|Will-O-Wisp|p1a: Dragonite|[miss]
|-miss|p2a: Skeledirge|p1a: Dragonite
|
|-heal|p1a: Dragonite|77/100|[from] item: Leftovers
|upkeep
|turn|8
|
|t:|1779667200
|move|p1a: Dragonite|Earthquake|p2a: Skeledirge
|-supereffective|p2a: Skeledirge
|-damage|p2a: Skeledirge|27/100
|move|p2a: Skeledirge|Torch Song|p1a: Dragonite
|-resisted|p1a: Dragonite
|-damage|p1a: Dragonite|48/100
|-boost|p2a: Skeledirge|spa|1
|
|-heal|p1a: Dragonite|54/100|[from] item: Leftovers
|upkeep
|turn|9
|
|t:|1779667211
|switch|p2a: Alomomola|Alomomola, F|100/100
|move|p1a: Dragonite|Earthquake|p2a: Alomomola
|-damage|p2a: Alomomola|82/100
|
|-heal|p1a: Dragonite|60/100|[from] item: Leftovers
|upkeep
|turn|10
|
|t:|1779667219
|move|p1a: Dragonite|Dragon Dance|p1a: Dragonite
|-boost|p1a: Dragonite|atk|1
|-boost|p1a: Dragonite|spe|1
|move|p2a: Alomomola|Wish|p2a: Alomomola
|
|-heal|p1a: Dragonite|66/100|[from] item: Leftovers
|upkeep
|turn|11
|
|t:|1779667225
|move|p1a: Dragonite|Dragon Dance|p1a: Dragonite
|-boost|p1a: Dragonite|atk|1
|-boost|p1a: Dragonite|spe|1
|move|p2a: Alomomola|Flip Turn|p1a: Dragonite
|-resisted|p1a: Dragonite
|-activate|p1a: Dragonite|move: Substitute|[damage]
|
|t:|1779667231
|switch|p2a: Corviknight|Corviknight, F|31/100|[from] Flip Turn
|-ability|p2a: Corviknight|Pressure
|
|-heal|p2a: Corviknight|98/100|[from] move: Wish|[wisher] Alomomola
|-heal|p1a: Dragonite|72/100|[from] item: Leftovers
|upkeep
|turn|12
|
|t:|1779667238
|move|p1a: Dragonite|Dragon Dance|p1a: Dragonite
|-boost|p1a: Dragonite|atk|1
|-boost|p1a: Dragonite|spe|1
|move|p2a: Corviknight|Bulk Up|p2a: Corviknight
|-boost|p2a: Corviknight|atk|1
|-boost|p2a: Corviknight|def|1
|
|-heal|p1a: Dragonite|79/100|[from] item: Leftovers
|upkeep
|turn|13
|
|t:|1779667246
|switch|p1a: Zapdos|Zapdos|100/100
|move|p2a: Corviknight|Bulk Up|p2a: Corviknight
|-boost|p2a: Corviknight|atk|1
|-boost|p2a: Corviknight|def|1
|
|upkeep
|turn|14
|
|t:|1779667258
|-terastallize|p2a: Corviknight|Dragon
|move|p1a: Zapdos|Volt Switch|p2a: Corviknight
|-resisted|p2a: Corviknight
|-damage|p2a: Corviknight|85/100
|
|t:|1779667269
|switch|p1a: Iron Treads|Iron Treads|100/100|[from] Volt Switch
|-item|p1a: Iron Treads|Air Balloon
|move|p2a: Corviknight|Bulk Up|p2a: Corviknight
|-boost|p2a: Corviknight|atk|1
|-boost|p2a: Corviknight|def|1
|
|upkeep
|turn|15
|
|t:|1779667279
|move|p1a: Iron Treads|Stealth Rock|p2a: Corviknight
|-sidestart|p2: ikthoizzykil|move: Stealth Rock
|move|p2a: Corviknight|Brave Bird|p1a: Iron Treads
|-resisted|p1a: Iron Treads
|-damage|p1a: Iron Treads|57/100
|-enditem|p1a: Iron Treads|Air Balloon
|-damage|p2a: Corviknight|74/100|[from] Recoil
|
|upkeep
|turn|16
|
|t:|1779667286
|move|p1a: Iron Treads|Knock Off|p2a: Corviknight
|-damage|p2a: Corviknight|64/100
|-damage|p1a: Iron Treads|40/100|[from] item: Rocky Helmet|[of] p2a: Corviknight
|-enditem|p2a: Corviknight|Rocky Helmet|[from] move: Knock Off|[of] p1a: Iron Treads
|move|p2a: Corviknight|Defog|p1a: Iron Treads
|-unboost|p1a: Iron Treads|evasion|1
|-sideend|p2: ikthoizzykil|Stealth Rock|[from] move: Defog|[of] p2a: Corviknight
|
|upkeep
|turn|17
|
|t:|1779667295
|move|p1a: Iron Treads|Stealth Rock|p2a: Corviknight
|-sidestart|p2: ikthoizzykil|move: Stealth Rock
|move|p2a: Corviknight|Brave Bird|p1a: Iron Treads
|-resisted|p1a: Iron Treads
|-damage|p1a: Iron Treads|0 fnt
|faint|p1a: Iron Treads
|-end|p1a: Iron Treads|Quark Drive|[silent]
|-damage|p2a: Corviknight|54/100|[from] Recoil
|
|upkeep
|
|t:|1779667299
|switch|p1a: Hatterene|Hatterene, F|25/100
|turn|18
|
|t:|1779667303
|move|p2a: Corviknight|Defog|p1a: Hatterene
|move|p1a: Hatterene|Defog|p2a: Corviknight|[from] ability: Magic Bounce
|-unboost|p2a: Corviknight|evasion|1
|-sideend|p2: ikthoizzykil|Stealth Rock|[from] move: Defog|[of] p1a: Hatterene
|move|p1a: Hatterene|Draining Kiss|p2a: Corviknight
|-supereffective|p2a: Corviknight
|-damage|p2a: Corviknight|17/100
|-heal|p1a: Hatterene|60/100|[from] drain|[of] p2a: Corviknight
|
|upkeep
|turn|19
|
|t:|1779667311
|move|p2a: Corviknight|U-turn|p1a: Hatterene
|-damage|p1a: Hatterene|32/100
|-damage|p2a: Corviknight|0 fnt|[from] item: Rocky Helmet|[of] p1a: Hatterene
|faint|p2a: Corviknight
|move|p1a: Hatterene|Nuzzle|p2: Corviknight|[notarget]
|-fail|p1a: Hatterene
|
|upkeep
|
|t:|1779667318
|switch|p2a: Skeledirge|Skeledirge, M|27/100
|turn|20
|
|t:|1779667324
|move|p2a: Skeledirge|Slack Off|p2a: Skeledirge
|-heal|p2a: Skeledirge|77/100
|move|p1a: Hatterene|Nuzzle|p2a: Skeledirge
|-damage|p2a: Skeledirge|74/100
|
|upkeep
|turn|21
|
|t:|1779667329
|move|p2a: Skeledirge|Torch Song|p1a: Hatterene
|-damage|p1a: Hatterene|0 fnt
|-boost|p2a: Skeledirge|spa|1
|faint|p1a: Hatterene
|
|upkeep
|
|t:|1779667335
|switch|p1a: Dragonite|Dragonite, F|79/100
|turn|22
|
|t:|1779667343
|move|p1a: Dragonite|Substitute|p1a: Dragonite
|-start|p1a: Dragonite|Substitute
|-damage|p1a: Dragonite|54/100
|move|p2a: Skeledirge|Torch Song|p1a: Dragonite
|-resisted|p1a: Dragonite
|-damage|p1a: Dragonite|31/100
|-boost|p2a: Skeledirge|spa|1
|
|-heal|p1a: Dragonite|37/100|[from] item: Leftovers
|upkeep
|turn|23
|
|t:|1779667353
|switch|p2a: Rillaboom|Rillaboom, F|37/100
|-fieldstart|move: Grassy Terrain|[from] ability: Grassy Surge|[of] p2a: Rillaboom
|move|p1a: Dragonite|Earthquake|p2a: Rillaboom
|-resisted|p2a: Rillaboom
|-damage|p2a: Rillaboom|29/100
|
|-heal|p1a: Dragonite|44/100|[from] item: Leftovers
|-heal|p2a: Rillaboom|35/100|[from] Grassy Terrain
|upkeep
|turn|24
|
|t:|1779667365
|switch|p2a: Skeledirge|Skeledirge, M|74/100
|move|p1a: Dragonite|Extreme Speed|p2a: Skeledirge
|-immune|p2a: Skeledirge
|
|-heal|p1a: Dragonite|50/100|[from] item: Leftovers
|-heal|p2a: Skeledirge|81/100|[from] Grassy Terrain
|upkeep
|turn|25
|
|t:|1779667373
|switch|p1a: Ogerpon|Ogerpon-Cornerstone, F|100/100
|move|p2a: Skeledirge|Torch Song|p1a: Ogerpon
|-damage|p1a: Ogerpon|65/100
|-boost|p2a: Skeledirge|spa|1
|
|-heal|p1a: Ogerpon|71/100|[from] Grassy Terrain
|-heal|p2a: Skeledirge|87/100|[from] Grassy Terrain
|upkeep
|turn|26
|
|t:|1779667387
|-terastallize|p1a: Ogerpon|Rock
|detailschange|p1a: Ogerpon|Ogerpon-Cornerstone-Tera, F, tera:Rock
|-ability|p1a: Ogerpon|Embody Aspect (Cornerstone)|boost
|-boost|p1a: Ogerpon|def|1
|move|p1a: Ogerpon|Ivy Cudgel|p2a: Skeledirge|[anim] Ivy Cudgel Rock
|-supereffective|p2a: Skeledirge
|-damage|p2a: Skeledirge|0 fnt
|faint|p2a: Skeledirge
|
|-heal|p1a: Ogerpon|77/100|[from] Grassy Terrain
|upkeep
|
|t:|1779667397
|switch|p2a: Rillaboom|Rillaboom, F|35/100
|turn|27
|
|t:|1779667401
|switch|p1a: Zapdos|Zapdos|100/100
|switch|p2a: Ting-Lu|Ting-Lu|100/100
|-ability|p2a: Ting-Lu|Vessel of Ruin
|
|-fieldend|move: Grassy Terrain
|upkeep
|turn|28
|
|t:|1779667409
|switch|p1a: Ogerpon|Ogerpon-Cornerstone-Tera, F, tera:Rock|77/100
|-ability|p1a: Ogerpon|Embody Aspect (Cornerstone)|boost
|-boost|p1a: Ogerpon|def|1
|move|p2a: Ting-Lu|Spikes|p1a: Ogerpon
|-sidestart|p1: wxdwxdwxd|Spikes
|
|upkeep
|turn|29
|
|t:|1779667415
|move|p1a: Ogerpon|Power Whip|p2a: Ting-Lu
|-supereffective|p2a: Ting-Lu
|-damage|p2a: Ting-Lu|31/100
|move|p2a: Ting-Lu|Whirlwind|p1a: Ogerpon
|drag|p1a: Dragonite|Dragonite, F|50/100
|
|-heal|p1a: Dragonite|56/100|[from] item: Leftovers
|-heal|p2a: Ting-Lu|38/100|[from] item: Leftovers
|upkeep
|turn|30
|
|t:|1779667424
|switch|p2a: Alomomola|Alomomola, F|100/100
|move|p1a: Dragonite|Dragon Dance|p1a: Dragonite
|-boost|p1a: Dragonite|atk|1
|-boost|p1a: Dragonite|spe|1
|
|-heal|p1a: Dragonite|62/100|[from] item: Leftovers
|upkeep
|turn|31
|
|t:|1779667432
|switch|p1a: Ogerpon|Ogerpon-Cornerstone-Tera, F, tera:Rock|77/100
|-damage|p1a: Ogerpon|65/100|[from] Spikes
|-ability|p1a: Ogerpon|Embody Aspect (Cornerstone)|boost
|-boost|p1a: Ogerpon|def|1
|move|p2a: Alomomola|Flip Turn|p1a: Ogerpon
|-supereffective|p1a: Ogerpon
|-damage|p1a: Ogerpon|34/100
|
|t:|1779667439
|switch|p2a: Rillaboom|Rillaboom, F|35/100|[from] Flip Turn
|-fieldstart|move: Grassy Terrain|[from] ability: Grassy Surge|[of] p2a: Rillaboom
|
|-heal|p1a: Ogerpon|40/100|[from] Grassy Terrain
|-heal|p2a: Rillaboom|41/100|[from] Grassy Terrain
|upkeep
|turn|32
|
|t:|1779667446
|switch|p1a: Dragonite|Dragonite, F|62/100
|move|p2a: Rillaboom|Grassy Glide|p1a: Dragonite
|-resisted|p1a: Dragonite
|-damage|p1a: Dragonite|45/100
|
|-heal|p1a: Dragonite|51/100|[from] item: Leftovers
|-heal|p2a: Rillaboom|47/100|[from] Grassy Terrain
|upkeep
|turn|33
|
|t:|1779667454
|switch|p1a: Kingambit|Kingambit, F|100/100
|-damage|p1a: Kingambit|88/100|[from] Spikes
|-activate|p1a: Kingambit|ability: Supreme Overlord
|-start|p1a: Kingambit|fallen2|[silent]
|switch|p2a: Alomomola|Alomomola, F|100/100
|
|-heal|p1a: Kingambit|94/100|[from] Grassy Terrain
|-heal|p1a: Kingambit|100/100|[from] item: Leftovers
|upkeep
|turn|34
|
|t:|1779667466
|move|p1a: Kingambit|Swords Dance|p1a: Kingambit
|-boost|p1a: Kingambit|atk|2
|move|p2a: Alomomola|Flip Turn|p1a: Kingambit
|-damage|p1a: Kingambit|86/100
|
|t:|1779667471
|switch|p2a: Slaking|Slaking, F|100/100|[from] Flip Turn
|
|-heal|p1a: Kingambit|92/100|[from] Grassy Terrain
|-heal|p1a: Kingambit|98/100|[from] item: Leftovers
|upkeep
|turn|35
|
|t:|1779667477
|move|p2a: Slaking|Drain Punch|p1a: Kingambit
|-supereffective|p1a: Kingambit
|-damage|p1a: Kingambit|3/100
|move|p1a: Kingambit|Low Kick|p2a: Slaking
|-supereffective|p2a: Slaking
|-damage|p2a: Slaking|0 fnt
|faint|p2a: Slaking
|
|-heal|p1a: Kingambit|9/100|[from] Grassy Terrain
|-heal|p1a: Kingambit|15/100|[from] item: Leftovers
|-fieldend|move: Grassy Terrain
|upkeep
|
|t:|1779667486
|switch|p2a: Rillaboom|Rillaboom, F|47/100
|-fieldstart|move: Grassy Terrain|[from] ability: Grassy Surge|[of] p2a: Rillaboom
|turn|36
|
|t:|1779667492
|-end|p1a: Kingambit|fallen2|[silent]
|switch|p1a: Dragonite|Dragonite, F|51/100
|move|p2a: Rillaboom|U-turn|p1a: Dragonite
|-resisted|p1a: Dragonite
|-damage|p1a: Dragonite|29/100
|
|t:|1779667497
|switch|p2a: Alomomola|Alomomola, F|100/100|[from] U-turn
|
|-heal|p1a: Dragonite|35/100|[from] item: Leftovers
|upkeep
|turn|37
|
|t:|1779667505
|switch|p1a: Zapdos|Zapdos|100/100
|move|p2a: Alomomola|Wish|p2a: Alomomola
|
|upkeep
|turn|38
|
|t:|1779667510
|switch|p2a: Ting-Lu|Ting-Lu|38/100
|-ability|p2a: Ting-Lu|Vessel of Ruin
|move|p1a: Zapdos|Hurricane|p2a: Ting-Lu
|-damage|p2a: Ting-Lu|12/100
|-start|p2a: Ting-Lu|confusion
|
|-heal|p2a: Ting-Lu|64/100|[from] move: Wish|[wisher] Alomomola
|-heal|p2a: Ting-Lu|70/100|[from] Grassy Terrain
|-heal|p2a: Ting-Lu|76/100|[from] item: Leftovers
|upkeep
|turn|39
|
|t:|1779667521
|switch|p1a: Ogerpon|Ogerpon-Cornerstone-Tera, F, tera:Rock|40/100
|-damage|p1a: Ogerpon|28/100|[from] Spikes
|-ability|p1a: Ogerpon|Embody Aspect (Cornerstone)|boost
|-boost|p1a: Ogerpon|def|1
|-activate|p2a: Ting-Lu|confusion
|move|p2a: Ting-Lu|Stealth Rock|p1a: Ogerpon
|-sidestart|p1: wxdwxdwxd|move: Stealth Rock
|
|-heal|p1a: Ogerpon|34/100|[from] Grassy Terrain
|-heal|p2a: Ting-Lu|82/100|[from] Grassy Terrain
|-heal|p2a: Ting-Lu|89/100|[from] item: Leftovers
|upkeep
|turn|40
|
|t:|1779667533
|switch|p2a: Alomomola|Alomomola, F|100/100
|move|p1a: Ogerpon|Ivy Cudgel|p2a: Alomomola|[anim] Ivy Cudgel Rock
|-damage|p2a: Alomomola|61/100
|
|-heal|p1a: Ogerpon|40/100|[from] Grassy Terrain
|-heal|p2a: Alomomola|67/100|[from] Grassy Terrain
|-fieldend|move: Grassy Terrain
|upkeep
|turn|41
|
|t:|1779667541
|move|p1a: Ogerpon|Power Whip|p2a: Alomomola
|-supereffective|p2a: Alomomola
|-damage|p2a: Alomomola|0 fnt
|faint|p2a: Alomomola
|
|upkeep
|
|t:|1779667545
|switch|p2a: Rillaboom|Rillaboom, F|47/100
|-fieldstart|move: Grassy Terrain|[from] ability: Grassy Surge|[of] p2a: Rillaboom
|turn|42
|
|t:|1779667551
|switch|p1a: Kingambit|Kingambit, F|15/100
|-damage|p1a: Kingambit|3/100|[from] Spikes
|-damage|p1a: Kingambit|0 fnt|[from] Stealth Rock
|faint|p1a: Kingambit
|-end|p1a: Kingambit|fallenundefined|[silent]
|switch|p2a: Ting-Lu|Ting-Lu|89/100
|-ability|p2a: Ting-Lu|Vessel of Ruin
|
|-heal|p2a: Ting-Lu|95/100|[from] Grassy Terrain
|-heal|p2a: Ting-Lu|100/100|[from] item: Leftovers
|upkeep
|
|t:|1779667557
|switch|p1a: Ogerpon|Ogerpon-Cornerstone-Tera, F, tera:Rock|40/100
|-damage|p1a: Ogerpon|28/100|[from] Spikes
|-damage|p1a: Ogerpon|15/100|[from] Stealth Rock
|-ability|p1a: Ogerpon|Embody Aspect (Cornerstone)|boost
|-boost|p1a: Ogerpon|def|1
|turn|43
|
|t:|1779667568
|switch|p2a: Rillaboom|Rillaboom, F|47/100
|move|p1a: Ogerpon|Power Whip|p2a: Rillaboom
|-resisted|p2a: Rillaboom
|-damage|p2a: Rillaboom|4/100
|
|-heal|p1a: Ogerpon|21/100|[from] Grassy Terrain
|-heal|p2a: Rillaboom|10/100|[from] Grassy Terrain
|upkeep
|turn|44
|
|t:|1779667576
|move|p1a: Ogerpon|Ivy Cudgel|p2a: Rillaboom|[anim] Ivy Cudgel Rock
|-damage|p2a: Rillaboom|0 fnt
|faint|p2a: Rillaboom
|
|-heal|p1a: Ogerpon|27/100|[from] Grassy Terrain
|upkeep
|-message|ikthoizzykil forfeited.
|
|win|wxdwxdwxd
|raw|wxdwxdwxd's rating: 1422 &rarr; <strong>1442</strong><br />(+20 for winning)
|raw|ikthoizzykil's rating: 1418 &rarr; <strong>1398</strong><br />(-20 for losing)
|l|☆ikthoizzykil
|player|p2|
|l|☆wxdwxdwxd
|player|p1|
