|j|☆illumminate
|j|☆PokeAbl05241728znw
|t:|1779659005
|gametype|singles
|player|p1|illumminate|2|1256
|player|p2|PokeAbl05241728znw|1|1202
|gen|9
|tier|[Gen 9] OU
|rated|
|rule|HP Percentage Mod: HP is shown in percentages
|rule|Endless Battle Clause: Forcing endless battles is banned
|rule|Species Clause: Limit one of each Pokémon
|rule|OHKO Clause: OHKO moves are banned
|rule|Evasion Items Clause: Evasion items are banned
|rule|Evasion Moves Clause: Evasion moves are banned
|rule|Evasion Abilities Clause: Evasion abilities are banned
|rule|Sleep Moves Clause: Sleep-inducing moves are banned
|clearpoke
|poke|p1|Ceruledge, M|
|poke|p1|Garganacl, M|
|poke|p1|Dragonite, M|
|poke|p1|Kingambit, F|
|poke|p1|Primarina, M|
|poke|p1|Corviknight, F|
|poke|p2|Glimmora, F|
|poke|p2|Great Tusk|
|poke|p2|Gholdengo|
|poke|p2|Dragapult, M|
|poke|p2|Primarina, M|
|poke|p2|Kingambit, F|
|teampreview
|inactive|Battle timer is ON: inactive players will automatically lose when time's up. (requested by illumminate)
|inactive|PokeAbl05241728znw also wants the timer to be on.
|
|t:|1779659016
|teamsize|p1|6
|teamsize|p2|6
|start
|switch|p1a: Garganacl|Garganacl, M|100/100
|switch|p2a: Primarina|Primarina, M|100/100
|turn|1
|
|t:|1779659028
|switch|p1a: Corviknight|Corviknight, F|100/100
|-ability|p1a: Corviknight|Pressure
|move|p2a: Primarina|Surf|p1a: Corviknight
|-damage|p1a: Corviknight|53/100
|
|upkeep
|turn|2
|
|t:|1779659034
|move|p2a: Primarina|Surf|p1a: Corviknight
|-damage|p1a: Corviknight|0 fnt
|faint|p1a: Corviknight
|
|upkeep
|
|t:|1779659038
|switch|p1a: Kingambit|Kingambit, F|100/100
|-activate|p1a: Kingambit|ability: Supreme Overlord
|-start|p1a: Kingambit|fallen1|[silent]
|turn|3
|
|t:|1779659044
|move|p2a: Primarina|Flip Turn|p1a: Kingambit
|-damage|p1a: Kingambit|91/100
|
|t:|1779659052
|switch|p2a: Great Tusk|Great Tusk|100/100|[from] Flip Turn
|move|p1a: Kingambit|Iron Head|p2a: Great Tusk
|-damage|p2a: Great Tusk|59/100
|
|-heal|p1a: Kingambit|97/100|[from] item: Leftovers
|upkeep
|turn|4
|
|t:|1779659073
|-end|p1a: Kingambit|fallen1|[silent]
|switch|p1a: Dragonite|Dragonite, M|100/100
|move|p2a: Great Tusk|Headlong Rush|p1a: Dragonite
|-immune|p1a: Dragonite
|
|upkeep
|turn|5
|
|t:|1779659088
|switch|p1a: Primarina|Primarina, M|100/100
|move|p2a: Great Tusk|Ice Spinner|p1a: Primarina
|-resisted|p1a: Primarina
|-damage|p1a: Primarina|86/100
|
|upkeep
|turn|6
|
|t:|1779659094
|move|p2a: Great Tusk|Headlong Rush|p1a: Primarina
|-damage|p1a: Primarina|22/100
|-unboost|p2a: Great Tusk|def|1
|-unboost|p2a: Great Tusk|spd|1
|move|p1a: Primarina|Hyper Voice|p2a: Great Tusk
|-supereffective|p2a: Great Tusk
|-damage|p2a: Great Tusk|0 fnt
|faint|p2a: Great Tusk
|-end|p2a: Great Tusk|Protosynthesis|[silent]
|-enditem|p1a: Primarina|Throat Spray
|-boost|p1a: Primarina|spa|1|[from] item: Throat Spray
|
|upkeep
|
|t:|1779659099
|switch|p2a: Glimmora|Glimmora, F|100/100
|turn|7
|
|t:|1779659109
|move|p2a: Glimmora|Power Gem|p1a: Primarina
|-damage|p1a: Primarina|0 fnt
|faint|p1a: Primarina
|
|upkeep
|
|t:|1779659116
|switch|p1a: Dragonite|Dragonite, M|100/100
|turn|8
|
|t:|1779659123
|move|p2a: Glimmora|Power Gem|p1a: Dragonite
|-supereffective|p1a: Dragonite
|-damage|p1a: Dragonite|60/100
|move|p1a: Dragonite|Earthquake|p2a: Glimmora
|-supereffective|p2a: Glimmora
|-enditem|p2a: Glimmora|Focus Sash
|-damage|p2a: Glimmora|1/100
|-activate|p2a: Glimmora|ability: Toxic Debris
|-sidestart|p1: illumminate|move: Toxic Spikes
|
|upkeep
|turn|9
|
|t:|1779659130
|move|p2a: Glimmora|Power Gem|p1a: Dragonite
|-supereffective|p1a: Dragonite
|-damage|p1a: Dragonite|0 fnt
|faint|p1a: Dragonite
|
|upkeep
|
|t:|1779659135
|switch|p1a: Kingambit|Kingambit, F|97/100
|-activate|p1a: Kingambit|ability: Supreme Overlord
|-start|p1a: Kingambit|fallen3|[silent]
|turn|10
|
|t:|1779659141
|move|p1a: Kingambit|Sucker Punch|p2a: Glimmora
|-damage|p2a: Glimmora|0 fnt
|-activate|p2a: Glimmora|ability: Toxic Debris
|-sidestart|p1: illumminate|move: Toxic Spikes
|faint|p2a: Glimmora
|
|-heal|p1a: Kingambit|100/100|[from] item: Leftovers
|upkeep
|
|t:|1779659147
|switch|p2a: Kingambit|Kingambit, F|100/100
|-activate|p2a: Kingambit|ability: Supreme Overlord
|-start|p2a: Kingambit|fallen2|[silent]
|turn|11
|
|t:|1779659161
|move|p1a: Kingambit|Swords Dance|p1a: Kingambit
|-boost|p1a: Kingambit|atk|2
|move|p2a: Kingambit|Swords Dance|p2a: Kingambit
|-boost|p2a: Kingambit|atk|2
|
|upkeep
|turn|12
|
|t:|1779659167
|move|p2a: Kingambit|Sucker Punch|p1a: Kingambit
|-resisted|p1a: Kingambit
|-damage|p1a: Kingambit|51/100
|move|p1a: Kingambit|Kowtow Cleave|p2a: Kingambit
|-resisted|p2a: Kingambit
|-damage|p2a: Kingambit|50/100
|
|-heal|p1a: Kingambit|57/100|[from] item: Leftovers
|upkeep
|turn|13
|
|t:|1779659171
|move|p1a: Kingambit|Kowtow Cleave|p2a: Kingambit
|-resisted|p2a: Kingambit
|-damage|p2a: Kingambit|0 fnt
|faint|p2a: Kingambit
|-end|p2a: Kingambit|fallen2|[silent]
|
|-heal|p1a: Kingambit|63/100|[from] item: Leftovers
|upkeep
|
|t:|1779659174
|switch|p2a: Primarina|Primarina, M|100/100
|turn|14
|
|t:|1779659202
|move|p1a: Kingambit|Sucker Punch|p2a: Primarina
|-resisted|p2a: Primarina
|-damage|p2a: Primarina|26/100
|move|p2a: Primarina|Moonblast|p1a: Kingambit
|-damage|p1a: Kingambit|1/100
|
|-heal|p1a: Kingambit|7/100|[from] item: Leftovers
|upkeep
|turn|15
|
|t:|1779659207
|move|p1a: Kingambit|Sucker Punch|p2a: Primarina
|-resisted|p2a: Primarina
|-damage|p2a: Primarina|0 fnt
|faint|p2a: Primarina
|
|-heal|p1a: Kingambit|13/100|[from] item: Leftovers
|upkeep
|
|t:|1779659209
|switch|p2a: Dragapult|Dragapult, M|100/100
|turn|16
|
|t:|1779659214
|move|p2a: Dragapult|Will-O-Wisp|p1a: Kingambit
|-status|p1a: Kingambit|brn
|move|p1a: Kingambit|Kowtow Cleave|p2a: Dragapult
|-supereffective|p2a: Dragapult
|-damage|p2a: Dragapult|0 fnt
|faint|p2a: Dragapult
|
|-heal|p1a: Kingambit|20/100 brn|[from] item: Leftovers
|-damage|p1a: Kingambit|13/100 brn|[from] brn
|upkeep
|
|t:|1779659216
|switch|p2a: Gholdengo|Gholdengo|100/100
|-item|p2a: Gholdengo|Air Balloon
|turn|17
|
|t:|1779659220
|move|p2a: Gholdengo|Shadow Ball|p1a: Kingambit
|-resisted|p1a: Kingambit
|-damage|p1a: Kingambit|0 fnt
|faint|p1a: Kingambit
|-end|p1a: Kingambit|fallen3|[silent]
|
|upkeep
|
|t:|1779659226
|switch|p1a: Ceruledge|Ceruledge, M, shiny|100/100
|-status|p1a: Ceruledge|tox
|turn|18
|
|t:|1779659234
|-terastallize|p1a: Ceruledge|Flying
|-terastallize|p2a: Gholdengo|Fairy
|move|p1a: Ceruledge|Bitter Blade|p2a: Gholdengo
|-damage|p2a: Gholdengo|47/100
|-enditem|p2a: Gholdengo|Air Balloon
|move|p2a: Gholdengo|Nasty Plot|p2a: Gholdengo
|-boost|p2a: Gholdengo|spa|2
|
|-damage|p1a: Ceruledge|94/100 tox|[from] psn
|upkeep
|turn|19
|
|t:|1779659241
|move|p1a: Ceruledge|Bitter Blade|p2a: Gholdengo
|-damage|p2a: Gholdengo|0 fnt
|-heal|p1a: Ceruledge|100/100 tox|[from] drain|[of] p2a: Gholdengo
|faint|p2a: Gholdengo
|
|win|illumminate
|raw|illumminate's rating: 1256 &rarr; <strong>1277</strong><br />(+21 for winning)
|raw|PokeAbl05241728znw's rating: 1202 &rarr; <strong>1181</strong><br />(-21 for losing)
