|j|☆Nertwerve
|j|☆romain05
|t:|1779702450
|gametype|singles
|player|p1|Nertwerve|waitress-gen4|1130
|player|p2|romain05|ghetsis|1099
|gen|9
|tier|[Gen 9] OU
|rated|
|rule|HP Percentage Mod: HP is shown in percentages
|rule|Endless Battle Clause: Forcing endless battles is banned
|rule|Species Clause: Limit one of each Pokémon
|rule|OHKO Clause: OHKO moves are banned
|rule|Evasion Items Clause: Evasion items are banned
|rule|Evasion Moves Clause: Evasion moves are banned
|rule|Evasion Abilities Clause: Evasion abilities are banned
|rule|Sleep Moves Clause: Sleep-inducing moves are banned
|clearpoke
|poke|p1|Conkeldurr, M|
|poke|p1|Scizor, F|
|poke|p1|Goodra, F|
|poke|p1|Clodsire, F|
|poke|p1|Dudunsparce-*, F|
|poke|p1|Zangoose, M|
|poke|p2|Venusaur, F|
|poke|p2|Torkoal, M|
|poke|p2|Raging Bolt|
|poke|p2|Walking Wake|
|poke|p2|Great Tusk|
|poke|p2|Scream Tail|
|teampreview
|inactive|Battle timer is ON: inactive players will automatically lose when time's up. (requested by Nertwerve)
|
|t:|1779702453
|teamsize|p1|6
|teamsize|p2|6
|start
|switch|p1a: Hercules|Conkeldurr, M, shiny|100/100
|switch|p2a: Torkoal|Torkoal, M|100/100
|-weather|SunnyDay|[from] ability: Drought|[of] p2a: Torkoal
|turn|1
|
|t:|1779702468
|move|p1a: Hercules|Knock Off|p2a: Torkoal
|-damage|p2a: Torkoal|71/100
|-enditem|p2a: Torkoal|Choice Specs|[from] move: Knock Off|[of] p1a: Hercules
|move|p2a: Torkoal|Eruption|p1a: Hercules
|-crit|p1a: Hercules
|-damage|p1a: Hercules|0 fnt
|faint|p1a: Hercules
|
|-weather|SunnyDay|[upkeep]
|upkeep
|
|t:|1779702479
|switch|p1a: Loafsire|Clodsire, F|100/100
|turn|2
|
|t:|1779702483
|move|p2a: Torkoal|Stealth Rock|p1a: Loafsire
|-sidestart|p1: Nertwerve|move: Stealth Rock
|move|p1a: Loafsire|Recover||[still]
|-fail|p1a: Loafsire|heal
|
|-weather|SunnyDay|[upkeep]
|upkeep
|turn|3
|
|t:|1779702491
|switch|p2a: Great Tusk|Great Tusk|100/100
|-activate|p2a: Great Tusk|ability: Protosynthesis
|-start|p2a: Great Tusk|protosynthesisspe
|move|p1a: Loafsire|Earthquake|p2a: Great Tusk
|-damage|p2a: Great Tusk|83/100
|
|-weather|SunnyDay|[upkeep]
|-heal|p2a: Great Tusk|89/100|[from] item: Leftovers
|upkeep
|turn|4
|
|t:|1779702509
|move|p2a: Great Tusk|Headlong Rush|p1a: Loafsire
|-supereffective|p1a: Loafsire
|-damage|p1a: Loafsire|0 fnt
|-unboost|p2a: Great Tusk|def|1
|-unboost|p2a: Great Tusk|spd|1
|faint|p1a: Loafsire
|
|-weather|SunnyDay|[upkeep]
|-heal|p2a: Great Tusk|95/100|[from] item: Leftovers
|upkeep
|
|t:|1779702521
|switch|p1a: Duchess|Goodra, F, shiny|100/100
|-damage|p1a: Duchess|88/100|[from] Stealth Rock
|turn|5
|
|t:|1779702527
|move|p2a: Great Tusk|Ice Spinner|p1a: Duchess
|-supereffective|p1a: Duchess
|-damage|p1a: Duchess|21/100
|-ability|p1a: Duchess|Gooey
|-unboost|p2a: Great Tusk|spe|1
|move|p1a: Duchess|Hydro Pump|p2a: Great Tusk
|-supereffective|p2a: Great Tusk
|-damage|p2a: Great Tusk|15/100
|
|-weather|none
|-end|p2a: Great Tusk|Protosynthesis
|-heal|p2a: Great Tusk|21/100|[from] item: Leftovers
|upkeep
|turn|6
|
|t:|1779702542
|move|p1a: Duchess|Hydro Pump|p2a: Great Tusk
|-supereffective|p2a: Great Tusk
|-damage|p2a: Great Tusk|0 fnt
|faint|p2a: Great Tusk
|-end|p2a: Great Tusk|Protosynthesis|[silent]
|
|upkeep
|
|t:|1779702549
|switch|p2a: Torkoal|Torkoal, M|71/100
|-weather|SunnyDay|[from] ability: Drought|[of] p2a: Torkoal
|turn|7
|
|t:|1779702572
|move|p1a: Duchess|Thunderbolt|p2a: Torkoal
|-damage|p2a: Torkoal|35/100
|move|p2a: Torkoal|Eruption|p1a: Duchess
|-resisted|p1a: Duchess
|-damage|p1a: Duchess|9/100
|
|-weather|SunnyDay|[upkeep]
|upkeep
|turn|8
|
|t:|1779702579
|move|p1a: Duchess|Thunderbolt|p2a: Torkoal
|-damage|p2a: Torkoal|0 fnt
|faint|p2a: Torkoal
|
|-weather|SunnyDay|[upkeep]
|upkeep
|
|t:|1779702588
|switch|p2a: Venusaur|Venusaur, F|100/100
|turn|9
|
|t:|1779702595
|move|p2a: Venusaur|Sludge Bomb|p1a: Duchess
|-damage|p1a: Duchess|0 fnt
|faint|p1a: Duchess
|-damage|p2a: Venusaur|91/100|[from] item: Life Orb
|
|-weather|SunnyDay|[upkeep]
|upkeep
|
|t:|1779702601
|switch|p1a: Dudunsparce|Dudunsparce, F|100/100
|-damage|p1a: Dudunsparce|88/100|[from] Stealth Rock
|turn|10
|
|t:|1779702612
|move|p2a: Venusaur|Sludge Bomb|p1a: Dudunsparce
|-damage|p1a: Dudunsparce|40/100
|-damage|p2a: Venusaur|81/100|[from] item: Life Orb
|move|p1a: Dudunsparce|Flamethrower|p2a: Venusaur
|-supereffective|p2a: Venusaur
|-damage|p2a: Venusaur|23/100
|
|-weather|SunnyDay|[upkeep]
|-heal|p1a: Dudunsparce|46/100|[from] item: Leftovers
|upkeep
|turn|11
|
|t:|1779702625
|move|p2a: Venusaur|Sludge Bomb|p1a: Dudunsparce
|-damage|p1a: Dudunsparce|0 fnt
|faint|p1a: Dudunsparce
|-damage|p2a: Venusaur|13/100|[from] item: Life Orb
|
|-weather|none
|upkeep
|
|t:|1779702632
|switch|p1a: Scizor|Scizor, F|100/100
|-damage|p1a: Scizor|88/100|[from] Stealth Rock
|turn|12
|
|t:|1779702647
|move|p2a: Venusaur|Giga Drain|p1a: Scizor
|-resisted|p1a: Scizor
|-crit|p1a: Scizor
|-damage|p1a: Scizor|70/100
|-heal|p2a: Venusaur|23/100|[from] drain|[of] p1a: Scizor
|-enditem|p1a: Scizor|Red Card|[of] p2a: Venusaur
|drag|p2a: Scream Tail|Scream Tail|100/100
|move|p1a: Scizor|Swords Dance|p1a: Scizor
|-boost|p1a: Scizor|atk|2
|
|-damage|p2a: Scream Tail|88/100|[from] item: Sticky Barb
|upkeep
|turn|13
|
|t:|1779702663
|move|p2a: Scream Tail|Encore|p1a: Scizor
|-start|p1a: Scizor|Encore
|move|p1a: Scizor|Swords Dance|p1a: Scizor
|-boost|p1a: Scizor|atk|2
|
|-damage|p2a: Scream Tail|76/100|[from] item: Sticky Barb
|upkeep
|turn|14
|
|t:|1779702672
|move|p2a: Scream Tail|Trick|p1a: Scizor
|-activate|p2a: Scream Tail|move: Trick|[of] p1a: Scizor
|-item|p1a: Scizor|Sticky Barb|[from] move: Trick
|-enditem|p2a: Scream Tail|Sticky Barb|[silent]|[from] move: Trick
|move|p1a: Scizor|Swords Dance|p1a: Scizor
|-boost|p1a: Scizor|atk|2
|
|-damage|p1a: Scizor|57/100|[from] item: Sticky Barb
|upkeep
|turn|15
|
|t:|1779702685
|move|p2a: Scream Tail|Wish|p2a: Scream Tail
|move|p1a: Scizor|Swords Dance|p1a: Scizor
|-boost|p1a: Scizor|atk|0
|
|-end|p1a: Scizor|Encore
|-damage|p1a: Scizor|45/100|[from] item: Sticky Barb
|upkeep
|turn|16
|
|t:|1779702692
|move|p2a: Scream Tail|Protect|p2a: Scream Tail
|-singleturn|p2a: Scream Tail|Protect
|move|p1a: Scizor|Bullet Punch|p2a: Scream Tail
|-activate|p2a: Scream Tail|move: Protect
|
|-heal|p2a: Scream Tail|100/100|[from] move: Wish|[wisher] Scream Tail
|-damage|p1a: Scizor|33/100|[from] item: Sticky Barb
|upkeep
|turn|17
|
|t:|1779702706
|move|p1a: Scizor|Bullet Punch|p2a: Scream Tail
|-supereffective|p2a: Scream Tail
|-damage|p2a: Scream Tail|0 fnt
|faint|p2a: Scream Tail
|-end|p2a: Scream Tail|Protosynthesis|[silent]
|
|-damage|p1a: Scizor|21/100|[from] item: Sticky Barb
|upkeep
|
|t:|1779702713
|switch|p2a: Venusaur|Venusaur, F|23/100
|turn|18
|
|t:|1779702722
|move|p1a: Scizor|Bullet Punch|p2a: Venusaur
|-damage|p2a: Venusaur|0 fnt
|faint|p2a: Venusaur
|
|-damage|p1a: Scizor|9/100|[from] item: Sticky Barb
|upkeep
|
|t:|1779702730
|switch|p2a: Raging Bolt|Raging Bolt|100/100
|turn|19
|
|t:|1779702739
|move|p2a: Raging Bolt|Thunderclap|p1a: Scizor
|-damage|p1a: Scizor|0 fnt
|faint|p1a: Scizor
|
|upkeep
|
|t:|1779702743
|switch|p1a: Zangoose|Zangoose, M|100/100
|-damage|p1a: Zangoose|88/100|[from] Stealth Rock
|turn|20
|
|t:|1779702749
|move|p1a: Zangoose|Detect|p1a: Zangoose
|-singleturn|p1a: Zangoose|Protect
|move|p2a: Raging Bolt|Thunderbolt|p1a: Zangoose
|-activate|p1a: Zangoose|move: Protect
|
|-status|p1a: Zangoose|tox|[from] item: Toxic Orb
|upkeep
|turn|21
|
|t:|1779702760
|move|p1a: Zangoose|Quick Attack|p2a: Raging Bolt
|-damage|p2a: Raging Bolt|71/100
|move|p2a: Raging Bolt|Thunderbolt|p1a: Zangoose
|-damage|p1a: Zangoose|0 fnt
|faint|p1a: Zangoose
|
|win|romain05
|raw|Nertwerve's rating: 1130 &rarr; <strong>1103</strong><br />(-27 for losing)
|raw|romain05's rating: 1099 &rarr; <strong>1126</strong><br />(+27 for winning)
|c|☆Nertwerve|gg
|c|☆romain05|merci
|l|☆Nertwerve
|player|p1|
