|j|☆ihymyly
|j|☆WintyBird
|t:|1779685801
|gametype|singles
|player|p1|ihymyly|266|1532
|player|p2|WintyBird|psychic-gen4|1535
|gen|9
|tier|[Gen 9] OU
|rated|
|rule|HP Percentage Mod: HP is shown in percentages
|rule|Endless Battle Clause: Forcing endless battles is banned
|rule|Species Clause: Limit one of each Pokémon
|rule|OHKO Clause: OHKO moves are banned
|rule|Evasion Items Clause: Evasion items are banned
|rule|Evasion Moves Clause: Evasion moves are banned
|rule|Evasion Abilities Clause: Evasion abilities are banned
|rule|Sleep Moves Clause: Sleep-inducing moves are banned
|clearpoke
|poke|p1|Darkrai|
|poke|p1|Skarmory, F|
|poke|p1|Great Tusk|
|poke|p1|Latios, M|
|poke|p1|Weavile, M|
|poke|p1|Ogerpon-Wellspring, F|
|poke|p2|Walking Wake|
|poke|p2|Great Tusk|
|poke|p2|Ninetales, F|
|poke|p2|Cresselia, F|
|poke|p2|Zarude|
|poke|p2|Ceruledge, F|
|teampreview
|
|t:|1779685813
|teamsize|p1|6
|teamsize|p2|6
|start
|switch|p1a: Red Bull|Skarmory, F|100/100
|switch|p2a: Walking Wake|Walking Wake|100/100
|turn|1
|inactive|Battle timer is ON: inactive players will automatically lose when time's up. (requested by WintyBird)
|
|t:|1779685843
|move|p2a: Walking Wake|Flip Turn|p1a: Red Bull
|-damage|p1a: Red Bull|91/100
|-damage|p2a: Walking Wake|84/100|[from] item: Rocky Helmet|[of] p1a: Red Bull
|inactive|WintyBird has 120 seconds left.
|
|t:|1779685877
|-end|p2a: Walking Wake|Protosynthesis|[silent]
|switch|p2a: Ninetales|Ninetales, F|100/100|[from] Flip Turn
|-weather|SunnyDay|[from] ability: Drought|[of] p2a: Ninetales
|move|p1a: Red Bull|Spikes|p2a: Ninetales
|-sidestart|p2: WintyBird|Spikes
|
|-weather|SunnyDay|[upkeep]
|upkeep
|turn|2
|
|t:|1779685885
|switch|p1a: Latios|Latios, M|100/100
|move|p2a: Ninetales|Overheat|p1a: Latios
|-resisted|p1a: Latios
|-damage|p1a: Latios|68/100
|-unboost|p2a: Ninetales|spa|2
|
|-weather|SunnyDay|[upkeep]
|upkeep
|turn|3
|inactive|ihymyly has 120 seconds left.
|inactive|ihymyly has 90 seconds left.
|
|t:|1779685967
|switch|p2a: Zarude|Zarude|100/100
|-damage|p2a: Zarude|88/100|[from] Spikes
|move|p1a: Latios|Calm Mind|p1a: Latios
|-boost|p1a: Latios|spa|1
|-boost|p1a: Latios|spd|1
|
|-weather|SunnyDay|[upkeep]
|-heal|p2a: Zarude|94/100|[from] item: Leftovers
|upkeep
|turn|4
|
|t:|1779685978
|move|p1a: Latios|Draco Meteor|p2a: Zarude
|-damage|p2a: Zarude|0 fnt
|-unboost|p1a: Latios|spa|2
|faint|p2a: Zarude
|
|-weather|SunnyDay|[upkeep]
|upkeep
|
|t:|1779685982
|switch|p2a: Walking Wake|Walking Wake|84/100
|-damage|p2a: Walking Wake|72/100|[from] Spikes
|-activate|p2a: Walking Wake|ability: Protosynthesis
|-start|p2a: Walking Wake|protosynthesisspe
|turn|5
|
|t:|1779685988
|switch|p1a: Red Bull|Skarmory, F|91/100
|move|p2a: Walking Wake|Flip Turn|p1a: Red Bull
|-damage|p1a: Red Bull|87/100
|-damage|p2a: Walking Wake|55/100|[from] item: Rocky Helmet|[of] p1a: Red Bull
|
|t:|1779685994
|-end|p2a: Walking Wake|Protosynthesis|[silent]
|switch|p2a: Ceruledge|Ceruledge, F|100/100|[from] Flip Turn
|-item|p2a: Ceruledge|Air Balloon
|
|-weather|SunnyDay|[upkeep]
|upkeep
|turn|6
|inactive|ihymyly has 90 seconds left.
|
|t:|1779686010
|switch|p1a: Primal Schnoz|Great Tusk|100/100
|-activate|p1a: Primal Schnoz|ability: Protosynthesis
|-start|p1a: Primal Schnoz|protosynthesisdef
|move|p2a: Ceruledge|Swords Dance|p2a: Ceruledge
|-boost|p2a: Ceruledge|atk|2
|
|-weather|SunnyDay|[upkeep]
|upkeep
|turn|7
|inactive|ihymyly has 90 seconds left.
|
|t:|1779686018
|move|p1a: Primal Schnoz|Headlong Rush|p2a: Ceruledge
|-immune|p2a: Ceruledge
|move|p2a: Ceruledge|Swords Dance|p2a: Ceruledge
|-boost|p2a: Ceruledge|atk|2
|
|-weather|SunnyDay|[upkeep]
|upkeep
|turn|8
|
|t:|1779686025
|move|p1a: Primal Schnoz|Ice Spinner|p2a: Ceruledge
|-resisted|p2a: Ceruledge
|-damage|p2a: Ceruledge|83/100
|-ability|p2a: Ceruledge|Weak Armor|boost
|-unboost|p2a: Ceruledge|def|1
|-boost|p2a: Ceruledge|spe|2
|-enditem|p2a: Ceruledge|Air Balloon
|move|p2a: Ceruledge|Poltergeist|p1a: Primal Schnoz
|-activate|p1a: Primal Schnoz|move: Poltergeist|Heavy-Duty Boots
|-damage|p1a: Primal Schnoz|20/100
|
|-weather|none
|-end|p1a: Primal Schnoz|Protosynthesis
|upkeep
|turn|9
|
|t:|1779686033
|move|p2a: Ceruledge|Bitter Blade|p1a: Primal Schnoz
|-damage|p1a: Primal Schnoz|0 fnt
|-heal|p2a: Ceruledge|97/100|[from] drain|[of] p1a: Primal Schnoz
|faint|p1a: Primal Schnoz
|-end|p1a: Primal Schnoz|Protosynthesis|[silent]
|
|upkeep
|
|t:|1779686042
|switch|p1a: Ogerpon|Ogerpon-Wellspring, F|100/100
|turn|10
|
|t:|1779686045
|move|p2a: Ceruledge|Poltergeist|p1a: Ogerpon
|-activate|p1a: Ogerpon|move: Poltergeist|Wellspring Mask
|-damage|p1a: Ogerpon|0 fnt
|faint|p1a: Ogerpon
|
|upkeep
|
|t:|1779686053
|switch|p1a: Mr. -ice Guy|Weavile, M|100/100
|-ability|p1a: Mr. -ice Guy|Pressure
|turn|11
|inactive|ihymyly has 120 seconds left.
|-message|ihymyly forfeited.
|
|win|WintyBird
|raw|ihymyly's rating: 1532 &rarr; <strong>1512</strong><br />(-20 for losing)
|raw|WintyBird's rating: 1535 &rarr; <strong>1555</strong><br />(+20 for winning)
|l|☆ihymyly
|player|p1|
|l|☆WintyBird
|player|p2|
