|inactive|Battle timer is ON: inactive players will automatically lose when time's up.
|t:|1779567829
|gametype|singles
|player|p1|kingler|#scl5platoon|
|player|p2|Capidaxter|hilbert-wonderlauncher|
|gen|9
|tier|[Gen 9] OU
|rule|HP Percentage Mod: HP is shown in percentages
|rule|Endless Battle Clause: Forcing endless battles is banned
|rule|Species Clause: Limit one of each Pokémon
|rule|OHKO Clause: OHKO moves are banned
|rule|Evasion Items Clause: Evasion items are banned
|rule|Evasion Moves Clause: Evasion moves are banned
|rule|Evasion Abilities Clause: Evasion abilities are banned
|rule|Sleep Moves Clause: Sleep-inducing moves are banned
|clearpoke
|poke|p1|Moltres|
|poke|p1|Weezing-Galar, M|
|poke|p1|Ogerpon-Wellspring, F|
|poke|p1|Garchomp, M|
|poke|p1|Zamazenta-*|
|poke|p1|Tinkaton, F|
|poke|p2|Garganacl, F|
|poke|p2|Gliscor, F|
|poke|p2|Clefable, M|
|poke|p2|Zamazenta-*|
|poke|p2|Gholdengo|
|poke|p2|Samurott-Hisui, M|
|teampreview
|c|☆Capidaxter|hf
|c|☆kingler|hfhf
|inactive|kingler has 270 seconds left.
|inactive|Capidaxter has 270 seconds left.
|
|t:|1779567876
|teamsize|p1|6
|teamsize|p2|6
|start
|switch|p1a: Weezing|Weezing-Galar, M|100/100
|switch|p2a: Garganacl|Garganacl, F|100/100
|-ability|p1a: Weezing|Neutralizing Gas
|turn|1
|
|t:|1779567883
|switch|p2a: Clefable|Clefable, M|100/100
|move|p1a: Weezing|Will-O-Wisp|p2a: Clefable
|-status|p2a: Clefable|brn
|
|-damage|p2a: Clefable|94/100 brn|[from] brn
|upkeep
|turn|2
|
|t:|1779567890
|move|p1a: Weezing|Sludge Bomb|p2a: Clefable
|-supereffective|p2a: Clefable
|-damage|p2a: Clefable|45/100 brn
|move|p2a: Clefable|Knock Off|p1a: Weezing
|-resisted|p1a: Weezing
|-damage|p1a: Weezing|98/100
|-enditem|p1a: Weezing|Heavy-Duty Boots|[from] move: Knock Off|[of] p2a: Clefable
|
|-damage|p2a: Clefable|39/100 brn|[from] brn
|upkeep
|turn|3
|
|t:|1779567918
|move|p1a: Weezing|Sludge Bomb|p2a: Clefable
|-supereffective|p2a: Clefable
|-damage|p2a: Clefable|0 fnt
|faint|p2a: Clefable
|
|upkeep
|
|t:|1779567926
|switch|p2a: Gliscor|Gliscor, F|100/100
|turn|4
|
|t:|1779567933
|move|p2a: Gliscor|Protect|p2a: Gliscor
|-singleturn|p2a: Gliscor|Protect
|move|p1a: Weezing|Will-O-Wisp|p2a: Gliscor
|-activate|p2a: Gliscor|move: Protect
|
|-status|p2a: Gliscor|tox|[from] item: Toxic Orb
|upkeep
|turn|5
|
|t:|1779567945
|-end|p1a: Weezing|ability: Neutralizing Gas
|switch|p1a: Moltres|Moltres|100/100
|move|p2a: Gliscor|Earthquake|p1a: Moltres
|-immune|p1a: Moltres
|
|upkeep
|turn|6
|
|t:|1779567957
|move|p2a: Gliscor|Toxic|p1a: Moltres
|-status|p1a: Moltres|tox
|move|p1a: Moltres|U-turn|p2a: Gliscor
|-resisted|p2a: Gliscor
|-damage|p2a: Gliscor|96/100 tox
|
|t:|1779567962
|switch|p1a: Ogerpon|Ogerpon-Wellspring, F|100/100|[from] U-turn
|
|-heal|p2a: Gliscor|100/100 tox|[from] ability: Poison Heal
|upkeep
|turn|7
|
|t:|1779567979
|move|p1a: Ogerpon|Ivy Cudgel|p2a: Gliscor|[anim] Ivy Cudgel Water
|-supereffective|p2a: Gliscor
|-damage|p2a: Gliscor|12/100 tox
|move|p2a: Gliscor|Toxic|p1a: Ogerpon
|-status|p1a: Ogerpon|tox
|
|-damage|p1a: Ogerpon|95/100 tox|[from] psn
|-heal|p2a: Gliscor|25/100 tox|[from] ability: Poison Heal
|upkeep
|turn|8
|
|t:|1779567987
|move|p2a: Gliscor|Protect|p2a: Gliscor
|-singleturn|p2a: Gliscor|Protect
|move|p1a: Ogerpon|Ivy Cudgel|p2a: Gliscor|[anim] Ivy Cudgel Water
|-activate|p2a: Gliscor|move: Protect
|
|-damage|p1a: Ogerpon|83/100 tox|[from] psn
|-heal|p2a: Gliscor|37/100 tox|[from] ability: Poison Heal
|upkeep
|turn|9
|
|t:|1779567993
|switch|p2a: Zamazenta|Zamazenta|100/100
|-ability|p2a: Zamazenta|Dauntless Shield|boost
|-boost|p2a: Zamazenta|def|1
|move|p1a: Ogerpon|Ivy Cudgel|p2a: Zamazenta|[anim] Ivy Cudgel Water
|-damage|p2a: Zamazenta|60/100
|
|-damage|p1a: Ogerpon|65/100 tox|[from] psn
|upkeep
|turn|10
|
|t:|1779568004
|switch|p2a: Samurott|Samurott-Hisui, M|100/100
|switch|p1a: Weezing|Weezing-Galar, M|98/100
|-ability|p1a: Weezing|Neutralizing Gas
|
|upkeep
|turn|11
|
|t:|1779568014
|move|p2a: Samurott|Aqua Cutter|p1a: Weezing
|-crit|p1a: Weezing
|-damage|p1a: Weezing|70/100
|move|p1a: Weezing|Will-O-Wisp|p2a: Samurott|[miss]
|-miss|p1a: Weezing|p2a: Samurott
|
|upkeep
|turn|12
|
|t:|1779568021
|move|p2a: Samurott|Ceaseless Edge|p1a: Weezing
|-resisted|p1a: Weezing
|-damage|p1a: Weezing|60/100
|-sidestart|p1: kingler|Spikes
|move|p1a: Weezing|Will-O-Wisp|p2a: Samurott
|-status|p2a: Samurott|brn
|
|-damage|p2a: Samurott|94/100 brn|[from] brn
|upkeep
|turn|13
|
|t:|1779568030
|move|p2a: Samurott|Encore|p1a: Weezing
|-start|p1a: Weezing|Encore
|move|p1a: Weezing|Will-O-Wisp|p2a: Samurott
|-fail|p2a: Samurott|brn
|
|-damage|p2a: Samurott|88/100 brn|[from] brn
|upkeep
|turn|14
|
|t:|1779568042
|-end|p1a: Weezing|ability: Neutralizing Gas
|switch|p1a: Moltres|Moltres|100/100 tox
|move|p2a: Samurott|Ceaseless Edge|p1a: Moltres
|-damage|p1a: Moltres|82/100 tox
|-sidestart|p1: kingler|Spikes
|
|-damage|p1a: Moltres|76/100 tox|[from] psn
|-damage|p2a: Samurott|82/100 brn|[from] brn
|upkeep
|turn|15
|
|t:|1779568050
|move|p2a: Samurott|Ceaseless Edge|p1a: Moltres
|-crit|p1a: Moltres
|-damage|p1a: Moltres|45/100 tox
|-sidestart|p1: kingler|Spikes
|move|p1a: Moltres|U-turn|p2a: Samurott
|-supereffective|p2a: Samurott
|-damage|p2a: Samurott|50/100 brn
|
|t:|1779568052
|switch|p1a: Weezing|Weezing-Galar, M|60/100|[from] U-turn
|-ability|p1a: Weezing|Neutralizing Gas
|-damage|p1a: Weezing|35/100|[from] Spikes
|
|-damage|p2a: Samurott|44/100 brn|[from] brn
|upkeep
|turn|16
|
|t:|1779568080
|move|p2a: Samurott|Aqua Cutter|p1a: Weezing
|-damage|p1a: Weezing|25/100
|move|p1a: Weezing|Defog|p2a: Samurott
|-unboost|p2a: Samurott|evasion|1
|-sideend|p1: kingler|Spikes|[from] move: Defog|[of] p1a: Weezing
|
|-damage|p2a: Samurott|38/100 brn|[from] brn
|upkeep
|turn|17
|inactive|kingler has 270 seconds left.
|
|t:|1779568113
|move|p2a: Samurott|Ceaseless Edge|p1a: Weezing
|-resisted|p1a: Weezing
|-damage|p1a: Weezing|21/100
|-sidestart|p1: kingler|Spikes
|move|p1a: Weezing|Pain Split|p2a: Samurott
|-sethp|p2a: Samurott|28/100 brn|[from] move: Pain Split|[silent]
|-sethp|p1a: Weezing|32/100|[from] move: Pain Split
|
|-damage|p2a: Samurott|22/100 brn|[from] brn
|upkeep
|turn|18
|inactive|kingler has 270 seconds left.
|
|t:|1779568134
|-end|p1a: Weezing|ability: Neutralizing Gas
|switch|p1a: Garchomp|Garchomp, M|100/100
|-damage|p1a: Garchomp|88/100|[from] Spikes
|move|p2a: Samurott|Encore||[still]
|-fail|p2a: Samurott
|
|-damage|p2a: Samurott|16/100 brn|[from] brn
|upkeep
|turn|19
|
|t:|1779568144
|move|p1a: Garchomp|Scale Shot|p2a: Samurott
|-damage|p2a: Samurott|2/100 brn
|-damage|p2a: Samurott|0 fnt
|faint|p2a: Samurott
|-hitcount|p2: Samurott|2
|-unboost|p1a: Garchomp|def|1
|-boost|p1a: Garchomp|spe|1
|
|upkeep
|
|t:|1779568148
|switch|p2a: Zamazenta|Zamazenta|60/100
|turn|20
|inactive|kingler has 270 seconds left.
|
|t:|1779568185
|move|p1a: Garchomp|Swords Dance|p1a: Garchomp
|-boost|p1a: Garchomp|atk|2
|move|p2a: Zamazenta|Ice Fang|p1a: Garchomp
|-supereffective|p1a: Garchomp
|-crit|p1a: Garchomp
|-damage|p1a: Garchomp|0 fnt
|-damage|p2a: Zamazenta|48/100|[from] ability: Rough Skin|[of] p1a: Garchomp
|faint|p1a: Garchomp
|
|upkeep
|
|t:|1779568191
|switch|p1a: Zamazenta|Zamazenta|100/100
|-damage|p1a: Zamazenta|88/100|[from] Spikes
|-ability|p1a: Zamazenta|Dauntless Shield|boost
|-boost|p1a: Zamazenta|def|1
|turn|21
|
|t:|1779568195
|switch|p2a: Gholdengo|Gholdengo|100/100
|move|p1a: Zamazenta|Close Combat|p2a: Gholdengo
|-immune|p2a: Gholdengo
|
|upkeep
|turn|22
|
|t:|1779568215
|move|p1a: Zamazenta|Crunch|p2a: Gholdengo
|-supereffective|p2a: Gholdengo
|-damage|p2a: Gholdengo|45/100
|-unboost|p2a: Gholdengo|def|1
|-damage|p1a: Zamazenta|78/100|[from] item: Life Orb
|move|p2a: Gholdengo|Shadow Ball|p1a: Zamazenta
|-damage|p1a: Zamazenta|44/100
|
|upkeep
|turn|23
|
|t:|1779568223
|switch|p2a: Gliscor|Gliscor, F|37/100 tox
|move|p1a: Zamazenta|Crunch|p2a: Gliscor
|-damage|p2a: Gliscor|11/100 tox
|-damage|p1a: Zamazenta|34/100|[from] item: Life Orb
|
|-heal|p2a: Gliscor|24/100 tox|[from] ability: Poison Heal
|upkeep
|turn|24
|
|t:|1779568231
|switch|p1a: Weezing|Weezing-Galar, M|32/100
|-ability|p1a: Weezing|Neutralizing Gas
|-damage|p1a: Weezing|20/100|[from] Spikes
|move|p2a: Gliscor|Protect||[still]
|-fail|p2a: Gliscor
|
|-damage|p2a: Gliscor|11/100 tox|[from] psn
|upkeep
|turn|25
|
|t:|1779568245
|move|p2a: Gliscor|U-turn|p1a: Weezing
|-resisted|p1a: Weezing
|-damage|p1a: Weezing|18/100
|
|t:|1779568248
|switch|p2a: Gholdengo|Gholdengo|45/100|[from] U-turn
|move|p1a: Weezing|Will-O-Wisp|p2a: Gholdengo
|-status|p2a: Gholdengo|brn
|
|-damage|p2a: Gholdengo|39/100 brn|[from] brn
|upkeep
|turn|26
|
|t:|1779568261
|-end|p1a: Weezing|ability: Neutralizing Gas
|switch|p1a: Tinkaton|Tinkaton, F|100/100
|-damage|p1a: Tinkaton|88/100|[from] Spikes
|-ability|p1a: Tinkaton|Mold Breaker
|move|p2a: Gholdengo|Shadow Ball|p1a: Tinkaton
|-damage|p1a: Tinkaton|64/100
|
|-heal|p1a: Tinkaton|70/100|[from] item: Leftovers
|-damage|p2a: Gholdengo|33/100 brn|[from] brn
|upkeep
|turn|27
|
|t:|1779568271
|switch|p2a: Zamazenta|Zamazenta|48/100
|move|p1a: Tinkaton|Stealth Rock|p2a: Zamazenta
|-sidestart|p2: Capidaxter|move: Stealth Rock
|
|-heal|p1a: Tinkaton|76/100|[from] item: Leftovers
|upkeep
|turn|28
|
|t:|1779568279
|move|p2a: Zamazenta|Close Combat|p1a: Tinkaton
|-damage|p1a: Tinkaton|7/100
|-unboost|p2a: Zamazenta|def|1
|-unboost|p2a: Zamazenta|spd|1
|move|p1a: Tinkaton|Thunder Wave|p2a: Zamazenta
|-status|p2a: Zamazenta|par
|
|-heal|p1a: Tinkaton|13/100|[from] item: Leftovers
|upkeep
|turn|29
|
|t:|1779568285
|move|p1a: Tinkaton|Gigaton Hammer|p2a: Zamazenta
|-damage|p2a: Zamazenta|0 fnt
|faint|p2a: Zamazenta
|
|-heal|p1a: Tinkaton|19/100|[from] item: Leftovers
|upkeep
|
|t:|1779568292
|switch|p2a: Garganacl|Garganacl, F|100/100
|turn|30
|
|t:|1779568321
|move|p1a: Tinkaton|Thunder Wave|p2a: Garganacl
|-status|p2a: Garganacl|par
|move|p2a: Garganacl|Salt Cure|p1a: Tinkaton
|-resisted|p1a: Tinkaton
|-damage|p1a: Tinkaton|12/100
|-start|p1a: Tinkaton|Salt Cure
|
|-heal|p1a: Tinkaton|18/100|[from] item: Leftovers
|-damage|p1a: Tinkaton|0 fnt|[from] Salt Cure
|faint|p1a: Tinkaton
|upkeep
|inactive|kingler has 270 seconds left.
|
|t:|1779568348
|switch|p1a: Weezing|Weezing-Galar, M|18/100
|-ability|p1a: Weezing|Neutralizing Gas
|-damage|p1a: Weezing|5/100|[from] Spikes
|turn|31
|
|t:|1779568353
|switch|p2a: Gholdengo|Gholdengo|33/100 brn
|move|p1a: Weezing|Pain Split|p2a: Gholdengo
|-sethp|p2a: Gholdengo|19/100 brn|[from] move: Pain Split|[silent]
|-sethp|p1a: Weezing|21/100|[from] move: Pain Split
|
|-damage|p2a: Gholdengo|13/100 brn|[from] brn
|upkeep
|turn|32
|inactive|kingler has 270 seconds left.
|
|t:|1779568364
|-end|p1a: Weezing|ability: Neutralizing Gas
|switch|p1a: Moltres|Moltres|45/100 tox
|move|p2a: Gholdengo|Recover|p2a: Gholdengo
|-heal|p2a: Gholdengo|63/100 brn
|
|-damage|p1a: Moltres|39/100 tox|[from] psn
|-damage|p2a: Gholdengo|57/100 brn|[from] brn
|upkeep
|turn|33
|inactive|kingler has 270 seconds left.
|
|t:|1779568387
|switch|p2a: Garganacl|Garganacl, F|100/100 par
|move|p1a: Moltres|Roost|p1a: Moltres
|-heal|p1a: Moltres|89/100 tox
|-singleturn|p1a: Moltres|move: Roost
|
|-damage|p1a: Moltres|77/100 tox|[from] psn
|upkeep
|turn|34
|
|t:|1779568396
|move|p2a: Garganacl|Salt Cure|p1a: Moltres
|-supereffective|p1a: Moltres
|-damage|p1a: Moltres|20/100 tox
|-start|p1a: Moltres|Salt Cure
|move|p1a: Moltres|Roar|p2a: Garganacl
|drag|p2a: Gholdengo|Gholdengo|57/100 brn
|
|-damage|p1a: Moltres|2/100 tox|[from] psn
|-damage|p2a: Gholdengo|51/100 brn|[from] brn
|-damage|p1a: Moltres|0 fnt|[from] Salt Cure
|faint|p1a: Moltres
|upkeep
|
|t:|1779568407
|switch|p1a: Ogerpon|Ogerpon-Wellspring, F|65/100 tox
|-damage|p1a: Ogerpon|52/100 tox|[from] Spikes
|turn|35
|
|t:|1779568424
|move|p1a: Ogerpon|Ivy Cudgel|p2a: Gholdengo|[anim] Ivy Cudgel Water
|-damage|p2a: Gholdengo|3/100 brn
|move|p2a: Gholdengo|Shadow Ball|p1a: Ogerpon
|-damage|p1a: Ogerpon|7/100 tox
|-unboost|p1a: Ogerpon|spd|1
|
|-damage|p1a: Ogerpon|1/100 tox|[from] psn
|-damage|p2a: Gholdengo|0 fnt|[from] brn
|faint|p2a: Gholdengo
|upkeep
|
|t:|1779568428
|switch|p2a: Garganacl|Garganacl, F|100/100 par
|turn|36
|inactive|kingler has 270 seconds left.
|
|t:|1779568438
|switch|p2a: Gliscor|Gliscor, F|11/100 tox
|-damage|p2a: Gliscor|0 fnt|[from] Stealth Rock
|faint|p2a: Gliscor
|move|p1a: Ogerpon|Ivy Cudgel|p2: Gliscor|[notarget]
|-fail|p1a: Ogerpon
|
|-damage|p1a: Ogerpon|0 fnt|[from] psn
|faint|p1a: Ogerpon
|upkeep
|inactive|kingler has 270 seconds left.
|
|t:|1779568449
|switch|p1a: Zamazenta|Zamazenta|34/100
|switch|p2a: Garganacl|Garganacl, F|100/100 par
|-damage|p1a: Zamazenta|22/100|[from] Spikes
|turn|37
|inactive|kingler has 270 seconds left.
|
|t:|1779568478
|-terastallize|p1a: Zamazenta|Fighting
|-terastallize|p2a: Garganacl|Water
|move|p1a: Zamazenta|Close Combat|p2a: Garganacl
|-damage|p2a: Garganacl|32/100 par
|-unboost|p1a: Zamazenta|def|1
|-unboost|p1a: Zamazenta|spd|1
|-damage|p1a: Zamazenta|12/100|[from] item: Life Orb
|move|p2a: Garganacl|Iron Defense|p2a: Garganacl
|-boost|p2a: Garganacl|def|2
|
|upkeep
|turn|38
|inactive|kingler has 270 seconds left.
|inactive|Capidaxter has 270 seconds left.
|
|t:|1779568503
|move|p1a: Zamazenta|Close Combat|p2a: Garganacl
|-damage|p2a: Garganacl|0 fnt
|-unboost|p1a: Zamazenta|def|1
|-unboost|p1a: Zamazenta|spd|1
|faint|p2a: Garganacl
|-damage|p1a: Zamazenta|2/100|[from] item: Life Orb
|
|win|kingler
