|j|☆redskyatnight
|j|☆my shitters
|t:|1779635667
|gametype|singles
|player|p1|redskyatnight|grimsley-gen7|1462
|player|p2|my shitters|preschooler|1487
|gen|9
|tier|[Gen 9] OU
|rated|
|rule|HP Percentage Mod: HP is shown in percentages
|rule|Endless Battle Clause: Forcing endless battles is banned
|rule|Species Clause: Limit one of each Pokémon
|rule|OHKO Clause: OHKO moves are banned
|rule|Evasion Items Clause: Evasion items are banned
|rule|Evasion Moves Clause: Evasion moves are banned
|rule|Evasion Abilities Clause: Evasion abilities are banned
|rule|Sleep Moves Clause: Sleep-inducing moves are banned
|clearpoke
|poke|p1|Tinkaton, F|
|poke|p1|Ogerpon, F|
|poke|p1|Great Tusk|
|poke|p1|Pecharunt|
|poke|p1|Alomomola, M|
|poke|p1|Hydreigon, M|
|poke|p2|Alcremie-Ruby-Swirl, F|
|poke|p2|Sableye, F|
|poke|p2|Primeape, F|
|poke|p2|Ursaring, M|
|poke|p2|Brute Bonnet|
|poke|p2|Squawkabilly-Blue, M|
|teampreview
|inactive|Battle timer is ON: inactive players will automatically lose when time's up. (requested by my shitters)
|inactive|my shitters has 120 seconds left.
|
|t:|1779635702
|teamsize|p1|6
|teamsize|p2|6
|start
|switch|p1a: Smile.exe|Tinkaton, F, shiny|100/100
|switch|p2a: BillyBlutcher|Squawkabilly-Blue, M|100/100
|-ability|p2a: BillyBlutcher|Intimidate|boost
|-unboost|p1a: Smile.exe|atk|1
|-item|p1a: Smile.exe|Air Balloon
|turn|1
|
|t:|1779635707
|move|p2a: BillyBlutcher|Final Gambit|p1a: Smile.exe
|-damage|p1a: Smile.exe|0 fnt
|-enditem|p1a: Smile.exe|Air Balloon
|faint|p2a: BillyBlutcher
|faint|p1a: Smile.exe
|
|upkeep
|
|t:|1779635726
|switch|p1a: Anonymous|Ogerpon, F|100/100
|switch|p2a: GemPostin|Sableye, F|100/100
|turn|2
|
|t:|1779635741
|switch|p1a: Overseer|Pecharunt|100/100
|move|p2a: GemPostin|Reflect|p2a: GemPostin
|-sidestart|p2: my shitters|Reflect
|
|upkeep
|turn|3
|
|t:|1779635761
|move|p2a: GemPostin|Light Screen|p2a: GemPostin
|-sidestart|p2: my shitters|move: Light Screen
|move|p1a: Overseer|Malignant Chain|p2a: GemPostin
|-resisted|p2a: GemPostin
|-damage|p2a: GemPostin|88/100
|-status|p2a: GemPostin|tox
|-start|p2a: GemPostin|confusion|[from] ability: Poison Puppeteer|[of] p1a: Overseer
|
|-damage|p2a: GemPostin|82/100 tox|[from] psn
|upkeep
|turn|4
|
|t:|1779635770
|switch|p2a: OnePunchBear|Ursaring, M|100/100
|move|p1a: Overseer|Parting Shot|p2a: OnePunchBear
|-unboost|p2a: OnePunchBear|atk|1
|-unboost|p2a: OnePunchBear|spa|1
|
|t:|1779635777
|switch|p1a: Behemoth|Great Tusk, shiny|100/100|[from] Parting Shot
|
|-status|p2a: OnePunchBear|brn|[from] item: Flame Orb
|upkeep
|turn|5
|
|t:|1779635793
|switch|p2a: GemPostin|Sableye, F|82/100 tox
|move|p1a: Behemoth|Ice Spinner|p2a: GemPostin
|-damage|p2a: GemPostin|67/100 tox
|
|-damage|p2a: GemPostin|61/100 tox|[from] psn
|upkeep
|turn|6
|inactive|redskyatnight has 120 seconds left.
|
|t:|1779635838
|-end|p1a: Behemoth|Protosynthesis|[silent]
|switch|p1a: Pisces|Alomomola, M, shiny|100/100
|switch|p2a: PonnieColeman|Primeape, F|100/100
|
|upkeep
|turn|7
|
|t:|1779635850
|switch|p1a: Overseer|Pecharunt|100/100
|move|p2a: PonnieColeman|Bulk Up|p2a: PonnieColeman
|-boost|p2a: PonnieColeman|atk|1
|-boost|p2a: PonnieColeman|def|1
|
|upkeep
|turn|8
|inactive|redskyatnight has 90 seconds left.
|
|t:|1779635884
|move|p2a: PonnieColeman|Bulk Up|p2a: PonnieColeman
|-boost|p2a: PonnieColeman|atk|1
|-boost|p2a: PonnieColeman|def|1
|move|p1a: Overseer|Malignant Chain|p2a: PonnieColeman
|-crit|p2a: PonnieColeman
|-damage|p2a: PonnieColeman|60/100
|
|upkeep
|turn|9
|inactive|redskyatnight has 90 seconds left.
|
|t:|1779635893
|move|p2a: PonnieColeman|Bulk Up|p2a: PonnieColeman
|-boost|p2a: PonnieColeman|atk|1
|-boost|p2a: PonnieColeman|def|1
|move|p1a: Overseer|Malignant Chain|p2a: PonnieColeman
|-damage|p2a: PonnieColeman|46/100
|
|-sideend|p2: my shitters|Reflect
|upkeep
|turn|10
|
|t:|1779635902
|move|p2a: PonnieColeman|Rage Fist|p1a: Overseer
|-supereffective|p1a: Overseer
|-damage|p1a: Overseer|13/100
|-damage|p2a: PonnieColeman|30/100|[from] item: Rocky Helmet|[of] p1a: Overseer
|move|p1a: Overseer|Malignant Chain|p2a: PonnieColeman
|-damage|p2a: PonnieColeman|16/100
|-status|p2a: PonnieColeman|tox
|-start|p2a: PonnieColeman|confusion|[from] ability: Poison Puppeteer|[of] p1a: Overseer
|
|-damage|p2a: PonnieColeman|10/100 tox|[from] psn
|-sideend|p2: my shitters|move: Light Screen
|upkeep
|turn|11
|inactive|redskyatnight has 90 seconds left.
|
|t:|1779635926
|-activate|p2a: PonnieColeman|confusion
|move|p2a: PonnieColeman|Rest|p2a: PonnieColeman
|-status|p2a: PonnieColeman|slp|[from] move: Rest
|-heal|p2a: PonnieColeman|100/100 slp|[silent]
|move|p1a: Overseer|Parting Shot|p2a: PonnieColeman
|-unboost|p2a: PonnieColeman|atk|1
|-ability|p2a: PonnieColeman|Defiant|boost
|-boost|p2a: PonnieColeman|atk|2
|-unboost|p2a: PonnieColeman|spa|1
|-ability|p2a: PonnieColeman|Defiant|boost
|-boost|p2a: PonnieColeman|atk|2
|
|t:|1779635939
|switch|p1a: Hybrid|Hydreigon, M, shiny|100/100|[from] Parting Shot
|
|upkeep
|turn|12
|j| Narwhale37
|
|t:|1779635956
|switch|p2a: RobotAlcremicDrive|Alcremie-Ruby-Swirl, F|100/100
|move|p1a: Hybrid|Draco Meteor|p2a: RobotAlcremicDrive
|-immune|p2a: RobotAlcremicDrive
|
|upkeep
|turn|13
|inactive|redskyatnight has 90 seconds left.
|
|t:|1779635968
|switch|p1a: Pisces|Alomomola, M, shiny|100/100
|move|p2a: RobotAlcremicDrive|Acid Armor|p2a: RobotAlcremicDrive
|-boost|p2a: RobotAlcremicDrive|def|2
|
|upkeep
|turn|14
|inactive|redskyatnight has 90 seconds left.
|inactive|redskyatnight has 60 seconds left.
|
|t:|1779636013
|move|p2a: RobotAlcremicDrive|Calm Mind|p2a: RobotAlcremicDrive
|-boost|p2a: RobotAlcremicDrive|spa|1
|-boost|p2a: RobotAlcremicDrive|spd|1
|move|p1a: Pisces|Flip Turn|p2a: RobotAlcremicDrive
|-damage|p2a: RobotAlcremicDrive|92/100
|c|☆my shitters|Have YOU been to the bakery?
|inactive|redskyatnight has 60 seconds left.
|
|t:|1779636024
|switch|p1a: Overseer|Pecharunt|13/100|[from] Flip Turn
|
|-heal|p2a: RobotAlcremicDrive|98/100|[from] item: Leftovers
|upkeep
|turn|15
|
|t:|1779636028
|-terastallize|p2a: RobotAlcremicDrive|Poison
|move|p1a: Overseer|Malignant Chain|p2a: RobotAlcremicDrive
|-resisted|p2a: RobotAlcremicDrive
|-damage|p2a: RobotAlcremicDrive|89/100
|move|p2a: RobotAlcremicDrive|Calm Mind|p2a: RobotAlcremicDrive
|-boost|p2a: RobotAlcremicDrive|spa|1
|-boost|p2a: RobotAlcremicDrive|spd|1
|
|-heal|p2a: RobotAlcremicDrive|95/100|[from] item: Leftovers
|upkeep
|turn|16
|
|t:|1779636033
|move|p1a: Overseer|Parting Shot|p2a: RobotAlcremicDrive
|-unboost|p2a: RobotAlcremicDrive|atk|1
|-unboost|p2a: RobotAlcremicDrive|spa|1
|
|t:|1779636045
|switch|p1a: Behemoth|Great Tusk, shiny|100/100|[from] Parting Shot
|move|p2a: RobotAlcremicDrive|Acid Armor|p2a: RobotAlcremicDrive
|-boost|p2a: RobotAlcremicDrive|def|2
|
|-heal|p2a: RobotAlcremicDrive|100/100|[from] item: Leftovers
|upkeep
|turn|17
|
|t:|1779636049
|move|p1a: Behemoth|Headlong Rush|p2a: RobotAlcremicDrive
|-supereffective|p2a: RobotAlcremicDrive
|-damage|p2a: RobotAlcremicDrive|61/100
|-unboost|p1a: Behemoth|def|1
|-unboost|p1a: Behemoth|spd|1
|move|p2a: RobotAlcremicDrive|Draining Kiss|p1a: Behemoth
|-supereffective|p1a: Behemoth
|-damage|p1a: Behemoth|0 fnt
|-heal|p2a: RobotAlcremicDrive|100/100|[from] drain|[of] p1a: Behemoth
|faint|p1a: Behemoth
|-end|p1a: Behemoth|Protosynthesis|[silent]
|
|upkeep
|
|t:|1779636055
|switch|p1a: Pisces|Alomomola, M, shiny|100/100
|turn|18
|
|t:|1779636060
|move|p2a: RobotAlcremicDrive|Acid Armor|p2a: RobotAlcremicDrive
|-boost|p2a: RobotAlcremicDrive|def|2
|move|p1a: Pisces|Mirror Coat||[still]
|-fail|p1a: Pisces
|
|upkeep
|turn|19
|
|t:|1779636065
|move|p2a: RobotAlcremicDrive|Calm Mind|p2a: RobotAlcremicDrive
|-boost|p2a: RobotAlcremicDrive|spa|1
|-boost|p2a: RobotAlcremicDrive|spd|1
|move|p1a: Pisces|Flip Turn|p2a: RobotAlcremicDrive
|-damage|p2a: RobotAlcremicDrive|96/100
|
|t:|1779636069
|switch|p1a: Anonymous|Ogerpon, F|100/100|[from] Flip Turn
|
|-heal|p2a: RobotAlcremicDrive|100/100|[from] item: Leftovers
|upkeep
|turn|20
|
|t:|1779636072
|move|p1a: Anonymous|Knock Off|p2a: RobotAlcremicDrive
|-damage|p2a: RobotAlcremicDrive|88/100
|-enditem|p2a: RobotAlcremicDrive|Leftovers|[from] move: Knock Off|[of] p1a: Anonymous
|move|p2a: RobotAlcremicDrive|Stored Power|p1a: Anonymous
|-damage|p1a: Anonymous|0 fnt
|faint|p1a: Anonymous
|
|upkeep
|
|t:|1779636083
|switch|p1a: Pisces|Alomomola, M, shiny|100/100
|turn|21
|
|t:|1779636087
|move|p2a: RobotAlcremicDrive|Calm Mind|p2a: RobotAlcremicDrive
|-boost|p2a: RobotAlcremicDrive|spa|1
|-boost|p2a: RobotAlcremicDrive|spd|1
|move|p1a: Pisces|Mirror Coat||[still]
|-fail|p1a: Pisces
|
|upkeep
|turn|22
|
|t:|1779636088
|move|p2a: RobotAlcremicDrive|Calm Mind|p2a: RobotAlcremicDrive
|-boost|p2a: RobotAlcremicDrive|spa|1
|-boost|p2a: RobotAlcremicDrive|spd|1
|move|p1a: Pisces|Mirror Coat||[still]
|-fail|p1a: Pisces
|
|upkeep
|turn|23
|
|t:|1779636090
|move|p2a: RobotAlcremicDrive|Calm Mind|p2a: RobotAlcremicDrive
|-boost|p2a: RobotAlcremicDrive|spa|1
|-boost|p2a: RobotAlcremicDrive|spd|1
|move|p1a: Pisces|Mirror Coat||[still]
|-fail|p1a: Pisces
|
|upkeep
|turn|24
|
|t:|1779636092
|move|p2a: RobotAlcremicDrive|Calm Mind|p2a: RobotAlcremicDrive
|-boost|p2a: RobotAlcremicDrive|spa|1
|-boost|p2a: RobotAlcremicDrive|spd|0
|move|p1a: Pisces|Mirror Coat||[still]
|-fail|p1a: Pisces
|
|upkeep
|turn|25
|
|t:|1779636094
|move|p2a: RobotAlcremicDrive|Stored Power|p1a: Pisces
|-damage|p1a: Pisces|0 fnt
|faint|p1a: Pisces
|
|upkeep
|-message|redskyatnight forfeited.
|
|win|my shitters
|raw|redskyatnight's rating: 1462 &rarr; <strong>1443</strong><br />(-19 for losing)
|raw|my shitters's rating: 1487 &rarr; <strong>1506</strong><br />(+19 for winning)
|l|☆redskyatnight
|player|p1|
