|j|☆fallentitansss
|j|☆I am naz
|t:|1779581411
|gametype|singles
|player|p1|fallentitansss|102|1311
|player|p2|I am naz|pokemaniac|1279
|gen|9
|tier|[Gen 9] OU
|rated|
|rule|HP Percentage Mod: HP is shown in percentages
|rule|Endless Battle Clause: Forcing endless battles is banned
|rule|Species Clause: Limit one of each Pokémon
|rule|OHKO Clause: OHKO moves are banned
|rule|Evasion Items Clause: Evasion items are banned
|rule|Evasion Moves Clause: Evasion moves are banned
|rule|Evasion Abilities Clause: Evasion abilities are banned
|rule|Sleep Moves Clause: Sleep-inducing moves are banned
|clearpoke
|poke|p1|Gholdengo|
|poke|p1|Hoopa-Unbound|
|poke|p1|Corviknight, M|
|poke|p1|Garchomp, M|
|poke|p1|Darkrai|
|poke|p1|Weezing, F|
|poke|p2|Gliscor, M|
|poke|p2|Gholdengo|
|poke|p2|Dragonite, M|
|poke|p2|Ting-Lu|
|poke|p2|Darkrai|
|poke|p2|Zamazenta-*|
|teampreview
|inactive|Battle timer is ON: inactive players will automatically lose when time's up. (requested by fallentitansss)
|
|t:|1779581419
|teamsize|p1|6
|teamsize|p2|6
|start
|switch|p1a: Weezing|Weezing, F|100/100
|switch|p2a: Ting-Lu|Ting-Lu|100/100
|-ability|p1a: Weezing|Neutralizing Gas
|-item|p1a: Weezing|Air Balloon
|turn|1
|
|t:|1779581434
|move|p1a: Weezing|Toxic|p2a: Ting-Lu
|-status|p2a: Ting-Lu|tox
|move|p2a: Ting-Lu|Stealth Rock|p1a: Weezing
|-sidestart|p1: fallentitansss|move: Stealth Rock
|
|-damage|p2a: Ting-Lu|94/100 tox|[from] psn
|upkeep
|turn|2
|
|t:|1779581440
|-end|p1a: Weezing|ability: Neutralizing Gas
|-ability|p2a: Ting-Lu|Vessel of Ruin
|switch|p1a: Corviknight|Corviknight, M|100/100
|-damage|p1a: Corviknight|88/100|[from] Stealth Rock
|-ability|p1a: Corviknight|Pressure
|switch|p2a: Gliscor|Gliscor, M|100/100
|
|-status|p2a: Gliscor|tox|[from] item: Toxic Orb
|upkeep
|turn|3
|
|t:|1779581448
|move|p2a: Gliscor|Spikes|p1a: Corviknight
|-sidestart|p1: fallentitansss|Spikes
|move|p1a: Corviknight|Defog|p2a: Gliscor
|-unboost|p2a: Gliscor|evasion|1
|-sideend|p1: fallentitansss|Spikes|[from] move: Defog|[of] p1a: Corviknight
|-sideend|p1: fallentitansss|Stealth Rock|[from] move: Defog|[of] p1a: Corviknight
|
|upkeep
|turn|4
|
|t:|1779581455
|move|p2a: Gliscor|Spikes|p1a: Corviknight
|-sidestart|p1: fallentitansss|Spikes
|move|p1a: Corviknight|Iron Defense|p1a: Corviknight
|-boost|p1a: Corviknight|def|2
|
|upkeep
|turn|5
|
|t:|1779581458
|switch|p2a: Ting-Lu|Ting-Lu|94/100 tox
|-ability|p2a: Ting-Lu|Vessel of Ruin
|move|p1a: Corviknight|Body Press|p2a: Ting-Lu
|-supereffective|p2a: Ting-Lu
|-damage|p2a: Ting-Lu|33/100 tox
|
|-heal|p2a: Ting-Lu|39/100 tox|[from] item: Leftovers
|-damage|p2a: Ting-Lu|33/100 tox|[from] psn
|upkeep
|turn|6
|
|t:|1779581461
|move|p1a: Corviknight|Defog|p2a: Ting-Lu
|-unboost|p2a: Ting-Lu|evasion|1
|-sideend|p1: fallentitansss|Spikes|[from] move: Defog|[of] p1a: Corviknight
|move|p2a: Ting-Lu|Whirlwind|p1a: Corviknight
|drag|p1a: Garchomp|Garchomp, M|100/100
|
|-heal|p2a: Ting-Lu|39/100 tox|[from] item: Leftovers
|-damage|p2a: Ting-Lu|27/100 tox|[from] psn
|upkeep
|turn|7
|
|t:|1779581465
|move|p1a: Garchomp|Stealth Rock|p2a: Ting-Lu
|-sidestart|p2: I am naz|move: Stealth Rock
|move|p2a: Ting-Lu|Stealth Rock|p1a: Garchomp
|-sidestart|p1: fallentitansss|move: Stealth Rock
|
|-heal|p2a: Ting-Lu|33/100 tox|[from] item: Leftovers
|-damage|p2a: Ting-Lu|15/100 tox|[from] psn
|upkeep
|turn|8
|
|t:|1779581473
|move|p1a: Garchomp|Earthquake|p2a: Ting-Lu
|-damage|p2a: Ting-Lu|0 fnt
|faint|p2a: Ting-Lu
|
|upkeep
|
|t:|1779581478
|switch|p2a: Darkrai|Darkrai|100/100
|turn|9
|
|t:|1779581493
|switch|p1a: Hoopa|Hoopa-Unbound|100/100
|-damage|p1a: Hoopa|88/100|[from] Stealth Rock
|move|p2a: Darkrai|Ice Beam|p1a: Hoopa
|-damage|p1a: Hoopa|73/100
|
|upkeep
|turn|10
|
|t:|1779581504
|-terastallize|p2a: Darkrai|Fairy
|move|p2a: Darkrai|Dark Pulse|p1a: Hoopa
|-damage|p1a: Hoopa|52/100
|move|p1a: Hoopa|Drain Punch|p2a: Darkrai
|-resisted|p2a: Darkrai
|-damage|p2a: Darkrai|82/100
|-heal|p1a: Hoopa|59/100|[from] drain|[of] p2a: Darkrai
|
|upkeep
|turn|11
|c|☆fallentitansss|why tera
|c|☆fallentitansss|hmmm
|
|t:|1779581515
|move|p2a: Darkrai|Will-O-Wisp|p1a: Hoopa
|-status|p1a: Hoopa|brn
|move|p1a: Hoopa|Psychic Noise|p2a: Darkrai
|-damage|p2a: Darkrai|15/100
|-start|p2a: Darkrai|move: Heal Block
|
|-damage|p1a: Hoopa|53/100 brn|[from] brn
|upkeep
|turn|12
|
|t:|1779581524
|move|p2a: Darkrai|Knock Off|p1a: Hoopa
|-damage|p1a: Hoopa|13/100 brn
|-enditem|p1a: Hoopa|Assault Vest|[from] move: Knock Off|[of] p2a: Darkrai
|move|p1a: Hoopa|Future Sight|p2a: Darkrai
|-start|p1a: Hoopa|move: Future Sight
|
|-damage|p1a: Hoopa|7/100 brn|[from] brn
|-end|p2a: Darkrai|move: Heal Block
|upkeep
|turn|13
|
|t:|1779581530
|move|p2a: Darkrai|Dark Pulse|p1a: Hoopa
|-damage|p1a: Hoopa|0 fnt
|faint|p1a: Hoopa
|
|upkeep
|
|t:|1779581536
|switch|p1a: Corviknight|Corviknight, M|88/100
|-damage|p1a: Corviknight|76/100|[from] Stealth Rock
|-ability|p1a: Corviknight|Pressure
|turn|14
|
|t:|1779581541
|move|p2a: Darkrai|Knock Off|p1a: Corviknight
|-damage|p1a: Corviknight|61/100
|-damage|p2a: Darkrai|0 fnt|[from] item: Rocky Helmet|[of] p1a: Corviknight
|faint|p2a: Darkrai
|move|p1a: Corviknight|Defog|p2: Darkrai|[notarget]
|-fail|p1a: Corviknight
|
|-hint|Future Sight did not hit because the target is fainted.
|upkeep
|
|t:|1779581550
|switch|p2a: Gholdengo|Gholdengo|100/100
|-damage|p2a: Gholdengo|94/100|[from] Stealth Rock
|turn|15
|
|t:|1779581561
|switch|p1a: Garchomp|Garchomp, M|100/100
|-damage|p1a: Garchomp|94/100|[from] Stealth Rock
|move|p2a: Gholdengo|Shadow Ball|p1a: Garchomp
|-damage|p1a: Garchomp|56/100
|
|upkeep
|turn|16
|
|t:|1779581570
|switch|p2a: Gliscor|Gliscor, M|100/100 tox
|-damage|p2a: Gliscor|88/100 tox|[from] Stealth Rock
|move|p1a: Garchomp|Dragon Tail|p2a: Gliscor
|-damage|p2a: Gliscor|73/100 tox
|drag|p2a: Dragonite|Dragonite, M|100/100
|
|upkeep
|turn|17
|
|t:|1779581580
|move|p1a: Garchomp|Rock Slide|p2a: Dragonite
|-supereffective|p2a: Dragonite
|-damage|p2a: Dragonite|79/100
|cant|p2a: Dragonite|flinch
|
|upkeep
|turn|18
|
|t:|1779581587
|move|p1a: Garchomp|Rock Slide|p2a: Dragonite
|-supereffective|p2a: Dragonite
|-damage|p2a: Dragonite|36/100
|cant|p2a: Dragonite|flinch
|
|upkeep
|turn|19
|
|t:|1779581594
|switch|p2a: Gholdengo|Gholdengo|94/100
|-damage|p2a: Gholdengo|88/100|[from] Stealth Rock
|move|p1a: Garchomp|Rock Slide|p2a: Gholdengo
|-resisted|p2a: Gholdengo
|-damage|p2a: Gholdengo|76/100
|
|upkeep
|turn|20
|
|t:|1779581597
|move|p2a: Gholdengo|Make It Rain|p1a: Garchomp
|-damage|p1a: Garchomp|1/100
|-unboost|p2a: Gholdengo|spa|1
|move|p1a: Garchomp|Earthquake|p2a: Gholdengo
|-supereffective|p2a: Gholdengo
|-damage|p2a: Gholdengo|0 fnt
|faint|p2a: Gholdengo
|
|upkeep
|
|t:|1779581602
|switch|p2a: Dragonite|Dragonite, M|36/100
|turn|21
|
|t:|1779581604
|move|p2a: Dragonite|Extreme Speed|p1a: Garchomp
|-damage|p1a: Garchomp|0 fnt
|-damage|p2a: Dragonite|23/100|[from] ability: Rough Skin|[of] p1a: Garchomp
|-damage|p2a: Dragonite|7/100|[from] item: Rocky Helmet|[of] p1a: Garchomp
|faint|p1a: Garchomp
|
|upkeep
|
|t:|1779581609
|switch|p1a: Corviknight|Corviknight, M|61/100
|-damage|p1a: Corviknight|48/100|[from] Stealth Rock
|-ability|p1a: Corviknight|Pressure
|turn|22
|c|☆fallentitansss|gg
|
|t:|1779581614
|move|p2a: Dragonite|Roost|p2a: Dragonite
|-heal|p2a: Dragonite|57/100
|-singleturn|p2a: Dragonite|move: Roost
|move|p1a: Corviknight|Roost|p1a: Corviknight
|-heal|p1a: Corviknight|98/100
|-singleturn|p1a: Corviknight|move: Roost
|
|upkeep
|turn|23
|c|☆fallentitansss|i win
|
|t:|1779581617
|move|p2a: Dragonite|Roost|p2a: Dragonite
|-heal|p2a: Dragonite|100/100
|-singleturn|p2a: Dragonite|move: Roost
|move|p1a: Corviknight|Iron Defense|p1a: Corviknight
|-boost|p1a: Corviknight|def|2
|
|upkeep
|turn|24
|-message|I am naz forfeited.
|
|win|fallentitansss
|raw|fallentitansss's rating: 1311 &rarr; <strong>1329</strong><br />(+18 for winning)
|raw|I am naz's rating: 1279 &rarr; <strong>1256</strong><br />(-23 for losing)
|l|☆fallentitansss
|player|p1|
