|j|☆phevans1
|j|☆corruk
|t:|1779593236
|gametype|singles
|player|p1|phevans1|265|1147
|player|p2|corruk|265|1222
|gen|9
|tier|[Gen 9] OU
|rated|
|rule|HP Percentage Mod: HP is shown in percentages
|rule|Endless Battle Clause: Forcing endless battles is banned
|rule|Species Clause: Limit one of each Pokémon
|rule|OHKO Clause: OHKO moves are banned
|rule|Evasion Items Clause: Evasion items are banned
|rule|Evasion Moves Clause: Evasion moves are banned
|rule|Evasion Abilities Clause: Evasion abilities are banned
|rule|Sleep Moves Clause: Sleep-inducing moves are banned
|clearpoke
|poke|p1|Reuniclus, M|
|poke|p1|Gholdengo|
|poke|p1|Darkrai|
|poke|p1|Samurott-Hisui, F|
|poke|p1|Kingambit, F|
|poke|p1|Iron Valiant|
|poke|p2|Cramorant, F|
|poke|p2|Mamoswine, F|
|poke|p2|Vaporeon, F|
|poke|p2|Mudsdale, F|
|poke|p2|Cinccino, F|
|poke|p2|Talonflame, M|
|teampreview
|inactive|Battle timer is ON: inactive players will automatically lose when time's up. (requested by phevans1)
|
|t:|1779593246
|teamsize|p1|6
|teamsize|p2|6
|start
|switch|p1a: Samurott|Samurott-Hisui, F|100/100
|switch|p2a: Cinccino|Cinccino, F|100/100
|turn|1
|
|t:|1779593250
|move|p2a: Cinccino|Bullet Seed|p1a: Samurott
|-supereffective|p1a: Samurott
|-damage|p1a: Samurott|82/100
|-supereffective|p1a: Samurott
|-crit|p1a: Samurott
|-damage|p1a: Samurott|51/100
|-supereffective|p1a: Samurott
|-damage|p1a: Samurott|30/100
|-supereffective|p1a: Samurott
|-damage|p1a: Samurott|12/100
|-supereffective|p1a: Samurott
|-crit|p1a: Samurott
|-damage|p1a: Samurott|0 fnt
|faint|p1a: Samurott
|-hitcount|p1: Samurott|5
|
|upkeep
|
|t:|1779593262
|switch|p1a: Gholdengo|Gholdengo|100/100
|-item|p1a: Gholdengo|Air Balloon
|turn|2
|
|t:|1779593267
|move|p2a: Cinccino|Bullet Seed|p1a: Gholdengo
|-resisted|p1a: Gholdengo
|-damage|p1a: Gholdengo|98/100
|-enditem|p1a: Gholdengo|Air Balloon
|-resisted|p1a: Gholdengo
|-damage|p1a: Gholdengo|95/100
|-resisted|p1a: Gholdengo
|-damage|p1a: Gholdengo|92/100
|-resisted|p1a: Gholdengo
|-damage|p1a: Gholdengo|89/100
|-resisted|p1a: Gholdengo
|-damage|p1a: Gholdengo|86/100
|-hitcount|p1a: Gholdengo|5
|move|p1a: Gholdengo|Nasty Plot|p1a: Gholdengo
|-boost|p1a: Gholdengo|spa|2
|
|upkeep
|turn|3
|
|t:|1779593281
|move|p2a: Cinccino|Tidy Up|p2a: Cinccino
|-boost|p2a: Cinccino|atk|1
|-boost|p2a: Cinccino|spe|1
|move|p1a: Gholdengo|Make It Rain|p2a: Cinccino
|-damage|p2a: Cinccino|0 fnt
|-unboost|p1a: Gholdengo|spa|1
|faint|p2a: Cinccino
|
|upkeep
|
|t:|1779593294
|switch|p2a: Mamoswine|Mamoswine, F|100/100
|turn|4
|
|t:|1779593298
|move|p2a: Mamoswine|Earthquake|p1a: Gholdengo
|-supereffective|p1a: Gholdengo
|-damage|p1a: Gholdengo|8/100
|move|p1a: Gholdengo|Make It Rain|p2a: Mamoswine
|-supereffective|p2a: Mamoswine
|-damage|p2a: Mamoswine|0 fnt
|-unboost|p1a: Gholdengo|spa|1
|faint|p2a: Mamoswine
|
|upkeep
|
|t:|1779593307
|switch|p2a: Cramorant|Cramorant, F|100/100
|turn|5
|
|t:|1779593310
|move|p1a: Gholdengo|Shadow Ball|p2a: Cramorant
|-damage|p2a: Cramorant|66/100
|-unboost|p2a: Cramorant|spd|1
|move|p2a: Cramorant|Surf|p1a: Gholdengo
|-formechange|p2a: Cramorant|Cramorant-Gulping|
|-damage|p1a: Gholdengo|0 fnt
|faint|p1a: Gholdengo
|
|upkeep
|
|t:|1779593324
|switch|p1a: Darkrai|Darkrai|100/100
|turn|6
|
|t:|1779593328
|switch|p2a: Vaporeon|Vaporeon, F|100/100
|move|p1a: Darkrai|Dark Pulse|p2a: Vaporeon
|-damage|p2a: Vaporeon|61/100
|
|-heal|p2a: Vaporeon|67/100|[from] item: Leftovers
|upkeep
|turn|7
|
|t:|1779593336
|move|p1a: Darkrai|Knock Off|p2a: Vaporeon
|-damage|p2a: Vaporeon|18/100
|-enditem|p2a: Vaporeon|Leftovers|[from] move: Knock Off|[of] p1a: Darkrai
|move|p2a: Vaporeon|Calm Mind|p2a: Vaporeon
|-boost|p2a: Vaporeon|spa|1
|-boost|p2a: Vaporeon|spd|1
|
|upkeep
|turn|8
|
|t:|1779593341
|move|p1a: Darkrai|Knock Off|p2a: Vaporeon
|-damage|p2a: Vaporeon|0 fnt
|faint|p2a: Vaporeon
|
|upkeep
|
|t:|1779593343
|switch|p2a: Cramorant|Cramorant, F|66/100
|turn|9
|
|t:|1779593355
|move|p1a: Darkrai|Dark Pulse|p2a: Cramorant
|-damage|p2a: Cramorant|17/100
|move|p2a: Cramorant|Surf|p1a: Darkrai
|-formechange|p2a: Cramorant|Cramorant-Gorging|
|-damage|p1a: Darkrai|63/100
|
|upkeep
|turn|10
|
|t:|1779593362
|move|p2a: Cramorant|Endure|p2a: Cramorant
|-singleturn|p2a: Cramorant|move: Endure
|move|p1a: Darkrai|Sucker Punch||[still]
|-fail|p1a: Darkrai
|
|upkeep
|turn|11
|
|t:|1779593369
|move|p1a: Darkrai|Sucker Punch||[still]
|-fail|p1a: Darkrai
|move|p2a: Cramorant|Roost|p2a: Cramorant
|-heal|p2a: Cramorant|67/100
|-singleturn|p2a: Cramorant|move: Roost
|
|upkeep
|turn|12
|
|t:|1779593377
|move|p1a: Darkrai|Knock Off|p2a: Cramorant
|-damage|p2a: Cramorant|27/100
|-damage|p1a: Darkrai|47/100|[from] item: Rocky Helmet|[of] p2a: Cramorant
|-damage|p1a: Darkrai|22/100|[from] ability: Gulp Missile|[of] p2a: Cramorant
|-status|p1a: Darkrai|par
|-formechange|p2a: Cramorant|Cramorant|
|-enditem|p2a: Cramorant|Rocky Helmet|[from] move: Knock Off|[of] p1a: Darkrai
|move|p2a: Cramorant|Roost|p2a: Cramorant
|-heal|p2a: Cramorant|77/100
|-singleturn|p2a: Cramorant|move: Roost
|
|upkeep
|turn|13
|
|t:|1779593387
|move|p2a: Cramorant|Surf|p1a: Darkrai
|-formechange|p2a: Cramorant|Cramorant-Gulping|
|-damage|p1a: Darkrai|0 fnt
|faint|p1a: Darkrai
|
|upkeep
|
|t:|1779593397
|switch|p1a: Reuniclus|Reuniclus, M|100/100
|turn|14
|
|t:|1779593403
|switch|p2a: Mudsdale|Mudsdale, F, shiny|100/100
|move|p1a: Reuniclus|Psychic Noise|p2a: Mudsdale
|-damage|p2a: Mudsdale|50/100
|-start|p2a: Mudsdale|move: Heal Block
|-ability|p2a: Mudsdale|Stamina|boost
|-boost|p2a: Mudsdale|def|1
|
|upkeep
|turn|15
|
|t:|1779593411
|move|p2a: Mudsdale|Body Slam|p1a: Reuniclus
|-damage|p1a: Reuniclus|71/100
|move|p1a: Reuniclus|Psychic Noise|p2a: Mudsdale
|-damage|p2a: Mudsdale|4/100
|-ability|p2a: Mudsdale|Stamina|boost
|-boost|p2a: Mudsdale|def|1
|
|-end|p2a: Mudsdale|move: Heal Block
|upkeep
|turn|16
|
|t:|1779593422
|move|p2a: Mudsdale|Body Slam|p1a: Reuniclus
|-damage|p1a: Reuniclus|43/100
|move|p1a: Reuniclus|Psychic Noise|p2a: Mudsdale
|-damage|p2a: Mudsdale|0 fnt
|faint|p2a: Mudsdale
|
|upkeep
|
|t:|1779593428
|switch|p2a: Talonflame|Talonflame, M|100/100
|turn|17
|
|t:|1779593432
|move|p2a: Talonflame|Swords Dance|p2a: Talonflame
|-boost|p2a: Talonflame|atk|2
|move|p1a: Reuniclus|Recover|p1a: Reuniclus
|-heal|p1a: Reuniclus|93/100
|
|upkeep
|turn|18
|
|t:|1779593439
|move|p2a: Talonflame|Brave Bird|p1a: Reuniclus
|-damage|p1a: Reuniclus|0 fnt
|faint|p1a: Reuniclus
|-damage|p2a: Talonflame|57/100|[from] Recoil
|
|upkeep
|
|t:|1779593442
|switch|p1a: Iron Valiant|Iron Valiant|100/100
|-enditem|p1a: Iron Valiant|Booster Energy
|-activate|p1a: Iron Valiant|ability: Quark Drive|[fromitem]
|-start|p1a: Iron Valiant|quarkdrivespe
|turn|19
|
|t:|1779593449
|-terastallize|p1a: Iron Valiant|Ghost
|move|p1a: Iron Valiant|Shadow Ball|p2a: Talonflame
|-damage|p2a: Talonflame|0 fnt
|faint|p2a: Talonflame
|
|upkeep
|
|t:|1779593453
|switch|p2a: Cramorant|Cramorant, F|77/100
|turn|20
|
|t:|1779593458
|-terastallize|p2a: Cramorant|Electric
|move|p1a: Iron Valiant|Shadow Ball|p2a: Cramorant
|-damage|p2a: Cramorant|38/100
|move|p2a: Cramorant|Surf|p1a: Iron Valiant
|-formechange|p2a: Cramorant|Cramorant-Gorging|
|-damage|p1a: Iron Valiant|50/100
|
|upkeep
|turn|21
|
|t:|1779593471
|move|p2a: Cramorant|Endure|p2a: Cramorant
|-singleturn|p2a: Cramorant|move: Endure
|move|p1a: Iron Valiant|Moonblast|p2a: Cramorant
|-activate|p2a: Cramorant|move: Endure
|-damage|p2a: Cramorant|1/100
|-damage|p1a: Iron Valiant|25/100|[from] ability: Gulp Missile|[of] p2a: Cramorant
|-status|p1a: Iron Valiant|par
|-formechange|p2a: Cramorant|Cramorant|
|
|upkeep
|turn|22
|
|t:|1779593479
|cant|p1a: Iron Valiant|par
|move|p2a: Cramorant|Surf|p1a: Iron Valiant
|-formechange|p2a: Cramorant|Cramorant-Gorging|
|-damage|p1a: Iron Valiant|0 fnt
|faint|p1a: Iron Valiant
|-end|p1a: Iron Valiant|Quark Drive|[silent]
|
|upkeep
|
|t:|1779593483
|switch|p1a: Kingambit|Kingambit, F|100/100
|-activate|p1a: Kingambit|ability: Supreme Overlord
|-start|p1a: Kingambit|fallen5|[silent]
|turn|23
|
|t:|1779593487
|move|p2a: Cramorant|Roost|p2a: Cramorant
|-heal|p2a: Cramorant|51/100
|move|p1a: Kingambit|Kowtow Cleave|p2a: Cramorant
|-damage|p2a: Cramorant|0 fnt
|-damage|p1a: Kingambit|75/100|[from] ability: Gulp Missile|[of] p2a: Cramorant
|-status|p1a: Kingambit|par
|-formechange|p2a: Cramorant|Cramorant|
|faint|p2a: Cramorant
|
|win|phevans1
|raw|phevans1's rating: 1147 &rarr; <strong>1177</strong><br />(+30 for winning)
|raw|corruk's rating: 1222 &rarr; <strong>1192</strong><br />(-30 for losing)
|l|☆corruk
|player|p2|
|l|☆phevans1
|player|p1|
