|j|☆Pedroelentrenador
|j|☆magicsalt
|t:|1779682558
|gametype|singles
|player|p1|Pedroelentrenador|n|1169
|player|p2|magicsalt|clair|1162
|gen|9
|tier|[Gen 9] OU
|rated|
|rule|HP Percentage Mod: HP is shown in percentages
|rule|Endless Battle Clause: Forcing endless battles is banned
|rule|Species Clause: Limit one of each Pokémon
|rule|OHKO Clause: OHKO moves are banned
|rule|Evasion Items Clause: Evasion items are banned
|rule|Evasion Moves Clause: Evasion moves are banned
|rule|Evasion Abilities Clause: Evasion abilities are banned
|rule|Sleep Moves Clause: Sleep-inducing moves are banned
|clearpoke
|poke|p1|Hatterene, F|
|poke|p1|Slowbro, M|
|poke|p1|Ursaluna, F|
|poke|p1|Kingambit, F|
|poke|p1|Vikavolt, M|
|poke|p1|Toxapex, F|
|poke|p2|Garganacl, F|
|poke|p2|Gholdengo|
|poke|p2|Skarmory, M|
|poke|p2|Glimmora, F|
|poke|p2|Salazzle, F|
|poke|p2|Gliscor, F|
|teampreview
|inactive|Battle timer is ON: inactive players will automatically lose when time's up. (requested by Pedroelentrenador)
|
|t:|1779682570
|teamsize|p1|6
|teamsize|p2|6
|start
|switch|p1a: Ursaluna|Ursaluna, F|100/100
|switch|p2a: Smaller roc|Glimmora, F, shiny|100/100
|turn|1
|
|t:|1779682576
|move|p2a: Smaller roc|Toxic|p1a: Ursaluna
|-status|p1a: Ursaluna|tox
|move|p1a: Ursaluna|Earthquake|p2a: Smaller roc
|-supereffective|p2a: Smaller roc
|-enditem|p2a: Smaller roc|Focus Sash
|-damage|p2a: Smaller roc|1/100
|
|-damage|p1a: Ursaluna|94/100 tox|[from] psn
|upkeep
|turn|2
|
|t:|1779682590
|move|p2a: Smaller roc|Spiky Shield|p2a: Smaller roc
|-singleturn|p2a: Smaller roc|move: Protect
|move|p1a: Ursaluna|Earthquake|p2a: Smaller roc
|-activate|p2a: Smaller roc|move: Protect
|
|-damage|p1a: Ursaluna|82/100 tox|[from] psn
|upkeep
|turn|3
|
|t:|1779682598
|move|p2a: Smaller roc|Stealth Rock|p1a: Ursaluna
|-sidestart|p1: Pedroelentrenador|move: Stealth Rock
|move|p1a: Ursaluna|Earthquake|p2a: Smaller roc
|-supereffective|p2a: Smaller roc
|-crit|p2a: Smaller roc
|-damage|p2a: Smaller roc|0 fnt
|faint|p2a: Smaller roc
|
|-damage|p1a: Ursaluna|64/100 tox|[from] psn
|upkeep
|
|t:|1779682606
|switch|p2a: Flying ahh thing|Gliscor, F, shiny|100/100
|turn|4
|
|t:|1779682616
|switch|p1a: Hatterene|Hatterene, F|100/100
|-damage|p1a: Hatterene|88/100|[from] Stealth Rock
|move|p2a: Flying ahh thing|Earthquake|p1a: Hatterene
|-damage|p1a: Hatterene|54/100
|
|-status|p2a: Flying ahh thing|tox|[from] item: Toxic Orb
|upkeep
|turn|5
|inactive|magicsalt has 120 seconds left.
|
|t:|1779682649
|switch|p2a: Gold ahh thing|Gholdengo|100/100
|move|p1a: Hatterene|Trick Room|p1a: Hatterene
|-fieldstart|move: Trick Room|[of] p1a: Hatterene
|
|upkeep
|turn|6
|
|t:|1779682657
|switch|p1a: Kingambit|Kingambit, F|100/100
|-damage|p1a: Kingambit|94/100|[from] Stealth Rock
|move|p2a: Gold ahh thing|Shadow Ball|p1a: Kingambit
|-resisted|p1a: Kingambit
|-damage|p1a: Kingambit|74/100
|-unboost|p1a: Kingambit|spd|1
|
|upkeep
|turn|7
|
|t:|1779682671
|switch|p2a: Skarmory|Skarmory, M|100/100
|move|p1a: Kingambit|Swords Dance|p1a: Kingambit
|-boost|p1a: Kingambit|atk|2
|
|upkeep
|turn|8
|
|t:|1779682680
|move|p1a: Kingambit|Kowtow Cleave|p2a: Skarmory
|-damage|p2a: Skarmory|31/100
|move|p2a: Skarmory|Taunt|p1a: Kingambit
|-start|p1a: Kingambit|move: Taunt
|
|upkeep
|turn|9
|
|t:|1779682693
|switch|p2a: Chonky roc|Garganacl, F|100/100
|move|p1a: Kingambit|Kowtow Cleave|p2a: Chonky roc
|-damage|p2a: Chonky roc|19/100
|
|-heal|p2a: Chonky roc|25/100|[from] item: Leftovers
|-fieldend|move: Trick Room
|upkeep
|turn|10
|
|t:|1779682702
|move|p1a: Kingambit|Sucker Punch||[still]
|-fail|p1a: Kingambit
|move|p2a: Chonky roc|Recover|p2a: Chonky roc
|-heal|p2a: Chonky roc|75/100
|
|-heal|p2a: Chonky roc|82/100|[from] item: Leftovers
|upkeep
|turn|11
|
|t:|1779682710
|move|p1a: Kingambit|Kowtow Cleave|p2a: Chonky roc
|-damage|p2a: Chonky roc|0 fnt
|faint|p2a: Chonky roc
|
|-end|p1a: Kingambit|move: Taunt
|upkeep
|
|t:|1779682717
|switch|p2a: Thirst trap|Salazzle, F, shiny|100/100
|turn|12
|
|t:|1779682723
|move|p2a: Thirst trap|Toxic|p1a: Kingambit
|-status|p1a: Kingambit|tox
|move|p1a: Kingambit|Kowtow Cleave|p2a: Thirst trap
|-enditem|p2a: Thirst trap|Focus Sash
|-damage|p2a: Thirst trap|1/100
|
|-damage|p1a: Kingambit|68/100 tox|[from] psn
|upkeep
|turn|13
|
|t:|1779682741
|move|p2a: Thirst trap|Protect|p2a: Thirst trap
|-singleturn|p2a: Thirst trap|Protect
|move|p1a: Kingambit|Sucker Punch||[still]
|-fail|p1a: Kingambit
|
|-damage|p1a: Kingambit|55/100 tox|[from] psn
|upkeep
|turn|14
|
|t:|1779682750
|-end|p1a: Kingambit|fallenundefined|[silent]
|switch|p1a: Slowbro|Slowbro, M|100/100
|-damage|p1a: Slowbro|88/100|[from] Stealth Rock
|move|p2a: Thirst trap|Toxic|p1a: Slowbro
|-status|p1a: Slowbro|tox
|
|-heal|p1a: Slowbro|94/100 tox|[from] item: Leftovers
|-damage|p1a: Slowbro|88/100 tox|[from] psn
|upkeep
|turn|15
|
|t:|1779682762
|move|p2a: Thirst trap|Protect|p2a: Thirst trap
|-singleturn|p2a: Thirst trap|Protect
|move|p1a: Slowbro|Psychic Noise|p2a: Thirst trap
|-activate|p2a: Thirst trap|move: Protect
|
|-heal|p1a: Slowbro|94/100 tox|[from] item: Leftovers
|-damage|p1a: Slowbro|82/100 tox|[from] psn
|upkeep
|turn|16
|
|t:|1779682772
|move|p2a: Thirst trap|Endeavor|p1a: Slowbro
|-damage|p1a: Slowbro|1/100 tox
|move|p1a: Slowbro|Psychic Noise|p2a: Thirst trap
|-supereffective|p2a: Thirst trap
|-damage|p2a: Thirst trap|0 fnt
|faint|p2a: Thirst trap
|
|-heal|p1a: Slowbro|7/100 tox|[from] item: Leftovers
|-damage|p1a: Slowbro|0 fnt|[from] psn
|faint|p1a: Slowbro
|upkeep
|
|t:|1779682791
|switch|p2a: Skarmory|Skarmory, M|31/100
|switch|p1a: Hatterene|Hatterene, F|54/100
|-damage|p1a: Hatterene|42/100|[from] Stealth Rock
|-enditem|p1a: Hatterene|Sitrus Berry|[eat]
|-heal|p1a: Hatterene|67/100|[from] item: Sitrus Berry
|turn|17
|
|t:|1779682799
|move|p2a: Skarmory|Rest|p2a: Skarmory
|-status|p2a: Skarmory|slp|[from] move: Rest
|-heal|p2a: Skarmory|100/100 slp|[silent]
|-enditem|p2a: Skarmory|Chesto Berry|[eat]
|-curestatus|p2a: Skarmory|slp|[msg]
|move|p1a: Hatterene|Trick Room|p1a: Hatterene
|-fieldstart|move: Trick Room|[of] p1a: Hatterene
|
|upkeep
|turn|18
|
|t:|1779682810
|switch|p1a: Vikavolt|Vikavolt, M|100/100
|-damage|p1a: Vikavolt|76/100|[from] Stealth Rock
|switch|p2a: Flying ahh thing|Gliscor, F, shiny|100/100 tox
|
|upkeep
|turn|19
|
|t:|1779682820
|move|p1a: Vikavolt|Energy Ball|p2a: Flying ahh thing
|-damage|p2a: Flying ahh thing|32/100 tox
|move|p2a: Flying ahh thing|Toxic|p1a: Vikavolt|[miss]
|-miss|p2a: Flying ahh thing|p1a: Vikavolt
|
|-heal|p2a: Flying ahh thing|44/100 tox|[from] ability: Poison Heal
|upkeep
|turn|20
|
|t:|1779682829
|move|p2a: Flying ahh thing|Protect|p2a: Flying ahh thing
|-singleturn|p2a: Flying ahh thing|Protect
|move|p1a: Vikavolt|Energy Ball|p2a: Flying ahh thing
|-activate|p2a: Flying ahh thing|move: Protect
|
|-heal|p2a: Flying ahh thing|57/100 tox|[from] ability: Poison Heal
|upkeep
|turn|21
|
|t:|1779682839
|switch|p2a: Skarmory|Skarmory, M|100/100
|move|p1a: Vikavolt|Energy Ball|p2a: Skarmory
|-resisted|p2a: Skarmory
|-damage|p2a: Skarmory|83/100
|
|-fieldend|move: Trick Room
|upkeep
|turn|22
|
|t:|1779682858
|switch|p1a: Ursaluna|Ursaluna, F|64/100 tox
|-damage|p1a: Ursaluna|58/100 tox|[from] Stealth Rock
|move|p2a: Skarmory|Whirlwind|p1a: Ursaluna
|drag|p1a: Kingambit|Kingambit, F|55/100 tox
|-damage|p1a: Kingambit|49/100 tox|[from] Stealth Rock
|-activate|p1a: Kingambit|ability: Supreme Overlord
|-start|p1a: Kingambit|fallen1|[silent]
|
|-damage|p1a: Kingambit|43/100 tox|[from] psn
|upkeep
|turn|23
|
|t:|1779682871
|move|p1a: Kingambit|Kowtow Cleave|p2a: Skarmory
|-damage|p2a: Skarmory|46/100
|move|p2a: Skarmory|Whirlwind|p1a: Kingambit
|-end|p1a: Kingambit|fallen1|[silent]
|drag|p1a: Toxapex|Toxapex, F|100/100
|-damage|p1a: Toxapex|88/100|[from] Stealth Rock
|
|-heal|p1a: Toxapex|94/100|[from] item: Black Sludge
|upkeep
|turn|24
|
|t:|1779682885
|move|p1a: Toxapex|Baneful Bunker|p1a: Toxapex
|-singleturn|p1a: Toxapex|move: Protect
|move|p2a: Skarmory|Spikes|p1a: Toxapex
|-sidestart|p1: Pedroelentrenador|Spikes
|
|-heal|p1a: Toxapex|100/100|[from] item: Black Sludge
|upkeep
|turn|25
|
|t:|1779682896
|switch|p1a: Hatterene|Hatterene, F|67/100
|-damage|p1a: Hatterene|54/100|[from] Stealth Rock
|-damage|p1a: Hatterene|42/100|[from] Spikes
|move|p2a: Skarmory|Rest|p2a: Skarmory
|-status|p2a: Skarmory|slp|[from] move: Rest
|-heal|p2a: Skarmory|100/100 slp|[silent]
|
|upkeep
|turn|26
|
|t:|1779682908
|cant|p2a: Skarmory|slp
|move|p1a: Hatterene|Trick Room|p1a: Hatterene
|-fieldstart|move: Trick Room|[of] p1a: Hatterene
|
|upkeep
|turn|27
|
|t:|1779682914
|switch|p1a: Ursaluna|Ursaluna, F|58/100 tox
|-damage|p1a: Ursaluna|52/100 tox|[from] Stealth Rock
|-damage|p1a: Ursaluna|40/100 tox|[from] Spikes
|cant|p2a: Skarmory|slp
|
|-damage|p1a: Ursaluna|34/100 tox|[from] psn
|upkeep
|turn|28
|
|t:|1779682924
|move|p1a: Ursaluna|Fire Punch|p2a: Skarmory
|-supereffective|p2a: Skarmory
|-damage|p2a: Skarmory|49/100 slp
|-curestatus|p2a: Skarmory|slp|[msg]
|move|p2a: Skarmory|Whirlwind|p1a: Ursaluna
|drag|p1a: Toxapex|Toxapex, F|100/100
|-damage|p1a: Toxapex|88/100|[from] Stealth Rock
|-damage|p1a: Toxapex|75/100|[from] Spikes
|
|-heal|p1a: Toxapex|82/100|[from] item: Black Sludge
|upkeep
|turn|29
|
|t:|1779682939
|switch|p1a: Hatterene|Hatterene, F|42/100
|-damage|p1a: Hatterene|30/100|[from] Stealth Rock
|-damage|p1a: Hatterene|17/100|[from] Spikes
|move|p2a: Skarmory|Rest|p2a: Skarmory
|-status|p2a: Skarmory|slp|[from] move: Rest
|-heal|p2a: Skarmory|100/100 slp|[silent]
|
|upkeep
|turn|30
|
|t:|1779682949
|cant|p2a: Skarmory|slp
|move|p1a: Hatterene|Trick Room|p1a: Hatterene
|-fieldend|move: Trick Room
|
|upkeep
|turn|31
|
|t:|1779682956
|move|p1a: Hatterene|Healing Wish|p1a: Hatterene
|faint|p1a: Hatterene
|cant|p2a: Skarmory|slp
|
|upkeep
|
|t:|1779682970
|switch|p1a: Kingambit|Kingambit, F|43/100 tox
|-heal|p1a: Kingambit|100/100|[from] move: Healing Wish
|-damage|p1a: Kingambit|94/100|[from] Stealth Rock
|-damage|p1a: Kingambit|82/100|[from] Spikes
|-activate|p1a: Kingambit|ability: Supreme Overlord
|-start|p1a: Kingambit|fallen2|[silent]
|turn|32
|
|t:|1779682980
|move|p1a: Kingambit|Swords Dance|p1a: Kingambit
|-boost|p1a: Kingambit|atk|2
|-curestatus|p2a: Skarmory|slp|[msg]
|move|p2a: Skarmory|Whirlwind|p1a: Kingambit
|-end|p1a: Kingambit|fallen2|[silent]
|drag|p1a: Toxapex|Toxapex, F|100/100
|-damage|p1a: Toxapex|88/100|[from] Stealth Rock
|-damage|p1a: Toxapex|75/100|[from] Spikes
|
|-heal|p1a: Toxapex|82/100|[from] item: Black Sludge
|upkeep
|turn|33
|
|t:|1779683002
|move|p1a: Toxapex|Baneful Bunker|p1a: Toxapex
|-singleturn|p1a: Toxapex|move: Protect
|move|p2a: Skarmory|Spikes|p1a: Toxapex
|-sidestart|p1: Pedroelentrenador|Spikes
|
|-heal|p1a: Toxapex|88/100|[from] item: Black Sludge
|upkeep
|turn|34
|
|t:|1779683014
|move|p1a: Toxapex|Liquidation|p2a: Skarmory
|-crit|p2a: Skarmory
|-damage|p2a: Skarmory|83/100
|move|p2a: Skarmory|Whirlwind|p1a: Toxapex
|drag|p1a: Kingambit|Kingambit, F|82/100
|-damage|p1a: Kingambit|76/100|[from] Stealth Rock
|-damage|p1a: Kingambit|59/100|[from] Spikes
|-activate|p1a: Kingambit|ability: Supreme Overlord
|-start|p1a: Kingambit|fallen2|[silent]
|
|upkeep
|turn|35
|
|t:|1779683025
|move|p1a: Kingambit|Kowtow Cleave|p2a: Skarmory
|-damage|p2a: Skarmory|38/100
|move|p2a: Skarmory|Whirlwind|p1a: Kingambit
|-end|p1a: Kingambit|fallen2|[silent]
|drag|p1a: Toxapex|Toxapex, F|100/100
|-damage|p1a: Toxapex|88/100|[from] Stealth Rock
|-damage|p1a: Toxapex|72/100|[from] Spikes
|
|-heal|p1a: Toxapex|78/100|[from] item: Black Sludge
|upkeep
|turn|36
|
|t:|1779683036
|move|p2a: Skarmory|Spikes|p1a: Toxapex
|-sidestart|p1: Pedroelentrenador|Spikes
|move|p1a: Toxapex|Liquidation|p2a: Skarmory
|-damage|p2a: Skarmory|27/100
|
|-heal|p1a: Toxapex|84/100|[from] item: Black Sludge
|upkeep
|turn|37
|
|t:|1779683044
|move|p2a: Skarmory|Rest|p2a: Skarmory
|-status|p2a: Skarmory|slp|[from] move: Rest
|-heal|p2a: Skarmory|100/100 slp|[silent]
|move|p1a: Toxapex|Liquidation|p2a: Skarmory
|-damage|p2a: Skarmory|89/100 slp
|
|-heal|p1a: Toxapex|90/100|[from] item: Black Sludge
|upkeep
|turn|38
|
|t:|1779683054
|switch|p1a: Vikavolt|Vikavolt, M|76/100
|-damage|p1a: Vikavolt|51/100|[from] Stealth Rock
|cant|p2a: Skarmory|slp
|
|upkeep
|turn|39
|
|t:|1779683061
|move|p1a: Vikavolt|Thunderbolt|p2a: Skarmory
|-supereffective|p2a: Skarmory
|-damage|p2a: Skarmory|0 fnt
|faint|p2a: Skarmory
|
|upkeep
|
|t:|1779683068
|switch|p2a: Flying ahh thing|Gliscor, F, shiny|57/100 tox
|turn|40
|
|t:|1779683075
|switch|p1a: Toxapex|Toxapex, F|100/100
|-damage|p1a: Toxapex|88/100|[from] Stealth Rock
|-damage|p1a: Toxapex|63/100|[from] Spikes
|move|p2a: Flying ahh thing|Protect||[still]
|-fail|p2a: Flying ahh thing
|
|-heal|p1a: Toxapex|69/100|[from] item: Black Sludge
|-heal|p2a: Flying ahh thing|69/100 tox|[from] ability: Poison Heal
|upkeep
|turn|41
|
|t:|1779683088
|move|p2a: Flying ahh thing|Earthquake|p1a: Toxapex
|-supereffective|p1a: Toxapex
|-damage|p1a: Toxapex|29/100
|move|p1a: Toxapex|Liquidation|p2a: Flying ahh thing
|-supereffective|p2a: Flying ahh thing
|-damage|p2a: Flying ahh thing|43/100 tox
|
|-heal|p1a: Toxapex|35/100|[from] item: Black Sludge
|-heal|p2a: Flying ahh thing|56/100 tox|[from] ability: Poison Heal
|upkeep
|turn|42
|
|t:|1779683099
|switch|p1a: Vikavolt|Vikavolt, M|51/100
|-damage|p1a: Vikavolt|26/100|[from] Stealth Rock
|move|p2a: Flying ahh thing|Earthquake|p1a: Vikavolt
|-immune|p1a: Vikavolt|[from] ability: Levitate
|
|-heal|p2a: Flying ahh thing|68/100 tox|[from] ability: Poison Heal
|upkeep
|turn|43
|
|t:|1779683110
|move|p2a: Flying ahh thing|Protect|p2a: Flying ahh thing
|-singleturn|p2a: Flying ahh thing|Protect
|move|p1a: Vikavolt|Energy Ball|p2a: Flying ahh thing
|-activate|p2a: Flying ahh thing|move: Protect
|
|-heal|p2a: Flying ahh thing|80/100 tox|[from] ability: Poison Heal
|upkeep
|turn|44
|
|t:|1779683123
|move|p2a: Flying ahh thing|Toxic|p1a: Vikavolt
|-status|p1a: Vikavolt|tox
|move|p1a: Vikavolt|Energy Ball|p2a: Flying ahh thing
|-damage|p2a: Flying ahh thing|11/100 tox
|
|-heal|p2a: Flying ahh thing|23/100 tox|[from] ability: Poison Heal
|-damage|p1a: Vikavolt|20/100 tox|[from] psn
|upkeep
|turn|45
|
|t:|1779683133
|move|p2a: Flying ahh thing|Protect|p2a: Flying ahh thing
|-singleturn|p2a: Flying ahh thing|Protect
|move|p1a: Vikavolt|Energy Ball|p2a: Flying ahh thing
|-activate|p2a: Flying ahh thing|move: Protect
|
|-heal|p2a: Flying ahh thing|36/100 tox|[from] ability: Poison Heal
|-damage|p1a: Vikavolt|7/100 tox|[from] psn
|upkeep
|turn|46
|
|t:|1779683146
|switch|p2a: Gold ahh thing|Gholdengo|100/100
|move|p1a: Vikavolt|Energy Ball|p2a: Gold ahh thing
|-resisted|p2a: Gold ahh thing
|-damage|p2a: Gold ahh thing|68/100
|
|-damage|p1a: Vikavolt|0 fnt|[from] psn
|faint|p1a: Vikavolt
|upkeep
|
|t:|1779683156
|switch|p1a: Kingambit|Kingambit, F|59/100
|-damage|p1a: Kingambit|53/100|[from] Stealth Rock
|-damage|p1a: Kingambit|28/100|[from] Spikes
|-activate|p1a: Kingambit|ability: Supreme Overlord
|-start|p1a: Kingambit|fallen3|[silent]
|turn|47
|
|t:|1779683166
|-terastallize|p2a: Gold ahh thing|Normal
|move|p2a: Gold ahh thing|Thunderbolt|p1a: Kingambit
|-damage|p1a: Kingambit|0 fnt
|faint|p1a: Kingambit
|-end|p1a: Kingambit|fallen3|[silent]
|
|upkeep
|
|t:|1779683172
|switch|p1a: Toxapex|Toxapex, F|69/100
|-damage|p1a: Toxapex|56/100|[from] Stealth Rock
|-damage|p1a: Toxapex|31/100|[from] Spikes
|turn|48
|
|t:|1779683178
|-terastallize|p1a: Toxapex|Ground
|move|p2a: Gold ahh thing|Thunderbolt|p1a: Toxapex
|-immune|p1a: Toxapex
|move|p1a: Toxapex|Recover|p1a: Toxapex
|-heal|p1a: Toxapex|81/100
|
|-damage|p1a: Toxapex|69/100|[from] item: Black Sludge
|upkeep
|turn|49
|
|t:|1779683191
|move|p2a: Gold ahh thing|Nasty Plot|p2a: Gold ahh thing
|-boost|p2a: Gold ahh thing|spa|2
|move|p1a: Toxapex|Toxic|p2a: Gold ahh thing
|-immune|p2a: Gold ahh thing|[from] ability: Good as Gold
|
|-damage|p1a: Toxapex|56/100|[from] item: Black Sludge
|upkeep
|turn|50
|
|t:|1779683203
|switch|p1a: Ursaluna|Ursaluna, F|34/100 tox
|-damage|p1a: Ursaluna|28/100 tox|[from] Stealth Rock
|-damage|p1a: Ursaluna|3/100 tox|[from] Spikes
|move|p2a: Gold ahh thing|Shadow Ball|p1a: Ursaluna
|-immune|p1a: Ursaluna
|
|-damage|p1a: Ursaluna|0 fnt|[from] psn
|faint|p1a: Ursaluna
|upkeep
|-message|Pedroelentrenador forfeited.
|
|win|magicsalt
|raw|Pedroelentrenador's rating: 1169 &rarr; <strong>1143</strong><br />(-26 for losing)
|raw|magicsalt's rating: 1162 &rarr; <strong>1188</strong><br />(+26 for winning)
|l|☆Pedroelentrenador
|player|p1|
