|j|☆itsJhostin
|j|‽iCharaRip
|t:|1779565758
|gametype|singles
|player|p1|itsJhostin|102|
|player|p2|iCharaRip|bellelba|
|gen|9
|tier|[Gen 9] OU
|rule|HP Percentage Mod: HP is shown in percentages
|rule|Endless Battle Clause: Forcing endless battles is banned
|rule|Species Clause: Limit one of each Pokémon
|rule|OHKO Clause: OHKO moves are banned
|rule|Evasion Items Clause: Evasion items are banned
|rule|Evasion Moves Clause: Evasion moves are banned
|rule|Evasion Abilities Clause: Evasion abilities are banned
|rule|Sleep Moves Clause: Sleep-inducing moves are banned
|clearpoke
|poke|p1|Exeggutor, M|
|poke|p1|Gholdengo|
|poke|p1|Blissey, F|
|poke|p1|Glimmora, M|
|poke|p1|Slither Wing|
|poke|p1|Darkrai|
|poke|p2|Iron Moth|
|poke|p2|Gliscor, F|
|poke|p2|Hatterene, F|
|poke|p2|Ogerpon-Wellspring, F|
|poke|p2|Raging Bolt|
|poke|p2|Zamazenta-*|
|teampreview
|inactive|Battle timer is ON: inactive players will automatically lose when time's up. (requested by itsJhostin)
|c|☆itsJhostin|Este sample es muy divertido haber si me sale
|l|☆itsJhostin
|inactive|itsJhostin disconnected and has 300 seconds to reconnect!
|player|p1|
|j|☆itsJhostin
|inactive|itsJhostin reconnected and has 275 seconds left.
|player|p1|itsJhostin|102|
|inactive|itsJhostin has 270 seconds left.
|
|t:|1779565798
|teamsize|p1|6
|teamsize|p2|6
|start
|switch|p1a: Darkrai|Darkrai|100/100
|switch|p2a: Zamazenta|Zamazenta|100/100
|-ability|p2a: Zamazenta|Dauntless Shield|boost
|-boost|p2a: Zamazenta|def|1
|turn|1
|inactive|itsJhostin has 270 seconds left.
|l|☆itsJhostin
|inactive|itsJhostin disconnected and has 295 seconds to reconnect!
|player|p1|
|j|☆itsJhostin
|inactive|itsJhostin reconnected and has 260 seconds left.
|player|p1|itsJhostin|102|
|
|t:|1779565862
|switch|p1a: Slither Wing|Slither Wing|100/100
|move|p2a: Zamazenta|Light Screen|p2a: Zamazenta
|-sidestart|p2: iCharaRip|move: Light Screen
|
|upkeep
|turn|2
|
|t:|1779565869
|move|p2a: Zamazenta|Reflect|p2a: Zamazenta
|-sidestart|p2: iCharaRip|Reflect
|move|p1a: Slither Wing|Will-O-Wisp|p2a: Zamazenta
|-status|p2a: Zamazenta|brn
|
|-damage|p2a: Zamazenta|94/100 brn|[from] brn
|upkeep
|turn|3
|
|t:|1779565877
|switch|p2a: Iron Moth|Iron Moth|100/100
|-enditem|p2a: Iron Moth|Booster Energy
|-activate|p2a: Iron Moth|ability: Quark Drive|[fromitem]
|-start|p2a: Iron Moth|quarkdrivespe
|move|p1a: Slither Wing|U-turn|p2a: Iron Moth
|-resisted|p2a: Iron Moth
|-damage|p2a: Iron Moth|94/100
|inactive|itsJhostin has 240 seconds left.
|
|t:|1779565912
|-end|p1a: Slither Wing|Protosynthesis|[silent]
|switch|p1a: Glimmora|Glimmora, M|100/100|[from] U-turn
|
|upkeep
|turn|4
|inactive|itsJhostin has 240 seconds left.
|
|t:|1779565927
|-end|p2a: Iron Moth|Quark Drive|[silent]
|switch|p2a: Hatterene|Hatterene, F|100/100
|move|p1a: Glimmora|Earth Power|p2a: Hatterene
|-damage|p2a: Hatterene|83/100
|
|-heal|p2a: Hatterene|89/100|[from] item: Leftovers
|upkeep
|turn|5
|inactive|itsJhostin has 240 seconds left.
|
|t:|1779565949
|switch|p1a: Blissey|Blissey, F|100/100
|-terastallize|p2a: Hatterene|Water
|move|p2a: Hatterene|Calm Mind|p2a: Hatterene
|-boost|p2a: Hatterene|spa|1
|-boost|p2a: Hatterene|spd|1
|
|-heal|p2a: Hatterene|95/100|[from] item: Leftovers
|upkeep
|turn|6
|
|t:|1779565975
|switch|p1a: Glimmora|Glimmora, M|100/100
|move|p2a: Hatterene|Calm Mind|p2a: Hatterene
|-boost|p2a: Hatterene|spa|1
|-boost|p2a: Hatterene|spd|1
|
|-heal|p2a: Hatterene|100/100|[from] item: Leftovers
|upkeep
|turn|7
|
|t:|1779565979
|move|p1a: Glimmora|Mortal Spin|p2a: Hatterene
|-damage|p2a: Hatterene|98/100
|-status|p2a: Hatterene|psn
|move|p2a: Hatterene|Stored Power|p1a: Glimmora
|-supereffective|p1a: Glimmora
|-damage|p1a: Glimmora|0 fnt
|faint|p1a: Glimmora
|
|-heal|p2a: Hatterene|100/100 psn|[from] item: Leftovers
|-damage|p2a: Hatterene|88/100 psn|[from] psn
|upkeep
|inactive|itsJhostin has 210 seconds left.
|
|t:|1779566009
|switch|p1a: Darkrai|Darkrai|100/100
|turn|8
|
|t:|1779566014
|switch|p1a: Gholdengo|Gholdengo|100/100
|move|p2a: Hatterene|Draining Kiss|p1a: Gholdengo
|-resisted|p1a: Gholdengo
|-damage|p1a: Gholdengo|79/100
|-heal|p2a: Hatterene|100/100 psn|[from] drain|[of] p1a: Gholdengo
|-damage|p2a: Hatterene|84/100 psn|[from] item: Rocky Helmet|[of] p1a: Gholdengo
|
|-heal|p2a: Hatterene|90/100 psn|[from] item: Leftovers
|-damage|p2a: Hatterene|78/100 psn|[from] psn
|-sideend|p2: iCharaRip|move: Light Screen
|upkeep
|turn|9
|inactive|itsJhostin has 210 seconds left.
|
|t:|1779566035
|move|p1a: Gholdengo|Hex|p2a: Hatterene
|-damage|p2a: Hatterene|49/100 psn
|move|p2a: Hatterene|Mystical Fire|p1a: Gholdengo
|-supereffective|p1a: Gholdengo
|-damage|p1a: Gholdengo|0 fnt
|faint|p1a: Gholdengo
|
|-heal|p2a: Hatterene|55/100 psn|[from] item: Leftovers
|-damage|p2a: Hatterene|43/100 psn|[from] psn
|-sideend|p2: iCharaRip|Reflect
|upkeep
|
|t:|1779566045
|switch|p1a: Exeggutor|Exeggutor, M|100/100
|turn|10
|
|t:|1779566052
|move|p1a: Exeggutor|Protect|p1a: Exeggutor
|-singleturn|p1a: Exeggutor|Protect
|move|p2a: Hatterene|Draining Kiss|p1a: Exeggutor
|-activate|p1a: Exeggutor|move: Protect
|
|-heal|p2a: Hatterene|49/100 psn|[from] item: Leftovers
|-damage|p2a: Hatterene|36/100 psn|[from] psn
|upkeep
|turn|11
|inactive|itsJhostin has 210 seconds left.
|
|t:|1779566068
|switch|p1a: Blissey|Blissey, F|100/100
|move|p2a: Hatterene|Draining Kiss|p1a: Blissey
|-damage|p1a: Blissey|82/100
|-heal|p2a: Hatterene|65/100 psn|[from] drain|[of] p1a: Blissey
|
|-heal|p2a: Hatterene|71/100 psn|[from] item: Leftovers
|-damage|p2a: Hatterene|59/100 psn|[from] psn
|upkeep
|turn|12
|inactive|itsJhostin has 210 seconds left.
|
|t:|1779566082
|switch|p1a: Darkrai|Darkrai|100/100
|move|p2a: Hatterene|Calm Mind|p2a: Hatterene
|-boost|p2a: Hatterene|spa|1
|-boost|p2a: Hatterene|spd|1
|
|-heal|p2a: Hatterene|65/100 psn|[from] item: Leftovers
|-damage|p2a: Hatterene|52/100 psn|[from] psn
|upkeep
|turn|13
|inactive|itsJhostin has 210 seconds left.
|
|t:|1779566109
|switch|p1a: Blissey|Blissey, F|82/100
|move|p2a: Hatterene|Draining Kiss|p1a: Blissey
|-crit|p1a: Blissey
|-damage|p1a: Blissey|46/100
|-heal|p2a: Hatterene|100/100 psn|[from] drain|[of] p1a: Blissey
|
|-damage|p2a: Hatterene|88/100 psn|[from] psn
|upkeep
|turn|14
|
|t:|1779566114
|move|p1a: Blissey|Soft-Boiled|p1a: Blissey
|-heal|p1a: Blissey|96/100
|move|p2a: Hatterene|Stored Power|p1a: Blissey
|-damage|p1a: Blissey|31/100
|
|-heal|p2a: Hatterene|94/100 psn|[from] item: Leftovers
|-damage|p2a: Hatterene|82/100 psn|[from] psn
|upkeep
|turn|15
|
|t:|1779566116
|move|p1a: Blissey|Soft-Boiled|p1a: Blissey
|-heal|p1a: Blissey|81/100
|move|p2a: Hatterene|Draining Kiss|p1a: Blissey
|-damage|p1a: Blissey|57/100
|-heal|p2a: Hatterene|100/100 psn|[from] drain|[of] p1a: Blissey
|
|-damage|p2a: Hatterene|88/100 psn|[from] psn
|upkeep
|turn|16
|
|t:|1779566120
|move|p1a: Blissey|Soft-Boiled|p1a: Blissey
|-heal|p1a: Blissey|100/100
|move|p2a: Hatterene|Calm Mind|p2a: Hatterene
|-boost|p2a: Hatterene|spa|1
|-boost|p2a: Hatterene|spd|1
|
|-heal|p2a: Hatterene|94/100 psn|[from] item: Leftovers
|-damage|p2a: Hatterene|82/100 psn|[from] psn
|upkeep
|turn|17
|
|t:|1779566131
|switch|p1a: Darkrai|Darkrai|100/100
|move|p2a: Hatterene|Calm Mind|p2a: Hatterene
|-boost|p2a: Hatterene|spa|1
|-boost|p2a: Hatterene|spd|1
|
|-heal|p2a: Hatterene|88/100 psn|[from] item: Leftovers
|-damage|p2a: Hatterene|76/100 psn|[from] psn
|upkeep
|turn|18
|
|t:|1779566137
|-terastallize|p1a: Darkrai|Poison
|move|p1a: Darkrai|Sludge Bomb|p2a: Hatterene
|-crit|p2a: Hatterene
|-damage|p2a: Hatterene|2/100 psn
|move|p2a: Hatterene|Draining Kiss|p1a: Darkrai
|-resisted|p1a: Darkrai
|-damage|p1a: Darkrai|52/100
|-heal|p2a: Hatterene|34/100 psn|[from] drain|[of] p1a: Darkrai
|
|-heal|p2a: Hatterene|40/100 psn|[from] item: Leftovers
|-damage|p2a: Hatterene|28/100 psn|[from] psn
|upkeep
|turn|19
|
|t:|1779566153
|move|p1a: Darkrai|Sludge Bomb|p2a: Hatterene
|-damage|p2a: Hatterene|15/100 psn
|move|p2a: Hatterene|Draining Kiss|p1a: Darkrai
|-resisted|p1a: Darkrai
|-damage|p1a: Darkrai|5/100
|-heal|p2a: Hatterene|46/100 psn|[from] drain|[of] p1a: Darkrai
|
|-heal|p2a: Hatterene|52/100 psn|[from] item: Leftovers
|-damage|p2a: Hatterene|40/100 psn|[from] psn
|upkeep
|turn|20
|
|t:|1779566156
|move|p1a: Darkrai|Sludge Bomb|p2a: Hatterene
|-damage|p2a: Hatterene|26/100 psn
|move|p2a: Hatterene|Draining Kiss|p1a: Darkrai
|-resisted|p1a: Darkrai
|-damage|p1a: Darkrai|0 fnt
|-heal|p2a: Hatterene|29/100 psn|[from] drain|[of] p1a: Darkrai
|faint|p1a: Darkrai
|
|-heal|p2a: Hatterene|35/100 psn|[from] item: Leftovers
|-damage|p2a: Hatterene|23/100 psn|[from] psn
|upkeep
|
|t:|1779566161
|switch|p1a: Slither Wing|Slither Wing|100/100
|turn|21
|
|t:|1779566164
|move|p1a: Slither Wing|First Impression|p2a: Hatterene
|-damage|p2a: Hatterene|0 fnt
|faint|p2a: Hatterene
|
|upkeep
|
|t:|1779566174
|switch|p2a: Zamazenta|Zamazenta|94/100 brn
|turn|22
|
|t:|1779566180
|move|p2a: Zamazenta|Reflect|p2a: Zamazenta
|-sidestart|p2: iCharaRip|Reflect
|move|p1a: Slither Wing|U-turn|p2a: Zamazenta
|-resisted|p2a: Zamazenta
|-damage|p2a: Zamazenta|88/100 brn
|inactive|itsJhostin has 270 seconds left.
|
|t:|1779566185
|-end|p1a: Slither Wing|Protosynthesis|[silent]
|switch|p1a: Exeggutor|Exeggutor, M|100/100|[from] U-turn
|
|-damage|p2a: Zamazenta|82/100 brn|[from] brn
|upkeep
|turn|23
|
|t:|1779566192
|switch|p2a: Iron Moth|Iron Moth|94/100
|move|p1a: Exeggutor|Substitute|p1a: Exeggutor
|-start|p1a: Exeggutor|Substitute
|-damage|p1a: Exeggutor|75/100
|
|upkeep
|turn|24
|
|t:|1779566199
|move|p2a: Iron Moth|Fiery Dance|p1a: Exeggutor
|-supereffective|p1a: Exeggutor
|-end|p1a: Exeggutor|Substitute
|-boost|p2a: Iron Moth|spa|1
|move|p1a: Exeggutor|Substitute|p1a: Exeggutor
|-start|p1a: Exeggutor|Substitute
|-damage|p1a: Exeggutor|50/100
|
|upkeep
|turn|25
|
|t:|1779566207
|move|p2a: Iron Moth|Fiery Dance|p1a: Exeggutor
|-supereffective|p1a: Exeggutor
|-end|p1a: Exeggutor|Substitute
|move|p1a: Exeggutor|Substitute|p1a: Exeggutor
|-start|p1a: Exeggutor|Substitute
|-damage|p1a: Exeggutor|25/100
|-enditem|p1a: Exeggutor|Starf Berry|[eat]
|-boost|p1a: Exeggutor|spe|2|[from] item: Starf Berry
|
|upkeep
|turn|26
|
|t:|1779566210
|move|p1a: Exeggutor|Protect|p1a: Exeggutor
|-singleturn|p1a: Exeggutor|Protect
|move|p2a: Iron Moth|Fiery Dance|p1a: Exeggutor
|-activate|p1a: Exeggutor|move: Protect
|
|upkeep
|turn|27
|
|t:|1779566236
|move|p2a: Iron Moth|Fiery Dance|p1a: Exeggutor
|-supereffective|p1a: Exeggutor
|-end|p1a: Exeggutor|Substitute
|-boost|p2a: Iron Moth|spa|1
|move|p1a: Exeggutor|Stored Power|p2a: Iron Moth
|-supereffective|p2a: Iron Moth
|-damage|p2a: Iron Moth|45/100
|
|-item|p1a: Exeggutor|Starf Berry|[from] ability: Harvest
|upkeep
|-enditem|p1a: Exeggutor|Starf Berry|[eat]
|-boost|p1a: Exeggutor|spd|2|[from] item: Starf Berry
|turn|28
|
|t:|1779566256
|move|p1a: Exeggutor|Protect|p1a: Exeggutor
|-singleturn|p1a: Exeggutor|Protect
|move|p2a: Iron Moth|Fiery Dance|p1a: Exeggutor
|-activate|p1a: Exeggutor|move: Protect
|
|-item|p1a: Exeggutor|Starf Berry|[from] ability: Harvest
|upkeep
|-enditem|p1a: Exeggutor|Starf Berry|[eat]
|-boost|p1a: Exeggutor|spa|2|[from] item: Starf Berry
|turn|29
|
|t:|1779566261
|move|p1a: Exeggutor|Protect||[still]
|-fail|p1a: Exeggutor
|move|p2a: Iron Moth|Fiery Dance|p1a: Exeggutor
|-supereffective|p1a: Exeggutor
|-damage|p1a: Exeggutor|0 fnt
|faint|p1a: Exeggutor
|
|-sideend|p2: iCharaRip|Reflect
|upkeep
|
|t:|1779566264
|switch|p1a: Blissey|Blissey, F|100/100
|turn|30
|
|t:|1779566269
|-end|p2a: Iron Moth|Quark Drive|[silent]
|switch|p2a: Gliscor|Gliscor, F|100/100
|move|p1a: Blissey|Flamethrower|p2a: Gliscor
|-damage|p2a: Gliscor|71/100
|
|-status|p2a: Gliscor|tox|[from] item: Toxic Orb
|upkeep
|turn|31
|
|t:|1779566274
|switch|p1a: Slither Wing|Slither Wing|100/100
|move|p2a: Gliscor|Swords Dance|p2a: Gliscor
|-boost|p2a: Gliscor|atk|2
|
|-heal|p2a: Gliscor|83/100 tox|[from] ability: Poison Heal
|upkeep
|turn|32
|
|t:|1779566284
|move|p2a: Gliscor|Facade|p1a: Slither Wing
|-damage|p1a: Slither Wing|35/100
|move|p1a: Slither Wing|U-turn|p2a: Gliscor
|-resisted|p2a: Gliscor
|-damage|p2a: Gliscor|70/100 tox
|
|t:|1779566286
|-end|p1a: Slither Wing|Protosynthesis|[silent]
|switch|p1a: Blissey|Blissey, F|100/100|[from] U-turn
|
|-heal|p2a: Gliscor|82/100 tox|[from] ability: Poison Heal
|upkeep
|turn|33
|
|t:|1779566289
|move|p2a: Gliscor|Facade|p1a: Blissey
|-damage|p1a: Blissey|20/100
|move|p1a: Blissey|Ice Beam|p2a: Gliscor
|-supereffective|p2a: Gliscor
|-crit|p2a: Gliscor
|-damage|p2a: Gliscor|0 fnt
|faint|p2a: Gliscor
|
|upkeep
|
|t:|1779566295
|switch|p2a: Ogerpon|Ogerpon-Wellspring, F|100/100
|turn|34
|
|t:|1779566307
|move|p2a: Ogerpon|Ivy Cudgel|p1a: Blissey|[anim] Ivy Cudgel Water
|-damage|p1a: Blissey|0 fnt
|faint|p1a: Blissey
|
|upkeep
|
|t:|1779566308
|switch|p1a: Slither Wing|Slither Wing|35/100
|turn|35
|
|t:|1779566334
|move|p2a: Ogerpon|Ivy Cudgel|p1a: Slither Wing|[anim] Ivy Cudgel Water
|-damage|p1a: Slither Wing|0 fnt
|faint|p1a: Slither Wing
|-end|p1a: Slither Wing|Protosynthesis|[silent]
|
|win|iCharaRip
|c|☆itsJhostin|Gg
