|j|☆lokixftw
|j|☆wizardrex
|t:|1779602653
|gametype|singles
|player|p1|lokixftw|lusamine-nihilego|1228
|player|p2|wizardrex|101|1256
|gen|9
|tier|[Gen 9] OU
|rated|
|rule|HP Percentage Mod: HP is shown in percentages
|rule|Endless Battle Clause: Forcing endless battles is banned
|rule|Species Clause: Limit one of each Pokémon
|rule|OHKO Clause: OHKO moves are banned
|rule|Evasion Items Clause: Evasion items are banned
|rule|Evasion Moves Clause: Evasion moves are banned
|rule|Evasion Abilities Clause: Evasion abilities are banned
|rule|Sleep Moves Clause: Sleep-inducing moves are banned
|clearpoke
|poke|p1|Lokix, M|
|poke|p1|Kyurem|
|poke|p1|Enamorus, F|
|poke|p1|Great Tusk|
|poke|p1|Slowking-Galar, M|
|poke|p1|Alomomola, F|
|poke|p2|Weezing-Galar, M|
|poke|p2|Garganacl, F|
|poke|p2|Ting-Lu|
|poke|p2|Iron Crown|
|poke|p2|Alomomola, M|
|poke|p2|Rotom-Wash|
|teampreview
|inactive|Battle timer is ON: inactive players will automatically lose when time's up. (requested by lokixftw)
|
|t:|1779602672
|teamsize|p1|6
|teamsize|p2|6
|start
|switch|p1a: Kyurem|Kyurem|100/100
|switch|p2a: Garganacl|Garganacl, F|100/100
|-ability|p1a: Kyurem|Pressure
|turn|1
|
|t:|1779602686
|move|p1a: Kyurem|Earth Power|p2a: Garganacl
|-supereffective|p2a: Garganacl
|-damage|p2a: Garganacl|7/100
|move|p2a: Garganacl|Salt Cure|p1a: Kyurem
|-supereffective|p1a: Kyurem
|-damage|p1a: Kyurem|74/100
|-start|p1a: Kyurem|Salt Cure
|
|-heal|p2a: Garganacl|14/100|[from] item: Leftovers
|-damage|p1a: Kyurem|62/100|[from] Salt Cure
|upkeep
|turn|2
|
|t:|1779602707
|switch|p1a: Lokix|Lokix, M|100/100
|move|p2a: Garganacl|Protect||[still]
|-fail|p2a: Garganacl
|
|-heal|p2a: Garganacl|20/100|[from] item: Leftovers
|upkeep
|turn|3
|
|t:|1779602713
|switch|p2a: Weezing|Weezing-Galar, M|100/100
|-ability|p2a: Weezing|Neutralizing Gas
|move|p1a: Lokix|U-turn|p2a: Weezing
|-resisted|p2a: Weezing
|-damage|p2a: Weezing|92/100
|
|t:|1779602724
|switch|p1a: Slowking|Slowking-Galar, M|100/100|[from] U-turn
|
|upkeep
|turn|4
|
|t:|1779602730
|move|p2a: Weezing|Strange Steam|p1a: Slowking
|-resisted|p1a: Slowking
|-damage|p1a: Slowking|92/100
|-prepare|p1a: Slowking|Chilly Reception|[premajor]
|move|p1a: Slowking|Chilly Reception|p1a: Slowking
|-weather|Snowscape
|
|t:|1779602735
|switch|p1a: Great Tusk|Great Tusk|100/100|[from] Chilly Reception
|
|-weather|Snowscape|[upkeep]
|upkeep
|turn|5
|
|t:|1779602741
|-end|p2a: Weezing|ability: Neutralizing Gas
|switch|p2a: Rotom|Rotom-Wash|100/100
|move|p1a: Great Tusk|Headlong Rush|p2a: Rotom
|-immune|p2a: Rotom|[from] ability: Levitate
|
|-weather|Snowscape|[upkeep]
|upkeep
|turn|6
|
|t:|1779602746
|-end|p1a: Great Tusk|Protosynthesis|[silent]
|switch|p1a: Slowking|Slowking-Galar, M|92/100
|move|p2a: Rotom|Hydro Pump|p1a: Slowking
|-damage|p1a: Slowking|70/100
|
|-weather|Snowscape|[upkeep]
|upkeep
|turn|7
|
|t:|1779602754
|move|p2a: Rotom|Volt Switch|p1a: Slowking
|-damage|p1a: Slowking|55/100
|
|t:|1779602757
|switch|p2a: Garganacl|Garganacl, F|20/100|[from] Volt Switch
|-prepare|p1a: Slowking|Chilly Reception|[premajor]
|move|p1a: Slowking|Chilly Reception|p1a: Slowking
|
|t:|1779602777
|switch|p1a: Enamorus|Enamorus, F|100/100|[from] Chilly Reception
|
|-weather|Snowscape|[upkeep]
|-heal|p2a: Garganacl|26/100|[from] item: Leftovers
|upkeep
|turn|8
|
|t:|1779602788
|switch|p2a: Ting-Lu|Ting-Lu|100/100
|-ability|p2a: Ting-Lu|Vessel of Ruin
|move|p1a: Enamorus|Earth Power|p2a: Ting-Lu
|-damage|p2a: Ting-Lu|87/100
|
|-weather|none
|-heal|p2a: Ting-Lu|93/100|[from] item: Leftovers
|upkeep
|turn|9
|
|t:|1779602793
|switch|p1a: Lokix|Lokix, M|100/100
|move|p2a: Ting-Lu|Stealth Rock|p1a: Lokix
|-sidestart|p1: lokixftw|move: Stealth Rock
|
|-heal|p2a: Ting-Lu|99/100|[from] item: Leftovers
|upkeep
|turn|10
|
|t:|1779602801
|switch|p2a: Weezing|Weezing-Galar, M|92/100
|-ability|p2a: Weezing|Neutralizing Gas
|move|p1a: Lokix|Knock Off|p2a: Weezing
|-resisted|p2a: Weezing
|-damage|p2a: Weezing|68/100
|-enditem|p2a: Weezing|Heavy-Duty Boots|[from] move: Knock Off|[of] p1a: Lokix
|
|upkeep
|turn|11
|
|t:|1779602815
|switch|p1a: Slowking|Slowking-Galar, M|88/100
|-end|p2a: Weezing|ability: Neutralizing Gas
|switch|p2a: Garganacl|Garganacl, F|26/100
|
|-heal|p2a: Garganacl|32/100|[from] item: Leftovers
|upkeep
|turn|12
|
|t:|1779602822
|move|p2a: Garganacl|Recover|p2a: Garganacl
|-heal|p2a: Garganacl|82/100
|move|p1a: Slowking|Future Sight|p2a: Garganacl
|-start|p1a: Slowking|move: Future Sight
|
|-heal|p2a: Garganacl|88/100|[from] item: Leftovers
|upkeep
|turn|13
|
|t:|1779602826
|move|p2a: Garganacl|Earthquake|p1a: Slowking
|-supereffective|p1a: Slowking
|-crit|p1a: Slowking
|-damage|p1a: Slowking|22/100
|-prepare|p1a: Slowking|Chilly Reception|[premajor]
|move|p1a: Slowking|Chilly Reception|p1a: Slowking
|-weather|Snowscape
|
|t:|1779602835
|switch|p1a: Great Tusk|Great Tusk|100/100|[from] Chilly Reception
|
|-weather|Snowscape|[upkeep]
|-heal|p2a: Garganacl|95/100|[from] item: Leftovers
|upkeep
|turn|14
|
|t:|1779602846
|switch|p2a: Rotom|Rotom-Wash|100/100
|move|p1a: Great Tusk|Rapid Spin|p2a: Rotom
|-damage|p2a: Rotom|83/100
|-boost|p1a: Great Tusk|spe|1
|-sideend|p1: lokixftw|Stealth Rock|[from] move: Rapid Spin|[of] p1a: Great Tusk
|
|-weather|Snowscape|[upkeep]
|-end|p2a: Rotom|move: Future Sight
|-damage|p2a: Rotom|47/100
|-heal|p2a: Rotom|53/100|[from] item: Leftovers
|upkeep
|turn|15
|
|t:|1779602854
|-end|p1a: Great Tusk|Protosynthesis|[silent]
|switch|p1a: Kyurem|Kyurem|62/100
|-ability|p1a: Kyurem|Pressure
|move|p2a: Rotom|Hydro Pump|p1a: Kyurem
|-resisted|p1a: Kyurem
|-damage|p1a: Kyurem|42/100
|
|-weather|Snowscape|[upkeep]
|-heal|p2a: Rotom|59/100|[from] item: Leftovers
|upkeep
|turn|16
|
|t:|1779602874
|switch|p2a: Iron Crown|Iron Crown|100/100
|move|p1a: Kyurem|Freeze-Dry|p2a: Iron Crown
|-resisted|p2a: Iron Crown
|-damage|p2a: Iron Crown|81/100
|-status|p2a: Iron Crown|frz
|
|-weather|Snowscape|[upkeep]
|upkeep
|turn|17
|
|t:|1779602886
|switch|p1a: Slowking|Slowking-Galar, M|55/100
|cant|p2a: Iron Crown|frz
|
|-weather|none
|upkeep
|turn|18
|
|t:|1779602892
|-curestatus|p2a: Iron Crown|frz|[msg]
|move|p2a: Iron Crown|Future Sight|p1a: Slowking
|-start|p2a: Iron Crown|move: Future Sight
|-prepare|p1a: Slowking|Chilly Reception|[premajor]
|move|p1a: Slowking|Chilly Reception|p1a: Slowking
|-weather|Snowscape
|
|t:|1779602905
|switch|p1a: Enamorus|Enamorus, F|100/100|[from] Chilly Reception
|
|-weather|Snowscape|[upkeep]
|upkeep
|turn|19
|
|t:|1779602913
|switch|p1a: Slowking|Slowking-Galar, M|89/100
|move|p2a: Iron Crown|Tachyon Cutter|p1a: Slowking
|-damage|p1a: Slowking|75/100
|-damage|p1a: Slowking|60/100
|-hitcount|p1a: Slowking|2
|
|-weather|Snowscape|[upkeep]
|upkeep
|turn|20
|
|t:|1779602927
|switch|p1a: Alomomola|Alomomola, F|100/100
|move|p2a: Iron Crown|Tachyon Cutter|p1a: Alomomola
|-resisted|p1a: Alomomola
|-damage|p1a: Alomomola|87/100
|-resisted|p1a: Alomomola
|-damage|p1a: Alomomola|71/100
|-hitcount|p1a: Alomomola|2
|
|-weather|Snowscape|[upkeep]
|-end|p1a: Alomomola|move: Future Sight
|-damage|p1a: Alomomola|0 fnt
|faint|p1a: Alomomola
|upkeep
|
|t:|1779602938
|switch|p1a: Great Tusk|Great Tusk|100/100
|turn|21
|
|t:|1779602948
|-end|p2a: Iron Crown|Quark Drive|[silent]
|switch|p2a: Rotom|Rotom-Wash|59/100
|move|p1a: Great Tusk|Stealth Rock|p2a: Rotom
|-sidestart|p2: wizardrex|move: Stealth Rock
|
|-weather|Snowscape|[upkeep]
|-heal|p2a: Rotom|66/100|[from] item: Leftovers
|upkeep
|turn|22
|
|t:|1779602957
|-end|p1a: Great Tusk|Protosynthesis|[silent]
|switch|p1a: Slowking|Slowking-Galar, M|93/100
|move|p2a: Rotom|Will-O-Wisp|p1a: Slowking
|-status|p1a: Slowking|brn
|
|-weather|none
|-heal|p2a: Rotom|72/100|[from] item: Leftovers
|-damage|p1a: Slowking|87/100 brn|[from] brn
|upkeep
|turn|23
|
|t:|1779602965
|move|p2a: Rotom|Volt Switch|p1a: Slowking
|-crit|p1a: Slowking
|-damage|p1a: Slowking|64/100 brn
|
|t:|1779602975
|switch|p2a: Garganacl|Garganacl, F|95/100|[from] Volt Switch
|-damage|p2a: Garganacl|82/100|[from] Stealth Rock
|-prepare|p1a: Slowking|Chilly Reception|[premajor]
|move|p1a: Slowking|Chilly Reception|p1a: Slowking
|-weather|Snowscape
|
|t:|1779603004
|switch|p1a: Lokix|Lokix, M|100/100|[from] Chilly Reception
|
|-weather|Snowscape|[upkeep]
|-heal|p2a: Garganacl|88/100|[from] item: Leftovers
|upkeep
|turn|24
|
|t:|1779603021
|move|p1a: Lokix|U-turn|p2a: Garganacl
|-damage|p2a: Garganacl|61/100
|
|t:|1779603024
|switch|p1a: Great Tusk|Great Tusk|100/100|[from] U-turn
|move|p2a: Garganacl|Salt Cure|p1a: Great Tusk
|-resisted|p1a: Great Tusk
|-damage|p1a: Great Tusk|98/100
|-start|p1a: Great Tusk|Salt Cure
|
|-weather|Snowscape|[upkeep]
|-heal|p2a: Garganacl|68/100|[from] item: Leftovers
|-damage|p1a: Great Tusk|86/100|[from] Salt Cure
|upkeep
|turn|25
|
|t:|1779603033
|-end|p1a: Great Tusk|Protosynthesis|[silent]
|switch|p1a: Lokix|Lokix, M|100/100
|move|p2a: Garganacl|Protect||[still]
|-fail|p2a: Garganacl
|
|-weather|Snowscape|[upkeep]
|-heal|p2a: Garganacl|74/100|[from] item: Leftovers
|upkeep
|turn|26
|
|t:|1779603058
|-terastallize|p1a: Lokix|Bug
|move|p1a: Lokix|Leech Life|p2a: Garganacl
|-damage|p2a: Garganacl|35/100
|move|p2a: Garganacl|Salt Cure|p1a: Lokix
|-supereffective|p1a: Lokix
|-damage|p1a: Lokix|60/100
|-start|p1a: Lokix|Salt Cure
|
|-weather|Snowscape|[upkeep]
|-heal|p2a: Garganacl|41/100|[from] item: Leftovers
|-damage|p1a: Lokix|48/100|[from] Salt Cure
|upkeep
|turn|27
|
|t:|1779603077
|move|p2a: Garganacl|Protect|p2a: Garganacl
|-singleturn|p2a: Garganacl|Protect
|move|p1a: Lokix|Leech Life|p2a: Garganacl
|-activate|p2a: Garganacl|move: Protect
|
|-weather|none
|-heal|p2a: Garganacl|47/100|[from] item: Leftovers
|-damage|p1a: Lokix|35/100|[from] Salt Cure
|upkeep
|turn|28
|
|t:|1779603089
|move|p1a: Lokix|Leech Life|p2a: Garganacl
|-damage|p2a: Garganacl|7/100
|-heal|p1a: Lokix|64/100|[from] drain|[of] p2a: Garganacl
|move|p2a: Garganacl|Recover|p2a: Garganacl
|-heal|p2a: Garganacl|57/100
|
|-heal|p2a: Garganacl|64/100|[from] item: Leftovers
|-damage|p1a: Lokix|51/100|[from] Salt Cure
|upkeep
|turn|29
|
|t:|1779603099
|move|p2a: Garganacl|Protect|p2a: Garganacl
|-singleturn|p2a: Garganacl|Protect
|move|p1a: Lokix|Leech Life|p2a: Garganacl
|-activate|p2a: Garganacl|move: Protect
|
|-heal|p2a: Garganacl|70/100|[from] item: Leftovers
|-damage|p1a: Lokix|39/100|[from] Salt Cure
|upkeep
|turn|30
|
|t:|1779603106
|move|p1a: Lokix|Leech Life|p2a: Garganacl
|-damage|p2a: Garganacl|29/100
|-heal|p1a: Lokix|68/100|[from] drain|[of] p2a: Garganacl
|move|p2a: Garganacl|Recover|p2a: Garganacl
|-heal|p2a: Garganacl|79/100
|
|-heal|p2a: Garganacl|85/100|[from] item: Leftovers
|-damage|p1a: Lokix|56/100|[from] Salt Cure
|upkeep
|turn|31
|
|t:|1779603115
|switch|p1a: Kyurem|Kyurem|42/100
|-ability|p1a: Kyurem|Pressure
|move|p2a: Garganacl|Protect||[still]
|-fail|p2a: Garganacl
|
|-heal|p2a: Garganacl|91/100|[from] item: Leftovers
|upkeep
|turn|32
|
|t:|1779603120
|move|p1a: Kyurem|Earth Power|p2a: Garganacl
|-supereffective|p2a: Garganacl
|-damage|p2a: Garganacl|5/100
|-unboost|p2a: Garganacl|spd|1
|move|p2a: Garganacl|Salt Cure|p1a: Kyurem
|-supereffective|p1a: Kyurem
|-damage|p1a: Kyurem|16/100
|-start|p1a: Kyurem|Salt Cure
|
|-heal|p2a: Garganacl|11/100|[from] item: Leftovers
|-damage|p1a: Kyurem|4/100|[from] Salt Cure
|upkeep
|turn|33
|
|t:|1779603144
|switch|p1a: Enamorus|Enamorus, F|100/100
|move|p2a: Garganacl|Salt Cure|p1a: Enamorus
|-supereffective|p1a: Enamorus
|-damage|p1a: Enamorus|54/100
|-start|p1a: Enamorus|Salt Cure
|
|-heal|p2a: Garganacl|17/100|[from] item: Leftovers
|-damage|p1a: Enamorus|42/100|[from] Salt Cure
|upkeep
|turn|34
|
|t:|1779603155
|move|p2a: Garganacl|Protect|p2a: Garganacl
|-singleturn|p2a: Garganacl|Protect
|move|p1a: Enamorus|Moonblast|p2a: Garganacl
|-activate|p2a: Garganacl|move: Protect
|
|-heal|p2a: Garganacl|24/100|[from] item: Leftovers
|-damage|p1a: Enamorus|29/100|[from] Salt Cure
|upkeep
|turn|35
|
|t:|1779603161
|switch|p2a: Rotom|Rotom-Wash|72/100
|-damage|p2a: Rotom|59/100|[from] Stealth Rock
|move|p1a: Enamorus|Moonblast|p2a: Rotom
|-damage|p2a: Rotom|13/100
|-unboost|p2a: Rotom|spa|1
|
|-heal|p2a: Rotom|19/100|[from] item: Leftovers
|-damage|p1a: Enamorus|17/100|[from] Salt Cure
|upkeep
|turn|36
|
|t:|1779603188
|move|p1a: Enamorus|Moonblast|p2a: Rotom
|-damage|p2a: Rotom|0 fnt
|faint|p2a: Rotom
|
|-damage|p1a: Enamorus|4/100|[from] Salt Cure
|upkeep
|
|t:|1779603192
|switch|p2a: Alomomola|Alomomola, M|100/100
|turn|37
|inactive|lokixftw has 120 seconds left.
|
|t:|1779603214
|switch|p1a: Slowking|Slowking-Galar, M|98/100 brn
|move|p2a: Alomomola|Wish|p2a: Alomomola
|
|-damage|p1a: Slowking|92/100 brn|[from] brn
|upkeep
|turn|38
|inactive|lokixftw has 120 seconds left.
|
|t:|1779603247
|move|p2a: Alomomola|Flip Turn|p1a: Slowking
|-damage|p1a: Slowking|73/100 brn
|
|t:|1779603251
|switch|p2a: Garganacl|Garganacl, F|24/100|[from] Flip Turn
|-damage|p2a: Garganacl|11/100|[from] Stealth Rock
|move|p1a: Slowking|Sludge Bomb|p2a: Garganacl
|-resisted|p2a: Garganacl
|-damage|p2a: Garganacl|0 fnt
|faint|p2a: Garganacl
|
|-damage|p1a: Slowking|67/100 brn|[from] brn
|upkeep
|
|t:|1779603260
|switch|p2a: Iron Crown|Iron Crown|81/100
|-damage|p2a: Iron Crown|75/100|[from] Stealth Rock
|turn|39
|
|t:|1779603282
|move|p2a: Iron Crown|Future Sight|p1a: Slowking
|-start|p2a: Iron Crown|move: Future Sight
|-prepare|p1a: Slowking|Chilly Reception|[premajor]
|move|p1a: Slowking|Chilly Reception|p1a: Slowking
|-weather|Snowscape
|inactive|lokixftw has 90 seconds left.
|
|t:|1779603322
|switch|p1a: Great Tusk|Great Tusk|86/100|[from] Chilly Reception
|
|-weather|Snowscape|[upkeep]
|upkeep
|turn|40
|
|t:|1779603332
|-end|p2a: Iron Crown|Quark Drive|[silent]
|switch|p2a: Alomomola|Alomomola, M|100/100
|move|p1a: Great Tusk|Headlong Rush|p2a: Alomomola
|-damage|p2a: Alomomola|69/100
|-unboost|p1a: Great Tusk|def|1
|-unboost|p1a: Great Tusk|spd|1
|
|-weather|Snowscape|[upkeep]
|upkeep
|turn|41
|inactive|lokixftw has 60 seconds left.
|
|t:|1779603364
|-end|p1a: Great Tusk|Protosynthesis|[silent]
|switch|p1a: Slowking|Slowking-Galar, M|99/100 brn
|move|p2a: Alomomola|Flip Turn|p1a: Slowking
|-damage|p1a: Slowking|83/100 brn
|
|t:|1779603373
|switch|p2a: Ting-Lu|Ting-Lu|99/100|[from] Flip Turn
|-damage|p2a: Ting-Lu|93/100|[from] Stealth Rock
|-ability|p2a: Ting-Lu|Vessel of Ruin
|
|-weather|Snowscape|[upkeep]
|-end|p1a: Slowking|move: Future Sight
|-damage|p1a: Slowking|55/100 brn
|-heal|p2a: Ting-Lu|99/100|[from] item: Leftovers
|-damage|p1a: Slowking|49/100 brn|[from] brn
|upkeep
|turn|42
|inactive|lokixftw has 60 seconds left.
|inactive|lokixftw has 30 seconds left.
|
|t:|1779603420
|switch|p1a: Lokix|Lokix, M, tera:Bug|56/100
|move|p2a: Ting-Lu|Stealth Rock|p1a: Lokix
|-sidestart|p1: lokixftw|move: Stealth Rock
|
|-weather|Snowscape|[upkeep]
|-heal|p2a: Ting-Lu|100/100|[from] item: Leftovers
|upkeep
|turn|43
|inactive|lokixftw has 30 seconds left.
|inactive|lokixftw has 20 seconds left.
|inactive|lokixftw has 15 seconds left.
|
|t:|1779603448
|switch|p2a: Weezing|Weezing-Galar, M|68/100
|-ability|p2a: Weezing|Neutralizing Gas
|-damage|p2a: Weezing|56/100|[from] Stealth Rock
|move|p1a: Lokix|Leech Life|p2a: Weezing
|-resisted|p2a: Weezing
|-damage|p2a: Weezing|44/100
|-heal|p1a: Lokix|63/100|[from] drain|[of] p2a: Weezing
|
|-weather|none
|upkeep
|turn|44
|inactive|lokixftw has 25 seconds left this turn.
|inactive|lokixftw has 20 seconds left.
|
|t:|1779603458
|switch|p1a: Great Tusk|Great Tusk|86/100
|move|p2a: Weezing|Toxic|p1a: Great Tusk
|-status|p1a: Great Tusk|tox
|
|-damage|p1a: Great Tusk|79/100 tox|[from] psn
|upkeep
|turn|45
|inactive|lokixftw has 30 seconds left this turn.
|
|t:|1779603464
|-end|p2a: Weezing|ability: Neutralizing Gas
|switch|p2a: Alomomola|Alomomola, M|100/100
|move|p1a: Great Tusk|Rapid Spin|p2a: Alomomola
|-damage|p2a: Alomomola|90/100
|-boost|p1a: Great Tusk|spe|1
|-sideend|p1: lokixftw|Stealth Rock|[from] move: Rapid Spin|[of] p1a: Great Tusk
|
|-damage|p1a: Great Tusk|67/100 tox|[from] psn
|upkeep
|turn|46
|inactive|lokixftw has 30 seconds left.
|
|t:|1779603473
|-end|p1a: Great Tusk|Protosynthesis|[silent]
|switch|p1a: Slowking|Slowking-Galar, M|82/100 brn
|move|p2a: Alomomola|Flip Turn|p1a: Slowking
|-damage|p1a: Slowking|64/100 brn
|
|t:|1779603476
|switch|p2a: Ting-Lu|Ting-Lu|100/100|[from] Flip Turn
|-damage|p2a: Ting-Lu|94/100|[from] Stealth Rock
|-ability|p2a: Ting-Lu|Vessel of Ruin
|
|-heal|p2a: Ting-Lu|100/100|[from] item: Leftovers
|-damage|p1a: Slowking|58/100 brn|[from] brn
|upkeep
|turn|47
|
|t:|1779603480
|switch|p1a: Enamorus|Enamorus, F|4/100
|move|p2a: Ting-Lu|Stealth Rock|p1a: Enamorus
|-sidestart|p1: lokixftw|move: Stealth Rock
|
|upkeep
|turn|48
|
|t:|1779603484
|move|p1a: Enamorus|Healing Wish|p1a: Enamorus
|faint|p1a: Enamorus
|move|p2a: Ting-Lu|Ruination|p1: Enamorus|[notarget]
|-fail|p2a: Ting-Lu
|
|upkeep
|
|t:|1779603489
|switch|p1a: Kyurem|Kyurem|4/100
|-heal|p1a: Kyurem|100/100|[from] move: Healing Wish
|-damage|p1a: Kyurem|76/100|[from] Stealth Rock
|-ability|p1a: Kyurem|Pressure
|turn|49
|inactive|lokixftw has 60 seconds left.
|
|t:|1779603498
|move|p1a: Kyurem|Earth Power|p2a: Ting-Lu
|-damage|p2a: Ting-Lu|81/100
|move|p2a: Ting-Lu|Whirlwind|p1a: Kyurem
|drag|p1a: Great Tusk|Great Tusk|67/100 tox
|
|-heal|p2a: Ting-Lu|88/100|[from] item: Leftovers
|-damage|p1a: Great Tusk|61/100 tox|[from] psn
|upkeep
|turn|50
|
|t:|1779603507
|switch|p2a: Alomomola|Alomomola, M|100/100
|move|p1a: Great Tusk|Rapid Spin|p2a: Alomomola
|-damage|p2a: Alomomola|90/100
|-boost|p1a: Great Tusk|spe|1
|-sideend|p1: lokixftw|Stealth Rock|[from] move: Rapid Spin|[of] p1a: Great Tusk
|
|-damage|p1a: Great Tusk|48/100 tox|[from] psn
|upkeep
|turn|51
|inactive|lokixftw has 60 seconds left.
|
|t:|1779603536
|move|p1a: Great Tusk|Headlong Rush|p2a: Alomomola
|-damage|p2a: Alomomola|55/100
|-unboost|p1a: Great Tusk|def|1
|-unboost|p1a: Great Tusk|spd|1
|move|p2a: Alomomola|Wish|p2a: Alomomola
|
|-damage|p1a: Great Tusk|30/100 tox|[from] psn
|upkeep
|turn|52
|inactive|lokixftw has 60 seconds left.
|
|t:|1779603547
|move|p1a: Great Tusk|Headlong Rush|p2a: Alomomola
|-damage|p2a: Alomomola|20/100
|-unboost|p1a: Great Tusk|def|1
|-unboost|p1a: Great Tusk|spd|1
|move|p2a: Alomomola|Flip Turn|p1a: Great Tusk
|-supereffective|p1a: Great Tusk
|-damage|p1a: Great Tusk|0 fnt
|faint|p1a: Great Tusk
|-end|p1a: Great Tusk|Protosynthesis|[silent]
|
|t:|1779603555
|switch|p2a: Weezing|Weezing-Galar, M|44/100|[from] Flip Turn
|-ability|p2a: Weezing|Neutralizing Gas
|-damage|p2a: Weezing|32/100|[from] Stealth Rock
|
|-heal|p2a: Weezing|100/100|[from] move: Wish|[wisher] Alomomola
|upkeep
|inactive|lokixftw has 60 seconds left.
|
|t:|1779603572
|switch|p1a: Slowking|Slowking-Galar, M|92/100 brn
|turn|53
|inactive|wizardrex has 120 seconds left.
|
|t:|1779603619
|-end|p2a: Weezing|ability: Neutralizing Gas
|switch|p2a: Alomomola|Alomomola, M|53/100
|move|p1a: Slowking|Future Sight|p2a: Alomomola
|-start|p1a: Slowking|move: Future Sight
|
|-damage|p1a: Slowking|86/100 brn|[from] brn
|upkeep
|turn|54
|
|t:|1779603628
|move|p2a: Alomomola|Wish|p2a: Alomomola
|move|p1a: Slowking|Sludge Bomb|p2a: Alomomola
|-damage|p2a: Alomomola|17/100
|
|-damage|p1a: Slowking|79/100 brn|[from] brn
|upkeep
|turn|55
|
|t:|1779603640
|move|p2a: Alomomola|Flip Turn|p1a: Slowking
|-damage|p1a: Slowking|63/100 brn
|
|t:|1779603643
|switch|p2a: Ting-Lu|Ting-Lu|88/100|[from] Flip Turn
|-damage|p2a: Ting-Lu|81/100|[from] Stealth Rock
|-ability|p2a: Ting-Lu|Vessel of Ruin
|move|p1a: Slowking|Toxic|p2a: Ting-Lu
|-status|p2a: Ting-Lu|tox
|
|-end|p2a: Ting-Lu|move: Future Sight
|-immune|p2a: Ting-Lu
|-heal|p2a: Ting-Lu|100/100 tox|[from] move: Wish|[wisher] Alomomola
|-damage|p2a: Ting-Lu|94/100 tox|[from] psn
|-damage|p1a: Slowking|57/100 brn|[from] brn
|upkeep
|turn|56
|
|t:|1779603656
|switch|p1a: Lokix|Lokix, M, tera:Bug|63/100
|move|p2a: Ting-Lu|Stealth Rock|p1a: Lokix
|-sidestart|p1: lokixftw|move: Stealth Rock
|
|-heal|p2a: Ting-Lu|100/100 tox|[from] item: Leftovers
|-damage|p2a: Ting-Lu|88/100 tox|[from] psn
|upkeep
|turn|57
|
|t:|1779603666
|switch|p2a: Weezing|Weezing-Galar, M|100/100
|-ability|p2a: Weezing|Neutralizing Gas
|-damage|p2a: Weezing|88/100|[from] Stealth Rock
|move|p1a: Lokix|U-turn|p2a: Weezing
|-resisted|p2a: Weezing
|-damage|p2a: Weezing|76/100
|
|t:|1779603673
|switch|p1a: Slowking|Slowking-Galar, M|90/100 brn|[from] U-turn
|
|-damage|p1a: Slowking|84/100 brn|[from] brn
|upkeep
|turn|58
|
|t:|1779603700
|-end|p2a: Weezing|ability: Neutralizing Gas
|switch|p2a: Iron Crown|Iron Crown|75/100
|-damage|p2a: Iron Crown|69/100|[from] Stealth Rock
|move|p1a: Slowking|Sludge Bomb|p2a: Iron Crown
|-immune|p2a: Iron Crown
|
|-damage|p1a: Slowking|78/100 brn|[from] brn
|upkeep
|turn|59
|
|t:|1779603709
|switch|p1a: Lokix|Lokix, M, tera:Bug|63/100
|-damage|p1a: Lokix|38/100|[from] Stealth Rock
|move|p2a: Iron Crown|Future Sight|p1a: Lokix
|-start|p2a: Iron Crown|move: Future Sight
|
|upkeep
|turn|60
|
|t:|1779603714
|-end|p2a: Iron Crown|Quark Drive|[silent]
|switch|p2a: Alomomola|Alomomola, M|50/100
|move|p1a: Lokix|First Impression|p2a: Alomomola
|-damage|p2a: Alomomola|3/100
|
|upkeep
|turn|61
|
|t:|1779603727
|switch|p1a: Slowking|Slowking-Galar, M|100/100 brn
|move|p2a: Alomomola|Wish|p2a: Alomomola
|
|-end|p1a: Slowking|move: Future Sight
|-crit|p1a: Slowking
|-damage|p1a: Slowking|45/100 brn
|-damage|p1a: Slowking|39/100 brn|[from] brn
|upkeep
|turn|62
|
|t:|1779603736
|move|p2a: Alomomola|Protect|p2a: Alomomola
|-singleturn|p2a: Alomomola|Protect
|-prepare|p1a: Slowking|Chilly Reception|[premajor]
|move|p1a: Slowking|Chilly Reception|p1a: Slowking
|-weather|Snowscape
|
|t:|1779603742
|switch|p1a: Kyurem|Kyurem|76/100|[from] Chilly Reception
|-damage|p1a: Kyurem|51/100|[from] Stealth Rock
|-ability|p1a: Kyurem|Pressure
|
|-weather|Snowscape|[upkeep]
|-heal|p2a: Alomomola|53/100|[from] move: Wish|[wisher] Alomomola
|upkeep
|turn|63
|
|t:|1779603767
|move|p1a: Kyurem|Earth Power|p2a: Alomomola
|-damage|p2a: Alomomola|0 fnt
|faint|p2a: Alomomola
|
|-weather|Snowscape|[upkeep]
|upkeep
|
|t:|1779603777
|switch|p2a: Iron Crown|Iron Crown|69/100
|-damage|p2a: Iron Crown|62/100|[from] Stealth Rock
|turn|64
|
|t:|1779603804
|move|p2a: Iron Crown|Tachyon Cutter|p1a: Kyurem
|-supereffective|p1a: Kyurem
|-damage|p1a: Kyurem|4/100
|-supereffective|p1a: Kyurem
|-damage|p1a: Kyurem|0 fnt
|faint|p1a: Kyurem
|-hitcount|p1: Kyurem|2
|
|-weather|Snowscape|[upkeep]
|upkeep
|inactive|lokixftw has 90 seconds left.
|
|t:|1779603815
|switch|p1a: Lokix|Lokix, M, tera:Bug|38/100
|-damage|p1a: Lokix|14/100|[from] Stealth Rock
|turn|65
|
|t:|1779603825
|-end|p2a: Iron Crown|Quark Drive|[silent]
|switch|p2a: Weezing|Weezing-Galar, M|76/100
|-ability|p2a: Weezing|Neutralizing Gas
|-damage|p2a: Weezing|64/100|[from] Stealth Rock
|move|p1a: Lokix|Leech Life|p2a: Weezing
|-resisted|p2a: Weezing
|-damage|p2a: Weezing|51/100
|-heal|p1a: Lokix|21/100|[from] drain|[of] p2a: Weezing
|
|-weather|Snowscape|[upkeep]
|upkeep
|turn|66
|inactive|wizardrex has 120 seconds left.
|
|t:|1779603862
|move|p1a: Lokix|Leech Life|p2a: Weezing
|-resisted|p2a: Weezing
|-damage|p2a: Weezing|37/100
|-heal|p1a: Lokix|29/100|[from] drain|[of] p2a: Weezing
|move|p2a: Weezing|Strange Steam|p1a: Lokix
|-damage|p1a: Lokix|0 fnt
|faint|p1a: Lokix
|
|-weather|none
|upkeep
|inactive|lokixftw has 90 seconds left.
|c|☆lokixftw|Gg
|-message|lokixftw forfeited.
|
|win|wizardrex
|raw|lokixftw's rating: 1228 &rarr; <strong>1205</strong><br />(-23 for losing)
|raw|wizardrex's rating: 1256 &rarr; <strong>1279</strong><br />(+23 for winning)
|l|☆lokixftw
|player|p1|
|l|☆wizardrex
|player|p2|
