|j|☆YoSoyDelBronx
|j|☆a2533540231
|t:|1779653701
|gametype|singles
|player|p1|YoSoyDelBronx|noland|1248
|player|p2|a2533540231|266|1224
|gen|9
|tier|[Gen 9] OU
|rated|
|rule|HP Percentage Mod: HP is shown in percentages
|rule|Endless Battle Clause: Forcing endless battles is banned
|rule|Species Clause: Limit one of each Pokémon
|rule|OHKO Clause: OHKO moves are banned
|rule|Evasion Items Clause: Evasion items are banned
|rule|Evasion Moves Clause: Evasion moves are banned
|rule|Evasion Abilities Clause: Evasion abilities are banned
|rule|Sleep Moves Clause: Sleep-inducing moves are banned
|clearpoke
|poke|p1|Ninetales, F|
|poke|p1|Venusaur, M|
|poke|p1|Walking Wake|
|poke|p1|Blaziken, F|
|poke|p1|Great Tusk|
|poke|p1|Slowbro-Galar, F|
|poke|p2|Corviknight, M|
|poke|p2|Hatterene, F|
|poke|p2|Clefable, F|
|poke|p2|Alomomola, M|
|poke|p2|Garchomp, M|
|poke|p2|Iron Treads|
|teampreview
|
|t:|1779653710
|teamsize|p1|6
|teamsize|p2|6
|start
|switch|p1a: Slowbro|Slowbro-Galar, F|100/100
|switch|p2a: Hatterene|Hatterene, F|100/100
|turn|1
|inactive|Battle timer is ON: inactive players will automatically lose when time's up. (requested by a2533540231)
|
|t:|1779653720
|move|p2a: Hatterene|Trick|p1a: Slowbro
|-activate|p2a: Hatterene|move: Trick|[of] p1a: Slowbro
|-item|p1a: Slowbro|Choice Scarf|[from] move: Trick
|-item|p2a: Hatterene|Weakness Policy|[from] move: Trick
|move|p1a: Slowbro|Nasty Plot|p1a: Slowbro
|-boost|p1a: Slowbro|spa|2
|
|upkeep
|turn|2
|
|t:|1779653735
|switch|p2a: Corviknight|Corviknight, M|100/100
|-ability|p2a: Corviknight|Pressure
|switch|p1a: SimaSoyYo|Ninetales, F|100/100
|-weather|SunnyDay|[from] ability: Drought|[of] p1a: SimaSoyYo
|
|-weather|SunnyDay|[upkeep]
|upkeep
|turn|3
|
|t:|1779653742
|switch|p2a: Alomomola|Alomomola, M|100/100
|move|p1a: SimaSoyYo|Will-O-Wisp|p2a: Alomomola
|-status|p2a: Alomomola|brn
|
|-weather|SunnyDay|[upkeep]
|-damage|p2a: Alomomola|94/100 brn|[from] brn
|upkeep
|turn|4
|
|t:|1779653753
|switch|p1a: Sapopeta|Venusaur, M|100/100
|move|p2a: Alomomola|Mirror Coat||[still]
|-fail|p2a: Alomomola
|
|-weather|SunnyDay|[upkeep]
|-damage|p2a: Alomomola|88/100 brn|[from] brn
|upkeep
|turn|5
|
|t:|1779653762
|switch|p2a: Clefable|Clefable, F|100/100
|move|p1a: Sapopeta|Growth|p1a: Sapopeta
|-boost|p1a: Sapopeta|atk|2
|-boost|p1a: Sapopeta|spa|2
|
|-weather|SunnyDay|[upkeep]
|upkeep
|turn|6
|
|t:|1779653766
|-terastallize|p2a: Clefable|Fire
|move|p1a: Sapopeta|Weather Ball|p2a: Clefable
|-resisted|p2a: Clefable
|-damage|p2a: Clefable|74/100
|-damage|p1a: Sapopeta|91/100|[from] item: Life Orb
|move|p2a: Clefable|Flamethrower|p1a: Sapopeta
|-supereffective|p1a: Sapopeta
|-damage|p1a: Sapopeta|0 fnt
|faint|p1a: Sapopeta
|
|-weather|SunnyDay|[upkeep]
|-heal|p2a: Clefable|80/100|[from] item: Leftovers
|upkeep
|
|t:|1779653773
|switch|p1a: Great Tusk|Great Tusk|100/100
|-activate|p1a: Great Tusk|ability: Protosynthesis
|-start|p1a: Great Tusk|protosynthesisspe
|turn|7
|
|t:|1779653777
|switch|p2a: Hatterene|Hatterene, F|100/100
|move|p1a: Great Tusk|Bulk Up|p1a: Great Tusk
|-boost|p1a: Great Tusk|atk|1
|-boost|p1a: Great Tusk|def|1
|
|-weather|SunnyDay|[upkeep]
|upkeep
|turn|8
|
|t:|1779653791
|switch|p2a: Corviknight|Corviknight, M|100/100
|-ability|p2a: Corviknight|Pressure
|move|p1a: Great Tusk|Headlong Rush|p2a: Corviknight
|-immune|p2a: Corviknight
|
|-weather|SunnyDay|[upkeep]
|upkeep
|turn|9
|
|t:|1779653796
|move|p1a: Great Tusk|Bulk Up|p1a: Great Tusk
|-boost|p1a: Great Tusk|atk|1
|-boost|p1a: Great Tusk|def|1
|move|p2a: Corviknight|Brave Bird|p1a: Great Tusk
|-supereffective|p1a: Great Tusk
|-damage|p1a: Great Tusk|78/100
|-damage|p2a: Corviknight|84/100|[from] item: Rocky Helmet|[of] p1a: Great Tusk
|-damage|p2a: Corviknight|76/100|[from] Recoil
|
|-weather|none
|-end|p1a: Great Tusk|Protosynthesis
|upkeep
|turn|10
|
|t:|1779653799
|switch|p2a: Garchomp|Garchomp, M|100/100
|move|p1a: Great Tusk|Bulk Up|p1a: Great Tusk
|-boost|p1a: Great Tusk|atk|1
|-boost|p1a: Great Tusk|def|1
|
|upkeep
|turn|11
|
|t:|1779653806
|move|p1a: Great Tusk|Rapid Spin|p2a: Garchomp
|-damage|p2a: Garchomp|75/100
|-boost|p1a: Great Tusk|spe|1
|-damage|p1a: Great Tusk|65/100|[from] ability: Rough Skin|[of] p2a: Garchomp
|-damage|p1a: Great Tusk|49/100|[from] item: Rocky Helmet|[of] p2a: Garchomp
|move|p2a: Garchomp|Dragon Tail|p1a: Great Tusk
|-damage|p1a: Great Tusk|42/100
|-damage|p2a: Garchomp|59/100|[from] item: Rocky Helmet|[of] p1a: Great Tusk
|-end|p1a: Great Tusk|Protosynthesis|[silent]
|drag|p1a: Weiki|Walking Wake|100/100
|
|upkeep
|turn|12
|
|t:|1779653819
|switch|p2a: Alomomola|Alomomola, M|100/100 brn
|move|p1a: Weiki|Hydro Steam|p2a: Alomomola
|-resisted|p2a: Alomomola
|-damage|p2a: Alomomola|76/100 brn
|
|-damage|p2a: Alomomola|70/100 brn|[from] brn
|upkeep
|turn|13
|
|t:|1779653830
|-end|p1a: Weiki|Protosynthesis|[silent]
|switch|p1a: Slowbro|Slowbro-Galar, F|100/100
|move|p2a: Alomomola|Flip Turn|p1a: Slowbro
|-damage|p1a: Slowbro|93/100
|
|t:|1779653848
|switch|p2a: Iron Treads|Iron Treads|100/100|[from] Flip Turn
|
|upkeep
|turn|14
|
|t:|1779653857
|move|p2a: Iron Treads|Earthquake|p1a: Slowbro
|-supereffective|p1a: Slowbro
|-damage|p1a: Slowbro|18/100
|move|p1a: Slowbro|Psyshock|p2a: Iron Treads
|-resisted|p2a: Iron Treads
|-damage|p2a: Iron Treads|87/100
|
|upkeep
|turn|15
|
|t:|1779653865
|move|p2a: Iron Treads|Knock Off|p1a: Slowbro
|-supereffective|p1a: Slowbro
|-damage|p1a: Slowbro|0 fnt
|-enditem|p1a: Slowbro|Choice Scarf|[from] move: Knock Off|[of] p2a: Iron Treads
|faint|p1a: Slowbro
|
|upkeep
|
|t:|1779653870
|switch|p1a: Blaziken|Blaziken, F|100/100
|-item|p1a: Blaziken|Air Balloon
|turn|16
|
|t:|1779653881
|-end|p2a: Iron Treads|Quark Drive|[silent]
|switch|p2a: Garchomp|Garchomp, M|59/100
|move|p1a: Blaziken|Swords Dance|p1a: Blaziken
|-boost|p1a: Blaziken|atk|2
|
|-ability|p1a: Blaziken|Speed Boost|boost
|-boost|p1a: Blaziken|spe|1
|upkeep
|turn|17
|
|t:|1779653890
|-terastallize|p1a: Blaziken|Fighting
|move|p1a: Blaziken|Close Combat|p2a: Garchomp
|-damage|p2a: Garchomp|0 fnt
|-unboost|p1a: Blaziken|def|1
|-unboost|p1a: Blaziken|spd|1
|-damage|p1a: Blaziken|88/100|[from] ability: Rough Skin|[of] p2a: Garchomp
|-damage|p1a: Blaziken|72/100|[from] item: Rocky Helmet|[of] p2a: Garchomp
|faint|p2a: Garchomp
|
|-ability|p1a: Blaziken|Speed Boost|boost
|-boost|p1a: Blaziken|spe|1
|upkeep
|
|t:|1779653897
|switch|p2a: Alomomola|Alomomola, M|100/100 brn
|turn|18
|
|t:|1779653900
|move|p1a: Blaziken|Protect|p1a: Blaziken
|-singleturn|p1a: Blaziken|Protect
|move|p2a: Alomomola|Flip Turn|p1a: Blaziken
|-activate|p1a: Blaziken|move: Protect
|
|-damage|p2a: Alomomola|94/100 brn|[from] brn
|-ability|p1a: Blaziken|Speed Boost|boost
|-boost|p1a: Blaziken|spe|1
|upkeep
|turn|19
|
|t:|1779653911
|move|p1a: Blaziken|Close Combat|p2a: Alomomola
|-damage|p2a: Alomomola|0 fnt
|-unboost|p1a: Blaziken|def|1
|-unboost|p1a: Blaziken|spd|1
|-damage|p1a: Blaziken|55/100|[from] item: Rocky Helmet|[of] p2a: Alomomola
|faint|p2a: Alomomola
|
|-ability|p1a: Blaziken|Speed Boost|boost
|-boost|p1a: Blaziken|spe|1
|upkeep
|
|t:|1779653916
|switch|p2a: Clefable|Clefable, F, tera:Fire|80/100
|turn|20
|
|t:|1779653922
|move|p1a: Blaziken|Close Combat|p2a: Clefable
|-damage|p2a: Clefable|10/100
|-unboost|p1a: Blaziken|def|1
|-unboost|p1a: Blaziken|spd|1
|move|p2a: Clefable|Calm Mind|p2a: Clefable
|-boost|p2a: Clefable|spa|1
|-boost|p2a: Clefable|spd|1
|
|-heal|p2a: Clefable|16/100|[from] item: Leftovers
|-ability|p1a: Blaziken|Speed Boost|boost
|-boost|p1a: Blaziken|spe|1
|upkeep
|turn|21
|
|t:|1779653926
|move|p1a: Blaziken|Close Combat|p2a: Clefable
|-damage|p2a: Clefable|0 fnt
|-unboost|p1a: Blaziken|def|1
|-unboost|p1a: Blaziken|spd|1
|faint|p2a: Clefable
|
|-ability|p1a: Blaziken|Speed Boost|boost
|-boost|p1a: Blaziken|spe|1
|upkeep
|-message|a2533540231 forfeited.
|
|win|YoSoyDelBronx
|raw|YoSoyDelBronx's rating: 1248 &rarr; <strong>1271</strong><br />(+23 for winning)
|raw|a2533540231's rating: 1224 &rarr; <strong>1201</strong><br />(-23 for losing)
|l|☆a2533540231
|player|p2|
