|j|☆TotallyLegitMax
|j|☆713_gustavo
|t:|1779669960
|gametype|singles
|player|p1|TotallyLegitMax|1|1087
|player|p2|713_gustavo|shadowtriad|1082
|gen|9
|tier|[Gen 9] OU
|rated|
|rule|HP Percentage Mod: HP is shown in percentages
|rule|Endless Battle Clause: Forcing endless battles is banned
|rule|Species Clause: Limit one of each Pokémon
|rule|OHKO Clause: OHKO moves are banned
|rule|Evasion Items Clause: Evasion items are banned
|rule|Evasion Moves Clause: Evasion moves are banned
|rule|Evasion Abilities Clause: Evasion abilities are banned
|rule|Sleep Moves Clause: Sleep-inducing moves are banned
|clearpoke
|poke|p1|Great Tusk|
|poke|p1|Kyurem|
|poke|p1|Gholdengo|
|poke|p1|Dragapult, M|
|poke|p1|Ogerpon-Wellspring, F|
|poke|p1|Kingambit, M|
|poke|p2|Ursaluna, F|
|poke|p2|Kingambit, M|
|poke|p2|Garganacl, M|
|poke|p2|Maushold-Four|
|poke|p2|Quaquaval, F|
|poke|p2|Wugtrio, F|
|teampreview
|inactive|Battle timer is ON: inactive players will automatically lose when time's up. (requested by TotallyLegitMax)
|
|t:|1779669975
|teamsize|p1|6
|teamsize|p2|6
|start
|switch|p1a: Great Tusk|Great Tusk|100/100
|switch|p2a: Garganacl|Garganacl, M|100/100
|turn|1
|
|t:|1779669985
|move|p1a: Great Tusk|Stealth Rock|p2a: Garganacl
|-sidestart|p2: 713_gustavo|move: Stealth Rock
|move|p2a: Garganacl|Salt Cure|p1a: Great Tusk
|-resisted|p1a: Great Tusk
|-damage|p1a: Great Tusk|99/100
|-start|p1a: Great Tusk|Salt Cure
|
|-heal|p1a: Great Tusk|100/100|[from] item: Leftovers
|-damage|p1a: Great Tusk|88/100|[from] Salt Cure
|upkeep
|turn|2
|
|t:|1779670014
|move|p1a: Great Tusk|Knock Off|p2a: Garganacl
|-damage|p2a: Garganacl|82/100
|-enditem|p2a: Garganacl|Leftovers|[from] move: Knock Off|[of] p1a: Great Tusk
|move|p2a: Garganacl|Substitute|p2a: Garganacl
|-start|p2a: Garganacl|Substitute
|-damage|p2a: Garganacl|57/100
|
|-heal|p1a: Great Tusk|94/100|[from] item: Leftovers
|-damage|p1a: Great Tusk|82/100|[from] Salt Cure
|upkeep
|turn|3
|
|t:|1779670026
|-end|p1a: Great Tusk|Protosynthesis|[silent]
|switch|p1a: Ogerpon|Ogerpon-Wellspring, F|100/100
|move|p2a: Garganacl|Recover|p2a: Garganacl
|-heal|p2a: Garganacl|100/100
|
|upkeep
|turn|4
|
|t:|1779670035
|move|p1a: Ogerpon|Encore|p2a: Garganacl
|-start|p2a: Garganacl|Encore
|move|p2a: Garganacl|Recover||[still]
|-fail|p2a: Garganacl|heal
|
|upkeep
|turn|5
|
|t:|1779670054
|move|p1a: Ogerpon|Ivy Cudgel|p2a: Garganacl|[anim] Ivy Cudgel Water
|-supereffective|p2a: Garganacl
|-end|p2a: Garganacl|Substitute
|move|p2a: Garganacl|Recover||[still]
|-fail|p2a: Garganacl|heal
|
|upkeep
|turn|6
|
|t:|1779670064
|switch|p2a: Maushold|Maushold-Four|100/100
|-damage|p2a: Maushold|88/100|[from] Stealth Rock
|move|p1a: Ogerpon|Ivy Cudgel|p2a: Maushold|[anim] Ivy Cudgel Water
|-damage|p2a: Maushold|0 fnt
|faint|p2a: Maushold
|
|upkeep
|
|t:|1779670071
|switch|p2a: Garganacl|Garganacl, M|100/100
|-damage|p2a: Garganacl|88/100|[from] Stealth Rock
|turn|7
|
|t:|1779670076
|move|p1a: Ogerpon|Ivy Cudgel|p2a: Garganacl|[anim] Ivy Cudgel Water
|-supereffective|p2a: Garganacl
|-damage|p2a: Garganacl|13/100
|move|p2a: Garganacl|Salt Cure|p1a: Ogerpon
|-damage|p1a: Ogerpon|82/100
|-start|p1a: Ogerpon|Salt Cure
|
|-damage|p1a: Ogerpon|57/100|[from] Salt Cure
|upkeep
|turn|8
|
|t:|1779670089
|move|p2a: Garganacl|Protect|p2a: Garganacl
|-singleturn|p2a: Garganacl|Protect
|move|p1a: Ogerpon|U-turn|p2a: Garganacl
|-activate|p2a: Garganacl|move: Protect
|
|-damage|p1a: Ogerpon|32/100|[from] Salt Cure
|upkeep
|turn|9
|
|t:|1779670100
|switch|p2a: Ursaluna|Ursaluna, F|100/100
|-damage|p2a: Ursaluna|94/100|[from] Stealth Rock
|move|p1a: Ogerpon|U-turn|p2a: Ursaluna
|-damage|p2a: Ursaluna|75/100
|
|t:|1779670122
|switch|p1a: Great Tusk|Great Tusk|82/100|[from] U-turn
|
|-heal|p1a: Great Tusk|88/100|[from] item: Leftovers
|-status|p2a: Ursaluna|brn|[from] item: Flame Orb
|upkeep
|turn|10
|
|t:|1779670134
|move|p1a: Great Tusk|Knock Off|p2a: Ursaluna
|-damage|p2a: Ursaluna|57/100 brn
|-enditem|p2a: Ursaluna|Flame Orb|[from] move: Knock Off|[of] p1a: Great Tusk
|move|p2a: Ursaluna|Trailblaze|p1a: Great Tusk
|-supereffective|p1a: Great Tusk
|-damage|p1a: Great Tusk|59/100
|-boost|p2a: Ursaluna|spe|1
|
|-heal|p1a: Great Tusk|66/100|[from] item: Leftovers
|-damage|p2a: Ursaluna|51/100 brn|[from] brn
|upkeep
|turn|11
|
|t:|1779670148
|move|p1a: Great Tusk|Earthquake|p2a: Ursaluna
|-damage|p2a: Ursaluna|20/100 brn
|move|p2a: Ursaluna|Facade|p1a: Great Tusk
|-damage|p1a: Great Tusk|3/100
|
|-heal|p1a: Great Tusk|10/100|[from] item: Leftovers
|-damage|p2a: Ursaluna|14/100 brn|[from] brn
|upkeep
|turn|12
|
|t:|1779670158
|-end|p1a: Great Tusk|Protosynthesis|[silent]
|switch|p1a: Dragapult|Dragapult, M|100/100
|move|p2a: Ursaluna|Facade|p1a: Dragapult
|-immune|p1a: Dragapult
|
|-damage|p2a: Ursaluna|8/100 brn|[from] brn
|upkeep
|turn|13
|
|t:|1779670167
|move|p1a: Dragapult|U-turn|p2a: Ursaluna
|-damage|p2a: Ursaluna|0 fnt
|faint|p2a: Ursaluna
|
|t:|1779670179
|switch|p1a: Kyurem|Kyurem|100/100|[from] U-turn
|-ability|p1a: Kyurem|Pressure
|
|upkeep
|
|t:|1779670188
|switch|p2a: Quaquaval|Quaquaval, F|100/100
|-damage|p2a: Quaquaval|94/100|[from] Stealth Rock
|turn|14
|
|t:|1779670195
|move|p1a: Kyurem|Freeze-Dry|p2a: Quaquaval
|-supereffective|p2a: Quaquaval
|-damage|p2a: Quaquaval|2/100
|-status|p2a: Quaquaval|frz
|cant|p2a: Quaquaval|frz
|
|upkeep
|turn|15
|
|t:|1779670202
|-curestatus|p2a: Quaquaval|frz|[msg]
|move|p2a: Quaquaval|Protect|p2a: Quaquaval
|-singleturn|p2a: Quaquaval|Protect
|move|p1a: Kyurem|Freeze-Dry|p2a: Quaquaval
|-activate|p2a: Quaquaval|move: Protect
|
|upkeep
|turn|16
|
|t:|1779670210
|move|p1a: Kyurem|Freeze-Dry|p2a: Quaquaval
|-supereffective|p2a: Quaquaval
|-damage|p2a: Quaquaval|0 fnt
|faint|p2a: Quaquaval
|
|upkeep
|
|t:|1779670219
|switch|p2a: Garganacl|Garganacl, M|13/100
|-damage|p2a: Garganacl|1/100|[from] Stealth Rock
|turn|17
|
|t:|1779670226
|move|p1a: Kyurem|Freeze-Dry|p2a: Garganacl
|-damage|p2a: Garganacl|0 fnt
|faint|p2a: Garganacl
|
|upkeep
|
|t:|1779670233
|switch|p2a: Kingambit|Kingambit, M|100/100
|-damage|p2a: Kingambit|94/100|[from] Stealth Rock
|-activate|p2a: Kingambit|ability: Supreme Overlord
|-start|p2a: Kingambit|fallen4|[silent]
|turn|18
|
|t:|1779670250
|-terastallize|p1a: Kyurem|Ground
|move|p1a: Kyurem|Earth Power|p2a: Kingambit
|-supereffective|p2a: Kingambit
|-damage|p2a: Kingambit|11/100
|-unboost|p2a: Kingambit|spd|1
|move|p2a: Kingambit|Swords Dance|p2a: Kingambit
|-boost|p2a: Kingambit|atk|2
|
|upkeep
|turn|19
|
|t:|1779670260
|move|p2a: Kingambit|Sucker Punch|p1a: Kyurem
|-damage|p1a: Kyurem|0 fnt
|faint|p1a: Kyurem
|
|upkeep
|
|t:|1779670280
|switch|p1a: Ogerpon|Ogerpon-Wellspring, F|32/100
|turn|20
|
|t:|1779670286
|move|p2a: Kingambit|Sucker Punch||[still]
|-fail|p2a: Kingambit
|move|p1a: Ogerpon|Encore|p2a: Kingambit
|-start|p2a: Kingambit|Encore
|
|upkeep
|turn|21
|
|t:|1779670302
|switch|p1a: Kingambit|Kingambit, M|100/100
|-activate|p1a: Kingambit|ability: Supreme Overlord
|-start|p1a: Kingambit|fallen1|[silent]
|move|p2a: Kingambit|Sucker Punch||[still]
|-fail|p2a: Kingambit
|
|upkeep
|turn|22
|
|t:|1779670313
|move|p2a: Kingambit|Sucker Punch||[still]
|-fail|p2a: Kingambit
|move|p1a: Kingambit|Swords Dance|p1a: Kingambit
|-boost|p1a: Kingambit|atk|2
|
|upkeep
|turn|23
|
|t:|1779670330
|move|p2a: Kingambit|Sucker Punch||[still]
|-fail|p2a: Kingambit
|move|p1a: Kingambit|Swords Dance|p1a: Kingambit
|-boost|p1a: Kingambit|atk|2
|
|-end|p2a: Kingambit|Encore
|upkeep
|turn|24
|
|t:|1779670339
|move|p1a: Kingambit|Sucker Punch|p2a: Kingambit
|-resisted|p2a: Kingambit
|-damage|p2a: Kingambit|0 fnt
|faint|p2a: Kingambit
|-end|p2a: Kingambit|fallen4|[silent]
|
|upkeep
|
|t:|1779670344
|switch|p2a: Wugtrio|Wugtrio, F|100/100
|-damage|p2a: Wugtrio|88/100|[from] Stealth Rock
|turn|25
|
|t:|1779670350
|-terastallize|p2a: Wugtrio|Water
|move|p2a: Wugtrio|Liquidation|p1a: Kingambit
|-damage|p1a: Kingambit|49/100
|move|p1a: Kingambit|Kowtow Cleave|p2a: Wugtrio
|-damage|p2a: Wugtrio|0 fnt
|-ability|p2a: Wugtrio|Gooey
|-unboost|p1a: Kingambit|spe|1
|faint|p2a: Wugtrio
|
|win|TotallyLegitMax
|raw|TotallyLegitMax's rating: 1087 &rarr; <strong>1114</strong><br />(+27 for winning)
|raw|713_gustavo's rating: 1082 &rarr; <strong>1060</strong><br />(-22 for losing)
|l|☆713_gustavo
|player|p2|
|l|☆TotallyLegitMax
|player|p1|
