|j|☆Luisowbro
|j|☆notkamal
|t:|1779705490
|gametype|singles
|player|p1|Luisowbro|ingo|1407
|player|p2|notkamal|elesa|1408
|gen|9
|tier|[Gen 9] OU
|rated|
|rule|HP Percentage Mod: HP is shown in percentages
|rule|Endless Battle Clause: Forcing endless battles is banned
|rule|Species Clause: Limit one of each Pokémon
|rule|OHKO Clause: OHKO moves are banned
|rule|Evasion Items Clause: Evasion items are banned
|rule|Evasion Moves Clause: Evasion moves are banned
|rule|Evasion Abilities Clause: Evasion abilities are banned
|rule|Sleep Moves Clause: Sleep-inducing moves are banned
|clearpoke
|poke|p1|Haxorus, M|
|poke|p1|Moltres-Galar|
|poke|p1|Volcanion|
|poke|p1|Scizor, M|
|poke|p1|Enamorus, F|
|poke|p1|Ninetales-Alola, F|
|poke|p2|Moltres|
|poke|p2|Zamazenta-*|
|poke|p2|Darkrai|
|poke|p2|Hydrapple, M|
|poke|p2|Ting-Lu|
|poke|p2|Tinkaton, F|
|teampreview
|
|t:|1779705515
|teamsize|p1|6
|teamsize|p2|6
|start
|switch|p1a: Volcanion|Volcanion|100/100
|switch|p2a: Tinkaton|Tinkaton, F|100/100
|-ability|p2a: Tinkaton|Mold Breaker
|-item|p2a: Tinkaton|Air Balloon
|turn|1
|
|t:|1779705539
|switch|p2a: Ting-Lu|Ting-Lu|100/100
|-ability|p2a: Ting-Lu|Vessel of Ruin
|move|p1a: Volcanion|Steam Eruption|p2a: Ting-Lu
|-supereffective|p2a: Ting-Lu
|-damage|p2a: Ting-Lu|51/100
|-status|p2a: Ting-Lu|brn
|
|-heal|p2a: Ting-Lu|57/100 brn|[from] item: Leftovers
|-damage|p2a: Ting-Lu|51/100 brn|[from] brn
|upkeep
|turn|2
|
|t:|1779705562
|move|p1a: Volcanion|Steam Eruption|p2a: Ting-Lu
|-supereffective|p2a: Ting-Lu
|-damage|p2a: Ting-Lu|0 fnt
|faint|p2a: Ting-Lu
|
|upkeep
|
|t:|1779705580
|switch|p2a: Zamazenta|Zamazenta|100/100
|-ability|p2a: Zamazenta|Dauntless Shield|boost
|-boost|p2a: Zamazenta|def|1
|turn|3
|
|t:|1779705586
|move|p2a: Zamazenta|Stone Edge|p1a: Volcanion
|-supereffective|p1a: Volcanion
|-damage|p1a: Volcanion|50/100
|move|p1a: Volcanion|Steam Eruption|p2a: Zamazenta
|-damage|p2a: Zamazenta|39/100
|
|upkeep
|turn|4
|
|t:|1779705595
|switch|p1a: Scizor|Scizor, M, shiny|100/100
|move|p2a: Zamazenta|Close Combat|p1a: Scizor
|-damage|p1a: Scizor|44/100
|-unboost|p2a: Zamazenta|def|1
|-unboost|p2a: Zamazenta|spd|1
|
|upkeep
|turn|5
|
|t:|1779705605
|switch|p2a: Moltres|Moltres|100/100
|move|p1a: Scizor|Bullet Punch|p2a: Moltres
|-resisted|p2a: Moltres
|-damage|p2a: Moltres|84/100
|
|upkeep
|turn|6
|
|t:|1779705615
|switch|p1a: Volcanion|Volcanion|50/100
|move|p2a: Moltres|U-turn|p1a: Volcanion
|-resisted|p1a: Volcanion
|-damage|p1a: Volcanion|44/100
|
|t:|1779705620
|switch|p2a: Zamazenta|Zamazenta|39/100|[from] U-turn
|
|upkeep
|turn|7
|
|t:|1779705633
|move|p2a: Zamazenta|Stone Edge|p1a: Volcanion
|-supereffective|p1a: Volcanion
|-damage|p1a: Volcanion|0 fnt
|faint|p1a: Volcanion
|
|upkeep
|
|t:|1779705638
|switch|p1a: Enamorus|Enamorus, F|100/100
|turn|8
|
|t:|1779705647
|-terastallize|p2a: Zamazenta|Fire
|move|p1a: Enamorus|Moonblast|p2a: Zamazenta
|-resisted|p2a: Zamazenta
|-damage|p2a: Zamazenta|14/100
|move|p2a: Zamazenta|Stone Edge|p1a: Enamorus
|-supereffective|p1a: Enamorus
|-damage|p1a: Enamorus|0 fnt
|faint|p1a: Enamorus
|
|upkeep
|
|t:|1779705673
|switch|p1a: Scizor|Scizor, M, shiny|44/100
|turn|9
|
|t:|1779705688
|switch|p2a: Moltres|Moltres|84/100
|move|p1a: Scizor|U-turn|p2a: Moltres
|-resisted|p2a: Moltres
|-damage|p2a: Moltres|75/100
|
|t:|1779705700
|switch|p1a: Ninetales|Ninetales-Alola, F, shiny|100/100|[from] U-turn
|-weather|Snowscape|[from] ability: Snow Warning|[of] p1a: Ninetales
|
|-weather|Snowscape|[upkeep]
|upkeep
|turn|10
|
|t:|1779705717
|move|p1a: Ninetales|Aurora Veil|p1a: Ninetales
|-sidestart|p1: Luisowbro|move: Aurora Veil
|move|p2a: Moltres|Flamethrower|p1a: Ninetales
|-supereffective|p1a: Ninetales
|-damage|p1a: Ninetales|64/100
|-status|p1a: Ninetales|brn
|
|-weather|Snowscape|[upkeep]
|-damage|p1a: Ninetales|58/100 brn|[from] brn
|upkeep
|turn|11
|
|t:|1779705725
|switch|p1a: Moltres|Moltres-Galar, shiny|100/100
|move|p2a: Moltres|Flamethrower|p1a: Moltres
|-damage|p1a: Moltres|86/100
|
|-weather|Snowscape|[upkeep]
|upkeep
|turn|12
|
|t:|1779705757
|move|p1a: Moltres|Agility|p1a: Moltres
|-boost|p1a: Moltres|spe|2
|move|p2a: Moltres|U-turn|p1a: Moltres
|-damage|p1a: Moltres|79/100
|
|t:|1779705777
|switch|p2a: Tinkaton|Tinkaton, F|100/100|[from] U-turn
|-ability|p2a: Tinkaton|Mold Breaker
|-item|p2a: Tinkaton|Air Balloon
|
|-weather|Snowscape|[upkeep]
|upkeep
|turn|13
|
|t:|1779705791
|move|p1a: Moltres|Fiery Wrath|p2a: Tinkaton
|-resisted|p2a: Tinkaton
|-damage|p2a: Tinkaton|84/100
|-enditem|p2a: Tinkaton|Air Balloon
|move|p2a: Tinkaton|Thunder Wave|p1a: Moltres
|-status|p1a: Moltres|par
|
|-weather|none
|upkeep
|turn|14
|
|t:|1779705804
|move|p2a: Tinkaton|Gigaton Hammer|p1a: Moltres
|-damage|p1a: Moltres|58/100 par
|move|p1a: Moltres|Nasty Plot|p1a: Moltres
|-boost|p1a: Moltres|spa|2
|
|upkeep
|turn|15
|
|t:|1779705811
|-terastallize|p1a: Moltres|Steel
|move|p2a: Tinkaton|Encore|p1a: Moltres
|-start|p1a: Moltres|Encore
|move|p1a: Moltres|Nasty Plot|p1a: Moltres
|-boost|p1a: Moltres|spa|2
|
|upkeep
|turn|16
|
|t:|1779705824
|move|p2a: Tinkaton|Stealth Rock|p1a: Moltres
|-sidestart|p1: Luisowbro|move: Stealth Rock
|move|p1a: Moltres|Nasty Plot|p1a: Moltres
|-boost|p1a: Moltres|spa|2
|
|upkeep
|turn|17
|
|t:|1779705831
|move|p2a: Tinkaton|Gigaton Hammer|p1a: Moltres
|-resisted|p1a: Moltres
|-damage|p1a: Moltres|46/100 par
|-enditem|p1a: Moltres|Sitrus Berry|[eat]
|-heal|p1a: Moltres|71/100 par|[from] item: Sitrus Berry
|cant|p1a: Moltres|par
|
|-end|p1a: Moltres|Encore
|-sideend|p1: Luisowbro|move: Aurora Veil
|upkeep
|turn|18
|
|t:|1779705840
|move|p2a: Tinkaton|Encore|p1a: Moltres
|-start|p1a: Moltres|Encore
|move|p1a: Moltres|Nasty Plot|p1a: Moltres
|-boost|p1a: Moltres|spa|0
|
|upkeep
|turn|19
|
|t:|1779705850
|switch|p2a: Zamazenta|Zamazenta, tera:Fire|14/100
|switch|p1a: Scizor|Scizor, M, shiny|44/100
|-damage|p1a: Scizor|32/100|[from] Stealth Rock
|
|upkeep
|turn|20
|
|t:|1779705858
|switch|p2a: Moltres|Moltres|75/100
|move|p1a: Scizor|Bullet Punch|p2a: Moltres
|-resisted|p2a: Moltres
|-damage|p2a: Moltres|56/100
|
|upkeep
|turn|21
|
|t:|1779705870
|switch|p1a: Ninetales|Ninetales-Alola, F, shiny|58/100 brn
|-damage|p1a: Ninetales|33/100 brn|[from] Stealth Rock
|-weather|Snowscape|[from] ability: Snow Warning|[of] p1a: Ninetales
|move|p2a: Moltres|Flamethrower|p1a: Ninetales
|-supereffective|p1a: Ninetales
|-damage|p1a: Ninetales|0 fnt
|faint|p1a: Ninetales
|
|-weather|Snowscape|[upkeep]
|upkeep
|
|t:|1779705880
|switch|p1a: Haxorus|Haxorus, M, shiny|100/100
|-damage|p1a: Haxorus|88/100|[from] Stealth Rock
|-ability|p1a: Haxorus|Mold Breaker
|turn|22
|
|t:|1779705888
|move|p1a: Haxorus|Swords Dance|p1a: Haxorus
|-boost|p1a: Haxorus|atk|2
|move|p2a: Moltres|Roar|p1a: Haxorus
|drag|p1a: Moltres|Moltres-Galar, shiny, tera:Steel|71/100 par
|-damage|p1a: Moltres|65/100 par|[from] Stealth Rock
|
|-weather|Snowscape|[upkeep]
|upkeep
|turn|23
|
|t:|1779705904
|move|p2a: Moltres|Flamethrower|p1a: Moltres
|-supereffective|p1a: Moltres
|-damage|p1a: Moltres|11/100 par
|-ability|p1a: Moltres|Berserk|boost
|-boost|p1a: Moltres|spa|1
|move|p1a: Moltres|Fiery Wrath|p2a: Moltres
|-damage|p2a: Moltres|0 fnt
|faint|p2a: Moltres
|
|-weather|Snowscape|[upkeep]
|upkeep
|
|t:|1779705919
|switch|p2a: Zamazenta|Zamazenta, tera:Fire|14/100
|turn|24
|
|t:|1779705924
|move|p2a: Zamazenta|Close Combat|p1a: Moltres
|-supereffective|p1a: Moltres
|-damage|p1a: Moltres|0 fnt
|-unboost|p2a: Zamazenta|def|1
|-unboost|p2a: Zamazenta|spd|1
|faint|p1a: Moltres
|
|-weather|Snowscape|[upkeep]
|upkeep
|
|t:|1779705931
|switch|p1a: Scizor|Scizor, M, shiny|32/100
|-damage|p1a: Scizor|20/100|[from] Stealth Rock
|turn|25
|
|t:|1779705936
|move|p1a: Scizor|Bullet Punch|p2a: Zamazenta
|-resisted|p2a: Zamazenta
|-damage|p2a: Zamazenta|0 fnt
|faint|p2a: Zamazenta
|
|-weather|none
|upkeep
|
|t:|1779705939
|switch|p2a: Hydrapple|Hydrapple, M|100/100
|turn|26
|
|t:|1779705948
|move|p1a: Scizor|Bullet Punch|p2a: Hydrapple
|-damage|p2a: Hydrapple|69/100
|move|p2a: Hydrapple|Earth Power|p1a: Scizor
|-damage|p1a: Scizor|0 fnt
|faint|p1a: Scizor
|
|upkeep
|
|t:|1779705954
|switch|p1a: Haxorus|Haxorus, M, shiny|88/100
|-damage|p1a: Haxorus|76/100|[from] Stealth Rock
|-ability|p1a: Haxorus|Mold Breaker
|turn|27
|
|t:|1779705960
|switch|p2a: Tinkaton|Tinkaton, F|84/100
|-ability|p2a: Tinkaton|Mold Breaker
|move|p1a: Haxorus|Scale Shot|p2a: Tinkaton
|-immune|p2a: Tinkaton
|
|upkeep
|turn|28
|
|t:|1779705970
|move|p2a: Tinkaton|Encore|p1a: Haxorus
|-start|p1a: Haxorus|Encore
|move|p1a: Haxorus|Scale Shot|p2a: Tinkaton
|-immune|p2a: Tinkaton
|
|upkeep
|turn|29
|c|☆Luisowbro|gg
|
|t:|1779705983
|move|p2a: Tinkaton|Gigaton Hammer|p1a: Haxorus
|-damage|p1a: Haxorus|23/100
|move|p1a: Haxorus|Scale Shot|p2a: Tinkaton
|-immune|p2a: Tinkaton
|
|upkeep
|turn|30
|c|☆notkamal|gg
|
|t:|1779705989
|move|p2a: Tinkaton|Stealth Rock||[still]
|-fail|p2a: Tinkaton
|move|p1a: Haxorus|Scale Shot|p2a: Tinkaton
|-immune|p2a: Tinkaton
|
|-end|p1a: Haxorus|Encore
|upkeep
|turn|31
|
|t:|1779705996
|move|p2a: Tinkaton|Gigaton Hammer|p1a: Haxorus
|-damage|p1a: Haxorus|0 fnt
|faint|p1a: Haxorus
|
|win|notkamal
|raw|Luisowbro's rating: 1407 &rarr; <strong>1387</strong><br />(-20 for losing)
|raw|notkamal's rating: 1408 &rarr; <strong>1428</strong><br />(+20 for winning)
|l|☆Luisowbro
|player|p1|
|l|☆notkamal
|player|p2|
