|j|☆thegreatestnone
|j|☆aethrx
|t:|1779599617
|gametype|singles
|player|p1|thegreatestnone|170|1494
|player|p2|aethrx|169|1430
|gen|9
|tier|[Gen 9] OU
|rated|
|rule|HP Percentage Mod: HP is shown in percentages
|rule|Endless Battle Clause: Forcing endless battles is banned
|rule|Species Clause: Limit one of each Pokémon
|rule|OHKO Clause: OHKO moves are banned
|rule|Evasion Items Clause: Evasion items are banned
|rule|Evasion Moves Clause: Evasion moves are banned
|rule|Evasion Abilities Clause: Evasion abilities are banned
|rule|Sleep Moves Clause: Sleep-inducing moves are banned
|clearpoke
|poke|p1|Dragapult, M|
|poke|p1|Ting-Lu|
|poke|p1|Skeledirge, M|
|poke|p1|Amoonguss, M|
|poke|p1|Weezing-Galar, M|
|poke|p1|Slowking, F|
|poke|p2|Hydrapple, M|
|poke|p2|Slowking-Galar, F|
|poke|p2|Corviknight, F|
|poke|p2|Ting-Lu|
|poke|p2|Darkrai|
|poke|p2|Cinderace, M|
|teampreview
|
|t:|1779599636
|teamsize|p1|6
|teamsize|p2|6
|start
|switch|p1a: Dragapult|Dragapult, M|100/100
|switch|p2a: Ting-Lu|Ting-Lu|100/100
|-ability|p2a: Ting-Lu|Vessel of Ruin
|turn|1
|
|t:|1779599643
|move|p1a: Dragapult|U-turn|p2a: Ting-Lu
|-supereffective|p2a: Ting-Lu
|-damage|p2a: Ting-Lu|71/100
|
|t:|1779599646
|switch|p1a: Weezing|Weezing-Galar, M|100/100|[from] U-turn
|move|p2a: Ting-Lu|Earthquake|p1a: Weezing
|-immune|p1a: Weezing|[from] ability: Levitate
|
|-heal|p2a: Ting-Lu|77/100|[from] item: Leftovers
|upkeep
|turn|2
|
|t:|1779599655
|switch|p2a: Cinderace|Cinderace, M|100/100
|move|p1a: Weezing|Heat Wave|p2a: Cinderace
|-resisted|p2a: Cinderace
|-damage|p2a: Cinderace|86/100
|
|upkeep
|turn|3
|
|t:|1779599661
|move|p2a: Cinderace|Pyro Ball|p1a: Weezing
|-damage|p1a: Weezing|60/100
|move|p1a: Weezing|Sludge Bomb|p2a: Cinderace
|-damage|p2a: Cinderace|41/100
|
|-heal|p1a: Weezing|66/100|[from] item: Leftovers
|upkeep
|turn|4
|
|t:|1779599669
|switch|p1a: Skeledirge|Skeledirge, M|100/100
|move|p2a: Cinderace|U-turn|p1a: Skeledirge
|-start|p2a: Cinderace|typechange|Bug|[from] ability: Libero
|-resisted|p1a: Skeledirge
|-damage|p1a: Skeledirge|96/100
|
|t:|1779599673
|switch|p2a: Darkrai|Darkrai|100/100|[from] U-turn
|
|upkeep
|turn|5
|
|t:|1779599677
|switch|p1a: Ting-Lu|Ting-Lu|100/100
|-ability|p1a: Ting-Lu|Vessel of Ruin
|move|p2a: Darkrai|Dark Pulse|p1a: Ting-Lu
|-resisted|p1a: Ting-Lu
|-damage|p1a: Ting-Lu|90/100
|
|-heal|p1a: Ting-Lu|96/100|[from] item: Leftovers
|upkeep
|turn|6
|
|t:|1779599681
|switch|p2a: Corviknight|Corviknight, F|100/100
|-ability|p2a: Corviknight|Pressure
|move|p1a: Ting-Lu|Stealth Rock|p2a: Corviknight
|-sidestart|p2: aethrx|move: Stealth Rock
|
|-heal|p1a: Ting-Lu|100/100|[from] item: Leftovers
|upkeep
|turn|7
|
|t:|1779599684
|switch|p1a: Weezing|Weezing-Galar, M|66/100
|move|p2a: Corviknight|Defog|p1a: Weezing
|-unboost|p1a: Weezing|evasion|1
|-sideend|p2: aethrx|Stealth Rock|[from] move: Defog|[of] p2a: Corviknight
|
|-heal|p1a: Weezing|72/100|[from] item: Leftovers
|upkeep
|turn|8
|
|t:|1779599687
|move|p2a: Corviknight|U-turn|p1a: Weezing
|-resisted|p1a: Weezing
|-damage|p1a: Weezing|69/100
|
|t:|1779599699
|switch|p2a: Cinderace|Cinderace, M|41/100|[from] U-turn
|move|p1a: Weezing|Heat Wave|p2a: Cinderace
|-resisted|p2a: Cinderace
|-damage|p2a: Cinderace|24/100
|
|-heal|p1a: Weezing|75/100|[from] item: Leftovers
|upkeep
|turn|9
|
|t:|1779599704
|switch|p1a: Skeledirge|Skeledirge, M|96/100
|move|p2a: Cinderace|Pyro Ball|p1a: Skeledirge|[miss]
|-miss|p2a: Cinderace|p1a: Skeledirge
|
|upkeep
|turn|10
|
|t:|1779599709
|move|p2a: Cinderace|U-turn|p1a: Skeledirge
|-start|p2a: Cinderace|typechange|Bug|[from] ability: Libero
|-resisted|p1a: Skeledirge
|-damage|p1a: Skeledirge|91/100
|
|t:|1779599713
|switch|p2a: Ting-Lu|Ting-Lu|77/100|[from] U-turn
|-ability|p2a: Ting-Lu|Vessel of Ruin
|move|p1a: Skeledirge|Will-O-Wisp|p2a: Ting-Lu
|-status|p2a: Ting-Lu|brn
|
|-heal|p2a: Ting-Lu|83/100 brn|[from] item: Leftovers
|-damage|p2a: Ting-Lu|77/100 brn|[from] brn
|upkeep
|turn|11
|
|t:|1779599716
|switch|p1a: Weezing|Weezing-Galar, M|75/100
|move|p2a: Ting-Lu|Spikes|p1a: Weezing
|-sidestart|p1: thegreatestnone|Spikes
|
|-heal|p1a: Weezing|81/100|[from] item: Leftovers
|-heal|p2a: Ting-Lu|83/100 brn|[from] item: Leftovers
|-damage|p2a: Ting-Lu|77/100 brn|[from] brn
|upkeep
|turn|12
|
|t:|1779599720
|move|p1a: Weezing|Defog|p2a: Ting-Lu
|-unboost|p2a: Ting-Lu|evasion|1
|-sideend|p1: thegreatestnone|Spikes|[from] move: Defog|[of] p1a: Weezing
|move|p2a: Ting-Lu|Spikes|p1a: Weezing
|-sidestart|p1: thegreatestnone|Spikes
|
|-heal|p1a: Weezing|87/100|[from] item: Leftovers
|-heal|p2a: Ting-Lu|83/100 brn|[from] item: Leftovers
|-damage|p2a: Ting-Lu|77/100 brn|[from] brn
|upkeep
|turn|13
|
|t:|1779599723
|move|p1a: Weezing|Defog|p2a: Ting-Lu
|-unboost|p2a: Ting-Lu|evasion|1
|-sideend|p1: thegreatestnone|Spikes|[from] move: Defog|[of] p1a: Weezing
|move|p2a: Ting-Lu|Ruination|p1a: Weezing
|-damage|p1a: Weezing|44/100
|
|-heal|p1a: Weezing|50/100|[from] item: Leftovers
|-heal|p2a: Ting-Lu|83/100 brn|[from] item: Leftovers
|-damage|p2a: Ting-Lu|77/100 brn|[from] brn
|upkeep
|turn|14
|
|t:|1779599727
|move|p1a: Weezing|Pain Split|p2a: Ting-Lu
|-sethp|p2a: Ting-Lu|55/100 brn|[from] move: Pain Split|[silent]
|-sethp|p1a: Weezing|84/100|[from] move: Pain Split
|move|p2a: Ting-Lu|Whirlwind|p1a: Weezing
|drag|p1a: Amoonguss|Amoonguss, M|100/100
|
|-heal|p2a: Ting-Lu|61/100 brn|[from] item: Leftovers
|-damage|p2a: Ting-Lu|55/100 brn|[from] brn
|upkeep
|turn|15
|
|t:|1779599732
|move|p2a: Ting-Lu|Ruination|p1a: Amoonguss
|-damage|p1a: Amoonguss|50/100
|move|p1a: Amoonguss|Giga Drain|p2a: Ting-Lu
|-supereffective|p2a: Ting-Lu
|-damage|p2a: Ting-Lu|26/100 brn
|-heal|p1a: Amoonguss|67/100|[from] drain|[of] p2a: Ting-Lu
|
|-heal|p2a: Ting-Lu|33/100 brn|[from] item: Leftovers
|-damage|p2a: Ting-Lu|26/100 brn|[from] brn
|upkeep
|turn|16
|
|t:|1779599734
|move|p2a: Ting-Lu|Ruination|p1a: Amoonguss
|-damage|p1a: Amoonguss|34/100
|move|p1a: Amoonguss|Giga Drain|p2a: Ting-Lu
|-supereffective|p2a: Ting-Lu
|-damage|p2a: Ting-Lu|0 fnt
|-heal|p1a: Amoonguss|50/100|[from] drain|[of] p2a: Ting-Lu
|faint|p2a: Ting-Lu
|
|upkeep
|
|t:|1779599738
|switch|p2a: Corviknight|Corviknight, F|100/100
|-ability|p2a: Corviknight|Pressure
|turn|17
|
|t:|1779599741
|switch|p1a: Weezing|Weezing-Galar, M|84/100
|move|p2a: Corviknight|Brave Bird|p1a: Weezing
|-damage|p1a: Weezing|56/100
|-damage|p2a: Corviknight|93/100|[from] Recoil
|
|-heal|p1a: Weezing|62/100|[from] item: Leftovers
|upkeep
|turn|18
|
|t:|1779599746
|move|p2a: Corviknight|U-turn|p1a: Weezing
|-resisted|p1a: Weezing
|-damage|p1a: Weezing|59/100
|
|t:|1779599760
|switch|p2a: Slowking|Slowking-Galar, F|100/100|[from] U-turn
|move|p1a: Weezing|Heat Wave|p2a: Slowking
|-damage|p2a: Slowking|89/100
|
|-heal|p1a: Weezing|65/100|[from] item: Leftovers
|upkeep
|turn|19
|
|t:|1779599768
|move|p1a: Weezing|Pain Split|p2a: Slowking
|-sethp|p2a: Slowking|72/100|[from] move: Pain Split|[silent]
|-sethp|p1a: Weezing|85/100|[from] move: Pain Split
|-prepare|p2a: Slowking|Chilly Reception|[premajor]
|move|p2a: Slowking|Chilly Reception|p2a: Slowking
|-weather|Snowscape
|
|t:|1779599771
|switch|p2a: Corviknight|Corviknight, F|93/100|[from] Chilly Reception
|-ability|p2a: Corviknight|Pressure
|
|-weather|Snowscape|[upkeep]
|-heal|p1a: Weezing|91/100|[from] item: Leftovers
|upkeep
|turn|20
|
|t:|1779599776
|move|p2a: Corviknight|U-turn|p1a: Weezing
|-resisted|p1a: Weezing
|-damage|p1a: Weezing|88/100
|
|t:|1779599779
|switch|p2a: Slowking|Slowking-Galar, F|100/100|[from] U-turn
|move|p1a: Weezing|Sludge Bomb|p2a: Slowking
|-resisted|p2a: Slowking
|-damage|p2a: Slowking|92/100
|
|-weather|Snowscape|[upkeep]
|-heal|p1a: Weezing|94/100|[from] item: Leftovers
|upkeep
|turn|21
|
|t:|1779599784
|move|p1a: Weezing|Heat Wave|p2a: Slowking
|-damage|p2a: Slowking|79/100
|move|p2a: Slowking|Thunder Wave|p1a: Weezing
|-status|p1a: Weezing|par
|
|-weather|Snowscape|[upkeep]
|-heal|p1a: Weezing|99/100 par|[from] item: Leftovers
|upkeep
|turn|22
|
|t:|1779599792
|switch|p1a: Ting-Lu|Ting-Lu|100/100
|-ability|p1a: Ting-Lu|Vessel of Ruin
|move|p2a: Slowking|Future Sight|p1a: Ting-Lu
|-start|p2a: Slowking|move: Future Sight
|
|-weather|Snowscape|[upkeep]
|upkeep
|turn|23
|
|t:|1779599799
|switch|p2a: Hydrapple|Hydrapple, M|100/100
|move|p1a: Ting-Lu|Ruination|p2a: Hydrapple
|-damage|p2a: Hydrapple|51/100
|
|-weather|none
|upkeep
|turn|24
|
|t:|1779599823
|switch|p1a: Amoonguss|Amoonguss, M|83/100
|move|p2a: Hydrapple|Nasty Plot|p2a: Hydrapple
|-boost|p2a: Hydrapple|spa|2
|
|-end|p1a: Amoonguss|move: Future Sight
|-supereffective|p1a: Amoonguss
|-damage|p1a: Amoonguss|2/100
|upkeep
|turn|25
|
|t:|1779599830
|move|p2a: Hydrapple|Fickle Beam|p1a: Amoonguss
|-damage|p1a: Amoonguss|0 fnt
|faint|p1a: Amoonguss
|
|upkeep
|
|t:|1779599834
|switch|p1a: Dragapult|Dragapult, M|100/100
|turn|26
|
|t:|1779599840
|switch|p2a: Corviknight|Corviknight, F|93/100
|-ability|p2a: Corviknight|Pressure
|move|p1a: Dragapult|Will-O-Wisp|p2a: Corviknight|[miss]
|-miss|p1a: Dragapult|p2a: Corviknight
|
|upkeep
|turn|27
|
|t:|1779599843
|move|p1a: Dragapult|Will-O-Wisp|p2a: Corviknight
|-status|p2a: Corviknight|brn
|move|p2a: Corviknight|U-turn|p1a: Dragapult
|-resisted|p1a: Dragapult
|-damage|p1a: Dragapult|96/100
|
|t:|1779599845
|switch|p2a: Darkrai|Darkrai|100/100|[from] U-turn
|
|upkeep
|turn|28
|
|t:|1779599848
|switch|p1a: Ting-Lu|Ting-Lu|100/100
|-ability|p1a: Ting-Lu|Vessel of Ruin
|move|p2a: Darkrai|Dark Pulse|p1a: Ting-Lu
|-resisted|p1a: Ting-Lu
|-damage|p1a: Ting-Lu|91/100
|
|-heal|p1a: Ting-Lu|97/100|[from] item: Leftovers
|upkeep
|turn|29
|
|t:|1779599853
|switch|p2a: Hydrapple|Hydrapple, M|84/100
|move|p1a: Ting-Lu|Ruination|p2a: Hydrapple
|-damage|p2a: Hydrapple|42/100
|
|-heal|p1a: Ting-Lu|100/100|[from] item: Leftovers
|upkeep
|turn|30
|
|t:|1779599859
|move|p2a: Hydrapple|Giga Drain|p1a: Ting-Lu
|-supereffective|p1a: Ting-Lu
|-damage|p1a: Ting-Lu|75/100
|-heal|p2a: Hydrapple|58/100|[from] drain|[of] p1a: Ting-Lu
|move|p1a: Ting-Lu|Earthquake|p2a: Hydrapple
|-resisted|p2a: Hydrapple
|-damage|p2a: Hydrapple|48/100
|
|-heal|p1a: Ting-Lu|81/100|[from] item: Leftovers
|upkeep
|turn|31
|
|t:|1779599874
|switch|p1a: Weezing|Weezing-Galar, M|99/100 par
|move|p2a: Hydrapple|Giga Drain|p1a: Weezing
|-resisted|p1a: Weezing
|-damage|p1a: Weezing|78/100 par
|-heal|p2a: Hydrapple|57/100|[from] drain|[of] p1a: Weezing
|
|-heal|p1a: Weezing|84/100 par|[from] item: Leftovers
|upkeep
|turn|32
|
|t:|1779599879
|switch|p2a: Corviknight|Corviknight, F|93/100 brn
|-ability|p2a: Corviknight|Pressure
|move|p1a: Weezing|Sludge Bomb|p2a: Corviknight
|-immune|p2a: Corviknight
|
|-heal|p1a: Weezing|90/100 par|[from] item: Leftovers
|-damage|p2a: Corviknight|87/100 brn|[from] brn
|upkeep
|turn|33
|
|t:|1779599883
|move|p2a: Corviknight|U-turn|p1a: Weezing
|-resisted|p1a: Weezing
|-damage|p1a: Weezing|89/100 par
|
|t:|1779599885
|switch|p2a: Cinderace|Cinderace, M|24/100|[from] U-turn
|move|p1a: Weezing|Heat Wave|p2a: Cinderace
|-resisted|p2a: Cinderace
|-damage|p2a: Cinderace|8/100
|
|-heal|p1a: Weezing|95/100 par|[from] item: Leftovers
|upkeep
|turn|34
|
|t:|1779599892
|switch|p1a: Skeledirge|Skeledirge, M|91/100
|move|p2a: Cinderace|Pyro Ball|p1a: Skeledirge
|-resisted|p1a: Skeledirge
|-damage|p1a: Skeledirge|74/100
|
|upkeep
|turn|35
|
|t:|1779599903
|move|p2a: Cinderace|U-turn|p1a: Skeledirge
|-start|p2a: Cinderace|typechange|Bug|[from] ability: Libero
|-resisted|p1a: Skeledirge
|-damage|p1a: Skeledirge|69/100
|
|t:|1779599915
|switch|p2a: Slowking|Slowking-Galar, F|100/100|[from] U-turn
|move|p1a: Skeledirge|Will-O-Wisp|p2a: Slowking
|-status|p2a: Slowking|brn
|
|-damage|p2a: Slowking|94/100 brn|[from] brn
|upkeep
|turn|36
|
|t:|1779599927
|switch|p1a: Ting-Lu|Ting-Lu|81/100
|-ability|p1a: Ting-Lu|Vessel of Ruin
|switch|p2a: Cinderace|Cinderace, M|8/100
|
|-heal|p1a: Ting-Lu|87/100|[from] item: Leftovers
|upkeep
|turn|37
|
|t:|1779599933
|move|p2a: Cinderace|U-turn|p1a: Ting-Lu
|-start|p2a: Cinderace|typechange|Bug|[from] ability: Libero
|-supereffective|p1a: Ting-Lu
|-damage|p1a: Ting-Lu|49/100
|
|t:|1779599937
|switch|p2a: Hydrapple|Hydrapple, M|90/100|[from] U-turn
|move|p1a: Ting-Lu|Ruination|p2a: Hydrapple
|-damage|p2a: Hydrapple|45/100
|
|-heal|p1a: Ting-Lu|55/100|[from] item: Leftovers
|upkeep
|turn|38
|
|t:|1779599947
|switch|p1a: Dragapult|Dragapult, M|96/100
|move|p2a: Hydrapple|Giga Drain|p1a: Dragapult
|-resisted|p1a: Dragapult
|-damage|p1a: Dragapult|74/100
|-heal|p2a: Hydrapple|54/100|[from] drain|[of] p1a: Dragapult
|
|upkeep
|turn|39
|
|t:|1779599952
|switch|p2a: Cinderace|Cinderace, M|8/100
|move|p1a: Dragapult|U-turn|p2a: Cinderace
|-resisted|p2a: Cinderace
|-damage|p2a: Cinderace|0 fnt
|faint|p2a: Cinderace
|
|t:|1779599957
|switch|p1a: Ting-Lu|Ting-Lu|55/100|[from] U-turn
|-ability|p1a: Ting-Lu|Vessel of Ruin
|
|-heal|p1a: Ting-Lu|61/100|[from] item: Leftovers
|upkeep
|
|t:|1779599960
|switch|p2a: Hydrapple|Hydrapple, M|87/100
|turn|40
|
|t:|1779599973
|switch|p1a: Weezing|Weezing-Galar, M|95/100 par
|move|p2a: Hydrapple|Nasty Plot|p2a: Hydrapple
|-boost|p2a: Hydrapple|spa|2
|
|-heal|p1a: Weezing|100/100 par|[from] item: Leftovers
|upkeep
|turn|41
|
|t:|1779599989
|switch|p2a: Corviknight|Corviknight, F|87/100 brn
|-ability|p2a: Corviknight|Pressure
|move|p1a: Weezing|Sludge Bomb|p2a: Corviknight
|-immune|p2a: Corviknight
|
|-damage|p2a: Corviknight|81/100 brn|[from] brn
|upkeep
|turn|42
|
|t:|1779599993
|move|p2a: Corviknight|U-turn|p1a: Weezing
|-resisted|p1a: Weezing
|-damage|p1a: Weezing|99/100 par
|
|t:|1779599995
|switch|p2a: Slowking|Slowking-Galar, F|100/100 brn|[from] U-turn
|cant|p1a: Weezing|par
|
|-heal|p1a: Weezing|100/100 par|[from] item: Leftovers
|-damage|p2a: Slowking|94/100 brn|[from] brn
|upkeep
|turn|43
|
|t:|1779600003
|switch|p1a: Dragapult|Dragapult, M|74/100
|move|p2a: Slowking|Future Sight|p1a: Dragapult
|-start|p2a: Slowking|move: Future Sight
|
|-damage|p2a: Slowking|88/100 brn|[from] brn
|upkeep
|turn|44
|
|t:|1779600019
|switch|p2a: Darkrai|Darkrai|100/100
|-terastallize|p1a: Dragapult|Dragon
|move|p1a: Dragapult|Dragon Darts|p2a: Darkrai
|-damage|p2a: Darkrai|29/100
|-anim|p1a: Dragapult|Dragon Darts|p2a: Darkrai
|-damage|p2a: Darkrai|0 fnt
|faint|p2a: Darkrai
|
|upkeep
|
|t:|1779600029
|switch|p2a: Corviknight|Corviknight, F|81/100 brn
|-ability|p2a: Corviknight|Pressure
|turn|45
|
|t:|1779600034
|switch|p1a: Slowking|Slowking, F|100/100
|move|p2a: Corviknight|U-turn|p1a: Slowking
|-supereffective|p1a: Slowking
|-damage|p1a: Slowking|86/100
|
|t:|1779600037
|switch|p2a: Hydrapple|Hydrapple, M|100/100|[from] U-turn
|
|-end|p1a: Slowking|move: Future Sight
|-resisted|p1a: Slowking
|-damage|p1a: Slowking|73/100
|upkeep
|turn|46
|
|t:|1779600044
|switch|p1a: Weezing|Weezing-Galar, M|100/100 par
|move|p2a: Hydrapple|Nasty Plot|p2a: Hydrapple
|-boost|p2a: Hydrapple|spa|2
|
|upkeep
|turn|47
|
|t:|1779600058
|-terastallize|p2a: Hydrapple|Steel
|move|p2a: Hydrapple|Nasty Plot|p2a: Hydrapple
|-boost|p2a: Hydrapple|spa|2
|move|p1a: Weezing|Sludge Bomb|p2a: Hydrapple
|-immune|p2a: Hydrapple
|
|upkeep
|turn|48
|
|t:|1779600064
|move|p2a: Hydrapple|Earth Power|p1a: Weezing
|-immune|p1a: Weezing|[from] ability: Levitate
|move|p1a: Weezing|Heat Wave|p2a: Hydrapple
|-supereffective|p2a: Hydrapple
|-damage|p2a: Hydrapple|60/100
|
|upkeep
|turn|49
|
|t:|1779600070
|move|p2a: Hydrapple|Giga Drain|p1a: Weezing
|-resisted|p1a: Weezing
|-damage|p1a: Weezing|44/100 par
|-heal|p2a: Hydrapple|83/100|[from] drain|[of] p1a: Weezing
|move|p1a: Weezing|Heat Wave|p2a: Hydrapple
|-supereffective|p2a: Hydrapple
|-damage|p2a: Hydrapple|42/100
|
|-heal|p1a: Weezing|50/100 par|[from] item: Leftovers
|upkeep
|turn|50
|
|t:|1779600079
|move|p2a: Hydrapple|Giga Drain|p1a: Weezing
|-resisted|p1a: Weezing
|-damage|p1a: Weezing|0 fnt
|-heal|p2a: Hydrapple|62/100|[from] drain|[of] p1a: Weezing
|faint|p1a: Weezing
|
|upkeep
|
|t:|1779600089
|switch|p1a: Dragapult|Dragapult, M, tera:Dragon|74/100
|turn|51
|
|t:|1779600093
|move|p1a: Dragapult|Dragon Darts|p2a: Hydrapple
|-resisted|p2a: Hydrapple
|-damage|p2a: Hydrapple|48/100
|-anim|p1a: Dragapult|Dragon Darts|p2a: Hydrapple
|-resisted|p2a: Hydrapple
|-damage|p2a: Hydrapple|32/100
|move|p2a: Hydrapple|Fickle Beam|p1a: Dragapult|[anim] Fickle Beam All Out
|-activate|p2a: Hydrapple|move: Fickle Beam
|-supereffective|p1a: Dragapult
|-damage|p1a: Dragapult|0 fnt
|faint|p1a: Dragapult
|
|upkeep
|
|t:|1779600100
|switch|p1a: Skeledirge|Skeledirge, M|69/100
|turn|52
|
|t:|1779600102
|move|p1a: Skeledirge|Torch Song|p2a: Hydrapple
|-supereffective|p2a: Hydrapple
|-damage|p2a: Hydrapple|0 fnt
|-boost|p1a: Skeledirge|spa|1
|faint|p2a: Hydrapple
|
|upkeep
|
|t:|1779600105
|switch|p2a: Slowking|Slowking-Galar, F|100/100 brn
|turn|53
|
|t:|1779600108
|move|p1a: Skeledirge|Hex|p2a: Slowking
|-supereffective|p2a: Slowking
|-damage|p2a: Slowking|10/100 brn
|move|p2a: Slowking|Thunder Wave|p1a: Skeledirge
|-status|p1a: Skeledirge|par
|
|-damage|p2a: Slowking|4/100 brn|[from] brn
|upkeep
|turn|54
|
|t:|1779600112
|move|p1a: Skeledirge|Torch Song|p2a: Slowking
|-damage|p2a: Slowking|0 fnt
|-boost|p1a: Skeledirge|spa|1
|faint|p2a: Slowking
|
|upkeep
|
|t:|1779600114
|switch|p2a: Corviknight|Corviknight, F|81/100 brn
|-ability|p2a: Corviknight|Pressure
|turn|55
|
|t:|1779600116
|move|p2a: Corviknight|Brave Bird|p1a: Skeledirge
|-damage|p1a: Skeledirge|57/100 par
|-damage|p2a: Corviknight|77/100 brn|[from] Recoil
|move|p1a: Skeledirge|Torch Song|p2a: Corviknight
|-supereffective|p2a: Corviknight
|-damage|p2a: Corviknight|0 fnt
|-boost|p1a: Skeledirge|spa|1
|faint|p2a: Corviknight
|
|win|thegreatestnone
|raw|thegreatestnone's rating: 1494 &rarr; <strong>1510</strong><br />(+16 for winning)
|raw|aethrx's rating: 1430 &rarr; <strong>1414</strong><br />(-16 for losing)
|l|☆aethrx
|player|p2|
|l|☆thegreatestnone
|player|p1|
