|j|☆Getrekt4005
|j|☆benioooo
|t:|1779675038
|gametype|singles
|player|p1|Getrekt4005|170|1094
|player|p2|benioooo|cynthia-gen4|1083
|gen|9
|tier|[Gen 9] OU
|rated|
|rule|HP Percentage Mod: HP is shown in percentages
|rule|Endless Battle Clause: Forcing endless battles is banned
|rule|Species Clause: Limit one of each Pokémon
|rule|OHKO Clause: OHKO moves are banned
|rule|Evasion Items Clause: Evasion items are banned
|rule|Evasion Moves Clause: Evasion moves are banned
|rule|Evasion Abilities Clause: Evasion abilities are banned
|rule|Sleep Moves Clause: Sleep-inducing moves are banned
|clearpoke
|poke|p1|Stonjourner, M|
|poke|p1|Blissey, F|
|poke|p1|Dragapult, M|
|poke|p1|Zapdos|
|poke|p1|Weavile, M|
|poke|p1|Great Tusk|
|poke|p2|Manaphy|
|poke|p2|Goodra-Hisui, M|
|poke|p2|Skeledirge, F|
|poke|p2|Iron Valiant|
|poke|p2|Iron Hands|
|poke|p2|Pecharunt|
|teampreview
|
|t:|1779675081
|teamsize|p1|6
|teamsize|p2|6
|start
|switch|p1a: Weavile|Weavile, M|100/100
|switch|p2a: fofinho|Manaphy|100/100
|-ability|p1a: Weavile|Pressure
|turn|1
|
|t:|1779675091
|move|p1a: Weavile|Fake Out|p2a: fofinho
|-damage|p2a: fofinho|90/100
|cant|p2a: fofinho|flinch
|
|upkeep
|turn|2
|
|t:|1779675095
|move|p1a: Weavile|Knock Off|p2a: fofinho
|-damage|p2a: fofinho|51/100
|-enditem|p2a: fofinho|Choice Specs|[from] move: Knock Off|[of] p1a: Weavile
|move|p2a: fofinho|Energy Ball|p1a: Weavile
|-damage|p1a: Weavile|58/100
|-unboost|p1a: Weavile|spd|1
|
|upkeep
|turn|3
|
|t:|1779675110
|switch|p1a: Zapdos|Zapdos|100/100
|move|p2a: fofinho|Alluring Voice|p1a: Zapdos
|-damage|p1a: Zapdos|70/100
|
|upkeep
|turn|4
|
|t:|1779675121
|switch|p2a: gary|Goodra-Hisui, M|100/100
|move|p1a: Zapdos|Volt Switch|p2a: gary
|-resisted|p2a: gary
|-damage|p2a: gary|89/100
|
|t:|1779675126
|switch|p1a: Great Tusk|Great Tusk|100/100|[from] Volt Switch
|
|upkeep
|turn|5
|
|t:|1779675135
|move|p1a: Great Tusk|Headlong Rush|p2a: gary
|-supereffective|p2a: gary
|-damage|p2a: gary|0 fnt
|-unboost|p1a: Great Tusk|def|1
|-unboost|p1a: Great Tusk|spd|1
|faint|p2a: gary
|
|upkeep
|
|t:|1779675146
|switch|p2a: fofinho|Manaphy|51/100
|turn|6
|
|t:|1779675151
|-end|p1a: Great Tusk|Protosynthesis|[silent]
|switch|p1a: Blissey|Blissey, F|100/100
|move|p2a: fofinho|Hydro Pump|p1a: Blissey
|-damage|p1a: Blissey|83/100
|
|-heal|p1a: Blissey|89/100|[from] item: Leftovers
|upkeep
|turn|7
|
|t:|1779675159
|switch|p2a: mãe|Iron Hands|100/100
|-enditem|p2a: mãe|Booster Energy
|-activate|p2a: mãe|ability: Quark Drive|[fromitem]
|-start|p2a: mãe|quarkdriveatk
|move|p1a: Blissey|Stealth Rock|p2a: mãe
|-sidestart|p2: benioooo|move: Stealth Rock
|
|-heal|p1a: Blissey|95/100|[from] item: Leftovers
|upkeep
|turn|8
|
|t:|1779675170
|switch|p1a: Zapdos|Zapdos|70/100
|move|p2a: mãe|Low Kick|p1a: Zapdos
|-resisted|p1a: Zapdos
|-damage|p1a: Zapdos|42/100
|
|upkeep
|turn|9
|
|t:|1779675181
|move|p1a: Zapdos|Hurricane|p2a: mãe|[miss]
|-miss|p1a: Zapdos|p2a: mãe
|move|p2a: mãe|Supercell Slam|p1a: Zapdos
|-damage|p1a: Zapdos|0 fnt
|faint|p1a: Zapdos
|
|upkeep
|
|t:|1779675191
|switch|p1a: Dragapult|Dragapult, M|100/100
|turn|10
|
|t:|1779675209
|switch|p1a: Great Tusk|Great Tusk|100/100
|-end|p2a: mãe|Quark Drive|[silent]
|switch|p2a: samurai jack|Iron Valiant|100/100
|-damage|p2a: samurai jack|95/100|[from] Stealth Rock
|-enditem|p2a: samurai jack|Booster Energy
|-activate|p2a: samurai jack|ability: Quark Drive|[fromitem]
|-start|p2a: samurai jack|quarkdrivespe
|
|upkeep
|turn|11
|
|t:|1779675230
|move|p2a: samurai jack|Moonblast|p1a: Great Tusk
|-supereffective|p1a: Great Tusk
|-damage|p1a: Great Tusk|23/100
|move|p1a: Great Tusk|Headlong Rush|p2a: samurai jack
|-damage|p2a: samurai jack|36/100
|-unboost|p1a: Great Tusk|def|1
|-unboost|p1a: Great Tusk|spd|1
|
|upkeep
|turn|12
|
|t:|1779675243
|move|p2a: samurai jack|Moonblast|p1a: Great Tusk
|-supereffective|p1a: Great Tusk
|-damage|p1a: Great Tusk|0 fnt
|faint|p1a: Great Tusk
|-end|p1a: Great Tusk|Protosynthesis|[silent]
|
|upkeep
|
|t:|1779675248
|switch|p1a: Weavile|Weavile, M|58/100
|-ability|p1a: Weavile|Pressure
|turn|13
|
|t:|1779675259
|move|p1a: Weavile|Fake Out|p2a: samurai jack
|-damage|p2a: samurai jack|25/100
|cant|p2a: samurai jack|flinch
|
|upkeep
|turn|14
|
|t:|1779675270
|-end|p2a: samurai jack|Quark Drive|[silent]
|switch|p2a: vacinado|Skeledirge, F|100/100
|-damage|p2a: vacinado|75/100|[from] Stealth Rock
|switch|p1a: Blissey|Blissey, F|95/100
|
|-heal|p1a: Blissey|100/100|[from] item: Leftovers
|upkeep
|turn|15
|
|t:|1779675290
|switch|p1a: Stonjourner|Stonjourner, M|100/100
|move|p2a: vacinado|Will-O-Wisp|p1a: Stonjourner
|-status|p1a: Stonjourner|brn
|
|-damage|p1a: Stonjourner|94/100 brn|[from] brn
|upkeep
|turn|16
|
|t:|1779675305
|switch|p2a: mãe|Iron Hands|100/100
|-damage|p2a: mãe|94/100|[from] Stealth Rock
|move|p1a: Stonjourner|Stone Edge|p2a: mãe
|-resisted|p2a: mãe
|-damage|p2a: mãe|84/100
|-damage|p1a: Stonjourner|84/100 brn|[from] item: Life Orb
|
|-damage|p1a: Stonjourner|78/100 brn|[from] brn
|upkeep
|turn|17
|
|t:|1779675319
|switch|p1a: Dragapult|Dragapult, M|100/100
|move|p2a: mãe|Low Kick|p1a: Dragapult
|-immune|p1a: Dragapult
|
|upkeep
|turn|18
|
|t:|1779675329
|-end|p2a: mãe|Quark Drive|[silent]
|switch|p2a: utero|Pecharunt|100/100
|-damage|p2a: utero|88/100|[from] Stealth Rock
|move|p1a: Dragapult|Shadow Ball|p2a: utero
|-supereffective|p2a: utero
|-damage|p2a: utero|1/100
|-enditem|p2a: utero|Maranga Berry|[eat]
|-boost|p2a: utero|spd|1|[from] item: Maranga Berry
|
|upkeep
|turn|19
|
|t:|1779675337
|move|p1a: Dragapult|Shadow Ball|p2a: utero
|-supereffective|p2a: utero
|-damage|p2a: utero|0 fnt
|faint|p2a: utero
|
|upkeep
|
|t:|1779675341
|switch|p2a: samurai jack|Iron Valiant|25/100
|-damage|p2a: samurai jack|19/100|[from] Stealth Rock
|turn|20
|
|t:|1779675345
|move|p1a: Dragapult|Shadow Ball|p2a: samurai jack
|-damage|p2a: samurai jack|0 fnt
|faint|p2a: samurai jack
|-end|p2a: samurai jack|Quark Drive|[silent]
|
|upkeep
|
|t:|1779675354
|switch|p2a: fofinho|Manaphy|51/100
|-damage|p2a: fofinho|39/100|[from] Stealth Rock
|turn|21
|
|t:|1779675360
|move|p1a: Dragapult|Shadow Ball|p2a: fofinho
|-damage|p2a: fofinho|0 fnt
|faint|p2a: fofinho
|
|upkeep
|
|t:|1779675364
|switch|p2a: vacinado|Skeledirge, F|75/100
|-damage|p2a: vacinado|50/100|[from] Stealth Rock
|turn|22
|
|t:|1779675374
|move|p1a: Dragapult|Shadow Ball|p2a: vacinado
|-supereffective|p2a: vacinado
|-damage|p2a: vacinado|0 fnt
|faint|p2a: vacinado
|
|upkeep
|
|t:|1779675376
|switch|p2a: mãe|Iron Hands|84/100
|-damage|p2a: mãe|78/100|[from] Stealth Rock
|turn|23
|
|t:|1779675389
|move|p2a: mãe|Fake Out|p1a: Dragapult
|-immune|p1a: Dragapult
|move|p1a: Dragapult|Shadow Ball|p2a: mãe
|-damage|p2a: mãe|49/100
|
|upkeep
|turn|24
|
|t:|1779675396
|move|p1a: Dragapult|Shadow Ball|p2a: mãe
|-damage|p2a: mãe|17/100
|move|p2a: mãe|Supercell Slam|p1a: Dragapult
|-resisted|p1a: Dragapult
|-damage|p1a: Dragapult|67/100
|
|upkeep
|turn|25
|
|t:|1779675404
|-terastallize|p2a: mãe|Fighting
|move|p1a: Dragapult|Shadow Ball|p2a: mãe
|-damage|p2a: mãe|0 fnt
|faint|p2a: mãe
|-end|p2a: mãe|Quark Drive|[silent]
|
|win|Getrekt4005
|raw|Getrekt4005's rating: 1094 &rarr; <strong>1119</strong><br />(+25 for winning)
|raw|benioooo's rating: 1083 &rarr; <strong>1061</strong><br />(-22 for losing)
|l|☆benioooo
|player|p2|
|l|☆Getrekt4005
|player|p1|
