|j|☆grimI0I
|j|☆maruzenskyy
|t:|1779641018
|gametype|singles
|player|p1|grimI0I|266|1227
|player|p2|maruzenskyy|iris|1208
|gen|9
|tier|[Gen 9] OU
|rated|
|rule|HP Percentage Mod: HP is shown in percentages
|rule|Endless Battle Clause: Forcing endless battles is banned
|rule|Species Clause: Limit one of each Pokémon
|rule|OHKO Clause: OHKO moves are banned
|rule|Evasion Items Clause: Evasion items are banned
|rule|Evasion Moves Clause: Evasion moves are banned
|rule|Evasion Abilities Clause: Evasion abilities are banned
|rule|Sleep Moves Clause: Sleep-inducing moves are banned
|clearpoke
|poke|p1|Ceruledge, M|
|poke|p1|Porygon-Z|
|poke|p1|Hawlucha, F|
|poke|p1|Dragonite, F|
|poke|p1|Ogerpon-Wellspring, F|
|poke|p1|Primarina, F|
|poke|p2|Great Tusk|
|poke|p2|Pecharunt|
|poke|p2|Iron Valiant|
|poke|p2|Iron Crown|
|poke|p2|Samurott-Hisui, M|
|poke|p2|Dragonite, F|
|teampreview
|inactive|Battle timer is ON: inactive players will automatically lose when time's up. (requested by grimI0I)
|
|t:|1779641043
|teamsize|p1|6
|teamsize|p2|6
|start
|switch|p1a: Hawlucha|Hawlucha, F|100/100
|switch|p2a: Iron Crown|Iron Crown|100/100
|-ability|p1a: Hawlucha|Mold Breaker
|turn|1
|
|t:|1779641051
|move|p1a: Hawlucha|Taunt|p2a: Iron Crown
|-start|p2a: Iron Crown|move: Taunt
|move|p2a: Iron Crown|Volt Switch|p1a: Hawlucha
|-supereffective|p1a: Hawlucha
|-damage|p1a: Hawlucha|33/100
|inactive|maruzenskyy has 120 seconds left.
|
|t:|1779641085
|-end|p2a: Iron Crown|Quark Drive|[silent]
|switch|p2a: Iron Valiant|Iron Valiant|100/100|[from] Volt Switch
|
|upkeep
|turn|2
|
|t:|1779641103
|move|p1a: Hawlucha|Encore||[still]
|-fail|p1a: Hawlucha
|move|p2a: Iron Valiant|Moonblast|p1a: Hawlucha
|-supereffective|p1a: Hawlucha
|-damage|p1a: Hawlucha|0 fnt
|faint|p1a: Hawlucha
|
|upkeep
|
|t:|1779641123
|switch|p1a: Primarina|Primarina, F|100/100
|turn|3
|
|t:|1779641133
|move|p2a: Iron Valiant|Moonblast|p1a: Primarina
|-damage|p1a: Primarina|45/100
|move|p1a: Primarina|Moonblast|p2a: Iron Valiant
|-supereffective|p2a: Iron Valiant
|-damage|p2a: Iron Valiant|0 fnt
|faint|p2a: Iron Valiant
|-end|p2a: Iron Valiant|Quark Drive|[silent]
|
|upkeep
|
|t:|1779641137
|switch|p2a: Pecharunt|Pecharunt|100/100
|turn|4
|
|t:|1779641145
|move|p2a: Pecharunt|Malignant Chain|p1a: Primarina
|-supereffective|p1a: Primarina
|-damage|p1a: Primarina|0 fnt
|faint|p1a: Primarina
|
|upkeep
|
|t:|1779641154
|switch|p1a: Porygon-Z|Porygon-Z|100/100
|-ability|p1a: Porygon-Z|Download|boost
|-boost|p1a: Porygon-Z|spa|1
|turn|5
|
|t:|1779641158
|move|p1a: Porygon-Z|Agility|p1a: Porygon-Z
|-boost|p1a: Porygon-Z|spe|2
|move|p2a: Pecharunt|Parting Shot|p1a: Porygon-Z
|-unboost|p1a: Porygon-Z|atk|1
|-unboost|p1a: Porygon-Z|spa|1
|
|t:|1779641170
|switch|p2a: Iron Crown|Iron Crown|100/100|[from] Parting Shot
|
|upkeep
|turn|6
|
|t:|1779641191
|move|p1a: Porygon-Z|Thunderbolt|p2a: Iron Crown
|-damage|p2a: Iron Crown|78/100
|move|p2a: Iron Crown|Future Sight|p1a: Porygon-Z
|-start|p2a: Iron Crown|move: Future Sight
|
|upkeep
|turn|7
|
|t:|1779641195
|move|p1a: Porygon-Z|Thunderbolt|p2a: Iron Crown
|-damage|p2a: Iron Crown|58/100
|move|p2a: Iron Crown|Tachyon Cutter|p1a: Porygon-Z
|-damage|p1a: Porygon-Z|66/100
|-damage|p1a: Porygon-Z|32/100
|-hitcount|p1a: Porygon-Z|2
|
|upkeep
|turn|8
|
|t:|1779641200
|move|p1a: Porygon-Z|Thunderbolt|p2a: Iron Crown
|-damage|p2a: Iron Crown|36/100
|move|p2a: Iron Crown|Volt Switch|p1a: Porygon-Z
|-damage|p1a: Porygon-Z|0 fnt
|faint|p1a: Porygon-Z
|
|t:|1779641207
|-end|p2a: Iron Crown|Quark Drive|[silent]
|switch|p2a: Samurott|Samurott-Hisui, M|100/100|[from] Volt Switch
|
|-hint|Future Sight did not hit because the target is fainted.
|upkeep
|
|t:|1779641216
|switch|p1a: Ogerpon|Ogerpon-Wellspring, F|100/100
|turn|9
|
|t:|1779641222
|move|p1a: Ogerpon|Horn Leech|p2a: Samurott
|-supereffective|p2a: Samurott
|-damage|p2a: Samurott|0 fnt
|faint|p2a: Samurott
|
|upkeep
|
|t:|1779641231
|switch|p2a: Iron Crown|Iron Crown|36/100
|turn|10
|
|t:|1779641241
|move|p1a: Ogerpon|Ivy Cudgel|p2a: Iron Crown|[anim] Ivy Cudgel Water
|-crit|p2a: Iron Crown
|-damage|p2a: Iron Crown|0 fnt
|faint|p2a: Iron Crown
|-end|p2a: Iron Crown|Quark Drive|[silent]
|
|upkeep
|
|t:|1779641249
|switch|p2a: Dragonite|Dragonite, F|100/100
|turn|11
|
|t:|1779641252
|move|p1a: Ogerpon|Swords Dance|p1a: Ogerpon
|-boost|p1a: Ogerpon|atk|2
|move|p2a: Dragonite|Dragon Dance|p2a: Dragonite
|-boost|p2a: Dragonite|atk|1
|-boost|p2a: Dragonite|spe|1
|
|upkeep
|turn|12
|
|t:|1779641259
|move|p2a: Dragonite|Dragon Dance|p2a: Dragonite
|-boost|p2a: Dragonite|atk|1
|-boost|p2a: Dragonite|spe|1
|move|p1a: Ogerpon|Play Rough|p2a: Dragonite|[miss]
|-miss|p1a: Ogerpon|p2a: Dragonite
|
|upkeep
|turn|13
|
|t:|1779641262
|-terastallize|p2a: Dragonite|Normal
|move|p2a: Dragonite|Extreme Speed|p1a: Ogerpon
|-damage|p1a: Ogerpon|0 fnt
|faint|p1a: Ogerpon
|
|upkeep
|
|t:|1779641265
|switch|p1a: Ceruledge|Ceruledge, M|100/100
|turn|14
|
|t:|1779641268
|move|p2a: Dragonite|Earthquake|p1a: Ceruledge
|-supereffective|p1a: Ceruledge
|-enditem|p1a: Ceruledge|Focus Sash
|-damage|p1a: Ceruledge|1/100
|-ability|p1a: Ceruledge|Weak Armor|boost
|-unboost|p1a: Ceruledge|def|1
|-boost|p1a: Ceruledge|spe|2
|move|p1a: Ceruledge|Bitter Blade|p2a: Dragonite
|-damage|p2a: Dragonite|77/100
|-heal|p1a: Ceruledge|14/100|[from] drain|[of] p2a: Dragonite
|
|upkeep
|turn|15
|
|t:|1779641271
|move|p1a: Ceruledge|Bitter Blade|p2a: Dragonite
|-damage|p2a: Dragonite|24/100
|-heal|p1a: Ceruledge|43/100|[from] drain|[of] p2a: Dragonite
|move|p2a: Dragonite|Earthquake|p1a: Ceruledge
|-supereffective|p1a: Ceruledge
|-damage|p1a: Ceruledge|0 fnt
|faint|p1a: Ceruledge
|
|upkeep
|
|t:|1779641274
|switch|p1a: Dragonite|Dragonite, F|100/100
|turn|16
|
|t:|1779641278
|move|p2a: Dragonite|Extreme Speed|p1a: Dragonite
|-damage|p1a: Dragonite|54/100
|move|p1a: Dragonite|Dragon Claw|p2a: Dragonite
|-damage|p2a: Dragonite|0 fnt
|faint|p2a: Dragonite
|
|-heal|p1a: Dragonite|60/100|[from] item: Leftovers
|upkeep
|
|t:|1779641284
|switch|p2a: Great Tusk|Great Tusk|100/100
|turn|17
|
|t:|1779641286
|-terastallize|p1a: Dragonite|Dragon
|move|p2a: Great Tusk|Ice Spinner|p1a: Dragonite
|-supereffective|p1a: Dragonite
|-damage|p1a: Dragonite|0 fnt
|faint|p1a: Dragonite
|
|win|maruzenskyy
|raw|grimI0I's rating: 1227 &rarr; <strong>1201</strong><br />(-26 for losing)
|raw|maruzenskyy's rating: 1208 &rarr; <strong>1234</strong><br />(+26 for winning)
|c|☆grimI0I|gg
