|j|☆1mN0tD1zzy
|j|☆ikthoizzykil
|t:|1779656405
|gametype|singles
|player|p1|1mN0tD1zzy|benga|1273
|player|p2|ikthoizzykil|pokemaniac-gen3rs|1348
|gen|9
|tier|[Gen 9] OU
|rated|
|rule|HP Percentage Mod: HP is shown in percentages
|rule|Endless Battle Clause: Forcing endless battles is banned
|rule|Species Clause: Limit one of each Pokémon
|rule|OHKO Clause: OHKO moves are banned
|rule|Evasion Items Clause: Evasion items are banned
|rule|Evasion Moves Clause: Evasion moves are banned
|rule|Evasion Abilities Clause: Evasion abilities are banned
|rule|Sleep Moves Clause: Sleep-inducing moves are banned
|clearpoke
|poke|p1|Pincurchin, F|
|poke|p1|Iron Valiant|
|poke|p1|Hawlucha, F|
|poke|p1|Raging Bolt|
|poke|p1|Iron Treads|
|poke|p1|Ogerpon-Wellspring, F|
|poke|p2|Slaking, M|
|poke|p2|Rillaboom, M|
|poke|p2|Alomomola, F|
|poke|p2|Garganacl, M|
|poke|p2|Skeledirge, F|
|poke|p2|Skarmory, M|
|teampreview
|inactive|Battle timer is ON: inactive players will automatically lose when time's up. (requested by ikthoizzykil)
|c|☆1mN0tD1zzy|glhf
|
|t:|1779656411
|teamsize|p1|6
|teamsize|p2|6
|start
|switch|p1a: Pincurchin|Pincurchin, F|100/100
|switch|p2a: Slaking|Slaking, M|100/100
|-fieldstart|move: Electric Terrain|[from] ability: Electric Surge|[of] p1a: Pincurchin
|turn|1
|
|t:|1779656417
|move|p2a: Slaking|Knock Off|p1a: Pincurchin
|-damage|p1a: Pincurchin|69/100
|-enditem|p1a: Pincurchin|Terrain Extender|[from] move: Knock Off|[of] p2a: Slaking
|move|p1a: Pincurchin|Thunder Wave|p2a: Slaking
|-status|p2a: Slaking|par
|
|upkeep
|turn|2
|
|t:|1779656429
|switch|p1a: Hawlucha|Hawlucha, F|100/100
|-enditem|p1a: Hawlucha|Electric Seed
|-boost|p1a: Hawlucha|def|1|[from] item: Electric Seed
|cant|p2a: Slaking|ability: Truant
|
|upkeep
|turn|3
|
|t:|1779656436
|switch|p2a: Skeledirge|Skeledirge, F|100/100
|move|p1a: Hawlucha|Swords Dance|p1a: Hawlucha
|-boost|p1a: Hawlucha|atk|2
|
|upkeep
|turn|4
|
|t:|1779656443
|move|p1a: Hawlucha|Acrobatics|p2a: Skeledirge
|-damage|p2a: Skeledirge|56/100
|move|p2a: Skeledirge|Will-O-Wisp|p1a: Hawlucha
|-status|p1a: Hawlucha|brn
|
|-heal|p2a: Skeledirge|62/100|[from] item: Leftovers
|-damage|p1a: Hawlucha|94/100 brn|[from] brn
|upkeep
|turn|5
|
|t:|1779656451
|move|p1a: Hawlucha|Swords Dance|p1a: Hawlucha
|-boost|p1a: Hawlucha|atk|2
|move|p2a: Skeledirge|Slack Off|p2a: Skeledirge
|-heal|p2a: Skeledirge|100/100
|
|-damage|p1a: Hawlucha|88/100 brn|[from] brn
|upkeep
|turn|6
|
|t:|1779656458
|move|p1a: Hawlucha|Swords Dance|p1a: Hawlucha
|-boost|p1a: Hawlucha|atk|2
|move|p2a: Skeledirge|Torch Song|p1a: Hawlucha
|-damage|p1a: Hawlucha|42/100 brn
|-boost|p2a: Skeledirge|spa|1
|
|-damage|p1a: Hawlucha|36/100 brn|[from] brn
|upkeep
|turn|7
|
|t:|1779656467
|move|p1a: Hawlucha|Acrobatics|p2a: Skeledirge
|-damage|p2a: Skeledirge|81/100
|move|p2a: Skeledirge|Torch Song|p1a: Hawlucha
|-damage|p1a: Hawlucha|0 fnt
|-boost|p2a: Skeledirge|spa|1
|faint|p1a: Hawlucha
|
|-heal|p2a: Skeledirge|87/100|[from] item: Leftovers
|upkeep
|
|t:|1779656470
|switch|p1a: Ogerpon|Ogerpon-Wellspring, F|100/100
|turn|8
|
|t:|1779656482
|switch|p2a: Rillaboom|Rillaboom, M|100/100
|-fieldstart|move: Grassy Terrain|[from] ability: Grassy Surge|[of] p2a: Rillaboom
|move|p1a: Ogerpon|Ivy Cudgel|p2a: Rillaboom|[anim] Ivy Cudgel Water
|-resisted|p2a: Rillaboom
|-damage|p2a: Rillaboom|72/100
|
|-heal|p2a: Rillaboom|78/100|[from] Grassy Terrain
|upkeep
|turn|9
|
|t:|1779656490
|switch|p1a: Pincurchin|Pincurchin, F|69/100
|-fieldstart|move: Electric Terrain|[from] ability: Electric Surge|[of] p1a: Pincurchin
|move|p2a: Rillaboom|U-turn|p1a: Pincurchin
|-damage|p1a: Pincurchin|41/100
|-damage|p2a: Rillaboom|68/100|[from] item: Life Orb
|
|t:|1779656498
|switch|p2a: Slaking|Slaking, M|100/100 par|[from] U-turn
|
|upkeep
|turn|10
|
|t:|1779656506
|cant|p2a: Slaking|par
|move|p1a: Pincurchin|Scald|p2a: Slaking
|-damage|p2a: Slaking|92/100 par
|
|upkeep
|turn|11
|
|t:|1779656513
|switch|p1a: Raging Bolt|Raging Bolt|100/100
|cant|p2a: Slaking|ability: Truant
|
|upkeep
|turn|12
|
|t:|1779656517
|move|p1a: Raging Bolt|Thunderbolt|p2a: Slaking
|-damage|p2a: Slaking|53/100 par
|cant|p2a: Slaking|par
|
|upkeep
|turn|13
|
|t:|1779656523
|switch|p2a: Rillaboom|Rillaboom, M|68/100
|-fieldstart|move: Grassy Terrain|[from] ability: Grassy Surge|[of] p2a: Rillaboom
|move|p1a: Raging Bolt|Thunderbolt|p2a: Rillaboom
|-resisted|p2a: Rillaboom
|-damage|p2a: Rillaboom|36/100
|
|-heal|p2a: Rillaboom|43/100|[from] Grassy Terrain
|upkeep
|turn|14
|
|t:|1779656536
|switch|p2a: Garganacl|Garganacl, M|100/100
|move|p1a: Raging Bolt|Volt Switch|p2a: Garganacl
|-damage|p2a: Garganacl|73/100
|
|t:|1779656539
|-end|p1a: Raging Bolt|Protosynthesis|[silent]
|switch|p1a: Ogerpon|Ogerpon-Wellspring, F|100/100|[from] Volt Switch
|
|-heal|p2a: Garganacl|79/100|[from] Grassy Terrain
|-heal|p2a: Garganacl|85/100|[from] item: Leftovers
|upkeep
|turn|15
|
|t:|1779656547
|switch|p2a: Skarmory|Skarmory, M|100/100
|move|p1a: Ogerpon|Ivy Cudgel|p2a: Skarmory|[anim] Ivy Cudgel Water
|-damage|p2a: Skarmory|67/100
|
|upkeep
|turn|16
|
|t:|1779656552
|switch|p1a: Pincurchin|Pincurchin, F|41/100
|-fieldstart|move: Electric Terrain|[from] ability: Electric Surge|[of] p1a: Pincurchin
|move|p2a: Skarmory|Iron Defense|p2a: Skarmory
|-boost|p2a: Skarmory|def|2
|
|upkeep
|turn|17
|
|t:|1779656560
|switch|p2a: Rillaboom|Rillaboom, M|43/100
|-fieldstart|move: Grassy Terrain|[from] ability: Grassy Surge|[of] p2a: Rillaboom
|move|p1a: Pincurchin|Discharge|p2a: Rillaboom
|-resisted|p2a: Rillaboom
|-damage|p2a: Rillaboom|26/100
|
|-heal|p2a: Rillaboom|33/100|[from] Grassy Terrain
|-heal|p1a: Pincurchin|47/100|[from] Grassy Terrain
|upkeep
|turn|18
|
|t:|1779656571
|switch|p1a: Raging Bolt|Raging Bolt|100/100
|move|p2a: Rillaboom|Wood Hammer|p1a: Raging Bolt
|-resisted|p1a: Raging Bolt
|-damage|p1a: Raging Bolt|55/100
|-damage|p2a: Rillaboom|15/100|[from] Recoil
|-damage|p2a: Rillaboom|5/100|[from] item: Life Orb
|
|-heal|p2a: Rillaboom|11/100|[from] Grassy Terrain
|-heal|p1a: Raging Bolt|61/100|[from] Grassy Terrain
|upkeep
|turn|19
|
|t:|1779656582
|switch|p2a: Garganacl|Garganacl, M|85/100
|move|p1a: Raging Bolt|Thunderclap||[still]
|-fail|p1a: Raging Bolt
|
|-heal|p1a: Raging Bolt|67/100|[from] Grassy Terrain
|-heal|p2a: Garganacl|91/100|[from] Grassy Terrain
|-heal|p2a: Garganacl|98/100|[from] item: Leftovers
|upkeep
|turn|20
|
|t:|1779656590
|move|p1a: Raging Bolt|Draco Meteor|p2a: Garganacl
|-damage|p2a: Garganacl|42/100
|-unboost|p1a: Raging Bolt|spa|2
|move|p2a: Garganacl|Salt Cure|p1a: Raging Bolt
|-damage|p1a: Raging Bolt|55/100
|-start|p1a: Raging Bolt|Salt Cure
|
|-heal|p1a: Raging Bolt|62/100|[from] Grassy Terrain
|-heal|p2a: Garganacl|48/100|[from] Grassy Terrain
|-heal|p2a: Garganacl|54/100|[from] item: Leftovers
|-damage|p1a: Raging Bolt|49/100|[from] Salt Cure
|upkeep
|turn|21
|
|t:|1779656602
|-end|p1a: Raging Bolt|Protosynthesis|[silent]
|switch|p1a: Pincurchin|Pincurchin, F|47/100
|-fieldstart|move: Electric Terrain|[from] ability: Electric Surge|[of] p1a: Pincurchin
|move|p2a: Garganacl|Salt Cure|p1a: Pincurchin
|-damage|p1a: Pincurchin|35/100
|-start|p1a: Pincurchin|Salt Cure
|
|-heal|p2a: Garganacl|60/100|[from] item: Leftovers
|-damage|p1a: Pincurchin|22/100|[from] Salt Cure
|upkeep
|turn|22
|
|t:|1779656612
|move|p2a: Garganacl|Recover|p2a: Garganacl
|-heal|p2a: Garganacl|100/100
|move|p1a: Pincurchin|Scald|p2a: Garganacl
|-supereffective|p2a: Garganacl
|-damage|p2a: Garganacl|78/100
|
|-heal|p2a: Garganacl|84/100|[from] item: Leftovers
|-damage|p1a: Pincurchin|10/100|[from] Salt Cure
|upkeep
|turn|23
|
|t:|1779656620
|move|p2a: Garganacl|Stealth Rock|p1a: Pincurchin
|-sidestart|p1: 1mN0tD1zzy|move: Stealth Rock
|move|p1a: Pincurchin|Discharge|p2a: Garganacl
|-damage|p2a: Garganacl|60/100
|
|-heal|p2a: Garganacl|67/100|[from] item: Leftovers
|-damage|p1a: Pincurchin|0 fnt|[from] Salt Cure
|faint|p1a: Pincurchin
|upkeep
|
|t:|1779656626
|switch|p1a: Iron Valiant|Iron Valiant|100/100
|-damage|p1a: Iron Valiant|94/100|[from] Stealth Rock
|-activate|p1a: Iron Valiant|ability: Quark Drive
|-start|p1a: Iron Valiant|quarkdrivespe
|turn|24
|
|t:|1779656635
|move|p1a: Iron Valiant|Aura Sphere|p2a: Garganacl
|-supereffective|p2a: Garganacl
|-damage|p2a: Garganacl|0 fnt
|faint|p2a: Garganacl
|
|upkeep
|
|t:|1779656645
|switch|p2a: Skeledirge|Skeledirge, F|87/100
|turn|25
|
|t:|1779656650
|-end|p1a: Iron Valiant|Quark Drive|[silent]
|switch|p1a: Ogerpon|Ogerpon-Wellspring, F|100/100
|-damage|p1a: Ogerpon|88/100|[from] Stealth Rock
|move|p2a: Skeledirge|Will-O-Wisp|p1a: Ogerpon
|-status|p1a: Ogerpon|brn
|
|-heal|p2a: Skeledirge|93/100|[from] item: Leftovers
|-damage|p1a: Ogerpon|82/100 brn|[from] brn
|-fieldend|move: Electric Terrain
|upkeep
|turn|26
|
|t:|1779656663
|switch|p2a: Alomomola|Alomomola, F|100/100
|move|p1a: Ogerpon|Ivy Cudgel|p2a: Alomomola|[anim] Ivy Cudgel Water
|-resisted|p2a: Alomomola
|-damage|p2a: Alomomola|92/100
|
|-damage|p1a: Ogerpon|76/100 brn|[from] brn
|upkeep
|turn|27
|
|t:|1779656674
|move|p1a: Ogerpon|Horn Leech|p2a: Alomomola
|-supereffective|p2a: Alomomola
|-damage|p2a: Alomomola|69/100
|-heal|p1a: Ogerpon|97/100 brn|[from] drain|[of] p2a: Alomomola
|move|p2a: Alomomola|Wish|p2a: Alomomola
|
|-damage|p1a: Ogerpon|91/100 brn|[from] brn
|upkeep
|turn|28
|
|t:|1779656681
|switch|p1a: Raging Bolt|Raging Bolt|49/100
|-damage|p1a: Raging Bolt|37/100|[from] Stealth Rock
|switch|p2a: Slaking|Slaking, M|53/100 par
|
|-heal|p2a: Slaking|100/100 par|[from] move: Wish|[wisher] Alomomola
|upkeep
|turn|29
|
|t:|1779656690
|move|p1a: Raging Bolt|Thunderbolt|p2a: Slaking
|-damage|p2a: Slaking|70/100 par
|move|p2a: Slaking|Facade|p1a: Raging Bolt
|-damage|p1a: Raging Bolt|0 fnt
|faint|p1a: Raging Bolt
|-end|p1a: Raging Bolt|Protosynthesis|[silent]
|
|upkeep
|
|t:|1779656701
|switch|p1a: Iron Valiant|Iron Valiant|94/100
|-damage|p1a: Iron Valiant|88/100|[from] Stealth Rock
|turn|30
|
|t:|1779656705
|switch|p2a: Skeledirge|Skeledirge, F|93/100
|move|p1a: Iron Valiant|Moonblast|p2a: Skeledirge
|-resisted|p2a: Skeledirge
|-damage|p2a: Skeledirge|68/100
|
|-heal|p2a: Skeledirge|74/100|[from] item: Leftovers
|upkeep
|turn|31
|
|t:|1779656713
|-end|p1a: Iron Valiant|Quark Drive|[silent]
|switch|p1a: Ogerpon|Ogerpon-Wellspring, F|91/100 brn
|-damage|p1a: Ogerpon|78/100 brn|[from] Stealth Rock
|move|p2a: Skeledirge|Torch Song|p1a: Ogerpon
|-damage|p1a: Ogerpon|42/100 brn
|-boost|p2a: Skeledirge|spa|1
|
|-heal|p2a: Skeledirge|81/100|[from] item: Leftovers
|-damage|p1a: Ogerpon|36/100 brn|[from] brn
|upkeep
|turn|32
|
|t:|1779656726
|switch|p2a: Alomomola|Alomomola, F|100/100
|-terastallize|p1a: Ogerpon|Water
|detailschange|p1a: Ogerpon|Ogerpon-Wellspring-Tera, F, tera:Water
|-ability|p1a: Ogerpon|Embody Aspect (Wellspring)|boost
|-boost|p1a: Ogerpon|spd|1
|move|p1a: Ogerpon|Ivy Cudgel|p2a: Alomomola|[anim] Ivy Cudgel Water
|-resisted|p2a: Alomomola
|-damage|p2a: Alomomola|90/100
|
|-damage|p1a: Ogerpon|30/100 brn|[from] brn
|upkeep
|turn|33
|
|t:|1779656737
|switch|p1a: Iron Valiant|Iron Valiant|88/100
|-damage|p1a: Iron Valiant|82/100|[from] Stealth Rock
|move|p2a: Alomomola|Flip Turn|p1a: Iron Valiant
|-damage|p1a: Iron Valiant|59/100
|
|t:|1779656743
|switch|p2a: Rillaboom|Rillaboom, M|11/100|[from] Flip Turn
|-fieldstart|move: Grassy Terrain|[from] ability: Grassy Surge|[of] p2a: Rillaboom
|
|-heal|p1a: Iron Valiant|65/100|[from] Grassy Terrain
|-heal|p2a: Rillaboom|18/100|[from] Grassy Terrain
|upkeep
|turn|34
|
|t:|1779656752
|switch|p2a: Skeledirge|Skeledirge, F|81/100
|move|p1a: Iron Valiant|Shadow Ball|p2a: Skeledirge
|-supereffective|p2a: Skeledirge
|-damage|p2a: Skeledirge|27/100
|
|-heal|p1a: Iron Valiant|71/100|[from] Grassy Terrain
|-heal|p2a: Skeledirge|33/100|[from] Grassy Terrain
|-heal|p2a: Skeledirge|39/100|[from] item: Leftovers
|upkeep
|turn|35
|
|t:|1779656762
|-end|p1a: Iron Valiant|Quark Drive|[silent]
|switch|p1a: Ogerpon|Ogerpon-Wellspring-Tera, F, tera:Water|30/100 brn
|-damage|p1a: Ogerpon|18/100 brn|[from] Stealth Rock
|-ability|p1a: Ogerpon|Embody Aspect (Wellspring)|boost
|-boost|p1a: Ogerpon|spd|1
|switch|p2a: Slaking|Slaking, M|70/100 par
|
|-heal|p1a: Ogerpon|24/100 brn|[from] Grassy Terrain
|-heal|p2a: Slaking|76/100 par|[from] Grassy Terrain
|-damage|p1a: Ogerpon|18/100 brn|[from] brn
|upkeep
|turn|36
|
|t:|1779656772
|move|p1a: Ogerpon|Brick Break|p2a: Slaking
|-supereffective|p2a: Slaking
|-damage|p2a: Slaking|59/100 par
|cant|p2a: Slaking|par
|
|-heal|p1a: Ogerpon|24/100 brn|[from] Grassy Terrain
|-heal|p2a: Slaking|65/100 par|[from] Grassy Terrain
|-damage|p1a: Ogerpon|18/100 brn|[from] brn
|upkeep
|turn|37
|
|t:|1779656780
|switch|p2a: Alomomola|Alomomola, F|100/100
|move|p1a: Ogerpon|Ivy Cudgel|p2a: Alomomola|[anim] Ivy Cudgel Water
|-resisted|p2a: Alomomola
|-damage|p2a: Alomomola|89/100
|
|-heal|p1a: Ogerpon|24/100 brn|[from] Grassy Terrain
|-heal|p2a: Alomomola|95/100|[from] Grassy Terrain
|-damage|p1a: Ogerpon|18/100 brn|[from] brn
|-fieldend|move: Grassy Terrain
|upkeep
|turn|38
|
|t:|1779656789
|move|p1a: Ogerpon|Horn Leech|p2a: Alomomola
|-supereffective|p2a: Alomomola
|-damage|p2a: Alomomola|71/100
|-heal|p1a: Ogerpon|39/100 brn|[from] drain|[of] p2a: Alomomola
|move|p2a: Alomomola|Wish|p2a: Alomomola
|
|-damage|p1a: Ogerpon|33/100 brn|[from] brn
|upkeep
|turn|39
|
|t:|1779656796
|move|p1a: Ogerpon|Ivy Cudgel|p2a: Alomomola|[anim] Ivy Cudgel Water
|-resisted|p2a: Alomomola
|-damage|p2a: Alomomola|61/100
|move|p2a: Alomomola|Flip Turn|p1a: Ogerpon
|-resisted|p1a: Ogerpon
|-damage|p1a: Ogerpon|23/100 brn
|
|t:|1779656802
|switch|p2a: Rillaboom|Rillaboom, M|18/100|[from] Flip Turn
|-fieldstart|move: Grassy Terrain|[from] ability: Grassy Surge|[of] p2a: Rillaboom
|
|-heal|p2a: Rillaboom|87/100|[from] move: Wish|[wisher] Alomomola
|-heal|p1a: Ogerpon|29/100 brn|[from] Grassy Terrain
|-heal|p2a: Rillaboom|93/100|[from] Grassy Terrain
|-damage|p1a: Ogerpon|23/100 brn|[from] brn
|upkeep
|turn|40
|
|t:|1779656811
|move|p1a: Ogerpon|Ivy Cudgel|p2a: Rillaboom|[anim] Ivy Cudgel Water
|-resisted|p2a: Rillaboom
|-damage|p2a: Rillaboom|73/100
|move|p2a: Rillaboom|Swords Dance|p2a: Rillaboom
|-boost|p2a: Rillaboom|atk|2
|
|-heal|p1a: Ogerpon|29/100 brn|[from] Grassy Terrain
|-heal|p2a: Rillaboom|80/100|[from] Grassy Terrain
|-damage|p1a: Ogerpon|23/100 brn|[from] brn
|upkeep
|turn|41
|-message|1mN0tD1zzy forfeited.
|
|win|ikthoizzykil
|raw|1mN0tD1zzy's rating: 1273 &rarr; <strong>1253</strong><br />(-20 for losing)
|raw|ikthoizzykil's rating: 1348 &rarr; <strong>1364</strong><br />(+16 for winning)
|l|☆1mN0tD1zzy
|player|p1|
