|j|‽Elekid95
|j|☆psygoat12
|t:|1779586396
|gametype|singles
|player|p1|Elekid95|may-masters4|1330
|player|p2|psygoat12|chuck|1332
|gen|9
|tier|[Gen 9] OU
|rated|
|rule|HP Percentage Mod: HP is shown in percentages
|rule|Endless Battle Clause: Forcing endless battles is banned
|rule|Species Clause: Limit one of each Pokémon
|rule|OHKO Clause: OHKO moves are banned
|rule|Evasion Items Clause: Evasion items are banned
|rule|Evasion Moves Clause: Evasion moves are banned
|rule|Evasion Abilities Clause: Evasion abilities are banned
|rule|Sleep Moves Clause: Sleep-inducing moves are banned
|clearpoke
|poke|p1|Skeledirge, M|
|poke|p1|Quaquaval, F|
|poke|p1|Meowscarada, F|
|poke|p1|Oinkologne, M|
|poke|p1|Pawmot, M|
|poke|p1|Ceruledge, M|
|poke|p2|Drifblim, F|
|poke|p2|Rillaboom, M|
|poke|p2|Cinderace, F|
|poke|p2|Iron Treads|
|poke|p2|Samurott-Hisui, F|
|poke|p2|Hatterene, F|
|teampreview
|inactive|Battle timer is ON: inactive players will automatically lose when time's up. (requested by Elekid95)
|
|t:|1779586409
|teamsize|p1|6
|teamsize|p2|6
|start
|switch|p1a: Meowscarada|Meowscarada, F, shiny|100/100
|switch|p2a: Hatterene|Hatterene, F|100/100
|turn|1
|
|t:|1779586420
|move|p1a: Meowscarada|Knock Off|p2a: Hatterene
|-start|p1a: Meowscarada|typechange|Dark|[from] ability: Protean
|-damage|p2a: Hatterene|62/100
|-enditem|p2a: Hatterene|Red Card|[from] move: Knock Off|[of] p1a: Meowscarada
|move|p2a: Hatterene|Psychic Noise|p1a: Meowscarada
|-immune|p1a: Meowscarada
|
|upkeep
|turn|2
|inactive|Elekid95 has 120 seconds left.
|
|t:|1779586458
|move|p1a: Meowscarada|U-turn|p2a: Hatterene
|-damage|p2a: Hatterene|44/100
|
|t:|1779586463
|switch|p1a: Ceruledge|Ceruledge, M|100/100|[from] U-turn
|move|p2a: Hatterene|Nuzzle|p1a: Ceruledge
|-damage|p1a: Ceruledge|95/100
|-status|p1a: Ceruledge|par
|-ability|p1a: Ceruledge|Weak Armor|boost
|-unboost|p1a: Ceruledge|def|1
|-boost|p1a: Ceruledge|spe|2
|
|upkeep
|turn|3
|
|t:|1779586469
|move|p1a: Ceruledge|Swords Dance|p1a: Ceruledge
|-boost|p1a: Ceruledge|atk|2
|move|p2a: Hatterene|Psychic Noise|p1a: Ceruledge
|-damage|p1a: Ceruledge|56/100 par
|-start|p1a: Ceruledge|move: Heal Block
|
|upkeep
|turn|4
|
|t:|1779586477
|move|p1a: Ceruledge|Poltergeist||[still]
|-fail|p1a: Ceruledge
|move|p2a: Hatterene|Psychic Noise|p1a: Ceruledge
|-damage|p1a: Ceruledge|18/100 par
|
|-end|p1a: Ceruledge|move: Heal Block
|upkeep
|turn|5
|
|t:|1779586487
|switch|p2a: Samurott|Samurott-Hisui, F|100/100
|move|p1a: Ceruledge|Bitter Blade|p2a: Samurott
|-resisted|p2a: Samurott
|-damage|p2a: Samurott|18/100
|-heal|p1a: Ceruledge|63/100 par|[from] drain|[of] p2a: Samurott
|-damage|p1a: Ceruledge|53/100 par|[from] item: Life Orb
|
|upkeep
|turn|6
|
|t:|1779586495
|move|p1a: Ceruledge|Shadow Sneak|p2a: Samurott
|-resisted|p2a: Samurott
|-damage|p2a: Samurott|0 fnt
|faint|p2a: Samurott
|-damage|p1a: Ceruledge|43/100 par|[from] item: Life Orb
|
|upkeep
|
|t:|1779586505
|switch|p2a: Cinderace|Cinderace, F|100/100
|turn|7
|
|t:|1779586513
|move|p1a: Ceruledge|Shadow Sneak|p2a: Cinderace
|-damage|p2a: Cinderace|26/100
|-damage|p1a: Ceruledge|33/100 par|[from] item: Life Orb
|move|p2a: Cinderace|Pyro Ball|p1a: Ceruledge
|-resisted|p1a: Ceruledge
|-damage|p1a: Ceruledge|0 fnt
|faint|p1a: Ceruledge
|
|upkeep
|
|t:|1779586525
|switch|p1a: Meowscarada|Meowscarada, F, shiny|100/100
|turn|8
|
|t:|1779586534
|switch|p2a: Hatterene|Hatterene, F|44/100
|move|p1a: Meowscarada|Knock Off|p2a: Hatterene
|-start|p1a: Meowscarada|typechange|Dark|[from] ability: Protean
|-damage|p2a: Hatterene|20/100
|
|upkeep
|turn|9
|
|t:|1779586542
|move|p1a: Meowscarada|Knock Off|p2a: Hatterene
|-damage|p2a: Hatterene|0 fnt
|faint|p2a: Hatterene
|
|upkeep
|
|t:|1779586555
|switch|p2a: Iron Treads|Iron Treads|100/100
|-enditem|p2a: Iron Treads|Booster Energy
|-activate|p2a: Iron Treads|ability: Quark Drive|[fromitem]
|-start|p2a: Iron Treads|quarkdrivespe
|turn|10
|
|t:|1779586561
|move|p2a: Iron Treads|Stealth Rock|p1a: Meowscarada
|-sidestart|p1: Elekid95|move: Stealth Rock
|move|p1a: Meowscarada|Knock Off|p2a: Iron Treads
|-damage|p2a: Iron Treads|71/100
|
|upkeep
|turn|11
|
|t:|1779586581
|move|p2a: Iron Treads|Earthquake|p1a: Meowscarada
|-damage|p1a: Meowscarada|23/100
|move|p1a: Meowscarada|U-turn|p2a: Iron Treads
|-resisted|p2a: Iron Treads
|-damage|p2a: Iron Treads|61/100
|
|t:|1779586586
|switch|p1a: Quaquaval|Quaquaval, F, shiny|100/100|[from] U-turn
|-damage|p1a: Quaquaval|94/100|[from] Stealth Rock
|
|upkeep
|turn|12
|
|t:|1779586591
|-end|p2a: Iron Treads|Quark Drive|[silent]
|switch|p2a: Rillaboom|Rillaboom, M|100/100
|-fieldstart|move: Grassy Terrain|[from] ability: Grassy Surge|[of] p2a: Rillaboom
|move|p1a: Quaquaval|Aqua Step|p2a: Rillaboom
|-resisted|p2a: Rillaboom
|-damage|p2a: Rillaboom|76/100
|-boost|p1a: Quaquaval|spe|1
|
|-heal|p1a: Quaquaval|100/100|[from] Grassy Terrain
|-heal|p2a: Rillaboom|82/100|[from] Grassy Terrain
|upkeep
|turn|13
|
|t:|1779586599
|switch|p1a: Meowscarada|Meowscarada, F, shiny|23/100
|move|p2a: Rillaboom|Wood Hammer|p1a: Meowscarada
|-resisted|p1a: Meowscarada
|-damage|p1a: Meowscarada|0 fnt
|faint|p1a: Meowscarada
|-damage|p2a: Rillaboom|76/100|[from] Recoil
|
|-heal|p2a: Rillaboom|82/100|[from] Grassy Terrain
|upkeep
|
|t:|1779586602
|switch|p1a: Skeledirge|Skeledirge, M, shiny|100/100
|turn|14
|
|t:|1779586610
|move|p2a: Rillaboom|Wood Hammer|p1a: Skeledirge
|-resisted|p1a: Skeledirge
|-damage|p1a: Skeledirge|62/100
|-damage|p2a: Rillaboom|66/100|[from] Recoil
|move|p1a: Skeledirge|Will-O-Wisp|p2a: Rillaboom
|-status|p2a: Rillaboom|brn
|
|-heal|p2a: Rillaboom|73/100 brn|[from] Grassy Terrain
|-heal|p1a: Skeledirge|68/100|[from] Grassy Terrain
|-damage|p2a: Rillaboom|66/100 brn|[from] brn
|upkeep
|turn|15
|
|t:|1779586617
|switch|p2a: Cinderace|Cinderace, F|26/100
|move|p1a: Skeledirge|Torch Song|p2a: Cinderace
|-resisted|p2a: Cinderace
|-damage|p2a: Cinderace|4/100
|-boost|p1a: Skeledirge|spa|1
|
|-heal|p2a: Cinderace|10/100|[from] Grassy Terrain
|-heal|p1a: Skeledirge|74/100|[from] Grassy Terrain
|upkeep
|turn|16
|
|t:|1779586630
|move|p2a: Cinderace|U-turn|p1a: Skeledirge
|-resisted|p1a: Skeledirge
|-damage|p1a: Skeledirge|71/100
|
|t:|1779586633
|switch|p2a: Iron Treads|Iron Treads|61/100|[from] U-turn
|move|p1a: Skeledirge|Torch Song|p2a: Iron Treads
|-supereffective|p2a: Iron Treads
|-damage|p2a: Iron Treads|0 fnt
|-boost|p1a: Skeledirge|spa|1
|faint|p2a: Iron Treads
|-end|p2a: Iron Treads|Quark Drive|[silent]
|
|-heal|p1a: Skeledirge|77/100|[from] Grassy Terrain
|-fieldend|move: Grassy Terrain
|upkeep
|
|t:|1779586636
|switch|p2a: Cinderace|Cinderace, F|10/100
|turn|17
|
|t:|1779586648
|move|p2a: Cinderace|Pyro Ball|p1a: Skeledirge
|-resisted|p1a: Skeledirge
|-damage|p1a: Skeledirge|52/100
|move|p1a: Skeledirge|Torch Song|p2a: Cinderace
|-resisted|p2a: Cinderace
|-damage|p2a: Cinderace|0 fnt
|-boost|p1a: Skeledirge|spa|1
|faint|p2a: Cinderace
|
|upkeep
|
|t:|1779586650
|switch|p2a: Rillaboom|Rillaboom, M|66/100 brn
|-fieldstart|move: Grassy Terrain|[from] ability: Grassy Surge|[of] p2a: Rillaboom
|turn|18
|
|t:|1779586655
|move|p2a: Rillaboom|Knock Off|p1a: Skeledirge
|-supereffective|p1a: Skeledirge
|-damage|p1a: Skeledirge|22/100
|-enditem|p1a: Skeledirge|Heavy-Duty Boots|[from] move: Knock Off|[of] p2a: Rillaboom
|move|p1a: Skeledirge|Slack Off|p1a: Skeledirge
|-heal|p1a: Skeledirge|72/100
|
|-heal|p2a: Rillaboom|73/100 brn|[from] Grassy Terrain
|-heal|p1a: Skeledirge|78/100|[from] Grassy Terrain
|-damage|p2a: Rillaboom|66/100 brn|[from] brn
|upkeep
|turn|19
|
|t:|1779586659
|move|p2a: Rillaboom|Knock Off|p1a: Skeledirge
|-supereffective|p1a: Skeledirge
|-damage|p1a: Skeledirge|56/100
|move|p1a: Skeledirge|Slack Off|p1a: Skeledirge
|-heal|p1a: Skeledirge|100/100
|
|-heal|p2a: Rillaboom|73/100 brn|[from] Grassy Terrain
|-damage|p2a: Rillaboom|66/100 brn|[from] brn
|upkeep
|turn|20
|
|t:|1779586662
|move|p2a: Rillaboom|Knock Off|p1a: Skeledirge
|-supereffective|p1a: Skeledirge
|-crit|p1a: Skeledirge
|-damage|p1a: Skeledirge|70/100
|move|p1a: Skeledirge|Torch Song|p2a: Rillaboom
|-supereffective|p2a: Rillaboom
|-damage|p2a: Rillaboom|0 fnt
|-boost|p1a: Skeledirge|spa|1
|faint|p2a: Rillaboom
|
|-heal|p1a: Skeledirge|76/100|[from] Grassy Terrain
|upkeep
|
|t:|1779586664
|switch|p2a: Drifblim|Drifblim, F|100/100
|-enditem|p2a: Drifblim|Grassy Seed
|-boost|p2a: Drifblim|def|1|[from] item: Grassy Seed
|turn|21
|
|t:|1779586687
|-terastallize|p2a: Drifblim|Electric
|-terastallize|p1a: Skeledirge|Fairy
|move|p2a: Drifblim|Shadow Ball|p1a: Skeledirge
|-damage|p1a: Skeledirge|38/100
|move|p1a: Skeledirge|Hex|p2a: Drifblim
|-crit|p2a: Drifblim
|-damage|p2a: Drifblim|0 fnt
|faint|p2a: Drifblim
|
|win|Elekid95
|raw|Elekid95's rating: 1330 &rarr; <strong>1350</strong><br />(+20 for winning)
|raw|psygoat12's rating: 1332 &rarr; <strong>1312</strong><br />(-20 for losing)
|l|☆psygoat12
|player|p2|
