|j|☆BoGosse971
|j|☆magicsalt
|t:|1779629863
|gametype|singles
|player|p1|BoGosse971|guitarist-gen4|1137
|player|p2|magicsalt|clair|1137
|gen|9
|tier|[Gen 9] OU
|rated|
|rule|HP Percentage Mod: HP is shown in percentages
|rule|Endless Battle Clause: Forcing endless battles is banned
|rule|Species Clause: Limit one of each Pokémon
|rule|OHKO Clause: OHKO moves are banned
|rule|Evasion Items Clause: Evasion items are banned
|rule|Evasion Moves Clause: Evasion moves are banned
|rule|Evasion Abilities Clause: Evasion abilities are banned
|rule|Sleep Moves Clause: Sleep-inducing moves are banned
|clearpoke
|poke|p1|Greedent, M|
|poke|p1|Corviknight, M|
|poke|p1|Cinderace, M|
|poke|p1|Hatterene, F|
|poke|p1|Inteleon, M|
|poke|p1|Duraludon, F|
|poke|p2|Salazzle, F|
|poke|p2|Glimmora, M|
|poke|p2|Weezing-Galar, F|
|poke|p2|Toxapex, F|
|poke|p2|Rillaboom, F|
|poke|p2|Blissey, F|
|teampreview
|inactive|Battle timer is ON: inactive players will automatically lose when time's up. (requested by BoGosse971)
|
|t:|1779629870
|teamsize|p1|6
|teamsize|p2|6
|start
|switch|p1a: Tinfoil|Duraludon, F|100/100
|switch|p2a: A roc|Glimmora, M, shiny|100/100
|turn|1
|
|t:|1779629875
|switch|p1a: McGonagall|Hatterene, F|100/100
|move|p2a: A roc|Toxic|p1a: McGonagall
|move|p1a: McGonagall|Toxic|p2a: A roc|[from] ability: Magic Bounce
|-immune|p2a: A roc
|
|upkeep
|turn|2
|
|t:|1779629884
|switch|p2a: Mmm monke|Rillaboom, F|100/100
|-fieldstart|move: Grassy Terrain|[from] ability: Grassy Surge|[of] p2a: Mmm monke
|move|p1a: McGonagall|Psychic|p2a: Mmm monke
|-damage|p2a: Mmm monke|35/100
|
|-heal|p2a: Mmm monke|41/100|[from] Grassy Terrain
|upkeep
|turn|3
|
|t:|1779629897
|move|p2a: Mmm monke|Grassy Glide|p1a: McGonagall
|-damage|p1a: McGonagall|58/100
|move|p1a: McGonagall|Draining Kiss|p2a: Mmm monke
|-damage|p2a: Mmm monke|0 fnt
|-heal|p1a: McGonagall|90/100|[from] drain|[of] p2a: Mmm monke
|faint|p2a: Mmm monke
|
|-heal|p1a: McGonagall|96/100|[from] Grassy Terrain
|-heal|p1a: McGonagall|100/100|[from] item: Leftovers
|upkeep
|
|t:|1779629910
|switch|p2a: Thirst trap|Salazzle, F|100/100
|turn|4
|
|t:|1779629921
|switch|p1a: Tinfoil|Duraludon, F|100/100
|move|p2a: Thirst trap|Overheat|p1a: Tinfoil
|-damage|p1a: Tinfoil|64/100
|-unboost|p2a: Thirst trap|spa|2
|
|-heal|p1a: Tinfoil|70/100|[from] Grassy Terrain
|upkeep
|turn|5
|
|t:|1779629929
|move|p2a: Thirst trap|Toxic|p1a: Tinfoil
|-status|p1a: Tinfoil|tox
|move|p1a: Tinfoil|Stealth Rock|p2a: Thirst trap
|-sidestart|p2: magicsalt|move: Stealth Rock
|
|-heal|p1a: Tinfoil|76/100 tox|[from] Grassy Terrain
|-damage|p1a: Tinfoil|70/100 tox|[from] psn
|upkeep
|turn|6
|
|t:|1779629937
|move|p2a: Thirst trap|Overheat|p1a: Tinfoil
|-damage|p1a: Tinfoil|52/100 tox
|-unboost|p2a: Thirst trap|spa|2
|move|p1a: Tinfoil|Iron Defense|p1a: Tinfoil
|-boost|p1a: Tinfoil|def|2
|
|-heal|p1a: Tinfoil|59/100 tox|[from] Grassy Terrain
|-damage|p1a: Tinfoil|46/100 tox|[from] psn
|-fieldend|move: Grassy Terrain
|upkeep
|turn|7
|
|t:|1779629945
|move|p2a: Thirst trap|Overheat|p1a: Tinfoil
|-damage|p1a: Tinfoil|35/100 tox
|-unboost|p2a: Thirst trap|spa|2
|move|p1a: Tinfoil|Body Press|p2a: Thirst trap
|-resisted|p2a: Thirst trap
|-damage|p2a: Thirst trap|67/100
|
|-damage|p1a: Tinfoil|16/100 tox|[from] psn
|upkeep
|turn|8
|
|t:|1779629954
|move|p2a: Thirst trap|Protect|p2a: Thirst trap
|-singleturn|p2a: Thirst trap|Protect
|move|p1a: Tinfoil|Body Press|p2a: Thirst trap
|-activate|p2a: Thirst trap|move: Protect
|
|-damage|p1a: Tinfoil|0 fnt|[from] psn
|faint|p1a: Tinfoil
|upkeep
|
|t:|1779629957
|switch|p1a: Skinny Pete|Inteleon, M|100/100
|turn|9
|
|t:|1779629969
|move|p1a: Skinny Pete|Snipe Shot|p2a: Thirst trap
|-supereffective|p2a: Thirst trap
|-damage|p2a: Thirst trap|0 fnt
|faint|p2a: Thirst trap
|
|upkeep
|
|t:|1779629976
|switch|p2a: Lung cancer|Weezing-Galar, F|100/100
|-damage|p2a: Lung cancer|88/100|[from] Stealth Rock
|turn|10
|
|t:|1779629980
|move|p1a: Skinny Pete|Snipe Shot|p2a: Lung cancer
|-crit|p2a: Lung cancer
|-damage|p2a: Lung cancer|0 fnt
|faint|p2a: Lung cancer
|
|upkeep
|
|t:|1779629985
|switch|p2a: Spikey thingy|Toxapex, F|100/100
|-damage|p2a: Spikey thingy|88/100|[from] Stealth Rock
|turn|11
|
|t:|1779629994
|switch|p1a: Fatman|Greedent, M|100/100
|move|p2a: Spikey thingy|Infestation|p1a: Fatman
|-damage|p1a: Fatman|98/100
|-activate|p1a: Fatman|move: Infestation|[of] p2a: Spikey thingy
|
|-heal|p2a: Spikey thingy|94/100|[from] item: Leftovers
|-damage|p1a: Fatman|85/100|[from] move: Infestation|[partiallytrapped]
|upkeep
|turn|12
|
|t:|1779630005
|move|p2a: Spikey thingy|Baneful Bunker|p2a: Spikey thingy
|-singleturn|p2a: Spikey thingy|move: Protect
|move|p1a: Fatman|Swords Dance|p1a: Fatman
|-boost|p1a: Fatman|atk|2
|
|-heal|p2a: Spikey thingy|99/100|[from] item: Leftovers
|-damage|p1a: Fatman|73/100|[from] move: Infestation|[partiallytrapped]
|upkeep
|turn|13
|
|t:|1779630020
|-terastallize|p2a: Spikey thingy|Ghost
|move|p2a: Spikey thingy|Pain Split|p1a: Fatman
|-sethp|p1a: Fatman|66/100|[from] move: Pain Split|[silent]
|-sethp|p2a: Spikey thingy|100/100|[from] move: Pain Split
|move|p1a: Fatman|Body Slam|p2a: Spikey thingy
|-immune|p2a: Spikey thingy
|
|-damage|p1a: Fatman|54/100|[from] move: Infestation|[partiallytrapped]
|upkeep
|turn|14
|
|t:|1779630030
|move|p2a: Spikey thingy|Infestation|p1a: Fatman
|-damage|p1a: Fatman|51/100
|move|p1a: Fatman|Swords Dance|p1a: Fatman
|-boost|p1a: Fatman|atk|2
|
|-damage|p1a: Fatman|39/100|[from] move: Infestation|[partiallytrapped]
|upkeep
|-enditem|p1a: Fatman|Sitrus Berry|[eat]
|-heal|p1a: Fatman|64/100|[from] item: Sitrus Berry
|-heal|p1a: Fatman|97/100|[from] ability: Cheek Pouch
|turn|15
|
|t:|1779630045
|move|p2a: Spikey thingy|Baneful Bunker|p2a: Spikey thingy
|-singleturn|p2a: Spikey thingy|move: Protect
|move|p1a: Fatman|Crunch|p2a: Spikey thingy
|-activate|p2a: Spikey thingy|move: Protect
|-status|p1a: Fatman|psn
|
|-damage|p1a: Fatman|85/100 psn|[from] psn
|-end|p1a: Fatman|Infestation|[partiallytrapped]
|upkeep
|turn|16
|
|t:|1779630062
|switch|p2a: Fatty whopper|Blissey, F|100/100
|-damage|p2a: Fatty whopper|88/100|[from] Stealth Rock
|move|p1a: Fatman|Crunch|p2a: Fatty whopper
|-damage|p2a: Fatty whopper|29/100
|
|-heal|p2a: Fatty whopper|36/100|[from] item: Leftovers
|-damage|p1a: Fatman|73/100 psn|[from] psn
|upkeep
|turn|17
|
|t:|1779630072
|move|p2a: Fatty whopper|Protect|p2a: Fatty whopper
|-singleturn|p2a: Fatty whopper|Protect
|move|p1a: Fatman|Earthquake|p2a: Fatty whopper
|-activate|p2a: Fatty whopper|move: Protect
|
|-heal|p2a: Fatty whopper|42/100|[from] item: Leftovers
|-damage|p1a: Fatman|60/100 psn|[from] psn
|upkeep
|turn|18
|
|t:|1779630082
|move|p2a: Fatty whopper|Seismic Toss|p1a: Fatman
|-damage|p1a: Fatman|38/100 psn
|move|p1a: Fatman|Body Slam|p2a: Fatty whopper
|-damage|p2a: Fatty whopper|0 fnt
|faint|p2a: Fatty whopper
|
|-damage|p1a: Fatman|25/100 psn|[from] psn
|upkeep
|
|t:|1779630091
|switch|p2a: A roc|Glimmora, M, shiny|100/100
|-damage|p2a: A roc|88/100|[from] Stealth Rock
|turn|19
|
|t:|1779630097
|move|p2a: A roc|Spiky Shield|p2a: A roc
|-singleturn|p2a: A roc|move: Protect
|move|p1a: Fatman|Earthquake|p2a: A roc
|-activate|p2a: A roc|move: Protect
|
|-damage|p1a: Fatman|13/100 psn|[from] psn
|upkeep
|turn|20
|
|t:|1779630106
|move|p2a: A roc|Stealth Rock|p1a: Fatman
|-sidestart|p1: BoGosse971|move: Stealth Rock
|move|p1a: Fatman|Earthquake|p2a: A roc
|-supereffective|p2a: A roc
|-damage|p2a: A roc|0 fnt
|faint|p2a: A roc
|
|-damage|p1a: Fatman|0 fnt|[from] psn
|faint|p1a: Fatman
|upkeep
|
|t:|1779630118
|switch|p2a: Spikey thingy|Toxapex, F, tera:Ghost|100/100
|switch|p1a: Skinny Pete|Inteleon, M|100/100
|-damage|p1a: Skinny Pete|88/100|[from] Stealth Rock
|-damage|p2a: Spikey thingy|88/100|[from] Stealth Rock
|turn|21
|
|t:|1779630125
|move|p2a: Spikey thingy|Baneful Bunker|p2a: Spikey thingy
|-singleturn|p2a: Spikey thingy|move: Protect
|move|p1a: Skinny Pete|Dark Pulse|p2a: Spikey thingy
|-activate|p2a: Spikey thingy|move: Protect
|
|-heal|p2a: Spikey thingy|94/100|[from] item: Leftovers
|upkeep
|turn|22
|-message|magicsalt forfeited.
|
|win|BoGosse971
|raw|BoGosse971's rating: 1137 &rarr; <strong>1162</strong><br />(+25 for winning)
|raw|magicsalt's rating: 1137 &rarr; <strong>1112</strong><br />(-25 for losing)
|l|☆magicsalt
|player|p2|
|l|☆BoGosse971
|player|p1|
