|j|☆iamashit
|j|☆Douglas Ferrari
|t:|1779680263
|gametype|singles
|player|p1|iamashit|265|1412
|player|p2|Douglas Ferrari|flaregrunt|1414
|gen|9
|tier|[Gen 9] OU
|rated|
|rule|HP Percentage Mod: HP is shown in percentages
|rule|Endless Battle Clause: Forcing endless battles is banned
|rule|Species Clause: Limit one of each Pokémon
|rule|OHKO Clause: OHKO moves are banned
|rule|Evasion Items Clause: Evasion items are banned
|rule|Evasion Moves Clause: Evasion moves are banned
|rule|Evasion Abilities Clause: Evasion abilities are banned
|rule|Sleep Moves Clause: Sleep-inducing moves are banned
|clearpoke
|poke|p1|Zamazenta-*|
|poke|p1|Latios, M|
|poke|p1|Sinistcha|
|poke|p1|Tinkaton, F|
|poke|p1|Alomomola, F|
|poke|p1|Ting-Lu|
|poke|p2|Darkrai|
|poke|p2|Garchomp, M|
|poke|p2|Alomomola, M|
|poke|p2|Corviknight, M|
|poke|p2|Weezing-Galar, F|
|poke|p2|Ogerpon, F|
|teampreview
|
|t:|1779680278
|teamsize|p1|6
|teamsize|p2|6
|start
|switch|p1a: Latios|Latios, M|100/100
|switch|p2a: Garchomp|Garchomp, M|100/100
|turn|1
|
|t:|1779680283
|switch|p2a: Alomomola|Alomomola, M|100/100
|move|p1a: Latios|Draco Meteor|p2a: Alomomola
|-damage|p2a: Alomomola|59/100
|-unboost|p1a: Latios|spa|2
|
|upkeep
|turn|2
|
|t:|1779680288
|move|p1a: Latios|Psychic Noise|p2a: Alomomola
|-damage|p2a: Alomomola|47/100
|-start|p2a: Alomomola|move: Heal Block
|move|p2a: Alomomola|Flip Turn|p1a: Latios
|-resisted|p1a: Latios
|-damage|p1a: Latios|89/100
|
|t:|1779680294
|switch|p2a: Darkrai|Darkrai|100/100|[from] Flip Turn
|
|upkeep
|turn|3
|
|t:|1779680300
|switch|p1a: Tinkaton|Tinkaton, F|100/100
|-ability|p1a: Tinkaton|Mold Breaker
|move|p2a: Darkrai|Ice Beam|p1a: Tinkaton
|-resisted|p1a: Tinkaton
|-damage|p1a: Tinkaton|81/100
|-status|p1a: Tinkaton|frz
|
|upkeep
|turn|4
|
|t:|1779680311
|switch|p2a: Garchomp|Garchomp, M|100/100
|cant|p1a: Tinkaton|frz
|
|upkeep
|turn|5
|
|t:|1779680317
|switch|p1a: Latios|Latios, M|89/100
|move|p2a: Garchomp|Earthquake|p1a: Latios
|-immune|p1a: Latios|[from] ability: Levitate
|
|upkeep
|turn|6
|
|t:|1779680320
|switch|p2a: Alomomola|Alomomola, M|81/100
|move|p1a: Latios|Draco Meteor|p2a: Alomomola
|-damage|p2a: Alomomola|41/100
|-unboost|p1a: Latios|spa|2
|
|upkeep
|turn|7
|
|t:|1779680330
|move|p1a: Latios|Draco Meteor|p2a: Alomomola
|-damage|p2a: Alomomola|22/100
|-unboost|p1a: Latios|spa|2
|move|p2a: Alomomola|Flip Turn|p1a: Latios
|-resisted|p1a: Latios
|-damage|p1a: Latios|78/100
|
|t:|1779680344
|switch|p2a: Garchomp|Garchomp, M|100/100|[from] Flip Turn
|
|upkeep
|turn|8
|
|t:|1779680356
|switch|p1a: Sinistcha|Sinistcha|100/100
|move|p2a: Garchomp|Stealth Rock|p1a: Sinistcha
|-sidestart|p1: iamashit|move: Stealth Rock
|
|upkeep
|turn|9
|
|t:|1779680360
|move|p1a: Sinistcha|Calm Mind|p1a: Sinistcha
|-boost|p1a: Sinistcha|spa|1
|-boost|p1a: Sinistcha|spd|1
|move|p2a: Garchomp|Dragon Tail|p1a: Sinistcha
|-damage|p1a: Sinistcha|83/100
|drag|p1a: Tinkaton|Tinkaton, F|81/100 frz
|-ability|p1a: Tinkaton|Mold Breaker
|
|upkeep
|turn|10
|
|t:|1779680370
|switch|p1a: Alomomola|Alomomola, F|100/100
|move|p2a: Garchomp|Spikes|p1a: Alomomola
|-sidestart|p1: iamashit|Spikes
|
|upkeep
|turn|11
|
|t:|1779680377
|switch|p2a: Alomomola|Alomomola, M|55/100
|move|p1a: Alomomola|Wish|p1a: Alomomola
|
|upkeep
|turn|12
|
|t:|1779680381
|move|p1a: Alomomola|Flip Turn|p2a: Alomomola
|-resisted|p2a: Alomomola
|-damage|p2a: Alomomola|49/100
|
|t:|1779680386
|switch|p1a: Tinkaton|Tinkaton, F|81/100 frz|[from] Flip Turn
|-ability|p1a: Tinkaton|Mold Breaker
|move|p2a: Alomomola|Flip Turn|p1a: Tinkaton
|-damage|p1a: Tinkaton|64/100 frz
|
|t:|1779680407
|switch|p2a: Garchomp|Garchomp, M|100/100|[from] Flip Turn
|
|-heal|p1a: Tinkaton|100/100 frz|[from] move: Wish|[wisher] Alomomola
|upkeep
|turn|13
|
|t:|1779680418
|switch|p1a: Alomomola|Alomomola, F|100/100
|move|p2a: Garchomp|Spikes|p1a: Alomomola
|-sidestart|p1: iamashit|Spikes
|
|upkeep
|turn|14
|
|t:|1779680425
|switch|p2a: Alomomola|Alomomola, M|82/100
|move|p1a: Alomomola|Flip Turn|p2a: Alomomola
|-resisted|p2a: Alomomola
|-damage|p2a: Alomomola|76/100
|
|t:|1779680429
|switch|p1a: Tinkaton|Tinkaton, F|100/100 frz|[from] Flip Turn
|-ability|p1a: Tinkaton|Mold Breaker
|
|upkeep
|turn|15
|
|t:|1779680434
|cant|p1a: Tinkaton|frz
|move|p2a: Alomomola|Flip Turn|p1a: Tinkaton
|-damage|p1a: Tinkaton|83/100 frz
|
|t:|1779680436
|switch|p2a: Garchomp|Garchomp, M|100/100|[from] Flip Turn
|
|upkeep
|turn|16
|
|t:|1779680440
|switch|p1a: Alomomola|Alomomola, F|100/100
|move|p2a: Garchomp|Spikes|p1a: Alomomola
|-sidestart|p1: iamashit|Spikes
|
|upkeep
|turn|17
|
|t:|1779680444
|move|p1a: Alomomola|Flip Turn|p2a: Garchomp
|-damage|p2a: Garchomp|90/100
|-damage|p1a: Alomomola|88/100|[from] ability: Rough Skin|[of] p2a: Garchomp
|-damage|p1a: Alomomola|71/100|[from] item: Rocky Helmet|[of] p2a: Garchomp
|
|t:|1779680447
|switch|p1a: Tinkaton|Tinkaton, F|83/100 frz|[from] Flip Turn
|-ability|p1a: Tinkaton|Mold Breaker
|move|p2a: Garchomp|Dragon Tail|p1a: Tinkaton
|-immune|p1a: Tinkaton
|
|upkeep
|turn|18
|
|t:|1779680454
|switch|p1a: Alomomola|Alomomola, F|100/100
|move|p2a: Garchomp|Dragon Tail|p1a: Alomomola
|-damage|p1a: Alomomola|84/100
|drag|p1a: Zamazenta|Zamazenta|100/100
|-ability|p1a: Zamazenta|Dauntless Shield|boost
|-boost|p1a: Zamazenta|def|1
|
|upkeep
|turn|19
|
|t:|1779680461
|switch|p1a: Alomomola|Alomomola, F|100/100
|move|p2a: Garchomp|Dragon Tail|p1a: Alomomola
|-damage|p1a: Alomomola|85/100
|drag|p1a: Tinkaton|Tinkaton, F|83/100 frz
|-ability|p1a: Tinkaton|Mold Breaker
|
|upkeep
|turn|20
|
|t:|1779680468
|switch|p1a: Alomomola|Alomomola, F|100/100
|move|p2a: Garchomp|Earthquake|p1a: Alomomola
|-damage|p1a: Alomomola|74/100
|
|upkeep
|turn|21
|
|t:|1779680484
|switch|p2a: Alomomola|Alomomola, M|100/100
|move|p1a: Alomomola|Wish|p1a: Alomomola
|
|upkeep
|turn|22
|
|t:|1779680487
|move|p2a: Alomomola|Flip Turn|p1a: Alomomola
|-resisted|p1a: Alomomola
|-damage|p1a: Alomomola|69/100
|
|t:|1779680491
|switch|p2a: Ogerpon|Ogerpon, F|100/100|[from] Flip Turn
|move|p1a: Alomomola|Scald|p2a: Ogerpon
|-resisted|p2a: Ogerpon
|-damage|p2a: Ogerpon|93/100
|-status|p2a: Ogerpon|brn
|
|-heal|p1a: Alomomola|100/100|[from] move: Wish|[wisher] Alomomola
|-damage|p2a: Ogerpon|87/100 brn|[from] brn
|upkeep
|turn|23
|
|t:|1779680510
|switch|p1a: Latios|Latios, M|78/100
|-damage|p1a: Latios|65/100|[from] Stealth Rock
|move|p2a: Ogerpon|Knock Off|p1a: Latios
|-supereffective|p1a: Latios
|-damage|p1a: Latios|20/100
|-enditem|p1a: Latios|Soul Dew|[from] move: Knock Off|[of] p2a: Ogerpon
|
|-damage|p2a: Ogerpon|81/100 brn|[from] brn
|upkeep
|turn|24
|
|t:|1779680524
|switch|p2a: Alomomola|Alomomola, M|100/100
|move|p1a: Latios|Recover|p1a: Latios
|-heal|p1a: Latios|70/100
|
|upkeep
|turn|25
|
|t:|1779680532
|switch|p1a: Alomomola|Alomomola, F|100/100
|move|p2a: Alomomola|Mirror Coat||[still]
|-fail|p2a: Alomomola
|
|upkeep
|turn|26
|
|t:|1779680537
|switch|p1a: Tinkaton|Tinkaton, F|83/100 frz
|-ability|p1a: Tinkaton|Mold Breaker
|move|p2a: Alomomola|Flip Turn|p1a: Tinkaton
|-damage|p1a: Tinkaton|65/100 frz
|
|t:|1779680546
|switch|p2a: Ogerpon|Ogerpon, F|81/100 brn|[from] Flip Turn
|
|-damage|p2a: Ogerpon|75/100 brn|[from] brn
|upkeep
|turn|27
|
|t:|1779680549
|switch|p1a: Latios|Latios, M|70/100
|-damage|p1a: Latios|58/100|[from] Stealth Rock
|move|p2a: Ogerpon|Knock Off|p1a: Latios
|-supereffective|p1a: Latios
|-damage|p1a: Latios|30/100
|
|-damage|p2a: Ogerpon|69/100 brn|[from] brn
|upkeep
|turn|28
|
|t:|1779680560
|switch|p2a: Alomomola|Alomomola, M|100/100
|move|p1a: Latios|Recover|p1a: Latios
|-heal|p1a: Latios|81/100
|
|upkeep
|turn|29
|
|t:|1779680564
|switch|p1a: Tinkaton|Tinkaton, F|65/100 frz
|-ability|p1a: Tinkaton|Mold Breaker
|move|p2a: Alomomola|Flip Turn|p1a: Tinkaton
|-damage|p1a: Tinkaton|47/100 frz
|
|t:|1779680583
|switch|p2a: Garchomp|Garchomp, M|90/100|[from] Flip Turn
|
|upkeep
|turn|30
|
|t:|1779680591
|switch|p1a: Alomomola|Alomomola, F|100/100
|move|p2a: Garchomp|Dragon Tail|p1a: Alomomola
|-damage|p1a: Alomomola|84/100
|drag|p1a: Ting-Lu|Ting-Lu|100/100
|-damage|p1a: Ting-Lu|94/100|[from] Stealth Rock
|-damage|p1a: Ting-Lu|69/100|[from] Spikes
|-ability|p1a: Ting-Lu|Vessel of Ruin
|
|-heal|p1a: Ting-Lu|76/100|[from] item: Leftovers
|upkeep
|turn|31
|
|t:|1779680604
|switch|p2a: Ogerpon|Ogerpon, F|69/100 brn
|move|p1a: Ting-Lu|Spikes|p2a: Ogerpon
|-sidestart|p2: Douglas Ferrari|Spikes
|
|-heal|p1a: Ting-Lu|82/100|[from] item: Leftovers
|-damage|p2a: Ogerpon|63/100 brn|[from] brn
|upkeep
|turn|32
|
|t:|1779680607
|switch|p1a: Latios|Latios, M|81/100
|-damage|p1a: Latios|68/100|[from] Stealth Rock
|move|p2a: Ogerpon|Ivy Cudgel|p1a: Latios
|-resisted|p1a: Latios
|-crit|p1a: Latios
|-damage|p1a: Latios|43/100
|
|-damage|p2a: Ogerpon|57/100 brn|[from] brn
|upkeep
|turn|33
|
|t:|1779680616
|switch|p2a: Alomomola|Alomomola, M|100/100
|-damage|p2a: Alomomola|88/100|[from] Spikes
|move|p1a: Latios|Recover|p1a: Latios
|-heal|p1a: Latios|94/100
|
|upkeep
|turn|34
|
|t:|1779680620
|switch|p1a: Alomomola|Alomomola, F|100/100
|move|p2a: Alomomola|Flip Turn|p1a: Alomomola
|-resisted|p1a: Alomomola
|-damage|p1a: Alomomola|96/100
|
|t:|1779680678
|switch|p2a: Darkrai|Darkrai|100/100|[from] Flip Turn
|-damage|p2a: Darkrai|88/100|[from] Spikes
|
|upkeep
|turn|35
|
|t:|1779680697
|move|p2a: Darkrai|Focus Blast|p1a: Alomomola
|-damage|p1a: Alomomola|41/100
|move|p1a: Alomomola|Flip Turn|p2a: Darkrai
|-damage|p2a: Darkrai|67/100
|
|t:|1779680704
|switch|p1a: Zamazenta|Zamazenta|100/100|[from] Flip Turn
|
|upkeep
|turn|36
|
|t:|1779680711
|switch|p2a: Corviknight|Corviknight, M|100/100
|-ability|p2a: Corviknight|Pressure
|move|p1a: Zamazenta|Close Combat|p2a: Corviknight
|-damage|p2a: Corviknight|52/100
|-unboost|p1a: Zamazenta|def|1
|-unboost|p1a: Zamazenta|spd|1
|
|-heal|p2a: Corviknight|58/100|[from] item: Leftovers
|upkeep
|turn|37
|
|t:|1779680717
|switch|p1a: Alomomola|Alomomola, F|74/100
|move|p2a: Corviknight|Roost|p2a: Corviknight
|-heal|p2a: Corviknight|100/100
|-singleturn|p2a: Corviknight|move: Roost
|
|upkeep
|turn|38
|
|t:|1779680719
|move|p2a: Corviknight|U-turn|p1a: Alomomola
|-damage|p1a: Alomomola|65/100
|
|t:|1779680721
|switch|p2a: Alomomola|Alomomola, M|100/100|[from] U-turn
|-damage|p2a: Alomomola|88/100|[from] Spikes
|move|p1a: Alomomola|Wish|p1a: Alomomola
|
|upkeep
|turn|39
|
|t:|1779680732
|move|p1a: Alomomola|Flip Turn|p2a: Alomomola
|-resisted|p2a: Alomomola
|-damage|p2a: Alomomola|82/100
|
|t:|1779680735
|switch|p1a: Tinkaton|Tinkaton, F|47/100 frz|[from] Flip Turn
|-ability|p1a: Tinkaton|Mold Breaker
|move|p2a: Alomomola|Flip Turn|p1a: Tinkaton
|-damage|p1a: Tinkaton|29/100 frz
|
|t:|1779680747
|switch|p2a: Garchomp|Garchomp, M|90/100|[from] Flip Turn
|-damage|p2a: Garchomp|77/100|[from] Spikes
|
|-heal|p1a: Tinkaton|92/100 frz|[from] move: Wish|[wisher] Alomomola
|upkeep
|turn|40
|
|t:|1779680755
|switch|p1a: Alomomola|Alomomola, F|99/100
|move|p2a: Garchomp|Dragon Tail|p1a: Alomomola
|-damage|p1a: Alomomola|83/100
|drag|p1a: Sinistcha|Sinistcha|83/100
|
|upkeep
|turn|41
|
|t:|1779680763
|switch|p1a: Alomomola|Alomomola, F|100/100
|move|p2a: Garchomp|Dragon Tail|p1a: Alomomola
|-damage|p1a: Alomomola|85/100
|drag|p1a: Ting-Lu|Ting-Lu|82/100
|-damage|p1a: Ting-Lu|76/100|[from] Stealth Rock
|-damage|p1a: Ting-Lu|51/100|[from] Spikes
|-ability|p1a: Ting-Lu|Vessel of Ruin
|
|-heal|p1a: Ting-Lu|57/100|[from] item: Leftovers
|upkeep
|turn|42
|
|t:|1779680770
|switch|p2a: Ogerpon|Ogerpon, F|57/100 brn
|-damage|p2a: Ogerpon|44/100 brn|[from] Spikes
|move|p1a: Ting-Lu|Spikes|p2a: Ogerpon
|-sidestart|p2: Douglas Ferrari|Spikes
|
|-heal|p1a: Ting-Lu|63/100|[from] item: Leftovers
|-damage|p2a: Ogerpon|38/100 brn|[from] brn
|upkeep
|turn|43
|
|t:|1779680775
|switch|p1a: Latios|Latios, M|94/100
|-damage|p1a: Latios|81/100|[from] Stealth Rock
|move|p2a: Ogerpon|Ivy Cudgel|p1a: Latios
|-resisted|p1a: Latios
|-crit|p1a: Latios
|-damage|p1a: Latios|58/100
|
|-damage|p2a: Ogerpon|32/100 brn|[from] brn
|upkeep
|turn|44
|
|t:|1779680784
|switch|p2a: Darkrai|Darkrai|67/100
|-damage|p2a: Darkrai|51/100|[from] Spikes
|move|p1a: Latios|Recover|p1a: Latios
|-heal|p1a: Latios|100/100
|
|upkeep
|turn|45
|
|t:|1779680791
|switch|p1a: Tinkaton|Tinkaton, F|92/100 frz
|-ability|p1a: Tinkaton|Mold Breaker
|move|p2a: Darkrai|Dark Pulse|p1a: Tinkaton
|-resisted|p1a: Tinkaton
|-damage|p1a: Tinkaton|64/100 frz
|
|upkeep
|turn|46
|
|t:|1779680795
|switch|p2a: Corviknight|Corviknight, M|100/100
|-ability|p2a: Corviknight|Pressure
|cant|p1a: Tinkaton|frz
|
|upkeep
|turn|47
|
|t:|1779680800
|cant|p1a: Tinkaton|frz
|move|p2a: Corviknight|Defog|p1a: Tinkaton
|-unboost|p1a: Tinkaton|evasion|1
|-sideend|p1: iamashit|Spikes|[from] move: Defog|[of] p2a: Corviknight
|-sideend|p1: iamashit|Stealth Rock|[from] move: Defog|[of] p2a: Corviknight
|-sideend|p2: Douglas Ferrari|Spikes|[from] move: Defog|[of] p2a: Corviknight
|
|upkeep
|turn|48
|
|t:|1779680804
|-curestatus|p1a: Tinkaton|frz|[msg]
|move|p1a: Tinkaton|Stealth Rock|p2a: Corviknight
|-sidestart|p2: Douglas Ferrari|move: Stealth Rock
|move|p2a: Corviknight|U-turn|p1a: Tinkaton
|-resisted|p1a: Tinkaton
|-damage|p1a: Tinkaton|60/100
|
|t:|1779680809
|switch|p2a: Alomomola|Alomomola, M|100/100|[from] U-turn
|-damage|p2a: Alomomola|88/100|[from] Stealth Rock
|
|upkeep
|turn|49
|
|t:|1779680815
|move|p1a: Tinkaton|Thunder Wave|p2a: Alomomola
|-status|p2a: Alomomola|par
|move|p2a: Alomomola|Flip Turn|p1a: Tinkaton
|-damage|p1a: Tinkaton|41/100
|
|t:|1779680819
|switch|p2a: Corviknight|Corviknight, M|100/100|[from] Flip Turn
|-damage|p2a: Corviknight|88/100|[from] Stealth Rock
|-ability|p2a: Corviknight|Pressure
|
|-heal|p2a: Corviknight|94/100|[from] item: Leftovers
|upkeep
|turn|50
|
|t:|1779680825
|move|p1a: Tinkaton|Thunder Wave|p2a: Corviknight
|-status|p2a: Corviknight|par
|move|p2a: Corviknight|U-turn|p1a: Tinkaton
|-resisted|p1a: Tinkaton
|-damage|p1a: Tinkaton|37/100
|
|t:|1779680829
|switch|p2a: Alomomola|Alomomola, M|100/100 par|[from] U-turn
|-damage|p2a: Alomomola|88/100 par|[from] Stealth Rock
|
|upkeep
|turn|51
|
|t:|1779680833
|move|p1a: Tinkaton|Knock Off|p2a: Alomomola
|-damage|p2a: Alomomola|75/100 par
|-enditem|p2a: Alomomola|Assault Vest|[from] move: Knock Off|[of] p1a: Tinkaton
|move|p2a: Alomomola|Flip Turn|p1a: Tinkaton
|-damage|p1a: Tinkaton|19/100
|
|t:|1779680843
|switch|p2a: Corviknight|Corviknight, M|94/100 par|[from] Flip Turn
|-damage|p2a: Corviknight|82/100 par|[from] Stealth Rock
|-ability|p2a: Corviknight|Pressure
|
|-heal|p2a: Corviknight|88/100 par|[from] item: Leftovers
|upkeep
|turn|52
|
|t:|1779680851
|switch|p1a: Alomomola|Alomomola, F|100/100
|move|p2a: Corviknight|U-turn|p1a: Alomomola
|-damage|p1a: Alomomola|91/100
|
|t:|1779680871
|switch|p2a: Alomomola|Alomomola, M|100/100 par|[from] U-turn
|-damage|p2a: Alomomola|88/100 par|[from] Stealth Rock
|
|upkeep
|turn|53
|
|t:|1779680874
|move|p1a: Alomomola|Wish|p1a: Alomomola
|move|p2a: Alomomola|Body Slam|p1a: Alomomola
|-damage|p1a: Alomomola|82/100
|
|upkeep
|turn|54
|
|t:|1779680881
|move|p1a: Alomomola|Flip Turn|p2a: Alomomola
|-resisted|p2a: Alomomola
|-damage|p2a: Alomomola|81/100 par
|
|t:|1779680883
|switch|p1a: Tinkaton|Tinkaton, F|19/100|[from] Flip Turn
|-ability|p1a: Tinkaton|Mold Breaker
|move|p2a: Alomomola|Flip Turn|p1a: Tinkaton
|-damage|p1a: Tinkaton|0 fnt
|faint|p1a: Tinkaton
|
|t:|1779680897
|switch|p2a: Corviknight|Corviknight, M|88/100 par|[from] Flip Turn
|-damage|p2a: Corviknight|75/100 par|[from] Stealth Rock
|-ability|p2a: Corviknight|Pressure
|
|-heal|p2a: Corviknight|82/100 par|[from] item: Leftovers
|upkeep
|
|t:|1779680905
|switch|p1a: Ting-Lu|Ting-Lu|63/100
|-ability|p1a: Ting-Lu|Vessel of Ruin
|turn|55
|
|t:|1779680908
|move|p1a: Ting-Lu|Spikes|p2a: Corviknight
|-sidestart|p2: Douglas Ferrari|Spikes
|cant|p2a: Corviknight|par
|
|-heal|p1a: Ting-Lu|69/100|[from] item: Leftovers
|-heal|p2a: Corviknight|88/100 par|[from] item: Leftovers
|upkeep
|turn|56
|
|t:|1779680914
|move|p1a: Ting-Lu|Spikes|p2a: Corviknight
|-sidestart|p2: Douglas Ferrari|Spikes
|cant|p2a: Corviknight|par
|
|-heal|p1a: Ting-Lu|76/100|[from] item: Leftovers
|-heal|p2a: Corviknight|94/100 par|[from] item: Leftovers
|upkeep
|turn|57
|
|t:|1779680917
|move|p1a: Ting-Lu|Spikes|p2a: Corviknight
|-sidestart|p2: Douglas Ferrari|Spikes
|move|p2a: Corviknight|Defog|p1a: Ting-Lu
|-unboost|p1a: Ting-Lu|evasion|1
|-sideend|p2: Douglas Ferrari|Spikes|[from] move: Defog|[of] p2a: Corviknight
|-sideend|p2: Douglas Ferrari|Stealth Rock|[from] move: Defog|[of] p2a: Corviknight
|
|-heal|p1a: Ting-Lu|82/100|[from] item: Leftovers
|-heal|p2a: Corviknight|100/100 par|[from] item: Leftovers
|upkeep
|turn|58
|
|t:|1779680925
|move|p1a: Ting-Lu|Spikes|p2a: Corviknight
|-sidestart|p2: Douglas Ferrari|Spikes
|move|p2a: Corviknight|U-turn|p1a: Ting-Lu
|-supereffective|p1a: Ting-Lu
|-damage|p1a: Ting-Lu|66/100
|
|t:|1779680929
|switch|p2a: Alomomola|Alomomola, M|100/100 par|[from] U-turn
|-damage|p2a: Alomomola|88/100 par|[from] Spikes
|
|-heal|p1a: Ting-Lu|72/100|[from] item: Leftovers
|upkeep
|turn|59
|
|t:|1779680934
|move|p2a: Alomomola|Flip Turn|p1a: Ting-Lu
|-supereffective|p1a: Ting-Lu
|-damage|p1a: Ting-Lu|56/100
|
|t:|1779680936
|switch|p2a: Corviknight|Corviknight, M|100/100 par|[from] Flip Turn
|-ability|p2a: Corviknight|Pressure
|move|p1a: Ting-Lu|Whirlwind|p2a: Corviknight
|drag|p2a: Garchomp|Garchomp, M|77/100
|-damage|p2a: Garchomp|65/100|[from] Spikes
|
|-heal|p1a: Ting-Lu|62/100|[from] item: Leftovers
|upkeep
|turn|60
|
|t:|1779680945
|switch|p2a: Corviknight|Corviknight, M|100/100 par
|-ability|p2a: Corviknight|Pressure
|move|p1a: Ting-Lu|Whirlwind|p2a: Corviknight
|drag|p2a: Weezing|Weezing-Galar, F|100/100
|-ability|p2a: Weezing|Neutralizing Gas
|-damage|p2a: Weezing|88/100|[from] Spikes
|
|-heal|p2a: Weezing|94/100|[from] item: Leftovers
|-heal|p1a: Ting-Lu|69/100|[from] item: Leftovers
|upkeep
|turn|61
|
|t:|1779680952
|move|p2a: Weezing|Will-O-Wisp|p1a: Ting-Lu
|-status|p1a: Ting-Lu|brn
|move|p1a: Ting-Lu|Spikes|p2a: Weezing
|-sidestart|p2: Douglas Ferrari|Spikes
|
|-heal|p2a: Weezing|99/100|[from] item: Leftovers
|-heal|p1a: Ting-Lu|75/100 brn|[from] item: Leftovers
|-damage|p1a: Ting-Lu|69/100 brn|[from] brn
|upkeep
|turn|62
|
|t:|1779680958
|move|p2a: Weezing|Sludge Bomb|p1a: Ting-Lu
|-resisted|p1a: Ting-Lu
|-damage|p1a: Ting-Lu|61/100 brn
|move|p1a: Ting-Lu|Spikes|p2a: Weezing
|-sidestart|p2: Douglas Ferrari|Spikes
|
|-heal|p2a: Weezing|100/100|[from] item: Leftovers
|-heal|p1a: Ting-Lu|67/100 brn|[from] item: Leftovers
|-damage|p1a: Ting-Lu|61/100 brn|[from] brn
|upkeep
|turn|63
|
|t:|1779680962
|move|p2a: Weezing|Sludge Bomb|p1a: Ting-Lu
|-resisted|p1a: Ting-Lu
|-damage|p1a: Ting-Lu|54/100 brn
|move|p1a: Ting-Lu|Spikes||[still]
|-fail|p1a: Ting-Lu
|
|-heal|p1a: Ting-Lu|60/100 brn|[from] item: Leftovers
|-damage|p1a: Ting-Lu|54/100 brn|[from] brn
|upkeep
|turn|64
|
|t:|1779680967
|move|p2a: Weezing|Defog|p1a: Ting-Lu
|-unboost|p1a: Ting-Lu|evasion|1
|-sideend|p2: Douglas Ferrari|Spikes|[from] move: Defog|[of] p2a: Weezing
|move|p1a: Ting-Lu|Whirlwind|p2a: Weezing
|-end|p2a: Weezing|ability: Neutralizing Gas
|-ability|p1a: Ting-Lu|Vessel of Ruin
|drag|p2a: Darkrai|Darkrai|51/100
|
|-heal|p1a: Ting-Lu|60/100 brn|[from] item: Leftovers
|-damage|p1a: Ting-Lu|54/100 brn|[from] brn
|upkeep
|turn|65
|
|t:|1779680974
|move|p2a: Darkrai|Focus Blast|p1a: Ting-Lu
|-supereffective|p1a: Ting-Lu
|-crit|p1a: Ting-Lu
|-damage|p1a: Ting-Lu|0 fnt
|faint|p1a: Ting-Lu
|
|upkeep
|
|t:|1779680982
|switch|p1a: Zamazenta|Zamazenta|100/100
|turn|66
|
|t:|1779680986
|switch|p2a: Weezing|Weezing-Galar, F|100/100
|-ability|p2a: Weezing|Neutralizing Gas
|move|p1a: Zamazenta|Close Combat|p2a: Weezing
|-resisted|p2a: Weezing
|-damage|p2a: Weezing|91/100
|-unboost|p1a: Zamazenta|def|1
|-unboost|p1a: Zamazenta|spd|1
|
|-heal|p2a: Weezing|97/100|[from] item: Leftovers
|upkeep
|turn|67
|
|t:|1779680994
|switch|p1a: Latios|Latios, M|100/100
|move|p2a: Weezing|Will-O-Wisp|p1a: Latios
|-status|p1a: Latios|brn
|
|-heal|p2a: Weezing|100/100|[from] item: Leftovers
|-damage|p1a: Latios|95/100 brn|[from] brn
|upkeep
|turn|68
|
|t:|1779680999
|-end|p2a: Weezing|ability: Neutralizing Gas
|switch|p2a: Alomomola|Alomomola, M|100/100 par
|move|p1a: Latios|Draco Meteor|p2a: Alomomola
|-damage|p2a: Alomomola|54/100 par
|-unboost|p1a: Latios|spa|2
|
|-damage|p1a: Latios|89/100 brn|[from] brn
|upkeep
|turn|69
|
|t:|1779681020
|switch|p1a: Sinistcha|Sinistcha|83/100
|switch|p2a: Corviknight|Corviknight, M|100/100 par
|-ability|p2a: Corviknight|Pressure
|
|upkeep
|turn|70
|
|t:|1779681026
|move|p1a: Sinistcha|Calm Mind|p1a: Sinistcha
|-boost|p1a: Sinistcha|spa|1
|-boost|p1a: Sinistcha|spd|1
|cant|p2a: Corviknight|par
|
|upkeep
|turn|71
|
|t:|1779681030
|move|p1a: Sinistcha|Calm Mind|p1a: Sinistcha
|-boost|p1a: Sinistcha|spa|1
|-boost|p1a: Sinistcha|spd|1
|cant|p2a: Corviknight|par
|
|upkeep
|turn|72
|
|t:|1779681037
|move|p1a: Sinistcha|Shadow Ball|p2a: Corviknight
|-damage|p2a: Corviknight|57/100 par
|cant|p2a: Corviknight|par
|
|-heal|p2a: Corviknight|63/100 par|[from] item: Leftovers
|upkeep
|turn|73
|
|t:|1779681065
|move|p1a: Sinistcha|Calm Mind|p1a: Sinistcha
|-boost|p1a: Sinistcha|spa|1
|-boost|p1a: Sinistcha|spd|1
|move|p2a: Corviknight|Roost|p2a: Corviknight
|-heal|p2a: Corviknight|100/100 par
|-singleturn|p2a: Corviknight|move: Roost
|
|upkeep
|turn|74
|
|t:|1779681071
|move|p1a: Sinistcha|Shadow Ball|p2a: Corviknight
|-damage|p2a: Corviknight|42/100 par
|move|p2a: Corviknight|Brave Bird|p1a: Sinistcha
|-supereffective|p1a: Sinistcha
|-damage|p1a: Sinistcha|29/100
|-damage|p2a: Corviknight|27/100 par|[from] Recoil
|
|-heal|p2a: Corviknight|33/100 par|[from] item: Leftovers
|upkeep
|turn|75
|
|t:|1779681091
|move|p1a: Sinistcha|Strength Sap|p2a: Corviknight
|-unboost|p2a: Corviknight|atk|1
|-heal|p1a: Sinistcha|90/100
|move|p2a: Corviknight|Roost|p2a: Corviknight
|-heal|p2a: Corviknight|83/100 par
|-singleturn|p2a: Corviknight|move: Roost
|
|-heal|p2a: Corviknight|89/100 par|[from] item: Leftovers
|upkeep
|turn|76
|
|t:|1779681099
|move|p1a: Sinistcha|Shadow Ball|p2a: Corviknight
|-damage|p2a: Corviknight|31/100 par
|move|p2a: Corviknight|U-turn|p1a: Sinistcha
|-crit|p1a: Sinistcha
|-damage|p1a: Sinistcha|74/100
|
|t:|1779681121
|switch|p2a: Ogerpon|Ogerpon, F|32/100 brn|[from] U-turn
|
|-damage|p2a: Ogerpon|26/100 brn|[from] brn
|upkeep
|turn|77
|
|t:|1779681127
|move|p2a: Ogerpon|Encore|p1a: Sinistcha
|-start|p1a: Sinistcha|Encore
|move|p1a: Sinistcha|Shadow Ball|p2a: Ogerpon
|-damage|p2a: Ogerpon|0 fnt
|faint|p2a: Ogerpon
|
|upkeep
|
|t:|1779681129
|switch|p2a: Alomomola|Alomomola, M|87/100 par
|turn|78
|
|t:|1779681138
|switch|p1a: Alomomola|Alomomola, F|100/100
|move|p2a: Alomomola|Mirror Coat||[still]
|-fail|p2a: Alomomola
|
|upkeep
|turn|79
|
|t:|1779681141
|move|p1a: Alomomola|Wish|p1a: Alomomola
|cant|p2a: Alomomola|par
|
|upkeep
|turn|80
|
|t:|1779681146
|switch|p1a: Sinistcha|Sinistcha|74/100
|move|p2a: Alomomola|Body Slam|p1a: Sinistcha
|-immune|p1a: Sinistcha
|
|-heal|p1a: Sinistcha|100/100|[from] move: Wish|[wisher] Alomomola
|upkeep
|turn|81
|
|t:|1779681152
|switch|p2a: Corviknight|Corviknight, M|31/100 par
|-ability|p2a: Corviknight|Pressure
|move|p1a: Sinistcha|Calm Mind|p1a: Sinistcha
|-boost|p1a: Sinistcha|spa|1
|-boost|p1a: Sinistcha|spd|1
|
|-heal|p2a: Corviknight|37/100 par|[from] item: Leftovers
|upkeep
|turn|82
|
|t:|1779681157
|move|p1a: Sinistcha|Strength Sap|p2a: Corviknight
|-unboost|p2a: Corviknight|atk|1
|move|p2a: Corviknight|Roost|p2a: Corviknight
|-heal|p2a: Corviknight|87/100 par
|-singleturn|p2a: Corviknight|move: Roost
|
|-heal|p2a: Corviknight|93/100 par|[from] item: Leftovers
|upkeep
|turn|83
|
|t:|1779681166
|switch|p2a: Darkrai|Darkrai|51/100
|move|p1a: Sinistcha|Calm Mind|p1a: Sinistcha
|-boost|p1a: Sinistcha|spa|1
|-boost|p1a: Sinistcha|spd|1
|
|upkeep
|turn|84
|
|t:|1779681170
|-terastallize|p1a: Sinistcha|Fairy
|move|p2a: Darkrai|Trick|p1a: Sinistcha
|-activate|p2a: Darkrai|move: Trick|[of] p1a: Sinistcha
|-item|p1a: Sinistcha|Choice Specs|[from] move: Trick
|-item|p2a: Darkrai|Heavy-Duty Boots|[from] move: Trick
|move|p1a: Sinistcha|Matcha Gotcha|p2a: Darkrai
|-damage|p2a: Darkrai|0 fnt
|faint|p2a: Darkrai
|
|upkeep
|
|t:|1779681187
|switch|p2a: Corviknight|Corviknight, M|93/100 par
|-ability|p2a: Corviknight|Pressure
|turn|85
|
|t:|1779681197
|switch|p1a: Alomomola|Alomomola, F|100/100
|cant|p2a: Corviknight|par
|
|-heal|p2a: Corviknight|99/100 par|[from] item: Leftovers
|upkeep
|turn|86
|
|t:|1779681210
|move|p1a: Alomomola|Flip Turn|p2a: Corviknight
|-damage|p2a: Corviknight|87/100 par
|
|t:|1779681212
|switch|p1a: Latios|Latios, M|89/100 brn|[from] Flip Turn
|cant|p2a: Corviknight|par
|
|-heal|p2a: Corviknight|93/100 par|[from] item: Leftovers
|-damage|p1a: Latios|83/100 brn|[from] brn
|upkeep
|turn|87
|c|☆Douglas Ferrari|someone send my corviknight to the hospital 😭
|c|☆Douglas Ferrari|bro can't move
|
|t:|1779681250
|move|p1a: Latios|Psychic Noise|p2a: Corviknight
|-resisted|p2a: Corviknight
|-damage|p2a: Corviknight|79/100 par
|-start|p2a: Corviknight|move: Heal Block
|cant|p2a: Corviknight|move: Heal Block|Roost
|
|-damage|p1a: Latios|77/100 brn|[from] brn
|upkeep
|turn|88
|
|t:|1779681254
|switch|p2a: Alomomola|Alomomola, M|100/100 par
|move|p1a: Latios|Aura Sphere|p2a: Alomomola
|-damage|p2a: Alomomola|82/100 par
|
|-damage|p1a: Latios|71/100 brn|[from] brn
|upkeep
|turn|89
|c|☆iamashit|Wasn't I frozen for like 10 turns
|
|t:|1779681281
|move|p1a: Latios|Psychic Noise|p2a: Alomomola
|-damage|p2a: Alomomola|54/100 par
|-start|p2a: Alomomola|move: Heal Block
|move|p2a: Alomomola|Mirror Coat|p1a: Latios
|-damage|p1a: Latios|0 fnt
|faint|p1a: Latios
|
|upkeep
|
|t:|1779681284
|switch|p1a: Sinistcha|Sinistcha, tera:Fairy|100/100
|turn|90
|
|t:|1779681291
|switch|p2a: Corviknight|Corviknight, M|79/100 par
|-ability|p2a: Corviknight|Pressure
|move|p1a: Sinistcha|Shadow Ball|p2a: Corviknight
|-damage|p2a: Corviknight|47/100 par
|-unboost|p2a: Corviknight|spd|1
|
|-heal|p2a: Corviknight|53/100 par|[from] item: Leftovers
|upkeep
|turn|91
|
|t:|1779681318
|switch|p2a: Alomomola|Alomomola, M|88/100 par
|move|p1a: Sinistcha|Shadow Ball|p2a: Alomomola
|-damage|p2a: Alomomola|54/100 par
|
|upkeep
|turn|92
|
|t:|1779681330
|switch|p1a: Zamazenta|Zamazenta|100/100
|move|p2a: Alomomola|Mirror Coat||[still]
|-fail|p2a: Alomomola
|
|upkeep
|turn|93
|
|t:|1779681333
|switch|p2a: Weezing|Weezing-Galar, F|100/100
|-ability|p2a: Weezing|Neutralizing Gas
|move|p1a: Zamazenta|Heavy Slam|p2a: Weezing
|-supereffective|p2a: Weezing
|-damage|p2a: Weezing|48/100
|
|-heal|p2a: Weezing|54/100|[from] item: Leftovers
|upkeep
|turn|94
|
|t:|1779681365
|switch|p1a: Alomomola|Alomomola, F|100/100
|-terastallize|p2a: Weezing|Dragon
|move|p2a: Weezing|Will-O-Wisp|p1a: Alomomola
|-status|p1a: Alomomola|brn
|
|-heal|p2a: Weezing|60/100|[from] item: Leftovers
|-damage|p1a: Alomomola|94/100 brn|[from] brn
|upkeep
|turn|95
|
|t:|1779681377
|move|p2a: Weezing|Pain Split|p1a: Alomomola
|-sethp|p1a: Alomomola|68/100 brn|[from] move: Pain Split|[silent]
|-sethp|p2a: Weezing|97/100|[from] move: Pain Split
|move|p1a: Alomomola|Scald|p2a: Weezing
|-resisted|p2a: Weezing
|-damage|p2a: Weezing|87/100
|
|-heal|p2a: Weezing|93/100|[from] item: Leftovers
|-damage|p1a: Alomomola|62/100 brn|[from] brn
|upkeep
|turn|96
|
|t:|1779681384
|move|p2a: Weezing|Will-O-Wisp|p1a: Alomomola
|-fail|p1a: Alomomola|brn
|move|p1a: Alomomola|Wish|p1a: Alomomola
|
|-heal|p2a: Weezing|99/100|[from] item: Leftovers
|-damage|p1a: Alomomola|56/100 brn|[from] brn
|upkeep
|turn|97
|
|t:|1779681395
|move|p2a: Weezing|Sludge Bomb|p1a: Alomomola
|-damage|p1a: Alomomola|30/100 brn
|move|p1a: Alomomola|Scald|p2a: Weezing
|-resisted|p2a: Weezing
|-damage|p2a: Weezing|90/100
|
|-heal|p1a: Alomomola|80/100 brn|[from] move: Wish|[wisher] Alomomola
|-heal|p2a: Weezing|96/100|[from] item: Leftovers
|-damage|p1a: Alomomola|74/100 brn|[from] brn
|upkeep
|turn|98
|
|t:|1779681403
|move|p2a: Weezing|Sludge Bomb|p1a: Alomomola
|-damage|p1a: Alomomola|49/100 brn
|move|p1a: Alomomola|Wish|p1a: Alomomola
|
|-heal|p2a: Weezing|100/100|[from] item: Leftovers
|-damage|p1a: Alomomola|43/100 brn|[from] brn
|upkeep
|turn|99
|
|t:|1779681407
|move|p2a: Weezing|Sludge Bomb|p1a: Alomomola
|-damage|p1a: Alomomola|19/100 brn
|move|p1a: Alomomola|Scald|p2a: Weezing
|-resisted|p2a: Weezing
|-damage|p2a: Weezing|91/100
|
|-heal|p1a: Alomomola|69/100 brn|[from] move: Wish|[wisher] Alomomola
|-heal|p2a: Weezing|97/100|[from] item: Leftovers
|-damage|p1a: Alomomola|63/100 brn|[from] brn
|upkeep
|turn|100
|
|t:|1779681411
|move|p2a: Weezing|Sludge Bomb|p1a: Alomomola
|-damage|p1a: Alomomola|39/100 brn
|move|p1a: Alomomola|Wish|p1a: Alomomola
|
|-heal|p2a: Weezing|100/100|[from] item: Leftovers
|-damage|p1a: Alomomola|32/100 brn|[from] brn
|upkeep
|turn|101
|
|t:|1779681415
|move|p2a: Weezing|Sludge Bomb|p1a: Alomomola
|-damage|p1a: Alomomola|10/100 brn
|move|p1a: Alomomola|Scald|p2a: Weezing
|-resisted|p2a: Weezing
|-damage|p2a: Weezing|91/100
|
|-heal|p1a: Alomomola|60/100 brn|[from] move: Wish|[wisher] Alomomola
|-heal|p2a: Weezing|97/100|[from] item: Leftovers
|-damage|p1a: Alomomola|53/100 brn|[from] brn
|upkeep
|turn|102
|
|t:|1779681418
|move|p2a: Weezing|Sludge Bomb|p1a: Alomomola
|-damage|p1a: Alomomola|27/100 brn
|move|p1a: Alomomola|Wish|p1a: Alomomola
|
|-heal|p2a: Weezing|100/100|[from] item: Leftovers
|-damage|p1a: Alomomola|21/100 brn|[from] brn
|upkeep
|turn|103
|
|t:|1779681421
|move|p1a: Alomomola|Protect|p1a: Alomomola
|-singleturn|p1a: Alomomola|Protect
|move|p2a: Weezing|Sludge Bomb|p1a: Alomomola
|-activate|p1a: Alomomola|move: Protect
|
|-heal|p1a: Alomomola|71/100 brn|[from] move: Wish|[wisher] Alomomola
|-damage|p1a: Alomomola|64/100 brn|[from] brn
|upkeep
|turn|104
|
|t:|1779681433
|move|p2a: Weezing|Defog|p1a: Alomomola
|-unboost|p1a: Alomomola|evasion|1
|move|p1a: Alomomola|Wish|p1a: Alomomola
|
|-damage|p1a: Alomomola|58/100 brn|[from] brn
|upkeep
|turn|105
|
|t:|1779681436
|move|p2a: Weezing|Will-O-Wisp|p1a: Alomomola
|-fail|p1a: Alomomola|brn
|move|p1a: Alomomola|Scald|p2a: Weezing
|-resisted|p2a: Weezing
|-damage|p2a: Weezing|92/100
|-status|p2a: Weezing|brn
|
|-heal|p1a: Alomomola|100/100 brn|[from] move: Wish|[wisher] Alomomola
|-heal|p2a: Weezing|98/100 brn|[from] item: Leftovers
|-damage|p2a: Weezing|92/100 brn|[from] brn
|-damage|p1a: Alomomola|94/100 brn|[from] brn
|upkeep
|turn|106
|
|t:|1779681447
|move|p2a: Weezing|Sludge Bomb|p1a: Alomomola
|-damage|p1a: Alomomola|71/100 brn
|move|p1a: Alomomola|Flip Turn|p2a: Weezing
|-resisted|p2a: Weezing
|-damage|p2a: Weezing|89/100 brn
|
|t:|1779681448
|switch|p1a: Sinistcha|Sinistcha, tera:Fairy|100/100|[from] Flip Turn
|
|-heal|p2a: Weezing|95/100 brn|[from] item: Leftovers
|-damage|p2a: Weezing|89/100 brn|[from] brn
|upkeep
|turn|107
|
|t:|1779681475
|move|p1a: Sinistcha|Shadow Ball|p2a: Weezing
|-damage|p2a: Weezing|21/100 brn
|move|p2a: Weezing|Sludge Bomb|p1a: Sinistcha
|-supereffective|p1a: Sinistcha
|-damage|p1a: Sinistcha|31/100
|
|-heal|p2a: Weezing|27/100 brn|[from] item: Leftovers
|-damage|p2a: Weezing|21/100 brn|[from] brn
|upkeep
|turn|108
|
|t:|1779681485
|switch|p1a: Zamazenta|Zamazenta|100/100
|-end|p2a: Weezing|ability: Neutralizing Gas
|switch|p2a: Alomomola|Alomomola, M|87/100 par
|
|upkeep
|turn|109
|
|t:|1779681492
|switch|p2a: Garchomp|Garchomp, M|65/100
|move|p1a: Zamazenta|Close Combat|p2a: Garchomp
|-damage|p2a: Garchomp|28/100
|-unboost|p1a: Zamazenta|def|1
|-unboost|p1a: Zamazenta|spd|1
|-damage|p1a: Zamazenta|88/100|[from] ability: Rough Skin|[of] p2a: Garchomp
|-damage|p1a: Zamazenta|72/100|[from] item: Rocky Helmet|[of] p2a: Garchomp
|
|upkeep
|turn|110
|
|t:|1779681502
|move|p1a: Zamazenta|Close Combat|p2a: Garchomp
|-damage|p2a: Garchomp|0 fnt
|-unboost|p1a: Zamazenta|def|1
|-unboost|p1a: Zamazenta|spd|1
|-damage|p1a: Zamazenta|59/100|[from] ability: Rough Skin|[of] p2a: Garchomp
|-damage|p1a: Zamazenta|43/100|[from] item: Rocky Helmet|[of] p2a: Garchomp
|faint|p2a: Garchomp
|
|upkeep
|
|t:|1779681512
|switch|p2a: Corviknight|Corviknight, M|53/100 par
|-ability|p2a: Corviknight|Pressure
|turn|111
|
|t:|1779681515
|switch|p1a: Alomomola|Alomomola, F|71/100 brn
|move|p2a: Corviknight|Roost|p2a: Corviknight
|-heal|p2a: Corviknight|100/100 par
|-singleturn|p2a: Corviknight|move: Roost
|
|-damage|p1a: Alomomola|64/100 brn|[from] brn
|upkeep
|turn|112
|
|t:|1779681523
|move|p1a: Alomomola|Wish|p1a: Alomomola
|move|p2a: Corviknight|Brave Bird|p1a: Alomomola
|-crit|p1a: Alomomola
|-damage|p1a: Alomomola|31/100 brn
|-damage|p2a: Corviknight|87/100 par|[from] Recoil
|
|-heal|p2a: Corviknight|94/100 par|[from] item: Leftovers
|-damage|p1a: Alomomola|25/100 brn|[from] brn
|upkeep
|turn|113
|
|t:|1779681529
|move|p1a: Alomomola|Protect|p1a: Alomomola
|-singleturn|p1a: Alomomola|Protect
|cant|p2a: Corviknight|par
|
|-heal|p1a: Alomomola|75/100 brn|[from] move: Wish|[wisher] Alomomola
|-heal|p2a: Corviknight|99/100 par|[from] item: Leftovers
|-damage|p1a: Alomomola|69/100 brn|[from] brn
|upkeep
|turn|114
|
|t:|1779681535
|move|p1a: Alomomola|Wish|p1a: Alomomola
|move|p2a: Corviknight|Brave Bird|p1a: Alomomola
|-damage|p1a: Alomomola|48/100 brn
|-damage|p2a: Corviknight|92/100 par|[from] Recoil
|
|-heal|p2a: Corviknight|98/100 par|[from] item: Leftovers
|-damage|p1a: Alomomola|41/100 brn|[from] brn
|upkeep
|turn|115
|
|t:|1779681546
|switch|p1a: Sinistcha|Sinistcha, tera:Fairy|31/100
|move|p2a: Corviknight|Brave Bird|p1a: Sinistcha
|-damage|p1a: Sinistcha|8/100
|-damage|p2a: Corviknight|91/100 par|[from] Recoil
|
|-heal|p1a: Sinistcha|77/100|[from] move: Wish|[wisher] Alomomola
|-heal|p2a: Corviknight|98/100 par|[from] item: Leftovers
|upkeep
|turn|116
|
|t:|1779681557
|switch|p2a: Alomomola|Alomomola, M|100/100 par
|move|p1a: Sinistcha|Shadow Ball|p2a: Alomomola
|-damage|p2a: Alomomola|67/100 par
|-unboost|p2a: Alomomola|spd|1
|
|upkeep
|turn|117
|
|t:|1779681568
|switch|p1a: Alomomola|Alomomola, F|75/100 brn
|cant|p2a: Alomomola|par
|
|-damage|p1a: Alomomola|69/100 brn|[from] brn
|upkeep
|turn|118
|
|t:|1779681570
|switch|p2a: Corviknight|Corviknight, M|98/100 par
|-ability|p2a: Corviknight|Pressure
|move|p1a: Alomomola|Wish|p1a: Alomomola
|
|-heal|p2a: Corviknight|100/100 par|[from] item: Leftovers
|-damage|p1a: Alomomola|62/100 brn|[from] brn
|upkeep
|turn|119
|
|t:|1779681579
|switch|p1a: Sinistcha|Sinistcha, tera:Fairy|77/100
|move|p2a: Corviknight|Brave Bird|p1a: Sinistcha
|-damage|p1a: Sinistcha|52/100
|-damage|p2a: Corviknight|93/100 par|[from] Recoil
|
|-heal|p1a: Sinistcha|100/100|[from] move: Wish|[wisher] Alomomola
|-heal|p2a: Corviknight|99/100 par|[from] item: Leftovers
|upkeep
|turn|120
|
|t:|1779681612
|switch|p2a: Weezing|Weezing-Galar, F, tera:Dragon|21/100 brn
|-ability|p2a: Weezing|Neutralizing Gas
|move|p1a: Sinistcha|Shadow Ball|p2a: Weezing
|-damage|p2a: Weezing|0 fnt
|faint|p2a: Weezing
|-end|p2a: Weezing|ability: Neutralizing Gas
|
|upkeep
|
|t:|1779681621
|switch|p2a: Alomomola|Alomomola, M|99/100 par
|turn|121
|
|t:|1779681627
|switch|p1a: Alomomola|Alomomola, F|96/100 brn
|move|p2a: Alomomola|Flip Turn|p1a: Alomomola
|-resisted|p1a: Alomomola
|-damage|p1a: Alomomola|90/100 brn
|
|t:|1779681634
|switch|p2a: Corviknight|Corviknight, M|99/100 par|[from] Flip Turn
|-ability|p2a: Corviknight|Pressure
|
|-heal|p2a: Corviknight|100/100 par|[from] item: Leftovers
|-damage|p1a: Alomomola|84/100 brn|[from] brn
|upkeep
|turn|122
|
|t:|1779681642
|move|p1a: Alomomola|Flip Turn|p2a: Corviknight
|-damage|p2a: Corviknight|94/100 par
|
|t:|1779681645
|switch|p1a: Sinistcha|Sinistcha, tera:Fairy|100/100|[from] Flip Turn
|move|p2a: Corviknight|Brave Bird|p1a: Sinistcha
|-damage|p1a: Sinistcha|76/100
|-damage|p2a: Corviknight|87/100 par|[from] Recoil
|
|-heal|p2a: Corviknight|93/100 par|[from] item: Leftovers
|upkeep
|turn|123
|
|t:|1779681659
|move|p1a: Sinistcha|Matcha Gotcha|p2a: Corviknight
|-resisted|p2a: Corviknight
|-damage|p2a: Corviknight|85/100 par
|-heal|p1a: Sinistcha|81/100|[from] drain|[of] p2a: Corviknight
|move|p2a: Corviknight|U-turn|p1a: Sinistcha
|-resisted|p1a: Sinistcha
|-damage|p1a: Sinistcha|75/100
|
|t:|1779681667
|switch|p2a: Alomomola|Alomomola, M|100/100 par|[from] U-turn
|
|upkeep
|turn|124
|
|t:|1779681678
|switch|p1a: Alomomola|Alomomola, F|100/100 brn
|move|p2a: Alomomola|Mirror Coat||[still]
|-fail|p2a: Alomomola
|
|-damage|p1a: Alomomola|94/100 brn|[from] brn
|upkeep
|turn|125
|
|t:|1779681684
|move|p1a: Alomomola|Wish|p1a: Alomomola
|move|p2a: Alomomola|Flip Turn|p1a: Alomomola
|-resisted|p1a: Alomomola
|-damage|p1a: Alomomola|89/100 brn
|
|t:|1779681687
|switch|p2a: Corviknight|Corviknight, M|85/100 par|[from] Flip Turn
|-ability|p2a: Corviknight|Pressure
|
|-heal|p2a: Corviknight|91/100 par|[from] item: Leftovers
|-damage|p1a: Alomomola|83/100 brn|[from] brn
|upkeep
|turn|126
|
|t:|1779681690
|move|p1a: Alomomola|Flip Turn|p2a: Corviknight
|-damage|p2a: Corviknight|85/100 par
|
|t:|1779681694
|switch|p1a: Sinistcha|Sinistcha, tera:Fairy|75/100|[from] Flip Turn
|cant|p2a: Corviknight|par
|
|-heal|p1a: Sinistcha|100/100|[from] move: Wish|[wisher] Alomomola
|-heal|p2a: Corviknight|91/100 par|[from] item: Leftovers
|upkeep
|turn|127
|
|t:|1779681703
|move|p1a: Sinistcha|Shadow Ball|p2a: Corviknight
|-damage|p2a: Corviknight|58/100 par
|move|p2a: Corviknight|U-turn|p1a: Sinistcha
|-resisted|p1a: Sinistcha
|-damage|p1a: Sinistcha|95/100
|
|t:|1779681708
|switch|p2a: Alomomola|Alomomola, M|100/100 par|[from] U-turn
|
|upkeep
|turn|128
|
|t:|1779681711
|switch|p1a: Alomomola|Alomomola, F|100/100 brn
|move|p2a: Alomomola|Flip Turn|p1a: Alomomola
|-resisted|p1a: Alomomola
|-damage|p1a: Alomomola|95/100 brn
|
|t:|1779681714
|switch|p2a: Corviknight|Corviknight, M|58/100 par|[from] Flip Turn
|-ability|p2a: Corviknight|Pressure
|
|-heal|p2a: Corviknight|64/100 par|[from] item: Leftovers
|-damage|p1a: Alomomola|89/100 brn|[from] brn
|upkeep
|turn|129
|
|t:|1779681731
|move|p1a: Alomomola|Protect|p1a: Alomomola
|-singleturn|p1a: Alomomola|Protect
|cant|p2a: Corviknight|par
|
|-heal|p2a: Corviknight|70/100 par|[from] item: Leftovers
|-damage|p1a: Alomomola|83/100 brn|[from] brn
|upkeep
|turn|130
|
|t:|1779681767
|move|p1a: Alomomola|Wish|p1a: Alomomola
|move|p2a: Corviknight|Brave Bird|p1a: Alomomola
|-crit|p1a: Alomomola
|-damage|p1a: Alomomola|51/100 brn
|-damage|p2a: Corviknight|58/100 par|[from] Recoil
|
|-heal|p2a: Corviknight|64/100 par|[from] item: Leftovers
|-damage|p1a: Alomomola|45/100 brn|[from] brn
|upkeep
|turn|131
|
|t:|1779681776
|switch|p1a: Sinistcha|Sinistcha, tera:Fairy|95/100
|cant|p2a: Corviknight|par
|
|-heal|p1a: Sinistcha|100/100|[from] move: Wish|[wisher] Alomomola
|-heal|p2a: Corviknight|70/100 par|[from] item: Leftovers
|upkeep
|turn|132
|
|t:|1779681785
|switch|p1a: Zamazenta|Zamazenta|43/100
|switch|p2a: Alomomola|Alomomola, M|100/100 par
|
|upkeep
|turn|133
|
|t:|1779681797
|move|p1a: Zamazenta|Close Combat|p2a: Alomomola
|-damage|p2a: Alomomola|54/100 par
|-unboost|p1a: Zamazenta|def|1
|-unboost|p1a: Zamazenta|spd|1
|move|p2a: Alomomola|Flip Turn|p1a: Zamazenta
|-damage|p1a: Zamazenta|22/100
|
|t:|1779681803
|switch|p2a: Corviknight|Corviknight, M|70/100 par|[from] Flip Turn
|-ability|p2a: Corviknight|Pressure
|
|-heal|p2a: Corviknight|76/100 par|[from] item: Leftovers
|upkeep
|turn|134
|
|t:|1779681810
|move|p1a: Zamazenta|Close Combat|p2a: Corviknight
|-damage|p2a: Corviknight|26/100 par
|-unboost|p1a: Zamazenta|def|1
|-unboost|p1a: Zamazenta|spd|1
|cant|p2a: Corviknight|par
|
|-heal|p2a: Corviknight|32/100 par|[from] item: Leftovers
|upkeep
|turn|135
|
|t:|1779681837
|switch|p1a: Sinistcha|Sinistcha, tera:Fairy|100/100
|switch|p2a: Alomomola|Alomomola, M|87/100 par
|
|upkeep
|turn|136
|
|t:|1779681853
|move|p1a: Sinistcha|Matcha Gotcha|p2a: Alomomola
|-supereffective|p2a: Alomomola
|-damage|p2a: Alomomola|20/100 par
|move|p2a: Alomomola|Mirror Coat|p1a: Sinistcha
|-damage|p1a: Sinistcha|0 fnt
|faint|p1a: Sinistcha
|
|upkeep
|
|t:|1779681860
|switch|p1a: Zamazenta|Zamazenta|22/100
|turn|137
|
|t:|1779681878
|switch|p2a: Corviknight|Corviknight, M|32/100 par
|-ability|p2a: Corviknight|Pressure
|move|p1a: Zamazenta|Stone Edge|p2a: Corviknight|[miss]
|-miss|p1a: Zamazenta|p2a: Corviknight
|
|-heal|p2a: Corviknight|38/100 par|[from] item: Leftovers
|upkeep
|turn|138
|
|t:|1779681886
|move|p1a: Zamazenta|Stone Edge|p2a: Corviknight|[miss]
|-miss|p1a: Zamazenta|p2a: Corviknight
|cant|p2a: Corviknight|par
|
|-heal|p2a: Corviknight|45/100 par|[from] item: Leftovers
|upkeep
|turn|139
|-message|iamashit forfeited.
|
|win|Douglas Ferrari
|raw|iamashit's rating: 1412 &rarr; <strong>1392</strong><br />(-20 for losing)
|raw|Douglas Ferrari's rating: 1414 &rarr; <strong>1434</strong><br />(+20 for winning)
|l|☆iamashit
|player|p1|
|l|☆Douglas Ferrari
|player|p2|
