|j|☆SuiiiiiiiiBoom
|j|☆dandynasty
|t:|1779690821
|gametype|singles
|player|p1|SuiiiiiiiiBoom|swimmerf|1037
|player|p2|dandynasty|harlequin|1000
|gen|9
|tier|[Gen 9] OU
|rated|
|rule|HP Percentage Mod: HP is shown in percentages
|rule|Endless Battle Clause: Forcing endless battles is banned
|rule|Species Clause: Limit one of each Pokémon
|rule|OHKO Clause: OHKO moves are banned
|rule|Evasion Items Clause: Evasion items are banned
|rule|Evasion Moves Clause: Evasion moves are banned
|rule|Evasion Abilities Clause: Evasion abilities are banned
|rule|Sleep Moves Clause: Sleep-inducing moves are banned
|clearpoke
|poke|p1|Hydrapple, M|
|poke|p1|Skarmory, F|
|poke|p1|Tyranitar, F|
|poke|p1|Alomomola, M|
|poke|p1|Clodsire, F|
|poke|p1|Clefable, F|
|poke|p2|Grookey, L1, M|
|poke|p2|Slaking, M|
|poke|p2|Ambipom, F|
|poke|p2|Infernape, F|
|poke|p2|Munkidori, M|
|poke|p2|Oranguru, M|
|teampreview
|
|t:|1779690839
|teamsize|p1|6
|teamsize|p2|6
|start
|switch|p1a: Tyranitar|Tyranitar, F|100/100
|switch|p2a: Grookey|Grookey, L1, M|100/100
|-weather|Sandstorm|[from] ability: Sand Stream|[of] p1a: Tyranitar
|-fieldstart|move: Grassy Terrain|[from] ability: Grassy Surge|[of] p2a: Grookey
|turn|1
|
|t:|1779690850
|move|p1a: Tyranitar|Ice Beam|p2a: Grookey
|-supereffective|p2a: Grookey
|-enditem|p2a: Grookey|Focus Sash
|-damage|p2a: Grookey|9/100
|move|p2a: Grookey|Endeavor|p1a: Tyranitar
|-damage|p1a: Tyranitar|1/100
|
|-weather|Sandstorm|[upkeep]
|-damage|p2a: Grookey|0 fnt|[from] Sandstorm
|faint|p2a: Grookey
|-heal|p1a: Tyranitar|7/100|[from] Grassy Terrain
|upkeep
|
|t:|1779690872
|switch|p2a: Infernape|Infernape, F|100/100
|turn|2
|
|t:|1779690885
|switch|p1a: Alomomola|Alomomola, M, shiny|100/100
|move|p2a: Infernape|Close Combat|p1a: Alomomola
|-damage|p1a: Alomomola|71/100
|-unboost|p2a: Infernape|def|1
|-unboost|p2a: Infernape|spd|1
|
|-weather|Sandstorm|[upkeep]
|-damage|p2a: Infernape|94/100|[from] Sandstorm
|-damage|p1a: Alomomola|64/100|[from] Sandstorm
|-heal|p2a: Infernape|100/100|[from] Grassy Terrain
|-heal|p1a: Alomomola|71/100|[from] Grassy Terrain
|upkeep
|turn|3
|
|t:|1779690903
|switch|p2a: Slaking|Slaking, M|100/100
|move|p1a: Alomomola|Wish|p1a: Alomomola
|
|-weather|Sandstorm|[upkeep]
|-damage|p2a: Slaking|94/100|[from] Sandstorm
|-damage|p1a: Alomomola|64/100|[from] Sandstorm
|-heal|p2a: Slaking|100/100|[from] Grassy Terrain
|-heal|p1a: Alomomola|71/100|[from] Grassy Terrain
|upkeep
|turn|4
|
|t:|1779690914
|move|p2a: Slaking|Thunder Wave|p1a: Alomomola|[miss]
|-miss|p2a: Slaking|p1a: Alomomola
|move|p1a: Alomomola|Flip Turn|p2a: Slaking
|-damage|p2a: Slaking|92/100
|
|t:|1779690920
|switch|p1a: Tyranitar|Tyranitar, F|7/100|[from] Flip Turn
|
|-weather|Sandstorm|[upkeep]
|-damage|p2a: Slaking|86/100|[from] Sandstorm
|-heal|p1a: Tyranitar|65/100|[from] move: Wish|[wisher] Alomomola
|-heal|p2a: Slaking|92/100|[from] Grassy Terrain
|-heal|p2a: Slaking|98/100|[from] item: Leftovers
|-heal|p1a: Tyranitar|71/100|[from] Grassy Terrain
|upkeep
|turn|5
|
|t:|1779690938
|cant|p2a: Slaking|ability: Truant
|move|p1a: Tyranitar|Roar|p2a: Slaking
|drag|p2a: Ambipom|Ambipom, F|100/100
|
|-weather|none
|-heal|p1a: Tyranitar|77/100|[from] Grassy Terrain
|-fieldend|move: Grassy Terrain
|upkeep
|turn|6
|
|t:|1779690951
|move|p2a: Ambipom|Trailblaze|p1a: Tyranitar
|-supereffective|p1a: Tyranitar
|-damage|p1a: Tyranitar|24/100
|-boost|p2a: Ambipom|spe|1
|move|p1a: Tyranitar|Knock Off|p2a: Ambipom
|-damage|p2a: Ambipom|29/100
|-enditem|p2a: Ambipom|Choice Band|[from] move: Knock Off|[of] p1a: Tyranitar
|
|upkeep
|turn|7
|
|t:|1779690967
|switch|p1a: Clodsire|Clodsire, F|100/100
|move|p2a: Ambipom|Trailblaze|p1a: Clodsire
|-damage|p1a: Clodsire|81/100
|-boost|p2a: Ambipom|spe|1
|
|upkeep
|turn|8
|
|t:|1779690980
|switch|p2a: Slaking|Slaking, M|98/100
|move|p1a: Clodsire|Earthquake|p2a: Slaking
|-damage|p2a: Slaking|84/100
|
|-heal|p2a: Slaking|91/100|[from] item: Leftovers
|upkeep
|turn|9
|
|t:|1779690992
|move|p1a: Clodsire|Toxic|p2a: Slaking
|-status|p2a: Slaking|tox
|move|p2a: Slaking|Roar|p1a: Clodsire
|drag|p1a: Hydrapple|Hydrapple, M|100/100
|
|-heal|p2a: Slaking|97/100 tox|[from] item: Leftovers
|-damage|p2a: Slaking|91/100 tox|[from] psn
|upkeep
|turn|10
|
|t:|1779691006
|cant|p2a: Slaking|ability: Truant
|move|p1a: Hydrapple|Nasty Plot|p1a: Hydrapple
|-boost|p1a: Hydrapple|spa|2
|
|-heal|p2a: Slaking|97/100 tox|[from] item: Leftovers
|-damage|p2a: Slaking|84/100 tox|[from] psn
|upkeep
|turn|11
|
|t:|1779691015
|move|p2a: Slaking|Thunder Wave|p1a: Hydrapple
|-status|p1a: Hydrapple|par
|move|p1a: Hydrapple|Nasty Plot|p1a: Hydrapple
|-boost|p1a: Hydrapple|spa|2
|
|-heal|p2a: Slaking|91/100 tox|[from] item: Leftovers
|-damage|p2a: Slaking|72/100 tox|[from] psn
|upkeep
|turn|12
|
|t:|1779691028
|move|p1a: Hydrapple|Fickle Beam|p2a: Slaking
|-damage|p2a: Slaking|0 fnt
|faint|p2a: Slaking
|
|upkeep
|
|t:|1779691042
|switch|p2a: Munkidori|Munkidori, M|100/100
|turn|13
|
|t:|1779691051
|move|p2a: Munkidori|Sludge Wave|p1a: Hydrapple
|-supereffective|p1a: Hydrapple
|-damage|p1a: Hydrapple|8/100 par
|cant|p1a: Hydrapple|par
|
|upkeep
|turn|14
|
|t:|1779691063
|switch|p1a: Skarmory|Skarmory, F|100/100
|move|p2a: Munkidori|Sludge Wave|p1a: Skarmory
|-immune|p1a: Skarmory
|
|upkeep
|turn|15
|
|t:|1779691075
|move|p2a: Munkidori|Parting Shot|p1a: Skarmory
|-unboost|p1a: Skarmory|atk|1
|-unboost|p1a: Skarmory|spa|1
|
|t:|1779691080
|switch|p2a: Infernape|Infernape, F|100/100|[from] Parting Shot
|move|p1a: Skarmory|Spikes|p2a: Infernape
|-sidestart|p2: dandynasty|Spikes
|
|upkeep
|turn|16
|
|t:|1779691090
|move|p2a: Infernape|Swords Dance|p2a: Infernape
|-boost|p2a: Infernape|atk|2
|move|p1a: Skarmory|Body Press|p2a: Infernape
|-damage|p2a: Infernape|55/100
|
|-heal|p2a: Infernape|61/100|[from] item: Leftovers
|upkeep
|turn|17
|
|t:|1779691107
|switch|p1a: Alomomola|Alomomola, M, shiny|100/100
|move|p2a: Infernape|Protect||[still]
|-fail|p2a: Infernape
|
|-heal|p2a: Infernape|67/100|[from] item: Leftovers
|upkeep
|turn|18
|
|t:|1779691116
|move|p2a: Infernape|Protect|p2a: Infernape
|-singleturn|p2a: Infernape|Protect
|move|p1a: Alomomola|Wish|p1a: Alomomola
|
|-heal|p2a: Infernape|73/100|[from] item: Leftovers
|upkeep
|turn|19
|
|t:|1779691126
|switch|p2a: Oranguru|Oranguru, M|100/100
|-damage|p2a: Oranguru|88/100|[from] Spikes
|move|p1a: Alomomola|Body Slam|p2a: Oranguru
|-damage|p2a: Oranguru|70/100
|
|-heal|p2a: Oranguru|76/100|[from] item: Leftovers
|upkeep
|turn|20
|
|t:|1779691139
|move|p2a: Oranguru|Reflect|p2a: Oranguru
|-sidestart|p2: dandynasty|Reflect
|move|p1a: Alomomola|Flip Turn|p2a: Oranguru
|-damage|p2a: Oranguru|67/100
|
|t:|1779691161
|switch|p1a: Clodsire|Clodsire, F|81/100|[from] Flip Turn
|
|-heal|p2a: Oranguru|74/100|[from] item: Leftovers
|upkeep
|turn|21
|
|t:|1779691171
|move|p2a: Oranguru|Psychic|p1a: Clodsire
|-supereffective|p1a: Clodsire
|-damage|p1a: Clodsire|50/100
|move|p1a: Clodsire|Toxic|p2a: Oranguru
|-status|p2a: Oranguru|tox
|
|-heal|p2a: Oranguru|80/100 tox|[from] item: Leftovers
|-damage|p2a: Oranguru|74/100 tox|[from] psn
|upkeep
|turn|22
|
|t:|1779691182
|move|p2a: Oranguru|Psychic|p1a: Clodsire
|-supereffective|p1a: Clodsire
|-damage|p1a: Clodsire|19/100
|move|p1a: Clodsire|Recover|p1a: Clodsire
|-heal|p1a: Clodsire|69/100
|
|-heal|p2a: Oranguru|80/100 tox|[from] item: Leftovers
|-damage|p2a: Oranguru|67/100 tox|[from] psn
|upkeep
|turn|23
|
|t:|1779691195
|move|p2a: Oranguru|Psychic|p1a: Clodsire
|-supereffective|p1a: Clodsire
|-damage|p1a: Clodsire|37/100
|move|p1a: Clodsire|Amnesia|p1a: Clodsire
|-boost|p1a: Clodsire|spd|2
|
|-heal|p2a: Oranguru|74/100 tox|[from] item: Leftovers
|-damage|p2a: Oranguru|55/100 tox|[from] psn
|upkeep
|turn|24
|
|t:|1779691206
|move|p2a: Oranguru|Psychic|p1a: Clodsire
|-supereffective|p1a: Clodsire
|-damage|p1a: Clodsire|22/100
|move|p1a: Clodsire|Recover|p1a: Clodsire
|-heal|p1a: Clodsire|72/100
|
|-heal|p2a: Oranguru|61/100 tox|[from] item: Leftovers
|-damage|p2a: Oranguru|36/100 tox|[from] psn
|-sideend|p2: dandynasty|Reflect
|upkeep
|turn|25
|
|t:|1779691218
|switch|p2a: Munkidori|Munkidori, M|100/100
|move|p1a: Clodsire|Recover|p1a: Clodsire
|-heal|p1a: Clodsire|100/100
|
|upkeep
|turn|26
|
|t:|1779691226
|move|p2a: Munkidori|Psychic|p1a: Clodsire
|-supereffective|p1a: Clodsire
|-crit|p1a: Clodsire
|-damage|p1a: Clodsire|12/100
|move|p1a: Clodsire|Earthquake|p2a: Munkidori
|-supereffective|p2a: Munkidori
|-damage|p2a: Munkidori|18/100
|
|upkeep
|turn|27
|
|t:|1779691239
|switch|p1a: Skarmory|Skarmory, F|100/100
|move|p2a: Munkidori|Psychic|p1a: Skarmory
|-resisted|p1a: Skarmory
|-damage|p1a: Skarmory|66/100
|
|upkeep
|turn|28
|
|t:|1779691248
|move|p2a: Munkidori|Parting Shot|p1a: Skarmory
|-unboost|p1a: Skarmory|atk|1
|-unboost|p1a: Skarmory|spa|1
|
|t:|1779691252
|switch|p2a: Infernape|Infernape, F|73/100|[from] Parting Shot
|-damage|p2a: Infernape|61/100|[from] Spikes
|move|p1a: Skarmory|Iron Defense|p1a: Skarmory
|-boost|p1a: Skarmory|def|2
|
|-heal|p2a: Infernape|67/100|[from] item: Leftovers
|upkeep
|turn|29
|
|t:|1779691264
|move|p2a: Infernape|Swords Dance|p2a: Infernape
|-boost|p2a: Infernape|atk|2
|move|p1a: Skarmory|Body Press|p2a: Infernape
|-damage|p2a: Infernape|0 fnt
|faint|p2a: Infernape
|
|upkeep
|
|t:|1779691275
|switch|p2a: Ambipom|Ambipom, F|29/100
|-damage|p2a: Ambipom|17/100|[from] Spikes
|turn|30
|
|t:|1779691282
|move|p2a: Ambipom|Smack Down|p1a: Skarmory
|-damage|p1a: Skarmory|59/100
|-start|p1a: Skarmory|Smack Down
|move|p1a: Skarmory|Body Press|p2a: Ambipom
|-supereffective|p2a: Ambipom
|-damage|p2a: Ambipom|0 fnt
|faint|p2a: Ambipom
|
|upkeep
|-message|dandynasty forfeited.
|
|win|SuiiiiiiiiBoom
|raw|SuiiiiiiiiBoom's rating: 1037 &rarr; <strong>1068</strong><br />(+31 for winning)
|raw|dandynasty's rating: 1000 &rarr; <strong>1000</strong><br />(+0 for losing)
|l|☆dandynasty
|player|p2|
