|j|☆pazortegaFGC
|j|☆claudechamp
|t:|1779681712
|gametype|singles
|player|p1|pazortegaFGC|clair|1405
|player|p2|claudechamp|170|1353
|gen|9
|tier|[Gen 9] OU
|rated|
|rule|HP Percentage Mod: HP is shown in percentages
|rule|Endless Battle Clause: Forcing endless battles is banned
|rule|Species Clause: Limit one of each Pokémon
|rule|OHKO Clause: OHKO moves are banned
|rule|Evasion Items Clause: Evasion items are banned
|rule|Evasion Moves Clause: Evasion moves are banned
|rule|Evasion Abilities Clause: Evasion abilities are banned
|rule|Sleep Moves Clause: Sleep-inducing moves are banned
|clearpoke
|poke|p1|Slowking-Galar, F|
|poke|p1|Landorus-Therian, M|
|poke|p1|Kyurem|
|poke|p1|Iron Valiant|
|poke|p1|Cinderace, F|
|poke|p1|Kingambit, F|
|poke|p2|Gliscor, M|
|poke|p2|Gholdengo|
|poke|p2|Zamazenta-*|
|poke|p2|Blissey, F|
|poke|p2|Skarmory, F|
|poke|p2|Pecharunt|
|teampreview
|c|☆claudechamp|hf
|inactive|Battle timer is ON: inactive players will automatically lose when time's up. (requested by pazortegaFGC)
|inactive|claudechamp also wants the timer to be on.
|
|t:|1779681724
|teamsize|p1|6
|teamsize|p2|6
|start
|switch|p1a: Slowking|Slowking-Galar, F|100/100
|switch|p2a: Skarmory|Skarmory, F|100/100
|turn|1
|
|t:|1779681730
|move|p2a: Skarmory|Spikes|p1a: Slowking
|-sidestart|p1: pazortegaFGC|Spikes
|move|p1a: Slowking|Future Sight|p2a: Skarmory
|-start|p1a: Slowking|move: Future Sight
|
|upkeep
|turn|2
|
|t:|1779681732
|move|p2a: Skarmory|Spikes|p1a: Slowking
|-sidestart|p1: pazortegaFGC|Spikes
|-prepare|p1a: Slowking|Chilly Reception|[premajor]
|move|p1a: Slowking|Chilly Reception|p1a: Slowking
|-weather|Snowscape
|
|t:|1779681735
|switch|p1a: Cinderace|Cinderace, F|100/100|[from] Chilly Reception
|
|-weather|Snowscape|[upkeep]
|upkeep
|turn|3
|
|t:|1779681737
|switch|p2a: Gliscor|Gliscor, M|100/100
|move|p1a: Cinderace|Pyro Ball|p2a: Gliscor
|-crit|p2a: Gliscor
|-damage|p2a: Gliscor|26/100
|
|-weather|Snowscape|[upkeep]
|-end|p2a: Gliscor|move: Future Sight
|-damage|p2a: Gliscor|0 fnt
|faint|p2a: Gliscor
|upkeep
|
|t:|1779681741
|switch|p2a: Pecharunt|Pecharunt|100/100
|turn|4
|
|t:|1779681749
|move|p1a: Cinderace|Court Change|p1a: Cinderace
|-start|p1a: Cinderace|typechange|Normal|[from] ability: Libero
|-swapsideconditions
|-activate|p1a: Cinderace|move: Court Change
|move|p2a: Pecharunt|Toxic|p1a: Cinderace
|-status|p1a: Cinderace|tox
|-start|p1a: Cinderace|confusion|[from] ability: Poison Puppeteer|[of] p2a: Pecharunt
|
|-weather|Snowscape|[upkeep]
|-damage|p1a: Cinderace|95/100 tox|[from] psn
|upkeep
|turn|5
|
|t:|1779681758
|switch|p1a: Landorus|Landorus-Therian, M|100/100
|-ability|p1a: Landorus|Intimidate|boost
|-unboost|p2a: Pecharunt|atk|1
|switch|p2a: Blissey|Blissey, F|100/100
|
|-weather|Snowscape|[upkeep]
|upkeep
|turn|6
|
|t:|1779681761
|move|p1a: Landorus|Stealth Rock|p2a: Blissey
|-sidestart|p2: claudechamp|move: Stealth Rock
|move|p2a: Blissey|Stealth Rock|p1a: Landorus
|-sidestart|p1: pazortegaFGC|move: Stealth Rock
|
|-weather|none
|upkeep
|turn|7
|
|t:|1779681766
|switch|p2a: Skarmory|Skarmory, F|100/100
|move|p1a: Landorus|Earthquake|p2a: Skarmory
|-immune|p2a: Skarmory
|
|upkeep
|turn|8
|
|t:|1779681770
|move|p1a: Landorus|Taunt|p2a: Skarmory
|-start|p2a: Skarmory|move: Taunt
|cant|p2a: Skarmory|move: Taunt|Spikes
|
|upkeep
|turn|9
|
|t:|1779681775
|move|p1a: Landorus|U-turn|p2a: Skarmory
|-resisted|p2a: Skarmory
|-damage|p2a: Skarmory|97/100
|
|t:|1779681779
|switch|p1a: Cinderace|Cinderace, F|95/100 tox|[from] U-turn
|move|p2a: Skarmory|Body Press|p1a: Cinderace
|-damage|p1a: Cinderace|50/100 tox
|
|-damage|p1a: Cinderace|44/100 tox|[from] psn
|upkeep
|turn|10
|
|t:|1779681783
|move|p1a: Cinderace|Pyro Ball|p2a: Skarmory
|-supereffective|p2a: Skarmory
|-damage|p2a: Skarmory|21/100
|move|p2a: Skarmory|Body Press|p1a: Cinderace
|-damage|p1a: Cinderace|0 fnt
|faint|p1a: Cinderace
|
|-end|p2a: Skarmory|move: Taunt
|upkeep
|
|t:|1779681801
|switch|p1a: Kingambit|Kingambit, F|100/100
|-damage|p1a: Kingambit|94/100|[from] Stealth Rock
|-activate|p1a: Kingambit|ability: Supreme Overlord
|-start|p1a: Kingambit|fallen1|[silent]
|turn|11
|
|t:|1779681808
|move|p2a: Skarmory|Roost|p2a: Skarmory
|-heal|p2a: Skarmory|71/100
|-singleturn|p2a: Skarmory|move: Roost
|move|p1a: Kingambit|Kowtow Cleave|p2a: Skarmory
|-damage|p2a: Skarmory|39/100
|
|-heal|p1a: Kingambit|100/100|[from] item: Leftovers
|upkeep
|turn|12
|l|☆pazortegaFGC
|inactive|pazortegaFGC disconnected and has a minute to reconnect!
|player|p1|
|j|☆pazortegaFGC
|inactive|pazortegaFGC reconnected and has 135 seconds left.
|player|p1|pazortegaFGC|clair|
|
|t:|1779681837
|-end|p1a: Kingambit|fallen1|[silent]
|switch|p1a: Landorus|Landorus-Therian, M|100/100
|-damage|p1a: Landorus|88/100|[from] Stealth Rock
|-ability|p1a: Landorus|Intimidate|boost
|-unboost|p2a: Skarmory|atk|1
|move|p2a: Skarmory|Roost|p2a: Skarmory
|-heal|p2a: Skarmory|89/100
|-singleturn|p2a: Skarmory|move: Roost
|
|upkeep
|turn|13
|
|t:|1779681844
|move|p1a: Landorus|Taunt|p2a: Skarmory
|-start|p2a: Skarmory|move: Taunt
|cant|p2a: Skarmory|move: Taunt|Spikes
|
|upkeep
|turn|14
|
|t:|1779681858
|switch|p2a: Zamazenta|Zamazenta|100/100
|-ability|p2a: Zamazenta|Dauntless Shield|boost
|-boost|p2a: Zamazenta|def|1
|move|p1a: Landorus|Stealth Rock||[still]
|-fail|p1a: Landorus
|
|upkeep
|turn|15
|
|t:|1779681863
|move|p2a: Zamazenta|Ice Fang|p1a: Landorus
|-supereffective|p1a: Landorus
|-damage|p1a: Landorus|2/100
|-damage|p2a: Zamazenta|84/100|[from] item: Rocky Helmet|[of] p1a: Landorus
|move|p1a: Landorus|Taunt|p2a: Zamazenta
|-start|p2a: Zamazenta|move: Taunt
|
|upkeep
|turn|16
|
|t:|1779681867
|switch|p2a: Skarmory|Skarmory, F|89/100
|move|p1a: Landorus|U-turn|p2a: Skarmory
|-resisted|p2a: Skarmory
|-damage|p2a: Skarmory|85/100
|
|t:|1779681872
|switch|p1a: Slowking|Slowking-Galar, F|100/100|[from] U-turn
|
|upkeep
|turn|17
|
|t:|1779681875
|move|p2a: Skarmory|Spikes|p1a: Slowking
|-sidestart|p1: pazortegaFGC|Spikes
|-prepare|p1a: Slowking|Chilly Reception|[premajor]
|move|p1a: Slowking|Chilly Reception|p1a: Slowking
|-weather|Snowscape
|
|t:|1779681877
|switch|p1a: Kyurem|Kyurem|100/100|[from] Chilly Reception
|-damage|p1a: Kyurem|76/100|[from] Stealth Rock
|-damage|p1a: Kyurem|63/100|[from] Spikes
|-ability|p1a: Kyurem|Pressure
|
|-weather|Snowscape|[upkeep]
|upkeep
|turn|18
|
|t:|1779681882
|move|p1a: Kyurem|Blizzard|p2a: Skarmory
|-damage|p2a: Skarmory|0 fnt
|faint|p2a: Skarmory
|
|-weather|Snowscape|[upkeep]
|upkeep
|
|t:|1779681885
|switch|p2a: Zamazenta|Zamazenta|84/100
|turn|19
|
|t:|1779681889
|switch|p1a: Landorus|Landorus-Therian, M|2/100
|-damage|p1a: Landorus|0 fnt|[from] Stealth Rock
|faint|p1a: Landorus
|move|p2a: Zamazenta|Close Combat|p1: Landorus|[notarget]
|-fail|p2a: Zamazenta
|
|-weather|Snowscape|[upkeep]
|upkeep
|
|t:|1779681898
|switch|p1a: Slowking|Slowking-Galar, F|100/100
|turn|20
|
|t:|1779681901
|move|p2a: Zamazenta|Crunch|p1a: Slowking
|-supereffective|p1a: Slowking
|-damage|p1a: Slowking|42/100
|move|p1a: Slowking|Future Sight|p2a: Zamazenta
|-start|p1a: Slowking|move: Future Sight
|
|-weather|Snowscape|[upkeep]
|upkeep
|turn|21
|
|t:|1779681908
|move|p2a: Zamazenta|Crunch|p1a: Slowking
|-supereffective|p1a: Slowking
|-damage|p1a: Slowking|0 fnt
|faint|p1a: Slowking
|
|-weather|none
|upkeep
|
|t:|1779681917
|switch|p1a: Iron Valiant|Iron Valiant|100/100
|-damage|p1a: Iron Valiant|94/100|[from] Stealth Rock
|-damage|p1a: Iron Valiant|82/100|[from] Spikes
|-enditem|p1a: Iron Valiant|Booster Energy
|-activate|p1a: Iron Valiant|ability: Quark Drive|[fromitem]
|-start|p1a: Iron Valiant|quarkdrivespe
|turn|22
|
|t:|1779681923
|switch|p2a: Blissey|Blissey, F|100/100
|move|p1a: Iron Valiant|Knock Off|p2a: Blissey
|-damage|p2a: Blissey|70/100
|-enditem|p2a: Blissey|Heavy-Duty Boots|[from] move: Knock Off|[of] p1a: Iron Valiant
|
|-end|p2a: Blissey|move: Future Sight
|-damage|p2a: Blissey|56/100
|upkeep
|turn|23
|
|t:|1779681935
|move|p1a: Iron Valiant|Knock Off|p2a: Blissey
|-damage|p2a: Blissey|35/100
|move|p2a: Blissey|Soft-Boiled|p2a: Blissey
|-heal|p2a: Blissey|85/100
|
|upkeep
|turn|24
|
|t:|1779681940
|switch|p2a: Pecharunt|Pecharunt|100/100
|move|p1a: Iron Valiant|Encore||[still]
|-fail|p1a: Iron Valiant
|
|upkeep
|turn|25
|
|t:|1779681947
|move|p1a: Iron Valiant|Knock Off|p2a: Pecharunt
|-supereffective|p2a: Pecharunt
|-damage|p2a: Pecharunt|76/100
|-enditem|p2a: Pecharunt|Heavy-Duty Boots|[from] move: Knock Off|[of] p1a: Iron Valiant
|move|p2a: Pecharunt|Parting Shot|p1a: Iron Valiant
|-unboost|p1a: Iron Valiant|atk|1
|-unboost|p1a: Iron Valiant|spa|1
|
|t:|1779681954
|switch|p2a: Zamazenta|Zamazenta|84/100|[from] Parting Shot
|
|upkeep
|turn|26
|
|t:|1779681963
|move|p1a: Iron Valiant|Moonblast|p2a: Zamazenta
|-supereffective|p2a: Zamazenta
|-damage|p2a: Zamazenta|23/100
|move|p2a: Zamazenta|Heavy Slam|p1a: Iron Valiant
|-supereffective|p1a: Iron Valiant
|-damage|p1a: Iron Valiant|0 fnt
|faint|p1a: Iron Valiant
|-end|p1a: Iron Valiant|Quark Drive|[silent]
|
|upkeep
|
|t:|1779681983
|switch|p1a: Kingambit|Kingambit, F|100/100
|-damage|p1a: Kingambit|94/100|[from] Stealth Rock
|-damage|p1a: Kingambit|82/100|[from] Spikes
|-activate|p1a: Kingambit|ability: Supreme Overlord
|-start|p1a: Kingambit|fallen4|[silent]
|turn|27
|
|t:|1779681986
|-terastallize|p1a: Kingambit|Ghost
|move|p2a: Zamazenta|Close Combat|p1a: Kingambit
|-immune|p1a: Kingambit
|move|p1a: Kingambit|Swords Dance|p1a: Kingambit
|-boost|p1a: Kingambit|atk|2
|
|-heal|p1a: Kingambit|88/100|[from] item: Leftovers
|upkeep
|turn|28
|
|t:|1779681992
|move|p1a: Kingambit|Sucker Punch|p2a: Zamazenta
|-resisted|p2a: Zamazenta
|-damage|p2a: Zamazenta|0 fnt
|faint|p2a: Zamazenta
|
|-heal|p1a: Kingambit|94/100|[from] item: Leftovers
|upkeep
|
|t:|1779682004
|switch|p2a: Pecharunt|Pecharunt|76/100
|-damage|p2a: Pecharunt|60/100|[from] Spikes
|-damage|p2a: Pecharunt|47/100|[from] Stealth Rock
|turn|29
|
|t:|1779682014
|move|p2a: Pecharunt|Shadow Ball|p1a: Kingambit
|-supereffective|p1a: Kingambit
|-damage|p1a: Kingambit|45/100
|move|p1a: Kingambit|Kowtow Cleave|p2a: Pecharunt
|-supereffective|p2a: Pecharunt
|-damage|p2a: Pecharunt|0 fnt
|faint|p2a: Pecharunt
|
|-heal|p1a: Kingambit|51/100|[from] item: Leftovers
|upkeep
|
|t:|1779682019
|switch|p2a: Blissey|Blissey, F|85/100
|-damage|p2a: Blissey|69/100|[from] Spikes
|-damage|p2a: Blissey|56/100|[from] Stealth Rock
|turn|30
|
|t:|1779682028
|move|p2a: Blissey|Shadow Ball|p1a: Kingambit
|-supereffective|p1a: Kingambit
|-crit|p1a: Kingambit
|-damage|p1a: Kingambit|10/100
|move|p1a: Kingambit|Iron Head|p2a: Blissey
|-damage|p2a: Blissey|0 fnt
|faint|p2a: Blissey
|
|-heal|p1a: Kingambit|16/100|[from] item: Leftovers
|upkeep
|
|t:|1779682035
|switch|p2a: Gholdengo|Gholdengo|100/100
|-damage|p2a: Gholdengo|84/100|[from] Spikes
|-damage|p2a: Gholdengo|78/100|[from] Stealth Rock
|turn|31
|
|t:|1779682039
|move|p1a: Kingambit|Sucker Punch|p2a: Gholdengo
|-supereffective|p2a: Gholdengo
|-damage|p2a: Gholdengo|0 fnt
|faint|p2a: Gholdengo
|
|win|pazortegaFGC
|raw|pazortegaFGC's rating: 1405 &rarr; <strong>1422</strong><br />(+17 for winning)
|raw|claudechamp's rating: 1353 &rarr; <strong>1336</strong><br />(-17 for losing)
|c|☆claudechamp|gg
|c|☆pazortegaFGC|ggs
|l|☆pazortegaFGC
|player|p1|
|l|☆claudechamp
|player|p2|
