|j|☆pleasepatient
|j|☆alt1 lord greed
|t:|1779717220
|gametype|singles
|player|p1|pleasepatient|misty|1470
|player|p2|alt1 lord greed|265|1523
|gen|9
|tier|[Gen 9] OU
|rated|
|rule|HP Percentage Mod: HP is shown in percentages
|rule|Endless Battle Clause: Forcing endless battles is banned
|rule|Species Clause: Limit one of each Pokémon
|rule|OHKO Clause: OHKO moves are banned
|rule|Evasion Items Clause: Evasion items are banned
|rule|Evasion Moves Clause: Evasion moves are banned
|rule|Evasion Abilities Clause: Evasion abilities are banned
|rule|Sleep Moves Clause: Sleep-inducing moves are banned
|clearpoke
|poke|p1|Cramorant, M|
|poke|p1|Kingambit, M|
|poke|p1|Iron Moth|
|poke|p1|Enamorus, F|
|poke|p1|Great Tusk|
|poke|p1|Iron Valiant|
|poke|p2|Glastrier|
|poke|p2|Slowking-Galar, M|
|poke|p2|Heatran, F|
|poke|p2|Tornadus-Therian, M|
|poke|p2|Hydrapple, F|
|poke|p2|Great Tusk|
|teampreview
|inactive|Battle timer is ON: inactive players will automatically lose when time's up. (requested by alt1 lord greed)
|
|t:|1779717230
|teamsize|p1|6
|teamsize|p2|6
|start
|switch|p1a: Cramorant|Cramorant, M, shiny|100/100
|switch|p2a: Tornadus|Tornadus-Therian, M|100/100
|turn|1
|
|t:|1779717256
|move|p2a: Tornadus|Bleakwind Storm|p1a: Cramorant
|-damage|p1a: Cramorant|50/100
|move|p1a: Cramorant|Tailwind|p1a: Cramorant
|-sidestart|p1: pleasepatient|move: Tailwind
|
|upkeep
|turn|2
|
|t:|1779717259
|move|p1a: Cramorant|Surf|p2a: Tornadus
|-formechange|p1a: Cramorant|Cramorant-Gorging|
|-damage|p2a: Tornadus|60/100
|move|p2a: Tornadus|Bleakwind Storm|p1a: Cramorant
|-damage|p1a: Cramorant|2/100
|-damage|p2a: Tornadus|36/100|[from] ability: Gulp Missile|[of] p1a: Cramorant
|-status|p2a: Tornadus|par
|-formechange|p1a: Cramorant|Cramorant|
|
|upkeep
|turn|3
|
|t:|1779717271
|switch|p2a: Hydrapple|Hydrapple, F, shiny|100/100
|move|p1a: Cramorant|Surf|p2a: Hydrapple
|-formechange|p1a: Cramorant|Cramorant-Gorging|
|-resisted|p2a: Hydrapple
|-damage|p2a: Hydrapple|92/100
|
|upkeep
|turn|4
|
|t:|1779717295
|switch|p2a: Slowking|Slowking-Galar, M|100/100
|move|p1a: Cramorant|Hurricane|p2a: Slowking|[miss]
|-miss|p1a: Cramorant|p2a: Slowking
|
|-sideend|p1: pleasepatient|move: Tailwind
|upkeep
|turn|5
|
|t:|1779717297
|move|p1a: Cramorant|Tailwind|p1a: Cramorant
|-sidestart|p1: pleasepatient|move: Tailwind
|-prepare|p2a: Slowking|Chilly Reception|[premajor]
|move|p2a: Slowking|Chilly Reception|p2a: Slowking
|-weather|Snowscape
|
|t:|1779717300
|switch|p2a: Tornadus|Tornadus-Therian, M|69/100 par|[from] Chilly Reception
|
|-weather|Snowscape|[upkeep]
|upkeep
|turn|6
|
|t:|1779717303
|move|p1a: Cramorant|Hurricane|p2a: Tornadus
|-damage|p2a: Tornadus|20/100 par
|cant|p2a: Tornadus|par
|
|-weather|Snowscape|[upkeep]
|upkeep
|turn|7
|
|t:|1779717307
|switch|p2a: Hydrapple|Hydrapple, F, shiny|100/100
|move|p1a: Cramorant|Surf|p2a: Hydrapple
|-resisted|p2a: Hydrapple
|-damage|p2a: Hydrapple|91/100
|
|-weather|Snowscape|[upkeep]
|upkeep
|turn|8
|
|t:|1779717309
|switch|p2a: Slowking|Slowking-Galar, M|100/100
|move|p1a: Cramorant|Hurricane|p2a: Slowking
|-damage|p2a: Slowking|73/100
|-start|p2a: Slowking|confusion
|
|-weather|Snowscape|[upkeep]
|-sideend|p1: pleasepatient|move: Tailwind
|upkeep
|turn|9
|
|t:|1779717313
|switch|p2a: Tornadus|Tornadus-Therian, M|53/100 par
|move|p1a: Cramorant|Tailwind|p1a: Cramorant
|-sidestart|p1: pleasepatient|move: Tailwind
|
|-weather|none
|upkeep
|turn|10
|
|t:|1779717315
|move|p1a: Cramorant|Hurricane|p2a: Tornadus|[miss]
|-miss|p1a: Cramorant|p2a: Tornadus
|move|p2a: Tornadus|Knock Off|p1a: Cramorant
|-damage|p1a: Cramorant|0 fnt
|-damage|p2a: Tornadus|28/100 par|[from] ability: Gulp Missile|[of] p1a: Cramorant
|-formechange|p1a: Cramorant|Cramorant|
|-enditem|p1a: Cramorant|Focus Sash|[from] move: Knock Off|[of] p2a: Tornadus
|faint|p1a: Cramorant
|
|upkeep
|
|t:|1779717331
|switch|p1a: Great Tusk|Great Tusk|100/100
|-enditem|p1a: Great Tusk|Booster Energy
|-activate|p1a: Great Tusk|ability: Protosynthesis|[fromitem]
|-start|p1a: Great Tusk|protosynthesisatk
|turn|11
|
|t:|1779717333
|move|p1a: Great Tusk|Rapid Spin|p2a: Tornadus
|-damage|p2a: Tornadus|3/100 par
|-boost|p1a: Great Tusk|spe|1
|cant|p2a: Tornadus|par
|
|upkeep
|turn|12
|
|t:|1779717338
|move|p1a: Great Tusk|Rapid Spin|p2a: Tornadus
|-damage|p2a: Tornadus|0 fnt
|-boost|p1a: Great Tusk|spe|1
|faint|p2a: Tornadus
|
|-sideend|p1: pleasepatient|move: Tailwind
|upkeep
|
|t:|1779717339
|switch|p2a: Hydrapple|Hydrapple, F, shiny|100/100
|turn|13
|
|t:|1779717342
|move|p1a: Great Tusk|Ice Spinner|p2a: Hydrapple
|-supereffective|p2a: Hydrapple
|-damage|p2a: Hydrapple|0 fnt
|faint|p2a: Hydrapple
|
|upkeep
|
|t:|1779717348
|switch|p2a: Glastrier|Glastrier|100/100
|turn|14
|
|t:|1779717367
|-terastallize|p2a: Glastrier|Water
|move|p1a: Great Tusk|Supercell Slam|p2a: Glastrier
|-supereffective|p2a: Glastrier
|-damage|p2a: Glastrier|42/100
|move|p2a: Glastrier|Icicle Crash|p1a: Great Tusk
|-supereffective|p1a: Great Tusk
|-damage|p1a: Great Tusk|24/100
|
|upkeep
|turn|15
|
|t:|1779717373
|move|p1a: Great Tusk|Supercell Slam|p2a: Glastrier
|-supereffective|p2a: Glastrier
|-damage|p2a: Glastrier|0 fnt
|faint|p2a: Glastrier
|
|upkeep
|
|t:|1779717382
|switch|p2a: Great Tusk|Great Tusk|100/100
|turn|16
|
|t:|1779717391
|move|p1a: Great Tusk|Ice Spinner|p2a: Great Tusk
|-supereffective|p2a: Great Tusk
|-damage|p2a: Great Tusk|50/100
|move|p2a: Great Tusk|Rapid Spin|p1a: Great Tusk
|-damage|p1a: Great Tusk|10/100
|-boost|p2a: Great Tusk|spe|1
|
|upkeep
|turn|17
|
|t:|1779717396
|move|p1a: Great Tusk|Ice Spinner|p2a: Great Tusk
|-supereffective|p2a: Great Tusk
|-damage|p2a: Great Tusk|0 fnt
|faint|p2a: Great Tusk
|-end|p2a: Great Tusk|Protosynthesis|[silent]
|
|upkeep
|
|t:|1779717402
|switch|p2a: Slowking|Slowking-Galar, M|100/100
|turn|18
|
|t:|1779717404
|move|p1a: Great Tusk|Headlong Rush|p2a: Slowking
|-supereffective|p2a: Slowking
|-damage|p2a: Slowking|0 fnt
|-unboost|p1a: Great Tusk|def|1
|-unboost|p1a: Great Tusk|spd|1
|faint|p2a: Slowking
|
|upkeep
|
|t:|1779717407
|switch|p2a: Heatran|Heatran, F, shiny|100/100
|turn|19
|
|t:|1779717408
|move|p1a: Great Tusk|Headlong Rush|p2a: Heatran
|-supereffective|p2a: Heatran
|-damage|p2a: Heatran|0 fnt
|-unboost|p1a: Great Tusk|def|1
|-unboost|p1a: Great Tusk|spd|1
|faint|p2a: Heatran
|
|win|pleasepatient
|raw|pleasepatient's rating: 1449 &rarr; <strong>1473</strong><br />(+24 for winning)
|raw|alt1 lord greed's rating: 1523 &rarr; <strong>1499</strong><br />(-24 for losing)
|l|☆alt1 lord greed
|player|p2|
|l|☆pleasepatient
|player|p1|
