|j|☆distantmonk
|j|☆love free
|t:|1779602081
|gametype|singles
|player|p1|distantmonk|li|1187
|player|p2|love free|cynthia|1253
|gen|9
|tier|[Gen 9] OU
|rated|
|rule|HP Percentage Mod: HP is shown in percentages
|rule|Endless Battle Clause: Forcing endless battles is banned
|rule|Species Clause: Limit one of each Pokémon
|rule|OHKO Clause: OHKO moves are banned
|rule|Evasion Items Clause: Evasion items are banned
|rule|Evasion Moves Clause: Evasion moves are banned
|rule|Evasion Abilities Clause: Evasion abilities are banned
|rule|Sleep Moves Clause: Sleep-inducing moves are banned
|clearpoke
|poke|p1|Ribombee, M|
|poke|p1|Rillaboom, F|
|poke|p1|Gholdengo|
|poke|p1|Tentacruel, F|
|poke|p1|Weavile, F|
|poke|p1|Ceruledge, F|
|poke|p2|Rillaboom, M|
|poke|p2|Iron Valiant|
|poke|p2|Kingambit, M|
|poke|p2|Great Tusk|
|poke|p2|Ribombee, M|
|poke|p2|Ursaluna, F|
|teampreview
|inactive|Battle timer is ON: inactive players will automatically lose when time's up. (requested by love free)
|inactive|distantmonk also wants the timer to be on.
|c|☆distantmonk|Ayo
|
|t:|1779602096
|teamsize|p1|6
|teamsize|p2|6
|start
|switch|p1a: Weavile|Weavile, F|100/100
|switch|p2a: Ribombee|Ribombee, M|100/100
|turn|1
|
|t:|1779602114
|move|p1a: Weavile|Triple Axel|p2a: Ribombee
|-damage|p2a: Ribombee|76/100
|-damage|p2a: Ribombee|28/100
|-damage|p2a: Ribombee|0 fnt
|faint|p2a: Ribombee
|-hitcount|p2: Ribombee|3
|
|upkeep
|
|t:|1779602126
|switch|p2a: Rillaboom|Rillaboom, M|100/100
|-fieldstart|move: Grassy Terrain|[from] ability: Grassy Surge|[of] p2a: Rillaboom
|turn|2
|c|☆distantmonk|I see who u are
|c|☆distantmonk|You are my enemy
|
|t:|1779602138
|move|p2a: Rillaboom|Grassy Glide|p1a: Weavile
|-damage|p1a: Weavile|7/100
|move|p1a: Weavile|Triple Axel|p2a: Rillaboom
|-supereffective|p2a: Rillaboom
|-damage|p2a: Rillaboom|71/100
|-supereffective|p2a: Rillaboom
|-damage|p2a: Rillaboom|2/100
|-supereffective|p2a: Rillaboom
|-damage|p2a: Rillaboom|0 fnt
|faint|p2a: Rillaboom
|-hitcount|p2: Rillaboom|3
|
|-heal|p1a: Weavile|13/100|[from] Grassy Terrain
|upkeep
|
|t:|1779602145
|switch|p2a: Iron Valiant|Iron Valiant|100/100
|-enditem|p2a: Iron Valiant|Booster Energy
|-activate|p2a: Iron Valiant|ability: Quark Drive|[fromitem]
|-start|p2a: Iron Valiant|quarkdrivespe
|turn|3
|c|☆distantmonk|Chad weavile
|
|t:|1779602159
|switch|p1a: Ribombee|Ribombee, M|100/100
|move|p2a: Iron Valiant|Swords Dance|p2a: Iron Valiant
|-boost|p2a: Iron Valiant|atk|2
|
|upkeep
|turn|4
|
|t:|1779602170
|move|p2a: Iron Valiant|Knock Off|p1a: Ribombee
|-resisted|p1a: Ribombee
|-damage|p1a: Ribombee|33/100
|-enditem|p1a: Ribombee|Focus Sash|[from] move: Knock Off|[of] p2a: Iron Valiant
|move|p1a: Ribombee|Stun Spore|p2a: Iron Valiant
|-status|p2a: Iron Valiant|par
|
|-heal|p1a: Ribombee|39/100|[from] Grassy Terrain
|upkeep
|turn|5
|
|t:|1779602177
|move|p2a: Iron Valiant|Shadow Sneak|p1a: Ribombee
|-damage|p1a: Ribombee|0 fnt
|faint|p1a: Ribombee
|
|upkeep
|
|t:|1779602188
|switch|p1a: Rillaboom|Rillaboom, F|100/100
|turn|6
|
|t:|1779602191
|-terastallize|p1a: Rillaboom|Grass
|cant|p2a: Iron Valiant|par
|move|p1a: Rillaboom|Grassy Glide|p2a: Iron Valiant
|-damage|p2a: Iron Valiant|0 fnt
|faint|p2a: Iron Valiant
|-end|p2a: Iron Valiant|Quark Drive|[silent]
|
|-fieldend|move: Grassy Terrain
|upkeep
|
|t:|1779602200
|switch|p2a: Kingambit|Kingambit, M|100/100
|-activate|p2a: Kingambit|ability: Supreme Overlord
|-start|p2a: Kingambit|fallen3|[silent]
|turn|7
|
|t:|1779602206
|switch|p1a: Gholdengo|Gholdengo|100/100
|move|p2a: Kingambit|Kowtow Cleave|p1a: Gholdengo
|-supereffective|p1a: Gholdengo
|-damage|p1a: Gholdengo|0 fnt
|faint|p1a: Gholdengo
|
|upkeep
|
|t:|1779602216
|switch|p1a: Ceruledge|Ceruledge, F|100/100
|turn|8
|
|t:|1779602226
|move|p1a: Ceruledge|Bitter Blade|p2a: Kingambit
|-supereffective|p2a: Kingambit
|-damage|p2a: Kingambit|29/100
|move|p2a: Kingambit|Kowtow Cleave|p1a: Ceruledge
|-supereffective|p1a: Ceruledge
|-damage|p1a: Ceruledge|0 fnt
|faint|p1a: Ceruledge
|
|upkeep
|
|t:|1779602232
|switch|p1a: Weavile|Weavile, F|13/100
|turn|9
|
|t:|1779602235
|move|p1a: Weavile|Ice Shard|p2a: Kingambit
|-resisted|p2a: Kingambit
|-damage|p2a: Kingambit|18/100
|move|p2a: Kingambit|Sucker Punch||[still]
|-fail|p2a: Kingambit
|
|upkeep
|turn|10
|
|t:|1779602239
|move|p1a: Weavile|Ice Shard|p2a: Kingambit
|-resisted|p2a: Kingambit
|-damage|p2a: Kingambit|8/100
|move|p2a: Kingambit|Sucker Punch||[still]
|-fail|p2a: Kingambit
|
|upkeep
|turn|11
|
|t:|1779602241
|move|p1a: Weavile|Ice Shard|p2a: Kingambit
|-resisted|p2a: Kingambit
|-damage|p2a: Kingambit|0 fnt
|faint|p2a: Kingambit
|-end|p2a: Kingambit|fallen3|[silent]
|
|upkeep
|
|t:|1779602248
|switch|p2a: Great Tusk|Great Tusk|100/100
|-enditem|p2a: Great Tusk|Booster Energy
|-activate|p2a: Great Tusk|ability: Protosynthesis|[fromitem]
|-start|p2a: Great Tusk|protosynthesisatk
|turn|12
|
|t:|1779602260
|-terastallize|p2a: Great Tusk|Fire
|move|p1a: Weavile|Ice Shard|p2a: Great Tusk
|-resisted|p2a: Great Tusk
|-damage|p2a: Great Tusk|91/100
|move|p2a: Great Tusk|Ice Spinner|p1a: Weavile
|-resisted|p1a: Weavile
|-damage|p1a: Weavile|0 fnt
|faint|p1a: Weavile
|
|upkeep
|
|t:|1779602265
|switch|p1a: Rillaboom|Rillaboom, F, tera:Grass|100/100
|-fieldstart|move: Grassy Terrain|[from] ability: Grassy Surge|[of] p1a: Rillaboom
|turn|13
|
|t:|1779602274
|move|p2a: Great Tusk|Close Combat|p1a: Rillaboom
|-damage|p1a: Rillaboom|22/100
|-unboost|p2a: Great Tusk|def|1
|-unboost|p2a: Great Tusk|spd|1
|move|p1a: Rillaboom|High Horsepower|p2a: Great Tusk
|-supereffective|p2a: Great Tusk
|-damage|p2a: Great Tusk|0 fnt
|faint|p2a: Great Tusk
|-end|p2a: Great Tusk|Protosynthesis|[silent]
|
|-heal|p1a: Rillaboom|28/100|[from] Grassy Terrain
|upkeep
|
|t:|1779602278
|switch|p2a: Ursaluna|Ursaluna, F, shiny|100/100
|turn|14
|
|t:|1779602287
|switch|p1a: Tentacruel|Tentacruel, F|100/100
|move|p2a: Ursaluna|Facade|p1a: Tentacruel
|-damage|p1a: Tentacruel|60/100
|
|-heal|p1a: Tentacruel|66/100|[from] Grassy Terrain
|-status|p2a: Ursaluna|brn|[from] item: Flame Orb
|upkeep
|turn|15
|
|t:|1779602299
|move|p1a: Tentacruel|Rapid Spin|p2a: Ursaluna
|-damage|p2a: Ursaluna|94/100 brn
|-boost|p1a: Tentacruel|spe|1
|move|p2a: Ursaluna|Facade|p1a: Tentacruel
|-damage|p1a: Tentacruel|0 fnt
|faint|p1a: Tentacruel
|
|-heal|p2a: Ursaluna|99/100 brn|[from] Grassy Terrain
|-damage|p2a: Ursaluna|94/100 brn|[from] brn
|upkeep
|
|t:|1779602305
|switch|p1a: Rillaboom|Rillaboom, F, tera:Grass|28/100
|turn|16
|
|t:|1779602311
|move|p1a: Rillaboom|Grassy Glide|p2a: Ursaluna
|-supereffective|p2a: Ursaluna
|-damage|p2a: Ursaluna|0 fnt
|faint|p2a: Ursaluna
|
|win|distantmonk
|raw|distantmonk's rating: 1187 &rarr; <strong>1217</strong><br />(+30 for winning)
|raw|love free's rating: 1253 &rarr; <strong>1223</strong><br />(-30 for losing)
|l|☆love free
|player|p2|
|c|☆distantmonk|Gg fam
