|j|☆yzyang
|j|☆jogonzal101
|t:|1779676899
|gametype|singles
|player|p1|yzyang|266|1343
|player|p2|jogonzal101|hilbert|1386
|gen|9
|tier|[Gen 9] OU
|rated|
|rule|HP Percentage Mod: HP is shown in percentages
|rule|Endless Battle Clause: Forcing endless battles is banned
|rule|Species Clause: Limit one of each Pokémon
|rule|OHKO Clause: OHKO moves are banned
|rule|Evasion Items Clause: Evasion items are banned
|rule|Evasion Moves Clause: Evasion moves are banned
|rule|Evasion Abilities Clause: Evasion abilities are banned
|rule|Sleep Moves Clause: Sleep-inducing moves are banned
|clearpoke
|poke|p1|Alomomola, M|
|poke|p1|Slowking, M|
|poke|p1|Corviknight, M|
|poke|p1|Blaziken, M|
|poke|p1|Ambipom, F|
|poke|p1|Meowscarada, F|
|poke|p2|Umbreon, F|
|poke|p2|Gholdengo|
|poke|p2|Rillaboom, M|
|poke|p2|Great Tusk|
|poke|p2|Zapdos|
|poke|p2|Glimmora, M|
|teampreview
|inactive|Battle timer is ON: inactive players will automatically lose when time's up. (requested by yzyang)
|
|t:|1779676912
|teamsize|p1|6
|teamsize|p2|6
|start
|switch|p1a: Ambipom|Ambipom, F|100/100
|switch|p2a: Rillacif|Rillaboom, M|100/100
|-fieldstart|move: Grassy Terrain|[from] ability: Grassy Surge|[of] p2a: Rillacif
|turn|1
|
|t:|1779676921
|move|p1a: Ambipom|Fake Out|p2a: Rillacif
|-damage|p2a: Rillacif|62/100
|cant|p2a: Rillacif|flinch
|
|-heal|p2a: Rillacif|68/100|[from] Grassy Terrain
|upkeep
|turn|2
|
|t:|1779676929
|switch|p1a: Corviknight|Corviknight, M|100/100
|-ability|p1a: Corviknight|Pressure
|move|p2a: Rillacif|Knock Off|p1a: Corviknight
|-damage|p1a: Corviknight|61/100
|-enditem|p1a: Corviknight|Heavy-Duty Boots|[from] move: Knock Off|[of] p2a: Rillacif
|
|-heal|p2a: Rillacif|74/100|[from] Grassy Terrain
|upkeep
|turn|3
|
|t:|1779676939
|switch|p2a: Zapcif|Zapdos|100/100
|move|p1a: Corviknight|Roost|p1a: Corviknight
|-heal|p1a: Corviknight|100/100
|-singleturn|p1a: Corviknight|move: Roost
|
|upkeep
|turn|4
|
|t:|1779676947
|switch|p1a: Slowking|Slowking, M|100/100
|move|p2a: Zapcif|Thunder Wave|p1a: Slowking
|-status|p1a: Slowking|par
|
|upkeep
|turn|5
|
|t:|1779676954
|move|p2a: Zapcif|Volt Switch|p1a: Slowking
|-supereffective|p1a: Slowking
|-damage|p1a: Slowking|67/100 par
|
|t:|1779676956
|switch|p2a: Cifora|Glimmora, M|100/100|[from] Volt Switch
|-prepare|p1a: Slowking|Chilly Reception|[premajor]
|move|p1a: Slowking|Chilly Reception|p1a: Slowking
|-weather|Snowscape
|
|t:|1779676964
|switch|p1a: Meowscarada|Meowscarada, F|100/100|[from] Chilly Reception
|
|-weather|Snowscape|[upkeep]
|-fieldend|move: Grassy Terrain
|upkeep
|turn|6
|
|t:|1779676974
|switch|p1a: Slowking|Slowking, M|99/100 par
|move|p2a: Cifora|Sludge Wave|p1a: Slowking
|-damage|p1a: Slowking|71/100 par
|
|-weather|Snowscape|[upkeep]
|upkeep
|turn|7
|
|t:|1779676982
|move|p2a: Cifora|Stealth Rock|p1a: Slowking
|-sidestart|p1: yzyang|move: Stealth Rock
|cant|p1a: Slowking|par
|
|-weather|Snowscape|[upkeep]
|upkeep
|turn|8
|
|t:|1779676988
|move|p2a: Cifora|Spikes|p1a: Slowking
|-sidestart|p1: yzyang|Spikes
|cant|p1a: Slowking|par
|
|-weather|Snowscape|[upkeep]
|upkeep
|turn|9
|
|t:|1779676994
|move|p2a: Cifora|Spikes|p1a: Slowking
|-sidestart|p1: yzyang|Spikes
|cant|p1a: Slowking|par
|
|-weather|none
|upkeep
|turn|10
|c|☆jogonzal101|sry
|c|☆yzyang|....
|
|t:|1779677005
|move|p2a: Cifora|Spikes|p1a: Slowking
|-sidestart|p1: yzyang|Spikes
|cant|p1a: Slowking|par
|
|upkeep
|turn|11
|
|t:|1779677014
|switch|p2a: Gholdencif|Gholdengo|100/100
|move|p1a: Slowking|Surf|p2a: Gholdencif
|-damage|p2a: Gholdencif|49/100
|
|upkeep
|turn|12
|
|t:|1779677020
|move|p2a: Gholdencif|Hex|p1a: Slowking
|-supereffective|p1a: Slowking
|-damage|p1a: Slowking|0 fnt
|faint|p1a: Slowking
|
|upkeep
|
|t:|1779677026
|switch|p1a: Meowscarada|Meowscarada, F|100/100
|-damage|p1a: Meowscarada|88/100|[from] Stealth Rock
|-damage|p1a: Meowscarada|63/100|[from] Spikes
|turn|13
|
|t:|1779677034
|switch|p2a: Cifora|Glimmora, M|100/100
|move|p1a: Meowscarada|Knock Off|p2a: Cifora
|-start|p1a: Meowscarada|typechange|Dark|[from] ability: Protean
|-crit|p2a: Cifora
|-damage|p2a: Cifora|18/100
|-activate|p2a: Cifora|ability: Toxic Debris
|-sidestart|p1: yzyang|move: Toxic Spikes
|-enditem|p2a: Cifora|Focus Sash|[from] move: Knock Off|[of] p1a: Meowscarada
|
|upkeep
|turn|14
|
|t:|1779677046
|move|p1a: Meowscarada|Knock Off|p2a: Cifora
|-damage|p2a: Cifora|0 fnt
|-activate|p2a: Cifora|ability: Toxic Debris
|-sidestart|p1: yzyang|move: Toxic Spikes
|faint|p2a: Cifora
|
|upkeep
|
|t:|1779677052
|switch|p2a: Rillacif|Rillaboom, M|74/100
|-fieldstart|move: Grassy Terrain|[from] ability: Grassy Surge|[of] p2a: Rillacif
|turn|15
|
|t:|1779677060
|switch|p1a: Corviknight|Corviknight, M|100/100
|-damage|p1a: Corviknight|88/100|[from] Stealth Rock
|-ability|p1a: Corviknight|Pressure
|move|p2a: Rillacif|Grassy Glide|p1a: Corviknight
|-resisted|p1a: Corviknight
|-damage|p1a: Corviknight|78/100
|
|-heal|p2a: Rillacif|80/100|[from] Grassy Terrain
|upkeep
|turn|16
|
|t:|1779677080
|switch|p2a: Gholdencif|Gholdengo|49/100
|move|p1a: Corviknight|Iron Head|p2a: Gholdencif
|-resisted|p2a: Gholdencif
|-damage|p2a: Gholdencif|35/100
|
|-heal|p2a: Gholdencif|41/100|[from] Grassy Terrain
|upkeep
|turn|17
|
|t:|1779677094
|move|p2a: Gholdencif|Hex|p1a: Corviknight
|-damage|p1a: Corviknight|52/100
|move|p1a: Corviknight|Iron Head|p2a: Gholdencif
|-resisted|p2a: Gholdencif
|-damage|p2a: Gholdencif|27/100
|
|-heal|p2a: Gholdencif|34/100|[from] Grassy Terrain
|upkeep
|turn|18
|
|t:|1779677103
|move|p2a: Gholdencif|Hex|p1a: Corviknight
|-damage|p1a: Corviknight|25/100
|move|p1a: Corviknight|Roost|p1a: Corviknight
|-heal|p1a: Corviknight|75/100
|-singleturn|p1a: Corviknight|move: Roost
|
|-heal|p2a: Gholdencif|40/100|[from] Grassy Terrain
|-heal|p1a: Corviknight|81/100|[from] Grassy Terrain
|upkeep
|turn|19
|
|t:|1779677113
|switch|p2a: Zapcif|Zapdos|100/100
|move|p1a: Corviknight|Iron Head|p2a: Zapcif
|-resisted|p2a: Zapcif
|-damage|p2a: Zapcif|91/100
|-status|p1a: Corviknight|par|[from] ability: Static|[of] p2a: Zapcif
|
|-fieldend|move: Grassy Terrain
|upkeep
|turn|20
|
|t:|1779677122
|move|p2a: Zapcif|Volt Switch|p1a: Corviknight
|-supereffective|p1a: Corviknight
|-damage|p1a: Corviknight|40/100 par
|
|t:|1779677126
|switch|p2a: Gholdencif|Gholdengo|40/100|[from] Volt Switch
|move|p1a: Corviknight|Defog|p2a: Gholdencif
|-immune|p2a: Gholdencif|[from] ability: Good as Gold
|
|upkeep
|turn|21
|
|t:|1779677133
|move|p2a: Gholdencif|Hex|p1a: Corviknight
|-damage|p1a: Corviknight|0 fnt
|faint|p1a: Corviknight
|
|upkeep
|-message|yzyang forfeited.
|
|win|jogonzal101
|raw|yzyang's rating: 1343 &rarr; <strong>1325</strong><br />(-18 for losing)
|raw|jogonzal101's rating: 1386 &rarr; <strong>1404</strong><br />(+18 for winning)
|l|☆yzyang
|player|p1|
|l|☆jogonzal101
|player|p2|
