|j|☆bunweh's ass
|j|☆dengo dollars
|t:|1779621150
|gametype|singles
|player|p1|bunweh's ass|102|1504
|player|p2|dengo dollars|sage|1556
|gen|9
|tier|[Gen 9] OU
|rated|
|rule|HP Percentage Mod: HP is shown in percentages
|rule|Endless Battle Clause: Forcing endless battles is banned
|rule|Species Clause: Limit one of each Pokémon
|rule|OHKO Clause: OHKO moves are banned
|rule|Evasion Items Clause: Evasion items are banned
|rule|Evasion Moves Clause: Evasion moves are banned
|rule|Evasion Abilities Clause: Evasion abilities are banned
|rule|Sleep Moves Clause: Sleep-inducing moves are banned
|clearpoke
|poke|p1|Meowscarada, F|
|poke|p1|Kingambit, M|
|poke|p1|Ogerpon-Wellspring, F|
|poke|p1|Pelipper, M|
|poke|p1|Barraskewda, M|
|poke|p1|Iron Valiant|
|poke|p2|Rillaboom, M|
|poke|p2|Serperior, M|
|poke|p2|Heatran, M|
|poke|p2|Raging Bolt|
|poke|p2|Primarina, M|
|poke|p2|Great Tusk|
|teampreview
|inactive|Battle timer is ON: inactive players will automatically lose when time's up. (requested by bunweh's ass)
|
|t:|1779621176
|teamsize|p1|6
|teamsize|p2|6
|start
|switch|p1a: Meowscarada|Meowscarada, F|100/100
|switch|p2a: Heatran|Heatran, M|100/100
|turn|1
|
|t:|1779621184
|switch|p1a: Pelipper|Pelipper, M|100/100
|-weather|RainDance|[from] ability: Drizzle|[of] p1a: Pelipper
|move|p2a: Heatran|Stealth Rock|p1a: Pelipper
|-sidestart|p1: bunweh's ass|move: Stealth Rock
|
|-weather|RainDance|[upkeep]
|upkeep
|turn|2
|
|t:|1779621192
|switch|p2a: Primarina|Primarina, M|100/100
|move|p1a: Pelipper|U-turn|p2a: Primarina
|-resisted|p2a: Primarina
|-damage|p2a: Primarina|96/100
|
|t:|1779621198
|switch|p1a: Ogerpon|Ogerpon-Wellspring, F|100/100|[from] U-turn
|-damage|p1a: Ogerpon|88/100|[from] Stealth Rock
|
|-weather|RainDance|[upkeep]
|-heal|p2a: Primarina|100/100|[from] item: Leftovers
|upkeep
|turn|3
|
|t:|1779621207
|switch|p2a: Rillaboom|Rillaboom, M|100/100
|-fieldstart|move: Grassy Terrain|[from] ability: Grassy Surge|[of] p2a: Rillaboom
|move|p1a: Ogerpon|Ivy Cudgel|p2a: Rillaboom|[anim] Ivy Cudgel Water
|-resisted|p2a: Rillaboom
|-crit|p2a: Rillaboom
|-damage|p2a: Rillaboom|34/100
|
|-weather|RainDance|[upkeep]
|-heal|p1a: Ogerpon|94/100|[from] Grassy Terrain
|-heal|p2a: Rillaboom|40/100|[from] Grassy Terrain
|upkeep
|turn|4
|inactive|dengo dollars has 120 seconds left.
|
|t:|1779621243
|switch|p2a: Heatran|Heatran, M|100/100
|move|p1a: Ogerpon|Ivy Cudgel|p2a: Heatran|[anim] Ivy Cudgel Water
|-supereffective|p2a: Heatran
|-damage|p2a: Heatran|0 fnt
|faint|p2a: Heatran
|
|-weather|RainDance|[upkeep]
|-heal|p1a: Ogerpon|99/100|[from] Grassy Terrain
|upkeep
|
|t:|1779621252
|switch|p2a: Raging Bolt|Raging Bolt|100/100
|-enditem|p2a: Raging Bolt|Grassy Seed
|-boost|p2a: Raging Bolt|def|1|[from] item: Grassy Seed
|turn|5
|j| jojothesavage666
|l| jojothesavage666
|
|t:|1779621258
|move|p1a: Ogerpon|Play Rough|p2a: Raging Bolt
|-supereffective|p2a: Raging Bolt
|-damage|p2a: Raging Bolt|50/100
|move|p2a: Raging Bolt|Calm Mind|p2a: Raging Bolt
|-boost|p2a: Raging Bolt|spa|1
|-boost|p2a: Raging Bolt|spd|1
|
|-weather|RainDance|[upkeep]
|-heal|p1a: Ogerpon|100/100|[from] Grassy Terrain
|-heal|p2a: Raging Bolt|56/100|[from] Grassy Terrain
|upkeep
|turn|6
|
|t:|1779621264
|move|p1a: Ogerpon|Play Rough|p2a: Raging Bolt
|-supereffective|p2a: Raging Bolt
|-damage|p2a: Raging Bolt|4/100
|move|p2a: Raging Bolt|Discharge|p1a: Ogerpon
|-damage|p1a: Ogerpon|16/100
|
|-weather|RainDance|[upkeep]
|-heal|p1a: Ogerpon|22/100|[from] Grassy Terrain
|-heal|p2a: Raging Bolt|11/100|[from] Grassy Terrain
|upkeep
|turn|7
|
|t:|1779621271
|switch|p1a: Meowscarada|Meowscarada, F|100/100
|-damage|p1a: Meowscarada|88/100|[from] Stealth Rock
|move|p2a: Raging Bolt|Thunderclap||[still]
|-fail|p2a: Raging Bolt
|
|-weather|RainDance|[upkeep]
|-heal|p1a: Meowscarada|94/100|[from] Grassy Terrain
|-heal|p2a: Raging Bolt|17/100|[from] Grassy Terrain
|upkeep
|turn|8
|
|t:|1779621280
|move|p1a: Meowscarada|U-turn|p2a: Raging Bolt
|-start|p1a: Meowscarada|typechange|Bug|[from] ability: Protean
|-damage|p2a: Raging Bolt|0 fnt
|faint|p2a: Raging Bolt
|-end|p2a: Raging Bolt|Protosynthesis|[silent]
|
|t:|1779621285
|switch|p1a: Ogerpon|Ogerpon-Wellspring, F|22/100|[from] U-turn
|-damage|p1a: Ogerpon|9/100|[from] Stealth Rock
|
|-weather|none
|-heal|p1a: Ogerpon|15/100|[from] Grassy Terrain
|upkeep
|
|t:|1779621306
|switch|p2a: Serperior|Serperior, M|100/100
|turn|9
|
|t:|1779621318
|move|p2a: Serperior|Leaf Storm|p1a: Ogerpon
|-damage|p1a: Ogerpon|0 fnt
|-boost|p2a: Serperior|spa|2
|faint|p1a: Ogerpon
|
|upkeep
|
|t:|1779621330
|switch|p1a: Pelipper|Pelipper, M|100/100
|-damage|p1a: Pelipper|76/100|[from] Stealth Rock
|-weather|RainDance|[from] ability: Drizzle|[of] p1a: Pelipper
|turn|10
|
|t:|1779621334
|move|p2a: Serperior|Leaf Storm|p1a: Pelipper
|-damage|p1a: Pelipper|0 fnt
|-boost|p2a: Serperior|spa|2
|faint|p1a: Pelipper
|
|-weather|RainDance|[upkeep]
|-fieldend|move: Grassy Terrain
|upkeep
|
|t:|1779621342
|switch|p1a: Kingambit|Kingambit, M|100/100
|-damage|p1a: Kingambit|94/100|[from] Stealth Rock
|-activate|p1a: Kingambit|ability: Supreme Overlord
|-start|p1a: Kingambit|fallen2|[silent]
|turn|11
|
|t:|1779621352
|switch|p2a: Rillaboom|Rillaboom, M|40/100
|-fieldstart|move: Grassy Terrain|[from] ability: Grassy Surge|[of] p2a: Rillaboom
|move|p1a: Kingambit|Kowtow Cleave|p2a: Rillaboom
|-damage|p2a: Rillaboom|0 fnt
|faint|p2a: Rillaboom
|
|-weather|RainDance|[upkeep]
|-heal|p1a: Kingambit|100/100|[from] Grassy Terrain
|upkeep
|
|t:|1779621355
|switch|p2a: Great Tusk|Great Tusk|100/100
|turn|12
|j| Concept Everything
|
|t:|1779621366
|-end|p1a: Kingambit|fallen2|[silent]
|switch|p1a: Barraskewda|Barraskewda, M|100/100
|-damage|p1a: Barraskewda|88/100|[from] Stealth Rock
|move|p2a: Great Tusk|Close Combat|p1a: Barraskewda
|-damage|p1a: Barraskewda|0 fnt
|-unboost|p2a: Great Tusk|def|1
|-unboost|p2a: Great Tusk|spd|1
|faint|p1a: Barraskewda
|
|-weather|RainDance|[upkeep]
|upkeep
|
|t:|1779621380
|switch|p1a: Meowscarada|Meowscarada, F|94/100
|-damage|p1a: Meowscarada|82/100|[from] Stealth Rock
|turn|13
|
|t:|1779621391
|-terastallize|p2a: Great Tusk|Poison
|move|p1a: Meowscarada|Triple Axel|p2a: Great Tusk
|-start|p1a: Meowscarada|typechange|Ice|[from] ability: Protean
|-damage|p2a: Great Tusk|85/100
|-damage|p2a: Great Tusk|56/100
|-damage|p2a: Great Tusk|14/100
|-hitcount|p2a: Great Tusk|3
|move|p2a: Great Tusk|Close Combat|p1a: Meowscarada
|-supereffective|p1a: Meowscarada
|-damage|p1a: Meowscarada|0 fnt
|-unboost|p2a: Great Tusk|def|1
|-unboost|p2a: Great Tusk|spd|1
|faint|p1a: Meowscarada
|
|-weather|RainDance|[upkeep]
|-heal|p2a: Great Tusk|20/100|[from] Grassy Terrain
|upkeep
|
|t:|1779621405
|switch|p1a: Iron Valiant|Iron Valiant|100/100
|-damage|p1a: Iron Valiant|94/100|[from] Stealth Rock
|-enditem|p1a: Iron Valiant|Booster Energy
|-activate|p1a: Iron Valiant|ability: Quark Drive|[fromitem]
|-start|p1a: Iron Valiant|quarkdrivespe
|turn|14
|
|t:|1779621420
|move|p1a: Iron Valiant|Shadow Ball|p2a: Great Tusk
|-damage|p2a: Great Tusk|0 fnt
|faint|p2a: Great Tusk
|-end|p2a: Great Tusk|Protosynthesis|[silent]
|
|-weather|RainDance|[upkeep]
|-heal|p1a: Iron Valiant|100/100|[from] Grassy Terrain
|upkeep
|
|t:|1779621422
|switch|p2a: Primarina|Primarina, M|100/100
|turn|15
|
|t:|1779621434
|move|p1a: Iron Valiant|Moonblast|p2a: Primarina
|-damage|p2a: Primarina|58/100
|move|p2a: Primarina|Moonblast|p1a: Iron Valiant
|-supereffective|p1a: Iron Valiant
|-damage|p1a: Iron Valiant|0 fnt
|faint|p1a: Iron Valiant
|-end|p1a: Iron Valiant|Quark Drive|[silent]
|
|-weather|RainDance|[upkeep]
|-heal|p2a: Primarina|64/100|[from] Grassy Terrain
|-heal|p2a: Primarina|70/100|[from] item: Leftovers
|upkeep
|
|t:|1779621439
|switch|p1a: Kingambit|Kingambit, M|100/100
|-damage|p1a: Kingambit|94/100|[from] Stealth Rock
|-activate|p1a: Kingambit|ability: Supreme Overlord
|-start|p1a: Kingambit|fallen5|[silent]
|turn|16
|
|t:|1779621445
|move|p2a: Primarina|Psychic Noise|p1a: Kingambit
|-damage|p1a: Kingambit|42/100
|-start|p1a: Kingambit|move: Heal Block
|move|p1a: Kingambit|Iron Head|p2a: Primarina
|-damage|p2a: Primarina|0 fnt
|faint|p2a: Primarina
|
|-weather|RainDance|[upkeep]
|upkeep
|
|t:|1779621448
|switch|p2a: Serperior|Serperior, M|100/100
|turn|17
|
|t:|1779621464
|move|p2a: Serperior|Leaf Storm|p1a: Kingambit
|-resisted|p1a: Kingambit
|-damage|p1a: Kingambit|6/100
|-boost|p2a: Serperior|spa|2
|move|p1a: Kingambit|Kowtow Cleave|p2a: Serperior
|-damage|p2a: Serperior|0 fnt
|faint|p2a: Serperior
|
|win|bunweh's ass
|raw|bunweh&apos;s ass's rating: 1504 &rarr; <strong>1527</strong><br />(+23 for winning)
|raw|dengo dollars's rating: 1556 &rarr; <strong>1533</strong><br />(-23 for losing)
|l|☆bunweh's ass
|player|p1|
|l|☆dengo dollars
|player|p2|
