|j|☆userkid
|j|☆Ak444me
|t:|1779626439
|gametype|singles
|player|p1|userkid|cynthia-gen4|1215
|player|p2|Ak444me|elesa|1155
|gen|9
|tier|[Gen 9] OU
|rated|
|rule|HP Percentage Mod: HP is shown in percentages
|rule|Endless Battle Clause: Forcing endless battles is banned
|rule|Species Clause: Limit one of each Pokémon
|rule|OHKO Clause: OHKO moves are banned
|rule|Evasion Items Clause: Evasion items are banned
|rule|Evasion Moves Clause: Evasion moves are banned
|rule|Evasion Abilities Clause: Evasion abilities are banned
|rule|Sleep Moves Clause: Sleep-inducing moves are banned
|clearpoke
|poke|p1|Grimmsnarl, M|
|poke|p1|Feraligatr, M|
|poke|p1|Polteageist-Antique|
|poke|p1|Cinderace, M|
|poke|p1|Dragonite, M|
|poke|p1|Garchomp, F|
|poke|p2|Walking Wake|
|poke|p2|Raging Bolt|
|poke|p2|Ninetales, F|
|poke|p2|Comfey, F|
|poke|p2|Lilligant-Hisui, F|
|poke|p2|Victreebel, F|
|teampreview
|inactive|Battle timer is ON: inactive players will automatically lose when time's up. (requested by Ak444me)
|
|t:|1779626443
|teamsize|p1|6
|teamsize|p2|6
|start
|switch|p1a: Grimmsnarl|Grimmsnarl, M|100/100
|switch|p2a: Ninetales|Ninetales, F|100/100
|-weather|SunnyDay|[from] ability: Drought|[of] p2a: Ninetales
|turn|1
|
|t:|1779626448
|move|p1a: Grimmsnarl|Light Screen|p1a: Grimmsnarl
|-sidestart|p1: userkid|move: Light Screen
|move|p2a: Ninetales|Encore|p1a: Grimmsnarl
|-start|p1a: Grimmsnarl|Encore
|
|-weather|SunnyDay|[upkeep]
|upkeep
|turn|2
|
|t:|1779626467
|switch|p2a: Comfey|Comfey, F|100/100
|switch|p1a: Feraligatr|Feraligatr, M|100/100
|
|-weather|SunnyDay|[upkeep]
|upkeep
|turn|3
|
|t:|1779626471
|move|p2a: Comfey|Growth|p2a: Comfey
|-boost|p2a: Comfey|atk|2
|-boost|p2a: Comfey|spa|2
|move|p1a: Feraligatr|Dragon Dance|p1a: Feraligatr
|-boost|p1a: Feraligatr|atk|1
|-boost|p1a: Feraligatr|spe|1
|
|-weather|SunnyDay|[upkeep]
|upkeep
|turn|4
|
|t:|1779626486
|-terastallize|p1a: Feraligatr|Water
|move|p2a: Comfey|Giga Drain|p1a: Feraligatr
|-supereffective|p1a: Feraligatr
|-damage|p1a: Feraligatr|49/100
|move|p1a: Feraligatr|Waterfall|p2a: Comfey
|-damage|p2a: Comfey|13/100
|-enditem|p2a: Comfey|Salac Berry|[eat]
|-boost|p2a: Comfey|spe|1|[from] item: Salac Berry
|
|-weather|SunnyDay|[upkeep]
|upkeep
|turn|5
|
|t:|1779626509
|move|p2a: Comfey|Stored Power|p1a: Feraligatr
|-damage|p1a: Feraligatr|8/100
|move|p1a: Feraligatr|Waterfall|p2a: Comfey
|-damage|p2a: Comfey|0 fnt
|faint|p2a: Comfey
|
|-weather|SunnyDay|[upkeep]
|upkeep
|
|t:|1779626525
|switch|p2a: Victreebel|Victreebel, F|100/100
|turn|6
|
|t:|1779626532
|move|p2a: Victreebel|Growth|p2a: Victreebel
|-boost|p2a: Victreebel|atk|2
|-boost|p2a: Victreebel|spa|2
|move|p1a: Feraligatr|Outrage|p2a: Victreebel
|-damage|p2a: Victreebel|0 fnt
|faint|p2a: Victreebel
|-damage|p1a: Feraligatr|0 fnt|[from] item: Life Orb
|faint|p1a: Feraligatr
|
|-weather|SunnyDay|[upkeep]
|upkeep
|
|t:|1779626549
|switch|p1a: Grimmsnarl|Grimmsnarl, M|100/100
|switch|p2a: Walking Wake|Walking Wake|100/100
|-activate|p2a: Walking Wake|ability: Protosynthesis
|-start|p2a: Walking Wake|protosynthesisspe
|turn|7
|
|t:|1779626555
|move|p1a: Grimmsnarl|Thunder Wave|p2a: Walking Wake
|-status|p2a: Walking Wake|par
|move|p2a: Walking Wake|Hydro Steam|p1a: Grimmsnarl
|-damage|p1a: Grimmsnarl|56/100
|
|-weather|SunnyDay|[upkeep]
|upkeep
|turn|8
|
|t:|1779626563
|move|p1a: Grimmsnarl|Reflect|p1a: Grimmsnarl
|-sidestart|p1: userkid|Reflect
|move|p2a: Walking Wake|Hydro Steam|p1a: Grimmsnarl
|-damage|p1a: Grimmsnarl|17/100
|
|-weather|none
|-end|p2a: Walking Wake|Protosynthesis
|-sideend|p1: userkid|move: Light Screen
|upkeep
|turn|9
|
|t:|1779626568
|move|p1a: Grimmsnarl|Light Screen|p1a: Grimmsnarl
|-sidestart|p1: userkid|move: Light Screen
|move|p2a: Walking Wake|Hydro Steam|p1a: Grimmsnarl
|-damage|p1a: Grimmsnarl|0 fnt
|faint|p1a: Grimmsnarl
|
|upkeep
|
|t:|1779626589
|switch|p1a: Garchomp|Garchomp, F|100/100
|turn|10
|
|t:|1779626594
|-end|p2a: Walking Wake|Protosynthesis|[silent]
|switch|p2a: Ninetales|Ninetales, F|100/100
|-weather|SunnyDay|[from] ability: Drought|[of] p2a: Ninetales
|move|p1a: Garchomp|Swords Dance|p1a: Garchomp
|-boost|p1a: Garchomp|atk|2
|
|-weather|SunnyDay|[upkeep]
|upkeep
|turn|11
|
|t:|1779626612
|-terastallize|p2a: Ninetales|Flying
|move|p1a: Garchomp|Earthquake|p2a: Ninetales
|-immune|p2a: Ninetales
|move|p2a: Ninetales|Will-O-Wisp|p1a: Garchomp
|-status|p1a: Garchomp|brn
|
|-weather|SunnyDay|[upkeep]
|-damage|p1a: Garchomp|94/100 brn|[from] brn
|upkeep
|turn|12
|
|t:|1779626626
|switch|p2a: Lilligant|Lilligant-Hisui, F|100/100
|move|p1a: Garchomp|Swords Dance|p1a: Garchomp
|-boost|p1a: Garchomp|atk|2
|
|-weather|SunnyDay|[upkeep]
|-damage|p1a: Garchomp|88/100 brn|[from] brn
|upkeep
|turn|13
|
|t:|1779626638
|move|p2a: Lilligant|Triple Axel|p1a: Garchomp
|-supereffective|p1a: Garchomp
|-enditem|p1a: Garchomp|Yache Berry|[eat]
|-enditem|p1a: Garchomp|Yache Berry|[weaken]
|-damage|p1a: Garchomp|80/100 brn
|-damage|p2a: Lilligant|88/100|[from] ability: Rough Skin|[of] p1a: Garchomp
|-supereffective|p1a: Garchomp
|-damage|p1a: Garchomp|47/100 brn
|-damage|p2a: Lilligant|76/100|[from] ability: Rough Skin|[of] p1a: Garchomp
|-supereffective|p1a: Garchomp
|-damage|p1a: Garchomp|0 fnt
|-damage|p2a: Lilligant|63/100|[from] ability: Rough Skin|[of] p1a: Garchomp
|faint|p1a: Garchomp
|-hitcount|p1: Garchomp|3
|-damage|p2a: Lilligant|54/100|[from] item: Life Orb
|
|-weather|SunnyDay|[upkeep]
|upkeep
|inactive|userkid has 120 seconds left.
|
|t:|1779626659
|switch|p1a: Cinderace|Cinderace, M|100/100
|turn|14
|
|t:|1779626667
|move|p2a: Lilligant|Close Combat|p1a: Cinderace
|-damage|p1a: Cinderace|42/100
|-unboost|p2a: Lilligant|def|1
|-unboost|p2a: Lilligant|spd|1
|-damage|p2a: Lilligant|44/100|[from] item: Life Orb
|move|p1a: Cinderace|U-turn|p2a: Lilligant
|-start|p1a: Cinderace|typechange|Bug|[from] ability: Libero
|-damage|p2a: Lilligant|0 fnt
|faint|p2a: Lilligant
|
|t:|1779626674
|switch|p1a: Dragonite|Dragonite, M|100/100|[from] U-turn
|
|-weather|SunnyDay|[upkeep]
|upkeep
|
|t:|1779626679
|switch|p2a: Ninetales|Ninetales, F, tera:Flying|100/100
|turn|15
|
|t:|1779626687
|move|p2a: Ninetales|Will-O-Wisp|p1a: Dragonite
|-status|p1a: Dragonite|brn
|move|p1a: Dragonite|Dragon Dance|p1a: Dragonite
|-boost|p1a: Dragonite|atk|1
|-boost|p1a: Dragonite|spe|1
|
|-weather|SunnyDay|[upkeep]
|-damage|p1a: Dragonite|94/100 brn|[from] brn
|-sideend|p1: userkid|Reflect
|upkeep
|turn|16
|
|t:|1779626695
|move|p2a: Ninetales|Encore|p1a: Dragonite
|-start|p1a: Dragonite|Encore
|move|p1a: Dragonite|Dragon Dance|p1a: Dragonite
|-boost|p1a: Dragonite|atk|1
|-boost|p1a: Dragonite|spe|1
|
|-weather|SunnyDay|[upkeep]
|-heal|p1a: Dragonite|100/100 brn|[from] item: Leftovers
|-damage|p1a: Dragonite|94/100 brn|[from] brn
|-sideend|p1: userkid|move: Light Screen
|upkeep
|turn|17
|
|t:|1779626700
|switch|p2a: Walking Wake|Walking Wake|100/100 par
|-activate|p2a: Walking Wake|ability: Protosynthesis
|-start|p2a: Walking Wake|protosynthesisspe
|move|p1a: Dragonite|Dragon Dance|p1a: Dragonite
|-boost|p1a: Dragonite|atk|1
|-boost|p1a: Dragonite|spe|1
|
|-weather|none
|-end|p2a: Walking Wake|Protosynthesis
|-heal|p1a: Dragonite|100/100 brn|[from] item: Leftovers
|-damage|p1a: Dragonite|94/100 brn|[from] brn
|upkeep
|turn|18
|
|t:|1779626703
|move|p1a: Dragonite|Dragon Dance|p1a: Dragonite
|-boost|p1a: Dragonite|atk|1
|-boost|p1a: Dragonite|spe|1
|move|p2a: Walking Wake|Draco Meteor|p1a: Dragonite
|-supereffective|p1a: Dragonite
|-damage|p1a: Dragonite|0 fnt
|-unboost|p2a: Walking Wake|spa|2
|faint|p1a: Dragonite
|
|upkeep
|
|t:|1779626709
|switch|p1a: Polteageist|Polteageist-Antique|100/100
|turn|19
|
|t:|1779626712
|-end|p2a: Walking Wake|Protosynthesis|[silent]
|switch|p2a: Ninetales|Ninetales, F, tera:Flying|100/100
|-weather|SunnyDay|[from] ability: Drought|[of] p2a: Ninetales
|move|p1a: Polteageist|Shell Smash|p1a: Polteageist
|-unboost|p1a: Polteageist|def|1
|-unboost|p1a: Polteageist|spd|1
|-boost|p1a: Polteageist|atk|2
|-boost|p1a: Polteageist|spa|2
|-boost|p1a: Polteageist|spe|2
|
|-weather|SunnyDay|[upkeep]
|upkeep
|turn|20
|
|t:|1779626721
|move|p1a: Polteageist|Shadow Ball|p2a: Ninetales
|-damage|p2a: Ninetales|24/100
|move|p2a: Ninetales|Encore|p1a: Polteageist
|-start|p1a: Polteageist|Encore
|
|-weather|SunnyDay|[upkeep]
|upkeep
|turn|21
|
|t:|1779626726
|move|p1a: Polteageist|Shadow Ball|p2a: Ninetales
|-crit|p2a: Ninetales
|-damage|p2a: Ninetales|0 fnt
|faint|p2a: Ninetales
|
|-weather|SunnyDay|[upkeep]
|upkeep
|
|t:|1779626730
|switch|p2a: Walking Wake|Walking Wake|100/100 par
|-activate|p2a: Walking Wake|ability: Protosynthesis
|-start|p2a: Walking Wake|protosynthesisspe
|turn|22
|
|t:|1779626741
|move|p1a: Polteageist|Shadow Ball|p2a: Walking Wake
|-damage|p2a: Walking Wake|9/100 par
|move|p2a: Walking Wake|Hydro Steam|p1a: Polteageist
|-enditem|p1a: Polteageist|Focus Sash
|-damage|p1a: Polteageist|1/100
|
|-weather|SunnyDay|[upkeep]
|upkeep
|turn|23
|
|t:|1779626747
|move|p1a: Polteageist|Shadow Ball|p2a: Walking Wake
|-damage|p2a: Walking Wake|0 fnt
|faint|p2a: Walking Wake
|-end|p2a: Walking Wake|Protosynthesis|[silent]
|
|-weather|SunnyDay|[upkeep]
|-end|p1a: Polteageist|Encore
|upkeep
|
|t:|1779626749
|switch|p2a: Raging Bolt|Raging Bolt|100/100
|-activate|p2a: Raging Bolt|ability: Protosynthesis
|-start|p2a: Raging Bolt|protosynthesisspa
|turn|24
|
|t:|1779626751
|move|p1a: Polteageist|Shadow Ball|p2a: Raging Bolt
|-damage|p2a: Raging Bolt|28/100
|move|p2a: Raging Bolt|Thunderbolt|p1a: Polteageist
|-damage|p1a: Polteageist|0 fnt
|faint|p1a: Polteageist
|-damage|p2a: Raging Bolt|18/100|[from] item: Life Orb
|
|-weather|SunnyDay|[upkeep]
|upkeep
|
|t:|1779626756
|switch|p1a: Cinderace|Cinderace, M|42/100
|turn|25
|
|t:|1779626758
|move|p1a: Cinderace|Sucker Punch|p2a: Raging Bolt
|-start|p1a: Cinderace|typechange|Dark|[from] ability: Libero
|-damage|p2a: Raging Bolt|0 fnt
|faint|p2a: Raging Bolt
|-end|p2a: Raging Bolt|Protosynthesis|[silent]
|
|win|userkid
|raw|userkid's rating: 1189 &rarr; <strong>1212</strong><br />(+23 for winning)
|raw|Ak444me's rating: 1155 &rarr; <strong>1132</strong><br />(-23 for losing)
|l|☆Ak444me
|player|p2|
|l|☆userkid
|player|p1|
|j|☆userkid
|player|p1|userkid|cynthia-gen4|
