|j|☆I am a guineapig
|j|☆catcat77
|t:|1779705703
|gametype|singles
|player|p1|I am a guineapig|fisherman-gen4|1490
|player|p2|catcat77|caitlin-masters|1538
|gen|9
|tier|[Gen 9] OU
|rated|
|rule|HP Percentage Mod: HP is shown in percentages
|rule|Endless Battle Clause: Forcing endless battles is banned
|rule|Species Clause: Limit one of each Pokémon
|rule|OHKO Clause: OHKO moves are banned
|rule|Evasion Items Clause: Evasion items are banned
|rule|Evasion Moves Clause: Evasion moves are banned
|rule|Evasion Abilities Clause: Evasion abilities are banned
|rule|Sleep Moves Clause: Sleep-inducing moves are banned
|clearpoke
|poke|p1|Carbink|
|poke|p1|Hatterene, F|
|poke|p1|Dusclops, F|
|poke|p1|Iron Hands|
|poke|p1|Araquanid, M|
|poke|p1|Kingambit, F|
|poke|p2|Ogerpon-Wellspring, F|
|poke|p2|Kingambit, M|
|poke|p2|Great Tusk|
|poke|p2|Raging Bolt|
|poke|p2|Iron Crown|
|poke|p2|Zamazenta-*|
|teampreview
|inactive|Battle timer is ON: inactive players will automatically lose when time's up. (requested by I am a guineapig)
|
|t:|1779705717
|teamsize|p1|6
|teamsize|p2|6
|start
|switch|p1a: Hatterene|Hatterene, F|100/100
|switch|p2a: Iron Crown|Iron Crown|100/100
|turn|1
|
|t:|1779705726
|move|p2a: Iron Crown|Tachyon Cutter|p1a: Hatterene
|-supereffective|p1a: Hatterene
|-damage|p1a: Hatterene|14/100
|-supereffective|p1a: Hatterene
|-damage|p1a: Hatterene|0 fnt
|faint|p1a: Hatterene
|-hitcount|p1: Hatterene|2
|
|upkeep
|
|t:|1779705739
|switch|p1a: Kingambit|Kingambit, F|100/100
|-activate|p1a: Kingambit|ability: Supreme Overlord
|-start|p1a: Kingambit|fallen1|[silent]
|turn|2
|
|t:|1779705744
|-end|p2a: Iron Crown|Quark Drive|[silent]
|switch|p2a: Zamazenta|Zamazenta|100/100
|-ability|p2a: Zamazenta|Dauntless Shield|boost
|-boost|p2a: Zamazenta|def|1
|-terastallize|p1a: Kingambit|Dark
|move|p1a: Kingambit|Kowtow Cleave|p2a: Zamazenta
|-resisted|p2a: Zamazenta
|-damage|p2a: Zamazenta|80/100
|-damage|p1a: Kingambit|84/100|[from] item: Rocky Helmet|[of] p2a: Zamazenta
|-damage|p1a: Kingambit|74/100|[from] item: Life Orb
|
|upkeep
|turn|3
|
|t:|1779705752
|-end|p1a: Kingambit|fallen1|[silent]
|switch|p1a: Dusclops|Dusclops, F|100/100
|-item|p2a: Zamazenta|Rocky Helmet|[from] ability: Frisk|[of] p1a: Dusclops
|move|p2a: Zamazenta|Body Press|p1a: Dusclops
|-immune|p1a: Dusclops
|
|upkeep
|turn|4
|
|t:|1779705756
|move|p2a: Zamazenta|Crunch|p1a: Dusclops
|-supereffective|p1a: Dusclops
|-damage|p1a: Dusclops|77/100
|move|p1a: Dusclops|Trick Room|p1a: Dusclops
|-fieldstart|move: Trick Room|[of] p1a: Dusclops
|
|upkeep
|turn|5
|
|t:|1779705763
|move|p1a: Dusclops|Night Shade|p2a: Zamazenta
|-damage|p2a: Zamazenta|54/100
|move|p2a: Zamazenta|Crunch|p1a: Dusclops
|-supereffective|p1a: Dusclops
|-damage|p1a: Dusclops|53/100
|
|upkeep
|turn|6
|
|t:|1779705767
|move|p1a: Dusclops|Night Shade|p2a: Zamazenta
|-damage|p2a: Zamazenta|29/100
|move|p2a: Zamazenta|Crunch|p1a: Dusclops
|-supereffective|p1a: Dusclops
|-damage|p1a: Dusclops|31/100
|
|upkeep
|turn|7
|
|t:|1779705769
|move|p1a: Dusclops|Night Shade|p2a: Zamazenta
|-damage|p2a: Zamazenta|3/100
|move|p2a: Zamazenta|Crunch|p1a: Dusclops
|-supereffective|p1a: Dusclops
|-damage|p1a: Dusclops|7/100
|
|upkeep
|turn|8
|
|t:|1779705775
|move|p1a: Dusclops|Night Shade|p2a: Zamazenta
|-damage|p2a: Zamazenta|0 fnt
|faint|p2a: Zamazenta
|
|-fieldend|move: Trick Room
|upkeep
|
|t:|1779705778
|switch|p2a: Ogerpon|Ogerpon-Wellspring, F|100/100
|turn|9
|
|t:|1779705780
|move|p2a: Ogerpon|Ivy Cudgel|p1a: Dusclops|[anim] Ivy Cudgel Water
|-damage|p1a: Dusclops|0 fnt
|faint|p1a: Dusclops
|
|upkeep
|
|t:|1779705785
|switch|p1a: Araquanid|Araquanid, M|100/100
|turn|10
|
|t:|1779705787
|move|p2a: Ogerpon|U-turn|p1a: Araquanid
|-damage|p1a: Araquanid|70/100
|
|t:|1779705789
|switch|p2a: Raging Bolt|Raging Bolt|100/100|[from] U-turn
|move|p1a: Araquanid|Leech Life|p2a: Raging Bolt
|-damage|p2a: Raging Bolt|66/100
|-heal|p1a: Araquanid|93/100|[from] drain|[of] p2a: Raging Bolt
|-damage|p1a: Araquanid|83/100|[from] item: Life Orb
|
|-heal|p2a: Raging Bolt|72/100|[from] item: Leftovers
|upkeep
|turn|11
|
|t:|1779705802
|move|p2a: Raging Bolt|Thunderbolt|p1a: Araquanid
|-supereffective|p1a: Araquanid
|-damage|p1a: Araquanid|0 fnt
|faint|p1a: Araquanid
|
|-heal|p2a: Raging Bolt|78/100|[from] item: Leftovers
|upkeep
|
|t:|1779705806
|switch|p1a: Carbink|Carbink|100/100
|turn|12
|
|t:|1779705809
|move|p2a: Raging Bolt|Calm Mind|p2a: Raging Bolt
|-boost|p2a: Raging Bolt|spa|1
|-boost|p2a: Raging Bolt|spd|1
|move|p1a: Carbink|Trick Room|p1a: Carbink
|-fieldstart|move: Trick Room|[of] p1a: Carbink
|
|-heal|p2a: Raging Bolt|85/100|[from] item: Leftovers
|upkeep
|turn|13
|
|t:|1779705811
|move|p1a: Carbink|Misty Explosion|p2a: Raging Bolt
|-supereffective|p2a: Raging Bolt
|-damage|p2a: Raging Bolt|63/100
|faint|p1a: Carbink
|move|p2a: Raging Bolt|Thunderbolt|p1: Carbink|[notarget]
|-fail|p2a: Raging Bolt
|
|-heal|p2a: Raging Bolt|70/100|[from] item: Leftovers
|upkeep
|
|t:|1779705813
|switch|p1a: Iron Hands|Iron Hands|100/100
|-enditem|p1a: Iron Hands|Booster Energy
|-activate|p1a: Iron Hands|ability: Quark Drive|[fromitem]
|-start|p1a: Iron Hands|quarkdriveatk
|turn|14
|
|t:|1779705815
|move|p1a: Iron Hands|Ice Punch|p2a: Raging Bolt
|-supereffective|p2a: Raging Bolt
|-damage|p2a: Raging Bolt|9/100
|-status|p2a: Raging Bolt|frz
|cant|p2a: Raging Bolt|frz
|
|-heal|p2a: Raging Bolt|15/100 frz|[from] item: Leftovers
|upkeep
|turn|15
|
|t:|1779705819
|move|p1a: Iron Hands|Ice Punch|p2a: Raging Bolt
|-supereffective|p2a: Raging Bolt
|-damage|p2a: Raging Bolt|0 fnt
|faint|p2a: Raging Bolt
|-end|p2a: Raging Bolt|Protosynthesis|[silent]
|
|upkeep
|
|t:|1779705826
|switch|p2a: Iron Crown|Iron Crown|100/100
|turn|16
|
|t:|1779705839
|move|p1a: Iron Hands|Close Combat|p2a: Iron Crown
|-damage|p2a: Iron Crown|0 fnt
|-unboost|p1a: Iron Hands|def|1
|-unboost|p1a: Iron Hands|spd|1
|faint|p2a: Iron Crown
|-end|p2a: Iron Crown|Quark Drive|[silent]
|
|-fieldend|move: Trick Room
|upkeep
|
|t:|1779705844
|switch|p2a: Great Tusk|Great Tusk|100/100
|turn|17
|
|t:|1779705852
|move|p2a: Great Tusk|Headlong Rush|p1a: Iron Hands
|-supereffective|p1a: Iron Hands
|-damage|p1a: Iron Hands|0 fnt
|-unboost|p2a: Great Tusk|def|1
|-unboost|p2a: Great Tusk|spd|1
|faint|p1a: Iron Hands
|-end|p1a: Iron Hands|Quark Drive|[silent]
|
|upkeep
|
|t:|1779705855
|switch|p1a: Kingambit|Kingambit, F, tera:Dark|74/100
|-activate|p1a: Kingambit|ability: Supreme Overlord
|-start|p1a: Kingambit|fallen5|[silent]
|turn|18
|
|t:|1779705857
|move|p2a: Great Tusk|Close Combat|p1a: Kingambit
|-supereffective|p1a: Kingambit
|-damage|p1a: Kingambit|0 fnt
|-unboost|p2a: Great Tusk|def|1
|-unboost|p2a: Great Tusk|spd|1
|faint|p1a: Kingambit
|-end|p1a: Kingambit|fallen5|[silent]
|
|win|catcat77
|raw|I am a guineapig's rating: 1490 &rarr; <strong>1473</strong><br />(-17 for losing)
|raw|catcat77's rating: 1538 &rarr; <strong>1555</strong><br />(+17 for winning)
|l|☆I am a guineapig
|player|p1|
|l|☆catcat77
|player|p2|
