|j|☆jewking
|j|☆KC177
|t:|1779642533
|gametype|singles
|player|p1|jewking|266|1363
|player|p2|KC177|unknown|1372
|gen|9
|tier|[Gen 9] OU
|rated|
|rule|HP Percentage Mod: HP is shown in percentages
|rule|Endless Battle Clause: Forcing endless battles is banned
|rule|Species Clause: Limit one of each Pokémon
|rule|OHKO Clause: OHKO moves are banned
|rule|Evasion Items Clause: Evasion items are banned
|rule|Evasion Moves Clause: Evasion moves are banned
|rule|Evasion Abilities Clause: Evasion abilities are banned
|rule|Sleep Moves Clause: Sleep-inducing moves are banned
|clearpoke
|poke|p1|Ribombee, M|
|poke|p1|Blaziken, M|
|poke|p1|Samurott-Hisui, F|
|poke|p1|Azelf|
|poke|p1|Kingdra, F|
|poke|p1|Cinderace, M|
|poke|p2|Cramorant, M|
|poke|p2|Gallade, M|
|poke|p2|Kingambit, F|
|poke|p2|Iron Moth|
|poke|p2|Enamorus, F|
|poke|p2|Ogerpon-Cornerstone, F|
|teampreview
|
|t:|1779642540
|teamsize|p1|6
|teamsize|p2|6
|start
|switch|p1a: Ribombee|Ribombee, M|100/100
|switch|p2a: Cramorant|Cramorant, M, shiny|100/100
|turn|1
|
|t:|1779642544
|move|p1a: Ribombee|Sticky Web|p2a: Cramorant
|-sidestart|p2: KC177|move: Sticky Web
|move|p2a: Cramorant|Tailwind|p2a: Cramorant
|-sidestart|p2: KC177|move: Tailwind
|
|upkeep
|turn|2
|
|t:|1779642553
|move|p2a: Cramorant|Surf|p1a: Ribombee
|-formechange|p2a: Cramorant|Cramorant-Gulping|
|-damage|p1a: Ribombee|36/100
|move|p1a: Ribombee|Moonblast|p2a: Cramorant
|-damage|p2a: Cramorant|49/100
|-damage|p1a: Ribombee|11/100|[from] ability: Gulp Missile|[of] p2a: Cramorant
|-unboost|p1a: Ribombee|def|1
|-formechange|p2a: Cramorant|Cramorant|
|
|upkeep
|turn|3
|
|t:|1779642563
|move|p2a: Cramorant|Defog|p1a: Ribombee
|-unboost|p1a: Ribombee|evasion|1
|-sideend|p2: KC177|Sticky Web|[from] move: Defog|[of] p2a: Cramorant
|move|p1a: Ribombee|Moonblast|p2a: Cramorant
|-damage|p2a: Cramorant|0 fnt
|faint|p2a: Cramorant
|
|upkeep
|
|t:|1779642574
|switch|p2a: Gallade|Gallade, M|100/100
|turn|4
|
|t:|1779642581
|switch|p1a: Azelf|Azelf|100/100
|move|p2a: Gallade|Sacred Sword|p1a: Azelf
|-resisted|p1a: Azelf
|-damage|p1a: Azelf|51/100
|
|-sideend|p2: KC177|move: Tailwind
|upkeep
|turn|5
|
|t:|1779642599
|move|p1a: Azelf|Explosion|p2a: Gallade
|-enditem|p2a: Gallade|Focus Sash
|-damage|p2a: Gallade|1/100
|faint|p1a: Azelf
|move|p2a: Gallade|Swords Dance|p2a: Gallade
|-boost|p2a: Gallade|atk|2
|
|upkeep
|
|t:|1779642608
|switch|p1a: Samurott|Samurott-Hisui, F|100/100
|turn|6
|
|t:|1779642624
|move|p1a: Samurott|Sucker Punch|p2a: Gallade
|-damage|p2a: Gallade|0 fnt
|faint|p2a: Gallade
|
|upkeep
|
|t:|1779642639
|switch|p2a: Enamorus|Enamorus, F|100/100
|turn|7
|
|t:|1779642647
|move|p2a: Enamorus|Moonblast|p1a: Samurott
|-supereffective|p1a: Samurott
|-enditem|p1a: Samurott|Focus Sash
|-damage|p1a: Samurott|1/100
|move|p1a: Samurott|Aqua Cutter|p2a: Enamorus
|-damage|p2a: Enamorus|21/100
|
|upkeep
|turn|8
|
|t:|1779642656
|move|p1a: Samurott|Sucker Punch|p2a: Enamorus
|-resisted|p2a: Enamorus
|-damage|p2a: Enamorus|0 fnt
|faint|p2a: Enamorus
|
|upkeep
|
|t:|1779642662
|switch|p2a: Iron Moth|Iron Moth|100/100
|-enditem|p2a: Iron Moth|Booster Energy
|-activate|p2a: Iron Moth|ability: Quark Drive|[fromitem]
|-start|p2a: Iron Moth|quarkdrivespe
|turn|9
|
|t:|1779642669
|move|p1a: Samurott|Sucker Punch|p2a: Iron Moth
|-damage|p2a: Iron Moth|52/100
|move|p2a: Iron Moth|Fiery Dance|p1a: Samurott
|-resisted|p1a: Samurott
|-damage|p1a: Samurott|0 fnt
|faint|p1a: Samurott
|
|upkeep
|
|t:|1779642692
|switch|p1a: Kingdra|Kingdra, F|100/100
|turn|10
|
|t:|1779642699
|move|p2a: Iron Moth|Dazzling Gleam|p1a: Kingdra
|-supereffective|p1a: Kingdra
|-damage|p1a: Kingdra|28/100
|move|p1a: Kingdra|Agility|p1a: Kingdra
|-boost|p1a: Kingdra|spe|2
|
|upkeep
|turn|11
|
|t:|1779642714
|-terastallize|p1a: Kingdra|Water
|move|p1a: Kingdra|Draco Meteor|p2a: Iron Moth
|-damage|p2a: Iron Moth|0 fnt
|-unboost|p1a: Kingdra|spa|2
|faint|p2a: Iron Moth
|-end|p2a: Iron Moth|Quark Drive|[silent]
|
|upkeep
|
|t:|1779642720
|switch|p2a: Kingambit|Kingambit, F|100/100
|-activate|p2a: Kingambit|ability: Supreme Overlord
|-start|p2a: Kingambit|fallen4|[silent]
|turn|12
|
|t:|1779642725
|move|p1a: Kingdra|Focus Energy|p1a: Kingdra
|-start|p1a: Kingdra|move: Focus Energy
|move|p2a: Kingambit|Iron Head|p1a: Kingdra
|-resisted|p1a: Kingdra
|-damage|p1a: Kingdra|0 fnt
|faint|p1a: Kingdra
|-damage|p2a: Kingambit|91/100|[from] item: Life Orb
|
|upkeep
|
|t:|1779642733
|switch|p1a: Ribombee|Ribombee, M|11/100
|turn|13
|
|t:|1779642737
|move|p1a: Ribombee|Sticky Web|p2a: Kingambit
|-sidestart|p2: KC177|move: Sticky Web
|move|p2a: Kingambit|Iron Head|p1a: Ribombee
|-supereffective|p1a: Ribombee
|-damage|p1a: Ribombee|0 fnt
|faint|p1a: Ribombee
|-damage|p2a: Kingambit|81/100|[from] item: Life Orb
|
|upkeep
|inactive|Battle timer is ON: inactive players will automatically lose when time's up. (requested by KC177)
|
|t:|1779642743
|switch|p1a: Cinderace|Cinderace, M|100/100
|turn|14
|
|t:|1779642753
|-terastallize|p2a: Kingambit|Ghost
|move|p1a: Cinderace|Sunny Day|p1a: Cinderace
|-weather|SunnyDay
|move|p2a: Kingambit|Swords Dance|p2a: Kingambit
|-boost|p2a: Kingambit|atk|2
|
|-weather|SunnyDay|[upkeep]
|upkeep
|turn|15
|
|t:|1779642761
|move|p1a: Cinderace|Pyro Ball|p2a: Kingambit
|-damage|p2a: Kingambit|0 fnt
|faint|p2a: Kingambit
|-end|p2a: Kingambit|fallen4|[silent]
|
|-weather|SunnyDay|[upkeep]
|upkeep
|
|t:|1779642764
|switch|p2a: Ogerpon|Ogerpon-Cornerstone, F|100/100
|-activate|p2a: Ogerpon|move: Sticky Web
|-unboost|p2a: Ogerpon|spe|1
|turn|16
|
|t:|1779642770
|move|p1a: Cinderace|Pyro Ball|p2a: Ogerpon|[miss]
|-miss|p1a: Cinderace|p2a: Ogerpon
|move|p2a: Ogerpon|Ivy Cudgel|p1a: Cinderace|[anim] Ivy Cudgel Rock
|-supereffective|p1a: Cinderace
|-damage|p1a: Cinderace|0 fnt
|faint|p1a: Cinderace
|
|-weather|SunnyDay|[upkeep]
|upkeep
|
|t:|1779642774
|switch|p1a: Blaziken|Blaziken, M|100/100
|turn|17
|
|t:|1779642781
|move|p1a: Blaziken|Close Combat|p2a: Ogerpon
|-supereffective|p2a: Ogerpon
|-ability|p2a: Ogerpon|Sturdy
|-damage|p2a: Ogerpon|1/100
|-unboost|p1a: Blaziken|def|1
|-unboost|p1a: Blaziken|spd|1
|move|p2a: Ogerpon|Ivy Cudgel|p1a: Blaziken|[anim] Ivy Cudgel Rock
|-damage|p1a: Blaziken|0 fnt
|faint|p1a: Blaziken
|
|win|KC177
|raw|jewking's rating: 1363 &rarr; <strong>1344</strong><br />(-19 for losing)
|raw|KC177's rating: 1372 &rarr; <strong>1391</strong><br />(+19 for winning)
|l|☆jewking
|player|p1|
|l|☆KC177
|player|p2|
