|j|☆katsuppp
|j|☆my shitters
|t:|1779627694
|gametype|singles
|player|p1|katsuppp|170|1284
|player|p2|my shitters|preschooler|1327
|gen|9
|tier|[Gen 9] OU
|rated|
|rule|HP Percentage Mod: HP is shown in percentages
|rule|Endless Battle Clause: Forcing endless battles is banned
|rule|Species Clause: Limit one of each Pokémon
|rule|OHKO Clause: OHKO moves are banned
|rule|Evasion Items Clause: Evasion items are banned
|rule|Evasion Moves Clause: Evasion moves are banned
|rule|Evasion Abilities Clause: Evasion abilities are banned
|rule|Sleep Moves Clause: Sleep-inducing moves are banned
|clearpoke
|poke|p1|Heatran, F|
|poke|p1|Corviknight, F|
|poke|p1|Ting-Lu|
|poke|p1|Iron Moth|
|poke|p1|Rillaboom, M|
|poke|p1|Primarina, M|
|poke|p2|Sableye, M|
|poke|p2|Glastrier|
|poke|p2|Alcremie-Ruby-Swirl, F|
|poke|p2|Zangoose, F|
|poke|p2|Primeape, F|
|poke|p2|Vikavolt, M|
|teampreview
|inactive|Battle timer is ON: inactive players will automatically lose when time's up. (requested by my shitters)
|
|t:|1779627709
|teamsize|p1|6
|teamsize|p2|6
|start
|switch|p1a: Ting-Lu|Ting-Lu|100/100
|switch|p2a: 💎Posting|Sableye, M|100/100
|-ability|p1a: Ting-Lu|Vessel of Ruin
|turn|1
|
|t:|1779627715
|move|p2a: 💎Posting|Reflect|p2a: 💎Posting
|-sidestart|p2: my shitters|Reflect
|move|p1a: Ting-Lu|Stealth Rock|p2a: 💎Posting
|-sidestart|p2: my shitters|move: Stealth Rock
|
|upkeep
|turn|2
|
|t:|1779627719
|move|p2a: 💎Posting|Light Screen|p2a: 💎Posting
|-sidestart|p2: my shitters|move: Light Screen
|move|p1a: Ting-Lu|Ruination|p2a: 💎Posting
|-damage|p2a: 💎Posting|51/100
|
|upkeep
|turn|3
|
|t:|1779627726
|switch|p2a: IceBallRun|Glastrier|100/100
|-damage|p2a: IceBallRun|76/100|[from] Stealth Rock
|move|p1a: Ting-Lu|Ruination|p2a: IceBallRun
|-damage|p2a: IceBallRun|38/100
|
|upkeep
|turn|4
|
|t:|1779627736
|switch|p1a: Heatran|Heatran, F|100/100
|move|p2a: IceBallRun|Icicle Crash|p1a: Heatran
|-resisted|p1a: Heatran
|-damage|p1a: Heatran|87/100
|
|-heal|p1a: Heatran|93/100|[from] item: Leftovers
|upkeep
|turn|5
|
|t:|1779627746
|move|p1a: Heatran|Magma Storm|p2a: IceBallRun
|-supereffective|p2a: IceBallRun
|-damage|p2a: IceBallRun|0 fnt
|faint|p2a: IceBallRun
|
|-heal|p1a: Heatran|99/100|[from] item: Leftovers
|upkeep
|
|t:|1779627760
|switch|p2a: PonnieColeman|Primeape, F|100/100
|-damage|p2a: PonnieColeman|95/100|[from] Stealth Rock
|turn|6
|
|t:|1779627770
|-terastallize|p1a: Heatran|Grass
|move|p2a: PonnieColeman|Bulk Up|p2a: PonnieColeman
|-boost|p2a: PonnieColeman|atk|1
|-boost|p2a: PonnieColeman|def|1
|move|p1a: Heatran|Magma Storm|p2a: PonnieColeman
|-damage|p2a: PonnieColeman|72/100
|-activate|p2a: PonnieColeman|move: Magma Storm|[of] p1a: Heatran
|
|-heal|p1a: Heatran|100/100|[from] item: Leftovers
|-damage|p2a: PonnieColeman|60/100|[from] move: Magma Storm|[partiallytrapped]
|upkeep
|turn|7
|
|t:|1779627778
|move|p2a: PonnieColeman|Bulk Up|p2a: PonnieColeman
|-boost|p2a: PonnieColeman|atk|1
|-boost|p2a: PonnieColeman|def|1
|move|p1a: Heatran|Taunt|p2a: PonnieColeman
|-start|p2a: PonnieColeman|move: Taunt
|
|-damage|p2a: PonnieColeman|48/100|[from] move: Magma Storm|[partiallytrapped]
|upkeep
|turn|8
|
|t:|1779627782
|move|p2a: PonnieColeman|Drain Punch|p1a: Heatran
|-damage|p1a: Heatran|48/100
|-heal|p2a: PonnieColeman|73/100|[from] drain|[of] p1a: Heatran
|move|p1a: Heatran|Magma Storm|p2a: PonnieColeman
|-damage|p2a: PonnieColeman|52/100
|
|-heal|p1a: Heatran|55/100|[from] item: Leftovers
|-damage|p2a: PonnieColeman|40/100|[from] move: Magma Storm|[partiallytrapped]
|-sideend|p2: my shitters|Reflect
|upkeep
|turn|9
|
|t:|1779627791
|switch|p1a: Primarina|Primarina, M|100/100
|move|p2a: PonnieColeman|Drain Punch|p1a: Primarina
|-resisted|p1a: Primarina
|-damage|p1a: Primarina|63/100
|-heal|p2a: PonnieColeman|58/100|[from] drain|[of] p1a: Primarina
|
|-end|p2a: PonnieColeman|Magma Storm|[partiallytrapped]|[silent]
|-sideend|p2: my shitters|move: Light Screen
|upkeep
|turn|10
|
|t:|1779627800
|move|p2a: PonnieColeman|Rage Fist|p1a: Primarina
|-damage|p1a: Primarina|0 fnt
|faint|p1a: Primarina
|
|-end|p2a: PonnieColeman|move: Taunt
|upkeep
|
|t:|1779627809
|switch|p1a: Iron Moth|Iron Moth|100/100
|-enditem|p1a: Iron Moth|Booster Energy
|-activate|p1a: Iron Moth|ability: Quark Drive|[fromitem]
|-start|p1a: Iron Moth|quarkdrivespe
|turn|11
|
|t:|1779627814
|move|p1a: Iron Moth|Dazzling Gleam|p2a: PonnieColeman
|-supereffective|p2a: PonnieColeman
|-damage|p2a: PonnieColeman|14/100
|move|p2a: PonnieColeman|Rage Fist|p1a: Iron Moth
|-damage|p1a: Iron Moth|0 fnt
|faint|p1a: Iron Moth
|-end|p1a: Iron Moth|Quark Drive|[silent]
|
|upkeep
|l|☆katsuppp
|inactive|katsuppp disconnected and has a minute to reconnect!
|player|p1|
|inactive|katsuppp has 30 seconds to reconnect!
|inactive|katsuppp has 20 seconds to reconnect!
|inactive|katsuppp has 15 seconds to reconnect!
|inactive|katsuppp has 10 seconds to reconnect!
|inactive|katsuppp has 5 seconds to reconnect!
|-message|katsuppp lost due to inactivity.
|
|win|my shitters
|raw|katsuppp's rating: 1284 &rarr; <strong>1262</strong><br />(-22 for losing)
|raw|my shitters's rating: 1327 &rarr; <strong>1345</strong><br />(+18 for winning)
|l|☆my shitters
|player|p2|
