|j|☆kshuaib734
|j|☆slitherwing ily ><
|t:|1779650217
|gametype|singles
|player|p1|kshuaib734|steven|1737
|player|p2|slitherwing ily ><|iono-masters|1716
|gen|9
|tier|[Gen 9] OU
|rated|
|rule|HP Percentage Mod: HP is shown in percentages
|rule|Endless Battle Clause: Forcing endless battles is banned
|rule|Species Clause: Limit one of each Pokémon
|rule|OHKO Clause: OHKO moves are banned
|rule|Evasion Items Clause: Evasion items are banned
|rule|Evasion Moves Clause: Evasion moves are banned
|rule|Evasion Abilities Clause: Evasion abilities are banned
|rule|Sleep Moves Clause: Sleep-inducing moves are banned
|clearpoke
|poke|p1|Tyranitar, M|
|poke|p1|Zapdos|
|poke|p1|Pelipper, F|
|poke|p1|Quaquaval, M|
|poke|p1|Kingdra, F|
|poke|p1|Excadrill, F|
|poke|p2|Iron Jugulis|
|poke|p2|Deoxys-Speed|
|poke|p2|Ogerpon-Wellspring, F|
|poke|p2|Ceruledge, F|
|poke|p2|Glimmora, F|
|poke|p2|Kommo-o, F|
|teampreview
|inactive|Battle timer is ON: inactive players will automatically lose when time's up. (requested by kshuaib734)
|j| brother iggins
|c|☆slitherwing ily ><|hf
|c|☆kshuaib734|u2
|
|t:|1779650231
|teamsize|p1|6
|teamsize|p2|6
|start
|switch|p1a: Tyrant's Endgame|Quaquaval, M|100/100
|switch|p2a: Deoxys|Deoxys-Speed|100/100
|-ability|p2a: Deoxys|Pressure
|turn|1
|
|t:|1779650237
|-terastallize|p1a: Tyrant's Endgame|Water
|move|p2a: Deoxys|Reflect|p2a: Deoxys
|-sidestart|p2: slitherwing ily ><|Reflect
|move|p1a: Tyrant's Endgame|Aqua Step|p2a: Deoxys
|-damage|p2a: Deoxys|60/100
|-boost|p1a: Tyrant's Endgame|spe|1
|
|upkeep
|turn|2
|
|t:|1779650245
|move|p2a: Deoxys|Light Screen|p2a: Deoxys
|-sidestart|p2: slitherwing ily ><|move: Light Screen
|move|p1a: Tyrant's Endgame|Aqua Step|p2a: Deoxys
|-damage|p2a: Deoxys|20/100
|-boost|p1a: Tyrant's Endgame|spe|1
|
|upkeep
|turn|3
|
|t:|1779650251
|switch|p2a: Ogerpon|Ogerpon-Wellspring, F|100/100
|move|p1a: Tyrant's Endgame|Aqua Step|p2a: Ogerpon
|-immune|p2a: Ogerpon|[from] ability: Water Absorb
|
|upkeep
|turn|4
|
|t:|1779650259
|switch|p1a: Tyrant's Downpour|Pelipper, F|100/100
|-weather|RainDance|[from] ability: Drizzle|[of] p1a: Tyrant's Downpour
|move|p2a: Ogerpon|Swords Dance|p2a: Ogerpon
|-boost|p2a: Ogerpon|atk|2
|
|-weather|RainDance|[upkeep]
|upkeep
|turn|5
|
|t:|1779650266
|move|p2a: Ogerpon|Trailblaze|p1a: Tyrant's Downpour
|-damage|p1a: Tyrant's Downpour|56/100
|-boost|p2a: Ogerpon|spe|1
|move|p1a: Tyrant's Downpour|U-turn|p2a: Ogerpon
|-supereffective|p2a: Ogerpon
|-damage|p2a: Ogerpon|89/100
|
|t:|1779650277
|switch|p1a: Tyrant's Vengeance|Kingdra, F|100/100|[from] U-turn
|
|-weather|RainDance|[upkeep]
|upkeep
|turn|6
|
|t:|1779650289
|move|p1a: Tyrant's Vengeance|Dragon Pulse|p2a: Ogerpon
|-damage|p2a: Ogerpon|52/100
|move|p2a: Ogerpon|Trailblaze|p1a: Tyrant's Vengeance
|-damage|p1a: Tyrant's Vengeance|31/100
|-boost|p2a: Ogerpon|spe|1
|
|-weather|RainDance|[upkeep]
|upkeep
|turn|7
|
|t:|1779650297
|move|p2a: Ogerpon|Horn Leech|p1a: Tyrant's Vengeance
|-damage|p1a: Tyrant's Vengeance|0 fnt
|-heal|p2a: Ogerpon|67/100|[from] drain|[of] p1a: Tyrant's Vengeance
|faint|p1a: Tyrant's Vengeance
|
|-weather|RainDance|[upkeep]
|upkeep
|j| PCCWVictorMa
|
|t:|1779650316
|switch|p1a: King Tyrant|Tyranitar, M|100/100
|-weather|Sandstorm|[from] ability: Sand Stream|[of] p1a: King Tyrant
|turn|8
|
|t:|1779650322
|-terastallize|p2a: Ogerpon|Water
|detailschange|p2a: Ogerpon|Ogerpon-Wellspring-Tera, F, tera:Water
|-ability|p2a: Ogerpon|Embody Aspect (Wellspring)|boost
|-boost|p2a: Ogerpon|spd|1
|move|p2a: Ogerpon|Ivy Cudgel|p1a: King Tyrant|[anim] Ivy Cudgel Water
|-supereffective|p1a: King Tyrant
|-damage|p1a: King Tyrant|0 fnt
|faint|p1a: King Tyrant
|
|-weather|Sandstorm|[upkeep]
|-damage|p2a: Ogerpon|61/100|[from] Sandstorm
|-sideend|p2: slitherwing ily ><|Reflect
|upkeep
|j| yuureisuisei
|
|t:|1779650332
|switch|p1a: Tyrant's Legacy|Excadrill, F|100/100
|turn|9
|
|t:|1779650335
|move|p2a: Ogerpon|Horn Leech|p1a: Tyrant's Legacy
|-damage|p1a: Tyrant's Legacy|0 fnt
|-heal|p2a: Ogerpon|100/100|[from] drain|[of] p1a: Tyrant's Legacy
|faint|p1a: Tyrant's Legacy
|
|-weather|Sandstorm|[upkeep]
|-damage|p2a: Ogerpon|95/100|[from] Sandstorm
|-sideend|p2: slitherwing ily ><|move: Light Screen
|upkeep
|
|t:|1779650347
|switch|p1a: Tyrant's Enforcer|Zapdos|100/100
|turn|10
|
|t:|1779650350
|move|p2a: Ogerpon|Ivy Cudgel|p1a: Tyrant's Enforcer|[anim] Ivy Cudgel Water
|-crit|p1a: Tyrant's Enforcer
|-damage|p1a: Tyrant's Enforcer|0 fnt
|faint|p1a: Tyrant's Enforcer
|
|-weather|Sandstorm|[upkeep]
|-damage|p2a: Ogerpon|89/100|[from] Sandstorm
|upkeep
|j| FranzLisztTesting
|l| FranzLisztTesting
|
|t:|1779650359
|switch|p1a: Tyrant's Downpour|Pelipper, F|56/100
|-weather|RainDance|[from] ability: Drizzle|[of] p1a: Tyrant's Downpour
|turn|11
|
|t:|1779650363
|move|p2a: Ogerpon|Horn Leech|p1a: Tyrant's Downpour
|-damage|p1a: Tyrant's Downpour|0 fnt
|-heal|p2a: Ogerpon|100/100|[from] drain|[of] p1a: Tyrant's Downpour
|faint|p1a: Tyrant's Downpour
|
|-weather|RainDance|[upkeep]
|upkeep
|j| broflopieopp
|l| yuureisuisei
|
|t:|1779650368
|switch|p1a: Tyrant's Endgame|Quaquaval, M, tera:Water|100/100
|turn|12
|
|t:|1779650376
|move|p2a: Ogerpon|Horn Leech|p1a: Tyrant's Endgame
|-supereffective|p1a: Tyrant's Endgame
|-damage|p1a: Tyrant's Endgame|0 fnt
|faint|p1a: Tyrant's Endgame
|
|win|slitherwing ily ><
|raw|kshuaib734's rating: 1737 &rarr; <strong>1716</strong><br />(-21 for losing)
|raw|slitherwing ily &gt;&lt;'s rating: 1716 &rarr; <strong>1737</strong><br />(+21 for winning)
|l|☆kshuaib734
|player|p1|
|l| broflopieopp
|l| brother iggins
