|j|☆diegoparra27
|j|☆nerdy_head
|t:|1779603860
|gametype|singles
|player|p1|diegoparra27|2|1432
|player|p2|nerdy_head|101|1439
|gen|9
|tier|[Gen 9] OU
|rated|
|rule|HP Percentage Mod: HP is shown in percentages
|rule|Endless Battle Clause: Forcing endless battles is banned
|rule|Species Clause: Limit one of each Pokémon
|rule|OHKO Clause: OHKO moves are banned
|rule|Evasion Items Clause: Evasion items are banned
|rule|Evasion Moves Clause: Evasion moves are banned
|rule|Evasion Abilities Clause: Evasion abilities are banned
|rule|Sleep Moves Clause: Sleep-inducing moves are banned
|clearpoke
|poke|p1|Weezing-Galar, M|
|poke|p1|Gliscor, M|
|poke|p1|Blissey, F|
|poke|p1|Corviknight, F|
|poke|p1|Dondozo, F|
|poke|p1|Toxapex, F|
|poke|p2|Slowking-Galar, M|
|poke|p2|Great Tusk|
|poke|p2|Arcanine-Hisui, F|
|poke|p2|Corviknight, M|
|poke|p2|Dragapult, F|
|poke|p2|Kingambit, F|
|teampreview
|
|t:|1779603873
|teamsize|p1|6
|teamsize|p2|6
|start
|switch|p1a: Gliscor|Gliscor, M|100/100
|switch|p2a: Dragapult|Dragapult, F|100/100
|turn|1
|
|t:|1779603879
|move|p2a: Dragapult|U-turn|p1a: Gliscor
|-resisted|p1a: Gliscor
|-damage|p1a: Gliscor|94/100
|
|t:|1779603882
|switch|p2a: Corviknight|Corviknight, M|100/100|[from] U-turn
|-ability|p2a: Corviknight|Pressure
|move|p1a: Gliscor|Knock Off|p2a: Corviknight
|-damage|p2a: Corviknight|87/100
|-damage|p1a: Gliscor|77/100|[from] item: Rocky Helmet|[of] p2a: Corviknight
|-enditem|p2a: Corviknight|Rocky Helmet|[from] move: Knock Off|[of] p1a: Gliscor
|
|-status|p1a: Gliscor|tox|[from] item: Toxic Orb
|upkeep
|turn|2
|
|t:|1779603894
|move|p1a: Gliscor|Swords Dance|p1a: Gliscor
|-boost|p1a: Gliscor|atk|2
|move|p2a: Corviknight|U-turn|p1a: Gliscor
|-resisted|p1a: Gliscor
|-damage|p1a: Gliscor|71/100 tox
|
|t:|1779603911
|switch|p2a: Great Tusk|Great Tusk|100/100|[from] U-turn
|
|-heal|p1a: Gliscor|83/100 tox|[from] ability: Poison Heal
|upkeep
|turn|3
|
|t:|1779603921
|switch|p1a: Corviknight|Corviknight, F|100/100
|-ability|p1a: Corviknight|Pressure
|move|p2a: Great Tusk|Ice Spinner|p1a: Corviknight
|-damage|p1a: Corviknight|85/100
|
|-heal|p1a: Corviknight|91/100|[from] item: Leftovers
|upkeep
|turn|4
|
|t:|1779603932
|-end|p2a: Great Tusk|Protosynthesis|[silent]
|switch|p2a: Arcanine|Arcanine-Hisui, F|100/100
|move|p1a: Corviknight|Body Press|p2a: Arcanine
|-supereffective|p2a: Arcanine
|-damage|p2a: Arcanine|39/100
|
|-heal|p1a: Corviknight|97/100|[from] item: Leftovers
|upkeep
|turn|5
|
|t:|1779603942
|switch|p1a: Dondozo|Dondozo, F|100/100
|move|p2a: Arcanine|Flare Blitz|p1a: Dondozo
|-resisted|p1a: Dondozo
|-damage|p1a: Dondozo|81/100
|
|-heal|p1a: Dondozo|87/100|[from] item: Leftovers
|upkeep
|turn|6
|
|t:|1779603952
|switch|p2a: Corviknight|Corviknight, M|87/100
|-ability|p2a: Corviknight|Pressure
|move|p1a: Dondozo|Waterfall|p2a: Corviknight
|-damage|p2a: Corviknight|70/100
|
|-heal|p1a: Dondozo|93/100|[from] item: Leftovers
|upkeep
|turn|7
|
|t:|1779603961
|move|p2a: Corviknight|U-turn|p1a: Dondozo
|-damage|p1a: Dondozo|86/100
|
|t:|1779603964
|switch|p2a: Slowking|Slowking-Galar, M|100/100|[from] U-turn
|move|p1a: Dondozo|Curse|p1a: Dondozo
|-unboost|p1a: Dondozo|spe|1
|-boost|p1a: Dondozo|atk|1
|-boost|p1a: Dondozo|def|1
|
|-heal|p1a: Dondozo|93/100|[from] item: Leftovers
|upkeep
|turn|8
|
|t:|1779603973
|switch|p1a: Gliscor|Gliscor, M|83/100 tox
|move|p2a: Slowking|Future Sight|p1a: Gliscor
|-start|p2a: Slowking|move: Future Sight
|
|-heal|p1a: Gliscor|96/100 tox|[from] ability: Poison Heal
|upkeep
|turn|9
|
|t:|1779603980
|switch|p2a: Corviknight|Corviknight, M|70/100
|-ability|p2a: Corviknight|Pressure
|move|p1a: Gliscor|Knock Off|p2a: Corviknight
|-damage|p2a: Corviknight|62/100
|
|-heal|p1a: Gliscor|100/100 tox|[from] ability: Poison Heal
|upkeep
|turn|10
|
|t:|1779603992
|move|p1a: Gliscor|Protect|p1a: Gliscor
|-singleturn|p1a: Gliscor|Protect
|move|p2a: Corviknight|U-turn|p1a: Gliscor
|-activate|p1a: Gliscor|move: Protect
|
|-end|p1a: Gliscor|move: Future Sight
|-damage|p1a: Gliscor|60/100 tox
|-heal|p1a: Gliscor|72/100 tox|[from] ability: Poison Heal
|upkeep
|turn|11
|
|t:|1779604007
|switch|p1a: Corviknight|Corviknight, F|97/100
|-ability|p1a: Corviknight|Pressure
|move|p2a: Corviknight|U-turn|p1a: Corviknight
|-resisted|p1a: Corviknight
|-damage|p1a: Corviknight|95/100
|
|t:|1779604014
|switch|p2a: Arcanine|Arcanine-Hisui, F|39/100|[from] U-turn
|
|-heal|p1a: Corviknight|100/100|[from] item: Leftovers
|upkeep
|turn|12
|
|t:|1779604020
|switch|p1a: Dondozo|Dondozo, F|93/100
|move|p2a: Arcanine|Flare Blitz|p1a: Dondozo
|-resisted|p1a: Dondozo
|-damage|p1a: Dondozo|70/100
|
|-heal|p1a: Dondozo|77/100|[from] item: Leftovers
|upkeep
|turn|13
|
|t:|1779604029
|switch|p2a: Dragapult|Dragapult, F|100/100
|move|p1a: Dondozo|Waterfall|p2a: Dragapult
|-resisted|p2a: Dragapult
|-damage|p2a: Dragapult|83/100
|
|-heal|p1a: Dondozo|83/100|[from] item: Leftovers
|upkeep
|turn|14
|
|t:|1779604038
|switch|p1a: Toxapex|Toxapex, F|100/100
|move|p2a: Dragapult|Draco Meteor|p1a: Toxapex
|-damage|p1a: Toxapex|31/100
|-unboost|p2a: Dragapult|spa|2
|
|upkeep
|turn|15
|
|t:|1779604048
|switch|p2a: Slowking|Slowking-Galar, M|100/100
|switch|p1a: Blissey|Blissey, F|100/100
|
|upkeep
|turn|16
|inactive|Battle timer is ON: inactive players will automatically lose when time's up. (requested by diegoparra27)
|
|t:|1779604053
|move|p1a: Blissey|Stealth Rock|p2a: Slowking
|-sidestart|p2: nerdy_head|move: Stealth Rock
|move|p2a: Slowking|Future Sight|p1a: Blissey
|-start|p2a: Slowking|move: Future Sight
|
|upkeep
|turn|17
|
|t:|1779604060
|move|p1a: Blissey|Calm Mind|p1a: Blissey
|-boost|p1a: Blissey|spa|1
|-boost|p1a: Blissey|spd|1
|-prepare|p2a: Slowking|Chilly Reception|[premajor]
|move|p2a: Slowking|Chilly Reception|p2a: Slowking
|-weather|Snowscape
|
|t:|1779604066
|switch|p2a: Kingambit|Kingambit, F|100/100|[from] Chilly Reception
|-damage|p2a: Kingambit|94/100|[from] Stealth Rock
|
|-weather|Snowscape|[upkeep]
|-heal|p2a: Kingambit|100/100|[from] item: Leftovers
|upkeep
|turn|18
|
|t:|1779604077
|switch|p1a: Dondozo|Dondozo, F|83/100
|move|p2a: Kingambit|Swords Dance|p2a: Kingambit
|-boost|p2a: Kingambit|atk|2
|
|-weather|Snowscape|[upkeep]
|-end|p1a: Dondozo|move: Future Sight
|-crit|p1a: Dondozo
|-damage|p1a: Dondozo|22/100
|-heal|p1a: Dondozo|28/100|[from] item: Leftovers
|upkeep
|turn|19
|
|t:|1779604090
|move|p2a: Kingambit|Kowtow Cleave|p1a: Dondozo
|-damage|p1a: Dondozo|4/100
|move|p1a: Dondozo|Rest|p1a: Dondozo
|-status|p1a: Dondozo|slp|[from] move: Rest
|-heal|p1a: Dondozo|100/100 slp|[silent]
|
|-weather|Snowscape|[upkeep]
|upkeep
|turn|20
|
|t:|1779604100
|-end|p2a: Kingambit|fallenundefined|[silent]
|switch|p2a: Slowking|Slowking-Galar, M|100/100
|cant|p1a: Dondozo|slp
|move|p1a: Dondozo|Sleep Talk|p1a: Dondozo
|move|p1a: Dondozo|Curse|p1a: Dondozo|[from] move: Sleep Talk
|-unboost|p1a: Dondozo|spe|1
|-boost|p1a: Dondozo|atk|1
|-boost|p1a: Dondozo|def|1
|
|-weather|Snowscape|[upkeep]
|upkeep
|turn|21
|
|t:|1779604110
|cant|p1a: Dondozo|slp
|move|p1a: Dondozo|Sleep Talk|p1a: Dondozo
|move|p1a: Dondozo|Rest||[from] move: Sleep Talk|[still]
|-fail|p1a: Dondozo
|move|p2a: Slowking|Future Sight|p1a: Dondozo
|-start|p2a: Slowking|move: Future Sight
|
|-weather|none
|upkeep
|turn|22
|
|t:|1779604134
|-curestatus|p1a: Dondozo|slp|[msg]
|move|p1a: Dondozo|Curse|p1a: Dondozo
|-unboost|p1a: Dondozo|spe|1
|-boost|p1a: Dondozo|atk|1
|-boost|p1a: Dondozo|def|1
|-prepare|p2a: Slowking|Chilly Reception|[premajor]
|move|p2a: Slowking|Chilly Reception|p2a: Slowking
|-weather|Snowscape
|
|t:|1779604143
|switch|p2a: Great Tusk|Great Tusk|100/100|[from] Chilly Reception
|
|-weather|Snowscape|[upkeep]
|upkeep
|turn|23
|
|t:|1779604148
|move|p2a: Great Tusk|Rapid Spin|p1a: Dondozo
|-damage|p1a: Dondozo|97/100
|-boost|p2a: Great Tusk|spe|1
|-sideend|p2: nerdy_head|Stealth Rock|[from] move: Rapid Spin|[of] p2a: Great Tusk
|move|p1a: Dondozo|Waterfall|p2a: Great Tusk
|-supereffective|p2a: Great Tusk
|-damage|p2a: Great Tusk|34/100
|
|-weather|Snowscape|[upkeep]
|-end|p1a: Dondozo|move: Future Sight
|-damage|p1a: Dondozo|57/100
|-heal|p1a: Dondozo|63/100|[from] item: Leftovers
|upkeep
|turn|24
|
|t:|1779604161
|-end|p2a: Great Tusk|Protosynthesis|[silent]
|switch|p2a: Corviknight|Corviknight, M|62/100
|-ability|p2a: Corviknight|Pressure
|move|p1a: Dondozo|Waterfall|p2a: Corviknight
|-damage|p2a: Corviknight|28/100
|
|-weather|Snowscape|[upkeep]
|-heal|p1a: Dondozo|69/100|[from] item: Leftovers
|upkeep
|turn|25
|
|t:|1779604169
|move|p2a: Corviknight|Roost|p2a: Corviknight
|-heal|p2a: Corviknight|78/100
|-singleturn|p2a: Corviknight|move: Roost
|move|p1a: Dondozo|Waterfall|p2a: Corviknight
|-damage|p2a: Corviknight|43/100
|
|-weather|Snowscape|[upkeep]
|-heal|p1a: Dondozo|75/100|[from] item: Leftovers
|upkeep
|turn|26
|
|t:|1779604179
|move|p2a: Corviknight|U-turn|p1a: Dondozo
|-damage|p1a: Dondozo|71/100
|
|t:|1779604184
|switch|p2a: Dragapult|Dragapult, F|83/100|[from] U-turn
|move|p1a: Dondozo|Curse|p1a: Dondozo
|-unboost|p1a: Dondozo|spe|1
|-boost|p1a: Dondozo|atk|1
|-boost|p1a: Dondozo|def|1
|
|-weather|none
|-heal|p1a: Dondozo|78/100|[from] item: Leftovers
|upkeep
|turn|27
|
|t:|1779604193
|switch|p1a: Blissey|Blissey, F|100/100
|move|p2a: Dragapult|Draco Meteor|p1a: Blissey
|-damage|p1a: Blissey|75/100
|-unboost|p2a: Dragapult|spa|2
|
|-heal|p1a: Blissey|81/100|[from] item: Leftovers
|upkeep
|turn|28
|
|t:|1779604202
|switch|p2a: Arcanine|Arcanine-Hisui, F|39/100
|move|p1a: Blissey|Stealth Rock|p2a: Arcanine
|-sidestart|p2: nerdy_head|move: Stealth Rock
|
|-heal|p1a: Blissey|88/100|[from] item: Leftovers
|upkeep
|turn|29
|
|t:|1779604210
|switch|p1a: Dondozo|Dondozo, F|78/100
|move|p2a: Arcanine|Head Smash|p1a: Dondozo
|-damage|p1a: Dondozo|21/100
|
|-heal|p1a: Dondozo|27/100|[from] item: Leftovers
|upkeep
|turn|30
|
|t:|1779604232
|switch|p2a: Corviknight|Corviknight, M|43/100
|-damage|p2a: Corviknight|31/100|[from] Stealth Rock
|-ability|p2a: Corviknight|Pressure
|-terastallize|p1a: Dondozo|Fighting
|move|p1a: Dondozo|Rest|p1a: Dondozo
|-status|p1a: Dondozo|slp|[from] move: Rest
|-heal|p1a: Dondozo|100/100 slp|[silent]
|
|upkeep
|turn|31
|
|t:|1779604242
|move|p2a: Corviknight|Roost|p2a: Corviknight
|-heal|p2a: Corviknight|81/100
|-singleturn|p2a: Corviknight|move: Roost
|cant|p1a: Dondozo|slp
|move|p1a: Dondozo|Sleep Talk|p1a: Dondozo
|move|p1a: Dondozo|Rest||[from] move: Sleep Talk|[still]
|-fail|p1a: Dondozo
|
|upkeep
|turn|32
|
|t:|1779604250
|move|p2a: Corviknight|Defog|p1a: Dondozo
|-unboost|p1a: Dondozo|evasion|1
|-sideend|p2: nerdy_head|Stealth Rock|[from] move: Defog|[of] p2a: Corviknight
|cant|p1a: Dondozo|slp
|move|p1a: Dondozo|Sleep Talk|p1a: Dondozo
|move|p1a: Dondozo|Waterfall|p2a: Corviknight|[from] move: Sleep Talk
|-damage|p2a: Corviknight|64/100
|
|upkeep
|turn|33
|
|t:|1779604260
|switch|p1a: Weezing|Weezing-Galar, M|100/100
|-ability|p1a: Weezing|Neutralizing Gas
|move|p2a: Corviknight|U-turn|p1a: Weezing
|-resisted|p1a: Weezing
|-damage|p1a: Weezing|98/100
|
|t:|1779604270
|switch|p2a: Slowking|Slowking-Galar, M|100/100|[from] U-turn
|
|upkeep
|turn|34
|
|t:|1779604276
|move|p1a: Weezing|Will-O-Wisp|p2a: Slowking
|-status|p2a: Slowking|brn
|move|p2a: Slowking|Future Sight|p1a: Weezing
|-start|p2a: Slowking|move: Future Sight
|
|-damage|p2a: Slowking|94/100 brn|[from] brn
|upkeep
|turn|35
|
|t:|1779604282
|move|p1a: Weezing|Toxic Spikes|p2a: Slowking
|-sidestart|p2: nerdy_head|move: Toxic Spikes
|-prepare|p2a: Slowking|Chilly Reception|[premajor]
|move|p2a: Slowking|Chilly Reception|p2a: Slowking
|-weather|Snowscape
|
|t:|1779604288
|switch|p2a: Corviknight|Corviknight, M|64/100|[from] Chilly Reception
|
|-weather|Snowscape|[upkeep]
|upkeep
|turn|36
|
|t:|1779604306
|-end|p1a: Weezing|ability: Neutralizing Gas
|-ability|p2a: Corviknight|Pressure
|switch|p1a: Blissey|Blissey, F|88/100
|move|p2a: Corviknight|Defog|p1a: Blissey
|-unboost|p1a: Blissey|evasion|1
|-sideend|p2: nerdy_head|Toxic Spikes|[from] move: Defog|[of] p2a: Corviknight
|
|-weather|Snowscape|[upkeep]
|-end|p1a: Blissey|move: Future Sight
|-damage|p1a: Blissey|75/100
|-heal|p1a: Blissey|81/100|[from] item: Leftovers
|upkeep
|turn|37
|
|t:|1779604321
|switch|p2a: Arcanine|Arcanine-Hisui, F|39/100
|move|p1a: Blissey|Seismic Toss|p2a: Arcanine
|-damage|p2a: Arcanine|9/100
|
|-weather|Snowscape|[upkeep]
|-heal|p1a: Blissey|87/100|[from] item: Leftovers
|upkeep
|turn|38
|
|t:|1779604340
|switch|p1a: Dondozo|Dondozo, F, tera:Fighting|100/100 slp
|move|p2a: Arcanine|Flare Blitz|p1a: Dondozo
|-crit|p1a: Dondozo
|-damage|p1a: Dondozo|39/100 slp
|
|-weather|Snowscape|[upkeep]
|-heal|p1a: Dondozo|45/100 slp|[from] item: Leftovers
|upkeep
|turn|39
|
|t:|1779604350
|move|p2a: Arcanine|Flare Blitz|p1a: Dondozo
|-damage|p1a: Dondozo|6/100 slp
|-curestatus|p1a: Dondozo|slp|[msg]
|move|p1a: Dondozo|Rest|p1a: Dondozo
|-status|p1a: Dondozo|slp|[from] move: Rest
|-heal|p1a: Dondozo|100/100 slp|[silent]
|
|-weather|none
|upkeep
|turn|40
|
|t:|1779604359
|switch|p2a: Slowking|Slowking-Galar, M|94/100 brn
|cant|p1a: Dondozo|slp
|move|p1a: Dondozo|Sleep Talk|p1a: Dondozo
|move|p1a: Dondozo|Rest||[from] move: Sleep Talk|[still]
|-fail|p1a: Dondozo
|
|-damage|p2a: Slowking|88/100 brn|[from] brn
|upkeep
|turn|41
|
|t:|1779604368
|cant|p1a: Dondozo|slp
|move|p1a: Dondozo|Sleep Talk|p1a: Dondozo
|move|p1a: Dondozo|Curse|p1a: Dondozo|[from] move: Sleep Talk
|-unboost|p1a: Dondozo|spe|1
|-boost|p1a: Dondozo|atk|1
|-boost|p1a: Dondozo|def|1
|move|p2a: Slowking|Future Sight|p1a: Dondozo
|-start|p2a: Slowking|move: Future Sight
|
|-damage|p2a: Slowking|82/100 brn|[from] brn
|upkeep
|turn|42
|
|t:|1779604379
|switch|p1a: Blissey|Blissey, F|87/100
|-prepare|p2a: Slowking|Chilly Reception|[premajor]
|move|p2a: Slowking|Chilly Reception|p2a: Slowking
|-weather|Snowscape
|
|t:|1779604389
|switch|p2a: Arcanine|Arcanine-Hisui, F|9/100|[from] Chilly Reception
|
|-weather|Snowscape|[upkeep]
|-heal|p1a: Blissey|94/100|[from] item: Leftovers
|upkeep
|turn|43
|
|t:|1779604399
|switch|p1a: Dondozo|Dondozo, F, tera:Fighting|100/100 slp
|move|p2a: Arcanine|Flare Blitz|p1a: Dondozo
|-damage|p1a: Dondozo|58/100 slp
|
|-weather|Snowscape|[upkeep]
|-end|p1a: Dondozo|move: Future Sight
|-supereffective|p1a: Dondozo
|-damage|p1a: Dondozo|0 fnt
|faint|p1a: Dondozo
|upkeep
|
|t:|1779604413
|switch|p1a: Toxapex|Toxapex, F|64/100
|turn|44
|
|t:|1779604418
|switch|p2a: Corviknight|Corviknight, M|64/100
|-ability|p2a: Corviknight|Pressure
|move|p1a: Toxapex|Poison Jab|p2a: Corviknight
|-immune|p2a: Corviknight
|
|-weather|Snowscape|[upkeep]
|upkeep
|turn|45
|
|t:|1779604427
|move|p2a: Corviknight|Roost|p2a: Corviknight
|-heal|p2a: Corviknight|100/100
|-singleturn|p2a: Corviknight|move: Roost
|move|p1a: Toxapex|Recover|p1a: Toxapex
|-heal|p1a: Toxapex|100/100
|
|-weather|Snowscape|[upkeep]
|upkeep
|turn|46
|
|t:|1779604436
|switch|p1a: Gliscor|Gliscor, M|72/100 tox
|move|p2a: Corviknight|U-turn|p1a: Gliscor
|-resisted|p1a: Gliscor
|-damage|p1a: Gliscor|66/100 tox
|
|t:|1779604445
|switch|p2a: Great Tusk|Great Tusk|34/100|[from] U-turn
|
|-weather|none
|-heal|p1a: Gliscor|79/100 tox|[from] ability: Poison Heal
|upkeep
|turn|47
|
|t:|1779604454
|move|p1a: Gliscor|Protect|p1a: Gliscor
|-singleturn|p1a: Gliscor|Protect
|move|p2a: Great Tusk|Ice Spinner|p1a: Gliscor
|-activate|p1a: Gliscor|move: Protect
|
|-heal|p1a: Gliscor|91/100 tox|[from] ability: Poison Heal
|upkeep
|turn|48
|
|t:|1779604462
|move|p2a: Great Tusk|Stealth Rock|p1a: Gliscor
|-sidestart|p1: diegoparra27|move: Stealth Rock
|move|p1a: Gliscor|Earthquake|p2a: Great Tusk
|-damage|p2a: Great Tusk|13/100
|
|-heal|p1a: Gliscor|100/100 tox|[from] ability: Poison Heal
|upkeep
|turn|49
|
|t:|1779604469
|move|p2a: Great Tusk|Ice Spinner|p1a: Gliscor
|-supereffective|p1a: Gliscor
|-damage|p1a: Gliscor|29/100 tox
|move|p1a: Gliscor|Earthquake|p2a: Great Tusk
|-damage|p2a: Great Tusk|0 fnt
|faint|p2a: Great Tusk
|-end|p2a: Great Tusk|Protosynthesis|[silent]
|
|-heal|p1a: Gliscor|41/100 tox|[from] ability: Poison Heal
|upkeep
|
|t:|1779604479
|switch|p2a: Arcanine|Arcanine-Hisui, F|9/100
|turn|50
|
|t:|1779604485
|move|p1a: Gliscor|Protect|p1a: Gliscor
|-singleturn|p1a: Gliscor|Protect
|move|p2a: Arcanine|Head Smash|p1a: Gliscor
|-activate|p1a: Gliscor|move: Protect
|
|-heal|p1a: Gliscor|54/100 tox|[from] ability: Poison Heal
|upkeep
|turn|51
|
|t:|1779604496
|switch|p1a: Weezing|Weezing-Galar, M|98/100
|-ability|p1a: Weezing|Neutralizing Gas
|move|p2a: Arcanine|Head Smash|p1a: Weezing
|-damage|p1a: Weezing|26/100
|-damage|p2a: Arcanine|0 fnt|[from] Recoil
|faint|p2a: Arcanine
|
|upkeep
|
|t:|1779604506
|switch|p2a: Dragapult|Dragapult, F|83/100
|turn|52
|
|t:|1779604514
|-end|p1a: Weezing|ability: Neutralizing Gas
|switch|p1a: Blissey|Blissey, F|94/100
|-damage|p1a: Blissey|81/100|[from] Stealth Rock
|move|p2a: Dragapult|U-turn|p1a: Blissey
|-damage|p1a: Blissey|64/100
|
|t:|1779604521
|switch|p2a: Kingambit|Kingambit, F|100/100|[from] U-turn
|-activate|p2a: Kingambit|ability: Supreme Overlord
|-start|p2a: Kingambit|fallen2|[silent]
|
|-heal|p1a: Blissey|70/100|[from] item: Leftovers
|upkeep
|turn|53
|
|t:|1779604528
|switch|p1a: Corviknight|Corviknight, F|100/100
|-damage|p1a: Corviknight|88/100|[from] Stealth Rock
|-ability|p1a: Corviknight|Pressure
|move|p2a: Kingambit|Swords Dance|p2a: Kingambit
|-boost|p2a: Kingambit|atk|2
|
|-heal|p1a: Corviknight|94/100|[from] item: Leftovers
|upkeep
|turn|54
|
|t:|1779604539
|-terastallize|p2a: Kingambit|Fire
|move|p1a: Corviknight|Iron Defense|p1a: Corviknight
|-boost|p1a: Corviknight|def|2
|move|p2a: Kingambit|Kowtow Cleave|p1a: Corviknight
|-damage|p1a: Corviknight|57/100
|
|-heal|p1a: Corviknight|63/100|[from] item: Leftovers
|upkeep
|turn|55
|
|t:|1779604548
|-end|p2a: Kingambit|fallen2|[silent]
|switch|p2a: Dragapult|Dragapult, F|83/100
|move|p1a: Corviknight|Iron Defense|p1a: Corviknight
|-boost|p1a: Corviknight|def|2
|
|-heal|p1a: Corviknight|70/100|[from] item: Leftovers
|upkeep
|turn|56
|
|t:|1779604556
|move|p2a: Dragapult|Shadow Ball|p1a: Corviknight
|-damage|p1a: Corviknight|17/100
|move|p1a: Corviknight|Roost|p1a: Corviknight
|-heal|p1a: Corviknight|67/100
|-singleturn|p1a: Corviknight|move: Roost
|
|-heal|p1a: Corviknight|73/100|[from] item: Leftovers
|upkeep
|turn|57
|
|t:|1779604565
|move|p2a: Dragapult|Shadow Ball|p1a: Corviknight
|-damage|p1a: Corviknight|20/100
|move|p1a: Corviknight|Roost|p1a: Corviknight
|-heal|p1a: Corviknight|71/100
|-singleturn|p1a: Corviknight|move: Roost
|
|-heal|p1a: Corviknight|77/100|[from] item: Leftovers
|upkeep
|turn|58
|
|t:|1779604576
|switch|p1a: Blissey|Blissey, F|70/100
|-damage|p1a: Blissey|58/100|[from] Stealth Rock
|move|p2a: Dragapult|Shadow Ball|p1a: Blissey
|-immune|p1a: Blissey
|
|-heal|p1a: Blissey|64/100|[from] item: Leftovers
|upkeep
|turn|59
|
|t:|1779604587
|switch|p2a: Slowking|Slowking-Galar, M|100/100 brn
|move|p1a: Blissey|Stealth Rock|p2a: Slowking
|-sidestart|p2: nerdy_head|move: Stealth Rock
|
|-heal|p1a: Blissey|70/100|[from] item: Leftovers
|-damage|p2a: Slowking|94/100 brn|[from] brn
|upkeep
|turn|60
|
|t:|1779604597
|switch|p1a: Weezing|Weezing-Galar, M|26/100
|-ability|p1a: Weezing|Neutralizing Gas
|move|p2a: Slowking|Future Sight|p1a: Weezing
|-start|p2a: Slowking|move: Future Sight
|
|-damage|p2a: Slowking|88/100 brn|[from] brn
|upkeep
|turn|61
|
|t:|1779604604
|move|p1a: Weezing|Pain Split|p2a: Slowking
|-sethp|p2a: Slowking|55/100 brn|[from] move: Pain Split|[silent]
|-sethp|p1a: Weezing|65/100|[from] move: Pain Split
|-prepare|p2a: Slowking|Chilly Reception|[premajor]
|move|p2a: Slowking|Chilly Reception|p2a: Slowking
|-weather|Snowscape
|
|t:|1779604615
|switch|p2a: Dragapult|Dragapult, F|83/100|[from] Chilly Reception
|-damage|p2a: Dragapult|70/100|[from] Stealth Rock
|
|-weather|Snowscape|[upkeep]
|upkeep
|turn|62
|
|t:|1779604622
|-end|p1a: Weezing|ability: Neutralizing Gas
|switch|p1a: Blissey|Blissey, F|70/100
|-damage|p1a: Blissey|58/100|[from] Stealth Rock
|move|p2a: Dragapult|U-turn|p1a: Blissey
|-damage|p1a: Blissey|40/100
|
|t:|1779604629
|switch|p2a: Kingambit|Kingambit, F, tera:Fire|100/100|[from] U-turn
|-damage|p2a: Kingambit|75/100|[from] Stealth Rock
|-activate|p2a: Kingambit|ability: Supreme Overlord
|-start|p2a: Kingambit|fallen2|[silent]
|
|-weather|Snowscape|[upkeep]
|-end|p1a: Blissey|move: Future Sight
|-damage|p1a: Blissey|25/100
|-heal|p1a: Blissey|31/100|[from] item: Leftovers
|-heal|p2a: Kingambit|82/100|[from] item: Leftovers
|upkeep
|turn|63
|
|t:|1779604641
|switch|p1a: Corviknight|Corviknight, F|77/100
|-damage|p1a: Corviknight|64/100|[from] Stealth Rock
|-ability|p1a: Corviknight|Pressure
|move|p2a: Kingambit|Kowtow Cleave|p1a: Corviknight
|-damage|p1a: Corviknight|22/100
|
|-weather|Snowscape|[upkeep]
|-heal|p1a: Corviknight|29/100|[from] item: Leftovers
|-heal|p2a: Kingambit|88/100|[from] item: Leftovers
|upkeep
|turn|64
|
|t:|1779604651
|move|p1a: Corviknight|Iron Defense|p1a: Corviknight
|-boost|p1a: Corviknight|def|2
|move|p2a: Kingambit|Kowtow Cleave|p1a: Corviknight
|-damage|p1a: Corviknight|10/100
|
|-weather|Snowscape|[upkeep]
|-heal|p1a: Corviknight|16/100|[from] item: Leftovers
|-heal|p2a: Kingambit|94/100|[from] item: Leftovers
|upkeep
|turn|65
|
|t:|1779604660
|-end|p2a: Kingambit|fallen2|[silent]
|switch|p2a: Dragapult|Dragapult, F|70/100
|-damage|p2a: Dragapult|58/100|[from] Stealth Rock
|move|p1a: Corviknight|Roost|p1a: Corviknight
|-heal|p1a: Corviknight|66/100
|-singleturn|p1a: Corviknight|move: Roost
|
|-weather|none
|-heal|p1a: Corviknight|72/100|[from] item: Leftovers
|upkeep
|turn|66
|
|t:|1779604674
|move|p2a: Dragapult|Shadow Ball|p1a: Corviknight
|-damage|p1a: Corviknight|21/100
|move|p1a: Corviknight|Iron Defense|p1a: Corviknight
|-boost|p1a: Corviknight|def|2
|
|-heal|p1a: Corviknight|27/100|[from] item: Leftovers
|upkeep
|turn|67
|-message|diegoparra27 forfeited.
|
|win|nerdy_head
|raw|diegoparra27's rating: 1432 &rarr; <strong>1412</strong><br />(-20 for losing)
|raw|nerdy_head's rating: 1439 &rarr; <strong>1459</strong><br />(+20 for winning)
|l|☆diegoparra27
|player|p1|
