|j|☆brrbrrfatapim
|j|☆Nertwerve
|t:|1779652810
|gametype|singles
|player|p1|brrbrrfatapim|brycenman|1130
|player|p2|Nertwerve|waitress-gen4|1071
|gen|9
|tier|[Gen 9] OU
|rated|
|rule|HP Percentage Mod: HP is shown in percentages
|rule|Endless Battle Clause: Forcing endless battles is banned
|rule|Species Clause: Limit one of each Pokémon
|rule|OHKO Clause: OHKO moves are banned
|rule|Evasion Items Clause: Evasion items are banned
|rule|Evasion Moves Clause: Evasion moves are banned
|rule|Evasion Abilities Clause: Evasion abilities are banned
|rule|Sleep Moves Clause: Sleep-inducing moves are banned
|clearpoke
|poke|p1|Gliscor, M|
|poke|p1|Blissey, F|
|poke|p1|Corviknight, F|
|poke|p1|Toxapex, F|
|poke|p1|Garganacl, F|
|poke|p1|Weezing-Galar, F|
|poke|p2|Conkeldurr, M|
|poke|p2|Scizor, F|
|poke|p2|Goodra, F|
|poke|p2|Clodsire, F|
|poke|p2|Dudunsparce-*, F|
|poke|p2|Zangoose, M|
|teampreview
|inactive|Battle timer is ON: inactive players will automatically lose when time's up. (requested by Nertwerve)
|inactive|Nertwerve has 120 seconds left.
|
|t:|1779652854
|teamsize|p1|6
|teamsize|p2|6
|start
|switch|p1a: Toxapex|Toxapex, F, shiny|100/100
|switch|p2a: Loafsire|Clodsire, F|100/100
|turn|1
|
|t:|1779652875
|switch|p1a: Garganacl|Garganacl, F, shiny|100/100
|move|p2a: Loafsire|Earthquake|p1a: Garganacl
|-supereffective|p1a: Garganacl
|-crit|p1a: Garganacl
|-damage|p1a: Garganacl|54/100
|
|-heal|p1a: Garganacl|60/100|[from] item: Leftovers
|upkeep
|turn|2
|
|t:|1779652891
|move|p1a: Garganacl|Recover|p1a: Garganacl
|-heal|p1a: Garganacl|100/100
|move|p2a: Loafsire|Earthquake|p1a: Garganacl
|-supereffective|p1a: Garganacl
|-damage|p1a: Garganacl|73/100
|
|-heal|p1a: Garganacl|79/100|[from] item: Leftovers
|upkeep
|turn|3
|inactive|Nertwerve has 120 seconds left.
|
|t:|1779652911
|switch|p2a: Hercules|Conkeldurr, M, shiny|100/100
|move|p1a: Garganacl|Stealth Rock|p2a: Hercules
|-sidestart|p2: Nertwerve|move: Stealth Rock
|
|-heal|p1a: Garganacl|86/100|[from] item: Leftovers
|-status|p2a: Hercules|brn|[from] item: Flame Orb
|upkeep
|turn|4
|inactive|Nertwerve has 120 seconds left.
|
|t:|1779652928
|switch|p1a: Weezing|Weezing-Galar, F, shiny|100/100
|-ability|p1a: Weezing|Neutralizing Gas
|move|p2a: Hercules|Knock Off|p1a: Weezing
|-resisted|p1a: Weezing
|-crit|p1a: Weezing
|-damage|p1a: Weezing|88/100
|-enditem|p1a: Weezing|Leftovers|[from] move: Knock Off|[of] p2a: Hercules
|
|-damage|p2a: Hercules|95/100 brn|[from] brn
|upkeep
|turn|5
|inactive|Nertwerve has 120 seconds left.
|inactive|brrbrrfatapim has 120 seconds left.
|
|t:|1779652946
|move|p2a: Hercules|Facade|p1a: Weezing
|-damage|p1a: Weezing|39/100
|move|p1a: Weezing|Toxic Spikes|p2a: Hercules
|-sidestart|p2: Nertwerve|move: Toxic Spikes
|
|-damage|p2a: Hercules|89/100 brn|[from] brn
|upkeep
|turn|6
|
|t:|1779652952
|move|p2a: Hercules|Facade|p1a: Weezing
|-damage|p1a: Weezing|0 fnt
|faint|p1a: Weezing
|-end|p1a: Weezing|ability: Neutralizing Gas
|
|-damage|p2a: Hercules|83/100 brn|[from] brn
|upkeep
|
|t:|1779652958
|switch|p1a: Gliscor|Gliscor, M, shiny|100/100
|turn|7
|
|t:|1779652965
|move|p1a: Gliscor|Swords Dance|p1a: Gliscor
|-boost|p1a: Gliscor|atk|2
|move|p2a: Hercules|Knock Off|p1a: Gliscor
|-damage|p1a: Gliscor|50/100
|-enditem|p1a: Gliscor|Toxic Orb|[from] move: Knock Off|[of] p2a: Hercules
|
|-damage|p2a: Hercules|77/100 brn|[from] brn
|upkeep
|turn|8
|-message|brrbrrfatapim forfeited.
|
|win|Nertwerve
|raw|brrbrrfatapim's rating: 1130 &rarr; <strong>1101</strong><br />(-29 for losing)
|raw|Nertwerve's rating: 1071 &rarr; <strong>1105</strong><br />(+34 for winning)
|l|☆brrbrrfatapim
|player|p1|
