|j|☆tommytt22
|j|☆firewall1234
|t:|1779617343
|gametype|singles
|player|p1|tommytt22|drayden|1597
|player|p2|firewall1234|hugh|1679
|gen|9
|tier|[Gen 9] OU
|rated|
|rule|HP Percentage Mod: HP is shown in percentages
|rule|Endless Battle Clause: Forcing endless battles is banned
|rule|Species Clause: Limit one of each Pokémon
|rule|OHKO Clause: OHKO moves are banned
|rule|Evasion Items Clause: Evasion items are banned
|rule|Evasion Moves Clause: Evasion moves are banned
|rule|Evasion Abilities Clause: Evasion abilities are banned
|rule|Sleep Moves Clause: Sleep-inducing moves are banned
|clearpoke
|poke|p1|Cinderace, M|
|poke|p1|Iron Valiant|
|poke|p1|Clodsire, M|
|poke|p1|Samurott-Hisui, F|
|poke|p1|Dragapult, M|
|poke|p1|Landorus-Therian, M|
|poke|p2|Hatterene, F|
|poke|p2|Great Tusk|
|poke|p2|Tornadus-Therian, M|
|poke|p2|Kyurem|
|poke|p2|Slowking-Galar, M|
|poke|p2|Kingambit, F|
|teampreview
|inactive|Battle timer is ON: inactive players will automatically lose when time's up. (requested by firewall1234)
|
|t:|1779617358
|teamsize|p1|6
|teamsize|p2|6
|start
|switch|p1a: Samurott|Samurott-Hisui, F|100/100
|switch|p2a: Tornadus|Tornadus-Therian, M|100/100
|turn|1
|
|t:|1779617363
|move|p2a: Tornadus|U-turn|p1a: Samurott
|-supereffective|p1a: Samurott
|-damage|p1a: Samurott|65/100
|
|t:|1779617366
|switch|p2a: Great Tusk|Great Tusk|100/100|[from] U-turn
|move|p1a: Samurott|Ceaseless Edge|p2a: Great Tusk|[miss]
|-miss|p1a: Samurott|p2a: Great Tusk
|
|upkeep
|turn|2
|
|t:|1779617376
|switch|p1a: Landorus|Landorus-Therian, M|100/100
|-ability|p1a: Landorus|Intimidate|boost
|-unboost|p2a: Great Tusk|atk|1
|move|p2a: Great Tusk|Stealth Rock|p1a: Landorus
|-sidestart|p1: tommytt22|move: Stealth Rock
|
|upkeep
|turn|3
|
|t:|1779617383
|switch|p1a: Iron Valiant|Iron Valiant|100/100
|-damage|p1a: Iron Valiant|94/100|[from] Stealth Rock
|move|p2a: Great Tusk|Ice Spinner|p1a: Iron Valiant
|-damage|p1a: Iron Valiant|69/100
|
|upkeep
|turn|4
|
|t:|1779617391
|-end|p2a: Great Tusk|Protosynthesis|[silent]
|switch|p2a: Tornadus|Tornadus-Therian, M|100/100
|move|p1a: Iron Valiant|Trick|p2a: Tornadus
|-activate|p1a: Iron Valiant|move: Trick|[of] p2a: Tornadus
|-item|p2a: Tornadus|Choice Scarf|[from] move: Trick
|-item|p1a: Iron Valiant|Assault Vest|[from] move: Trick
|
|upkeep
|turn|5
|
|t:|1779617399
|-end|p1a: Iron Valiant|Quark Drive|[silent]
|switch|p1a: Landorus|Landorus-Therian, M|100/100
|-damage|p1a: Landorus|88/100|[from] Stealth Rock
|-ability|p1a: Landorus|Intimidate|boost
|-unboost|p2a: Tornadus|atk|1
|move|p2a: Tornadus|U-turn|p1a: Landorus
|-resisted|p1a: Landorus
|-damage|p1a: Landorus|83/100
|
|t:|1779617402
|switch|p2a: Kyurem|Kyurem|100/100|[from] U-turn
|-ability|p2a: Kyurem|Pressure
|
|-heal|p1a: Landorus|89/100|[from] item: Leftovers
|upkeep
|turn|6
|
|t:|1779617412
|switch|p1a: Cinderace|Cinderace, M|100/100
|move|p2a: Kyurem|Freeze-Dry|p1a: Cinderace
|-resisted|p1a: Cinderace
|-damage|p1a: Cinderace|70/100
|
|upkeep
|turn|7
|
|t:|1779617418
|switch|p2a: Great Tusk|Great Tusk|100/100
|move|p1a: Cinderace|Court Change|p1a: Cinderace
|-swapsideconditions
|-activate|p1a: Cinderace|move: Court Change
|
|upkeep
|turn|8
|
|t:|1779617422
|move|p1a: Cinderace|Will-O-Wisp|p2a: Great Tusk
|-status|p2a: Great Tusk|brn
|move|p2a: Great Tusk|Stealth Rock|p1a: Cinderace
|-sidestart|p1: tommytt22|move: Stealth Rock
|
|-damage|p2a: Great Tusk|94/100 brn|[from] brn
|upkeep
|turn|9
|
|t:|1779617431
|switch|p1a: Dragapult|Dragapult, M|100/100
|-damage|p1a: Dragapult|88/100|[from] Stealth Rock
|move|p2a: Great Tusk|Headlong Rush|p1a: Dragapult
|-damage|p1a: Dragapult|48/100
|-unboost|p2a: Great Tusk|def|1
|-unboost|p2a: Great Tusk|spd|1
|
|-damage|p2a: Great Tusk|88/100 brn|[from] brn
|upkeep
|turn|10
|
|t:|1779617442
|-end|p2a: Great Tusk|Protosynthesis|[silent]
|switch|p2a: Slowking|Slowking-Galar, M|100/100
|-damage|p2a: Slowking|88/100|[from] Stealth Rock
|move|p1a: Dragapult|Surf|p2a: Slowking
|-damage|p2a: Slowking|69/100
|
|-heal|p2a: Slowking|75/100|[from] item: Black Sludge
|upkeep
|turn|11
|
|t:|1779617450
|move|p1a: Dragapult|Shadow Ball|p2a: Slowking
|-supereffective|p2a: Slowking
|-damage|p2a: Slowking|7/100
|-unboost|p2a: Slowking|spd|1
|-prepare|p2a: Slowking|Chilly Reception|[premajor]
|move|p2a: Slowking|Chilly Reception|p2a: Slowking
|-weather|Snowscape
|
|t:|1779617454
|switch|p2a: Tornadus|Tornadus-Therian, M|100/100|[from] Chilly Reception
|-damage|p2a: Tornadus|76/100|[from] Stealth Rock
|
|-weather|Snowscape|[upkeep]
|upkeep
|turn|12
|
|t:|1779617460
|move|p2a: Tornadus|Knock Off|p1a: Dragapult
|-supereffective|p1a: Dragapult
|-damage|p1a: Dragapult|0 fnt
|-enditem|p1a: Dragapult|Expert Belt|[from] move: Knock Off|[of] p2a: Tornadus
|faint|p1a: Dragapult
|
|-weather|Snowscape|[upkeep]
|upkeep
|
|t:|1779617471
|switch|p1a: Iron Valiant|Iron Valiant|69/100
|-damage|p1a: Iron Valiant|62/100|[from] Stealth Rock
|turn|13
|
|t:|1779617479
|switch|p2a: Hatterene|Hatterene, F, shiny|100/100
|-damage|p2a: Hatterene|88/100|[from] Stealth Rock
|move|p1a: Iron Valiant|Thunderbolt|p2a: Hatterene
|-damage|p2a: Hatterene|57/100
|
|-weather|Snowscape|[upkeep]
|upkeep
|turn|14
|
|t:|1779617483
|move|p1a: Iron Valiant|Moonblast|p2a: Hatterene
|-damage|p2a: Hatterene|5/100
|move|p2a: Hatterene|Draining Kiss|p1a: Iron Valiant
|-supereffective|p1a: Iron Valiant
|-damage|p1a: Iron Valiant|0 fnt
|-heal|p2a: Hatterene|47/100|[from] drain|[of] p1a: Iron Valiant
|faint|p1a: Iron Valiant
|-end|p1a: Iron Valiant|Quark Drive|[silent]
|
|-weather|Snowscape|[upkeep]
|upkeep
|
|t:|1779617495
|switch|p1a: Landorus|Landorus-Therian, M|89/100
|-damage|p1a: Landorus|76/100|[from] Stealth Rock
|-ability|p1a: Landorus|Intimidate|boost
|-unboost|p2a: Hatterene|atk|1
|turn|15
|
|t:|1779617503
|move|p1a: Landorus|Bulk Up|p1a: Landorus
|-boost|p1a: Landorus|atk|1
|-boost|p1a: Landorus|def|1
|move|p2a: Hatterene|Pain Split|p1a: Landorus
|-sethp|p1a: Landorus|61/100|[from] move: Pain Split|[silent]
|-sethp|p2a: Hatterene|62/100|[from] move: Pain Split
|
|-weather|none
|-heal|p1a: Landorus|67/100|[from] item: Leftovers
|upkeep
|turn|16
|
|t:|1779617509
|move|p1a: Landorus|Earthquake|p2a: Hatterene
|-damage|p2a: Hatterene|0 fnt
|faint|p2a: Hatterene
|
|-heal|p1a: Landorus|73/100|[from] item: Leftovers
|upkeep
|
|t:|1779617514
|switch|p2a: Kyurem|Kyurem|100/100
|-damage|p2a: Kyurem|76/100|[from] Stealth Rock
|-ability|p2a: Kyurem|Pressure
|turn|17
|
|t:|1779617519
|move|p2a: Kyurem|Freeze-Dry|p1a: Landorus
|-supereffective|p1a: Landorus
|-damage|p1a: Landorus|0 fnt
|faint|p1a: Landorus
|
|upkeep
|
|t:|1779617527
|switch|p1a: Cinderace|Cinderace, M|70/100
|turn|18
|
|t:|1779617530
|switch|p2a: Great Tusk|Great Tusk|88/100 brn
|-damage|p2a: Great Tusk|85/100 brn|[from] Stealth Rock
|move|p1a: Cinderace|Pyro Ball|p2a: Great Tusk
|-damage|p2a: Great Tusk|48/100 brn
|
|-damage|p2a: Great Tusk|42/100 brn|[from] brn
|upkeep
|turn|19
|
|t:|1779617543
|-terastallize|p1a: Cinderace|Fire
|move|p1a: Cinderace|Pyro Ball|p2a: Great Tusk
|-damage|p2a: Great Tusk|0 fnt
|faint|p2a: Great Tusk
|-end|p2a: Great Tusk|Protosynthesis|[silent]
|
|upkeep
|
|t:|1779617549
|switch|p2a: Tornadus|Tornadus-Therian, M|100/100
|-damage|p2a: Tornadus|76/100|[from] Stealth Rock
|turn|20
|
|t:|1779617557
|move|p2a: Tornadus|Bleakwind Storm|p1a: Cinderace
|-damage|p1a: Cinderace|27/100
|move|p1a: Cinderace|Pyro Ball|p2a: Tornadus
|-damage|p2a: Tornadus|0 fnt
|faint|p2a: Tornadus
|
|upkeep
|
|t:|1779617563
|switch|p2a: Kingambit|Kingambit, F, shiny|100/100
|-damage|p2a: Kingambit|94/100|[from] Stealth Rock
|-activate|p2a: Kingambit|ability: Supreme Overlord
|-start|p2a: Kingambit|fallen3|[silent]
|turn|21
|
|t:|1779617574
|switch|p1a: Clodsire|Clodsire, M|100/100
|-damage|p1a: Clodsire|94/100|[from] Stealth Rock
|-terastallize|p2a: Kingambit|Ghost
|move|p2a: Kingambit|Kowtow Cleave|p1a: Clodsire
|-damage|p1a: Clodsire|37/100
|
|-heal|p2a: Kingambit|100/100|[from] item: Leftovers
|-heal|p1a: Clodsire|43/100|[from] item: Leftovers
|upkeep
|turn|22
|
|t:|1779617584
|move|p2a: Kingambit|Kowtow Cleave|p1a: Clodsire
|-damage|p1a: Clodsire|0 fnt
|faint|p1a: Clodsire
|
|upkeep
|
|t:|1779617587
|switch|p1a: Samurott|Samurott-Hisui, F|65/100
|-damage|p1a: Samurott|52/100|[from] Stealth Rock
|turn|23
|
|t:|1779617591
|-end|p2a: Kingambit|fallen3|[silent]
|switch|p2a: Slowking|Slowking-Galar, M|40/100
|-damage|p2a: Slowking|27/100|[from] Stealth Rock
|move|p1a: Samurott|Ceaseless Edge|p2a: Slowking
|-supereffective|p2a: Slowking
|-damage|p2a: Slowking|0 fnt
|-sidestart|p2: firewall1234|Spikes
|faint|p2a: Slowking
|
|upkeep
|
|t:|1779617592
|switch|p2a: Kyurem|Kyurem|76/100
|-damage|p2a: Kyurem|51/100|[from] Stealth Rock
|-damage|p2a: Kyurem|39/100|[from] Spikes
|-ability|p2a: Kyurem|Pressure
|turn|24
|
|t:|1779617601
|move|p1a: Samurott|Sucker Punch|p2a: Kyurem
|-damage|p2a: Kyurem|8/100
|move|p2a: Kyurem|Freeze-Dry|p1a: Samurott
|-supereffective|p1a: Samurott
|-damage|p1a: Samurott|0 fnt
|faint|p1a: Samurott
|
|upkeep
|
|t:|1779617604
|switch|p1a: Cinderace|Cinderace, M, tera:Fire|27/100
|turn|25
|
|t:|1779617608
|move|p1a: Cinderace|U-turn|p2a: Kyurem
|-damage|p2a: Kyurem|0 fnt
|faint|p2a: Kyurem
|
|upkeep
|
|t:|1779617610
|switch|p2a: Kingambit|Kingambit, F, shiny, tera:Ghost|100/100
|-damage|p2a: Kingambit|88/100|[from] Stealth Rock
|-damage|p2a: Kingambit|76/100|[from] Spikes
|-activate|p2a: Kingambit|ability: Supreme Overlord
|-start|p2a: Kingambit|fallen5|[silent]
|turn|26
|
|t:|1779617617
|move|p2a: Kingambit|Sucker Punch|p1a: Cinderace
|-damage|p1a: Cinderace|0 fnt
|faint|p1a: Cinderace
|
|win|firewall1234
|raw|tommytt22's rating: 1597 &rarr; <strong>1582</strong><br />(-15 for losing)
|raw|firewall1234's rating: 1679 &rarr; <strong>1694</strong><br />(+15 for winning)
|l|☆tommytt22
|player|p1|
|l|☆firewall1234
|player|p2|
