|j|☆Team10thPlanet
|j|☆SaveBees
|t:|1779660242
|gametype|singles
|player|p1|Team10thPlanet|veteran|1589
|player|p2|SaveBees|102|1614
|gen|9
|tier|[Gen 9] OU
|rated|
|rule|HP Percentage Mod: HP is shown in percentages
|rule|Endless Battle Clause: Forcing endless battles is banned
|rule|Species Clause: Limit one of each Pokémon
|rule|OHKO Clause: OHKO moves are banned
|rule|Evasion Items Clause: Evasion items are banned
|rule|Evasion Moves Clause: Evasion moves are banned
|rule|Evasion Abilities Clause: Evasion abilities are banned
|rule|Sleep Moves Clause: Sleep-inducing moves are banned
|clearpoke
|poke|p1|Zamazenta-*|
|poke|p1|Dragonite, M|
|poke|p1|Araquanid, F|
|poke|p1|Iron Treads|
|poke|p1|Raikou|
|poke|p1|Hoopa-Unbound|
|poke|p2|Gliscor, M|
|poke|p2|Heatran, F|
|poke|p2|Sinistcha|
|poke|p2|Corviknight, M|
|poke|p2|Tentacruel, M|
|poke|p2|Darkrai|
|teampreview
|
|t:|1779660260
|teamsize|p1|6
|teamsize|p2|6
|start
|switch|p1a: Diego ⚡️|Raikou|100/100
|switch|p2a: Ares|Corviknight, M|100/100
|-ability|p1a: Diego ⚡️|Pressure
|-ability|p2a: Ares|Pressure
|turn|1
|
|t:|1779660279
|switch|p2a: Dionysus|Sinistcha|100/100
|move|p1a: Diego ⚡️|Scald|p2a: Dionysus
|-resisted|p2a: Dionysus
|-damage|p2a: Dionysus|76/100
|
|upkeep
|turn|2
|
|t:|1779660290
|switch|p1a: Johnny Tsunami 🌊|Araquanid, F|100/100
|move|p2a: Dionysus|Calm Mind|p2a: Dionysus
|-boost|p2a: Dionysus|spa|1
|-boost|p2a: Dionysus|spd|1
|
|upkeep
|turn|3
|
|t:|1779660298
|switch|p1a: Hoopa|Hoopa-Unbound|100/100
|move|p2a: Dionysus|Strength Sap|p1a: Hoopa
|-unboost|p1a: Hoopa|atk|1
|-heal|p2a: Dionysus|100/100
|
|upkeep
|turn|4
|
|t:|1779660308
|-terastallize|p2a: Dionysus|Fairy
|move|p1a: Hoopa|Dark Pulse|p2a: Dionysus
|-resisted|p2a: Dionysus
|-damage|p2a: Dionysus|81/100
|move|p2a: Dionysus|Calm Mind|p2a: Dionysus
|-boost|p2a: Dionysus|spa|1
|-boost|p2a: Dionysus|spd|1
|
|upkeep
|turn|5
|
|t:|1779660326
|switch|p1a: Johnny Tsunami 🌊|Araquanid, F|100/100
|move|p2a: Dionysus|Matcha Gotcha|p1a: Johnny Tsunami 🌊
|-damage|p1a: Johnny Tsunami 🌊|48/100
|-heal|p2a: Dionysus|100/100|[from] drain|[of] p1a: Johnny Tsunami 🌊
|
|upkeep
|turn|6
|
|t:|1779660339
|move|p1a: Johnny Tsunami 🌊|Endure|p1a: Johnny Tsunami 🌊
|-singleturn|p1a: Johnny Tsunami 🌊|move: Endure
|move|p2a: Dionysus|Matcha Gotcha|p1a: Johnny Tsunami 🌊
|-activate|p1a: Johnny Tsunami 🌊|move: Endure
|-damage|p1a: Johnny Tsunami 🌊|1/100
|
|upkeep
|turn|7
|-enditem|p1a: Johnny Tsunami 🌊|Custap Berry|[eat]
|-activate|p1a: Johnny Tsunami 🌊|item: Custap Berry|[consumed]
|
|t:|1779660347
|switch|p2a: Ares|Corviknight, M|100/100
|-ability|p2a: Ares|Pressure
|move|p1a: Johnny Tsunami 🌊|Endeavor|p2a: Ares
|-damage|p2a: Ares|1/100
|-damage|p1a: Johnny Tsunami 🌊|0 fnt|[from] item: Rocky Helmet|[of] p2a: Ares
|faint|p1a: Johnny Tsunami 🌊
|
|upkeep
|inactive|Battle timer is ON: inactive players will automatically lose when time's up. (requested by SaveBees)
|
|t:|1779660378
|switch|p1a: Diego ⚡️|Raikou|100/100
|-ability|p1a: Diego ⚡️|Pressure
|turn|8
|
|t:|1779660391
|move|p1a: Diego ⚡️|Scald|p2a: Ares
|-damage|p2a: Ares|0 fnt
|faint|p2a: Ares
|
|upkeep
|
|t:|1779660396
|switch|p2a: Hypnos|Darkrai|100/100
|turn|9
|
|t:|1779660403
|switch|p1a: Iron Treads|Iron Treads|100/100
|-enditem|p1a: Iron Treads|Booster Energy
|-activate|p1a: Iron Treads|ability: Quark Drive|[fromitem]
|-start|p1a: Iron Treads|quarkdrivespe
|move|p2a: Hypnos|Knock Off|p1a: Iron Treads
|-damage|p1a: Iron Treads|78/100
|
|upkeep
|turn|10
|
|t:|1779660414
|switch|p2a: Hades|Gliscor, M|100/100
|move|p1a: Iron Treads|Knock Off|p2a: Hades
|-damage|p2a: Hades|75/100
|-enditem|p2a: Hades|Toxic Orb|[from] move: Knock Off|[of] p1a: Iron Treads
|
|upkeep
|turn|11
|
|t:|1779660433
|move|p1a: Iron Treads|Knock Off|p2a: Hades
|-crit|p2a: Hades
|-damage|p2a: Hades|49/100
|move|p2a: Hades|Earthquake|p1a: Iron Treads
|-supereffective|p1a: Iron Treads
|-damage|p1a: Iron Treads|23/100
|
|upkeep
|turn|12
|
|t:|1779660449
|-end|p1a: Iron Treads|Quark Drive|[silent]
|switch|p1a: Fat Boy|Dragonite, M, shiny|100/100
|move|p2a: Hades|Earthquake|p1a: Fat Boy
|-immune|p1a: Fat Boy
|
|upkeep
|turn|13
|inactive|Team10thPlanet has 120 seconds left.
|
|t:|1779660478
|move|p2a: Hades|Knock Off|p1a: Fat Boy
|-damage|p1a: Fat Boy|91/100
|-enditem|p1a: Fat Boy|Choice Band|[from] move: Knock Off|[of] p2a: Hades
|move|p1a: Fat Boy|Outrage|p2a: Hades
|-damage|p2a: Hades|0 fnt
|faint|p2a: Hades
|
|upkeep
|
|t:|1779660485
|switch|p2a: Dionysus|Sinistcha, tera:Fairy|100/100
|turn|14
|
|t:|1779660491
|move|p2a: Dionysus|Calm Mind|p2a: Dionysus
|-boost|p2a: Dionysus|spa|1
|-boost|p2a: Dionysus|spd|1
|move|p1a: Fat Boy|Outrage|p2a: Dionysus|[from] lockedmove
|-immune|p2a: Dionysus
|-start|p1a: Fat Boy|confusion|[fatigue]
|
|upkeep
|turn|15
|inactive|Team10thPlanet has 120 seconds left.
|
|t:|1779660518
|switch|p1a: Diego ⚡️|Raikou|100/100
|-ability|p1a: Diego ⚡️|Pressure
|move|p2a: Dionysus|Shadow Ball|p1a: Diego ⚡️
|-damage|p1a: Diego ⚡️|49/100
|
|upkeep
|turn|16
|
|t:|1779660532
|-terastallize|p1a: Diego ⚡️|Electric
|move|p1a: Diego ⚡️|Thunderbolt|p2a: Dionysus
|-damage|p2a: Dionysus|31/100
|move|p2a: Dionysus|Matcha Gotcha|p1a: Diego ⚡️|[miss]
|-miss|p2a: Dionysus|p1a: Diego ⚡️
|
|upkeep
|turn|17
|-message|SaveBees forfeited.
|
|win|Team10thPlanet
|raw|Team10thPlanet's rating: 1589 &rarr; <strong>1610</strong><br />(+21 for winning)
|raw|SaveBees's rating: 1614 &rarr; <strong>1593</strong><br />(-21 for losing)
|l|☆SaveBees
|player|p2|
|l|☆Team10thPlanet
|player|p1|
