|j|☆volkron zz
|j|☆npctypebeat
|t:|1779656856
|gametype|singles
|player|p1|volkron zz|unknownf|1192
|player|p2|npctypebeat|101|1168
|gen|9
|tier|[Gen 9] OU
|rated|
|rule|HP Percentage Mod: HP is shown in percentages
|rule|Endless Battle Clause: Forcing endless battles is banned
|rule|Species Clause: Limit one of each Pokémon
|rule|OHKO Clause: OHKO moves are banned
|rule|Evasion Items Clause: Evasion items are banned
|rule|Evasion Moves Clause: Evasion moves are banned
|rule|Evasion Abilities Clause: Evasion abilities are banned
|rule|Sleep Moves Clause: Sleep-inducing moves are banned
|clearpoke
|poke|p1|Flapple, F|
|poke|p1|Meowstic, M|
|poke|p1|Enamorus, F|
|poke|p1|Ursaluna, M|
|poke|p1|Regieleki|
|poke|p1|Slowking-Galar, M|
|poke|p2|Gliscor, M|
|poke|p2|Gholdengo|
|poke|p2|Zamazenta-*|
|poke|p2|Blissey, F|
|poke|p2|Skarmory, M|
|poke|p2|Pecharunt|
|teampreview
|c|☆npctypebeat|hf
|inactive|Battle timer is ON: inactive players will automatically lose when time's up. (requested by volkron zz)
|
|t:|1779656862
|teamsize|p1|6
|teamsize|p2|6
|start
|switch|p1a: Enamorus|Enamorus, F|100/100
|switch|p2a: Skarmory|Skarmory, M|100/100
|turn|1
|inactive|npctypebeat also wants the timer to be on.
|
|t:|1779656886
|move|p1a: Enamorus|Mystical Fire|p2a: Skarmory
|-supereffective|p2a: Skarmory
|-ability|p2a: Skarmory|Sturdy
|-damage|p2a: Skarmory|1/100
|-unboost|p2a: Skarmory|spa|1
|move|p2a: Skarmory|Spikes|p1a: Enamorus
|-sidestart|p1: volkron zz|Spikes
|
|upkeep
|turn|2
|
|t:|1779656895
|switch|p2a: Blissey|Blissey, F|100/100
|move|p1a: Enamorus|Mystical Fire|p2a: Blissey
|-damage|p2a: Blissey|89/100
|-unboost|p2a: Blissey|spa|1
|
|upkeep
|turn|3
|
|t:|1779656898
|move|p1a: Enamorus|Mystical Fire|p2a: Blissey
|-damage|p2a: Blissey|75/100
|-unboost|p2a: Blissey|spa|1
|move|p2a: Blissey|Stealth Rock|p1a: Enamorus
|-sidestart|p1: volkron zz|move: Stealth Rock
|
|upkeep
|turn|4
|
|t:|1779656902
|switch|p1a: Regieleki|Regieleki|100/100
|-damage|p1a: Regieleki|88/100|[from] Spikes
|-damage|p1a: Regieleki|76/100|[from] Stealth Rock
|move|p2a: Blissey|Soft-Boiled|p2a: Blissey
|-heal|p2a: Blissey|100/100
|
|upkeep
|turn|5
|
|t:|1779656905
|switch|p2a: Zamazenta|Zamazenta|100/100
|-ability|p2a: Zamazenta|Dauntless Shield|boost
|-boost|p2a: Zamazenta|def|1
|move|p1a: Regieleki|Rapid Spin|p2a: Zamazenta
|-damage|p2a: Zamazenta|94/100
|-boost|p1a: Regieleki|spe|1
|-sideend|p1: volkron zz|Spikes|[from] move: Rapid Spin|[of] p1a: Regieleki
|-sideend|p1: volkron zz|Stealth Rock|[from] move: Rapid Spin|[of] p1a: Regieleki
|
|upkeep
|turn|6
|
|t:|1779656908
|switch|p1a: Enamorus|Enamorus, F|100/100
|move|p2a: Zamazenta|Ice Fang|p1a: Enamorus
|-supereffective|p1a: Enamorus
|-damage|p1a: Enamorus|29/100
|
|upkeep
|turn|7
|
|t:|1779656913
|switch|p1a: Ursaluna|Ursaluna, M|100/100
|move|p2a: Zamazenta|Ice Fang|p1a: Ursaluna
|-supereffective|p1a: Ursaluna
|-damage|p1a: Ursaluna|72/100
|
|-status|p1a: Ursaluna|brn|[from] item: Flame Orb
|upkeep
|turn|8
|
|t:|1779656923
|switch|p1a: Slowking|Slowking-Galar, M|100/100
|move|p2a: Zamazenta|Close Combat|p1a: Slowking
|-resisted|p1a: Slowking
|-damage|p1a: Slowking|85/100
|-unboost|p2a: Zamazenta|def|1
|-unboost|p2a: Zamazenta|spd|1
|
|upkeep
|turn|9
|
|t:|1779656932
|move|p2a: Zamazenta|Close Combat|p1a: Slowking
|-resisted|p1a: Slowking
|-damage|p1a: Slowking|71/100
|-unboost|p2a: Zamazenta|def|1
|-unboost|p2a: Zamazenta|spd|1
|move|p1a: Slowking|Future Sight|p2a: Zamazenta
|-start|p1a: Slowking|move: Future Sight
|
|upkeep
|turn|10
|
|t:|1779656945
|switch|p2a: Blissey|Blissey, F|100/100
|move|p1a: Slowking|Thunder Wave|p2a: Blissey
|-status|p2a: Blissey|par
|
|upkeep
|turn|11
|
|t:|1779656948
|switch|p1a: Ursaluna|Ursaluna, M|72/100 brn
|move|p2a: Blissey|Stealth Rock|p1a: Ursaluna
|-sidestart|p1: volkron zz|move: Stealth Rock
|
|-end|p2a: Blissey|move: Future Sight
|-damage|p2a: Blissey|87/100 par
|-damage|p1a: Ursaluna|66/100 brn|[from] brn
|upkeep
|turn|12
|
|t:|1779656952
|-curestatus|p2a: Blissey|par|[from] ability: Natural Cure|[silent]
|switch|p2a: Gliscor|Gliscor, M|100/100
|move|p1a: Ursaluna|Facade|p2a: Gliscor
|-crit|p2a: Gliscor
|-damage|p2a: Gliscor|0 fnt
|faint|p2a: Gliscor
|
|-damage|p1a: Ursaluna|60/100 brn|[from] brn
|upkeep
|
|t:|1779656960
|switch|p2a: Gholdengo|Gholdengo|100/100
|turn|13
|
|t:|1779656967
|move|p2a: Gholdengo|Nasty Plot|p2a: Gholdengo
|-boost|p2a: Gholdengo|spa|2
|move|p1a: Ursaluna|Headlong Rush|p2a: Gholdengo
|-supereffective|p2a: Gholdengo
|-damage|p2a: Gholdengo|0 fnt
|-unboost|p1a: Ursaluna|def|1
|-unboost|p1a: Ursaluna|spd|1
|faint|p2a: Gholdengo
|
|-damage|p1a: Ursaluna|54/100 brn|[from] brn
|upkeep
|
|t:|1779656973
|switch|p2a: Zamazenta|Zamazenta|94/100
|turn|14
|
|t:|1779656977
|move|p2a: Zamazenta|Close Combat|p1a: Ursaluna
|-supereffective|p1a: Ursaluna
|-damage|p1a: Ursaluna|0 fnt
|-unboost|p2a: Zamazenta|def|1
|-unboost|p2a: Zamazenta|spd|1
|faint|p1a: Ursaluna
|
|upkeep
|
|t:|1779656981
|switch|p1a: Regieleki|Regieleki|76/100
|-damage|p1a: Regieleki|64/100|[from] Stealth Rock
|turn|15
|
|t:|1779656984
|move|p1a: Regieleki|Volt Switch|p2a: Zamazenta
|-damage|p2a: Zamazenta|10/100
|
|t:|1779656987
|switch|p1a: Slowking|Slowking-Galar, M|100/100|[from] Volt Switch
|move|p2a: Zamazenta|Close Combat|p1a: Slowking
|-resisted|p1a: Slowking
|-damage|p1a: Slowking|85/100
|-unboost|p2a: Zamazenta|def|1
|-unboost|p2a: Zamazenta|spd|1
|
|upkeep
|turn|16
|
|t:|1779656999
|move|p2a: Zamazenta|Crunch|p1a: Slowking
|-supereffective|p1a: Slowking
|-damage|p1a: Slowking|29/100
|-prepare|p1a: Slowking|Chilly Reception|[premajor]
|move|p1a: Slowking|Chilly Reception|p1a: Slowking
|-weather|Snowscape
|
|t:|1779657001
|switch|p1a: Regieleki|Regieleki|64/100|[from] Chilly Reception
|-damage|p1a: Regieleki|51/100|[from] Stealth Rock
|
|-weather|Snowscape|[upkeep]
|upkeep
|turn|17
|
|t:|1779657008
|switch|p2a: Pecharunt|Pecharunt|100/100
|move|p1a: Regieleki|Volt Switch|p2a: Pecharunt
|-damage|p2a: Pecharunt|42/100
|
|t:|1779657012
|switch|p1a: Meowstic|Meowstic, M|100/100|[from] Volt Switch
|-damage|p1a: Meowstic|88/100|[from] Stealth Rock
|
|-weather|Snowscape|[upkeep]
|upkeep
|turn|18
|
|t:|1779657015
|move|p1a: Meowstic|Gravity|p1a: Meowstic
|-fieldstart|move: Gravity
|move|p2a: Pecharunt|Shadow Ball|p1a: Meowstic
|-supereffective|p1a: Meowstic
|-damage|p1a: Meowstic|47/100
|-enditem|p1a: Meowstic|Eject Button
|
|t:|1779657021
|switch|p1a: Regieleki|Regieleki|51/100
|-damage|p1a: Regieleki|39/100|[from] Stealth Rock
|
|-weather|Snowscape|[upkeep]
|upkeep
|turn|19
|
|t:|1779657025
|-terastallize|p1a: Regieleki|Electric
|move|p1a: Regieleki|Thunder|p2a: Pecharunt
|-damage|p2a: Pecharunt|0 fnt
|faint|p2a: Pecharunt
|
|-weather|Snowscape|[upkeep]
|upkeep
|
|t:|1779657030
|switch|p2a: Blissey|Blissey, F|87/100
|turn|20
|
|t:|1779657037
|move|p1a: Regieleki|Thunder|p2a: Blissey
|-damage|p2a: Blissey|52/100
|move|p2a: Blissey|Shadow Ball|p1a: Regieleki
|-damage|p1a: Regieleki|8/100
|
|-weather|none
|upkeep
|turn|21
|
|t:|1779657041
|move|p1a: Regieleki|Thunder|p2a: Blissey
|-damage|p2a: Blissey|12/100
|move|p2a: Blissey|Soft-Boiled|p2a: Blissey
|-heal|p2a: Blissey|62/100
|
|upkeep
|turn|22
|
|t:|1779657045
|move|p1a: Regieleki|Thunder|p2a: Blissey
|-damage|p2a: Blissey|20/100
|move|p2a: Blissey|Calm Mind|p2a: Blissey
|-boost|p2a: Blissey|spa|1
|-boost|p2a: Blissey|spd|1
|
|-fieldend|move: Gravity
|upkeep
|turn|23
|
|t:|1779657049
|move|p1a: Regieleki|Thunder|p2a: Blissey|[miss]
|-miss|p1a: Regieleki|p2a: Blissey
|move|p2a: Blissey|Shadow Ball|p1a: Regieleki
|-damage|p1a: Regieleki|0 fnt
|faint|p1a: Regieleki
|
|upkeep
|
|t:|1779657056
|switch|p1a: Flapple|Flapple, F|100/100
|-damage|p1a: Flapple|88/100|[from] Stealth Rock
|turn|24
|
|t:|1779657060
|move|p1a: Flapple|Grav Apple|p2a: Blissey|[miss]
|-miss|p1a: Flapple|p2a: Blissey
|move|p2a: Blissey|Soft-Boiled|p2a: Blissey
|-heal|p2a: Blissey|70/100
|
|upkeep
|turn|25
|
|t:|1779657073
|switch|p2a: Skarmory|Skarmory, M|1/100
|move|p1a: Flapple|Grav Apple|p2a: Skarmory|[miss]
|-miss|p1a: Flapple|p2a: Skarmory
|
|upkeep
|turn|26
|
|t:|1779657086
|move|p1a: Flapple|Grav Apple|p2a: Skarmory
|-resisted|p2a: Skarmory
|-damage|p2a: Skarmory|0 fnt
|faint|p2a: Skarmory
|
|upkeep
|
|t:|1779657097
|switch|p2a: Zamazenta|Zamazenta|10/100
|turn|27
|
|t:|1779657103
|switch|p1a: Slowking|Slowking-Galar, M|62/100
|move|p2a: Zamazenta|Ice Fang|p1a: Slowking
|-damage|p1a: Slowking|41/100
|
|upkeep
|turn|28
|
|t:|1779657114
|move|p2a: Zamazenta|Ice Fang|p1a: Slowking
|-crit|p1a: Slowking
|-damage|p1a: Slowking|9/100
|move|p1a: Slowking|Sludge Bomb|p2a: Zamazenta
|-damage|p2a: Zamazenta|0 fnt
|faint|p2a: Zamazenta
|
|upkeep
|
|t:|1779657127
|switch|p2a: Blissey|Blissey, F|70/100
|turn|29
|
|t:|1779657135
|move|p2a: Blissey|Shadow Ball|p1a: Slowking
|-supereffective|p1a: Slowking
|-damage|p1a: Slowking|0 fnt
|faint|p1a: Slowking
|
|upkeep
|
|t:|1779657138
|switch|p1a: Meowstic|Meowstic, M|47/100
|-damage|p1a: Meowstic|35/100|[from] Stealth Rock
|turn|30
|
|t:|1779657149
|move|p1a: Meowstic|Gravity|p1a: Meowstic
|-fieldstart|move: Gravity
|move|p2a: Blissey|Shadow Ball|p1a: Meowstic
|-supereffective|p1a: Meowstic
|-damage|p1a: Meowstic|13/100
|
|upkeep
|turn|31
|
|t:|1779657168
|move|p1a: Meowstic|Light Screen|p1a: Meowstic
|-sidestart|p1: volkron zz|move: Light Screen
|move|p2a: Blissey|Soft-Boiled|p2a: Blissey
|-heal|p2a: Blissey|100/100
|
|upkeep
|turn|32
|
|t:|1779657182
|switch|p1a: Flapple|Flapple, F|88/100
|-damage|p1a: Flapple|76/100|[from] Stealth Rock
|move|p2a: Blissey|Shadow Ball|p1a: Flapple
|-damage|p1a: Flapple|62/100
|
|upkeep
|turn|33
|
|t:|1779657199
|move|p1a: Flapple|Grav Apple|p2a: Blissey
|-crit|p2a: Blissey
|-damage|p2a: Blissey|0 fnt
|faint|p2a: Blissey
|
|win|volkron zz
|raw|volkron zz's rating: 1192 &rarr; <strong>1216</strong><br />(+24 for winning)
|raw|npctypebeat's rating: 1182 &rarr; <strong>1158</strong><br />(-24 for losing)
|c|☆npctypebeat|gg
|l|☆volkron zz
|player|p1|
