|j|☆tghvccc
|j|☆jinmuyan000777
|t:|1779619875
|gametype|singles
|player|p1|tghvccc|265|1103
|player|p2|jinmuyan000777|veteran|1113
|gen|9
|tier|[Gen 9] OU
|rated|
|rule|HP Percentage Mod: HP is shown in percentages
|rule|Endless Battle Clause: Forcing endless battles is banned
|rule|Species Clause: Limit one of each Pokémon
|rule|OHKO Clause: OHKO moves are banned
|rule|Evasion Items Clause: Evasion items are banned
|rule|Evasion Moves Clause: Evasion moves are banned
|rule|Evasion Abilities Clause: Evasion abilities are banned
|rule|Sleep Moves Clause: Sleep-inducing moves are banned
|clearpoke
|poke|p1|Hatterene, F|
|poke|p1|Volcanion|
|poke|p1|Iron Hands|
|poke|p1|Gengar, F|
|poke|p1|Glastrier|
|poke|p1|Ursaluna, F|
|poke|p2|Regieleki|
|poke|p2|Electrode-Hisui|
|poke|p2|Rillaboom, F|
|poke|p2|Pincurchin, F|
|poke|p2|Ogerpon-Wellspring, F|
|poke|p2|Iron Treads|
|teampreview
|
|t:|1779619889
|teamsize|p1|6
|teamsize|p2|6
|start
|switch|p1a: Iron Hands|Iron Hands|100/100
|switch|p2a: Rillaboom|Rillaboom, F|100/100
|-fieldstart|move: Grassy Terrain|[from] ability: Grassy Surge|[of] p2a: Rillaboom
|turn|1
|
|t:|1779619901
|move|p2a: Rillaboom|Wood Hammer|p1a: Iron Hands
|-damage|p1a: Iron Hands|19/100
|-damage|p2a: Rillaboom|65/100|[from] Recoil
|move|p1a: Iron Hands|Ice Punch|p2a: Rillaboom
|-supereffective|p2a: Rillaboom
|-damage|p2a: Rillaboom|0 fnt
|faint|p2a: Rillaboom
|
|-heal|p1a: Iron Hands|25/100|[from] Grassy Terrain
|upkeep
|
|t:|1779619915
|switch|p2a: Electrode|Electrode-Hisui|100/100
|turn|2
|
|t:|1779619924
|move|p2a: Electrode|Chloroblast|p1a: Iron Hands|[miss]
|-miss|p2a: Electrode|p1a: Iron Hands
|move|p1a: Iron Hands|Ice Punch|p2a: Electrode
|-supereffective|p2a: Electrode
|-damage|p2a: Electrode|4/100
|
|-heal|p2a: Electrode|10/100|[from] Grassy Terrain
|-heal|p1a: Iron Hands|31/100|[from] Grassy Terrain
|upkeep
|turn|3
|
|t:|1779619936
|move|p2a: Electrode|Chloroblast|p1a: Iron Hands|[miss]
|-miss|p2a: Electrode|p1a: Iron Hands
|move|p1a: Iron Hands|Ice Punch|p2a: Electrode
|-supereffective|p2a: Electrode
|-crit|p2a: Electrode
|-damage|p2a: Electrode|0 fnt
|-damage|p1a: Iron Hands|6/100|[from] ability: Aftermath|[of] p2a: Electrode
|faint|p2a: Electrode
|
|-heal|p1a: Iron Hands|13/100|[from] Grassy Terrain
|upkeep
|
|t:|1779619949
|switch|p2a: Regieleki|Regieleki|100/100
|turn|4
|
|t:|1779619957
|-end|p1a: Iron Hands|Quark Drive|[silent]
|switch|p1a: Ursaluna|Ursaluna, F|100/100
|move|p2a: Regieleki|Extreme Speed|p1a: Ursaluna
|-damage|p1a: Ursaluna|70/100
|
|-heal|p1a: Ursaluna|76/100|[from] Grassy Terrain
|-status|p1a: Ursaluna|brn|[from] item: Flame Orb
|upkeep
|turn|5
|
|t:|1779619973
|switch|p2a: Iron Treads|Iron Treads|100/100
|move|p1a: Ursaluna|Earthquake|p2a: Iron Treads
|-supereffective|p2a: Iron Treads
|-damage|p2a: Iron Treads|16/100
|
|-heal|p2a: Iron Treads|22/100|[from] Grassy Terrain
|-heal|p1a: Ursaluna|82/100 brn|[from] Grassy Terrain
|-damage|p1a: Ursaluna|76/100 brn|[from] brn
|-fieldend|move: Grassy Terrain
|upkeep
|turn|6
|
|t:|1779619986
|move|p2a: Iron Treads|Earthquake|p1a: Ursaluna
|-damage|p1a: Ursaluna|31/100 brn
|move|p1a: Ursaluna|Earthquake|p2a: Iron Treads
|-supereffective|p2a: Iron Treads
|-damage|p2a: Iron Treads|0 fnt
|faint|p2a: Iron Treads
|-end|p2a: Iron Treads|Quark Drive|[silent]
|
|-damage|p1a: Ursaluna|25/100 brn|[from] brn
|upkeep
|
|t:|1779619996
|switch|p2a: Ogerpon|Ogerpon-Wellspring, F|100/100
|turn|7
|
|t:|1779620003
|move|p2a: Ogerpon|Swords Dance|p2a: Ogerpon
|-boost|p2a: Ogerpon|atk|2
|move|p1a: Ursaluna|Facade|p2a: Ogerpon
|-damage|p2a: Ogerpon|0 fnt
|faint|p2a: Ogerpon
|
|-damage|p1a: Ursaluna|19/100 brn|[from] brn
|upkeep
|-message|jinmuyan000777 forfeited.
|
|win|tghvccc
|raw|tghvccc's rating: 1103 &rarr; <strong>1129</strong><br />(+26 for winning)
|raw|jinmuyan000777's rating: 1113 &rarr; <strong>1087</strong><br />(-26 for losing)
|l|☆jinmuyan000777
|player|p2|
|l|☆tghvccc
|player|p1|
