|j|☆MAGAboominGOOCH
|j|☆shauryagarchamp
|t:|1779595999
|gametype|singles
|player|p1|MAGAboominGOOCH|supernerd|1118
|player|p2|shauryagarchamp|elesa-masters3|1096
|gen|9
|tier|[Gen 9] OU
|rated|
|rule|HP Percentage Mod: HP is shown in percentages
|rule|Endless Battle Clause: Forcing endless battles is banned
|rule|Species Clause: Limit one of each Pokémon
|rule|OHKO Clause: OHKO moves are banned
|rule|Evasion Items Clause: Evasion items are banned
|rule|Evasion Moves Clause: Evasion moves are banned
|rule|Evasion Abilities Clause: Evasion abilities are banned
|rule|Sleep Moves Clause: Sleep-inducing moves are banned
|clearpoke
|poke|p1|Volbeat, M|
|poke|p1|Cloyster, F|
|poke|p1|Kingdra, F|
|poke|p1|Salamence, M|
|poke|p1|Cinccino, F|
|poke|p1|Palossand, F|
|poke|p2|Weezing-Galar, M|
|poke|p2|Goodra-Hisui, F|
|poke|p2|Ceruledge, M|
|poke|p2|Thundurus-Therian, M|
|poke|p2|Weavile, F|
|poke|p2|Gastrodon-East, F|
|teampreview
|inactive|Battle timer is ON: inactive players will automatically lose when time's up. (requested by shauryagarchamp)
|
|t:|1779596002
|teamsize|p1|6
|teamsize|p2|6
|start
|switch|p1a: Clarizza|Cloyster, F|100/100
|switch|p2a: 20 unfair turns|Gastrodon-East, F|100/100
|turn|1
|
|t:|1779596010
|move|p1a: Clarizza|Shell Smash|p1a: Clarizza
|-unboost|p1a: Clarizza|def|1
|-unboost|p1a: Clarizza|spd|1
|-boost|p1a: Clarizza|atk|2
|-boost|p1a: Clarizza|spa|2
|-boost|p1a: Clarizza|spe|2
|move|p2a: 20 unfair turns|Clear Smog|p1a: Clarizza
|-damage|p1a: Clarizza|55/100
|-clearboost|p1a: Clarizza
|
|upkeep
|turn|2
|
|t:|1779596020
|move|p1a: Clarizza|Icicle Spear|p2a: 20 unfair turns
|-damage|p2a: 20 unfair turns|88/100
|-damage|p2a: 20 unfair turns|77/100
|-damage|p2a: 20 unfair turns|65/100
|-damage|p2a: 20 unfair turns|52/100
|-damage|p2a: 20 unfair turns|39/100
|-hitcount|p2a: 20 unfair turns|5
|move|p2a: 20 unfair turns|Stealth Rock|p1a: Clarizza
|-sidestart|p1: MAGAboominGOOCH|move: Stealth Rock
|
|upkeep
|turn|3
|
|t:|1779596031
|move|p1a: Clarizza|Icicle Spear|p2a: 20 unfair turns
|-damage|p2a: 20 unfair turns|26/100
|-damage|p2a: 20 unfair turns|14/100
|-damage|p2a: 20 unfair turns|1/100
|-damage|p2a: 20 unfair turns|0 fnt
|faint|p2a: 20 unfair turns
|-hitcount|p2: 20 unfair turns|4
|
|upkeep
|
|t:|1779596043
|switch|p2a: Full utility|Weavile, F|100/100
|turn|4
|
|t:|1779596051
|move|p2a: Full utility|Low Sweep|p1a: Clarizza
|-supereffective|p1a: Clarizza
|-damage|p1a: Clarizza|17/100
|-unboost|p1a: Clarizza|spe|1
|move|p1a: Clarizza|Rock Blast|p2a: Full utility
|-supereffective|p2a: Full utility
|-damage|p2a: Full utility|77/100
|-supereffective|p2a: Full utility
|-damage|p2a: Full utility|53/100
|-supereffective|p2a: Full utility
|-damage|p2a: Full utility|30/100
|-supereffective|p2a: Full utility
|-damage|p2a: Full utility|7/100
|-supereffective|p2a: Full utility
|-damage|p2a: Full utility|0 fnt
|faint|p2a: Full utility
|-hitcount|p2: Full utility|5
|
|upkeep
|
|t:|1779596068
|switch|p2a: Long time bud|Ceruledge, M, shiny|100/100
|turn|5
|
|t:|1779596076
|move|p2a: Long time bud|Shadow Sneak|p1a: Clarizza
|-damage|p1a: Clarizza|0 fnt
|faint|p1a: Clarizza
|
|upkeep
|
|t:|1779596088
|switch|p1a: Salama|Salamence, M|100/100
|-damage|p1a: Salama|76/100|[from] Stealth Rock
|-ability|p1a: Salama|Intimidate|boost
|-unboost|p2a: Long time bud|atk|1
|turn|6
|
|t:|1779596100
|-terastallize|p2a: Long time bud|Grass
|move|p1a: Salama|Rain Dance|p1a: Salama
|-weather|RainDance
|move|p2a: Long time bud|Swords Dance|p2a: Long time bud
|-boost|p2a: Long time bud|atk|2
|
|-weather|RainDance|[upkeep]
|upkeep
|turn|7
|
|t:|1779596111
|move|p1a: Salama|Hurricane|p2a: Long time bud
|-supereffective|p2a: Long time bud
|-damage|p2a: Long time bud|0 fnt
|faint|p2a: Long time bud
|
|-weather|RainDance|[upkeep]
|upkeep
|
|t:|1779596118
|switch|p2a: Thundurus|Thundurus-Therian, M|100/100
|turn|8
|inactive|MAGAboominGOOCH has 120 seconds left.
|
|t:|1779596153
|move|p1a: Salama|Dragon Pulse|p2a: Thundurus
|-damage|p2a: Thundurus|46/100
|move|p2a: Thundurus|Agility|p2a: Thundurus
|-boost|p2a: Thundurus|spe|2
|
|-weather|RainDance|[upkeep]
|upkeep
|turn|9
|
|t:|1779596165
|move|p2a: Thundurus|Discharge|p1a: Salama
|-damage|p1a: Salama|0 fnt
|faint|p1a: Salama
|-damage|p2a: Thundurus|36/100|[from] item: Life Orb
|
|-weather|RainDance|[upkeep]
|upkeep
|
|t:|1779596168
|switch|p1a: Palossand|Palossand, F|100/100
|-damage|p1a: Palossand|94/100|[from] Stealth Rock
|turn|10
|
|t:|1779596180
|move|p2a: Thundurus|Psychic|p1a: Palossand
|-damage|p1a: Palossand|43/100
|-damage|p2a: Thundurus|27/100|[from] item: Life Orb
|move|p1a: Palossand|Poltergeist|p2a: Thundurus
|-activate|p2a: Thundurus|move: Poltergeist|Life Orb
|-damage|p2a: Thundurus|0 fnt
|faint|p2a: Thundurus
|
|-weather|RainDance|[upkeep]
|-heal|p1a: Palossand|49/100|[from] item: Leftovers
|upkeep
|
|t:|1779596195
|switch|p2a: Goodra|Goodra-Hisui, F|100/100
|turn|11
|
|t:|1779596206
|move|p2a: Goodra|Surf|p1a: Palossand
|-supereffective|p1a: Palossand
|-damage|p1a: Palossand|0 fnt
|faint|p1a: Palossand
|
|-weather|RainDance|[upkeep]
|upkeep
|
|t:|1779596212
|switch|p1a: Shehorse|Kingdra, F, shiny|100/100
|-damage|p1a: Shehorse|88/100|[from] Stealth Rock
|turn|12
|
|t:|1779596225
|-terastallize|p1a: Shehorse|Water
|move|p1a: Shehorse|Draco Meteor|p2a: Goodra
|-damage|p2a: Goodra|41/100
|-unboost|p1a: Shehorse|spa|2
|move|p2a: Goodra|Dragon Tail|p1a: Shehorse
|-damage|p1a: Shehorse|59/100
|drag|p1a: Paul|Cinccino, F|100/100
|-damage|p1a: Paul|88/100|[from] Stealth Rock
|
|-weather|RainDance|[upkeep]
|-heal|p2a: Goodra|47/100|[from] item: Leftovers
|upkeep
|turn|13
|
|t:|1779596244
|move|p1a: Paul|Tidy Up|p1a: Paul
|-sideend|p1: MAGAboominGOOCH|Stealth Rock
|-activate|p1a: Paul|move: Tidy Up
|-boost|p1a: Paul|atk|1
|-boost|p1a: Paul|spe|1
|move|p2a: Goodra|Substitute|p2a: Goodra
|-start|p2a: Goodra|Substitute
|-damage|p2a: Goodra|22/100
|
|-weather|none
|-heal|p2a: Goodra|28/100|[from] item: Leftovers
|upkeep
|turn|14
|
|t:|1779596255
|move|p1a: Paul|Tail Slap|p2a: Goodra
|-resisted|p2a: Goodra
|-activate|p2a: Goodra|move: Substitute|[damage]
|-resisted|p2a: Goodra
|-activate|p2a: Goodra|move: Substitute|[damage]
|-resisted|p2a: Goodra
|-activate|p2a: Goodra|move: Substitute|[damage]
|-resisted|p2a: Goodra
|-end|p2a: Goodra|Substitute
|-resisted|p2a: Goodra
|-damage|p2a: Goodra|20/100
|-hitcount|p2a: Goodra|5
|move|p2a: Goodra|Dragon Tail|p1a: Paul
|-damage|p1a: Paul|40/100
|drag|p1a: Shehorse|Kingdra, F, shiny, tera:Water|59/100
|
|-heal|p2a: Goodra|26/100|[from] item: Leftovers
|upkeep
|turn|15
|
|t:|1779596276
|switch|p2a: Ehgh ehhh|Weezing-Galar, M|100/100
|move|p1a: Shehorse|Hurricane|p2a: Ehgh ehhh|[miss]
|-miss|p1a: Shehorse|p2a: Ehgh ehhh
|
|upkeep
|turn|16
|
|t:|1779596289
|switch|p1a: Thanos|Volbeat, M, shiny|100/100
|move|p2a: Ehgh ehhh|Sludge Bomb|p1a: Thanos
|-crit|p1a: Thanos
|-damage|p1a: Thanos|40/100
|
|upkeep
|turn|17
|
|t:|1779596298
|move|p1a: Thanos|Thunder Wave|p2a: Ehgh ehhh|[miss]
|-miss|p1a: Thanos|p2a: Ehgh ehhh
|move|p2a: Ehgh ehhh|Sludge Bomb|p1a: Thanos
|-damage|p1a: Thanos|0 fnt
|faint|p1a: Thanos
|
|upkeep
|
|t:|1779596305
|switch|p1a: Shehorse|Kingdra, F, shiny, tera:Water|59/100
|turn|18
|
|t:|1779596313
|move|p1a: Shehorse|Scald|p2a: Ehgh ehhh
|-damage|p2a: Ehgh ehhh|32/100
|move|p2a: Ehgh ehhh|Will-O-Wisp|p1a: Shehorse
|-status|p1a: Shehorse|brn
|
|-heal|p2a: Ehgh ehhh|38/100|[from] item: Black Sludge
|-damage|p1a: Shehorse|53/100 brn|[from] brn
|upkeep
|turn|19
|c|☆MAGAboominGOOCH|egggehhh
|
|t:|1779596320
|move|p1a: Shehorse|Scald|p2a: Ehgh ehhh
|-crit|p2a: Ehgh ehhh
|-damage|p2a: Ehgh ehhh|0 fnt
|faint|p2a: Ehgh ehhh
|
|-damage|p1a: Shehorse|47/100 brn|[from] brn
|upkeep
|
|t:|1779596324
|switch|p2a: Goodra|Goodra-Hisui, F|26/100
|turn|20
|
|t:|1779596330
|switch|p1a: Paul|Cinccino, F|40/100
|move|p2a: Goodra|Dragon Tail|p1a: Paul
|-damage|p1a: Paul|0 fnt
|faint|p1a: Paul
|
|-heal|p2a: Goodra|32/100|[from] item: Leftovers
|upkeep
|
|t:|1779596335
|switch|p1a: Shehorse|Kingdra, F, shiny, tera:Water|47/100 brn
|turn|21
|
|t:|1779596349
|move|p1a: Shehorse|Draco Meteor|p2a: Goodra
|-damage|p2a: Goodra|0 fnt
|-unboost|p1a: Shehorse|spa|2
|faint|p2a: Goodra
|
|win|MAGAboominGOOCH
|raw|MAGAboominGOOCH's rating: 1118 &rarr; <strong>1141</strong><br />(+23 for winning)
|raw|shauryagarchamp's rating: 1096 &rarr; <strong>1073</strong><br />(-23 for losing)
|l|☆shauryagarchamp
|player|p2|
|c|☆MAGAboominGOOCH|gg wp
|l|☆MAGAboominGOOCH
|player|p1|
