|j|☆testdwe
|j|☆2001civic
|t:|1779693336
|gametype|singles
|player|p1|testdwe|169|1621
|player|p2|2001civic|1|1631
|gen|9
|tier|[Gen 9] OU
|rated|
|rule|HP Percentage Mod: HP is shown in percentages
|rule|Endless Battle Clause: Forcing endless battles is banned
|rule|Species Clause: Limit one of each Pokémon
|rule|OHKO Clause: OHKO moves are banned
|rule|Evasion Items Clause: Evasion items are banned
|rule|Evasion Moves Clause: Evasion moves are banned
|rule|Evasion Abilities Clause: Evasion abilities are banned
|rule|Sleep Moves Clause: Sleep-inducing moves are banned
|clearpoke
|poke|p1|Alomomola, F|
|poke|p1|Garganacl, F|
|poke|p1|Tyranitar, F|
|poke|p1|Excadrill, F|
|poke|p1|Hydrapple, F|
|poke|p1|Enamorus, F|
|poke|p2|Torkoal, M|
|poke|p2|Great Tusk|
|poke|p2|Walking Wake|
|poke|p2|Kingambit, M|
|poke|p2|Slither Wing|
|poke|p2|Venusaur, M|
|teampreview
|
|t:|1779693361
|teamsize|p1|6
|teamsize|p2|6
|start
|switch|p1a: Garganacl|Garganacl, F|100/100
|switch|p2a: Torkoal|Torkoal, M|100/100
|-weather|SunnyDay|[from] ability: Drought|[of] p2a: Torkoal
|turn|1
|inactive|Battle timer is ON: inactive players will automatically lose when time's up. (requested by testdwe)
|
|t:|1779693369
|move|p1a: Garganacl|Stealth Rock|p2a: Torkoal
|-sidestart|p2: 2001civic|move: Stealth Rock
|move|p2a: Torkoal|Stealth Rock|p1a: Garganacl
|-sidestart|p1: testdwe|move: Stealth Rock
|
|-weather|SunnyDay|[upkeep]
|upkeep
|turn|2
|
|t:|1779693374
|switch|p1a: Tyranitar|Tyranitar, F|100/100
|-damage|p1a: Tyranitar|88/100|[from] Stealth Rock
|-weather|Sandstorm|[from] ability: Sand Stream|[of] p1a: Tyranitar
|move|p2a: Torkoal|Body Press|p1a: Tyranitar
|-supereffective|p1a: Tyranitar
|-damage|p1a: Tyranitar|0 fnt
|faint|p1a: Tyranitar
|
|-weather|Sandstorm|[upkeep]
|-damage|p2a: Torkoal|94/100|[from] Sandstorm
|upkeep
|
|t:|1779693386
|switch|p1a: Excadrill|Excadrill, F|100/100
|-damage|p1a: Excadrill|97/100|[from] Stealth Rock
|turn|3
|
|t:|1779693395
|switch|p2a: Great Tusk|Great Tusk|100/100
|-damage|p2a: Great Tusk|98/100|[from] Stealth Rock
|move|p1a: Excadrill|Rapid Spin|p2a: Great Tusk
|-damage|p2a: Great Tusk|84/100
|-boost|p1a: Excadrill|spe|1
|-sideend|p1: testdwe|Stealth Rock|[from] move: Rapid Spin|[of] p1a: Excadrill
|
|-weather|Sandstorm|[upkeep]
|-heal|p1a: Excadrill|100/100|[from] item: Leftovers
|-heal|p2a: Great Tusk|90/100|[from] item: Leftovers
|upkeep
|turn|4
|
|t:|1779693398
|switch|p1a: Hydrapple|Hydrapple, F|100/100
|move|p2a: Great Tusk|Rapid Spin|p1a: Hydrapple
|-damage|p1a: Hydrapple|92/100
|-boost|p2a: Great Tusk|spe|1
|-damage|p2a: Great Tusk|74/100|[from] item: Rocky Helmet|[of] p1a: Hydrapple
|-sideend|p2: 2001civic|Stealth Rock|[from] move: Rapid Spin|[of] p2a: Great Tusk
|
|-weather|Sandstorm|[upkeep]
|-damage|p1a: Hydrapple|86/100|[from] Sandstorm
|-heal|p2a: Great Tusk|80/100|[from] item: Leftovers
|upkeep
|turn|5
|
|t:|1779693404
|-end|p2a: Great Tusk|Protosynthesis|[silent]
|switch|p2a: Slither Wing|Slither Wing|100/100
|move|p1a: Hydrapple|Giga Drain|p2a: Slither Wing
|-resisted|p2a: Slither Wing
|-damage|p2a: Slither Wing|85/100
|-heal|p1a: Hydrapple|92/100|[from] drain|[of] p2a: Slither Wing
|
|-weather|Sandstorm|[upkeep]
|-damage|p2a: Slither Wing|79/100|[from] Sandstorm
|-damage|p1a: Hydrapple|86/100|[from] Sandstorm
|upkeep
|turn|6
|
|t:|1779693423
|switch|p1a: Alomomola|Alomomola, F|100/100
|move|p2a: Slither Wing|U-turn|p1a: Alomomola
|-damage|p1a: Alomomola|55/100
|
|t:|1779693429
|-end|p2a: Slither Wing|Protosynthesis|[silent]
|switch|p2a: Venusaur|Venusaur, M|100/100|[from] U-turn
|
|-weather|none
|upkeep
|turn|7
|inactive|testdwe has 120 seconds left.
|
|t:|1779693484
|switch|p1a: Excadrill|Excadrill, F|100/100
|move|p2a: Venusaur|Sludge Bomb|p1a: Excadrill
|-immune|p1a: Excadrill
|
|upkeep
|turn|8
|
|t:|1779693497
|switch|p2a: Great Tusk|Great Tusk|80/100
|move|p1a: Excadrill|Earthquake|p2a: Great Tusk
|-damage|p2a: Great Tusk|41/100
|
|-heal|p2a: Great Tusk|47/100|[from] item: Leftovers
|upkeep
|turn|9
|
|t:|1779693505
|-end|p2a: Great Tusk|Protosynthesis|[silent]
|switch|p2a: Torkoal|Torkoal, M|94/100
|-weather|SunnyDay|[from] ability: Drought|[of] p2a: Torkoal
|switch|p1a: Hydrapple|Hydrapple, F|100/100
|
|-weather|SunnyDay|[upkeep]
|upkeep
|turn|10
|
|t:|1779693510
|switch|p2a: Slither Wing|Slither Wing|79/100
|-activate|p2a: Slither Wing|ability: Protosynthesis
|-start|p2a: Slither Wing|protosynthesisatk
|move|p1a: Hydrapple|Nasty Plot|p1a: Hydrapple
|-boost|p1a: Hydrapple|spa|2
|
|-weather|SunnyDay|[upkeep]
|upkeep
|turn|11
|inactive|testdwe has 120 seconds left.
|
|t:|1779693527
|move|p2a: Slither Wing|U-turn|p1a: Hydrapple
|-supereffective|p1a: Hydrapple
|-damage|p1a: Hydrapple|9/100
|-damage|p2a: Slither Wing|62/100|[from] item: Rocky Helmet|[of] p1a: Hydrapple
|
|t:|1779693531
|-end|p2a: Slither Wing|Protosynthesis|[silent]
|switch|p2a: Venusaur|Venusaur, M|100/100|[from] U-turn
|move|p1a: Hydrapple|Fickle Beam|p2a: Venusaur
|-damage|p2a: Venusaur|33/100
|
|-weather|SunnyDay|[upkeep]
|upkeep
|turn|12
|inactive|testdwe has 120 seconds left.
|
|t:|1779693549
|switch|p1a: Excadrill|Excadrill, F|100/100
|move|p2a: Venusaur|Sludge Bomb|p1a: Excadrill
|-immune|p1a: Excadrill
|
|-weather|SunnyDay|[upkeep]
|upkeep
|turn|13
|
|t:|1779693564
|switch|p1a: Alomomola|Alomomola, F|88/100
|move|p2a: Venusaur|Weather Ball|p1a: Alomomola
|-resisted|p1a: Alomomola
|-damage|p1a: Alomomola|73/100
|-damage|p2a: Venusaur|23/100|[from] item: Life Orb
|
|-weather|SunnyDay|[upkeep]
|upkeep
|turn|14
|
|t:|1779693570
|switch|p1a: Hydrapple|Hydrapple, F|43/100
|move|p2a: Venusaur|Growth|p2a: Venusaur
|-boost|p2a: Venusaur|atk|2
|-boost|p2a: Venusaur|spa|2
|
|-weather|SunnyDay|[upkeep]
|upkeep
|turn|15
|
|t:|1779693597
|switch|p1a: Garganacl|Garganacl, F|100/100
|move|p2a: Venusaur|Sludge Bomb|p1a: Garganacl
|-resisted|p1a: Garganacl
|-damage|p1a: Garganacl|60/100
|-damage|p2a: Venusaur|14/100|[from] item: Life Orb
|
|-weather|SunnyDay|[upkeep]
|-heal|p1a: Garganacl|67/100|[from] item: Leftovers
|upkeep
|turn|16
|inactive|2001civic has 120 seconds left.
|
|t:|1779693629
|switch|p1a: Hydrapple|Hydrapple, F|76/100
|move|p2a: Venusaur|Giga Drain|p1a: Hydrapple
|-resisted|p1a: Hydrapple
|-damage|p1a: Hydrapple|54/100
|-heal|p2a: Venusaur|29/100|[from] drain|[of] p1a: Hydrapple
|-damage|p2a: Venusaur|19/100|[from] item: Life Orb
|
|-weather|none
|upkeep
|turn|17
|inactive|testdwe has 90 seconds left.
|
|t:|1779693646
|move|p2a: Venusaur|Sludge Bomb|p1a: Hydrapple
|-supereffective|p1a: Hydrapple
|-damage|p1a: Hydrapple|0 fnt
|faint|p1a: Hydrapple
|-damage|p2a: Venusaur|10/100|[from] item: Life Orb
|
|upkeep
|
|t:|1779693648
|switch|p1a: Excadrill|Excadrill, F|100/100
|turn|18
|
|t:|1779693659
|move|p1a: Excadrill|Earthquake|p2a: Venusaur
|-damage|p2a: Venusaur|0 fnt
|faint|p2a: Venusaur
|
|upkeep
|
|t:|1779693667
|switch|p2a: Great Tusk|Great Tusk|47/100
|turn|19
|
|t:|1779693672
|-end|p2a: Great Tusk|Protosynthesis|[silent]
|switch|p2a: Torkoal|Torkoal, M|94/100
|-weather|SunnyDay|[from] ability: Drought|[of] p2a: Torkoal
|switch|p1a: Enamorus|Enamorus, F|100/100
|
|-weather|SunnyDay|[upkeep]
|upkeep
|turn|20
|
|t:|1779693676
|switch|p2a: Great Tusk|Great Tusk|47/100
|-activate|p2a: Great Tusk|ability: Protosynthesis
|-start|p2a: Great Tusk|protosynthesisspe
|move|p1a: Enamorus|Earth Power|p2a: Great Tusk
|-damage|p2a: Great Tusk|4/100
|
|-weather|SunnyDay|[upkeep]
|-heal|p2a: Great Tusk|10/100|[from] item: Leftovers
|upkeep
|turn|21
|
|t:|1779693682
|move|p1a: Enamorus|Earth Power|p2a: Great Tusk
|-damage|p2a: Great Tusk|0 fnt
|faint|p2a: Great Tusk
|-end|p2a: Great Tusk|Protosynthesis|[silent]
|
|-weather|SunnyDay|[upkeep]
|upkeep
|
|t:|1779693687
|switch|p2a: Slither Wing|Slither Wing|62/100
|-activate|p2a: Slither Wing|ability: Protosynthesis
|-start|p2a: Slither Wing|protosynthesisatk
|turn|22
|inactive|testdwe has 120 seconds left.
|
|t:|1779693715
|switch|p1a: Garganacl|Garganacl, F|67/100
|move|p2a: Slither Wing|Close Combat|p1a: Garganacl
|-supereffective|p1a: Garganacl
|-damage|p1a: Garganacl|0 fnt
|-unboost|p2a: Slither Wing|def|1
|-unboost|p2a: Slither Wing|spd|1
|faint|p1a: Garganacl
|
|-weather|SunnyDay|[upkeep]
|upkeep
|
|t:|1779693727
|switch|p1a: Enamorus|Enamorus, F|100/100
|turn|23
|
|t:|1779693745
|-end|p2a: Slither Wing|Protosynthesis|[silent]
|switch|p2a: Torkoal|Torkoal, M|94/100
|-terastallize|p1a: Enamorus|Fairy
|move|p1a: Enamorus|Moonblast|p2a: Torkoal
|-resisted|p2a: Torkoal
|-damage|p2a: Torkoal|49/100
|
|-weather|SunnyDay|[upkeep]
|upkeep
|turn|24
|inactive|testdwe has 120 seconds left.
|
|t:|1779693755
|switch|p1a: Alomomola|Alomomola, F|100/100
|move|p2a: Torkoal|Stealth Rock|p1a: Alomomola
|-sidestart|p1: testdwe|move: Stealth Rock
|
|-weather|SunnyDay|[upkeep]
|upkeep
|turn|25
|
|t:|1779693766
|switch|p2a: Slither Wing|Slither Wing|62/100
|-activate|p2a: Slither Wing|ability: Protosynthesis
|-start|p2a: Slither Wing|protosynthesisatk
|move|p1a: Alomomola|Liquidation|p2a: Slither Wing
|-damage|p2a: Slither Wing|47/100
|
|-weather|SunnyDay|[upkeep]
|upkeep
|turn|26
|
|t:|1779693772
|move|p2a: Slither Wing|Close Combat|p1a: Alomomola
|-damage|p1a: Alomomola|0 fnt
|-unboost|p2a: Slither Wing|def|1
|-unboost|p2a: Slither Wing|spd|1
|faint|p1a: Alomomola
|
|-weather|none
|-end|p2a: Slither Wing|Protosynthesis
|upkeep
|
|t:|1779693778
|switch|p1a: Excadrill|Excadrill, F|100/100
|-damage|p1a: Excadrill|97/100|[from] Stealth Rock
|turn|27
|
|t:|1779693781
|move|p1a: Excadrill|Earthquake|p2a: Slither Wing
|-resisted|p2a: Slither Wing
|-damage|p2a: Slither Wing|0 fnt
|faint|p2a: Slither Wing
|-end|p2a: Slither Wing|Protosynthesis|[silent]
|
|-heal|p1a: Excadrill|100/100|[from] item: Leftovers
|upkeep
|
|t:|1779693784
|switch|p2a: Walking Wake|Walking Wake|100/100
|turn|28
|
|t:|1779693793
|move|p2a: Walking Wake|Hydro Steam|p1a: Excadrill
|-supereffective|p1a: Excadrill
|-damage|p1a: Excadrill|0 fnt
|faint|p1a: Excadrill
|
|upkeep
|
|t:|1779693796
|switch|p1a: Enamorus|Enamorus, F, tera:Fairy|100/100
|-damage|p1a: Enamorus|88/100|[from] Stealth Rock
|turn|29
|
|t:|1779693799
|-end|p2a: Walking Wake|Protosynthesis|[silent]
|switch|p2a: Torkoal|Torkoal, M|49/100
|-weather|SunnyDay|[from] ability: Drought|[of] p2a: Torkoal
|move|p1a: Enamorus|Moonblast|p2a: Torkoal
|-resisted|p2a: Torkoal
|-damage|p2a: Torkoal|0 fnt
|faint|p2a: Torkoal
|
|-weather|SunnyDay|[upkeep]
|upkeep
|
|t:|1779693801
|switch|p2a: Walking Wake|Walking Wake|100/100
|-activate|p2a: Walking Wake|ability: Protosynthesis
|-start|p2a: Walking Wake|protosynthesisspe
|turn|30
|
|t:|1779693804
|-terastallize|p2a: Walking Wake|Water
|move|p2a: Walking Wake|Hydro Steam|p1a: Enamorus
|-damage|p1a: Enamorus|0 fnt
|faint|p1a: Enamorus
|
|win|2001civic
|raw|testdwe's rating: 1621 &rarr; <strong>1602</strong><br />(-19 for losing)
|raw|2001civic's rating: 1631 &rarr; <strong>1650</strong><br />(+19 for winning)
|l|☆testdwe
|player|p1|
|l|☆2001civic
|player|p2|
