|j|☆zg4h11
|j|☆darretyle
|t:|1779696739
|gametype|singles
|player|p1|zg4h11|170|1583
|player|p2|darretyle|bugcatcher-gen4dp|1557
|gen|9
|tier|[Gen 9] OU
|rated|
|rule|HP Percentage Mod: HP is shown in percentages
|rule|Endless Battle Clause: Forcing endless battles is banned
|rule|Species Clause: Limit one of each Pokémon
|rule|OHKO Clause: OHKO moves are banned
|rule|Evasion Items Clause: Evasion items are banned
|rule|Evasion Moves Clause: Evasion moves are banned
|rule|Evasion Abilities Clause: Evasion abilities are banned
|rule|Sleep Moves Clause: Sleep-inducing moves are banned
|clearpoke
|poke|p1|Tyranitar, M|
|poke|p1|Excadrill, M|
|poke|p1|Iron Valiant|
|poke|p1|Dragapult, M|
|poke|p1|Zapdos|
|poke|p1|Hatterene, F|
|poke|p2|Zamazenta-*|
|poke|p2|Darkrai|
|poke|p2|Ting-Lu|
|poke|p2|Goodra-Hisui, M|
|poke|p2|Skeledirge, F|
|poke|p2|Corviknight, M|
|teampreview
|
|t:|1779696762
|teamsize|p1|6
|teamsize|p2|6
|start
|switch|p1a: Dragapult|Dragapult, M|100/100
|switch|p2a: Goodra|Goodra-Hisui, M|100/100
|turn|1
|inactive|Battle timer is ON: inactive players will automatically lose when time's up. (requested by zg4h11)
|
|t:|1779696767
|move|p1a: Dragapult|U-turn|p2a: Goodra
|-resisted|p2a: Goodra
|-damage|p2a: Goodra|90/100
|
|t:|1779696771
|switch|p1a: Zapdos|Zapdos|100/100|[from] U-turn
|move|p2a: Goodra|Ice Beam|p1a: Zapdos
|-supereffective|p1a: Zapdos
|-damage|p1a: Zapdos|4/100
|
|upkeep
|turn|2
|
|t:|1779696777
|move|p1a: Zapdos|Volt Switch|p2a: Goodra
|-resisted|p2a: Goodra
|-damage|p2a: Goodra|77/100
|
|t:|1779696781
|switch|p1a: Tyranitar|Tyranitar, M, shiny|100/100|[from] Volt Switch
|-weather|Sandstorm|[from] ability: Sand Stream|[of] p1a: Tyranitar
|move|p2a: Goodra|Ice Beam|p1a: Tyranitar
|-damage|p1a: Tyranitar|69/100
|
|-weather|Sandstorm|[upkeep]
|upkeep
|turn|3
|
|t:|1779696790
|switch|p2a: Zamazenta|Zamazenta|100/100
|-ability|p2a: Zamazenta|Dauntless Shield|boost
|-boost|p2a: Zamazenta|def|1
|move|p1a: Tyranitar|Stealth Rock|p2a: Zamazenta
|-sidestart|p2: darretyle|move: Stealth Rock
|
|-weather|Sandstorm|[upkeep]
|-damage|p2a: Zamazenta|94/100|[from] Sandstorm
|upkeep
|turn|4
|
|t:|1779696798
|switch|p1a: Zapdos|Zapdos|4/100
|move|p2a: Zamazenta|Heavy Slam|p1a: Zapdos
|-resisted|p1a: Zapdos
|-damage|p1a: Zapdos|0 fnt
|faint|p1a: Zapdos
|
|-weather|Sandstorm|[upkeep]
|-damage|p2a: Zamazenta|88/100|[from] Sandstorm
|upkeep
|
|t:|1779696807
|switch|p1a: Dragapult|Dragapult, M|100/100
|turn|5
|
|t:|1779696816
|switch|p2a: Goodra|Goodra-Hisui, M|77/100
|-damage|p2a: Goodra|71/100|[from] Stealth Rock
|move|p1a: Dragapult|Will-O-Wisp|p2a: Goodra
|-status|p2a: Goodra|brn
|
|-weather|Sandstorm|[upkeep]
|-damage|p1a: Dragapult|95/100|[from] Sandstorm
|-damage|p2a: Goodra|65/100 brn|[from] brn
|upkeep
|turn|6
|
|t:|1779696827
|move|p1a: Dragapult|U-turn|p2a: Goodra
|-resisted|p2a: Goodra
|-damage|p2a: Goodra|56/100 brn
|
|t:|1779696830
|switch|p1a: Hatterene|Hatterene, F|100/100|[from] U-turn
|move|p2a: Goodra|Flash Cannon|p1a: Hatterene
|-supereffective|p1a: Hatterene
|-damage|p1a: Hatterene|0 fnt
|faint|p1a: Hatterene
|
|-weather|Sandstorm|[upkeep]
|-damage|p2a: Goodra|50/100 brn|[from] brn
|upkeep
|
|t:|1779696838
|switch|p1a: Tyranitar|Tyranitar, M, shiny|69/100
|turn|7
|
|t:|1779696843
|move|p1a: Tyranitar|Knock Off|p2a: Goodra
|-damage|p2a: Goodra|0 fnt
|-enditem|p2a: Goodra|Choice Specs|[from] move: Knock Off|[of] p1a: Tyranitar
|faint|p2a: Goodra
|
|-weather|Sandstorm|[upkeep]
|upkeep
|
|t:|1779696850
|switch|p2a: Zamazenta|Zamazenta|88/100
|-damage|p2a: Zamazenta|82/100|[from] Stealth Rock
|turn|8
|
|t:|1779696863
|move|p2a: Zamazenta|Close Combat|p1a: Tyranitar
|-supereffective|p1a: Tyranitar
|-damage|p1a: Tyranitar|0 fnt
|-unboost|p2a: Zamazenta|def|1
|-unboost|p2a: Zamazenta|spd|1
|faint|p1a: Tyranitar
|
|-weather|Sandstorm|[upkeep]
|-damage|p2a: Zamazenta|76/100|[from] Sandstorm
|upkeep
|
|t:|1779696870
|switch|p1a: Dragapult|Dragapult, M|95/100
|turn|9
|
|t:|1779696881
|switch|p2a: Skeledirge|Skeledirge, F|100/100
|move|p1a: Dragapult|U-turn|p2a: Skeledirge
|-resisted|p2a: Skeledirge
|-damage|p2a: Skeledirge|98/100
|
|t:|1779696888
|switch|p1a: Excadrill|Excadrill, M, shiny|100/100|[from] U-turn
|
|-weather|none
|upkeep
|turn|10
|
|t:|1779696893
|move|p1a: Excadrill|Substitute|p1a: Excadrill
|-start|p1a: Excadrill|Substitute
|-damage|p1a: Excadrill|76/100
|move|p2a: Skeledirge|Will-O-Wisp||[still]
|-fail|p2a: Skeledirge
|
|-heal|p1a: Excadrill|82/100|[from] item: Leftovers
|upkeep
|turn|11
|j| Disscratch
|
|t:|1779696901
|switch|p1a: Dragapult|Dragapult, M|95/100
|-terastallize|p2a: Skeledirge|Fairy
|move|p2a: Skeledirge|Torch Song|p1a: Dragapult
|-resisted|p1a: Dragapult
|-damage|p1a: Dragapult|73/100
|-boost|p2a: Skeledirge|spa|1
|
|upkeep
|turn|12
|
|t:|1779696911
|move|p1a: Dragapult|Will-O-Wisp|p2a: Skeledirge
|-status|p2a: Skeledirge|brn
|move|p2a: Skeledirge|Hex|p1a: Dragapult
|-supereffective|p1a: Dragapult
|-damage|p1a: Dragapult|0 fnt
|faint|p1a: Dragapult
|
|-damage|p2a: Skeledirge|92/100 brn|[from] brn
|upkeep
|-message|zg4h11 forfeited.
|
|win|darretyle
|raw|zg4h11's rating: 1583 &rarr; <strong>1562</strong><br />(-21 for losing)
|raw|darretyle's rating: 1557 &rarr; <strong>1578</strong><br />(+21 for winning)
|l|☆darretyle
|player|p2|
