|j|☆TheEmboarKing
|j|☆Carlyle73
|t:|1779716785
|gametype|singles
|player|p1|TheEmboarKing|hilbert|1306
|player|p2|Carlyle73|benga|1224
|gen|9
|tier|[Gen 9] OU
|rated|
|rule|HP Percentage Mod: HP is shown in percentages
|rule|Endless Battle Clause: Forcing endless battles is banned
|rule|Species Clause: Limit one of each Pokémon
|rule|OHKO Clause: OHKO moves are banned
|rule|Evasion Items Clause: Evasion items are banned
|rule|Evasion Moves Clause: Evasion moves are banned
|rule|Evasion Abilities Clause: Evasion abilities are banned
|rule|Sleep Moves Clause: Sleep-inducing moves are banned
|clearpoke
|poke|p1|Scizor, F|
|poke|p1|Kyurem|
|poke|p1|Kingambit, F|
|poke|p1|Primarina, M|
|poke|p1|Great Tusk|
|poke|p1|Iron Moth|
|poke|p2|Glimmora, M|
|poke|p2|Garganacl, M|
|poke|p2|Rhyperior, M|
|poke|p2|Gholdengo|
|poke|p2|Goodra-Hisui, M|
|poke|p2|Skeledirge, M|
|teampreview
|
|t:|1779716813
|teamsize|p1|6
|teamsize|p2|6
|start
|switch|p1a: Scizor|Scizor, F|100/100
|switch|p2a: Glimmora|Glimmora, M|100/100
|turn|1
|
|t:|1779716816
|move|p2a: Glimmora|Stealth Rock|p1a: Scizor
|-sidestart|p1: TheEmboarKing|move: Stealth Rock
|move|p1a: Scizor|Swords Dance|p1a: Scizor
|-boost|p1a: Scizor|atk|2
|
|upkeep
|turn|2
|
|t:|1779716819
|move|p1a: Scizor|Bullet Punch|p2a: Glimmora
|-supereffective|p2a: Glimmora
|-enditem|p2a: Glimmora|Focus Sash
|-damage|p2a: Glimmora|1/100
|-activate|p2a: Glimmora|ability: Toxic Debris
|-sidestart|p1: TheEmboarKing|move: Toxic Spikes
|move|p2a: Glimmora|Spikes|p1a: Scizor
|-sidestart|p1: TheEmboarKing|Spikes
|
|upkeep
|turn|3
|
|t:|1779716823
|move|p1a: Scizor|Bullet Punch|p2a: Glimmora
|-supereffective|p2a: Glimmora
|-damage|p2a: Glimmora|0 fnt
|-activate|p2a: Glimmora|ability: Toxic Debris
|-sidestart|p1: TheEmboarKing|move: Toxic Spikes
|faint|p2a: Glimmora
|
|upkeep
|
|t:|1779716827
|switch|p2a: Skeledirge|Skeledirge, M|100/100
|turn|4
|
|t:|1779716831
|move|p2a: Skeledirge|Torch Song|p1a: Scizor
|-supereffective|p1a: Scizor
|-damage|p1a: Scizor|0 fnt
|-boost|p2a: Skeledirge|spa|1
|faint|p1a: Scizor
|
|upkeep
|
|t:|1779716833
|switch|p1a: Iron Moth|Iron Moth|100/100
|-damage|p1a: Iron Moth|76/100|[from] Stealth Rock
|-sideend|p1: TheEmboarKing|move: Toxic Spikes|[of] p1a: Iron Moth
|-damage|p1a: Iron Moth|63/100|[from] Spikes
|-enditem|p1a: Iron Moth|Booster Energy
|-activate|p1a: Iron Moth|ability: Quark Drive|[fromitem]
|-start|p1a: Iron Moth|quarkdrivespe
|turn|5
|
|t:|1779716837
|move|p1a: Iron Moth|Sludge Wave|p2a: Skeledirge
|-resisted|p2a: Skeledirge
|-damage|p2a: Skeledirge|75/100
|-status|p2a: Skeledirge|psn
|move|p2a: Skeledirge|Shadow Ball|p1a: Iron Moth
|-damage|p1a: Iron Moth|14/100
|
|-damage|p2a: Skeledirge|63/100 psn|[from] psn
|upkeep
|turn|6
|
|t:|1779716842
|move|p1a: Iron Moth|Sludge Wave|p2a: Skeledirge
|-resisted|p2a: Skeledirge
|-damage|p2a: Skeledirge|38/100 psn
|move|p2a: Skeledirge|Torch Song|p1a: Iron Moth
|-resisted|p1a: Iron Moth
|-damage|p1a: Iron Moth|0 fnt
|-boost|p2a: Skeledirge|spa|1
|faint|p1a: Iron Moth
|-end|p1a: Iron Moth|Quark Drive|[silent]
|
|-damage|p2a: Skeledirge|26/100 psn|[from] psn
|upkeep
|
|t:|1779716855
|switch|p1a: Kyurem|Kyurem|100/100
|-damage|p1a: Kyurem|76/100|[from] Stealth Rock
|-damage|p1a: Kyurem|63/100|[from] Spikes
|-ability|p1a: Kyurem|Pressure
|turn|7
|
|t:|1779716857
|move|p1a: Kyurem|Earth Power|p2a: Skeledirge
|-supereffective|p2a: Skeledirge
|-damage|p2a: Skeledirge|0 fnt
|faint|p2a: Skeledirge
|
|upkeep
|
|t:|1779716864
|switch|p2a: Rhyperior|Rhyperior, M|100/100
|turn|8
|
|t:|1779716867
|-terastallize|p2a: Rhyperior|Electric
|move|p1a: Kyurem|Earth Power|p2a: Rhyperior
|-supereffective|p2a: Rhyperior
|-damage|p2a: Rhyperior|0 fnt
|faint|p2a: Rhyperior
|
|upkeep
|
|t:|1779716873
|switch|p2a: Goodra|Goodra-Hisui, M|100/100
|turn|9
|
|t:|1779716875
|move|p1a: Kyurem|Earth Power|p2a: Goodra
|-supereffective|p2a: Goodra
|-damage|p2a: Goodra|62/100
|move|p2a: Goodra|Flash Cannon|p1a: Kyurem
|-supereffective|p1a: Kyurem
|-damage|p1a: Kyurem|0 fnt
|faint|p1a: Kyurem
|
|upkeep
|
|t:|1779716883
|switch|p1a: Great Tusk|Great Tusk|100/100
|-damage|p1a: Great Tusk|97/100|[from] Stealth Rock
|-damage|p1a: Great Tusk|85/100|[from] Spikes
|-enditem|p1a: Great Tusk|Booster Energy
|-activate|p1a: Great Tusk|ability: Protosynthesis|[fromitem]
|-start|p1a: Great Tusk|protosynthesisatk
|turn|10
|
|t:|1779716887
|move|p1a: Great Tusk|Rapid Spin|p2a: Goodra
|-resisted|p2a: Goodra
|-damage|p2a: Goodra|51/100
|-boost|p1a: Great Tusk|spe|1
|-ability|p2a: Goodra|Gooey
|-unboost|p1a: Great Tusk|spe|1
|-sideend|p1: TheEmboarKing|Spikes|[from] move: Rapid Spin|[of] p1a: Great Tusk
|-sideend|p1: TheEmboarKing|Stealth Rock|[from] move: Rapid Spin|[of] p1a: Great Tusk
|move|p2a: Goodra|Draco Meteor|p1a: Great Tusk
|-damage|p1a: Great Tusk|0 fnt
|-unboost|p2a: Goodra|spa|2
|faint|p1a: Great Tusk
|-end|p1a: Great Tusk|Protosynthesis|[silent]
|
|upkeep
|
|t:|1779716892
|switch|p1a: Kingambit|Kingambit, F|100/100
|-activate|p1a: Kingambit|ability: Supreme Overlord
|-start|p1a: Kingambit|fallen4|[silent]
|turn|11
|
|t:|1779716897
|move|p2a: Goodra|Fire Blast|p1a: Kingambit|[miss]
|-miss|p2a: Goodra|p1a: Kingambit
|move|p1a: Kingambit|Swords Dance|p1a: Kingambit
|-boost|p1a: Kingambit|atk|2
|
|upkeep
|turn|12
|
|t:|1779716907
|move|p1a: Kingambit|Sucker Punch|p2a: Goodra
|-damage|p2a: Goodra|0 fnt
|-ability|p2a: Goodra|Gooey
|-unboost|p1a: Kingambit|spe|1
|faint|p2a: Goodra
|
|upkeep
|
|t:|1779716910
|switch|p2a: Garganacl|Garganacl, M|100/100
|turn|13
|
|t:|1779716915
|move|p2a: Garganacl|Body Press|p1a: Kingambit
|-supereffective|p1a: Kingambit
|-damage|p1a: Kingambit|32/100
|move|p1a: Kingambit|Iron Head|p2a: Garganacl
|-supereffective|p2a: Garganacl
|-damage|p2a: Garganacl|0 fnt
|faint|p2a: Garganacl
|
|upkeep
|
|t:|1779716918
|switch|p2a: Gholdengo|Gholdengo|100/100
|turn|14
|
|t:|1779716922
|move|p2a: Gholdengo|Trick|p1a: Kingambit
|-activate|p2a: Gholdengo|move: Trick|[of] p1a: Kingambit
|-item|p1a: Kingambit|Choice Scarf|[from] move: Trick
|-item|p2a: Gholdengo|Black Glasses|[from] move: Trick
|move|p1a: Kingambit|Kowtow Cleave|p2a: Gholdengo
|-supereffective|p2a: Gholdengo
|-damage|p2a: Gholdengo|0 fnt
|faint|p2a: Gholdengo
|
|win|TheEmboarKing
|raw|TheEmboarKing's rating: 1306 &rarr; <strong>1321</strong><br />(+15 for winning)
|raw|Carlyle73's rating: 1224 &rarr; <strong>1205</strong><br />(-19 for losing)
|l|☆Carlyle73
|player|p2|
|l|☆TheEmboarKing
|player|p1|
