|j|☆yoki
|j|☆MikhaelSunworth
|t:|1779695834
|gametype|singles
|player|p1|yoki|2|1440
|player|p2|MikhaelSunworth|chuck|1388
|gen|9
|tier|[Gen 9] OU
|rated|
|rule|HP Percentage Mod: HP is shown in percentages
|rule|Endless Battle Clause: Forcing endless battles is banned
|rule|Species Clause: Limit one of each Pokémon
|rule|OHKO Clause: OHKO moves are banned
|rule|Evasion Items Clause: Evasion items are banned
|rule|Evasion Moves Clause: Evasion moves are banned
|rule|Evasion Abilities Clause: Evasion abilities are banned
|rule|Sleep Moves Clause: Sleep-inducing moves are banned
|clearpoke
|poke|p1|Slowking-Galar, F|
|poke|p1|Great Tusk|
|poke|p1|Kyurem|
|poke|p1|Darkrai|
|poke|p1|Samurott-Hisui, M|
|poke|p1|Zapdos|
|poke|p2|Cinderace, F|
|poke|p2|Slowking-Galar, M|
|poke|p2|Kyurem|
|poke|p2|Tornadus-Therian, M|
|poke|p2|Kingambit, M|
|poke|p2|Thundurus-Therian, M|
|teampreview
|
|t:|1779695839
|teamsize|p1|6
|teamsize|p2|6
|start
|switch|p1a: Zapdos|Zapdos, shiny|100/100
|switch|p2a: Kyurem|Kyurem|100/100
|-ability|p2a: Kyurem|Pressure
|turn|1
|
|t:|1779695850
|switch|p1a: Slowking|Slowking-Galar, F|100/100
|move|p2a: Kyurem|Freeze-Dry|p1a: Slowking
|-damage|p1a: Slowking|77/100
|
|upkeep
|turn|2
|
|t:|1779695882
|switch|p2a: Slowking|Slowking-Galar, M|100/100
|move|p1a: Slowking|Thunder Wave|p2a: Slowking
|-status|p2a: Slowking|par
|
|upkeep
|turn|3
|
|t:|1779695899
|move|p1a: Slowking|Future Sight|p2a: Slowking
|-start|p1a: Slowking|move: Future Sight
|-prepare|p2a: Slowking|Chilly Reception|[premajor]
|move|p2a: Slowking|Chilly Reception|p2a: Slowking
|-weather|Snowscape
|
|t:|1779695906
|switch|p2a: Tornadus|Tornadus-Therian, M|100/100|[from] Chilly Reception
|
|-weather|Snowscape|[upkeep]
|upkeep
|turn|4
|
|t:|1779695916
|move|p2a: Tornadus|U-turn|p1a: Slowking
|-damage|p1a: Slowking|63/100
|
|t:|1779695919
|switch|p2a: Slowking|Slowking-Galar, M|100/100 par|[from] U-turn
|move|p1a: Slowking|Thunder Wave|p2a: Slowking
|-fail|p2a: Slowking|par
|
|-weather|Snowscape|[upkeep]
|upkeep
|turn|5
|
|t:|1779695930
|-prepare|p1a: Slowking|Chilly Reception|[premajor]
|move|p1a: Slowking|Chilly Reception|p1a: Slowking
|
|t:|1779695934
|switch|p1a: Samurott|Samurott-Hisui, M|100/100|[from] Chilly Reception
|-prepare|p2a: Slowking|Chilly Reception|[premajor]
|move|p2a: Slowking|Chilly Reception|p2a: Slowking
|
|t:|1779695943
|switch|p2a: Tornadus|Tornadus-Therian, M|100/100|[from] Chilly Reception
|
|-weather|Snowscape|[upkeep]
|-end|p2a: Tornadus|move: Future Sight
|-damage|p2a: Tornadus|71/100
|upkeep
|turn|6
|
|t:|1779695959
|switch|p1a: Zapdos|Zapdos, shiny|100/100
|move|p2a: Tornadus|U-turn|p1a: Zapdos
|-resisted|p1a: Zapdos
|-damage|p1a: Zapdos|95/100
|-status|p2a: Tornadus|par|[from] ability: Static|[of] p1a: Zapdos
|
|t:|1779695964
|switch|p2a: Kyurem|Kyurem|100/100|[from] U-turn
|-ability|p2a: Kyurem|Pressure
|
|-weather|Snowscape|[upkeep]
|upkeep
|turn|7
|
|t:|1779695976
|switch|p1a: Slowking|Slowking-Galar, F|96/100
|move|p2a: Kyurem|Blizzard|p1a: Slowking
|-damage|p1a: Slowking|58/100
|
|-weather|none
|upkeep
|turn|8
|
|t:|1779695988
|switch|p2a: Tornadus|Tornadus-Therian, M|100/100 par
|-prepare|p1a: Slowking|Chilly Reception|[premajor]
|move|p1a: Slowking|Chilly Reception|p1a: Slowking
|-weather|Snowscape
|
|t:|1779696006
|switch|p1a: Zapdos|Zapdos, shiny|95/100|[from] Chilly Reception
|
|-weather|Snowscape|[upkeep]
|upkeep
|turn|9
|
|t:|1779696010
|move|p1a: Zapdos|Volt Switch|p2a: Tornadus
|-supereffective|p2a: Tornadus
|-damage|p2a: Tornadus|59/100 par
|
|t:|1779696013
|switch|p1a: Slowking|Slowking-Galar, F|91/100|[from] Volt Switch
|move|p2a: Tornadus|Knock Off|p1a: Slowking
|-supereffective|p1a: Slowking
|-enditem|p1a: Slowking|Colbur Berry|[eat]
|-enditem|p1a: Slowking|Colbur Berry|[weaken]
|-damage|p1a: Slowking|73/100
|
|-weather|Snowscape|[upkeep]
|upkeep
|turn|10
|
|t:|1779696022
|move|p2a: Tornadus|U-turn|p1a: Slowking
|-damage|p1a: Slowking|59/100
|
|t:|1779696024
|switch|p2a: Slowking|Slowking-Galar, M|100/100 par|[from] U-turn
|-prepare|p1a: Slowking|Chilly Reception|[premajor]
|move|p1a: Slowking|Chilly Reception|p1a: Slowking
|
|t:|1779696035
|switch|p1a: Samurott|Samurott-Hisui, M|100/100|[from] Chilly Reception
|
|-weather|Snowscape|[upkeep]
|upkeep
|turn|11
|
|t:|1779696056
|move|p1a: Samurott|Ceaseless Edge|p2a: Slowking
|-supereffective|p2a: Slowking
|-damage|p2a: Slowking|3/100 par
|-sidestart|p2: MikhaelSunworth|Spikes
|move|p2a: Slowking|Thunder Wave|p1a: Samurott|[miss]
|-miss|p2a: Slowking|p1a: Samurott
|
|-weather|Snowscape|[upkeep]
|upkeep
|turn|12
|
|t:|1779696077
|switch|p2a: Tornadus|Tornadus-Therian, M|92/100 par
|move|p1a: Samurott|Knock Off|p2a: Tornadus
|-damage|p2a: Tornadus|39/100 par
|-enditem|p2a: Tornadus|Assault Vest|[from] move: Knock Off|[of] p1a: Samurott
|
|-weather|none
|upkeep
|turn|13
|
|t:|1779696090
|switch|p2a: Kingambit|Kingambit, M|100/100
|-damage|p2a: Kingambit|88/100|[from] Spikes
|move|p1a: Samurott|Ceaseless Edge|p2a: Kingambit
|-resisted|p2a: Kingambit
|-damage|p2a: Kingambit|71/100
|-sidestart|p2: MikhaelSunworth|Spikes
|
|-heal|p2a: Kingambit|77/100|[from] item: Leftovers
|upkeep
|turn|14
|
|t:|1779696121
|move|p1a: Samurott|Flip Turn|p2a: Kingambit
|-damage|p2a: Kingambit|58/100
|
|t:|1779696126
|switch|p1a: Zapdos|Zapdos, shiny|95/100|[from] Flip Turn
|move|p2a: Kingambit|Low Kick|p1a: Zapdos
|-resisted|p1a: Zapdos
|-damage|p1a: Zapdos|84/100
|
|-heal|p2a: Kingambit|64/100|[from] item: Leftovers
|upkeep
|turn|15
|
|t:|1779696133
|-end|p2a: Kingambit|fallenundefined|[silent]
|switch|p2a: Slowking|Slowking-Galar, M|36/100 par
|move|p1a: Zapdos|Volt Switch|p2a: Slowking
|-damage|p2a: Slowking|19/100 par
|
|t:|1779696158
|switch|p1a: Kyurem|Kyurem|100/100|[from] Volt Switch
|-ability|p1a: Kyurem|Pressure
|
|upkeep
|turn|16
|
|t:|1779696170
|-terastallize|p1a: Kyurem|Ice
|move|p1a: Kyurem|Ice Beam|p2a: Slowking
|-damage|p2a: Slowking|0 fnt
|faint|p2a: Slowking
|
|upkeep
|
|t:|1779696193
|switch|p2a: Thundurus|Thundurus-Therian, M|100/100
|turn|17
|
|t:|1779696198
|move|p2a: Thundurus|Volt Switch|p1a: Kyurem
|-damage|p1a: Kyurem|63/100
|
|t:|1779696201
|switch|p2a: Tornadus|Tornadus-Therian, M|72/100 par|[from] Volt Switch
|move|p1a: Kyurem|Ice Beam|p2a: Tornadus
|-supereffective|p2a: Tornadus
|-damage|p2a: Tornadus|0 fnt
|faint|p2a: Tornadus
|
|upkeep
|
|t:|1779696206
|switch|p2a: Cinderace|Cinderace, F|100/100
|turn|18
|
|t:|1779696211
|switch|p1a: Great Tusk|Great Tusk|100/100
|move|p2a: Cinderace|Pyro Ball|p1a: Great Tusk
|-damage|p1a: Great Tusk|59/100
|
|-heal|p1a: Great Tusk|65/100|[from] item: Leftovers
|upkeep
|turn|19
|
|t:|1779696220
|move|p2a: Cinderace|Will-O-Wisp|p1a: Great Tusk
|-status|p1a: Great Tusk|brn
|move|p1a: Great Tusk|Close Combat|p2a: Cinderace
|-damage|p2a: Cinderace|58/100
|-unboost|p1a: Great Tusk|def|1
|-unboost|p1a: Great Tusk|spd|1
|
|-heal|p1a: Great Tusk|71/100 brn|[from] item: Leftovers
|-damage|p1a: Great Tusk|65/100 brn|[from] brn
|upkeep
|turn|20
|
|t:|1779696237
|move|p2a: Cinderace|Pyro Ball|p1a: Great Tusk
|-damage|p1a: Great Tusk|4/100 brn
|move|p1a: Great Tusk|Rapid Spin|p2a: Cinderace
|-damage|p2a: Cinderace|47/100
|-boost|p1a: Great Tusk|spe|1
|
|-heal|p1a: Great Tusk|11/100 brn|[from] item: Leftovers
|-damage|p1a: Great Tusk|4/100 brn|[from] brn
|upkeep
|turn|21
|
|t:|1779696245
|switch|p2a: Thundurus|Thundurus-Therian, M|100/100
|move|p1a: Great Tusk|Headlong Rush|p2a: Thundurus
|-immune|p2a: Thundurus
|
|-heal|p1a: Great Tusk|11/100 brn|[from] item: Leftovers
|-damage|p1a: Great Tusk|4/100 brn|[from] brn
|upkeep
|turn|22
|
|t:|1779696256
|-end|p1a: Great Tusk|Protosynthesis|[silent]
|switch|p1a: Slowking|Slowking-Galar, F|93/100
|move|p2a: Thundurus|Sludge Bomb|p1a: Slowking
|-resisted|p1a: Slowking
|-damage|p1a: Slowking|83/100
|
|upkeep
|turn|23
|
|t:|1779696259
|move|p2a: Thundurus|Volt Switch|p1a: Slowking
|-damage|p1a: Slowking|56/100
|
|t:|1779696268
|switch|p2a: Cinderace|Cinderace, F|47/100|[from] Volt Switch
|-prepare|p1a: Slowking|Chilly Reception|[premajor]
|move|p1a: Slowking|Chilly Reception|p1a: Slowking
|-weather|Snowscape
|
|t:|1779696273
|switch|p1a: Darkrai|Darkrai|100/100|[from] Chilly Reception
|
|-weather|Snowscape|[upkeep]
|upkeep
|turn|24
|
|t:|1779696296
|switch|p2a: Kyurem|Kyurem|100/100
|-damage|p2a: Kyurem|84/100|[from] Spikes
|-ability|p2a: Kyurem|Pressure
|move|p1a: Darkrai|Dark Pulse|p2a: Kyurem
|-damage|p2a: Kyurem|58/100
|
|-weather|Snowscape|[upkeep]
|upkeep
|turn|25
|
|t:|1779696301
|switch|p1a: Slowking|Slowking-Galar, F|89/100
|-terastallize|p2a: Kyurem|Fairy
|move|p2a: Kyurem|Blizzard|p1a: Slowking
|-damage|p1a: Slowking|52/100
|
|-weather|Snowscape|[upkeep]
|upkeep
|turn|26
|
|t:|1779696312
|switch|p2a: Thundurus|Thundurus-Therian, M|100/100
|-prepare|p1a: Slowking|Chilly Reception|[premajor]
|move|p1a: Slowking|Chilly Reception|p1a: Slowking
|
|t:|1779696323
|switch|p1a: Darkrai|Darkrai|100/100|[from] Chilly Reception
|
|-weather|Snowscape|[upkeep]
|upkeep
|turn|27
|
|t:|1779696327
|move|p1a: Darkrai|Ice Beam|p2a: Thundurus
|-supereffective|p2a: Thundurus
|-damage|p2a: Thundurus|15/100
|-status|p2a: Thundurus|frz
|-curestatus|p2a: Thundurus|frz|[msg]
|move|p2a: Thundurus|Focus Blast|p1a: Darkrai
|-supereffective|p1a: Darkrai
|-damage|p1a: Darkrai|0 fnt
|faint|p1a: Darkrai
|
|-weather|none
|upkeep
|
|t:|1779696339
|switch|p1a: Slowking|Slowking-Galar, F|85/100
|turn|28
|
|t:|1779696345
|move|p2a: Thundurus|Volt Switch|p1a: Slowking
|-damage|p1a: Slowking|60/100
|
|t:|1779696347
|switch|p2a: Kingambit|Kingambit, M|64/100|[from] Volt Switch
|-damage|p2a: Kingambit|47/100|[from] Spikes
|-activate|p2a: Kingambit|ability: Supreme Overlord
|-start|p2a: Kingambit|fallen2|[silent]
|-prepare|p1a: Slowking|Chilly Reception|[premajor]
|move|p1a: Slowking|Chilly Reception|p1a: Slowking
|-weather|Snowscape
|
|t:|1779696365
|switch|p1a: Kyurem|Kyurem, tera:Ice|63/100|[from] Chilly Reception
|-ability|p1a: Kyurem|Pressure
|
|-weather|Snowscape|[upkeep]
|-heal|p2a: Kingambit|53/100|[from] item: Leftovers
|upkeep
|turn|29
|
|t:|1779696373
|move|p2a: Kingambit|Sucker Punch|p1a: Kyurem
|-damage|p1a: Kyurem|31/100
|move|p1a: Kyurem|Blizzard|p2a: Kingambit
|-resisted|p2a: Kingambit
|-damage|p2a: Kingambit|0 fnt
|faint|p2a: Kingambit
|-end|p2a: Kingambit|fallen2|[silent]
|
|-weather|Snowscape|[upkeep]
|upkeep
|
|t:|1779696380
|switch|p2a: Cinderace|Cinderace, F|47/100
|turn|30
|
|t:|1779696418
|move|p2a: Cinderace|Pyro Ball|p1a: Kyurem
|-supereffective|p1a: Kyurem
|-damage|p1a: Kyurem|0 fnt
|faint|p1a: Kyurem
|
|-weather|Snowscape|[upkeep]
|upkeep
|
|t:|1779696424
|switch|p1a: Samurott|Samurott-Hisui, M|100/100
|turn|31
|
|t:|1779696431
|move|p2a: Cinderace|Court Change|p2a: Cinderace
|-start|p2a: Cinderace|typechange|Normal|[from] ability: Libero
|-swapsideconditions
|-activate|p2a: Cinderace|move: Court Change
|move|p1a: Samurott|Ceaseless Edge|p2a: Cinderace
|-damage|p2a: Cinderace|0 fnt
|-sidestart|p2: MikhaelSunworth|Spikes
|faint|p2a: Cinderace
|
|-weather|Snowscape|[upkeep]
|upkeep
|
|t:|1779696438
|switch|p2a: Kyurem|Kyurem, tera:Fairy|58/100
|-damage|p2a: Kyurem|46/100|[from] Spikes
|-ability|p2a: Kyurem|Pressure
|turn|32
|
|t:|1779696444
|switch|p1a: Great Tusk|Great Tusk|4/100 brn
|-damage|p1a: Great Tusk|0 fnt|[from] Spikes
|faint|p1a: Great Tusk
|-end|p1a: Great Tusk|Protosynthesis|[silent]
|move|p2a: Kyurem|Freeze-Dry|p1: Great Tusk|[notarget]
|-fail|p2a: Kyurem
|
|-weather|none
|upkeep
|
|t:|1779696445
|switch|p1a: Slowking|Slowking-Galar, F|93/100
|-damage|p1a: Slowking|77/100|[from] Spikes
|turn|33
|
|t:|1779696455
|move|p1a: Slowking|Sludge Bomb|p2a: Kyurem
|-supereffective|p2a: Kyurem
|-damage|p2a: Kyurem|8/100
|-status|p2a: Kyurem|psn
|move|p2a: Kyurem|Dragon Tail|p1a: Slowking|[miss]
|-miss|p2a: Kyurem|p1a: Slowking
|
|-damage|p2a: Kyurem|0 fnt|[from] psn
|faint|p2a: Kyurem
|upkeep
|-message|MikhaelSunworth forfeited.
|
|win|yoki
|raw|yoki's rating: 1445 &rarr; <strong>1462</strong><br />(+17 for winning)
|raw|MikhaelSunworth's rating: 1388 &rarr; <strong>1371</strong><br />(-17 for losing)
|l|☆MikhaelSunworth
|player|p2|
|l|☆yoki
|player|p1|
