|j|☆adriancitokeloke
|j|☆randomcan42
|t:|1779564016
|gametype|singles
|player|p1|adriancitokeloke|cynthia-gen4|1364
|player|p2|randomcan42|2|1380
|gen|9
|tier|[Gen 9] OU
|rated|
|rule|HP Percentage Mod: HP is shown in percentages
|rule|Endless Battle Clause: Forcing endless battles is banned
|rule|Species Clause: Limit one of each Pokémon
|rule|OHKO Clause: OHKO moves are banned
|rule|Evasion Items Clause: Evasion items are banned
|rule|Evasion Moves Clause: Evasion moves are banned
|rule|Evasion Abilities Clause: Evasion abilities are banned
|rule|Sleep Moves Clause: Sleep-inducing moves are banned
|clearpoke
|poke|p1|Hatterene, F|
|poke|p1|Farigiraf, F|
|poke|p1|Mimikyu, F|
|poke|p1|Slither Wing|
|poke|p1|Ursaluna, M|
|poke|p1|Torkoal, F|
|poke|p2|Hatterene, F|
|poke|p2|Dragonite, F|
|poke|p2|Alomomola, F|
|poke|p2|Raichu, M|
|poke|p2|Dragapult, M|
|poke|p2|Great Tusk|
|teampreview
|j| JauneJR
|
|t:|1779564046
|teamsize|p1|6
|teamsize|p2|6
|start
|switch|p1a: Slither Wing|Slither Wing|100/100
|switch|p2a: Dragapult|Dragapult, M|100/100
|turn|1
|inactive|Battle timer is ON: inactive players will automatically lose when time's up. (requested by randomcan42)
|
|t:|1779564063
|move|p1a: Slither Wing|First Impression|p2a: Dragapult
|-resisted|p2a: Dragapult
|-damage|p2a: Dragapult|47/100
|move|p2a: Dragapult|U-turn|p1a: Slither Wing
|-resisted|p1a: Slither Wing
|-damage|p1a: Slither Wing|82/100
|l| JauneJR
|inactive|randomcan42 has 120 seconds left.
|
|t:|1779564111
|switch|p2a: Raichu|Raichu, M|100/100|[from] U-turn
|
|upkeep
|turn|2
|
|t:|1779564122
|-end|p1a: Slither Wing|Protosynthesis|[silent]
|switch|p1a: Ursaluna|Ursaluna, M|100/100
|move|p2a: Raichu|Surf|p1a: Ursaluna
|-supereffective|p1a: Ursaluna
|-damage|p1a: Ursaluna|31/100
|
|-status|p1a: Ursaluna|brn|[from] item: Flame Orb
|upkeep
|turn|3
|inactive|randomcan42 has 120 seconds left.
|
|t:|1779564153
|move|p2a: Raichu|Surf|p1a: Ursaluna
|-supereffective|p1a: Ursaluna
|-damage|p1a: Ursaluna|0 fnt
|faint|p1a: Ursaluna
|
|upkeep
|
|t:|1779564162
|switch|p1a: Farigiraf|Farigiraf, F|100/100
|turn|4
|inactive|randomcan42 has 120 seconds left.
|inactive|randomcan42 has 90 seconds left.
|inactive|randomcan42 has 60 seconds left.
|inactive|randomcan42 has 30 seconds left.
|
|t:|1779564275
|switch|p2a: Dragapult|Dragapult, M|47/100
|move|p1a: Farigiraf|Trick Room|p1a: Farigiraf
|-fieldstart|move: Trick Room|[of] p1a: Farigiraf
|
|upkeep
|turn|5
|
|t:|1779564284
|move|p1a: Farigiraf|Shadow Ball|p2a: Dragapult
|-supereffective|p2a: Dragapult
|-damage|p2a: Dragapult|0 fnt
|faint|p2a: Dragapult
|
|upkeep
|
|t:|1779564289
|switch|p2a: Great Tusk|Great Tusk|100/100
|turn|6
|
|t:|1779564293
|move|p1a: Farigiraf|Nasty Plot|p1a: Farigiraf
|-boost|p1a: Farigiraf|spa|2
|move|p2a: Great Tusk|Knock Off|p1a: Farigiraf
|-supereffective|p1a: Farigiraf
|-damage|p1a: Farigiraf|21/100
|-enditem|p1a: Farigiraf|Throat Spray|[from] move: Knock Off|[of] p2a: Great Tusk
|
|upkeep
|turn|7
|
|t:|1779564320
|move|p1a: Farigiraf|Shadow Ball|p2a: Great Tusk
|-damage|p2a: Great Tusk|52/100
|move|p2a: Great Tusk|Knock Off|p1a: Farigiraf
|-supereffective|p1a: Farigiraf
|-crit|p1a: Farigiraf
|-damage|p1a: Farigiraf|0 fnt
|faint|p1a: Farigiraf
|
|upkeep
|
|t:|1779564326
|switch|p1a: Mimikyu|Mimikyu, F|100/100
|turn|8
|inactive|randomcan42 has 30 seconds left.
|c|☆adriancitokeloke|Play fast
|inactive|randomcan42 has 20 seconds left.
|c|☆adriancitokeloke|I need tongo
|inactive|randomcan42 has 15 seconds left.
|
|t:|1779564363
|move|p1a: Mimikyu|Play Rough|p2a: Great Tusk|[miss]
|-miss|p1a: Mimikyu|p2a: Great Tusk
|move|p2a: Great Tusk|Ice Spinner|p1a: Mimikyu
|-activate|p1a: Mimikyu|ability: Disguise
|-damage|p1a: Mimikyu|100/100
|detailschange|p1a: Mimikyu|Mimikyu-Busted, F
|-damage|p1a: Mimikyu|88/100|[from] pokemon: Mimikyu-Busted
|
|-fieldend|move: Trick Room
|upkeep
|turn|9
|inactive|randomcan42 has 25 seconds left this turn.
|inactive|randomcan42 has 20 seconds left.
|inactive|randomcan42 has 15 seconds left.
|c|☆adriancitokeloke|Why so lucky
|
|t:|1779564378
|-end|p2a: Great Tusk|Protosynthesis|[silent]
|switch|p2a: Alomomola|Alomomola, F|100/100
|move|p1a: Mimikyu|Trick Room|p1a: Mimikyu
|-fieldstart|move: Trick Room|[of] p1a: Mimikyu
|
|upkeep
|turn|10
|inactive|randomcan42 has 25 seconds left this turn.
|
|t:|1779564384
|move|p2a: Alomomola|Wish|p2a: Alomomola
|move|p1a: Mimikyu|Curse|p2a: Alomomola
|-start|p2a: Alomomola|Curse|[of] p1a: Mimikyu
|-damage|p1a: Mimikyu|38/100
|
|-damage|p2a: Alomomola|76/100|[from] Curse
|upkeep
|turn|11
|inactive|randomcan42 has 30 seconds left.
|
|t:|1779564392
|switch|p1a: Torkoal|Torkoal, F, shiny|100/100
|-weather|SunnyDay|[from] ability: Drought|[of] p1a: Torkoal
|move|p2a: Alomomola|Flip Turn|p1a: Torkoal
|-supereffective|p1a: Torkoal
|-damage|p1a: Torkoal|90/100
|
|t:|1779564394
|switch|p2a: Great Tusk|Great Tusk|52/100|[from] Flip Turn
|-activate|p2a: Great Tusk|ability: Protosynthesis
|-start|p2a: Great Tusk|protosynthesisatk
|
|-weather|SunnyDay|[upkeep]
|-heal|p2a: Great Tusk|100/100|[from] move: Wish|[wisher] Alomomola
|upkeep
|turn|12
|
|t:|1779564402
|-end|p2a: Great Tusk|Protosynthesis|[silent]
|switch|p2a: Alomomola|Alomomola, F|100/100
|move|p1a: Torkoal|Solar Beam||[still]
|-prepare|p1a: Torkoal|Solar Beam
|-anim|p1a: Torkoal|Solar Beam|p2a: Alomomola
|-supereffective|p2a: Alomomola
|-damage|p2a: Alomomola|0 fnt
|faint|p2a: Alomomola
|
|-weather|SunnyDay|[upkeep]
|upkeep
|
|t:|1779564407
|switch|p2a: Hatterene|Hatterene, F, shiny|100/100
|turn|13
|
|t:|1779564410
|switch|p1a: Slither Wing|Slither Wing|82/100
|-activate|p1a: Slither Wing|ability: Protosynthesis
|-start|p1a: Slither Wing|protosynthesisatk
|move|p2a: Hatterene|Nuzzle|p1a: Slither Wing
|-damage|p1a: Slither Wing|78/100
|-status|p1a: Slither Wing|par
|
|-weather|SunnyDay|[upkeep]
|-fieldend|move: Trick Room
|upkeep
|turn|14
|
|t:|1779564415
|move|p2a: Hatterene|Mystical Fire|p1a: Slither Wing
|-supereffective|p1a: Slither Wing
|-crit|p1a: Slither Wing
|-damage|p1a: Slither Wing|0 fnt
|faint|p1a: Slither Wing
|-end|p1a: Slither Wing|Protosynthesis|[silent]
|
|-weather|SunnyDay|[upkeep]
|upkeep
|
|t:|1779564421
|switch|p1a: Mimikyu|Mimikyu-Busted, F|38/100
|turn|15
|
|t:|1779564424
|move|p1a: Mimikyu|Shadow Sneak|p2a: Hatterene
|-supereffective|p2a: Hatterene
|-damage|p2a: Hatterene|64/100
|-damage|p1a: Mimikyu|28/100|[from] item: Life Orb
|move|p2a: Hatterene|Mystical Fire|p1a: Mimikyu
|-damage|p1a: Mimikyu|0 fnt
|faint|p1a: Mimikyu
|
|-weather|none
|-heal|p2a: Hatterene|70/100|[from] item: Leftovers
|upkeep
|
|t:|1779564427
|switch|p1a: Hatterene|Hatterene, F|100/100
|turn|16
|
|t:|1779564429
|move|p2a: Hatterene|Nuzzle|p1a: Hatterene
|-damage|p1a: Hatterene|95/100
|-status|p1a: Hatterene|par
|move|p1a: Hatterene|Trick Room|p1a: Hatterene
|-fieldstart|move: Trick Room|[of] p1a: Hatterene
|
|-heal|p2a: Hatterene|76/100|[from] item: Leftovers
|upkeep
|turn|17
|
|t:|1779564436
|switch|p1a: Torkoal|Torkoal, F, shiny|90/100
|-weather|SunnyDay|[from] ability: Drought|[of] p1a: Torkoal
|move|p2a: Hatterene|Mystical Fire|p1a: Torkoal
|-resisted|p1a: Torkoal
|-damage|p1a: Torkoal|66/100
|-unboost|p1a: Torkoal|spa|1
|
|-weather|SunnyDay|[upkeep]
|-heal|p2a: Hatterene|82/100|[from] item: Leftovers
|upkeep
|turn|18
|
|t:|1779564439
|move|p1a: Torkoal|Eruption|p2a: Hatterene
|-damage|p2a: Hatterene|14/100
|move|p2a: Hatterene|Mystical Fire|p1a: Torkoal
|-resisted|p1a: Torkoal
|-damage|p1a: Torkoal|44/100
|-unboost|p1a: Torkoal|spa|1
|
|-weather|SunnyDay|[upkeep]
|-heal|p2a: Hatterene|20/100|[from] item: Leftovers
|upkeep
|turn|19
|
|t:|1779564450
|move|p1a: Torkoal|Eruption|p2a: Hatterene
|-damage|p2a: Hatterene|0 fnt
|faint|p2a: Hatterene
|
|-weather|SunnyDay|[upkeep]
|upkeep
|
|t:|1779564454
|switch|p2a: Great Tusk|Great Tusk|100/100
|-activate|p2a: Great Tusk|ability: Protosynthesis
|-start|p2a: Great Tusk|protosynthesisatk
|turn|20
|
|t:|1779564457
|switch|p1a: Hatterene|Hatterene, F|95/100 par
|move|p2a: Great Tusk|Earthquake|p1a: Hatterene
|-damage|p1a: Hatterene|13/100 par
|
|-weather|SunnyDay|[upkeep]
|-fieldend|move: Trick Room
|upkeep
|turn|21
|
|t:|1779564462
|move|p2a: Great Tusk|Knock Off|p1a: Hatterene
|-damage|p1a: Hatterene|0 fnt
|-enditem|p1a: Hatterene|Focus Sash|[from] move: Knock Off|[of] p2a: Great Tusk
|faint|p1a: Hatterene
|
|-weather|none
|-end|p2a: Great Tusk|Protosynthesis
|upkeep
|-message|adriancitokeloke forfeited.
|
|win|randomcan42
|raw|adriancitokeloke's rating: 1364 &rarr; <strong>1345</strong><br />(-19 for losing)
|raw|randomcan42's rating: 1380 &rarr; <strong>1399</strong><br />(+19 for winning)
|l|☆adriancitokeloke
|player|p1|
|l|☆randomcan42
|player|p2|
