|j|☆CHixxxxx122
|j|☆Hduxnwhc
|t:|1779641762
|gametype|singles
|player|p1|CHixxxxx122|2|1232
|player|p2|Hduxnwhc|102|1187
|gen|9
|tier|[Gen 9] OU
|rated|
|rule|HP Percentage Mod: HP is shown in percentages
|rule|Endless Battle Clause: Forcing endless battles is banned
|rule|Species Clause: Limit one of each Pokémon
|rule|OHKO Clause: OHKO moves are banned
|rule|Evasion Items Clause: Evasion items are banned
|rule|Evasion Moves Clause: Evasion moves are banned
|rule|Evasion Abilities Clause: Evasion abilities are banned
|rule|Sleep Moves Clause: Sleep-inducing moves are banned
|clearpoke
|poke|p1|Skuntank, F|
|poke|p1|Porygon2|
|poke|p1|Mamoswine, M|
|poke|p1|Staraptor, M|
|poke|p1|Lilligant-Hisui, F|
|poke|p1|Milotic, F|
|poke|p2|Glimmora, F|
|poke|p2|Ogerpon-Wellspring, F|
|poke|p2|Cinderace, M|
|poke|p2|Landorus-Therian, M|
|poke|p2|Hawlucha, F|
|poke|p2|Pincurchin, F|
|teampreview
|
|t:|1779641765
|teamsize|p1|6
|teamsize|p2|6
|start
|switch|p1a: Mamoswine|Mamoswine, M|100/100
|switch|p2a: Glimmora|Glimmora, F|100/100
|turn|1
|inactive|Battle timer is ON: inactive players will automatically lose when time's up. (requested by Hduxnwhc)
|
|t:|1779641781
|move|p2a: Glimmora|Meteor Beam||[still]
|-prepare|p2a: Glimmora|Meteor Beam
|-boost|p2a: Glimmora|spa|1
|-enditem|p2a: Glimmora|Power Herb
|-anim|p2a: Glimmora|Meteor Beam|p1a: Mamoswine|[miss]
|-miss|p2a: Glimmora|p1a: Mamoswine
|move|p1a: Mamoswine|Earthquake|p2a: Glimmora
|-supereffective|p2a: Glimmora
|-damage|p2a: Glimmora|0 fnt
|-activate|p2a: Glimmora|ability: Toxic Debris
|-sidestart|p1: CHixxxxx122|move: Toxic Spikes
|faint|p2a: Glimmora
|
|upkeep
|
|t:|1779641793
|switch|p2a: Landorus|Landorus-Therian, M|100/100
|-ability|p2a: Landorus|Intimidate|boost
|-unboost|p1a: Mamoswine|atk|1
|turn|2
|
|t:|1779641796
|move|p2a: Landorus|Earthquake|p1a: Mamoswine
|-damage|p1a: Mamoswine|7/100
|move|p1a: Mamoswine|Icicle Spear|p2a: Landorus
|-supereffective|p2a: Landorus
|-damage|p2a: Landorus|62/100
|-supereffective|p2a: Landorus
|-damage|p2a: Landorus|24/100
|-supereffective|p2a: Landorus
|-damage|p2a: Landorus|0 fnt
|faint|p2a: Landorus
|-hitcount|p2: Landorus|3
|
|upkeep
|
|t:|1779641801
|switch|p2a: Pincurchin|Pincurchin, F|100/100
|-fieldstart|move: Electric Terrain|[from] ability: Electric Surge|[of] p2a: Pincurchin
|turn|3
|
|t:|1779641803
|move|p2a: Pincurchin|Sucker Punch|p1a: Mamoswine
|-damage|p1a: Mamoswine|0 fnt
|-damage|p2a: Pincurchin|84/100|[from] item: Rocky Helmet|[of] p1a: Mamoswine
|faint|p1a: Mamoswine
|
|upkeep
|
|t:|1779641806
|switch|p1a: Skuntank|Skuntank, F|100/100
|-sideend|p1: CHixxxxx122|move: Toxic Spikes|[of] p1a: Skuntank
|turn|4
|
|t:|1779641810
|-terastallize|p1a: Skuntank|Poison
|move|p1a: Skuntank|Gunk Shot|p2a: Pincurchin
|-damage|p2a: Pincurchin|0 fnt
|faint|p2a: Pincurchin
|-damage|p1a: Skuntank|91/100|[from] item: Life Orb
|
|upkeep
|
|t:|1779641814
|switch|p2a: Hawlucha|Hawlucha, F|100/100
|-enditem|p2a: Hawlucha|Electric Seed
|-boost|p2a: Hawlucha|def|1|[from] item: Electric Seed
|turn|5
|
|t:|1779641820
|move|p2a: Hawlucha|Acrobatics|p1a: Skuntank
|-damage|p1a: Skuntank|28/100
|move|p1a: Skuntank|Gunk Shot|p2a: Hawlucha
|-damage|p2a: Hawlucha|3/100
|-damage|p1a: Skuntank|18/100|[from] item: Life Orb
|
|upkeep
|turn|6
|
|t:|1779641825
|move|p1a: Skuntank|Sucker Punch|p2a: Hawlucha
|-resisted|p2a: Hawlucha
|-damage|p2a: Hawlucha|0 fnt
|faint|p2a: Hawlucha
|-damage|p1a: Skuntank|9/100|[from] item: Life Orb
|
|upkeep
|
|t:|1779641831
|switch|p2a: Ogerpon|Ogerpon-Wellspring, F|100/100
|turn|7
|
|t:|1779641833
|move|p2a: Ogerpon|U-turn|p1a: Skuntank
|-resisted|p1a: Skuntank
|-damage|p1a: Skuntank|0 fnt
|-damage|p2a: Ogerpon|76/100|[from] ability: Aftermath|[of] p1a: Skuntank
|faint|p1a: Skuntank
|
|t:|1779641835
|switch|p2a: Cinderace|Cinderace, M|100/100|[from] U-turn
|
|-fieldend|move: Electric Terrain
|upkeep
|
|t:|1779641838
|switch|p1a: Milotic|Milotic, F|100/100
|turn|8
|
|t:|1779641842
|move|p2a: Cinderace|U-turn|p1a: Milotic
|-start|p2a: Cinderace|typechange|Bug|[from] ability: Libero
|-damage|p1a: Milotic|68/100
|
|t:|1779641845
|switch|p2a: Ogerpon|Ogerpon-Wellspring, F|76/100|[from] U-turn
|move|p1a: Milotic|Ice Beam|p2a: Ogerpon
|-damage|p2a: Ogerpon|45/100
|
|-heal|p1a: Milotic|74/100|[from] item: Leftovers
|upkeep
|turn|9
|
|t:|1779641855
|move|p2a: Ogerpon|Wood Hammer|p1a: Milotic
|-supereffective|p1a: Milotic
|-damage|p1a: Milotic|0 fnt
|faint|p1a: Milotic
|-damage|p2a: Ogerpon|16/100|[from] Recoil
|
|upkeep
|
|t:|1779641861
|switch|p1a: Porygon2|Porygon2|100/100
|-ability|p1a: Porygon2|Water Absorb|Trace|[from] ability: Trace|[of] p2a: Ogerpon
|turn|10
|
|t:|1779641874
|move|p2a: Ogerpon|Knock Off|p1a: Porygon2
|-damage|p1a: Porygon2|77/100
|-enditem|p1a: Porygon2|Eviolite|[from] move: Knock Off|[of] p2a: Ogerpon
|move|p1a: Porygon2|Charge Beam|p2a: Ogerpon|[miss]
|-miss|p1a: Porygon2|p2a: Ogerpon
|
|upkeep
|turn|11
|
|t:|1779641894
|move|p2a: Ogerpon|Wood Hammer|p1a: Porygon2
|-damage|p1a: Porygon2|18/100
|-damage|p2a: Ogerpon|0 fnt|[from] Recoil
|faint|p2a: Ogerpon
|move|p1a: Porygon2|Charge Beam|p2: Ogerpon|[notarget]
|-fail|p1a: Porygon2
|
|upkeep
|
|t:|1779641896
|switch|p2a: Cinderace|Cinderace, M|100/100
|turn|12
|
|t:|1779641902
|move|p2a: Cinderace|High Jump Kick|p1a: Porygon2
|-start|p2a: Cinderace|typechange|Fighting|[from] ability: Libero
|-supereffective|p1a: Porygon2
|-damage|p1a: Porygon2|0 fnt
|faint|p1a: Porygon2
|
|upkeep
|
|t:|1779641904
|switch|p1a: Staraptor|Staraptor, M|100/100
|turn|13
|
|t:|1779641915
|move|p2a: Cinderace|High Jump Kick|p1a: Staraptor
|-damage|p1a: Staraptor|4/100
|move|p1a: Staraptor|Brave Bird|p2a: Cinderace
|-supereffective|p2a: Cinderace
|-damage|p2a: Cinderace|0 fnt
|faint|p2a: Cinderace
|-damage|p1a: Staraptor|0 fnt|[from] Recoil
|faint|p1a: Staraptor
|
|win|CHixxxxx122
|raw|CHixxxxx122's rating: 1232 &rarr; <strong>1254</strong><br />(+22 for winning)
|raw|Hduxnwhc's rating: 1187 &rarr; <strong>1165</strong><br />(-22 for losing)
|l|☆Hduxnwhc
|player|p2|
|l|☆CHixxxxx122
|player|p1|
