|j|☆Railio
|j|☆goodnightnite
|t:|1779685408
|gametype|singles
|player|p1|Railio|265|1594
|player|p2|goodnightnite|miku-water|1625
|gen|9
|tier|[Gen 9] OU
|rated|
|rule|HP Percentage Mod: HP is shown in percentages
|rule|Endless Battle Clause: Forcing endless battles is banned
|rule|Species Clause: Limit one of each Pokémon
|rule|OHKO Clause: OHKO moves are banned
|rule|Evasion Items Clause: Evasion items are banned
|rule|Evasion Moves Clause: Evasion moves are banned
|rule|Evasion Abilities Clause: Evasion abilities are banned
|rule|Sleep Moves Clause: Sleep-inducing moves are banned
|clearpoke
|poke|p1|Cinderace, F|
|poke|p1|Meowscarada, F|
|poke|p1|Corviknight, F|
|poke|p1|Iron Boulder|
|poke|p1|Iron Valiant|
|poke|p1|Raging Bolt|
|poke|p2|Ribombee, F|
|poke|p2|Lokix, M|
|poke|p2|Great Tusk|
|poke|p2|Raging Bolt|
|poke|p2|Gholdengo|
|poke|p2|Iron Moth|
|teampreview
|inactive|Battle timer is ON: inactive players will automatically lose when time's up. (requested by Railio)
|inactive|goodnightnite also wants the timer to be on.
|j| testingrainteam1
|l| testingrainteam1
|
|t:|1779685418
|teamsize|p1|6
|teamsize|p2|6
|start
|switch|p1a: Meowscarada|Meowscarada, F|100/100
|switch|p2a: Ribombee|Ribombee, F, shiny|100/100
|turn|1
|
|t:|1779685423
|move|p1a: Meowscarada|Triple Axel|p2a: Ribombee
|-start|p1a: Meowscarada|typechange|Ice|[from] ability: Protean
|-damage|p2a: Ribombee|82/100
|-damage|p2a: Ribombee|43/100
|-damage|p2a: Ribombee|0 fnt
|faint|p2a: Ribombee
|-hitcount|p2: Ribombee|3
|
|upkeep
|
|t:|1779685427
|switch|p2a: Iron Moth|Iron Moth, shiny|100/100
|-enditem|p2a: Iron Moth|Booster Energy
|-activate|p2a: Iron Moth|ability: Quark Drive|[fromitem]
|-start|p2a: Iron Moth|quarkdrivespa
|turn|2
|
|t:|1779685432
|switch|p1a: Raging Bolt|Raging Bolt|100/100
|move|p2a: Iron Moth|Fiery Dance|p1a: Raging Bolt
|-resisted|p1a: Raging Bolt
|-damage|p1a: Raging Bolt|77/100
|
|upkeep
|turn|3
|
|t:|1779685437
|move|p2a: Iron Moth|Dazzling Gleam|p1a: Raging Bolt
|-supereffective|p1a: Raging Bolt
|-damage|p1a: Raging Bolt|12/100
|move|p1a: Raging Bolt|Draco Meteor|p2a: Iron Moth
|-damage|p2a: Iron Moth|17/100
|-unboost|p1a: Raging Bolt|spa|2
|
|upkeep
|turn|4
|
|t:|1779685442
|move|p1a: Raging Bolt|Thunderclap|p2a: Iron Moth
|-damage|p2a: Iron Moth|0 fnt
|faint|p2a: Iron Moth
|-end|p2a: Iron Moth|Quark Drive|[silent]
|
|upkeep
|
|t:|1779685447
|switch|p2a: Great Tusk|Great Tusk, shiny|100/100
|-enditem|p2a: Great Tusk|Booster Energy
|-activate|p2a: Great Tusk|ability: Protosynthesis|[fromitem]
|-start|p2a: Great Tusk|protosynthesisatk
|turn|5
|
|t:|1779685450
|-end|p1a: Raging Bolt|Protosynthesis|[silent]
|switch|p1a: Corviknight|Corviknight, F|100/100
|move|p2a: Great Tusk|Rapid Spin|p1a: Corviknight
|-resisted|p1a: Corviknight
|-damage|p1a: Corviknight|94/100
|-boost|p2a: Great Tusk|spe|1
|-damage|p2a: Great Tusk|84/100|[from] item: Rocky Helmet|[of] p1a: Corviknight
|
|upkeep
|turn|6
|
|t:|1779685454
|move|p2a: Great Tusk|Rapid Spin|p1a: Corviknight
|-resisted|p1a: Corviknight
|-damage|p1a: Corviknight|87/100
|-boost|p2a: Great Tusk|spe|1
|-damage|p2a: Great Tusk|68/100|[from] item: Rocky Helmet|[of] p1a: Corviknight
|move|p1a: Corviknight|U-turn|p2a: Great Tusk
|-resisted|p2a: Great Tusk
|-damage|p2a: Great Tusk|62/100
|
|t:|1779685466
|switch|p1a: Meowscarada|Meowscarada, F|100/100|[from] U-turn
|
|upkeep
|turn|7
|
|t:|1779685470
|switch|p1a: Corviknight|Corviknight, F|87/100
|move|p2a: Great Tusk|Close Combat|p1a: Corviknight
|-damage|p1a: Corviknight|39/100
|-unboost|p2a: Great Tusk|def|1
|-unboost|p2a: Great Tusk|spd|1
|-damage|p2a: Great Tusk|46/100|[from] item: Rocky Helmet|[of] p1a: Corviknight
|
|upkeep
|turn|8
|
|t:|1779685473
|move|p2a: Great Tusk|Close Combat|p1a: Corviknight
|-damage|p1a: Corviknight|0 fnt
|-unboost|p2a: Great Tusk|def|1
|-unboost|p2a: Great Tusk|spd|1
|-damage|p2a: Great Tusk|29/100|[from] item: Rocky Helmet|[of] p1a: Corviknight
|faint|p1a: Corviknight
|
|upkeep
|
|t:|1779685498
|switch|p1a: Iron Valiant|Iron Valiant|100/100
|-enditem|p1a: Iron Valiant|Booster Energy
|-activate|p1a: Iron Valiant|ability: Quark Drive|[fromitem]
|-start|p1a: Iron Valiant|quarkdrivespe
|turn|9
|
|t:|1779685509
|move|p2a: Great Tusk|Headlong Rush|p1a: Iron Valiant
|-damage|p1a: Iron Valiant|0 fnt
|-unboost|p2a: Great Tusk|def|1
|-unboost|p2a: Great Tusk|spd|1
|faint|p1a: Iron Valiant
|-end|p1a: Iron Valiant|Quark Drive|[silent]
|
|upkeep
|
|t:|1779685519
|switch|p1a: Meowscarada|Meowscarada, F|100/100
|turn|10
|
|t:|1779685528
|-terastallize|p1a: Meowscarada|Ghost
|move|p2a: Great Tusk|Close Combat|p1a: Meowscarada
|-immune|p1a: Meowscarada
|move|p1a: Meowscarada|Triple Axel|p2a: Great Tusk
|-supereffective|p2a: Great Tusk
|-damage|p2a: Great Tusk|7/100
|-supereffective|p2a: Great Tusk
|-damage|p2a: Great Tusk|0 fnt
|faint|p2a: Great Tusk
|-end|p2a: Great Tusk|Protosynthesis|[silent]
|-hitcount|p2: Great Tusk|2
|
|upkeep
|
|t:|1779685535
|switch|p2a: Lokix|Lokix, M, shiny|100/100
|turn|11
|
|t:|1779685551
|move|p1a: Meowscarada|Triple Axel|p2a: Lokix
|-damage|p2a: Lokix|91/100
|-damage|p2a: Lokix|73/100
|-hitcount|p2a: Lokix|2
|move|p2a: Lokix|Swords Dance|p2a: Lokix
|-boost|p2a: Lokix|atk|2
|
|upkeep
|turn|12
|
|t:|1779685556
|move|p1a: Meowscarada|Triple Axel|p2a: Lokix
|-crit|p2a: Lokix
|-damage|p2a: Lokix|60/100
|-damage|p2a: Lokix|41/100
|-damage|p2a: Lokix|15/100
|-hitcount|p2a: Lokix|3
|move|p2a: Lokix|Leech Life|p1a: Meowscarada
|-resisted|p1a: Meowscarada
|-damage|p1a: Meowscarada|0 fnt
|-heal|p2a: Lokix|67/100|[from] drain|[of] p1a: Meowscarada
|faint|p1a: Meowscarada
|-damage|p2a: Lokix|57/100|[from] item: Life Orb
|
|upkeep
|
|t:|1779685562
|switch|p1a: Raging Bolt|Raging Bolt|12/100
|turn|13
|
|t:|1779685566
|move|p2a: Lokix|Sucker Punch|p1a: Raging Bolt
|-damage|p1a: Raging Bolt|0 fnt
|faint|p1a: Raging Bolt
|-end|p1a: Raging Bolt|Protosynthesis|[silent]
|-damage|p2a: Lokix|47/100|[from] item: Life Orb
|
|upkeep
|
|t:|1779685576
|switch|p1a: Cinderace|Cinderace, F|100/100
|turn|14
|
|t:|1779685579
|move|p2a: Lokix|Sucker Punch|p1a: Cinderace
|-damage|p1a: Cinderace|0 fnt
|faint|p1a: Cinderace
|-damage|p2a: Lokix|37/100|[from] item: Life Orb
|
|upkeep
|-message|Railio forfeited.
|
|win|goodnightnite
|raw|Railio's rating: 1594 &rarr; <strong>1576</strong><br />(-18 for losing)
|raw|goodnightnite's rating: 1625 &rarr; <strong>1643</strong><br />(+18 for winning)
|l|☆Railio
|player|p1|
|l|☆goodnightnite
|player|p2|
