|j|☆felipzzz
|j|☆thecatsurf
|t:|1779702740
|gametype|singles
|player|p1|felipzzz|2|1193
|player|p2|thecatsurf|bianca|1253
|gen|9
|tier|[Gen 9] OU
|rated|
|rule|HP Percentage Mod: HP is shown in percentages
|rule|Endless Battle Clause: Forcing endless battles is banned
|rule|Species Clause: Limit one of each Pokémon
|rule|OHKO Clause: OHKO moves are banned
|rule|Evasion Items Clause: Evasion items are banned
|rule|Evasion Moves Clause: Evasion moves are banned
|rule|Evasion Abilities Clause: Evasion abilities are banned
|rule|Sleep Moves Clause: Sleep-inducing moves are banned
|clearpoke
|poke|p1|Crawdaunt, F|
|poke|p1|Typhlosion-Hisui, M|
|poke|p1|Hydrapple, F|
|poke|p1|Tyranitar, F|
|poke|p1|Excadrill, M|
|poke|p1|Primarina, M|
|poke|p2|Slither Wing|
|poke|p2|Great Tusk|
|poke|p2|Ninetales, M|
|poke|p2|Walking Wake|
|poke|p2|Venusaur, M|
|poke|p2|Scream Tail|
|teampreview
|
|t:|1779702766
|teamsize|p1|6
|teamsize|p2|6
|start
|switch|p1a: the klaw|Crawdaunt, F|100/100
|switch|p2a: Colagrito|Scream Tail|100/100
|turn|1
|
|t:|1779702777
|move|p2a: Colagrito|Thunder Wave|p1a: the klaw
|-status|p1a: the klaw|par
|move|p1a: the klaw|Swords Dance|p1a: the klaw
|-boost|p1a: the klaw|atk|2
|
|upkeep
|turn|2
|
|t:|1779702784
|move|p2a: Colagrito|Encore|p1a: the klaw
|-start|p1a: the klaw|Encore
|move|p1a: the klaw|Swords Dance|p1a: the klaw
|-boost|p1a: the klaw|atk|2
|
|upkeep
|turn|3
|
|t:|1779702795
|-end|p2a: Colagrito|Protosynthesis|[silent]
|switch|p2a: Reptalada|Slither Wing|100/100
|move|p1a: the klaw|Swords Dance|p1a: the klaw
|-boost|p1a: the klaw|atk|2
|
|upkeep
|turn|4
|
|t:|1779702813
|switch|p1a: Typhlosion|Typhlosion-Hisui, M|100/100
|-item|p2a: Reptalada|Assault Vest|[from] ability: Frisk|[of] p1a: Typhlosion
|move|p2a: Reptalada|U-turn|p1a: Typhlosion
|-resisted|p1a: Typhlosion
|-damage|p1a: Typhlosion|84/100
|
|t:|1779702816
|-end|p2a: Reptalada|Protosynthesis|[silent]
|switch|p2a: Ondulagua|Walking Wake|100/100|[from] U-turn
|
|upkeep
|turn|5
|
|t:|1779702846
|switch|p1a: Primarina|Primarina, M|100/100
|move|p2a: Ondulagua|Flip Turn|p1a: Primarina
|-resisted|p1a: Primarina
|-damage|p1a: Primarina|91/100
|
|t:|1779702849
|-end|p2a: Ondulagua|Protosynthesis|[silent]
|switch|p2a: Penusaur|Venusaur, M|100/100|[from] Flip Turn
|
|upkeep
|turn|6
|
|t:|1779702864
|-terastallize|p1a: Primarina|Steel
|move|p2a: Penusaur|Giga Drain|p1a: Primarina
|-resisted|p1a: Primarina
|-damage|p1a: Primarina|72/100
|-damage|p2a: Penusaur|91/100|[from] item: Life Orb
|move|p1a: Primarina|Calm Mind|p1a: Primarina
|-boost|p1a: Primarina|spa|1
|-boost|p1a: Primarina|spd|1
|
|upkeep
|turn|7
|
|t:|1779702873
|switch|p2a: Ninetales|Ninetales, M, shiny|100/100
|-weather|SunnyDay|[from] ability: Drought|[of] p2a: Ninetales
|move|p1a: Primarina|Ice Beam|p2a: Ninetales
|-resisted|p2a: Ninetales
|-damage|p2a: Ninetales|72/100
|
|-weather|SunnyDay|[upkeep]
|upkeep
|turn|8
|
|t:|1779702885
|switch|p2a: Ondulagua|Walking Wake|100/100
|-activate|p2a: Ondulagua|ability: Protosynthesis
|-start|p2a: Ondulagua|protosynthesisspe
|switch|p1a: T-tar|Tyranitar, F|100/100
|-weather|Sandstorm|[from] ability: Sand Stream|[of] p1a: T-tar
|-end|p2a: Ondulagua|Protosynthesis
|
|-weather|Sandstorm|[upkeep]
|-damage|p2a: Ondulagua|94/100|[from] Sandstorm
|upkeep
|turn|9
|
|t:|1779702897
|move|p2a: Ondulagua|Flip Turn|p1a: T-tar
|-supereffective|p1a: T-tar
|-damage|p1a: T-tar|69/100
|-damage|p2a: Ondulagua|78/100|[from] item: Rocky Helmet|[of] p1a: T-tar
|
|t:|1779702903
|-end|p2a: Ondulagua|Protosynthesis|[silent]
|switch|p2a: Colagrito|Scream Tail|100/100|[from] Flip Turn
|move|p1a: T-tar|Dragon Dance|p1a: T-tar
|-boost|p1a: T-tar|atk|1
|-boost|p1a: T-tar|spe|1
|
|-weather|Sandstorm|[upkeep]
|-damage|p2a: Colagrito|94/100|[from] Sandstorm
|upkeep
|turn|10
|
|t:|1779702918
|-end|p2a: Colagrito|Protosynthesis|[silent]
|switch|p2a: Ninetales|Ninetales, M, shiny|72/100
|-weather|SunnyDay|[from] ability: Drought|[of] p2a: Ninetales
|move|p1a: T-tar|Knock Off|p2a: Ninetales
|-damage|p2a: Ninetales|0 fnt
|-enditem|p2a: Ninetales|Heat Rock|[from] move: Knock Off|[of] p1a: T-tar
|faint|p2a: Ninetales
|
|-weather|SunnyDay|[upkeep]
|upkeep
|
|t:|1779702927
|switch|p2a: Penusaur|Venusaur, M|91/100
|turn|11
|
|t:|1779702950
|switch|p1a: Typhlosion|Typhlosion-Hisui, M|84/100
|-item|p2a: Penusaur|Life Orb|[from] ability: Frisk|[of] p1a: Typhlosion
|move|p2a: Penusaur|Weather Ball|p1a: Typhlosion
|-resisted|p1a: Typhlosion
|-damage|p1a: Typhlosion|40/100
|-damage|p2a: Penusaur|81/100|[from] item: Life Orb
|
|-weather|SunnyDay|[upkeep]
|upkeep
|turn|12
|
|t:|1779702965
|move|p2a: Penusaur|Weather Ball|p1a: Typhlosion
|-resisted|p1a: Typhlosion
|-damage|p1a: Typhlosion|0 fnt
|faint|p1a: Typhlosion
|-damage|p2a: Penusaur|71/100|[from] item: Life Orb
|
|-weather|SunnyDay|[upkeep]
|upkeep
|
|t:|1779702973
|switch|p1a: T-tar|Tyranitar, F|69/100
|-weather|Sandstorm|[from] ability: Sand Stream|[of] p1a: T-tar
|turn|13
|
|t:|1779702981
|move|p2a: Penusaur|Giga Drain|p1a: T-tar
|-supereffective|p1a: T-tar
|-damage|p1a: T-tar|9/100
|-heal|p2a: Penusaur|100/100|[from] drain|[of] p1a: T-tar
|-damage|p2a: Penusaur|91/100|[from] item: Life Orb
|move|p1a: T-tar|Knock Off|p2a: Penusaur
|-damage|p2a: Penusaur|18/100
|-enditem|p2a: Penusaur|Life Orb|[from] move: Knock Off|[of] p1a: T-tar
|
|-weather|Sandstorm|[upkeep]
|-damage|p2a: Penusaur|12/100|[from] Sandstorm
|upkeep
|turn|14
|
|t:|1779702994
|move|p2a: Penusaur|Giga Drain|p1a: T-tar
|-supereffective|p1a: T-tar
|-damage|p1a: T-tar|0 fnt
|-heal|p2a: Penusaur|17/100|[from] drain|[of] p1a: T-tar
|faint|p1a: T-tar
|
|-weather|Sandstorm|[upkeep]
|-damage|p2a: Penusaur|11/100|[from] Sandstorm
|upkeep
|
|t:|1779703002
|switch|p1a: simon|Excadrill, M|100/100
|turn|15
|
|t:|1779703016
|move|p1a: simon|Drill Run|p2a: Penusaur
|-damage|p2a: Penusaur|0 fnt
|faint|p2a: Penusaur
|
|-weather|Sandstorm|[upkeep]
|upkeep
|
|t:|1779703020
|switch|p2a: Colmilargo|Great Tusk|100/100
|turn|16
|
|t:|1779703031
|switch|p1a: Primarina|Primarina, M, tera:Steel|72/100
|move|p2a: Colmilargo|Headlong Rush|p1a: Primarina
|-supereffective|p1a: Primarina
|-damage|p1a: Primarina|0 fnt
|-unboost|p2a: Colmilargo|def|1
|-unboost|p2a: Colmilargo|spd|1
|faint|p1a: Primarina
|
|-weather|Sandstorm|[upkeep]
|upkeep
|
|t:|1779703047
|switch|p1a: simon|Excadrill, M|100/100
|turn|17
|
|t:|1779703054
|move|p1a: simon|Iron Head|p2a: Colmilargo
|-damage|p2a: Colmilargo|37/100
|cant|p2a: Colmilargo|flinch
|
|-weather|none
|upkeep
|turn|18
|
|t:|1779703063
|move|p1a: simon|Iron Head|p2a: Colmilargo
|-damage|p2a: Colmilargo|0 fnt
|faint|p2a: Colmilargo
|-end|p2a: Colmilargo|Protosynthesis|[silent]
|
|upkeep
|
|t:|1779703064
|switch|p2a: Reptalada|Slither Wing|100/100
|turn|19
|
|t:|1779703078
|-terastallize|p2a: Reptalada|Fire
|move|p1a: simon|Iron Head|p2a: Reptalada
|-resisted|p2a: Reptalada
|-damage|p2a: Reptalada|57/100
|cant|p2a: Reptalada|flinch
|
|upkeep
|turn|20
|
|t:|1779703097
|switch|p1a: the klaw|Crawdaunt, F|100/100 par
|move|p2a: Reptalada|Close Combat|p1a: the klaw
|-supereffective|p1a: the klaw
|-damage|p1a: the klaw|0 fnt
|-unboost|p2a: Reptalada|def|1
|-unboost|p2a: Reptalada|spd|1
|faint|p1a: the klaw
|
|upkeep
|
|t:|1779703112
|switch|p1a: simon|Excadrill, M|100/100
|turn|21
|
|t:|1779703118
|-end|p2a: Reptalada|Protosynthesis|[silent]
|switch|p2a: Colagrito|Scream Tail|94/100
|move|p1a: simon|Drill Run|p2a: Colagrito
|-crit|p2a: Colagrito
|-damage|p2a: Colagrito|6/100
|-enditem|p2a: Colagrito|Eject Button
|
|t:|1779703120
|-end|p2a: Colagrito|Protosynthesis|[silent]
|switch|p2a: Ondulagua|Walking Wake|78/100
|
|upkeep
|turn|22
|
|t:|1779703132
|move|p2a: Ondulagua|Draco Meteor|p1a: simon
|-resisted|p1a: simon
|-damage|p1a: simon|40/100
|-unboost|p2a: Ondulagua|spa|2
|move|p1a: simon|Drill Run|p2a: Ondulagua
|-damage|p2a: Ondulagua|0 fnt
|faint|p2a: Ondulagua
|-end|p2a: Ondulagua|Protosynthesis|[silent]
|
|upkeep
|
|t:|1779703137
|switch|p2a: Reptalada|Slither Wing, tera:Fire|57/100
|turn|23
|
|t:|1779703141
|move|p2a: Reptalada|First Impression|p1a: simon
|-resisted|p1a: simon
|-damage|p1a: simon|1/100
|move|p1a: simon|Drill Run|p2a: Reptalada
|-supereffective|p2a: Reptalada
|-damage|p2a: Reptalada|0 fnt
|faint|p2a: Reptalada
|-end|p2a: Reptalada|Protosynthesis|[silent]
|
|upkeep
|
|t:|1779703144
|switch|p2a: Colagrito|Scream Tail|6/100
|turn|24
|
|t:|1779703151
|move|p2a: Colagrito|Psychic Noise|p1a: simon
|-resisted|p1a: simon
|-damage|p1a: simon|0 fnt
|faint|p1a: simon
|
|upkeep
|
|t:|1779703157
|switch|p1a: bad apple|Hydrapple, F|100/100
|-ability|p1a: bad apple|Supersweet Syrup
|-unboost|p2a: Colagrito|evasion|1
|turn|25
|c|☆thecatsurf|WHY DON'T YOU SWITCH LIKE EVER
|c|☆thecatsurf|PLEASE
|c|☆felipzzz|i cant damage you
|c|☆felipzzz|well played
|
|t:|1779703195
|move|p2a: Colagrito|Wish|p2a: Colagrito
|move|p1a: bad apple|Fickle Beam|p2a: Colagrito
|-immune|p2a: Colagrito
|
|upkeep
|turn|26
|c|☆thecatsurf|are you only fickle beam???????????
|c|☆felipzzz|ye...
|c|☆felipzzz|aight have a good day
|-message|felipzzz forfeited.
|
|win|thecatsurf
|raw|felipzzz's rating: 1193 &rarr; <strong>1172</strong><br />(-21 for losing)
|raw|thecatsurf's rating: 1253 &rarr; <strong>1274</strong><br />(+21 for winning)
|l|☆felipzzz
|player|p1|
