|j|☆Wanawa8724
|j|☆slitherwing ily ><
|t:|1779711973
|gametype|singles
|player|p1|Wanawa8724|wattson|1744
|player|p2|slitherwing ily ><|iono-masters|1707
|gen|9
|tier|[Gen 9] OU
|rated|
|rule|HP Percentage Mod: HP is shown in percentages
|rule|Endless Battle Clause: Forcing endless battles is banned
|rule|Species Clause: Limit one of each Pokémon
|rule|OHKO Clause: OHKO moves are banned
|rule|Evasion Items Clause: Evasion items are banned
|rule|Evasion Moves Clause: Evasion moves are banned
|rule|Evasion Abilities Clause: Evasion abilities are banned
|rule|Sleep Moves Clause: Sleep-inducing moves are banned
|clearpoke
|poke|p1|Tinkaton, F|
|poke|p1|Samurott-Hisui, M|
|poke|p1|Dragapult, M|
|poke|p1|Gholdengo|
|poke|p1|Great Tusk|
|poke|p1|Dragonite, M|
|poke|p2|Iron Jugulis|
|poke|p2|Deoxys-Speed|
|poke|p2|Ogerpon-Wellspring, F|
|poke|p2|Ceruledge, F|
|poke|p2|Glimmora, F|
|poke|p2|Kommo-o, F|
|teampreview
|c|☆slitherwing ily ><|hf
|c|☆Wanawa8724|u2
|
|t:|1779712055
|teamsize|p1|6
|teamsize|p2|6
|start
|switch|p1a: Samurott|Samurott-Hisui, M|100/100
|switch|p2a: Glimmora|Glimmora, F|100/100
|turn|1
|
|t:|1779712058
|move|p2a: Glimmora|Meteor Beam||[still]
|-prepare|p2a: Glimmora|Meteor Beam
|-boost|p2a: Glimmora|spa|1
|-enditem|p2a: Glimmora|Power Herb
|-anim|p2a: Glimmora|Meteor Beam|p1a: Samurott
|-damage|p1a: Samurott|27/100
|move|p1a: Samurott|Razor Shell|p2a: Glimmora
|-supereffective|p2a: Glimmora
|-damage|p2a: Glimmora|0 fnt
|-activate|p2a: Glimmora|ability: Toxic Debris
|-sidestart|p1: Wanawa8724|move: Toxic Spikes
|faint|p2a: Glimmora
|
|upkeep
|
|t:|1779712068
|switch|p2a: Ogerpon|Ogerpon-Wellspring, F|100/100
|turn|2
|
|t:|1779712074
|switch|p1a: Dragapult|Dragapult, M|100/100
|-status|p1a: Dragapult|psn
|move|p2a: Ogerpon|Trailblaze|p1a: Dragapult
|-resisted|p1a: Dragapult
|-damage|p1a: Dragapult|81/100 psn
|-boost|p2a: Ogerpon|spe|1
|
|-damage|p1a: Dragapult|68/100 psn|[from] psn
|upkeep
|turn|3
|
|t:|1779712082
|switch|p1a: Gholdengo|Gholdengo|100/100
|-item|p1a: Gholdengo|Air Balloon
|move|p2a: Ogerpon|Swords Dance|p2a: Ogerpon
|-boost|p2a: Ogerpon|atk|2
|
|upkeep
|turn|4
|
|t:|1779712091
|switch|p1a: Dragapult|Dragapult, M|68/100 psn
|move|p2a: Ogerpon|Ivy Cudgel|p1a: Dragapult|[anim] Ivy Cudgel Water
|-resisted|p1a: Dragapult
|-crit|p1a: Dragapult
|-damage|p1a: Dragapult|0 fnt
|faint|p1a: Dragapult
|
|upkeep
|
|t:|1779712103
|switch|p1a: Dragonite|Dragonite, M|100/100
|turn|5
|
|t:|1779712121
|-terastallize|p1a: Dragonite|Normal
|move|p1a: Dragonite|Extreme Speed|p2a: Ogerpon
|-damage|p2a: Ogerpon|44/100
|move|p2a: Ogerpon|Ivy Cudgel|p1a: Dragonite|[anim] Ivy Cudgel Water
|-damage|p1a: Dragonite|41/100
|
|upkeep
|turn|6
|
|t:|1779712127
|move|p1a: Dragonite|Extreme Speed|p2a: Ogerpon
|-damage|p2a: Ogerpon|0 fnt
|faint|p2a: Ogerpon
|
|upkeep
|
|t:|1779712136
|switch|p2a: Ceruledge|Ceruledge, F|100/100
|turn|7
|
|t:|1779712142
|switch|p1a: Samurott|Samurott-Hisui, M|27/100
|-status|p1a: Samurott|psn
|move|p2a: Ceruledge|Swords Dance|p2a: Ceruledge
|-boost|p2a: Ceruledge|atk|2
|
|-damage|p1a: Samurott|14/100 psn|[from] psn
|upkeep
|turn|8
|
|t:|1779712147
|move|p2a: Ceruledge|Shadow Sneak|p1a: Samurott
|-resisted|p1a: Samurott
|-damage|p1a: Samurott|0 fnt
|faint|p1a: Samurott
|
|upkeep
|
|t:|1779712153
|switch|p1a: Tinkaton|Tinkaton, F|100/100
|-item|p1a: Tinkaton|Air Balloon
|turn|9
|
|t:|1779712162
|move|p1a: Tinkaton|Thunder Wave|p2a: Ceruledge
|-status|p2a: Ceruledge|par
|move|p2a: Ceruledge|Bitter Blade|p1a: Tinkaton
|-supereffective|p1a: Tinkaton
|-damage|p1a: Tinkaton|0 fnt
|-enditem|p1a: Tinkaton|Air Balloon
|faint|p1a: Tinkaton
|
|upkeep
|
|t:|1779712177
|switch|p1a: Great Tusk|Great Tusk|100/100
|-status|p1a: Great Tusk|psn
|turn|10
|
|t:|1779712195
|move|p1a: Great Tusk|Headlong Rush|p2a: Ceruledge
|-supereffective|p2a: Ceruledge
|-damage|p2a: Ceruledge|0 fnt
|-unboost|p1a: Great Tusk|def|1
|-unboost|p1a: Great Tusk|spd|1
|faint|p2a: Ceruledge
|
|-damage|p1a: Great Tusk|88/100 psn|[from] psn
|upkeep
|
|t:|1779712204
|switch|p2a: Deoxys|Deoxys-Speed|100/100
|-ability|p2a: Deoxys|Pressure
|turn|11
|
|t:|1779712212
|move|p2a: Deoxys|Reflect|p2a: Deoxys
|-sidestart|p2: slitherwing ily ><|Reflect
|move|p1a: Great Tusk|Rapid Spin|p2a: Deoxys
|-damage|p2a: Deoxys|90/100
|-boost|p1a: Great Tusk|spe|1
|-sideend|p1: Wanawa8724|Toxic Spikes|[from] move: Rapid Spin|[of] p1a: Great Tusk
|
|-damage|p1a: Great Tusk|76/100 psn|[from] psn
|upkeep
|turn|12
|
|t:|1779712224
|move|p2a: Deoxys|Light Screen|p2a: Deoxys
|-sidestart|p2: slitherwing ily ><|move: Light Screen
|move|p1a: Great Tusk|Rapid Spin|p2a: Deoxys
|-damage|p2a: Deoxys|80/100
|-boost|p1a: Great Tusk|spe|1
|
|-damage|p1a: Great Tusk|63/100 psn|[from] psn
|upkeep
|turn|13
|
|t:|1779712227
|switch|p2a: Iron Jugulis|Iron Jugulis|100/100
|-enditem|p2a: Iron Jugulis|Booster Energy
|-activate|p2a: Iron Jugulis|ability: Quark Drive|[fromitem]
|-start|p2a: Iron Jugulis|quarkdrivespe
|move|p1a: Great Tusk|Headlong Rush|p2a: Iron Jugulis
|-immune|p2a: Iron Jugulis
|
|-damage|p1a: Great Tusk|51/100 psn|[from] psn
|upkeep
|turn|14
|
|t:|1779712230
|move|p1a: Great Tusk|Close Combat|p2a: Iron Jugulis
|-damage|p2a: Iron Jugulis|61/100
|-unboost|p1a: Great Tusk|def|1
|-unboost|p1a: Great Tusk|spd|1
|move|p2a: Iron Jugulis|Earth Power|p1a: Great Tusk
|-damage|p1a: Great Tusk|0 fnt
|faint|p1a: Great Tusk
|-end|p1a: Great Tusk|Protosynthesis|[silent]
|
|upkeep
|
|t:|1779712239
|switch|p1a: Dragonite|Dragonite, M, tera:Normal|41/100
|turn|15
|
|t:|1779712249
|move|p2a: Iron Jugulis|Hurricane|p1a: Dragonite|[miss]
|-miss|p2a: Iron Jugulis|p1a: Dragonite
|move|p1a: Dragonite|Roost|p1a: Dragonite
|-heal|p1a: Dragonite|91/100
|
|upkeep
|turn|16
|
|t:|1779712259
|move|p1a: Dragonite|Extreme Speed|p2a: Iron Jugulis
|-damage|p2a: Iron Jugulis|35/100
|move|p2a: Iron Jugulis|Taunt|p1a: Dragonite
|-start|p1a: Dragonite|move: Taunt
|
|upkeep
|turn|17
|
|t:|1779712262
|move|p1a: Dragonite|Extreme Speed|p2a: Iron Jugulis
|-damage|p2a: Iron Jugulis|9/100
|move|p2a: Iron Jugulis|Hurricane|p1a: Dragonite|[miss]
|-miss|p2a: Iron Jugulis|p1a: Dragonite
|
|upkeep
|turn|18
|
|t:|1779712270
|move|p1a: Dragonite|Extreme Speed|p2a: Iron Jugulis
|-damage|p2a: Iron Jugulis|0 fnt
|faint|p2a: Iron Jugulis
|-end|p2a: Iron Jugulis|Quark Drive|[silent]
|
|-sideend|p2: slitherwing ily ><|Reflect
|upkeep
|
|t:|1779712272
|switch|p2a: Deoxys|Deoxys-Speed|80/100
|-ability|p2a: Deoxys|Pressure
|turn|19
|
|t:|1779712277
|move|p1a: Dragonite|Extreme Speed|p2a: Deoxys
|-damage|p2a: Deoxys|21/100
|move|p2a: Deoxys|Reflect|p2a: Deoxys
|-sidestart|p2: slitherwing ily ><|Reflect
|
|-end|p1a: Dragonite|move: Taunt
|-sideend|p2: slitherwing ily ><|move: Light Screen
|upkeep
|turn|20
|
|t:|1779712281
|switch|p1a: Gholdengo|Gholdengo|100/100
|-item|p1a: Gholdengo|Air Balloon
|move|p2a: Deoxys|Taunt|p1a: Gholdengo
|-immune|p1a: Gholdengo|[from] ability: Good as Gold
|
|upkeep
|turn|21
|
|t:|1779712284
|switch|p2a: Kommo-o|Kommo-o, F|100/100
|move|p1a: Gholdengo|Nasty Plot|p1a: Gholdengo
|-boost|p1a: Gholdengo|spa|2
|
|upkeep
|turn|22
|
|t:|1779712289
|switch|p2a: Deoxys|Deoxys-Speed|21/100
|-ability|p2a: Deoxys|Pressure
|move|p1a: Gholdengo|Make It Rain|p2a: Deoxys
|-damage|p2a: Deoxys|0 fnt
|-unboost|p1a: Gholdengo|spa|1
|faint|p2a: Deoxys
|
|upkeep
|
|t:|1779712291
|switch|p2a: Kommo-o|Kommo-o, F|100/100
|turn|23
|
|t:|1779712307
|-terastallize|p2a: Kommo-o|Ghost
|move|p2a: Kommo-o|Shadow Claw|p1a: Gholdengo
|-supereffective|p1a: Gholdengo
|-damage|p1a: Gholdengo|39/100
|-enditem|p1a: Gholdengo|Air Balloon
|move|p1a: Gholdengo|Make It Rain|p2a: Kommo-o
|-damage|p2a: Kommo-o|12/100
|-unboost|p1a: Gholdengo|spa|1
|
|-heal|p2a: Kommo-o|18/100|[from] item: Leftovers
|upkeep
|turn|24
|
|t:|1779712315
|move|p2a: Kommo-o|Shadow Claw|p1a: Gholdengo
|-supereffective|p1a: Gholdengo
|-damage|p1a: Gholdengo|0 fnt
|faint|p1a: Gholdengo
|
|-heal|p2a: Kommo-o|25/100|[from] item: Leftovers
|upkeep
|
|t:|1779712317
|switch|p1a: Dragonite|Dragonite, M, tera:Normal|91/100
|turn|25
|
|t:|1779712321
|move|p2a: Kommo-o|Drain Punch|p1a: Dragonite
|-supereffective|p1a: Dragonite
|-damage|p1a: Dragonite|35/100
|-heal|p2a: Kommo-o|54/100|[from] drain|[of] p1a: Dragonite
|move|p1a: Dragonite|Dragon Dance|p1a: Dragonite
|-boost|p1a: Dragonite|atk|1
|-boost|p1a: Dragonite|spe|1
|
|-heal|p2a: Kommo-o|60/100|[from] item: Leftovers
|upkeep
|turn|26
|
|t:|1779712326
|move|p1a: Dragonite|Earthquake|p2a: Kommo-o
|-damage|p2a: Kommo-o|38/100
|move|p2a: Kommo-o|Drain Punch|p1a: Dragonite
|-supereffective|p1a: Dragonite
|-damage|p1a: Dragonite|0 fnt
|-heal|p2a: Kommo-o|56/100|[from] drain|[of] p1a: Dragonite
|faint|p1a: Dragonite
|
|win|slitherwing ily ><
|raw|Wanawa8724's rating: 1744 &rarr; <strong>1722</strong><br />(-22 for losing)
|raw|slitherwing ily &gt;&lt;'s rating: 1707 &rarr; <strong>1729</strong><br />(+22 for winning)
|c|☆slitherwing ily ><|gg
|c|☆Wanawa8724|ggs
|l|☆Wanawa8724
|player|p1|
|l|☆slitherwing ily ><
|player|p2|
