|j|☆Margoullia
|j|☆JokerKing2398
|t:|1779657898
|gametype|singles
|player|p1|Margoullia|lance|1412
|player|p2|JokerKing2398|norman|1400
|gen|9
|tier|[Gen 9] OU
|rated|
|rule|HP Percentage Mod: HP is shown in percentages
|rule|Endless Battle Clause: Forcing endless battles is banned
|rule|Species Clause: Limit one of each Pokémon
|rule|OHKO Clause: OHKO moves are banned
|rule|Evasion Items Clause: Evasion items are banned
|rule|Evasion Moves Clause: Evasion moves are banned
|rule|Evasion Abilities Clause: Evasion abilities are banned
|rule|Sleep Moves Clause: Sleep-inducing moves are banned
|clearpoke
|poke|p1|Slowking-Galar, M|
|poke|p1|Great Tusk|
|poke|p1|Zapdos|
|poke|p1|Meowscarada, M|
|poke|p1|Samurott-Hisui, F|
|poke|p1|Iron Valiant|
|poke|p2|Galvantula, F|
|poke|p2|Samurott-Hisui, M|
|poke|p2|Garganacl, M|
|poke|p2|Blaziken, F|
|poke|p2|Ting-Lu|
|poke|p2|Sinistcha|
|teampreview
|inactive|Battle timer is ON: inactive players will automatically lose when time's up. (requested by Margoullia)
|
|t:|1779657912
|teamsize|p1|6
|teamsize|p2|6
|start
|switch|p1a: Meowscarada|Meowscarada, M|100/100
|switch|p2a: Galvantula|Galvantula, F|100/100
|turn|1
|
|t:|1779657919
|move|p1a: Meowscarada|Knock Off|p2a: Galvantula
|-start|p1a: Meowscarada|typechange|Dark|[from] ability: Protean
|-damage|p2a: Galvantula|24/100
|-enditem|p2a: Galvantula|Choice Specs|[from] move: Knock Off|[of] p1a: Meowscarada
|move|p2a: Galvantula|Bug Buzz|p1a: Meowscarada
|-supereffective|p1a: Meowscarada
|-damage|p1a: Meowscarada|0 fnt
|faint|p1a: Meowscarada
|
|upkeep
|
|t:|1779657928
|switch|p1a: Samurott|Samurott-Hisui, F|100/100
|turn|2
|
|t:|1779657932
|move|p2a: Galvantula|Bug Buzz|p1a: Samurott
|-supereffective|p1a: Samurott
|-damage|p1a: Samurott|0 fnt
|faint|p1a: Samurott
|
|upkeep
|
|t:|1779657938
|switch|p1a: Great Tusk|Great Tusk|100/100
|turn|3
|
|t:|1779657941
|move|p2a: Galvantula|Energy Ball|p1a: Great Tusk
|-supereffective|p1a: Great Tusk
|-damage|p1a: Great Tusk|39/100
|move|p1a: Great Tusk|Rapid Spin|p2a: Galvantula
|-damage|p2a: Galvantula|0 fnt
|-boost|p1a: Great Tusk|spe|1
|faint|p2a: Galvantula
|
|upkeep
|
|t:|1779657952
|switch|p2a: Sinistcha|Sinistcha|100/100
|turn|4
|
|t:|1779657958
|move|p1a: Great Tusk|Stealth Rock|p2a: Sinistcha
|-sidestart|p2: JokerKing2398|move: Stealth Rock
|move|p2a: Sinistcha|Matcha Gotcha|p1a: Great Tusk
|-supereffective|p1a: Great Tusk
|-damage|p1a: Great Tusk|0 fnt
|faint|p1a: Great Tusk
|-end|p1a: Great Tusk|Protosynthesis|[silent]
|
|upkeep
|
|t:|1779657966
|switch|p1a: Slowking|Slowking-Galar, M|100/100
|turn|5
|
|t:|1779657969
|move|p2a: Sinistcha|Calm Mind|p2a: Sinistcha
|-boost|p2a: Sinistcha|spa|1
|-boost|p2a: Sinistcha|spd|1
|move|p1a: Slowking|Sludge Bomb|p2a: Sinistcha
|-damage|p2a: Sinistcha|68/100
|-status|p2a: Sinistcha|psn
|
|-heal|p2a: Sinistcha|74/100 psn|[from] item: Leftovers
|-damage|p2a: Sinistcha|61/100 psn|[from] psn
|upkeep
|turn|6
|
|t:|1779657985
|move|p2a: Sinistcha|Shadow Ball|p1a: Slowking
|-supereffective|p1a: Slowking
|-damage|p1a: Slowking|38/100
|-unboost|p1a: Slowking|spd|1
|move|p1a: Slowking|Future Sight|p2a: Sinistcha
|-start|p1a: Slowking|move: Future Sight
|
|-heal|p2a: Sinistcha|67/100 psn|[from] item: Leftovers
|-damage|p2a: Sinistcha|55/100 psn|[from] psn
|upkeep
|turn|7
|
|t:|1779657995
|switch|p1a: Zapdos|Zapdos|100/100
|move|p2a: Sinistcha|Shadow Ball|p1a: Zapdos
|-damage|p1a: Zapdos|34/100
|
|-heal|p2a: Sinistcha|61/100 psn|[from] item: Leftovers
|-damage|p2a: Sinistcha|48/100 psn|[from] psn
|upkeep
|turn|8
|
|t:|1779658005
|move|p1a: Zapdos|Hurricane|p2a: Sinistcha|[miss]
|-miss|p1a: Zapdos|p2a: Sinistcha
|move|p2a: Sinistcha|Shadow Ball|p1a: Zapdos
|-damage|p1a: Zapdos|0 fnt
|faint|p1a: Zapdos
|
|-end|p2a: Sinistcha|move: Future Sight
|-damage|p2a: Sinistcha|6/100 psn
|-heal|p2a: Sinistcha|12/100 psn|[from] item: Leftovers
|-damage|p2a: Sinistcha|0 fnt|[from] psn
|faint|p2a: Sinistcha
|upkeep
|
|t:|1779658022
|switch|p1a: Slowking|Slowking-Galar, M|71/100
|switch|p2a: Samurott|Samurott-Hisui, M|100/100
|-damage|p2a: Samurott|88/100|[from] Stealth Rock
|turn|9
|
|t:|1779658032
|-terastallize|p1a: Slowking|Water
|move|p2a: Samurott|Knock Off|p1a: Slowking
|-damage|p1a: Slowking|23/100
|-enditem|p1a: Slowking|Assault Vest|[from] move: Knock Off|[of] p2a: Samurott
|move|p1a: Slowking|Sludge Bomb|p2a: Samurott
|-damage|p2a: Samurott|27/100
|
|upkeep
|turn|10
|
|t:|1779658041
|move|p2a: Samurott|Knock Off|p1a: Slowking
|-crit|p1a: Slowking
|-damage|p1a: Slowking|0 fnt
|faint|p1a: Slowking
|
|upkeep
|
|t:|1779658046
|switch|p1a: Iron Valiant|Iron Valiant|100/100
|-enditem|p1a: Iron Valiant|Booster Energy
|-activate|p1a: Iron Valiant|ability: Quark Drive|[fromitem]
|-start|p1a: Iron Valiant|quarkdrivespe
|turn|11
|
|t:|1779658058
|move|p1a: Iron Valiant|Calm Mind|p1a: Iron Valiant
|-boost|p1a: Iron Valiant|spa|1
|-boost|p1a: Iron Valiant|spd|1
|move|p2a: Samurott|Knock Off|p1a: Iron Valiant
|-resisted|p1a: Iron Valiant
|-damage|p1a: Iron Valiant|91/100
|
|upkeep
|turn|12
|
|t:|1779658067
|switch|p2a: Garganacl|Garganacl, M|100/100
|-damage|p2a: Garganacl|88/100|[from] Stealth Rock
|move|p1a: Iron Valiant|Calm Mind|p1a: Iron Valiant
|-boost|p1a: Iron Valiant|spa|1
|-boost|p1a: Iron Valiant|spd|1
|
|-heal|p2a: Garganacl|94/100|[from] item: Leftovers
|upkeep
|turn|13
|
|t:|1779658079
|-terastallize|p2a: Garganacl|Water
|move|p1a: Iron Valiant|Moonblast|p2a: Garganacl
|-damage|p2a: Garganacl|5/100
|move|p2a: Garganacl|Salt Cure|p1a: Iron Valiant
|-resisted|p1a: Iron Valiant
|-damage|p1a: Iron Valiant|82/100
|-start|p1a: Iron Valiant|Salt Cure
|
|-heal|p2a: Garganacl|11/100|[from] item: Leftovers
|-damage|p1a: Iron Valiant|69/100|[from] Salt Cure
|upkeep
|turn|14
|
|t:|1779658090
|move|p2a: Garganacl|Protect|p2a: Garganacl
|-singleturn|p2a: Garganacl|Protect
|move|p1a: Iron Valiant|Moonblast|p2a: Garganacl
|-activate|p2a: Garganacl|move: Protect
|
|-heal|p2a: Garganacl|18/100|[from] item: Leftovers
|-damage|p1a: Iron Valiant|57/100|[from] Salt Cure
|upkeep
|turn|15
|
|t:|1779658097
|switch|p2a: Samurott|Samurott-Hisui, M|27/100
|-damage|p2a: Samurott|15/100|[from] Stealth Rock
|move|p1a: Iron Valiant|Moonblast|p2a: Samurott
|-supereffective|p2a: Samurott
|-damage|p2a: Samurott|0 fnt
|faint|p2a: Samurott
|
|-damage|p1a: Iron Valiant|44/100|[from] Salt Cure
|upkeep
|
|t:|1779658108
|switch|p2a: Garganacl|Garganacl, M, tera:Water|18/100
|-damage|p2a: Garganacl|5/100|[from] Stealth Rock
|turn|16
|
|t:|1779658115
|move|p2a: Garganacl|Protect|p2a: Garganacl
|-singleturn|p2a: Garganacl|Protect
|move|p1a: Iron Valiant|Moonblast|p2a: Garganacl
|-activate|p2a: Garganacl|move: Protect
|
|-heal|p2a: Garganacl|11/100|[from] item: Leftovers
|-damage|p1a: Iron Valiant|32/100|[from] Salt Cure
|upkeep
|turn|17
|
|t:|1779658123
|move|p2a: Garganacl|Protect||[still]
|-fail|p2a: Garganacl
|move|p1a: Iron Valiant|Moonblast|p2a: Garganacl
|-damage|p2a: Garganacl|0 fnt
|faint|p2a: Garganacl
|
|-damage|p1a: Iron Valiant|20/100|[from] Salt Cure
|upkeep
|
|t:|1779658127
|switch|p2a: Blaziken|Blaziken, F|100/100
|turn|18
|
|t:|1779658134
|move|p2a: Blaziken|Protect|p2a: Blaziken
|-singleturn|p2a: Blaziken|Protect
|move|p1a: Iron Valiant|Moonblast|p2a: Blaziken
|-activate|p2a: Blaziken|move: Protect
|
|-damage|p1a: Iron Valiant|7/100|[from] Salt Cure
|-ability|p2a: Blaziken|Speed Boost|boost
|-boost|p2a: Blaziken|spe|1
|upkeep
|turn|19
|
|t:|1779658142
|move|p2a: Blaziken|Protect|p2a: Blaziken
|-singleturn|p2a: Blaziken|Protect
|move|p1a: Iron Valiant|Moonblast|p2a: Blaziken
|-activate|p2a: Blaziken|move: Protect
|
|-damage|p1a: Iron Valiant|0 fnt|[from] Salt Cure
|faint|p1a: Iron Valiant
|-end|p1a: Iron Valiant|Quark Drive|[silent]
|
|win|JokerKing2398
|raw|Margoullia's rating: 1412 &rarr; <strong>1391</strong><br />(-21 for losing)
|raw|JokerKing2398's rating: 1400 &rarr; <strong>1421</strong><br />(+21 for winning)
|l|☆Margoullia
|player|p1|
|l|☆JokerKing2398
|player|p2|
