|j|☆Superweeegeegamur
|j|☆KC177
|t:|1779644251
|gametype|singles
|player|p1|Superweeegeegamur|nate|1372
|player|p2|KC177|unknown|1428
|gen|9
|tier|[Gen 9] OU
|rated|
|rule|HP Percentage Mod: HP is shown in percentages
|rule|Endless Battle Clause: Forcing endless battles is banned
|rule|Species Clause: Limit one of each Pokémon
|rule|OHKO Clause: OHKO moves are banned
|rule|Evasion Items Clause: Evasion items are banned
|rule|Evasion Moves Clause: Evasion moves are banned
|rule|Evasion Abilities Clause: Evasion abilities are banned
|rule|Sleep Moves Clause: Sleep-inducing moves are banned
|clearpoke
|poke|p1|Zamazenta-*|
|poke|p1|Porygon-Z|
|poke|p1|Skeledirge, F|
|poke|p1|Alomomola, F|
|poke|p1|Ting-Lu|
|poke|p1|Corviknight, F|
|poke|p2|Cramorant, F|
|poke|p2|Gallade, M|
|poke|p2|Kingambit, F|
|poke|p2|Iron Moth|
|poke|p2|Enamorus, F|
|poke|p2|Ogerpon-Cornerstone, F|
|teampreview
|inactive|Battle timer is ON: inactive players will automatically lose when time's up. (requested by KC177)
|inactive|Superweeegeegamur has 120 seconds left.
|
|t:|1779644306
|teamsize|p1|6
|teamsize|p2|6
|start
|switch|p1a: Ting-Lu|Ting-Lu|100/100
|switch|p2a: Cramorant|Cramorant, F, shiny|100/100
|-ability|p1a: Ting-Lu|Vessel of Ruin
|turn|1
|
|t:|1779644313
|move|p2a: Cramorant|Tailwind|p2a: Cramorant
|-sidestart|p2: KC177|move: Tailwind
|move|p1a: Ting-Lu|Stealth Rock|p2a: Cramorant
|-sidestart|p2: KC177|move: Stealth Rock
|
|upkeep
|turn|2
|
|t:|1779644320
|switch|p1a: Alomomola|Alomomola, F|100/100
|move|p2a: Cramorant|Defog|p1a: Alomomola
|-unboost|p1a: Alomomola|evasion|1
|-sideend|p2: KC177|Stealth Rock|[from] move: Defog|[of] p2a: Cramorant
|
|upkeep
|turn|3
|
|t:|1779644329
|move|p2a: Cramorant|Surf|p1a: Alomomola
|-formechange|p2a: Cramorant|Cramorant-Gulping|
|-resisted|p1a: Alomomola
|-damage|p1a: Alomomola|84/100
|move|p1a: Alomomola|Flip Turn|p2a: Cramorant
|-resisted|p2a: Cramorant
|-damage|p2a: Cramorant|84/100
|-damage|p1a: Alomomola|59/100|[from] ability: Gulp Missile|[of] p2a: Cramorant
|-unboost|p1a: Alomomola|def|1
|-formechange|p2a: Cramorant|Cramorant|
|
|t:|1779644340
|switch|p1a: Porygon-Z|Porygon-Z|100/100|[from] Flip Turn
|-ability|p1a: Porygon-Z|Download|boost
|-boost|p1a: Porygon-Z|atk|1
|
|upkeep
|turn|4
|
|t:|1779644347
|move|p2a: Cramorant|Surf|p1a: Porygon-Z
|-formechange|p2a: Cramorant|Cramorant-Gulping|
|-damage|p1a: Porygon-Z|43/100
|move|p1a: Porygon-Z|Tri Attack|p2a: Cramorant
|-damage|p2a: Cramorant|0 fnt
|-damage|p1a: Porygon-Z|19/100|[from] ability: Gulp Missile|[of] p2a: Cramorant
|-unboost|p1a: Porygon-Z|def|1
|-formechange|p2a: Cramorant|Cramorant|
|faint|p2a: Cramorant
|
|-sideend|p2: KC177|move: Tailwind
|upkeep
|inactive|KC177 has 120 seconds left.
|
|t:|1779644389
|switch|p2a: Enamorus|Enamorus, F|100/100
|turn|5
|
|t:|1779644393
|switch|p1a: Corviknight|Corviknight, F|100/100
|-ability|p1a: Corviknight|Pressure
|move|p2a: Enamorus|Superpower|p1a: Corviknight
|-damage|p1a: Corviknight|83/100
|-boost|p2a: Enamorus|atk|1
|-boost|p2a: Enamorus|def|1
|-damage|p2a: Enamorus|84/100|[from] item: Rocky Helmet|[of] p1a: Corviknight
|
|upkeep
|turn|6
|
|t:|1779644413
|switch|p2a: Iron Moth|Iron Moth|100/100
|-enditem|p2a: Iron Moth|Booster Energy
|-activate|p2a: Iron Moth|ability: Quark Drive|[fromitem]
|-start|p2a: Iron Moth|quarkdrivespe
|move|p1a: Corviknight|U-turn|p2a: Iron Moth
|-resisted|p2a: Iron Moth
|-damage|p2a: Iron Moth|95/100
|
|t:|1779644423
|switch|p1a: Ting-Lu|Ting-Lu|100/100|[from] U-turn
|-ability|p1a: Ting-Lu|Vessel of Ruin
|
|upkeep
|turn|7
|inactive|KC177 has 120 seconds left.
|
|t:|1779644453
|-end|p2a: Iron Moth|Quark Drive|[silent]
|switch|p2a: Ogerpon|Ogerpon-Cornerstone, F|100/100
|move|p1a: Ting-Lu|Stealth Rock|p2a: Ogerpon
|-sidestart|p2: KC177|move: Stealth Rock
|
|upkeep
|turn|8
|
|t:|1779644476
|switch|p1a: Corviknight|Corviknight, F|83/100
|-ability|p1a: Corviknight|Pressure
|move|p2a: Ogerpon|Power Whip|p1a: Corviknight
|-resisted|p1a: Corviknight
|-damage|p1a: Corviknight|73/100
|-damage|p2a: Ogerpon|84/100|[from] item: Rocky Helmet|[of] p1a: Corviknight
|
|upkeep
|turn|9
|
|t:|1779644485
|move|p2a: Ogerpon|Swords Dance|p2a: Ogerpon
|-boost|p2a: Ogerpon|atk|2
|move|p1a: Corviknight|U-turn|p2a: Ogerpon
|-supereffective|p2a: Ogerpon
|-damage|p2a: Ogerpon|44/100
|inactive|Superweeegeegamur has 120 seconds left.
|
|t:|1779644510
|switch|p1a: Zamazenta|Zamazenta|100/100|[from] U-turn
|-ability|p1a: Zamazenta|Dauntless Shield|boost
|-boost|p1a: Zamazenta|def|1
|
|upkeep
|turn|10
|
|t:|1779644518
|switch|p2a: Iron Moth|Iron Moth|95/100
|-damage|p2a: Iron Moth|71/100|[from] Stealth Rock
|move|p1a: Zamazenta|Body Press|p2a: Iron Moth
|-resisted|p2a: Iron Moth
|-damage|p2a: Iron Moth|24/100
|
|upkeep
|turn|11
|inactive|Superweeegeegamur has 120 seconds left.
|
|t:|1779644525
|move|p1a: Zamazenta|Body Press|p2a: Iron Moth
|-resisted|p2a: Iron Moth
|-damage|p2a: Iron Moth|0 fnt
|faint|p2a: Iron Moth
|-end|p2a: Iron Moth|Quark Drive|[silent]
|
|upkeep
|
|t:|1779644539
|switch|p2a: Enamorus|Enamorus, F|84/100
|-damage|p2a: Enamorus|59/100|[from] Stealth Rock
|turn|12
|
|t:|1779644546
|switch|p2a: Ogerpon|Ogerpon-Cornerstone, F|44/100
|-damage|p2a: Ogerpon|32/100|[from] Stealth Rock
|move|p1a: Zamazenta|Substitute|p1a: Zamazenta
|-start|p1a: Zamazenta|Substitute
|-damage|p1a: Zamazenta|76/100
|
|-heal|p1a: Zamazenta|82/100|[from] item: Leftovers
|upkeep
|turn|13
|-message|KC177 forfeited.
|
|win|Superweeegeegamur
|raw|Superweeegeegamur's rating: 1372 &rarr; <strong>1395</strong><br />(+23 for winning)
|raw|KC177's rating: 1428 &rarr; <strong>1405</strong><br />(-23 for losing)
|l|☆Superweeegeegamur
|player|p1|
|l|☆KC177
|player|p2|
