|j|☆miemg
|j|☆pokemaster3592
|t:|1779626238
|gametype|singles
|player|p1|miemg|hiker|1086
|player|p2|pokemaster3592|volkner|1108
|gen|9
|tier|[Gen 9] OU
|rated|
|rule|HP Percentage Mod: HP is shown in percentages
|rule|Endless Battle Clause: Forcing endless battles is banned
|rule|Species Clause: Limit one of each Pokémon
|rule|OHKO Clause: OHKO moves are banned
|rule|Evasion Items Clause: Evasion items are banned
|rule|Evasion Moves Clause: Evasion moves are banned
|rule|Evasion Abilities Clause: Evasion abilities are banned
|rule|Sleep Moves Clause: Sleep-inducing moves are banned
|clearpoke
|poke|p1|Blissey, F|
|poke|p1|Great Tusk|
|poke|p1|Landorus-Therian, M|
|poke|p1|Gliscor, M|
|poke|p1|Toxapex, F|
|poke|p1|Magnezone|
|poke|p2|Decidueye, M|
|poke|p2|Greninja-*, M|
|poke|p2|Lucario, F|
|poke|p2|Talonflame, F|
|poke|p2|Lycanroc-Dusk, F|
|poke|p2|Gliscor, F|
|teampreview
|inactive|Battle timer is ON: inactive players will automatically lose when time's up. (requested by pokemaster3592)
|
|t:|1779626249
|teamsize|p1|6
|teamsize|p2|6
|start
|switch|p1a: Landorus|Landorus-Therian, M|100/100
|switch|p2a: Lycanroc|Lycanroc-Dusk, F, shiny|100/100
|-ability|p1a: Landorus|Intimidate|boost
|-unboost|p2a: Lycanroc|atk|1
|turn|1
|
|t:|1779626258
|move|p2a: Lycanroc|Stealth Rock|p1a: Landorus
|-sidestart|p1: miemg|move: Stealth Rock
|move|p1a: Landorus|Stealth Rock|p2a: Lycanroc
|-sidestart|p2: pokemaster3592|move: Stealth Rock
|
|upkeep
|turn|2
|
|t:|1779626262
|move|p2a: Lycanroc|Iron Head|p1a: Landorus
|-damage|p1a: Landorus|84/100
|-damage|p2a: Lycanroc|84/100|[from] item: Rocky Helmet|[of] p1a: Landorus
|move|p1a: Landorus|Earthquake|p2a: Lycanroc
|-supereffective|p2a: Lycanroc
|-damage|p2a: Lycanroc|0 fnt
|faint|p2a: Lycanroc
|
|upkeep
|inactive|pokemaster3592 has 120 seconds left.
|
|t:|1779626297
|switch|p2a: Gliscor|Gliscor, F|100/100
|-damage|p2a: Gliscor|88/100|[from] Stealth Rock
|turn|3
|inactive|miemg has 120 seconds left.
|
|t:|1779626335
|move|p2a: Gliscor|Protect|p2a: Gliscor
|-singleturn|p2a: Gliscor|Protect
|move|p1a: Landorus|U-turn|p2a: Gliscor
|-activate|p2a: Gliscor|move: Protect
|
|-status|p2a: Gliscor|tox|[from] item: Toxic Orb
|upkeep
|turn|4
|inactive|miemg has 120 seconds left.
|
|t:|1779626344
|move|p2a: Gliscor|Facade|p1a: Landorus
|-damage|p1a: Landorus|62/100
|-damage|p2a: Gliscor|71/100 tox|[from] item: Rocky Helmet|[of] p1a: Landorus
|move|p1a: Landorus|Taunt|p2a: Gliscor
|-start|p2a: Gliscor|move: Taunt
|
|-heal|p2a: Gliscor|84/100 tox|[from] ability: Poison Heal
|upkeep
|turn|5
|
|t:|1779626356
|move|p2a: Gliscor|Facade|p1a: Landorus
|-damage|p1a: Landorus|37/100
|-damage|p2a: Gliscor|67/100 tox|[from] item: Rocky Helmet|[of] p1a: Landorus
|move|p1a: Landorus|U-turn|p2a: Gliscor
|-resisted|p2a: Gliscor
|-damage|p2a: Gliscor|61/100 tox
|inactive|miemg has 120 seconds left.
|
|t:|1779626370
|switch|p1a: Great Tusk|Great Tusk|100/100|[from] U-turn
|
|-heal|p2a: Gliscor|73/100 tox|[from] ability: Poison Heal
|upkeep
|turn|6
|
|t:|1779626380
|switch|p2a: Greninja|Greninja, M|100/100
|-damage|p2a: Greninja|88/100|[from] Stealth Rock
|move|p1a: Great Tusk|Ice Spinner|p2a: Greninja
|-resisted|p2a: Greninja
|-damage|p2a: Greninja|64/100
|
|upkeep
|turn|7
|inactive|miemg has 120 seconds left.
|
|t:|1779626410
|-end|p1a: Great Tusk|Protosynthesis|[silent]
|switch|p1a: Toxapex|Toxapex, F|100/100
|-damage|p1a: Toxapex|88/100|[from] Stealth Rock
|move|p2a: Greninja|Extrasensory|p1a: Toxapex
|-supereffective|p1a: Toxapex
|-damage|p1a: Toxapex|38/100
|-damage|p2a: Greninja|54/100|[from] item: Life Orb
|
|-heal|p1a: Toxapex|45/100|[from] item: Black Sludge
|upkeep
|turn|8
|inactive|miemg has 120 seconds left.
|
|t:|1779626420
|switch|p1a: Blissey|Blissey, F|100/100
|move|p2a: Greninja|Extrasensory|p1a: Blissey
|-damage|p1a: Blissey|91/100
|-damage|p2a: Greninja|44/100|[from] item: Life Orb
|
|upkeep
|turn|9
|
|t:|1779626429
|switch|p2a: Talonflame|Talonflame, F, shiny|100/100
|move|p1a: Blissey|Thunder Wave|p2a: Talonflame|[miss]
|-miss|p1a: Blissey|p2a: Talonflame
|
|upkeep
|turn|10
|
|t:|1779626439
|switch|p1a: Toxapex|Toxapex, F|78/100
|-damage|p1a: Toxapex|65/100|[from] Stealth Rock
|move|p2a: Talonflame|U-turn|p1a: Toxapex
|-resisted|p1a: Toxapex
|-damage|p1a: Toxapex|60/100
|
|t:|1779626445
|switch|p2a: Lucario|Lucario, F|100/100|[from] U-turn
|-damage|p2a: Lucario|98/100|[from] Stealth Rock
|
|-heal|p1a: Toxapex|66/100|[from] item: Black Sludge
|upkeep
|turn|11
|
|t:|1779626453
|move|p2a: Lucario|Psychic|p1a: Toxapex
|-supereffective|p1a: Toxapex
|-damage|p1a: Toxapex|0 fnt
|faint|p1a: Toxapex
|
|upkeep
|-message|miemg forfeited.
|
|win|pokemaster3592
|raw|miemg's rating: 1086 &rarr; <strong>1065</strong><br />(-21 for losing)
|raw|pokemaster3592's rating: 1108 &rarr; <strong>1131</strong><br />(+23 for winning)
|l|☆miemg
|player|p1|
|l|☆pokemaster3592
|player|p2|
