|j|☆mieldrain
|j|☆AnonymousJon
|t:|1779595616
|gametype|singles
|player|p1|mieldrain|lady-gen4|1650
|player|p2|AnonymousJon|workerice|1643
|gen|9
|tier|[Gen 9] OU
|rated|
|rule|HP Percentage Mod: HP is shown in percentages
|rule|Endless Battle Clause: Forcing endless battles is banned
|rule|Species Clause: Limit one of each Pokémon
|rule|OHKO Clause: OHKO moves are banned
|rule|Evasion Items Clause: Evasion items are banned
|rule|Evasion Moves Clause: Evasion moves are banned
|rule|Evasion Abilities Clause: Evasion abilities are banned
|rule|Sleep Moves Clause: Sleep-inducing moves are banned
|clearpoke
|poke|p1|Dragapult, F|
|poke|p1|Ting-Lu|
|poke|p1|Corviknight, M|
|poke|p1|Primarina, M|
|poke|p1|Raging Bolt|
|poke|p1|Gholdengo|
|poke|p2|Great Tusk|
|poke|p2|Ogerpon-Cornerstone, F|
|poke|p2|Rillaboom, F|
|poke|p2|Tyranitar, F|
|poke|p2|Corviknight, F|
|poke|p2|Dragapult, F|
|teampreview
|inactive|Battle timer is ON: inactive players will automatically lose when time's up. (requested by AnonymousJon)
|inactive|mieldrain also wants the timer to be on.
|
|t:|1779595635
|teamsize|p1|6
|teamsize|p2|6
|start
|switch|p1a: Godrick|Gholdengo|100/100
|switch|p2a: Rillaboom|Rillaboom, F|100/100
|-fieldstart|move: Grassy Terrain|[from] ability: Grassy Surge|[of] p2a: Rillaboom
|turn|1
|
|t:|1779595645
|switch|p1a: Maliketh|Corviknight, M|100/100
|-ability|p1a: Maliketh|Pressure
|move|p2a: Rillaboom|Knock Off|p1a: Maliketh
|-damage|p1a: Maliketh|70/100
|-damage|p2a: Rillaboom|84/100|[from] item: Rocky Helmet|[of] p1a: Maliketh
|-enditem|p1a: Maliketh|Rocky Helmet|[from] move: Knock Off|[of] p2a: Rillaboom
|
|-heal|p2a: Rillaboom|90/100|[from] Grassy Terrain
|upkeep
|turn|2
|
|t:|1779595650
|switch|p2a: Corviknight|Corviknight, F|100/100
|-ability|p2a: Corviknight|Pressure
|move|p1a: Maliketh|U-turn|p2a: Corviknight
|-resisted|p2a: Corviknight
|-damage|p2a: Corviknight|98/100
|-damage|p1a: Maliketh|53/100|[from] item: Rocky Helmet|[of] p2a: Corviknight
|
|t:|1779595664
|switch|p1a: Rellana|Primarina, M, shiny|100/100|[from] U-turn
|
|upkeep
|turn|3
|
|t:|1779595669
|move|p1a: Rellana|Substitute|p1a: Rellana
|-start|p1a: Rellana|Substitute
|-damage|p1a: Rellana|75/100
|move|p2a: Corviknight|U-turn|p1a: Rellana
|-resisted|p1a: Rellana
|-activate|p1a: Rellana|move: Substitute|[damage]
|
|t:|1779595671
|switch|p2a: Tyranitar|Tyranitar, F|100/100|[from] U-turn
|-weather|Sandstorm|[from] ability: Sand Stream|[of] p2a: Tyranitar
|
|-weather|Sandstorm|[upkeep]
|-damage|p1a: Rellana|69/100|[from] Sandstorm
|-heal|p1a: Rellana|75/100|[from] Grassy Terrain
|upkeep
|turn|4
|
|t:|1779595674
|move|p1a: Rellana|Moonblast|p2a: Tyranitar
|-supereffective|p2a: Tyranitar
|-damage|p2a: Tyranitar|58/100
|-unboost|p2a: Tyranitar|spa|1
|move|p2a: Tyranitar|Stealth Rock|p1a: Rellana
|-sidestart|p1: mieldrain|move: Stealth Rock
|
|-weather|Sandstorm|[upkeep]
|-damage|p1a: Rellana|69/100|[from] Sandstorm
|-heal|p1a: Rellana|75/100|[from] Grassy Terrain
|-heal|p2a: Tyranitar|64/100|[from] Grassy Terrain
|-heal|p2a: Tyranitar|71/100|[from] item: Leftovers
|upkeep
|turn|5
|
|t:|1779595679
|switch|p2a: Ogerpon|Ogerpon-Cornerstone, F|100/100
|move|p1a: Rellana|Moonblast|p2a: Ogerpon
|-damage|p2a: Ogerpon|60/100
|-unboost|p2a: Ogerpon|spa|1
|
|-weather|Sandstorm|[upkeep]
|-damage|p1a: Rellana|69/100|[from] Sandstorm
|-heal|p2a: Ogerpon|66/100|[from] Grassy Terrain
|-heal|p1a: Rellana|75/100|[from] Grassy Terrain
|-fieldend|move: Grassy Terrain
|upkeep
|turn|6
|
|t:|1779595685
|move|p2a: Ogerpon|Horn Leech|p1a: Rellana
|-supereffective|p1a: Rellana
|-end|p1a: Rellana|Substitute
|-heal|p2a: Ogerpon|74/100|[from] drain|[of] p1a: Rellana
|move|p1a: Rellana|Moonblast|p2a: Ogerpon
|-damage|p2a: Ogerpon|29/100
|
|-weather|Sandstorm|[upkeep]
|-damage|p1a: Rellana|69/100|[from] Sandstorm
|upkeep
|turn|7
|
|t:|1779595692
|switch|p1a: Godrick|Gholdengo|100/100
|-damage|p1a: Godrick|94/100|[from] Stealth Rock
|move|p2a: Ogerpon|Horn Leech|p1a: Godrick
|-resisted|p1a: Godrick
|-damage|p1a: Godrick|68/100
|-heal|p2a: Ogerpon|43/100|[from] drain|[of] p1a: Godrick
|
|-weather|none
|upkeep
|turn|8
|
|t:|1779595698
|switch|p2a: Corviknight|Corviknight, F|98/100
|-ability|p2a: Corviknight|Pressure
|move|p1a: Godrick|Make It Rain|p2a: Corviknight
|-resisted|p2a: Corviknight
|-damage|p2a: Corviknight|68/100
|-unboost|p1a: Godrick|spa|1
|
|upkeep
|turn|9
|
|t:|1779595707
|switch|p1a: Maliketh|Corviknight, M|53/100
|-damage|p1a: Maliketh|41/100|[from] Stealth Rock
|-ability|p1a: Maliketh|Pressure
|move|p2a: Corviknight|U-turn|p1a: Maliketh
|-resisted|p1a: Maliketh
|-damage|p1a: Maliketh|39/100
|
|t:|1779595714
|switch|p2a: Ogerpon|Ogerpon-Cornerstone, F|43/100|[from] U-turn
|
|upkeep
|turn|10
|
|t:|1779595717
|switch|p1a: Godrick|Gholdengo|68/100
|-damage|p1a: Godrick|62/100|[from] Stealth Rock
|move|p2a: Ogerpon|Ivy Cudgel|p1a: Godrick|[anim] Ivy Cudgel Rock
|-resisted|p1a: Godrick
|-damage|p1a: Godrick|32/100
|
|upkeep
|turn|11
|
|t:|1779595738
|switch|p2a: Corviknight|Corviknight, F|68/100
|-ability|p2a: Corviknight|Pressure
|move|p1a: Godrick|Make It Rain|p2a: Corviknight
|-resisted|p2a: Corviknight
|-damage|p2a: Corviknight|38/100
|-unboost|p1a: Godrick|spa|1
|
|upkeep
|turn|12
|
|t:|1779595747
|switch|p1a: Maliketh|Corviknight, M|39/100
|-damage|p1a: Maliketh|27/100|[from] Stealth Rock
|-ability|p1a: Maliketh|Pressure
|move|p2a: Corviknight|U-turn|p1a: Maliketh
|-resisted|p1a: Maliketh
|-damage|p1a: Maliketh|25/100
|
|t:|1779595749
|switch|p2a: Ogerpon|Ogerpon-Cornerstone, F|43/100|[from] U-turn
|
|upkeep
|turn|13
|
|t:|1779595758
|move|p2a: Ogerpon|Ivy Cudgel|p1a: Maliketh|[anim] Ivy Cudgel Rock
|-damage|p1a: Maliketh|0 fnt
|faint|p1a: Maliketh
|
|upkeep
|
|t:|1779595775
|switch|p1a: Placidusax|Dragapult, F|100/100
|-damage|p1a: Placidusax|88/100|[from] Stealth Rock
|turn|14
|
|t:|1779595783
|switch|p2a: Corviknight|Corviknight, F|38/100
|-ability|p2a: Corviknight|Pressure
|move|p1a: Placidusax|U-turn|p2a: Corviknight
|-resisted|p2a: Corviknight
|-damage|p2a: Corviknight|33/100
|-damage|p1a: Placidusax|72/100|[from] item: Rocky Helmet|[of] p2a: Corviknight
|
|t:|1779595786
|switch|p1a: Rellana|Primarina, M, shiny|69/100|[from] U-turn
|-damage|p1a: Rellana|57/100|[from] Stealth Rock
|
|upkeep
|turn|15
|
|t:|1779595794
|switch|p2a: Tyranitar|Tyranitar, F|71/100
|-weather|Sandstorm|[from] ability: Sand Stream|[of] p2a: Tyranitar
|move|p1a: Rellana|Surf|p2a: Tyranitar
|-supereffective|p2a: Tyranitar
|-crit|p2a: Tyranitar
|-damage|p2a: Tyranitar|8/100
|
|-weather|Sandstorm|[upkeep]
|-damage|p1a: Rellana|50/100|[from] Sandstorm
|-heal|p2a: Tyranitar|14/100|[from] item: Leftovers
|upkeep
|turn|16
|
|t:|1779595809
|switch|p1a: Mohg|Ting-Lu|100/100
|-damage|p1a: Mohg|94/100|[from] Stealth Rock
|-ability|p1a: Mohg|Vessel of Ruin
|switch|p2a: Rillaboom|Rillaboom, F|90/100
|-fieldstart|move: Grassy Terrain|[from] ability: Grassy Surge|[of] p2a: Rillaboom
|
|-weather|Sandstorm|[upkeep]
|-damage|p2a: Rillaboom|84/100|[from] Sandstorm
|-heal|p2a: Rillaboom|90/100|[from] Grassy Terrain
|-heal|p1a: Mohg|100/100|[from] Grassy Terrain
|upkeep
|turn|17
|
|t:|1779595816
|move|p2a: Rillaboom|Wood Hammer|p1a: Mohg
|-supereffective|p1a: Mohg
|-damage|p1a: Mohg|0 fnt
|faint|p1a: Mohg
|-damage|p2a: Rillaboom|40/100|[from] Recoil
|
|-weather|Sandstorm|[upkeep]
|-damage|p2a: Rillaboom|34/100|[from] Sandstorm
|-heal|p2a: Rillaboom|40/100|[from] Grassy Terrain
|upkeep
|
|t:|1779595834
|switch|p1a: Godrick|Gholdengo|32/100
|-damage|p1a: Godrick|26/100|[from] Stealth Rock
|turn|18
|
|t:|1779595839
|switch|p2a: Tyranitar|Tyranitar, F|14/100
|move|p1a: Godrick|Shadow Ball|p2a: Tyranitar
|-resisted|p2a: Tyranitar
|-damage|p2a: Tyranitar|5/100
|
|-weather|Sandstorm|[upkeep]
|-heal|p1a: Godrick|32/100|[from] Grassy Terrain
|-heal|p2a: Tyranitar|11/100|[from] Grassy Terrain
|-heal|p2a: Tyranitar|17/100|[from] item: Leftovers
|upkeep
|turn|19
|
|t:|1779595851
|switch|p1a: Midra|Raging Bolt|100/100
|-damage|p1a: Midra|88/100|[from] Stealth Rock
|-enditem|p1a: Midra|Booster Energy
|-activate|p1a: Midra|ability: Protosynthesis|[fromitem]
|-start|p1a: Midra|protosynthesisspa
|move|p2a: Tyranitar|Knock Off|p1a: Midra
|-damage|p1a: Midra|60/100
|
|-weather|none
|-heal|p1a: Midra|66/100|[from] Grassy Terrain
|-heal|p2a: Tyranitar|24/100|[from] Grassy Terrain
|-heal|p2a: Tyranitar|30/100|[from] item: Leftovers
|upkeep
|turn|20
|
|t:|1779595855
|move|p1a: Midra|Dragon Pulse|p2a: Tyranitar
|-damage|p2a: Tyranitar|0 fnt
|faint|p2a: Tyranitar
|
|-heal|p1a: Midra|72/100|[from] Grassy Terrain
|-fieldend|move: Grassy Terrain
|upkeep
|
|t:|1779595859
|switch|p2a: Great Tusk|Great Tusk|100/100
|turn|21
|
|t:|1779595870
|-terastallize|p1a: Midra|Fairy
|move|p1a: Midra|Dragon Pulse|p2a: Great Tusk
|-damage|p2a: Great Tusk|59/100
|move|p2a: Great Tusk|Headlong Rush|p1a: Midra
|-damage|p1a: Midra|20/100
|-unboost|p2a: Great Tusk|def|1
|-unboost|p2a: Great Tusk|spd|1
|
|upkeep
|turn|22
|inactive|AnonymousJon has 120 seconds left.
|
|t:|1779595901
|-end|p2a: Great Tusk|Protosynthesis|[silent]
|switch|p2a: Corviknight|Corviknight, F|33/100
|-ability|p2a: Corviknight|Pressure
|move|p1a: Midra|Dragon Pulse|p2a: Corviknight
|-resisted|p2a: Corviknight
|-damage|p2a: Corviknight|1/100
|
|upkeep
|turn|23
|
|t:|1779595906
|move|p1a: Midra|Dragon Pulse|p2a: Corviknight
|-resisted|p2a: Corviknight
|-crit|p2a: Corviknight
|-damage|p2a: Corviknight|0 fnt
|faint|p2a: Corviknight
|
|upkeep
|
|t:|1779595914
|switch|p2a: Rillaboom|Rillaboom, F|40/100
|-fieldstart|move: Grassy Terrain|[from] ability: Grassy Surge|[of] p2a: Rillaboom
|turn|24
|
|t:|1779595917
|-terastallize|p2a: Rillaboom|Grass
|move|p2a: Rillaboom|Grassy Glide|p1a: Midra
|-damage|p1a: Midra|0 fnt
|faint|p1a: Midra
|-end|p1a: Midra|Protosynthesis|[silent]
|
|-heal|p2a: Rillaboom|47/100|[from] Grassy Terrain
|upkeep
|
|t:|1779595919
|switch|p1a: Placidusax|Dragapult, F|72/100
|-damage|p1a: Placidusax|59/100|[from] Stealth Rock
|turn|25
|
|t:|1779595929
|switch|p2a: Ogerpon|Ogerpon-Cornerstone, F|43/100
|move|p1a: Placidusax|Dragon Darts|p2a: Ogerpon
|-damage|p2a: Ogerpon|0 fnt
|faint|p2a: Ogerpon
|
|-heal|p1a: Placidusax|65/100|[from] Grassy Terrain
|upkeep
|
|t:|1779595932
|switch|p2a: Great Tusk|Great Tusk|59/100
|turn|26
|
|t:|1779595950
|switch|p1a: Rellana|Primarina, M, shiny|50/100
|-damage|p1a: Rellana|38/100|[from] Stealth Rock
|move|p2a: Great Tusk|Ice Spinner|p1a: Rellana
|-resisted|p1a: Rellana
|-damage|p1a: Rellana|21/100
|-fieldend|move: Grassy Terrain
|
|upkeep
|turn|27
|-enditem|p1a: Rellana|Custap Berry|[eat]
|-activate|p1a: Rellana|item: Custap Berry|[consumed]
|
|t:|1779595955
|move|p1a: Rellana|Moonblast|p2a: Great Tusk
|-supereffective|p2a: Great Tusk
|-damage|p2a: Great Tusk|0 fnt
|faint|p2a: Great Tusk
|-end|p2a: Great Tusk|Protosynthesis|[silent]
|
|upkeep
|
|t:|1779595963
|switch|p2a: Rillaboom|Rillaboom, F, tera:Grass|47/100
|-fieldstart|move: Grassy Terrain|[from] ability: Grassy Surge|[of] p2a: Rillaboom
|turn|28
|
|t:|1779595967
|move|p2a: Rillaboom|Grassy Glide|p1a: Rellana
|-supereffective|p1a: Rellana
|-damage|p1a: Rellana|0 fnt
|faint|p1a: Rellana
|
|-heal|p2a: Rillaboom|53/100|[from] Grassy Terrain
|upkeep
|
|t:|1779595969
|switch|p1a: Godrick|Gholdengo|32/100
|-damage|p1a: Godrick|26/100|[from] Stealth Rock
|turn|29
|
|t:|1779595972
|move|p2a: Rillaboom|Grassy Glide|p1a: Godrick
|-resisted|p1a: Godrick
|-damage|p1a: Godrick|0 fnt
|faint|p1a: Godrick
|
|-heal|p2a: Rillaboom|59/100|[from] Grassy Terrain
|upkeep
|
|t:|1779595973
|switch|p1a: Placidusax|Dragapult, F|65/100
|-damage|p1a: Placidusax|53/100|[from] Stealth Rock
|turn|30
|
|t:|1779595975
|move|p2a: Rillaboom|Grassy Glide|p1a: Placidusax
|-resisted|p1a: Placidusax
|-damage|p1a: Placidusax|2/100
|move|p1a: Placidusax|Dragon Darts|p2a: Rillaboom
|-damage|p2a: Rillaboom|15/100
|-anim|p1a: Placidusax|Dragon Darts|p2a: Rillaboom
|-damage|p2a: Rillaboom|0 fnt
|faint|p2a: Rillaboom
|
|-heal|p1a: Placidusax|8/100|[from] Grassy Terrain
|upkeep
|
|t:|1779595977
|switch|p2a: Dragapult|Dragapult, F|100/100
|turn|31
|
|t:|1779595980
|move|p1a: Placidusax|Dragon Darts|p2a: Dragapult
|-supereffective|p2a: Dragapult
|-damage|p2a: Dragapult|0 fnt
|faint|p2a: Dragapult
|
|win|mieldrain
|raw|mieldrain's rating: 1650 &rarr; <strong>1670</strong><br />(+20 for winning)
|raw|AnonymousJon's rating: 1643 &rarr; <strong>1623</strong><br />(-20 for losing)
|l|☆mieldrain
|player|p1|
|c|☆AnonymousJon|gg
|l|☆AnonymousJon
|player|p2|
