|j|☆jetatuni
|j|☆nick loves 55
|t:|1779607236
|gametype|singles
|player|p1|jetatuni|infielder|1161
|player|p2|nick loves 55|cyrus|1141
|gen|9
|tier|[Gen 9] OU
|rated|
|rule|HP Percentage Mod: HP is shown in percentages
|rule|Endless Battle Clause: Forcing endless battles is banned
|rule|Species Clause: Limit one of each Pokémon
|rule|OHKO Clause: OHKO moves are banned
|rule|Evasion Items Clause: Evasion items are banned
|rule|Evasion Moves Clause: Evasion moves are banned
|rule|Evasion Abilities Clause: Evasion abilities are banned
|rule|Sleep Moves Clause: Sleep-inducing moves are banned
|clearpoke
|poke|p1|Hatterene, F|
|poke|p1|Pelipper, F|
|poke|p1|Hariyama, M|
|poke|p1|Cresselia, F|
|poke|p1|Ursaluna, M|
|poke|p1|Porygon2|
|poke|p2|Deoxys-Speed|
|poke|p2|Glimmora, F|
|poke|p2|Dragonite, F|
|poke|p2|Kingambit, M|
|poke|p2|Iron Valiant|
|poke|p2|Ogerpon-Wellspring, F|
|teampreview
|inactive|Battle timer is ON: inactive players will automatically lose when time's up. (requested by jetatuni)
|
|t:|1779607242
|teamsize|p1|6
|teamsize|p2|6
|start
|switch|p1a: Better Call Stall|Cresselia, F|100/100
|switch|p2a: Glimmora|Glimmora, F|100/100
|turn|1
|
|t:|1779607253
|-terastallize|p2a: Glimmora|Rock
|move|p2a: Glimmora|Meteor Beam||[still]
|-prepare|p2a: Glimmora|Meteor Beam
|-boost|p2a: Glimmora|spa|1
|-enditem|p2a: Glimmora|Power Herb
|-anim|p2a: Glimmora|Meteor Beam|p1a: Better Call Stall
|-damage|p1a: Better Call Stall|19/100
|move|p1a: Better Call Stall|Trick Room|p1a: Better Call Stall
|-fieldstart|move: Trick Room|[of] p1a: Better Call Stall
|
|upkeep
|turn|2
|
|t:|1779607276
|switch|p1a: Late Hibernation|Ursaluna, M|100/100
|move|p2a: Glimmora|Sludge Wave|p1a: Late Hibernation
|-resisted|p1a: Late Hibernation
|-damage|p1a: Late Hibernation|67/100
|
|-status|p1a: Late Hibernation|brn|[from] item: Flame Orb
|upkeep
|turn|3
|
|t:|1779607286
|move|p1a: Late Hibernation|Headlong Rush|p2a: Glimmora
|-supereffective|p2a: Glimmora
|-crit|p2a: Glimmora
|-damage|p2a: Glimmora|0 fnt
|-unboost|p1a: Late Hibernation|def|1
|-unboost|p1a: Late Hibernation|spd|1
|-activate|p2a: Glimmora|ability: Toxic Debris
|-sidestart|p1: jetatuni|move: Toxic Spikes
|faint|p2a: Glimmora
|
|-damage|p1a: Late Hibernation|61/100 brn|[from] brn
|upkeep
|
|t:|1779607298
|switch|p2a: Dragonite|Dragonite, F|100/100
|turn|4
|
|t:|1779607303
|move|p2a: Dragonite|Extreme Speed|p1a: Late Hibernation
|-damage|p1a: Late Hibernation|28/100 brn
|move|p1a: Late Hibernation|Facade|p2a: Dragonite
|-damage|p2a: Dragonite|35/100
|
|-damage|p1a: Late Hibernation|22/100 brn|[from] brn
|upkeep
|turn|5
|
|t:|1779607316
|switch|p1a: Lindsay Throwhandz|Hariyama, M|100/100
|-status|p1a: Lindsay Throwhandz|psn
|move|p2a: Dragonite|Extreme Speed|p1a: Lindsay Throwhandz
|-damage|p1a: Lindsay Throwhandz|74/100 psn
|
|-damage|p1a: Lindsay Throwhandz|62/100 psn|[from] psn
|-fieldend|move: Trick Room
|upkeep
|turn|6
|
|t:|1779607339
|switch|p1a: JD Dance|Pelipper, F|100/100
|-weather|RainDance|[from] ability: Drizzle|[of] p1a: JD Dance
|move|p2a: Dragonite|Earthquake|p1a: JD Dance
|-immune|p1a: JD Dance
|
|-weather|RainDance|[upkeep]
|upkeep
|turn|7
|
|t:|1779607347
|move|p2a: Dragonite|Extreme Speed|p1a: JD Dance
|-damage|p1a: JD Dance|72/100
|move|p1a: JD Dance|Knock Off|p2a: Dragonite
|-damage|p2a: Dragonite|22/100
|-enditem|p2a: Dragonite|Heavy-Duty Boots|[from] move: Knock Off|[of] p1a: JD Dance
|
|-weather|RainDance|[upkeep]
|upkeep
|turn|8
|
|t:|1779607357
|switch|p1a: Duck Duck Goobs|Porygon2|100/100
|-status|p1a: Duck Duck Goobs|psn
|-ability|p1a: Duck Duck Goobs|Download|boost
|-boost|p1a: Duck Duck Goobs|atk|1
|move|p2a: Dragonite|Extreme Speed|p1a: Duck Duck Goobs
|-damage|p1a: Duck Duck Goobs|81/100 psn
|
|-weather|RainDance|[upkeep]
|-damage|p1a: Duck Duck Goobs|69/100 psn|[from] psn
|upkeep
|turn|9
|
|t:|1779607370
|move|p2a: Dragonite|Earthquake|p1a: Duck Duck Goobs
|-damage|p1a: Duck Duck Goobs|45/100 psn
|move|p1a: Duck Duck Goobs|Trick Room|p1a: Duck Duck Goobs
|-fieldstart|move: Trick Room|[of] p1a: Duck Duck Goobs
|
|-weather|RainDance|[upkeep]
|-damage|p1a: Duck Duck Goobs|33/100 psn|[from] psn
|upkeep
|turn|10
|
|t:|1779607378
|move|p2a: Dragonite|Extreme Speed|p1a: Duck Duck Goobs
|-damage|p1a: Duck Duck Goobs|15/100 psn
|move|p1a: Duck Duck Goobs|Ice Beam|p2a: Dragonite
|-supereffective|p2a: Dragonite
|-damage|p2a: Dragonite|0 fnt
|faint|p2a: Dragonite
|
|-weather|none
|-damage|p1a: Duck Duck Goobs|3/100 psn|[from] psn
|upkeep
|
|t:|1779607393
|switch|p2a: Ogerpon|Ogerpon-Wellspring, F|100/100
|turn|11
|
|t:|1779607400
|move|p1a: Duck Duck Goobs|Thunder|p2a: Ogerpon|[miss]
|-miss|p1a: Duck Duck Goobs|p2a: Ogerpon
|move|p2a: Ogerpon|Swords Dance|p2a: Ogerpon
|-boost|p2a: Ogerpon|atk|2
|
|-damage|p1a: Duck Duck Goobs|0 fnt|[from] psn
|faint|p1a: Duck Duck Goobs
|upkeep
|
|t:|1779607416
|switch|p1a: Late Hibernation|Ursaluna, M|22/100 brn
|turn|12
|
|t:|1779607421
|move|p1a: Late Hibernation|Facade|p2a: Ogerpon
|-damage|p2a: Ogerpon|0 fnt
|faint|p2a: Ogerpon
|
|-damage|p1a: Late Hibernation|16/100 brn|[from] brn
|upkeep
|
|t:|1779607429
|switch|p2a: Deoxys|Deoxys-Speed|100/100
|-ability|p2a: Deoxys|Pressure
|turn|13
|
|t:|1779607440
|move|p1a: Late Hibernation|Facade|p2a: Deoxys
|-enditem|p2a: Deoxys|Focus Sash
|-damage|p2a: Deoxys|1/100
|move|p2a: Deoxys|Stealth Rock|p1a: Late Hibernation
|-sidestart|p1: jetatuni|move: Stealth Rock
|
|-damage|p1a: Late Hibernation|10/100 brn|[from] brn
|-fieldend|move: Trick Room
|upkeep
|turn|14
|
|t:|1779607456
|move|p2a: Deoxys|Knock Off|p1a: Late Hibernation
|-damage|p1a: Late Hibernation|0 fnt
|-enditem|p1a: Late Hibernation|Flame Orb|[from] move: Knock Off|[of] p2a: Deoxys
|faint|p1a: Late Hibernation
|
|upkeep
|
|t:|1779607459
|switch|p1a: Lindsay Throwhandz|Hariyama, M|62/100 psn
|-damage|p1a: Lindsay Throwhandz|56/100 psn|[from] Stealth Rock
|turn|15
|
|t:|1779607468
|move|p1a: Lindsay Throwhandz|Bullet Punch|p2a: Deoxys
|-damage|p2a: Deoxys|0 fnt
|faint|p2a: Deoxys
|
|-damage|p1a: Lindsay Throwhandz|44/100 psn|[from] psn
|upkeep
|-enditem|p1a: Lindsay Throwhandz|Sitrus Berry|[eat]
|-heal|p1a: Lindsay Throwhandz|68/100 psn|[from] item: Sitrus Berry
|
|t:|1779607476
|switch|p2a: Iron Valiant|Iron Valiant|100/100
|-enditem|p2a: Iron Valiant|Booster Energy
|-activate|p2a: Iron Valiant|ability: Quark Drive|[fromitem]
|-start|p2a: Iron Valiant|quarkdrivespe
|turn|16
|
|t:|1779607487
|switch|p1a: Sydney Sipme|Hatterene, F|100/100
|-status|p1a: Sydney Sipme|psn
|-damage|p1a: Sydney Sipme|88/100 psn|[from] Stealth Rock
|move|p2a: Iron Valiant|Spirit Break|p1a: Sydney Sipme
|-damage|p1a: Sydney Sipme|45/100 psn
|-unboost|p1a: Sydney Sipme|spa|1
|
|-damage|p1a: Sydney Sipme|33/100 psn|[from] psn
|upkeep
|turn|17
|
|t:|1779607499
|-terastallize|p1a: Sydney Sipme|Steel
|move|p2a: Iron Valiant|Spirit Break|p1a: Sydney Sipme
|-resisted|p1a: Sydney Sipme
|-damage|p1a: Sydney Sipme|12/100 psn
|-unboost|p1a: Sydney Sipme|spa|1
|move|p1a: Sydney Sipme|Trick Room|p1a: Sydney Sipme
|-fieldstart|move: Trick Room|[of] p1a: Sydney Sipme
|
|-damage|p1a: Sydney Sipme|0 fnt|[from] psn
|faint|p1a: Sydney Sipme
|upkeep
|
|t:|1779607508
|switch|p1a: Lindsay Throwhandz|Hariyama, M|68/100 psn
|-damage|p1a: Lindsay Throwhandz|62/100 psn|[from] Stealth Rock
|turn|18
|
|t:|1779607516
|move|p1a: Lindsay Throwhandz|Bullet Punch|p2a: Iron Valiant
|-supereffective|p2a: Iron Valiant
|-damage|p2a: Iron Valiant|40/100
|move|p2a: Iron Valiant|Spirit Break|p1a: Lindsay Throwhandz
|-supereffective|p1a: Lindsay Throwhandz
|-damage|p1a: Lindsay Throwhandz|0 fnt
|faint|p1a: Lindsay Throwhandz
|
|upkeep
|
|t:|1779607522
|switch|p1a: JD Dance|Pelipper, F|72/100
|-damage|p1a: JD Dance|47/100|[from] Stealth Rock
|-weather|RainDance|[from] ability: Drizzle|[of] p1a: JD Dance
|turn|19
|c|☆nick loves 55|Did you fr trick room to bullet punch?
|
|t:|1779607539
|move|p1a: JD Dance|Hurricane|p2a: Iron Valiant
|-supereffective|p2a: Iron Valiant
|-damage|p2a: Iron Valiant|0 fnt
|faint|p2a: Iron Valiant
|-end|p2a: Iron Valiant|Quark Drive|[silent]
|
|-weather|RainDance|[upkeep]
|upkeep
|c|☆jetatuni|misclick
|
|t:|1779607545
|switch|p2a: Kingambit|Kingambit, M|100/100
|-activate|p2a: Kingambit|ability: Supreme Overlord
|-start|p2a: Kingambit|fallen5|[silent]
|turn|20
|c|☆nick loves 55|Wait a minute
|c|☆nick loves 55|MY KING IS SLOWER
|
|t:|1779607566
|move|p1a: JD Dance|Hurricane|p2a: Kingambit
|-resisted|p2a: Kingambit
|-damage|p2a: Kingambit|57/100
|move|p2a: Kingambit|Kowtow Cleave|p1a: JD Dance
|-damage|p1a: JD Dance|0 fnt
|faint|p1a: JD Dance
|
|-weather|RainDance|[upkeep]
|upkeep
|c|☆nick loves 55|Nvm
|
|t:|1779607574
|switch|p1a: Better Call Stall|Cresselia, F|19/100
|-damage|p1a: Better Call Stall|7/100|[from] Stealth Rock
|turn|21
|
|t:|1779607587
|move|p2a: Kingambit|Sucker Punch|p1a: Better Call Stall
|-supereffective|p1a: Better Call Stall
|-damage|p1a: Better Call Stall|0 fnt
|faint|p1a: Better Call Stall
|
|win|nick loves 55
|raw|jetatuni's rating: 1161 &rarr; <strong>1135</strong><br />(-26 for losing)
|raw|nick loves 55's rating: 1141 &rarr; <strong>1167</strong><br />(+26 for winning)
|l|☆jetatuni
|player|p1|
|c|☆nick loves 55|Gg
|l|☆nick loves 55
|player|p2|
