|j|☆volkron zz
|j|‽xabierelproasito
|t:|1779635864
|gametype|singles
|player|p1|volkron zz|unknownf|1170
|player|p2|xabierelproasito|170|1182
|gen|9
|tier|[Gen 9] OU
|rated|
|rule|HP Percentage Mod: HP is shown in percentages
|rule|Endless Battle Clause: Forcing endless battles is banned
|rule|Species Clause: Limit one of each Pokémon
|rule|OHKO Clause: OHKO moves are banned
|rule|Evasion Items Clause: Evasion items are banned
|rule|Evasion Moves Clause: Evasion moves are banned
|rule|Evasion Abilities Clause: Evasion abilities are banned
|rule|Sleep Moves Clause: Sleep-inducing moves are banned
|clearpoke
|poke|p1|Flapple, F|
|poke|p1|Meowstic, M|
|poke|p1|Enamorus, F|
|poke|p1|Ursaluna, F|
|poke|p1|Regieleki|
|poke|p1|Slowking-Galar, F|
|poke|p2|Dragonite, M|
|poke|p2|Garchomp, F|
|poke|p2|Iron Moth|
|poke|p2|Kyurem|
|poke|p2|Alomomola, M|
|poke|p2|Weavile, M|
|teampreview
|inactive|Battle timer is ON: inactive players will automatically lose when time's up. (requested by volkron zz)
|
|t:|1779635873
|teamsize|p1|6
|teamsize|p2|6
|start
|switch|p1a: Enamorus|Enamorus, F|100/100
|switch|p2a: Garchomp|Garchomp, F|100/100
|turn|1
|
|t:|1779635889
|move|p1a: Enamorus|Earth Power|p2a: Garchomp
|-damage|p2a: Garchomp|59/100
|move|p2a: Garchomp|Stealth Rock|p1a: Enamorus
|-sidestart|p1: volkron zz|move: Stealth Rock
|
|upkeep
|turn|2
|inactive|xabierelproasito has 120 seconds left.
|l|☆volkron zz
|inactive|volkron zz disconnected and has a minute to reconnect!
|player|p1|
|
|t:|1779635917
|switch|p2a: Alomomola|Alomomola, M|100/100
|move|p1a: Enamorus|Earth Power|p2a: Alomomola
|-damage|p2a: Alomomola|66/100
|-enditem|p2a: Alomomola|Red Card|[of] p1a: Enamorus
|drag|p1a: Regieleki|Regieleki|100/100
|-damage|p1a: Regieleki|88/100|[from] Stealth Rock
|
|upkeep
|turn|3
|inactive|xabierelproasito has 120 seconds left.
|inactive|volkron zz has 30 seconds to reconnect!
|j|☆volkron zz
|inactive|volkron zz reconnected and has 120 seconds left.
|player|p1|volkron zz|unknownf|
|
|t:|1779635950
|switch|p2a: Garchomp|Garchomp, F|59/100
|move|p1a: Regieleki|Volt Switch|p2a: Garchomp
|-immune|p2a: Garchomp
|
|upkeep
|turn|4
|inactive|xabierelproasito has 120 seconds left.
|
|t:|1779635961
|switch|p1a: Enamorus|Enamorus, F|100/100
|-damage|p1a: Enamorus|76/100|[from] Stealth Rock
|move|p2a: Garchomp|Spikes|p1a: Enamorus
|-sidestart|p1: volkron zz|Spikes
|
|upkeep
|turn|5
|
|t:|1779635970
|switch|p2a: Alomomola|Alomomola, M|99/100
|move|p1a: Enamorus|Moonblast|p2a: Alomomola
|-damage|p2a: Alomomola|45/100
|
|upkeep
|turn|6
|inactive|xabierelproasito has 120 seconds left.
|
|t:|1779635997
|switch|p2a: Iron Moth|Iron Moth|100/100
|-enditem|p2a: Iron Moth|Booster Energy
|-activate|p2a: Iron Moth|ability: Quark Drive|[fromitem]
|-start|p2a: Iron Moth|quarkdrivespe
|move|p1a: Enamorus|Moonblast|p2a: Iron Moth
|-resisted|p2a: Iron Moth
|-damage|p2a: Iron Moth|81/100
|
|upkeep
|turn|7
|
|t:|1779636013
|switch|p1a: Slowking|Slowking-Galar, F|100/100
|move|p2a: Iron Moth|Sludge Wave|p1a: Slowking
|-resisted|p1a: Slowking
|-damage|p1a: Slowking|88/100
|
|upkeep
|turn|8
|inactive|xabierelproasito has 120 seconds left.
|
|t:|1779636035
|-end|p2a: Iron Moth|Quark Drive|[silent]
|switch|p2a: Dragonite|Dragonite, M|100/100
|move|p1a: Slowking|Future Sight|p2a: Dragonite
|-start|p1a: Slowking|move: Future Sight
|
|upkeep
|turn|9
|
|t:|1779636040
|move|p2a: Dragonite|Dragon Dance|p2a: Dragonite
|-boost|p2a: Dragonite|atk|1
|-boost|p2a: Dragonite|spe|1
|move|p1a: Slowking|Thunder Wave|p2a: Dragonite
|-status|p2a: Dragonite|par
|
|upkeep
|turn|10
|
|t:|1779636054
|move|p2a: Dragonite|Earthquake|p1a: Slowking
|-supereffective|p1a: Slowking
|-damage|p1a: Slowking|0 fnt
|faint|p1a: Slowking
|
|-end|p2a: Dragonite|move: Future Sight
|-damage|p2a: Dragonite|77/100 par
|upkeep
|
|t:|1779636063
|switch|p1a: Meowstic|Meowstic, M|100/100
|-damage|p1a: Meowstic|88/100|[from] Stealth Rock
|-damage|p1a: Meowstic|76/100|[from] Spikes
|turn|11
|inactive|xabierelproasito has 120 seconds left.
|
|t:|1779636070
|move|p2a: Dragonite|Extreme Speed|p1a: Meowstic
|-damage|p1a: Meowstic|16/100
|-enditem|p1a: Meowstic|Eject Button
|
|t:|1779636078
|switch|p1a: Flapple|Flapple, F|100/100
|-damage|p1a: Flapple|88/100|[from] Stealth Rock
|-damage|p1a: Flapple|76/100|[from] Spikes
|
|upkeep
|turn|12
|
|t:|1779636085
|move|p2a: Dragonite|Extreme Speed|p1a: Flapple
|-damage|p1a: Flapple|2/100
|move|p1a: Flapple|Outrage|p2a: Dragonite
|-supereffective|p2a: Dragonite
|-crit|p2a: Dragonite
|-damage|p2a: Dragonite|0 fnt
|faint|p2a: Dragonite
|
|upkeep
|inactive|xabierelproasito has 120 seconds left.
|
|t:|1779636116
|switch|p2a: Kyurem|Kyurem|100/100
|-ability|p2a: Kyurem|Pressure
|turn|13
|
|t:|1779636123
|move|p1a: Flapple|Outrage|p2a: Kyurem|[from] lockedmove
|-supereffective|p2a: Kyurem
|-damage|p2a: Kyurem|0 fnt
|faint|p2a: Kyurem
|
|upkeep
|
|t:|1779636140
|switch|p2a: Weavile|Weavile, M|100/100
|-ability|p2a: Weavile|Pressure
|turn|14
|
|t:|1779636144
|move|p2a: Weavile|Ice Shard|p1a: Flapple
|-supereffective|p1a: Flapple
|-damage|p1a: Flapple|0 fnt
|faint|p1a: Flapple
|
|upkeep
|
|t:|1779636155
|switch|p1a: Meowstic|Meowstic, M|16/100
|-damage|p1a: Meowstic|4/100|[from] Stealth Rock
|-damage|p1a: Meowstic|0 fnt|[from] Spikes
|faint|p1a: Meowstic
|
|t:|1779636157
|switch|p1a: Regieleki|Regieleki|88/100
|-damage|p1a: Regieleki|76/100|[from] Stealth Rock
|-damage|p1a: Regieleki|64/100|[from] Spikes
|turn|15
|inactive|xabierelproasito has 120 seconds left.
|
|t:|1779636168
|switch|p2a: Garchomp|Garchomp, F|59/100
|move|p1a: Regieleki|Volt Switch|p2a: Garchomp
|-immune|p2a: Garchomp
|
|upkeep
|turn|16
|inactive|xabierelproasito has 120 seconds left.
|
|t:|1779636195
|switch|p1a: Enamorus|Enamorus, F|76/100
|-damage|p1a: Enamorus|51/100|[from] Stealth Rock
|switch|p2a: Iron Moth|Iron Moth|81/100
|
|upkeep
|turn|17
|inactive|xabierelproasito has 120 seconds left.
|-message|volkron zz forfeited.
|
|win|xabierelproasito
|raw|volkron zz's rating: 1170 &rarr; <strong>1146</strong><br />(-24 for losing)
|raw|xabierelproasito's rating: 1182 &rarr; <strong>1206</strong><br />(+24 for winning)
|l|☆volkron zz
|player|p1|
|l|‽xabierelproasito
|player|p2|
