|j|☆capitolg
|j|☆left mannn
|t:|1779606950
|gametype|singles
|player|p1|capitolg|bellelba|1286
|player|p2|left mannn|unknown|1272
|gen|9
|tier|[Gen 9] OU
|rated|
|rule|HP Percentage Mod: HP is shown in percentages
|rule|Endless Battle Clause: Forcing endless battles is banned
|rule|Species Clause: Limit one of each Pokémon
|rule|OHKO Clause: OHKO moves are banned
|rule|Evasion Items Clause: Evasion items are banned
|rule|Evasion Moves Clause: Evasion moves are banned
|rule|Evasion Abilities Clause: Evasion abilities are banned
|rule|Sleep Moves Clause: Sleep-inducing moves are banned
|clearpoke
|poke|p1|Ribombee, F|
|poke|p1|Serperior, F|
|poke|p1|Kingambit, M|
|poke|p1|Skeledirge, F|
|poke|p1|Milotic, F|
|poke|p1|Cinderace, F|
|poke|p2|Pelipper, F|
|poke|p2|Basculegion-F, F|
|poke|p2|Iron Valiant|
|poke|p2|Dragonite, M|
|poke|p2|Zapdos|
|poke|p2|Araquanid, M|
|teampreview
|
|t:|1779606955
|teamsize|p1|6
|teamsize|p2|6
|start
|switch|p1a: Ribombee|Ribombee, F|100/100
|switch|p2a: Araquanid|Araquanid, M|100/100
|turn|1
|
|t:|1779606960
|move|p1a: Ribombee|Skill Swap|p2a: Araquanid
|-activate|p1a: Ribombee|Skill Swap|Water Bubble|Shield Dust|[of] p2a: Araquanid
|move|p2a: Araquanid|Sticky Web|p1a: Ribombee
|-sidestart|p1: capitolg|move: Sticky Web
|
|upkeep
|turn|2
|
|t:|1779606968
|move|p1a: Ribombee|Moonblast|p2a: Araquanid
|-damage|p2a: Araquanid|77/100
|move|p2a: Araquanid|Reflect|p2a: Araquanid
|-sidestart|p2: left mannn|Reflect
|
|upkeep
|turn|3
|
|t:|1779606973
|switch|p2a: Dragonite|Dragonite, M|100/100
|move|p1a: Ribombee|Moonblast|p2a: Dragonite
|-supereffective|p2a: Dragonite
|-damage|p2a: Dragonite|59/100
|-unboost|p2a: Dragonite|spa|1
|-enditem|p2a: Dragonite|Weakness Policy
|-boost|p2a: Dragonite|atk|2|[from] item: Weakness Policy
|-boost|p2a: Dragonite|spa|2|[from] item: Weakness Policy
|
|upkeep
|turn|4
|
|t:|1779606981
|-terastallize|p2a: Dragonite|Normal
|move|p2a: Dragonite|Extreme Speed|p1a: Ribombee
|-enditem|p1a: Ribombee|Focus Sash
|-damage|p1a: Ribombee|1/100
|move|p1a: Ribombee|Charm|p2a: Dragonite
|-unboost|p2a: Dragonite|atk|2
|
|upkeep
|turn|5
|
|t:|1779606991
|move|p2a: Dragonite|Extreme Speed|p1a: Ribombee
|-damage|p1a: Ribombee|0 fnt
|faint|p1a: Ribombee
|
|upkeep
|
|t:|1779606994
|switch|p1a: Kingambit|Kingambit, M|100/100
|-activate|p1a: Kingambit|move: Sticky Web
|-unboost|p1a: Kingambit|spe|1
|-ability|p1a: Kingambit|Defiant|boost
|-boost|p1a: Kingambit|atk|2
|turn|6
|
|t:|1779607001
|move|p2a: Dragonite|Earthquake|p1a: Kingambit
|-supereffective|p1a: Kingambit
|-damage|p1a: Kingambit|43/100
|move|p1a: Kingambit|Brick Break|p2a: Dragonite
|-sideend|p2: left mannn|Reflect
|-supereffective|p2a: Dragonite
|-crit|p2a: Dragonite
|-damage|p2a: Dragonite|0 fnt
|faint|p2a: Dragonite
|
|upkeep
|
|t:|1779607006
|switch|p2a: Araquanid|Araquanid, M|77/100
|turn|7
|
|t:|1779607012
|move|p2a: Araquanid|Leech Life|p1a: Kingambit
|-damage|p1a: Kingambit|27/100
|-heal|p2a: Araquanid|86/100|[from] drain|[of] p1a: Kingambit
|move|p1a: Kingambit|Throat Chop|p2a: Araquanid
|-damage|p2a: Araquanid|0 fnt
|faint|p2a: Araquanid
|
|upkeep
|
|t:|1779607018
|switch|p2a: Iron Valiant|Iron Valiant, shiny|100/100
|-enditem|p2a: Iron Valiant|Booster Energy
|-activate|p2a: Iron Valiant|ability: Quark Drive|[fromitem]
|-start|p2a: Iron Valiant|quarkdrivespa
|turn|8
|
|t:|1779607021
|move|p2a: Iron Valiant|Vacuum Wave|p1a: Kingambit
|-supereffective|p1a: Kingambit
|-damage|p1a: Kingambit|0 fnt
|faint|p1a: Kingambit
|
|upkeep
|
|t:|1779607026
|switch|p1a: Skeledirge|Skeledirge, F|100/100
|-item|p1a: Skeledirge|Air Balloon
|turn|9
|
|t:|1779607043
|move|p2a: Iron Valiant|Shadow Ball|p1a: Skeledirge
|-supereffective|p1a: Skeledirge
|-damage|p1a: Skeledirge|30/100
|-enditem|p1a: Skeledirge|Air Balloon
|move|p1a: Skeledirge|Torch Song|p2a: Iron Valiant
|-damage|p2a: Iron Valiant|30/100
|-boost|p1a: Skeledirge|spa|1
|
|upkeep
|turn|10
|
|t:|1779607050
|move|p2a: Iron Valiant|Shadow Ball|p1a: Skeledirge
|-supereffective|p1a: Skeledirge
|-damage|p1a: Skeledirge|0 fnt
|faint|p1a: Skeledirge
|
|upkeep
|
|t:|1779607058
|switch|p1a: Cinderace|Cinderace, F|100/100
|turn|11
|
|t:|1779607063
|move|p2a: Iron Valiant|Vacuum Wave|p1a: Cinderace
|-damage|p1a: Cinderace|63/100
|move|p1a: Cinderace|High Jump Kick|p2a: Iron Valiant
|-start|p1a: Cinderace|typechange|Fighting|[from] ability: Libero
|-resisted|p2a: Iron Valiant
|-damage|p2a: Iron Valiant|0 fnt
|faint|p2a: Iron Valiant
|-end|p2a: Iron Valiant|Quark Drive|[silent]
|
|upkeep
|
|t:|1779607073
|switch|p2a: Pelipper|Pelipper, F|100/100
|-weather|RainDance|[from] ability: Drizzle|[of] p2a: Pelipper
|turn|12
|
|t:|1779607075
|switch|p1a: Milotic|Milotic, F|100/100
|-activate|p1a: Milotic|move: Sticky Web
|-unboost|p1a: Milotic|spe|1
|-ability|p1a: Milotic|Competitive|boost
|-boost|p1a: Milotic|spa|2
|move|p2a: Pelipper|Hurricane|p1a: Milotic
|-damage|p1a: Milotic|75/100
|-start|p1a: Milotic|confusion
|
|-weather|RainDance|[upkeep]
|upkeep
|turn|13
|
|t:|1779607083
|move|p2a: Pelipper|Hurricane|p1a: Milotic
|-damage|p1a: Milotic|50/100
|-activate|p1a: Milotic|confusion
|-damage|p1a: Milotic|45/100|[from] confusion
|
|-weather|RainDance|[upkeep]
|upkeep
|turn|14
|
|t:|1779607088
|move|p2a: Pelipper|Hurricane|p1a: Milotic
|-damage|p1a: Milotic|19/100
|-activate|p1a: Milotic|confusion
|move|p1a: Milotic|Scald|p2a: Pelipper
|-resisted|p2a: Pelipper
|-damage|p2a: Pelipper|16/100
|
|-weather|RainDance|[upkeep]
|upkeep
|turn|15
|
|t:|1779607093
|move|p2a: Pelipper|Hurricane|p1a: Milotic
|-damage|p1a: Milotic|0 fnt
|faint|p1a: Milotic
|
|-weather|RainDance|[upkeep]
|upkeep
|
|t:|1779607095
|switch|p1a: Serperior|Serperior, F|100/100
|-activate|p1a: Serperior|move: Sticky Web
|-boost|p1a: Serperior|spe|1
|turn|16
|
|t:|1779607106
|switch|p2a: Zapdos|Zapdos|100/100
|move|p1a: Serperior|Leaf Storm|p2a: Zapdos
|-resisted|p2a: Zapdos
|-damage|p2a: Zapdos|72/100
|-boost|p1a: Serperior|spa|2
|
|-weather|none
|upkeep
|turn|17
|
|t:|1779607110
|switch|p1a: Cinderace|Cinderace, F|63/100
|move|p2a: Zapdos|Hurricane|p1a: Cinderace|[miss]
|-miss|p2a: Zapdos|p1a: Cinderace
|
|upkeep
|turn|18
|
|t:|1779607115
|move|p1a: Cinderace|Taunt|p2a: Zapdos
|-start|p1a: Cinderace|typechange|Dark|[from] ability: Libero
|-start|p2a: Zapdos|move: Taunt
|move|p2a: Zapdos|Hurricane|p1a: Cinderace
|-damage|p1a: Cinderace|0 fnt
|faint|p1a: Cinderace
|
|upkeep
|
|t:|1779607117
|switch|p1a: Serperior|Serperior, F|100/100
|-activate|p1a: Serperior|move: Sticky Web
|-boost|p1a: Serperior|spe|1
|turn|19
|
|t:|1779607122
|-terastallize|p1a: Serperior|Fire
|move|p1a: Serperior|Substitute|p1a: Serperior
|-start|p1a: Serperior|Substitute
|-damage|p1a: Serperior|76/100
|move|p2a: Zapdos|Hurricane|p1a: Serperior
|-end|p1a: Serperior|Substitute
|
|-heal|p1a: Serperior|82/100|[from] item: Leftovers
|upkeep
|turn|20
|
|t:|1779607129
|move|p1a: Serperior|Leaf Storm|p2a: Zapdos
|-resisted|p2a: Zapdos
|-damage|p2a: Zapdos|45/100
|-boost|p1a: Serperior|spa|2
|move|p2a: Zapdos|Volt Switch|p1a: Serperior
|-crit|p1a: Serperior
|-damage|p1a: Serperior|15/100
|
|t:|1779607138
|switch|p2a: Pelipper|Pelipper, F|16/100|[from] Volt Switch
|-weather|RainDance|[from] ability: Drizzle|[of] p2a: Pelipper
|
|-weather|RainDance|[upkeep]
|-heal|p1a: Serperior|21/100|[from] item: Leftovers
|upkeep
|turn|21
|
|t:|1779607148
|move|p1a: Serperior|Leaf Storm|p2a: Pelipper
|-damage|p2a: Pelipper|0 fnt
|-boost|p1a: Serperior|spa|2
|faint|p2a: Pelipper
|
|-weather|RainDance|[upkeep]
|-heal|p1a: Serperior|27/100|[from] item: Leftovers
|upkeep
|
|t:|1779607152
|switch|p2a: Basculegion|Basculegion-F, F|100/100
|turn|22
|
|t:|1779607156
|move|p2a: Basculegion|Aqua Jet|p1a: Serperior
|-supereffective|p1a: Serperior
|-damage|p1a: Serperior|0 fnt
|faint|p1a: Serperior
|
|win|left mannn
|raw|capitolg's rating: 1286 &rarr; <strong>1260</strong><br />(-26 for losing)
|raw|left mannn's rating: 1272 &rarr; <strong>1298</strong><br />(+26 for winning)
|l|☆capitolg
|player|p1|
|l|☆left mannn
|player|p2|
