|j|☆my shitters
|j|☆hey you're
|t:|1779630227
|gametype|singles
|player|p1|my shitters|preschooler|1420
|player|p2|hey you're|blackbelt-gen4dp|1479
|gen|9
|tier|[Gen 9] OU
|rated|
|rule|HP Percentage Mod: HP is shown in percentages
|rule|Endless Battle Clause: Forcing endless battles is banned
|rule|Species Clause: Limit one of each Pokémon
|rule|OHKO Clause: OHKO moves are banned
|rule|Evasion Items Clause: Evasion items are banned
|rule|Evasion Moves Clause: Evasion moves are banned
|rule|Evasion Abilities Clause: Evasion abilities are banned
|rule|Sleep Moves Clause: Sleep-inducing moves are banned
|clearpoke
|poke|p1|Sableye, M|
|poke|p1|Primeape, F|
|poke|p1|Alcremie-Ruby-Swirl, F|
|poke|p1|Ursaring, F|
|poke|p1|Brute Bonnet|
|poke|p1|Squawkabilly-Blue, M|
|poke|p2|Moltres|
|poke|p2|Maushold-Four|
|poke|p2|Goodra-Hisui, M|
|poke|p2|Ogerpon-Wellspring, F|
|poke|p2|Gholdengo|
|poke|p2|Iron Hands|
|teampreview
|inactive|Battle timer is ON: inactive players will automatically lose when time's up. (requested by hey you're)
|inactive|my shitters also wants the timer to be on.
|
|t:|1779630234
|teamsize|p1|6
|teamsize|p2|6
|start
|switch|p1a: Squawkabilly|Squawkabilly-Blue, M|100/100
|switch|p2a: Ogerpon|Ogerpon-Wellspring, F|100/100
|-ability|p1a: Squawkabilly|Intimidate|boost
|-unboost|p2a: Ogerpon|atk|1
|turn|1
|
|t:|1779630241
|switch|p2a: Moltres|Moltres|100/100
|move|p1a: Squawkabilly|Final Gambit|p2a: Moltres
|-damage|p2a: Moltres|21/100
|faint|p1a: Squawkabilly
|
|upkeep
|
|t:|1779630249
|switch|p1a: GenPostin|Sableye, M|100/100
|turn|2
|
|t:|1779630252
|move|p1a: GenPostin|Taunt|p2a: Moltres
|-start|p2a: Moltres|move: Taunt
|cant|p2a: Moltres|move: Taunt|Roost
|
|upkeep
|turn|3
|
|t:|1779630255
|move|p1a: GenPostin|Light Screen|p1a: GenPostin
|-sidestart|p1: my shitters|move: Light Screen
|move|p2a: Moltres|U-turn|p1a: GenPostin
|-crit|p1a: GenPostin
|-damage|p1a: GenPostin|75/100
|
|t:|1779630259
|switch|p2a: Maushold|Maushold-Four|100/100|[from] U-turn
|
|upkeep
|turn|4
|
|t:|1779630273
|move|p1a: GenPostin|Taunt|p2a: Maushold
|-start|p2a: Maushold|move: Taunt
|cant|p2a: Maushold|move: Taunt|Encore
|
|upkeep
|turn|5
|
|t:|1779630276
|move|p1a: GenPostin|Reflect|p1a: GenPostin
|-sidestart|p1: my shitters|Reflect
|move|p2a: Maushold|Bite|p1a: GenPostin
|-damage|p1a: GenPostin|65/100
|
|upkeep
|turn|6
|
|t:|1779630283
|switch|p2a: Gholdengo|Gholdengo|100/100
|move|p1a: GenPostin|Encore|p2a: Gholdengo
|-immune|p2a: Gholdengo|[from] ability: Good as Gold
|
|upkeep
|turn|7
|
|t:|1779630287
|switch|p1a: UngaBoonguss|Brute Bonnet|100/100
|-enditem|p1a: UngaBoonguss|Booster Energy
|-activate|p1a: UngaBoonguss|ability: Protosynthesis|[fromitem]
|-start|p1a: UngaBoonguss|protosynthesisatk
|move|p2a: Gholdengo|Trick|p1a: UngaBoonguss
|-activate|p2a: Gholdengo|move: Trick|[of] p1a: UngaBoonguss
|-item|p1a: UngaBoonguss|Choice Scarf|[from] move: Trick
|-enditem|p2a: Gholdengo|Choice Scarf|[silent]|[from] move: Trick
|
|upkeep
|turn|8
|
|t:|1779630302
|switch|p2a: Moltres|Moltres|21/100
|move|p1a: UngaBoonguss|Crunch|p2a: Moltres
|-damage|p2a: Moltres|0 fnt
|faint|p2a: Moltres
|
|upkeep
|
|t:|1779630305
|switch|p2a: Iron Hands|Iron Hands|100/100
|turn|9
|
|t:|1779630317
|-end|p1a: UngaBoonguss|Protosynthesis|[silent]
|switch|p1a: CremDeLaCreamie|Alcremie-Ruby-Swirl, F|100/100
|move|p2a: Iron Hands|Supercell Slam|p1a: CremDeLaCreamie
|-damage|p1a: CremDeLaCreamie|72/100
|
|-heal|p1a: CremDeLaCreamie|78/100|[from] item: Leftovers
|upkeep
|turn|10
|
|t:|1779630322
|-end|p2a: Iron Hands|Quark Drive|[silent]
|switch|p2a: Goodra|Goodra-Hisui, M|100/100
|move|p1a: CremDeLaCreamie|Calm Mind|p1a: CremDeLaCreamie
|-boost|p1a: CremDeLaCreamie|spa|1
|-boost|p1a: CremDeLaCreamie|spd|1
|
|-heal|p1a: CremDeLaCreamie|84/100|[from] item: Leftovers
|-sideend|p1: my shitters|move: Light Screen
|upkeep
|turn|11
|
|t:|1779630331
|switch|p1a: GenPostin|Sableye, M|65/100
|move|p2a: Goodra|Flash Cannon|p1a: GenPostin
|-damage|p1a: GenPostin|6/100
|
|upkeep
|turn|12
|
|t:|1779630333
|move|p1a: GenPostin|Light Screen|p1a: GenPostin
|-sidestart|p1: my shitters|move: Light Screen
|move|p2a: Goodra|Flash Cannon|p1a: GenPostin
|-damage|p1a: GenPostin|0 fnt
|faint|p1a: GenPostin
|
|-sideend|p1: my shitters|Reflect
|upkeep
|
|t:|1779630343
|switch|p1a: Only4CubLinx|Ursaring, F|100/100
|turn|13
|
|t:|1779630348
|switch|p2a: Gholdengo|Gholdengo|100/100
|move|p1a: Only4CubLinx|Facade|p2a: Gholdengo
|-immune|p2a: Gholdengo
|
|-status|p1a: Only4CubLinx|brn|[from] item: Flame Orb
|upkeep
|turn|14
|
|t:|1779630352
|move|p2a: Gholdengo|Focus Blast|p1a: Only4CubLinx
|-supereffective|p1a: Only4CubLinx
|-damage|p1a: Only4CubLinx|45/100 brn
|move|p1a: Only4CubLinx|Throat Chop|p2a: Gholdengo
|-supereffective|p2a: Gholdengo
|-damage|p2a: Gholdengo|3/100
|-start|p2a: Gholdengo|Throat Chop|[silent]
|
|-damage|p1a: Only4CubLinx|39/100 brn|[from] brn
|upkeep
|turn|15
|
|t:|1779630357
|move|p2a: Gholdengo|Focus Blast|p1a: Only4CubLinx|[miss]
|-miss|p2a: Gholdengo|p1a: Only4CubLinx
|move|p1a: Only4CubLinx|Throat Chop|p2a: Gholdengo
|-supereffective|p2a: Gholdengo
|-damage|p2a: Gholdengo|0 fnt
|faint|p2a: Gholdengo
|
|-damage|p1a: Only4CubLinx|32/100 brn|[from] brn
|upkeep
|
|t:|1779630363
|switch|p2a: Maushold|Maushold-Four|100/100
|turn|16
|
|t:|1779630365
|move|p2a: Maushold|Population Bomb|p1a: Only4CubLinx
|-damage|p1a: Only4CubLinx|17/100 brn
|-damage|p1a: Only4CubLinx|2/100 brn
|-damage|p1a: Only4CubLinx|0 fnt
|faint|p1a: Only4CubLinx
|-hitcount|p1: Only4CubLinx|3
|
|upkeep
|
|t:|1779630371
|switch|p1a: PonnieColeman|Primeape, F|100/100
|turn|17
|
|t:|1779630375
|-terastallize|p2a: Maushold|Normal
|move|p2a: Maushold|Population Bomb|p1a: PonnieColeman
|-damage|p1a: PonnieColeman|86/100
|-damage|p1a: PonnieColeman|70/100
|-crit|p1a: PonnieColeman
|-damage|p1a: PonnieColeman|47/100
|-damage|p1a: PonnieColeman|30/100
|-damage|p1a: PonnieColeman|15/100
|-damage|p1a: PonnieColeman|0 fnt
|faint|p1a: PonnieColeman
|-hitcount|p1: PonnieColeman|6
|
|upkeep
|
|t:|1779630377
|switch|p1a: CremDeLaCreamie|Alcremie-Ruby-Swirl, F|84/100
|turn|18
|
|t:|1779630380
|-terastallize|p1a: CremDeLaCreamie|Steel
|move|p2a: Maushold|Population Bomb|p1a: CremDeLaCreamie
|-resisted|p1a: CremDeLaCreamie
|-damage|p1a: CremDeLaCreamie|77/100
|-resisted|p1a: CremDeLaCreamie
|-damage|p1a: CremDeLaCreamie|70/100
|-resisted|p1a: CremDeLaCreamie
|-damage|p1a: CremDeLaCreamie|62/100
|-resisted|p1a: CremDeLaCreamie
|-damage|p1a: CremDeLaCreamie|56/100
|-resisted|p1a: CremDeLaCreamie
|-damage|p1a: CremDeLaCreamie|48/100
|-resisted|p1a: CremDeLaCreamie
|-damage|p1a: CremDeLaCreamie|42/100
|-resisted|p1a: CremDeLaCreamie
|-damage|p1a: CremDeLaCreamie|34/100
|-resisted|p1a: CremDeLaCreamie
|-damage|p1a: CremDeLaCreamie|26/100
|-resisted|p1a: CremDeLaCreamie
|-crit|p1a: CremDeLaCreamie
|-damage|p1a: CremDeLaCreamie|16/100
|-resisted|p1a: CremDeLaCreamie
|-damage|p1a: CremDeLaCreamie|9/100
|-hitcount|p1a: CremDeLaCreamie|10
|move|p1a: CremDeLaCreamie|Acid Armor|p1a: CremDeLaCreamie
|-boost|p1a: CremDeLaCreamie|def|2
|
|-heal|p1a: CremDeLaCreamie|15/100|[from] item: Leftovers
|upkeep
|turn|19
|
|t:|1779630386
|move|p2a: Maushold|Population Bomb|p1a: CremDeLaCreamie
|-resisted|p1a: CremDeLaCreamie
|-damage|p1a: CremDeLaCreamie|12/100
|-resisted|p1a: CremDeLaCreamie
|-damage|p1a: CremDeLaCreamie|8/100
|-resisted|p1a: CremDeLaCreamie
|-damage|p1a: CremDeLaCreamie|4/100
|-resisted|p1a: CremDeLaCreamie
|-damage|p1a: CremDeLaCreamie|1/100
|-resisted|p1a: CremDeLaCreamie
|-damage|p1a: CremDeLaCreamie|0 fnt
|faint|p1a: CremDeLaCreamie
|-hitcount|p1: CremDeLaCreamie|5
|
|-sideend|p1: my shitters|move: Light Screen
|upkeep
|
|t:|1779630388
|switch|p1a: UngaBoonguss|Brute Bonnet|100/100
|turn|20
|
|t:|1779630390
|move|p2a: Maushold|Population Bomb|p1a: UngaBoonguss
|-damage|p1a: UngaBoonguss|89/100
|-damage|p1a: UngaBoonguss|77/100
|-damage|p1a: UngaBoonguss|63/100
|-damage|p1a: UngaBoonguss|50/100
|-damage|p1a: UngaBoonguss|38/100
|-damage|p1a: UngaBoonguss|25/100
|-damage|p1a: UngaBoonguss|13/100
|-damage|p1a: UngaBoonguss|1/100
|-damage|p1a: UngaBoonguss|0 fnt
|faint|p1a: UngaBoonguss
|-end|p1a: UngaBoonguss|Protosynthesis|[silent]
|-hitcount|p1: UngaBoonguss|9
|
|win|hey you're
|raw|my shitters's rating: 1420 &rarr; <strong>1403</strong><br />(-17 for losing)
|raw|hey you&apos;re's rating: 1479 &rarr; <strong>1496</strong><br />(+17 for winning)
|l|☆my shitters
|player|p1|
|l|☆hey you're
|player|p2|
