|j|☆espe_pro12
|j|☆stock-paradox
|t:|1779568259
|gametype|singles
|player|p1|espe_pro12|preschooler|1154
|player|p2|stock-paradox|gardenia|1169
|gen|9
|tier|[Gen 9] OU
|rated|
|rule|HP Percentage Mod: HP is shown in percentages
|rule|Endless Battle Clause: Forcing endless battles is banned
|rule|Species Clause: Limit one of each Pokémon
|rule|OHKO Clause: OHKO moves are banned
|rule|Evasion Items Clause: Evasion items are banned
|rule|Evasion Moves Clause: Evasion moves are banned
|rule|Evasion Abilities Clause: Evasion abilities are banned
|rule|Sleep Moves Clause: Sleep-inducing moves are banned
|clearpoke
|poke|p1|Entei|
|poke|p1|Suicune|
|poke|p1|Ursaluna, F|
|poke|p1|Darkrai|
|poke|p1|Mandibuzz, F|
|poke|p1|Kilowattrel, F|
|poke|p2|Iron Valiant|
|poke|p2|Kingambit, F|
|poke|p2|Dragapult, M|
|poke|p2|Cinderace, M|
|poke|p2|Salazzle, F|
|poke|p2|Corviknight, F|
|teampreview
|
|t:|1779568265
|teamsize|p1|6
|teamsize|p2|6
|start
|switch|p1a: Kilowattrel|Kilowattrel, F|100/100
|switch|p2a: Iron Valiant|Iron Valiant|100/100
|turn|1
|
|t:|1779568271
|move|p1a: Kilowattrel|Air Slash|p2a: Iron Valiant
|-supereffective|p2a: Iron Valiant
|-damage|p2a: Iron Valiant|0 fnt
|faint|p2a: Iron Valiant
|-end|p2a: Iron Valiant|Quark Drive|[silent]
|
|upkeep
|
|t:|1779568285
|switch|p2a: Cinderace|Cinderace, M|100/100
|turn|2
|
|t:|1779568291
|move|p1a: Kilowattrel|Thunderbolt|p2a: Cinderace
|-damage|p2a: Cinderace|38/100
|-status|p2a: Cinderace|par
|move|p2a: Cinderace|Pyro Ball|p1a: Kilowattrel|[miss]
|-miss|p2a: Cinderace|p1a: Kilowattrel
|
|upkeep
|turn|3
|
|t:|1779568297
|move|p1a: Kilowattrel|Thunderbolt|p2a: Cinderace
|-damage|p2a: Cinderace|0 fnt
|faint|p2a: Cinderace
|
|upkeep
|
|t:|1779568306
|switch|p2a: Salazzle|Salazzle, F|100/100
|-item|p2a: Salazzle|Air Balloon
|turn|4
|
|t:|1779568312
|move|p1a: Kilowattrel|Thunderbolt|p2a: Salazzle
|-damage|p2a: Salazzle|19/100
|-enditem|p2a: Salazzle|Air Balloon
|move|p2a: Salazzle|Sludge Wave|p1a: Kilowattrel
|-damage|p1a: Kilowattrel|24/100
|
|upkeep
|turn|5
|
|t:|1779568321
|move|p1a: Kilowattrel|Thunderbolt|p2a: Salazzle
|-crit|p2a: Salazzle
|-damage|p2a: Salazzle|0 fnt
|faint|p2a: Salazzle
|
|upkeep
|
|t:|1779568323
|switch|p2a: Dragapult|Dragapult, M|100/100
|turn|6
|
|t:|1779568333
|move|p2a: Dragapult|Sucker Punch|p1a: Kilowattrel
|-damage|p1a: Kilowattrel|0 fnt
|faint|p1a: Kilowattrel
|
|upkeep
|
|t:|1779568338
|switch|p1a: Darkrai|Darkrai|100/100
|turn|7
|
|t:|1779568342
|switch|p2a: Corviknight|Corviknight, F|100/100
|move|p1a: Darkrai|Shadow Ball|p2a: Corviknight
|-damage|p2a: Corviknight|73/100
|-ability|p2a: Corviknight|Mirror Armor
|-unboost|p1a: Darkrai|spd|1
|
|upkeep
|turn|8
|
|t:|1779568353
|move|p1a: Darkrai|Dark Pulse|p2a: Corviknight
|-damage|p2a: Corviknight|33/100
|cant|p2a: Corviknight|flinch
|
|upkeep
|turn|9
|
|t:|1779568358
|move|p1a: Darkrai|Dark Pulse|p2a: Corviknight
|-damage|p2a: Corviknight|0 fnt
|faint|p2a: Corviknight
|
|upkeep
|
|t:|1779568360
|switch|p2a: Dragapult|Dragapult, M|100/100
|turn|10
|
|t:|1779568364
|move|p2a: Dragapult|Dragon Darts|p1a: Darkrai
|-damage|p1a: Darkrai|53/100
|-anim|p2a: Dragapult|Dragon Darts|p1a: Darkrai
|-damage|p1a: Darkrai|6/100
|-enditem|p1a: Darkrai|Sitrus Berry|[eat]
|-heal|p1a: Darkrai|31/100|[from] item: Sitrus Berry
|move|p1a: Darkrai|Shadow Ball|p2a: Dragapult
|-supereffective|p2a: Dragapult
|-damage|p2a: Dragapult|24/100
|
|upkeep
|turn|11
|
|t:|1779568374
|move|p2a: Dragapult|Dragon Darts|p1a: Darkrai
|-damage|p1a: Darkrai|0 fnt
|faint|p1a: Darkrai
|
|upkeep
|
|t:|1779568380
|switch|p1a: Suicune|Suicune, shiny|100/100
|turn|12
|
|t:|1779568383
|move|p2a: Dragapult|Dragon Darts|p1a: Suicune
|-damage|p1a: Suicune|75/100
|-anim|p2a: Dragapult|Dragon Darts|p1a: Suicune
|-damage|p1a: Suicune|48/100
|-enditem|p1a: Suicune|Sitrus Berry|[eat]
|-heal|p1a: Suicune|73/100|[from] item: Sitrus Berry
|move|p1a: Suicune|Ice Beam|p2a: Dragapult
|-supereffective|p2a: Dragapult
|-damage|p2a: Dragapult|0 fnt
|faint|p2a: Dragapult
|
|upkeep
|
|t:|1779568391
|switch|p2a: Kingambit|Kingambit, F|100/100
|-activate|p2a: Kingambit|ability: Supreme Overlord
|-start|p2a: Kingambit|fallen5|[silent]
|turn|13
|
|t:|1779568397
|move|p1a: Suicune|Scald|p2a: Kingambit
|-damage|p2a: Kingambit|63/100
|-status|p2a: Kingambit|brn
|move|p2a: Kingambit|Swords Dance|p2a: Kingambit
|-boost|p2a: Kingambit|atk|2
|
|-damage|p2a: Kingambit|57/100 brn|[from] brn
|upkeep
|turn|14
|
|t:|1779568408
|move|p1a: Suicune|Scald|p2a: Kingambit
|-damage|p2a: Kingambit|23/100 brn
|move|p2a: Kingambit|Swords Dance|p2a: Kingambit
|-boost|p2a: Kingambit|atk|2
|
|-damage|p2a: Kingambit|16/100 brn|[from] brn
|upkeep
|turn|15
|
|t:|1779568416
|move|p2a: Kingambit|Sucker Punch|p1a: Suicune
|-damage|p1a: Suicune|0 fnt
|faint|p1a: Suicune
|
|-damage|p2a: Kingambit|10/100 brn|[from] brn
|upkeep
|
|t:|1779568422
|switch|p1a: Mandibuzz|Mandibuzz, F|100/100
|turn|16
|
|t:|1779568426
|-terastallize|p2a: Kingambit|Dark
|move|p2a: Kingambit|Sucker Punch|p1a: Mandibuzz
|-resisted|p1a: Mandibuzz
|-damage|p1a: Mandibuzz|58/100
|move|p1a: Mandibuzz|Knock Off|p2a: Kingambit
|-resisted|p2a: Kingambit
|-damage|p2a: Kingambit|0 fnt
|-enditem|p2a: Kingambit|Black Glasses|[from] move: Knock Off|[of] p1a: Mandibuzz
|faint|p2a: Kingambit
|-end|p2a: Kingambit|fallen5|[silent]
|
|win|espe_pro12
|raw|espe_pro12's rating: 1154 &rarr; <strong>1180</strong><br />(+26 for winning)
|raw|stock-paradox's rating: 1169 &rarr; <strong>1143</strong><br />(-26 for losing)
|l|☆stock-paradox
|player|p2|
|l|☆espe_pro12
|player|p1|
