|j|☆kemdpw
|j|☆pegesus arc
|t:|1779691007
|gametype|singles
|player|p1|kemdpw|101|1413
|player|p2|pegesus arc|169|1420
|gen|9
|tier|[Gen 9] OU
|rated|
|rule|HP Percentage Mod: HP is shown in percentages
|rule|Endless Battle Clause: Forcing endless battles is banned
|rule|Species Clause: Limit one of each Pokémon
|rule|OHKO Clause: OHKO moves are banned
|rule|Evasion Items Clause: Evasion items are banned
|rule|Evasion Moves Clause: Evasion moves are banned
|rule|Evasion Abilities Clause: Evasion abilities are banned
|rule|Sleep Moves Clause: Sleep-inducing moves are banned
|clearpoke
|poke|p1|Kyurem|
|poke|p1|Tornadus-Therian, M|
|poke|p1|Hatterene, F|
|poke|p1|Iron Valiant|
|poke|p1|Great Tusk|
|poke|p1|Kingambit, M|
|poke|p2|Incineroar, F|
|poke|p2|Iron Valiant|
|poke|p2|Great Tusk|
|poke|p2|Gliscor, F|
|poke|p2|Goodra-Hisui, F|
|poke|p2|Raging Bolt|
|teampreview
|inactive|Battle timer is ON: inactive players will automatically lose when time's up. (requested by pegesus arc)
|j| testingrainteam1
|
|t:|1779691014
|teamsize|p1|6
|teamsize|p2|6
|start
|switch|p1a: Tornadus|Tornadus-Therian, M|100/100
|switch|p2a: Great Tusk|Great Tusk|100/100
|turn|1
|
|t:|1779691017
|move|p1a: Tornadus|Bleakwind Storm|p2a: Great Tusk
|-supereffective|p2a: Great Tusk
|-damage|p2a: Great Tusk|0 fnt
|faint|p2a: Great Tusk
|-end|p2a: Great Tusk|Protosynthesis|[silent]
|
|upkeep
|l| testingrainteam1
|
|t:|1779691021
|switch|p2a: Goodra|Goodra-Hisui, F|100/100
|turn|2
|
|t:|1779691024
|move|p1a: Tornadus|Knock Off|p2a: Goodra
|-damage|p2a: Goodra|82/100
|-enditem|p2a: Goodra|Assault Vest|[from] move: Knock Off|[of] p1a: Tornadus
|move|p2a: Goodra|Draco Meteor|p1a: Tornadus
|-damage|p1a: Tornadus|45/100
|-unboost|p2a: Goodra|spa|2
|
|upkeep
|turn|3
|j| testingrainteam1
|l| testingrainteam1
|
|t:|1779691034
|move|p1a: Tornadus|Heat Wave|p2a: Goodra
|-damage|p2a: Goodra|66/100
|move|p2a: Goodra|Ice Beam|p1a: Tornadus
|-supereffective|p1a: Tornadus
|-damage|p1a: Tornadus|21/100
|
|upkeep
|turn|4
|
|t:|1779691040
|move|p1a: Tornadus|U-turn|p2a: Goodra
|-resisted|p2a: Goodra
|-damage|p2a: Goodra|60/100
|
|t:|1779691057
|switch|p1a: Kyurem|Kyurem|100/100|[from] U-turn
|-ability|p1a: Kyurem|Pressure
|move|p2a: Goodra|Ice Beam|p1a: Kyurem
|-damage|p1a: Kyurem|87/100
|
|upkeep
|turn|5
|
|t:|1779691065
|switch|p2a: Incineroar|Incineroar, F|100/100
|-ability|p2a: Incineroar|Intimidate|boost
|-unboost|p1a: Kyurem|atk|1
|move|p1a: Kyurem|Earth Power|p2a: Incineroar
|-supereffective|p2a: Incineroar
|-damage|p2a: Incineroar|33/100
|-unboost|p2a: Incineroar|spd|1
|
|upkeep
|turn|6
|
|t:|1779691077
|switch|p1a: Tornadus|Tornadus-Therian, M|54/100
|switch|p2a: Goodra|Goodra-Hisui, F|60/100
|
|upkeep
|turn|7
|
|t:|1779691084
|move|p1a: Tornadus|U-turn|p2a: Goodra
|-resisted|p2a: Goodra
|-damage|p2a: Goodra|53/100
|
|t:|1779691087
|switch|p1a: Iron Valiant|Iron Valiant|100/100|[from] U-turn
|move|p2a: Goodra|Draco Meteor|p1a: Iron Valiant
|-immune|p1a: Iron Valiant
|
|upkeep
|turn|8
|
|t:|1779691092
|switch|p2a: Gliscor|Gliscor, F|100/100
|move|p1a: Iron Valiant|Close Combat|p2a: Gliscor
|-resisted|p2a: Gliscor
|-damage|p2a: Gliscor|82/100
|-unboost|p1a: Iron Valiant|def|1
|-unboost|p1a: Iron Valiant|spd|1
|-damage|p1a: Iron Valiant|91/100|[from] item: Life Orb
|
|-status|p2a: Gliscor|tox|[from] item: Toxic Orb
|upkeep
|turn|9
|
|t:|1779691101
|-end|p1a: Iron Valiant|Quark Drive|[silent]
|switch|p1a: Hatterene|Hatterene, F|100/100
|move|p2a: Gliscor|Spikes|p1a: Hatterene
|move|p1a: Hatterene|Spikes|p2a: Gliscor|[from] ability: Magic Bounce
|-sidestart|p2: pegesus arc|Spikes
|
|-heal|p2a: Gliscor|94/100 tox|[from] ability: Poison Heal
|upkeep
|turn|10
|
|t:|1779691119
|switch|p2a: Goodra|Goodra-Hisui, F|53/100
|-damage|p2a: Goodra|41/100|[from] Spikes
|move|p1a: Hatterene|Psychic Noise|p2a: Goodra
|-resisted|p2a: Goodra
|-crit|p2a: Goodra
|-damage|p2a: Goodra|25/100
|-start|p2a: Goodra|move: Heal Block
|
|upkeep
|turn|11
|
|t:|1779691128
|switch|p1a: Tornadus|Tornadus-Therian, M|87/100
|move|p2a: Goodra|Flash Cannon|p1a: Tornadus
|-damage|p1a: Tornadus|53/100
|
|-end|p2a: Goodra|move: Heal Block
|upkeep
|turn|12
|
|t:|1779691134
|move|p1a: Tornadus|Heat Wave|p2a: Goodra
|-damage|p2a: Goodra|10/100
|move|p2a: Goodra|Draco Meteor|p1a: Tornadus
|-crit|p1a: Tornadus
|-damage|p1a: Tornadus|0 fnt
|-unboost|p2a: Goodra|spa|2
|faint|p1a: Tornadus
|
|upkeep
|
|t:|1779691143
|switch|p1a: Iron Valiant|Iron Valiant|91/100
|turn|13
|
|t:|1779691146
|move|p1a: Iron Valiant|Moonblast|p2a: Goodra
|-damage|p2a: Goodra|0 fnt
|faint|p2a: Goodra
|-damage|p1a: Iron Valiant|81/100|[from] item: Life Orb
|
|upkeep
|
|t:|1779691152
|switch|p2a: Iron Valiant|Iron Valiant|100/100
|-damage|p2a: Iron Valiant|88/100|[from] Spikes
|turn|14
|inactive|kemdpw has 120 seconds left.
|
|t:|1779691196
|move|p2a: Iron Valiant|Moonblast|p1a: Iron Valiant
|-supereffective|p1a: Iron Valiant
|-damage|p1a: Iron Valiant|0 fnt
|faint|p1a: Iron Valiant
|-end|p1a: Iron Valiant|Quark Drive|[silent]
|
|upkeep
|
|t:|1779691199
|switch|p1a: Hatterene|Hatterene, F|100/100
|turn|15
|
|t:|1779691205
|-end|p2a: Iron Valiant|Quark Drive|[silent]
|switch|p2a: Raging Bolt|Raging Bolt|100/100
|-damage|p2a: Raging Bolt|88/100|[from] Spikes
|move|p1a: Hatterene|Draining Kiss|p2a: Raging Bolt
|-supereffective|p2a: Raging Bolt
|-damage|p2a: Raging Bolt|51/100
|
|-heal|p2a: Raging Bolt|57/100|[from] item: Leftovers
|upkeep
|turn|16
|
|t:|1779691211
|move|p2a: Raging Bolt|Thunderbolt|p1a: Hatterene
|-damage|p1a: Hatterene|41/100
|move|p1a: Hatterene|Draining Kiss|p2a: Raging Bolt
|-supereffective|p2a: Raging Bolt
|-damage|p2a: Raging Bolt|20/100
|-heal|p1a: Hatterene|80/100|[from] drain|[of] p2a: Raging Bolt
|
|-heal|p2a: Raging Bolt|26/100|[from] item: Leftovers
|-heal|p1a: Hatterene|86/100|[from] item: Leftovers
|upkeep
|turn|17
|
|t:|1779691220
|move|p2a: Raging Bolt|Thunderbolt|p1a: Hatterene
|-damage|p1a: Hatterene|33/100
|-status|p1a: Hatterene|par
|move|p1a: Hatterene|Draining Kiss|p2a: Raging Bolt
|-supereffective|p2a: Raging Bolt
|-damage|p2a: Raging Bolt|0 fnt
|-heal|p1a: Hatterene|60/100 par|[from] drain|[of] p2a: Raging Bolt
|faint|p2a: Raging Bolt
|-end|p2a: Raging Bolt|Protosynthesis|[silent]
|
|-heal|p1a: Hatterene|66/100 par|[from] item: Leftovers
|upkeep
|
|t:|1779691228
|switch|p2a: Gliscor|Gliscor, F|94/100 tox
|turn|18
|
|t:|1779691238
|switch|p1a: Kyurem|Kyurem|87/100
|-ability|p1a: Kyurem|Pressure
|move|p2a: Gliscor|Earthquake|p1a: Kyurem
|-damage|p1a: Kyurem|56/100
|
|-heal|p2a: Gliscor|100/100 tox|[from] ability: Poison Heal
|upkeep
|turn|19
|
|t:|1779691248
|move|p2a: Gliscor|Protect|p2a: Gliscor
|-singleturn|p2a: Gliscor|Protect
|move|p1a: Kyurem|Ice Beam|p2a: Gliscor
|-activate|p2a: Gliscor|move: Protect
|
|upkeep
|turn|20
|
|t:|1779691254
|switch|p2a: Incineroar|Incineroar, F|33/100
|-ability|p2a: Incineroar|Intimidate|boost
|-unboost|p1a: Kyurem|atk|1
|-terastallize|p1a: Kyurem|Ice
|move|p1a: Kyurem|Ice Beam|p2a: Incineroar
|-resisted|p2a: Incineroar
|-damage|p2a: Incineroar|1/100
|
|upkeep
|turn|21
|
|t:|1779691273
|move|p1a: Kyurem|Ice Beam|p2a: Incineroar
|-resisted|p2a: Incineroar
|-damage|p2a: Incineroar|0 fnt
|faint|p2a: Incineroar
|
|upkeep
|
|t:|1779691275
|switch|p2a: Iron Valiant|Iron Valiant|88/100
|-damage|p2a: Iron Valiant|76/100|[from] Spikes
|turn|22
|
|t:|1779691279
|move|p2a: Iron Valiant|Close Combat|p1a: Kyurem
|-supereffective|p1a: Kyurem
|-damage|p1a: Kyurem|0 fnt
|-unboost|p2a: Iron Valiant|def|1
|-unboost|p2a: Iron Valiant|spd|1
|faint|p1a: Kyurem
|
|upkeep
|
|t:|1779691292
|switch|p1a: Hatterene|Hatterene, F|66/100 par
|turn|23
|
|t:|1779691294
|-end|p2a: Iron Valiant|Quark Drive|[silent]
|switch|p2a: Gliscor|Gliscor, F|100/100 tox
|move|p1a: Hatterene|Draining Kiss|p2a: Gliscor
|-damage|p2a: Gliscor|74/100 tox
|-heal|p1a: Hatterene|88/100 par|[from] drain|[of] p2a: Gliscor
|
|-heal|p1a: Hatterene|94/100 par|[from] item: Leftovers
|-heal|p2a: Gliscor|87/100 tox|[from] ability: Poison Heal
|upkeep
|turn|24
|
|t:|1779691304
|move|p2a: Gliscor|Earthquake|p1a: Hatterene
|-crit|p1a: Hatterene
|-damage|p1a: Hatterene|51/100 par
|move|p1a: Hatterene|Psychic Noise|p2a: Gliscor
|-damage|p2a: Gliscor|45/100 tox
|-start|p2a: Gliscor|move: Heal Block
|
|-heal|p1a: Hatterene|57/100 par|[from] item: Leftovers
|upkeep
|turn|25
|
|t:|1779691315
|move|p2a: Gliscor|Protect|p2a: Gliscor
|-singleturn|p2a: Gliscor|Protect
|cant|p1a: Hatterene|par
|
|-heal|p1a: Hatterene|63/100 par|[from] item: Leftovers
|-end|p2a: Gliscor|move: Heal Block
|upkeep
|turn|26
|
|t:|1779691319
|move|p2a: Gliscor|Earthquake|p1a: Hatterene
|-damage|p1a: Hatterene|37/100 par
|move|p1a: Hatterene|Draining Kiss|p2a: Gliscor
|-damage|p2a: Gliscor|19/100 tox
|-heal|p1a: Hatterene|59/100 par|[from] drain|[of] p2a: Gliscor
|
|-heal|p1a: Hatterene|65/100 par|[from] item: Leftovers
|-heal|p2a: Gliscor|31/100 tox|[from] ability: Poison Heal
|upkeep
|turn|27
|
|t:|1779691327
|move|p2a: Gliscor|Earthquake|p1a: Hatterene
|-damage|p1a: Hatterene|37/100 par
|move|p1a: Hatterene|Draining Kiss|p2a: Gliscor
|-damage|p2a: Gliscor|4/100 tox
|-heal|p1a: Hatterene|59/100 par|[from] drain|[of] p2a: Gliscor
|
|-heal|p1a: Hatterene|65/100 par|[from] item: Leftovers
|-heal|p2a: Gliscor|17/100 tox|[from] ability: Poison Heal
|upkeep
|turn|28
|
|t:|1779691336
|move|p2a: Gliscor|Protect|p2a: Gliscor
|-singleturn|p2a: Gliscor|Protect
|cant|p1a: Hatterene|par
|
|-heal|p1a: Hatterene|71/100 par|[from] item: Leftovers
|-heal|p2a: Gliscor|29/100 tox|[from] ability: Poison Heal
|upkeep
|turn|29
|
|t:|1779691340
|move|p2a: Gliscor|Earthquake|p1a: Hatterene
|-damage|p1a: Hatterene|43/100 par
|cant|p1a: Hatterene|par
|
|-heal|p1a: Hatterene|49/100 par|[from] item: Leftovers
|-heal|p2a: Gliscor|42/100 tox|[from] ability: Poison Heal
|upkeep
|turn|30
|
|t:|1779691346
|move|p2a: Gliscor|Protect|p2a: Gliscor
|-singleturn|p2a: Gliscor|Protect
|move|p1a: Hatterene|Draining Kiss|p2a: Gliscor
|-activate|p2a: Gliscor|move: Protect
|
|-heal|p1a: Hatterene|55/100 par|[from] item: Leftovers
|-heal|p2a: Gliscor|54/100 tox|[from] ability: Poison Heal
|upkeep
|turn|31
|
|t:|1779691350
|move|p2a: Gliscor|Earthquake|p1a: Hatterene
|-damage|p1a: Hatterene|23/100 par
|cant|p1a: Hatterene|par
|
|-heal|p1a: Hatterene|29/100 par|[from] item: Leftovers
|-heal|p2a: Gliscor|67/100 tox|[from] ability: Poison Heal
|upkeep
|turn|32
|
|t:|1779691356
|move|p2a: Gliscor|Earthquake|p1a: Hatterene
|-damage|p1a: Hatterene|0 fnt
|faint|p1a: Hatterene
|
|-heal|p2a: Gliscor|79/100 tox|[from] ability: Poison Heal
|upkeep
|
|t:|1779691362
|switch|p1a: Kingambit|Kingambit, M|100/100
|-activate|p1a: Kingambit|ability: Supreme Overlord
|-start|p1a: Kingambit|fallen4|[silent]
|turn|33
|
|t:|1779691366
|move|p2a: Gliscor|Earthquake|p1a: Kingambit
|-supereffective|p1a: Kingambit
|-damage|p1a: Kingambit|48/100
|move|p1a: Kingambit|Swords Dance|p1a: Kingambit
|-boost|p1a: Kingambit|atk|2
|
|-heal|p2a: Gliscor|92/100 tox|[from] ability: Poison Heal
|upkeep
|turn|34
|
|t:|1779691371
|move|p1a: Kingambit|Sucker Punch|p2a: Gliscor
|-damage|p2a: Gliscor|14/100 tox
|move|p2a: Gliscor|Earthquake|p1a: Kingambit
|-supereffective|p1a: Kingambit
|-damage|p1a: Kingambit|0 fnt
|faint|p1a: Kingambit
|-end|p1a: Kingambit|fallen4|[silent]
|
|-heal|p2a: Gliscor|26/100 tox|[from] ability: Poison Heal
|upkeep
|-message|kemdpw forfeited.
|
|win|pegesus arc
|raw|kemdpw's rating: 1413 &rarr; <strong>1393</strong><br />(-20 for losing)
|raw|pegesus arc's rating: 1420 &rarr; <strong>1440</strong><br />(+20 for winning)
|l|☆kemdpw
|player|p1|
|l|☆pegesus arc
|player|p2|
