|j|☆my shitters
|j|☆hat_fm
|t:|1779627908
|gametype|singles
|player|p1|my shitters|preschooler|1345
|player|p2|hat_fm|pilot|1326
|gen|9
|tier|[Gen 9] OU
|rated|
|rule|HP Percentage Mod: HP is shown in percentages
|rule|Endless Battle Clause: Forcing endless battles is banned
|rule|Species Clause: Limit one of each Pokémon
|rule|OHKO Clause: OHKO moves are banned
|rule|Evasion Items Clause: Evasion items are banned
|rule|Evasion Moves Clause: Evasion moves are banned
|rule|Evasion Abilities Clause: Evasion abilities are banned
|rule|Sleep Moves Clause: Sleep-inducing moves are banned
|clearpoke
|poke|p1|Sableye, F|
|poke|p1|Primeape, F|
|poke|p1|Alcremie-Ruby-Swirl, F|
|poke|p1|Ursaring, F|
|poke|p1|Jolteon, M|
|poke|p1|Brute Bonnet|
|poke|p2|Zamazenta-*|
|poke|p2|Ceruledge, M|
|poke|p2|Scizor, M|
|poke|p2|Donphan, M|
|poke|p2|Lycanroc-Dusk, F|
|poke|p2|Florges, F|
|teampreview
|inactive|Battle timer is ON: inactive players will automatically lose when time's up. (requested by my shitters)
|
|t:|1779627914
|teamsize|p1|6
|teamsize|p2|6
|start
|switch|p1a: Sableye|Sableye, F|100/100
|switch|p2a: Donphan|Donphan, M|100/100
|turn|1
|
|t:|1779627918
|move|p1a: Sableye|Taunt|p2a: Donphan
|-start|p2a: Donphan|move: Taunt
|cant|p2a: Donphan|move: Taunt|Stealth Rock
|
|upkeep
|turn|2
|
|t:|1779627920
|move|p1a: Sableye|Reflect|p1a: Sableye
|-sidestart|p1: my shitters|Reflect
|move|p2a: Donphan|Earthquake|p1a: Sableye
|-damage|p1a: Sableye|79/100
|
|upkeep
|turn|3
|
|t:|1779627925
|move|p1a: Sableye|Light Screen|p1a: Sableye
|-sidestart|p1: my shitters|move: Light Screen
|move|p2a: Donphan|Knock Off|p1a: Sableye
|-damage|p1a: Sableye|67/100
|-enditem|p1a: Sableye|Light Clay|[from] move: Knock Off|[of] p2a: Donphan
|
|-end|p2a: Donphan|move: Taunt
|upkeep
|turn|4
|
|t:|1779627930
|move|p1a: Sableye|Taunt|p2a: Donphan
|-start|p2a: Donphan|move: Taunt
|move|p2a: Donphan|Earthquake|p1a: Sableye
|-damage|p1a: Sableye|46/100
|
|upkeep
|turn|5
|
|t:|1779627938
|switch|p1a: PonnieColeman|Primeape, F|100/100
|move|p2a: Donphan|Earthquake|p1a: PonnieColeman
|-damage|p1a: PonnieColeman|79/100
|
|upkeep
|turn|6
|
|t:|1779627950
|move|p1a: PonnieColeman|Bulk Up|p1a: PonnieColeman
|-boost|p1a: PonnieColeman|atk|1
|-boost|p1a: PonnieColeman|def|1
|move|p2a: Donphan|Earthquake|p1a: PonnieColeman
|-damage|p1a: PonnieColeman|66/100
|
|-end|p2a: Donphan|move: Taunt
|upkeep
|turn|7
|
|t:|1779627953
|move|p1a: PonnieColeman|Bulk Up|p1a: PonnieColeman
|-boost|p1a: PonnieColeman|atk|1
|-boost|p1a: PonnieColeman|def|1
|move|p2a: Donphan|Stealth Rock|p1a: PonnieColeman
|-sidestart|p1: my shitters|move: Stealth Rock
|
|upkeep
|turn|8
|
|t:|1779627960
|move|p1a: PonnieColeman|Bulk Up|p1a: PonnieColeman
|-boost|p1a: PonnieColeman|atk|1
|-boost|p1a: PonnieColeman|def|1
|move|p2a: Donphan|Earthquake|p1a: PonnieColeman
|-damage|p1a: PonnieColeman|57/100
|
|upkeep
|turn|9
|
|t:|1779627966
|move|p1a: PonnieColeman|Bulk Up|p1a: PonnieColeman
|-boost|p1a: PonnieColeman|atk|1
|-boost|p1a: PonnieColeman|def|1
|move|p2a: Donphan|Knock Off|p1a: PonnieColeman
|-resisted|p1a: PonnieColeman
|-damage|p1a: PonnieColeman|55/100
|-enditem|p1a: PonnieColeman|Eviolite|[from] move: Knock Off|[of] p2a: Donphan
|
|-sideend|p1: my shitters|Reflect
|upkeep
|turn|10
|
|t:|1779627972
|move|p1a: PonnieColeman|Drain Punch|p2a: Donphan
|-damage|p2a: Donphan|53/100
|-heal|p1a: PonnieColeman|83/100|[from] drain|[of] p2a: Donphan
|-damage|p1a: PonnieColeman|66/100|[from] item: Rocky Helmet|[of] p2a: Donphan
|move|p2a: Donphan|Earthquake|p1a: PonnieColeman
|-damage|p1a: PonnieColeman|45/100
|
|-sideend|p1: my shitters|move: Light Screen
|upkeep
|turn|11
|
|t:|1779627984
|move|p1a: PonnieColeman|Bulk Up|p1a: PonnieColeman
|-boost|p1a: PonnieColeman|atk|1
|-boost|p1a: PonnieColeman|def|1
|move|p2a: Donphan|Earthquake|p1a: PonnieColeman
|-damage|p1a: PonnieColeman|27/100
|
|upkeep
|turn|12
|
|t:|1779627997
|move|p1a: PonnieColeman|Drain Punch|p2a: Donphan
|-damage|p2a: Donphan|4/100
|-heal|p1a: PonnieColeman|55/100|[from] drain|[of] p2a: Donphan
|-damage|p1a: PonnieColeman|39/100|[from] item: Rocky Helmet|[of] p2a: Donphan
|move|p2a: Donphan|Earthquake|p1a: PonnieColeman
|-damage|p1a: PonnieColeman|20/100
|
|upkeep
|turn|13
|
|t:|1779628010
|move|p1a: PonnieColeman|Rest|p1a: PonnieColeman
|-status|p1a: PonnieColeman|slp|[from] move: Rest
|-heal|p1a: PonnieColeman|100/100 slp|[silent]
|move|p2a: Donphan|Earthquake|p1a: PonnieColeman
|-damage|p1a: PonnieColeman|83/100 slp
|
|upkeep
|turn|14
|
|t:|1779628016
|cant|p1a: PonnieColeman|slp
|move|p2a: Donphan|Earthquake|p1a: PonnieColeman
|-damage|p1a: PonnieColeman|63/100 slp
|
|upkeep
|turn|15
|
|t:|1779628021
|cant|p1a: PonnieColeman|slp
|move|p2a: Donphan|Earthquake|p1a: PonnieColeman
|-damage|p1a: PonnieColeman|43/100 slp
|
|upkeep
|turn|16
|
|t:|1779628029
|-curestatus|p1a: PonnieColeman|slp|[msg]
|move|p1a: PonnieColeman|Bulk Up|p1a: PonnieColeman
|-boost|p1a: PonnieColeman|atk|1
|-boost|p1a: PonnieColeman|def|1
|move|p2a: Donphan|Earthquake|p1a: PonnieColeman
|-damage|p1a: PonnieColeman|27/100
|
|upkeep
|turn|17
|
|t:|1779628039
|move|p1a: PonnieColeman|Rest|p1a: PonnieColeman
|-status|p1a: PonnieColeman|slp|[from] move: Rest
|-heal|p1a: PonnieColeman|100/100 slp|[silent]
|move|p2a: Donphan|Earthquake|p1a: PonnieColeman
|-damage|p1a: PonnieColeman|84/100 slp
|
|upkeep
|turn|18
|
|t:|1779628044
|switch|p2a: Florges|Florges, F|100/100
|cant|p1a: PonnieColeman|slp
|
|upkeep
|turn|19
|
|t:|1779628047
|-terastallize|p1a: PonnieColeman|Fire
|cant|p1a: PonnieColeman|slp
|move|p2a: Florges|Moonblast|p1a: PonnieColeman
|-resisted|p1a: PonnieColeman
|-damage|p1a: PonnieColeman|50/100 slp
|
|upkeep
|turn|20
|
|t:|1779628060
|-curestatus|p1a: PonnieColeman|slp|[msg]
|move|p1a: PonnieColeman|Rage Fist|p2a: Florges
|-damage|p2a: Florges|0 fnt
|faint|p2a: Florges
|
|upkeep
|
|t:|1779628067
|switch|p2a: Lycanroc|Lycanroc-Dusk, F|100/100
|turn|21
|
|t:|1779628072
|move|p2a: Lycanroc|Accelerock|p1a: PonnieColeman
|-supereffective|p1a: PonnieColeman
|-damage|p1a: PonnieColeman|22/100
|-damage|p2a: Lycanroc|91/100|[from] item: Life Orb
|move|p1a: PonnieColeman|Drain Punch|p2a: Lycanroc
|-supereffective|p2a: Lycanroc
|-damage|p2a: Lycanroc|0 fnt
|-heal|p1a: PonnieColeman|61/100|[from] drain|[of] p2a: Lycanroc
|faint|p2a: Lycanroc
|
|upkeep
|
|t:|1779628081
|switch|p2a: Zamazenta|Zamazenta|100/100
|-ability|p2a: Zamazenta|Dauntless Shield|boost
|-boost|p2a: Zamazenta|def|1
|turn|22
|
|t:|1779628087
|move|p2a: Zamazenta|Iron Defense|p2a: Zamazenta
|-boost|p2a: Zamazenta|def|2
|move|p1a: PonnieColeman|Rage Fist|p2a: Zamazenta
|-damage|p2a: Zamazenta|3/100
|
|-heal|p2a: Zamazenta|9/100|[from] item: Leftovers
|upkeep
|turn|23
|
|t:|1779628097
|move|p2a: Zamazenta|Body Press|p1a: PonnieColeman
|-damage|p1a: PonnieColeman|27/100
|move|p1a: PonnieColeman|Drain Punch|p2a: Zamazenta
|-damage|p2a: Zamazenta|0 fnt
|-heal|p1a: PonnieColeman|32/100|[from] drain|[of] p2a: Zamazenta
|faint|p2a: Zamazenta
|
|upkeep
|
|t:|1779628112
|switch|p2a: Donphan|Donphan, M|4/100
|turn|24
|
|t:|1779628116
|move|p1a: PonnieColeman|Rage Fist|p2a: Donphan
|-damage|p2a: Donphan|0 fnt
|-damage|p1a: PonnieColeman|15/100|[from] item: Rocky Helmet|[of] p2a: Donphan
|faint|p2a: Donphan
|
|upkeep
|
|t:|1779628123
|switch|p2a: Ceruledge|Ceruledge, M|100/100
|turn|25
|
|t:|1779628128
|move|p1a: PonnieColeman|Rage Fist|p2a: Ceruledge
|-supereffective|p2a: Ceruledge
|-enditem|p2a: Ceruledge|Focus Sash
|-damage|p2a: Ceruledge|1/100
|-ability|p2a: Ceruledge|Weak Armor|boost
|-unboost|p2a: Ceruledge|def|1
|-boost|p2a: Ceruledge|spe|2
|move|p2a: Ceruledge|Swords Dance|p2a: Ceruledge
|-boost|p2a: Ceruledge|atk|2
|
|upkeep
|turn|26
|
|t:|1779628132
|move|p2a: Ceruledge|Bitter Blade|p1a: PonnieColeman
|-resisted|p1a: PonnieColeman
|-damage|p1a: PonnieColeman|0 fnt
|-heal|p2a: Ceruledge|9/100|[from] drain|[of] p1a: PonnieColeman
|faint|p1a: PonnieColeman
|
|upkeep
|
|t:|1779628149
|switch|p1a: Brute Bonnet|Brute Bonnet|100/100
|-damage|p1a: Brute Bonnet|88/100|[from] Stealth Rock
|-enditem|p1a: Brute Bonnet|Booster Energy
|-activate|p1a: Brute Bonnet|ability: Protosynthesis|[fromitem]
|-start|p1a: Brute Bonnet|protosynthesisatk
|turn|27
|
|t:|1779628157
|move|p1a: Brute Bonnet|Sucker Punch|p2a: Ceruledge
|-supereffective|p2a: Ceruledge
|-damage|p2a: Ceruledge|0 fnt
|faint|p2a: Ceruledge
|
|upkeep
|
|t:|1779628160
|switch|p2a: Scizor|Scizor, M|100/100
|turn|28
|
|t:|1779628163
|move|p2a: Scizor|U-turn|p1a: Brute Bonnet
|-supereffective|p1a: Brute Bonnet
|-damage|p1a: Brute Bonnet|0 fnt
|faint|p1a: Brute Bonnet
|-end|p1a: Brute Bonnet|Protosynthesis|[silent]
|-damage|p2a: Scizor|91/100|[from] item: Life Orb
|
|upkeep
|
|t:|1779628170
|switch|p1a: Sableye|Sableye, F|46/100
|-damage|p1a: Sableye|34/100|[from] Stealth Rock
|turn|29
|
|t:|1779628180
|move|p2a: Scizor|Bullet Punch|p1a: Sableye
|-damage|p1a: Sableye|0 fnt
|faint|p1a: Sableye
|-damage|p2a: Scizor|81/100|[from] item: Life Orb
|
|upkeep
|
|t:|1779628188
|switch|p1a: Jolteon|Jolteon, M|100/100
|-damage|p1a: Jolteon|88/100|[from] Stealth Rock
|turn|30
|
|t:|1779628197
|move|p1a: Jolteon|Thunderbolt|p2a: Scizor
|-damage|p2a: Scizor|14/100
|-damage|p1a: Jolteon|78/100|[from] item: Life Orb
|move|p2a: Scizor|Knock Off|p1a: Jolteon
|-damage|p1a: Jolteon|0 fnt
|-enditem|p1a: Jolteon|Life Orb|[from] move: Knock Off|[of] p2a: Scizor
|faint|p1a: Jolteon
|-damage|p2a: Scizor|4/100|[from] item: Life Orb
|
|upkeep
|
|t:|1779628202
|switch|p1a: Only4CubLinx|Ursaring, F|100/100
|-damage|p1a: Only4CubLinx|88/100|[from] Stealth Rock
|turn|31
|
|t:|1779628205
|move|p2a: Scizor|Bullet Punch|p1a: Only4CubLinx
|-damage|p1a: Only4CubLinx|34/100
|-damage|p2a: Scizor|0 fnt|[from] item: Life Orb
|faint|p2a: Scizor
|
|win|my shitters
|raw|my shitters's rating: 1345 &rarr; <strong>1364</strong><br />(+19 for winning)
|raw|hat_fm's rating: 1326 &rarr; <strong>1307</strong><br />(-19 for losing)
|l|☆my shitters
|player|p1|
|l|☆hat_fm
|player|p2|
