|j|☆Sensei Oykas
|j|☆Mortifi
|t:|1779700490
|gametype|singles
|player|p1|Sensei Oykas|scientist|1497
|player|p2|Mortifi|pokemaniac|1539
|gen|9
|tier|[Gen 9] OU
|rated|
|rule|HP Percentage Mod: HP is shown in percentages
|rule|Endless Battle Clause: Forcing endless battles is banned
|rule|Species Clause: Limit one of each Pokémon
|rule|OHKO Clause: OHKO moves are banned
|rule|Evasion Items Clause: Evasion items are banned
|rule|Evasion Moves Clause: Evasion moves are banned
|rule|Evasion Abilities Clause: Evasion abilities are banned
|rule|Sleep Moves Clause: Sleep-inducing moves are banned
|clearpoke
|poke|p1|Raging Bolt|
|poke|p1|Meowscarada, F|
|poke|p1|Corviknight, F|
|poke|p1|Slowking-Galar, F|
|poke|p1|Heatran, F|
|poke|p1|Iron Valiant|
|poke|p2|Zapdos-Galar|
|poke|p2|Slowking-Galar, M|
|poke|p2|Alomomola, M|
|poke|p2|Great Tusk|
|poke|p2|Weavile, F|
|poke|p2|Skarmory, F|
|teampreview
|inactive|Battle timer is ON: inactive players will automatically lose when time's up. (requested by Mortifi)
|
|t:|1779700528
|teamsize|p1|6
|teamsize|p2|6
|start
|switch|p1a: Raging Bolt|Raging Bolt|100/100
|switch|p2a: Skarmory|Skarmory, F|100/100
|turn|1
|
|t:|1779700541
|switch|p2a: Slowking|Slowking-Galar, M|100/100
|move|p1a: Raging Bolt|Volt Switch|p2a: Slowking
|-damage|p2a: Slowking|70/100
|
|t:|1779700545
|-end|p1a: Raging Bolt|Protosynthesis|[silent]
|switch|p1a: Meowscarada|Meowscarada, F, shiny|100/100|[from] Volt Switch
|
|upkeep
|turn|2
|
|t:|1779700551
|switch|p2a: Skarmory|Skarmory, F|100/100
|move|p1a: Meowscarada|Knock Off|p2a: Skarmory
|-start|p1a: Meowscarada|typechange|Dark|[from] ability: Protean
|-damage|p2a: Skarmory|73/100
|-damage|p1a: Meowscarada|84/100|[from] item: Rocky Helmet|[of] p2a: Skarmory
|-enditem|p2a: Skarmory|Rocky Helmet|[from] move: Knock Off|[of] p1a: Meowscarada
|
|upkeep
|turn|3
|
|t:|1779700560
|switch|p1a: Raging Bolt|Raging Bolt|100/100
|move|p2a: Skarmory|Spikes|p1a: Raging Bolt
|-sidestart|p1: Sensei Oykas|Spikes
|
|upkeep
|turn|4
|
|t:|1779700565
|switch|p2a: Slowking|Slowking-Galar, M|100/100
|move|p1a: Raging Bolt|Thunderbolt|p2a: Slowking
|-damage|p2a: Slowking|57/100
|
|upkeep
|turn|5
|
|t:|1779700572
|move|p1a: Raging Bolt|Thunderbolt|p2a: Slowking
|-damage|p2a: Slowking|14/100
|-prepare|p2a: Slowking|Chilly Reception|[premajor]
|move|p2a: Slowking|Chilly Reception|p2a: Slowking
|-weather|Snowscape
|
|t:|1779700582
|switch|p2a: Great Tusk|Great Tusk|100/100|[from] Chilly Reception
|
|-weather|Snowscape|[upkeep]
|upkeep
|turn|6
|
|t:|1779700587
|-end|p1a: Raging Bolt|Protosynthesis|[silent]
|switch|p1a: Corviknight|Corviknight, F, shiny|100/100
|-ability|p1a: Corviknight|Pressure
|move|p2a: Great Tusk|Headlong Rush|p1a: Corviknight
|-immune|p1a: Corviknight
|
|-weather|Snowscape|[upkeep]
|upkeep
|turn|7
|
|t:|1779700596
|-end|p2a: Great Tusk|Protosynthesis|[silent]
|switch|p2a: Zapdos|Zapdos-Galar|100/100
|move|p1a: Corviknight|U-turn|p2a: Zapdos
|-resisted|p2a: Zapdos
|-damage|p2a: Zapdos|96/100
|
|t:|1779700605
|switch|p1a: Iron Valiant|Iron Valiant, shiny|100/100|[from] U-turn
|-damage|p1a: Iron Valiant|88/100|[from] Spikes
|-enditem|p1a: Iron Valiant|Booster Energy
|-activate|p1a: Iron Valiant|ability: Quark Drive|[fromitem]
|-start|p1a: Iron Valiant|quarkdrivespe
|
|-weather|Snowscape|[upkeep]
|upkeep
|turn|8
|
|t:|1779700613
|switch|p2a: Alomomola|Alomomola, M|100/100
|move|p1a: Iron Valiant|Knock Off|p2a: Alomomola
|-damage|p2a: Alomomola|88/100
|
|-weather|Snowscape|[upkeep]
|upkeep
|turn|9
|
|t:|1779700619
|move|p1a: Iron Valiant|Moonblast|p2a: Alomomola
|-crit|p2a: Alomomola
|-damage|p2a: Alomomola|37/100
|move|p2a: Alomomola|Wish|p2a: Alomomola
|
|-weather|none
|upkeep
|turn|10
|
|t:|1779700627
|switch|p2a: Slowking|Slowking-Galar, M|47/100
|move|p1a: Iron Valiant|Encore||[still]
|-fail|p1a: Iron Valiant
|
|-heal|p2a: Slowking|100/100|[from] move: Wish|[wisher] Alomomola
|upkeep
|turn|11
|
|t:|1779700638
|-end|p1a: Iron Valiant|Quark Drive|[silent]
|switch|p1a: Heatran|Heatran, F|100/100
|-damage|p1a: Heatran|88/100|[from] Spikes
|move|p2a: Slowking|Thunder Wave|p1a: Heatran
|-status|p1a: Heatran|par
|
|-heal|p1a: Heatran|94/100 par|[from] item: Leftovers
|upkeep
|turn|12
|
|t:|1779700650
|move|p1a: Heatran|Lava Plume|p2a: Slowking
|-damage|p2a: Slowking|80/100
|-prepare|p2a: Slowking|Chilly Reception|[premajor]
|move|p2a: Slowking|Chilly Reception|p2a: Slowking
|-weather|Snowscape
|
|t:|1779700657
|switch|p2a: Alomomola|Alomomola, M|70/100|[from] Chilly Reception
|
|-weather|Snowscape|[upkeep]
|-heal|p1a: Heatran|100/100 par|[from] item: Leftovers
|upkeep
|turn|13
|
|t:|1779700663
|move|p2a: Alomomola|Flip Turn|p1a: Heatran
|-supereffective|p1a: Heatran
|-damage|p1a: Heatran|74/100 par
|
|t:|1779700667
|switch|p2a: Slowking|Slowking-Galar, M|100/100|[from] Flip Turn
|move|p1a: Heatran|Stealth Rock|p2a: Slowking
|-sidestart|p2: Mortifi|move: Stealth Rock
|
|-weather|Snowscape|[upkeep]
|-heal|p1a: Heatran|80/100 par|[from] item: Leftovers
|upkeep
|turn|14
|
|t:|1779700674
|cant|p1a: Heatran|par
|move|p2a: Slowking|Future Sight|p1a: Heatran
|-start|p2a: Slowking|move: Future Sight
|
|-weather|Snowscape|[upkeep]
|-heal|p1a: Heatran|86/100 par|[from] item: Leftovers
|upkeep
|turn|15
|
|t:|1779700679
|move|p1a: Heatran|Earth Power|p2a: Slowking
|-supereffective|p2a: Slowking
|-damage|p2a: Slowking|69/100
|-prepare|p2a: Slowking|Chilly Reception|[premajor]
|move|p2a: Slowking|Chilly Reception|p2a: Slowking
|
|t:|1779700685
|switch|p2a: Zapdos|Zapdos-Galar|96/100|[from] Chilly Reception
|-damage|p2a: Zapdos|84/100|[from] Stealth Rock
|
|-weather|Snowscape|[upkeep]
|-heal|p1a: Heatran|92/100 par|[from] item: Leftovers
|upkeep
|turn|16
|
|t:|1779700694
|move|p1a: Heatran|Protect|p1a: Heatran
|-singleturn|p1a: Heatran|Protect
|move|p2a: Zapdos|Thunderous Kick|p1a: Heatran
|-activate|p1a: Heatran|move: Protect
|
|-weather|none
|-end|p1a: Heatran|move: Future Sight
|-resisted|p1a: Heatran
|-damage|p1a: Heatran|78/100 par
|-heal|p1a: Heatran|84/100 par|[from] item: Leftovers
|upkeep
|turn|17
|
|t:|1779700705
|switch|p1a: Slowking|Slowking-Galar, F|100/100
|move|p2a: Zapdos|U-turn|p1a: Slowking
|-damage|p1a: Slowking|75/100
|
|t:|1779700714
|switch|p2a: Weavile|Weavile, F|100/100|[from] U-turn
|-damage|p2a: Weavile|76/100|[from] Stealth Rock
|-ability|p2a: Weavile|Pressure
|
|upkeep
|turn|18
|
|t:|1779700720
|switch|p1a: Corviknight|Corviknight, F, shiny|100/100
|-ability|p1a: Corviknight|Pressure
|move|p2a: Weavile|Knock Off|p1a: Corviknight
|-damage|p1a: Corviknight|59/100
|-damage|p2a: Weavile|59/100|[from] item: Rocky Helmet|[of] p1a: Corviknight
|-enditem|p1a: Corviknight|Rocky Helmet|[from] move: Knock Off|[of] p2a: Weavile
|
|upkeep
|turn|19
|
|t:|1779700732
|switch|p2a: Alomomola|Alomomola, M|100/100
|-damage|p2a: Alomomola|88/100|[from] Stealth Rock
|move|p1a: Corviknight|Roost|p1a: Corviknight
|-heal|p1a: Corviknight|100/100
|-singleturn|p1a: Corviknight|move: Roost
|
|upkeep
|turn|20
|
|t:|1779700741
|switch|p1a: Raging Bolt|Raging Bolt|100/100
|-damage|p1a: Raging Bolt|88/100|[from] Spikes
|move|p2a: Alomomola|Wish|p2a: Alomomola
|
|upkeep
|turn|21
|
|t:|1779700748
|switch|p2a: Slowking|Slowking-Galar, M|100/100
|move|p1a: Raging Bolt|Draco Meteor|p2a: Slowking|[miss]
|-miss|p1a: Raging Bolt|p2a: Slowking
|
|upkeep
|turn|22
|
|t:|1779700756
|move|p1a: Raging Bolt|Draco Meteor|p2a: Slowking
|-damage|p2a: Slowking|43/100
|-unboost|p1a: Raging Bolt|spa|2
|-prepare|p2a: Slowking|Chilly Reception|[premajor]
|move|p2a: Slowking|Chilly Reception|p2a: Slowking
|-weather|Snowscape
|
|t:|1779700765
|switch|p2a: Great Tusk|Great Tusk|100/100|[from] Chilly Reception
|
|-weather|Snowscape|[upkeep]
|upkeep
|turn|23
|
|t:|1779700770
|-end|p1a: Raging Bolt|Protosynthesis|[silent]
|switch|p1a: Corviknight|Corviknight, F, shiny|100/100
|-ability|p1a: Corviknight|Pressure
|move|p2a: Great Tusk|Stealth Rock|p1a: Corviknight
|-sidestart|p1: Sensei Oykas|move: Stealth Rock
|
|-weather|Snowscape|[upkeep]
|upkeep
|turn|24
|
|t:|1779700777
|-end|p2a: Great Tusk|Protosynthesis|[silent]
|switch|p2a: Zapdos|Zapdos-Galar|84/100
|-damage|p2a: Zapdos|72/100|[from] Stealth Rock
|move|p1a: Corviknight|Brave Bird|p2a: Zapdos
|-supereffective|p2a: Zapdos
|-damage|p2a: Zapdos|0 fnt
|faint|p2a: Zapdos
|-damage|p1a: Corviknight|82/100|[from] Recoil
|
|-weather|Snowscape|[upkeep]
|upkeep
|
|t:|1779700789
|switch|p2a: Slowking|Slowking-Galar, M|76/100
|turn|25
|
|t:|1779700792
|switch|p1a: Heatran|Heatran, F|84/100 par
|-damage|p1a: Heatran|72/100 par|[from] Spikes
|-damage|p1a: Heatran|60/100 par|[from] Stealth Rock
|move|p2a: Slowking|Future Sight|p1a: Heatran
|-start|p2a: Slowking|move: Future Sight
|
|-weather|Snowscape|[upkeep]
|-heal|p1a: Heatran|66/100 par|[from] item: Leftovers
|upkeep
|turn|26
|
|t:|1779700801
|move|p1a: Heatran|Lava Plume|p2a: Slowking
|-damage|p2a: Slowking|57/100
|-prepare|p2a: Slowking|Chilly Reception|[premajor]
|move|p2a: Slowking|Chilly Reception|p2a: Slowking
|
|t:|1779700812
|switch|p2a: Great Tusk|Great Tusk|100/100|[from] Chilly Reception
|
|-weather|none
|-heal|p1a: Heatran|72/100 par|[from] item: Leftovers
|upkeep
|turn|27
|
|t:|1779700818
|switch|p1a: Corviknight|Corviknight, F, shiny|82/100
|-damage|p1a: Corviknight|69/100|[from] Stealth Rock
|-ability|p1a: Corviknight|Pressure
|move|p2a: Great Tusk|Rapid Spin|p1a: Corviknight
|-resisted|p1a: Corviknight
|-damage|p1a: Corviknight|64/100
|-boost|p2a: Great Tusk|spe|1
|-sideend|p2: Mortifi|Stealth Rock|[from] move: Rapid Spin|[of] p2a: Great Tusk
|
|-end|p1a: Corviknight|move: Future Sight
|-resisted|p1a: Corviknight
|-damage|p1a: Corviknight|44/100
|upkeep
|turn|28
|
|t:|1779700832
|-end|p2a: Great Tusk|Protosynthesis|[silent]
|switch|p2a: Slowking|Slowking-Galar, M|90/100
|move|p1a: Corviknight|Roost|p1a: Corviknight
|-heal|p1a: Corviknight|94/100
|-singleturn|p1a: Corviknight|move: Roost
|
|upkeep
|turn|29
|
|t:|1779700839
|move|p1a: Corviknight|Defog|p2a: Slowking
|-unboost|p2a: Slowking|evasion|1
|-sideend|p1: Sensei Oykas|Spikes|[from] move: Defog|[of] p1a: Corviknight
|-sideend|p1: Sensei Oykas|Stealth Rock|[from] move: Defog|[of] p1a: Corviknight
|move|p2a: Slowking|Future Sight|p1a: Corviknight
|-start|p2a: Slowking|move: Future Sight
|
|upkeep
|turn|30
|
|t:|1779700846
|move|p1a: Corviknight|U-turn|p2a: Slowking
|-damage|p2a: Slowking|74/100
|
|t:|1779700848
|switch|p1a: Heatran|Heatran, F|72/100 par|[from] U-turn
|-prepare|p2a: Slowking|Chilly Reception|[premajor]
|move|p2a: Slowking|Chilly Reception|p2a: Slowking
|-weather|Snowscape
|
|t:|1779700858
|switch|p2a: Alomomola|Alomomola, M|100/100|[from] Chilly Reception
|
|-weather|Snowscape|[upkeep]
|-heal|p1a: Heatran|78/100 par|[from] item: Leftovers
|upkeep
|turn|31
|
|t:|1779700863
|switch|p1a: Meowscarada|Meowscarada, F, shiny|84/100
|move|p2a: Alomomola|Wish|p2a: Alomomola
|
|-weather|Snowscape|[upkeep]
|-end|p1a: Meowscarada|move: Future Sight
|-immune|p1a: Meowscarada
|upkeep
|turn|32
|
|t:|1779700871
|switch|p2a: Skarmory|Skarmory, F|73/100
|move|p1a: Meowscarada|Knock Off|p2a: Skarmory
|-start|p1a: Meowscarada|typechange|Dark|[from] ability: Protean
|-damage|p2a: Skarmory|57/100
|
|-weather|Snowscape|[upkeep]
|-heal|p2a: Skarmory|100/100|[from] move: Wish|[wisher] Alomomola
|upkeep
|turn|33
|
|t:|1779700880
|switch|p1a: Raging Bolt|Raging Bolt|88/100
|move|p2a: Skarmory|Spikes|p1a: Raging Bolt
|-sidestart|p1: Sensei Oykas|Spikes
|
|-weather|Snowscape|[upkeep]
|upkeep
|turn|34
|
|t:|1779700886
|switch|p2a: Slowking|Slowking-Galar, M|100/100
|move|p1a: Raging Bolt|Draco Meteor|p2a: Slowking
|-damage|p2a: Slowking|33/100
|-unboost|p1a: Raging Bolt|spa|2
|
|-weather|none
|upkeep
|turn|35
|
|t:|1779700894
|switch|p2a: Alomomola|Alomomola, M|100/100
|move|p1a: Raging Bolt|Draco Meteor|p2a: Alomomola
|-damage|p2a: Alomomola|55/100
|-unboost|p1a: Raging Bolt|spa|2
|
|upkeep
|turn|36
|
|t:|1779700902
|-end|p1a: Raging Bolt|Protosynthesis|[silent]
|switch|p1a: Iron Valiant|Iron Valiant, shiny|88/100
|-damage|p1a: Iron Valiant|76/100|[from] Spikes
|move|p2a: Alomomola|Flip Turn|p1a: Iron Valiant
|-damage|p1a: Iron Valiant|53/100
|
|t:|1779700908
|switch|p2a: Weavile|Weavile, F|59/100|[from] Flip Turn
|-ability|p2a: Weavile|Pressure
|
|upkeep
|turn|37
|
|t:|1779700914
|-end|p1a: Iron Valiant|Quark Drive|[silent]
|switch|p1a: Corviknight|Corviknight, F, shiny|94/100
|-ability|p1a: Corviknight|Pressure
|move|p2a: Weavile|Ice Spinner|p1a: Corviknight
|-damage|p1a: Corviknight|57/100
|
|upkeep
|turn|38
|
|t:|1779700923
|switch|p2a: Alomomola|Alomomola, M|88/100
|move|p1a: Corviknight|Roost|p1a: Corviknight
|-heal|p1a: Corviknight|100/100
|-singleturn|p1a: Corviknight|move: Roost
|
|upkeep
|turn|39
|
|t:|1779700930
|move|p1a: Corviknight|Defog|p2a: Alomomola
|-unboost|p2a: Alomomola|evasion|1
|-sideend|p1: Sensei Oykas|Spikes|[from] move: Defog|[of] p1a: Corviknight
|move|p2a: Alomomola|Wish|p2a: Alomomola
|
|upkeep
|turn|40
|
|t:|1779700940
|switch|p1a: Meowscarada|Meowscarada, F, shiny|84/100
|move|p2a: Alomomola|Flip Turn|p1a: Meowscarada
|-resisted|p1a: Meowscarada
|-damage|p1a: Meowscarada|72/100
|
|t:|1779700947
|switch|p2a: Weavile|Weavile, F|59/100|[from] Flip Turn
|-ability|p2a: Weavile|Pressure
|
|-heal|p2a: Weavile|100/100|[from] move: Wish|[wisher] Alomomola
|upkeep
|turn|41
|
|t:|1779700955
|switch|p1a: Heatran|Heatran, F|78/100 par
|move|p2a: Weavile|Ice Shard|p1a: Heatran
|-resisted|p1a: Heatran
|-damage|p1a: Heatran|72/100 par
|
|-heal|p1a: Heatran|78/100 par|[from] item: Leftovers
|upkeep
|turn|42
|
|t:|1779700963
|switch|p2a: Alomomola|Alomomola, M|100/100
|move|p1a: Heatran|Protect||[still]
|-fail|p1a: Heatran
|
|-heal|p1a: Heatran|85/100 par|[from] item: Leftovers
|upkeep
|turn|43
|
|t:|1779700971
|move|p2a: Alomomola|Flip Turn|p1a: Heatran
|-supereffective|p1a: Heatran
|-damage|p1a: Heatran|56/100 par
|
|t:|1779700975
|switch|p2a: Slowking|Slowking-Galar, M|67/100|[from] Flip Turn
|move|p1a: Heatran|Stealth Rock|p2a: Slowking
|-sidestart|p2: Mortifi|move: Stealth Rock
|
|-heal|p1a: Heatran|62/100 par|[from] item: Leftovers
|upkeep
|turn|44
|
|t:|1779700981
|move|p1a: Heatran|Earth Power|p2a: Slowking
|-supereffective|p2a: Slowking
|-damage|p2a: Slowking|37/100
|move|p2a: Slowking|Future Sight|p1a: Heatran
|-start|p2a: Slowking|move: Future Sight
|
|-heal|p1a: Heatran|69/100 par|[from] item: Leftovers
|upkeep
|turn|45
|
|t:|1779700988
|switch|p2a: Alomomola|Alomomola, M|100/100
|-damage|p2a: Alomomola|88/100|[from] Stealth Rock
|cant|p1a: Heatran|par
|
|-heal|p1a: Heatran|75/100 par|[from] item: Leftovers
|upkeep
|turn|46
|
|t:|1779700996
|switch|p1a: Meowscarada|Meowscarada, F, shiny|72/100
|move|p2a: Alomomola|Flip Turn|p1a: Meowscarada
|-resisted|p1a: Meowscarada
|-damage|p1a: Meowscarada|60/100
|
|t:|1779701002
|switch|p2a: Skarmory|Skarmory, F|100/100|[from] Flip Turn
|-damage|p2a: Skarmory|88/100|[from] Stealth Rock
|
|-end|p1a: Meowscarada|move: Future Sight
|-immune|p1a: Meowscarada
|upkeep
|turn|47
|
|t:|1779701010
|move|p1a: Meowscarada|U-turn|p2a: Skarmory
|-start|p1a: Meowscarada|typechange|Bug|[from] ability: Protean
|-resisted|p2a: Skarmory
|-damage|p2a: Skarmory|84/100
|
|t:|1779701011
|switch|p1a: Raging Bolt|Raging Bolt|88/100|[from] U-turn
|move|p2a: Skarmory|Spikes|p1a: Raging Bolt
|-sidestart|p1: Sensei Oykas|Spikes
|
|upkeep
|turn|48
|
|t:|1779701022
|switch|p2a: Slowking|Slowking-Galar, M|71/100
|move|p1a: Raging Bolt|Volt Switch|p2a: Slowking
|-damage|p2a: Slowking|38/100
|
|t:|1779701031
|-end|p1a: Raging Bolt|Protosynthesis|[silent]
|switch|p1a: Meowscarada|Meowscarada, F, shiny|60/100|[from] Volt Switch
|-damage|p1a: Meowscarada|48/100|[from] Spikes
|
|upkeep
|turn|49
|
|t:|1779701037
|switch|p2a: Skarmory|Skarmory, F|84/100
|-damage|p2a: Skarmory|71/100|[from] Stealth Rock
|move|p1a: Meowscarada|U-turn|p2a: Skarmory
|-start|p1a: Meowscarada|typechange|Bug|[from] ability: Protean
|-resisted|p2a: Skarmory
|-damage|p2a: Skarmory|67/100
|
|t:|1779701039
|switch|p1a: Raging Bolt|Raging Bolt|88/100|[from] U-turn
|-damage|p1a: Raging Bolt|76/100|[from] Spikes
|
|upkeep
|turn|50
|
|t:|1779701048
|switch|p2a: Slowking|Slowking-Galar, M|72/100
|move|p1a: Raging Bolt|Draco Meteor|p2a: Slowking
|-damage|p2a: Slowking|14/100
|-unboost|p1a: Raging Bolt|spa|2
|
|upkeep
|turn|51
|
|t:|1779701056
|switch|p2a: Alomomola|Alomomola, M|100/100
|-damage|p2a: Alomomola|88/100|[from] Stealth Rock
|move|p1a: Raging Bolt|Draco Meteor|p2a: Alomomola
|-damage|p2a: Alomomola|41/100
|-unboost|p1a: Raging Bolt|spa|2
|
|upkeep
|turn|52
|
|t:|1779701065
|-end|p1a: Raging Bolt|Protosynthesis|[silent]
|switch|p1a: Corviknight|Corviknight, F, shiny|100/100
|-ability|p1a: Corviknight|Pressure
|move|p2a: Alomomola|Wish|p2a: Alomomola
|
|upkeep
|turn|53
|
|t:|1779701071
|move|p1a: Corviknight|Brave Bird|p2a: Alomomola
|-damage|p2a: Alomomola|19/100
|-damage|p1a: Corviknight|92/100|[from] Recoil
|move|p2a: Alomomola|Flip Turn|p1a: Corviknight
|-damage|p1a: Corviknight|82/100
|
|t:|1779701078
|switch|p2a: Slowking|Slowking-Galar, M|47/100|[from] Flip Turn
|
|-heal|p2a: Slowking|100/100|[from] move: Wish|[wisher] Alomomola
|upkeep
|turn|54
|
|t:|1779701085
|move|p1a: Corviknight|Brave Bird|p2a: Slowking
|-damage|p2a: Slowking|62/100
|-damage|p1a: Corviknight|69/100|[from] Recoil
|move|p2a: Slowking|Future Sight|p1a: Corviknight
|-start|p2a: Slowking|move: Future Sight
|
|upkeep
|turn|55
|
|t:|1779701097
|move|p1a: Corviknight|Brave Bird|p2a: Slowking
|-damage|p2a: Slowking|22/100
|-damage|p1a: Corviknight|56/100|[from] Recoil
|-prepare|p2a: Slowking|Chilly Reception|[premajor]
|move|p2a: Slowking|Chilly Reception|p2a: Slowking
|-weather|Snowscape
|
|t:|1779701103
|switch|p2a: Alomomola|Alomomola, M|52/100|[from] Chilly Reception
|-damage|p2a: Alomomola|40/100|[from] Stealth Rock
|
|-weather|Snowscape|[upkeep]
|upkeep
|turn|56
|
|t:|1779701108
|move|p1a: Corviknight|Brave Bird|p2a: Alomomola
|-damage|p2a: Alomomola|16/100
|-damage|p1a: Corviknight|47/100|[from] Recoil
|move|p2a: Alomomola|Wish|p2a: Alomomola
|
|-weather|Snowscape|[upkeep]
|-end|p1a: Corviknight|move: Future Sight
|-resisted|p1a: Corviknight
|-damage|p1a: Corviknight|25/100
|upkeep
|turn|57
|
|t:|1779701116
|move|p2a: Alomomola|Protect|p2a: Alomomola
|-singleturn|p2a: Alomomola|Protect
|move|p1a: Corviknight|Roost|p1a: Corviknight
|-heal|p1a: Corviknight|75/100
|-singleturn|p1a: Corviknight|move: Roost
|
|-weather|Snowscape|[upkeep]
|-heal|p2a: Alomomola|66/100|[from] move: Wish|[wisher] Alomomola
|upkeep
|turn|58
|
|t:|1779701129
|switch|p1a: Slowking|Slowking-Galar, F|100/100
|move|p2a: Alomomola|Wish|p2a: Alomomola
|
|-weather|Snowscape|[upkeep]
|upkeep
|turn|59
|
|t:|1779701135
|switch|p2a: Slowking|Slowking-Galar, M|55/100
|-prepare|p1a: Slowking|Chilly Reception|[premajor]
|move|p1a: Slowking|Chilly Reception|p1a: Slowking
|
|t:|1779701139
|switch|p1a: Iron Valiant|Iron Valiant, shiny|53/100|[from] Chilly Reception
|-damage|p1a: Iron Valiant|41/100|[from] Spikes
|
|-weather|none
|-heal|p2a: Slowking|100/100|[from] move: Wish|[wisher] Alomomola
|upkeep
|turn|60
|
|t:|1779701146
|switch|p2a: Alomomola|Alomomola, M|99/100
|-damage|p2a: Alomomola|87/100|[from] Stealth Rock
|-terastallize|p1a: Iron Valiant|Dark
|move|p1a: Iron Valiant|Knock Off|p2a: Alomomola
|-damage|p2a: Alomomola|66/100
|
|upkeep
|turn|61
|
|t:|1779701155
|move|p1a: Iron Valiant|Moonblast|p2a: Alomomola
|-damage|p2a: Alomomola|31/100
|-unboost|p2a: Alomomola|spa|1
|move|p2a: Alomomola|Flip Turn|p1a: Iron Valiant
|-damage|p1a: Iron Valiant|19/100
|
|t:|1779701165
|switch|p2a: Weavile|Weavile, F|100/100|[from] Flip Turn
|-damage|p2a: Weavile|76/100|[from] Stealth Rock
|-ability|p2a: Weavile|Pressure
|
|upkeep
|turn|62
|
|t:|1779701172
|-end|p1a: Iron Valiant|Quark Drive|[silent]
|switch|p1a: Heatran|Heatran, F|75/100 par
|-damage|p1a: Heatran|62/100 par|[from] Spikes
|move|p2a: Weavile|Ice Spinner|p1a: Heatran
|-resisted|p1a: Heatran
|-damage|p1a: Heatran|49/100 par
|
|-heal|p1a: Heatran|56/100 par|[from] item: Leftovers
|upkeep
|turn|63
|
|t:|1779701190
|switch|p2a: Alomomola|Alomomola, M|64/100
|-damage|p2a: Alomomola|52/100|[from] Stealth Rock
|switch|p1a: Raging Bolt|Raging Bolt|76/100
|-damage|p1a: Raging Bolt|64/100|[from] Spikes
|
|upkeep
|turn|64
|
|t:|1779701197
|switch|p2a: Slowking|Slowking-Galar, M|100/100
|move|p1a: Raging Bolt|Thunderbolt|p2a: Slowking
|-damage|p2a: Slowking|56/100
|
|upkeep
|turn|65
|
|t:|1779701203
|switch|p2a: Great Tusk|Great Tusk|100/100
|move|p1a: Raging Bolt|Thunderbolt|p2a: Great Tusk
|-immune|p2a: Great Tusk
|
|upkeep
|turn|66
|
|t:|1779701210
|-end|p1a: Raging Bolt|Protosynthesis|[silent]
|switch|p1a: Corviknight|Corviknight, F, shiny|75/100
|-ability|p1a: Corviknight|Pressure
|move|p2a: Great Tusk|Stealth Rock|p1a: Corviknight
|-sidestart|p1: Sensei Oykas|move: Stealth Rock
|
|upkeep
|turn|67
|
|t:|1779701217
|-end|p2a: Great Tusk|Protosynthesis|[silent]
|switch|p2a: Alomomola|Alomomola, M|85/100
|-damage|p2a: Alomomola|73/100|[from] Stealth Rock
|move|p1a: Corviknight|Defog|p2a: Alomomola
|-unboost|p2a: Alomomola|evasion|1
|-sideend|p2: Mortifi|Stealth Rock|[from] move: Defog|[of] p1a: Corviknight
|-sideend|p1: Sensei Oykas|Spikes|[from] move: Defog|[of] p1a: Corviknight
|-sideend|p1: Sensei Oykas|Stealth Rock|[from] move: Defog|[of] p1a: Corviknight
|
|upkeep
|turn|68
|
|t:|1779701226
|switch|p1a: Raging Bolt|Raging Bolt|64/100
|move|p2a: Alomomola|Flip Turn|p1a: Raging Bolt
|-resisted|p1a: Raging Bolt
|-damage|p1a: Raging Bolt|56/100
|
|t:|1779701235
|switch|p2a: Slowking|Slowking-Galar, M|89/100|[from] Flip Turn
|
|upkeep
|turn|69
|
|t:|1779701245
|move|p1a: Raging Bolt|Volt Switch|p2a: Slowking
|-damage|p2a: Slowking|55/100
|
|t:|1779701246
|-end|p1a: Raging Bolt|Protosynthesis|[silent]
|switch|p1a: Heatran|Heatran, F|56/100 par|[from] Volt Switch
|move|p2a: Slowking|Future Sight|p1a: Heatran
|-start|p2a: Slowking|move: Future Sight
|
|-heal|p1a: Heatran|62/100 par|[from] item: Leftovers
|upkeep
|turn|70
|
|t:|1779701255
|switch|p2a: Alomomola|Alomomola, M|100/100
|move|p1a: Heatran|Stealth Rock|p2a: Alomomola
|-sidestart|p2: Mortifi|move: Stealth Rock
|
|-heal|p1a: Heatran|68/100 par|[from] item: Leftovers
|upkeep
|turn|71
|
|t:|1779701262
|cant|p1a: Heatran|par
|move|p2a: Alomomola|Flip Turn|p1a: Heatran
|-supereffective|p1a: Heatran
|-damage|p1a: Heatran|43/100 par
|
|t:|1779701270
|switch|p2a: Slowking|Slowking-Galar, M|88/100|[from] Flip Turn
|
|-end|p1a: Heatran|move: Future Sight
|-resisted|p1a: Heatran
|-damage|p1a: Heatran|30/100 par
|-heal|p1a: Heatran|37/100 par|[from] item: Leftovers
|upkeep
|turn|72
|
|t:|1779701277
|move|p1a: Heatran|Earth Power|p2a: Slowking
|-supereffective|p2a: Slowking
|-damage|p2a: Slowking|56/100
|move|p2a: Slowking|Future Sight|p1a: Heatran
|-start|p2a: Slowking|move: Future Sight
|
|-heal|p1a: Heatran|43/100 par|[from] item: Leftovers
|upkeep
|turn|73
|
|t:|1779701284
|switch|p2a: Alomomola|Alomomola, M|100/100
|-damage|p2a: Alomomola|88/100|[from] Stealth Rock
|move|p1a: Heatran|Earth Power|p2a: Alomomola
|-damage|p2a: Alomomola|66/100
|
|-heal|p1a: Heatran|49/100 par|[from] item: Leftovers
|upkeep
|turn|74
|
|t:|1779701294
|switch|p1a: Corviknight|Corviknight, F, shiny|75/100
|-ability|p1a: Corviknight|Pressure
|move|p2a: Alomomola|Flip Turn|p1a: Corviknight
|-crit|p1a: Corviknight
|-damage|p1a: Corviknight|60/100
|
|t:|1779701300
|switch|p2a: Skarmory|Skarmory, F|67/100|[from] Flip Turn
|-damage|p2a: Skarmory|54/100|[from] Stealth Rock
|
|-end|p1a: Corviknight|move: Future Sight
|-resisted|p1a: Corviknight
|-damage|p1a: Corviknight|39/100
|upkeep
|turn|75
|
|t:|1779701307
|switch|p1a: Raging Bolt|Raging Bolt|56/100
|move|p2a: Skarmory|Roost|p2a: Skarmory
|-heal|p2a: Skarmory|100/100
|-singleturn|p2a: Skarmory|move: Roost
|
|upkeep
|turn|76
|
|t:|1779701315
|switch|p2a: Slowking|Slowking-Galar, M|89/100
|move|p1a: Raging Bolt|Volt Switch|p2a: Slowking
|-damage|p2a: Slowking|55/100
|
|t:|1779701319
|-end|p1a: Raging Bolt|Protosynthesis|[silent]
|switch|p1a: Meowscarada|Meowscarada, F, shiny|48/100|[from] Volt Switch
|
|upkeep
|turn|77
|
|t:|1779701323
|switch|p2a: Skarmory|Skarmory, F|100/100
|-damage|p2a: Skarmory|88/100|[from] Stealth Rock
|move|p1a: Meowscarada|U-turn|p2a: Skarmory
|-start|p1a: Meowscarada|typechange|Bug|[from] ability: Protean
|-resisted|p2a: Skarmory
|-damage|p2a: Skarmory|83/100
|
|t:|1779701326
|switch|p1a: Raging Bolt|Raging Bolt|56/100|[from] U-turn
|
|upkeep
|turn|78
|
|t:|1779701334
|switch|p2a: Slowking|Slowking-Galar, M|88/100
|move|p1a: Raging Bolt|Volt Switch|p2a: Slowking
|-damage|p2a: Slowking|53/100
|
|t:|1779701337
|-end|p1a: Raging Bolt|Protosynthesis|[silent]
|switch|p1a: Iron Valiant|Iron Valiant, shiny, tera:Dark|19/100|[from] Volt Switch
|
|upkeep
|turn|79
|
|t:|1779701342
|switch|p2a: Alomomola|Alomomola, M|99/100
|-damage|p2a: Alomomola|87/100|[from] Stealth Rock
|move|p1a: Iron Valiant|Close Combat|p2a: Alomomola
|-damage|p2a: Alomomola|51/100
|-unboost|p1a: Iron Valiant|def|1
|-unboost|p1a: Iron Valiant|spd|1
|
|upkeep
|turn|80
|
|t:|1779701351
|-end|p1a: Iron Valiant|Quark Drive|[silent]
|switch|p1a: Slowking|Slowking-Galar, F|100/100
|move|p2a: Alomomola|Flip Turn|p1a: Slowking
|-damage|p1a: Slowking|84/100
|
|t:|1779701357
|switch|p2a: Great Tusk|Great Tusk|100/100|[from] Flip Turn
|
|upkeep
|turn|81
|
|t:|1779701361
|move|p2a: Great Tusk|Stealth Rock|p1a: Slowking
|-sidestart|p1: Sensei Oykas|move: Stealth Rock
|move|p1a: Slowking|Psychic Noise|p2a: Great Tusk
|-supereffective|p2a: Great Tusk
|-damage|p2a: Great Tusk|13/100
|-start|p2a: Great Tusk|move: Heal Block
|
|upkeep
|turn|82
|
|t:|1779701368
|-end|p2a: Great Tusk|Protosynthesis|[silent]
|switch|p2a: Alomomola|Alomomola, M|84/100
|-damage|p2a: Alomomola|72/100|[from] Stealth Rock
|switch|p1a: Corviknight|Corviknight, F, shiny|39/100
|-damage|p1a: Corviknight|26/100|[from] Stealth Rock
|-ability|p1a: Corviknight|Pressure
|
|upkeep
|turn|83
|
|t:|1779701387
|move|p1a: Corviknight|Roost|p1a: Corviknight
|-heal|p1a: Corviknight|76/100
|-singleturn|p1a: Corviknight|move: Roost
|move|p2a: Alomomola|Wish|p2a: Alomomola
|
|upkeep
|turn|84
|
|t:|1779701393
|move|p1a: Corviknight|Brave Bird|p2a: Alomomola
|-damage|p2a: Alomomola|51/100
|-damage|p1a: Corviknight|68/100|[from] Recoil
|move|p2a: Alomomola|Flip Turn|p1a: Corviknight
|-damage|p1a: Corviknight|58/100
|
|t:|1779701400
|switch|p2a: Great Tusk|Great Tusk|13/100|[from] Flip Turn
|
|-heal|p2a: Great Tusk|76/100|[from] move: Wish|[wisher] Alomomola
|upkeep
|turn|85
|
|t:|1779701407
|-end|p2a: Great Tusk|Protosynthesis|[silent]
|switch|p2a: Alomomola|Alomomola, M|85/100
|-damage|p2a: Alomomola|72/100|[from] Stealth Rock
|move|p1a: Corviknight|Brave Bird|p2a: Alomomola
|-damage|p2a: Alomomola|51/100
|-damage|p1a: Corviknight|50/100|[from] Recoil
|
|upkeep
|turn|86
|-message|Sensei Oykas forfeited.
|
|win|Mortifi
|raw|Sensei Oykas's rating: 1497 &rarr; <strong>1479</strong><br />(-18 for losing)
|raw|Mortifi's rating: 1539 &rarr; <strong>1557</strong><br />(+18 for winning)
|l|☆Sensei Oykas
|player|p1|
