|j|☆MoondropSoulHeart
|j|☆carp simpson
|t:|1779578912
|gametype|singles
|player|p1|MoondropSoulHeart|giovanni|1127
|player|p2|carp simpson|petrel|1163
|gen|9
|tier|[Gen 9] OU
|rated|
|rule|HP Percentage Mod: HP is shown in percentages
|rule|Endless Battle Clause: Forcing endless battles is banned
|rule|Species Clause: Limit one of each Pokémon
|rule|OHKO Clause: OHKO moves are banned
|rule|Evasion Items Clause: Evasion items are banned
|rule|Evasion Moves Clause: Evasion moves are banned
|rule|Evasion Abilities Clause: Evasion abilities are banned
|rule|Sleep Moves Clause: Sleep-inducing moves are banned
|clearpoke
|poke|p1|Greedent, M|
|poke|p1|Ceruledge, M|
|poke|p1|Poliwrath, M|
|poke|p1|Reuniclus, M|
|poke|p1|Regice|
|poke|p1|Iron Jugulis|
|poke|p2|Indeedee, M|
|poke|p2|Blaziken, M|
|poke|p2|Tyranitar, M|
|poke|p2|Iron Crown|
|poke|p2|Deoxys-Speed|
|poke|p2|Enamorus, F|
|teampreview
|inactive|Battle timer is ON: inactive players will automatically lose when time's up. (requested by carp simpson)
|
|t:|1779578939
|teamsize|p1|6
|teamsize|p2|6
|start
|switch|p1a: Greedent|Greedent, M|100/100
|switch|p2a: Enamorus|Enamorus, F|100/100
|turn|1
|
|t:|1779578957
|move|p2a: Enamorus|Superpower|p1a: Greedent
|-supereffective|p1a: Greedent
|-damage|p1a: Greedent|51/100
|-boost|p2a: Enamorus|atk|1
|-boost|p2a: Enamorus|def|1
|move|p1a: Greedent|Body Slam|p2a: Enamorus
|-damage|p2a: Enamorus|63/100
|
|-heal|p2a: Enamorus|69/100|[from] item: Leftovers
|upkeep
|turn|2
|
|t:|1779578970
|switch|p1a: Ceruledge|Ceruledge, M|100/100
|move|p2a: Enamorus|Play Rough|p1a: Ceruledge
|-resisted|p1a: Ceruledge
|-damage|p1a: Ceruledge|61/100
|-ability|p1a: Ceruledge|Weak Armor|boost
|-unboost|p1a: Ceruledge|def|1
|-boost|p1a: Ceruledge|spe|2
|
|-heal|p2a: Enamorus|76/100|[from] item: Leftovers
|upkeep
|turn|3
|
|t:|1779578976
|move|p1a: Ceruledge|Bitter Blade|p2a: Enamorus
|-damage|p2a: Enamorus|0 fnt
|-heal|p1a: Ceruledge|94/100|[from] drain|[of] p2a: Enamorus
|faint|p2a: Enamorus
|
|upkeep
|
|t:|1779578982
|switch|p2a: Tyranitar|Tyranitar, M|100/100
|-weather|Sandstorm|[from] ability: Sand Stream|[of] p2a: Tyranitar
|-item|p2a: Tyranitar|Air Balloon
|turn|4
|
|t:|1779578989
|switch|p1a: Greedent|Greedent, M|51/100
|move|p2a: Tyranitar|Dragon Tail|p1a: Greedent
|-damage|p1a: Greedent|39/100
|-enditem|p1a: Greedent|Sitrus Berry|[eat]
|-heal|p1a: Greedent|64/100|[from] item: Sitrus Berry
|-heal|p1a: Greedent|97/100|[from] ability: Cheek Pouch
|drag|p1a: Poliwrath|Poliwrath, M|100/100
|
|-weather|Sandstorm|[upkeep]
|-damage|p1a: Poliwrath|94/100|[from] Sandstorm
|upkeep
|turn|5
|
|t:|1779579007
|-terastallize|p2a: Tyranitar|Ghost
|move|p1a: Poliwrath|Rain Dance|p1a: Poliwrath
|-weather|RainDance
|move|p2a: Tyranitar|Stealth Rock|p1a: Poliwrath
|-sidestart|p1: MoondropSoulHeart|move: Stealth Rock
|
|-weather|RainDance|[upkeep]
|upkeep
|turn|6
|
|t:|1779579027
|move|p1a: Poliwrath|Liquidation|p2a: Tyranitar
|-damage|p2a: Tyranitar|65/100
|-enditem|p2a: Tyranitar|Air Balloon
|move|p2a: Tyranitar|Dragon Tail|p1a: Poliwrath
|-damage|p1a: Poliwrath|75/100
|drag|p1a: Iron Jugulis|Iron Jugulis|100/100
|-damage|p1a: Iron Jugulis|76/100|[from] Stealth Rock
|-enditem|p1a: Iron Jugulis|Booster Energy
|-activate|p1a: Iron Jugulis|ability: Quark Drive|[fromitem]
|-start|p1a: Iron Jugulis|quarkdrivespe
|
|-weather|RainDance|[upkeep]
|upkeep
|turn|7
|
|t:|1779579038
|move|p1a: Iron Jugulis|Dark Pulse|p2a: Tyranitar
|-supereffective|p2a: Tyranitar
|-damage|p2a: Tyranitar|0 fnt
|faint|p2a: Tyranitar
|
|-weather|RainDance|[upkeep]
|upkeep
|
|t:|1779579050
|switch|p2a: Blaziken|Blaziken, M|100/100
|-item|p2a: Blaziken|Air Balloon
|turn|8
|
|t:|1779579070
|switch|p2a: Iron Crown|Iron Crown|100/100
|move|p1a: Iron Jugulis|Air Slash|p2a: Iron Crown
|-resisted|p2a: Iron Crown
|-damage|p2a: Iron Crown|92/100
|
|-weather|RainDance|[upkeep]
|upkeep
|turn|9
|
|t:|1779579080
|move|p1a: Iron Jugulis|Dark Pulse|p2a: Iron Crown
|-supereffective|p2a: Iron Crown
|-damage|p2a: Iron Crown|51/100
|move|p2a: Iron Crown|Volt Switch|p1a: Iron Jugulis
|-supereffective|p1a: Iron Jugulis
|-damage|p1a: Iron Jugulis|10/100
|
|t:|1779579085
|-end|p2a: Iron Crown|Quark Drive|[silent]
|switch|p2a: Indeedee|Indeedee, M|100/100|[from] Volt Switch
|-fieldstart|move: Psychic Terrain|[from] ability: Psychic Surge|[of] p2a: Indeedee
|
|-weather|none
|upkeep
|turn|10
|
|t:|1779579093
|move|p1a: Iron Jugulis|Dark Pulse|p2a: Indeedee
|-supereffective|p2a: Indeedee
|-damage|p2a: Indeedee|0 fnt
|faint|p2a: Indeedee
|
|upkeep
|
|t:|1779579110
|switch|p2a: Blaziken|Blaziken, M|100/100
|-item|p2a: Blaziken|Air Balloon
|turn|11
|
|t:|1779579118
|move|p1a: Iron Jugulis|Air Slash|p2a: Blaziken
|-supereffective|p2a: Blaziken
|-damage|p2a: Blaziken|0 fnt
|-enditem|p2a: Blaziken|Air Balloon
|faint|p2a: Blaziken
|
|upkeep
|
|t:|1779579121
|switch|p2a: Iron Crown|Iron Crown|51/100
|turn|12
|
|t:|1779579139
|move|p1a: Iron Jugulis|Dark Pulse|p2a: Iron Crown
|-supereffective|p2a: Iron Crown
|-damage|p2a: Iron Crown|11/100
|move|p2a: Iron Crown|Volt Switch|p1a: Iron Jugulis
|-supereffective|p1a: Iron Jugulis
|-damage|p1a: Iron Jugulis|0 fnt
|faint|p1a: Iron Jugulis
|-end|p1a: Iron Jugulis|Quark Drive|[silent]
|
|t:|1779579147
|-end|p2a: Iron Crown|Quark Drive|[silent]
|switch|p2a: Deoxys|Deoxys-Speed|100/100|[from] Volt Switch
|-ability|p2a: Deoxys|Pressure
|
|upkeep
|
|t:|1779579150
|switch|p1a: Reuniclus|Reuniclus, M|100/100
|turn|13
|
|t:|1779579155
|move|p2a: Deoxys|Trick|p1a: Reuniclus
|-activate|p2a: Deoxys|move: Trick|[of] p1a: Reuniclus
|-item|p1a: Reuniclus|Choice Specs|[from] move: Trick
|-item|p2a: Deoxys|Life Orb|[from] move: Trick
|move|p1a: Reuniclus|Trick Room|p1a: Reuniclus
|-fieldstart|move: Trick Room|[of] p1a: Reuniclus
|
|-fieldend|move: Psychic Terrain
|upkeep
|turn|14
|
|t:|1779579172
|switch|p1a: Regice|Regice|100/100
|-damage|p1a: Regice|76/100|[from] Stealth Rock
|move|p2a: Deoxys|Expanding Force|p1a: Regice
|-damage|p1a: Regice|52/100
|-damage|p2a: Deoxys|91/100|[from] item: Life Orb
|
|upkeep
|turn|15
|
|t:|1779579194
|move|p1a: Regice|Ice Beam|p2a: Deoxys
|-damage|p2a: Deoxys|21/100
|move|p2a: Deoxys|Focus Blast|p1a: Regice|[miss]
|-miss|p2a: Deoxys|p1a: Regice
|
|upkeep
|turn|16
|
|t:|1779579203
|move|p1a: Regice|Ice Beam|p2a: Deoxys
|-damage|p2a: Deoxys|0 fnt
|faint|p2a: Deoxys
|
|upkeep
|
|t:|1779579207
|switch|p2a: Iron Crown|Iron Crown|11/100
|turn|17
|
|t:|1779579212
|move|p1a: Regice|Ice Beam|p2a: Iron Crown
|-resisted|p2a: Iron Crown
|-damage|p2a: Iron Crown|0 fnt
|faint|p2a: Iron Crown
|-end|p2a: Iron Crown|Quark Drive|[silent]
|
|win|MoondropSoulHeart
|raw|MoondropSoulHeart's rating: 1127 &rarr; <strong>1155</strong><br />(+28 for winning)
|raw|carp simpson's rating: 1163 &rarr; <strong>1135</strong><br />(-28 for losing)
|l|☆carp simpson
|player|p2|
|l|☆MoondropSoulHeart
|player|p1|
