|j|☆Nuii09
|j|☆I buy roblox items
|t:|1779574256
|gametype|singles
|player|p1|Nuii09|baker|1706
|player|p2|I buy roblox items|gentleman-gen1|1675
|gen|9
|tier|[Gen 9] OU
|rated|
|rule|HP Percentage Mod: HP is shown in percentages
|rule|Endless Battle Clause: Forcing endless battles is banned
|rule|Species Clause: Limit one of each Pokémon
|rule|OHKO Clause: OHKO moves are banned
|rule|Evasion Items Clause: Evasion items are banned
|rule|Evasion Moves Clause: Evasion moves are banned
|rule|Evasion Abilities Clause: Evasion abilities are banned
|rule|Sleep Moves Clause: Sleep-inducing moves are banned
|clearpoke
|poke|p1|Hydrapple, M|
|poke|p1|Darkrai|
|poke|p1|Cinderace, F|
|poke|p1|Clodsire, F|
|poke|p1|Corviknight, M|
|poke|p1|Alomomola, M|
|poke|p2|Entei|
|poke|p2|Kyurem|
|poke|p2|Zamazenta-*|
|poke|p2|Altaria, M|
|poke|p2|Toxapex, M|
|poke|p2|Ceruledge, F|
|teampreview
|inactive|Battle timer is ON: inactive players will automatically lose when time's up. (requested by I buy roblox items)
|
|t:|1779574279
|teamsize|p1|6
|teamsize|p2|6
|start
|switch|p1a: Darkrai|Darkrai, shiny|100/100
|switch|p2a: Entei|Entei|100/100
|-ability|p2a: Entei|Pressure
|turn|1
|
|t:|1779574288
|switch|p1a: Alomomola|Alomomola, M|100/100
|move|p2a: Entei|Sacred Fire|p1a: Alomomola
|-resisted|p1a: Alomomola
|-damage|p1a: Alomomola|84/100
|
|upkeep
|turn|2
|
|t:|1779574293
|move|p2a: Entei|Sacred Fire|p1a: Alomomola
|-resisted|p1a: Alomomola
|-damage|p1a: Alomomola|68/100
|-status|p1a: Alomomola|brn
|move|p1a: Alomomola|Flip Turn|p2a: Entei
|-supereffective|p2a: Entei
|-damage|p2a: Entei|84/100
|
|t:|1779574311
|switch|p1a: Hydrapple|Hydrapple, M|100/100|[from] Flip Turn
|
|-heal|p2a: Entei|90/100|[from] item: Leftovers
|upkeep
|turn|3
|
|t:|1779574317
|move|p2a: Entei|Sacred Fire|p1a: Hydrapple
|-damage|p1a: Hydrapple|67/100
|move|p1a: Hydrapple|Fickle Beam|p2a: Entei
|-damage|p2a: Entei|29/100
|-damage|p1a: Hydrapple|57/100|[from] item: Life Orb
|
|-heal|p2a: Entei|35/100|[from] item: Leftovers
|upkeep
|turn|4
|
|t:|1779574328
|switch|p1a: Alomomola|Alomomola, M|100/100 brn
|move|p2a: Entei|Protect||[still]
|-fail|p2a: Entei
|
|-heal|p2a: Entei|41/100|[from] item: Leftovers
|-damage|p1a: Alomomola|94/100 brn|[from] brn
|upkeep
|turn|5
|j| PijakZWyboru
|
|t:|1779574332
|move|p2a: Entei|Protect|p2a: Entei
|-singleturn|p2a: Entei|Protect
|move|p1a: Alomomola|Flip Turn|p2a: Entei
|-activate|p2a: Entei|move: Protect
|
|-heal|p2a: Entei|47/100|[from] item: Leftovers
|-damage|p1a: Alomomola|88/100 brn|[from] brn
|upkeep
|turn|6
|
|t:|1779574334
|move|p2a: Entei|Substitute|p2a: Entei
|-start|p2a: Entei|Substitute
|-damage|p2a: Entei|23/100
|move|p1a: Alomomola|Flip Turn|p2a: Entei
|-supereffective|p2a: Entei
|-activate|p2a: Entei|move: Substitute|[damage]
|
|t:|1779574341
|switch|p1a: Cinderace|Cinderace, F|100/100|[from] Flip Turn
|
|-heal|p2a: Entei|29/100|[from] item: Leftovers
|upkeep
|turn|7
|
|t:|1779574345
|move|p2a: Entei|Protect|p2a: Entei
|-singleturn|p2a: Entei|Protect
|move|p1a: Cinderace|U-turn|p2a: Entei
|-start|p1a: Cinderace|typechange|Bug|[from] ability: Libero
|-activate|p2a: Entei|move: Protect
|
|-heal|p2a: Entei|35/100|[from] item: Leftovers
|upkeep
|turn|8
|
|t:|1779574349
|move|p1a: Cinderace|U-turn|p2a: Entei
|-resisted|p2a: Entei
|-end|p2a: Entei|Substitute
|
|t:|1779574355
|switch|p1a: Alomomola|Alomomola, M|100/100 brn|[from] U-turn
|move|p2a: Entei|Substitute|p2a: Entei
|-start|p2a: Entei|Substitute
|-damage|p2a: Entei|10/100
|
|-heal|p2a: Entei|16/100|[from] item: Leftovers
|-damage|p1a: Alomomola|94/100 brn|[from] brn
|upkeep
|turn|9
|
|t:|1779574362
|move|p2a: Entei|Protect|p2a: Entei
|-singleturn|p2a: Entei|Protect
|move|p1a: Alomomola|Flip Turn|p2a: Entei
|-activate|p2a: Entei|move: Protect
|
|-heal|p2a: Entei|22/100|[from] item: Leftovers
|-damage|p1a: Alomomola|88/100 brn|[from] brn
|upkeep
|turn|10
|
|t:|1779574365
|move|p2a: Entei|Stomping Tantrum|p1a: Alomomola
|-damage|p1a: Alomomola|71/100 brn
|move|p1a: Alomomola|Flip Turn|p2a: Entei
|-supereffective|p2a: Entei
|-activate|p2a: Entei|move: Substitute|[damage]
|
|t:|1779574371
|switch|p1a: Hydrapple|Hydrapple, M|90/100|[from] Flip Turn
|
|-heal|p2a: Entei|29/100|[from] item: Leftovers
|upkeep
|turn|11
|
|t:|1779574373
|move|p2a: Entei|Sacred Fire|p1a: Hydrapple
|-damage|p1a: Hydrapple|57/100
|-status|p1a: Hydrapple|brn
|move|p1a: Hydrapple|Earth Power|p2a: Entei
|-supereffective|p2a: Entei
|-end|p2a: Entei|Substitute
|-damage|p1a: Hydrapple|47/100 brn|[from] item: Life Orb
|
|-heal|p2a: Entei|35/100|[from] item: Leftovers
|-damage|p1a: Hydrapple|41/100 brn|[from] brn
|upkeep
|turn|12
|
|t:|1779574379
|move|p2a: Entei|Sacred Fire|p1a: Hydrapple
|-damage|p1a: Hydrapple|7/100 brn
|move|p1a: Hydrapple|Earth Power|p2a: Entei
|-supereffective|p2a: Entei
|-damage|p2a: Entei|0 fnt
|faint|p2a: Entei
|-damage|p1a: Hydrapple|0 fnt|[from] item: Life Orb
|faint|p1a: Hydrapple
|
|upkeep
|
|t:|1779574389
|switch|p2a: Zamazenta|Zamazenta|100/100
|switch|p1a: Cinderace|Cinderace, F|100/100
|-ability|p2a: Zamazenta|Dauntless Shield|boost
|-boost|p2a: Zamazenta|def|1
|turn|13
|
|t:|1779574392
|switch|p1a: Clodsire|Clodsire, F, shiny|100/100
|move|p2a: Zamazenta|Substitute|p2a: Zamazenta
|-start|p2a: Zamazenta|Substitute
|-damage|p2a: Zamazenta|76/100
|
|-heal|p2a: Zamazenta|82/100|[from] item: Leftovers
|upkeep
|turn|14
|
|t:|1779574399
|switch|p1a: Corviknight|Corviknight, M|100/100
|-ability|p1a: Corviknight|Pressure
|move|p2a: Zamazenta|Iron Defense|p2a: Zamazenta
|-boost|p2a: Zamazenta|def|2
|
|-heal|p2a: Zamazenta|88/100|[from] item: Leftovers
|upkeep
|turn|15
|
|t:|1779574409
|move|p2a: Zamazenta|Body Press|p1a: Corviknight
|-damage|p1a: Corviknight|49/100
|-damage|p2a: Zamazenta|71/100|[from] item: Rocky Helmet|[of] p1a: Corviknight
|move|p1a: Corviknight|Brave Bird|p2a: Zamazenta
|-supereffective|p2a: Zamazenta
|-activate|p2a: Zamazenta|move: Substitute|[damage]
|-damage|p1a: Corviknight|43/100|[from] Recoil|[of] p2a: Zamazenta
|
|-heal|p2a: Zamazenta|77/100|[from] item: Leftovers
|upkeep
|turn|16
|
|t:|1779574416
|switch|p1a: Clodsire|Clodsire, F, shiny|100/100
|move|p2a: Zamazenta|Body Press|p1a: Clodsire
|-resisted|p1a: Clodsire
|-damage|p1a: Clodsire|88/100
|
|-heal|p2a: Zamazenta|83/100|[from] item: Leftovers
|-heal|p1a: Clodsire|94/100|[from] item: Leftovers
|upkeep
|turn|17
|-message|Nuii09 forfeited.
|
|win|I buy roblox items
|raw|Nuii09's rating: 1706 &rarr; <strong>1684</strong><br />(-22 for losing)
|raw|I buy roblox items's rating: 1675 &rarr; <strong>1697</strong><br />(+22 for winning)
|l|☆Nuii09
|player|p1|
|l|☆I buy roblox items
|player|p2|
