|j|☆Mlbebek
|j|☆PizzywitaP
|t:|1779682733
|gametype|singles
|player|p1|Mlbebek|depotagent|1316
|player|p2|PizzywitaP|169|1340
|gen|9
|tier|[Gen 9] OU
|rated|
|rule|HP Percentage Mod: HP is shown in percentages
|rule|Endless Battle Clause: Forcing endless battles is banned
|rule|Species Clause: Limit one of each Pokémon
|rule|OHKO Clause: OHKO moves are banned
|rule|Evasion Items Clause: Evasion items are banned
|rule|Evasion Moves Clause: Evasion moves are banned
|rule|Evasion Abilities Clause: Evasion abilities are banned
|rule|Sleep Moves Clause: Sleep-inducing moves are banned
|clearpoke
|poke|p1|Walking Wake|
|poke|p1|Overqwil, M|
|poke|p1|Basculegion, M|
|poke|p1|Goodra-Hisui, M|
|poke|p1|Pelipper, M|
|poke|p1|Iron Valiant|
|poke|p2|Gliscor, F|
|poke|p2|Rotom-Wash|
|poke|p2|Cinderace, F|
|poke|p2|Ogerpon-Wellspring, F|
|poke|p2|Kyurem|
|poke|p2|Heatran, M|
|teampreview
|inactive|Battle timer is ON: inactive players will automatically lose when time's up. (requested by PizzywitaP)
|
|t:|1779682750
|teamsize|p1|6
|teamsize|p2|6
|start
|switch|p1a: Overqwil|Overqwil, M|100/100
|switch|p2a: Gliscor|Gliscor, F|100/100
|turn|1
|
|t:|1779682757
|move|p2a: Gliscor|Protect|p2a: Gliscor
|-singleturn|p2a: Gliscor|Protect
|move|p1a: Overqwil|Toxic Spikes|p2a: Gliscor
|-sidestart|p2: PizzywitaP|move: Toxic Spikes
|
|-status|p2a: Gliscor|tox|[from] item: Toxic Orb
|upkeep
|turn|2
|
|t:|1779682762
|switch|p1a: Pelipper|Pelipper, M|100/100
|-weather|RainDance|[from] ability: Drizzle|[of] p1a: Pelipper
|move|p2a: Gliscor|Earthquake|p1a: Pelipper
|-immune|p1a: Pelipper
|
|-weather|RainDance|[upkeep]
|upkeep
|turn|3
|
|t:|1779682777
|switch|p2a: Rotom|Rotom-Wash|100/100
|move|p1a: Pelipper|U-turn|p2a: Rotom
|-damage|p2a: Rotom|94/100
|
|t:|1779682790
|switch|p1a: Walking Wake|Walking Wake|100/100|[from] U-turn
|
|-weather|RainDance|[upkeep]
|-heal|p2a: Rotom|99/100|[from] item: Leftovers
|upkeep
|turn|4
|
|t:|1779682796
|move|p1a: Walking Wake|Draco Meteor|p2a: Rotom
|-damage|p2a: Rotom|31/100
|-unboost|p1a: Walking Wake|spa|2
|move|p2a: Rotom|Pain Split|p1a: Walking Wake
|-sethp|p1a: Walking Wake|64/100|[from] move: Pain Split|[silent]
|-sethp|p2a: Rotom|72/100|[from] move: Pain Split
|
|-weather|RainDance|[upkeep]
|-heal|p2a: Rotom|78/100|[from] item: Leftovers
|upkeep
|turn|5
|
|t:|1779682808
|-end|p1a: Walking Wake|Protosynthesis|[silent]
|switch|p1a: Goodra|Goodra-Hisui, M|100/100
|move|p2a: Rotom|Volt Switch|p1a: Goodra
|-resisted|p1a: Goodra
|-damage|p1a: Goodra|96/100
|
|t:|1779682813
|switch|p2a: Cinderace|Cinderace, F|100/100|[from] Volt Switch
|
|-weather|RainDance|[upkeep]
|upkeep
|turn|6
|
|t:|1779682828
|move|p2a: Cinderace|High Jump Kick|p1a: Goodra
|-start|p2a: Cinderace|typechange|Fighting|[from] ability: Libero
|-supereffective|p1a: Goodra
|-damage|p1a: Goodra|0 fnt
|faint|p1a: Goodra
|
|-weather|RainDance|[upkeep]
|upkeep
|
|t:|1779682834
|switch|p1a: Basculegion|Basculegion, M|100/100
|turn|7
|
|t:|1779682840
|switch|p2a: Rotom|Rotom-Wash|78/100
|move|p1a: Basculegion|Flip Turn|p2a: Rotom
|-resisted|p2a: Rotom
|-damage|p2a: Rotom|54/100
|
|t:|1779682843
|switch|p1a: Iron Valiant|Iron Valiant|100/100|[from] Flip Turn
|
|-weather|RainDance|[upkeep]
|-heal|p2a: Rotom|61/100|[from] item: Leftovers
|upkeep
|turn|8
|
|t:|1779682849
|switch|p2a: Heatran|Heatran, M|100/100
|move|p1a: Iron Valiant|Moonblast|p2a: Heatran
|-resisted|p2a: Heatran
|-damage|p2a: Heatran|93/100
|
|-weather|RainDance|[upkeep]
|-heal|p2a: Heatran|99/100|[from] item: Leftovers
|upkeep
|turn|9
|
|t:|1779682858
|switch|p2a: Rotom|Rotom-Wash|61/100
|move|p1a: Iron Valiant|Close Combat|p2a: Rotom
|-damage|p2a: Rotom|21/100
|-unboost|p1a: Iron Valiant|def|1
|-unboost|p1a: Iron Valiant|spd|1
|
|-weather|none
|-heal|p2a: Rotom|27/100|[from] item: Leftovers
|upkeep
|turn|10
|
|t:|1779682868
|switch|p2a: Gliscor|Gliscor, F|100/100 tox
|move|p1a: Iron Valiant|Close Combat|p2a: Gliscor
|-resisted|p2a: Gliscor
|-damage|p2a: Gliscor|85/100 tox
|-unboost|p1a: Iron Valiant|def|1
|-unboost|p1a: Iron Valiant|spd|1
|
|-heal|p2a: Gliscor|98/100 tox|[from] ability: Poison Heal
|upkeep
|turn|11
|
|t:|1779682876
|-end|p1a: Iron Valiant|Quark Drive|[silent]
|switch|p1a: Pelipper|Pelipper, M|100/100
|-weather|RainDance|[from] ability: Drizzle|[of] p1a: Pelipper
|move|p2a: Gliscor|Stealth Rock|p1a: Pelipper
|-sidestart|p1: Mlbebek|move: Stealth Rock
|
|-weather|RainDance|[upkeep]
|-heal|p2a: Gliscor|100/100 tox|[from] ability: Poison Heal
|upkeep
|turn|12
|
|t:|1779682889
|switch|p2a: Rotom|Rotom-Wash|27/100
|move|p1a: Pelipper|Weather Ball|p2a: Rotom
|-resisted|p2a: Rotom
|-damage|p2a: Rotom|2/100
|
|-weather|RainDance|[upkeep]
|-heal|p2a: Rotom|8/100|[from] item: Leftovers
|upkeep
|turn|13
|
|t:|1779682897
|-terastallize|p1a: Pelipper|Ground
|move|p2a: Rotom|Pain Split|p1a: Pelipper
|-sethp|p1a: Pelipper|54/100|[from] move: Pain Split|[silent]
|-sethp|p2a: Rotom|57/100|[from] move: Pain Split
|move|p1a: Pelipper|U-turn|p2a: Rotom
|-crit|p2a: Rotom
|-damage|p2a: Rotom|47/100
|
|t:|1779682902
|switch|p1a: Basculegion|Basculegion, M|100/100|[from] U-turn
|-damage|p1a: Basculegion|88/100|[from] Stealth Rock
|
|-weather|RainDance|[upkeep]
|-heal|p2a: Rotom|53/100|[from] item: Leftovers
|upkeep
|turn|14
|
|t:|1779682908
|move|p1a: Basculegion|Phantom Force||[still]
|-prepare|p1a: Basculegion|Phantom Force
|move|p2a: Rotom|Pain Split|p1a: Basculegion|[miss]
|-miss|p2a: Rotom|p1a: Basculegion
|
|-weather|RainDance|[upkeep]
|-heal|p2a: Rotom|59/100|[from] item: Leftovers
|upkeep
|turn|15
|
|t:|1779682913
|switch|p2a: Gliscor|Gliscor, F|100/100 tox
|move|p1a: Basculegion|Phantom Force|p2a: Gliscor|[from] lockedmove
|-damage|p2a: Gliscor|68/100 tox
|
|-weather|RainDance|[upkeep]
|-heal|p2a: Gliscor|81/100 tox|[from] ability: Poison Heal
|upkeep
|turn|16
|-message|Mlbebek forfeited.
|
|win|PizzywitaP
|raw|Mlbebek's rating: 1316 &rarr; <strong>1297</strong><br />(-19 for losing)
|raw|PizzywitaP's rating: 1340 &rarr; <strong>1359</strong><br />(+19 for winning)
|l|☆Mlbebek
|player|p1|
|l|☆PizzywitaP
|player|p2|
