|j|☆QGB
|j|☆Sombyr2
|t:|1779610632
|gametype|singles
|player|p1|QGB|1|1258
|player|p2|Sombyr2|lady-gen4|1196
|gen|9
|tier|[Gen 9] OU
|rated|
|rule|HP Percentage Mod: HP is shown in percentages
|rule|Endless Battle Clause: Forcing endless battles is banned
|rule|Species Clause: Limit one of each Pokémon
|rule|OHKO Clause: OHKO moves are banned
|rule|Evasion Items Clause: Evasion items are banned
|rule|Evasion Moves Clause: Evasion moves are banned
|rule|Evasion Abilities Clause: Evasion abilities are banned
|rule|Sleep Moves Clause: Sleep-inducing moves are banned
|clearpoke
|poke|p1|Gliscor, F|
|poke|p1|Samurott-Hisui, M|
|poke|p1|Enamorus, F|
|poke|p1|Iron Treads|
|poke|p1|Dondozo, M|
|poke|p1|Walking Wake|
|poke|p2|Corviknight, M|
|poke|p2|Gholdengo|
|poke|p2|Necrozma|
|poke|p2|Umbreon, M|
|poke|p2|Dragonite, M|
|poke|p2|Kommo-o, F|
|teampreview
|
|t:|1779610639
|teamsize|p1|6
|teamsize|p2|6
|start
|switch|p1a: Samurott|Samurott-Hisui, M|100/100
|switch|p2a: Gholdengo|Gholdengo|100/100
|turn|1
|
|t:|1779610650
|switch|p2a: Corviknight|Corviknight, M|100/100
|-ability|p2a: Corviknight|Pressure
|move|p1a: Samurott|Ceaseless Edge|p2a: Corviknight
|-damage|p2a: Corviknight|74/100
|-damage|p1a: Samurott|84/100|[from] item: Rocky Helmet|[of] p2a: Corviknight
|-sidestart|p2: Sombyr2|Spikes
|
|upkeep
|turn|2
|
|t:|1779610659
|switch|p1a: Enamorus|Enamorus, F|100/100
|move|p2a: Corviknight|Body Press|p1a: Enamorus
|-resisted|p1a: Enamorus
|-damage|p1a: Enamorus|90/100
|
|-heal|p1a: Enamorus|97/100|[from] item: Leftovers
|upkeep
|turn|3
|inactive|Battle timer is ON: inactive players will automatically lose when time's up. (requested by QGB)
|
|t:|1779610670
|move|p1a: Enamorus|Substitute|p1a: Enamorus
|-start|p1a: Enamorus|Substitute
|-damage|p1a: Enamorus|72/100
|move|p2a: Corviknight|Defog|p1a: Enamorus
|-sideend|p2: Sombyr2|Spikes|[from] move: Defog|[of] p2a: Corviknight
|
|-heal|p1a: Enamorus|78/100|[from] item: Leftovers
|upkeep
|turn|4
|
|t:|1779610686
|switch|p2a: Kommo-o|Kommo-o, F|100/100
|move|p1a: Enamorus|Superpower|p2a: Kommo-o
|-damage|p2a: Kommo-o|74/100
|-boost|p1a: Enamorus|atk|1
|-boost|p1a: Enamorus|def|1
|
|-heal|p1a: Enamorus|84/100|[from] item: Leftovers
|-heal|p2a: Kommo-o|80/100|[from] item: Leftovers
|upkeep
|turn|5
|
|t:|1779610698
|-terastallize|p2a: Kommo-o|Fighting
|move|p1a: Enamorus|Play Rough|p2a: Kommo-o
|-supereffective|p2a: Kommo-o
|-damage|p2a: Kommo-o|0 fnt
|faint|p2a: Kommo-o
|
|-heal|p1a: Enamorus|90/100|[from] item: Leftovers
|upkeep
|
|t:|1779610711
|switch|p2a: Necrozma|Necrozma|100/100
|turn|6
|
|t:|1779610718
|move|p1a: Enamorus|Superpower|p2a: Necrozma
|-resisted|p2a: Necrozma
|-damage|p2a: Necrozma|83/100
|-boost|p1a: Enamorus|atk|1
|-boost|p1a: Enamorus|def|1
|-damage|p1a: Enamorus|74/100|[from] item: Rocky Helmet|[of] p2a: Necrozma
|move|p2a: Necrozma|Iron Defense|p2a: Necrozma
|-boost|p2a: Necrozma|def|2
|
|-heal|p1a: Enamorus|80/100|[from] item: Leftovers
|upkeep
|turn|7
|
|t:|1779610730
|move|p1a: Enamorus|Body Slam|p2a: Necrozma
|-damage|p2a: Necrozma|66/100
|-status|p2a: Necrozma|par
|-damage|p1a: Enamorus|63/100|[from] item: Rocky Helmet|[of] p2a: Necrozma
|move|p2a: Necrozma|Calm Mind|p2a: Necrozma
|-boost|p2a: Necrozma|spa|1
|-boost|p2a: Necrozma|spd|1
|
|-heal|p1a: Enamorus|70/100|[from] item: Leftovers
|upkeep
|turn|8
|
|t:|1779610740
|move|p1a: Enamorus|Superpower|p2a: Necrozma
|-resisted|p2a: Necrozma
|-damage|p2a: Necrozma|53/100 par
|-boost|p1a: Enamorus|atk|1
|-boost|p1a: Enamorus|def|1
|-damage|p1a: Enamorus|53/100|[from] item: Rocky Helmet|[of] p2a: Necrozma
|move|p2a: Necrozma|Calm Mind|p2a: Necrozma
|-boost|p2a: Necrozma|spa|1
|-boost|p2a: Necrozma|spd|1
|
|-heal|p1a: Enamorus|59/100|[from] item: Leftovers
|upkeep
|turn|9
|
|t:|1779610750
|move|p1a: Enamorus|Play Rough|p2a: Necrozma
|-damage|p2a: Necrozma|21/100 par
|-damage|p1a: Enamorus|43/100|[from] item: Rocky Helmet|[of] p2a: Necrozma
|move|p2a: Necrozma|Moonlight|p2a: Necrozma
|-heal|p2a: Necrozma|71/100 par
|
|-heal|p1a: Enamorus|49/100|[from] item: Leftovers
|upkeep
|turn|10
|
|t:|1779610759
|move|p1a: Enamorus|Play Rough|p2a: Necrozma
|-damage|p2a: Necrozma|39/100 par
|-damage|p1a: Enamorus|32/100|[from] item: Rocky Helmet|[of] p2a: Necrozma
|move|p2a: Necrozma|Iron Defense|p2a: Necrozma
|-boost|p2a: Necrozma|def|2
|
|-heal|p1a: Enamorus|39/100|[from] item: Leftovers
|upkeep
|turn|11
|
|t:|1779610767
|move|p1a: Enamorus|Play Rough|p2a: Necrozma
|-damage|p2a: Necrozma|19/100 par
|-damage|p1a: Enamorus|22/100|[from] item: Rocky Helmet|[of] p2a: Necrozma
|move|p2a: Necrozma|Moonlight|p2a: Necrozma
|-heal|p2a: Necrozma|69/100 par
|
|-heal|p1a: Enamorus|28/100|[from] item: Leftovers
|upkeep
|turn|12
|
|t:|1779610778
|move|p1a: Enamorus|Play Rough|p2a: Necrozma
|-damage|p2a: Necrozma|46/100 par
|-damage|p1a: Enamorus|12/100|[from] item: Rocky Helmet|[of] p2a: Necrozma
|move|p2a: Necrozma|Iron Defense|p2a: Necrozma
|-boost|p2a: Necrozma|def|2
|
|-heal|p1a: Enamorus|18/100|[from] item: Leftovers
|upkeep
|turn|13
|
|t:|1779610787
|switch|p1a: Dondozo|Dondozo, M|100/100
|cant|p2a: Necrozma|par
|
|upkeep
|turn|14
|
|t:|1779610792
|move|p1a: Dondozo|Wave Crash|p2a: Necrozma
|-damage|p2a: Necrozma|20/100 par
|-damage|p1a: Dondozo|84/100|[from] item: Rocky Helmet|[of] p2a: Necrozma
|-damage|p1a: Dondozo|77/100|[from] Recoil
|move|p2a: Necrozma|Moonlight|p2a: Necrozma
|-heal|p2a: Necrozma|70/100 par
|
|-heal|p1a: Dondozo|83/100|[from] item: Leftovers
|upkeep
|turn|15
|
|t:|1779610802
|move|p1a: Dondozo|Wave Crash|p2a: Necrozma
|-damage|p2a: Necrozma|43/100 par
|-damage|p1a: Dondozo|67/100|[from] item: Rocky Helmet|[of] p2a: Necrozma
|-damage|p1a: Dondozo|59/100|[from] Recoil
|move|p2a: Necrozma|Photon Geyser|p1a: Dondozo
|-damage|p1a: Dondozo|0 fnt
|faint|p1a: Dondozo
|
|upkeep
|
|t:|1779610811
|switch|p1a: Samurott|Samurott-Hisui, M|84/100
|turn|16
|
|t:|1779610815
|move|p1a: Samurott|Ceaseless Edge|p2a: Necrozma
|-supereffective|p2a: Necrozma
|-damage|p2a: Necrozma|33/100 par
|-damage|p1a: Samurott|67/100|[from] item: Rocky Helmet|[of] p2a: Necrozma
|-sidestart|p2: Sombyr2|Spikes
|cant|p2a: Necrozma|par
|
|upkeep
|turn|17
|
|t:|1779610827
|move|p1a: Samurott|Ceaseless Edge|p2a: Necrozma
|-supereffective|p2a: Necrozma
|-damage|p2a: Necrozma|23/100 par
|-damage|p1a: Samurott|51/100|[from] item: Rocky Helmet|[of] p2a: Necrozma
|-sidestart|p2: Sombyr2|Spikes
|move|p2a: Necrozma|Moonlight|p2a: Necrozma
|-heal|p2a: Necrozma|73/100 par
|
|upkeep
|turn|18
|-message|QGB forfeited.
|
|win|Sombyr2
|raw|QGB's rating: 1258 &rarr; <strong>1229</strong><br />(-29 for losing)
|raw|Sombyr2's rating: 1196 &rarr; <strong>1225</strong><br />(+29 for winning)
|l|☆QGB
|player|p1|
|l|☆Sombyr2
|player|p2|
