|j|☆ju2508
|j|☆cancelacion
|t:|1779716469
|gametype|singles
|player|p1|ju2508|101|1121
|player|p2|cancelacion|scientist-gen4dp|1164
|gen|9
|tier|[Gen 9] OU
|rated|
|rule|HP Percentage Mod: HP is shown in percentages
|rule|Endless Battle Clause: Forcing endless battles is banned
|rule|Species Clause: Limit one of each Pokémon
|rule|OHKO Clause: OHKO moves are banned
|rule|Evasion Items Clause: Evasion items are banned
|rule|Evasion Moves Clause: Evasion moves are banned
|rule|Evasion Abilities Clause: Evasion abilities are banned
|rule|Sleep Moves Clause: Sleep-inducing moves are banned
|clearpoke
|poke|p1|Feraligatr, M|
|poke|p1|Donphan, M|
|poke|p1|Sylveon, M|
|poke|p1|Magneton|
|poke|p1|Serperior, F|
|poke|p1|Flamigo, F|
|poke|p2|Toxicroak, M|
|poke|p2|Ludicolo, M|
|poke|p2|Barraskewda, F|
|poke|p2|Pelipper, M|
|poke|p2|Beartic, M|
|poke|p2|Kilowattrel, F|
|teampreview
|inactive|Battle timer is ON: inactive players will automatically lose when time's up. (requested by ju2508)
|
|t:|1779716478
|teamsize|p1|6
|teamsize|p2|6
|start
|switch|p1a: Magneton|Magneton|100/100
|switch|p2a: Pelipper|Pelipper, M|100/100
|-weather|RainDance|[from] ability: Drizzle|[of] p2a: Pelipper
|turn|1
|
|t:|1779716486
|switch|p2a: Kilowattrel|Kilowattrel, F, shiny|100/100
|move|p1a: Magneton|Tri Attack|p2a: Kilowattrel
|-damage|p2a: Kilowattrel|49/100
|
|-weather|RainDance|[upkeep]
|-heal|p2a: Kilowattrel|55/100|[from] item: Leftovers
|upkeep
|turn|2
|
|t:|1779716495
|move|p2a: Kilowattrel|Weather Ball|p1a: Magneton
|-damage|p1a: Magneton|55/100
|move|p1a: Magneton|Tri Attack|p2a: Kilowattrel
|-damage|p2a: Kilowattrel|2/100
|
|-weather|RainDance|[upkeep]
|-heal|p2a: Kilowattrel|8/100|[from] item: Leftovers
|upkeep
|turn|3
|
|t:|1779716508
|move|p2a: Kilowattrel|Volt Switch|p1a: Magneton
|-resisted|p1a: Magneton
|-damage|p1a: Magneton|39/100
|
|t:|1779716513
|switch|p2a: Beartic|Beartic, M, shiny|100/100|[from] Volt Switch
|move|p1a: Magneton|Tri Attack|p2a: Beartic
|-damage|p2a: Beartic|62/100
|-status|p2a: Beartic|brn
|
|-weather|RainDance|[upkeep]
|-damage|p2a: Beartic|56/100 brn|[from] brn
|upkeep
|turn|4
|
|t:|1779716524
|move|p2a: Beartic|Earthquake|p1a: Magneton
|-supereffective|p1a: Magneton
|-damage|p1a: Magneton|0 fnt
|faint|p1a: Magneton
|
|-weather|RainDance|[upkeep]
|-damage|p2a: Beartic|50/100 brn|[from] brn
|upkeep
|
|t:|1779716532
|switch|p1a: Donphan|Donphan, M|100/100
|turn|5
|
|t:|1779716535
|move|p2a: Beartic|Icicle Spear|p1a: Donphan
|-supereffective|p1a: Donphan
|-damage|p1a: Donphan|92/100
|-supereffective|p1a: Donphan
|-damage|p1a: Donphan|84/100
|-supereffective|p1a: Donphan
|-damage|p1a: Donphan|75/100
|-supereffective|p1a: Donphan
|-damage|p1a: Donphan|66/100
|-supereffective|p1a: Donphan
|-damage|p1a: Donphan|58/100
|-hitcount|p1a: Donphan|5
|move|p1a: Donphan|Stealth Rock|p2a: Beartic
|-sidestart|p2: cancelacion|move: Stealth Rock
|
|-weather|RainDance|[upkeep]
|-heal|p1a: Donphan|64/100|[from] item: Leftovers
|-damage|p2a: Beartic|44/100 brn|[from] brn
|upkeep
|turn|6
|
|t:|1779716551
|move|p2a: Beartic|Swords Dance|p2a: Beartic
|-boost|p2a: Beartic|atk|2
|move|p1a: Donphan|Knock Off|p2a: Beartic
|-crit|p2a: Beartic
|-damage|p2a: Beartic|0 fnt
|-enditem|p2a: Beartic|Loaded Dice|[from] move: Knock Off|[of] p1a: Donphan
|faint|p2a: Beartic
|
|-weather|RainDance|[upkeep]
|-heal|p1a: Donphan|70/100|[from] item: Leftovers
|upkeep
|
|t:|1779716559
|switch|p2a: Kilowattrel|Kilowattrel, F, shiny|8/100
|-damage|p2a: Kilowattrel|0 fnt|[from] Stealth Rock
|faint|p2a: Kilowattrel
|
|t:|1779716564
|switch|p2a: Barraskewda|Barraskewda, F|100/100
|-damage|p2a: Barraskewda|88/100|[from] Stealth Rock
|turn|7
|
|t:|1779716576
|move|p2a: Barraskewda|Liquidation|p1a: Donphan
|-supereffective|p1a: Donphan
|-damage|p1a: Donphan|0 fnt
|faint|p1a: Donphan
|
|-weather|RainDance|[upkeep]
|upkeep
|
|t:|1779716583
|switch|p1a: Serperior|Serperior, F|100/100
|turn|8
|
|t:|1779716588
|switch|p2a: Toxicroak|Toxicroak, M|100/100
|-damage|p2a: Toxicroak|94/100|[from] Stealth Rock
|move|p1a: Serperior|Glare|p2a: Toxicroak
|-status|p2a: Toxicroak|par
|
|-weather|none
|-heal|p2a: Toxicroak|100/100 par|[from] item: Leftovers
|upkeep
|turn|9
|
|t:|1779716602
|move|p1a: Serperior|Taunt|p2a: Toxicroak
|-start|p2a: Toxicroak|move: Taunt
|cant|p2a: Toxicroak|par
|
|upkeep
|turn|10
|
|t:|1779716608
|switch|p1a: Flamigo|Flamigo, F|100/100
|move|p2a: Toxicroak|Gunk Shot|p1a: Flamigo
|-damage|p1a: Flamigo|26/100
|-status|p1a: Flamigo|psn
|
|-damage|p1a: Flamigo|14/100 psn|[from] psn
|upkeep
|turn|11
|
|t:|1779716620
|move|p2a: Toxicroak|Sucker Punch|p1a: Flamigo
|-resisted|p1a: Flamigo
|-damage|p1a: Flamigo|0 fnt
|faint|p1a: Flamigo
|
|-end|p2a: Toxicroak|move: Taunt
|upkeep
|
|t:|1779716627
|switch|p1a: Feraligatr|Feraligatr, M|100/100
|turn|12
|
|t:|1779716632
|switch|p2a: Pelipper|Pelipper, M|100/100
|-damage|p2a: Pelipper|76/100|[from] Stealth Rock
|-weather|RainDance|[from] ability: Drizzle|[of] p2a: Pelipper
|move|p1a: Feraligatr|Dragon Dance|p1a: Feraligatr
|-boost|p1a: Feraligatr|atk|1
|-boost|p1a: Feraligatr|spe|1
|
|-weather|RainDance|[upkeep]
|upkeep
|turn|13
|
|t:|1779716641
|move|p1a: Feraligatr|Dragon Dance|p1a: Feraligatr
|-boost|p1a: Feraligatr|atk|1
|-boost|p1a: Feraligatr|spe|1
|move|p2a: Pelipper|Hurricane|p1a: Feraligatr
|-crit|p1a: Feraligatr
|-damage|p1a: Feraligatr|8/100
|
|-weather|RainDance|[upkeep]
|upkeep
|turn|14
|
|t:|1779716651
|move|p1a: Feraligatr|Ice Punch|p2a: Pelipper
|-damage|p2a: Pelipper|0 fnt
|faint|p2a: Pelipper
|
|-weather|RainDance|[upkeep]
|upkeep
|
|t:|1779716654
|switch|p2a: Barraskewda|Barraskewda, F|88/100
|-damage|p2a: Barraskewda|76/100|[from] Stealth Rock
|turn|15
|
|t:|1779716660
|move|p2a: Barraskewda|Liquidation|p1a: Feraligatr
|-resisted|p1a: Feraligatr
|-damage|p1a: Feraligatr|0 fnt
|faint|p1a: Feraligatr
|
|-weather|RainDance|[upkeep]
|upkeep
|
|t:|1779716667
|switch|p1a: Serperior|Serperior, F|100/100
|turn|16
|
|t:|1779716671
|switch|p2a: Toxicroak|Toxicroak, M|100/100 par
|-damage|p2a: Toxicroak|94/100 par|[from] Stealth Rock
|-terastallize|p1a: Serperior|Grass
|move|p1a: Serperior|Leaf Storm|p2a: Toxicroak
|-resisted|p2a: Toxicroak
|-damage|p2a: Toxicroak|43/100 par
|-boost|p1a: Serperior|spa|2
|
|-weather|RainDance|[upkeep]
|-heal|p2a: Toxicroak|55/100 par|[from] ability: Dry Skin
|-heal|p2a: Toxicroak|61/100 par|[from] item: Leftovers
|upkeep
|turn|17
|
|t:|1779716685
|move|p1a: Serperior|Leaf Storm|p2a: Toxicroak
|-resisted|p2a: Toxicroak
|-damage|p2a: Toxicroak|0 fnt
|-boost|p1a: Serperior|spa|2
|faint|p2a: Toxicroak
|
|-weather|RainDance|[upkeep]
|upkeep
|
|t:|1779716695
|switch|p2a: Ludicolo|Ludicolo, M, shiny|100/100
|-damage|p2a: Ludicolo|88/100|[from] Stealth Rock
|turn|18
|
|t:|1779716700
|move|p2a: Ludicolo|Ice Beam|p1a: Serperior
|-supereffective|p1a: Serperior
|-damage|p1a: Serperior|19/100
|-damage|p2a: Ludicolo|78/100|[from] item: Life Orb
|move|p1a: Serperior|Leaf Storm|p2a: Ludicolo|[miss]
|-miss|p1a: Serperior|p2a: Ludicolo
|
|-weather|RainDance|[upkeep]
|upkeep
|turn|19
|
|t:|1779716710
|switch|p1a: Sylveon|Sylveon, M|100/100
|move|p2a: Ludicolo|Ice Beam|p1a: Sylveon
|-damage|p1a: Sylveon|82/100
|-damage|p2a: Ludicolo|68/100|[from] item: Life Orb
|
|-weather|none
|-heal|p1a: Sylveon|88/100|[from] item: Leftovers
|upkeep
|turn|20
|
|t:|1779716722
|move|p2a: Ludicolo|Hydro Pump|p1a: Sylveon
|-damage|p1a: Sylveon|51/100
|-damage|p2a: Ludicolo|58/100|[from] item: Life Orb
|move|p1a: Sylveon|Calm Mind|p1a: Sylveon
|-boost|p1a: Sylveon|spa|1
|-boost|p1a: Sylveon|spd|1
|
|-heal|p1a: Sylveon|57/100|[from] item: Leftovers
|upkeep
|turn|21
|l|☆cancelacion
|inactive|cancelacion disconnected and has a minute to reconnect!
|player|p2|
|inactive|cancelacion has 30 seconds to reconnect!
|inactive|cancelacion has 20 seconds to reconnect!
|inactive|cancelacion has 15 seconds to reconnect!
|inactive|cancelacion has 10 seconds to reconnect!
|inactive|cancelacion has 5 seconds to reconnect!
|-message|cancelacion lost due to inactivity.
|
|win|ju2508
|raw|ju2508's rating: 1121 &rarr; <strong>1149</strong><br />(+28 for winning)
|raw|cancelacion's rating: 1164 &rarr; <strong>1136</strong><br />(-28 for losing)
|l|☆ju2508
|player|p1|
