|j|☆Allysson33
|j|☆riarley
|t:|1779672956
|gametype|singles
|player|p1|Allysson33|brycenman|
|player|p2|riarley|1|
|gen|9
|tier|[Gen 9] OU
|rule|HP Percentage Mod: HP is shown in percentages
|rule|Endless Battle Clause: Forcing endless battles is banned
|rule|Species Clause: Limit one of each Pokémon
|rule|OHKO Clause: OHKO moves are banned
|rule|Evasion Items Clause: Evasion items are banned
|rule|Evasion Moves Clause: Evasion moves are banned
|rule|Evasion Abilities Clause: Evasion abilities are banned
|rule|Sleep Moves Clause: Sleep-inducing moves are banned
|clearpoke
|poke|p1|Iron Crown|
|poke|p1|Rillaboom, M|
|poke|p1|Alomomola, M|
|poke|p1|Darkrai|
|poke|p1|Garchomp, M|
|poke|p1|Hatterene, F|
|poke|p2|Slowking-Galar, F|
|poke|p2|Great Tusk|
|poke|p2|Kyurem|
|poke|p2|Kingambit, F|
|poke|p2|Cinderace, M|
|poke|p2|Zapdos|
|teampreview
|
|t:|1779672971
|teamsize|p1|6
|teamsize|p2|6
|start
|switch|p1a: Oi|Iron Crown|100/100
|switch|p2a: Zapdos|Zapdos, shiny|100/100
|turn|1
|
|t:|1779672976
|move|p1a: Oi|Tachyon Cutter|p2a: Zapdos
|-resisted|p2a: Zapdos
|-damage|p2a: Zapdos|81/100
|-resisted|p2a: Zapdos
|-damage|p2a: Zapdos|64/100
|-hitcount|p2a: Zapdos|2
|move|p2a: Zapdos|Volt Switch|p1a: Oi
|-damage|p1a: Oi|70/100
|
|t:|1779672983
|switch|p2a: Kingambit|Kingambit, F|100/100|[from] Volt Switch
|
|upkeep
|turn|2
|
|t:|1779672992
|-end|p1a: Oi|Quark Drive|[silent]
|switch|p1a: Garchomp|Garchomp, M|100/100
|move|p2a: Kingambit|Swords Dance|p2a: Kingambit
|-boost|p2a: Kingambit|atk|2
|
|upkeep
|turn|3
|
|t:|1779672998
|-terastallize|p2a: Kingambit|Ghost
|move|p1a: Garchomp|Earthquake|p2a: Kingambit
|-crit|p2a: Kingambit
|-damage|p2a: Kingambit|52/100
|move|p2a: Kingambit|Iron Head|p1a: Garchomp
|-damage|p1a: Garchomp|45/100
|-damage|p2a: Kingambit|40/100|[from] ability: Rough Skin|[of] p1a: Garchomp
|-damage|p2a: Kingambit|23/100|[from] item: Rocky Helmet|[of] p1a: Garchomp
|
|-heal|p2a: Kingambit|29/100|[from] item: Leftovers
|upkeep
|turn|4
|
|t:|1779673004
|move|p2a: Kingambit|Sucker Punch||[still]
|-fail|p2a: Kingambit
|move|p1a: Garchomp|Stealth Rock|p2a: Kingambit
|-sidestart|p2: riarley|move: Stealth Rock
|
|-heal|p2a: Kingambit|36/100|[from] item: Leftovers
|upkeep
|turn|5
|
|t:|1779673006
|move|p2a: Kingambit|Sucker Punch|p1a: Garchomp
|-damage|p1a: Garchomp|0 fnt
|-damage|p2a: Kingambit|23/100|[from] ability: Rough Skin|[of] p1a: Garchomp
|-damage|p2a: Kingambit|7/100|[from] item: Rocky Helmet|[of] p1a: Garchomp
|faint|p1a: Garchomp
|
|-heal|p2a: Kingambit|13/100|[from] item: Leftovers
|upkeep
|
|t:|1779673012
|switch|p1a: Rillaboom|Rillaboom, M|100/100
|-fieldstart|move: Grassy Terrain|[from] ability: Grassy Surge|[of] p1a: Rillaboom
|turn|6
|
|t:|1779673016
|move|p1a: Rillaboom|Grassy Glide|p2a: Kingambit
|-damage|p2a: Kingambit|0 fnt
|faint|p2a: Kingambit
|-end|p2a: Kingambit|fallenundefined|[silent]
|
|upkeep
|
|t:|1779673026
|switch|p2a: Cinderace|Cinderace, M|100/100
|turn|7
|
|t:|1779673029
|switch|p1a: Alomomola|Alomomola, M|100/100
|move|p2a: Cinderace|Court Change|p2a: Cinderace
|-swapsideconditions
|-activate|p2a: Cinderace|move: Court Change
|
|upkeep
|turn|8
|
|t:|1779673033
|move|p2a: Cinderace|U-turn|p1a: Alomomola
|-damage|p1a: Alomomola|87/100
|
|t:|1779673035
|switch|p2a: Zapdos|Zapdos, shiny|64/100|[from] U-turn
|move|p1a: Alomomola|Flip Turn|p2a: Zapdos
|-damage|p2a: Zapdos|52/100
|
|t:|1779673042
|switch|p1a: Oi|Iron Crown|70/100|[from] Flip Turn
|-damage|p1a: Oi|64/100|[from] Stealth Rock
|
|-heal|p1a: Oi|70/100|[from] Grassy Terrain
|upkeep
|turn|9
|
|t:|1779673045
|move|p1a: Oi|Psyshock|p2a: Zapdos
|-damage|p2a: Zapdos|7/100
|move|p2a: Zapdos|Volt Switch|p1a: Oi
|-damage|p1a: Oi|43/100
|
|t:|1779673050
|switch|p2a: Great Tusk|Great Tusk|100/100|[from] Volt Switch
|
|-heal|p1a: Oi|49/100|[from] Grassy Terrain
|upkeep
|turn|10
|
|t:|1779673053
|move|p1a: Oi|Psyshock|p2a: Great Tusk
|-supereffective|p2a: Great Tusk
|-damage|p2a: Great Tusk|22/100
|move|p2a: Great Tusk|Headlong Rush|p1a: Oi
|-supereffective|p1a: Oi
|-damage|p1a: Oi|0 fnt
|-unboost|p2a: Great Tusk|def|1
|-unboost|p2a: Great Tusk|spd|1
|faint|p1a: Oi
|-end|p1a: Oi|Quark Drive|[silent]
|
|-heal|p2a: Great Tusk|28/100|[from] Grassy Terrain
|-heal|p2a: Great Tusk|35/100|[from] item: Leftovers
|-fieldend|move: Grassy Terrain
|upkeep
|
|t:|1779673058
|switch|p1a: Alomomola|Alomomola, M|100/100
|-damage|p1a: Alomomola|88/100|[from] Stealth Rock
|turn|11
|
|t:|1779673063
|-end|p2a: Great Tusk|Protosynthesis|[silent]
|switch|p2a: Zapdos|Zapdos, shiny|7/100
|move|p1a: Alomomola|Flip Turn|p2a: Zapdos
|-damage|p2a: Zapdos|0 fnt
|faint|p2a: Zapdos
|
|t:|1779673070
|switch|p1a: Darkrai|Darkrai|100/100|[from] Flip Turn
|-damage|p1a: Darkrai|88/100|[from] Stealth Rock
|
|-heal|p1a: Darkrai|94/100|[from] item: Leftovers
|upkeep
|
|t:|1779673076
|switch|p2a: Cinderace|Cinderace, M|100/100
|turn|12
|l|☆Allysson33
|player|p1|
|j|☆Allysson33
|player|p1|Allysson33|brycenman|
|
|t:|1779673095
|-terastallize|p1a: Darkrai|Poison
|move|p1a: Darkrai|Dark Pulse|p2a: Cinderace
|-damage|p2a: Cinderace|56/100
|move|p2a: Cinderace|U-turn|p1a: Darkrai
|-resisted|p1a: Darkrai
|-damage|p1a: Darkrai|83/100
|
|t:|1779673105
|switch|p2a: Kyurem|Kyurem|100/100|[from] U-turn
|-ability|p2a: Kyurem|Pressure
|
|-heal|p1a: Darkrai|89/100|[from] item: Leftovers
|upkeep
|turn|13
|
|t:|1779673116
|move|p1a: Darkrai|Dark Pulse|p2a: Kyurem
|-damage|p2a: Kyurem|68/100
|move|p2a: Kyurem|Earth Power|p1a: Darkrai
|-supereffective|p1a: Darkrai
|-damage|p1a: Darkrai|0 fnt
|faint|p1a: Darkrai
|
|upkeep
|
|t:|1779673120
|switch|p1a: Rillaboom|Rillaboom, M|100/100
|-damage|p1a: Rillaboom|88/100|[from] Stealth Rock
|-fieldstart|move: Grassy Terrain|[from] ability: Grassy Surge|[of] p1a: Rillaboom
|turn|14
|
|t:|1779673125
|switch|p2a: Slowking|Slowking-Galar, F|100/100
|move|p1a: Rillaboom|Wood Hammer|p2a: Slowking
|-resisted|p2a: Slowking
|-damage|p2a: Slowking|66/100
|-damage|p1a: Rillaboom|75/100|[from] Recoil
|
|-heal|p1a: Rillaboom|81/100|[from] Grassy Terrain
|-heal|p2a: Slowking|72/100|[from] Grassy Terrain
|upkeep
|turn|15
|
|t:|1779673138
|switch|p1a: Alomomola|Alomomola, M|100/100
|-damage|p1a: Alomomola|88/100|[from] Stealth Rock
|-prepare|p2a: Slowking|Chilly Reception|[premajor]
|move|p2a: Slowking|Chilly Reception|p2a: Slowking
|-weather|Snowscape
|
|t:|1779673141
|switch|p2a: Kyurem|Kyurem|68/100|[from] Chilly Reception
|-ability|p2a: Kyurem|Pressure
|
|-weather|Snowscape|[upkeep]
|-heal|p2a: Kyurem|74/100|[from] Grassy Terrain
|-heal|p1a: Alomomola|94/100|[from] Grassy Terrain
|upkeep
|turn|16
|
|t:|1779673147
|move|p2a: Kyurem|Freeze-Dry|p1a: Alomomola
|-supereffective|p1a: Alomomola
|-damage|p1a: Alomomola|38/100
|-status|p1a: Alomomola|frz
|cant|p1a: Alomomola|frz
|
|-weather|Snowscape|[upkeep]
|-heal|p2a: Kyurem|80/100|[from] Grassy Terrain
|-heal|p1a: Alomomola|44/100 frz|[from] Grassy Terrain
|upkeep
|turn|17
|
|t:|1779673152
|move|p2a: Kyurem|Freeze-Dry|p1a: Alomomola
|-supereffective|p1a: Alomomola
|-damage|p1a: Alomomola|0 fnt
|faint|p1a: Alomomola
|
|-weather|Snowscape|[upkeep]
|-heal|p2a: Kyurem|86/100|[from] Grassy Terrain
|upkeep
|
|t:|1779673154
|switch|p1a: Hatterene|Hatterene, F|100/100
|-damage|p1a: Hatterene|88/100|[from] Stealth Rock
|turn|18
|
|t:|1779673163
|switch|p2a: Slowking|Slowking-Galar, F|100/100
|move|p1a: Hatterene|Nuzzle|p2a: Slowking
|-damage|p2a: Slowking|97/100
|-status|p2a: Slowking|par
|
|-weather|Snowscape|[upkeep]
|-heal|p1a: Hatterene|94/100|[from] Grassy Terrain
|-heal|p1a: Hatterene|99/100|[from] item: Leftovers
|-heal|p2a: Slowking|100/100 par|[from] Grassy Terrain
|-fieldend|move: Grassy Terrain
|upkeep
|turn|19
|
|t:|1779673168
|switch|p1a: Rillaboom|Rillaboom, M|81/100
|-damage|p1a: Rillaboom|69/100|[from] Stealth Rock
|-fieldstart|move: Grassy Terrain|[from] ability: Grassy Surge|[of] p1a: Rillaboom
|move|p2a: Slowking|Sludge Bomb|p1a: Rillaboom
|-supereffective|p1a: Rillaboom
|-damage|p1a: Rillaboom|0 fnt
|faint|p1a: Rillaboom
|
|-weather|none
|upkeep
|-message|Allysson33 forfeited.
|
|win|riarley
|l|☆Allysson33
|player|p1|
