|j|☆sorry4usingstall
|j|☆tuanquewang
|t:|1779640300
|gametype|singles
|player|p1|sorry4usingstall|ghetsis|1647
|player|p2|tuanquewang|backersf|1665
|gen|9
|tier|[Gen 9] OU
|rated|
|rule|HP Percentage Mod: HP is shown in percentages
|rule|Endless Battle Clause: Forcing endless battles is banned
|rule|Species Clause: Limit one of each Pokémon
|rule|OHKO Clause: OHKO moves are banned
|rule|Evasion Items Clause: Evasion items are banned
|rule|Evasion Moves Clause: Evasion moves are banned
|rule|Evasion Abilities Clause: Evasion abilities are banned
|rule|Sleep Moves Clause: Sleep-inducing moves are banned
|clearpoke
|poke|p1|Clodsire, F|
|poke|p1|Dondozo, F|
|poke|p1|Alomomola, F|
|poke|p1|Talonflame, F|
|poke|p1|Toxapex, F|
|poke|p1|Blissey, F|
|poke|p2|Slowking-Galar, M|
|poke|p2|Hydrapple, F|
|poke|p2|Cinderace, M|
|poke|p2|Iron Crown|
|poke|p2|Alomomola, M|
|poke|p2|Beartic, M|
|teampreview
|inactive|Battle timer is ON: inactive players will automatically lose when time's up. (requested by tuanquewang)
|
|t:|1779640307
|teamsize|p1|6
|teamsize|p2|6
|start
|switch|p1a: Keep Trying.|Toxapex, F|100/100
|switch|p2a: Slowking|Slowking-Galar, M|100/100
|turn|1
|
|t:|1779640310
|switch|p1a: Still Trying?|Blissey, F, shiny|100/100
|move|p2a: Slowking|Psychic Noise|p1a: Still Trying?
|-damage|p1a: Still Trying?|92/100
|-start|p1a: Still Trying?|move: Heal Block
|
|upkeep
|turn|2
|
|t:|1779640318
|move|p1a: Still Trying?|Seismic Toss|p2a: Slowking
|-damage|p2a: Slowking|75/100
|move|p2a: Slowking|Toxic|p1a: Still Trying?
|-status|p1a: Still Trying?|tox
|
|-heal|p2a: Slowking|81/100|[from] item: Black Sludge
|-damage|p1a: Still Trying?|86/100 tox|[from] psn
|-end|p1a: Still Trying?|move: Heal Block
|upkeep
|turn|3
|
|t:|1779640321
|-curestatus|p1a: Still Trying?|tox|[from] ability: Natural Cure|[silent]
|switch|p1a: Keep Trying.|Toxapex, F|100/100
|move|p2a: Slowking|Trick|p1a: Keep Trying.
|-activate|p2a: Slowking|move: Trick|[of] p1a: Keep Trying.
|-item|p1a: Keep Trying.|Black Sludge|[from] move: Trick
|-item|p2a: Slowking|Heavy-Duty Boots|[from] move: Trick
|
|upkeep
|turn|4
|
|t:|1779640332
|move|p1a: Keep Trying.|Infestation|p2a: Slowking
|-damage|p2a: Slowking|80/100
|-activate|p2a: Slowking|move: Infestation|[of] p1a: Keep Trying.
|move|p2a: Slowking|Trick|p1a: Keep Trying.
|-activate|p2a: Slowking|move: Trick|[of] p1a: Keep Trying.
|-item|p1a: Keep Trying.|Heavy-Duty Boots|[from] move: Trick
|-item|p2a: Slowking|Black Sludge|[from] move: Trick
|
|-heal|p2a: Slowking|86/100|[from] item: Black Sludge
|-damage|p2a: Slowking|73/100|[from] move: Infestation|[partiallytrapped]
|upkeep
|turn|5
|
|t:|1779640339
|switch|p1a: Still Trying?|Blissey, F, shiny|86/100
|move|p2a: Slowking|Psychic Noise|p1a: Still Trying?
|-damage|p1a: Still Trying?|78/100
|-start|p1a: Still Trying?|move: Heal Block
|
|-heal|p2a: Slowking|79/100|[from] item: Black Sludge
|-end|p2a: Slowking|Infestation|[partiallytrapped]|[silent]
|upkeep
|turn|6
|
|t:|1779640347
|switch|p1a: Keep Trying.|Toxapex, F|100/100
|-prepare|p2a: Slowking|Chilly Reception|[premajor]
|move|p2a: Slowking|Chilly Reception|p2a: Slowking
|-weather|Snowscape
|
|t:|1779640355
|switch|p2a: Hydrapple|Hydrapple, F, shiny|100/100|[from] Chilly Reception
|
|-weather|Snowscape|[upkeep]
|upkeep
|turn|7
|
|t:|1779640360
|switch|p2a: Slowking|Slowking-Galar, M|100/100
|move|p1a: Keep Trying.|Toxic|p2a: Slowking
|-immune|p2a: Slowking
|
|-weather|Snowscape|[upkeep]
|upkeep
|turn|8
|
|t:|1779640371
|move|p1a: Keep Trying.|Infestation|p2a: Slowking
|-damage|p2a: Slowking|99/100
|-activate|p2a: Slowking|move: Infestation|[of] p1a: Keep Trying.
|move|p2a: Slowking|Psychic Noise|p1a: Keep Trying.
|-supereffective|p1a: Keep Trying.
|-damage|p1a: Keep Trying.|49/100
|-start|p1a: Keep Trying.|move: Heal Block
|
|-weather|Snowscape|[upkeep]
|-heal|p2a: Slowking|100/100|[from] item: Black Sludge
|-damage|p2a: Slowking|88/100|[from] move: Infestation|[partiallytrapped]
|upkeep
|turn|9
|
|t:|1779640376
|move|p1a: Keep Trying.|Baneful Bunker|p1a: Keep Trying.
|-singleturn|p1a: Keep Trying.|move: Protect
|move|p2a: Slowking|Trick|p1a: Keep Trying.
|-activate|p1a: Keep Trying.|move: Protect
|
|-weather|Snowscape|[upkeep]
|-heal|p2a: Slowking|94/100|[from] item: Black Sludge
|-damage|p2a: Slowking|82/100|[from] move: Infestation|[partiallytrapped]
|-end|p1a: Keep Trying.|move: Heal Block
|upkeep
|turn|10
|
|t:|1779640382
|switch|p1a: Worth Trying.|Clodsire, F, shiny|100/100
|move|p2a: Slowking|Trick|p1a: Worth Trying.
|-activate|p2a: Slowking|move: Trick|[of] p1a: Worth Trying.
|-item|p1a: Worth Trying.|Black Sludge|[from] move: Trick
|-item|p2a: Slowking|Heavy-Duty Boots|[from] move: Trick
|
|-weather|none
|-end|p2a: Slowking|Infestation|[partiallytrapped]|[silent]
|upkeep
|turn|11
|
|t:|1779640397
|switch|p1a: Still Trying?|Blissey, F, shiny|78/100
|move|p2a: Slowking|Trick|p1a: Still Trying?
|-activate|p2a: Slowking|move: Trick|[of] p1a: Still Trying?
|-item|p1a: Still Trying?|Heavy-Duty Boots|[from] move: Trick
|-item|p2a: Slowking|Heavy-Duty Boots|[from] move: Trick
|
|upkeep
|turn|12
|
|t:|1779640403
|move|p1a: Still Trying?|Calm Mind|p1a: Still Trying?
|-boost|p1a: Still Trying?|spa|1
|-boost|p1a: Still Trying?|spd|1
|move|p2a: Slowking|Toxic|p1a: Still Trying?
|-status|p1a: Still Trying?|tox
|
|-damage|p1a: Still Trying?|72/100 tox|[from] psn
|upkeep
|turn|13
|
|t:|1779640408
|-curestatus|p1a: Still Trying?|tox|[from] ability: Natural Cure|[silent]
|switch|p1a: Keep Trying.|Toxapex, F|82/100
|move|p2a: Slowking|Psychic Noise|p1a: Keep Trying.
|-supereffective|p1a: Keep Trying.
|-damage|p1a: Keep Trying.|38/100
|-start|p1a: Keep Trying.|move: Heal Block
|
|upkeep
|turn|14
|
|t:|1779640413
|switch|p1a: Still Trying?|Blissey, F, shiny|72/100
|move|p2a: Slowking|Toxic|p1a: Still Trying?
|-status|p1a: Still Trying?|tox
|
|-damage|p1a: Still Trying?|65/100 tox|[from] psn
|upkeep
|turn|15
|
|t:|1779640418
|-curestatus|p1a: Still Trying?|tox|[from] ability: Natural Cure|[silent]
|switch|p1a: You Tried.|Dondozo, F, shiny|100/100
|move|p2a: Slowking|Psychic Noise|p1a: You Tried.
|-damage|p1a: You Tried.|76/100
|-start|p1a: You Tried.|move: Heal Block
|
|upkeep
|turn|16
|
|t:|1779640428
|move|p1a: You Tried.|Liquidation|p2a: Slowking
|-damage|p2a: Slowking|54/100
|move|p2a: Slowking|Toxic|p1a: You Tried.
|-status|p1a: You Tried.|tox
|
|-damage|p1a: You Tried.|70/100 tox|[from] psn
|-end|p1a: You Tried.|move: Heal Block
|upkeep
|turn|17
|
|t:|1779640432
|move|p1a: You Tried.|Rest|p1a: You Tried.
|-status|p1a: You Tried.|slp|[from] move: Rest
|-heal|p1a: You Tried.|100/100 slp|[silent]
|-prepare|p2a: Slowking|Chilly Reception|[premajor]
|move|p2a: Slowking|Chilly Reception|p2a: Slowking
|-weather|Snowscape
|
|t:|1779640446
|switch|p2a: Hydrapple|Hydrapple, F, shiny|100/100|[from] Chilly Reception
|
|-weather|Snowscape|[upkeep]
|upkeep
|turn|18
|inactive|sorry4usingstall has 120 seconds left.
|
|t:|1779640477
|switch|p1a: Worth Trying.|Clodsire, F, shiny|100/100
|move|p2a: Hydrapple|Draco Meteor|p1a: Worth Trying.
|-damage|p1a: Worth Trying.|45/100
|-unboost|p2a: Hydrapple|spa|2
|
|-weather|Snowscape|[upkeep]
|-heal|p1a: Worth Trying.|51/100|[from] item: Black Sludge
|upkeep
|turn|19
|
|t:|1779640483
|switch|p2a: Slowking|Slowking-Galar, M|87/100
|switch|p1a: Try Harder.|Alomomola, F, shiny|100/100
|
|-weather|Snowscape|[upkeep]
|upkeep
|turn|20
|
|t:|1779640495
|switch|p1a: Keep Trying.|Toxapex, F|72/100
|move|p2a: Slowking|Toxic|p1a: Keep Trying.
|-immune|p1a: Keep Trying.
|
|-weather|Snowscape|[upkeep]
|upkeep
|turn|21
|
|t:|1779640501
|switch|p1a: Try Harder.|Alomomola, F, shiny|100/100
|move|p2a: Slowking|Trick|p1a: Try Harder.
|-activate|p2a: Slowking|move: Trick|[of] p1a: Try Harder.
|-item|p1a: Try Harder.|Heavy-Duty Boots|[from] move: Trick
|-item|p2a: Slowking|Heavy-Duty Boots|[from] move: Trick
|
|-weather|none
|upkeep
|turn|22
|j| chanflesunun
|inactive|sorry4usingstall has 120 seconds left.
|
|t:|1779640530
|move|p1a: Try Harder.|Protect|p1a: Try Harder.
|-singleturn|p1a: Try Harder.|Protect
|move|p2a: Slowking|Psychic Noise|p1a: Try Harder.
|-activate|p1a: Try Harder.|move: Protect
|
|upkeep
|turn|23
|
|t:|1779640540
|switch|p1a: Still Trying?|Blissey, F, shiny|65/100
|-prepare|p2a: Slowking|Chilly Reception|[premajor]
|move|p2a: Slowking|Chilly Reception|p2a: Slowking
|-weather|Snowscape
|
|t:|1779640548
|switch|p2a: Beartic|Beartic, M|100/100|[from] Chilly Reception
|
|-weather|Snowscape|[upkeep]
|upkeep
|turn|24
|
|t:|1779640559
|switch|p1a: Keep Trying.|Toxapex, F|100/100
|move|p2a: Beartic|Earthquake|p1a: Keep Trying.
|-supereffective|p1a: Keep Trying.
|-damage|p1a: Keep Trying.|29/100
|
|-weather|Snowscape|[upkeep]
|upkeep
|turn|25
|c| chanflesunun|Zzzzxz
|j| HQSFun
|inactive|sorry4usingstall has 120 seconds left.
|l| HQSFun
|
|t:|1779640596
|switch|p2a: Iron Crown|Iron Crown|100/100
|switch|p1a: Try Harder.|Alomomola, F, shiny|100/100
|
|-weather|Snowscape|[upkeep]
|upkeep
|turn|26
|
|t:|1779640611
|-end|p2a: Iron Crown|Quark Drive|[silent]
|switch|p2a: Hydrapple|Hydrapple, F, shiny|100/100
|move|p1a: Try Harder.|Protect||[still]
|-fail|p1a: Try Harder.
|
|-weather|Snowscape|[upkeep]
|upkeep
|turn|27
|
|t:|1779640621
|switch|p1a: Still Trying?|Blissey, F, shiny|65/100
|move|p2a: Hydrapple|Leaf Storm|p1a: Still Trying?
|-damage|p1a: Still Trying?|32/100
|-unboost|p2a: Hydrapple|spa|2
|
|-weather|none
|upkeep
|turn|28
|l| chanflesunun
|
|t:|1779640626
|switch|p2a: Slowking|Slowking-Galar, M|100/100
|move|p1a: Still Trying?|Soft-Boiled|p1a: Still Trying?
|-heal|p1a: Still Trying?|82/100
|
|upkeep
|turn|29
|j| foxi4
|
|t:|1779640640
|move|p1a: Still Trying?|Calm Mind|p1a: Still Trying?
|-boost|p1a: Still Trying?|spa|1
|-boost|p1a: Still Trying?|spd|1
|move|p2a: Slowking|Psychic Noise|p1a: Still Trying?
|-damage|p1a: Still Trying?|76/100
|-start|p1a: Still Trying?|move: Heal Block
|
|upkeep
|turn|30
|
|t:|1779640643
|move|p1a: Still Trying?|Shadow Ball|p2a: Slowking
|-supereffective|p2a: Slowking
|-damage|p2a: Slowking|76/100
|-unboost|p2a: Slowking|spd|1
|move|p2a: Slowking|Toxic|p1a: Still Trying?
|-status|p1a: Still Trying?|tox
|
|-damage|p1a: Still Trying?|70/100 tox|[from] psn
|-end|p1a: Still Trying?|move: Heal Block
|upkeep
|turn|31
|
|t:|1779640650
|-curestatus|p1a: Still Trying?|tox|[from] ability: Natural Cure|[silent]
|switch|p1a: You Tried.|Dondozo, F, shiny|100/100 slp
|-prepare|p2a: Slowking|Chilly Reception|[premajor]
|move|p2a: Slowking|Chilly Reception|p2a: Slowking
|-weather|Snowscape
|
|t:|1779640656
|switch|p2a: Iron Crown|Iron Crown|100/100|[from] Chilly Reception
|
|-weather|Snowscape|[upkeep]
|upkeep
|turn|32
|
|t:|1779640662
|move|p2a: Iron Crown|Volt Switch|p1a: You Tried.
|-supereffective|p1a: You Tried.
|-damage|p1a: You Tried.|48/100 slp
|
|t:|1779640665
|-end|p2a: Iron Crown|Quark Drive|[silent]
|switch|p2a: Hydrapple|Hydrapple, F, shiny|100/100|[from] Volt Switch
|cant|p1a: You Tried.|slp
|move|p1a: You Tried.|Sleep Talk|p1a: You Tried.
|move|p1a: You Tried.|Liquidation|p2a: Hydrapple|[from] move: Sleep Talk
|-resisted|p2a: Hydrapple
|-damage|p2a: Hydrapple|95/100
|
|-weather|Snowscape|[upkeep]
|upkeep
|turn|33
|
|t:|1779640695
|switch|p1a: Still Trying?|Blissey, F, shiny|70/100
|switch|p2a: Beartic|Beartic, M|100/100
|
|-weather|Snowscape|[upkeep]
|upkeep
|turn|34
|
|t:|1779640712
|switch|p1a: Try Harder.|Alomomola, F, shiny|100/100
|move|p2a: Beartic|Icicle Crash|p1a: Try Harder.
|-resisted|p1a: Try Harder.
|-damage|p1a: Try Harder.|77/100
|
|-weather|Snowscape|[upkeep]
|upkeep
|turn|35
|
|t:|1779640719
|move|p2a: Beartic|Icicle Crash|p1a: Try Harder.
|-resisted|p1a: Try Harder.
|-damage|p1a: Try Harder.|54/100
|cant|p1a: Try Harder.|flinch
|
|-weather|none
|upkeep
|turn|36
|
|t:|1779640725
|move|p2a: Beartic|Icicle Crash|p1a: Try Harder.
|-resisted|p1a: Try Harder.
|-damage|p1a: Try Harder.|32/100
|move|p1a: Try Harder.|Wish|p1a: Try Harder.
|
|upkeep
|turn|37
|
|t:|1779640739
|move|p1a: Try Harder.|Protect|p1a: Try Harder.
|-singleturn|p1a: Try Harder.|Protect
|move|p2a: Beartic|Icicle Crash|p1a: Try Harder.
|-activate|p1a: Try Harder.|move: Protect
|
|-heal|p1a: Try Harder.|82/100|[from] move: Wish|[wisher] Try Harder.
|upkeep
|turn|38
|
|t:|1779640744
|switch|p2a: Slowking|Slowking-Galar, M|100/100
|move|p1a: Try Harder.|Wish|p1a: Try Harder.
|
|upkeep
|turn|39
|
|t:|1779640751
|move|p1a: Try Harder.|Flip Turn|p2a: Slowking
|-damage|p2a: Slowking|85/100
|
|t:|1779640754
|switch|p1a: Still Trying?|Blissey, F, shiny|70/100|[from] Flip Turn
|move|p2a: Slowking|Psychic Noise|p1a: Still Trying?
|-damage|p1a: Still Trying?|62/100
|-start|p1a: Still Trying?|move: Heal Block
|
|upkeep
|turn|40
|
|t:|1779640770
|switch|p1a: You Tried.|Dondozo, F, shiny|48/100 slp
|move|p2a: Slowking|Toxic||[still]
|-fail|p2a: Slowking
|
|upkeep
|turn|41
|
|t:|1779640773
|switch|p1a: Still Trying?|Blissey, F, shiny|62/100
|-prepare|p2a: Slowking|Chilly Reception|[premajor]
|move|p2a: Slowking|Chilly Reception|p2a: Slowking
|-weather|Snowscape
|
|t:|1779640789
|switch|p2a: Beartic|Beartic, M|100/100|[from] Chilly Reception
|
|-weather|Snowscape|[upkeep]
|upkeep
|turn|42
|
|t:|1779640808
|switch|p1a: Try Harder.|Alomomola, F, shiny|100/100
|move|p2a: Beartic|Earthquake|p1a: Try Harder.
|-damage|p1a: Try Harder.|66/100
|
|-weather|Snowscape|[upkeep]
|upkeep
|turn|43
|
|t:|1779640816
|move|p2a: Beartic|Earthquake|p1a: Try Harder.
|-damage|p1a: Try Harder.|32/100
|move|p1a: Try Harder.|Wish|p1a: Try Harder.
|
|-weather|Snowscape|[upkeep]
|upkeep
|turn|44
|
|t:|1779640829
|switch|p2a: Iron Crown|Iron Crown|100/100
|switch|p1a: You Tried.|Dondozo, F, shiny|48/100 slp
|
|-weather|Snowscape|[upkeep]
|-heal|p1a: You Tried.|95/100 slp|[from] move: Wish|[wisher] Try Harder.
|upkeep
|turn|45
|
|t:|1779640838
|move|p2a: Iron Crown|Psyshock|p1a: You Tried.
|-damage|p1a: You Tried.|76/100 slp
|cant|p1a: You Tried.|slp
|move|p1a: You Tried.|Sleep Talk|p1a: You Tried.
|move|p1a: You Tried.|Rest||[from] move: Sleep Talk|[still]
|-fail|p1a: You Tried.
|
|-weather|none
|upkeep
|turn|46
|
|t:|1779640848
|-end|p2a: Iron Crown|Quark Drive|[silent]
|switch|p2a: Hydrapple|Hydrapple, F, shiny|100/100
|-curestatus|p1a: You Tried.|slp|[msg]
|move|p1a: You Tried.|Rest|p1a: You Tried.
|-status|p1a: You Tried.|slp|[from] move: Rest
|-heal|p1a: You Tried.|100/100 slp|[silent]
|
|upkeep
|turn|47
|
|t:|1779640860
|switch|p1a: Still Trying?|Blissey, F, shiny|62/100
|move|p2a: Hydrapple|Draco Meteor|p1a: Still Trying?|[miss]
|-miss|p2a: Hydrapple|p1a: Still Trying?
|
|upkeep
|turn|48
|
|t:|1779640868
|switch|p2a: Slowking|Slowking-Galar, M|100/100
|move|p1a: Still Trying?|Soft-Boiled|p1a: Still Trying?
|-heal|p1a: Still Trying?|100/100
|
|upkeep
|turn|49
|
|t:|1779640876
|switch|p1a: You Tried.|Dondozo, F, shiny|100/100 slp
|move|p2a: Slowking|Toxic||[still]
|-fail|p2a: Slowking
|
|upkeep
|turn|50
|
|t:|1779640880
|switch|p1a: Still Trying?|Blissey, F, shiny|100/100
|-prepare|p2a: Slowking|Chilly Reception|[premajor]
|move|p2a: Slowking|Chilly Reception|p2a: Slowking
|-weather|Snowscape
|
|t:|1779640882
|switch|p2a: Beartic|Beartic, M|100/100|[from] Chilly Reception
|
|-weather|Snowscape|[upkeep]
|upkeep
|turn|51
|
|t:|1779640892
|switch|p1a: Try Harder.|Alomomola, F, shiny|65/100
|-terastallize|p2a: Beartic|Ground
|move|p2a: Beartic|Earthquake|p1a: Try Harder.
|-damage|p1a: Try Harder.|14/100
|
|-weather|Snowscape|[upkeep]
|upkeep
|turn|52
|
|t:|1779640901
|switch|p1a: Nice Try.|Talonflame, F, shiny|100/100
|move|p2a: Beartic|Earthquake|p1a: Nice Try.
|-immune|p1a: Nice Try.
|
|-weather|Snowscape|[upkeep]
|upkeep
|turn|53
|
|t:|1779640911
|switch|p2a: Slowking|Slowking-Galar, M|100/100
|switch|p1a: Try Harder.|Alomomola, F, shiny|48/100
|
|-weather|Snowscape|[upkeep]
|upkeep
|turn|54
|
|t:|1779640916
|move|p1a: Try Harder.|Flip Turn|p2a: Slowking
|-damage|p2a: Slowking|83/100
|
|t:|1779640919
|switch|p1a: You Tried.|Dondozo, F, shiny|100/100 slp|[from] Flip Turn
|move|p2a: Slowking|Toxic||[still]
|-fail|p2a: Slowking
|
|-weather|none
|upkeep
|turn|55
|
|t:|1779640924
|cant|p1a: You Tried.|slp
|move|p1a: You Tried.|Sleep Talk|p1a: You Tried.
|move|p1a: You Tried.|Rest||[from] move: Sleep Talk|[still]
|-fail|p1a: You Tried.
|move|p2a: Slowking|Trick|p1a: You Tried.
|-activate|p2a: Slowking|move: Trick|[of] p1a: You Tried.
|-item|p1a: You Tried.|Heavy-Duty Boots|[from] move: Trick
|-item|p2a: Slowking|Heavy-Duty Boots|[from] move: Trick
|
|upkeep
|turn|56
|
|t:|1779640930
|switch|p1a: Still Trying?|Blissey, F, shiny|100/100
|-prepare|p2a: Slowking|Chilly Reception|[premajor]
|move|p2a: Slowking|Chilly Reception|p2a: Slowking
|-weather|Snowscape
|
|t:|1779640933
|switch|p2a: Cinderace|Cinderace, M|100/100|[from] Chilly Reception
|
|-weather|Snowscape|[upkeep]
|upkeep
|turn|57
|
|t:|1779640938
|switch|p1a: You Tried.|Dondozo, F, shiny|100/100 slp
|move|p2a: Cinderace|U-turn|p1a: You Tried.
|-start|p2a: Cinderace|typechange|Bug|[from] ability: Libero
|-crit|p1a: You Tried.
|-damage|p1a: You Tried.|76/100 slp
|
|t:|1779640942
|switch|p2a: Iron Crown|Iron Crown|100/100|[from] U-turn
|
|-weather|Snowscape|[upkeep]
|upkeep
|turn|58
|
|t:|1779640949
|switch|p1a: Still Trying?|Blissey, F, shiny|100/100
|move|p2a: Iron Crown|Volt Switch|p1a: Still Trying?
|-damage|p1a: Still Trying?|92/100
|
|t:|1779640953
|-end|p2a: Iron Crown|Quark Drive|[silent]
|switch|p2a: Cinderace|Cinderace, M|100/100|[from] Volt Switch
|
|-weather|Snowscape|[upkeep]
|upkeep
|turn|59
|
|t:|1779640960
|switch|p1a: Nice Try.|Talonflame, F, shiny|100/100
|move|p2a: Cinderace|High Jump Kick|p1a: Nice Try.
|-start|p2a: Cinderace|typechange|Fighting|[from] ability: Libero
|-resisted|p1a: Nice Try.
|-damage|p1a: Nice Try.|72/100
|-status|p2a: Cinderace|brn|[from] ability: Flame Body|[of] p1a: Nice Try.
|
|-weather|Snowscape|[upkeep]
|-damage|p2a: Cinderace|95/100 brn|[from] brn
|upkeep
|turn|60
|
|t:|1779640970
|move|p2a: Cinderace|Court Change||[still]
|-fail|p2a: Cinderace
|move|p1a: Nice Try.|Will-O-Wisp|p2a: Cinderace|[miss]
|-miss|p1a: Nice Try.|p2a: Cinderace
|
|-weather|none
|-damage|p2a: Cinderace|89/100 brn|[from] brn
|upkeep
|turn|61
|
|t:|1779640975
|switch|p1a: Try Harder.|Alomomola, F, shiny|81/100
|move|p2a: Cinderace|U-turn|p1a: Try Harder.
|-damage|p1a: Try Harder.|74/100
|
|t:|1779640980
|switch|p2a: Iron Crown|Iron Crown|100/100|[from] U-turn
|
|upkeep
|turn|62
|
|t:|1779640992
|-end|p2a: Iron Crown|Quark Drive|[silent]
|switch|p2a: Hydrapple|Hydrapple, F, shiny|100/100
|move|p1a: Try Harder.|Protect||[still]
|-fail|p1a: Try Harder.
|
|upkeep
|turn|63
|
|t:|1779641006
|switch|p1a: Still Trying?|Blissey, F, shiny|92/100
|switch|p2a: Beartic|Beartic, M, tera:Ground|100/100
|
|upkeep
|turn|64
|
|t:|1779641017
|switch|p1a: Try Harder.|Alomomola, F, shiny|100/100
|move|p2a: Beartic|Earthquake|p1a: Try Harder.
|-damage|p1a: Try Harder.|50/100
|
|upkeep
|turn|65
|
|t:|1779641030
|switch|p2a: Iron Crown|Iron Crown|100/100
|switch|p1a: Nice Try.|Talonflame, F, shiny|72/100
|
|upkeep
|turn|66
|
|t:|1779641037
|switch|p1a: Try Harder.|Alomomola, F, shiny|83/100
|move|p2a: Iron Crown|Psyshock|p1a: Try Harder.
|-damage|p1a: Try Harder.|57/100
|
|upkeep
|turn|67
|
|t:|1779641044
|-end|p2a: Iron Crown|Quark Drive|[silent]
|switch|p2a: Hydrapple|Hydrapple, F, shiny|100/100
|move|p1a: Try Harder.|Wish|p1a: Try Harder.
|
|upkeep
|turn|68
|
|t:|1779641054
|switch|p1a: Still Trying?|Blissey, F, shiny|92/100
|move|p2a: Hydrapple|Earth Power|p1a: Still Trying?
|-damage|p1a: Still Trying?|78/100
|
|-heal|p1a: Still Trying?|100/100|[from] move: Wish|[wisher] Try Harder.
|upkeep
|turn|69
|
|t:|1779641064
|switch|p2a: Slowking|Slowking-Galar, M|100/100
|move|p1a: Still Trying?|Seismic Toss|p2a: Slowking
|-damage|p2a: Slowking|75/100
|
|upkeep
|turn|70
|
|t:|1779641075
|move|p1a: Still Trying?|Calm Mind|p1a: Still Trying?
|-boost|p1a: Still Trying?|spa|1
|-boost|p1a: Still Trying?|spd|1
|move|p2a: Slowking|Psychic Noise|p1a: Still Trying?
|-damage|p1a: Still Trying?|95/100
|-start|p1a: Still Trying?|move: Heal Block
|
|upkeep
|turn|71
|
|t:|1779641080
|switch|p1a: You Tried.|Dondozo, F, shiny|76/100 slp
|switch|p2a: Alomomola|Alomomola, M|100/100
|
|upkeep
|turn|72
|
|t:|1779641085
|switch|p1a: Try Harder.|Alomomola, F, shiny|90/100
|move|p2a: Alomomola|Flip Turn|p1a: Try Harder.
|-resisted|p1a: Try Harder.
|-damage|p1a: Try Harder.|85/100
|
|t:|1779641093
|switch|p2a: Hydrapple|Hydrapple, F, shiny|100/100|[from] Flip Turn
|
|upkeep
|turn|73
|
|t:|1779641107
|move|p1a: Try Harder.|Protect|p1a: Try Harder.
|-singleturn|p1a: Try Harder.|Protect
|move|p2a: Hydrapple|Leaf Storm|p1a: Try Harder.
|-activate|p1a: Try Harder.|move: Protect
|
|upkeep
|turn|74
|
|t:|1779641112
|switch|p1a: Still Trying?|Blissey, F, shiny|95/100
|switch|p2a: Iron Crown|Iron Crown|100/100
|
|upkeep
|turn|75
|
|t:|1779641125
|-terastallize|p1a: Still Trying?|Dark
|move|p2a: Iron Crown|Volt Switch|p1a: Still Trying?
|-damage|p1a: Still Trying?|87/100
|
|t:|1779641136
|-end|p2a: Iron Crown|Quark Drive|[silent]
|switch|p2a: Alomomola|Alomomola, M|100/100|[from] Volt Switch
|move|p1a: Still Trying?|Shadow Ball|p2a: Alomomola
|-damage|p2a: Alomomola|84/100
|
|-heal|p2a: Alomomola|90/100|[from] item: Leftovers
|upkeep
|turn|76
|
|t:|1779641145
|switch|p1a: Keep Trying.|Toxapex, F|63/100
|move|p2a: Alomomola|Flip Turn|p1a: Keep Trying.
|-resisted|p1a: Keep Trying.
|-damage|p1a: Keep Trying.|57/100
|
|t:|1779641158
|switch|p2a: Iron Crown|Iron Crown|100/100|[from] Flip Turn
|
|upkeep
|turn|77
|
|t:|1779641163
|move|p1a: Keep Trying.|Baneful Bunker|p1a: Keep Trying.
|-singleturn|p1a: Keep Trying.|move: Protect
|move|p2a: Iron Crown|Volt Switch|p1a: Keep Trying.
|-activate|p1a: Keep Trying.|move: Protect
|
|upkeep
|turn|78
|
|t:|1779641168
|-end|p2a: Iron Crown|Quark Drive|[silent]
|switch|p2a: Beartic|Beartic, M, tera:Ground|100/100
|switch|p1a: Worth Trying.|Clodsire, F, shiny|51/100
|
|-heal|p1a: Worth Trying.|57/100|[from] item: Black Sludge
|upkeep
|turn|79
|
|t:|1779641180
|switch|p1a: Try Harder.|Alomomola, F, shiny|100/100
|move|p2a: Beartic|Earthquake|p1a: Try Harder.
|-damage|p1a: Try Harder.|45/100
|
|upkeep
|turn|80
|
|t:|1779641188
|switch|p2a: Iron Crown|Iron Crown|100/100
|switch|p1a: Nice Try.|Talonflame, F, shiny|72/100
|
|upkeep
|turn|81
|
|t:|1779641197
|switch|p1a: Still Trying?|Blissey, F, shiny, tera:Dark|87/100
|move|p2a: Iron Crown|Volt Switch|p1a: Still Trying?
|-damage|p1a: Still Trying?|80/100
|
|t:|1779641201
|-end|p2a: Iron Crown|Quark Drive|[silent]
|switch|p2a: Cinderace|Cinderace, M|89/100 brn|[from] Volt Switch
|
|-damage|p2a: Cinderace|83/100 brn|[from] brn
|upkeep
|turn|82
|
|t:|1779641206
|switch|p1a: Keep Trying.|Toxapex, F|91/100
|move|p2a: Cinderace|U-turn|p1a: Keep Trying.
|-start|p2a: Cinderace|typechange|Bug|[from] ability: Libero
|-resisted|p1a: Keep Trying.
|-damage|p1a: Keep Trying.|86/100
|
|t:|1779641213
|switch|p2a: Iron Crown|Iron Crown|100/100|[from] U-turn
|
|upkeep
|turn|83
|
|t:|1779641217
|move|p1a: Keep Trying.|Baneful Bunker|p1a: Keep Trying.
|-singleturn|p1a: Keep Trying.|move: Protect
|move|p2a: Iron Crown|Volt Switch|p1a: Keep Trying.
|-activate|p1a: Keep Trying.|move: Protect
|
|upkeep
|turn|84
|
|t:|1779641223
|-end|p2a: Iron Crown|Quark Drive|[silent]
|switch|p2a: Slowking|Slowking-Galar, M|100/100
|move|p1a: Keep Trying.|Toxic|p2a: Slowking
|-immune|p2a: Slowking
|
|upkeep
|turn|85
|
|t:|1779641240
|move|p1a: Keep Trying.|Baneful Bunker|p1a: Keep Trying.
|-singleturn|p1a: Keep Trying.|move: Protect
|move|p2a: Slowking|Psychic Noise|p1a: Keep Trying.
|-activate|p1a: Keep Trying.|move: Protect
|
|upkeep
|turn|86
|
|t:|1779641246
|switch|p1a: Still Trying?|Blissey, F, shiny, tera:Dark|80/100
|move|p2a: Slowking|Toxic|p1a: Still Trying?
|-status|p1a: Still Trying?|tox
|
|-damage|p1a: Still Trying?|73/100 tox|[from] psn
|upkeep
|turn|87
|
|t:|1779641253
|-curestatus|p1a: Still Trying?|tox|[from] ability: Natural Cure|[silent]
|switch|p1a: Keep Trying.|Toxapex, F|100/100
|-prepare|p2a: Slowking|Chilly Reception|[premajor]
|move|p2a: Slowking|Chilly Reception|p2a: Slowking
|-weather|Snowscape
|
|t:|1779641260
|switch|p2a: Beartic|Beartic, M, tera:Ground|100/100|[from] Chilly Reception
|
|-weather|Snowscape|[upkeep]
|upkeep
|turn|88
|inactive|sorry4usingstall has 120 seconds left.
|
|t:|1779641308
|switch|p2a: Hydrapple|Hydrapple, F, shiny|100/100
|move|p1a: Keep Trying.|Baneful Bunker||[still]
|-fail|p1a: Keep Trying.
|
|-weather|Snowscape|[upkeep]
|upkeep
|turn|89
|
|t:|1779641314
|move|p1a: Keep Trying.|Toxic|p2a: Hydrapple
|-status|p2a: Hydrapple|tox
|move|p2a: Hydrapple|Earth Power|p1a: Keep Trying.
|-supereffective|p1a: Keep Trying.
|-damage|p1a: Keep Trying.|20/100
|
|-weather|Snowscape|[upkeep]
|-damage|p2a: Hydrapple|94/100 tox|[from] psn
|upkeep
|turn|90
|
|t:|1779641323
|switch|p1a: Still Trying?|Blissey, F, shiny, tera:Dark|73/100
|move|p2a: Hydrapple|Earth Power|p1a: Still Trying?
|-damage|p1a: Still Trying?|58/100
|
|-weather|Snowscape|[upkeep]
|-damage|p2a: Hydrapple|82/100 tox|[from] psn
|upkeep
|turn|91
|
|t:|1779641327
|move|p1a: Still Trying?|Soft-Boiled|p1a: Still Trying?
|-heal|p1a: Still Trying?|100/100
|move|p2a: Hydrapple|Earth Power|p1a: Still Trying?
|-damage|p1a: Still Trying?|86/100
|
|-weather|none
|-damage|p2a: Hydrapple|64/100 tox|[from] psn
|upkeep
|turn|92
|
|t:|1779641333
|switch|p2a: Alomomola|Alomomola, M|100/100
|move|p1a: Still Trying?|Seismic Toss|p2a: Alomomola
|-damage|p2a: Alomomola|82/100
|
|-heal|p2a: Alomomola|88/100|[from] item: Leftovers
|upkeep
|turn|93
|
|t:|1779641337
|switch|p1a: Keep Trying.|Toxapex, F|53/100
|move|p2a: Alomomola|Flip Turn|p1a: Keep Trying.
|-resisted|p1a: Keep Trying.
|-damage|p1a: Keep Trying.|49/100
|
|t:|1779641341
|switch|p2a: Iron Crown|Iron Crown|100/100|[from] Flip Turn
|
|upkeep
|turn|94
|
|t:|1779641344
|switch|p1a: Still Trying?|Blissey, F, shiny, tera:Dark|86/100
|move|p2a: Iron Crown|Volt Switch|p1a: Still Trying?
|-damage|p1a: Still Trying?|79/100
|
|t:|1779641350
|-end|p2a: Iron Crown|Quark Drive|[silent]
|switch|p2a: Beartic|Beartic, M, tera:Ground|100/100|[from] Volt Switch
|
|upkeep
|turn|95
|
|t:|1779641356
|switch|p1a: Try Harder.|Alomomola, F, shiny|78/100
|move|p2a: Beartic|Earthquake|p1a: Try Harder.
|-damage|p1a: Try Harder.|24/100
|
|upkeep
|turn|96
|
|t:|1779641362
|switch|p2a: Hydrapple|Hydrapple, F, shiny|98/100 tox
|switch|p1a: Nice Try.|Talonflame, F, shiny|72/100
|
|-damage|p2a: Hydrapple|92/100 tox|[from] psn
|upkeep
|turn|97
|
|t:|1779641374
|switch|p1a: Still Trying?|Blissey, F, shiny, tera:Dark|79/100
|move|p2a: Hydrapple|Draco Meteor|p1a: Still Trying?
|-damage|p1a: Still Trying?|49/100
|-unboost|p2a: Hydrapple|spa|2
|
|-damage|p2a: Hydrapple|80/100 tox|[from] psn
|upkeep
|turn|98
|
|t:|1779641385
|switch|p2a: Beartic|Beartic, M, tera:Ground|100/100
|move|p1a: Still Trying?|Soft-Boiled|p1a: Still Trying?
|-heal|p1a: Still Trying?|99/100
|
|upkeep
|turn|99
|
|t:|1779641394
|switch|p1a: You Tried.|Dondozo, F, shiny|76/100 slp
|move|p2a: Beartic|Icicle Crash|p1a: You Tried.
|-resisted|p1a: You Tried.
|-damage|p1a: You Tried.|61/100 slp
|
|upkeep
|turn|100
|
|t:|1779641402
|switch|p1a: Try Harder.|Alomomola, F, shiny|57/100
|move|p2a: Beartic|Icicle Crash|p1a: Try Harder.
|-resisted|p1a: Try Harder.
|-damage|p1a: Try Harder.|34/100
|
|upkeep
|turn|101
|
|t:|1779641407
|switch|p1a: Keep Trying.|Toxapex, F|82/100
|move|p2a: Beartic|Icicle Crash|p1a: Keep Trying.
|-resisted|p1a: Keep Trying.
|-damage|p1a: Keep Trying.|61/100
|
|upkeep
|turn|102
|
|t:|1779641411
|switch|p2a: Slowking|Slowking-Galar, M|100/100
|switch|p1a: Try Harder.|Alomomola, F, shiny|67/100
|
|upkeep
|turn|103
|
|t:|1779641417
|move|p1a: Try Harder.|Flip Turn|p2a: Slowking
|-damage|p2a: Slowking|83/100
|
|t:|1779641420
|switch|p1a: Still Trying?|Blissey, F, shiny, tera:Dark|99/100|[from] Flip Turn
|move|p2a: Slowking|Toxic|p1a: Still Trying?
|-status|p1a: Still Trying?|tox
|
|-damage|p1a: Still Trying?|93/100 tox|[from] psn
|upkeep
|turn|104
|
|t:|1779641425
|-curestatus|p1a: Still Trying?|tox|[from] ability: Natural Cure|[silent]
|switch|p1a: Keep Trying.|Toxapex, F|95/100
|move|p2a: Slowking|Psychic Noise|p1a: Keep Trying.
|-supereffective|p1a: Keep Trying.
|-damage|p1a: Keep Trying.|50/100
|-start|p1a: Keep Trying.|move: Heal Block
|
|upkeep
|turn|105
|
|t:|1779641432
|switch|p1a: Still Trying?|Blissey, F, shiny, tera:Dark|93/100
|switch|p2a: Iron Crown|Iron Crown|100/100
|
|upkeep
|turn|106
|
|t:|1779641441
|move|p2a: Iron Crown|Tachyon Cutter|p1a: Still Trying?
|-damage|p1a: Still Trying?|84/100
|-damage|p1a: Still Trying?|75/100
|-hitcount|p1a: Still Trying?|2
|move|p1a: Still Trying?|Shadow Ball|p2a: Iron Crown
|-supereffective|p2a: Iron Crown
|-damage|p2a: Iron Crown|69/100
|
|upkeep
|turn|107
|
|t:|1779641446
|-end|p2a: Iron Crown|Quark Drive|[silent]
|switch|p2a: Alomomola|Alomomola, M|100/100
|move|p1a: Still Trying?|Shadow Ball|p2a: Alomomola
|-damage|p2a: Alomomola|85/100
|
|-heal|p2a: Alomomola|91/100|[from] item: Leftovers
|upkeep
|turn|108
|
|t:|1779641455
|switch|p1a: Keep Trying.|Toxapex, F|84/100
|move|p2a: Alomomola|Flip Turn|p1a: Keep Trying.
|-resisted|p1a: Keep Trying.
|-damage|p1a: Keep Trying.|79/100
|
|t:|1779641457
|switch|p2a: Iron Crown|Iron Crown|69/100|[from] Flip Turn
|
|upkeep
|turn|109
|
|t:|1779641460
|move|p2a: Iron Crown|Volt Switch|p1a: Keep Trying.
|-supereffective|p1a: Keep Trying.
|-damage|p1a: Keep Trying.|35/100
|
|t:|1779641463
|-end|p2a: Iron Crown|Quark Drive|[silent]
|switch|p2a: Slowking|Slowking-Galar, M|100/100|[from] Volt Switch
|move|p1a: Keep Trying.|Recover|p1a: Keep Trying.
|-heal|p1a: Keep Trying.|85/100
|
|upkeep
|turn|110
|
|t:|1779641472
|switch|p2a: Beartic|Beartic, M, tera:Ground|100/100
|move|p1a: Keep Trying.|Baneful Bunker||[still]
|-fail|p1a: Keep Trying.
|
|upkeep
|turn|111
|
|t:|1779641481
|switch|p2a: Slowking|Slowking-Galar, M|100/100
|switch|p1a: Try Harder.|Alomomola, F, shiny|99/100
|
|upkeep
|turn|112
|
|t:|1779641490
|switch|p2a: Hydrapple|Hydrapple, F, shiny|100/100 tox
|move|p1a: Try Harder.|Flip Turn|p2a: Hydrapple
|-resisted|p2a: Hydrapple
|-damage|p2a: Hydrapple|98/100 tox
|
|t:|1779641495
|switch|p1a: Keep Trying.|Toxapex, F|100/100|[from] Flip Turn
|
|-damage|p2a: Hydrapple|92/100 tox|[from] psn
|upkeep
|turn|113
|
|t:|1779641504
|switch|p2a: Slowking|Slowking-Galar, M|100/100
|move|p1a: Keep Trying.|Baneful Bunker||[still]
|-fail|p1a: Keep Trying.
|
|upkeep
|turn|114
|
|t:|1779641512
|move|p1a: Keep Trying.|Infestation|p2a: Slowking
|-damage|p2a: Slowking|99/100
|-activate|p2a: Slowking|move: Infestation|[of] p1a: Keep Trying.
|move|p2a: Slowking|Psychic Noise|p1a: Keep Trying.
|-supereffective|p1a: Keep Trying.
|-damage|p1a: Keep Trying.|51/100
|-start|p1a: Keep Trying.|move: Heal Block
|
|-damage|p2a: Slowking|86/100|[from] move: Infestation|[partiallytrapped]
|upkeep
|turn|115
|
|t:|1779641516
|switch|p1a: Still Trying?|Blissey, F, shiny, tera:Dark|75/100
|-prepare|p2a: Slowking|Chilly Reception|[premajor]
|move|p2a: Slowking|Chilly Reception|p2a: Slowking
|-weather|Snowscape
|
|t:|1779641520
|switch|p2a: Hydrapple|Hydrapple, F, shiny|100/100 tox|[from] Chilly Reception
|
|-weather|Snowscape|[upkeep]
|-damage|p2a: Hydrapple|94/100 tox|[from] psn
|upkeep
|turn|116
|
|t:|1779641525
|move|p1a: Still Trying?|Calm Mind|p1a: Still Trying?
|-boost|p1a: Still Trying?|spa|1
|-boost|p1a: Still Trying?|spd|1
|move|p2a: Hydrapple|Leaf Storm|p1a: Still Trying?
|-damage|p1a: Still Trying?|55/100
|-unboost|p2a: Hydrapple|spa|2
|
|-weather|Snowscape|[upkeep]
|-damage|p2a: Hydrapple|82/100 tox|[from] psn
|upkeep
|turn|117
|
|t:|1779641532
|switch|p1a: Try Harder.|Alomomola, F, shiny|100/100
|switch|p2a: Beartic|Beartic, M, tera:Ground|100/100
|
|-weather|Snowscape|[upkeep]
|upkeep
|turn|118
|
|t:|1779641538
|move|p2a: Beartic|Close Combat|p1a: Try Harder.
|-damage|p1a: Try Harder.|62/100
|-unboost|p2a: Beartic|def|1
|-unboost|p2a: Beartic|spd|1
|move|p1a: Try Harder.|Wish|p1a: Try Harder.
|
|-weather|Snowscape|[upkeep]
|upkeep
|turn|119
|
|t:|1779641546
|switch|p2a: Slowking|Slowking-Galar, M|100/100
|move|p1a: Try Harder.|Flip Turn|p2a: Slowking
|-damage|p2a: Slowking|83/100
|
|t:|1779641548
|switch|p1a: Still Trying?|Blissey, F, shiny, tera:Dark|55/100|[from] Flip Turn
|
|-weather|none
|-heal|p1a: Still Trying?|91/100|[from] move: Wish|[wisher] Try Harder.
|upkeep
|turn|120
|
|t:|1779641554
|switch|p1a: Keep Trying.|Toxapex, F|84/100
|move|p2a: Slowking|Toxic|p1a: Keep Trying.
|-immune|p1a: Keep Trying.
|
|upkeep
|turn|121
|-message|tuanquewang forfeited.
|
|win|sorry4usingstall
|raw|sorry4usingstall's rating: 1647 &rarr; <strong>1668</strong><br />(+21 for winning)
|raw|tuanquewang's rating: 1665 &rarr; <strong>1644</strong><br />(-21 for losing)
|l|☆tuanquewang
|player|p2|
