|j|☆Metal_In_Microwave
|j|☆immaterial-light
|t:|1779648698
|gametype|singles
|player|p1|Metal_In_Microwave|266|1437
|player|p2|immaterial-light|101|1387
|gen|9
|tier|[Gen 9] OU
|rated|
|rule|HP Percentage Mod: HP is shown in percentages
|rule|Endless Battle Clause: Forcing endless battles is banned
|rule|Species Clause: Limit one of each Pokémon
|rule|OHKO Clause: OHKO moves are banned
|rule|Evasion Items Clause: Evasion items are banned
|rule|Evasion Moves Clause: Evasion moves are banned
|rule|Evasion Abilities Clause: Evasion abilities are banned
|rule|Sleep Moves Clause: Sleep-inducing moves are banned
|clearpoke
|poke|p1|Pelipper, F|
|poke|p1|Dragonite, M|
|poke|p1|Braviary-Hisui, M|
|poke|p1|Quaquaval, F|
|poke|p1|Basculegion, M|
|poke|p1|Kingdra, F|
|poke|p2|Cresselia, F|
|poke|p2|Hatterene, F|
|poke|p2|Iron Hands|
|poke|p2|Ursaluna, F|
|poke|p2|Vikavolt, F|
|poke|p2|Porygon2|
|teampreview
|inactive|Battle timer is ON: inactive players will automatically lose when time's up. (requested by immaterial-light)
|inactive|Metal_In_Microwave has 120 seconds left.
|
|t:|1779648731
|teamsize|p1|6
|teamsize|p2|6
|start
|switch|p1a: Pelipper|Pelipper, F, shiny|100/100
|switch|p2a: Vikavolt|Vikavolt, F|100/100
|-weather|RainDance|[from] ability: Drizzle|[of] p1a: Pelipper
|turn|1
|
|t:|1779648737
|switch|p1a: Dragonite|Dragonite, M, shiny|100/100
|-terastallize|p2a: Vikavolt|Electric
|move|p2a: Vikavolt|Thunderbolt|p1a: Dragonite
|-damage|p1a: Dragonite|54/100
|
|-weather|RainDance|[upkeep]
|upkeep
|turn|2
|
|t:|1779648747
|switch|p2a: Porygon2|Porygon2|100/100
|-ability|p2a: Porygon2|Download|boost
|-boost|p2a: Porygon2|atk|1
|move|p1a: Dragonite|Draco Meteor|p2a: Porygon2
|-damage|p2a: Porygon2|64/100
|-unboost|p1a: Dragonite|spa|2
|
|-weather|RainDance|[upkeep]
|upkeep
|turn|3
|
|t:|1779648756
|switch|p1a: Basculegion|Basculegion, M, shiny|100/100
|move|p2a: Porygon2|Trick Room|p2a: Porygon2
|-fieldstart|move: Trick Room|[of] p2a: Porygon2
|
|-weather|RainDance|[upkeep]
|upkeep
|turn|4
|
|t:|1779648761
|move|p2a: Porygon2|Shadow Ball|p1a: Basculegion
|-supereffective|p1a: Basculegion
|-damage|p1a: Basculegion|42/100
|-unboost|p1a: Basculegion|spd|1
|move|p1a: Basculegion|Flip Turn|p2a: Porygon2
|-damage|p2a: Porygon2|0 fnt
|faint|p2a: Porygon2
|
|t:|1779648784
|switch|p1a: Kingdra|Kingdra, F, shiny|100/100|[from] Flip Turn
|
|-weather|RainDance|[upkeep]
|upkeep
|
|t:|1779648789
|switch|p2a: Vikavolt|Vikavolt, F, tera:Electric|100/100
|turn|5
|
|t:|1779648794
|move|p2a: Vikavolt|Volt Switch|p1a: Kingdra
|-damage|p1a: Kingdra|0 fnt
|faint|p1a: Kingdra
|
|t:|1779648799
|switch|p2a: Ursaluna|Ursaluna, F|100/100|[from] Volt Switch
|
|-weather|RainDance|[upkeep]
|-status|p2a: Ursaluna|brn|[from] item: Flame Orb
|upkeep
|
|t:|1779648813
|switch|p1a: Pelipper|Pelipper, F, shiny|100/100
|turn|6
|
|t:|1779648820
|move|p2a: Ursaluna|Protect|p2a: Ursaluna
|-singleturn|p2a: Ursaluna|Protect
|move|p1a: Pelipper|Weather Ball|p2a: Ursaluna
|-activate|p2a: Ursaluna|move: Protect
|
|-weather|RainDance|[upkeep]
|-damage|p2a: Ursaluna|94/100 brn|[from] brn
|upkeep
|turn|7
|
|t:|1779648827
|switch|p2a: Cresselia|Cresselia, F|100/100
|move|p1a: Pelipper|Weather Ball|p2a: Cresselia
|-damage|p2a: Cresselia|64/100
|
|-weather|RainDance|[upkeep]
|-fieldend|move: Trick Room
|upkeep
|turn|8
|
|t:|1779648830
|move|p1a: Pelipper|U-turn|p2a: Cresselia
|-supereffective|p2a: Cresselia
|-damage|p2a: Cresselia|55/100
|
|t:|1779648838
|switch|p1a: Braviary|Braviary-Hisui, M, shiny|100/100|[from] U-turn
|move|p2a: Cresselia|Trick Room|p2a: Cresselia
|-fieldstart|move: Trick Room|[of] p2a: Cresselia
|
|-weather|none
|upkeep
|turn|9
|
|t:|1779648841
|move|p2a: Cresselia|Ice Beam|p1a: Braviary
|-supereffective|p1a: Braviary
|-damage|p1a: Braviary|61/100
|move|p1a: Braviary|Hurricane|p2a: Cresselia|[miss]
|-miss|p1a: Braviary|p2a: Cresselia
|
|upkeep
|turn|10
|
|t:|1779648848
|switch|p1a: Pelipper|Pelipper, F, shiny|100/100
|-weather|RainDance|[from] ability: Drizzle|[of] p1a: Pelipper
|move|p2a: Cresselia|Ice Beam|p1a: Pelipper
|-damage|p1a: Pelipper|79/100
|
|-weather|RainDance|[upkeep]
|upkeep
|turn|11
|
|t:|1779648856
|switch|p2a: Vikavolt|Vikavolt, F, tera:Electric|100/100
|move|p1a: Pelipper|U-turn|p2a: Vikavolt
|-damage|p2a: Vikavolt|92/100
|
|t:|1779648860
|switch|p1a: Basculegion|Basculegion, M, shiny|42/100|[from] U-turn
|
|-weather|RainDance|[upkeep]
|upkeep
|turn|12
|
|t:|1779648864
|-terastallize|p1a: Basculegion|Water
|move|p1a: Basculegion|Aqua Jet|p2a: Vikavolt
|-damage|p2a: Vikavolt|18/100
|move|p2a: Vikavolt|Volt Switch|p1a: Basculegion
|-supereffective|p1a: Basculegion
|-damage|p1a: Basculegion|0 fnt
|faint|p1a: Basculegion
|
|t:|1779648869
|switch|p2a: Hatterene|Hatterene, F|100/100|[from] Volt Switch
|
|-weather|RainDance|[upkeep]
|-fieldend|move: Trick Room
|upkeep
|
|t:|1779648888
|switch|p1a: Braviary|Braviary-Hisui, M, shiny|61/100
|turn|13
|
|t:|1779648893
|move|p1a: Braviary|Hurricane|p2a: Hatterene
|-damage|p2a: Hatterene|45/100
|move|p2a: Hatterene|Trick Room|p2a: Hatterene
|-fieldstart|move: Trick Room|[of] p2a: Hatterene
|
|-weather|RainDance|[upkeep]
|upkeep
|turn|14
|
|t:|1779648899
|move|p2a: Hatterene|Dazzling Gleam|p1a: Braviary
|-damage|p1a: Braviary|2/100
|move|p1a: Braviary|Hurricane|p2a: Hatterene
|-damage|p2a: Hatterene|0 fnt
|faint|p2a: Hatterene
|
|-weather|RainDance|[upkeep]
|upkeep
|
|t:|1779648901
|switch|p2a: Vikavolt|Vikavolt, F, tera:Electric|18/100
|turn|15
|
|t:|1779648905
|move|p1a: Braviary|Vacuum Wave|p2a: Vikavolt
|-damage|p2a: Vikavolt|3/100
|move|p2a: Vikavolt|Volt Switch|p1a: Braviary
|-supereffective|p1a: Braviary
|-damage|p1a: Braviary|0 fnt
|faint|p1a: Braviary
|
|t:|1779648912
|switch|p2a: Iron Hands|Iron Hands|100/100|[from] Volt Switch
|-enditem|p2a: Iron Hands|Booster Energy
|-activate|p2a: Iron Hands|ability: Quark Drive|[fromitem]
|-start|p2a: Iron Hands|quarkdriveatk
|
|-weather|RainDance|[upkeep]
|upkeep
|
|t:|1779648925
|switch|p1a: Dragonite|Dragonite, M, shiny|54/100
|turn|16
|
|t:|1779648929
|move|p2a: Iron Hands|Ice Punch|p1a: Dragonite
|-supereffective|p1a: Dragonite
|-damage|p1a: Dragonite|0 fnt
|faint|p1a: Dragonite
|
|-weather|RainDance|[upkeep]
|upkeep
|
|t:|1779648932
|switch|p1a: Quaquaval|Quaquaval, F, shiny|100/100
|turn|17
|
|t:|1779648941
|move|p2a: Iron Hands|Thunder Punch|p1a: Quaquaval
|-supereffective|p1a: Quaquaval
|-damage|p1a: Quaquaval|0 fnt
|faint|p1a: Quaquaval
|
|-weather|none
|-fieldend|move: Trick Room
|upkeep
|
|t:|1779648943
|switch|p1a: Pelipper|Pelipper, F, shiny|79/100
|-weather|RainDance|[from] ability: Drizzle|[of] p1a: Pelipper
|turn|18
|
|t:|1779648945
|move|p1a: Pelipper|Hurricane|p2a: Iron Hands
|-damage|p2a: Iron Hands|66/100
|move|p2a: Iron Hands|Thunder Punch|p1a: Pelipper
|-supereffective|p1a: Pelipper
|-crit|p1a: Pelipper
|-damage|p1a: Pelipper|0 fnt
|faint|p1a: Pelipper
|
|win|immaterial-light
|raw|Metal_In_Microwave's rating: 1437 &rarr; <strong>1414</strong><br />(-23 for losing)
|raw|immaterial-light's rating: 1387 &rarr; <strong>1410</strong><br />(+23 for winning)
|l|☆immaterial-light
|player|p2|
|l|☆Metal_In_Microwave
|player|p1|
