|j|☆IAmNotAmanda
|j|☆Naro51
|t:|1779616498
|gametype|singles
|player|p1|IAmNotAmanda|iris-gen5bw2|1432
|player|p2|Naro51|170|1406
|gen|9
|tier|[Gen 9] OU
|rated|
|rule|HP Percentage Mod: HP is shown in percentages
|rule|Endless Battle Clause: Forcing endless battles is banned
|rule|Species Clause: Limit one of each Pokémon
|rule|OHKO Clause: OHKO moves are banned
|rule|Evasion Items Clause: Evasion items are banned
|rule|Evasion Moves Clause: Evasion moves are banned
|rule|Evasion Abilities Clause: Evasion abilities are banned
|rule|Sleep Moves Clause: Sleep-inducing moves are banned
|clearpoke
|poke|p1|Torkoal, F|
|poke|p1|Iron Valiant|
|poke|p1|Walking Wake|
|poke|p1|Venusaur, M|
|poke|p1|Lilligant-Hisui, F|
|poke|p1|Great Tusk|
|poke|p2|Glimmora, M|
|poke|p2|Rillaboom, F|
|poke|p2|Hatterene, F|
|poke|p2|Primarina, F|
|poke|p2|Hawlucha, M|
|poke|p2|Kingambit, F|
|teampreview
|inactive|Battle timer is ON: inactive players will automatically lose when time's up. (requested by IAmNotAmanda)
|
|t:|1779616507
|teamsize|p1|6
|teamsize|p2|6
|start
|switch|p1a: Torkoal|Torkoal, F|100/100
|switch|p2a: Glimmora|Glimmora, M|100/100
|-weather|SunnyDay|[from] ability: Drought|[of] p1a: Torkoal
|turn|1
|
|t:|1779616515
|switch|p1a: Great Tusk|Great Tusk|100/100
|-activate|p1a: Great Tusk|ability: Protosynthesis
|-start|p1a: Great Tusk|protosynthesisspe
|move|p2a: Glimmora|Power Gem|p1a: Great Tusk
|-resisted|p1a: Great Tusk
|-damage|p1a: Great Tusk|87/100
|
|-weather|SunnyDay|[upkeep]
|upkeep
|turn|2
|
|t:|1779616527
|move|p1a: Great Tusk|Rapid Spin|p2a: Glimmora
|-resisted|p2a: Glimmora
|-damage|p2a: Glimmora|91/100
|-boost|p1a: Great Tusk|spe|1
|-activate|p2a: Glimmora|ability: Toxic Debris
|-sidestart|p1: IAmNotAmanda|move: Toxic Spikes
|-sideend|p1: IAmNotAmanda|Toxic Spikes|[from] move: Rapid Spin|[of] p1a: Great Tusk
|move|p2a: Glimmora|Earth Power|p1a: Great Tusk
|-damage|p1a: Great Tusk|49/100
|
|-weather|SunnyDay|[upkeep]
|upkeep
|turn|3
|
|t:|1779616539
|switch|p2a: Hawlucha|Hawlucha, M|100/100
|move|p1a: Great Tusk|Headlong Rush|p2a: Hawlucha
|-immune|p2a: Hawlucha
|
|-weather|SunnyDay|[upkeep]
|upkeep
|turn|4
|
|t:|1779616552
|switch|p2a: Glimmora|Glimmora, M|91/100
|move|p1a: Great Tusk|Ice Spinner|p2a: Glimmora
|-damage|p2a: Glimmora|65/100
|-activate|p2a: Glimmora|ability: Toxic Debris
|-sidestart|p1: IAmNotAmanda|move: Toxic Spikes
|
|-weather|SunnyDay|[upkeep]
|upkeep
|turn|5
|
|t:|1779616561
|move|p1a: Great Tusk|Headlong Rush|p2a: Glimmora
|-supereffective|p2a: Glimmora
|-damage|p2a: Glimmora|0 fnt
|-unboost|p1a: Great Tusk|def|1
|-unboost|p1a: Great Tusk|spd|1
|-activate|p2a: Glimmora|ability: Toxic Debris
|-sidestart|p1: IAmNotAmanda|move: Toxic Spikes
|faint|p2a: Glimmora
|
|-weather|SunnyDay|[upkeep]
|upkeep
|
|t:|1779616571
|switch|p2a: Rillaboom|Rillaboom, F|100/100
|-fieldstart|move: Grassy Terrain|[from] ability: Grassy Surge|[of] p2a: Rillaboom
|turn|6
|
|t:|1779616576
|-end|p1a: Great Tusk|Protosynthesis|[silent]
|switch|p1a: Venusaur|Venusaur, M|100/100
|-sideend|p1: IAmNotAmanda|move: Toxic Spikes|[of] p1a: Venusaur
|move|p2a: Rillaboom|U-turn|p1a: Venusaur
|-damage|p1a: Venusaur|65/100
|
|t:|1779616592
|switch|p2a: Hawlucha|Hawlucha, M|100/100|[from] U-turn
|-enditem|p2a: Hawlucha|Grassy Seed
|-boost|p2a: Hawlucha|def|1|[from] item: Grassy Seed
|
|-weather|SunnyDay|[upkeep]
|-heal|p1a: Venusaur|71/100|[from] Grassy Terrain
|upkeep
|turn|7
|
|t:|1779616606
|switch|p1a: Iron Valiant|Iron Valiant|100/100
|-enditem|p1a: Iron Valiant|Booster Energy
|-activate|p1a: Iron Valiant|ability: Quark Drive|[fromitem]
|-start|p1a: Iron Valiant|quarkdrivespe
|move|p2a: Hawlucha|Acrobatics|p1a: Iron Valiant
|-supereffective|p1a: Iron Valiant
|-damage|p1a: Iron Valiant|0 fnt
|faint|p1a: Iron Valiant
|-end|p1a: Iron Valiant|Quark Drive|[silent]
|
|-weather|SunnyDay|[upkeep]
|upkeep
|
|t:|1779616614
|switch|p1a: Torkoal|Torkoal, F|100/100
|turn|8
|
|t:|1779616621
|switch|p2a: Hatterene|Hatterene, F|100/100
|-enditem|p2a: Hatterene|Grassy Seed
|-boost|p2a: Hatterene|def|1|[from] item: Grassy Seed
|move|p1a: Torkoal|Will-O-Wisp|p2a: Hatterene
|move|p2a: Hatterene|Will-O-Wisp|p1a: Torkoal|[from] ability: Magic Bounce|[miss]
|-miss|p2a: Hatterene|p1a: Torkoal
|
|-weather|none
|upkeep
|turn|9
|
|t:|1779616628
|switch|p1a: Great Tusk|Great Tusk|49/100
|move|p2a: Hatterene|Calm Mind|p2a: Hatterene
|-boost|p2a: Hatterene|spa|1
|-boost|p2a: Hatterene|spd|1
|
|-heal|p1a: Great Tusk|55/100|[from] Grassy Terrain
|upkeep
|turn|10
|
|t:|1779616632
|move|p1a: Great Tusk|Headlong Rush|p2a: Hatterene
|-damage|p2a: Hatterene|69/100
|-unboost|p1a: Great Tusk|def|1
|-unboost|p1a: Great Tusk|spd|1
|move|p2a: Hatterene|Draining Kiss|p1a: Great Tusk
|-supereffective|p1a: Great Tusk
|-damage|p1a: Great Tusk|0 fnt
|-heal|p2a: Hatterene|100/100|[from] drain|[of] p1a: Great Tusk
|faint|p1a: Great Tusk
|-end|p1a: Great Tusk|Protosynthesis|[silent]
|
|upkeep
|
|t:|1779616643
|switch|p1a: Torkoal|Torkoal, F|100/100
|-weather|SunnyDay|[from] ability: Drought|[of] p1a: Torkoal
|turn|11
|
|t:|1779616648
|move|p2a: Hatterene|Calm Mind|p2a: Hatterene
|-boost|p2a: Hatterene|spa|1
|-boost|p2a: Hatterene|spd|1
|move|p1a: Torkoal|Clear Smog|p2a: Hatterene
|-supereffective|p2a: Hatterene
|-damage|p2a: Hatterene|90/100
|-clearboost|p2a: Hatterene
|
|-weather|SunnyDay|[upkeep]
|-heal|p2a: Hatterene|96/100|[from] Grassy Terrain
|upkeep
|turn|12
|
|t:|1779616658
|move|p2a: Hatterene|Calm Mind|p2a: Hatterene
|-boost|p2a: Hatterene|spa|1
|-boost|p2a: Hatterene|spd|1
|move|p1a: Torkoal|Overheat|p2a: Hatterene|[miss]
|-miss|p1a: Torkoal|p2a: Hatterene
|
|-weather|SunnyDay|[upkeep]
|-heal|p2a: Hatterene|100/100|[from] Grassy Terrain
|upkeep
|turn|13
|
|t:|1779616663
|move|p2a: Hatterene|Psychic Noise|p1a: Torkoal
|-damage|p1a: Torkoal|39/100
|-start|p1a: Torkoal|move: Heal Block
|move|p1a: Torkoal|Clear Smog|p2a: Hatterene
|-supereffective|p2a: Hatterene
|-damage|p2a: Hatterene|85/100
|-clearboost|p2a: Hatterene
|
|-weather|SunnyDay|[upkeep]
|-heal|p2a: Hatterene|91/100|[from] Grassy Terrain
|-fieldend|move: Grassy Terrain
|upkeep
|turn|14
|
|t:|1779616673
|switch|p1a: Venusaur|Venusaur, M|71/100
|move|p2a: Hatterene|Calm Mind|p2a: Hatterene
|-boost|p2a: Hatterene|spa|1
|-boost|p2a: Hatterene|spd|1
|
|-weather|SunnyDay|[upkeep]
|upkeep
|turn|15
|inactive|Naro51 has 120 seconds left.
|
|t:|1779616706
|move|p1a: Venusaur|Sludge Bomb|p2a: Hatterene
|-supereffective|p2a: Hatterene
|-damage|p2a: Hatterene|24/100
|-damage|p1a: Venusaur|61/100|[from] item: Life Orb
|move|p2a: Hatterene|Psychic Noise|p1a: Venusaur
|-supereffective|p1a: Venusaur
|-damage|p1a: Venusaur|0 fnt
|faint|p1a: Venusaur
|
|-weather|SunnyDay|[upkeep]
|upkeep
|
|t:|1779616717
|switch|p1a: Walking Wake|Walking Wake|100/100
|-activate|p1a: Walking Wake|ability: Protosynthesis
|-start|p1a: Walking Wake|protosynthesisspe
|turn|16
|
|t:|1779616727
|move|p1a: Walking Wake|Hydro Steam|p2a: Hatterene
|-damage|p2a: Hatterene|0 fnt
|faint|p2a: Hatterene
|-damage|p1a: Walking Wake|90/100|[from] item: Life Orb
|
|-weather|SunnyDay|[upkeep]
|upkeep
|
|t:|1779616730
|switch|p2a: Rillaboom|Rillaboom, F|100/100
|-fieldstart|move: Grassy Terrain|[from] ability: Grassy Surge|[of] p2a: Rillaboom
|turn|17
|
|t:|1779616739
|move|p1a: Walking Wake|Weather Ball|p2a: Rillaboom
|-supereffective|p2a: Rillaboom
|-damage|p2a: Rillaboom|0 fnt
|faint|p2a: Rillaboom
|-damage|p1a: Walking Wake|80/100|[from] item: Life Orb
|
|-weather|SunnyDay|[upkeep]
|-heal|p1a: Walking Wake|87/100|[from] Grassy Terrain
|upkeep
|
|t:|1779616750
|switch|p2a: Primarina|Primarina, F|100/100
|turn|18
|
|t:|1779616755
|move|p1a: Walking Wake|Hydro Steam|p2a: Primarina
|-resisted|p2a: Primarina
|-damage|p2a: Primarina|64/100
|-damage|p1a: Walking Wake|77/100|[from] item: Life Orb
|move|p2a: Primarina|Moonblast|p1a: Walking Wake
|-supereffective|p1a: Walking Wake
|-damage|p1a: Walking Wake|0 fnt
|faint|p1a: Walking Wake
|-end|p1a: Walking Wake|Protosynthesis|[silent]
|
|-weather|none
|-heal|p2a: Primarina|70/100|[from] Grassy Terrain
|-heal|p2a: Primarina|77/100|[from] item: Leftovers
|upkeep
|
|t:|1779616768
|switch|p1a: Torkoal|Torkoal, F|39/100
|-weather|SunnyDay|[from] ability: Drought|[of] p1a: Torkoal
|turn|19
|
|t:|1779616772
|move|p2a: Primarina|Surf|p1a: Torkoal
|-supereffective|p1a: Torkoal
|-damage|p1a: Torkoal|0 fnt
|faint|p1a: Torkoal
|
|-weather|SunnyDay|[upkeep]
|-heal|p2a: Primarina|83/100|[from] Grassy Terrain
|-heal|p2a: Primarina|89/100|[from] item: Leftovers
|upkeep
|
|t:|1779616775
|switch|p1a: Lilligant|Lilligant-Hisui, F|100/100
|turn|20
|
|t:|1779616784
|-terastallize|p2a: Primarina|Steel
|move|p1a: Lilligant|Solar Blade||[still]
|-prepare|p1a: Lilligant|Solar Blade
|-anim|p1a: Lilligant|Solar Blade|p2a: Primarina
|-resisted|p2a: Primarina
|-damage|p2a: Primarina|34/100
|move|p2a: Primarina|Moonblast|p1a: Lilligant
|-supereffective|p1a: Lilligant
|-enditem|p1a: Lilligant|Focus Sash
|-damage|p1a: Lilligant|1/100
|
|-weather|SunnyDay|[upkeep]
|-heal|p1a: Lilligant|7/100|[from] Grassy Terrain
|-heal|p2a: Primarina|40/100|[from] Grassy Terrain
|-heal|p2a: Primarina|46/100|[from] item: Leftovers
|upkeep
|turn|21
|-message|IAmNotAmanda forfeited.
|
|win|Naro51
|raw|IAmNotAmanda's rating: 1432 &rarr; <strong>1411</strong><br />(-21 for losing)
|raw|Naro51's rating: 1406 &rarr; <strong>1427</strong><br />(+21 for winning)
|l|☆IAmNotAmanda
|player|p1|
|l|☆Naro51
|player|p2|
