|j|☆huuuehuueekk
|j|☆Cheesefriezz
|t:|1779594486
|gametype|singles
|player|p1|huuuehuueekk|steven|1127
|player|p2|Cheesefriezz|n|1086
|gen|9
|tier|[Gen 9] OU
|rated|
|rule|HP Percentage Mod: HP is shown in percentages
|rule|Endless Battle Clause: Forcing endless battles is banned
|rule|Species Clause: Limit one of each Pokémon
|rule|OHKO Clause: OHKO moves are banned
|rule|Evasion Items Clause: Evasion items are banned
|rule|Evasion Moves Clause: Evasion moves are banned
|rule|Evasion Abilities Clause: Evasion abilities are banned
|rule|Sleep Moves Clause: Sleep-inducing moves are banned
|clearpoke
|poke|p1|Suicune|
|poke|p1|Dragonite, M|
|poke|p1|Cinderace, M|
|poke|p1|Zamazenta-*|
|poke|p1|Pecharunt|
|poke|p1|Zapdos-Galar|
|poke|p2|Samurott-Hisui, M|
|poke|p2|Leafeon, M|
|poke|p2|Moltres|
|poke|p2|Ninetales, F|
|poke|p2|Kommo-o, M|
|poke|p2|Krookodile, F|
|teampreview
|inactive|Battle timer is ON: inactive players will automatically lose when time's up. (requested by huuuehuueekk)
|
|t:|1779594496
|teamsize|p1|6
|teamsize|p2|6
|start
|switch|p1a: Cinderace|Cinderace, M|100/100
|switch|p2a: Gabriel|Krookodile, F|100/100
|-ability|p2a: Gabriel|Intimidate|boost
|-unboost|p1a: Cinderace|atk|1
|turn|1
|
|t:|1779594509
|move|p1a: Cinderace|U-turn|p2a: Gabriel
|-start|p1a: Cinderace|typechange|Bug|[from] ability: Libero
|-supereffective|p2a: Gabriel
|-damage|p2a: Gabriel|39/100
|
|t:|1779594512
|switch|p1a: Suicune|Suicune, shiny|100/100|[from] U-turn
|-ability|p1a: Suicune|Pressure
|move|p2a: Gabriel|Stealth Rock|p1a: Suicune
|-sidestart|p1: huuuehuueekk|move: Stealth Rock
|
|-heal|p2a: Gabriel|45/100|[from] item: Leftovers
|upkeep
|turn|2
|
|t:|1779594519
|move|p2a: Gabriel|Knock Off|p1a: Suicune
|-damage|p1a: Suicune|73/100
|-enditem|p1a: Suicune|Leftovers|[from] move: Knock Off|[of] p2a: Gabriel
|move|p1a: Suicune|Scald|p2a: Gabriel
|-supereffective|p2a: Gabriel
|-damage|p2a: Gabriel|0 fnt
|faint|p2a: Gabriel
|
|upkeep
|
|t:|1779594533
|switch|p2a: Ima dive in|Samurott-Hisui, M|100/100
|turn|3
|
|t:|1779594536
|move|p2a: Ima dive in|Ceaseless Edge|p1a: Suicune
|-crit|p1a: Suicune
|-damage|p1a: Suicune|36/100
|-sidestart|p1: huuuehuueekk|Spikes
|move|p1a: Suicune|Scald|p2a: Ima dive in
|-resisted|p2a: Ima dive in
|-crit|p2a: Ima dive in
|-damage|p2a: Ima dive in|82/100
|
|upkeep
|turn|4
|
|t:|1779594542
|move|p2a: Ima dive in|Ceaseless Edge|p1a: Suicune|[miss]
|-miss|p2a: Ima dive in|p1a: Suicune
|move|p1a: Suicune|Rest|p1a: Suicune
|-status|p1a: Suicune|slp|[from] move: Rest
|-heal|p1a: Suicune|100/100 slp|[silent]
|
|upkeep
|turn|5
|
|t:|1779594545
|move|p2a: Ima dive in|Ceaseless Edge|p1a: Suicune
|-damage|p1a: Suicune|76/100 slp
|-sidestart|p1: huuuehuueekk|Spikes
|cant|p1a: Suicune|slp
|move|p1a: Suicune|Sleep Talk|p1a: Suicune
|move|p1a: Suicune|Rest||[from] move: Sleep Talk|[still]
|-fail|p1a: Suicune
|
|upkeep
|turn|6
|
|t:|1779594550
|move|p2a: Ima dive in|Ceaseless Edge|p1a: Suicune
|-damage|p1a: Suicune|51/100 slp
|-sidestart|p1: huuuehuueekk|Spikes
|cant|p1a: Suicune|slp
|move|p1a: Suicune|Sleep Talk|p1a: Suicune
|move|p1a: Suicune|Rest||[from] move: Sleep Talk|[still]
|-fail|p1a: Suicune
|
|upkeep
|turn|7
|
|t:|1779594555
|move|p2a: Ima dive in|Flip Turn|p1a: Suicune
|-resisted|p1a: Suicune
|-damage|p1a: Suicune|43/100 slp
|
|t:|1779594557
|switch|p2a: six tails|Ninetales, F, shiny|100/100|[from] Flip Turn
|-weather|SunnyDay|[from] ability: Drought|[of] p2a: six tails
|-curestatus|p1a: Suicune|slp|[msg]
|move|p1a: Suicune|Rest|p1a: Suicune
|-status|p1a: Suicune|slp|[from] move: Rest
|-heal|p1a: Suicune|100/100 slp|[silent]
|
|-weather|SunnyDay|[upkeep]
|upkeep
|turn|8
|
|t:|1779594563
|move|p2a: six tails|Encore|p1a: Suicune
|-start|p1a: Suicune|Encore
|cant|p1a: Suicune|slp
|
|-weather|SunnyDay|[upkeep]
|upkeep
|turn|9
|
|t:|1779594571
|move|p2a: six tails|Hex|p1a: Suicune
|-damage|p1a: Suicune|74/100 slp
|cant|p1a: Suicune|slp
|
|-weather|SunnyDay|[upkeep]
|upkeep
|turn|10
|
|t:|1779594574
|switch|p2a: Melo|Leafeon, M, shiny|100/100
|-curestatus|p1a: Suicune|slp|[msg]
|move|p1a: Suicune|Rest|p1a: Suicune
|-status|p1a: Suicune|slp|[from] move: Rest
|-heal|p1a: Suicune|100/100 slp|[silent]
|
|-weather|SunnyDay|[upkeep]
|-end|p1a: Suicune|Encore
|upkeep
|turn|11
|
|t:|1779594579
|switch|p1a: Pecharunt|Pecharunt|100/100
|-damage|p1a: Pecharunt|88/100|[from] Stealth Rock
|-damage|p1a: Pecharunt|63/100|[from] Spikes
|move|p2a: Melo|Swords Dance|p2a: Melo
|-boost|p2a: Melo|atk|2
|
|-weather|SunnyDay|[upkeep]
|upkeep
|turn|12
|
|t:|1779594586
|move|p2a: Melo|Knock Off|p1a: Pecharunt
|-supereffective|p1a: Pecharunt
|-damage|p1a: Pecharunt|0 fnt
|-damage|p2a: Melo|84/100|[from] item: Rocky Helmet|[of] p1a: Pecharunt
|-enditem|p1a: Pecharunt|Rocky Helmet|[from] move: Knock Off|[of] p2a: Melo
|faint|p1a: Pecharunt
|-damage|p2a: Melo|74/100|[from] item: Life Orb
|
|-weather|SunnyDay|[upkeep]
|upkeep
|
|t:|1779594594
|switch|p1a: Zapdos|Zapdos-Galar|100/100
|-damage|p1a: Zapdos|88/100|[from] Stealth Rock
|turn|13
|
|t:|1779594616
|move|p2a: Melo|Leaf Blade|p1a: Zapdos
|-resisted|p1a: Zapdos
|-damage|p1a: Zapdos|28/100
|-damage|p2a: Melo|64/100|[from] item: Life Orb
|move|p1a: Zapdos|Knock Off|p2a: Melo
|-damage|p2a: Melo|30/100
|-enditem|p2a: Melo|Life Orb|[from] move: Knock Off|[of] p1a: Zapdos
|
|-weather|SunnyDay|[upkeep]
|-heal|p1a: Zapdos|34/100|[from] item: Leftovers
|upkeep
|turn|14
|
|t:|1779594621
|move|p2a: Melo|Leaf Blade|p1a: Zapdos
|-resisted|p1a: Zapdos
|-damage|p1a: Zapdos|0 fnt
|faint|p1a: Zapdos
|
|-weather|none
|upkeep
|
|t:|1779594625
|switch|p1a: Cinderace|Cinderace, M|100/100
|-damage|p1a: Cinderace|76/100|[from] Stealth Rock
|-damage|p1a: Cinderace|51/100|[from] Spikes
|turn|15
|
|t:|1779594633
|move|p1a: Cinderace|High Jump Kick|p2a: Melo
|-start|p1a: Cinderace|typechange|Fighting|[from] ability: Libero
|-damage|p2a: Melo|0 fnt
|faint|p2a: Melo
|
|upkeep
|
|t:|1779594645
|switch|p2a: Supa Hot Fire|Moltres|100/100
|turn|16
|
|t:|1779594648
|move|p1a: Cinderace|Court Change|p1a: Cinderace
|-swapsideconditions
|-activate|p1a: Cinderace|move: Court Change
|move|p2a: Supa Hot Fire|Air Slash|p1a: Cinderace
|-supereffective|p1a: Cinderace
|-damage|p1a: Cinderace|0 fnt
|faint|p1a: Cinderace
|
|upkeep
|
|t:|1779594656
|switch|p1a: Suicune|Suicune, shiny|100/100 slp
|-ability|p1a: Suicune|Pressure
|turn|17
|
|t:|1779594660
|move|p2a: Supa Hot Fire|U-turn|p1a: Suicune
|-damage|p1a: Suicune|93/100 slp
|
|t:|1779594661
|switch|p2a: Iggy|Kommo-o, M|100/100|[from] U-turn
|-damage|p2a: Iggy|94/100|[from] Stealth Rock
|-damage|p2a: Iggy|70/100|[from] Spikes
|cant|p1a: Suicune|slp
|move|p1a: Suicune|Sleep Talk|p1a: Suicune
|move|p1a: Suicune|Calm Mind|p1a: Suicune|[from] move: Sleep Talk
|-boost|p1a: Suicune|spa|1
|-boost|p1a: Suicune|spd|1
|
|upkeep
|turn|18
|
|t:|1779594667
|-terastallize|p2a: Iggy|Normal
|move|p2a: Iggy|Clangorous Soul|p2a: Iggy
|-boost|p2a: Iggy|atk|1
|-boost|p2a: Iggy|def|1
|-boost|p2a: Iggy|spa|1
|-boost|p2a: Iggy|spd|1
|-boost|p2a: Iggy|spe|1
|-damage|p2a: Iggy|37/100
|-enditem|p2a: Iggy|Throat Spray
|-boost|p2a: Iggy|spa|1|[from] item: Throat Spray
|cant|p1a: Suicune|slp
|move|p1a: Suicune|Sleep Talk|p1a: Suicune
|move|p1a: Suicune|Scald|p2a: Iggy|[from] move: Sleep Talk
|-damage|p2a: Iggy|9/100
|
|upkeep
|turn|19
|
|t:|1779594672
|move|p2a: Iggy|Boomburst|p1a: Suicune
|-damage|p1a: Suicune|27/100 slp
|-curestatus|p1a: Suicune|slp|[msg]
|move|p1a: Suicune|Scald|p2a: Iggy
|-damage|p2a: Iggy|0 fnt
|faint|p2a: Iggy
|
|upkeep
|
|t:|1779594681
|switch|p2a: Ima dive in|Samurott-Hisui, M|82/100
|-damage|p2a: Ima dive in|70/100|[from] Stealth Rock
|-damage|p2a: Ima dive in|45/100|[from] Spikes
|turn|20
|
|t:|1779594692
|-terastallize|p1a: Suicune|Fairy
|move|p2a: Ima dive in|Ceaseless Edge|p1a: Suicune
|-resisted|p1a: Suicune
|-damage|p1a: Suicune|14/100
|-sidestart|p1: huuuehuueekk|Spikes
|move|p1a: Suicune|Rest|p1a: Suicune
|-status|p1a: Suicune|slp|[from] move: Rest
|-heal|p1a: Suicune|100/100 slp|[silent]
|
|upkeep
|turn|21
|
|t:|1779594698
|move|p2a: Ima dive in|Razor Shell|p1a: Suicune
|-damage|p1a: Suicune|72/100 slp
|-unboost|p1a: Suicune|def|1
|cant|p1a: Suicune|slp
|move|p1a: Suicune|Sleep Talk|p1a: Suicune
|move|p1a: Suicune|Calm Mind|p1a: Suicune|[from] move: Sleep Talk
|-boost|p1a: Suicune|spa|1
|-boost|p1a: Suicune|spd|1
|
|upkeep
|turn|22
|
|t:|1779594709
|switch|p1a: Zamazenta|Zamazenta|100/100
|-damage|p1a: Zamazenta|88/100|[from] Spikes
|-ability|p1a: Zamazenta|Dauntless Shield|boost
|-boost|p1a: Zamazenta|def|1
|move|p2a: Ima dive in|Flip Turn|p1a: Zamazenta
|-damage|p1a: Zamazenta|74/100
|
|t:|1779594715
|switch|p2a: Supa Hot Fire|Moltres|100/100|[from] Flip Turn
|
|-heal|p1a: Zamazenta|80/100|[from] item: Leftovers
|upkeep
|turn|23
|
|t:|1779594719
|move|p1a: Zamazenta|Substitute|p1a: Zamazenta
|-start|p1a: Zamazenta|Substitute
|-damage|p1a: Zamazenta|55/100
|move|p2a: Supa Hot Fire|Air Slash|p1a: Zamazenta
|-supereffective|p1a: Zamazenta
|-end|p1a: Zamazenta|Substitute
|
|-heal|p1a: Zamazenta|62/100|[from] item: Leftovers
|upkeep
|turn|24
|
|t:|1779594725
|switch|p1a: Suicune|Suicune, shiny, tera:Fairy|72/100 slp
|-damage|p1a: Suicune|60/100 slp|[from] Spikes
|-ability|p1a: Suicune|Pressure
|move|p2a: Supa Hot Fire|Air Slash|p1a: Suicune
|-crit|p1a: Suicune
|-damage|p1a: Suicune|10/100 slp
|
|upkeep
|turn|25
|
|t:|1779594733
|move|p2a: Supa Hot Fire|U-turn|p1a: Suicune
|-resisted|p1a: Suicune
|-damage|p1a: Suicune|6/100 slp
|
|t:|1779594736
|switch|p2a: six tails|Ninetales, F, shiny|100/100|[from] U-turn
|-damage|p2a: six tails|76/100|[from] Stealth Rock
|-damage|p2a: six tails|51/100|[from] Spikes
|-weather|SunnyDay|[from] ability: Drought|[of] p2a: six tails
|cant|p1a: Suicune|slp
|move|p1a: Suicune|Sleep Talk|p1a: Suicune
|move|p1a: Suicune|Scald|p2a: six tails|[from] move: Sleep Talk
|-supereffective|p2a: six tails
|-damage|p2a: six tails|20/100
|
|-weather|SunnyDay|[upkeep]
|upkeep
|turn|26
|
|t:|1779594741
|move|p2a: six tails|Hex|p1a: Suicune
|-damage|p1a: Suicune|0 fnt
|faint|p1a: Suicune
|
|-weather|SunnyDay|[upkeep]
|upkeep
|
|t:|1779594743
|switch|p1a: Dragonite|Dragonite, M, shiny|100/100
|turn|27
|
|t:|1779594753
|move|p1a: Dragonite|Extreme Speed|p2a: six tails
|-damage|p2a: six tails|0 fnt
|faint|p2a: six tails
|
|-weather|SunnyDay|[upkeep]
|upkeep
|
|t:|1779594763
|switch|p2a: Ima dive in|Samurott-Hisui, M|45/100
|-damage|p2a: Ima dive in|32/100|[from] Stealth Rock
|-damage|p2a: Ima dive in|7/100|[from] Spikes
|turn|28
|
|t:|1779594770
|move|p2a: Ima dive in|Sucker Punch||[still]
|-fail|p2a: Ima dive in
|move|p1a: Dragonite|Dragon Dance|p1a: Dragonite
|-boost|p1a: Dragonite|atk|1
|-boost|p1a: Dragonite|spe|1
|
|-weather|SunnyDay|[upkeep]
|upkeep
|turn|29
|
|t:|1779594778
|move|p2a: Ima dive in|Sucker Punch||[still]
|-fail|p2a: Ima dive in
|move|p1a: Dragonite|Dragon Dance|p1a: Dragonite
|-boost|p1a: Dragonite|atk|1
|-boost|p1a: Dragonite|spe|1
|
|-weather|SunnyDay|[upkeep]
|upkeep
|turn|30
|
|t:|1779594784
|move|p1a: Dragonite|Dragon Dance|p1a: Dragonite
|-boost|p1a: Dragonite|atk|1
|-boost|p1a: Dragonite|spe|1
|move|p2a: Ima dive in|Ceaseless Edge|p1a: Dragonite
|-damage|p1a: Dragonite|74/100
|-sidestart|p1: huuuehuueekk|Spikes
|
|-weather|SunnyDay|[upkeep]
|upkeep
|turn|31
|
|t:|1779594790
|move|p1a: Dragonite|Extreme Speed|p2a: Ima dive in
|-damage|p2a: Ima dive in|0 fnt
|faint|p2a: Ima dive in
|
|-weather|SunnyDay|[upkeep]
|upkeep
|
|t:|1779594792
|switch|p2a: Supa Hot Fire|Moltres|100/100
|turn|32
|
|t:|1779594795
|move|p1a: Dragonite|Dragon Claw|p2a: Supa Hot Fire
|-damage|p2a: Supa Hot Fire|0 fnt
|-status|p1a: Dragonite|brn|[from] ability: Flame Body|[of] p2a: Supa Hot Fire
|faint|p2a: Supa Hot Fire
|
|win|huuuehuueekk
|raw|huuuehuueekk's rating: 1127 &rarr; <strong>1149</strong><br />(+22 for winning)
|raw|Cheesefriezz's rating: 1086 &rarr; <strong>1066</strong><br />(-20 for losing)
|l|☆Cheesefriezz
|player|p2|
