|j|☆sawquarete
|j|☆owl_with_scarf
|t:|1779605306
|gametype|singles
|player|p1|sawquarete|policeman-gen4|1593
|player|p2|owl_with_scarf|#owlwithscarf|1598
|gen|9
|tier|[Gen 9] OU
|rated|
|rule|HP Percentage Mod: HP is shown in percentages
|rule|Endless Battle Clause: Forcing endless battles is banned
|rule|Species Clause: Limit one of each Pokémon
|rule|OHKO Clause: OHKO moves are banned
|rule|Evasion Items Clause: Evasion items are banned
|rule|Evasion Moves Clause: Evasion moves are banned
|rule|Evasion Abilities Clause: Evasion abilities are banned
|rule|Sleep Moves Clause: Sleep-inducing moves are banned
|clearpoke
|poke|p1|Rillaboom, F|
|poke|p1|Pecharunt|
|poke|p1|Ogerpon, F|
|poke|p1|Raging Bolt|
|poke|p1|Iron Treads|
|poke|p1|Hatterene, F|
|poke|p2|Diancie|
|poke|p2|Blaziken, F|
|poke|p2|Oricorio-Pom-Pom, M|
|poke|p2|Cinderace, F|
|poke|p2|Regidrago|
|poke|p2|Ursaluna, M|
|teampreview
|inactive|Battle timer is ON: inactive players will automatically lose when time's up. (requested by owl_with_scarf)
|
|t:|1779605317
|teamsize|p1|6
|teamsize|p2|6
|start
|switch|p1a: Rillaboom|Rillaboom, F|100/100
|switch|p2a: Blaziken|Blaziken, F|100/100
|-fieldstart|move: Grassy Terrain|[from] ability: Grassy Surge|[of] p1a: Rillaboom
|turn|1
|
|t:|1779605325
|switch|p1a: Pecharunt|Pecharunt|100/100
|move|p2a: Blaziken|Swords Dance|p2a: Blaziken
|-boost|p2a: Blaziken|atk|2
|
|-ability|p2a: Blaziken|Speed Boost|boost
|-boost|p2a: Blaziken|spe|1
|upkeep
|turn|2
|
|t:|1779605330
|move|p2a: Blaziken|Knock Off|p1a: Pecharunt
|-supereffective|p1a: Pecharunt
|-damage|p1a: Pecharunt|38/100
|-enditem|p1a: Pecharunt|Heavy-Duty Boots|[from] move: Knock Off|[of] p2a: Blaziken
|move|p1a: Pecharunt|Toxic|p2a: Blaziken
|-status|p2a: Blaziken|tox
|-start|p2a: Blaziken|confusion|[from] ability: Poison Puppeteer|[of] p1a: Pecharunt
|
|-heal|p1a: Pecharunt|44/100|[from] Grassy Terrain
|-damage|p2a: Blaziken|95/100 tox|[from] psn
|-ability|p2a: Blaziken|Speed Boost|boost
|-boost|p2a: Blaziken|spe|1
|upkeep
|turn|3
|
|t:|1779605359
|switch|p1a: Raging Bolt|Raging Bolt|100/100
|-enditem|p1a: Raging Bolt|Booster Energy
|-activate|p1a: Raging Bolt|ability: Protosynthesis|[fromitem]
|-start|p1a: Raging Bolt|protosynthesisspa
|-activate|p2a: Blaziken|confusion
|move|p2a: Blaziken|Flare Blitz|p1a: Raging Bolt
|-resisted|p1a: Raging Bolt
|-damage|p1a: Raging Bolt|37/100
|-damage|p2a: Blaziken|67/100 tox|[from] Recoil
|
|-heal|p2a: Blaziken|73/100 tox|[from] Grassy Terrain
|-heal|p2a: Blaziken|79/100 tox|[from] item: Leftovers
|-heal|p1a: Raging Bolt|43/100|[from] Grassy Terrain
|-damage|p2a: Blaziken|67/100 tox|[from] psn
|-ability|p2a: Blaziken|Speed Boost|boost
|-boost|p2a: Blaziken|spe|1
|upkeep
|turn|4
|j| Kakimori
|
|t:|1779605377
|move|p1a: Raging Bolt|Thunderclap|p2a: Blaziken
|-damage|p2a: Blaziken|0 fnt
|faint|p2a: Blaziken
|
|-heal|p1a: Raging Bolt|50/100|[from] Grassy Terrain
|upkeep
|
|t:|1779605386
|switch|p2a: Regidrago|Regidrago|100/100
|turn|5
|
|t:|1779605391
|-end|p1a: Raging Bolt|Protosynthesis|[silent]
|switch|p1a: Hatterene|Hatterene, F|100/100
|-enditem|p1a: Hatterene|Grassy Seed
|-boost|p1a: Hatterene|def|1|[from] item: Grassy Seed
|move|p2a: Regidrago|Scale Shot|p1a: Hatterene
|-immune|p1a: Hatterene
|
|upkeep
|turn|6
|
|t:|1779605401
|switch|p2a: Cinderace|Cinderace, F|100/100
|move|p1a: Hatterene|Calm Mind|p1a: Hatterene
|-boost|p1a: Hatterene|spa|1
|-boost|p1a: Hatterene|spd|1
|
|upkeep
|turn|7
|
|t:|1779605406
|move|p2a: Cinderace|Gunk Shot|p1a: Hatterene
|-start|p2a: Cinderace|typechange|Poison|[from] ability: Libero
|-supereffective|p1a: Hatterene
|-damage|p1a: Hatterene|36/100
|-status|p1a: Hatterene|psn
|move|p1a: Hatterene|Calm Mind|p1a: Hatterene
|-boost|p1a: Hatterene|spa|1
|-boost|p1a: Hatterene|spd|1
|
|-heal|p1a: Hatterene|42/100 psn|[from] Grassy Terrain
|-damage|p1a: Hatterene|29/100 psn|[from] psn
|upkeep
|turn|8
|
|t:|1779605416
|move|p2a: Cinderace|Pyro Ball|p1a: Hatterene
|-damage|p1a: Hatterene|9/100 psn
|move|p1a: Hatterene|Psychic Noise|p2a: Cinderace
|-supereffective|p2a: Cinderace
|-damage|p2a: Cinderace|0 fnt
|faint|p2a: Cinderace
|
|-heal|p1a: Hatterene|15/100 psn|[from] Grassy Terrain
|-damage|p1a: Hatterene|3/100 psn|[from] psn
|-fieldend|move: Grassy Terrain
|upkeep
|
|t:|1779605420
|switch|p2a: Ursaluna|Ursaluna, M|100/100
|turn|9
|
|t:|1779605423
|move|p2a: Ursaluna|Trailblaze|p1a: Hatterene
|-damage|p1a: Hatterene|0 fnt
|-boost|p2a: Ursaluna|spe|1
|faint|p1a: Hatterene
|
|-status|p2a: Ursaluna|brn|[from] item: Flame Orb
|upkeep
|
|t:|1779605433
|switch|p1a: Rillaboom|Rillaboom, F|100/100
|-fieldstart|move: Grassy Terrain|[from] ability: Grassy Surge|[of] p1a: Rillaboom
|turn|10
|
|t:|1779605440
|move|p1a: Rillaboom|Grassy Glide|p2a: Ursaluna
|-supereffective|p2a: Ursaluna
|-damage|p2a: Ursaluna|39/100 brn
|move|p2a: Ursaluna|Facade|p1a: Rillaboom
|-damage|p1a: Rillaboom|0 fnt
|faint|p1a: Rillaboom
|
|-heal|p2a: Ursaluna|45/100 brn|[from] Grassy Terrain
|-damage|p2a: Ursaluna|39/100 brn|[from] brn
|upkeep
|
|t:|1779605443
|switch|p1a: Ogerpon|Ogerpon, F|100/100
|turn|11
|
|t:|1779605454
|-terastallize|p1a: Ogerpon|Grass
|detailschange|p1a: Ogerpon|Ogerpon-Teal-Tera, F, tera:Grass
|-ability|p1a: Ogerpon|Embody Aspect (Teal)|boost
|-boost|p1a: Ogerpon|spe|1
|move|p1a: Ogerpon|Ivy Cudgel|p2a: Ursaluna
|-supereffective|p2a: Ursaluna
|-damage|p2a: Ursaluna|0 fnt
|faint|p2a: Ursaluna
|
|upkeep
|
|t:|1779605458
|switch|p2a: Regidrago|Regidrago|100/100
|turn|12
|
|t:|1779605460
|move|p1a: Ogerpon|Ivy Cudgel|p2a: Regidrago
|-resisted|p2a: Regidrago
|-damage|p2a: Regidrago|29/100
|move|p2a: Regidrago|Draco Meteor|p1a: Ogerpon
|-damage|p1a: Ogerpon|0 fnt
|-unboost|p2a: Regidrago|spa|2
|faint|p1a: Ogerpon
|detailschange|p1: Ogerpon|Ogerpon, F|[silent]
|
|-heal|p2a: Regidrago|35/100|[from] Grassy Terrain
|upkeep
|
|t:|1779605479
|switch|p1a: Iron Treads|Iron Treads|100/100
|turn|13
|
|t:|1779605487
|move|p1a: Iron Treads|Rapid Spin|p2a: Regidrago
|-crit|p2a: Regidrago
|-damage|p2a: Regidrago|5/100
|-boost|p1a: Iron Treads|spe|1
|move|p2a: Regidrago|Scale Shot|p1a: Iron Treads|[miss]
|-miss|p2a: Regidrago|p1a: Iron Treads
|
|-heal|p2a: Regidrago|11/100|[from] Grassy Terrain
|upkeep
|turn|14
|
|t:|1779605491
|move|p1a: Iron Treads|Rapid Spin|p2a: Regidrago
|-damage|p2a: Regidrago|0 fnt
|-boost|p1a: Iron Treads|spe|1
|faint|p2a: Regidrago
|
|upkeep
|
|t:|1779605493
|switch|p2a: Diancie|Diancie|100/100
|turn|15
|
|t:|1779605496
|move|p1a: Iron Treads|High Horsepower|p2a: Diancie
|-supereffective|p2a: Diancie
|-damage|p2a: Diancie|33/100
|move|p2a: Diancie|Trick Room|p2a: Diancie
|-fieldstart|move: Trick Room|[of] p2a: Diancie
|
|-heal|p2a: Diancie|38/100|[from] Grassy Terrain
|upkeep
|turn|16
|
|t:|1779605498
|move|p2a: Diancie|Earth Power|p1a: Iron Treads
|-supereffective|p1a: Iron Treads
|-damage|p1a: Iron Treads|18/100
|move|p1a: Iron Treads|High Horsepower|p2a: Diancie
|-supereffective|p2a: Diancie
|-damage|p2a: Diancie|0 fnt
|faint|p2a: Diancie
|
|-heal|p1a: Iron Treads|24/100|[from] Grassy Terrain
|-heal|p1a: Iron Treads|30/100|[from] item: Leftovers
|upkeep
|
|t:|1779605500
|switch|p2a: Oricorio|Oricorio-Pom-Pom, M|100/100
|turn|17
|
|t:|1779605504
|move|p2a: Oricorio|Quiver Dance|p2a: Oricorio
|-boost|p2a: Oricorio|spa|1
|-boost|p2a: Oricorio|spd|1
|-boost|p2a: Oricorio|spe|1
|move|p1a: Iron Treads|Knock Off|p2a: Oricorio
|-damage|p2a: Oricorio|74/100
|-enditem|p2a: Oricorio|Leftovers|[from] move: Knock Off|[of] p1a: Iron Treads
|
|-heal|p1a: Iron Treads|36/100|[from] Grassy Terrain
|-heal|p1a: Iron Treads|43/100|[from] item: Leftovers
|-fieldend|move: Grassy Terrain
|upkeep
|turn|18
|
|t:|1779605507
|move|p2a: Oricorio|Quiver Dance|p2a: Oricorio
|-boost|p2a: Oricorio|spa|1
|-boost|p2a: Oricorio|spd|1
|-boost|p2a: Oricorio|spe|1
|move|p1a: Iron Treads|Knock Off|p2a: Oricorio
|-damage|p2a: Oricorio|56/100
|
|-heal|p1a: Iron Treads|49/100|[from] item: Leftovers
|upkeep
|turn|19
|
|t:|1779605510
|move|p2a: Oricorio|Roost|p2a: Oricorio
|-heal|p2a: Oricorio|100/100
|-singleturn|p2a: Oricorio|move: Roost
|move|p1a: Iron Treads|Knock Off|p2a: Oricorio
|-damage|p2a: Oricorio|81/100
|
|-heal|p1a: Iron Treads|55/100|[from] item: Leftovers
|-fieldend|move: Trick Room
|upkeep
|turn|20
|
|t:|1779605514
|move|p1a: Iron Treads|Knock Off|p2a: Oricorio
|-damage|p2a: Oricorio|63/100
|move|p2a: Oricorio|Quiver Dance|p2a: Oricorio
|-boost|p2a: Oricorio|spa|1
|-boost|p2a: Oricorio|spd|1
|-boost|p2a: Oricorio|spe|1
|
|-heal|p1a: Iron Treads|61/100|[from] item: Leftovers
|upkeep
|turn|21
|
|t:|1779605518
|move|p1a: Iron Treads|Knock Off|p2a: Oricorio
|-damage|p2a: Oricorio|43/100
|move|p2a: Oricorio|Quiver Dance|p2a: Oricorio
|-boost|p2a: Oricorio|spa|1
|-boost|p2a: Oricorio|spd|1
|-boost|p2a: Oricorio|spe|1
|
|-heal|p1a: Iron Treads|67/100|[from] item: Leftovers
|upkeep
|turn|22
|
|t:|1779605521
|move|p2a: Oricorio|Roost|p2a: Oricorio
|-heal|p2a: Oricorio|93/100
|-singleturn|p2a: Oricorio|move: Roost
|move|p1a: Iron Treads|Rapid Spin|p2a: Oricorio
|-damage|p2a: Oricorio|79/100
|-boost|p1a: Iron Treads|spe|1
|
|-heal|p1a: Iron Treads|74/100|[from] item: Leftovers
|upkeep
|turn|23
|
|t:|1779605523
|move|p1a: Iron Treads|Rapid Spin|p2a: Oricorio
|-damage|p2a: Oricorio|64/100
|-boost|p1a: Iron Treads|spe|1
|move|p2a: Oricorio|Quiver Dance|p2a: Oricorio
|-boost|p2a: Oricorio|spa|1
|-boost|p2a: Oricorio|spd|1
|-boost|p2a: Oricorio|spe|1
|
|-heal|p1a: Iron Treads|80/100|[from] item: Leftovers
|upkeep
|turn|24
|
|t:|1779605527
|move|p1a: Iron Treads|Rapid Spin|p2a: Oricorio
|-damage|p2a: Oricorio|49/100
|-boost|p1a: Iron Treads|spe|1
|move|p2a: Oricorio|Quiver Dance|p2a: Oricorio
|-boost|p2a: Oricorio|spa|1
|-boost|p2a: Oricorio|spd|1
|-boost|p2a: Oricorio|spe|1
|
|-heal|p1a: Iron Treads|86/100|[from] item: Leftovers
|upkeep
|turn|25
|
|t:|1779605530
|move|p1a: Iron Treads|Rapid Spin|p2a: Oricorio
|-damage|p2a: Oricorio|34/100
|-boost|p1a: Iron Treads|spe|1
|move|p2a: Oricorio|Roost|p2a: Oricorio
|-heal|p2a: Oricorio|84/100
|-singleturn|p2a: Oricorio|move: Roost
|
|-heal|p1a: Iron Treads|92/100|[from] item: Leftovers
|upkeep
|turn|26
|
|t:|1779605534
|move|p1a: Iron Treads|Knock Off|p2a: Oricorio
|-damage|p2a: Oricorio|63/100
|move|p2a: Oricorio|Hurricane|p1a: Iron Treads
|-resisted|p1a: Iron Treads
|-damage|p1a: Iron Treads|0 fnt
|faint|p1a: Iron Treads
|-end|p1a: Iron Treads|Quark Drive|[silent]
|
|upkeep
|
|t:|1779605543
|switch|p1a: Raging Bolt|Raging Bolt|50/100
|turn|27
|c|☆sawquarete|your only flying stab is hurricane isnt it
|
|t:|1779605565
|move|p2a: Oricorio|Roost|p2a: Oricorio
|-heal|p2a: Oricorio|100/100
|-singleturn|p2a: Oricorio|move: Roost
|move|p1a: Raging Bolt|Calm Mind|p1a: Raging Bolt
|-boost|p1a: Raging Bolt|spa|1
|-boost|p1a: Raging Bolt|spd|1
|
|upkeep
|turn|28
|l| Kakimori
|
|t:|1779605572
|move|p2a: Oricorio|Hurricane|p1a: Raging Bolt
|-resisted|p1a: Raging Bolt
|-damage|p1a: Raging Bolt|3/100
|move|p1a: Raging Bolt|Calm Mind|p1a: Raging Bolt
|-boost|p1a: Raging Bolt|spa|1
|-boost|p1a: Raging Bolt|spd|1
|
|upkeep
|turn|29
|
|t:|1779605577
|move|p1a: Raging Bolt|Thunderclap|p2a: Oricorio
|-damage|p2a: Oricorio|73/100
|move|p2a: Oricorio|Revelation Dance|p1a: Raging Bolt
|-resisted|p1a: Raging Bolt
|-damage|p1a: Raging Bolt|0 fnt
|faint|p1a: Raging Bolt
|-end|p1a: Raging Bolt|Protosynthesis|[silent]
|
|upkeep
|
|t:|1779605579
|switch|p1a: Pecharunt|Pecharunt|44/100
|turn|30
|
|t:|1779605580
|move|p2a: Oricorio|Revelation Dance|p1a: Pecharunt
|-damage|p1a: Pecharunt|0 fnt
|faint|p1a: Pecharunt
|
|win|owl_with_scarf
|raw|sawquarete's rating: 1593 &rarr; <strong>1573</strong><br />(-20 for losing)
|raw|owl_with_scarf's rating: 1598 &rarr; <strong>1618</strong><br />(+20 for winning)
|c|☆sawquarete|ggs
|l|☆owl_with_scarf
|player|p2|
|l|☆sawquarete
|player|p1|
