|j|☆saaskki2209
|j|☆Cantstopthetrain
|t:|1779712841
|gametype|singles
|player|p1|saaskki2209|koga|1079
|player|p2|Cantstopthetrain|265|1139
|gen|9
|tier|[Gen 9] OU
|rated|
|rule|HP Percentage Mod: HP is shown in percentages
|rule|Endless Battle Clause: Forcing endless battles is banned
|rule|Species Clause: Limit one of each Pokémon
|rule|OHKO Clause: OHKO moves are banned
|rule|Evasion Items Clause: Evasion items are banned
|rule|Evasion Moves Clause: Evasion moves are banned
|rule|Evasion Abilities Clause: Evasion abilities are banned
|rule|Sleep Moves Clause: Sleep-inducing moves are banned
|clearpoke
|poke|p1|Ceruledge, M|
|poke|p1|Gholdengo|
|poke|p1|Golurk|
|poke|p1|Dragapult, M|
|poke|p1|Decidueye, M|
|poke|p1|Mimikyu, M|
|poke|p2|Tyranitar, F|
|poke|p2|Gliscor, F|
|poke|p2|Great Tusk|
|poke|p2|Gholdengo|
|poke|p2|Ogerpon-Cornerstone, F|
|poke|p2|Gyarados, F|
|teampreview
|inactive|Battle timer is ON: inactive players will automatically lose when time's up. (requested by Cantstopthetrain)
|inactive|saaskki2209 has 120 seconds left.
|
|t:|1779712880
|teamsize|p1|6
|teamsize|p2|6
|start
|switch|p1a: Golurk|Golurk|100/100
|switch|p2a: Tyranitar|Tyranitar, F|100/100
|-weather|Sandstorm|[from] ability: Sand Stream|[of] p2a: Tyranitar
|turn|1
|inactive|Cantstopthetrain has 120 seconds left.
|
|t:|1779712910
|switch|p2a: Gliscor|Gliscor, F|100/100
|move|p1a: Golurk|Close Combat|p2a: Gliscor
|-resisted|p2a: Gliscor
|-damage|p2a: Gliscor|71/100
|-unboost|p1a: Golurk|def|1
|-unboost|p1a: Golurk|spd|1
|
|-weather|Sandstorm|[upkeep]
|-status|p2a: Gliscor|tox|[from] item: Toxic Orb
|upkeep
|turn|2
|inactive|Cantstopthetrain has 120 seconds left.
|
|t:|1779712932
|move|p2a: Gliscor|U-turn|p1a: Golurk
|-resisted|p1a: Golurk
|-damage|p1a: Golurk|85/100
|
|t:|1779712934
|switch|p2a: Great Tusk|Great Tusk|100/100|[from] U-turn
|move|p1a: Golurk|Close Combat|p2a: Great Tusk
|-damage|p2a: Great Tusk|72/100
|-unboost|p1a: Golurk|def|1
|-unboost|p1a: Golurk|spd|1
|
|-weather|Sandstorm|[upkeep]
|upkeep
|turn|3
|inactive|Cantstopthetrain has 120 seconds left.
|
|t:|1779712957
|move|p2a: Great Tusk|Stealth Rock|p1a: Golurk
|-sidestart|p1: saaskki2209|move: Stealth Rock
|move|p1a: Golurk|Close Combat|p2a: Great Tusk
|-damage|p2a: Great Tusk|43/100
|-unboost|p1a: Golurk|def|1
|-unboost|p1a: Golurk|spd|1
|
|-weather|Sandstorm|[upkeep]
|upkeep
|turn|4
|inactive|Cantstopthetrain has 120 seconds left.
|
|t:|1779712980
|move|p2a: Great Tusk|Knock Off|p1a: Golurk
|-supereffective|p1a: Golurk
|-damage|p1a: Golurk|0 fnt
|-enditem|p1a: Golurk|Choice Band|[from] move: Knock Off|[of] p2a: Great Tusk
|faint|p1a: Golurk
|
|-weather|Sandstorm|[upkeep]
|upkeep
|inactive|saaskki2209 has 120 seconds left.
|
|t:|1779713000
|switch|p1a: Mimikyu|Mimikyu, M, shiny|100/100
|-damage|p1a: Mimikyu|88/100|[from] Stealth Rock
|turn|5
|inactive|Cantstopthetrain has 120 seconds left.
|
|t:|1779713010
|move|p1a: Mimikyu|Play Rough|p2a: Great Tusk
|-supereffective|p2a: Great Tusk
|-damage|p2a: Great Tusk|7/100
|move|p2a: Great Tusk|Knock Off|p1a: Mimikyu
|-activate|p1a: Mimikyu|ability: Disguise
|-damage|p1a: Mimikyu|88/100
|-enditem|p1a: Mimikyu|Red Card|[from] move: Knock Off|[of] p2a: Great Tusk
|detailschange|p1a: Mimikyu|Mimikyu-Busted, M, shiny
|-damage|p1a: Mimikyu|76/100|[from] pokemon: Mimikyu-Busted
|
|-weather|Sandstorm|[upkeep]
|-damage|p1a: Mimikyu|70/100|[from] Sandstorm
|upkeep
|turn|6
|inactive|Cantstopthetrain has 120 seconds left.
|
|t:|1779713032
|move|p1a: Mimikyu|Play Rough|p2a: Great Tusk
|-supereffective|p2a: Great Tusk
|-damage|p2a: Great Tusk|0 fnt
|faint|p2a: Great Tusk
|-end|p2a: Great Tusk|Protosynthesis|[silent]
|
|-weather|Sandstorm|[upkeep]
|-damage|p1a: Mimikyu|64/100|[from] Sandstorm
|upkeep
|
|t:|1779713045
|switch|p2a: Gliscor|Gliscor, F|71/100 tox
|turn|7
|inactive|saaskki2209 has 120 seconds left.
|
|t:|1779713066
|move|p1a: Mimikyu|Shadow Claw|p2a: Gliscor
|-damage|p2a: Gliscor|44/100 tox
|move|p2a: Gliscor|Earthquake|p1a: Mimikyu
|-damage|p1a: Mimikyu|11/100
|
|-weather|Sandstorm|[upkeep]
|-damage|p1a: Mimikyu|5/100|[from] Sandstorm
|-heal|p2a: Gliscor|56/100 tox|[from] ability: Poison Heal
|upkeep
|turn|8
|inactive|saaskki2209 has 120 seconds left.
|
|t:|1779713077
|move|p2a: Gliscor|Protect|p2a: Gliscor
|-singleturn|p2a: Gliscor|Protect
|move|p1a: Mimikyu|Shadow Claw|p2a: Gliscor
|-activate|p2a: Gliscor|move: Protect
|
|-weather|none
|-heal|p2a: Gliscor|68/100 tox|[from] ability: Poison Heal
|upkeep
|turn|9
|
|t:|1779713086
|move|p1a: Mimikyu|Play Rough|p2a: Gliscor
|-damage|p2a: Gliscor|31/100 tox
|move|p2a: Gliscor|U-turn|p1a: Mimikyu
|-resisted|p1a: Mimikyu
|-damage|p1a: Mimikyu|0 fnt
|faint|p1a: Mimikyu
|
|t:|1779713091
|switch|p2a: Ogerpon|Ogerpon-Cornerstone, F|100/100|[from] U-turn
|
|upkeep
|
|t:|1779713096
|switch|p1a: Ceruledge|Ceruledge, M|100/100
|-damage|p1a: Ceruledge|76/100|[from] Stealth Rock
|turn|10
|
|t:|1779713102
|move|p1a: Ceruledge|Bitter Blade|p2a: Ogerpon
|-crit|p2a: Ogerpon
|-ability|p2a: Ogerpon|Sturdy
|-damage|p2a: Ogerpon|1/100
|-heal|p1a: Ceruledge|100/100|[from] drain|[of] p2a: Ogerpon
|-damage|p1a: Ceruledge|91/100|[from] item: Life Orb
|move|p2a: Ogerpon|Leech Seed|p1a: Ceruledge
|-start|p1a: Ceruledge|move: Leech Seed
|
|-damage|p1a: Ceruledge|78/100|[from] Leech Seed|[of] p2a: Ogerpon
|-heal|p2a: Ogerpon|13/100|[silent]
|upkeep
|turn|11
|
|t:|1779713113
|move|p2a: Ogerpon|Spiky Shield|p2a: Ogerpon
|-singleturn|p2a: Ogerpon|move: Protect
|move|p1a: Ceruledge|Bitter Blade|p2a: Ogerpon
|-activate|p2a: Ogerpon|move: Protect
|-damage|p1a: Ceruledge|66/100|[from] Spiky Shield|[of] p2a: Ogerpon
|
|-damage|p1a: Ceruledge|53/100|[from] Leech Seed|[of] p2a: Ogerpon
|-heal|p2a: Ogerpon|25/100|[silent]
|upkeep
|turn|12
|inactive|Cantstopthetrain has 120 seconds left.
|
|t:|1779713146
|switch|p2a: Tyranitar|Tyranitar, F|100/100
|-weather|Sandstorm|[from] ability: Sand Stream|[of] p2a: Tyranitar
|move|p1a: Ceruledge|Bitter Blade|p2a: Tyranitar
|-resisted|p2a: Tyranitar
|-damage|p2a: Tyranitar|69/100
|-heal|p1a: Ceruledge|72/100|[from] drain|[of] p2a: Tyranitar
|-damage|p1a: Ceruledge|62/100|[from] item: Life Orb
|
|-weather|Sandstorm|[upkeep]
|-damage|p1a: Ceruledge|56/100|[from] Sandstorm
|-damage|p1a: Ceruledge|44/100|[from] Leech Seed|[of] p2a: Tyranitar
|-heal|p2a: Tyranitar|79/100|[silent]
|upkeep
|turn|13
|inactive|Cantstopthetrain has 120 seconds left.
|
|t:|1779713162
|switch|p1a: Decidueye|Decidueye, M, shiny|100/100
|-damage|p1a: Decidueye|88/100|[from] Stealth Rock
|move|p2a: Tyranitar|Thunder Wave|p1a: Decidueye
|-status|p1a: Decidueye|par
|
|-weather|Sandstorm|[upkeep]
|-damage|p1a: Decidueye|82/100 par|[from] Sandstorm
|upkeep
|turn|14
|
|t:|1779713172
|move|p2a: Tyranitar|Knock Off|p1a: Decidueye
|-supereffective|p1a: Decidueye
|-damage|p1a: Decidueye|0 fnt
|-enditem|p1a: Decidueye|Spell Tag|[from] move: Knock Off|[of] p2a: Tyranitar
|faint|p1a: Decidueye
|
|-weather|Sandstorm|[upkeep]
|upkeep
|
|t:|1779713191
|switch|p1a: Ceruledge|Ceruledge, M|44/100
|-damage|p1a: Ceruledge|19/100|[from] Stealth Rock
|turn|15
|
|t:|1779713202
|move|p1a: Ceruledge|Bitter Blade|p2a: Tyranitar
|-resisted|p2a: Tyranitar
|-damage|p2a: Tyranitar|47/100
|-heal|p1a: Ceruledge|38/100|[from] drain|[of] p2a: Tyranitar
|-damage|p1a: Ceruledge|28/100|[from] item: Life Orb
|move|p2a: Tyranitar|Knock Off|p1a: Ceruledge
|-supereffective|p1a: Ceruledge
|-damage|p1a: Ceruledge|0 fnt
|-enditem|p1a: Ceruledge|Life Orb|[from] move: Knock Off|[of] p2a: Tyranitar
|faint|p1a: Ceruledge
|
|-weather|Sandstorm|[upkeep]
|upkeep
|
|t:|1779713213
|switch|p1a: Dragapult|Dragapult, M, shiny|100/100
|-damage|p1a: Dragapult|88/100|[from] Stealth Rock
|turn|16
|
|t:|1779713220
|move|p1a: Dragapult|U-turn|p2a: Tyranitar
|-supereffective|p2a: Tyranitar
|-damage|p2a: Tyranitar|18/100
|
|t:|1779713224
|switch|p1a: Gholdengo|Gholdengo|100/100|[from] U-turn
|-damage|p1a: Gholdengo|94/100|[from] Stealth Rock
|move|p2a: Tyranitar|Knock Off|p1a: Gholdengo
|-supereffective|p1a: Gholdengo
|-damage|p1a: Gholdengo|0 fnt
|-enditem|p1a: Gholdengo|Metal Coat|[from] move: Knock Off|[of] p2a: Tyranitar
|faint|p1a: Gholdengo
|
|-weather|Sandstorm|[upkeep]
|upkeep
|
|t:|1779713234
|switch|p1a: Dragapult|Dragapult, M, shiny|88/100
|-damage|p1a: Dragapult|76/100|[from] Stealth Rock
|turn|17
|
|t:|1779713239
|move|p1a: Dragapult|U-turn|p2a: Tyranitar
|-supereffective|p2a: Tyranitar
|-damage|p2a: Tyranitar|0 fnt
|faint|p2a: Tyranitar
|
|-weather|Sandstorm|[upkeep]
|-damage|p1a: Dragapult|70/100|[from] Sandstorm
|upkeep
|
|t:|1779713257
|switch|p2a: Gyarados|Gyarados, F|100/100
|-ability|p2a: Gyarados|Intimidate|boost
|-unboost|p1a: Dragapult|atk|1
|turn|18
|
|t:|1779713264
|move|p1a: Dragapult|U-turn|p2a: Gyarados
|-resisted|p2a: Gyarados
|-damage|p2a: Gyarados|94/100
|move|p2a: Gyarados|Dragon Dance|p2a: Gyarados
|-boost|p2a: Gyarados|atk|1
|-boost|p2a: Gyarados|spe|1
|
|-weather|Sandstorm|[upkeep]
|-damage|p2a: Gyarados|88/100|[from] Sandstorm
|-damage|p1a: Dragapult|64/100|[from] Sandstorm
|upkeep
|turn|19
|c|☆Cantstopthetrain|gg
|
|t:|1779713279
|-terastallize|p2a: Gyarados|Rock
|move|p2a: Gyarados|Stone Edge|p1a: Dragapult
|-damage|p1a: Dragapult|0 fnt
|faint|p1a: Dragapult
|
|win|Cantstopthetrain
|raw|saaskki2209's rating: 1079 &rarr; <strong>1061</strong><br />(-18 for losing)
|raw|Cantstopthetrain's rating: 1139 &rarr; <strong>1160</strong><br />(+21 for winning)
|l|☆Cantstopthetrain
|player|p2|
|l|☆saaskki2209
|player|p1|
