|j|☆sdkid
|j|☆lambKitten
|t:|1779723099
|gametype|singles
|player|p1|sdkid|burglar|1172
|player|p2|lambKitten|266|1215
|gen|9
|tier|[Gen 9] OU
|rated|
|rule|HP Percentage Mod: HP is shown in percentages
|rule|Endless Battle Clause: Forcing endless battles is banned
|rule|Species Clause: Limit one of each Pokémon
|rule|OHKO Clause: OHKO moves are banned
|rule|Evasion Items Clause: Evasion items are banned
|rule|Evasion Moves Clause: Evasion moves are banned
|rule|Evasion Abilities Clause: Evasion abilities are banned
|rule|Sleep Moves Clause: Sleep-inducing moves are banned
|clearpoke
|poke|p1|Gholdengo|
|poke|p1|Ting-Lu|
|poke|p1|Dragonite, M|
|poke|p1|Ogerpon-Wellspring, F|
|poke|p1|Kingambit, F|
|poke|p1|Iron Moth|
|poke|p2|Ting-Lu|
|poke|p2|Pecharunt|
|poke|p2|Dragonite, F|
|poke|p2|Dragapult, F|
|poke|p2|Iron Treads|
|poke|p2|Kingambit, M|
|teampreview
|inactive|Battle timer is ON: inactive players will automatically lose when time's up. (requested by sdkid)
|
|t:|1779723108
|teamsize|p1|6
|teamsize|p2|6
|start
|switch|p1a: Ogerpon|Ogerpon-Wellspring, F|100/100
|switch|p2a: Dragapult|Dragapult, F|100/100
|turn|1
|
|t:|1779723125
|switch|p1a: Iron Moth|Iron Moth|100/100
|-enditem|p1a: Iron Moth|Booster Energy
|-activate|p1a: Iron Moth|ability: Quark Drive|[fromitem]
|-start|p1a: Iron Moth|quarkdrivespe
|move|p2a: Dragapult|Will-O-Wisp|p1a: Iron Moth
|-immune|p1a: Iron Moth
|
|upkeep
|turn|2
|
|t:|1779723135
|switch|p2a: Ting-Lu|Ting-Lu|100/100
|-ability|p2a: Ting-Lu|Vessel of Ruin
|move|p1a: Iron Moth|Fiery Dance|p2a: Ting-Lu
|-damage|p2a: Ting-Lu|84/100
|
|-heal|p2a: Ting-Lu|90/100|[from] item: Leftovers
|upkeep
|turn|3
|
|t:|1779723151
|-end|p1a: Iron Moth|Quark Drive|[silent]
|switch|p1a: Ting-Lu|Ting-Lu|100/100
|-ability|p1a: Ting-Lu|Vessel of Ruin
|move|p2a: Ting-Lu|Whirlwind|p1a: Ting-Lu
|drag|p1a: Dragonite|Dragonite, M|100/100
|
|-heal|p2a: Ting-Lu|97/100|[from] item: Leftovers
|upkeep
|turn|4
|
|t:|1779723159
|switch|p1a: Ting-Lu|Ting-Lu|100/100
|-ability|p1a: Ting-Lu|Vessel of Ruin
|move|p2a: Ting-Lu|Stealth Rock|p1a: Ting-Lu
|-sidestart|p1: sdkid|move: Stealth Rock
|
|-heal|p2a: Ting-Lu|100/100|[from] item: Leftovers
|upkeep
|turn|5
|
|t:|1779723165
|move|p1a: Ting-Lu|Stealth Rock|p2a: Ting-Lu
|-sidestart|p2: lambKitten|move: Stealth Rock
|move|p2a: Ting-Lu|Spikes|p1a: Ting-Lu
|-sidestart|p1: sdkid|Spikes
|
|upkeep
|turn|6
|
|t:|1779723168
|move|p1a: Ting-Lu|Spikes|p2a: Ting-Lu
|-sidestart|p2: lambKitten|Spikes
|move|p2a: Ting-Lu|Spikes|p1a: Ting-Lu
|-sidestart|p1: sdkid|Spikes
|
|upkeep
|turn|7
|
|t:|1779723170
|move|p1a: Ting-Lu|Spikes|p2a: Ting-Lu
|-sidestart|p2: lambKitten|Spikes
|move|p2a: Ting-Lu|Spikes|p1a: Ting-Lu
|-sidestart|p1: sdkid|Spikes
|
|upkeep
|turn|8
|
|t:|1779723172
|move|p1a: Ting-Lu|Spikes|p2a: Ting-Lu
|-sidestart|p2: lambKitten|Spikes
|move|p2a: Ting-Lu|Whirlwind|p1a: Ting-Lu
|drag|p1a: Iron Moth|Iron Moth|100/100
|-damage|p1a: Iron Moth|76/100|[from] Stealth Rock
|-damage|p1a: Iron Moth|51/100|[from] Spikes
|
|upkeep
|turn|9
|
|t:|1779723182
|move|p1a: Iron Moth|Energy Ball|p2a: Ting-Lu
|-supereffective|p2a: Ting-Lu
|-damage|p2a: Ting-Lu|74/100
|move|p2a: Ting-Lu|Earthquake|p1a: Iron Moth
|-supereffective|p1a: Iron Moth
|-damage|p1a: Iron Moth|0 fnt
|faint|p1a: Iron Moth
|-end|p1a: Iron Moth|Quark Drive|[silent]
|
|-heal|p2a: Ting-Lu|80/100|[from] item: Leftovers
|upkeep
|
|t:|1779723192
|switch|p1a: Ogerpon|Ogerpon-Wellspring, F|100/100
|-damage|p1a: Ogerpon|88/100|[from] Stealth Rock
|-damage|p1a: Ogerpon|63/100|[from] Spikes
|turn|10
|inactive|lambKitten has 120 seconds left.
|
|t:|1779723240
|switch|p2a: Dragapult|Dragapult, F|100/100
|move|p1a: Ogerpon|Knock Off|p2a: Dragapult
|-supereffective|p2a: Dragapult
|-damage|p2a: Dragapult|0 fnt
|-enditem|p2a: Dragapult|Heavy-Duty Boots|[from] move: Knock Off|[of] p1a: Ogerpon
|faint|p2a: Dragapult
|
|upkeep
|
|t:|1779723254
|switch|p2a: Iron Treads|Iron Treads|100/100
|-damage|p2a: Iron Treads|97/100|[from] Stealth Rock
|-damage|p2a: Iron Treads|72/100|[from] Spikes
|turn|11
|
|t:|1779723262
|-terastallize|p2a: Iron Treads|Water
|move|p1a: Ogerpon|Ivy Cudgel|p2a: Iron Treads|[anim] Ivy Cudgel Water
|-resisted|p2a: Iron Treads
|-damage|p2a: Iron Treads|47/100
|move|p2a: Iron Treads|Rapid Spin|p1a: Ogerpon
|-damage|p1a: Ogerpon|44/100
|-boost|p2a: Iron Treads|spe|1
|-sideend|p2: lambKitten|Spikes|[from] move: Rapid Spin|[of] p2a: Iron Treads
|-sideend|p2: lambKitten|Stealth Rock|[from] move: Rapid Spin|[of] p2a: Iron Treads
|
|-heal|p2a: Iron Treads|53/100|[from] item: Leftovers
|upkeep
|turn|12
|inactive|lambKitten has 90 seconds left.
|
|t:|1779723303
|move|p2a: Iron Treads|Volt Switch|p1a: Ogerpon
|-damage|p1a: Ogerpon|32/100
|
|t:|1779723310
|-end|p2a: Iron Treads|Quark Drive|[silent]
|switch|p2a: Dragonite|Dragonite, F|100/100|[from] Volt Switch
|move|p1a: Ogerpon|Knock Off|p2a: Dragonite
|-damage|p2a: Dragonite|79/100
|-enditem|p2a: Dragonite|Leftovers|[from] move: Knock Off|[of] p1a: Ogerpon
|
|upkeep
|turn|13
|inactive|lambKitten has 60 seconds left.
|inactive|lambKitten has 30 seconds left.
|inactive|lambKitten has 20 seconds left.
|inactive|lambKitten has 15 seconds left.
|inactive|lambKitten has 10 seconds left.
|inactive|lambKitten has 5 seconds left.
|-message|lambKitten lost due to inactivity.
|
|win|sdkid
|raw|sdkid's rating: 1172 &rarr; <strong>1200</strong><br />(+28 for winning)
|raw|lambKitten's rating: 1215 &rarr; <strong>1187</strong><br />(-28 for losing)
