|j|☆GrandSagePatate
|j|☆Kolo22
|t:|1779720680
|gametype|singles
|player|p1|GrandSagePatate|twins-gen4dp|1255
|player|p2|Kolo22|102|1300
|gen|9
|tier|[Gen 9] OU
|rated|
|rule|HP Percentage Mod: HP is shown in percentages
|rule|Endless Battle Clause: Forcing endless battles is banned
|rule|Species Clause: Limit one of each Pokémon
|rule|OHKO Clause: OHKO moves are banned
|rule|Evasion Items Clause: Evasion items are banned
|rule|Evasion Moves Clause: Evasion moves are banned
|rule|Evasion Abilities Clause: Evasion abilities are banned
|rule|Sleep Moves Clause: Sleep-inducing moves are banned
|clearpoke
|poke|p1|Kingambit, M|
|poke|p1|Corviknight, F|
|poke|p1|Darkrai|
|poke|p1|Landorus-Therian, M|
|poke|p1|Cottonee, L1, F|
|poke|p1|Jirachi|
|poke|p2|Clodsire, F|
|poke|p2|Gholdengo|
|poke|p2|Pecharunt|
|poke|p2|Chesnaught, F|
|poke|p2|Weavile, F|
|poke|p2|Slowking, F|
|teampreview
|inactive|Battle timer is ON: inactive players will automatically lose when time's up. (requested by Kolo22)
|
|t:|1779720690
|teamsize|p1|6
|teamsize|p2|6
|start
|switch|p1a: Jirachi|Jirachi, shiny|100/100
|switch|p2a: Weavile|Weavile, F|100/100
|-ability|p2a: Weavile|Pressure
|turn|1
|
|t:|1779720696
|move|p1a: Jirachi|Iron Head|p2a: Weavile
|-supereffective|p2a: Weavile
|-damage|p2a: Weavile|0 fnt
|faint|p2a: Weavile
|
|upkeep
|
|t:|1779720707
|switch|p2a: Slowking|Slowking, F|100/100
|turn|2
|
|t:|1779720712
|switch|p1a: Corviknight|Corviknight, F, shiny|100/100
|move|p2a: Slowking|Future Sight|p1a: Corviknight
|-start|p2a: Slowking|move: Future Sight
|
|upkeep
|turn|3
|
|t:|1779720720
|move|p1a: Corviknight|Taunt|p2a: Slowking
|-start|p2a: Slowking|move: Taunt
|-prepare|p2a: Slowking|Chilly Reception|[premajor]
|cant|p2a: Slowking|move: Taunt|Chilly Reception
|
|upkeep
|turn|4
|
|t:|1779720738
|switch|p2a: Pecharunt|Pecharunt|100/100
|move|p1a: Corviknight|Roost||[still]
|-fail|p1a: Corviknight|heal
|
|-end|p1a: Corviknight|move: Future Sight
|-resisted|p1a: Corviknight
|-damage|p1a: Corviknight|78/100
|upkeep
|turn|5
|
|t:|1779720753
|switch|p2a: Gholdengo|Gholdengo|100/100
|-item|p2a: Gholdengo|Air Balloon
|move|p1a: Corviknight|U-turn|p2a: Gholdengo
|-resisted|p2a: Gholdengo
|-damage|p2a: Gholdengo|97/100
|-enditem|p2a: Gholdengo|Air Balloon
|
|t:|1779720760
|switch|p1a: Landorus|Landorus-Therian, M, shiny|100/100|[from] U-turn
|-ability|p1a: Landorus|Intimidate|boost
|-unboost|p2a: Gholdengo|atk|1
|
|upkeep
|turn|6
|
|t:|1779720772
|switch|p2a: Chesnaught|Chesnaught, F|100/100
|move|p1a: Landorus|Swords Dance|p1a: Landorus
|-boost|p1a: Landorus|atk|2
|
|upkeep
|turn|7
|
|t:|1779720791
|move|p1a: Landorus|U-turn|p2a: Chesnaught
|-damage|p2a: Chesnaught|72/100
|-damage|p1a: Landorus|84/100|[from] item: Rocky Helmet|[of] p2a: Chesnaught
|
|t:|1779720797
|switch|p1a: Corviknight|Corviknight, F, shiny|78/100|[from] U-turn
|move|p2a: Chesnaught|Iron Defense|p2a: Chesnaught
|-boost|p2a: Chesnaught|def|2
|
|upkeep
|turn|8
|
|t:|1779720804
|move|p2a: Chesnaught|Synthesis|p2a: Chesnaught
|-heal|p2a: Chesnaught|100/100
|move|p1a: Corviknight|Taunt|p2a: Chesnaught
|-start|p2a: Chesnaught|move: Taunt
|
|upkeep
|turn|9
|
|t:|1779720814
|move|p2a: Chesnaught|Body Press|p1a: Corviknight
|-damage|p1a: Corviknight|8/100
|-damage|p2a: Chesnaught|84/100|[from] item: Rocky Helmet|[of] p1a: Corviknight
|move|p1a: Corviknight|U-turn|p2a: Chesnaught
|-damage|p2a: Chesnaught|80/100
|-damage|p1a: Corviknight|0 fnt|[from] item: Rocky Helmet|[of] p2a: Chesnaught
|faint|p1a: Corviknight
|
|upkeep
|
|t:|1779720822
|switch|p1a: Cottonee|Cottonee, L1, F, shiny|100/100
|turn|10
|
|t:|1779720831
|switch|p2a: Clodsire|Clodsire, F|100/100
|move|p1a: Cottonee|Endeavor|p2a: Clodsire
|-damage|p2a: Clodsire|3/100
|
|-heal|p2a: Clodsire|9/100|[from] item: Leftovers
|upkeep
|turn|11
|
|t:|1779720841
|move|p1a: Cottonee|Substitute|p1a: Cottonee
|-start|p1a: Cottonee|Substitute
|-damage|p1a: Cottonee|75/100
|move|p2a: Clodsire|Toxic||[still]
|-fail|p2a: Clodsire
|
|-heal|p2a: Clodsire|16/100|[from] item: Leftovers
|upkeep
|turn|12
|
|t:|1779720859
|move|p1a: Cottonee|Leech Seed|p2a: Clodsire
|-start|p2a: Clodsire|move: Leech Seed
|move|p2a: Clodsire|Earthquake|p1a: Cottonee
|-resisted|p1a: Cottonee
|-end|p1a: Cottonee|Substitute
|
|-heal|p2a: Clodsire|22/100|[from] item: Leftovers
|-damage|p2a: Clodsire|9/100|[from] Leech Seed|[of] p1a: Cottonee
|-heal|p1a: Cottonee|100/100|[silent]
|upkeep
|turn|13
|
|t:|1779720867
|switch|p1a: Landorus|Landorus-Therian, M, shiny|84/100
|-ability|p1a: Landorus|Intimidate|boost
|-unboost|p2a: Clodsire|atk|1
|move|p2a: Clodsire|Earthquake|p1a: Landorus
|-immune|p1a: Landorus
|
|-heal|p1a: Landorus|90/100|[from] item: Leftovers
|-heal|p2a: Clodsire|16/100|[from] item: Leftovers
|-damage|p2a: Clodsire|3/100|[from] Leech Seed|[of] p1a: Landorus
|-heal|p1a: Landorus|100/100|[silent]
|upkeep
|turn|14
|
|t:|1779720879
|switch|p2a: Chesnaught|Chesnaught, F|80/100
|move|p1a: Landorus|Protect||[still]
|-fail|p1a: Landorus
|
|upkeep
|turn|15
|
|t:|1779720894
|move|p1a: Landorus|U-turn|p2a: Chesnaught
|-damage|p2a: Chesnaught|63/100
|-damage|p1a: Landorus|84/100|[from] item: Rocky Helmet|[of] p2a: Chesnaught
|
|t:|1779720898
|switch|p1a: Jirachi|Jirachi, shiny|100/100|[from] U-turn
|move|p2a: Chesnaught|Synthesis|p2a: Chesnaught
|-heal|p2a: Chesnaught|100/100
|
|upkeep
|turn|16
|
|t:|1779720908
|switch|p2a: Clodsire|Clodsire, F|3/100
|move|p1a: Jirachi|Zen Headbutt|p2a: Clodsire
|-supereffective|p2a: Clodsire
|-damage|p2a: Clodsire|0 fnt
|faint|p2a: Clodsire
|
|upkeep
|
|t:|1779720926
|switch|p2a: Gholdengo|Gholdengo|97/100
|turn|17
|
|t:|1779720933
|switch|p1a: Landorus|Landorus-Therian, M, shiny|84/100
|-ability|p1a: Landorus|Intimidate|boost
|-unboost|p2a: Gholdengo|atk|1
|switch|p2a: Chesnaught|Chesnaught, F|100/100
|
|-heal|p1a: Landorus|90/100|[from] item: Leftovers
|upkeep
|turn|18
|
|t:|1779720948
|move|p1a: Landorus|Swords Dance|p1a: Landorus
|-boost|p1a: Landorus|atk|2
|move|p2a: Chesnaught|Knock Off|p1a: Landorus
|-damage|p1a: Landorus|60/100
|-enditem|p1a: Landorus|Leftovers|[from] move: Knock Off|[of] p2a: Chesnaught
|
|upkeep
|turn|19
|
|t:|1779720955
|move|p1a: Landorus|Earthquake|p2a: Chesnaught
|-resisted|p2a: Chesnaught
|-damage|p2a: Chesnaught|67/100
|move|p2a: Chesnaught|Iron Defense|p2a: Chesnaught
|-boost|p2a: Chesnaught|def|2
|
|upkeep
|turn|20
|
|t:|1779720969
|move|p1a: Landorus|U-turn|p2a: Chesnaught
|-damage|p2a: Chesnaught|52/100
|-damage|p1a: Landorus|44/100|[from] item: Rocky Helmet|[of] p2a: Chesnaught
|
|t:|1779720978
|switch|p1a: Jirachi|Jirachi, shiny|100/100|[from] U-turn
|move|p2a: Chesnaught|Body Press|p1a: Jirachi
|-damage|p1a: Jirachi|11/100
|
|upkeep
|turn|21
|
|t:|1779720987
|-terastallize|p2a: Chesnaught|Fire
|move|p1a: Jirachi|Iron Head|p2a: Chesnaught
|-resisted|p2a: Chesnaught
|-damage|p2a: Chesnaught|47/100
|-damage|p1a: Jirachi|0 fnt|[from] item: Rocky Helmet|[of] p2a: Chesnaught
|faint|p1a: Jirachi
|move|p2a: Chesnaught|Synthesis|p2a: Chesnaught
|-heal|p2a: Chesnaught|97/100
|
|upkeep
|
|t:|1779720995
|switch|p1a: Cottonee|Cottonee, L1, F, shiny|100/100
|turn|22
|
|t:|1779721000
|move|p1a: Cottonee|Leech Seed|p2a: Chesnaught
|-start|p2a: Chesnaught|move: Leech Seed
|move|p2a: Chesnaught|Knock Off|p1a: Cottonee
|-resisted|p1a: Cottonee
|-enditem|p1a: Cottonee|Focus Sash
|-damage|p1a: Cottonee|9/100
|
|-damage|p2a: Chesnaught|85/100|[from] Leech Seed|[of] p1a: Cottonee
|-heal|p1a: Cottonee|100/100|[silent]
|upkeep
|turn|23
|
|t:|1779721010
|move|p1a: Cottonee|Substitute|p1a: Cottonee
|-start|p1a: Cottonee|Substitute
|-damage|p1a: Cottonee|75/100
|move|p2a: Chesnaught|Body Press|p1a: Cottonee
|-resisted|p1a: Cottonee
|-end|p1a: Cottonee|Substitute
|
|-damage|p2a: Chesnaught|73/100|[from] Leech Seed|[of] p1a: Cottonee
|-heal|p1a: Cottonee|100/100|[silent]
|upkeep
|turn|24
|
|t:|1779721030
|switch|p2a: Slowking|Slowking, F|100/100
|move|p1a: Cottonee|Substitute|p1a: Cottonee
|-start|p1a: Cottonee|Substitute
|-damage|p1a: Cottonee|75/100
|
|upkeep
|turn|25
|
|t:|1779721036
|move|p2a: Slowking|Future Sight|p1a: Cottonee
|-start|p2a: Slowking|move: Future Sight
|move|p1a: Cottonee|Endeavor|p2a: Slowking
|-damage|p2a: Slowking|3/100
|
|upkeep
|turn|26
|
|t:|1779721050
|move|p1a: Cottonee|Encore|p2a: Slowking
|-start|p2a: Slowking|Encore
|move|p2a: Slowking|Future Sight||[still]
|-fail|p2a: Slowking
|
|upkeep
|turn|27
|
|t:|1779721062
|switch|p2a: Chesnaught|Chesnaught, F, tera:Fire|73/100
|move|p1a: Cottonee|Leech Seed|p2a: Chesnaught
|-start|p2a: Chesnaught|move: Leech Seed
|
|-end|p1a: Cottonee|move: Future Sight
|-end|p1a: Cottonee|Substitute
|-damage|p2a: Chesnaught|60/100|[from] Leech Seed|[of] p1a: Cottonee
|-heal|p1a: Cottonee|100/100|[silent]
|upkeep
|turn|28
|
|t:|1779721072
|switch|p2a: Slowking|Slowking, F|36/100
|move|p1a: Cottonee|Substitute|p1a: Cottonee
|-start|p1a: Cottonee|Substitute
|-damage|p1a: Cottonee|75/100
|
|upkeep
|turn|29
|
|t:|1779721077
|move|p1a: Cottonee|Leech Seed|p2a: Slowking
|-start|p2a: Slowking|move: Leech Seed
|move|p2a: Slowking|Future Sight|p1a: Cottonee
|-start|p2a: Slowking|move: Future Sight
|
|-damage|p2a: Slowking|24/100|[from] Leech Seed|[of] p1a: Cottonee
|-heal|p1a: Cottonee|100/100|[silent]
|upkeep
|turn|30
|
|t:|1779721084
|switch|p2a: Chesnaught|Chesnaught, F, tera:Fire|60/100
|move|p1a: Cottonee|Endeavor|p2a: Chesnaught
|-damage|p2a: Chesnaught|4/100
|-damage|p1a: Cottonee|84/100|[from] item: Rocky Helmet|[of] p2a: Chesnaught
|
|upkeep
|turn|31
|
|t:|1779721095
|move|p1a: Cottonee|Leech Seed|p2a: Chesnaught
|-start|p2a: Chesnaught|move: Leech Seed
|move|p2a: Chesnaught|Body Press|p1a: Cottonee
|-resisted|p1a: Cottonee
|-end|p1a: Cottonee|Substitute
|
|-end|p1a: Cottonee|move: Future Sight
|-damage|p1a: Cottonee|0 fnt
|faint|p1a: Cottonee
|upkeep
|
|t:|1779721107
|switch|p1a: Darkrai|Darkrai|100/100
|turn|32
|
|t:|1779721117
|move|p1a: Darkrai|Dark Pulse|p2a: Chesnaught
|-damage|p2a: Chesnaught|0 fnt
|faint|p2a: Chesnaught
|-damage|p1a: Darkrai|91/100|[from] item: Life Orb
|
|upkeep
|
|t:|1779721132
|switch|p2a: Pecharunt|Pecharunt|100/100
|turn|33
|
|t:|1779721137
|move|p1a: Darkrai|Dark Pulse|p2a: Pecharunt
|-supereffective|p2a: Pecharunt
|-damage|p2a: Pecharunt|0 fnt
|faint|p2a: Pecharunt
|-damage|p1a: Darkrai|81/100|[from] item: Life Orb
|
|upkeep
|
|t:|1779721145
|switch|p2a: Gholdengo|Gholdengo|97/100
|turn|34
|
|t:|1779721157
|move|p1a: Darkrai|Dark Pulse|p2a: Gholdengo
|-supereffective|p2a: Gholdengo
|-damage|p2a: Gholdengo|0 fnt
|faint|p2a: Gholdengo
|-damage|p1a: Darkrai|71/100|[from] item: Life Orb
|
|upkeep
|c|☆Kolo22|gg
|-message|Kolo22 forfeited.
|
|win|GrandSagePatate
|raw|GrandSagePatate's rating: 1255 &rarr; <strong>1283</strong><br />(+28 for winning)
|raw|Kolo22's rating: 1300 &rarr; <strong>1272</strong><br />(-28 for losing)
|l|☆Kolo22
|player|p2|
|c|☆GrandSagePatate|gg
|l|☆GrandSagePatate
|player|p1|
