|j|☆ljdakelaiyi
|j|☆mai42
|t:|1779682701
|gametype|singles
|player|p1|ljdakelaiyi|2|1329
|player|p2|mai42|boarder|1357
|gen|9
|tier|[Gen 9] OU
|rated|
|rule|HP Percentage Mod: HP is shown in percentages
|rule|Endless Battle Clause: Forcing endless battles is banned
|rule|Species Clause: Limit one of each Pokémon
|rule|OHKO Clause: OHKO moves are banned
|rule|Evasion Items Clause: Evasion items are banned
|rule|Evasion Moves Clause: Evasion moves are banned
|rule|Evasion Abilities Clause: Evasion abilities are banned
|rule|Sleep Moves Clause: Sleep-inducing moves are banned
|clearpoke
|poke|p1|Ogerpon-Wellspring, F|
|poke|p1|Hatterene, F|
|poke|p1|Gliscor, F|
|poke|p1|Blaziken, F|
|poke|p1|Deoxys-Speed|
|poke|p1|Iron Hands|
|poke|p2|Gallade, M|
|poke|p2|Ogerpon-Cornerstone, F|
|poke|p2|Hatterene, F|
|poke|p2|Iron Treads|
|poke|p2|Kingambit, M|
|poke|p2|Zapdos|
|teampreview
|inactive|Battle timer is ON: inactive players will automatically lose when time's up. (requested by mai42)
|inactive|ljdakelaiyi also wants the timer to be on.
|
|t:|1779682714
|teamsize|p1|6
|teamsize|p2|6
|start
|switch|p1a: Deoxys|Deoxys-Speed, shiny|100/100
|switch|p2a: Gladee|Gallade, M, shiny|100/100
|-ability|p1a: Deoxys|Pressure
|turn|1
|
|t:|1779682722
|move|p1a: Deoxys|Psycho Boost|p2a: Gladee
|-damage|p2a: Gladee|57/100
|-unboost|p1a: Deoxys|spa|2
|move|p2a: Gladee|Night Slash|p1a: Deoxys
|-supereffective|p1a: Deoxys
|-damage|p1a: Deoxys|10/100
|
|upkeep
|turn|2
|
|t:|1779682734
|move|p1a: Deoxys|Reflect|p1a: Deoxys
|-sidestart|p1: ljdakelaiyi|Reflect
|move|p2a: Gladee|Sacred Sword|p1a: Deoxys
|-resisted|p1a: Deoxys
|-damage|p1a: Deoxys|0 fnt
|faint|p1a: Deoxys
|
|upkeep
|inactive|ljdakelaiyi has 120 seconds left.
|
|t:|1779682762
|switch|p1a: Hatterene|Hatterene, F|100/100
|turn|3
|
|t:|1779682769
|switch|p2a: Iron Treads|Iron Treads, shiny|100/100
|-item|p2a: Iron Treads|Air Balloon
|move|p1a: Hatterene|Calm Mind|p1a: Hatterene
|-boost|p1a: Hatterene|spa|1
|-boost|p1a: Hatterene|spd|1
|
|upkeep
|turn|4
|
|t:|1779682782
|move|p2a: Iron Treads|Earthquake|p1a: Hatterene
|-damage|p1a: Hatterene|72/100
|move|p1a: Hatterene|Mystical Fire|p2a: Iron Treads
|-supereffective|p2a: Iron Treads
|-damage|p2a: Iron Treads|0 fnt
|-enditem|p2a: Iron Treads|Air Balloon
|faint|p2a: Iron Treads
|-end|p2a: Iron Treads|Quark Drive|[silent]
|
|-heal|p1a: Hatterene|78/100|[from] item: Leftovers
|upkeep
|
|t:|1779682788
|switch|p2a: Hatterene|Hatterene, F, shiny|100/100
|turn|5
|
|t:|1779682797
|move|p2a: Hatterene|Nuzzle|p1a: Hatterene
|-damage|p1a: Hatterene|76/100
|-status|p1a: Hatterene|par
|cant|p1a: Hatterene|par
|
|-heal|p1a: Hatterene|82/100 par|[from] item: Leftovers
|upkeep
|turn|6
|
|t:|1779682806
|move|p2a: Hatterene|Psychic Noise|p1a: Hatterene
|-resisted|p1a: Hatterene
|-damage|p1a: Hatterene|70/100 par
|-start|p1a: Hatterene|move: Heal Block
|move|p1a: Hatterene|Calm Mind|p1a: Hatterene
|-boost|p1a: Hatterene|spa|1
|-boost|p1a: Hatterene|spd|1
|
|upkeep
|turn|7
|
|t:|1779682818
|move|p2a: Hatterene|Pain Split|p1a: Hatterene
|-sethp|p1a: Hatterene|85/100 par|[from] move: Pain Split|[silent]
|-sethp|p2a: Hatterene|85/100|[from] move: Pain Split
|move|p1a: Hatterene|Calm Mind|p1a: Hatterene
|-boost|p1a: Hatterene|spa|1
|-boost|p1a: Hatterene|spd|1
|
|-end|p1a: Hatterene|move: Heal Block
|upkeep
|turn|8
|
|t:|1779682828
|switch|p2a: Ogerpon|Ogerpon-Cornerstone, F|100/100
|cant|p1a: Hatterene|par
|
|-heal|p1a: Hatterene|91/100 par|[from] item: Leftovers
|upkeep
|turn|9
|
|t:|1779682844
|move|p2a: Ogerpon|Swords Dance|p2a: Ogerpon
|-boost|p2a: Ogerpon|atk|2
|move|p1a: Hatterene|Draining Kiss|p2a: Ogerpon
|-damage|p2a: Ogerpon|12/100
|-heal|p1a: Hatterene|100/100 par|[from] drain|[of] p2a: Ogerpon
|
|-sideend|p1: ljdakelaiyi|Reflect
|upkeep
|turn|10
|
|t:|1779682853
|move|p2a: Ogerpon|Ivy Cudgel|p1a: Hatterene|[anim] Ivy Cudgel Rock
|-damage|p1a: Hatterene|0 fnt
|faint|p1a: Hatterene
|
|upkeep
|
|t:|1779682867
|switch|p1a: Blaziken|Blaziken, F, shiny|100/100
|-item|p1a: Blaziken|Air Balloon
|turn|11
|
|t:|1779682875
|move|p1a: Blaziken|Protect|p1a: Blaziken
|-singleturn|p1a: Blaziken|Protect
|move|p2a: Ogerpon|Ivy Cudgel|p1a: Blaziken|[anim] Ivy Cudgel Rock
|-activate|p1a: Blaziken|move: Protect
|
|-ability|p1a: Blaziken|Speed Boost|boost
|-boost|p1a: Blaziken|spe|1
|upkeep
|turn|12
|
|t:|1779682887
|move|p1a: Blaziken|Flare Blitz|p2a: Ogerpon
|-damage|p2a: Ogerpon|0 fnt
|faint|p2a: Ogerpon
|-damage|p1a: Blaziken|97/100|[from] Recoil
|
|-ability|p1a: Blaziken|Speed Boost|boost
|-boost|p1a: Blaziken|spe|1
|upkeep
|
|t:|1779682891
|switch|p2a: Zapdos|Zapdos|100/100
|turn|13
|
|t:|1779682903
|switch|p1a: Gliscor|Gliscor, F|100/100
|move|p2a: Zapdos|Hurricane|p1a: Gliscor
|-damage|p1a: Gliscor|11/100
|-start|p1a: Gliscor|confusion
|
|-status|p1a: Gliscor|tox|[from] item: Toxic Orb
|upkeep
|turn|14
|
|t:|1779682919
|switch|p2a: Kingambit|Kingambit, M|100/100
|-activate|p2a: Kingambit|ability: Supreme Overlord
|-start|p2a: Kingambit|fallen2|[silent]
|-activate|p1a: Gliscor|confusion
|-damage|p1a: Gliscor|4/100 tox|[from] confusion
|
|-heal|p1a: Gliscor|16/100 tox|[from] ability: Poison Heal
|upkeep
|turn|15
|
|t:|1779682930
|-activate|p1a: Gliscor|confusion
|-damage|p1a: Gliscor|9/100 tox|[from] confusion
|move|p2a: Kingambit|Swords Dance|p2a: Kingambit
|-boost|p2a: Kingambit|atk|2
|
|-heal|p1a: Gliscor|21/100 tox|[from] ability: Poison Heal
|upkeep
|turn|16
|
|t:|1779682938
|-activate|p1a: Gliscor|confusion
|move|p1a: Gliscor|Agility|p1a: Gliscor
|-boost|p1a: Gliscor|spe|2
|move|p2a: Kingambit|Iron Head|p1a: Gliscor
|-damage|p1a: Gliscor|0 fnt
|faint|p1a: Gliscor
|
|upkeep
|
|t:|1779682948
|switch|p1a: Iron Hands|Iron Hands, shiny|100/100
|-enditem|p1a: Iron Hands|Booster Energy
|-activate|p1a: Iron Hands|ability: Quark Drive|[fromitem]
|-start|p1a: Iron Hands|quarkdriveatk
|turn|17
|
|t:|1779682954
|-terastallize|p2a: Kingambit|Flying
|move|p2a: Kingambit|Low Kick|p1a: Iron Hands
|-damage|p1a: Iron Hands|31/100
|move|p1a: Iron Hands|Swords Dance|p1a: Iron Hands
|-boost|p1a: Iron Hands|atk|2
|
|upkeep
|turn|18
|l|☆ljdakelaiyi
|inactive|ljdakelaiyi disconnected and has a minute to reconnect!
|player|p1|
|j|☆ljdakelaiyi
|inactive|ljdakelaiyi reconnected and has 130 seconds left.
|player|p1|ljdakelaiyi|2|
|
|t:|1779682983
|move|p2a: Kingambit|Low Kick|p1a: Iron Hands
|-damage|p1a: Iron Hands|0 fnt
|faint|p1a: Iron Hands
|-end|p1a: Iron Hands|Quark Drive|[silent]
|
|upkeep
|
|t:|1779682990
|switch|p1a: Blaziken|Blaziken, F, shiny|97/100
|-item|p1a: Blaziken|Air Balloon
|turn|19
|
|t:|1779682994
|move|p1a: Blaziken|Swords Dance|p1a: Blaziken
|-boost|p1a: Blaziken|atk|2
|move|p2a: Kingambit|Swords Dance|p2a: Kingambit
|-boost|p2a: Kingambit|atk|2
|
|-ability|p1a: Blaziken|Speed Boost|boost
|-boost|p1a: Blaziken|spe|1
|upkeep
|turn|20
|
|t:|1779683004
|move|p2a: Kingambit|Sucker Punch|p1a: Blaziken
|-resisted|p1a: Blaziken
|-damage|p1a: Blaziken|0 fnt
|-enditem|p1a: Blaziken|Air Balloon
|faint|p1a: Blaziken
|
|upkeep
|-message|ljdakelaiyi forfeited.
|
|win|mai42
|raw|ljdakelaiyi's rating: 1329 &rarr; <strong>1311</strong><br />(-18 for losing)
|raw|mai42's rating: 1357 &rarr; <strong>1375</strong><br />(+18 for winning)
|l|☆ljdakelaiyi
|player|p1|
|l|☆mai42
|player|p2|
