|j|☆bradfish1761
|j|‽Pandorix
|t:|1779712698
|gametype|singles
|player|p1|bradfish1761|elesa|1139
|player|p2|Pandorix|102|1172
|gen|9
|tier|[Gen 9] OU
|rated|
|rule|HP Percentage Mod: HP is shown in percentages
|rule|Endless Battle Clause: Forcing endless battles is banned
|rule|Species Clause: Limit one of each Pokémon
|rule|OHKO Clause: OHKO moves are banned
|rule|Evasion Items Clause: Evasion items are banned
|rule|Evasion Moves Clause: Evasion moves are banned
|rule|Evasion Abilities Clause: Evasion abilities are banned
|rule|Sleep Moves Clause: Sleep-inducing moves are banned
|clearpoke
|poke|p1|Electrode-Hisui|
|poke|p1|Pelipper, M|
|poke|p1|Gholdengo|
|poke|p1|Cinderace, F|
|poke|p1|Great Tusk|
|poke|p1|Darkrai|
|poke|p2|Serperior, F|
|poke|p2|Gliscor, F|
|poke|p2|Heatran, M|
|poke|p2|Gholdengo|
|poke|p2|Great Tusk|
|poke|p2|Zamazenta-*|
|teampreview
|inactive|Battle timer is ON: inactive players will automatically lose when time's up. (requested by bradfish1761)
|
|t:|1779712713
|teamsize|p1|6
|teamsize|p2|6
|start
|switch|p1a: Pelipper|Pelipper, M|100/100
|switch|p2a: Serperior|Serperior, F|100/100
|-weather|RainDance|[from] ability: Drizzle|[of] p1a: Pelipper
|turn|1
|
|t:|1779712720
|move|p2a: Serperior|Substitute|p2a: Serperior
|-start|p2a: Serperior|Substitute
|-damage|p2a: Serperior|76/100
|move|p1a: Pelipper|Hurricane|p2a: Serperior
|-supereffective|p2a: Serperior
|-end|p2a: Serperior|Substitute
|
|-weather|RainDance|[upkeep]
|-heal|p2a: Serperior|82/100|[from] item: Leftovers
|upkeep
|turn|2
|
|t:|1779712730
|move|p2a: Serperior|Substitute|p2a: Serperior
|-start|p2a: Serperior|Substitute
|-damage|p2a: Serperior|57/100
|move|p1a: Pelipper|Hurricane|p2a: Serperior
|-supereffective|p2a: Serperior
|-end|p2a: Serperior|Substitute
|
|-weather|RainDance|[upkeep]
|-heal|p2a: Serperior|63/100|[from] item: Leftovers
|upkeep
|turn|3
|
|t:|1779712738
|move|p2a: Serperior|Substitute|p2a: Serperior
|-start|p2a: Serperior|Substitute
|-damage|p2a: Serperior|38/100
|move|p1a: Pelipper|Hurricane|p2a: Serperior
|-supereffective|p2a: Serperior
|-end|p2a: Serperior|Substitute
|
|-weather|RainDance|[upkeep]
|-heal|p2a: Serperior|44/100|[from] item: Leftovers
|upkeep
|turn|4
|c|☆bradfish1761|Bro hurricane doesn't mis in rain
|
|t:|1779712758
|move|p2a: Serperior|Substitute|p2a: Serperior
|-start|p2a: Serperior|Substitute
|-damage|p2a: Serperior|19/100
|move|p1a: Pelipper|Hurricane|p2a: Serperior
|-supereffective|p2a: Serperior
|-end|p2a: Serperior|Substitute
|
|-weather|RainDance|[upkeep]
|-heal|p2a: Serperior|26/100|[from] item: Leftovers
|upkeep
|turn|5
|inactive|Pandorix has 120 seconds left.
|
|t:|1779712817
|-terastallize|p2a: Serperior|Ground
|move|p2a: Serperior|Substitute|p2a: Serperior
|-start|p2a: Serperior|Substitute
|-damage|p2a: Serperior|1/100
|move|p1a: Pelipper|Hurricane|p2a: Serperior
|-end|p2a: Serperior|Substitute
|
|-weather|RainDance|[upkeep]
|-heal|p2a: Serperior|7/100|[from] item: Leftovers
|upkeep
|turn|6
|
|t:|1779712831
|move|p2a: Serperior|Glare|p1a: Pelipper
|-status|p1a: Pelipper|par
|move|p1a: Pelipper|Hurricane|p2a: Serperior
|-damage|p2a: Serperior|0 fnt
|faint|p2a: Serperior
|
|-weather|RainDance|[upkeep]
|upkeep
|inactive|Pandorix has 90 seconds left.
|
|t:|1779712846
|switch|p2a: Gliscor|Gliscor, F|100/100
|turn|7
|
|t:|1779712851
|move|p2a: Gliscor|Protect|p2a: Gliscor
|-singleturn|p2a: Gliscor|Protect
|cant|p1a: Pelipper|par
|
|-weather|RainDance|[upkeep]
|-status|p2a: Gliscor|tox|[from] item: Toxic Orb
|upkeep
|turn|8
|
|t:|1779712860
|move|p2a: Gliscor|Knock Off|p1a: Pelipper
|-damage|p1a: Pelipper|78/100 par
|-enditem|p1a: Pelipper|Damp Rock|[from] move: Knock Off|[of] p2a: Gliscor
|move|p1a: Pelipper|Weather Ball|p2a: Gliscor
|-supereffective|p2a: Gliscor
|-damage|p2a: Gliscor|0 fnt
|faint|p2a: Gliscor
|
|-weather|none
|upkeep
|
|t:|1779712872
|switch|p2a: Heatran|Heatran, M|100/100
|turn|9
|
|t:|1779712880
|switch|p1a: Great Tusk|Great Tusk|100/100
|move|p2a: Heatran|Stealth Rock|p1a: Great Tusk
|-sidestart|p1: bradfish1761|move: Stealth Rock
|
|upkeep
|turn|10
|
|t:|1779712887
|move|p2a: Heatran|Protect|p2a: Heatran
|-singleturn|p2a: Heatran|Protect
|move|p1a: Great Tusk|Headlong Rush|p2a: Heatran
|-activate|p2a: Heatran|move: Protect
|
|upkeep
|turn|11
|
|t:|1779712893
|switch|p2a: Gholdengo|Gholdengo|100/100
|-item|p2a: Gholdengo|Air Balloon
|move|p1a: Great Tusk|Headlong Rush|p2a: Gholdengo
|-immune|p2a: Gholdengo
|
|upkeep
|turn|12
|inactive|Pandorix has 120 seconds left.
|
|t:|1779712904
|move|p1a: Great Tusk|Knock Off|p2a: Gholdengo
|-supereffective|p2a: Gholdengo
|-damage|p2a: Gholdengo|54/100
|-enditem|p2a: Gholdengo|Air Balloon
|move|p2a: Gholdengo|Dazzling Gleam|p1a: Great Tusk
|-supereffective|p1a: Great Tusk
|-damage|p1a: Great Tusk|30/100
|
|-heal|p1a: Great Tusk|37/100|[from] item: Leftovers
|upkeep
|turn|13
|inactive|Pandorix has 120 seconds left.
|
|t:|1779712915
|move|p1a: Great Tusk|Headlong Rush|p2a: Gholdengo
|-supereffective|p2a: Gholdengo
|-damage|p2a: Gholdengo|0 fnt
|-unboost|p1a: Great Tusk|def|1
|-unboost|p1a: Great Tusk|spd|1
|faint|p2a: Gholdengo
|
|-heal|p1a: Great Tusk|43/100|[from] item: Leftovers
|upkeep
|
|t:|1779712928
|switch|p2a: Zamazenta|Zamazenta|100/100
|-ability|p2a: Zamazenta|Dauntless Shield|boost
|-boost|p2a: Zamazenta|def|1
|turn|14
|
|t:|1779712934
|move|p2a: Zamazenta|Iron Defense|p2a: Zamazenta
|-boost|p2a: Zamazenta|def|2
|move|p1a: Great Tusk|Knock Off|p2a: Zamazenta
|-resisted|p2a: Zamazenta
|-damage|p2a: Zamazenta|95/100
|-enditem|p2a: Zamazenta|Leftovers|[from] move: Knock Off|[of] p1a: Great Tusk
|
|-heal|p1a: Great Tusk|49/100|[from] item: Leftovers
|upkeep
|turn|15
|inactive|Pandorix has 120 seconds left.
|
|t:|1779712946
|-end|p1a: Great Tusk|Protosynthesis|[silent]
|switch|p1a: Cinderace|Cinderace, F|100/100
|move|p2a: Zamazenta|Body Press|p1a: Cinderace
|-damage|p1a: Cinderace|0 fnt
|faint|p1a: Cinderace
|
|upkeep
|
|t:|1779712949
|switch|p1a: Pelipper|Pelipper, M|78/100 par
|-damage|p1a: Pelipper|53/100 par|[from] Stealth Rock
|-weather|RainDance|[from] ability: Drizzle|[of] p1a: Pelipper
|turn|16
|inactive|Pandorix has 120 seconds left.
|
|t:|1779712966
|move|p2a: Zamazenta|Crunch|p1a: Pelipper
|-damage|p1a: Pelipper|30/100 par
|move|p1a: Pelipper|Hurricane|p2a: Zamazenta
|-supereffective|p2a: Zamazenta
|-damage|p2a: Zamazenta|0 fnt
|faint|p2a: Zamazenta
|
|-weather|RainDance|[upkeep]
|upkeep
|
|t:|1779712975
|switch|p2a: Great Tusk|Great Tusk|100/100
|turn|17
|
|t:|1779712978
|move|p2a: Great Tusk|Ice Spinner|p1a: Pelipper
|-damage|p1a: Pelipper|1/100 par
|move|p1a: Pelipper|Hurricane|p2a: Great Tusk
|-supereffective|p2a: Great Tusk
|-damage|p2a: Great Tusk|0 fnt
|faint|p2a: Great Tusk
|-end|p2a: Great Tusk|Protosynthesis|[silent]
|
|-weather|RainDance|[upkeep]
|upkeep
|
|t:|1779712982
|switch|p2a: Heatran|Heatran, M|100/100
|turn|18
|
|t:|1779712986
|move|p2a: Heatran|Magma Storm|p1a: Pelipper|[miss]
|-miss|p2a: Heatran|p1a: Pelipper
|cant|p1a: Pelipper|par
|
|-weather|RainDance|[upkeep]
|upkeep
|turn|19
|
|t:|1779712989
|move|p2a: Heatran|Magma Storm|p1a: Pelipper|[miss]
|-miss|p2a: Heatran|p1a: Pelipper
|move|p1a: Pelipper|Hurricane|p2a: Heatran
|-resisted|p2a: Heatran
|-damage|p2a: Heatran|85/100
|
|-weather|RainDance|[upkeep]
|-heal|p2a: Heatran|91/100|[from] item: Leftovers
|upkeep
|turn|20
|
|t:|1779712992
|move|p2a: Heatran|Magma Storm|p1a: Pelipper
|-resisted|p1a: Pelipper
|-damage|p1a: Pelipper|0 fnt
|faint|p1a: Pelipper
|
|-weather|none
|-heal|p2a: Heatran|97/100|[from] item: Leftovers
|upkeep
|
|t:|1779712996
|switch|p1a: Great Tusk|Great Tusk|49/100
|-damage|p1a: Great Tusk|46/100|[from] Stealth Rock
|turn|21
|
|t:|1779713003
|move|p2a: Heatran|Protect|p2a: Heatran
|-singleturn|p2a: Heatran|Protect
|move|p1a: Great Tusk|Headlong Rush|p2a: Heatran
|-activate|p2a: Heatran|move: Protect
|
|-heal|p1a: Great Tusk|52/100|[from] item: Leftovers
|-heal|p2a: Heatran|100/100|[from] item: Leftovers
|upkeep
|turn|22
|c|☆bradfish1761|Gg
|-message|Pandorix forfeited.
|
|win|bradfish1761
|raw|bradfish1761's rating: 1139 &rarr; <strong>1166</strong><br />(+27 for winning)
|raw|Pandorix's rating: 1172 &rarr; <strong>1145</strong><br />(-27 for losing)
|l|‽Pandorix
|player|p2|
