|j|☆perfecto123
|j|☆erjtsers
|t:|1779715983
|gametype|singles
|player|p1|perfecto123|101|1603
|player|p2|erjtsers|pokemonbreeder|1644
|gen|9
|tier|[Gen 9] OU
|rated|
|rule|HP Percentage Mod: HP is shown in percentages
|rule|Endless Battle Clause: Forcing endless battles is banned
|rule|Species Clause: Limit one of each Pokémon
|rule|OHKO Clause: OHKO moves are banned
|rule|Evasion Items Clause: Evasion items are banned
|rule|Evasion Moves Clause: Evasion moves are banned
|rule|Evasion Abilities Clause: Evasion abilities are banned
|rule|Sleep Moves Clause: Sleep-inducing moves are banned
|clearpoke
|poke|p1|Ribombee, M|
|poke|p1|Quaquaval, M|
|poke|p1|Hydreigon, M|
|poke|p1|Iron Moth|
|poke|p1|Skeledirge, F|
|poke|p1|Ogerpon-Wellspring, F|
|poke|p2|Toxapex, F|
|poke|p2|Corviknight, F|
|poke|p2|Dondozo, M|
|poke|p2|Clefable, M|
|poke|p2|Gliscor, M|
|poke|p2|Clodsire, M|
|teampreview
|
|t:|1779716001
|teamsize|p1|6
|teamsize|p2|6
|start
|switch|p1a: Hydreigon|Hydreigon, M|100/100
|switch|p2a: Gliscor|Gliscor, M|100/100
|turn|1
|inactive|Battle timer is ON: inactive players will automatically lose when time's up. (requested by perfecto123)
|
|t:|1779716010
|-terastallize|p1a: Hydreigon|Steel
|move|p2a: Gliscor|Protect|p2a: Gliscor
|-singleturn|p2a: Gliscor|Protect
|move|p1a: Hydreigon|Nasty Plot|p1a: Hydreigon
|-boost|p1a: Hydreigon|spa|2
|
|-status|p2a: Gliscor|tox|[from] item: Toxic Orb
|upkeep
|turn|2
|
|t:|1779716019
|switch|p2a: Clodsire|Clodsire, M|100/100
|move|p1a: Hydreigon|Nasty Plot|p1a: Hydreigon
|-boost|p1a: Hydreigon|spa|2
|
|upkeep
|turn|3
|
|t:|1779716025
|move|p1a: Hydreigon|Nasty Plot|p1a: Hydreigon
|-boost|p1a: Hydreigon|spa|2
|move|p2a: Clodsire|Spikes|p1a: Hydreigon
|-sidestart|p1: perfecto123|Spikes
|
|upkeep
|turn|4
|
|t:|1779716029
|move|p1a: Hydreigon|Dark Pulse|p2a: Clodsire
|-damage|p2a: Clodsire|73/100
|-damage|p1a: Hydreigon|91/100|[from] item: Life Orb
|move|p2a: Clodsire|Spikes|p1a: Hydreigon
|-sidestart|p1: perfecto123|Spikes
|
|upkeep
|turn|5
|
|t:|1779716035
|move|p1a: Hydreigon|Dark Pulse|p2a: Clodsire
|-damage|p2a: Clodsire|44/100
|-damage|p1a: Hydreigon|81/100|[from] item: Life Orb
|move|p2a: Clodsire|Spikes|p1a: Hydreigon
|-sidestart|p1: perfecto123|Spikes
|
|upkeep
|turn|6
|
|t:|1779716041
|move|p1a: Hydreigon|Dark Pulse|p2a: Clodsire
|-damage|p2a: Clodsire|17/100
|-damage|p1a: Hydreigon|71/100|[from] item: Life Orb
|move|p2a: Clodsire|Recover|p2a: Clodsire
|-heal|p2a: Clodsire|67/100
|
|upkeep
|turn|7
|
|t:|1779716048
|move|p1a: Hydreigon|Dark Pulse|p2a: Clodsire
|-crit|p2a: Clodsire
|-damage|p2a: Clodsire|24/100
|-damage|p1a: Hydreigon|61/100|[from] item: Life Orb
|move|p2a: Clodsire|Recover|p2a: Clodsire
|-heal|p2a: Clodsire|74/100
|
|upkeep
|turn|8
|
|t:|1779716055
|move|p1a: Hydreigon|Dark Pulse|p2a: Clodsire
|-damage|p2a: Clodsire|46/100
|-damage|p1a: Hydreigon|51/100|[from] item: Life Orb
|cant|p2a: Clodsire|flinch
|
|upkeep
|turn|9
|
|t:|1779716061
|move|p1a: Hydreigon|Dark Pulse|p2a: Clodsire
|-damage|p2a: Clodsire|19/100
|-damage|p1a: Hydreigon|41/100|[from] item: Life Orb
|move|p2a: Clodsire|Recover|p2a: Clodsire
|-heal|p2a: Clodsire|69/100
|
|upkeep
|turn|10
|
|t:|1779716068
|move|p1a: Hydreigon|Dark Pulse|p2a: Clodsire
|-damage|p2a: Clodsire|41/100
|-damage|p1a: Hydreigon|32/100|[from] item: Life Orb
|move|p2a: Clodsire|Recover|p2a: Clodsire
|-heal|p2a: Clodsire|91/100
|
|upkeep
|turn|11
|
|t:|1779716075
|move|p1a: Hydreigon|Dark Pulse|p2a: Clodsire
|-damage|p2a: Clodsire|62/100
|-damage|p1a: Hydreigon|22/100|[from] item: Life Orb
|move|p2a: Clodsire|Earthquake|p1a: Hydreigon
|-immune|p1a: Hydreigon|[from] ability: Levitate
|
|upkeep
|turn|12
|
|t:|1779716082
|move|p1a: Hydreigon|Dark Pulse|p2a: Clodsire
|-damage|p2a: Clodsire|34/100
|-damage|p1a: Hydreigon|12/100|[from] item: Life Orb
|cant|p2a: Clodsire|flinch
|
|upkeep
|turn|13
|
|t:|1779716088
|move|p1a: Hydreigon|Dragon Pulse|p2a: Clodsire
|-damage|p2a: Clodsire|6/100
|-damage|p1a: Hydreigon|2/100|[from] item: Life Orb
|move|p2a: Clodsire|Recover|p2a: Clodsire
|-heal|p2a: Clodsire|56/100
|
|upkeep
|turn|14
|
|t:|1779716094
|move|p1a: Hydreigon|Dark Pulse|p2a: Clodsire
|-damage|p2a: Clodsire|27/100
|-damage|p1a: Hydreigon|0 fnt|[from] item: Life Orb
|faint|p1a: Hydreigon
|move|p2a: Clodsire|Recover|p2a: Clodsire
|-heal|p2a: Clodsire|77/100
|
|upkeep
|
|t:|1779716106
|switch|p1a: Ogerpon|Ogerpon-Wellspring, F|100/100
|-damage|p1a: Ogerpon|76/100|[from] Spikes
|turn|15
|
|t:|1779716115
|switch|p2a: Clefable|Clefable, M|100/100
|move|p1a: Ogerpon|Swords Dance|p1a: Ogerpon
|-boost|p1a: Ogerpon|atk|2
|
|upkeep
|turn|16
|
|t:|1779716124
|move|p1a: Ogerpon|Ivy Cudgel|p2a: Clefable|[anim] Ivy Cudgel Water
|-damage|p2a: Clefable|13/100
|move|p2a: Clefable|Stealth Rock|p1a: Ogerpon
|-sidestart|p1: perfecto123|move: Stealth Rock
|
|upkeep
|turn|17
|
|t:|1779716130
|switch|p2a: Dondozo|Dondozo, M|100/100
|move|p1a: Ogerpon|Swords Dance|p1a: Ogerpon
|-boost|p1a: Ogerpon|atk|2
|
|upkeep
|turn|18
|
|t:|1779716138
|-terastallize|p2a: Dondozo|Dragon
|move|p1a: Ogerpon|Trailblaze|p2a: Dondozo
|-resisted|p2a: Dondozo
|-damage|p2a: Dondozo|94/100
|-boost|p1a: Ogerpon|spe|1
|move|p2a: Dondozo|Curse|p2a: Dondozo
|-unboost|p2a: Dondozo|spe|1
|-boost|p2a: Dondozo|atk|1
|-boost|p2a: Dondozo|def|1
|
|-heal|p2a: Dondozo|99/100|[from] item: Leftovers
|upkeep
|turn|19
|
|t:|1779716150
|switch|p1a: Skeledirge|Skeledirge, F|100/100
|-damage|p1a: Skeledirge|76/100|[from] Spikes
|-damage|p1a: Skeledirge|51/100|[from] Stealth Rock
|move|p2a: Dondozo|Curse|p2a: Dondozo
|-unboost|p2a: Dondozo|spe|1
|-boost|p2a: Dondozo|atk|1
|-boost|p2a: Dondozo|def|1
|
|-heal|p1a: Skeledirge|57/100|[from] item: Leftovers
|-heal|p2a: Dondozo|100/100|[from] item: Leftovers
|upkeep
|turn|20
|
|t:|1779716160
|move|p1a: Skeledirge|Alluring Voice|p2a: Dondozo
|-supereffective|p2a: Dondozo
|-damage|p2a: Dondozo|53/100
|move|p2a: Dondozo|Waterfall|p1a: Skeledirge
|-supereffective|p1a: Skeledirge
|-damage|p1a: Skeledirge|5/100
|
|-heal|p1a: Skeledirge|11/100|[from] item: Leftovers
|-heal|p2a: Dondozo|59/100|[from] item: Leftovers
|upkeep
|turn|21
|
|t:|1779716169
|switch|p2a: Clodsire|Clodsire, M|77/100
|move|p1a: Skeledirge|Slack Off|p1a: Skeledirge
|-heal|p1a: Skeledirge|61/100
|
|-heal|p1a: Skeledirge|67/100|[from] item: Leftovers
|upkeep
|turn|22
|
|t:|1779716176
|move|p1a: Skeledirge|Earth Power|p2a: Clodsire
|-supereffective|p2a: Clodsire
|-damage|p2a: Clodsire|46/100
|-unboost|p2a: Clodsire|spd|1
|move|p2a: Clodsire|Earthquake|p1a: Skeledirge
|-supereffective|p1a: Skeledirge
|-damage|p1a: Skeledirge|15/100
|
|-heal|p1a: Skeledirge|21/100|[from] item: Leftovers
|upkeep
|turn|23
|
|t:|1779716185
|move|p1a: Skeledirge|Slack Off|p1a: Skeledirge
|-heal|p1a: Skeledirge|71/100
|move|p2a: Clodsire|Recover|p2a: Clodsire
|-heal|p2a: Clodsire|96/100
|
|-heal|p1a: Skeledirge|77/100|[from] item: Leftovers
|upkeep
|turn|24
|
|t:|1779716192
|switch|p2a: Gliscor|Gliscor, M|100/100 tox
|move|p1a: Skeledirge|Earth Power|p2a: Gliscor
|-immune|p2a: Gliscor
|
|-heal|p1a: Skeledirge|83/100|[from] item: Leftovers
|upkeep
|turn|25
|
|t:|1779716199
|move|p2a: Gliscor|Toxic|p1a: Skeledirge
|-status|p1a: Skeledirge|tox
|move|p1a: Skeledirge|Torch Song|p2a: Gliscor
|-damage|p2a: Gliscor|51/100 tox
|-boost|p1a: Skeledirge|spa|1
|
|-heal|p1a: Skeledirge|89/100 tox|[from] item: Leftovers
|-heal|p2a: Gliscor|63/100 tox|[from] ability: Poison Heal
|-damage|p1a: Skeledirge|83/100 tox|[from] psn
|upkeep
|turn|26
|
|t:|1779716210
|move|p2a: Gliscor|Protect|p2a: Gliscor
|-singleturn|p2a: Gliscor|Protect
|move|p1a: Skeledirge|Alluring Voice|p2a: Gliscor
|-activate|p2a: Gliscor|move: Protect
|
|-heal|p1a: Skeledirge|89/100 tox|[from] item: Leftovers
|-heal|p2a: Gliscor|76/100 tox|[from] ability: Poison Heal
|-damage|p1a: Skeledirge|77/100 tox|[from] psn
|upkeep
|turn|27
|
|t:|1779716219
|move|p2a: Gliscor|Knock Off|p1a: Skeledirge
|-supereffective|p1a: Skeledirge
|-damage|p1a: Skeledirge|36/100 tox
|-enditem|p1a: Skeledirge|Leftovers|[from] move: Knock Off|[of] p2a: Gliscor
|move|p1a: Skeledirge|Torch Song|p2a: Gliscor
|-damage|p2a: Gliscor|6/100 tox
|-boost|p1a: Skeledirge|spa|1
|
|-heal|p2a: Gliscor|18/100 tox|[from] ability: Poison Heal
|-damage|p1a: Skeledirge|18/100 tox|[from] psn
|upkeep
|turn|28
|
|t:|1779716230
|move|p2a: Gliscor|Knock Off|p1a: Skeledirge
|-supereffective|p1a: Skeledirge
|-damage|p1a: Skeledirge|0 fnt
|faint|p1a: Skeledirge
|
|-heal|p2a: Gliscor|31/100 tox|[from] ability: Poison Heal
|upkeep
|
|t:|1779716239
|switch|p1a: Ogerpon|Ogerpon-Wellspring, F|76/100
|-damage|p1a: Ogerpon|51/100|[from] Spikes
|-damage|p1a: Ogerpon|38/100|[from] Stealth Rock
|turn|29
|
|t:|1779716249
|move|p2a: Gliscor|Protect|p2a: Gliscor
|-singleturn|p2a: Gliscor|Protect
|move|p1a: Ogerpon|Swords Dance|p1a: Ogerpon
|-boost|p1a: Ogerpon|atk|2
|
|-heal|p2a: Gliscor|43/100 tox|[from] ability: Poison Heal
|upkeep
|turn|30
|
|t:|1779716256
|switch|p2a: Dondozo|Dondozo, M, tera:Dragon|59/100
|move|p1a: Ogerpon|Ivy Cudgel|p2a: Dondozo|[anim] Ivy Cudgel Water
|-resisted|p2a: Dondozo
|-crit|p2a: Dondozo
|-damage|p2a: Dondozo|38/100
|
|-heal|p2a: Dondozo|45/100|[from] item: Leftovers
|upkeep
|turn|31
|
|t:|1779716263
|move|p1a: Ogerpon|Play Rough|p2a: Dondozo
|-supereffective|p2a: Dondozo
|-damage|p2a: Dondozo|15/100
|move|p2a: Dondozo|Rest|p2a: Dondozo
|-status|p2a: Dondozo|slp|[from] move: Rest
|-heal|p2a: Dondozo|100/100 slp|[silent]
|
|upkeep
|turn|32
|
|t:|1779716271
|move|p1a: Ogerpon|Play Rough|p2a: Dondozo
|-supereffective|p2a: Dondozo
|-damage|p2a: Dondozo|68/100 slp
|cant|p2a: Dondozo|slp
|move|p2a: Dondozo|Sleep Talk|p2a: Dondozo
|move|p2a: Dondozo|Curse|p2a: Dondozo|[from] move: Sleep Talk
|-unboost|p2a: Dondozo|spe|1
|-boost|p2a: Dondozo|atk|1
|-boost|p2a: Dondozo|def|1
|
|-heal|p2a: Dondozo|74/100 slp|[from] item: Leftovers
|upkeep
|turn|33
|
|t:|1779716282
|move|p1a: Ogerpon|Play Rough|p2a: Dondozo
|-supereffective|p2a: Dondozo
|-damage|p2a: Dondozo|51/100 slp
|-unboost|p2a: Dondozo|atk|1
|cant|p2a: Dondozo|slp
|
|-heal|p2a: Dondozo|57/100 slp|[from] item: Leftovers
|upkeep
|turn|34
|-message|perfecto123 forfeited.
|
|win|erjtsers
|raw|perfecto123's rating: 1603 &rarr; <strong>1585</strong><br />(-18 for losing)
|raw|erjtsers's rating: 1644 &rarr; <strong>1662</strong><br />(+18 for winning)
|l|☆perfecto123
|player|p1|
|l|☆erjtsers
|player|p2|
