|j|☆A05236
|j|☆Abyssal Bot
|t:|1779569631
|gametype|singles
|player|p1|A05236|265|
|player|p2|Abyssal Bot|supernerd|
|teamsize|p1|6
|teamsize|p2|6
|gen|9
|tier|[Gen 9] OU
|rule|Species Clause: Limit one of each Pokémon
|rule|OHKO Clause: OHKO moves are banned
|rule|Evasion Items Clause: Evasion items are banned
|rule|Evasion Moves Clause: Evasion moves are banned
|rule|Endless Battle Clause: Forcing endless battles is banned
|rule|HP Percentage Mod: HP is shown in percentages
|rule|Sleep Moves Clause: Sleep-inducing moves are banned
|clearpoke
|poke|p1|Rufflet, M|
|poke|p1|Dipplin, F|
|poke|p1|Carkol, M|
|poke|p1|Dragonair, F|
|poke|p1|Magnezone|
|poke|p1|Dragonite, M|
|poke|p2|Ting-Lu|
|poke|p2|Dragapult, F|
|poke|p2|Slowking-Galar, F|
|poke|p2|Kingambit, F|
|poke|p2|Gliscor, M|
|poke|p2|Zamazenta-*|
|teampreview
|c|☆Abyssal Bot|Good Luck and Have Fun my Friend!
|inactive|Battle timer is ON: inactive players will automatically lose when time's up. (requested by Abyssal Bot)
|j|*Turbo Bottttt
|
|t:|1779569634
|start
|switch|p1a: twice|Rufflet, M|100/100
|switch|p2a: Gliscor|Gliscor, M|100/100
|turn|1
|
|t:|1779569637
|switch|p2a: Dragapult|Dragapult, F|100/100
|move|p1a: twice|Bulk Up|p1a: twice
|-boost|p1a: twice|atk|1
|-boost|p1a: twice|def|1
|
|upkeep
|turn|2
|
|t:|1779569640
|move|p2a: Dragapult|Draco Meteor|p1a: twice
|-damage|p1a: twice|50/100
|-unboost|p2a: Dragapult|spa|2
|move|p1a: twice|Brave Bird|p2a: Dragapult
|-damage|p2a: Dragapult|0
|faint|p2a: Dragapult
|-damage|p1a: twice|13/100|[from] Recoil
|
|upkeep
|
|t:|1779569640
|switch|p2a: Kingambit|Kingambit, F|100/100
|-activate|p2a: Kingambit|ability: Supreme Overlord
|-start|p2a: Kingambit|fallen1|[silent]
|turn|3
|
|t:|1779569643
|move|p1a: twice|Close Combat|p2a: Kingambit
|-supereffective|p2a: Kingambit
|-damage|p2a: Kingambit|0
|-unboost|p1a: twice|def|1
|-unboost|p1a: twice|spd|1
|faint|p2a: Kingambit
|-end|p2a: Kingambit|fallen1|[silent]
|
|upkeep
|
|t:|1779569644
|switch|p2a: Slowking|Slowking-Galar, F|100/100
|turn|4
|
|t:|1779569647
|move|p1a: twice|Brave Bird|p2a: Slowking|[miss]
|-miss|p1a: twice|p2a: Slowking
|move|p2a: Slowking|Future Sight|p1a: twice
|-start|p2a: Slowking|move: Future Sight
|
|upkeep
|turn|5
|c|☆Abyssal Bot|I had warned you about hax!! HAHAHA
|
|t:|1779569651
|move|p1a: twice|Brave Bird|p2a: Slowking
|-damage|p2a: Slowking|0
|faint|p2a: Slowking
|-damage|p1a: twice|0|[from] Recoil
|faint|p1a: twice
|
|upkeep
|
|t:|1779569656
|switch|p1a: safety concerns|Dipplin, F|100/100
|switch|p2a: Gliscor|Gliscor, M|100/100
|turn|6
|
|t:|1779569660
|switch|p2a: Zamazenta|Zamazenta|100/100
|-ability|p2a: Zamazenta|Dauntless Shield|boost
|-boost|p2a: Zamazenta|def|1
|switch|p1a: the agency|Dragonite, M|100/100
|
|-end|p1a: the agency|move: Future Sight
|-damage|p1a: the agency|78/100
|upkeep
|turn|7
|
|t:|1779569663
|switch|p1a: china|Dragonair, F|100/100
|move|p2a: Zamazenta|Stone Edge|p1a: china
|-damage|p1a: china|79/100
|
|upkeep
|turn|8
|
|t:|1779569665
|move|p2a: Zamazenta|Close Combat|p1a: china
|-damage|p1a: china|40/100
|-unboost|p2a: Zamazenta|def|1
|-unboost|p2a: Zamazenta|spd|1
|move|p1a: china|Thunder Wave|p2a: Zamazenta
|-status|p2a: Zamazenta|par
|
|upkeep
|turn|9
|
|t:|1779569677
|move|p2a: Zamazenta|Stone Edge|p1a: china
|-crit|p1a: china
|-damage|p1a: china|6/100
|move|p1a: china|Dragon Dance|p1a: china
|-boost|p1a: china|atk|1
|-boost|p1a: china|spe|1
|
|upkeep
|turn|10
|c|☆Abyssal Bot|LOL Die!
|
|t:|1779569682
|move|p1a: china|Outrage|p2a: Zamazenta
|-damage|p2a: Zamazenta|49/100 par
|cant|p2a: Zamazenta|par
|
|upkeep
|turn|11
|
|t:|1779569686
|move|p1a: china|Outrage|p2a: Zamazenta|[from]lockedmove
|-damage|p2a: Zamazenta|2/100 par
|move|p2a: Zamazenta|Stone Edge|p1a: china|[miss]
|-miss|p2a: Zamazenta|p1a: china
|
|upkeep
|turn|12
|c|☆Abyssal Bot|;-;
|
|t:|1779569691
|move|p1a: china|Outrage|p2a: Zamazenta|[from]lockedmove
|-damage|p2a: Zamazenta|0 par
|faint|p2a: Zamazenta
|-start|p1a: china|confusion|[fatigue]
|
|upkeep
|
|t:|1779569692
|switch|p2a: Ting-Lu|Ting-Lu|100/100
|-ability|p2a: Ting-Lu|Vessel of Ruin
|turn|13
|
|t:|1779569694
|-activate|p1a: china|confusion
|move|p1a: china|Rest|p1a: china
|-status|p1a: china|slp|[from] move: Rest
|-heal|p1a: china|100/100 slp|[silent]
|move|p2a: Ting-Lu|Earthquake|p1a: china
|-damage|p1a: china|83/100 slp
|
|upkeep
|turn|14
|
|t:|1779569701
|switch|p1a: the agency|Dragonite, M|78/100
|move|p2a: Ting-Lu|Whirlwind|p1a: the agency
|drag|p1a: safety concerns|Dipplin, F|100/100
|
|upkeep
|turn|15
|
|t:|1779569705
|switch|p2a: Gliscor|Gliscor, M|100/100
|switch|p1a: the agency|Dragonite, M|78/100
|
|-status|p2a: Gliscor|tox|[from] item: Toxic Orb
|upkeep
|turn|16
|
|t:|1779569708
|move|p1a: the agency|Dragon Dance|p1a: the agency
|-boost|p1a: the agency|atk|1
|-boost|p1a: the agency|spe|1
|move|p2a: Gliscor|Knock Off|p1a: the agency
|-damage|p1a: the agency|54/100
|-enditem|p1a: the agency|Loaded Dice|[from] move: Knock Off|[of] p2a: Gliscor
|
|upkeep
|turn|17
|
|t:|1779569712
|move|p2a: Gliscor|Protect|p2a: Gliscor
|-singleturn|p2a: Gliscor|Protect
|move|p1a: the agency|Dragon Dance|p1a: the agency
|-boost|p1a: the agency|atk|1
|-boost|p1a: the agency|spe|1
|
|upkeep
|turn|18
|
|t:|1779569714
|move|p1a: the agency|Encore|p2a: Gliscor
|-start|p2a: Gliscor|Encore
|move|p2a: Gliscor|Protect||[still]
|-fail|p2a: Gliscor
|
|upkeep
|turn|19
|
|t:|1779569716
|switch|p2a: Ting-Lu|Ting-Lu|100/100
|-ability|p2a: Ting-Lu|Vessel of Ruin
|move|p1a: the agency|Scale Shot|p2a: Ting-Lu
|-damage|p2a: Ting-Lu|86/100
|-damage|p2a: Ting-Lu|72/100
|-damage|p2a: Ting-Lu|58/100
|-damage|p2a: Ting-Lu|44/100
|-hitcount|p2a: Ting-Lu|4
|-unboost|p1a: the agency|def|1
|-boost|p1a: the agency|spe|1
|
|-heal|p2a: Ting-Lu|50/100|[from] item: Leftovers
|upkeep
|turn|20
|
|t:|1779569720
|switch|p2a: Gliscor|Gliscor, M|100/100 tox
|move|p1a: the agency|Scale Shot|p2a: Gliscor
|-damage|p2a: Gliscor|79/100 tox
|-damage|p2a: Gliscor|55/100 tox
|-damage|p2a: Gliscor|33/100 tox
|-hitcount|p2a: Gliscor|3
|-unboost|p1a: the agency|def|1
|-boost|p1a: the agency|spe|1
|
|-heal|p2a: Gliscor|45/100 tox|[from] ability: Poison Heal
|upkeep
|turn|21
|
|t:|1779569723
|move|p1a: the agency|Scale Shot|p2a: Gliscor|[miss]
|-miss|p1a: the agency|p2a: Gliscor
|move|p2a: Gliscor|Knock Off|p1a: the agency
|-damage|p1a: the agency|26/100
|
|-heal|p2a: Gliscor|58/100 tox|[from] ability: Poison Heal
|upkeep
|turn|22
|c|☆Abyssal Bot|I had warned you about hax!! HAHAHA
|
|t:|1779569726
|move|p1a: the agency|Scale Shot|p2a: Gliscor
|-damage|p2a: Gliscor|35/100 tox
|-damage|p2a: Gliscor|12/100 tox
|-damage|p2a: Gliscor|0 tox
|faint|p2a: Gliscor
|-hitcount|p2: Gliscor|3
|-unboost|p1a: the agency|def|1
|-boost|p1a: the agency|spe|1
|
|upkeep
|
|t:|1779569726
|switch|p2a: Ting-Lu|Ting-Lu|50/100
|-ability|p2a: Ting-Lu|Vessel of Ruin
|turn|23
|
|t:|1779569728
|move|p1a: the agency|Scale Shot|p2a: Ting-Lu
|-damage|p2a: Ting-Lu|36/100
|-damage|p2a: Ting-Lu|22/100
|-hitcount|p2a: Ting-Lu|2
|-unboost|p1a: the agency|def|1
|-boost|p1a: the agency|spe|1
|move|p2a: Ting-Lu|Stealth Rock|p1a: the agency
|-sidestart|p1: A05236|move: Stealth Rock
|
|-heal|p2a: Ting-Lu|29/100|[from] item: Leftovers
|upkeep
|turn|24
|
|t:|1779569731
|move|p1a: the agency|Scale Shot|p2a: Ting-Lu
|-damage|p2a: Ting-Lu|15/100
|-damage|p2a: Ting-Lu|0
|faint|p2a: Ting-Lu
|-hitcount|p2: Ting-Lu|2
|
|win|A05236
|c|☆Abyssal Bot|This loss doesn't matter, because I'm just a bot.
|l|☆Abyssal Bot
|player|p2|
|l|*Turbo Bottttt
