|j|☆thatboi9000
|j|☆Chokonan07
|t:|1779685445
|gametype|singles
|player|p1|thatboi9000|dancer|1124
|player|p2|Chokonan07|bugcatcher-gen4dp|1083
|gen|9
|tier|[Gen 9] OU
|rated|
|rule|HP Percentage Mod: HP is shown in percentages
|rule|Endless Battle Clause: Forcing endless battles is banned
|rule|Species Clause: Limit one of each Pokémon
|rule|OHKO Clause: OHKO moves are banned
|rule|Evasion Items Clause: Evasion items are banned
|rule|Evasion Moves Clause: Evasion moves are banned
|rule|Evasion Abilities Clause: Evasion abilities are banned
|rule|Sleep Moves Clause: Sleep-inducing moves are banned
|clearpoke
|poke|p1|Rillaboom, F|
|poke|p1|Gholdengo|
|poke|p1|Trevenant, F|
|poke|p1|Glimmora, F|
|poke|p1|Great Tusk|
|poke|p1|Dragapult, F|
|poke|p2|Incineroar, F|
|poke|p2|Rillaboom, M|
|poke|p2|Gholdengo|
|poke|p2|Dragapult, F|
|poke|p2|Primarina, M|
|poke|p2|Glimmora, M|
|teampreview
|
|t:|1779685453
|teamsize|p1|6
|teamsize|p2|6
|start
|switch|p1a: Glimmora|Glimmora, F|100/100
|switch|p2a: Glimmora|Glimmora, M|100/100
|turn|1
|
|t:|1779685471
|move|p1a: Glimmora|Stealth Rock|p2a: Glimmora
|-sidestart|p2: Chokonan07|move: Stealth Rock
|move|p2a: Glimmora|Stealth Rock|p1a: Glimmora
|-sidestart|p1: thatboi9000|move: Stealth Rock
|
|upkeep
|turn|2
|
|t:|1779685476
|move|p2a: Glimmora|Spikes|p1a: Glimmora
|-sidestart|p1: thatboi9000|Spikes
|move|p1a: Glimmora|Spikes|p2a: Glimmora
|-sidestart|p2: Chokonan07|Spikes
|
|upkeep
|turn|3
|
|t:|1779685482
|move|p2a: Glimmora|Spikes|p1a: Glimmora
|-sidestart|p1: thatboi9000|Spikes
|move|p1a: Glimmora|Spikes|p2a: Glimmora
|-sidestart|p2: Chokonan07|Spikes
|
|upkeep
|turn|4
|
|t:|1779685488
|move|p2a: Glimmora|Spikes|p1a: Glimmora
|-sidestart|p1: thatboi9000|Spikes
|move|p1a: Glimmora|Spikes|p2a: Glimmora
|-sidestart|p2: Chokonan07|Spikes
|
|upkeep
|turn|5
|
|t:|1779685501
|move|p1a: Glimmora|Earth Power|p2a: Glimmora
|-supereffective|p2a: Glimmora
|-crit|p2a: Glimmora
|-enditem|p2a: Glimmora|Focus Sash
|-damage|p2a: Glimmora|1/100
|move|p2a: Glimmora|Mortal Spin|p1a: Glimmora
|-resisted|p1a: Glimmora
|-damage|p1a: Glimmora|99/100
|-activate|p1a: Glimmora|ability: Toxic Debris
|-sidestart|p2: Chokonan07|move: Toxic Spikes
|-sideend|p2: Chokonan07|Spikes|[from] move: Mortal Spin|[of] p2a: Glimmora
|-sideend|p2: Chokonan07|Toxic Spikes|[from] move: Mortal Spin|[of] p2a: Glimmora
|-sideend|p2: Chokonan07|Stealth Rock|[from] move: Mortal Spin|[of] p2a: Glimmora
|
|upkeep
|turn|6
|
|t:|1779685514
|move|p1a: Glimmora|Stealth Rock|p2a: Glimmora
|-sidestart|p2: Chokonan07|move: Stealth Rock
|move|p2a: Glimmora|Earth Power|p1a: Glimmora
|-supereffective|p1a: Glimmora
|-damage|p1a: Glimmora|0 fnt
|faint|p1a: Glimmora
|
|upkeep
|
|t:|1779685523
|switch|p1a: Great Tusk|Great Tusk|100/100
|turn|7
|
|t:|1779685530
|move|p1a: Great Tusk|Rapid Spin|p2a: Glimmora
|-resisted|p2a: Glimmora
|-damage|p2a: Glimmora|0 fnt
|-boost|p1a: Great Tusk|spe|1
|-activate|p2a: Glimmora|ability: Toxic Debris
|-sidestart|p1: thatboi9000|move: Toxic Spikes
|-sideend|p1: thatboi9000|Spikes|[from] move: Rapid Spin|[of] p1a: Great Tusk
|-sideend|p1: thatboi9000|Toxic Spikes|[from] move: Rapid Spin|[of] p1a: Great Tusk
|-sideend|p1: thatboi9000|Stealth Rock|[from] move: Rapid Spin|[of] p1a: Great Tusk
|faint|p2a: Glimmora
|
|upkeep
|
|t:|1779685552
|switch|p2a: Primarina|Primarina, M|100/100
|-damage|p2a: Primarina|88/100|[from] Stealth Rock
|turn|8
|
|t:|1779685558
|-end|p1a: Great Tusk|Protosynthesis|[silent]
|switch|p1a: Gholdengo|Gholdengo|100/100
|-item|p1a: Gholdengo|Air Balloon
|move|p2a: Primarina|Hydro Pump|p1a: Gholdengo
|-damage|p1a: Gholdengo|37/100
|-enditem|p1a: Gholdengo|Air Balloon
|
|upkeep
|turn|9
|
|t:|1779685570
|move|p1a: Gholdengo|Make It Rain|p2a: Primarina
|-damage|p2a: Primarina|50/100
|-unboost|p1a: Gholdengo|spa|1
|move|p2a: Primarina|Hydro Pump|p1a: Gholdengo
|-damage|p1a: Gholdengo|0 fnt
|faint|p1a: Gholdengo
|
|upkeep
|
|t:|1779685577
|switch|p1a: Rillaboom|Rillaboom, F|100/100
|-fieldstart|move: Grassy Terrain|[from] ability: Grassy Surge|[of] p1a: Rillaboom
|turn|10
|
|t:|1779685585
|move|p1a: Rillaboom|Wood Hammer|p2a: Primarina
|-supereffective|p2a: Primarina
|-damage|p2a: Primarina|0 fnt
|faint|p2a: Primarina
|-damage|p1a: Rillaboom|85/100|[from] Recoil
|
|-heal|p1a: Rillaboom|91/100|[from] Grassy Terrain
|upkeep
|
|t:|1779685596
|switch|p2a: Incineroar|Incineroar, F, shiny|100/100
|-damage|p2a: Incineroar|76/100|[from] Stealth Rock
|-ability|p2a: Incineroar|Intimidate|boost
|-unboost|p1a: Rillaboom|atk|1
|turn|11
|
|t:|1779685605
|move|p1a: Rillaboom|U-turn|p2a: Incineroar
|-damage|p2a: Incineroar|63/100
|
|t:|1779685608
|switch|p1a: Great Tusk|Great Tusk|100/100|[from] U-turn
|move|p2a: Incineroar|Knock Off|p1a: Great Tusk
|-resisted|p1a: Great Tusk
|-damage|p1a: Great Tusk|86/100
|-enditem|p1a: Great Tusk|Heavy-Duty Boots|[from] move: Knock Off|[of] p2a: Incineroar
|
|-heal|p1a: Great Tusk|92/100|[from] Grassy Terrain
|-heal|p2a: Incineroar|69/100|[from] Grassy Terrain
|upkeep
|turn|12
|l|☆Chokonan07
|player|p2|
|inactive|Battle timer is ON: inactive players will automatically lose when time's up. (requested by thatboi9000)
|j|☆Chokonan07
|inactive|Chokonan07 reconnected and has 135 seconds left.
|player|p2|Chokonan07|bugcatcher-gen4dp|
|
|t:|1779685676
|move|p1a: Great Tusk|Close Combat|p2a: Incineroar
|-supereffective|p2a: Incineroar
|-damage|p2a: Incineroar|0 fnt
|-unboost|p1a: Great Tusk|def|1
|-unboost|p1a: Great Tusk|spd|1
|faint|p2a: Incineroar
|
|-heal|p1a: Great Tusk|99/100|[from] Grassy Terrain
|upkeep
|
|t:|1779685687
|switch|p2a: Rillaboom|Rillaboom, M|100/100
|-damage|p2a: Rillaboom|88/100|[from] Stealth Rock
|turn|13
|inactive|thatboi9000 has 120 seconds left.
|
|t:|1779685730
|-terastallize|p1a: Great Tusk|Fairy
|move|p1a: Great Tusk|Ice Spinner|p2a: Rillaboom
|-supereffective|p2a: Rillaboom
|-damage|p2a: Rillaboom|39/100
|-fieldend|move: Grassy Terrain
|move|p2a: Rillaboom|Wood Hammer|p1a: Great Tusk
|-damage|p1a: Great Tusk|32/100
|-damage|p2a: Rillaboom|19/100|[from] Recoil
|
|upkeep
|turn|14
|
|t:|1779685739
|move|p1a: Great Tusk|Ice Spinner|p2a: Rillaboom
|-supereffective|p2a: Rillaboom
|-damage|p2a: Rillaboom|0 fnt
|faint|p2a: Rillaboom
|
|upkeep
|
|t:|1779685745
|switch|p2a: Dragapult|Dragapult, F|100/100
|turn|15
|
|t:|1779685753
|move|p2a: Dragapult|Shadow Ball|p1a: Great Tusk
|-damage|p1a: Great Tusk|0 fnt
|faint|p1a: Great Tusk
|-end|p1a: Great Tusk|Protosynthesis|[silent]
|
|upkeep
|
|t:|1779685769
|switch|p1a: Rillaboom|Rillaboom, F|91/100
|-fieldstart|move: Grassy Terrain|[from] ability: Grassy Surge|[of] p1a: Rillaboom
|turn|16
|
|t:|1779685776
|move|p2a: Dragapult|Flamethrower|p1a: Rillaboom
|-supereffective|p1a: Rillaboom
|-damage|p1a: Rillaboom|31/100
|move|p1a: Rillaboom|Knock Off|p2a: Dragapult
|-supereffective|p2a: Dragapult
|-damage|p2a: Dragapult|17/100
|-enditem|p2a: Dragapult|Heavy-Duty Boots|[from] move: Knock Off|[of] p1a: Rillaboom
|
|-heal|p2a: Dragapult|23/100|[from] Grassy Terrain
|-heal|p1a: Rillaboom|37/100|[from] Grassy Terrain
|upkeep
|turn|17
|
|t:|1779685805
|move|p2a: Dragapult|Flamethrower|p1a: Rillaboom
|-supereffective|p1a: Rillaboom
|-damage|p1a: Rillaboom|0 fnt
|faint|p1a: Rillaboom
|
|-heal|p2a: Dragapult|29/100|[from] Grassy Terrain
|upkeep
|
|t:|1779685810
|switch|p1a: Dragapult|Dragapult, F|100/100
|turn|18
|
|t:|1779685822
|move|p2a: Dragapult|Shadow Ball|p1a: Dragapult
|-supereffective|p1a: Dragapult
|-damage|p1a: Dragapult|13/100
|move|p1a: Dragapult|Shadow Ball|p2a: Dragapult
|-supereffective|p2a: Dragapult
|-damage|p2a: Dragapult|0 fnt
|faint|p2a: Dragapult
|
|-heal|p1a: Dragapult|19/100|[from] Grassy Terrain
|upkeep
|
|t:|1779685837
|switch|p2a: Gholdengo|Gholdengo|100/100
|-damage|p2a: Gholdengo|94/100|[from] Stealth Rock
|turn|19
|
|t:|1779685841
|move|p2a: Gholdengo|Shadow Ball|p1a: Dragapult
|-supereffective|p1a: Dragapult
|-damage|p1a: Dragapult|0 fnt
|faint|p1a: Dragapult
|
|-heal|p2a: Gholdengo|100/100|[from] Grassy Terrain
|upkeep
|
|t:|1779685846
|switch|p1a: Trevenant|Trevenant, F|100/100
|turn|20
|
|t:|1779685850
|move|p2a: Gholdengo|Shadow Ball|p1a: Trevenant
|-supereffective|p1a: Trevenant
|-damage|p1a: Trevenant|32/100
|-enditem|p1a: Trevenant|Sitrus Berry|[eat]
|-heal|p1a: Trevenant|57/100|[from] item: Sitrus Berry
|move|p1a: Trevenant|Poltergeist|p2a: Gholdengo
|-activate|p2a: Gholdengo|move: Poltergeist|Choice Scarf
|-supereffective|p2a: Gholdengo
|-damage|p2a: Gholdengo|12/100
|
|-heal|p2a: Gholdengo|18/100|[from] Grassy Terrain
|-heal|p1a: Trevenant|63/100|[from] Grassy Terrain
|-item|p1a: Trevenant|Sitrus Berry|[from] ability: Harvest
|upkeep
|turn|21
|
|t:|1779685867
|move|p2a: Gholdengo|Shadow Ball|p1a: Trevenant
|-supereffective|p1a: Trevenant
|-damage|p1a: Trevenant|0 fnt
|faint|p1a: Trevenant
|
|win|Chokonan07
|raw|thatboi9000's rating: 1124 &rarr; <strong>1096</strong><br />(-28 for losing)
|raw|Chokonan07's rating: 1083 &rarr; <strong>1114</strong><br />(+31 for winning)
|c|☆Chokonan07|GG
|c|☆Chokonan07|wp
|c|☆Chokonan07|sorry i dc too
|c|☆Chokonan07|sorry i dc too
|l|☆Chokonan07
|player|p2|
|l|☆thatboi9000
|player|p1|
