|j|☆cihNinja
|j|☆flapjacque
|t:|1779700243
|gametype|singles
|player|p1|cihNinja|hilbert-wonderlauncher|1423
|player|p2|flapjacque|wallace|1439
|gen|9
|tier|[Gen 9] OU
|rated|
|rule|HP Percentage Mod: HP is shown in percentages
|rule|Endless Battle Clause: Forcing endless battles is banned
|rule|Species Clause: Limit one of each Pokémon
|rule|OHKO Clause: OHKO moves are banned
|rule|Evasion Items Clause: Evasion items are banned
|rule|Evasion Moves Clause: Evasion moves are banned
|rule|Evasion Abilities Clause: Evasion abilities are banned
|rule|Sleep Moves Clause: Sleep-inducing moves are banned
|clearpoke
|poke|p1|Garganacl, M|
|poke|p1|Zamazenta-*|
|poke|p1|Cresselia, F|
|poke|p1|Samurott-Hisui, F|
|poke|p1|Polteageist|
|poke|p1|Glimmora, F|
|poke|p2|Milotic, F|
|poke|p2|Skarmory, F|
|poke|p2|Quagsire, F|
|poke|p2|Latias, F|
|poke|p2|Enamorus, F|
|poke|p2|Grafaiai, F|
|teampreview
|inactive|Battle timer is ON: inactive players will automatically lose when time's up. (requested by cihNinja)
|
|t:|1779700262
|teamsize|p1|6
|teamsize|p2|6
|start
|switch|p1a: Glimmora|Glimmora, F|100/100
|switch|p2a: Enamorus|Enamorus, F|100/100
|turn|1
|
|t:|1779700291
|switch|p2a: Skarmory|Skarmory, F|100/100
|move|p1a: Glimmora|Power Gem|p2a: Skarmory
|-damage|p2a: Skarmory|42/100
|
|upkeep
|turn|2
|
|t:|1779700299
|move|p1a: Glimmora|Power Gem|p2a: Skarmory
|-damage|p2a: Skarmory|0 fnt
|faint|p2a: Skarmory
|
|upkeep
|
|t:|1779700304
|switch|p2a: Milotic|Milotic, F|100/100
|turn|3
|
|t:|1779700318
|move|p1a: Glimmora|Mortal Spin|p2a: Milotic
|-damage|p2a: Milotic|94/100
|-status|p2a: Milotic|psn
|move|p2a: Milotic|Hydro Pump|p1a: Glimmora
|-supereffective|p1a: Glimmora
|-enditem|p1a: Glimmora|Focus Sash
|-damage|p1a: Glimmora|1/100
|
|-heal|p2a: Milotic|99/100 psn|[from] item: Leftovers
|-damage|p2a: Milotic|87/100 psn|[from] psn
|upkeep
|turn|4
|
|t:|1779700328
|move|p1a: Glimmora|Stealth Rock|p2a: Milotic
|-sidestart|p2: flapjacque|move: Stealth Rock
|move|p2a: Milotic|Ice Beam|p1a: Glimmora
|-damage|p1a: Glimmora|0 fnt
|faint|p1a: Glimmora
|
|-heal|p2a: Milotic|93/100 psn|[from] item: Leftovers
|-damage|p2a: Milotic|81/100 psn|[from] psn
|upkeep
|inactive|cihNinja has 120 seconds left.
|
|t:|1779700363
|switch|p1a: Samurott|Samurott-Hisui, F|100/100
|turn|5
|
|t:|1779700378
|move|p1a: Samurott|Ceaseless Edge|p2a: Milotic
|-damage|p2a: Milotic|35/100 psn
|-sidestart|p2: flapjacque|Spikes
|move|p2a: Milotic|Flip Turn|p1a: Samurott
|-resisted|p1a: Samurott
|-damage|p1a: Samurott|94/100
|
|t:|1779700384
|switch|p2a: Enamorus|Enamorus, F|100/100|[from] Flip Turn
|-damage|p2a: Enamorus|76/100|[from] Stealth Rock
|
|-heal|p2a: Enamorus|82/100|[from] item: Leftovers
|upkeep
|turn|6
|
|t:|1779700397
|switch|p1a: Cresselia|Cresselia, F|100/100
|move|p2a: Enamorus|Superpower|p1a: Cresselia
|-resisted|p1a: Cresselia
|-damage|p1a: Cresselia|89/100
|-boost|p2a: Enamorus|atk|1
|-boost|p2a: Enamorus|def|1
|
|-heal|p2a: Enamorus|88/100|[from] item: Leftovers
|-heal|p1a: Cresselia|96/100|[from] item: Leftovers
|upkeep
|turn|7
|
|t:|1779700409
|move|p2a: Enamorus|Taunt|p1a: Cresselia
|-start|p1a: Cresselia|move: Taunt
|cant|p1a: Cresselia|move: Taunt|Calm Mind
|
|-heal|p2a: Enamorus|94/100|[from] item: Leftovers
|-heal|p1a: Cresselia|100/100|[from] item: Leftovers
|upkeep
|turn|8
|
|t:|1779700430
|switch|p1a: Garganacl|Garganacl, M, shiny|100/100
|move|p2a: Enamorus|Substitute|p2a: Enamorus
|-start|p2a: Enamorus|Substitute
|-damage|p2a: Enamorus|69/100
|
|-heal|p2a: Enamorus|76/100|[from] item: Leftovers
|upkeep
|turn|9
|
|t:|1779700436
|move|p2a: Enamorus|Superpower|p1a: Garganacl
|-supereffective|p1a: Garganacl
|-damage|p1a: Garganacl|28/100
|-boost|p2a: Enamorus|atk|1
|-boost|p2a: Enamorus|def|1
|move|p1a: Garganacl|Salt Cure|p2a: Enamorus
|-supereffective|p2a: Enamorus
|-activate|p2a: Enamorus|move: Substitute|[damage]
|
|-heal|p2a: Enamorus|82/100|[from] item: Leftovers
|-heal|p1a: Garganacl|34/100|[from] item: Leftovers
|upkeep
|turn|10
|
|t:|1779700447
|move|p2a: Enamorus|Superpower|p1a: Garganacl
|-supereffective|p1a: Garganacl
|-crit|p1a: Garganacl
|-damage|p1a: Garganacl|0 fnt
|-boost|p2a: Enamorus|atk|1
|-boost|p2a: Enamorus|def|1
|faint|p1a: Garganacl
|
|-heal|p2a: Enamorus|88/100|[from] item: Leftovers
|upkeep
|
|t:|1779700449
|switch|p1a: Zamazenta|Zamazenta|100/100
|-ability|p1a: Zamazenta|Dauntless Shield|boost
|-boost|p1a: Zamazenta|def|1
|turn|11
|
|t:|1779700457
|move|p2a: Enamorus|Play Rough|p1a: Zamazenta
|-supereffective|p1a: Zamazenta
|-damage|p1a: Zamazenta|0 fnt
|faint|p1a: Zamazenta
|
|-heal|p2a: Enamorus|94/100|[from] item: Leftovers
|upkeep
|
|t:|1779700471
|switch|p1a: Cresselia|Cresselia, F|100/100
|turn|12
|
|t:|1779700475
|move|p2a: Enamorus|Play Rough|p1a: Cresselia
|-damage|p1a: Cresselia|43/100
|move|p1a: Cresselia|Moonblast|p2a: Enamorus
|-end|p2a: Enamorus|Substitute
|
|-heal|p2a: Enamorus|100/100|[from] item: Leftovers
|-heal|p1a: Cresselia|49/100|[from] item: Leftovers
|upkeep
|turn|13
|
|t:|1779700483
|move|p2a: Enamorus|Play Rough|p1a: Cresselia
|-damage|p1a: Cresselia|0 fnt
|faint|p1a: Cresselia
|
|upkeep
|
|t:|1779700485
|switch|p1a: Polteageist|Polteageist|100/100
|turn|14
|
|t:|1779700489
|move|p2a: Enamorus|Play Rough|p1a: Polteageist
|-enditem|p1a: Polteageist|Focus Sash
|-damage|p1a: Polteageist|1/100
|-ability|p1a: Polteageist|Weak Armor|boost
|-unboost|p1a: Polteageist|def|1
|-boost|p1a: Polteageist|spe|2
|move|p1a: Polteageist|Shell Smash|p1a: Polteageist
|-unboost|p1a: Polteageist|def|1
|-unboost|p1a: Polteageist|spd|1
|-boost|p1a: Polteageist|atk|2
|-boost|p1a: Polteageist|spa|2
|-boost|p1a: Polteageist|spe|2
|
|upkeep
|turn|15
|
|t:|1779700500
|move|p1a: Polteageist|Stored Power|p2a: Enamorus
|-damage|p2a: Enamorus|0 fnt
|faint|p2a: Enamorus
|
|upkeep
|
|t:|1779700507
|switch|p2a: Grafaiai|Grafaiai, F|100/100
|-damage|p2a: Grafaiai|88/100|[from] Stealth Rock
|-damage|p2a: Grafaiai|76/100|[from] Spikes
|turn|16
|
|t:|1779700513
|move|p2a: Grafaiai|Copycat|p2a: Grafaiai
|move|p2a: Grafaiai|Stored Power|p1a: Polteageist|[from] move: Copycat
|-damage|p1a: Polteageist|0 fnt
|faint|p1a: Polteageist
|
|-heal|p2a: Grafaiai|82/100|[from] item: Leftovers
|upkeep
|
|t:|1779700520
|switch|p1a: Samurott|Samurott-Hisui, F|94/100
|turn|17
|
|t:|1779700527
|move|p2a: Grafaiai|Knock Off|p1a: Samurott
|-resisted|p1a: Samurott
|-damage|p1a: Samurott|80/100
|-enditem|p1a: Samurott|Assault Vest|[from] move: Knock Off|[of] p2a: Grafaiai
|move|p1a: Samurott|Ceaseless Edge|p2a: Grafaiai
|-crit|p2a: Grafaiai
|-damage|p2a: Grafaiai|0 fnt
|-sidestart|p2: flapjacque|Spikes
|faint|p2a: Grafaiai
|
|upkeep
|
|t:|1779700535
|switch|p2a: Quagsire|Quagsire, F, shiny|100/100
|-damage|p2a: Quagsire|94/100|[from] Stealth Rock
|-damage|p2a: Quagsire|78/100|[from] Spikes
|turn|18
|l|☆cihNinja
|inactive|cihNinja disconnected and has a minute to reconnect!
|player|p1|
|j|☆cihNinja
|inactive|cihNinja reconnected and has 135 seconds left.
|player|p1|cihNinja|hilbert-wonderlauncher|
|inactive|cihNinja has 120 seconds left.
|
|t:|1779700566
|move|p1a: Samurott|Ceaseless Edge|p2a: Quagsire
|-damage|p2a: Quagsire|46/100
|-sidestart|p2: flapjacque|Spikes
|move|p2a: Quagsire|Toxic|p1a: Samurott|[miss]
|-miss|p2a: Quagsire|p1a: Samurott
|
|-heal|p2a: Quagsire|53/100|[from] item: Leftovers
|upkeep
|turn|19
|
|t:|1779700574
|-terastallize|p1a: Samurott|Poison
|move|p1a: Samurott|Knock Off|p2a: Quagsire
|-damage|p2a: Quagsire|21/100
|-enditem|p2a: Quagsire|Leftovers|[from] move: Knock Off|[of] p1a: Samurott
|move|p2a: Quagsire|Recover|p2a: Quagsire
|-heal|p2a: Quagsire|71/100
|
|upkeep
|turn|20
|
|t:|1779700583
|move|p1a: Samurott|Ceaseless Edge|p2a: Quagsire
|-damage|p2a: Quagsire|44/100
|move|p2a: Quagsire|Earthquake|p1a: Samurott
|-supereffective|p1a: Samurott
|-damage|p1a: Samurott|12/100
|
|upkeep
|turn|21
|
|t:|1779700593
|move|p1a: Samurott|Razor Shell|p2a: Quagsire
|-damage|p2a: Quagsire|10/100
|-unboost|p2a: Quagsire|def|1
|move|p2a: Quagsire|Earthquake|p1a: Samurott
|-supereffective|p1a: Samurott
|-damage|p1a: Samurott|0 fnt
|faint|p1a: Samurott
|
|win|flapjacque
|raw|cihNinja's rating: 1423 &rarr; <strong>1404</strong><br />(-19 for losing)
|raw|flapjacque's rating: 1439 &rarr; <strong>1458</strong><br />(+19 for winning)
|l|☆cihNinja
|player|p1|
|l|☆flapjacque
|player|p2|
