|j|☆DeanRique
|j|☆Flashy2
|t:|1779599320
|gametype|singles
|player|p1|DeanRique|benga|1050
|player|p2|Flashy2|boarder|1073
|gen|9
|tier|[Gen 9] OU
|rated|
|rule|HP Percentage Mod: HP is shown in percentages
|rule|Endless Battle Clause: Forcing endless battles is banned
|rule|Species Clause: Limit one of each Pokémon
|rule|OHKO Clause: OHKO moves are banned
|rule|Evasion Items Clause: Evasion items are banned
|rule|Evasion Moves Clause: Evasion moves are banned
|rule|Evasion Abilities Clause: Evasion abilities are banned
|rule|Sleep Moves Clause: Sleep-inducing moves are banned
|clearpoke
|poke|p1|Wo-Chien|
|poke|p1|Comfey, M|
|poke|p1|Garganacl, M|
|poke|p1|Mimikyu, F|
|poke|p1|Armarouge, M|
|poke|p1|Kingdra, F|
|poke|p2|Garganacl, F|
|poke|p2|Wo-Chien|
|poke|p2|Dragapult, F|
|poke|p2|Wigglytuff, M|
|poke|p2|Thundurus-Therian, M|
|poke|p2|Toxapex, F|
|teampreview
|inactive|Battle timer is ON: inactive players will automatically lose when time's up. (requested by DeanRique)
|
|t:|1779599334
|teamsize|p1|6
|teamsize|p2|6
|start
|switch|p1a: Comfey|Comfey, M|100/100
|switch|p2a: Toxapex|Toxapex, F|100/100
|turn|1
|
|t:|1779599343
|move|p1a: Comfey|Calm Mind|p1a: Comfey
|-boost|p1a: Comfey|spa|1
|-boost|p1a: Comfey|spd|1
|move|p2a: Toxapex|Infestation|p1a: Comfey
|-resisted|p1a: Comfey
|-damage|p1a: Comfey|99/100
|-activate|p1a: Comfey|move: Infestation|[of] p2a: Toxapex
|
|-damage|p1a: Comfey|87/100|[from] move: Infestation|[partiallytrapped]
|upkeep
|turn|2
|
|t:|1779599354
|move|p1a: Comfey|Stored Power|p2a: Toxapex
|-supereffective|p2a: Toxapex
|-damage|p2a: Toxapex|45/100
|-damage|p1a: Comfey|77/100|[from] item: Life Orb
|move|p2a: Toxapex|Toxic Spikes|p1a: Comfey
|-sidestart|p1: DeanRique|move: Toxic Spikes
|
|-heal|p2a: Toxapex|51/100|[from] item: Leftovers
|-damage|p1a: Comfey|65/100|[from] move: Infestation|[partiallytrapped]
|upkeep
|turn|3
|
|t:|1779599364
|move|p2a: Toxapex|Baneful Bunker|p2a: Toxapex
|-singleturn|p2a: Toxapex|move: Protect
|move|p1a: Comfey|Stored Power|p2a: Toxapex
|-activate|p2a: Toxapex|move: Protect
|
|-heal|p2a: Toxapex|57/100|[from] item: Leftovers
|-damage|p1a: Comfey|52/100|[from] move: Infestation|[partiallytrapped]
|upkeep
|turn|4
|
|t:|1779599375
|switch|p2a: Wo-Chien|Wo-Chien|100/100
|-ability|p2a: Wo-Chien|Tablets of Ruin
|move|p1a: Comfey|Stored Power|p2a: Wo-Chien
|-immune|p2a: Wo-Chien
|
|-end|p1a: Comfey|Infestation|[partiallytrapped]|[silent]
|upkeep
|turn|5
|
|t:|1779599384
|move|p1a: Comfey|Draining Kiss|p2a: Wo-Chien
|-supereffective|p2a: Wo-Chien
|-damage|p2a: Wo-Chien|43/100
|-heal|p1a: Comfey|96/100|[from] drain|[of] p2a: Wo-Chien
|-damage|p1a: Comfey|86/100|[from] item: Life Orb
|move|p2a: Wo-Chien|Leech Seed|p1a: Comfey
|-start|p1a: Comfey|move: Leech Seed
|
|-heal|p2a: Wo-Chien|49/100|[from] item: Leftovers
|-damage|p1a: Comfey|74/100|[from] Leech Seed|[of] p2a: Wo-Chien
|-heal|p2a: Wo-Chien|61/100|[silent]
|upkeep
|turn|6
|
|t:|1779599396
|move|p2a: Wo-Chien|Protect|p2a: Wo-Chien
|-singleturn|p2a: Wo-Chien|Protect
|move|p1a: Comfey|Draining Kiss|p2a: Wo-Chien
|-activate|p2a: Wo-Chien|move: Protect
|
|-heal|p2a: Wo-Chien|67/100|[from] item: Leftovers
|-damage|p1a: Comfey|62/100|[from] Leech Seed|[of] p2a: Wo-Chien
|-heal|p2a: Wo-Chien|80/100|[silent]
|upkeep
|turn|7
|
|t:|1779599406
|switch|p2a: Toxapex|Toxapex, F|91/100
|move|p1a: Comfey|Calm Mind|p1a: Comfey
|-boost|p1a: Comfey|spa|1
|-boost|p1a: Comfey|spd|1
|
|-heal|p2a: Toxapex|97/100|[from] item: Leftovers
|-damage|p1a: Comfey|49/100|[from] Leech Seed|[of] p2a: Toxapex
|-heal|p2a: Toxapex|100/100|[silent]
|upkeep
|turn|8
|
|t:|1779599422
|-terastallize|p2a: Toxapex|Bug
|move|p1a: Comfey|Stored Power|p2a: Toxapex
|-damage|p2a: Toxapex|45/100
|-damage|p1a: Comfey|39/100|[from] item: Life Orb
|move|p2a: Toxapex|Infestation|p1a: Comfey
|-resisted|p1a: Comfey
|-damage|p1a: Comfey|36/100
|-activate|p1a: Comfey|move: Infestation|[of] p2a: Toxapex
|
|-heal|p2a: Toxapex|51/100|[from] item: Leftovers
|-damage|p1a: Comfey|24/100|[from] Leech Seed|[of] p2a: Toxapex
|-heal|p2a: Toxapex|63/100|[silent]
|-damage|p1a: Comfey|11/100|[from] move: Infestation|[partiallytrapped]
|upkeep
|turn|9
|
|t:|1779599438
|move|p2a: Toxapex|Baneful Bunker|p2a: Toxapex
|-singleturn|p2a: Toxapex|move: Protect
|move|p1a: Comfey|Synthesis|p1a: Comfey
|-heal|p1a: Comfey|61/100
|
|-heal|p2a: Toxapex|70/100|[from] item: Leftovers
|-damage|p1a: Comfey|49/100|[from] Leech Seed|[of] p2a: Toxapex
|-heal|p2a: Toxapex|82/100|[silent]
|-damage|p1a: Comfey|36/100|[from] move: Infestation|[partiallytrapped]
|upkeep
|turn|10
|
|t:|1779599450
|move|p1a: Comfey|Draining Kiss|p2a: Toxapex
|-damage|p2a: Toxapex|38/100
|-heal|p1a: Comfey|69/100|[from] drain|[of] p2a: Toxapex
|-damage|p1a: Comfey|60/100|[from] item: Life Orb
|move|p2a: Toxapex|Sludge Bomb|p1a: Comfey
|-supereffective|p1a: Comfey
|-damage|p1a: Comfey|40/100
|-status|p1a: Comfey|psn
|
|-heal|p2a: Toxapex|44/100|[from] item: Leftovers
|-damage|p1a: Comfey|28/100 psn|[from] Leech Seed|[of] p2a: Toxapex
|-heal|p2a: Toxapex|57/100|[silent]
|-damage|p1a: Comfey|15/100 psn|[from] psn
|-damage|p1a: Comfey|3/100 psn|[from] move: Infestation|[partiallytrapped]
|upkeep
|turn|11
|
|t:|1779599465
|move|p1a: Comfey|Synthesis|p1a: Comfey
|-heal|p1a: Comfey|53/100 psn
|move|p2a: Toxapex|Sludge Bomb|p1a: Comfey
|-supereffective|p1a: Comfey
|-damage|p1a: Comfey|33/100 psn
|
|-heal|p2a: Toxapex|63/100|[from] item: Leftovers
|-damage|p1a: Comfey|20/100 psn|[from] Leech Seed|[of] p2a: Toxapex
|-heal|p2a: Toxapex|75/100|[silent]
|-damage|p1a: Comfey|8/100 psn|[from] psn
|-damage|p1a: Comfey|0 fnt|[from] move: Infestation|[partiallytrapped]
|faint|p1a: Comfey
|upkeep
|
|t:|1779599474
|switch|p1a: Armarouge|Armarouge, M|100/100
|turn|12
|
|t:|1779599486
|switch|p2a: Garganacl|Garganacl, F|100/100
|-terastallize|p1a: Armarouge|Fairy
|move|p1a: Armarouge|Calm Mind|p1a: Armarouge
|-boost|p1a: Armarouge|spa|1
|-boost|p1a: Armarouge|spd|1
|
|upkeep
|turn|13
|
|t:|1779599501
|move|p1a: Armarouge|Energy Ball|p2a: Garganacl
|-supereffective|p2a: Garganacl
|-damage|p2a: Garganacl|23/100
|move|p2a: Garganacl|Salt Cure|p1a: Armarouge
|-damage|p1a: Armarouge|86/100
|-start|p1a: Armarouge|Salt Cure
|-ability|p1a: Armarouge|Weak Armor|boost
|-unboost|p1a: Armarouge|def|1
|-boost|p1a: Armarouge|spe|2
|
|-heal|p2a: Garganacl|29/100|[from] item: Leftovers
|-damage|p1a: Armarouge|74/100|[from] Salt Cure
|upkeep
|turn|14
|inactive|Flashy2 has 120 seconds left.
|
|t:|1779599526
|move|p1a: Armarouge|Psyshock|p2a: Garganacl
|-damage|p2a: Garganacl|0 fnt
|faint|p2a: Garganacl
|
|-damage|p1a: Armarouge|62/100|[from] Salt Cure
|upkeep
|inactive|Flashy2 has 120 seconds left.
|
|t:|1779599536
|switch|p2a: Wigglytuff|Wigglytuff, M|100/100
|turn|15
|
|t:|1779599541
|move|p1a: Armarouge|Armor Cannon|p2a: Wigglytuff
|-damage|p2a: Wigglytuff|0 fnt
|-unboost|p1a: Armarouge|def|1
|-unboost|p1a: Armarouge|spd|1
|faint|p2a: Wigglytuff
|
|-damage|p1a: Armarouge|49/100|[from] Salt Cure
|upkeep
|inactive|Flashy2 has 120 seconds left.
|
|t:|1779599559
|switch|p2a: Toxapex|Toxapex, F, tera:Bug|100/100
|turn|16
|inactive|Flashy2 has 120 seconds left.
|
|t:|1779599569
|move|p2a: Toxapex|Baneful Bunker|p2a: Toxapex
|-singleturn|p2a: Toxapex|move: Protect
|move|p1a: Armarouge|Armor Cannon|p2a: Toxapex
|-activate|p2a: Toxapex|move: Protect
|
|-damage|p1a: Armarouge|37/100|[from] Salt Cure
|upkeep
|turn|17
|inactive|Flashy2 has 120 seconds left.
|
|t:|1779599582
|move|p1a: Armarouge|Armor Cannon|p2a: Toxapex
|-supereffective|p2a: Toxapex
|-damage|p2a: Toxapex|0 fnt
|-unboost|p1a: Armarouge|def|1
|-unboost|p1a: Armarouge|spd|1
|faint|p2a: Toxapex
|
|-damage|p1a: Armarouge|25/100|[from] Salt Cure
|upkeep
|
|t:|1779599594
|switch|p2a: Dragapult|Dragapult, F|100/100
|turn|18
|
|t:|1779599598
|move|p2a: Dragapult|Sucker Punch|p1a: Armarouge
|-resisted|p1a: Armarouge
|-damage|p1a: Armarouge|0 fnt
|faint|p1a: Armarouge
|
|upkeep
|
|t:|1779599608
|switch|p1a: Mimikyu|Mimikyu, F|100/100
|-status|p1a: Mimikyu|psn
|turn|19
|
|t:|1779599616
|move|p2a: Dragapult|Phantom Force||[still]
|-prepare|p2a: Dragapult|Phantom Force
|move|p1a: Mimikyu|Swords Dance|p1a: Mimikyu
|-boost|p1a: Mimikyu|atk|2
|
|-damage|p1a: Mimikyu|88/100 psn|[from] psn
|upkeep
|turn|20
|
|t:|1779599624
|move|p2a: Dragapult|Phantom Force|p1a: Mimikyu|[from] lockedmove
|-activate|p1a: Mimikyu|ability: Disguise
|-damage|p1a: Mimikyu|88/100 psn
|detailschange|p1a: Mimikyu|Mimikyu-Busted, F
|-damage|p1a: Mimikyu|76/100 psn|[from] pokemon: Mimikyu-Busted
|move|p1a: Mimikyu|Swords Dance|p1a: Mimikyu
|-boost|p1a: Mimikyu|atk|2
|
|-damage|p1a: Mimikyu|63/100 psn|[from] psn
|upkeep
|turn|21
|
|t:|1779599638
|move|p1a: Mimikyu|Shadow Sneak|p2a: Dragapult
|-supereffective|p2a: Dragapult
|-damage|p2a: Dragapult|0 fnt
|faint|p2a: Dragapult
|-damage|p1a: Mimikyu|53/100 psn|[from] item: Life Orb
|
|-damage|p1a: Mimikyu|41/100 psn|[from] psn
|upkeep
|
|t:|1779599649
|switch|p2a: Wo-Chien|Wo-Chien|80/100
|-ability|p2a: Wo-Chien|Tablets of Ruin
|turn|22
|
|t:|1779599656
|move|p1a: Mimikyu|Drain Punch|p2a: Wo-Chien
|-supereffective|p2a: Wo-Chien
|-damage|p2a: Wo-Chien|0 fnt
|-heal|p1a: Mimikyu|90/100 psn|[from] drain|[of] p2a: Wo-Chien
|faint|p2a: Wo-Chien
|-damage|p1a: Mimikyu|80/100 psn|[from] item: Life Orb
|
|-damage|p1a: Mimikyu|68/100 psn|[from] psn
|upkeep
|
|t:|1779599666
|switch|p2a: Thundurus|Thundurus-Therian, M|100/100
|turn|23
|
|t:|1779599674
|move|p1a: Mimikyu|Shadow Sneak|p2a: Thundurus
|-damage|p2a: Thundurus|21/100
|-damage|p1a: Mimikyu|58/100 psn|[from] item: Life Orb
|move|p2a: Thundurus|Sludge Bomb|p1a: Mimikyu
|-damage|p1a: Mimikyu|0 fnt
|faint|p1a: Mimikyu
|-damage|p2a: Thundurus|11/100|[from] item: Life Orb
|
|upkeep
|
|t:|1779599689
|switch|p1a: Garganacl|Garganacl, M|100/100
|turn|24
|
|t:|1779599694
|move|p2a: Thundurus|Grass Knot|p1a: Garganacl
|-supereffective|p1a: Garganacl
|-damage|p1a: Garganacl|25/100
|-damage|p2a: Thundurus|1/100|[from] item: Life Orb
|move|p1a: Garganacl|Salt Cure|p2a: Thundurus
|-supereffective|p2a: Thundurus
|-damage|p2a: Thundurus|0 fnt
|faint|p2a: Thundurus
|
|win|DeanRique
|raw|DeanRique's rating: 1050 &rarr; <strong>1085</strong><br />(+35 for winning)
|raw|Flashy2's rating: 1073 &rarr; <strong>1051</strong><br />(-22 for losing)
|l|☆DeanRique
|player|p1|
|l|☆Flashy2
|player|p2|
