|j|☆Slem Glider
|j|☆yessir.9x9
|t:|1779561511
|gametype|singles
|player|p1|Slem Glider|medium|1229
|player|p2|yessir.9x9|hoopster|1198
|gen|9
|tier|[Gen 9] OU
|rated|
|rule|HP Percentage Mod: HP is shown in percentages
|rule|Endless Battle Clause: Forcing endless battles is banned
|rule|Species Clause: Limit one of each Pokémon
|rule|OHKO Clause: OHKO moves are banned
|rule|Evasion Items Clause: Evasion items are banned
|rule|Evasion Moves Clause: Evasion moves are banned
|rule|Evasion Abilities Clause: Evasion abilities are banned
|rule|Sleep Moves Clause: Sleep-inducing moves are banned
|clearpoke
|poke|p1|Zoroark-Hisui, M|
|poke|p1|Moltres|
|poke|p1|Kingambit, M|
|poke|p1|Weezing-Galar, F|
|poke|p1|Wo-Chien|
|poke|p1|Iron Treads|
|poke|p2|Cloyster, F|
|poke|p2|Ceruledge, M|
|poke|p2|Mimikyu, M|
|poke|p2|Sandy Shocks|
|poke|p2|Meloetta|
|poke|p2|Goodra-Hisui, M|
|teampreview
|inactive|Battle timer is ON: inactive players will automatically lose when time's up. (requested by Slem Glider)
|
|t:|1779561525
|teamsize|p1|6
|teamsize|p2|6
|start
|switch|p1a: Iron Treads|Iron Treads|100/100
|switch|p2a: Sandy Shocks|Sandy Shocks|100/100
|-item|p1a: Iron Treads|Air Balloon
|turn|1
|
|t:|1779561541
|move|p1a: Iron Treads|Earthquake|p2a: Sandy Shocks
|-supereffective|p2a: Sandy Shocks
|-damage|p2a: Sandy Shocks|1/100
|move|p2a: Sandy Shocks|Stealth Rock|p1a: Iron Treads
|-sidestart|p1: Slem Glider|move: Stealth Rock
|
|upkeep
|turn|2
|
|t:|1779561567
|-end|p2a: Sandy Shocks|Protosynthesis|[silent]
|switch|p2a: Cloyster|Cloyster, F|100/100
|move|p1a: Iron Treads|Stealth Rock|p2a: Cloyster
|-sidestart|p2: yessir.9x9|move: Stealth Rock
|
|upkeep
|turn|3
|
|t:|1779561591
|move|p1a: Iron Treads|Iron Head|p2a: Cloyster
|-damage|p2a: Cloyster|68/100
|move|p2a: Cloyster|Shell Smash|p2a: Cloyster
|-unboost|p2a: Cloyster|def|1
|-unboost|p2a: Cloyster|spd|1
|-boost|p2a: Cloyster|atk|2
|-boost|p2a: Cloyster|spa|2
|-boost|p2a: Cloyster|spe|2
|-enditem|p2a: Cloyster|White Herb
|-clearnegativeboost|p2a: Cloyster|[silent]
|
|upkeep
|turn|4
|
|t:|1779561608
|move|p2a: Cloyster|Icicle Spear|p1a: Iron Treads
|-damage|p1a: Iron Treads|80/100
|-enditem|p1a: Iron Treads|Air Balloon
|-damage|p1a: Iron Treads|57/100
|-crit|p1a: Iron Treads
|-damage|p1a: Iron Treads|23/100
|-damage|p1a: Iron Treads|1/100
|-damage|p1a: Iron Treads|0 fnt
|faint|p1a: Iron Treads
|-end|p1a: Iron Treads|Quark Drive|[silent]
|-hitcount|p1: Iron Treads|5
|
|upkeep
|
|t:|1779561616
|switch|p1a: Weezing|Weezing-Galar, F|100/100
|-ability|p1a: Weezing|Neutralizing Gas
|turn|5
|
|t:|1779561627
|move|p2a: Cloyster|Razor Shell|p1a: Weezing
|-damage|p1a: Weezing|54/100
|move|p1a: Weezing|Will-O-Wisp|p2a: Cloyster
|-status|p2a: Cloyster|brn
|
|-damage|p2a: Cloyster|62/100 brn|[from] brn
|upkeep
|turn|6
|
|t:|1779561634
|move|p2a: Cloyster|Facade|p1a: Weezing
|-damage|p1a: Weezing|0 fnt
|faint|p1a: Weezing
|-end|p1a: Weezing|ability: Neutralizing Gas
|
|-damage|p2a: Cloyster|56/100 brn|[from] brn
|upkeep
|
|t:|1779561642
|switch|p1a: Kingambit|Kingambit, M|100/100
|-damage|p1a: Kingambit|94/100|[from] Stealth Rock
|-activate|p1a: Kingambit|ability: Supreme Overlord
|-start|p1a: Kingambit|fallen2|[silent]
|turn|7
|
|t:|1779561653
|move|p1a: Kingambit|Sucker Punch|p2a: Cloyster
|-damage|p2a: Cloyster|13/100 brn
|move|p2a: Cloyster|Facade|p1a: Kingambit
|-resisted|p1a: Kingambit
|-damage|p1a: Kingambit|61/100
|
|-heal|p1a: Kingambit|68/100|[from] item: Leftovers
|-damage|p2a: Cloyster|7/100 brn|[from] brn
|upkeep
|turn|8
|
|t:|1779561664
|move|p2a: Cloyster|Icicle Spear|p1a: Kingambit
|-resisted|p1a: Kingambit
|-damage|p1a: Kingambit|64/100
|-resisted|p1a: Kingambit
|-damage|p1a: Kingambit|59/100
|-resisted|p1a: Kingambit
|-damage|p1a: Kingambit|55/100
|-resisted|p1a: Kingambit
|-damage|p1a: Kingambit|51/100
|-resisted|p1a: Kingambit
|-damage|p1a: Kingambit|47/100
|-hitcount|p1a: Kingambit|5
|move|p1a: Kingambit|Swords Dance|p1a: Kingambit
|-boost|p1a: Kingambit|atk|2
|
|-heal|p1a: Kingambit|53/100|[from] item: Leftovers
|-damage|p2a: Cloyster|1/100 brn|[from] brn
|upkeep
|turn|9
|
|t:|1779561683
|switch|p2a: Mimikyu|Mimikyu, M|100/100
|-damage|p2a: Mimikyu|88/100|[from] Stealth Rock
|move|p1a: Kingambit|Sucker Punch||[still]
|-fail|p1a: Kingambit
|
|-heal|p1a: Kingambit|59/100|[from] item: Leftovers
|upkeep
|turn|10
|
|t:|1779561696
|-terastallize|p1a: Kingambit|Fairy
|move|p2a: Mimikyu|Curse|p1a: Kingambit
|-start|p1a: Kingambit|Curse|[of] p2a: Mimikyu
|-damage|p2a: Mimikyu|38/100
|move|p1a: Kingambit|Kowtow Cleave|p2a: Mimikyu
|-activate|p2a: Mimikyu|ability: Disguise
|-damage|p2a: Mimikyu|38/100
|detailschange|p2a: Mimikyu|Mimikyu-Busted, M
|-damage|p2a: Mimikyu|26/100|[from] pokemon: Mimikyu-Busted
|
|-heal|p1a: Kingambit|66/100|[from] item: Leftovers
|-damage|p1a: Kingambit|41/100|[from] Curse
|upkeep
|turn|11
|
|t:|1779561722
|move|p2a: Mimikyu|Shadow Claw|p1a: Kingambit
|-damage|p1a: Kingambit|14/100
|-damage|p2a: Mimikyu|16/100|[from] item: Life Orb
|move|p1a: Kingambit|Kowtow Cleave|p2a: Mimikyu
|-damage|p2a: Mimikyu|0 fnt
|faint|p2a: Mimikyu
|
|-heal|p1a: Kingambit|20/100|[from] item: Leftovers
|-damage|p1a: Kingambit|0 fnt|[from] Curse
|faint|p1a: Kingambit
|-end|p1a: Kingambit|fallen2|[silent]
|upkeep
|inactive|yessir.9x9 has 120 seconds left.
|
|t:|1779561737
|switch|p2a: Meloetta|Meloetta|100/100
|switch|p1a: Wo-Chien|Wo-Chien|100/100
|-damage|p1a: Wo-Chien|88/100|[from] Stealth Rock
|-damage|p2a: Meloetta|88/100|[from] Stealth Rock
|turn|12
|
|t:|1779561745
|move|p1a: Wo-Chien|Bitter Malice|p2a: Meloetta
|-immune|p2a: Meloetta
|move|p2a: Meloetta|Calm Mind|p2a: Meloetta
|-boost|p2a: Meloetta|spa|1
|-boost|p2a: Meloetta|spd|1
|
|upkeep
|turn|13
|c|☆yessir.9x9|zoro
|inactive|yessir.9x9 has 120 seconds left.
|
|t:|1779561777
|switch|p1a: Wo-Chien|Wo-Chien|100/100
|-damage|p1a: Wo-Chien|88/100|[from] Stealth Rock
|-ability|p1a: Wo-Chien|Tablets of Ruin
|move|p2a: Meloetta|Relic Song|p1a: Wo-Chien
|-damage|p1a: Wo-Chien|55/100
|-formechange|p2a: Meloetta|Meloetta-Pirouette|[msg]
|-enditem|p2a: Meloetta|Throat Spray
|-boost|p2a: Meloetta|spa|1|[from] item: Throat Spray
|
|-heal|p1a: Wo-Chien|61/100|[from] item: Leftovers
|upkeep
|turn|14
|
|t:|1779561795
|move|p2a: Meloetta|Focus Blast|p1a: Wo-Chien
|-supereffective|p1a: Wo-Chien
|-crit|p1a: Wo-Chien
|-damage|p1a: Wo-Chien|0 fnt
|faint|p1a: Wo-Chien
|
|upkeep
|
|t:|1779561803
|switch|p1a: Moltres|Moltres|88/100
|-damage|p1a: Moltres|76/100|[from] Stealth Rock
|turn|15
|
|t:|1779561813
|move|p2a: Meloetta|Psyshock|p1a: Moltres
|-damage|p1a: Moltres|0 fnt
|replace|p1a: Zoroark|Zoroark-Hisui, M
|-end|p1a: Zoroark|Illusion
|faint|p1a: Zoroark
|
|upkeep
|-message|Slem Glider forfeited.
|
|win|yessir.9x9
|raw|Slem Glider's rating: 1229 &rarr; <strong>1202</strong><br />(-27 for losing)
|raw|yessir.9x9's rating: 1198 &rarr; <strong>1225</strong><br />(+27 for winning)
|l|☆Slem Glider
|player|p1|
