|j|☆sickofme
|j|☆dia-sre
|t:|1779671131
|gametype|singles
|player|p1|sickofme|miku-water|1685
|player|p2|dia-sre|102|1680
|gen|9
|tier|[Gen 9] OU
|rated|
|rule|HP Percentage Mod: HP is shown in percentages
|rule|Endless Battle Clause: Forcing endless battles is banned
|rule|Species Clause: Limit one of each Pokémon
|rule|OHKO Clause: OHKO moves are banned
|rule|Evasion Items Clause: Evasion items are banned
|rule|Evasion Moves Clause: Evasion moves are banned
|rule|Evasion Abilities Clause: Evasion abilities are banned
|rule|Sleep Moves Clause: Sleep-inducing moves are banned
|clearpoke
|poke|p1|Alomomola, L99, F|
|poke|p1|Landorus-Therian, M|
|poke|p1|Kyurem|
|poke|p1|Great Tusk|
|poke|p1|Slowking-Galar, F|
|poke|p1|Heatran, F|
|poke|p2|Azumarill, F|
|poke|p2|Dragapult, M|
|poke|p2|Garchomp, M|
|poke|p2|Weezing-Galar, F|
|poke|p2|Gholdengo|
|poke|p2|Hoopa-Unbound|
|teampreview
|
|t:|1779671138
|teamsize|p1|6
|teamsize|p2|6
|start
|switch|p1a: Kyurem|Kyurem|100/100
|switch|p2a: Dragapult|Dragapult, M|100/100
|-ability|p1a: Kyurem|Pressure
|turn|1
|inactive|Battle timer is ON: inactive players will automatically lose when time's up. (requested by sickofme)
|
|t:|1779671153
|switch|p2a: Gholdengo|Gholdengo|100/100
|-terastallize|p1a: Kyurem|Ice
|move|p1a: Kyurem|Ice Beam|p2a: Gholdengo
|-resisted|p2a: Gholdengo
|-damage|p2a: Gholdengo|44/100
|-status|p2a: Gholdengo|frz
|
|upkeep
|turn|2
|
|t:|1779671162
|cant|p2a: Gholdengo|frz
|move|p1a: Kyurem|Ice Beam|p2a: Gholdengo
|-resisted|p2a: Gholdengo
|-damage|p2a: Gholdengo|0 fnt
|faint|p2a: Gholdengo
|
|upkeep
|
|t:|1779671172
|switch|p2a: Dragapult|Dragapult, M|100/100
|turn|3
|
|t:|1779671175
|-terastallize|p2a: Dragapult|Dragon
|move|p2a: Dragapult|Dragon Darts|p1a: Kyurem
|-damage|p1a: Kyurem|49/100
|-anim|p2a: Dragapult|Dragon Darts|p1a: Kyurem
|-crit|p1a: Kyurem
|-damage|p1a: Kyurem|0 fnt
|faint|p1a: Kyurem
|
|upkeep
|
|t:|1779671185
|switch|p1a: Heatran|Heatran, F|100/100
|turn|4
|
|t:|1779671189
|switch|p2a: Hoopa|Hoopa-Unbound|100/100
|move|p1a: Heatran|Magma Storm|p2a: Hoopa
|-crit|p2a: Hoopa
|-damage|p2a: Hoopa|43/100
|-activate|p2a: Hoopa|move: Magma Storm|[of] p1a: Heatran
|
|-damage|p2a: Hoopa|30/100|[from] move: Magma Storm|[partiallytrapped]
|upkeep
|turn|5
|
|t:|1779671192
|move|p1a: Heatran|Protect|p1a: Heatran
|-singleturn|p1a: Heatran|Protect
|move|p2a: Hoopa|Drain Punch|p1a: Heatran
|-activate|p1a: Heatran|move: Protect
|
|-damage|p2a: Hoopa|18/100|[from] move: Magma Storm|[partiallytrapped]
|upkeep
|turn|6
|
|t:|1779671196
|move|p2a: Hoopa|Hyperspace Fury|p1a: Heatran
|-damage|p1a: Heatran|23/100
|-unboost|p2a: Hoopa|def|1
|-damage|p2a: Hoopa|8/100|[from] item: Life Orb
|move|p1a: Heatran|Earth Power|p2a: Hoopa
|-damage|p2a: Hoopa|0 fnt
|faint|p2a: Hoopa
|
|-heal|p1a: Heatran|29/100|[from] item: Leftovers
|upkeep
|
|t:|1779671198
|switch|p2a: Dragapult|Dragapult, M, tera:Dragon|100/100
|turn|7
|
|t:|1779671200
|move|p1a: Heatran|Protect|p1a: Heatran
|-singleturn|p1a: Heatran|Protect
|move|p2a: Dragapult|Dragon Darts|p1a: Heatran
|-activate|p1a: Heatran|move: Protect
|
|-heal|p1a: Heatran|36/100|[from] item: Leftovers
|upkeep
|turn|8
|
|t:|1779671203
|switch|p1a: Landorus|Landorus-Therian, M|100/100
|-ability|p1a: Landorus|Intimidate|boost
|-fail|p2a: Dragapult|unboost|[from] ability: Clear Body|[of] p2a: Dragapult
|move|p2a: Dragapult|Dragon Darts|p1a: Landorus
|-damage|p1a: Landorus|33/100
|-anim|p2a: Dragapult|Dragon Darts|p1a: Landorus
|-damage|p1a: Landorus|0 fnt
|faint|p1a: Landorus
|
|upkeep
|
|t:|1779671207
|switch|p1a: Great Tusk|Great Tusk|100/100
|turn|9
|
|t:|1779671211
|move|p2a: Dragapult|Dragon Darts|p1a: Great Tusk
|-crit|p1a: Great Tusk
|-damage|p1a: Great Tusk|42/100
|-anim|p2a: Dragapult|Dragon Darts|p1a: Great Tusk
|-damage|p1a: Great Tusk|2/100
|move|p1a: Great Tusk|Headlong Rush|p2a: Dragapult
|-damage|p2a: Dragapult|19/100
|-unboost|p1a: Great Tusk|def|1
|-unboost|p1a: Great Tusk|spd|1
|
|upkeep
|turn|10
|j| simplegent
|
|t:|1779671216
|-end|p1a: Great Tusk|Protosynthesis|[silent]
|switch|p1a: Slowking|Slowking-Galar, F|100/100
|move|p2a: Dragapult|Dragon Darts|p1a: Slowking
|-damage|p1a: Slowking|63/100
|-anim|p2a: Dragapult|Dragon Darts|p1a: Slowking
|-damage|p1a: Slowking|23/100
|
|upkeep
|turn|11
|
|t:|1779671218
|move|p2a: Dragapult|Dragon Darts|p1a: Slowking
|-damage|p1a: Slowking|0 fnt
|faint|p1a: Slowking
|
|upkeep
|
|t:|1779671222
|switch|p1a: Alomomola|Alomomola, L99, F|100/100
|turn|12
|
|t:|1779671227
|switch|p2a: Garchomp|Garchomp, M|100/100
|move|p1a: Alomomola|Healing Wish|p1a: Alomomola
|faint|p1a: Alomomola
|
|upkeep
|
|t:|1779671229
|switch|p1a: Great Tusk|Great Tusk|2/100
|-heal|p1a: Great Tusk|100/100|[from] move: Healing Wish
|turn|13
|
|t:|1779671234
|move|p1a: Great Tusk|Bulk Up|p1a: Great Tusk
|-boost|p1a: Great Tusk|atk|1
|-boost|p1a: Great Tusk|def|1
|move|p2a: Garchomp|Spikes|p1a: Great Tusk
|-sidestart|p1: sickofme|Spikes
|
|upkeep
|turn|14
|
|t:|1779671239
|move|p1a: Great Tusk|Bulk Up|p1a: Great Tusk
|-boost|p1a: Great Tusk|atk|1
|-boost|p1a: Great Tusk|def|1
|move|p2a: Garchomp|Dragon Tail|p1a: Great Tusk
|-damage|p1a: Great Tusk|91/100
|-end|p1a: Great Tusk|Protosynthesis|[silent]
|drag|p1a: Heatran|Heatran, F|36/100
|-damage|p1a: Heatran|23/100|[from] Spikes
|
|-heal|p1a: Heatran|29/100|[from] item: Leftovers
|upkeep
|turn|15
|
|t:|1779671251
|move|p1a: Heatran|Magma Storm|p2a: Garchomp
|-resisted|p2a: Garchomp
|-damage|p2a: Garchomp|81/100
|-activate|p2a: Garchomp|move: Magma Storm|[of] p1a: Heatran
|move|p2a: Garchomp|Dragon Tail|p1a: Heatran
|-resisted|p1a: Heatran
|-damage|p1a: Heatran|18/100
|drag|p1a: Great Tusk|Great Tusk|91/100
|
|-end|p2a: Garchomp|Magma Storm|[partiallytrapped]|[silent]
|upkeep
|turn|16
|
|t:|1779671267
|move|p1a: Great Tusk|Ice Spinner|p2a: Garchomp
|-supereffective|p2a: Garchomp
|-damage|p2a: Garchomp|10/100
|-damage|p1a: Great Tusk|78/100|[from] ability: Rough Skin|[of] p2a: Garchomp
|-damage|p1a: Great Tusk|62/100|[from] item: Rocky Helmet|[of] p2a: Garchomp
|move|p2a: Garchomp|Spikes|p1a: Great Tusk
|-sidestart|p1: sickofme|Spikes
|
|upkeep
|turn|17
|j| arturohdez
|
|t:|1779671273
|move|p1a: Great Tusk|Rapid Spin|p2a: Garchomp
|-damage|p2a: Garchomp|0 fnt
|-boost|p1a: Great Tusk|spe|1
|-damage|p1a: Great Tusk|49/100|[from] ability: Rough Skin|[of] p2a: Garchomp
|-damage|p1a: Great Tusk|33/100|[from] item: Rocky Helmet|[of] p2a: Garchomp
|-sideend|p1: sickofme|Spikes|[from] move: Rapid Spin|[of] p1a: Great Tusk
|faint|p2a: Garchomp
|
|upkeep
|
|t:|1779671280
|switch|p2a: Azumarill|Azumarill, F|100/100
|turn|18
|
|t:|1779671308
|move|p1a: Great Tusk|Headlong Rush|p2a: Azumarill
|-damage|p2a: Azumarill|27/100
|-unboost|p1a: Great Tusk|def|1
|-unboost|p1a: Great Tusk|spd|1
|move|p2a: Azumarill|Ice Spinner|p1a: Great Tusk
|-supereffective|p1a: Great Tusk
|-damage|p1a: Great Tusk|0 fnt
|faint|p1a: Great Tusk
|-end|p1a: Great Tusk|Protosynthesis|[silent]
|
|upkeep
|
|t:|1779671311
|switch|p1a: Heatran|Heatran, F|18/100
|turn|19
|
|t:|1779671313
|move|p1a: Heatran|Protect|p1a: Heatran
|-singleturn|p1a: Heatran|Protect
|move|p2a: Azumarill|Aqua Jet|p1a: Heatran
|-activate|p1a: Heatran|move: Protect
|
|-heal|p1a: Heatran|24/100|[from] item: Leftovers
|upkeep
|turn|20
|
|t:|1779671314
|move|p2a: Azumarill|Aqua Jet|p1a: Heatran
|-supereffective|p1a: Heatran
|-crit|p1a: Heatran
|-damage|p1a: Heatran|0 fnt
|faint|p1a: Heatran
|
|win|dia-sre
|raw|sickofme's rating: 1685 &rarr; <strong>1665</strong><br />(-20 for losing)
|raw|dia-sre's rating: 1680 &rarr; <strong>1700</strong><br />(+20 for winning)
|l|☆dia-sre
|player|p2|
|l|☆sickofme
|player|p1|
|l| arturohdez
