|j|☆Psyduck99
|j|☆KOSEKlBIJOU
|t:|1779641321
|gametype|singles
|player|p1|Psyduck99|266|1315
|player|p2|KOSEKlBIJOU|red|1276
|gen|9
|tier|[Gen 9] OU
|rated|
|rule|HP Percentage Mod: HP is shown in percentages
|rule|Endless Battle Clause: Forcing endless battles is banned
|rule|Species Clause: Limit one of each Pokémon
|rule|OHKO Clause: OHKO moves are banned
|rule|Evasion Items Clause: Evasion items are banned
|rule|Evasion Moves Clause: Evasion moves are banned
|rule|Evasion Abilities Clause: Evasion abilities are banned
|rule|Sleep Moves Clause: Sleep-inducing moves are banned
|clearpoke
|poke|p1|Ting-Lu|
|poke|p1|Vaporeon, F|
|poke|p1|Ditto|
|poke|p1|Iron Boulder|
|poke|p1|Tornadus-Therian, M|
|poke|p1|Iron Moth|
|poke|p2|Ribombee, F|
|poke|p2|Meloetta|
|poke|p2|Gholdengo|
|poke|p2|Great Tusk|
|poke|p2|Kingambit, F|
|poke|p2|Raging Bolt|
|teampreview
|
|t:|1779641330
|teamsize|p1|6
|teamsize|p2|6
|start
|switch|p1a: Ditto|Ditto|100/100
|switch|p2a: Ribombee|Ribombee, F|100/100
|-transform|p1a: Ditto|p2a: Ribombee|[from] ability: Imposter
|turn|1
|
|t:|1779641338
|move|p1a: Ditto|Sticky Web|p2a: Ribombee
|-sidestart|p2: KOSEKlBIJOU|move: Sticky Web
|move|p2a: Ribombee|Sticky Web|p1a: Ditto
|-sidestart|p1: Psyduck99|move: Sticky Web
|
|upkeep
|turn|2
|inactive|Battle timer is ON: inactive players will automatically lose when time's up. (requested by Psyduck99)
|
|t:|1779641346
|switch|p1a: Ting-Lu|Ting-Lu|100/100
|-activate|p1a: Ting-Lu|move: Sticky Web
|-unboost|p1a: Ting-Lu|spe|1
|-ability|p1a: Ting-Lu|Vessel of Ruin
|move|p2a: Ribombee|U-turn|p1a: Ting-Lu
|-supereffective|p1a: Ting-Lu
|-damage|p1a: Ting-Lu|88/100
|
|t:|1779641349
|switch|p2a: Great Tusk|Great Tusk|100/100|[from] U-turn
|-activate|p2a: Great Tusk|move: Sticky Web
|-unboost|p2a: Great Tusk|spe|1
|
|upkeep
|turn|3
|
|t:|1779641355
|-terastallize|p1a: Ting-Lu|Ghost
|move|p2a: Great Tusk|Rapid Spin|p1a: Ting-Lu
|-immune|p1a: Ting-Lu
|move|p1a: Ting-Lu|Stealth Rock|p2a: Great Tusk
|-sidestart|p2: KOSEKlBIJOU|move: Stealth Rock
|
|upkeep
|turn|4
|
|t:|1779641359
|move|p2a: Great Tusk|Knock Off|p1a: Ting-Lu
|-supereffective|p1a: Ting-Lu
|-damage|p1a: Ting-Lu|60/100
|-enditem|p1a: Ting-Lu|Mental Herb|[from] move: Knock Off|[of] p2a: Great Tusk
|move|p1a: Ting-Lu|Spikes|p2a: Great Tusk
|-sidestart|p2: KOSEKlBIJOU|Spikes
|
|upkeep
|turn|5
|
|t:|1779641366
|move|p2a: Great Tusk|Earthquake|p1a: Ting-Lu
|-damage|p1a: Ting-Lu|40/100
|move|p1a: Ting-Lu|Whirlwind|p2a: Great Tusk
|-end|p2a: Great Tusk|Protosynthesis|[silent]
|drag|p2a: Raging Bolt|Raging Bolt|100/100
|-activate|p2a: Raging Bolt|move: Sticky Web
|-unboost|p2a: Raging Bolt|spe|1
|-damage|p2a: Raging Bolt|88/100|[from] Stealth Rock
|-damage|p2a: Raging Bolt|76/100|[from] Spikes
|
|-heal|p2a: Raging Bolt|82/100|[from] item: Leftovers
|upkeep
|turn|6
|
|t:|1779641381
|-terastallize|p2a: Raging Bolt|Fairy
|move|p2a: Raging Bolt|Calm Mind|p2a: Raging Bolt
|-boost|p2a: Raging Bolt|spa|1
|-boost|p2a: Raging Bolt|spd|1
|move|p1a: Ting-Lu|Whirlwind|p2a: Raging Bolt
|-end|p2a: Raging Bolt|Protosynthesis|[silent]
|drag|p2a: Ribombee|Ribombee, F|100/100
|-activate|p2a: Ribombee|move: Sticky Web
|-unboost|p2a: Ribombee|spe|1
|-damage|p2a: Ribombee|76/100|[from] Stealth Rock
|-damage|p2a: Ribombee|63/100|[from] Spikes
|
|upkeep
|turn|7
|
|t:|1779641388
|switch|p1a: Vaporeon|Vaporeon, F|100/100
|-activate|p1a: Vaporeon|move: Sticky Web
|-unboost|p1a: Vaporeon|spe|1
|move|p2a: Ribombee|Stun Spore|p1a: Vaporeon
|-status|p1a: Vaporeon|par
|
|upkeep
|turn|8
|
|t:|1779641397
|move|p2a: Ribombee|Moonblast|p1a: Vaporeon
|-damage|p1a: Vaporeon|80/100 par
|cant|p1a: Vaporeon|par
|
|-heal|p1a: Vaporeon|86/100 par|[from] item: Leftovers
|upkeep
|turn|9
|
|t:|1779641404
|move|p2a: Ribombee|U-turn|p1a: Vaporeon
|-damage|p1a: Vaporeon|72/100 par
|
|t:|1779641408
|switch|p2a: Raging Bolt|Raging Bolt, tera:Fairy|82/100|[from] U-turn
|-activate|p2a: Raging Bolt|move: Sticky Web
|-unboost|p2a: Raging Bolt|spe|1
|-damage|p2a: Raging Bolt|70/100|[from] Stealth Rock
|-damage|p2a: Raging Bolt|57/100|[from] Spikes
|move|p1a: Vaporeon|Wish|p1a: Vaporeon
|
|-heal|p2a: Raging Bolt|63/100|[from] item: Leftovers
|-heal|p1a: Vaporeon|78/100 par|[from] item: Leftovers
|upkeep
|turn|10
|
|t:|1779641423
|move|p2a: Raging Bolt|Calm Mind|p2a: Raging Bolt
|-boost|p2a: Raging Bolt|spa|1
|-boost|p2a: Raging Bolt|spd|1
|cant|p1a: Vaporeon|par
|
|-heal|p1a: Vaporeon|100/100 par|[from] move: Wish|[wisher] Vaporeon
|-heal|p2a: Raging Bolt|70/100|[from] item: Leftovers
|upkeep
|turn|11
|
|t:|1779641428
|move|p2a: Raging Bolt|Thunderbolt|p1a: Vaporeon
|-supereffective|p1a: Vaporeon
|-damage|p1a: Vaporeon|19/100 par
|move|p1a: Vaporeon|Wish|p1a: Vaporeon
|
|-heal|p2a: Raging Bolt|76/100|[from] item: Leftovers
|-heal|p1a: Vaporeon|25/100 par|[from] item: Leftovers
|upkeep
|turn|12
|
|t:|1779641438
|switch|p1a: Ting-Lu|Ting-Lu, tera:Ghost|40/100
|-activate|p1a: Ting-Lu|move: Sticky Web
|-unboost|p1a: Ting-Lu|spe|1
|-ability|p1a: Ting-Lu|Vessel of Ruin
|move|p2a: Raging Bolt|Thunderbolt|p1a: Ting-Lu
|-damage|p1a: Ting-Lu|0 fnt
|faint|p1a: Ting-Lu
|
|-heal|p2a: Raging Bolt|82/100|[from] item: Leftovers
|upkeep
|
|t:|1779641452
|switch|p1a: Vaporeon|Vaporeon, F|25/100 par
|-activate|p1a: Vaporeon|move: Sticky Web
|-unboost|p1a: Vaporeon|spe|1
|turn|13
|
|t:|1779641458
|cant|p1a: Vaporeon|par
|move|p2a: Raging Bolt|Thunderbolt|p1a: Vaporeon
|-supereffective|p1a: Vaporeon
|-damage|p1a: Vaporeon|0 fnt
|faint|p1a: Vaporeon
|
|-heal|p2a: Raging Bolt|88/100|[from] item: Leftovers
|upkeep
|
|t:|1779641471
|switch|p1a: Ditto|Ditto|100/100
|-activate|p1a: Ditto|move: Sticky Web
|-unboost|p1a: Ditto|spe|1
|-transform|p1a: Ditto|p2a: Raging Bolt|[from] ability: Imposter
|turn|14
|
|t:|1779641477
|move|p1a: Ditto|Thunderbolt|p2a: Raging Bolt
|-damage|p2a: Raging Bolt|47/100
|move|p2a: Raging Bolt|Dragon Pulse|p1a: Ditto
|-supereffective|p1a: Ditto
|-damage|p1a: Ditto|0 fnt
|faint|p1a: Ditto
|-end|p1a: Ditto|Protosynthesis|[silent]
|
|-heal|p2a: Raging Bolt|53/100|[from] item: Leftovers
|upkeep
|
|t:|1779641483
|switch|p1a: Iron Boulder|Iron Boulder|100/100
|-activate|p1a: Iron Boulder|move: Sticky Web
|-unboost|p1a: Iron Boulder|spe|1
|-enditem|p1a: Iron Boulder|Booster Energy
|-activate|p1a: Iron Boulder|ability: Quark Drive|[fromitem]
|-start|p1a: Iron Boulder|quarkdriveatk
|turn|15
|
|t:|1779641506
|move|p1a: Iron Boulder|Mighty Cleave|p2a: Raging Bolt
|-damage|p2a: Raging Bolt|5/100
|move|p2a: Raging Bolt|Thunderbolt|p1a: Iron Boulder
|-damage|p1a: Iron Boulder|25/100
|
|-heal|p2a: Raging Bolt|12/100|[from] item: Leftovers
|upkeep
|turn|16
|
|t:|1779641512
|-end|p1a: Iron Boulder|Quark Drive|[silent]
|switch|p1a: Iron Moth|Iron Moth|100/100
|-activate|p1a: Iron Moth|move: Sticky Web
|-unboost|p1a: Iron Moth|spe|1
|-enditem|p1a: Iron Moth|Booster Energy
|-activate|p1a: Iron Moth|ability: Quark Drive|[fromitem]
|-start|p1a: Iron Moth|quarkdrivespa
|move|p2a: Raging Bolt|Thunderclap||[still]
|-fail|p2a: Raging Bolt
|
|-heal|p2a: Raging Bolt|18/100|[from] item: Leftovers
|upkeep
|turn|17
|
|t:|1779641521
|move|p2a: Raging Bolt|Thunderclap|p1a: Iron Moth
|-damage|p1a: Iron Moth|41/100
|move|p1a: Iron Moth|Sludge Wave|p2a: Raging Bolt
|-supereffective|p2a: Raging Bolt
|-damage|p2a: Raging Bolt|0 fnt
|faint|p2a: Raging Bolt
|-end|p2a: Raging Bolt|Protosynthesis|[silent]
|
|upkeep
|
|t:|1779641526
|switch|p2a: Great Tusk|Great Tusk|100/100
|-activate|p2a: Great Tusk|move: Sticky Web
|-unboost|p2a: Great Tusk|spe|1
|-damage|p2a: Great Tusk|98/100|[from] Stealth Rock
|-damage|p2a: Great Tusk|85/100|[from] Spikes
|turn|18
|
|t:|1779641530
|move|p1a: Iron Moth|Energy Ball|p2a: Great Tusk
|-supereffective|p2a: Great Tusk
|-damage|p2a: Great Tusk|0 fnt
|faint|p2a: Great Tusk
|-end|p2a: Great Tusk|Protosynthesis|[silent]
|
|upkeep
|
|t:|1779641534
|switch|p2a: Meloetta|Meloetta|100/100
|-activate|p2a: Meloetta|move: Sticky Web
|-unboost|p2a: Meloetta|spe|1
|-damage|p2a: Meloetta|88/100|[from] Stealth Rock
|-damage|p2a: Meloetta|76/100|[from] Spikes
|turn|19
|
|t:|1779641544
|move|p1a: Iron Moth|Sludge Wave|p2a: Meloetta
|-damage|p2a: Meloetta|22/100
|move|p2a: Meloetta|Psychic|p1a: Iron Moth
|-supereffective|p1a: Iron Moth
|-damage|p1a: Iron Moth|0 fnt
|faint|p1a: Iron Moth
|-end|p1a: Iron Moth|Quark Drive|[silent]
|
|upkeep
|
|t:|1779641552
|switch|p1a: Tornadus|Tornadus-Therian, M|100/100
|turn|20
|
|t:|1779641559
|move|p1a: Tornadus|Knock Off|p2a: Meloetta
|-supereffective|p2a: Meloetta
|-damage|p2a: Meloetta|0 fnt
|-enditem|p2a: Meloetta|Choice Specs|[from] move: Knock Off|[of] p1a: Tornadus
|faint|p2a: Meloetta
|
|upkeep
|
|t:|1779641563
|switch|p2a: Kingambit|Kingambit, F|100/100
|-activate|p2a: Kingambit|move: Sticky Web
|-unboost|p2a: Kingambit|spe|1
|-damage|p2a: Kingambit|94/100|[from] Stealth Rock
|-damage|p2a: Kingambit|82/100|[from] Spikes
|-activate|p2a: Kingambit|ability: Supreme Overlord
|-start|p2a: Kingambit|fallen3|[silent]
|turn|21
|
|t:|1779641569
|move|p1a: Tornadus|Heat Wave|p2a: Kingambit
|-supereffective|p2a: Kingambit
|-damage|p2a: Kingambit|18/100
|move|p2a: Kingambit|Swords Dance|p2a: Kingambit
|-boost|p2a: Kingambit|atk|2
|
|upkeep
|turn|22
|
|t:|1779641574
|move|p2a: Kingambit|Sucker Punch|p1a: Tornadus
|-damage|p1a: Tornadus|0 fnt
|faint|p1a: Tornadus
|
|upkeep
|c|☆Psyduck99|GG
|-message|Psyduck99 forfeited.
|
|win|KOSEKlBIJOU
|raw|Psyduck99's rating: 1315 &rarr; <strong>1293</strong><br />(-22 for losing)
|raw|KOSEKlBIJOU's rating: 1276 &rarr; <strong>1304</strong><br />(+28 for winning)
|l|☆Psyduck99
|player|p1|
|c|☆KOSEKlBIJOU|Suiwjehdkebehejwjdbudkwnshsulqjshsiwmsbiskwnshdgshkwidjnwjsosiwjwnksishqbsnjshsbwnwkoahdbduwkdbyudkwnshxuskwkndnxjwkdnjd
|l|☆KOSEKlBIJOU
|player|p2|
