|j|☆goodnightnite
|j|‽p$ychopath
|t:|1779639170
|gametype|singles
|player|p1|goodnightnite|miku-water|1557
|player|p2|p$ychopath|psychic-lgpe|1669
|gen|9
|tier|[Gen 9] OU
|rated|
|rule|HP Percentage Mod: HP is shown in percentages
|rule|Endless Battle Clause: Forcing endless battles is banned
|rule|Species Clause: Limit one of each Pokémon
|rule|OHKO Clause: OHKO moves are banned
|rule|Evasion Items Clause: Evasion items are banned
|rule|Evasion Moves Clause: Evasion moves are banned
|rule|Evasion Abilities Clause: Evasion abilities are banned
|rule|Sleep Moves Clause: Sleep-inducing moves are banned
|clearpoke
|poke|p1|Hoopa|
|poke|p1|Cinderace, M|
|poke|p1|Mandibuzz, F|
|poke|p1|Kyurem|
|poke|p1|Ting-Lu|
|poke|p1|Manaphy|
|poke|p2|Iron Boulder|
|poke|p2|Iron Valiant|
|poke|p2|Arcanine-Hisui, F|
|poke|p2|Raging Bolt|
|poke|p2|Iron Moth|
|poke|p2|Deoxys-Speed|
|teampreview
|inactive|Battle timer is ON: inactive players will automatically lose when time's up. (requested by p$ychopath)
|inactive|goodnightnite also wants the timer to be on.
|
|t:|1779639185
|teamsize|p1|6
|teamsize|p2|6
|start
|switch|p1a: Ting-Lucifer|Ting-Lu|100/100
|switch|p2a: Iron Boulder|Iron Boulder|100/100
|-ability|p1a: Ting-Lucifer|Vessel of Ruin
|-enditem|p2a: Iron Boulder|Booster Energy
|-activate|p2a: Iron Boulder|ability: Quark Drive|[fromitem]
|-start|p2a: Iron Boulder|quarkdrivespe
|turn|1
|
|t:|1779639197
|move|p2a: Iron Boulder|Taunt|p1a: Ting-Lucifer
|-start|p1a: Ting-Lucifer|move: Taunt
|move|p1a: Ting-Lucifer|Earthquake|p2a: Iron Boulder
|-supereffective|p2a: Iron Boulder
|-damage|p2a: Iron Boulder|0 fnt
|faint|p2a: Iron Boulder
|-end|p2a: Iron Boulder|Quark Drive|[silent]
|
|upkeep
|
|t:|1779639208
|switch|p2a: Iron Valiant|Iron Valiant|100/100
|-enditem|p2a: Iron Valiant|Booster Energy
|-activate|p2a: Iron Valiant|ability: Quark Drive|[fromitem]
|-start|p2a: Iron Valiant|quarkdrivespe
|turn|2
|
|t:|1779639211
|move|p2a: Iron Valiant|Moonblast|p1a: Ting-Lucifer
|-supereffective|p1a: Ting-Lucifer
|-damage|p1a: Ting-Lucifer|45/100
|-enditem|p1a: Ting-Lucifer|Weakness Policy
|-boost|p1a: Ting-Lucifer|atk|2|[from] item: Weakness Policy
|-boost|p1a: Ting-Lucifer|spa|2|[from] item: Weakness Policy
|move|p1a: Ting-Lucifer|Heavy Slam|p2a: Iron Valiant
|-supereffective|p2a: Iron Valiant
|-damage|p2a: Iron Valiant|0 fnt
|faint|p2a: Iron Valiant
|-end|p2a: Iron Valiant|Quark Drive|[silent]
|
|upkeep
|
|t:|1779639225
|switch|p2a: Arcanine|Arcanine-Hisui, F|100/100
|turn|3
|
|t:|1779639229
|move|p2a: Arcanine|Flare Blitz|p1a: Ting-Lucifer
|-damage|p1a: Ting-Lucifer|12/100
|move|p1a: Ting-Lucifer|Earthquake|p2a: Arcanine
|-supereffective|p2a: Arcanine
|-damage|p2a: Arcanine|0 fnt
|faint|p2a: Arcanine
|
|-end|p1a: Ting-Lucifer|move: Taunt
|upkeep
|
|t:|1779639234
|switch|p2a: Iron Moth|Iron Moth|100/100
|-enditem|p2a: Iron Moth|Booster Energy
|-activate|p2a: Iron Moth|ability: Quark Drive|[fromitem]
|-start|p2a: Iron Moth|quarkdrivespe
|turn|4
|
|t:|1779639238
|move|p2a: Iron Moth|Fiery Dance|p1a: Ting-Lucifer
|-damage|p1a: Ting-Lucifer|0 fnt
|-boost|p2a: Iron Moth|spa|1
|faint|p1a: Ting-Lucifer
|
|upkeep
|
|t:|1779639247
|switch|p1a: Manaphy|Manaphy|100/100
|turn|5
|
|t:|1779639262
|-terastallize|p2a: Iron Moth|Fairy
|move|p2a: Iron Moth|Sludge Wave|p1a: Manaphy
|-damage|p1a: Manaphy|43/100
|move|p1a: Manaphy|Scald|p2a: Iron Moth
|-damage|p2a: Iron Moth|70/100
|
|-heal|p1a: Manaphy|50/100|[from] item: Leftovers
|upkeep
|turn|6
|
|t:|1779639272
|move|p2a: Iron Moth|Fiery Dance|p1a: Manaphy
|-resisted|p1a: Manaphy
|-damage|p1a: Manaphy|25/100
|-boost|p2a: Iron Moth|spa|1
|move|p1a: Manaphy|Scald|p2a: Iron Moth
|-damage|p2a: Iron Moth|39/100
|
|-heal|p1a: Manaphy|31/100|[from] item: Leftovers
|upkeep
|turn|7
|j| jsnsddk
|
|t:|1779639277
|move|p2a: Iron Moth|Sludge Wave|p1a: Manaphy
|-damage|p1a: Manaphy|0 fnt
|faint|p1a: Manaphy
|
|upkeep
|
|t:|1779639281
|switch|p1a: Hoopa|Hoopa|100/100
|turn|8
|j| Disscratch
|
|t:|1779639289
|move|p2a: Iron Moth|Fiery Dance|p1a: Hoopa
|-damage|p1a: Hoopa|32/100
|-boost|p2a: Iron Moth|spa|1
|move|p1a: Hoopa|Shadow Ball|p2a: Iron Moth
|-damage|p2a: Iron Moth|0 fnt
|faint|p2a: Iron Moth
|-end|p2a: Iron Moth|Quark Drive|[silent]
|
|upkeep
|
|t:|1779639297
|switch|p2a: Deoxys|Deoxys-Speed|100/100
|-ability|p2a: Deoxys|Pressure
|turn|9
|j| kanaete onegai
|
|t:|1779639301
|move|p2a: Deoxys|Stealth Rock|p1a: Hoopa
|-sidestart|p1: goodnightnite|move: Stealth Rock
|move|p1a: Hoopa|Shadow Ball|p2a: Deoxys
|-supereffective|p2a: Deoxys
|-enditem|p2a: Deoxys|Focus Sash
|-damage|p2a: Deoxys|1/100
|
|upkeep
|turn|10
|
|t:|1779639307
|move|p2a: Deoxys|Spikes|p1a: Hoopa
|-sidestart|p1: goodnightnite|Spikes
|move|p1a: Hoopa|Substitute|p1a: Hoopa
|-start|p1a: Hoopa|Substitute
|-damage|p1a: Hoopa|7/100
|-enditem|p1a: Hoopa|Aguav Berry|[eat]
|-heal|p1a: Hoopa|40/100|[from] item: Aguav Berry
|
|upkeep
|turn|11
|
|t:|1779639318
|move|p2a: Deoxys|Taunt|p1a: Hoopa
|-start|p1a: Hoopa|move: Taunt
|move|p1a: Hoopa|Shadow Ball|p2a: Deoxys
|-supereffective|p2a: Deoxys
|-damage|p2a: Deoxys|0 fnt
|faint|p2a: Deoxys
|
|upkeep
|
|t:|1779639319
|switch|p2a: Raging Bolt|Raging Bolt|100/100
|-enditem|p2a: Raging Bolt|Booster Energy
|-activate|p2a: Raging Bolt|ability: Protosynthesis|[fromitem]
|-start|p2a: Raging Bolt|protosynthesisspa
|turn|12
|
|t:|1779639325
|move|p2a: Raging Bolt|Dragon Pulse|p1a: Hoopa
|-end|p1a: Hoopa|Substitute
|move|p1a: Hoopa|Shadow Ball|p2a: Raging Bolt
|-damage|p2a: Raging Bolt|50/100
|
|upkeep
|turn|13
|
|t:|1779639331
|move|p2a: Raging Bolt|Calm Mind|p2a: Raging Bolt
|-boost|p2a: Raging Bolt|spa|1
|-boost|p2a: Raging Bolt|spd|1
|move|p1a: Hoopa|Shadow Ball|p2a: Raging Bolt
|-damage|p2a: Raging Bolt|20/100
|
|-end|p1a: Hoopa|move: Taunt
|upkeep
|turn|14
|
|t:|1779639337
|move|p2a: Raging Bolt|Thunderclap|p1a: Hoopa
|-damage|p1a: Hoopa|0 fnt
|faint|p1a: Hoopa
|
|upkeep
|
|t:|1779639341
|switch|p1a: Cinderace|Cinderace, M|100/100
|-damage|p1a: Cinderace|76/100|[from] Stealth Rock
|-damage|p1a: Cinderace|63/100|[from] Spikes
|turn|15
|
|t:|1779639345
|move|p1a: Cinderace|Court Change|p1a: Cinderace
|-start|p1a: Cinderace|typechange|Normal|[from] ability: Libero
|-swapsideconditions
|-activate|p1a: Cinderace|move: Court Change
|move|p2a: Raging Bolt|Calm Mind|p2a: Raging Bolt
|-boost|p2a: Raging Bolt|spa|1
|-boost|p2a: Raging Bolt|spd|1
|
|upkeep
|turn|16
|
|t:|1779639352
|move|p1a: Cinderace|Pyro Ball|p2a: Raging Bolt
|-resisted|p2a: Raging Bolt
|-damage|p2a: Raging Bolt|0 fnt
|faint|p2a: Raging Bolt
|-end|p2a: Raging Bolt|Protosynthesis|[silent]
|
|win|goodnightnite
|raw|goodnightnite's rating: 1557 &rarr; <strong>1583</strong><br />(+26 for winning)
|raw|p$ychopath's rating: 1669 &rarr; <strong>1643</strong><br />(-26 for losing)
|l|‽p$ychopath
|player|p2|
|l|☆goodnightnite
|player|p1|
|l| jsnsddk
|l| Disscratch
