|j|☆shuay7
|j|☆Kogasscarf
|t:|1779598621
|gametype|singles
|player|p1|shuay7|101|1365
|player|p2|Kogasscarf|koga|1396
|gen|9
|tier|[Gen 9] OU
|rated|
|rule|HP Percentage Mod: HP is shown in percentages
|rule|Endless Battle Clause: Forcing endless battles is banned
|rule|Species Clause: Limit one of each Pokémon
|rule|OHKO Clause: OHKO moves are banned
|rule|Evasion Items Clause: Evasion items are banned
|rule|Evasion Moves Clause: Evasion moves are banned
|rule|Evasion Abilities Clause: Evasion abilities are banned
|rule|Sleep Moves Clause: Sleep-inducing moves are banned
|clearpoke
|poke|p1|Volcanion|
|poke|p1|Pelipper, F|
|poke|p1|Iron Treads|
|poke|p1|Overqwil, M|
|poke|p1|Iron Valiant|
|poke|p1|Ogerpon, F|
|poke|p2|Zamazenta-*|
|poke|p2|Weavile, F|
|poke|p2|Enamorus, F|
|poke|p2|Cinderace, M|
|poke|p2|Latias, F|
|poke|p2|Iron Treads|
|teampreview
|inactive|Battle timer is ON: inactive players will automatically lose when time's up. (requested by Kogasscarf)
|
|t:|1779598632
|teamsize|p1|6
|teamsize|p2|6
|start
|switch|p1a: Pelipper|Pelipper, F|100/100
|switch|p2a: Iron Treads|Iron Treads|100/100
|-weather|RainDance|[from] ability: Drizzle|[of] p1a: Pelipper
|turn|1
|
|t:|1779598635
|move|p2a: Iron Treads|Volt Switch|p1a: Pelipper
|-supereffective|p1a: Pelipper
|-damage|p1a: Pelipper|0 fnt
|faint|p1a: Pelipper
|
|t:|1779598648
|-end|p2a: Iron Treads|Quark Drive|[silent]
|switch|p2a: Enamorus|Enamorus, F|100/100|[from] Volt Switch
|
|-weather|RainDance|[upkeep]
|upkeep
|
|t:|1779598651
|switch|p1a: Volcanion|Volcanion|100/100
|turn|2
|
|t:|1779598656
|-terastallize|p1a: Volcanion|Water
|move|p2a: Enamorus|Earth Power|p1a: Volcanion
|-damage|p1a: Volcanion|66/100
|-unboost|p1a: Volcanion|spd|1
|move|p1a: Volcanion|Steam Eruption|p2a: Enamorus
|-damage|p2a: Enamorus|0 fnt
|faint|p2a: Enamorus
|
|-weather|RainDance|[upkeep]
|upkeep
|
|t:|1779598665
|switch|p2a: Latias|Latias, F|100/100
|turn|3
|
|t:|1779598670
|switch|p1a: Iron Treads|Iron Treads|100/100
|-enditem|p1a: Iron Treads|Booster Energy
|-activate|p1a: Iron Treads|ability: Quark Drive|[fromitem]
|-start|p1a: Iron Treads|quarkdrivespe
|move|p2a: Latias|Mist Ball|p1a: Iron Treads
|-resisted|p1a: Iron Treads
|-damage|p1a: Iron Treads|61/100
|
|-weather|RainDance|[upkeep]
|upkeep
|turn|4
|
|t:|1779598680
|move|p1a: Iron Treads|Steel Beam|p2a: Latias
|-damage|p2a: Latias|56/100
|-damage|p1a: Iron Treads|11/100|[from] steelbeam
|move|p2a: Latias|Aura Sphere|p1a: Iron Treads
|-supereffective|p1a: Iron Treads
|-crit|p1a: Iron Treads
|-damage|p1a: Iron Treads|0 fnt
|faint|p1a: Iron Treads
|-end|p1a: Iron Treads|Quark Drive|[silent]
|
|-weather|RainDance|[upkeep]
|upkeep
|
|t:|1779598699
|switch|p1a: Iron Valiant|Iron Valiant|100/100
|turn|5
|
|t:|1779598705
|-terastallize|p2a: Latias|Fairy
|move|p1a: Iron Valiant|Moonblast|p2a: Latias
|-damage|p2a: Latias|0 fnt
|faint|p2a: Latias
|
|-weather|RainDance|[upkeep]
|upkeep
|
|t:|1779598713
|switch|p2a: Iron Treads|Iron Treads|100/100
|turn|6
|
|t:|1779598718
|-end|p1a: Iron Valiant|Quark Drive|[silent]
|switch|p1a: Volcanion|Volcanion, tera:Water|66/100
|move|p2a: Iron Treads|Volt Switch|p1a: Volcanion
|-supereffective|p1a: Volcanion
|-damage|p1a: Volcanion|29/100
|
|t:|1779598726
|-end|p2a: Iron Treads|Quark Drive|[silent]
|switch|p2a: Weavile|Weavile, F, shiny|100/100|[from] Volt Switch
|-ability|p2a: Weavile|Pressure
|
|-weather|RainDance|[upkeep]
|upkeep
|turn|7
|
|t:|1779598748
|move|p2a: Weavile|Poison Jab|p1a: Volcanion
|-crit|p1a: Volcanion
|-damage|p1a: Volcanion|0 fnt
|faint|p1a: Volcanion
|
|-weather|RainDance|[upkeep]
|upkeep
|
|t:|1779598762
|switch|p1a: Overqwil|Overqwil, M|100/100
|turn|8
|
|t:|1779598771
|switch|p2a: Iron Treads|Iron Treads|100/100
|move|p1a: Overqwil|Liquidation|p2a: Iron Treads
|-supereffective|p2a: Iron Treads
|-damage|p2a: Iron Treads|3/100
|-unboost|p2a: Iron Treads|def|1
|-damage|p1a: Overqwil|91/100|[from] item: Life Orb
|
|-weather|none
|upkeep
|turn|9
|
|t:|1779598780
|move|p2a: Iron Treads|Steel Beam|p1a: Overqwil|[miss]
|-miss|p2a: Iron Treads|p1a: Overqwil
|-damage|p2a: Iron Treads|0 fnt|[from] steelbeam
|faint|p2a: Iron Treads
|-end|p2a: Iron Treads|Quark Drive|[silent]
|move|p1a: Overqwil|Liquidation|p2: Iron Treads|[notarget]
|-fail|p1a: Overqwil
|
|upkeep
|
|t:|1779598786
|switch|p2a: Cinderace|Cinderace, M|100/100
|turn|10
|
|t:|1779598794
|move|p2a: Cinderace|Pyro Ball|p1a: Overqwil
|-damage|p1a: Overqwil|19/100
|move|p1a: Overqwil|Gunk Shot|p2a: Cinderace
|-damage|p2a: Cinderace|0 fnt
|faint|p2a: Cinderace
|-damage|p1a: Overqwil|9/100|[from] item: Life Orb
|
|upkeep
|
|t:|1779598803
|switch|p2a: Weavile|Weavile, F, shiny|100/100
|-ability|p2a: Weavile|Pressure
|turn|11
|
|t:|1779598811
|move|p2a: Weavile|Ice Shard|p1a: Overqwil
|-damage|p1a: Overqwil|0 fnt
|faint|p1a: Overqwil
|
|upkeep
|
|t:|1779598822
|switch|p1a: Iron Valiant|Iron Valiant|100/100
|turn|12
|
|t:|1779598824
|move|p2a: Weavile|Ice Shard|p1a: Iron Valiant
|-damage|p1a: Iron Valiant|65/100
|move|p1a: Iron Valiant|Vacuum Wave|p2a: Weavile
|-supereffective|p2a: Weavile
|-damage|p2a: Weavile|0 fnt
|faint|p2a: Weavile
|
|upkeep
|
|t:|1779598829
|switch|p2a: Zamazenta|Zamazenta|100/100
|-ability|p2a: Zamazenta|Dauntless Shield|boost
|-boost|p2a: Zamazenta|def|1
|turn|13
|
|t:|1779598834
|-end|p1a: Iron Valiant|Quark Drive|[silent]
|switch|p1a: Ogerpon|Ogerpon, F|100/100
|move|p2a: Zamazenta|Iron Head|p1a: Ogerpon
|-damage|p1a: Ogerpon|69/100
|
|upkeep
|turn|14
|
|t:|1779598840
|move|p1a: Ogerpon|Play Rough|p2a: Zamazenta
|-supereffective|p2a: Zamazenta
|-damage|p2a: Zamazenta|63/100
|move|p2a: Zamazenta|Iron Defense|p2a: Zamazenta
|-boost|p2a: Zamazenta|def|2
|
|-heal|p2a: Zamazenta|69/100|[from] item: Leftovers
|upkeep
|turn|15
|
|t:|1779598849
|move|p1a: Ogerpon|Play Rough|p2a: Zamazenta
|-supereffective|p2a: Zamazenta
|-damage|p2a: Zamazenta|46/100
|move|p2a: Zamazenta|Body Press|p1a: Ogerpon
|-crit|p1a: Ogerpon
|-damage|p1a: Ogerpon|0 fnt
|faint|p1a: Ogerpon
|
|-heal|p2a: Zamazenta|52/100|[from] item: Leftovers
|upkeep
|
|t:|1779598853
|switch|p1a: Iron Valiant|Iron Valiant|65/100
|turn|16
|
|t:|1779598855
|move|p1a: Iron Valiant|Moonblast|p2a: Zamazenta
|-supereffective|p2a: Zamazenta
|-damage|p2a: Zamazenta|0 fnt
|faint|p2a: Zamazenta
|
|win|shuay7
|raw|shuay7's rating: 1365 &rarr; <strong>1387</strong><br />(+22 for winning)
|raw|Kogasscarf's rating: 1396 &rarr; <strong>1374</strong><br />(-22 for losing)
|l|☆Kogasscarf
|player|p2|
|l|☆shuay7
|player|p1|
