|j|☆yoki
|j|☆hueehuuuek
|t:|1779694221
|gametype|singles
|player|p1|yoki|2|1449
|player|p2|hueehuuuek|steven|1426
|gen|9
|tier|[Gen 9] OU
|rated|
|rule|HP Percentage Mod: HP is shown in percentages
|rule|Endless Battle Clause: Forcing endless battles is banned
|rule|Species Clause: Limit one of each Pokémon
|rule|OHKO Clause: OHKO moves are banned
|rule|Evasion Items Clause: Evasion items are banned
|rule|Evasion Moves Clause: Evasion moves are banned
|rule|Evasion Abilities Clause: Evasion abilities are banned
|rule|Sleep Moves Clause: Sleep-inducing moves are banned
|clearpoke
|poke|p1|Slowking-Galar, M|
|poke|p1|Great Tusk|
|poke|p1|Kyurem|
|poke|p1|Darkrai|
|poke|p1|Hoopa-Unbound|
|poke|p1|Zapdos|
|poke|p2|Suicune|
|poke|p2|Dragonite, M|
|poke|p2|Cinderace, M|
|poke|p2|Zamazenta-*|
|poke|p2|Blaziken, M|
|poke|p2|Zapdos-Galar|
|teampreview
|inactive|Battle timer is ON: inactive players will automatically lose when time's up. (requested by hueehuuuek)
|
|t:|1779694235
|teamsize|p1|6
|teamsize|p2|6
|start
|switch|p1a: Zapdos|Zapdos, shiny|100/100
|switch|p2a: Blaziken|Blaziken, M|100/100
|turn|1
|
|t:|1779694238
|move|p2a: Blaziken|Swords Dance|p2a: Blaziken
|-boost|p2a: Blaziken|atk|2
|move|p1a: Zapdos|Thunder Wave|p2a: Blaziken|[miss]
|-miss|p1a: Zapdos|p2a: Blaziken
|
|-ability|p2a: Blaziken|Speed Boost|boost
|-boost|p2a: Blaziken|spe|1
|upkeep
|turn|2
|
|t:|1779694242
|move|p2a: Blaziken|Knock Off|p1a: Zapdos
|-damage|p1a: Zapdos|54/100
|-enditem|p1a: Zapdos|Heavy-Duty Boots|[from] move: Knock Off|[of] p2a: Blaziken
|move|p1a: Zapdos|Thunder Wave|p2a: Blaziken
|-status|p2a: Blaziken|par
|
|-ability|p2a: Blaziken|Speed Boost|boost
|-boost|p2a: Blaziken|spe|1
|upkeep
|turn|3
|
|t:|1779694246
|move|p2a: Blaziken|Close Combat|p1a: Zapdos
|-resisted|p1a: Zapdos
|-damage|p1a: Zapdos|11/100
|-unboost|p2a: Blaziken|def|1
|-unboost|p2a: Blaziken|spd|1
|move|p1a: Zapdos|Hurricane|p2a: Blaziken
|-supereffective|p2a: Blaziken
|-crit|p2a: Blaziken
|-enditem|p2a: Blaziken|Focus Sash
|-damage|p2a: Blaziken|1/100 par
|
|-ability|p2a: Blaziken|Speed Boost|boost
|-boost|p2a: Blaziken|spe|1
|upkeep
|turn|4
|
|t:|1779694251
|cant|p2a: Blaziken|par
|move|p1a: Zapdos|Volt Switch|p2a: Blaziken
|-damage|p2a: Blaziken|0 fnt
|faint|p2a: Blaziken
|
|t:|1779694259
|switch|p1a: Darkrai|Darkrai|100/100|[from] Volt Switch
|
|upkeep
|
|t:|1779694269
|switch|p2a: Zapdos|Zapdos-Galar|100/100
|turn|5
|
|t:|1779694283
|move|p1a: Darkrai|Thunder Wave|p2a: Zapdos
|-status|p2a: Zapdos|par
|move|p2a: Zapdos|Thunderous Kick|p1a: Darkrai
|-supereffective|p1a: Darkrai
|-damage|p1a: Darkrai|0 fnt
|faint|p1a: Darkrai
|
|upkeep
|
|t:|1779694287
|switch|p1a: Hoopa|Hoopa-Unbound|100/100
|turn|6
|
|t:|1779694291
|move|p1a: Hoopa|Psychic Noise|p2a: Zapdos
|-supereffective|p2a: Zapdos
|-damage|p2a: Zapdos|0 fnt
|faint|p2a: Zapdos
|
|upkeep
|
|t:|1779694298
|switch|p2a: Cinderace|Cinderace, M|100/100
|turn|7
|
|t:|1779694307
|switch|p1a: Great Tusk|Great Tusk|100/100
|move|p2a: Cinderace|U-turn|p1a: Great Tusk
|-start|p2a: Cinderace|typechange|Bug|[from] ability: Libero
|-resisted|p1a: Great Tusk
|-damage|p1a: Great Tusk|89/100
|
|t:|1779694311
|switch|p2a: Suicune|Suicune, shiny|100/100|[from] U-turn
|-ability|p2a: Suicune|Pressure
|
|-heal|p1a: Great Tusk|95/100|[from] item: Leftovers
|upkeep
|turn|8
|
|t:|1779694316
|-end|p1a: Great Tusk|Protosynthesis|[silent]
|switch|p1a: Kyurem|Kyurem|100/100
|-ability|p1a: Kyurem|Pressure
|move|p2a: Suicune|Scald|p1a: Kyurem
|-resisted|p1a: Kyurem
|-damage|p1a: Kyurem|89/100
|-status|p1a: Kyurem|brn
|
|-damage|p1a: Kyurem|83/100 brn|[from] brn
|upkeep
|turn|9
|
|t:|1779694323
|-terastallize|p1a: Kyurem|Ice
|-terastallize|p2a: Suicune|Fairy
|move|p1a: Kyurem|Freeze-Dry|p2a: Suicune
|-damage|p2a: Suicune|43/100
|move|p2a: Suicune|Calm Mind|p2a: Suicune
|-boost|p2a: Suicune|spa|1
|-boost|p2a: Suicune|spd|1
|
|-heal|p2a: Suicune|49/100|[from] item: Leftovers
|-damage|p1a: Kyurem|77/100 brn|[from] brn
|upkeep
|turn|10
|
|t:|1779694333
|move|p1a: Kyurem|Freeze-Dry|p2a: Suicune
|-damage|p2a: Suicune|11/100
|move|p2a: Suicune|Rest|p2a: Suicune
|-status|p2a: Suicune|slp|[from] move: Rest
|-heal|p2a: Suicune|100/100 slp|[silent]
|
|-damage|p1a: Kyurem|71/100 brn|[from] brn
|upkeep
|turn|11
|
|t:|1779694343
|switch|p1a: Hoopa|Hoopa-Unbound|100/100
|cant|p2a: Suicune|slp
|move|p2a: Suicune|Sleep Talk|p2a: Suicune
|move|p2a: Suicune|Rest||[from] move: Sleep Talk|[still]
|-fail|p2a: Suicune
|
|upkeep
|turn|12
|
|t:|1779694349
|move|p1a: Hoopa|Psychic Noise|p2a: Suicune
|-damage|p2a: Suicune|79/100 slp
|-start|p2a: Suicune|move: Heal Block
|cant|p2a: Suicune|slp
|move|p2a: Suicune|Sleep Talk|p2a: Suicune
|cant|p2a: Suicune|move: Heal Block|Rest
|
|upkeep
|turn|13
|
|t:|1779694366
|move|p1a: Hoopa|Psychic Noise|p2a: Suicune
|-damage|p2a: Suicune|60/100 slp
|-curestatus|p2a: Suicune|slp|[msg]
|move|p2a: Suicune|Scald|p1a: Hoopa
|-damage|p1a: Hoopa|76/100
|
|-end|p2a: Suicune|move: Heal Block
|upkeep
|turn|14
|
|t:|1779694373
|move|p1a: Hoopa|Psychic Noise|p2a: Suicune
|-damage|p2a: Suicune|40/100
|-start|p2a: Suicune|move: Heal Block
|move|p2a: Suicune|Scald|p1a: Hoopa
|-damage|p1a: Hoopa|53/100
|
|upkeep
|turn|15
|
|t:|1779694389
|switch|p2a: Cinderace|Cinderace, M|100/100
|move|p1a: Hoopa|Psychic Noise|p2a: Cinderace
|-damage|p2a: Cinderace|42/100
|-start|p2a: Cinderace|move: Heal Block
|
|upkeep
|turn|16
|
|t:|1779694397
|switch|p1a: Zapdos|Zapdos, shiny|11/100
|move|p2a: Cinderace|U-turn|p1a: Zapdos
|-start|p2a: Cinderace|typechange|Bug|[from] ability: Libero
|-resisted|p1a: Zapdos
|-damage|p1a: Zapdos|0 fnt
|faint|p1a: Zapdos
|
|t:|1779694408
|switch|p2a: Zamazenta|Zamazenta|100/100|[from] U-turn
|-ability|p2a: Zamazenta|Dauntless Shield|boost
|-boost|p2a: Zamazenta|def|1
|
|upkeep
|
|t:|1779694418
|switch|p1a: Slowking|Slowking-Galar, M|100/100
|turn|17
|
|t:|1779694421
|move|p2a: Zamazenta|Substitute|p2a: Zamazenta
|-start|p2a: Zamazenta|Substitute
|-damage|p2a: Zamazenta|76/100
|move|p1a: Slowking|Thunder Wave|p2a: Zamazenta|[miss]
|-miss|p1a: Slowking|p2a: Zamazenta
|
|-heal|p2a: Zamazenta|82/100|[from] item: Leftovers
|upkeep
|turn|18
|
|t:|1779694429
|move|p2a: Zamazenta|Crunch|p1a: Slowking
|-supereffective|p1a: Slowking
|-crit|p1a: Slowking
|-enditem|p1a: Slowking|Colbur Berry|[eat]
|-enditem|p1a: Slowking|Colbur Berry|[weaken]
|-damage|p1a: Slowking|70/100
|move|p1a: Slowking|Sludge Bomb|p2a: Zamazenta
|-end|p2a: Zamazenta|Substitute
|
|-heal|p2a: Zamazenta|88/100|[from] item: Leftovers
|upkeep
|turn|19
|
|t:|1779694437
|move|p2a: Zamazenta|Substitute|p2a: Zamazenta
|-start|p2a: Zamazenta|Substitute
|-damage|p2a: Zamazenta|63/100
|move|p1a: Slowking|Sludge Bomb|p2a: Zamazenta
|-activate|p2a: Zamazenta|move: Substitute|[damage]
|
|-heal|p2a: Zamazenta|69/100|[from] item: Leftovers
|upkeep
|turn|20
|
|t:|1779694440
|move|p2a: Zamazenta|Crunch|p1a: Slowking
|-supereffective|p1a: Slowking
|-crit|p1a: Slowking
|-damage|p1a: Slowking|6/100
|move|p1a: Slowking|Future Sight|p2a: Zamazenta
|-start|p1a: Slowking|move: Future Sight
|
|-heal|p2a: Zamazenta|76/100|[from] item: Leftovers
|upkeep
|turn|21
|
|t:|1779694447
|switch|p1a: Hoopa|Hoopa-Unbound|53/100
|move|p2a: Zamazenta|Body Press|p1a: Hoopa
|-damage|p1a: Hoopa|0 fnt
|faint|p1a: Hoopa
|
|-heal|p2a: Zamazenta|82/100|[from] item: Leftovers
|upkeep
|-message|yoki forfeited.
|
|win|hueehuuuek
|raw|yoki's rating: 1464 &rarr; <strong>1442</strong><br />(-22 for losing)
|raw|hueehuuuek's rating: 1426 &rarr; <strong>1448</strong><br />(+22 for winning)
|l|☆yoki
|player|p1|
