|j|☆TrainerElwin
|j|☆gamerofepicnes
|inactive|Battle timer is ON: inactive players will automatically lose when time's up.
|t:|1779579338
|gametype|singles
|player|p1|TrainerElwin|ghetsis-gen5bw|
|player|p2|gamerofepicnes|169|
|gen|9
|tier|[Gen 9] OU
|rated|Tournament battle
|rule|HP Percentage Mod: HP is shown in percentages
|rule|Endless Battle Clause: Forcing endless battles is banned
|rule|Species Clause: Limit one of each Pokémon
|rule|OHKO Clause: OHKO moves are banned
|rule|Evasion Items Clause: Evasion items are banned
|rule|Evasion Moves Clause: Evasion moves are banned
|rule|Evasion Abilities Clause: Evasion abilities are banned
|rule|Sleep Moves Clause: Sleep-inducing moves are banned
|raw|<div class="infobox"><details class="readmore"><summary><strong>15 custom rules:</strong></summary> -burmy, -caterpie, -combee, -kricketot, -magikarp, -scatterbug, -sunkern, -tynamo, -typenull, -weedle, -wurmple, -cosmog, -blipbug, -snom, -wynaut</details></div>
|clearpoke
|poke|p1|Vullaby, F|
|poke|p1|Meowscarada, F|
|poke|p1|Drizzile, M|
|poke|p2|Dunsparce, F|
|poke|p2|Cinccino, M|
|poke|p2|Hatterene, F|
|teampreview
|j|*Lady Monita 
|
|t:|1779579353
|teamsize|p1|3
|teamsize|p2|3
|start
|switch|p1a: Meowscarada|Meowscarada, F|100/100
|switch|p2a: Hatterene|Hatterene, F|100/100
|turn|1
|j| imsocooltbh
|l| imsocooltbh
|
|t:|1779579377
|move|p1a: Meowscarada|U-turn|p2a: Hatterene
|-start|p1a: Meowscarada|typechange|Bug|[from] ability: Protean
|-damage|p2a: Hatterene|65/100
|j| Flari64
|
|t:|1779579382
|switch|p1a: Drizzile|Drizzile, M, shiny|100/100|[from] U-turn
|move|p2a: Hatterene|Draining Kiss|p1a: Drizzile
|-damage|p1a: Drizzile|38/100
|-heal|p2a: Hatterene|100/100|[from] drain|[of] p1a: Drizzile
|
|upkeep
|turn|2
|j| silver jay#2240
|
|t:|1779579388
|move|p1a: Drizzile|Hydro Pump|p2a: Hatterene
|-damage|p2a: Hatterene|55/100
|move|p2a: Hatterene|Draining Kiss|p1a: Drizzile
|-damage|p1a: Drizzile|0 fnt
|-heal|p2a: Hatterene|79/100|[from] drain|[of] p1a: Drizzile
|faint|p1a: Drizzile
|
|upkeep
|c| silver jay#2240|copycat
|
|t:|1779579409
|switch|p1a: Meowscarada|Meowscarada, F|100/100
|turn|3
|
|t:|1779579417
|-terastallize|p1a: Meowscarada|Grass
|move|p1a: Meowscarada|Flower Trick|p2a: Hatterene
|-crit|p2a: Hatterene
|-damage|p2a: Hatterene|5/100
|move|p2a: Hatterene|Draining Kiss|p1a: Meowscarada
|-damage|p1a: Meowscarada|51/100
|-heal|p2a: Hatterene|39/100|[from] drain|[of] p1a: Meowscarada
|
|upkeep
|turn|4
|
|t:|1779579424
|move|p1a: Meowscarada|Flower Trick|p2a: Hatterene
|-crit|p2a: Hatterene
|-damage|p2a: Hatterene|0 fnt
|faint|p2a: Hatterene
|
|upkeep
|
|t:|1779579434
|switch|p2a: Dunsparce|Dunsparce, F|100/100
|turn|5
|
|t:|1779579437
|move|p1a: Meowscarada|U-turn|p2a: Dunsparce
|-damage|p2a: Dunsparce|90/100
|
|t:|1779579439
|switch|p1a: Vullaby|Vullaby, F, shiny|100/100|[from] U-turn
|move|p2a: Dunsparce|Ice Beam|p1a: Vullaby
|-supereffective|p1a: Vullaby
|-damage|p1a: Vullaby|77/100
|
|upkeep
|turn|6
|
|t:|1779579444
|move|p1a: Vullaby|Toxic|p2a: Dunsparce
|-status|p2a: Dunsparce|tox
|move|p2a: Dunsparce|Calm Mind|p2a: Dunsparce
|-boost|p2a: Dunsparce|spa|1
|-boost|p2a: Dunsparce|spd|1
|
|-damage|p2a: Dunsparce|83/100 tox|[from] psn
|upkeep
|turn|7
|
|t:|1779579451
|move|p1a: Vullaby|Roost|p1a: Vullaby
|-heal|p1a: Vullaby|100/100
|-singleturn|p1a: Vullaby|move: Roost
|move|p2a: Dunsparce|Calm Mind|p2a: Dunsparce
|-boost|p2a: Dunsparce|spa|1
|-boost|p2a: Dunsparce|spd|1
|
|-damage|p2a: Dunsparce|71/100 tox|[from] psn
|upkeep
|turn|8
|
|t:|1779579457
|move|p1a: Vullaby|Foul Play|p2a: Dunsparce
|-damage|p2a: Dunsparce|61/100 tox
|move|p2a: Dunsparce|Calm Mind|p2a: Dunsparce
|-boost|p2a: Dunsparce|spa|1
|-boost|p2a: Dunsparce|spd|1
|
|-damage|p2a: Dunsparce|43/100 tox|[from] psn
|upkeep
|turn|9
|inactive|TrainerElwin has 120 seconds left.
|
|t:|1779579506
|move|p1a: Vullaby|Foul Play|p2a: Dunsparce
|-damage|p2a: Dunsparce|34/100 tox
|move|p2a: Dunsparce|Ice Beam|p1a: Vullaby
|-supereffective|p1a: Vullaby
|-damage|p1a: Vullaby|41/100
|
|-damage|p2a: Dunsparce|9/100 tox|[from] psn
|upkeep
|turn|10
|
|t:|1779579511
|move|p1a: Vullaby|Roost|p1a: Vullaby
|-heal|p1a: Vullaby|91/100
|-singleturn|p1a: Vullaby|move: Roost
|move|p2a: Dunsparce|Ice Beam|p1a: Vullaby
|-damage|p1a: Vullaby|63/100
|-status|p1a: Vullaby|frz
|
|-damage|p2a: Dunsparce|0 fnt|[from] psn
|faint|p2a: Dunsparce
|upkeep
|
|t:|1779579515
|switch|p2a: Cinccino|Cinccino, M|100/100
|turn|11
|inactive|TrainerElwin has 120 seconds left.
|
|t:|1779579526
|move|p2a: Cinccino|Triple Axel|p1a: Vullaby
|-supereffective|p1a: Vullaby
|-damage|p1a: Vullaby|52/100 frz
|-supereffective|p1a: Vullaby
|-damage|p1a: Vullaby|29/100 frz
|-supereffective|p1a: Vullaby
|-damage|p1a: Vullaby|0 fnt
|faint|p1a: Vullaby
|-hitcount|p1: Vullaby|3
|
|upkeep
|inactive|TrainerElwin has 120 seconds left.
|
|t:|1779579534
|switch|p1a: Meowscarada|Meowscarada, F, tera:Grass|51/100
|turn|12
|
|t:|1779579538
|-terastallize|p2a: Cinccino|Ghost
|move|p1a: Meowscarada|Flower Trick|p2a: Cinccino
|-crit|p2a: Cinccino
|-damage|p2a: Cinccino|3/100
|move|p2a: Cinccino|Triple Axel|p1a: Meowscarada
|-supereffective|p1a: Meowscarada
|-damage|p1a: Meowscarada|24/100
|-supereffective|p1a: Meowscarada
|-damage|p1a: Meowscarada|0 fnt
|faint|p1a: Meowscarada
|-hitcount|p1: Meowscarada|2
|
|win|gamerofepicnes
|n|☆TrainerElwin|trainerelwin
|n|☆gamerofepicnes|gamerofepicnes
|n|*Lady Monita |ladymonita
|n| Flari64|flari64
|n| silver jay#2240|silverjay2240
