|inactive|Battle timer is ON: inactive players will automatically lose when time's up.
|t:|1779569179
|gametype|singles
|player|p1|Sinceresarje|morty|
|player|p2|LegitlyIzOP|lucas|
|gen|9
|tier|[Gen 9] OU
|rule|HP Percentage Mod: HP is shown in percentages
|rule|Endless Battle Clause: Forcing endless battles is banned
|rule|Species Clause: Limit one of each Pokémon
|rule|OHKO Clause: OHKO moves are banned
|rule|Evasion Items Clause: Evasion items are banned
|rule|Evasion Moves Clause: Evasion moves are banned
|rule|Evasion Abilities Clause: Evasion abilities are banned
|rule|Sleep Moves Clause: Sleep-inducing moves are banned
|clearpoke
|poke|p1|Dragonite, F|
|poke|p1|Gholdengo|
|poke|p1|Iron Crown|
|poke|p1|Glimmora, M|
|poke|p1|Ting-Lu|
|poke|p1|Ogerpon-Wellspring, F|
|poke|p2|Garganacl, M|
|poke|p2|Gliscor, M|
|poke|p2|Iron Valiant|
|poke|p2|Iron Moth|
|poke|p2|Corviknight, F|
|poke|p2|Kyurem|
|teampreview
|c|☆LegitlyIzOP|hf
|c|☆Sinceresarje|U2
|inactive|Sinceresarje has 270 seconds left.
|
|t:|1779569215
|teamsize|p1|6
|teamsize|p2|6
|start
|switch|p1a: Ogerpon|Ogerpon-Wellspring, F|100/100
|switch|p2a: Kyurem|Kyurem|100/100
|-ability|p2a: Kyurem|Pressure
|turn|1
|inactive|LegitlyIzOP has 270 seconds left.
|
|t:|1779569259
|move|p1a: Ogerpon|U-turn|p2a: Kyurem
|-damage|p2a: Kyurem|80/100
|
|t:|1779569267
|switch|p1a: Gholdengo|Gholdengo|100/100|[from] U-turn
|move|p2a: Kyurem|Freeze-Dry|p1a: Gholdengo
|-resisted|p1a: Gholdengo
|-damage|p1a: Gholdengo|81/100
|
|upkeep
|turn|2
|inactive|LegitlyIzOP has 270 seconds left.
|
|t:|1779569283
|switch|p2a: Gliscor|Gliscor, M|100/100
|switch|p1a: Ting-Lu|Ting-Lu|100/100
|-ability|p1a: Ting-Lu|Vessel of Ruin
|
|-status|p2a: Gliscor|tox|[from] item: Toxic Orb
|upkeep
|turn|3
|
|t:|1779569288
|switch|p2a: Corviknight|Corviknight, F|100/100
|-ability|p2a: Corviknight|Pressure
|move|p1a: Ting-Lu|Spikes|p2a: Corviknight
|-sidestart|p2: LegitlyIzOP|Spikes
|
|upkeep
|turn|4
|
|t:|1779569293
|move|p2a: Corviknight|Defog|p1a: Ting-Lu
|-unboost|p1a: Ting-Lu|evasion|1
|-sideend|p2: LegitlyIzOP|Spikes|[from] move: Defog|[of] p2a: Corviknight
|move|p1a: Ting-Lu|Spikes|p2a: Corviknight
|-sidestart|p2: LegitlyIzOP|Spikes
|
|upkeep
|turn|5
|
|t:|1779569296
|move|p2a: Corviknight|Defog|p1a: Ting-Lu
|-unboost|p1a: Ting-Lu|evasion|1
|-sideend|p2: LegitlyIzOP|Spikes|[from] move: Defog|[of] p2a: Corviknight
|move|p1a: Ting-Lu|Spikes|p2a: Corviknight
|-sidestart|p2: LegitlyIzOP|Spikes
|
|upkeep
|turn|6
|
|t:|1779569298
|move|p2a: Corviknight|Body Press|p1a: Ting-Lu
|-supereffective|p1a: Ting-Lu
|-damage|p1a: Ting-Lu|72/100
|-damage|p2a: Corviknight|84/100|[from] item: Rocky Helmet|[of] p1a: Ting-Lu
|move|p1a: Ting-Lu|Spikes|p2a: Corviknight
|-sidestart|p2: LegitlyIzOP|Spikes
|
|upkeep
|turn|7
|
|t:|1779569305
|switch|p1a: Gholdengo|Gholdengo|81/100
|move|p2a: Corviknight|Defog|p1a: Gholdengo
|-immune|p1a: Gholdengo|[from] ability: Good as Gold
|
|upkeep
|turn|8
|
|t:|1779569315
|switch|p2a: Gliscor|Gliscor, M|100/100 tox
|move|p1a: Gholdengo|Hex|p2a: Gliscor
|-damage|p2a: Gliscor|29/100 tox
|
|-heal|p2a: Gliscor|42/100 tox|[from] ability: Poison Heal
|upkeep
|turn|9
|
|t:|1779569323
|move|p2a: Gliscor|Protect|p2a: Gliscor
|-singleturn|p2a: Gliscor|Protect
|move|p1a: Gholdengo|Recover|p1a: Gholdengo
|-heal|p1a: Gholdengo|100/100
|
|-heal|p2a: Gliscor|54/100 tox|[from] ability: Poison Heal
|upkeep
|turn|10
|inactive|LegitlyIzOP has 270 seconds left.
|
|t:|1779569372
|switch|p2a: Corviknight|Corviknight, F|84/100
|-ability|p2a: Corviknight|Pressure
|move|p1a: Gholdengo|Thunder Wave|p2a: Corviknight
|-status|p2a: Corviknight|par
|
|upkeep
|turn|11
|
|t:|1779569380
|move|p1a: Gholdengo|Hex|p2a: Corviknight
|-damage|p2a: Corviknight|19/100 par
|move|p2a: Corviknight|Roost|p2a: Corviknight
|-heal|p2a: Corviknight|69/100 par
|-singleturn|p2a: Corviknight|move: Roost
|
|upkeep
|turn|12
|inactive|LegitlyIzOP has 270 seconds left.
|
|t:|1779569391
|switch|p2a: Garganacl|Garganacl, M|100/100
|-damage|p2a: Garganacl|84/100|[from] Spikes
|move|p1a: Gholdengo|Hex|p2a: Garganacl
|-damage|p2a: Garganacl|75/100
|
|-heal|p2a: Garganacl|81/100|[from] item: Leftovers
|upkeep
|turn|13
|
|t:|1779569399
|switch|p1a: Glimmora|Glimmora, M|100/100
|move|p2a: Garganacl|Protect||[still]
|-fail|p2a: Garganacl
|
|-heal|p2a: Garganacl|87/100|[from] item: Leftovers
|upkeep
|turn|14
|inactive|LegitlyIzOP has 270 seconds left.
|
|t:|1779569416
|switch|p2a: Gliscor|Gliscor, M|54/100 tox
|move|p1a: Glimmora|Stealth Rock|p2a: Gliscor
|-sidestart|p2: LegitlyIzOP|move: Stealth Rock
|
|-heal|p2a: Gliscor|67/100 tox|[from] ability: Poison Heal
|upkeep
|turn|15
|
|t:|1779569423
|move|p2a: Gliscor|Earthquake|p1a: Glimmora
|-supereffective|p1a: Glimmora
|-damage|p1a: Glimmora|0 fnt
|-activate|p1a: Glimmora|ability: Toxic Debris
|-sidestart|p2: LegitlyIzOP|move: Toxic Spikes
|faint|p1a: Glimmora
|
|-heal|p2a: Gliscor|79/100 tox|[from] ability: Poison Heal
|upkeep
|
|t:|1779569427
|switch|p1a: Ogerpon|Ogerpon-Wellspring, F|100/100
|turn|16
|
|t:|1779569438
|move|p2a: Gliscor|Protect|p2a: Gliscor
|-singleturn|p2a: Gliscor|Protect
|move|p1a: Ogerpon|Swords Dance|p1a: Ogerpon
|-boost|p1a: Ogerpon|atk|2
|
|-heal|p2a: Gliscor|92/100 tox|[from] ability: Poison Heal
|upkeep
|turn|17
|
|t:|1779569449
|switch|p2a: Corviknight|Corviknight, F|69/100 par
|-damage|p2a: Corviknight|57/100 par|[from] Stealth Rock
|-ability|p2a: Corviknight|Pressure
|move|p1a: Ogerpon|Horn Leech|p2a: Corviknight
|-resisted|p2a: Corviknight
|-damage|p2a: Corviknight|41/100 par
|-damage|p1a: Ogerpon|84/100|[from] item: Rocky Helmet|[of] p2a: Corviknight
|
|upkeep
|turn|18
|
|t:|1779569453
|move|p1a: Ogerpon|Ivy Cudgel|p2a: Corviknight|[anim] Ivy Cudgel Water
|-damage|p2a: Corviknight|0 fnt
|faint|p2a: Corviknight
|
|upkeep
|
|t:|1779569456
|switch|p2a: Kyurem|Kyurem|80/100
|-ability|p2a: Kyurem|Pressure
|turn|19
|
|t:|1779569467
|move|p1a: Ogerpon|U-turn|p2a: Kyurem
|-damage|p2a: Kyurem|36/100
|
|t:|1779569470
|switch|p1a: Ting-Lu|Ting-Lu|72/100|[from] U-turn
|-ability|p1a: Ting-Lu|Vessel of Ruin
|move|p2a: Kyurem|Earth Power|p1a: Ting-Lu
|-damage|p1a: Ting-Lu|59/100
|
|upkeep
|turn|20
|
|t:|1779569481
|move|p2a: Kyurem|Ice Beam|p1a: Ting-Lu
|-supereffective|p1a: Ting-Lu
|-damage|p1a: Ting-Lu|22/100
|move|p1a: Ting-Lu|Whirlwind|p2a: Kyurem
|drag|p2a: Iron Moth|Iron Moth|100/100
|-damage|p2a: Iron Moth|84/100|[from] Spikes
|-damage|p2a: Iron Moth|59/100|[from] Stealth Rock
|-sideend|p2: LegitlyIzOP|move: Toxic Spikes|[of] p2a: Iron Moth
|-enditem|p2a: Iron Moth|Booster Energy
|-activate|p2a: Iron Moth|ability: Quark Drive|[fromitem]
|-start|p2a: Iron Moth|quarkdrivespe
|
|upkeep
|turn|21
|
|t:|1779569488
|move|p2a: Iron Moth|Dazzling Gleam|p1a: Ting-Lu
|-supereffective|p1a: Ting-Lu
|-damage|p1a: Ting-Lu|0 fnt
|faint|p1a: Ting-Lu
|
|upkeep
|
|t:|1779569493
|switch|p1a: Dragonite|Dragonite, F|100/100
|turn|22
|
|t:|1779569497
|move|p2a: Iron Moth|Sludge Wave|p1a: Dragonite
|-damage|p1a: Dragonite|78/100
|move|p1a: Dragonite|Dragon Tail|p2a: Iron Moth
|-damage|p2a: Iron Moth|7/100
|-end|p2a: Iron Moth|Quark Drive|[silent]
|drag|p2a: Gliscor|Gliscor, M|92/100 tox
|-damage|p2a: Gliscor|79/100 tox|[from] Stealth Rock
|
|-heal|p2a: Gliscor|92/100 tox|[from] ability: Poison Heal
|upkeep
|turn|23
|
|t:|1779569524
|switch|p1a: Gholdengo|Gholdengo|100/100
|move|p2a: Gliscor|Facade|p1a: Gholdengo
|-immune|p1a: Gholdengo
|
|-heal|p2a: Gliscor|100/100 tox|[from] ability: Poison Heal
|upkeep
|turn|24
|
|t:|1779569535
|move|p2a: Gliscor|Earthquake|p1a: Gholdengo
|-supereffective|p1a: Gholdengo
|-damage|p1a: Gholdengo|53/100
|move|p1a: Gholdengo|Hex|p2a: Gliscor
|-damage|p2a: Gliscor|32/100 tox
|
|-heal|p2a: Gliscor|45/100 tox|[from] ability: Poison Heal
|upkeep
|turn|25
|
|t:|1779569543
|move|p2a: Gliscor|Swords Dance|p2a: Gliscor
|-boost|p2a: Gliscor|atk|2
|move|p1a: Gholdengo|Recover|p1a: Gholdengo
|-heal|p1a: Gholdengo|100/100
|
|-heal|p2a: Gliscor|57/100 tox|[from] ability: Poison Heal
|upkeep
|turn|26
|
|t:|1779569550
|-terastallize|p1a: Gholdengo|Flying
|move|p2a: Gliscor|Protect|p2a: Gliscor
|-singleturn|p2a: Gliscor|Protect
|move|p1a: Gholdengo|Hex|p2a: Gliscor
|-activate|p2a: Gliscor|move: Protect
|
|-heal|p2a: Gliscor|70/100 tox|[from] ability: Poison Heal
|upkeep
|turn|27
|
|t:|1779569567
|switch|p2a: Kyurem|Kyurem|36/100
|-ability|p2a: Kyurem|Pressure
|move|p1a: Gholdengo|Hex|p2a: Kyurem
|-damage|p2a: Kyurem|8/100
|
|upkeep
|turn|28
|
|t:|1779569593
|switch|p1a: Iron Crown|Iron Crown|100/100
|-enditem|p1a: Iron Crown|Booster Energy
|-activate|p1a: Iron Crown|ability: Quark Drive|[fromitem]
|-start|p1a: Iron Crown|quarkdrivespe
|move|p2a: Kyurem|Ice Beam|p1a: Iron Crown
|-resisted|p1a: Iron Crown
|-damage|p1a: Iron Crown|80/100
|
|upkeep
|turn|29
|
|t:|1779569605
|move|p1a: Iron Crown|Tachyon Cutter|p2a: Kyurem
|-supereffective|p2a: Kyurem
|-crit|p2a: Kyurem
|-damage|p2a: Kyurem|0 fnt
|faint|p2a: Kyurem
|-hitcount|p2: Kyurem|1
|
|upkeep
|inactive|LegitlyIzOP has 270 seconds left.
|
|t:|1779569634
|switch|p2a: Iron Valiant|Iron Valiant|100/100
|-damage|p2a: Iron Valiant|84/100|[from] Spikes
|-damage|p2a: Iron Valiant|78/100|[from] Stealth Rock
|turn|30
|
|t:|1779569645
|move|p1a: Iron Crown|Tachyon Cutter|p2a: Iron Valiant
|-supereffective|p2a: Iron Valiant
|-damage|p2a: Iron Valiant|0 fnt
|faint|p2a: Iron Valiant
|-end|p2a: Iron Valiant|Quark Drive|[silent]
|-hitcount|p2: Iron Valiant|1
|
|upkeep
|inactive|LegitlyIzOP has 270 seconds left.
|
|t:|1779569665
|switch|p2a: Garganacl|Garganacl, M|87/100
|-damage|p2a: Garganacl|71/100|[from] Spikes
|-damage|p2a: Garganacl|58/100|[from] Stealth Rock
|turn|31
|inactive|LegitlyIzOP has 270 seconds left.
|
|t:|1779569671
|-terastallize|p2a: Garganacl|Water
|move|p1a: Iron Crown|Calm Mind|p1a: Iron Crown
|-boost|p1a: Iron Crown|spa|1
|-boost|p1a: Iron Crown|spd|1
|move|p2a: Garganacl|Recover|p2a: Garganacl
|-heal|p2a: Garganacl|100/100
|
|upkeep
|turn|32
|
|t:|1779569676
|move|p1a: Iron Crown|Psyshock|p2a: Garganacl
|-damage|p2a: Garganacl|63/100
|move|p2a: Garganacl|Salt Cure|p1a: Iron Crown
|-resisted|p1a: Iron Crown
|-damage|p1a: Iron Crown|73/100
|-start|p1a: Iron Crown|Salt Cure
|
|-heal|p2a: Garganacl|69/100|[from] item: Leftovers
|-damage|p1a: Iron Crown|48/100|[from] Salt Cure
|upkeep
|turn|33
|
|t:|1779569686
|move|p1a: Iron Crown|Calm Mind|p1a: Iron Crown
|-boost|p1a: Iron Crown|spa|1
|-boost|p1a: Iron Crown|spd|1
|move|p2a: Garganacl|Recover|p2a: Garganacl
|-heal|p2a: Garganacl|100/100
|
|-damage|p1a: Iron Crown|23/100|[from] Salt Cure
|upkeep
|turn|34
|
|t:|1779569692
|move|p2a: Garganacl|Protect|p2a: Garganacl
|-singleturn|p2a: Garganacl|Protect
|move|p1a: Iron Crown|Psyshock|p2a: Garganacl
|-activate|p2a: Garganacl|move: Protect
|
|-damage|p1a: Iron Crown|0 fnt|[from] Salt Cure
|faint|p1a: Iron Crown
|-end|p1a: Iron Crown|Quark Drive|[silent]
|upkeep
|
|t:|1779569696
|switch|p1a: Ogerpon|Ogerpon-Wellspring, F|84/100
|turn|35
|
|t:|1779569712
|move|p1a: Ogerpon|Horn Leech|p2a: Garganacl
|-supereffective|p2a: Garganacl
|-damage|p2a: Garganacl|47/100
|-heal|p1a: Ogerpon|100/100|[from] drain|[of] p2a: Garganacl
|move|p2a: Garganacl|Salt Cure|p1a: Ogerpon
|-damage|p1a: Ogerpon|81/100
|-start|p1a: Ogerpon|Salt Cure
|
|-heal|p2a: Garganacl|53/100|[from] item: Leftovers
|-damage|p1a: Ogerpon|56/100|[from] Salt Cure
|upkeep
|turn|36
|
|t:|1779569720
|move|p2a: Garganacl|Protect|p2a: Garganacl
|-singleturn|p2a: Garganacl|Protect
|move|p1a: Ogerpon|Swords Dance|p1a: Ogerpon
|-boost|p1a: Ogerpon|atk|2
|
|-heal|p2a: Garganacl|59/100|[from] item: Leftovers
|-damage|p1a: Ogerpon|31/100|[from] Salt Cure
|upkeep
|turn|37
|
|t:|1779569724
|switch|p2a: Iron Moth|Iron Moth|7/100
|-damage|p2a: Iron Moth|0 fnt|[from] Spikes
|faint|p2a: Iron Moth
|-end|p2a: Iron Moth|Quark Drive|[silent]
|move|p1a: Ogerpon|Horn Leech|p2: Iron Moth|[notarget]
|-fail|p1a: Ogerpon
|
|-damage|p1a: Ogerpon|6/100|[from] Salt Cure
|upkeep
|
|t:|1779569726
|switch|p2a: Gliscor|Gliscor, M|70/100 tox
|-damage|p2a: Gliscor|57/100 tox|[from] Stealth Rock
|turn|38
|
|t:|1779569732
|switch|p1a: Gholdengo|Gholdengo, tera:Flying|100/100
|move|p2a: Gliscor|Swords Dance|p2a: Gliscor
|-boost|p2a: Gliscor|atk|2
|
|-heal|p2a: Gliscor|70/100 tox|[from] ability: Poison Heal
|upkeep
|turn|39
|
|t:|1779569738
|move|p2a: Gliscor|Protect|p2a: Gliscor
|-singleturn|p2a: Gliscor|Protect
|move|p1a: Gholdengo|Hex|p2a: Gliscor
|-activate|p2a: Gliscor|move: Protect
|
|-heal|p2a: Gliscor|82/100 tox|[from] ability: Poison Heal
|upkeep
|turn|40
|
|t:|1779569743
|move|p2a: Gliscor|Facade|p1a: Gholdengo
|-damage|p1a: Gholdengo|51/100
|move|p1a: Gholdengo|Hex|p2a: Gliscor
|-damage|p2a: Gliscor|12/100 tox
|
|-heal|p2a: Gliscor|24/100 tox|[from] ability: Poison Heal
|upkeep
|turn|41
|
|t:|1779569750
|move|p2a: Gliscor|Facade|p1a: Gholdengo
|-damage|p1a: Gholdengo|2/100
|move|p1a: Gholdengo|Recover|p1a: Gholdengo
|-heal|p1a: Gholdengo|52/100
|
|-heal|p2a: Gliscor|37/100 tox|[from] ability: Poison Heal
|upkeep
|turn|42
|
|t:|1779569759
|move|p2a: Gliscor|Facade|p1a: Gholdengo
|-damage|p1a: Gholdengo|3/100
|move|p1a: Gholdengo|Recover|p1a: Gholdengo
|-heal|p1a: Gholdengo|53/100
|
|-heal|p2a: Gliscor|49/100 tox|[from] ability: Poison Heal
|upkeep
|turn|43
|
|t:|1779569768
|move|p2a: Gliscor|Protect|p2a: Gliscor
|-singleturn|p2a: Gliscor|Protect
|move|p1a: Gholdengo|Recover|p1a: Gholdengo
|-heal|p1a: Gholdengo|100/100
|
|-heal|p2a: Gliscor|62/100 tox|[from] ability: Poison Heal
|upkeep
|turn|44
|
|t:|1779569771
|move|p2a: Gliscor|Facade|p1a: Gholdengo
|-damage|p1a: Gholdengo|53/100
|move|p1a: Gholdengo|Hex|p2a: Gliscor
|-damage|p2a: Gliscor|0 fnt
|faint|p2a: Gliscor
|
|upkeep
|
|t:|1779569774
|switch|p2a: Garganacl|Garganacl, M, tera:Water|59/100
|-damage|p2a: Garganacl|42/100|[from] Spikes
|-damage|p2a: Garganacl|30/100|[from] Stealth Rock
|turn|45
|
|t:|1779569780
|switch|p1a: Ogerpon|Ogerpon-Wellspring, F|6/100
|move|p2a: Garganacl|Recover|p2a: Garganacl
|-heal|p2a: Garganacl|80/100
|
|-heal|p2a: Garganacl|86/100|[from] item: Leftovers
|upkeep
|turn|46
|
|t:|1779569785
|move|p1a: Ogerpon|Horn Leech|p2a: Garganacl
|-supereffective|p2a: Garganacl
|-damage|p2a: Garganacl|31/100
|-heal|p1a: Ogerpon|43/100|[from] drain|[of] p2a: Garganacl
|move|p2a: Garganacl|Salt Cure|p1a: Ogerpon
|-damage|p1a: Ogerpon|23/100
|-start|p1a: Ogerpon|Salt Cure
|
|-heal|p2a: Garganacl|37/100|[from] item: Leftovers
|-damage|p1a: Ogerpon|0 fnt|[from] Salt Cure
|faint|p1a: Ogerpon
|upkeep
|
|t:|1779569795
|switch|p1a: Dragonite|Dragonite, F|78/100
|turn|47
|
|t:|1779569800
|move|p1a: Dragonite|Low Kick|p2a: Garganacl
|-damage|p2a: Garganacl|6/100
|move|p2a: Garganacl|Recover|p2a: Garganacl
|-heal|p2a: Garganacl|56/100
|
|-heal|p2a: Garganacl|62/100|[from] item: Leftovers
|upkeep
|turn|48
|
|t:|1779569812
|switch|p1a: Gholdengo|Gholdengo, tera:Flying|53/100
|move|p2a: Garganacl|Recover|p2a: Garganacl
|-heal|p2a: Garganacl|100/100
|
|upkeep
|turn|49
|
|t:|1779569817
|move|p1a: Gholdengo|Recover|p1a: Gholdengo
|-heal|p1a: Gholdengo|100/100
|move|p2a: Garganacl|Salt Cure|p1a: Gholdengo
|-supereffective|p1a: Gholdengo
|-damage|p1a: Gholdengo|81/100
|-start|p1a: Gholdengo|Salt Cure
|
|-damage|p1a: Gholdengo|69/100|[from] Salt Cure
|upkeep
|turn|50
|
|t:|1779569821
|switch|p1a: Dragonite|Dragonite, F|78/100
|move|p2a: Garganacl|Protect||[still]
|-fail|p2a: Garganacl
|
|upkeep
|turn|51
|
|t:|1779569833
|switch|p1a: Gholdengo|Gholdengo, tera:Flying|69/100
|move|p2a: Garganacl|Stealth Rock|p1a: Gholdengo
|-sidestart|p1: Sinceresarje|move: Stealth Rock
|
|upkeep
|turn|52
|
|t:|1779569841
|move|p1a: Gholdengo|Focus Blast|p2a: Garganacl|[miss]
|-miss|p1a: Gholdengo|p2a: Garganacl
|move|p2a: Garganacl|Salt Cure|p1a: Gholdengo
|-supereffective|p1a: Gholdengo
|-damage|p1a: Gholdengo|48/100
|-start|p1a: Gholdengo|Salt Cure
|
|-damage|p1a: Gholdengo|35/100|[from] Salt Cure
|upkeep
|turn|53
|
|t:|1779569844
|move|p1a: Gholdengo|Recover|p1a: Gholdengo
|-heal|p1a: Gholdengo|85/100
|move|p2a: Garganacl|Salt Cure|p1a: Gholdengo
|-supereffective|p1a: Gholdengo
|-damage|p1a: Gholdengo|64/100
|
|-damage|p1a: Gholdengo|52/100|[from] Salt Cure
|upkeep
|turn|54
|
|t:|1779569853
|move|p1a: Gholdengo|Hex|p2a: Garganacl
|-damage|p2a: Garganacl|91/100
|move|p2a: Garganacl|Salt Cure|p1a: Gholdengo
|-supereffective|p1a: Gholdengo
|-damage|p1a: Gholdengo|34/100
|
|-heal|p2a: Garganacl|98/100|[from] item: Leftovers
|-damage|p1a: Gholdengo|21/100|[from] Salt Cure
|upkeep
|turn|55
|
|t:|1779569858
|move|p1a: Gholdengo|Recover|p1a: Gholdengo
|-heal|p1a: Gholdengo|71/100
|move|p2a: Garganacl|Salt Cure|p1a: Gholdengo
|-supereffective|p1a: Gholdengo
|-damage|p1a: Gholdengo|53/100
|
|-heal|p2a: Garganacl|100/100|[from] item: Leftovers
|-damage|p1a: Gholdengo|41/100|[from] Salt Cure
|upkeep
|turn|56
|
|t:|1779569865
|move|p1a: Gholdengo|Focus Blast|p2a: Garganacl|[miss]
|-miss|p1a: Gholdengo|p2a: Garganacl
|move|p2a: Garganacl|Salt Cure|p1a: Gholdengo
|-supereffective|p1a: Gholdengo
|-damage|p1a: Gholdengo|20/100
|
|-damage|p1a: Gholdengo|8/100|[from] Salt Cure
|upkeep
|turn|57
|
|t:|1779569875
|move|p2a: Garganacl|Protect|p2a: Garganacl
|-singleturn|p2a: Garganacl|Protect
|move|p1a: Gholdengo|Focus Blast|p2a: Garganacl
|-activate|p2a: Garganacl|move: Protect
|
|-damage|p1a: Gholdengo|0 fnt|[from] Salt Cure
|faint|p1a: Gholdengo
|upkeep
|
|t:|1779569880
|switch|p1a: Dragonite|Dragonite, F|78/100
|turn|58
|
|t:|1779569885
|move|p1a: Dragonite|Low Kick|p2a: Garganacl
|-damage|p2a: Garganacl|72/100
|move|p2a: Garganacl|Salt Cure|p1a: Dragonite
|-supereffective|p1a: Dragonite
|-damage|p1a: Dragonite|51/100
|-start|p1a: Dragonite|Salt Cure
|
|-heal|p2a: Garganacl|78/100|[from] item: Leftovers
|-damage|p1a: Dragonite|39/100|[from] Salt Cure
|upkeep
|turn|59
|
|t:|1779569890
|move|p2a: Garganacl|Protect|p2a: Garganacl
|-singleturn|p2a: Garganacl|Protect
|move|p1a: Dragonite|Roost|p1a: Dragonite
|-heal|p1a: Dragonite|89/100
|-singleturn|p1a: Dragonite|move: Roost
|
|-heal|p2a: Garganacl|84/100|[from] item: Leftovers
|-damage|p1a: Dragonite|76/100|[from] Salt Cure
|upkeep
|turn|60
|
|t:|1779569895
|move|p1a: Dragonite|Low Kick|p2a: Garganacl
|-damage|p2a: Garganacl|56/100
|move|p2a: Garganacl|Salt Cure|p1a: Dragonite
|-supereffective|p1a: Dragonite
|-damage|p1a: Dragonite|52/100
|
|-heal|p2a: Garganacl|63/100|[from] item: Leftovers
|-damage|p1a: Dragonite|40/100|[from] Salt Cure
|upkeep
|turn|61
|
|t:|1779569901
|move|p1a: Dragonite|Roost|p1a: Dragonite
|-heal|p1a: Dragonite|90/100
|-singleturn|p1a: Dragonite|move: Roost
|move|p2a: Garganacl|Salt Cure|p1a: Dragonite
|-damage|p1a: Dragonite|78/100
|
|-heal|p2a: Garganacl|69/100|[from] item: Leftovers
|-damage|p1a: Dragonite|66/100|[from] Salt Cure
|upkeep
|turn|62
|
|t:|1779569904
|move|p1a: Dragonite|Low Kick|p2a: Garganacl
|-damage|p2a: Garganacl|37/100
|move|p2a: Garganacl|Salt Cure|p1a: Dragonite
|-supereffective|p1a: Dragonite
|-damage|p1a: Dragonite|40/100
|
|-heal|p2a: Garganacl|43/100|[from] item: Leftovers
|-damage|p1a: Dragonite|28/100|[from] Salt Cure
|upkeep
|turn|63
|
|t:|1779569908
|move|p1a: Dragonite|Roost|p1a: Dragonite
|-heal|p1a: Dragonite|78/100
|-singleturn|p1a: Dragonite|move: Roost
|move|p2a: Garganacl|Recover|p2a: Garganacl
|-heal|p2a: Garganacl|93/100
|
|-heal|p2a: Garganacl|99/100|[from] item: Leftovers
|-damage|p1a: Dragonite|65/100|[from] Salt Cure
|upkeep
|turn|64
|
|t:|1779569911
|move|p1a: Dragonite|Low Kick|p2a: Garganacl
|-damage|p2a: Garganacl|69/100
|move|p2a: Garganacl|Salt Cure|p1a: Dragonite
|-supereffective|p1a: Dragonite
|-damage|p1a: Dragonite|39/100
|
|-heal|p2a: Garganacl|75/100|[from] item: Leftovers
|-damage|p1a: Dragonite|26/100|[from] Salt Cure
|upkeep
|turn|65
|
|t:|1779569921
|move|p1a: Dragonite|Roost|p1a: Dragonite
|-heal|p1a: Dragonite|77/100
|-singleturn|p1a: Dragonite|move: Roost
|move|p2a: Garganacl|Salt Cure|p1a: Dragonite
|-damage|p1a: Dragonite|65/100
|
|-heal|p2a: Garganacl|81/100|[from] item: Leftovers
|-damage|p1a: Dragonite|52/100|[from] Salt Cure
|upkeep
|turn|66
|
|t:|1779569933
|move|p2a: Garganacl|Protect|p2a: Garganacl
|-singleturn|p2a: Garganacl|Protect
|move|p1a: Dragonite|Low Kick|p2a: Garganacl
|-activate|p2a: Garganacl|move: Protect
|
|-heal|p2a: Garganacl|87/100|[from] item: Leftovers
|-damage|p1a: Dragonite|40/100|[from] Salt Cure
|upkeep
|turn|67
|
|t:|1779569938
|move|p1a: Dragonite|Low Kick|p2a: Garganacl
|-damage|p2a: Garganacl|56/100
|move|p2a: Garganacl|Salt Cure|p1a: Dragonite
|-supereffective|p1a: Dragonite
|-damage|p1a: Dragonite|17/100
|
|-heal|p2a: Garganacl|62/100|[from] item: Leftovers
|-damage|p1a: Dragonite|4/100|[from] Salt Cure
|upkeep
|turn|68
|
|t:|1779569943
|move|p1a: Dragonite|Roost|p1a: Dragonite
|-heal|p1a: Dragonite|54/100
|-singleturn|p1a: Dragonite|move: Roost
|move|p2a: Garganacl|Salt Cure|p1a: Dragonite
|-damage|p1a: Dragonite|42/100
|
|-heal|p2a: Garganacl|68/100|[from] item: Leftovers
|-damage|p1a: Dragonite|29/100|[from] Salt Cure
|upkeep
|turn|69
|
|t:|1779569950
|move|p1a: Dragonite|Roost|p1a: Dragonite
|-heal|p1a: Dragonite|79/100
|-singleturn|p1a: Dragonite|move: Roost
|move|p2a: Garganacl|Salt Cure|p1a: Dragonite
|-damage|p1a: Dragonite|68/100
|
|-heal|p2a: Garganacl|75/100|[from] item: Leftovers
|-damage|p1a: Dragonite|55/100|[from] Salt Cure
|upkeep
|turn|70
|
|t:|1779569953
|move|p2a: Garganacl|Protect|p2a: Garganacl
|-singleturn|p2a: Garganacl|Protect
|move|p1a: Dragonite|Low Kick|p2a: Garganacl
|-activate|p2a: Garganacl|move: Protect
|
|-heal|p2a: Garganacl|81/100|[from] item: Leftovers
|-damage|p1a: Dragonite|43/100|[from] Salt Cure
|upkeep
|turn|71
|
|t:|1779569956
|move|p1a: Dragonite|Low Kick|p2a: Garganacl
|-damage|p2a: Garganacl|50/100
|move|p2a: Garganacl|Salt Cure|p1a: Dragonite
|-supereffective|p1a: Dragonite
|-damage|p1a: Dragonite|17/100
|
|-heal|p2a: Garganacl|56/100|[from] item: Leftovers
|-damage|p1a: Dragonite|5/100|[from] Salt Cure
|upkeep
|turn|72
|
|t:|1779569962
|move|p1a: Dragonite|Roost|p1a: Dragonite
|-heal|p1a: Dragonite|55/100
|-singleturn|p1a: Dragonite|move: Roost
|move|p2a: Garganacl|Salt Cure|p1a: Dragonite
|-damage|p1a: Dragonite|43/100
|
|-heal|p2a: Garganacl|62/100|[from] item: Leftovers
|-damage|p1a: Dragonite|30/100|[from] Salt Cure
|upkeep
|turn|73
|
|t:|1779569971
|move|p1a: Dragonite|Low Kick|p2a: Garganacl
|-damage|p2a: Garganacl|30/100
|move|p2a: Garganacl|Salt Cure|p1a: Dragonite
|-supereffective|p1a: Dragonite
|-damage|p1a: Dragonite|4/100
|
|-heal|p2a: Garganacl|36/100|[from] item: Leftovers
|-damage|p1a: Dragonite|0 fnt|[from] Salt Cure
|faint|p1a: Dragonite
|
|win|LegitlyIzOP
|c|☆LegitlyIzOP|gg
