|j|☆Baptou26
|j|☆levraiepic
|t:|1779653704
|gametype|singles
|player|p1|Baptou26|101|1210
|player|p2|levraiepic|drayden|1207
|gen|9
|tier|[Gen 9] OU
|rated|
|rule|HP Percentage Mod: HP is shown in percentages
|rule|Endless Battle Clause: Forcing endless battles is banned
|rule|Species Clause: Limit one of each Pokémon
|rule|OHKO Clause: OHKO moves are banned
|rule|Evasion Items Clause: Evasion items are banned
|rule|Evasion Moves Clause: Evasion moves are banned
|rule|Evasion Abilities Clause: Evasion abilities are banned
|rule|Sleep Moves Clause: Sleep-inducing moves are banned
|clearpoke
|poke|p1|Gliscor, M|
|poke|p1|Iron Valiant|
|poke|p1|Ceruledge, F|
|poke|p1|Meowscarada, F|
|poke|p1|Primarina, F|
|poke|p1|Basculin-Blue-Striped, F|
|poke|p2|Cinderace, M|
|poke|p2|Greninja-*, M|
|poke|p2|Hydrapple, M|
|poke|p2|Glimmora, M|
|poke|p2|Dragonite, M|
|poke|p2|Iron Valiant|
|teampreview
|
|t:|1779653732
|teamsize|p1|6
|teamsize|p2|6
|start
|switch|p1a: Big Fih|Primarina, F|100/100
|switch|p2a: Gappy|Greninja, M, shiny|100/100
|turn|1
|
|t:|1779653740
|move|p2a: Gappy|U-turn|p1a: Big Fih
|-start|p2a: Gappy|typechange|Bug|[from] ability: Protean
|-resisted|p1a: Big Fih
|-damage|p1a: Big Fih|85/100
|-damage|p2a: Gappy|91/100|[from] item: Life Orb
|
|t:|1779653751
|switch|p2a: Stray Cat|Glimmora, M|100/100|[from] U-turn
|move|p1a: Big Fih|Moonblast|p2a: Stray Cat
|-resisted|p2a: Stray Cat
|-crit|p2a: Stray Cat
|-damage|p2a: Stray Cat|43/100
|-unboost|p2a: Stray Cat|spa|1
|
|upkeep
|turn|2
|
|t:|1779653763
|move|p2a: Stray Cat|Stealth Rock|p1a: Big Fih
|-sidestart|p1: Baptou26|move: Stealth Rock
|move|p1a: Big Fih|Hyper Voice|p2a: Stray Cat
|-supereffective|p2a: Stray Cat
|-damage|p2a: Stray Cat|0 fnt
|faint|p2a: Stray Cat
|-enditem|p1a: Big Fih|Throat Spray
|-boost|p1a: Big Fih|spa|1|[from] item: Throat Spray
|
|upkeep
|
|t:|1779653795
|switch|p2a: Zidane|Cinderace, M, shiny|100/100
|turn|3
|
|t:|1779653799
|move|p2a: Zidane|U-turn|p1a: Big Fih
|-start|p2a: Zidane|typechange|Bug|[from] ability: Libero
|-resisted|p1a: Big Fih
|-damage|p1a: Big Fih|66/100
|
|t:|1779653804
|switch|p2a: Gappy|Greninja, M, shiny|91/100|[from] U-turn
|move|p1a: Big Fih|Hyper Voice|p2a: Gappy
|-resisted|p2a: Gappy
|-damage|p2a: Gappy|28/100
|
|upkeep
|turn|4
|
|t:|1779653816
|move|p2a: Gappy|U-turn|p1a: Big Fih
|-start|p2a: Gappy|typechange|Bug|[from] ability: Protean
|-resisted|p1a: Big Fih
|-damage|p1a: Big Fih|50/100
|-damage|p2a: Gappy|18/100|[from] item: Life Orb
|
|t:|1779653830
|switch|p2a: Zidane|Cinderace, M, shiny|100/100|[from] U-turn
|move|p1a: Big Fih|Hyper Voice|p2a: Zidane
|-supereffective|p2a: Zidane
|-damage|p2a: Zidane|0 fnt
|faint|p2a: Zidane
|
|upkeep
|
|t:|1779653857
|switch|p2a: Snow White|Hydrapple, M|100/100
|turn|5
|
|t:|1779653862
|-terastallize|p2a: Snow White|Steel
|move|p1a: Big Fih|Ice Beam|p2a: Snow White
|-resisted|p2a: Snow White
|-damage|p2a: Snow White|84/100
|move|p2a: Snow White|Energy Ball|p1a: Big Fih
|-supereffective|p1a: Big Fih
|-damage|p1a: Big Fih|0 fnt
|faint|p1a: Big Fih
|
|upkeep
|
|t:|1779653871
|switch|p1a: Angy Candle|Ceruledge, F|100/100
|-damage|p1a: Angy Candle|76/100|[from] Stealth Rock
|turn|6
|
|t:|1779653883
|switch|p2a: Fildog|Dragonite, M|100/100
|move|p1a: Angy Candle|Bitter Blade|p2a: Fildog
|-resisted|p2a: Fildog
|-crit|p2a: Fildog
|-damage|p2a: Fildog|84/100
|-heal|p1a: Angy Candle|87/100|[from] drain|[of] p2a: Fildog
|
|upkeep
|turn|7
|
|t:|1779653892
|move|p1a: Angy Candle|Poltergeist|p2a: Fildog
|-activate|p2a: Fildog|move: Poltergeist|Heavy-Duty Boots
|-crit|p2a: Fildog
|-damage|p2a: Fildog|10/100
|move|p2a: Fildog|Earthquake|p1a: Angy Candle
|-supereffective|p1a: Angy Candle
|-damage|p1a: Angy Candle|0 fnt
|faint|p1a: Angy Candle
|
|upkeep
|
|t:|1779653901
|switch|p1a: Fih|Basculin-Blue-Striped, F|100/100
|-damage|p1a: Fih|88/100|[from] Stealth Rock
|-ability|p1a: Fih|Mold Breaker
|turn|8
|
|t:|1779653919
|move|p2a: Fildog|Extreme Speed|p1a: Fih
|-damage|p1a: Fih|30/100
|-enditem|p1a: Fih|Eject Button
|
|t:|1779653924
|switch|p1a: Car|Meowscarada, F|100/100
|-damage|p1a: Car|88/100|[from] Stealth Rock
|
|upkeep
|turn|9
|
|t:|1779653936
|move|p2a: Fildog|Extreme Speed|p1a: Car
|-crit|p1a: Car
|-damage|p1a: Car|14/100
|move|p1a: Car|Lash Out|p2a: Fildog
|-start|p1a: Car|typechange|Dark|[from] ability: Protean
|-damage|p2a: Fildog|0 fnt
|faint|p2a: Fildog
|
|upkeep
|
|t:|1779653949
|switch|p2a: Snow White|Hydrapple, M, tera:Steel|100/100
|turn|10
|
|t:|1779653959
|switch|p1a: Fih|Basculin-Blue-Striped, F|30/100
|-damage|p1a: Fih|18/100|[from] Stealth Rock
|-ability|p1a: Fih|Mold Breaker
|move|p2a: Snow White|Energy Ball|p1a: Fih
|-supereffective|p1a: Fih
|-damage|p1a: Fih|0 fnt
|faint|p1a: Fih
|
|upkeep
|
|t:|1779653971
|switch|p1a: Stay With Me|Iron Valiant|100/100
|-damage|p1a: Stay With Me|94/100|[from] Stealth Rock
|-enditem|p1a: Stay With Me|Booster Energy
|-activate|p1a: Stay With Me|ability: Quark Drive|[fromitem]
|-start|p1a: Stay With Me|quarkdrivespe
|turn|11
|
|t:|1779653983
|switch|p2a: Gappy|Greninja, M, shiny|18/100
|move|p1a: Stay With Me|Close Combat|p2a: Gappy
|-supereffective|p2a: Gappy
|-damage|p2a: Gappy|0 fnt
|-unboost|p1a: Stay With Me|def|1
|-unboost|p1a: Stay With Me|spd|1
|faint|p2a: Gappy
|
|upkeep
|
|t:|1779653994
|switch|p2a: Death 13|Iron Valiant, shiny|100/100
|-enditem|p2a: Death 13|Booster Energy
|-activate|p2a: Death 13|ability: Quark Drive|[fromitem]
|-start|p2a: Death 13|quarkdrivespe
|turn|12
|
|t:|1779654004
|move|p1a: Stay With Me|Destiny Bond|p1a: Stay With Me
|-singlemove|p1a: Stay With Me|Destiny Bond
|move|p2a: Death 13|Moonblast|p1a: Stay With Me
|-supereffective|p1a: Stay With Me
|-damage|p1a: Stay With Me|0 fnt
|faint|p1a: Stay With Me
|-activate|p1a: Stay With Me|move: Destiny Bond
|-end|p1a: Stay With Me|Quark Drive|[silent]
|faint|p2a: Death 13
|-end|p2a: Death 13|Quark Drive|[silent]
|
|upkeep
|
|t:|1779654018
|switch|p1a: Car|Meowscarada, F|14/100
|switch|p2a: Snow White|Hydrapple, M, tera:Steel|100/100
|-damage|p1a: Car|2/100|[from] Stealth Rock
|turn|13
|
|t:|1779654031
|move|p1a: Car|Lash Out|p2a: Snow White
|-start|p1a: Car|typechange|Dark|[from] ability: Protean
|-damage|p2a: Snow White|76/100
|move|p2a: Snow White|Energy Ball|p1a: Car
|-damage|p1a: Car|0 fnt
|faint|p1a: Car
|
|upkeep
|
|t:|1779654039
|switch|p1a: FAHHH|Gliscor, M|100/100
|-damage|p1a: FAHHH|88/100|[from] Stealth Rock
|turn|14
|
|t:|1779654043
|move|p1a: FAHHH|Protect|p1a: FAHHH
|-singleturn|p1a: FAHHH|Protect
|move|p2a: Snow White|Hydro Pump|p1a: FAHHH
|-activate|p1a: FAHHH|move: Protect
|
|-status|p1a: FAHHH|tox|[from] item: Toxic Orb
|upkeep
|turn|15
|
|t:|1779654051
|-terastallize|p1a: FAHHH|Normal
|move|p1a: FAHHH|Swords Dance|p1a: FAHHH
|-boost|p1a: FAHHH|atk|2
|move|p2a: Snow White|Hydro Pump|p1a: FAHHH
|-damage|p1a: FAHHH|32/100 tox
|
|-heal|p1a: FAHHH|44/100 tox|[from] ability: Poison Heal
|upkeep
|turn|16
|
|t:|1779654060
|move|p1a: FAHHH|Protect|p1a: FAHHH
|-singleturn|p1a: FAHHH|Protect
|move|p2a: Snow White|Hydro Pump|p1a: FAHHH
|-activate|p1a: FAHHH|move: Protect
|
|-heal|p1a: FAHHH|57/100 tox|[from] ability: Poison Heal
|upkeep
|turn|17
|
|t:|1779654071
|move|p1a: FAHHH|Earthquake|p2a: Snow White
|-supereffective|p2a: Snow White
|-damage|p2a: Snow White|0 fnt
|faint|p2a: Snow White
|
|win|Baptou26
|raw|Baptou26's rating: 1210 &rarr; <strong>1235</strong><br />(+25 for winning)
|raw|levraiepic's rating: 1207 &rarr; <strong>1182</strong><br />(-25 for losing)
|l|☆Baptou26
|player|p1|
|l|☆levraiepic
|player|p2|
