|j|☆ectozzzz
|j|‽swaVyy
|t:|1779637270
|gametype|singles
|player|p1|ectozzzz|170|1180
|player|p2|swaVyy|infielder|1176
|gen|9
|tier|[Gen 9] OU
|rated|
|rule|HP Percentage Mod: HP is shown in percentages
|rule|Endless Battle Clause: Forcing endless battles is banned
|rule|Species Clause: Limit one of each Pokémon
|rule|OHKO Clause: OHKO moves are banned
|rule|Evasion Items Clause: Evasion items are banned
|rule|Evasion Moves Clause: Evasion moves are banned
|rule|Evasion Abilities Clause: Evasion abilities are banned
|rule|Sleep Moves Clause: Sleep-inducing moves are banned
|clearpoke
|poke|p1|Walking Wake|
|poke|p1|Torkoal, M|
|poke|p1|Venusaur, M|
|poke|p1|Hatterene, F|
|poke|p1|Dragonite, F|
|poke|p1|Kingambit, M|
|poke|p2|Garganacl, M|
|poke|p2|Klefki, M|
|poke|p2|Dragonite, M|
|poke|p2|Deoxys-Speed|
|poke|p2|Glimmora, F|
|poke|p2|Araquanid, F|
|teampreview
|inactive|Battle timer is ON: inactive players will automatically lose when time's up. (requested by ectozzzz)
|inactive|swaVyy also wants the timer to be on.
|
|t:|1779637282
|teamsize|p1|6
|teamsize|p2|6
|start
|switch|p1a: JESE-PAMEC|Torkoal, M|100/100
|switch|p2a: Klefki|Klefki, M|100/100
|-weather|SunnyDay|[from] ability: Drought|[of] p1a: JESE-PAMEC
|turn|1
|
|t:|1779637288
|move|p2a: Klefki|Reflect|p2a: Klefki
|-sidestart|p2: swaVyy|Reflect
|move|p1a: JESE-PAMEC|Lava Plume|p2a: Klefki
|-supereffective|p2a: Klefki
|-enditem|p2a: Klefki|Focus Sash
|-damage|p2a: Klefki|1/100
|
|-weather|SunnyDay|[upkeep]
|upkeep
|turn|2
|
|t:|1779637289
|move|p2a: Klefki|Light Screen|p2a: Klefki
|-sidestart|p2: swaVyy|move: Light Screen
|move|p1a: JESE-PAMEC|Lava Plume|p2a: Klefki
|-supereffective|p2a: Klefki
|-damage|p2a: Klefki|0 fnt
|faint|p2a: Klefki
|
|-weather|SunnyDay|[upkeep]
|upkeep
|
|t:|1779637292
|switch|p2a: Deoxys|Deoxys-Speed|100/100
|-ability|p2a: Deoxys|Pressure
|turn|3
|
|t:|1779637297
|move|p2a: Deoxys|Cosmic Power|p2a: Deoxys
|-boost|p2a: Deoxys|def|1
|-boost|p2a: Deoxys|spd|1
|move|p1a: JESE-PAMEC|Lava Plume|p2a: Deoxys
|-damage|p2a: Deoxys|87/100
|
|-weather|SunnyDay|[upkeep]
|-heal|p2a: Deoxys|93/100|[from] item: Leftovers
|upkeep
|turn|4
|
|t:|1779637304
|move|p2a: Deoxys|Cosmic Power|p2a: Deoxys
|-boost|p2a: Deoxys|def|1
|-boost|p2a: Deoxys|spd|1
|move|p1a: JESE-PAMEC|Rapid Spin|p2a: Deoxys
|-crit|p2a: Deoxys
|-damage|p2a: Deoxys|78/100
|-boost|p1a: JESE-PAMEC|spe|1
|
|-weather|SunnyDay|[upkeep]
|-heal|p2a: Deoxys|84/100|[from] item: Leftovers
|upkeep
|turn|5
|
|t:|1779637315
|switch|p1a: Poing sucant|Kingambit, M|100/100
|move|p2a: Deoxys|Cosmic Power|p2a: Deoxys
|-boost|p2a: Deoxys|def|1
|-boost|p2a: Deoxys|spd|1
|
|-weather|SunnyDay|[upkeep]
|-heal|p2a: Deoxys|90/100|[from] item: Leftovers
|-sideend|p2: swaVyy|Reflect
|upkeep
|turn|6
|
|t:|1779637327
|move|p2a: Deoxys|Cosmic Power|p2a: Deoxys
|-boost|p2a: Deoxys|def|1
|-boost|p2a: Deoxys|spd|1
|move|p1a: Poing sucant|Kowtow Cleave|p2a: Deoxys
|-supereffective|p2a: Deoxys
|-damage|p2a: Deoxys|48/100
|
|-weather|SunnyDay|[upkeep]
|-heal|p2a: Deoxys|54/100|[from] item: Leftovers
|-sideend|p2: swaVyy|move: Light Screen
|upkeep
|turn|7
|
|t:|1779637333
|move|p2a: Deoxys|Protect|p2a: Deoxys
|-singleturn|p2a: Deoxys|Protect
|move|p1a: Poing sucant|Kowtow Cleave|p2a: Deoxys
|-activate|p2a: Deoxys|move: Protect
|
|-weather|SunnyDay|[upkeep]
|-heal|p2a: Deoxys|60/100|[from] item: Leftovers
|upkeep
|turn|8
|
|t:|1779637337
|move|p2a: Deoxys|Recover|p2a: Deoxys
|-heal|p2a: Deoxys|100/100
|move|p1a: Poing sucant|Kowtow Cleave|p2a: Deoxys
|-supereffective|p2a: Deoxys
|-damage|p2a: Deoxys|55/100
|
|-weather|none
|-heal|p2a: Deoxys|61/100|[from] item: Leftovers
|upkeep
|turn|9
|
|t:|1779637342
|move|p2a: Deoxys|Protect|p2a: Deoxys
|-singleturn|p2a: Deoxys|Protect
|move|p1a: Poing sucant|Kowtow Cleave|p2a: Deoxys
|-activate|p2a: Deoxys|move: Protect
|
|-heal|p2a: Deoxys|67/100|[from] item: Leftovers
|upkeep
|turn|10
|
|t:|1779637347
|move|p2a: Deoxys|Recover|p2a: Deoxys
|-heal|p2a: Deoxys|100/100
|move|p1a: Poing sucant|Kowtow Cleave|p2a: Deoxys
|-supereffective|p2a: Deoxys
|-damage|p2a: Deoxys|58/100
|
|-heal|p2a: Deoxys|64/100|[from] item: Leftovers
|upkeep
|turn|11
|
|t:|1779637351
|-end|p1a: Poing sucant|fallenundefined|[silent]
|switch|p1a: Albert Cavu|Walking Wake|100/100
|move|p2a: Deoxys|Protect||[still]
|-fail|p2a: Deoxys
|
|-heal|p2a: Deoxys|70/100|[from] item: Leftovers
|upkeep
|turn|12
|
|t:|1779637365
|-terastallize|p1a: Albert Cavu|Water
|move|p2a: Deoxys|Stored Power|p1a: Albert Cavu
|-damage|p1a: Albert Cavu|37/100
|move|p1a: Albert Cavu|Hydro Steam|p2a: Deoxys
|-damage|p2a: Deoxys|38/100
|
|-heal|p2a: Deoxys|44/100|[from] item: Leftovers
|upkeep
|turn|13
|
|t:|1779637373
|-end|p1a: Albert Cavu|Protosynthesis|[silent]
|switch|p1a: JESE-PAMEC|Torkoal, M|100/100
|-weather|SunnyDay|[from] ability: Drought|[of] p1a: JESE-PAMEC
|move|p2a: Deoxys|Recover|p2a: Deoxys
|-heal|p2a: Deoxys|94/100
|
|-weather|SunnyDay|[upkeep]
|-heal|p2a: Deoxys|99/100|[from] item: Leftovers
|upkeep
|turn|14
|
|t:|1779637376
|move|p2a: Deoxys|Cosmic Power|p2a: Deoxys
|-boost|p2a: Deoxys|def|1
|-boost|p2a: Deoxys|spd|1
|move|p1a: JESE-PAMEC|Lava Plume|p2a: Deoxys
|-damage|p2a: Deoxys|86/100
|
|-weather|SunnyDay|[upkeep]
|-heal|p2a: Deoxys|92/100|[from] item: Leftovers
|upkeep
|turn|15
|c|☆ectozzzz|Bro has no skill
|
|t:|1779637390
|switch|p1a: Albert Cavu|Walking Wake, tera:Water|37/100
|-activate|p1a: Albert Cavu|ability: Protosynthesis
|-start|p1a: Albert Cavu|protosynthesisspe
|move|p2a: Deoxys|Stored Power|p1a: Albert Cavu
|-damage|p1a: Albert Cavu|0 fnt
|faint|p1a: Albert Cavu
|-end|p1a: Albert Cavu|Protosynthesis|[silent]
|
|-weather|SunnyDay|[upkeep]
|-heal|p2a: Deoxys|98/100|[from] item: Leftovers
|upkeep
|
|t:|1779637392
|switch|p1a: Antony|Venusaur, M|100/100
|turn|16
|
|t:|1779637400
|move|p1a: Antony|Solar Beam||[still]
|-prepare|p1a: Antony|Solar Beam
|-anim|p1a: Antony|Solar Beam|p2a: Deoxys
|-damage|p2a: Deoxys|74/100
|-damage|p1a: Antony|91/100|[from] item: Life Orb
|move|p2a: Deoxys|Stored Power|p1a: Antony
|-supereffective|p1a: Antony
|-damage|p1a: Antony|0 fnt
|faint|p1a: Antony
|
|-weather|SunnyDay|[upkeep]
|-heal|p2a: Deoxys|80/100|[from] item: Leftovers
|upkeep
|
|t:|1779637408
|switch|p1a: MOIJOZEUH|Hatterene, F|100/100
|turn|17
|
|t:|1779637426
|move|p2a: Deoxys|Stored Power|p1a: MOIJOZEUH
|-resisted|p1a: MOIJOZEUH
|-crit|p1a: MOIJOZEUH
|-damage|p1a: MOIJOZEUH|40/100
|move|p1a: MOIJOZEUH|Nuzzle|p2a: Deoxys
|-damage|p2a: Deoxys|78/100
|-status|p2a: Deoxys|par
|
|-weather|SunnyDay|[upkeep]
|-heal|p2a: Deoxys|84/100 par|[from] item: Leftovers
|upkeep
|turn|18
|
|t:|1779637430
|move|p2a: Deoxys|Cosmic Power|p2a: Deoxys
|-boost|p2a: Deoxys|def|1
|-boost|p2a: Deoxys|spd|1
|move|p1a: MOIJOZEUH|Dazzling Gleam|p2a: Deoxys
|-damage|p2a: Deoxys|73/100 par
|
|-weather|SunnyDay|[upkeep]
|-heal|p2a: Deoxys|79/100 par|[from] item: Leftovers
|upkeep
|turn|19
|
|t:|1779637444
|cant|p2a: Deoxys|par
|move|p1a: MOIJOZEUH|Psychic|p2a: Deoxys
|-resisted|p2a: Deoxys
|-damage|p2a: Deoxys|73/100 par
|
|-weather|SunnyDay|[upkeep]
|-heal|p2a: Deoxys|79/100 par|[from] item: Leftovers
|upkeep
|turn|20
|
|t:|1779637448
|cant|p2a: Deoxys|par
|move|p1a: MOIJOZEUH|Psychic|p2a: Deoxys
|-resisted|p2a: Deoxys
|-damage|p2a: Deoxys|73/100 par
|
|-weather|none
|-heal|p2a: Deoxys|79/100 par|[from] item: Leftovers
|upkeep
|turn|21
|
|t:|1779637452
|move|p2a: Deoxys|Stored Power|p1a: MOIJOZEUH
|-resisted|p1a: MOIJOZEUH
|-damage|p1a: MOIJOZEUH|0 fnt
|faint|p1a: MOIJOZEUH
|
|-heal|p2a: Deoxys|86/100 par|[from] item: Leftovers
|upkeep
|
|t:|1779637455
|switch|p1a: Poing sucant|Kingambit, M|100/100
|-activate|p1a: Poing sucant|ability: Supreme Overlord
|-start|p1a: Poing sucant|fallen3|[silent]
|turn|22
|
|t:|1779637463
|move|p2a: Deoxys|Protect|p2a: Deoxys
|-singleturn|p2a: Deoxys|Protect
|move|p1a: Poing sucant|Kowtow Cleave|p2a: Deoxys
|-activate|p2a: Deoxys|move: Protect
|
|-heal|p2a: Deoxys|92/100 par|[from] item: Leftovers
|upkeep
|turn|23
|
|t:|1779637471
|move|p2a: Deoxys|Recover|p2a: Deoxys
|-heal|p2a: Deoxys|100/100 par
|move|p1a: Poing sucant|Kowtow Cleave|p2a: Deoxys
|-supereffective|p2a: Deoxys
|-damage|p2a: Deoxys|61/100 par
|
|-heal|p2a: Deoxys|67/100 par|[from] item: Leftovers
|upkeep
|turn|24
|
|t:|1779637476
|cant|p2a: Deoxys|par
|move|p1a: Poing sucant|Sucker Punch||[still]
|-fail|p1a: Poing sucant
|
|-heal|p2a: Deoxys|73/100 par|[from] item: Leftovers
|upkeep
|turn|25
|
|t:|1779637485
|move|p2a: Deoxys|Protect|p2a: Deoxys
|-singleturn|p2a: Deoxys|Protect
|move|p1a: Poing sucant|Swords Dance|p1a: Poing sucant
|-boost|p1a: Poing sucant|atk|2
|
|-heal|p2a: Deoxys|79/100 par|[from] item: Leftovers
|upkeep
|turn|26
|
|t:|1779637497
|move|p2a: Deoxys|Recover|p2a: Deoxys
|-heal|p2a: Deoxys|100/100 par
|move|p1a: Poing sucant|Swords Dance|p1a: Poing sucant
|-boost|p1a: Poing sucant|atk|2
|
|upkeep
|turn|27
|
|t:|1779637501
|move|p2a: Deoxys|Protect|p2a: Deoxys
|-singleturn|p2a: Deoxys|Protect
|move|p1a: Poing sucant|Swords Dance|p1a: Poing sucant
|-boost|p1a: Poing sucant|atk|2
|
|upkeep
|turn|28
|
|t:|1779637505
|move|p2a: Deoxys|Protect|p2a: Deoxys
|-singleturn|p2a: Deoxys|Protect
|move|p1a: Poing sucant|Iron Head|p2a: Deoxys
|-activate|p2a: Deoxys|move: Protect
|
|upkeep
|turn|29
|
|t:|1779637510
|move|p2a: Deoxys|Protect||[still]
|-fail|p2a: Deoxys
|move|p1a: Poing sucant|Iron Head|p2a: Deoxys
|-damage|p2a: Deoxys|36/100 par
|
|-heal|p2a: Deoxys|42/100 par|[from] item: Leftovers
|upkeep
|turn|30
|
|t:|1779637515
|move|p2a: Deoxys|Recover|p2a: Deoxys
|-heal|p2a: Deoxys|92/100 par
|move|p1a: Poing sucant|Iron Head|p2a: Deoxys
|-damage|p2a: Deoxys|24/100 par
|
|-heal|p2a: Deoxys|30/100 par|[from] item: Leftovers
|upkeep
|turn|31
|
|t:|1779637526
|move|p2a: Deoxys|Recover|p2a: Deoxys
|-heal|p2a: Deoxys|80/100 par
|move|p1a: Poing sucant|Iron Head|p2a: Deoxys
|-damage|p2a: Deoxys|11/100 par
|
|-heal|p2a: Deoxys|17/100 par|[from] item: Leftovers
|upkeep
|turn|32
|
|t:|1779637531
|move|p2a: Deoxys|Protect|p2a: Deoxys
|-singleturn|p2a: Deoxys|Protect
|move|p1a: Poing sucant|Iron Head|p2a: Deoxys
|-activate|p2a: Deoxys|move: Protect
|
|-heal|p2a: Deoxys|24/100 par|[from] item: Leftovers
|upkeep
|turn|33
|inactive|swaVyy has 120 seconds left.
|
|t:|1779637578
|move|p2a: Deoxys|Recover|p2a: Deoxys
|-heal|p2a: Deoxys|74/100 par
|move|p1a: Poing sucant|Iron Head|p2a: Deoxys
|-damage|p2a: Deoxys|11/100 par
|
|-heal|p2a: Deoxys|17/100 par|[from] item: Leftovers
|upkeep
|turn|34
|
|t:|1779637593
|cant|p2a: Deoxys|par
|move|p1a: Poing sucant|Iron Head|p2a: Deoxys
|-damage|p2a: Deoxys|0 fnt
|faint|p2a: Deoxys
|
|upkeep
|
|t:|1779637601
|switch|p2a: Glimmora|Glimmora, F|100/100
|turn|35
|
|t:|1779637605
|move|p2a: Glimmora|Earth Power|p1a: Poing sucant
|-supereffective|p1a: Poing sucant
|-damage|p1a: Poing sucant|37/100
|move|p1a: Poing sucant|Iron Head|p2a: Glimmora
|-supereffective|p2a: Glimmora
|-enditem|p2a: Glimmora|Focus Sash
|-damage|p2a: Glimmora|1/100
|-activate|p2a: Glimmora|ability: Toxic Debris
|-sidestart|p1: ectozzzz|move: Toxic Spikes
|
|upkeep
|turn|36
|
|t:|1779637612
|move|p1a: Poing sucant|Sucker Punch|p2a: Glimmora
|-damage|p2a: Glimmora|0 fnt
|-activate|p2a: Glimmora|ability: Toxic Debris
|-sidestart|p1: ectozzzz|move: Toxic Spikes
|faint|p2a: Glimmora
|
|upkeep
|
|t:|1779637622
|switch|p2a: Araquanid|Araquanid, F|100/100
|turn|37
|
|t:|1779637632
|move|p1a: Poing sucant|Sucker Punch|p2a: Araquanid
|-damage|p2a: Araquanid|0 fnt
|faint|p2a: Araquanid
|
|upkeep
|
|t:|1779637636
|switch|p2a: Garganacl|Garganacl, M|100/100
|turn|38
|
|t:|1779637643
|-terastallize|p2a: Garganacl|Water
|move|p1a: Poing sucant|Iron Head|p2a: Garganacl
|-resisted|p2a: Garganacl
|-damage|p2a: Garganacl|21/100
|move|p2a: Garganacl|Body Press|p1a: Poing sucant
|-supereffective|p1a: Poing sucant
|-damage|p1a: Poing sucant|0 fnt
|faint|p1a: Poing sucant
|-end|p1a: Poing sucant|fallen3|[silent]
|
|-heal|p2a: Garganacl|27/100|[from] item: Leftovers
|upkeep
|
|t:|1779637655
|switch|p1a: IDEKA|Dragonite, F|100/100
|turn|39
|
|t:|1779637658
|move|p1a: IDEKA|Extreme Speed|p2a: Garganacl
|-damage|p2a: Garganacl|7/100
|move|p2a: Garganacl|Recover|p2a: Garganacl
|-heal|p2a: Garganacl|57/100
|
|-heal|p2a: Garganacl|63/100|[from] item: Leftovers
|upkeep
|turn|40
|
|t:|1779637671
|move|p1a: IDEKA|Extreme Speed|p2a: Garganacl
|-damage|p2a: Garganacl|44/100
|move|p2a: Garganacl|Iron Defense|p2a: Garganacl
|-boost|p2a: Garganacl|def|2
|
|-heal|p2a: Garganacl|50/100|[from] item: Leftovers
|upkeep
|turn|41
|
|t:|1779637682
|move|p1a: IDEKA|Extreme Speed|p2a: Garganacl
|-damage|p2a: Garganacl|40/100
|move|p2a: Garganacl|Recover|p2a: Garganacl
|-heal|p2a: Garganacl|90/100
|
|-heal|p2a: Garganacl|96/100|[from] item: Leftovers
|upkeep
|turn|42
|
|t:|1779637692
|move|p1a: IDEKA|Extreme Speed|p2a: Garganacl
|-damage|p2a: Garganacl|86/100
|move|p2a: Garganacl|Iron Defense|p2a: Garganacl
|-boost|p2a: Garganacl|def|2
|
|-heal|p2a: Garganacl|92/100|[from] item: Leftovers
|upkeep
|turn|43
|c|☆ectozzzz|go in hell
|
|t:|1779637705
|move|p1a: IDEKA|Fire Punch|p2a: Garganacl
|-resisted|p2a: Garganacl
|-damage|p2a: Garganacl|89/100
|move|p2a: Garganacl|Iron Defense|p2a: Garganacl
|-boost|p2a: Garganacl|def|2
|
|-heal|p2a: Garganacl|95/100|[from] item: Leftovers
|upkeep
|turn|44
|
|t:|1779637715
|move|p1a: IDEKA|Extreme Speed|p2a: Garganacl
|-damage|p2a: Garganacl|90/100
|move|p2a: Garganacl|Salt Cure|p1a: IDEKA
|-supereffective|p1a: IDEKA
|-damage|p1a: IDEKA|84/100
|-start|p1a: IDEKA|Salt Cure
|
|-heal|p2a: Garganacl|96/100|[from] item: Leftovers
|-damage|p1a: IDEKA|72/100|[from] Salt Cure
|upkeep
|turn|45
|c|☆ectozzzz|testy
|
|t:|1779637721
|move|p1a: IDEKA|Dragon Dance|p1a: IDEKA
|-boost|p1a: IDEKA|atk|1
|-boost|p1a: IDEKA|spe|1
|move|p2a: Garganacl|Iron Defense|p2a: Garganacl
|-boost|p2a: Garganacl|def|0
|
|-heal|p2a: Garganacl|100/100|[from] item: Leftovers
|-damage|p1a: IDEKA|60/100|[from] Salt Cure
|upkeep
|turn|46
|
|t:|1779637723
|move|p1a: IDEKA|Dragon Dance|p1a: IDEKA
|-boost|p1a: IDEKA|atk|1
|-boost|p1a: IDEKA|spe|1
|move|p2a: Garganacl|Body Press|p1a: IDEKA
|-resisted|p1a: IDEKA
|-damage|p1a: IDEKA|0 fnt
|faint|p1a: IDEKA
|
|upkeep
|
|t:|1779637726
|switch|p1a: JESE-PAMEC|Torkoal, M|100/100
|-status|p1a: JESE-PAMEC|tox
|-weather|SunnyDay|[from] ability: Drought|[of] p1a: JESE-PAMEC
|turn|47
|
|t:|1779637734
|move|p2a: Garganacl|Body Press|p1a: JESE-PAMEC
|-damage|p1a: JESE-PAMEC|43/100 tox
|move|p1a: JESE-PAMEC|Lava Plume|p2a: Garganacl
|-resisted|p2a: Garganacl
|-damage|p2a: Garganacl|87/100
|
|-weather|SunnyDay|[upkeep]
|-heal|p2a: Garganacl|93/100|[from] item: Leftovers
|-damage|p1a: JESE-PAMEC|37/100 tox|[from] psn
|upkeep
|turn|48
|
|t:|1779637743
|move|p2a: Garganacl|Iron Defense|p2a: Garganacl
|-boost|p2a: Garganacl|def|0
|move|p1a: JESE-PAMEC|Lava Plume|p2a: Garganacl
|-resisted|p2a: Garganacl
|-damage|p2a: Garganacl|80/100
|
|-weather|SunnyDay|[upkeep]
|-heal|p2a: Garganacl|86/100|[from] item: Leftovers
|-damage|p1a: JESE-PAMEC|24/100 tox|[from] psn
|upkeep
|turn|49
|
|t:|1779637749
|move|p2a: Garganacl|Iron Defense|p2a: Garganacl
|-boost|p2a: Garganacl|def|0
|move|p1a: JESE-PAMEC|Lava Plume|p2a: Garganacl
|-resisted|p2a: Garganacl
|-damage|p2a: Garganacl|72/100
|
|-weather|SunnyDay|[upkeep]
|-heal|p2a: Garganacl|78/100|[from] item: Leftovers
|-damage|p1a: JESE-PAMEC|6/100 tox|[from] psn
|upkeep
|turn|50
|
|t:|1779637756
|move|p2a: Garganacl|Recover|p2a: Garganacl
|-heal|p2a: Garganacl|100/100
|move|p1a: JESE-PAMEC|Lava Plume|p2a: Garganacl
|-resisted|p2a: Garganacl
|-damage|p2a: Garganacl|87/100
|
|-weather|SunnyDay|[upkeep]
|-heal|p2a: Garganacl|93/100|[from] item: Leftovers
|-damage|p1a: JESE-PAMEC|0 fnt|[from] psn
|faint|p1a: JESE-PAMEC
|
|win|swaVyy
|raw|ectozzzz's rating: 1180 &rarr; <strong>1155</strong><br />(-25 for losing)
|raw|swaVyy's rating: 1176 &rarr; <strong>1201</strong><br />(+25 for winning)
