|j|☆JohnArq
|j|☆twodeer3868052
|t:|1779629612
|gametype|singles
|player|p1|JohnArq|benga|1108
|player|p2|twodeer3868052|boarder|1120
|gen|9
|tier|[Gen 9] OU
|rated|
|rule|HP Percentage Mod: HP is shown in percentages
|rule|Endless Battle Clause: Forcing endless battles is banned
|rule|Species Clause: Limit one of each Pokémon
|rule|OHKO Clause: OHKO moves are banned
|rule|Evasion Items Clause: Evasion items are banned
|rule|Evasion Moves Clause: Evasion moves are banned
|rule|Evasion Abilities Clause: Evasion abilities are banned
|rule|Sleep Moves Clause: Sleep-inducing moves are banned
|clearpoke
|poke|p1|Empoleon, M|
|poke|p1|Primarina, F|
|poke|p1|Serperior, M|
|poke|p1|Venusaur, M|
|poke|p1|Delphox, F|
|poke|p1|Skeledirge, M|
|poke|p2|Ribombee, M|
|poke|p2|Cinderace, F|
|poke|p2|Serperior, F|
|poke|p2|Malamar, M|
|poke|p2|Empoleon, F|
|poke|p2|Kingambit, M|
|teampreview
|
|t:|1779629621
|teamsize|p1|6
|teamsize|p2|6
|start
|switch|p1a: Skeledirge|Skeledirge, M|100/100
|switch|p2a: Ribombee|Ribombee, M|100/100
|turn|1
|inactive|Battle timer is ON: inactive players will automatically lose when time's up. (requested by twodeer3868052)
|
|t:|1779629629
|move|p2a: Ribombee|Sticky Web|p1a: Skeledirge
|-sidestart|p1: JohnArq|move: Sticky Web
|move|p1a: Skeledirge|Torch Song|p2a: Ribombee
|-supereffective|p2a: Ribombee
|-enditem|p2a: Ribombee|Focus Sash
|-damage|p2a: Ribombee|1/100
|-boost|p1a: Skeledirge|spa|1
|-enditem|p1a: Skeledirge|Throat Spray
|-boost|p1a: Skeledirge|spa|1|[from] item: Throat Spray
|
|upkeep
|turn|2
|
|t:|1779629639
|move|p2a: Ribombee|Moonblast|p1a: Skeledirge
|-resisted|p1a: Skeledirge
|-damage|p1a: Skeledirge|76/100
|move|p1a: Skeledirge|Torch Song|p2a: Ribombee
|-supereffective|p2a: Ribombee
|-damage|p2a: Ribombee|0 fnt
|-boost|p1a: Skeledirge|spa|1
|faint|p2a: Ribombee
|
|upkeep
|
|t:|1779629648
|switch|p2a: Cinderace|Cinderace, F|100/100
|turn|3
|
|t:|1779629653
|move|p2a: Cinderace|Court Change|p2a: Cinderace
|-swapsideconditions
|-activate|p2a: Cinderace|move: Court Change
|move|p1a: Skeledirge|Earth Power|p2a: Cinderace
|-supereffective|p2a: Cinderace
|-enditem|p2a: Cinderace|Focus Sash
|-damage|p2a: Cinderace|1/100
|
|upkeep
|turn|4
|
|t:|1779629663
|move|p2a: Cinderace|Sucker Punch|p1a: Skeledirge
|-supereffective|p1a: Skeledirge
|-damage|p1a: Skeledirge|41/100
|move|p1a: Skeledirge|Torch Song|p2a: Cinderace
|-resisted|p2a: Cinderace
|-damage|p2a: Cinderace|0 fnt
|-boost|p1a: Skeledirge|spa|1
|faint|p2a: Cinderace
|
|upkeep
|
|t:|1779629673
|switch|p2a: Malamar|Malamar, M|100/100
|-activate|p2a: Malamar|move: Sticky Web
|-boost|p2a: Malamar|spe|1
|turn|5
|
|t:|1779629681
|move|p2a: Malamar|Foul Play|p1a: Skeledirge
|-supereffective|p1a: Skeledirge
|-damage|p1a: Skeledirge|10/100
|move|p1a: Skeledirge|Will-O-Wisp|p2a: Malamar
|-status|p2a: Malamar|brn
|
|-damage|p2a: Malamar|94/100 brn|[from] brn
|upkeep
|turn|6
|
|t:|1779629690
|move|p2a: Malamar|Foul Play|p1a: Skeledirge
|-supereffective|p1a: Skeledirge
|-damage|p1a: Skeledirge|0 fnt
|faint|p1a: Skeledirge
|
|-damage|p2a: Malamar|88/100 brn|[from] brn
|upkeep
|
|t:|1779629699
|switch|p1a: Serperior|Serperior, M|100/100
|turn|7
|
|t:|1779629705
|move|p1a: Serperior|Leaf Storm|p2a: Malamar
|-damage|p2a: Malamar|61/100 brn
|-boost|p1a: Serperior|spa|2
|move|p2a: Malamar|Superpower|p1a: Serperior
|-damage|p1a: Serperior|81/100
|-boost|p2a: Malamar|atk|1
|-boost|p2a: Malamar|def|1
|
|-heal|p1a: Serperior|87/100|[from] item: Leftovers
|-damage|p2a: Malamar|55/100 brn|[from] brn
|upkeep
|turn|8
|
|t:|1779629718
|move|p1a: Serperior|Leaf Storm|p2a: Malamar
|-damage|p2a: Malamar|5/100 brn
|-boost|p1a: Serperior|spa|2
|move|p2a: Malamar|Superpower|p1a: Serperior
|-damage|p1a: Serperior|62/100
|-boost|p2a: Malamar|atk|1
|-boost|p2a: Malamar|def|1
|
|-heal|p1a: Serperior|69/100|[from] item: Leftovers
|-damage|p2a: Malamar|0 fnt|[from] brn
|faint|p2a: Malamar
|upkeep
|
|t:|1779629737
|switch|p2a: Kingambit|Kingambit, M|100/100
|-activate|p2a: Kingambit|move: Sticky Web
|-unboost|p2a: Kingambit|spe|1
|-ability|p2a: Kingambit|Defiant|boost
|-boost|p2a: Kingambit|atk|2
|turn|9
|
|t:|1779629748
|move|p2a: Kingambit|Sucker Punch||[still]
|-fail|p2a: Kingambit
|move|p1a: Serperior|Leech Seed|p2a: Kingambit
|-start|p2a: Kingambit|move: Leech Seed
|
|-heal|p1a: Serperior|75/100|[from] item: Leftovers
|-damage|p2a: Kingambit|88/100|[from] Leech Seed|[of] p1a: Serperior
|-heal|p1a: Serperior|89/100|[silent]
|upkeep
|turn|10
|
|t:|1779629771
|move|p1a: Serperior|Protect|p1a: Serperior
|-singleturn|p1a: Serperior|Protect
|move|p2a: Kingambit|Sucker Punch||[still]
|-fail|p2a: Kingambit
|
|-heal|p1a: Serperior|95/100|[from] item: Leftovers
|-damage|p2a: Kingambit|76/100|[from] Leech Seed|[of] p1a: Serperior
|-heal|p1a: Serperior|100/100|[silent]
|upkeep
|turn|11
|
|t:|1779629782
|switch|p1a: Primarina|Primarina, F|100/100
|move|p2a: Kingambit|Sucker Punch||[still]
|-fail|p2a: Kingambit
|
|-damage|p2a: Kingambit|63/100|[from] Leech Seed|[of] p1a: Primarina
|upkeep
|turn|12
|
|t:|1779629794
|move|p1a: Primarina|Hyper Voice|p2a: Kingambit
|-damage|p2a: Kingambit|11/100
|-enditem|p1a: Primarina|Throat Spray
|-boost|p1a: Primarina|spa|1|[from] item: Throat Spray
|move|p2a: Kingambit|Iron Head|p1a: Primarina
|-damage|p1a: Primarina|0 fnt
|faint|p1a: Primarina
|
|upkeep
|
|t:|1779629806
|switch|p1a: Serperior|Serperior, M|100/100
|turn|13
|
|t:|1779629811
|move|p1a: Serperior|Protect|p1a: Serperior
|-singleturn|p1a: Serperior|Protect
|move|p2a: Kingambit|Sucker Punch||[still]
|-fail|p2a: Kingambit
|
|-damage|p2a: Kingambit|0 fnt|[from] Leech Seed|[of] p1a: Serperior
|faint|p2a: Kingambit
|upkeep
|
|t:|1779629819
|switch|p2a: Serperior|Serperior, F|100/100
|-activate|p2a: Serperior|move: Sticky Web
|-boost|p2a: Serperior|spe|1
|turn|14
|
|t:|1779629826
|-terastallize|p2a: Serperior|Grass
|move|p2a: Serperior|Leaf Storm|p1a: Serperior
|-resisted|p1a: Serperior
|-damage|p1a: Serperior|56/100
|-boost|p2a: Serperior|spa|2
|move|p1a: Serperior|Leaf Storm|p2a: Serperior
|-resisted|p2a: Serperior
|-damage|p2a: Serperior|78/100
|-boost|p1a: Serperior|spa|2
|
|-heal|p1a: Serperior|63/100|[from] item: Leftovers
|upkeep
|turn|15
|
|t:|1779629839
|move|p1a: Serperior|Protect|p1a: Serperior
|-singleturn|p1a: Serperior|Protect
|move|p2a: Serperior|Leaf Storm|p1a: Serperior
|-activate|p1a: Serperior|move: Protect
|
|-heal|p1a: Serperior|69/100|[from] item: Leftovers
|upkeep
|turn|16
|
|t:|1779629848
|move|p2a: Serperior|Leaf Storm|p1a: Serperior
|-resisted|p1a: Serperior
|-damage|p1a: Serperior|0 fnt
|-boost|p2a: Serperior|spa|2
|faint|p1a: Serperior
|
|upkeep
|
|t:|1779629851
|switch|p1a: Delphox|Delphox, F|100/100
|turn|17
|
|t:|1779629859
|switch|p1a: Venusaur|Venusaur, M|100/100
|move|p2a: Serperior|Leaf Storm|p1a: Venusaur
|-resisted|p1a: Venusaur
|-damage|p1a: Venusaur|25/100
|-boost|p2a: Serperior|spa|2
|
|-heal|p1a: Venusaur|31/100|[from] item: Black Sludge
|upkeep
|turn|18
|
|t:|1779629869
|move|p1a: Venusaur|Protect|p1a: Venusaur
|-singleturn|p1a: Venusaur|Protect
|move|p2a: Serperior|Leaf Storm|p1a: Venusaur
|-activate|p1a: Venusaur|move: Protect
|
|-heal|p1a: Venusaur|37/100|[from] item: Black Sludge
|upkeep
|turn|19
|
|t:|1779629877
|move|p2a: Serperior|Leaf Storm|p1a: Venusaur
|-resisted|p1a: Venusaur
|-damage|p1a: Venusaur|0 fnt
|faint|p1a: Venusaur
|
|upkeep
|
|t:|1779629879
|switch|p1a: Delphox|Delphox, F|100/100
|turn|20
|
|t:|1779629885
|move|p2a: Serperior|Leaf Storm|p1a: Delphox|[miss]
|-miss|p2a: Serperior|p1a: Delphox
|move|p1a: Delphox|Mystical Fire|p2a: Serperior
|-supereffective|p2a: Serperior
|-damage|p2a: Serperior|0 fnt
|faint|p2a: Serperior
|
|upkeep
|
|t:|1779629893
|switch|p2a: Empoleon|Empoleon, F|100/100
|-activate|p2a: Empoleon|move: Sticky Web
|-unboost|p2a: Empoleon|spe|1
|-ability|p2a: Empoleon|Competitive|boost
|-boost|p2a: Empoleon|spa|2
|-enditem|p2a: Empoleon|White Herb
|-clearnegativeboost|p2a: Empoleon|[silent]
|turn|21
|
|t:|1779629911
|move|p1a: Delphox|Grass Knot|p2a: Empoleon
|-damage|p2a: Empoleon|76/100
|move|p2a: Empoleon|Surf|p1a: Delphox
|-supereffective|p1a: Delphox
|-damage|p1a: Delphox|0 fnt
|faint|p1a: Delphox
|
|upkeep
|
|t:|1779629914
|switch|p1a: Empoleon|Empoleon, M|100/100
|turn|22
|
|t:|1779629926
|-terastallize|p1a: Empoleon|Grass
|move|p1a: Empoleon|Grass Knot|p2a: Empoleon
|-damage|p2a: Empoleon|37/100
|move|p2a: Empoleon|Surf|p1a: Empoleon
|-resisted|p1a: Empoleon
|-damage|p1a: Empoleon|58/100
|
|-heal|p1a: Empoleon|64/100|[from] item: Leftovers
|upkeep
|turn|23
|
|t:|1779629936
|move|p1a: Empoleon|Grass Knot|p2a: Empoleon
|-damage|p2a: Empoleon|3/100
|move|p2a: Empoleon|Ice Beam|p1a: Empoleon
|-supereffective|p1a: Empoleon
|-damage|p1a: Empoleon|0 fnt
|faint|p1a: Empoleon
|
|win|twodeer3868052
|raw|JohnArq's rating: 1108 &rarr; <strong>1084</strong><br />(-24 for losing)
|raw|twodeer3868052's rating: 1120 &rarr; <strong>1144</strong><br />(+24 for winning)
|l|☆JohnArq
|player|p1|
|c|☆twodeer3868052|gg
|l|☆twodeer3868052
|player|p2|
