|j|☆slitherwing ily ><
|j|☆kshuaib734
|t:|1779651566
|gametype|singles
|player|p1|slitherwing ily ><|iono-masters|1749
|player|p2|kshuaib734|steven|1774
|gen|9
|tier|[Gen 9] OU
|rated|
|rule|HP Percentage Mod: HP is shown in percentages
|rule|Endless Battle Clause: Forcing endless battles is banned
|rule|Species Clause: Limit one of each Pokémon
|rule|OHKO Clause: OHKO moves are banned
|rule|Evasion Items Clause: Evasion items are banned
|rule|Evasion Moves Clause: Evasion moves are banned
|rule|Evasion Abilities Clause: Evasion abilities are banned
|rule|Sleep Moves Clause: Sleep-inducing moves are banned
|clearpoke
|poke|p1|Great Tusk|
|poke|p1|Kingambit, M|
|poke|p1|Raging Bolt|
|poke|p1|Walking Wake|
|poke|p1|Ninetales, F|
|poke|p1|Ceruledge, F|
|poke|p2|Tyranitar, M|
|poke|p2|Zapdos|
|poke|p2|Pelipper, F|
|poke|p2|Quaquaval, F|
|poke|p2|Kingdra, F|
|poke|p2|Excadrill, F|
|teampreview
|inactive|Battle timer is ON: inactive players will automatically lose when time's up. (requested by kshuaib734)
|c|☆slitherwing ily ><|hf
|c|☆kshuaib734|u2
|
|t:|1779651589
|teamsize|p1|6
|teamsize|p2|6
|start
|switch|p1a: Angry Nut|Raging Bolt|100/100
|switch|p2a: King Tyrant|Tyranitar, M|100/100
|-item|p1a: Angry Nut|Air Balloon
|-weather|Sandstorm|[from] ability: Sand Stream|[of] p2a: King Tyrant
|turn|1
|
|t:|1779651610
|-end|p1a: Angry Nut|Protosynthesis|[silent]
|switch|p1a: nah i'd spin|Great Tusk|100/100
|move|p2a: King Tyrant|Stealth Rock|p1a: nah i'd spin
|-sidestart|p1: slitherwing ily ><|move: Stealth Rock
|
|-weather|Sandstorm|[upkeep]
|upkeep
|turn|2
|
|t:|1779651616
|-terastallize|p2a: King Tyrant|Ghost
|move|p1a: nah i'd spin|Rapid Spin|p2a: King Tyrant
|-immune|p2a: King Tyrant
|move|p2a: King Tyrant|Ice Beam|p1a: nah i'd spin
|-supereffective|p1a: nah i'd spin
|-damage|p1a: nah i'd spin|56/100
|
|-weather|Sandstorm|[upkeep]
|-damage|p2a: King Tyrant|94/100|[from] Sandstorm
|upkeep
|turn|3
|
|t:|1779651632
|move|p1a: nah i'd spin|Headlong Rush|p2a: King Tyrant
|-crit|p2a: King Tyrant
|-damage|p2a: King Tyrant|29/100
|-unboost|p1a: nah i'd spin|def|1
|-unboost|p1a: nah i'd spin|spd|1
|move|p2a: King Tyrant|Knock Off|p1a: nah i'd spin
|-resisted|p1a: nah i'd spin
|-damage|p1a: nah i'd spin|34/100
|-enditem|p1a: nah i'd spin|Assault Vest|[from] move: Knock Off|[of] p2a: King Tyrant
|
|-weather|Sandstorm|[upkeep]
|-damage|p2a: King Tyrant|23/100|[from] Sandstorm
|upkeep
|turn|4
|
|t:|1779651643
|move|p1a: nah i'd spin|Rapid Spin|p2a: King Tyrant
|-immune|p2a: King Tyrant
|move|p2a: King Tyrant|Ice Beam|p1a: nah i'd spin
|-supereffective|p1a: nah i'd spin
|-damage|p1a: nah i'd spin|0 fnt
|faint|p1a: nah i'd spin
|-end|p1a: nah i'd spin|Protosynthesis|[silent]
|
|-weather|Sandstorm|[upkeep]
|-damage|p2a: King Tyrant|17/100|[from] Sandstorm
|upkeep
|c|☆slitherwing ily ><|oop
|
|t:|1779651646
|switch|p1a: Resevoir slogs|Walking Wake|100/100
|-damage|p1a: Resevoir slogs|88/100|[from] Stealth Rock
|turn|5
|j| FaronAan
|j| hobamna
|
|t:|1779651666
|switch|p2a: Tyrant's Legacy|Excadrill, F|100/100
|move|p1a: Resevoir slogs|Hydro Steam|p2a: Tyrant's Legacy
|-supereffective|p2a: Tyrant's Legacy
|-damage|p2a: Tyrant's Legacy|0 fnt
|faint|p2a: Tyrant's Legacy
|
|-weather|none
|upkeep
|
|t:|1779651674
|switch|p2a: Tyrant's Enforcer|Zapdos|100/100
|turn|6
|
|t:|1779651681
|move|p1a: Resevoir slogs|Hydro Steam|p2a: Tyrant's Enforcer
|-damage|p2a: Tyrant's Enforcer|50/100
|move|p2a: Tyrant's Enforcer|Volt Switch|p1a: Resevoir slogs
|-damage|p1a: Resevoir slogs|50/100
|
|t:|1779651693
|switch|p2a: Tyrant's Endgame|Quaquaval, F|100/100|[from] Volt Switch
|
|upkeep
|turn|7
|
|t:|1779651709
|move|p1a: Resevoir slogs|Flip Turn|p2a: Tyrant's Endgame
|-resisted|p2a: Tyrant's Endgame
|-damage|p2a: Tyrant's Endgame|88/100
|
|t:|1779651710
|-end|p1a: Resevoir slogs|Protosynthesis|[silent]
|switch|p1a: Red judas|Ceruledge, F|100/100|[from] Flip Turn
|-damage|p1a: Red judas|76/100|[from] Stealth Rock
|-item|p1a: Red judas|Air Balloon
|move|p2a: Tyrant's Endgame|Aqua Step|p1a: Red judas
|-supereffective|p1a: Red judas
|-damage|p1a: Red judas|0 fnt
|-boost|p2a: Tyrant's Endgame|spe|1
|-enditem|p1a: Red judas|Air Balloon
|faint|p1a: Red judas
|-ability|p2a: Tyrant's Endgame|Moxie|boost
|-boost|p2a: Tyrant's Endgame|atk|1
|
|upkeep
|c|☆slitherwing ily ><|oop
|
|t:|1779651714
|switch|p1a: Angry Nut|Raging Bolt|100/100
|-damage|p1a: Angry Nut|88/100|[from] Stealth Rock
|-item|p1a: Angry Nut|Air Balloon
|turn|8
|
|t:|1779651729
|move|p2a: Tyrant's Endgame|Aqua Jet|p1a: Angry Nut
|-resisted|p1a: Angry Nut
|-damage|p1a: Angry Nut|71/100
|-enditem|p1a: Angry Nut|Air Balloon
|move|p1a: Angry Nut|Thunderbolt|p2a: Tyrant's Endgame
|-supereffective|p2a: Tyrant's Endgame
|-damage|p2a: Tyrant's Endgame|0 fnt
|faint|p2a: Tyrant's Endgame
|
|upkeep
|
|t:|1779651745
|switch|p2a: King Tyrant|Tyranitar, M, tera:Ghost|17/100
|-weather|Sandstorm|[from] ability: Sand Stream|[of] p2a: King Tyrant
|turn|9
|
|t:|1779651750
|move|p1a: Angry Nut|Thunderbolt|p2a: King Tyrant
|-damage|p2a: King Tyrant|0 fnt
|faint|p2a: King Tyrant
|
|-weather|Sandstorm|[upkeep]
|-damage|p1a: Angry Nut|64/100|[from] Sandstorm
|upkeep
|
|t:|1779651755
|switch|p2a: Tyrant's Enforcer|Zapdos|50/100
|turn|10
|
|t:|1779651759
|move|p2a: Tyrant's Enforcer|Weather Ball|p1a: Angry Nut
|-damage|p1a: Angry Nut|36/100
|move|p1a: Angry Nut|Weather Ball|p2a: Tyrant's Enforcer
|-supereffective|p2a: Tyrant's Enforcer
|-damage|p2a: Tyrant's Enforcer|0 fnt
|faint|p2a: Tyrant's Enforcer
|
|-weather|Sandstorm|[upkeep]
|-damage|p1a: Angry Nut|30/100|[from] Sandstorm
|upkeep
|
|t:|1779651769
|switch|p2a: Tyrant's Vengeance|Kingdra, F|100/100
|turn|11
|
|t:|1779651776
|move|p1a: Angry Nut|Thunderclap|p2a: Tyrant's Vengeance
|-damage|p2a: Tyrant's Vengeance|51/100
|move|p2a: Tyrant's Vengeance|Weather Ball|p1a: Angry Nut
|-damage|p1a: Angry Nut|0 fnt
|faint|p1a: Angry Nut
|-end|p1a: Angry Nut|Protosynthesis|[silent]
|
|-weather|Sandstorm|[upkeep]
|-damage|p2a: Tyrant's Vengeance|45/100|[from] Sandstorm
|upkeep
|
|t:|1779651781
|switch|p1a: 2.f4|Kingambit, M|100/100
|-damage|p1a: 2.f4|94/100|[from] Stealth Rock
|-activate|p1a: 2.f4|ability: Supreme Overlord
|-start|p1a: 2.f4|fallen3|[silent]
|-item|p1a: 2.f4|Air Balloon
|turn|12
|j| Little Cuack
|
|t:|1779651789
|switch|p2a: Tyrant's Downpour|Pelipper, F|100/100
|-weather|RainDance|[from] ability: Drizzle|[of] p2a: Tyrant's Downpour
|move|p1a: 2.f4|Kowtow Cleave|p2a: Tyrant's Downpour
|-damage|p2a: Tyrant's Downpour|51/100
|
|-weather|RainDance|[upkeep]
|upkeep
|turn|13
|
|t:|1779651796
|move|p1a: 2.f4|Kowtow Cleave|p2a: Tyrant's Downpour
|-damage|p2a: Tyrant's Downpour|0 fnt
|faint|p2a: Tyrant's Downpour
|
|-weather|RainDance|[upkeep]
|upkeep
|
|t:|1779651801
|switch|p2a: Tyrant's Vengeance|Kingdra, F|45/100
|turn|14
|j| bronwynskaftan
|l| bronwynskaftan
|-message|kshuaib734 forfeited.
|
|win|slitherwing ily ><
|raw|slitherwing ily &gt;&lt;'s rating: 1749 &rarr; <strong>1770</strong><br />(+21 for winning)
|raw|kshuaib734's rating: 1774 &rarr; <strong>1753</strong><br />(-21 for losing)
|l|☆kshuaib734
|player|p2|
|l|☆slitherwing ily ><
|player|p1|
|l| FaronAan
|l| Little Cuack
