|j|☆SWAGGER_W2F
|j|☆t0usei
|t:|1779706997
|gametype|singles
|player|p1|SWAGGER_W2F|flint|1645
|player|p2|t0usei|ghetsis|1613
|gen|9
|tier|[Gen 9] OU
|rated|
|rule|HP Percentage Mod: HP is shown in percentages
|rule|Endless Battle Clause: Forcing endless battles is banned
|rule|Species Clause: Limit one of each Pokémon
|rule|OHKO Clause: OHKO moves are banned
|rule|Evasion Items Clause: Evasion items are banned
|rule|Evasion Moves Clause: Evasion moves are banned
|rule|Evasion Abilities Clause: Evasion abilities are banned
|rule|Sleep Moves Clause: Sleep-inducing moves are banned
|clearpoke
|poke|p1|Ceruledge, F|
|poke|p1|Scizor, M|
|poke|p1|Raging Bolt|
|poke|p1|Primarina, F|
|poke|p1|Mandibuzz, F|
|poke|p1|Great Tusk|
|poke|p2|Gliscor, M|
|poke|p2|Gholdengo|
|poke|p2|Dragonite, F|
|poke|p2|Ting-Lu|
|poke|p2|Darkrai|
|poke|p2|Zamazenta-*|
|teampreview
|inactive|Battle timer is ON: inactive players will automatically lose when time's up. (requested by t0usei)
|inactive|t0usei has 120 seconds left.
|
|t:|1779707031
|teamsize|p1|6
|teamsize|p2|6
|start
|switch|p1a: Primarina|Primarina, F|100/100
|switch|p2a: Ting-Lu|Ting-Lu|100/100
|-ability|p2a: Ting-Lu|Vessel of Ruin
|turn|1
|
|t:|1779707038
|move|p1a: Primarina|Psychic Noise|p2a: Ting-Lu
|-supereffective|p2a: Ting-Lu
|-damage|p2a: Ting-Lu|76/100
|-start|p2a: Ting-Lu|move: Heal Block
|move|p2a: Ting-Lu|Stealth Rock|p1a: Primarina
|-sidestart|p1: SWAGGER_W2F|move: Stealth Rock
|
|upkeep
|turn|2
|
|t:|1779707045
|move|p1a: Primarina|Substitute|p1a: Primarina
|-start|p1a: Primarina|Substitute
|-damage|p1a: Primarina|75/100
|move|p2a: Ting-Lu|Ruination|p1a: Primarina
|-end|p1a: Primarina|Substitute
|
|-heal|p1a: Primarina|82/100|[from] item: Leftovers
|-end|p2a: Ting-Lu|move: Heal Block
|upkeep
|turn|3
|
|t:|1779707053
|switch|p1a: Mandibuzz|Mandibuzz, F|100/100
|move|p2a: Ting-Lu|Earthquake|p1a: Mandibuzz
|-immune|p1a: Mandibuzz
|
|-heal|p2a: Ting-Lu|82/100|[from] item: Leftovers
|upkeep
|turn|4
|
|t:|1779707061
|switch|p2a: Gholdengo|Gholdengo|100/100
|move|p1a: Mandibuzz|U-turn|p2a: Gholdengo
|-resisted|p2a: Gholdengo
|-damage|p2a: Gholdengo|98/100
|
|t:|1779707066
|switch|p1a: Ceruledge|Ceruledge, F|100/100|[from] U-turn
|-damage|p1a: Ceruledge|76/100|[from] Stealth Rock
|
|upkeep
|turn|5
|
|t:|1779707070
|move|p2a: Gholdengo|Shadow Ball|p1a: Ceruledge
|-supereffective|p1a: Ceruledge
|-damage|p1a: Ceruledge|16/100
|move|p1a: Ceruledge|Bitter Blade|p2a: Gholdengo
|-supereffective|p2a: Gholdengo
|-damage|p2a: Gholdengo|0 fnt
|-heal|p1a: Ceruledge|59/100|[from] drain|[of] p2a: Gholdengo
|faint|p2a: Gholdengo
|
|upkeep
|
|t:|1779707077
|switch|p2a: Gliscor|Gliscor, M|100/100
|turn|6
|
|t:|1779707081
|switch|p1a: Mandibuzz|Mandibuzz, F|100/100
|move|p2a: Gliscor|Spikes|p1a: Mandibuzz
|-sidestart|p1: SWAGGER_W2F|Spikes
|
|-status|p2a: Gliscor|tox|[from] item: Toxic Orb
|upkeep
|turn|7
|
|t:|1779707086
|move|p2a: Gliscor|Toxic|p1a: Mandibuzz
|-status|p1a: Mandibuzz|tox
|move|p1a: Mandibuzz|Defog|p2a: Gliscor
|-unboost|p2a: Gliscor|evasion|1
|-sideend|p1: SWAGGER_W2F|Spikes|[from] move: Defog|[of] p1a: Mandibuzz
|-sideend|p1: SWAGGER_W2F|Stealth Rock|[from] move: Defog|[of] p1a: Mandibuzz
|
|-damage|p1a: Mandibuzz|94/100 tox|[from] psn
|upkeep
|turn|8
|
|t:|1779707096
|move|p2a: Gliscor|Spikes|p1a: Mandibuzz
|-sidestart|p1: SWAGGER_W2F|Spikes
|move|p1a: Mandibuzz|U-turn|p2a: Gliscor
|-resisted|p2a: Gliscor
|-damage|p2a: Gliscor|97/100 tox
|
|t:|1779707102
|switch|p1a: Primarina|Primarina, F|82/100|[from] U-turn
|-damage|p1a: Primarina|69/100|[from] Spikes
|
|-heal|p1a: Primarina|75/100|[from] item: Leftovers
|-heal|p2a: Gliscor|100/100 tox|[from] ability: Poison Heal
|upkeep
|turn|9
|
|t:|1779707113
|switch|p2a: Ting-Lu|Ting-Lu|82/100
|-ability|p2a: Ting-Lu|Vessel of Ruin
|move|p1a: Primarina|Psychic Noise|p2a: Ting-Lu
|-supereffective|p2a: Ting-Lu
|-damage|p2a: Ting-Lu|57/100
|-start|p2a: Ting-Lu|move: Heal Block
|
|-heal|p1a: Primarina|81/100|[from] item: Leftovers
|upkeep
|turn|10
|
|t:|1779707124
|move|p1a: Primarina|Draining Kiss|p2a: Ting-Lu
|-supereffective|p2a: Ting-Lu
|-damage|p2a: Ting-Lu|38/100
|-heal|p1a: Primarina|100/100|[from] drain|[of] p2a: Ting-Lu
|move|p2a: Ting-Lu|Ruination|p1a: Primarina
|-damage|p1a: Primarina|50/100
|
|-heal|p1a: Primarina|57/100|[from] item: Leftovers
|-end|p2a: Ting-Lu|move: Heal Block
|upkeep
|turn|11
|
|t:|1779707133
|move|p1a: Primarina|Draining Kiss|p2a: Ting-Lu
|-supereffective|p2a: Ting-Lu
|-crit|p2a: Ting-Lu
|-damage|p2a: Ting-Lu|9/100
|-heal|p1a: Primarina|87/100|[from] drain|[of] p2a: Ting-Lu
|move|p2a: Ting-Lu|Earthquake|p1a: Primarina
|-damage|p1a: Primarina|58/100
|
|-heal|p1a: Primarina|64/100|[from] item: Leftovers
|-heal|p2a: Ting-Lu|16/100|[from] item: Leftovers
|upkeep
|turn|12
|j| cachowcapow
|
|t:|1779707142
|switch|p2a: Gliscor|Gliscor, M|100/100 tox
|move|p1a: Primarina|Draining Kiss|p2a: Gliscor
|-damage|p2a: Gliscor|75/100 tox
|-heal|p1a: Primarina|82/100|[from] drain|[of] p2a: Gliscor
|
|-heal|p1a: Primarina|88/100|[from] item: Leftovers
|-heal|p2a: Gliscor|88/100 tox|[from] ability: Poison Heal
|upkeep
|turn|13
|l| cachowcapow
|
|t:|1779707155
|switch|p1a: Scizor|Scizor, M|100/100
|-damage|p1a: Scizor|88/100|[from] Spikes
|move|p2a: Gliscor|Spikes|p1a: Scizor
|-sidestart|p1: SWAGGER_W2F|Spikes
|
|-heal|p2a: Gliscor|100/100 tox|[from] ability: Poison Heal
|upkeep
|turn|14
|
|t:|1779707167
|switch|p2a: Ting-Lu|Ting-Lu|16/100
|-ability|p2a: Ting-Lu|Vessel of Ruin
|move|p1a: Scizor|U-turn|p2a: Ting-Lu
|-supereffective|p2a: Ting-Lu
|-damage|p2a: Ting-Lu|0 fnt
|faint|p2a: Ting-Lu
|
|t:|1779707174
|switch|p1a: Great Tusk|Great Tusk|100/100|[from] U-turn
|-damage|p1a: Great Tusk|84/100|[from] Spikes
|
|upkeep
|
|t:|1779707184
|switch|p2a: Darkrai|Darkrai|100/100
|turn|15
|
|t:|1779707187
|move|p1a: Great Tusk|Close Combat|p2a: Darkrai
|-supereffective|p2a: Darkrai
|-damage|p2a: Darkrai|0 fnt
|-unboost|p1a: Great Tusk|def|1
|-unboost|p1a: Great Tusk|spd|1
|faint|p2a: Darkrai
|
|upkeep
|
|t:|1779707191
|switch|p2a: Gliscor|Gliscor, M|100/100 tox
|turn|16
|
|t:|1779707196
|-end|p1a: Great Tusk|Protosynthesis|[silent]
|switch|p1a: Mandibuzz|Mandibuzz, F|94/100 tox
|move|p2a: Gliscor|Toxic|p1a: Mandibuzz
|-fail|p1a: Mandibuzz|tox
|
|-damage|p1a: Mandibuzz|88/100 tox|[from] psn
|upkeep
|turn|17
|
|t:|1779707202
|move|p2a: Gliscor|Spikes|p1a: Mandibuzz
|-sidestart|p1: SWAGGER_W2F|Spikes
|move|p1a: Mandibuzz|Defog|p2a: Gliscor
|-unboost|p2a: Gliscor|evasion|1
|-sideend|p1: SWAGGER_W2F|Spikes|[from] move: Defog|[of] p1a: Mandibuzz
|
|-damage|p1a: Mandibuzz|76/100 tox|[from] psn
|upkeep
|turn|18
|
|t:|1779707214
|switch|p1a: Raging Bolt|Raging Bolt|100/100
|move|p2a: Gliscor|Spikes|p1a: Raging Bolt
|-sidestart|p1: SWAGGER_W2F|Spikes
|
|upkeep
|turn|19
|
|t:|1779707219
|move|p1a: Raging Bolt|Draco Meteor|p2a: Gliscor
|-crit|p2a: Gliscor
|-damage|p2a: Gliscor|0 fnt
|-unboost|p1a: Raging Bolt|spa|2
|faint|p2a: Gliscor
|
|upkeep
|-message|t0usei forfeited.
|
|win|SWAGGER_W2F
|raw|SWAGGER_W2F's rating: 1645 &rarr; <strong>1663</strong><br />(+18 for winning)
|raw|t0usei's rating: 1613 &rarr; <strong>1595</strong><br />(-18 for losing)
|l|☆t0usei
|player|p2|
