|j|☆ihymyly
|j|☆CyberH3
|t:|1779642838
|gametype|singles
|player|p1|ihymyly|102|1514
|player|p2|CyberH3|266|1531
|gen|9
|tier|[Gen 9] OU
|rated|
|rule|HP Percentage Mod: HP is shown in percentages
|rule|Endless Battle Clause: Forcing endless battles is banned
|rule|Species Clause: Limit one of each Pokémon
|rule|OHKO Clause: OHKO moves are banned
|rule|Evasion Items Clause: Evasion items are banned
|rule|Evasion Moves Clause: Evasion moves are banned
|rule|Evasion Abilities Clause: Evasion abilities are banned
|rule|Sleep Moves Clause: Sleep-inducing moves are banned
|clearpoke
|poke|p1|Gholdengo|
|poke|p1|Great Tusk|
|poke|p1|Darkrai|
|poke|p1|Weavile, M|
|poke|p1|Ogerpon-Wellspring, F|
|poke|p1|Raging Bolt|
|poke|p2|Pecharunt|
|poke|p2|Zapdos|
|poke|p2|Araquanid, F|
|poke|p2|Ogerpon-Wellspring, F|
|poke|p2|Iron Treads|
|poke|p2|Cinderace, M|
|teampreview
|
|t:|1779642851
|teamsize|p1|6
|teamsize|p2|6
|start
|switch|p1a: Ogerpon|Ogerpon-Wellspring, F|100/100
|switch|p2a: Iron Treads|Iron Treads|100/100
|turn|1
|
|t:|1779642855
|-end|p2a: Iron Treads|Quark Drive|[silent]
|switch|p2a: Pecharunt|Pecharunt|100/100
|move|p1a: Ogerpon|Ivy Cudgel|p2a: Pecharunt|[anim] Ivy Cudgel Water
|-crit|p2a: Pecharunt
|-damage|p2a: Pecharunt|50/100
|
|-heal|p2a: Pecharunt|56/100|[from] item: Leftovers
|upkeep
|turn|2
|
|t:|1779642862
|move|p1a: Ogerpon|Spikes|p2a: Pecharunt
|-sidestart|p2: CyberH3|Spikes
|move|p2a: Pecharunt|Recover|p2a: Pecharunt
|-heal|p2a: Pecharunt|100/100
|
|upkeep
|turn|3
|
|t:|1779642865
|switch|p1a: Gholdengo|Gholdengo|100/100
|move|p2a: Pecharunt|Malignant Chain|p1a: Gholdengo
|-immune|p1a: Gholdengo
|
|upkeep
|turn|4
|
|t:|1779642872
|switch|p2a: Araquanid|Araquanid, F|100/100
|-damage|p2a: Araquanid|88/100|[from] Spikes
|move|p1a: Gholdengo|Trick|p2a: Araquanid
|-activate|p1a: Gholdengo|move: Trick|[of] p2a: Araquanid
|-item|p2a: Araquanid|Choice Scarf|[from] move: Trick
|-item|p1a: Gholdengo|Custap Berry|[from] move: Trick
|
|upkeep
|turn|5
|
|t:|1779642879
|move|p1a: Gholdengo|Nasty Plot|p1a: Gholdengo
|-boost|p1a: Gholdengo|spa|2
|move|p2a: Araquanid|Leech Life|p1a: Gholdengo
|-resisted|p1a: Gholdengo
|-damage|p1a: Gholdengo|93/100
|-heal|p2a: Araquanid|92/100|[from] drain|[of] p1a: Gholdengo
|
|upkeep
|turn|6
|
|t:|1779642885
|switch|p2a: Zapdos|Zapdos|100/100
|move|p1a: Gholdengo|Shadow Ball|p2a: Zapdos
|-damage|p2a: Zapdos|19/100
|
|upkeep
|turn|7
|
|t:|1779642887
|move|p1a: Gholdengo|Shadow Ball|p2a: Zapdos
|-damage|p2a: Zapdos|0 fnt
|faint|p2a: Zapdos
|
|upkeep
|
|t:|1779642890
|switch|p2a: Cinderace|Cinderace, M|100/100
|-damage|p2a: Cinderace|88/100|[from] Spikes
|turn|8
|
|t:|1779642893
|move|p2a: Cinderace|Pyro Ball|p1a: Gholdengo
|-supereffective|p1a: Gholdengo
|-damage|p1a: Gholdengo|0 fnt
|faint|p1a: Gholdengo
|-damage|p2a: Cinderace|78/100|[from] item: Life Orb
|
|upkeep
|
|t:|1779642902
|switch|p1a: Raging Bolt|Raging Bolt|100/100
|-enditem|p1a: Raging Bolt|Booster Energy
|-activate|p1a: Raging Bolt|ability: Protosynthesis|[fromitem]
|-start|p1a: Raging Bolt|protosynthesisspa
|turn|9
|
|t:|1779642907
|switch|p2a: Iron Treads|Iron Treads|100/100
|move|p1a: Raging Bolt|Dragon Pulse|p2a: Iron Treads
|-resisted|p2a: Iron Treads
|-damage|p2a: Iron Treads|44/100
|
|upkeep
|turn|10
|
|t:|1779642913
|move|p2a: Iron Treads|Earth Power|p1a: Raging Bolt
|-supereffective|p1a: Raging Bolt
|-damage|p1a: Raging Bolt|39/100
|move|p1a: Raging Bolt|Dragon Pulse|p2a: Iron Treads
|-resisted|p2a: Iron Treads
|-damage|p2a: Iron Treads|0 fnt
|faint|p2a: Iron Treads
|-end|p2a: Iron Treads|Quark Drive|[silent]
|
|upkeep
|
|t:|1779642916
|switch|p2a: Cinderace|Cinderace, M|78/100
|-damage|p2a: Cinderace|66/100|[from] Spikes
|turn|11
|
|t:|1779642922
|move|p2a: Cinderace|Sucker Punch|p1a: Raging Bolt
|-start|p2a: Cinderace|typechange|Dark|[from] ability: Libero
|-damage|p1a: Raging Bolt|2/100
|-damage|p2a: Cinderace|56/100|[from] item: Life Orb
|move|p1a: Raging Bolt|Thunderclap||[still]
|-fail|p1a: Raging Bolt
|
|upkeep
|turn|12
|
|t:|1779642930
|move|p2a: Cinderace|Sucker Punch||[still]
|-fail|p2a: Cinderace
|move|p1a: Raging Bolt|Calm Mind|p1a: Raging Bolt
|-boost|p1a: Raging Bolt|spa|1
|-boost|p1a: Raging Bolt|spd|1
|
|upkeep
|turn|13
|
|t:|1779642933
|move|p2a: Cinderace|Pyro Ball|p1a: Raging Bolt
|-resisted|p1a: Raging Bolt
|-damage|p1a: Raging Bolt|0 fnt
|faint|p1a: Raging Bolt
|-end|p1a: Raging Bolt|Protosynthesis|[silent]
|-damage|p2a: Cinderace|46/100|[from] item: Life Orb
|
|upkeep
|
|t:|1779642941
|switch|p1a: almost*evil*jordan|Darkrai, shiny|100/100
|turn|14
|
|t:|1779642945
|switch|p2a: Araquanid|Araquanid, F|92/100
|-damage|p2a: Araquanid|80/100|[from] Spikes
|move|p1a: almost*evil*jordan|Sludge Bomb|p2a: Araquanid
|-damage|p2a: Araquanid|55/100
|
|upkeep
|turn|15
|
|t:|1779642950
|switch|p1a: Ogerpon|Ogerpon-Wellspring, F|100/100
|move|p2a: Araquanid|Leech Life|p1a: Ogerpon
|-supereffective|p1a: Ogerpon
|-damage|p1a: Ogerpon|13/100
|-heal|p2a: Araquanid|94/100|[from] drain|[of] p1a: Ogerpon
|
|upkeep
|turn|16
|
|t:|1779642961
|switch|p2a: Ogerpon|Ogerpon-Wellspring, F|100/100
|-damage|p2a: Ogerpon|88/100|[from] Spikes
|move|p1a: Ogerpon|Ivy Cudgel|p2a: Ogerpon|[anim] Ivy Cudgel Water
|-heal|p2a: Ogerpon|100/100|[from] ability: Water Absorb|[of] p1a: Ogerpon
|
|upkeep
|turn|17
|
|t:|1779642964
|move|p1a: Ogerpon|Horn Leech|p2a: Ogerpon
|-damage|p2a: Ogerpon|43/100
|-heal|p1a: Ogerpon|42/100|[from] drain|[of] p2a: Ogerpon
|move|p2a: Ogerpon|Play Rough|p1a: Ogerpon
|-crit|p1a: Ogerpon
|-damage|p1a: Ogerpon|0 fnt
|faint|p1a: Ogerpon
|
|upkeep
|
|t:|1779642985
|switch|p1a: almost*evil*jordan|Darkrai, shiny|100/100
|turn|18
|
|t:|1779642988
|move|p1a: almost*evil*jordan|Dark Pulse|p2a: Ogerpon
|-damage|p2a: Ogerpon|0 fnt
|faint|p2a: Ogerpon
|
|upkeep
|
|t:|1779642992
|switch|p2a: Araquanid|Araquanid, F|94/100
|-damage|p2a: Araquanid|82/100|[from] Spikes
|turn|19
|
|t:|1779642996
|move|p1a: almost*evil*jordan|Nasty Plot|p1a: almost*evil*jordan
|-boost|p1a: almost*evil*jordan|spa|2
|move|p2a: Araquanid|Liquidation|p1a: almost*evil*jordan
|-damage|p1a: almost*evil*jordan|22/100
|-unboost|p1a: almost*evil*jordan|def|1
|
|-heal|p1a: almost*evil*jordan|28/100|[from] item: Leftovers
|upkeep
|turn|20
|
|t:|1779643002
|move|p1a: almost*evil*jordan|Dark Pulse|p2a: Araquanid
|-damage|p2a: Araquanid|20/100
|move|p2a: Araquanid|Liquidation|p1a: almost*evil*jordan
|-damage|p1a: almost*evil*jordan|0 fnt
|faint|p1a: almost*evil*jordan
|
|upkeep
|
|t:|1779643008
|switch|p1a: Mr. -ice Guy|Weavile, M|100/100
|-ability|p1a: Mr. -ice Guy|Pressure
|turn|21
|
|t:|1779643011
|move|p1a: Mr. -ice Guy|Knock Off|p2a: Araquanid
|-damage|p2a: Araquanid|0 fnt
|-enditem|p2a: Araquanid|Choice Scarf|[from] move: Knock Off|[of] p1a: Mr. -ice Guy
|faint|p2a: Araquanid
|
|upkeep
|
|t:|1779643014
|switch|p2a: Cinderace|Cinderace, M|46/100
|-damage|p2a: Cinderace|34/100|[from] Spikes
|turn|22
|
|t:|1779643019
|move|p2a: Cinderace|Sucker Punch|p1a: Mr. -ice Guy
|-start|p2a: Cinderace|typechange|Dark|[from] ability: Libero
|-resisted|p1a: Mr. -ice Guy
|-damage|p1a: Mr. -ice Guy|59/100
|-damage|p2a: Cinderace|24/100|[from] item: Life Orb
|move|p1a: Mr. -ice Guy|Knock Off|p2a: Cinderace
|-resisted|p2a: Cinderace
|-damage|p2a: Cinderace|0 fnt
|-enditem|p2a: Cinderace|Life Orb|[from] move: Knock Off|[of] p1a: Mr. -ice Guy
|faint|p2a: Cinderace
|
|upkeep
|
|t:|1779643021
|switch|p2a: Pecharunt|Pecharunt|100/100
|-damage|p2a: Pecharunt|88/100|[from] Spikes
|turn|23
|
|t:|1779643026
|-terastallize|p2a: Pecharunt|Water
|move|p1a: Mr. -ice Guy|Knock Off|p2a: Pecharunt
|-damage|p2a: Pecharunt|57/100
|-enditem|p2a: Pecharunt|Leftovers|[from] move: Knock Off|[of] p1a: Mr. -ice Guy
|move|p2a: Pecharunt|Nasty Plot|p2a: Pecharunt
|-boost|p2a: Pecharunt|spa|2
|
|upkeep
|turn|24
|
|t:|1779643037
|move|p1a: Mr. -ice Guy|Swords Dance|p1a: Mr. -ice Guy
|-boost|p1a: Mr. -ice Guy|atk|2
|move|p2a: Pecharunt|Recover|p2a: Pecharunt
|-heal|p2a: Pecharunt|100/100
|
|upkeep
|turn|25
|
|t:|1779643039
|move|p1a: Mr. -ice Guy|Knock Off|p2a: Pecharunt
|-damage|p2a: Pecharunt|63/100
|move|p2a: Pecharunt|Malignant Chain|p1a: Mr. -ice Guy
|-damage|p1a: Mr. -ice Guy|0 fnt
|faint|p1a: Mr. -ice Guy
|
|upkeep
|
|t:|1779643046
|switch|p1a: Primal Schnoz|Great Tusk|100/100
|turn|26
|
|t:|1779643052
|-terastallize|p1a: Primal Schnoz|Steel
|move|p1a: Primal Schnoz|Headlong Rush|p2a: Pecharunt
|-damage|p2a: Pecharunt|30/100
|-unboost|p1a: Primal Schnoz|def|1
|-unboost|p1a: Primal Schnoz|spd|1
|move|p2a: Pecharunt|Recover|p2a: Pecharunt
|-heal|p2a: Pecharunt|80/100
|
|upkeep
|turn|27
|
|t:|1779643054
|move|p1a: Primal Schnoz|Headlong Rush|p2a: Pecharunt
|-damage|p2a: Pecharunt|51/100
|-unboost|p1a: Primal Schnoz|def|1
|-unboost|p1a: Primal Schnoz|spd|1
|move|p2a: Pecharunt|Hex|p1a: Primal Schnoz
|-damage|p1a: Primal Schnoz|0 fnt
|faint|p1a: Primal Schnoz
|-end|p1a: Primal Schnoz|Protosynthesis|[silent]
|
|win|CyberH3
|raw|ihymyly's rating: 1514 &rarr; <strong>1495</strong><br />(-19 for losing)
|raw|CyberH3's rating: 1531 &rarr; <strong>1550</strong><br />(+19 for winning)
|l|☆ihymyly
|player|p1|
