|j|☆greysay
|j|☆night of tink
|t:|1779573537
|gametype|singles
|player|p1|greysay|lenora|1003
|player|p2|night of tink|roxie|1012
|gen|9
|tier|[Gen 9] OU
|rated|
|rule|HP Percentage Mod: HP is shown in percentages
|rule|Endless Battle Clause: Forcing endless battles is banned
|rule|Species Clause: Limit one of each Pokémon
|rule|OHKO Clause: OHKO moves are banned
|rule|Evasion Items Clause: Evasion items are banned
|rule|Evasion Moves Clause: Evasion moves are banned
|rule|Evasion Abilities Clause: Evasion abilities are banned
|rule|Sleep Moves Clause: Sleep-inducing moves are banned
|clearpoke
|poke|p1|Grafaiai, F|
|poke|p1|Scyther, M|
|poke|p1|Goodra-Hisui, F|
|poke|p1|Chandelure, M|
|poke|p1|Primarina, F|
|poke|p1|Chesnaught, F|
|poke|p2|Tinkaton, F|
|poke|p2|Hatterene, F|
|poke|p2|Gholdengo|
|poke|p2|Walking Wake|
|poke|p2|Meowscarada, F|
|poke|p2|Zamazenta-*|
|teampreview
|
|t:|1779573540
|teamsize|p1|6
|teamsize|p2|6
|start
|switch|p1a: Grafaiai|Grafaiai, F|100/100
|switch|p2a: Walking Wake|Walking Wake|100/100
|-enditem|p2a: Walking Wake|Booster Energy
|-activate|p2a: Walking Wake|ability: Protosynthesis|[fromitem]
|-start|p2a: Walking Wake|protosynthesisspa
|turn|1
|c|☆night of tink|!weak grafaiai
|c| night of tink|/raw <div class="infobox">Grafaiai (ignoring abilities):<br /><span class="message-effect-weak">Weaknesses</span>: Ground, Psychic<br /><span class="message-effect-resist">Resistances</span>: Bug, Fairy, Grass, Poison<br /><span class="message-effect-immune">Immunities</span>: Ghost, Toxic</div>
|
|t:|1779573552
|-end|p2a: Walking Wake|Protosynthesis|[silent]
|switch|p2a: Zamazenta|Zamazenta|100/100
|-ability|p2a: Zamazenta|Dauntless Shield|boost
|-boost|p2a: Zamazenta|def|1
|move|p1a: Grafaiai|Switcheroo|p2a: Zamazenta
|-activate|p1a: Grafaiai|move: Trick|[of] p2a: Zamazenta
|-item|p2a: Zamazenta|Sticky Barb|[from] move: Switcheroo
|-item|p1a: Grafaiai|Leftovers|[from] move: Switcheroo
|
|-damage|p2a: Zamazenta|88/100|[from] item: Sticky Barb
|upkeep
|turn|2
|
|t:|1779573562
|move|p2a: Zamazenta|Psychic Fangs|p1a: Grafaiai
|-supereffective|p1a: Grafaiai
|-damage|p1a: Grafaiai|0 fnt
|faint|p1a: Grafaiai
|
|-damage|p2a: Zamazenta|76/100|[from] item: Sticky Barb
|upkeep
|
|t:|1779573569
|switch|p1a: Scyther|Scyther, M|100/100
|turn|3
|c|☆night of tink|scyther has two split evos btw
|
|t:|1779573590
|switch|p2a: Walking Wake|Walking Wake|100/100
|move|p1a: Scyther|Swords Dance|p1a: Scyther
|-boost|p1a: Scyther|atk|2
|
|upkeep
|turn|4
|c|☆night of tink|!weak scyther
|c| night of tink|/raw <div class="infobox">Scyther (ignoring abilities):<br /><span class="message-effect-weak">Weaknesses</span>: Electric, Fire, Flying, Ice, <b>Rock</b><br /><span class="message-effect-resist">Resistances</span>: Bug, <b>Fighting</b>, <b>Grass</b><br /><span class="message-effect-immune">Immunities</span>: Ground</div>
|
|t:|1779573608
|move|p1a: Scyther|Fury Cutter|p2a: Walking Wake
|-damage|p2a: Walking Wake|36/100
|move|p2a: Walking Wake|Flamethrower|p1a: Scyther
|-supereffective|p1a: Scyther
|-damage|p1a: Scyther|32/100
|
|upkeep
|turn|5
|
|t:|1779573624
|-end|p2a: Walking Wake|Protosynthesis|[silent]
|switch|p2a: Tinkaton|Tinkaton, F|100/100
|-ability|p2a: Tinkaton|Mold Breaker
|move|p1a: Scyther|Fury Cutter|p2a: Tinkaton
|-resisted|p2a: Tinkaton
|-damage|p2a: Tinkaton|79/100
|
|upkeep
|turn|6
|
|t:|1779573637
|switch|p1a: Chandelure|Chandelure, M|100/100
|move|p2a: Tinkaton|Stone Edge|p1a: Chandelure
|-supereffective|p1a: Chandelure
|-damage|p1a: Chandelure|55/100
|
|upkeep
|turn|7
|
|t:|1779573646
|move|p2a: Tinkaton|Stone Edge|p1a: Chandelure|[miss]
|-miss|p2a: Tinkaton|p1a: Chandelure
|move|p1a: Chandelure|Rest|p1a: Chandelure
|-status|p1a: Chandelure|slp|[from] move: Rest
|-heal|p1a: Chandelure|100/100 slp|[silent]
|
|upkeep
|turn|8
|
|t:|1779573653
|-terastallize|p2a: Tinkaton|Normal
|move|p2a: Tinkaton|Stone Edge|p1a: Chandelure
|-supereffective|p1a: Chandelure
|-damage|p1a: Chandelure|55/100 slp
|cant|p1a: Chandelure|slp
|move|p1a: Chandelure|Sleep Talk|p1a: Chandelure
|move|p1a: Chandelure|Dark Pulse|p2a: Tinkaton|[from] move: Sleep Talk
|-damage|p2a: Tinkaton|57/100
|
|upkeep
|turn|9
|
|t:|1779573666
|switch|p1a: Chesnaught|Chesnaught, F, shiny|100/100
|move|p2a: Tinkaton|Stone Edge|p1a: Chesnaught
|-resisted|p1a: Chesnaught
|-damage|p1a: Chesnaught|93/100
|
|upkeep
|turn|10
|
|t:|1779573672
|switch|p1a: Primarina|Primarina, F|100/100
|move|p2a: Tinkaton|Play Rough|p1a: Primarina
|-damage|p1a: Primarina|70/100
|
|-heal|p1a: Primarina|76/100|[from] item: Leftovers
|upkeep
|turn|11
|
|t:|1779573679
|move|p2a: Tinkaton|Gigaton Hammer|p1a: Primarina
|-damage|p1a: Primarina|23/100
|move|p1a: Primarina|Whirlpool|p2a: Tinkaton|[miss]
|-miss|p1a: Primarina|p2a: Tinkaton
|
|-heal|p1a: Primarina|29/100|[from] item: Leftovers
|upkeep
|turn|12
|
|t:|1779573687
|move|p1a: Primarina|Protect|p1a: Primarina
|-singleturn|p1a: Primarina|Protect
|move|p2a: Tinkaton|Stone Edge|p1a: Primarina
|-activate|p1a: Primarina|move: Protect
|
|-heal|p1a: Primarina|35/100|[from] item: Leftovers
|upkeep
|turn|13
|
|t:|1779573695
|-terastallize|p1a: Primarina|Water
|move|p2a: Tinkaton|Stone Edge|p1a: Primarina
|-damage|p1a: Primarina|12/100
|move|p1a: Primarina|Whirlpool|p2a: Tinkaton
|-damage|p2a: Tinkaton|15/100
|-activate|p2a: Tinkaton|move: Whirlpool|[of] p1a: Primarina
|
|-heal|p1a: Primarina|18/100|[from] item: Leftovers
|-damage|p2a: Tinkaton|3/100|[from] move: Whirlpool|[partiallytrapped]
|upkeep
|turn|14
|
|t:|1779573707
|move|p1a: Primarina|Protect|p1a: Primarina
|-singleturn|p1a: Primarina|Protect
|move|p2a: Tinkaton|Stone Edge|p1a: Primarina
|-activate|p1a: Primarina|move: Protect
|
|-heal|p1a: Primarina|24/100|[from] item: Leftovers
|-damage|p2a: Tinkaton|0 fnt|[from] move: Whirlpool|[partiallytrapped]
|faint|p2a: Tinkaton
|upkeep
|
|t:|1779573711
|switch|p2a: Meowscarada|Meowscarada, F|100/100
|turn|15
|
|t:|1779573721
|move|p1a: Primarina|Protect||[still]
|-fail|p1a: Primarina
|move|p2a: Meowscarada|Triple Axel|p1a: Primarina
|-start|p2a: Meowscarada|typechange|Ice|[from] ability: Protean
|-resisted|p1a: Primarina
|-crit|p1a: Primarina
|-damage|p1a: Primarina|17/100
|-resisted|p1a: Primarina
|-damage|p1a: Primarina|8/100
|-resisted|p1a: Primarina
|-damage|p1a: Primarina|0 fnt
|faint|p1a: Primarina
|-hitcount|p1: Primarina|3
|
|upkeep
|
|t:|1779573747
|switch|p1a: Goodra|Goodra-Hisui, F|100/100
|turn|16
|c|☆night of tink|!weak goodra-hisui
|c| night of tink|/raw <div class="infobox">Goodra-Hisui (ignoring abilities):<br /><span class="message-effect-weak">Weaknesses</span>: Fighting, Ground<br /><span class="message-effect-resist">Resistances</span>: Bug, Electric, Flying, <b>Grass</b>, Normal, Psychic, Rock, Steel, Water<br /><span class="message-effect-immune">Immunities</span>: Poison, Sandstorm damage, Toxic</div>
|
|t:|1779573762
|switch|p2a: Zamazenta|Zamazenta|76/100
|move|p1a: Goodra|Body Press|p2a: Zamazenta
|-damage|p2a: Zamazenta|52/100
|
|-damage|p2a: Zamazenta|40/100|[from] item: Sticky Barb
|upkeep
|turn|17
|
|t:|1779573770
|move|p2a: Zamazenta|Close Combat|p1a: Goodra
|-supereffective|p1a: Goodra
|-damage|p1a: Goodra|10/100
|-unboost|p2a: Zamazenta|def|1
|-unboost|p2a: Zamazenta|spd|1
|move|p1a: Goodra|Acid Armor|p1a: Goodra
|-boost|p1a: Goodra|def|2
|
|-heal|p1a: Goodra|16/100|[from] item: Leftovers
|-damage|p2a: Zamazenta|28/100|[from] item: Sticky Barb
|upkeep
|turn|18
|
|t:|1779573780
|switch|p1a: Scyther|Scyther, M|32/100
|move|p2a: Zamazenta|Close Combat|p1a: Scyther
|-resisted|p1a: Scyther
|-damage|p1a: Scyther|16/100
|-unboost|p2a: Zamazenta|def|1
|-unboost|p2a: Zamazenta|spd|1
|
|-damage|p2a: Zamazenta|15/100|[from] item: Sticky Barb
|upkeep
|turn|19
|
|t:|1779573793
|move|p2a: Zamazenta|Psychic Fangs|p1a: Scyther
|-damage|p1a: Scyther|0 fnt
|faint|p1a: Scyther
|
|-damage|p2a: Zamazenta|3/100|[from] item: Sticky Barb
|upkeep
|
|t:|1779573800
|switch|p1a: Chandelure|Chandelure, M|55/100 slp
|turn|20
|
|t:|1779573808
|move|p2a: Zamazenta|Crunch|p1a: Chandelure
|-supereffective|p1a: Chandelure
|-damage|p1a: Chandelure|0 fnt
|faint|p1a: Chandelure
|
|-damage|p2a: Zamazenta|0 fnt|[from] item: Sticky Barb
|faint|p2a: Zamazenta
|upkeep
|
|t:|1779573814
|switch|p2a: Gholdengo|Gholdengo|100/100
|switch|p1a: Chesnaught|Chesnaught, F, shiny|93/100
|turn|21
|
|t:|1779573821
|switch|p2a: Hatterene|Hatterene, F|100/100
|move|p1a: Chesnaught|Belly Drum|p1a: Chesnaught
|-damage|p1a: Chesnaught|43/100
|-setboost|p1a: Chesnaught|atk|6|[from] move: Belly Drum
|-enditem|p1a: Chesnaught|Sitrus Berry|[eat]
|-heal|p1a: Chesnaught|68/100|[from] item: Sitrus Berry
|
|upkeep
|turn|22
|
|t:|1779573835
|move|p2a: Hatterene|Psychic Noise|p1a: Chesnaught
|-supereffective|p1a: Chesnaught
|-damage|p1a: Chesnaught|6/100
|-start|p1a: Chesnaught|move: Heal Block
|move|p1a: Chesnaught|Roar|p2a: Hatterene
|move|p2a: Hatterene|Roar|p1a: Chesnaught|[from] ability: Magic Bounce
|drag|p1a: Goodra|Goodra-Hisui, F|16/100
|
|-heal|p1a: Goodra|22/100|[from] item: Leftovers
|upkeep
|turn|23
|
|t:|1779573848
|move|p1a: Goodra|Knock Off|p2a: Hatterene
|-damage|p2a: Hatterene|80/100
|-damage|p1a: Goodra|5/100|[from] item: Rocky Helmet|[of] p2a: Hatterene
|-enditem|p2a: Hatterene|Rocky Helmet|[from] move: Knock Off|[of] p1a: Goodra
|move|p2a: Hatterene|Nuzzle|p1a: Goodra
|-resisted|p1a: Goodra
|-damage|p1a: Goodra|4/100
|-status|p1a: Goodra|par
|
|-heal|p1a: Goodra|10/100 par|[from] item: Leftovers
|upkeep
|turn|24
|
|t:|1779573859
|move|p2a: Hatterene|Psychic Noise|p1a: Goodra
|-resisted|p1a: Goodra
|-damage|p1a: Goodra|0 fnt
|faint|p1a: Goodra
|
|upkeep
|
|t:|1779573864
|switch|p1a: Chesnaught|Chesnaught, F, shiny|6/100
|turn|25
|
|t:|1779573869
|move|p1a: Chesnaught|Drain Punch|p2a: Hatterene
|-resisted|p2a: Hatterene
|-damage|p2a: Hatterene|73/100
|-heal|p1a: Chesnaught|9/100|[from] drain|[of] p2a: Hatterene
|move|p2a: Hatterene|Psychic Noise|p1a: Chesnaught
|-supereffective|p1a: Chesnaught
|-damage|p1a: Chesnaught|0 fnt
|faint|p1a: Chesnaught
|
|win|night of tink
|raw|greysay's rating: 1003 &rarr; <strong>1000</strong><br />(-3 for losing)
|raw|night of tink's rating: 1012 &rarr; <strong>1049</strong><br />(+37 for winning)
|l|☆greysay
|player|p1|
