|inactive|Battle timer is ON: inactive players will automatically lose when time's up.
|t:|1779657028
|gametype|singles
|player|p1|ONLY PLAYING FADED|#omclihearttakers|
|player|p2|Ghoulish Champ|#hplvikochiquakers|
|gen|9
|tier|[Gen 9] OU
|rule|HP Percentage Mod: HP is shown in percentages
|rule|Endless Battle Clause: Forcing endless battles is banned
|rule|Species Clause: Limit one of each Pokémon
|rule|OHKO Clause: OHKO moves are banned
|rule|Evasion Items Clause: Evasion items are banned
|rule|Evasion Moves Clause: Evasion moves are banned
|rule|Evasion Abilities Clause: Evasion abilities are banned
|rule|Sleep Moves Clause: Sleep-inducing moves are banned
|clearpoke
|poke|p1|Dragapult, F|
|poke|p1|Pecharunt|
|poke|p1|Ting-Lu|
|poke|p1|Dragonite, M|
|poke|p1|Kingambit, F|
|poke|p1|Iron Valiant|
|poke|p2|Lokix, F|
|poke|p2|Araquanid, M|
|poke|p2|Iron Treads|
|poke|p2|Iron Moth|
|poke|p2|Kyurem|
|poke|p2|Sinistcha|
|teampreview
|c|☆Ghoulish Champ|hf
|inactive|ONLY PLAYING FADED has 270 seconds left.
|inactive|Ghoulish Champ has 270 seconds left.
|c|☆ONLY PLAYING FADED|hf
|inactive|ONLY PLAYING FADED has 240 seconds left.
|inactive|Ghoulish Champ has 240 seconds left.
|
|t:|1779657096
|teamsize|p1|6
|teamsize|p2|6
|start
|switch|p1a: Dragapult|Dragapult, F|100/100
|switch|p2a: Araquanid|Araquanid, M|100/100
|turn|1
|
|t:|1779657105
|move|p1a: Dragapult|Substitute|p1a: Dragapult
|-start|p1a: Dragapult|Substitute
|-damage|p1a: Dragapult|76/100
|move|p2a: Araquanid|Sticky Web|p1a: Dragapult
|-sidestart|p1: ONLY PLAYING FADED|move: Sticky Web
|
|-heal|p1a: Dragapult|82/100|[from] item: Leftovers
|upkeep
|turn|2
|
|t:|1779657109
|move|p1a: Dragapult|Dragon Darts|p2a: Araquanid
|-damage|p2a: Araquanid|77/100
|-anim|p1a: Dragapult|Dragon Darts|p2a: Araquanid
|-damage|p2a: Araquanid|54/100
|-enditem|p2a: Araquanid|Red Card|[of] p1a: Dragapult
|drag|p1a: Ting-Lu|Ting-Lu|100/100
|-activate|p1a: Ting-Lu|move: Sticky Web
|-unboost|p1a: Ting-Lu|spe|1
|-ability|p1a: Ting-Lu|Vessel of Ruin
|move|p2a: Araquanid|Surf|p1a: Ting-Lu
|-supereffective|p1a: Ting-Lu
|-crit|p1a: Ting-Lu
|-damage|p1a: Ting-Lu|28/100
|-enditem|p1a: Ting-Lu|Red Card|[of] p2a: Araquanid
|drag|p2a: Sinistcha|Sinistcha|100/100
|
|upkeep
|turn|3
|
|t:|1779657121
|move|p2a: Sinistcha|Nasty Plot|p2a: Sinistcha
|-boost|p2a: Sinistcha|spa|2
|move|p1a: Ting-Lu|Stealth Rock|p2a: Sinistcha
|-sidestart|p2: Ghoulish Champ|move: Stealth Rock
|
|upkeep
|turn|4
|
|t:|1779657128
|move|p2a: Sinistcha|Scald|p1a: Ting-Lu
|-supereffective|p1a: Ting-Lu
|-damage|p1a: Ting-Lu|0 fnt
|faint|p1a: Ting-Lu
|
|upkeep
|inactive|ONLY PLAYING FADED has 270 seconds left.
|
|t:|1779657166
|switch|p1a: Iron Valiant|Iron Valiant, shiny|100/100
|-activate|p1a: Iron Valiant|move: Sticky Web
|-unboost|p1a: Iron Valiant|spe|1
|-enditem|p1a: Iron Valiant|Booster Energy
|-activate|p1a: Iron Valiant|ability: Quark Drive|[fromitem]
|-start|p1a: Iron Valiant|quarkdriveatk
|turn|5
|
|t:|1779657191
|switch|p2a: Araquanid|Araquanid, M|54/100
|-damage|p2a: Araquanid|29/100|[from] Stealth Rock
|move|p1a: Iron Valiant|Destiny Bond|p1a: Iron Valiant
|-singlemove|p1a: Iron Valiant|Destiny Bond
|
|upkeep
|turn|6
|inactive|ONLY PLAYING FADED has 270 seconds left.
|inactive|ONLY PLAYING FADED has 240 seconds left.
|inactive|ONLY PLAYING FADED has 210 seconds left.
|
|t:|1779657273
|-end|p1a: Iron Valiant|Quark Drive|[silent]
|switch|p1a: Dragapult|Dragapult, F|82/100
|-activate|p1a: Dragapult|move: Sticky Web
|-unboost|p1a: Dragapult|spe|1
|move|p2a: Araquanid|Surf|p1a: Dragapult
|-resisted|p1a: Dragapult
|-damage|p1a: Dragapult|49/100
|
|-heal|p1a: Dragapult|55/100|[from] item: Leftovers
|upkeep
|turn|7
|inactive|ONLY PLAYING FADED has 210 seconds left.
|
|t:|1779657279
|move|p1a: Dragapult|Dragon Darts|p2a: Araquanid
|-damage|p2a: Araquanid|8/100
|-anim|p1a: Dragapult|Dragon Darts|p2a: Araquanid
|-damage|p2a: Araquanid|0 fnt
|faint|p2a: Araquanid
|
|-heal|p1a: Dragapult|61/100|[from] item: Leftovers
|upkeep
|
|t:|1779657306
|switch|p2a: Iron Treads|Iron Treads|100/100
|-damage|p2a: Iron Treads|97/100|[from] Stealth Rock
|-enditem|p2a: Iron Treads|Booster Energy
|-activate|p2a: Iron Treads|ability: Quark Drive|[fromitem]
|-start|p2a: Iron Treads|quarkdriveatk
|turn|8
|inactive|ONLY PLAYING FADED has 210 seconds left.
|
|t:|1779657340
|move|p2a: Iron Treads|Earthquake|p1a: Dragapult
|-damage|p1a: Dragapult|0 fnt
|faint|p1a: Dragapult
|
|upkeep
|inactive|ONLY PLAYING FADED has 180 seconds left.
|
|t:|1779657369
|switch|p1a: Iron Valiant|Iron Valiant, shiny|100/100
|-activate|p1a: Iron Valiant|move: Sticky Web
|-unboost|p1a: Iron Valiant|spe|1
|turn|9
|
|t:|1779657371
|move|p2a: Iron Treads|Rapid Spin|p1a: Iron Valiant
|-damage|p1a: Iron Valiant|72/100
|-boost|p2a: Iron Treads|spe|1
|-sideend|p2: Ghoulish Champ|Stealth Rock|[from] move: Rapid Spin|[of] p2a: Iron Treads
|move|p1a: Iron Valiant|Close Combat|p2a: Iron Treads
|-supereffective|p2a: Iron Treads
|-damage|p2a: Iron Treads|0 fnt
|-unboost|p1a: Iron Valiant|def|1
|-unboost|p1a: Iron Valiant|spd|1
|faint|p2a: Iron Treads
|-end|p2a: Iron Treads|Quark Drive|[silent]
|
|upkeep
|
|t:|1779657377
|switch|p2a: Iron Moth|Iron Moth|100/100
|-enditem|p2a: Iron Moth|Booster Energy
|-activate|p2a: Iron Moth|ability: Quark Drive|[fromitem]
|-start|p2a: Iron Moth|quarkdrivespa
|turn|10
|inactive|ONLY PLAYING FADED has 180 seconds left.
|
|t:|1779657406
|move|p2a: Iron Moth|Fiery Dance|p1a: Iron Valiant
|-damage|p1a: Iron Valiant|0 fnt
|-boost|p2a: Iron Moth|spa|1
|faint|p1a: Iron Valiant
|-end|p1a: Iron Valiant|Quark Drive|[silent]
|
|upkeep
|
|t:|1779657410
|switch|p1a: Dragonite|Dragonite, M|100/100
|turn|11
|
|t:|1779657417
|move|p2a: Iron Moth|Sludge Wave|p1a: Dragonite
|-damage|p1a: Dragonite|43/100
|move|p1a: Dragonite|Earthquake|p2a: Iron Moth
|-supereffective|p2a: Iron Moth
|-damage|p2a: Iron Moth|0 fnt
|faint|p2a: Iron Moth
|-end|p2a: Iron Moth|Quark Drive|[silent]
|
|upkeep
|
|t:|1779657423
|switch|p2a: Lokix|Lokix, F|100/100
|turn|12
|
|t:|1779657427
|move|p1a: Dragonite|Extreme Speed|p2a: Lokix
|-damage|p2a: Lokix|58/100
|move|p2a: Lokix|Knock Off|p1a: Dragonite
|-damage|p1a: Dragonite|0 fnt
|-enditem|p1a: Dragonite|Heavy-Duty Boots|[from] move: Knock Off|[of] p2a: Lokix
|faint|p1a: Dragonite
|-damage|p2a: Lokix|48/100|[from] item: Life Orb
|
|upkeep
|
|t:|1779657444
|switch|p1a: Pecharunt|Pecharunt|100/100
|-item|p1a: Pecharunt|Air Balloon
|turn|13
|
|t:|1779657451
|move|p2a: Lokix|Sucker Punch|p1a: Pecharunt
|-supereffective|p1a: Pecharunt
|-damage|p1a: Pecharunt|49/100
|-enditem|p1a: Pecharunt|Air Balloon
|-damage|p2a: Lokix|38/100|[from] item: Life Orb
|move|p1a: Pecharunt|Malignant Chain|p2a: Lokix
|-damage|p2a: Lokix|0 fnt
|faint|p2a: Lokix
|
|upkeep
|
|t:|1779657466
|switch|p2a: Kyurem|Kyurem|100/100
|-ability|p2a: Kyurem|Pressure
|turn|14
|
|t:|1779657470
|move|p2a: Kyurem|Earth Power|p1a: Pecharunt
|-supereffective|p1a: Pecharunt
|-damage|p1a: Pecharunt|0 fnt
|faint|p1a: Pecharunt
|
|upkeep
|
|t:|1779657478
|switch|p1a: Kingambit|Kingambit, F|100/100
|-activate|p1a: Kingambit|ability: Supreme Overlord
|-start|p1a: Kingambit|fallen5|[silent]
|-item|p1a: Kingambit|Air Balloon
|turn|15
|inactive|ONLY PLAYING FADED has 210 seconds left.
|
|t:|1779657499
|move|p2a: Kyurem|Freeze-Dry|p1a: Kingambit
|-resisted|p1a: Kingambit
|-damage|p1a: Kingambit|74/100
|-enditem|p1a: Kingambit|Air Balloon
|move|p1a: Kingambit|Iron Head|p2a: Kyurem
|-supereffective|p2a: Kyurem
|-damage|p2a: Kyurem|0 fnt
|faint|p2a: Kyurem
|
|upkeep
|
|t:|1779657503
|switch|p2a: Sinistcha|Sinistcha|100/100
|turn|16
|
|t:|1779657507
|-terastallize|p2a: Sinistcha|Water
|move|p2a: Sinistcha|Scald|p1a: Kingambit
|-damage|p1a: Kingambit|25/100
|move|p1a: Kingambit|Swords Dance|p1a: Kingambit
|-boost|p1a: Kingambit|atk|2
|
|upkeep
|turn|17
|inactive|ONLY PLAYING FADED has 210 seconds left.
|inactive|Ghoulish Champ has 270 seconds left.
|
|t:|1779657543
|move|p1a: Kingambit|Sucker Punch|p2a: Sinistcha
|-damage|p2a: Sinistcha|0 fnt
|faint|p2a: Sinistcha
|
|win|ONLY PLAYING FADED
|c|☆Ghoulish Champ|gg
|c|☆ONLY PLAYING FADED|ggt
|c|☆ONLY PLAYING FADED|gg*
|player|p2|
