|j|☆encore21768768
|j|☆Abyssal Bot
|t:|1779630108
|gametype|singles
|player|p1|encore21768768|266|
|player|p2|Abyssal Bot|supernerd|
|teamsize|p1|6
|teamsize|p2|6
|gen|9
|tier|[Gen 9] OU
|rule|Species Clause: Limit one of each Pokémon
|rule|OHKO Clause: OHKO moves are banned
|rule|Evasion Items Clause: Evasion items are banned
|rule|Evasion Moves Clause: Evasion moves are banned
|rule|Endless Battle Clause: Forcing endless battles is banned
|rule|HP Percentage Mod: HP is shown in percentages
|rule|Sleep Moves Clause: Sleep-inducing moves are banned
|clearpoke
|poke|p1|Clefable, M|
|poke|p1|Kommo-o, F|
|poke|p1|Deoxys-Speed|
|poke|p1|Arboliva, M|
|poke|p1|Dragalge, F|
|poke|p1|Ogerpon, F|
|poke|p2|Darkrai|
|poke|p2|Kingambit, F|
|poke|p2|Roaring Moon|
|poke|p2|Zamazenta-*|
|poke|p2|Glimmora, M|
|poke|p2|Enamorus, F|
|teampreview
|c|☆Abyssal Bot|Good Luck and Have Fun my Friend!
|inactive|Battle timer is ON: inactive players will automatically lose when time's up. (requested by Abyssal Bot)
|j|*Turbo Bottttt
|
|t:|1779630112
|start
|switch|p1a: financial|Deoxys-Speed|100/100
|switch|p2a: Enamorus|Enamorus, F|100/100
|-ability|p1a: financial|Pressure
|turn|1
|
|t:|1779630117
|move|p1a: financial|Stealth Rock|p2a: Enamorus
|-sidestart|p2: Abyssal Bot|move: Stealth Rock
|move|p2a: Enamorus|Earth Power|p1a: financial
|-damage|p1a: financial|45/100
|
|upkeep
|turn|2
|
|t:|1779630120
|switch|p1a: the idea|Arboliva, M|100/100
|move|p2a: Enamorus|Earth Power|p1a: the idea
|-resisted|p1a: the idea
|-damage|p1a: the idea|90/100
|-fieldstart|move: Grassy Terrain|[from] ability: Seed Sower|[of] p1a: the idea
|
|-heal|p1a: the idea|96/100|[from] Grassy Terrain
|upkeep
|turn|3
|
|t:|1779630122
|switch|p2a: Kingambit|Kingambit, F|100/100
|-item|p2a: Kingambit|Air Balloon
|-damage|p2a: Kingambit|94/100|[from] Stealth Rock|[of] p1: financial
|move|p1a: the idea|Alluring Voice|p2a: Kingambit
|-damage|p2a: Kingambit|71/100
|-enditem|p2a: Kingambit|Air Balloon
|
|-heal|p2a: Kingambit|77/100|[from] Grassy Terrain
|-heal|p1a: the idea|100/100|[from] Grassy Terrain
|upkeep
|turn|4
|
|t:|1779630125
|move|p2a: Kingambit|Swords Dance|p2a: Kingambit
|-boost|p2a: Kingambit|atk|2
|move|p1a: the idea|Leech Seed|p2a: Kingambit
|-start|p2a: Kingambit|move: Leech Seed
|
|-heal|p2a: Kingambit|84/100|[from] Grassy Terrain
|-damage|p2a: Kingambit|71/100|[from] Leech Seed|[of] p1a: the idea
|upkeep
|turn|5
|
|t:|1779630147
|switch|p1a: financial|Deoxys-Speed|45/100
|-ability|p1a: financial|Pressure
|move|p2a: Kingambit|Kowtow Cleave|p1a: financial
|-supereffective|p1a: financial
|-damage|p1a: financial|0
|faint|p1a: financial
|
|-heal|p2a: Kingambit|77/100|[from] Grassy Terrain
|upkeep
|
|t:|1779630155
|switch|p1a: circumstances|Ogerpon, F|100/100
|turn|6
|
|t:|1779630156
|move|p1a: circumstances|Low Kick|p2a: Kingambit
|-supereffective|p2a: Kingambit
|-damage|p2a: Kingambit|0
|faint|p2a: Kingambit
|-end|p2a: Kingambit|fallenundefined|[silent]
|
|upkeep
|
|t:|1779630156
|switch|p2a: Enamorus|Enamorus, F|100/100
|-damage|p2a: Enamorus|76/100|[from] Stealth Rock|[of] p1: financial
|turn|7
|
|t:|1779630164
|switch|p1a: the idea|Arboliva, M|100/100
|move|p2a: Enamorus|Moonblast|p1a: the idea
|-damage|p1a: the idea|65/100
|-unboost|p1a: the idea|spa|1
|
|-heal|p1a: the idea|71/100|[from] Grassy Terrain
|upkeep
|turn|8
|
|t:|1779630167
|move|p2a: Enamorus|Moonblast|p1a: the idea
|-damage|p1a: the idea|38/100
|move|p1a: the idea|Leech Seed|p2a: Enamorus
|-start|p2a: Enamorus|move: Leech Seed
|
|-heal|p1a: the idea|44/100|[from] Grassy Terrain
|-damage|p2a: Enamorus|63/100|[from] Leech Seed|[of] p1a: the idea
|-heal|p1a: the idea|54/100|[silent]
|upkeep
|turn|9
|
|t:|1779630174
|move|p2a: Enamorus|Moonblast|p1a: the idea
|-damage|p1a: the idea|18/100
|-unboost|p1a: the idea|spa|1
|move|p1a: the idea|Alluring Voice|p2a: Enamorus
|-damage|p2a: Enamorus|48/100
|
|-heal|p1a: the idea|24/100|[from] Grassy Terrain
|-damage|p2a: Enamorus|36/100|[from] Leech Seed|[of] p1a: the idea
|-heal|p1a: the idea|34/100|[silent]
|-fieldend|move: Grassy Terrain
|upkeep
|turn|10
|
|t:|1779630183
|move|p2a: Enamorus|Moonblast|p1a: the idea
|-damage|p1a: the idea|0
|-fieldstart|move: Grassy Terrain|[from] ability: Seed Sower|[of] p1a: the idea
|faint|p1a: the idea
|
|upkeep
|
|t:|1779630192
|switch|p1a: i know|Dragalge, F|100/100
|turn|11
|
|t:|1779630194
|move|p2a: Enamorus|Moonblast|p1a: i know
|-damage|p1a: i know|56/100
|-unboost|p1a: i know|spa|1
|move|p1a: i know|Sludge Bomb|p2a: Enamorus
|-supereffective|p2a: Enamorus
|-damage|p2a: Enamorus|0
|faint|p2a: Enamorus
|
|-heal|p1a: i know|62/100|[from] Grassy Terrain
|upkeep
|
|t:|1779630194
|switch|p2a: Glimmora|Glimmora, M|100/100
|-damage|p2a: Glimmora|88/100|[from] Stealth Rock|[of] p1: financial
|turn|12
|
|t:|1779630209
|move|p2a: Glimmora|Power Gem|p1a: i know
|-damage|p1a: i know|23/100
|move|p1a: i know|Sludge Bomb|p2a: Glimmora
|-resisted|p2a: Glimmora
|-damage|p2a: Glimmora|76/100
|-enditem|p2a: Glimmora|Red Card|[of] p1a: i know
|drag|p1a: circumstances|Ogerpon, F|100/100
|
|-heal|p2a: Glimmora|82/100|[from] Grassy Terrain
|upkeep
|turn|13
|
|t:|1779630216
|move|p1a: circumstances|Swords Dance|p1a: circumstances
|-boost|p1a: circumstances|atk|2
|move|p2a: Glimmora|Power Gem|p1a: circumstances
|-damage|p1a: circumstances|60/100
|
|-heal|p1a: circumstances|66/100|[from] Grassy Terrain
|-heal|p2a: Glimmora|88/100|[from] Grassy Terrain
|upkeep
|turn|14
|
|t:|1779630223
|move|p1a: circumstances|Swords Dance|p1a: circumstances
|-boost|p1a: circumstances|atk|2
|move|p2a: Glimmora|Stealth Rock|p1a: circumstances
|-sidestart|p1: encore21768768|move: Stealth Rock
|
|-heal|p1a: circumstances|72/100|[from] Grassy Terrain
|-heal|p2a: Glimmora|95/100|[from] Grassy Terrain
|upkeep
|turn|15
|
|t:|1779630224
|move|p1a: circumstances|Trailblaze|p2a: Glimmora
|-damage|p2a: Glimmora|0
|-boost|p1a: circumstances|spe|1
|-activate|p2a: Glimmora|ability: Toxic Debris
|-sidestart|p1: encore21768768|move: Toxic Spikes
|faint|p2a: Glimmora
|
|-heal|p1a: circumstances|78/100|[from] Grassy Terrain
|upkeep
|
|t:|1779630224
|switch|p2a: Roaring Moon|Roaring Moon|100/100
|-damage|p2a: Roaring Moon|88/100|[from] Stealth Rock|[of] p1: financial
|-enditem|p2a: Roaring Moon|Booster Energy
|-activate|p2a: Roaring Moon|ability: Protosynthesis|[fromitem]
|-start|p2a: Roaring Moon|protosynthesisatk
|turn|16
|
|t:|1779630228
|move|p1a: circumstances|Low Kick|p2a: Roaring Moon
|-supereffective|p2a: Roaring Moon
|-damage|p2a: Roaring Moon|0
|faint|p2a: Roaring Moon
|-end|p2a: Roaring Moon|Protosynthesis|[silent]
|
|-heal|p1a: circumstances|85/100|[from] Grassy Terrain
|upkeep
|
|t:|1779630228
|switch|p2a: Darkrai|Darkrai|100/100
|-damage|p2a: Darkrai|88/100|[from] Stealth Rock|[of] p1: financial
|turn|17
|
|t:|1779630231
|move|p1a: circumstances|Low Kick|p2a: Darkrai
|-supereffective|p2a: Darkrai
|-damage|p2a: Darkrai|0
|faint|p2a: Darkrai
|
|-heal|p1a: circumstances|91/100|[from] Grassy Terrain
|-fieldend|move: Grassy Terrain
|upkeep
|
|t:|1779630231
|switch|p2a: Zamazenta|Zamazenta|100/100
|-damage|p2a: Zamazenta|94/100|[from] Stealth Rock|[of] p1: financial
|-ability|p2a: Zamazenta|Dauntless Shield|boost
|-boost|p2a: Zamazenta|def|1
|turn|18
|
|t:|1779630233
|move|p1a: circumstances|Low Kick|p2a: Zamazenta
|-damage|p2a: Zamazenta|46/100
|move|p2a: Zamazenta|Heavy Slam|p1a: circumstances
|-damage|p1a: circumstances|52/100
|
|-heal|p2a: Zamazenta|52/100|[from] item: Leftovers
|upkeep
|turn|19
|
|t:|1779630236
|move|p1a: circumstances|Low Kick|p2a: Zamazenta
|-damage|p2a: Zamazenta|4/100
|move|p2a: Zamazenta|Body Press|p1a: circumstances
|-damage|p1a: circumstances|0
|faint|p1a: circumstances
|
|-heal|p2a: Zamazenta|10/100|[from] item: Leftovers
|upkeep
|
|t:|1779630241
|switch|p1a: i know|Dragalge, F|23/100
|-damage|p1a: i know|11/100|[from] Stealth Rock|[of] p2: Glimmora
|-sideend|p1: encore21768768|move: Toxic Spikes|[of] p1a: i know
|turn|20
|
|t:|1779630243
|move|p2a: Zamazenta|Heavy Slam|p1a: i know
|-damage|p1a: i know|0
|faint|p1a: i know
|
|-heal|p2a: Zamazenta|16/100|[from] item: Leftovers
|upkeep
|
|t:|1779630245
|switch|p1a: basket|Clefable, M|100/100
|turn|21
|
|t:|1779630247
|move|p2a: Zamazenta|Heavy Slam|p1a: basket
|-supereffective|p1a: basket
|-damage|p1a: basket|51/100
|move|p1a: basket|Moonblast|p2a: Zamazenta
|-supereffective|p2a: Zamazenta
|-damage|p2a: Zamazenta|0
|faint|p2a: Zamazenta
|
|win|encore21768768
|c|☆Abyssal Bot|Well Played.
|l|☆Abyssal Bot
|player|p2|
|l|*Turbo Bottttt
