|j|☆kopv
|j|☆andjelicpwnsu
|t:|1779576310
|gametype|singles
|player|p1|kopv|bugcatcher-gen4dp|1439
|player|p2|andjelicpwnsu|wallace|1459
|gen|9
|tier|[Gen 9] OU
|rated|
|rule|HP Percentage Mod: HP is shown in percentages
|rule|Endless Battle Clause: Forcing endless battles is banned
|rule|Species Clause: Limit one of each Pokémon
|rule|OHKO Clause: OHKO moves are banned
|rule|Evasion Items Clause: Evasion items are banned
|rule|Evasion Moves Clause: Evasion moves are banned
|rule|Evasion Abilities Clause: Evasion abilities are banned
|rule|Sleep Moves Clause: Sleep-inducing moves are banned
|clearpoke
|poke|p1|Pelipper, M|
|poke|p1|Barraskewda, F|
|poke|p1|Iron Treads|
|poke|p1|Bruxish, F|
|poke|p1|Raging Bolt|
|poke|p1|Enamorus, F|
|poke|p2|Hatterene, F|
|poke|p2|Iron Moth|
|poke|p2|Gliscor, F|
|poke|p2|Ogerpon-Wellspring, F|
|poke|p2|Pecharunt|
|poke|p2|Moltres-Galar|
|teampreview
|
|t:|1779576319
|teamsize|p1|6
|teamsize|p2|6
|start
|switch|p1a: Pelipper|Pelipper, M|100/100
|switch|p2a: Moltres|Moltres-Galar|100/100
|-weather|RainDance|[from] ability: Drizzle|[of] p1a: Pelipper
|turn|1
|inactive|Battle timer is ON: inactive players will automatically lose when time's up. (requested by andjelicpwnsu)
|
|t:|1779576328
|switch|p1a: Raging Bolt|Raging Bolt|100/100
|move|p2a: Moltres|Hurricane|p1a: Raging Bolt
|-resisted|p1a: Raging Bolt
|-damage|p1a: Raging Bolt|79/100
|-start|p1a: Raging Bolt|confusion
|
|-weather|RainDance|[upkeep]
|-heal|p1a: Raging Bolt|85/100|[from] item: Leftovers
|upkeep
|turn|2
|
|t:|1779576335
|switch|p2a: Gliscor|Gliscor, F|100/100
|-activate|p1a: Raging Bolt|confusion
|move|p1a: Raging Bolt|Weather Ball|p2a: Gliscor
|-supereffective|p2a: Gliscor
|-damage|p2a: Gliscor|1/100
|
|-weather|RainDance|[upkeep]
|-heal|p1a: Raging Bolt|91/100|[from] item: Leftovers
|-status|p2a: Gliscor|tox|[from] item: Toxic Orb
|upkeep
|turn|3
|
|t:|1779576341
|-activate|p1a: Raging Bolt|confusion
|move|p1a: Raging Bolt|Weather Ball|p2a: Gliscor
|-supereffective|p2a: Gliscor
|-damage|p2a: Gliscor|0 fnt
|faint|p2a: Gliscor
|
|-weather|RainDance|[upkeep]
|-heal|p1a: Raging Bolt|97/100|[from] item: Leftovers
|upkeep
|
|t:|1779576350
|switch|p2a: Hatterene|Hatterene, F|100/100
|turn|4
|
|t:|1779576354
|-activate|p1a: Raging Bolt|confusion
|-damage|p1a: Raging Bolt|92/100|[from] confusion
|move|p2a: Hatterene|Calm Mind|p2a: Hatterene
|-boost|p2a: Hatterene|spa|1
|-boost|p2a: Hatterene|spd|1
|
|-weather|RainDance|[upkeep]
|-heal|p1a: Raging Bolt|98/100|[from] item: Leftovers
|upkeep
|turn|5
|
|t:|1779576359
|-end|p1a: Raging Bolt|Protosynthesis|[silent]
|switch|p1a: Iron Treads|Iron Treads|100/100
|move|p2a: Hatterene|Draining Kiss|p1a: Iron Treads
|-resisted|p1a: Iron Treads
|-damage|p1a: Iron Treads|80/100
|
|-weather|RainDance|[upkeep]
|-heal|p1a: Iron Treads|86/100|[from] item: Leftovers
|upkeep
|turn|6
|
|t:|1779576368
|switch|p2a: Ogerpon|Ogerpon-Wellspring, F|100/100
|move|p1a: Iron Treads|Iron Head|p2a: Ogerpon
|-resisted|p2a: Ogerpon
|-damage|p2a: Ogerpon|80/100
|
|-weather|RainDance|[upkeep]
|-heal|p1a: Iron Treads|93/100|[from] item: Leftovers
|upkeep
|turn|7
|
|t:|1779576384
|-end|p1a: Iron Treads|Quark Drive|[silent]
|switch|p1a: Raging Bolt|Raging Bolt|98/100
|move|p2a: Ogerpon|Ivy Cudgel|p1a: Raging Bolt|[anim] Ivy Cudgel Water
|-resisted|p1a: Raging Bolt
|-damage|p1a: Raging Bolt|56/100
|
|-weather|RainDance|[upkeep]
|-heal|p1a: Raging Bolt|62/100|[from] item: Leftovers
|upkeep
|turn|8
|
|t:|1779576394
|move|p1a: Raging Bolt|Thunderclap|p2a: Ogerpon
|-damage|p2a: Ogerpon|28/100
|move|p2a: Ogerpon|Play Rough|p1a: Raging Bolt|[miss]
|-miss|p2a: Ogerpon|p1a: Raging Bolt
|
|-weather|none
|-heal|p1a: Raging Bolt|68/100|[from] item: Leftovers
|upkeep
|turn|9
|
|t:|1779576400
|switch|p2a: Hatterene|Hatterene, F|100/100
|move|p1a: Raging Bolt|Thunder|p2a: Hatterene
|-damage|p2a: Hatterene|40/100
|
|-heal|p1a: Raging Bolt|74/100|[from] item: Leftovers
|-heal|p2a: Hatterene|46/100|[from] item: Leftovers
|upkeep
|turn|10
|
|t:|1779576405
|move|p1a: Raging Bolt|Thunder|p2a: Hatterene
|-damage|p2a: Hatterene|0 fnt
|faint|p2a: Hatterene
|
|-heal|p1a: Raging Bolt|80/100|[from] item: Leftovers
|upkeep
|
|t:|1779576411
|switch|p2a: Iron Moth|Iron Moth, shiny|100/100
|-enditem|p2a: Iron Moth|Booster Energy
|-activate|p2a: Iron Moth|ability: Quark Drive|[fromitem]
|-start|p2a: Iron Moth|quarkdrivespe
|turn|11
|
|t:|1779576420
|-end|p1a: Raging Bolt|Protosynthesis|[silent]
|switch|p1a: Pelipper|Pelipper, M|100/100
|-weather|RainDance|[from] ability: Drizzle|[of] p1a: Pelipper
|move|p2a: Iron Moth|Substitute|p2a: Iron Moth
|-start|p2a: Iron Moth|Substitute
|-damage|p2a: Iron Moth|76/100
|
|-weather|RainDance|[upkeep]
|upkeep
|turn|12
|
|t:|1779576425
|move|p2a: Iron Moth|Fiery Dance|p1a: Pelipper
|-resisted|p1a: Pelipper
|-damage|p1a: Pelipper|86/100
|move|p1a: Pelipper|Hurricane|p2a: Iron Moth
|-end|p2a: Iron Moth|Substitute
|
|-weather|RainDance|[upkeep]
|upkeep
|turn|13
|
|t:|1779576436
|move|p2a: Iron Moth|Sludge Wave|p1a: Pelipper
|-damage|p1a: Pelipper|16/100
|move|p1a: Pelipper|Hurricane|p2a: Iron Moth
|-damage|p2a: Iron Moth|34/100
|
|-weather|RainDance|[upkeep]
|upkeep
|turn|14
|
|t:|1779576447
|switch|p1a: Enamorus|Enamorus, F|100/100
|move|p2a: Iron Moth|Energy Ball|p1a: Enamorus
|-resisted|p1a: Enamorus
|-damage|p1a: Enamorus|79/100
|
|-weather|RainDance|[upkeep]
|upkeep
|turn|15
|
|t:|1779576453
|move|p2a: Iron Moth|Sludge Wave|p1a: Enamorus
|-supereffective|p1a: Enamorus
|-damage|p1a: Enamorus|0 fnt
|faint|p1a: Enamorus
|
|-weather|RainDance|[upkeep]
|upkeep
|
|t:|1779576457
|switch|p1a: Barraskewda|Barraskewda, F|100/100
|turn|16
|
|t:|1779576461
|-end|p2a: Iron Moth|Quark Drive|[silent]
|switch|p2a: Ogerpon|Ogerpon-Wellspring, F|28/100
|move|p1a: Barraskewda|Liquidation|p2a: Ogerpon
|-heal|p2a: Ogerpon|53/100|[from] ability: Water Absorb|[of] p1a: Barraskewda
|
|-weather|RainDance|[upkeep]
|upkeep
|turn|17
|
|t:|1779576470
|move|p1a: Barraskewda|Poison Jab|p2a: Ogerpon
|-supereffective|p2a: Ogerpon
|-damage|p2a: Ogerpon|0 fnt
|faint|p2a: Ogerpon
|-damage|p1a: Barraskewda|91/100|[from] item: Life Orb
|
|-weather|RainDance|[upkeep]
|upkeep
|
|t:|1779576475
|switch|p2a: Pecharunt|Pecharunt|100/100
|turn|18
|
|t:|1779576479
|move|p1a: Barraskewda|Flip Turn|p2a: Pecharunt
|-damage|p2a: Pecharunt|68/100
|-damage|p1a: Barraskewda|81/100|[from] item: Life Orb
|
|t:|1779576485
|switch|p1a: Iron Treads|Iron Treads|93/100|[from] Flip Turn
|move|p2a: Pecharunt|Malignant Chain|p1a: Iron Treads
|-immune|p1a: Iron Treads
|
|-weather|none
|-heal|p1a: Iron Treads|99/100|[from] item: Leftovers
|upkeep
|turn|19
|
|t:|1779576492
|move|p1a: Iron Treads|Stealth Rock|p2a: Pecharunt
|-sidestart|p2: andjelicpwnsu|move: Stealth Rock
|move|p2a: Pecharunt|Parting Shot|p1a: Iron Treads
|-unboost|p1a: Iron Treads|atk|1
|-unboost|p1a: Iron Treads|spa|1
|
|t:|1779576495
|switch|p2a: Iron Moth|Iron Moth, shiny|34/100|[from] Parting Shot
|-damage|p2a: Iron Moth|9/100|[from] Stealth Rock
|
|-heal|p1a: Iron Treads|100/100|[from] item: Leftovers
|upkeep
|turn|20
|
|t:|1779576510
|-end|p1a: Iron Treads|Quark Drive|[silent]
|switch|p1a: Pelipper|Pelipper, M|16/100
|-weather|RainDance|[from] ability: Drizzle|[of] p1a: Pelipper
|move|p2a: Iron Moth|Fiery Dance|p1a: Pelipper
|-resisted|p1a: Pelipper
|-damage|p1a: Pelipper|3/100
|
|-weather|RainDance|[upkeep]
|upkeep
|turn|21
|
|t:|1779576527
|switch|p1a: Raging Bolt|Raging Bolt|80/100
|move|p2a: Iron Moth|Fiery Dance|p1a: Raging Bolt
|-resisted|p1a: Raging Bolt
|-damage|p1a: Raging Bolt|72/100
|-boost|p2a: Iron Moth|spa|1
|
|-weather|RainDance|[upkeep]
|-heal|p1a: Raging Bolt|78/100|[from] item: Leftovers
|upkeep
|turn|22
|
|t:|1779576537
|move|p2a: Iron Moth|Sludge Wave|p1a: Raging Bolt
|-damage|p1a: Raging Bolt|9/100
|move|p1a: Raging Bolt|Weather Ball|p2a: Iron Moth
|-supereffective|p2a: Iron Moth
|-damage|p2a: Iron Moth|0 fnt
|faint|p2a: Iron Moth
|-end|p2a: Iron Moth|Quark Drive|[silent]
|
|-weather|RainDance|[upkeep]
|-heal|p1a: Raging Bolt|15/100|[from] item: Leftovers
|upkeep
|
|t:|1779576544
|switch|p2a: Moltres|Moltres-Galar|100/100
|-damage|p2a: Moltres|75/100|[from] Stealth Rock
|turn|23
|
|t:|1779576549
|move|p1a: Raging Bolt|Thunder|p2a: Moltres
|-supereffective|p2a: Moltres
|-damage|p2a: Moltres|0 fnt
|faint|p2a: Moltres
|
|-weather|RainDance|[upkeep]
|-heal|p1a: Raging Bolt|21/100|[from] item: Leftovers
|upkeep
|-message|andjelicpwnsu forfeited.
|
|win|kopv
|raw|kopv's rating: 1439 &rarr; <strong>1460</strong><br />(+21 for winning)
|raw|andjelicpwnsu's rating: 1459 &rarr; <strong>1438</strong><br />(-21 for losing)
|l|☆andjelicpwnsu
|player|p2|
