|j|☆rbie1m
|j|☆loudclouds103
|t:|1779692353
|gametype|singles
|player|p1|rbie1m|lance|1151
|player|p2|loudclouds103|2|1142
|gen|9
|tier|[Gen 9] OU
|rated|
|rule|HP Percentage Mod: HP is shown in percentages
|rule|Endless Battle Clause: Forcing endless battles is banned
|rule|Species Clause: Limit one of each Pokémon
|rule|OHKO Clause: OHKO moves are banned
|rule|Evasion Items Clause: Evasion items are banned
|rule|Evasion Moves Clause: Evasion moves are banned
|rule|Evasion Abilities Clause: Evasion abilities are banned
|rule|Sleep Moves Clause: Sleep-inducing moves are banned
|clearpoke
|poke|p1|Pelipper, F|
|poke|p1|Tornadus-Therian, M|
|poke|p1|Alomomola, M|
|poke|p1|Swampert, M|
|poke|p1|Dragonite, F|
|poke|p1|Raging Bolt|
|poke|p2|Sneasel-Hisui, F|
|poke|p2|Excadrill, F|
|poke|p2|Blaziken, F|
|poke|p2|Iron Crown|
|poke|p2|Dragapult, M|
|poke|p2|Cresselia, F|
|teampreview
|
|t:|1779692360
|teamsize|p1|6
|teamsize|p2|6
|start
|switch|p1a: Pelipper|Pelipper, F, shiny|100/100
|switch|p2a: Iron Crown|Iron Crown|100/100
|-weather|RainDance|[from] ability: Drizzle|[of] p1a: Pelipper
|-enditem|p2a: Iron Crown|Booster Energy
|-activate|p2a: Iron Crown|ability: Quark Drive|[fromitem]
|-start|p2a: Iron Crown|quarkdrivespa
|turn|1
|
|t:|1779692367
|move|p2a: Iron Crown|Volt Switch|p1a: Pelipper
|-supereffective|p1a: Pelipper
|-damage|p1a: Pelipper|0 fnt
|faint|p1a: Pelipper
|
|t:|1779692375
|-end|p2a: Iron Crown|Quark Drive|[silent]
|switch|p2a: Dragapult|Dragapult, M|100/100|[from] Volt Switch
|
|-weather|RainDance|[upkeep]
|upkeep
|
|t:|1779692382
|switch|p1a: Raging Bolt|Raging Bolt|100/100
|turn|2
|
|t:|1779692388
|-terastallize|p1a: Raging Bolt|Electric
|move|p2a: Dragapult|Draco Meteor|p1a: Raging Bolt
|-damage|p1a: Raging Bolt|28/100
|-unboost|p2a: Dragapult|spa|2
|move|p1a: Raging Bolt|Draco Meteor|p2a: Dragapult
|-supereffective|p2a: Dragapult
|-damage|p2a: Dragapult|0 fnt
|-unboost|p1a: Raging Bolt|spa|2
|faint|p2a: Dragapult
|
|-weather|RainDance|[upkeep]
|upkeep
|
|t:|1779692395
|switch|p2a: Iron Crown|Iron Crown|100/100
|turn|3
|
|t:|1779692407
|move|p2a: Iron Crown|Psychic|p1a: Raging Bolt
|-damage|p1a: Raging Bolt|0 fnt
|faint|p1a: Raging Bolt
|-end|p1a: Raging Bolt|Protosynthesis|[silent]
|
|-weather|RainDance|[upkeep]
|upkeep
|
|t:|1779692415
|switch|p1a: Dragonite|Dragonite, F, shiny|100/100
|turn|4
|
|t:|1779692423
|move|p2a: Iron Crown|Tachyon Cutter|p1a: Dragonite
|-damage|p1a: Dragonite|87/100
|-damage|p1a: Dragonite|62/100
|-hitcount|p1a: Dragonite|2
|move|p1a: Dragonite|Thunder Punch|p2a: Iron Crown
|-damage|p2a: Iron Crown|72/100
|
|-weather|RainDance|[upkeep]
|upkeep
|turn|5
|
|t:|1779692432
|switch|p1a: Alomomola|Alomomola, M|100/100
|move|p2a: Iron Crown|Psychic|p1a: Alomomola
|-damage|p1a: Alomomola|64/100
|
|-weather|RainDance|[upkeep]
|upkeep
|turn|6
|
|t:|1779692439
|move|p2a: Iron Crown|Psychic|p1a: Alomomola
|-damage|p1a: Alomomola|30/100
|move|p1a: Alomomola|Mirror Coat|p2a: Iron Crown
|-damage|p2a: Iron Crown|0 fnt
|faint|p2a: Iron Crown
|-end|p2a: Iron Crown|Quark Drive|[silent]
|
|-weather|RainDance|[upkeep]
|upkeep
|
|t:|1779692449
|switch|p2a: Blaziken|Blaziken, F|100/100
|turn|7
|
|t:|1779692455
|move|p2a: Blaziken|Swords Dance|p2a: Blaziken
|-boost|p2a: Blaziken|atk|2
|move|p1a: Alomomola|Scald|p2a: Blaziken
|-supereffective|p2a: Blaziken
|-damage|p2a: Blaziken|40/100
|
|-weather|RainDance|[upkeep]
|-ability|p2a: Blaziken|Speed Boost|boost
|-boost|p2a: Blaziken|spe|1
|upkeep
|turn|8
|
|t:|1779692466
|move|p2a: Blaziken|Close Combat|p1a: Alomomola
|-damage|p1a: Alomomola|0 fnt
|-unboost|p2a: Blaziken|def|1
|-unboost|p2a: Blaziken|spd|1
|faint|p1a: Alomomola
|
|-weather|none
|-ability|p2a: Blaziken|Speed Boost|boost
|-boost|p2a: Blaziken|spe|1
|upkeep
|
|t:|1779692470
|switch|p1a: Dragonite|Dragonite, F, shiny|62/100
|turn|9
|
|t:|1779692476
|move|p1a: Dragonite|Extreme Speed|p2a: Blaziken
|-damage|p2a: Blaziken|0 fnt
|faint|p2a: Blaziken
|
|upkeep
|
|t:|1779692481
|switch|p2a: Excadrill|Excadrill, F|100/100
|-ability|p2a: Excadrill|Mold Breaker
|turn|10
|
|t:|1779692488
|switch|p1a: Tornadus|Tornadus-Therian, M|100/100
|move|p2a: Excadrill|Iron Head|p1a: Tornadus
|-damage|p1a: Tornadus|36/100
|-damage|p2a: Excadrill|84/100|[from] item: Rocky Helmet|[of] p1a: Tornadus
|
|upkeep
|turn|11
|
|t:|1779692500
|move|p1a: Tornadus|Tailwind|p1a: Tornadus
|-sidestart|p1: rbie1m|move: Tailwind
|move|p2a: Excadrill|Iron Head|p1a: Tornadus
|-damage|p1a: Tornadus|0 fnt
|-damage|p2a: Excadrill|67/100|[from] item: Rocky Helmet|[of] p1a: Tornadus
|faint|p1a: Tornadus
|
|upkeep
|
|t:|1779692505
|switch|p1a: Swampert|Swampert, M, shiny|100/100
|turn|12
|
|t:|1779692512
|switch|p2a: Cresselia|Cresselia, F|100/100
|move|p1a: Swampert|Earthquake|p2a: Cresselia
|-immune|p2a: Cresselia|[from] ability: Levitate
|
|upkeep
|turn|13
|
|t:|1779692522
|move|p1a: Swampert|Liquidation|p2a: Cresselia
|-damage|p2a: Cresselia|59/100
|-damage|p1a: Swampert|91/100|[from] item: Life Orb
|move|p2a: Cresselia|Future Sight|p1a: Swampert
|-start|p2a: Cresselia|move: Future Sight
|
|-heal|p2a: Cresselia|65/100|[from] item: Leftovers
|upkeep
|turn|14
|
|t:|1779692528
|move|p1a: Swampert|Liquidation|p2a: Cresselia
|-damage|p2a: Cresselia|27/100
|-damage|p1a: Swampert|81/100|[from] item: Life Orb
|move|p2a: Cresselia|Moonlight|p2a: Cresselia
|-heal|p2a: Cresselia|77/100
|
|-heal|p2a: Cresselia|83/100|[from] item: Leftovers
|-sideend|p1: rbie1m|move: Tailwind
|upkeep
|turn|15
|
|t:|1779692536
|move|p2a: Cresselia|Moonblast|p1a: Swampert
|-damage|p1a: Swampert|56/100
|move|p1a: Swampert|Liquidation|p2a: Cresselia
|-damage|p2a: Cresselia|40/100
|-damage|p1a: Swampert|46/100|[from] item: Life Orb
|
|-end|p1a: Swampert|move: Future Sight
|-damage|p1a: Swampert|6/100
|-heal|p2a: Cresselia|46/100|[from] item: Leftovers
|upkeep
|turn|16
|-message|rbie1m forfeited.
|
|win|loudclouds103
|raw|rbie1m's rating: 1151 &rarr; <strong>1125</strong><br />(-26 for losing)
|raw|loudclouds103's rating: 1142 &rarr; <strong>1168</strong><br />(+26 for winning)
|l|☆rbie1m
|player|p1|
|l|☆loudclouds103
|player|p2|
