|j|☆delacroixxx
|j|☆xuxanchengaloser
|t:|1779618976
|gametype|singles
|player|p1|delacroixxx|az|1339
|player|p2|xuxanchengaloser|swimmerf-gen4|1417
|gen|9
|tier|[Gen 9] OU
|rated|
|rule|HP Percentage Mod: HP is shown in percentages
|rule|Endless Battle Clause: Forcing endless battles is banned
|rule|Species Clause: Limit one of each Pokémon
|rule|OHKO Clause: OHKO moves are banned
|rule|Evasion Items Clause: Evasion items are banned
|rule|Evasion Moves Clause: Evasion moves are banned
|rule|Evasion Abilities Clause: Evasion abilities are banned
|rule|Sleep Moves Clause: Sleep-inducing moves are banned
|clearpoke
|poke|p1|Walking Wake|
|poke|p1|Maushold|
|poke|p1|Azumarill, M|
|poke|p1|Kingambit, M|
|poke|p1|Dragapult, M|
|poke|p1|Great Tusk|
|poke|p2|Kingambit, F|
|poke|p2|Raging Bolt|
|poke|p2|Glimmora, M|
|poke|p2|Meowscarada, M|
|poke|p2|Cinderace, F|
|poke|p2|Ogerpon-Wellspring, F|
|teampreview
|inactive|Battle timer is ON: inactive players will automatically lose when time's up. (requested by delacroixxx)
|
|t:|1779618983
|teamsize|p1|6
|teamsize|p2|6
|start
|switch|p1a: Dragapult|Dragapult, M|100/100
|switch|p2a: Glimmora|Glimmora, M|100/100
|turn|1
|
|t:|1779618990
|move|p1a: Dragapult|Thunder Wave|p2a: Glimmora
|-status|p2a: Glimmora|par
|move|p2a: Glimmora|Mortal Spin|p1a: Dragapult
|-resisted|p1a: Dragapult
|-damage|p1a: Dragapult|97/100
|-status|p1a: Dragapult|psn
|
|-damage|p1a: Dragapult|84/100 psn|[from] psn
|upkeep
|turn|2
|
|t:|1779619001
|move|p1a: Dragapult|Hex|p2a: Glimmora
|-damage|p2a: Glimmora|27/100 par
|move|p2a: Glimmora|Stealth Rock|p1a: Dragapult
|-sidestart|p1: delacroixxx|move: Stealth Rock
|
|-damage|p1a: Dragapult|72/100 psn|[from] psn
|upkeep
|turn|3
|
|t:|1779619009
|move|p1a: Dragapult|Hex|p2a: Glimmora
|-damage|p2a: Glimmora|0 fnt
|faint|p2a: Glimmora
|
|-damage|p1a: Dragapult|60/100 psn|[from] psn
|upkeep
|
|t:|1779619018
|switch|p2a: Meowscarada|Meowscarada, M|100/100
|turn|4
|
|t:|1779619025
|move|p2a: Meowscarada|Knock Off|p1a: Dragapult
|-start|p2a: Meowscarada|typechange|Dark|[from] ability: Protean
|-supereffective|p1a: Dragapult
|-damage|p1a: Dragapult|0 fnt
|-enditem|p1a: Dragapult|Focus Sash|[from] move: Knock Off|[of] p2a: Meowscarada
|faint|p1a: Dragapult
|
|upkeep
|
|t:|1779619033
|switch|p1a: Walking Wake|Walking Wake|100/100
|-damage|p1a: Walking Wake|88/100|[from] Stealth Rock
|-enditem|p1a: Walking Wake|Booster Energy
|-activate|p1a: Walking Wake|ability: Protosynthesis|[fromitem]
|-start|p1a: Walking Wake|protosynthesisspa
|turn|5
|
|t:|1779619049
|switch|p2a: Ogerpon|Ogerpon-Wellspring, F|100/100
|move|p1a: Walking Wake|Surf|p2a: Ogerpon
|-immune|p2a: Ogerpon|[from] ability: Water Absorb
|
|upkeep
|turn|6
|
|t:|1779619057
|move|p2a: Ogerpon|Encore|p1a: Walking Wake
|-start|p1a: Walking Wake|Encore
|move|p1a: Walking Wake|Surf|p2a: Ogerpon
|-immune|p2a: Ogerpon|[from] ability: Water Absorb
|
|upkeep
|turn|7
|
|t:|1779619074
|-end|p1a: Walking Wake|Protosynthesis|[silent]
|switch|p1a: Tandemauss|Maushold|100/100
|-damage|p1a: Tandemauss|88/100|[from] Stealth Rock
|move|p2a: Ogerpon|Ivy Cudgel|p1a: Tandemauss|[anim] Ivy Cudgel Water
|-damage|p1a: Tandemauss|0 fnt
|faint|p1a: Tandemauss
|
|upkeep
|
|t:|1779619080
|switch|p1a: Walking Wake|Walking Wake|88/100
|-damage|p1a: Walking Wake|76/100|[from] Stealth Rock
|turn|8
|
|t:|1779619092
|move|p2a: Ogerpon|Horn Leech|p1a: Walking Wake
|-damage|p1a: Walking Wake|31/100
|move|p1a: Walking Wake|Dragon Pulse|p2a: Ogerpon
|-damage|p2a: Ogerpon|44/100
|
|upkeep
|turn|9
|
|t:|1779619099
|move|p2a: Ogerpon|Horn Leech|p1a: Walking Wake
|-damage|p1a: Walking Wake|0 fnt
|-heal|p2a: Ogerpon|61/100|[from] drain|[of] p1a: Walking Wake
|faint|p1a: Walking Wake
|-end|p1a: Walking Wake|Protosynthesis|[silent]
|
|upkeep
|
|t:|1779619105
|switch|p1a: Great Tusk|Great Tusk|100/100
|-damage|p1a: Great Tusk|98/100|[from] Stealth Rock
|turn|10
|
|t:|1779619112
|move|p2a: Ogerpon|Horn Leech|p1a: Great Tusk
|-supereffective|p1a: Great Tusk
|-damage|p1a: Great Tusk|31/100
|-heal|p2a: Ogerpon|100/100|[from] drain|[of] p1a: Great Tusk
|move|p1a: Great Tusk|Rapid Spin|p2a: Ogerpon
|-damage|p2a: Ogerpon|76/100
|-boost|p1a: Great Tusk|spe|1
|-sideend|p1: delacroixxx|Stealth Rock|[from] move: Rapid Spin|[of] p1a: Great Tusk
|
|upkeep
|turn|11
|
|t:|1779619121
|move|p1a: Great Tusk|Close Combat|p2a: Ogerpon
|-damage|p2a: Ogerpon|0 fnt
|-unboost|p1a: Great Tusk|def|1
|-unboost|p1a: Great Tusk|spd|1
|faint|p2a: Ogerpon
|-enditem|p1a: Great Tusk|Eject Pack
|
|t:|1779619127
|-end|p1a: Great Tusk|Protosynthesis|[silent]
|switch|p1a: Azumarill|Azumarill, M, shiny|100/100
|
|upkeep
|
|t:|1779619133
|switch|p2a: Meowscarada|Meowscarada, M|100/100
|turn|12
|
|t:|1779619138
|-terastallize|p1a: Azumarill|Steel
|move|p2a: Meowscarada|U-turn|p1a: Azumarill
|-start|p2a: Meowscarada|typechange|Bug|[from] ability: Protean
|-resisted|p1a: Azumarill
|-damage|p1a: Azumarill|78/100
|
|t:|1779619145
|switch|p2a: Cinderace|Cinderace, F|100/100|[from] U-turn
|move|p1a: Azumarill|Belly Drum|p1a: Azumarill
|-damage|p1a: Azumarill|28/100
|-setboost|p1a: Azumarill|atk|6|[from] move: Belly Drum
|-enditem|p1a: Azumarill|Sitrus Berry|[eat]
|-heal|p1a: Azumarill|53/100|[from] item: Sitrus Berry
|
|upkeep
|turn|13
|
|t:|1779619156
|move|p1a: Azumarill|Aqua Jet|p2a: Cinderace
|-supereffective|p2a: Cinderace
|-damage|p2a: Cinderace|0 fnt
|faint|p2a: Cinderace
|
|upkeep
|
|t:|1779619164
|switch|p2a: Meowscarada|Meowscarada, M|100/100
|turn|14
|
|t:|1779619175
|move|p2a: Meowscarada|Knock Off|p1a: Azumarill
|-start|p2a: Meowscarada|typechange|Dark|[from] ability: Protean
|-damage|p1a: Azumarill|16/100
|move|p1a: Azumarill|Play Rough|p2a: Meowscarada
|-supereffective|p2a: Meowscarada
|-damage|p2a: Meowscarada|0 fnt
|faint|p2a: Meowscarada
|
|upkeep
|
|t:|1779619185
|switch|p2a: Kingambit|Kingambit, F|100/100
|-activate|p2a: Kingambit|ability: Supreme Overlord
|-start|p2a: Kingambit|fallen4|[silent]
|turn|15
|
|t:|1779619192
|move|p1a: Azumarill|Aqua Jet|p2a: Kingambit
|-damage|p2a: Kingambit|33/100
|move|p2a: Kingambit|Sucker Punch||[still]
|-fail|p2a: Kingambit
|
|upkeep
|turn|16
|
|t:|1779619203
|move|p1a: Azumarill|Aqua Jet|p2a: Kingambit
|-damage|p2a: Kingambit|0 fnt
|faint|p2a: Kingambit
|-end|p2a: Kingambit|fallen4|[silent]
|
|upkeep
|
|t:|1779619209
|switch|p2a: Raging Bolt|Raging Bolt|100/100
|-enditem|p2a: Raging Bolt|Booster Energy
|-activate|p2a: Raging Bolt|ability: Protosynthesis|[fromitem]
|-start|p2a: Raging Bolt|protosynthesisspa
|turn|17
|
|t:|1779619220
|-terastallize|p2a: Raging Bolt|Fairy
|move|p2a: Raging Bolt|Thunderbolt|p1a: Azumarill
|-damage|p1a: Azumarill|0 fnt
|faint|p1a: Azumarill
|
|upkeep
|
|t:|1779619227
|switch|p1a: Kingambit|Kingambit, M, shiny|100/100
|-activate|p1a: Kingambit|ability: Supreme Overlord
|-start|p1a: Kingambit|fallen4|[silent]
|turn|18
|
|t:|1779619240
|move|p2a: Raging Bolt|Thunderbolt|p1a: Kingambit
|-damage|p1a: Kingambit|41/100
|move|p1a: Kingambit|Swords Dance|p1a: Kingambit
|-boost|p1a: Kingambit|atk|2
|
|upkeep
|turn|19
|
|t:|1779619246
|move|p1a: Kingambit|Sucker Punch|p2a: Raging Bolt
|-resisted|p2a: Raging Bolt
|-damage|p2a: Raging Bolt|39/100
|move|p2a: Raging Bolt|Thunderbolt|p1a: Kingambit
|-damage|p1a: Kingambit|0 fnt
|faint|p1a: Kingambit
|-end|p1a: Kingambit|fallen4|[silent]
|
|upkeep
|
|t:|1779619249
|switch|p1a: Great Tusk|Great Tusk|31/100
|turn|20
|
|t:|1779619258
|move|p1a: Great Tusk|Headlong Rush|p2a: Raging Bolt
|-damage|p2a: Raging Bolt|0 fnt
|-unboost|p1a: Great Tusk|def|1
|-unboost|p1a: Great Tusk|spd|1
|faint|p2a: Raging Bolt
|-end|p2a: Raging Bolt|Protosynthesis|[silent]
|
|win|delacroixxx
|raw|delacroixxx's rating: 1339 &rarr; <strong>1363</strong><br />(+24 for winning)
|raw|xuxanchengaloser's rating: 1417 &rarr; <strong>1393</strong><br />(-24 for losing)
|l|☆delacroixxx
|player|p1|
|l|☆xuxanchengaloser
|player|p2|
