|j|☆iwowoooowo2o
|j|☆SaiyanSage
|t:|1779660799
|gametype|singles
|player|p1|iwowoooowo2o|102|1341
|player|p2|SaiyanSage|hoopster|1335
|gen|9
|tier|[Gen 9] OU
|rated|
|rule|HP Percentage Mod: HP is shown in percentages
|rule|Endless Battle Clause: Forcing endless battles is banned
|rule|Species Clause: Limit one of each Pokémon
|rule|OHKO Clause: OHKO moves are banned
|rule|Evasion Items Clause: Evasion items are banned
|rule|Evasion Moves Clause: Evasion moves are banned
|rule|Evasion Abilities Clause: Evasion abilities are banned
|rule|Sleep Moves Clause: Sleep-inducing moves are banned
|clearpoke
|poke|p1|Skarmory, F|
|poke|p1|Gliscor, M|
|poke|p1|Clefable, F|
|poke|p1|Pecharunt|
|poke|p1|Dragonite, M|
|poke|p1|Deoxys-Speed|
|poke|p2|Raging Bolt|
|poke|p2|Corviknight, M|
|poke|p2|Brute Bonnet|
|poke|p2|Walking Wake|
|poke|p2|Ogerpon-Wellspring, F|
|poke|p2|Leafeon, M|
|teampreview
|inactive|Battle timer is ON: inactive players will automatically lose when time's up. (requested by iwowoooowo2o)
|
|t:|1779660805
|teamsize|p1|6
|teamsize|p2|6
|start
|switch|p1a: Clefable|Clefable, F|100/100
|switch|p2a: Walking Wake|Walking Wake|100/100
|turn|1
|
|t:|1779660809
|-end|p2a: Walking Wake|Protosynthesis|[silent]
|switch|p2a: Corviknight|Corviknight, M|100/100
|move|p1a: Clefable|Stealth Rock|p2a: Corviknight
|-sidestart|p2: SaiyanSage|move: Stealth Rock
|
|upkeep
|turn|2
|
|t:|1779660814
|switch|p1a: Skarmory|Skarmory, F|100/100
|move|p2a: Corviknight|Sunny Day|p2a: Corviknight
|-weather|SunnyDay
|
|-weather|SunnyDay|[upkeep]
|upkeep
|turn|3
|
|t:|1779660826
|switch|p2a: Zeus|Raging Bolt|100/100
|-damage|p2a: Zeus|88/100|[from] Stealth Rock
|-activate|p2a: Zeus|ability: Protosynthesis
|-start|p2a: Zeus|protosynthesisspa
|move|p1a: Skarmory|Whirlwind|p2a: Zeus
|-end|p2a: Zeus|Protosynthesis|[silent]
|drag|p2a: Brute Bonnet|Brute Bonnet|100/100
|-damage|p2a: Brute Bonnet|88/100|[from] Stealth Rock
|-activate|p2a: Brute Bonnet|ability: Protosynthesis
|-start|p2a: Brute Bonnet|protosynthesisatk
|
|-weather|SunnyDay|[upkeep]
|upkeep
|turn|4
|
|t:|1779660838
|move|p1a: Skarmory|Spikes|p2a: Brute Bonnet
|-sidestart|p2: SaiyanSage|Spikes
|move|p2a: Brute Bonnet|Crunch|p1a: Skarmory
|-damage|p1a: Skarmory|60/100
|-unboost|p1a: Skarmory|def|1
|-damage|p2a: Brute Bonnet|72/100|[from] item: Rocky Helmet|[of] p1a: Skarmory
|
|-weather|SunnyDay|[upkeep]
|upkeep
|turn|5
|
|t:|1779660847
|switch|p1a: Gliscor|Gliscor, M|100/100
|move|p2a: Brute Bonnet|Growth|p2a: Brute Bonnet
|-boost|p2a: Brute Bonnet|atk|2
|-boost|p2a: Brute Bonnet|spa|2
|
|-weather|SunnyDay|[upkeep]
|-status|p1a: Gliscor|tox|[from] item: Toxic Orb
|upkeep
|turn|6
|
|t:|1779660854
|-terastallize|p2a: Brute Bonnet|Steel
|move|p1a: Gliscor|Toxic|p2a: Brute Bonnet|[miss]
|-miss|p1a: Gliscor|p2a: Brute Bonnet
|move|p2a: Brute Bonnet|Crunch|p1a: Gliscor
|-damage|p1a: Gliscor|7/100 tox
|
|-weather|SunnyDay|[upkeep]
|-heal|p1a: Gliscor|20/100 tox|[from] ability: Poison Heal
|upkeep
|turn|7
|
|t:|1779660864
|switch|p1a: Skarmory|Skarmory, F|60/100
|move|p2a: Brute Bonnet|Sucker Punch||[still]
|-fail|p2a: Brute Bonnet
|
|-weather|SunnyDay|[upkeep]
|upkeep
|turn|8
|
|t:|1779660868
|move|p2a: Brute Bonnet|Crunch|p1a: Skarmory
|-crit|p1a: Skarmory
|-damage|p1a: Skarmory|0 fnt
|-damage|p2a: Brute Bonnet|55/100|[from] item: Rocky Helmet|[of] p1a: Skarmory
|faint|p1a: Skarmory
|
|-weather|SunnyDay|[upkeep]
|upkeep
|
|t:|1779660874
|switch|p1a: Dragonite|Dragonite, M|100/100
|turn|9
|
|t:|1779660877
|move|p1a: Dragonite|Earthquake|p2a: Brute Bonnet
|-supereffective|p2a: Brute Bonnet
|-damage|p2a: Brute Bonnet|0 fnt
|faint|p2a: Brute Bonnet
|-end|p2a: Brute Bonnet|Protosynthesis|[silent]
|
|-weather|none
|upkeep
|
|t:|1779660887
|switch|p2a: Walking Wake|Walking Wake|100/100
|-damage|p2a: Walking Wake|88/100|[from] Stealth Rock
|-damage|p2a: Walking Wake|76/100|[from] Spikes
|turn|10
|
|t:|1779660894
|switch|p1a: Clefable|Clefable, F|100/100
|move|p2a: Walking Wake|Sunny Day|p2a: Walking Wake
|-weather|SunnyDay
|-activate|p2a: Walking Wake|ability: Protosynthesis
|-start|p2a: Walking Wake|protosynthesisspa
|
|-weather|SunnyDay|[upkeep]
|upkeep
|turn|11
|
|t:|1779660901
|move|p2a: Walking Wake|Hydro Steam|p1a: Clefable
|-damage|p1a: Clefable|8/100
|-damage|p2a: Walking Wake|66/100|[from] item: Life Orb
|move|p1a: Clefable|Moonblast|p2a: Walking Wake
|-supereffective|p2a: Walking Wake
|-damage|p2a: Walking Wake|0 fnt
|faint|p2a: Walking Wake
|-end|p2a: Walking Wake|Protosynthesis|[silent]
|
|-weather|SunnyDay|[upkeep]
|-heal|p1a: Clefable|14/100|[from] item: Leftovers
|upkeep
|
|t:|1779660909
|switch|p2a: Leafeon|Leafeon, M|100/100
|-damage|p2a: Leafeon|88/100|[from] Stealth Rock
|-damage|p2a: Leafeon|75/100|[from] Spikes
|turn|12
|
|t:|1779660916
|move|p2a: Leafeon|Swords Dance|p2a: Leafeon
|-boost|p2a: Leafeon|atk|2
|move|p1a: Clefable|Moonblast|p2a: Leafeon
|-damage|p2a: Leafeon|23/100
|-unboost|p2a: Leafeon|spa|1
|
|-weather|SunnyDay|[upkeep]
|-heal|p1a: Clefable|20/100|[from] item: Leftovers
|upkeep
|turn|13
|
|t:|1779660921
|move|p2a: Leafeon|Solar Blade||[still]
|-prepare|p2a: Leafeon|Solar Blade
|-anim|p2a: Leafeon|Solar Blade|p1a: Clefable
|-crit|p1a: Clefable
|-damage|p1a: Clefable|0 fnt
|faint|p1a: Clefable
|
|-weather|SunnyDay|[upkeep]
|upkeep
|
|t:|1779660930
|switch|p1a: Pecharunt|Pecharunt|100/100
|turn|14
|
|t:|1779660934
|move|p2a: Leafeon|Knock Off|p1a: Pecharunt
|-supereffective|p1a: Pecharunt
|-crit|p1a: Pecharunt
|-damage|p1a: Pecharunt|0 fnt
|-enditem|p1a: Pecharunt|Heavy-Duty Boots|[from] move: Knock Off|[of] p2a: Leafeon
|faint|p1a: Pecharunt
|
|-weather|none
|upkeep
|
|t:|1779660938
|switch|p1a: Dragonite|Dragonite, M|100/100
|turn|15
|
|t:|1779660956
|move|p1a: Dragonite|Extreme Speed|p2a: Leafeon
|-damage|p2a: Leafeon|0 fnt
|faint|p2a: Leafeon
|
|upkeep
|
|t:|1779660961
|switch|p2a: Corviknight|Corviknight, M|100/100
|-damage|p2a: Corviknight|88/100|[from] Stealth Rock
|turn|16
|
|t:|1779660966
|move|p2a: Corviknight|Iron Defense|p2a: Corviknight
|-boost|p2a: Corviknight|def|2
|move|p1a: Dragonite|Dragon Tail|p2a: Corviknight
|-resisted|p2a: Corviknight
|-damage|p2a: Corviknight|83/100
|drag|p2a: Zeus|Raging Bolt|88/100
|-damage|p2a: Zeus|76/100|[from] Stealth Rock
|-damage|p2a: Zeus|64/100|[from] Spikes
|
|upkeep
|turn|17
|
|t:|1779660971
|move|p1a: Dragonite|Earthquake|p2a: Zeus
|-supereffective|p2a: Zeus
|-damage|p2a: Zeus|10/100
|move|p2a: Zeus|Draco Meteor|p1a: Dragonite
|-supereffective|p1a: Dragonite
|-damage|p1a: Dragonite|37/100
|-unboost|p2a: Zeus|spa|2
|
|upkeep
|turn|18
|
|t:|1779660979
|move|p1a: Dragonite|Extreme Speed|p2a: Zeus
|-damage|p2a: Zeus|0 fnt
|faint|p2a: Zeus
|-end|p2a: Zeus|Protosynthesis|[silent]
|
|upkeep
|
|t:|1779660983
|switch|p2a: Corviknight|Corviknight, M|83/100
|-damage|p2a: Corviknight|70/100|[from] Stealth Rock
|turn|19
|
|t:|1779660988
|move|p1a: Dragonite|Roost|p1a: Dragonite
|-heal|p1a: Dragonite|87/100
|-singleturn|p1a: Dragonite|move: Roost
|move|p2a: Corviknight|Body Press|p1a: Dragonite
|-damage|p1a: Dragonite|65/100
|
|upkeep
|turn|20
|
|t:|1779660993
|switch|p2a: Ogerpon|Ogerpon-Wellspring, F|100/100
|-damage|p2a: Ogerpon|88/100|[from] Stealth Rock
|-damage|p2a: Ogerpon|76/100|[from] Spikes
|move|p1a: Dragonite|Roost|p1a: Dragonite
|-heal|p1a: Dragonite|100/100
|-singleturn|p1a: Dragonite|move: Roost
|
|upkeep
|turn|21
|inactive|SaiyanSage has 120 seconds left.
|
|t:|1779661033
|move|p2a: Ogerpon|Encore|p1a: Dragonite
|-start|p1a: Dragonite|Encore
|move|p1a: Dragonite|Roost||[still]
|-fail|p1a: Dragonite|heal
|
|upkeep
|turn|22
|inactive|SaiyanSage has 120 seconds left.
|
|t:|1779661040
|switch|p1a: Gliscor|Gliscor, M|20/100 tox
|move|p2a: Ogerpon|Swords Dance|p2a: Ogerpon
|-boost|p2a: Ogerpon|atk|2
|
|-heal|p1a: Gliscor|32/100 tox|[from] ability: Poison Heal
|upkeep
|turn|23
|
|t:|1779661046
|move|p2a: Ogerpon|Horn Leech|p1a: Gliscor
|-damage|p1a: Gliscor|0 fnt
|-heal|p2a: Ogerpon|95/100|[from] drain|[of] p1a: Gliscor
|faint|p1a: Gliscor
|
|upkeep
|
|t:|1779661049
|switch|p1a: Dragonite|Dragonite, M|100/100
|turn|24
|
|t:|1779661052
|move|p2a: Ogerpon|Ivy Cudgel|p1a: Dragonite|[anim] Ivy Cudgel Water
|-resisted|p1a: Dragonite
|-damage|p1a: Dragonite|71/100
|move|p1a: Dragonite|Dragon Tail|p2a: Ogerpon
|-damage|p2a: Ogerpon|47/100
|drag|p2a: Corviknight|Corviknight, M|70/100
|-damage|p2a: Corviknight|58/100|[from] Stealth Rock
|
|upkeep
|turn|25
|
|t:|1779661060
|switch|p2a: Ogerpon|Ogerpon-Wellspring, F|47/100
|-damage|p2a: Ogerpon|35/100|[from] Stealth Rock
|-damage|p2a: Ogerpon|23/100|[from] Spikes
|move|p1a: Dragonite|Roost|p1a: Dragonite
|-heal|p1a: Dragonite|100/100
|-singleturn|p1a: Dragonite|move: Roost
|
|upkeep
|turn|26
|
|t:|1779661063
|switch|p1a: Deoxys|Deoxys-Speed|100/100
|-ability|p1a: Deoxys|Pressure
|move|p2a: Ogerpon|Encore||[still]
|-fail|p2a: Ogerpon
|
|upkeep
|turn|27
|-message|SaiyanSage forfeited.
|
|win|iwowoooowo2o
|raw|iwowoooowo2o's rating: 1341 &rarr; <strong>1361</strong><br />(+20 for winning)
|raw|SaiyanSage's rating: 1335 &rarr; <strong>1315</strong><br />(-20 for losing)
|l|☆SaiyanSage
|player|p2|
|l|☆iwowoooowo2o
|player|p1|
