|j|‽RadiantSol
|j|☆Iron Fist286
|t:|1779598322
|gametype|singles
|player|p1|RadiantSol|flint|1310
|player|p2|Iron Fist286|n|1404
|gen|9
|tier|[Gen 9] OU
|rated|
|rule|HP Percentage Mod: HP is shown in percentages
|rule|Endless Battle Clause: Forcing endless battles is banned
|rule|Species Clause: Limit one of each Pokémon
|rule|OHKO Clause: OHKO moves are banned
|rule|Evasion Items Clause: Evasion items are banned
|rule|Evasion Moves Clause: Evasion moves are banned
|rule|Evasion Abilities Clause: Evasion abilities are banned
|rule|Sleep Moves Clause: Sleep-inducing moves are banned
|clearpoke
|poke|p1|Espeon, F|
|poke|p1|Quagsire, F|
|poke|p1|Goodra-Hisui, F|
|poke|p1|Talonflame, F|
|poke|p1|Ninetales-Alola, F|
|poke|p1|Muk-Alola, F|
|poke|p2|Weezing-Galar, M|
|poke|p2|Ogerpon, F|
|poke|p2|Skarmory, M|
|poke|p2|Alomomola, M|
|poke|p2|Clodsire, M|
|poke|p2|Hydreigon, M|
|teampreview
|
|t:|1779598352
|teamsize|p1|6
|teamsize|p2|6
|start
|switch|p1a: Talonflame|Talonflame, F|100/100
|switch|p2a: Ogerpon|Ogerpon, F|100/100
|turn|1
|inactive|Battle timer is ON: inactive players will automatically lose when time's up. (requested by Iron Fist286)
|
|t:|1779598361
|-terastallize|p2a: Ogerpon|Grass
|detailschange|p2a: Ogerpon|Ogerpon-Teal-Tera, F, tera:Grass
|-ability|p2a: Ogerpon|Embody Aspect (Teal)|boost
|-boost|p2a: Ogerpon|spe|1
|move|p2a: Ogerpon|Rock Tomb|p1a: Talonflame
|-supereffective|p1a: Talonflame
|-damage|p1a: Talonflame|0 fnt
|faint|p1a: Talonflame
|
|upkeep
|inactive|RadiantSol has 120 seconds left.
|
|t:|1779598391
|switch|p1a: Goodra|Goodra-Hisui, F|100/100
|turn|2
|
|t:|1779598416
|switch|p2a: Clodsire|Clodsire, M, shiny|100/100
|-terastallize|p1a: Goodra|Water
|move|p1a: Goodra|Draco Meteor|p2a: Clodsire
|-damage|p2a: Clodsire|62/100
|-unboost|p1a: Goodra|spa|2
|
|upkeep
|turn|3
|
|t:|1779598439
|move|p1a: Goodra|Earthquake|p2a: Clodsire
|-supereffective|p2a: Clodsire
|-damage|p2a: Clodsire|12/100
|move|p2a: Clodsire|Stealth Rock|p1a: Goodra
|-sidestart|p1: RadiantSol|move: Stealth Rock
|
|upkeep
|turn|4
|
|t:|1779598446
|switch|p2a: Skarmory|Skarmory, M, shiny|100/100
|move|p1a: Goodra|Earthquake|p2a: Skarmory
|-immune|p2a: Skarmory
|
|upkeep
|turn|5
|
|t:|1779598462
|switch|p1a: Espeon|Espeon, F, shiny|100/100
|-damage|p1a: Espeon|88/100|[from] Stealth Rock
|move|p2a: Skarmory|Spikes|p1a: Espeon
|move|p1a: Espeon|Spikes|p2a: Skarmory|[from] ability: Magic Bounce
|-sidestart|p2: Iron Fist286|Spikes
|
|upkeep
|turn|6
|
|t:|1779598473
|move|p1a: Espeon|Substitute|p1a: Espeon
|-start|p1a: Espeon|Substitute
|-damage|p1a: Espeon|64/100
|move|p2a: Skarmory|Taunt|p1a: Espeon
|move|p1a: Espeon|Taunt|p2a: Skarmory|[from] ability: Magic Bounce
|-start|p2a: Skarmory|move: Taunt
|
|upkeep
|turn|7
|
|t:|1779598483
|switch|p2a: Secret Weapon|Hydreigon, M, shiny|100/100
|move|p1a: Espeon|Calm Mind|p1a: Espeon
|-boost|p1a: Espeon|spa|1
|-boost|p1a: Espeon|spd|1
|
|upkeep
|turn|8
|
|t:|1779598493
|move|p1a: Espeon|Draining Kiss|p2a: Secret Weapon
|-supereffective|p2a: Secret Weapon
|-damage|p2a: Secret Weapon|0 fnt
|-heal|p1a: Espeon|100/100|[from] drain|[of] p2a: Secret Weapon
|faint|p2a: Secret Weapon
|
|upkeep
|
|t:|1779598507
|switch|p2a: Ogerpon|Ogerpon-Teal-Tera, F, tera:Grass|100/100
|-damage|p2a: Ogerpon|88/100|[from] Spikes
|-ability|p2a: Ogerpon|Embody Aspect (Teal)|boost
|-boost|p2a: Ogerpon|spe|1
|turn|9
|
|t:|1779598511
|move|p2a: Ogerpon|Knock Off|p1a: Espeon
|-supereffective|p1a: Espeon
|-end|p1a: Espeon|Substitute
|move|p1a: Espeon|Psyshock|p2a: Ogerpon
|-damage|p2a: Ogerpon|6/100
|
|upkeep
|turn|10
|
|t:|1779598520
|switch|p1a: Goodra|Goodra-Hisui, F, tera:Water|100/100
|-damage|p1a: Goodra|88/100|[from] Stealth Rock
|move|p2a: Ogerpon|Knock Off|p1a: Goodra
|-damage|p1a: Goodra|40/100
|-enditem|p1a: Goodra|Assault Vest|[from] move: Knock Off|[of] p2a: Ogerpon
|
|upkeep
|turn|11
|
|t:|1779598528
|switch|p2a: Weezing|Weezing-Galar, M, shiny|100/100
|-ability|p2a: Weezing|Neutralizing Gas
|move|p1a: Goodra|Draco Meteor|p2a: Weezing
|-immune|p2a: Weezing
|
|upkeep
|turn|12
|
|t:|1779598537
|move|p2a: Weezing|Defog|p1a: Goodra
|-unboost|p1a: Goodra|evasion|1
|-sideend|p1: RadiantSol|Stealth Rock|[from] move: Defog|[of] p2a: Weezing
|-sideend|p2: Iron Fist286|Spikes|[from] move: Defog|[of] p2a: Weezing
|move|p1a: Goodra|Flash Cannon|p2a: Weezing
|-supereffective|p2a: Weezing
|-damage|p2a: Weezing|0 fnt
|faint|p2a: Weezing
|-end|p2a: Weezing|ability: Neutralizing Gas
|
|upkeep
|
|t:|1779598544
|switch|p2a: Ogerpon|Ogerpon-Teal-Tera, F, tera:Grass|6/100
|-ability|p2a: Ogerpon|Embody Aspect (Teal)|boost
|-boost|p2a: Ogerpon|spe|1
|turn|13
|
|t:|1779598550
|move|p2a: Ogerpon|Ivy Cudgel|p1a: Goodra
|-ability|p1a: Goodra|Sap Sipper|boost
|-boost|p1a: Goodra|atk|1
|move|p1a: Goodra|Flash Cannon|p2a: Ogerpon
|-damage|p2a: Ogerpon|0 fnt
|faint|p2a: Ogerpon
|detailschange|p2: Ogerpon|Ogerpon, F|[silent]
|
|upkeep
|c|☆Iron Fist286|i had no idea that was a thing
|
|t:|1779598571
|switch|p2a: Skarmory|Skarmory, M, shiny|100/100
|turn|14
|
|t:|1779598576
|switch|p1a: Espeon|Espeon, F, shiny|100/100
|move|p2a: Skarmory|Body Press|p1a: Espeon
|-resisted|p1a: Espeon
|-damage|p1a: Espeon|69/100
|
|upkeep
|turn|15
|
|t:|1779598582
|move|p1a: Espeon|Calm Mind|p1a: Espeon
|-boost|p1a: Espeon|spa|1
|-boost|p1a: Espeon|spd|1
|move|p2a: Skarmory|Body Press|p1a: Espeon
|-resisted|p1a: Espeon
|-damage|p1a: Espeon|37/100
|
|upkeep
|turn|16
|
|t:|1779598588
|move|p1a: Espeon|Draining Kiss|p2a: Skarmory
|-resisted|p2a: Skarmory
|-damage|p2a: Skarmory|82/100
|-heal|p1a: Espeon|53/100|[from] drain|[of] p2a: Skarmory
|-damage|p1a: Espeon|36/100|[from] item: Rocky Helmet|[of] p2a: Skarmory
|move|p2a: Skarmory|Body Press|p1a: Espeon
|-resisted|p1a: Espeon
|-damage|p1a: Espeon|7/100
|
|upkeep
|turn|17
|
|t:|1779598602
|switch|p1a: Muk|Muk-Alola, F|100/100
|move|p2a: Skarmory|Body Press|p1a: Muk
|-damage|p1a: Muk|69/100
|
|-heal|p1a: Muk|75/100|[from] item: Leftovers
|upkeep
|turn|18
|
|t:|1779598615
|switch|p1a: Espeon|Espeon, F, shiny|7/100
|move|p2a: Skarmory|Body Press|p1a: Espeon
|-resisted|p1a: Espeon
|-damage|p1a: Espeon|0 fnt
|faint|p1a: Espeon
|
|upkeep
|
|t:|1779598623
|switch|p1a: Ninetales|Ninetales-Alola, F, shiny|100/100
|-weather|Snowscape|[from] ability: Snow Warning|[of] p1a: Ninetales
|turn|19
|
|t:|1779598634
|move|p1a: Ninetales|Aurora Veil|p1a: Ninetales
|-sidestart|p1: RadiantSol|move: Aurora Veil
|move|p2a: Skarmory|Body Press|p1a: Ninetales
|-damage|p1a: Ninetales|85/100
|
|-weather|Snowscape|[upkeep]
|upkeep
|turn|20
|
|t:|1779598644
|move|p1a: Ninetales|Calm Mind|p1a: Ninetales
|-boost|p1a: Ninetales|spa|1
|-boost|p1a: Ninetales|spd|1
|move|p2a: Skarmory|Taunt|p1a: Ninetales
|-start|p1a: Ninetales|move: Taunt
|
|-weather|Snowscape|[upkeep]
|upkeep
|turn|21
|
|t:|1779598646
|move|p1a: Ninetales|Freeze-Dry|p2a: Skarmory
|-damage|p2a: Skarmory|36/100
|move|p2a: Skarmory|Body Press|p1a: Ninetales
|-damage|p1a: Ninetales|70/100
|
|-weather|Snowscape|[upkeep]
|upkeep
|turn|22
|
|t:|1779598651
|move|p1a: Ninetales|Freeze-Dry|p2a: Skarmory
|-damage|p2a: Skarmory|0 fnt
|faint|p2a: Skarmory
|
|-weather|Snowscape|[upkeep]
|upkeep
|
|t:|1779598653
|switch|p2a: Alomomola|Alomomola, M, shiny|100/100
|turn|23
|
|t:|1779598658
|move|p1a: Ninetales|Freeze-Dry|p2a: Alomomola
|-supereffective|p2a: Alomomola
|-damage|p2a: Alomomola|68/100
|move|p2a: Alomomola|Mirror Coat|p1a: Ninetales
|-damage|p1a: Ninetales|0 fnt
|faint|p1a: Ninetales
|
|-weather|none
|upkeep
|
|t:|1779598663
|switch|p1a: Muk|Muk-Alola, F|75/100
|turn|24
|
|t:|1779598671
|switch|p2a: Clodsire|Clodsire, M, shiny|12/100
|move|p1a: Muk|Knock Off|p2a: Clodsire
|-damage|p2a: Clodsire|0 fnt
|-enditem|p2a: Clodsire|Covert Cloak|[from] move: Knock Off|[of] p1a: Muk
|faint|p2a: Clodsire
|
|-heal|p1a: Muk|81/100|[from] item: Leftovers
|upkeep
|
|t:|1779598673
|switch|p2a: Alomomola|Alomomola, M, shiny|100/100
|turn|25
|
|t:|1779598677
|move|p1a: Muk|Knock Off|p2a: Alomomola
|-damage|p2a: Alomomola|69/100
|-status|p2a: Alomomola|psn|[from] ability: Poison Touch|[of] p1a: Muk
|-enditem|p2a: Alomomola|Assault Vest|[from] move: Knock Off|[of] p1a: Muk
|move|p2a: Alomomola|Play Rough|p1a: Muk
|-damage|p1a: Muk|72/100
|-unboost|p1a: Muk|atk|1
|
|-heal|p1a: Muk|78/100|[from] item: Leftovers
|-damage|p2a: Alomomola|57/100 psn|[from] psn
|upkeep
|turn|26
|
|t:|1779598686
|move|p1a: Muk|Zen Headbutt|p2a: Alomomola
|-damage|p2a: Alomomola|46/100 psn
|move|p2a: Alomomola|Play Rough|p1a: Muk
|-damage|p1a: Muk|69/100
|
|-heal|p1a: Muk|75/100|[from] item: Leftovers
|-damage|p2a: Alomomola|34/100 psn|[from] psn
|-sideend|p1: RadiantSol|move: Aurora Veil
|upkeep
|turn|27
|
|t:|1779598691
|move|p1a: Muk|Zen Headbutt|p2a: Alomomola
|-damage|p2a: Alomomola|23/100 psn
|move|p2a: Alomomola|Play Rough|p1a: Muk
|-crit|p1a: Muk
|-damage|p1a: Muk|47/100
|
|-heal|p1a: Muk|53/100|[from] item: Leftovers
|-damage|p2a: Alomomola|11/100 psn|[from] psn
|upkeep
|turn|28
|
|t:|1779598697
|move|p1a: Muk|Zen Headbutt|p2a: Alomomola
|-damage|p2a: Alomomola|1/100 psn
|move|p2a: Alomomola|Play Rough|p1a: Muk
|-damage|p1a: Muk|35/100
|
|-heal|p1a: Muk|41/100|[from] item: Leftovers
|-damage|p2a: Alomomola|0 fnt|[from] psn
|faint|p2a: Alomomola
|
|win|RadiantSol
|raw|RadiantSol's rating: 1310 &rarr; <strong>1335</strong><br />(+25 for winning)
|raw|Iron Fist286's rating: 1404 &rarr; <strong>1379</strong><br />(-25 for losing)
|l|‽RadiantSol
|player|p1|
|l|☆Iron Fist286
|player|p2|
