|j|☆PedroGatoso
|j|☆24iomxx
|t:|1779628463
|gametype|singles
|player|p1|PedroGatoso|worker|1144
|player|p2|24iomxx|hilbert-masters|1087
|gen|9
|tier|[Gen 9] OU
|rated|
|rule|HP Percentage Mod: HP is shown in percentages
|rule|Endless Battle Clause: Forcing endless battles is banned
|rule|Species Clause: Limit one of each Pokémon
|rule|OHKO Clause: OHKO moves are banned
|rule|Evasion Items Clause: Evasion items are banned
|rule|Evasion Moves Clause: Evasion moves are banned
|rule|Evasion Abilities Clause: Evasion abilities are banned
|rule|Sleep Moves Clause: Sleep-inducing moves are banned
|clearpoke
|poke|p1|Golem, M|
|poke|p1|Rhyperior, M|
|poke|p1|Azumarill, F|
|poke|p1|Venusaur, M|
|poke|p1|Kingambit, F|
|poke|p1|Dragonite, M|
|poke|p2|Hydreigon, M|
|poke|p2|Excadrill, F|
|poke|p2|Galvantula, F|
|poke|p2|Chandelure, F|
|poke|p2|Amoonguss, M|
|poke|p2|Braviary, M|
|teampreview
|inactive|Battle timer is ON: inactive players will automatically lose when time's up. (requested by 24iomxx)
|
|t:|1779628469
|teamsize|p1|6
|teamsize|p2|6
|start
|switch|p1a: Golem|Golem, M|100/100
|switch|p2a: Galvantula|Galvantula, F|100/100
|turn|1
|
|t:|1779628479
|move|p2a: Galvantula|Sticky Web|p1a: Golem
|-sidestart|p1: PedroGatoso|move: Sticky Web
|move|p1a: Golem|Stealth Rock|p2a: Galvantula
|-sidestart|p2: 24iomxx|move: Stealth Rock
|
|upkeep
|turn|2
|
|t:|1779628491
|switch|p2a: Excadrill|Excadrill, F|100/100
|-damage|p2a: Excadrill|97/100|[from] Stealth Rock
|-ability|p2a: Excadrill|Mold Breaker
|-item|p2a: Excadrill|Air Balloon
|move|p1a: Golem|Stone Edge|p2a: Excadrill|[miss]
|-miss|p1a: Golem|p2a: Excadrill
|
|upkeep
|turn|3
|
|t:|1779628506
|move|p2a: Excadrill|Rapid Spin|p1a: Golem
|-resisted|p1a: Golem
|-damage|p1a: Golem|94/100
|-boost|p2a: Excadrill|spe|1
|-sideend|p2: 24iomxx|Stealth Rock|[from] move: Rapid Spin|[of] p2a: Excadrill
|move|p1a: Golem|Explosion|p2a: Excadrill
|-resisted|p2a: Excadrill
|-damage|p2a: Excadrill|35/100
|-enditem|p2a: Excadrill|Air Balloon
|faint|p1a: Golem
|
|upkeep
|
|t:|1779628517
|switch|p1a: Azumarill|Azumarill, F|100/100
|-activate|p1a: Azumarill|move: Sticky Web
|-unboost|p1a: Azumarill|spe|1
|turn|4
|
|t:|1779628523
|move|p1a: Azumarill|Aqua Jet|p2a: Excadrill
|-supereffective|p2a: Excadrill
|-damage|p2a: Excadrill|0 fnt
|faint|p2a: Excadrill
|
|upkeep
|
|t:|1779628526
|switch|p2a: Amoonguss|Amoonguss, M|100/100
|turn|5
|
|t:|1779628536
|switch|p1a: Dragonite|Dragonite, M|100/100
|move|p2a: Amoonguss|Sludge Bomb|p1a: Dragonite
|-damage|p1a: Dragonite|86/100
|-status|p1a: Dragonite|psn
|
|-damage|p1a: Dragonite|73/100 psn|[from] psn
|upkeep
|turn|6
|
|t:|1779628546
|move|p1a: Dragonite|Fire Punch|p2a: Amoonguss
|-supereffective|p2a: Amoonguss
|-crit|p2a: Amoonguss
|-damage|p2a: Amoonguss|40/100
|move|p2a: Amoonguss|Sludge Bomb|p1a: Dragonite
|-damage|p1a: Dragonite|45/100 psn
|
|-heal|p2a: Amoonguss|46/100|[from] item: Leftovers
|-damage|p1a: Dragonite|33/100 psn|[from] psn
|upkeep
|turn|7
|
|t:|1779628557
|switch|p2a: Chandelure|Chandelure, F|100/100
|move|p1a: Dragonite|Fire Punch|p2a: Chandelure
|-start|p2a: Chandelure|ability: Flash Fire
|
|-damage|p1a: Dragonite|21/100 psn|[from] psn
|upkeep
|turn|8
|
|t:|1779628567
|switch|p1a: Azumarill|Azumarill, F|100/100
|-activate|p1a: Azumarill|move: Sticky Web
|-unboost|p1a: Azumarill|spe|1
|move|p2a: Chandelure|Shadow Ball|p1a: Azumarill
|-damage|p1a: Azumarill|56/100
|
|upkeep
|turn|9
|
|t:|1779628578
|-end|p2a: Chandelure|ability: Flash Fire|[silent]
|switch|p2a: Amoonguss|Amoonguss, M|79/100
|move|p1a: Azumarill|Aqua Jet|p2a: Amoonguss
|-resisted|p2a: Amoonguss
|-damage|p2a: Amoonguss|71/100
|
|-heal|p2a: Amoonguss|77/100|[from] item: Leftovers
|upkeep
|turn|10
|
|t:|1779628597
|switch|p1a: Venusaur|Venusaur, M|100/100
|-activate|p1a: Venusaur|move: Sticky Web
|-unboost|p1a: Venusaur|spe|1
|move|p2a: Amoonguss|Sludge Bomb|p1a: Venusaur
|-damage|p1a: Venusaur|75/100
|
|-heal|p1a: Venusaur|81/100|[from] item: Black Sludge
|-heal|p2a: Amoonguss|83/100|[from] item: Leftovers
|upkeep
|turn|11
|
|t:|1779628617
|switch|p2a: Braviary|Braviary, M|100/100
|move|p1a: Venusaur|Leech Seed|p2a: Braviary
|-start|p2a: Braviary|move: Leech Seed
|
|-heal|p1a: Venusaur|87/100|[from] item: Black Sludge
|-damage|p2a: Braviary|88/100|[from] Leech Seed|[of] p1a: Venusaur
|-heal|p1a: Venusaur|99/100|[silent]
|upkeep
|turn|12
|
|t:|1779628627
|move|p2a: Braviary|Sky Attack||[still]
|-prepare|p2a: Braviary|Sky Attack
|-enditem|p2a: Braviary|Power Herb
|-anim|p2a: Braviary|Sky Attack|p1a: Venusaur
|-supereffective|p1a: Venusaur
|-crit|p1a: Venusaur
|-damage|p1a: Venusaur|0 fnt
|faint|p1a: Venusaur
|
|upkeep
|inactive|PedroGatoso has 120 seconds left.
|
|t:|1779628639
|switch|p1a: Kingambit|Kingambit, F, shiny|100/100
|-activate|p1a: Kingambit|move: Sticky Web
|-unboost|p1a: Kingambit|spe|1
|-activate|p1a: Kingambit|ability: Supreme Overlord
|-start|p1a: Kingambit|fallen2|[silent]
|turn|13
|
|t:|1779628646
|move|p1a: Kingambit|Sucker Punch|p2a: Braviary
|-damage|p2a: Braviary|14/100
|move|p2a: Braviary|Close Combat|p1a: Kingambit
|-supereffective|p1a: Kingambit
|-damage|p1a: Kingambit|0 fnt
|-unboost|p2a: Braviary|def|1
|-unboost|p2a: Braviary|spd|1
|faint|p1a: Kingambit
|-end|p1a: Kingambit|fallen2|[silent]
|
|upkeep
|inactive|PedroGatoso has 120 seconds left.
|
|t:|1779628657
|switch|p1a: Azumarill|Azumarill, F|56/100
|-activate|p1a: Azumarill|move: Sticky Web
|-unboost|p1a: Azumarill|spe|1
|turn|14
|
|t:|1779628662
|move|p1a: Azumarill|Aqua Jet|p2a: Braviary
|-damage|p2a: Braviary|0 fnt
|faint|p2a: Braviary
|
|upkeep
|
|t:|1779628665
|switch|p2a: Amoonguss|Amoonguss, M|100/100
|turn|15
|
|t:|1779628670
|move|p2a: Amoonguss|Sludge Bomb|p1a: Azumarill
|-supereffective|p1a: Azumarill
|-damage|p1a: Azumarill|0 fnt
|faint|p1a: Azumarill
|
|upkeep
|
|t:|1779628676
|switch|p1a: Dragonite|Dragonite, M|21/100 psn
|turn|16
|
|t:|1779628684
|-terastallize|p1a: Dragonite|Normal
|move|p1a: Dragonite|Extreme Speed|p2a: Amoonguss
|-damage|p2a: Amoonguss|69/100
|move|p2a: Amoonguss|Sludge Bomb|p1a: Dragonite
|-damage|p1a: Dragonite|0 fnt
|faint|p1a: Dragonite
|
|-heal|p2a: Amoonguss|75/100|[from] item: Leftovers
|upkeep
|
|t:|1779628696
|switch|p1a: Rhyperior|Rhyperior, M|100/100
|-activate|p1a: Rhyperior|move: Sticky Web
|-unboost|p1a: Rhyperior|spe|1
|turn|17
|
|t:|1779628702
|move|p1a: Rhyperior|Megahorn|p2a: Amoonguss
|-damage|p2a: Amoonguss|39/100
|move|p2a: Amoonguss|Giga Drain|p1a: Rhyperior
|-supereffective|p1a: Rhyperior
|-crit|p1a: Rhyperior
|-damage|p1a: Rhyperior|0 fnt
|-heal|p2a: Amoonguss|86/100|[from] drain|[of] p1a: Rhyperior
|faint|p1a: Rhyperior
|
|win|24iomxx
|raw|PedroGatoso's rating: 1144 &rarr; <strong>1115</strong><br />(-29 for losing)
|raw|24iomxx's rating: 1087 &rarr; <strong>1118</strong><br />(+31 for winning)
|l|☆24iomxx
|player|p2|
|l|☆PedroGatoso
|player|p1|
