|j|☆npctypebeat
|j|☆Bruh_king91132
|t:|1779657879
|gametype|singles
|player|p1|npctypebeat|101|1177
|player|p2|Bruh_king91132|2|1143
|gen|9
|tier|[Gen 9] OU
|rated|
|rule|HP Percentage Mod: HP is shown in percentages
|rule|Endless Battle Clause: Forcing endless battles is banned
|rule|Species Clause: Limit one of each Pokémon
|rule|OHKO Clause: OHKO moves are banned
|rule|Evasion Items Clause: Evasion items are banned
|rule|Evasion Moves Clause: Evasion moves are banned
|rule|Evasion Abilities Clause: Evasion abilities are banned
|rule|Sleep Moves Clause: Sleep-inducing moves are banned
|clearpoke
|poke|p1|Gliscor, M|
|poke|p1|Gholdengo|
|poke|p1|Zamazenta-*|
|poke|p1|Blissey, F|
|poke|p1|Skarmory, F|
|poke|p1|Pecharunt|
|poke|p2|Sunflora, M|
|poke|p2|Pawmot, F|
|poke|p2|Gumshoos, F|
|poke|p2|Vivillon, M|
|poke|p2|Dachsbun, M|
|poke|p2|Tsareena, F|
|teampreview
|c|☆npctypebeat|hf
|c|☆Bruh_king91132|pls bro
|
|t:|1779657900
|teamsize|p1|6
|teamsize|p2|6
|start
|switch|p1a: Skarmory|Skarmory, F|100/100
|switch|p2a: Vivillon|Vivillon, M|100/100
|turn|1
|inactive|Battle timer is ON: inactive players will automatically lose when time's up. (requested by npctypebeat)
|inactive|npctypebeat has 120 seconds left.
|
|t:|1779657938
|move|p2a: Vivillon|Tailwind|p2a: Vivillon
|-sidestart|p2: Bruh_king91132|move: Tailwind
|move|p1a: Skarmory|Spikes|p2a: Vivillon
|-sidestart|p2: Bruh_king91132|Spikes
|
|upkeep
|turn|2
|
|t:|1779657942
|move|p2a: Vivillon|Stun Spore|p1a: Skarmory
|-status|p1a: Skarmory|par
|move|p1a: Skarmory|Spikes|p2a: Vivillon
|-sidestart|p2: Bruh_king91132|Spikes
|
|upkeep
|turn|3
|
|t:|1779657950
|move|p2a: Vivillon|U-turn|p1a: Skarmory
|-resisted|p1a: Skarmory
|-damage|p1a: Skarmory|99/100 par
|
|t:|1779657960
|switch|p2a: Pawmot|Pawmot, F|100/100|[from] U-turn
|-damage|p2a: Pawmot|84/100|[from] Spikes
|move|p1a: Skarmory|Spikes|p2a: Pawmot
|-sidestart|p2: Bruh_king91132|Spikes
|
|upkeep
|turn|4
|
|t:|1779657980
|switch|p1a: Zamazenta|Zamazenta|100/100
|-ability|p1a: Zamazenta|Dauntless Shield|boost
|-boost|p1a: Zamazenta|def|1
|move|p2a: Pawmot|Supercell Slam|p1a: Zamazenta|[miss]
|-miss|p2a: Pawmot|p1a: Zamazenta
|-damage|p2a: Pawmot|34/100|[from] supercellslam
|
|-sideend|p2: Bruh_king91132|move: Tailwind
|upkeep
|turn|5
|c|☆Bruh_king91132|sure bro
|
|t:|1779657999
|move|p1a: Zamazenta|Close Combat|p2a: Pawmot
|-damage|p2a: Pawmot|0 fnt
|-unboost|p1a: Zamazenta|def|1
|-unboost|p1a: Zamazenta|spd|1
|faint|p2a: Pawmot
|
|upkeep
|
|t:|1779658008
|switch|p2a: Vivillon|Vivillon, M|100/100
|turn|6
|
|t:|1779658024
|move|p1a: Zamazenta|Heavy Slam|p2a: Vivillon
|-damage|p2a: Vivillon|40/100
|move|p2a: Vivillon|Tailwind|p2a: Vivillon
|-sidestart|p2: Bruh_king91132|move: Tailwind
|
|upkeep
|turn|7
|
|t:|1779658034
|move|p2a: Vivillon|Air Slash|p1a: Zamazenta
|-supereffective|p1a: Zamazenta
|-damage|p1a: Zamazenta|35/100
|cant|p1a: Zamazenta|flinch
|
|upkeep
|turn|8
|
|t:|1779658051
|switch|p1a: Gholdengo|Gholdengo|100/100
|move|p2a: Vivillon|Air Slash|p1a: Gholdengo
|-resisted|p1a: Gholdengo
|-damage|p1a: Gholdengo|89/100
|
|upkeep
|turn|9
|
|t:|1779658062
|move|p2a: Vivillon|U-turn|p1a: Gholdengo
|-resisted|p1a: Gholdengo
|-damage|p1a: Gholdengo|86/100
|
|t:|1779658067
|switch|p2a: Gumshoos|Gumshoos, F|100/100|[from] U-turn
|-damage|p2a: Gumshoos|76/100|[from] Spikes
|move|p1a: Gholdengo|Hex|p2a: Gumshoos
|-immune|p2a: Gumshoos
|
|-sideend|p2: Bruh_king91132|move: Tailwind
|upkeep
|turn|10
|
|t:|1779658077
|switch|p1a: Zamazenta|Zamazenta|35/100
|move|p2a: Gumshoos|Crunch|p1a: Zamazenta
|-resisted|p1a: Zamazenta
|-damage|p1a: Zamazenta|19/100
|
|upkeep
|turn|11
|
|t:|1779658088
|switch|p2a: Dachsbun|Dachsbun, M|100/100
|-damage|p2a: Dachsbun|76/100|[from] Spikes
|move|p1a: Zamazenta|Close Combat|p2a: Dachsbun
|-resisted|p2a: Dachsbun
|-damage|p2a: Dachsbun|44/100
|-unboost|p1a: Zamazenta|def|1
|-unboost|p1a: Zamazenta|spd|1
|
|-heal|p2a: Dachsbun|50/100|[from] item: Leftovers
|upkeep
|turn|12
|
|t:|1779658098
|move|p1a: Zamazenta|Heavy Slam|p2a: Dachsbun
|-supereffective|p2a: Dachsbun
|-damage|p2a: Dachsbun|0 fnt
|faint|p2a: Dachsbun
|
|upkeep
|
|t:|1779658117
|switch|p2a: Sunflora|Sunflora, M|100/100
|-damage|p2a: Sunflora|76/100|[from] Spikes
|turn|13
|
|t:|1779658126
|move|p1a: Zamazenta|Close Combat|p2a: Sunflora
|-damage|p2a: Sunflora|0 fnt
|-unboost|p1a: Zamazenta|def|1
|-unboost|p1a: Zamazenta|spd|1
|faint|p2a: Sunflora
|
|upkeep
|
|t:|1779658129
|switch|p2a: Tsareena|Tsareena, F|100/100
|-damage|p2a: Tsareena|76/100|[from] Spikes
|turn|14
|
|t:|1779658145
|move|p1a: Zamazenta|Heavy Slam|p2a: Tsareena
|-damage|p2a: Tsareena|31/100
|move|p2a: Tsareena|Petal Blizzard|p1a: Zamazenta
|-damage|p1a: Zamazenta|0 fnt
|faint|p1a: Zamazenta
|-damage|p2a: Tsareena|21/100|[from] item: Life Orb
|
|upkeep
|inactive|npctypebeat has 120 seconds left.
|
|t:|1779658170
|switch|p1a: Pecharunt|Pecharunt|100/100
|turn|15
|inactive|npctypebeat has 120 seconds left.
|
|t:|1779658192
|move|p2a: Tsareena|Knock Off|p1a: Pecharunt
|-supereffective|p1a: Pecharunt
|-damage|p1a: Pecharunt|59/100
|-enditem|p1a: Pecharunt|Heavy-Duty Boots|[from] move: Knock Off|[of] p2a: Tsareena
|-damage|p2a: Tsareena|11/100|[from] item: Life Orb
|move|p1a: Pecharunt|Shadow Ball|p2a: Tsareena
|-damage|p2a: Tsareena|0 fnt
|faint|p2a: Tsareena
|
|upkeep
|
|t:|1779658198
|switch|p2a: Vivillon|Vivillon, M|40/100
|turn|16
|
|t:|1779658201
|move|p2a: Vivillon|Stun Spore|p1a: Pecharunt
|-status|p1a: Pecharunt|par
|move|p1a: Pecharunt|Shadow Ball|p2a: Vivillon
|-damage|p2a: Vivillon|0 fnt
|faint|p2a: Vivillon
|
|upkeep
|
|t:|1779658205
|switch|p2a: Gumshoos|Gumshoos, F|76/100
|-damage|p2a: Gumshoos|51/100|[from] Spikes
|turn|17
|
|t:|1779658212
|switch|p1a: Skarmory|Skarmory, F|99/100 par
|move|p2a: Gumshoos|Crunch|p1a: Skarmory
|-damage|p1a: Skarmory|77/100 par
|
|upkeep
|turn|18
|
|t:|1779658218
|-terastallize|p2a: Gumshoos|Normal
|move|p2a: Gumshoos|Crunch|p1a: Skarmory
|-damage|p1a: Skarmory|53/100 par
|-unboost|p1a: Skarmory|def|1
|move|p1a: Skarmory|Body Press|p2a: Gumshoos
|-supereffective|p2a: Gumshoos
|-damage|p2a: Gumshoos|0 fnt
|faint|p2a: Gumshoos
|
|win|npctypebeat
|raw|npctypebeat's rating: 1177 &rarr; <strong>1200</strong><br />(+23 for winning)
|raw|Bruh_king91132's rating: 1143 &rarr; <strong>1120</strong><br />(-23 for losing)
|c|☆npctypebeat|gg
|l|☆Bruh_king91132
|player|p2|
|l|☆npctypebeat
|player|p1|
