|j|☆itsjustrps
|j|☆Yullei
|t:|1779626597
|gametype|singles
|player|p1|itsjustrps|102|1493
|player|p2|Yullei|zinnia|1477
|gen|9
|tier|[Gen 9] OU
|rated|
|rule|HP Percentage Mod: HP is shown in percentages
|rule|Endless Battle Clause: Forcing endless battles is banned
|rule|Species Clause: Limit one of each Pokémon
|rule|OHKO Clause: OHKO moves are banned
|rule|Evasion Items Clause: Evasion items are banned
|rule|Evasion Moves Clause: Evasion moves are banned
|rule|Evasion Abilities Clause: Evasion abilities are banned
|rule|Sleep Moves Clause: Sleep-inducing moves are banned
|clearpoke
|poke|p1|Corviknight, M|
|poke|p1|Garganacl, F|
|poke|p1|Kyurem|
|poke|p1|Tornadus-Therian, M|
|poke|p1|Dondozo, M|
|poke|p1|Clodsire, M|
|poke|p2|Pelipper, M|
|poke|p2|Raging Bolt|
|poke|p2|Overqwil, M|
|poke|p2|Barraskewda, M|
|poke|p2|Iron Treads|
|poke|p2|Kingambit, M|
|teampreview
|inactive|Battle timer is ON: inactive players will automatically lose when time's up. (requested by itsjustrps)
|inactive|Yullei has 120 seconds left.
|
|t:|1779626635
|teamsize|p1|6
|teamsize|p2|6
|start
|switch|p1a: Tornadus|Tornadus-Therian, M|100/100
|switch|p2a: man|Iron Treads|100/100
|-enditem|p2a: man|Booster Energy
|-activate|p2a: man|ability: Quark Drive|[fromitem]
|-start|p2a: man|quarkdrivespe
|turn|1
|
|t:|1779626640
|move|p2a: man|Steel Beam|p1a: Tornadus
|-damage|p1a: Tornadus|43/100
|-damage|p2a: man|50/100|[from] steelbeam
|move|p1a: Tornadus|U-turn|p2a: man
|-resisted|p2a: man
|-damage|p2a: man|43/100
|
|t:|1779626644
|switch|p1a: Dondozo|Dondozo, M|100/100|[from] U-turn
|
|upkeep
|turn|2
|
|t:|1779626648
|move|p2a: man|Stealth Rock|p1a: Dondozo
|-sidestart|p1: itsjustrps|move: Stealth Rock
|move|p1a: Dondozo|Waterfall|p2a: man
|-supereffective|p2a: man
|-damage|p2a: man|0 fnt
|faint|p2a: man
|-end|p2a: man|Quark Drive|[silent]
|
|upkeep
|
|t:|1779626650
|switch|p2a: cat|Pelipper, M|100/100
|-weather|RainDance|[from] ability: Drizzle|[of] p2a: cat
|turn|3
|
|t:|1779626658
|switch|p1a: Kyurem|Kyurem|100/100
|-damage|p1a: Kyurem|75/100|[from] Stealth Rock
|-ability|p1a: Kyurem|Pressure
|move|p2a: cat|U-turn|p1a: Kyurem
|-damage|p1a: Kyurem|67/100
|
|t:|1779626667
|switch|p2a: e e|Barraskewda, M|100/100|[from] U-turn
|
|-weather|RainDance|[upkeep]
|-heal|p1a: Kyurem|73/100|[from] item: Leftovers
|upkeep
|turn|4
|
|t:|1779626671
|move|p1a: Kyurem|Protect|p1a: Kyurem
|-singleturn|p1a: Kyurem|Protect
|move|p2a: e e|Close Combat|p1a: Kyurem
|-activate|p1a: Kyurem|move: Protect
|
|-weather|RainDance|[upkeep]
|-heal|p1a: Kyurem|79/100|[from] item: Leftovers
|upkeep
|turn|5
|
|t:|1779626677
|switch|p1a: Dondozo|Dondozo, M|100/100
|-damage|p1a: Dondozo|88/100|[from] Stealth Rock
|move|p2a: e e|Close Combat|p1a: Dondozo
|-damage|p1a: Dondozo|60/100
|-unboost|p2a: e e|def|1
|-unboost|p2a: e e|spd|1
|
|-weather|RainDance|[upkeep]
|-heal|p1a: Dondozo|66/100|[from] item: Leftovers
|upkeep
|turn|6
|
|t:|1779626680
|switch|p2a: rabbit|Raging Bolt|100/100
|-enditem|p2a: rabbit|Booster Energy
|-activate|p2a: rabbit|ability: Protosynthesis|[fromitem]
|-start|p2a: rabbit|protosynthesisspa
|move|p1a: Dondozo|Body Press|p2a: rabbit
|-damage|p2a: rabbit|78/100
|
|-weather|RainDance|[upkeep]
|-heal|p1a: Dondozo|73/100|[from] item: Leftovers
|upkeep
|turn|7
|
|t:|1779626691
|switch|p1a: Clodsire|Clodsire, M|100/100
|move|p2a: rabbit|Draco Meteor|p1a: Clodsire|[miss]
|-miss|p2a: rabbit|p1a: Clodsire
|
|-weather|RainDance|[upkeep]
|upkeep
|turn|8
|
|t:|1779626703
|-terastallize|p1a: Clodsire|Dark
|move|p2a: rabbit|Thunder|p1a: Clodsire
|-damage|p1a: Clodsire|54/100
|-status|p1a: Clodsire|par
|move|p1a: Clodsire|Recover|p1a: Clodsire
|-heal|p1a: Clodsire|100/100 par
|
|-weather|RainDance|[upkeep]
|upkeep
|turn|9
|
|t:|1779626709
|move|p2a: rabbit|Thunder|p1a: Clodsire
|-damage|p1a: Clodsire|54/100 par
|move|p1a: Clodsire|Recover|p1a: Clodsire
|-heal|p1a: Clodsire|100/100 par
|
|-weather|RainDance|[upkeep]
|upkeep
|turn|10
|
|t:|1779626713
|move|p2a: rabbit|Thunder|p1a: Clodsire
|-damage|p1a: Clodsire|51/100 par
|move|p1a: Clodsire|Recover|p1a: Clodsire
|-heal|p1a: Clodsire|100/100 par
|
|-weather|none
|upkeep
|turn|11
|
|t:|1779626719
|-end|p2a: rabbit|Protosynthesis|[silent]
|switch|p2a: cat|Pelipper, M|100/100
|-weather|RainDance|[from] ability: Drizzle|[of] p2a: cat
|cant|p1a: Clodsire|par
|
|-weather|RainDance|[upkeep]
|upkeep
|turn|12
|
|t:|1779626730
|move|p2a: cat|U-turn|p1a: Clodsire
|-supereffective|p1a: Clodsire
|-damage|p1a: Clodsire|80/100 par
|
|t:|1779626738
|switch|p2a: e e|Barraskewda, M|100/100|[from] U-turn
|cant|p1a: Clodsire|par
|
|-weather|RainDance|[upkeep]
|upkeep
|turn|13
|
|t:|1779626742
|switch|p1a: Dondozo|Dondozo, M|73/100
|-damage|p1a: Dondozo|60/100|[from] Stealth Rock
|move|p2a: e e|Close Combat|p1a: Dondozo
|-damage|p1a: Dondozo|31/100
|-unboost|p2a: e e|def|1
|-unboost|p2a: e e|spd|1
|
|-weather|RainDance|[upkeep]
|-heal|p1a: Dondozo|37/100|[from] item: Leftovers
|upkeep
|turn|14
|
|t:|1779626750
|move|p2a: e e|Close Combat|p1a: Dondozo
|-damage|p1a: Dondozo|7/100
|-unboost|p2a: e e|def|1
|-unboost|p2a: e e|spd|1
|move|p1a: Dondozo|Rest|p1a: Dondozo
|-status|p1a: Dondozo|slp|[from] move: Rest
|-heal|p1a: Dondozo|100/100 slp|[silent]
|
|-weather|RainDance|[upkeep]
|upkeep
|turn|15
|
|t:|1779626753
|switch|p2a: rabbit|Raging Bolt|78/100
|cant|p1a: Dondozo|slp
|move|p1a: Dondozo|Sleep Talk|p1a: Dondozo
|move|p1a: Dondozo|Waterfall|p2a: rabbit|[from] move: Sleep Talk
|-resisted|p2a: rabbit
|-damage|p2a: rabbit|58/100
|
|-weather|RainDance|[upkeep]
|upkeep
|turn|16
|
|t:|1779626762
|switch|p1a: Clodsire|Clodsire, M, tera:Dark|80/100 par
|move|p2a: rabbit|Thunder|p1a: Clodsire
|-damage|p1a: Clodsire|44/100 par
|
|-weather|RainDance|[upkeep]
|upkeep
|turn|17
|
|t:|1779626764
|move|p2a: rabbit|Thunder|p1a: Clodsire
|-damage|p1a: Clodsire|7/100 par
|move|p1a: Clodsire|Recover|p1a: Clodsire
|-heal|p1a: Clodsire|57/100 par
|
|-weather|RainDance|[upkeep]
|upkeep
|turn|18
|
|t:|1779626767
|move|p2a: rabbit|Thunder|p1a: Clodsire
|-crit|p1a: Clodsire
|-damage|p1a: Clodsire|2/100 par
|move|p1a: Clodsire|Recover|p1a: Clodsire
|-heal|p1a: Clodsire|52/100 par
|
|-weather|none
|upkeep
|turn|19
|
|t:|1779626784
|-end|p2a: rabbit|Protosynthesis|[silent]
|switch|p2a: cat|Pelipper, M|100/100
|-weather|RainDance|[from] ability: Drizzle|[of] p2a: cat
|move|p1a: Clodsire|Recover|p1a: Clodsire
|-heal|p1a: Clodsire|100/100 par
|
|-weather|RainDance|[upkeep]
|upkeep
|turn|20
|
|t:|1779626790
|move|p2a: cat|Hurricane|p1a: Clodsire
|-damage|p1a: Clodsire|82/100 par
|cant|p1a: Clodsire|par
|
|-weather|RainDance|[upkeep]
|upkeep
|turn|21
|
|t:|1779626793
|move|p2a: cat|U-turn|p1a: Clodsire
|-supereffective|p1a: Clodsire
|-damage|p1a: Clodsire|60/100 par
|
|t:|1779626799
|switch|p2a: rabbit|Raging Bolt|58/100|[from] U-turn
|move|p1a: Clodsire|Stealth Rock|p2a: rabbit
|-sidestart|p2: Yullei|move: Stealth Rock
|
|-weather|RainDance|[upkeep]
|upkeep
|turn|22
|
|t:|1779626802
|move|p2a: rabbit|Thunder|p1a: Clodsire
|-damage|p1a: Clodsire|28/100 par
|move|p1a: Clodsire|Recover|p1a: Clodsire
|-heal|p1a: Clodsire|78/100 par
|
|-weather|RainDance|[upkeep]
|upkeep
|turn|23
|
|t:|1779626806
|move|p2a: rabbit|Thunder|p1a: Clodsire
|-damage|p1a: Clodsire|44/100 par
|move|p1a: Clodsire|Poison Jab|p2a: rabbit
|-damage|p2a: rabbit|37/100
|
|-weather|RainDance|[upkeep]
|upkeep
|turn|24
|
|t:|1779626808
|move|p2a: rabbit|Thunder|p1a: Clodsire
|-damage|p1a: Clodsire|9/100 par
|cant|p1a: Clodsire|par
|
|-weather|RainDance|[upkeep]
|upkeep
|turn|25
|
|t:|1779626826
|move|p2a: rabbit|Thunder|p1a: Clodsire
|-damage|p1a: Clodsire|0 fnt
|faint|p1a: Clodsire
|
|-weather|RainDance|[upkeep]
|upkeep
|
|t:|1779626828
|switch|p1a: Kyurem|Kyurem|79/100
|-damage|p1a: Kyurem|54/100|[from] Stealth Rock
|-ability|p1a: Kyurem|Pressure
|turn|26
|
|t:|1779626835
|-end|p2a: rabbit|Protosynthesis|[silent]
|switch|p2a: woman|Kingambit, M, shiny|100/100
|-damage|p2a: woman|94/100|[from] Stealth Rock
|-activate|p2a: woman|ability: Supreme Overlord
|-start|p2a: woman|fallen1|[silent]
|move|p1a: Kyurem|Substitute|p1a: Kyurem
|-start|p1a: Kyurem|Substitute
|-damage|p1a: Kyurem|29/100
|
|-weather|none
|-heal|p1a: Kyurem|35/100|[from] item: Leftovers
|-heal|p2a: woman|100/100|[from] item: Leftovers
|upkeep
|turn|27
|
|t:|1779626840
|move|p1a: Kyurem|Protect|p1a: Kyurem
|-singleturn|p1a: Kyurem|Protect
|move|p2a: woman|Iron Head|p1a: Kyurem
|-activate|p1a: Kyurem|move: Protect
|
|-heal|p1a: Kyurem|42/100|[from] item: Leftovers
|upkeep
|turn|28
|
|t:|1779626843
|move|p1a: Kyurem|Earth Power|p2a: woman
|-supereffective|p2a: woman
|-damage|p2a: woman|38/100
|move|p2a: woman|Iron Head|p1a: Kyurem
|-supereffective|p1a: Kyurem
|-end|p1a: Kyurem|Substitute
|
|-heal|p1a: Kyurem|48/100|[from] item: Leftovers
|-heal|p2a: woman|44/100|[from] item: Leftovers
|upkeep
|turn|29
|
|t:|1779626847
|move|p1a: Kyurem|Protect|p1a: Kyurem
|-singleturn|p1a: Kyurem|Protect
|move|p2a: woman|Iron Head|p1a: Kyurem
|-activate|p1a: Kyurem|move: Protect
|
|-heal|p1a: Kyurem|54/100|[from] item: Leftovers
|-heal|p2a: woman|50/100|[from] item: Leftovers
|upkeep
|turn|30
|
|t:|1779626852
|move|p2a: woman|Sucker Punch|p1a: Kyurem
|-damage|p1a: Kyurem|12/100
|move|p1a: Kyurem|Earth Power|p2a: woman
|-supereffective|p2a: woman
|-damage|p2a: woman|0 fnt
|faint|p2a: woman
|-end|p2a: woman|fallen1|[silent]
|
|-heal|p1a: Kyurem|18/100|[from] item: Leftovers
|upkeep
|
|t:|1779626855
|switch|p2a: cat|Pelipper, M|100/100
|-damage|p2a: cat|76/100|[from] Stealth Rock
|-weather|RainDance|[from] ability: Drizzle|[of] p2a: cat
|turn|31
|
|t:|1779626858
|switch|p2a: dog|Overqwil, M|100/100
|-damage|p2a: dog|88/100|[from] Stealth Rock
|move|p1a: Kyurem|Protect||[still]
|-fail|p1a: Kyurem
|
|-weather|RainDance|[upkeep]
|-heal|p1a: Kyurem|25/100|[from] item: Leftovers
|upkeep
|turn|32
|
|t:|1779626869
|move|p1a: Kyurem|Protect|p1a: Kyurem
|-singleturn|p1a: Kyurem|Protect
|move|p2a: dog|Crunch|p1a: Kyurem
|-activate|p1a: Kyurem|move: Protect
|
|-weather|RainDance|[upkeep]
|-heal|p1a: Kyurem|31/100|[from] item: Leftovers
|upkeep
|turn|33
|
|t:|1779626875
|switch|p1a: Dondozo|Dondozo, M|100/100 slp
|-damage|p1a: Dondozo|88/100 slp|[from] Stealth Rock
|move|p2a: dog|Swords Dance|p2a: dog
|-boost|p2a: dog|atk|2
|
|-weather|RainDance|[upkeep]
|-heal|p1a: Dondozo|94/100 slp|[from] item: Leftovers
|upkeep
|turn|34
|
|t:|1779626879
|move|p2a: dog|Gunk Shot|p1a: Dondozo
|-damage|p1a: Dondozo|61/100 slp
|-damage|p2a: dog|78/100|[from] item: Life Orb
|cant|p1a: Dondozo|slp
|move|p1a: Dondozo|Sleep Talk|p1a: Dondozo
|move|p1a: Dondozo|Waterfall|p2a: dog|[from] move: Sleep Talk
|-damage|p2a: dog|29/100
|
|-weather|RainDance|[upkeep]
|-heal|p1a: Dondozo|67/100 slp|[from] item: Leftovers
|upkeep
|turn|35
|
|t:|1779626885
|move|p2a: dog|Gunk Shot|p1a: Dondozo
|-damage|p1a: Dondozo|31/100 slp
|-damage|p2a: dog|19/100|[from] item: Life Orb
|-curestatus|p1a: Dondozo|slp|[msg]
|move|p1a: Dondozo|Waterfall|p2a: dog
|-damage|p2a: dog|0 fnt
|faint|p2a: dog
|
|-weather|RainDance|[upkeep]
|-heal|p1a: Dondozo|37/100|[from] item: Leftovers
|upkeep
|
|t:|1779626888
|switch|p2a: rabbit|Raging Bolt|37/100
|-damage|p2a: rabbit|25/100|[from] Stealth Rock
|turn|36
|
|t:|1779626892
|switch|p1a: Salty|Garganacl, F|100/100
|move|p2a: rabbit|Thunder|p1a: Salty
|-damage|p1a: Salty|59/100
|
|-weather|RainDance|[upkeep]
|upkeep
|turn|37
|
|t:|1779626895
|move|p2a: rabbit|Weather Ball|p1a: Salty
|-supereffective|p1a: Salty
|-damage|p1a: Salty|0 fnt
|faint|p1a: Salty
|
|-weather|RainDance|[upkeep]
|upkeep
|
|t:|1779626909
|switch|p1a: Kyurem|Kyurem|31/100
|-damage|p1a: Kyurem|6/100|[from] Stealth Rock
|-ability|p1a: Kyurem|Pressure
|turn|38
|
|t:|1779626924
|-end|p2a: rabbit|Protosynthesis|[silent]
|switch|p2a: e e|Barraskewda, M|100/100
|-damage|p2a: e e|88/100|[from] Stealth Rock
|move|p1a: Kyurem|Protect||[still]
|-fail|p1a: Kyurem
|
|-weather|none
|-heal|p1a: Kyurem|12/100|[from] item: Leftovers
|upkeep
|turn|39
|
|t:|1779626931
|move|p1a: Kyurem|Protect|p1a: Kyurem
|-singleturn|p1a: Kyurem|Protect
|move|p2a: e e|Close Combat|p1a: Kyurem
|-activate|p1a: Kyurem|move: Protect
|
|-heal|p1a: Kyurem|18/100|[from] item: Leftovers
|upkeep
|turn|40
|
|t:|1779626938
|switch|p1a: Tornadus|Tornadus-Therian, M|76/100
|-damage|p1a: Tornadus|51/100|[from] Stealth Rock
|move|p2a: e e|Close Combat|p1a: Tornadus
|-resisted|p1a: Tornadus
|-damage|p1a: Tornadus|15/100
|-unboost|p2a: e e|def|1
|-unboost|p2a: e e|spd|1
|
|upkeep
|turn|41
|
|t:|1779626942
|-activate|p2a: e e|move: Struggle
|move|p2a: e e|Struggle|p1a: Tornadus
|-damage|p1a: Tornadus|0 fnt
|faint|p1a: Tornadus
|-damage|p2a: e e|63/100|[from] recoil
|
|upkeep
|
|t:|1779626946
|switch|p1a: Corviknight|Corviknight, M|100/100
|-damage|p1a: Corviknight|88/100|[from] Stealth Rock
|-ability|p1a: Corviknight|Pressure
|turn|42
|
|t:|1779626951
|switch|p2a: cat|Pelipper, M|76/100
|-damage|p2a: cat|51/100|[from] Stealth Rock
|-weather|RainDance|[from] ability: Drizzle|[of] p2a: cat
|move|p1a: Corviknight|Defog|p2a: cat
|-unboost|p2a: cat|evasion|1
|-sideend|p2: Yullei|Stealth Rock|[from] move: Defog|[of] p1a: Corviknight
|-sideend|p1: itsjustrps|Stealth Rock|[from] move: Defog|[of] p1a: Corviknight
|
|-weather|RainDance|[upkeep]
|upkeep
|turn|43
|
|t:|1779626961
|move|p1a: Corviknight|U-turn|p2a: cat
|-resisted|p2a: cat
|-damage|p2a: cat|46/100
|
|t:|1779626967
|switch|p1a: Dondozo|Dondozo, M|37/100|[from] U-turn
|move|p2a: cat|U-turn|p1a: Dondozo
|-damage|p1a: Dondozo|33/100
|
|t:|1779626972
|switch|p2a: rabbit|Raging Bolt|25/100|[from] U-turn
|
|-weather|RainDance|[upkeep]
|-heal|p1a: Dondozo|39/100|[from] item: Leftovers
|upkeep
|turn|44
|
|t:|1779626982
|switch|p1a: Corviknight|Corviknight, M|88/100
|-ability|p1a: Corviknight|Pressure
|move|p2a: rabbit|Thunder|p1a: Corviknight
|-supereffective|p1a: Corviknight
|-damage|p1a: Corviknight|2/100
|
|-weather|RainDance|[upkeep]
|upkeep
|turn|45
|
|t:|1779626986
|move|p2a: rabbit|Thunder|p1a: Corviknight
|-supereffective|p1a: Corviknight
|-damage|p1a: Corviknight|0 fnt
|faint|p1a: Corviknight
|
|-weather|RainDance|[upkeep]
|upkeep
|
|t:|1779626987
|switch|p1a: Kyurem|Kyurem|18/100
|-ability|p1a: Kyurem|Pressure
|turn|46
|
|t:|1779626996
|-end|p2a: rabbit|Protosynthesis|[silent]
|switch|p2a: cat|Pelipper, M|46/100
|move|p1a: Kyurem|Freeze-Dry|p2a: cat
|-supereffective|p2a: cat
|-damage|p2a: cat|0 fnt
|faint|p2a: cat
|
|-weather|RainDance|[upkeep]
|-heal|p1a: Kyurem|24/100|[from] item: Leftovers
|upkeep
|
|t:|1779626998
|switch|p2a: e e|Barraskewda, M|63/100
|turn|47
|
|t:|1779627004
|move|p1a: Kyurem|Protect|p1a: Kyurem
|-singleturn|p1a: Kyurem|Protect
|move|p2a: e e|Liquidation|p1a: Kyurem
|-activate|p1a: Kyurem|move: Protect
|
|-weather|RainDance|[upkeep]
|-heal|p1a: Kyurem|30/100|[from] item: Leftovers
|upkeep
|turn|48
|
|t:|1779627019
|switch|p1a: Dondozo|Dondozo, M|39/100
|move|p2a: e e|Liquidation|p1a: Dondozo
|-resisted|p1a: Dondozo
|-damage|p1a: Dondozo|14/100
|
|-weather|RainDance|[upkeep]
|-heal|p1a: Dondozo|20/100|[from] item: Leftovers
|upkeep
|turn|49
|
|t:|1779627028
|switch|p1a: Kyurem|Kyurem|30/100
|-ability|p1a: Kyurem|Pressure
|move|p2a: e e|Liquidation|p1a: Kyurem
|-resisted|p1a: Kyurem
|-damage|p1a: Kyurem|0 fnt
|faint|p1a: Kyurem
|
|-weather|none
|upkeep
|
|t:|1779627029
|switch|p1a: Dondozo|Dondozo, M|20/100
|turn|50
|
|t:|1779627031
|-terastallize|p2a: e e|Water
|move|p2a: e e|Liquidation|p1a: Dondozo
|-resisted|p1a: Dondozo
|-damage|p1a: Dondozo|0 fnt
|faint|p1a: Dondozo
|
|win|Yullei
|raw|itsjustrps's rating: 1493 &rarr; <strong>1472</strong><br />(-21 for losing)
|raw|Yullei's rating: 1477 &rarr; <strong>1498</strong><br />(+21 for winning)
|l|☆itsjustrps
|player|p1|
|c|☆Yullei|Trash can staller. Eat shit. So fucking ez
|l|☆Yullei
|player|p2|
|j|@BlueFins ˙͜˙
|c|@BlueFins ˙͜˙|/log Yullei was locked from talking by BlueFins ˙͜˙. (Battle toxicity)
|l|@BlueFins ˙͜˙
