|j|☆tauros3
|j|☆bug fan5762
|t:|1779576096
|gametype|singles
|player|p1|tauros3|swimmer-gen4dp|1564
|player|p2|bug fan5762|byron|1609
|gen|9
|tier|[Gen 9] OU
|rated|
|rule|HP Percentage Mod: HP is shown in percentages
|rule|Endless Battle Clause: Forcing endless battles is banned
|rule|Species Clause: Limit one of each Pokémon
|rule|OHKO Clause: OHKO moves are banned
|rule|Evasion Items Clause: Evasion items are banned
|rule|Evasion Moves Clause: Evasion moves are banned
|rule|Evasion Abilities Clause: Evasion abilities are banned
|rule|Sleep Moves Clause: Sleep-inducing moves are banned
|clearpoke
|poke|p1|Hatterene, F|
|poke|p1|Cresselia, F|
|poke|p1|Diancie|
|poke|p1|Ursaluna, M|
|poke|p1|Crawdaunt, M|
|poke|p1|Pelipper, M|
|poke|p2|Kingambit, M|
|poke|p2|Regigigas|
|poke|p2|Great Tusk|
|poke|p2|Pecharunt|
|poke|p2|Zoroark-Hisui, F|
|poke|p2|Crawdaunt, M|
|teampreview
|inactive|Battle timer is ON: inactive players will automatically lose when time's up. (requested by tauros3)
|
|t:|1779576107
|teamsize|p1|6
|teamsize|p2|6
|start
|switch|p1a: Across The Sea|Pelipper, M|100/100
|switch|p2a: Crawdle of Filth|Crawdaunt, M|100/100
|-weather|RainDance|[from] ability: Drizzle|[of] p1a: Across The Sea
|turn|1
|
|t:|1779576112
|move|p2a: Crawdle of Filth|Knock Off|p1a: Across The Sea
|-damage|p1a: Across The Sea|6/100
|-enditem|p1a: Across The Sea|Choice Specs|[from] move: Knock Off|[of] p2a: Crawdle of Filth
|-damage|p2a: Crawdle of Filth|91/100|[from] item: Life Orb
|move|p1a: Across The Sea|Hurricane|p2a: Crawdle of Filth
|-damage|p2a: Crawdle of Filth|0 fnt
|faint|p2a: Crawdle of Filth
|
|-weather|RainDance|[upkeep]
|upkeep
|
|t:|1779576116
|switch|p2a: Irönhead|Kingambit, M|100/100
|turn|2
|
|t:|1779576122
|move|p2a: Irönhead|Nasty Plot|p2a: Irönhead
|-boost|p2a: Irönhead|spa|2
|move|p1a: Across The Sea|Surf|p2a: Irönhead
|-enditem|p2a: Irönhead|Focus Sash
|-damage|p2a: Irönhead|1/100
|replace|p2a: Linkin Zark|Zoroark-Hisui, F, shiny
|-end|p2a: Linkin Zark|Illusion
|
|-weather|RainDance|[upkeep]
|upkeep
|turn|3
|
|t:|1779576128
|move|p2a: Linkin Zark|Grass Knot|p1a: Across The Sea
|-damage|p1a: Across The Sea|0 fnt
|faint|p1a: Across The Sea
|
|-weather|RainDance|[upkeep]
|upkeep
|
|t:|1779576130
|switch|p1a: Getchoo|Crawdaunt, M|100/100
|turn|4
|
|t:|1779576132
|switch|p2a: Apacherunt|Pecharunt|100/100
|move|p1a: Getchoo|Aqua Jet|p2a: Apacherunt
|-damage|p2a: Apacherunt|75/100
|-damage|p1a: Getchoo|90/100|[from] item: Life Orb
|
|-weather|RainDance|[upkeep]
|-heal|p2a: Apacherunt|81/100|[from] item: Leftovers
|upkeep
|turn|5
|
|t:|1779576134
|move|p2a: Apacherunt|Parting Shot|p1a: Getchoo
|-unboost|p1a: Getchoo|atk|1
|-unboost|p1a: Getchoo|spa|1
|
|t:|1779576135
|switch|p2a: Irönhead|Kingambit, M|1/100|[from] Parting Shot
|move|p1a: Getchoo|Knock Off|p2a: Irönhead
|-supereffective|p2a: Irönhead
|-damage|p2a: Irönhead|0 fnt
|replace|p2a: Linkin Zark|Zoroark-Hisui, F, shiny
|-end|p2a: Linkin Zark|Illusion
|faint|p2a: Linkin Zark
|-damage|p1a: Getchoo|80/100|[from] item: Life Orb
|
|-weather|none
|upkeep
|
|t:|1779576138
|switch|p2a: Apacherunt|Pecharunt|81/100
|turn|6
|
|t:|1779576145
|switch|p1a: Butterfly|Cresselia, F|100/100
|move|p2a: Apacherunt|Toxic|p1a: Butterfly
|-status|p1a: Butterfly|tox
|-start|p1a: Butterfly|confusion|[from] ability: Poison Puppeteer|[of] p2a: Apacherunt
|
|-heal|p2a: Apacherunt|87/100|[from] item: Leftovers
|-damage|p1a: Butterfly|94/100 tox|[from] psn
|upkeep
|turn|7
|
|t:|1779576148
|move|p2a: Apacherunt|Shadow Ball|p1a: Butterfly
|-supereffective|p1a: Butterfly
|-crit|p1a: Butterfly
|-damage|p1a: Butterfly|46/100 tox
|-activate|p1a: Butterfly|confusion
|move|p1a: Butterfly|Trick Room|p1a: Butterfly
|-fieldstart|move: Trick Room|[of] p1a: Butterfly
|
|-heal|p2a: Apacherunt|93/100|[from] item: Leftovers
|-damage|p1a: Butterfly|33/100 tox|[from] psn
|upkeep
|turn|8
|
|t:|1779576152
|switch|p2a: R.E.G.R.E.M.I.X|Regigigas, shiny|100/100
|-start|p2a: R.E.G.R.E.M.I.X|ability: Slow Start
|-activate|p1a: Butterfly|confusion
|move|p1a: Butterfly|Lunar Dance|p1a: Butterfly
|faint|p1a: Butterfly
|
|upkeep
|
|t:|1779576158
|switch|p1a: Getchoo|Crawdaunt, M|80/100
|-heal|p1a: Getchoo|100/100|[from] move: Lunar Dance
|turn|9
|
|t:|1779576160
|move|p2a: R.E.G.R.E.M.I.X|Thunderbolt|p1a: Getchoo
|-supereffective|p1a: Getchoo
|-damage|p1a: Getchoo|0 fnt
|faint|p1a: Getchoo
|
|upkeep
|
|t:|1779576166
|switch|p1a: El Scorcho|Ursaluna, M|100/100
|turn|10
|
|t:|1779576169
|switch|p2a: Apacherunt|Pecharunt|93/100
|move|p1a: El Scorcho|Swords Dance|p1a: El Scorcho
|-boost|p1a: El Scorcho|atk|2
|
|-heal|p2a: Apacherunt|99/100|[from] item: Leftovers
|-status|p1a: El Scorcho|brn|[from] item: Flame Orb
|upkeep
|turn|11
|
|t:|1779576173
|move|p1a: El Scorcho|Headlong Rush|p2a: Apacherunt
|-supereffective|p2a: Apacherunt
|-damage|p2a: Apacherunt|0 fnt
|-unboost|p1a: El Scorcho|def|1
|-unboost|p1a: El Scorcho|spd|1
|faint|p2a: Apacherunt
|
|-damage|p1a: El Scorcho|94/100 brn|[from] brn
|-fieldend|move: Trick Room
|upkeep
|
|t:|1779576176
|switch|p2a: Irönhead|Kingambit, M|100/100
|turn|12
|
|t:|1779576180
|move|p2a: Irönhead|Iron Head|p1a: El Scorcho
|-damage|p1a: El Scorcho|47/100 brn
|cant|p1a: El Scorcho|flinch
|
|-damage|p1a: El Scorcho|41/100 brn|[from] brn
|upkeep
|turn|13
|
|t:|1779576188
|move|p2a: Irönhead|Iron Head|p1a: El Scorcho
|-damage|p1a: El Scorcho|0 fnt
|faint|p1a: El Scorcho
|
|upkeep
|
|t:|1779576190
|switch|p1a: Pink Triangle|Hatterene, F|100/100
|turn|14
|
|t:|1779576209
|move|p2a: Irönhead|Iron Head|p1a: Pink Triangle
|-supereffective|p1a: Pink Triangle
|-enditem|p1a: Pink Triangle|Focus Sash
|-damage|p1a: Pink Triangle|1/100
|cant|p1a: Pink Triangle|flinch
|
|upkeep
|turn|15
|-message|tauros3 forfeited.
|
|win|bug fan5762
|raw|tauros3's rating: 1564 &rarr; <strong>1547</strong><br />(-17 for losing)
|raw|bug fan5762's rating: 1609 &rarr; <strong>1626</strong><br />(+17 for winning)
|l|☆tauros3
|player|p1|
|l|☆bug fan5762
|player|p2|
