|j|☆Snurke
|j|☆ihymyly
|t:|1779628769
|gametype|singles
|player|p1|Snurke|101|1583
|player|p2|ihymyly|102|1567
|gen|9
|tier|[Gen 9] OU
|rated|
|rule|HP Percentage Mod: HP is shown in percentages
|rule|Endless Battle Clause: Forcing endless battles is banned
|rule|Species Clause: Limit one of each Pokémon
|rule|OHKO Clause: OHKO moves are banned
|rule|Evasion Items Clause: Evasion items are banned
|rule|Evasion Moves Clause: Evasion moves are banned
|rule|Evasion Abilities Clause: Evasion abilities are banned
|rule|Sleep Moves Clause: Sleep-inducing moves are banned
|clearpoke
|poke|p1|Gholdengo|
|poke|p1|Iron Treads|
|poke|p1|Tornadus-Therian, M|
|poke|p1|Ceruledge, F|
|poke|p1|Zamazenta-*|
|poke|p1|Samurott-Hisui, M|
|poke|p2|Darkrai|
|poke|p2|Great Tusk|
|poke|p2|Ogerpon-Wellspring, F|
|poke|p2|Garchomp, F|
|poke|p2|Mimikyu, F|
|poke|p2|Zapdos|
|teampreview
|
|t:|1779628812
|teamsize|p1|6
|teamsize|p2|6
|start
|switch|p1a: Crafty Lil' Shai|Samurott-Hisui, M, shiny|100/100
|switch|p2a: Zapdos|Zapdos|100/100
|turn|1
|inactive|Battle timer is ON: inactive players will automatically lose when time's up. (requested by Snurke)
|
|t:|1779628823
|move|p1a: Crafty Lil' Shai|Ceaseless Edge|p2a: Zapdos
|-damage|p2a: Zapdos|66/100
|-sidestart|p2: ihymyly|Spikes
|move|p2a: Zapdos|Volt Switch|p1a: Crafty Lil' Shai
|-supereffective|p1a: Crafty Lil' Shai
|-damage|p1a: Crafty Lil' Shai|11/100
|
|t:|1779628831
|switch|p2a: Perfect Schnoz|Great Tusk|100/100|[from] Volt Switch
|
|upkeep
|turn|2
|
|t:|1779628842
|switch|p1a: Stephortless|Gholdengo, shiny|100/100
|-item|p1a: Stephortless|Air Balloon
|move|p2a: Perfect Schnoz|Knock Off|p1a: Stephortless
|-supereffective|p1a: Stephortless
|-damage|p1a: Stephortless|49/100
|-enditem|p1a: Stephortless|Air Balloon
|
|upkeep
|turn|3
|
|t:|1779628853
|-end|p2a: Perfect Schnoz|Protosynthesis|[silent]
|switch|p2a: Zapdos|Zapdos|66/100
|switch|p1a: Draymoney Green|Tornadus-Therian, M, shiny|100/100
|
|upkeep
|turn|4
|
|t:|1779628863
|-terastallize|p1a: Draymoney Green|Electric
|move|p1a: Draymoney Green|Knock Off|p2a: Zapdos
|-damage|p2a: Zapdos|50/100
|-enditem|p2a: Zapdos|Heavy-Duty Boots|[from] move: Knock Off|[of] p1a: Draymoney Green
|move|p2a: Zapdos|Roost|p2a: Zapdos
|-heal|p2a: Zapdos|100/100
|-singleturn|p2a: Zapdos|move: Roost
|
|upkeep
|turn|5
|
|t:|1779628871
|move|p1a: Draymoney Green|Bleakwind Storm|p2a: Zapdos
|-resisted|p2a: Zapdos
|-damage|p2a: Zapdos|83/100
|move|p2a: Zapdos|Volt Switch|p1a: Draymoney Green
|-resisted|p1a: Draymoney Green
|-damage|p1a: Draymoney Green|86/100
|
|t:|1779628878
|switch|p2a: Garchomp|Garchomp, F, shiny|100/100|[from] Volt Switch
|-damage|p2a: Garchomp|88/100|[from] Spikes
|
|upkeep
|turn|6
|
|t:|1779628883
|move|p1a: Draymoney Green|Taunt|p2a: Garchomp
|-start|p2a: Garchomp|move: Taunt
|cant|p2a: Garchomp|move: Taunt|Spikes
|
|upkeep
|turn|7
|
|t:|1779628888
|move|p1a: Draymoney Green|Bleakwind Storm|p2a: Garchomp
|-damage|p2a: Garchomp|52/100
|-unboost|p2a: Garchomp|spe|1
|move|p2a: Garchomp|Earthquake|p1a: Draymoney Green
|-supereffective|p1a: Draymoney Green
|-damage|p1a: Draymoney Green|0 fnt
|faint|p1a: Draymoney Green
|
|upkeep
|
|t:|1779628899
|switch|p1a: Crafty Lil' Shai|Samurott-Hisui, M, shiny|11/100
|turn|8
|
|t:|1779628906
|move|p1a: Crafty Lil' Shai|Aqua Cutter|p2a: Garchomp
|-damage|p2a: Garchomp|19/100
|move|p2a: Garchomp|Dragon Tail|p1a: Crafty Lil' Shai
|-damage|p1a: Crafty Lil' Shai|0 fnt
|faint|p1a: Crafty Lil' Shai
|
|-end|p2a: Garchomp|move: Taunt
|upkeep
|
|t:|1779628917
|switch|p1a: Iron Treads|Iron Treads, shiny|100/100
|turn|9
|
|t:|1779628921
|switch|p2a: Zapdos|Zapdos|83/100
|move|p1a: Iron Treads|Earthquake|p2a: Zapdos
|-immune|p2a: Zapdos
|
|upkeep
|turn|10
|
|t:|1779628928
|switch|p2a: Ogerpon|Ogerpon-Wellspring, F|100/100
|-damage|p2a: Ogerpon|88/100|[from] Spikes
|move|p1a: Iron Treads|Stealth Rock|p2a: Ogerpon
|-sidestart|p2: ihymyly|move: Stealth Rock
|
|upkeep
|turn|11
|
|t:|1779628941
|-end|p1a: Iron Treads|Quark Drive|[silent]
|switch|p1a: Zamazenta|Zamazenta, shiny|100/100
|-ability|p1a: Zamazenta|Dauntless Shield|boost
|-boost|p1a: Zamazenta|def|1
|move|p2a: Ogerpon|Swords Dance|p2a: Ogerpon
|-boost|p2a: Ogerpon|atk|2
|
|upkeep
|turn|12
|
|t:|1779628948
|move|p1a: Zamazenta|Iron Defense|p1a: Zamazenta
|-boost|p1a: Zamazenta|def|2
|move|p2a: Ogerpon|Ivy Cudgel|p1a: Zamazenta|[anim] Ivy Cudgel Water
|-damage|p1a: Zamazenta|69/100
|
|-heal|p1a: Zamazenta|75/100|[from] item: Leftovers
|upkeep
|turn|13
|
|t:|1779628957
|move|p1a: Zamazenta|Iron Defense|p1a: Zamazenta
|-boost|p1a: Zamazenta|def|2
|move|p2a: Ogerpon|Ivy Cudgel|p1a: Zamazenta|[anim] Ivy Cudgel Water
|-damage|p1a: Zamazenta|51/100
|
|-heal|p1a: Zamazenta|57/100|[from] item: Leftovers
|upkeep
|turn|14
|
|t:|1779628964
|switch|p2a: Mimikyu|Mimikyu, F|100/100
|-damage|p2a: Mimikyu|88/100|[from] Spikes
|-damage|p2a: Mimikyu|76/100|[from] Stealth Rock
|move|p1a: Zamazenta|Substitute|p1a: Zamazenta
|-start|p1a: Zamazenta|Substitute
|-damage|p1a: Zamazenta|32/100
|
|-heal|p1a: Zamazenta|38/100|[from] item: Leftovers
|upkeep
|turn|15
|
|t:|1779628969
|move|p1a: Zamazenta|Crunch|p2a: Mimikyu
|-activate|p2a: Mimikyu|ability: Disguise
|-damage|p2a: Mimikyu|76/100
|detailschange|p2a: Mimikyu|Mimikyu-Busted, F
|-damage|p2a: Mimikyu|64/100|[from] pokemon: Mimikyu-Busted
|-enditem|p2a: Mimikyu|Red Card|[of] p1a: Zamazenta
|drag|p1a: Stephortless|Gholdengo, shiny|49/100
|move|p2a: Mimikyu|Swords Dance|p2a: Mimikyu
|-boost|p2a: Mimikyu|atk|2
|
|upkeep
|turn|16
|inactive|Snurke has 120 seconds left.
|
|t:|1779629007
|move|p2a: Mimikyu|Shadow Sneak|p1a: Stephortless
|-supereffective|p1a: Stephortless
|-damage|p1a: Stephortless|0 fnt
|faint|p1a: Stephortless
|
|upkeep
|
|t:|1779629010
|switch|p1a: Iron Treads|Iron Treads, shiny|100/100
|turn|17
|
|t:|1779629019
|move|p1a: Iron Treads|Ice Spinner|p2a: Mimikyu
|-damage|p2a: Mimikyu|27/100
|move|p2a: Mimikyu|Shadow Claw|p1a: Iron Treads
|-damage|p1a: Iron Treads|40/100
|
|-heal|p1a: Iron Treads|47/100|[from] item: Leftovers
|upkeep
|turn|18
|
|t:|1779629026
|move|p2a: Mimikyu|Shadow Sneak|p1a: Iron Treads
|-damage|p1a: Iron Treads|15/100
|move|p1a: Iron Treads|Ice Spinner|p2a: Mimikyu
|-damage|p2a: Mimikyu|0 fnt
|faint|p2a: Mimikyu
|
|-heal|p1a: Iron Treads|21/100|[from] item: Leftovers
|upkeep
|
|t:|1779629039
|switch|p2a: Perfect Schnoz|Great Tusk|100/100
|turn|19
|
|t:|1779629046
|move|p1a: Iron Treads|Ice Spinner|p2a: Perfect Schnoz
|-supereffective|p2a: Perfect Schnoz
|-crit|p2a: Perfect Schnoz
|-damage|p2a: Perfect Schnoz|50/100
|move|p2a: Perfect Schnoz|Knock Off|p1a: Iron Treads
|-damage|p1a: Iron Treads|0 fnt
|-enditem|p1a: Iron Treads|Leftovers|[from] move: Knock Off|[of] p2a: Perfect Schnoz
|faint|p1a: Iron Treads
|-end|p1a: Iron Treads|Quark Drive|[silent]
|
|upkeep
|
|t:|1779629054
|switch|p1a: Zamazenta|Zamazenta, shiny|38/100
|turn|20
|
|t:|1779629060
|move|p1a: Zamazenta|Iron Defense|p1a: Zamazenta
|-boost|p1a: Zamazenta|def|2
|move|p2a: Perfect Schnoz|Rapid Spin|p1a: Zamazenta
|-damage|p1a: Zamazenta|34/100
|-boost|p2a: Perfect Schnoz|spe|1
|-sideend|p2: ihymyly|Spikes|[from] move: Rapid Spin|[of] p2a: Perfect Schnoz
|-sideend|p2: ihymyly|Stealth Rock|[from] move: Rapid Spin|[of] p2a: Perfect Schnoz
|
|-heal|p1a: Zamazenta|40/100|[from] item: Leftovers
|upkeep
|turn|21
|
|t:|1779629067
|move|p2a: Perfect Schnoz|Knock Off|p1a: Zamazenta
|-resisted|p1a: Zamazenta
|-damage|p1a: Zamazenta|35/100
|-enditem|p1a: Zamazenta|Leftovers|[from] move: Knock Off|[of] p2a: Perfect Schnoz
|move|p1a: Zamazenta|Body Press|p2a: Perfect Schnoz
|-damage|p2a: Perfect Schnoz|12/100
|
|upkeep
|turn|22
|
|t:|1779629071
|move|p2a: Perfect Schnoz|Headlong Rush|p1a: Zamazenta
|-damage|p1a: Zamazenta|15/100
|-unboost|p2a: Perfect Schnoz|def|1
|-unboost|p2a: Perfect Schnoz|spd|1
|move|p1a: Zamazenta|Iron Defense|p1a: Zamazenta
|-boost|p1a: Zamazenta|def|2
|
|upkeep
|turn|23
|
|t:|1779629076
|move|p2a: Perfect Schnoz|Headlong Rush|p1a: Zamazenta
|-damage|p1a: Zamazenta|3/100
|-unboost|p2a: Perfect Schnoz|def|1
|-unboost|p2a: Perfect Schnoz|spd|1
|move|p1a: Zamazenta|Body Press|p2a: Perfect Schnoz
|-damage|p2a: Perfect Schnoz|0 fnt
|faint|p2a: Perfect Schnoz
|-end|p2a: Perfect Schnoz|Protosynthesis|[silent]
|
|upkeep
|
|t:|1779629080
|switch|p2a: Garchomp|Garchomp, F, shiny|19/100
|turn|24
|
|t:|1779629100
|move|p1a: Zamazenta|Body Press|p2a: Garchomp
|-damage|p2a: Garchomp|0 fnt
|-damage|p1a: Zamazenta|0 fnt|[from] ability: Rough Skin|[of] p2a: Garchomp
|faint|p2a: Garchomp
|faint|p1a: Zamazenta
|
|upkeep
|
|t:|1779629106
|switch|p1a: Wembanyama|Ceruledge, F, shiny|100/100
|switch|p2a: almost*evil*jordan|Darkrai, shiny|100/100
|turn|25
|
|t:|1779629111
|move|p2a: almost*evil*jordan|Dark Pulse|p1a: Wembanyama
|-supereffective|p1a: Wembanyama
|-damage|p1a: Wembanyama|23/100
|move|p1a: Wembanyama|Bitter Blade|p2a: almost*evil*jordan
|-damage|p2a: almost*evil*jordan|44/100
|-heal|p1a: Wembanyama|48/100|[from] drain|[of] p2a: almost*evil*jordan
|
|-heal|p2a: almost*evil*jordan|50/100|[from] item: Leftovers
|upkeep
|turn|26
|
|t:|1779629119
|move|p1a: Wembanyama|Shadow Sneak|p2a: almost*evil*jordan
|-resisted|p2a: almost*evil*jordan
|-damage|p2a: almost*evil*jordan|39/100
|move|p2a: almost*evil*jordan|Dark Pulse|p1a: Wembanyama
|-supereffective|p1a: Wembanyama
|-damage|p1a: Wembanyama|0 fnt
|faint|p1a: Wembanyama
|
|win|ihymyly
|raw|Snurke's rating: 1583 &rarr; <strong>1562</strong><br />(-21 for losing)
|raw|ihymyly's rating: 1567 &rarr; <strong>1588</strong><br />(+21 for winning)
|l|☆ihymyly
|player|p2|
