|j|☆Swords & Tequila
|j|☆KenjiShiguma
|t:|1779704451
|gametype|singles
|player|p1|Swords & Tequila|biker|1086
|player|p2|KenjiShiguma|pokemonbreeder-gen4|1109
|gen|9
|tier|[Gen 9] OU
|rated|
|rule|HP Percentage Mod: HP is shown in percentages
|rule|Endless Battle Clause: Forcing endless battles is banned
|rule|Species Clause: Limit one of each Pokémon
|rule|OHKO Clause: OHKO moves are banned
|rule|Evasion Items Clause: Evasion items are banned
|rule|Evasion Moves Clause: Evasion moves are banned
|rule|Evasion Abilities Clause: Evasion abilities are banned
|rule|Sleep Moves Clause: Sleep-inducing moves are banned
|clearpoke
|poke|p1|Raichu, M|
|poke|p1|Blastoise, M|
|poke|p1|Charizard, F|
|poke|p1|Electivire, M|
|poke|p1|Iron Treads|
|poke|p1|Swampert, F|
|poke|p2|Golduck, M|
|poke|p2|Porygon2|
|poke|p2|Gardevoir, F|
|poke|p2|Grumpig, M|
|poke|p2|Toxapex, M|
|poke|p2|Hatterene, F|
|teampreview
|inactive|Battle timer is ON: inactive players will automatically lose when time's up. (requested by Swords & Tequila)
|
|t:|1779704475
|teamsize|p1|6
|teamsize|p2|6
|start
|switch|p1a: Swampert|Swampert, F|100/100
|switch|p2a: Grumpig|Grumpig, M|100/100
|-item|p1a: Swampert|Air Balloon
|turn|1
|
|t:|1779704485
|move|p2a: Grumpig|Trailblaze|p1a: Swampert
|-supereffective|p1a: Swampert
|-damage|p1a: Swampert|80/100
|-boost|p2a: Grumpig|spe|1
|-enditem|p1a: Swampert|Air Balloon
|move|p1a: Swampert|Earthquake|p2a: Grumpig
|-damage|p2a: Grumpig|29/100
|-enditem|p2a: Grumpig|Sitrus Berry|[eat]
|-heal|p2a: Grumpig|54/100|[from] item: Sitrus Berry
|
|upkeep
|turn|2
|
|t:|1779704506
|switch|p2a: Hatterene|Hatterene, F|100/100
|-terastallize|p1a: Swampert|Poison
|move|p1a: Swampert|Earthquake|p2a: Hatterene
|-damage|p2a: Hatterene|47/100
|
|upkeep
|turn|3
|
|t:|1779704517
|switch|p2a: Golduck|Golduck, M|100/100
|-ability|p2a: Golduck|Cloud Nine
|move|p1a: Swampert|Poison Jab|p2a: Golduck
|-damage|p2a: Golduck|55/100
|
|upkeep
|turn|4
|
|t:|1779704527
|move|p2a: Golduck|Simple Beam|p1a: Swampert
|-ability|p1a: Swampert|Simple|Torrent|[from] move: Simple Beam
|move|p1a: Swampert|Earthquake|p2a: Golduck
|-damage|p2a: Golduck|0 fnt
|faint|p2a: Golduck
|
|upkeep
|
|t:|1779704536
|switch|p2a: Gardevoir|Gardevoir, F|100/100
|-ability|p2a: Gardevoir|Simple|Trace|[from] ability: Trace|[of] p1a: Swampert
|turn|5
|
|t:|1779704545
|move|p2a: Gardevoir|Calm Mind|p2a: Gardevoir
|-boost|p2a: Gardevoir|spa|2
|-boost|p2a: Gardevoir|spd|2
|move|p1a: Swampert|Liquidation|p2a: Gardevoir
|-damage|p2a: Gardevoir|24/100
|
|-heal|p2a: Gardevoir|30/100|[from] item: Leftovers
|upkeep
|turn|6
|
|t:|1779704554
|move|p2a: Gardevoir|Stored Power|p1a: Swampert
|-supereffective|p1a: Swampert
|-damage|p1a: Swampert|0 fnt
|faint|p1a: Swampert
|
|-heal|p2a: Gardevoir|37/100|[from] item: Leftovers
|upkeep
|
|t:|1779704578
|switch|p1a: Raichu|Raichu, M|100/100
|turn|7
|
|t:|1779704582
|move|p1a: Raichu|Thunderbolt|p2a: Gardevoir
|-crit|p2a: Gardevoir
|-damage|p2a: Gardevoir|0 fnt
|faint|p2a: Gardevoir
|
|upkeep
|
|t:|1779704592
|switch|p2a: Hatterene|Hatterene, F|47/100
|turn|8
|
|t:|1779704598
|move|p1a: Raichu|Thunder Wave|p2a: Hatterene
|move|p2a: Hatterene|Thunder Wave|p1a: Raichu|[from] ability: Magic Bounce
|-ability|p1a: Raichu|Lightning Rod|boost
|-boost|p1a: Raichu|spa|1
|move|p2a: Hatterene|Skill Swap|p1a: Raichu
|-activate|p2a: Hatterene|Skill Swap|Lightning Rod|Magic Bounce|[of] p1a: Raichu
|
|upkeep
|turn|9
|
|t:|1779704610
|move|p1a: Raichu|Thunderbolt|p2a: Hatterene
|-ability|p2a: Hatterene|Lightning Rod|boost
|-boost|p2a: Hatterene|spa|1
|move|p2a: Hatterene|Reflect|p2a: Hatterene
|-sidestart|p2: KenjiShiguma|Reflect
|
|upkeep
|turn|10
|
|t:|1779704618
|switch|p1a: Electivire|Electivire, M|100/100
|-item|p1a: Electivire|Air Balloon
|move|p2a: Hatterene|Skill Swap|p1a: Electivire
|-activate|p2a: Hatterene|Skill Swap|Vital Spirit|Lightning Rod|[of] p1a: Electivire
|
|upkeep
|turn|11
|
|t:|1779704627
|switch|p2a: Toxapex|Toxapex, M|100/100
|move|p1a: Electivire|Brick Break|p2a: Toxapex
|-sideend|p2: KenjiShiguma|Reflect
|-resisted|p2a: Toxapex
|-damage|p2a: Toxapex|93/100
|
|upkeep
|turn|12
|
|t:|1779704634
|switch|p2a: Hatterene|Hatterene, F|47/100
|move|p1a: Electivire|Thunder Punch|p2a: Hatterene
|-damage|p2a: Hatterene|8/100
|
|upkeep
|turn|13
|
|t:|1779704641
|move|p1a: Electivire|Thunder Punch|p2a: Hatterene
|-damage|p2a: Hatterene|0 fnt
|faint|p2a: Hatterene
|
|upkeep
|
|t:|1779704646
|switch|p2a: Grumpig|Grumpig, M|54/100
|turn|14
|
|t:|1779704651
|move|p1a: Electivire|Thunder Punch|p2a: Grumpig
|-damage|p2a: Grumpig|1/100
|move|p2a: Grumpig|Trailblaze|p1a: Electivire
|-damage|p1a: Electivire|92/100
|-boost|p2a: Grumpig|spe|1
|-enditem|p1a: Electivire|Air Balloon
|
|upkeep
|turn|15
|-message|KenjiShiguma forfeited.
|
|win|Swords & Tequila
|raw|Swords &amp; Tequila's rating: 1086 &rarr; <strong>1115</strong><br />(+29 for winning)
|raw|KenjiShiguma's rating: 1109 &rarr; <strong>1082</strong><br />(-27 for losing)
|l|☆KenjiShiguma
|player|p2|
|l|☆Swords & Tequila
|player|p1|
