|badge|p2|bronze|gen9ou|100-9
|uhtml|medal-msg|<div class="broadcast-blue">Curious what those medals under the avatar are? PS now has Ladder Seasons! For more information, check out the <a href="https://www.smogon.com/forums/threads/3740067/">thread on Smogon.</a></div>
|j|☆noob1877
|j|‽ClRCUS MAXIMUS
|t:|1779656343
|gametype|singles
|player|p1|noob1877|169|1697
|player|p2|ClRCUS MAXIMUS|rood|1780
|gen|9
|tier|[Gen 9] OU
|rated|
|rule|HP Percentage Mod: HP is shown in percentages
|rule|Endless Battle Clause: Forcing endless battles is banned
|rule|Species Clause: Limit one of each Pokémon
|rule|OHKO Clause: OHKO moves are banned
|rule|Evasion Items Clause: Evasion items are banned
|rule|Evasion Moves Clause: Evasion moves are banned
|rule|Evasion Abilities Clause: Evasion abilities are banned
|rule|Sleep Moves Clause: Sleep-inducing moves are banned
|clearpoke
|poke|p1|Kyurem|
|poke|p1|Gliscor, F|
|poke|p1|Raging Bolt|
|poke|p1|Garganacl, M|
|poke|p1|Hatterene, F|
|poke|p1|Zamazenta-*|
|poke|p2|Zamazenta-*|
|poke|p2|Kingambit, M|
|poke|p2|Dragonite, M|
|poke|p2|Hatterene, F|
|poke|p2|Great Tusk|
|poke|p2|Gholdengo|
|teampreview
|j| kanaete onegai
|
|t:|1779656448
|teamsize|p1|6
|teamsize|p2|6
|start
|switch|p1a: Raging Bolt|Raging Bolt|100/100
|switch|p2a: Zamazenta|Zamazenta, shiny|100/100
|-ability|p2a: Zamazenta|Dauntless Shield|boost
|-boost|p2a: Zamazenta|def|1
|turn|1
|
|t:|1779656461
|move|p2a: Zamazenta|Light Screen|p2a: Zamazenta
|-sidestart|p2: ClRCUS MAXIMUS|move: Light Screen
|move|p1a: Raging Bolt|Volt Switch|p2a: Zamazenta
|-damage|p2a: Zamazenta|74/100
|
|t:|1779656468
|-end|p1a: Raging Bolt|Protosynthesis|[silent]
|switch|p1a: Garganacl|Garganacl, M|100/100|[from] Volt Switch
|
|upkeep
|turn|2
|
|t:|1779656473
|move|p2a: Zamazenta|Close Combat|p1a: Garganacl
|-supereffective|p1a: Garganacl
|-damage|p1a: Garganacl|32/100
|-unboost|p2a: Zamazenta|def|1
|-unboost|p2a: Zamazenta|spd|1
|move|p1a: Garganacl|Salt Cure|p2a: Zamazenta
|-resisted|p2a: Zamazenta
|-damage|p2a: Zamazenta|68/100
|-start|p2a: Zamazenta|Salt Cure
|
|-heal|p1a: Garganacl|38/100|[from] item: Leftovers
|-damage|p2a: Zamazenta|56/100|[from] Salt Cure
|upkeep
|turn|3
|
|t:|1779656528
|move|p1a: Garganacl|Protect|p1a: Garganacl
|-singleturn|p1a: Garganacl|Protect
|move|p2a: Zamazenta|Close Combat|p1a: Garganacl
|-activate|p1a: Garganacl|move: Protect
|
|-heal|p1a: Garganacl|45/100|[from] item: Leftovers
|-damage|p2a: Zamazenta|44/100|[from] Salt Cure
|upkeep
|turn|4
|inactive|Battle timer is ON: inactive players will automatically lose when time's up. (requested by ClRCUS MAXIMUS)
|j| noe1210
|
|t:|1779656533
|switch|p1a: Gliscor|Gliscor, F|100/100
|move|p2a: Zamazenta|Close Combat|p1a: Gliscor
|-resisted|p1a: Gliscor
|-damage|p1a: Gliscor|79/100
|-unboost|p2a: Zamazenta|def|1
|-unboost|p2a: Zamazenta|spd|1
|
|-damage|p2a: Zamazenta|32/100|[from] Salt Cure
|-status|p1a: Gliscor|tox|[from] item: Toxic Orb
|upkeep
|turn|5
|
|t:|1779656540
|move|p1a: Gliscor|Protect|p1a: Gliscor
|-singleturn|p1a: Gliscor|Protect
|move|p2a: Zamazenta|Reflect|p2a: Zamazenta
|-sidestart|p2: ClRCUS MAXIMUS|Reflect
|
|-heal|p1a: Gliscor|92/100 tox|[from] ability: Poison Heal
|-damage|p2a: Zamazenta|19/100|[from] Salt Cure
|upkeep
|turn|6
|
|t:|1779656566
|switch|p2a: Hatterene|Hatterene, F, shiny|100/100
|switch|p1a: Hatterene|Hatterene, F|100/100
|
|upkeep
|turn|7
|
|t:|1779656578
|move|p1a: Hatterene|Nuzzle|p2a: Hatterene
|-damage|p2a: Hatterene|99/100
|-status|p2a: Hatterene|par
|cant|p2a: Hatterene|par
|
|-heal|p2a: Hatterene|100/100 par|[from] item: Leftovers
|upkeep
|turn|8
|
|t:|1779656583
|switch|p1a: Garganacl|Garganacl, M|45/100
|cant|p2a: Hatterene|par
|
|-heal|p1a: Garganacl|51/100|[from] item: Leftovers
|-sideend|p2: ClRCUS MAXIMUS|move: Light Screen
|upkeep
|turn|9
|
|t:|1779656588
|move|p1a: Garganacl|Salt Cure|p2a: Hatterene
|-damage|p2a: Hatterene|93/100 par
|-start|p2a: Hatterene|Salt Cure
|move|p2a: Hatterene|Calm Mind|p2a: Hatterene
|-boost|p2a: Hatterene|spa|1
|-boost|p2a: Hatterene|spd|1
|
|-heal|p1a: Garganacl|57/100|[from] item: Leftovers
|-heal|p2a: Hatterene|99/100 par|[from] item: Leftovers
|-damage|p2a: Hatterene|87/100 par|[from] Salt Cure
|upkeep
|turn|10
|
|t:|1779656598
|switch|p1a: Hatterene|Hatterene, F|100/100
|move|p2a: Hatterene|Calm Mind|p2a: Hatterene
|-boost|p2a: Hatterene|spa|1
|-boost|p2a: Hatterene|spd|1
|
|-heal|p2a: Hatterene|93/100 par|[from] item: Leftovers
|-damage|p2a: Hatterene|80/100 par|[from] Salt Cure
|upkeep
|turn|11
|
|t:|1779656605
|move|p1a: Hatterene|Psychic Noise|p2a: Hatterene
|-resisted|p2a: Hatterene
|-damage|p2a: Hatterene|72/100 par
|-start|p2a: Hatterene|move: Heal Block
|cant|p2a: Hatterene|par
|
|-damage|p2a: Hatterene|59/100 par|[from] Salt Cure
|upkeep
|turn|12
|
|t:|1779656607
|move|p1a: Hatterene|Psychic Noise|p2a: Hatterene
|-resisted|p2a: Hatterene
|-damage|p2a: Hatterene|50/100 par
|move|p2a: Hatterene|Mystical Fire|p1a: Hatterene
|-damage|p1a: Hatterene|47/100
|-unboost|p1a: Hatterene|spa|1
|
|-damage|p2a: Hatterene|38/100 par|[from] Salt Cure
|-end|p2a: Hatterene|move: Heal Block
|-sideend|p2: ClRCUS MAXIMUS|Reflect
|upkeep
|turn|13
|
|t:|1779656610
|move|p1a: Hatterene|Psychic Noise|p2a: Hatterene
|-resisted|p2a: Hatterene
|-damage|p2a: Hatterene|33/100 par
|-start|p2a: Hatterene|move: Heal Block
|cant|p2a: Hatterene|par
|
|-damage|p2a: Hatterene|20/100 par|[from] Salt Cure
|upkeep
|turn|14
|
|t:|1779656613
|move|p1a: Hatterene|Psychic Noise|p2a: Hatterene
|-resisted|p2a: Hatterene
|-damage|p2a: Hatterene|14/100 par
|cant|p2a: Hatterene|par
|
|-damage|p2a: Hatterene|2/100 par|[from] Salt Cure
|-end|p2a: Hatterene|move: Heal Block
|upkeep
|turn|15
|c|☆noob1877|yo mb
|
|t:|1779656619
|move|p1a: Hatterene|Psychic Noise|p2a: Hatterene
|-resisted|p2a: Hatterene
|-damage|p2a: Hatterene|0 fnt
|faint|p2a: Hatterene
|
|upkeep
|
|t:|1779656623
|switch|p2a: Gholdengo|Gholdengo|100/100
|turn|16
|
|t:|1779656625
|move|p2a: Gholdengo|Make It Rain|p1a: Hatterene
|-supereffective|p1a: Hatterene
|-damage|p1a: Hatterene|0 fnt
|-unboost|p2a: Gholdengo|spa|1
|faint|p1a: Hatterene
|
|upkeep
|
|t:|1779656636
|switch|p1a: Raging Bolt|Raging Bolt|100/100
|turn|17
|
|t:|1779656643
|move|p2a: Gholdengo|Nasty Plot|p2a: Gholdengo
|-boost|p2a: Gholdengo|spa|2
|move|p1a: Raging Bolt|Draco Meteor|p2a: Gholdengo
|-resisted|p2a: Gholdengo
|-damage|p2a: Gholdengo|33/100
|-unboost|p1a: Raging Bolt|spa|2
|
|upkeep
|turn|18
|
|t:|1779656650
|move|p2a: Gholdengo|Recover|p2a: Gholdengo
|-heal|p2a: Gholdengo|83/100
|move|p1a: Raging Bolt|Draco Meteor|p2a: Gholdengo|[miss]
|-miss|p1a: Raging Bolt|p2a: Gholdengo
|
|upkeep
|turn|19
|
|t:|1779656656
|-end|p1a: Raging Bolt|Protosynthesis|[silent]
|switch|p1a: Garganacl|Garganacl, M|57/100
|move|p2a: Gholdengo|Nasty Plot|p2a: Gholdengo
|-boost|p2a: Gholdengo|spa|2
|
|-heal|p1a: Garganacl|63/100|[from] item: Leftovers
|upkeep
|turn|20
|
|t:|1779656659
|move|p2a: Gholdengo|Make It Rain|p1a: Garganacl
|-supereffective|p1a: Garganacl
|-damage|p1a: Garganacl|0 fnt
|-unboost|p2a: Gholdengo|spa|1
|faint|p1a: Garganacl
|
|upkeep
|
|t:|1779656667
|switch|p1a: Raging Bolt|Raging Bolt|100/100
|turn|21
|
|t:|1779656671
|move|p2a: Gholdengo|Make It Rain|p1a: Raging Bolt
|-resisted|p1a: Raging Bolt
|-damage|p1a: Raging Bolt|26/100
|-unboost|p2a: Gholdengo|spa|1
|move|p1a: Raging Bolt|Thunderbolt|p2a: Gholdengo
|-damage|p2a: Gholdengo|0 fnt
|faint|p2a: Gholdengo
|
|upkeep
|
|t:|1779656680
|switch|p2a: Great Tusk|Great Tusk, shiny|100/100
|-enditem|p2a: Great Tusk|Booster Energy
|-activate|p2a: Great Tusk|ability: Protosynthesis|[fromitem]
|-start|p2a: Great Tusk|protosynthesisatk
|turn|22
|j| FaronAan
|
|t:|1779656699
|move|p2a: Great Tusk|Bulk Up|p2a: Great Tusk
|-boost|p2a: Great Tusk|atk|1
|-boost|p2a: Great Tusk|def|1
|move|p1a: Raging Bolt|Thunderbolt|p2a: Great Tusk
|-immune|p2a: Great Tusk
|
|upkeep
|turn|23
|
|t:|1779656706
|-end|p1a: Raging Bolt|Protosynthesis|[silent]
|switch|p1a: Zamazenta|Zamazenta|100/100
|-ability|p1a: Zamazenta|Dauntless Shield|boost
|-boost|p1a: Zamazenta|def|1
|move|p2a: Great Tusk|Bulk Up|p2a: Great Tusk
|-boost|p2a: Great Tusk|atk|1
|-boost|p2a: Great Tusk|def|1
|
|upkeep
|turn|24
|
|t:|1779656715
|move|p1a: Zamazenta|Close Combat|p2a: Great Tusk
|-damage|p2a: Great Tusk|65/100
|-unboost|p1a: Zamazenta|def|1
|-unboost|p1a: Zamazenta|spd|1
|move|p2a: Great Tusk|Close Combat|p1a: Zamazenta
|-damage|p1a: Zamazenta|0 fnt
|-unboost|p2a: Great Tusk|def|1
|-unboost|p2a: Great Tusk|spd|1
|faint|p1a: Zamazenta
|
|upkeep
|
|t:|1779656729
|switch|p1a: Gliscor|Gliscor, F|92/100 tox
|turn|25
|inactive|ClRCUS MAXIMUS has 120 seconds left.
|l| noe1210
|
|t:|1779656779
|move|p1a: Gliscor|Protect|p1a: Gliscor
|-singleturn|p1a: Gliscor|Protect
|move|p2a: Great Tusk|Ice Spinner|p1a: Gliscor
|-activate|p1a: Gliscor|move: Protect
|
|-heal|p1a: Gliscor|100/100 tox|[from] ability: Poison Heal
|upkeep
|turn|26
|
|t:|1779656782
|move|p1a: Gliscor|Substitute|p1a: Gliscor
|-start|p1a: Gliscor|Substitute
|-damage|p1a: Gliscor|75/100 tox
|move|p2a: Great Tusk|Ice Spinner|p1a: Gliscor
|-supereffective|p1a: Gliscor
|-end|p1a: Gliscor|Substitute
|
|-heal|p1a: Gliscor|88/100 tox|[from] ability: Poison Heal
|upkeep
|turn|27
|
|t:|1779656787
|-terastallize|p1a: Gliscor|Water
|move|p1a: Gliscor|Toxic|p2a: Great Tusk
|-status|p2a: Great Tusk|tox
|move|p2a: Great Tusk|Ice Spinner|p1a: Gliscor
|-resisted|p1a: Gliscor
|-damage|p1a: Gliscor|61/100 tox
|
|-heal|p1a: Gliscor|73/100 tox|[from] ability: Poison Heal
|-damage|p2a: Great Tusk|59/100 tox|[from] psn
|upkeep
|turn|28
|
|t:|1779656797
|move|p1a: Gliscor|Protect|p1a: Gliscor
|-singleturn|p1a: Gliscor|Protect
|move|p2a: Great Tusk|Close Combat|p1a: Gliscor
|-activate|p1a: Gliscor|move: Protect
|
|-heal|p1a: Gliscor|86/100 tox|[from] ability: Poison Heal
|-damage|p2a: Great Tusk|47/100 tox|[from] psn
|upkeep
|turn|29
|
|t:|1779656802
|move|p1a: Gliscor|Substitute|p1a: Gliscor
|-start|p1a: Gliscor|Substitute
|-damage|p1a: Gliscor|61/100 tox
|move|p2a: Great Tusk|Close Combat|p1a: Gliscor
|-end|p1a: Gliscor|Substitute
|-unboost|p2a: Great Tusk|def|1
|-unboost|p2a: Great Tusk|spd|1
|
|-heal|p1a: Gliscor|73/100 tox|[from] ability: Poison Heal
|-damage|p2a: Great Tusk|28/100 tox|[from] psn
|upkeep
|turn|30
|
|t:|1779656807
|-end|p2a: Great Tusk|Protosynthesis|[silent]
|switch|p2a: Zamazenta|Zamazenta, shiny|19/100
|move|p1a: Gliscor|Protect||[still]
|-fail|p1a: Gliscor
|
|-heal|p1a: Gliscor|86/100 tox|[from] ability: Poison Heal
|upkeep
|turn|31
|
|t:|1779656813
|move|p2a: Zamazenta|Reflect|p2a: Zamazenta
|-sidestart|p2: ClRCUS MAXIMUS|Reflect
|move|p1a: Gliscor|Toxic|p2a: Zamazenta
|-status|p2a: Zamazenta|tox
|
|-damage|p2a: Zamazenta|13/100 tox|[from] psn
|-heal|p1a: Gliscor|98/100 tox|[from] ability: Poison Heal
|upkeep
|turn|32
|
|t:|1779656818
|move|p1a: Gliscor|Substitute|p1a: Gliscor
|-start|p1a: Gliscor|Substitute
|-damage|p1a: Gliscor|73/100 tox
|move|p2a: Zamazenta|Roar|p1a: Gliscor
|drag|p1a: Kyurem|Kyurem|100/100
|-ability|p1a: Kyurem|Pressure
|
|-damage|p2a: Zamazenta|1/100 tox|[from] psn
|upkeep
|turn|33
|
|t:|1779656831
|switch|p1a: Raging Bolt|Raging Bolt|26/100
|move|p2a: Zamazenta|Light Screen|p2a: Zamazenta
|-sidestart|p2: ClRCUS MAXIMUS|move: Light Screen
|
|-damage|p2a: Zamazenta|0 fnt|[from] psn
|faint|p2a: Zamazenta
|upkeep
|
|t:|1779656841
|switch|p2a: Great Tusk|Great Tusk, shiny|28/100 tox
|turn|34
|
|t:|1779656859
|-end|p1a: Raging Bolt|Protosynthesis|[silent]
|switch|p1a: Gliscor|Gliscor, F, tera:Water|73/100 tox
|move|p2a: Great Tusk|Close Combat|p1a: Gliscor
|-damage|p1a: Gliscor|27/100 tox
|-unboost|p2a: Great Tusk|def|1
|-unboost|p2a: Great Tusk|spd|1
|
|-heal|p1a: Gliscor|39/100 tox|[from] ability: Poison Heal
|-damage|p2a: Great Tusk|22/100 tox|[from] psn
|upkeep
|turn|35
|
|t:|1779656868
|move|p1a: Gliscor|Protect|p1a: Gliscor
|-singleturn|p1a: Gliscor|Protect
|move|p2a: Great Tusk|Close Combat|p1a: Gliscor
|-activate|p1a: Gliscor|move: Protect
|
|-heal|p1a: Gliscor|52/100 tox|[from] ability: Poison Heal
|-damage|p2a: Great Tusk|10/100 tox|[from] psn
|upkeep
|turn|36
|
|t:|1779656870
|move|p1a: Gliscor|Earthquake|p2a: Great Tusk
|-damage|p2a: Great Tusk|0 fnt
|faint|p2a: Great Tusk
|-end|p2a: Great Tusk|Protosynthesis|[silent]
|
|-heal|p1a: Gliscor|64/100 tox|[from] ability: Poison Heal
|upkeep
|
|t:|1779656881
|switch|p2a: Kingambit|Kingambit, M, shiny|100/100
|-activate|p2a: Kingambit|ability: Supreme Overlord
|-start|p2a: Kingambit|fallen4|[silent]
|turn|37
|inactive|noob1877 has 120 seconds left.
|
|t:|1779656925
|move|p1a: Gliscor|Substitute|p1a: Gliscor
|-start|p1a: Gliscor|Substitute
|-damage|p1a: Gliscor|39/100 tox
|move|p2a: Kingambit|Swords Dance|p2a: Kingambit
|-boost|p2a: Kingambit|atk|2
|
|-heal|p1a: Gliscor|52/100 tox|[from] ability: Poison Heal
|upkeep
|turn|38
|
|t:|1779656939
|move|p1a: Gliscor|Protect|p1a: Gliscor
|-singleturn|p1a: Gliscor|Protect
|move|p2a: Kingambit|Kowtow Cleave|p1a: Gliscor
|-activate|p1a: Gliscor|move: Protect
|
|-heal|p1a: Gliscor|64/100 tox|[from] ability: Poison Heal
|-sideend|p2: ClRCUS MAXIMUS|Reflect
|upkeep
|turn|39
|
|t:|1779656942
|move|p1a: Gliscor|Earthquake|p2a: Kingambit
|-supereffective|p2a: Kingambit
|-damage|p2a: Kingambit|45/100
|move|p2a: Kingambit|Kowtow Cleave|p1a: Gliscor
|-end|p1a: Gliscor|Substitute
|
|-heal|p1a: Gliscor|77/100 tox|[from] ability: Poison Heal
|upkeep
|turn|40
|
|t:|1779656951
|-terastallize|p2a: Kingambit|Flying
|move|p1a: Gliscor|Protect|p1a: Gliscor
|-singleturn|p1a: Gliscor|Protect
|move|p2a: Kingambit|Kowtow Cleave|p1a: Gliscor
|-activate|p1a: Gliscor|move: Protect
|
|-heal|p1a: Gliscor|89/100 tox|[from] ability: Poison Heal
|-sideend|p2: ClRCUS MAXIMUS|move: Light Screen
|upkeep
|turn|41
|inactive|noob1877 has 120 seconds left.
|inactive|noob1877 has 90 seconds left.
|
|t:|1779657026
|move|p1a: Gliscor|Toxic|p2a: Kingambit
|-status|p2a: Kingambit|tox
|-enditem|p2a: Kingambit|Lum Berry|[eat]
|-curestatus|p2a: Kingambit|tox|[msg]
|move|p2a: Kingambit|Kowtow Cleave|p1a: Gliscor
|-crit|p1a: Gliscor
|-damage|p1a: Gliscor|0 fnt
|faint|p1a: Gliscor
|
|upkeep
|
|t:|1779657031
|switch|p1a: Raging Bolt|Raging Bolt|26/100
|turn|42
|
|t:|1779657036
|move|p1a: Raging Bolt|Thunderclap|p2a: Kingambit
|-supereffective|p2a: Kingambit
|-damage|p2a: Kingambit|0 fnt
|faint|p2a: Kingambit
|-end|p2a: Kingambit|fallen4|[silent]
|
|upkeep
|
|t:|1779657038
|switch|p2a: Dragonite|Dragonite, M, shiny|100/100
|turn|43
|
|t:|1779657041
|-end|p1a: Raging Bolt|Protosynthesis|[silent]
|switch|p1a: Kyurem|Kyurem|100/100
|-ability|p1a: Kyurem|Pressure
|move|p2a: Dragonite|Dragon Dance|p2a: Dragonite
|-boost|p2a: Dragonite|atk|1
|-boost|p2a: Dragonite|spe|1
|
|upkeep
|turn|44
|
|t:|1779657045
|move|p2a: Dragonite|Outrage|p1a: Kyurem
|-supereffective|p1a: Kyurem
|-crit|p1a: Kyurem
|-damage|p1a: Kyurem|0 fnt
|faint|p1a: Kyurem
|-damage|p2a: Dragonite|91/100|[from] item: Life Orb
|
|upkeep
|
|t:|1779657048
|switch|p1a: Raging Bolt|Raging Bolt|26/100
|turn|45
|
|t:|1779657050
|move|p1a: Raging Bolt|Thunderclap|p2a: Dragonite
|-damage|p2a: Dragonite|22/100
|move|p2a: Dragonite|Outrage|p1a: Raging Bolt|[from] lockedmove
|-supereffective|p1a: Raging Bolt
|-damage|p1a: Raging Bolt|0 fnt
|faint|p1a: Raging Bolt
|-end|p1a: Raging Bolt|Protosynthesis|[silent]
|-damage|p2a: Dragonite|12/100|[from] item: Life Orb
|-start|p2a: Dragonite|confusion|[fatigue]
|
|win|ClRCUS MAXIMUS
|raw|noob1877's rating: 1697 &rarr; <strong>1682</strong><br />(-15 for losing)
|raw|ClRCUS MAXIMUS's rating: 1780 &rarr; <strong>1795</strong><br />(+15 for winning)
|l|☆noob1877
|player|p1|
|l|‽ClRCUS MAXIMUS
|player|p2|
|l| FaronAan
