|j|☆leonthewooper
|j|☆rdtfyguhjnk
|t:|1779634090
|gametype|singles
|player|p1|leonthewooper|2|1096
|player|p2|rdtfyguhjnk|265|1110
|gen|9
|tier|[Gen 9] OU
|rated|
|rule|HP Percentage Mod: HP is shown in percentages
|rule|Endless Battle Clause: Forcing endless battles is banned
|rule|Species Clause: Limit one of each Pokémon
|rule|OHKO Clause: OHKO moves are banned
|rule|Evasion Items Clause: Evasion items are banned
|rule|Evasion Moves Clause: Evasion moves are banned
|rule|Evasion Abilities Clause: Evasion abilities are banned
|rule|Sleep Moves Clause: Sleep-inducing moves are banned
|clearpoke
|poke|p1|Corviknight, M|
|poke|p1|Dondozo, M|
|poke|p1|Chansey, F|
|poke|p1|Toxapex, M|
|poke|p1|Garganacl, F|
|poke|p1|Toxtricity-Low-Key, F|
|poke|p2|Maushold-Four|
|poke|p2|Zoroark-Hisui, M|
|poke|p2|Meloetta|
|poke|p2|Blissey, F|
|poke|p2|Grafaiai, M|
|poke|p2|Staraptor, M|
|teampreview
|
|t:|1779634101
|teamsize|p1|6
|teamsize|p2|6
|start
|switch|p1a: Chansey|Chansey, F|100/100
|switch|p2a: Maushold|Maushold-Four|100/100
|turn|1
|
|t:|1779634112
|move|p2a: Maushold|Nasty Plot|p2a: Maushold
|-boost|p2a: Maushold|spa|2
|move|p1a: Chansey|Thunder Wave|p2a: Maushold
|-status|p2a: Maushold|par
|
|upkeep
|turn|2
|
|t:|1779634123
|move|p2a: Maushold|Nasty Plot|p2a: Maushold
|-boost|p2a: Maushold|spa|2
|move|p1a: Chansey|Stealth Rock|p2a: Maushold
|-sidestart|p2: rdtfyguhjnk|move: Stealth Rock
|
|upkeep
|turn|3
|
|t:|1779634131
|move|p2a: Maushold|Hyper Voice|p1a: Chansey
|-crit|p1a: Chansey
|-damage|p1a: Chansey|47/100
|move|p1a: Chansey|Seismic Toss|p2a: Maushold
|-immune|p2a: Maushold
|
|upkeep
|turn|4
|
|t:|1779634142
|cant|p2a: Maushold|par
|move|p1a: Chansey|Soft-Boiled|p1a: Chansey
|-heal|p1a: Chansey|97/100
|
|upkeep
|turn|5
|
|t:|1779634148
|switch|p1a: Corviknight|Corviknight, M|100/100
|move|p2a: Maushold|Nasty Plot|p2a: Maushold
|-boost|p2a: Maushold|spa|2
|
|upkeep
|turn|6
|
|t:|1779634159
|move|p2a: Maushold|Hex|p1a: Corviknight
|-damage|p1a: Corviknight|0 fnt
|faint|p1a: Corviknight
|
|upkeep
|
|t:|1779634172
|switch|p1a: Toxtricity|Toxtricity-Low-Key, F|100/100
|turn|7
|
|t:|1779634180
|move|p1a: Toxtricity|Overdrive|p2a: Maushold
|-damage|p2a: Maushold|0 fnt
|replace|p2a: Zoroark|Zoroark-Hisui, M
|-end|p2a: Zoroark|Illusion
|faint|p2a: Zoroark
|
|upkeep
|
|t:|1779634205
|switch|p2a: Maushold|Maushold-Four|100/100
|-damage|p2a: Maushold|88/100|[from] Stealth Rock
|turn|8
|
|t:|1779634211
|move|p2a: Maushold|Population Bomb|p1a: Toxtricity
|-damage|p1a: Toxtricity|86/100
|-damage|p1a: Toxtricity|71/100
|-damage|p1a: Toxtricity|55/100
|-damage|p1a: Toxtricity|40/100
|-damage|p1a: Toxtricity|24/100
|-damage|p1a: Toxtricity|7/100
|-damage|p1a: Toxtricity|0 fnt
|faint|p1a: Toxtricity
|-hitcount|p1: Toxtricity|7
|
|upkeep
|l|☆leonthewooper
|player|p1|
|j|☆leonthewooper
|player|p1|leonthewooper|2|
|
|t:|1779634230
|switch|p1a: Garganacl|Garganacl, F|100/100
|turn|9
|
|t:|1779634267
|switch|p2a: Staraptor|Staraptor, M|100/100
|-damage|p2a: Staraptor|75/100|[from] Stealth Rock
|move|p1a: Garganacl|Curse|p1a: Garganacl
|-unboost|p1a: Garganacl|spe|1
|-boost|p1a: Garganacl|atk|1
|-boost|p1a: Garganacl|def|1
|
|upkeep
|turn|10
|
|t:|1779634277
|move|p2a: Staraptor|Close Combat|p1a: Garganacl
|-supereffective|p1a: Garganacl
|-damage|p1a: Garganacl|55/100
|-unboost|p2a: Staraptor|def|1
|-unboost|p2a: Staraptor|spd|1
|-damage|p2a: Staraptor|66/100|[from] item: Life Orb
|move|p1a: Garganacl|Salt Cure|p2a: Staraptor
|-supereffective|p2a: Staraptor
|-damage|p2a: Staraptor|0 fnt
|faint|p2a: Staraptor
|
|-heal|p1a: Garganacl|61/100|[from] item: Leftovers
|upkeep
|
|t:|1779634304
|switch|p2a: Grafaiai|Grafaiai, M|100/100
|-damage|p2a: Grafaiai|88/100|[from] Stealth Rock
|turn|11
|
|t:|1779634309
|move|p2a: Grafaiai|Parting Shot|p1a: Garganacl
|-unboost|p1a: Garganacl|atk|1
|-unboost|p1a: Garganacl|spa|1
|
|t:|1779634317
|switch|p2a: Blissey|Blissey, F|100/100|[from] Parting Shot
|-damage|p2a: Blissey|88/100|[from] Stealth Rock
|move|p1a: Garganacl|Earthquake|p2a: Blissey
|-damage|p2a: Blissey|63/100
|
|-heal|p2a: Blissey|69/100|[from] item: Leftovers
|-heal|p1a: Garganacl|67/100|[from] item: Leftovers
|upkeep
|turn|12
|
|t:|1779634328
|move|p2a: Blissey|Substitute|p2a: Blissey
|-start|p2a: Blissey|Substitute
|-damage|p2a: Blissey|44/100
|move|p1a: Garganacl|Curse|p1a: Garganacl
|-unboost|p1a: Garganacl|spe|1
|-boost|p1a: Garganacl|atk|1
|-boost|p1a: Garganacl|def|1
|
|-heal|p2a: Blissey|50/100|[from] item: Leftovers
|-heal|p1a: Garganacl|73/100|[from] item: Leftovers
|upkeep
|turn|13
|
|t:|1779634338
|move|p2a: Blissey|Thunder Wave|p1a: Garganacl
|-immune|p1a: Garganacl|[from] ability: Purifying Salt
|move|p1a: Garganacl|Salt Cure|p2a: Blissey
|-end|p2a: Blissey|Substitute
|
|-heal|p2a: Blissey|56/100|[from] item: Leftovers
|-heal|p1a: Garganacl|79/100|[from] item: Leftovers
|upkeep
|turn|14
|
|t:|1779634348
|move|p2a: Blissey|Seismic Toss|p1a: Garganacl
|-damage|p1a: Garganacl|55/100
|move|p1a: Garganacl|Salt Cure|p2a: Blissey
|-damage|p2a: Blissey|31/100
|-start|p2a: Blissey|Salt Cure
|
|-heal|p2a: Blissey|38/100|[from] item: Leftovers
|-heal|p1a: Garganacl|61/100|[from] item: Leftovers
|-damage|p2a: Blissey|25/100|[from] Salt Cure
|upkeep
|turn|15
|
|t:|1779634362
|move|p2a: Blissey|Seismic Toss|p1a: Garganacl
|-damage|p1a: Garganacl|36/100
|move|p1a: Garganacl|Curse|p1a: Garganacl
|-unboost|p1a: Garganacl|spe|1
|-boost|p1a: Garganacl|atk|1
|-boost|p1a: Garganacl|def|1
|
|-heal|p2a: Blissey|31/100|[from] item: Leftovers
|-heal|p1a: Garganacl|42/100|[from] item: Leftovers
|-damage|p2a: Blissey|19/100|[from] Salt Cure
|upkeep
|turn|16
|
|t:|1779634372
|move|p2a: Blissey|Seismic Toss|p1a: Garganacl
|-damage|p1a: Garganacl|18/100
|move|p1a: Garganacl|Earthquake|p2a: Blissey
|-damage|p2a: Blissey|0 fnt
|faint|p2a: Blissey
|
|-heal|p1a: Garganacl|24/100|[from] item: Leftovers
|upkeep
|
|t:|1779634383
|switch|p2a: Maushold|Maushold-Four|88/100
|-damage|p2a: Maushold|76/100|[from] Stealth Rock
|turn|17
|
|t:|1779634392
|-terastallize|p2a: Maushold|Normal
|move|p2a: Maushold|Population Bomb|p1a: Garganacl
|-resisted|p1a: Garganacl
|-damage|p1a: Garganacl|21/100
|-resisted|p1a: Garganacl
|-damage|p1a: Garganacl|19/100
|-resisted|p1a: Garganacl
|-damage|p1a: Garganacl|16/100
|-resisted|p1a: Garganacl
|-damage|p1a: Garganacl|14/100
|-resisted|p1a: Garganacl
|-damage|p1a: Garganacl|11/100
|-resisted|p1a: Garganacl
|-damage|p1a: Garganacl|9/100
|-resisted|p1a: Garganacl
|-damage|p1a: Garganacl|7/100
|-resisted|p1a: Garganacl
|-damage|p1a: Garganacl|4/100
|-resisted|p1a: Garganacl
|-damage|p1a: Garganacl|2/100
|-resisted|p1a: Garganacl
|-damage|p1a: Garganacl|0 fnt
|faint|p1a: Garganacl
|-hitcount|p1: Garganacl|10
|
|upkeep
|
|t:|1779634405
|switch|p1a: Toxapex|Toxapex, M|100/100
|turn|18
|
|t:|1779634415
|switch|p2a: Grafaiai|Grafaiai, M|88/100
|-damage|p2a: Grafaiai|76/100|[from] Stealth Rock
|move|p1a: Toxapex|Toxic|p2a: Grafaiai
|-immune|p2a: Grafaiai
|
|-heal|p2a: Grafaiai|82/100|[from] item: Leftovers
|upkeep
|turn|19
|
|t:|1779634425
|move|p2a: Grafaiai|Encore|p1a: Toxapex
|-start|p1a: Toxapex|Encore
|move|p1a: Toxapex|Toxic|p2a: Grafaiai
|-immune|p2a: Grafaiai
|
|-heal|p2a: Grafaiai|88/100|[from] item: Leftovers
|upkeep
|turn|20
|
|t:|1779634432
|switch|p1a: Dondozo|Dondozo, M|100/100
|move|p2a: Grafaiai|Substitute|p2a: Grafaiai
|-start|p2a: Grafaiai|Substitute
|-damage|p2a: Grafaiai|63/100
|
|-heal|p2a: Grafaiai|69/100|[from] item: Leftovers
|upkeep
|turn|21
|
|t:|1779634447
|move|p2a: Grafaiai|Toxic|p1a: Dondozo
|-status|p1a: Dondozo|tox
|move|p1a: Dondozo|Curse|p1a: Dondozo
|-unboost|p1a: Dondozo|spe|1
|-boost|p1a: Dondozo|atk|1
|-boost|p1a: Dondozo|def|1
|
|-heal|p2a: Grafaiai|75/100|[from] item: Leftovers
|-damage|p1a: Dondozo|94/100 tox|[from] psn
|upkeep
|turn|22
|
|t:|1779634456
|move|p2a: Grafaiai|Encore|p1a: Dondozo
|-start|p1a: Dondozo|Encore
|move|p1a: Dondozo|Curse|p1a: Dondozo
|-unboost|p1a: Dondozo|spe|1
|-boost|p1a: Dondozo|atk|1
|-boost|p1a: Dondozo|def|1
|
|-heal|p2a: Grafaiai|81/100|[from] item: Leftovers
|-heal|p1a: Dondozo|100/100 tox|[from] item: Leftovers
|-damage|p1a: Dondozo|88/100 tox|[from] psn
|upkeep
|turn|23
|
|t:|1779634467
|switch|p1a: Chansey|Chansey, F|97/100
|move|p2a: Grafaiai|Toxic|p1a: Chansey
|-status|p1a: Chansey|tox
|
|-heal|p2a: Grafaiai|87/100|[from] item: Leftovers
|-damage|p1a: Chansey|91/100 tox|[from] psn
|upkeep
|turn|24
|
|t:|1779634479
|move|p2a: Grafaiai|Toxic|p1a: Chansey
|-fail|p1a: Chansey|tox
|move|p1a: Chansey|Seismic Toss|p2a: Grafaiai
|-end|p2a: Grafaiai|Substitute
|
|-heal|p2a: Grafaiai|93/100|[from] item: Leftovers
|-damage|p1a: Chansey|78/100 tox|[from] psn
|upkeep
|turn|25
|
|t:|1779634489
|-curestatus|p1a: Chansey|tox|[from] ability: Natural Cure|[silent]
|switch|p1a: Toxapex|Toxapex, M|100/100
|move|p2a: Grafaiai|Encore||[still]
|-fail|p2a: Grafaiai
|
|-heal|p2a: Grafaiai|99/100|[from] item: Leftovers
|upkeep
|turn|26
|
|t:|1779634497
|move|p2a: Grafaiai|Substitute|p2a: Grafaiai
|-start|p2a: Grafaiai|Substitute
|-damage|p2a: Grafaiai|74/100
|move|p1a: Toxapex|Liquidation|p2a: Grafaiai
|-activate|p2a: Grafaiai|move: Substitute|[damage]
|
|-heal|p2a: Grafaiai|80/100|[from] item: Leftovers
|upkeep
|turn|27
|
|t:|1779634507
|move|p2a: Grafaiai|Parting Shot|p1a: Toxapex
|-unboost|p1a: Toxapex|atk|1
|-unboost|p1a: Toxapex|spa|1
|
|t:|1779634514
|switch|p2a: Meloetta|Meloetta|100/100|[from] Parting Shot
|-damage|p2a: Meloetta|88/100|[from] Stealth Rock
|move|p1a: Toxapex|Liquidation|p2a: Meloetta
|-damage|p2a: Meloetta|75/100
|-unboost|p2a: Meloetta|def|1
|
|upkeep
|turn|28
|
|t:|1779634545
|move|p1a: Toxapex|Baneful Bunker|p1a: Toxapex
|-singleturn|p1a: Toxapex|move: Protect
|move|p2a: Meloetta|Echoed Voice|p1a: Toxapex
|-activate|p1a: Toxapex|move: Protect
|
|upkeep
|turn|29
|
|t:|1779634552
|move|p2a: Meloetta|Echoed Voice|p1a: Toxapex
|-damage|p1a: Toxapex|64/100
|move|p1a: Toxapex|Toxic|p2a: Meloetta
|-status|p2a: Meloetta|tox
|
|-heal|p1a: Toxapex|70/100|[from] item: Leftovers
|-damage|p2a: Meloetta|69/100 tox|[from] psn
|upkeep
|turn|30
|
|t:|1779634560
|move|p2a: Meloetta|Echoed Voice|p1a: Toxapex
|-damage|p1a: Toxapex|12/100
|move|p1a: Toxapex|Haze|p1a: Toxapex
|-clearallboost
|
|-heal|p1a: Toxapex|18/100|[from] item: Leftovers
|-damage|p2a: Meloetta|57/100 tox|[from] psn
|upkeep
|turn|31
|
|t:|1779634568
|move|p2a: Meloetta|Echoed Voice|p1a: Toxapex
|-damage|p1a: Toxapex|0 fnt
|faint|p1a: Toxapex
|
|-damage|p2a: Meloetta|38/100 tox|[from] psn
|upkeep
|
|t:|1779634571
|switch|p1a: Chansey|Chansey, F|78/100
|turn|32
|
|t:|1779634575
|move|p2a: Meloetta|Echoed Voice|p1a: Chansey
|-damage|p1a: Chansey|50/100
|move|p1a: Chansey|Seismic Toss|p2a: Meloetta
|-damage|p2a: Meloetta|13/100 tox
|
|-damage|p2a: Meloetta|0 fnt|[from] psn
|faint|p2a: Meloetta
|upkeep
|
|t:|1779634584
|switch|p2a: Maushold|Maushold-Four, tera:Normal|76/100
|-damage|p2a: Maushold|63/100|[from] Stealth Rock
|turn|33
|
|t:|1779634589
|move|p2a: Maushold|Population Bomb|p1a: Chansey
|-damage|p1a: Chansey|26/100
|-damage|p1a: Chansey|1/100
|-damage|p1a: Chansey|0 fnt
|faint|p1a: Chansey
|-hitcount|p1: Chansey|3
|
|upkeep
|
|t:|1779634592
|switch|p1a: Dondozo|Dondozo, M|88/100 tox
|turn|34
|
|t:|1779634601
|-terastallize|p1a: Dondozo|Water
|move|p2a: Maushold|Population Bomb|p1a: Dondozo
|-damage|p1a: Dondozo|81/100 tox
|-damage|p1a: Dondozo|73/100 tox
|-damage|p1a: Dondozo|65/100 tox
|-damage|p1a: Dondozo|58/100 tox
|-damage|p1a: Dondozo|50/100 tox
|-damage|p1a: Dondozo|43/100 tox
|-damage|p1a: Dondozo|36/100 tox
|-damage|p1a: Dondozo|28/100 tox
|-damage|p1a: Dondozo|21/100 tox
|-damage|p1a: Dondozo|14/100 tox
|-hitcount|p1a: Dondozo|10
|move|p1a: Dondozo|Wave Crash|p2a: Maushold
|-damage|p2a: Maushold|0 fnt
|faint|p2a: Maushold
|-damage|p1a: Dondozo|2/100 tox|[from] Recoil
|
|-heal|p1a: Dondozo|8/100 tox|[from] item: Leftovers
|-damage|p1a: Dondozo|2/100 tox|[from] psn
|upkeep
|-message|leonthewooper forfeited.
|
|win|rdtfyguhjnk
|raw|leonthewooper's rating: 1096 &rarr; <strong>1073</strong><br />(-23 for losing)
|raw|rdtfyguhjnk's rating: 1110 &rarr; <strong>1134</strong><br />(+24 for winning)
|l|☆leonthewooper
|player|p1|
|l|☆rdtfyguhjnk
|player|p2|
