|j|☆kakakahehehe
|j|☆alolan patriot
|t:|1779715131
|gametype|singles
|player|p1|kakakahehehe|cynthia|1078
|player|p2|alolan patriot|sabrina|1070
|gen|9
|tier|[Gen 9] OU
|rated|
|rule|HP Percentage Mod: HP is shown in percentages
|rule|Endless Battle Clause: Forcing endless battles is banned
|rule|Species Clause: Limit one of each Pokémon
|rule|OHKO Clause: OHKO moves are banned
|rule|Evasion Items Clause: Evasion items are banned
|rule|Evasion Moves Clause: Evasion moves are banned
|rule|Evasion Abilities Clause: Evasion abilities are banned
|rule|Sleep Moves Clause: Sleep-inducing moves are banned
|clearpoke
|poke|p1|Spiritomb, M|
|poke|p1|Gastrodon, M|
|poke|p1|Garchomp, M|
|poke|p1|Milotic, F|
|poke|p1|Lucario, F|
|poke|p1|Eelektross, F|
|poke|p2|Blaziken, F|
|poke|p2|Glimmora, F|
|poke|p2|Great Tusk|
|poke|p2|Polteageist-Antique|
|poke|p2|Kommo-o, F|
|poke|p2|Diancie|
|teampreview
|
|t:|1779715137
|teamsize|p1|6
|teamsize|p2|6
|start
|switch|p1a: Gastrodon|Gastrodon, M|100/100
|switch|p2a: Glimmora|Glimmora, F, shiny|100/100
|turn|1
|
|t:|1779715151
|move|p2a: Glimmora|Spikes|p1a: Gastrodon
|-sidestart|p1: kakakahehehe|Spikes
|move|p1a: Gastrodon|Earth Power|p2a: Glimmora
|-supereffective|p2a: Glimmora
|-damage|p2a: Glimmora|0 fnt
|faint|p2a: Glimmora
|
|upkeep
|
|t:|1779715162
|switch|p2a: Don't let me Die|Polteageist-Antique, shiny|100/100
|turn|2
|
|t:|1779715169
|move|p2a: Don't let me Die|Shell Smash|p2a: Don't let me Die
|-unboost|p2a: Don't let me Die|def|1
|-unboost|p2a: Don't let me Die|spd|1
|-boost|p2a: Don't let me Die|atk|2
|-boost|p2a: Don't let me Die|spa|2
|-boost|p2a: Don't let me Die|spe|2
|move|p1a: Gastrodon|Earth Power|p2a: Don't let me Die
|-damage|p2a: Don't let me Die|38/100
|
|upkeep
|turn|3
|
|t:|1779715182
|move|p2a: Don't let me Die|Stored Power|p1a: Gastrodon
|-damage|p1a: Gastrodon|3/100
|move|p1a: Gastrodon|Earth Power|p2a: Don't let me Die
|-damage|p2a: Don't let me Die|0 fnt
|faint|p2a: Don't let me Die
|
|upkeep
|
|t:|1779715191
|switch|p2a: Diancie|Diancie|100/100
|turn|4
|inactive|Battle timer is ON: inactive players will automatically lose when time's up. (requested by kakakahehehe)
|
|t:|1779715199
|move|p2a: Diancie|Diamond Storm|p1a: Gastrodon
|-resisted|p1a: Gastrodon
|-damage|p1a: Gastrodon|0 fnt
|faint|p1a: Gastrodon
|
|upkeep
|
|t:|1779715203
|switch|p1a: Milotic|Milotic, F|100/100
|-damage|p1a: Milotic|88/100|[from] Spikes
|turn|5
|
|t:|1779715215
|move|p1a: Milotic|Surf|p2a: Diancie
|-supereffective|p2a: Diancie
|-damage|p2a: Diancie|26/100
|move|p2a: Diancie|Stealth Rock|p1a: Milotic
|-sidestart|p1: kakakahehehe|move: Stealth Rock
|
|-status|p1a: Milotic|brn|[from] item: Flame Orb
|upkeep
|turn|6
|
|t:|1779715231
|move|p1a: Milotic|Surf|p2a: Diancie
|-supereffective|p2a: Diancie
|-damage|p2a: Diancie|0 fnt
|faint|p2a: Diancie
|
|-damage|p1a: Milotic|82/100 brn|[from] brn
|upkeep
|
|t:|1779715240
|switch|p2a: Kommo-o|Kommo-o, F, shiny|100/100
|turn|7
|
|t:|1779715246
|move|p2a: Kommo-o|Clangorous Soul|p2a: Kommo-o
|-boost|p2a: Kommo-o|atk|1
|-boost|p2a: Kommo-o|def|1
|-boost|p2a: Kommo-o|spa|1
|-boost|p2a: Kommo-o|spd|1
|-boost|p2a: Kommo-o|spe|1
|-damage|p2a: Kommo-o|68/100
|-enditem|p2a: Kommo-o|Throat Spray
|-boost|p2a: Kommo-o|spa|1|[from] item: Throat Spray
|move|p1a: Milotic|Ice Beam|p2a: Kommo-o
|-supereffective|p2a: Kommo-o
|-damage|p2a: Kommo-o|30/100
|
|-damage|p1a: Milotic|76/100 brn|[from] brn
|upkeep
|turn|8
|
|t:|1779715260
|-terastallize|p2a: Kommo-o|Normal
|move|p2a: Kommo-o|Boomburst|p1a: Milotic
|-damage|p1a: Milotic|0 fnt
|faint|p1a: Milotic
|
|upkeep
|
|t:|1779715272
|switch|p1a: Spiritomb|Spiritomb, M|100/100
|-damage|p1a: Spiritomb|88/100|[from] Spikes
|-damage|p1a: Spiritomb|75/100|[from] Stealth Rock
|turn|9
|
|t:|1779715279
|move|p2a: Kommo-o|Clanging Scales|p1a: Spiritomb
|-damage|p1a: Spiritomb|14/100
|-unboost|p2a: Kommo-o|def|1
|move|p1a: Spiritomb|Destiny Bond|p1a: Spiritomb
|-singlemove|p1a: Spiritomb|Destiny Bond
|
|-heal|p1a: Spiritomb|20/100|[from] item: Leftovers
|upkeep
|turn|10
|
|t:|1779715288
|move|p2a: Kommo-o|Clanging Scales|p1a: Spiritomb
|-crit|p1a: Spiritomb
|-damage|p1a: Spiritomb|0 fnt
|faint|p1a: Spiritomb
|-activate|p1a: Spiritomb|move: Destiny Bond
|faint|p2a: Kommo-o
|
|upkeep
|
|t:|1779715298
|switch|p2a: Blaziken|Blaziken, F|100/100
|switch|p1a: Eelektross|Eelektross, F|100/100
|-damage|p1a: Eelektross|88/100|[from] Stealth Rock
|turn|11
|
|t:|1779715305
|move|p2a: Blaziken|Swords Dance|p2a: Blaziken
|-boost|p2a: Blaziken|atk|2
|move|p1a: Eelektross|Acrobatics|p2a: Blaziken
|-supereffective|p2a: Blaziken
|-damage|p2a: Blaziken|13/100
|-enditem|p2a: Blaziken|Weakness Policy
|-boost|p2a: Blaziken|atk|2|[from] item: Weakness Policy
|-boost|p2a: Blaziken|spa|2|[from] item: Weakness Policy
|
|-ability|p2a: Blaziken|Speed Boost|boost
|-boost|p2a: Blaziken|spe|1
|upkeep
|turn|12
|
|t:|1779715317
|move|p2a: Blaziken|Protect|p2a: Blaziken
|-singleturn|p2a: Blaziken|Protect
|move|p1a: Eelektross|Lunge|p2a: Blaziken
|-activate|p2a: Blaziken|move: Protect
|
|-ability|p2a: Blaziken|Speed Boost|boost
|-boost|p2a: Blaziken|spe|1
|upkeep
|turn|13
|
|t:|1779715336
|move|p2a: Blaziken|Close Combat|p1a: Eelektross
|-damage|p1a: Eelektross|0 fnt
|-unboost|p2a: Blaziken|def|1
|-unboost|p2a: Blaziken|spd|1
|faint|p1a: Eelektross
|
|-ability|p2a: Blaziken|Speed Boost|boost
|-boost|p2a: Blaziken|spe|1
|upkeep
|
|t:|1779715344
|switch|p1a: Lucario|Lucario, F|100/100
|-damage|p1a: Lucario|88/100|[from] Spikes
|-damage|p1a: Lucario|85/100|[from] Stealth Rock
|turn|14
|
|t:|1779715351
|move|p1a: Lucario|Bullet Punch|p2a: Blaziken
|-resisted|p2a: Blaziken
|-damage|p2a: Blaziken|0 fnt
|faint|p2a: Blaziken
|-damage|p1a: Lucario|75/100|[from] item: Life Orb
|
|upkeep
|
|t:|1779715358
|switch|p2a: Great Tusk|Great Tusk|100/100
|-enditem|p2a: Great Tusk|Booster Energy
|-activate|p2a: Great Tusk|ability: Protosynthesis|[fromitem]
|-start|p2a: Great Tusk|protosynthesisatk
|turn|15
|
|t:|1779715371
|move|p1a: Lucario|Brick Break|p2a: Great Tusk
|-damage|p2a: Great Tusk|72/100
|-damage|p1a: Lucario|65/100|[from] item: Life Orb
|move|p2a: Great Tusk|Headlong Rush|p1a: Lucario
|-supereffective|p1a: Lucario
|-damage|p1a: Lucario|0 fnt
|-unboost|p2a: Great Tusk|def|1
|-unboost|p2a: Great Tusk|spd|1
|faint|p1a: Lucario
|
|upkeep
|
|t:|1779715378
|switch|p1a: Garchomp|Garchomp, M|100/100
|-damage|p1a: Garchomp|88/100|[from] Spikes
|-damage|p1a: Garchomp|82/100|[from] Stealth Rock
|turn|16
|
|t:|1779715394
|move|p1a: Garchomp|Dragon Claw|p2a: Great Tusk
|-damage|p2a: Great Tusk|30/100
|move|p2a: Great Tusk|Headlong Rush|p1a: Garchomp
|-damage|p1a: Garchomp|9/100
|-unboost|p2a: Great Tusk|def|1
|-unboost|p2a: Great Tusk|spd|1
|-damage|p2a: Great Tusk|17/100|[from] ability: Rough Skin|[of] p1a: Garchomp
|
|upkeep
|turn|17
|
|t:|1779715404
|move|p1a: Garchomp|Dragon Claw|p2a: Great Tusk
|-damage|p2a: Great Tusk|0 fnt
|faint|p2a: Great Tusk
|-end|p2a: Great Tusk|Protosynthesis|[silent]
|
|win|kakakahehehe
|raw|kakakahehehe's rating: 1078 &rarr; <strong>1106</strong><br />(+28 for winning)
|raw|alolan patriot's rating: 1070 &rarr; <strong>1050</strong><br />(-20 for losing)
|l|☆kakakahehehe
|player|p1|
|l|☆alolan patriot
|player|p2|
