|j|☆RaphaDo33
|j|☆ElMasManzano
|t:|1779717604
|gametype|singles
|player|p1|RaphaDo33|pryce|1247
|player|p2|ElMasManzano|grimsley|1230
|gen|9
|tier|[Gen 9] OU
|rated|
|rule|HP Percentage Mod: HP is shown in percentages
|rule|Endless Battle Clause: Forcing endless battles is banned
|rule|Species Clause: Limit one of each Pokémon
|rule|OHKO Clause: OHKO moves are banned
|rule|Evasion Items Clause: Evasion items are banned
|rule|Evasion Moves Clause: Evasion moves are banned
|rule|Evasion Abilities Clause: Evasion abilities are banned
|rule|Sleep Moves Clause: Sleep-inducing moves are banned
|clearpoke
|poke|p1|Iron Valiant|
|poke|p1|Gliscor, M|
|poke|p1|Garganacl, M|
|poke|p1|Dragonite, F|
|poke|p1|Dondozo, M|
|poke|p1|Cinderace, F|
|poke|p2|Froslass, F|
|poke|p2|Chansey, F|
|poke|p2|Glimmora, M|
|poke|p2|Quaquaval, M|
|poke|p2|Ninetales-Alola, M|
|poke|p2|Coalossal, F|
|teampreview
|
|t:|1779717615
|teamsize|p1|6
|teamsize|p2|6
|start
|switch|p1a: Galladevoir|Iron Valiant|100/100
|switch|p2a: Ninetales|Ninetales-Alola, M|100/100
|-weather|Snowscape|[from] ability: Snow Warning|[of] p2a: Ninetales
|-enditem|p1a: Galladevoir|Booster Energy
|-activate|p1a: Galladevoir|ability: Quark Drive|[fromitem]
|-start|p1a: Galladevoir|quarkdrivespe
|turn|1
|
|t:|1779717627
|-terastallize|p1a: Galladevoir|Steel
|move|p1a: Galladevoir|Swords Dance|p1a: Galladevoir
|-boost|p1a: Galladevoir|atk|2
|move|p2a: Ninetales|Moonblast|p1a: Galladevoir
|-resisted|p1a: Galladevoir
|-damage|p1a: Galladevoir|69/100
|
|-weather|Snowscape|[upkeep]
|upkeep
|turn|2
|
|t:|1779717635
|-terastallize|p2a: Ninetales|Poison
|move|p1a: Galladevoir|Spirit Break|p2a: Ninetales
|-resisted|p2a: Ninetales
|-damage|p2a: Ninetales|46/100
|-unboost|p2a: Ninetales|spa|1
|move|p2a: Ninetales|Aurora Veil|p2a: Ninetales
|-sidestart|p2: ElMasManzano|move: Aurora Veil
|
|-weather|Snowscape|[upkeep]
|upkeep
|turn|3
|
|t:|1779717650
|switch|p2a: Coalossal|Coalossal, F|100/100
|move|p1a: Galladevoir|Swords Dance|p1a: Galladevoir
|-boost|p1a: Galladevoir|atk|2
|
|-weather|Snowscape|[upkeep]
|upkeep
|turn|4
|
|t:|1779717655
|move|p1a: Galladevoir|Close Combat|p2a: Coalossal
|-supereffective|p2a: Coalossal
|-damage|p2a: Coalossal|13/100
|-unboost|p1a: Galladevoir|def|1
|-unboost|p1a: Galladevoir|spd|1
|move|p2a: Coalossal|Iron Defense|p2a: Coalossal
|-boost|p2a: Coalossal|def|2
|
|-weather|Snowscape|[upkeep]
|-heal|p2a: Coalossal|19/100|[from] item: Leftovers
|upkeep
|turn|5
|
|t:|1779717660
|move|p1a: Galladevoir|Close Combat|p2a: Coalossal
|-supereffective|p2a: Coalossal
|-damage|p2a: Coalossal|0 fnt
|-unboost|p1a: Galladevoir|def|1
|-unboost|p1a: Galladevoir|spd|1
|faint|p2a: Coalossal
|
|-weather|none
|upkeep
|
|t:|1779717667
|switch|p2a: Glimmora|Glimmora, M|100/100
|turn|6
|
|t:|1779717671
|move|p1a: Galladevoir|Spirit Break|p2a: Glimmora
|-resisted|p2a: Glimmora
|-damage|p2a: Glimmora|62/100
|-unboost|p2a: Glimmora|spa|1
|-activate|p2a: Glimmora|ability: Toxic Debris
|-sidestart|p1: RaphaDo33|move: Toxic Spikes
|move|p2a: Glimmora|Earth Power|p1a: Galladevoir
|-supereffective|p1a: Galladevoir
|-damage|p1a: Galladevoir|0 fnt
|faint|p1a: Galladevoir
|-end|p1a: Galladevoir|Quark Drive|[silent]
|
|upkeep
|-message|RaphaDo33 forfeited.
|
|win|ElMasManzano
|raw|RaphaDo33's rating: 1247 &rarr; <strong>1221</strong><br />(-26 for losing)
|raw|ElMasManzano's rating: 1230 &rarr; <strong>1256</strong><br />(+26 for winning)
|l|☆RaphaDo33
|player|p1|
|l|☆ElMasManzano
|player|p2|
