|j|☆diegoparra27
|j|‽ekekdkdmdmwksl
|t:|1779619667
|gametype|singles
|player|p1|diegoparra27|265|1371
|player|p2|ekekdkdmdmwksl|2|1278
|gen|9
|tier|[Gen 9] OU
|rated|
|rule|HP Percentage Mod: HP is shown in percentages
|rule|Endless Battle Clause: Forcing endless battles is banned
|rule|Species Clause: Limit one of each Pokémon
|rule|OHKO Clause: OHKO moves are banned
|rule|Evasion Items Clause: Evasion items are banned
|rule|Evasion Moves Clause: Evasion moves are banned
|rule|Evasion Abilities Clause: Evasion abilities are banned
|rule|Sleep Moves Clause: Sleep-inducing moves are banned
|clearpoke
|poke|p1|Weezing-Galar, M|
|poke|p1|Gliscor, M|
|poke|p1|Blissey, F|
|poke|p1|Corviknight, F|
|poke|p1|Dondozo, M|
|poke|p1|Toxapex, F|
|poke|p2|Scrafty, M|
|poke|p2|Volbeat, M|
|poke|p2|Hoopa-Unbound|
|poke|p2|Hatterene, F|
|poke|p2|Registeel|
|poke|p2|Iron Moth|
|teampreview
|inactive|Battle timer is ON: inactive players will automatically lose when time's up. (requested by ekekdkdmdmwksl)
|
|t:|1779619685
|teamsize|p1|6
|teamsize|p2|6
|start
|switch|p1a: Gliscor|Gliscor, M|100/100
|switch|p2a: Scrafty|Scrafty, M|100/100
|turn|1
|inactive|diegoparra27 has 120 seconds left.
|
|t:|1779619741
|move|p1a: Gliscor|Protect|p1a: Gliscor
|-singleturn|p1a: Gliscor|Protect
|move|p2a: Scrafty|Bulk Up|p2a: Scrafty
|-boost|p2a: Scrafty|atk|1
|-boost|p2a: Scrafty|def|1
|
|-status|p1a: Gliscor|tox|[from] item: Toxic Orb
|upkeep
|turn|2
|
|t:|1779619750
|switch|p1a: Dondozo|Dondozo, M|100/100
|move|p2a: Scrafty|Knock Off|p1a: Dondozo
|-damage|p1a: Dondozo|84/100
|-enditem|p1a: Dondozo|Leftovers|[from] move: Knock Off|[of] p2a: Scrafty
|
|upkeep
|turn|3
|
|t:|1779619759
|move|p2a: Scrafty|Poison Jab|p1a: Dondozo
|-damage|p1a: Dondozo|74/100
|move|p1a: Dondozo|Curse|p1a: Dondozo
|-unboost|p1a: Dondozo|spe|1
|-boost|p1a: Dondozo|atk|1
|-boost|p1a: Dondozo|def|1
|
|upkeep
|turn|4
|
|t:|1779619765
|switch|p2a: Volbeat|Volbeat, M, shiny|100/100
|move|p1a: Dondozo|Curse|p1a: Dondozo
|-unboost|p1a: Dondozo|spe|1
|-boost|p1a: Dondozo|atk|1
|-boost|p1a: Dondozo|def|1
|
|upkeep
|turn|5
|
|t:|1779619771
|move|p2a: Volbeat|Encore|p1a: Dondozo
|-start|p1a: Dondozo|Encore
|move|p1a: Dondozo|Curse|p1a: Dondozo
|-unboost|p1a: Dondozo|spe|1
|-boost|p1a: Dondozo|atk|1
|-boost|p1a: Dondozo|def|1
|
|upkeep
|turn|6
|
|t:|1779619775
|move|p2a: Volbeat|Thunder Wave|p1a: Dondozo
|-status|p1a: Dondozo|par
|move|p1a: Dondozo|Curse|p1a: Dondozo
|-unboost|p1a: Dondozo|spe|1
|-boost|p1a: Dondozo|atk|1
|-boost|p1a: Dondozo|def|1
|
|upkeep
|turn|7
|
|t:|1779619779
|move|p2a: Volbeat|Lunge|p1a: Dondozo
|-damage|p1a: Dondozo|71/100 par
|-unboost|p1a: Dondozo|atk|1
|move|p1a: Dondozo|Curse|p1a: Dondozo
|-unboost|p1a: Dondozo|spe|1
|-boost|p1a: Dondozo|atk|1
|-boost|p1a: Dondozo|def|1
|
|-end|p1a: Dondozo|Encore
|upkeep
|turn|8
|
|t:|1779619784
|move|p2a: Volbeat|Encore|p1a: Dondozo
|-start|p1a: Dondozo|Encore
|cant|p1a: Dondozo|par
|
|upkeep
|turn|9
|
|t:|1779619789
|switch|p2a: Iron Moth|Iron Moth|100/100
|-enditem|p2a: Iron Moth|Booster Energy
|-activate|p2a: Iron Moth|ability: Quark Drive|[fromitem]
|-start|p2a: Iron Moth|quarkdrivespa
|cant|p1a: Dondozo|par
|
|upkeep
|turn|10
|
|t:|1779619794
|move|p2a: Iron Moth|Fiery Dance|p1a: Dondozo
|-resisted|p1a: Dondozo
|-damage|p1a: Dondozo|44/100 par
|-boost|p2a: Iron Moth|spa|1
|move|p1a: Dondozo|Curse|p1a: Dondozo
|-unboost|p1a: Dondozo|spe|1
|-boost|p1a: Dondozo|atk|1
|-boost|p1a: Dondozo|def|1
|
|-end|p1a: Dondozo|Encore
|upkeep
|turn|11
|-message|diegoparra27 forfeited.
|
|win|ekekdkdmdmwksl
|raw|diegoparra27's rating: 1371 &rarr; <strong>1346</strong><br />(-25 for losing)
|raw|ekekdkdmdmwksl's rating: 1278 &rarr; <strong>1310</strong><br />(+32 for winning)
|l|☆diegoparra27
|player|p1|
|l|‽ekekdkdmdmwksl
|player|p2|
