|j|☆gmarley
|j|☆AlvHarv
|t:|1779562586
|gametype|singles
|player|p1|gmarley|101|1096
|player|p2|AlvHarv|steven|1052
|gen|9
|tier|[Gen 9] OU
|rated|
|rule|HP Percentage Mod: HP is shown in percentages
|rule|Endless Battle Clause: Forcing endless battles is banned
|rule|Species Clause: Limit one of each Pokémon
|rule|OHKO Clause: OHKO moves are banned
|rule|Evasion Items Clause: Evasion items are banned
|rule|Evasion Moves Clause: Evasion moves are banned
|rule|Evasion Abilities Clause: Evasion abilities are banned
|rule|Sleep Moves Clause: Sleep-inducing moves are banned
|clearpoke
|poke|p1|Suicune|
|poke|p1|Raikou|
|poke|p1|Ursaluna, F|
|poke|p1|Blastoise, M|
|poke|p1|Blaziken, F|
|poke|p1|Yanmega, M|
|poke|p2|Araquanid, F|
|poke|p2|Tinkaton, F|
|poke|p2|Ceruledge, F|
|poke|p2|Meowscarada, F|
|poke|p2|Raging Bolt|
|poke|p2|Gliscor, F|
|teampreview
|inactive|Battle timer is ON: inactive players will automatically lose when time's up. (requested by gmarley)
|inactive|AlvHarv also wants the timer to be on.
|
|t:|1779562601
|teamsize|p1|6
|teamsize|p2|6
|start
|switch|p1a: Blaziken|Blaziken, F|100/100
|switch|p2a: Araquanid|Araquanid, F, shiny|100/100
|turn|1
|
|t:|1779562620
|switch|p1a: Raikou|Raikou|100/100
|-ability|p1a: Raikou|Pressure
|move|p2a: Araquanid|Sticky Web|p1a: Raikou
|-sidestart|p1: gmarley|move: Sticky Web
|
|upkeep
|turn|2
|
|t:|1779562632
|-terastallize|p2a: Araquanid|Ghost
|move|p1a: Raikou|Charge Beam|p2a: Araquanid
|-damage|p2a: Araquanid|80/100
|-boost|p1a: Raikou|spa|1
|move|p2a: Araquanid|Surf|p1a: Raikou
|-damage|p1a: Raikou|44/100
|
|-heal|p1a: Raikou|50/100|[from] item: Leftovers
|upkeep
|turn|3
|
|t:|1779562650
|move|p1a: Raikou|Thunder|p2a: Araquanid
|-damage|p2a: Araquanid|15/100
|-status|p2a: Araquanid|par
|move|p2a: Araquanid|Surf|p1a: Raikou
|-damage|p1a: Raikou|0 fnt
|faint|p1a: Raikou
|
|upkeep
|inactive|gmarley has 120 seconds left.
|
|t:|1779562680
|switch|p1a: Blaziken|Blaziken, F|100/100
|-activate|p1a: Blaziken|move: Sticky Web
|-unboost|p1a: Blaziken|spe|1
|turn|4
|inactive|gmarley has 120 seconds left.
|-enditem|p2a: Araquanid|Custap Berry|[eat]
|-activate|p2a: Araquanid|item: Custap Berry|[consumed]
|
|t:|1779562693
|move|p2a: Araquanid|Surf|p1a: Blaziken
|-supereffective|p1a: Blaziken
|-damage|p1a: Blaziken|0 fnt
|faint|p1a: Blaziken
|
|upkeep
|
|t:|1779562701
|switch|p1a: Blastoise|Blastoise, M|100/100
|-activate|p1a: Blastoise|move: Sticky Web
|-unboost|p1a: Blastoise|spe|1
|turn|5
|inactive|gmarley has 120 seconds left.
|
|t:|1779562710
|switch|p2a: Tinkaton|Tinkaton, F, shiny|100/100
|-item|p2a: Tinkaton|Air Balloon
|move|p1a: Blastoise|Muddy Water|p2a: Tinkaton
|-damage|p2a: Tinkaton|73/100
|-unboost|p2a: Tinkaton|accuracy|1
|-enditem|p2a: Tinkaton|Air Balloon
|
|upkeep
|turn|6
|
|t:|1779562719
|move|p2a: Tinkaton|Swords Dance|p2a: Tinkaton
|-boost|p2a: Tinkaton|atk|2
|move|p1a: Blastoise|Rapid Spin|p2a: Tinkaton
|-resisted|p2a: Tinkaton
|-damage|p2a: Tinkaton|65/100
|-boost|p1a: Blastoise|spe|1
|-sideend|p1: gmarley|Sticky Web|[from] move: Rapid Spin|[of] p1a: Blastoise
|
|upkeep
|turn|7
|
|t:|1779562729
|move|p2a: Tinkaton|Swords Dance|p2a: Tinkaton
|-boost|p2a: Tinkaton|atk|2
|move|p1a: Blastoise|Rain Dance|p1a: Blastoise
|-weather|RainDance
|
|-weather|RainDance|[upkeep]
|upkeep
|turn|8
|
|t:|1779562735
|move|p2a: Tinkaton|Swords Dance|p2a: Tinkaton
|-boost|p2a: Tinkaton|atk|2
|move|p1a: Blastoise|Muddy Water|p2a: Tinkaton|[miss]
|-miss|p1a: Blastoise|p2a: Tinkaton
|
|-weather|RainDance|[upkeep]
|upkeep
|turn|9
|
|t:|1779562742
|move|p2a: Tinkaton|Gigaton Hammer|p1a: Blastoise|[miss]
|-miss|p2a: Tinkaton|p1a: Blastoise
|move|p1a: Blastoise|Muddy Water|p2a: Tinkaton
|-damage|p2a: Tinkaton|25/100
|
|-weather|RainDance|[upkeep]
|upkeep
|turn|10
|
|t:|1779562755
|move|p2a: Tinkaton|Play Rough|p1a: Blastoise
|-damage|p1a: Blastoise|0 fnt
|faint|p1a: Blastoise
|
|-weather|RainDance|[upkeep]
|upkeep
|
|t:|1779562764
|switch|p1a: Suicune|Suicune, shiny|100/100
|-ability|p1a: Suicune|Pressure
|turn|11
|
|t:|1779562773
|move|p1a: Suicune|Extreme Speed|p2a: Tinkaton
|-resisted|p2a: Tinkaton
|-damage|p2a: Tinkaton|14/100
|move|p2a: Tinkaton|Play Rough|p1a: Suicune|[miss]
|-miss|p2a: Tinkaton|p1a: Suicune
|
|-weather|none
|upkeep
|turn|12
|
|t:|1779562785
|move|p2a: Tinkaton|Play Rough|p1a: Suicune
|-damage|p1a: Suicune|0 fnt
|faint|p1a: Suicune
|
|upkeep
|
|t:|1779562799
|switch|p1a: Ursaluna|Ursaluna, F|100/100
|turn|13
|
|t:|1779562814
|move|p2a: Tinkaton|Gigaton Hammer|p1a: Ursaluna
|-damage|p1a: Ursaluna|0 fnt
|faint|p1a: Ursaluna
|
|upkeep
|
|t:|1779562819
|switch|p1a: Yanmega|Yanmega, M|100/100
|turn|14
|
|t:|1779562827
|move|p2a: Tinkaton|Play Rough|p1a: Yanmega|[miss]
|-miss|p2a: Tinkaton|p1a: Yanmega
|move|p1a: Yanmega|Air Slash|p2a: Tinkaton
|-resisted|p2a: Tinkaton
|-damage|p2a: Tinkaton|0 fnt
|faint|p2a: Tinkaton
|
|-ability|p1a: Yanmega|Speed Boost|boost
|-boost|p1a: Yanmega|spe|1
|upkeep
|
|t:|1779562835
|switch|p2a: Raging Bolt|Raging Bolt|100/100
|-enditem|p2a: Raging Bolt|Booster Energy
|-activate|p2a: Raging Bolt|ability: Protosynthesis|[fromitem]
|-start|p2a: Raging Bolt|protosynthesisspa
|turn|15
|
|t:|1779562854
|move|p2a: Raging Bolt|Thunderclap|p1a: Yanmega
|-supereffective|p1a: Yanmega
|-crit|p1a: Yanmega
|-damage|p1a: Yanmega|0 fnt
|faint|p1a: Yanmega
|
|win|AlvHarv
|raw|gmarley's rating: 1096 &rarr; <strong>1069</strong><br />(-27 for losing)
|raw|AlvHarv's rating: 1052 &rarr; <strong>1088</strong><br />(+36 for winning)
|l|☆gmarley
|player|p1|
|l|☆AlvHarv
|player|p2|
|j|☆AlvHarv
|player|p2|AlvHarv|steven|
