|j|☆knoggerman
|j|☆Blazingly Scorched
|t:|1779644658
|gametype|singles
|player|p1|knoggerman|tuber|1129
|player|p2|Blazingly Scorched|1|1084
|gen|9
|tier|[Gen 9] OU
|rated|
|rule|HP Percentage Mod: HP is shown in percentages
|rule|Endless Battle Clause: Forcing endless battles is banned
|rule|Species Clause: Limit one of each Pokémon
|rule|OHKO Clause: OHKO moves are banned
|rule|Evasion Items Clause: Evasion items are banned
|rule|Evasion Moves Clause: Evasion moves are banned
|rule|Evasion Abilities Clause: Evasion abilities are banned
|rule|Sleep Moves Clause: Sleep-inducing moves are banned
|clearpoke
|poke|p1|Gliscor, M|
|poke|p1|Ting-Lu|
|poke|p1|Gholdengo|
|poke|p1|Kingambit, M|
|poke|p1|Zamazenta-*|
|poke|p1|Dragonite, M|
|poke|p2|Slowking-Galar, F|
|poke|p2|Corviknight, M|
|poke|p2|Ting-Lu|
|poke|p2|Alomomola, F|
|poke|p2|Kyurem|
|poke|p2|Zamazenta-*|
|teampreview
|
|t:|1779644676
|teamsize|p1|6
|teamsize|p2|6
|start
|switch|p1a: dogggystyle|Zamazenta, shiny|100/100
|switch|p2a: DownSyndromeShawty|Slowking-Galar, F|100/100
|-ability|p1a: dogggystyle|Dauntless Shield|boost
|-boost|p1a: dogggystyle|def|1
|turn|1
|
|t:|1779644683
|move|p1a: dogggystyle|Iron Defense|p1a: dogggystyle
|-boost|p1a: dogggystyle|def|2
|-prepare|p2a: DownSyndromeShawty|Chilly Reception|[premajor]
|move|p2a: DownSyndromeShawty|Chilly Reception|p2a: DownSyndromeShawty
|-weather|Snowscape
|
|t:|1779644687
|switch|p2a: ThiccThangWithBBL|Alomomola, F|100/100|[from] Chilly Reception
|
|-weather|Snowscape|[upkeep]
|upkeep
|turn|2
|
|t:|1779644694
|move|p1a: dogggystyle|Body Press|p2a: ThiccThangWithBBL
|-damage|p2a: ThiccThangWithBBL|40/100
|move|p2a: ThiccThangWithBBL|Scald|p1a: dogggystyle
|-damage|p1a: dogggystyle|87/100
|
|-weather|Snowscape|[upkeep]
|-heal|p1a: dogggystyle|93/100|[from] item: Leftovers
|upkeep
|turn|3
|c|☆Blazingly Scorched|love ur nickname
|
|t:|1779644704
|-terastallize|p2a: ThiccThangWithBBL|Ghost
|move|p1a: dogggystyle|Body Press|p2a: ThiccThangWithBBL
|-immune|p2a: ThiccThangWithBBL
|move|p2a: ThiccThangWithBBL|Scald|p1a: dogggystyle
|-crit|p1a: dogggystyle
|-damage|p1a: dogggystyle|75/100
|
|-weather|Snowscape|[upkeep]
|-heal|p1a: dogggystyle|81/100|[from] item: Leftovers
|upkeep
|turn|4
|
|t:|1779644709
|move|p1a: dogggystyle|Iron Defense|p1a: dogggystyle
|-boost|p1a: dogggystyle|def|2
|move|p2a: ThiccThangWithBBL|Wish|p2a: ThiccThangWithBBL
|
|-weather|Snowscape|[upkeep]
|-heal|p1a: dogggystyle|87/100|[from] item: Leftovers
|upkeep
|turn|5
|
|t:|1779644714
|move|p1a: dogggystyle|Crunch|p2a: ThiccThangWithBBL
|-supereffective|p2a: ThiccThangWithBBL
|-damage|p2a: ThiccThangWithBBL|11/100
|move|p2a: ThiccThangWithBBL|Scald|p1a: dogggystyle
|-damage|p1a: dogggystyle|75/100
|-status|p1a: dogggystyle|brn
|
|-weather|none
|-heal|p2a: ThiccThangWithBBL|61/100|[from] move: Wish|[wisher] ThiccThangWithBBL
|-heal|p1a: dogggystyle|81/100 brn|[from] item: Leftovers
|-damage|p1a: dogggystyle|75/100 brn|[from] brn
|upkeep
|turn|6
|
|t:|1779644721
|move|p1a: dogggystyle|Crunch|p2a: ThiccThangWithBBL
|-supereffective|p2a: ThiccThangWithBBL
|-damage|p2a: ThiccThangWithBBL|48/100
|move|p2a: ThiccThangWithBBL|Flip Turn|p1a: dogggystyle
|-crit|p1a: dogggystyle
|-damage|p1a: dogggystyle|57/100 brn
|
|t:|1779644724
|switch|p2a: Raw Dawgy Style|Zamazenta|100/100|[from] Flip Turn
|-ability|p2a: Raw Dawgy Style|Dauntless Shield|boost
|-boost|p2a: Raw Dawgy Style|def|1
|
|-heal|p1a: dogggystyle|64/100 brn|[from] item: Leftovers
|-damage|p1a: dogggystyle|57/100 brn|[from] brn
|upkeep
|turn|7
|c|☆Blazingly Scorched|2 doggy styles :)
|c|☆knoggerman|love it babe
|c|☆Blazingly Scorched|should we breed them
|
|t:|1779644747
|switch|p2a: ThiccThangWithBBL|Alomomola, F, tera:Ghost|82/100
|move|p1a: dogggystyle|Body Press|p2a: ThiccThangWithBBL
|-immune|p2a: ThiccThangWithBBL
|
|-heal|p1a: dogggystyle|64/100 brn|[from] item: Leftovers
|-damage|p1a: dogggystyle|57/100 brn|[from] brn
|upkeep
|turn|8
|
|t:|1779644758
|move|p1a: dogggystyle|Crunch|p2a: ThiccThangWithBBL
|-supereffective|p2a: ThiccThangWithBBL
|-damage|p2a: ThiccThangWithBBL|68/100
|move|p2a: ThiccThangWithBBL|Flip Turn|p1a: dogggystyle
|-damage|p1a: dogggystyle|53/100 brn
|
|t:|1779644761
|switch|p2a: DownSyndromeShawty|Slowking-Galar, F|100/100|[from] Flip Turn
|
|-heal|p1a: dogggystyle|60/100 brn|[from] item: Leftovers
|-damage|p1a: dogggystyle|53/100 brn|[from] brn
|upkeep
|turn|9
|
|t:|1779644768
|move|p1a: dogggystyle|Crunch|p2a: DownSyndromeShawty
|-supereffective|p2a: DownSyndromeShawty
|-damage|p2a: DownSyndromeShawty|80/100
|move|p2a: DownSyndromeShawty|Future Sight|p1a: dogggystyle
|-start|p2a: DownSyndromeShawty|move: Future Sight
|
|-heal|p1a: dogggystyle|60/100 brn|[from] item: Leftovers
|-heal|p2a: DownSyndromeShawty|86/100|[from] item: Black Sludge
|-damage|p1a: dogggystyle|53/100 brn|[from] brn
|upkeep
|turn|10
|
|t:|1779644776
|switch|p1a: armpit smelly|Gliscor, M|100/100
|-prepare|p2a: DownSyndromeShawty|Chilly Reception|[premajor]
|move|p2a: DownSyndromeShawty|Chilly Reception|p2a: DownSyndromeShawty
|-weather|Snowscape
|
|t:|1779644781
|switch|p2a: TheOriginalDragon|Kyurem|100/100|[from] Chilly Reception
|-ability|p2a: TheOriginalDragon|Pressure
|
|-weather|Snowscape|[upkeep]
|-status|p1a: armpit smelly|tox|[from] item: Toxic Orb
|upkeep
|turn|11
|
|t:|1779644789
|-terastallize|p1a: armpit smelly|Water
|move|p2a: TheOriginalDragon|Blizzard|p1a: armpit smelly
|-resisted|p1a: armpit smelly
|-damage|p1a: armpit smelly|44/100 tox
|move|p1a: armpit smelly|Toxic|p2a: TheOriginalDragon|[miss]
|-miss|p1a: armpit smelly|p2a: TheOriginalDragon
|
|-weather|Snowscape|[upkeep]
|-end|p1a: armpit smelly|move: Future Sight
|-damage|p1a: armpit smelly|0 fnt
|faint|p1a: armpit smelly
|upkeep
|c|☆Blazingly Scorched|why his armpit smelly
|c|☆knoggerman|too much flying
|
|t:|1779644809
|switch|p1a: dihhh rider|Gholdengo|100/100
|turn|12
|c|☆Blazingly Scorched|too much work I suppose
|
|t:|1779644815
|switch|p2a: TingTingTing Luhur|Ting-Lu|100/100
|-ability|p2a: TingTingTing Luhur|Vessel of Ruin
|move|p1a: dihhh rider|Make It Rain|p2a: TingTingTing Luhur
|-damage|p2a: TingTingTing Luhur|86/100
|-unboost|p1a: dihhh rider|spa|1
|
|-weather|Snowscape|[upkeep]
|upkeep
|turn|13
|c|☆Blazingly Scorched|biggest dih rider ever
|c|☆Blazingly Scorched|femboy clanker istg
|c|☆Blazingly Scorched|send his ass to thailand
|
|t:|1779644831
|move|p1a: dihhh rider|Nasty Plot|p1a: dihhh rider
|-boost|p1a: dihhh rider|spa|2
|move|p2a: TingTingTing Luhur|Ruination|p1a: dihhh rider
|-damage|p1a: dihhh rider|50/100
|
|-weather|Snowscape|[upkeep]
|-heal|p1a: dihhh rider|57/100|[from] item: Leftovers
|upkeep
|turn|14
|
|t:|1779644837
|move|p1a: dihhh rider|Make It Rain|p2a: TingTingTing Luhur
|-damage|p2a: TingTingTing Luhur|64/100
|-unboost|p1a: dihhh rider|spa|1
|move|p2a: TingTingTing Luhur|Snarl|p1a: dihhh rider
|-supereffective|p1a: dihhh rider
|-damage|p1a: dihhh rider|32/100
|-unboost|p1a: dihhh rider|spa|1
|
|-weather|none
|-heal|p1a: dihhh rider|38/100|[from] item: Leftovers
|upkeep
|turn|15
|
|t:|1779644843
|switch|p1a: dihhh head|Ting-Lu|100/100
|-ability|p1a: dihhh head|Vessel of Ruin
|move|p2a: TingTingTing Luhur|Earthquake|p1a: dihhh head
|-damage|p1a: dihhh head|79/100
|
|-heal|p1a: dihhh head|86/100|[from] item: Leftovers
|upkeep
|turn|16
|
|t:|1779644849
|switch|p2a: ThiccThangWithBBL|Alomomola, F, tera:Ghost|100/100
|move|p1a: dihhh head|Stealth Rock|p2a: ThiccThangWithBBL
|-sidestart|p2: Blazingly Scorched|move: Stealth Rock
|
|-heal|p1a: dihhh head|92/100|[from] item: Leftovers
|upkeep
|turn|17
|
|t:|1779644857
|move|p1a: dihhh head|Ruination|p2a: ThiccThangWithBBL
|-damage|p2a: ThiccThangWithBBL|51/100
|move|p2a: ThiccThangWithBBL|Wish|p2a: ThiccThangWithBBL
|
|-heal|p1a: dihhh head|98/100|[from] item: Leftovers
|upkeep
|turn|18
|
|t:|1779644861
|switch|p2a: TingTingTing Luhur|Ting-Lu|64/100
|-damage|p2a: TingTingTing Luhur|57/100|[from] Stealth Rock
|-ability|p2a: TingTingTing Luhur|Vessel of Ruin
|move|p1a: dihhh head|Ruination|p2a: TingTingTing Luhur
|-damage|p2a: TingTingTing Luhur|29/100
|
|-heal|p2a: TingTingTing Luhur|78/100|[from] move: Wish|[wisher] ThiccThangWithBBL
|-heal|p1a: dihhh head|100/100|[from] item: Leftovers
|upkeep
|turn|19
|
|t:|1779644872
|switch|p2a: ThiccThangWithBBL|Alomomola, F, tera:Ghost|84/100
|move|p1a: dihhh head|Earthquake|p2a: ThiccThangWithBBL
|-damage|p2a: ThiccThangWithBBL|60/100
|
|upkeep
|turn|20
|
|t:|1779644876
|move|p1a: dihhh head|Ruination|p2a: ThiccThangWithBBL
|-damage|p2a: ThiccThangWithBBL|31/100
|move|p2a: ThiccThangWithBBL|Scald|p1a: dihhh head
|-supereffective|p1a: dihhh head
|-damage|p1a: dihhh head|90/100
|
|-heal|p1a: dihhh head|96/100|[from] item: Leftovers
|upkeep
|turn|21
|
|t:|1779644886
|move|p2a: ThiccThangWithBBL|Wish|p2a: ThiccThangWithBBL
|move|p1a: dihhh head|Whirlwind|p2a: ThiccThangWithBBL
|drag|p2a: DownSyndromeShawty|Slowking-Galar, F|100/100
|-damage|p2a: DownSyndromeShawty|88/100|[from] Stealth Rock
|
|-heal|p1a: dihhh head|100/100|[from] item: Leftovers
|-heal|p2a: DownSyndromeShawty|94/100|[from] item: Black Sludge
|upkeep
|turn|22
|
|t:|1779644892
|move|p1a: dihhh head|Earthquake|p2a: DownSyndromeShawty
|-supereffective|p2a: DownSyndromeShawty
|-damage|p2a: DownSyndromeShawty|10/100
|move|p2a: DownSyndromeShawty|Trick|p1a: dihhh head
|-activate|p2a: DownSyndromeShawty|move: Trick|[of] p1a: dihhh head
|-item|p1a: dihhh head|Black Sludge|[from] move: Trick
|-item|p2a: DownSyndromeShawty|Leftovers|[from] move: Trick
|
|-heal|p2a: DownSyndromeShawty|71/100|[from] move: Wish|[wisher] ThiccThangWithBBL
|-damage|p1a: dihhh head|88/100|[from] item: Black Sludge
|-heal|p2a: DownSyndromeShawty|77/100|[from] item: Leftovers
|upkeep
|turn|23
|
|t:|1779644898
|switch|p2a: ThiccThangWithBBL|Alomomola, F, tera:Ghost|64/100
|move|p1a: dihhh head|Earthquake|p2a: ThiccThangWithBBL
|-damage|p2a: ThiccThangWithBBL|40/100
|
|-damage|p1a: dihhh head|76/100|[from] item: Black Sludge
|upkeep
|turn|24
|
|t:|1779644904
|move|p1a: dihhh head|Earthquake|p2a: ThiccThangWithBBL
|-damage|p2a: ThiccThangWithBBL|17/100
|move|p2a: ThiccThangWithBBL|Flip Turn|p1a: dihhh head
|-supereffective|p1a: dihhh head
|-damage|p1a: dihhh head|57/100
|c|☆Blazingly Scorched|dih
|c|☆Blazingly Scorched|fih
|c|☆Blazingly Scorched|fih w that big ahh
|
|t:|1779644915
|switch|p2a: BigBlackCrownelius|Corviknight, M|100/100|[from] Flip Turn
|-damage|p2a: BigBlackCrownelius|88/100|[from] Stealth Rock
|-ability|p2a: BigBlackCrownelius|Pressure
|
|-heal|p2a: BigBlackCrownelius|94/100|[from] item: Leftovers
|-damage|p1a: dihhh head|44/100|[from] item: Black Sludge
|upkeep
|turn|25
|c|☆Blazingly Scorched|:)
|c|☆knoggerman|u reking my hole bro
|c|☆knoggerman|yr team counters mine sm
|
|t:|1779644940
|switch|p1a: dihhh rider|Gholdengo|38/100
|move|p2a: BigBlackCrownelius|U-turn|p1a: dihhh rider
|-resisted|p1a: dihhh rider
|-damage|p1a: dihhh rider|36/100
|c|☆Blazingly Scorched|U made my whole week and I made ur hole weak
|c|☆Blazingly Scorched|yeah
|
|t:|1779644949
|switch|p2a: TingTingTing Luhur|Ting-Lu|78/100|[from] U-turn
|-damage|p2a: TingTingTing Luhur|72/100|[from] Stealth Rock
|-ability|p2a: TingTingTing Luhur|Vessel of Ruin
|
|-heal|p1a: dihhh rider|42/100|[from] item: Leftovers
|upkeep
|turn|26
|
|t:|1779644957
|switch|p1a: dogggystyle|Zamazenta, shiny|53/100 brn
|move|p2a: TingTingTing Luhur|Ruination|p1a: dogggystyle
|-damage|p1a: dogggystyle|27/100 brn
|
|-heal|p1a: dogggystyle|33/100 brn|[from] item: Leftovers
|-damage|p1a: dogggystyle|27/100 brn|[from] brn
|upkeep
|turn|27
|
|t:|1779644961
|switch|p2a: ThiccThangWithBBL|Alomomola, F, tera:Ghost|50/100
|move|p1a: dogggystyle|Body Press|p2a: ThiccThangWithBBL
|-immune|p2a: ThiccThangWithBBL
|
|-heal|p1a: dogggystyle|33/100 brn|[from] item: Leftovers
|-damage|p1a: dogggystyle|27/100 brn|[from] brn
|upkeep
|turn|28
|
|t:|1779644966
|move|p1a: dogggystyle|Crunch|p2a: ThiccThangWithBBL
|-supereffective|p2a: ThiccThangWithBBL
|-damage|p2a: ThiccThangWithBBL|38/100
|move|p2a: ThiccThangWithBBL|Wish|p2a: ThiccThangWithBBL
|
|-heal|p1a: dogggystyle|33/100 brn|[from] item: Leftovers
|-damage|p1a: dogggystyle|27/100 brn|[from] brn
|upkeep
|turn|29
|c|☆Blazingly Scorched|js wanted to let u know
|c|☆Blazingly Scorched|that's av
|c|☆Blazingly Scorched|I was too tired of dengo
|c|☆knoggerman|av?
|c|☆Blazingly Scorched|assault vest ting lu
|
|t:|1779644992
|switch|p1a: dihhh rider|Gholdengo|42/100
|move|p2a: ThiccThangWithBBL|Protect||[still]
|-fail|p2a: ThiccThangWithBBL
|
|-heal|p2a: ThiccThangWithBBL|87/100|[from] move: Wish|[wisher] ThiccThangWithBBL
|-heal|p1a: dihhh rider|48/100|[from] item: Leftovers
|upkeep
|turn|30
|c|☆knoggerman|owh shi
|c|☆knoggerman|i didnt know
|c|☆knoggerman|still v new to this game
|c|☆Blazingly Scorched|+6 252 SpA Gholdengo Make It Rain vs. 168 HP / 252+ SpD Assault Vest Vessel of Ruin Ting-Lu: 331-391 (67.1 - 79.3%) -- guaranteed 2HKO
|c|☆Blazingly Scorched|here's a funny calc
|
|t:|1779645018
|switch|p2a: TingTingTing Luhur|Ting-Lu|72/100
|-damage|p2a: TingTingTing Luhur|66/100|[from] Stealth Rock
|-ability|p2a: TingTingTing Luhur|Vessel of Ruin
|move|p1a: dihhh rider|Shadow Ball|p2a: TingTingTing Luhur
|-resisted|p2a: TingTingTing Luhur
|-damage|p2a: TingTingTing Luhur|61/100
|
|-heal|p1a: dihhh rider|54/100|[from] item: Leftovers
|upkeep
|turn|31
|c|☆knoggerman|can i have yr team its so good
|c|☆Blazingly Scorched|alr
|c|☆Blazingly Scorched|https://pokepast.es/b33306767007ae5f
|c|☆knoggerman|thankts mate
|c|☆Blazingly Scorched|ur team's not bad tho
|c|☆Blazingly Scorched|np, yw mate
|c|☆Blazingly Scorched|I quite like ur team
|
|t:|1779645055
|move|p1a: dihhh rider|Nasty Plot|p1a: dihhh rider
|-boost|p1a: dihhh rider|spa|2
|move|p2a: TingTingTing Luhur|Earthquake|p1a: dihhh rider
|-supereffective|p1a: dihhh rider
|-damage|p1a: dihhh rider|0 fnt
|faint|p1a: dihhh rider
|
|upkeep
|c|☆knoggerman|my team js goons w me
|
|t:|1779645062
|switch|p1a: charlie kirk|Dragonite, M|100/100
|turn|32
|
|t:|1779645070
|switch|p2a: Raw Dawgy Style|Zamazenta|100/100
|-damage|p2a: Raw Dawgy Style|94/100|[from] Stealth Rock
|move|p1a: charlie kirk|Dragon Dance|p1a: charlie kirk
|-boost|p1a: charlie kirk|atk|1
|-boost|p1a: charlie kirk|spe|1
|
|upkeep
|turn|33
|c|☆Blazingly Scorched|mine too 🤣❤️
|c|☆Blazingly Scorched|how do I shoot him in the neck
|c|☆Blazingly Scorched|neck hurt
|
|t:|1779645086
|switch|p2a: BigBlackCrownelius|Corviknight, M|94/100
|-damage|p2a: BigBlackCrownelius|82/100|[from] Stealth Rock
|-ability|p2a: BigBlackCrownelius|Pressure
|move|p1a: charlie kirk|Dragon Dance|p1a: charlie kirk
|-boost|p1a: charlie kirk|atk|1
|-boost|p1a: charlie kirk|spe|1
|
|-heal|p2a: BigBlackCrownelius|88/100|[from] item: Leftovers
|upkeep
|turn|34
|c|☆Blazingly Scorched|alr I will stop
|
|t:|1779645095
|move|p1a: charlie kirk|Ice Spinner|p2a: BigBlackCrownelius
|-damage|p2a: BigBlackCrownelius|51/100
|move|p2a: BigBlackCrownelius|Brave Bird|p1a: charlie kirk
|-damage|p1a: charlie kirk|80/100
|-damage|p2a: BigBlackCrownelius|46/100|[from] Recoil
|
|-heal|p2a: BigBlackCrownelius|52/100|[from] item: Leftovers
|upkeep
|turn|35
|
|t:|1779645100
|move|p1a: charlie kirk|Dragon Dance|p1a: charlie kirk
|-boost|p1a: charlie kirk|atk|1
|-boost|p1a: charlie kirk|spe|1
|move|p2a: BigBlackCrownelius|Roost|p2a: BigBlackCrownelius
|-heal|p2a: BigBlackCrownelius|100/100
|-singleturn|p2a: BigBlackCrownelius|move: Roost
|
|upkeep
|turn|36
|
|t:|1779645104
|move|p1a: charlie kirk|Dragon Dance|p1a: charlie kirk
|-boost|p1a: charlie kirk|atk|1
|-boost|p1a: charlie kirk|spe|1
|move|p2a: BigBlackCrownelius|Brave Bird|p1a: charlie kirk
|-damage|p1a: charlie kirk|40/100
|-damage|p2a: BigBlackCrownelius|90/100|[from] Recoil
|
|-heal|p2a: BigBlackCrownelius|96/100|[from] item: Leftovers
|upkeep
|turn|37
|
|t:|1779645109
|move|p1a: charlie kirk|Ice Spinner|p2a: BigBlackCrownelius
|-damage|p2a: BigBlackCrownelius|34/100
|move|p2a: BigBlackCrownelius|Brave Bird|p1a: charlie kirk
|-damage|p1a: charlie kirk|0 fnt
|faint|p1a: charlie kirk
|-damage|p2a: BigBlackCrownelius|24/100|[from] Recoil
|
|-heal|p2a: BigBlackCrownelius|30/100|[from] item: Leftovers
|upkeep
|c|☆Blazingly Scorched|yo twin what happened
|
|t:|1779645115
|switch|p1a: dogggystyle|Zamazenta, shiny|27/100 brn
|turn|38
|
|t:|1779645120
|move|p1a: dogggystyle|Crunch|p2a: BigBlackCrownelius
|-damage|p2a: BigBlackCrownelius|23/100
|move|p2a: BigBlackCrownelius|Roost|p2a: BigBlackCrownelius
|-heal|p2a: BigBlackCrownelius|73/100
|-singleturn|p2a: BigBlackCrownelius|move: Roost
|
|-heal|p1a: dogggystyle|33/100 brn|[from] item: Leftovers
|-heal|p2a: BigBlackCrownelius|79/100|[from] item: Leftovers
|-damage|p1a: dogggystyle|27/100 brn|[from] brn
|upkeep
|turn|39
|c|☆knoggerman|why is my damage so lil
|c|☆knoggerman|to u
|c|☆Blazingly Scorched|lolll
|
|t:|1779645132
|move|p2a: BigBlackCrownelius|Defog|p1a: dogggystyle
|-unboost|p1a: dogggystyle|evasion|1
|-sideend|p2: Blazingly Scorched|Stealth Rock|[from] move: Defog|[of] p2a: BigBlackCrownelius
|move|p1a: dogggystyle|Roar|p2a: BigBlackCrownelius
|drag|p2a: TingTingTing Luhur|Ting-Lu|61/100
|-ability|p2a: TingTingTing Luhur|Vessel of Ruin
|
|-heal|p1a: dogggystyle|33/100 brn|[from] item: Leftovers
|-damage|p1a: dogggystyle|27/100 brn|[from] brn
|upkeep
|turn|40
|c|☆Blazingly Scorched|my bulk is too high
|
|t:|1779645144
|switch|p2a: ThiccThangWithBBL|Alomomola, F, tera:Ghost|100/100
|move|p1a: dogggystyle|Crunch|p2a: ThiccThangWithBBL
|-supereffective|p2a: ThiccThangWithBBL
|-damage|p2a: ThiccThangWithBBL|88/100
|-unboost|p2a: ThiccThangWithBBL|def|1
|
|-heal|p1a: dogggystyle|33/100 brn|[from] item: Leftovers
|-damage|p1a: dogggystyle|27/100 brn|[from] brn
|upkeep
|turn|41
|
|t:|1779645154
|move|p1a: dogggystyle|Iron Defense|p1a: dogggystyle
|-boost|p1a: dogggystyle|def|2
|move|p2a: ThiccThangWithBBL|Wish|p2a: ThiccThangWithBBL
|
|-heal|p1a: dogggystyle|33/100 brn|[from] item: Leftovers
|-damage|p1a: dogggystyle|27/100 brn|[from] brn
|upkeep
|turn|42
|
|t:|1779645160
|switch|p2a: TingTingTing Luhur|Ting-Lu|61/100
|-ability|p2a: TingTingTing Luhur|Vessel of Ruin
|move|p1a: dogggystyle|Iron Defense|p1a: dogggystyle
|-boost|p1a: dogggystyle|def|2
|
|-heal|p2a: TingTingTing Luhur|100/100|[from] move: Wish|[wisher] ThiccThangWithBBL
|-heal|p1a: dogggystyle|33/100 brn|[from] item: Leftovers
|-damage|p1a: dogggystyle|27/100 brn|[from] brn
|upkeep
|turn|43
|
|t:|1779645167
|switch|p2a: ThiccThangWithBBL|Alomomola, F, tera:Ghost|100/100
|move|p1a: dogggystyle|Body Press|p2a: ThiccThangWithBBL
|-immune|p2a: ThiccThangWithBBL
|
|-heal|p1a: dogggystyle|33/100 brn|[from] item: Leftovers
|-damage|p1a: dogggystyle|27/100 brn|[from] brn
|upkeep
|turn|44
|
|t:|1779645170
|move|p1a: dogggystyle|Iron Defense|p1a: dogggystyle
|-boost|p1a: dogggystyle|def|2
|move|p2a: ThiccThangWithBBL|Wish|p2a: ThiccThangWithBBL
|
|-heal|p1a: dogggystyle|33/100 brn|[from] item: Leftovers
|-damage|p1a: dogggystyle|27/100 brn|[from] brn
|upkeep
|turn|45
|
|t:|1779645174
|move|p2a: ThiccThangWithBBL|Flip Turn|p1a: dogggystyle
|-damage|p1a: dogggystyle|23/100 brn
|
|t:|1779645178
|switch|p2a: Raw Dawgy Style|Zamazenta|94/100|[from] Flip Turn
|move|p1a: dogggystyle|Roar|p2a: Raw Dawgy Style
|drag|p2a: TingTingTing Luhur|Ting-Lu|100/100
|-ability|p2a: TingTingTing Luhur|Vessel of Ruin
|
|-heal|p1a: dogggystyle|29/100 brn|[from] item: Leftovers
|-damage|p1a: dogggystyle|23/100 brn|[from] brn
|upkeep
|turn|46
|
|t:|1779645184
|switch|p2a: ThiccThangWithBBL|Alomomola, F, tera:Ghost|100/100
|move|p1a: dogggystyle|Roar|p2a: ThiccThangWithBBL
|drag|p2a: TheOriginalDragon|Kyurem|100/100
|-ability|p2a: TheOriginalDragon|Pressure
|
|-heal|p1a: dogggystyle|29/100 brn|[from] item: Leftovers
|-damage|p1a: dogggystyle|23/100 brn|[from] brn
|upkeep
|turn|47
|
|t:|1779645191
|switch|p2a: ThiccThangWithBBL|Alomomola, F, tera:Ghost|100/100
|move|p1a: dogggystyle|Crunch|p2a: ThiccThangWithBBL
|-supereffective|p2a: ThiccThangWithBBL
|-damage|p2a: ThiccThangWithBBL|88/100
|-unboost|p2a: ThiccThangWithBBL|def|1
|
|-heal|p1a: dogggystyle|29/100 brn|[from] item: Leftovers
|-damage|p1a: dogggystyle|23/100 brn|[from] brn
|upkeep
|turn|48
|
|t:|1779645196
|move|p1a: dogggystyle|Crunch|p2a: ThiccThangWithBBL
|-supereffective|p2a: ThiccThangWithBBL
|-damage|p2a: ThiccThangWithBBL|69/100
|move|p2a: ThiccThangWithBBL|Flip Turn|p1a: dogggystyle
|-damage|p1a: dogggystyle|20/100 brn
|
|t:|1779645202
|switch|p2a: BigBlackCrownelius|Corviknight, M|79/100|[from] Flip Turn
|-ability|p2a: BigBlackCrownelius|Pressure
|
|-heal|p1a: dogggystyle|26/100 brn|[from] item: Leftovers
|-heal|p2a: BigBlackCrownelius|85/100|[from] item: Leftovers
|-damage|p1a: dogggystyle|20/100 brn|[from] brn
|upkeep
|turn|49
|
|t:|1779645205
|switch|p2a: ThiccThangWithBBL|Alomomola, F, tera:Ghost|100/100
|move|p1a: dogggystyle|Body Press|p2a: ThiccThangWithBBL
|-immune|p2a: ThiccThangWithBBL
|
|-heal|p1a: dogggystyle|26/100 brn|[from] item: Leftovers
|-damage|p1a: dogggystyle|20/100 brn|[from] brn
|upkeep
|turn|50
|
|t:|1779645208
|move|p1a: dogggystyle|Crunch|p2a: ThiccThangWithBBL
|-supereffective|p2a: ThiccThangWithBBL
|-damage|p2a: ThiccThangWithBBL|87/100
|move|p2a: ThiccThangWithBBL|Flip Turn|p1a: dogggystyle
|-damage|p1a: dogggystyle|16/100 brn
|
|t:|1779645213
|switch|p2a: BigBlackCrownelius|Corviknight, M|85/100|[from] Flip Turn
|-ability|p2a: BigBlackCrownelius|Pressure
|
|-heal|p1a: dogggystyle|22/100 brn|[from] item: Leftovers
|-heal|p2a: BigBlackCrownelius|91/100|[from] item: Leftovers
|-damage|p1a: dogggystyle|16/100 brn|[from] brn
|upkeep
|turn|51
|c|☆knoggerman|end my sufferin like kirk
|
|t:|1779645224
|switch|p2a: ThiccThangWithBBL|Alomomola, F, tera:Ghost|100/100
|move|p1a: dogggystyle|Crunch|p2a: ThiccThangWithBBL
|-supereffective|p2a: ThiccThangWithBBL
|-damage|p2a: ThiccThangWithBBL|88/100
|-unboost|p2a: ThiccThangWithBBL|def|1
|
|-heal|p1a: dogggystyle|22/100 brn|[from] item: Leftovers
|-damage|p1a: dogggystyle|16/100 brn|[from] brn
|upkeep
|turn|52
|c|☆Blazingly Scorched|😭😭😭😭😭😭son😭😭😭😭😭😭 u don't 😭😭😭😭😭😭 know 😭😭😭😭😭 big kirk😭😭😭😭😭😭 like that
|
|t:|1779645270
|move|p1a: dogggystyle|Body Press|p2a: ThiccThangWithBBL
|-immune|p2a: ThiccThangWithBBL
|move|p2a: ThiccThangWithBBL|Flip Turn|p1a: dogggystyle
|-damage|p1a: dogggystyle|12/100 brn
|
|t:|1779645272
|switch|p2a: BigBlackCrownelius|Corviknight, M|91/100|[from] Flip Turn
|-ability|p2a: BigBlackCrownelius|Pressure
|
|-heal|p1a: dogggystyle|18/100 brn|[from] item: Leftovers
|-heal|p2a: BigBlackCrownelius|97/100|[from] item: Leftovers
|-damage|p1a: dogggystyle|12/100 brn|[from] brn
|upkeep
|turn|53
|
|t:|1779645275
|switch|p2a: ThiccThangWithBBL|Alomomola, F, tera:Ghost|100/100
|move|p1a: dogggystyle|Body Press|p2a: ThiccThangWithBBL
|-immune|p2a: ThiccThangWithBBL
|
|-heal|p1a: dogggystyle|18/100 brn|[from] item: Leftovers
|-damage|p1a: dogggystyle|12/100 brn|[from] brn
|upkeep
|turn|54
|
|t:|1779645278
|move|p1a: dogggystyle|Body Press|p2a: ThiccThangWithBBL
|-immune|p2a: ThiccThangWithBBL
|move|p2a: ThiccThangWithBBL|Flip Turn|p1a: dogggystyle
|-damage|p1a: dogggystyle|8/100 brn
|
|t:|1779645282
|switch|p2a: BigBlackCrownelius|Corviknight, M|97/100|[from] Flip Turn
|-ability|p2a: BigBlackCrownelius|Pressure
|
|-heal|p1a: dogggystyle|15/100 brn|[from] item: Leftovers
|-heal|p2a: BigBlackCrownelius|100/100|[from] item: Leftovers
|-damage|p1a: dogggystyle|8/100 brn|[from] brn
|upkeep
|turn|55
|
|t:|1779645284
|switch|p2a: ThiccThangWithBBL|Alomomola, F, tera:Ghost|100/100
|move|p1a: dogggystyle|Body Press|p2a: ThiccThangWithBBL
|-immune|p2a: ThiccThangWithBBL
|
|-heal|p1a: dogggystyle|15/100 brn|[from] item: Leftovers
|-damage|p1a: dogggystyle|8/100 brn|[from] brn
|upkeep
|turn|56
|
|t:|1779645289
|move|p1a: dogggystyle|Body Press|p2a: ThiccThangWithBBL
|-immune|p2a: ThiccThangWithBBL
|move|p2a: ThiccThangWithBBL|Wish|p2a: ThiccThangWithBBL
|
|-heal|p1a: dogggystyle|15/100 brn|[from] item: Leftovers
|-damage|p1a: dogggystyle|8/100 brn|[from] brn
|upkeep
|turn|57
|
|t:|1779645292
|move|p1a: dogggystyle|Body Press|p2a: ThiccThangWithBBL
|-immune|p2a: ThiccThangWithBBL
|move|p2a: ThiccThangWithBBL|Flip Turn|p1a: dogggystyle
|-damage|p1a: dogggystyle|5/100 brn
|
|t:|1779645294
|switch|p2a: Raw Dawgy Style|Zamazenta|94/100|[from] Flip Turn
|
|-heal|p2a: Raw Dawgy Style|100/100|[from] move: Wish|[wisher] ThiccThangWithBBL
|-heal|p1a: dogggystyle|11/100 brn|[from] item: Leftovers
|-damage|p1a: dogggystyle|5/100 brn|[from] brn
|upkeep
|turn|58
|
|t:|1779645296
|switch|p2a: DownSyndromeShawty|Slowking-Galar, F|100/100
|move|p1a: dogggystyle|Body Press|p2a: DownSyndromeShawty
|-resisted|p2a: DownSyndromeShawty
|-damage|p2a: DownSyndromeShawty|80/100
|
|-heal|p1a: dogggystyle|11/100 brn|[from] item: Leftovers
|-heal|p2a: DownSyndromeShawty|86/100|[from] item: Leftovers
|-damage|p1a: dogggystyle|5/100 brn|[from] brn
|upkeep
|turn|59
|c|☆Blazingly Scorched|so like my team is back up to full
|
|t:|1779645305
|move|p1a: dogggystyle|Body Press|p2a: DownSyndromeShawty
|-resisted|p2a: DownSyndromeShawty
|-damage|p2a: DownSyndromeShawty|66/100
|-prepare|p2a: DownSyndromeShawty|Chilly Reception|[premajor]
|move|p2a: DownSyndromeShawty|Chilly Reception|p2a: DownSyndromeShawty
|-weather|Snowscape
|
|t:|1779645308
|switch|p2a: ThiccThangWithBBL|Alomomola, F, tera:Ghost|100/100|[from] Chilly Reception
|
|-weather|Snowscape|[upkeep]
|-heal|p1a: dogggystyle|11/100 brn|[from] item: Leftovers
|-damage|p1a: dogggystyle|5/100 brn|[from] brn
|upkeep
|turn|60
|c|☆knoggerman|dis shi sum humilation kink
|c|☆knoggerman|never been so humbled
|c|☆knoggerman|at least its by a cool dude
|
|t:|1779645331
|move|p1a: dogggystyle|Body Press|p2a: ThiccThangWithBBL
|-immune|p2a: ThiccThangWithBBL
|move|p2a: ThiccThangWithBBL|Flip Turn|p1a: dogggystyle
|-damage|p1a: dogggystyle|2/100 brn
|
|t:|1779645337
|switch|p2a: DownSyndromeShawty|Slowking-Galar, F|99/100|[from] Flip Turn
|
|-weather|Snowscape|[upkeep]
|-heal|p1a: dogggystyle|8/100 brn|[from] item: Leftovers
|-heal|p2a: DownSyndromeShawty|100/100|[from] item: Leftovers
|-damage|p1a: dogggystyle|2/100 brn|[from] brn
|upkeep
|turn|61
|
|t:|1779645353
|switch|p2a: ThiccThangWithBBL|Alomomola, F, tera:Ghost|100/100
|move|p1a: dogggystyle|Body Press|p2a: ThiccThangWithBBL
|-immune|p2a: ThiccThangWithBBL
|
|-weather|Snowscape|[upkeep]
|-heal|p1a: dogggystyle|8/100 brn|[from] item: Leftovers
|-damage|p1a: dogggystyle|2/100 brn|[from] brn
|upkeep
|turn|62
|n|!Blazingly Scorched|blazinglyscorched
|
|t:|1779645404
|move|p1a: dogggystyle|Crunch|p2a: ThiccThangWithBBL
|-supereffective|p2a: ThiccThangWithBBL
|-damage|p2a: ThiccThangWithBBL|86/100
|move|p2a: ThiccThangWithBBL|Flip Turn|p1a: dogggystyle
|-damage|p1a: dogggystyle|0 fnt
|faint|p1a: dogggystyle
|
|t:|1779645406
|switch|p2a: Raw Dawgy Style|Zamazenta|100/100|[from] Flip Turn
|
|-weather|Snowscape|[upkeep]
|upkeep
|
|t:|1779645413
|switch|p1a: dihhh head|Ting-Lu|44/100
|-ability|p1a: dihhh head|Vessel of Ruin
|turn|63
|
|t:|1779645417
|move|p2a: Raw Dawgy Style|Close Combat|p1a: dihhh head
|-supereffective|p1a: dihhh head
|-crit|p1a: dihhh head
|-damage|p1a: dihhh head|0 fnt
|-unboost|p2a: Raw Dawgy Style|def|1
|-unboost|p2a: Raw Dawgy Style|spd|1
|faint|p1a: dihhh head
|-damage|p2a: Raw Dawgy Style|91/100|[from] item: Life Orb
|
|-weather|none
|upkeep
|
|t:|1779645420
|switch|p1a: p diddy|Kingambit, M|100/100
|-activate|p1a: p diddy|ability: Supreme Overlord
|-start|p1a: p diddy|fallen5|[silent]
|turn|64
|
|t:|1779645427
|move|p2a: Raw Dawgy Style|Close Combat|p1a: p diddy
|-supereffective|p1a: p diddy
|-damage|p1a: p diddy|0 fnt
|-unboost|p2a: Raw Dawgy Style|def|1
|-unboost|p2a: Raw Dawgy Style|spd|1
|faint|p1a: p diddy
|-end|p1a: p diddy|fallen5|[silent]
|-damage|p2a: Raw Dawgy Style|81/100|[from] item: Life Orb
|
|win|Blazingly Scorched
