|j|☆lostexits
|j|☆serpico XD
|t:|1779616680
|gametype|singles
|player|p1|lostexits|170|1329
|player|p2|serpico XD|blue|1362
|gen|9
|tier|[Gen 9] OU
|rated|
|rule|HP Percentage Mod: HP is shown in percentages
|rule|Endless Battle Clause: Forcing endless battles is banned
|rule|Species Clause: Limit one of each Pokémon
|rule|OHKO Clause: OHKO moves are banned
|rule|Evasion Items Clause: Evasion items are banned
|rule|Evasion Moves Clause: Evasion moves are banned
|rule|Evasion Abilities Clause: Evasion abilities are banned
|rule|Sleep Moves Clause: Sleep-inducing moves are banned
|clearpoke
|poke|p1|Arcanine-Hisui, M|
|poke|p1|Noivern, F|
|poke|p1|Zoroark-Hisui, F|
|poke|p1|Ogerpon-Wellspring, F|
|poke|p1|Jolteon, F|
|poke|p1|Corviknight, M|
|poke|p2|Regieleki|
|poke|p2|Cinderace, M|
|poke|p2|Meowscarada, F|
|poke|p2|Primarina, F|
|poke|p2|Corviknight, F|
|poke|p2|Iron Valiant|
|teampreview
|inactive|Battle timer is ON: inactive players will automatically lose when time's up. (requested by lostexits)
|c|☆serpico XD|glhf
|
|t:|1779616706
|teamsize|p1|6
|teamsize|p2|6
|start
|switch|p1a: Jolteon|Jolteon, F|100/100
|switch|p2a: Meowscarada|Meowscarada, F|100/100
|turn|1
|
|t:|1779616714
|move|p1a: Jolteon|Alluring Voice|p2a: Meowscarada
|-supereffective|p2a: Meowscarada
|-damage|p2a: Meowscarada|0 fnt
|faint|p2a: Meowscarada
|
|upkeep
|
|t:|1779616718
|switch|p2a: Cinderace|Cinderace, M|100/100
|turn|2
|
|t:|1779616725
|switch|p1a: Noivern|Noivern, F|100/100
|-item|p2a: Cinderace|Heavy-Duty Boots|[from] ability: Frisk|[of] p1a: Noivern
|move|p2a: Cinderace|Pyro Ball|p1a: Noivern
|-resisted|p1a: Noivern
|-damage|p1a: Noivern|63/100
|
|upkeep
|turn|3
|
|t:|1779616734
|move|p1a: Noivern|Psychic Noise|p2a: Cinderace
|-damage|p2a: Cinderace|68/100
|-start|p2a: Cinderace|move: Heal Block
|move|p2a: Cinderace|Gunk Shot|p1a: Noivern
|-start|p2a: Cinderace|typechange|Poison|[from] ability: Libero
|-damage|p1a: Noivern|0 fnt
|faint|p1a: Noivern
|
|upkeep
|
|t:|1779616744
|switch|p1a: Jolteon|Jolteon, F|100/100
|turn|4
|
|t:|1779616748
|move|p2a: Cinderace|Sucker Punch|p1a: Jolteon
|-damage|p1a: Jolteon|55/100
|move|p1a: Jolteon|Thunderbolt|p2a: Cinderace
|-damage|p2a: Cinderace|0 fnt
|faint|p2a: Cinderace
|
|upkeep
|
|t:|1779616755
|switch|p2a: Regieleki|Regieleki, shiny|100/100
|turn|5
|
|t:|1779616759
|move|p2a: Regieleki|Extreme Speed|p1a: Jolteon
|-damage|p1a: Jolteon|22/100
|move|p1a: Jolteon|Thunderbolt|p2a: Regieleki
|-resisted|p2a: Regieleki
|-damage|p2a: Regieleki|44/100
|
|upkeep
|turn|6
|
|t:|1779616765
|switch|p1a: Corviknight|Corviknight, M|100/100
|move|p2a: Regieleki|Extreme Speed|p1a: Corviknight
|-resisted|p1a: Corviknight
|-damage|p1a: Corviknight|92/100
|-damage|p2a: Regieleki|27/100|[from] item: Rocky Helmet|[of] p1a: Corviknight
|
|upkeep
|turn|7
|
|t:|1779616773
|switch|p1a: Jolteon|Jolteon, F|22/100
|move|p2a: Regieleki|Thunderbolt|p1a: Jolteon
|-heal|p1a: Jolteon|47/100|[from] ability: Volt Absorb|[of] p2a: Regieleki
|
|upkeep
|turn|8
|
|t:|1779616779
|move|p2a: Regieleki|Extreme Speed|p1a: Jolteon
|-damage|p1a: Jolteon|13/100
|move|p1a: Jolteon|Thunderbolt|p2a: Regieleki
|-resisted|p2a: Regieleki
|-damage|p2a: Regieleki|0 fnt
|faint|p2a: Regieleki
|
|upkeep
|
|t:|1779616783
|switch|p2a: Iron Valiant|Iron Valiant, shiny|100/100
|-enditem|p2a: Iron Valiant|Booster Energy
|-activate|p2a: Iron Valiant|ability: Quark Drive|[fromitem]
|-start|p2a: Iron Valiant|quarkdrivespe
|turn|9
|
|t:|1779616786
|switch|p1a: Corviknight|Corviknight, M|92/100
|move|p2a: Iron Valiant|Moonblast|p1a: Corviknight
|-resisted|p1a: Corviknight
|-damage|p1a: Corviknight|76/100
|
|upkeep
|turn|10
|
|t:|1779616791
|move|p2a: Iron Valiant|Calm Mind|p2a: Iron Valiant
|-boost|p2a: Iron Valiant|spa|1
|-boost|p2a: Iron Valiant|spd|1
|move|p1a: Corviknight|Iron Defense|p1a: Corviknight
|-boost|p1a: Corviknight|def|2
|
|upkeep
|turn|11
|
|t:|1779616794
|move|p2a: Iron Valiant|Aura Sphere|p1a: Corviknight
|-damage|p1a: Corviknight|36/100
|move|p1a: Corviknight|Brave Bird|p2a: Iron Valiant
|-supereffective|p2a: Iron Valiant
|-damage|p2a: Iron Valiant|0 fnt
|faint|p2a: Iron Valiant
|-end|p2a: Iron Valiant|Quark Drive|[silent]
|-damage|p1a: Corviknight|12/100|[from] Recoil
|
|upkeep
|
|t:|1779616799
|switch|p2a: Primarina|Primarina, F|100/100
|turn|12
|
|t:|1779616804
|move|p1a: Corviknight|Roost|p1a: Corviknight
|-heal|p1a: Corviknight|62/100
|-singleturn|p1a: Corviknight|move: Roost
|move|p2a: Primarina|Hyper Voice|p1a: Corviknight
|-damage|p1a: Corviknight|24/100
|
|upkeep
|turn|13
|
|t:|1779616810
|switch|p1a: Ogerpon|Ogerpon-Wellspring, F|100/100
|move|p2a: Primarina|Hyper Voice|p1a: Ogerpon
|-immune|p1a: Ogerpon|[from] ability: Water Absorb
|
|upkeep
|turn|14
|
|t:|1779616815
|switch|p2a: Corviknight|Corviknight, F, shiny|100/100
|move|p1a: Ogerpon|Swords Dance|p1a: Ogerpon
|-boost|p1a: Ogerpon|atk|2
|
|upkeep
|turn|15
|
|t:|1779616818
|move|p1a: Ogerpon|Ivy Cudgel|p2a: Corviknight|[anim] Ivy Cudgel Water
|-damage|p2a: Corviknight|34/100
|move|p2a: Corviknight|U-turn|p1a: Ogerpon
|-supereffective|p1a: Ogerpon
|-damage|p1a: Ogerpon|60/100
|-message|serpico XD forfeited.
|
|win|lostexits
|raw|lostexits's rating: 1329 &rarr; <strong>1351</strong><br />(+22 for winning)
|raw|serpico XD's rating: 1362 &rarr; <strong>1340</strong><br />(-22 for losing)
|l|☆serpico XD
|player|p2|
|l|☆lostexits
|player|p1|
