|j|☆gogginsaad
|j|☆dopeloveguccimane
|t:|1779703871
|gametype|singles
|player|p1|gogginsaad|1|1274
|player|p2|dopeloveguccimane|misty-gen1|1275
|gen|9
|tier|[Gen 9] OU
|rated|
|rule|HP Percentage Mod: HP is shown in percentages
|rule|Endless Battle Clause: Forcing endless battles is banned
|rule|Species Clause: Limit one of each Pokémon
|rule|OHKO Clause: OHKO moves are banned
|rule|Evasion Items Clause: Evasion items are banned
|rule|Evasion Moves Clause: Evasion moves are banned
|rule|Evasion Abilities Clause: Evasion abilities are banned
|rule|Sleep Moves Clause: Sleep-inducing moves are banned
|clearpoke
|poke|p1|Kingambit, M|
|poke|p1|Keldeo-Resolute|
|poke|p1|Cinderace, F|
|poke|p1|Grimmsnarl, M|
|poke|p1|Metagross|
|poke|p1|Serperior, F|
|poke|p2|Pelipper, M|
|poke|p2|Raging Bolt|
|poke|p2|Overqwil, M|
|poke|p2|Barraskewda, M|
|poke|p2|Iron Treads|
|poke|p2|Kingambit, F|
|teampreview
|inactive|Battle timer is ON: inactive players will automatically lose when time's up. (requested by gogginsaad)
|
|t:|1779703880
|teamsize|p1|6
|teamsize|p2|6
|start
|switch|p1a: Grimmsnarl|Grimmsnarl, M, shiny|100/100
|switch|p2a: elephant|Iron Treads|100/100
|-enditem|p2a: elephant|Booster Energy
|-activate|p2a: elephant|ability: Quark Drive|[fromitem]
|-start|p2a: elephant|quarkdrivespe
|turn|1
|
|t:|1779703908
|move|p1a: Grimmsnarl|Light Screen|p1a: Grimmsnarl
|-sidestart|p1: gogginsaad|move: Light Screen
|move|p2a: elephant|Steel Beam|p1a: Grimmsnarl
|-supereffective|p1a: Grimmsnarl
|-damage|p1a: Grimmsnarl|62/100
|-damage|p2a: elephant|50/100|[from] steelbeam
|
|upkeep
|turn|2
|inactive|dopeloveguccimane has 120 seconds left.
|
|t:|1779703947
|move|p1a: Grimmsnarl|Reflect|p1a: Grimmsnarl
|-sidestart|p1: gogginsaad|Reflect
|move|p2a: elephant|Stealth Rock|p1a: Grimmsnarl
|-sidestart|p1: gogginsaad|move: Stealth Rock
|
|upkeep
|turn|3
|
|t:|1779703953
|move|p2a: elephant|Rapid Spin|p1a: Grimmsnarl
|-crit|p1a: Grimmsnarl
|-damage|p1a: Grimmsnarl|42/100
|-boost|p2a: elephant|spe|1
|move|p1a: Grimmsnarl|Spirit Break|p2a: elephant
|-resisted|p2a: elephant
|-damage|p2a: elephant|38/100
|-unboost|p2a: elephant|spa|1
|
|upkeep
|turn|4
|
|t:|1779703963
|move|p2a: elephant|Earth Power|p1a: Grimmsnarl
|-damage|p1a: Grimmsnarl|34/100
|move|p1a: Grimmsnarl|Spirit Break|p2a: elephant
|-resisted|p2a: elephant
|-damage|p2a: elephant|24/100
|-unboost|p2a: elephant|spa|1
|
|upkeep
|turn|5
|
|t:|1779703972
|move|p2a: elephant|Rapid Spin|p1a: Grimmsnarl
|-damage|p1a: Grimmsnarl|27/100
|-boost|p2a: elephant|spe|1
|move|p1a: Grimmsnarl|Spirit Break|p2a: elephant
|-resisted|p2a: elephant
|-damage|p2a: elephant|10/100
|-unboost|p2a: elephant|spa|1
|
|upkeep
|turn|6
|
|t:|1779703978
|move|p2a: elephant|Steel Beam|p1a: Grimmsnarl
|-supereffective|p1a: Grimmsnarl
|-damage|p1a: Grimmsnarl|10/100
|-damage|p2a: elephant|0 fnt|[from] steelbeam
|faint|p2a: elephant
|-end|p2a: elephant|Quark Drive|[silent]
|move|p1a: Grimmsnarl|Spirit Break|p2: elephant|[notarget]
|-fail|p1a: Grimmsnarl
|
|upkeep
|
|t:|1779703980
|switch|p2a: goy|Pelipper, M|100/100
|-weather|RainDance|[from] ability: Drizzle|[of] p2a: goy
|turn|7
|
|t:|1779703984
|move|p1a: Grimmsnarl|Parting Shot|p2a: goy
|-unboost|p2a: goy|atk|1
|-unboost|p2a: goy|spa|1
|
|t:|1779703987
|switch|p1a: Keldeo|Keldeo-Resolute|100/100|[from] Parting Shot
|move|p2a: goy|U-turn|p1a: Keldeo
|-resisted|p1a: Keldeo
|-damage|p1a: Keldeo|99/100
|
|t:|1779703993
|switch|p2a: bird|Raging Bolt|100/100|[from] U-turn
|-enditem|p2a: bird|Booster Energy
|-activate|p2a: bird|ability: Protosynthesis|[fromitem]
|-start|p2a: bird|protosynthesisspa
|
|-weather|RainDance|[upkeep]
|upkeep
|turn|8
|
|t:|1779704000
|-terastallize|p1a: Keldeo|Ice
|move|p1a: Keldeo|Icy Wind|p2a: bird
|-supereffective|p2a: bird
|-damage|p2a: bird|46/100
|-unboost|p2a: bird|spe|1
|move|p2a: bird|Thunder|p1a: Keldeo
|-damage|p1a: Keldeo|50/100
|
|-weather|RainDance|[upkeep]
|-sideend|p1: gogginsaad|move: Light Screen
|upkeep
|turn|9
|
|t:|1779704010
|-end|p2a: bird|Protosynthesis|[silent]
|switch|p2a: Kingambit|Kingambit, F|100/100
|-activate|p2a: Kingambit|ability: Supreme Overlord
|-start|p2a: Kingambit|fallen1|[silent]
|move|p1a: Keldeo|Icy Wind|p2a: Kingambit
|-resisted|p2a: Kingambit
|-damage|p2a: Kingambit|85/100
|-unboost|p2a: Kingambit|spe|1
|
|-weather|RainDance|[upkeep]
|-heal|p2a: Kingambit|92/100|[from] item: Leftovers
|-sideend|p1: gogginsaad|Reflect
|upkeep
|turn|10
|
|t:|1779704015
|move|p2a: Kingambit|Sucker Punch|p1a: Keldeo
|-damage|p1a: Keldeo|0 fnt
|faint|p1a: Keldeo
|
|-weather|RainDance|[upkeep]
|-heal|p2a: Kingambit|98/100|[from] item: Leftovers
|upkeep
|c|☆dopeloveguccimane|nice tech
|
|t:|1779704019
|switch|p1a: Grimmsnarl|Grimmsnarl, M, shiny|10/100
|-damage|p1a: Grimmsnarl|0 fnt|[from] Stealth Rock
|faint|p1a: Grimmsnarl
|
|t:|1779704021
|switch|p1a: Cinderace|Cinderace, F, shiny|100/100
|turn|11
|
|t:|1779704026
|-end|p2a: Kingambit|fallen1|[silent]
|switch|p2a: fast fish|Barraskewda, M, shiny|100/100
|move|p1a: Cinderace|Pyro Ball|p2a: fast fish
|-resisted|p2a: fast fish
|-damage|p2a: fast fish|75/100
|
|-weather|RainDance|[upkeep]
|upkeep
|turn|12
|
|t:|1779704030
|move|p1a: Cinderace|Sucker Punch|p2a: fast fish
|-start|p1a: Cinderace|typechange|Dark|[from] ability: Libero
|-damage|p2a: fast fish|5/100
|move|p2a: fast fish|Flip Turn|p1a: Cinderace
|-damage|p1a: Cinderace|0 fnt
|faint|p1a: Cinderace
|
|t:|1779704032
|switch|p2a: gunk shot miss|Overqwil, M|100/100|[from] Flip Turn
|
|-weather|RainDance|[upkeep]
|upkeep
|
|t:|1779704038
|switch|p1a: Metagross|Metagross, shiny|100/100
|-damage|p1a: Metagross|95/100|[from] Stealth Rock
|turn|13
|inactive|dopeloveguccimane has 120 seconds left.
|
|t:|1779704073
|move|p2a: gunk shot miss|Crunch|p1a: Metagross
|-supereffective|p1a: Metagross
|-damage|p1a: Metagross|0 fnt
|faint|p1a: Metagross
|-damage|p2a: gunk shot miss|91/100|[from] item: Life Orb
|
|-weather|RainDance|[upkeep]
|upkeep
|
|t:|1779704079
|switch|p1a: Serperior|Serperior, F, shiny|100/100
|-damage|p1a: Serperior|88/100|[from] Stealth Rock
|turn|14
|
|t:|1779704081
|move|p2a: gunk shot miss|Gunk Shot|p1a: Serperior
|-supereffective|p1a: Serperior
|-damage|p1a: Serperior|0 fnt
|faint|p1a: Serperior
|-damage|p2a: gunk shot miss|81/100|[from] item: Life Orb
|
|-weather|none
|upkeep
|
|t:|1779704083
|switch|p1a: Kingambit|Kingambit, M, shiny|100/100
|-damage|p1a: Kingambit|94/100|[from] Stealth Rock
|-activate|p1a: Kingambit|ability: Supreme Overlord
|-start|p1a: Kingambit|fallen5|[silent]
|turn|15
|
|t:|1779704085
|move|p2a: gunk shot miss|Swords Dance|p2a: gunk shot miss
|-boost|p2a: gunk shot miss|atk|2
|move|p1a: Kingambit|Swords Dance|p1a: Kingambit
|-boost|p1a: Kingambit|atk|2
|
|-heal|p1a: Kingambit|100/100|[from] item: Leftovers
|upkeep
|turn|16
|
|t:|1779704087
|move|p1a: Kingambit|Sucker Punch|p2a: gunk shot miss
|-resisted|p2a: gunk shot miss
|-damage|p2a: gunk shot miss|13/100
|move|p2a: gunk shot miss|Liquidation|p1a: Kingambit
|-damage|p1a: Kingambit|41/100
|-damage|p2a: gunk shot miss|3/100|[from] item: Life Orb
|
|-heal|p1a: Kingambit|48/100|[from] item: Leftovers
|upkeep
|turn|17
|
|t:|1779704091
|move|p1a: Kingambit|Sucker Punch|p2a: gunk shot miss
|-resisted|p2a: gunk shot miss
|-damage|p2a: gunk shot miss|0 fnt
|faint|p2a: gunk shot miss
|
|-heal|p1a: Kingambit|54/100|[from] item: Leftovers
|upkeep
|
|t:|1779704093
|switch|p2a: goy|Pelipper, M|100/100
|-weather|RainDance|[from] ability: Drizzle|[of] p2a: goy
|turn|18
|
|t:|1779704096
|move|p1a: Kingambit|Sucker Punch|p2a: goy
|-damage|p2a: goy|11/100
|move|p2a: goy|Weather Ball|p1a: Kingambit
|-damage|p1a: Kingambit|10/100
|
|-weather|RainDance|[upkeep]
|-heal|p1a: Kingambit|16/100|[from] item: Leftovers
|upkeep
|turn|19
|
|t:|1779704107
|move|p1a: Kingambit|Sucker Punch|p2a: goy
|-damage|p2a: goy|0 fnt
|faint|p2a: goy
|
|-weather|RainDance|[upkeep]
|-heal|p1a: Kingambit|22/100|[from] item: Leftovers
|upkeep
|inactive|dopeloveguccimane has 120 seconds left.
|
|t:|1779704135
|switch|p2a: fast fish|Barraskewda, M, shiny|5/100
|turn|20
|
|t:|1779704144
|move|p2a: fast fish|Aqua Jet|p1a: Kingambit
|-damage|p1a: Kingambit|0 fnt
|faint|p1a: Kingambit
|-end|p1a: Kingambit|fallen5|[silent]
|
|win|dopeloveguccimane
|raw|gogginsaad's rating: 1274 &rarr; <strong>1249</strong><br />(-25 for losing)
|raw|dopeloveguccimane's rating: 1275 &rarr; <strong>1300</strong><br />(+25 for winning)
|l|☆gogginsaad
|player|p1|
|l|☆dopeloveguccimane
|player|p2|
