|j|☆PRUU1 ☆ g4ltxyzn ☆
|j|☆Hi672948328
|t:|1779590566
|gametype|singles
|player|p1|PRUU1 ☆ g4ltxyzn ☆|leon-masters|1190
|player|p2|Hi672948328|170|1200
|gen|9
|tier|[Gen 9] OU
|rated|
|rule|HP Percentage Mod: HP is shown in percentages
|rule|Endless Battle Clause: Forcing endless battles is banned
|rule|Species Clause: Limit one of each Pokémon
|rule|OHKO Clause: OHKO moves are banned
|rule|Evasion Items Clause: Evasion items are banned
|rule|Evasion Moves Clause: Evasion moves are banned
|rule|Evasion Abilities Clause: Evasion abilities are banned
|rule|Sleep Moves Clause: Sleep-inducing moves are banned
|clearpoke
|poke|p1|Dragonite, M|
|poke|p1|Tornadus-Therian, M|
|poke|p1|Pecharunt|
|poke|p1|Ting-Lu|
|poke|p1|Hatterene, F|
|poke|p1|Ogerpon-Wellspring, F|
|poke|p2|Tornadus-Therian, M|
|poke|p2|Ting-Lu|
|poke|p2|Gholdengo|
|poke|p2|Iron Valiant|
|poke|p2|Pecharunt|
|poke|p2|Ogerpon-Wellspring, F|
|teampreview
|
|t:|1779590588
|teamsize|p1|6
|teamsize|p2|6
|start
|switch|p1a: piroca ambulante|Hatterene, F|100/100
|switch|p2a: Ting-Lu|Ting-Lu|100/100
|-ability|p2a: Ting-Lu|Vessel of Ruin
|turn|1
|
|t:|1779590604
|move|p2a: Ting-Lu|Spikes|p1a: piroca ambulante
|move|p1a: piroca ambulante|Spikes|p2a: Ting-Lu|[from] ability: Magic Bounce
|-sidestart|p2: Hi672948328|Spikes
|move|p1a: piroca ambulante|Draining Kiss|p2a: Ting-Lu
|-supereffective|p2a: Ting-Lu
|-damage|p2a: Ting-Lu|81/100
|
|-heal|p2a: Ting-Lu|88/100|[from] item: Leftovers
|upkeep
|turn|2
|
|t:|1779590623
|switch|p2a: Pecharunt|Pecharunt|100/100
|move|p1a: piroca ambulante|Draining Kiss|p2a: Pecharunt
|-resisted|p2a: Pecharunt
|-damage|p2a: Pecharunt|89/100
|
|upkeep
|turn|3
|
|t:|1779590634
|switch|p1a: rhyno picudo|Ting-Lu, shiny|100/100
|-ability|p1a: rhyno picudo|Vessel of Ruin
|move|p2a: Pecharunt|Shadow Ball|p1a: rhyno picudo
|-resisted|p1a: rhyno picudo
|-damage|p1a: rhyno picudo|93/100
|
|-heal|p1a: rhyno picudo|99/100|[from] item: Leftovers
|upkeep
|turn|4
|
|t:|1779590649
|move|p2a: Pecharunt|Parting Shot|p1a: rhyno picudo
|-unboost|p1a: rhyno picudo|atk|1
|-unboost|p1a: rhyno picudo|spa|1
|
|t:|1779590665
|switch|p2a: Gholdengo|Gholdengo|100/100|[from] Parting Shot
|-item|p2a: Gholdengo|Air Balloon
|move|p1a: rhyno picudo|Ruination|p2a: Gholdengo
|-damage|p2a: Gholdengo|51/100
|-enditem|p2a: Gholdengo|Air Balloon
|
|-heal|p1a: rhyno picudo|100/100|[from] item: Leftovers
|upkeep
|turn|5
|
|t:|1779590682
|move|p2a: Gholdengo|Nasty Plot|p2a: Gholdengo
|-boost|p2a: Gholdengo|spa|2
|move|p1a: rhyno picudo|Earthquake|p2a: Gholdengo
|-supereffective|p2a: Gholdengo
|-damage|p2a: Gholdengo|0 fnt
|faint|p2a: Gholdengo
|
|upkeep
|
|t:|1779590692
|switch|p2a: Tornadus|Tornadus-Therian, M|100/100
|turn|6
|
|t:|1779590749
|move|p2a: Tornadus|U-turn|p1a: rhyno picudo
|-supereffective|p1a: rhyno picudo
|-damage|p1a: rhyno picudo|84/100
|
|t:|1779590757
|switch|p2a: Ting-Lu|Ting-Lu|88/100|[from] U-turn
|-damage|p2a: Ting-Lu|75/100|[from] Spikes
|-ability|p2a: Ting-Lu|Vessel of Ruin
|move|p1a: rhyno picudo|Ruination|p2a: Ting-Lu
|-damage|p2a: Ting-Lu|38/100
|
|-heal|p2a: Ting-Lu|44/100|[from] item: Leftovers
|-heal|p1a: rhyno picudo|90/100|[from] item: Leftovers
|upkeep
|turn|7
|
|t:|1779590769
|move|p2a: Ting-Lu|Ruination|p1a: rhyno picudo
|-damage|p1a: rhyno picudo|45/100
|move|p1a: rhyno picudo|Ruination|p2a: Ting-Lu
|-damage|p2a: Ting-Lu|22/100
|
|-heal|p2a: Ting-Lu|29/100|[from] item: Leftovers
|-heal|p1a: rhyno picudo|51/100|[from] item: Leftovers
|upkeep
|turn|8
|
|t:|1779590779
|move|p1a: rhyno picudo|Ruination|p2a: Ting-Lu
|-damage|p2a: Ting-Lu|15/100
|move|p2a: Ting-Lu|Spikes|p1a: rhyno picudo
|-sidestart|p1: PRUU1 ☆ g4ltxyzn ☆|Spikes
|
|-heal|p1a: rhyno picudo|58/100|[from] item: Leftovers
|-heal|p2a: Ting-Lu|21/100|[from] item: Leftovers
|upkeep
|turn|9
|
|t:|1779590789
|move|p1a: rhyno picudo|Earthquake|p2a: Ting-Lu
|-damage|p2a: Ting-Lu|1/100
|move|p2a: Ting-Lu|Whirlwind|p1a: rhyno picudo
|drag|p1a: jacare bem dotado|Dragonite, M, shiny|100/100
|
|-heal|p2a: Ting-Lu|8/100|[from] item: Leftovers
|upkeep
|turn|10
|
|t:|1779590799
|move|p1a: jacare bem dotado|Earthquake|p2a: Ting-Lu
|-damage|p2a: Ting-Lu|0 fnt
|faint|p2a: Ting-Lu
|
|upkeep
|
|t:|1779590808
|switch|p2a: Tornadus|Tornadus-Therian, M|100/100
|turn|11
|
|t:|1779590812
|move|p2a: Tornadus|Knock Off|p1a: jacare bem dotado
|-damage|p1a: jacare bem dotado|91/100
|-enditem|p1a: jacare bem dotado|Heavy-Duty Boots|[from] move: Knock Off|[of] p2a: Tornadus
|move|p1a: jacare bem dotado|Dragon Dance|p1a: jacare bem dotado
|-boost|p1a: jacare bem dotado|atk|1
|-boost|p1a: jacare bem dotado|spe|1
|
|upkeep
|turn|12
|
|t:|1779590823
|move|p2a: Tornadus|U-turn|p1a: jacare bem dotado
|-resisted|p1a: jacare bem dotado
|-damage|p1a: jacare bem dotado|85/100
|
|t:|1779590828
|switch|p2a: Pecharunt|Pecharunt|89/100|[from] U-turn
|move|p1a: jacare bem dotado|Dragon Dance|p1a: jacare bem dotado
|-boost|p1a: jacare bem dotado|atk|1
|-boost|p1a: jacare bem dotado|spe|1
|
|upkeep
|turn|13
|
|t:|1779590841
|move|p1a: jacare bem dotado|Earthquake|p2a: Pecharunt
|-supereffective|p2a: Pecharunt
|-damage|p2a: Pecharunt|17/100
|move|p2a: Pecharunt|Malignant Chain|p1a: jacare bem dotado
|-damage|p1a: jacare bem dotado|53/100
|
|upkeep
|turn|14
|
|t:|1779590854
|move|p1a: jacare bem dotado|Earthquake|p2a: Pecharunt
|-supereffective|p2a: Pecharunt
|-damage|p2a: Pecharunt|0 fnt
|faint|p2a: Pecharunt
|
|upkeep
|
|t:|1779590860
|switch|p2a: Tornadus|Tornadus-Therian, M|100/100
|turn|15
|
|t:|1779590869
|-terastallize|p1a: jacare bem dotado|Normal
|move|p1a: jacare bem dotado|Extreme Speed|p2a: Tornadus
|-damage|p2a: Tornadus|0 fnt
|faint|p2a: Tornadus
|
|upkeep
|
|t:|1779590877
|switch|p2a: Iron Valiant|Iron Valiant|100/100
|-damage|p2a: Iron Valiant|88/100|[from] Spikes
|-enditem|p2a: Iron Valiant|Booster Energy
|-activate|p2a: Iron Valiant|ability: Quark Drive|[fromitem]
|-start|p2a: Iron Valiant|quarkdrivespe
|turn|16
|
|t:|1779590883
|move|p1a: jacare bem dotado|Extreme Speed|p2a: Iron Valiant
|-damage|p2a: Iron Valiant|0 fnt
|faint|p2a: Iron Valiant
|-end|p2a: Iron Valiant|Quark Drive|[silent]
|
|upkeep
|
|t:|1779590889
|switch|p2a: Ogerpon|Ogerpon-Wellspring, F|100/100
|-damage|p2a: Ogerpon|88/100|[from] Spikes
|turn|17
|
|t:|1779590895
|move|p1a: jacare bem dotado|Extreme Speed|p2a: Ogerpon
|-damage|p2a: Ogerpon|0 fnt
|faint|p2a: Ogerpon
|
|win|PRUU1 ☆ g4ltxyzn ☆
|raw|PRUU1 ☆ g4ltxyzn ☆'s rating: 1190 &rarr; <strong>1216</strong><br />(+26 for winning)
|raw|Hi672948328's rating: 1200 &rarr; <strong>1174</strong><br />(-26 for losing)
