|j|☆Dom225
|j|☆CnBCheezy
|t:|1779713814
|gametype|singles
|player|p1|Dom225|102|1259
|player|p2|CnBCheezy|policeman-gen4|1208
|gen|9
|tier|[Gen 9] OU
|rated|
|rule|HP Percentage Mod: HP is shown in percentages
|rule|Endless Battle Clause: Forcing endless battles is banned
|rule|Species Clause: Limit one of each Pokémon
|rule|OHKO Clause: OHKO moves are banned
|rule|Evasion Items Clause: Evasion items are banned
|rule|Evasion Moves Clause: Evasion moves are banned
|rule|Evasion Abilities Clause: Evasion abilities are banned
|rule|Sleep Moves Clause: Sleep-inducing moves are banned
|clearpoke
|poke|p1|Raikou|
|poke|p1|Dondozo, M|
|poke|p1|Clodsire, F|
|poke|p1|Latios, M|
|poke|p1|Snorlax, M|
|poke|p1|Chesnaught, M|
|poke|p2|Scizor, M|
|poke|p2|Heatran, M|
|poke|p2|Gallade, M|
|poke|p2|Pecharunt|
|poke|p2|Latios, M|
|poke|p2|Houndoom, M|
|teampreview
|inactive|Battle timer is ON: inactive players will automatically lose when time's up. (requested by CnBCheezy)
|
|t:|1779713821
|teamsize|p1|6
|teamsize|p2|6
|start
|switch|p1a: Grand chien|Raikou|100/100
|switch|p2a: Pecharunt|Pecharunt|100/100
|-ability|p1a: Grand chien|Pressure
|turn|1
|
|t:|1779713829
|move|p1a: Grand chien|Light Screen|p1a: Grand chien
|-sidestart|p1: Dom225|move: Light Screen
|move|p2a: Pecharunt|Toxic|p1a: Grand chien
|-status|p1a: Grand chien|tox
|-start|p1a: Grand chien|confusion|[from] ability: Poison Puppeteer|[of] p2a: Pecharunt
|
|-damage|p1a: Grand chien|94/100 tox|[from] psn
|upkeep
|turn|2
|
|t:|1779713837
|-activate|p1a: Grand chien|confusion
|move|p1a: Grand chien|Discharge|p2a: Pecharunt
|-damage|p2a: Pecharunt|63/100
|-status|p2a: Pecharunt|par
|move|p2a: Pecharunt|Parting Shot|p1a: Grand chien
|-unboost|p1a: Grand chien|atk|1
|-unboost|p1a: Grand chien|spa|1
|
|t:|1779713845
|switch|p2a: Gallade|Gallade, M, shiny|100/100|[from] Parting Shot
|
|-damage|p1a: Grand chien|82/100 tox|[from] psn
|upkeep
|turn|3
|
|t:|1779713852
|-activate|p1a: Grand chien|confusion
|move|p1a: Grand chien|Reflect|p1a: Grand chien
|-sidestart|p1: Dom225|Reflect
|move|p2a: Gallade|Swords Dance|p2a: Gallade
|-boost|p2a: Gallade|atk|2
|
|-damage|p1a: Grand chien|63/100 tox|[from] psn
|upkeep
|turn|4
|
|t:|1779713861
|switch|p1a: Grosse Balaine|Dondozo, M|100/100
|move|p2a: Gallade|Swords Dance|p2a: Gallade
|-boost|p2a: Gallade|atk|2
|
|upkeep
|turn|5
|
|t:|1779713873
|move|p2a: Gallade|Sacred Sword|p1a: Grosse Balaine
|-damage|p1a: Grosse Balaine|86/100
|move|p1a: Grosse Balaine|Liquidation|p2a: Gallade
|-damage|p2a: Gallade|59/100
|
|-heal|p2a: Gallade|65/100|[from] item: Leftovers
|-heal|p1a: Grosse Balaine|92/100|[from] item: Leftovers
|upkeep
|turn|6
|
|t:|1779713884
|switch|p2a: Pecharunt|Pecharunt|63/100 par
|move|p1a: Grosse Balaine|Liquidation|p2a: Pecharunt
|-damage|p2a: Pecharunt|48/100 par
|-damage|p1a: Grosse Balaine|75/100|[from] item: Rocky Helmet|[of] p2a: Pecharunt
|
|-heal|p1a: Grosse Balaine|81/100|[from] item: Leftovers
|upkeep
|turn|7
|
|t:|1779713906
|switch|p1a: Grand dragon|Latios, M|100/100
|cant|p2a: Pecharunt|par
|
|upkeep
|turn|8
|
|t:|1779713919
|switch|p2a: Heatran|Heatran, M, shiny|100/100
|move|p1a: Grand dragon|Psyshock|p2a: Heatran
|-resisted|p2a: Heatran
|-damage|p2a: Heatran|83/100
|
|-sideend|p1: Dom225|move: Light Screen
|upkeep
|turn|9
|
|t:|1779713926
|move|p1a: Grand dragon|Calm Mind|p1a: Grand dragon
|-boost|p1a: Grand dragon|spa|1
|-boost|p1a: Grand dragon|spd|1
|move|p2a: Heatran|Stealth Rock|p1a: Grand dragon
|-sidestart|p1: Dom225|move: Stealth Rock
|
|upkeep
|turn|10
|
|t:|1779713949
|move|p1a: Grand dragon|Thunderbolt|p2a: Heatran
|-damage|p2a: Heatran|49/100
|move|p2a: Heatran|Will-O-Wisp|p1a: Grand dragon
|-status|p1a: Grand dragon|brn
|
|-damage|p1a: Grand dragon|95/100 brn|[from] brn
|-sideend|p1: Dom225|Reflect
|upkeep
|turn|11
|
|t:|1779713967
|move|p1a: Grand dragon|Calm Mind|p1a: Grand dragon
|-boost|p1a: Grand dragon|spa|1
|-boost|p1a: Grand dragon|spd|1
|move|p2a: Heatran|Flamethrower|p1a: Grand dragon
|-resisted|p1a: Grand dragon
|-damage|p1a: Grand dragon|85/100 brn
|
|-damage|p1a: Grand dragon|79/100 brn|[from] brn
|upkeep
|turn|12
|
|t:|1779713975
|move|p1a: Grand dragon|Thunderbolt|p2a: Heatran
|-damage|p2a: Heatran|6/100
|move|p2a: Heatran|Flamethrower|p1a: Grand dragon
|-resisted|p1a: Grand dragon
|-damage|p1a: Grand dragon|69/100 brn
|
|-damage|p1a: Grand dragon|63/100 brn|[from] brn
|upkeep
|turn|13
|
|t:|1779713982
|move|p1a: Grand dragon|Thunderbolt|p2a: Heatran
|-damage|p2a: Heatran|0 fnt
|faint|p2a: Heatran
|
|-damage|p1a: Grand dragon|57/100 brn|[from] brn
|upkeep
|
|t:|1779713987
|switch|p2a: Gallade|Gallade, M, shiny|65/100
|turn|14
|
|t:|1779713992
|switch|p1a: Grosse Balaine|Dondozo, M|81/100
|-damage|p1a: Grosse Balaine|69/100|[from] Stealth Rock
|move|p2a: Gallade|Shadow Sneak|p1a: Grosse Balaine
|-crit|p1a: Grosse Balaine
|-damage|p1a: Grosse Balaine|60/100
|
|-heal|p2a: Gallade|71/100|[from] item: Leftovers
|-heal|p1a: Grosse Balaine|66/100|[from] item: Leftovers
|upkeep
|turn|15
|
|t:|1779714003
|switch|p2a: Pecharunt|Pecharunt|48/100 par
|move|p1a: Grosse Balaine|Curse|p1a: Grosse Balaine
|-unboost|p1a: Grosse Balaine|spe|1
|-boost|p1a: Grosse Balaine|atk|1
|-boost|p1a: Grosse Balaine|def|1
|
|-heal|p1a: Grosse Balaine|72/100|[from] item: Leftovers
|upkeep
|turn|16
|
|t:|1779714012
|move|p2a: Pecharunt|Toxic|p1a: Grosse Balaine
|-status|p1a: Grosse Balaine|tox
|-start|p1a: Grosse Balaine|confusion|[from] ability: Poison Puppeteer|[of] p2a: Pecharunt
|-activate|p1a: Grosse Balaine|confusion
|move|p1a: Grosse Balaine|Liquidation|p2a: Pecharunt
|-damage|p2a: Pecharunt|27/100 par
|-unboost|p2a: Pecharunt|def|1
|-damage|p1a: Grosse Balaine|56/100 tox|[from] item: Rocky Helmet|[of] p2a: Pecharunt
|
|-heal|p1a: Grosse Balaine|62/100 tox|[from] item: Leftovers
|-damage|p1a: Grosse Balaine|56/100 tox|[from] psn
|upkeep
|turn|17
|
|t:|1779714026
|cant|p2a: Pecharunt|par
|-end|p1a: Grosse Balaine|confusion
|move|p1a: Grosse Balaine|Liquidation|p2a: Pecharunt
|-damage|p2a: Pecharunt|3/100 par
|-unboost|p2a: Pecharunt|def|1
|-damage|p1a: Grosse Balaine|39/100 tox|[from] item: Rocky Helmet|[of] p2a: Pecharunt
|
|-heal|p1a: Grosse Balaine|45/100 tox|[from] item: Leftovers
|-damage|p1a: Grosse Balaine|33/100 tox|[from] psn
|upkeep
|turn|18
|
|t:|1779714037
|move|p2a: Pecharunt|Parting Shot|p1a: Grosse Balaine
|-unboost|p1a: Grosse Balaine|atk|1
|-unboost|p1a: Grosse Balaine|spa|1
|
|t:|1779714044
|switch|p2a: Scizor|Scizor, M|100/100|[from] Parting Shot
|move|p1a: Grosse Balaine|Liquidation|p2a: Scizor
|-damage|p2a: Scizor|71/100
|
|-heal|p2a: Scizor|78/100|[from] item: Leftovers
|-heal|p1a: Grosse Balaine|39/100 tox|[from] item: Leftovers
|-damage|p1a: Grosse Balaine|21/100 tox|[from] psn
|upkeep
|turn|19
|
|t:|1779714057
|move|p2a: Scizor|Bullet Punch|p1a: Grosse Balaine
|-resisted|p1a: Grosse Balaine
|-damage|p1a: Grosse Balaine|15/100 tox
|move|p1a: Grosse Balaine|Body Press|p2a: Scizor
|-damage|p2a: Scizor|40/100
|
|-heal|p2a: Scizor|47/100|[from] item: Leftovers
|-heal|p1a: Grosse Balaine|21/100 tox|[from] item: Leftovers
|-damage|p1a: Grosse Balaine|0 fnt|[from] psn
|faint|p1a: Grosse Balaine
|upkeep
|
|t:|1779714069
|switch|p1a: Grosses pointes|Chesnaught, M|100/100
|-damage|p1a: Grosses pointes|94/100|[from] Stealth Rock
|turn|20
|
|t:|1779714076
|move|p2a: Scizor|Lunge|p1a: Grosses pointes
|-damage|p1a: Grosses pointes|67/100
|-unboost|p1a: Grosses pointes|atk|1
|move|p1a: Grosses pointes|Leech Seed|p2a: Scizor
|-start|p2a: Scizor|move: Leech Seed
|
|-heal|p2a: Scizor|53/100|[from] item: Leftovers
|-heal|p1a: Grosses pointes|73/100|[from] item: Leftovers
|-damage|p2a: Scizor|40/100|[from] Leech Seed|[of] p1a: Grosses pointes
|-heal|p1a: Grosses pointes|84/100|[silent]
|upkeep
|turn|21
|
|t:|1779714090
|move|p2a: Scizor|Swords Dance|p2a: Scizor
|-boost|p2a: Scizor|atk|2
|move|p1a: Grosses pointes|Leech Seed||[still]
|-fail|p1a: Grosses pointes
|
|-heal|p2a: Scizor|47/100|[from] item: Leftovers
|-heal|p1a: Grosses pointes|90/100|[from] item: Leftovers
|-damage|p2a: Scizor|34/100|[from] Leech Seed|[of] p1a: Grosses pointes
|-heal|p1a: Grosses pointes|100/100|[silent]
|upkeep
|turn|22
|
|t:|1779714099
|move|p2a: Scizor|Lunge|p1a: Grosses pointes
|-damage|p1a: Grosses pointes|48/100
|-unboost|p1a: Grosses pointes|atk|1
|move|p1a: Grosses pointes|Body Press|p2a: Scizor
|-damage|p2a: Scizor|0 fnt
|faint|p2a: Scizor
|
|-heal|p1a: Grosses pointes|54/100|[from] item: Leftovers
|upkeep
|
|t:|1779714111
|switch|p2a: Gallade|Gallade, M, shiny|71/100
|turn|23
|
|t:|1779714120
|move|p2a: Gallade|Swords Dance|p2a: Gallade
|-boost|p2a: Gallade|atk|2
|move|p1a: Grosses pointes|Leech Seed|p2a: Gallade
|-start|p2a: Gallade|move: Leech Seed
|
|-heal|p2a: Gallade|77/100|[from] item: Leftovers
|-heal|p1a: Grosses pointes|60/100|[from] item: Leftovers
|-damage|p2a: Gallade|65/100|[from] Leech Seed|[of] p1a: Grosses pointes
|-heal|p1a: Grosses pointes|70/100|[silent]
|upkeep
|turn|24
|
|t:|1779714131
|move|p2a: Gallade|Psycho Cut|p1a: Grosses pointes
|-supereffective|p1a: Grosses pointes
|-damage|p1a: Grosses pointes|0 fnt
|faint|p1a: Grosses pointes
|
|-heal|p2a: Gallade|71/100|[from] item: Leftovers
|upkeep
|
|t:|1779714141
|switch|p1a: Grand chien|Raikou|63/100 tox
|-damage|p1a: Grand chien|51/100 tox|[from] Stealth Rock
|-ability|p1a: Grand chien|Pressure
|turn|25
|
|t:|1779714155
|move|p1a: Grand chien|Discharge|p2a: Gallade
|-crit|p2a: Gallade
|-damage|p2a: Gallade|31/100
|move|p2a: Gallade|Psycho Cut|p1a: Grand chien
|-damage|p1a: Grand chien|0 fnt
|faint|p1a: Grand chien
|
|-heal|p2a: Gallade|37/100|[from] item: Leftovers
|upkeep
|
|t:|1779714166
|switch|p1a: Grand dragon|Latios, M|57/100 brn
|-damage|p1a: Grand dragon|45/100 brn|[from] Stealth Rock
|turn|26
|
|t:|1779714182
|-terastallize|p1a: Grand dragon|Electric
|-terastallize|p2a: Gallade|Steel
|move|p2a: Gallade|Shadow Sneak|p1a: Grand dragon
|-damage|p1a: Grand dragon|10/100 brn
|move|p1a: Grand dragon|Thunderbolt|p2a: Gallade
|-damage|p2a: Gallade|0 fnt
|faint|p2a: Gallade
|
|-damage|p1a: Grand dragon|4/100 brn|[from] brn
|upkeep
|
|t:|1779714197
|switch|p2a: Houndoom|Houndoom, M, shiny|100/100
|turn|27
|
|t:|1779714208
|move|p1a: Grand dragon|Thunderbolt|p2a: Houndoom
|-damage|p2a: Houndoom|33/100
|move|p2a: Houndoom|Dark Pulse|p1a: Grand dragon
|-damage|p1a: Grand dragon|0 fnt
|faint|p1a: Grand dragon
|
|upkeep
|
|t:|1779714217
|switch|p1a: Gros panda|Snorlax, M|100/100
|-damage|p1a: Gros panda|88/100|[from] Stealth Rock
|turn|28
|
|t:|1779714222
|move|p2a: Houndoom|Destiny Bond|p2a: Houndoom
|-singlemove|p2a: Houndoom|Destiny Bond
|move|p1a: Gros panda|Body Slam|p2a: Houndoom
|-damage|p2a: Houndoom|0 fnt
|faint|p2a: Houndoom
|-activate|p2a: Houndoom|move: Destiny Bond
|faint|p1a: Gros panda
|
|upkeep
|
|t:|1779714232
|switch|p2a: Latios|Latios, M, shiny|100/100
|switch|p1a: Grosse Limace|Clodsire, F|100/100
|-damage|p1a: Grosse Limace|94/100|[from] Stealth Rock
|turn|29
|
|t:|1779714239
|move|p2a: Latios|Luster Purge|p1a: Grosse Limace
|-supereffective|p1a: Grosse Limace
|-damage|p1a: Grosse Limace|48/100
|move|p1a: Grosse Limace|Toxic|p2a: Latios
|-status|p2a: Latios|tox
|
|-heal|p1a: Grosse Limace|54/100|[from] item: Leftovers
|-damage|p2a: Latios|94/100 tox|[from] psn
|upkeep
|turn|30
|inactive|Dom225 has 120 seconds left.
|
|t:|1779714280
|move|p2a: Latios|Luster Purge|p1a: Grosse Limace
|-supereffective|p1a: Grosse Limace
|-crit|p1a: Grosse Limace
|-damage|p1a: Grosse Limace|0 fnt
|faint|p1a: Grosse Limace
|
|win|CnBCheezy
|raw|Dom225's rating: 1259 &rarr; <strong>1230</strong><br />(-29 for losing)
|raw|CnBCheezy's rating: 1208 &rarr; <strong>1237</strong><br />(+29 for winning)
|l|☆CnBCheezy
|player|p2|
|l|☆Dom225
|player|p1|
