|j|☆yigyif
|j|☆asddhjhd
|t:|1779567780
|gametype|singles
|player|p1|yigyif|skyla|1184
|player|p2|asddhjhd|169|1226
|gen|9
|tier|[Gen 9] OU
|rated|
|rule|HP Percentage Mod: HP is shown in percentages
|rule|Endless Battle Clause: Forcing endless battles is banned
|rule|Species Clause: Limit one of each Pokémon
|rule|OHKO Clause: OHKO moves are banned
|rule|Evasion Items Clause: Evasion items are banned
|rule|Evasion Moves Clause: Evasion moves are banned
|rule|Evasion Abilities Clause: Evasion abilities are banned
|rule|Sleep Moves Clause: Sleep-inducing moves are banned
|clearpoke
|poke|p1|Toxtricity, F|
|poke|p1|Corviknight, M|
|poke|p1|Keldeo-Resolute|
|poke|p1|Scream Tail|
|poke|p1|Regieleki|
|poke|p1|Cinderace, F|
|poke|p2|Iron Treads|
|poke|p2|Regidrago|
|poke|p2|Slowking-Galar, F|
|poke|p2|Moltres|
|poke|p2|Iron Crown|
|poke|p2|Iron Valiant|
|teampreview
|inactive|Battle timer is ON: inactive players will automatically lose when time's up. (requested by asddhjhd)
|
|t:|1779567820
|teamsize|p1|6
|teamsize|p2|6
|start
|switch|p1a: Keldeo|Keldeo-Resolute|100/100
|switch|p2a: Slowking|Slowking-Galar, F, shiny|100/100
|turn|1
|
|t:|1779567825
|move|p1a: Keldeo|Hydro Pump|p2a: Slowking
|-damage|p2a: Slowking|65/100
|move|p2a: Slowking|Thunder Wave|p1a: Keldeo|[miss]
|-miss|p2a: Slowking|p1a: Keldeo
|
|upkeep
|turn|2
|
|t:|1779567832
|switch|p1a: Regieleki|Regieleki|100/100
|-prepare|p2a: Slowking|Chilly Reception|[premajor]
|move|p2a: Slowking|Chilly Reception|p2a: Slowking
|-weather|Snowscape
|
|t:|1779567837
|switch|p2a: Iron Treads|Iron Treads, shiny|100/100|[from] Chilly Reception
|-enditem|p2a: Iron Treads|Booster Energy
|-activate|p2a: Iron Treads|ability: Quark Drive|[fromitem]
|-start|p2a: Iron Treads|quarkdrivespe
|
|-weather|Snowscape|[upkeep]
|upkeep
|turn|3
|
|t:|1779567848
|switch|p1a: Corviknight|Corviknight, M|100/100
|move|p2a: Iron Treads|Stealth Rock|p1a: Corviknight
|-sidestart|p1: yigyif|move: Stealth Rock
|
|-weather|Snowscape|[upkeep]
|upkeep
|turn|4
|
|t:|1779567852
|-end|p2a: Iron Treads|Quark Drive|[silent]
|switch|p2a: Moltres|Moltres, shiny|100/100
|move|p1a: Corviknight|Defog|p2a: Moltres
|-unboost|p2a: Moltres|evasion|1
|-sideend|p1: yigyif|Stealth Rock|[from] move: Defog|[of] p1a: Corviknight
|
|-weather|Snowscape|[upkeep]
|upkeep
|turn|5
|
|t:|1779567858
|move|p2a: Moltres|U-turn|p1a: Corviknight
|-resisted|p1a: Corviknight
|-damage|p1a: Corviknight|98/100
|j| onclemondrop
|
|t:|1779567861
|switch|p2a: Slowking|Slowking-Galar, F, shiny|99/100|[from] U-turn
|move|p1a: Corviknight|U-turn|p2a: Slowking
|-damage|p2a: Slowking|84/100
|
|t:|1779567871
|switch|p1a: Toxtricity|Toxtricity, F|100/100|[from] U-turn
|
|-weather|Snowscape|[upkeep]
|upkeep
|turn|6
|
|t:|1779567874
|move|p1a: Toxtricity|Boomburst|p2a: Slowking
|-damage|p2a: Slowking|23/100
|move|p2a: Slowking|Psychic Noise|p1a: Toxtricity
|-supereffective|p1a: Toxtricity
|-damage|p1a: Toxtricity|59/100
|-start|p1a: Toxtricity|move: Heal Block
|
|-weather|none
|upkeep
|turn|7
|
|t:|1779567883
|switch|p2a: Iron Crown|Iron Crown|100/100
|move|p1a: Toxtricity|Boomburst|p2a: Iron Crown
|-resisted|p2a: Iron Crown
|-damage|p2a: Iron Crown|53/100
|
|-end|p1a: Toxtricity|move: Heal Block
|upkeep
|turn|8
|
|t:|1779567896
|switch|p1a: Scream Tail|Scream Tail|100/100
|move|p2a: Iron Crown|Volt Switch|p1a: Scream Tail
|-damage|p1a: Scream Tail|74/100
|l| onclemondrop
|
|t:|1779567904
|-end|p2a: Iron Crown|Quark Drive|[silent]
|switch|p2a: Slowking|Slowking-Galar, F, shiny|56/100|[from] Volt Switch
|
|upkeep
|turn|9
|
|t:|1779567908
|move|p1a: Scream Tail|Thunder Wave|p2a: Slowking|[miss]
|-miss|p1a: Scream Tail|p2a: Slowking
|move|p2a: Slowking|Sludge Bomb|p1a: Scream Tail
|-supereffective|p1a: Scream Tail
|-damage|p1a: Scream Tail|31/100
|
|upkeep
|turn|10
|
|t:|1779567915
|switch|p2a: Iron Treads|Iron Treads, shiny|100/100
|move|p1a: Scream Tail|Stealth Rock|p2a: Iron Treads
|-sidestart|p2: asddhjhd|move: Stealth Rock
|
|upkeep
|turn|11
|
|t:|1779567921
|-end|p1a: Scream Tail|Protosynthesis|[silent]
|switch|p1a: Corviknight|Corviknight, M|98/100
|move|p2a: Iron Treads|Earthquake|p1a: Corviknight
|-immune|p1a: Corviknight
|
|upkeep
|turn|12
|
|t:|1779567928
|move|p2a: Iron Treads|Stealth Rock|p1a: Corviknight
|-sidestart|p1: yigyif|move: Stealth Rock
|move|p1a: Corviknight|Defog|p2a: Iron Treads
|-unboost|p2a: Iron Treads|evasion|1
|-sideend|p2: asddhjhd|Stealth Rock|[from] move: Defog|[of] p1a: Corviknight
|-sideend|p1: yigyif|Stealth Rock|[from] move: Defog|[of] p1a: Corviknight
|
|upkeep
|turn|13
|
|t:|1779567932
|-end|p2a: Iron Treads|Quark Drive|[silent]
|switch|p2a: Moltres|Moltres, shiny|100/100
|move|p1a: Corviknight|U-turn|p2a: Moltres
|-resisted|p2a: Moltres
|-damage|p2a: Moltres|98/100
|
|t:|1779567937
|switch|p1a: Toxtricity|Toxtricity, F|59/100|[from] U-turn
|
|upkeep
|turn|14
|
|t:|1779567943
|switch|p2a: Iron Treads|Iron Treads, shiny|100/100
|-terastallize|p1a: Toxtricity|Normal
|move|p1a: Toxtricity|Boomburst|p2a: Iron Treads
|-resisted|p2a: Iron Treads
|-damage|p2a: Iron Treads|1/100
|
|upkeep
|turn|15
|
|t:|1779567952
|switch|p1a: Corviknight|Corviknight, M|98/100
|move|p2a: Iron Treads|Earthquake|p1a: Corviknight
|-immune|p1a: Corviknight
|
|upkeep
|turn|16
|
|t:|1779567957
|-end|p2a: Iron Treads|Quark Drive|[silent]
|switch|p2a: Iron Crown|Iron Crown|53/100
|move|p1a: Corviknight|U-turn|p2a: Iron Crown
|-damage|p2a: Iron Crown|39/100
|
|t:|1779567961
|switch|p1a: Regieleki|Regieleki|100/100|[from] U-turn
|
|upkeep
|turn|17
|
|t:|1779567964
|-end|p2a: Iron Crown|Quark Drive|[silent]
|switch|p2a: Iron Treads|Iron Treads, shiny|1/100
|move|p1a: Regieleki|Thunderbolt|p2a: Iron Treads
|-immune|p2a: Iron Treads
|
|upkeep
|turn|18
|
|t:|1779567968
|-end|p2a: Iron Treads|Quark Drive|[silent]
|switch|p2a: Slowking|Slowking-Galar, F, shiny|89/100
|move|p1a: Regieleki|Ancient Power|p2a: Slowking
|-damage|p2a: Slowking|76/100
|-damage|p1a: Regieleki|91/100|[from] item: Life Orb
|
|upkeep
|turn|19
|
|t:|1779567974
|move|p1a: Regieleki|Volt Switch|p2a: Slowking
|-damage|p2a: Slowking|45/100
|-damage|p1a: Regieleki|81/100|[from] item: Life Orb
|
|t:|1779567981
|switch|p1a: Corviknight|Corviknight, M|98/100|[from] Volt Switch
|move|p2a: Slowking|Sludge Bomb|p1a: Corviknight
|-immune|p1a: Corviknight
|
|upkeep
|turn|20
|
|t:|1779567988
|move|p1a: Corviknight|Brave Bird|p2a: Slowking
|-damage|p2a: Slowking|8/100
|-damage|p1a: Corviknight|86/100|[from] Recoil
|move|p2a: Slowking|Thunder Wave|p1a: Corviknight
|-status|p1a: Corviknight|par
|
|upkeep
|turn|21
|
|t:|1779567998
|switch|p2a: Moltres|Moltres, shiny|98/100
|move|p1a: Corviknight|U-turn|p2a: Moltres
|-resisted|p2a: Moltres
|-damage|p2a: Moltres|96/100
|
|t:|1779568004
|switch|p1a: Regieleki|Regieleki|81/100|[from] U-turn
|
|upkeep
|turn|22
|
|t:|1779568010
|switch|p2a: Iron Treads|Iron Treads, shiny|1/100
|move|p1a: Regieleki|Ancient Power|p2a: Iron Treads
|-resisted|p2a: Iron Treads
|-damage|p2a: Iron Treads|0 fnt
|faint|p2a: Iron Treads
|-end|p2a: Iron Treads|Quark Drive|[silent]
|-damage|p1a: Regieleki|71/100|[from] item: Life Orb
|
|upkeep
|
|t:|1779568028
|switch|p2a: Slowking|Slowking-Galar, F, shiny|42/100
|turn|23
|
|t:|1779568041
|move|p1a: Regieleki|Thunderbolt|p2a: Slowking
|-damage|p2a: Slowking|0 fnt
|faint|p2a: Slowking
|-damage|p1a: Regieleki|61/100|[from] item: Life Orb
|
|upkeep
|
|t:|1779568048
|switch|p2a: Iron Valiant|Iron Valiant, shiny|100/100
|-enditem|p2a: Iron Valiant|Booster Energy
|-activate|p2a: Iron Valiant|ability: Quark Drive|[fromitem]
|-start|p2a: Iron Valiant|quarkdrivespe
|turn|24
|
|t:|1779568058
|switch|p1a: Scream Tail|Scream Tail|31/100
|move|p2a: Iron Valiant|Close Combat|p1a: Scream Tail
|-resisted|p1a: Scream Tail
|-damage|p1a: Scream Tail|19/100
|-unboost|p2a: Iron Valiant|def|1
|-unboost|p2a: Iron Valiant|spd|1
|
|upkeep
|turn|25
|
|t:|1779568064
|move|p2a: Iron Valiant|Knock Off|p1a: Scream Tail
|-damage|p1a: Scream Tail|0 fnt
|-enditem|p1a: Scream Tail|Light Clay|[from] move: Knock Off|[of] p2a: Iron Valiant
|faint|p1a: Scream Tail
|-end|p1a: Scream Tail|Protosynthesis|[silent]
|
|upkeep
|
|t:|1779568066
|switch|p1a: Corviknight|Corviknight, M|86/100 par
|turn|26
|
|t:|1779568072
|-end|p2a: Iron Valiant|Quark Drive|[silent]
|switch|p2a: Moltres|Moltres, shiny|96/100
|move|p1a: Corviknight|Brave Bird|p2a: Moltres
|-damage|p2a: Moltres|69/100
|-damage|p1a: Corviknight|78/100 par|[from] Recoil
|
|upkeep
|turn|27
|
|t:|1779568083
|switch|p1a: Cinderace|Cinderace, F|100/100
|move|p2a: Moltres|U-turn|p1a: Cinderace
|-resisted|p1a: Cinderace
|-damage|p1a: Cinderace|91/100
|
|t:|1779568086
|switch|p2a: Regidrago|Regidrago, shiny|100/100|[from] U-turn
|
|upkeep
|turn|28
|
|t:|1779568089
|move|p2a: Regidrago|Dragon Energy|p1a: Cinderace
|-crit|p1a: Cinderace
|-damage|p1a: Cinderace|0 fnt
|faint|p1a: Cinderace
|
|upkeep
|
|t:|1779568101
|switch|p1a: Keldeo|Keldeo-Resolute|100/100
|turn|29
|
|t:|1779568109
|move|p1a: Keldeo|Secret Sword|p2a: Regidrago
|-damage|p2a: Regidrago|54/100
|move|p2a: Regidrago|Dragon Energy|p1a: Keldeo
|-damage|p1a: Keldeo|36/100
|
|upkeep
|turn|30
|
|t:|1779568115
|switch|p2a: Iron Valiant|Iron Valiant, shiny|100/100
|move|p1a: Keldeo|Secret Sword|p2a: Iron Valiant
|-resisted|p2a: Iron Valiant
|-damage|p2a: Iron Valiant|74/100
|
|upkeep
|turn|31
|
|t:|1779568128
|switch|p1a: Corviknight|Corviknight, M|78/100 par
|move|p2a: Iron Valiant|Close Combat|p1a: Corviknight
|-damage|p1a: Corviknight|44/100 par
|-unboost|p2a: Iron Valiant|def|1
|-unboost|p2a: Iron Valiant|spd|1
|
|upkeep
|turn|32
|
|t:|1779568135
|-end|p2a: Iron Valiant|Quark Drive|[silent]
|switch|p2a: Moltres|Moltres, shiny|69/100
|move|p1a: Corviknight|U-turn|p2a: Moltres
|-resisted|p2a: Moltres
|-damage|p2a: Moltres|67/100
|
|t:|1779568137
|switch|p1a: Regieleki|Regieleki|61/100|[from] U-turn
|
|upkeep
|turn|33
|
|t:|1779568144
|switch|p2a: Iron Crown|Iron Crown|39/100
|move|p1a: Regieleki|Thunderbolt|p2a: Iron Crown
|-damage|p2a: Iron Crown|0 fnt
|faint|p2a: Iron Crown
|-end|p2a: Iron Crown|Quark Drive|[silent]
|-damage|p1a: Regieleki|51/100|[from] item: Life Orb
|
|upkeep
|c|☆yigyif|ggs
|
|t:|1779568150
|switch|p2a: Regidrago|Regidrago, shiny|54/100
|turn|34
|inactive|yigyif has 120 seconds left.
|
|t:|1779568196
|move|p1a: Regieleki|Volt Switch|p2a: Regidrago
|-resisted|p2a: Regidrago
|-damage|p2a: Regidrago|28/100
|-damage|p1a: Regieleki|41/100|[from] item: Life Orb
|
|t:|1779568201
|switch|p1a: Corviknight|Corviknight, M|44/100 par|[from] Volt Switch
|move|p2a: Regidrago|Draco Meteor|p1a: Corviknight
|-resisted|p1a: Corviknight
|-damage|p1a: Corviknight|0 fnt
|-unboost|p2a: Regidrago|spa|2
|faint|p1a: Corviknight
|
|upkeep
|
|t:|1779568206
|switch|p1a: Keldeo|Keldeo-Resolute|36/100
|turn|35
|
|t:|1779568212
|move|p1a: Keldeo|Hydro Pump|p2a: Regidrago|[miss]
|-miss|p1a: Keldeo|p2a: Regidrago
|move|p2a: Regidrago|Draco Meteor|p1a: Keldeo
|-damage|p1a: Keldeo|0 fnt
|-unboost|p2a: Regidrago|spa|2
|faint|p1a: Keldeo
|
|upkeep
|
|t:|1779568215
|switch|p1a: Regieleki|Regieleki|41/100
|turn|36
|
|t:|1779568221
|switch|p2a: Moltres|Moltres, shiny|67/100
|move|p1a: Regieleki|Thunderbolt|p2a: Moltres
|-supereffective|p2a: Moltres
|-damage|p2a: Moltres|0 fnt
|faint|p2a: Moltres
|-damage|p1a: Regieleki|31/100|[from] item: Life Orb
|
|upkeep
|
|t:|1779568229
|switch|p2a: Iron Valiant|Iron Valiant, shiny|74/100
|turn|37
|
|t:|1779568236
|move|p1a: Regieleki|Volt Switch|p2a: Iron Valiant
|-damage|p2a: Iron Valiant|0 fnt
|faint|p2a: Iron Valiant
|-end|p2a: Iron Valiant|Quark Drive|[silent]
|-damage|p1a: Regieleki|21/100|[from] item: Life Orb
|
|t:|1779568239
|switch|p1a: Toxtricity|Toxtricity, F, tera:Normal|59/100|[from] Volt Switch
|
|upkeep
|
|t:|1779568242
|switch|p2a: Regidrago|Regidrago, shiny|28/100
|turn|38
|
|t:|1779568252
|move|p2a: Regidrago|Outrage|p1a: Toxtricity
|-damage|p1a: Toxtricity|0 fnt
|faint|p1a: Toxtricity
|
|upkeep
|inactive|yigyif has 120 seconds left.
|
|t:|1779568285
|switch|p1a: Regieleki|Regieleki|21/100
|turn|39
|inactive|yigyif has 120 seconds left.
|inactive|asddhjhd has 120 seconds left.
|inactive|asddhjhd has 90 seconds left.
|inactive|asddhjhd has 60 seconds left.
|
|t:|1779568393
|move|p1a: Regieleki|Thunderbolt|p2a: Regidrago
|-resisted|p2a: Regidrago
|-damage|p2a: Regidrago|0 fnt
|faint|p2a: Regidrago
|-damage|p1a: Regieleki|11/100|[from] item: Life Orb
|
|win|yigyif
|raw|yigyif's rating: 1184 &rarr; <strong>1212</strong><br />(+28 for winning)
|raw|asddhjhd's rating: 1226 &rarr; <strong>1198</strong><br />(-28 for losing)
|l|☆asddhjhd
|player|p2|
|l|☆yigyif
|player|p1|
