|j|☆blazingvalkrie
|j|☆ChillLanturnYT
|t:|1779607738
|gametype|singles
|player|p1|blazingvalkrie|steven|1194
|player|p2|ChillLanturnYT|palmer|1217
|gen|9
|tier|[Gen 9] OU
|rated|
|rule|HP Percentage Mod: HP is shown in percentages
|rule|Endless Battle Clause: Forcing endless battles is banned
|rule|Species Clause: Limit one of each Pokémon
|rule|OHKO Clause: OHKO moves are banned
|rule|Evasion Items Clause: Evasion items are banned
|rule|Evasion Moves Clause: Evasion moves are banned
|rule|Evasion Abilities Clause: Evasion abilities are banned
|rule|Sleep Moves Clause: Sleep-inducing moves are banned
|clearpoke
|poke|p1|Zapdos|
|poke|p1|Garganacl, F|
|poke|p1|Iron Boulder|
|poke|p1|Araquanid, F|
|poke|p1|Excadrill, M|
|poke|p1|Corviknight, M|
|poke|p2|Exeggutor, F|
|poke|p2|Dragonite, M|
|poke|p2|Samurott-Hisui, F|
|poke|p2|Jirachi|
|poke|p2|Iron Treads|
|poke|p2|Raging Bolt|
|teampreview
|inactive|Battle timer is ON: inactive players will automatically lose when time's up. (requested by ChillLanturnYT)
|inactive|blazingvalkrie also wants the timer to be on.
|
|t:|1779607765
|teamsize|p1|6
|teamsize|p2|6
|start
|switch|p1a: Iron Boulder|Iron Boulder|100/100
|switch|p2a: Exeggutor|Exeggutor, F|100/100
|-enditem|p1a: Iron Boulder|Booster Energy
|-activate|p1a: Iron Boulder|ability: Quark Drive|[fromitem]
|-start|p1a: Iron Boulder|quarkdriveatk
|turn|1
|
|t:|1779607785
|switch|p2a: Iron Treads|Iron Treads|100/100
|move|p1a: Iron Boulder|Megahorn|p2a: Iron Treads|[miss]
|-miss|p1a: Iron Boulder|p2a: Iron Treads
|
|upkeep
|turn|2
|
|t:|1779607803
|-end|p1a: Iron Boulder|Quark Drive|[silent]
|switch|p1a: Corviknight|Corviknight, M, shiny|100/100
|-ability|p1a: Corviknight|Pressure
|move|p2a: Iron Treads|Earthquake|p1a: Corviknight
|-immune|p1a: Corviknight
|
|upkeep
|turn|3
|
|t:|1779607812
|move|p2a: Iron Treads|Knock Off|p1a: Corviknight
|-damage|p1a: Corviknight|73/100
|-enditem|p1a: Corviknight|Leftovers|[from] move: Knock Off|[of] p2a: Iron Treads
|move|p1a: Corviknight|Iron Defense|p1a: Corviknight
|-boost|p1a: Corviknight|def|2
|
|upkeep
|turn|4
|
|t:|1779607820
|-end|p2a: Iron Treads|Quark Drive|[silent]
|switch|p2a: Raging Bolt|Raging Bolt|100/100
|move|p1a: Corviknight|Body Press|p2a: Raging Bolt
|-damage|p2a: Raging Bolt|62/100
|
|upkeep
|turn|5
|
|t:|1779607831
|-end|p2a: Raging Bolt|Protosynthesis|[silent]
|switch|p2a: Iron Treads|Iron Treads|100/100
|move|p1a: Corviknight|Thief|p2a: Iron Treads
|-damage|p2a: Iron Treads|86/100
|-enditem|p2a: Iron Treads|Leftovers|[silent]|[from] move: Thief|[of] p1a: Corviknight
|-item|p1a: Corviknight|Leftovers|[from] move: Thief|[of] p2a: Iron Treads
|
|-heal|p1a: Corviknight|80/100|[from] item: Leftovers
|upkeep
|turn|6
|
|t:|1779607840
|move|p2a: Iron Treads|Knock Off|p1a: Corviknight
|-damage|p1a: Corviknight|66/100
|-enditem|p1a: Corviknight|Leftovers|[from] move: Knock Off|[of] p2a: Iron Treads
|move|p1a: Corviknight|Body Press|p2a: Iron Treads
|-supereffective|p2a: Iron Treads
|-damage|p2a: Iron Treads|5/100
|
|upkeep
|turn|7
|
|t:|1779607844
|move|p2a: Iron Treads|Stealth Rock|p1a: Corviknight
|-sidestart|p1: blazingvalkrie|move: Stealth Rock
|move|p1a: Corviknight|Iron Defense|p1a: Corviknight
|-boost|p1a: Corviknight|def|2
|
|upkeep
|turn|8
|
|t:|1779607854
|move|p2a: Iron Treads|Earthquake|p1a: Corviknight
|-immune|p1a: Corviknight
|move|p1a: Corviknight|Defog|p2a: Iron Treads
|-unboost|p2a: Iron Treads|evasion|1
|-sideend|p1: blazingvalkrie|Stealth Rock|[from] move: Defog|[of] p1a: Corviknight
|
|upkeep
|turn|9
|
|t:|1779607861
|move|p2a: Iron Treads|Stealth Rock|p1a: Corviknight
|-sidestart|p1: blazingvalkrie|move: Stealth Rock
|move|p1a: Corviknight|Thief|p2a: Iron Treads
|-crit|p2a: Iron Treads
|-damage|p2a: Iron Treads|0 fnt
|faint|p2a: Iron Treads
|-end|p2a: Iron Treads|Quark Drive|[silent]
|
|upkeep
|
|t:|1779607868
|switch|p2a: Raging Bolt|Raging Bolt|62/100
|turn|10
|
|t:|1779607883
|move|p2a: Raging Bolt|Thunderbolt|p1a: Corviknight
|-supereffective|p1a: Corviknight
|-damage|p1a: Corviknight|0 fnt
|faint|p1a: Corviknight
|
|upkeep
|
|t:|1779607886
|switch|p1a: Excadrill|Excadrill, M, shiny|100/100
|-ability|p1a: Excadrill|Mold Breaker
|turn|11
|
|t:|1779607894
|-end|p2a: Raging Bolt|Protosynthesis|[silent]
|switch|p2a: Exeggutor|Exeggutor, F|100/100
|move|p1a: Excadrill|Earthquake|p2a: Exeggutor
|-resisted|p2a: Exeggutor
|-damage|p2a: Exeggutor|68/100
|
|upkeep
|turn|12
|
|t:|1779607897
|move|p1a: Excadrill|Rapid Spin|p2a: Exeggutor
|-damage|p2a: Exeggutor|44/100
|-boost|p1a: Excadrill|spe|1
|-sideend|p1: blazingvalkrie|Stealth Rock|[from] move: Rapid Spin|[of] p1a: Excadrill
|move|p2a: Exeggutor|Substitute|p2a: Exeggutor
|-start|p2a: Exeggutor|Substitute
|-damage|p2a: Exeggutor|19/100
|-enditem|p2a: Exeggutor|Starf Berry|[eat]
|-boost|p2a: Exeggutor|spd|2|[from] item: Starf Berry
|
|-item|p2a: Exeggutor|Starf Berry|[from] ability: Harvest
|upkeep
|-enditem|p2a: Exeggutor|Starf Berry|[eat]
|-boost|p2a: Exeggutor|spa|2|[from] item: Starf Berry
|turn|13
|
|t:|1779607910
|move|p1a: Excadrill|Iron Head|p2a: Exeggutor
|-end|p2a: Exeggutor|Substitute
|move|p2a: Exeggutor|Giga Drain|p1a: Excadrill
|-damage|p1a: Excadrill|0 fnt
|-heal|p2a: Exeggutor|74/100|[from] drain|[of] p1a: Excadrill
|faint|p1a: Excadrill
|
|-item|p2a: Exeggutor|Starf Berry|[from] ability: Harvest
|upkeep
|
|t:|1779607920
|switch|p1a: Araquanid|Araquanid, F, shiny|100/100
|turn|14
|
|t:|1779607931
|-terastallize|p1a: Araquanid|Poison
|move|p2a: Exeggutor|Substitute|p2a: Exeggutor
|-start|p2a: Exeggutor|Substitute
|-damage|p2a: Exeggutor|49/100
|move|p1a: Araquanid|X-Scissor|p2a: Exeggutor
|-supereffective|p2a: Exeggutor
|-end|p2a: Exeggutor|Substitute
|
|upkeep
|turn|15
|
|t:|1779607939
|-terastallize|p2a: Exeggutor|Fairy
|move|p2a: Exeggutor|Substitute|p2a: Exeggutor
|-start|p2a: Exeggutor|Substitute
|-damage|p2a: Exeggutor|24/100
|-enditem|p2a: Exeggutor|Starf Berry|[eat]
|-boost|p2a: Exeggutor|spa|2|[from] item: Starf Berry
|move|p1a: Araquanid|X-Scissor|p2a: Exeggutor
|-resisted|p2a: Exeggutor
|-activate|p2a: Exeggutor|move: Substitute|[damage]
|
|upkeep
|turn|16
|
|t:|1779607951
|move|p2a: Exeggutor|Stored Power|p1a: Araquanid
|-supereffective|p1a: Araquanid
|-damage|p1a: Araquanid|0 fnt
|faint|p1a: Araquanid
|
|-item|p2a: Exeggutor|Starf Berry|[from] ability: Harvest
|upkeep
|-enditem|p2a: Exeggutor|Starf Berry|[eat]
|-boost|p2a: Exeggutor|atk|2|[from] item: Starf Berry
|
|t:|1779607956
|switch|p1a: Zapdos|Zapdos|100/100
|-ability|p1a: Zapdos|Pressure
|turn|17
|
|t:|1779607965
|move|p1a: Zapdos|Discharge|p2a: Exeggutor
|-end|p2a: Exeggutor|Substitute
|move|p2a: Exeggutor|Stored Power|p1a: Zapdos
|-damage|p1a: Zapdos|0 fnt
|faint|p1a: Zapdos
|
|-item|p2a: Exeggutor|Starf Berry|[from] ability: Harvest
|upkeep
|-enditem|p2a: Exeggutor|Starf Berry|[eat]
|-boost|p2a: Exeggutor|spa|2|[from] item: Starf Berry
|
|t:|1779607969
|switch|p1a: Iron Boulder|Iron Boulder|100/100
|turn|18
|
|t:|1779607978
|move|p1a: Iron Boulder|Mighty Cleave|p2a: Exeggutor
|-damage|p2a: Exeggutor|0 fnt
|faint|p2a: Exeggutor
|
|upkeep
|
|t:|1779607981
|switch|p2a: Samurott|Samurott-Hisui, F|100/100
|turn|19
|
|t:|1779607986
|move|p2a: Samurott|Razor Shell|p1a: Iron Boulder
|-supereffective|p1a: Iron Boulder
|-damage|p1a: Iron Boulder|0 fnt
|faint|p1a: Iron Boulder
|-end|p1a: Iron Boulder|Quark Drive|[silent]
|
|upkeep
|
|t:|1779607989
|switch|p1a: Garganacl|Garganacl, F, shiny|100/100
|turn|20
|
|t:|1779607993
|move|p2a: Samurott|Razor Shell|p1a: Garganacl
|-supereffective|p1a: Garganacl
|-damage|p1a: Garganacl|35/100
|-unboost|p1a: Garganacl|def|1
|move|p1a: Garganacl|Body Press|p2a: Samurott
|-supereffective|p2a: Samurott
|-damage|p2a: Samurott|56/100
|
|upkeep
|turn|21
|
|t:|1779607997
|move|p2a: Samurott|Razor Shell|p1a: Garganacl
|-supereffective|p1a: Garganacl
|-damage|p1a: Garganacl|0 fnt
|faint|p1a: Garganacl
|
|win|ChillLanturnYT
|raw|blazingvalkrie's rating: 1194 &rarr; <strong>1171</strong><br />(-23 for losing)
|raw|ChillLanturnYT's rating: 1217 &rarr; <strong>1240</strong><br />(+23 for winning)
|l|☆blazingvalkrie
|player|p1|
