|j|☆ViolaAntonier
|j|☆lokixenjoyer738
|t:|1779566062
|gametype|singles
|player|p1|ViolaAntonier|169|1324
|player|p2|lokixenjoyer738|2|1345
|gen|9
|tier|[Gen 9] OU
|rated|
|rule|HP Percentage Mod: HP is shown in percentages
|rule|Endless Battle Clause: Forcing endless battles is banned
|rule|Species Clause: Limit one of each Pokémon
|rule|OHKO Clause: OHKO moves are banned
|rule|Evasion Items Clause: Evasion items are banned
|rule|Evasion Moves Clause: Evasion moves are banned
|rule|Evasion Abilities Clause: Evasion abilities are banned
|rule|Sleep Moves Clause: Sleep-inducing moves are banned
|clearpoke
|poke|p1|Slowking-Galar, M|
|poke|p1|Dragapult, F|
|poke|p1|Zamazenta-*|
|poke|p1|Samurott-Hisui, F|
|poke|p1|Iron Treads|
|poke|p1|Alomomola, F|
|poke|p2|Kingambit, M|
|poke|p2|Kommo-o, F|
|poke|p2|Iron Valiant|
|poke|p2|Kyurem|
|poke|p2|Iron Treads|
|poke|p2|Iron Crown|
|teampreview
|inactive|Battle timer is ON: inactive players will automatically lose when time's up. (requested by lokixenjoyer738)
|inactive|ViolaAntonier also wants the timer to be on.
|inactive|ViolaAntonier has 120 seconds left.
|inactive|lokixenjoyer738 has 120 seconds left.
|
|t:|1779566100
|teamsize|p1|6
|teamsize|p2|6
|start
|switch|p1a: Dragapult|Dragapult, F|100/100
|switch|p2a: Kyurem|Kyurem|100/100
|-ability|p2a: Kyurem|Pressure
|turn|1
|
|t:|1779566108
|switch|p1a: Slowking|Slowking-Galar, M|100/100
|move|p2a: Kyurem|Scale Shot|p1a: Slowking
|-damage|p1a: Slowking|86/100
|-damage|p1a: Slowking|71/100
|-damage|p1a: Slowking|58/100
|-damage|p1a: Slowking|44/100
|-damage|p1a: Slowking|31/100
|-hitcount|p1a: Slowking|5
|-unboost|p2a: Kyurem|def|1
|-boost|p2a: Kyurem|spe|1
|
|upkeep
|turn|2
|
|t:|1779566120
|move|p2a: Kyurem|Dragon Dance|p2a: Kyurem
|-boost|p2a: Kyurem|atk|1
|-boost|p2a: Kyurem|spe|1
|move|p1a: Slowking|Thunder Wave|p2a: Kyurem
|-status|p2a: Kyurem|par
|
|upkeep
|turn|3
|
|t:|1779566129
|switch|p1a: Zamazenta|Zamazenta|100/100
|-ability|p1a: Zamazenta|Dauntless Shield|boost
|-boost|p1a: Zamazenta|def|1
|move|p2a: Kyurem|Scale Shot|p1a: Zamazenta
|-damage|p1a: Zamazenta|90/100
|-damage|p1a: Zamazenta|82/100
|-damage|p1a: Zamazenta|73/100
|-damage|p1a: Zamazenta|63/100
|-hitcount|p1a: Zamazenta|4
|-unboost|p2a: Kyurem|def|1
|-boost|p2a: Kyurem|spe|1
|
|-heal|p1a: Zamazenta|69/100|[from] item: Leftovers
|upkeep
|turn|4
|
|t:|1779566150
|move|p2a: Kyurem|Scale Shot|p1a: Zamazenta
|-damage|p1a: Zamazenta|60/100
|-damage|p1a: Zamazenta|52/100
|-damage|p1a: Zamazenta|42/100
|-damage|p1a: Zamazenta|33/100
|-damage|p1a: Zamazenta|23/100
|-hitcount|p1a: Zamazenta|5
|-unboost|p2a: Kyurem|def|1
|-boost|p2a: Kyurem|spe|1
|move|p1a: Zamazenta|Body Press|p2a: Kyurem
|-supereffective|p2a: Kyurem
|-damage|p2a: Kyurem|0 fnt
|faint|p2a: Kyurem
|
|-heal|p1a: Zamazenta|30/100|[from] item: Leftovers
|upkeep
|inactive|lokixenjoyer738 has 120 seconds left.
|
|t:|1779566171
|switch|p2a: Iron Valiant|Iron Valiant|100/100
|-enditem|p2a: Iron Valiant|Booster Energy
|-activate|p2a: Iron Valiant|ability: Quark Drive|[fromitem]
|-start|p2a: Iron Valiant|quarkdrivespe
|turn|5
|inactive|lokixenjoyer738 has 120 seconds left.
|
|t:|1779566190
|move|p2a: Iron Valiant|Calm Mind|p2a: Iron Valiant
|-boost|p2a: Iron Valiant|spa|1
|-boost|p2a: Iron Valiant|spd|1
|move|p1a: Zamazenta|Body Press|p2a: Iron Valiant
|-resisted|p2a: Iron Valiant
|-damage|p2a: Iron Valiant|66/100
|
|-heal|p1a: Zamazenta|36/100|[from] item: Leftovers
|upkeep
|turn|6
|
|t:|1779566198
|move|p2a: Iron Valiant|Moonblast|p1a: Zamazenta
|-supereffective|p1a: Zamazenta
|-damage|p1a: Zamazenta|0 fnt
|faint|p1a: Zamazenta
|
|upkeep
|
|t:|1779566203
|switch|p1a: Samurott|Samurott-Hisui, F|100/100
|turn|7
|
|t:|1779566208
|-terastallize|p1a: Samurott|Poison
|move|p2a: Iron Valiant|Moonblast|p1a: Samurott
|-resisted|p1a: Samurott
|-damage|p1a: Samurott|75/100
|move|p1a: Samurott|Razor Shell|p2a: Iron Valiant
|-damage|p2a: Iron Valiant|1/100
|-unboost|p2a: Iron Valiant|def|1
|
|upkeep
|turn|8
|
|t:|1779566217
|move|p1a: Samurott|Sucker Punch|p2a: Iron Valiant
|-resisted|p2a: Iron Valiant
|-damage|p2a: Iron Valiant|0 fnt
|faint|p2a: Iron Valiant
|-end|p2a: Iron Valiant|Quark Drive|[silent]
|
|upkeep
|
|t:|1779566227
|switch|p2a: Kommo-o|Kommo-o, F|100/100
|turn|9
|
|t:|1779566240
|switch|p1a: Slowking|Slowking-Galar, M|65/100
|move|p2a: Kommo-o|Clangorous Soul|p2a: Kommo-o
|-boost|p2a: Kommo-o|atk|1
|-boost|p2a: Kommo-o|def|1
|-boost|p2a: Kommo-o|spa|1
|-boost|p2a: Kommo-o|spd|1
|-boost|p2a: Kommo-o|spe|1
|-damage|p2a: Kommo-o|68/100
|
|-heal|p2a: Kommo-o|74/100|[from] item: Leftovers
|upkeep
|turn|10
|
|t:|1779566250
|move|p2a: Kommo-o|Substitute|p2a: Kommo-o
|-start|p2a: Kommo-o|Substitute
|-damage|p2a: Kommo-o|49/100
|move|p1a: Slowking|Thunder Wave||[still]
|-fail|p1a: Slowking
|
|-heal|p2a: Kommo-o|55/100|[from] item: Leftovers
|upkeep
|turn|11
|
|t:|1779566259
|move|p2a: Kommo-o|Shadow Claw|p1a: Slowking
|-supereffective|p1a: Slowking
|-damage|p1a: Slowking|5/100
|move|p1a: Slowking|Future Sight|p2a: Kommo-o
|-start|p1a: Slowking|move: Future Sight
|
|-heal|p2a: Kommo-o|61/100|[from] item: Leftovers
|upkeep
|turn|12
|
|t:|1779566268
|move|p2a: Kommo-o|Drain Punch|p1a: Slowking
|-resisted|p1a: Slowking
|-damage|p1a: Slowking|0 fnt
|-heal|p2a: Kommo-o|64/100|[from] drain|[of] p1a: Slowking
|faint|p1a: Slowking
|
|-heal|p2a: Kommo-o|70/100|[from] item: Leftovers
|upkeep
|
|t:|1779566275
|switch|p1a: Dragapult|Dragapult, F|100/100
|turn|13
|
|t:|1779566280
|-terastallize|p2a: Kommo-o|Ghost
|move|p2a: Kommo-o|Shadow Claw|p1a: Dragapult
|-supereffective|p1a: Dragapult
|-damage|p1a: Dragapult|0 fnt
|faint|p1a: Dragapult
|
|-end|p2a: Kommo-o|move: Future Sight
|-end|p2a: Kommo-o|Substitute
|-heal|p2a: Kommo-o|76/100|[from] item: Leftovers
|upkeep
|-message|ViolaAntonier forfeited.
|
|win|lokixenjoyer738
|raw|ViolaAntonier's rating: 1324 &rarr; <strong>1305</strong><br />(-19 for losing)
|raw|lokixenjoyer738's rating: 1345 &rarr; <strong>1364</strong><br />(+19 for winning)
