|j|☆Vieux Paresseux
|j|☆Xiguana
|t:|1779635656
|gametype|singles
|player|p1|Vieux Paresseux|collector|1380
|player|p2|Xiguana|102|1401
|gen|9
|tier|[Gen 9] OU
|rated|
|rule|HP Percentage Mod: HP is shown in percentages
|rule|Endless Battle Clause: Forcing endless battles is banned
|rule|Species Clause: Limit one of each Pokémon
|rule|OHKO Clause: OHKO moves are banned
|rule|Evasion Items Clause: Evasion items are banned
|rule|Evasion Moves Clause: Evasion moves are banned
|rule|Evasion Abilities Clause: Evasion abilities are banned
|rule|Sleep Moves Clause: Sleep-inducing moves are banned
|clearpoke
|poke|p1|Dragonite, F|
|poke|p1|Snorlax, M|
|poke|p1|Lapras, M|
|poke|p1|Moltres|
|poke|p1|Scizor, M|
|poke|p1|Gengar, M|
|poke|p2|Zamazenta-*|
|poke|p2|Dragapult, F|
|poke|p2|Pecharunt|
|poke|p2|Ogerpon-Wellspring, F|
|poke|p2|Iron Treads|
|poke|p2|Kingambit, F|
|teampreview
|inactive|Battle timer is ON: inactive players will automatically lose when time's up. (requested by Vieux Paresseux)
|
|t:|1779635699
|teamsize|p1|6
|teamsize|p2|6
|start
|switch|p1a: L'Eau Glace|Lapras, M|100/100
|switch|p2a: Zamazenta|Zamazenta|100/100
|-ability|p2a: Zamazenta|Dauntless Shield|boost
|-boost|p2a: Zamazenta|def|1
|turn|1
|
|t:|1779635713
|switch|p1a: Fried chicken|Moltres|100/100
|move|p2a: Zamazenta|Close Combat|p1a: Fried chicken
|-resisted|p1a: Fried chicken
|-damage|p1a: Fried chicken|83/100
|-unboost|p2a: Zamazenta|def|1
|-unboost|p2a: Zamazenta|spd|1
|
|upkeep
|turn|2
|
|t:|1779635716
|move|p2a: Zamazenta|Light Screen|p2a: Zamazenta
|-sidestart|p2: Xiguana|move: Light Screen
|move|p1a: Fried chicken|U-turn|p2a: Zamazenta
|-resisted|p2a: Zamazenta
|-damage|p2a: Zamazenta|94/100
|
|t:|1779635723
|switch|p1a: Fat Cat|Snorlax, M|100/100|[from] U-turn
|
|upkeep
|turn|3
|
|t:|1779635728
|switch|p1a: Fried chicken|Moltres|83/100
|move|p2a: Zamazenta|Close Combat|p1a: Fried chicken
|-resisted|p1a: Fried chicken
|-damage|p1a: Fried chicken|68/100
|-unboost|p2a: Zamazenta|def|1
|-unboost|p2a: Zamazenta|spd|1
|
|upkeep
|turn|4
|
|t:|1779635731
|move|p2a: Zamazenta|Reflect|p2a: Zamazenta
|-sidestart|p2: Xiguana|Reflect
|move|p1a: Fried chicken|Air Slash|p2a: Zamazenta
|-supereffective|p2a: Zamazenta
|-damage|p2a: Zamazenta|41/100
|
|upkeep
|turn|5
|
|t:|1779635748
|switch|p2a: Dragapult|Dragapult, F|100/100
|move|p1a: Fried chicken|Roost|p1a: Fried chicken
|-heal|p1a: Fried chicken|100/100
|-singleturn|p1a: Fried chicken|move: Roost
|
|upkeep
|turn|6
|
|t:|1779635754
|move|p2a: Dragapult|Substitute|p2a: Dragapult
|-start|p2a: Dragapult|Substitute
|-damage|p2a: Dragapult|76/100
|move|p1a: Fried chicken|U-turn|p2a: Dragapult
|-resisted|p2a: Dragapult
|-activate|p2a: Dragapult|move: Substitute|[damage]
|
|t:|1779635767
|switch|p1a: Fat Cat|Snorlax, M|100/100|[from] U-turn
|
|-heal|p2a: Dragapult|82/100|[from] item: Leftovers
|upkeep
|turn|7
|j| Test g17
|
|t:|1779635775
|move|p2a: Dragapult|Dragon Dance|p2a: Dragapult
|-boost|p2a: Dragapult|atk|1
|-boost|p2a: Dragapult|spe|1
|move|p1a: Fat Cat|Ice Punch|p2a: Dragapult
|-supereffective|p2a: Dragapult
|-end|p2a: Dragapult|Substitute
|
|-heal|p2a: Dragapult|88/100|[from] item: Leftovers
|upkeep
|turn|8
|
|t:|1779635792
|-terastallize|p2a: Dragapult|Dragon
|move|p2a: Dragapult|Dragon Darts|p1a: Fat Cat
|-damage|p1a: Fat Cat|57/100
|-anim|p2a: Dragapult|Dragon Darts|p1a: Fat Cat
|-damage|p1a: Fat Cat|14/100
|move|p1a: Fat Cat|Ice Punch|p2a: Dragapult
|-supereffective|p2a: Dragapult
|-damage|p2a: Dragapult|56/100
|
|-heal|p2a: Dragapult|62/100|[from] item: Leftovers
|upkeep
|turn|9
|
|t:|1779635807
|move|p2a: Dragapult|Dragon Darts|p1a: Fat Cat
|-damage|p1a: Fat Cat|0 fnt
|faint|p1a: Fat Cat
|
|-heal|p2a: Dragapult|68/100|[from] item: Leftovers
|-sideend|p2: Xiguana|move: Light Screen
|upkeep
|
|t:|1779635813
|switch|p1a: L'Eau Glace|Lapras, M|100/100
|turn|10
|
|t:|1779635821
|move|p2a: Dragapult|Dragon Dance|p2a: Dragapult
|-boost|p2a: Dragapult|atk|1
|-boost|p2a: Dragapult|spe|1
|move|p1a: L'Eau Glace|Freeze-Dry|p2a: Dragapult
|-supereffective|p2a: Dragapult
|-damage|p2a: Dragapult|0 fnt
|faint|p2a: Dragapult
|
|upkeep
|
|t:|1779635832
|switch|p2a: Ogerpon|Ogerpon-Wellspring, F|100/100
|turn|11
|
|t:|1779635844
|move|p2a: Ogerpon|Swords Dance|p2a: Ogerpon
|-boost|p2a: Ogerpon|atk|2
|move|p1a: L'Eau Glace|Freeze-Dry|p2a: Ogerpon
|-supereffective|p2a: Ogerpon
|-damage|p2a: Ogerpon|0 fnt
|faint|p2a: Ogerpon
|
|-sideend|p2: Xiguana|Reflect
|upkeep
|
|t:|1779635853
|switch|p2a: Pecharunt|Pecharunt|100/100
|turn|12
|
|t:|1779635857
|switch|p1a: Gengar|Gengar, M|100/100
|move|p2a: Pecharunt|Nasty Plot|p2a: Pecharunt
|-boost|p2a: Pecharunt|spa|2
|
|upkeep
|turn|13
|
|t:|1779635863
|move|p1a: Gengar|Destiny Bond|p1a: Gengar
|-singlemove|p1a: Gengar|Destiny Bond
|move|p2a: Pecharunt|Shadow Ball|p1a: Gengar
|-supereffective|p1a: Gengar
|-damage|p1a: Gengar|0 fnt
|faint|p1a: Gengar
|-activate|p1a: Gengar|move: Destiny Bond
|faint|p2a: Pecharunt
|
|upkeep
|
|t:|1779635868
|switch|p1a: Fried chicken|Moltres|100/100
|switch|p2a: Zamazenta|Zamazenta|41/100
|turn|14
|
|t:|1779635871
|move|p2a: Zamazenta|Light Screen|p2a: Zamazenta
|-sidestart|p2: Xiguana|move: Light Screen
|move|p1a: Fried chicken|Air Slash|p2a: Zamazenta
|-supereffective|p2a: Zamazenta
|-damage|p2a: Zamazenta|15/100
|
|upkeep
|turn|15
|
|t:|1779635882
|switch|p2a: Kingambit|Kingambit, F|100/100
|-activate|p2a: Kingambit|ability: Supreme Overlord
|-start|p2a: Kingambit|fallen3|[silent]
|move|p1a: Fried chicken|Air Slash|p2a: Kingambit
|-resisted|p2a: Kingambit
|-damage|p2a: Kingambit|91/100
|
|-heal|p2a: Kingambit|98/100|[from] item: Leftovers
|upkeep
|turn|16
|
|t:|1779635885
|move|p2a: Kingambit|Swords Dance|p2a: Kingambit
|-boost|p2a: Kingambit|atk|2
|move|p1a: Fried chicken|Flamethrower|p2a: Kingambit
|-supereffective|p2a: Kingambit
|-damage|p2a: Kingambit|54/100
|
|-heal|p2a: Kingambit|60/100|[from] item: Leftovers
|upkeep
|turn|17
|
|t:|1779635900
|move|p2a: Kingambit|Kowtow Cleave|p1a: Fried chicken
|-damage|p1a: Fried chicken|17/100
|move|p1a: Fried chicken|Flamethrower|p2a: Kingambit
|-supereffective|p2a: Kingambit
|-damage|p2a: Kingambit|16/100
|
|-heal|p2a: Kingambit|22/100|[from] item: Leftovers
|upkeep
|turn|18
|
|t:|1779635907
|move|p2a: Kingambit|Kowtow Cleave|p1a: Fried chicken
|-damage|p1a: Fried chicken|0 fnt
|faint|p1a: Fried chicken
|
|-heal|p2a: Kingambit|29/100|[from] item: Leftovers
|upkeep
|
|t:|1779635914
|switch|p1a: What's up|Dragonite, F|100/100
|turn|19
|
|t:|1779635933
|move|p1a: What's up|Earthquake|p2a: Kingambit
|-supereffective|p2a: Kingambit
|-damage|p2a: Kingambit|0 fnt
|faint|p2a: Kingambit
|-end|p2a: Kingambit|fallen3|[silent]
|
|upkeep
|
|t:|1779635935
|switch|p2a: Iron Treads|Iron Treads|100/100
|-enditem|p2a: Iron Treads|Booster Energy
|-activate|p2a: Iron Treads|ability: Quark Drive|[fromitem]
|-start|p2a: Iron Treads|quarkdrivespe
|turn|20
|-message|Xiguana forfeited.
|
|win|Vieux Paresseux
|raw|Vieux Paresseux's rating: 1380 &rarr; <strong>1401</strong><br />(+21 for winning)
|raw|Xiguana's rating: 1401 &rarr; <strong>1380</strong><br />(-21 for losing)
|l|☆Xiguana
|player|p2|
|c|☆Vieux Paresseux|gg
|l| Test g17
|l|☆Vieux Paresseux
|player|p1|
