|j|☆nchiitoo
|j|☆Gimmicksquad
|t:|1779578951
|gametype|singles
|player|p1|nchiitoo|cynthia-gen4|1422
|player|p2|Gimmicksquad|102|1448
|gen|9
|tier|[Gen 9] OU
|rated|
|rule|HP Percentage Mod: HP is shown in percentages
|rule|Endless Battle Clause: Forcing endless battles is banned
|rule|Species Clause: Limit one of each Pokémon
|rule|OHKO Clause: OHKO moves are banned
|rule|Evasion Items Clause: Evasion items are banned
|rule|Evasion Moves Clause: Evasion moves are banned
|rule|Evasion Abilities Clause: Evasion abilities are banned
|rule|Sleep Moves Clause: Sleep-inducing moves are banned
|clearpoke
|poke|p1|Iron Valiant|
|poke|p1|Great Tusk|
|poke|p1|Dragonite, F|
|poke|p1|Deoxys-Speed|
|poke|p1|Glimmora, F|
|poke|p1|Kingambit, F|
|poke|p2|Donphan, L6, M|
|poke|p2|Lapras, F|
|poke|p2|Ditto|
|poke|p2|Cloyster, M|
|poke|p2|Zamazenta-*|
|poke|p2|Smeargle, M|
|teampreview
|inactive|Battle timer is ON: inactive players will automatically lose when time's up. (requested by nchiitoo)
|
|t:|1779578967
|teamsize|p1|6
|teamsize|p2|6
|start
|switch|p1a: Glimmora|Glimmora, F|100/100
|switch|p2a: Donphan|Donphan, L6, M|100/100
|turn|1
|
|t:|1779578978
|switch|p2a: Ditto|Ditto|100/100
|-transform|p2a: Ditto|p1a: Glimmora|[from] ability: Imposter
|move|p1a: Glimmora|Earth Power|p2a: Ditto
|-supereffective|p2a: Ditto
|-enditem|p2a: Ditto|Focus Sash
|-damage|p2a: Ditto|1/100
|
|upkeep
|turn|2
|
|t:|1779578988
|switch|p1a: Dragonite|Dragonite, F|100/100
|move|p2a: Ditto|Earth Power|p1a: Dragonite
|-immune|p1a: Dragonite
|
|upkeep
|turn|3
|
|t:|1779578998
|move|p1a: Dragonite|Extreme Speed|p2a: Ditto
|-resisted|p2a: Ditto
|-damage|p2a: Ditto|0 fnt
|-activate|p2a: Ditto|ability: Toxic Debris
|-sidestart|p1: nchiitoo|move: Toxic Spikes
|faint|p2a: Ditto
|
|upkeep
|
|t:|1779579016
|switch|p2a: Smeargle|Smeargle, M|100/100
|turn|4
|
|t:|1779579021
|move|p2a: Smeargle|Trick|p1a: Dragonite
|-activate|p2a: Smeargle|move: Trick|[of] p1a: Dragonite
|-item|p1a: Dragonite|Choice Scarf|[from] move: Trick
|-item|p2a: Smeargle|Leftovers|[from] move: Trick
|move|p1a: Dragonite|Earthquake|p2a: Smeargle
|-damage|p2a: Smeargle|12/100
|
|-heal|p2a: Smeargle|18/100|[from] item: Leftovers
|upkeep
|turn|5
|
|t:|1779579033
|switch|p2a: Lapras|Lapras, F|100/100
|move|p1a: Dragonite|Earthquake|p2a: Lapras
|-damage|p2a: Lapras|75/100
|
|upkeep
|turn|6
|
|t:|1779579042
|switch|p1a: Glimmora|Glimmora, F|100/100
|-sideend|p1: nchiitoo|move: Toxic Spikes|[of] p1a: Glimmora
|move|p2a: Lapras|Whirlpool|p1a: Glimmora
|-supereffective|p1a: Glimmora
|-crit|p1a: Glimmora
|-damage|p1a: Glimmora|58/100
|-activate|p1a: Glimmora|move: Whirlpool|[of] p2a: Lapras
|
|-damage|p1a: Glimmora|45/100|[from] move: Whirlpool|[partiallytrapped]
|upkeep
|turn|7
|
|t:|1779579071
|switch|p2a: Donphan|Donphan, L6, M|100/100
|move|p1a: Glimmora|Meteor Beam||[still]
|-prepare|p1a: Glimmora|Meteor Beam
|-boost|p1a: Glimmora|spa|1
|-enditem|p1a: Glimmora|Power Herb
|-anim|p1a: Glimmora|Meteor Beam|p2a: Donphan
|-resisted|p2a: Donphan
|-ability|p2a: Donphan|Sturdy
|-damage|p2a: Donphan|4/100
|
|-end|p1a: Glimmora|Whirlpool|[partiallytrapped]|[silent]
|upkeep
|turn|8
|
|t:|1779579078
|move|p1a: Glimmora|Earth Power|p2a: Donphan
|-damage|p2a: Donphan|0 fnt
|faint|p2a: Donphan
|
|upkeep
|
|t:|1779579085
|switch|p2a: Smeargle|Smeargle, M|18/100
|turn|9
|
|t:|1779579093
|move|p2a: Smeargle|Destiny Bond|p2a: Smeargle
|-singlemove|p2a: Smeargle|Destiny Bond
|move|p1a: Glimmora|Earth Power|p2a: Smeargle
|-damage|p2a: Smeargle|0 fnt
|faint|p2a: Smeargle
|-activate|p2a: Smeargle|move: Destiny Bond
|faint|p1a: Glimmora
|
|upkeep
|
|t:|1779579102
|switch|p2a: Cloyster|Cloyster, M|100/100
|switch|p1a: Kingambit|Kingambit, F|100/100
|-activate|p1a: Kingambit|ability: Supreme Overlord
|-start|p1a: Kingambit|fallen1|[silent]
|turn|10
|
|t:|1779579117
|move|p2a: Cloyster|Shell Smash|p2a: Cloyster
|-unboost|p2a: Cloyster|def|1
|-unboost|p2a: Cloyster|spd|1
|-boost|p2a: Cloyster|atk|2
|-boost|p2a: Cloyster|spa|2
|-boost|p2a: Cloyster|spe|2
|move|p1a: Kingambit|Low Kick|p2a: Cloyster
|-supereffective|p2a: Cloyster
|-enditem|p2a: Cloyster|Focus Sash
|-damage|p2a: Cloyster|1/100
|
|upkeep
|turn|11
|
|t:|1779579125
|move|p1a: Kingambit|Sucker Punch|p2a: Cloyster
|-damage|p2a: Cloyster|0 fnt
|faint|p2a: Cloyster
|
|upkeep
|
|t:|1779579126
|switch|p2a: Zamazenta|Zamazenta, shiny|100/100
|-ability|p2a: Zamazenta|Dauntless Shield|boost
|-boost|p2a: Zamazenta|def|1
|turn|12
|
|t:|1779579133
|-end|p1a: Kingambit|fallen1|[silent]
|switch|p1a: Deoxys|Deoxys-Speed|100/100
|-ability|p1a: Deoxys|Pressure
|move|p2a: Zamazenta|Iron Defense|p2a: Zamazenta
|-boost|p2a: Zamazenta|def|2
|
|upkeep
|turn|13
|
|t:|1779579138
|move|p1a: Deoxys|Psycho Boost|p2a: Zamazenta
|-supereffective|p2a: Zamazenta
|-damage|p2a: Zamazenta|0 fnt
|-unboost|p1a: Deoxys|spa|2
|faint|p2a: Zamazenta
|
|upkeep
|-message|Gimmicksquad forfeited.
|
|win|nchiitoo
|raw|nchiitoo's rating: 1422 &rarr; <strong>1443</strong><br />(+21 for winning)
|raw|Gimmicksquad's rating: 1448 &rarr; <strong>1427</strong><br />(-21 for losing)
|l|☆Gimmicksquad
|player|p2|
|l|☆nchiitoo
|player|p1|
