|j|☆claudechamp
|j|☆TYUOG
|t:|1779714531
|gametype|singles
|player|p1|claudechamp|102|1198
|player|p2|TYUOG|266|1172
|gen|9
|tier|[Gen 9] OU
|rated|
|rule|HP Percentage Mod: HP is shown in percentages
|rule|Endless Battle Clause: Forcing endless battles is banned
|rule|Species Clause: Limit one of each Pokémon
|rule|OHKO Clause: OHKO moves are banned
|rule|Evasion Items Clause: Evasion items are banned
|rule|Evasion Moves Clause: Evasion moves are banned
|rule|Evasion Abilities Clause: Evasion abilities are banned
|rule|Sleep Moves Clause: Sleep-inducing moves are banned
|clearpoke
|poke|p1|Gliscor, M|
|poke|p1|Ogerpon, F|
|poke|p1|Walking Wake|
|poke|p1|Blissey, F|
|poke|p1|Corviknight, M|
|poke|p1|Pecharunt|
|poke|p2|Corviknight, F|
|poke|p2|Heatran, F|
|poke|p2|Ogerpon-Wellspring, F|
|poke|p2|Landorus-Therian, M|
|poke|p2|Cinderace, M|
|poke|p2|Zamazenta-*|
|teampreview
|c|☆claudechamp|hf
|inactive|Battle timer is ON: inactive players will automatically lose when time's up. (requested by claudechamp)
|
|t:|1779714540
|teamsize|p1|6
|teamsize|p2|6
|start
|switch|p1a: Gliscor|Gliscor, M|100/100
|switch|p2a: Corviknight|Corviknight, F, shiny|100/100
|-ability|p2a: Corviknight|Pressure
|turn|1
|
|t:|1779714547
|move|p1a: Gliscor|Spikes|p2a: Corviknight
|-sidestart|p2: TYUOG|Spikes
|move|p2a: Corviknight|Bulk Up|p2a: Corviknight
|-boost|p2a: Corviknight|atk|1
|-boost|p2a: Corviknight|def|1
|
|-status|p1a: Gliscor|tox|[from] item: Toxic Orb
|upkeep
|turn|2
|
|t:|1779714554
|switch|p1a: Walking Wake|Walking Wake|100/100
|move|p2a: Corviknight|Defog|p1a: Walking Wake
|-unboost|p1a: Walking Wake|evasion|1
|-sideend|p2: TYUOG|Spikes|[from] move: Defog|[of] p2a: Corviknight
|
|upkeep
|turn|3
|
|t:|1779714563
|move|p1a: Walking Wake|Surf|p2a: Corviknight
|-damage|p2a: Corviknight|61/100
|move|p2a: Corviknight|Dual Wingbeat|p1a: Walking Wake
|-damage|p1a: Walking Wake|82/100
|-damage|p1a: Walking Wake|60/100
|-hitcount|p1a: Walking Wake|2
|
|upkeep
|turn|4
|
|t:|1779714571
|move|p1a: Walking Wake|Surf|p2a: Corviknight
|-damage|p2a: Corviknight|22/100
|move|p2a: Corviknight|Roost|p2a: Corviknight
|-heal|p2a: Corviknight|72/100
|-singleturn|p2a: Corviknight|move: Roost
|
|upkeep
|turn|5
|
|t:|1779714577
|-terastallize|p1a: Walking Wake|Water
|move|p1a: Walking Wake|Surf|p2a: Corviknight
|-damage|p2a: Corviknight|20/100
|move|p2a: Corviknight|Roost|p2a: Corviknight
|-heal|p2a: Corviknight|70/100
|-singleturn|p2a: Corviknight|move: Roost
|
|upkeep
|turn|6
|
|t:|1779714587
|move|p1a: Walking Wake|Surf|p2a: Corviknight
|-damage|p2a: Corviknight|17/100
|move|p2a: Corviknight|Dual Wingbeat|p1a: Walking Wake
|-damage|p1a: Walking Wake|39/100
|-damage|p1a: Walking Wake|19/100
|-hitcount|p1a: Walking Wake|2
|
|upkeep
|turn|7
|
|t:|1779714599
|switch|p2a: Ogerpon|Ogerpon-Wellspring, F|100/100
|move|p1a: Walking Wake|Surf|p2a: Ogerpon
|-immune|p2a: Ogerpon|[from] ability: Water Absorb
|
|upkeep
|turn|8
|
|t:|1779714610
|move|p2a: Ogerpon|Substitute|p2a: Ogerpon
|-start|p2a: Ogerpon|Substitute
|-damage|p2a: Ogerpon|76/100
|move|p1a: Walking Wake|Surf|p2a: Ogerpon
|-heal|p2a: Ogerpon|100/100|[from] ability: Water Absorb|[of] p1a: Walking Wake
|
|upkeep
|turn|9
|
|t:|1779714616
|-end|p1a: Walking Wake|Protosynthesis|[silent]
|switch|p1a: Blissey|Blissey, F|100/100
|move|p2a: Ogerpon|Swords Dance|p2a: Ogerpon
|-boost|p2a: Ogerpon|atk|2
|
|upkeep
|turn|10
|
|t:|1779714624
|-terastallize|p2a: Ogerpon|Water
|detailschange|p2a: Ogerpon|Ogerpon-Wellspring-Tera, F, tera:Water
|-ability|p2a: Ogerpon|Embody Aspect (Wellspring)|boost
|-boost|p2a: Ogerpon|spd|1
|move|p2a: Ogerpon|Ivy Cudgel|p1a: Blissey|[anim] Ivy Cudgel Water
|-damage|p1a: Blissey|0 fnt
|faint|p1a: Blissey
|
|upkeep
|
|t:|1779714626
|switch|p1a: Ogerpon|Ogerpon, F|100/100
|turn|11
|
|t:|1779714637
|move|p2a: Ogerpon|Ivy Cudgel|p1a: Ogerpon|[anim] Ivy Cudgel Water
|-resisted|p1a: Ogerpon
|-damage|p1a: Ogerpon|3/100
|move|p1a: Ogerpon|U-turn|p2a: Ogerpon
|-end|p2a: Ogerpon|Substitute
|
|t:|1779714641
|switch|p1a: Pecharunt|Pecharunt|100/100|[from] U-turn
|
|upkeep
|turn|12
|
|t:|1779714647
|move|p2a: Ogerpon|Substitute|p2a: Ogerpon
|-start|p2a: Ogerpon|Substitute
|-damage|p2a: Ogerpon|76/100
|move|p1a: Pecharunt|Foul Play|p2a: Ogerpon
|-crit|p2a: Ogerpon
|-end|p2a: Ogerpon|Substitute
|
|upkeep
|turn|13
|
|t:|1779714656
|move|p2a: Ogerpon|Ivy Cudgel|p1a: Pecharunt|[anim] Ivy Cudgel Water
|-damage|p1a: Pecharunt|33/100
|move|p1a: Pecharunt|Foul Play|p2a: Ogerpon
|-damage|p2a: Ogerpon|0 fnt
|faint|p2a: Ogerpon
|detailschange|p2: Ogerpon|Ogerpon-Wellspring, F|[silent]
|
|upkeep
|
|t:|1779714672
|switch|p2a: Landorus|Landorus-Therian, M|100/100
|-ability|p2a: Landorus|Intimidate|boost
|-unboost|p1a: Pecharunt|atk|1
|turn|14
|
|t:|1779714679
|move|p2a: Landorus|U-turn|p1a: Pecharunt
|-resisted|p1a: Pecharunt
|-damage|p1a: Pecharunt|29/100
|
|t:|1779714683
|switch|p2a: Corviknight|Corviknight, F, shiny|17/100|[from] U-turn
|-ability|p2a: Corviknight|Pressure
|move|p1a: Pecharunt|Parting Shot|p2a: Corviknight
|-unboost|p2a: Corviknight|atk|1
|-unboost|p2a: Corviknight|spa|1
|
|t:|1779714685
|switch|p1a: Walking Wake|Walking Wake, tera:Water|19/100|[from] Parting Shot
|
|upkeep
|turn|15
|
|t:|1779714696
|move|p1a: Walking Wake|Surf|p2a: Corviknight
|-damage|p2a: Corviknight|0 fnt
|faint|p2a: Corviknight
|
|upkeep
|
|t:|1779714706
|switch|p2a: Landorus|Landorus-Therian, M|100/100
|-ability|p2a: Landorus|Intimidate|boost
|-unboost|p1a: Walking Wake|atk|1
|turn|16
|
|t:|1779714710
|move|p2a: Landorus|Earthquake|p1a: Walking Wake
|-damage|p1a: Walking Wake|0 fnt
|faint|p1a: Walking Wake
|-end|p1a: Walking Wake|Protosynthesis|[silent]
|
|upkeep
|
|t:|1779714715
|switch|p1a: Gliscor|Gliscor, M|100/100 tox
|turn|17
|
|t:|1779714721
|switch|p2a: Heatran|Heatran, F|100/100
|-item|p2a: Heatran|Air Balloon
|move|p1a: Gliscor|Toxic|p2a: Heatran
|-immune|p2a: Heatran
|
|upkeep
|turn|18
|
|t:|1779714730
|move|p1a: Gliscor|Spikes|p2a: Heatran
|-sidestart|p2: TYUOG|Spikes
|move|p2a: Heatran|Stealth Rock|p1a: Gliscor
|-sidestart|p1: claudechamp|move: Stealth Rock
|
|upkeep
|turn|19
|
|t:|1779714738
|move|p1a: Gliscor|Protect|p1a: Gliscor
|-singleturn|p1a: Gliscor|Protect
|move|p2a: Heatran|Power Gem|p1a: Gliscor
|-activate|p1a: Gliscor|move: Protect
|
|upkeep
|turn|20
|
|t:|1779714743
|move|p1a: Gliscor|Spikes|p2a: Heatran
|-sidestart|p2: TYUOG|Spikes
|move|p2a: Heatran|Power Gem|p1a: Gliscor
|-damage|p1a: Gliscor|74/100 tox
|
|-heal|p1a: Gliscor|86/100 tox|[from] ability: Poison Heal
|upkeep
|turn|21
|
|t:|1779714764
|switch|p2a: Cinderace|Cinderace, M|100/100
|-damage|p2a: Cinderace|84/100|[from] Spikes
|move|p1a: Gliscor|Protect||[still]
|-fail|p1a: Gliscor
|
|-heal|p1a: Gliscor|99/100 tox|[from] ability: Poison Heal
|upkeep
|turn|22
|
|t:|1779714772
|switch|p1a: Corviknight|Corviknight, M|100/100
|-ability|p1a: Corviknight|Pressure
|move|p2a: Cinderace|Court Change|p2a: Cinderace
|-start|p2a: Cinderace|typechange|Normal|[from] ability: Libero
|-swapsideconditions
|-activate|p2a: Cinderace|move: Court Change
|
|upkeep
|turn|23
|
|t:|1779714782
|move|p2a: Cinderace|Pyro Ball|p1a: Corviknight
|-supereffective|p1a: Corviknight
|-damage|p1a: Corviknight|50/100
|move|p1a: Corviknight|Body Press|p2a: Cinderace
|-supereffective|p2a: Cinderace
|-damage|p2a: Cinderace|13/100
|
|upkeep
|turn|24
|
|t:|1779714789
|move|p2a: Cinderace|Pyro Ball|p1a: Corviknight
|-supereffective|p1a: Corviknight
|-damage|p1a: Corviknight|3/100
|-status|p1a: Corviknight|brn
|move|p1a: Corviknight|U-turn|p2a: Cinderace
|-damage|p2a: Cinderace|3/100
|
|t:|1779714794
|switch|p1a: Pecharunt|Pecharunt|29/100|[from] U-turn
|
|upkeep
|turn|25
|
|t:|1779714803
|move|p2a: Cinderace|Pyro Ball|p1a: Pecharunt
|-damage|p1a: Pecharunt|12/100
|-status|p1a: Pecharunt|brn
|move|p1a: Pecharunt|Foul Play|p2a: Cinderace
|-damage|p2a: Cinderace|0 fnt
|faint|p2a: Cinderace
|
|-damage|p1a: Pecharunt|6/100 brn|[from] brn
|upkeep
|
|t:|1779714818
|switch|p2a: Zamazenta|Zamazenta, shiny|100/100
|-damage|p2a: Zamazenta|94/100|[from] Stealth Rock
|-ability|p2a: Zamazenta|Dauntless Shield|boost
|-boost|p2a: Zamazenta|def|1
|turn|26
|
|t:|1779714832
|move|p2a: Zamazenta|Play Rough|p1a: Pecharunt
|-resisted|p1a: Pecharunt
|-crit|p1a: Pecharunt
|-damage|p1a: Pecharunt|0 fnt
|faint|p1a: Pecharunt
|
|upkeep
|
|t:|1779714837
|switch|p1a: Gliscor|Gliscor, M|99/100 tox
|turn|27
|
|t:|1779714849
|switch|p2a: Heatran|Heatran, F|100/100
|-damage|p2a: Heatran|88/100|[from] Stealth Rock
|-item|p2a: Heatran|Air Balloon
|move|p1a: Gliscor|Spikes|p2a: Heatran
|-sidestart|p2: TYUOG|Spikes
|
|-heal|p1a: Gliscor|100/100 tox|[from] ability: Poison Heal
|upkeep
|turn|28
|
|t:|1779714861
|move|p1a: Gliscor|Spikes|p2a: Heatran
|-sidestart|p2: TYUOG|Spikes
|move|p2a: Heatran|Magma Storm|p1a: Gliscor
|-damage|p1a: Gliscor|48/100 tox
|-activate|p1a: Gliscor|move: Magma Storm|[of] p2a: Heatran
|
|-heal|p1a: Gliscor|60/100 tox|[from] ability: Poison Heal
|-damage|p1a: Gliscor|48/100 tox|[from] move: Magma Storm|[partiallytrapped]
|upkeep
|turn|29
|
|t:|1779714876
|move|p1a: Gliscor|Protect|p1a: Gliscor
|-singleturn|p1a: Gliscor|Protect
|move|p2a: Heatran|Protect||[still]
|-fail|p2a: Heatran
|
|-heal|p1a: Gliscor|60/100 tox|[from] ability: Poison Heal
|-damage|p1a: Gliscor|48/100 tox|[from] move: Magma Storm|[partiallytrapped]
|upkeep
|turn|30
|
|t:|1779714885
|move|p1a: Gliscor|Spikes|p2a: Heatran
|-sidestart|p2: TYUOG|Spikes
|move|p2a: Heatran|Magma Storm|p1a: Gliscor
|-damage|p1a: Gliscor|0 fnt
|faint|p1a: Gliscor
|
|upkeep
|
|t:|1779714890
|switch|p1a: Corviknight|Corviknight, M|3/100 brn
|-ability|p1a: Corviknight|Pressure
|turn|31
|
|t:|1779714901
|move|p1a: Corviknight|Roost|p1a: Corviknight
|-heal|p1a: Corviknight|54/100 brn
|-singleturn|p1a: Corviknight|move: Roost
|move|p2a: Heatran|Power Gem|p1a: Corviknight
|-resisted|p1a: Corviknight
|-damage|p1a: Corviknight|37/100 brn
|
|-damage|p1a: Corviknight|31/100 brn|[from] brn
|upkeep
|turn|32
|
|t:|1779714913
|move|p1a: Corviknight|U-turn|p2a: Heatran
|-resisted|p2a: Heatran
|-damage|p2a: Heatran|87/100
|-enditem|p2a: Heatran|Air Balloon
|
|t:|1779714925
|switch|p1a: Ogerpon|Ogerpon, F|3/100|[from] U-turn
|move|p2a: Heatran|Magma Storm|p1a: Ogerpon
|-supereffective|p1a: Ogerpon
|-damage|p1a: Ogerpon|0 fnt
|faint|p1a: Ogerpon
|
|upkeep
|
|t:|1779714937
|switch|p1a: Corviknight|Corviknight, M|31/100 brn
|-ability|p1a: Corviknight|Pressure
|turn|33
|
|t:|1779714952
|move|p1a: Corviknight|Roost|p1a: Corviknight
|-heal|p1a: Corviknight|81/100 brn
|-singleturn|p1a: Corviknight|move: Roost
|move|p2a: Heatran|Magma Storm|p1a: Corviknight
|-supereffective|p1a: Corviknight
|-damage|p1a: Corviknight|0 fnt
|faint|p1a: Corviknight
|
|win|TYUOG
|raw|claudechamp's rating: 1173 &rarr; <strong>1148</strong><br />(-25 for losing)
|raw|TYUOG's rating: 1172 &rarr; <strong>1197</strong><br />(+25 for winning)
|c|☆claudechamp|gg
|l|☆TYUOG
|player|p2|
