|j|☆lobobomy
|j|☆HAJIGOO24
|t:|1779598955
|gametype|singles
|player|p1|lobobomy|brock|1303
|player|p2|HAJIGOO24|iris-gen5bw2|1322
|gen|9
|tier|[Gen 9] OU
|rated|
|rule|HP Percentage Mod: HP is shown in percentages
|rule|Endless Battle Clause: Forcing endless battles is banned
|rule|Species Clause: Limit one of each Pokémon
|rule|OHKO Clause: OHKO moves are banned
|rule|Evasion Items Clause: Evasion items are banned
|rule|Evasion Moves Clause: Evasion moves are banned
|rule|Evasion Abilities Clause: Evasion abilities are banned
|rule|Sleep Moves Clause: Sleep-inducing moves are banned
|clearpoke
|poke|p1|Skarmory, M|
|poke|p1|Gyarados, M|
|poke|p1|Rillaboom, M|
|poke|p1|Latios, M|
|poke|p1|Pecharunt|
|poke|p1|Hawlucha, M|
|poke|p2|Conkeldurr, M|
|poke|p2|Garchomp, F|
|poke|p2|Ogerpon-Wellspring, F|
|poke|p2|Armarouge, F|
|poke|p2|Darkrai|
|poke|p2|Fezandipiti, M|
|teampreview
|inactive|Battle timer is ON: inactive players will automatically lose when time's up. (requested by lobobomy)
|inactive|HAJIGOO24 also wants the timer to be on.
|
|t:|1779598966
|teamsize|p1|6
|teamsize|p2|6
|start
|switch|p1a: Skarmory|Skarmory, M|100/100
|switch|p2a: 最后一舞|Armarouge, F, shiny|100/100
|turn|1
|
|t:|1779598976
|switch|p1a: Latios|Latios, M|100/100
|move|p2a: 最后一舞|Armor Cannon|p1a: Latios
|-resisted|p1a: Latios
|-damage|p1a: Latios|70/100
|-unboost|p2a: 最后一舞|def|1
|-unboost|p2a: 最后一舞|spd|1
|
|upkeep
|turn|2
|
|t:|1779598990
|switch|p2a: 坤|Fezandipiti, M|100/100
|move|p1a: Latios|Luster Purge|p2a: 坤
|-supereffective|p2a: 坤
|-damage|p2a: 坤|32/100
|
|-heal|p2a: 坤|38/100|[from] item: Black Sludge
|upkeep
|turn|3
|
|t:|1779599006
|switch|p1a: Skarmory|Skarmory, M|100/100
|move|p2a: 坤|Protect||[still]
|-fail|p2a: 坤
|
|-heal|p2a: 坤|44/100|[from] item: Black Sludge
|upkeep
|turn|4
|
|t:|1779599013
|switch|p2a: 最后一舞|Armarouge, F, shiny|100/100
|move|p1a: Skarmory|Stealth Rock|p2a: 最后一舞
|-sidestart|p2: HAJIGOO24|move: Stealth Rock
|
|upkeep
|turn|5
|
|t:|1779599021
|switch|p1a: Latios|Latios, M|70/100
|move|p2a: 最后一舞|Armor Cannon|p1a: Latios
|-resisted|p1a: Latios
|-damage|p1a: Latios|37/100
|-unboost|p2a: 最后一舞|def|1
|-unboost|p2a: 最后一舞|spd|1
|
|upkeep
|turn|6
|
|t:|1779599029
|switch|p2a: 图图犬谋杀案|Darkrai|100/100
|-damage|p2a: 图图犬谋杀案|88/100|[from] Stealth Rock
|move|p1a: Latios|Flip Turn|p2a: 图图犬谋杀案
|-damage|p2a: 图图犬谋杀案|72/100
|
|t:|1779599036
|switch|p1a: Skarmory|Skarmory, M|100/100|[from] Flip Turn
|
|upkeep
|turn|7
|
|t:|1779599042
|move|p2a: 图图犬谋杀案|Dark Pulse|p1a: Skarmory
|-enditem|p1a: Skarmory|Focus Sash
|-damage|p1a: Skarmory|1/100
|move|p1a: Skarmory|Spikes|p2a: 图图犬谋杀案
|-sidestart|p2: HAJIGOO24|Spikes
|
|upkeep
|turn|8
|
|t:|1779599048
|move|p2a: 图图犬谋杀案|Dark Pulse|p1a: Skarmory
|-damage|p1a: Skarmory|0 fnt
|faint|p1a: Skarmory
|
|upkeep
|
|t:|1779599062
|switch|p1a: Gyarados|Gyarados, M|100/100
|turn|9
|
|t:|1779599067
|switch|p2a: 波尼酱|Ogerpon-Wellspring, F|100/100
|-damage|p2a: 波尼酱|88/100|[from] Stealth Rock
|-damage|p2a: 波尼酱|76/100|[from] Spikes
|move|p1a: Gyarados|Dragon Dance|p1a: Gyarados
|-boost|p1a: Gyarados|atk|1
|-boost|p1a: Gyarados|spe|1
|
|upkeep
|turn|10
|
|t:|1779599077
|switch|p1a: Pecharunt|Pecharunt|100/100
|move|p2a: 波尼酱|Horn Leech|p1a: Pecharunt
|-resisted|p1a: Pecharunt
|-damage|p1a: Pecharunt|87/100
|-heal|p2a: 波尼酱|85/100|[from] drain|[of] p1a: Pecharunt
|
|upkeep
|turn|11
|
|t:|1779599093
|switch|p2a: 图图犬谋杀案|Darkrai|72/100
|-damage|p2a: 图图犬谋杀案|60/100|[from] Stealth Rock
|-damage|p2a: 图图犬谋杀案|47/100|[from] Spikes
|move|p1a: Pecharunt|Nasty Plot|p1a: Pecharunt
|-boost|p1a: Pecharunt|spa|2
|
|upkeep
|turn|12
|
|t:|1779599109
|-terastallize|p1a: Pecharunt|Flying
|move|p2a: 图图犬谋杀案|Ice Beam|p1a: Pecharunt
|-supereffective|p1a: Pecharunt
|-damage|p1a: Pecharunt|0 fnt
|faint|p1a: Pecharunt
|
|upkeep
|
|t:|1779599115
|switch|p1a: Gyarados|Gyarados, M|100/100
|turn|13
|
|t:|1779599118
|switch|p1a: Rillaboom|Rillaboom, M|100/100
|-fieldstart|move: Grassy Terrain|[from] ability: Grassy Surge|[of] p1a: Rillaboom
|move|p2a: 图图犬谋杀案|Ice Beam|p1a: Rillaboom
|-supereffective|p1a: Rillaboom
|-damage|p1a: Rillaboom|0 fnt
|faint|p1a: Rillaboom
|
|-heal|p2a: 图图犬谋杀案|53/100|[from] Grassy Terrain
|upkeep
|
|t:|1779599120
|switch|p1a: Hawlucha|Hawlucha, M|100/100
|-enditem|p1a: Hawlucha|Grassy Seed
|-boost|p1a: Hawlucha|def|1|[from] item: Grassy Seed
|turn|14
|
|t:|1779599135
|switch|p2a: 梦龙|Garchomp, F|100/100
|-damage|p2a: 梦龙|94/100|[from] Stealth Rock
|-damage|p2a: 梦龙|82/100|[from] Spikes
|move|p1a: Hawlucha|Acrobatics|p2a: 梦龙
|-damage|p2a: 梦龙|44/100
|-damage|p1a: Hawlucha|88/100|[from] ability: Rough Skin|[of] p2a: 梦龙
|-damage|p1a: Hawlucha|71/100|[from] item: Rocky Helmet|[of] p2a: 梦龙
|
|-heal|p2a: 梦龙|50/100|[from] Grassy Terrain
|upkeep
|turn|15
|
|t:|1779599149
|move|p1a: Hawlucha|Close Combat|p2a: 梦龙
|-damage|p2a: 梦龙|10/100
|-unboost|p1a: Hawlucha|def|1
|-unboost|p1a: Hawlucha|spd|1
|-damage|p1a: Hawlucha|59/100|[from] ability: Rough Skin|[of] p2a: 梦龙
|-damage|p1a: Hawlucha|42/100|[from] item: Rocky Helmet|[of] p2a: 梦龙
|move|p2a: 梦龙|Rest|p2a: 梦龙
|-status|p2a: 梦龙|slp|[from] move: Rest
|-heal|p2a: 梦龙|100/100 slp|[silent]
|
|upkeep
|turn|16
|
|t:|1779599160
|move|p1a: Hawlucha|Swords Dance|p1a: Hawlucha
|-boost|p1a: Hawlucha|atk|2
|cant|p2a: 梦龙|slp
|move|p2a: 梦龙|Sleep Talk|p2a: 梦龙
|move|p2a: 梦龙|Rest||[from] move: Sleep Talk|[still]
|-fail|p2a: 梦龙
|
|upkeep
|turn|17
|
|t:|1779599169
|move|p1a: Hawlucha|Acrobatics|p2a: 梦龙
|-damage|p2a: 梦龙|23/100 slp
|-damage|p1a: Hawlucha|30/100|[from] ability: Rough Skin|[of] p2a: 梦龙
|-damage|p1a: Hawlucha|13/100|[from] item: Rocky Helmet|[of] p2a: 梦龙
|cant|p2a: 梦龙|slp
|move|p2a: 梦龙|Sleep Talk|p2a: 梦龙
|move|p2a: 梦龙|Dragon Tail|p1a: Hawlucha|[from] move: Sleep Talk
|-damage|p1a: Hawlucha|0 fnt
|faint|p1a: Hawlucha
|
|-heal|p2a: 梦龙|29/100 slp|[from] Grassy Terrain
|-fieldend|move: Grassy Terrain
|upkeep
|
|t:|1779599173
|switch|p1a: Gyarados|Gyarados, M|100/100
|turn|18
|
|t:|1779599186
|switch|p2a: 波尼酱|Ogerpon-Wellspring, F|85/100
|-damage|p2a: 波尼酱|72/100|[from] Stealth Rock
|-damage|p2a: 波尼酱|60/100|[from] Spikes
|move|p1a: Gyarados|Dragon Dance|p1a: Gyarados
|-boost|p1a: Gyarados|atk|1
|-boost|p1a: Gyarados|spe|1
|
|upkeep
|turn|19
|
|t:|1779599195
|move|p1a: Gyarados|Dragon Dance|p1a: Gyarados
|-boost|p1a: Gyarados|atk|1
|-boost|p1a: Gyarados|spe|1
|move|p2a: 波尼酱|Horn Leech|p1a: Gyarados
|-damage|p1a: Gyarados|37/100
|-heal|p2a: 波尼酱|95/100|[from] drain|[of] p1a: Gyarados
|
|-heal|p1a: Gyarados|43/100|[from] item: Leftovers
|upkeep
|turn|20
|
|t:|1779599212
|move|p1a: Gyarados|Earthquake|p2a: 波尼酱
|-resisted|p2a: 波尼酱
|-damage|p2a: 波尼酱|43/100
|move|p2a: 波尼酱|Horn Leech|p1a: Gyarados
|-damage|p1a: Gyarados|0 fnt
|-heal|p2a: 波尼酱|67/100|[from] drain|[of] p1a: Gyarados
|faint|p1a: Gyarados
|
|upkeep
|
|t:|1779599215
|switch|p1a: Latios|Latios, M|37/100
|turn|21
|-message|lobobomy forfeited.
|
|win|HAJIGOO24
|raw|lobobomy's rating: 1303 &rarr; <strong>1284</strong><br />(-19 for losing)
|raw|HAJIGOO24's rating: 1322 &rarr; <strong>1341</strong><br />(+19 for winning)
|l|☆lobobomy
|player|p1|
|l|☆HAJIGOO24
|player|p2|
