|j|☆Creepercrispy
|j|☆Hana_oho
|t:|1779568359
|gametype|singles
|player|p1|Creepercrispy|riley|1000
|player|p2|Hana_oho|clair|1028
|gen|9
|tier|[Gen 9] OU
|rated|
|rule|HP Percentage Mod: HP is shown in percentages
|rule|Endless Battle Clause: Forcing endless battles is banned
|rule|Species Clause: Limit one of each Pokémon
|rule|OHKO Clause: OHKO moves are banned
|rule|Evasion Items Clause: Evasion items are banned
|rule|Evasion Moves Clause: Evasion moves are banned
|rule|Evasion Abilities Clause: Evasion abilities are banned
|rule|Sleep Moves Clause: Sleep-inducing moves are banned
|clearpoke
|poke|p1|Tyranitar, M|
|poke|p1|Ogerpon-Cornerstone, F|
|poke|p1|Gholdengo|
|poke|p1|Goodra-Hisui, F|
|poke|p1|Alomomola, F|
|poke|p1|Clodsire, F|
|poke|p2|Cinderace, M|
|poke|p2|Gliscor, F|
|poke|p2|Dragapult, M|
|poke|p2|Hatterene, F|
|poke|p2|Samurott-Hisui, M|
|poke|p2|Corviknight, M|
|teampreview
|
|t:|1779568379
|teamsize|p1|6
|teamsize|p2|6
|start
|switch|p1a: T-tar|Tyranitar, M|100/100
|switch|p2a: Gliscor|Gliscor, F, shiny|100/100
|-weather|Sandstorm|[from] ability: Sand Stream|[of] p1a: T-tar
|turn|1
|
|t:|1779568386
|move|p2a: Gliscor|Spikes|p1a: T-tar
|-sidestart|p1: Creepercrispy|Spikes
|move|p1a: T-tar|Dragon Dance|p1a: T-tar
|-boost|p1a: T-tar|atk|1
|-boost|p1a: T-tar|spe|1
|
|-weather|Sandstorm|[upkeep]
|upkeep
|turn|2
|
|t:|1779568395
|move|p1a: T-tar|Dragon Dance|p1a: T-tar
|-boost|p1a: T-tar|atk|1
|-boost|p1a: T-tar|spe|1
|move|p2a: Gliscor|Earthquake|p1a: T-tar
|-supereffective|p1a: T-tar
|-crit|p1a: T-tar
|-damage|p1a: T-tar|0 fnt
|faint|p1a: T-tar
|-damage|p2a: Gliscor|91/100|[from] item: Life Orb
|
|-weather|Sandstorm|[upkeep]
|upkeep
|
|t:|1779568403
|switch|p1a: Im under the water|Alomomola, F|100/100
|-damage|p1a: Im under the water|88/100|[from] Spikes
|turn|3
|
|t:|1779568415
|switch|p2a: Samurott|Samurott-Hisui, M|100/100
|move|p1a: Im under the water|Wish|p1a: Im under the water
|
|-weather|Sandstorm|[upkeep]
|-damage|p2a: Samurott|94/100|[from] Sandstorm
|-damage|p1a: Im under the water|82/100|[from] Sandstorm
|-heal|p1a: Im under the water|88/100|[from] item: Leftovers
|upkeep
|turn|4
|
|t:|1779568428
|move|p2a: Samurott|Ceaseless Edge|p1a: Im under the water|[miss]
|-miss|p2a: Samurott|p1a: Im under the water
|move|p1a: Im under the water|Play Rough|p2a: Samurott
|-supereffective|p2a: Samurott
|-damage|p2a: Samurott|49/100
|
|-weather|Sandstorm|[upkeep]
|-damage|p2a: Samurott|43/100|[from] Sandstorm
|-damage|p1a: Im under the water|82/100|[from] Sandstorm
|-heal|p1a: Im under the water|100/100|[from] move: Wish|[wisher] Im under the water
|upkeep
|turn|5
|
|t:|1779568440
|move|p2a: Samurott|Ceaseless Edge|p1a: Im under the water
|-damage|p1a: Im under the water|63/100
|-sidestart|p1: Creepercrispy|Spikes
|move|p1a: Im under the water|Play Rough|p2a: Samurott
|-supereffective|p2a: Samurott
|-damage|p2a: Samurott|3/100
|
|-weather|Sandstorm|[upkeep]
|-damage|p2a: Samurott|0 fnt|[from] Sandstorm
|-damage|p1a: Im under the water|57/100|[from] Sandstorm
|faint|p2a: Samurott
|-heal|p1a: Im under the water|63/100|[from] item: Leftovers
|upkeep
|
|t:|1779568450
|switch|p2a: Corviknight|Corviknight, M, shiny|100/100
|-ability|p2a: Corviknight|Pressure
|turn|6
|
|t:|1779568455
|switch|p1a: Sire|Clodsire, F|100/100
|-damage|p1a: Sire|84/100|[from] Spikes
|move|p2a: Corviknight|Body Press|p1a: Sire
|-resisted|p1a: Sire
|-damage|p1a: Sire|68/100
|
|-weather|Sandstorm|[upkeep]
|-heal|p1a: Sire|74/100|[from] item: Black Sludge
|upkeep
|turn|7
|
|t:|1779568468
|move|p2a: Corviknight|Brave Bird|p1a: Sire
|-damage|p1a: Sire|36/100
|-damage|p2a: Corviknight|86/100|[from] Recoil
|move|p1a: Sire|Stealth Rock|p2a: Corviknight
|-sidestart|p2: Hana_oho|move: Stealth Rock
|
|-weather|Sandstorm|[upkeep]
|-heal|p1a: Sire|42/100|[from] item: Black Sludge
|upkeep
|turn|8
|
|t:|1779568480
|move|p2a: Corviknight|Bulk Up|p2a: Corviknight
|-boost|p2a: Corviknight|atk|1
|-boost|p2a: Corviknight|def|1
|move|p1a: Sire|Recover|p1a: Sire
|-heal|p1a: Sire|92/100
|
|-weather|none
|-heal|p1a: Sire|98/100|[from] item: Black Sludge
|upkeep
|turn|9
|
|t:|1779568487
|switch|p1a: Steel|Goodra-Hisui, F|100/100
|-damage|p1a: Steel|84/100|[from] Spikes
|move|p2a: Corviknight|Bulk Up|p2a: Corviknight
|-boost|p2a: Corviknight|atk|1
|-boost|p2a: Corviknight|def|1
|
|upkeep
|turn|10
|
|t:|1779568497
|move|p1a: Steel|Fire Blast|p2a: Corviknight
|-supereffective|p2a: Corviknight
|-damage|p2a: Corviknight|22/100
|move|p2a: Corviknight|Body Press|p1a: Steel
|-supereffective|p1a: Steel
|-damage|p1a: Steel|0 fnt
|faint|p1a: Steel
|
|upkeep
|
|t:|1779568507
|switch|p1a: Aurelionite|Gholdengo|100/100
|-damage|p1a: Aurelionite|84/100|[from] Spikes
|turn|11
|
|t:|1779568520
|move|p1a: Aurelionite|Power Gem|p2a: Corviknight
|-damage|p2a: Corviknight|0 fnt
|faint|p2a: Corviknight
|
|upkeep
|
|t:|1779568524
|switch|p2a: Cinderace|Cinderace, M, shiny|100/100
|turn|12
|
|t:|1779568541
|switch|p1a: Im under the water|Alomomola, F|97/100
|-damage|p1a: Im under the water|80/100|[from] Spikes
|move|p2a: Cinderace|Court Change|p2a: Cinderace
|-start|p2a: Cinderace|typechange|Normal|[from] ability: Libero
|-swapsideconditions
|-activate|p2a: Cinderace|move: Court Change
|
|-heal|p1a: Im under the water|86/100|[from] item: Leftovers
|upkeep
|turn|13
|c|☆Creepercrispy|Son
|
|t:|1779568579
|switch|p2a: Dragapult|Dragapult, M|100/100
|-damage|p2a: Dragapult|84/100|[from] Spikes
|move|p1a: Im under the water|Wish|p1a: Im under the water
|
|-heal|p1a: Im under the water|92/100|[from] item: Leftovers
|upkeep
|turn|14
|
|t:|1779568590
|move|p2a: Dragapult|Draco Meteor|p1a: Im under the water
|-damage|p1a: Im under the water|0 fnt
|-unboost|p2a: Dragapult|spa|2
|faint|p1a: Im under the water
|
|upkeep
|
|t:|1779568601
|switch|p1a: Aurelionite|Gholdengo|84/100
|-damage|p1a: Aurelionite|78/100|[from] Stealth Rock
|turn|15
|
|t:|1779568616
|switch|p2a: Cinderace|Cinderace, M, shiny|100/100
|-terastallize|p1a: Aurelionite|Ghost
|move|p1a: Aurelionite|Shadow Ball|p2a: Cinderace
|-damage|p2a: Cinderace|5/100
|
|upkeep
|turn|16
|
|t:|1779568624
|switch|p1a: Sire|Clodsire, F|98/100
|-damage|p1a: Sire|92/100|[from] Stealth Rock
|move|p2a: Cinderace|Pyro Ball|p1a: Sire
|-damage|p1a: Sire|33/100
|
|-heal|p1a: Sire|39/100|[from] item: Black Sludge
|upkeep
|turn|17
|
|t:|1779568633
|move|p2a: Cinderace|U-turn|p1a: Sire
|-start|p2a: Cinderace|typechange|Bug|[from] ability: Libero
|-resisted|p1a: Sire
|-damage|p1a: Sire|20/100
|
|t:|1779568639
|switch|p2a: Gliscor|Gliscor, F, shiny|91/100|[from] U-turn
|move|p1a: Sire|Recover|p1a: Sire
|-heal|p1a: Sire|70/100
|
|-heal|p1a: Sire|76/100|[from] item: Black Sludge
|upkeep
|turn|18
|
|t:|1779568647
|move|p2a: Gliscor|Toxic|p1a: Sire
|-immune|p1a: Sire
|move|p1a: Sire|Stealth Rock|p2a: Gliscor
|-sidestart|p2: Hana_oho|move: Stealth Rock
|
|-heal|p1a: Sire|82/100|[from] item: Black Sludge
|upkeep
|turn|19
|c|☆Creepercrispy|Come on nephew
|
|t:|1779568667
|move|p2a: Gliscor|Earthquake|p1a: Sire
|-supereffective|p1a: Sire
|-damage|p1a: Sire|0 fnt
|faint|p1a: Sire
|-damage|p2a: Gliscor|81/100|[from] item: Life Orb
|
|upkeep
|
|t:|1779568675
|switch|p1a: Paw|Ogerpon-Cornerstone, F|100/100
|-damage|p1a: Paw|88/100|[from] Stealth Rock
|turn|20
|
|t:|1779568685
|move|p1a: Paw|Ivy Cudgel|p2a: Gliscor|[anim] Ivy Cudgel Rock
|-damage|p2a: Gliscor|42/100
|move|p2a: Gliscor|Toxic|p1a: Paw
|-status|p1a: Paw|tox
|
|-damage|p1a: Paw|82/100 tox|[from] psn
|upkeep
|turn|21
|
|t:|1779568697
|switch|p2a: Hatterene|Hatterene, F, shiny|100/100
|-damage|p2a: Hatterene|84/100|[from] Spikes
|-damage|p2a: Hatterene|72/100|[from] Stealth Rock
|move|p1a: Paw|Ivy Cudgel|p2a: Hatterene|[anim] Ivy Cudgel Rock
|-damage|p2a: Hatterene|20/100
|
|-heal|p2a: Hatterene|26/100|[from] item: Leftovers
|-damage|p1a: Paw|70/100 tox|[from] psn
|upkeep
|turn|22
|
|t:|1779568709
|move|p1a: Paw|Ivy Cudgel|p2a: Hatterene|[anim] Ivy Cudgel Rock
|-damage|p2a: Hatterene|0 fnt
|faint|p2a: Hatterene
|
|-damage|p1a: Paw|52/100 tox|[from] psn
|upkeep
|
|t:|1779568715
|switch|p2a: Dragapult|Dragapult, M|84/100
|-damage|p2a: Dragapult|68/100|[from] Spikes
|-damage|p2a: Dragapult|55/100|[from] Stealth Rock
|turn|23
|
|t:|1779568722
|move|p2a: Dragapult|Flamethrower|p1a: Paw
|-damage|p1a: Paw|7/100 tox
|move|p1a: Paw|Play Rough|p2a: Dragapult
|-supereffective|p2a: Dragapult
|-damage|p2a: Dragapult|0 fnt
|faint|p2a: Dragapult
|
|-damage|p1a: Paw|0 fnt|[from] psn
|faint|p1a: Paw
|upkeep
|inactive|Battle timer is ON: inactive players will automatically lose when time's up. (requested by Creepercrispy)
|
|t:|1779568732
|switch|p2a: Gliscor|Gliscor, F, shiny|42/100
|switch|p1a: Aurelionite|Gholdengo, tera:Ghost|78/100
|-damage|p1a: Aurelionite|66/100|[from] Stealth Rock
|-damage|p2a: Gliscor|30/100|[from] Stealth Rock
|turn|24
|
|t:|1779568745
|-terastallize|p2a: Gliscor|Ground
|move|p1a: Aurelionite|Power Gem|p2a: Gliscor
|-resisted|p2a: Gliscor
|-damage|p2a: Gliscor|10/100
|move|p2a: Gliscor|Earthquake|p1a: Aurelionite
|-damage|p1a: Aurelionite|0 fnt
|faint|p1a: Aurelionite
|-damage|p2a: Gliscor|0 fnt|[from] item: Life Orb
|faint|p2a: Gliscor
|
|win|Hana_oho
|raw|Creepercrispy's rating: 1000 &rarr; <strong>1000</strong><br />(+0 for losing)
|raw|Hana_oho's rating: 1028 &rarr; <strong>1061</strong><br />(+33 for winning)
|c|☆Creepercrispy|Gg
