|j|☆COCORAMO
|j|☆gottakeepgambling
|t:|1779689674
|gametype|singles
|player|p1|COCORAMO|cyclist-gen4|1104
|player|p2|gottakeepgambling|riley|1123
|gen|9
|tier|[Gen 9] OU
|rated|
|rule|HP Percentage Mod: HP is shown in percentages
|rule|Endless Battle Clause: Forcing endless battles is banned
|rule|Species Clause: Limit one of each Pokémon
|rule|OHKO Clause: OHKO moves are banned
|rule|Evasion Items Clause: Evasion items are banned
|rule|Evasion Moves Clause: Evasion moves are banned
|rule|Evasion Abilities Clause: Evasion abilities are banned
|rule|Sleep Moves Clause: Sleep-inducing moves are banned
|clearpoke
|poke|p1|Blaziken, M|
|poke|p1|Garchomp, F|
|poke|p1|Moltres-Galar|
|poke|p1|Great Tusk|
|poke|p1|Primarina, F|
|poke|p1|Scizor, M|
|poke|p2|Toxtricity-Low-Key, F|
|poke|p2|Thundurus-Therian, M|
|poke|p2|Chandelure, M|
|poke|p2|Garchomp, M|
|poke|p2|Tinkaton, F|
|poke|p2|Great Tusk|
|teampreview
|inactive|Battle timer is ON: inactive players will automatically lose when time's up. (requested by COCORAMO)
|c|☆gottakeepgambling|glhf
|
|t:|1779689707
|teamsize|p1|6
|teamsize|p2|6
|start
|switch|p1a: Garchomp|Garchomp, F|100/100
|switch|p2a: Chandelure|Chandelure, M|100/100
|turn|1
|
|t:|1779689722
|switch|p2a: Thundurus|Thundurus-Therian, M|100/100
|move|p1a: Garchomp|Earthquake|p2a: Thundurus
|-immune|p2a: Thundurus
|
|upkeep
|turn|2
|
|t:|1779689732
|move|p2a: Thundurus|Grass Knot|p1a: Garchomp
|-damage|p1a: Garchomp|61/100
|-damage|p2a: Thundurus|88/100|[from] ability: Rough Skin|[of] p1a: Garchomp
|-damage|p2a: Thundurus|72/100|[from] item: Rocky Helmet|[of] p1a: Garchomp
|-damage|p2a: Thundurus|62/100|[from] item: Life Orb
|move|p1a: Garchomp|Dragon Tail|p2a: Thundurus
|-damage|p2a: Thundurus|26/100
|drag|p2a: Toxtricity|Toxtricity-Low-Key, F|100/100
|
|upkeep
|turn|3
|
|t:|1779689744
|switch|p2a: Thundurus|Thundurus-Therian, M|26/100
|move|p1a: Garchomp|Stealth Rock|p2a: Thundurus
|-sidestart|p2: gottakeepgambling|move: Stealth Rock
|
|upkeep
|turn|4
|
|t:|1779689753
|move|p2a: Thundurus|Grass Knot|p1a: Garchomp
|-damage|p1a: Garchomp|25/100
|-damage|p2a: Thundurus|13/100|[from] ability: Rough Skin|[of] p1a: Garchomp
|-damage|p2a: Thundurus|0 fnt|[from] item: Rocky Helmet|[of] p1a: Garchomp
|faint|p2a: Thundurus
|move|p1a: Garchomp|Dragon Tail|p2: Thundurus|[notarget]
|-fail|p1a: Garchomp
|
|upkeep
|
|t:|1779689770
|switch|p2a: Great Tusk|Great Tusk|100/100
|-damage|p2a: Great Tusk|98/100|[from] Stealth Rock
|-enditem|p2a: Great Tusk|Booster Energy
|-activate|p2a: Great Tusk|ability: Protosynthesis|[fromitem]
|-start|p2a: Great Tusk|protosynthesisatk
|turn|5
|
|t:|1779689779
|move|p1a: Garchomp|Earthquake|p2a: Great Tusk
|-damage|p2a: Great Tusk|69/100
|move|p2a: Great Tusk|Earthquake|p1a: Garchomp
|-damage|p1a: Garchomp|0 fnt
|faint|p1a: Garchomp
|
|upkeep
|
|t:|1779689797
|switch|p1a: Scizor|Scizor, M|100/100
|turn|6
|
|t:|1779689808
|move|p2a: Great Tusk|Bulk Up|p2a: Great Tusk
|-boost|p2a: Great Tusk|atk|1
|-boost|p2a: Great Tusk|def|1
|move|p1a: Scizor|U-turn|p2a: Great Tusk
|-resisted|p2a: Great Tusk
|-damage|p2a: Great Tusk|62/100
|
|t:|1779689815
|switch|p1a: Great Tusk|Great Tusk|100/100|[from] U-turn
|
|upkeep
|turn|7
|
|t:|1779689826
|move|p1a: Great Tusk|Close Combat|p2a: Great Tusk
|-damage|p2a: Great Tusk|34/100
|-unboost|p1a: Great Tusk|def|1
|-unboost|p1a: Great Tusk|spd|1
|move|p2a: Great Tusk|Earthquake|p1a: Great Tusk
|-damage|p1a: Great Tusk|0 fnt
|faint|p1a: Great Tusk
|-end|p1a: Great Tusk|Protosynthesis|[silent]
|
|upkeep
|
|t:|1779689832
|switch|p1a: Moltres|Moltres-Galar|100/100
|turn|8
|
|t:|1779689838
|move|p1a: Moltres|Hurricane|p2a: Great Tusk
|-supereffective|p2a: Great Tusk
|-damage|p2a: Great Tusk|0 fnt
|faint|p2a: Great Tusk
|-end|p2a: Great Tusk|Protosynthesis|[silent]
|
|upkeep
|
|t:|1779689847
|switch|p2a: Garchomp|Garchomp, M|100/100
|-damage|p2a: Garchomp|94/100|[from] Stealth Rock
|turn|9
|
|t:|1779689857
|switch|p1a: Primarina|Primarina, F|100/100
|move|p2a: Garchomp|Scale Shot|p1a: Primarina
|-immune|p1a: Primarina
|
|upkeep
|turn|10
|
|t:|1779689871
|move|p2a: Garchomp|Earthquake|p1a: Primarina
|-damage|p1a: Primarina|33/100
|move|p1a: Primarina|Draining Kiss|p2a: Garchomp
|-supereffective|p2a: Garchomp
|-damage|p2a: Garchomp|40/100
|-heal|p1a: Primarina|88/100|[from] drain|[of] p2a: Garchomp
|-damage|p1a: Primarina|76/100|[from] ability: Rough Skin|[of] p2a: Garchomp
|
|upkeep
|turn|11
|
|t:|1779689882
|move|p2a: Garchomp|Earthquake|p1a: Primarina
|-damage|p1a: Primarina|11/100
|move|p1a: Primarina|Draining Kiss|p2a: Garchomp
|-supereffective|p2a: Garchomp
|-damage|p2a: Garchomp|0 fnt
|-heal|p1a: Primarina|52/100|[from] drain|[of] p2a: Garchomp
|-damage|p1a: Primarina|39/100|[from] ability: Rough Skin|[of] p2a: Garchomp
|faint|p2a: Garchomp
|
|upkeep
|
|t:|1779689893
|switch|p2a: Toxtricity|Toxtricity-Low-Key, F|100/100
|-damage|p2a: Toxtricity|88/100|[from] Stealth Rock
|turn|12
|
|t:|1779689905
|move|p2a: Toxtricity|Overdrive|p1a: Primarina
|-supereffective|p1a: Primarina
|-damage|p1a: Primarina|0 fnt
|faint|p1a: Primarina
|-enditem|p2a: Toxtricity|Throat Spray
|-boost|p2a: Toxtricity|spa|1|[from] item: Throat Spray
|
|upkeep
|
|t:|1779689922
|switch|p1a: Scizor|Scizor, M|100/100
|turn|13
|
|t:|1779689927
|move|p1a: Scizor|Bullet Punch|p2a: Toxtricity
|-resisted|p2a: Toxtricity
|-damage|p2a: Toxtricity|69/100
|move|p2a: Toxtricity|Overdrive|p1a: Scizor
|-damage|p1a: Scizor|7/100
|
|-heal|p1a: Scizor|13/100|[from] item: Leftovers
|upkeep
|turn|14
|
|t:|1779689938
|move|p1a: Scizor|Bullet Punch|p2a: Toxtricity
|-resisted|p2a: Toxtricity
|-damage|p2a: Toxtricity|50/100
|move|p2a: Toxtricity|Overdrive|p1a: Scizor
|-damage|p1a: Scizor|0 fnt
|faint|p1a: Scizor
|
|upkeep
|
|t:|1779689946
|switch|p1a: Moltres|Moltres-Galar|100/100
|turn|15
|
|t:|1779689953
|move|p1a: Moltres|Fiery Wrath|p2a: Toxtricity
|-damage|p2a: Toxtricity|0 fnt
|faint|p2a: Toxtricity
|
|upkeep
|
|t:|1779689960
|switch|p2a: Tinkaton|Tinkaton, F|100/100
|-damage|p2a: Tinkaton|94/100|[from] Stealth Rock
|-ability|p2a: Tinkaton|Mold Breaker
|turn|16
|
|t:|1779689975
|move|p2a: Tinkaton|Play Rough|p1a: Moltres
|-supereffective|p1a: Moltres
|-damage|p1a: Moltres|0 fnt
|faint|p1a: Moltres
|
|upkeep
|
|t:|1779689980
|switch|p1a: Blaziken|Blaziken, M|100/100
|turn|17
|
|t:|1779689985
|-terastallize|p2a: Tinkaton|Fairy
|move|p2a: Tinkaton|Play Rough|p1a: Blaziken
|-damage|p1a: Blaziken|4/100
|move|p1a: Blaziken|Flare Blitz|p2a: Tinkaton
|-damage|p2a: Tinkaton|0 fnt
|faint|p2a: Tinkaton
|-damage|p1a: Blaziken|0 fnt|[from] Recoil
|faint|p1a: Blaziken
|
|win|gottakeepgambling
|raw|COCORAMO's rating: 1104 &rarr; <strong>1080</strong><br />(-24 for losing)
|raw|gottakeepgambling's rating: 1123 &rarr; <strong>1147</strong><br />(+24 for winning)
|l|☆gottakeepgambling
|player|p2|
|l|☆COCORAMO
|player|p1|
