|j|☆zunigadragon
|j|☆kaiopikagrande
|t:|1779722580
|gametype|singles
|player|p1|zunigadragon|biker|1084
|player|p2|kaiopikagrande|gambler|1032
|gen|9
|tier|[Gen 9] OU
|rated|
|rule|HP Percentage Mod: HP is shown in percentages
|rule|Endless Battle Clause: Forcing endless battles is banned
|rule|Species Clause: Limit one of each Pokémon
|rule|OHKO Clause: OHKO moves are banned
|rule|Evasion Items Clause: Evasion items are banned
|rule|Evasion Moves Clause: Evasion moves are banned
|rule|Evasion Abilities Clause: Evasion abilities are banned
|rule|Sleep Moves Clause: Sleep-inducing moves are banned
|clearpoke
|poke|p1|Lucario, M|
|poke|p1|Reuniclus, M|
|poke|p1|Tyranitar, M|
|poke|p1|Hippowdon, F|
|poke|p1|Garchomp, F|
|poke|p1|Gliscor, F|
|poke|p2|Scizor, F|
|poke|p2|Greninja-*, M|
|poke|p2|Metagross|
|poke|p2|Garchomp, F|
|poke|p2|Glimmora, M|
|poke|p2|Kilowattrel, M|
|teampreview
|
|t:|1779722599
|teamsize|p1|6
|teamsize|p2|6
|start
|switch|p1a: Theodoric|Tyranitar, M|100/100
|switch|p2a: Glimmora|Glimmora, M, shiny|100/100
|-weather|Sandstorm|[from] ability: Sand Stream|[of] p1a: Theodoric
|turn|1
|
|t:|1779722622
|move|p2a: Glimmora|Stealth Rock|p1a: Theodoric
|-sidestart|p1: zunigadragon|move: Stealth Rock
|move|p1a: Theodoric|Stone Edge|p2a: Glimmora
|-crit|p2a: Glimmora
|-enditem|p2a: Glimmora|Focus Sash
|-damage|p2a: Glimmora|1/100
|-activate|p2a: Glimmora|ability: Toxic Debris
|-sidestart|p1: zunigadragon|move: Toxic Spikes
|
|-weather|Sandstorm|[upkeep]
|upkeep
|turn|2
|
|t:|1779722635
|move|p2a: Glimmora|Earth Power|p1a: Theodoric
|-supereffective|p1a: Theodoric
|-damage|p1a: Theodoric|64/100
|move|p1a: Theodoric|Ice Punch|p2a: Glimmora
|-damage|p2a: Glimmora|0 fnt
|-activate|p2a: Glimmora|ability: Toxic Debris
|-sidestart|p1: zunigadragon|move: Toxic Spikes
|faint|p2a: Glimmora
|
|-weather|Sandstorm|[upkeep]
|upkeep
|
|t:|1779722649
|switch|p2a: Greninja|Greninja, M|100/100
|turn|3
|
|t:|1779722663
|move|p2a: Greninja|Water Shuriken|p1a: Theodoric
|-supereffective|p1a: Theodoric
|-damage|p1a: Theodoric|53/100
|-supereffective|p1a: Theodoric
|-damage|p1a: Theodoric|43/100
|-supereffective|p1a: Theodoric
|-damage|p1a: Theodoric|33/100
|-supereffective|p1a: Theodoric
|-damage|p1a: Theodoric|22/100
|-hitcount|p1a: Theodoric|4
|-damage|p2a: Greninja|91/100|[from] item: Life Orb
|move|p1a: Theodoric|Low Kick|p2a: Greninja
|-supereffective|p2a: Greninja
|-damage|p2a: Greninja|3/100
|
|-weather|Sandstorm|[upkeep]
|-damage|p2a: Greninja|0 fnt|[from] Sandstorm
|faint|p2a: Greninja
|upkeep
|
|t:|1779722674
|switch|p2a: Scizor|Scizor, F, shiny|100/100
|turn|4
|
|t:|1779722692
|-terastallize|p1a: Theodoric|Ghost
|move|p2a: Scizor|Bullet Punch|p1a: Theodoric
|-damage|p1a: Theodoric|0 fnt
|faint|p1a: Theodoric
|-damage|p2a: Scizor|91/100|[from] item: Life Orb
|
|-weather|Sandstorm|[upkeep]
|upkeep
|
|t:|1779722710
|switch|p1a: Baty-Ram|Gliscor, F, shiny|100/100
|-damage|p1a: Baty-Ram|88/100|[from] Stealth Rock
|turn|5
|
|t:|1779722719
|move|p1a: Baty-Ram|Earthquake|p2a: Scizor
|-damage|p2a: Scizor|56/100
|move|p2a: Scizor|Swords Dance|p2a: Scizor
|-boost|p2a: Scizor|atk|2
|
|-weather|none
|-status|p1a: Baty-Ram|tox|[from] item: Toxic Orb
|upkeep
|turn|6
|
|t:|1779722733
|move|p2a: Scizor|Protect|p2a: Scizor
|-singleturn|p2a: Scizor|Protect
|move|p1a: Baty-Ram|Stealth Rock|p2a: Scizor
|-sidestart|p2: kaiopikagrande|move: Stealth Rock
|
|-heal|p1a: Baty-Ram|100/100 tox|[from] ability: Poison Heal
|upkeep
|turn|7
|
|t:|1779722744
|move|p2a: Scizor|Bullet Punch|p1a: Baty-Ram
|-damage|p1a: Baty-Ram|26/100 tox
|-damage|p2a: Scizor|46/100|[from] item: Life Orb
|move|p1a: Baty-Ram|Earthquake|p2a: Scizor
|-damage|p2a: Scizor|9/100
|
|-heal|p1a: Baty-Ram|38/100 tox|[from] ability: Poison Heal
|upkeep
|turn|8
|
|t:|1779722756
|switch|p1a: Hatshepsut|Hippowdon, F, shiny|100/100
|-damage|p1a: Hatshepsut|94/100|[from] Stealth Rock
|-status|p1a: Hatshepsut|tox
|-weather|Sandstorm|[from] ability: Sand Stream|[of] p1a: Hatshepsut
|move|p2a: Scizor|Bullet Punch|p1a: Hatshepsut
|-damage|p1a: Hatshepsut|50/100 tox
|-damage|p2a: Scizor|0 fnt|[from] item: Life Orb
|faint|p2a: Scizor
|
|-weather|Sandstorm|[upkeep]
|-heal|p1a: Hatshepsut|56/100 tox|[from] item: Leftovers
|-damage|p1a: Hatshepsut|50/100 tox|[from] psn
|upkeep
|
|t:|1779722770
|switch|p2a: Garchomp|Garchomp, F|100/100
|-damage|p2a: Garchomp|94/100|[from] Stealth Rock
|turn|9
|
|t:|1779722776
|move|p1a: Hatshepsut|Ice Fang|p2a: Garchomp
|-supereffective|p2a: Garchomp
|-damage|p2a: Garchomp|52/100
|-damage|p1a: Hatshepsut|37/100 tox|[from] ability: Rough Skin|[of] p2a: Garchomp
|-damage|p1a: Hatshepsut|20/100 tox|[from] item: Rocky Helmet|[of] p2a: Garchomp
|move|p2a: Garchomp|Dragon Tail|p1a: Hatshepsut
|-damage|p1a: Hatshepsut|5/100 tox
|drag|p1a: Anubis|Lucario, M|100/100
|
|-weather|Sandstorm|[upkeep]
|upkeep
|turn|10
|
|t:|1779722799
|switch|p1a: Baty-Ram|Gliscor, F, shiny|38/100 tox
|-damage|p1a: Baty-Ram|26/100 tox|[from] Stealth Rock
|move|p2a: Garchomp|Earthquake|p1a: Baty-Ram
|-immune|p1a: Baty-Ram
|
|-weather|Sandstorm|[upkeep]
|-heal|p1a: Baty-Ram|38/100 tox|[from] ability: Poison Heal
|upkeep
|turn|11
|
|t:|1779722812
|move|p1a: Baty-Ram|Protect|p1a: Baty-Ram
|-singleturn|p1a: Baty-Ram|Protect
|move|p2a: Garchomp|Dragon Tail|p1a: Baty-Ram
|-activate|p1a: Baty-Ram|move: Protect
|
|-weather|Sandstorm|[upkeep]
|-heal|p1a: Baty-Ram|50/100 tox|[from] ability: Poison Heal
|upkeep
|turn|12
|
|t:|1779722825
|move|p1a: Baty-Ram|Facade|p2a: Garchomp
|-damage|p2a: Garchomp|26/100
|-damage|p1a: Baty-Ram|38/100 tox|[from] ability: Rough Skin|[of] p2a: Garchomp
|-damage|p1a: Baty-Ram|21/100 tox|[from] item: Rocky Helmet|[of] p2a: Garchomp
|move|p2a: Garchomp|Dragon Tail|p1a: Baty-Ram
|-damage|p1a: Baty-Ram|0 fnt
|faint|p1a: Baty-Ram
|
|-weather|none
|upkeep
|
|t:|1779722842
|switch|p1a: Hatshepsut|Hippowdon, F, shiny|5/100 tox
|-damage|p1a: Hatshepsut|0 fnt|[from] Stealth Rock
|faint|p1a: Hatshepsut
|
|t:|1779722854
|switch|p1a: Gleopatra|Garchomp, F, shiny|100/100
|-damage|p1a: Gleopatra|94/100|[from] Stealth Rock
|-status|p1a: Gleopatra|tox
|turn|13
|
|t:|1779722868
|move|p1a: Gleopatra|Outrage|p2a: Garchomp
|-supereffective|p2a: Garchomp
|-damage|p2a: Garchomp|0 fnt
|-damage|p1a: Gleopatra|82/100 tox|[from] ability: Rough Skin|[of] p2a: Garchomp
|-damage|p1a: Gleopatra|65/100 tox|[from] item: Rocky Helmet|[of] p2a: Garchomp
|faint|p2a: Garchomp
|
|-damage|p1a: Gleopatra|59/100 tox|[from] psn
|upkeep
|
|t:|1779722873
|switch|p2a: Metagross|Metagross, shiny|100/100
|-damage|p2a: Metagross|95/100|[from] Stealth Rock
|turn|14
|
|t:|1779722884
|move|p1a: Gleopatra|Outrage|p2a: Metagross|[from] lockedmove
|-resisted|p2a: Metagross
|-damage|p2a: Metagross|59/100
|move|p2a: Metagross|Knock Off|p1a: Gleopatra
|-damage|p1a: Gleopatra|29/100 tox
|-damage|p2a: Metagross|47/100|[from] ability: Rough Skin|[of] p1a: Gleopatra
|-enditem|p1a: Gleopatra|Choice Band|[from] move: Knock Off|[of] p2a: Metagross
|
|-heal|p2a: Metagross|53/100|[from] item: Leftovers
|-damage|p1a: Gleopatra|16/100 tox|[from] psn
|upkeep
|turn|15
|
|t:|1779722897
|move|p2a: Metagross|Bullet Punch|p1a: Gleopatra
|-damage|p1a: Gleopatra|0 fnt
|-damage|p2a: Metagross|41/100|[from] ability: Rough Skin|[of] p1a: Gleopatra
|faint|p1a: Gleopatra
|
|-heal|p2a: Metagross|47/100|[from] item: Leftovers
|upkeep
|
|t:|1779722915
|switch|p1a: Anubis|Lucario, M|100/100
|turn|16
|
|t:|1779722920
|move|p1a: Anubis|Nasty Plot|p1a: Anubis
|-boost|p1a: Anubis|spa|2
|move|p2a: Metagross|Earthquake|p1a: Anubis
|-supereffective|p1a: Anubis
|-damage|p1a: Anubis|0 fnt
|faint|p1a: Anubis
|
|-heal|p2a: Metagross|53/100|[from] item: Leftovers
|upkeep
|
|t:|1779722930
|switch|p1a: Ramses|Reuniclus, M, shiny|100/100
|-status|p1a: Ramses|tox
|turn|17
|
|t:|1779722940
|move|p2a: Metagross|Knock Off|p1a: Ramses
|-supereffective|p1a: Ramses
|-damage|p1a: Ramses|45/100 tox
|-enditem|p1a: Ramses|Leftovers|[from] move: Knock Off|[of] p2a: Metagross
|move|p1a: Ramses|Focus Blast|p2a: Metagross|[miss]
|-miss|p1a: Ramses|p2a: Metagross
|
|-heal|p2a: Metagross|59/100|[from] item: Leftovers
|upkeep
|turn|18
|c|☆zunigadragon|Gg
|
|t:|1779722956
|move|p2a: Metagross|Knock Off|p1a: Ramses
|-supereffective|p1a: Ramses
|-crit|p1a: Ramses
|-damage|p1a: Ramses|0 fnt
|faint|p1a: Ramses
|
|win|kaiopikagrande
|raw|zunigadragon's rating: 1084 &rarr; <strong>1058</strong><br />(-26 for losing)
|raw|kaiopikagrande's rating: 1032 &rarr; <strong>1072</strong><br />(+40 for winning)
