|j|☆YoSoyDelBronx
|j|☆KenjiShiguma
|t:|1779706930
|gametype|singles
|player|p1|YoSoyDelBronx|noland|1222
|player|p2|KenjiShiguma|pokemonbreeder-gen4|1188
|gen|9
|tier|[Gen 9] OU
|rated|
|rule|HP Percentage Mod: HP is shown in percentages
|rule|Endless Battle Clause: Forcing endless battles is banned
|rule|Species Clause: Limit one of each Pokémon
|rule|OHKO Clause: OHKO moves are banned
|rule|Evasion Items Clause: Evasion items are banned
|rule|Evasion Moves Clause: Evasion moves are banned
|rule|Evasion Abilities Clause: Evasion abilities are banned
|rule|Sleep Moves Clause: Sleep-inducing moves are banned
|clearpoke
|poke|p1|Ninetales, F|
|poke|p1|Venusaur, M|
|poke|p1|Walking Wake|
|poke|p1|Blaziken, M|
|poke|p1|Garchomp, F|
|poke|p1|Mimikyu, F|
|poke|p2|Golduck, M|
|poke|p2|Porygon2|
|poke|p2|Gardevoir, F|
|poke|p2|Grumpig, M|
|poke|p2|Toxapex, F|
|poke|p2|Hatterene, F|
|teampreview
|
|t:|1779706937
|teamsize|p1|6
|teamsize|p2|6
|start
|switch|p1a: SimaSoyYo|Mimikyu, F|100/100
|switch|p2a: Golduck|Golduck, M|100/100
|-ability|p2a: Golduck|Cloud Nine
|turn|1
|inactive|Battle timer is ON: inactive players will automatically lose when time's up. (requested by YoSoyDelBronx)
|
|t:|1779706960
|move|p2a: Golduck|Encore||[still]
|-fail|p2a: Golduck
|move|p1a: SimaSoyYo|Play Rough|p2a: Golduck
|-damage|p2a: Golduck|65/100
|
|upkeep
|turn|2
|
|t:|1779706971
|switch|p1a: Blaziken|Blaziken, M, shiny|100/100
|-item|p1a: Blaziken|Air Balloon
|move|p2a: Golduck|Flip Turn|p1a: Blaziken
|-supereffective|p1a: Blaziken
|-damage|p1a: Blaziken|52/100
|-enditem|p1a: Blaziken|Air Balloon
|
|t:|1779706980
|switch|p2a: Hatterene|Hatterene, F|100/100|[from] Flip Turn
|
|upkeep
|turn|3
|
|t:|1779706986
|move|p1a: Blaziken|Flare Blitz|p2a: Hatterene
|-damage|p2a: Hatterene|24/100
|-damage|p1a: Blaziken|25/100|[from] Recoil
|move|p2a: Hatterene|Reflect|p2a: Hatterene
|-sidestart|p2: KenjiShiguma|Reflect
|
|-ability|p1a: Blaziken|Speed Boost|boost
|-boost|p1a: Blaziken|spe|1
|upkeep
|turn|4
|
|t:|1779706995
|switch|p2a: Golduck|Golduck, M|65/100
|-ability|p2a: Golduck|Cloud Nine
|move|p1a: Blaziken|Swords Dance|p1a: Blaziken
|-boost|p1a: Blaziken|atk|2
|
|-ability|p1a: Blaziken|Speed Boost|boost
|-boost|p1a: Blaziken|spe|1
|upkeep
|turn|5
|
|t:|1779707006
|move|p1a: Blaziken|Close Combat|p2a: Golduck
|-damage|p2a: Golduck|0 fnt
|-unboost|p1a: Blaziken|def|1
|-unboost|p1a: Blaziken|spd|1
|faint|p2a: Golduck
|
|-ability|p1a: Blaziken|Speed Boost|boost
|-boost|p1a: Blaziken|spe|1
|upkeep
|
|t:|1779707014
|switch|p2a: Toxapex|Toxapex, F|100/100
|turn|6
|
|t:|1779707020
|move|p1a: Blaziken|Protect|p1a: Blaziken
|-singleturn|p1a: Blaziken|Protect
|move|p2a: Toxapex|Chilling Water|p1a: Blaziken
|-activate|p1a: Blaziken|move: Protect
|
|-ability|p1a: Blaziken|Speed Boost|boost
|-boost|p1a: Blaziken|spe|1
|upkeep
|turn|7
|
|t:|1779707032
|move|p1a: Blaziken|Flare Blitz|p2a: Toxapex
|-resisted|p2a: Toxapex
|-damage|p2a: Toxapex|81/100
|-damage|p1a: Blaziken|19/100|[from] Recoil
|move|p2a: Toxapex|Infestation|p1a: Blaziken
|-resisted|p1a: Blaziken
|-damage|p1a: Blaziken|17/100
|-activate|p1a: Blaziken|move: Infestation|[of] p2a: Toxapex
|
|-damage|p1a: Blaziken|5/100|[from] move: Infestation|[partiallytrapped]
|-ability|p1a: Blaziken|Speed Boost|boost
|-boost|p1a: Blaziken|spe|1
|upkeep
|turn|8
|
|t:|1779707043
|move|p1a: Blaziken|Flare Blitz|p2a: Toxapex
|-resisted|p2a: Toxapex
|-damage|p2a: Toxapex|62/100
|-damage|p1a: Blaziken|0 fnt|[from] Recoil
|faint|p1a: Blaziken
|move|p2a: Toxapex|Chilling Water|p1: Blaziken|[notarget]
|-fail|p2a: Toxapex
|
|upkeep
|
|t:|1779707048
|switch|p1a: Kurama|Ninetales, F|100/100
|-weather|SunnyDay|[from] ability: Drought|[of] p1a: Kurama
|turn|9
|
|t:|1779707064
|switch|p1a: Sapopeta|Venusaur, M|100/100
|move|p2a: Toxapex|Icy Wind|p1a: Sapopeta
|-supereffective|p1a: Sapopeta
|-damage|p1a: Sapopeta|82/100
|-unboost|p1a: Sapopeta|spe|1
|
|-weather|SunnyDay|[upkeep]
|upkeep
|turn|10
|
|t:|1779707074
|move|p1a: Sapopeta|Giga Drain|p2a: Toxapex
|-damage|p2a: Toxapex|39/100
|-heal|p1a: Sapopeta|94/100|[from] drain|[of] p2a: Toxapex
|-damage|p1a: Sapopeta|84/100|[from] item: Life Orb
|move|p2a: Toxapex|Icy Wind|p1a: Sapopeta
|-supereffective|p1a: Sapopeta
|-damage|p1a: Sapopeta|67/100
|-unboost|p1a: Sapopeta|spe|1
|
|-weather|SunnyDay|[upkeep]
|-sideend|p2: KenjiShiguma|Reflect
|upkeep
|turn|11
|
|t:|1779707088
|switch|p1a: SimaSoyYo|Mimikyu, F|100/100
|switch|p2a: Hatterene|Hatterene, F|24/100
|
|-weather|SunnyDay|[upkeep]
|upkeep
|turn|12
|
|t:|1779707098
|move|p1a: SimaSoyYo|Shadow Sneak|p2a: Hatterene
|-supereffective|p2a: Hatterene
|-damage|p2a: Hatterene|0 fnt
|faint|p2a: Hatterene
|
|-weather|SunnyDay|[upkeep]
|upkeep
|
|t:|1779707108
|switch|p2a: Gardevoir|Gardevoir, F|100/100
|turn|13
|
|t:|1779707114
|move|p2a: Gardevoir|Draining Kiss|p1a: SimaSoyYo
|-activate|p1a: SimaSoyYo|ability: Disguise
|-damage|p1a: SimaSoyYo|100/100
|detailschange|p1a: SimaSoyYo|Mimikyu-Busted, F
|-damage|p1a: SimaSoyYo|88/100|[from] pokemon: Mimikyu-Busted
|-enditem|p1a: SimaSoyYo|Red Card|[of] p2a: Gardevoir
|drag|p2a: Grumpig|Grumpig, M|100/100
|move|p1a: SimaSoyYo|Play Rough|p2a: Grumpig
|-damage|p2a: Grumpig|66/100
|
|-weather|SunnyDay|[upkeep]
|upkeep
|turn|14
|
|t:|1779707130
|switch|p2a: Toxapex|Toxapex, F|72/100
|move|p1a: SimaSoyYo|Shadow Sneak|p2a: Toxapex
|-damage|p2a: Toxapex|64/100
|
|-weather|SunnyDay|[upkeep]
|upkeep
|turn|15
|
|t:|1779707138
|move|p1a: SimaSoyYo|Will-O-Wisp|p2a: Toxapex
|-status|p2a: Toxapex|brn
|move|p2a: Toxapex|Acid Spray|p1a: SimaSoyYo
|-damage|p1a: SimaSoyYo|81/100
|-unboost|p1a: SimaSoyYo|spd|2
|
|-weather|SunnyDay|[upkeep]
|-damage|p2a: Toxapex|58/100 brn|[from] brn
|upkeep
|turn|16
|
|t:|1779707148
|move|p1a: SimaSoyYo|Shadow Sneak|p2a: Toxapex
|-damage|p2a: Toxapex|49/100 brn
|move|p2a: Toxapex|Infestation|p1a: SimaSoyYo
|-resisted|p1a: SimaSoyYo
|-damage|p1a: SimaSoyYo|80/100
|-activate|p1a: SimaSoyYo|move: Infestation|[of] p2a: Toxapex
|
|-weather|none
|-damage|p2a: Toxapex|43/100 brn|[from] brn
|-damage|p1a: SimaSoyYo|68/100|[from] move: Infestation|[partiallytrapped]
|upkeep
|turn|17
|
|t:|1779707157
|move|p1a: SimaSoyYo|Play Rough|p2a: Toxapex
|-resisted|p2a: Toxapex
|-damage|p2a: Toxapex|34/100 brn
|move|p2a: Toxapex|Acid Spray|p1a: SimaSoyYo
|-damage|p1a: SimaSoyYo|53/100
|-unboost|p1a: SimaSoyYo|spd|2
|
|-damage|p2a: Toxapex|27/100 brn|[from] brn
|-damage|p1a: SimaSoyYo|41/100|[from] move: Infestation|[partiallytrapped]
|upkeep
|turn|18
|
|t:|1779707169
|move|p1a: SimaSoyYo|Shadow Sneak|p2a: Toxapex
|-damage|p2a: Toxapex|19/100 brn
|move|p2a: Toxapex|Chilling Water|p1a: SimaSoyYo
|-damage|p1a: SimaSoyYo|18/100
|-unboost|p1a: SimaSoyYo|atk|1
|
|-damage|p2a: Toxapex|12/100 brn|[from] brn
|-damage|p1a: SimaSoyYo|6/100|[from] move: Infestation|[partiallytrapped]
|upkeep
|turn|19
|
|t:|1779707179
|switch|p2a: Porygon2|Porygon2|100/100
|move|p1a: SimaSoyYo|Play Rough|p2a: Porygon2
|-damage|p2a: Porygon2|88/100
|
|-end|p1a: SimaSoyYo|Infestation|[partiallytrapped]|[silent]
|upkeep
|turn|20
|
|t:|1779707187
|switch|p2a: Toxapex|Toxapex, F|46/100 brn
|move|p1a: SimaSoyYo|Will-O-Wisp|p2a: Toxapex
|-fail|p2a: Toxapex|brn
|
|-damage|p2a: Toxapex|39/100 brn|[from] brn
|upkeep
|turn|21
|
|t:|1779707195
|switch|p2a: Porygon2|Porygon2|88/100
|move|p1a: SimaSoyYo|Play Rough|p2a: Porygon2
|-damage|p2a: Porygon2|77/100
|
|upkeep
|turn|22
|
|t:|1779707202
|switch|p2a: Toxapex|Toxapex, F|73/100 brn
|move|p1a: SimaSoyYo|Play Rough|p2a: Toxapex
|-resisted|p2a: Toxapex
|-damage|p2a: Toxapex|67/100 brn
|
|-damage|p2a: Toxapex|61/100 brn|[from] brn
|upkeep
|turn|23
|
|t:|1779707211
|switch|p2a: Porygon2|Porygon2|77/100
|move|p1a: SimaSoyYo|Play Rough|p2a: Porygon2
|-damage|p2a: Porygon2|63/100
|
|upkeep
|turn|24
|
|t:|1779707218
|switch|p2a: Toxapex|Toxapex, F|94/100 brn
|move|p1a: SimaSoyYo|Play Rough|p2a: Toxapex
|-resisted|p2a: Toxapex
|-damage|p2a: Toxapex|88/100 brn
|-unboost|p2a: Toxapex|atk|1
|
|-damage|p2a: Toxapex|81/100 brn|[from] brn
|upkeep
|turn|25
|
|t:|1779707227
|move|p1a: SimaSoyYo|Play Rough|p2a: Toxapex
|-resisted|p2a: Toxapex
|-damage|p2a: Toxapex|76/100 brn
|move|p2a: Toxapex|Chilling Water|p1a: SimaSoyYo
|-damage|p1a: SimaSoyYo|0 fnt
|faint|p1a: SimaSoyYo
|
|-damage|p2a: Toxapex|70/100 brn|[from] brn
|upkeep
|
|t:|1779707239
|switch|p1a: Kurama|Ninetales, F|100/100
|-weather|SunnyDay|[from] ability: Drought|[of] p1a: Kurama
|turn|26
|
|t:|1779707253
|move|p1a: Kurama|Weather Ball|p2a: Toxapex
|-resisted|p2a: Toxapex
|-damage|p2a: Toxapex|57/100 brn
|move|p2a: Toxapex|Icy Wind|p1a: Kurama
|-resisted|p1a: Kurama
|-damage|p1a: Kurama|97/100
|-unboost|p1a: Kurama|spe|1
|
|-weather|SunnyDay|[upkeep]
|-damage|p2a: Toxapex|51/100 brn|[from] brn
|upkeep
|turn|27
|
|t:|1779707268
|move|p1a: Kurama|Weather Ball|p2a: Toxapex
|-resisted|p2a: Toxapex
|-damage|p2a: Toxapex|38/100 brn
|move|p2a: Toxapex|Infestation|p1a: Kurama
|-resisted|p1a: Kurama
|-damage|p1a: Kurama|96/100
|-activate|p1a: Kurama|move: Infestation|[of] p2a: Toxapex
|
|-weather|SunnyDay|[upkeep]
|-damage|p2a: Toxapex|32/100 brn|[from] brn
|-damage|p1a: Kurama|83/100|[from] move: Infestation|[partiallytrapped]
|upkeep
|turn|28
|
|t:|1779707281
|move|p1a: Kurama|Healing Wish|p1a: Kurama
|faint|p1a: Kurama
|move|p2a: Toxapex|Acid Spray|p1: Kurama|[notarget]
|-fail|p2a: Toxapex
|
|-weather|SunnyDay|[upkeep]
|-damage|p2a: Toxapex|26/100 brn|[from] brn
|upkeep
|
|t:|1779707285
|switch|p1a: Garchomp|Garchomp, F|100/100
|turn|29
|
|t:|1779707293
|switch|p2a: Porygon2|Porygon2|63/100
|-ability|p2a: Porygon2|Rough Skin|Trace|[from] ability: Trace|[of] p1a: Garchomp
|move|p1a: Garchomp|Earthquake|p2a: Porygon2
|-damage|p2a: Porygon2|29/100
|
|-weather|SunnyDay|[upkeep]
|upkeep
|turn|30
|
|t:|1779707303
|-terastallize|p1a: Garchomp|Fire
|move|p1a: Garchomp|Swords Dance|p1a: Garchomp
|-boost|p1a: Garchomp|atk|2
|move|p2a: Porygon2|Recover|p2a: Porygon2
|-heal|p2a: Porygon2|79/100
|
|-weather|SunnyDay|[upkeep]
|upkeep
|turn|31
|
|t:|1779707312
|move|p1a: Garchomp|Fire Fang|p2a: Porygon2
|-damage|p2a: Porygon2|17/100
|-damage|p1a: Garchomp|88/100|[from] ability: Rough Skin|[of] p2a: Porygon2
|move|p2a: Porygon2|Defense Curl|p2a: Porygon2
|-boost|p2a: Porygon2|def|1
|
|-weather|SunnyDay|[upkeep]
|upkeep
|turn|32
|
|t:|1779707321
|move|p1a: Garchomp|Scale Shot|p2a: Porygon2
|-damage|p2a: Porygon2|5/100
|-damage|p2a: Porygon2|0 fnt
|faint|p2a: Porygon2
|-hitcount|p2: Porygon2|2
|-unboost|p1a: Garchomp|def|1
|-boost|p1a: Garchomp|spe|1
|
|-weather|SunnyDay|[upkeep]
|upkeep
|
|t:|1779707330
|switch|p2a: Toxapex|Toxapex, F|59/100 brn
|turn|33
|
|t:|1779707333
|move|p1a: Garchomp|Earthquake|p2a: Toxapex
|-supereffective|p2a: Toxapex
|-damage|p2a: Toxapex|0 fnt
|faint|p2a: Toxapex
|
|-weather|none
|upkeep
|
|t:|1779707341
|switch|p2a: Grumpig|Grumpig, M|66/100
|turn|34
|
|t:|1779707344
|move|p1a: Garchomp|Earthquake|p2a: Grumpig
|-damage|p2a: Grumpig|0 fnt
|faint|p2a: Grumpig
|
|upkeep
|
|t:|1779707348
|switch|p2a: Gardevoir|Gardevoir, F|100/100
|-ability|p2a: Gardevoir|Rough Skin|Trace|[from] ability: Trace|[of] p1a: Garchomp
|turn|35
|
|t:|1779707354
|move|p1a: Garchomp|Earthquake|p2a: Gardevoir
|-damage|p2a: Gardevoir|0 fnt
|faint|p2a: Gardevoir
|
|win|YoSoyDelBronx
|raw|YoSoyDelBronx's rating: 1222 &rarr; <strong>1245</strong><br />(+23 for winning)
|raw|KenjiShiguma's rating: 1188 &rarr; <strong>1165</strong><br />(-23 for losing)
|c|☆YoSoyDelBronx|gg
|c|☆KenjiShiguma|Gg
|l|☆KenjiShiguma
|player|p2|
|l|☆YoSoyDelBronx
|player|p1|
