|inactive|Battle timer is ON: inactive players will automatically lose when time's up.
|t:|1779567181
|gametype|singles
|player|p1|sanos|bianca-pwt|
|player|p2|skoma|265|
|gen|9
|tier|[Gen 9] OU
|rule|HP Percentage Mod: HP is shown in percentages
|rule|Endless Battle Clause: Forcing endless battles is banned
|rule|Species Clause: Limit one of each Pokémon
|rule|OHKO Clause: OHKO moves are banned
|rule|Evasion Items Clause: Evasion items are banned
|rule|Evasion Moves Clause: Evasion moves are banned
|rule|Evasion Abilities Clause: Evasion abilities are banned
|rule|Sleep Moves Clause: Sleep-inducing moves are banned
|clearpoke
|poke|p1|Raging Bolt|
|poke|p1|Darkrai|
|poke|p1|Ogerpon-Wellspring, F|
|poke|p1|Great Tusk|
|poke|p1|Gholdengo|
|poke|p1|Corviknight, M|
|poke|p2|Hatterene, F|
|poke|p2|Great Tusk|
|poke|p2|Darkrai|
|poke|p2|Gholdengo|
|poke|p2|Ogerpon-Wellspring, F|
|poke|p2|Dragonite, M|
|teampreview
|c|☆skoma|hf
|c|☆sanos|glhf
|inactive|sanos has 270 seconds left.
|inactive|skoma has 270 seconds left.
|inactive|sanos has 240 seconds left.
|inactive|skoma has 240 seconds left.
|
|t:|1779567271
|teamsize|p1|6
|teamsize|p2|6
|start
|switch|p1a: rondoudoucif|Raging Bolt|100/100
|switch|p2a: Alice|Ogerpon-Wellspring, F|100/100
|turn|1
|
|t:|1779567283
|move|p2a: Alice|U-turn|p1a: rondoudoucif
|-damage|p1a: rondoudoucif|73/100
|
|t:|1779567287
|switch|p2a: Lacey Evans|Hatterene, F, shiny|100/100|[from] U-turn
|move|p1a: rondoudoucif|Draco Meteor|p2a: Lacey Evans
|-immune|p2a: Lacey Evans
|
|upkeep
|turn|2
|
|t:|1779567299
|-end|p1a: rondoudoucif|Protosynthesis|[silent]
|switch|p1a: noudle soop|Corviknight, M|100/100
|-ability|p1a: noudle soop|Pressure
|move|p2a: Lacey Evans|Mystical Fire|p1a: noudle soop
|-supereffective|p1a: noudle soop
|-damage|p1a: noudle soop|44/100
|-unboost|p1a: noudle soop|spa|1
|
|upkeep
|turn|3
|
|t:|1779567312
|move|p1a: noudle soop|Brave Bird|p2a: Lacey Evans
|-damage|p2a: Lacey Evans|54/100
|-damage|p1a: noudle soop|33/100|[from] Recoil
|move|p2a: Lacey Evans|Mystical Fire|p1a: noudle soop
|-supereffective|p1a: noudle soop
|-damage|p1a: noudle soop|0 fnt
|faint|p1a: noudle soop
|
|upkeep
|
|t:|1779567323
|switch|p1a: Chinese closet|Darkrai|100/100
|turn|4
|
|t:|1779567329
|move|p1a: Chinese closet|Sludge Bomb|p2a: Lacey Evans
|-supereffective|p2a: Lacey Evans
|-damage|p2a: Lacey Evans|3/100
|move|p2a: Lacey Evans|Draining Kiss|p1a: Chinese closet
|-supereffective|p1a: Chinese closet
|-damage|p1a: Chinese closet|25/100
|-heal|p2a: Lacey Evans|56/100|[from] drain|[of] p1a: Chinese closet
|
|upkeep
|turn|5
|
|t:|1779567346
|move|p1a: Chinese closet|Sludge Bomb|p2a: Lacey Evans
|-supereffective|p2a: Lacey Evans
|-damage|p2a: Lacey Evans|9/100
|move|p2a: Lacey Evans|Mystical Fire|p1a: Chinese closet
|-damage|p1a: Chinese closet|0 fnt
|faint|p1a: Chinese closet
|
|upkeep
|
|t:|1779567349
|switch|p1a: Italy team|Ogerpon-Wellspring, F|100/100
|turn|6
|
|t:|1779567354
|move|p1a: Italy team|Ivy Cudgel|p2a: Lacey Evans|[anim] Ivy Cudgel Water
|-damage|p2a: Lacey Evans|0 fnt
|faint|p2a: Lacey Evans
|
|upkeep
|
|t:|1779567366
|switch|p2a: Spirit Rush|Gholdengo, shiny|100/100
|turn|7
|
|t:|1779567382
|-terastallize|p1a: Italy team|Water
|detailschange|p1a: Italy team|Ogerpon-Wellspring-Tera, F, tera:Water
|-ability|p1a: Italy team|Embody Aspect (Wellspring)|boost
|-boost|p1a: Italy team|spd|1
|move|p1a: Italy team|Swords Dance|p1a: Italy team
|-boost|p1a: Italy team|atk|2
|move|p2a: Spirit Rush|Shadow Ball|p1a: Italy team
|-damage|p1a: Italy team|73/100
|
|upkeep
|turn|8
|
|t:|1779567386
|move|p1a: Italy team|Ivy Cudgel|p2a: Spirit Rush|[anim] Ivy Cudgel Water
|-damage|p2a: Spirit Rush|0 fnt
|faint|p2a: Spirit Rush
|
|upkeep
|
|t:|1779567394
|switch|p2a: Leviathan|Dragonite, M, shiny|100/100
|turn|9
|
|t:|1779567410
|move|p1a: Italy team|Play Rough|p2a: Leviathan
|-supereffective|p2a: Leviathan
|-damage|p2a: Leviathan|30/100
|move|p2a: Leviathan|Earthquake|p1a: Italy team
|-damage|p1a: Italy team|19/100
|
|upkeep
|turn|10
|
|t:|1779567415
|switch|p1a: Cheesy jim|Gholdengo|100/100
|move|p2a: Leviathan|Extreme Speed|p1a: Cheesy jim
|-immune|p1a: Cheesy jim
|
|upkeep
|turn|11
|
|t:|1779567423
|switch|p2a: Alice|Ogerpon-Wellspring, F|100/100
|move|p1a: Cheesy jim|Make It Rain|p2a: Alice
|-resisted|p2a: Alice
|-damage|p2a: Alice|62/100
|-unboost|p1a: Cheesy jim|spa|1
|
|upkeep
|turn|12
|
|t:|1779567428
|switch|p1a: rondoudoucif|Raging Bolt|73/100
|move|p2a: Alice|Ivy Cudgel|p1a: rondoudoucif|[anim] Ivy Cudgel Water
|-resisted|p1a: rondoudoucif
|-damage|p1a: rondoudoucif|45/100
|
|upkeep
|turn|13
|
|t:|1779567441
|move|p1a: rondoudoucif|Thunderclap|p2a: Alice
|-damage|p2a: Alice|0 fnt
|faint|p2a: Alice
|
|upkeep
|
|t:|1779567447
|switch|p2a: Leviathan|Dragonite, M, shiny|30/100
|turn|14
|
|t:|1779567468
|-end|p1a: rondoudoucif|Protosynthesis|[silent]
|switch|p1a: gen5ou machoke|Great Tusk|100/100
|move|p2a: Leviathan|Roost|p2a: Leviathan
|-heal|p2a: Leviathan|80/100
|-singleturn|p2a: Leviathan|move: Roost
|
|upkeep
|turn|15
|
|t:|1779567473
|switch|p2a: Behemoth|Great Tusk, shiny|100/100
|move|p1a: gen5ou machoke|Ice Spinner|p2a: Behemoth
|-supereffective|p2a: Behemoth
|-damage|p2a: Behemoth|69/100
|-damage|p1a: gen5ou machoke|84/100|[from] item: Rocky Helmet|[of] p2a: Behemoth
|
|upkeep
|turn|16
|
|t:|1779567482
|move|p2a: Behemoth|Ice Spinner|p1a: gen5ou machoke
|-supereffective|p1a: gen5ou machoke
|-damage|p1a: gen5ou machoke|50/100
|-damage|p2a: Behemoth|52/100|[from] item: Rocky Helmet|[of] p1a: gen5ou machoke
|move|p1a: gen5ou machoke|Stealth Rock|p2a: Behemoth
|-sidestart|p2: skoma|move: Stealth Rock
|
|upkeep
|turn|17
|
|t:|1779567506
|move|p1a: gen5ou machoke|Ice Spinner|p2a: Behemoth
|-supereffective|p2a: Behemoth
|-damage|p2a: Behemoth|20/100
|-damage|p1a: gen5ou machoke|34/100|[from] item: Rocky Helmet|[of] p2a: Behemoth
|move|p2a: Behemoth|Rapid Spin|p1a: gen5ou machoke
|-damage|p1a: gen5ou machoke|23/100
|-boost|p2a: Behemoth|spe|1
|-damage|p2a: Behemoth|3/100|[from] item: Rocky Helmet|[of] p1a: gen5ou machoke
|-sideend|p2: skoma|Stealth Rock|[from] move: Rapid Spin|[of] p2a: Behemoth
|
|upkeep
|turn|18
|
|t:|1779567515
|move|p2a: Behemoth|Headlong Rush|p1a: gen5ou machoke
|-damage|p1a: gen5ou machoke|0 fnt
|-unboost|p2a: Behemoth|def|1
|-unboost|p2a: Behemoth|spd|1
|-damage|p2a: Behemoth|0 fnt|[from] item: Rocky Helmet|[of] p1a: gen5ou machoke
|faint|p1a: gen5ou machoke
|-end|p1a: gen5ou machoke|Protosynthesis|[silent]
|faint|p2a: Behemoth
|-end|p2a: Behemoth|Protosynthesis|[silent]
|
|upkeep
|
|t:|1779567520
|switch|p2a: Yagami|Darkrai, shiny|100/100
|switch|p1a: rondoudoucif|Raging Bolt|45/100
|turn|19
|
|t:|1779567531
|move|p2a: Yagami|Ice Beam|p1a: rondoudoucif
|-supereffective|p1a: rondoudoucif
|-damage|p1a: rondoudoucif|0 fnt
|faint|p1a: rondoudoucif
|-end|p1a: rondoudoucif|Protosynthesis|[silent]
|
|upkeep
|
|t:|1779567533
|switch|p1a: Cheesy jim|Gholdengo|100/100
|turn|20
|
|t:|1779567540
|move|p1a: Cheesy jim|Focus Blast|p2a: Yagami|[miss]
|-miss|p1a: Cheesy jim|p2a: Yagami
|move|p2a: Yagami|Dark Pulse|p1a: Cheesy jim
|-supereffective|p1a: Cheesy jim
|-damage|p1a: Cheesy jim|0 fnt
|faint|p1a: Cheesy jim
|
|upkeep
|c|☆sanos|gg
|
|t:|1779567544
|switch|p1a: Italy team|Ogerpon-Wellspring-Tera, F, tera:Water|19/100
|-ability|p1a: Italy team|Embody Aspect (Wellspring)|boost
|-boost|p1a: Italy team|spd|1
|turn|21
|c|☆skoma|gg
|
|t:|1779567547
|move|p2a: Yagami|Dark Pulse|p1a: Italy team
|-damage|p1a: Italy team|0 fnt
|faint|p1a: Italy team
|detailschange|p1: Italy team|Ogerpon-Wellspring, F|[silent]
|
|win|skoma
