|j|☆shun5412
|j|☆Ak444me
|t:|1779693309
|gametype|singles
|player|p1|shun5412|az|1267
|player|p2|Ak444me|elesa|1285
|gen|9
|tier|[Gen 9] OU
|rated|
|rule|HP Percentage Mod: HP is shown in percentages
|rule|Endless Battle Clause: Forcing endless battles is banned
|rule|Species Clause: Limit one of each Pokémon
|rule|OHKO Clause: OHKO moves are banned
|rule|Evasion Items Clause: Evasion items are banned
|rule|Evasion Moves Clause: Evasion moves are banned
|rule|Evasion Abilities Clause: Evasion abilities are banned
|rule|Sleep Moves Clause: Sleep-inducing moves are banned
|clearpoke
|poke|p1|Glimmora, M|
|poke|p1|Pelipper, M|
|poke|p1|Gholdengo|
|poke|p1|Grimmsnarl, M|
|poke|p1|Garganacl, M|
|poke|p1|Rotom-Mow|
|poke|p2|Walking Wake|
|poke|p2|Cinderace, M|
|poke|p2|Wo-Chien|
|poke|p2|Great Tusk|
|poke|p2|Torkoal, M|
|poke|p2|Clefable, M|
|teampreview
|inactive|Battle timer is ON: inactive players will automatically lose when time's up. (requested by Ak444me)
|
|t:|1779693312
|teamsize|p1|6
|teamsize|p2|6
|start
|switch|p1a: Rotom|Rotom-Mow|100/100
|switch|p2a: Γ=r×F=rFsin(θ)|Torkoal, M|100/100
|-weather|SunnyDay|[from] ability: Drought|[of] p2a: Γ=r×F=rFsin(θ)
|turn|1
|
|t:|1779693320
|move|p1a: Rotom|Trick|p2a: Γ=r×F=rFsin(θ)
|-activate|p1a: Rotom|move: Trick|[of] p2a: Γ=r×F=rFsin(θ)
|-item|p2a: Γ=r×F=rFsin(θ)|Choice Scarf|[from] move: Trick
|-item|p1a: Rotom|Heat Rock|[from] move: Trick
|move|p2a: Γ=r×F=rFsin(θ)|Overheat|p1a: Rotom
|-supereffective|p1a: Rotom
|-damage|p1a: Rotom|0 fnt
|-unboost|p2a: Γ=r×F=rFsin(θ)|spa|2
|faint|p1a: Rotom
|
|-weather|SunnyDay|[upkeep]
|upkeep
|
|t:|1779693329
|switch|p1a: Garganacl|Garganacl, M|100/100
|turn|2
|
|t:|1779693335
|switch|p2a: ILoveYouToTheMoon|Clefable, M|100/100
|move|p1a: Garganacl|Salt Cure|p2a: ILoveYouToTheMoon
|-damage|p2a: ILoveYouToTheMoon|88/100
|
|-weather|SunnyDay|[upkeep]
|upkeep
|turn|3
|
|t:|1779693346
|switch|p1a: Pelipper|Pelipper, M|100/100
|-weather|RainDance|[from] ability: Drizzle|[of] p1a: Pelipper
|move|p2a: ILoveYouToTheMoon|Calm Mind|p2a: ILoveYouToTheMoon
|-boost|p2a: ILoveYouToTheMoon|spa|1
|-boost|p2a: ILoveYouToTheMoon|spd|1
|
|-weather|RainDance|[upkeep]
|upkeep
|turn|4
|
|t:|1779693354
|move|p1a: Pelipper|Tailwind|p1a: Pelipper
|-sidestart|p1: shun5412|move: Tailwind
|move|p2a: ILoveYouToTheMoon|Calm Mind|p2a: ILoveYouToTheMoon
|-boost|p2a: ILoveYouToTheMoon|spa|1
|-boost|p2a: ILoveYouToTheMoon|spd|1
|
|-weather|RainDance|[upkeep]
|upkeep
|turn|5
|
|t:|1779693361
|move|p1a: Pelipper|Weather Ball|p2a: ILoveYouToTheMoon
|-damage|p2a: ILoveYouToTheMoon|67/100
|move|p2a: ILoveYouToTheMoon|Calm Mind|p2a: ILoveYouToTheMoon
|-boost|p2a: ILoveYouToTheMoon|spa|1
|-boost|p2a: ILoveYouToTheMoon|spd|1
|
|-weather|RainDance|[upkeep]
|upkeep
|turn|6
|
|t:|1779693370
|switch|p1a: Glimmora|Glimmora, M|100/100
|move|p2a: ILoveYouToTheMoon|Moonlight|p2a: ILoveYouToTheMoon
|-heal|p2a: ILoveYouToTheMoon|92/100
|
|-weather|RainDance|[upkeep]
|upkeep
|turn|7
|
|t:|1779693376
|-terastallize|p2a: ILoveYouToTheMoon|Poison
|move|p1a: Glimmora|Stealth Rock|p2a: ILoveYouToTheMoon
|-sidestart|p2: Ak444me|move: Stealth Rock
|move|p2a: ILoveYouToTheMoon|Moonblast|p1a: Glimmora
|-resisted|p1a: Glimmora
|-damage|p1a: Glimmora|48/100
|
|-weather|none
|-sideend|p1: shun5412|move: Tailwind
|upkeep
|turn|8
|
|t:|1779693383
|move|p1a: Glimmora|Earth Power|p2a: ILoveYouToTheMoon
|-supereffective|p2a: ILoveYouToTheMoon
|-damage|p2a: ILoveYouToTheMoon|68/100
|move|p2a: ILoveYouToTheMoon|Moonblast|p1a: Glimmora
|-resisted|p1a: Glimmora
|-damage|p1a: Glimmora|0 fnt
|faint|p1a: Glimmora
|
|upkeep
|-message|shun5412 forfeited.
|
|win|Ak444me
|raw|shun5412's rating: 1267 &rarr; <strong>1243</strong><br />(-24 for losing)
|raw|Ak444me's rating: 1285 &rarr; <strong>1309</strong><br />(+24 for winning)
|l|☆shun5412
|player|p1|
|l|☆Ak444me
|player|p2|
