|j|☆Baconian
|j|☆hsp20040923
|t:|1779688458
|gametype|singles
|player|p1|Baconian|preschooler|1106
|player|p2|hsp20040923|169|1145
|gen|9
|tier|[Gen 9] OU
|rated|
|rule|HP Percentage Mod: HP is shown in percentages
|rule|Endless Battle Clause: Forcing endless battles is banned
|rule|Species Clause: Limit one of each Pokémon
|rule|OHKO Clause: OHKO moves are banned
|rule|Evasion Items Clause: Evasion items are banned
|rule|Evasion Moves Clause: Evasion moves are banned
|rule|Evasion Abilities Clause: Evasion abilities are banned
|rule|Sleep Moves Clause: Sleep-inducing moves are banned
|clearpoke
|poke|p1|Samurott-Hisui, F|
|poke|p1|Gholdengo|
|poke|p1|Iron Moth|
|poke|p1|Iron Treads|
|poke|p1|Iron Valiant|
|poke|p1|Zamazenta-*|
|poke|p2|Darkrai|
|poke|p2|Haxorus, M|
|poke|p2|Torterra, M|
|poke|p2|Braviary, M|
|poke|p2|Magnezone|
|poke|p2|Tentacruel, F|
|teampreview
|
|t:|1779688475
|teamsize|p1|6
|teamsize|p2|6
|start
|switch|p1a: Samurott|Samurott-Hisui, F|100/100
|switch|p2a: Magnezone|Magnezone|100/100
|turn|1
|
|t:|1779688485
|move|p1a: Samurott|Ceaseless Edge|p2a: Magnezone
|-damage|p2a: Magnezone|56/100
|-sidestart|p2: hsp20040923|Spikes
|move|p2a: Magnezone|Flash Cannon|p1a: Samurott
|-resisted|p1a: Samurott
|-damage|p1a: Samurott|54/100
|
|upkeep
|turn|2
|
|t:|1779688493
|move|p1a: Samurott|Ceaseless Edge|p2a: Magnezone|[miss]
|-miss|p1a: Samurott|p2a: Magnezone
|move|p2a: Magnezone|Volt Switch|p1a: Samurott
|-supereffective|p1a: Samurott
|-damage|p1a: Samurott|0 fnt
|faint|p1a: Samurott
|
|t:|1779688506
|switch|p2a: Braviary|Braviary, M, shiny|100/100|[from] Volt Switch
|
|upkeep
|
|t:|1779688518
|switch|p1a: Iron Treads|Iron Treads|100/100
|turn|3
|
|t:|1779688526
|move|p1a: Iron Treads|Iron Head|p2a: Braviary
|-damage|p2a: Braviary|51/100
|move|p2a: Braviary|Close Combat|p1a: Iron Treads
|-supereffective|p1a: Iron Treads
|-damage|p1a: Iron Treads|31/100
|-unboost|p2a: Braviary|def|1
|-unboost|p2a: Braviary|spd|1
|
|upkeep
|turn|4
|
|t:|1779688540
|-terastallize|p2a: Braviary|Ground
|move|p1a: Iron Treads|Iron Head|p2a: Braviary
|-damage|p2a: Braviary|0 fnt
|faint|p2a: Braviary
|
|upkeep
|
|t:|1779688555
|switch|p2a: Tentacruel|Tentacruel, F|100/100
|-damage|p2a: Tentacruel|88/100|[from] Spikes
|turn|5
|
|t:|1779688559
|move|p1a: Iron Treads|Earthquake|p2a: Tentacruel
|-supereffective|p2a: Tentacruel
|-damage|p2a: Tentacruel|4/100
|move|p2a: Tentacruel|Rapid Spin|p1a: Iron Treads
|-resisted|p1a: Iron Treads
|-damage|p1a: Iron Treads|28/100
|-boost|p2a: Tentacruel|spe|1
|-sideend|p2: hsp20040923|Spikes|[from] move: Rapid Spin|[of] p2a: Tentacruel
|
|-heal|p2a: Tentacruel|10/100|[from] item: Black Sludge
|upkeep
|turn|6
|
|t:|1779688568
|move|p2a: Tentacruel|Surf|p1a: Iron Treads
|-supereffective|p1a: Iron Treads
|-damage|p1a: Iron Treads|0 fnt
|faint|p1a: Iron Treads
|-end|p1a: Iron Treads|Quark Drive|[silent]
|
|-heal|p2a: Tentacruel|16/100|[from] item: Black Sludge
|upkeep
|
|t:|1779688575
|switch|p1a: Iron Moth|Iron Moth|100/100
|-enditem|p1a: Iron Moth|Booster Energy
|-activate|p1a: Iron Moth|ability: Quark Drive|[fromitem]
|-start|p1a: Iron Moth|quarkdrivespe
|turn|7
|
|t:|1779688586
|move|p1a: Iron Moth|Discharge|p2a: Tentacruel
|-supereffective|p2a: Tentacruel
|-damage|p2a: Tentacruel|0 fnt
|faint|p2a: Tentacruel
|
|upkeep
|
|t:|1779688605
|switch|p2a: Torterra|Torterra, M, shiny|100/100
|turn|8
|
|t:|1779688623
|move|p1a: Iron Moth|Fiery Dance|p2a: Torterra
|-supereffective|p2a: Torterra
|-enditem|p2a: Torterra|Focus Sash
|-damage|p2a: Torterra|1/100
|-boost|p1a: Iron Moth|spa|1
|move|p2a: Torterra|Earthquake|p1a: Iron Moth
|-supereffective|p1a: Iron Moth
|-damage|p1a: Iron Moth|0 fnt
|faint|p1a: Iron Moth
|-end|p1a: Iron Moth|Quark Drive|[silent]
|
|upkeep
|
|t:|1779688634
|switch|p1a: Zamazenta|Zamazenta|100/100
|-ability|p1a: Zamazenta|Dauntless Shield|boost
|-boost|p1a: Zamazenta|def|1
|turn|9
|
|t:|1779688639
|move|p1a: Zamazenta|Iron Defense|p1a: Zamazenta
|-boost|p1a: Zamazenta|def|2
|move|p2a: Torterra|Stealth Rock|p1a: Zamazenta
|-sidestart|p1: Baconian|move: Stealth Rock
|
|upkeep
|turn|10
|
|t:|1779688649
|move|p1a: Zamazenta|Body Press|p2a: Torterra
|-damage|p2a: Torterra|0 fnt
|faint|p2a: Torterra
|
|upkeep
|
|t:|1779688651
|switch|p2a: Darkrai|Darkrai|100/100
|turn|11
|
|t:|1779688655
|move|p2a: Darkrai|Sludge Bomb|p1a: Zamazenta
|-damage|p1a: Zamazenta|69/100
|-status|p1a: Zamazenta|psn
|move|p1a: Zamazenta|Body Press|p2a: Darkrai
|-supereffective|p2a: Darkrai
|-damage|p2a: Darkrai|0 fnt
|faint|p2a: Darkrai
|
|-heal|p1a: Zamazenta|75/100 psn|[from] item: Leftovers
|-damage|p1a: Zamazenta|63/100 psn|[from] psn
|upkeep
|
|t:|1779688666
|switch|p2a: Magnezone|Magnezone|56/100
|turn|12
|
|t:|1779688669
|move|p1a: Zamazenta|Body Press|p2a: Magnezone
|-supereffective|p2a: Magnezone
|-damage|p2a: Magnezone|0 fnt
|faint|p2a: Magnezone
|
|-heal|p1a: Zamazenta|69/100 psn|[from] item: Leftovers
|-damage|p1a: Zamazenta|56/100 psn|[from] psn
|upkeep
|-message|hsp20040923 forfeited.
|
|win|Baconian
|raw|Baconian's rating: 1106 &rarr; <strong>1134</strong><br />(+28 for winning)
|raw|hsp20040923's rating: 1145 &rarr; <strong>1117</strong><br />(-28 for losing)
|l|☆hsp20040923
|player|p2|
