|j|☆hobamna
|j|☆0TheRealAce0
|t:|1779643596
|gametype|singles
|player|p1|hobamna|bugcatcher-gen4dp|1533
|player|p2|0TheRealAce0|102|1497
|gen|9
|tier|[Gen 9] OU
|rated|
|rule|HP Percentage Mod: HP is shown in percentages
|rule|Endless Battle Clause: Forcing endless battles is banned
|rule|Species Clause: Limit one of each Pokémon
|rule|OHKO Clause: OHKO moves are banned
|rule|Evasion Items Clause: Evasion items are banned
|rule|Evasion Moves Clause: Evasion moves are banned
|rule|Evasion Abilities Clause: Evasion abilities are banned
|rule|Sleep Moves Clause: Sleep-inducing moves are banned
|clearpoke
|poke|p1|Iron Boulder|
|poke|p1|Gengar, F|
|poke|p1|Samurott-Hisui, M|
|poke|p1|Ninetales-Alola, F|
|poke|p1|Rillaboom, F|
|poke|p1|Hatterene, F|
|poke|p2|Ogerpon-Wellspring, F|
|poke|p2|Dragapult, M|
|poke|p2|Great Tusk|
|poke|p2|Zapdos|
|poke|p2|Cinderace, F|
|poke|p2|Kingambit, F|
|teampreview
|inactive|Battle timer is ON: inactive players will automatically lose when time's up. (requested by 0TheRealAce0)
|
|t:|1779643606
|teamsize|p1|6
|teamsize|p2|6
|start
|switch|p1a: Samurott|Samurott-Hisui, M|100/100
|switch|p2a: PortgusDAce|Cinderace, F|100/100
|turn|1
|
|t:|1779643622
|switch|p2a: CounterBolt|Great Tusk|100/100
|move|p1a: Samurott|Razor Shell|p2a: CounterBolt
|-supereffective|p2a: CounterBolt
|-damage|p2a: CounterBolt|42/100
|
|upkeep
|turn|2
|
|t:|1779643629
|-end|p2a: CounterBolt|Protosynthesis|[silent]
|switch|p2a: Dawg|Ogerpon-Wellspring, F|100/100
|move|p1a: Samurott|Razor Shell|p2a: Dawg
|-immune|p2a: Dawg|[from] ability: Water Absorb
|
|upkeep
|turn|3
|
|t:|1779643642
|switch|p2a: SpikyBird|Zapdos|100/100
|switch|p1a: Rillaboom|Rillaboom, F|100/100
|-fieldstart|move: Grassy Terrain|[from] ability: Grassy Surge|[of] p1a: Rillaboom
|
|upkeep
|turn|4
|
|t:|1779643654
|switch|p1a: Ninetales|Ninetales-Alola, F|100/100
|-weather|Snowscape|[from] ability: Snow Warning|[of] p1a: Ninetales
|move|p2a: SpikyBird|Thunder Wave|p1a: Ninetales
|-status|p1a: Ninetales|par
|
|-weather|Snowscape|[upkeep]
|upkeep
|turn|5
|
|t:|1779643666
|switch|p1a: Samurott|Samurott-Hisui, M|100/100
|move|p2a: SpikyBird|Volt Switch|p1a: Samurott
|-supereffective|p1a: Samurott
|-damage|p1a: Samurott|20/100
|
|t:|1779643675
|switch|p2a: TheDarkKnight|Kingambit, F|100/100|[from] Volt Switch
|
|-weather|Snowscape|[upkeep]
|-heal|p1a: Samurott|26/100|[from] Grassy Terrain
|upkeep
|turn|6
|
|t:|1779643685
|-end|p2a: TheDarkKnight|fallenundefined|[silent]
|switch|p2a: SpikyBird|Zapdos|100/100
|move|p1a: Samurott|Razor Shell|p2a: SpikyBird
|-damage|p2a: SpikyBird|64/100
|
|-weather|Snowscape|[upkeep]
|-heal|p1a: Samurott|32/100|[from] Grassy Terrain
|upkeep
|turn|7
|
|t:|1779643693
|move|p1a: Samurott|Ceaseless Edge|p2a: SpikyBird
|-damage|p2a: SpikyBird|31/100
|-sidestart|p2: 0TheRealAce0|Spikes
|move|p2a: SpikyBird|Volt Switch|p1a: Samurott
|-supereffective|p1a: Samurott
|-damage|p1a: Samurott|0 fnt
|faint|p1a: Samurott
|
|t:|1779643708
|switch|p2a: DropADraco|Dragapult, M|100/100|[from] Volt Switch
|-damage|p2a: DropADraco|88/100|[from] Spikes
|
|-weather|Snowscape|[upkeep]
|-heal|p2a: DropADraco|94/100|[from] Grassy Terrain
|-fieldend|move: Grassy Terrain
|upkeep
|inactive|hobamna has 120 seconds left.
|inactive|hobamna has 90 seconds left.
|
|t:|1779643770
|switch|p1a: Rillaboom|Rillaboom, F|100/100
|-fieldstart|move: Grassy Terrain|[from] ability: Grassy Surge|[of] p1a: Rillaboom
|turn|8
|
|t:|1779643775
|move|p2a: DropADraco|Draco Meteor|p1a: Rillaboom
|-damage|p1a: Rillaboom|0 fnt
|-unboost|p2a: DropADraco|spa|2
|faint|p1a: Rillaboom
|
|-weather|none
|-heal|p2a: DropADraco|99/100|[from] Grassy Terrain
|upkeep
|
|t:|1779643792
|switch|p1a: Hatterene|Hatterene, F, shiny|100/100
|-enditem|p1a: Hatterene|Grassy Seed
|-boost|p1a: Hatterene|def|1|[from] item: Grassy Seed
|turn|9
|
|t:|1779643807
|switch|p2a: CounterBolt|Great Tusk|42/100
|-damage|p2a: CounterBolt|30/100|[from] Spikes
|move|p1a: Hatterene|Calm Mind|p1a: Hatterene
|-boost|p1a: Hatterene|spa|1
|-boost|p1a: Hatterene|spd|1
|
|-heal|p2a: CounterBolt|36/100|[from] Grassy Terrain
|upkeep
|turn|10
|
|t:|1779643822
|move|p2a: CounterBolt|Rapid Spin|p1a: Hatterene
|-damage|p1a: Hatterene|90/100
|-boost|p2a: CounterBolt|spe|1
|-sideend|p2: 0TheRealAce0|Spikes|[from] move: Rapid Spin|[of] p2a: CounterBolt
|move|p1a: Hatterene|Agility|p1a: Hatterene
|-boost|p1a: Hatterene|spe|2
|
|-heal|p2a: CounterBolt|42/100|[from] Grassy Terrain
|-heal|p1a: Hatterene|96/100|[from] Grassy Terrain
|upkeep
|turn|11
|
|t:|1779643839
|move|p2a: CounterBolt|Headlong Rush|p1a: Hatterene
|-damage|p1a: Hatterene|62/100
|-unboost|p2a: CounterBolt|def|1
|-unboost|p2a: CounterBolt|spd|1
|move|p1a: Hatterene|Draining Kiss|p2a: CounterBolt
|-supereffective|p2a: CounterBolt
|-damage|p2a: CounterBolt|0 fnt
|-heal|p1a: Hatterene|100/100|[from] drain|[of] p2a: CounterBolt
|faint|p2a: CounterBolt
|-end|p2a: CounterBolt|Protosynthesis|[silent]
|
|upkeep
|
|t:|1779643844
|switch|p2a: PortgusDAce|Cinderace, F|100/100
|turn|12
|
|t:|1779643854
|move|p2a: PortgusDAce|Iron Head|p1a: Hatterene
|-start|p2a: PortgusDAce|typechange|Steel|[from] ability: Libero
|-supereffective|p1a: Hatterene
|-damage|p1a: Hatterene|19/100
|cant|p1a: Hatterene|flinch
|
|-heal|p1a: Hatterene|25/100|[from] Grassy Terrain
|-fieldend|move: Grassy Terrain
|upkeep
|turn|13
|inactive|hobamna has 90 seconds left.
|
|t:|1779643880
|move|p2a: PortgusDAce|Iron Head|p1a: Hatterene
|-supereffective|p1a: Hatterene
|-damage|p1a: Hatterene|0 fnt
|faint|p1a: Hatterene
|
|upkeep
|inactive|hobamna has 90 seconds left.
|
|t:|1779643890
|switch|p1a: Gengar|Gengar, F|100/100
|turn|14
|
|t:|1779643898
|move|p2a: PortgusDAce|Iron Head|p1a: Gengar
|-damage|p1a: Gengar|0 fnt
|faint|p1a: Gengar
|
|upkeep
|-message|hobamna forfeited.
|
|win|0TheRealAce0
|raw|hobamna's rating: 1533 &rarr; <strong>1511</strong><br />(-22 for losing)
|raw|0TheRealAce0's rating: 1497 &rarr; <strong>1519</strong><br />(+22 for winning)
|l|☆hobamna
|player|p1|
|l|☆0TheRealAce0
|player|p2|
