|j|☆keep ttar overused
|j|‽Roboute
|t:|1779687172
|gametype|singles
|player|p1|keep ttar overused|1|1383
|player|p2|Roboute|266|1338
|gen|9
|tier|[Gen 9] OU
|rated|
|rule|HP Percentage Mod: HP is shown in percentages
|rule|Endless Battle Clause: Forcing endless battles is banned
|rule|Species Clause: Limit one of each Pokémon
|rule|OHKO Clause: OHKO moves are banned
|rule|Evasion Items Clause: Evasion items are banned
|rule|Evasion Moves Clause: Evasion moves are banned
|rule|Evasion Abilities Clause: Evasion abilities are banned
|rule|Sleep Moves Clause: Sleep-inducing moves are banned
|clearpoke
|poke|p1|Empoleon, M|
|poke|p1|Dewgong, F|
|poke|p1|Ditto|
|poke|p1|Infernape, M|
|poke|p1|Raichu, F|
|poke|p1|Snorlax, F|
|poke|p2|Hoopa|
|poke|p2|Cinderace, M|
|poke|p2|Mandibuzz, F|
|poke|p2|Kyurem|
|poke|p2|Ting-Lu|
|poke|p2|Manaphy|
|teampreview
|inactive|Battle timer is ON: inactive players will automatically lose when time's up. (requested by Roboute)
|
|t:|1779687188
|teamsize|p1|6
|teamsize|p2|6
|start
|switch|p1a: Napoleon|Empoleon, M|100/100
|switch|p2a: Hoopa|Hoopa|100/100
|turn|1
|
|t:|1779687201
|move|p2a: Hoopa|Substitute|p2a: Hoopa
|-start|p2a: Hoopa|Substitute
|-damage|p2a: Hoopa|76/100
|move|p1a: Napoleon|Stealth Rock|p2a: Hoopa
|-sidestart|p2: Roboute|move: Stealth Rock
|
|upkeep
|turn|2
|
|t:|1779687207
|move|p2a: Hoopa|Focus Blast|p1a: Napoleon
|-supereffective|p1a: Napoleon
|-damage|p1a: Napoleon|3/100
|move|p1a: Napoleon|Surf|p2a: Hoopa
|-end|p2a: Hoopa|Substitute
|
|-heal|p1a: Napoleon|9/100|[from] item: Leftovers
|upkeep
|turn|3
|
|t:|1779687214
|move|p2a: Hoopa|Shadow Ball|p1a: Napoleon
|-damage|p1a: Napoleon|0 fnt
|faint|p1a: Napoleon
|
|upkeep
|
|t:|1779687216
|switch|p1a: Utility Dewgong|Dewgong, F|100/100
|turn|4
|
|t:|1779687230
|switch|p2a: Manaphy|Manaphy|100/100
|-damage|p2a: Manaphy|88/100|[from] Stealth Rock
|move|p1a: Utility Dewgong|Knock Off|p2a: Manaphy
|-damage|p2a: Manaphy|72/100
|-enditem|p2a: Manaphy|Leftovers|[from] move: Knock Off|[of] p1a: Utility Dewgong
|
|upkeep
|turn|5
|
|t:|1779687240
|move|p2a: Manaphy|Alluring Voice|p1a: Utility Dewgong
|-damage|p1a: Utility Dewgong|87/100
|move|p1a: Utility Dewgong|Flip Turn|p2a: Manaphy
|-resisted|p2a: Manaphy
|-damage|p2a: Manaphy|66/100
|
|t:|1779687245
|switch|p1a: Fire Monk|Infernape, M|100/100|[from] Flip Turn
|
|upkeep
|turn|6
|
|t:|1779687255
|switch|p2a: Kyurem|Kyurem|100/100
|-damage|p2a: Kyurem|76/100|[from] Stealth Rock
|-ability|p2a: Kyurem|Pressure
|move|p1a: Fire Monk|Close Combat|p2a: Kyurem
|-supereffective|p2a: Kyurem
|-damage|p2a: Kyurem|0 fnt
|-unboost|p1a: Fire Monk|def|1
|-unboost|p1a: Fire Monk|spd|1
|faint|p2a: Kyurem
|
|upkeep
|
|t:|1779687271
|switch|p2a: Cinderace|Cinderace, M|100/100
|-damage|p2a: Cinderace|76/100|[from] Stealth Rock
|turn|7
|
|t:|1779687283
|switch|p1a: Pic 6|Snorlax, F|100/100
|move|p2a: Cinderace|Court Change|p2a: Cinderace
|-start|p2a: Cinderace|typechange|Normal|[from] ability: Libero
|-swapsideconditions
|-activate|p2a: Cinderace|move: Court Change
|
|upkeep
|turn|8
|
|t:|1779687290
|move|p2a: Cinderace|U-turn|p1a: Pic 6
|-damage|p1a: Pic 6|79/100
|
|t:|1779687295
|switch|p2a: Manaphy|Manaphy|66/100|[from] U-turn
|move|p1a: Pic 6|Curse|p1a: Pic 6
|-unboost|p1a: Pic 6|spe|1
|-boost|p1a: Pic 6|atk|1
|-boost|p1a: Pic 6|def|1
|
|-heal|p1a: Pic 6|85/100|[from] item: Leftovers
|upkeep
|turn|9
|
|t:|1779687299
|move|p2a: Manaphy|Tail Glow|p2a: Manaphy
|-boost|p2a: Manaphy|spa|3
|move|p1a: Pic 6|Body Slam|p2a: Manaphy
|-damage|p2a: Manaphy|26/100
|
|-heal|p1a: Pic 6|91/100|[from] item: Leftovers
|upkeep
|turn|10
|
|t:|1779687307
|move|p2a: Manaphy|Scald|p1a: Pic 6
|-damage|p1a: Pic 6|58/100
|-status|p1a: Pic 6|brn
|move|p1a: Pic 6|Body Slam|p2a: Manaphy
|-damage|p2a: Manaphy|6/100
|
|-heal|p1a: Pic 6|64/100 brn|[from] item: Leftovers
|-damage|p1a: Pic 6|58/100 brn|[from] brn
|upkeep
|turn|11
|
|t:|1779687315
|move|p2a: Manaphy|Scald|p1a: Pic 6
|-damage|p1a: Pic 6|24/100 brn
|move|p1a: Pic 6|Rest|p1a: Pic 6
|-status|p1a: Pic 6|slp|[from] move: Rest
|-heal|p1a: Pic 6|100/100 slp|[silent]
|
|upkeep
|turn|12
|
|t:|1779687322
|move|p2a: Manaphy|Scald|p1a: Pic 6
|-damage|p1a: Pic 6|71/100 slp
|cant|p1a: Pic 6|slp
|
|-heal|p1a: Pic 6|77/100 slp|[from] item: Leftovers
|upkeep
|turn|13
|
|t:|1779687325
|move|p2a: Manaphy|Scald|p1a: Pic 6
|-damage|p1a: Pic 6|46/100 slp
|cant|p1a: Pic 6|slp
|
|-heal|p1a: Pic 6|52/100 slp|[from] item: Leftovers
|upkeep
|turn|14
|
|t:|1779687328
|move|p2a: Manaphy|Scald|p1a: Pic 6
|-damage|p1a: Pic 6|20/100 slp
|-curestatus|p1a: Pic 6|slp|[msg]
|move|p1a: Pic 6|Body Slam|p2a: Manaphy
|-damage|p2a: Manaphy|0 fnt
|faint|p2a: Manaphy
|
|-heal|p1a: Pic 6|26/100|[from] item: Leftovers
|upkeep
|
|t:|1779687337
|switch|p2a: Cinderace|Cinderace, M|76/100
|turn|15
|
|t:|1779687341
|move|p2a: Cinderace|High Jump Kick|p1a: Pic 6|[miss]
|-start|p2a: Cinderace|typechange|Fighting|[from] ability: Libero
|-miss|p2a: Cinderace|p1a: Pic 6
|-damage|p2a: Cinderace|26/100|[from] highjumpkick
|move|p1a: Pic 6|Rest|p1a: Pic 6
|-status|p1a: Pic 6|slp|[from] move: Rest
|-heal|p1a: Pic 6|100/100 slp|[silent]
|
|upkeep
|turn|16
|
|t:|1779687350
|switch|p2a: Hoopa|Hoopa|76/100
|-terastallize|p1a: Pic 6|Ghost
|cant|p1a: Pic 6|slp
|
|upkeep
|turn|17
|
|t:|1779687358
|switch|p1a: Utility Dewgong|Dewgong, F|87/100
|move|p2a: Hoopa|Substitute|p2a: Hoopa
|-start|p2a: Hoopa|Substitute
|-damage|p2a: Hoopa|51/100
|
|upkeep
|turn|18
|
|t:|1779687363
|move|p2a: Hoopa|Focus Blast|p1a: Utility Dewgong
|-supereffective|p1a: Utility Dewgong
|-damage|p1a: Utility Dewgong|7/100
|move|p1a: Utility Dewgong|Knock Off|p2a: Hoopa
|-supereffective|p2a: Hoopa
|-end|p2a: Hoopa|Substitute
|
|upkeep
|turn|19
|
|t:|1779687369
|move|p2a: Hoopa|Shadow Ball|p1a: Utility Dewgong
|-damage|p1a: Utility Dewgong|0 fnt
|faint|p1a: Utility Dewgong
|
|upkeep
|
|t:|1779687388
|switch|p1a: Fire Monk|Infernape, M|100/100
|turn|20
|
|t:|1779687392
|switch|p2a: Mandibuzz|Mandibuzz, F, shiny|100/100
|move|p1a: Fire Monk|Overheat|p2a: Mandibuzz
|-damage|p2a: Mandibuzz|64/100
|-unboost|p1a: Fire Monk|spa|2
|
|upkeep
|turn|21
|
|t:|1779687398
|move|p1a: Fire Monk|U-turn|p2a: Mandibuzz
|-damage|p2a: Mandibuzz|52/100
|-damage|p1a: Fire Monk|84/100|[from] item: Rocky Helmet|[of] p2a: Mandibuzz
|
|t:|1779687401
|switch|p1a: Ander Dimgus|Raichu, F|100/100|[from] U-turn
|move|p2a: Mandibuzz|Toxic|p1a: Ander Dimgus
|-status|p1a: Ander Dimgus|tox
|
|-damage|p1a: Ander Dimgus|94/100 tox|[from] psn
|upkeep
|turn|22
|
|t:|1779687408
|switch|p1a: Fire Monk|Infernape, M|84/100
|switch|p2a: Ting-Lu|Ting-Lu|100/100
|-ability|p2a: Ting-Lu|Vessel of Ruin
|
|upkeep
|turn|23
|
|t:|1779687414
|move|p1a: Fire Monk|Close Combat|p2a: Ting-Lu
|-supereffective|p2a: Ting-Lu
|-damage|p2a: Ting-Lu|35/100
|-unboost|p1a: Fire Monk|def|1
|-unboost|p1a: Fire Monk|spd|1
|-enditem|p2a: Ting-Lu|Weakness Policy
|-boost|p2a: Ting-Lu|atk|2|[from] item: Weakness Policy
|-boost|p2a: Ting-Lu|spa|2|[from] item: Weakness Policy
|move|p2a: Ting-Lu|Earthquake|p1a: Fire Monk
|-supereffective|p1a: Fire Monk
|-damage|p1a: Fire Monk|0 fnt
|faint|p1a: Fire Monk
|
|upkeep
|
|t:|1779687438
|switch|p1a: Ander Dimgus|Raichu, F|94/100 tox
|turn|24
|
|t:|1779687444
|move|p1a: Ander Dimgus|Grass Knot|p2a: Ting-Lu
|-supereffective|p2a: Ting-Lu
|-damage|p2a: Ting-Lu|1/100
|move|p2a: Ting-Lu|Earthquake|p1a: Ander Dimgus
|-supereffective|p1a: Ander Dimgus
|-damage|p1a: Ander Dimgus|0 fnt
|faint|p1a: Ander Dimgus
|
|upkeep
|
|t:|1779687450
|switch|p1a: Double D|Ditto|100/100
|-damage|p1a: Double D|88/100|[from] Stealth Rock
|-transform|p1a: Double D|p2a: Ting-Lu|[from] ability: Imposter
|-ability|p1a: Double D|Vessel of Ruin
|turn|25
|
|t:|1779687454
|move|p1a: Double D|Heavy Slam|p2a: Ting-Lu
|-damage|p2a: Ting-Lu|0 fnt
|faint|p2a: Ting-Lu
|
|upkeep
|
|t:|1779687458
|switch|p2a: Mandibuzz|Mandibuzz, F, shiny|52/100
|turn|26
|
|t:|1779687461
|move|p2a: Mandibuzz|Roost|p2a: Mandibuzz
|-heal|p2a: Mandibuzz|100/100
|-singleturn|p2a: Mandibuzz|move: Roost
|move|p1a: Double D|Heavy Slam|p2a: Mandibuzz
|-damage|p2a: Mandibuzz|51/100
|-damage|p1a: Double D|71/100|[from] item: Rocky Helmet|[of] p2a: Mandibuzz
|
|upkeep
|turn|27
|
|t:|1779687469
|switch|p1a: Pic 6|Snorlax, F, tera:Ghost|100/100 slp
|-damage|p1a: Pic 6|88/100 slp|[from] Stealth Rock
|move|p2a: Mandibuzz|Toxic||[still]
|-fail|p2a: Mandibuzz
|
|-heal|p1a: Pic 6|94/100 slp|[from] item: Leftovers
|upkeep
|turn|28
|
|t:|1779687474
|move|p2a: Mandibuzz|Roost|p2a: Mandibuzz
|-heal|p2a: Mandibuzz|100/100
|-singleturn|p2a: Mandibuzz|move: Roost
|cant|p1a: Pic 6|slp
|
|-heal|p1a: Pic 6|99/100 slp|[from] item: Leftovers
|upkeep
|turn|29
|
|t:|1779687484
|switch|p2a: Hoopa|Hoopa|51/100
|-curestatus|p1a: Pic 6|slp|[msg]
|move|p1a: Pic 6|Body Slam|p2a: Hoopa
|-immune|p2a: Hoopa
|
|-heal|p1a: Pic 6|100/100|[from] item: Leftovers
|upkeep
|turn|30
|
|t:|1779687487
|move|p2a: Hoopa|Substitute|p2a: Hoopa
|-start|p2a: Hoopa|Substitute
|-damage|p2a: Hoopa|26/100
|move|p1a: Pic 6|Earthquake|p2a: Hoopa
|-end|p2a: Hoopa|Substitute
|
|upkeep
|turn|31
|
|t:|1779687496
|move|p2a: Hoopa|Shadow Ball|p1a: Pic 6
|-supereffective|p1a: Pic 6
|-damage|p1a: Pic 6|59/100
|move|p1a: Pic 6|Earthquake|p2a: Hoopa
|-damage|p2a: Hoopa|0 fnt
|faint|p2a: Hoopa
|
|-heal|p1a: Pic 6|65/100|[from] item: Leftovers
|upkeep
|
|t:|1779687501
|switch|p2a: Mandibuzz|Mandibuzz, F, shiny|100/100
|turn|32
|
|t:|1779687505
|move|p2a: Mandibuzz|Foul Play|p1a: Pic 6
|-supereffective|p1a: Pic 6
|-damage|p1a: Pic 6|5/100
|move|p1a: Pic 6|Body Slam|p2a: Mandibuzz
|-damage|p2a: Mandibuzz|82/100
|-status|p2a: Mandibuzz|par
|-damage|p1a: Pic 6|0 fnt|[from] item: Rocky Helmet|[of] p2a: Mandibuzz
|faint|p1a: Pic 6
|
|upkeep
|
|t:|1779687512
|switch|p1a: Double D|Ditto|71/100
|-damage|p1a: Double D|59/100|[from] Stealth Rock
|-transform|p1a: Double D|p2a: Mandibuzz|[from] ability: Imposter
|turn|33
|-message|keep ttar overused forfeited.
|
|win|Roboute
|raw|keep ttar overused's rating: 1383 &rarr; <strong>1360</strong><br />(-23 for losing)
|raw|Roboute's rating: 1338 &rarr; <strong>1361</strong><br />(+23 for winning)
|l|☆keep ttar overused
|player|p1|
|l|‽Roboute
|player|p2|
