|j|☆samerotts you
|j|☆fregene97
|t:|1779558961
|gametype|singles
|player|p1|samerotts you|caitlin|1352
|player|p2|fregene97|camper|1382
|gen|9
|tier|[Gen 9] OU
|rated|
|rule|HP Percentage Mod: HP is shown in percentages
|rule|Endless Battle Clause: Forcing endless battles is banned
|rule|Species Clause: Limit one of each Pokémon
|rule|OHKO Clause: OHKO moves are banned
|rule|Evasion Items Clause: Evasion items are banned
|rule|Evasion Moves Clause: Evasion moves are banned
|rule|Evasion Abilities Clause: Evasion abilities are banned
|rule|Sleep Moves Clause: Sleep-inducing moves are banned
|clearpoke
|poke|p1|Ting-Lu|
|poke|p1|Great Tusk|
|poke|p1|Gholdengo|
|poke|p1|Dragonite, M|
|poke|p1|Skeledirge, F|
|poke|p1|Primarina, F|
|poke|p2|Armarouge, M|
|poke|p2|Zamazenta-*|
|poke|p2|Yanmega, M|
|poke|p2|Iron Valiant|
|poke|p2|Mandibuzz, F|
|poke|p2|Latias, F|
|teampreview
|inactive|Battle timer is ON: inactive players will automatically lose when time's up. (requested by samerotts you)
|
|t:|1779558966
|teamsize|p1|6
|teamsize|p2|6
|start
|switch|p1a: Goldeengo|Gholdengo|100/100
|switch|p2a: Yanmega|Yanmega, M, shiny|100/100
|turn|1
|
|t:|1779558979
|move|p1a: Goldeengo|Power Gem|p2a: Yanmega
|-supereffective|p2a: Yanmega
|-damage|p2a: Yanmega|0 fnt
|faint|p2a: Yanmega
|
|upkeep
|
|t:|1779558983
|switch|p2a: Armarouge|Armarouge, M, shiny|100/100
|turn|2
|
|t:|1779558995
|switch|p1a: Piranha|Primarina, F|100/100
|move|p2a: Armarouge|Calm Mind|p2a: Armarouge
|-boost|p2a: Armarouge|spa|1
|-boost|p2a: Armarouge|spd|1
|
|upkeep
|turn|3
|
|t:|1779559001
|move|p2a: Armarouge|Endure|p2a: Armarouge
|-singleturn|p2a: Armarouge|move: Endure
|move|p1a: Piranha|Surf|p2a: Armarouge
|-supereffective|p2a: Armarouge
|-damage|p2a: Armarouge|26/100
|-enditem|p2a: Armarouge|Weakness Policy
|-boost|p2a: Armarouge|atk|2|[from] item: Weakness Policy
|-boost|p2a: Armarouge|spa|2|[from] item: Weakness Policy
|
|upkeep
|turn|4
|
|t:|1779559004
|move|p1a: Piranha|Surf|p2a: Armarouge
|-supereffective|p2a: Armarouge
|-damage|p2a: Armarouge|0 fnt
|faint|p2a: Armarouge
|
|upkeep
|
|t:|1779559012
|switch|p2a: Iron Valiant|Iron Valiant, shiny|100/100
|-enditem|p2a: Iron Valiant|Booster Energy
|-activate|p2a: Iron Valiant|ability: Quark Drive|[fromitem]
|-start|p2a: Iron Valiant|quarkdrivespe
|turn|5
|
|t:|1779559018
|move|p2a: Iron Valiant|Moonblast|p1a: Piranha
|-damage|p1a: Piranha|70/100
|-unboost|p1a: Piranha|spa|1
|move|p1a: Piranha|Moonblast|p2a: Iron Valiant
|-supereffective|p2a: Iron Valiant
|-damage|p2a: Iron Valiant|0 fnt
|faint|p2a: Iron Valiant
|-end|p2a: Iron Valiant|Quark Drive|[silent]
|
|upkeep
|
|t:|1779559025
|switch|p2a: Zamazenta|Zamazenta, shiny|100/100
|-ability|p2a: Zamazenta|Dauntless Shield|boost
|-boost|p2a: Zamazenta|def|1
|turn|6
|
|t:|1779559037
|switch|p1a: Skelecopter|Skeledirge, F|100/100
|move|p2a: Zamazenta|Close Combat|p1a: Skelecopter
|-immune|p1a: Skelecopter
|
|upkeep
|turn|7
|
|t:|1779559042
|move|p2a: Zamazenta|Stone Edge|p1a: Skelecopter
|-supereffective|p1a: Skelecopter
|-damage|p1a: Skelecopter|64/100
|move|p1a: Skelecopter|Torch Song|p2a: Zamazenta
|-damage|p2a: Zamazenta|72/100
|-boost|p1a: Skelecopter|spa|1
|
|upkeep
|turn|8
|
|t:|1779559045
|move|p2a: Zamazenta|Stone Edge|p1a: Skelecopter
|-supereffective|p1a: Skelecopter
|-damage|p1a: Skelecopter|23/100
|move|p1a: Skelecopter|Will-O-Wisp|p2a: Zamazenta
|-status|p2a: Zamazenta|brn
|
|-damage|p2a: Zamazenta|66/100 brn|[from] brn
|upkeep
|turn|9
|
|t:|1779559064
|-terastallize|p1a: Skelecopter|Fairy
|move|p2a: Zamazenta|Stone Edge|p1a: Skelecopter|[miss]
|-miss|p2a: Zamazenta|p1a: Skelecopter
|move|p1a: Skelecopter|Slack Off|p1a: Skelecopter
|-heal|p1a: Skelecopter|73/100
|
|-damage|p2a: Zamazenta|60/100 brn|[from] brn
|upkeep
|turn|10
|
|t:|1779559068
|move|p2a: Zamazenta|Heavy Slam|p1a: Skelecopter
|-supereffective|p1a: Skelecopter
|-damage|p1a: Skelecopter|65/100
|move|p1a: Skelecopter|Slack Off|p1a: Skelecopter
|-heal|p1a: Skelecopter|100/100
|
|-damage|p2a: Zamazenta|53/100 brn|[from] brn
|upkeep
|turn|11
|
|t:|1779559072
|switch|p2a: Mandibuzz|Mandibuzz, F, shiny|100/100
|move|p1a: Skelecopter|Torch Song|p2a: Mandibuzz
|-damage|p2a: Mandibuzz|60/100
|-boost|p1a: Skelecopter|spa|1
|
|upkeep
|turn|12
|
|t:|1779559076
|move|p2a: Mandibuzz|Toxic|p1a: Skelecopter
|-status|p1a: Skelecopter|tox
|move|p1a: Skelecopter|Torch Song|p2a: Mandibuzz
|-damage|p2a: Mandibuzz|13/100
|-boost|p1a: Skelecopter|spa|1
|
|-damage|p1a: Skelecopter|94/100 tox|[from] psn
|upkeep
|turn|13
|
|t:|1779559082
|move|p2a: Mandibuzz|Roost|p2a: Mandibuzz
|-heal|p2a: Mandibuzz|63/100
|-singleturn|p2a: Mandibuzz|move: Roost
|move|p1a: Skelecopter|Torch Song|p2a: Mandibuzz
|-damage|p2a: Mandibuzz|4/100
|-boost|p1a: Skelecopter|spa|1
|
|-damage|p1a: Skelecopter|82/100 tox|[from] psn
|upkeep
|turn|14
|
|t:|1779559090
|move|p2a: Mandibuzz|Foul Play|p1a: Skelecopter
|-resisted|p1a: Skelecopter
|-damage|p1a: Skelecopter|76/100 tox
|move|p1a: Skelecopter|Torch Song|p2a: Mandibuzz
|-crit|p2a: Mandibuzz
|-damage|p2a: Mandibuzz|0 fnt
|-boost|p1a: Skelecopter|spa|1
|faint|p2a: Mandibuzz
|
|-damage|p1a: Skelecopter|58/100 tox|[from] psn
|upkeep
|
|t:|1779559093
|switch|p2a: Zamazenta|Zamazenta, shiny|53/100 brn
|turn|15
|
|t:|1779559096
|move|p2a: Zamazenta|Heavy Slam|p1a: Skelecopter
|-supereffective|p1a: Skelecopter
|-damage|p1a: Skelecopter|51/100 tox
|move|p1a: Skelecopter|Torch Song|p2a: Zamazenta
|-damage|p2a: Zamazenta|0 fnt
|-boost|p1a: Skelecopter|spa|1
|faint|p2a: Zamazenta
|
|-damage|p1a: Skelecopter|26/100 tox|[from] psn
|upkeep
|
|t:|1779559099
|switch|p2a: Latias|Latias, F, shiny|100/100
|turn|16
|
|t:|1779559106
|-terastallize|p2a: Latias|Electric
|move|p2a: Latias|Calm Mind|p2a: Latias
|-boost|p2a: Latias|spa|1
|-boost|p2a: Latias|spd|1
|move|p1a: Skelecopter|Torch Song|p2a: Latias
|-damage|p2a: Latias|8/100
|
|-damage|p1a: Skelecopter|0 fnt|[from] psn
|faint|p1a: Skelecopter
|upkeep
|
|t:|1779559117
|switch|p1a: Mid Tusk|Great Tusk|100/100
|turn|17
|
|t:|1779559122
|move|p1a: Mid Tusk|Ice Spinner|p2a: Latias
|-damage|p2a: Latias|0 fnt
|faint|p2a: Latias
|
|win|samerotts you
|raw|samerotts you's rating: 1352 &rarr; <strong>1374</strong><br />(+22 for winning)
|raw|fregene97's rating: 1382 &rarr; <strong>1360</strong><br />(-22 for losing)
|l|☆fregene97
|player|p2|
|l|☆samerotts you
|player|p1|
