|j|☆A05236
|j|☆Abyssal Bot
|t:|1779572361
|gametype|singles
|player|p1|A05236|265|
|player|p2|Abyssal Bot|supernerd|
|teamsize|p1|6
|teamsize|p2|6
|gen|9
|tier|[Gen 9] OU
|rule|Species Clause: Limit one of each Pokémon
|rule|OHKO Clause: OHKO moves are banned
|rule|Evasion Items Clause: Evasion items are banned
|rule|Evasion Moves Clause: Evasion moves are banned
|rule|Endless Battle Clause: Forcing endless battles is banned
|rule|HP Percentage Mod: HP is shown in percentages
|rule|Sleep Moves Clause: Sleep-inducing moves are banned
|clearpoke
|poke|p1|Rufflet, M|
|poke|p1|Ninetales-Alola, F|
|poke|p1|Carkol, F|
|poke|p1|Dragonair, F|
|poke|p1|Magnezone|
|poke|p1|Dragonite, F|
|poke|p2|Gliscor, M|
|poke|p2|Alomomola, M|
|poke|p2|Gholdengo|
|poke|p2|Hoopa-Unbound|
|poke|p2|Cinderace, M|
|poke|p2|Zamazenta-*|
|teampreview
|c|☆Abyssal Bot|Good Luck and Have Fun my Friend!
|inactive|Battle timer is ON: inactive players will automatically lose when time's up. (requested by Abyssal Bot)
|j|*Turbo Bottttt
|
|t:|1779572364
|start
|switch|p1a: twice|Rufflet, M|100/100
|switch|p2a: Cinderace|Cinderace, M|100/100
|turn|1
|
|t:|1779572372
|move|p2a: Cinderace|Pyro Ball|p1a: twice|[miss]
|-miss|p2a: Cinderace|p1a: twice
|move|p1a: twice|Brave Bird|p2a: Cinderace|[miss]
|-miss|p1a: twice|p2a: Cinderace
|
|upkeep
|turn|2
|c|☆Abyssal Bot|;-;
|c|☆Abyssal Bot|That thing needs an eye doctor
|
|t:|1779572375
|move|p2a: Cinderace|Will-O-Wisp|p1a: twice
|-status|p1a: twice|brn
|move|p1a: twice|Brave Bird|p2a: Cinderace
|-damage|p2a: Cinderace|53/100
|-damage|p1a: twice|84/100 brn|[from] Recoil
|
|-damage|p1a: twice|78/100 brn|[from] brn|[of] p2a: Cinderace
|upkeep
|turn|3
|
|t:|1779572378
|move|p2a: Cinderace|Pyro Ball|p1a: twice
|-damage|p1a: twice|0 brn
|faint|p1a: twice
|
|upkeep
|
|t:|1779572381
|switch|p1a: china|Dragonair, F|100/100
|turn|4
|
|t:|1779572383
|move|p2a: Cinderace|Court Change||[still]
|-start|p2a: Cinderace|typechange|Normal|[from] ability: Libero
|-swapsideconditions
|-fail|p2a: Cinderace
|move|p1a: china|Dragon Dance|p1a: china
|-boost|p1a: china|atk|1
|-boost|p1a: china|spe|1
|
|upkeep
|turn|5
|
|t:|1779572386
|move|p2a: Cinderace|Court Change||[still]
|-swapsideconditions
|-fail|p2a: Cinderace
|move|p1a: china|Thunder Wave|p2a: Cinderace|[miss]
|-miss|p1a: china|p2a: Cinderace
|
|upkeep
|turn|6
|c|☆Abyssal Bot|That thing needs an eye doctor
|
|t:|1779572388
|move|p2a: Cinderace|Will-O-Wisp|p1a: china|[miss]
|-miss|p2a: Cinderace|p1a: china
|move|p1a: china|Dragon Dance|p1a: china
|-boost|p1a: china|atk|1
|-boost|p1a: china|spe|1
|
|upkeep
|turn|7
|c|☆Abyssal Bot|;-;
|
|t:|1779572392
|move|p2a: Cinderace|Court Change||[still]
|-swapsideconditions
|-fail|p2a: Cinderace
|move|p1a: china|Thunder Wave|p2a: Cinderace
|-status|p2a: Cinderace|par
|
|upkeep
|turn|8
|
|t:|1779572400
|move|p1a: china|Outrage|p2a: Cinderace
|-damage|p2a: Cinderace|0 par
|faint|p2a: Cinderace
|
|upkeep
|
|t:|1779572400
|switch|p2a: Gholdengo|Gholdengo|100/100
|turn|9
|
|t:|1779572403
|move|p2a: Gholdengo|Shadow Ball|p1a: china
|-damage|p1a: china|59/100
|move|p1a: china|Outrage|p2a: Gholdengo|[from]lockedmove
|-resisted|p2a: Gholdengo
|-damage|p2a: Gholdengo|59/100
|-start|p1a: china|confusion|[fatigue]
|
|upkeep
|turn|10
|
|t:|1779572407
|move|p2a: Gholdengo|Shadow Ball|p1a: china
|-damage|p1a: china|20/100
|-activate|p1a: china|confusion
|-damage|p1a: china|4/100|[from] confusion
|
|upkeep
|turn|11
|
|t:|1779572409
|move|p2a: Gholdengo|Shadow Ball|p1a: china
|-damage|p1a: china|0
|faint|p1a: china
|
|upkeep
|
|t:|1779572416
|switch|p1a: inroads|Carkol, F|100/100
|turn|12
|
|t:|1779572419
|move|p2a: Gholdengo|Shadow Ball|p1a: inroads
|-crit|p1a: inroads
|-damage|p1a: inroads|45/100
|move|p1a: inroads|Stealth Rock|p2a: Gholdengo
|-sidestart|p2: Abyssal Bot|move: Stealth Rock
|
|upkeep
|turn|13
|c|☆Abyssal Bot|I had warned you about hax!! HAHAHA
|
|t:|1779572426
|move|p2a: Gholdengo|Shadow Ball|p1a: inroads
|-damage|p1a: inroads|7/100
|move|p1a: inroads|Power Gem|p2a: Gholdengo
|-resisted|p2a: Gholdengo
|-damage|p2a: Gholdengo|48/100
|
|upkeep
|turn|14
|
|t:|1779572429
|move|p2a: Gholdengo|Shadow Ball|p1a: inroads
|-damage|p1a: inroads|0
|faint|p1a: inroads
|
|upkeep
|
|t:|1779572431
|switch|p1a: negotiations|Ninetales-Alola, F|100/100
|-weather|Snow|[from] ability: Snow Warning|[of] p1a: negotiations
|turn|15
|
|t:|1779572433
|move|p2a: Gholdengo|Shadow Ball|p1a: negotiations
|-damage|p1a: negotiations|50/100
|move|p1a: negotiations|Aurora Veil|p1a: negotiations
|-sidestart|p1: A05236|move: Aurora Veil
|
|-weather|Snow|[upkeep]
|upkeep
|turn|16
|
|t:|1779572438
|switch|p1a: deadly|Magnezone|100/100
|move|p2a: Gholdengo|Shadow Ball|p1a: deadly
|-damage|p1a: deadly|71/100
|-unboost|p1a: deadly|spd|1
|
|-weather|Snow|[upkeep]
|upkeep
|turn|17
|
|t:|1779572441
|move|p2a: Gholdengo|Shadow Ball|p1a: deadly
|-damage|p1a: deadly|27/100
|move|p1a: deadly|Magnet Rise|p1a: deadly
|-start|p1a: deadly|Magnet Rise
|
|-weather|Snow|[upkeep]
|upkeep
|turn|18
|
|t:|1779572443
|move|p2a: Gholdengo|Shadow Ball|p1a: deadly
|-damage|p1a: deadly|0
|faint|p1a: deadly
|
|-weather|Snow|[upkeep]
|upkeep
|
|t:|1779572451
|switch|p1a: the agency|Dragonite, F|100/100
|turn|19
|
|t:|1779572454
|move|p2a: Gholdengo|Shadow Ball|p1a: the agency
|-damage|p1a: the agency|90/100
|move|p1a: the agency|Dragon Dance|p1a: the agency
|-boost|p1a: the agency|atk|1
|-boost|p1a: the agency|spe|1
|
|-weather|none
|upkeep
|turn|20
|
|t:|1779572456
|move|p2a: Gholdengo|Shadow Ball|p1a: the agency
|-damage|p1a: the agency|69/100
|-unboost|p1a: the agency|spd|1
|move|p1a: the agency|Dragon Dance|p1a: the agency
|-boost|p1a: the agency|atk|1
|-boost|p1a: the agency|spe|1
|
|upkeep
|turn|21
|
|t:|1779572459
|move|p1a: the agency|Dragon Dance|p1a: the agency
|-boost|p1a: the agency|atk|1
|-boost|p1a: the agency|spe|1
|move|p2a: Gholdengo|Shadow Ball|p1a: the agency
|-damage|p1a: the agency|34/100
|
|upkeep
|turn|22
|
|t:|1779572471
|move|p1a: the agency|Dragon Dance|p1a: the agency
|-boost|p1a: the agency|atk|1
|-boost|p1a: the agency|spe|1
|move|p2a: Gholdengo|Shadow Ball|p1a: the agency
|-damage|p1a: the agency|3/100
|
|-sideend|p1: A05236|move: Aurora Veil
|upkeep
|turn|23
|
|t:|1779572473
|move|p1a: the agency|Fire Punch|p2a: Gholdengo
|-supereffective|p2a: Gholdengo
|-damage|p2a: Gholdengo|0
|faint|p2a: Gholdengo
|
|upkeep
|
|t:|1779572473
|switch|p2a: Hoopa|Hoopa-Unbound|100/100
|-damage|p2a: Hoopa|88/100|[from] Stealth Rock|[of] p1: inroads
|turn|24
|
|t:|1779572475
|move|p1a: the agency|Scale Shot|p2a: Hoopa
|-damage|p2a: Hoopa|43/100
|-damage|p2a: Hoopa|0
|faint|p2a: Hoopa
|-hitcount|p2: Hoopa|2
|-unboost|p1a: the agency|def|1
|-boost|p1a: the agency|spe|1
|
|upkeep
|
|t:|1779572475
|switch|p2a: Gliscor|Gliscor, M|100/100
|-damage|p2a: Gliscor|88/100|[from] Stealth Rock|[of] p1: inroads
|turn|25
|
|t:|1779572480
|move|p1a: the agency|Scale Shot|p2a: Gliscor
|-damage|p2a: Gliscor|51/100
|-damage|p2a: Gliscor|18/100
|-damage|p2a: Gliscor|0
|faint|p2a: Gliscor
|-hitcount|p2: Gliscor|3
|-unboost|p1a: the agency|def|1
|-boost|p1a: the agency|spe|1
|
|upkeep
|
|t:|1779572481
|switch|p2a: Alomomola|Alomomola, M|100/100
|-damage|p2a: Alomomola|88/100|[from] Stealth Rock|[of] p1: inroads
|turn|26
|
|t:|1779572484
|move|p1a: the agency|Scale Shot|p2a: Alomomola
|-damage|p2a: Alomomola|67/100
|-damage|p2a: Alomomola|43/100
|-damage|p2a: Alomomola|20/100
|-crit|p2a: Alomomola
|-damage|p2a: Alomomola|0
|faint|p2a: Alomomola
|-hitcount|p2: Alomomola|4
|-unboost|p1a: the agency|def|1
|
|upkeep
|c|☆Abyssal Bot|Oh crap, that crit...
|
|t:|1779572484
|switch|p2a: Zamazenta|Zamazenta|100/100
|-damage|p2a: Zamazenta|95/100|[from] Stealth Rock|[of] p1: inroads
|-ability|p2a: Zamazenta|Dauntless Shield|boost
|-boost|p2a: Zamazenta|def|1
|turn|27
|
|t:|1779572489
|move|p1a: the agency|Scale Shot|p2a: Zamazenta
|-damage|p2a: Zamazenta|75/100
|-damage|p2a: Zamazenta|56/100
|-damage|p2a: Zamazenta|36/100
|-damage|p2a: Zamazenta|15/100
|-damage|p2a: Zamazenta|0
|faint|p2a: Zamazenta
|-hitcount|p2: Zamazenta|5
|
|win|A05236
|c|☆Abyssal Bot|Well Played.
|l|☆Abyssal Bot
|player|p2|
|l|*Turbo Bottttt
