|j|☆Veiny1
|j|☆Marceliscool172010
|t:|1779685322
|gametype|singles
|player|p1|Veiny1|101|1364
|player|p2|Marceliscool172010|170|1285
|gen|9
|tier|[Gen 9] OU
|rated|
|rule|HP Percentage Mod: HP is shown in percentages
|rule|Endless Battle Clause: Forcing endless battles is banned
|rule|Species Clause: Limit one of each Pokémon
|rule|OHKO Clause: OHKO moves are banned
|rule|Evasion Items Clause: Evasion items are banned
|rule|Evasion Moves Clause: Evasion moves are banned
|rule|Evasion Abilities Clause: Evasion abilities are banned
|rule|Sleep Moves Clause: Sleep-inducing moves are banned
|clearpoke
|poke|p1|Salazzle, F|
|poke|p1|Skeledirge, M|
|poke|p1|Dragapult, M|
|poke|p1|Snorlax, F|
|poke|p1|Great Tusk|
|poke|p1|Greninja-*, M|
|poke|p2|Raging Bolt|
|poke|p2|Dragonite, F|
|poke|p2|Kingambit, F|
|poke|p2|Great Tusk|
|poke|p2|Latias, F|
|poke|p2|Ceruledge, F|
|teampreview
|
|t:|1779685335
|teamsize|p1|6
|teamsize|p2|6
|start
|switch|p1a: Salazzle|Salazzle, F|100/100
|switch|p2a: Latias|Latias, F|100/100
|turn|1
|
|t:|1779685340
|move|p1a: Salazzle|Toxic|p2a: Latias
|-status|p2a: Latias|tox
|move|p2a: Latias|Agility|p2a: Latias
|-boost|p2a: Latias|spe|2
|
|-damage|p2a: Latias|94/100 tox|[from] psn
|upkeep
|turn|2
|inactive|Battle timer is ON: inactive players will automatically lose when time's up. (requested by Veiny1)
|
|t:|1779685348
|move|p2a: Latias|Calm Mind|p2a: Latias
|-boost|p2a: Latias|spa|1
|-boost|p2a: Latias|spd|1
|move|p1a: Salazzle|Endeavor|p2a: Latias
|-damage|p2a: Latias|77/100 tox
|
|-damage|p2a: Latias|65/100 tox|[from] psn
|upkeep
|turn|3
|
|t:|1779685356
|move|p2a: Latias|Stored Power|p1a: Salazzle
|-supereffective|p1a: Salazzle
|-enditem|p1a: Salazzle|Focus Sash
|-damage|p1a: Salazzle|1/100
|move|p1a: Salazzle|Endeavor|p2a: Latias
|-damage|p2a: Latias|1/100 tox
|
|-damage|p2a: Latias|0 fnt|[from] psn
|faint|p2a: Latias
|upkeep
|
|t:|1779685362
|switch|p2a: Ceruledge|Ceruledge, F|100/100
|turn|4
|
|t:|1779685374
|switch|p1a: Snorlax|Snorlax, F|100/100
|move|p2a: Ceruledge|Shadow Sneak|p1a: Snorlax
|-immune|p1a: Snorlax
|
|upkeep
|turn|5
|
|t:|1779685382
|move|p2a: Ceruledge|Swords Dance|p2a: Ceruledge
|-boost|p2a: Ceruledge|atk|2
|move|p1a: Snorlax|Curse|p1a: Snorlax
|-unboost|p1a: Snorlax|spe|1
|-boost|p1a: Snorlax|atk|1
|-boost|p1a: Snorlax|def|1
|
|upkeep
|turn|6
|
|t:|1779685386
|move|p2a: Ceruledge|Bitter Blade|p1a: Snorlax
|-damage|p1a: Snorlax|52/100
|move|p1a: Snorlax|Crunch|p2a: Ceruledge
|-supereffective|p2a: Ceruledge
|-damage|p2a: Ceruledge|10/100
|-unboost|p2a: Ceruledge|def|1
|-ability|p2a: Ceruledge|Weak Armor|boost
|-unboost|p2a: Ceruledge|def|1
|-boost|p2a: Ceruledge|spe|2
|
|-heal|p1a: Snorlax|58/100|[from] item: Leftovers
|upkeep
|turn|7
|
|t:|1779685397
|-terastallize|p2a: Ceruledge|Fire
|move|p2a: Ceruledge|Bitter Blade|p1a: Snorlax
|-damage|p1a: Snorlax|0 fnt
|-heal|p2a: Ceruledge|61/100|[from] drain|[of] p1a: Snorlax
|faint|p1a: Snorlax
|
|upkeep
|inactive|Veiny1 has 120 seconds left.
|
|t:|1779685423
|switch|p1a: Greninja|Greninja, M|100/100
|turn|8
|inactive|Marceliscool172010 has 120 seconds left.
|
|t:|1779685481
|move|p1a: Greninja|Water Shuriken|p2a: Ceruledge
|-supereffective|p2a: Ceruledge
|-damage|p2a: Ceruledge|46/100
|-supereffective|p2a: Ceruledge
|-damage|p2a: Ceruledge|28/100
|-supereffective|p2a: Ceruledge
|-damage|p2a: Ceruledge|12/100
|-supereffective|p2a: Ceruledge
|-damage|p2a: Ceruledge|0 fnt
|faint|p2a: Ceruledge
|-ability|p1a: Greninja|Battle Bond|boost
|-boost|p1a: Greninja|atk|1
|-boost|p1a: Greninja|spa|1
|-boost|p1a: Greninja|spe|1
|-activate|p1a: Greninja|ability: Battle Bond
|-hitcount|p2: Ceruledge|4
|
|upkeep
|
|t:|1779685490
|switch|p2a: Raging Bolt|Raging Bolt|100/100
|-enditem|p2a: Raging Bolt|Booster Energy
|-activate|p2a: Raging Bolt|ability: Protosynthesis|[fromitem]
|-start|p2a: Raging Bolt|protosynthesisspa
|turn|9
|
|t:|1779685499
|move|p1a: Greninja|Ice Beam|p2a: Raging Bolt
|-supereffective|p2a: Raging Bolt
|-damage|p2a: Raging Bolt|37/100
|move|p2a: Raging Bolt|Calm Mind|p2a: Raging Bolt
|-boost|p2a: Raging Bolt|spa|1
|-boost|p2a: Raging Bolt|spd|1
|
|upkeep
|turn|10
|
|t:|1779685508
|move|p2a: Raging Bolt|Thunderclap|p1a: Greninja
|-supereffective|p1a: Greninja
|-enditem|p1a: Greninja|Focus Sash
|-damage|p1a: Greninja|1/100
|move|p1a: Greninja|Ice Beam|p2a: Raging Bolt
|-supereffective|p2a: Raging Bolt
|-damage|p2a: Raging Bolt|0 fnt
|faint|p2a: Raging Bolt
|-end|p2a: Raging Bolt|Protosynthesis|[silent]
|
|upkeep
|
|t:|1779685513
|switch|p2a: Dragonite|Dragonite, F|100/100
|turn|11
|
|t:|1779685519
|switch|p1a: Dragapult|Dragapult, M|100/100
|move|p2a: Dragonite|Earthquake|p1a: Dragapult
|-damage|p1a: Dragapult|43/100
|
|upkeep
|turn|12
|
|t:|1779685524
|move|p1a: Dragapult|U-turn|p2a: Dragonite
|-resisted|p2a: Dragonite
|-damage|p2a: Dragonite|95/100
|
|t:|1779685531
|switch|p1a: Greninja|Greninja, M|1/100|[from] U-turn
|move|p2a: Dragonite|Earthquake|p1a: Greninja
|-damage|p1a: Greninja|0 fnt
|faint|p1a: Greninja
|
|upkeep
|
|t:|1779685536
|switch|p1a: Dragapult|Dragapult, M|43/100
|turn|13
|
|t:|1779685551
|move|p1a: Dragapult|Dragon Darts|p2a: Dragonite
|-supereffective|p2a: Dragonite
|-damage|p2a: Dragonite|23/100
|-anim|p1a: Dragapult|Dragon Darts|p2a: Dragonite
|-supereffective|p2a: Dragonite
|-damage|p2a: Dragonite|0 fnt
|faint|p2a: Dragonite
|
|upkeep
|
|t:|1779685555
|switch|p2a: Great Tusk|Great Tusk|100/100
|turn|14
|
|t:|1779685577
|move|p1a: Dragapult|U-turn|p2a: Great Tusk
|-resisted|p2a: Great Tusk
|-damage|p2a: Great Tusk|93/100
|
|t:|1779685581
|switch|p1a: Great Tusk|Great Tusk|100/100|[from] U-turn
|move|p2a: Great Tusk|Ice Spinner|p1a: Great Tusk
|-supereffective|p1a: Great Tusk
|-damage|p1a: Great Tusk|75/100
|
|-heal|p1a: Great Tusk|81/100|[from] item: Leftovers
|upkeep
|turn|15
|
|t:|1779685590
|move|p1a: Great Tusk|Bulk Up|p1a: Great Tusk
|-boost|p1a: Great Tusk|atk|1
|-boost|p1a: Great Tusk|def|1
|move|p2a: Great Tusk|Ice Spinner|p1a: Great Tusk
|-supereffective|p1a: Great Tusk
|-damage|p1a: Great Tusk|60/100
|
|-heal|p1a: Great Tusk|67/100|[from] item: Leftovers
|upkeep
|turn|16
|
|t:|1779685593
|move|p1a: Great Tusk|Rapid Spin|p2a: Great Tusk
|-damage|p2a: Great Tusk|80/100
|-boost|p1a: Great Tusk|spe|1
|move|p2a: Great Tusk|Ice Spinner|p1a: Great Tusk
|-supereffective|p1a: Great Tusk
|-damage|p1a: Great Tusk|48/100
|
|-heal|p1a: Great Tusk|54/100|[from] item: Leftovers
|upkeep
|turn|17
|
|t:|1779685596
|move|p1a: Great Tusk|Body Press|p2a: Great Tusk
|-damage|p2a: Great Tusk|42/100
|move|p2a: Great Tusk|Ice Spinner|p1a: Great Tusk
|-supereffective|p1a: Great Tusk
|-damage|p1a: Great Tusk|34/100
|
|-heal|p1a: Great Tusk|40/100|[from] item: Leftovers
|upkeep
|turn|18
|
|t:|1779685603
|move|p1a: Great Tusk|Body Press|p2a: Great Tusk
|-damage|p2a: Great Tusk|4/100
|move|p2a: Great Tusk|Ice Spinner|p1a: Great Tusk
|-supereffective|p1a: Great Tusk
|-damage|p1a: Great Tusk|22/100
|
|-heal|p1a: Great Tusk|28/100|[from] item: Leftovers
|upkeep
|turn|19
|
|t:|1779685612
|move|p1a: Great Tusk|Body Press|p2a: Great Tusk
|-damage|p2a: Great Tusk|0 fnt
|faint|p2a: Great Tusk
|-end|p2a: Great Tusk|Protosynthesis|[silent]
|
|-heal|p1a: Great Tusk|34/100|[from] item: Leftovers
|upkeep
|
|t:|1779685614
|switch|p2a: Kingambit|Kingambit, F, shiny|100/100
|-activate|p2a: Kingambit|ability: Supreme Overlord
|-start|p2a: Kingambit|fallen5|[silent]
|turn|20
|
|t:|1779685620
|move|p1a: Great Tusk|Body Press|p2a: Kingambit
|-supereffective|p2a: Kingambit
|-damage|p2a: Kingambit|0 fnt
|faint|p2a: Kingambit
|-end|p2a: Kingambit|fallen5|[silent]
|
|win|Veiny1
|raw|Veiny1's rating: 1364 &rarr; <strong>1380</strong><br />(+16 for winning)
|raw|Marceliscool172010's rating: 1285 &rarr; <strong>1266</strong><br />(-19 for losing)
|l|☆Veiny1
|player|p1|
