|j|☆mid0na/vaaty
|j|☆PokeAbl052417015ub
|t:|1779657766
|gametype|singles
|player|p1|mid0na/vaaty|cynthia|1150
|player|p2|PokeAbl052417015ub|101|1211
|gen|9
|tier|[Gen 9] OU
|rated|
|rule|HP Percentage Mod: HP is shown in percentages
|rule|Endless Battle Clause: Forcing endless battles is banned
|rule|Species Clause: Limit one of each Pokémon
|rule|OHKO Clause: OHKO moves are banned
|rule|Evasion Items Clause: Evasion items are banned
|rule|Evasion Moves Clause: Evasion moves are banned
|rule|Evasion Abilities Clause: Evasion abilities are banned
|rule|Sleep Moves Clause: Sleep-inducing moves are banned
|clearpoke
|poke|p1|Garchomp, M|
|poke|p1|Quaquaval, M|
|poke|p1|Moltres|
|poke|p1|Polteageist|
|poke|p1|Espeon, M|
|poke|p1|Scizor, F|
|poke|p2|Glimmora, M|
|poke|p2|Great Tusk|
|poke|p2|Gholdengo|
|poke|p2|Dragapult, F|
|poke|p2|Primarina, F|
|poke|p2|Kingambit, M|
|teampreview
|inactive|Battle timer is ON: inactive players will automatically lose when time's up. (requested by mid0na/vaaty)
|
|t:|1779657771
|teamsize|p1|6
|teamsize|p2|6
|start
|switch|p1a: Espeon|Espeon, M, shiny|100/100
|switch|p2a: Primarina|Primarina, F|100/100
|turn|1
|inactive|PokeAbl052417015ub also wants the timer to be on.
|
|t:|1779657783
|move|p1a: Espeon|Trick|p2a: Primarina
|-activate|p1a: Espeon|move: Trick|[of] p2a: Primarina
|-item|p2a: Primarina|Black Sludge|[from] move: Trick
|-item|p1a: Espeon|Assault Vest|[from] move: Trick
|move|p2a: Primarina|Moonblast|p1a: Espeon
|-damage|p1a: Espeon|55/100
|
|-damage|p2a: Primarina|88/100|[from] item: Black Sludge
|upkeep
|turn|2
|
|t:|1779657801
|switch|p1a: Scizor|Scizor, F, shiny|100/100
|switch|p2a: Kingambit|Kingambit, M|100/100
|
|upkeep
|turn|3
|
|t:|1779657810
|-end|p2a: Kingambit|fallenundefined|[silent]
|switch|p2a: Glimmora|Glimmora, M|100/100
|move|p1a: Scizor|Knock Off|p2a: Glimmora
|-damage|p2a: Glimmora|58/100
|-activate|p2a: Glimmora|ability: Toxic Debris
|-sidestart|p1: mid0na/vaaty|move: Toxic Spikes
|-enditem|p2a: Glimmora|Focus Sash|[from] move: Knock Off|[of] p1a: Scizor
|
|upkeep
|turn|4
|
|t:|1779657829
|-terastallize|p2a: Glimmora|Ghost
|move|p1a: Scizor|Bullet Punch|p2a: Glimmora
|-damage|p2a: Glimmora|18/100
|-activate|p2a: Glimmora|ability: Toxic Debris
|-sidestart|p1: mid0na/vaaty|move: Toxic Spikes
|move|p2a: Glimmora|Power Gem|p1a: Scizor
|-damage|p1a: Scizor|37/100
|
|upkeep
|turn|5
|
|t:|1779657842
|move|p2a: Glimmora|Power Gem|p1a: Scizor
|-damage|p1a: Scizor|0 fnt
|faint|p1a: Scizor
|
|upkeep
|
|t:|1779657850
|switch|p1a: Polteageist|Polteageist, shiny|100/100
|-status|p1a: Polteageist|tox
|turn|6
|
|t:|1779657861
|move|p2a: Glimmora|Power Gem|p1a: Polteageist
|-damage|p1a: Polteageist|52/100 tox
|move|p1a: Polteageist|Shadow Ball|p2a: Glimmora
|-supereffective|p2a: Glimmora
|-damage|p2a: Glimmora|0 fnt
|faint|p2a: Glimmora
|-damage|p1a: Polteageist|42/100 tox|[from] item: Life Orb
|
|-damage|p1a: Polteageist|36/100 tox|[from] psn
|upkeep
|
|t:|1779657867
|switch|p2a: Gholdengo|Gholdengo|100/100
|-item|p2a: Gholdengo|Air Balloon
|turn|7
|
|t:|1779657881
|-terastallize|p1a: Polteageist|Normal
|move|p2a: Gholdengo|Shadow Ball|p1a: Polteageist
|-immune|p1a: Polteageist
|move|p1a: Polteageist|Strength Sap|p2a: Gholdengo
|-immune|p2a: Gholdengo|[from] ability: Good as Gold
|
|-damage|p1a: Polteageist|24/100 tox|[from] psn
|upkeep
|turn|8
|
|t:|1779657892
|move|p2a: Gholdengo|Make It Rain|p1a: Polteageist
|-damage|p1a: Polteageist|0 fnt
|-unboost|p2a: Gholdengo|spa|1
|faint|p1a: Polteageist
|
|upkeep
|
|t:|1779657905
|switch|p1a: Moltres|Moltres, shiny|100/100
|turn|9
|
|t:|1779657915
|switch|p2a: Primarina|Primarina, F|88/100
|move|p1a: Moltres|U-turn|p2a: Primarina
|-resisted|p2a: Primarina
|-damage|p2a: Primarina|78/100
|
|t:|1779657927
|switch|p1a: Espeon|Espeon, M, shiny|55/100|[from] U-turn
|-status|p1a: Espeon|tox
|
|-damage|p2a: Primarina|66/100|[from] item: Black Sludge
|-damage|p1a: Espeon|49/100 tox|[from] psn
|upkeep
|turn|10
|
|t:|1779657936
|switch|p2a: Kingambit|Kingambit, M|100/100
|-activate|p2a: Kingambit|ability: Supreme Overlord
|-start|p2a: Kingambit|fallen1|[silent]
|move|p1a: Espeon|Psychic Noise|p2a: Kingambit
|-immune|p2a: Kingambit
|
|-damage|p1a: Espeon|37/100 tox|[from] psn
|upkeep
|turn|11
|
|t:|1779657946
|move|p2a: Kingambit|Sucker Punch|p1a: Espeon
|-supereffective|p1a: Espeon
|-damage|p1a: Espeon|0 fnt
|faint|p1a: Espeon
|
|upkeep
|
|t:|1779657952
|switch|p1a: Garchomp|Garchomp, M, shiny|100/100
|-status|p1a: Garchomp|tox
|turn|12
|
|t:|1779657959
|-end|p2a: Kingambit|fallen1|[silent]
|switch|p2a: Gholdengo|Gholdengo|100/100
|-item|p2a: Gholdengo|Air Balloon
|move|p1a: Garchomp|Swords Dance|p1a: Garchomp
|-boost|p1a: Garchomp|atk|2
|
|-damage|p1a: Garchomp|94/100 tox|[from] psn
|upkeep
|turn|13
|
|t:|1779657972
|move|p1a: Garchomp|Iron Head|p2a: Gholdengo
|-resisted|p2a: Gholdengo
|-damage|p2a: Gholdengo|69/100
|-enditem|p2a: Gholdengo|Air Balloon
|move|p2a: Gholdengo|Make It Rain|p1a: Garchomp
|-damage|p1a: Garchomp|23/100 tox
|-unboost|p2a: Gholdengo|spa|1
|
|-damage|p1a: Garchomp|11/100 tox|[from] psn
|upkeep
|turn|14
|
|t:|1779657984
|switch|p2a: Great Tusk|Great Tusk|100/100
|move|p1a: Garchomp|Earthquake|p2a: Great Tusk
|-damage|p2a: Great Tusk|24/100
|
|-damage|p1a: Garchomp|0 fnt|[from] psn
|faint|p1a: Garchomp
|upkeep
|
|t:|1779657994
|switch|p1a: Quaquaval|Quaquaval, M, shiny|100/100
|-status|p1a: Quaquaval|tox
|turn|15
|
|t:|1779658003
|move|p2a: Great Tusk|Headlong Rush|p1a: Quaquaval
|-damage|p1a: Quaquaval|20/100 tox
|-unboost|p2a: Great Tusk|def|1
|-unboost|p2a: Great Tusk|spd|1
|move|p1a: Quaquaval|Aqua Step|p2a: Great Tusk
|-supereffective|p2a: Great Tusk
|-damage|p2a: Great Tusk|0 fnt
|-boost|p1a: Quaquaval|spe|1
|faint|p2a: Great Tusk
|-end|p2a: Great Tusk|Protosynthesis|[silent]
|-ability|p1a: Quaquaval|Moxie|boost
|-boost|p1a: Quaquaval|atk|1
|
|-heal|p1a: Quaquaval|26/100 tox|[from] item: Leftovers
|-damage|p1a: Quaquaval|20/100 tox|[from] psn
|upkeep
|
|t:|1779658008
|switch|p2a: Kingambit|Kingambit, M|100/100
|-activate|p2a: Kingambit|ability: Supreme Overlord
|-start|p2a: Kingambit|fallen2|[silent]
|turn|16
|
|t:|1779658022
|move|p2a: Kingambit|Sucker Punch||[still]
|-fail|p2a: Kingambit
|move|p1a: Quaquaval|Roost|p1a: Quaquaval
|-heal|p1a: Quaquaval|70/100 tox
|-singleturn|p1a: Quaquaval|move: Roost
|
|-heal|p1a: Quaquaval|76/100 tox|[from] item: Leftovers
|-damage|p1a: Quaquaval|64/100 tox|[from] psn
|upkeep
|turn|17
|
|t:|1779658032
|switch|p1a: Moltres|Moltres, shiny|100/100
|move|p2a: Kingambit|Kowtow Cleave|p1a: Moltres
|-damage|p1a: Moltres|11/100
|
|-heal|p1a: Moltres|17/100|[from] item: Leftovers
|upkeep
|turn|18
|
|t:|1779658041
|move|p1a: Moltres|Roost|p1a: Moltres
|-heal|p1a: Moltres|67/100
|-singleturn|p1a: Moltres|move: Roost
|move|p2a: Kingambit|Kowtow Cleave|p1a: Moltres
|-damage|p1a: Moltres|0 fnt
|faint|p1a: Moltres
|
|upkeep
|
|t:|1779658050
|switch|p1a: Quaquaval|Quaquaval, M, shiny|64/100 tox
|turn|19
|
|t:|1779658065
|-end|p2a: Kingambit|fallen2|[silent]
|switch|p2a: Dragapult|Dragapult, F|100/100
|move|p1a: Quaquaval|Close Combat|p2a: Dragapult
|-immune|p2a: Dragapult
|
|-heal|p1a: Quaquaval|70/100 tox|[from] item: Leftovers
|-damage|p1a: Quaquaval|64/100 tox|[from] psn
|upkeep
|turn|20
|
|t:|1779658078
|move|p2a: Dragapult|Hex|p1a: Quaquaval
|-damage|p1a: Quaquaval|0 fnt
|faint|p1a: Quaquaval
|
|win|PokeAbl052417015ub
|raw|mid0na&#x2f;vaaty's rating: 1150 &rarr; <strong>1129</strong><br />(-21 for losing)
|raw|PokeAbl052417015ub's rating: 1211 &rarr; <strong>1232</strong><br />(+21 for winning)
