|j|☆TenHeaven
|j|☆Titanosaurus
|t:|1779621978
|gametype|singles
|player|p1|TenHeaven|marley|1425
|player|p2|Titanosaurus|byron|1383
|gen|9
|tier|[Gen 9] OU
|rated|
|rule|HP Percentage Mod: HP is shown in percentages
|rule|Endless Battle Clause: Forcing endless battles is banned
|rule|Species Clause: Limit one of each Pokémon
|rule|OHKO Clause: OHKO moves are banned
|rule|Evasion Items Clause: Evasion items are banned
|rule|Evasion Moves Clause: Evasion moves are banned
|rule|Evasion Abilities Clause: Evasion abilities are banned
|rule|Sleep Moves Clause: Sleep-inducing moves are banned
|clearpoke
|poke|p1|Iron Moth|
|poke|p1|Gliscor, F|
|poke|p1|Hatterene, F|
|poke|p1|Ogerpon-Wellspring, F|
|poke|p1|Raging Bolt|
|poke|p1|Zamazenta-*|
|poke|p2|Politoed, F|
|poke|p2|Zapdos|
|poke|p2|Clodsire, M|
|poke|p2|Corviknight, F|
|poke|p2|Barraskewda, F|
|poke|p2|Kingambit, F|
|teampreview
|inactive|Battle timer is ON: inactive players will automatically lose when time's up. (requested by TenHeaven)
|
|t:|1779621988
|teamsize|p1|6
|teamsize|p2|6
|start
|switch|p1a: Zamazenta|Zamazenta, shiny|100/100
|switch|p2a: Politoed|Politoed, F|100/100
|-ability|p1a: Zamazenta|Dauntless Shield|boost
|-boost|p1a: Zamazenta|def|1
|-weather|RainDance|[from] ability: Drizzle|[of] p2a: Politoed
|turn|1
|
|t:|1779621998
|move|p1a: Zamazenta|Light Screen|p1a: Zamazenta
|-sidestart|p1: TenHeaven|move: Light Screen
|move|p2a: Politoed|Surf|p1a: Zamazenta
|-damage|p1a: Zamazenta|82/100
|
|-weather|RainDance|[upkeep]
|upkeep
|turn|2
|j|+panure
|
|t:|1779622006
|switch|p2a: Corviknight|Corviknight, F|100/100
|move|p1a: Zamazenta|Reflect|p1a: Zamazenta
|-sidestart|p1: TenHeaven|Reflect
|
|-weather|RainDance|[upkeep]
|upkeep
|turn|3
|l|+panure
|
|t:|1779622021
|switch|p1a: Gliscor|Gliscor, F, shiny|100/100
|move|p2a: Corviknight|Defog|p1a: Gliscor
|-unboost|p1a: Gliscor|evasion|1
|-sideend|p1: TenHeaven|Reflect
|-sideend|p1: TenHeaven|move: Light Screen
|
|-weather|RainDance|[upkeep]
|-status|p1a: Gliscor|tox|[from] item: Toxic Orb
|upkeep
|turn|4
|
|t:|1779622045
|switch|p2a: Politoed|Politoed, F|100/100
|move|p1a: Gliscor|Swords Dance|p1a: Gliscor
|-boost|p1a: Gliscor|atk|2
|
|-weather|RainDance|[upkeep]
|upkeep
|turn|5
|
|t:|1779622056
|-terastallize|p1a: Gliscor|Normal
|move|p1a: Gliscor|Facade|p2a: Politoed
|-damage|p2a: Politoed|0 fnt
|faint|p2a: Politoed
|
|-weather|RainDance|[upkeep]
|upkeep
|
|t:|1779622063
|switch|p2a: Barraskewda|Barraskewda, F|100/100
|turn|6
|j| norwaytm
|l| norwaytm
|
|t:|1779622076
|move|p2a: Barraskewda|Close Combat|p1a: Gliscor
|-supereffective|p1a: Gliscor
|-damage|p1a: Gliscor|0 fnt
|-unboost|p2a: Barraskewda|def|1
|-unboost|p2a: Barraskewda|spd|1
|faint|p1a: Gliscor
|
|-weather|RainDance|[upkeep]
|upkeep
|
|t:|1779622087
|switch|p1a: Raging Bolt|Raging Bolt|100/100
|-enditem|p1a: Raging Bolt|Booster Energy
|-activate|p1a: Raging Bolt|ability: Protosynthesis|[fromitem]
|-start|p1a: Raging Bolt|protosynthesisspa
|turn|7
|
|t:|1779622092
|switch|p2a: Clodsire|Clodsire, M|100/100
|move|p1a: Raging Bolt|Thunderclap||[still]
|-fail|p1a: Raging Bolt
|
|-weather|RainDance|[upkeep]
|upkeep
|turn|8
|
|t:|1779622110
|-end|p1a: Raging Bolt|Protosynthesis|[silent]
|switch|p1a: Zamazenta|Zamazenta, shiny|82/100
|move|p2a: Clodsire|Toxic|p1a: Zamazenta
|-status|p1a: Zamazenta|tox
|
|-weather|none
|-damage|p1a: Zamazenta|76/100 tox|[from] psn
|upkeep
|turn|9
|
|t:|1779622117
|switch|p2a: Corviknight|Corviknight, F|100/100
|move|p1a: Zamazenta|Ice Fang|p2a: Corviknight
|-damage|p2a: Corviknight|90/100
|-damage|p1a: Zamazenta|59/100 tox|[from] item: Rocky Helmet|[of] p2a: Corviknight
|
|-damage|p1a: Zamazenta|47/100 tox|[from] psn
|upkeep
|turn|10
|
|t:|1779622136
|switch|p1a: Iron Moth|Iron Moth, shiny|100/100
|-enditem|p1a: Iron Moth|Booster Energy
|-activate|p1a: Iron Moth|ability: Quark Drive|[fromitem]
|-start|p1a: Iron Moth|quarkdrivespe
|move|p2a: Corviknight|U-turn|p1a: Iron Moth
|-resisted|p1a: Iron Moth
|-damage|p1a: Iron Moth|95/100
|
|t:|1779622144
|switch|p2a: Clodsire|Clodsire, M|100/100|[from] U-turn
|
|upkeep
|turn|11
|
|t:|1779622161
|-end|p1a: Iron Moth|Quark Drive|[silent]
|switch|p1a: Zamazenta|Zamazenta, shiny|47/100 tox
|move|p2a: Clodsire|Earthquake|p1a: Zamazenta
|-damage|p1a: Zamazenta|25/100 tox
|
|-damage|p1a: Zamazenta|19/100 tox|[from] psn
|upkeep
|turn|12
|
|t:|1779622181
|switch|p1a: Raging Bolt|Raging Bolt|100/100
|switch|p2a: Corviknight|Corviknight, F|90/100
|
|upkeep
|turn|13
|
|t:|1779622187
|move|p1a: Raging Bolt|Dragon Pulse|p2a: Corviknight
|-resisted|p2a: Corviknight
|-damage|p2a: Corviknight|66/100
|move|p2a: Corviknight|U-turn|p1a: Raging Bolt
|-damage|p1a: Raging Bolt|86/100
|
|t:|1779622190
|switch|p2a: Clodsire|Clodsire, M|100/100|[from] U-turn
|
|upkeep
|turn|14
|
|t:|1779622195
|-end|p1a: Raging Bolt|Protosynthesis|[silent]
|switch|p1a: Zamazenta|Zamazenta, shiny|19/100 tox
|move|p2a: Clodsire|Earthquake|p1a: Zamazenta
|-damage|p1a: Zamazenta|0 fnt
|faint|p1a: Zamazenta
|
|upkeep
|
|t:|1779622209
|switch|p1a: Hatterene|Hatterene, F|100/100
|turn|15
|
|t:|1779622214
|switch|p2a: Kingambit|Kingambit, F|100/100
|-activate|p2a: Kingambit|ability: Supreme Overlord
|-start|p2a: Kingambit|fallen1|[silent]
|move|p1a: Hatterene|Calm Mind|p1a: Hatterene
|-boost|p1a: Hatterene|spa|1
|-boost|p1a: Hatterene|spd|1
|
|upkeep
|turn|16
|
|t:|1779622227
|move|p2a: Kingambit|Iron Head|p1a: Hatterene
|-supereffective|p1a: Hatterene
|-damage|p1a: Hatterene|7/100
|move|p1a: Hatterene|Draining Kiss|p2a: Kingambit
|-damage|p2a: Kingambit|68/100
|-heal|p1a: Hatterene|38/100|[from] drain|[of] p2a: Kingambit
|
|-heal|p2a: Kingambit|74/100|[from] item: Leftovers
|-heal|p1a: Hatterene|44/100|[from] item: Leftovers
|upkeep
|turn|17
|
|t:|1779622236
|move|p2a: Kingambit|Kowtow Cleave|p1a: Hatterene
|-damage|p1a: Hatterene|0 fnt
|faint|p1a: Hatterene
|
|-heal|p2a: Kingambit|80/100|[from] item: Leftovers
|upkeep
|
|t:|1779622246
|switch|p1a: Iron Moth|Iron Moth, shiny|95/100
|turn|18
|
|t:|1779622251
|-end|p2a: Kingambit|fallen1|[silent]
|switch|p2a: Zapdos|Zapdos|100/100
|move|p1a: Iron Moth|Whirlwind|p2a: Zapdos
|drag|p2a: Kingambit|Kingambit, F|80/100
|-activate|p2a: Kingambit|ability: Supreme Overlord
|-start|p2a: Kingambit|fallen1|[silent]
|
|-heal|p2a: Kingambit|86/100|[from] item: Leftovers
|upkeep
|turn|19
|
|t:|1779622259
|-end|p2a: Kingambit|fallen1|[silent]
|switch|p2a: Clodsire|Clodsire, M|100/100
|move|p1a: Iron Moth|Fiery Dance|p2a: Clodsire
|-damage|p2a: Clodsire|78/100
|-boost|p1a: Iron Moth|spa|1
|
|-heal|p2a: Clodsire|84/100|[from] item: Leftovers
|upkeep
|turn|20
|
|t:|1779622267
|-end|p1a: Iron Moth|Quark Drive|[silent]
|switch|p1a: Ogerpon|Ogerpon-Wellspring, F|100/100
|move|p2a: Clodsire|Earthquake|p1a: Ogerpon
|-resisted|p1a: Ogerpon
|-damage|p1a: Ogerpon|84/100
|
|-heal|p2a: Clodsire|90/100|[from] item: Leftovers
|upkeep
|turn|21
|
|t:|1779622277
|switch|p2a: Corviknight|Corviknight, F|66/100
|move|p1a: Ogerpon|Ivy Cudgel|p2a: Corviknight|[anim] Ivy Cudgel Water
|-damage|p2a: Corviknight|30/100
|
|upkeep
|turn|22
|
|t:|1779622286
|move|p1a: Ogerpon|Ivy Cudgel|p2a: Corviknight|[anim] Ivy Cudgel Water
|-damage|p2a: Corviknight|0 fnt
|faint|p2a: Corviknight
|
|upkeep
|
|t:|1779622290
|switch|p2a: Zapdos|Zapdos|100/100
|turn|23
|
|t:|1779622298
|switch|p1a: Raging Bolt|Raging Bolt|86/100
|move|p2a: Zapdos|U-turn|p1a: Raging Bolt
|-damage|p1a: Raging Bolt|75/100
|
|t:|1779622303
|switch|p2a: Clodsire|Clodsire, M|90/100|[from] U-turn
|
|-heal|p2a: Clodsire|97/100|[from] item: Leftovers
|upkeep
|turn|24
|
|t:|1779622309
|move|p1a: Raging Bolt|Dragon Pulse|p2a: Clodsire
|-damage|p2a: Clodsire|71/100
|move|p2a: Clodsire|Toxic|p1a: Raging Bolt
|-status|p1a: Raging Bolt|tox
|
|-heal|p2a: Clodsire|78/100|[from] item: Leftovers
|-damage|p1a: Raging Bolt|69/100 tox|[from] psn
|upkeep
|turn|25
|
|t:|1779622315
|move|p1a: Raging Bolt|Dragon Pulse|p2a: Clodsire
|-damage|p2a: Clodsire|52/100
|move|p2a: Clodsire|Recover|p2a: Clodsire
|-heal|p2a: Clodsire|100/100
|
|-damage|p1a: Raging Bolt|56/100 tox|[from] psn
|upkeep
|turn|26
|
|t:|1779622319
|move|p1a: Raging Bolt|Dragon Pulse|p2a: Clodsire
|-damage|p2a: Clodsire|71/100
|move|p2a: Clodsire|Earthquake|p1a: Raging Bolt
|-supereffective|p1a: Raging Bolt
|-damage|p1a: Raging Bolt|5/100 tox
|
|-heal|p2a: Clodsire|78/100|[from] item: Leftovers
|-damage|p1a: Raging Bolt|0 fnt|[from] psn
|faint|p1a: Raging Bolt
|-end|p1a: Raging Bolt|Protosynthesis|[silent]
|upkeep
|
|t:|1779622322
|switch|p1a: Iron Moth|Iron Moth, shiny|95/100
|turn|27
|
|t:|1779622326
|move|p1a: Iron Moth|Fiery Dance|p2a: Clodsire
|-damage|p2a: Clodsire|54/100
|move|p2a: Clodsire|Earthquake|p1a: Iron Moth
|-supereffective|p1a: Iron Moth
|-damage|p1a: Iron Moth|0 fnt
|faint|p1a: Iron Moth
|-end|p1a: Iron Moth|Quark Drive|[silent]
|
|-heal|p2a: Clodsire|61/100|[from] item: Leftovers
|upkeep
|
|t:|1779622329
|switch|p1a: Ogerpon|Ogerpon-Wellspring, F|84/100
|turn|28
|
|t:|1779622332
|move|p1a: Ogerpon|Swords Dance|p1a: Ogerpon
|-boost|p1a: Ogerpon|atk|2
|move|p2a: Clodsire|Toxic|p1a: Ogerpon
|-status|p1a: Ogerpon|tox
|
|-heal|p2a: Clodsire|67/100|[from] item: Leftovers
|-damage|p1a: Ogerpon|78/100 tox|[from] psn
|upkeep
|turn|29
|
|t:|1779622347
|move|p1a: Ogerpon|Trailblaze|p2a: Clodsire
|-damage|p2a: Clodsire|0 fnt
|-boost|p1a: Ogerpon|spe|1
|faint|p2a: Clodsire
|
|-damage|p1a: Ogerpon|66/100 tox|[from] psn
|upkeep
|
|t:|1779622353
|switch|p2a: Barraskewda|Barraskewda, F|100/100
|turn|30
|
|t:|1779622358
|switch|p2a: Zapdos|Zapdos|100/100
|move|p1a: Ogerpon|Trailblaze|p2a: Zapdos
|-resisted|p2a: Zapdos
|-damage|p2a: Zapdos|63/100
|-boost|p1a: Ogerpon|spe|1
|
|-damage|p1a: Ogerpon|48/100 tox|[from] psn
|upkeep
|turn|31
|
|t:|1779622366
|switch|p2a: Barraskewda|Barraskewda, F|100/100
|move|p1a: Ogerpon|Ivy Cudgel|p2a: Barraskewda|[anim] Ivy Cudgel Water
|-resisted|p2a: Barraskewda
|-damage|p2a: Barraskewda|0 fnt
|faint|p2a: Barraskewda
|
|-damage|p1a: Ogerpon|24/100 tox|[from] psn
|upkeep
|
|t:|1779622371
|switch|p2a: Zapdos|Zapdos|63/100
|turn|32
|
|t:|1779622374
|move|p1a: Ogerpon|Ivy Cudgel|p2a: Zapdos|[anim] Ivy Cudgel Water
|-damage|p2a: Zapdos|0 fnt
|faint|p2a: Zapdos
|
|-damage|p1a: Ogerpon|0 fnt|[from] psn
|faint|p1a: Ogerpon
|
|win|Titanosaurus
|raw|TenHeaven's rating: 1425 &rarr; <strong>1403</strong><br />(-22 for losing)
|raw|Titanosaurus's rating: 1383 &rarr; <strong>1405</strong><br />(+22 for winning)
|l|☆Titanosaurus
|player|p2|
|l|☆TenHeaven
|player|p1|
