|j|☆Jus4funsies
|j|☆summerenaissance
|t:|1779595165
|gametype|singles
|player|p1|Jus4funsies|teamrocket|1662
|player|p2|summerenaissance|iris-gen5bw2|1681
|gen|9
|tier|[Gen 9] OU
|rated|
|rule|HP Percentage Mod: HP is shown in percentages
|rule|Endless Battle Clause: Forcing endless battles is banned
|rule|Species Clause: Limit one of each Pokémon
|rule|OHKO Clause: OHKO moves are banned
|rule|Evasion Items Clause: Evasion items are banned
|rule|Evasion Moves Clause: Evasion moves are banned
|rule|Evasion Abilities Clause: Evasion abilities are banned
|rule|Sleep Moves Clause: Sleep-inducing moves are banned
|clearpoke
|poke|p1|Samurott-Hisui, F|
|poke|p1|Gholdengo|
|poke|p1|Great Tusk|
|poke|p1|Dragonite, M|
|poke|p1|Raging Bolt|
|poke|p1|Kingambit, M|
|poke|p2|Gliscor, F|
|poke|p2|Alomomola, F|
|poke|p2|Amoonguss, F|
|poke|p2|Blissey, F|
|poke|p2|Dondozo, M|
|poke|p2|Weezing-Galar, F|
|teampreview
|inactive|Battle timer is ON: inactive players will automatically lose when time's up. (requested by summerenaissance)
|
|t:|1779595186
|teamsize|p1|6
|teamsize|p2|6
|start
|switch|p1a: Shamiqua|Samurott-Hisui, F|100/100
|switch|p2a: Gliscor|Gliscor, F|100/100
|turn|1
|
|t:|1779595190
|move|p2a: Gliscor|Protect|p2a: Gliscor
|-singleturn|p2a: Gliscor|Protect
|move|p1a: Shamiqua|Ceaseless Edge|p2a: Gliscor
|-activate|p2a: Gliscor|move: Protect
|
|-status|p2a: Gliscor|tox|[from] item: Toxic Orb
|upkeep
|turn|2
|
|t:|1779595197
|switch|p2a: Weezing|Weezing-Galar, F|100/100
|-ability|p2a: Weezing|Neutralizing Gas
|move|p1a: Shamiqua|Ceaseless Edge|p2a: Weezing
|-resisted|p2a: Weezing
|-damage|p2a: Weezing|91/100
|-sidestart|p2: summerenaissance|Spikes
|
|upkeep
|turn|3
|
|t:|1779595204
|move|p1a: Shamiqua|Taunt|p2a: Weezing
|-start|p2a: Weezing|move: Taunt
|cant|p2a: Weezing|move: Taunt|Will-O-Wisp
|
|upkeep
|turn|4
|j| rexa2
|
|t:|1779595229
|move|p1a: Shamiqua|Ceaseless Edge|p2a: Weezing
|-resisted|p2a: Weezing
|-damage|p2a: Weezing|80/100
|-sidestart|p2: summerenaissance|Spikes
|move|p2a: Weezing|Sludge Bomb|p1a: Shamiqua
|-damage|p1a: Shamiqua|62/100
|
|upkeep
|turn|5
|l| rexa2
|
|t:|1779595236
|move|p1a: Shamiqua|Ceaseless Edge|p2a: Weezing|[miss]
|-miss|p1a: Shamiqua|p2a: Weezing
|move|p2a: Weezing|Sludge Bomb|p1a: Shamiqua
|-damage|p1a: Shamiqua|23/100
|-status|p1a: Shamiqua|psn
|
|-damage|p1a: Shamiqua|10/100 psn|[from] psn
|-end|p2a: Weezing|move: Taunt
|upkeep
|turn|6
|
|t:|1779595240
|-end|p2a: Weezing|ability: Neutralizing Gas
|switch|p2a: Gliscor|Gliscor, F|100/100 tox
|move|p1a: Shamiqua|Ceaseless Edge|p2a: Gliscor
|-damage|p2a: Gliscor|69/100 tox
|-sidestart|p2: summerenaissance|Spikes
|
|-damage|p1a: Shamiqua|0 fnt|[from] psn
|faint|p1a: Shamiqua
|-heal|p2a: Gliscor|81/100 tox|[from] ability: Poison Heal
|upkeep
|
|t:|1779595244
|switch|p1a: Tyrone|Great Tusk|100/100
|turn|7
|
|t:|1779595248
|move|p2a: Gliscor|Protect|p2a: Gliscor
|-singleturn|p2a: Gliscor|Protect
|move|p1a: Tyrone|Stealth Rock|p2a: Gliscor
|-sidestart|p2: summerenaissance|move: Stealth Rock
|
|-heal|p2a: Gliscor|94/100 tox|[from] ability: Poison Heal
|upkeep
|turn|8
|
|t:|1779595254
|switch|p2a: Alomomola|Alomomola, F|100/100
|-damage|p2a: Alomomola|76/100|[from] Spikes
|-damage|p2a: Alomomola|63/100|[from] Stealth Rock
|move|p1a: Tyrone|Ice Spinner|p2a: Alomomola
|-resisted|p2a: Alomomola
|-damage|p2a: Alomomola|56/100
|-damage|p1a: Tyrone|84/100|[from] item: Rocky Helmet|[of] p2a: Alomomola
|
|upkeep
|turn|9
|
|t:|1779595262
|-end|p1a: Tyrone|Protosynthesis|[silent]
|switch|p1a: Daddy long neck|Raging Bolt|100/100
|-enditem|p1a: Daddy long neck|Booster Energy
|-activate|p1a: Daddy long neck|ability: Protosynthesis|[fromitem]
|-start|p1a: Daddy long neck|protosynthesisspa
|move|p2a: Alomomola|Flip Turn|p1a: Daddy long neck
|-resisted|p1a: Daddy long neck
|-damage|p1a: Daddy long neck|93/100
|
|t:|1779595268
|switch|p2a: Blissey|Blissey, F|100/100|[from] Flip Turn
|-damage|p2a: Blissey|75/100|[from] Spikes
|-damage|p2a: Blissey|63/100|[from] Stealth Rock
|
|-heal|p2a: Blissey|69/100|[from] item: Leftovers
|upkeep
|turn|10
|
|t:|1779595273
|-end|p1a: Daddy long neck|Protosynthesis|[silent]
|switch|p1a: Tyrone|Great Tusk|84/100
|move|p2a: Blissey|Calm Mind|p2a: Blissey
|-boost|p2a: Blissey|spa|1
|-boost|p2a: Blissey|spd|1
|
|-heal|p2a: Blissey|75/100|[from] item: Leftovers
|upkeep
|turn|11
|
|t:|1779595278
|switch|p2a: Alomomola|Alomomola, F|89/100
|-damage|p2a: Alomomola|64/100|[from] Spikes
|-damage|p2a: Alomomola|52/100|[from] Stealth Rock
|move|p1a: Tyrone|Ice Spinner|p2a: Alomomola
|-resisted|p2a: Alomomola
|-damage|p2a: Alomomola|44/100
|-damage|p1a: Tyrone|68/100|[from] item: Rocky Helmet|[of] p2a: Alomomola
|
|upkeep
|turn|12
|
|t:|1779595286
|-end|p1a: Tyrone|Protosynthesis|[silent]
|switch|p1a: Daddy long neck|Raging Bolt|93/100
|move|p2a: Alomomola|Wish|p2a: Alomomola
|
|upkeep
|turn|13
|
|t:|1779595297
|switch|p2a: Blissey|Blissey, F|75/100
|-damage|p2a: Blissey|50/100|[from] Spikes
|-damage|p2a: Blissey|38/100|[from] Stealth Rock
|move|p1a: Daddy long neck|Dragon Pulse|p2a: Blissey
|-crit|p2a: Blissey
|-damage|p2a: Blissey|14/100
|
|-heal|p2a: Blissey|54/100|[from] move: Wish|[wisher] Alomomola
|-heal|p2a: Blissey|61/100|[from] item: Leftovers
|upkeep
|turn|14
|
|t:|1779595307
|-end|p1a: Daddy long neck|Protosynthesis|[silent]
|switch|p1a: Tyrone|Great Tusk|68/100
|move|p2a: Blissey|Soft-Boiled|p2a: Blissey
|-heal|p2a: Blissey|100/100
|
|upkeep
|turn|15
|
|t:|1779595325
|switch|p2a: Weezing|Weezing-Galar, F|80/100
|-ability|p2a: Weezing|Neutralizing Gas
|move|p1a: Tyrone|Headlong Rush|p2a: Weezing
|-supereffective|p2a: Weezing
|-damage|p2a: Weezing|1/100
|-unboost|p1a: Tyrone|def|1
|-unboost|p1a: Tyrone|spd|1
|
|upkeep
|turn|16
|
|t:|1779595333
|-end|p2a: Weezing|ability: Neutralizing Gas
|switch|p2a: Alomomola|Alomomola, F|78/100
|-damage|p2a: Alomomola|53/100|[from] Spikes
|-damage|p2a: Alomomola|40/100|[from] Stealth Rock
|move|p1a: Tyrone|Ice Spinner|p2a: Alomomola
|-resisted|p2a: Alomomola
|-damage|p2a: Alomomola|33/100
|-damage|p1a: Tyrone|51/100|[from] item: Rocky Helmet|[of] p2a: Alomomola
|
|upkeep
|turn|17
|
|t:|1779595343
|move|p1a: Tyrone|Headlong Rush|p2a: Alomomola
|-damage|p2a: Alomomola|2/100
|-unboost|p1a: Tyrone|def|1
|-unboost|p1a: Tyrone|spd|1
|-damage|p1a: Tyrone|35/100|[from] item: Rocky Helmet|[of] p2a: Alomomola
|move|p2a: Alomomola|Wish|p2a: Alomomola
|
|upkeep
|turn|18
|
|t:|1779595351
|move|p2a: Alomomola|Protect|p2a: Alomomola
|-singleturn|p2a: Alomomola|Protect
|move|p1a: Tyrone|Rapid Spin|p2a: Alomomola
|-activate|p2a: Alomomola|move: Protect
|
|-heal|p2a: Alomomola|52/100|[from] move: Wish|[wisher] Alomomola
|upkeep
|turn|19
|
|t:|1779595359
|-end|p1a: Tyrone|Protosynthesis|[silent]
|switch|p1a: Daddy long neck|Raging Bolt|93/100
|move|p2a: Alomomola|Wish|p2a: Alomomola
|
|upkeep
|turn|20
|
|t:|1779595370
|move|p2a: Alomomola|Protect|p2a: Alomomola
|-singleturn|p2a: Alomomola|Protect
|move|p1a: Daddy long neck|Thunderbolt|p2a: Alomomola
|-activate|p2a: Alomomola|move: Protect
|
|-heal|p2a: Alomomola|100/100|[from] move: Wish|[wisher] Alomomola
|upkeep
|turn|21
|
|t:|1779595374
|switch|p2a: Blissey|Blissey, F|100/100
|-damage|p2a: Blissey|75/100|[from] Spikes
|-damage|p2a: Blissey|63/100|[from] Stealth Rock
|move|p1a: Daddy long neck|Thunderbolt|p2a: Blissey
|-damage|p2a: Blissey|48/100
|
|-heal|p2a: Blissey|54/100|[from] item: Leftovers
|upkeep
|turn|22
|j| poopeebumbum
|
|t:|1779595378
|-end|p1a: Daddy long neck|Protosynthesis|[silent]
|switch|p1a: Tyrone|Great Tusk|35/100
|move|p2a: Blissey|Soft-Boiled|p2a: Blissey
|-heal|p2a: Blissey|100/100
|
|upkeep
|turn|23
|
|t:|1779595382
|switch|p2a: Alomomola|Alomomola, F|100/100
|-damage|p2a: Alomomola|76/100|[from] Spikes
|-damage|p2a: Alomomola|63/100|[from] Stealth Rock
|move|p1a: Tyrone|Headlong Rush|p2a: Alomomola
|-damage|p2a: Alomomola|30/100
|-unboost|p1a: Tyrone|def|1
|-unboost|p1a: Tyrone|spd|1
|-damage|p1a: Tyrone|18/100|[from] item: Rocky Helmet|[of] p2a: Alomomola
|
|upkeep
|turn|24
|
|t:|1779595395
|move|p2a: Alomomola|Protect|p2a: Alomomola
|-singleturn|p2a: Alomomola|Protect
|move|p1a: Tyrone|Headlong Rush|p2a: Alomomola
|-activate|p2a: Alomomola|move: Protect
|
|upkeep
|turn|25
|
|t:|1779595397
|move|p1a: Tyrone|Headlong Rush|p2a: Alomomola
|-damage|p2a: Alomomola|0 fnt
|-unboost|p1a: Tyrone|def|1
|-unboost|p1a: Tyrone|spd|1
|-damage|p1a: Tyrone|2/100|[from] item: Rocky Helmet|[of] p2a: Alomomola
|faint|p2a: Alomomola
|
|upkeep
|
|t:|1779595414
|switch|p2a: Amoonguss|Amoonguss, F|100/100
|-damage|p2a: Amoonguss|76/100|[from] Spikes
|-damage|p2a: Amoonguss|63/100|[from] Stealth Rock
|turn|26
|
|t:|1779595435
|move|p1a: Tyrone|Ice Spinner|p2a: Amoonguss
|-supereffective|p2a: Amoonguss
|-damage|p2a: Amoonguss|23/100
|move|p2a: Amoonguss|Foul Play|p1a: Tyrone
|-resisted|p1a: Tyrone
|-damage|p1a: Tyrone|0 fnt
|faint|p1a: Tyrone
|-end|p1a: Tyrone|Protosynthesis|[silent]
|
|-heal|p2a: Amoonguss|30/100|[from] item: Black Sludge
|upkeep
|
|t:|1779595445
|switch|p1a: Cinna-Mon|Gholdengo|100/100
|-item|p1a: Cinna-Mon|Air Balloon
|turn|27
|
|t:|1779595456
|switch|p1a: WE WUZ|Kingambit, M, shiny|100/100
|-activate|p1a: WE WUZ|ability: Supreme Overlord
|-start|p1a: WE WUZ|fallen2|[silent]
|move|p2a: Amoonguss|Foul Play|p1a: WE WUZ
|-resisted|p1a: WE WUZ
|-damage|p1a: WE WUZ|85/100
|
|-heal|p2a: Amoonguss|36/100|[from] item: Black Sludge
|upkeep
|turn|28
|
|t:|1779595463
|switch|p2a: Weezing|Weezing-Galar, F|1/100
|-ability|p2a: Weezing|Neutralizing Gas
|move|p1a: WE WUZ|Kowtow Cleave|p2a: Weezing
|-resisted|p2a: Weezing
|-damage|p2a: Weezing|0 fnt
|faint|p2a: Weezing
|-end|p2a: Weezing|ability: Neutralizing Gas
|-activate|p1a: WE WUZ|ability: Supreme Overlord
|-start|p1a: WE WUZ|fallen2|[silent]
|
|upkeep
|
|t:|1779595470
|switch|p2a: Gliscor|Gliscor, F|94/100 tox
|-damage|p2a: Gliscor|81/100 tox|[from] Stealth Rock
|turn|29
|
|t:|1779595475
|-end|p1a: WE WUZ|fallen2|[silent]
|switch|p1a: Cinna-Mon|Gholdengo|100/100
|-item|p1a: Cinna-Mon|Air Balloon
|move|p2a: Gliscor|Earthquake|p1a: Cinna-Mon
|-immune|p1a: Cinna-Mon
|
|-heal|p2a: Gliscor|94/100 tox|[from] ability: Poison Heal
|upkeep
|turn|30
|
|t:|1779595482
|move|p1a: Cinna-Mon|Make It Rain|p2a: Gliscor
|-damage|p2a: Gliscor|42/100 tox
|-unboost|p1a: Cinna-Mon|spa|1
|move|p2a: Gliscor|Knock Off|p1a: Cinna-Mon
|-supereffective|p1a: Cinna-Mon
|-damage|p1a: Cinna-Mon|58/100
|-enditem|p1a: Cinna-Mon|Air Balloon
|
|-heal|p2a: Gliscor|55/100 tox|[from] ability: Poison Heal
|upkeep
|turn|31
|
|t:|1779595491
|-terastallize|p1a: Cinna-Mon|Flying
|move|p1a: Cinna-Mon|Nasty Plot|p1a: Cinna-Mon
|-boost|p1a: Cinna-Mon|spa|2
|move|p2a: Gliscor|Earthquake|p1a: Cinna-Mon
|-immune|p1a: Cinna-Mon
|
|-heal|p2a: Gliscor|67/100 tox|[from] ability: Poison Heal
|upkeep
|turn|32
|l|☆summerenaissance
|inactive|summerenaissance disconnected and has a minute to reconnect!
|player|p2|
|inactive|summerenaissance has 30 seconds to reconnect!
|inactive|summerenaissance has 20 seconds to reconnect!
|inactive|summerenaissance has 15 seconds to reconnect!
|inactive|summerenaissance has 10 seconds to reconnect!
|inactive|summerenaissance has 5 seconds to reconnect!
|-message|summerenaissance lost due to inactivity.
|
|win|Jus4funsies
|raw|Jus4funsies's rating: 1662 &rarr; <strong>1683</strong><br />(+21 for winning)
|raw|summerenaissance's rating: 1681 &rarr; <strong>1660</strong><br />(-21 for losing)
|l|☆Jus4funsies
|player|p1|
|l| poopeebumbum
|j|☆summerenaissance
|player|p2|summerenaissance|iris-gen5bw2|
|l|☆summerenaissance
|player|p2|
