|j|☆isa2381
|j|☆Exilos
|t:|1779630490
|gametype|singles
|player|p1|isa2381|lady|1324
|player|p2|Exilos|101|1393
|gen|9
|tier|[Gen 9] OU
|rated|
|rule|HP Percentage Mod: HP is shown in percentages
|rule|Endless Battle Clause: Forcing endless battles is banned
|rule|Species Clause: Limit one of each Pokémon
|rule|OHKO Clause: OHKO moves are banned
|rule|Evasion Items Clause: Evasion items are banned
|rule|Evasion Moves Clause: Evasion moves are banned
|rule|Evasion Abilities Clause: Evasion abilities are banned
|rule|Sleep Moves Clause: Sleep-inducing moves are banned
|clearpoke
|poke|p1|Skeledirge, M|
|poke|p1|Corviknight, F|
|poke|p1|Ogerpon-Wellspring, F|
|poke|p1|Slowking-Galar, F|
|poke|p1|Tyranitar, M|
|poke|p1|Iron Valiant|
|poke|p2|Gastrodon, M|
|poke|p2|Ting-Lu|
|poke|p2|Ogerpon-Wellspring, F|
|poke|p2|Toxapex, F|
|poke|p2|Mew|
|poke|p2|Dragonite, M|
|teampreview
|inactive|Battle timer is ON: inactive players will automatically lose when time's up. (requested by Exilos)
|inactive|isa2381 has 120 seconds left.
|inactive|Exilos has 120 seconds left.
|
|t:|1779630541
|teamsize|p1|6
|teamsize|p2|6
|start
|switch|p1a: Ogerpon|Ogerpon-Wellspring, F|100/100
|switch|p2a: Mew|Mew|100/100
|turn|1
|
|t:|1779630562
|switch|p1a: Corviknight|Corviknight, F|100/100
|-ability|p1a: Corviknight|Pressure
|move|p2a: Mew|Spikes|p1a: Corviknight
|-sidestart|p1: isa2381|Spikes
|
|upkeep
|turn|2
|
|t:|1779630569
|move|p2a: Mew|Spikes|p1a: Corviknight
|-sidestart|p1: isa2381|Spikes
|move|p1a: Corviknight|Defog|p2a: Mew
|-unboost|p2a: Mew|evasion|1
|-sideend|p1: isa2381|Spikes|[from] move: Defog|[of] p1a: Corviknight
|
|upkeep
|turn|3
|
|t:|1779630576
|move|p2a: Mew|Encore|p1a: Corviknight
|-start|p1a: Corviknight|Encore
|move|p1a: Corviknight|Defog|p2a: Mew
|-unboost|p2a: Mew|evasion|1
|
|upkeep
|turn|4
|
|t:|1779630591
|switch|p2a: Toxapex|Toxapex, F|100/100
|switch|p1a: Skeledirge|Skeledirge, M|100/100
|
|upkeep
|turn|5
|
|t:|1779630603
|switch|p1a: Corviknight|Corviknight, F|100/100
|-ability|p1a: Corviknight|Pressure
|move|p2a: Toxapex|Toxic|p1a: Corviknight
|-immune|p1a: Corviknight
|
|upkeep
|turn|6
|
|t:|1779630611
|move|p1a: Corviknight|U-turn|p2a: Toxapex
|-resisted|p2a: Toxapex
|-damage|p2a: Toxapex|95/100
|
|t:|1779630617
|switch|p1a: Slowking|Slowking-Galar, F|100/100|[from] U-turn
|move|p2a: Toxapex|Infestation|p1a: Slowking
|-damage|p1a: Slowking|99/100
|-activate|p1a: Slowking|move: Infestation|[of] p2a: Toxapex
|
|-damage|p1a: Slowking|86/100|[from] move: Infestation|[partiallytrapped]
|upkeep
|turn|7
|
|t:|1779630640
|move|p2a: Toxapex|Infestation|p1a: Slowking
|-damage|p1a: Slowking|85/100
|move|p1a: Slowking|Psychic Noise|p2a: Toxapex
|-supereffective|p2a: Toxapex
|-damage|p2a: Toxapex|48/100
|-start|p2a: Toxapex|move: Heal Block
|
|-damage|p1a: Slowking|72/100|[from] move: Infestation|[partiallytrapped]
|upkeep
|turn|8
|
|t:|1779630667
|switch|p2a: Mew|Mew|100/100
|move|p1a: Slowking|Psychic Noise|p2a: Mew
|-resisted|p2a: Mew
|-damage|p2a: Mew|86/100
|-start|p2a: Mew|move: Heal Block
|
|-end|p1a: Slowking|Infestation|[partiallytrapped]|[silent]
|upkeep
|turn|9
|inactive|isa2381 has 120 seconds left.
|
|t:|1779630688
|switch|p1a: Skeledirge|Skeledirge, M|100/100
|move|p2a: Mew|Spikes|p1a: Skeledirge
|-sidestart|p1: isa2381|Spikes
|
|-end|p2a: Mew|move: Heal Block
|upkeep
|turn|10
|inactive|isa2381 has 120 seconds left.
|
|t:|1779630695
|switch|p2a: Ting-Lu|Ting-Lu|100/100
|-ability|p2a: Ting-Lu|Vessel of Ruin
|move|p1a: Skeledirge|Will-O-Wisp|p2a: Ting-Lu
|-status|p2a: Ting-Lu|brn
|
|-damage|p2a: Ting-Lu|94/100 brn|[from] brn
|upkeep
|turn|11
|inactive|isa2381 has 120 seconds left.
|
|t:|1779630714
|switch|p1a: Corviknight|Corviknight, F|100/100
|-ability|p1a: Corviknight|Pressure
|move|p2a: Ting-Lu|Stealth Rock|p1a: Corviknight
|-sidestart|p1: isa2381|move: Stealth Rock
|
|-heal|p2a: Ting-Lu|100/100 brn|[from] item: Leftovers
|-damage|p2a: Ting-Lu|94/100 brn|[from] brn
|upkeep
|turn|12
|inactive|isa2381 has 120 seconds left.
|
|t:|1779630722
|move|p1a: Corviknight|Defog|p2a: Ting-Lu
|-unboost|p2a: Ting-Lu|evasion|1
|-sideend|p1: isa2381|Spikes|[from] move: Defog|[of] p1a: Corviknight
|-sideend|p1: isa2381|Stealth Rock|[from] move: Defog|[of] p1a: Corviknight
|move|p2a: Ting-Lu|Ruination|p1a: Corviknight
|-damage|p1a: Corviknight|51/100
|
|-heal|p2a: Ting-Lu|100/100 brn|[from] item: Leftovers
|-damage|p2a: Ting-Lu|94/100 brn|[from] brn
|upkeep
|turn|13
|
|t:|1779630731
|move|p1a: Corviknight|Roost|p1a: Corviknight
|-heal|p1a: Corviknight|100/100
|-singleturn|p1a: Corviknight|move: Roost
|move|p2a: Ting-Lu|Ruination|p1a: Corviknight
|-damage|p1a: Corviknight|51/100
|
|-heal|p2a: Ting-Lu|100/100 brn|[from] item: Leftovers
|-damage|p2a: Ting-Lu|94/100 brn|[from] brn
|upkeep
|turn|14
|
|t:|1779630739
|move|p1a: Corviknight|Roost|p1a: Corviknight
|-heal|p1a: Corviknight|100/100
|-singleturn|p1a: Corviknight|move: Roost
|move|p2a: Ting-Lu|Stealth Rock|p1a: Corviknight
|-sidestart|p1: isa2381|move: Stealth Rock
|
|-heal|p2a: Ting-Lu|100/100 brn|[from] item: Leftovers
|-damage|p2a: Ting-Lu|94/100 brn|[from] brn
|upkeep
|turn|15
|
|t:|1779630756
|move|p1a: Corviknight|U-turn|p2a: Ting-Lu
|-supereffective|p2a: Ting-Lu
|-damage|p2a: Ting-Lu|79/100 brn
|
|t:|1779630760
|switch|p1a: Tyranitar|Tyranitar, M|100/100|[from] U-turn
|-damage|p1a: Tyranitar|88/100|[from] Stealth Rock
|-weather|Sandstorm|[from] ability: Sand Stream|[of] p1a: Tyranitar
|move|p2a: Ting-Lu|Ruination|p1a: Tyranitar
|-damage|p1a: Tyranitar|44/100
|
|-weather|Sandstorm|[upkeep]
|-heal|p2a: Ting-Lu|86/100 brn|[from] item: Leftovers
|-damage|p2a: Ting-Lu|79/100 brn|[from] brn
|upkeep
|turn|16
|inactive|isa2381 has 120 seconds left.
|
|t:|1779630795
|move|p1a: Tyranitar|Ice Punch|p2a: Ting-Lu
|-supereffective|p2a: Ting-Lu
|-damage|p2a: Ting-Lu|50/100 brn
|move|p2a: Ting-Lu|Whirlwind|p1a: Tyranitar
|drag|p1a: Ogerpon|Ogerpon-Wellspring, F|100/100
|-damage|p1a: Ogerpon|88/100|[from] Stealth Rock
|
|-weather|Sandstorm|[upkeep]
|-damage|p1a: Ogerpon|82/100|[from] Sandstorm
|-heal|p2a: Ting-Lu|56/100 brn|[from] item: Leftovers
|-damage|p2a: Ting-Lu|50/100 brn|[from] brn
|upkeep
|turn|17
|
|t:|1779630806
|switch|p2a: Gastrodon|Gastrodon, M|100/100
|move|p1a: Ogerpon|Horn Leech|p2a: Gastrodon
|-supereffective|p2a: Gastrodon
|-damage|p2a: Gastrodon|0 fnt
|-heal|p1a: Ogerpon|100/100|[from] drain|[of] p2a: Gastrodon
|faint|p2a: Gastrodon
|
|-weather|Sandstorm|[upkeep]
|-damage|p1a: Ogerpon|95/100|[from] Sandstorm
|upkeep
|
|t:|1779630814
|switch|p2a: Mew|Mew|86/100
|turn|18
|inactive|isa2381 has 120 seconds left.
|
|t:|1779630826
|switch|p1a: Corviknight|Corviknight, F|100/100
|-damage|p1a: Corviknight|88/100|[from] Stealth Rock
|-ability|p1a: Corviknight|Pressure
|switch|p2a: Dragonite|Dragonite, M|100/100
|
|-weather|Sandstorm|[upkeep]
|-damage|p2a: Dragonite|94/100|[from] Sandstorm
|upkeep
|turn|19
|
|t:|1779630836
|switch|p1a: Skeledirge|Skeledirge, M|100/100
|move|p2a: Dragonite|Dragon Dance|p2a: Dragonite
|-boost|p2a: Dragonite|atk|1
|-boost|p2a: Dragonite|spe|1
|
|-weather|none
|upkeep
|turn|20
|
|t:|1779630842
|move|p2a: Dragonite|Earthquake|p1a: Skeledirge
|-supereffective|p1a: Skeledirge
|-damage|p1a: Skeledirge|32/100
|move|p1a: Skeledirge|Will-O-Wisp|p2a: Dragonite
|-status|p2a: Dragonite|brn
|
|-damage|p2a: Dragonite|88/100 brn|[from] brn
|upkeep
|turn|21
|
|t:|1779630857
|switch|p1a: Corviknight|Corviknight, F|88/100
|-damage|p1a: Corviknight|76/100|[from] Stealth Rock
|-ability|p1a: Corviknight|Pressure
|move|p2a: Dragonite|Dragon Dance|p2a: Dragonite
|-boost|p2a: Dragonite|atk|1
|-boost|p2a: Dragonite|spe|1
|
|-damage|p2a: Dragonite|82/100 brn|[from] brn
|upkeep
|turn|22
|
|t:|1779630869
|move|p2a: Dragonite|Dragon Dance|p2a: Dragonite
|-boost|p2a: Dragonite|atk|1
|-boost|p2a: Dragonite|spe|1
|move|p1a: Corviknight|U-turn|p2a: Dragonite
|-resisted|p2a: Dragonite
|-damage|p2a: Dragonite|74/100 brn
|
|t:|1779630875
|switch|p1a: Skeledirge|Skeledirge, M|32/100|[from] U-turn
|
|-damage|p2a: Dragonite|68/100 brn|[from] brn
|upkeep
|turn|23
|
|t:|1779630879
|move|p2a: Dragonite|Earthquake|p1a: Skeledirge
|-supereffective|p1a: Skeledirge
|-damage|p1a: Skeledirge|2/100
|move|p1a: Skeledirge|Slack Off|p1a: Skeledirge
|-heal|p1a: Skeledirge|52/100
|
|-damage|p2a: Dragonite|61/100 brn|[from] brn
|upkeep
|turn|24
|
|t:|1779630894
|move|p2a: Dragonite|Dragon Dance|p2a: Dragonite
|-boost|p2a: Dragonite|atk|1
|-boost|p2a: Dragonite|spe|1
|move|p1a: Skeledirge|Slack Off|p1a: Skeledirge
|-heal|p1a: Skeledirge|100/100
|
|-damage|p2a: Dragonite|55/100 brn|[from] brn
|upkeep
|turn|25
|
|t:|1779630902
|move|p2a: Dragonite|Dragon Dance|p2a: Dragonite
|-boost|p2a: Dragonite|atk|1
|-boost|p2a: Dragonite|spe|1
|move|p1a: Skeledirge|Hex|p2a: Dragonite
|-damage|p2a: Dragonite|7/100 brn
|
|-damage|p2a: Dragonite|0 fnt|[from] brn
|faint|p2a: Dragonite
|upkeep
|
|t:|1779630909
|switch|p2a: Toxapex|Toxapex, F|81/100
|turn|26
|
|t:|1779630913
|switch|p1a: Corviknight|Corviknight, F|76/100
|-damage|p1a: Corviknight|64/100|[from] Stealth Rock
|-ability|p1a: Corviknight|Pressure
|move|p2a: Toxapex|Infestation|p1a: Corviknight
|-resisted|p1a: Corviknight
|-damage|p1a: Corviknight|63/100
|-activate|p1a: Corviknight|move: Infestation|[of] p2a: Toxapex
|-damage|p2a: Toxapex|64/100|[from] item: Rocky Helmet|[of] p1a: Corviknight
|
|-damage|p1a: Corviknight|51/100|[from] move: Infestation|[partiallytrapped]
|upkeep
|turn|27
|
|t:|1779630924
|move|p1a: Corviknight|Roost|p1a: Corviknight
|-heal|p1a: Corviknight|100/100
|-singleturn|p1a: Corviknight|move: Roost
|move|p2a: Toxapex|Recover|p2a: Toxapex
|-heal|p2a: Toxapex|100/100
|
|-damage|p1a: Corviknight|88/100|[from] move: Infestation|[partiallytrapped]
|upkeep
|turn|28
|
|t:|1779630931
|move|p1a: Corviknight|Defog|p2a: Toxapex
|-unboost|p2a: Toxapex|evasion|1
|-sideend|p1: isa2381|Stealth Rock|[from] move: Defog|[of] p1a: Corviknight
|move|p2a: Toxapex|Infestation|p1a: Corviknight
|-resisted|p1a: Corviknight
|-damage|p1a: Corviknight|87/100
|-damage|p2a: Toxapex|84/100|[from] item: Rocky Helmet|[of] p1a: Corviknight
|
|-damage|p1a: Corviknight|75/100|[from] move: Infestation|[partiallytrapped]
|upkeep
|turn|29
|
|t:|1779630941
|move|p1a: Corviknight|Roost|p1a: Corviknight
|-heal|p1a: Corviknight|100/100
|-singleturn|p1a: Corviknight|move: Roost
|move|p2a: Toxapex|Toxic|p1a: Corviknight
|-immune|p1a: Corviknight
|
|-damage|p1a: Corviknight|88/100|[from] move: Infestation|[partiallytrapped]
|upkeep
|turn|30
|
|t:|1779630949
|move|p1a: Corviknight|U-turn|p2a: Toxapex
|-resisted|p2a: Toxapex
|-damage|p2a: Toxapex|78/100
|
|t:|1779630952
|switch|p1a: Slowking|Slowking-Galar, F|100/100|[from] U-turn
|move|p2a: Toxapex|Infestation|p1a: Slowking
|-damage|p1a: Slowking|99/100
|-activate|p1a: Slowking|move: Infestation|[of] p2a: Toxapex
|
|-damage|p1a: Slowking|87/100|[from] move: Infestation|[partiallytrapped]
|upkeep
|turn|31
|inactive|isa2381 has 120 seconds left.
|
|t:|1779630983
|move|p2a: Toxapex|Recover|p2a: Toxapex
|-heal|p2a: Toxapex|100/100
|move|p1a: Slowking|Sludge Bomb|p2a: Toxapex
|-resisted|p2a: Toxapex
|-damage|p2a: Toxapex|88/100
|
|-damage|p1a: Slowking|74/100|[from] move: Infestation|[partiallytrapped]
|upkeep
|turn|32
|
|t:|1779630994
|switch|p2a: Ting-Lu|Ting-Lu|50/100 brn
|-ability|p2a: Ting-Lu|Vessel of Ruin
|move|p1a: Slowking|Psychic Noise|p2a: Ting-Lu
|-immune|p2a: Ting-Lu
|
|-heal|p2a: Ting-Lu|56/100 brn|[from] item: Leftovers
|-damage|p2a: Ting-Lu|50/100 brn|[from] brn
|-end|p1a: Slowking|Infestation|[partiallytrapped]|[silent]
|upkeep
|turn|33
|
|t:|1779631005
|move|p2a: Ting-Lu|Ruination|p1a: Slowking
|-damage|p1a: Slowking|37/100
|move|p1a: Slowking|Ice Beam|p2a: Ting-Lu
|-supereffective|p2a: Ting-Lu
|-damage|p2a: Ting-Lu|25/100 brn
|
|-heal|p2a: Ting-Lu|31/100 brn|[from] item: Leftovers
|-damage|p2a: Ting-Lu|25/100 brn|[from] brn
|upkeep
|turn|34
|
|t:|1779631016
|switch|p1a: Corviknight|Corviknight, F|88/100
|-ability|p1a: Corviknight|Pressure
|move|p2a: Ting-Lu|Whirlwind|p1a: Corviknight
|drag|p1a: Ogerpon|Ogerpon-Wellspring, F|95/100
|
|-heal|p2a: Ting-Lu|31/100 brn|[from] item: Leftovers
|-damage|p2a: Ting-Lu|25/100 brn|[from] brn
|upkeep
|turn|35
|
|t:|1779631027
|switch|p2a: Toxapex|Toxapex, F|100/100
|move|p1a: Ogerpon|Horn Leech|p2a: Toxapex
|-damage|p2a: Toxapex|66/100
|-heal|p1a: Ogerpon|100/100|[from] drain|[of] p2a: Toxapex
|
|upkeep
|turn|36
|
|t:|1779631036
|switch|p1a: Corviknight|Corviknight, F|88/100
|-ability|p1a: Corviknight|Pressure
|move|p2a: Toxapex|Infestation|p1a: Corviknight
|-resisted|p1a: Corviknight
|-damage|p1a: Corviknight|87/100
|-activate|p1a: Corviknight|move: Infestation|[of] p2a: Toxapex
|-damage|p2a: Toxapex|49/100|[from] item: Rocky Helmet|[of] p1a: Corviknight
|
|-damage|p1a: Corviknight|75/100|[from] move: Infestation|[partiallytrapped]
|upkeep
|turn|37
|
|t:|1779631047
|move|p1a: Corviknight|Brave Bird|p2a: Toxapex
|-damage|p2a: Toxapex|20/100
|-damage|p1a: Corviknight|68/100|[from] Recoil
|move|p2a: Toxapex|Recover|p2a: Toxapex
|-heal|p2a: Toxapex|70/100
|
|-damage|p1a: Corviknight|55/100|[from] move: Infestation|[partiallytrapped]
|upkeep
|turn|38
|
|t:|1779631064
|switch|p2a: Mew|Mew|86/100
|move|p1a: Corviknight|U-turn|p2a: Mew
|-supereffective|p2a: Mew
|-damage|p2a: Mew|60/100
|
|t:|1779631070
|switch|p1a: Skeledirge|Skeledirge, M|100/100|[from] U-turn
|
|upkeep
|turn|39
|
|t:|1779631084
|move|p2a: Mew|Spikes|p1a: Skeledirge
|-sidestart|p1: isa2381|Spikes
|move|p1a: Skeledirge|Will-O-Wisp|p2a: Mew
|-status|p2a: Mew|brn
|-activate|p2a: Mew|ability: Synchronize
|-immune|p1a: Skeledirge
|
|-damage|p2a: Mew|54/100 brn|[from] brn
|upkeep
|turn|40
|
|t:|1779631099
|move|p2a: Mew|Encore|p1a: Skeledirge
|-start|p1a: Skeledirge|Encore
|move|p1a: Skeledirge|Will-O-Wisp|p2a: Mew
|-fail|p2a: Mew|brn
|
|-damage|p2a: Mew|48/100 brn|[from] brn
|upkeep
|turn|41
|
|t:|1779631110
|switch|p2a: Ting-Lu|Ting-Lu|25/100 brn
|-ability|p2a: Ting-Lu|Vessel of Ruin
|switch|p1a: Corviknight|Corviknight, F|55/100
|-ability|p1a: Corviknight|Pressure
|
|-heal|p2a: Ting-Lu|31/100 brn|[from] item: Leftovers
|-damage|p2a: Ting-Lu|25/100 brn|[from] brn
|upkeep
|turn|42
|
|t:|1779631120
|move|p1a: Corviknight|Roost|p1a: Corviknight
|-heal|p1a: Corviknight|100/100
|-singleturn|p1a: Corviknight|move: Roost
|move|p2a: Ting-Lu|Ruination|p1a: Corviknight
|-damage|p1a: Corviknight|51/100
|
|-heal|p2a: Ting-Lu|31/100 brn|[from] item: Leftovers
|-damage|p2a: Ting-Lu|25/100 brn|[from] brn
|upkeep
|turn|43
|
|t:|1779631133
|move|p1a: Corviknight|U-turn|p2a: Ting-Lu
|-supereffective|p2a: Ting-Lu
|-damage|p2a: Ting-Lu|10/100 brn
|
|t:|1779631141
|switch|p1a: Tyranitar|Tyranitar, M|44/100|[from] U-turn
|-damage|p1a: Tyranitar|32/100|[from] Spikes
|-weather|Sandstorm|[from] ability: Sand Stream|[of] p1a: Tyranitar
|move|p2a: Ting-Lu|Earthquake|p1a: Tyranitar
|-supereffective|p1a: Tyranitar
|-damage|p1a: Tyranitar|0 fnt
|faint|p1a: Tyranitar
|
|-weather|Sandstorm|[upkeep]
|-heal|p2a: Ting-Lu|16/100 brn|[from] item: Leftovers
|-damage|p2a: Ting-Lu|10/100 brn|[from] brn
|upkeep
|inactive|isa2381 has 120 seconds left.
|
|t:|1779631173
|switch|p1a: Iron Valiant|Iron Valiant|100/100
|-damage|p1a: Iron Valiant|88/100|[from] Spikes
|-enditem|p1a: Iron Valiant|Booster Energy
|-activate|p1a: Iron Valiant|ability: Quark Drive|[fromitem]
|-start|p1a: Iron Valiant|quarkdrivespe
|turn|44
|inactive|isa2381 has 120 seconds left.
|
|t:|1779631182
|move|p1a: Iron Valiant|Moonblast|p2a: Ting-Lu
|-supereffective|p2a: Ting-Lu
|-damage|p2a: Ting-Lu|0 fnt
|faint|p2a: Ting-Lu
|
|-weather|Sandstorm|[upkeep]
|-damage|p1a: Iron Valiant|82/100|[from] Sandstorm
|upkeep
|
|t:|1779631205
|switch|p2a: Toxapex|Toxapex, F|100/100
|turn|45
|
|t:|1779631210
|-end|p1a: Iron Valiant|Quark Drive|[silent]
|switch|p1a: Slowking|Slowking-Galar, F|71/100
|-damage|p1a: Slowking|58/100|[from] Spikes
|move|p2a: Toxapex|Infestation|p1a: Slowking
|-damage|p1a: Slowking|57/100
|-activate|p1a: Slowking|move: Infestation|[of] p2a: Toxapex
|
|-weather|Sandstorm|[upkeep]
|-damage|p2a: Toxapex|94/100|[from] Sandstorm
|-damage|p1a: Slowking|51/100|[from] Sandstorm
|-damage|p1a: Slowking|38/100|[from] move: Infestation|[partiallytrapped]
|upkeep
|turn|46
|
|t:|1779631228
|move|p2a: Toxapex|Infestation|p1a: Slowking
|-damage|p1a: Slowking|37/100
|move|p1a: Slowking|Psychic Noise|p2a: Toxapex
|-supereffective|p2a: Toxapex
|-damage|p2a: Toxapex|50/100
|-start|p2a: Toxapex|move: Heal Block
|
|-weather|Sandstorm|[upkeep]
|-damage|p2a: Toxapex|44/100|[from] Sandstorm
|-damage|p1a: Slowking|31/100|[from] Sandstorm
|-damage|p1a: Slowking|18/100|[from] move: Infestation|[partiallytrapped]
|upkeep
|turn|47
|inactive|isa2381 has 120 seconds left.
|
|t:|1779631243
|move|p2a: Toxapex|Infestation|p1a: Slowking
|-damage|p1a: Slowking|17/100
|move|p1a: Slowking|Psychic Noise|p2a: Toxapex
|-supereffective|p2a: Toxapex
|-damage|p2a: Toxapex|2/100
|
|-weather|none
|-damage|p1a: Slowking|4/100|[from] move: Infestation|[partiallytrapped]
|-end|p2a: Toxapex|move: Heal Block
|upkeep
|turn|48
|inactive|isa2381 has 120 seconds left.
|
|t:|1779631258
|move|p2a: Toxapex|Recover|p2a: Toxapex
|-heal|p2a: Toxapex|52/100
|move|p1a: Slowking|Psychic Noise|p2a: Toxapex
|-supereffective|p2a: Toxapex
|-damage|p2a: Toxapex|10/100
|-start|p2a: Toxapex|move: Heal Block
|
|-damage|p1a: Slowking|0 fnt|[from] move: Infestation|[partiallytrapped]
|faint|p1a: Slowking
|upkeep
|inactive|isa2381 has 120 seconds left.
|
|t:|1779631269
|switch|p1a: Ogerpon|Ogerpon-Wellspring, F|100/100
|-damage|p1a: Ogerpon|88/100|[from] Spikes
|turn|49
|
|t:|1779631275
|switch|p2a: Mew|Mew|48/100 brn
|move|p1a: Ogerpon|Horn Leech|p2a: Mew
|-damage|p2a: Mew|8/100 brn
|-heal|p1a: Ogerpon|100/100|[from] drain|[of] p2a: Mew
|
|-damage|p2a: Mew|1/100 brn|[from] brn
|upkeep
|turn|50
|
|t:|1779631284
|move|p1a: Ogerpon|Horn Leech|p2a: Mew
|-damage|p2a: Mew|0 fnt
|faint|p2a: Mew
|
|upkeep
|
|t:|1779631287
|switch|p2a: Ogerpon|Ogerpon-Wellspring, F|100/100
|turn|51
|
|t:|1779631302
|switch|p2a: Toxapex|Toxapex, F|43/100
|move|p1a: Ogerpon|Horn Leech|p2a: Toxapex
|-damage|p2a: Toxapex|10/100
|
|upkeep
|turn|52
|
|t:|1779631310
|move|p1a: Ogerpon|Horn Leech|p2a: Toxapex
|-damage|p2a: Toxapex|0 fnt
|faint|p2a: Toxapex
|
|upkeep
|
|t:|1779631312
|switch|p2a: Ogerpon|Ogerpon-Wellspring, F|100/100
|turn|53
|
|t:|1779631324
|move|p2a: Ogerpon|Swords Dance|p2a: Ogerpon
|-boost|p2a: Ogerpon|atk|2
|move|p1a: Ogerpon|Horn Leech|p2a: Ogerpon
|-damage|p2a: Ogerpon|44/100
|
|upkeep
|turn|54
|
|t:|1779631333
|move|p2a: Ogerpon|Power Whip|p1a: Ogerpon
|-damage|p1a: Ogerpon|0 fnt
|faint|p1a: Ogerpon
|
|upkeep
|
|t:|1779631338
|switch|p1a: Skeledirge|Skeledirge, M|100/100
|turn|55
|
|t:|1779631345
|-terastallize|p2a: Ogerpon|Water
|detailschange|p2a: Ogerpon|Ogerpon-Wellspring-Tera, F, tera:Water
|-ability|p2a: Ogerpon|Embody Aspect (Wellspring)|boost
|-boost|p2a: Ogerpon|spd|1
|-terastallize|p1a: Skeledirge|Fairy
|move|p2a: Ogerpon|Ivy Cudgel|p1a: Skeledirge|[anim] Ivy Cudgel Water
|-damage|p1a: Skeledirge|33/100
|move|p1a: Skeledirge|Will-O-Wisp|p2a: Ogerpon|[miss]
|-miss|p1a: Skeledirge|p2a: Ogerpon
|
|upkeep
|turn|56
|
|t:|1779631356
|move|p2a: Ogerpon|Ivy Cudgel|p1a: Skeledirge|[anim] Ivy Cudgel Water
|-damage|p1a: Skeledirge|0 fnt
|faint|p1a: Skeledirge
|
|upkeep
|
|t:|1779631360
|switch|p1a: Iron Valiant|Iron Valiant|82/100
|-damage|p1a: Iron Valiant|69/100|[from] Spikes
|turn|57
|
|t:|1779631366
|move|p1a: Iron Valiant|Close Combat|p2a: Ogerpon
|-damage|p2a: Ogerpon|0 fnt
|-unboost|p1a: Iron Valiant|def|1
|-unboost|p1a: Iron Valiant|spd|1
|faint|p2a: Ogerpon
|detailschange|p2: Ogerpon|Ogerpon-Wellspring, F|[silent]
|
|win|isa2381
|raw|isa2381's rating: 1324 &rarr; <strong>1348</strong><br />(+24 for winning)
|raw|Exilos's rating: 1393 &rarr; <strong>1369</strong><br />(-24 for losing)
|l|☆Exilos
|player|p2|
