|j|☆khizerboi75
|j|☆Cheesefriezz
|t:|1779599836
|gametype|singles
|player|p1|khizerboi75|hilbert|1075
|player|p2|Cheesefriezz|n|1078
|gen|9
|tier|[Gen 9] OU
|rated|
|rule|HP Percentage Mod: HP is shown in percentages
|rule|Endless Battle Clause: Forcing endless battles is banned
|rule|Species Clause: Limit one of each Pokémon
|rule|OHKO Clause: OHKO moves are banned
|rule|Evasion Items Clause: Evasion items are banned
|rule|Evasion Moves Clause: Evasion moves are banned
|rule|Evasion Abilities Clause: Evasion abilities are banned
|rule|Sleep Moves Clause: Sleep-inducing moves are banned
|clearpoke
|poke|p1|Blaziken, M|
|poke|p1|Krookodile, F|
|poke|p1|Serperior, M|
|poke|p1|Chandelure, F|
|poke|p1|Metagross|
|poke|p1|Quagsire, M|
|poke|p2|Samurott-Hisui, M|
|poke|p2|Leafeon, M|
|poke|p2|Moltres|
|poke|p2|Ninetales, F|
|poke|p2|Kommo-o, M|
|poke|p2|Krookodile, F|
|teampreview
|inactive|Battle timer is ON: inactive players will automatically lose when time's up. (requested by khizerboi75)
|
|t:|1779599840
|teamsize|p1|6
|teamsize|p2|6
|start
|switch|p1a: Narcissus|Serperior, M|100/100
|switch|p2a: Gabriel|Krookodile, F|100/100
|-ability|p2a: Gabriel|Intimidate|boost
|-boost|p1a: Narcissus|atk|1
|turn|1
|
|t:|1779599851
|move|p1a: Narcissus|Leech Seed|p2a: Gabriel
|-start|p2a: Gabriel|move: Leech Seed
|move|p2a: Gabriel|Gunk Shot|p1a: Narcissus
|-supereffective|p1a: Narcissus
|-damage|p1a: Narcissus|11/100
|
|-heal|p1a: Narcissus|18/100|[from] item: Leftovers
|-damage|p2a: Gabriel|88/100|[from] Leech Seed|[of] p1a: Narcissus
|-heal|p1a: Narcissus|31/100|[silent]
|upkeep
|turn|2
|
|t:|1779599864
|-terastallize|p1a: Narcissus|Water
|move|p1a: Narcissus|Substitute|p1a: Narcissus
|-start|p1a: Narcissus|Substitute
|-damage|p1a: Narcissus|6/100
|move|p2a: Gabriel|Gunk Shot|p1a: Narcissus
|-end|p1a: Narcissus|Substitute
|
|-heal|p1a: Narcissus|12/100|[from] item: Leftovers
|-heal|p2a: Gabriel|94/100|[from] item: Leftovers
|-damage|p2a: Gabriel|82/100|[from] Leech Seed|[of] p1a: Narcissus
|-heal|p1a: Narcissus|26/100|[silent]
|upkeep
|turn|3
|c|☆khizerboi75|sir you are based
|
|t:|1779599876
|move|p1a: Narcissus|Leaf Storm|p2a: Gabriel
|-supereffective|p2a: Gabriel
|-damage|p2a: Gabriel|0 fnt
|-boost|p1a: Narcissus|spa|2
|faint|p2a: Gabriel
|
|-heal|p1a: Narcissus|32/100|[from] item: Leftovers
|upkeep
|
|t:|1779599891
|switch|p2a: six tails|Ninetales, F, shiny|100/100
|-weather|SunnyDay|[from] ability: Drought|[of] p2a: six tails
|turn|4
|
|t:|1779599900
|move|p1a: Narcissus|Glare|p2a: six tails
|-status|p2a: six tails|par
|cant|p2a: six tails|par
|
|-weather|SunnyDay|[upkeep]
|-heal|p1a: Narcissus|38/100|[from] item: Leftovers
|upkeep
|turn|5
|inactive|Cheesefriezz has 120 seconds left.
|
|t:|1779599932
|move|p1a: Narcissus|Leech Seed|p2a: six tails
|-start|p2a: six tails|move: Leech Seed
|cant|p2a: six tails|par
|
|-weather|SunnyDay|[upkeep]
|-heal|p1a: Narcissus|44/100|[from] item: Leftovers
|-damage|p2a: six tails|88/100 par|[from] Leech Seed|[of] p1a: Narcissus
|-heal|p1a: Narcissus|56/100|[silent]
|upkeep
|turn|6
|inactive|Cheesefriezz has 120 seconds left.
|
|t:|1779599947
|switch|p2a: Supa Hot Fire|Moltres|100/100
|move|p1a: Narcissus|Substitute|p1a: Narcissus
|-start|p1a: Narcissus|Substitute
|-damage|p1a: Narcissus|31/100
|
|-weather|SunnyDay|[upkeep]
|-heal|p1a: Narcissus|37/100|[from] item: Leftovers
|upkeep
|turn|7
|
|t:|1779599956
|move|p1a: Narcissus|Glare|p2a: Supa Hot Fire
|-status|p2a: Supa Hot Fire|par
|move|p2a: Supa Hot Fire|Air Slash|p1a: Narcissus
|-end|p1a: Narcissus|Substitute
|
|-weather|SunnyDay|[upkeep]
|-heal|p1a: Narcissus|43/100|[from] item: Leftovers
|upkeep
|turn|8
|
|t:|1779599965
|move|p1a: Narcissus|Substitute|p1a: Narcissus
|-start|p1a: Narcissus|Substitute
|-damage|p1a: Narcissus|19/100
|move|p2a: Supa Hot Fire|Air Slash|p1a: Narcissus
|-end|p1a: Narcissus|Substitute
|
|-weather|SunnyDay|[upkeep]
|-heal|p1a: Narcissus|25/100|[from] item: Leftovers
|upkeep
|turn|9
|
|t:|1779599975
|move|p1a: Narcissus|Leech Seed|p2a: Supa Hot Fire
|-start|p2a: Supa Hot Fire|move: Leech Seed
|cant|p2a: Supa Hot Fire|par
|
|-weather|SunnyDay|[upkeep]
|-heal|p1a: Narcissus|31/100|[from] item: Leftovers
|-damage|p2a: Supa Hot Fire|88/100 par|[from] Leech Seed|[of] p1a: Narcissus
|-heal|p1a: Narcissus|46/100|[silent]
|upkeep
|turn|10
|
|t:|1779599986
|move|p1a: Narcissus|Leaf Storm|p2a: Supa Hot Fire
|-resisted|p2a: Supa Hot Fire
|-damage|p2a: Supa Hot Fire|68/100 par
|-boost|p1a: Narcissus|spa|2
|cant|p2a: Supa Hot Fire|par
|
|-weather|SunnyDay|[upkeep]
|-heal|p1a: Narcissus|53/100|[from] item: Leftovers
|-damage|p2a: Supa Hot Fire|55/100 par|[from] Leech Seed|[of] p1a: Narcissus
|-heal|p1a: Narcissus|68/100|[silent]
|upkeep
|turn|11
|
|t:|1779599999
|move|p1a: Narcissus|Leaf Storm|p2a: Supa Hot Fire
|-resisted|p2a: Supa Hot Fire
|-damage|p2a: Supa Hot Fire|19/100 par
|-boost|p1a: Narcissus|spa|2
|move|p2a: Supa Hot Fire|Air Slash|p1a: Narcissus
|-damage|p1a: Narcissus|20/100
|
|-weather|none
|-heal|p1a: Narcissus|27/100|[from] item: Leftovers
|-damage|p2a: Supa Hot Fire|7/100 par|[from] Leech Seed|[of] p1a: Narcissus
|-heal|p1a: Narcissus|42/100|[silent]
|upkeep
|turn|12
|
|t:|1779600010
|move|p1a: Narcissus|Leaf Storm|p2a: Supa Hot Fire
|-resisted|p2a: Supa Hot Fire
|-damage|p2a: Supa Hot Fire|0 fnt
|faint|p2a: Supa Hot Fire
|
|-heal|p1a: Narcissus|48/100|[from] item: Leftovers
|upkeep
|
|t:|1779600015
|switch|p2a: six tails|Ninetales, F, shiny|88/100 par
|-weather|SunnyDay|[from] ability: Drought|[of] p2a: six tails
|turn|13
|
|t:|1779600027
|move|p1a: Narcissus|Leech Seed|p2a: six tails
|-start|p2a: six tails|move: Leech Seed
|move|p2a: six tails|Weather Ball|p1a: Narcissus
|-resisted|p1a: Narcissus
|-damage|p1a: Narcissus|13/100
|
|-weather|SunnyDay|[upkeep]
|-heal|p1a: Narcissus|19/100|[from] item: Leftovers
|-damage|p2a: six tails|76/100 par|[from] Leech Seed|[of] p1a: Narcissus
|-heal|p1a: Narcissus|31/100|[silent]
|upkeep
|turn|14
|
|t:|1779600038
|move|p1a: Narcissus|Substitute|p1a: Narcissus
|-start|p1a: Narcissus|Substitute
|-damage|p1a: Narcissus|6/100
|move|p2a: six tails|Weather Ball|p1a: Narcissus
|-resisted|p1a: Narcissus
|-end|p1a: Narcissus|Substitute
|
|-weather|SunnyDay|[upkeep]
|-heal|p1a: Narcissus|12/100|[from] item: Leftovers
|-damage|p2a: six tails|64/100 par|[from] Leech Seed|[of] p1a: Narcissus
|-heal|p1a: Narcissus|23/100|[silent]
|upkeep
|turn|15
|
|t:|1779600049
|move|p1a: Narcissus|Leaf Storm|p2a: six tails
|-resisted|p2a: six tails
|-damage|p2a: six tails|0 fnt
|faint|p2a: six tails
|
|-weather|SunnyDay|[upkeep]
|-heal|p1a: Narcissus|30/100|[from] item: Leftovers
|upkeep
|
|t:|1779600058
|switch|p2a: Melo|Leafeon, M, shiny|100/100
|turn|16
|c|☆khizerboi75|gen 5 supremacy
|
|t:|1779600066
|move|p2a: Melo|Leaf Blade|p1a: Narcissus
|-supereffective|p1a: Narcissus
|-damage|p1a: Narcissus|0 fnt
|faint|p1a: Narcissus
|-damage|p2a: Melo|91/100|[from] item: Life Orb
|
|-weather|SunnyDay|[upkeep]
|upkeep
|c|☆Cheesefriezz|true
|
|t:|1779600075
|switch|p1a: SIA|Chandelure, F|100/100
|turn|17
|c|☆Cheesefriezz|unfortunately I despise that serperior set
|
|t:|1779600089
|move|p2a: Melo|Knock Off|p1a: SIA
|-supereffective|p1a: SIA
|-damage|p1a: SIA|0 fnt
|-enditem|p1a: SIA|Choice Scarf|[from] move: Knock Off|[of] p2a: Melo
|faint|p1a: SIA
|-damage|p2a: Melo|81/100|[from] item: Life Orb
|
|-weather|SunnyDay|[upkeep]
|upkeep
|
|t:|1779600098
|switch|p1a: Clyde|Blaziken, M|100/100
|turn|18
|
|t:|1779600105
|move|p2a: Melo|Swords Dance|p2a: Melo
|-boost|p2a: Melo|atk|2
|move|p1a: Clyde|Swords Dance|p1a: Clyde
|-boost|p1a: Clyde|atk|2
|
|-weather|SunnyDay|[upkeep]
|-ability|p1a: Clyde|Speed Boost|boost
|-boost|p1a: Clyde|spe|1
|upkeep
|turn|19
|
|t:|1779600115
|move|p2a: Melo|Leaf Blade|p1a: Clyde
|-resisted|p1a: Clyde
|-damage|p1a: Clyde|14/100
|-damage|p2a: Melo|71/100|[from] item: Life Orb
|move|p1a: Clyde|Flare Blitz|p2a: Melo
|-supereffective|p2a: Melo
|-damage|p2a: Melo|0 fnt
|faint|p2a: Melo
|-damage|p1a: Clyde|0 fnt|[from] Recoil
|faint|p1a: Clyde
|
|-weather|SunnyDay|[upkeep]
|upkeep
|
|t:|1779600136
|switch|p2a: Iggy|Kommo-o, M|100/100
|switch|p1a: Panic button|Quagsire, M|100/100
|turn|20
|
|t:|1779600147
|move|p2a: Iggy|Clangorous Soul|p2a: Iggy
|-boost|p2a: Iggy|atk|1
|-boost|p2a: Iggy|def|1
|-boost|p2a: Iggy|spa|1
|-boost|p2a: Iggy|spd|1
|-boost|p2a: Iggy|spe|1
|-damage|p2a: Iggy|68/100
|-enditem|p2a: Iggy|Throat Spray
|-boost|p2a: Iggy|spa|1|[from] item: Throat Spray
|move|p1a: Panic button|Toxic|p2a: Iggy
|-status|p2a: Iggy|tox
|
|-weather|none
|-damage|p2a: Iggy|61/100 tox|[from] psn
|upkeep
|turn|21
|inactive|khizerboi75 has 120 seconds left.
|
|t:|1779600168
|-terastallize|p2a: Iggy|Normal
|move|p1a: Panic button|Protect|p1a: Panic button
|-singleturn|p1a: Panic button|Protect
|move|p2a: Iggy|Boomburst|p1a: Panic button
|-activate|p1a: Panic button|move: Protect
|
|-damage|p2a: Iggy|49/100 tox|[from] psn
|upkeep
|turn|22
|inactive|khizerboi75 has 120 seconds left.
|
|t:|1779600180
|move|p2a: Iggy|Boomburst|p1a: Panic button
|-damage|p1a: Panic button|23/100
|move|p1a: Panic button|Recover|p1a: Panic button
|-heal|p1a: Panic button|73/100
|
|-heal|p1a: Panic button|79/100|[from] item: Leftovers
|-damage|p2a: Iggy|30/100 tox|[from] psn
|upkeep
|turn|23
|
|t:|1779600194
|move|p1a: Panic button|Protect|p1a: Panic button
|-singleturn|p1a: Panic button|Protect
|move|p2a: Iggy|Boomburst|p1a: Panic button
|-activate|p1a: Panic button|move: Protect
|
|-heal|p1a: Panic button|85/100|[from] item: Leftovers
|-damage|p2a: Iggy|6/100 tox|[from] psn
|upkeep
|turn|24
|
|t:|1779600205
|move|p2a: Iggy|Boomburst|p1a: Panic button
|-damage|p1a: Panic button|12/100
|move|p1a: Panic button|Recover|p1a: Panic button
|-heal|p1a: Panic button|62/100
|
|-heal|p1a: Panic button|69/100|[from] item: Leftovers
|-damage|p2a: Iggy|0 fnt|[from] psn
|faint|p2a: Iggy
|upkeep
|
|t:|1779600210
|switch|p2a: Ima dive in|Samurott-Hisui, M|100/100
|turn|25
|
|t:|1779600218
|move|p2a: Ima dive in|Ceaseless Edge|p1a: Panic button
|-damage|p1a: Panic button|36/100
|-sidestart|p1: khizerboi75|Spikes
|move|p1a: Panic button|Toxic|p2a: Ima dive in
|-status|p2a: Ima dive in|tox
|
|-heal|p1a: Panic button|42/100|[from] item: Leftovers
|-damage|p2a: Ima dive in|94/100 tox|[from] psn
|upkeep
|turn|26
|
|t:|1779600228
|move|p1a: Panic button|Protect|p1a: Panic button
|-singleturn|p1a: Panic button|Protect
|move|p2a: Ima dive in|Ceaseless Edge|p1a: Panic button
|-activate|p1a: Panic button|move: Protect
|
|-heal|p1a: Panic button|48/100|[from] item: Leftovers
|-damage|p2a: Ima dive in|82/100 tox|[from] psn
|upkeep
|turn|27
|
|t:|1779600245
|move|p2a: Ima dive in|Ceaseless Edge|p1a: Panic button
|-damage|p1a: Panic button|19/100
|-sidestart|p1: khizerboi75|Spikes
|move|p1a: Panic button|Recover|p1a: Panic button
|-heal|p1a: Panic button|69/100
|
|-heal|p1a: Panic button|75/100|[from] item: Leftovers
|-damage|p2a: Ima dive in|63/100 tox|[from] psn
|upkeep
|turn|28
|
|t:|1779600255
|move|p1a: Panic button|Protect|p1a: Panic button
|-singleturn|p1a: Panic button|Protect
|move|p2a: Ima dive in|Ceaseless Edge|p1a: Panic button
|-activate|p1a: Panic button|move: Protect
|
|-heal|p1a: Panic button|81/100|[from] item: Leftovers
|-damage|p2a: Ima dive in|38/100 tox|[from] psn
|upkeep
|turn|29
|
|t:|1779600265
|move|p2a: Ima dive in|Razor Shell|p1a: Panic button
|-damage|p1a: Panic button|49/100
|move|p1a: Panic button|Recover|p1a: Panic button
|-heal|p1a: Panic button|99/100
|
|-heal|p1a: Panic button|100/100|[from] item: Leftovers
|-damage|p2a: Ima dive in|7/100 tox|[from] psn
|upkeep
|turn|30
|
|t:|1779600274
|move|p1a: Panic button|Protect|p1a: Panic button
|-singleturn|p1a: Panic button|Protect
|move|p2a: Ima dive in|Razor Shell|p1a: Panic button
|-activate|p1a: Panic button|move: Protect
|
|-damage|p2a: Ima dive in|0 fnt|[from] psn
|faint|p2a: Ima dive in
|
|win|khizerboi75
|raw|khizerboi75's rating: 1075 &rarr; <strong>1104</strong><br />(+29 for winning)
|raw|Cheesefriezz's rating: 1078 &rarr; <strong>1056</strong><br />(-22 for losing)
|l|☆Cheesefriezz
|player|p2|
|c|☆khizerboi75|ggs
|l|☆khizerboi75
|player|p1|
