|j|☆Mdavis
|j|☆banjo guro
|t:|1779688915
|gametype|singles
|player|p1|Mdavis|palmer|1349
|player|p2|banjo guro|erika|1388
|gen|9
|tier|[Gen 9] OU
|rated|
|rule|HP Percentage Mod: HP is shown in percentages
|rule|Endless Battle Clause: Forcing endless battles is banned
|rule|Species Clause: Limit one of each Pokémon
|rule|OHKO Clause: OHKO moves are banned
|rule|Evasion Items Clause: Evasion items are banned
|rule|Evasion Moves Clause: Evasion moves are banned
|rule|Evasion Abilities Clause: Evasion abilities are banned
|rule|Sleep Moves Clause: Sleep-inducing moves are banned
|clearpoke
|poke|p1|Darkrai|
|poke|p1|Garchomp, M|
|poke|p1|Alomomola, F|
|poke|p1|Corviknight, M|
|poke|p1|Weezing-Galar, M|
|poke|p1|Ogerpon, F|
|poke|p2|Garganacl, M|
|poke|p2|Mimikyu, M|
|poke|p2|Chimecho, F|
|poke|p2|Serperior, F|
|poke|p2|Polteageist|
|poke|p2|Maushold|
|teampreview
|inactive|Battle timer is ON: inactive players will automatically lose when time's up. (requested by banjo guro)
|
|t:|1779688929
|teamsize|p1|6
|teamsize|p2|6
|start
|switch|p1a: Corviknight|Corviknight, M|100/100
|switch|p2a: Serperior|Serperior, F|100/100
|-ability|p1a: Corviknight|Pressure
|turn|1
|
|t:|1779688939
|move|p2a: Serperior|Glare|p1a: Corviknight
|-status|p1a: Corviknight|par
|move|p1a: Corviknight|U-turn|p2a: Serperior
|-supereffective|p2a: Serperior
|-damage|p2a: Serperior|78/100
|
|t:|1779688943
|switch|p1a: Weezing|Weezing-Galar, M|100/100|[from] U-turn
|-ability|p1a: Weezing|Neutralizing Gas
|
|-heal|p2a: Serperior|84/100|[from] item: Leftovers
|upkeep
|turn|2
|
|t:|1779688951
|move|p2a: Serperior|Glare|p1a: Weezing
|-status|p1a: Weezing|par
|cant|p1a: Weezing|par
|
|-heal|p2a: Serperior|90/100|[from] item: Leftovers
|upkeep
|turn|3
|
|t:|1779688957
|move|p2a: Serperior|Leech Seed|p1a: Weezing
|-start|p1a: Weezing|move: Leech Seed
|move|p1a: Weezing|Sludge Bomb|p2a: Serperior
|-supereffective|p2a: Serperior
|-damage|p2a: Serperior|45/100
|
|-heal|p2a: Serperior|51/100|[from] item: Leftovers
|-damage|p1a: Weezing|88/100 par|[from] Leech Seed|[of] p2a: Serperior
|-heal|p2a: Serperior|62/100|[silent]
|upkeep
|turn|4
|
|t:|1779688966
|move|p2a: Serperior|Substitute|p2a: Serperior
|-start|p2a: Serperior|Substitute
|-damage|p2a: Serperior|38/100
|move|p1a: Weezing|Will-O-Wisp||[still]
|-fail|p1a: Weezing
|
|-heal|p2a: Serperior|44/100|[from] item: Leftovers
|-heal|p1a: Weezing|94/100 par|[from] item: Leftovers
|-damage|p1a: Weezing|82/100 par|[from] Leech Seed|[of] p2a: Serperior
|-heal|p2a: Serperior|55/100|[silent]
|upkeep
|turn|5
|
|t:|1779688977
|move|p2a: Serperior|Leaf Storm|p1a: Weezing|[miss]
|-miss|p2a: Serperior|p1a: Weezing
|move|p1a: Weezing|Sludge Bomb|p2a: Serperior
|-supereffective|p2a: Serperior
|-end|p2a: Serperior|Substitute
|
|-heal|p2a: Serperior|62/100|[from] item: Leftovers
|-heal|p1a: Weezing|88/100 par|[from] item: Leftovers
|-damage|p1a: Weezing|76/100 par|[from] Leech Seed|[of] p2a: Serperior
|-heal|p2a: Serperior|73/100|[silent]
|upkeep
|turn|6
|
|t:|1779688985
|move|p2a: Serperior|Substitute|p2a: Serperior
|-start|p2a: Serperior|Substitute
|-damage|p2a: Serperior|48/100
|cant|p1a: Weezing|par
|
|-heal|p2a: Serperior|54/100|[from] item: Leftovers
|-heal|p1a: Weezing|82/100 par|[from] item: Leftovers
|-damage|p1a: Weezing|69/100 par|[from] Leech Seed|[of] p2a: Serperior
|-heal|p2a: Serperior|66/100|[silent]
|upkeep
|turn|7
|
|t:|1779688989
|move|p2a: Serperior|Leaf Storm|p1a: Weezing
|-resisted|p1a: Weezing
|-damage|p1a: Weezing|44/100 par
|-unboost|p2a: Serperior|spa|2
|move|p1a: Weezing|Sludge Bomb|p2a: Serperior
|-supereffective|p2a: Serperior
|-end|p2a: Serperior|Substitute
|
|-heal|p2a: Serperior|72/100|[from] item: Leftovers
|-heal|p1a: Weezing|50/100 par|[from] item: Leftovers
|-damage|p1a: Weezing|38/100 par|[from] Leech Seed|[of] p2a: Serperior
|-heal|p2a: Serperior|84/100|[silent]
|upkeep
|turn|8
|
|t:|1779688999
|move|p2a: Serperior|Substitute|p2a: Serperior
|-start|p2a: Serperior|Substitute
|-damage|p2a: Serperior|59/100
|move|p1a: Weezing|Pain Split||[still]
|-fail|p1a: Weezing
|
|-heal|p2a: Serperior|65/100|[from] item: Leftovers
|-heal|p1a: Weezing|44/100 par|[from] item: Leftovers
|-damage|p1a: Weezing|31/100 par|[from] Leech Seed|[of] p2a: Serperior
|-heal|p2a: Serperior|77/100|[silent]
|upkeep
|turn|9
|
|t:|1779689009
|-end|p1a: Weezing|ability: Neutralizing Gas
|switch|p1a: Corviknight|Corviknight, M|100/100 par
|-ability|p1a: Corviknight|Pressure
|move|p2a: Serperior|Glare|p1a: Corviknight
|-fail|p1a: Corviknight|par
|
|-heal|p2a: Serperior|83/100|[from] item: Leftovers
|upkeep
|turn|10
|
|t:|1779689013
|move|p2a: Serperior|Leech Seed|p1a: Corviknight
|-start|p1a: Corviknight|move: Leech Seed
|cant|p1a: Corviknight|par
|
|-heal|p2a: Serperior|89/100|[from] item: Leftovers
|-damage|p1a: Corviknight|88/100 par|[from] Leech Seed|[of] p2a: Serperior
|-heal|p2a: Serperior|100/100|[silent]
|upkeep
|turn|11
|
|t:|1779689021
|move|p2a: Serperior|Leaf Storm|p1a: Corviknight|[miss]
|-miss|p2a: Serperior|p1a: Corviknight
|cant|p1a: Corviknight|par
|
|-heal|p1a: Corviknight|94/100 par|[from] item: Leftovers
|-damage|p1a: Corviknight|82/100 par|[from] Leech Seed|[of] p2a: Serperior
|upkeep
|turn|12
|
|t:|1779689025
|move|p2a: Serperior|Leaf Storm|p1a: Corviknight
|-resisted|p1a: Corviknight
|-damage|p1a: Corviknight|78/100 par
|-boost|p2a: Serperior|spa|2
|move|p1a: Corviknight|U-turn|p2a: Serperior
|-supereffective|p2a: Serperior
|-activate|p2a: Serperior|move: Substitute|[damage]
|
|t:|1779689035
|switch|p1a: Weezing|Weezing-Galar, M|31/100 par|[from] U-turn
|-ability|p1a: Weezing|Neutralizing Gas
|
|-heal|p1a: Weezing|37/100 par|[from] item: Leftovers
|upkeep
|turn|13
|
|t:|1779689039
|move|p2a: Serperior|Leech Seed|p1a: Weezing
|-start|p1a: Weezing|move: Leech Seed
|move|p1a: Weezing|Sludge Bomb|p2a: Serperior
|-supereffective|p2a: Serperior
|-end|p2a: Serperior|Substitute
|
|-heal|p1a: Weezing|43/100 par|[from] item: Leftovers
|-damage|p1a: Weezing|31/100 par|[from] Leech Seed|[of] p2a: Serperior
|upkeep
|turn|14
|
|t:|1779689047
|move|p2a: Serperior|Substitute|p2a: Serperior
|-start|p2a: Serperior|Substitute
|-damage|p2a: Serperior|76/100
|cant|p1a: Weezing|par
|
|-heal|p2a: Serperior|82/100|[from] item: Leftovers
|-heal|p1a: Weezing|37/100 par|[from] item: Leftovers
|-damage|p1a: Weezing|25/100 par|[from] Leech Seed|[of] p2a: Serperior
|-heal|p2a: Serperior|93/100|[silent]
|upkeep
|turn|15
|c|☆Mdavis|wow holy shit
|
|t:|1779689064
|-end|p1a: Weezing|ability: Neutralizing Gas
|switch|p1a: Corviknight|Corviknight, M|78/100 par
|-ability|p1a: Corviknight|Pressure
|move|p2a: Serperior|Glare|p1a: Corviknight
|-fail|p1a: Corviknight|par
|
|-heal|p2a: Serperior|99/100|[from] item: Leftovers
|-heal|p1a: Corviknight|85/100 par|[from] item: Leftovers
|upkeep
|turn|16
|
|t:|1779689070
|move|p2a: Serperior|Leech Seed|p1a: Corviknight
|-start|p1a: Corviknight|move: Leech Seed
|cant|p1a: Corviknight|par
|
|-heal|p2a: Serperior|100/100|[from] item: Leftovers
|-heal|p1a: Corviknight|91/100 par|[from] item: Leftovers
|-damage|p1a: Corviknight|78/100 par|[from] Leech Seed|[of] p2a: Serperior
|upkeep
|turn|17
|c|☆Mdavis|hahahahahahaha
|
|t:|1779689080
|move|p2a: Serperior|Leaf Storm|p1a: Corviknight
|-resisted|p1a: Corviknight
|-damage|p1a: Corviknight|72/100 par
|-boost|p2a: Serperior|spa|2
|move|p1a: Corviknight|Defog||[still]
|-fail|p1a: Corviknight
|
|-heal|p1a: Corviknight|79/100 par|[from] item: Leftovers
|-damage|p1a: Corviknight|66/100 par|[from] Leech Seed|[of] p2a: Serperior
|upkeep
|turn|18
|
|t:|1779689091
|switch|p1a: Weezing|Weezing-Galar, M|25/100 par
|-ability|p1a: Weezing|Neutralizing Gas
|move|p2a: Serperior|Glare|p1a: Weezing
|-fail|p1a: Weezing|par
|
|-heal|p1a: Weezing|31/100 par|[from] item: Leftovers
|upkeep
|turn|19
|
|t:|1779689099
|move|p2a: Serperior|Leech Seed|p1a: Weezing
|-start|p1a: Weezing|move: Leech Seed
|move|p1a: Weezing|Sludge Bomb|p2a: Serperior
|-supereffective|p2a: Serperior
|-end|p2a: Serperior|Substitute
|
|-heal|p1a: Weezing|37/100 par|[from] item: Leftovers
|-damage|p1a: Weezing|25/100 par|[from] Leech Seed|[of] p2a: Serperior
|upkeep
|turn|20
|
|t:|1779689111
|-end|p1a: Weezing|ability: Neutralizing Gas
|switch|p1a: Corviknight|Corviknight, M|66/100 par
|-ability|p1a: Corviknight|Pressure
|move|p2a: Serperior|Glare|p1a: Corviknight
|-fail|p1a: Corviknight|par
|
|-heal|p1a: Corviknight|72/100 par|[from] item: Leftovers
|upkeep
|turn|21
|
|t:|1779689118
|switch|p2a: Chimecho|Chimecho, F|100/100
|move|p1a: Corviknight|Brave Bird|p2a: Chimecho
|-damage|p2a: Chimecho|64/100
|-damage|p1a: Corviknight|64/100 par|[from] Recoil
|
|-heal|p2a: Chimecho|70/100|[from] item: Leftovers
|-heal|p1a: Corviknight|70/100 par|[from] item: Leftovers
|upkeep
|turn|22
|
|t:|1779689127
|switch|p1a: Darkrai|Darkrai|100/100
|-terastallize|p2a: Chimecho|Electric
|move|p2a: Chimecho|Cosmic Power|p2a: Chimecho
|-boost|p2a: Chimecho|def|1
|-boost|p2a: Chimecho|spd|1
|
|-heal|p2a: Chimecho|76/100|[from] item: Leftovers
|upkeep
|turn|23
|
|t:|1779689135
|move|p1a: Darkrai|Trick|p2a: Chimecho
|-activate|p1a: Darkrai|move: Trick|[of] p2a: Chimecho
|-item|p2a: Chimecho|Choice Specs|[from] move: Trick
|-item|p1a: Darkrai|Leftovers|[from] move: Trick
|move|p2a: Chimecho|Charge Beam|p1a: Darkrai
|-damage|p1a: Darkrai|48/100
|-boost|p2a: Chimecho|spa|1
|
|-heal|p1a: Darkrai|54/100|[from] item: Leftovers
|upkeep
|turn|24
|
|t:|1779689142
|switch|p1a: Garchomp|Garchomp, M|100/100
|move|p2a: Chimecho|Charge Beam|p1a: Garchomp
|-immune|p1a: Garchomp
|
|upkeep
|turn|25
|
|t:|1779689153
|switch|p2a: Serperior|Serperior, F|100/100
|move|p1a: Garchomp|Stealth Rock|p2a: Serperior
|-sidestart|p2: banjo guro|move: Stealth Rock
|
|upkeep
|turn|26
|
|t:|1779689159
|move|p2a: Serperior|Glare|p1a: Garchomp
|-status|p1a: Garchomp|par
|move|p1a: Garchomp|Dragon Tail|p2a: Serperior
|-damage|p2a: Serperior|79/100
|drag|p2a: Garganacl|Garganacl, M|100/100
|-damage|p2a: Garganacl|88/100|[from] Stealth Rock
|
|-heal|p2a: Garganacl|94/100|[from] item: Leftovers
|upkeep
|turn|27
|
|t:|1779689169
|move|p1a: Garchomp|Earthquake|p2a: Garganacl
|-supereffective|p2a: Garganacl
|-damage|p2a: Garganacl|35/100
|move|p2a: Garganacl|Iron Defense|p2a: Garganacl
|-boost|p2a: Garganacl|def|2
|
|-heal|p2a: Garganacl|41/100|[from] item: Leftovers
|upkeep
|turn|28
|
|t:|1779689179
|move|p2a: Garganacl|Recover|p2a: Garganacl
|-heal|p2a: Garganacl|91/100
|move|p1a: Garchomp|Dragon Tail|p2a: Garganacl
|-damage|p2a: Garganacl|82/100
|drag|p2a: Maushold|Maushold|100/100
|-damage|p2a: Maushold|88/100|[from] Stealth Rock
|
|upkeep
|turn|29
|
|t:|1779689187
|move|p2a: Maushold|Tidy Up|p2a: Maushold
|-sideend|p2: banjo guro|Stealth Rock
|-activate|p2a: Maushold|move: Tidy Up
|-boost|p2a: Maushold|atk|1
|-boost|p2a: Maushold|spe|1
|move|p1a: Garchomp|Spikes|p2a: Maushold
|-sidestart|p2: banjo guro|Spikes
|
|upkeep
|turn|30
|
|t:|1779689193
|move|p2a: Maushold|Tidy Up|p2a: Maushold
|-sideend|p2: banjo guro|Spikes
|-activate|p2a: Maushold|move: Tidy Up
|-boost|p2a: Maushold|atk|1
|-boost|p2a: Maushold|spe|1
|move|p1a: Garchomp|Stealth Rock|p2a: Maushold
|-sidestart|p2: banjo guro|move: Stealth Rock
|
|upkeep
|turn|31
|
|t:|1779689200
|move|p2a: Maushold|Tidy Up|p2a: Maushold
|-sideend|p2: banjo guro|Stealth Rock
|-activate|p2a: Maushold|move: Tidy Up
|-boost|p2a: Maushold|atk|1
|-boost|p2a: Maushold|spe|1
|move|p1a: Garchomp|Earthquake|p2a: Maushold
|-damage|p2a: Maushold|22/100
|
|upkeep
|turn|32
|
|t:|1779689208
|move|p2a: Maushold|Shadow Claw|p1a: Garchomp
|-damage|p1a: Garchomp|74/100 par
|-damage|p2a: Maushold|9/100|[from] ability: Rough Skin|[of] p1a: Garchomp
|-damage|p2a: Maushold|0 fnt|[from] item: Rocky Helmet|[of] p1a: Garchomp
|faint|p2a: Maushold
|move|p1a: Garchomp|Stealth Rock|p2: Maushold
|-sidestart|p2: banjo guro|move: Stealth Rock
|
|upkeep
|
|t:|1779689218
|switch|p2a: Serperior|Serperior, F|79/100
|-damage|p2a: Serperior|67/100|[from] Stealth Rock
|turn|33
|
|t:|1779689231
|switch|p2a: Mimikyu|Mimikyu, M|100/100
|-damage|p2a: Mimikyu|88/100|[from] Stealth Rock
|switch|p1a: Weezing|Weezing-Galar, M|25/100 par
|-ability|p1a: Weezing|Neutralizing Gas
|
|-heal|p1a: Weezing|31/100 par|[from] item: Leftovers
|upkeep
|turn|34
|
|t:|1779689238
|move|p2a: Mimikyu|Swords Dance|p2a: Mimikyu
|-boost|p2a: Mimikyu|atk|2
|move|p1a: Weezing|Pain Split|p2a: Mimikyu
|-sethp|p2a: Mimikyu|64/100|[from] move: Pain Split|[silent]
|-sethp|p1a: Weezing|49/100 par|[from] move: Pain Split
|
|-heal|p1a: Weezing|55/100 par|[from] item: Leftovers
|upkeep
|turn|35
|
|t:|1779689249
|move|p2a: Mimikyu|Swords Dance|p2a: Mimikyu
|-boost|p2a: Mimikyu|atk|2
|cant|p1a: Weezing|par
|
|-heal|p1a: Weezing|61/100 par|[from] item: Leftovers
|upkeep
|turn|36
|
|t:|1779689257
|move|p2a: Mimikyu|Play Rough|p1a: Weezing
|-resisted|p1a: Weezing
|-damage|p1a: Weezing|28/100 par
|move|p1a: Weezing|Sludge Bomb|p2a: Mimikyu
|-activate|p2a: Mimikyu|ability: Disguise
|-damage|p2a: Mimikyu|64/100
|-status|p2a: Mimikyu|psn
|detailschange|p2a: Mimikyu|Mimikyu-Busted, M
|-damage|p2a: Mimikyu|52/100 psn|[from] pokemon: Mimikyu-Busted
|-enditem|p2a: Mimikyu|Red Card|[of] p1a: Weezing
|-end|p1a: Weezing|ability: Neutralizing Gas
|drag|p1a: Corviknight|Corviknight, M|70/100 par
|-ability|p1a: Corviknight|Pressure
|
|-heal|p1a: Corviknight|76/100 par|[from] item: Leftovers
|-damage|p2a: Mimikyu|40/100 psn|[from] psn
|upkeep
|turn|37
|
|t:|1779689267
|move|p2a: Mimikyu|Play Rough|p1a: Corviknight
|-resisted|p1a: Corviknight
|-damage|p1a: Corviknight|32/100 par
|move|p1a: Corviknight|Brave Bird|p2a: Mimikyu
|-damage|p2a: Mimikyu|0 fnt
|faint|p2a: Mimikyu
|-damage|p1a: Corviknight|24/100 par|[from] Recoil
|
|-heal|p1a: Corviknight|31/100 par|[from] item: Leftovers
|upkeep
|
|t:|1779689274
|switch|p2a: Garganacl|Garganacl, M|82/100
|-damage|p2a: Garganacl|69/100|[from] Stealth Rock
|turn|38
|
|t:|1779689287
|switch|p1a: Ogerpon|Ogerpon, F|100/100
|move|p2a: Garganacl|Salt Cure|p1a: Ogerpon
|-damage|p1a: Ogerpon|83/100
|-start|p1a: Ogerpon|Salt Cure
|
|-heal|p2a: Garganacl|76/100|[from] item: Leftovers
|-damage|p1a: Ogerpon|70/100|[from] Salt Cure
|upkeep
|turn|39
|
|t:|1779689298
|switch|p2a: Serperior|Serperior, F|67/100
|-damage|p2a: Serperior|54/100|[from] Stealth Rock
|-terastallize|p1a: Ogerpon|Grass
|detailschange|p1a: Ogerpon|Ogerpon-Teal-Tera, F, tera:Grass
|-ability|p1a: Ogerpon|Embody Aspect (Teal)|boost
|-boost|p1a: Ogerpon|spe|1
|move|p1a: Ogerpon|Ivy Cudgel|p2a: Serperior
|-resisted|p2a: Serperior
|-crit|p2a: Serperior
|-damage|p2a: Serperior|14/100
|
|-heal|p2a: Serperior|20/100|[from] item: Leftovers
|-damage|p1a: Ogerpon|58/100|[from] Salt Cure
|upkeep
|turn|40
|
|t:|1779689310
|move|p1a: Ogerpon|Knock Off|p2a: Serperior
|-damage|p2a: Serperior|0 fnt
|-enditem|p2a: Serperior|Leftovers|[from] move: Knock Off|[of] p1a: Ogerpon
|faint|p2a: Serperior
|
|-damage|p1a: Ogerpon|46/100|[from] Salt Cure
|upkeep
|
|t:|1779689319
|switch|p2a: Chimecho|Chimecho, F, tera:Electric|76/100
|-damage|p2a: Chimecho|64/100|[from] Stealth Rock
|turn|41
|c|☆Mdavis|para is legit the worst omg
|
|t:|1779689333
|switch|p1a: Garchomp|Garchomp, M|74/100 par
|move|p2a: Chimecho|Charge Beam|p1a: Garchomp
|-immune|p1a: Garchomp
|
|upkeep
|turn|42
|-message|banjo guro forfeited.
|
|win|Mdavis
|raw|Mdavis's rating: 1349 &rarr; <strong>1371</strong><br />(+22 for winning)
|raw|banjo guro's rating: 1388 &rarr; <strong>1366</strong><br />(-22 for losing)
|l|☆banjo guro
|player|p2|
|c|☆Mdavis|gg
|l|☆Mdavis
|player|p1|
