|j|☆ghkliufxcbnkhgdccc
|j|☆Minnesotaaa
|t:|1779610087
|gametype|singles
|player|p1|ghkliufxcbnkhgdccc|rosa|1302
|player|p2|Minnesotaaa|blue|1259
|gen|9
|tier|[Gen 9] OU
|rated|
|rule|HP Percentage Mod: HP is shown in percentages
|rule|Endless Battle Clause: Forcing endless battles is banned
|rule|Species Clause: Limit one of each Pokémon
|rule|OHKO Clause: OHKO moves are banned
|rule|Evasion Items Clause: Evasion items are banned
|rule|Evasion Moves Clause: Evasion moves are banned
|rule|Evasion Abilities Clause: Evasion abilities are banned
|rule|Sleep Moves Clause: Sleep-inducing moves are banned
|clearpoke
|poke|p1|Tyranitar, M|
|poke|p1|Zapdos|
|poke|p1|Weezing-Galar, F|
|poke|p1|Kyurem|
|poke|p1|Ogerpon-Wellspring, F|
|poke|p1|Dragonite, F|
|poke|p2|Clodsire, M|
|poke|p2|Ambipom, F|
|poke|p2|Kingambit, M|
|poke|p2|Frosmoth, F|
|poke|p2|Rotom-Wash|
|poke|p2|Rillaboom, F|
|teampreview
|inactive|Battle timer is ON: inactive players will automatically lose when time's up. (requested by ghkliufxcbnkhgdccc)
|
|t:|1779610100
|teamsize|p1|6
|teamsize|p2|6
|start
|switch|p1a: Dragonite|Dragonite, F|100/100
|switch|p2a: Ambipom|Ambipom, F|100/100
|turn|1
|
|t:|1779610102
|move|p2a: Ambipom|Fake Out|p1a: Dragonite
|-damage|p1a: Dragonite|86/100
|cant|p1a: Dragonite|flinch
|
|upkeep
|turn|2
|
|t:|1779610107
|move|p2a: Ambipom|U-turn|p1a: Dragonite
|-resisted|p1a: Dragonite
|-damage|p1a: Dragonite|75/100
|
|t:|1779610108
|switch|p2a: Frosmoth|Frosmoth, F|100/100|[from] U-turn
|move|p1a: Dragonite|Dragon Dance|p1a: Dragonite
|-boost|p1a: Dragonite|atk|1
|-boost|p1a: Dragonite|spe|1
|
|upkeep
|turn|3
|
|t:|1779610114
|move|p1a: Dragonite|Dragon Dance|p1a: Dragonite
|-boost|p1a: Dragonite|atk|1
|-boost|p1a: Dragonite|spe|1
|move|p2a: Frosmoth|Quiver Dance|p2a: Frosmoth
|-boost|p2a: Frosmoth|spa|1
|-boost|p2a: Frosmoth|spd|1
|-boost|p2a: Frosmoth|spe|1
|
|upkeep
|turn|4
|
|t:|1779610117
|-terastallize|p1a: Dragonite|Normal
|move|p1a: Dragonite|Extreme Speed|p2a: Frosmoth
|-damage|p2a: Frosmoth|0 fnt
|faint|p2a: Frosmoth
|
|upkeep
|
|t:|1779610129
|switch|p2a: Kingambit|Kingambit, M|100/100
|-activate|p2a: Kingambit|ability: Supreme Overlord
|-start|p2a: Kingambit|fallen1|[silent]
|turn|5
|
|t:|1779610131
|-terastallize|p2a: Kingambit|Ghost
|move|p1a: Dragonite|Earthquake|p2a: Kingambit
|-damage|p2a: Kingambit|40/100
|move|p2a: Kingambit|Swords Dance|p2a: Kingambit
|-boost|p2a: Kingambit|atk|2
|
|upkeep
|turn|6
|
|t:|1779610139
|move|p2a: Kingambit|Sucker Punch|p1a: Dragonite
|-damage|p1a: Dragonite|0 fnt
|faint|p1a: Dragonite
|
|upkeep
|
|t:|1779610143
|switch|p1a: Ogerpon|Ogerpon-Wellspring, F|100/100
|turn|7
|
|t:|1779610150
|-end|p2a: Kingambit|fallen1|[silent]
|switch|p2a: Rillaboom|Rillaboom, F|100/100
|-fieldstart|move: Grassy Terrain|[from] ability: Grassy Surge|[of] p2a: Rillaboom
|move|p1a: Ogerpon|Encore||[still]
|-fail|p1a: Ogerpon
|
|upkeep
|turn|8
|
|t:|1779610159
|switch|p1a: Zapdos|Zapdos|100/100
|move|p2a: Rillaboom|U-turn|p1a: Zapdos
|-resisted|p1a: Zapdos
|-damage|p1a: Zapdos|86/100
|-damage|p2a: Rillaboom|91/100|[from] item: Life Orb
|
|t:|1779610169
|switch|p2a: Rotom|Rotom-Wash|100/100|[from] U-turn
|
|upkeep
|turn|9
|
|t:|1779610176
|move|p2a: Rotom|Volt Switch|p1a: Zapdos
|-damage|p1a: Zapdos|62/100
|
|t:|1779610182
|switch|p2a: Clodsire|Clodsire, M|100/100|[from] Volt Switch
|move|p1a: Zapdos|Volt Switch|p2a: Clodsire
|-immune|p2a: Clodsire
|
|upkeep
|turn|10
|
|t:|1779610189
|switch|p1a: Tyranitar|Tyranitar, M|100/100
|-weather|Sandstorm|[from] ability: Sand Stream|[of] p1a: Tyranitar
|move|p2a: Clodsire|Stealth Rock|p1a: Tyranitar
|-sidestart|p1: ghkliufxcbnkhgdccc|move: Stealth Rock
|
|-weather|Sandstorm|[upkeep]
|upkeep
|turn|11
|
|t:|1779610212
|move|p1a: Tyranitar|Knock Off|p2a: Clodsire
|-damage|p2a: Clodsire|57/100
|-enditem|p2a: Clodsire|Black Sludge|[from] move: Knock Off|[of] p1a: Tyranitar
|move|p2a: Clodsire|Toxic|p1a: Tyranitar
|-status|p1a: Tyranitar|tox
|
|-weather|Sandstorm|[upkeep]
|-heal|p2a: Clodsire|63/100|[from] Grassy Terrain
|-damage|p1a: Tyranitar|94/100 tox|[from] psn
|-fieldend|move: Grassy Terrain
|upkeep
|turn|12
|
|t:|1779610220
|move|p2a: Clodsire|Protect|p2a: Clodsire
|-singleturn|p2a: Clodsire|Protect
|move|p1a: Tyranitar|Earthquake|p2a: Clodsire
|-activate|p2a: Clodsire|move: Protect
|
|-weather|Sandstorm|[upkeep]
|-damage|p1a: Tyranitar|82/100 tox|[from] psn
|upkeep
|turn|13
|
|t:|1779610226
|switch|p2a: Rotom|Rotom-Wash|100/100
|move|p1a: Tyranitar|Knock Off|p2a: Rotom
|-damage|p2a: Rotom|40/100
|-enditem|p2a: Rotom|Leftovers|[from] move: Knock Off|[of] p1a: Tyranitar
|
|-weather|Sandstorm|[upkeep]
|-damage|p2a: Rotom|33/100|[from] Sandstorm
|-damage|p1a: Tyranitar|63/100 tox|[from] psn
|upkeep
|turn|14
|
|t:|1779610237
|switch|p2a: Clodsire|Clodsire, M|63/100
|move|p1a: Tyranitar|Knock Off|p2a: Clodsire
|-damage|p2a: Clodsire|36/100
|
|-weather|none
|-damage|p1a: Tyranitar|39/100 tox|[from] psn
|upkeep
|turn|15
|
|t:|1779610243
|switch|p1a: Kyurem|Kyurem|100/100
|-damage|p1a: Kyurem|76/100|[from] Stealth Rock
|-ability|p1a: Kyurem|Pressure
|move|p2a: Clodsire|Recover|p2a: Clodsire
|-heal|p2a: Clodsire|86/100
|
|upkeep
|turn|16
|
|t:|1779610250
|move|p1a: Kyurem|Earth Power|p2a: Clodsire
|-supereffective|p2a: Clodsire
|-damage|p2a: Clodsire|50/100
|move|p2a: Clodsire|Toxic|p1a: Kyurem
|-status|p1a: Kyurem|tox
|
|-damage|p1a: Kyurem|70/100 tox|[from] psn
|upkeep
|turn|17
|
|t:|1779610259
|switch|p1a: Weezing|Weezing-Galar, F|100/100
|-ability|p1a: Weezing|Neutralizing Gas
|-damage|p1a: Weezing|88/100|[from] Stealth Rock
|move|p2a: Clodsire|Protect||[still]
|-fail|p2a: Clodsire
|
|-heal|p1a: Weezing|94/100|[from] item: Black Sludge
|upkeep
|turn|18
|
|t:|1779610268
|switch|p2a: Kingambit|Kingambit, M, tera:Ghost|40/100
|move|p1a: Weezing|Defog|p2a: Kingambit
|-unboost|p2a: Kingambit|evasion|1
|-sideend|p1: ghkliufxcbnkhgdccc|Stealth Rock|[from] move: Defog|[of] p1a: Weezing
|
|-heal|p1a: Weezing|99/100|[from] item: Black Sludge
|upkeep
|turn|19
|
|t:|1779610272
|move|p1a: Weezing|Will-O-Wisp|p2a: Kingambit
|-status|p2a: Kingambit|brn
|move|p2a: Kingambit|Iron Head|p1a: Weezing
|-supereffective|p1a: Weezing
|-damage|p1a: Weezing|72/100
|
|-heal|p1a: Weezing|78/100|[from] item: Black Sludge
|-damage|p2a: Kingambit|34/100 brn|[from] brn
|upkeep
|turn|20
|
|t:|1779610279
|move|p1a: Weezing|Sludge Bomb|p2a: Kingambit
|-resisted|p2a: Kingambit
|-damage|p2a: Kingambit|21/100 brn
|move|p2a: Kingambit|Iron Head|p1a: Weezing
|-supereffective|p1a: Weezing
|-damage|p1a: Weezing|48/100
|
|-heal|p1a: Weezing|54/100|[from] item: Black Sludge
|-damage|p2a: Kingambit|15/100 brn|[from] brn
|upkeep
|turn|21
|
|t:|1779610284
|move|p1a: Weezing|Sludge Bomb|p2a: Kingambit
|-resisted|p2a: Kingambit
|-damage|p2a: Kingambit|1/100 brn
|move|p2a: Kingambit|Iron Head|p1a: Weezing
|-supereffective|p1a: Weezing
|-damage|p1a: Weezing|24/100
|
|-heal|p1a: Weezing|30/100|[from] item: Black Sludge
|-damage|p2a: Kingambit|0 fnt|[from] brn
|faint|p2a: Kingambit
|-end|p2a: Kingambit|fallenundefined|[silent]
|upkeep
|
|t:|1779610307
|switch|p2a: Rotom|Rotom-Wash|33/100
|turn|22
|
|t:|1779610311
|-end|p1a: Weezing|ability: Neutralizing Gas
|switch|p1a: Zapdos|Zapdos|62/100
|move|p2a: Rotom|Hydro Pump|p1a: Zapdos
|-damage|p1a: Zapdos|24/100
|
|upkeep
|turn|23
|
|t:|1779610326
|switch|p1a: Tyranitar|Tyranitar, M|39/100 tox
|-weather|Sandstorm|[from] ability: Sand Stream|[of] p1a: Tyranitar
|move|p2a: Rotom|Thunderbolt|p1a: Tyranitar
|-damage|p1a: Tyranitar|26/100 tox
|
|-weather|Sandstorm|[upkeep]
|-damage|p2a: Rotom|27/100|[from] Sandstorm
|-damage|p1a: Tyranitar|20/100 tox|[from] psn
|upkeep
|turn|24
|
|t:|1779610342
|move|p2a: Rotom|Hydro Pump|p1a: Tyranitar
|-supereffective|p1a: Tyranitar
|-damage|p1a: Tyranitar|0 fnt
|faint|p1a: Tyranitar
|
|-weather|Sandstorm|[upkeep]
|-damage|p2a: Rotom|21/100|[from] Sandstorm
|upkeep
|
|t:|1779610349
|switch|p1a: Ogerpon|Ogerpon-Wellspring, F|100/100
|turn|25
|
|t:|1779610357
|move|p1a: Ogerpon|Swords Dance|p1a: Ogerpon
|-boost|p1a: Ogerpon|atk|2
|move|p2a: Rotom|Will-O-Wisp|p1a: Ogerpon
|-status|p1a: Ogerpon|brn
|
|-weather|Sandstorm|[upkeep]
|-damage|p1a: Ogerpon|95/100 brn|[from] Sandstorm
|-damage|p2a: Rotom|15/100|[from] Sandstorm
|-damage|p1a: Ogerpon|89/100 brn|[from] brn
|upkeep
|turn|26
|
|t:|1779610361
|switch|p2a: Rillaboom|Rillaboom, F|91/100
|-fieldstart|move: Grassy Terrain|[from] ability: Grassy Surge|[of] p2a: Rillaboom
|move|p1a: Ogerpon|Swords Dance|p1a: Ogerpon
|-boost|p1a: Ogerpon|atk|2
|
|-weather|Sandstorm|[upkeep]
|-damage|p1a: Ogerpon|83/100 brn|[from] Sandstorm
|-damage|p2a: Rillaboom|84/100|[from] Sandstorm
|-heal|p1a: Ogerpon|89/100 brn|[from] Grassy Terrain
|-heal|p2a: Rillaboom|91/100|[from] Grassy Terrain
|-damage|p1a: Ogerpon|83/100 brn|[from] brn
|upkeep
|turn|27
|
|t:|1779610366
|move|p1a: Ogerpon|Ivy Cudgel|p2a: Rillaboom|[anim] Ivy Cudgel Water
|-resisted|p2a: Rillaboom
|-damage|p2a: Rillaboom|38/100
|move|p2a: Rillaboom|Swords Dance|p2a: Rillaboom
|-boost|p2a: Rillaboom|atk|2
|
|-weather|none
|-heal|p1a: Ogerpon|89/100 brn|[from] Grassy Terrain
|-heal|p2a: Rillaboom|44/100|[from] Grassy Terrain
|-damage|p1a: Ogerpon|83/100 brn|[from] brn
|upkeep
|turn|28
|
|t:|1779610373
|move|p2a: Rillaboom|Grassy Glide|p1a: Ogerpon
|-damage|p1a: Ogerpon|0 fnt
|faint|p1a: Ogerpon
|-damage|p2a: Rillaboom|35/100|[from] item: Life Orb
|
|-heal|p2a: Rillaboom|41/100|[from] Grassy Terrain
|upkeep
|
|t:|1779610377
|switch|p1a: Zapdos|Zapdos|24/100
|turn|29
|-message|ghkliufxcbnkhgdccc forfeited.
|
|win|Minnesotaaa
|raw|ghkliufxcbnkhgdccc's rating: 1302 &rarr; <strong>1280</strong><br />(-22 for losing)
|raw|Minnesotaaa's rating: 1259 &rarr; <strong>1287</strong><br />(+28 for winning)
|l|☆ghkliufxcbnkhgdccc
|player|p1|
|l|☆Minnesotaaa
|player|p2|
