|j|☆lol_nymbus
|j|☆Eduardo3321
|t:|1779649398
|gametype|singles
|player|p1|lol_nymbus|266|1219
|player|p2|Eduardo3321|volkner|1257
|gen|9
|tier|[Gen 9] OU
|rated|
|rule|HP Percentage Mod: HP is shown in percentages
|rule|Endless Battle Clause: Forcing endless battles is banned
|rule|Species Clause: Limit one of each Pokémon
|rule|OHKO Clause: OHKO moves are banned
|rule|Evasion Items Clause: Evasion items are banned
|rule|Evasion Moves Clause: Evasion moves are banned
|rule|Evasion Abilities Clause: Evasion abilities are banned
|rule|Sleep Moves Clause: Sleep-inducing moves are banned
|clearpoke
|poke|p1|Torkoal, F|
|poke|p1|Raging Bolt|
|poke|p1|Walking Wake|
|poke|p1|Great Tusk|
|poke|p1|Hatterene, F|
|poke|p1|Slither Wing|
|poke|p2|Grimmsnarl, M|
|poke|p2|Dragapult, M|
|poke|p2|Kingambit, F|
|poke|p2|Great Tusk|
|poke|p2|Zamazenta-*|
|poke|p2|Rillaboom, F|
|teampreview
|
|t:|1779649434
|teamsize|p1|6
|teamsize|p2|6
|start
|switch|p1a: Slither Wing|Slither Wing, shiny|100/100
|switch|p2a: Grimmsnarl|Grimmsnarl, M|100/100
|turn|1
|
|t:|1779649447
|move|p1a: Slither Wing|First Impression|p2a: Grimmsnarl
|-damage|p2a: Grimmsnarl|62/100
|move|p2a: Grimmsnarl|Reflect|p2a: Grimmsnarl
|-sidestart|p2: Eduardo3321|Reflect
|
|upkeep
|turn|2
|
|t:|1779649453
|move|p2a: Grimmsnarl|Parting Shot|p1a: Slither Wing
|-unboost|p1a: Slither Wing|atk|1
|-unboost|p1a: Slither Wing|spa|1
|
|t:|1779649456
|switch|p2a: Zamazenta|Zamazenta|100/100|[from] Parting Shot
|-ability|p2a: Zamazenta|Dauntless Shield|boost
|-boost|p2a: Zamazenta|def|1
|move|p1a: Slither Wing|U-turn|p2a: Zamazenta
|-resisted|p2a: Zamazenta
|-damage|p2a: Zamazenta|98/100
|
|t:|1779649469
|-end|p1a: Slither Wing|Protosynthesis|[silent]
|switch|p1a: Maturin|Torkoal, F, shiny|100/100|[from] U-turn
|-weather|SunnyDay|[from] ability: Drought|[of] p1a: Maturin
|
|-weather|SunnyDay|[upkeep]
|-heal|p2a: Zamazenta|100/100|[from] item: Leftovers
|upkeep
|turn|3
|
|t:|1779649486
|move|p2a: Zamazenta|Iron Defense|p2a: Zamazenta
|-boost|p2a: Zamazenta|def|2
|move|p1a: Maturin|Overheat|p2a: Zamazenta
|-damage|p2a: Zamazenta|52/100
|-unboost|p1a: Maturin|spa|2
|
|-weather|SunnyDay|[upkeep]
|-heal|p2a: Zamazenta|58/100|[from] item: Leftovers
|upkeep
|turn|4
|
|t:|1779649495
|switch|p1a: Hatterene|Hatterene, F, shiny|100/100
|move|p2a: Zamazenta|Substitute|p2a: Zamazenta
|-start|p2a: Zamazenta|Substitute
|-damage|p2a: Zamazenta|33/100
|
|-weather|SunnyDay|[upkeep]
|-heal|p2a: Zamazenta|39/100|[from] item: Leftovers
|upkeep
|turn|5
|
|t:|1779649510
|move|p2a: Zamazenta|Body Press|p1a: Hatterene
|-resisted|p1a: Hatterene
|-damage|p1a: Hatterene|84/100
|-enditem|p1a: Hatterene|Eject Button
|
|t:|1779649520
|switch|p1a: Walking Wake|Walking Wake|100/100
|-activate|p1a: Walking Wake|ability: Protosynthesis
|-start|p1a: Walking Wake|protosynthesisspe
|
|-weather|SunnyDay|[upkeep]
|-heal|p2a: Zamazenta|45/100|[from] item: Leftovers
|upkeep
|turn|6
|
|t:|1779649535
|move|p1a: Walking Wake|Hydro Steam|p2a: Zamazenta
|-end|p2a: Zamazenta|Substitute
|move|p2a: Zamazenta|Body Press|p1a: Walking Wake
|-damage|p1a: Walking Wake|3/100
|
|-weather|SunnyDay|[upkeep]
|-heal|p2a: Zamazenta|52/100|[from] item: Leftovers
|upkeep
|turn|7
|inactive|Battle timer is ON: inactive players will automatically lose when time's up. (requested by lol_nymbus)
|
|t:|1779649586
|move|p1a: Walking Wake|Hydro Steam|p2a: Zamazenta
|-damage|p2a: Zamazenta|0 fnt
|faint|p2a: Zamazenta
|
|-weather|SunnyDay|[upkeep]
|upkeep
|
|t:|1779649597
|switch|p2a: Rillaboom|Rillaboom, F|100/100
|-fieldstart|move: Grassy Terrain|[from] ability: Grassy Surge|[of] p2a: Rillaboom
|turn|8
|
|t:|1779649603
|-end|p1a: Walking Wake|Protosynthesis|[silent]
|switch|p1a: Slither Wing|Slither Wing, shiny|100/100
|-activate|p1a: Slither Wing|ability: Protosynthesis
|-start|p1a: Slither Wing|protosynthesisatk
|move|p2a: Rillaboom|Grassy Glide|p1a: Slither Wing
|-resisted|p1a: Slither Wing
|-damage|p1a: Slither Wing|77/100
|-damage|p2a: Rillaboom|84/100|[from] item: Rocky Helmet|[of] p1a: Slither Wing
|
|-weather|SunnyDay|[upkeep]
|-heal|p2a: Rillaboom|90/100|[from] Grassy Terrain
|-heal|p1a: Slither Wing|83/100|[from] Grassy Terrain
|-sideend|p2: Eduardo3321|Reflect
|upkeep
|turn|9
|
|t:|1779649612
|switch|p2a: Grimmsnarl|Grimmsnarl, M|62/100
|move|p1a: Slither Wing|First Impression|p2a: Grimmsnarl
|-damage|p2a: Grimmsnarl|9/100
|
|-weather|none
|-end|p1a: Slither Wing|Protosynthesis
|-heal|p1a: Slither Wing|89/100|[from] Grassy Terrain
|-heal|p2a: Grimmsnarl|15/100|[from] Grassy Terrain
|upkeep
|turn|10
|
|t:|1779649637
|move|p2a: Grimmsnarl|Parting Shot|p1a: Slither Wing
|-unboost|p1a: Slither Wing|atk|1
|-unboost|p1a: Slither Wing|spa|1
|
|t:|1779649647
|switch|p2a: Rillaboom|Rillaboom, F|90/100|[from] Parting Shot
|move|p1a: Slither Wing|U-turn|p2a: Rillaboom
|-supereffective|p2a: Rillaboom
|-damage|p2a: Rillaboom|50/100
|
|t:|1779649651
|-end|p1a: Slither Wing|Protosynthesis|[silent]
|switch|p1a: Maturin|Torkoal, F, shiny|100/100|[from] U-turn
|-weather|SunnyDay|[from] ability: Drought|[of] p1a: Maturin
|
|-weather|SunnyDay|[upkeep]
|-heal|p2a: Rillaboom|56/100|[from] Grassy Terrain
|upkeep
|turn|11
|
|t:|1779649656
|move|p2a: Rillaboom|Low Kick|p1a: Maturin
|-damage|p1a: Maturin|75/100
|move|p1a: Maturin|Overheat|p2a: Rillaboom
|-supereffective|p2a: Rillaboom
|-damage|p2a: Rillaboom|0 fnt
|-unboost|p1a: Maturin|spa|2
|faint|p2a: Rillaboom
|
|-weather|SunnyDay|[upkeep]
|-heal|p1a: Maturin|82/100|[from] Grassy Terrain
|upkeep
|
|t:|1779649663
|switch|p2a: Grimmsnarl|Grimmsnarl, M|15/100
|turn|12
|
|t:|1779649669
|move|p2a: Grimmsnarl|Reflect|p2a: Grimmsnarl
|-sidestart|p2: Eduardo3321|Reflect
|move|p1a: Maturin|Body Press|p2a: Grimmsnarl
|-damage|p2a: Grimmsnarl|0 fnt
|faint|p2a: Grimmsnarl
|
|-weather|SunnyDay|[upkeep]
|-heal|p1a: Maturin|88/100|[from] Grassy Terrain
|-fieldend|move: Grassy Terrain
|upkeep
|
|t:|1779649679
|switch|p2a: Great Tusk|Great Tusk|100/100
|-activate|p2a: Great Tusk|ability: Protosynthesis
|-start|p2a: Great Tusk|protosynthesisspe
|turn|13
|
|t:|1779649687
|switch|p1a: Great Tusk|Great Tusk, shiny|100/100
|-activate|p1a: Great Tusk|ability: Protosynthesis
|-start|p1a: Great Tusk|protosynthesisatk
|move|p2a: Great Tusk|Headlong Rush|p1a: Great Tusk
|-damage|p1a: Great Tusk|64/100
|-unboost|p2a: Great Tusk|def|1
|-unboost|p2a: Great Tusk|spd|1
|
|-weather|SunnyDay|[upkeep]
|upkeep
|turn|14
|
|t:|1779649697
|move|p2a: Great Tusk|Ice Spinner|p1a: Great Tusk
|-supereffective|p1a: Great Tusk
|-damage|p1a: Great Tusk|31/100
|move|p1a: Great Tusk|Ice Spinner|p2a: Great Tusk
|-supereffective|p2a: Great Tusk
|-damage|p2a: Great Tusk|60/100
|
|-weather|SunnyDay|[upkeep]
|upkeep
|turn|15
|
|t:|1779649726
|move|p2a: Great Tusk|Ice Spinner|p1a: Great Tusk
|-supereffective|p1a: Great Tusk
|-damage|p1a: Great Tusk|0 fnt
|faint|p1a: Great Tusk
|-end|p1a: Great Tusk|Protosynthesis|[silent]
|
|-weather|SunnyDay|[upkeep]
|upkeep
|
|t:|1779649737
|switch|p1a: Slither Wing|Slither Wing, shiny|89/100
|-activate|p1a: Slither Wing|ability: Protosynthesis
|-start|p1a: Slither Wing|protosynthesisatk
|turn|16
|
|t:|1779649750
|move|p2a: Great Tusk|Headlong Rush|p1a: Slither Wing
|-resisted|p1a: Slither Wing
|-damage|p1a: Slither Wing|69/100
|-unboost|p2a: Great Tusk|def|1
|-unboost|p2a: Great Tusk|spd|1
|-damage|p2a: Great Tusk|43/100|[from] item: Rocky Helmet|[of] p1a: Slither Wing
|move|p1a: Slither Wing|Will-O-Wisp|p2a: Great Tusk|[miss]
|-miss|p1a: Slither Wing|p2a: Great Tusk
|
|-weather|SunnyDay|[upkeep]
|upkeep
|turn|17
|inactive|Eduardo3321 has 120 seconds left.
|
|t:|1779649777
|-end|p2a: Great Tusk|Protosynthesis|[silent]
|switch|p2a: Dragapult|Dragapult, M|100/100
|move|p1a: Slither Wing|Will-O-Wisp|p2a: Dragapult
|-status|p2a: Dragapult|brn
|
|-weather|none
|-end|p1a: Slither Wing|Protosynthesis
|-damage|p2a: Dragapult|95/100 brn|[from] brn
|upkeep
|turn|18
|inactive|Eduardo3321 has 120 seconds left.
|-message|Eduardo3321 forfeited.
|
|win|lol_nymbus
|raw|lol_nymbus's rating: 1219 &rarr; <strong>1248</strong><br />(+29 for winning)
|raw|Eduardo3321's rating: 1279 &rarr; <strong>1250</strong><br />(-29 for losing)
|l|☆Eduardo3321
|player|p2|
