|j|☆Team10thPlanet
|j|☆Surged Up diva
|t:|1779665248
|gametype|singles
|player|p1|Team10thPlanet|veteran|1627
|player|p2|Surged Up diva|2|1580
|gen|9
|tier|[Gen 9] OU
|rated|
|rule|HP Percentage Mod: HP is shown in percentages
|rule|Endless Battle Clause: Forcing endless battles is banned
|rule|Species Clause: Limit one of each Pokémon
|rule|OHKO Clause: OHKO moves are banned
|rule|Evasion Items Clause: Evasion items are banned
|rule|Evasion Moves Clause: Evasion moves are banned
|rule|Evasion Abilities Clause: Evasion abilities are banned
|rule|Sleep Moves Clause: Sleep-inducing moves are banned
|clearpoke
|poke|p1|Zamazenta-*|
|poke|p1|Dragonite, M|
|poke|p1|Araquanid, M|
|poke|p1|Iron Treads|
|poke|p1|Raikou|
|poke|p1|Hoopa-Unbound|
|poke|p2|Ogerpon-Wellspring, F|
|poke|p2|Garganacl, M|
|poke|p2|Gliscor, F|
|poke|p2|Slowking-Galar, F|
|poke|p2|Zamazenta-*|
|poke|p2|Mandibuzz, F|
|teampreview
|
|t:|1779665285
|teamsize|p1|6
|teamsize|p2|6
|start
|switch|p1a: Diego ⚡️|Raikou|100/100
|switch|p2a: Ogerpon|Ogerpon-Wellspring, F|100/100
|-ability|p1a: Diego ⚡️|Pressure
|turn|1
|
|t:|1779665304
|switch|p2a: Gliscor|Gliscor, F|100/100
|-terastallize|p1a: Diego ⚡️|Electric
|move|p1a: Diego ⚡️|Thunderbolt|p2a: Gliscor
|-immune|p2a: Gliscor
|
|-status|p2a: Gliscor|tox|[from] item: Toxic Orb
|upkeep
|turn|2
|
|t:|1779665318
|switch|p1a: Johnny Tsunami 🌊|Araquanid, M|100/100
|move|p2a: Gliscor|Knock Off|p1a: Johnny Tsunami 🌊
|-damage|p1a: Johnny Tsunami 🌊|76/100
|-enditem|p1a: Johnny Tsunami 🌊|Custap Berry|[from] move: Knock Off|[of] p2a: Gliscor
|
|upkeep
|turn|3
|
|t:|1779665330
|switch|p2a: Mandibuzz|Mandibuzz, F|100/100
|move|p1a: Johnny Tsunami 🌊|Sticky Web|p2a: Mandibuzz
|-sidestart|p2: Surged Up diva|move: Sticky Web
|
|upkeep
|turn|4
|
|t:|1779665337
|move|p2a: Mandibuzz|Toxic|p1a: Johnny Tsunami 🌊
|-status|p1a: Johnny Tsunami 🌊|tox
|move|p1a: Johnny Tsunami 🌊|Surf|p2a: Mandibuzz
|-damage|p2a: Mandibuzz|56/100
|
|-damage|p1a: Johnny Tsunami 🌊|70/100 tox|[from] psn
|upkeep
|turn|5
|
|t:|1779665349
|move|p2a: Mandibuzz|Defog|p1a: Johnny Tsunami 🌊
|-unboost|p1a: Johnny Tsunami 🌊|evasion|1
|-sideend|p2: Surged Up diva|Sticky Web|[from] move: Defog|[of] p2a: Mandibuzz
|move|p1a: Johnny Tsunami 🌊|Sticky Web|p2a: Mandibuzz
|-sidestart|p2: Surged Up diva|move: Sticky Web
|
|-damage|p1a: Johnny Tsunami 🌊|58/100 tox|[from] psn
|upkeep
|turn|6
|
|t:|1779665357
|move|p2a: Mandibuzz|Roost|p2a: Mandibuzz
|-heal|p2a: Mandibuzz|100/100
|-singleturn|p2a: Mandibuzz|move: Roost
|move|p1a: Johnny Tsunami 🌊|Surf|p2a: Mandibuzz
|-damage|p2a: Mandibuzz|52/100
|
|-damage|p1a: Johnny Tsunami 🌊|39/100 tox|[from] psn
|upkeep
|turn|7
|
|t:|1779665370
|move|p2a: Mandibuzz|Roost|p2a: Mandibuzz
|-heal|p2a: Mandibuzz|100/100
|-singleturn|p2a: Mandibuzz|move: Roost
|move|p1a: Johnny Tsunami 🌊|Surf|p2a: Mandibuzz
|-damage|p2a: Mandibuzz|51/100
|
|-damage|p1a: Johnny Tsunami 🌊|14/100 tox|[from] psn
|upkeep
|turn|8
|
|t:|1779665385
|move|p2a: Mandibuzz|Roost|p2a: Mandibuzz
|-heal|p2a: Mandibuzz|100/100
|-singleturn|p2a: Mandibuzz|move: Roost
|move|p1a: Johnny Tsunami 🌊|Surf|p2a: Mandibuzz
|-damage|p2a: Mandibuzz|54/100
|
|-damage|p1a: Johnny Tsunami 🌊|0 fnt|[from] psn
|faint|p1a: Johnny Tsunami 🌊
|upkeep
|
|t:|1779665407
|switch|p1a: Zamazenta|Zamazenta|100/100
|-ability|p1a: Zamazenta|Dauntless Shield|boost
|-boost|p1a: Zamazenta|def|1
|turn|9
|
|t:|1779665430
|switch|p1a: Iron Treads|Iron Treads|100/100
|-enditem|p1a: Iron Treads|Booster Energy
|-activate|p1a: Iron Treads|ability: Quark Drive|[fromitem]
|-start|p1a: Iron Treads|quarkdrivespe
|move|p2a: Mandibuzz|Toxic|p1a: Iron Treads|[miss]
|-miss|p2a: Mandibuzz|p1a: Iron Treads
|
|upkeep
|turn|10
|
|t:|1779665439
|move|p1a: Iron Treads|Knock Off|p2a: Mandibuzz
|-resisted|p2a: Mandibuzz
|-damage|p2a: Mandibuzz|44/100
|-enditem|p2a: Mandibuzz|Heavy-Duty Boots|[from] move: Knock Off|[of] p1a: Iron Treads
|move|p2a: Mandibuzz|Defog|p1a: Iron Treads
|-unboost|p1a: Iron Treads|evasion|1
|-sideend|p2: Surged Up diva|Sticky Web|[from] move: Defog|[of] p2a: Mandibuzz
|
|upkeep
|turn|11
|
|t:|1779665450
|move|p1a: Iron Treads|Rapid Spin|p2a: Mandibuzz
|-damage|p2a: Mandibuzz|35/100
|-boost|p1a: Iron Treads|spe|1
|move|p2a: Mandibuzz|Roost|p2a: Mandibuzz
|-heal|p2a: Mandibuzz|86/100
|-singleturn|p2a: Mandibuzz|move: Roost
|
|upkeep
|turn|12
|
|t:|1779665486
|switch|p2a: Gliscor|Gliscor, F|100/100 tox
|move|p1a: Iron Treads|Knock Off|p2a: Gliscor
|-damage|p2a: Gliscor|75/100 tox
|-enditem|p2a: Gliscor|Toxic Orb|[from] move: Knock Off|[of] p1a: Iron Treads
|
|-heal|p2a: Gliscor|88/100 tox|[from] ability: Poison Heal
|upkeep
|turn|13
|
|t:|1779665517
|-end|p1a: Iron Treads|Quark Drive|[silent]
|switch|p1a: Zamazenta|Zamazenta|100/100
|move|p2a: Gliscor|Protect||[still]
|-fail|p2a: Gliscor
|
|-heal|p2a: Gliscor|99/100 tox|[from] ability: Poison Heal
|upkeep
|turn|14
|
|t:|1779665526
|move|p1a: Zamazenta|Ice Fang|p2a: Gliscor
|-supereffective|p2a: Gliscor
|-damage|p2a: Gliscor|0 fnt
|faint|p2a: Gliscor
|
|upkeep
|
|t:|1779665538
|switch|p2a: Garganacl|Garganacl, M|100/100
|turn|15
|
|t:|1779665548
|switch|p1a: Iron Treads|Iron Treads|100/100
|move|p2a: Garganacl|Salt Cure|p1a: Iron Treads
|-resisted|p1a: Iron Treads
|-crit|p1a: Iron Treads
|-damage|p1a: Iron Treads|96/100
|-start|p1a: Iron Treads|Salt Cure
|
|-damage|p1a: Iron Treads|71/100|[from] Salt Cure
|upkeep
|turn|16
|
|t:|1779665559
|switch|p2a: Mandibuzz|Mandibuzz, F|86/100
|move|p1a: Iron Treads|Knock Off|p2a: Mandibuzz
|-resisted|p2a: Mandibuzz
|-damage|p2a: Mandibuzz|80/100
|
|-damage|p1a: Iron Treads|46/100|[from] Salt Cure
|upkeep
|turn|17
|
|t:|1779665570
|move|p1a: Iron Treads|Endeavor|p2a: Mandibuzz
|-damage|p2a: Mandibuzz|35/100
|move|p2a: Mandibuzz|Knock Off|p1a: Iron Treads
|-damage|p1a: Iron Treads|34/100
|
|-damage|p1a: Iron Treads|9/100|[from] Salt Cure
|upkeep
|turn|18
|
|t:|1779665598
|-end|p1a: Iron Treads|Quark Drive|[silent]
|switch|p1a: Fat Boy|Dragonite, M, shiny|100/100
|move|p2a: Mandibuzz|Roost|p2a: Mandibuzz
|-heal|p2a: Mandibuzz|85/100
|-singleturn|p2a: Mandibuzz|move: Roost
|
|upkeep
|turn|19
|
|t:|1779665615
|switch|p1a: Iron Treads|Iron Treads|9/100
|move|p2a: Mandibuzz|Toxic|p1a: Iron Treads|[miss]
|-miss|p2a: Mandibuzz|p1a: Iron Treads
|
|upkeep
|turn|20
|
|t:|1779665623
|move|p1a: Iron Treads|Endeavor|p2a: Mandibuzz
|-damage|p2a: Mandibuzz|7/100
|move|p2a: Mandibuzz|Knock Off|p1a: Iron Treads
|-damage|p1a: Iron Treads|0 fnt
|faint|p1a: Iron Treads
|-end|p1a: Iron Treads|Quark Drive|[silent]
|
|upkeep
|
|t:|1779665637
|switch|p1a: Diego ⚡️|Raikou, tera:Electric|100/100
|-ability|p1a: Diego ⚡️|Pressure
|turn|21
|
|t:|1779665645
|move|p1a: Diego ⚡️|Thunderbolt|p2a: Mandibuzz
|-supereffective|p2a: Mandibuzz
|-damage|p2a: Mandibuzz|0 fnt
|faint|p2a: Mandibuzz
|
|upkeep
|
|t:|1779665654
|switch|p2a: Slowking|Slowking-Galar, F|100/100
|turn|22
|
|t:|1779665671
|move|p1a: Diego ⚡️|Thunderbolt|p2a: Slowking
|-damage|p2a: Slowking|51/100
|move|p2a: Slowking|Sludge Bomb|p1a: Diego ⚡️
|-damage|p1a: Diego ⚡️|63/100
|
|upkeep
|turn|23
|
|t:|1779665681
|move|p1a: Diego ⚡️|Thunderbolt|p2a: Slowking
|-damage|p2a: Slowking|0 fnt
|faint|p2a: Slowking
|
|upkeep
|
|t:|1779665686
|switch|p2a: Zamazenta|Zamazenta|100/100
|-ability|p2a: Zamazenta|Dauntless Shield|boost
|-boost|p2a: Zamazenta|def|1
|turn|24
|
|t:|1779665706
|move|p2a: Zamazenta|Close Combat|p1a: Diego ⚡️
|-damage|p1a: Diego ⚡️|0 fnt
|-unboost|p2a: Zamazenta|def|1
|-unboost|p2a: Zamazenta|spd|1
|faint|p1a: Diego ⚡️
|
|upkeep
|
|t:|1779665715
|switch|p1a: Hoopa|Hoopa-Unbound|100/100
|turn|25
|
|t:|1779665733
|switch|p2a: Garganacl|Garganacl, M|100/100
|move|p1a: Hoopa|Psychic|p2a: Garganacl
|-damage|p2a: Garganacl|58/100
|
|-heal|p2a: Garganacl|64/100|[from] item: Leftovers
|upkeep
|turn|26
|
|t:|1779665748
|switch|p1a: Zamazenta|Zamazenta|100/100
|move|p2a: Garganacl|Salt Cure|p1a: Zamazenta
|-resisted|p1a: Zamazenta
|-damage|p1a: Zamazenta|93/100
|-start|p1a: Zamazenta|Salt Cure
|
|-heal|p2a: Garganacl|70/100|[from] item: Leftovers
|-damage|p1a: Zamazenta|81/100|[from] Salt Cure
|upkeep
|turn|27
|
|t:|1779665759
|move|p2a: Garganacl|Protect|p2a: Garganacl
|-singleturn|p2a: Garganacl|Protect
|move|p1a: Zamazenta|Close Combat|p2a: Garganacl
|-activate|p2a: Garganacl|move: Protect
|
|-heal|p2a: Garganacl|76/100|[from] item: Leftovers
|-damage|p1a: Zamazenta|69/100|[from] Salt Cure
|upkeep
|turn|28
|
|t:|1779665769
|-terastallize|p2a: Garganacl|Fairy
|move|p1a: Zamazenta|Close Combat|p2a: Garganacl
|-resisted|p2a: Garganacl
|-damage|p2a: Garganacl|47/100
|-unboost|p1a: Zamazenta|def|1
|-unboost|p1a: Zamazenta|spd|1
|move|p2a: Garganacl|Salt Cure|p1a: Zamazenta
|-resisted|p1a: Zamazenta
|-damage|p1a: Zamazenta|60/100
|
|-heal|p2a: Garganacl|53/100|[from] item: Leftovers
|-damage|p1a: Zamazenta|47/100|[from] Salt Cure
|upkeep
|turn|29
|
|t:|1779665784
|switch|p1a: Hoopa|Hoopa-Unbound|100/100
|move|p2a: Garganacl|Recover|p2a: Garganacl
|-heal|p2a: Garganacl|100/100
|
|upkeep
|turn|30
|
|t:|1779665791
|move|p1a: Hoopa|Psychic|p2a: Garganacl
|-damage|p2a: Garganacl|63/100
|move|p2a: Garganacl|Salt Cure|p1a: Hoopa
|-damage|p1a: Hoopa|75/100
|-start|p1a: Hoopa|Salt Cure
|
|-heal|p2a: Garganacl|69/100|[from] item: Leftovers
|-damage|p1a: Hoopa|62/100|[from] Salt Cure
|upkeep
|turn|31
|
|t:|1779665829
|move|p1a: Hoopa|Psychic|p2a: Garganacl
|-damage|p2a: Garganacl|27/100
|move|p2a: Garganacl|Recover|p2a: Garganacl
|-heal|p2a: Garganacl|77/100
|
|-heal|p2a: Garganacl|84/100|[from] item: Leftovers
|-damage|p1a: Hoopa|50/100|[from] Salt Cure
|upkeep
|turn|32
|
|t:|1779665839
|move|p1a: Hoopa|Psychic|p2a: Garganacl
|-damage|p2a: Garganacl|43/100
|move|p2a: Garganacl|Salt Cure|p1a: Hoopa
|-damage|p1a: Hoopa|27/100
|
|-heal|p2a: Garganacl|50/100|[from] item: Leftovers
|-damage|p1a: Hoopa|14/100|[from] Salt Cure
|upkeep
|turn|33
|
|t:|1779665850
|switch|p1a: Zamazenta|Zamazenta|47/100
|move|p2a: Garganacl|Protect||[still]
|-fail|p2a: Garganacl
|
|-heal|p2a: Garganacl|56/100|[from] item: Leftovers
|upkeep
|turn|34
|
|t:|1779665866
|move|p2a: Garganacl|Protect|p2a: Garganacl
|-singleturn|p2a: Garganacl|Protect
|move|p1a: Zamazenta|Ice Fang|p2a: Garganacl
|-activate|p2a: Garganacl|move: Protect
|
|-heal|p2a: Garganacl|62/100|[from] item: Leftovers
|upkeep
|turn|35
|
|t:|1779665878
|move|p1a: Zamazenta|Ice Fang|p2a: Garganacl
|-damage|p2a: Garganacl|40/100
|move|p2a: Garganacl|Salt Cure|p1a: Zamazenta
|-resisted|p1a: Zamazenta
|-damage|p1a: Zamazenta|42/100
|-start|p1a: Zamazenta|Salt Cure
|
|-heal|p2a: Garganacl|46/100|[from] item: Leftovers
|-damage|p1a: Zamazenta|29/100|[from] Salt Cure
|upkeep
|turn|36
|
|t:|1779665892
|switch|p1a: Hoopa|Hoopa-Unbound|14/100
|move|p2a: Garganacl|Recover|p2a: Garganacl
|-heal|p2a: Garganacl|96/100
|
|-heal|p2a: Garganacl|100/100|[from] item: Leftovers
|upkeep
|turn|37
|
|t:|1779665910
|move|p1a: Hoopa|Destiny Bond|p1a: Hoopa
|-singlemove|p1a: Hoopa|Destiny Bond
|move|p2a: Garganacl|Salt Cure|p1a: Hoopa
|-damage|p1a: Hoopa|0 fnt
|faint|p1a: Hoopa
|-activate|p1a: Hoopa|move: Destiny Bond
|faint|p2a: Garganacl
|
|upkeep
|
|t:|1779665922
|switch|p1a: Zamazenta|Zamazenta|29/100
|switch|p2a: Zamazenta|Zamazenta|100/100
|turn|38
|
|t:|1779665930
|move|p2a: Zamazenta|Close Combat|p1a: Zamazenta
|-damage|p1a: Zamazenta|0 fnt
|-unboost|p2a: Zamazenta|def|1
|-unboost|p2a: Zamazenta|spd|1
|faint|p1a: Zamazenta
|
|upkeep
|
|t:|1779665936
|switch|p1a: Fat Boy|Dragonite, M, shiny|100/100
|turn|39
|
|t:|1779665944
|switch|p2a: Ogerpon|Ogerpon-Wellspring, F|100/100
|move|p1a: Fat Boy|Extreme Speed|p2a: Ogerpon
|-damage|p2a: Ogerpon|39/100
|
|upkeep
|turn|40
|
|t:|1779665956
|move|p1a: Fat Boy|Extreme Speed|p2a: Ogerpon
|-damage|p2a: Ogerpon|0 fnt
|faint|p2a: Ogerpon
|
|upkeep
|
|t:|1779665957
|switch|p2a: Zamazenta|Zamazenta|100/100
|turn|41
|
|t:|1779665964
|move|p1a: Fat Boy|Extreme Speed|p2a: Zamazenta
|-damage|p2a: Zamazenta|58/100
|move|p2a: Zamazenta|Stone Edge|p1a: Fat Boy
|-supereffective|p1a: Fat Boy
|-damage|p1a: Fat Boy|71/100
|
|upkeep
|turn|42
|
|t:|1779665972
|move|p1a: Fat Boy|Extreme Speed|p2a: Zamazenta
|-damage|p2a: Zamazenta|16/100
|move|p2a: Zamazenta|Stone Edge|p1a: Fat Boy
|-supereffective|p1a: Fat Boy
|-damage|p1a: Fat Boy|11/100
|
|upkeep
|turn|43
|
|t:|1779665980
|move|p1a: Fat Boy|Extreme Speed|p2a: Zamazenta
|-crit|p2a: Zamazenta
|-damage|p2a: Zamazenta|0 fnt
|faint|p2a: Zamazenta
|
|win|Team10thPlanet
|raw|Team10thPlanet's rating: 1627 &rarr; <strong>1644</strong><br />(+17 for winning)
|raw|Surged Up diva's rating: 1580 &rarr; <strong>1563</strong><br />(-17 for losing)
|l|☆Surged Up diva
|player|p2|
