|j|☆QD lol
|j|☆pigsnail
|t:|1779707609
|gametype|singles
|player|p1|QD lol|bugcatcher-gen4dp|1124
|player|p2|pigsnail|101|1149
|gen|9
|tier|[Gen 9] OU
|rated|
|rule|HP Percentage Mod: HP is shown in percentages
|rule|Endless Battle Clause: Forcing endless battles is banned
|rule|Species Clause: Limit one of each Pokémon
|rule|OHKO Clause: OHKO moves are banned
|rule|Evasion Items Clause: Evasion items are banned
|rule|Evasion Moves Clause: Evasion moves are banned
|rule|Evasion Abilities Clause: Evasion abilities are banned
|rule|Sleep Moves Clause: Sleep-inducing moves are banned
|clearpoke
|poke|p1|Dragalge, F|
|poke|p1|Crawdaunt, F|
|poke|p1|Rhyperior, F|
|poke|p1|Frosmoth, M|
|poke|p1|Electrode-Hisui|
|poke|p1|Hitmonlee, M|
|poke|p2|Ceruledge, F|
|poke|p2|Tornadus-Therian, M|
|poke|p2|Zamazenta-*|
|poke|p2|Kingambit, F|
|poke|p2|Great Tusk|
|poke|p2|Primarina, M|
|teampreview
|inactive|Battle timer is ON: inactive players will automatically lose when time's up. (requested by QD lol)
|
|t:|1779707641
|teamsize|p1|6
|teamsize|p2|6
|start
|switch|p1a: Electrode|Electrode-Hisui|100/100
|switch|p2a: Primarina|Primarina, M|100/100
|turn|1
|
|t:|1779707650
|-terastallize|p2a: Primarina|Steel
|move|p1a: Electrode|Giga Drain|p2a: Primarina
|-resisted|p2a: Primarina
|-damage|p2a: Primarina|86/100
|move|p2a: Primarina|Calm Mind|p2a: Primarina
|-boost|p2a: Primarina|spa|1
|-boost|p2a: Primarina|spd|1
|
|-heal|p2a: Primarina|93/100|[from] item: Leftovers
|upkeep
|turn|2
|
|t:|1779707658
|move|p1a: Electrode|Taunt|p2a: Primarina
|-start|p2a: Primarina|move: Taunt
|move|p2a: Primarina|Moonblast|p1a: Electrode
|-damage|p1a: Electrode|0 fnt
|faint|p1a: Electrode
|
|-heal|p2a: Primarina|99/100|[from] item: Leftovers
|upkeep
|
|t:|1779707667
|switch|p1a: Dragalge|Dragalge, F|100/100
|turn|3
|
|t:|1779707690
|move|p2a: Primarina|Surf|p1a: Dragalge
|-resisted|p1a: Dragalge
|-damage|p1a: Dragalge|79/100
|move|p1a: Dragalge|Thunderbolt|p2a: Primarina
|-damage|p2a: Primarina|81/100
|
|-heal|p2a: Primarina|87/100|[from] item: Leftovers
|upkeep
|turn|4
|
|t:|1779707702
|move|p2a: Primarina|Moonblast|p1a: Dragalge
|-damage|p1a: Dragalge|32/100
|move|p1a: Dragalge|Thunderbolt|p2a: Primarina
|-damage|p2a: Primarina|70/100
|
|-heal|p2a: Primarina|76/100|[from] item: Leftovers
|-end|p2a: Primarina|move: Taunt
|upkeep
|turn|5
|
|t:|1779707723
|move|p2a: Primarina|Moonblast|p1a: Dragalge
|-damage|p1a: Dragalge|0 fnt
|faint|p1a: Dragalge
|
|-heal|p2a: Primarina|82/100|[from] item: Leftovers
|upkeep
|
|t:|1779707730
|switch|p1a: Hitmonlee|Hitmonlee, M|100/100
|turn|6
|
|t:|1779707750
|move|p1a: Hitmonlee|Brick Break|p2a: Primarina
|-supereffective|p2a: Primarina
|-damage|p2a: Primarina|0 fnt
|faint|p2a: Primarina
|
|upkeep
|
|t:|1779707757
|switch|p2a: Ceruledge|Ceruledge, F|100/100
|turn|7
|
|t:|1779707765
|switch|p1a: Crawdaunt|Crawdaunt, F|100/100
|move|p2a: Ceruledge|Bulk Up|p2a: Ceruledge
|-boost|p2a: Ceruledge|atk|1
|-boost|p2a: Ceruledge|def|1
|
|upkeep
|turn|8
|
|t:|1779707771
|switch|p2a: Zamazenta|Zamazenta|100/100
|-ability|p2a: Zamazenta|Dauntless Shield|boost
|-boost|p2a: Zamazenta|def|1
|move|p1a: Crawdaunt|Knock Off|p2a: Zamazenta
|-resisted|p2a: Zamazenta
|-damage|p2a: Zamazenta|81/100
|-enditem|p2a: Zamazenta|Life Orb|[from] move: Knock Off|[of] p1a: Crawdaunt
|
|upkeep
|turn|9
|
|t:|1779707779
|switch|p1a: Frosmoth|Frosmoth, M|100/100
|move|p2a: Zamazenta|Heavy Slam|p1a: Frosmoth
|-supereffective|p1a: Frosmoth
|-damage|p1a: Frosmoth|0 fnt
|faint|p1a: Frosmoth
|
|upkeep
|
|t:|1779707787
|switch|p1a: Rhyperior|Rhyperior, F|100/100
|turn|10
|
|t:|1779707795
|move|p2a: Zamazenta|Close Combat|p1a: Rhyperior
|-supereffective|p1a: Rhyperior
|-damage|p1a: Rhyperior|50/100
|-unboost|p2a: Zamazenta|def|1
|-unboost|p2a: Zamazenta|spd|1
|-enditem|p1a: Rhyperior|Weakness Policy
|-boost|p1a: Rhyperior|atk|2|[from] item: Weakness Policy
|-boost|p1a: Rhyperior|spa|2|[from] item: Weakness Policy
|move|p1a: Rhyperior|Earthquake|p2a: Zamazenta
|-damage|p2a: Zamazenta|0 fnt
|faint|p2a: Zamazenta
|
|upkeep
|
|t:|1779707803
|switch|p2a: Great Tusk|Great Tusk|100/100
|turn|11
|
|t:|1779707808
|move|p2a: Great Tusk|Headlong Rush|p1a: Rhyperior
|-supereffective|p1a: Rhyperior
|-damage|p1a: Rhyperior|0 fnt
|-unboost|p2a: Great Tusk|def|1
|-unboost|p2a: Great Tusk|spd|1
|faint|p1a: Rhyperior
|
|upkeep
|
|t:|1779707815
|switch|p1a: Crawdaunt|Crawdaunt, F|100/100
|turn|12
|
|t:|1779707822
|move|p2a: Great Tusk|Headlong Rush|p1a: Crawdaunt
|-damage|p1a: Crawdaunt|19/100
|-unboost|p2a: Great Tusk|def|1
|-unboost|p2a: Great Tusk|spd|1
|move|p1a: Crawdaunt|Waterfall|p2a: Great Tusk
|-supereffective|p2a: Great Tusk
|-damage|p2a: Great Tusk|0 fnt
|faint|p2a: Great Tusk
|-end|p2a: Great Tusk|Protosynthesis|[silent]
|
|-heal|p1a: Crawdaunt|25/100|[from] item: Leftovers
|upkeep
|
|t:|1779707826
|switch|p2a: Tornadus|Tornadus-Therian, M, shiny|100/100
|turn|13
|
|t:|1779707833
|move|p1a: Crawdaunt|Aqua Jet|p2a: Tornadus
|-damage|p2a: Tornadus|68/100
|move|p2a: Tornadus|U-turn|p1a: Crawdaunt
|-supereffective|p1a: Crawdaunt
|-crit|p1a: Crawdaunt
|-damage|p1a: Crawdaunt|0 fnt
|faint|p1a: Crawdaunt
|
|t:|1779707836
|switch|p2a: Ceruledge|Ceruledge, F|100/100|[from] U-turn
|
|upkeep
|
|t:|1779707842
|switch|p1a: Hitmonlee|Hitmonlee, M|100/100
|turn|14
|
|t:|1779707846
|move|p1a: Hitmonlee|Sucker Punch||[still]
|-fail|p1a: Hitmonlee
|move|p2a: Ceruledge|Bulk Up|p2a: Ceruledge
|-boost|p2a: Ceruledge|atk|1
|-boost|p2a: Ceruledge|def|1
|
|upkeep
|turn|15
|-message|QD lol forfeited.
|
|win|pigsnail
|raw|QD lol's rating: 1124 &rarr; <strong>1101</strong><br />(-23 for losing)
|raw|pigsnail's rating: 1149 &rarr; <strong>1172</strong><br />(+23 for winning)
|l|☆QD lol
|player|p1|
|l|☆pigsnail
|player|p2|
