|inactive|Battle timer is ON: inactive players will automatically lose when time's up.
|t:|1779567161
|gametype|singles
|player|p1|John Kritter|chuck|
|player|p2|lolmy|steven-masters2|
|gen|9
|tier|[Gen 9] OU
|rule|HP Percentage Mod: HP is shown in percentages
|rule|Endless Battle Clause: Forcing endless battles is banned
|rule|Species Clause: Limit one of each Pokémon
|rule|OHKO Clause: OHKO moves are banned
|rule|Evasion Items Clause: Evasion items are banned
|rule|Evasion Moves Clause: Evasion moves are banned
|rule|Evasion Abilities Clause: Evasion abilities are banned
|rule|Sleep Moves Clause: Sleep-inducing moves are banned
|clearpoke
|poke|p1|Ninetales, F|
|poke|p1|Walking Wake|
|poke|p1|Slither Wing|
|poke|p1|Gholdengo|
|poke|p1|Great Tusk|
|poke|p1|Venusaur, M|
|poke|p2|Ninetales, F|
|poke|p2|Walking Wake|
|poke|p2|Hatterene, F|
|poke|p2|Great Tusk|
|poke|p2|Iron Moth|
|poke|p2|Ceruledge, F|
|teampreview
|c|☆lolmy|hf
|c|☆John Kritter|u2
|inactive|John Kritter has 270 seconds left.
|
|t:|1779567198
|teamsize|p1|6
|teamsize|p2|6
|start
|switch|p1a: Gholdengo|Gholdengo|100/100
|switch|p2a: Walking Wake|Walking Wake|100/100
|turn|1
|inactive|John Kritter has 270 seconds left.
|
|t:|1779567229
|-terastallize|p1a: Gholdengo|Ghost
|move|p1a: Gholdengo|Shadow Ball|p2a: Walking Wake
|-damage|p2a: Walking Wake|36/100
|move|p2a: Walking Wake|Flip Turn|p1a: Gholdengo
|-damage|p1a: Gholdengo|82/100
|
|t:|1779567239
|-end|p2a: Walking Wake|Protosynthesis|[silent]
|switch|p2a: Iron Moth|Iron Moth|100/100|[from] Flip Turn
|-enditem|p2a: Iron Moth|Booster Energy
|-activate|p2a: Iron Moth|ability: Quark Drive|[fromitem]
|-start|p2a: Iron Moth|quarkdrivespe
|
|upkeep
|turn|2
|
|t:|1779567253
|move|p2a: Iron Moth|Fiery Dance|p1a: Gholdengo
|-damage|p1a: Gholdengo|36/100
|-boost|p2a: Iron Moth|spa|1
|move|p1a: Gholdengo|Shadow Ball|p2a: Iron Moth
|-damage|p2a: Iron Moth|42/100
|
|upkeep
|turn|3
|inactive|John Kritter has 270 seconds left.
|
|t:|1779567269
|switch|p1a: Ninetales|Ninetales, F|100/100
|-weather|SunnyDay|[from] ability: Drought|[of] p1a: Ninetales
|move|p2a: Iron Moth|Fiery Dance|p1a: Ninetales
|-resisted|p1a: Ninetales
|-damage|p1a: Ninetales|54/100
|
|-weather|SunnyDay|[upkeep]
|upkeep
|turn|4
|inactive|John Kritter has 270 seconds left.
|inactive|John Kritter has 240 seconds left.
|
|t:|1779567322
|move|p2a: Iron Moth|Sludge Wave|p1a: Ninetales
|-damage|p1a: Ninetales|0 fnt
|faint|p1a: Ninetales
|
|-weather|SunnyDay|[upkeep]
|upkeep
|
|t:|1779567337
|switch|p1a: Bug|Slither Wing|100/100
|-activate|p1a: Bug|ability: Protosynthesis
|-start|p1a: Bug|protosynthesisatk
|turn|5
|
|t:|1779567345
|move|p1a: Bug|First Impression|p2a: Iron Moth
|-resisted|p2a: Iron Moth
|-damage|p2a: Iron Moth|19/100
|move|p2a: Iron Moth|Fiery Dance|p1a: Bug
|-supereffective|p1a: Bug
|-damage|p1a: Bug|0 fnt
|faint|p1a: Bug
|-end|p1a: Bug|Protosynthesis|[silent]
|
|-weather|SunnyDay|[upkeep]
|upkeep
|
|t:|1779567351
|switch|p1a: Venusaur|Venusaur, M|100/100
|turn|6
|inactive|John Kritter has 240 seconds left.
|
|t:|1779567369
|move|p1a: Venusaur|Sludge Bomb|p2a: Iron Moth
|-resisted|p2a: Iron Moth
|-damage|p2a: Iron Moth|0 fnt
|faint|p2a: Iron Moth
|-end|p2a: Iron Moth|Quark Drive|[silent]
|-damage|p1a: Venusaur|91/100|[from] item: Life Orb
|
|-weather|SunnyDay|[upkeep]
|upkeep
|
|t:|1779567380
|switch|p2a: Ceruledge|Ceruledge, F, shiny|100/100
|turn|7
|inactive|John Kritter has 240 seconds left.
|
|t:|1779567390
|switch|p1a: Walking Wake|Walking Wake|100/100
|-activate|p1a: Walking Wake|ability: Protosynthesis
|-start|p1a: Walking Wake|protosynthesisspa
|move|p2a: Ceruledge|Bitter Blade|p1a: Walking Wake
|-resisted|p1a: Walking Wake
|-damage|p1a: Walking Wake|81/100
|
|-weather|SunnyDay|[upkeep]
|upkeep
|turn|8
|inactive|lolmy has 270 seconds left.
|
|t:|1779567429
|-terastallize|p2a: Ceruledge|Grass
|move|p1a: Walking Wake|Hydro Steam|p2a: Ceruledge
|-resisted|p2a: Ceruledge
|-damage|p2a: Ceruledge|28/100
|move|p2a: Ceruledge|Solar Blade||[still]
|-prepare|p2a: Ceruledge|Solar Blade
|-anim|p2a: Ceruledge|Solar Blade|p1a: Walking Wake
|-damage|p1a: Walking Wake|11/100
|
|-weather|SunnyDay|[upkeep]
|upkeep
|turn|9
|inactive|lolmy has 270 seconds left.
|
|t:|1779567444
|-end|p1a: Walking Wake|Protosynthesis|[silent]
|switch|p1a: Great Tusk|Great Tusk|100/100
|-activate|p1a: Great Tusk|ability: Protosynthesis
|-start|p1a: Great Tusk|protosynthesisatk
|move|p2a: Ceruledge|Endure||[still]
|-fail|p2a: Ceruledge
|
|-weather|SunnyDay|[upkeep]
|upkeep
|turn|10
|
|t:|1779567456
|move|p2a: Ceruledge|Endure|p2a: Ceruledge
|-singleturn|p2a: Ceruledge|move: Endure
|move|p1a: Great Tusk|Stealth Rock|p2a: Ceruledge
|-sidestart|p2: lolmy|move: Stealth Rock
|
|-weather|none
|-end|p1a: Great Tusk|Protosynthesis
|upkeep
|turn|11
|
|t:|1779567462
|switch|p2a: Great Tusk|Great Tusk, shiny|100/100
|-damage|p2a: Great Tusk|98/100|[from] Stealth Rock
|-enditem|p2a: Great Tusk|Booster Energy
|-activate|p2a: Great Tusk|ability: Protosynthesis|[fromitem]
|-start|p2a: Great Tusk|protosynthesisspe
|move|p1a: Great Tusk|Ice Spinner|p2a: Great Tusk
|-supereffective|p2a: Great Tusk
|-damage|p2a: Great Tusk|61/100
|
|upkeep
|turn|12
|
|t:|1779567473
|move|p2a: Great Tusk|Rapid Spin|p1a: Great Tusk
|-damage|p1a: Great Tusk|90/100
|-boost|p2a: Great Tusk|spe|1
|-sideend|p2: lolmy|Stealth Rock|[from] move: Rapid Spin|[of] p2a: Great Tusk
|move|p1a: Great Tusk|Ice Spinner|p2a: Great Tusk
|-supereffective|p2a: Great Tusk
|-damage|p2a: Great Tusk|25/100
|
|upkeep
|turn|13
|inactive|John Kritter has 240 seconds left.
|
|t:|1779567500
|move|p2a: Great Tusk|Headlong Rush|p1a: Great Tusk
|-damage|p1a: Great Tusk|53/100
|-unboost|p2a: Great Tusk|def|1
|-unboost|p2a: Great Tusk|spd|1
|move|p1a: Great Tusk|Rapid Spin|p2a: Great Tusk
|-damage|p2a: Great Tusk|9/100
|-boost|p1a: Great Tusk|spe|1
|
|upkeep
|turn|14
|inactive|John Kritter has 240 seconds left.
|
|t:|1779567510
|move|p2a: Great Tusk|Rapid Spin|p1a: Great Tusk
|-damage|p1a: Great Tusk|43/100
|-boost|p2a: Great Tusk|spe|1
|move|p1a: Great Tusk|Rapid Spin|p2a: Great Tusk
|-damage|p2a: Great Tusk|0 fnt
|-boost|p1a: Great Tusk|spe|1
|faint|p2a: Great Tusk
|-end|p2a: Great Tusk|Protosynthesis|[silent]
|
|upkeep
|
|t:|1779567536
|switch|p2a: Ninetales|Ninetales, F, shiny|100/100
|-weather|SunnyDay|[from] ability: Drought|[of] p2a: Ninetales
|-activate|p1a: Great Tusk|ability: Protosynthesis
|-start|p1a: Great Tusk|protosynthesisspe
|turn|15
|inactive|John Kritter has 240 seconds left.
|
|t:|1779567552
|switch|p2a: Hatterene|Hatterene, F, shiny|100/100
|move|p1a: Great Tusk|Headlong Rush|p2a: Hatterene
|-damage|p2a: Hatterene|48/100
|-unboost|p1a: Great Tusk|def|1
|-unboost|p1a: Great Tusk|spd|1
|-enditem|p2a: Hatterene|Eject Button
|inactive|lolmy has 270 seconds left.
|
|t:|1779567568
|switch|p2a: Walking Wake|Walking Wake|36/100
|-activate|p2a: Walking Wake|ability: Protosynthesis
|-start|p2a: Walking Wake|protosynthesisspe
|
|-weather|SunnyDay|[upkeep]
|upkeep
|turn|16
|
|t:|1779567576
|-end|p2a: Walking Wake|Protosynthesis|[silent]
|switch|p2a: Hatterene|Hatterene, F, shiny|48/100
|move|p1a: Great Tusk|Headlong Rush|p2a: Hatterene
|-damage|p2a: Hatterene|0 fnt
|-unboost|p1a: Great Tusk|def|1
|-unboost|p1a: Great Tusk|spd|1
|faint|p2a: Hatterene
|
|-weather|SunnyDay|[upkeep]
|upkeep
|
|t:|1779567578
|switch|p2a: Ceruledge|Ceruledge, F, shiny, tera:Grass|28/100
|turn|17
|inactive|John Kritter has 240 seconds left.
|
|t:|1779567601
|-end|p1a: Great Tusk|Protosynthesis|[silent]
|switch|p1a: Walking Wake|Walking Wake|11/100
|-activate|p1a: Walking Wake|ability: Protosynthesis
|-start|p1a: Walking Wake|protosynthesisspa
|move|p2a: Ceruledge|Endure||[still]
|-fail|p2a: Ceruledge
|
|-weather|SunnyDay|[upkeep]
|upkeep
|turn|18
|inactive|John Kritter has 240 seconds left.
|
|t:|1779567612
|-end|p1a: Walking Wake|Protosynthesis|[silent]
|switch|p1a: Great Tusk|Great Tusk|43/100
|-activate|p1a: Great Tusk|ability: Protosynthesis
|-start|p1a: Great Tusk|protosynthesisatk
|move|p2a: Ceruledge|Endure||[still]
|-fail|p2a: Ceruledge
|
|-weather|SunnyDay|[upkeep]
|upkeep
|turn|19
|inactive|John Kritter has 240 seconds left.
|
|t:|1779567636
|move|p2a: Ceruledge|Endure|p2a: Ceruledge
|-singleturn|p2a: Ceruledge|move: Endure
|move|p1a: Great Tusk|Rapid Spin|p2a: Ceruledge
|-activate|p2a: Ceruledge|move: Endure
|-damage|p2a: Ceruledge|1/100
|-boost|p1a: Great Tusk|spe|1
|-ability|p2a: Ceruledge|Weak Armor|boost
|-unboost|p2a: Ceruledge|def|1
|-boost|p2a: Ceruledge|spe|2
|
|-weather|SunnyDay|[upkeep]
|upkeep
|turn|20
|
|t:|1779567647
|move|p2a: Ceruledge|Bitter Blade|p1a: Great Tusk
|-damage|p1a: Great Tusk|0 fnt
|-heal|p2a: Ceruledge|28/100|[from] drain|[of] p1a: Great Tusk
|faint|p1a: Great Tusk
|-end|p1a: Great Tusk|Protosynthesis|[silent]
|
|-weather|SunnyDay|[upkeep]
|upkeep
|
|t:|1779567649
|switch|p1a: Venusaur|Venusaur, M|91/100
|turn|21
|
|t:|1779567653
|move|p1a: Venusaur|Sludge Bomb|p2a: Ceruledge
|-supereffective|p2a: Ceruledge
|-damage|p2a: Ceruledge|0 fnt
|faint|p2a: Ceruledge
|-damage|p1a: Venusaur|81/100|[from] item: Life Orb
|
|-weather|SunnyDay|[upkeep]
|upkeep
|
|t:|1779567658
|switch|p2a: Ninetales|Ninetales, F, shiny|100/100
|turn|22
|
|t:|1779567670
|move|p1a: Venusaur|Sludge Bomb|p2a: Ninetales
|-damage|p2a: Ninetales|54/100
|-status|p2a: Ninetales|psn
|-damage|p1a: Venusaur|71/100|[from] item: Life Orb
|move|p2a: Ninetales|Weather Ball|p1a: Venusaur
|-supereffective|p1a: Venusaur
|-damage|p1a: Venusaur|0 fnt
|faint|p1a: Venusaur
|
|-weather|none
|-damage|p2a: Ninetales|41/100 psn|[from] psn
|upkeep
|inactive|John Kritter has 240 seconds left.
|
|t:|1779567708
|switch|p1a: Gholdengo|Gholdengo, tera:Ghost|36/100
|turn|23
|
|t:|1779567717
|move|p1a: Gholdengo|Shadow Ball|p2a: Ninetales
|-damage|p2a: Ninetales|0 fnt
|faint|p2a: Ninetales
|
|upkeep
|
|t:|1779567719
|switch|p2a: Walking Wake|Walking Wake|36/100
|turn|24
|
|t:|1779567721
|move|p1a: Gholdengo|Shadow Ball|p2a: Walking Wake
|-damage|p2a: Walking Wake|0 fnt
|faint|p2a: Walking Wake
|-end|p2a: Walking Wake|Protosynthesis|[silent]
|
|win|John Kritter
|player|p2|
|c|☆John Kritter|gg
