|j|☆bo552
|j|☆Malcyuu
|t:|1779557044
|gametype|singles
|player|p1|bo552|brycenman|1318
|player|p2|Malcyuu|102|1281
|gen|9
|tier|[Gen 9] OU
|rated|
|rule|HP Percentage Mod: HP is shown in percentages
|rule|Endless Battle Clause: Forcing endless battles is banned
|rule|Species Clause: Limit one of each Pokémon
|rule|OHKO Clause: OHKO moves are banned
|rule|Evasion Items Clause: Evasion items are banned
|rule|Evasion Moves Clause: Evasion moves are banned
|rule|Evasion Abilities Clause: Evasion abilities are banned
|rule|Sleep Moves Clause: Sleep-inducing moves are banned
|clearpoke
|poke|p1|Slowking-Galar, F|
|poke|p1|Regieleki|
|poke|p1|Zoroark-Hisui, F|
|poke|p1|Landorus-Therian, M|
|poke|p1|Primarina, F|
|poke|p1|Cinderace, F|
|poke|p2|Weezing-Galar, M|
|poke|p2|Ogerpon, F|
|poke|p2|Skarmory, M|
|poke|p2|Alomomola, M|
|poke|p2|Clodsire, M|
|poke|p2|Hydreigon, M|
|teampreview
|
|t:|1779557073
|teamsize|p1|6
|teamsize|p2|6
|start
|switch|p1a: Regieleki|Regieleki, shiny|100/100
|switch|p2a: Pisces|Alomomola, M, shiny|100/100
|turn|1
|
|t:|1779557097
|switch|p2a: Endless Nameless|Clodsire, M, shiny|100/100
|move|p1a: Regieleki|Nasty Plot|p1a: Regieleki
|-boost|p1a: Regieleki|spa|2
|
|upkeep
|turn|2
|
|t:|1779557109
|move|p1a: Regieleki|Trick|p2a: Endless Nameless
|-activate|p1a: Regieleki|move: Trick|[of] p2a: Endless Nameless
|-item|p2a: Endless Nameless|Ring Target|[from] move: Trick
|-item|p1a: Regieleki|Covert Cloak|[from] move: Trick
|move|p2a: Endless Nameless|Toxic|p1a: Regieleki
|-status|p1a: Regieleki|tox
|
|-damage|p1a: Regieleki|95/100 tox|[from] psn
|upkeep
|turn|3
|
|t:|1779557120
|move|p1a: Regieleki|Hyper Voice|p2a: Endless Nameless
|-damage|p2a: Endless Nameless|78/100
|move|p2a: Endless Nameless|Earthquake|p1a: Regieleki
|-damage|p1a: Regieleki|43/100 tox
|replace|p1a: Zoroark|Zoroark-Hisui, F, shiny
|-end|p1a: Zoroark|Illusion
|
|-damage|p1a: Zoroark|31/100 tox|[from] psn
|upkeep
|turn|4
|
|t:|1779557130
|switch|p1a: Landorus|Landorus-Therian, M|100/100
|-ability|p1a: Landorus|Intimidate|boost
|-unboost|p2a: Endless Nameless|atk|1
|move|p2a: Endless Nameless|Recover|p2a: Endless Nameless
|-heal|p2a: Endless Nameless|100/100
|
|upkeep
|turn|5
|
|t:|1779557140
|switch|p2a: Raptor|Skarmory, M, shiny|100/100
|move|p1a: Landorus|Taunt|p2a: Raptor
|-start|p2a: Raptor|move: Taunt
|
|upkeep
|turn|6
|
|t:|1779557174
|switch|p2a: Sentinel|Weezing-Galar, M, shiny|100/100
|-ability|p2a: Sentinel|Neutralizing Gas
|move|p1a: Landorus|U-turn|p2a: Sentinel
|-resisted|p2a: Sentinel
|-damage|p2a: Sentinel|97/100
|
|t:|1779557181
|switch|p1a: Regieleki|Regieleki, shiny|100/100|[from] U-turn
|
|upkeep
|turn|7
|
|t:|1779557187
|-end|p2a: Sentinel|ability: Neutralizing Gas
|switch|p2a: Endless Nameless|Clodsire, M, shiny|100/100
|move|p1a: Regieleki|Volt Switch|p2a: Endless Nameless
|-damage|p2a: Endless Nameless|67/100
|
|t:|1779557195
|switch|p1a: Landorus|Landorus-Therian, M|100/100|[from] Volt Switch
|-ability|p1a: Landorus|Intimidate|boost
|-unboost|p2a: Endless Nameless|atk|1
|
|upkeep
|turn|8
|
|t:|1779557203
|switch|p2a: Raptor|Skarmory, M, shiny|100/100
|move|p1a: Landorus|U-turn|p2a: Raptor
|-resisted|p2a: Raptor
|-damage|p2a: Raptor|97/100
|-damage|p1a: Landorus|84/100|[from] item: Rocky Helmet|[of] p2a: Raptor
|
|t:|1779557209
|switch|p1a: Regieleki|Regieleki, shiny|100/100|[from] U-turn
|
|upkeep
|turn|9
|
|t:|1779557219
|switch|p2a: Endless Nameless|Clodsire, M, shiny|67/100
|-terastallize|p1a: Regieleki|Electric
|move|p1a: Regieleki|Volt Switch|p2a: Endless Nameless
|-damage|p2a: Endless Nameless|23/100
|
|t:|1779557226
|switch|p1a: Cinderace|Cinderace, F|100/100|[from] Volt Switch
|
|upkeep
|turn|10
|
|t:|1779557272
|switch|p2a: Sentinel|Weezing-Galar, M, shiny|97/100
|-ability|p2a: Sentinel|Neutralizing Gas
|move|p1a: Cinderace|Pyro Ball|p2a: Sentinel
|-damage|p2a: Sentinel|65/100
|
|upkeep
|turn|11
|inactive|Battle timer is ON: inactive players will automatically lose when time's up. (requested by bo552)
|
|t:|1779557283
|move|p1a: Cinderace|U-turn|p2a: Sentinel
|-resisted|p2a: Sentinel
|-damage|p2a: Sentinel|62/100
|
|t:|1779557287
|switch|p1a: Zoroark|Zoroark-Hisui, F, shiny|31/100 tox|[from] U-turn
|move|p2a: Sentinel|Pain Split|p1a: Zoroark
|-sethp|p1a: Zoroark|56/100 tox|[from] move: Pain Split|[silent]
|-sethp|p2a: Sentinel|43/100|[from] move: Pain Split
|
|-damage|p1a: Zoroark|50/100 tox|[from] psn
|upkeep
|turn|12
|
|t:|1779557295
|-end|p2a: Sentinel|ability: Neutralizing Gas
|switch|p2a: Hybrid|Hydreigon, M, shiny|100/100
|move|p1a: Zoroark|Hyper Voice|p2a: Hybrid
|-damage|p2a: Hybrid|51/100
|
|-damage|p1a: Zoroark|38/100 tox|[from] psn
|upkeep
|turn|13
|
|t:|1779557306
|move|p1a: Zoroark|Hyper Voice|p2a: Hybrid
|-damage|p2a: Hybrid|1/100
|move|p2a: Hybrid|Flash Cannon|p1a: Zoroark
|-damage|p1a: Zoroark|0 fnt
|faint|p1a: Zoroark
|
|upkeep
|
|t:|1779557311
|switch|p1a: Regieleki|Regieleki, shiny, tera:Electric|100/100
|turn|14
|
|t:|1779557338
|move|p1a: Regieleki|Thunderbolt|p2a: Hybrid
|-resisted|p2a: Hybrid
|-damage|p2a: Hybrid|0 fnt
|faint|p2a: Hybrid
|
|upkeep
|inactive|Malcyuu has 120 seconds left.
|
|t:|1779557362
|switch|p2a: Pisces|Alomomola, M, shiny|100/100
|turn|15
|
|t:|1779557369
|-terastallize|p2a: Pisces|Fairy
|move|p1a: Regieleki|Thunderbolt|p2a: Pisces
|-damage|p2a: Pisces|46/100
|move|p2a: Pisces|Mirror Coat|p1a: Regieleki
|-damage|p1a: Regieleki|0 fnt
|faint|p1a: Regieleki
|
|upkeep
|
|t:|1779557376
|switch|p1a: Slowking|Slowking-Galar, F|100/100
|turn|16
|
|t:|1779557385
|move|p2a: Pisces|Flip Turn|p1a: Slowking
|-crit|p1a: Slowking
|-damage|p1a: Slowking|74/100
|
|t:|1779557390
|switch|p2a: Endless Nameless|Clodsire, M, shiny|23/100|[from] Flip Turn
|move|p1a: Slowking|Future Sight|p2a: Endless Nameless
|-start|p1a: Slowking|move: Future Sight
|
|upkeep
|turn|17
|
|t:|1779557399
|move|p2a: Endless Nameless|Recover|p2a: Endless Nameless
|-heal|p2a: Endless Nameless|74/100
|-prepare|p1a: Slowking|Chilly Reception|[premajor]
|move|p1a: Slowking|Chilly Reception|p1a: Slowking
|-weather|Snowscape
|
|t:|1779557402
|switch|p1a: Primarina|Primarina, F|100/100|[from] Chilly Reception
|
|-weather|Snowscape|[upkeep]
|upkeep
|turn|18
|
|t:|1779557412
|move|p1a: Primarina|Psychic Noise|p2a: Endless Nameless
|-supereffective|p2a: Endless Nameless
|-damage|p2a: Endless Nameless|44/100
|-start|p2a: Endless Nameless|move: Heal Block
|move|p2a: Endless Nameless|Toxic|p1a: Primarina
|-status|p1a: Primarina|tox
|
|-weather|Snowscape|[upkeep]
|-end|p2a: Endless Nameless|move: Future Sight
|-supereffective|p2a: Endless Nameless
|-damage|p2a: Endless Nameless|0 fnt
|faint|p2a: Endless Nameless
|-damage|p1a: Primarina|94/100 tox|[from] psn
|upkeep
|
|t:|1779557432
|switch|p2a: Anonymous|Ogerpon, F|100/100
|turn|19
|
|t:|1779557445
|switch|p1a: Slowking|Slowking-Galar, F|100/100
|move|p2a: Anonymous|U-turn|p1a: Slowking
|-damage|p1a: Slowking|67/100
|inactive|Malcyuu has 120 seconds left.
|
|t:|1779557467
|switch|p2a: Pisces|Alomomola, M, shiny, tera:Fairy|79/100|[from] U-turn
|
|-weather|Snowscape|[upkeep]
|upkeep
|turn|20
|
|t:|1779557473
|move|p2a: Pisces|Flip Turn|p1a: Slowking
|-damage|p1a: Slowking|51/100
|inactive|Malcyuu has 120 seconds left.
|
|t:|1779557489
|switch|p2a: Sentinel|Weezing-Galar, M, shiny|43/100|[from] Flip Turn
|-ability|p2a: Sentinel|Neutralizing Gas
|move|p1a: Slowking|Thunder Wave|p2a: Sentinel
|-status|p2a: Sentinel|par
|
|-weather|Snowscape|[upkeep]
|upkeep
|turn|21
|
|t:|1779557507
|move|p2a: Sentinel|Pain Split|p1a: Slowking
|-sethp|p1a: Slowking|43/100|[from] move: Pain Split|[silent]
|-sethp|p2a: Sentinel|51/100 par|[from] move: Pain Split
|move|p1a: Slowking|Sludge Bomb|p2a: Sentinel
|-damage|p2a: Sentinel|3/100 par
|
|-weather|none
|upkeep
|turn|22
|
|t:|1779557519
|cant|p2a: Sentinel|par
|-prepare|p1a: Slowking|Chilly Reception|[premajor]
|move|p1a: Slowking|Chilly Reception|p1a: Slowking
|-weather|Snowscape
|
|t:|1779557528
|switch|p1a: Landorus|Landorus-Therian, M|84/100|[from] Chilly Reception
|
|-weather|Snowscape|[upkeep]
|upkeep
|turn|23
|
|t:|1779557535
|move|p1a: Landorus|Rock Tomb|p2a: Sentinel
|-damage|p2a: Sentinel|0 fnt
|faint|p2a: Sentinel
|-end|p2a: Sentinel|ability: Neutralizing Gas
|
|-weather|Snowscape|[upkeep]
|upkeep
|
|t:|1779557555
|switch|p2a: Anonymous|Ogerpon, F|100/100
|turn|24
|
|t:|1779557571
|move|p2a: Anonymous|U-turn|p1a: Landorus
|-resisted|p1a: Landorus
|-damage|p1a: Landorus|67/100
|-damage|p2a: Anonymous|84/100|[from] item: Rocky Helmet|[of] p1a: Landorus
|
|t:|1779557575
|switch|p2a: Pisces|Alomomola, M, shiny, tera:Fairy|100/100|[from] U-turn
|move|p1a: Landorus|U-turn|p2a: Pisces
|-resisted|p2a: Pisces
|-damage|p2a: Pisces|92/100
|
|t:|1779557584
|switch|p1a: Primarina|Primarina, F|94/100 tox|[from] U-turn
|
|-weather|Snowscape|[upkeep]
|-damage|p1a: Primarina|88/100 tox|[from] psn
|upkeep
|turn|25
|
|t:|1779557590
|move|p1a: Primarina|Flip Turn|p2a: Pisces
|-damage|p2a: Pisces|81/100
|
|t:|1779557592
|switch|p1a: Slowking|Slowking-Galar, F|43/100|[from] Flip Turn
|move|p2a: Pisces|Play Rough|p1a: Slowking
|-resisted|p1a: Slowking
|-damage|p1a: Slowking|31/100
|
|-weather|Snowscape|[upkeep]
|upkeep
|turn|26
|inactive|Malcyuu has 120 seconds left.
|
|t:|1779557610
|move|p2a: Pisces|Aqua Jet|p1a: Slowking
|-damage|p1a: Slowking|20/100
|move|p1a: Slowking|Thunder Wave|p2a: Pisces
|-status|p2a: Pisces|par
|
|-weather|none
|upkeep
|turn|27
|
|t:|1779557628
|move|p2a: Pisces|Aqua Jet|p1a: Slowking
|-damage|p1a: Slowking|9/100
|-prepare|p1a: Slowking|Chilly Reception|[premajor]
|move|p1a: Slowking|Chilly Reception|p1a: Slowking
|-weather|Snowscape
|
|t:|1779557635
|switch|p1a: Landorus|Landorus-Therian, M|67/100|[from] Chilly Reception
|-ability|p1a: Landorus|Intimidate|boost
|-unboost|p2a: Pisces|atk|1
|
|-weather|Snowscape|[upkeep]
|upkeep
|turn|28
|
|t:|1779557642
|move|p1a: Landorus|Earthquake|p2a: Pisces
|-damage|p2a: Pisces|48/100 par
|move|p2a: Pisces|Flip Turn|p1a: Landorus
|-supereffective|p1a: Landorus
|-damage|p1a: Landorus|46/100
|-damage|p2a: Pisces|31/100 par|[from] item: Rocky Helmet|[of] p1a: Landorus
|
|t:|1779557647
|switch|p2a: Anonymous|Ogerpon, F|84/100|[from] Flip Turn
|
|-weather|Snowscape|[upkeep]
|upkeep
|turn|29
|
|t:|1779557652
|move|p2a: Anonymous|Ivy Cudgel|p1a: Landorus
|-crit|p1a: Landorus
|-damage|p1a: Landorus|0 fnt
|faint|p1a: Landorus
|
|-weather|Snowscape|[upkeep]
|upkeep
|
|t:|1779557654
|switch|p1a: Cinderace|Cinderace, F|100/100
|turn|30
|
|t:|1779557664
|switch|p2a: Pisces|Alomomola, M, shiny, tera:Fairy|65/100 par
|move|p1a: Cinderace|Pyro Ball|p2a: Pisces|[miss]
|-miss|p1a: Cinderace|p2a: Pisces
|
|-weather|Snowscape|[upkeep]
|upkeep
|turn|31
|
|t:|1779557679
|move|p1a: Cinderace|Pyro Ball|p2a: Pisces
|-damage|p2a: Pisces|27/100 par
|move|p2a: Pisces|Flip Turn|p1a: Cinderace
|-supereffective|p1a: Cinderace
|-damage|p1a: Cinderace|65/100
|
|t:|1779557687
|switch|p2a: Raptor|Skarmory, M, shiny|97/100|[from] Flip Turn
|
|-weather|none
|upkeep
|turn|32
|
|t:|1779557692
|move|p1a: Cinderace|Will-O-Wisp|p2a: Raptor
|-status|p2a: Raptor|brn
|move|p2a: Raptor|Roost|p2a: Raptor
|-heal|p2a: Raptor|100/100 brn
|-singleturn|p2a: Raptor|move: Roost
|
|-damage|p2a: Raptor|94/100 brn|[from] brn
|upkeep
|turn|33
|
|t:|1779557698
|move|p1a: Cinderace|Pyro Ball|p2a: Raptor
|-supereffective|p2a: Raptor
|-damage|p2a: Raptor|38/100 brn
|move|p2a: Raptor|Roost|p2a: Raptor
|-heal|p2a: Raptor|88/100 brn
|-singleturn|p2a: Raptor|move: Roost
|
|-damage|p2a: Raptor|82/100 brn|[from] brn
|upkeep
|turn|34
|
|t:|1779557706
|switch|p1a: Primarina|Primarina, F|88/100 tox
|move|p2a: Raptor|Roost|p2a: Raptor
|-heal|p2a: Raptor|100/100 brn
|-singleturn|p2a: Raptor|move: Roost
|
|-damage|p1a: Primarina|82/100 tox|[from] psn
|-damage|p2a: Raptor|94/100 brn|[from] brn
|upkeep
|turn|35
|
|t:|1779557713
|switch|p2a: Pisces|Alomomola, M, shiny, tera:Fairy|61/100 par
|move|p1a: Primarina|Psychic Noise|p2a: Pisces
|-damage|p2a: Pisces|46/100 par
|-start|p2a: Pisces|move: Heal Block
|
|-damage|p1a: Primarina|70/100 tox|[from] psn
|upkeep
|turn|36
|
|t:|1779557723
|move|p1a: Primarina|Moonblast|p2a: Pisces
|-damage|p2a: Pisces|22/100 par
|-unboost|p2a: Pisces|spa|1
|move|p2a: Pisces|Flip Turn|p1a: Primarina
|-resisted|p1a: Primarina
|-damage|p1a: Primarina|60/100 tox
|
|t:|1779557726
|switch|p2a: Anonymous|Ogerpon, F|84/100|[from] Flip Turn
|
|-damage|p1a: Primarina|42/100 tox|[from] psn
|upkeep
|turn|37
|
|t:|1779557734
|switch|p1a: Slowking|Slowking-Galar, F|42/100
|move|p2a: Anonymous|Rock Tomb|p1a: Slowking
|-damage|p1a: Slowking|12/100
|-unboost|p1a: Slowking|spe|1
|
|upkeep
|turn|38
|
|t:|1779557740
|move|p2a: Anonymous|Rock Tomb|p1a: Slowking
|-damage|p1a: Slowking|0 fnt
|faint|p1a: Slowking
|
|upkeep
|
|t:|1779557742
|switch|p1a: Cinderace|Cinderace, F|65/100
|turn|39
|
|t:|1779557755
|switch|p2a: Pisces|Alomomola, M, shiny, tera:Fairy|56/100 par
|move|p1a: Cinderace|Pyro Ball|p2a: Pisces|[miss]
|-miss|p1a: Cinderace|p2a: Pisces
|
|upkeep
|turn|40
|
|t:|1779557760
|move|p1a: Cinderace|Pyro Ball|p2a: Pisces
|-damage|p2a: Pisces|18/100 par
|move|p2a: Pisces|Flip Turn|p1a: Cinderace
|-supereffective|p1a: Cinderace
|-damage|p1a: Cinderace|29/100
|
|t:|1779557767
|switch|p2a: Raptor|Skarmory, M, shiny|94/100 brn|[from] Flip Turn
|
|-damage|p2a: Raptor|88/100 brn|[from] brn
|upkeep
|turn|41
|
|t:|1779557775
|move|p1a: Cinderace|U-turn|p2a: Raptor
|-resisted|p2a: Raptor
|-damage|p2a: Raptor|85/100 brn
|-damage|p1a: Cinderace|12/100|[from] item: Rocky Helmet|[of] p2a: Raptor
|
|t:|1779557784
|switch|p1a: Primarina|Primarina, F|42/100 tox|[from] U-turn
|move|p2a: Raptor|Body Press|p1a: Primarina
|-resisted|p1a: Primarina
|-damage|p1a: Primarina|31/100 tox
|
|-damage|p1a: Primarina|25/100 tox|[from] psn
|-damage|p2a: Raptor|79/100 brn|[from] brn
|upkeep
|turn|42
|
|t:|1779557787
|switch|p2a: Pisces|Alomomola, M, shiny, tera:Fairy|52/100 par
|move|p1a: Primarina|Surf|p2a: Pisces
|-damage|p2a: Pisces|15/100 par
|
|-damage|p1a: Primarina|13/100 tox|[from] psn
|upkeep
|turn|43
|
|t:|1779557795
|move|p1a: Primarina|Moonblast|p2a: Pisces
|-damage|p2a: Pisces|0 fnt
|faint|p2a: Pisces
|
|-damage|p1a: Primarina|0 fnt|[from] psn
|faint|p1a: Primarina
|upkeep
|
|t:|1779557801
|switch|p1a: Cinderace|Cinderace, F|12/100
|switch|p2a: Anonymous|Ogerpon, F|84/100
|turn|44
|
|t:|1779557806
|move|p1a: Cinderace|Pyro Ball|p2a: Anonymous
|-supereffective|p2a: Anonymous
|-damage|p2a: Anonymous|0 fnt
|faint|p2a: Anonymous
|
|upkeep
|
|t:|1779557810
|switch|p2a: Raptor|Skarmory, M, shiny|79/100 brn
|turn|45
|
|t:|1779557815
|move|p1a: Cinderace|Pyro Ball|p2a: Raptor
|-supereffective|p2a: Raptor
|-damage|p2a: Raptor|0 fnt
|faint|p2a: Raptor
|
|win|bo552
|raw|bo552's rating: 1318 &rarr; <strong>1336</strong><br />(+18 for winning)
|raw|Malcyuu's rating: 1281 &rarr; <strong>1259</strong><br />(-22 for losing)
