|j|☆mrbungleberry
|j|☆Jules93
|t:|1779663466
|gametype|singles
|player|p1|mrbungleberry|plasmagrunt|1109
|player|p2|Jules93|hilbert|1065
|gen|9
|tier|[Gen 9] OU
|rated|
|rule|HP Percentage Mod: HP is shown in percentages
|rule|Endless Battle Clause: Forcing endless battles is banned
|rule|Species Clause: Limit one of each Pokémon
|rule|OHKO Clause: OHKO moves are banned
|rule|Evasion Items Clause: Evasion items are banned
|rule|Evasion Moves Clause: Evasion moves are banned
|rule|Evasion Abilities Clause: Evasion abilities are banned
|rule|Sleep Moves Clause: Sleep-inducing moves are banned
|clearpoke
|poke|p1|Ninetales-Alola, F|
|poke|p1|Cetitan, M|
|poke|p1|Gholdengo|
|poke|p1|Great Tusk|
|poke|p1|Iron Valiant|
|poke|p1|Rotom-Wash|
|poke|p2|Skuntank, M|
|poke|p2|Dusknoir, M|
|poke|p2|Lucario, M|
|poke|p2|Electivire, M|
|poke|p2|Empoleon, F|
|poke|p2|Porygon-Z|
|teampreview
|inactive|Battle timer is ON: inactive players will automatically lose when time's up. (requested by Jules93)
|
|t:|1779663484
|teamsize|p1|6
|teamsize|p2|6
|start
|switch|p1a: Ninetales|Ninetales-Alola, F|100/100
|switch|p2a: Lucario|Lucario, M|100/100
|-weather|Snowscape|[from] ability: Snow Warning|[of] p1a: Ninetales
|turn|1
|
|t:|1779663496
|move|p1a: Ninetales|Aurora Veil|p1a: Ninetales
|-sidestart|p1: mrbungleberry|move: Aurora Veil
|move|p2a: Lucario|Meteor Mash|p1a: Ninetales
|-supereffective|p1a: Ninetales
|-damage|p1a: Ninetales|2/100
|-damage|p2a: Lucario|91/100|[from] item: Life Orb
|
|-weather|Snowscape|[upkeep]
|upkeep
|turn|2
|
|t:|1779663517
|move|p1a: Ninetales|Moonblast|p2a: Lucario
|-damage|p2a: Lucario|51/100
|move|p2a: Lucario|Meteor Mash|p1a: Ninetales
|-supereffective|p1a: Ninetales
|-damage|p1a: Ninetales|0 fnt
|-boost|p2a: Lucario|atk|1
|faint|p1a: Ninetales
|-damage|p2a: Lucario|41/100|[from] item: Life Orb
|
|-weather|Snowscape|[upkeep]
|upkeep
|
|t:|1779663528
|switch|p1a: Cetitan|Cetitan, M|100/100
|turn|3
|
|t:|1779663545
|move|p2a: Lucario|Extreme Speed|p1a: Cetitan
|-damage|p1a: Cetitan|82/100
|-damage|p2a: Lucario|31/100|[from] item: Life Orb
|move|p1a: Cetitan|Earthquake|p2a: Lucario
|-supereffective|p2a: Lucario
|-damage|p2a: Lucario|0 fnt
|faint|p2a: Lucario
|
|-weather|Snowscape|[upkeep]
|upkeep
|inactive|Jules93 has 120 seconds left.
|
|t:|1779663570
|switch|p2a: Skuntank|Skuntank, M|100/100
|turn|4
|
|t:|1779663576
|move|p2a: Skuntank|Protect|p2a: Skuntank
|-singleturn|p2a: Skuntank|Protect
|move|p1a: Cetitan|Belly Drum|p1a: Cetitan
|-damage|p1a: Cetitan|32/100
|-setboost|p1a: Cetitan|atk|6|[from] move: Belly Drum
|
|-weather|Snowscape|[upkeep]
|upkeep
|turn|5
|
|t:|1779663591
|move|p1a: Cetitan|Earthquake|p2a: Skuntank
|-supereffective|p2a: Skuntank
|-damage|p2a: Skuntank|0 fnt
|faint|p2a: Skuntank
|
|-weather|none
|upkeep
|
|t:|1779663601
|switch|p2a: Electivire|Electivire, M|100/100
|turn|6
|
|t:|1779663609
|-terastallize|p2a: Electivire|Flying
|move|p1a: Cetitan|Ice Shard|p2a: Electivire
|-supereffective|p2a: Electivire
|-damage|p2a: Electivire|0 fnt
|faint|p2a: Electivire
|
|upkeep
|-message|Jules93 forfeited.
|
|win|mrbungleberry
|raw|mrbungleberry's rating: 1109 &rarr; <strong>1131</strong><br />(+22 for winning)
|raw|Jules93's rating: 1065 &rarr; <strong>1048</strong><br />(-17 for losing)
|l|☆Jules93
|player|p2|
