|j|☆LoCalBeamz
|j|☆IllusiveNewt
|t:|1779709403
|gametype|singles
|player|p1|LoCalBeamz|101|1138
|player|p2|IllusiveNewt|1|1105
|gen|9
|tier|[Gen 9] OU
|rated|
|rule|HP Percentage Mod: HP is shown in percentages
|rule|Endless Battle Clause: Forcing endless battles is banned
|rule|Species Clause: Limit one of each Pokémon
|rule|OHKO Clause: OHKO moves are banned
|rule|Evasion Items Clause: Evasion items are banned
|rule|Evasion Moves Clause: Evasion moves are banned
|rule|Evasion Abilities Clause: Evasion abilities are banned
|rule|Sleep Moves Clause: Sleep-inducing moves are banned
|clearpoke
|poke|p1|Dragonite, F|
|poke|p1|Cinderace, F|
|poke|p1|Glimmora, F|
|poke|p1|Deoxys-Speed|
|poke|p1|Ceruledge, M|
|poke|p1|Kingambit, F|
|poke|p2|Iron Valiant|
|poke|p2|Gliscor, F|
|poke|p2|Great Tusk|
|poke|p2|Dragapult, M|
|poke|p2|Slowking-Galar, F|
|poke|p2|Skarmory, F|
|teampreview
|inactive|Battle timer is ON: inactive players will automatically lose when time's up. (requested by LoCalBeamz)
|
|t:|1779709412
|teamsize|p1|6
|teamsize|p2|6
|start
|switch|p1a: Deoxys|Deoxys-Speed|100/100
|switch|p2a: Great Tusk|Great Tusk|100/100
|-ability|p1a: Deoxys|Pressure
|turn|1
|
|t:|1779709420
|move|p1a: Deoxys|Cosmic Power|p1a: Deoxys
|-boost|p1a: Deoxys|def|1
|-boost|p1a: Deoxys|spd|1
|move|p2a: Great Tusk|Stealth Rock|p1a: Deoxys
|-sidestart|p1: LoCalBeamz|move: Stealth Rock
|
|upkeep
|turn|2
|
|t:|1779709438
|-end|p2a: Great Tusk|Protosynthesis|[silent]
|switch|p2a: Skarmory|Skarmory, F|100/100
|move|p1a: Deoxys|Cosmic Power|p1a: Deoxys
|-boost|p1a: Deoxys|def|1
|-boost|p1a: Deoxys|spd|1
|
|upkeep
|turn|3
|
|t:|1779709444
|move|p1a: Deoxys|Taunt|p2a: Skarmory
|-start|p2a: Skarmory|move: Taunt
|cant|p2a: Skarmory|move: Taunt|Whirlwind
|
|upkeep
|turn|4
|
|t:|1779709469
|switch|p2a: Gliscor|Gliscor, F|100/100
|move|p1a: Deoxys|Cosmic Power|p1a: Deoxys
|-boost|p1a: Deoxys|def|1
|-boost|p1a: Deoxys|spd|1
|
|-status|p2a: Gliscor|tox|[from] item: Toxic Orb
|upkeep
|turn|5
|
|t:|1779709478
|move|p1a: Deoxys|Taunt|p2a: Gliscor
|-start|p2a: Gliscor|move: Taunt
|move|p2a: Gliscor|Knock Off|p1a: Deoxys
|-supereffective|p1a: Deoxys
|-damage|p1a: Deoxys|83/100
|-enditem|p1a: Deoxys|Weakness Policy
|-boost|p1a: Deoxys|atk|2|[from] item: Weakness Policy
|-boost|p1a: Deoxys|spa|2|[from] item: Weakness Policy
|
|upkeep
|turn|6
|
|t:|1779709487
|move|p1a: Deoxys|Cosmic Power|p1a: Deoxys
|-boost|p1a: Deoxys|def|1
|-boost|p1a: Deoxys|spd|1
|move|p2a: Gliscor|U-turn|p1a: Deoxys
|-supereffective|p1a: Deoxys
|-damage|p1a: Deoxys|73/100
|
|t:|1779709500
|switch|p2a: Slowking|Slowking-Galar, F|100/100|[from] U-turn
|
|upkeep
|turn|7
|
|t:|1779709507
|move|p1a: Deoxys|Stored Power|p2a: Slowking
|-damage|p2a: Slowking|4/100
|move|p2a: Slowking|Sludge Bomb|p1a: Deoxys
|-damage|p1a: Deoxys|59/100
|-status|p1a: Deoxys|psn
|
|-damage|p1a: Deoxys|47/100 psn|[from] psn
|upkeep
|turn|8
|
|t:|1779709518
|move|p1a: Deoxys|Recover|p1a: Deoxys
|-heal|p1a: Deoxys|97/100 psn
|move|p2a: Slowking|Future Sight|p1a: Deoxys
|-start|p2a: Slowking|move: Future Sight
|
|-damage|p1a: Deoxys|85/100 psn|[from] psn
|upkeep
|turn|9
|
|t:|1779709526
|move|p1a: Deoxys|Stored Power|p2a: Slowking
|-damage|p2a: Slowking|0 fnt
|faint|p2a: Slowking
|
|-damage|p1a: Deoxys|72/100 psn|[from] psn
|upkeep
|
|t:|1779709551
|switch|p2a: Iron Valiant|Iron Valiant|100/100
|turn|10
|
|t:|1779709558
|-terastallize|p2a: Iron Valiant|Fairy
|move|p1a: Deoxys|Stored Power|p2a: Iron Valiant
|-damage|p2a: Iron Valiant|0 fnt
|faint|p2a: Iron Valiant
|-end|p2a: Iron Valiant|Quark Drive|[silent]
|
|-end|p1a: Deoxys|move: Future Sight
|-resisted|p1a: Deoxys
|-damage|p1a: Deoxys|63/100 psn
|-damage|p1a: Deoxys|50/100 psn|[from] psn
|upkeep
|-message|IllusiveNewt forfeited.
|
|win|LoCalBeamz
|raw|LoCalBeamz's rating: 1138 &rarr; <strong>1161</strong><br />(+23 for winning)
|raw|IllusiveNewt's rating: 1105 &rarr; <strong>1082</strong><br />(-23 for losing)
|l|☆IllusiveNewt
|player|p2|
