|j|☆Wappy.kBs
|j|☆Fear covraa
|t:|1779722887
|gametype|singles
|player|p1|Wappy.kBs|sightseerf|1444
|player|p2|Fear covraa|waiter-gen4|1414
|gen|9
|tier|[Gen 9] OU
|rated|
|rule|HP Percentage Mod: HP is shown in percentages
|rule|Endless Battle Clause: Forcing endless battles is banned
|rule|Species Clause: Limit one of each Pokémon
|rule|OHKO Clause: OHKO moves are banned
|rule|Evasion Items Clause: Evasion items are banned
|rule|Evasion Moves Clause: Evasion moves are banned
|rule|Evasion Abilities Clause: Evasion abilities are banned
|rule|Sleep Moves Clause: Sleep-inducing moves are banned
|clearpoke
|poke|p1|Landorus-Therian, M|
|poke|p1|Iron Valiant|
|poke|p1|Pecharunt|
|poke|p1|Alomomola, M|
|poke|p1|Iron Treads|
|poke|p1|Dragapult, F|
|poke|p2|Great Tusk|
|poke|p2|Thundurus, M|
|poke|p2|Polteageist-Antique|
|poke|p2|Glimmora, M|
|poke|p2|Darkrai|
|poke|p2|Zamazenta-*|
|teampreview
|inactive|Battle timer is ON: inactive players will automatically lose when time's up. (requested by Fear covraa)
|
|t:|1779722900
|teamsize|p1|6
|teamsize|p2|6
|start
|switch|p1a: Iron Treads|Iron Treads|100/100
|switch|p2a: Glimmora|Glimmora, M|100/100
|turn|1
|
|t:|1779722907
|move|p1a: Iron Treads|Earthquake|p2a: Glimmora
|-supereffective|p2a: Glimmora
|-crit|p2a: Glimmora
|-enditem|p2a: Glimmora|Focus Sash
|-damage|p2a: Glimmora|1/100
|-activate|p2a: Glimmora|ability: Toxic Debris
|-sidestart|p1: Wappy.kBs|move: Toxic Spikes
|move|p2a: Glimmora|Stealth Rock|p1a: Iron Treads
|-sidestart|p1: Wappy.kBs|move: Stealth Rock
|
|upkeep
|turn|2
|
|t:|1779722921
|switch|p2a: Tea|Polteageist-Antique|100/100
|move|p1a: Iron Treads|Rapid Spin|p2a: Tea
|-immune|p2a: Tea
|
|upkeep
|turn|3
|
|t:|1779722926
|move|p1a: Iron Treads|Earthquake|p2a: Tea
|-damage|p2a: Tea|10/100
|-ability|p2a: Tea|Weak Armor|boost
|-unboost|p2a: Tea|def|1
|-boost|p2a: Tea|spe|2
|move|p2a: Tea|Shell Smash|p2a: Tea
|-unboost|p2a: Tea|def|1
|-unboost|p2a: Tea|spd|1
|-boost|p2a: Tea|atk|2
|-boost|p2a: Tea|spa|2
|-boost|p2a: Tea|spe|2
|
|upkeep
|turn|4
|
|t:|1779722938
|-end|p1a: Iron Treads|Quark Drive|[silent]
|switch|p1a: Pecharunt|Pecharunt|100/100
|-sideend|p1: Wappy.kBs|move: Toxic Spikes|[of] p1a: Pecharunt
|move|p2a: Tea|Strength Sap|p1a: Pecharunt
|-unboost|p1a: Pecharunt|atk|1
|-heal|p2a: Tea|72/100
|
|upkeep
|turn|5
|
|t:|1779722945
|-terastallize|p1a: Pecharunt|Dark
|move|p2a: Tea|Stored Power|p1a: Pecharunt
|-immune|p1a: Pecharunt
|move|p1a: Pecharunt|Foul Play|p2a: Tea
|-supereffective|p2a: Tea
|-damage|p2a: Tea|0 fnt
|faint|p2a: Tea
|
|upkeep
|inactive|Fear covraa has 120 seconds left.
|
|t:|1779722981
|switch|p2a: Zamazenta|Zamazenta|100/100
|-ability|p2a: Zamazenta|Dauntless Shield|boost
|-boost|p2a: Zamazenta|def|1
|turn|6
|
|t:|1779722989
|move|p2a: Zamazenta|Crunch|p1a: Pecharunt
|-resisted|p1a: Pecharunt
|-damage|p1a: Pecharunt|95/100
|move|p1a: Pecharunt|Parting Shot|p2a: Zamazenta
|-unboost|p2a: Zamazenta|atk|1
|-unboost|p2a: Zamazenta|spa|1
|
|t:|1779723004
|switch|p1a: Iron Treads|Iron Treads|100/100|[from] Parting Shot
|-damage|p1a: Iron Treads|97/100|[from] Stealth Rock
|
|-heal|p1a: Iron Treads|100/100|[from] item: Leftovers
|upkeep
|turn|7
|
|t:|1779723019
|move|p2a: Zamazenta|Body Press|p1a: Iron Treads
|-supereffective|p1a: Iron Treads
|-damage|p1a: Iron Treads|0 fnt
|faint|p1a: Iron Treads
|-end|p1a: Iron Treads|Quark Drive|[silent]
|
|upkeep
|
|t:|1779723040
|switch|p1a: Landorus|Landorus-Therian, M|100/100
|-damage|p1a: Landorus|88/100|[from] Stealth Rock
|-ability|p1a: Landorus|Intimidate|boost
|-unboost|p2a: Zamazenta|atk|1
|turn|8
|
|t:|1779723044
|move|p2a: Zamazenta|Iron Defense|p2a: Zamazenta
|-boost|p2a: Zamazenta|def|2
|move|p1a: Landorus|Earthquake|p2a: Zamazenta
|-damage|p2a: Zamazenta|76/100
|
|-heal|p2a: Zamazenta|83/100|[from] item: Leftovers
|upkeep
|turn|9
|
|t:|1779723051
|switch|p1a: Iron Valiant|Iron Valiant|100/100
|-damage|p1a: Iron Valiant|94/100|[from] Stealth Rock
|move|p2a: Zamazenta|Iron Defense|p2a: Zamazenta
|-boost|p2a: Zamazenta|def|2
|
|-heal|p2a: Zamazenta|89/100|[from] item: Leftovers
|upkeep
|turn|10
|
|t:|1779723054
|-terastallize|p2a: Zamazenta|Water
|move|p1a: Iron Valiant|Trick|p2a: Zamazenta
|-activate|p1a: Iron Valiant|move: Trick|[of] p2a: Zamazenta
|-item|p2a: Zamazenta|Choice Scarf|[from] move: Trick
|-item|p1a: Iron Valiant|Leftovers|[from] move: Trick
|move|p2a: Zamazenta|Heavy Slam|p1a: Iron Valiant
|-supereffective|p1a: Iron Valiant
|-damage|p1a: Iron Valiant|51/100
|
|-heal|p1a: Iron Valiant|58/100|[from] item: Leftovers
|upkeep
|turn|11
|
|t:|1779723059
|-end|p1a: Iron Valiant|Quark Drive|[silent]
|switch|p1a: Alomomola|Alomomola, M|100/100
|-damage|p1a: Alomomola|88/100|[from] Stealth Rock
|move|p2a: Zamazenta|Heavy Slam|p1a: Alomomola
|-resisted|p1a: Alomomola
|-damage|p1a: Alomomola|82/100
|
|upkeep
|turn|12
|
|t:|1779723066
|switch|p2a: Glimmora|Glimmora, M|1/100
|move|p1a: Alomomola|Body Slam|p2a: Glimmora
|-resisted|p2a: Glimmora
|-damage|p2a: Glimmora|0 fnt
|-activate|p2a: Glimmora|ability: Toxic Debris
|-sidestart|p1: Wappy.kBs|move: Toxic Spikes
|faint|p2a: Glimmora
|
|upkeep
|inactive|Fear covraa has 120 seconds left.
|
|t:|1779723124
|switch|p2a: Thundurus|Thundurus, M|100/100
|turn|13
|
|t:|1779723132
|switch|p1a: Landorus|Landorus-Therian, M|88/100
|-damage|p1a: Landorus|76/100|[from] Stealth Rock
|-ability|p1a: Landorus|Intimidate|boost
|-unboost|p2a: Thundurus|atk|1
|-ability|p2a: Thundurus|Defiant|boost
|-boost|p2a: Thundurus|atk|2
|move|p2a: Thundurus|Agility|p2a: Thundurus
|-boost|p2a: Thundurus|spe|2
|
|upkeep
|turn|14
|
|t:|1779723140
|move|p2a: Thundurus|Swagger|p1a: Landorus|[miss]
|-miss|p2a: Thundurus|p1a: Landorus
|move|p1a: Landorus|Stone Edge|p2a: Thundurus
|-supereffective|p2a: Thundurus
|-damage|p2a: Thundurus|0 fnt
|faint|p2a: Thundurus
|
|upkeep
|
|t:|1779723144
|switch|p2a: Great Tusk|Great Tusk|100/100
|turn|15
|
|t:|1779723150
|switch|p1a: Pecharunt|Pecharunt, tera:Dark|95/100
|move|p2a: Great Tusk|Rapid Spin|p1a: Pecharunt
|-damage|p1a: Pecharunt|87/100
|-boost|p2a: Great Tusk|spe|1
|
|upkeep
|turn|16
|
|t:|1779723154
|move|p2a: Great Tusk|Knock Off|p1a: Pecharunt
|-resisted|p1a: Pecharunt
|-damage|p1a: Pecharunt|80/100
|-enditem|p1a: Pecharunt|Heavy-Duty Boots|[from] move: Knock Off|[of] p2a: Great Tusk
|move|p1a: Pecharunt|Malignant Chain|p2a: Great Tusk
|-resisted|p2a: Great Tusk
|-damage|p2a: Great Tusk|86/100
|
|upkeep
|turn|17
|
|t:|1779723162
|move|p2a: Great Tusk|Headlong Rush|p1a: Pecharunt
|-damage|p1a: Pecharunt|52/100
|-unboost|p2a: Great Tusk|def|1
|-unboost|p2a: Great Tusk|spd|1
|move|p1a: Pecharunt|Malignant Chain|p2a: Great Tusk
|-resisted|p2a: Great Tusk
|-damage|p2a: Great Tusk|65/100
|-status|p2a: Great Tusk|tox
|-start|p2a: Great Tusk|confusion|[from] ability: Poison Puppeteer|[of] p1a: Pecharunt
|
|-damage|p2a: Great Tusk|59/100 tox|[from] psn
|upkeep
|turn|18
|
|t:|1779723165
|-activate|p2a: Great Tusk|confusion
|-damage|p2a: Great Tusk|45/100 tox|[from] confusion
|move|p1a: Pecharunt|Recover|p1a: Pecharunt
|-heal|p1a: Pecharunt|100/100
|
|-damage|p2a: Great Tusk|33/100 tox|[from] psn
|upkeep
|turn|19
|
|t:|1779723170
|switch|p1a: Landorus|Landorus-Therian, M|76/100
|-damage|p1a: Landorus|64/100|[from] Stealth Rock
|-ability|p1a: Landorus|Intimidate|boost
|-unboost|p2a: Great Tusk|atk|1
|-end|p2a: Great Tusk|confusion
|move|p2a: Great Tusk|Headlong Rush|p1a: Landorus
|-immune|p1a: Landorus
|
|-damage|p2a: Great Tusk|15/100 tox|[from] psn
|upkeep
|turn|20
|
|t:|1779723175
|switch|p1a: Pecharunt|Pecharunt, tera:Dark|100/100
|-damage|p1a: Pecharunt|88/100|[from] Stealth Rock
|-status|p1a: Pecharunt|psn
|move|p2a: Great Tusk|Ice Spinner|p1a: Pecharunt
|-damage|p1a: Pecharunt|80/100 psn
|
|-damage|p2a: Great Tusk|0 fnt|[from] psn
|faint|p2a: Great Tusk
|-end|p2a: Great Tusk|Protosynthesis|[silent]
|-damage|p1a: Pecharunt|68/100 psn|[from] psn
|upkeep
|
|t:|1779723179
|switch|p2a: Darkrai|Darkrai|100/100
|turn|21
|
|t:|1779723184
|switch|p1a: Alomomola|Alomomola, M|100/100
|-damage|p1a: Alomomola|88/100|[from] Stealth Rock
|-status|p1a: Alomomola|psn
|move|p2a: Darkrai|Nasty Plot|p2a: Darkrai
|-boost|p2a: Darkrai|spa|2
|
|-damage|p1a: Alomomola|76/100 psn|[from] psn
|upkeep
|turn|22
|
|t:|1779723189
|move|p2a: Darkrai|Dark Pulse|p1a: Alomomola
|-crit|p1a: Alomomola
|-damage|p1a: Alomomola|9/100 psn
|move|p1a: Alomomola|Play Rough|p2a: Darkrai
|-supereffective|p2a: Darkrai
|-damage|p2a: Darkrai|53/100
|
|-damage|p1a: Alomomola|0 fnt|[from] psn
|faint|p1a: Alomomola
|upkeep
|
|t:|1779723193
|switch|p1a: Dragapult|Dragapult, F|100/100
|-damage|p1a: Dragapult|88/100|[from] Stealth Rock
|-status|p1a: Dragapult|psn
|turn|23
|
|t:|1779723197
|move|p1a: Dragapult|Dragon Darts|p2a: Darkrai
|-damage|p2a: Darkrai|18/100
|-anim|p1a: Dragapult|Dragon Darts|p2a: Darkrai
|-damage|p2a: Darkrai|0 fnt
|faint|p2a: Darkrai
|-damage|p1a: Dragapult|78/100 psn|[from] item: Life Orb
|
|-damage|p1a: Dragapult|66/100 psn|[from] psn
|upkeep
|
|t:|1779723200
|switch|p2a: Zamazenta|Zamazenta, tera:Water|89/100
|turn|24
|
|t:|1779723206
|switch|p1a: Pecharunt|Pecharunt, tera:Dark|68/100 psn
|-damage|p1a: Pecharunt|55/100 psn|[from] Stealth Rock
|move|p2a: Zamazenta|Heavy Slam|p1a: Pecharunt
|-damage|p1a: Pecharunt|39/100 psn
|
|-damage|p1a: Pecharunt|27/100 psn|[from] psn
|upkeep
|turn|25
|
|t:|1779723213
|move|p2a: Zamazenta|Heavy Slam|p1a: Pecharunt
|-damage|p1a: Pecharunt|12/100 psn
|move|p1a: Pecharunt|Recover|p1a: Pecharunt
|-heal|p1a: Pecharunt|62/100 psn
|
|-damage|p1a: Pecharunt|49/100 psn|[from] psn
|upkeep
|turn|26
|
|t:|1779723215
|move|p2a: Zamazenta|Heavy Slam|p1a: Pecharunt
|-damage|p1a: Pecharunt|33/100 psn
|move|p1a: Pecharunt|Recover|p1a: Pecharunt
|-heal|p1a: Pecharunt|83/100 psn
|
|-damage|p1a: Pecharunt|70/100 psn|[from] psn
|upkeep
|turn|27
|
|t:|1779723217
|move|p2a: Zamazenta|Heavy Slam|p1a: Pecharunt
|-damage|p1a: Pecharunt|55/100 psn
|move|p1a: Pecharunt|Recover|p1a: Pecharunt
|-heal|p1a: Pecharunt|100/100 psn
|
|-damage|p1a: Pecharunt|88/100 psn|[from] psn
|upkeep
|turn|28
|
|t:|1779723220
|switch|p1a: Landorus|Landorus-Therian, M|64/100
|-damage|p1a: Landorus|52/100|[from] Stealth Rock
|-ability|p1a: Landorus|Intimidate|boost
|-unboost|p2a: Zamazenta|atk|1
|move|p2a: Zamazenta|Heavy Slam|p1a: Landorus
|-damage|p1a: Landorus|36/100
|
|upkeep
|turn|29
|-message|Fear covraa forfeited.
|
|win|Wappy.kBs
|raw|Wappy.kBs's rating: 1444 &rarr; <strong>1462</strong><br />(+18 for winning)
|raw|Fear covraa's rating: 1414 &rarr; <strong>1396</strong><br />(-18 for losing)
|l|☆Fear covraa
|player|p2|
|l|☆Wappy.kBs
|player|p1|
