|j|☆thegreatestnone
|j|☆lockheed shartin
|t:|1779572078
|gametype|singles
|player|p1|thegreatestnone|2|1567
|player|p2|lockheed shartin|burglar|1593
|gen|9
|tier|[Gen 9] OU
|rated|
|rule|HP Percentage Mod: HP is shown in percentages
|rule|Endless Battle Clause: Forcing endless battles is banned
|rule|Species Clause: Limit one of each Pokémon
|rule|OHKO Clause: OHKO moves are banned
|rule|Evasion Items Clause: Evasion items are banned
|rule|Evasion Moves Clause: Evasion moves are banned
|rule|Evasion Abilities Clause: Evasion abilities are banned
|rule|Sleep Moves Clause: Sleep-inducing moves are banned
|clearpoke
|poke|p1|Dragapult, F|
|poke|p1|Ting-Lu|
|poke|p1|Skeledirge, F|
|poke|p1|Amoonguss, F|
|poke|p1|Weezing-Galar, F|
|poke|p1|Slowking, F|
|poke|p2|Araquanid, M|
|poke|p2|Dragonite, F|
|poke|p2|Gholdengo|
|poke|p2|Iron Valiant|
|poke|p2|Cinderace, M|
|poke|p2|Primarina, F|
|teampreview
|inactive|Battle timer is ON: inactive players will automatically lose when time's up. (requested by lockheed shartin)
|inactive|thegreatestnone has 120 seconds left.
|inactive|lockheed shartin has 120 seconds left.
|inactive|thegreatestnone has 90 seconds left.
|
|t:|1779572164
|teamsize|p1|6
|teamsize|p2|6
|start
|switch|p1a: Dragapult|Dragapult, F|100/100
|switch|p2a: GotYaGirlSticky|Araquanid, M|100/100
|turn|1
|
|t:|1779572170
|-terastallize|p1a: Dragapult|Dragon
|move|p1a: Dragapult|Dragon Darts|p2a: GotYaGirlSticky
|-damage|p2a: GotYaGirlSticky|42/100
|-anim|p1a: Dragapult|Dragon Darts|p2a: GotYaGirlSticky
|-damage|p2a: GotYaGirlSticky|0 fnt
|faint|p2a: GotYaGirlSticky
|
|upkeep
|
|t:|1779572175
|switch|p2a: Iron Valiant|Iron Valiant|100/100
|-enditem|p2a: Iron Valiant|Booster Energy
|-activate|p2a: Iron Valiant|ability: Quark Drive|[fromitem]
|-start|p2a: Iron Valiant|quarkdriveatk
|turn|2
|
|t:|1779572179
|switch|p1a: Amoonguss|Amoonguss, F|100/100
|move|p2a: Iron Valiant|Knock Off|p1a: Amoonguss
|-damage|p1a: Amoonguss|71/100
|-enditem|p1a: Amoonguss|Heavy-Duty Boots|[from] move: Knock Off|[of] p2a: Iron Valiant
|
|upkeep
|turn|3
|
|t:|1779572184
|move|p2a: Iron Valiant|Ice Punch|p1a: Amoonguss
|-supereffective|p1a: Amoonguss
|-damage|p1a: Amoonguss|20/100
|move|p1a: Amoonguss|Sludge Bomb|p2a: Iron Valiant
|-supereffective|p2a: Iron Valiant
|-damage|p2a: Iron Valiant|5/100
|
|upkeep
|turn|4
|
|t:|1779572197
|switch|p1a: Slowking|Slowking, F|100/100
|move|p2a: Iron Valiant|Knock Off|p1a: Slowking
|-supereffective|p1a: Slowking
|-damage|p1a: Slowking|2/100
|-enditem|p1a: Slowking|Heavy-Duty Boots|[from] move: Knock Off|[of] p2a: Iron Valiant
|
|upkeep
|turn|5
|
|t:|1779572202
|move|p2a: Iron Valiant|Knock Off|p1a: Slowking
|-supereffective|p1a: Slowking
|-damage|p1a: Slowking|0 fnt
|faint|p1a: Slowking
|
|upkeep
|
|t:|1779572204
|switch|p1a: Dragapult|Dragapult, F, tera:Dragon|100/100
|turn|6
|
|t:|1779572213
|-end|p2a: Iron Valiant|Quark Drive|[silent]
|switch|p2a: Primarina|Primarina, F|100/100
|move|p1a: Dragapult|U-turn|p2a: Primarina
|-resisted|p2a: Primarina
|-damage|p2a: Primarina|73/100
|
|t:|1779572218
|switch|p1a: Amoonguss|Amoonguss, F|54/100|[from] U-turn
|
|upkeep
|turn|7
|
|t:|1779572227
|move|p2a: Primarina|Calm Mind|p2a: Primarina
|-boost|p2a: Primarina|spa|1
|-boost|p2a: Primarina|spd|1
|move|p1a: Amoonguss|Giga Drain|p2a: Primarina
|-supereffective|p2a: Primarina
|-damage|p2a: Primarina|43/100
|-heal|p1a: Amoonguss|64/100|[from] drain|[of] p2a: Primarina
|
|upkeep
|turn|8
|
|t:|1779572244
|move|p2a: Primarina|Surf|p1a: Amoonguss
|-resisted|p1a: Amoonguss
|-damage|p1a: Amoonguss|34/100
|move|p1a: Amoonguss|Clear Smog|p2a: Primarina
|-supereffective|p2a: Primarina
|-damage|p2a: Primarina|24/100
|-clearboost|p2a: Primarina
|
|upkeep
|turn|9
|-enditem|p2a: Primarina|Custap Berry|[eat]
|-activate|p2a: Primarina|item: Custap Berry|[consumed]
|
|t:|1779572251
|move|p2a: Primarina|Surf|p1a: Amoonguss
|-resisted|p1a: Amoonguss
|-damage|p1a: Amoonguss|4/100
|move|p1a: Amoonguss|Sludge Bomb|p2a: Primarina
|-supereffective|p2a: Primarina
|-damage|p2a: Primarina|0 fnt
|faint|p2a: Primarina
|
|upkeep
|
|t:|1779572272
|switch|p2a: Cinderace|Cinderace, M|100/100
|turn|10
|
|t:|1779572277
|switch|p1a: Skeledirge|Skeledirge, F|100/100
|move|p2a: Cinderace|Pyro Ball|p1a: Skeledirge
|-resisted|p1a: Skeledirge
|-damage|p1a: Skeledirge|81/100
|
|upkeep
|turn|11
|
|t:|1779572283
|switch|p2a: Iron Valiant|Iron Valiant|5/100
|move|p1a: Skeledirge|Torch Song|p2a: Iron Valiant
|-damage|p2a: Iron Valiant|0 fnt
|-boost|p1a: Skeledirge|spa|1
|faint|p2a: Iron Valiant
|-end|p2a: Iron Valiant|Quark Drive|[silent]
|
|upkeep
|
|t:|1779572290
|switch|p2a: Moon Man|Dragonite, F|100/100
|turn|12
|
|t:|1779572293
|move|p2a: Moon Man|Earthquake|p1a: Skeledirge
|-supereffective|p1a: Skeledirge
|-damage|p1a: Skeledirge|23/100
|-damage|p2a: Moon Man|91/100|[from] item: Life Orb
|move|p1a: Skeledirge|Will-O-Wisp|p2a: Moon Man
|-status|p2a: Moon Man|brn
|
|-damage|p2a: Moon Man|84/100 brn|[from] brn
|upkeep
|turn|13
|
|t:|1779572312
|switch|p1a: Weezing|Weezing-Galar, F|100/100
|move|p2a: Moon Man|Earthquake|p1a: Weezing
|-immune|p1a: Weezing|[from] ability: Levitate
|
|-damage|p2a: Moon Man|78/100 brn|[from] brn
|upkeep
|turn|14
|inactive|thegreatestnone has 120 seconds left.
|
|t:|1779572359
|switch|p2a: Gholdengo|Gholdengo|100/100
|-item|p2a: Gholdengo|Air Balloon
|move|p1a: Weezing|Gunk Shot|p2a: Gholdengo
|-immune|p2a: Gholdengo
|
|upkeep
|turn|15
|
|t:|1779572371
|switch|p1a: Dragapult|Dragapult, F, tera:Dragon|100/100
|move|p2a: Gholdengo|Nasty Plot|p2a: Gholdengo
|-boost|p2a: Gholdengo|spa|2
|
|upkeep
|turn|16
|
|t:|1779572379
|move|p1a: Dragapult|U-turn|p2a: Gholdengo
|-resisted|p2a: Gholdengo
|-damage|p2a: Gholdengo|89/100
|-enditem|p2a: Gholdengo|Air Balloon
|
|t:|1779572381
|switch|p1a: Amoonguss|Amoonguss, F|37/100|[from] U-turn
|move|p2a: Gholdengo|Make It Rain|p1a: Amoonguss
|-damage|p1a: Amoonguss|0 fnt
|-unboost|p2a: Gholdengo|spa|1
|faint|p1a: Amoonguss
|
|upkeep
|
|t:|1779572385
|switch|p1a: Ting-Lu|Ting-Lu|100/100
|-ability|p1a: Ting-Lu|Vessel of Ruin
|turn|17
|
|t:|1779572390
|move|p2a: Gholdengo|Make It Rain|p1a: Ting-Lu
|-damage|p1a: Ting-Lu|58/100
|-unboost|p2a: Gholdengo|spa|1
|move|p1a: Ting-Lu|Ruination|p2a: Gholdengo
|-damage|p2a: Gholdengo|45/100
|
|-heal|p1a: Ting-Lu|65/100|[from] item: Leftovers
|upkeep
|turn|18
|
|t:|1779572395
|move|p2a: Gholdengo|Nasty Plot|p2a: Gholdengo
|-boost|p2a: Gholdengo|spa|2
|move|p1a: Ting-Lu|Earthquake|p2a: Gholdengo
|-supereffective|p2a: Gholdengo
|-damage|p2a: Gholdengo|0 fnt
|faint|p2a: Gholdengo
|
|-heal|p1a: Ting-Lu|71/100|[from] item: Leftovers
|upkeep
|
|t:|1779572400
|switch|p2a: Moon Man|Dragonite, F|78/100 brn
|turn|19
|
|t:|1779572404
|move|p2a: Moon Man|Dragon Dance|p2a: Moon Man
|-boost|p2a: Moon Man|atk|1
|-boost|p2a: Moon Man|spe|1
|move|p1a: Ting-Lu|Ruination|p2a: Moon Man|[miss]
|-miss|p1a: Ting-Lu|p2a: Moon Man
|
|-heal|p1a: Ting-Lu|77/100|[from] item: Leftovers
|-damage|p2a: Moon Man|72/100 brn|[from] brn
|upkeep
|turn|20
|
|t:|1779572407
|move|p2a: Moon Man|Outrage|p1a: Ting-Lu
|-damage|p1a: Ting-Lu|39/100
|-damage|p2a: Moon Man|62/100 brn|[from] item: Life Orb
|move|p1a: Ting-Lu|Ruination|p2a: Moon Man
|-damage|p2a: Moon Man|31/100 brn
|
|-heal|p1a: Ting-Lu|45/100|[from] item: Leftovers
|-damage|p2a: Moon Man|25/100 brn|[from] brn
|upkeep
|turn|21
|
|t:|1779572411
|switch|p1a: Weezing|Weezing-Galar, F|100/100
|move|p2a: Moon Man|Outrage|p1a: Weezing|[from] lockedmove
|-immune|p1a: Weezing
|
|-damage|p2a: Moon Man|19/100 brn|[from] brn
|upkeep
|turn|22
|
|t:|1779572421
|move|p2a: Moon Man|Extreme Speed|p1a: Weezing
|-damage|p1a: Weezing|82/100
|-damage|p2a: Moon Man|9/100 brn|[from] item: Life Orb
|move|p1a: Weezing|Gunk Shot|p2a: Moon Man|[miss]
|-miss|p1a: Weezing|p2a: Moon Man
|
|-heal|p1a: Weezing|88/100|[from] item: Leftovers
|-damage|p2a: Moon Man|3/100 brn|[from] brn
|upkeep
|turn|23
|
|t:|1779572425
|move|p2a: Moon Man|Outrage|p1a: Weezing
|-immune|p1a: Weezing
|move|p1a: Weezing|Gunk Shot|p2a: Moon Man
|-damage|p2a: Moon Man|0 fnt
|faint|p2a: Moon Man
|
|-heal|p1a: Weezing|94/100|[from] item: Leftovers
|upkeep
|
|t:|1779572428
|switch|p2a: Cinderace|Cinderace, M|100/100
|turn|24
|
|t:|1779572430
|move|p2a: Cinderace|Swords Dance|p2a: Cinderace
|-boost|p2a: Cinderace|atk|2
|move|p1a: Weezing|Gunk Shot|p2a: Cinderace
|-damage|p2a: Cinderace|46/100
|
|-heal|p1a: Weezing|99/100|[from] item: Leftovers
|upkeep
|turn|25
|
|t:|1779572436
|move|p2a: Cinderace|Swords Dance|p2a: Cinderace
|-boost|p2a: Cinderace|atk|2
|move|p1a: Weezing|Gunk Shot|p2a: Cinderace
|-damage|p2a: Cinderace|0 fnt
|faint|p2a: Cinderace
|
|win|thegreatestnone
|raw|thegreatestnone's rating: 1567 &rarr; <strong>1588</strong><br />(+21 for winning)
|raw|lockheed shartin's rating: 1593 &rarr; <strong>1572</strong><br />(-21 for losing)
|l|☆lockheed shartin
|player|p2|
|l|☆thegreatestnone
|player|p1|
