|j|☆Iron Fist286
|j|☆bo552
|t:|1779560224
|gametype|singles
|player|p1|Iron Fist286|n|1352
|player|p2|bo552|brycenman|1358
|gen|9
|tier|[Gen 9] OU
|rated|
|rule|HP Percentage Mod: HP is shown in percentages
|rule|Endless Battle Clause: Forcing endless battles is banned
|rule|Species Clause: Limit one of each Pokémon
|rule|OHKO Clause: OHKO moves are banned
|rule|Evasion Items Clause: Evasion items are banned
|rule|Evasion Moves Clause: Evasion moves are banned
|rule|Evasion Abilities Clause: Evasion abilities are banned
|rule|Sleep Moves Clause: Sleep-inducing moves are banned
|clearpoke
|poke|p1|Weezing-Galar, M|
|poke|p1|Ogerpon, F|
|poke|p1|Skarmory, M|
|poke|p1|Alomomola, M|
|poke|p1|Clodsire, M|
|poke|p1|Hydreigon, M|
|poke|p2|Slowking-Galar, F|
|poke|p2|Landorus-Therian, M|
|poke|p2|Zoroark-Hisui, F|
|poke|p2|Primarina, F|
|poke|p2|Cinderace, F|
|poke|p2|Regieleki|
|teampreview
|
|t:|1779560246
|teamsize|p1|6
|teamsize|p2|6
|start
|switch|p1a: Ogerpon|Ogerpon, F|100/100
|switch|p2a: Round and Round|Regieleki, shiny|100/100
|turn|1
|
|t:|1779560263
|switch|p2a: Do it again.|Landorus-Therian, M|100/100
|-ability|p2a: Do it again.|Intimidate|boost
|-unboost|p1a: Ogerpon|atk|1
|-ability|p1a: Ogerpon|Defiant|boost
|-boost|p1a: Ogerpon|atk|2
|move|p1a: Ogerpon|Knock Off|p2a: Do it again.
|-damage|p2a: Do it again.|36/100
|-damage|p1a: Ogerpon|84/100|[from] item: Rocky Helmet|[of] p2a: Do it again.
|-enditem|p2a: Do it again.|Rocky Helmet|[from] move: Knock Off|[of] p1a: Ogerpon
|
|upkeep
|turn|2
|inactive|Battle timer is ON: inactive players will automatically lose when time's up. (requested by bo552)
|
|t:|1779560299
|switch|p1a: Skarmory|Skarmory, M, shiny|100/100
|move|p2a: Do it again.|U-turn|p1a: Skarmory
|-resisted|p1a: Skarmory
|-damage|p1a: Skarmory|97/100
|-damage|p2a: Do it again.|19/100|[from] item: Rocky Helmet|[of] p1a: Skarmory
|
|t:|1779560302
|switch|p2a: Round and Round|Regieleki, shiny|100/100|[from] U-turn
|
|upkeep
|turn|3
|
|t:|1779560307
|switch|p1a: Clodsire|Clodsire, M, shiny|100/100
|move|p2a: Round and Round|Trick|p1a: Clodsire
|-activate|p2a: Round and Round|move: Trick|[of] p1a: Clodsire
|-item|p1a: Clodsire|Ring Target|[from] move: Trick
|-item|p2a: Round and Round|Covert Cloak|[from] move: Trick
|
|upkeep
|turn|4
|
|t:|1779560334
|switch|p2a: Back. Jack.|Slowking-Galar, F|100/100
|move|p1a: Clodsire|Stealth Rock|p2a: Back. Jack.
|-sidestart|p2: bo552|move: Stealth Rock
|
|upkeep
|turn|5
|
|t:|1779560346
|switch|p1a: Secret Weapon|Hydreigon, M, shiny|100/100
|move|p2a: Back. Jack.|Future Sight|p1a: Secret Weapon
|-start|p2a: Back. Jack.|move: Future Sight
|
|upkeep
|turn|6
|
|t:|1779560355
|switch|p2a: Do it again.|Landorus-Therian, M|19/100
|-damage|p2a: Do it again.|7/100|[from] Stealth Rock
|-ability|p2a: Do it again.|Intimidate|boost
|-unboost|p1a: Secret Weapon|atk|1
|move|p1a: Secret Weapon|Dark Pulse|p2a: Do it again.
|-damage|p2a: Do it again.|0 fnt
|faint|p2a: Do it again.
|
|upkeep
|
|t:|1779560364
|switch|p2a: Ballin|Cinderace, F|100/100
|turn|7
|
|t:|1779560373
|switch|p1a: Weezing|Weezing-Galar, M, shiny|100/100
|-ability|p1a: Weezing|Neutralizing Gas
|move|p2a: Ballin|Court Change|p2a: Ballin
|-swapsideconditions
|-activate|p2a: Ballin|move: Court Change
|
|-end|p1a: Weezing|move: Future Sight
|-supereffective|p1a: Weezing
|-damage|p1a: Weezing|0 fnt
|faint|p1a: Weezing
|-end|p1a: Weezing|ability: Neutralizing Gas
|upkeep
|c|☆Iron Fist286|oops lol
|
|t:|1779560391
|switch|p1a: Ogerpon|Ogerpon, F|84/100
|-damage|p1a: Ogerpon|72/100|[from] Stealth Rock
|turn|8
|
|t:|1779560409
|-terastallize|p1a: Ogerpon|Grass
|detailschange|p1a: Ogerpon|Ogerpon-Teal-Tera, F, tera:Grass
|-ability|p1a: Ogerpon|Embody Aspect (Teal)|boost
|-boost|p1a: Ogerpon|spe|1
|move|p1a: Ogerpon|Rock Tomb|p2a: Ballin
|-supereffective|p2a: Ballin
|-damage|p2a: Ballin|27/100
|-unboost|p2a: Ballin|spe|1
|move|p2a: Ballin|Pyro Ball|p1a: Ogerpon
|-supereffective|p1a: Ogerpon
|-damage|p1a: Ogerpon|0 fnt
|faint|p1a: Ogerpon
|detailschange|p1: Ogerpon|Ogerpon, F|[silent]
|
|upkeep
|inactive|Iron Fist286 has 120 seconds left.
|
|t:|1779560427
|switch|p1a: Alomomola|Alomomola, M, shiny|100/100
|-damage|p1a: Alomomola|88/100|[from] Stealth Rock
|turn|9
|inactive|Iron Fist286 has 120 seconds left.
|
|t:|1779560434
|move|p1a: Alomomola|Aqua Jet|p2a: Ballin
|-supereffective|p2a: Ballin
|-damage|p2a: Ballin|4/100
|move|p2a: Ballin|U-turn|p1a: Alomomola
|-damage|p1a: Alomomola|73/100
|
|t:|1779560437
|switch|p2a: Round and Round|Regieleki, shiny|100/100|[from] U-turn
|
|upkeep
|turn|10
|
|t:|1779560443
|switch|p1a: Clodsire|Clodsire, M, shiny|100/100
|-damage|p1a: Clodsire|94/100|[from] Stealth Rock
|-terastallize|p2a: Round and Round|Electric
|move|p2a: Round and Round|Volt Switch|p1a: Clodsire
|-damage|p1a: Clodsire|49/100
|
|t:|1779560451
|switch|p2a: Wheel turnin'|Primarina, F|100/100|[from] Volt Switch
|
|upkeep
|turn|11
|
|t:|1779560464
|switch|p1a: Alomomola|Alomomola, M, shiny|100/100
|-damage|p1a: Alomomola|88/100|[from] Stealth Rock
|move|p2a: Wheel turnin'|Psychic Noise|p1a: Alomomola
|-damage|p1a: Alomomola|74/100
|-start|p1a: Alomomola|move: Heal Block
|
|upkeep
|turn|12
|
|t:|1779560468
|move|p2a: Wheel turnin'|Moonblast|p1a: Alomomola
|-damage|p1a: Alomomola|49/100
|move|p1a: Alomomola|Mirror Coat|p2a: Wheel turnin'
|-damage|p2a: Wheel turnin'|22/100
|
|-end|p1a: Alomomola|move: Heal Block
|upkeep
|turn|13
|
|t:|1779560482
|move|p2a: Wheel turnin'|Psychic Noise|p1a: Alomomola
|-damage|p1a: Alomomola|36/100
|-start|p1a: Alomomola|move: Heal Block
|move|p1a: Alomomola|Play Rough|p2a: Wheel turnin'
|-damage|p2a: Wheel turnin'|0 fnt
|faint|p2a: Wheel turnin'
|
|upkeep
|
|t:|1779560494
|switch|p2a: Round and Round|Regieleki, shiny, tera:Electric|100/100
|turn|14
|
|t:|1779560501
|switch|p1a: Clodsire|Clodsire, M, shiny|49/100
|-damage|p1a: Clodsire|43/100|[from] Stealth Rock
|move|p2a: Round and Round|Volt Switch|p1a: Clodsire
|-damage|p1a: Clodsire|0 fnt
|faint|p1a: Clodsire
|
|t:|1779560511
|switch|p2a: Ballin|Cinderace, F|100/100|[from] Volt Switch
|
|upkeep
|
|t:|1779560517
|switch|p1a: Secret Weapon|Hydreigon, M, shiny|100/100
|-damage|p1a: Secret Weapon|88/100|[from] Stealth Rock
|turn|15
|
|t:|1779560524
|move|p2a: Ballin|Hyper Voice|p1a: Secret Weapon
|-damage|p1a: Secret Weapon|37/100
|move|p1a: Secret Weapon|Earth Power|p2a: Ballin
|-damage|p2a: Ballin|10/100
|replace|p2a: Azzy <3|Zoroark-Hisui, F, shiny
|-end|p2a: Azzy <3|Illusion
|
|upkeep
|turn|16
|
|t:|1779560535
|switch|p1a: Alomomola|Alomomola, M, shiny|69/100
|-damage|p1a: Alomomola|57/100|[from] Stealth Rock
|move|p2a: Azzy <3|Hyper Voice|p1a: Alomomola
|-damage|p1a: Alomomola|33/100
|
|upkeep
|turn|17
|
|t:|1779560539
|move|p1a: Alomomola|Aqua Jet|p2a: Azzy <3
|-damage|p2a: Azzy <3|0 fnt
|faint|p2a: Azzy <3
|
|upkeep
|
|t:|1779560541
|switch|p2a: Round and Round|Regieleki, shiny, tera:Electric|100/100
|turn|18
|c|☆bo552|gg
|
|t:|1779560555
|move|p2a: Round and Round|Thunderbolt|p1a: Alomomola
|-supereffective|p1a: Alomomola
|-crit|p1a: Alomomola
|-damage|p1a: Alomomola|0 fnt
|faint|p1a: Alomomola
|
|upkeep
|
|t:|1779560561
|switch|p1a: Secret Weapon|Hydreigon, M, shiny|37/100
|-damage|p1a: Secret Weapon|25/100|[from] Stealth Rock
|turn|19
|
|t:|1779560563
|move|p2a: Round and Round|Thunderbolt|p1a: Secret Weapon
|-resisted|p1a: Secret Weapon
|-damage|p1a: Secret Weapon|0 fnt
|faint|p1a: Secret Weapon
|
|upkeep
|
|t:|1779560566
|switch|p1a: Skarmory|Skarmory, M, shiny|97/100
|-damage|p1a: Skarmory|85/100|[from] Stealth Rock
|turn|20
|c|☆Iron Fist286|gg
|c|☆Iron Fist286|forgetting the future sight was the killer lol
|
|t:|1779560581
|move|p2a: Round and Round|Thunderbolt|p1a: Skarmory
|-supereffective|p1a: Skarmory
|-damage|p1a: Skarmory|0 fnt
|faint|p1a: Skarmory
|
|win|bo552
|raw|Iron Fist286's rating: 1352 &rarr; <strong>1332</strong><br />(-20 for losing)
|raw|bo552's rating: 1358 &rarr; <strong>1378</strong><br />(+20 for winning)
|l|☆Iron Fist286
|player|p1|
