|j|☆YarMathey
|j|☆dodino
|t:|1779710945
|gametype|singles
|player|p1|YarMathey|skyla|1171
|player|p2|dodino|lucas|1170
|gen|9
|tier|[Gen 9] OU
|rated|
|rule|HP Percentage Mod: HP is shown in percentages
|rule|Endless Battle Clause: Forcing endless battles is banned
|rule|Species Clause: Limit one of each Pokémon
|rule|OHKO Clause: OHKO moves are banned
|rule|Evasion Items Clause: Evasion items are banned
|rule|Evasion Moves Clause: Evasion moves are banned
|rule|Evasion Abilities Clause: Evasion abilities are banned
|rule|Sleep Moves Clause: Sleep-inducing moves are banned
|clearpoke
|poke|p1|Sandslash-Alola, M|
|poke|p1|Slowking, M|
|poke|p1|Raging Bolt|
|poke|p1|Corviknight, M|
|poke|p1|Ting-Lu|
|poke|p1|Primarina, F|
|poke|p2|Ogerpon, F|
|poke|p2|Dragapult, F|
|poke|p2|Rotom-Heat|
|poke|p2|Araquanid, F|
|poke|p2|Revavroom, F|
|poke|p2|Jirachi|
|teampreview
|inactive|Battle timer is ON: inactive players will automatically lose when time's up. (requested by dodino)
|
|t:|1779710965
|teamsize|p1|6
|teamsize|p2|6
|start
|switch|p1a: Slowking|Slowking, M|100/100
|switch|p2a: 부르르룸|Revavroom, F|100/100
|-item|p2a: 부르르룸|Air Balloon
|turn|1
|
|t:|1779710975
|move|p2a: 부르르룸|Shift Gear|p2a: 부르르룸
|-boost|p2a: 부르르룸|spe|2
|-boost|p2a: 부르르룸|atk|1
|move|p1a: Slowking|Future Sight|p2a: 부르르룸
|-start|p1a: Slowking|move: Future Sight
|
|upkeep
|turn|2
|
|t:|1779710983
|move|p2a: 부르르룸|Shift Gear|p2a: 부르르룸
|-boost|p2a: 부르르룸|spe|2
|-boost|p2a: 부르르룸|atk|1
|-prepare|p1a: Slowking|Chilly Reception|[premajor]
|move|p1a: Slowking|Chilly Reception|p1a: Slowking
|-weather|Snowscape
|
|t:|1779711002
|switch|p1a: Corviknight|Corviknight, M|100/100|[from] Chilly Reception
|-ability|p1a: Corviknight|Pressure
|
|-weather|Snowscape|[upkeep]
|upkeep
|turn|3
|
|t:|1779711007
|move|p2a: 부르르룸|Hard Press|p1a: Corviknight
|-resisted|p1a: Corviknight
|-damage|p1a: Corviknight|56/100
|move|p1a: Corviknight|Body Press|p2a: 부르르룸
|-damage|p2a: 부르르룸|82/100
|-enditem|p2a: 부르르룸|Air Balloon
|
|-weather|Snowscape|[upkeep]
|-end|p2a: 부르르룸|move: Future Sight
|-damage|p2a: 부르르룸|25/100
|-heal|p1a: Corviknight|62/100|[from] item: Leftovers
|upkeep
|turn|4
|
|t:|1779711018
|move|p2a: 부르르룸|Hard Press|p1a: Corviknight
|-resisted|p1a: Corviknight
|-damage|p1a: Corviknight|35/100
|move|p1a: Corviknight|Iron Defense|p1a: Corviknight
|-boost|p1a: Corviknight|def|2
|
|-weather|Snowscape|[upkeep]
|-heal|p1a: Corviknight|41/100|[from] item: Leftovers
|upkeep
|turn|5
|
|t:|1779711022
|switch|p2a: 로토무|Rotom-Heat|100/100
|move|p1a: Corviknight|Roost|p1a: Corviknight
|-heal|p1a: Corviknight|91/100
|-singleturn|p1a: Corviknight|move: Roost
|
|-weather|Snowscape|[upkeep]
|-heal|p1a: Corviknight|97/100|[from] item: Leftovers
|upkeep
|turn|6
|
|t:|1779711026
|switch|p1a: Ting-Lu|Ting-Lu|100/100
|-ability|p1a: Ting-Lu|Vessel of Ruin
|move|p2a: 로토무|Thunderbolt|p1a: Ting-Lu
|-immune|p1a: Ting-Lu
|
|-weather|none
|upkeep
|turn|7
|
|t:|1779711032
|switch|p2a: 부르르룸|Revavroom, F|25/100
|move|p1a: Ting-Lu|Stealth Rock|p2a: 부르르룸
|-sidestart|p2: dodino|move: Stealth Rock
|
|upkeep
|turn|8
|
|t:|1779711037
|move|p2a: 부르르룸|Hard Press|p1a: Ting-Lu
|-damage|p1a: Ting-Lu|77/100
|move|p1a: Ting-Lu|Earthquake|p2a: 부르르룸
|-supereffective|p2a: 부르르룸
|-damage|p2a: 부르르룸|0 fnt
|faint|p2a: 부르르룸
|
|-heal|p1a: Ting-Lu|83/100|[from] item: Leftovers
|upkeep
|
|t:|1779711043
|switch|p2a: 오거폰|Ogerpon, F|100/100
|-damage|p2a: 오거폰|88/100|[from] Stealth Rock
|turn|9
|
|t:|1779711052
|move|p2a: 오거폰|Swords Dance|p2a: 오거폰
|-boost|p2a: 오거폰|atk|2
|move|p1a: Ting-Lu|Ruination|p2a: 오거폰
|-damage|p2a: 오거폰|44/100
|
|-heal|p1a: Ting-Lu|89/100|[from] item: Leftovers
|upkeep
|turn|10
|
|t:|1779711062
|switch|p1a: Corviknight|Corviknight, M|97/100
|-ability|p1a: Corviknight|Pressure
|-terastallize|p2a: 오거폰|Grass
|detailschange|p2a: 오거폰|Ogerpon-Teal-Tera, F, tera:Grass
|-ability|p2a: 오거폰|Embody Aspect (Teal)|boost
|-boost|p2a: 오거폰|spe|1
|move|p2a: 오거폰|Ivy Cudgel|p1a: Corviknight
|-resisted|p1a: Corviknight
|-damage|p1a: Corviknight|66/100
|
|-heal|p1a: Corviknight|72/100|[from] item: Leftovers
|upkeep
|turn|11
|
|t:|1779711071
|move|p2a: 오거폰|Knock Off|p1a: Corviknight
|-damage|p1a: Corviknight|12/100
|-enditem|p1a: Corviknight|Leftovers|[from] move: Knock Off|[of] p2a: 오거폰
|move|p1a: Corviknight|Body Press|p2a: 오거폰
|-damage|p2a: 오거폰|23/100
|-enditem|p2a: 오거폰|Figy Berry|[eat]
|-heal|p2a: 오거폰|57/100|[from] item: Figy Berry
|
|upkeep
|turn|12
|
|t:|1779711078
|move|p2a: 오거폰|Knock Off|p1a: Corviknight
|-damage|p1a: Corviknight|0 fnt
|faint|p1a: Corviknight
|
|upkeep
|
|t:|1779711084
|switch|p1a: Raging Bolt|Raging Bolt|100/100
|turn|13
|
|t:|1779711093
|move|p1a: Raging Bolt|Thunderclap|p2a: 오거폰
|-resisted|p2a: 오거폰
|-crit|p2a: 오거폰
|-damage|p2a: 오거폰|11/100
|move|p2a: 오거폰|Play Rough|p1a: Raging Bolt
|-supereffective|p1a: Raging Bolt
|-damage|p1a: Raging Bolt|0 fnt
|faint|p1a: Raging Bolt
|-end|p1a: Raging Bolt|Protosynthesis|[silent]
|
|upkeep
|
|t:|1779711106
|switch|p1a: Ting-Lu|Ting-Lu|89/100
|-ability|p1a: Ting-Lu|Vessel of Ruin
|turn|14
|
|t:|1779711112
|-terastallize|p1a: Ting-Lu|Dark
|move|p2a: 오거폰|Ivy Cudgel|p1a: Ting-Lu
|-damage|p1a: Ting-Lu|29/100
|move|p1a: Ting-Lu|Whirlwind|p2a: 오거폰
|drag|p2a: 로토무|Rotom-Heat|100/100
|-damage|p2a: 로토무|76/100|[from] Stealth Rock
|
|-heal|p1a: Ting-Lu|35/100|[from] item: Leftovers
|upkeep
|turn|15
|
|t:|1779711121
|move|p2a: 로토무|Volt Switch|p1a: Ting-Lu
|-damage|p1a: Ting-Lu|15/100
|
|t:|1779711126
|switch|p2a: 오거폰|Ogerpon-Teal-Tera, F, tera:Grass|11/100|[from] Volt Switch
|-damage|p2a: 오거폰|0 fnt|[from] Stealth Rock
|faint|p2a: 오거폰
|detailschange|p2: 오거폰|Ogerpon, F|[silent]
|move|p1a: Ting-Lu|Earthquake|p2: 오거폰|[notarget]
|-fail|p1a: Ting-Lu
|
|-heal|p1a: Ting-Lu|21/100|[from] item: Leftovers
|upkeep
|
|t:|1779711129
|switch|p2a: 드래펄트|Dragapult, F|100/100
|-damage|p2a: 드래펄트|88/100|[from] Stealth Rock
|turn|16
|
|t:|1779711132
|move|p2a: 드래펄트|U-turn|p1a: Ting-Lu
|-supereffective|p1a: Ting-Lu
|-damage|p1a: Ting-Lu|0 fnt
|faint|p1a: Ting-Lu
|
|t:|1779711135
|switch|p2a: 지라치|Jirachi|100/100|[from] U-turn
|-damage|p2a: 지라치|94/100|[from] Stealth Rock
|
|-heal|p2a: 지라치|100/100|[from] item: Leftovers
|upkeep
|
|t:|1779711137
|switch|p1a: Slowking|Slowking, M|100/100
|turn|17
|
|t:|1779711145
|move|p2a: 지라치|Doom Desire|p1a: Slowking
|-start|p2a: 지라치|Doom Desire
|-prepare|p1a: Slowking|Chilly Reception|[premajor]
|move|p1a: Slowking|Chilly Reception|p1a: Slowking
|-weather|Snowscape
|
|t:|1779711148
|switch|p1a: Sandslash|Sandslash-Alola, M|100/100|[from] Chilly Reception
|
|-weather|Snowscape|[upkeep]
|upkeep
|turn|18
|
|t:|1779711152
|move|p1a: Sandslash|Knock Off|p2a: 지라치
|-supereffective|p2a: 지라치
|-damage|p2a: 지라치|16/100
|-enditem|p2a: 지라치|Leftovers|[from] move: Knock Off|[of] p1a: Sandslash
|move|p2a: 지라치|Drain Punch|p1a: Sandslash
|-supereffective|p1a: Sandslash
|-damage|p1a: Sandslash|59/100
|-heal|p2a: 지라치|34/100|[from] drain|[of] p1a: Sandslash
|
|-weather|Snowscape|[upkeep]
|upkeep
|turn|19
|
|t:|1779711166
|switch|p1a: Slowking|Slowking, M|100/100
|move|p2a: 지라치|Drain Punch|p1a: Slowking
|-resisted|p1a: Slowking
|-damage|p1a: Slowking|94/100
|-heal|p2a: 지라치|37/100|[from] drain|[of] p1a: Slowking
|
|-weather|Snowscape|[upkeep]
|-end|p1a: Slowking|move: Doom Desire
|-resisted|p1a: Slowking
|-damage|p1a: Slowking|67/100
|upkeep
|turn|20
|
|t:|1779711174
|move|p2a: 지라치|Doom Desire|p1a: Slowking
|-start|p2a: 지라치|Doom Desire
|move|p1a: Slowking|Scald|p2a: 지라치
|-damage|p2a: 지라치|14/100
|
|-weather|Snowscape|[upkeep]
|upkeep
|turn|21
|
|t:|1779711181
|move|p2a: 지라치|Drain Punch|p1a: Slowking
|-resisted|p1a: Slowking
|-damage|p1a: Slowking|61/100
|-heal|p2a: 지라치|17/100|[from] drain|[of] p1a: Slowking
|move|p1a: Slowking|Future Sight|p2a: 지라치
|-start|p1a: Slowking|move: Future Sight
|
|-weather|none
|upkeep
|turn|22
|
|t:|1779711194
|move|p2a: 지라치|Psychic Noise|p1a: Slowking
|-resisted|p1a: Slowking
|-damage|p1a: Slowking|47/100
|-start|p1a: Slowking|move: Heal Block
|move|p1a: Slowking|Scald|p2a: 지라치
|-damage|p2a: 지라치|0 fnt
|faint|p2a: 지라치
|
|-end|p1a: Slowking|move: Doom Desire
|-resisted|p1a: Slowking
|-damage|p1a: Slowking|22/100
|upkeep
|
|t:|1779711199
|switch|p2a: 로토무|Rotom-Heat|76/100
|-damage|p2a: 로토무|51/100|[from] Stealth Rock
|turn|23
|
|t:|1779711203
|move|p2a: 로토무|Volt Switch|p1a: Slowking
|-supereffective|p1a: Slowking
|-damage|p1a: Slowking|0 fnt
|faint|p1a: Slowking
|
|t:|1779711208
|switch|p2a: 깨비물거미|Araquanid, F|100/100|[from] Volt Switch
|-damage|p2a: 깨비물거미|76/100|[from] Stealth Rock
|
|-end|p2a: 깨비물거미|move: Future Sight
|-damage|p2a: 깨비물거미|54/100
|upkeep
|
|t:|1779711213
|switch|p1a: Sandslash|Sandslash-Alola, M|59/100
|turn|24
|
|t:|1779711216
|move|p1a: Sandslash|Knock Off|p2a: 깨비물거미
|-damage|p2a: 깨비물거미|1/100
|-enditem|p2a: 깨비물거미|Assault Vest|[from] move: Knock Off|[of] p1a: Sandslash
|move|p2a: 깨비물거미|Liquidation|p1a: Sandslash
|-damage|p1a: Sandslash|3/100
|
|upkeep
|turn|25
|
|t:|1779711221
|move|p1a: Sandslash|Knock Off|p2a: 깨비물거미
|-damage|p2a: 깨비물거미|0 fnt
|faint|p2a: 깨비물거미
|
|upkeep
|
|t:|1779711225
|switch|p2a: 로토무|Rotom-Heat|51/100
|-damage|p2a: 로토무|26/100|[from] Stealth Rock
|turn|26
|
|t:|1779711230
|move|p2a: 로토무|Thunderbolt|p1a: Sandslash
|-damage|p1a: Sandslash|0 fnt
|faint|p1a: Sandslash
|
|upkeep
|
|t:|1779711232
|switch|p1a: Primarina|Primarina, F|100/100
|turn|27
|
|t:|1779711235
|move|p2a: 로토무|Thunderbolt|p1a: Primarina
|-supereffective|p1a: Primarina
|-damage|p1a: Primarina|38/100
|-status|p1a: Primarina|par
|move|p1a: Primarina|Hyper Voice|p2a: 로토무
|-supereffective|p2a: 로토무
|-damage|p2a: 로토무|0 fnt
|faint|p2a: 로토무
|
|-heal|p1a: Primarina|44/100 par|[from] item: Leftovers
|upkeep
|
|t:|1779711238
|switch|p2a: 드래펄트|Dragapult, F|88/100
|-damage|p2a: 드래펄트|76/100|[from] Stealth Rock
|turn|28
|
|t:|1779711240
|move|p2a: 드래펄트|Phantom Force||[still]
|-prepare|p2a: 드래펄트|Phantom Force
|move|p1a: Primarina|Moonblast|p2a: 드래펄트|[miss]
|-miss|p1a: Primarina|p2a: 드래펄트
|
|-heal|p1a: Primarina|50/100 par|[from] item: Leftovers
|upkeep
|turn|29
|
|t:|1779711245
|move|p2a: 드래펄트|Phantom Force|p1a: Primarina|[from] lockedmove
|-damage|p1a: Primarina|0 fnt
|faint|p1a: Primarina
|
|win|dodino
|raw|YarMathey's rating: 1171 &rarr; <strong>1146</strong><br />(-25 for losing)
|raw|dodino's rating: 1170 &rarr; <strong>1195</strong><br />(+25 for winning)
|l|☆YarMathey
|player|p1|
|l|☆dodino
|player|p2|
