|j|☆Dubyaz13
|j|☆wembananas
|t:|1779595437
|gametype|singles
|player|p1|Dubyaz13|102|1342
|player|p2|wembananas|iris-gen5bw2|1341
|gen|9
|tier|[Gen 9] OU
|rated|
|rule|HP Percentage Mod: HP is shown in percentages
|rule|Endless Battle Clause: Forcing endless battles is banned
|rule|Species Clause: Limit one of each Pokémon
|rule|OHKO Clause: OHKO moves are banned
|rule|Evasion Items Clause: Evasion items are banned
|rule|Evasion Moves Clause: Evasion moves are banned
|rule|Evasion Abilities Clause: Evasion abilities are banned
|rule|Sleep Moves Clause: Sleep-inducing moves are banned
|clearpoke
|poke|p1|Dragonite, F|
|poke|p1|Samurott-Hisui, F|
|poke|p1|Gholdengo|
|poke|p1|Pecharunt|
|poke|p1|Walking Wake|
|poke|p1|Ting-Lu|
|poke|p2|Hatterene, F|
|poke|p2|Farigiraf, M|
|poke|p2|Mimikyu, M|
|poke|p2|Slither Wing|
|poke|p2|Ursaluna, M|
|poke|p2|Torkoal, F|
|teampreview
|inactive|Battle timer is ON: inactive players will automatically lose when time's up. (requested by wembananas)
|inactive|wembananas has 120 seconds left.
|
|t:|1779595479
|teamsize|p1|6
|teamsize|p2|6
|start
|switch|p1a: Samurott|Samurott-Hisui, F|100/100
|switch|p2a: Hatterene|Hatterene, F|100/100
|turn|1
|c|☆wembananas|mb
|c|☆wembananas|gl
|
|t:|1779595486
|move|p1a: Samurott|Ceaseless Edge|p2a: Hatterene
|-damage|p2a: Hatterene|54/100
|-sidestart|p2: wembananas|Spikes
|move|p2a: Hatterene|Trick Room|p2a: Hatterene
|-fieldstart|move: Trick Room|[of] p2a: Hatterene
|
|upkeep
|turn|2
|c|☆wembananas|im geeked
|
|t:|1779595494
|switch|p1a: Gholdengo|Gholdengo|100/100
|move|p2a: Hatterene|Misty Explosion|p1a: Gholdengo
|-resisted|p1a: Gholdengo
|-damage|p1a: Gholdengo|65/100
|faint|p2a: Hatterene
|
|upkeep
|
|t:|1779595500
|switch|p2a: Torkoal|Torkoal, F|100/100
|-damage|p2a: Torkoal|88/100|[from] Spikes
|-weather|SunnyDay|[from] ability: Drought|[of] p2a: Torkoal
|turn|3
|
|t:|1779595506
|switch|p1a: Ting-Lu|Ting-Lu|100/100
|-ability|p1a: Ting-Lu|Vessel of Ruin
|move|p2a: Torkoal|Eruption|p1a: Ting-Lu
|-damage|p1a: Ting-Lu|48/100
|
|-weather|SunnyDay|[upkeep]
|-heal|p1a: Ting-Lu|54/100|[from] item: Leftovers
|upkeep
|turn|4
|
|t:|1779595525
|move|p2a: Torkoal|Eruption|p1a: Ting-Lu
|-damage|p1a: Ting-Lu|5/100
|move|p1a: Ting-Lu|Stealth Rock|p2a: Torkoal
|-sidestart|p2: wembananas|move: Stealth Rock
|
|-weather|SunnyDay|[upkeep]
|-heal|p1a: Ting-Lu|11/100|[from] item: Leftovers
|upkeep
|turn|5
|
|t:|1779595530
|move|p2a: Torkoal|Eruption|p1a: Ting-Lu
|-damage|p1a: Ting-Lu|0 fnt
|faint|p1a: Ting-Lu
|
|-weather|SunnyDay|[upkeep]
|-fieldend|move: Trick Room
|upkeep
|
|t:|1779595536
|switch|p1a: Walking Wake|Walking Wake|100/100
|-activate|p1a: Walking Wake|ability: Protosynthesis
|-start|p1a: Walking Wake|protosynthesisspe
|turn|6
|inactive|wembananas has 120 seconds left.
|
|t:|1779595575
|move|p1a: Walking Wake|Knock Off|p2a: Torkoal
|-damage|p2a: Torkoal|76/100
|-enditem|p2a: Torkoal|Choice Specs|[from] move: Knock Off|[of] p1a: Walking Wake
|move|p2a: Torkoal|Eruption|p1a: Walking Wake
|-resisted|p1a: Walking Wake
|-damage|p1a: Walking Wake|81/100
|
|-weather|SunnyDay|[upkeep]
|upkeep
|turn|7
|inactive|wembananas has 120 seconds left.
|
|t:|1779595605
|switch|p2a: Mimikyu|Mimikyu, M|100/100
|-damage|p2a: Mimikyu|88/100|[from] Spikes
|-damage|p2a: Mimikyu|76/100|[from] Stealth Rock
|move|p1a: Walking Wake|Flip Turn|p2a: Mimikyu
|-activate|p2a: Mimikyu|ability: Disguise
|-damage|p2a: Mimikyu|76/100
|detailschange|p2a: Mimikyu|Mimikyu-Busted, M
|-damage|p2a: Mimikyu|63/100|[from] pokemon: Mimikyu-Busted
|-message|wembananas forfeited.
|
|win|Dubyaz13
|raw|Dubyaz13's rating: 1342 &rarr; <strong>1362</strong><br />(+20 for winning)
|raw|wembananas's rating: 1341 &rarr; <strong>1321</strong><br />(-20 for losing)
|l|☆wembananas
|player|p2|
|l|☆Dubyaz13
|player|p1|
