|j|☆vapelordell
|j|☆azureflatlands
|t:|1779558390
|gametype|singles
|player|p1|vapelordell|101|1571
|player|p2|azureflatlands|preschoolerf|1526
|gen|9
|tier|[Gen 9] OU
|rated|
|rule|HP Percentage Mod: HP is shown in percentages
|rule|Endless Battle Clause: Forcing endless battles is banned
|rule|Species Clause: Limit one of each Pokémon
|rule|OHKO Clause: OHKO moves are banned
|rule|Evasion Items Clause: Evasion items are banned
|rule|Evasion Moves Clause: Evasion moves are banned
|rule|Evasion Abilities Clause: Evasion abilities are banned
|rule|Sleep Moves Clause: Sleep-inducing moves are banned
|clearpoke
|poke|p1|Arcanine-Hisui, M|
|poke|p1|Darkrai|
|poke|p1|Gholdengo|
|poke|p1|Landorus-Therian, M|
|poke|p1|Kyurem|
|poke|p1|Zamazenta-*|
|poke|p2|Clodsire, F|
|poke|p2|Pecharunt|
|poke|p2|Talonflame, M|
|poke|p2|Weezing-Galar, M|
|poke|p2|Gliscor, F|
|poke|p2|Blissey, F|
|teampreview
|
|t:|1779558400
|teamsize|p1|6
|teamsize|p2|6
|start
|switch|p1a: Darkrai|Darkrai, shiny|100/100
|switch|p2a: Blissey|Blissey, F|100/100
|turn|1
|inactive|Battle timer is ON: inactive players will automatically lose when time's up. (requested by vapelordell)
|
|t:|1779558404
|switch|p1a: Gholdengo|Gholdengo|100/100
|move|p2a: Blissey|Stealth Rock|p1a: Gholdengo
|-sidestart|p1: vapelordell|move: Stealth Rock
|
|upkeep
|turn|2
|
|t:|1779558407
|move|p1a: Gholdengo|Trick|p2a: Blissey
|-activate|p1a: Gholdengo|move: Trick|[of] p2a: Blissey
|-item|p2a: Blissey|Choice Specs|[from] move: Trick
|-item|p1a: Gholdengo|Leftovers|[from] move: Trick
|move|p2a: Blissey|Calm Mind|p2a: Blissey
|-boost|p2a: Blissey|spa|1
|-boost|p2a: Blissey|spd|1
|
|upkeep
|turn|3
|
|t:|1779558412
|switch|p2a: Clodsire|Clodsire, F|100/100
|move|p1a: Gholdengo|Shadow Ball|p2a: Clodsire
|-crit|p2a: Clodsire
|-damage|p2a: Clodsire|61/100
|
|-heal|p2a: Clodsire|67/100|[from] item: Leftovers
|upkeep
|turn|4
|
|t:|1779558421
|switch|p1a: Landorus|Landorus-Therian, M|100/100
|-damage|p1a: Landorus|88/100|[from] Stealth Rock
|-ability|p1a: Landorus|Intimidate|boost
|-unboost|p2a: Clodsire|atk|1
|move|p2a: Clodsire|Recover|p2a: Clodsire
|-heal|p2a: Clodsire|100/100
|
|upkeep
|turn|5
|
|t:|1779558428
|move|p1a: Landorus|Rock Slide|p2a: Clodsire
|-resisted|p2a: Clodsire
|-damage|p2a: Clodsire|82/100
|cant|p2a: Clodsire|flinch
|
|-heal|p2a: Clodsire|88/100|[from] item: Leftovers
|upkeep
|turn|6
|
|t:|1779558435
|switch|p2a: Gliscor|Gliscor, F|100/100
|move|p1a: Landorus|Rock Slide|p2a: Gliscor
|-damage|p2a: Gliscor|68/100
|
|-status|p2a: Gliscor|tox|[from] item: Toxic Orb
|upkeep
|turn|7
|
|t:|1779558452
|switch|p1a: Kyurem|Kyurem|100/100
|-damage|p1a: Kyurem|76/100|[from] Stealth Rock
|-ability|p1a: Kyurem|Pressure
|move|p2a: Gliscor|Spikes|p1a: Kyurem
|-sidestart|p1: vapelordell|Spikes
|
|-heal|p2a: Gliscor|80/100 tox|[from] ability: Poison Heal
|upkeep
|turn|8
|
|t:|1779558457
|switch|p2a: Blissey|Blissey, F|100/100
|move|p1a: Kyurem|Ice Beam|p2a: Blissey
|-damage|p2a: Blissey|77/100
|
|upkeep
|turn|9
|
|t:|1779558461
|move|p1a: Kyurem|Ice Beam|p2a: Blissey
|-damage|p2a: Blissey|55/100
|move|p2a: Blissey|Flamethrower|p1a: Kyurem
|-damage|p1a: Kyurem|53/100
|
|upkeep
|turn|10
|
|t:|1779558469
|move|p1a: Kyurem|Ice Beam|p2a: Blissey
|-damage|p2a: Blissey|30/100
|move|p2a: Blissey|Flamethrower|p1a: Kyurem
|-damage|p1a: Kyurem|32/100
|
|upkeep
|turn|11
|
|t:|1779558476
|move|p1a: Kyurem|Ice Beam|p2a: Blissey
|-damage|p2a: Blissey|8/100
|move|p2a: Blissey|Flamethrower|p1a: Kyurem
|-damage|p1a: Kyurem|8/100
|
|upkeep
|turn|12
|
|t:|1779558481
|move|p1a: Kyurem|Ice Beam|p2a: Blissey
|-damage|p2a: Blissey|0 fnt
|faint|p2a: Blissey
|
|upkeep
|
|t:|1779558483
|switch|p2a: Talonflame|Talonflame, M|100/100
|turn|13
|
|t:|1779558484
|move|p2a: Talonflame|Flamethrower|p1a: Kyurem
|-damage|p1a: Kyurem|0 fnt
|faint|p1a: Kyurem
|
|upkeep
|
|t:|1779558489
|switch|p1a: Darkrai|Darkrai, shiny|100/100
|-damage|p1a: Darkrai|88/100|[from] Stealth Rock
|-damage|p1a: Darkrai|76/100|[from] Spikes
|turn|14
|
|t:|1779558497
|switch|p2a: Weezing|Weezing-Galar, M|100/100
|-ability|p2a: Weezing|Neutralizing Gas
|move|p1a: Darkrai|Trick|p2a: Weezing
|-activate|p1a: Darkrai|move: Trick|[of] p2a: Weezing
|-item|p2a: Weezing|Choice Specs|[from] move: Trick
|-item|p1a: Darkrai|Heavy-Duty Boots|[from] move: Trick
|
|upkeep
|turn|15
|
|t:|1779558508
|switch|p1a: Gholdengo|Gholdengo|100/100
|-damage|p1a: Gholdengo|94/100|[from] Stealth Rock
|-damage|p1a: Gholdengo|82/100|[from] Spikes
|move|p2a: Weezing|Toxic Spikes|p1a: Gholdengo
|-sidestart|p1: vapelordell|move: Toxic Spikes
|
|-heal|p1a: Gholdengo|88/100|[from] item: Leftovers
|upkeep
|turn|16
|
|t:|1779558514
|move|p1a: Gholdengo|Make It Rain|p2a: Weezing
|-supereffective|p2a: Weezing
|-damage|p2a: Weezing|0 fnt
|-unboost|p1a: Gholdengo|spa|1
|faint|p2a: Weezing
|-end|p2a: Weezing|ability: Neutralizing Gas
|
|-heal|p1a: Gholdengo|94/100|[from] item: Leftovers
|upkeep
|
|t:|1779558517
|switch|p2a: Clodsire|Clodsire, F|88/100
|turn|17
|
|t:|1779558523
|switch|p1a: Landorus|Landorus-Therian, M|88/100
|-damage|p1a: Landorus|76/100|[from] Stealth Rock
|-ability|p1a: Landorus|Intimidate|boost
|-unboost|p2a: Clodsire|atk|1
|move|p2a: Clodsire|Curse|p2a: Clodsire
|-unboost|p2a: Clodsire|spe|1
|-boost|p2a: Clodsire|atk|1
|-boost|p2a: Clodsire|def|1
|
|-heal|p2a: Clodsire|94/100|[from] item: Leftovers
|upkeep
|turn|18
|
|t:|1779558527
|move|p1a: Landorus|Earthquake|p2a: Clodsire
|-supereffective|p2a: Clodsire
|-damage|p2a: Clodsire|0 fnt
|faint|p2a: Clodsire
|
|upkeep
|
|t:|1779558531
|switch|p2a: Talonflame|Talonflame, M|100/100
|turn|19
|
|t:|1779558538
|switch|p1a: Darkrai|Darkrai, shiny|76/100
|move|p2a: Talonflame|Flamethrower|p1a: Darkrai
|-damage|p1a: Darkrai|45/100
|
|upkeep
|turn|20
|
|t:|1779558548
|move|p1a: Darkrai|Dark Pulse|p2a: Talonflame
|-damage|p2a: Talonflame|46/100
|cant|p2a: Talonflame|flinch
|
|upkeep
|turn|21
|
|t:|1779558552
|move|p1a: Darkrai|Dark Pulse|p2a: Talonflame
|-damage|p2a: Talonflame|0 fnt
|faint|p2a: Talonflame
|
|upkeep
|
|t:|1779558554
|switch|p2a: Pecharunt|Pecharunt|100/100
|turn|22
|
|t:|1779558556
|-terastallize|p2a: Pecharunt|Dark
|move|p1a: Darkrai|Dark Pulse|p2a: Pecharunt
|-resisted|p2a: Pecharunt
|-damage|p2a: Pecharunt|78/100
|move|p2a: Pecharunt|Malignant Chain|p1a: Darkrai
|-damage|p1a: Darkrai|5/100
|
|upkeep
|turn|23
|
|t:|1779558562
|move|p1a: Darkrai|Focus Blast|p2a: Pecharunt|[miss]
|-miss|p1a: Darkrai|p2a: Pecharunt
|move|p2a: Pecharunt|Malignant Chain|p1a: Darkrai
|-damage|p1a: Darkrai|0 fnt
|faint|p1a: Darkrai
|
|upkeep
|
|t:|1779558569
|switch|p1a: Gholdengo|Gholdengo|94/100
|-damage|p1a: Gholdengo|88/100|[from] Stealth Rock
|-damage|p1a: Gholdengo|76/100|[from] Spikes
|turn|24
|
|t:|1779558574
|move|p1a: Gholdengo|Dazzling Gleam|p2a: Pecharunt
|-supereffective|p2a: Pecharunt
|-damage|p2a: Pecharunt|12/100
|move|p2a: Pecharunt|Foul Play|p1a: Gholdengo
|-supereffective|p1a: Gholdengo
|-damage|p1a: Gholdengo|39/100
|
|-heal|p1a: Gholdengo|45/100|[from] item: Leftovers
|upkeep
|turn|25
|
|t:|1779558580
|switch|p2a: Gliscor|Gliscor, F|80/100 tox
|move|p1a: Gholdengo|Dazzling Gleam|p2a: Gliscor
|-damage|p2a: Gliscor|51/100 tox
|
|-heal|p1a: Gholdengo|51/100|[from] item: Leftovers
|-heal|p2a: Gliscor|64/100 tox|[from] ability: Poison Heal
|upkeep
|turn|26
|
|t:|1779558582
|move|p1a: Gholdengo|Dazzling Gleam|p2a: Gliscor
|-damage|p2a: Gliscor|33/100 tox
|move|p2a: Gliscor|Knock Off|p1a: Gholdengo
|-supereffective|p1a: Gholdengo
|-damage|p1a: Gholdengo|0 fnt
|-enditem|p1a: Gholdengo|Leftovers|[from] move: Knock Off|[of] p2a: Gliscor
|faint|p1a: Gholdengo
|
|-heal|p2a: Gliscor|45/100 tox|[from] ability: Poison Heal
|upkeep
|
|t:|1779558588
|switch|p1a: Arcanine|Arcanine-Hisui, M|100/100
|-damage|p1a: Arcanine|76/100|[from] Stealth Rock
|-damage|p1a: Arcanine|63/100|[from] Spikes
|-status|p1a: Arcanine|psn
|turn|27
|
|t:|1779558591
|move|p2a: Gliscor|Protect|p2a: Gliscor
|-singleturn|p2a: Gliscor|Protect
|move|p1a: Arcanine|Flare Blitz|p2a: Gliscor
|-activate|p2a: Gliscor|move: Protect
|
|-damage|p1a: Arcanine|51/100 psn|[from] psn
|-heal|p2a: Gliscor|58/100 tox|[from] ability: Poison Heal
|upkeep
|turn|28
|
|t:|1779558595
|switch|p2a: Pecharunt|Pecharunt, tera:Dark|12/100
|move|p1a: Arcanine|Flare Blitz|p2a: Pecharunt
|-damage|p2a: Pecharunt|0 fnt
|-damage|p1a: Arcanine|34/100 psn|[from] item: Rocky Helmet|[of] p2a: Pecharunt
|faint|p2a: Pecharunt
|
|-damage|p1a: Arcanine|22/100 psn|[from] psn
|upkeep
|
|t:|1779558597
|switch|p2a: Gliscor|Gliscor, F|58/100 tox
|turn|29
|
|t:|1779558599
|move|p2a: Gliscor|Protect|p2a: Gliscor
|-singleturn|p2a: Gliscor|Protect
|move|p1a: Arcanine|Flare Blitz|p2a: Gliscor
|-activate|p2a: Gliscor|move: Protect
|
|-damage|p1a: Arcanine|10/100 psn|[from] psn
|-heal|p2a: Gliscor|70/100 tox|[from] ability: Poison Heal
|upkeep
|turn|30
|
|t:|1779558604
|move|p1a: Arcanine|Flare Blitz|p2a: Gliscor
|-damage|p2a: Gliscor|12/100 tox
|move|p2a: Gliscor|Knock Off|p1a: Arcanine
|-damage|p1a: Arcanine|0 fnt
|-enditem|p1a: Arcanine|Choice Band|[from] move: Knock Off|[of] p2a: Gliscor
|faint|p1a: Arcanine
|
|-heal|p2a: Gliscor|25/100 tox|[from] ability: Poison Heal
|upkeep
|
|t:|1779558612
|switch|p1a: Zamazenta|Zamazenta|100/100
|-damage|p1a: Zamazenta|94/100|[from] Stealth Rock
|-damage|p1a: Zamazenta|82/100|[from] Spikes
|-status|p1a: Zamazenta|psn
|-ability|p1a: Zamazenta|Dauntless Shield|boost
|-boost|p1a: Zamazenta|def|1
|turn|31
|
|t:|1779558619
|move|p2a: Gliscor|Protect|p2a: Gliscor
|-singleturn|p2a: Gliscor|Protect
|move|p1a: Zamazenta|Heavy Slam|p2a: Gliscor
|-activate|p2a: Gliscor|move: Protect
|
|-damage|p1a: Zamazenta|70/100 psn|[from] psn
|-heal|p2a: Gliscor|37/100 tox|[from] ability: Poison Heal
|upkeep
|turn|32
|
|t:|1779558629
|move|p2a: Gliscor|Protect||[still]
|-fail|p2a: Gliscor
|move|p1a: Zamazenta|Heavy Slam|p2a: Gliscor
|-damage|p2a: Gliscor|3/100 tox
|
|-damage|p1a: Zamazenta|57/100 psn|[from] psn
|-heal|p2a: Gliscor|16/100 tox|[from] ability: Poison Heal
|upkeep
|turn|33
|
|t:|1779558633
|move|p2a: Gliscor|Protect|p2a: Gliscor
|-singleturn|p2a: Gliscor|Protect
|move|p1a: Zamazenta|Heavy Slam|p2a: Gliscor
|-activate|p2a: Gliscor|move: Protect
|
|-damage|p1a: Zamazenta|45/100 psn|[from] psn
|-heal|p2a: Gliscor|28/100 tox|[from] ability: Poison Heal
|upkeep
|turn|34
|
|t:|1779558635
|move|p2a: Gliscor|Protect|p2a: Gliscor
|-singleturn|p2a: Gliscor|Protect
|move|p1a: Zamazenta|Heavy Slam|p2a: Gliscor
|-activate|p2a: Gliscor|move: Protect
|
|-damage|p1a: Zamazenta|33/100 psn|[from] psn
|-heal|p2a: Gliscor|41/100 tox|[from] ability: Poison Heal
|upkeep
|turn|35
|
|t:|1779558637
|move|p1a: Zamazenta|Heavy Slam|p2a: Gliscor
|-damage|p2a: Gliscor|4/100 tox
|move|p2a: Gliscor|Knock Off|p1a: Zamazenta
|-resisted|p1a: Zamazenta
|-damage|p1a: Zamazenta|26/100 psn
|-enditem|p1a: Zamazenta|Choice Band|[from] move: Knock Off|[of] p2a: Gliscor
|
|-damage|p1a: Zamazenta|14/100 psn|[from] psn
|-heal|p2a: Gliscor|16/100 tox|[from] ability: Poison Heal
|upkeep
|turn|36
|
|t:|1779558641
|move|p2a: Gliscor|Protect|p2a: Gliscor
|-singleturn|p2a: Gliscor|Protect
|move|p1a: Zamazenta|Heavy Slam|p2a: Gliscor
|-activate|p2a: Gliscor|move: Protect
|
|-damage|p1a: Zamazenta|2/100 psn|[from] psn
|-heal|p2a: Gliscor|29/100 tox|[from] ability: Poison Heal
|upkeep
|turn|37
|
|t:|1779558644
|move|p2a: Gliscor|Protect||[still]
|-fail|p2a: Gliscor
|move|p1a: Zamazenta|Heavy Slam|p2a: Gliscor
|-damage|p2a: Gliscor|7/100 tox
|
|-damage|p1a: Zamazenta|0 fnt|[from] psn
|faint|p1a: Zamazenta
|-heal|p2a: Gliscor|20/100 tox|[from] ability: Poison Heal
|upkeep
|
|t:|1779558655
|switch|p1a: Landorus|Landorus-Therian, M|76/100
|-damage|p1a: Landorus|64/100|[from] Stealth Rock
|-ability|p1a: Landorus|Intimidate|boost
|-unboost|p2a: Gliscor|atk|1
|turn|38
|
|t:|1779558659
|move|p2a: Gliscor|Protect|p2a: Gliscor
|-singleturn|p2a: Gliscor|Protect
|move|p1a: Landorus|Rock Slide|p2a: Gliscor
|-activate|p2a: Gliscor|move: Protect
|
|-heal|p2a: Gliscor|32/100 tox|[from] ability: Poison Heal
|upkeep
|turn|39
|j| testingrainteam1
|
|t:|1779558687
|move|p2a: Gliscor|Protect|p2a: Gliscor
|-singleturn|p2a: Gliscor|Protect
|move|p1a: Landorus|Rock Slide|p2a: Gliscor
|-activate|p2a: Gliscor|move: Protect
|
|-heal|p2a: Gliscor|45/100 tox|[from] ability: Poison Heal
|upkeep
|turn|40
|
|t:|1779558690
|move|p1a: Landorus|Rock Slide|p2a: Gliscor|[miss]
|-miss|p1a: Landorus|p2a: Gliscor
|move|p2a: Gliscor|Toxic|p1a: Landorus
|-status|p1a: Landorus|tox
|
|-damage|p1a: Landorus|58/100 tox|[from] psn
|-heal|p2a: Gliscor|57/100 tox|[from] ability: Poison Heal
|upkeep
|turn|41
|
|t:|1779558694
|move|p2a: Gliscor|Protect|p2a: Gliscor
|-singleturn|p2a: Gliscor|Protect
|move|p1a: Landorus|Rock Slide|p2a: Gliscor
|-activate|p2a: Gliscor|move: Protect
|
|-damage|p1a: Landorus|46/100 tox|[from] psn
|-heal|p2a: Gliscor|70/100 tox|[from] ability: Poison Heal
|upkeep
|turn|42
|c|☆vapelordell|wow that’s pretty bullshit damn
|c|☆vapelordell|gg
|c|☆azureflatlands|gg
|
|t:|1779558706
|move|p1a: Landorus|Rock Slide|p2a: Gliscor
|-damage|p2a: Gliscor|37/100 tox
|move|p2a: Gliscor|Knock Off|p1a: Landorus
|-damage|p1a: Landorus|29/100 tox
|-enditem|p1a: Landorus|Choice Band|[from] move: Knock Off|[of] p2a: Gliscor
|
|-damage|p1a: Landorus|11/100 tox|[from] psn
|-heal|p2a: Gliscor|49/100 tox|[from] ability: Poison Heal
|upkeep
|turn|43
|
|t:|1779558710
|move|p2a: Gliscor|Protect|p2a: Gliscor
|-singleturn|p2a: Gliscor|Protect
|move|p1a: Landorus|Rock Slide|p2a: Gliscor
|-activate|p2a: Gliscor|move: Protect
|
|-damage|p1a: Landorus|0 fnt|[from] psn
|faint|p1a: Landorus
|
|win|azureflatlands
|raw|vapelordell's rating: 1571 &rarr; <strong>1548</strong><br />(-23 for losing)
|raw|azureflatlands's rating: 1526 &rarr; <strong>1549</strong><br />(+23 for winning)
|l|☆azureflatlands
|player|p2|
|c|☆vapelordell|shame
|l|☆vapelordell
|player|p1|
|l| testingrainteam1
