|j|‽oscarguille8
|j|☆capitolg
|t:|1779703198
|gametype|singles
|player|p1|oscarguille8|nate|1268
|player|p2|capitolg|bellelba|1222
|gen|9
|tier|[Gen 9] OU
|rated|
|rule|HP Percentage Mod: HP is shown in percentages
|rule|Endless Battle Clause: Forcing endless battles is banned
|rule|Species Clause: Limit one of each Pokémon
|rule|OHKO Clause: OHKO moves are banned
|rule|Evasion Items Clause: Evasion items are banned
|rule|Evasion Moves Clause: Evasion moves are banned
|rule|Evasion Abilities Clause: Evasion abilities are banned
|rule|Sleep Moves Clause: Sleep-inducing moves are banned
|clearpoke
|poke|p1|Garganacl, M|
|poke|p1|Dragapult, F|
|poke|p1|Rotom-Wash|
|poke|p1|Great Tusk|
|poke|p1|Kingambit, M|
|poke|p1|Kyurem|
|poke|p2|Ribombee, F|
|poke|p2|Serperior, M|
|poke|p2|Kingambit, M|
|poke|p2|Skeledirge, M|
|poke|p2|Milotic, F|
|poke|p2|Cinderace, M|
|teampreview
|inactive|Battle timer is ON: inactive players will automatically lose when time's up. (requested by oscarguille8)
|
|t:|1779703204
|teamsize|p1|6
|teamsize|p2|6
|start
|switch|p1a: Rotom|Rotom-Wash, shiny|100/100
|switch|p2a: Ribombee|Ribombee, F|100/100
|turn|1
|
|t:|1779703209
|move|p2a: Ribombee|Sticky Web|p1a: Rotom
|-sidestart|p1: oscarguille8|move: Sticky Web
|move|p1a: Rotom|Trick|p2a: Ribombee
|-activate|p1a: Rotom|move: Trick|[of] p2a: Ribombee
|-item|p2a: Ribombee|Choice Scarf|[from] move: Trick
|-item|p1a: Rotom|Focus Sash|[from] move: Trick
|
|upkeep
|turn|2
|
|t:|1779703216
|switch|p2a: Cinderace|Cinderace, M|100/100
|move|p1a: Rotom|Will-O-Wisp|p2a: Cinderace
|-immune|p2a: Cinderace
|
|upkeep
|turn|3
|
|t:|1779703221
|move|p2a: Cinderace|Taunt|p1a: Rotom
|-start|p2a: Cinderace|typechange|Dark|[from] ability: Libero
|-start|p1a: Rotom|move: Taunt
|move|p1a: Rotom|Hydro Pump|p2a: Cinderace
|-damage|p2a: Cinderace|48/100
|
|upkeep
|turn|4
|
|t:|1779703228
|move|p2a: Cinderace|Court Change|p2a: Cinderace
|-swapsideconditions
|-activate|p2a: Cinderace|move: Court Change
|move|p1a: Rotom|Volt Switch|p2a: Cinderace
|-damage|p2a: Cinderace|10/100
|
|t:|1779703235
|switch|p1a: Dragapult|Dragapult, F, shiny|100/100|[from] Volt Switch
|
|upkeep
|turn|5
|
|t:|1779703244
|move|p2a: Cinderace|Sucker Punch|p1a: Dragapult
|-supereffective|p1a: Dragapult
|-damage|p1a: Dragapult|0 fnt
|faint|p1a: Dragapult
|
|upkeep
|
|t:|1779703252
|switch|p1a: Garganacl|Garganacl, M, shiny|100/100
|turn|6
|
|t:|1779703258
|move|p2a: Cinderace|Taunt|p1a: Garganacl
|-start|p1a: Garganacl|move: Taunt
|cant|p1a: Garganacl|move: Taunt|Iron Defense
|
|upkeep
|turn|7
|
|t:|1779703263
|move|p2a: Cinderace|High Jump Kick|p1a: Garganacl
|-supereffective|p1a: Garganacl
|-damage|p1a: Garganacl|40/100
|move|p1a: Garganacl|Salt Cure|p2a: Cinderace
|-damage|p2a: Cinderace|0 fnt
|faint|p2a: Cinderace
|
|-heal|p1a: Garganacl|47/100|[from] item: Leftovers
|upkeep
|
|t:|1779703270
|switch|p2a: Serperior|Serperior, M|100/100
|-activate|p2a: Serperior|move: Sticky Web
|-boost|p2a: Serperior|spe|1
|turn|8
|
|t:|1779703278
|-terastallize|p1a: Garganacl|Ghost
|move|p2a: Serperior|Leaf Storm|p1a: Garganacl
|-damage|p1a: Garganacl|17/100
|-boost|p2a: Serperior|spa|2
|move|p1a: Garganacl|Salt Cure|p2a: Serperior
|-damage|p2a: Serperior|83/100
|-start|p2a: Serperior|Salt Cure
|
|-heal|p2a: Serperior|89/100|[from] item: Leftovers
|-heal|p1a: Garganacl|24/100|[from] item: Leftovers
|-damage|p2a: Serperior|77/100|[from] Salt Cure
|-end|p1a: Garganacl|move: Taunt
|upkeep
|turn|9
|
|t:|1779703290
|switch|p2a: Ribombee|Ribombee, F|100/100
|-activate|p2a: Ribombee|move: Sticky Web
|-unboost|p2a: Ribombee|spe|1
|move|p1a: Garganacl|Recover|p1a: Garganacl
|-heal|p1a: Garganacl|74/100
|
|-heal|p1a: Garganacl|80/100|[from] item: Leftovers
|upkeep
|turn|10
|
|t:|1779703299
|move|p2a: Ribombee|Charm|p1a: Garganacl
|-unboost|p1a: Garganacl|atk|2
|move|p1a: Garganacl|Iron Defense|p1a: Garganacl
|-boost|p1a: Garganacl|def|2
|
|-heal|p1a: Garganacl|86/100|[from] item: Leftovers
|upkeep
|turn|11
|
|t:|1779703305
|move|p2a: Ribombee|Charm|p1a: Garganacl
|-unboost|p1a: Garganacl|atk|2
|move|p1a: Garganacl|Iron Defense|p1a: Garganacl
|-boost|p1a: Garganacl|def|2
|
|-heal|p1a: Garganacl|92/100|[from] item: Leftovers
|upkeep
|turn|12
|
|t:|1779703312
|move|p2a: Ribombee|Charm|p1a: Garganacl
|-unboost|p1a: Garganacl|atk|2
|move|p1a: Garganacl|Iron Defense|p1a: Garganacl
|-boost|p1a: Garganacl|def|2
|
|-heal|p1a: Garganacl|99/100|[from] item: Leftovers
|upkeep
|turn|13
|
|t:|1779703321
|switch|p2a: Skeledirge|Skeledirge, M|100/100
|-item|p2a: Skeledirge|Air Balloon
|move|p1a: Garganacl|Salt Cure|p2a: Skeledirge
|-supereffective|p2a: Skeledirge
|-damage|p2a: Skeledirge|78/100
|-start|p2a: Skeledirge|Salt Cure
|-enditem|p2a: Skeledirge|Air Balloon
|
|-heal|p1a: Garganacl|100/100|[from] item: Leftovers
|-damage|p2a: Skeledirge|66/100|[from] Salt Cure
|upkeep
|turn|14
|
|t:|1779703333
|move|p2a: Skeledirge|Shadow Ball|p1a: Garganacl
|-supereffective|p1a: Garganacl
|-damage|p1a: Garganacl|75/100
|-unboost|p1a: Garganacl|spd|1
|move|p1a: Garganacl|Salt Cure|p2a: Skeledirge
|-supereffective|p2a: Skeledirge
|-damage|p2a: Skeledirge|40/100
|
|-heal|p1a: Garganacl|81/100|[from] item: Leftovers
|-damage|p2a: Skeledirge|28/100|[from] Salt Cure
|upkeep
|turn|15
|
|t:|1779703344
|move|p2a: Skeledirge|Shadow Ball|p1a: Garganacl
|-supereffective|p1a: Garganacl
|-damage|p1a: Garganacl|55/100
|move|p1a: Garganacl|Recover|p1a: Garganacl
|-heal|p1a: Garganacl|100/100
|
|-damage|p2a: Skeledirge|16/100|[from] Salt Cure
|upkeep
|turn|16
|
|t:|1779703356
|move|p2a: Skeledirge|Shadow Ball|p1a: Garganacl
|-supereffective|p1a: Garganacl
|-damage|p1a: Garganacl|73/100
|move|p1a: Garganacl|Salt Cure|p2a: Skeledirge
|-supereffective|p2a: Skeledirge
|-damage|p2a: Skeledirge|0 fnt
|faint|p2a: Skeledirge
|
|-heal|p1a: Garganacl|79/100|[from] item: Leftovers
|upkeep
|
|t:|1779703362
|switch|p2a: Ribombee|Ribombee, F|100/100
|-activate|p2a: Ribombee|move: Sticky Web
|-unboost|p2a: Ribombee|spe|1
|turn|17
|
|t:|1779703368
|move|p2a: Ribombee|Moonblast|p1a: Garganacl
|-damage|p1a: Garganacl|38/100
|move|p1a: Garganacl|Salt Cure|p2a: Ribombee
|-supereffective|p2a: Ribombee
|-damage|p2a: Ribombee|87/100
|
|-heal|p1a: Garganacl|44/100|[from] item: Leftovers
|upkeep
|turn|18
|
|t:|1779703378
|move|p2a: Ribombee|Moonblast|p1a: Garganacl
|-damage|p1a: Garganacl|2/100
|move|p1a: Garganacl|Recover|p1a: Garganacl
|-heal|p1a: Garganacl|52/100
|
|-heal|p1a: Garganacl|59/100|[from] item: Leftovers
|upkeep
|turn|19
|
|t:|1779703385
|move|p2a: Ribombee|Moonblast|p1a: Garganacl
|-damage|p1a: Garganacl|19/100
|move|p1a: Garganacl|Recover|p1a: Garganacl
|-heal|p1a: Garganacl|69/100
|
|-heal|p1a: Garganacl|75/100|[from] item: Leftovers
|upkeep
|turn|20
|
|t:|1779703393
|switch|p1a: Rotom|Rotom-Wash, shiny|100/100
|move|p2a: Ribombee|Moonblast|p1a: Rotom
|-damage|p1a: Rotom|70/100
|-unboost|p1a: Rotom|spa|1
|
|upkeep
|turn|21
|
|t:|1779703404
|move|p2a: Ribombee|Moonblast|p1a: Rotom
|-damage|p1a: Rotom|38/100
|move|p1a: Rotom|Volt Switch|p2a: Ribombee
|-damage|p2a: Ribombee|58/100
|
|t:|1779703412
|switch|p1a: Kyurem|Kyurem|100/100|[from] Volt Switch
|-ability|p1a: Kyurem|Pressure
|
|upkeep
|turn|22
|
|t:|1779703440
|move|p2a: Ribombee|Moonblast|p1a: Kyurem
|-supereffective|p1a: Kyurem
|-crit|p1a: Kyurem
|-damage|p1a: Kyurem|0 fnt
|faint|p1a: Kyurem
|
|upkeep
|
|t:|1779703459
|switch|p1a: Kingambit|Kingambit, M|100/100
|-activate|p1a: Kingambit|ability: Supreme Overlord
|-start|p1a: Kingambit|fallen2|[silent]
|turn|23
|
|t:|1779703471
|move|p1a: Kingambit|Sucker Punch|p2a: Ribombee
|-resisted|p2a: Ribombee
|-damage|p2a: Ribombee|2/100
|move|p2a: Ribombee|Moonblast|p1a: Kingambit
|-damage|p1a: Kingambit|60/100
|
|upkeep
|turn|24
|
|t:|1779703477
|move|p1a: Kingambit|Sucker Punch|p2a: Ribombee
|-resisted|p2a: Ribombee
|-damage|p2a: Ribombee|0 fnt
|faint|p2a: Ribombee
|
|upkeep
|
|t:|1779703491
|switch|p2a: Milotic|Milotic, F|100/100
|-activate|p2a: Milotic|move: Sticky Web
|-unboost|p2a: Milotic|spe|1
|-ability|p2a: Milotic|Competitive|boost
|-boost|p2a: Milotic|spa|2
|turn|25
|
|t:|1779703497
|move|p1a: Kingambit|Swords Dance|p1a: Kingambit
|-boost|p1a: Kingambit|atk|2
|move|p2a: Milotic|Scald|p1a: Kingambit
|-damage|p1a: Kingambit|0 fnt
|faint|p1a: Kingambit
|-end|p1a: Kingambit|fallen2|[silent]
|
|upkeep
|-message|oscarguille8 forfeited.
|
|win|capitolg
|raw|oscarguille8's rating: 1268 &rarr; <strong>1240</strong><br />(-28 for losing)
|raw|capitolg's rating: 1222 &rarr; <strong>1250</strong><br />(+28 for winning)
|l|‽oscarguille8
|player|p1|
