|j|☆whisperingcloth
|j|☆L81D
|t:|1779684122
|gametype|singles
|player|p1|whisperingcloth|169|1680
|player|p2|L81D|2|1632
|gen|9
|tier|[Gen 9] OU
|rated|
|rule|HP Percentage Mod: HP is shown in percentages
|rule|Endless Battle Clause: Forcing endless battles is banned
|rule|Species Clause: Limit one of each Pokémon
|rule|OHKO Clause: OHKO moves are banned
|rule|Evasion Items Clause: Evasion items are banned
|rule|Evasion Moves Clause: Evasion moves are banned
|rule|Evasion Abilities Clause: Evasion abilities are banned
|rule|Sleep Moves Clause: Sleep-inducing moves are banned
|clearpoke
|poke|p1|Scizor, M|
|poke|p1|Deoxys-Speed|
|poke|p1|Garganacl, M|
|poke|p1|Kyurem|
|poke|p1|Great Tusk|
|poke|p1|Zapdos|
|poke|p2|Garganacl, F|
|poke|p2|Hatterene, F|
|poke|p2|Iron Treads|
|poke|p2|Tornadus-Therian, M|
|poke|p2|Zamazenta-*|
|poke|p2|Kyurem|
|teampreview
|inactive|Battle timer is ON: inactive players will automatically lose when time's up. (requested by whisperingcloth)
|j| testingrainteam1
|j| ueyr76
|
|t:|1779684144
|teamsize|p1|6
|teamsize|p2|6
|start
|switch|p1a: Great Tusk|Great Tusk|100/100
|switch|p2a: Kyurem|Kyurem|100/100
|-ability|p2a: Kyurem|Pressure
|turn|1
|
|t:|1779684150
|-end|p1a: Great Tusk|Protosynthesis|[silent]
|switch|p1a: Garganacl|Garganacl, M|100/100
|move|p2a: Kyurem|Freeze-Dry|p1a: Garganacl
|-damage|p1a: Garganacl|74/100
|
|-heal|p1a: Garganacl|80/100|[from] item: Leftovers
|upkeep
|turn|2
|
|t:|1779684154
|-terastallize|p2a: Kyurem|Ground
|move|p1a: Garganacl|Protect|p1a: Garganacl
|-singleturn|p1a: Garganacl|Protect
|move|p2a: Kyurem|Substitute|p2a: Kyurem
|-start|p2a: Kyurem|Substitute
|-damage|p2a: Kyurem|76/100
|
|-heal|p2a: Kyurem|82/100|[from] item: Leftovers
|-heal|p1a: Garganacl|86/100|[from] item: Leftovers
|upkeep
|turn|3
|
|t:|1779684158
|switch|p1a: Deoxys|Deoxys-Speed|100/100
|-ability|p1a: Deoxys|Pressure
|move|p2a: Kyurem|Earth Power|p1a: Deoxys
|-crit|p1a: Deoxys
|-damage|p1a: Deoxys|0 fnt
|faint|p1a: Deoxys
|
|-heal|p2a: Kyurem|88/100|[from] item: Leftovers
|upkeep
|
|t:|1779684161
|switch|p1a: Kyurem|Kyurem|100/100
|-ability|p1a: Kyurem|Pressure
|turn|4
|
|t:|1779684164
|move|p2a: Kyurem|Protect|p2a: Kyurem
|-singleturn|p2a: Kyurem|Protect
|move|p1a: Kyurem|Icicle Spear|p2a: Kyurem
|-activate|p2a: Kyurem|move: Protect
|
|-heal|p2a: Kyurem|94/100|[from] item: Leftovers
|upkeep
|turn|5
|
|t:|1779684167
|move|p2a: Kyurem|Earth Power|p1a: Kyurem
|-damage|p1a: Kyurem|52/100
|move|p1a: Kyurem|Dragon Dance|p1a: Kyurem
|-boost|p1a: Kyurem|atk|1
|-boost|p1a: Kyurem|spe|1
|
|-heal|p2a: Kyurem|99/100|[from] item: Leftovers
|upkeep
|turn|6
|
|t:|1779684170
|switch|p2a: Garganacl|Garganacl, F|100/100
|move|p1a: Kyurem|Icicle Spear|p2a: Garganacl
|-damage|p2a: Garganacl|85/100
|-damage|p2a: Garganacl|69/100
|-hitcount|p2a: Garganacl|2
|
|-heal|p2a: Garganacl|75/100|[from] item: Leftovers
|upkeep
|turn|7
|l| testingrainteam1
|
|t:|1779684195
|switch|p1a: Scizor|Scizor, M|100/100
|move|p2a: Garganacl|Salt Cure|p1a: Scizor
|-damage|p1a: Scizor|84/100
|-start|p1a: Scizor|Salt Cure
|
|-heal|p2a: Garganacl|81/100|[from] item: Leftovers
|-damage|p1a: Scizor|60/100|[from] Salt Cure
|upkeep
|turn|8
|j| fdsls
|inactive|L81D has 120 seconds left.
|
|t:|1779684229
|switch|p1a: Zapdos|Zapdos|100/100
|move|p2a: Garganacl|Salt Cure|p1a: Zapdos
|-supereffective|p1a: Zapdos
|-damage|p1a: Zapdos|80/100
|-start|p1a: Zapdos|Salt Cure
|
|-heal|p2a: Garganacl|88/100|[from] item: Leftovers
|-damage|p1a: Zapdos|67/100|[from] Salt Cure
|upkeep
|turn|9
|
|t:|1779684233
|move|p1a: Zapdos|Roost|p1a: Zapdos
|-heal|p1a: Zapdos|100/100
|-singleturn|p1a: Zapdos|move: Roost
|move|p2a: Garganacl|Salt Cure|p1a: Zapdos
|-damage|p1a: Zapdos|91/100
|
|-heal|p2a: Garganacl|94/100|[from] item: Leftovers
|-damage|p1a: Zapdos|79/100|[from] Salt Cure
|upkeep
|turn|10
|
|t:|1779684236
|move|p1a: Zapdos|Volt Switch|p2a: Garganacl
|-damage|p2a: Garganacl|75/100
|
|t:|1779684239
|switch|p1a: Great Tusk|Great Tusk|100/100|[from] Volt Switch
|move|p2a: Garganacl|Salt Cure|p1a: Great Tusk
|-resisted|p1a: Great Tusk
|-damage|p1a: Great Tusk|98/100
|-start|p1a: Great Tusk|Salt Cure
|
|-heal|p2a: Garganacl|81/100|[from] item: Leftovers
|-damage|p1a: Great Tusk|85/100|[from] Salt Cure
|upkeep
|turn|11
|
|t:|1779684243
|switch|p2a: Tornadus|Tornadus-Therian, M|100/100
|move|p1a: Great Tusk|Knock Off|p2a: Tornadus
|-damage|p2a: Tornadus|53/100
|-enditem|p2a: Tornadus|Life Orb|[from] move: Knock Off|[of] p1a: Great Tusk
|
|-damage|p1a: Great Tusk|73/100|[from] Salt Cure
|upkeep
|turn|12
|
|t:|1779684250
|switch|p2a: Iron Treads|Iron Treads|100/100
|-end|p1a: Great Tusk|Protosynthesis|[silent]
|switch|p1a: Zapdos|Zapdos|79/100
|
|upkeep
|turn|13
|
|t:|1779684256
|move|p2a: Iron Treads|Stealth Rock|p1a: Zapdos
|-sidestart|p1: whisperingcloth|move: Stealth Rock
|move|p1a: Zapdos|Hurricane|p2a: Iron Treads
|-resisted|p2a: Iron Treads
|-damage|p2a: Iron Treads|75/100
|-start|p2a: Iron Treads|confusion
|
|-heal|p2a: Iron Treads|81/100|[from] item: Leftovers
|upkeep
|turn|14
|
|t:|1779684259
|-end|p2a: Iron Treads|Quark Drive|[silent]
|switch|p2a: Kyurem|Kyurem, tera:Ground|99/100
|-ability|p2a: Kyurem|Pressure
|move|p1a: Zapdos|Hurricane|p2a: Kyurem
|-damage|p2a: Kyurem|58/100
|
|-heal|p2a: Kyurem|64/100|[from] item: Leftovers
|upkeep
|turn|15
|
|t:|1779684266
|switch|p1a: Kyurem|Kyurem|52/100
|-damage|p1a: Kyurem|27/100|[from] Stealth Rock
|-ability|p1a: Kyurem|Pressure
|move|p2a: Kyurem|Freeze-Dry|p1a: Kyurem
|-damage|p1a: Kyurem|0 fnt
|faint|p1a: Kyurem
|
|-heal|p2a: Kyurem|70/100|[from] item: Leftovers
|upkeep
|l| ueyr76
|-message|whisperingcloth forfeited.
|
|win|L81D
|raw|whisperingcloth's rating: 1680 &rarr; <strong>1657</strong><br />(-23 for losing)
|raw|L81D's rating: 1632 &rarr; <strong>1655</strong><br />(+23 for winning)
|l|☆whisperingcloth
|player|p1|
|l|☆L81D
|player|p2|
