|j|☆Carlyle73
|j|☆dono yoyo
|t:|1779716421
|gametype|singles
|player|p1|Carlyle73|benga|1170
|player|p2|dono yoyo|dancer|1232
|gen|9
|tier|[Gen 9] OU
|rated|
|rule|HP Percentage Mod: HP is shown in percentages
|rule|Endless Battle Clause: Forcing endless battles is banned
|rule|Species Clause: Limit one of each Pokémon
|rule|OHKO Clause: OHKO moves are banned
|rule|Evasion Items Clause: Evasion items are banned
|rule|Evasion Moves Clause: Evasion moves are banned
|rule|Evasion Abilities Clause: Evasion abilities are banned
|rule|Sleep Moves Clause: Sleep-inducing moves are banned
|clearpoke
|poke|p1|Glimmora, M|
|poke|p1|Garganacl, M|
|poke|p1|Rhyperior, M|
|poke|p1|Gholdengo|
|poke|p1|Goodra-Hisui, M|
|poke|p1|Skeledirge, M|
|poke|p2|Corviknight, M|
|poke|p2|Great Tusk|
|poke|p2|Dragapult, M|
|poke|p2|Darkrai|
|poke|p2|Slowking-Galar, M|
|poke|p2|Clefable, F|
|teampreview
|
|t:|1779716487
|teamsize|p1|6
|teamsize|p2|6
|start
|switch|p1a: Glimmora|Glimmora, M|100/100
|switch|p2a: Demonic being|Clefable, F|100/100
|turn|1
|
|t:|1779716508
|move|p1a: Glimmora|Stealth Rock|p2a: Demonic being
|-sidestart|p2: dono yoyo|move: Stealth Rock
|move|p2a: Demonic being|Stealth Rock|p1a: Glimmora
|-sidestart|p1: Carlyle73|move: Stealth Rock
|
|upkeep
|turn|2
|
|t:|1779716522
|switch|p2a: Purple haze|Slowking-Galar, M|100/100
|-damage|p2a: Purple haze|88/100|[from] Stealth Rock
|move|p1a: Glimmora|Mortal Spin|p2a: Purple haze
|-resisted|p2a: Purple haze
|-damage|p2a: Purple haze|85/100
|-sideend|p1: Carlyle73|Stealth Rock|[from] move: Mortal Spin|[of] p1a: Glimmora
|
|upkeep
|turn|3
|
|t:|1779716558
|move|p1a: Glimmora|Spikes|p2a: Purple haze
|-sidestart|p2: dono yoyo|Spikes
|move|p2a: Purple haze|Future Sight|p1a: Glimmora
|-start|p2a: Purple haze|move: Future Sight
|
|upkeep
|turn|4
|
|t:|1779716576
|switch|p2a: Big boy|Great Tusk|100/100
|move|p1a: Glimmora|Spikes|p2a: Big boy
|-sidestart|p2: dono yoyo|Spikes
|
|upkeep
|turn|5
|
|t:|1779716586
|-terastallize|p2a: Big boy|Steel
|move|p2a: Big boy|Rapid Spin|p1a: Glimmora
|-resisted|p1a: Glimmora
|-damage|p1a: Glimmora|92/100
|-boost|p2a: Big boy|spe|1
|-activate|p1a: Glimmora|ability: Toxic Debris
|-sidestart|p2: dono yoyo|move: Toxic Spikes
|-sideend|p2: dono yoyo|Spikes|[from] move: Rapid Spin|[of] p2a: Big boy
|-sideend|p2: dono yoyo|Toxic Spikes|[from] move: Rapid Spin|[of] p2a: Big boy
|-sideend|p2: dono yoyo|Stealth Rock|[from] move: Rapid Spin|[of] p2a: Big boy
|move|p1a: Glimmora|Mud Shot|p2a: Big boy
|-supereffective|p2a: Big boy
|-damage|p2a: Big boy|50/100
|-unboost|p2a: Big boy|spe|1
|
|-end|p1a: Glimmora|move: Future Sight
|-supereffective|p1a: Glimmora
|-damage|p1a: Glimmora|0 fnt
|faint|p1a: Glimmora
|upkeep
|
|t:|1779716600
|switch|p1a: Rhyperior|Rhyperior, M|100/100
|turn|6
|
|t:|1779716605
|-end|p2a: Big boy|Protosynthesis|[silent]
|switch|p2a: an IQ too high?|Corviknight, M|100/100
|-ability|p2a: an IQ too high?|Pressure
|move|p1a: Rhyperior|Rock Polish|p1a: Rhyperior
|-boost|p1a: Rhyperior|spe|2
|
|upkeep
|turn|7
|
|t:|1779716612
|-terastallize|p1a: Rhyperior|Electric
|move|p1a: Rhyperior|Supercell Slam|p2a: an IQ too high?
|-supereffective|p2a: an IQ too high?
|-damage|p2a: an IQ too high?|16/100
|-damage|p1a: Rhyperior|84/100|[from] item: Rocky Helmet|[of] p2a: an IQ too high?
|move|p2a: an IQ too high?|Iron Head|p1a: Rhyperior
|-resisted|p1a: Rhyperior
|-damage|p1a: Rhyperior|75/100
|
|upkeep
|turn|8
|
|t:|1779716631
|switch|p2a: Demonic being|Clefable, F|100/100
|move|p1a: Rhyperior|Rock Blast|p2a: Demonic being
|-damage|p2a: Demonic being|89/100
|-damage|p2a: Demonic being|77/100
|-damage|p2a: Demonic being|64/100
|-damage|p2a: Demonic being|53/100
|-damage|p2a: Demonic being|40/100
|-hitcount|p2a: Demonic being|5
|
|-heal|p2a: Demonic being|46/100|[from] item: Leftovers
|upkeep
|turn|9
|
|t:|1779716645
|move|p1a: Rhyperior|Rock Blast|p2a: Demonic being
|-damage|p2a: Demonic being|35/100
|-damage|p2a: Demonic being|24/100
|-damage|p2a: Demonic being|12/100
|-damage|p2a: Demonic being|0 fnt
|faint|p2a: Demonic being
|-hitcount|p2: Demonic being|4
|
|upkeep
|
|t:|1779716663
|switch|p2a: Purple haze|Slowking-Galar, M|100/100
|turn|10
|
|t:|1779716671
|move|p1a: Rhyperior|Earthquake|p2a: Purple haze
|-supereffective|p2a: Purple haze
|-damage|p2a: Purple haze|0 fnt
|faint|p2a: Purple haze
|
|upkeep
|
|t:|1779716696
|switch|p2a: *yeets child*|Dragapult, M|100/100
|turn|11
|
|t:|1779716701
|move|p2a: *yeets child*|Sucker Punch||[still]
|-fail|p2a: *yeets child*
|move|p1a: Rhyperior|Rock Polish|p1a: Rhyperior
|-boost|p1a: Rhyperior|spe|2
|
|upkeep
|turn|12
|
|t:|1779716707
|move|p2a: *yeets child*|Sucker Punch|p1a: Rhyperior
|-damage|p1a: Rhyperior|56/100
|move|p1a: Rhyperior|Rock Blast|p2a: *yeets child*
|-damage|p2a: *yeets child*|81/100
|-damage|p2a: *yeets child*|58/100
|-damage|p2a: *yeets child*|37/100
|-damage|p2a: *yeets child*|14/100
|-damage|p2a: *yeets child*|0 fnt
|faint|p2a: *yeets child*
|-hitcount|p2: *yeets child*|5
|
|upkeep
|
|t:|1779716719
|switch|p2a: 🛌zzZZzzZz|Darkrai|100/100
|turn|13
|
|t:|1779716730
|move|p1a: Rhyperior|Supercell Slam|p2a: 🛌zzZZzzZz
|-damage|p2a: 🛌zzZZzzZz|0 fnt
|faint|p2a: 🛌zzZZzzZz
|
|upkeep
|c|☆dono yoyo|GG's
|
|t:|1779716738
|switch|p2a: an IQ too high?|Corviknight, M|16/100
|-ability|p2a: an IQ too high?|Pressure
|turn|14
|
|t:|1779716748
|move|p1a: Rhyperior|Rock Blast|p2a: an IQ too high?
|-damage|p2a: an IQ too high?|7/100
|-damage|p2a: an IQ too high?|0 fnt
|faint|p2a: an IQ too high?
|-hitcount|p2: an IQ too high?|2
|
|upkeep
|-message|dono yoyo forfeited.
|
|win|Carlyle73
|raw|Carlyle73's rating: 1196 &rarr; <strong>1224</strong><br />(+28 for winning)
|raw|dono yoyo's rating: 1232 &rarr; <strong>1204</strong><br />(-28 for losing)
|c|☆dono yoyo|Well played
|l|☆dono yoyo
|player|p2|
|l|☆Carlyle73
|player|p1|
