|j|☆rocket boss 75
|j|☆God of Pepsi
|t:|1779719755
|gametype|singles
|player|p1|rocket boss 75|rocketgruntf|1244
|player|p2|God of Pepsi|n|1237
|gen|9
|tier|[Gen 9] OU
|rated|
|rule|HP Percentage Mod: HP is shown in percentages
|rule|Endless Battle Clause: Forcing endless battles is banned
|rule|Species Clause: Limit one of each Pokémon
|rule|OHKO Clause: OHKO moves are banned
|rule|Evasion Items Clause: Evasion items are banned
|rule|Evasion Moves Clause: Evasion moves are banned
|rule|Evasion Abilities Clause: Evasion abilities are banned
|rule|Sleep Moves Clause: Sleep-inducing moves are banned
|clearpoke
|poke|p1|Persian, M|
|poke|p1|Dragapult, M|
|poke|p1|Gyarados, M|
|poke|p1|Latias, F|
|poke|p1|Weezing-Galar, F|
|poke|p1|Corviknight, M|
|poke|p2|Enamorus, F|
|poke|p2|Great Tusk|
|poke|p2|Gholdengo|
|poke|p2|Kingambit, F|
|poke|p2|Glimmora, M|
|poke|p2|Blaziken, M|
|teampreview
|inactive|Battle timer is ON: inactive players will automatically lose when time's up. (requested by God of Pepsi)
|
|t:|1779719778
|teamsize|p1|6
|teamsize|p2|6
|start
|switch|p1a: Royalty|Persian, M, shiny|100/100
|switch|p2a: Glimmora|Glimmora, M|100/100
|turn|1
|
|t:|1779719793
|move|p1a: Royalty|Knock Off|p2a: Glimmora
|-damage|p2a: Glimmora|75/100
|-activate|p2a: Glimmora|ability: Toxic Debris
|-sidestart|p1: rocket boss 75|move: Toxic Spikes
|-enditem|p2a: Glimmora|Focus Sash|[from] move: Knock Off|[of] p1a: Royalty
|move|p2a: Glimmora|Stealth Rock|p1a: Royalty
|-sidestart|p1: rocket boss 75|move: Stealth Rock
|
|upkeep
|turn|2
|
|t:|1779719802
|switch|p1a: Knight|Corviknight, M, shiny|100/100
|-damage|p1a: Knight|88/100|[from] Stealth Rock
|move|p2a: Glimmora|Sludge Wave|p1a: Knight
|-immune|p1a: Knight
|
|upkeep
|turn|3
|
|t:|1779719808
|switch|p2a: Blaziken|Blaziken, M|100/100
|move|p1a: Knight|Defog|p2a: Blaziken
|-unboost|p2a: Blaziken|evasion|1
|-sideend|p1: rocket boss 75|Toxic Spikes|[from] move: Defog|[of] p1a: Knight
|-sideend|p1: rocket boss 75|Stealth Rock|[from] move: Defog|[of] p1a: Knight
|
|upkeep
|turn|4
|
|t:|1779719823
|switch|p1a: Smog|Weezing-Galar, F|100/100
|move|p2a: Blaziken|Swords Dance|p2a: Blaziken
|-boost|p2a: Blaziken|atk|2
|
|-ability|p2a: Blaziken|Speed Boost|boost
|-boost|p2a: Blaziken|spe|1
|upkeep
|turn|5
|
|t:|1779719840
|-terastallize|p2a: Blaziken|Fire
|move|p2a: Blaziken|Blaze Kick|p1a: Smog|[miss]
|-miss|p2a: Blaziken|p1a: Smog
|move|p1a: Smog|Dazzling Gleam|p2a: Blaziken
|-resisted|p2a: Blaziken
|-damage|p2a: Blaziken|72/100
|
|-ability|p2a: Blaziken|Speed Boost|boost
|-boost|p2a: Blaziken|spe|1
|upkeep
|turn|6
|
|t:|1779719848
|move|p2a: Blaziken|Blaze Kick|p1a: Smog
|-crit|p1a: Smog
|-damage|p1a: Smog|0 fnt
|faint|p1a: Smog
|
|-ability|p2a: Blaziken|Speed Boost|boost
|-boost|p2a: Blaziken|spe|1
|upkeep
|inactive|rocket boss 75 has 120 seconds left.
|
|t:|1779719869
|switch|p1a: Royalty|Persian, M, shiny|100/100
|turn|7
|
|t:|1779719873
|switch|p2a: Glimmora|Glimmora, M|75/100
|move|p1a: Royalty|Fake Out|p2a: Glimmora
|-resisted|p2a: Glimmora
|-damage|p2a: Glimmora|61/100
|-activate|p2a: Glimmora|ability: Toxic Debris
|-sidestart|p1: rocket boss 75|move: Toxic Spikes
|
|upkeep
|turn|8
|
|t:|1779719889
|move|p1a: Royalty|U-turn|p2a: Glimmora
|-resisted|p2a: Glimmora
|-damage|p2a: Glimmora|51/100
|-activate|p2a: Glimmora|ability: Toxic Debris
|-sidestart|p1: rocket boss 75|move: Toxic Spikes
|
|t:|1779719894
|switch|p1a: Hydra|Gyarados, M, shiny|100/100|[from] U-turn
|move|p2a: Glimmora|Power Gem|p1a: Hydra
|-supereffective|p1a: Hydra
|-damage|p1a: Hydra|13/100
|
|upkeep
|turn|9
|
|t:|1779719905
|move|p2a: Glimmora|Power Gem|p1a: Hydra
|-supereffective|p1a: Hydra
|-damage|p1a: Hydra|0 fnt
|faint|p1a: Hydra
|
|upkeep
|
|t:|1779719915
|switch|p1a: Dream|Latias, F|100/100
|turn|10
|
|t:|1779719922
|switch|p2a: Kingambit|Kingambit, F|100/100
|move|p1a: Dream|Calm Mind|p1a: Dream
|-boost|p1a: Dream|spa|1
|-boost|p1a: Dream|spd|1
|
|upkeep
|turn|11
|
|t:|1779719930
|switch|p1a: Knight|Corviknight, M, shiny|88/100
|move|p2a: Kingambit|Kowtow Cleave|p1a: Knight
|-damage|p1a: Knight|47/100
|-damage|p2a: Kingambit|84/100|[from] item: Rocky Helmet|[of] p1a: Knight
|
|upkeep
|turn|12
|inactive|rocket boss 75 has 120 seconds left.
|
|t:|1779719963
|move|p1a: Knight|Body Press|p2a: Kingambit
|-supereffective|p2a: Kingambit
|-crit|p2a: Kingambit
|-damage|p2a: Kingambit|0 fnt
|faint|p2a: Kingambit
|-end|p2a: Kingambit|fallenundefined|[silent]
|
|upkeep
|
|t:|1779719969
|switch|p2a: Blaziken|Blaziken, M, tera:Fire|72/100
|turn|13
|inactive|rocket boss 75 has 120 seconds left.
|
|t:|1779719986
|switch|p1a: Dream|Latias, F|100/100
|move|p2a: Blaziken|Blaze Kick|p1a: Dream
|-resisted|p1a: Dream
|-damage|p1a: Dream|69/100
|
|-heal|p1a: Dream|75/100|[from] item: Leftovers
|-ability|p2a: Blaziken|Speed Boost|boost
|-boost|p2a: Blaziken|spe|1
|upkeep
|turn|14
|inactive|rocket boss 75 has 120 seconds left.
|
|t:|1779719997
|switch|p2a: Gholdengo|Gholdengo|100/100
|-item|p2a: Gholdengo|Air Balloon
|move|p1a: Dream|Psychic|p2a: Gholdengo
|-resisted|p2a: Gholdengo
|-damage|p2a: Gholdengo|84/100
|-enditem|p2a: Gholdengo|Air Balloon
|
|-heal|p1a: Dream|81/100|[from] item: Leftovers
|upkeep
|turn|15
|inactive|rocket boss 75 has 120 seconds left.
|inactive|rocket boss 75 has 90 seconds left.
|
|t:|1779720038
|switch|p1a: Royalty|Persian, M, shiny|100/100
|-status|p1a: Royalty|tox
|move|p2a: Gholdengo|Nasty Plot|p2a: Gholdengo
|-boost|p2a: Gholdengo|spa|2
|
|-damage|p1a: Royalty|95/100 tox|[from] psn
|upkeep
|turn|16
|inactive|rocket boss 75 has 90 seconds left.
|
|t:|1779720048
|move|p1a: Royalty|Knock Off|p2a: Gholdengo
|-supereffective|p2a: Gholdengo
|-damage|p2a: Gholdengo|53/100
|move|p2a: Gholdengo|Make It Rain|p1a: Royalty
|-damage|p1a: Royalty|0 fnt
|-unboost|p2a: Gholdengo|spa|1
|faint|p1a: Royalty
|
|upkeep
|
|t:|1779720064
|switch|p1a: Lust|Dragapult, M|100/100
|-status|p1a: Lust|tox
|turn|17
|
|t:|1779720080
|switch|p2a: Glimmora|Glimmora, M|51/100
|move|p1a: Lust|Phantom Force||[still]
|-prepare|p1a: Lust|Phantom Force
|
|-damage|p1a: Lust|95/100 tox|[from] psn
|upkeep
|turn|18
|
|t:|1779720088
|move|p1a: Lust|Phantom Force|p2a: Glimmora|[from] lockedmove
|-damage|p2a: Glimmora|0 fnt
|faint|p2a: Glimmora
|
|-damage|p1a: Lust|83/100 tox|[from] psn
|upkeep
|
|t:|1779720095
|switch|p2a: Enamorus|Enamorus, F|100/100
|turn|19
|
|t:|1779720099
|move|p2a: Enamorus|Play Rough|p1a: Lust
|-supereffective|p1a: Lust
|-damage|p1a: Lust|0 fnt
|faint|p1a: Lust
|
|upkeep
|-message|rocket boss 75 forfeited.
|
|win|God of Pepsi
|raw|rocket boss 75's rating: 1244 &rarr; <strong>1218</strong><br />(-26 for losing)
|raw|God of Pepsi's rating: 1237 &rarr; <strong>1263</strong><br />(+26 for winning)
|l|☆rocket boss 75
|player|p1|
|l|☆God of Pepsi
|player|p2|
