|j|☆icewizardlair☃
|j|☆YarMathey
|t:|1779718703
|gametype|singles
|player|p1|icewizardlair☃|lorelei-lgpe|1103
|player|p2|YarMathey|skyla|1122
|gen|9
|tier|[Gen 9] OU
|rated|
|rule|HP Percentage Mod: HP is shown in percentages
|rule|Endless Battle Clause: Forcing endless battles is banned
|rule|Species Clause: Limit one of each Pokémon
|rule|OHKO Clause: OHKO moves are banned
|rule|Evasion Items Clause: Evasion items are banned
|rule|Evasion Moves Clause: Evasion moves are banned
|rule|Evasion Abilities Clause: Evasion abilities are banned
|rule|Sleep Moves Clause: Sleep-inducing moves are banned
|clearpoke
|poke|p1|Chesnaught, M|
|poke|p1|Ninetales-Alola, F|
|poke|p1|Kilowattrel, M|
|poke|p1|Flygon, F|
|poke|p1|Lurantis, M|
|poke|p1|Grafaiai, M|
|poke|p2|Sandslash-Alola, M|
|poke|p2|Slowking, M|
|poke|p2|Raging Bolt|
|poke|p2|Corviknight, F|
|poke|p2|Ting-Lu|
|poke|p2|Primarina, F|
|teampreview
|inactive|Battle timer is ON: inactive players will automatically lose when time's up. (requested by icewizardlair☃)
|
|t:|1779718712
|teamsize|p1|6
|teamsize|p2|6
|start
|switch|p1a: Flygon|Flygon, F|100/100
|switch|p2a: Slowking|Slowking, M|100/100
|turn|1
|
|t:|1779718722
|move|p1a: Flygon|First Impression|p2a: Slowking
|-supereffective|p2a: Slowking
|-damage|p2a: Slowking|50/100
|-damage|p1a: Flygon|91/100|[from] item: Life Orb
|-prepare|p2a: Slowking|Chilly Reception|[premajor]
|move|p2a: Slowking|Chilly Reception|p2a: Slowking
|-weather|Snowscape
|
|t:|1779718726
|switch|p2a: Sandslash|Sandslash-Alola, M|100/100|[from] Chilly Reception
|
|-weather|Snowscape|[upkeep]
|upkeep
|turn|2
|
|t:|1779718733
|move|p2a: Sandslash|Iron Head|p1a: Flygon
|-damage|p1a: Flygon|18/100
|move|p1a: Flygon|Earthquake|p2a: Sandslash
|-supereffective|p2a: Sandslash
|-damage|p2a: Sandslash|28/100
|-damage|p1a: Flygon|8/100|[from] item: Life Orb
|
|-weather|Snowscape|[upkeep]
|upkeep
|turn|3
|
|t:|1779718741
|move|p2a: Sandslash|Iron Head|p1a: Flygon
|-damage|p1a: Flygon|0 fnt
|faint|p1a: Flygon
|
|-weather|Snowscape|[upkeep]
|upkeep
|
|t:|1779718765
|switch|p1a: Lurantis|Lurantis, M|100/100
|turn|4
|
|t:|1779718773
|switch|p2a: Corviknight|Corviknight, F|100/100
|-ability|p2a: Corviknight|Pressure
|-terastallize|p1a: Lurantis|Fighting
|move|p1a: Lurantis|Superpower|p2a: Corviknight
|-damage|p2a: Corviknight|51/100
|-boost|p1a: Lurantis|atk|1
|-boost|p1a: Lurantis|def|1
|
|-weather|Snowscape|[upkeep]
|-heal|p2a: Corviknight|58/100|[from] item: Leftovers
|upkeep
|turn|5
|
|t:|1779718789
|move|p2a: Corviknight|Body Press|p1a: Lurantis
|-damage|p1a: Lurantis|85/100
|move|p1a: Lurantis|Superpower|p2a: Corviknight
|-damage|p2a: Corviknight|0 fnt
|-boost|p1a: Lurantis|atk|1
|-boost|p1a: Lurantis|def|1
|faint|p2a: Corviknight
|
|-weather|none
|upkeep
|
|t:|1779718797
|switch|p2a: Primarina|Primarina, F|100/100
|turn|6
|
|t:|1779718804
|move|p2a: Primarina|Moonblast|p1a: Lurantis
|-supereffective|p1a: Lurantis
|-damage|p1a: Lurantis|0 fnt
|faint|p1a: Lurantis
|
|upkeep
|
|t:|1779718819
|switch|p1a: Grafaiai|Grafaiai, M|100/100
|turn|7
|
|t:|1779718828
|switch|p2a: Slowking|Slowking, M|83/100
|move|p1a: Grafaiai|Toxic|p2a: Slowking
|-status|p2a: Slowking|tox
|
|-damage|p2a: Slowking|77/100 tox|[from] psn
|upkeep
|turn|8
|
|t:|1779718832
|move|p1a: Grafaiai|Switcheroo|p2a: Slowking
|-activate|p1a: Grafaiai|move: Trick|[of] p2a: Slowking
|-item|p2a: Slowking|Black Sludge|[from] move: Switcheroo
|-item|p1a: Grafaiai|Heavy-Duty Boots|[from] move: Switcheroo
|-prepare|p2a: Slowking|Chilly Reception|[premajor]
|move|p2a: Slowking|Chilly Reception|p2a: Slowking
|-weather|Snowscape
|
|t:|1779718840
|switch|p2a: Primarina|Primarina, F|100/100|[from] Chilly Reception
|
|-weather|Snowscape|[upkeep]
|upkeep
|turn|9
|
|t:|1779718844
|move|p1a: Grafaiai|Toxic|p2a: Primarina
|-status|p2a: Primarina|tox
|move|p2a: Primarina|Blizzard|p1a: Grafaiai
|-damage|p1a: Grafaiai|60/100
|
|-weather|Snowscape|[upkeep]
|-damage|p2a: Primarina|94/100 tox|[from] psn
|upkeep
|turn|10
|
|t:|1779718855
|-terastallize|p2a: Primarina|Ice
|move|p1a: Grafaiai|Switcheroo|p2a: Primarina
|-activate|p1a: Grafaiai|move: Trick|[of] p2a: Primarina
|-item|p2a: Primarina|Heavy-Duty Boots|[from] move: Switcheroo
|-item|p1a: Grafaiai|Leftovers|[from] move: Switcheroo
|move|p2a: Primarina|Blizzard|p1a: Grafaiai
|-damage|p1a: Grafaiai|0 fnt
|faint|p1a: Grafaiai
|
|-weather|Snowscape|[upkeep]
|-damage|p2a: Primarina|82/100 tox|[from] psn
|upkeep
|
|t:|1779718870
|switch|p1a: Ninetales|Ninetales-Alola, F|100/100
|turn|11
|
|t:|1779718878
|move|p1a: Ninetales|Aurora Veil|p1a: Ninetales
|-sidestart|p1: icewizardlair☃|move: Aurora Veil
|move|p2a: Primarina|Encore|p1a: Ninetales
|-start|p1a: Ninetales|Encore
|
|-weather|Snowscape|[upkeep]
|-damage|p2a: Primarina|64/100 tox|[from] psn
|upkeep
|turn|12
|l|☆icewizardlair☃
|inactive|icewizardlair☃ disconnected and has a minute to reconnect!
|player|p1|
|inactive|icewizardlair☃ has 30 seconds to reconnect!
|inactive|icewizardlair☃ has 20 seconds to reconnect!
|inactive|icewizardlair☃ has 15 seconds to reconnect!
|inactive|icewizardlair☃ has 10 seconds to reconnect!
|inactive|icewizardlair☃ has 5 seconds to reconnect!
|j|☆icewizardlair☃
|inactive|icewizardlair☃ reconnected and has 95 seconds left.
|player|p1|icewizardlair☃|lorelei-lgpe|
|inactive|icewizardlair☃ has 90 seconds left.
|
|t:|1779718939
|switch|p1a: Thunder Child|Kilowattrel, M|100/100
|move|p2a: Primarina|Moonblast|p1a: Thunder Child
|-damage|p1a: Thunder Child|34/100
|-unboost|p1a: Thunder Child|spa|1
|
|-weather|none
|-damage|p2a: Primarina|40/100 tox|[from] psn
|upkeep
|turn|13
|
|t:|1779718949
|move|p1a: Thunder Child|Endure|p1a: Thunder Child
|-singleturn|p1a: Thunder Child|move: Endure
|move|p2a: Primarina|Moonblast|p1a: Thunder Child
|-activate|p1a: Thunder Child|move: Endure
|-damage|p1a: Thunder Child|1/100
|-unboost|p1a: Thunder Child|spa|1
|
|-damage|p2a: Primarina|10/100 tox|[from] psn
|upkeep
|turn|14
|
|t:|1779718954
|switch|p1a: Ninetales|Ninetales-Alola, F|100/100
|-weather|Snowscape|[from] ability: Snow Warning|[of] p1a: Ninetales
|move|p2a: Primarina|Moonblast|p1a: Ninetales
|-damage|p1a: Ninetales|71/100
|
|-weather|Snowscape|[upkeep]
|-damage|p2a: Primarina|0 fnt|[from] psn
|faint|p2a: Primarina
|upkeep
|
|t:|1779718962
|switch|p2a: Sandslash|Sandslash-Alola, M|28/100
|turn|15
|
|t:|1779718973
|switch|p1a: Chesnaught|Chesnaught, M, shiny|100/100
|move|p2a: Sandslash|Iron Head|p1a: Chesnaught
|-damage|p1a: Chesnaught|72/100
|
|-weather|Snowscape|[upkeep]
|upkeep
|turn|16
|
|t:|1779718978
|switch|p2a: Raging Bolt|Raging Bolt|100/100
|move|p1a: Chesnaught|Drain Punch|p2a: Raging Bolt
|-damage|p2a: Raging Bolt|74/100
|-heal|p1a: Chesnaught|91/100|[from] drain|[of] p2a: Raging Bolt
|
|-weather|Snowscape|[upkeep]
|upkeep
|turn|17
|
|t:|1779718987
|switch|p1a: Thunder Child|Kilowattrel, M|1/100
|move|p2a: Raging Bolt|Thunderbolt|p1a: Thunder Child
|-heal|p1a: Thunder Child|26/100|[from] ability: Volt Absorb|[of] p2a: Raging Bolt
|
|-weather|Snowscape|[upkeep]
|upkeep
|turn|18
|
|t:|1779718993
|-end|p2a: Raging Bolt|Protosynthesis|[silent]
|switch|p2a: Ting-Lu|Ting-Lu|100/100
|-ability|p2a: Ting-Lu|Vessel of Ruin
|move|p1a: Thunder Child|Endeavor|p2a: Ting-Lu
|-damage|p2a: Ting-Lu|13/100
|
|-weather|none
|-heal|p2a: Ting-Lu|19/100|[from] item: Leftovers
|-sideend|p1: icewizardlair☃|move: Aurora Veil
|upkeep
|turn|19
|
|t:|1779719000
|move|p1a: Thunder Child|Air Slash|p2a: Ting-Lu
|-damage|p2a: Ting-Lu|0 fnt
|faint|p2a: Ting-Lu
|
|upkeep
|
|t:|1779719003
|switch|p2a: Slowking|Slowking, M|100/100 tox
|turn|20
|
|t:|1779719007
|move|p1a: Thunder Child|Endeavor|p2a: Slowking
|-damage|p2a: Slowking|16/100 tox
|-prepare|p2a: Slowking|Chilly Reception|[premajor]
|move|p2a: Slowking|Chilly Reception|p2a: Slowking
|-weather|Snowscape
|
|t:|1779719010
|switch|p2a: Sandslash|Sandslash-Alola, M|28/100|[from] Chilly Reception
|
|-weather|Snowscape|[upkeep]
|upkeep
|turn|21
|
|t:|1779719015
|switch|p1a: Ninetales|Ninetales-Alola, F|71/100
|move|p2a: Sandslash|Icicle Crash|p1a: Ninetales
|-resisted|p1a: Ninetales
|-damage|p1a: Ninetales|40/100
|
|-weather|Snowscape|[upkeep]
|upkeep
|turn|22
|
|t:|1779719027
|switch|p1a: Chesnaught|Chesnaught, M, shiny|91/100
|switch|p2a: Raging Bolt|Raging Bolt|74/100
|
|-weather|Snowscape|[upkeep]
|upkeep
|turn|23
|
|t:|1779719032
|move|p1a: Chesnaught|Drain Punch|p2a: Raging Bolt
|-damage|p2a: Raging Bolt|47/100
|-heal|p1a: Chesnaught|100/100|[from] drain|[of] p2a: Raging Bolt
|move|p2a: Raging Bolt|Draco Meteor|p1a: Chesnaught
|-damage|p1a: Chesnaught|0 fnt
|-unboost|p2a: Raging Bolt|spa|2
|faint|p1a: Chesnaught
|
|-weather|Snowscape|[upkeep]
|upkeep
|
|t:|1779719048
|switch|p1a: Thunder Child|Kilowattrel, M|26/100
|turn|24
|inactive|YarMathey has 120 seconds left.
|
|t:|1779719085
|move|p1a: Thunder Child|Endure|p1a: Thunder Child
|-singleturn|p1a: Thunder Child|move: Endure
|move|p2a: Raging Bolt|Draco Meteor|p1a: Thunder Child
|-activate|p1a: Thunder Child|move: Endure
|-damage|p1a: Thunder Child|1/100
|-unboost|p2a: Raging Bolt|spa|2
|
|-weather|none
|upkeep
|turn|25
|
|t:|1779719100
|switch|p1a: Ninetales|Ninetales-Alola, F|40/100
|-weather|Snowscape|[from] ability: Snow Warning|[of] p1a: Ninetales
|move|p2a: Raging Bolt|Draco Meteor|p1a: Ninetales
|-immune|p1a: Ninetales
|
|-weather|Snowscape|[upkeep]
|upkeep
|turn|26
|
|t:|1779719103
|move|p1a: Ninetales|Moonblast|p2a: Raging Bolt
|-supereffective|p2a: Raging Bolt
|-damage|p2a: Raging Bolt|0 fnt
|faint|p2a: Raging Bolt
|-end|p2a: Raging Bolt|Protosynthesis|[silent]
|
|-weather|Snowscape|[upkeep]
|upkeep
|
|t:|1779719106
|switch|p2a: Sandslash|Sandslash-Alola, M|28/100
|turn|27
|
|t:|1779719119
|move|p1a: Ninetales|Aurora Veil|p1a: Ninetales
|-sidestart|p1: icewizardlair☃|move: Aurora Veil
|move|p2a: Sandslash|Iron Head|p1a: Ninetales
|-supereffective|p1a: Ninetales
|-damage|p1a: Ninetales|0 fnt
|faint|p1a: Ninetales
|
|-weather|Snowscape|[upkeep]
|upkeep
|
|t:|1779719123
|switch|p1a: Thunder Child|Kilowattrel, M|1/100
|turn|28
|
|t:|1779719137
|move|p1a: Thunder Child|Endure|p1a: Thunder Child
|-singleturn|p1a: Thunder Child|move: Endure
|move|p2a: Sandslash|Iron Head|p1a: Thunder Child
|-resisted|p1a: Thunder Child
|-activate|p1a: Thunder Child|move: Endure
|-damage|p1a: Thunder Child|1/100
|
|-weather|Snowscape|[upkeep]
|upkeep
|turn|29
|
|t:|1779719159
|move|p1a: Thunder Child|Thunderbolt|p2a: Sandslash
|-damage|p2a: Sandslash|0 fnt
|faint|p2a: Sandslash
|
|-weather|none
|upkeep
|
|t:|1779719161
|switch|p2a: Slowking|Slowking, M|50/100 tox
|turn|30
|
|t:|1779719168
|move|p1a: Thunder Child|Thunderbolt|p2a: Slowking
|-supereffective|p2a: Slowking
|-damage|p2a: Slowking|0 fnt
|faint|p2a: Slowking
|
|win|icewizardlair☃
|raw|icewizardlair☃'s rating: 1103 &rarr; <strong>1129</strong><br />(+26 for winning)
|raw|YarMathey's rating: 1122 &rarr; <strong>1096</strong><br />(-26 for losing)
|l|☆YarMathey
|player|p2|
|c|☆icewizardlair☃|Gg!
|l|☆icewizardlair☃
|player|p1|
