|j|☆BigCungusxRemix
|j|☆abhii.g
|t:|1779668306
|gametype|singles
|player|p1|BigCungusxRemix|101|1451
|player|p2|abhii.g|benga|1481
|gen|9
|tier|[Gen 9] OU
|rated|
|rule|HP Percentage Mod: HP is shown in percentages
|rule|Endless Battle Clause: Forcing endless battles is banned
|rule|Species Clause: Limit one of each Pokémon
|rule|OHKO Clause: OHKO moves are banned
|rule|Evasion Items Clause: Evasion items are banned
|rule|Evasion Moves Clause: Evasion moves are banned
|rule|Evasion Abilities Clause: Evasion abilities are banned
|rule|Sleep Moves Clause: Sleep-inducing moves are banned
|clearpoke
|poke|p1|Volcanion|
|poke|p1|Samurott-Hisui, F|
|poke|p1|Pecharunt|
|poke|p1|Quaquaval, M|
|poke|p1|Gliscor, F|
|poke|p1|Darkrai|
|poke|p2|Raging Bolt|
|poke|p2|Alomomola, M|
|poke|p2|Hatterene, F|
|poke|p2|Lokix, M|
|poke|p2|Great Tusk|
|poke|p2|Heatran, M|
|teampreview
|inactive|Battle timer is ON: inactive players will automatically lose when time's up. (requested by abhii.g)
|
|t:|1779668318
|teamsize|p1|6
|teamsize|p2|6
|start
|switch|p1a: Quaquaval|Quaquaval, M|100/100
|switch|p2a: U dropping neck?|Raging Bolt|100/100
|turn|1
|
|t:|1779668327
|switch|p1a: Gliscor|Gliscor, F|100/100
|move|p2a: U dropping neck?|Volt Switch|p1a: Gliscor
|-immune|p1a: Gliscor
|
|-status|p1a: Gliscor|tox|[from] item: Toxic Orb
|upkeep
|turn|2
|
|t:|1779668333
|-end|p2a: U dropping neck?|Protosynthesis|[silent]
|switch|p2a: Manfred|Great Tusk|100/100
|move|p1a: Gliscor|Toxic|p2a: Manfred
|-status|p2a: Manfred|tox
|
|-damage|p2a: Manfred|94/100 tox|[from] psn
|upkeep
|turn|3
|
|t:|1779668342
|-end|p2a: Manfred|Protosynthesis|[silent]
|switch|p2a: Heatran|Heatran, M|100/100
|switch|p1a: Pecharunt|Pecharunt|100/100
|-item|p1a: Pecharunt|Air Balloon
|
|upkeep
|turn|4
|
|t:|1779668349
|switch|p1a: Samurott|Samurott-Hisui, F|100/100
|move|p2a: Heatran|Stealth Rock|p1a: Samurott
|-sidestart|p1: BigCungusxRemix|move: Stealth Rock
|
|upkeep
|turn|5
|
|t:|1779668356
|switch|p2a: Manfred|Great Tusk|94/100 tox
|move|p1a: Samurott|Ceaseless Edge|p2a: Manfred|[miss]
|-miss|p1a: Samurott|p2a: Manfred
|
|-damage|p2a: Manfred|88/100 tox|[from] psn
|upkeep
|turn|6
|
|t:|1779668363
|move|p2a: Manfred|Close Combat|p1a: Samurott
|-supereffective|p1a: Samurott
|-enditem|p1a: Samurott|Focus Sash
|-damage|p1a: Samurott|1/100
|-unboost|p2a: Manfred|def|1
|-unboost|p2a: Manfred|spd|1
|move|p1a: Samurott|Ceaseless Edge|p2a: Manfred
|-resisted|p2a: Manfred
|-damage|p2a: Manfred|62/100 tox
|-sidestart|p2: abhii.g|Spikes
|
|-damage|p2a: Manfred|50/100 tox|[from] psn
|upkeep
|turn|7
|
|t:|1779668375
|switch|p1a: Pecharunt|Pecharunt|100/100
|-damage|p1a: Pecharunt|88/100|[from] Stealth Rock
|-item|p1a: Pecharunt|Air Balloon
|move|p2a: Manfred|Ice Spinner|p1a: Pecharunt
|-damage|p1a: Pecharunt|71/100
|-enditem|p1a: Pecharunt|Air Balloon
|
|-damage|p2a: Manfred|31/100 tox|[from] psn
|upkeep
|turn|8
|
|t:|1779668385
|move|p1a: Pecharunt|Shadow Ball|p2a: Manfred
|-damage|p2a: Manfred|0 fnt
|faint|p2a: Manfred
|-end|p2a: Manfred|Protosynthesis|[silent]
|
|upkeep
|
|t:|1779668394
|switch|p2a: Heatran|Heatran, M|100/100
|-damage|p2a: Heatran|88/100|[from] Spikes
|turn|9
|
|t:|1779668401
|switch|p1a: Samurott|Samurott-Hisui, F|1/100
|-damage|p1a: Samurott|0 fnt|[from] Stealth Rock
|faint|p1a: Samurott
|move|p2a: Heatran|Magma Storm|p1: Samurott|[notarget]
|-fail|p2a: Heatran
|
|-heal|p2a: Heatran|94/100|[from] item: Leftovers
|upkeep
|
|t:|1779668425
|switch|p1a: Quaquaval|Quaquaval, M|100/100
|turn|10
|
|t:|1779668429
|switch|p2a: Luvdisk|Alomomola, M|100/100
|-damage|p2a: Luvdisk|88/100|[from] Spikes
|move|p1a: Quaquaval|Close Combat|p2a: Luvdisk
|-damage|p2a: Luvdisk|54/100
|-unboost|p1a: Quaquaval|def|1
|-unboost|p1a: Quaquaval|spd|1
|-enditem|p2a: Luvdisk|Eject Button
|
|t:|1779668439
|switch|p2a: U dropping neck?|Raging Bolt|100/100
|-damage|p2a: U dropping neck?|88/100|[from] Spikes
|
|upkeep
|turn|11
|
|t:|1779668445
|switch|p1a: Gliscor|Gliscor, F|100/100 tox
|-damage|p1a: Gliscor|88/100 tox|[from] Stealth Rock
|move|p2a: U dropping neck?|Draco Meteor|p1a: Gliscor
|-damage|p1a: Gliscor|20/100 tox
|-unboost|p2a: U dropping neck?|spa|2
|
|-heal|p1a: Gliscor|32/100 tox|[from] ability: Poison Heal
|upkeep
|turn|12
|
|t:|1779668459
|move|p2a: U dropping neck?|Draco Meteor|p1a: Gliscor
|-damage|p1a: Gliscor|2/100 tox
|-unboost|p2a: U dropping neck?|spa|2
|move|p1a: Gliscor|Toxic|p2a: U dropping neck?
|-status|p2a: U dropping neck?|tox
|
|-damage|p2a: U dropping neck?|82/100 tox|[from] psn
|-heal|p1a: Gliscor|14/100 tox|[from] ability: Poison Heal
|upkeep
|turn|13
|
|t:|1779668470
|-end|p2a: U dropping neck?|Protosynthesis|[silent]
|switch|p2a: Luvdisk|Alomomola, M|88/100
|-damage|p2a: Luvdisk|75/100|[from] Spikes
|move|p1a: Gliscor|Earthquake|p2a: Luvdisk
|-damage|p2a: Luvdisk|54/100
|
|-heal|p1a: Gliscor|26/100 tox|[from] ability: Poison Heal
|upkeep
|turn|14
|
|t:|1779668479
|switch|p1a: Volcanion|Volcanion|100/100
|move|p2a: Luvdisk|Flip Turn|p1a: Volcanion
|-immune|p1a: Volcanion|[from] ability: Water Absorb
|
|upkeep
|turn|15
|
|t:|1779668487
|move|p2a: Luvdisk|Protect|p2a: Luvdisk
|-singleturn|p2a: Luvdisk|Protect
|move|p1a: Volcanion|Fire Spin|p2a: Luvdisk
|-activate|p2a: Luvdisk|move: Protect
|
|upkeep
|turn|16
|
|t:|1779668506
|switch|p2a: Gyatterene|Hatterene, F, shiny|100/100
|-damage|p2a: Gyatterene|88/100|[from] Spikes
|move|p1a: Volcanion|Steam Eruption|p2a: Gyatterene
|-damage|p2a: Gyatterene|57/100
|
|upkeep
|turn|17
|
|t:|1779668517
|move|p1a: Volcanion|Sludge Bomb|p2a: Gyatterene
|-supereffective|p2a: Gyatterene
|-damage|p2a: Gyatterene|23/100
|move|p2a: Gyatterene|Future Sight|p1a: Volcanion
|-start|p2a: Gyatterene|move: Future Sight
|
|upkeep
|turn|18
|
|t:|1779668524
|move|p1a: Volcanion|Steam Eruption|p2a: Gyatterene
|-damage|p2a: Gyatterene|0 fnt
|faint|p2a: Gyatterene
|
|upkeep
|
|t:|1779668531
|switch|p2a: U dropping neck?|Raging Bolt|82/100 tox
|-damage|p2a: U dropping neck?|70/100 tox|[from] Spikes
|turn|19
|
|t:|1779668539
|switch|p1a: Gliscor|Gliscor, F|26/100 tox
|-damage|p1a: Gliscor|14/100 tox|[from] Stealth Rock
|move|p2a: U dropping neck?|Volt Switch|p1a: Gliscor
|-immune|p1a: Gliscor
|
|-end|p1a: Gliscor|move: Future Sight
|-damage|p1a: Gliscor|0 fnt
|faint|p1a: Gliscor
|-damage|p2a: U dropping neck?|64/100 tox|[from] psn
|upkeep
|
|t:|1779668552
|switch|p1a: Darkrai|Darkrai|100/100
|turn|20
|
|t:|1779668558
|move|p2a: U dropping neck?|Volt Switch|p1a: Darkrai
|-damage|p1a: Darkrai|48/100
|
|t:|1779668561
|-end|p2a: U dropping neck?|Protosynthesis|[silent]
|switch|p2a: Heatran|Heatran, M|94/100|[from] Volt Switch
|-damage|p2a: Heatran|82/100|[from] Spikes
|move|p1a: Darkrai|Ice Beam|p2a: Heatran
|-resisted|p2a: Heatran
|-damage|p2a: Heatran|76/100
|
|-heal|p2a: Heatran|82/100|[from] item: Leftovers
|upkeep
|turn|21
|
|t:|1779668574
|move|p1a: Darkrai|Dark Pulse|p2a: Heatran
|-damage|p2a: Heatran|48/100
|move|p2a: Heatran|Magma Storm|p1a: Darkrai
|-crit|p1a: Darkrai
|-damage|p1a: Darkrai|0 fnt
|faint|p1a: Darkrai
|
|-heal|p2a: Heatran|54/100|[from] item: Leftovers
|upkeep
|
|t:|1779668582
|switch|p1a: Quaquaval|Quaquaval, M|100/100
|turn|22
|
|t:|1779668590
|switch|p2a: Luvdisk|Alomomola, M|87/100
|-damage|p2a: Luvdisk|75/100|[from] Spikes
|move|p1a: Quaquaval|Aqua Step|p2a: Luvdisk
|-resisted|p2a: Luvdisk
|-damage|p2a: Luvdisk|63/100
|-boost|p1a: Quaquaval|spe|1
|
|upkeep
|turn|23
|-message|BigCungusxRemix forfeited.
|
|win|abhii.g
|raw|BigCungusxRemix's rating: 1451 &rarr; <strong>1433</strong><br />(-18 for losing)
|raw|abhii.g's rating: 1481 &rarr; <strong>1499</strong><br />(+18 for winning)
|l|☆BigCungusxRemix
|player|p1|
