|j|☆noonymoose
|j|☆TeaPause
|t:|1779661238
|gametype|singles
|player|p1|noonymoose|n|1257
|player|p2|TeaPause|waiter|1318
|gen|9
|tier|[Gen 9] OU
|rated|
|rule|HP Percentage Mod: HP is shown in percentages
|rule|Endless Battle Clause: Forcing endless battles is banned
|rule|Species Clause: Limit one of each Pokémon
|rule|OHKO Clause: OHKO moves are banned
|rule|Evasion Items Clause: Evasion items are banned
|rule|Evasion Moves Clause: Evasion moves are banned
|rule|Evasion Abilities Clause: Evasion abilities are banned
|rule|Sleep Moves Clause: Sleep-inducing moves are banned
|clearpoke
|poke|p1|Misdreavus, M|
|poke|p1|Ogerpon, F|
|poke|p1|Zapdos|
|poke|p1|Dudunsparce-*, F|
|poke|p1|Darkrai|
|poke|p1|Great Tusk|
|poke|p2|Decidueye-Hisui, M|
|poke|p2|Heatran, M|
|poke|p2|Dragapult, F|
|poke|p2|Muk-Alola, F|
|poke|p2|Cyclizar, F|
|poke|p2|Hatterene, F|
|teampreview
|inactive|Battle timer is ON: inactive players will automatically lose when time's up. (requested by TeaPause)
|inactive|noonymoose also wants the timer to be on.
|
|t:|1779661250
|teamsize|p1|6
|teamsize|p2|6
|start
|switch|p1a: Dudunsparce|Dudunsparce, F|100/100
|switch|p2a: Muk|Muk-Alola, F|100/100
|turn|1
|
|t:|1779661258
|switch|p1a: Zapdos|Zapdos|100/100
|move|p2a: Muk|Poison Jab|p1a: Zapdos
|-damage|p1a: Zapdos|62/100
|-status|p2a: Muk|par|[from] ability: Static|[of] p1a: Zapdos
|
|upkeep
|turn|2
|
|t:|1779661265
|move|p1a: Zapdos|Volt Switch|p2a: Muk
|-damage|p2a: Muk|81/100 par
|
|t:|1779661270
|switch|p1a: Great Tusk|Great Tusk|100/100|[from] Volt Switch
|cant|p2a: Muk|par
|
|upkeep
|turn|3
|
|t:|1779661281
|move|p1a: Great Tusk|Headlong Rush|p2a: Muk
|-supereffective|p2a: Muk
|-damage|p2a: Muk|0 fnt
|-unboost|p1a: Great Tusk|def|1
|-unboost|p1a: Great Tusk|spd|1
|faint|p2a: Muk
|
|upkeep
|
|t:|1779661289
|switch|p2a: Dragapult|Dragapult, F|100/100
|turn|4
|
|t:|1779661295
|-end|p1a: Great Tusk|Protosynthesis|[silent]
|switch|p1a: Dudunsparce|Dudunsparce, F|100/100
|move|p2a: Dragapult|Draco Meteor|p1a: Dudunsparce
|-damage|p1a: Dudunsparce|11/100
|-unboost|p2a: Dragapult|spa|2
|
|upkeep
|turn|5
|
|t:|1779661306
|switch|p1a: Zapdos|Zapdos|62/100
|move|p2a: Dragapult|Draco Meteor|p1a: Zapdos|[miss]
|-miss|p2a: Dragapult|p1a: Zapdos
|
|upkeep
|turn|6
|
|t:|1779661313
|move|p2a: Dragapult|Draco Meteor|p1a: Zapdos
|-damage|p1a: Zapdos|32/100
|-unboost|p2a: Dragapult|spa|2
|move|p1a: Zapdos|Thunder Wave|p2a: Dragapult
|-status|p2a: Dragapult|par
|
|upkeep
|turn|7
|
|t:|1779661331
|switch|p2a: Heatran|Heatran, M|100/100
|move|p1a: Zapdos|Roost|p1a: Zapdos
|-heal|p1a: Zapdos|82/100
|-singleturn|p1a: Zapdos|move: Roost
|
|upkeep
|turn|8
|
|t:|1779661340
|move|p1a: Zapdos|Volt Switch|p2a: Heatran
|-damage|p2a: Heatran|82/100
|
|t:|1779661343
|switch|p1a: Great Tusk|Great Tusk|100/100|[from] Volt Switch
|move|p2a: Heatran|Will-O-Wisp|p1a: Great Tusk
|-status|p1a: Great Tusk|brn
|
|-heal|p2a: Heatran|88/100|[from] item: Leftovers
|-damage|p1a: Great Tusk|94/100 brn|[from] brn
|upkeep
|turn|9
|
|t:|1779661353
|switch|p2a: Decidueye|Decidueye-Hisui, M|100/100
|move|p1a: Great Tusk|Headlong Rush|p2a: Decidueye
|-resisted|p2a: Decidueye
|-damage|p2a: Decidueye|83/100
|-unboost|p1a: Great Tusk|def|1
|-unboost|p1a: Great Tusk|spd|1
|
|-damage|p1a: Great Tusk|88/100 brn|[from] brn
|upkeep
|turn|10
|
|t:|1779661367
|-end|p1a: Great Tusk|Protosynthesis|[silent]
|switch|p1a: Zapdos|Zapdos|82/100
|move|p2a: Decidueye|Triple Arrows|p1a: Zapdos
|-resisted|p1a: Zapdos
|-damage|p1a: Zapdos|47/100
|
|upkeep
|turn|11
|
|t:|1779661376
|switch|p2a: Cyclizar|Cyclizar, F|100/100
|move|p1a: Zapdos|Roost|p1a: Zapdos
|-heal|p1a: Zapdos|97/100
|-singleturn|p1a: Zapdos|move: Roost
|
|upkeep
|turn|12
|
|t:|1779661390
|move|p2a: Cyclizar|Dragon Claw|p1a: Zapdos
|-damage|p1a: Zapdos|64/100
|move|p1a: Zapdos|Thunder Wave|p2a: Cyclizar
|-status|p2a: Cyclizar|par
|
|upkeep
|turn|13
|
|t:|1779661396
|move|p1a: Zapdos|Volt Switch|p2a: Cyclizar
|-resisted|p2a: Cyclizar
|-damage|p2a: Cyclizar|75/100 par
|
|t:|1779661406
|switch|p1a: Great Tusk|Great Tusk|88/100 brn|[from] Volt Switch
|cant|p2a: Cyclizar|par
|
|-damage|p1a: Great Tusk|82/100 brn|[from] brn
|upkeep
|turn|14
|
|t:|1779661416
|-end|p1a: Great Tusk|Protosynthesis|[silent]
|switch|p1a: Ogerpon|Ogerpon, F|100/100
|switch|p2a: Hatterene|Hatterene, F|100/100
|
|upkeep
|turn|15
|
|t:|1779661424
|move|p1a: Ogerpon|U-turn|p2a: Hatterene
|-damage|p2a: Hatterene|61/100
|
|t:|1779661429
|switch|p1a: Darkrai|Darkrai|100/100|[from] U-turn
|move|p2a: Hatterene|Nuzzle|p1a: Darkrai
|-damage|p1a: Darkrai|95/100
|-status|p1a: Darkrai|par
|
|-heal|p1a: Darkrai|100/100 par|[from] item: Leftovers
|-heal|p2a: Hatterene|67/100|[from] item: Leftovers
|upkeep
|turn|16
|
|t:|1779661443
|switch|p2a: Heatran|Heatran, M|88/100
|move|p1a: Darkrai|Nasty Plot|p1a: Darkrai
|-boost|p1a: Darkrai|spa|2
|
|-heal|p2a: Heatran|94/100|[from] item: Leftovers
|upkeep
|turn|17
|
|t:|1779661451
|move|p1a: Darkrai|Hex|p2a: Heatran
|-damage|p2a: Heatran|67/100
|move|p2a: Heatran|Magma Storm|p1a: Darkrai
|-damage|p1a: Darkrai|48/100 par
|-activate|p1a: Darkrai|move: Magma Storm|[of] p2a: Heatran
|
|-heal|p1a: Darkrai|54/100 par|[from] item: Leftovers
|-heal|p2a: Heatran|73/100|[from] item: Leftovers
|-damage|p1a: Darkrai|42/100 par|[from] move: Magma Storm|[partiallytrapped]
|upkeep
|turn|18
|
|t:|1779661462
|move|p1a: Darkrai|Thunder Wave|p2a: Heatran
|-status|p2a: Heatran|par
|move|p2a: Heatran|Magma Storm|p1a: Darkrai
|-damage|p1a: Darkrai|0 fnt
|faint|p1a: Darkrai
|
|-heal|p2a: Heatran|80/100 par|[from] item: Leftovers
|upkeep
|
|t:|1779661467
|switch|p1a: Zapdos|Zapdos|64/100
|turn|19
|
|t:|1779661480
|move|p1a: Zapdos|Roost|p1a: Zapdos
|-heal|p1a: Zapdos|100/100
|-singleturn|p1a: Zapdos|move: Roost
|cant|p2a: Heatran|par
|
|-heal|p2a: Heatran|86/100 par|[from] item: Leftovers
|upkeep
|turn|20
|
|t:|1779661488
|move|p1a: Zapdos|Volt Switch|p2a: Heatran
|-damage|p2a: Heatran|67/100 par
|
|t:|1779661493
|switch|p1a: Great Tusk|Great Tusk|82/100 brn|[from] Volt Switch
|move|p2a: Heatran|Magma Storm|p1a: Great Tusk
|-damage|p1a: Great Tusk|20/100 brn
|-activate|p1a: Great Tusk|move: Magma Storm|[of] p2a: Heatran
|
|-heal|p2a: Heatran|73/100 par|[from] item: Leftovers
|-damage|p1a: Great Tusk|14/100 brn|[from] brn
|-damage|p1a: Great Tusk|2/100 brn|[from] move: Magma Storm|[partiallytrapped]
|upkeep
|turn|21
|
|t:|1779661509
|move|p2a: Heatran|Protect|p2a: Heatran
|-singleturn|p2a: Heatran|Protect
|move|p1a: Great Tusk|Close Combat|p2a: Heatran
|-activate|p2a: Heatran|move: Protect
|
|-heal|p2a: Heatran|80/100 par|[from] item: Leftovers
|-damage|p1a: Great Tusk|0 fnt|[from] brn
|faint|p1a: Great Tusk
|-end|p1a: Great Tusk|Protosynthesis|[silent]
|upkeep
|
|t:|1779661512
|switch|p1a: Zapdos|Zapdos|100/100
|turn|22
|
|t:|1779661522
|move|p1a: Zapdos|Volt Switch|p2a: Heatran
|-damage|p2a: Heatran|61/100 par
|
|t:|1779661525
|switch|p1a: Dudunsparce|Dudunsparce, F|11/100|[from] Volt Switch
|move|p2a: Heatran|Will-O-Wisp|p1a: Dudunsparce
|-status|p1a: Dudunsparce|brn
|
|-heal|p2a: Heatran|68/100 par|[from] item: Leftovers
|-damage|p1a: Dudunsparce|5/100 brn|[from] brn
|upkeep
|turn|23
|
|t:|1779661537
|move|p1a: Dudunsparce|Stealth Rock|p2a: Heatran
|-sidestart|p2: TeaPause|move: Stealth Rock
|move|p2a: Heatran|Magma Storm|p1a: Dudunsparce
|-crit|p1a: Dudunsparce
|-damage|p1a: Dudunsparce|0 fnt
|faint|p1a: Dudunsparce
|
|-heal|p2a: Heatran|74/100 par|[from] item: Leftovers
|upkeep
|
|t:|1779661546
|switch|p1a: Zapdos|Zapdos|100/100
|turn|24
|
|t:|1779661552
|move|p1a: Zapdos|Volt Switch|p2a: Heatran
|-damage|p2a: Heatran|57/100 par
|
|t:|1779661554
|switch|p1a: Misdreavus|Misdreavus, M|100/100|[from] Volt Switch
|cant|p2a: Heatran|par
|
|-heal|p2a: Heatran|63/100 par|[from] item: Leftovers
|upkeep
|turn|25
|
|t:|1779661573
|switch|p2a: Cyclizar|Cyclizar, F|100/100 par
|move|p1a: Misdreavus|Shadow Ball|p2a: Cyclizar
|-immune|p2a: Cyclizar
|
|upkeep
|turn|26
|
|t:|1779661579
|switch|p1a: Ogerpon|Ogerpon, F|100/100
|move|p2a: Cyclizar|Dragon Claw|p1a: Ogerpon
|-damage|p1a: Ogerpon|55/100
|
|upkeep
|turn|27
|
|t:|1779661588
|-terastallize|p1a: Ogerpon|Grass
|detailschange|p1a: Ogerpon|Ogerpon-Teal-Tera, F, tera:Grass
|-ability|p1a: Ogerpon|Embody Aspect (Teal)|boost
|-boost|p1a: Ogerpon|spe|1
|move|p1a: Ogerpon|Ivy Cudgel|p2a: Cyclizar
|-resisted|p2a: Cyclizar
|-crit|p2a: Cyclizar
|-damage|p2a: Cyclizar|0 fnt
|faint|p2a: Cyclizar
|
|upkeep
|
|t:|1779661604
|switch|p2a: Heatran|Heatran, M|63/100 par
|-damage|p2a: Heatran|50/100 par|[from] Stealth Rock
|turn|28
|
|t:|1779661613
|switch|p1a: Zapdos|Zapdos|100/100
|move|p2a: Heatran|Will-O-Wisp|p1a: Zapdos
|-status|p1a: Zapdos|brn
|
|-heal|p2a: Heatran|57/100 par|[from] item: Leftovers
|-damage|p1a: Zapdos|94/100 brn|[from] brn
|upkeep
|turn|29
|
|t:|1779661623
|move|p2a: Heatran|Protect|p2a: Heatran
|-singleturn|p2a: Heatran|Protect
|move|p1a: Zapdos|Volt Switch|p2a: Heatran
|-activate|p2a: Heatran|move: Protect
|
|-heal|p2a: Heatran|63/100 par|[from] item: Leftovers
|-damage|p1a: Zapdos|88/100 brn|[from] brn
|upkeep
|turn|30
|
|t:|1779661632
|move|p1a: Zapdos|Volt Switch|p2a: Heatran
|-damage|p2a: Heatran|43/100 par
|
|t:|1779661636
|switch|p1a: Misdreavus|Misdreavus, M|100/100|[from] Volt Switch
|move|p2a: Heatran|Magma Storm|p1a: Misdreavus
|-damage|p1a: Misdreavus|69/100
|-activate|p1a: Misdreavus|move: Magma Storm|[of] p2a: Heatran
|
|-heal|p2a: Heatran|49/100 par|[from] item: Leftovers
|-damage|p1a: Misdreavus|56/100|[from] move: Magma Storm|[partiallytrapped]
|upkeep
|turn|31
|
|t:|1779661646
|move|p1a: Misdreavus|Shadow Ball|p2a: Heatran
|-damage|p2a: Heatran|36/100 par
|move|p2a: Heatran|Will-O-Wisp|p1a: Misdreavus
|-status|p1a: Misdreavus|brn
|
|-heal|p2a: Heatran|42/100 par|[from] item: Leftovers
|-damage|p1a: Misdreavus|50/100 brn|[from] brn
|-damage|p1a: Misdreavus|38/100 brn|[from] move: Magma Storm|[partiallytrapped]
|upkeep
|turn|32
|
|t:|1779661658
|move|p1a: Misdreavus|Shadow Ball|p2a: Heatran
|-damage|p2a: Heatran|29/100 par
|move|p2a: Heatran|Magma Storm|p1a: Misdreavus
|-damage|p1a: Misdreavus|5/100 brn
|
|-heal|p2a: Heatran|35/100 par|[from] item: Leftovers
|-damage|p1a: Misdreavus|0 fnt|[from] brn
|faint|p1a: Misdreavus
|upkeep
|
|t:|1779661664
|switch|p1a: Zapdos|Zapdos|88/100 brn
|turn|33
|
|t:|1779661671
|move|p2a: Heatran|Protect|p2a: Heatran
|-singleturn|p2a: Heatran|Protect
|move|p1a: Zapdos|Volt Switch|p2a: Heatran
|-activate|p2a: Heatran|move: Protect
|
|-heal|p2a: Heatran|41/100 par|[from] item: Leftovers
|-damage|p1a: Zapdos|82/100 brn|[from] brn
|upkeep
|turn|34
|
|t:|1779661680
|move|p1a: Zapdos|Roost|p1a: Zapdos
|-heal|p1a: Zapdos|100/100 brn
|-singleturn|p1a: Zapdos|move: Roost
|move|p2a: Heatran|Will-O-Wisp|p1a: Zapdos
|-fail|p1a: Zapdos|brn
|
|-heal|p2a: Heatran|47/100 par|[from] item: Leftovers
|-damage|p1a: Zapdos|94/100 brn|[from] brn
|upkeep
|turn|35
|
|t:|1779661691
|switch|p1a: Ogerpon|Ogerpon-Teal-Tera, F, tera:Grass|55/100
|-ability|p1a: Ogerpon|Embody Aspect (Teal)|boost
|-boost|p1a: Ogerpon|spe|1
|move|p2a: Heatran|Magma Storm|p1a: Ogerpon
|-supereffective|p1a: Ogerpon
|-damage|p1a: Ogerpon|0 fnt
|faint|p1a: Ogerpon
|detailschange|p1: Ogerpon|Ogerpon, F|[silent]
|
|-heal|p2a: Heatran|54/100 par|[from] item: Leftovers
|upkeep
|-message|noonymoose forfeited.
|
|win|TeaPause
|raw|noonymoose's rating: 1257 &rarr; <strong>1236</strong><br />(-21 for losing)
|raw|TeaPause's rating: 1318 &rarr; <strong>1335</strong><br />(+17 for winning)
|l|☆noonymoose
|player|p1|
|l|☆TeaPause
|player|p2|
