|j|☆Original007
|j|‽Leap Call
|t:|1779626253
|gametype|singles
|player|p1|Original007|ghetsis|1331
|player|p2|Leap Call|266|1311
|gen|9
|tier|[Gen 9] OU
|rated|
|rule|HP Percentage Mod: HP is shown in percentages
|rule|Endless Battle Clause: Forcing endless battles is banned
|rule|Species Clause: Limit one of each Pokémon
|rule|OHKO Clause: OHKO moves are banned
|rule|Evasion Items Clause: Evasion items are banned
|rule|Evasion Moves Clause: Evasion moves are banned
|rule|Evasion Abilities Clause: Evasion abilities are banned
|rule|Sleep Moves Clause: Sleep-inducing moves are banned
|clearpoke
|poke|p1|Greninja-*, M|
|poke|p1|Raging Bolt|
|poke|p1|Ogerpon-Cornerstone, F|
|poke|p1|Great Tusk|
|poke|p1|Hatterene, F|
|poke|p1|Corviknight, M|
|poke|p2|Pelipper, F|
|poke|p2|Lokix, M|
|poke|p2|Raging Bolt|
|poke|p2|Overqwil, F|
|poke|p2|Iron Treads|
|poke|p2|Thundurus-Therian, M|
|teampreview
|inactive|Battle timer is ON: inactive players will automatically lose when time's up. (requested by Leap Call)
|inactive|Original007 has 120 seconds left.
|
|t:|1779626293
|teamsize|p1|6
|teamsize|p2|6
|start
|switch|p1a: Joervinight|Corviknight, M|100/100
|switch|p2a: Iron Treads|Iron Treads|100/100
|-item|p2a: Iron Treads|Air Balloon
|-ability|p1a: Joervinight|Pressure
|turn|1
|
|t:|1779626307
|-end|p2a: Iron Treads|Quark Drive|[silent]
|switch|p2a: Pelipper|Pelipper, F|100/100
|-weather|RainDance|[from] ability: Drizzle|[of] p2a: Pelipper
|move|p1a: Joervinight|U-turn|p2a: Pelipper
|-resisted|p2a: Pelipper
|-crit|p2a: Pelipper
|-damage|p2a: Pelipper|89/100
|inactive|Original007 has 120 seconds left.
|
|t:|1779626353
|switch|p1a: Raging Joe|Raging Bolt|100/100|[from] U-turn
|-enditem|p1a: Raging Joe|Booster Energy
|-activate|p1a: Raging Joe|ability: Protosynthesis|[fromitem]
|-start|p1a: Raging Joe|protosynthesisspa
|
|-weather|RainDance|[upkeep]
|upkeep
|turn|2
|
|t:|1779626369
|move|p1a: Raging Joe|Dragon Pulse|p2a: Pelipper
|-damage|p2a: Pelipper|28/100
|move|p2a: Pelipper|U-turn|p1a: Raging Joe
|-damage|p1a: Raging Joe|92/100
|
|t:|1779626376
|switch|p2a: Iron Treads|Iron Treads|100/100|[from] U-turn
|-item|p2a: Iron Treads|Air Balloon
|
|-weather|RainDance|[upkeep]
|upkeep
|turn|3
|
|t:|1779626391
|-end|p1a: Raging Joe|Protosynthesis|[silent]
|switch|p1a: Joervinight|Corviknight, M|100/100
|-ability|p1a: Joervinight|Pressure
|move|p2a: Iron Treads|Stealth Rock|p1a: Joervinight
|-sidestart|p1: Original007|move: Stealth Rock
|
|-weather|RainDance|[upkeep]
|upkeep
|turn|4
|inactive|Leap Call has 120 seconds left.
|
|t:|1779626428
|-end|p2a: Iron Treads|Quark Drive|[silent]
|switch|p2a: Thundurus|Thundurus-Therian, M|100/100
|move|p1a: Joervinight|Defog|p2a: Thundurus
|-unboost|p2a: Thundurus|evasion|1
|-sideend|p1: Original007|Stealth Rock|[from] move: Defog|[of] p1a: Joervinight
|
|-weather|RainDance|[upkeep]
|upkeep
|turn|5
|inactive|Original007 has 90 seconds left.
|
|t:|1779626451
|switch|p1a: Great Joe|Great Tusk|100/100
|move|p2a: Thundurus|Volt Switch|p1a: Great Joe
|-immune|p1a: Great Joe
|
|-weather|RainDance|[upkeep]
|upkeep
|turn|6
|inactive|Original007 has 90 seconds left.
|
|t:|1779626473
|-end|p1a: Great Joe|Protosynthesis|[silent]
|switch|p1a: Joegerpon|Ogerpon-Cornerstone, F|100/100
|move|p2a: Thundurus|Weather Ball|p1a: Joegerpon
|-damage|p1a: Joegerpon|38/100
|
|-weather|RainDance|[upkeep]
|upkeep
|turn|7
|inactive|Original007 has 60 seconds left.
|
|t:|1779626522
|switch|p2a: Iron Treads|Iron Treads|100/100
|-item|p2a: Iron Treads|Air Balloon
|move|p1a: Joegerpon|Ivy Cudgel|p2a: Iron Treads|[anim] Ivy Cudgel Rock
|-resisted|p2a: Iron Treads
|-crit|p2a: Iron Treads
|-damage|p2a: Iron Treads|81/100
|-enditem|p2a: Iron Treads|Air Balloon
|
|-weather|RainDance|[upkeep]
|upkeep
|turn|8
|
|t:|1779626540
|move|p1a: Joegerpon|Low Kick|p2a: Iron Treads
|-supereffective|p2a: Iron Treads
|-damage|p2a: Iron Treads|0 fnt
|faint|p2a: Iron Treads
|-end|p2a: Iron Treads|Quark Drive|[silent]
|
|-weather|none
|upkeep
|
|t:|1779626543
|switch|p2a: Pelipper|Pelipper, F|28/100
|-weather|RainDance|[from] ability: Drizzle|[of] p2a: Pelipper
|turn|9
|
|t:|1779626561
|move|p1a: Joegerpon|Ivy Cudgel|p2a: Pelipper|[anim] Ivy Cudgel Rock
|-supereffective|p2a: Pelipper
|-damage|p2a: Pelipper|0 fnt
|faint|p2a: Pelipper
|
|-weather|RainDance|[upkeep]
|upkeep
|
|t:|1779626563
|switch|p2a: Overqwil|Overqwil, F|100/100
|turn|10
|inactive|Original007 has 60 seconds left.
|inactive|Original007 has 30 seconds left.
|inactive|Original007 has 20 seconds left.
|
|t:|1779626610
|switch|p1a: Joervinight|Corviknight, M|100/100
|-ability|p1a: Joervinight|Pressure
|move|p2a: Overqwil|Swords Dance|p2a: Overqwil
|-boost|p2a: Overqwil|atk|2
|
|-weather|RainDance|[upkeep]
|upkeep
|turn|11
|inactive|Original007 has 30 seconds left this turn.
|inactive|Original007 has 20 seconds left.
|inactive|Original007 has 15 seconds left.
|
|t:|1779626629
|-terastallize|p2a: Overqwil|Ghost
|move|p2a: Overqwil|Swords Dance|p2a: Overqwil
|-boost|p2a: Overqwil|atk|2
|move|p1a: Joervinight|Brave Bird|p2a: Overqwil
|-damage|p2a: Overqwil|58/100
|-damage|p1a: Joervinight|89/100|[from] Recoil
|
|-weather|RainDance|[upkeep]
|upkeep
|turn|12
|inactive|Original007 has 25 seconds left this turn.
|inactive|Original007 has 20 seconds left.
|inactive|Original007 has 15 seconds left.
|
|t:|1779626641
|move|p2a: Overqwil|Liquidation|p1a: Joervinight
|-damage|p1a: Joervinight|0 fnt
|-damage|p2a: Overqwil|41/100|[from] item: Rocky Helmet|[of] p1a: Joervinight
|faint|p1a: Joervinight
|-damage|p2a: Overqwil|31/100|[from] item: Life Orb
|
|-weather|RainDance|[upkeep]
|upkeep
|inactive|Original007 has 20 seconds left this turn.
|inactive|Original007 has 15 seconds left.
|inactive|Original007 has 10 seconds left.
|
|t:|1779626653
|switch|p1a: Greninjoe|Greninja, M|100/100
|turn|13
|inactive|Original007 has 20 seconds left this turn.
|
|t:|1779626659
|switch|p2a: Raging Bolt|Raging Bolt|100/100
|move|p1a: Greninjoe|Water Shuriken|p2a: Raging Bolt
|-start|p1a: Greninjoe|typechange|Water|[from] ability: Protean
|-resisted|p2a: Raging Bolt
|-damage|p2a: Raging Bolt|93/100
|-resisted|p2a: Raging Bolt
|-damage|p2a: Raging Bolt|85/100
|-resisted|p2a: Raging Bolt
|-damage|p2a: Raging Bolt|77/100
|-resisted|p2a: Raging Bolt
|-damage|p2a: Raging Bolt|70/100
|-hitcount|p2a: Raging Bolt|4
|
|-weather|RainDance|[upkeep]
|upkeep
|turn|14
|inactive|Original007 has 30 seconds left this turn.
|inactive|Original007 has 20 seconds left.
|inactive|Original007 has 15 seconds left.
|
|t:|1779626676
|switch|p1a: Joetterene|Hatterene, F|100/100
|move|p2a: Raging Bolt|Volt Switch|p1a: Joetterene
|-damage|p1a: Joetterene|63/100
|
|t:|1779626683
|-end|p2a: Raging Bolt|Protosynthesis|[silent]
|switch|p2a: Thundurus|Thundurus-Therian, M|100/100|[from] Volt Switch
|
|-weather|RainDance|[upkeep]
|upkeep
|turn|15
|inactive|Original007 has 30 seconds left this turn.
|
|t:|1779626692
|move|p2a: Thundurus|Thunder|p1a: Joetterene
|-damage|p1a: Joetterene|25/100
|-status|p1a: Joetterene|par
|cant|p1a: Joetterene|par
|
|-weather|RainDance|[upkeep]
|upkeep
|turn|16
|inactive|Original007 has 30 seconds left.
|
|t:|1779626701
|move|p2a: Thundurus|Weather Ball|p1a: Joetterene
|-damage|p1a: Joetterene|0 fnt
|faint|p1a: Joetterene
|
|-weather|none
|upkeep
|inactive|Original007 has 30 seconds left.
|
|t:|1779626706
|switch|p1a: Joegerpon|Ogerpon-Cornerstone, F|38/100
|turn|17
|
|t:|1779626713
|switch|p2a: Overqwil|Overqwil, F, tera:Ghost|31/100
|move|p1a: Joegerpon|Ivy Cudgel|p2a: Overqwil|[anim] Ivy Cudgel Rock
|-damage|p2a: Overqwil|0 fnt
|faint|p2a: Overqwil
|
|upkeep
|
|t:|1779626715
|switch|p2a: Raging Bolt|Raging Bolt|70/100
|turn|18
|inactive|Original007 has 30 seconds left.
|inactive|Original007 has 20 seconds left.
|
|t:|1779626749
|move|p1a: Joegerpon|Ivy Cudgel|p2a: Raging Bolt|[anim] Ivy Cudgel Rock
|-damage|p2a: Raging Bolt|14/100
|move|p2a: Raging Bolt|Draco Meteor|p1a: Joegerpon
|-crit|p1a: Joegerpon
|-damage|p1a: Joegerpon|0 fnt
|-unboost|p2a: Raging Bolt|spa|2
|faint|p1a: Joegerpon
|
|upkeep
|inactive|Original007 has 25 seconds left this turn.
|inactive|Original007 has 20 seconds left.
|inactive|Original007 has 15 seconds left.
|
|t:|1779626762
|switch|p1a: Greninjoe|Greninja, M|100/100
|turn|19
|inactive|Original007 has 25 seconds left this turn.
|inactive|Original007 has 20 seconds left.
|
|t:|1779626768
|move|p1a: Greninjoe|Ice Beam|p2a: Raging Bolt
|-start|p1a: Greninjoe|typechange|Ice|[from] ability: Protean
|-supereffective|p2a: Raging Bolt
|-damage|p2a: Raging Bolt|0 fnt
|faint|p2a: Raging Bolt
|-end|p2a: Raging Bolt|Protosynthesis|[silent]
|
|upkeep
|
|t:|1779626771
|switch|p2a: Lokix|Lokix, M|100/100
|turn|20
|inactive|Original007 has 30 seconds left.
|
|t:|1779626783
|switch|p1a: Great Joe|Great Tusk|100/100
|move|p2a: Lokix|Leech Life|p1a: Great Joe
|-resisted|p1a: Great Joe
|-damage|p1a: Great Joe|60/100
|
|upkeep
|turn|21
|inactive|Original007 has 30 seconds left.
|inactive|Original007 has 20 seconds left.
|
|t:|1779626798
|move|p1a: Great Joe|Ice Spinner|p2a: Lokix
|-damage|p2a: Lokix|63/100
|move|p2a: Lokix|Leech Life|p1a: Great Joe
|-resisted|p1a: Great Joe
|-crit|p1a: Great Joe
|-damage|p1a: Great Joe|0 fnt
|-heal|p2a: Lokix|100/100|[from] drain|[of] p1a: Great Joe
|faint|p1a: Great Joe
|-end|p1a: Great Joe|Protosynthesis|[silent]
|
|upkeep
|inactive|Original007 has 25 seconds left this turn.
|inactive|Original007 has 20 seconds left.
|inactive|Original007 has 15 seconds left.
|
|t:|1779626813
|switch|p1a: Raging Joe|Raging Bolt|92/100
|turn|22
|inactive|Original007 has 25 seconds left this turn.
|
|t:|1779626817
|move|p2a: Lokix|Leech Life|p1a: Raging Joe
|-damage|p1a: Raging Joe|38/100
|move|p1a: Raging Joe|Dragon Pulse|p2a: Lokix
|-damage|p2a: Lokix|8/100
|
|upkeep
|turn|23
|inactive|Original007 has 30 seconds left.
|
|t:|1779626830
|switch|p2a: Thundurus|Thundurus-Therian, M|100/100
|move|p1a: Raging Joe|Dragon Pulse|p2a: Thundurus
|-damage|p2a: Thundurus|35/100
|
|upkeep
|turn|24
|inactive|Original007 has 30 seconds left.
|inactive|Original007 has 20 seconds left.
|inactive|Original007 has 15 seconds left.
|inactive|Original007 has 10 seconds left.
|
|t:|1779626859
|-end|p1a: Raging Joe|Protosynthesis|[silent]
|switch|p1a: Greninjoe|Greninja, M|100/100
|move|p2a: Thundurus|Sludge Bomb|p1a: Greninjoe
|-damage|p1a: Greninjoe|42/100
|
|upkeep
|turn|25
|inactive|Original007 has 20 seconds left this turn.
|inactive|Original007 has 15 seconds left.
|
|t:|1779626867
|move|p1a: Greninjoe|Ice Beam|p2a: Thundurus
|-start|p1a: Greninjoe|typechange|Ice|[from] ability: Protean
|-supereffective|p2a: Thundurus
|-damage|p2a: Thundurus|0 fnt
|faint|p2a: Thundurus
|
|upkeep
|
|t:|1779626869
|switch|p2a: Lokix|Lokix, M|8/100
|turn|26
|inactive|Original007 has 30 seconds left this turn.
|-message|Leap Call forfeited.
|
|win|Original007
|raw|Original007's rating: 1331 &rarr; <strong>1350</strong><br />(+19 for winning)
|raw|Leap Call's rating: 1311 &rarr; <strong>1292</strong><br />(-19 for losing)
|l|‽Leap Call
|player|p2|
|l|☆Original007
|player|p1|
|l| n5v
