|j|☆stoopley
|j|☆goat6000
|t:|1779627563
|gametype|singles
|player|p1|stoopley|lucas|1158
|player|p2|goat6000|skier|1113
|gen|9
|tier|[Gen 9] OU
|rated|
|rule|HP Percentage Mod: HP is shown in percentages
|rule|Endless Battle Clause: Forcing endless battles is banned
|rule|Species Clause: Limit one of each Pokémon
|rule|OHKO Clause: OHKO moves are banned
|rule|Evasion Items Clause: Evasion items are banned
|rule|Evasion Moves Clause: Evasion moves are banned
|rule|Evasion Abilities Clause: Evasion abilities are banned
|rule|Sleep Moves Clause: Sleep-inducing moves are banned
|clearpoke
|poke|p1|Dugtrio, M|
|poke|p1|Gothitelle, F|
|poke|p1|Cloyster, F|
|poke|p1|Mienshao, F|
|poke|p1|Staraptor, M|
|poke|p1|Vileplume, F|
|poke|p2|Glastrier|
|poke|p2|Slowking-Galar, F|
|poke|p2|Kingambit, M|
|poke|p2|Ursaluna, F|
|poke|p2|Cresselia, F|
|poke|p2|Hatterene, F|
|teampreview
|inactive|Battle timer is ON: inactive players will automatically lose when time's up. (requested by goat6000)
|inactive|stoopley also wants the timer to be on.
|
|t:|1779627576
|teamsize|p1|6
|teamsize|p2|6
|start
|switch|p1a: Slapsalot|Mienshao, F, shiny|100/100
|switch|p2a: Slowking|Slowking-Galar, F|100/100
|turn|1
|
|t:|1779627586
|move|p1a: Slapsalot|Fake Out|p2a: Slowking
|-damage|p2a: Slowking|87/100
|-damage|p1a: Slapsalot|91/100|[from] item: Life Orb
|cant|p2a: Slowking|flinch
|
|upkeep
|turn|2
|
|t:|1779627595
|move|p1a: Slapsalot|U-turn|p2a: Slowking
|-damage|p2a: Slowking|65/100
|-damage|p1a: Slapsalot|81/100|[from] item: Life Orb
|
|t:|1779627600
|switch|p1a: Goth girl|Gothitelle, F, shiny|100/100|[from] U-turn
|-item|p2a: Slowking|Lagging Tail|[from] ability: Frisk|[of] p1a: Goth girl
|move|p2a: Slowking|Trick Room|p2a: Slowking
|-fieldstart|move: Trick Room|[of] p2a: Slowking
|
|upkeep
|turn|3
|
|t:|1779627608
|move|p1a: Goth girl|Fake Out|p2a: Slowking
|-damage|p2a: Slowking|60/100
|-prepare|p2a: Slowking|Chilly Reception|[premajor]
|cant|p2a: Slowking|flinch
|
|upkeep
|turn|4
|
|t:|1779627621
|move|p1a: Goth girl|Dark Pulse|p2a: Slowking
|-supereffective|p2a: Slowking
|-damage|p2a: Slowking|21/100
|-prepare|p2a: Slowking|Chilly Reception|[premajor]
|cant|p2a: Slowking|flinch
|
|upkeep
|turn|5
|
|t:|1779627634
|switch|p2a: Glastrier|Glastrier|100/100
|move|p1a: Goth girl|Dark Pulse|p2a: Glastrier
|-damage|p2a: Glastrier|82/100
|
|upkeep
|turn|6
|
|t:|1779627642
|move|p2a: Glastrier|Icicle Crash|p1a: Goth girl
|-damage|p1a: Goth girl|46/100
|move|p1a: Goth girl|Psychic|p2a: Glastrier
|-damage|p2a: Glastrier|48/100
|-unboost|p2a: Glastrier|spd|1
|
|-heal|p1a: Goth girl|52/100|[from] item: Leftovers
|-fieldend|move: Trick Room
|upkeep
|turn|7
|
|t:|1779627653
|switch|p2a: Kingambit|Kingambit, M|100/100
|move|p1a: Goth girl|Psychic|p2a: Kingambit
|-immune|p2a: Kingambit
|
|-heal|p1a: Goth girl|58/100|[from] item: Leftovers
|upkeep
|turn|8
|
|t:|1779627659
|move|p2a: Kingambit|Kowtow Cleave|p1a: Goth girl
|-supereffective|p1a: Goth girl
|-damage|p1a: Goth girl|0 fnt
|faint|p1a: Goth girl
|
|upkeep
|
|t:|1779627663
|switch|p1a: Bird up|Staraptor, M, shiny|100/100
|turn|9
|
|t:|1779627672
|-end|p2a: Kingambit|fallenundefined|[silent]
|switch|p2a: Hatterene|Hatterene, F|100/100
|move|p1a: Bird up|Close Combat|p2a: Hatterene
|-resisted|p2a: Hatterene
|-damage|p2a: Hatterene|89/100
|-unboost|p1a: Bird up|def|1
|-unboost|p1a: Bird up|spd|1
|
|upkeep
|turn|10
|
|t:|1779627681
|switch|p1a: Flower power|Vileplume, F, shiny|100/100
|move|p2a: Hatterene|Trick Room|p2a: Hatterene
|-fieldstart|move: Trick Room|[of] p2a: Hatterene
|
|upkeep
|turn|11
|
|t:|1779627696
|move|p2a: Hatterene|Psychic Noise|p1a: Flower power
|-supereffective|p1a: Flower power
|-damage|p1a: Flower power|53/100
|-start|p1a: Flower power|move: Heal Block
|move|p1a: Flower power|Sludge Bomb|p2a: Hatterene
|-supereffective|p2a: Hatterene
|-damage|p2a: Hatterene|24/100
|-status|p2a: Hatterene|psn
|
|-damage|p2a: Hatterene|12/100 psn|[from] psn
|upkeep
|turn|12
|
|t:|1779627707
|move|p1a: Flower power|Protect|p1a: Flower power
|-singleturn|p1a: Flower power|Protect
|move|p2a: Hatterene|Healing Wish|p2a: Hatterene
|faint|p2a: Hatterene
|
|-end|p1a: Flower power|move: Heal Block
|upkeep
|
|t:|1779627714
|switch|p2a: Glastrier|Glastrier|48/100
|-heal|p2a: Glastrier|100/100|[from] move: Healing Wish
|turn|13
|
|t:|1779627718
|move|p2a: Glastrier|Icicle Crash|p1a: Flower power
|-supereffective|p1a: Flower power
|-damage|p1a: Flower power|0 fnt
|faint|p1a: Flower power
|-ability|p2a: Glastrier|Chilling Neigh|boost
|-boost|p2a: Glastrier|atk|1
|
|upkeep
|
|t:|1779627723
|switch|p1a: Slapsalot|Mienshao, F, shiny|100/100
|turn|14
|
|t:|1779627734
|move|p1a: Slapsalot|Fake Out|p2a: Glastrier
|-damage|p2a: Glastrier|87/100
|-damage|p1a: Slapsalot|91/100|[from] item: Life Orb
|cant|p2a: Glastrier|flinch
|
|-fieldend|move: Trick Room
|upkeep
|turn|15
|
|t:|1779627740
|move|p1a: Slapsalot|High Jump Kick|p2a: Glastrier
|-supereffective|p2a: Glastrier
|-damage|p2a: Glastrier|0 fnt
|faint|p2a: Glastrier
|-damage|p1a: Slapsalot|81/100|[from] item: Life Orb
|
|upkeep
|
|t:|1779627754
|switch|p2a: Slowking|Slowking-Galar, F|54/100
|turn|16
|
|t:|1779627764
|-terastallize|p1a: Slapsalot|Dark
|move|p1a: Slapsalot|Knock Off|p2a: Slowking
|-supereffective|p2a: Slowking
|-damage|p2a: Slowking|0 fnt
|-enditem|p2a: Slowking|Lagging Tail|[from] move: Knock Off|[of] p1a: Slapsalot
|faint|p2a: Slowking
|-damage|p1a: Slapsalot|71/100|[from] item: Life Orb
|
|upkeep
|
|t:|1779627773
|switch|p2a: Cresselia|Cresselia, F|100/100
|turn|17
|
|t:|1779627780
|-terastallize|p2a: Cresselia|Steel
|move|p2a: Cresselia|Moonblast|p1a: Slapsalot
|-supereffective|p1a: Slapsalot
|-damage|p1a: Slapsalot|4/100
|move|p1a: Slapsalot|Knock Off|p2a: Cresselia
|-damage|p2a: Cresselia|57/100
|-enditem|p2a: Cresselia|Choice Scarf|[from] move: Knock Off|[of] p1a: Slapsalot
|-damage|p1a: Slapsalot|0 fnt|[from] item: Life Orb
|faint|p1a: Slapsalot
|
|upkeep
|
|t:|1779627791
|switch|p1a: Bird up|Staraptor, M, shiny|100/100
|turn|18
|
|t:|1779627805
|move|p1a: Bird up|Close Combat|p2a: Cresselia
|-supereffective|p2a: Cresselia
|-damage|p2a: Cresselia|0 fnt
|-unboost|p1a: Bird up|def|1
|-unboost|p1a: Bird up|spd|1
|faint|p2a: Cresselia
|
|upkeep
|
|t:|1779627819
|switch|p2a: Ursaluna|Ursaluna, F|100/100
|turn|19
|
|t:|1779627826
|move|p1a: Bird up|Close Combat|p2a: Ursaluna
|-supereffective|p2a: Ursaluna
|-crit|p2a: Ursaluna
|-damage|p2a: Ursaluna|0 fnt
|-unboost|p1a: Bird up|def|1
|-unboost|p1a: Bird up|spd|1
|faint|p2a: Ursaluna
|
|upkeep
|
|t:|1779627829
|switch|p2a: Kingambit|Kingambit, M|100/100
|-activate|p2a: Kingambit|ability: Supreme Overlord
|-start|p2a: Kingambit|fallen5|[silent]
|turn|20
|
|t:|1779627836
|move|p2a: Kingambit|Sucker Punch|p1a: Bird up
|-damage|p1a: Bird up|0 fnt
|faint|p1a: Bird up
|
|upkeep
|
|t:|1779627838
|switch|p1a: Bob|Dugtrio, M, shiny|100/100
|turn|21
|
|t:|1779627849
|move|p2a: Kingambit|Sucker Punch|p1a: Bob
|-damage|p1a: Bob|0 fnt
|faint|p1a: Bob
|
|upkeep
|
|t:|1779627851
|switch|p1a: The Cloy|Cloyster, F, shiny|100/100
|turn|22
|
|t:|1779627861
|move|p1a: The Cloy|Waterfall|p2a: Kingambit
|-damage|p2a: Kingambit|71/100
|move|p2a: Kingambit|Low Kick|p1a: The Cloy
|-supereffective|p1a: The Cloy
|-damage|p1a: The Cloy|9/100
|
|upkeep
|turn|23
|
|t:|1779627866
|move|p2a: Kingambit|Sucker Punch|p1a: The Cloy
|-damage|p1a: The Cloy|0 fnt
|faint|p1a: The Cloy
|
|win|goat6000
|raw|stoopley's rating: 1158 &rarr; <strong>1130</strong><br />(-28 for losing)
|raw|goat6000's rating: 1113 &rarr; <strong>1141</strong><br />(+28 for winning)
|c|☆stoopley|Ggs
|l|☆goat6000
|player|p2|
|l|☆stoopley
|player|p1|
