|badge|p1|bronze|gen9randombattle|100-9
|uhtml|medal-msg|<div class="broadcast-blue">Curious what those medals under the avatar are? PS now has Ladder Seasons! For more information, check out the <a href="https://www.smogon.com/forums/threads/3740067/">thread on Smogon.</a></div>
|j|☆Gloriousplays
|j|☆Laughable
|t:|1779638525
|gametype|singles
|player|p1|Gloriousplays|ash|1557
|player|p2|Laughable|tuber|1485
|gen|9
|tier|[Gen 9] OU
|rated|
|rule|HP Percentage Mod: HP is shown in percentages
|rule|Endless Battle Clause: Forcing endless battles is banned
|rule|Species Clause: Limit one of each Pokémon
|rule|OHKO Clause: OHKO moves are banned
|rule|Evasion Items Clause: Evasion items are banned
|rule|Evasion Moves Clause: Evasion moves are banned
|rule|Evasion Abilities Clause: Evasion abilities are banned
|rule|Sleep Moves Clause: Sleep-inducing moves are banned
|clearpoke
|poke|p1|Zamazenta-*|
|poke|p1|Braviary-Hisui, M|
|poke|p1|Gholdengo|
|poke|p1|Raging Bolt|
|poke|p1|Hatterene, F|
|poke|p1|Darkrai|
|poke|p2|Dragapult, F|
|poke|p2|Gliscor, F|
|poke|p2|Milotic, F|
|poke|p2|Skeledirge, M|
|poke|p2|Weezing-Galar, M|
|poke|p2|Mandibuzz, F|
|teampreview
|inactive|Battle timer is ON: inactive players will automatically lose when time's up. (requested by Laughable)
|inactive|Gloriousplays has 120 seconds left.
|
|t:|1779638589
|teamsize|p1|6
|teamsize|p2|6
|start
|switch|p1a: Darkrai|Darkrai|100/100
|switch|p2a: Dragapult|Dragapult, F|100/100
|turn|1
|inactive|Laughable has 120 seconds left.
|
|t:|1779638630
|move|p1a: Darkrai|Dark Pulse|p2a: Dragapult
|-supereffective|p2a: Dragapult
|-damage|p2a: Dragapult|0 fnt
|faint|p2a: Dragapult
|
|upkeep
|j| himejijou
|inactive|Laughable has 120 seconds left.
|
|t:|1779638640
|switch|p2a: Milotic|Milotic, F, shiny|100/100
|turn|2
|
|t:|1779638648
|switch|p1a: Hatterene|Hatterene, F|100/100
|move|p2a: Milotic|Scald|p1a: Hatterene
|-damage|p1a: Hatterene|72/100
|
|-heal|p1a: Hatterene|78/100|[from] item: Leftovers
|upkeep
|turn|3
|
|t:|1779638654
|move|p2a: Milotic|Scald|p1a: Hatterene
|-damage|p1a: Hatterene|52/100
|move|p1a: Hatterene|Nuzzle|p2a: Milotic
|-supereffective|p2a: Milotic
|-damage|p2a: Milotic|92/100
|-status|p2a: Milotic|par
|
|-heal|p1a: Hatterene|58/100|[from] item: Leftovers
|upkeep
|turn|4
|
|t:|1779638658
|move|p1a: Hatterene|Calm Mind|p1a: Hatterene
|-boost|p1a: Hatterene|spa|1
|-boost|p1a: Hatterene|spd|1
|cant|p2a: Milotic|par
|
|-heal|p1a: Hatterene|64/100|[from] item: Leftovers
|upkeep
|turn|5
|
|t:|1779638662
|move|p1a: Hatterene|Calm Mind|p1a: Hatterene
|-boost|p1a: Hatterene|spa|1
|-boost|p1a: Hatterene|spd|1
|move|p2a: Milotic|Mirror Coat||[still]
|-fail|p2a: Milotic
|
|-heal|p1a: Hatterene|70/100|[from] item: Leftovers
|upkeep
|turn|6
|
|t:|1779638666
|move|p1a: Hatterene|Calm Mind|p1a: Hatterene
|-boost|p1a: Hatterene|spa|1
|-boost|p1a: Hatterene|spd|1
|move|p2a: Milotic|Haze|p2a: Milotic
|-clearallboost
|
|-heal|p1a: Hatterene|76/100|[from] item: Leftovers
|upkeep
|turn|7
|
|t:|1779638670
|move|p1a: Hatterene|Calm Mind|p1a: Hatterene
|-boost|p1a: Hatterene|spa|1
|-boost|p1a: Hatterene|spd|1
|cant|p2a: Milotic|par
|
|-heal|p1a: Hatterene|82/100|[from] item: Leftovers
|upkeep
|turn|8
|
|t:|1779638674
|move|p1a: Hatterene|Calm Mind|p1a: Hatterene
|-boost|p1a: Hatterene|spa|1
|-boost|p1a: Hatterene|spd|1
|move|p2a: Milotic|Mirror Coat||[still]
|-fail|p2a: Milotic
|
|-heal|p1a: Hatterene|88/100|[from] item: Leftovers
|upkeep
|turn|9
|
|t:|1779638679
|move|p1a: Hatterene|Psyshock|p2a: Milotic
|-damage|p2a: Milotic|46/100 par
|move|p2a: Milotic|Mirror Coat|p1a: Hatterene
|-damage|p1a: Hatterene|0 fnt
|faint|p1a: Hatterene
|
|upkeep
|
|t:|1779638703
|switch|p1a: Gholdengo|Gholdengo|100/100
|turn|10
|
|t:|1779638712
|move|p1a: Gholdengo|Nasty Plot|p1a: Gholdengo
|-boost|p1a: Gholdengo|spa|2
|move|p2a: Milotic|Recover|p2a: Milotic
|-heal|p2a: Milotic|96/100 par
|
|upkeep
|turn|11
|
|t:|1779638720
|move|p1a: Gholdengo|Nasty Plot|p1a: Gholdengo
|-boost|p1a: Gholdengo|spa|2
|move|p2a: Milotic|Mirror Coat||[still]
|-fail|p2a: Milotic
|
|upkeep
|turn|12
|
|t:|1779638726
|move|p1a: Gholdengo|Nasty Plot|p1a: Gholdengo
|-boost|p1a: Gholdengo|spa|2
|move|p2a: Milotic|Mirror Coat||[still]
|-fail|p2a: Milotic
|
|upkeep
|turn|13
|
|t:|1779638733
|move|p1a: Gholdengo|Thunderbolt|p2a: Milotic
|-supereffective|p2a: Milotic
|-damage|p2a: Milotic|0 fnt
|faint|p2a: Milotic
|
|upkeep
|
|t:|1779638742
|switch|p2a: Skeledirge|Skeledirge, M|100/100
|turn|14
|
|t:|1779638752
|switch|p1a: Darkrai|Darkrai|100/100
|move|p2a: Skeledirge|Torch Song|p1a: Darkrai
|-damage|p1a: Darkrai|64/100
|-boost|p2a: Skeledirge|spa|1
|
|upkeep
|turn|15
|
|t:|1779638760
|-terastallize|p2a: Skeledirge|Water
|move|p1a: Darkrai|Dark Pulse|p2a: Skeledirge
|-damage|p2a: Skeledirge|67/100
|cant|p2a: Skeledirge|flinch
|
|upkeep
|turn|16
|
|t:|1779638772
|switch|p1a: Zamazenta|Zamazenta|100/100
|-ability|p1a: Zamazenta|Dauntless Shield|boost
|-boost|p1a: Zamazenta|def|1
|move|p2a: Skeledirge|Slack Off|p2a: Skeledirge
|-heal|p2a: Skeledirge|100/100
|
|upkeep
|turn|17
|
|t:|1779638775
|switch|p2a: Gliscor|Gliscor, F|100/100
|move|p1a: Zamazenta|Light Screen|p1a: Zamazenta
|-sidestart|p1: Gloriousplays|move: Light Screen
|
|-status|p2a: Gliscor|tox|[from] item: Toxic Orb
|upkeep
|turn|18
|
|t:|1779638780
|move|p1a: Zamazenta|Reflect|p1a: Zamazenta
|-sidestart|p1: Gloriousplays|Reflect
|move|p2a: Gliscor|Toxic|p1a: Zamazenta
|-status|p1a: Zamazenta|tox
|
|-damage|p1a: Zamazenta|94/100 tox|[from] psn
|upkeep
|turn|19
|
|t:|1779638785
|move|p2a: Gliscor|Spikes|p1a: Zamazenta
|-sidestart|p1: Gloriousplays|Spikes
|move|p1a: Zamazenta|Roar|p2a: Gliscor
|drag|p2a: Skeledirge|Skeledirge, M, tera:Water|100/100
|
|-damage|p1a: Zamazenta|82/100 tox|[from] psn
|upkeep
|turn|20
|
|t:|1779638791
|switch|p2a: Gliscor|Gliscor, F|100/100 tox
|move|p1a: Zamazenta|Roar|p2a: Gliscor
|drag|p2a: Skeledirge|Skeledirge, M, tera:Water|100/100
|
|-damage|p1a: Zamazenta|63/100 tox|[from] psn
|upkeep
|turn|21
|
|t:|1779638798
|switch|p1a: Gholdengo|Gholdengo|100/100
|-damage|p1a: Gholdengo|88/100|[from] Spikes
|switch|p2a: Gliscor|Gliscor, F|100/100 tox
|
|upkeep
|turn|22
|
|t:|1779638804
|move|p1a: Gholdengo|Nasty Plot|p1a: Gholdengo
|-boost|p1a: Gholdengo|spa|2
|move|p2a: Gliscor|Earthquake|p1a: Gholdengo
|-supereffective|p1a: Gholdengo
|-damage|p1a: Gholdengo|52/100
|
|upkeep
|turn|23
|
|t:|1779638808
|move|p1a: Gholdengo|Make It Rain|p2a: Gliscor
|-damage|p2a: Gliscor|0 fnt
|-unboost|p1a: Gholdengo|spa|1
|faint|p2a: Gliscor
|
|upkeep
|
|t:|1779638811
|switch|p2a: Skeledirge|Skeledirge, M, tera:Water|100/100
|turn|24
|inactive|Gloriousplays has 120 seconds left.
|
|t:|1779638860
|move|p1a: Gholdengo|Thunderbolt|p2a: Skeledirge
|-supereffective|p2a: Skeledirge
|-damage|p2a: Skeledirge|46/100
|move|p2a: Skeledirge|Torch Song|p1a: Gholdengo
|-supereffective|p1a: Gholdengo
|-damage|p1a: Gholdengo|17/100
|-boost|p2a: Skeledirge|spa|1
|
|-sideend|p1: Gloriousplays|move: Light Screen
|upkeep
|turn|25
|
|t:|1779638868
|move|p1a: Gholdengo|Thunderbolt|p2a: Skeledirge
|-supereffective|p2a: Skeledirge
|-damage|p2a: Skeledirge|0 fnt
|faint|p2a: Skeledirge
|
|-sideend|p1: Gloriousplays|Reflect
|upkeep
|-message|Laughable forfeited.
|
|win|Gloriousplays
|raw|Gloriousplays's rating: 1557 &rarr; <strong>1573</strong><br />(+16 for winning)
|raw|Laughable's rating: 1485 &rarr; <strong>1469</strong><br />(-16 for losing)
|l|☆Laughable
|player|p2|
|l| himejijou
|j| bagoogi
|l| bagoogi
|l|☆Gloriousplays
|player|p1|
|j|☆Gloriousplays
|player|p1|Gloriousplays|ash|
