|j|☆aethrx
|j|☆darksora420
|t:|1779599139
|gametype|singles
|player|p1|aethrx|169|1413
|player|p2|darksora420|170|1366
|gen|9
|tier|[Gen 9] OU
|rated|
|rule|HP Percentage Mod: HP is shown in percentages
|rule|Endless Battle Clause: Forcing endless battles is banned
|rule|Species Clause: Limit one of each Pokémon
|rule|OHKO Clause: OHKO moves are banned
|rule|Evasion Items Clause: Evasion items are banned
|rule|Evasion Moves Clause: Evasion moves are banned
|rule|Evasion Abilities Clause: Evasion abilities are banned
|rule|Sleep Moves Clause: Sleep-inducing moves are banned
|clearpoke
|poke|p1|Hydrapple, M|
|poke|p1|Slowking-Galar, F|
|poke|p1|Corviknight, F|
|poke|p1|Ting-Lu|
|poke|p1|Darkrai|
|poke|p1|Cinderace, F|
|poke|p2|Ogerpon-Wellspring, F|
|poke|p2|Pelipper, M|
|poke|p2|Barraskewda, F|
|poke|p2|Araquanid, F|
|poke|p2|Great Tusk|
|poke|p2|Raging Bolt|
|teampreview
|inactive|Battle timer is ON: inactive players will automatically lose when time's up. (requested by darksora420)
|
|t:|1779599159
|teamsize|p1|6
|teamsize|p2|6
|start
|switch|p1a: Slowking|Slowking-Galar, F|100/100
|switch|p2a: Araquanid|Araquanid, F|100/100
|turn|1
|
|t:|1779599162
|move|p2a: Araquanid|Sticky Web|p1a: Slowking
|-sidestart|p1: aethrx|move: Sticky Web
|move|p1a: Slowking|Thunder Wave|p2a: Araquanid
|-status|p2a: Araquanid|par
|
|upkeep
|turn|2
|
|t:|1779599173
|move|p2a: Araquanid|Surf|p1a: Slowking
|-damage|p1a: Slowking|78/100
|-prepare|p1a: Slowking|Chilly Reception|[premajor]
|move|p1a: Slowking|Chilly Reception|p1a: Slowking
|-weather|Snowscape
|
|t:|1779599194
|switch|p1a: Cinderace|Cinderace, F|100/100|[from] Chilly Reception
|
|-weather|Snowscape|[upkeep]
|upkeep
|turn|3
|
|t:|1779599199
|move|p1a: Cinderace|U-turn|p2a: Araquanid
|-start|p1a: Cinderace|typechange|Bug|[from] ability: Libero
|-damage|p2a: Araquanid|76/100 par
|
|t:|1779599204
|switch|p1a: Corviknight|Corviknight, F|100/100|[from] U-turn
|-ability|p1a: Corviknight|Pressure
|cant|p2a: Araquanid|par
|
|-weather|Snowscape|[upkeep]
|upkeep
|turn|4
|
|t:|1779599206
|switch|p2a: Pelipper|Pelipper, M|100/100
|-weather|RainDance|[from] ability: Drizzle|[of] p2a: Pelipper
|move|p1a: Corviknight|Defog|p2a: Pelipper
|-unboost|p2a: Pelipper|evasion|1
|-sideend|p1: aethrx|Sticky Web|[from] move: Defog|[of] p1a: Corviknight
|
|-weather|RainDance|[upkeep]
|upkeep
|turn|5
|
|t:|1779599209
|move|p1a: Corviknight|U-turn|p2a: Pelipper
|-resisted|p2a: Pelipper
|-crit|p2a: Pelipper
|-damage|p2a: Pelipper|92/100
|
|t:|1779599211
|switch|p1a: Slowking|Slowking-Galar, F|100/100|[from] U-turn
|move|p2a: Pelipper|U-turn|p1a: Slowking
|-damage|p1a: Slowking|92/100
|
|t:|1779599217
|switch|p2a: Ogerpon|Ogerpon-Wellspring, F|100/100|[from] U-turn
|
|-weather|RainDance|[upkeep]
|upkeep
|turn|6
|
|t:|1779599226
|switch|p1a: Hydrapple|Hydrapple, M|100/100
|move|p2a: Ogerpon|Swords Dance|p2a: Ogerpon
|-boost|p2a: Ogerpon|atk|2
|
|-weather|RainDance|[upkeep]
|upkeep
|turn|7
|
|t:|1779599232
|switch|p2a: Araquanid|Araquanid, F|76/100 par
|move|p1a: Hydrapple|Nasty Plot|p1a: Hydrapple
|-boost|p1a: Hydrapple|spa|2
|
|-weather|RainDance|[upkeep]
|upkeep
|turn|8
|
|t:|1779599237
|move|p1a: Hydrapple|Fickle Beam|p2a: Araquanid|[anim] Fickle Beam All Out
|-activate|p1a: Hydrapple|move: Fickle Beam
|-damage|p2a: Araquanid|0 fnt
|faint|p2a: Araquanid
|
|-weather|RainDance|[upkeep]
|upkeep
|
|t:|1779599245
|switch|p2a: Barraskewda|Barraskewda, F|100/100
|turn|9
|
|t:|1779599248
|move|p2a: Barraskewda|Poison Jab|p1a: Hydrapple
|-supereffective|p1a: Hydrapple
|-damage|p1a: Hydrapple|51/100
|move|p1a: Hydrapple|Giga Drain|p2a: Barraskewda
|-supereffective|p2a: Barraskewda
|-damage|p2a: Barraskewda|0 fnt
|-heal|p1a: Hydrapple|90/100|[from] drain|[of] p2a: Barraskewda
|faint|p2a: Barraskewda
|
|-weather|RainDance|[upkeep]
|upkeep
|
|t:|1779599257
|switch|p2a: Raging Bolt|Raging Bolt|100/100
|turn|10
|
|t:|1779599277
|-terastallize|p1a: Hydrapple|Steel
|move|p2a: Raging Bolt|Dragon Pulse|p1a: Hydrapple
|-resisted|p1a: Hydrapple
|-damage|p1a: Hydrapple|63/100
|move|p1a: Hydrapple|Earth Power|p2a: Raging Bolt
|-supereffective|p2a: Raging Bolt
|-damage|p2a: Raging Bolt|8/100
|-unboost|p2a: Raging Bolt|spd|1
|
|-weather|RainDance|[upkeep]
|upkeep
|turn|11
|
|t:|1779599286
|move|p2a: Raging Bolt|Thunder|p1a: Hydrapple
|-damage|p1a: Hydrapple|0 fnt
|faint|p1a: Hydrapple
|
|-weather|none
|upkeep
|
|t:|1779599300
|switch|p1a: Cinderace|Cinderace, F|100/100
|turn|12
|
|t:|1779599303
|-end|p2a: Raging Bolt|Protosynthesis|[silent]
|switch|p2a: Pelipper|Pelipper, M|92/100
|-weather|RainDance|[from] ability: Drizzle|[of] p2a: Pelipper
|move|p1a: Cinderace|U-turn|p2a: Pelipper
|-start|p1a: Cinderace|typechange|Bug|[from] ability: Libero
|-resisted|p2a: Pelipper
|-damage|p2a: Pelipper|80/100
|
|t:|1779599315
|switch|p1a: Slowking|Slowking-Galar, F|100/100|[from] U-turn
|
|-weather|RainDance|[upkeep]
|upkeep
|turn|13
|
|t:|1779599320
|move|p2a: Pelipper|U-turn|p1a: Slowking
|-damage|p1a: Slowking|92/100
|
|t:|1779599325
|switch|p2a: Raging Bolt|Raging Bolt|8/100|[from] U-turn
|move|p1a: Slowking|Future Sight|p2a: Raging Bolt
|-start|p1a: Slowking|move: Future Sight
|
|-weather|RainDance|[upkeep]
|upkeep
|turn|14
|
|t:|1779599331
|move|p2a: Raging Bolt|Thunder|p1a: Slowking
|-damage|p1a: Slowking|53/100
|-prepare|p1a: Slowking|Chilly Reception|[premajor]
|move|p1a: Slowking|Chilly Reception|p1a: Slowking
|-weather|Snowscape
|
|t:|1779599335
|switch|p1a: Cinderace|Cinderace, F|100/100|[from] Chilly Reception
|
|-weather|Snowscape|[upkeep]
|upkeep
|turn|15
|
|t:|1779599338
|move|p2a: Raging Bolt|Thunderclap|p1a: Cinderace
|-damage|p1a: Cinderace|40/100
|move|p1a: Cinderace|U-turn|p2a: Raging Bolt
|-start|p1a: Cinderace|typechange|Bug|[from] ability: Libero
|-damage|p2a: Raging Bolt|0 fnt
|faint|p2a: Raging Bolt
|-end|p2a: Raging Bolt|Protosynthesis|[silent]
|
|t:|1779599346
|switch|p1a: Slowking|Slowking-Galar, F|86/100|[from] U-turn
|
|-weather|Snowscape|[upkeep]
|-hint|Future Sight did not hit because the target is fainted.
|upkeep
|
|t:|1779599347
|switch|p2a: Great Tusk|Great Tusk|100/100
|-enditem|p2a: Great Tusk|Booster Energy
|-activate|p2a: Great Tusk|ability: Protosynthesis|[fromitem]
|-start|p2a: Great Tusk|protosynthesisspe
|turn|16
|
|t:|1779599351
|switch|p1a: Corviknight|Corviknight, F|100/100
|-ability|p1a: Corviknight|Pressure
|move|p2a: Great Tusk|Bulk Up|p2a: Great Tusk
|-boost|p2a: Great Tusk|atk|1
|-boost|p2a: Great Tusk|def|1
|
|-weather|Snowscape|[upkeep]
|upkeep
|turn|17
|
|t:|1779599354
|move|p2a: Great Tusk|Bulk Up|p2a: Great Tusk
|-boost|p2a: Great Tusk|atk|1
|-boost|p2a: Great Tusk|def|1
|move|p1a: Corviknight|Brave Bird|p2a: Great Tusk
|-supereffective|p2a: Great Tusk
|-damage|p2a: Great Tusk|78/100
|-damage|p1a: Corviknight|92/100|[from] Recoil
|
|-weather|Snowscape|[upkeep]
|upkeep
|turn|18
|
|t:|1779599356
|move|p2a: Great Tusk|Bulk Up|p2a: Great Tusk
|-boost|p2a: Great Tusk|atk|1
|-boost|p2a: Great Tusk|def|1
|move|p1a: Corviknight|Brave Bird|p2a: Great Tusk
|-supereffective|p2a: Great Tusk
|-damage|p2a: Great Tusk|58/100
|-damage|p1a: Corviknight|85/100|[from] Recoil
|
|-weather|none
|upkeep
|turn|19
|
|t:|1779599373
|move|p2a: Great Tusk|Bulk Up|p2a: Great Tusk
|-boost|p2a: Great Tusk|atk|1
|-boost|p2a: Great Tusk|def|1
|move|p1a: Corviknight|Brave Bird|p2a: Great Tusk
|-supereffective|p2a: Great Tusk
|-damage|p2a: Great Tusk|42/100
|-damage|p1a: Corviknight|79/100|[from] Recoil
|
|upkeep
|turn|20
|
|t:|1779599379
|-terastallize|p2a: Great Tusk|Fairy
|move|p2a: Great Tusk|Bulk Up|p2a: Great Tusk
|-boost|p2a: Great Tusk|atk|1
|-boost|p2a: Great Tusk|def|1
|move|p1a: Corviknight|Brave Bird|p2a: Great Tusk
|-damage|p2a: Great Tusk|35/100
|-damage|p1a: Corviknight|77/100|[from] Recoil
|
|upkeep
|turn|21
|
|t:|1779599385
|move|p2a: Great Tusk|Rapid Spin|p1a: Corviknight
|-resisted|p1a: Corviknight
|-crit|p1a: Corviknight
|-damage|p1a: Corviknight|54/100
|-boost|p2a: Great Tusk|spe|1
|-damage|p2a: Great Tusk|18/100|[from] item: Rocky Helmet|[of] p1a: Corviknight
|move|p1a: Corviknight|Brave Bird|p2a: Great Tusk
|-damage|p2a: Great Tusk|12/100
|-damage|p1a: Corviknight|52/100|[from] Recoil
|
|upkeep
|turn|22
|
|t:|1779599392
|move|p2a: Great Tusk|Ice Spinner|p1a: Corviknight
|-damage|p1a: Corviknight|0 fnt
|-damage|p2a: Great Tusk|0 fnt|[from] item: Rocky Helmet|[of] p1a: Corviknight
|faint|p1a: Corviknight
|faint|p2a: Great Tusk
|-end|p2a: Great Tusk|Protosynthesis|[silent]
|
|upkeep
|
|t:|1779599403
|switch|p2a: Ogerpon|Ogerpon-Wellspring, F|100/100
|switch|p1a: Slowking|Slowking-Galar, F|100/100
|turn|23
|
|t:|1779599410
|move|p2a: Ogerpon|Swords Dance|p2a: Ogerpon
|-boost|p2a: Ogerpon|atk|2
|move|p1a: Slowking|Sludge Bomb|p2a: Ogerpon
|-supereffective|p2a: Ogerpon
|-damage|p2a: Ogerpon|17/100
|
|upkeep
|turn|24
|
|t:|1779599413
|move|p2a: Ogerpon|Ivy Cudgel|p1a: Slowking|[anim] Ivy Cudgel Water
|-damage|p1a: Slowking|0 fnt
|faint|p1a: Slowking
|
|upkeep
|
|t:|1779599415
|switch|p1a: Cinderace|Cinderace, F|40/100
|turn|25
|
|t:|1779599417
|move|p1a: Cinderace|U-turn|p2a: Ogerpon
|-start|p1a: Cinderace|typechange|Bug|[from] ability: Libero
|-supereffective|p2a: Ogerpon
|-damage|p2a: Ogerpon|0 fnt
|faint|p2a: Ogerpon
|
|t:|1779599422
|switch|p1a: Ting-Lu|Ting-Lu|100/100|[from] U-turn
|-ability|p1a: Ting-Lu|Vessel of Ruin
|
|upkeep
|
|t:|1779599423
|switch|p2a: Pelipper|Pelipper, M|80/100
|-weather|RainDance|[from] ability: Drizzle|[of] p2a: Pelipper
|turn|26
|
|t:|1779599426
|move|p2a: Pelipper|Hurricane|p1a: Ting-Lu
|-damage|p1a: Ting-Lu|78/100
|move|p1a: Ting-Lu|Ruination|p2a: Pelipper
|-damage|p2a: Pelipper|40/100
|
|-weather|RainDance|[upkeep]
|-heal|p1a: Ting-Lu|84/100|[from] item: Leftovers
|upkeep
|turn|27
|
|t:|1779599431
|move|p2a: Pelipper|Roost|p2a: Pelipper
|-heal|p2a: Pelipper|90/100
|-singleturn|p2a: Pelipper|move: Roost
|move|p1a: Ting-Lu|Ruination|p2a: Pelipper
|-damage|p2a: Pelipper|45/100
|
|-weather|RainDance|[upkeep]
|-heal|p1a: Ting-Lu|90/100|[from] item: Leftovers
|upkeep
|turn|28
|
|t:|1779599434
|move|p2a: Pelipper|Roost|p2a: Pelipper
|-heal|p2a: Pelipper|96/100
|-singleturn|p2a: Pelipper|move: Roost
|move|p1a: Ting-Lu|Ruination|p2a: Pelipper
|-damage|p2a: Pelipper|48/100
|
|-weather|RainDance|[upkeep]
|-heal|p1a: Ting-Lu|96/100|[from] item: Leftovers
|upkeep
|turn|29
|
|t:|1779599437
|move|p2a: Pelipper|Surf|p1a: Ting-Lu
|-supereffective|p1a: Ting-Lu
|-damage|p1a: Ting-Lu|41/100
|move|p1a: Ting-Lu|Ruination|p2a: Pelipper
|-damage|p2a: Pelipper|24/100
|
|-weather|RainDance|[upkeep]
|-heal|p1a: Ting-Lu|47/100|[from] item: Leftovers
|upkeep
|turn|30
|
|t:|1779599439
|move|p2a: Pelipper|Roost|p2a: Pelipper
|-heal|p2a: Pelipper|74/100
|-singleturn|p2a: Pelipper|move: Roost
|move|p1a: Ting-Lu|Ruination|p2a: Pelipper
|-damage|p2a: Pelipper|38/100
|
|-weather|RainDance|[upkeep]
|-heal|p1a: Ting-Lu|53/100|[from] item: Leftovers
|upkeep
|turn|31
|
|t:|1779599441
|move|p2a: Pelipper|Roost|p2a: Pelipper
|-heal|p2a: Pelipper|88/100
|-singleturn|p2a: Pelipper|move: Roost
|move|p1a: Ting-Lu|Ruination|p2a: Pelipper
|-damage|p2a: Pelipper|44/100
|
|-weather|RainDance|[upkeep]
|-heal|p1a: Ting-Lu|60/100|[from] item: Leftovers
|upkeep
|turn|32
|
|t:|1779599442
|move|p2a: Pelipper|Roost|p2a: Pelipper
|-heal|p2a: Pelipper|94/100
|-singleturn|p2a: Pelipper|move: Roost
|move|p1a: Ting-Lu|Ruination|p2a: Pelipper
|-damage|p2a: Pelipper|48/100
|
|-weather|RainDance|[upkeep]
|-heal|p1a: Ting-Lu|66/100|[from] item: Leftovers
|upkeep
|turn|33
|
|t:|1779599443
|move|p2a: Pelipper|Roost|p2a: Pelipper
|-heal|p2a: Pelipper|98/100
|-singleturn|p2a: Pelipper|move: Roost
|move|p1a: Ting-Lu|Ruination|p2a: Pelipper
|-damage|p2a: Pelipper|49/100
|
|-weather|none
|-heal|p1a: Ting-Lu|72/100|[from] item: Leftovers
|upkeep
|turn|34
|
|t:|1779599446
|move|p2a: Pelipper|Surf|p1a: Ting-Lu
|-supereffective|p1a: Ting-Lu
|-damage|p1a: Ting-Lu|38/100
|move|p1a: Ting-Lu|Ruination|p2a: Pelipper
|-damage|p2a: Pelipper|25/100
|
|-heal|p1a: Ting-Lu|44/100|[from] item: Leftovers
|upkeep
|turn|35
|
|t:|1779599447
|move|p2a: Pelipper|Roost|p2a: Pelipper
|-heal|p2a: Pelipper|75/100
|-singleturn|p2a: Pelipper|move: Roost
|move|p1a: Ting-Lu|Ruination|p2a: Pelipper|[miss]
|-miss|p1a: Ting-Lu|p2a: Pelipper
|
|-heal|p1a: Ting-Lu|51/100|[from] item: Leftovers
|upkeep
|turn|36
|
|t:|1779599448
|move|p2a: Pelipper|Surf|p1a: Ting-Lu
|-supereffective|p1a: Ting-Lu
|-damage|p1a: Ting-Lu|15/100
|move|p1a: Ting-Lu|Ruination|p2a: Pelipper
|-damage|p2a: Pelipper|38/100
|
|-heal|p1a: Ting-Lu|22/100|[from] item: Leftovers
|upkeep
|turn|37
|
|t:|1779599452
|move|p2a: Pelipper|Roost|p2a: Pelipper
|-heal|p2a: Pelipper|88/100
|-singleturn|p2a: Pelipper|move: Roost
|move|p1a: Ting-Lu|Ruination|p2a: Pelipper
|-damage|p2a: Pelipper|44/100
|
|-heal|p1a: Ting-Lu|28/100|[from] item: Leftovers
|upkeep
|turn|38
|l|☆darksora420
|inactive|darksora420 disconnected and has a minute to reconnect!
|player|p2|
|inactive|darksora420 has 30 seconds to reconnect!
|inactive|darksora420 has 20 seconds to reconnect!
|inactive|darksora420 has 15 seconds to reconnect!
|inactive|darksora420 has 10 seconds to reconnect!
|inactive|darksora420 has 5 seconds to reconnect!
|-message|darksora420 lost due to inactivity.
|
|win|aethrx
|raw|aethrx's rating: 1413 &rarr; <strong>1430</strong><br />(+17 for winning)
|raw|darksora420's rating: 1366 &rarr; <strong>1349</strong><br />(-17 for losing)
|l|☆aethrx
|player|p1|
