|j|☆Xxfggg
|j|☆yluczb2x
|t:|1779597164
|gametype|singles
|player|p1|Xxfggg|169|1105
|player|p2|yluczb2x|2|1188
|gen|9
|tier|[Gen 9] OU
|rated|
|rule|HP Percentage Mod: HP is shown in percentages
|rule|Endless Battle Clause: Forcing endless battles is banned
|rule|Species Clause: Limit one of each Pokémon
|rule|OHKO Clause: OHKO moves are banned
|rule|Evasion Items Clause: Evasion items are banned
|rule|Evasion Moves Clause: Evasion moves are banned
|rule|Evasion Abilities Clause: Evasion abilities are banned
|rule|Sleep Moves Clause: Sleep-inducing moves are banned
|clearpoke
|poke|p1|Primarina, M|
|poke|p1|Sableye, F|
|poke|p1|Scizor, M|
|poke|p1|Gliscor, M|
|poke|p1|Komala, F|
|poke|p1|Eelektross, M|
|poke|p2|Ribombee, M|
|poke|p2|Lokix, F|
|poke|p2|Great Tusk|
|poke|p2|Raging Bolt|
|poke|p2|Gholdengo|
|poke|p2|Iron Moth|
|teampreview
|inactive|Battle timer is ON: inactive players will automatically lose when time's up. (requested by yluczb2x)
|
|t:|1779597173
|teamsize|p1|6
|teamsize|p2|6
|start
|switch|p1a: Gliscor|Gliscor, M|100/100
|switch|p2a: Lokix|Lokix, F|100/100
|turn|1
|
|t:|1779597181
|move|p1a: Gliscor|Swords Dance|p1a: Gliscor
|-boost|p1a: Gliscor|atk|2
|move|p2a: Lokix|Swords Dance|p2a: Lokix
|-boost|p2a: Lokix|atk|2
|
|-status|p1a: Gliscor|tox|[from] item: Toxic Orb
|upkeep
|turn|2
|
|t:|1779597190
|move|p1a: Gliscor|Fire Fang|p2a: Lokix
|-supereffective|p2a: Lokix
|-damage|p2a: Lokix|0 fnt
|faint|p2a: Lokix
|
|upkeep
|
|t:|1779597193
|switch|p2a: Ribombee|Ribombee, M|100/100
|turn|3
|
|t:|1779597198
|move|p2a: Ribombee|Sticky Web|p1a: Gliscor
|-sidestart|p1: Xxfggg|move: Sticky Web
|move|p1a: Gliscor|Fire Fang|p2a: Ribombee
|-supereffective|p2a: Ribombee
|-crit|p2a: Ribombee
|-enditem|p2a: Ribombee|Focus Sash
|-damage|p2a: Ribombee|1/100
|
|upkeep
|turn|4
|
|t:|1779597209
|move|p2a: Ribombee|Skill Swap|p1a: Gliscor
|-activate|p2a: Ribombee|Skill Swap|Poison Heal|Shield Dust|[of] p1a: Gliscor
|move|p1a: Gliscor|Fire Fang|p2a: Ribombee
|-supereffective|p2a: Ribombee
|-damage|p2a: Ribombee|0 fnt
|faint|p2a: Ribombee
|
|-damage|p1a: Gliscor|82/100 tox|[from] psn
|upkeep
|
|t:|1779597225
|switch|p2a: Great Tusk|Great Tusk|100/100
|-enditem|p2a: Great Tusk|Booster Energy
|-activate|p2a: Great Tusk|ability: Protosynthesis|[fromitem]
|-start|p2a: Great Tusk|protosynthesisatk
|turn|5
|
|t:|1779597230
|switch|p1a: Sableye|Sableye, F|100/100
|-activate|p1a: Sableye|move: Sticky Web
|-unboost|p1a: Sableye|spe|1
|move|p2a: Great Tusk|Rapid Spin|p1a: Sableye
|-immune|p1a: Sableye
|
|upkeep
|turn|6
|
|t:|1779597238
|move|p1a: Sableye|Encore|p2a: Great Tusk
|-start|p2a: Great Tusk|Encore
|move|p2a: Great Tusk|Rapid Spin|p1a: Sableye
|-immune|p1a: Sableye
|
|upkeep
|turn|7
|
|t:|1779597243
|-end|p2a: Great Tusk|Protosynthesis|[silent]
|switch|p2a: Gholdengo|Gholdengo|100/100
|-item|p2a: Gholdengo|Air Balloon
|move|p1a: Sableye|Night Shade|p2a: Gholdengo
|-damage|p2a: Gholdengo|69/100
|-enditem|p2a: Gholdengo|Air Balloon
|
|upkeep
|turn|8
|
|t:|1779597254
|move|p2a: Gholdengo|Dazzling Gleam|p1a: Sableye
|-supereffective|p1a: Sableye
|-damage|p1a: Sableye|20/100
|move|p1a: Sableye|Night Shade|p2a: Gholdengo
|-damage|p2a: Gholdengo|37/100
|
|-heal|p1a: Sableye|26/100|[from] item: Leftovers
|upkeep
|turn|9
|
|t:|1779597266
|switch|p1a: Komala|Komala, F|100/100
|-ability|p1a: Komala|Comatose
|move|p2a: Gholdengo|Dazzling Gleam|p1a: Komala
|-damage|p1a: Komala|69/100
|
|upkeep
|turn|10
|
|t:|1779597274
|move|p2a: Gholdengo|Psyshock|p1a: Komala
|-damage|p1a: Komala|38/100
|move|p1a: Komala|Knock Off|p2a: Gholdengo
|-supereffective|p2a: Gholdengo
|-damage|p2a: Gholdengo|1/100
|
|upkeep
|turn|11
|
|t:|1779597281
|move|p2a: Gholdengo|Dazzling Gleam|p1a: Komala
|-damage|p1a: Komala|6/100
|move|p1a: Komala|U-turn|p2a: Gholdengo
|-resisted|p2a: Gholdengo
|-crit|p2a: Gholdengo
|-damage|p2a: Gholdengo|0 fnt
|faint|p2a: Gholdengo
|
|t:|1779597299
|switch|p1a: Eelektross|Eelektross, M|100/100|[from] U-turn
|
|upkeep
|
|t:|1779597301
|switch|p2a: Great Tusk|Great Tusk|100/100
|turn|12
|
|t:|1779597306
|move|p2a: Great Tusk|Headlong Rush|p1a: Eelektross
|-immune|p1a: Eelektross|[from] ability: Levitate
|move|p1a: Eelektross|Giga Drain|p2a: Great Tusk
|-supereffective|p2a: Great Tusk
|-damage|p2a: Great Tusk|27/100
|
|upkeep
|turn|13
|
|t:|1779597316
|-end|p2a: Great Tusk|Protosynthesis|[silent]
|switch|p2a: Iron Moth|Iron Moth|100/100
|-enditem|p2a: Iron Moth|Booster Energy
|-activate|p2a: Iron Moth|ability: Quark Drive|[fromitem]
|-start|p2a: Iron Moth|quarkdrivespa
|move|p1a: Eelektross|Giga Drain|p2a: Iron Moth
|-resisted|p2a: Iron Moth
|-damage|p2a: Iron Moth|96/100
|
|upkeep
|turn|14
|
|t:|1779597328
|move|p2a: Iron Moth|Fiery Dance|p1a: Eelektross
|-damage|p1a: Eelektross|42/100
|move|p1a: Eelektross|Thunderbolt|p2a: Iron Moth
|-damage|p2a: Iron Moth|58/100
|
|upkeep
|turn|15
|
|t:|1779597335
|move|p2a: Iron Moth|Fiery Dance|p1a: Eelektross
|-damage|p1a: Eelektross|0 fnt
|-boost|p2a: Iron Moth|spa|1
|faint|p1a: Eelektross
|
|upkeep
|
|t:|1779597348
|switch|p1a: Primarina|Primarina, M|100/100
|-activate|p1a: Primarina|move: Sticky Web
|-unboost|p1a: Primarina|spe|1
|turn|16
|
|t:|1779597353
|-terastallize|p1a: Primarina|Water
|move|p2a: Iron Moth|Sludge Wave|p1a: Primarina
|-damage|p1a: Primarina|51/100
|move|p1a: Primarina|Hyper Voice|p2a: Iron Moth
|-supereffective|p2a: Iron Moth
|-damage|p2a: Iron Moth|0 fnt
|faint|p2a: Iron Moth
|-end|p2a: Iron Moth|Quark Drive|[silent]
|
|upkeep
|
|t:|1779597361
|switch|p2a: Great Tusk|Great Tusk|27/100
|turn|17
|
|t:|1779597366
|move|p2a: Great Tusk|Rapid Spin|p1a: Primarina
|-damage|p1a: Primarina|30/100
|-boost|p2a: Great Tusk|spe|1
|move|p1a: Primarina|Hyper Voice|p2a: Great Tusk
|-supereffective|p2a: Great Tusk
|-damage|p2a: Great Tusk|0 fnt
|faint|p2a: Great Tusk
|-end|p2a: Great Tusk|Protosynthesis|[silent]
|
|upkeep
|
|t:|1779597374
|switch|p2a: Raging Bolt|Raging Bolt|100/100
|-enditem|p2a: Raging Bolt|Booster Energy
|-activate|p2a: Raging Bolt|ability: Protosynthesis|[fromitem]
|-start|p2a: Raging Bolt|protosynthesisspa
|turn|18
|
|t:|1779597381
|switch|p1a: Sableye|Sableye, F|26/100
|-activate|p1a: Sableye|move: Sticky Web
|-unboost|p1a: Sableye|spe|1
|move|p2a: Raging Bolt|Thunderclap||[still]
|-fail|p2a: Raging Bolt
|
|-heal|p1a: Sableye|32/100|[from] item: Leftovers
|upkeep
|turn|19
|
|t:|1779597389
|move|p1a: Sableye|Encore|p2a: Raging Bolt
|-start|p2a: Raging Bolt|Encore
|move|p2a: Raging Bolt|Thunderclap||[still]
|-fail|p2a: Raging Bolt
|
|-heal|p1a: Sableye|38/100|[from] item: Leftovers
|upkeep
|turn|20
|
|t:|1779597396
|move|p2a: Raging Bolt|Thunderclap|p1a: Sableye
|-damage|p1a: Sableye|0 fnt
|faint|p1a: Sableye
|
|upkeep
|
|t:|1779597401
|switch|p1a: Gliscor|Gliscor, M|82/100 tox
|turn|21
|
|t:|1779597405
|move|p2a: Raging Bolt|Thunderclap|p1a: Gliscor
|-immune|p1a: Gliscor
|move|p1a: Gliscor|Earthquake|p2a: Raging Bolt
|-supereffective|p2a: Raging Bolt
|-damage|p2a: Raging Bolt|20/100
|
|-heal|p1a: Gliscor|94/100 tox|[from] ability: Poison Heal
|-end|p2a: Raging Bolt|Encore
|upkeep
|turn|22
|
|t:|1779597414
|move|p1a: Gliscor|Earthquake|p2a: Raging Bolt
|-supereffective|p2a: Raging Bolt
|-damage|p2a: Raging Bolt|0 fnt
|faint|p2a: Raging Bolt
|-end|p2a: Raging Bolt|Protosynthesis|[silent]
|
|win|Xxfggg
|raw|Xxfggg's rating: 1105 &rarr; <strong>1136</strong><br />(+31 for winning)
|raw|yluczb2x's rating: 1188 &rarr; <strong>1157</strong><br />(-31 for losing)
|l|☆yluczb2x
|player|p2|
|l|☆Xxfggg
|player|p1|
