|j|☆Gayroach
|j|☆ZUIWAZUIWA
|t:|1779591761
|gametype|singles
|player|p1|Gayroach|aaron|1073
|player|p2|ZUIWAZUIWA|ash-capbackward|1135
|gen|9
|tier|[Gen 9] OU
|rated|
|rule|HP Percentage Mod: HP is shown in percentages
|rule|Endless Battle Clause: Forcing endless battles is banned
|rule|Species Clause: Limit one of each Pokémon
|rule|OHKO Clause: OHKO moves are banned
|rule|Evasion Items Clause: Evasion items are banned
|rule|Evasion Moves Clause: Evasion moves are banned
|rule|Evasion Abilities Clause: Evasion abilities are banned
|rule|Sleep Moves Clause: Sleep-inducing moves are banned
|clearpoke
|poke|p1|Flareon, M|
|poke|p1|Galvantula, F|
|poke|p1|Ludicolo, M|
|poke|p1|Vaporeon, F|
|poke|p1|Espeon, M|
|poke|p1|Infernape, F|
|poke|p2|Tyranitar, M|
|poke|p2|Gliscor, F|
|poke|p2|Goodra-Hisui, F|
|poke|p2|Serperior, M|
|poke|p2|Gengar, F|
|poke|p2|Sandslash, F|
|teampreview
|inactive|Battle timer is ON: inactive players will automatically lose when time's up. (requested by Gayroach)
|
|t:|1779591786
|teamsize|p1|6
|teamsize|p2|6
|start
|switch|p1a: Infernape|Infernape, F|100/100
|switch|p2a: Sandslash|Sandslash, F|100/100
|turn|1
|
|t:|1779591797
|move|p1a: Infernape|Substitute|p1a: Infernape
|-start|p1a: Infernape|Substitute
|-damage|p1a: Infernape|76/100
|move|p2a: Sandslash|Earthquake|p1a: Infernape
|-supereffective|p1a: Infernape
|-end|p1a: Infernape|Substitute
|
|-heal|p1a: Infernape|82/100|[from] item: Leftovers
|upkeep
|turn|2
|
|t:|1779591816
|switch|p1a: Ludicolo|Ludicolo, M|100/100
|move|p2a: Sandslash|Earthquake|p1a: Ludicolo
|-resisted|p1a: Ludicolo
|-damage|p1a: Ludicolo|72/100
|
|-heal|p1a: Ludicolo|78/100|[from] item: Leftovers
|upkeep
|turn|3
|
|t:|1779591829
|switch|p2a: Goodra|Goodra-Hisui, F|100/100
|move|p1a: Ludicolo|Whirlpool|p2a: Goodra
|-resisted|p2a: Goodra
|-damage|p2a: Goodra|98/100
|-activate|p2a: Goodra|move: Whirlpool|[of] p1a: Ludicolo
|
|-heal|p1a: Ludicolo|84/100|[from] item: Leftovers
|-damage|p2a: Goodra|86/100|[from] move: Whirlpool|[partiallytrapped]
|upkeep
|turn|4
|
|t:|1779591843
|move|p1a: Ludicolo|Rain Dance|p1a: Ludicolo
|-weather|RainDance
|move|p2a: Goodra|Draco Meteor|p1a: Ludicolo
|-damage|p1a: Ludicolo|37/100
|-unboost|p2a: Goodra|spa|2
|
|-weather|RainDance|[upkeep]
|-heal|p1a: Ludicolo|43/100|[from] ability: Rain Dish
|-heal|p1a: Ludicolo|49/100|[from] item: Leftovers
|-damage|p2a: Goodra|73/100|[from] move: Whirlpool|[partiallytrapped]
|upkeep
|turn|5
|
|t:|1779591861
|move|p1a: Ludicolo|Protect|p1a: Ludicolo
|-singleturn|p1a: Ludicolo|Protect
|move|p2a: Goodra|Draco Meteor|p1a: Ludicolo
|-activate|p1a: Ludicolo|move: Protect
|
|-weather|RainDance|[upkeep]
|-heal|p1a: Ludicolo|55/100|[from] ability: Rain Dish
|-heal|p1a: Ludicolo|61/100|[from] item: Leftovers
|-damage|p2a: Goodra|61/100|[from] move: Whirlpool|[partiallytrapped]
|upkeep
|turn|6
|
|t:|1779591874
|move|p1a: Ludicolo|Whirlpool|p2a: Goodra
|-resisted|p2a: Goodra
|-damage|p2a: Goodra|57/100
|move|p2a: Goodra|Draco Meteor|p1a: Ludicolo
|-crit|p1a: Ludicolo
|-damage|p1a: Ludicolo|0 fnt
|-unboost|p2a: Goodra|spa|2
|faint|p1a: Ludicolo
|
|-weather|RainDance|[upkeep]
|-end|p2a: Goodra|Whirlpool|[partiallytrapped]|[silent]
|upkeep
|
|t:|1779591886
|switch|p1a: Galvantula|Galvantula, F|100/100
|turn|7
|
|t:|1779591905
|-terastallize|p1a: Galvantula|Bug
|move|p1a: Galvantula|Thunder|p2a: Goodra
|-resisted|p2a: Goodra
|-damage|p2a: Goodra|46/100
|move|p2a: Goodra|Fire Blast|p1a: Galvantula|[miss]
|-miss|p2a: Goodra|p1a: Galvantula
|
|-weather|RainDance|[upkeep]
|upkeep
|turn|8
|
|t:|1779591916
|switch|p2a: Tyranitar|Tyranitar, M|100/100
|-weather|Sandstorm|[from] ability: Sand Stream|[of] p2a: Tyranitar
|move|p1a: Galvantula|Thunder|p2a: Tyranitar
|-damage|p2a: Tyranitar|72/100
|
|-weather|Sandstorm|[upkeep]
|-damage|p1a: Galvantula|94/100|[from] Sandstorm
|upkeep
|turn|9
|
|t:|1779591927
|switch|p2a: Sandslash|Sandslash, F|100/100
|move|p1a: Galvantula|Giga Drain|p2a: Sandslash
|-supereffective|p2a: Sandslash
|-damage|p2a: Sandslash|25/100
|-heal|p1a: Galvantula|100/100|[from] drain|[of] p2a: Sandslash
|
|-weather|Sandstorm|[upkeep]
|-damage|p1a: Galvantula|94/100|[from] Sandstorm
|upkeep
|turn|10
|
|t:|1779591941
|move|p2a: Sandslash|Stone Edge|p1a: Galvantula
|-supereffective|p1a: Galvantula
|-damage|p1a: Galvantula|0 fnt
|faint|p1a: Galvantula
|
|-weather|Sandstorm|[upkeep]
|upkeep
|
|t:|1779591949
|switch|p1a: Flareon|Flareon, M|100/100
|turn|11
|
|t:|1779591955
|move|p2a: Sandslash|Earthquake|p1a: Flareon
|-supereffective|p1a: Flareon
|-damage|p1a: Flareon|0 fnt
|faint|p1a: Flareon
|
|-weather|Sandstorm|[upkeep]
|upkeep
|
|t:|1779591961
|switch|p1a: Espeon|Espeon, M|100/100
|turn|12
|-message|Gayroach forfeited.
|
|win|ZUIWAZUIWA
|raw|Gayroach's rating: 1073 &rarr; <strong>1056</strong><br />(-17 for losing)
|raw|ZUIWAZUIWA's rating: 1135 &rarr; <strong>1156</strong><br />(+21 for winning)
|l|☆Gayroach
|player|p1|
