|j|☆lindowgold
|j|☆dylanhmp
|t:|1779632943
|gametype|singles
|player|p1|lindowgold|palmer|1389
|player|p2|dylanhmp|265|1381
|gen|9
|tier|[Gen 9] OU
|rated|
|rule|HP Percentage Mod: HP is shown in percentages
|rule|Endless Battle Clause: Forcing endless battles is banned
|rule|Species Clause: Limit one of each Pokémon
|rule|OHKO Clause: OHKO moves are banned
|rule|Evasion Items Clause: Evasion items are banned
|rule|Evasion Moves Clause: Evasion moves are banned
|rule|Evasion Abilities Clause: Evasion abilities are banned
|rule|Sleep Moves Clause: Sleep-inducing moves are banned
|clearpoke
|poke|p1|Cinderace, M|
|poke|p1|Darkrai|
|poke|p1|Iron Treads|
|poke|p1|Ogerpon-Wellspring, F|
|poke|p1|Pecharunt|
|poke|p1|Uxie|
|poke|p2|Zamazenta-*|
|poke|p2|Ninetales-Alola, M|
|poke|p2|Darkrai|
|poke|p2|Ceruledge, F|
|poke|p2|Gliscor, M|
|poke|p2|Hatterene, F|
|teampreview
|inactive|Battle timer is ON: inactive players will automatically lose when time's up. (requested by dylanhmp)
|
|t:|1779632952
|teamsize|p1|6
|teamsize|p2|6
|start
|switch|p1a: Uxie|Uxie|100/100
|switch|p2a: Hatterene|Hatterene, F|100/100
|turn|1
|
|t:|1779632956
|move|p1a: Uxie|U-turn|p2a: Hatterene
|-damage|p2a: Hatterene|91/100
|
|t:|1779632961
|switch|p1a: Iron Treads|Iron Treads|100/100|[from] U-turn
|move|p2a: Hatterene|Calm Mind|p2a: Hatterene
|-boost|p2a: Hatterene|spa|1
|-boost|p2a: Hatterene|spd|1
|
|-heal|p2a: Hatterene|97/100|[from] item: Leftovers
|upkeep
|turn|2
|
|t:|1779632963
|move|p1a: Iron Treads|Knock Off|p2a: Hatterene
|-damage|p2a: Hatterene|75/100
|-enditem|p2a: Hatterene|Leftovers|[from] move: Knock Off|[of] p1a: Iron Treads
|move|p2a: Hatterene|Mystical Fire|p1a: Iron Treads
|-supereffective|p1a: Iron Treads
|-damage|p1a: Iron Treads|50/100
|-unboost|p1a: Iron Treads|spa|1
|
|-heal|p1a: Iron Treads|56/100|[from] item: Leftovers
|upkeep
|turn|3
|
|t:|1779632969
|move|p1a: Iron Treads|Volt Switch|p2a: Hatterene
|-crit|p2a: Hatterene
|-damage|p2a: Hatterene|58/100
|
|t:|1779632981
|-end|p1a: Iron Treads|Quark Drive|[silent]
|switch|p1a: Darkrai|Darkrai|100/100|[from] Volt Switch
|move|p2a: Hatterene|Mystical Fire|p1a: Darkrai
|-damage|p1a: Darkrai|59/100
|-unboost|p1a: Darkrai|spa|1
|
|upkeep
|turn|4
|
|t:|1779632997
|switch|p2a: Ninetales|Ninetales-Alola, M|100/100
|-weather|Snowscape|[from] ability: Snow Warning|[of] p2a: Ninetales
|-terastallize|p1a: Darkrai|Poison
|move|p1a: Darkrai|Sludge Bomb|p2a: Ninetales
|-supereffective|p2a: Ninetales
|-damage|p2a: Ninetales|13/100
|-status|p2a: Ninetales|psn
|
|-weather|Snowscape|[upkeep]
|-damage|p2a: Ninetales|0 fnt|[from] psn
|faint|p2a: Ninetales
|upkeep
|
|t:|1779633008
|switch|p2a: Gliscor|Gliscor, M|100/100
|turn|5
|
|t:|1779633013
|switch|p1a: Uxie|Uxie|100/100
|switch|p2a: Ceruledge|Ceruledge, F|100/100
|
|-weather|Snowscape|[upkeep]
|upkeep
|turn|6
|
|t:|1779633021
|move|p2a: Ceruledge|Taunt|p1a: Uxie
|-start|p1a: Uxie|move: Taunt
|cant|p1a: Uxie|move: Taunt|Encore
|
|-weather|Snowscape|[upkeep]
|upkeep
|turn|7
|
|t:|1779633028
|switch|p1a: Pecharunt|Pecharunt|100/100
|-item|p1a: Pecharunt|Air Balloon
|move|p2a: Ceruledge|Bulk Up|p2a: Ceruledge
|-boost|p2a: Ceruledge|atk|1
|-boost|p2a: Ceruledge|def|1
|
|-weather|Snowscape|[upkeep]
|upkeep
|turn|8
|
|t:|1779633034
|move|p2a: Ceruledge|Bulk Up|p2a: Ceruledge
|-boost|p2a: Ceruledge|atk|1
|-boost|p2a: Ceruledge|def|1
|move|p1a: Pecharunt|Malignant Chain|p2a: Ceruledge
|-resisted|p2a: Ceruledge
|-damage|p2a: Ceruledge|89/100
|
|-weather|none
|upkeep
|turn|9
|
|t:|1779633039
|-terastallize|p2a: Ceruledge|Bug
|move|p2a: Ceruledge|Bulk Up|p2a: Ceruledge
|-boost|p2a: Ceruledge|atk|1
|-boost|p2a: Ceruledge|def|1
|move|p1a: Pecharunt|Malignant Chain|p2a: Ceruledge
|-damage|p2a: Ceruledge|64/100
|
|upkeep
|turn|10
|
|t:|1779633044
|move|p2a: Ceruledge|Bulk Up|p2a: Ceruledge
|-boost|p2a: Ceruledge|atk|1
|-boost|p2a: Ceruledge|def|1
|move|p1a: Pecharunt|Malignant Chain|p2a: Ceruledge
|-damage|p2a: Ceruledge|38/100
|
|upkeep
|turn|11
|
|t:|1779633048
|move|p2a: Ceruledge|Bitter Blade|p1a: Pecharunt
|-damage|p1a: Pecharunt|47/100
|-heal|p2a: Ceruledge|67/100|[from] drain|[of] p1a: Pecharunt
|-enditem|p1a: Pecharunt|Air Balloon
|move|p1a: Pecharunt|Malignant Chain|p2a: Ceruledge
|-damage|p2a: Ceruledge|42/100
|
|upkeep
|turn|12
|
|t:|1779633052
|move|p2a: Ceruledge|Bitter Blade|p1a: Pecharunt
|-damage|p1a: Pecharunt|0 fnt
|-heal|p2a: Ceruledge|68/100|[from] drain|[of] p1a: Pecharunt
|faint|p1a: Pecharunt
|
|upkeep
|
|t:|1779633058
|switch|p1a: Darkrai|Darkrai, tera:Poison|59/100
|turn|13
|
|t:|1779633060
|move|p1a: Darkrai|Ice Beam|p2a: Ceruledge
|-damage|p2a: Ceruledge|27/100
|move|p2a: Ceruledge|Bitter Blade|p1a: Darkrai
|-damage|p1a: Darkrai|0 fnt
|-heal|p2a: Ceruledge|50/100|[from] drain|[of] p1a: Darkrai
|faint|p1a: Darkrai
|
|upkeep
|-message|lindowgold forfeited.
|
|win|dylanhmp
|raw|lindowgold's rating: 1389 &rarr; <strong>1369</strong><br />(-20 for losing)
|raw|dylanhmp's rating: 1381 &rarr; <strong>1401</strong><br />(+20 for winning)
|l|☆lindowgold
|player|p1|
|l|☆dylanhmp
|player|p2|
