|j|☆zoomgoons
|j|☆athrel
|t:|1779681953
|gametype|singles
|player|p1|zoomgoons|giovanni|1309
|player|p2|athrel|102|1360
|gen|9
|tier|[Gen 9] OU
|rated|
|rule|HP Percentage Mod: HP is shown in percentages
|rule|Endless Battle Clause: Forcing endless battles is banned
|rule|Species Clause: Limit one of each Pokémon
|rule|OHKO Clause: OHKO moves are banned
|rule|Evasion Items Clause: Evasion items are banned
|rule|Evasion Moves Clause: Evasion moves are banned
|rule|Evasion Abilities Clause: Evasion abilities are banned
|rule|Sleep Moves Clause: Sleep-inducing moves are banned
|clearpoke
|poke|p1|Great Tusk|
|poke|p1|Clefable, M|
|poke|p1|Cinderace, F|
|poke|p1|Iron Crown|
|poke|p1|Volcanion|
|poke|p1|Zapdos|
|poke|p2|Kyurem|
|poke|p2|Araquanid, M|
|poke|p2|Ceruledge, M|
|poke|p2|Rillaboom, F|
|poke|p2|Gholdengo|
|poke|p2|Iron Treads|
|teampreview
|inactive|Battle timer is ON: inactive players will automatically lose when time's up. (requested by zoomgoons)
|
|t:|1779681968
|teamsize|p1|6
|teamsize|p2|6
|start
|switch|p1a: Great Tusk|Great Tusk|100/100
|switch|p2a: Araquanid|Araquanid, M|100/100
|turn|1
|
|t:|1779681985
|-end|p1a: Great Tusk|Protosynthesis|[silent]
|switch|p1a: Zapdos|Zapdos|100/100
|move|p2a: Araquanid|Liquidation|p1a: Zapdos
|-damage|p1a: Zapdos|39/100
|-unboost|p1a: Zapdos|def|1
|
|upkeep
|turn|2
|
|t:|1779682000
|switch|p1a: Volcanion|Volcanion|100/100
|move|p2a: Araquanid|Mirror Coat||[still]
|-fail|p2a: Araquanid
|
|upkeep
|turn|3
|
|t:|1779682009
|move|p1a: Volcanion|Sludge Wave|p2a: Araquanid
|-damage|p2a: Araquanid|70/100
|move|p2a: Araquanid|Sticky Web|p1a: Volcanion
|-sidestart|p1: zoomgoons|move: Sticky Web
|
|upkeep
|turn|4
|
|t:|1779682020
|move|p1a: Volcanion|Sludge Wave|p2a: Araquanid
|-damage|p2a: Araquanid|42/100
|move|p2a: Araquanid|Mirror Coat|p1a: Volcanion
|-damage|p1a: Volcanion|47/100
|
|upkeep
|turn|5
|inactive|zoomgoons has 120 seconds left.
|inactive|athrel has 120 seconds left.
|
|t:|1779682068
|move|p1a: Volcanion|Sludge Wave|p2a: Araquanid
|-damage|p2a: Araquanid|13/100
|move|p2a: Araquanid|Mirror Coat|p1a: Volcanion
|-damage|p1a: Volcanion|0 fnt
|faint|p1a: Volcanion
|
|upkeep
|
|t:|1779682074
|switch|p1a: Cinderace|Cinderace, F|100/100
|turn|6
|-enditem|p2a: Araquanid|Custap Berry|[eat]
|-activate|p2a: Araquanid|item: Custap Berry|[consumed]
|
|t:|1779682086
|move|p2a: Araquanid|Liquidation|p1a: Cinderace
|-supereffective|p1a: Cinderace
|-damage|p1a: Cinderace|0 fnt
|faint|p1a: Cinderace
|
|upkeep
|inactive|zoomgoons has 90 seconds left.
|
|t:|1779682114
|switch|p1a: Great Tusk|Great Tusk|100/100
|-activate|p1a: Great Tusk|move: Sticky Web
|-unboost|p1a: Great Tusk|spe|1
|turn|7
|inactive|zoomgoons has 90 seconds left.
|
|t:|1779682119
|switch|p2a: Gholdengo|Gholdengo|100/100
|move|p1a: Great Tusk|Earthquake|p2a: Gholdengo
|-supereffective|p2a: Gholdengo
|-damage|p2a: Gholdengo|0 fnt
|faint|p2a: Gholdengo
|
|upkeep
|
|t:|1779682124
|switch|p2a: Kyurem|Kyurem|100/100
|-ability|p2a: Kyurem|Pressure
|turn|8
|
|t:|1779682137
|-end|p1a: Great Tusk|Protosynthesis|[silent]
|switch|p1a: Iron Crown|Iron Crown|100/100
|-activate|p1a: Iron Crown|move: Sticky Web
|-unboost|p1a: Iron Crown|spe|1
|move|p2a: Kyurem|Ice Beam|p1a: Iron Crown
|-resisted|p1a: Iron Crown
|-damage|p1a: Iron Crown|65/100
|
|upkeep
|turn|9
|
|t:|1779682150
|-terastallize|p2a: Kyurem|Water
|move|p2a: Kyurem|Ice Beam|p1a: Iron Crown
|-resisted|p1a: Iron Crown
|-crit|p1a: Iron Crown
|-damage|p1a: Iron Crown|8/100
|move|p1a: Iron Crown|Tachyon Cutter|p2a: Kyurem
|-resisted|p2a: Kyurem
|-damage|p2a: Kyurem|83/100
|-resisted|p2a: Kyurem
|-damage|p2a: Kyurem|65/100
|-hitcount|p2a: Kyurem|2
|
|upkeep
|turn|10
|
|t:|1779682165
|move|p2a: Kyurem|Ice Beam|p1a: Iron Crown
|-resisted|p1a: Iron Crown
|-damage|p1a: Iron Crown|0 fnt
|faint|p1a: Iron Crown
|-end|p1a: Iron Crown|Quark Drive|[silent]
|
|upkeep
|
|t:|1779682166
|switch|p1a: Clefable|Clefable, M|100/100
|-activate|p1a: Clefable|move: Sticky Web
|-unboost|p1a: Clefable|spe|1
|turn|11
|
|t:|1779682183
|move|p2a: Kyurem|Ice Beam|p1a: Clefable
|-damage|p1a: Clefable|26/100
|-enditem|p1a: Clefable|Sitrus Berry|[eat]
|-heal|p1a: Clefable|51/100|[from] item: Sitrus Berry
|move|p1a: Clefable|Calm Mind|p1a: Clefable
|-boost|p1a: Clefable|spa|1
|-boost|p1a: Clefable|spd|1
|
|upkeep
|turn|12
|
|t:|1779682190
|move|p2a: Kyurem|Ice Beam|p1a: Clefable
|-damage|p1a: Clefable|2/100
|-status|p1a: Clefable|frz
|cant|p1a: Clefable|frz
|
|upkeep
|turn|13
|-message|zoomgoons forfeited.
|
|win|athrel
|raw|zoomgoons's rating: 1309 &rarr; <strong>1292</strong><br />(-17 for losing)
|raw|athrel's rating: 1360 &rarr; <strong>1377</strong><br />(+17 for winning)
|l|☆zoomgoons
|player|p1|
|l|☆athrel
|player|p2|
