|j|☆oubreezy
|j|☆idonteatpets
|t:|1779702007
|gametype|singles
|player|p1|oubreezy|169|1346
|player|p2|idonteatpets|169|1345
|gen|9
|tier|[Gen 9] OU
|rated|
|rule|HP Percentage Mod: HP is shown in percentages
|rule|Endless Battle Clause: Forcing endless battles is banned
|rule|Species Clause: Limit one of each Pokémon
|rule|OHKO Clause: OHKO moves are banned
|rule|Evasion Items Clause: Evasion items are banned
|rule|Evasion Moves Clause: Evasion moves are banned
|rule|Evasion Abilities Clause: Evasion abilities are banned
|rule|Sleep Moves Clause: Sleep-inducing moves are banned
|clearpoke
|poke|p1|Meowscarada, F|
|poke|p1|Pecharunt|
|poke|p1|Enamorus, F|
|poke|p1|Iron Treads|
|poke|p1|Skarmory, F|
|poke|p1|Slowking, F|
|poke|p2|Glimmora, F|
|poke|p2|Zapdos|
|poke|p2|Great Tusk|
|poke|p2|Dragonite, M|
|poke|p2|Kingambit, M|
|poke|p2|Walking Wake|
|teampreview
|inactive|Battle timer is ON: inactive players will automatically lose when time's up. (requested by oubreezy)
|
|t:|1779702011
|teamsize|p1|6
|teamsize|p2|6
|start
|switch|p1a: Meowscarada|Meowscarada, F|100/100
|switch|p2a: Zapdos|Zapdos|100/100
|turn|1
|
|t:|1779702022
|switch|p1a: Iron Treads|Iron Treads|100/100
|move|p2a: Zapdos|U-turn|p1a: Iron Treads
|-resisted|p1a: Iron Treads
|-damage|p1a: Iron Treads|96/100
|
|t:|1779702029
|switch|p2a: Walking Wake|Walking Wake|100/100|[from] U-turn
|
|-heal|p1a: Iron Treads|100/100|[from] item: Leftovers
|upkeep
|turn|2
|
|t:|1779702038
|-end|p1a: Iron Treads|Quark Drive|[silent]
|switch|p1a: Slowking|Slowking, F|100/100
|move|p2a: Walking Wake|Flamethrower|p1a: Slowking
|-resisted|p1a: Slowking
|-damage|p1a: Slowking|93/100
|-status|p1a: Slowking|brn
|
|-damage|p1a: Slowking|87/100 brn|[from] brn
|upkeep
|turn|3
|
|t:|1779702045
|-end|p2a: Walking Wake|Protosynthesis|[silent]
|switch|p2a: Zapdos|Zapdos|100/100
|move|p1a: Slowking|Future Sight|p2a: Zapdos
|-start|p1a: Slowking|move: Future Sight
|
|-damage|p1a: Slowking|81/100 brn|[from] brn
|upkeep
|turn|4
|
|t:|1779702061
|switch|p1a: Iron Treads|Iron Treads|100/100
|move|p2a: Zapdos|U-turn|p1a: Iron Treads
|-resisted|p1a: Iron Treads
|-damage|p1a: Iron Treads|96/100
|
|t:|1779702074
|switch|p2a: Great Tusk|Great Tusk|100/100|[from] U-turn
|
|-heal|p1a: Iron Treads|100/100|[from] item: Leftovers
|upkeep
|turn|5
|
|t:|1779702084
|move|p2a: Great Tusk|Earthquake|p1a: Iron Treads
|-supereffective|p1a: Iron Treads
|-damage|p1a: Iron Treads|20/100
|move|p1a: Iron Treads|Stealth Rock|p2a: Great Tusk
|-sidestart|p2: idonteatpets|move: Stealth Rock
|
|-end|p2a: Great Tusk|move: Future Sight
|-supereffective|p2a: Great Tusk
|-damage|p2a: Great Tusk|0 fnt
|faint|p2a: Great Tusk
|-end|p2a: Great Tusk|Protosynthesis|[silent]
|-heal|p1a: Iron Treads|26/100|[from] item: Leftovers
|upkeep
|
|t:|1779702098
|switch|p2a: Walking Wake|Walking Wake|100/100
|-damage|p2a: Walking Wake|88/100|[from] Stealth Rock
|turn|6
|
|t:|1779702104
|-end|p1a: Iron Treads|Quark Drive|[silent]
|switch|p1a: Enamorus|Enamorus, F|100/100
|move|p2a: Walking Wake|Hydro Steam|p1a: Enamorus
|-damage|p1a: Enamorus|39/100
|
|upkeep
|turn|7
|
|t:|1779702110
|move|p2a: Walking Wake|Hydro Steam|p1a: Enamorus
|-damage|p1a: Enamorus|0 fnt
|faint|p1a: Enamorus
|
|upkeep
|
|t:|1779702115
|switch|p1a: Slowking|Slowking, F|100/100 brn
|turn|8
|
|t:|1779702121
|move|p2a: Walking Wake|Hydro Steam|p1a: Slowking
|-resisted|p1a: Slowking
|-damage|p1a: Slowking|90/100 brn
|move|p1a: Slowking|Scald|p2a: Walking Wake
|-resisted|p2a: Walking Wake
|-damage|p2a: Walking Wake|80/100
|
|-damage|p1a: Slowking|84/100 brn|[from] brn
|upkeep
|turn|9
|
|t:|1779702128
|-end|p2a: Walking Wake|Protosynthesis|[silent]
|switch|p2a: Zapdos|Zapdos|100/100
|move|p1a: Slowking|Future Sight|p2a: Zapdos
|-start|p1a: Slowking|move: Future Sight
|
|-damage|p1a: Slowking|78/100 brn|[from] brn
|upkeep
|turn|10
|
|t:|1779702137
|switch|p1a: Iron Treads|Iron Treads|26/100
|move|p2a: Zapdos|U-turn|p1a: Iron Treads
|-resisted|p1a: Iron Treads
|-damage|p1a: Iron Treads|21/100
|
|t:|1779702158
|switch|p2a: Walking Wake|Walking Wake|80/100|[from] U-turn
|-damage|p2a: Walking Wake|67/100|[from] Stealth Rock
|
|-heal|p1a: Iron Treads|27/100|[from] item: Leftovers
|upkeep
|turn|11
|
|t:|1779702165
|-end|p2a: Walking Wake|Protosynthesis|[silent]
|switch|p2a: Kingambit|Kingambit, M|100/100
|-damage|p2a: Kingambit|94/100|[from] Stealth Rock
|-activate|p2a: Kingambit|ability: Supreme Overlord
|-start|p2a: Kingambit|fallen1|[silent]
|-end|p1a: Iron Treads|Quark Drive|[silent]
|switch|p1a: Slowking|Slowking, F|100/100 brn
|
|-end|p2a: Kingambit|move: Future Sight
|-immune|p2a: Kingambit
|-heal|p2a: Kingambit|100/100|[from] item: Leftovers
|-damage|p1a: Slowking|94/100 brn|[from] brn
|upkeep
|turn|12
|c|☆idonteatpets|hi
|
|t:|1779702177
|switch|p1a: Iron Treads|Iron Treads|27/100
|move|p2a: Kingambit|Kowtow Cleave|p1a: Iron Treads
|-crit|p1a: Iron Treads
|-damage|p1a: Iron Treads|0 fnt
|faint|p1a: Iron Treads
|-end|p1a: Iron Treads|Quark Drive|[silent]
|
|upkeep
|
|t:|1779702184
|switch|p1a: Pecharunt|Pecharunt|100/100
|turn|13
|
|t:|1779702187
|-terastallize|p1a: Pecharunt|Dark
|move|p1a: Pecharunt|Parting Shot|p2a: Kingambit
|-unboost|p2a: Kingambit|atk|1
|-unboost|p2a: Kingambit|spa|1
|l|☆oubreezy
|inactive|oubreezy disconnected and has a minute to reconnect!
|player|p1|
|inactive|oubreezy has 30 seconds to reconnect!
|inactive|oubreezy has 20 seconds to reconnect!
|inactive|oubreezy has 15 seconds to reconnect!
|inactive|oubreezy has 10 seconds to reconnect!
|inactive|oubreezy has 5 seconds to reconnect!
|-message|oubreezy lost due to inactivity.
|
|win|idonteatpets
|raw|oubreezy's rating: 1346 &rarr; <strong>1326</strong><br />(-20 for losing)
|raw|idonteatpets's rating: 1345 &rarr; <strong>1365</strong><br />(+20 for winning)
