|inactive|Battle timer is ON: inactive players will automatically lose when time's up.
|t:|1779675229
|gametype|singles
|player|p1|JojoOui|#wcop2026france|
|player|p2|CloudyEJ|#wcop2026uswest2|
|gen|9
|tier|[Gen 9] OU
|rule|HP Percentage Mod: HP is shown in percentages
|rule|Endless Battle Clause: Forcing endless battles is banned
|rule|Species Clause: Limit one of each Pokémon
|rule|OHKO Clause: OHKO moves are banned
|rule|Evasion Items Clause: Evasion items are banned
|rule|Evasion Moves Clause: Evasion moves are banned
|rule|Evasion Abilities Clause: Evasion abilities are banned
|rule|Sleep Moves Clause: Sleep-inducing moves are banned
|clearpoke
|poke|p1|Samurott-Hisui, F|
|poke|p1|Cinderace, F|
|poke|p1|Ribombee, M|
|poke|p1|Gholdengo|
|poke|p1|Kommo-o, F|
|poke|p1|Latias, F|
|poke|p2|Garchomp, F|
|poke|p2|Dragapult, F|
|poke|p2|Primarina, F|
|poke|p2|Kingambit, F|
|poke|p2|Keldeo-Resolute|
|poke|p2|Cresselia, F|
|teampreview
|c|☆CloudyEJ|hf
|c|☆JojoOui|hf
|inactive|JojoOui has 270 seconds left.
|
|t:|1779675270
|teamsize|p1|6
|teamsize|p2|6
|start
|switch|p1a: Ribombee|Ribombee, M|100/100
|switch|p2a: Primarina|Primarina, F|100/100
|turn|1
|
|t:|1779675279
|move|p1a: Ribombee|Sticky Web|p2a: Primarina
|-sidestart|p2: CloudyEJ|move: Sticky Web
|move|p2a: Primarina|Moonblast|p1a: Ribombee
|-damage|p1a: Ribombee|8/100
|
|upkeep
|turn|2
|
|t:|1779675296
|move|p1a: Ribombee|Moonblast|p2a: Primarina
|-damage|p2a: Primarina|74/100
|move|p2a: Primarina|Moonblast|p1a: Ribombee
|-damage|p1a: Ribombee|0 fnt
|faint|p1a: Ribombee
|
|upkeep
|inactive|JojoOui has 270 seconds left.
|
|t:|1779675326
|switch|p1a: Gholdengo|Gholdengo|100/100
|-item|p1a: Gholdengo|Air Balloon
|turn|3
|
|t:|1779675347
|move|p1a: Gholdengo|Nasty Plot|p1a: Gholdengo
|-boost|p1a: Gholdengo|spa|2
|move|p2a: Primarina|Surf|p1a: Gholdengo
|-damage|p1a: Gholdengo|42/100
|-enditem|p1a: Gholdengo|Air Balloon
|
|upkeep
|turn|4
|
|t:|1779675362
|move|p1a: Gholdengo|Psyshock|p2a: Primarina
|-damage|p2a: Primarina|13/100
|move|p2a: Primarina|Surf|p1a: Gholdengo
|-damage|p1a: Gholdengo|0 fnt
|faint|p1a: Gholdengo
|
|upkeep
|
|t:|1779675369
|switch|p1a: Samurott|Samurott-Hisui, F|100/100
|turn|5
|
|t:|1779675373
|switch|p2a: Keldeo|Keldeo-Resolute|100/100
|-activate|p2a: Keldeo|move: Sticky Web
|-unboost|p2a: Keldeo|spe|1
|move|p1a: Samurott|Ceaseless Edge|p2a: Keldeo|[miss]
|-miss|p1a: Samurott|p2a: Keldeo
|
|upkeep
|turn|6
|inactive|JojoOui has 270 seconds left.
|
|t:|1779675384
|switch|p1a: Latias|Latias, F|100/100
|move|p2a: Keldeo|Secret Sword|p1a: Latias
|-resisted|p1a: Latias
|-damage|p1a: Latias|77/100
|
|upkeep
|turn|7
|
|t:|1779675394
|move|p1a: Latias|Calm Mind|p1a: Latias
|-boost|p1a: Latias|spa|1
|-boost|p1a: Latias|spd|1
|move|p2a: Keldeo|Icy Wind|p1a: Latias
|-supereffective|p1a: Latias
|-damage|p1a: Latias|57/100
|
|upkeep
|turn|8
|
|t:|1779675400
|switch|p2a: Cresselia|Cresselia, F|100/100
|move|p1a: Latias|Recover|p1a: Latias
|-heal|p1a: Latias|100/100
|
|upkeep
|turn|9
|
|t:|1779675406
|switch|p1a: Samurott|Samurott-Hisui, F|100/100
|move|p2a: Cresselia|Calm Mind|p2a: Cresselia
|-boost|p2a: Cresselia|spa|1
|-boost|p2a: Cresselia|spd|1
|
|upkeep
|turn|10
|
|t:|1779675413
|switch|p2a: Keldeo|Keldeo-Resolute|100/100
|-activate|p2a: Keldeo|move: Sticky Web
|-unboost|p2a: Keldeo|spe|1
|move|p1a: Samurott|Ceaseless Edge|p2a: Keldeo
|-resisted|p2a: Keldeo
|-damage|p2a: Keldeo|73/100
|-damage|p1a: Samurott|84/100|[from] item: Rocky Helmet|[of] p2a: Keldeo
|-ability|p2a: Keldeo|Justified|boost
|-boost|p2a: Keldeo|atk|1
|-sidestart|p2: CloudyEJ|Spikes
|
|upkeep
|turn|11
|
|t:|1779675425
|switch|p1a: Latias|Latias, F|100/100
|move|p2a: Keldeo|Secret Sword|p1a: Latias
|-resisted|p1a: Latias
|-damage|p1a: Latias|77/100
|
|upkeep
|turn|12
|
|t:|1779675445
|switch|p2a: Primarina|Primarina, F|13/100
|-activate|p2a: Primarina|move: Sticky Web
|-unboost|p2a: Primarina|spe|1
|-damage|p2a: Primarina|0 fnt|[from] Spikes
|faint|p2a: Primarina
|move|p1a: Latias|Calm Mind|p1a: Latias
|-boost|p1a: Latias|spa|1
|-boost|p1a: Latias|spd|1
|
|upkeep
|
|t:|1779675448
|switch|p2a: Dragapult|Dragapult, F|100/100
|turn|13
|inactive|JojoOui has 270 seconds left.
|inactive|JojoOui has 240 seconds left.
|
|t:|1779675534
|switch|p1a: Cinderace|Cinderace, F|100/100
|move|p2a: Dragapult|Will-O-Wisp|p1a: Cinderace|[miss]
|-miss|p2a: Dragapult|p1a: Cinderace
|
|upkeep
|turn|14
|inactive|JojoOui has 210 seconds left.
|
|t:|1779675551
|move|p2a: Dragapult|U-turn|p1a: Cinderace
|-resisted|p1a: Cinderace
|-damage|p1a: Cinderace|88/100
|
|t:|1779675553
|switch|p2a: Garchomp|Garchomp, F|100/100|[from] U-turn
|-activate|p2a: Garchomp|move: Sticky Web
|-unboost|p2a: Garchomp|spe|1
|-damage|p2a: Garchomp|88/100|[from] Spikes
|move|p1a: Cinderace|Pyro Ball|p2a: Garchomp
|-resisted|p2a: Garchomp
|-damage|p2a: Garchomp|69/100
|
|upkeep
|turn|15
|inactive|JojoOui has 210 seconds left.
|
|t:|1779675570
|move|p1a: Cinderace|Swords Dance|p1a: Cinderace
|-boost|p1a: Cinderace|atk|2
|move|p2a: Garchomp|Stealth Rock|p1a: Cinderace
|-sidestart|p1: JojoOui|move: Stealth Rock
|
|upkeep
|turn|16
|
|t:|1779675583
|-terastallize|p2a: Garchomp|Ghost
|move|p1a: Cinderace|High Jump Kick|p2a: Garchomp
|-immune|p2a: Garchomp
|-damage|p1a: Cinderace|38/100|[from] highjumpkick
|move|p2a: Garchomp|Earthquake|p1a: Cinderace
|-supereffective|p1a: Cinderace
|-damage|p1a: Cinderace|0 fnt
|faint|p1a: Cinderace
|
|upkeep
|inactive|JojoOui has 210 seconds left.
|
|t:|1779675601
|switch|p1a: Samurott|Samurott-Hisui, F|84/100
|-damage|p1a: Samurott|72/100|[from] Stealth Rock
|turn|17
|
|t:|1779675606
|switch|p2a: Keldeo|Keldeo-Resolute|73/100
|-activate|p2a: Keldeo|move: Sticky Web
|-unboost|p2a: Keldeo|spe|1
|-damage|p2a: Keldeo|60/100|[from] Spikes
|move|p1a: Samurott|Ceaseless Edge|p2a: Keldeo
|-resisted|p2a: Keldeo
|-damage|p2a: Keldeo|31/100
|-damage|p1a: Samurott|55/100|[from] item: Rocky Helmet|[of] p2a: Keldeo
|-ability|p2a: Keldeo|Justified|boost
|-boost|p2a: Keldeo|atk|1
|-sidestart|p2: CloudyEJ|Spikes
|
|upkeep
|turn|18
|inactive|JojoOui has 210 seconds left.
|
|t:|1779675639
|switch|p1a: Latias|Latias, F|77/100
|-damage|p1a: Latias|65/100|[from] Stealth Rock
|move|p2a: Keldeo|Vacuum Wave|p1a: Latias
|-resisted|p1a: Latias
|-damage|p1a: Latias|57/100
|
|upkeep
|turn|19
|
|t:|1779675648
|switch|p2a: Garchomp|Garchomp, F, tera:Ghost|69/100
|-activate|p2a: Garchomp|move: Sticky Web
|-unboost|p2a: Garchomp|spe|1
|-damage|p2a: Garchomp|53/100|[from] Spikes
|move|p1a: Latias|Recover|p1a: Latias
|-heal|p1a: Latias|100/100
|
|upkeep
|turn|20
|inactive|JojoOui has 180 seconds left.
|inactive|CloudyEJ has 270 seconds left.
|inactive|JojoOui has 150 seconds left.
|inactive|JojoOui has 120 seconds left.
|
|t:|1779675749
|move|p1a: Latias|Stored Power|p2a: Garchomp
|-damage|p2a: Garchomp|46/100
|move|p2a: Garchomp|Dragon Tail|p1a: Latias
|-supereffective|p1a: Latias
|-damage|p1a: Latias|46/100
|drag|p1a: Kommo-o|Kommo-o, F|100/100
|-damage|p1a: Kommo-o|94/100|[from] Stealth Rock
|
|-heal|p1a: Kommo-o|100/100|[from] item: Leftovers
|upkeep
|turn|21
|
|t:|1779675769
|switch|p1a: Latias|Latias, F|46/100
|-damage|p1a: Latias|34/100|[from] Stealth Rock
|move|p2a: Garchomp|Dragon Tail|p1a: Latias
|-supereffective|p1a: Latias
|-damage|p1a: Latias|0 fnt
|faint|p1a: Latias
|
|upkeep
|
|t:|1779675773
|switch|p1a: Samurott|Samurott-Hisui, F|55/100
|-damage|p1a: Samurott|43/100|[from] Stealth Rock
|turn|22
|inactive|CloudyEJ has 270 seconds left.
|
|t:|1779675797
|switch|p2a: Keldeo|Keldeo-Resolute|31/100
|-activate|p2a: Keldeo|move: Sticky Web
|-unboost|p2a: Keldeo|spe|1
|-damage|p2a: Keldeo|14/100|[from] Spikes
|move|p1a: Samurott|Ceaseless Edge|p2a: Keldeo
|-resisted|p2a: Keldeo
|-damage|p2a: Keldeo|0 fnt
|-damage|p1a: Samurott|26/100|[from] item: Rocky Helmet|[of] p2a: Keldeo
|-sidestart|p2: CloudyEJ|Spikes
|faint|p2a: Keldeo
|
|upkeep
|inactive|CloudyEJ has 270 seconds left.
|
|t:|1779675813
|switch|p2a: Dragapult|Dragapult, F|100/100
|turn|23
|inactive|JojoOui has 120 seconds left.
|
|t:|1779675833
|move|p2a: Dragapult|Will-O-Wisp|p1a: Samurott
|-status|p1a: Samurott|brn
|move|p1a: Samurott|Ceaseless Edge|p2a: Dragapult
|-supereffective|p2a: Dragapult
|-damage|p2a: Dragapult|44/100
|
|-damage|p1a: Samurott|20/100 brn|[from] brn
|upkeep
|turn|24
|inactive|JojoOui has 120 seconds left.
|inactive|CloudyEJ has 270 seconds left.
|inactive|CloudyEJ has 240 seconds left.
|
|t:|1779675885
|move|p1a: Samurott|Sucker Punch|p2a: Dragapult
|-supereffective|p2a: Dragapult
|-damage|p2a: Dragapult|2/100
|move|p2a: Dragapult|Hex|p1a: Samurott
|-resisted|p1a: Samurott
|-crit|p1a: Samurott
|-damage|p1a: Samurott|0 fnt
|faint|p1a: Samurott
|
|upkeep
|
|t:|1779675889
|switch|p1a: Kommo-o|Kommo-o, F|100/100
|-damage|p1a: Kommo-o|94/100|[from] Stealth Rock
|turn|25
|inactive|CloudyEJ has 240 seconds left.
|inactive|JojoOui has 120 seconds left.
|
|t:|1779675908
|-terastallize|p1a: Kommo-o|Ghost
|move|p2a: Dragapult|Will-O-Wisp|p1a: Kommo-o|[miss]
|-miss|p2a: Dragapult|p1a: Kommo-o
|move|p1a: Kommo-o|Shadow Claw|p2a: Dragapult
|-supereffective|p2a: Dragapult
|-damage|p2a: Dragapult|0 fnt
|faint|p2a: Dragapult
|
|-heal|p1a: Kommo-o|100/100|[from] item: Leftovers
|upkeep
|inactive|CloudyEJ has 240 seconds left.
|
|t:|1779675915
|switch|p2a: Cresselia|Cresselia, F|100/100
|turn|26
|
|t:|1779675920
|move|p1a: Kommo-o|Taunt|p2a: Cresselia
|-start|p2a: Cresselia|move: Taunt
|cant|p2a: Cresselia|move: Taunt|Calm Mind
|
|upkeep
|turn|27
|
|t:|1779675924
|switch|p2a: Garchomp|Garchomp, F, tera:Ghost|46/100
|-activate|p2a: Garchomp|move: Sticky Web
|-unboost|p2a: Garchomp|spe|1
|-damage|p2a: Garchomp|22/100|[from] Spikes
|move|p1a: Kommo-o|Clangorous Soul|p1a: Kommo-o
|-boost|p1a: Kommo-o|atk|1
|-boost|p1a: Kommo-o|def|1
|-boost|p1a: Kommo-o|spa|1
|-boost|p1a: Kommo-o|spd|1
|-boost|p1a: Kommo-o|spe|1
|-damage|p1a: Kommo-o|68/100
|
|-heal|p1a: Kommo-o|74/100|[from] item: Leftovers
|upkeep
|turn|28
|
|t:|1779675932
|move|p1a: Kommo-o|Shadow Claw|p2a: Garchomp
|-supereffective|p2a: Garchomp
|-damage|p2a: Garchomp|0 fnt
|-damage|p1a: Kommo-o|61/100|[from] ability: Rough Skin|[of] p2a: Garchomp
|-damage|p1a: Kommo-o|45/100|[from] item: Rocky Helmet|[of] p2a: Garchomp
|faint|p2a: Garchomp
|
|-heal|p1a: Kommo-o|51/100|[from] item: Leftovers
|upkeep
|
|t:|1779675935
|switch|p2a: Kingambit|Kingambit, F|100/100
|-activate|p2a: Kingambit|move: Sticky Web
|-unboost|p2a: Kingambit|spe|1
|-damage|p2a: Kingambit|76/100|[from] Spikes
|-activate|p2a: Kingambit|ability: Supreme Overlord
|-start|p2a: Kingambit|fallen4|[silent]
|turn|29
|
|t:|1779675945
|move|p1a: Kommo-o|Taunt|p2a: Kingambit
|-start|p2a: Kingambit|move: Taunt
|move|p2a: Kingambit|Kowtow Cleave|p1a: Kommo-o
|-supereffective|p1a: Kommo-o
|-damage|p1a: Kommo-o|0 fnt
|faint|p1a: Kommo-o
|
|win|CloudyEJ
|c|☆JojoOui|gg
|c|☆CloudyEJ|gg
|player|p2|
