|j|☆el metrallas
|j|☆domulol
|t:|1779722801
|gametype|singles
|player|p1|el metrallas|swimmerf-gen4|1376
|player|p2|domulol|hoopster|1407
|gen|9
|tier|[Gen 9] OU
|rated|
|rule|HP Percentage Mod: HP is shown in percentages
|rule|Endless Battle Clause: Forcing endless battles is banned
|rule|Species Clause: Limit one of each Pokémon
|rule|OHKO Clause: OHKO moves are banned
|rule|Evasion Items Clause: Evasion items are banned
|rule|Evasion Moves Clause: Evasion moves are banned
|rule|Evasion Abilities Clause: Evasion abilities are banned
|rule|Sleep Moves Clause: Sleep-inducing moves are banned
|clearpoke
|poke|p1|Hydreigon, F|
|poke|p1|Ribombee, M|
|poke|p1|Tauros-Paldea-Blaze, M|
|poke|p1|Clodsire, M|
|poke|p1|Mamoswine, M|
|poke|p1|Gholdengo|
|poke|p2|Toxapex, M|
|poke|p2|Dragapult, F|
|poke|p2|Hydreigon, M|
|poke|p2|Gholdengo|
|poke|p2|Ting-Lu|
|poke|p2|Dragonite, M|
|teampreview
|inactive|Battle timer is ON: inactive players will automatically lose when time's up. (requested by domulol)
|
|t:|1779722813
|teamsize|p1|6
|teamsize|p2|6
|start
|switch|p1a: Tuerta|Ribombee, M, shiny|100/100
|switch|p2a: Dragonite|Dragonite, M, shiny|100/100
|turn|1
|
|t:|1779722821
|-terastallize|p2a: Dragonite|Normal
|move|p1a: Tuerta|Moonblast|p2a: Dragonite
|-damage|p2a: Dragonite|78/100
|move|p2a: Dragonite|Dragon Dance|p2a: Dragonite
|-boost|p2a: Dragonite|atk|1
|-boost|p2a: Dragonite|spe|1
|
|-heal|p2a: Dragonite|84/100|[from] item: Leftovers
|upkeep
|turn|2
|
|t:|1779722832
|move|p2a: Dragonite|Dragon Dance|p2a: Dragonite
|-boost|p2a: Dragonite|atk|1
|-boost|p2a: Dragonite|spe|1
|move|p1a: Tuerta|Sticky Web|p2a: Dragonite
|-sidestart|p2: domulol|move: Sticky Web
|
|-heal|p2a: Dragonite|91/100|[from] item: Leftovers
|upkeep
|turn|3
|
|t:|1779722836
|move|p2a: Dragonite|Dragon Dance|p2a: Dragonite
|-boost|p2a: Dragonite|atk|1
|-boost|p2a: Dragonite|spe|1
|move|p1a: Tuerta|Stun Spore|p2a: Dragonite
|-status|p2a: Dragonite|par
|
|-heal|p2a: Dragonite|97/100 par|[from] item: Leftovers
|upkeep
|turn|4
|
|t:|1779722841
|move|p1a: Tuerta|Moonblast|p2a: Dragonite
|-damage|p2a: Dragonite|57/100 par
|-unboost|p2a: Dragonite|spa|1
|move|p2a: Dragonite|Dragon Dance|p2a: Dragonite
|-boost|p2a: Dragonite|atk|1
|-boost|p2a: Dragonite|spe|1
|
|-heal|p2a: Dragonite|63/100 par|[from] item: Leftovers
|upkeep
|turn|5
|
|t:|1779722847
|move|p2a: Dragonite|Extreme Speed|p1a: Tuerta
|-enditem|p1a: Tuerta|Focus Sash
|-damage|p1a: Tuerta|1/100
|move|p1a: Tuerta|Moonblast|p2a: Dragonite
|-damage|p2a: Dragonite|21/100 par
|-unboost|p2a: Dragonite|spa|1
|
|-heal|p2a: Dragonite|27/100 par|[from] item: Leftovers
|upkeep
|turn|6
|
|t:|1779722854
|cant|p2a: Dragonite|par
|move|p1a: Tuerta|Moonblast|p2a: Dragonite
|-damage|p2a: Dragonite|0 fnt
|faint|p2a: Dragonite
|
|upkeep
|
|t:|1779722858
|switch|p2a: Ting-Lu|Ting-Lu|100/100
|-activate|p2a: Ting-Lu|move: Sticky Web
|-unboost|p2a: Ting-Lu|spe|1
|-ability|p2a: Ting-Lu|Vessel of Ruin
|turn|7
|
|t:|1779722864
|move|p1a: Tuerta|Moonblast|p2a: Ting-Lu
|-supereffective|p2a: Ting-Lu
|-damage|p2a: Ting-Lu|56/100
|-unboost|p2a: Ting-Lu|spa|1
|move|p2a: Ting-Lu|Stealth Rock|p1a: Tuerta
|-sidestart|p1: el metrallas|move: Stealth Rock
|
|-heal|p2a: Ting-Lu|62/100|[from] item: Leftovers
|upkeep
|turn|8
|
|t:|1779722869
|move|p1a: Tuerta|Moonblast|p2a: Ting-Lu
|-supereffective|p2a: Ting-Lu
|-damage|p2a: Ting-Lu|14/100
|-unboost|p2a: Ting-Lu|spa|1
|move|p2a: Ting-Lu|Earthquake|p1a: Tuerta
|-resisted|p1a: Tuerta
|-damage|p1a: Tuerta|0 fnt
|faint|p1a: Tuerta
|
|-heal|p2a: Ting-Lu|20/100|[from] item: Leftovers
|upkeep
|
|t:|1779722878
|switch|p1a: Te pilla el toro|Tauros-Paldea-Blaze, M, shiny|100/100
|-damage|p1a: Te pilla el toro|88/100|[from] Stealth Rock
|-ability|p1a: Te pilla el toro|Intimidate|boost
|-unboost|p2a: Ting-Lu|atk|1
|turn|9
|
|t:|1779722883
|switch|p2a: Toxapex|Toxapex, M|100/100
|-activate|p2a: Toxapex|move: Sticky Web
|-unboost|p2a: Toxapex|spe|1
|move|p1a: Te pilla el toro|Flare Blitz|p2a: Toxapex
|-resisted|p2a: Toxapex
|-damage|p2a: Toxapex|79/100
|-damage|p1a: Te pilla el toro|81/100|[from] Recoil
|-damage|p1a: Te pilla el toro|71/100|[from] item: Life Orb
|
|-heal|p2a: Toxapex|86/100|[from] item: Black Sludge
|upkeep
|turn|10
|
|t:|1779722890
|switch|p1a: Director|Clodsire, M, shiny|100/100
|-damage|p1a: Director|94/100|[from] Stealth Rock
|move|p2a: Toxapex|Toxic|p1a: Director
|-immune|p1a: Director
|
|-heal|p2a: Toxapex|92/100|[from] item: Black Sludge
|-heal|p1a: Director|100/100|[from] item: Leftovers
|upkeep
|turn|11
|
|t:|1779722896
|move|p2a: Toxapex|Liquidation|p1a: Director
|-immune|p1a: Director|[from] ability: Water Absorb
|move|p1a: Director|Stealth Rock|p2a: Toxapex
|-sidestart|p2: domulol|move: Stealth Rock
|
|-heal|p2a: Toxapex|98/100|[from] item: Black Sludge
|upkeep
|turn|12
|
|t:|1779722902
|switch|p2a: Ting-Lu|Ting-Lu|20/100
|-activate|p2a: Ting-Lu|move: Sticky Web
|-unboost|p2a: Ting-Lu|spe|1
|-damage|p2a: Ting-Lu|14/100|[from] Stealth Rock
|-ability|p2a: Ting-Lu|Vessel of Ruin
|move|p1a: Director|Earthquake|p2a: Ting-Lu
|-damage|p2a: Ting-Lu|1/100
|
|-heal|p2a: Ting-Lu|8/100|[from] item: Leftovers
|upkeep
|turn|13
|
|t:|1779722913
|move|p2a: Ting-Lu|Earthquake|p1a: Director
|-supereffective|p1a: Director
|-damage|p1a: Director|42/100
|move|p1a: Director|Earthquake|p2a: Ting-Lu
|-damage|p2a: Ting-Lu|0 fnt
|faint|p2a: Ting-Lu
|
|-heal|p1a: Director|48/100|[from] item: Leftovers
|upkeep
|
|t:|1779722921
|switch|p2a: Hydreigon|Hydreigon, M|100/100
|-damage|p2a: Hydreigon|88/100|[from] Stealth Rock
|turn|14
|
|t:|1779722926
|move|p1a: Director|Protect|p1a: Director
|-singleturn|p1a: Director|Protect
|move|p2a: Hydreigon|Dark Pulse|p1a: Director
|-activate|p1a: Director|move: Protect
|
|-heal|p2a: Hydreigon|94/100|[from] item: Leftovers
|-heal|p1a: Director|54/100|[from] item: Leftovers
|upkeep
|turn|15
|
|t:|1779722931
|move|p2a: Hydreigon|Dark Pulse|p1a: Director
|-damage|p1a: Director|28/100
|move|p1a: Director|Toxic|p2a: Hydreigon
|-status|p2a: Hydreigon|tox
|
|-heal|p2a: Hydreigon|100/100 tox|[from] item: Leftovers
|-heal|p1a: Director|34/100|[from] item: Leftovers
|-damage|p2a: Hydreigon|94/100 tox|[from] psn
|upkeep
|turn|16
|
|t:|1779722939
|move|p2a: Hydreigon|Nasty Plot|p2a: Hydreigon
|-boost|p2a: Hydreigon|spa|2
|move|p1a: Director|Earthquake|p2a: Hydreigon
|-immune|p2a: Hydreigon|[from] ability: Levitate
|
|-heal|p2a: Hydreigon|100/100 tox|[from] item: Leftovers
|-heal|p1a: Director|41/100|[from] item: Leftovers
|-damage|p2a: Hydreigon|88/100 tox|[from] psn
|upkeep
|turn|17
|
|t:|1779722944
|move|p1a: Director|Protect|p1a: Director
|-singleturn|p1a: Director|Protect
|move|p2a: Hydreigon|Nasty Plot|p2a: Hydreigon
|-boost|p2a: Hydreigon|spa|2
|
|-heal|p2a: Hydreigon|94/100 tox|[from] item: Leftovers
|-heal|p1a: Director|47/100|[from] item: Leftovers
|-damage|p2a: Hydreigon|76/100 tox|[from] psn
|upkeep
|turn|18
|
|t:|1779722953
|move|p1a: Director|Protect||[still]
|-fail|p1a: Director
|move|p2a: Hydreigon|Dragon Pulse|p1a: Director
|-damage|p1a: Director|0 fnt
|faint|p1a: Director
|
|-heal|p2a: Hydreigon|82/100 tox|[from] item: Leftovers
|-damage|p2a: Hydreigon|57/100 tox|[from] psn
|upkeep
|
|t:|1779722960
|switch|p1a: Mamuten|Mamoswine, M|100/100
|-damage|p1a: Mamuten|88/100|[from] Stealth Rock
|turn|19
|
|t:|1779722968
|move|p1a: Mamuten|Icicle Crash|p2a: Hydreigon
|-supereffective|p2a: Hydreigon
|-damage|p2a: Hydreigon|0 fnt
|faint|p2a: Hydreigon
|
|upkeep
|
|t:|1779722972
|switch|p2a: Toxapex|Toxapex, M|100/100
|-activate|p2a: Toxapex|move: Sticky Web
|-unboost|p2a: Toxapex|spe|1
|-damage|p2a: Toxapex|88/100|[from] Stealth Rock
|turn|20
|
|t:|1779722979
|switch|p1a: Bombas|Gholdengo|100/100
|-damage|p1a: Bombas|94/100|[from] Stealth Rock
|-item|p1a: Bombas|Air Balloon
|move|p2a: Toxapex|Toxic|p1a: Bombas
|-immune|p1a: Bombas|[from] ability: Good as Gold
|
|-heal|p2a: Toxapex|94/100|[from] item: Black Sludge
|upkeep
|turn|21
|
|t:|1779722987
|move|p1a: Bombas|Nasty Plot|p1a: Bombas
|-boost|p1a: Bombas|spa|2
|move|p2a: Toxapex|Liquidation|p1a: Bombas
|-damage|p1a: Bombas|72/100
|-enditem|p1a: Bombas|Air Balloon
|
|-heal|p2a: Toxapex|100/100|[from] item: Black Sludge
|upkeep
|turn|22
|
|t:|1779722993
|move|p1a: Bombas|Shadow Ball|p2a: Toxapex
|-crit|p2a: Toxapex
|-damage|p2a: Toxapex|0 fnt
|faint|p2a: Toxapex
|
|upkeep
|
|t:|1779722997
|switch|p2a: Dragapult|Dragapult, F|100/100
|-activate|p2a: Dragapult|move: Sticky Web
|-fail|p2a: Dragapult|unboost|[from] ability: Clear Body|[of] p2a: Dragapult
|-damage|p2a: Dragapult|88/100|[from] Stealth Rock
|turn|23
|
|t:|1779723001
|-terastallize|p1a: Bombas|Normal
|move|p2a: Dragapult|Phantom Force||[still]
|-prepare|p2a: Dragapult|Phantom Force
|move|p1a: Bombas|Shadow Ball|p2a: Dragapult|[miss]
|-miss|p1a: Bombas|p2a: Dragapult
|
|-heal|p2a: Dragapult|94/100|[from] item: Leftovers
|upkeep
|turn|24
|-message|domulol forfeited.
|
|win|el metrallas
|raw|el metrallas's rating: 1376 &rarr; <strong>1398</strong><br />(+22 for winning)
|raw|domulol's rating: 1407 &rarr; <strong>1385</strong><br />(-22 for losing)
|l|☆domulol
|player|p2|
|l|☆el metrallas
|player|p1|
