|j|☆lunarfae
|j|☆Baldarius
|t:|1779667812
|gametype|singles
|player|p1|lunarfae|doubleteam|1113
|player|p2|Baldarius|266|1121
|gen|9
|tier|[Gen 9] OU
|rated|
|rule|HP Percentage Mod: HP is shown in percentages
|rule|Endless Battle Clause: Forcing endless battles is banned
|rule|Species Clause: Limit one of each Pokémon
|rule|OHKO Clause: OHKO moves are banned
|rule|Evasion Items Clause: Evasion items are banned
|rule|Evasion Moves Clause: Evasion moves are banned
|rule|Evasion Abilities Clause: Evasion abilities are banned
|rule|Sleep Moves Clause: Sleep-inducing moves are banned
|clearpoke
|poke|p1|Mandibuzz, F|
|poke|p1|Goodra-Hisui, F|
|poke|p1|Registeel|
|poke|p1|Jumpluff, M|
|poke|p1|Vaporeon, F|
|poke|p1|Mudsdale, F|
|poke|p2|Iron Valiant|
|poke|p2|Ceruledge, M|
|poke|p2|Regieleki|
|poke|p2|Hawlucha, F|
|poke|p2|Raging Bolt|
|poke|p2|Tornadus-Therian, M|
|teampreview
|
|t:|1779667828
|teamsize|p1|6
|teamsize|p2|6
|start
|switch|p1a: Registeel|Registeel, shiny|100/100
|switch|p2a: Tornadus|Tornadus-Therian, M|100/100
|turn|1
|
|t:|1779667841
|move|p2a: Tornadus|U-turn|p1a: Registeel
|-resisted|p1a: Registeel
|-damage|p1a: Registeel|95/100
|-damage|p2a: Tornadus|91/100|[from] item: Life Orb
|
|t:|1779667844
|switch|p2a: Ceruledge|Ceruledge, M|100/100|[from] U-turn
|move|p1a: Registeel|Thunder Wave|p2a: Ceruledge
|-status|p2a: Ceruledge|par
|
|upkeep
|turn|2
|
|t:|1779667856
|switch|p1a: Mudsdale|Mudsdale, F|100/100
|move|p2a: Ceruledge|Swords Dance|p2a: Ceruledge
|-boost|p2a: Ceruledge|atk|2
|
|upkeep
|turn|3
|
|t:|1779667873
|move|p2a: Ceruledge|Bitter Blade|p1a: Mudsdale
|-damage|p1a: Mudsdale|42/100
|-damage|p2a: Ceruledge|84/100 par|[from] item: Rocky Helmet|[of] p1a: Mudsdale
|-ability|p1a: Mudsdale|Stamina|boost
|-boost|p1a: Mudsdale|def|1
|move|p1a: Mudsdale|Roar|p2a: Ceruledge
|drag|p2a: Iron Valiant|Iron Valiant|100/100
|
|upkeep
|turn|4
|
|t:|1779667886
|move|p2a: Iron Valiant|Swords Dance|p2a: Iron Valiant
|-boost|p2a: Iron Valiant|atk|2
|move|p1a: Mudsdale|Stealth Rock|p2a: Iron Valiant
|-sidestart|p2: Baldarius|move: Stealth Rock
|
|upkeep
|turn|5
|
|t:|1779667900
|move|p2a: Iron Valiant|Spirit Break|p1a: Mudsdale
|-damage|p1a: Mudsdale|2/100
|-unboost|p1a: Mudsdale|spa|1
|-damage|p2a: Iron Valiant|84/100|[from] item: Rocky Helmet|[of] p1a: Mudsdale
|-ability|p1a: Mudsdale|Stamina|boost
|-boost|p1a: Mudsdale|def|1
|-damage|p2a: Iron Valiant|74/100|[from] item: Life Orb
|move|p1a: Mudsdale|Roar|p2a: Iron Valiant
|-end|p2a: Iron Valiant|Quark Drive|[silent]
|drag|p2a: Raging Bolt|Raging Bolt|100/100
|-damage|p2a: Raging Bolt|88/100|[from] Stealth Rock
|-enditem|p2a: Raging Bolt|Booster Energy
|-activate|p2a: Raging Bolt|ability: Protosynthesis|[fromitem]
|-start|p2a: Raging Bolt|protosynthesisspa
|
|upkeep
|turn|6
|
|t:|1779667916
|switch|p1a: Goodra|Goodra-Hisui, F|100/100
|move|p2a: Raging Bolt|Dragon Pulse|p1a: Goodra
|-damage|p1a: Goodra|73/100
|
|upkeep
|turn|7
|
|t:|1779667931
|move|p2a: Raging Bolt|Calm Mind|p2a: Raging Bolt
|-boost|p2a: Raging Bolt|spa|1
|-boost|p2a: Raging Bolt|spd|1
|move|p1a: Goodra|Draco Meteor|p2a: Raging Bolt
|-supereffective|p2a: Raging Bolt
|-damage|p2a: Raging Bolt|19/100
|-unboost|p1a: Goodra|spa|2
|
|upkeep
|turn|8
|
|t:|1779667938
|move|p2a: Raging Bolt|Dragon Pulse|p1a: Goodra
|-damage|p1a: Goodra|27/100
|move|p1a: Goodra|Draco Meteor|p2a: Raging Bolt
|-supereffective|p2a: Raging Bolt
|-damage|p2a: Raging Bolt|0 fnt
|-unboost|p1a: Goodra|spa|2
|faint|p2a: Raging Bolt
|-end|p2a: Raging Bolt|Protosynthesis|[silent]
|
|upkeep
|
|t:|1779667946
|switch|p2a: Regieleki|Regieleki|100/100
|-damage|p2a: Regieleki|88/100|[from] Stealth Rock
|turn|9
|
|t:|1779667951
|switch|p1a: Registeel|Registeel, shiny|95/100
|move|p2a: Regieleki|Electric Terrain|p2a: Regieleki
|-fieldstart|move: Electric Terrain
|
|upkeep
|turn|10
|
|t:|1779667957
|move|p2a: Regieleki|Thunder Cage|p1a: Registeel
|-damage|p1a: Registeel|63/100
|-activate|p1a: Registeel|move: Thunder Cage|[of] p2a: Regieleki
|move|p1a: Registeel|Iron Defense|p1a: Registeel
|-boost|p1a: Registeel|def|2
|
|-damage|p1a: Registeel|50/100|[from] move: Thunder Cage|[partiallytrapped]
|upkeep
|turn|11
|
|t:|1779667967
|move|p2a: Regieleki|Thunder Cage|p1a: Registeel
|-damage|p1a: Registeel|20/100
|move|p1a: Registeel|Rest||[still]
|-activate|p1a: Registeel|move: Electric Terrain
|-fail|p1a: Registeel
|
|-damage|p1a: Registeel|8/100|[from] move: Thunder Cage|[partiallytrapped]
|upkeep
|turn|12
|
|t:|1779667976
|move|p2a: Regieleki|Volt Switch|p1a: Registeel
|-damage|p1a: Registeel|0 fnt
|faint|p1a: Registeel
|inactive|Battle timer is ON: inactive players will automatically lose when time's up. (requested by lunarfae)
|
|t:|1779667982
|switch|p2a: Iron Valiant|Iron Valiant|74/100|[from] Volt Switch
|-damage|p2a: Iron Valiant|68/100|[from] Stealth Rock
|-activate|p2a: Iron Valiant|ability: Quark Drive
|-start|p2a: Iron Valiant|quarkdrivespe
|
|upkeep
|
|t:|1779667989
|switch|p1a: Jumpluff|Jumpluff, M, shiny|100/100
|turn|13
|
|t:|1779667999
|-terastallize|p2a: Iron Valiant|Psychic
|move|p2a: Iron Valiant|Swords Dance|p2a: Iron Valiant
|-boost|p2a: Iron Valiant|atk|2
|move|p1a: Jumpluff|Encore|p2a: Iron Valiant
|-start|p2a: Iron Valiant|Encore
|
|upkeep
|turn|14
|
|t:|1779668005
|move|p2a: Iron Valiant|Swords Dance|p2a: Iron Valiant
|-boost|p2a: Iron Valiant|atk|2
|move|p1a: Jumpluff|Substitute|p1a: Jumpluff
|-start|p1a: Jumpluff|Substitute
|-damage|p1a: Jumpluff|76/100
|
|upkeep
|turn|15
|
|t:|1779668011
|move|p2a: Iron Valiant|Swords Dance|p2a: Iron Valiant
|-boost|p2a: Iron Valiant|atk|2
|move|p1a: Jumpluff|Leech Seed|p2a: Iron Valiant
|-start|p2a: Iron Valiant|move: Leech Seed
|
|-damage|p2a: Iron Valiant|55/100|[from] Leech Seed|[of] p1a: Jumpluff
|-heal|p1a: Jumpluff|86/100|[silent]
|upkeep
|turn|16
|
|t:|1779668020
|move|p2a: Iron Valiant|Swords Dance|p2a: Iron Valiant
|-boost|p2a: Iron Valiant|atk|0
|move|p1a: Jumpluff|Encore||[still]
|-fail|p1a: Jumpluff
|
|-damage|p2a: Iron Valiant|43/100|[from] Leech Seed|[of] p1a: Jumpluff
|-heal|p1a: Jumpluff|96/100|[silent]
|-end|p2a: Iron Valiant|Encore
|-fieldend|move: Electric Terrain
|-end|p2a: Iron Valiant|Quark Drive
|upkeep
|turn|17
|
|t:|1779668031
|move|p2a: Iron Valiant|Drain Punch|p1a: Jumpluff
|-resisted|p1a: Jumpluff
|-end|p1a: Jumpluff|Substitute
|-heal|p2a: Iron Valiant|58/100|[from] drain|[of] p1a: Jumpluff
|-damage|p2a: Iron Valiant|48/100|[from] item: Life Orb
|move|p1a: Jumpluff|Substitute|p1a: Jumpluff
|-start|p1a: Jumpluff|Substitute
|-damage|p1a: Jumpluff|71/100
|
|-damage|p2a: Iron Valiant|36/100|[from] Leech Seed|[of] p1a: Jumpluff
|-heal|p1a: Jumpluff|81/100|[silent]
|upkeep
|turn|18
|
|t:|1779668041
|move|p2a: Iron Valiant|Drain Punch|p1a: Jumpluff
|-resisted|p1a: Jumpluff
|-end|p1a: Jumpluff|Substitute
|-heal|p2a: Iron Valiant|51/100|[from] drain|[of] p1a: Jumpluff
|-damage|p2a: Iron Valiant|41/100|[from] item: Life Orb
|move|p1a: Jumpluff|Substitute|p1a: Jumpluff
|-start|p1a: Jumpluff|Substitute
|-damage|p1a: Jumpluff|56/100
|
|-damage|p2a: Iron Valiant|28/100|[from] Leech Seed|[of] p1a: Jumpluff
|-heal|p1a: Jumpluff|67/100|[silent]
|upkeep
|turn|19
|
|t:|1779668051
|move|p2a: Iron Valiant|Drain Punch|p1a: Jumpluff
|-resisted|p1a: Jumpluff
|-end|p1a: Jumpluff|Substitute
|-heal|p2a: Iron Valiant|44/100|[from] drain|[of] p1a: Jumpluff
|-damage|p2a: Iron Valiant|34/100|[from] item: Life Orb
|move|p1a: Jumpluff|Substitute|p1a: Jumpluff
|-start|p1a: Jumpluff|Substitute
|-damage|p1a: Jumpluff|42/100
|
|-damage|p2a: Iron Valiant|21/100|[from] Leech Seed|[of] p1a: Jumpluff
|-heal|p1a: Jumpluff|52/100|[silent]
|upkeep
|turn|20
|
|t:|1779668061
|move|p2a: Iron Valiant|Drain Punch|p1a: Jumpluff
|-resisted|p1a: Jumpluff
|-crit|p1a: Jumpluff
|-end|p1a: Jumpluff|Substitute
|-heal|p2a: Iron Valiant|36/100|[from] drain|[of] p1a: Jumpluff
|-damage|p2a: Iron Valiant|26/100|[from] item: Life Orb
|move|p1a: Jumpluff|Substitute|p1a: Jumpluff
|-start|p1a: Jumpluff|Substitute
|-damage|p1a: Jumpluff|27/100
|
|-damage|p2a: Iron Valiant|14/100|[from] Leech Seed|[of] p1a: Jumpluff
|-heal|p1a: Jumpluff|37/100|[silent]
|upkeep
|turn|21
|
|t:|1779668076
|move|p2a: Iron Valiant|Drain Punch|p1a: Jumpluff
|-resisted|p1a: Jumpluff
|-crit|p1a: Jumpluff
|-end|p1a: Jumpluff|Substitute
|-heal|p2a: Iron Valiant|29/100|[from] drain|[of] p1a: Jumpluff
|-damage|p2a: Iron Valiant|19/100|[from] item: Life Orb
|move|p1a: Jumpluff|Substitute|p1a: Jumpluff
|-start|p1a: Jumpluff|Substitute
|-damage|p1a: Jumpluff|12/100
|
|-damage|p2a: Iron Valiant|7/100|[from] Leech Seed|[of] p1a: Jumpluff
|-heal|p1a: Jumpluff|23/100|[silent]
|upkeep
|turn|22
|
|t:|1779668092
|move|p2a: Iron Valiant|Drain Punch|p1a: Jumpluff
|-resisted|p1a: Jumpluff
|-end|p1a: Jumpluff|Substitute
|-heal|p2a: Iron Valiant|22/100|[from] drain|[of] p1a: Jumpluff
|-damage|p2a: Iron Valiant|12/100|[from] item: Life Orb
|move|p1a: Jumpluff|Strength Sap|p2a: Iron Valiant
|-unboost|p2a: Iron Valiant|atk|1
|-heal|p1a: Jumpluff|100/100
|
|-damage|p2a: Iron Valiant|0 fnt|[from] Leech Seed|[of] p1a: Jumpluff
|faint|p2a: Iron Valiant
|-end|p2a: Iron Valiant|Quark Drive|[silent]
|upkeep
|inactive|Baldarius has 120 seconds left.
|
|t:|1779668123
|switch|p2a: Regieleki|Regieleki|88/100
|-damage|p2a: Regieleki|76/100|[from] Stealth Rock
|turn|23
|inactive|Baldarius has 120 seconds left.
|
|t:|1779668133
|-terastallize|p1a: Jumpluff|Fairy
|move|p2a: Regieleki|Electric Terrain|p2a: Regieleki
|-fieldstart|move: Electric Terrain
|move|p1a: Jumpluff|Encore|p2a: Regieleki
|-start|p2a: Regieleki|Encore
|
|upkeep
|turn|24
|inactive|Baldarius has 120 seconds left.
|
|t:|1779668146
|switch|p2a: Tornadus|Tornadus-Therian, M|100/100
|-damage|p2a: Tornadus|76/100|[from] Stealth Rock
|switch|p1a: Vaporeon|Vaporeon, F|100/100
|
|upkeep
|turn|25
|inactive|Baldarius has 120 seconds left.
|
|t:|1779668157
|move|p2a: Tornadus|Nasty Plot|p2a: Tornadus
|-boost|p2a: Tornadus|spa|2
|move|p1a: Vaporeon|Wish|p1a: Vaporeon
|
|upkeep
|turn|26
|
|t:|1779668164
|move|p2a: Tornadus|Nasty Plot|p2a: Tornadus
|-boost|p2a: Tornadus|spa|2
|move|p1a: Vaporeon|Flip Turn|p2a: Tornadus
|-damage|p2a: Tornadus|55/100
|
|t:|1779668176
|switch|p1a: Jumpluff|Jumpluff, M, shiny, tera:Fairy|100/100|[from] Flip Turn
|
|upkeep
|turn|27
|
|t:|1779668181
|move|p2a: Tornadus|Bleakwind Storm|p1a: Jumpluff
|-damage|p1a: Jumpluff|0 fnt
|faint|p1a: Jumpluff
|-damage|p2a: Tornadus|45/100|[from] item: Life Orb
|
|upkeep
|
|t:|1779668189
|switch|p1a: Vaporeon|Vaporeon, F|100/100
|turn|28
|
|t:|1779668191
|move|p2a: Tornadus|Bleakwind Storm|p1a: Vaporeon|[miss]
|-miss|p2a: Tornadus|p1a: Vaporeon
|move|p1a: Vaporeon|Ice Beam|p2a: Tornadus
|-supereffective|p2a: Tornadus
|-damage|p2a: Tornadus|0 fnt
|faint|p2a: Tornadus
|
|upkeep
|
|t:|1779668198
|switch|p2a: Regieleki|Regieleki|76/100
|-damage|p2a: Regieleki|64/100|[from] Stealth Rock
|turn|29
|
|t:|1779668205
|move|p2a: Regieleki|Thunder Cage|p1a: Vaporeon
|-supereffective|p1a: Vaporeon
|-damage|p1a: Vaporeon|26/100
|-activate|p1a: Vaporeon|move: Thunder Cage|[of] p2a: Regieleki
|move|p1a: Vaporeon|Wish|p1a: Vaporeon
|
|-heal|p1a: Vaporeon|32/100|[from] item: Leftovers
|-damage|p1a: Vaporeon|20/100|[from] move: Thunder Cage|[partiallytrapped]
|upkeep
|turn|30
|
|t:|1779668213
|move|p1a: Vaporeon|Protect|p1a: Vaporeon
|-singleturn|p1a: Vaporeon|Protect
|move|p2a: Regieleki|Volt Switch|p1a: Vaporeon
|-activate|p1a: Vaporeon|move: Protect
|
|-heal|p1a: Vaporeon|70/100|[from] move: Wish|[wisher] Vaporeon
|-heal|p1a: Vaporeon|76/100|[from] item: Leftovers
|-damage|p1a: Vaporeon|64/100|[from] move: Thunder Cage|[partiallytrapped]
|-fieldend|move: Electric Terrain
|upkeep
|turn|31
|
|t:|1779668223
|move|p2a: Regieleki|Electric Terrain|p2a: Regieleki
|-fieldstart|move: Electric Terrain
|move|p1a: Vaporeon|Ice Beam|p2a: Regieleki
|-damage|p2a: Regieleki|22/100
|-status|p2a: Regieleki|frz
|
|-heal|p1a: Vaporeon|70/100|[from] item: Leftovers
|-damage|p1a: Vaporeon|57/100|[from] move: Thunder Cage|[partiallytrapped]
|upkeep
|turn|32
|
|t:|1779668232
|cant|p2a: Regieleki|frz
|move|p1a: Vaporeon|Wish|p1a: Vaporeon
|
|-heal|p1a: Vaporeon|63/100|[from] item: Leftovers
|-damage|p1a: Vaporeon|51/100|[from] move: Thunder Cage|[partiallytrapped]
|upkeep
|turn|33
|
|t:|1779668238
|cant|p2a: Regieleki|frz
|move|p1a: Vaporeon|Flip Turn|p2a: Regieleki
|-damage|p2a: Regieleki|0 fnt
|faint|p2a: Regieleki
|
|t:|1779668247
|switch|p1a: Mudsdale|Mudsdale, F|2/100|[from] Flip Turn
|
|-heal|p1a: Mudsdale|60/100|[from] move: Wish|[wisher] Vaporeon
|upkeep
|
|t:|1779668253
|switch|p2a: Hawlucha|Hawlucha, F|100/100
|-damage|p2a: Hawlucha|88/100|[from] Stealth Rock
|turn|34
|
|t:|1779668261
|move|p2a: Hawlucha|Swords Dance|p2a: Hawlucha
|-boost|p2a: Hawlucha|atk|2
|move|p1a: Mudsdale|Roar|p2a: Hawlucha
|drag|p2a: Ceruledge|Ceruledge, M|84/100 par
|-damage|p2a: Ceruledge|59/100 par|[from] Stealth Rock
|
|upkeep
|turn|35
|
|t:|1779668270
|switch|p1a: Mandibuzz|Mandibuzz, F|100/100
|cant|p2a: Ceruledge|par
|
|upkeep
|turn|36
|
|t:|1779668277
|move|p1a: Mandibuzz|Foul Play|p2a: Ceruledge
|-supereffective|p2a: Ceruledge
|-damage|p2a: Ceruledge|0 fnt
|faint|p2a: Ceruledge
|
|upkeep
|
|t:|1779668281
|switch|p2a: Hawlucha|Hawlucha, F|88/100
|-damage|p2a: Hawlucha|76/100|[from] Stealth Rock
|turn|37
|
|t:|1779668287
|move|p2a: Hawlucha|Swords Dance|p2a: Hawlucha
|-boost|p2a: Hawlucha|atk|2
|move|p1a: Mandibuzz|Foul Play|p2a: Hawlucha
|-resisted|p2a: Hawlucha
|-damage|p2a: Hawlucha|18/100
|
|upkeep
|turn|38
|
|t:|1779668293
|move|p2a: Hawlucha|Sky Attack||[still]
|-prepare|p2a: Hawlucha|Sky Attack
|-enditem|p2a: Hawlucha|Power Herb
|-anim|p2a: Hawlucha|Sky Attack|p1a: Mandibuzz
|-damage|p1a: Mandibuzz|35/100
|move|p1a: Mandibuzz|Foul Play|p2a: Hawlucha
|-resisted|p2a: Hawlucha
|-damage|p2a: Hawlucha|0 fnt
|faint|p2a: Hawlucha
|
|win|lunarfae
|raw|lunarfae's rating: 1113 &rarr; <strong>1139</strong><br />(+26 for winning)
|raw|Baldarius's rating: 1121 &rarr; <strong>1095</strong><br />(-26 for losing)
|c|☆Baldarius|gg
|l|☆lunarfae
|player|p1|
|l|☆Baldarius
|player|p2|
