|j|☆thegreatestnone
|j|‽Roboute
|t:|1779687657
|gametype|singles
|player|p1|thegreatestnone|169|1354
|player|p2|Roboute|266|1380
|gen|9
|tier|[Gen 9] OU
|rated|
|rule|HP Percentage Mod: HP is shown in percentages
|rule|Endless Battle Clause: Forcing endless battles is banned
|rule|Species Clause: Limit one of each Pokémon
|rule|OHKO Clause: OHKO moves are banned
|rule|Evasion Items Clause: Evasion items are banned
|rule|Evasion Moves Clause: Evasion moves are banned
|rule|Evasion Abilities Clause: Evasion abilities are banned
|rule|Sleep Moves Clause: Sleep-inducing moves are banned
|clearpoke
|poke|p1|Politoed, F|
|poke|p1|Crawdaunt, F|
|poke|p1|Pelipper, F|
|poke|p1|Iron Valiant|
|poke|p1|Azumarill, F|
|poke|p1|Regieleki|
|poke|p2|Hoopa|
|poke|p2|Cinderace, M|
|poke|p2|Mandibuzz, F|
|poke|p2|Kyurem|
|poke|p2|Ting-Lu|
|poke|p2|Manaphy|
|teampreview
|inactive|Battle timer is ON: inactive players will automatically lose when time's up. (requested by Roboute)
|
|t:|1779687681
|teamsize|p1|6
|teamsize|p2|6
|start
|switch|p1a: Pelipper|Pelipper, F|100/100
|switch|p2a: Cinderace|Cinderace, M|100/100
|-weather|RainDance|[from] ability: Drizzle|[of] p1a: Pelipper
|turn|1
|
|t:|1779687685
|move|p2a: Cinderace|U-turn|p1a: Pelipper
|-start|p2a: Cinderace|typechange|Bug|[from] ability: Libero
|-resisted|p1a: Pelipper
|-crit|p1a: Pelipper
|-damage|p1a: Pelipper|73/100
|
|t:|1779687689
|switch|p2a: Kyurem|Kyurem|100/100|[from] U-turn
|-ability|p2a: Kyurem|Pressure
|move|p1a: Pelipper|U-turn|p2a: Kyurem
|-damage|p2a: Kyurem|92/100
|
|t:|1779687707
|switch|p1a: Iron Valiant|Iron Valiant|100/100|[from] U-turn
|
|-weather|RainDance|[upkeep]
|upkeep
|turn|2
|
|t:|1779687726
|switch|p2a: Cinderace|Cinderace, M|100/100
|move|p1a: Iron Valiant|Spirit Break|p2a: Cinderace
|-resisted|p2a: Cinderace
|-damage|p2a: Cinderace|55/100
|-unboost|p2a: Cinderace|spa|1
|
|-weather|RainDance|[upkeep]
|upkeep
|turn|3
|
|t:|1779687740
|switch|p2a: Hoopa|Hoopa|100/100
|move|p1a: Iron Valiant|Spirit Break|p2a: Hoopa
|-crit|p2a: Hoopa
|-damage|p2a: Hoopa|0 fnt
|faint|p2a: Hoopa
|
|-weather|RainDance|[upkeep]
|upkeep
|
|t:|1779687749
|switch|p2a: Manaphy|Manaphy|100/100
|turn|4
|
|t:|1779687757
|-end|p1a: Iron Valiant|Quark Drive|[silent]
|switch|p1a: Politoed|Politoed, F|100/100
|move|p2a: Manaphy|Tail Glow|p2a: Manaphy
|-boost|p2a: Manaphy|spa|3
|
|-weather|RainDance|[upkeep]
|upkeep
|turn|5
|
|t:|1779687766
|-terastallize|p2a: Manaphy|Poison
|move|p2a: Manaphy|Alluring Voice|p1a: Politoed
|-crit|p1a: Politoed
|-damage|p1a: Politoed|52/100
|move|p1a: Politoed|Encore|p2a: Manaphy
|-start|p2a: Manaphy|Encore
|
|-weather|none
|upkeep
|turn|6
|
|t:|1779687781
|switch|p1a: Pelipper|Pelipper, F|73/100
|-weather|RainDance|[from] ability: Drizzle|[of] p1a: Pelipper
|move|p2a: Manaphy|Alluring Voice|p1a: Pelipper
|-damage|p1a: Pelipper|1/100
|
|-weather|RainDance|[upkeep]
|upkeep
|turn|7
|
|t:|1779687793
|move|p2a: Manaphy|Alluring Voice|p1a: Pelipper
|-damage|p1a: Pelipper|0 fnt
|faint|p1a: Pelipper
|
|-weather|RainDance|[upkeep]
|upkeep
|
|t:|1779687796
|switch|p1a: Regieleki|Regieleki|100/100
|turn|8
|
|t:|1779687800
|switch|p2a: Ting-Lu|Ting-Lu|100/100
|-ability|p2a: Ting-Lu|Vessel of Ruin
|-terastallize|p1a: Regieleki|Electric
|move|p1a: Regieleki|Thunder|p2a: Ting-Lu
|-immune|p2a: Ting-Lu
|
|-weather|RainDance|[upkeep]
|upkeep
|turn|9
|
|t:|1779687807
|switch|p1a: Azumarill|Azumarill, F|100/100
|move|p2a: Ting-Lu|Stealth Rock|p1a: Azumarill
|-sidestart|p1: thegreatestnone|move: Stealth Rock
|
|-weather|RainDance|[upkeep]
|upkeep
|turn|10
|
|t:|1779687816
|switch|p2a: Mandibuzz|Mandibuzz, F, shiny|100/100
|move|p1a: Azumarill|Belly Drum|p1a: Azumarill
|-damage|p1a: Azumarill|50/100
|-setboost|p1a: Azumarill|atk|6|[from] move: Belly Drum
|-enditem|p1a: Azumarill|Sitrus Berry|[eat]
|-heal|p1a: Azumarill|75/100|[from] item: Sitrus Berry
|
|-weather|none
|upkeep
|turn|11
|
|t:|1779687823
|move|p2a: Mandibuzz|Foul Play|p1a: Azumarill
|-resisted|p1a: Azumarill
|-crit|p1a: Azumarill
|-damage|p1a: Azumarill|0 fnt
|faint|p1a: Azumarill
|
|upkeep
|
|t:|1779687830
|switch|p1a: Crawdaunt|Crawdaunt, F|100/100
|-damage|p1a: Crawdaunt|88/100|[from] Stealth Rock
|turn|12
|
|t:|1779687833
|move|p2a: Mandibuzz|Toxic|p1a: Crawdaunt
|-status|p1a: Crawdaunt|tox
|move|p1a: Crawdaunt|Liquidation|p2a: Mandibuzz
|-damage|p2a: Mandibuzz|51/100
|-damage|p1a: Crawdaunt|71/100 tox|[from] item: Rocky Helmet|[of] p2a: Mandibuzz
|
|-damage|p1a: Crawdaunt|65/100 tox|[from] psn
|upkeep
|turn|13
|
|t:|1779687839
|move|p2a: Mandibuzz|Roost|p2a: Mandibuzz
|-heal|p2a: Mandibuzz|100/100
|-singleturn|p2a: Mandibuzz|move: Roost
|move|p1a: Crawdaunt|Liquidation|p2a: Mandibuzz
|-damage|p2a: Mandibuzz|43/100
|-damage|p1a: Crawdaunt|49/100 tox|[from] item: Rocky Helmet|[of] p2a: Mandibuzz
|
|-damage|p1a: Crawdaunt|37/100 tox|[from] psn
|upkeep
|turn|14
|
|t:|1779687846
|move|p2a: Mandibuzz|Roost|p2a: Mandibuzz
|-heal|p2a: Mandibuzz|93/100
|-singleturn|p2a: Mandibuzz|move: Roost
|move|p1a: Crawdaunt|Liquidation|p2a: Mandibuzz
|-damage|p2a: Mandibuzz|43/100
|-damage|p1a: Crawdaunt|20/100 tox|[from] item: Rocky Helmet|[of] p2a: Mandibuzz
|
|-damage|p1a: Crawdaunt|2/100 tox|[from] psn
|upkeep
|turn|15
|
|t:|1779687855
|move|p2a: Mandibuzz|Foul Play|p1a: Crawdaunt
|-resisted|p1a: Crawdaunt
|-damage|p1a: Crawdaunt|0 fnt
|faint|p1a: Crawdaunt
|
|upkeep
|
|t:|1779687858
|switch|p1a: Iron Valiant|Iron Valiant|100/100
|-damage|p1a: Iron Valiant|94/100|[from] Stealth Rock
|turn|16
|
|t:|1779687869
|move|p1a: Iron Valiant|Spirit Break|p2a: Mandibuzz
|-supereffective|p2a: Mandibuzz
|-damage|p2a: Mandibuzz|0 fnt
|-damage|p1a: Iron Valiant|78/100|[from] item: Rocky Helmet|[of] p2a: Mandibuzz
|faint|p2a: Mandibuzz
|
|upkeep
|
|t:|1779687875
|switch|p2a: Manaphy|Manaphy, tera:Poison|100/100
|turn|17
|
|t:|1779687879
|move|p1a: Iron Valiant|Spirit Break|p2a: Manaphy
|-resisted|p2a: Manaphy
|-damage|p2a: Manaphy|76/100
|-unboost|p2a: Manaphy|spa|1
|move|p2a: Manaphy|Alluring Voice|p1a: Iron Valiant
|-supereffective|p1a: Iron Valiant
|-damage|p1a: Iron Valiant|35/100
|
|-heal|p2a: Manaphy|82/100|[from] item: Leftovers
|upkeep
|turn|18
|
|t:|1779687888
|switch|p2a: Cinderace|Cinderace, M|55/100
|move|p1a: Iron Valiant|Spirit Break|p2a: Cinderace
|-resisted|p2a: Cinderace
|-damage|p2a: Cinderace|5/100
|-unboost|p2a: Cinderace|spa|1
|
|upkeep
|turn|19
|
|t:|1779687898
|-end|p1a: Iron Valiant|Quark Drive|[silent]
|switch|p1a: Politoed|Politoed, F|52/100
|-damage|p1a: Politoed|40/100|[from] Stealth Rock
|-weather|RainDance|[from] ability: Drizzle|[of] p1a: Politoed
|move|p2a: Cinderace|Pyro Ball|p1a: Politoed
|-resisted|p1a: Politoed
|-damage|p1a: Politoed|19/100
|
|-weather|RainDance|[upkeep]
|upkeep
|turn|20
|
|t:|1779687907
|move|p2a: Cinderace|Pyro Ball|p1a: Politoed
|-resisted|p1a: Politoed
|-damage|p1a: Politoed|0 fnt
|faint|p1a: Politoed
|
|-weather|RainDance|[upkeep]
|upkeep
|
|t:|1779687912
|switch|p1a: Regieleki|Regieleki, tera:Electric|100/100
|-damage|p1a: Regieleki|88/100|[from] Stealth Rock
|turn|21
|
|t:|1779687916
|switch|p1a: Iron Valiant|Iron Valiant|35/100
|-damage|p1a: Iron Valiant|29/100|[from] Stealth Rock
|switch|p2a: Ting-Lu|Ting-Lu|100/100
|-ability|p2a: Ting-Lu|Vessel of Ruin
|
|-weather|RainDance|[upkeep]
|upkeep
|turn|22
|
|t:|1779687926
|switch|p2a: Kyurem|Kyurem|92/100
|-ability|p2a: Kyurem|Pressure
|move|p1a: Iron Valiant|Close Combat|p2a: Kyurem
|-supereffective|p2a: Kyurem
|-damage|p2a: Kyurem|0 fnt
|-unboost|p1a: Iron Valiant|def|1
|-unboost|p1a: Iron Valiant|spd|1
|faint|p2a: Kyurem
|
|-weather|RainDance|[upkeep]
|upkeep
|
|t:|1779687933
|switch|p2a: Manaphy|Manaphy, tera:Poison|82/100
|turn|23
|
|t:|1779687938
|-end|p1a: Iron Valiant|Quark Drive|[silent]
|switch|p1a: Regieleki|Regieleki, tera:Electric|88/100
|-damage|p1a: Regieleki|76/100|[from] Stealth Rock
|move|p2a: Manaphy|Scald|p1a: Regieleki
|-damage|p1a: Regieleki|0 fnt
|faint|p1a: Regieleki
|
|-weather|RainDance|[upkeep]
|-heal|p2a: Manaphy|89/100|[from] item: Leftovers
|upkeep
|
|t:|1779687940
|switch|p1a: Iron Valiant|Iron Valiant|29/100
|-damage|p1a: Iron Valiant|23/100|[from] Stealth Rock
|turn|24
|
|t:|1779687946
|move|p1a: Iron Valiant|Liquidation|p2a: Manaphy
|-damage|p2a: Manaphy|31/100
|move|p2a: Manaphy|Scald|p1a: Iron Valiant
|-damage|p1a: Iron Valiant|0 fnt
|faint|p1a: Iron Valiant
|-end|p1a: Iron Valiant|Quark Drive|[silent]
|
|win|Roboute
|raw|thegreatestnone's rating: 1354 &rarr; <strong>1335</strong><br />(-19 for losing)
|raw|Roboute's rating: 1380 &rarr; <strong>1399</strong><br />(+19 for winning)
|l|☆thegreatestnone
|player|p1|
|l|‽Roboute
|player|p2|
