|j|☆lolcano46
|j|☆shuijiangui jingh
|t:|1779654838
|gametype|singles
|player|p1|lolcano46|fisherman-gen4|1602
|player|p2|shuijiangui jingh|policeman|1620
|gen|9
|tier|[Gen 9] OU
|rated|
|rule|HP Percentage Mod: HP is shown in percentages
|rule|Endless Battle Clause: Forcing endless battles is banned
|rule|Species Clause: Limit one of each Pokémon
|rule|OHKO Clause: OHKO moves are banned
|rule|Evasion Items Clause: Evasion items are banned
|rule|Evasion Moves Clause: Evasion moves are banned
|rule|Evasion Abilities Clause: Evasion abilities are banned
|rule|Sleep Moves Clause: Sleep-inducing moves are banned
|clearpoke
|poke|p1|Azelf|
|poke|p1|Ogerpon-Wellspring, F|
|poke|p1|Scizor, M|
|poke|p1|Gengar, M|
|poke|p1|Raging Bolt|
|poke|p1|Cinderace, M|
|poke|p2|Dragonite, F|
|poke|p2|Great Tusk|
|poke|p2|Kingambit, M|
|poke|p2|Ogerpon-Wellspring, F|
|poke|p2|Gholdengo|
|poke|p2|Glimmora, M|
|teampreview
|inactive|Battle timer is ON: inactive players will automatically lose when time's up. (requested by lolcano46)
|
|t:|1779654854
|teamsize|p1|6
|teamsize|p2|6
|start
|switch|p1a: Azelf|Azelf|100/100
|switch|p2a: Dragonite|Dragonite, F|100/100
|turn|1
|
|t:|1779654859
|move|p1a: Azelf|Dazzling Gleam|p2a: Dragonite
|-supereffective|p2a: Dragonite
|-damage|p2a: Dragonite|66/100
|move|p2a: Dragonite|Dragon Dance|p2a: Dragonite
|-boost|p2a: Dragonite|atk|1
|-boost|p2a: Dragonite|spe|1
|
|upkeep
|turn|2
|
|t:|1779654867
|-terastallize|p1a: Azelf|Fairy
|move|p2a: Dragonite|Scale Shot|p1a: Azelf
|-immune|p1a: Azelf
|move|p1a: Azelf|Dazzling Gleam|p2a: Dragonite
|-supereffective|p2a: Dragonite
|-damage|p2a: Dragonite|0 fnt
|faint|p2a: Dragonite
|
|upkeep
|
|t:|1779654884
|switch|p2a: Ogerpon|Ogerpon-Wellspring, F|100/100
|turn|3
|
|t:|1779654887
|move|p1a: Azelf|Psychic|p2a: Ogerpon
|-damage|p2a: Ogerpon|51/100
|move|p2a: Ogerpon|Swords Dance|p2a: Ogerpon
|-boost|p2a: Ogerpon|atk|2
|
|upkeep
|turn|4
|
|t:|1779654892
|move|p1a: Azelf|Thunderbolt|p2a: Ogerpon
|-damage|p2a: Ogerpon|17/100
|move|p2a: Ogerpon|Ivy Cudgel|p1a: Azelf|[anim] Ivy Cudgel Water
|-damage|p1a: Azelf|0 fnt
|faint|p1a: Azelf
|
|upkeep
|
|t:|1779654898
|switch|p1a: Gengar|Gengar, M|100/100
|turn|5
|
|t:|1779654907
|move|p1a: Gengar|Shadow Ball|p2a: Ogerpon
|-damage|p2a: Ogerpon|0 fnt
|faint|p2a: Ogerpon
|
|upkeep
|
|t:|1779654911
|switch|p2a: Kingambit|Kingambit, M, shiny|100/100
|-activate|p2a: Kingambit|ability: Supreme Overlord
|-start|p2a: Kingambit|fallen2|[silent]
|turn|6
|
|t:|1779654915
|switch|p1a: Cinderace|Cinderace, M|100/100
|move|p2a: Kingambit|Swords Dance|p2a: Kingambit
|-boost|p2a: Kingambit|atk|2
|
|upkeep
|turn|7
|
|t:|1779654922
|move|p2a: Kingambit|Sucker Punch||[still]
|-fail|p2a: Kingambit
|move|p1a: Cinderace|Will-O-Wisp|p2a: Kingambit
|-status|p2a: Kingambit|brn
|
|-damage|p2a: Kingambit|94/100 brn|[from] brn
|upkeep
|turn|8
|
|t:|1779654939
|-terastallize|p2a: Kingambit|Ghost
|move|p1a: Cinderace|Pyro Ball|p2a: Kingambit
|-damage|p2a: Kingambit|53/100 brn
|move|p2a: Kingambit|Swords Dance|p2a: Kingambit
|-boost|p2a: Kingambit|atk|2
|
|-heal|p2a: Kingambit|59/100 brn|[from] item: Leftovers
|-damage|p2a: Kingambit|53/100 brn|[from] brn
|upkeep
|turn|9
|
|t:|1779654944
|move|p1a: Cinderace|Sucker Punch|p2a: Kingambit
|-start|p1a: Cinderace|typechange|Dark|[from] ability: Libero
|-supereffective|p2a: Kingambit
|-damage|p2a: Kingambit|4/100 brn
|move|p2a: Kingambit|Kowtow Cleave|p1a: Cinderace
|-resisted|p1a: Cinderace
|-damage|p1a: Cinderace|37/100
|
|-heal|p2a: Kingambit|10/100 brn|[from] item: Leftovers
|-damage|p2a: Kingambit|4/100 brn|[from] brn
|upkeep
|turn|10
|
|t:|1779654949
|-end|p2a: Kingambit|fallen2|[silent]
|switch|p2a: Glimmora|Glimmora, M|100/100
|move|p1a: Cinderace|Sucker Punch||[still]
|-fail|p1a: Cinderace
|
|upkeep
|turn|11
|
|t:|1779654955
|move|p1a: Cinderace|Pyro Ball|p2a: Glimmora
|-resisted|p2a: Glimmora
|-damage|p2a: Glimmora|86/100
|-activate|p2a: Glimmora|ability: Toxic Debris
|-sidestart|p1: lolcano46|move: Toxic Spikes
|-enditem|p2a: Glimmora|Red Card|[of] p1a: Cinderace
|drag|p1a: Raging Bolt|Raging Bolt|100/100
|-status|p1a: Raging Bolt|psn
|-enditem|p1a: Raging Bolt|Booster Energy
|-activate|p1a: Raging Bolt|ability: Protosynthesis|[fromitem]
|-start|p1a: Raging Bolt|protosynthesisspa
|move|p2a: Glimmora|Stealth Rock|p1a: Raging Bolt
|-sidestart|p1: lolcano46|move: Stealth Rock
|
|-damage|p1a: Raging Bolt|88/100 psn|[from] psn
|upkeep
|turn|12
|
|t:|1779654961
|move|p1a: Raging Bolt|Thunderbolt|p2a: Glimmora
|-damage|p2a: Glimmora|13/100
|move|p2a: Glimmora|Mud Shot|p1a: Raging Bolt
|-supereffective|p1a: Raging Bolt
|-damage|p1a: Raging Bolt|60/100 psn
|-unboost|p1a: Raging Bolt|spe|1
|
|-damage|p1a: Raging Bolt|47/100 psn|[from] psn
|upkeep
|turn|13
|
|t:|1779654966
|move|p1a: Raging Bolt|Thunderclap||[still]
|-fail|p1a: Raging Bolt
|move|p2a: Glimmora|Spikes|p1a: Raging Bolt
|-sidestart|p1: lolcano46|Spikes
|
|-damage|p1a: Raging Bolt|35/100 psn|[from] psn
|upkeep
|turn|14
|
|t:|1779654971
|move|p2a: Glimmora|Mud Shot|p1a: Raging Bolt
|-supereffective|p1a: Raging Bolt
|-damage|p1a: Raging Bolt|4/100 psn
|-unboost|p1a: Raging Bolt|spe|1
|move|p1a: Raging Bolt|Dragon Pulse|p2a: Glimmora
|-damage|p2a: Glimmora|0 fnt
|faint|p2a: Glimmora
|
|-damage|p1a: Raging Bolt|0 fnt|[from] psn
|faint|p1a: Raging Bolt
|-end|p1a: Raging Bolt|Protosynthesis|[silent]
|upkeep
|
|t:|1779654982
|switch|p1a: Cinderace|Cinderace, M|37/100
|switch|p2a: Great Tusk|Great Tusk|100/100
|-enditem|p2a: Great Tusk|Booster Energy
|-activate|p2a: Great Tusk|ability: Protosynthesis|[fromitem]
|-start|p2a: Great Tusk|protosynthesisspe
|turn|15
|
|t:|1779654990
|move|p2a: Great Tusk|Headlong Rush|p1a: Cinderace
|-supereffective|p1a: Cinderace
|-damage|p1a: Cinderace|0 fnt
|-unboost|p2a: Great Tusk|def|1
|-unboost|p2a: Great Tusk|spd|1
|faint|p1a: Cinderace
|
|upkeep
|
|t:|1779654992
|switch|p1a: Ogerpon|Ogerpon-Wellspring, F|100/100
|-status|p1a: Ogerpon|psn
|-damage|p1a: Ogerpon|88/100 psn|[from] Stealth Rock
|-damage|p1a: Ogerpon|76/100 psn|[from] Spikes
|turn|16
|
|t:|1779654998
|-end|p2a: Great Tusk|Protosynthesis|[silent]
|switch|p2a: Kingambit|Kingambit, M, shiny, tera:Ghost|4/100 brn
|-activate|p2a: Kingambit|ability: Supreme Overlord
|-start|p2a: Kingambit|fallen3|[silent]
|move|p1a: Ogerpon|Ivy Cudgel|p2a: Kingambit|[anim] Ivy Cudgel Water
|-damage|p2a: Kingambit|0 fnt
|faint|p2a: Kingambit
|-end|p2a: Kingambit|fallen3|[silent]
|
|-damage|p1a: Ogerpon|64/100 psn|[from] psn
|upkeep
|
|t:|1779655000
|switch|p2a: Gholdengo|Gholdengo|100/100
|-item|p2a: Gholdengo|Air Balloon
|turn|17
|
|t:|1779655006
|move|p1a: Ogerpon|Ivy Cudgel|p2a: Gholdengo|[anim] Ivy Cudgel Water
|-damage|p2a: Gholdengo|61/100
|-enditem|p2a: Gholdengo|Air Balloon
|move|p2a: Gholdengo|Hex|p1a: Ogerpon
|-damage|p1a: Ogerpon|0 fnt
|faint|p1a: Ogerpon
|
|upkeep
|
|t:|1779655010
|switch|p1a: Gengar|Gengar, M|100/100
|-sideend|p1: lolcano46|move: Toxic Spikes|[of] p1a: Gengar
|-damage|p1a: Gengar|88/100|[from] Stealth Rock
|-damage|p1a: Gengar|76/100|[from] Spikes
|turn|18
|
|t:|1779655020
|switch|p2a: Great Tusk|Great Tusk|100/100
|move|p1a: Gengar|Shadow Ball|p2a: Great Tusk
|-damage|p2a: Great Tusk|50/100
|
|upkeep
|turn|19
|
|t:|1779655025
|move|p1a: Gengar|Shadow Ball|p2a: Great Tusk
|-damage|p2a: Great Tusk|0 fnt
|faint|p2a: Great Tusk
|-end|p2a: Great Tusk|Protosynthesis|[silent]
|
|upkeep
|
|t:|1779655027
|switch|p2a: Gholdengo|Gholdengo|61/100
|turn|20
|
|t:|1779655031
|move|p1a: Gengar|Shadow Ball|p2a: Gholdengo
|-supereffective|p2a: Gholdengo
|-damage|p2a: Gholdengo|0 fnt
|faint|p2a: Gholdengo
|
|win|lolcano46
|raw|lolcano46's rating: 1602 &rarr; <strong>1623</strong><br />(+21 for winning)
|raw|shuijiangui jingh's rating: 1620 &rarr; <strong>1599</strong><br />(-21 for losing)
|l|☆shuijiangui jingh
|player|p2|
