|j|☆Awesomeguy4465
|j|☆gabrielpixelmon
|t:|1779685797
|gametype|singles
|player|p1|Awesomeguy4465|169|1040
|player|p2|gabrielpixelmon|aaron|1089
|gen|9
|tier|[Gen 9] OU
|rated|
|rule|HP Percentage Mod: HP is shown in percentages
|rule|Endless Battle Clause: Forcing endless battles is banned
|rule|Species Clause: Limit one of each Pokémon
|rule|OHKO Clause: OHKO moves are banned
|rule|Evasion Items Clause: Evasion items are banned
|rule|Evasion Moves Clause: Evasion moves are banned
|rule|Evasion Abilities Clause: Evasion abilities are banned
|rule|Sleep Moves Clause: Sleep-inducing moves are banned
|clearpoke
|poke|p1|Tropius, F|
|poke|p1|Raging Bolt|
|poke|p1|Tyranitar, F|
|poke|p1|Deoxys-Speed|
|poke|p1|Iron Valiant|
|poke|p1|Heatran, M|
|poke|p2|Toxapex, M|
|poke|p2|Clodsire, M|
|poke|p2|Corviknight, F|
|poke|p2|Dondozo, M|
|poke|p2|Blissey, F|
|poke|p2|Great Tusk|
|teampreview
|
|t:|1779685804
|teamsize|p1|6
|teamsize|p2|6
|start
|switch|p1a: Heatran|Heatran, M|100/100
|switch|p2a: Clodsire|Clodsire, M|100/100
|-item|p1a: Heatran|Air Balloon
|turn|1
|
|t:|1779685822
|move|p1a: Heatran|Sunny Day|p1a: Heatran
|-weather|SunnyDay
|move|p2a: Clodsire|Toxic|p1a: Heatran
|-immune|p1a: Heatran
|
|-weather|SunnyDay|[upkeep]
|upkeep
|turn|2
|
|t:|1779685833
|move|p1a: Heatran|Earthquake|p2a: Clodsire
|-supereffective|p2a: Clodsire
|-damage|p2a: Clodsire|54/100
|move|p2a: Clodsire|Haze|p2a: Clodsire
|-clearallboost
|
|-weather|SunnyDay|[upkeep]
|-heal|p2a: Clodsire|60/100|[from] item: Black Sludge
|upkeep
|turn|3
|
|t:|1779685855
|switch|p2a: Dondozo|Dondozo, M|100/100
|move|p1a: Heatran|Earthquake|p2a: Dondozo
|-crit|p2a: Dondozo
|-damage|p2a: Dondozo|86/100
|
|-weather|SunnyDay|[upkeep]
|-heal|p2a: Dondozo|92/100|[from] item: Leftovers
|upkeep
|turn|4
|c|☆Awesomeguy4465|do you have a fucking soul
|c|☆Awesomeguy4465|like no way you woke up
|c|☆Awesomeguy4465|and said
|c|☆Awesomeguy4465|"hey lets use a stall team!!!! :DDDDD"
|c|☆Awesomeguy4465|Im a virgin dude
|c|☆Awesomeguy4465|and this makes me feel worse
|inactive|Battle timer is ON: inactive players will automatically lose when time's up. (requested by gabrielpixelmon)
|c|☆Awesomeguy4465|i hate my life
|
|t:|1779685905
|switch|p1a: Raging Bolt|Raging Bolt|100/100
|-activate|p1a: Raging Bolt|ability: Protosynthesis
|-start|p1a: Raging Bolt|protosynthesisspa
|move|p2a: Dondozo|Curse|p2a: Dondozo
|-unboost|p2a: Dondozo|spe|1
|-boost|p2a: Dondozo|atk|1
|-boost|p2a: Dondozo|def|1
|
|-weather|SunnyDay|[upkeep]
|-heal|p2a: Dondozo|98/100|[from] item: Leftovers
|upkeep
|turn|5
|
|t:|1779685924
|move|p1a: Raging Bolt|Thunder Wave|p2a: Dondozo
|-status|p2a: Dondozo|par
|move|p2a: Dondozo|Curse|p2a: Dondozo
|-unboost|p2a: Dondozo|spe|1
|-boost|p2a: Dondozo|atk|1
|-boost|p2a: Dondozo|def|1
|
|-weather|none
|-end|p1a: Raging Bolt|Protosynthesis
|-heal|p2a: Dondozo|100/100 par|[from] item: Leftovers
|upkeep
|-enditem|p1a: Raging Bolt|Booster Energy
|-activate|p1a: Raging Bolt|ability: Protosynthesis|[fromitem]
|-start|p1a: Raging Bolt|protosynthesisspa
|turn|6
|
|t:|1779685939
|move|p1a: Raging Bolt|Volt Switch|p2a: Dondozo
|-supereffective|p2a: Dondozo
|-damage|p2a: Dondozo|18/100 par
|
|t:|1779685943
|-end|p1a: Raging Bolt|Protosynthesis|[silent]
|switch|p1a: Deoxys|Deoxys-Speed|100/100|[from] Volt Switch
|-ability|p1a: Deoxys|Pressure
|cant|p2a: Dondozo|par
|
|-heal|p2a: Dondozo|25/100 par|[from] item: Leftovers
|upkeep
|turn|7
|
|t:|1779685955
|move|p1a: Deoxys|Psycho Boost|p2a: Dondozo
|-damage|p2a: Dondozo|0 fnt
|-unboost|p1a: Deoxys|spa|2
|faint|p2a: Dondozo
|
|upkeep
|c|☆Awesomeguy4465|i hate dondozo so much
|
|t:|1779685965
|switch|p2a: Corviknight|Corviknight, F|100/100
|-ability|p2a: Corviknight|Pressure
|turn|8
|c|☆Awesomeguy4465|have to many bad memories with him ykwim
|
|t:|1779685982
|switch|p1a: Heatran|Heatran, M|100/100
|-item|p1a: Heatran|Air Balloon
|move|p2a: Corviknight|Body Press|p1a: Heatran
|-supereffective|p1a: Heatran
|-damage|p1a: Heatran|57/100
|-enditem|p1a: Heatran|Air Balloon
|
|upkeep
|turn|9
|
|t:|1779685998
|move|p1a: Heatran|Sunny Day|p1a: Heatran
|-weather|SunnyDay
|move|p2a: Corviknight|Body Press|p1a: Heatran
|-supereffective|p1a: Heatran
|-damage|p1a: Heatran|19/100
|
|-weather|SunnyDay|[upkeep]
|upkeep
|turn|10
|
|t:|1779686007
|move|p1a: Heatran|Flamethrower|p2a: Corviknight
|-supereffective|p2a: Corviknight
|-damage|p2a: Corviknight|0 fnt
|faint|p2a: Corviknight
|
|-weather|SunnyDay|[upkeep]
|upkeep
|
|t:|1779686015
|switch|p2a: Toxapex|Toxapex, M|100/100
|turn|11
|
|t:|1779686022
|move|p1a: Heatran|Earthquake|p2a: Toxapex
|-supereffective|p2a: Toxapex
|-damage|p2a: Toxapex|76/100
|move|p2a: Toxapex|Surf|p1a: Heatran
|-supereffective|p1a: Heatran
|-damage|p1a: Heatran|8/100
|
|-weather|SunnyDay|[upkeep]
|-heal|p2a: Toxapex|82/100|[from] item: Black Sludge
|upkeep
|turn|12
|
|t:|1779686034
|switch|p1a: Tropius|Tropius, F|100/100
|move|p2a: Toxapex|Toxic Spikes|p1a: Tropius
|-sidestart|p1: Awesomeguy4465|move: Toxic Spikes
|
|-weather|SunnyDay|[upkeep]
|-damage|p1a: Tropius|88/100|[from] ability: Solar Power|[of] p1a: Tropius
|-heal|p2a: Toxapex|89/100|[from] item: Black Sludge
|upkeep
|turn|13
|
|t:|1779686050
|switch|p2a: Blissey|Blissey, F|100/100
|move|p1a: Tropius|Energy Ball|p2a: Blissey
|-damage|p2a: Blissey|82/100
|-unboost|p2a: Blissey|spd|1
|-damage|p1a: Tropius|78/100|[from] item: Life Orb
|
|-weather|none
|upkeep
|turn|14
|
|t:|1779686074
|switch|p1a: Heatran|Heatran, M|8/100
|move|p2a: Blissey|Stealth Rock|p1a: Heatran
|-sidestart|p1: Awesomeguy4465|move: Stealth Rock
|
|upkeep
|turn|15
|c|☆Awesomeguy4465|man
|
|t:|1779686088
|switch|p2a: Toxapex|Toxapex, M|100/100
|move|p1a: Heatran|Sunny Day|p1a: Heatran
|-weather|SunnyDay
|
|-weather|SunnyDay|[upkeep]
|upkeep
|turn|16
|c|☆Awesomeguy4465|i was finally feeling a bit happy aswell\
|
|t:|1779686100
|move|p1a: Heatran|Earthquake|p2a: Toxapex
|-supereffective|p2a: Toxapex
|-damage|p2a: Toxapex|76/100
|move|p2a: Toxapex|Surf|p1a: Heatran
|-supereffective|p1a: Heatran
|-damage|p1a: Heatran|0 fnt
|faint|p1a: Heatran
|
|-weather|SunnyDay|[upkeep]
|-heal|p2a: Toxapex|82/100|[from] item: Black Sludge
|upkeep
|
|t:|1779686115
|switch|p1a: Deoxys|Deoxys-Speed|100/100
|-status|p1a: Deoxys|psn
|-damage|p1a: Deoxys|88/100 psn|[from] Stealth Rock
|-ability|p1a: Deoxys|Pressure
|turn|17
|
|t:|1779686126
|switch|p2a: Great Tusk|Great Tusk|100/100
|-activate|p2a: Great Tusk|ability: Protosynthesis
|-start|p2a: Great Tusk|protosynthesisdef
|move|p1a: Deoxys|Psycho Boost|p2a: Great Tusk
|-supereffective|p2a: Great Tusk
|-damage|p2a: Great Tusk|0 fnt
|-unboost|p1a: Deoxys|spa|2
|faint|p2a: Great Tusk
|-end|p2a: Great Tusk|Protosynthesis|[silent]
|
|-weather|SunnyDay|[upkeep]
|-damage|p1a: Deoxys|76/100 psn|[from] psn
|upkeep
|c|☆Awesomeguy4465|k
|
|t:|1779686141
|switch|p2a: Clodsire|Clodsire, M|60/100
|turn|18
|
|t:|1779686146
|move|p1a: Deoxys|Psycho Boost|p2a: Clodsire
|-supereffective|p2a: Clodsire
|-damage|p2a: Clodsire|0 fnt
|-unboost|p1a: Deoxys|spa|2
|faint|p2a: Clodsire
|
|-weather|SunnyDay|[upkeep]
|-damage|p1a: Deoxys|63/100 psn|[from] psn
|upkeep
|c|☆Awesomeguy4465|mmmm
|c|☆Awesomeguy4465|god i feel this
|c|☆Awesomeguy4465|im so glad im fucking you rn
|
|t:|1779686157
|switch|p2a: Blissey|Blissey, F|82/100
|turn|19
|c|☆Awesomeguy4465|do you enjoy this
|c|☆Awesomeguy4465|are you having fun
|
|t:|1779686173
|switch|p1a: Tropius|Tropius, F|78/100
|-damage|p1a: Tropius|53/100|[from] Stealth Rock
|move|p2a: Blissey|Seismic Toss|p1a: Tropius
|-damage|p1a: Tropius|28/100
|
|-weather|none
|upkeep
|turn|20
|
|t:|1779686186
|move|p2a: Blissey|Soft-Boiled|p2a: Blissey
|-heal|p2a: Blissey|100/100
|move|p1a: Tropius|Energy Ball|p2a: Blissey
|-damage|p2a: Blissey|89/100
|-damage|p1a: Tropius|18/100|[from] item: Life Orb
|
|upkeep
|turn|21
|c|☆Awesomeguy4465|dude
|c|☆Awesomeguy4465|please man
|c|☆Awesomeguy4465|just give it up
|c|☆Awesomeguy4465|we both know ur ass
|c|☆Awesomeguy4465|and we both know that my team takes way more skill
|c|☆Awesomeguy4465|actually not really
|inactive|Awesomeguy4465 has 120 seconds left.
|c|☆Awesomeguy4465|in the grand scheme of things its lowk no skill
|c|☆Awesomeguy4465|but still bro
|c|☆Awesomeguy4465|your using stall
|c|☆Awesomeguy4465|and your sprite zesty asf
|
|t:|1779686234
|move|p2a: Blissey|Seismic Toss|p1a: Tropius
|-damage|p1a: Tropius|0 fnt
|faint|p1a: Tropius
|
|upkeep
|
|t:|1779686238
|switch|p1a: Iron Valiant|Iron Valiant|100/100
|-status|p1a: Iron Valiant|psn
|-damage|p1a: Iron Valiant|94/100 psn|[from] Stealth Rock
|-enditem|p1a: Iron Valiant|Booster Energy
|-activate|p1a: Iron Valiant|ability: Quark Drive|[fromitem]
|-start|p1a: Iron Valiant|quarkdrivespe
|turn|22
|c|☆Awesomeguy4465|please just let fate toy with you
|
|t:|1779686256
|switch|p2a: Toxapex|Toxapex, M|100/100
|move|p1a: Iron Valiant|Aura Sphere|p2a: Toxapex
|-resisted|p2a: Toxapex
|-damage|p2a: Toxapex|83/100
|
|-heal|p2a: Toxapex|89/100|[from] item: Black Sludge
|-damage|p1a: Iron Valiant|82/100 psn|[from] psn
|upkeep
|turn|23
|c|☆Awesomeguy4465|and then die a fool
|
|t:|1779686278
|-end|p1a: Iron Valiant|Quark Drive|[silent]
|switch|p1a: Raging Bolt|Raging Bolt|100/100
|-status|p1a: Raging Bolt|psn
|-damage|p1a: Raging Bolt|88/100 psn|[from] Stealth Rock
|move|p2a: Toxapex|Surf|p1a: Raging Bolt
|-resisted|p1a: Raging Bolt
|-crit|p1a: Raging Bolt
|-damage|p1a: Raging Bolt|75/100 psn
|
|-heal|p2a: Toxapex|95/100|[from] item: Black Sludge
|-damage|p1a: Raging Bolt|63/100 psn|[from] psn
|upkeep
|turn|24
|c|☆Awesomeguy4465|let fate toy with you boy
|c|☆Awesomeguy4465|you know i have thunder wave on this bih
|inactive|gabrielpixelmon has 120 seconds left.
|
|t:|1779686299
|switch|p2a: Blissey|Blissey, F|89/100
|move|p1a: Raging Bolt|Thunder Wave|p2a: Blissey
|-status|p2a: Blissey|par
|
|-damage|p1a: Raging Bolt|50/100 psn|[from] psn
|upkeep
|turn|25
|inactive|gabrielpixelmon has 120 seconds left.
|
|t:|1779686312
|move|p1a: Raging Bolt|Volt Switch|p2a: Blissey
|-damage|p2a: Blissey|77/100 par
|c|☆Awesomeguy4465|you know what moves i have buddy
|c|☆Awesomeguy4465|im so happy rn
|
|t:|1779686317
|-end|p1a: Raging Bolt|Protosynthesis|[silent]
|switch|p1a: Iron Valiant|Iron Valiant|82/100 psn|[from] Volt Switch
|-damage|p1a: Iron Valiant|76/100 psn|[from] Stealth Rock
|move|p2a: Blissey|Soft-Boiled|p2a: Blissey
|-heal|p2a: Blissey|100/100 par
|
|-damage|p1a: Iron Valiant|63/100 psn|[from] psn
|upkeep
|turn|26
|c|☆Awesomeguy4465|idegaf your being a bum
|inactive|gabrielpixelmon has 120 seconds left.
|inactive|Awesomeguy4465 has 90 seconds left.
|
|t:|1779686350
|-end|p1a: Iron Valiant|Quark Drive|[silent]
|switch|p1a: Tyranitar|Tyranitar, F|100/100
|-status|p1a: Tyranitar|psn
|-damage|p1a: Tyranitar|88/100 psn|[from] Stealth Rock
|-weather|Sandstorm|[from] ability: Sand Stream|[of] p1a: Tyranitar
|-curestatus|p2a: Blissey|par|[from] ability: Natural Cure|[silent]
|switch|p2a: Toxapex|Toxapex, M|100/100
|
|-weather|Sandstorm|[upkeep]
|-damage|p2a: Toxapex|94/100|[from] Sandstorm
|-heal|p2a: Toxapex|100/100|[from] item: Black Sludge
|-damage|p1a: Tyranitar|76/100 psn|[from] psn
|upkeep
|turn|27
|inactive|Awesomeguy4465 has 90 seconds left.
|inactive|gabrielpixelmon has 120 seconds left.
|inactive|Awesomeguy4465 has 60 seconds left.
|
|t:|1779686387
|-terastallize|p1a: Tyranitar|Dark
|move|p1a: Tyranitar|Dragon Dance|p1a: Tyranitar
|-boost|p1a: Tyranitar|atk|1
|-boost|p1a: Tyranitar|spe|1
|move|p2a: Toxapex|Recover||[still]
|-fail|p2a: Toxapex|heal
|
|-weather|Sandstorm|[upkeep]
|-damage|p1a: Tyranitar|70/100 psn|[from] Sandstorm
|-damage|p2a: Toxapex|94/100|[from] Sandstorm
|-heal|p2a: Toxapex|100/100|[from] item: Black Sludge
|-damage|p1a: Tyranitar|57/100 psn|[from] psn
|upkeep
|turn|28
|inactive|Awesomeguy4465 has 60 seconds left.
|
|t:|1779686399
|move|p1a: Tyranitar|Dragon Dance|p1a: Tyranitar
|-boost|p1a: Tyranitar|atk|1
|-boost|p1a: Tyranitar|spe|1
|move|p2a: Toxapex|Haze|p2a: Toxapex
|-clearallboost
|
|-weather|Sandstorm|[upkeep]
|-damage|p1a: Tyranitar|51/100 psn|[from] Sandstorm
|-damage|p2a: Toxapex|94/100|[from] Sandstorm
|-heal|p2a: Toxapex|100/100|[from] item: Black Sludge
|-damage|p1a: Tyranitar|39/100 psn|[from] psn
|upkeep
|turn|29
|inactive|Awesomeguy4465 has 60 seconds left.
|c|☆Awesomeguy4465|like wow bro
|c|☆Awesomeguy4465|like just wow
|
|t:|1779686415
|move|p1a: Tyranitar|Earthquake|p2a: Toxapex
|-supereffective|p2a: Toxapex
|-damage|p2a: Toxapex|50/100
|move|p2a: Toxapex|Recover|p2a: Toxapex
|-heal|p2a: Toxapex|100/100
|
|-weather|Sandstorm|[upkeep]
|-damage|p1a: Tyranitar|33/100 psn|[from] Sandstorm
|-damage|p2a: Toxapex|94/100|[from] Sandstorm
|-heal|p2a: Toxapex|100/100|[from] item: Black Sludge
|-damage|p1a: Tyranitar|20/100 psn|[from] psn
|upkeep
|turn|30
|c|☆Awesomeguy4465|im not even mad anymore
|c|☆Awesomeguy4465|im just like in aw
|c|☆Awesomeguy4465|that you enjoy this
|inactive|Awesomeguy4465 has 60 seconds left.
|c|☆Awesomeguy4465|im happy for you man
|
|t:|1779686431
|move|p1a: Tyranitar|Earthquake|p2a: Toxapex
|-supereffective|p2a: Toxapex
|-damage|p2a: Toxapex|54/100
|move|p2a: Toxapex|Surf|p1a: Tyranitar
|-damage|p1a: Tyranitar|3/100 psn
|
|-weather|none
|-heal|p2a: Toxapex|61/100|[from] item: Black Sludge
|-damage|p1a: Tyranitar|0 fnt|[from] psn
|faint|p1a: Tyranitar
|upkeep
|inactive|Awesomeguy4465 has 60 seconds left.
|c|☆Awesomeguy4465|like could i crit maybe>?>>>>>?>?>?>?>
|c|☆Awesomeguy4465|nah its fine
|c|☆Awesomeguy4465|didnt even wanna crit lol
|
|t:|1779686452
|switch|p1a: Deoxys|Deoxys-Speed|63/100 psn
|-damage|p1a: Deoxys|51/100 psn|[from] Stealth Rock
|-ability|p1a: Deoxys|Pressure
|turn|31
|c|☆Awesomeguy4465|like man
|c|☆Awesomeguy4465|idk
|
|t:|1779686465
|switch|p2a: Blissey|Blissey, F|100/100
|move|p1a: Deoxys|Psycho Boost|p2a: Blissey
|-crit|p2a: Blissey
|-damage|p2a: Blissey|49/100
|-unboost|p1a: Deoxys|spa|2
|
|-damage|p1a: Deoxys|38/100 psn|[from] psn
|upkeep
|turn|32
|c|☆Awesomeguy4465|whats the meaning of this lol
|
|t:|1779686478
|move|p1a: Deoxys|Psycho Boost|p2a: Blissey
|-damage|p2a: Blissey|34/100
|-unboost|p1a: Deoxys|spa|2
|move|p2a: Blissey|Soft-Boiled|p2a: Blissey
|-heal|p2a: Blissey|84/100
|
|-damage|p1a: Deoxys|26/100 psn|[from] psn
|upkeep
|turn|33
|c|☆Awesomeguy4465|like wow
|c|☆Awesomeguy4465|taht just did no damage
|c|☆Awesomeguy4465|holy
|
|t:|1779686490
|switch|p1a: Iron Valiant|Iron Valiant|63/100 psn
|-damage|p1a: Iron Valiant|57/100 psn|[from] Stealth Rock
|move|p2a: Blissey|Seismic Toss|p1a: Iron Valiant
|-damage|p1a: Iron Valiant|22/100 psn
|
|-damage|p1a: Iron Valiant|10/100 psn|[from] psn
|upkeep
|turn|34
|c|☆Awesomeguy4465|you are really gonna win this
|inactive|Awesomeguy4465 has 60 seconds left.
|c|☆Awesomeguy4465|can i cry if your okay with taht
|c|☆Awesomeguy4465|?
|inactive|Awesomeguy4465 has 30 seconds left.
|
|t:|1779686527
|move|p1a: Iron Valiant|Moonblast|p2a: Blissey
|-damage|p2a: Blissey|66/100
|-unboost|p2a: Blissey|spa|1
|move|p2a: Blissey|Soft-Boiled|p2a: Blissey
|-heal|p2a: Blissey|100/100
|
|-damage|p1a: Iron Valiant|0 fnt|[from] psn
|faint|p1a: Iron Valiant
|-end|p1a: Iron Valiant|Quark Drive|[silent]
|upkeep
|c|☆Awesomeguy4465|are
|c|☆Awesomeguy4465|you
|c|☆Awesomeguy4465|fucking me
|inactive|Awesomeguy4465 has 30 seconds left.
|c|☆Awesomeguy4465|?????
|c|☆Awesomeguy4465|you didnt switch
|c|☆Awesomeguy4465|oh myu god
|c|☆Awesomeguy4465|nvm bro
|c|☆Awesomeguy4465|ur a geniuys
|c|☆Awesomeguy4465|your fuccking me
|inactive|Awesomeguy4465 has 20 seconds left.
|c|☆Awesomeguy4465|you actually did that
|inactive|Awesomeguy4465 has 15 seconds left.
|c|☆Awesomeguy4465|god
|inactive|Awesomeguy4465 has 10 seconds left.
|c|☆Awesomeguy4465|i just have to respect the didication atp
|
|t:|1779686556
|switch|p1a: Raging Bolt|Raging Bolt|50/100 psn
|-damage|p1a: Raging Bolt|38/100 psn|[from] Stealth Rock
|turn|35
|inactive|Awesomeguy4465 has 20 seconds left this turn.
|inactive|Awesomeguy4465 has 15 seconds left.
|
|t:|1779686566
|move|p1a: Raging Bolt|Dragon Pulse|p2a: Blissey
|-damage|p2a: Blissey|87/100
|move|p2a: Blissey|Seismic Toss|p1a: Raging Bolt
|-damage|p1a: Raging Bolt|16/100 psn
|
|-damage|p1a: Raging Bolt|4/100 psn|[from] psn
|upkeep
|turn|36
|inactive|Awesomeguy4465 has 25 seconds left this turn.
|inactive|Awesomeguy4465 has 20 seconds left.
|c|☆Awesomeguy4465|ill finish this battle with pride
|
|t:|1779686577
|move|p1a: Raging Bolt|Dragon Pulse|p2a: Blissey
|-damage|p2a: Blissey|74/100
|move|p2a: Blissey|Seismic Toss|p1a: Raging Bolt
|-damage|p1a: Raging Bolt|0 fnt
|faint|p1a: Raging Bolt
|-end|p1a: Raging Bolt|Protosynthesis|[silent]
|
|upkeep
|inactive|Awesomeguy4465 has 25 seconds left this turn.
|c|☆Awesomeguy4465|just know
|inactive|Awesomeguy4465 has 20 seconds left.
|c|☆Awesomeguy4465|i mog the FUCK outta you
|
|t:|1779686587
|switch|p1a: Deoxys|Deoxys-Speed|26/100 psn
|-damage|p1a: Deoxys|13/100 psn|[from] Stealth Rock
|-ability|p1a: Deoxys|Pressure
|turn|37
|inactive|Awesomeguy4465 has 30 seconds left this turn.
|
|t:|1779686595
|move|p1a: Deoxys|Psycho Boost|p2a: Blissey
|-damage|p2a: Blissey|42/100
|-unboost|p1a: Deoxys|spa|2
|move|p2a: Blissey|Soft-Boiled|p2a: Blissey
|-heal|p2a: Blissey|92/100
|
|-damage|p1a: Deoxys|1/100 psn|[from] psn
|upkeep
|turn|38
|inactive|Awesomeguy4465 has 30 seconds left.
|inactive|gabrielpixelmon has 120 seconds left.
|c|☆Awesomeguy4465|dude
|c|☆Awesomeguy4465|just
|c|☆Awesomeguy4465|like
|c|☆Awesomeguy4465|wow
|c|☆Awesomeguy4465|i feel like im in heaven rn
|inactive|Awesomeguy4465 has 20 seconds left.
|inactive|Awesomeguy4465 has 15 seconds left.
|c|☆Awesomeguy4465|with how much endorphines have flodded and left my body
|inactive|Awesomeguy4465 has 10 seconds left.
|c|☆Awesomeguy4465|alright
|c|☆Awesomeguy4465|well
|c|☆Awesomeguy4465|atleast i had a good run
|inactive|Awesomeguy4465 has 5 seconds left.
|
|t:|1779686626
|move|p1a: Deoxys|Psycho Boost|p2a: Blissey
|-damage|p2a: Blissey|76/100
|-unboost|p1a: Deoxys|spa|2
|move|p2a: Blissey|Seismic Toss|p1a: Deoxys
|-damage|p1a: Deoxys|0 fnt
|faint|p1a: Deoxys
|
|win|gabrielpixelmon
