|j|☆sdkid
|j|☆ju2508
|t:|1779651667
|gametype|singles
|player|p1|sdkid|burglar|1123
|player|p2|ju2508|169|1091
|gen|9
|tier|[Gen 9] OU
|rated|
|rule|HP Percentage Mod: HP is shown in percentages
|rule|Endless Battle Clause: Forcing endless battles is banned
|rule|Species Clause: Limit one of each Pokémon
|rule|OHKO Clause: OHKO moves are banned
|rule|Evasion Items Clause: Evasion items are banned
|rule|Evasion Moves Clause: Evasion moves are banned
|rule|Evasion Abilities Clause: Evasion abilities are banned
|rule|Sleep Moves Clause: Sleep-inducing moves are banned
|clearpoke
|poke|p1|Gholdengo|
|poke|p1|Ting-Lu|
|poke|p1|Dragonite, F|
|poke|p1|Ogerpon-Wellspring, F|
|poke|p1|Kingambit, F|
|poke|p1|Iron Moth|
|poke|p2|Feraligatr, M|
|poke|p2|Donphan, M|
|poke|p2|Sylveon, M|
|poke|p2|Magneton|
|poke|p2|Serperior, F|
|poke|p2|Flamigo, F|
|teampreview
|inactive|Battle timer is ON: inactive players will automatically lose when time's up. (requested by sdkid)
|inactive|sdkid has 120 seconds left.
|
|t:|1779651698
|teamsize|p1|6
|teamsize|p2|6
|start
|switch|p1a: Gholdengo|Gholdengo|100/100
|switch|p2a: Flamigo|Flamigo, F|100/100
|turn|1
|inactive|sdkid has 120 seconds left.
|
|t:|1779651730
|switch|p1a: Dragonite|Dragonite, F|100/100
|move|p2a: Flamigo|U-turn|p1a: Dragonite
|-resisted|p1a: Dragonite
|-damage|p1a: Dragonite|95/100
|
|t:|1779651745
|switch|p2a: Sylveon|Sylveon, M|100/100|[from] U-turn
|
|upkeep
|turn|2
|
|t:|1779651758
|switch|p1a: Gholdengo|Gholdengo|100/100
|move|p2a: Sylveon|Hyper Voice|p1a: Gholdengo
|-resisted|p1a: Gholdengo
|-damage|p1a: Gholdengo|76/100
|
|upkeep
|turn|3
|
|t:|1779651772
|move|p1a: Gholdengo|Shadow Ball|p2a: Sylveon
|-damage|p2a: Sylveon|77/100
|move|p2a: Sylveon|Calm Mind|p2a: Sylveon
|-boost|p2a: Sylveon|spa|1
|-boost|p2a: Sylveon|spd|1
|
|-heal|p2a: Sylveon|83/100|[from] item: Leftovers
|upkeep
|turn|4
|
|t:|1779651782
|switch|p1a: Iron Moth|Iron Moth|100/100
|-enditem|p1a: Iron Moth|Booster Energy
|-activate|p1a: Iron Moth|ability: Quark Drive|[fromitem]
|-start|p1a: Iron Moth|quarkdrivespe
|move|p2a: Sylveon|Hyper Voice|p1a: Iron Moth
|-resisted|p1a: Iron Moth
|-damage|p1a: Iron Moth|86/100
|
|-heal|p2a: Sylveon|89/100|[from] item: Leftovers
|upkeep
|turn|5
|
|t:|1779651795
|switch|p2a: Feraligatr|Feraligatr, M|100/100
|move|p1a: Iron Moth|Fiery Dance|p2a: Feraligatr
|-resisted|p2a: Feraligatr
|-damage|p2a: Feraligatr|73/100
|
|upkeep
|turn|6
|
|t:|1779651808
|move|p1a: Iron Moth|Energy Ball|p2a: Feraligatr
|-supereffective|p2a: Feraligatr
|-damage|p2a: Feraligatr|1/100
|move|p2a: Feraligatr|Liquidation|p1a: Iron Moth
|-supereffective|p1a: Iron Moth
|-damage|p1a: Iron Moth|0 fnt
|faint|p1a: Iron Moth
|-end|p1a: Iron Moth|Quark Drive|[silent]
|
|upkeep
|
|t:|1779651817
|switch|p1a: Ogerpon|Ogerpon-Wellspring, F|100/100
|turn|7
|
|t:|1779651828
|move|p1a: Ogerpon|Ivy Cudgel|p2a: Feraligatr|[anim] Ivy Cudgel Water
|-resisted|p2a: Feraligatr
|-damage|p2a: Feraligatr|0 fnt
|faint|p2a: Feraligatr
|
|upkeep
|
|t:|1779651834
|switch|p2a: Serperior|Serperior, F|100/100
|turn|8
|
|t:|1779651841
|move|p2a: Serperior|Glare|p1a: Ogerpon
|-status|p1a: Ogerpon|par
|cant|p1a: Ogerpon|par
|
|upkeep
|turn|9
|
|t:|1779651851
|move|p2a: Serperior|Leaf Storm|p1a: Ogerpon|[miss]
|-miss|p2a: Serperior|p1a: Ogerpon
|cant|p1a: Ogerpon|par
|
|upkeep
|turn|10
|
|t:|1779651857
|move|p2a: Serperior|Leaf Storm|p1a: Ogerpon
|-damage|p1a: Ogerpon|44/100 par
|-boost|p2a: Serperior|spa|2
|cant|p1a: Ogerpon|par
|
|upkeep
|turn|11
|
|t:|1779651864
|move|p2a: Serperior|Leaf Storm|p1a: Ogerpon
|-damage|p1a: Ogerpon|0 fnt
|-boost|p2a: Serperior|spa|2
|faint|p1a: Ogerpon
|
|upkeep
|
|t:|1779651884
|switch|p1a: Kingambit|Kingambit, F|100/100
|-activate|p1a: Kingambit|ability: Supreme Overlord
|-start|p1a: Kingambit|fallen2|[silent]
|turn|12
|
|t:|1779651889
|move|p2a: Serperior|Glare|p1a: Kingambit
|-status|p1a: Kingambit|par
|move|p1a: Kingambit|Kowtow Cleave|p2a: Serperior
|-damage|p2a: Serperior|13/100
|
|upkeep
|turn|13
|
|t:|1779651897
|move|p1a: Kingambit|Sucker Punch|p2a: Serperior
|-damage|p2a: Serperior|0 fnt
|faint|p2a: Serperior
|
|upkeep
|
|t:|1779651902
|switch|p2a: Magneton|Magneton|100/100
|turn|14
|
|t:|1779651920
|move|p2a: Magneton|Thunderbolt|p1a: Kingambit
|-damage|p1a: Kingambit|49/100 par
|move|p1a: Kingambit|Low Kick|p2a: Magneton
|-supereffective|p2a: Magneton
|-damage|p2a: Magneton|41/100
|
|upkeep
|turn|15
|
|t:|1779651927
|move|p1a: Kingambit|Sucker Punch|p2a: Magneton
|-damage|p2a: Magneton|0 fnt
|faint|p2a: Magneton
|
|upkeep
|
|t:|1779651933
|switch|p2a: Donphan|Donphan, M|100/100
|turn|16
|
|t:|1779651941
|-end|p1a: Kingambit|fallen2|[silent]
|switch|p1a: Ting-Lu|Ting-Lu|100/100
|-ability|p1a: Ting-Lu|Vessel of Ruin
|move|p2a: Donphan|Stealth Rock|p1a: Ting-Lu
|-sidestart|p1: sdkid|move: Stealth Rock
|
|upkeep
|turn|17
|
|t:|1779651947
|move|p2a: Donphan|Knock Off|p1a: Ting-Lu
|-resisted|p1a: Ting-Lu
|-damage|p1a: Ting-Lu|93/100
|-damage|p2a: Donphan|84/100|[from] item: Rocky Helmet|[of] p1a: Ting-Lu
|-enditem|p1a: Ting-Lu|Rocky Helmet|[from] move: Knock Off|[of] p2a: Donphan
|move|p1a: Ting-Lu|Stealth Rock|p2a: Donphan
|-sidestart|p2: ju2508|move: Stealth Rock
|
|-heal|p2a: Donphan|90/100|[from] item: Leftovers
|upkeep
|turn|18
|
|t:|1779651958
|move|p2a: Donphan|Rapid Spin|p1a: Ting-Lu
|-damage|p1a: Ting-Lu|85/100
|-boost|p2a: Donphan|spe|1
|-sideend|p2: ju2508|Stealth Rock|[from] move: Rapid Spin|[of] p2a: Donphan
|move|p1a: Ting-Lu|Ruination|p2a: Donphan
|-damage|p2a: Donphan|45/100
|
|-heal|p2a: Donphan|52/100|[from] item: Leftovers
|upkeep
|turn|19
|
|t:|1779651969
|move|p2a: Donphan|Bulldoze|p1a: Ting-Lu
|-damage|p1a: Ting-Lu|72/100
|-unboost|p1a: Ting-Lu|spe|1
|move|p1a: Ting-Lu|Stealth Rock|p2a: Donphan
|-sidestart|p2: ju2508|move: Stealth Rock
|
|-heal|p2a: Donphan|58/100|[from] item: Leftovers
|upkeep
|turn|20
|
|t:|1779651978
|move|p2a: Donphan|Rapid Spin|p1a: Ting-Lu
|-damage|p1a: Ting-Lu|64/100
|-boost|p2a: Donphan|spe|1
|-sideend|p2: ju2508|Stealth Rock|[from] move: Rapid Spin|[of] p2a: Donphan
|move|p1a: Ting-Lu|Earthquake|p2a: Donphan
|-damage|p2a: Donphan|36/100
|
|-heal|p2a: Donphan|43/100|[from] item: Leftovers
|upkeep
|turn|21
|
|t:|1779651989
|switch|p2a: Flamigo|Flamigo, F|100/100
|move|p1a: Ting-Lu|Stealth Rock|p2a: Flamigo
|-sidestart|p2: ju2508|move: Stealth Rock
|
|upkeep
|turn|22
|
|t:|1779652002
|switch|p1a: Kingambit|Kingambit, F|49/100 par
|-damage|p1a: Kingambit|43/100 par|[from] Stealth Rock
|-activate|p1a: Kingambit|ability: Supreme Overlord
|-start|p1a: Kingambit|fallen2|[silent]
|move|p2a: Flamigo|Close Combat|p1a: Kingambit
|-supereffective|p1a: Kingambit
|-damage|p1a: Kingambit|0 fnt
|-unboost|p2a: Flamigo|def|1
|-unboost|p2a: Flamigo|spd|1
|faint|p1a: Kingambit
|-end|p1a: Kingambit|fallen2|[silent]
|
|upkeep
|
|t:|1779652005
|switch|p1a: Dragonite|Dragonite, F|95/100
|turn|23
|
|t:|1779652029
|switch|p2a: Donphan|Donphan, M|43/100
|-damage|p2a: Donphan|36/100|[from] Stealth Rock
|move|p1a: Dragonite|Extreme Speed|p2a: Donphan
|-damage|p2a: Donphan|20/100
|
|-heal|p2a: Donphan|26/100|[from] item: Leftovers
|upkeep
|turn|24
|
|t:|1779652046
|move|p1a: Dragonite|Dragon Dance|p1a: Dragonite
|-boost|p1a: Dragonite|atk|1
|-boost|p1a: Dragonite|spe|1
|move|p2a: Donphan|Knock Off|p1a: Dragonite
|-damage|p1a: Dragonite|71/100
|-enditem|p1a: Dragonite|Heavy-Duty Boots|[from] move: Knock Off|[of] p2a: Donphan
|
|-heal|p2a: Donphan|33/100|[from] item: Leftovers
|upkeep
|turn|25
|
|t:|1779652056
|move|p1a: Dragonite|Dragon Dance|p1a: Dragonite
|-boost|p1a: Dragonite|atk|1
|-boost|p1a: Dragonite|spe|1
|move|p2a: Donphan|Rapid Spin|p1a: Dragonite
|-damage|p1a: Dragonite|58/100
|-boost|p2a: Donphan|spe|1
|-sideend|p2: ju2508|Stealth Rock|[from] move: Rapid Spin|[of] p2a: Donphan
|
|-heal|p2a: Donphan|39/100|[from] item: Leftovers
|upkeep
|turn|26
|
|t:|1779652072
|move|p1a: Dragonite|Dragon Dance|p1a: Dragonite
|-boost|p1a: Dragonite|atk|1
|-boost|p1a: Dragonite|spe|1
|move|p2a: Donphan|Knock Off|p1a: Dragonite
|-damage|p1a: Dragonite|40/100
|
|-heal|p2a: Donphan|45/100|[from] item: Leftovers
|upkeep
|turn|27
|
|t:|1779652080
|move|p1a: Dragonite|Roost|p1a: Dragonite
|-heal|p1a: Dragonite|90/100
|-singleturn|p1a: Dragonite|move: Roost
|move|p2a: Donphan|Knock Off|p1a: Dragonite
|-damage|p1a: Dragonite|71/100
|
|-heal|p2a: Donphan|51/100|[from] item: Leftovers
|upkeep
|turn|28
|
|t:|1779652094
|move|p1a: Dragonite|Dragon Dance|p1a: Dragonite
|-boost|p1a: Dragonite|atk|1
|-boost|p1a: Dragonite|spe|1
|move|p2a: Donphan|Knock Off|p1a: Dragonite
|-damage|p1a: Dragonite|55/100
|
|-heal|p2a: Donphan|58/100|[from] item: Leftovers
|upkeep
|turn|29
|
|t:|1779652105
|move|p1a: Dragonite|Roost|p1a: Dragonite
|-heal|p1a: Dragonite|100/100
|-singleturn|p1a: Dragonite|move: Roost
|move|p2a: Donphan|Bulldoze|p1a: Dragonite
|-damage|p1a: Dragonite|88/100
|-unboost|p1a: Dragonite|spe|1
|
|-heal|p2a: Donphan|64/100|[from] item: Leftovers
|upkeep
|turn|30
|
|t:|1779652116
|-terastallize|p1a: Dragonite|Normal
|move|p1a: Dragonite|Extreme Speed|p2a: Donphan
|-damage|p2a: Donphan|0 fnt
|faint|p2a: Donphan
|
|upkeep
|-message|ju2508 forfeited.
|
|win|sdkid
|raw|sdkid's rating: 1123 &rarr; <strong>1146</strong><br />(+23 for winning)
|raw|ju2508's rating: 1091 &rarr; <strong>1070</strong><br />(-21 for losing)
|l|☆ju2508
|player|p2|
