|j|‽aaagislash
|j|☆catcat77
|t:|1779699638
|gametype|singles
|player|p1|aaagislash|1|1479
|player|p2|catcat77|caitlin-masters|1518
|gen|9
|tier|[Gen 9] OU
|rated|
|rule|HP Percentage Mod: HP is shown in percentages
|rule|Endless Battle Clause: Forcing endless battles is banned
|rule|Species Clause: Limit one of each Pokémon
|rule|OHKO Clause: OHKO moves are banned
|rule|Evasion Items Clause: Evasion items are banned
|rule|Evasion Moves Clause: Evasion moves are banned
|rule|Evasion Abilities Clause: Evasion abilities are banned
|rule|Sleep Moves Clause: Sleep-inducing moves are banned
|clearpoke
|poke|p1|Kommo-o, F|
|poke|p1|Enamorus, F|
|poke|p1|Iron Valiant|
|poke|p1|Meowscarada, F|
|poke|p1|Scizor, F|
|poke|p1|Great Tusk|
|poke|p2|Ogerpon-Wellspring, F|
|poke|p2|Kingambit, M|
|poke|p2|Great Tusk|
|poke|p2|Raging Bolt|
|poke|p2|Iron Crown|
|poke|p2|Zamazenta-*|
|teampreview
|
|t:|1779699665
|teamsize|p1|6
|teamsize|p2|6
|start
|switch|p1a: Meowscarada|Meowscarada, F|100/100
|switch|p2a: Iron Crown|Iron Crown|100/100
|turn|1
|
|t:|1779699689
|-end|p2a: Iron Crown|Quark Drive|[silent]
|switch|p2a: Zamazenta|Zamazenta|100/100
|-ability|p2a: Zamazenta|Dauntless Shield|boost
|-boost|p2a: Zamazenta|def|1
|move|p1a: Meowscarada|Spikes|p2a: Zamazenta
|-sidestart|p2: catcat77|Spikes
|
|upkeep
|turn|2
|
|t:|1779699696
|-terastallize|p1a: Meowscarada|Ghost
|move|p1a: Meowscarada|Flower Trick|p2a: Zamazenta
|-crit|p2a: Zamazenta
|-damage|p2a: Zamazenta|72/100
|move|p2a: Zamazenta|Body Press|p1a: Meowscarada
|-immune|p1a: Meowscarada
|
|upkeep
|turn|3
|
|t:|1779699715
|switch|p1a: Enamorus|Enamorus, F|100/100
|move|p2a: Zamazenta|Crunch|p1a: Enamorus
|-resisted|p1a: Enamorus
|-damage|p1a: Enamorus|88/100
|
|upkeep
|turn|4
|
|t:|1779699736
|move|p1a: Enamorus|Moonblast|p2a: Zamazenta
|-supereffective|p2a: Zamazenta
|-damage|p2a: Zamazenta|0 fnt
|faint|p2a: Zamazenta
|
|upkeep
|
|t:|1779699748
|switch|p2a: Iron Crown|Iron Crown|100/100
|-damage|p2a: Iron Crown|88/100|[from] Spikes
|turn|5
|
|t:|1779699767
|switch|p1a: Scizor|Scizor, F|100/100
|move|p2a: Iron Crown|Volt Switch|p1a: Scizor
|-damage|p1a: Scizor|41/100
|
|t:|1779699782
|-end|p2a: Iron Crown|Quark Drive|[silent]
|switch|p2a: Great Tusk|Great Tusk|100/100|[from] Volt Switch
|-damage|p2a: Great Tusk|88/100|[from] Spikes
|
|-heal|p1a: Scizor|47/100|[from] item: Leftovers
|upkeep
|turn|6
|
|t:|1779699790
|switch|p1a: Meowscarada|Meowscarada, F, tera:Ghost|100/100
|move|p2a: Great Tusk|Headlong Rush|p1a: Meowscarada
|-damage|p1a: Meowscarada|4/100
|-unboost|p2a: Great Tusk|def|1
|-unboost|p2a: Great Tusk|spd|1
|-enditem|p1a: Meowscarada|Liechi Berry|[eat]
|-boost|p1a: Meowscarada|atk|1|[from] item: Liechi Berry
|
|upkeep
|turn|7
|
|t:|1779699808
|-end|p2a: Great Tusk|Protosynthesis|[silent]
|switch|p2a: Kingambit|Kingambit, M|100/100
|-damage|p2a: Kingambit|88/100|[from] Spikes
|move|p1a: Meowscarada|Flower Trick|p2a: Kingambit
|-resisted|p2a: Kingambit
|-crit|p2a: Kingambit
|-damage|p2a: Kingambit|49/100
|
|upkeep
|turn|8
|
|t:|1779699817
|move|p1a: Meowscarada|Sucker Punch|p2a: Kingambit
|-resisted|p2a: Kingambit
|-damage|p2a: Kingambit|31/100
|move|p2a: Kingambit|Sucker Punch||[still]
|-fail|p2a: Kingambit
|
|upkeep
|turn|9
|
|t:|1779699834
|switch|p1a: Kommo-o|Kommo-o, F|100/100
|move|p2a: Kingambit|Sucker Punch||[still]
|-fail|p2a: Kingambit
|
|upkeep
|turn|10
|
|t:|1779699838
|move|p1a: Kommo-o|Dragon Dance|p1a: Kommo-o
|-boost|p1a: Kommo-o|atk|1
|-boost|p1a: Kommo-o|spe|1
|move|p2a: Kingambit|Iron Head|p1a: Kommo-o
|-damage|p1a: Kommo-o|58/100
|
|upkeep
|turn|11
|
|t:|1779699842
|move|p2a: Kingambit|Sucker Punch|p1a: Kommo-o
|-resisted|p1a: Kommo-o
|-damage|p1a: Kommo-o|39/100
|move|p1a: Kommo-o|Close Combat|p2a: Kingambit
|-supereffective|p2a: Kingambit
|-damage|p2a: Kingambit|0 fnt
|-unboost|p1a: Kommo-o|def|1
|-unboost|p1a: Kommo-o|spd|1
|faint|p2a: Kingambit
|-damage|p1a: Kommo-o|29/100|[from] item: Life Orb
|
|upkeep
|
|t:|1779699872
|switch|p2a: Iron Crown|Iron Crown|88/100
|-damage|p2a: Iron Crown|76/100|[from] Spikes
|turn|12
|
|t:|1779699881
|move|p1a: Kommo-o|Stealth Rock|p2a: Iron Crown
|-sidestart|p2: catcat77|move: Stealth Rock
|move|p2a: Iron Crown|Tachyon Cutter|p1a: Kommo-o
|-damage|p1a: Kommo-o|0 fnt
|faint|p1a: Kommo-o
|-hitcount|p1: Kommo-o|1
|
|upkeep
|
|t:|1779699911
|switch|p1a: Scizor|Scizor, F|47/100
|turn|13
|
|t:|1779699921
|move|p1a: Scizor|Bullet Punch|p2a: Iron Crown
|-resisted|p2a: Iron Crown
|-damage|p2a: Iron Crown|58/100
|move|p2a: Iron Crown|Tachyon Cutter|p1a: Scizor
|-resisted|p1a: Scizor
|-damage|p1a: Scizor|17/100
|-resisted|p1a: Scizor
|-damage|p1a: Scizor|0 fnt
|faint|p1a: Scizor
|-hitcount|p1: Scizor|2
|
|upkeep
|
|t:|1779699926
|switch|p1a: Meowscarada|Meowscarada, F, tera:Ghost|4/100
|turn|14
|
|t:|1779699947
|move|p1a: Meowscarada|Endure|p1a: Meowscarada
|-singleturn|p1a: Meowscarada|move: Endure
|move|p2a: Iron Crown|Tachyon Cutter|p1a: Meowscarada
|-activate|p1a: Meowscarada|move: Endure
|-damage|p1a: Meowscarada|1/100
|-activate|p1a: Meowscarada|move: Endure
|-damage|p1a: Meowscarada|1/100
|-hitcount|p1a: Meowscarada|2
|
|upkeep
|turn|15
|
|t:|1779699950
|-end|p2a: Iron Crown|Quark Drive|[silent]
|switch|p2a: Great Tusk|Great Tusk|88/100
|-damage|p2a: Great Tusk|76/100|[from] Spikes
|-damage|p2a: Great Tusk|73/100|[from] Stealth Rock
|move|p1a: Meowscarada|Sucker Punch||[still]
|-fail|p1a: Meowscarada
|
|upkeep
|turn|16
|
|t:|1779699956
|move|p1a: Meowscarada|Flower Trick|p2a: Great Tusk
|-supereffective|p2a: Great Tusk
|-crit|p2a: Great Tusk
|-damage|p2a: Great Tusk|0 fnt
|faint|p2a: Great Tusk
|-end|p2a: Great Tusk|Protosynthesis|[silent]
|
|upkeep
|
|t:|1779699958
|switch|p2a: Raging Bolt|Raging Bolt|100/100
|-damage|p2a: Raging Bolt|88/100|[from] Spikes
|-damage|p2a: Raging Bolt|76/100|[from] Stealth Rock
|turn|17
|
|t:|1779699962
|switch|p1a: Enamorus|Enamorus, F|88/100
|move|p2a: Raging Bolt|Thunderclap||[still]
|-fail|p2a: Raging Bolt
|
|-heal|p2a: Raging Bolt|82/100|[from] item: Leftovers
|upkeep
|turn|18
|
|t:|1779699974
|move|p2a: Raging Bolt|Thunderclap|p1a: Enamorus
|-supereffective|p1a: Enamorus
|-damage|p1a: Enamorus|0 fnt
|faint|p1a: Enamorus
|
|-heal|p2a: Raging Bolt|88/100|[from] item: Leftovers
|upkeep
|
|t:|1779699980
|switch|p1a: Great Tusk|Great Tusk|100/100
|-enditem|p1a: Great Tusk|Booster Energy
|-activate|p1a: Great Tusk|ability: Protosynthesis|[fromitem]
|-start|p1a: Great Tusk|protosynthesisatk
|turn|19
|
|t:|1779699986
|move|p1a: Great Tusk|Rapid Spin|p2a: Raging Bolt
|-damage|p2a: Raging Bolt|68/100
|-boost|p1a: Great Tusk|spe|1
|move|p2a: Raging Bolt|Draco Meteor|p1a: Great Tusk
|-damage|p1a: Great Tusk|0 fnt
|-unboost|p2a: Raging Bolt|spa|2
|faint|p1a: Great Tusk
|-end|p1a: Great Tusk|Protosynthesis|[silent]
|
|-heal|p2a: Raging Bolt|74/100|[from] item: Leftovers
|upkeep
|
|t:|1779699989
|switch|p1a: Iron Valiant|Iron Valiant|100/100
|-enditem|p1a: Iron Valiant|Booster Energy
|-activate|p1a: Iron Valiant|ability: Quark Drive|[fromitem]
|-start|p1a: Iron Valiant|quarkdrivespe
|turn|20
|
|t:|1779700005
|-end|p2a: Raging Bolt|Protosynthesis|[silent]
|switch|p2a: Iron Crown|Iron Crown|58/100
|-damage|p2a: Iron Crown|46/100|[from] Spikes
|-damage|p2a: Iron Crown|40/100|[from] Stealth Rock
|move|p1a: Iron Valiant|Spirit Break|p2a: Iron Crown
|-resisted|p2a: Iron Crown
|-damage|p2a: Iron Crown|18/100
|-unboost|p2a: Iron Crown|spa|1
|
|upkeep
|turn|21
|
|t:|1779700010
|move|p1a: Iron Valiant|Knock Off|p2a: Iron Crown
|-supereffective|p2a: Iron Crown
|-damage|p2a: Iron Crown|0 fnt
|-enditem|p2a: Iron Crown|Choice Specs|[from] move: Knock Off|[of] p1a: Iron Valiant
|faint|p2a: Iron Crown
|-end|p2a: Iron Crown|Quark Drive|[silent]
|
|upkeep
|
|t:|1779700015
|switch|p2a: Ogerpon|Ogerpon-Wellspring, F|100/100
|-damage|p2a: Ogerpon|88/100|[from] Spikes
|-damage|p2a: Ogerpon|76/100|[from] Stealth Rock
|turn|22
|
|t:|1779700024
|-terastallize|p2a: Ogerpon|Water
|detailschange|p2a: Ogerpon|Ogerpon-Wellspring-Tera, F, tera:Water
|-ability|p2a: Ogerpon|Embody Aspect (Wellspring)|boost
|-boost|p2a: Ogerpon|spd|1
|move|p1a: Iron Valiant|Close Combat|p2a: Ogerpon
|-damage|p2a: Ogerpon|0 fnt
|-unboost|p1a: Iron Valiant|def|1
|-unboost|p1a: Iron Valiant|spd|1
|faint|p2a: Ogerpon
|detailschange|p2: Ogerpon|Ogerpon-Wellspring, F|[silent]
|
|upkeep
|
|t:|1779700030
|switch|p2a: Raging Bolt|Raging Bolt|74/100
|-damage|p2a: Raging Bolt|62/100|[from] Spikes
|-damage|p2a: Raging Bolt|49/100|[from] Stealth Rock
|turn|23
|
|t:|1779700032
|-end|p1a: Iron Valiant|Quark Drive|[silent]
|switch|p1a: Meowscarada|Meowscarada, F, tera:Ghost|1/100
|move|p2a: Raging Bolt|Thunderclap||[still]
|-fail|p2a: Raging Bolt
|
|-heal|p2a: Raging Bolt|55/100|[from] item: Leftovers
|upkeep
|turn|24
|
|t:|1779700039
|move|p1a: Meowscarada|Flower Trick|p2a: Raging Bolt
|-resisted|p2a: Raging Bolt
|-crit|p2a: Raging Bolt
|-damage|p2a: Raging Bolt|28/100
|move|p2a: Raging Bolt|Thunderbolt|p1a: Meowscarada
|-damage|p1a: Meowscarada|0 fnt
|faint|p1a: Meowscarada
|
|-heal|p2a: Raging Bolt|34/100|[from] item: Leftovers
|upkeep
|
|t:|1779700041
|switch|p1a: Iron Valiant|Iron Valiant|100/100
|turn|25
|
|t:|1779700045
|move|p2a: Raging Bolt|Thunderclap|p1a: Iron Valiant
|-damage|p1a: Iron Valiant|26/100
|move|p1a: Iron Valiant|Spirit Break|p2a: Raging Bolt
|-supereffective|p2a: Raging Bolt
|-damage|p2a: Raging Bolt|0 fnt
|faint|p2a: Raging Bolt
|-end|p2a: Raging Bolt|Protosynthesis|[silent]
|
|win|aaagislash
|raw|aaagislash's rating: 1479 &rarr; <strong>1500</strong><br />(+21 for winning)
|raw|catcat77's rating: 1496 &rarr; <strong>1475</strong><br />(-21 for losing)
|l|‽aaagislash
|player|p1|
|l|☆catcat77
|player|p2|
