|j|☆big bod3
|j|☆Maskedsol
|t:|1779637430
|gametype|singles
|player|p1|big bod3|marshal|1120
|player|p2|Maskedsol|wattson|1072
|gen|9
|tier|[Gen 9] OU
|rated|
|rule|HP Percentage Mod: HP is shown in percentages
|rule|Endless Battle Clause: Forcing endless battles is banned
|rule|Species Clause: Limit one of each Pokémon
|rule|OHKO Clause: OHKO moves are banned
|rule|Evasion Items Clause: Evasion items are banned
|rule|Evasion Moves Clause: Evasion moves are banned
|rule|Evasion Abilities Clause: Evasion abilities are banned
|rule|Sleep Moves Clause: Sleep-inducing moves are banned
|clearpoke
|poke|p1|Drifblim, F|
|poke|p1|Tyranitar, M|
|poke|p1|Dondozo, M|
|poke|p1|Great Tusk|
|poke|p1|Iron Valiant|
|poke|p1|Dragapult, M|
|poke|p2|Haxorus, F|
|poke|p2|Samurott-Hisui, M|
|poke|p2|Pecharunt|
|poke|p2|Smeargle, M|
|poke|p2|Raging Bolt|
|poke|p2|Serperior, F|
|teampreview
|
|t:|1779637436
|teamsize|p1|6
|teamsize|p2|6
|start
|switch|p1a: ᛖᛏᛇAydrift|Drifblim, F|100/100
|switch|p2a: Serperior|Serperior, F|100/100
|turn|1
|
|t:|1779637444
|move|p2a: Serperior|Glare|p1a: ᛖᛏᛇAydrift
|-status|p1a: ᛖᛏᛇAydrift|par
|move|p1a: ᛖᛏᛇAydrift|Will-O-Wisp|p2a: Serperior
|-status|p2a: Serperior|brn
|
|-damage|p2a: Serperior|94/100 brn|[from] brn
|upkeep
|turn|2
|
|t:|1779637470
|switch|p1a: ᚹᛋWarlight|Iron Valiant|100/100
|move|p2a: Serperior|Leaf Storm|p1a: ᚹᛋWarlight
|-damage|p1a: ᚹᛋWarlight|38/100
|-boost|p2a: Serperior|spa|2
|
|-heal|p2a: Serperior|100/100 brn|[from] item: Leftovers
|-damage|p2a: Serperior|94/100 brn|[from] brn
|upkeep
|turn|3
|
|t:|1779637486
|move|p1a: ᚹᛋWarlight|Drain Punch|p2a: Serperior
|-damage|p2a: Serperior|52/100 brn
|-heal|p1a: ᚹᛋWarlight|60/100|[from] drain|[of] p2a: Serperior
|move|p2a: Serperior|Leaf Storm|p1a: ᚹᛋWarlight
|-damage|p1a: ᚹᛋWarlight|0 fnt
|-boost|p2a: Serperior|spa|2
|faint|p1a: ᚹᛋWarlight
|-end|p1a: ᚹᛋWarlight|Quark Drive|[silent]
|
|-heal|p2a: Serperior|58/100 brn|[from] item: Leftovers
|-damage|p2a: Serperior|52/100 brn|[from] brn
|upkeep
|
|t:|1779637499
|switch|p1a: Drampy|Dragapult, M|100/100
|turn|4
|
|t:|1779637504
|move|p1a: Drampy|U-turn|p2a: Serperior
|-supereffective|p2a: Serperior
|-damage|p2a: Serperior|0 fnt
|faint|p2a: Serperior
|
|t:|1779637509
|switch|p1a: ᛖᛏᛇAydrift|Drifblim, F|100/100 par|[from] U-turn
|
|upkeep
|
|t:|1779637513
|switch|p2a: Smeargle|Smeargle, M|100/100
|turn|5
|
|t:|1779637518
|move|p2a: Smeargle|Sticky Web|p1a: ᛖᛏᛇAydrift
|-sidestart|p1: big bod3|move: Sticky Web
|move|p1a: ᛖᛏᛇAydrift|Will-O-Wisp|p2a: Smeargle
|-status|p2a: Smeargle|brn
|
|-damage|p2a: Smeargle|94/100 brn|[from] brn
|upkeep
|turn|6
|
|t:|1779637528
|switch|p2a: Pecharunt|Pecharunt|100/100
|move|p1a: ᛖᛏᛇAydrift|Clear Smog|p2a: Pecharunt
|-resisted|p2a: Pecharunt
|-damage|p2a: Pecharunt|98/100
|-clearboost|p2a: Pecharunt
|
|upkeep
|turn|7
|
|t:|1779637537
|move|p2a: Pecharunt|Malignant Chain|p1a: ᛖᛏᛇAydrift
|-resisted|p1a: ᛖᛏᛇAydrift
|-damage|p1a: ᛖᛏᛇAydrift|85/100 par
|move|p1a: ᛖᛏᛇAydrift|Will-O-Wisp|p2a: Pecharunt
|-status|p2a: Pecharunt|brn
|
|-heal|p1a: ᛖᛏᛇAydrift|91/100 par|[from] item: Leftovers
|-damage|p2a: Pecharunt|92/100 brn|[from] brn
|upkeep
|turn|8
|
|t:|1779637554
|move|p2a: Pecharunt|Shadow Ball|p1a: ᛖᛏᛇAydrift
|-supereffective|p1a: ᛖᛏᛇAydrift
|-damage|p1a: ᛖᛏᛇAydrift|43/100 par
|-unboost|p1a: ᛖᛏᛇAydrift|spd|1
|move|p1a: ᛖᛏᛇAydrift|Destiny Bond|p1a: ᛖᛏᛇAydrift
|-singlemove|p1a: ᛖᛏᛇAydrift|Destiny Bond
|
|-heal|p1a: ᛖᛏᛇAydrift|49/100 par|[from] item: Leftovers
|-damage|p2a: Pecharunt|86/100 brn|[from] brn
|upkeep
|turn|9
|
|t:|1779637567
|move|p2a: Pecharunt|Parting Shot|p1a: ᛖᛏᛇAydrift
|-unboost|p1a: ᛖᛏᛇAydrift|atk|1
|-unboost|p1a: ᛖᛏᛇAydrift|spa|1
|
|t:|1779637570
|switch|p2a: Samurott|Samurott-Hisui, M|100/100|[from] Parting Shot
|move|p1a: ᛖᛏᛇAydrift|Strength Sap|p2a: Samurott
|-unboost|p2a: Samurott|atk|1
|-heal|p1a: ᛖᛏᛇAydrift|100/100 par
|
|upkeep
|turn|10
|
|t:|1779637582
|switch|p1a: ᛃᛚgrunderRoots|Great Tusk|100/100
|-item|p1a: ᛃᛚgrunderRoots|Air Balloon
|move|p2a: Samurott|Flip Turn|p1a: ᛃᛚgrunderRoots
|-supereffective|p1a: ᛃᛚgrunderRoots
|-damage|p1a: ᛃᛚgrunderRoots|78/100
|-enditem|p1a: ᛃᛚgrunderRoots|Air Balloon
|
|t:|1779637588
|switch|p2a: Smeargle|Smeargle, M|94/100 brn|[from] Flip Turn
|
|-damage|p2a: Smeargle|88/100 brn|[from] brn
|upkeep
|turn|11
|
|t:|1779637599
|-terastallize|p1a: ᛃᛚgrunderRoots|Water
|move|p2a: Smeargle|Glare|p1a: ᛃᛚgrunderRoots
|-status|p1a: ᛃᛚgrunderRoots|par
|cant|p1a: ᛃᛚgrunderRoots|par
|
|-damage|p2a: Smeargle|82/100 brn|[from] brn
|upkeep
|turn|12
|
|t:|1779637609
|move|p2a: Smeargle|Shell Smash|p2a: Smeargle
|-unboost|p2a: Smeargle|def|1
|-unboost|p2a: Smeargle|spd|1
|-boost|p2a: Smeargle|atk|2
|-boost|p2a: Smeargle|spa|2
|-boost|p2a: Smeargle|spe|2
|move|p1a: ᛃᛚgrunderRoots|Bulk Up|p1a: ᛃᛚgrunderRoots
|-boost|p1a: ᛃᛚgrunderRoots|atk|1
|-boost|p1a: ᛃᛚgrunderRoots|def|1
|
|-damage|p2a: Smeargle|76/100 brn|[from] brn
|upkeep
|turn|13
|inactive|Battle timer is ON: inactive players will automatically lose when time's up. (requested by Maskedsol)
|
|t:|1779637641
|move|p2a: Smeargle|Population Bomb|p1a: ᛃᛚgrunderRoots
|-damage|p1a: ᛃᛚgrunderRoots|77/100 par
|-crit|p1a: ᛃᛚgrunderRoots
|-damage|p1a: ᛃᛚgrunderRoots|75/100 par
|-damage|p1a: ᛃᛚgrunderRoots|74/100 par
|-damage|p1a: ᛃᛚgrunderRoots|73/100 par
|-damage|p1a: ᛃᛚgrunderRoots|72/100 par
|-damage|p1a: ᛃᛚgrunderRoots|71/100 par
|-damage|p1a: ᛃᛚgrunderRoots|70/100 par
|-damage|p1a: ᛃᛚgrunderRoots|69/100 par
|-damage|p1a: ᛃᛚgrunderRoots|68/100 par
|-damage|p1a: ᛃᛚgrunderRoots|67/100 par
|-hitcount|p1a: ᛃᛚgrunderRoots|10
|move|p1a: ᛃᛚgrunderRoots|Close Combat|p2a: Smeargle
|-supereffective|p2a: Smeargle
|-damage|p2a: Smeargle|0 fnt
|-unboost|p1a: ᛃᛚgrunderRoots|def|1
|-unboost|p1a: ᛃᛚgrunderRoots|spd|1
|faint|p2a: Smeargle
|
|upkeep
|
|t:|1779637650
|switch|p2a: Pecharunt|Pecharunt|86/100 brn
|turn|14
|
|t:|1779637668
|move|p2a: Pecharunt|Shadow Ball|p1a: ᛃᛚgrunderRoots
|-damage|p1a: ᛃᛚgrunderRoots|1/100 par
|move|p1a: ᛃᛚgrunderRoots|Bulldoze|p2a: Pecharunt
|-supereffective|p2a: Pecharunt
|-damage|p2a: Pecharunt|30/100 brn
|-unboost|p2a: Pecharunt|spe|1
|
|-damage|p2a: Pecharunt|24/100 brn|[from] brn
|upkeep
|turn|15
|
|t:|1779637690
|move|p2a: Pecharunt|Parting Shot|p1a: ᛃᛚgrunderRoots
|-unboost|p1a: ᛃᛚgrunderRoots|atk|1
|-unboost|p1a: ᛃᛚgrunderRoots|spa|1
|
|t:|1779637695
|switch|p2a: Samurott|Samurott-Hisui, M|100/100|[from] Parting Shot
|move|p1a: ᛃᛚgrunderRoots|Bulldoze|p2a: Samurott
|-damage|p2a: Samurott|58/100
|-unboost|p2a: Samurott|spe|1
|
|upkeep
|turn|16
|
|t:|1779637708
|move|p2a: Samurott|Ceaseless Edge|p1a: ᛃᛚgrunderRoots
|-damage|p1a: ᛃᛚgrunderRoots|0 fnt
|-sidestart|p1: big bod3|Spikes
|faint|p1a: ᛃᛚgrunderRoots
|-end|p1a: ᛃᛚgrunderRoots|Protosynthesis|[silent]
|
|upkeep
|inactive|big bod3 has 120 seconds left.
|
|t:|1779637724
|switch|p1a: ᛖᛏᛇAydrift|Drifblim, F|100/100 par
|turn|17
|
|t:|1779637727
|move|p2a: Samurott|Ceaseless Edge|p1a: ᛖᛏᛇAydrift
|-supereffective|p1a: ᛖᛏᛇAydrift
|-damage|p1a: ᛖᛏᛇAydrift|0 fnt
|-damage|p2a: Samurott|34/100|[from] ability: Aftermath|[of] p1a: ᛖᛏᛇAydrift
|-sidestart|p1: big bod3|Spikes
|faint|p1a: ᛖᛏᛇAydrift
|
|upkeep
|
|t:|1779637742
|switch|p1a: ᛚDon|Dondozo, M|100/100
|-activate|p1a: ᛚDon|move: Sticky Web
|-unboost|p1a: ᛚDon|spe|1
|-damage|p1a: ᛚDon|84/100|[from] Spikes
|turn|18
|
|t:|1779637753
|move|p2a: Samurott|Ceaseless Edge|p1a: ᛚDon
|-damage|p1a: ᛚDon|57/100
|-sidestart|p1: big bod3|Spikes
|move|p1a: ᛚDon|Heavy Slam|p2a: Samurott
|-resisted|p2a: Samurott
|-damage|p2a: Samurott|18/100
|
|-heal|p1a: ᛚDon|64/100|[from] item: Leftovers
|upkeep
|turn|19
|inactive|big bod3 has 120 seconds left.
|
|t:|1779637769
|move|p2a: Samurott|Ceaseless Edge|p1a: ᛚDon
|-damage|p1a: ᛚDon|35/100
|move|p1a: ᛚDon|Heavy Slam|p2a: Samurott
|-resisted|p2a: Samurott
|-crit|p2a: Samurott
|-damage|p2a: Samurott|0 fnt
|faint|p2a: Samurott
|
|-heal|p1a: ᛚDon|41/100|[from] item: Leftovers
|upkeep
|
|t:|1779637773
|switch|p2a: Pecharunt|Pecharunt|24/100 brn
|turn|20
|inactive|big bod3 has 120 seconds left.
|
|t:|1779637794
|move|p2a: Pecharunt|Recover|p2a: Pecharunt
|-heal|p2a: Pecharunt|74/100 brn
|move|p1a: ᛚDon|Order Up|p2a: Pecharunt
|-damage|p2a: Pecharunt|59/100 brn
|
|-heal|p1a: ᛚDon|47/100|[from] item: Leftovers
|-damage|p2a: Pecharunt|53/100 brn|[from] brn
|upkeep
|turn|21
|inactive|big bod3 has 120 seconds left.
|
|t:|1779637805
|switch|p1a: Drampy|Dragapult, M|100/100
|-activate|p1a: Drampy|move: Sticky Web
|-fail|p1a: Drampy|unboost|[from] ability: Clear Body|[of] p1a: Drampy
|-damage|p1a: Drampy|75/100|[from] Spikes
|move|p2a: Pecharunt|Recover|p2a: Pecharunt
|-heal|p2a: Pecharunt|100/100 brn
|
|-heal|p1a: Drampy|82/100|[from] item: Leftovers
|-damage|p2a: Pecharunt|94/100 brn|[from] brn
|upkeep
|turn|22
|inactive|big bod3 has 120 seconds left.
|inactive|big bod3 has 90 seconds left.
|
|t:|1779637841
|-terastallize|p2a: Pecharunt|Dark
|move|p1a: Drampy|Hydro Pump|p2a: Pecharunt
|-damage|p2a: Pecharunt|69/100 brn
|move|p2a: Pecharunt|Malignant Chain|p1a: Drampy
|-resisted|p1a: Drampy
|-damage|p1a: Drampy|58/100
|-status|p1a: Drampy|tox
|-start|p1a: Drampy|confusion|[from] ability: Poison Puppeteer|[of] p2a: Pecharunt
|
|-heal|p1a: Drampy|64/100 tox|[from] item: Leftovers
|-damage|p1a: Drampy|58/100 tox|[from] psn
|-damage|p2a: Pecharunt|63/100 brn|[from] brn
|upkeep
|turn|23
|inactive|big bod3 has 90 seconds left.
|
|t:|1779637852
|-activate|p1a: Drampy|confusion
|-damage|p1a: Drampy|41/100 tox|[from] confusion
|move|p2a: Pecharunt|Shadow Ball|p1a: Drampy
|-supereffective|p1a: Drampy
|-damage|p1a: Drampy|0 fnt
|faint|p1a: Drampy
|
|-damage|p2a: Pecharunt|57/100 brn|[from] brn
|upkeep
|
|t:|1779637856
|switch|p1a: ᛃTtar|Tyranitar, M|100/100
|-activate|p1a: ᛃTtar|move: Sticky Web
|-unboost|p1a: ᛃTtar|spe|1
|-damage|p1a: ᛃTtar|76/100|[from] Spikes
|-weather|Sandstorm|[from] ability: Sand Stream|[of] p1a: ᛃTtar
|turn|24
|
|t:|1779637860
|move|p2a: Pecharunt|Malignant Chain|p1a: ᛃTtar
|-resisted|p1a: ᛃTtar
|-damage|p1a: ᛃTtar|63/100
|move|p1a: ᛃTtar|Earthquake|p2a: Pecharunt
|-damage|p2a: Pecharunt|37/100 brn
|
|-weather|Sandstorm|[upkeep]
|-damage|p2a: Pecharunt|31/100 brn|[from] Sandstorm
|-heal|p1a: ᛃTtar|69/100|[from] item: Leftovers
|-damage|p2a: Pecharunt|25/100 brn|[from] brn
|upkeep
|turn|25
|
|t:|1779637877
|move|p2a: Pecharunt|Malignant Chain|p1a: ᛃTtar
|-resisted|p1a: ᛃTtar
|-damage|p1a: ᛃTtar|56/100
|move|p1a: ᛃTtar|Stone Edge|p2a: Pecharunt
|-damage|p2a: Pecharunt|0 fnt
|faint|p2a: Pecharunt
|
|-weather|Sandstorm|[upkeep]
|-heal|p1a: ᛃTtar|62/100|[from] item: Leftovers
|upkeep
|
|t:|1779637882
|switch|p2a: Wallbreaker|Haxorus, F, shiny|100/100
|-ability|p2a: Wallbreaker|Mold Breaker
|turn|26
|
|t:|1779637905
|move|p2a: Wallbreaker|Swords Dance|p2a: Wallbreaker
|-boost|p2a: Wallbreaker|atk|2
|move|p1a: ᛃTtar|Dragon Dance|p1a: ᛃTtar
|-boost|p1a: ᛃTtar|atk|1
|-boost|p1a: ᛃTtar|spe|1
|
|-weather|Sandstorm|[upkeep]
|-damage|p2a: Wallbreaker|94/100|[from] Sandstorm
|-heal|p1a: ᛃTtar|68/100|[from] item: Leftovers
|upkeep
|turn|27
|inactive|big bod3 has 90 seconds left.
|
|t:|1779637922
|move|p2a: Wallbreaker|Scale Shot|p1a: ᛃTtar
|-damage|p1a: ᛃTtar|44/100
|-damage|p1a: ᛃTtar|15/100
|-damage|p1a: ᛃTtar|0 fnt
|faint|p1a: ᛃTtar
|-hitcount|p1: ᛃTtar|3
|-unboost|p2a: Wallbreaker|def|1
|-boost|p2a: Wallbreaker|spe|1
|
|-weather|Sandstorm|[upkeep]
|-damage|p2a: Wallbreaker|88/100|[from] Sandstorm
|upkeep
|inactive|big bod3 has 90 seconds left.
|inactive|big bod3 has 60 seconds left.
|inactive|big bod3 has 30 seconds left.
|
|t:|1779637989
|switch|p1a: ᛚDon|Dondozo, M|47/100
|-activate|p1a: ᛚDon|move: Sticky Web
|-unboost|p1a: ᛚDon|spe|1
|-damage|p1a: ᛚDon|22/100|[from] Spikes
|turn|28
|
|t:|1779637995
|move|p2a: Wallbreaker|Scale Shot|p1a: ᛚDon
|-damage|p1a: ᛚDon|6/100
|-damage|p1a: ᛚDon|0 fnt
|faint|p1a: ᛚDon
|-hitcount|p1: ᛚDon|2
|
|win|Maskedsol
|raw|big bod3's rating: 1120 &rarr; <strong>1092</strong><br />(-28 for losing)
|raw|Maskedsol's rating: 1072 &rarr; <strong>1105</strong><br />(+33 for winning)
