|j|☆kronas
|j|☆qazpl123
|t:|1779623837
|gametype|singles
|player|p1|kronas|102|1225
|player|p2|qazpl123|101|1239
|gen|9
|tier|[Gen 9] OU
|rated|
|rule|HP Percentage Mod: HP is shown in percentages
|rule|Endless Battle Clause: Forcing endless battles is banned
|rule|Species Clause: Limit one of each Pokémon
|rule|OHKO Clause: OHKO moves are banned
|rule|Evasion Items Clause: Evasion items are banned
|rule|Evasion Moves Clause: Evasion moves are banned
|rule|Evasion Abilities Clause: Evasion abilities are banned
|rule|Sleep Moves Clause: Sleep-inducing moves are banned
|clearpoke
|poke|p1|Zoroark, F|
|poke|p1|Muk, F|
|poke|p1|Hitmonlee, M|
|poke|p1|Skeledirge, F|
|poke|p1|Ditto|
|poke|p1|Okidogi, M|
|poke|p2|Gliscor, F|
|poke|p2|Dragonite, F|
|poke|p2|Gholdengo|
|poke|p2|Kingambit, M|
|poke|p2|Landorus-Therian, M|
|poke|p2|Hatterene, F|
|teampreview
|
|t:|1779623843
|teamsize|p1|6
|teamsize|p2|6
|start
|switch|p1a: Okidogi|Okidogi, M|100/100
|switch|p2a: Landorus|Landorus-Therian, M, shiny|100/100
|-ability|p2a: Landorus|Intimidate|boost
|-unboost|p1a: Okidogi|atk|1
|turn|1
|
|t:|1779623858
|move|p2a: Landorus|Taunt|p1a: Okidogi
|-start|p1a: Okidogi|move: Taunt
|move|p1a: Okidogi|Ice Punch|p2a: Landorus
|-supereffective|p2a: Landorus
|-damage|p2a: Landorus|37/100
|-enditem|p2a: Landorus|Sitrus Berry|[eat]
|-heal|p2a: Landorus|61/100|[from] item: Sitrus Berry
|
|upkeep
|turn|2
|
|t:|1779623870
|move|p2a: Landorus|U-turn|p1a: Okidogi
|-resisted|p1a: Okidogi
|-damage|p1a: Okidogi|96/100
|
|t:|1779623882
|switch|p2a: Gholdengo|Gholdengo|100/100|[from] U-turn
|move|p1a: Okidogi|Ice Punch|p2a: Gholdengo
|-resisted|p2a: Gholdengo
|-damage|p2a: Gholdengo|89/100
|
|-heal|p1a: Okidogi|100/100|[from] item: Leftovers
|upkeep
|turn|3
|
|t:|1779623898
|switch|p1a: Muk|Muk, F|100/100
|move|p2a: Gholdengo|Shadow Ball|p1a: Muk
|-damage|p1a: Muk|84/100
|
|upkeep
|turn|4
|
|t:|1779623914
|move|p2a: Gholdengo|Shadow Ball|p1a: Muk
|-crit|p1a: Muk
|-damage|p1a: Muk|59/100
|move|p1a: Muk|Lunge|p2a: Gholdengo
|-resisted|p2a: Gholdengo
|-damage|p2a: Gholdengo|84/100
|-unboost|p2a: Gholdengo|atk|1
|
|upkeep
|turn|5
|
|t:|1779623924
|move|p1a: Muk|Shadow Sneak|p2a: Gholdengo
|-supereffective|p2a: Gholdengo
|-damage|p2a: Gholdengo|60/100
|move|p2a: Gholdengo|Shadow Ball|p1a: Muk
|-damage|p1a: Muk|42/100
|
|upkeep
|turn|6
|
|t:|1779623934
|switch|p2a: Landorus|Landorus-Therian, M, shiny|61/100
|-ability|p2a: Landorus|Intimidate|boost
|-unboost|p1a: Muk|atk|1
|move|p1a: Muk|Shadow Sneak|p2a: Landorus
|-damage|p2a: Landorus|55/100
|
|upkeep
|turn|7
|
|t:|1779623953
|move|p2a: Landorus|Earthquake|p1a: Muk
|-supereffective|p1a: Muk
|-damage|p1a: Muk|0 fnt
|faint|p1a: Muk
|
|upkeep
|
|t:|1779623969
|switch|p1a: Skeledirge|Skeledirge, F|100/100
|turn|8
|
|t:|1779623989
|-terastallize|p1a: Skeledirge|Flying
|move|p2a: Landorus|U-turn|p1a: Skeledirge
|-resisted|p1a: Skeledirge
|-damage|p1a: Skeledirge|91/100
|
|t:|1779624000
|switch|p2a: Gliscor|Gliscor, F|100/100|[from] U-turn
|move|p1a: Skeledirge|Will-O-Wisp|p2a: Gliscor|[miss]
|-miss|p1a: Skeledirge|p2a: Gliscor
|
|-heal|p1a: Skeledirge|97/100|[from] item: Leftovers
|-status|p2a: Gliscor|tox|[from] item: Toxic Orb
|upkeep
|turn|9
|
|t:|1779624024
|move|p2a: Gliscor|Toxic|p1a: Skeledirge
|-status|p1a: Skeledirge|tox
|move|p1a: Skeledirge|Torch Song|p2a: Gliscor
|-damage|p2a: Gliscor|70/100 tox
|-boost|p1a: Skeledirge|spa|1
|
|-heal|p1a: Skeledirge|100/100 tox|[from] item: Leftovers
|-heal|p2a: Gliscor|82/100 tox|[from] ability: Poison Heal
|-damage|p1a: Skeledirge|94/100 tox|[from] psn
|upkeep
|turn|10
|
|t:|1779624038
|move|p2a: Gliscor|Protect|p2a: Gliscor
|-singleturn|p2a: Gliscor|Protect
|move|p1a: Skeledirge|Torch Song|p2a: Gliscor
|-activate|p2a: Gliscor|move: Protect
|
|-heal|p1a: Skeledirge|100/100 tox|[from] item: Leftovers
|-heal|p2a: Gliscor|95/100 tox|[from] ability: Poison Heal
|-damage|p1a: Skeledirge|88/100 tox|[from] psn
|upkeep
|turn|11
|
|t:|1779624055
|move|p2a: Gliscor|Substitute|p2a: Gliscor
|-start|p2a: Gliscor|Substitute
|-damage|p2a: Gliscor|70/100 tox
|move|p1a: Skeledirge|Torch Song|p2a: Gliscor
|-damage|p2a: Gliscor|22/100 tox
|-boost|p1a: Skeledirge|spa|1
|
|-heal|p1a: Skeledirge|94/100 tox|[from] item: Leftovers
|-heal|p2a: Gliscor|35/100 tox|[from] ability: Poison Heal
|-damage|p1a: Skeledirge|76/100 tox|[from] psn
|upkeep
|turn|12
|
|t:|1779624069
|move|p2a: Gliscor|Protect|p2a: Gliscor
|-singleturn|p2a: Gliscor|Protect
|move|p1a: Skeledirge|Torch Song|p2a: Gliscor
|-activate|p2a: Gliscor|move: Protect
|
|-heal|p1a: Skeledirge|82/100 tox|[from] item: Leftovers
|-heal|p2a: Gliscor|47/100 tox|[from] ability: Poison Heal
|-damage|p1a: Skeledirge|57/100 tox|[from] psn
|upkeep
|turn|13
|
|t:|1779624101
|move|p2a: Gliscor|Protect||[still]
|-fail|p2a: Gliscor
|move|p1a: Skeledirge|Torch Song|p2a: Gliscor
|-damage|p2a: Gliscor|0 fnt
|-boost|p1a: Skeledirge|spa|1
|faint|p2a: Gliscor
|
|-heal|p1a: Skeledirge|64/100 tox|[from] item: Leftovers
|-damage|p1a: Skeledirge|33/100 tox|[from] psn
|upkeep
|
|t:|1779624116
|switch|p2a: Dragonite|Dragonite, F|100/100
|turn|14
|
|t:|1779624137
|move|p2a: Dragonite|Dragon Dance|p2a: Dragonite
|-boost|p2a: Dragonite|atk|1
|-boost|p2a: Dragonite|spe|1
|move|p1a: Skeledirge|Blast Burn|p2a: Dragonite
|-resisted|p2a: Dragonite
|-damage|p2a: Dragonite|60/100
|-mustrecharge|p1a: Skeledirge
|
|-heal|p2a: Dragonite|66/100|[from] item: Leftovers
|-heal|p1a: Skeledirge|39/100 tox|[from] item: Leftovers
|-damage|p1a: Skeledirge|2/100 tox|[from] psn
|upkeep
|turn|15
|
|t:|1779624150
|move|p2a: Dragonite|Dragon Dance|p2a: Dragonite
|-boost|p2a: Dragonite|atk|1
|-boost|p2a: Dragonite|spe|1
|cant|p1a: Skeledirge|recharge
|
|-heal|p2a: Dragonite|72/100|[from] item: Leftovers
|-heal|p1a: Skeledirge|8/100 tox|[from] item: Leftovers
|-damage|p1a: Skeledirge|0 fnt|[from] psn
|faint|p1a: Skeledirge
|upkeep
|
|t:|1779624157
|switch|p1a: Ditto|Ditto|100/100
|-transform|p1a: Ditto|p2a: Dragonite|[from] ability: Imposter
|turn|16
|
|t:|1779624177
|move|p1a: Ditto|Extreme Speed|p2a: Dragonite
|-damage|p2a: Dragonite|5/100
|move|p2a: Dragonite|Extreme Speed|p1a: Ditto
|-damage|p1a: Ditto|65/100
|
|-heal|p2a: Dragonite|11/100|[from] item: Leftovers
|upkeep
|turn|17
|
|t:|1779624196
|switch|p2a: Gholdengo|Gholdengo|60/100
|move|p1a: Ditto|Extreme Speed|p2a: Gholdengo
|-immune|p2a: Gholdengo
|
|upkeep
|turn|18
|
|t:|1779624219
|switch|p1a: Okidogi|Okidogi, M|100/100
|move|p2a: Gholdengo|Shadow Ball|p1a: Okidogi
|-damage|p1a: Okidogi|60/100
|
|-heal|p1a: Okidogi|66/100|[from] item: Leftovers
|upkeep
|turn|19
|
|t:|1779624239
|switch|p2a: Landorus|Landorus-Therian, M, shiny|55/100
|-ability|p2a: Landorus|Intimidate|boost
|-unboost|p1a: Okidogi|atk|1
|move|p1a: Okidogi|Fire Punch|p2a: Landorus
|-damage|p2a: Landorus|38/100
|
|-heal|p1a: Okidogi|72/100|[from] item: Leftovers
|upkeep
|turn|20
|
|t:|1779624253
|move|p2a: Landorus|Earthquake|p1a: Okidogi
|-supereffective|p1a: Okidogi
|-damage|p1a: Okidogi|0 fnt
|faint|p1a: Okidogi
|
|upkeep
|
|t:|1779624258
|switch|p1a: Hitmonlee|Hitmonlee, M|100/100
|turn|21
|
|t:|1779624272
|move|p1a: Hitmonlee|Fake Out|p2a: Landorus
|-enditem|p1a: Hitmonlee|Normal Gem|[from] gem
|-damage|p2a: Landorus|21/100
|cant|p2a: Landorus|flinch
|
|upkeep
|turn|22
|
|t:|1779624283
|move|p1a: Hitmonlee|High Jump Kick|p2a: Landorus
|-resisted|p2a: Landorus
|-damage|p2a: Landorus|0 fnt
|faint|p2a: Landorus
|
|upkeep
|
|t:|1779624299
|switch|p2a: Gholdengo|Gholdengo|60/100
|turn|23
|
|t:|1779624307
|move|p1a: Hitmonlee|Knock Off|p2a: Gholdengo
|-supereffective|p2a: Gholdengo
|-damage|p2a: Gholdengo|0 fnt
|-enditem|p2a: Gholdengo|Choice Scarf|[from] move: Knock Off|[of] p1a: Hitmonlee
|faint|p2a: Gholdengo
|
|upkeep
|
|t:|1779624327
|switch|p2a: Hatterene|Hatterene, F|100/100
|turn|24
|
|t:|1779624340
|move|p1a: Hitmonlee|Knock Off|p2a: Hatterene
|-damage|p2a: Hatterene|60/100
|-enditem|p2a: Hatterene|Life Orb|[from] move: Knock Off|[of] p1a: Hitmonlee
|move|p2a: Hatterene|Psychic|p1a: Hitmonlee
|-supereffective|p1a: Hitmonlee
|-damage|p1a: Hitmonlee|0 fnt
|faint|p1a: Hitmonlee
|
|upkeep
|
|t:|1779624350
|switch|p1a: Ditto|Ditto|100/100
|turn|25
|
|t:|1779624356
|move|p1a: Ditto|Sludge Bomb|p2a: Hatterene
|-supereffective|p2a: Hatterene
|-damage|p2a: Hatterene|0 fnt
|faint|p2a: Hatterene
|
|upkeep
|
|t:|1779624363
|switch|p2a: Kingambit|Kingambit, M, shiny|100/100
|turn|26
|
|t:|1779624375
|move|p1a: Ditto|Focus Blast|p2a: Kingambit
|-supereffective|p2a: Kingambit
|-damage|p2a: Kingambit|0 fnt
|faint|p2a: Kingambit
|
|upkeep
|
|t:|1779624381
|switch|p2a: Dragonite|Dragonite, F|11/100
|turn|27
|
|t:|1779624398
|move|p1a: Ditto|Sludge Bomb|p2a: Dragonite
|-damage|p2a: Dragonite|0 fnt
|faint|p2a: Dragonite
|
|win|kronas
|raw|kronas's rating: 1225 &rarr; <strong>1251</strong><br />(+26 for winning)
|raw|qazpl123's rating: 1239 &rarr; <strong>1213</strong><br />(-26 for losing)
|l|☆qazpl123
|player|p2|
|l|☆kronas
|player|p1|
