|j|☆ahlex2
|j|‽aaagislash
|t:|1779612250
|gametype|singles
|player|p1|ahlex2|palmer|1352
|player|p2|aaagislash|102|1328
|gen|9
|tier|[Gen 9] OU
|rated|
|rule|HP Percentage Mod: HP is shown in percentages
|rule|Endless Battle Clause: Forcing endless battles is banned
|rule|Species Clause: Limit one of each Pokémon
|rule|OHKO Clause: OHKO moves are banned
|rule|Evasion Items Clause: Evasion items are banned
|rule|Evasion Moves Clause: Evasion moves are banned
|rule|Evasion Abilities Clause: Evasion abilities are banned
|rule|Sleep Moves Clause: Sleep-inducing moves are banned
|clearpoke
|poke|p1|Rillaboom, F|
|poke|p1|Primarina, M|
|poke|p1|Raging Bolt|
|poke|p1|Ninetales-Alola, F|
|poke|p1|Slowking-Galar, F|
|poke|p1|Great Tusk|
|poke|p2|Iron Treads|
|poke|p2|Sableye, M|
|poke|p2|Cinderace, M|
|poke|p2|Chandelure, F|
|poke|p2|Rillaboom, F|
|poke|p2|Deoxys-Speed|
|teampreview
|
|t:|1779612275
|teamsize|p1|6
|teamsize|p2|6
|start
|switch|p1a: Slowking|Slowking-Galar, F|100/100
|switch|p2a: Deoxys|Deoxys-Speed|100/100
|-ability|p2a: Deoxys|Pressure
|turn|1
|
|t:|1779612293
|move|p2a: Deoxys|Shadow Ball|p1a: Slowking
|-supereffective|p1a: Slowking
|-damage|p1a: Slowking|60/100
|-damage|p2a: Deoxys|91/100|[from] item: Life Orb
|move|p1a: Slowking|Thunder Wave|p2a: Deoxys
|-status|p2a: Deoxys|par
|
|upkeep
|turn|2
|
|t:|1779612303
|cant|p2a: Deoxys|par
|move|p1a: Slowking|Toxic Spikes|p2a: Deoxys
|-sidestart|p2: aaagislash|move: Toxic Spikes
|
|upkeep
|turn|3
|
|t:|1779612322
|switch|p1a: Rillaboom|Rillaboom, F|100/100
|-fieldstart|move: Grassy Terrain|[from] ability: Grassy Surge|[of] p1a: Rillaboom
|move|p2a: Deoxys|Shadow Ball|p1a: Rillaboom
|-damage|p1a: Rillaboom|57/100
|-damage|p2a: Deoxys|81/100 par|[from] item: Life Orb
|
|-heal|p1a: Rillaboom|64/100|[from] Grassy Terrain
|-heal|p1a: Rillaboom|70/100|[from] item: Leftovers
|-heal|p2a: Deoxys|87/100 par|[from] Grassy Terrain
|upkeep
|turn|4
|
|t:|1779612336
|switch|p2a: Cinderace|Cinderace, M|100/100
|move|p1a: Rillaboom|Knock Off|p2a: Cinderace
|-damage|p2a: Cinderace|58/100
|-enditem|p2a: Cinderace|Heavy-Duty Boots|[from] move: Knock Off|[of] p1a: Rillaboom
|
|-heal|p2a: Cinderace|64/100|[from] Grassy Terrain
|-heal|p1a: Rillaboom|76/100|[from] Grassy Terrain
|-heal|p1a: Rillaboom|82/100|[from] item: Leftovers
|upkeep
|turn|5
|
|t:|1779612388
|switch|p1a: Raging Bolt|Raging Bolt|100/100
|-enditem|p1a: Raging Bolt|Grassy Seed
|-boost|p1a: Raging Bolt|def|1|[from] item: Grassy Seed
|move|p2a: Cinderace|Court Change|p2a: Cinderace
|-start|p2a: Cinderace|typechange|Normal|[from] ability: Libero
|-swapsideconditions
|-activate|p2a: Cinderace|move: Court Change
|
|-heal|p2a: Cinderace|71/100|[from] Grassy Terrain
|upkeep
|turn|6
|
|t:|1779612402
|move|p2a: Cinderace|U-turn|p1a: Raging Bolt
|-damage|p1a: Raging Bolt|92/100
|
|t:|1779612407
|switch|p2a: Sableye|Sableye, M|100/100|[from] U-turn
|move|p1a: Raging Bolt|Dragon Pulse|p2a: Sableye
|-damage|p2a: Sableye|41/100
|-enditem|p2a: Sableye|Eject Button
|
|t:|1779612416
|switch|p2a: Iron Treads|Iron Treads|100/100
|-enditem|p2a: Iron Treads|Booster Energy
|-activate|p2a: Iron Treads|ability: Quark Drive|[fromitem]
|-start|p2a: Iron Treads|quarkdriveatk
|
|-heal|p1a: Raging Bolt|99/100|[from] Grassy Terrain
|upkeep
|turn|7
|
|t:|1779612429
|move|p2a: Iron Treads|High Horsepower|p1a: Raging Bolt
|-supereffective|p1a: Raging Bolt
|-damage|p1a: Raging Bolt|52/100
|move|p1a: Raging Bolt|Dragon Pulse|p2a: Iron Treads
|-resisted|p2a: Iron Treads
|-damage|p2a: Iron Treads|72/100
|
|-heal|p2a: Iron Treads|79/100|[from] Grassy Terrain
|-heal|p1a: Raging Bolt|58/100|[from] Grassy Terrain
|-fieldend|move: Grassy Terrain
|upkeep
|turn|8
|
|t:|1779612440
|-end|p1a: Raging Bolt|Protosynthesis|[silent]
|switch|p1a: Ninetales|Ninetales-Alola, F|100/100
|-status|p1a: Ninetales|psn
|-weather|Snowscape|[from] ability: Snow Warning|[of] p1a: Ninetales
|move|p2a: Iron Treads|High Horsepower|p1a: Ninetales
|-damage|p1a: Ninetales|44/100 psn
|
|-weather|Snowscape|[upkeep]
|-damage|p1a: Ninetales|32/100 psn|[from] psn
|upkeep
|turn|9
|
|t:|1779612453
|-end|p2a: Iron Treads|Quark Drive|[silent]
|switch|p2a: Cinderace|Cinderace, M|71/100
|move|p1a: Ninetales|Aurora Veil|p1a: Ninetales
|-sidestart|p1: ahlex2|move: Aurora Veil
|
|-weather|Snowscape|[upkeep]
|-damage|p1a: Ninetales|19/100 psn|[from] psn
|upkeep
|turn|10
|
|t:|1779612470
|switch|p1a: Slowking|Slowking-Galar, F|93/100
|-sideend|p1: ahlex2|move: Toxic Spikes|[of] p1a: Slowking
|move|p2a: Cinderace|Will-O-Wisp|p1a: Slowking
|-status|p1a: Slowking|brn
|
|-weather|Snowscape|[upkeep]
|-damage|p1a: Slowking|87/100 brn|[from] brn
|upkeep
|turn|11
|
|t:|1779612479
|move|p2a: Cinderace|U-turn|p1a: Slowking
|-start|p2a: Cinderace|typechange|Bug|[from] ability: Libero
|-damage|p1a: Slowking|71/100 brn
|
|t:|1779612481
|switch|p2a: Iron Treads|Iron Treads|79/100|[from] U-turn
|move|p1a: Slowking|Thunder Wave|p2a: Iron Treads
|-immune|p2a: Iron Treads
|
|-weather|Snowscape|[upkeep]
|-damage|p1a: Slowking|65/100 brn|[from] brn
|upkeep
|turn|12
|
|t:|1779612496
|-end|p2a: Iron Treads|Quark Drive|[silent]
|switch|p2a: Sableye|Sableye, M|41/100
|-prepare|p1a: Slowking|Chilly Reception|[premajor]
|move|p1a: Slowking|Chilly Reception|p1a: Slowking
|
|t:|1779612514
|switch|p1a: Rillaboom|Rillaboom, F|82/100|[from] Chilly Reception
|-fieldstart|move: Grassy Terrain|[from] ability: Grassy Surge|[of] p1a: Rillaboom
|
|-weather|none
|-heal|p1a: Rillaboom|88/100|[from] Grassy Terrain
|-heal|p1a: Rillaboom|94/100|[from] item: Leftovers
|-heal|p2a: Sableye|48/100|[from] Grassy Terrain
|upkeep
|turn|13
|
|t:|1779612521
|move|p1a: Rillaboom|Grassy Glide|p2a: Sableye
|-damage|p2a: Sableye|15/100
|move|p2a: Sableye|Will-O-Wisp|p1a: Rillaboom|[miss]
|-miss|p2a: Sableye|p1a: Rillaboom
|
|-heal|p1a: Rillaboom|100/100|[from] Grassy Terrain
|-heal|p2a: Sableye|21/100|[from] Grassy Terrain
|upkeep
|turn|14
|
|t:|1779612529
|switch|p2a: Chandelure|Chandelure, F|100/100
|move|p1a: Rillaboom|Grassy Glide|p2a: Chandelure
|-resisted|p2a: Chandelure
|-damage|p2a: Chandelure|76/100
|
|-heal|p2a: Chandelure|82/100|[from] Grassy Terrain
|upkeep
|turn|15
|
|t:|1779612543
|switch|p1a: Great Tusk|Great Tusk|100/100
|move|p2a: Chandelure|Inferno|p1a: Great Tusk|[miss]
|-miss|p2a: Chandelure|p1a: Great Tusk
|
|-heal|p2a: Chandelure|89/100|[from] Grassy Terrain
|upkeep
|turn|16
|
|t:|1779612551
|move|p2a: Chandelure|Inferno|p1a: Great Tusk|[miss]
|-miss|p2a: Chandelure|p1a: Great Tusk
|move|p1a: Great Tusk|Headlong Rush|p2a: Chandelure
|-supereffective|p2a: Chandelure
|-damage|p2a: Chandelure|0 fnt
|-unboost|p1a: Great Tusk|def|1
|-unboost|p1a: Great Tusk|spd|1
|faint|p2a: Chandelure
|
|-sideend|p1: ahlex2|move: Aurora Veil
|-fieldend|move: Grassy Terrain
|upkeep
|
|t:|1779612561
|switch|p2a: Sableye|Sableye, M|21/100
|turn|17
|
|t:|1779612572
|-end|p1a: Great Tusk|Protosynthesis|[silent]
|switch|p1a: Ninetales|Ninetales-Alola, F|19/100 psn
|-weather|Snowscape|[from] ability: Snow Warning|[of] p1a: Ninetales
|move|p2a: Sableye|Will-O-Wisp||[still]
|-fail|p2a: Sableye
|
|-weather|Snowscape|[upkeep]
|-damage|p1a: Ninetales|7/100 psn|[from] psn
|upkeep
|turn|18
|
|t:|1779612584
|switch|p2a: Cinderace|Cinderace, M|71/100
|move|p1a: Ninetales|Freeze-Dry|p2a: Cinderace
|-resisted|p2a: Cinderace
|-damage|p2a: Cinderace|57/100
|
|-weather|Snowscape|[upkeep]
|-damage|p1a: Ninetales|0 fnt|[from] psn
|faint|p1a: Ninetales
|upkeep
|
|t:|1779612593
|switch|p1a: Primarina|Primarina, M|100/100
|turn|19
|
|t:|1779612604
|move|p2a: Cinderace|U-turn|p1a: Primarina
|-start|p2a: Cinderace|typechange|Bug|[from] ability: Libero
|-resisted|p1a: Primarina
|-damage|p1a: Primarina|82/100
|
|t:|1779612606
|switch|p2a: Sableye|Sableye, M|21/100|[from] U-turn
|move|p1a: Primarina|Calm Mind|p1a: Primarina
|-boost|p1a: Primarina|spa|1
|-boost|p1a: Primarina|spd|1
|
|-weather|Snowscape|[upkeep]
|upkeep
|turn|20
|
|t:|1779612609
|move|p2a: Sableye|Encore|p1a: Primarina
|-start|p1a: Primarina|Encore
|move|p1a: Primarina|Calm Mind|p1a: Primarina
|-boost|p1a: Primarina|spa|1
|-boost|p1a: Primarina|spd|1
|
|-weather|Snowscape|[upkeep]
|upkeep
|turn|21
|
|t:|1779612616
|switch|p1a: Raging Bolt|Raging Bolt|58/100
|switch|p2a: Rillaboom|Rillaboom, F|100/100
|-fieldstart|move: Grassy Terrain|[from] ability: Grassy Surge|[of] p2a: Rillaboom
|
|-weather|none
|-heal|p1a: Raging Bolt|64/100|[from] Grassy Terrain
|upkeep
|turn|22
|
|t:|1779612620
|move|p2a: Rillaboom|Swords Dance|p2a: Rillaboom
|-boost|p2a: Rillaboom|atk|2
|move|p1a: Raging Bolt|Dragon Pulse|p2a: Rillaboom
|-damage|p2a: Rillaboom|47/100
|
|-heal|p2a: Rillaboom|53/100|[from] Grassy Terrain
|-heal|p1a: Raging Bolt|70/100|[from] Grassy Terrain
|upkeep
|turn|23
|
|t:|1779612638
|move|p2a: Rillaboom|High Horsepower|p1a: Raging Bolt
|-supereffective|p1a: Raging Bolt
|-damage|p1a: Raging Bolt|0 fnt
|faint|p1a: Raging Bolt
|-end|p1a: Raging Bolt|Protosynthesis|[silent]
|-damage|p2a: Rillaboom|43/100|[from] item: Life Orb
|
|-heal|p2a: Rillaboom|49/100|[from] Grassy Terrain
|upkeep
|
|t:|1779612645
|switch|p1a: Rillaboom|Rillaboom, F|100/100
|turn|24
|
|t:|1779612651
|move|p2a: Rillaboom|Drum Beating|p1a: Rillaboom
|-resisted|p1a: Rillaboom
|-damage|p1a: Rillaboom|21/100
|-unboost|p1a: Rillaboom|spe|1
|-damage|p2a: Rillaboom|39/100|[from] item: Life Orb
|move|p1a: Rillaboom|Knock Off|p2a: Rillaboom
|-damage|p2a: Rillaboom|3/100
|-enditem|p2a: Rillaboom|Life Orb|[from] move: Knock Off|[of] p1a: Rillaboom
|
|-heal|p2a: Rillaboom|9/100|[from] Grassy Terrain
|-heal|p1a: Rillaboom|27/100|[from] Grassy Terrain
|-heal|p1a: Rillaboom|34/100|[from] item: Leftovers
|upkeep
|turn|25
|
|t:|1779612664
|move|p2a: Rillaboom|Grassy Glide|p1a: Rillaboom
|-resisted|p1a: Rillaboom
|-damage|p1a: Rillaboom|0 fnt
|faint|p1a: Rillaboom
|
|-heal|p2a: Rillaboom|15/100|[from] Grassy Terrain
|-fieldend|move: Grassy Terrain
|upkeep
|
|t:|1779612680
|switch|p1a: Slowking|Slowking-Galar, F|98/100 brn
|turn|26
|
|t:|1779612684
|move|p2a: Rillaboom|High Horsepower|p1a: Slowking
|-supereffective|p1a: Slowking
|-damage|p1a: Slowking|0 fnt
|faint|p1a: Slowking
|
|upkeep
|
|t:|1779612687
|switch|p1a: Great Tusk|Great Tusk|100/100
|turn|27
|
|t:|1779612691
|switch|p2a: Deoxys|Deoxys-Speed|87/100 par
|-ability|p2a: Deoxys|Pressure
|-terastallize|p1a: Great Tusk|Fire
|move|p1a: Great Tusk|Rapid Spin|p2a: Deoxys
|-damage|p2a: Deoxys|57/100 par
|-boost|p1a: Great Tusk|spe|1
|
|upkeep
|turn|28
|
|t:|1779612727
|move|p1a: Great Tusk|Headlong Rush|p2a: Deoxys
|-damage|p2a: Deoxys|0 fnt
|-unboost|p1a: Great Tusk|def|1
|-unboost|p1a: Great Tusk|spd|1
|faint|p2a: Deoxys
|
|upkeep
|
|t:|1779612730
|switch|p2a: Sableye|Sableye, M|21/100
|turn|29
|
|t:|1779612738
|move|p2a: Sableye|Gravity|p2a: Sableye
|-fieldstart|move: Gravity
|move|p1a: Great Tusk|Temper Flare|p2a: Sableye
|-damage|p2a: Sableye|0 fnt
|faint|p2a: Sableye
|
|upkeep
|
|t:|1779612745
|switch|p2a: Iron Treads|Iron Treads|79/100
|turn|30
|
|t:|1779612755
|-terastallize|p2a: Iron Treads|Bug
|move|p1a: Great Tusk|Temper Flare|p2a: Iron Treads
|-supereffective|p2a: Iron Treads
|-damage|p2a: Iron Treads|11/100
|move|p2a: Iron Treads|High Horsepower|p1a: Great Tusk
|-supereffective|p1a: Great Tusk
|-damage|p1a: Great Tusk|0 fnt
|faint|p1a: Great Tusk
|-end|p1a: Great Tusk|Protosynthesis|[silent]
|
|upkeep
|
|t:|1779612761
|switch|p1a: Primarina|Primarina, M|82/100
|turn|31
|
|t:|1779612770
|move|p2a: Iron Treads|High Horsepower|p1a: Primarina
|-damage|p1a: Primarina|19/100
|move|p1a: Primarina|Draining Kiss|p2a: Iron Treads
|-damage|p2a: Iron Treads|0 fnt
|-heal|p1a: Primarina|26/100|[from] drain|[of] p2a: Iron Treads
|faint|p2a: Iron Treads
|-end|p2a: Iron Treads|Quark Drive|[silent]
|
|upkeep
|
|t:|1779612773
|switch|p2a: Rillaboom|Rillaboom, F|15/100
|-fieldstart|move: Grassy Terrain|[from] ability: Grassy Surge|[of] p2a: Rillaboom
|turn|32
|
|t:|1779612776
|move|p2a: Rillaboom|Grassy Glide|p1a: Primarina
|-supereffective|p1a: Primarina
|-damage|p1a: Primarina|0 fnt
|faint|p1a: Primarina
|
|win|aaagislash
|raw|ahlex2's rating: 1352 &rarr; <strong>1331</strong><br />(-21 for losing)
|raw|aaagislash's rating: 1328 &rarr; <strong>1349</strong><br />(+21 for winning)
|l|‽aaagislash
|player|p2|
|l|☆ahlex2
|player|p1|
