|j|☆DaddyPigIsThiqq
|j|☆NatsuNoYutsu
|t:|1779595414
|gametype|singles
|player|p1|DaddyPigIsThiqq|170|1486
|player|p2|NatsuNoYutsu|youngster-gen4dp|1429
|gen|9
|tier|[Gen 9] OU
|rated|
|rule|HP Percentage Mod: HP is shown in percentages
|rule|Endless Battle Clause: Forcing endless battles is banned
|rule|Species Clause: Limit one of each Pokémon
|rule|OHKO Clause: OHKO moves are banned
|rule|Evasion Items Clause: Evasion items are banned
|rule|Evasion Moves Clause: Evasion moves are banned
|rule|Evasion Abilities Clause: Evasion abilities are banned
|rule|Sleep Moves Clause: Sleep-inducing moves are banned
|clearpoke
|poke|p1|Great Tusk|
|poke|p1|Pecharunt|
|poke|p1|Iron Valiant|
|poke|p1|Iron Crown|
|poke|p1|Samurott-Hisui, M|
|poke|p1|Dragonite, M|
|poke|p2|Dragapult, F|
|poke|p2|Corviknight, M|
|poke|p2|Slowking-Galar, F|
|poke|p2|Iron Moth|
|poke|p2|Garchomp, F|
|poke|p2|Clefable, F|
|teampreview
|inactive|Battle timer is ON: inactive players will automatically lose when time's up. (requested by NatsuNoYutsu)
|
|t:|1779595432
|teamsize|p1|6
|teamsize|p2|6
|start
|switch|p1a: Iron Valiant|Iron Valiant, shiny|100/100
|switch|p2a: Dragapult|Dragapult, F|100/100
|turn|1
|
|t:|1779595439
|move|p2a: Dragapult|U-turn|p1a: Iron Valiant
|-resisted|p1a: Iron Valiant
|-damage|p1a: Iron Valiant|89/100
|
|t:|1779595443
|switch|p2a: Garchomp|Garchomp, F, shiny|100/100|[from] U-turn
|move|p1a: Iron Valiant|Shadow Ball|p2a: Garchomp
|-damage|p2a: Garchomp|61/100
|
|upkeep
|turn|2
|
|t:|1779595452
|-end|p1a: Iron Valiant|Quark Drive|[silent]
|switch|p1a: Great Tusk|Great Tusk, shiny|100/100
|switch|p2a: Slowking|Slowking-Galar, F|100/100
|
|upkeep
|turn|3
|
|t:|1779595461
|switch|p2a: Garchomp|Garchomp, F, shiny|61/100
|move|p1a: Great Tusk|Stealth Rock|p2a: Garchomp
|-sidestart|p2: NatsuNoYutsu|move: Stealth Rock
|
|upkeep
|turn|4
|
|t:|1779595469
|move|p1a: Great Tusk|Ice Spinner|p2a: Garchomp
|-supereffective|p2a: Garchomp
|-damage|p2a: Garchomp|0 fnt
|-damage|p1a: Great Tusk|88/100|[from] ability: Rough Skin|[of] p2a: Garchomp
|-damage|p1a: Great Tusk|72/100|[from] item: Rocky Helmet|[of] p2a: Garchomp
|faint|p2a: Garchomp
|
|upkeep
|
|t:|1779595484
|switch|p2a: Iron Moth|Iron Moth, shiny|100/100
|-damage|p2a: Iron Moth|76/100|[from] Stealth Rock
|-enditem|p2a: Iron Moth|Booster Energy
|-activate|p2a: Iron Moth|ability: Quark Drive|[fromitem]
|-start|p2a: Iron Moth|quarkdrivespe
|turn|5
|
|t:|1779595507
|-end|p1a: Great Tusk|Protosynthesis|[silent]
|switch|p1a: Pecharunt|Pecharunt|100/100
|move|p2a: Iron Moth|Fiery Dance|p1a: Pecharunt
|-damage|p1a: Pecharunt|61/100
|-boost|p2a: Iron Moth|spa|1
|
|upkeep
|turn|6
|
|t:|1779595515
|move|p2a: Iron Moth|Fiery Dance|p1a: Pecharunt
|-damage|p1a: Pecharunt|0 fnt
|-boost|p2a: Iron Moth|spa|1
|faint|p1a: Pecharunt
|
|upkeep
|
|t:|1779595531
|switch|p1a: Samurott|Samurott-Hisui, M, shiny|100/100
|turn|7
|
|t:|1779595546
|move|p1a: Samurott|Sucker Punch|p2a: Iron Moth
|-damage|p2a: Iron Moth|7/100
|move|p2a: Iron Moth|Energy Ball|p1a: Samurott
|-supereffective|p1a: Samurott
|-damage|p1a: Samurott|0 fnt
|faint|p1a: Samurott
|
|upkeep
|
|t:|1779595550
|switch|p1a: Dragonite|Dragonite, M, shiny|100/100
|turn|8
|
|t:|1779595560
|-end|p2a: Iron Moth|Quark Drive|[silent]
|switch|p2a: Dragapult|Dragapult, F|100/100
|-damage|p2a: Dragapult|88/100|[from] Stealth Rock
|move|p1a: Dragonite|Extreme Speed|p2a: Dragapult
|-immune|p2a: Dragapult
|
|upkeep
|turn|9
|
|t:|1779595569
|-terastallize|p1a: Dragonite|Normal
|move|p2a: Dragapult|Dragon Darts|p1a: Dragonite
|-damage|p1a: Dragonite|79/100
|-anim|p2a: Dragapult|Dragon Darts|p1a: Dragonite
|-damage|p1a: Dragonite|35/100
|move|p1a: Dragonite|Dragon Dance|p1a: Dragonite
|-boost|p1a: Dragonite|atk|1
|-boost|p1a: Dragonite|spe|1
|
|upkeep
|turn|10
|
|t:|1779595587
|move|p1a: Dragonite|Earthquake|p2a: Dragapult
|-damage|p2a: Dragapult|11/100
|move|p2a: Dragapult|Dragon Darts|p1a: Dragonite
|-damage|p1a: Dragonite|0 fnt
|faint|p1a: Dragonite
|
|upkeep
|
|t:|1779595592
|switch|p1a: Iron Crown|Iron Crown|100/100
|turn|11
|
|t:|1779595604
|move|p2a: Dragapult|Dragon Darts|p1a: Iron Crown
|-resisted|p1a: Iron Crown
|-damage|p1a: Iron Crown|82/100
|-anim|p2a: Dragapult|Dragon Darts|p1a: Iron Crown
|-resisted|p1a: Iron Crown
|-damage|p1a: Iron Crown|61/100
|move|p1a: Iron Crown|Volt Switch|p2a: Dragapult
|-resisted|p2a: Dragapult
|-damage|p2a: Dragapult|0 fnt
|faint|p2a: Dragapult
|
|t:|1779595607
|-end|p1a: Iron Crown|Quark Drive|[silent]
|switch|p1a: Great Tusk|Great Tusk, shiny|72/100|[from] Volt Switch
|
|upkeep
|l|☆NatsuNoYutsu
|inactive|NatsuNoYutsu disconnected and has a minute to reconnect!
|player|p2|
|inactive|NatsuNoYutsu has 30 seconds to reconnect!
|inactive|NatsuNoYutsu has 20 seconds to reconnect!
|inactive|NatsuNoYutsu has 15 seconds to reconnect!
|inactive|NatsuNoYutsu has 10 seconds to reconnect!
|inactive|NatsuNoYutsu has 5 seconds to reconnect!
|-message|NatsuNoYutsu lost due to inactivity.
|
|win|DaddyPigIsThiqq
|raw|DaddyPigIsThiqq's rating: 1486 &rarr; <strong>1503</strong><br />(+17 for winning)
|raw|NatsuNoYutsu's rating: 1429 &rarr; <strong>1412</strong><br />(-17 for losing)
