|j|☆greattrainer123
|j|☆Dubyaz13
|t:|1779596449
|gametype|singles
|player|p1|greattrainer123|2|1363
|player|p2|Dubyaz13|linebacker|1360
|gen|9
|tier|[Gen 9] OU
|rated|
|rule|HP Percentage Mod: HP is shown in percentages
|rule|Endless Battle Clause: Forcing endless battles is banned
|rule|Species Clause: Limit one of each Pokémon
|rule|OHKO Clause: OHKO moves are banned
|rule|Evasion Items Clause: Evasion items are banned
|rule|Evasion Moves Clause: Evasion moves are banned
|rule|Evasion Abilities Clause: Evasion abilities are banned
|rule|Sleep Moves Clause: Sleep-inducing moves are banned
|clearpoke
|poke|p1|Kingambit, M|
|poke|p1|Hatterene, F|
|poke|p1|Ursaluna, F|
|poke|p1|Deoxys-Defense|
|poke|p1|Rabsca, F|
|poke|p1|Crawdaunt, F|
|poke|p2|Dragonite, F|
|poke|p2|Samurott-Hisui, F|
|poke|p2|Gholdengo|
|poke|p2|Pecharunt|
|poke|p2|Walking Wake|
|poke|p2|Ting-Lu|
|teampreview
|
|t:|1779596457
|teamsize|p1|6
|teamsize|p2|6
|start
|switch|p1a: Deoxys|Deoxys-Defense|100/100
|switch|p2a: Samurott|Samurott-Hisui, F|100/100
|-ability|p1a: Deoxys|Pressure
|turn|1
|inactive|Battle timer is ON: inactive players will automatically lose when time's up. (requested by greattrainer123)
|
|t:|1779596465
|move|p2a: Samurott|Ceaseless Edge|p1a: Deoxys
|-supereffective|p1a: Deoxys
|-damage|p1a: Deoxys|43/100
|-sidestart|p1: greattrainer123|Spikes
|-enditem|p1a: Deoxys|Sitrus Berry|[eat]
|-heal|p1a: Deoxys|68/100|[from] item: Sitrus Berry
|move|p1a: Deoxys|Counter|p2a: Samurott
|-damage|p2a: Samurott|4/100
|
|upkeep
|turn|2
|
|t:|1779596487
|move|p2a: Samurott|Ceaseless Edge|p1a: Deoxys
|-supereffective|p1a: Deoxys
|-damage|p1a: Deoxys|4/100
|-sidestart|p1: greattrainer123|Spikes
|move|p1a: Deoxys|Trick Room|p1a: Deoxys
|-fieldstart|move: Trick Room|[of] p1a: Deoxys
|
|upkeep
|turn|3
|
|t:|1779596495
|switch|p2a: Ting-Lu|Ting-Lu|100/100
|-ability|p2a: Ting-Lu|Vessel of Ruin
|move|p1a: Deoxys|Teleport|p1a: Deoxys
|
|t:|1779596503
|switch|p1a: Crawdaunt|Crawdaunt, F|100/100|[from] Teleport
|-damage|p1a: Crawdaunt|84/100|[from] Spikes
|
|upkeep
|turn|4
|
|t:|1779596515
|switch|p2a: Dragonite|Dragonite, F|100/100
|move|p1a: Crawdaunt|Crabhammer|p2a: Dragonite
|-resisted|p2a: Dragonite
|-damage|p2a: Dragonite|85/100
|
|upkeep
|turn|5
|
|t:|1779596524
|switch|p2a: Ting-Lu|Ting-Lu|100/100
|-ability|p2a: Ting-Lu|Vessel of Ruin
|move|p1a: Crawdaunt|Knock Off|p2a: Ting-Lu
|-resisted|p2a: Ting-Lu
|-damage|p2a: Ting-Lu|82/100
|-enditem|p2a: Ting-Lu|Leftovers|[from] move: Knock Off|[of] p1a: Crawdaunt
|
|upkeep
|turn|6
|
|t:|1779596534
|move|p1a: Crawdaunt|Knock Off|p2a: Ting-Lu
|-resisted|p2a: Ting-Lu
|-damage|p2a: Ting-Lu|70/100
|move|p2a: Ting-Lu|Earthquake|p1a: Crawdaunt
|-damage|p1a: Crawdaunt|41/100
|
|-fieldend|move: Trick Room
|upkeep
|turn|7
|
|t:|1779596539
|switch|p2a: Dragonite|Dragonite, F|85/100
|move|p1a: Crawdaunt|Crabhammer|p2a: Dragonite
|-resisted|p2a: Dragonite
|-damage|p2a: Dragonite|50/100
|
|upkeep
|turn|8
|
|t:|1779596549
|move|p2a: Dragonite|Low Kick|p1a: Crawdaunt
|-supereffective|p1a: Crawdaunt
|-damage|p1a: Crawdaunt|0 fnt
|faint|p1a: Crawdaunt
|
|upkeep
|
|t:|1779596559
|switch|p1a: Hatterene|Hatterene, F|100/100
|-damage|p1a: Hatterene|84/100|[from] Spikes
|turn|9
|
|t:|1779596562
|move|p2a: Dragonite|Roost|p2a: Dragonite
|-heal|p2a: Dragonite|100/100
|-singleturn|p2a: Dragonite|move: Roost
|move|p1a: Hatterene|Trick Room|p1a: Hatterene
|-fieldstart|move: Trick Room|[of] p1a: Hatterene
|
|upkeep
|turn|10
|
|t:|1779596567
|switch|p2a: Gholdengo|Gholdengo|100/100
|move|p1a: Hatterene|Psychic Noise|p2a: Gholdengo
|-resisted|p2a: Gholdengo
|-damage|p2a: Gholdengo|74/100
|-start|p2a: Gholdengo|move: Heal Block
|
|upkeep
|turn|11
|
|t:|1779596573
|move|p1a: Hatterene|Mystical Fire|p2a: Gholdengo
|-supereffective|p2a: Gholdengo
|-damage|p2a: Gholdengo|2/100
|-unboost|p2a: Gholdengo|spa|1
|move|p2a: Gholdengo|Shadow Ball|p1a: Hatterene
|-supereffective|p1a: Hatterene
|-damage|p1a: Hatterene|28/100
|
|-end|p2a: Gholdengo|move: Heal Block
|upkeep
|turn|12
|
|t:|1779596582
|switch|p2a: Pecharunt|Pecharunt|100/100
|move|p1a: Hatterene|Mystical Fire|p2a: Pecharunt
|-damage|p2a: Pecharunt|70/100
|-unboost|p2a: Pecharunt|spa|1
|
|upkeep
|turn|13
|
|t:|1779596587
|switch|p2a: Samurott|Samurott-Hisui, F|4/100
|move|p1a: Hatterene|Psychic Noise|p2a: Samurott
|-immune|p2a: Samurott
|
|-fieldend|move: Trick Room
|upkeep
|turn|14
|
|t:|1779596592
|switch|p1a: Deoxys|Deoxys-Defense|4/100
|-damage|p1a: Deoxys|0 fnt|[from] Spikes
|faint|p1a: Deoxys
|move|p2a: Samurott|Ceaseless Edge|p1: Deoxys|[notarget]
|-fail|p2a: Samurott
|
|upkeep
|
|t:|1779596605
|switch|p1a: Kingambit|Kingambit, M|100/100
|-damage|p1a: Kingambit|84/100|[from] Spikes
|-activate|p1a: Kingambit|ability: Supreme Overlord
|-start|p1a: Kingambit|fallen2|[silent]
|turn|15
|
|t:|1779596613
|move|p2a: Samurott|Ceaseless Edge|p1a: Kingambit
|-resisted|p1a: Kingambit
|-damage|p1a: Kingambit|69/100
|-sidestart|p1: greattrainer123|Spikes
|move|p1a: Kingambit|Kowtow Cleave|p2a: Samurott
|-resisted|p2a: Samurott
|-damage|p2a: Samurott|0 fnt
|faint|p2a: Samurott
|
|upkeep
|
|t:|1779596627
|switch|p2a: Dragonite|Dragonite, F|100/100
|turn|16
|
|t:|1779596636
|-end|p1a: Kingambit|fallen2|[silent]
|switch|p1a: Hatterene|Hatterene, F|28/100
|-damage|p1a: Hatterene|4/100|[from] Spikes
|move|p2a: Dragonite|Dragon Tail|p1a: Hatterene
|-immune|p1a: Hatterene
|
|upkeep
|turn|17
|
|t:|1779596644
|move|p2a: Dragonite|Extreme Speed|p1a: Hatterene
|-damage|p1a: Hatterene|0 fnt
|faint|p1a: Hatterene
|
|upkeep
|
|t:|1779596651
|switch|p1a: Rabsca|Rabsca, F|100/100
|-damage|p1a: Rabsca|76/100|[from] Spikes
|turn|18
|
|t:|1779596659
|switch|p2a: Ting-Lu|Ting-Lu|70/100
|-ability|p2a: Ting-Lu|Vessel of Ruin
|move|p1a: Rabsca|Trick Room|p1a: Rabsca
|-fieldstart|move: Trick Room|[of] p1a: Rabsca
|
|upkeep
|turn|19
|
|t:|1779596667
|move|p1a: Rabsca|Revival Blessing|p1a: Rabsca
|
|t:|1779596696
|-heal|p1: Hatterene|50/100|[from] move: Revival Blessing
|move|p2a: Ting-Lu|Stealth Rock|p1a: Rabsca
|-sidestart|p1: greattrainer123|move: Stealth Rock
|
|upkeep
|turn|20
|
|t:|1779596705
|move|p1a: Rabsca|Future Sight|p2a: Ting-Lu
|-start|p1a: Rabsca|move: Future Sight
|move|p2a: Ting-Lu|Whirlwind|p1a: Rabsca
|drag|p1a: Ursaluna|Ursaluna, F|100/100
|-damage|p1a: Ursaluna|76/100|[from] Spikes
|-damage|p1a: Ursaluna|70/100|[from] Stealth Rock
|
|-status|p1a: Ursaluna|brn|[from] item: Flame Orb
|upkeep
|turn|21
|inactive|greattrainer123 has 120 seconds left.
|
|t:|1779596730
|-terastallize|p2a: Ting-Lu|Ghost
|-terastallize|p1a: Ursaluna|Ground
|move|p1a: Ursaluna|Headlong Rush|p2a: Ting-Lu
|-damage|p2a: Ting-Lu|0 fnt
|-unboost|p1a: Ursaluna|def|1
|-unboost|p1a: Ursaluna|spd|1
|faint|p2a: Ting-Lu
|
|-damage|p1a: Ursaluna|64/100 brn|[from] brn
|upkeep
|inactive|Dubyaz13 has 120 seconds left.
|
|t:|1779596743
|switch|p2a: Dragonite|Dragonite, F|100/100
|turn|22
|
|t:|1779596750
|move|p1a: Ursaluna|Facade|p2a: Dragonite
|-damage|p2a: Dragonite|46/100
|move|p2a: Dragonite|Low Kick|p1a: Ursaluna
|-damage|p1a: Ursaluna|20/100 brn
|
|-end|p2a: Dragonite|move: Future Sight
|-damage|p2a: Dragonite|0 fnt
|faint|p2a: Dragonite
|-damage|p1a: Ursaluna|13/100 brn|[from] brn
|-fieldend|move: Trick Room
|upkeep
|
|t:|1779596756
|switch|p2a: Walking Wake|Walking Wake|100/100
|turn|23
|
|t:|1779596760
|move|p2a: Walking Wake|Flip Turn|p1a: Ursaluna
|-supereffective|p1a: Ursaluna
|-damage|p1a: Ursaluna|0 fnt
|faint|p1a: Ursaluna
|
|t:|1779596768
|-end|p2a: Walking Wake|Protosynthesis|[silent]
|switch|p2a: Gholdengo|Gholdengo|2/100|[from] Flip Turn
|
|upkeep
|
|t:|1779596777
|switch|p1a: Kingambit|Kingambit, M|69/100
|-damage|p1a: Kingambit|44/100|[from] Spikes
|-damage|p1a: Kingambit|38/100|[from] Stealth Rock
|-activate|p1a: Kingambit|ability: Supreme Overlord
|-start|p1a: Kingambit|fallen4|[silent]
|turn|24
|
|t:|1779596781
|move|p1a: Kingambit|Sucker Punch||[still]
|-fail|p1a: Kingambit
|move|p2a: Gholdengo|Trick|p1a: Kingambit
|-activate|p2a: Gholdengo|move: Trick|[of] p1a: Kingambit
|-item|p1a: Kingambit|Choice Scarf|[from] move: Trick
|-item|p2a: Gholdengo|Choice Band|[from] move: Trick
|
|upkeep
|turn|25
|
|t:|1779596795
|switch|p2a: Pecharunt|Pecharunt|70/100
|move|p1a: Kingambit|Kowtow Cleave|p2a: Pecharunt
|-supereffective|p2a: Pecharunt
|-damage|p2a: Pecharunt|0 fnt
|faint|p2a: Pecharunt
|
|upkeep
|
|t:|1779596802
|switch|p2a: Walking Wake|Walking Wake|100/100
|turn|26
|
|t:|1779596811
|-end|p1a: Kingambit|fallen4|[silent]
|switch|p1a: Hatterene|Hatterene, F|50/100
|-damage|p1a: Hatterene|26/100|[from] Spikes
|-damage|p1a: Hatterene|13/100|[from] Stealth Rock
|move|p2a: Walking Wake|Surf|p1a: Hatterene
|-damage|p1a: Hatterene|0 fnt
|faint|p1a: Hatterene
|
|upkeep
|
|t:|1779596817
|switch|p1a: Rabsca|Rabsca, F|76/100
|-damage|p1a: Rabsca|51/100|[from] Spikes
|-damage|p1a: Rabsca|26/100|[from] Stealth Rock
|turn|27
|
|t:|1779596822
|move|p2a: Walking Wake|Surf|p1a: Rabsca
|-crit|p1a: Rabsca
|-damage|p1a: Rabsca|0 fnt
|faint|p1a: Rabsca
|
|upkeep
|
|t:|1779596826
|switch|p1a: Kingambit|Kingambit, M|38/100
|-damage|p1a: Kingambit|13/100|[from] Spikes
|-damage|p1a: Kingambit|7/100|[from] Stealth Rock
|-activate|p1a: Kingambit|ability: Supreme Overlord
|-start|p1a: Kingambit|fallen5|[silent]
|turn|28
|
|t:|1779596829
|-end|p2a: Walking Wake|Protosynthesis|[silent]
|switch|p2a: Gholdengo|Gholdengo|2/100
|move|p1a: Kingambit|Sucker Punch||[still]
|-fail|p1a: Kingambit
|
|upkeep
|turn|29
|
|t:|1779596836
|move|p1a: Kingambit|Sucker Punch||[still]
|-fail|p1a: Kingambit
|move|p2a: Gholdengo|Recover|p2a: Gholdengo
|-heal|p2a: Gholdengo|52/100
|
|upkeep
|turn|30
|-message|greattrainer123 forfeited.
|
|win|Dubyaz13
|raw|greattrainer123's rating: 1363 &rarr; <strong>1343</strong><br />(-20 for losing)
|raw|Dubyaz13's rating: 1360 &rarr; <strong>1380</strong><br />(+20 for winning)
|l|☆greattrainer123
|player|p1|
|l|☆Dubyaz13
|player|p2|
