|j|☆WalleyAdams
|j|☆dutudtfykc
|t:|1779641022
|gametype|singles
|player|p1|WalleyAdams|musician|1051
|player|p2|dutudtfykc|169|1000
|gen|9
|tier|[Gen 9] OU
|rated|
|rule|HP Percentage Mod: HP is shown in percentages
|rule|Endless Battle Clause: Forcing endless battles is banned
|rule|Species Clause: Limit one of each Pokémon
|rule|OHKO Clause: OHKO moves are banned
|rule|Evasion Items Clause: Evasion items are banned
|rule|Evasion Moves Clause: Evasion moves are banned
|rule|Evasion Abilities Clause: Evasion abilities are banned
|rule|Sleep Moves Clause: Sleep-inducing moves are banned
|clearpoke
|poke|p1|Zamazenta-*|
|poke|p1|Kommo-o, F|
|poke|p1|Ogerpon, F|
|poke|p1|Darkrai|
|poke|p1|Regieleki|
|poke|p1|Necrozma|
|poke|p2|Lokix, F|
|poke|p2|Iron Treads|
|poke|p2|Ceruledge, M|
|poke|p2|Iron Valiant|
|poke|p2|Alomomola, F|
|poke|p2|Darkrai|
|teampreview
|
|t:|1779641027
|teamsize|p1|6
|teamsize|p2|6
|start
|switch|p1a: Regieleki|Regieleki|100/100
|switch|p2a: Lokix|Lokix, F|100/100
|-item|p1a: Regieleki|Air Balloon
|turn|1
|
|t:|1779641038
|move|p2a: Lokix|First Impression|p1a: Regieleki
|-damage|p1a: Regieleki|3/100
|-enditem|p1a: Regieleki|Air Balloon
|move|p1a: Regieleki|Acrobatics|p2a: Lokix
|-supereffective|p2a: Lokix
|-damage|p2a: Lokix|11/100
|
|upkeep
|turn|2
|
|t:|1779641050
|switch|p2a: Iron Treads|Iron Treads|100/100
|-enditem|p2a: Iron Treads|Booster Energy
|-activate|p2a: Iron Treads|ability: Quark Drive|[fromitem]
|-start|p2a: Iron Treads|quarkdrivespe
|move|p1a: Regieleki|Explosion|p2a: Iron Treads
|-resisted|p2a: Iron Treads
|-damage|p2a: Iron Treads|67/100
|faint|p1a: Regieleki
|
|upkeep
|
|t:|1779641056
|switch|p1a: Zamazenta|Zamazenta|100/100
|-ability|p1a: Zamazenta|Dauntless Shield|boost
|-boost|p1a: Zamazenta|def|1
|turn|3
|
|t:|1779641067
|-terastallize|p2a: Iron Treads|Ground
|move|p2a: Iron Treads|Earthquake|p1a: Zamazenta
|-damage|p1a: Zamazenta|68/100
|move|p1a: Zamazenta|Crunch|p2a: Iron Treads
|-damage|p2a: Iron Treads|49/100
|
|-heal|p1a: Zamazenta|74/100|[from] item: Leftovers
|upkeep
|turn|4
|
|t:|1779641080
|move|p2a: Iron Treads|Earthquake|p1a: Zamazenta
|-damage|p1a: Zamazenta|40/100
|move|p1a: Zamazenta|Substitute|p1a: Zamazenta
|-start|p1a: Zamazenta|Substitute
|-damage|p1a: Zamazenta|15/100
|
|-heal|p1a: Zamazenta|21/100|[from] item: Leftovers
|upkeep
|turn|5
|
|t:|1779641089
|move|p2a: Iron Treads|Earthquake|p1a: Zamazenta
|-end|p1a: Zamazenta|Substitute
|move|p1a: Zamazenta|Iron Defense|p1a: Zamazenta
|-boost|p1a: Zamazenta|def|2
|
|-heal|p1a: Zamazenta|28/100|[from] item: Leftovers
|upkeep
|turn|6
|
|t:|1779641098
|move|p2a: Iron Treads|Earthquake|p1a: Zamazenta
|-damage|p1a: Zamazenta|9/100
|move|p1a: Zamazenta|Body Press|p2a: Iron Treads
|-damage|p2a: Iron Treads|0 fnt
|faint|p2a: Iron Treads
|-end|p2a: Iron Treads|Quark Drive|[silent]
|
|-heal|p1a: Zamazenta|15/100|[from] item: Leftovers
|upkeep
|
|t:|1779641111
|switch|p2a: Lokix|Lokix, F|11/100
|turn|7
|
|t:|1779641115
|move|p2a: Lokix|First Impression|p1a: Zamazenta
|-resisted|p1a: Zamazenta
|-crit|p1a: Zamazenta
|-damage|p1a: Zamazenta|0 fnt
|faint|p1a: Zamazenta
|
|upkeep
|
|t:|1779641127
|switch|p1a: Necrozma|Necrozma|100/100
|turn|8
|
|t:|1779641138
|switch|p2a: Darkrai|Darkrai|100/100
|move|p1a: Necrozma|Dragon Dance|p1a: Necrozma
|-boost|p1a: Necrozma|atk|1
|-boost|p1a: Necrozma|spe|1
|
|upkeep
|turn|9
|
|t:|1779641149
|move|p1a: Necrozma|X-Scissor|p2a: Darkrai
|-supereffective|p2a: Darkrai
|-damage|p2a: Darkrai|24/100
|move|p2a: Darkrai|Dark Pulse|p1a: Necrozma
|-supereffective|p1a: Necrozma
|-damage|p1a: Necrozma|8/100
|-enditem|p1a: Necrozma|Weakness Policy
|-boost|p1a: Necrozma|atk|2|[from] item: Weakness Policy
|-boost|p1a: Necrozma|spa|2|[from] item: Weakness Policy
|-damage|p2a: Darkrai|14/100|[from] item: Life Orb
|
|upkeep
|turn|10
|
|t:|1779641161
|move|p1a: Necrozma|X-Scissor|p2a: Darkrai
|-supereffective|p2a: Darkrai
|-damage|p2a: Darkrai|0 fnt
|faint|p2a: Darkrai
|
|upkeep
|
|t:|1779641168
|switch|p2a: Lokix|Lokix, F|11/100
|turn|11
|
|t:|1779641172
|move|p2a: Lokix|First Impression|p1a: Necrozma
|-supereffective|p1a: Necrozma
|-damage|p1a: Necrozma|0 fnt
|faint|p1a: Necrozma
|
|upkeep
|
|t:|1779641174
|switch|p1a: Kommo-o|Kommo-o, F|100/100
|turn|12
|
|t:|1779641191
|move|p2a: Lokix|First Impression||[still]
|-hint|First Impression only works on your first turn out.
|-fail|p2a: Lokix
|move|p1a: Kommo-o|Clangorous Soul|p1a: Kommo-o
|-boost|p1a: Kommo-o|atk|1
|-boost|p1a: Kommo-o|def|1
|-boost|p1a: Kommo-o|spa|1
|-boost|p1a: Kommo-o|spd|1
|-boost|p1a: Kommo-o|spe|1
|-damage|p1a: Kommo-o|68/100
|
|upkeep
|turn|13
|
|t:|1779641202
|move|p2a: Lokix|First Impression||[still]
|-hint|First Impression only works on your first turn out.
|-fail|p2a: Lokix
|move|p1a: Kommo-o|Clanging Scales|p2a: Lokix
|-damage|p2a: Lokix|0 fnt
|faint|p2a: Lokix
|-unboost|p1a: Kommo-o|def|1
|
|upkeep
|
|t:|1779641213
|switch|p2a: Iron Valiant|Iron Valiant|100/100
|-enditem|p2a: Iron Valiant|Booster Energy
|-activate|p2a: Iron Valiant|ability: Quark Drive|[fromitem]
|-start|p2a: Iron Valiant|quarkdrivespe
|turn|14
|
|t:|1779641221
|-terastallize|p1a: Kommo-o|Normal
|move|p2a: Iron Valiant|Moonblast|p1a: Kommo-o
|-damage|p1a: Kommo-o|32/100
|-unboost|p1a: Kommo-o|spa|1
|-enditem|p1a: Kommo-o|Sitrus Berry|[eat]
|-heal|p1a: Kommo-o|57/100|[from] item: Sitrus Berry
|move|p1a: Kommo-o|Boomburst|p2a: Iron Valiant
|-damage|p2a: Iron Valiant|0 fnt
|faint|p2a: Iron Valiant
|-end|p2a: Iron Valiant|Quark Drive|[silent]
|
|upkeep
|
|t:|1779641234
|switch|p2a: Ceruledge|Ceruledge, M|100/100
|turn|15
|
|t:|1779641241
|move|p1a: Kommo-o|Clanging Scales|p2a: Ceruledge
|-damage|p2a: Ceruledge|66/100
|-unboost|p1a: Kommo-o|def|1
|move|p2a: Ceruledge|Close Combat|p1a: Kommo-o
|-supereffective|p1a: Kommo-o
|-damage|p1a: Kommo-o|0 fnt
|-unboost|p2a: Ceruledge|def|1
|-unboost|p2a: Ceruledge|spd|1
|faint|p1a: Kommo-o
|
|upkeep
|
|t:|1779641246
|switch|p1a: Darkrai|Darkrai|100/100
|turn|16
|
|t:|1779641258
|switch|p2a: Alomomola|Alomomola, F|100/100
|move|p1a: Darkrai|Dark Pulse|p2a: Alomomola
|-damage|p2a: Alomomola|50/100
|
|upkeep
|turn|17
|
|t:|1779641267
|move|p1a: Darkrai|Dark Pulse|p2a: Alomomola
|-damage|p2a: Alomomola|2/100
|move|p2a: Alomomola|Flip Turn|p1a: Darkrai
|-damage|p1a: Darkrai|79/100
|
|t:|1779641273
|switch|p2a: Ceruledge|Ceruledge, M|66/100|[from] Flip Turn
|
|upkeep
|turn|18
|
|t:|1779641279
|move|p1a: Darkrai|Dark Pulse|p2a: Ceruledge
|-supereffective|p2a: Ceruledge
|-damage|p2a: Ceruledge|0 fnt
|faint|p2a: Ceruledge
|
|upkeep
|-message|dutudtfykc forfeited.
|
|win|WalleyAdams
|raw|WalleyAdams's rating: 1051 &rarr; <strong>1079</strong><br />(+28 for winning)
|raw|dutudtfykc's rating: 1000 &rarr; <strong>1000</strong><br />(+0 for losing)
|l|☆dutudtfykc
|player|p2|
