|j|☆djchero
|j|☆Gimmick Trials
|t:|1779571918
|gametype|singles
|player|p1|djchero|n|1320
|player|p2|Gimmick Trials|sonia-masters|1359
|gen|9
|tier|[Gen 9] OU
|rated|
|rule|HP Percentage Mod: HP is shown in percentages
|rule|Endless Battle Clause: Forcing endless battles is banned
|rule|Species Clause: Limit one of each Pokémon
|rule|OHKO Clause: OHKO moves are banned
|rule|Evasion Items Clause: Evasion items are banned
|rule|Evasion Moves Clause: Evasion moves are banned
|rule|Evasion Abilities Clause: Evasion abilities are banned
|rule|Sleep Moves Clause: Sleep-inducing moves are banned
|clearpoke
|poke|p1|Kyurem|
|poke|p1|Slowking-Galar, F|
|poke|p1|Lokix, M|
|poke|p1|Keldeo-Resolute|
|poke|p1|Landorus-Therian, M|
|poke|p1|Ceruledge, F|
|poke|p2|Landorus-Therian, M|
|poke|p2|Deoxys-Speed|
|poke|p2|Heatran, M|
|poke|p2|Great Tusk|
|poke|p2|Greninja-*, M|
|poke|p2|Flapple, M|
|teampreview
|inactive|Battle timer is ON: inactive players will automatically lose when time's up. (requested by Gimmick Trials)
|inactive|Gimmick Trials has 120 seconds left.
|inactive|Gimmick Trials has 90 seconds left.
|
|t:|1779571979
|teamsize|p1|6
|teamsize|p2|6
|start
|switch|p1a: Kyurem|Kyurem, shiny|100/100
|switch|p2a: Landorus|Landorus-Therian, M|100/100
|-ability|p1a: Kyurem|Pressure
|-ability|p2a: Landorus|Intimidate|boost
|-unboost|p1a: Kyurem|atk|1
|turn|1
|
|t:|1779571993
|switch|p2a: Deoxys|Deoxys-Speed|100/100
|-ability|p2a: Deoxys|Pressure
|move|p1a: Kyurem|Ice Beam|p2a: Deoxys
|-damage|p2a: Deoxys|32/100
|
|upkeep
|turn|2
|
|t:|1779571999
|switch|p1a: Slowking|Slowking-Galar, F|100/100
|move|p2a: Deoxys|Gravity|p2a: Deoxys
|-fieldstart|move: Gravity
|
|upkeep
|turn|3
|
|t:|1779572008
|move|p2a: Deoxys|Taunt|p1a: Slowking
|-start|p1a: Slowking|move: Taunt
|move|p1a: Slowking|Sludge Bomb|p2a: Deoxys
|-damage|p2a: Deoxys|0 fnt
|faint|p2a: Deoxys
|
|upkeep
|
|t:|1779572029
|switch|p2a: Great Tusk|Great Tusk|100/100
|turn|4
|
|t:|1779572033
|switch|p1a: Landorus|Landorus-Therian, M|100/100
|-ability|p1a: Landorus|Intimidate|boost
|-unboost|p2a: Great Tusk|atk|1
|-terastallize|p2a: Great Tusk|Ground
|move|p2a: Great Tusk|Headlong Rush|p1a: Landorus
|-damage|p1a: Landorus|41/100
|-unboost|p2a: Great Tusk|def|1
|-unboost|p2a: Great Tusk|spd|1
|-damage|p2a: Great Tusk|84/100|[from] item: Rocky Helmet|[of] p1a: Landorus
|
|upkeep
|turn|5
|
|t:|1779572046
|move|p2a: Great Tusk|Headlong Rush|p1a: Landorus
|-damage|p1a: Landorus|0 fnt
|-unboost|p2a: Great Tusk|def|1
|-unboost|p2a: Great Tusk|spd|1
|-damage|p2a: Great Tusk|68/100|[from] item: Rocky Helmet|[of] p1a: Landorus
|faint|p1a: Landorus
|
|upkeep
|
|t:|1779572056
|switch|p1a: Kyurem|Kyurem, shiny|100/100
|-ability|p1a: Kyurem|Pressure
|turn|6
|
|t:|1779572076
|-end|p2a: Great Tusk|Protosynthesis|[silent]
|switch|p2a: Greninja|Greninja, M|100/100
|move|p1a: Kyurem|Freeze-Dry|p2a: Greninja
|-supereffective|p2a: Greninja
|-damage|p2a: Greninja|0 fnt
|faint|p2a: Greninja
|
|-fieldend|move: Gravity
|upkeep
|
|t:|1779572085
|switch|p2a: Flapple|Flapple, M|100/100
|turn|7
|
|t:|1779572093
|move|p1a: Kyurem|Freeze-Dry|p2a: Flapple
|-supereffective|p2a: Flapple
|-damage|p2a: Flapple|0 fnt
|faint|p2a: Flapple
|
|upkeep
|
|t:|1779572098
|switch|p2a: Heatran|Heatran, M|100/100
|-item|p2a: Heatran|Air Balloon
|turn|8
|
|t:|1779572106
|switch|p1a: Slowking|Slowking-Galar, F|100/100
|move|p2a: Heatran|Stealth Rock|p1a: Slowking
|-sidestart|p1: djchero|move: Stealth Rock
|
|upkeep
|turn|9
|
|t:|1779572110
|move|p2a: Heatran|Taunt|p1a: Slowking
|-start|p1a: Slowking|move: Taunt
|-prepare|p1a: Slowking|Chilly Reception|[premajor]
|cant|p1a: Slowking|move: Taunt|Chilly Reception
|
|upkeep
|turn|10
|
|t:|1779572116
|switch|p1a: Keldeo|Keldeo-Resolute|100/100
|-damage|p1a: Keldeo|94/100|[from] Stealth Rock
|move|p2a: Heatran|Magma Storm|p1a: Keldeo
|-resisted|p1a: Keldeo
|-damage|p1a: Keldeo|71/100
|-activate|p1a: Keldeo|move: Magma Storm|[of] p2a: Heatran
|
|-heal|p1a: Keldeo|77/100|[from] item: Leftovers
|-damage|p1a: Keldeo|65/100|[from] move: Magma Storm|[partiallytrapped]
|upkeep
|turn|11
|
|t:|1779572127
|move|p1a: Keldeo|Surf|p2a: Heatran
|-supereffective|p2a: Heatran
|-damage|p2a: Heatran|23/100
|-enditem|p2a: Heatran|Air Balloon
|move|p2a: Heatran|Earth Power|p1a: Keldeo
|-damage|p1a: Keldeo|36/100
|-unboost|p1a: Keldeo|spd|1
|
|-heal|p1a: Keldeo|42/100|[from] item: Leftovers
|-damage|p1a: Keldeo|30/100|[from] move: Magma Storm|[partiallytrapped]
|upkeep
|turn|12
|
|t:|1779572133
|move|p1a: Keldeo|Surf|p2a: Heatran
|-supereffective|p2a: Heatran
|-damage|p2a: Heatran|0 fnt
|faint|p2a: Heatran
|
|-heal|p1a: Keldeo|36/100|[from] item: Leftovers
|-end|p1a: Keldeo|Magma Storm|[partiallytrapped]|[silent]
|upkeep
|
|t:|1779572136
|switch|p2a: Great Tusk|Great Tusk, tera:Ground|68/100
|turn|13
|
|t:|1779572144
|-end|p2a: Great Tusk|Protosynthesis|[silent]
|switch|p2a: Landorus|Landorus-Therian, M|100/100
|-ability|p2a: Landorus|Intimidate|boost
|-unboost|p1a: Keldeo|atk|1
|move|p1a: Keldeo|Surf|p2a: Landorus
|-supereffective|p2a: Landorus
|-damage|p2a: Landorus|0 fnt
|faint|p2a: Landorus
|
|-heal|p1a: Keldeo|42/100|[from] item: Leftovers
|upkeep
|-message|Gimmick Trials forfeited.
|
|win|djchero
|raw|djchero's rating: 1320 &rarr; <strong>1342</strong><br />(+22 for winning)
|raw|Gimmick Trials's rating: 1359 &rarr; <strong>1337</strong><br />(-22 for losing)
|l|☆Gimmick Trials
|player|p2|
|l|☆djchero
|player|p1|
