|j|☆Yibril
|j|☆jojosworld
|t:|1779582485
|gametype|singles
|player|p1|Yibril|ghetsis|1681
|player|p2|jojosworld|bellelba|1620
|gen|9
|tier|[Gen 9] OU
|rated|
|rule|HP Percentage Mod: HP is shown in percentages
|rule|Endless Battle Clause: Forcing endless battles is banned
|rule|Species Clause: Limit one of each Pokémon
|rule|OHKO Clause: OHKO moves are banned
|rule|Evasion Items Clause: Evasion items are banned
|rule|Evasion Moves Clause: Evasion moves are banned
|rule|Evasion Abilities Clause: Evasion abilities are banned
|rule|Sleep Moves Clause: Sleep-inducing moves are banned
|clearpoke
|poke|p1|Dragapult, M|
|poke|p1|Great Tusk|
|poke|p1|Kingambit, F|
|poke|p1|Garganacl, M|
|poke|p1|Gholdengo|
|poke|p1|Dragonite, F|
|poke|p2|Corviknight, F|
|poke|p2|Alomomola, F|
|poke|p2|Lokix, F|
|poke|p2|Dragapult, F|
|poke|p2|Hatterene, F|
|poke|p2|Latias, F|
|teampreview
|inactive|Battle timer is ON: inactive players will automatically lose when time's up. (requested by jojosworld)
|j| Inothtunothtino
|j| Eternal Atake 1600
|j| MrTrendingTopic
|
|t:|1779582500
|teamsize|p1|6
|teamsize|p2|6
|start
|switch|p1a: Great Tusk|Great Tusk|100/100
|switch|p2a: Lokix|Lokix, F, shiny|100/100
|turn|1
|j| TheSacredJackal⨕
|
|t:|1779582502
|switch|p2a: Corviknight|Corviknight, F, shiny|100/100
|-ability|p2a: Corviknight|Pressure
|move|p1a: Great Tusk|Knock Off|p2a: Corviknight
|-damage|p2a: Corviknight|81/100
|-damage|p1a: Great Tusk|84/100|[from] item: Rocky Helmet|[of] p2a: Corviknight
|-enditem|p2a: Corviknight|Rocky Helmet|[from] move: Knock Off|[of] p1a: Great Tusk
|
|-heal|p1a: Great Tusk|90/100|[from] item: Leftovers
|upkeep
|turn|2
|
|t:|1779582507
|move|p1a: Great Tusk|Knock Off|p2a: Corviknight
|-damage|p2a: Corviknight|68/100
|move|p2a: Corviknight|U-turn|p1a: Great Tusk
|-resisted|p1a: Great Tusk
|-crit|p1a: Great Tusk
|-damage|p1a: Great Tusk|84/100
|
|t:|1779582509
|switch|p2a: Dragapult|Dragapult, F, shiny|100/100|[from] U-turn
|
|-heal|p1a: Great Tusk|91/100|[from] item: Leftovers
|upkeep
|turn|3
|
|t:|1779582514
|-end|p1a: Great Tusk|Protosynthesis|[silent]
|switch|p1a: Garganacl|Garganacl, M|100/100
|move|p2a: Dragapult|Draco Meteor|p1a: Garganacl|[miss]
|-miss|p2a: Dragapult|p1a: Garganacl
|
|upkeep
|turn|4
|
|t:|1779582517
|switch|p2a: Hatterene|Hatterene, F, shiny|100/100
|move|p1a: Garganacl|Salt Cure|p2a: Hatterene
|-damage|p2a: Hatterene|89/100
|-start|p2a: Hatterene|Salt Cure
|
|-heal|p2a: Hatterene|95/100|[from] item: Leftovers
|-damage|p2a: Hatterene|83/100|[from] Salt Cure
|upkeep
|turn|5
|
|t:|1779582521
|move|p1a: Garganacl|Salt Cure|p2a: Hatterene
|-damage|p2a: Hatterene|70/100
|move|p2a: Hatterene|Calm Mind|p2a: Hatterene
|-boost|p2a: Hatterene|spa|1
|-boost|p2a: Hatterene|spd|1
|
|-heal|p2a: Hatterene|76/100|[from] item: Leftovers
|-damage|p2a: Hatterene|64/100|[from] Salt Cure
|upkeep
|turn|6
|
|t:|1779582531
|switch|p1a: Kingambit|Kingambit, F|100/100
|move|p2a: Hatterene|Draining Kiss|p1a: Kingambit
|-damage|p1a: Kingambit|65/100
|-heal|p2a: Hatterene|97/100|[from] drain|[of] p1a: Kingambit
|
|-heal|p1a: Kingambit|71/100|[from] item: Leftovers
|-heal|p2a: Hatterene|100/100|[from] item: Leftovers
|-damage|p2a: Hatterene|88/100|[from] Salt Cure
|upkeep
|turn|7
|
|t:|1779582534
|switch|p2a: Corviknight|Corviknight, F, shiny|68/100
|-ability|p2a: Corviknight|Pressure
|move|p1a: Kingambit|Iron Head|p2a: Corviknight
|-resisted|p2a: Corviknight
|-damage|p2a: Corviknight|54/100
|
|-heal|p1a: Kingambit|77/100|[from] item: Leftovers
|upkeep
|turn|8
|
|t:|1779582542
|-end|p1a: Kingambit|fallenundefined|[silent]
|switch|p1a: Dragapult|Dragapult, M|100/100
|move|p2a: Corviknight|U-turn|p1a: Dragapult
|-resisted|p1a: Dragapult
|-damage|p1a: Dragapult|91/100
|
|t:|1779582545
|switch|p2a: Hatterene|Hatterene, F, shiny|88/100|[from] U-turn
|
|-heal|p2a: Hatterene|94/100|[from] item: Leftovers
|upkeep
|turn|9
|
|t:|1779582551
|switch|p1a: Garganacl|Garganacl, M|100/100
|switch|p2a: Alomomola|Alomomola, F, shiny|100/100
|
|upkeep
|turn|10
|
|t:|1779582554
|move|p2a: Alomomola|Flip Turn|p1a: Garganacl
|-supereffective|p1a: Garganacl
|-damage|p1a: Garganacl|79/100
|
|t:|1779582555
|switch|p2a: Hatterene|Hatterene, F, shiny|94/100|[from] Flip Turn
|move|p1a: Garganacl|Salt Cure|p2a: Hatterene
|-damage|p2a: Hatterene|83/100
|-start|p2a: Hatterene|Salt Cure
|
|-heal|p1a: Garganacl|85/100|[from] item: Leftovers
|-heal|p2a: Hatterene|89/100|[from] item: Leftovers
|-damage|p2a: Hatterene|77/100|[from] Salt Cure
|upkeep
|turn|11
|j| LionInTheShadow
|
|t:|1779582560
|switch|p1a: Gholdengo|Gholdengo|100/100
|move|p2a: Hatterene|Draining Kiss|p1a: Gholdengo
|-resisted|p1a: Gholdengo
|-crit|p1a: Gholdengo
|-damage|p1a: Gholdengo|85/100
|-heal|p2a: Hatterene|91/100|[from] drain|[of] p1a: Gholdengo
|
|-heal|p1a: Gholdengo|91/100|[from] item: Leftovers
|-heal|p2a: Hatterene|97/100|[from] item: Leftovers
|-damage|p2a: Hatterene|84/100|[from] Salt Cure
|upkeep
|turn|12
|
|t:|1779582564
|switch|p2a: Alomomola|Alomomola, F, shiny|100/100
|move|p1a: Gholdengo|Shadow Ball|p2a: Alomomola
|-damage|p2a: Alomomola|76/100
|
|-heal|p1a: Gholdengo|97/100|[from] item: Leftovers
|upkeep
|turn|13
|
|t:|1779582577
|move|p1a: Gholdengo|Nasty Plot|p1a: Gholdengo
|-boost|p1a: Gholdengo|spa|2
|move|p2a: Alomomola|Flip Turn|p1a: Gholdengo
|-crit|p1a: Gholdengo
|-damage|p1a: Gholdengo|74/100
|
|t:|1779582580
|switch|p2a: Dragapult|Dragapult, F, shiny|100/100|[from] Flip Turn
|
|-heal|p1a: Gholdengo|80/100|[from] item: Leftovers
|upkeep
|turn|14
|
|t:|1779582586
|switch|p1a: Garganacl|Garganacl, M|85/100
|move|p2a: Dragapult|U-turn|p1a: Garganacl
|-damage|p1a: Garganacl|75/100
|
|t:|1779582591
|switch|p2a: Hatterene|Hatterene, F, shiny|84/100|[from] U-turn
|
|-heal|p1a: Garganacl|82/100|[from] item: Leftovers
|-heal|p2a: Hatterene|90/100|[from] item: Leftovers
|upkeep
|turn|15
|
|t:|1779582597
|move|p1a: Garganacl|Salt Cure|p2a: Hatterene
|-damage|p2a: Hatterene|79/100
|-start|p2a: Hatterene|Salt Cure
|move|p2a: Hatterene|Calm Mind|p2a: Hatterene
|-boost|p2a: Hatterene|spa|1
|-boost|p2a: Hatterene|spd|1
|
|-heal|p1a: Garganacl|88/100|[from] item: Leftovers
|-heal|p2a: Hatterene|85/100|[from] item: Leftovers
|-damage|p2a: Hatterene|73/100|[from] Salt Cure
|upkeep
|turn|16
|
|t:|1779582600
|switch|p1a: Kingambit|Kingambit, F|77/100
|move|p2a: Hatterene|Draining Kiss|p1a: Kingambit
|-damage|p1a: Kingambit|45/100
|-heal|p2a: Hatterene|100/100|[from] drain|[of] p1a: Kingambit
|
|-heal|p1a: Kingambit|51/100|[from] item: Leftovers
|-damage|p2a: Hatterene|88/100|[from] Salt Cure
|upkeep
|turn|17
|
|t:|1779582603
|switch|p2a: Alomomola|Alomomola, F, shiny|100/100
|move|p1a: Kingambit|Kowtow Cleave|p2a: Alomomola
|-damage|p2a: Alomomola|60/100
|
|-heal|p1a: Kingambit|57/100|[from] item: Leftovers
|upkeep
|turn|18
|
|t:|1779582610
|move|p1a: Kingambit|Kowtow Cleave|p2a: Alomomola
|-damage|p2a: Alomomola|24/100
|move|p2a: Alomomola|Flip Turn|p1a: Kingambit
|-damage|p1a: Kingambit|45/100
|
|t:|1779582612
|switch|p2a: Lokix|Lokix, F, shiny|100/100|[from] Flip Turn
|
|-heal|p1a: Kingambit|51/100|[from] item: Leftovers
|upkeep
|turn|19
|
|t:|1779582614
|-end|p1a: Kingambit|fallenundefined|[silent]
|switch|p1a: Great Tusk|Great Tusk|91/100
|move|p2a: Lokix|Leech Life|p1a: Great Tusk
|-resisted|p1a: Great Tusk
|-damage|p1a: Great Tusk|56/100
|
|-heal|p1a: Great Tusk|63/100|[from] item: Leftovers
|upkeep
|turn|20
|
|t:|1779582617
|switch|p2a: Corviknight|Corviknight, F, shiny|54/100
|-ability|p2a: Corviknight|Pressure
|move|p1a: Great Tusk|Stealth Rock|p2a: Corviknight
|-sidestart|p2: jojosworld|move: Stealth Rock
|
|-heal|p1a: Great Tusk|69/100|[from] item: Leftovers
|upkeep
|turn|21
|
|t:|1779582623
|-end|p1a: Great Tusk|Protosynthesis|[silent]
|switch|p1a: Kingambit|Kingambit, F|51/100
|move|p2a: Corviknight|Roost|p2a: Corviknight
|-heal|p2a: Corviknight|100/100
|-singleturn|p2a: Corviknight|move: Roost
|
|-heal|p1a: Kingambit|57/100|[from] item: Leftovers
|upkeep
|turn|22
|
|t:|1779582626
|-end|p1a: Kingambit|fallenundefined|[silent]
|switch|p1a: Gholdengo|Gholdengo|80/100
|move|p2a: Corviknight|Defog|p1a: Gholdengo
|-immune|p1a: Gholdengo|[from] ability: Good as Gold
|
|-heal|p1a: Gholdengo|86/100|[from] item: Leftovers
|upkeep
|turn|23
|
|t:|1779582630
|move|p1a: Gholdengo|Shadow Ball|p2a: Corviknight
|-damage|p2a: Corviknight|55/100
|move|p2a: Corviknight|U-turn|p1a: Gholdengo
|-resisted|p1a: Gholdengo
|-damage|p1a: Gholdengo|83/100
|
|t:|1779582631
|switch|p2a: Alomomola|Alomomola, F, shiny|58/100|[from] U-turn
|-damage|p2a: Alomomola|45/100|[from] Stealth Rock
|
|-heal|p1a: Gholdengo|89/100|[from] item: Leftovers
|upkeep
|turn|24
|j| 2bitebrownie
|
|t:|1779582641
|move|p1a: Gholdengo|Nasty Plot|p1a: Gholdengo
|-boost|p1a: Gholdengo|spa|2
|move|p2a: Alomomola|Flip Turn|p1a: Gholdengo
|-damage|p1a: Gholdengo|73/100
|
|t:|1779582643
|switch|p2a: Dragapult|Dragapult, F, shiny|100/100|[from] Flip Turn
|-damage|p2a: Dragapult|88/100|[from] Stealth Rock
|
|-heal|p1a: Gholdengo|79/100|[from] item: Leftovers
|upkeep
|turn|25
|
|t:|1779582649
|move|p2a: Dragapult|Draco Meteor|p1a: Gholdengo
|-resisted|p1a: Gholdengo
|-damage|p1a: Gholdengo|37/100
|-unboost|p2a: Dragapult|spa|2
|move|p1a: Gholdengo|Shadow Ball|p2a: Dragapult
|-supereffective|p2a: Dragapult
|-damage|p2a: Dragapult|0 fnt
|faint|p2a: Dragapult
|
|-heal|p1a: Gholdengo|43/100|[from] item: Leftovers
|upkeep
|
|t:|1779582653
|switch|p2a: Lokix|Lokix, F, shiny|100/100
|-damage|p2a: Lokix|76/100|[from] Stealth Rock
|turn|26
|
|t:|1779582657
|switch|p1a: Great Tusk|Great Tusk|69/100
|move|p2a: Lokix|Knock Off|p1a: Great Tusk
|-resisted|p1a: Great Tusk
|-damage|p1a: Great Tusk|31/100
|-enditem|p1a: Great Tusk|Leftovers|[from] move: Knock Off|[of] p2a: Lokix
|
|upkeep
|turn|27
|
|t:|1779582663
|switch|p2a: Corviknight|Corviknight, F, shiny|55/100
|-damage|p2a: Corviknight|43/100|[from] Stealth Rock
|-ability|p2a: Corviknight|Pressure
|move|p1a: Great Tusk|Ice Spinner|p2a: Corviknight
|-damage|p2a: Corviknight|26/100
|
|upkeep
|turn|28
|
|t:|1779582668
|-end|p1a: Great Tusk|Protosynthesis|[silent]
|switch|p1a: Gholdengo|Gholdengo|43/100
|move|p2a: Corviknight|Roost|p2a: Corviknight
|-heal|p2a: Corviknight|76/100
|-singleturn|p2a: Corviknight|move: Roost
|
|-heal|p1a: Gholdengo|49/100|[from] item: Leftovers
|upkeep
|turn|29
|
|t:|1779582670
|move|p1a: Gholdengo|Recover|p1a: Gholdengo
|-heal|p1a: Gholdengo|99/100
|move|p2a: Corviknight|U-turn|p1a: Gholdengo
|-resisted|p1a: Gholdengo
|-damage|p1a: Gholdengo|96/100
|
|t:|1779582673
|switch|p2a: Latias|Latias, F, shiny|100/100|[from] U-turn
|-damage|p2a: Latias|88/100|[from] Stealth Rock
|
|-heal|p1a: Gholdengo|100/100|[from] item: Leftovers
|upkeep
|turn|30
|
|t:|1779582679
|move|p2a: Latias|Calm Mind|p2a: Latias
|-boost|p2a: Latias|spa|1
|-boost|p2a: Latias|spd|1
|move|p1a: Gholdengo|Shadow Ball|p2a: Latias
|-supereffective|p2a: Latias
|-damage|p2a: Latias|43/100
|-enditem|p2a: Latias|Weakness Policy
|-boost|p2a: Latias|atk|2|[from] item: Weakness Policy
|-boost|p2a: Latias|spa|2|[from] item: Weakness Policy
|
|upkeep
|turn|31
|
|t:|1779582687
|switch|p1a: Great Tusk|Great Tusk|31/100
|-terastallize|p2a: Latias|Poison
|move|p2a: Latias|Recover|p2a: Latias
|-heal|p2a: Latias|93/100
|
|upkeep
|turn|32
|
|t:|1779582691
|move|p2a: Latias|Aura Sphere|p1a: Great Tusk
|-damage|p1a: Great Tusk|0 fnt
|faint|p1a: Great Tusk
|-end|p1a: Great Tusk|Protosynthesis|[silent]
|
|upkeep
|inactive|Yibril has 120 seconds left.
|
|t:|1779582732
|switch|p1a: Dragapult|Dragapult, M|91/100
|turn|33
|inactive|Yibril has 120 seconds left.
|
|t:|1779582740
|move|p1a: Dragapult|Draco Meteor|p2a: Latias
|-damage|p2a: Latias|63/100
|-unboost|p1a: Dragapult|spa|2
|move|p2a: Latias|Calm Mind|p2a: Latias
|-boost|p2a: Latias|spa|1
|-boost|p2a: Latias|spd|1
|
|upkeep
|turn|34
|
|t:|1779582746
|move|p1a: Dragapult|Will-O-Wisp|p2a: Latias
|-status|p2a: Latias|brn
|move|p2a: Latias|Recover|p2a: Latias
|-heal|p2a: Latias|100/100 brn
|
|-damage|p2a: Latias|94/100 brn|[from] brn
|upkeep
|turn|35
|
|t:|1779582764
|switch|p1a: Gholdengo|Gholdengo|100/100
|move|p2a: Latias|Calm Mind|p2a: Latias
|-boost|p2a: Latias|spa|1
|-boost|p2a: Latias|spd|1
|
|-damage|p2a: Latias|88/100 brn|[from] brn
|upkeep
|turn|36
|
|t:|1779582769
|move|p2a: Latias|Calm Mind|p2a: Latias
|-boost|p2a: Latias|spa|1
|-boost|p2a: Latias|spd|1
|move|p1a: Gholdengo|Nasty Plot|p1a: Gholdengo
|-boost|p1a: Gholdengo|spa|2
|
|-damage|p2a: Latias|82/100 brn|[from] brn
|upkeep
|turn|37
|
|t:|1779582773
|move|p2a: Latias|Stored Power|p1a: Gholdengo
|-resisted|p1a: Gholdengo
|-damage|p1a: Gholdengo|0 fnt
|faint|p1a: Gholdengo
|
|-damage|p2a: Latias|76/100 brn|[from] brn
|upkeep
|
|t:|1779582786
|switch|p1a: Dragapult|Dragapult, M|91/100
|turn|38
|
|t:|1779582789
|move|p1a: Dragapult|Draco Meteor|p2a: Latias
|-damage|p2a: Latias|62/100 brn
|-unboost|p1a: Dragapult|spa|2
|move|p2a: Latias|Recover|p2a: Latias
|-heal|p2a: Latias|100/100 brn
|
|-damage|p2a: Latias|94/100 brn|[from] brn
|upkeep
|turn|39
|
|t:|1779582793
|move|p1a: Dragapult|Draco Meteor|p2a: Latias
|-damage|p2a: Latias|86/100 brn
|-unboost|p1a: Dragapult|spa|2
|move|p2a: Latias|Calm Mind|p2a: Latias
|-boost|p2a: Latias|spa|0
|-boost|p2a: Latias|spd|1
|
|-damage|p2a: Latias|80/100 brn|[from] brn
|upkeep
|turn|40
|
|t:|1779582798
|move|p1a: Dragapult|Draco Meteor|p2a: Latias
|-crit|p2a: Latias
|-damage|p2a: Latias|15/100 brn
|-unboost|p1a: Dragapult|spa|2
|move|p2a: Latias|Recover|p2a: Latias
|-heal|p2a: Latias|65/100 brn
|
|-damage|p2a: Latias|59/100 brn|[from] brn
|upkeep
|turn|41
|
|t:|1779582808
|move|p1a: Dragapult|Draco Meteor|p2a: Latias
|-damage|p2a: Latias|55/100 brn
|move|p2a: Latias|Recover|p2a: Latias
|-heal|p2a: Latias|100/100 brn
|
|-damage|p2a: Latias|94/100 brn|[from] brn
|upkeep
|turn|42
|
|t:|1779582816
|move|p1a: Dragapult|Draco Meteor|p2a: Latias
|-damage|p2a: Latias|91/100 brn
|move|p2a: Latias|Stored Power|p1a: Dragapult
|-damage|p1a: Dragapult|0 fnt
|faint|p1a: Dragapult
|
|-damage|p2a: Latias|85/100 brn|[from] brn
|upkeep
|
|t:|1779582821
|switch|p1a: Kingambit|Kingambit, F|57/100
|-activate|p1a: Kingambit|ability: Supreme Overlord
|-start|p1a: Kingambit|fallen3|[silent]
|turn|43
|
|t:|1779582826
|-terastallize|p1a: Kingambit|Ghost
|move|p2a: Latias|Aura Sphere|p1a: Kingambit
|-immune|p1a: Kingambit
|move|p1a: Kingambit|Kowtow Cleave|p2a: Latias
|-damage|p2a: Latias|34/100 brn
|
|-heal|p1a: Kingambit|63/100|[from] item: Leftovers
|-damage|p2a: Latias|28/100 brn|[from] brn
|upkeep
|turn|44
|
|t:|1779582831
|move|p2a: Latias|Recover|p2a: Latias
|-heal|p2a: Latias|78/100 brn
|move|p1a: Kingambit|Kowtow Cleave|p2a: Latias
|-damage|p2a: Latias|31/100 brn
|
|-heal|p1a: Kingambit|70/100|[from] item: Leftovers
|-damage|p2a: Latias|25/100 brn|[from] brn
|upkeep
|turn|45
|
|t:|1779582843
|-end|p1a: Kingambit|fallen3|[silent]
|switch|p1a: Dragonite|Dragonite, F|100/100
|move|p2a: Latias|Recover|p2a: Latias
|-heal|p2a: Latias|75/100 brn
|
|-damage|p2a: Latias|69/100 brn|[from] brn
|upkeep
|turn|46
|
|t:|1779582849
|move|p1a: Dragonite|Extreme Speed|p2a: Latias
|-damage|p2a: Latias|44/100 brn
|move|p2a: Latias|Stored Power|p1a: Dragonite
|-damage|p1a: Dragonite|0 fnt
|faint|p1a: Dragonite
|
|-damage|p2a: Latias|38/100 brn|[from] brn
|upkeep
|
|t:|1779582855
|switch|p1a: Kingambit|Kingambit, F, tera:Ghost|70/100
|-activate|p1a: Kingambit|ability: Supreme Overlord
|-start|p1a: Kingambit|fallen4|[silent]
|turn|47
|
|t:|1779582857
|move|p2a: Latias|Recover|p2a: Latias
|-heal|p2a: Latias|88/100 brn
|move|p1a: Kingambit|Kowtow Cleave|p2a: Latias
|-damage|p2a: Latias|39/100 brn
|
|-heal|p1a: Kingambit|76/100|[from] item: Leftovers
|-damage|p2a: Latias|33/100 brn|[from] brn
|upkeep
|turn|48
|
|t:|1779582859
|move|p2a: Latias|Stored Power|p1a: Kingambit
|-damage|p1a: Kingambit|0 fnt
|faint|p1a: Kingambit
|-end|p1a: Kingambit|fallen4|[silent]
|
|-damage|p2a: Latias|27/100 brn|[from] brn
|upkeep
|-message|Yibril forfeited.
|
|win|jojosworld
|raw|Yibril's rating: 1681 &rarr; <strong>1658</strong><br />(-23 for losing)
|raw|jojosworld's rating: 1620 &rarr; <strong>1643</strong><br />(+23 for winning)
|l|☆Yibril
|player|p1|
|c| TheSacredJackal⨕|oog
|c| TheSacredJackal⨕|oof*
|c|☆jojosworld|gg
