|j|☆A05236
|j|☆Abyssal Bot
|t:|1779566444
|gametype|singles
|player|p1|A05236|265|
|player|p2|Abyssal Bot|supernerd|
|teamsize|p1|6
|teamsize|p2|6
|gen|9
|tier|[Gen 9] OU
|rule|Species Clause: Limit one of each Pokémon
|rule|OHKO Clause: OHKO moves are banned
|rule|Evasion Items Clause: Evasion items are banned
|rule|Evasion Moves Clause: Evasion moves are banned
|rule|Endless Battle Clause: Forcing endless battles is banned
|rule|HP Percentage Mod: HP is shown in percentages
|rule|Sleep Moves Clause: Sleep-inducing moves are banned
|clearpoke
|poke|p1|Greninja-*, M|
|poke|p1|Kilowattrel, F|
|poke|p1|Pelipper, M|
|poke|p1|Iron Treads|
|poke|p1|Pincurchin, F|
|poke|p1|Iron Valiant|
|poke|p2|Darkrai|
|poke|p2|Kingambit, F|
|poke|p2|Roaring Moon|
|poke|p2|Zamazenta-*|
|poke|p2|Glimmora, F|
|poke|p2|Enamorus, F|
|teampreview
|c|☆Abyssal Bot|**WARNING**: Expect much hax.
|inactive|Battle timer is ON: inactive players will automatically lose when time's up. (requested by Abyssal Bot)
|j|*Turbo Bottttt
|
|t:|1779566462
|start
|switch|p1a: Greninja|Greninja, M|100/100
|switch|p2a: Roaring Moon|Roaring Moon|100/100
|-enditem|p2a: Roaring Moon|Booster Energy
|-activate|p2a: Roaring Moon|ability: Protosynthesis|[fromitem]
|-start|p2a: Roaring Moon|protosynthesisatk
|turn|1
|
|t:|1779566464
|move|p1a: Greninja|Low Kick||[still]
|-start|p1a: Greninja|typechange|Fighting|[from] ability: Protean
|-anim|p1a: Greninja|Low Kick|p2a: Roaring Moon
|-supereffective|p2a: Roaring Moon
|-damage|p2a: Roaring Moon|0
|faint|p2a: Roaring Moon
|-end|p2a: Roaring Moon|Protosynthesis|[silent]
|
|upkeep
|
|t:|1779566464
|switch|p2a: Enamorus|Enamorus, F|100/100
|turn|2
|
|t:|1779566473
|switch|p1a: Iron Treads|Iron Treads|100/100
|move|p2a: Enamorus|Moonblast|p1a: Iron Treads
|-resisted|p1a: Iron Treads
|-damage|p1a: Iron Treads|64/100
|-unboost|p1a: Iron Treads|spa|1
|
|upkeep
|turn|3
|
|t:|1779566477
|-end|p1a: Iron Treads|Quark Drive|[silent]
|switch|p1a: Pelipper|Pelipper, M|100/100
|-weather|Rain Dance|[from] ability: Drizzle|[of] p1a: Pelipper
|move|p2a: Enamorus|Moonblast|p1a: Pelipper
|-damage|p1a: Pelipper|23/100
|
|-weather|Rain Dance|[upkeep]
|upkeep
|turn|4
|
|t:|1779566483
|move|p2a: Enamorus|Moonblast|p1a: Pelipper
|-damage|p1a: Pelipper|0
|faint|p1a: Pelipper
|
|-weather|Rain Dance|[upkeep]
|upkeep
|
|t:|1779566489
|switch|p1a: Pincurchin|Pincurchin, F|100/100
|-fieldstart|move: Electric Terrain|[from] ability: Electric Surge|[of] p1a: Pincurchin
|turn|5
|
|t:|1779566490
|move|p2a: Enamorus|Moonblast|p1a: Pincurchin
|-damage|p1a: Pincurchin|33/100
|move|p1a: Pincurchin|Thunder|p2a: Enamorus
|-supereffective|p2a: Enamorus
|-damage|p2a: Enamorus|0
|faint|p2a: Enamorus
|
|-weather|Rain Dance|[upkeep]
|upkeep
|
|t:|1779566490
|switch|p2a: Glimmora|Glimmora, F|100/100
|turn|6
|
|t:|1779566501
|move|p2a: Glimmora|Power Gem|p1a: Pincurchin
|-damage|p1a: Pincurchin|0
|faint|p1a: Pincurchin
|
|-weather|Rain Dance|[upkeep]
|upkeep
|
|t:|1779566507
|switch|p1a: Greninja|Greninja, M|100/100
|turn|7
|
|t:|1779566509
|move|p1a: Greninja|Waterfall||[still]
|-start|p1a: Greninja|typechange|Water|[from] ability: Protean
|-anim|p1a: Greninja|Waterfall|p2a: Glimmora
|-supereffective|p2a: Glimmora
|-damage|p2a: Glimmora|0
|-activate|p2a: Glimmora|ability: Toxic Debris
|-sidestart|p1: A05236|move: Toxic Spikes
|faint|p2a: Glimmora
|
|-weather|Rain Dance|[upkeep]
|upkeep
|
|t:|1779566509
|switch|p2a: Darkrai|Darkrai|100/100
|turn|8
|
|t:|1779566513
|move|p2a: Darkrai|Focus Blast|p1a: Greninja|[miss]
|-miss|p2a: Darkrai|p1a: Greninja
|move|p1a: Greninja|Waterfall|p2a: Darkrai
|-damage|p2a: Darkrai|8/100
|
|-weather|Rain Dance|[upkeep]
|upkeep
|turn|9
|c|☆Abyssal Bot|Uh Darkrai, you're as blind as Deino...
|
|t:|1779566523
|move|p2a: Darkrai|Focus Blast|p1a: Greninja
|-damage|p1a: Greninja|27/100
|move|p1a: Greninja|Waterfall|p2a: Darkrai
|-damage|p2a: Darkrai|0
|faint|p2a: Darkrai
|
|-weather|Rain Dance|[upkeep]
|upkeep
|
|t:|1779566523
|switch|p2a: Zamazenta|Zamazenta|100/100
|-ability|p2a: Zamazenta|Dauntless Shield|boost
|-boost|p2a: Zamazenta|def|1
|turn|10
|
|t:|1779566527
|move|p1a: Greninja|Waterfall|p2a: Zamazenta
|-crit|p2a: Zamazenta
|-damage|p2a: Zamazenta|28/100
|move|p2a: Zamazenta|Body Press|p1a: Greninja
|-damage|p1a: Greninja|0
|faint|p1a: Greninja
|
|-weather|none
|-heal|p2a: Zamazenta|34/100|[from] item: Leftovers
|upkeep
|c|☆Abyssal Bot|Oh crap, that crit...
|
|t:|1779566531
|switch|p1a: Iron Valiant|Iron Valiant|100/100
|-status|p1a: Iron Valiant|psn
|-activate|p1a: Iron Valiant|ability: Quark Drive
|-start|p1a: Iron Valiant|quarkdrivespe
|turn|11
|
|t:|1779566535
|move|p1a: Iron Valiant|Moonblast|p2a: Zamazenta
|-supereffective|p2a: Zamazenta
|-damage|p2a: Zamazenta|0
|faint|p2a: Zamazenta
|-damage|p1a: Iron Valiant|91/100 psn|[from] item: Life Orb
|
|-damage|p1a: Iron Valiant|78/100 psn|[from] psn|[of] p2: Glimmora
|upkeep
|
|t:|1779566535
|switch|p2a: Kingambit|Kingambit, F|100/100
|-item|p2a: Kingambit|Air Balloon
|-activate|p2a: Kingambit|ability: Supreme Overlord
|-start|p2a: Kingambit|fallen5|[silent]
|turn|12
|
|t:|1779566539
|move|p1a: Iron Valiant|Drain Punch|p2a: Kingambit
|-supereffective|p2a: Kingambit
|-damage|p2a: Kingambit|0
|-heal|p1a: Iron Valiant|100/100 psn|[from] drain|[of] p2a: Kingambit
|-enditem|p2a: Kingambit|Air Balloon
|faint|p2a: Kingambit
|-end|p2a: Kingambit|fallen5|[silent]
|-damage|p1a: Iron Valiant|91/100 psn|[from] item: Life Orb
|
|win|A05236
|c|☆Abyssal Bot|Oh, I lost. Good Game.
|l|☆Abyssal Bot
|player|p2|
|l|*Turbo Bottttt
