|badge|p1|bronze|gen9ou|100-9
|uhtml|medal-msg|<div class="broadcast-blue">Curious what those medals under the avatar are? PS now has Ladder Seasons! For more information, check out the <a href="https://www.smogon.com/forums/threads/3740067/">thread on Smogon.</a></div>
|j|☆goodnightnite
|j|‽GyaradosDragon
|t:|1779603259
|gametype|singles
|player|p1|goodnightnite|miku-water|1768
|player|p2|GyaradosDragon|rocketgrunt|1733
|gen|9
|tier|[Gen 9] OU
|rated|
|rule|HP Percentage Mod: HP is shown in percentages
|rule|Endless Battle Clause: Forcing endless battles is banned
|rule|Species Clause: Limit one of each Pokémon
|rule|OHKO Clause: OHKO moves are banned
|rule|Evasion Items Clause: Evasion items are banned
|rule|Evasion Moves Clause: Evasion moves are banned
|rule|Evasion Abilities Clause: Evasion abilities are banned
|rule|Sleep Moves Clause: Sleep-inducing moves are banned
|clearpoke
|poke|p1|Great Tusk|
|poke|p1|Kingambit, M|
|poke|p1|Raging Bolt|
|poke|p1|Walking Wake|
|poke|p1|Ninetales, M|
|poke|p1|Ceruledge, F|
|poke|p2|Ninetales-Alola, F|
|poke|p2|Klefki, M|
|poke|p2|Maushold-Four|
|poke|p2|Latias, F|
|poke|p2|Okidogi, M|
|poke|p2|Kyurem|
|teampreview
|inactive|Battle timer is ON: inactive players will automatically lose when time's up. (requested by goodnightnite)
|
|t:|1779603271
|teamsize|p1|6
|teamsize|p2|6
|start
|switch|p1a: Resevoir slogs|Walking Wake|100/100
|switch|p2a: Klefki|Klefki, M|100/100
|turn|1
|
|t:|1779603277
|-end|p1a: Resevoir slogs|Protosynthesis|[silent]
|switch|p1a: nah i'd spin|Great Tusk|100/100
|move|p2a: Klefki|Light Screen|p2a: Klefki
|-sidestart|p2: GyaradosDragon|move: Light Screen
|
|upkeep
|turn|2
|
|t:|1779603282
|move|p2a: Klefki|Reflect|p2a: Klefki
|-sidestart|p2: GyaradosDragon|Reflect
|move|p1a: nah i'd spin|Headlong Rush|p2a: Klefki
|-supereffective|p2a: Klefki
|-damage|p2a: Klefki|30/100
|-unboost|p1a: nah i'd spin|def|1
|-unboost|p1a: nah i'd spin|spd|1
|
|upkeep
|turn|3
|
|t:|1779603291
|-end|p1a: nah i'd spin|Protosynthesis|[silent]
|switch|p1a: Naruto|Ninetales, M|100/100
|-weather|SunnyDay|[from] ability: Drought|[of] p1a: Naruto
|switch|p2a: Latias|Latias, F|100/100
|
|-weather|SunnyDay|[upkeep]
|upkeep
|turn|4
|
|t:|1779603296
|move|p1a: Naruto|Will-O-Wisp|p2a: Latias
|-status|p2a: Latias|brn
|move|p2a: Latias|Agility|p2a: Latias
|-boost|p2a: Latias|spe|2
|
|-weather|SunnyDay|[upkeep]
|-damage|p2a: Latias|95/100 brn|[from] brn
|upkeep
|turn|5
|
|t:|1779603301
|move|p2a: Latias|Stored Power|p1a: Naruto
|-damage|p1a: Naruto|64/100
|move|p1a: Naruto|Encore|p2a: Latias
|-start|p2a: Latias|Encore
|
|-weather|SunnyDay|[upkeep]
|-damage|p2a: Latias|89/100 brn|[from] brn
|upkeep
|turn|6
|
|t:|1779603305
|switch|p2a: Ninetales|Ninetales-Alola, F|100/100
|-weather|Snowscape|[from] ability: Snow Warning|[of] p2a: Ninetales
|switch|p1a: 2.f4|Kingambit, M|100/100
|-item|p1a: 2.f4|Air Balloon
|
|-weather|Snowscape|[upkeep]
|upkeep
|turn|7
|
|t:|1779603308
|switch|p2a: Okidogi|Okidogi, M|100/100
|-end|p1a: 2.f4|fallenundefined|[silent]
|switch|p1a: Naruto|Ninetales, M|64/100
|-weather|SunnyDay|[from] ability: Drought|[of] p1a: Naruto
|
|-weather|SunnyDay|[upkeep]
|upkeep
|turn|8
|
|t:|1779603313
|switch|p2a: Latias|Latias, F|89/100 brn
|move|p1a: Naruto|Will-O-Wisp|p2a: Latias|[miss]
|-miss|p1a: Naruto|p2a: Latias
|
|-weather|SunnyDay|[upkeep]
|-damage|p2a: Latias|83/100 brn|[from] brn
|-sideend|p2: GyaradosDragon|move: Light Screen
|upkeep
|turn|9
|
|t:|1779603317
|switch|p1a: Resevoir slogs|Walking Wake|100/100
|-activate|p1a: Resevoir slogs|ability: Protosynthesis
|-start|p1a: Resevoir slogs|protosynthesisspe
|move|p2a: Latias|Aura Sphere|p1a: Resevoir slogs
|-damage|p1a: Resevoir slogs|81/100
|
|-weather|SunnyDay|[upkeep]
|-damage|p2a: Latias|77/100 brn|[from] brn
|-sideend|p2: GyaradosDragon|Reflect
|upkeep
|turn|10
|
|t:|1779603322
|move|p1a: Resevoir slogs|Hydro Steam|p2a: Latias
|-resisted|p2a: Latias
|-damage|p2a: Latias|51/100 brn
|move|p2a: Latias|Agility|p2a: Latias
|-boost|p2a: Latias|spe|2
|
|-weather|SunnyDay|[upkeep]
|-damage|p2a: Latias|45/100 brn|[from] brn
|upkeep
|turn|11
|
|t:|1779603327
|move|p1a: Resevoir slogs|Draco Meteor|p2a: Latias
|-supereffective|p2a: Latias
|-damage|p2a: Latias|0 fnt
|-unboost|p1a: Resevoir slogs|spa|2
|faint|p2a: Latias
|
|-weather|SunnyDay|[upkeep]
|upkeep
|
|t:|1779603333
|switch|p2a: Maushold|Maushold-Four|100/100
|turn|12
|
|t:|1779603338
|-end|p1a: Resevoir slogs|Protosynthesis|[silent]
|switch|p1a: Red judas|Ceruledge, F|100/100
|-item|p1a: Red judas|Air Balloon
|move|p2a: Maushold|Tidy Up|p2a: Maushold
|-boost|p2a: Maushold|atk|1
|-boost|p2a: Maushold|spe|1
|
|-weather|SunnyDay|[upkeep]
|upkeep
|turn|13
|j| songcrazy
|
|t:|1779603352
|-terastallize|p1a: Red judas|Fairy
|move|p2a: Maushold|Bite|p1a: Red judas
|-resisted|p1a: Red judas
|-damage|p1a: Red judas|80/100
|-ability|p1a: Red judas|Weak Armor|boost
|-unboost|p1a: Red judas|def|1
|-boost|p1a: Red judas|spe|2
|-enditem|p1a: Red judas|Air Balloon
|cant|p1a: Red judas|flinch
|
|-weather|SunnyDay|[upkeep]
|upkeep
|turn|14
|
|t:|1779603363
|move|p1a: Red judas|Bitter Blade|p2a: Maushold
|-damage|p2a: Maushold|0 fnt
|-heal|p1a: Red judas|100/100|[from] drain|[of] p2a: Maushold
|faint|p2a: Maushold
|
|-weather|none
|upkeep
|
|t:|1779603369
|switch|p2a: Klefki|Klefki, M|30/100
|turn|15
|
|t:|1779603375
|switch|p1a: nah i'd spin|Great Tusk|100/100
|move|p2a: Klefki|Reflect|p2a: Klefki
|-sidestart|p2: GyaradosDragon|Reflect
|
|upkeep
|turn|16
|
|t:|1779603380
|switch|p2a: Kyurem|Kyurem, shiny|100/100
|-ability|p2a: Kyurem|Pressure
|move|p1a: nah i'd spin|Headlong Rush|p2a: Kyurem
|-damage|p2a: Kyurem|66/100
|-unboost|p1a: nah i'd spin|def|1
|-unboost|p1a: nah i'd spin|spd|1
|
|-heal|p2a: Kyurem|72/100|[from] item: Leftovers
|upkeep
|turn|17
|
|t:|1779603387
|-end|p1a: nah i'd spin|Protosynthesis|[silent]
|switch|p1a: Resevoir slogs|Walking Wake|81/100
|move|p2a: Kyurem|Dragon Dance|p2a: Kyurem
|-boost|p2a: Kyurem|atk|1
|-boost|p2a: Kyurem|spe|1
|
|-heal|p2a: Kyurem|79/100|[from] item: Leftovers
|upkeep
|turn|18
|
|t:|1779603395
|move|p2a: Kyurem|Freeze-Dry|p1a: Resevoir slogs
|-supereffective|p1a: Resevoir slogs
|-damage|p1a: Resevoir slogs|0 fnt
|faint|p1a: Resevoir slogs
|-end|p1a: Resevoir slogs|Protosynthesis|[silent]
|
|-heal|p2a: Kyurem|85/100|[from] item: Leftovers
|upkeep
|
|t:|1779603402
|switch|p1a: Naruto|Ninetales, M|64/100
|-weather|SunnyDay|[from] ability: Drought|[of] p1a: Naruto
|turn|19
|
|t:|1779603407
|switch|p1a: 2.f4|Kingambit, M|100/100
|-activate|p1a: 2.f4|ability: Supreme Overlord
|-start|p1a: 2.f4|fallen1|[silent]
|-item|p1a: 2.f4|Air Balloon
|move|p2a: Kyurem|Earth Power|p1a: 2.f4
|-immune|p1a: 2.f4
|
|-weather|SunnyDay|[upkeep]
|-heal|p2a: Kyurem|91/100|[from] item: Leftovers
|upkeep
|turn|20
|
|t:|1779603412
|-terastallize|p2a: Kyurem|Ground
|move|p2a: Kyurem|Freeze-Dry|p1a: 2.f4
|-resisted|p1a: 2.f4
|-damage|p1a: 2.f4|76/100
|-enditem|p1a: 2.f4|Air Balloon
|move|p1a: 2.f4|Iron Head|p2a: Kyurem
|-damage|p2a: Kyurem|66/100
|
|-weather|SunnyDay|[upkeep]
|-heal|p2a: Kyurem|72/100|[from] item: Leftovers
|upkeep
|turn|21
|
|t:|1779603429
|move|p1a: 2.f4|Sucker Punch|p2a: Kyurem
|-damage|p2a: Kyurem|49/100
|move|p2a: Kyurem|Earth Power|p1a: 2.f4
|-supereffective|p1a: 2.f4
|-crit|p1a: 2.f4
|-damage|p1a: 2.f4|0 fnt
|faint|p1a: 2.f4
|-end|p1a: 2.f4|fallen1|[silent]
|
|-weather|SunnyDay|[upkeep]
|-heal|p2a: Kyurem|55/100|[from] item: Leftovers
|upkeep
|
|t:|1779603432
|switch|p1a: nah i'd spin|Great Tusk|100/100
|-activate|p1a: nah i'd spin|ability: Protosynthesis
|-start|p1a: nah i'd spin|protosynthesisatk
|turn|22
|j| Narwhale37
|
|t:|1779603461
|move|p2a: Kyurem|Freeze-Dry|p1a: nah i'd spin
|-supereffective|p1a: nah i'd spin
|-damage|p1a: nah i'd spin|24/100
|move|p1a: nah i'd spin|Rapid Spin|p2a: Kyurem
|-damage|p2a: Kyurem|44/100
|-boost|p1a: nah i'd spin|spe|1
|
|-weather|SunnyDay|[upkeep]
|-heal|p2a: Kyurem|50/100|[from] item: Leftovers
|-sideend|p2: GyaradosDragon|Reflect
|upkeep
|turn|23
|
|t:|1779603469
|switch|p2a: Ninetales|Ninetales-Alola, F|100/100
|-weather|Snowscape|[from] ability: Snow Warning|[of] p2a: Ninetales
|-end|p1a: nah i'd spin|Protosynthesis
|move|p1a: nah i'd spin|Ice Spinner|p2a: Ninetales
|-resisted|p2a: Ninetales
|-damage|p2a: Ninetales|88/100
|
|-weather|Snowscape|[upkeep]
|upkeep
|turn|24
|
|t:|1779603477
|switch|p2a: Klefki|Klefki, M|30/100
|move|p1a: nah i'd spin|Headlong Rush|p2a: Klefki
|-supereffective|p2a: Klefki
|-damage|p2a: Klefki|0 fnt
|-unboost|p1a: nah i'd spin|def|1
|-unboost|p1a: nah i'd spin|spd|1
|faint|p2a: Klefki
|
|-weather|Snowscape|[upkeep]
|upkeep
|
|t:|1779603478
|switch|p2a: Ninetales|Ninetales-Alola, F|88/100
|turn|25
|
|t:|1779603485
|-end|p1a: nah i'd spin|Protosynthesis|[silent]
|switch|p1a: Naruto|Ninetales, M|64/100
|-weather|SunnyDay|[from] ability: Drought|[of] p1a: Naruto
|switch|p2a: Okidogi|Okidogi, M|100/100
|
|-weather|SunnyDay|[upkeep]
|upkeep
|turn|26
|
|t:|1779603493
|move|p1a: Naruto|Will-O-Wisp|p2a: Okidogi
|-status|p2a: Okidogi|brn
|move|p2a: Okidogi|Facade|p1a: Naruto
|-damage|p1a: Naruto|0 fnt
|faint|p1a: Naruto
|
|-weather|SunnyDay|[upkeep]
|-damage|p2a: Okidogi|94/100 brn|[from] brn
|upkeep
|
|t:|1779603509
|switch|p1a: Angry Nut|Raging Bolt|100/100
|-activate|p1a: Angry Nut|ability: Protosynthesis
|-start|p1a: Angry Nut|protosynthesisspa
|turn|27
|
|t:|1779603512
|move|p1a: Angry Nut|Weather Ball|p2a: Okidogi
|-damage|p2a: Okidogi|0 fnt
|faint|p2a: Okidogi
|-damage|p1a: Angry Nut|91/100|[from] item: Life Orb
|
|-weather|SunnyDay|[upkeep]
|upkeep
|
|t:|1779603516
|switch|p2a: Ninetales|Ninetales-Alola, F|88/100
|-weather|Snowscape|[from] ability: Snow Warning|[of] p2a: Ninetales
|-end|p1a: Angry Nut|Protosynthesis
|turn|28
|
|t:|1779603523
|-end|p1a: Angry Nut|Protosynthesis|[silent]
|switch|p1a: Red judas|Ceruledge, F, tera:Fairy|100/100
|move|p2a: Ninetales|Aurora Veil|p2a: Ninetales
|-sidestart|p2: GyaradosDragon|move: Aurora Veil
|
|-weather|Snowscape|[upkeep]
|upkeep
|turn|29
|
|t:|1779603530
|move|p2a: Ninetales|Freeze-Dry|p1a: Red judas
|-damage|p1a: Red judas|79/100
|move|p1a: Red judas|Bitter Blade|p2a: Ninetales
|-supereffective|p2a: Ninetales
|-damage|p2a: Ninetales|50/100
|-heal|p1a: Red judas|95/100|[from] drain|[of] p2a: Ninetales
|
|-weather|Snowscape|[upkeep]
|upkeep
|turn|30
|
|t:|1779603537
|move|p2a: Ninetales|Freeze-Dry|p1a: Red judas
|-damage|p1a: Red judas|76/100
|move|p1a: Red judas|Bitter Blade|p2a: Ninetales
|-supereffective|p2a: Ninetales
|-crit|p2a: Ninetales
|-damage|p2a: Ninetales|0 fnt
|-heal|p1a: Red judas|97/100|[from] drain|[of] p2a: Ninetales
|faint|p2a: Ninetales
|
|-weather|Snowscape|[upkeep]
|upkeep
|
|t:|1779603540
|switch|p2a: Kyurem|Kyurem, shiny, tera:Ground|50/100
|-ability|p2a: Kyurem|Pressure
|turn|31
|
|t:|1779603547
|move|p2a: Kyurem|Dragon Dance|p2a: Kyurem
|-boost|p2a: Kyurem|atk|1
|-boost|p2a: Kyurem|spe|1
|move|p1a: Red judas|Poltergeist|p2a: Kyurem
|-activate|p2a: Kyurem|move: Poltergeist|Leftovers
|-damage|p2a: Kyurem|21/100
|
|-weather|Snowscape|[upkeep]
|-heal|p2a: Kyurem|27/100|[from] item: Leftovers
|upkeep
|turn|32
|
|t:|1779603557
|move|p2a: Kyurem|Icicle Spear|p1a: Red judas
|-damage|p1a: Red judas|78/100
|-ability|p1a: Red judas|Weak Armor|boost
|-unboost|p1a: Red judas|def|1
|-boost|p1a: Red judas|spe|2
|-damage|p1a: Red judas|47/100
|-ability|p1a: Red judas|Weak Armor|boost
|-unboost|p1a: Red judas|def|1
|-boost|p1a: Red judas|spe|2
|-damage|p1a: Red judas|7/100
|-ability|p1a: Red judas|Weak Armor|boost
|-unboost|p1a: Red judas|def|1
|-boost|p1a: Red judas|spe|2
|-hitcount|p1a: Red judas|3
|move|p1a: Red judas|Poltergeist|p2a: Kyurem
|-activate|p2a: Kyurem|move: Poltergeist|Leftovers
|-damage|p2a: Kyurem|0 fnt
|faint|p2a: Kyurem
|
|win|goodnightnite
|raw|goodnightnite's rating: 1768 &rarr; <strong>1786</strong><br />(+18 for winning)
|raw|GyaradosDragon's rating: 1733 &rarr; <strong>1715</strong><br />(-18 for losing)
|l|‽GyaradosDragon
|player|p2|
|l|☆goodnightnite
|player|p1|
|l| songcrazy
