|j|☆puripuriwhy
|j|☆P3n15D1ck5uck
|t:|1779643889
|gametype|singles
|player|p1|puripuriwhy|idol|1120
|player|p2|P3n15D1ck5uck|169|1106
|gen|9
|tier|[Gen 9] OU
|rated|
|rule|HP Percentage Mod: HP is shown in percentages
|rule|Endless Battle Clause: Forcing endless battles is banned
|rule|Species Clause: Limit one of each Pokémon
|rule|OHKO Clause: OHKO moves are banned
|rule|Evasion Items Clause: Evasion items are banned
|rule|Evasion Moves Clause: Evasion moves are banned
|rule|Evasion Abilities Clause: Evasion abilities are banned
|rule|Sleep Moves Clause: Sleep-inducing moves are banned
|clearpoke
|poke|p1|Cloyster, M|
|poke|p1|Ninetales-Alola, M|
|poke|p1|Cinccino, F|
|poke|p1|Dodrio, M|
|poke|p1|Sylveon, M|
|poke|p1|Ogerpon-Wellspring, F|
|poke|p2|Azumarill, M|
|poke|p2|Hatterene, F|
|poke|p2|Corviknight, M|
|poke|p2|Metagross|
|poke|p2|Regieleki|
|poke|p2|Cloyster, M|
|teampreview
|inactive|Battle timer is ON: inactive players will automatically lose when time's up. (requested by puripuriwhy)
|
|t:|1779643897
|teamsize|p1|6
|teamsize|p2|6
|start
|switch|p1a: Ga|Ninetales-Alola, M|100/100
|switch|p2a: Regieleki|Regieleki|100/100
|-weather|Snowscape|[from] ability: Snow Warning|[of] p1a: Ga
|turn|1
|
|t:|1779643917
|move|p2a: Regieleki|Volt Switch|p1a: Ga
|-damage|p1a: Ga|50/100
|
|t:|1779643931
|switch|p2a: Hatterene|Hatterene, F|100/100|[from] Volt Switch
|move|p1a: Ga|Aurora Veil|p1a: Ga
|-sidestart|p1: puripuriwhy|move: Aurora Veil
|
|-weather|Snowscape|[upkeep]
|upkeep
|turn|2
|
|t:|1779643944
|move|p1a: Ga|Blizzard|p2a: Hatterene
|-damage|p2a: Hatterene|70/100
|-status|p2a: Hatterene|frz
|-curestatus|p2a: Hatterene|frz|[msg]
|move|p2a: Hatterene|Mystical Fire|p1a: Ga
|-supereffective|p1a: Ga
|-damage|p1a: Ga|14/100
|-unboost|p1a: Ga|spa|1
|
|-weather|Snowscape|[upkeep]
|upkeep
|turn|3
|
|t:|1779643958
|move|p1a: Ga|Blizzard|p2a: Hatterene
|-damage|p2a: Hatterene|52/100
|move|p2a: Hatterene|Mystical Fire|p1a: Ga
|-supereffective|p1a: Ga
|-damage|p1a: Ga|0 fnt
|faint|p1a: Ga
|
|-weather|Snowscape|[upkeep]
|upkeep
|
|t:|1779643973
|switch|p1a: Bi|Cloyster, M|100/100
|turn|4
|
|t:|1779643987
|move|p1a: Bi|Shell Smash|p1a: Bi
|-unboost|p1a: Bi|def|1
|-unboost|p1a: Bi|spd|1
|-boost|p1a: Bi|atk|2
|-boost|p1a: Bi|spa|2
|-boost|p1a: Bi|spe|2
|-enditem|p1a: Bi|White Herb
|-clearnegativeboost|p1a: Bi|[silent]
|move|p2a: Hatterene|Dazzling Gleam|p1a: Bi
|-damage|p1a: Bi|40/100
|
|-weather|Snowscape|[upkeep]
|upkeep
|turn|5
|
|t:|1779644002
|move|p1a: Bi|Icicle Spear|p2a: Hatterene
|-damage|p2a: Hatterene|20/100
|-damage|p2a: Hatterene|0 fnt
|faint|p2a: Hatterene
|-hitcount|p2: Hatterene|2
|
|-weather|none
|upkeep
|
|t:|1779644016
|switch|p2a: Metagross|Metagross|100/100
|turn|6
|
|t:|1779644030
|move|p1a: Bi|Waterfall|p2a: Metagross
|-damage|p2a: Metagross|44/100
|move|p2a: Metagross|Earthquake|p1a: Bi
|-damage|p1a: Bi|23/100
|
|upkeep
|turn|7
|inactive|P3n15D1ck5uck has 120 seconds left.
|
|t:|1779644046
|switch|p2a: Corviknight|Corviknight, M|100/100
|move|p1a: Bi|Waterfall|p2a: Corviknight
|-damage|p2a: Corviknight|56/100
|-damage|p1a: Bi|7/100|[from] item: Rocky Helmet|[of] p2a: Corviknight
|
|upkeep
|turn|8
|
|t:|1779644054
|move|p1a: Bi|Icicle Spear|p2a: Corviknight
|-damage|p2a: Corviknight|43/100
|-damage|p2a: Corviknight|29/100
|-damage|p2a: Corviknight|15/100
|-damage|p2a: Corviknight|1/100
|-damage|p2a: Corviknight|0 fnt
|faint|p2a: Corviknight
|-hitcount|p2: Corviknight|5
|
|-sideend|p1: puripuriwhy|move: Aurora Veil
|upkeep
|inactive|P3n15D1ck5uck has 120 seconds left.
|
|t:|1779644066
|switch|p2a: Azumarill|Azumarill, M|100/100
|turn|9
|
|t:|1779644072
|move|p2a: Azumarill|Aqua Jet|p1a: Bi
|-resisted|p1a: Bi
|-damage|p1a: Bi|0 fnt
|faint|p1a: Bi
|
|upkeep
|
|t:|1779644079
|switch|p1a: Tr|Sylveon, M, shiny|100/100
|turn|10
|
|t:|1779644084
|move|p2a: Azumarill|Aqua Jet|p1a: Tr
|-damage|p1a: Tr|55/100
|move|p1a: Tr|Hyper Voice|p2a: Azumarill
|-damage|p2a: Azumarill|23/100
|
|upkeep
|turn|11
|
|t:|1779644095
|switch|p2a: Metagross|Metagross|44/100
|move|p1a: Tr|Hyper Voice|p2a: Metagross
|-resisted|p2a: Metagross
|-damage|p2a: Metagross|0 fnt
|faint|p2a: Metagross
|
|upkeep
|
|t:|1779644109
|switch|p2a: Cloyster|Cloyster, M|100/100
|turn|12
|
|t:|1779644117
|move|p2a: Cloyster|Shell Smash|p2a: Cloyster
|-unboost|p2a: Cloyster|def|1
|-unboost|p2a: Cloyster|spd|1
|-boost|p2a: Cloyster|atk|2
|-boost|p2a: Cloyster|spa|2
|-boost|p2a: Cloyster|spe|2
|move|p1a: Tr|Hyper Voice|p2a: Cloyster
|-enditem|p2a: Cloyster|Focus Sash
|-damage|p2a: Cloyster|1/100
|
|upkeep
|turn|13
|
|t:|1779644129
|switch|p1a: Pa|Cinccino, F|100/100
|move|p2a: Cloyster|Icicle Spear|p1a: Pa
|-damage|p1a: Pa|56/100
|-damage|p1a: Pa|17/100
|-damage|p1a: Pa|0 fnt
|faint|p1a: Pa
|-hitcount|p1: Pa|3
|
|upkeep
|
|t:|1779644134
|switch|p1a: Tr|Sylveon, M, shiny|55/100
|turn|14
|
|t:|1779644142
|move|p1a: Tr|Quick Attack|p2a: Cloyster
|-damage|p2a: Cloyster|0 fnt
|faint|p2a: Cloyster
|
|upkeep
|
|t:|1779644156
|switch|p2a: Azumarill|Azumarill, M|23/100
|turn|15
|
|t:|1779644167
|switch|p1a: Po|Dodrio, M|100/100
|move|p2a: Azumarill|Liquidation|p1a: Po
|-damage|p1a: Po|0 fnt
|faint|p1a: Po
|
|upkeep
|
|t:|1779644173
|switch|p1a: Le|Ogerpon-Wellspring, F|100/100
|turn|16
|
|t:|1779644181
|switch|p2a: Regieleki|Regieleki|100/100
|move|p1a: Le|Horn Leech|p2a: Regieleki
|-damage|p2a: Regieleki|10/100
|
|upkeep
|turn|17
|
|t:|1779644189
|move|p2a: Regieleki|Volt Switch|p1a: Le
|-damage|p1a: Le|58/100
|
|t:|1779644195
|switch|p2a: Azumarill|Azumarill, M|23/100|[from] Volt Switch
|move|p1a: Le|Horn Leech|p2a: Azumarill
|-supereffective|p2a: Azumarill
|-damage|p2a: Azumarill|0 fnt
|-heal|p1a: Le|73/100|[from] drain|[of] p2a: Azumarill
|faint|p2a: Azumarill
|
|upkeep
|
|t:|1779644207
|switch|p2a: Regieleki|Regieleki|10/100
|turn|18
|
|t:|1779644212
|move|p2a: Regieleki|Volt Switch|p1a: Le
|-damage|p1a: Le|28/100
|move|p1a: Le|Horn Leech|p2a: Regieleki
|-damage|p2a: Regieleki|0 fnt
|-heal|p1a: Le|33/100|[from] drain|[of] p2a: Regieleki
|faint|p2a: Regieleki
|
|win|puripuriwhy
|raw|puripuriwhy's rating: 1120 &rarr; <strong>1144</strong><br />(+24 for winning)
|raw|P3n15D1ck5uck's rating: 1106 &rarr; <strong>1082</strong><br />(-24 for losing)
|l|☆puripuriwhy
|player|p1|
|l|☆P3n15D1ck5uck
|player|p2|
