|j|☆pinklol232
|j|☆Rapirak
|t:|1779591243
|gametype|singles
|player|p1|pinklol232|1|1089
|player|p2|Rapirak|169|1103
|gen|9
|tier|[Gen 9] OU
|rated|
|rule|HP Percentage Mod: HP is shown in percentages
|rule|Endless Battle Clause: Forcing endless battles is banned
|rule|Species Clause: Limit one of each Pokémon
|rule|OHKO Clause: OHKO moves are banned
|rule|Evasion Items Clause: Evasion items are banned
|rule|Evasion Moves Clause: Evasion moves are banned
|rule|Evasion Abilities Clause: Evasion abilities are banned
|rule|Sleep Moves Clause: Sleep-inducing moves are banned
|clearpoke
|poke|p1|Ceruledge, M|
|poke|p1|Cinderace, F|
|poke|p1|Clefable, M|
|poke|p1|Corviknight, F|
|poke|p1|Cloyster, F|
|poke|p1|Conkeldurr, F|
|poke|p2|Staraptor, F|
|poke|p2|Dragapult, M|
|poke|p2|Garchomp, M|
|poke|p2|Galvantula, F|
|poke|p2|Ninetales, M|
|poke|p2|Glimmora, F|
|teampreview
|inactive|Battle timer is ON: inactive players will automatically lose when time's up. (requested by pinklol232)
|c|☆pinklol232|c
|inactive|Rapirak has 120 seconds left.
|inactive|Rapirak has 90 seconds left.
|inactive|Rapirak has 60 seconds left.
|
|t:|1779591344
|teamsize|p1|6
|teamsize|p2|6
|start
|switch|p1a: C0|Conkeldurr, F|100/100
|switch|p2a: Galvantula|Galvantula, F|100/100
|turn|1
|
|t:|1779591364
|switch|p1a: C2|Cinderace, F|100/100
|move|p2a: Galvantula|Sticky Web|p1a: C2
|-sidestart|p1: pinklol232|move: Sticky Web
|
|upkeep
|turn|2
|
|t:|1779591371
|move|p1a: C2|Court Change|p1a: C2
|-start|p1a: C2|typechange|Normal|[from] ability: Libero
|-swapsideconditions
|-activate|p1a: C2|move: Court Change
|move|p2a: Galvantula|Discharge|p1a: C2
|-damage|p1a: C2|52/100
|
|upkeep
|turn|3
|
|t:|1779591378
|move|p1a: C2|Pyro Ball|p2a: Galvantula|[miss]
|-miss|p1a: C2|p2a: Galvantula
|move|p2a: Galvantula|Sticky Web|p1a: C2
|-sidestart|p1: pinklol232|move: Sticky Web
|
|upkeep
|turn|4
|
|t:|1779591383
|move|p1a: C2|Pyro Ball|p2a: Galvantula
|-supereffective|p2a: Galvantula
|-enditem|p2a: Galvantula|Focus Sash
|-damage|p2a: Galvantula|1/100
|-damage|p1a: C2|42/100|[from] item: Life Orb
|move|p2a: Galvantula|Discharge|p1a: C2
|-damage|p1a: C2|0 fnt
|faint|p1a: C2
|
|upkeep
|
|t:|1779591407
|switch|p1a: C5|Corviknight, F|100/100
|turn|5
|
|t:|1779591418
|-terastallize|p1a: C5|Grass
|move|p2a: Galvantula|Discharge|p1a: C5
|-resisted|p1a: C5
|-damage|p1a: C5|85/100
|move|p1a: C5|U-turn|p2a: Galvantula
|-damage|p2a: Galvantula|0 fnt
|faint|p2a: Galvantula
|
|t:|1779591426
|switch|p1a: C0|Conkeldurr, F|100/100|[from] U-turn
|-activate|p1a: C0|move: Sticky Web
|-unboost|p1a: C0|spe|1
|
|-status|p1a: C0|brn|[from] item: Flame Orb
|upkeep
|
|t:|1779591429
|switch|p2a: Glimmora|Glimmora, F|100/100
|-activate|p2a: Glimmora|move: Sticky Web
|-unboost|p2a: Glimmora|spe|1
|turn|6
|
|t:|1779591438
|move|p2a: Glimmora|Mortal Spin|p1a: C0
|-damage|p1a: C0|94/100 brn
|-sideend|p2: Rapirak|Sticky Web|[from] move: Mortal Spin|[of] p2a: Glimmora
|move|p1a: C0|Close Combat|p2a: Glimmora
|-damage|p2a: Glimmora|5/100
|-unboost|p1a: C0|def|1
|-unboost|p1a: C0|spd|1
|-activate|p2a: Glimmora|ability: Toxic Debris
|-sidestart|p1: pinklol232|move: Toxic Spikes
|
|-damage|p1a: C0|88/100 brn|[from] brn
|upkeep
|turn|7
|
|t:|1779591450
|move|p2a: Glimmora|Explosion|p1a: C0
|-damage|p1a: C0|39/100 brn
|faint|p2a: Glimmora
|move|p1a: C0|Knock Off|p2: Glimmora|[notarget]
|-fail|p1a: C0
|
|-damage|p1a: C0|33/100 brn|[from] brn
|upkeep
|
|t:|1779591458
|switch|p2a: Ninetales|Ninetales, M|100/100
|-weather|SunnyDay|[from] ability: Drought|[of] p2a: Ninetales
|turn|8
|
|t:|1779591466
|move|p1a: C0|Protect|p1a: C0
|-singleturn|p1a: C0|Protect
|move|p2a: Ninetales|Weather Ball|p1a: C0
|-activate|p1a: C0|move: Protect
|
|-weather|SunnyDay|[upkeep]
|-damage|p1a: C0|27/100 brn|[from] brn
|upkeep
|turn|9
|
|t:|1779591472
|switch|p2a: Staraptor|Staraptor, F|100/100
|switch|p1a: C1|Ceruledge, M|100/100
|
|-weather|SunnyDay|[upkeep]
|upkeep
|turn|10
|
|t:|1779591485
|move|p2a: Staraptor|U-turn|p1a: C1
|-resisted|p1a: C1
|-damage|p1a: C1|93/100
|-ability|p1a: C1|Weak Armor|boost
|-unboost|p1a: C1|def|1
|-boost|p1a: C1|spe|2
|
|t:|1779591488
|switch|p2a: Garchomp|Garchomp, M|100/100|[from] U-turn
|move|p1a: C1|Destiny Bond|p1a: C1
|-singlemove|p1a: C1|Destiny Bond
|
|-weather|SunnyDay|[upkeep]
|upkeep
|turn|11
|
|t:|1779591492
|move|p1a: C1|Swords Dance|p1a: C1
|-boost|p1a: C1|atk|2
|move|p2a: Garchomp|Swords Dance|p2a: Garchomp
|-boost|p2a: Garchomp|atk|2
|
|-weather|SunnyDay|[upkeep]
|upkeep
|turn|12
|
|t:|1779591496
|move|p1a: C1|Poltergeist|p2a: Garchomp
|-activate|p2a: Garchomp|move: Poltergeist|Loaded Dice
|-damage|p2a: Garchomp|0 fnt
|faint|p2a: Garchomp
|
|-weather|none
|upkeep
|
|t:|1779591500
|switch|p2a: Dragapult|Dragapult, M|100/100
|turn|13
|
|t:|1779591506
|move|p1a: C1|Poltergeist|p2a: Dragapult
|-activate|p2a: Dragapult|move: Poltergeist|Focus Sash
|-supereffective|p2a: Dragapult
|-enditem|p2a: Dragapult|Focus Sash
|-damage|p2a: Dragapult|1/100
|move|p2a: Dragapult|Dragon Dance|p2a: Dragapult
|-boost|p2a: Dragapult|atk|1
|-boost|p2a: Dragapult|spe|1
|
|upkeep
|turn|14
|
|t:|1779591513
|move|p2a: Dragapult|Sucker Punch||[still]
|-fail|p2a: Dragapult
|move|p1a: C1|Destiny Bond|p1a: C1
|-singlemove|p1a: C1|Destiny Bond
|
|upkeep
|turn|15
|
|t:|1779591519
|move|p2a: Dragapult|Phantom Force||[still]
|-prepare|p2a: Dragapult|Phantom Force
|move|p1a: C1|Bitter Blade|p2a: Dragapult|[miss]
|-miss|p1a: C1|p2a: Dragapult
|
|upkeep
|turn|16
|
|t:|1779591536
|move|p2a: Dragapult|Phantom Force|p1a: C1|[from] lockedmove
|-supereffective|p1a: C1
|-crit|p1a: C1
|-damage|p1a: C1|0 fnt
|faint|p1a: C1
|
|upkeep
|
|t:|1779591539
|switch|p1a: C3|Clefable, M|100/100
|-activate|p1a: C3|move: Sticky Web
|-unboost|p1a: C3|spe|1
|-status|p1a: C3|psn
|turn|17
|
|t:|1779591542
|move|p2a: Dragapult|Phantom Force||[still]
|-prepare|p2a: Dragapult|Phantom Force
|move|p1a: C3|Moonblast|p2a: Dragapult|[miss]
|-miss|p1a: C3|p2a: Dragapult
|
|upkeep
|turn|18
|
|t:|1779591546
|move|p2a: Dragapult|Phantom Force|p1a: C3|[from] lockedmove
|-damage|p1a: C3|28/100 psn
|move|p1a: C3|Moonblast|p2a: Dragapult
|-supereffective|p2a: Dragapult
|-damage|p2a: Dragapult|0 fnt
|faint|p2a: Dragapult
|
|-heal|p1a: C3|34/100 psn|[from] item: Leftovers
|upkeep
|
|t:|1779591551
|switch|p2a: Ninetales|Ninetales, M|100/100
|-weather|SunnyDay|[from] ability: Drought|[of] p2a: Ninetales
|turn|19
|
|t:|1779591557
|-terastallize|p2a: Ninetales|Fire
|move|p2a: Ninetales|Weather Ball|p1a: C3
|-damage|p1a: C3|0 fnt
|faint|p1a: C3
|
|-weather|SunnyDay|[upkeep]
|upkeep
|
|t:|1779591575
|switch|p1a: C0|Conkeldurr, F|27/100 brn
|-activate|p1a: C0|move: Sticky Web
|-unboost|p1a: C0|spe|1
|turn|20
|
|t:|1779591577
|move|p2a: Ninetales|Weather Ball|p1a: C0
|-damage|p1a: C0|0 fnt
|faint|p1a: C0
|
|-weather|SunnyDay|[upkeep]
|upkeep
|
|t:|1779591580
|switch|p1a: C5|Corviknight, F, tera:Grass|85/100
|-activate|p1a: C5|move: Sticky Web
|-ability|p1a: C5|Mirror Armor
|-unboost|p2a: Ninetales|spe|1
|-status|p1a: C5|psn
|turn|21
|
|t:|1779591583
|move|p2a: Ninetales|Weather Ball|p1a: C5
|-supereffective|p1a: C5
|-damage|p1a: C5|0 fnt
|faint|p1a: C5
|
|-weather|SunnyDay|[upkeep]
|upkeep
|
|t:|1779591585
|switch|p1a: C4|Cloyster, F|100/100
|-activate|p1a: C4|move: Sticky Web
|-unboost|p1a: C4|spe|1
|-status|p1a: C4|psn
|-enditem|p1a: C4|White Herb
|-clearnegativeboost|p1a: C4|[silent]
|turn|22
|
|t:|1779591594
|move|p2a: Ninetales|Weather Ball|p1a: C4
|-damage|p1a: C4|0 fnt
|faint|p1a: C4
|
|win|Rapirak
|raw|pinklol232's rating: 1089 &rarr; <strong>1067</strong><br />(-22 for losing)
|raw|Rapirak's rating: 1103 &rarr; <strong>1127</strong><br />(+24 for winning)
|l|☆pinklol232
|player|p1|
|c|☆Rapirak|Ez
