|j|☆private_numero
|j|☆Continental Op
|t:|1779636110
|gametype|singles
|player|p1|private_numero|102|1053
|player|p2|Continental Op|2|1079
|gen|9
|tier|[Gen 9] OU
|rated|
|rule|HP Percentage Mod: HP is shown in percentages
|rule|Endless Battle Clause: Forcing endless battles is banned
|rule|Species Clause: Limit one of each Pokémon
|rule|OHKO Clause: OHKO moves are banned
|rule|Evasion Items Clause: Evasion items are banned
|rule|Evasion Moves Clause: Evasion moves are banned
|rule|Evasion Abilities Clause: Evasion abilities are banned
|rule|Sleep Moves Clause: Sleep-inducing moves are banned
|clearpoke
|poke|p1|Dragonite, M|
|poke|p1|Deoxys-Speed|
|poke|p1|Muk-Alola, M|
|poke|p1|Gyarados, F|
|poke|p1|Ninetales-Alola, M|
|poke|p1|Regieleki|
|poke|p2|Tauros-Paldea-Blaze, M|
|poke|p2|Brambleghast, M|
|poke|p2|Gothitelle, F|
|poke|p2|Mandibuzz, F|
|poke|p2|Magneton|
|poke|p2|Cloyster, F|
|teampreview
|
|t:|1779636134
|teamsize|p1|6
|teamsize|p2|6
|start
|switch|p1a: Regieleki|Regieleki|100/100
|switch|p2a: Magneton|Magneton|100/100
|-item|p1a: Regieleki|Air Balloon
|turn|1
|
|t:|1779636144
|move|p1a: Regieleki|Volt Switch|p2a: Magneton
|-resisted|p2a: Magneton
|-damage|p2a: Magneton|80/100
|
|t:|1779636149
|switch|p1a: Deoxys|Deoxys-Speed|100/100|[from] Volt Switch
|-ability|p1a: Deoxys|Pressure
|move|p2a: Magneton|Volt Switch|p1a: Deoxys
|-damage|p1a: Deoxys|48/100
|
|t:|1779636166
|switch|p2a: Brambleghast|Brambleghast, M|100/100|[from] Volt Switch
|
|-heal|p1a: Deoxys|54/100|[from] item: Leftovers
|upkeep
|turn|2
|
|t:|1779636181
|move|p1a: Deoxys|Knock Off|p2a: Brambleghast
|-supereffective|p2a: Brambleghast
|-damage|p2a: Brambleghast|42/100
|-enditem|p2a: Brambleghast|Heavy-Duty Boots|[from] move: Knock Off|[of] p1a: Deoxys
|move|p2a: Brambleghast|Poltergeist|p1a: Deoxys
|-activate|p1a: Deoxys|move: Poltergeist|Leftovers
|-supereffective|p1a: Deoxys
|-damage|p1a: Deoxys|0 fnt
|faint|p1a: Deoxys
|
|upkeep
|
|t:|1779636202
|switch|p1a: Gyarados|Gyarados, F|100/100
|turn|3
|inactive|Battle timer is ON: inactive players will automatically lose when time's up. (requested by private_numero)
|
|t:|1779636226
|move|p2a: Brambleghast|Poltergeist|p1a: Gyarados
|-activate|p1a: Gyarados|move: Poltergeist|Assault Vest
|-damage|p1a: Gyarados|45/100
|move|p1a: Gyarados|Ice Fang|p2a: Brambleghast
|-supereffective|p2a: Brambleghast
|-damage|p2a: Brambleghast|0 fnt
|faint|p2a: Brambleghast
|-ability|p1a: Gyarados|Moxie|boost
|-boost|p1a: Gyarados|atk|1
|
|upkeep
|
|t:|1779636249
|switch|p2a: Magneton|Magneton|80/100
|turn|4
|
|t:|1779636258
|switch|p1a: Regieleki|Regieleki|100/100
|-item|p1a: Regieleki|Air Balloon
|move|p2a: Magneton|Volt Switch|p1a: Regieleki
|-resisted|p1a: Regieleki
|-damage|p1a: Regieleki|54/100
|-enditem|p1a: Regieleki|Air Balloon
|
|t:|1779636276
|switch|p2a: Gothitelle|Gothitelle, F|100/100|[from] Volt Switch
|
|upkeep
|turn|5
|
|t:|1779636289
|move|p1a: Regieleki|Volt Switch|p2a: Gothitelle
|-damage|p2a: Gothitelle|67/100
|
|t:|1779636300
|switch|p1a: Muk|Muk-Alola, M|100/100|[from] Volt Switch
|move|p2a: Gothitelle|Nasty Plot|p2a: Gothitelle
|-boost|p2a: Gothitelle|spa|2
|
|upkeep
|turn|6
|
|t:|1779636315
|-terastallize|p2a: Gothitelle|Fighting
|move|p1a: Muk|Shadow Sneak|p2a: Gothitelle
|-damage|p2a: Gothitelle|58/100
|move|p2a: Gothitelle|Focus Blast|p1a: Muk
|-damage|p1a: Muk|41/100
|-unboost|p1a: Muk|spd|1
|
|-heal|p1a: Muk|47/100|[from] item: Leftovers
|upkeep
|turn|7
|inactive|Continental Op has 120 seconds left.
|
|t:|1779636348
|move|p2a: Gothitelle|Focus Blast|p1a: Muk
|-damage|p1a: Muk|0 fnt
|faint|p1a: Muk
|
|upkeep
|
|t:|1779636358
|switch|p1a: Regieleki|Regieleki|54/100
|turn|8
|
|t:|1779636371
|move|p1a: Regieleki|Volt Switch|p2a: Gothitelle
|-damage|p2a: Gothitelle|27/100
|
|t:|1779636376
|switch|p1a: Gyarados|Gyarados, F|45/100|[from] Volt Switch
|move|p2a: Gothitelle|Psychic Noise|p1a: Gyarados
|-damage|p1a: Gyarados|0 fnt
|faint|p1a: Gyarados
|
|upkeep
|
|t:|1779636384
|switch|p1a: Regieleki|Regieleki|54/100
|turn|9
|
|t:|1779636397
|move|p1a: Regieleki|Volt Switch|p2a: Gothitelle
|-damage|p2a: Gothitelle|0 fnt
|faint|p2a: Gothitelle
|
|t:|1779636401
|switch|p1a: Ninetales|Ninetales-Alola, M|100/100|[from] Volt Switch
|-weather|Snowscape|[from] ability: Snow Warning|[of] p1a: Ninetales
|
|-weather|Snowscape|[upkeep]
|upkeep
|inactive|Continental Op has 120 seconds left.
|
|t:|1779636431
|switch|p2a: Magneton|Magneton|80/100
|turn|10
|
|t:|1779636442
|move|p1a: Ninetales|Aurora Veil|p1a: Ninetales
|-sidestart|p1: private_numero|move: Aurora Veil
|move|p2a: Magneton|Flash Cannon|p1a: Ninetales
|-supereffective|p1a: Ninetales
|-enditem|p1a: Ninetales|Focus Sash
|-damage|p1a: Ninetales|1/100
|
|-weather|Snowscape|[upkeep]
|upkeep
|turn|11
|
|t:|1779636454
|move|p1a: Ninetales|Chilling Water|p2a: Magneton
|-damage|p2a: Magneton|69/100
|-unboost|p2a: Magneton|atk|1
|move|p2a: Magneton|Tri Attack|p1a: Ninetales
|-damage|p1a: Ninetales|0 fnt
|faint|p1a: Ninetales
|
|-weather|Snowscape|[upkeep]
|upkeep
|
|t:|1779636466
|switch|p1a: Regieleki|Regieleki|54/100
|turn|12
|
|t:|1779636479
|move|p1a: Regieleki|Rapid Spin|p2a: Magneton
|-resisted|p2a: Magneton
|-crit|p2a: Magneton
|-damage|p2a: Magneton|62/100
|-boost|p1a: Regieleki|spe|1
|move|p2a: Magneton|Thunderbolt|p1a: Regieleki
|-resisted|p1a: Regieleki
|-damage|p1a: Regieleki|27/100
|
|-weather|Snowscape|[upkeep]
|upkeep
|turn|13
|
|t:|1779636494
|move|p1a: Regieleki|Electro Ball|p2a: Magneton
|-resisted|p2a: Magneton
|-damage|p2a: Magneton|20/100
|move|p2a: Magneton|Thunderbolt|p1a: Regieleki
|-resisted|p1a: Regieleki
|-damage|p1a: Regieleki|0 fnt
|faint|p1a: Regieleki
|
|-weather|none
|upkeep
|
|t:|1779636503
|switch|p1a: Dragonite|Dragonite, M|100/100
|turn|14
|
|t:|1779636520
|move|p1a: Dragonite|Dragon Dance|p1a: Dragonite
|-boost|p1a: Dragonite|atk|1
|-boost|p1a: Dragonite|spe|1
|move|p2a: Magneton|Volt Switch|p1a: Dragonite
|-damage|p1a: Dragonite|79/100
|inactive|Continental Op has 120 seconds left.
|
|t:|1779636537
|switch|p2a: Cloyster|Cloyster, F|100/100|[from] Volt Switch
|
|-sideend|p1: private_numero|move: Aurora Veil
|upkeep
|turn|15
|inactive|Continental Op has 120 seconds left.
|
|t:|1779636565
|-terastallize|p1a: Dragonite|Normal
|move|p1a: Dragonite|Extreme Speed|p2a: Cloyster
|-damage|p2a: Cloyster|32/100
|move|p2a: Cloyster|Icicle Spear|p1a: Dragonite
|-damage|p1a: Dragonite|69/100
|-damage|p1a: Dragonite|57/100
|-damage|p1a: Dragonite|45/100
|-damage|p1a: Dragonite|33/100
|-damage|p1a: Dragonite|22/100
|-hitcount|p1a: Dragonite|5
|
|upkeep
|turn|16
|inactive|Continental Op has 120 seconds left.
|
|t:|1779636578
|move|p1a: Dragonite|Extreme Speed|p2a: Cloyster
|-damage|p2a: Cloyster|0 fnt
|faint|p2a: Cloyster
|
|upkeep
|inactive|Continental Op has 120 seconds left.
|
|t:|1779636585
|switch|p2a: Mandibuzz|Mandibuzz, F|100/100
|turn|17
|
|t:|1779636601
|move|p1a: Dragonite|Ice Spinner|p2a: Mandibuzz
|-supereffective|p2a: Mandibuzz
|-damage|p2a: Mandibuzz|17/100
|move|p2a: Mandibuzz|Foul Play|p1a: Dragonite
|-damage|p1a: Dragonite|0 fnt
|faint|p1a: Dragonite
|
|win|Continental Op
|raw|private_numero's rating: 1053 &rarr; <strong>1036</strong><br />(-17 for losing)
|raw|Continental Op's rating: 1079 &rarr; <strong>1105</strong><br />(+26 for winning)
|l|☆Continental Op
|player|p2|
|l|☆private_numero
|player|p1|
