|j|☆drugs4ya
|j|☆icewizardlair☃
|t:|1779556394
|gametype|singles
|player|p1|drugs4ya|iris-gen5bw2|1091
|player|p2|icewizardlair☃|lorelei-lgpe|1085
|gen|9
|tier|[Gen 9] OU
|rated|
|rule|HP Percentage Mod: HP is shown in percentages
|rule|Endless Battle Clause: Forcing endless battles is banned
|rule|Species Clause: Limit one of each Pokémon
|rule|OHKO Clause: OHKO moves are banned
|rule|Evasion Items Clause: Evasion items are banned
|rule|Evasion Moves Clause: Evasion moves are banned
|rule|Evasion Abilities Clause: Evasion abilities are banned
|rule|Sleep Moves Clause: Sleep-inducing moves are banned
|clearpoke
|poke|p1|Deoxys-Speed|
|poke|p1|Dragonite, M|
|poke|p1|Cinderace, M|
|poke|p1|Iron Valiant|
|poke|p1|Dragapult, M|
|poke|p1|Azumarill, M|
|poke|p2|Chesnaught, M|
|poke|p2|Ninetales-Alola, F|
|poke|p2|Kilowattrel, M|
|poke|p2|Flygon, F|
|poke|p2|Lurantis, F|
|poke|p2|Grafaiai, M|
|teampreview
|inactive|Battle timer is ON: inactive players will automatically lose when time's up. (requested by icewizardlair☃)
|inactive|drugs4ya also wants the timer to be on.
|
|t:|1779556400
|teamsize|p1|6
|teamsize|p2|6
|start
|switch|p1a: SONICCC|Deoxys-Speed, shiny|100/100
|switch|p2a: Flygon|Flygon, F|100/100
|-ability|p1a: SONICCC|Pressure
|turn|1
|
|t:|1779556410
|move|p2a: Flygon|First Impression|p1a: SONICCC
|-supereffective|p1a: SONICCC
|-damage|p1a: SONICCC|1/100
|-damage|p2a: Flygon|91/100|[from] item: Life Orb
|move|p1a: SONICCC|Stealth Rock|p2a: Flygon
|-sidestart|p2: icewizardlair☃|move: Stealth Rock
|
|upkeep
|turn|2
|
|t:|1779556418
|move|p1a: SONICCC|Spikes|p2a: Flygon
|-sidestart|p2: icewizardlair☃|Spikes
|move|p2a: Flygon|Throat Chop|p1a: SONICCC
|-supereffective|p1a: SONICCC
|-damage|p1a: SONICCC|0 fnt
|faint|p1a: SONICCC
|-damage|p2a: Flygon|81/100|[from] item: Life Orb
|
|upkeep
|
|t:|1779556427
|switch|p1a: YAAAAAKK|Azumarill, M, shiny|100/100
|turn|3
|
|t:|1779556438
|switch|p2a: Grafaiai|Grafaiai, M|100/100
|-damage|p2a: Grafaiai|88/100|[from] Stealth Rock
|-damage|p2a: Grafaiai|76/100|[from] Spikes
|move|p1a: YAAAAAKK|Play Rough|p2a: Grafaiai
|-resisted|p2a: Grafaiai
|-damage|p2a: Grafaiai|33/100
|-unboost|p2a: Grafaiai|atk|1
|
|-heal|p2a: Grafaiai|39/100|[from] item: Black Sludge
|upkeep
|turn|4
|
|t:|1779556449
|move|p2a: Grafaiai|Switcheroo|p1a: YAAAAAKK
|-activate|p2a: Grafaiai|move: Trick|[of] p1a: YAAAAAKK
|-item|p1a: YAAAAAKK|Black Sludge|[from] move: Switcheroo
|-item|p2a: Grafaiai|Sitrus Berry|[from] move: Switcheroo
|-enditem|p2a: Grafaiai|Sitrus Berry|[eat]
|-heal|p2a: Grafaiai|64/100|[from] item: Sitrus Berry
|move|p1a: YAAAAAKK|Aqua Jet|p2a: Grafaiai
|-damage|p2a: Grafaiai|27/100
|
|-damage|p1a: YAAAAAKK|88/100|[from] item: Black Sludge
|upkeep
|turn|5
|
|t:|1779556458
|move|p2a: Grafaiai|Toxic|p1a: YAAAAAKK
|-status|p1a: YAAAAAKK|tox
|move|p1a: YAAAAAKK|Aqua Jet|p2a: Grafaiai
|-damage|p2a: Grafaiai|0 fnt
|faint|p2a: Grafaiai
|
|-damage|p1a: YAAAAAKK|76/100 tox|[from] item: Black Sludge
|-damage|p1a: YAAAAAKK|70/100 tox|[from] psn
|upkeep
|
|t:|1779556475
|switch|p2a: Chesnaught|Chesnaught, M, shiny|100/100
|-damage|p2a: Chesnaught|95/100|[from] Stealth Rock
|-damage|p2a: Chesnaught|82/100|[from] Spikes
|turn|6
|
|t:|1779556481
|move|p2a: Chesnaught|Belly Drum|p2a: Chesnaught
|-damage|p2a: Chesnaught|32/100
|-setboost|p2a: Chesnaught|atk|6|[from] move: Belly Drum
|move|p1a: YAAAAAKK|Play Rough|p2a: Chesnaught
|-supereffective|p2a: Chesnaught
|-damage|p2a: Chesnaught|0 fnt
|faint|p2a: Chesnaught
|
|-damage|p1a: YAAAAAKK|58/100 tox|[from] item: Black Sludge
|-damage|p1a: YAAAAAKK|45/100 tox|[from] psn
|upkeep
|
|t:|1779556503
|switch|p2a: Lurantis|Lurantis, F|100/100
|-damage|p2a: Lurantis|88/100|[from] Stealth Rock
|-damage|p2a: Lurantis|75/100|[from] Spikes
|turn|7
|-activate|p2a: Lurantis|item: Quick Claw
|
|t:|1779556511
|switch|p1a: CR7|Cinderace, M, shiny|100/100
|move|p2a: Lurantis|Leaf Storm|p1a: CR7
|-resisted|p1a: CR7
|-damage|p1a: CR7|73/100
|-boost|p2a: Lurantis|spa|2
|
|upkeep
|turn|8
|
|t:|1779556520
|-terastallize|p2a: Lurantis|Fighting
|move|p1a: CR7|Pyro Ball|p2a: Lurantis
|-damage|p2a: Lurantis|8/100
|move|p2a: Lurantis|Leaf Storm|p1a: CR7
|-resisted|p1a: CR7
|-damage|p1a: CR7|21/100
|-boost|p2a: Lurantis|spa|2
|
|upkeep
|turn|9
|
|t:|1779556530
|move|p1a: CR7|Sucker Punch|p2a: Lurantis
|-start|p1a: CR7|typechange|Dark|[from] ability: Libero
|-resisted|p2a: Lurantis
|-damage|p2a: Lurantis|0 fnt
|faint|p2a: Lurantis
|
|upkeep
|
|t:|1779556536
|switch|p2a: Flygon|Flygon, F|81/100
|-damage|p2a: Flygon|75/100|[from] Stealth Rock
|turn|10
|
|t:|1779556541
|move|p2a: Flygon|First Impression|p1a: CR7
|-supereffective|p1a: CR7
|-damage|p1a: CR7|0 fnt
|faint|p1a: CR7
|-damage|p2a: Flygon|65/100|[from] item: Life Orb
|
|upkeep
|
|t:|1779556547
|switch|p1a: YAAAAAKK|Azumarill, M, shiny|45/100 tox
|turn|11
|
|t:|1779556556
|switch|p2a: Ninetales|Ninetales-Alola, F|100/100
|-damage|p2a: Ninetales|76/100|[from] Stealth Rock
|-damage|p2a: Ninetales|64/100|[from] Spikes
|-weather|Snowscape|[from] ability: Snow Warning|[of] p2a: Ninetales
|move|p1a: YAAAAAKK|Aqua Jet|p2a: Ninetales
|-damage|p2a: Ninetales|37/100
|
|-weather|Snowscape|[upkeep]
|-damage|p1a: YAAAAAKK|33/100 tox|[from] item: Black Sludge
|-damage|p1a: YAAAAAKK|27/100 tox|[from] psn
|upkeep
|turn|12
|
|t:|1779556568
|move|p2a: Ninetales|Aurora Veil|p2a: Ninetales
|-sidestart|p2: icewizardlair☃|move: Aurora Veil
|move|p1a: YAAAAAKK|Play Rough|p2a: Ninetales|[miss]
|-miss|p1a: YAAAAAKK|p2a: Ninetales
|
|-weather|Snowscape|[upkeep]
|-damage|p1a: YAAAAAKK|15/100 tox|[from] item: Black Sludge
|-damage|p1a: YAAAAAKK|2/100 tox|[from] psn
|upkeep
|turn|13
|
|t:|1779556579
|move|p2a: Ninetales|Moonblast|p1a: YAAAAAKK
|-damage|p1a: YAAAAAKK|0 fnt
|faint|p1a: YAAAAAKK
|
|-weather|Snowscape|[upkeep]
|upkeep
|
|t:|1779556587
|switch|p1a: CHILL PDF|Dragapult, M, shiny|100/100
|turn|14
|
|t:|1779556593
|move|p1a: CHILL PDF|Flamethrower|p2a: Ninetales
|-supereffective|p2a: Ninetales
|-damage|p2a: Ninetales|0 fnt
|faint|p2a: Ninetales
|
|-weather|Snowscape|[upkeep]
|upkeep
|
|t:|1779556597
|switch|p2a: Flygon|Flygon, F|65/100
|-damage|p2a: Flygon|59/100|[from] Stealth Rock
|turn|15
|
|t:|1779556604
|switch|p1a: MY GOAAT|Iron Valiant, shiny|100/100
|-enditem|p1a: MY GOAAT|Booster Energy
|-activate|p1a: MY GOAAT|ability: Quark Drive|[fromitem]
|-start|p1a: MY GOAAT|quarkdrivespa
|move|p2a: Flygon|Outrage|p1a: MY GOAAT
|-immune|p1a: MY GOAAT
|
|-weather|none
|upkeep
|turn|16
|
|t:|1779556616
|move|p1a: MY GOAAT|Moonblast|p2a: Flygon
|-supereffective|p2a: Flygon
|-damage|p2a: Flygon|0 fnt
|faint|p2a: Flygon
|
|upkeep
|
|t:|1779556622
|switch|p2a: Thunder Child|Kilowattrel, M|100/100
|turn|17
|
|t:|1779556628
|move|p2a: Thunder Child|Air Slash|p1a: MY GOAAT
|-supereffective|p1a: MY GOAAT
|-damage|p1a: MY GOAAT|0 fnt
|faint|p1a: MY GOAAT
|-end|p1a: MY GOAAT|Quark Drive|[silent]
|
|upkeep
|
|t:|1779556635
|switch|p1a: DA SWEEP|Dragonite, M, shiny|100/100
|turn|18
|
|t:|1779556643
|move|p2a: Thunder Child|Thunderbolt|p1a: DA SWEEP
|-damage|p1a: DA SWEEP|80/100
|move|p1a: DA SWEEP|Dragon Dance|p1a: DA SWEEP
|-boost|p1a: DA SWEEP|atk|1
|-boost|p1a: DA SWEEP|spe|1
|
|upkeep
|turn|19
|
|t:|1779556651
|move|p1a: DA SWEEP|Extreme Speed|p2a: Thunder Child
|-damage|p2a: Thunder Child|38/100
|move|p2a: Thunder Child|Thunderbolt|p1a: DA SWEEP
|-damage|p1a: DA SWEEP|34/100
|
|-sideend|p2: icewizardlair☃|move: Aurora Veil
|upkeep
|turn|20
|
|t:|1779556657
|move|p1a: DA SWEEP|Extreme Speed|p2a: Thunder Child
|-damage|p2a: Thunder Child|0 fnt
|faint|p2a: Thunder Child
|
|win|drugs4ya
|raw|drugs4ya's rating: 1091 &rarr; <strong>1117</strong><br />(+26 for winning)
|raw|icewizardlair☃'s rating: 1085 &rarr; <strong>1063</strong><br />(-22 for losing)
|l|☆icewizardlair☃
|player|p2|
|l|☆drugs4ya
|player|p1|
