|j|☆Kogasscarf
|j|☆Nickthenickthenick
|t:|1779607584
|gametype|singles
|player|p1|Kogasscarf|koga|1360
|player|p2|Nickthenickthenick|2|1329
|gen|9
|tier|[Gen 9] OU
|rated|
|rule|HP Percentage Mod: HP is shown in percentages
|rule|Endless Battle Clause: Forcing endless battles is banned
|rule|Species Clause: Limit one of each Pokémon
|rule|OHKO Clause: OHKO moves are banned
|rule|Evasion Items Clause: Evasion items are banned
|rule|Evasion Moves Clause: Evasion moves are banned
|rule|Evasion Abilities Clause: Evasion abilities are banned
|rule|Sleep Moves Clause: Sleep-inducing moves are banned
|clearpoke
|poke|p1|Zamazenta-*|
|poke|p1|Meowscarada, F|
|poke|p1|Enamorus, F|
|poke|p1|Cinderace, F|
|poke|p1|Ogerpon-Wellspring, F|
|poke|p1|Iron Treads|
|poke|p2|Raikou|
|poke|p2|Entei|
|poke|p2|Suicune|
|poke|p2|Tyranitar, M|
|poke|p2|Porygon2|
|poke|p2|Espeon, M|
|teampreview
|inactive|Battle timer is ON: inactive players will automatically lose when time's up. (requested by Kogasscarf)
|inactive|Nickthenickthenick has 120 seconds left.
|
|t:|1779607625
|teamsize|p1|6
|teamsize|p2|6
|start
|switch|p1a: Meowscarada|Meowscarada, F, shiny|100/100
|switch|p2a: Entei|Entei|100/100
|-ability|p2a: Entei|Pressure
|turn|1
|c|☆Kogasscarf|Am I really gonna lose to the worst legendary trio 💔
|
|t:|1779607648
|move|p1a: Meowscarada|U-turn|p2a: Entei
|-start|p1a: Meowscarada|typechange|Bug|[from] ability: Protean
|-resisted|p2a: Entei
|-damage|p2a: Entei|74/100
|
|t:|1779607655
|switch|p1a: Cinderace|Cinderace, F, shiny|100/100|[from] U-turn
|move|p2a: Entei|Sacred Fire|p1a: Cinderace
|-resisted|p1a: Cinderace
|-damage|p1a: Cinderace|63/100
|
|upkeep
|turn|2
|c|☆Nickthenickthenick|qw qill awww
|
|t:|1779607665
|move|p2a: Entei|Protect|p2a: Entei
|-singleturn|p2a: Entei|Protect
|move|p1a: Cinderace|U-turn|p2a: Entei
|-start|p1a: Cinderace|typechange|Bug|[from] ability: Libero
|-activate|p2a: Entei|move: Protect
|
|upkeep
|turn|3
|
|t:|1779607669
|move|p1a: Cinderace|U-turn|p2a: Entei
|-resisted|p2a: Entei
|-damage|p2a: Entei|54/100
|
|t:|1779607677
|switch|p1a: Enamorus|Enamorus, F|100/100|[from] U-turn
|move|p2a: Entei|Sacred Fire|p1a: Enamorus
|-damage|p1a: Enamorus|30/100
|-status|p1a: Enamorus|brn
|
|-damage|p1a: Enamorus|24/100 brn|[from] brn
|upkeep
|turn|4
|c|☆Nickthenickthenick|we will see*
|
|t:|1779607693
|move|p2a: Entei|Extreme Speed|p1a: Enamorus
|-damage|p1a: Enamorus|0 fnt
|faint|p1a: Enamorus
|
|upkeep
|
|t:|1779607697
|switch|p1a: Ogerpon|Ogerpon-Wellspring, F|100/100
|turn|5
|
|t:|1779607709
|move|p2a: Entei|Extreme Speed|p1a: Ogerpon
|-damage|p1a: Ogerpon|70/100
|move|p1a: Ogerpon|Ivy Cudgel|p2a: Entei|[anim] Ivy Cudgel Water
|-supereffective|p2a: Entei
|-damage|p2a: Entei|0 fnt
|faint|p2a: Entei
|
|upkeep
|
|t:|1779607714
|switch|p2a: Porygon2|Porygon2|100/100
|-ability|p2a: Porygon2|Water Absorb|Trace|[from] ability: Trace|[of] p1a: Ogerpon
|turn|6
|
|t:|1779607723
|switch|p1a: Iron Treads|Iron Treads|100/100
|move|p2a: Porygon2|Foul Play|p1a: Iron Treads
|-damage|p1a: Iron Treads|82/100
|
|upkeep
|turn|7
|
|t:|1779607733
|move|p1a: Iron Treads|Stealth Rock|p2a: Porygon2
|-sidestart|p2: Nickthenickthenick|move: Stealth Rock
|move|p2a: Porygon2|Ice Beam|p1a: Iron Treads
|-damage|p1a: Iron Treads|50/100
|
|upkeep
|turn|8
|
|t:|1779607743
|move|p1a: Iron Treads|Steel Beam|p2a: Porygon2
|-damage|p2a: Porygon2|58/100
|-damage|p1a: Iron Treads|0 fnt|[from] steelbeam
|faint|p1a: Iron Treads
|-end|p1a: Iron Treads|Quark Drive|[silent]
|move|p2a: Porygon2|Ice Beam|p1: Iron Treads|[notarget]
|-fail|p2a: Porygon2
|
|upkeep
|
|t:|1779607754
|switch|p1a: Ogerpon|Ogerpon-Wellspring, F|70/100
|turn|9
|
|t:|1779607767
|move|p1a: Ogerpon|Swords Dance|p1a: Ogerpon
|-boost|p1a: Ogerpon|atk|2
|move|p2a: Porygon2|Thunder Wave|p1a: Ogerpon
|-status|p1a: Ogerpon|par
|
|upkeep
|turn|10
|
|t:|1779607773
|move|p2a: Porygon2|Foul Play|p1a: Ogerpon
|-damage|p1a: Ogerpon|0 fnt
|faint|p1a: Ogerpon
|
|upkeep
|
|t:|1779607778
|switch|p1a: Meowscarada|Meowscarada, F, shiny|100/100
|turn|11
|
|t:|1779607787
|move|p1a: Meowscarada|Flower Trick|p2a: Porygon2
|-start|p1a: Meowscarada|typechange|Grass|[from] ability: Protean
|-crit|p2a: Porygon2
|-damage|p2a: Porygon2|22/100
|move|p2a: Porygon2|Ice Beam|p1a: Meowscarada
|-supereffective|p1a: Meowscarada
|-damage|p1a: Meowscarada|38/100
|
|upkeep
|turn|12
|
|t:|1779607798
|move|p1a: Meowscarada|Flower Trick|p2a: Porygon2
|-crit|p2a: Porygon2
|-damage|p2a: Porygon2|0 fnt
|faint|p2a: Porygon2
|
|upkeep
|
|t:|1779607803
|switch|p2a: Raikou|Raikou|100/100
|-damage|p2a: Raikou|88/100|[from] Stealth Rock
|-ability|p2a: Raikou|Pressure
|turn|13
|
|t:|1779607814
|move|p1a: Meowscarada|Flower Trick|p2a: Raikou
|-crit|p2a: Raikou
|-damage|p2a: Raikou|0 fnt
|faint|p2a: Raikou
|
|upkeep
|
|t:|1779607821
|switch|p2a: Suicune|Suicune|100/100
|-damage|p2a: Suicune|88/100|[from] Stealth Rock
|-ability|p2a: Suicune|Pressure
|turn|14
|
|t:|1779607828
|-terastallize|p2a: Suicune|Steel
|move|p1a: Meowscarada|Flower Trick|p2a: Suicune
|-resisted|p2a: Suicune
|-crit|p2a: Suicune
|-damage|p2a: Suicune|60/100
|move|p2a: Suicune|Ice Beam|p1a: Meowscarada
|-supereffective|p1a: Meowscarada
|-damage|p1a: Meowscarada|0 fnt
|faint|p1a: Meowscarada
|
|-heal|p2a: Suicune|67/100|[from] item: Leftovers
|upkeep
|
|t:|1779607836
|switch|p1a: Cinderace|Cinderace, F, shiny|63/100
|turn|15
|
|t:|1779607844
|move|p1a: Cinderace|Pyro Ball|p2a: Suicune
|-supereffective|p2a: Suicune
|-damage|p2a: Suicune|0 fnt
|faint|p2a: Suicune
|
|upkeep
|
|t:|1779607846
|switch|p2a: Tyranitar|Tyranitar, M|100/100
|-damage|p2a: Tyranitar|88/100|[from] Stealth Rock
|-weather|Sandstorm|[from] ability: Sand Stream|[of] p2a: Tyranitar
|turn|16
|
|t:|1779607852
|move|p1a: Cinderace|U-turn|p2a: Tyranitar
|-start|p1a: Cinderace|typechange|Bug|[from] ability: Libero
|-supereffective|p2a: Tyranitar
|-damage|p2a: Tyranitar|35/100
|
|t:|1779607856
|switch|p1a: Zamazenta|Zamazenta|100/100|[from] U-turn
|-ability|p1a: Zamazenta|Dauntless Shield|boost
|-boost|p1a: Zamazenta|def|1
|move|p2a: Tyranitar|Stone Edge|p1a: Zamazenta
|-resisted|p1a: Zamazenta
|-damage|p1a: Zamazenta|90/100
|
|-weather|Sandstorm|[upkeep]
|-damage|p1a: Zamazenta|84/100|[from] Sandstorm
|-heal|p1a: Zamazenta|90/100|[from] item: Leftovers
|-heal|p2a: Tyranitar|41/100|[from] item: Leftovers
|upkeep
|turn|17
|c|☆Nickthenickthenick|gg i fucked up on my porygon there
|
|t:|1779607871
|switch|p2a: Espeon|Espeon, M|100/100
|move|p1a: Zamazenta|Iron Defense|p1a: Zamazenta
|-boost|p1a: Zamazenta|def|2
|
|-weather|Sandstorm|[upkeep]
|-damage|p2a: Espeon|95/100|[from] Sandstorm
|-damage|p1a: Zamazenta|84/100|[from] Sandstorm
|-heal|p1a: Zamazenta|90/100|[from] item: Leftovers
|upkeep
|turn|18
|
|t:|1779607878
|-terastallize|p1a: Zamazenta|Steel
|move|p2a: Espeon|Alluring Voice|p1a: Zamazenta
|-resisted|p1a: Zamazenta
|-damage|p1a: Zamazenta|80/100
|move|p1a: Zamazenta|Iron Defense|p1a: Zamazenta
|-boost|p1a: Zamazenta|def|2
|
|-weather|Sandstorm|[upkeep]
|-damage|p2a: Espeon|89/100|[from] Sandstorm
|-heal|p1a: Zamazenta|86/100|[from] item: Leftovers
|upkeep
|turn|19
|
|t:|1779607887
|move|p2a: Espeon|Psychic Noise|p1a: Zamazenta
|-resisted|p1a: Zamazenta
|-damage|p1a: Zamazenta|71/100
|-start|p1a: Zamazenta|move: Heal Block
|move|p1a: Zamazenta|Body Press|p2a: Espeon
|-resisted|p2a: Espeon
|-damage|p2a: Espeon|0 fnt
|faint|p2a: Espeon
|
|-weather|Sandstorm|[upkeep]
|upkeep
|-message|Nickthenickthenick forfeited.
|
|win|Kogasscarf
|raw|Kogasscarf's rating: 1360 &rarr; <strong>1378</strong><br />(+18 for winning)
|raw|Nickthenickthenick's rating: 1329 &rarr; <strong>1311</strong><br />(-18 for losing)
|l|☆Nickthenickthenick
|player|p2|
|l|☆Kogasscarf
|player|p1|
