|j|☆hsp20040923
|j|☆Gffhvfhbduv
|t:|1779639586
|gametype|singles
|player|p1|hsp20040923|1|1165
|player|p2|Gffhvfhbduv|266|1219
|gen|9
|tier|[Gen 9] OU
|rated|
|rule|HP Percentage Mod: HP is shown in percentages
|rule|Endless Battle Clause: Forcing endless battles is banned
|rule|Species Clause: Limit one of each Pokémon
|rule|OHKO Clause: OHKO moves are banned
|rule|Evasion Items Clause: Evasion items are banned
|rule|Evasion Moves Clause: Evasion moves are banned
|rule|Evasion Abilities Clause: Evasion abilities are banned
|rule|Sleep Moves Clause: Sleep-inducing moves are banned
|clearpoke
|poke|p1|Darkrai|
|poke|p1|Haxorus, M|
|poke|p1|Torterra, M|
|poke|p1|Braviary, M|
|poke|p1|Samurott, F|
|poke|p1|Magnezone|
|poke|p2|Dragapult, M|
|poke|p2|Gliscor, M|
|poke|p2|Ogerpon-Wellspring, F|
|poke|p2|Iron Crown|
|poke|p2|Ting-Lu|
|poke|p2|Kingambit, M|
|teampreview
|
|t:|1779639611
|teamsize|p1|6
|teamsize|p2|6
|start
|switch|p1a: Darkrai|Darkrai|100/100
|switch|p2a: Ting-Lu|Ting-Lu|100/100
|-ability|p2a: Ting-Lu|Vessel of Ruin
|turn|1
|
|t:|1779639626
|switch|p1a: Braviary|Braviary, M, shiny|100/100
|move|p2a: Ting-Lu|Stealth Rock|p1a: Braviary
|-sidestart|p1: hsp20040923|move: Stealth Rock
|
|upkeep
|turn|2
|
|t:|1779639635
|switch|p2a: Gliscor|Gliscor, M|100/100
|move|p1a: Braviary|Defog|p2a: Gliscor
|-unboost|p2a: Gliscor|evasion|1
|-sideend|p1: hsp20040923|Stealth Rock|[from] move: Defog|[of] p1a: Braviary
|
|-status|p2a: Gliscor|tox|[from] item: Toxic Orb
|upkeep
|turn|3
|
|t:|1779639649
|move|p2a: Gliscor|Toxic Spikes|p1a: Braviary
|-sidestart|p1: hsp20040923|move: Toxic Spikes
|move|p1a: Braviary|U-turn|p2a: Gliscor
|-resisted|p2a: Gliscor
|-damage|p2a: Gliscor|92/100 tox
|
|t:|1779639673
|switch|p1a: Magnezone|Magnezone|100/100|[from] U-turn
|
|-heal|p2a: Gliscor|100/100 tox|[from] ability: Poison Heal
|upkeep
|turn|4
|
|t:|1779639685
|switch|p1a: Braviary|Braviary, M, shiny|100/100
|move|p2a: Gliscor|Earthquake|p1a: Braviary
|-immune|p1a: Braviary
|
|upkeep
|turn|5
|
|t:|1779639694
|move|p2a: Gliscor|Toxic|p1a: Braviary
|-status|p1a: Braviary|tox
|move|p1a: Braviary|Tailwind|p1a: Braviary
|-sidestart|p1: hsp20040923|move: Tailwind
|
|-damage|p1a: Braviary|94/100 tox|[from] psn
|upkeep
|turn|6
|
|t:|1779639697
|move|p2a: Gliscor|Protect|p2a: Gliscor
|-singleturn|p2a: Gliscor|Protect
|move|p1a: Braviary|Defog|p2a: Gliscor
|-activate|p2a: Gliscor|move: Protect
|
|-damage|p1a: Braviary|82/100 tox|[from] psn
|upkeep
|turn|7
|
|t:|1779639702
|move|p1a: Braviary|Defog|p2a: Gliscor
|-unboost|p2a: Gliscor|evasion|1
|-sideend|p1: hsp20040923|Toxic Spikes|[from] move: Defog|[of] p1a: Braviary
|move|p2a: Gliscor|Toxic Spikes|p1a: Braviary
|-sidestart|p1: hsp20040923|move: Toxic Spikes
|
|-damage|p1a: Braviary|63/100 tox|[from] psn
|upkeep
|turn|8
|
|t:|1779639710
|move|p1a: Braviary|Defog|p2a: Gliscor
|-unboost|p2a: Gliscor|evasion|1
|-sideend|p1: hsp20040923|Toxic Spikes|[from] move: Defog|[of] p1a: Braviary
|move|p2a: Gliscor|Toxic Spikes|p1a: Braviary
|-sidestart|p1: hsp20040923|move: Toxic Spikes
|
|-damage|p1a: Braviary|39/100 tox|[from] psn
|-sideend|p1: hsp20040923|move: Tailwind
|upkeep
|turn|9
|inactive|Battle timer is ON: inactive players will automatically lose when time's up. (requested by Gffhvfhbduv)
|inactive|hsp20040923 has 120 seconds left.
|inactive|hsp20040923 has 90 seconds left.
|
|t:|1779639809
|move|p2a: Gliscor|Protect|p2a: Gliscor
|-singleturn|p2a: Gliscor|Protect
|move|p1a: Braviary|Tailwind|p1a: Braviary
|-sidestart|p1: hsp20040923|move: Tailwind
|
|-damage|p1a: Braviary|8/100 tox|[from] psn
|upkeep
|turn|10
|
|t:|1779639821
|move|p1a: Braviary|Defog|p2a: Gliscor
|-unboost|p2a: Gliscor|evasion|1
|-sideend|p1: hsp20040923|Toxic Spikes|[from] move: Defog|[of] p1a: Braviary
|move|p2a: Gliscor|Toxic Spikes|p1a: Braviary
|-sidestart|p1: hsp20040923|move: Toxic Spikes
|
|-damage|p1a: Braviary|0 fnt|[from] psn
|faint|p1a: Braviary
|upkeep
|
|t:|1779639836
|switch|p1a: Torterra|Torterra, M, shiny|100/100
|-status|p1a: Torterra|psn
|turn|11
|
|t:|1779639845
|move|p1a: Torterra|Shell Smash|p1a: Torterra
|-unboost|p1a: Torterra|def|1
|-unboost|p1a: Torterra|spd|1
|-boost|p1a: Torterra|atk|2
|-boost|p1a: Torterra|spa|2
|-boost|p1a: Torterra|spe|2
|move|p2a: Gliscor|Toxic Spikes|p1a: Torterra
|-sidestart|p1: hsp20040923|move: Toxic Spikes
|
|-damage|p1a: Torterra|88/100 psn|[from] psn
|upkeep
|turn|12
|
|t:|1779639860
|move|p1a: Torterra|Shell Smash|p1a: Torterra
|-unboost|p1a: Torterra|def|1
|-unboost|p1a: Torterra|spd|1
|-boost|p1a: Torterra|atk|2
|-boost|p1a: Torterra|spa|2
|-boost|p1a: Torterra|spe|2
|move|p2a: Gliscor|Earthquake|p1a: Torterra
|-resisted|p1a: Torterra
|-damage|p1a: Torterra|57/100 psn
|
|-damage|p1a: Torterra|45/100 psn|[from] psn
|-sideend|p1: hsp20040923|move: Tailwind
|upkeep
|turn|13
|
|t:|1779639865
|move|p2a: Gliscor|Protect|p2a: Gliscor
|-singleturn|p2a: Gliscor|Protect
|move|p1a: Torterra|Seed Bomb|p2a: Gliscor
|-activate|p2a: Gliscor|move: Protect
|
|-damage|p1a: Torterra|32/100 psn|[from] psn
|upkeep
|turn|14
|
|t:|1779639872
|switch|p2a: Iron Crown|Iron Crown|100/100
|-enditem|p2a: Iron Crown|Booster Energy
|-activate|p2a: Iron Crown|ability: Quark Drive|[fromitem]
|-start|p2a: Iron Crown|quarkdrivespe
|move|p1a: Torterra|Seed Bomb|p2a: Iron Crown
|-resisted|p2a: Iron Crown
|-damage|p2a: Iron Crown|16/100
|
|-damage|p1a: Torterra|20/100 psn|[from] psn
|upkeep
|turn|15
|
|t:|1779639882
|move|p1a: Torterra|Seed Bomb|p2a: Iron Crown
|-resisted|p2a: Iron Crown
|-damage|p2a: Iron Crown|0 fnt
|faint|p2a: Iron Crown
|-end|p2a: Iron Crown|Quark Drive|[silent]
|
|-damage|p1a: Torterra|7/100 psn|[from] psn
|upkeep
|
|t:|1779639894
|switch|p2a: Gliscor|Gliscor, M|100/100 tox
|turn|16
|
|t:|1779639898
|move|p2a: Gliscor|Protect|p2a: Gliscor
|-singleturn|p2a: Gliscor|Protect
|move|p1a: Torterra|Stealth Rock|p2a: Gliscor
|-sidestart|p2: Gffhvfhbduv|move: Stealth Rock
|
|-damage|p1a: Torterra|0 fnt|[from] psn
|faint|p1a: Torterra
|upkeep
|
|t:|1779639920
|switch|p1a: Haxorus|Haxorus, M|100/100
|-status|p1a: Haxorus|tox
|-ability|p1a: Haxorus|Mold Breaker
|turn|17
|
|t:|1779639924
|move|p1a: Haxorus|Dragon Dance|p1a: Haxorus
|-boost|p1a: Haxorus|atk|1
|-boost|p1a: Haxorus|spe|1
|move|p2a: Gliscor|Earthquake|p1a: Haxorus
|-damage|p1a: Haxorus|58/100 tox
|
|-damage|p1a: Haxorus|52/100 tox|[from] psn
|upkeep
|turn|18
|
|t:|1779639933
|move|p1a: Haxorus|Dragon Dance|p1a: Haxorus
|-boost|p1a: Haxorus|atk|1
|-boost|p1a: Haxorus|spe|1
|move|p2a: Gliscor|Earthquake|p1a: Haxorus
|-damage|p1a: Haxorus|13/100 tox
|
|-damage|p1a: Haxorus|1/100 tox|[from] psn
|upkeep
|turn|19
|
|t:|1779639941
|move|p2a: Gliscor|Protect|p2a: Gliscor
|-singleturn|p2a: Gliscor|Protect
|move|p1a: Haxorus|Dragon Claw|p2a: Gliscor
|-activate|p2a: Gliscor|move: Protect
|
|-damage|p1a: Haxorus|0 fnt|[from] psn
|faint|p1a: Haxorus
|upkeep
|
|t:|1779639947
|switch|p1a: Samurott|Samurott, F|100/100
|-status|p1a: Samurott|tox
|turn|20
|
|t:|1779639956
|move|p1a: Samurott|Encore|p2a: Gliscor
|-start|p2a: Gliscor|Encore
|move|p2a: Gliscor|Protect||[still]
|-fail|p2a: Gliscor
|
|-damage|p1a: Samurott|94/100 tox|[from] psn
|upkeep
|turn|21
|
|t:|1779639960
|switch|p2a: Ogerpon|Ogerpon-Wellspring, F|100/100
|-damage|p2a: Ogerpon|88/100|[from] Stealth Rock
|move|p1a: Samurott|Flip Turn|p2a: Ogerpon
|-heal|p2a: Ogerpon|100/100|[from] ability: Water Absorb|[of] p1a: Samurott
|
|-damage|p1a: Samurott|82/100 tox|[from] psn
|upkeep
|turn|22
|
|t:|1779639971
|move|p2a: Ogerpon|Knock Off|p1a: Samurott
|-damage|p1a: Samurott|41/100 tox
|-enditem|p1a: Samurott|Focus Sash|[from] move: Knock Off|[of] p2a: Ogerpon
|move|p1a: Samurott|Knock Off|p2a: Ogerpon
|-damage|p2a: Ogerpon|78/100
|
|-damage|p1a: Samurott|23/100 tox|[from] psn
|upkeep
|turn|23
|
|t:|1779639976
|move|p2a: Ogerpon|Ivy Cudgel|p1a: Samurott|[anim] Ivy Cudgel Water
|-resisted|p1a: Samurott
|-crit|p1a: Samurott
|-damage|p1a: Samurott|0 fnt
|faint|p1a: Samurott
|
|upkeep
|
|t:|1779639980
|switch|p1a: Darkrai|Darkrai|100/100
|-status|p1a: Darkrai|tox
|turn|24
|
|t:|1779639991
|move|p1a: Darkrai|Substitute|p1a: Darkrai
|-start|p1a: Darkrai|Substitute
|-damage|p1a: Darkrai|76/100 tox
|move|p2a: Ogerpon|Knock Off|p1a: Darkrai
|-resisted|p1a: Darkrai
|-end|p1a: Darkrai|Substitute
|
|-damage|p1a: Darkrai|70/100 tox|[from] psn
|upkeep
|turn|25
|
|t:|1779639999
|move|p1a: Darkrai|Sludge Bomb|p2a: Ogerpon
|-supereffective|p2a: Ogerpon
|-damage|p2a: Ogerpon|0 fnt
|faint|p2a: Ogerpon
|
|-damage|p1a: Darkrai|57/100 tox|[from] psn
|upkeep
|
|t:|1779640011
|switch|p2a: Dragapult|Dragapult, M|100/100
|turn|26
|
|t:|1779640027
|move|p2a: Dragapult|U-turn|p1a: Darkrai
|-supereffective|p1a: Darkrai
|-damage|p1a: Darkrai|6/100 tox
|
|t:|1779640030
|switch|p2a: Ting-Lu|Ting-Lu|100/100|[from] U-turn
|-damage|p2a: Ting-Lu|94/100|[from] Stealth Rock
|-ability|p2a: Ting-Lu|Vessel of Ruin
|move|p1a: Darkrai|Dark Pulse|p2a: Ting-Lu
|-resisted|p2a: Ting-Lu
|-damage|p2a: Ting-Lu|83/100
|
|-damage|p1a: Darkrai|0 fnt|[from] psn
|faint|p1a: Darkrai
|upkeep
|
|t:|1779640037
|switch|p1a: Magnezone|Magnezone|100/100
|turn|27
|
|t:|1779640044
|switch|p2a: Gliscor|Gliscor, M|100/100 tox
|-damage|p2a: Gliscor|88/100 tox|[from] Stealth Rock
|-terastallize|p1a: Magnezone|Flying
|move|p1a: Magnezone|Flash Cannon|p2a: Gliscor
|-damage|p2a: Gliscor|33/100 tox
|
|-heal|p2a: Gliscor|45/100 tox|[from] ability: Poison Heal
|upkeep
|turn|28
|
|t:|1779640053
|move|p2a: Gliscor|Protect|p2a: Gliscor
|-singleturn|p2a: Gliscor|Protect
|move|p1a: Magnezone|Flash Cannon|p2a: Gliscor
|-activate|p2a: Gliscor|move: Protect
|
|-heal|p2a: Gliscor|58/100 tox|[from] ability: Poison Heal
|upkeep
|turn|29
|
|t:|1779640055
|move|p2a: Gliscor|Toxic|p1a: Magnezone
|-status|p1a: Magnezone|tox
|move|p1a: Magnezone|Flash Cannon|p2a: Gliscor
|-damage|p2a: Gliscor|2/100 tox
|
|-heal|p2a: Gliscor|15/100 tox|[from] ability: Poison Heal
|-damage|p1a: Magnezone|94/100 tox|[from] psn
|upkeep
|turn|30
|
|t:|1779640062
|move|p2a: Gliscor|Protect|p2a: Gliscor
|-singleturn|p2a: Gliscor|Protect
|move|p1a: Magnezone|Flash Cannon|p2a: Gliscor
|-activate|p2a: Gliscor|move: Protect
|
|-heal|p2a: Gliscor|27/100 tox|[from] ability: Poison Heal
|-damage|p1a: Magnezone|82/100 tox|[from] psn
|upkeep
|turn|31
|
|t:|1779640065
|switch|p2a: Ting-Lu|Ting-Lu|83/100
|-damage|p2a: Ting-Lu|77/100|[from] Stealth Rock
|-ability|p2a: Ting-Lu|Vessel of Ruin
|move|p1a: Magnezone|Flash Cannon|p2a: Ting-Lu
|-damage|p2a: Ting-Lu|46/100
|
|-damage|p1a: Magnezone|64/100 tox|[from] psn
|upkeep
|turn|32
|
|t:|1779640073
|move|p2a: Ting-Lu|Ruination|p1a: Magnezone
|-damage|p1a: Magnezone|32/100 tox
|move|p1a: Magnezone|Flash Cannon|p2a: Ting-Lu
|-damage|p2a: Ting-Lu|18/100
|
|-damage|p1a: Magnezone|8/100 tox|[from] psn
|upkeep
|turn|33
|
|t:|1779640083
|move|p2a: Ting-Lu|Heavy Slam|p1a: Magnezone
|-damage|p1a: Magnezone|0 fnt
|faint|p1a: Magnezone
|
|win|Gffhvfhbduv
|raw|hsp20040923's rating: 1165 &rarr; <strong>1145</strong><br />(-20 for losing)
|raw|Gffhvfhbduv's rating: 1240 &rarr; <strong>1260</strong><br />(+20 for winning)
|l|☆Gffhvfhbduv
|player|p2|
