|j|‽leifohman
|j|☆maxcondones
|t:|1779710328
|gametype|singles
|player|p1|leifohman|266|1583
|player|p2|maxcondones|1|1576
|gen|9
|tier|[Gen 9] OU
|rated|
|rule|HP Percentage Mod: HP is shown in percentages
|rule|Endless Battle Clause: Forcing endless battles is banned
|rule|Species Clause: Limit one of each Pokémon
|rule|OHKO Clause: OHKO moves are banned
|rule|Evasion Items Clause: Evasion items are banned
|rule|Evasion Moves Clause: Evasion moves are banned
|rule|Evasion Abilities Clause: Evasion abilities are banned
|rule|Sleep Moves Clause: Sleep-inducing moves are banned
|clearpoke
|poke|p1|Porygon2|
|poke|p1|Dragapult, F|
|poke|p1|Deoxys-Speed|
|poke|p1|Cinderace, M|
|poke|p1|Donphan, M|
|poke|p1|Gardevoir, F|
|poke|p2|Excadrill, M|
|poke|p2|Hippowdon, F|
|poke|p2|Landorus-Therian, M|
|poke|p2|Deoxys-Speed|
|poke|p2|Kommo-o, F|
|poke|p2|Tyranitar, F|
|teampreview
|inactive|Battle timer is ON: inactive players will automatically lose when time's up. (requested by leifohman)
|j| Supa Dupa Hoopa
|
|t:|1779710346
|teamsize|p1|6
|teamsize|p2|6
|start
|switch|p1a: Deoxys|Deoxys-Speed, shiny|100/100
|switch|p2a: Tyranitar|Tyranitar, F|100/100
|-ability|p1a: Deoxys|Pressure
|-weather|Sandstorm|[from] ability: Sand Stream|[of] p2a: Tyranitar
|turn|1
|j| eternity o2
|
|t:|1779710359
|switch|p2a: Landorus|Landorus-Therian, M|100/100
|-ability|p2a: Landorus|Intimidate|boost
|-unboost|p1a: Deoxys|atk|1
|move|p1a: Deoxys|Superpower|p2a: Landorus
|-resisted|p2a: Landorus
|-damage|p2a: Landorus|87/100
|-unboost|p1a: Deoxys|atk|1
|-unboost|p1a: Deoxys|def|1
|-damage|p1a: Deoxys|84/100|[from] item: Rocky Helmet|[of] p2a: Landorus
|-damage|p1a: Deoxys|74/100|[from] item: Life Orb
|
|-weather|Sandstorm|[upkeep]
|-damage|p1a: Deoxys|68/100|[from] Sandstorm
|upkeep
|turn|2
|
|t:|1779710372
|switch|p2a: Tyranitar|Tyranitar, F|100/100
|move|p1a: Deoxys|Ice Beam|p2a: Tyranitar
|-damage|p2a: Tyranitar|87/100
|-enditem|p2a: Tyranitar|Eject Button
|-damage|p1a: Deoxys|58/100|[from] item: Life Orb
|
|t:|1779710375
|switch|p2a: Excadrill|Excadrill, M|100/100
|
|-weather|Sandstorm|[upkeep]
|-damage|p1a: Deoxys|52/100|[from] Sandstorm
|upkeep
|turn|3
|
|t:|1779710382
|switch|p1a: Donphan|Donphan, M|100/100
|move|p2a: Excadrill|Earthquake|p1a: Donphan
|-damage|p1a: Donphan|28/100
|
|-weather|Sandstorm|[upkeep]
|upkeep
|turn|4
|
|t:|1779710400
|move|p1a: Donphan|Ice Shard|p2a: Excadrill
|-damage|p2a: Excadrill|78/100
|move|p2a: Excadrill|Earthquake|p1a: Donphan
|-damage|p1a: Donphan|0 fnt
|faint|p1a: Donphan
|
|-weather|Sandstorm|[upkeep]
|upkeep
|inactive|leifohman has 120 seconds left.
|
|t:|1779710437
|switch|p1a: Dragapult|Dragapult, F, shiny|100/100
|turn|5
|
|t:|1779710443
|move|p2a: Excadrill|Earthquake|p1a: Dragapult
|-damage|p1a: Dragapult|0 fnt
|faint|p1a: Dragapult
|
|-weather|none
|upkeep
|
|t:|1779710454
|switch|p1a: Cinderace|Cinderace, M, shiny|100/100
|turn|6
|l| Supa Dupa Hoopa
|
|t:|1779710465
|switch|p2a: Hippowdon|Hippowdon, F|100/100
|-weather|Sandstorm|[from] ability: Sand Stream|[of] p2a: Hippowdon
|move|p1a: Cinderace|Pyro Ball|p2a: Hippowdon
|-damage|p2a: Hippowdon|70/100
|-enditem|p2a: Hippowdon|Eject Button
|
|t:|1779710468
|switch|p2a: Excadrill|Excadrill, M|78/100
|
|-weather|Sandstorm|[upkeep]
|-damage|p1a: Cinderace|95/100|[from] Sandstorm
|upkeep
|turn|7
|
|t:|1779710479
|move|p1a: Cinderace|Sucker Punch|p2a: Excadrill
|-start|p1a: Cinderace|typechange|Dark|[from] ability: Libero
|-damage|p2a: Excadrill|29/100
|move|p2a: Excadrill|Earthquake|p1a: Cinderace
|-damage|p1a: Cinderace|0 fnt
|faint|p1a: Cinderace
|
|-weather|Sandstorm|[upkeep]
|upkeep
|
|t:|1779710499
|switch|p1a: Gardevoir|Gardevoir, F, shiny|100/100
|-ability|p1a: Gardevoir|Sand Rush|Trace|[from] ability: Trace|[of] p2a: Excadrill
|turn|8
|inactive|maxcondones has 120 seconds left.
|
|t:|1779710551
|switch|p2a: Hippowdon|Hippowdon, F|70/100
|-terastallize|p1a: Gardevoir|Fairy
|move|p1a: Gardevoir|Moonblast|p2a: Hippowdon
|-damage|p2a: Hippowdon|3/100
|
|-weather|Sandstorm|[upkeep]
|upkeep
|turn|9
|
|t:|1779710558
|move|p1a: Gardevoir|Moonblast|p2a: Hippowdon
|-damage|p2a: Hippowdon|0 fnt
|faint|p2a: Hippowdon
|
|-weather|Sandstorm|[upkeep]
|upkeep
|inactive|maxcondones has 90 seconds left.
|
|t:|1779710579
|switch|p2a: Kommo-o|Kommo-o, F|100/100
|turn|10
|
|t:|1779710582
|-terastallize|p2a: Kommo-o|Normal
|move|p1a: Gardevoir|Moonblast|p2a: Kommo-o
|-damage|p2a: Kommo-o|26/100
|-unboost|p2a: Kommo-o|spa|1
|move|p2a: Kommo-o|Boomburst|p1a: Gardevoir
|-crit|p1a: Gardevoir
|-damage|p1a: Gardevoir|6/100
|-enditem|p2a: Kommo-o|Throat Spray
|-boost|p2a: Kommo-o|spa|1|[from] item: Throat Spray
|
|-weather|none
|upkeep
|turn|11
|inactive|leifohman has 120 seconds left.
|
|t:|1779710599
|move|p1a: Gardevoir|Moonblast|p2a: Kommo-o
|-damage|p2a: Kommo-o|0 fnt
|faint|p2a: Kommo-o
|
|upkeep
|
|t:|1779710606
|switch|p2a: Deoxys|Deoxys-Speed|100/100
|-ability|p2a: Deoxys|Pressure
|turn|12
|inactive|maxcondones has 90 seconds left.
|
|t:|1779710621
|switch|p1a: Porygon2|Porygon2, shiny|100/100
|-ability|p1a: Porygon2|Pressure|Trace|[from] ability: Trace|[of] p2a: Deoxys
|-ability|p1a: Porygon2|Pressure
|move|p2a: Deoxys|Superpower|p1a: Porygon2
|-supereffective|p1a: Porygon2
|-damage|p1a: Porygon2|54/100
|-unboost|p2a: Deoxys|atk|1
|-unboost|p2a: Deoxys|def|1
|-enditem|p2a: Deoxys|Eject Pack
|inactive|maxcondones has 90 seconds left.
|
|t:|1779710633
|switch|p2a: Landorus|Landorus-Therian, M|87/100
|-ability|p2a: Landorus|Intimidate|boost
|-unboost|p1a: Porygon2|atk|1
|
|upkeep
|turn|13
|
|t:|1779710640
|move|p2a: Landorus|Taunt|p1a: Porygon2
|-start|p1a: Porygon2|move: Taunt
|cant|p1a: Porygon2|move: Taunt|Recover
|
|upkeep
|turn|14
|
|t:|1779710647
|move|p2a: Landorus|Earth Power|p1a: Porygon2
|-damage|p1a: Porygon2|38/100
|move|p1a: Porygon2|Tri Attack|p2a: Landorus
|-damage|p2a: Landorus|53/100
|
|upkeep
|turn|15
|
|t:|1779710654
|move|p2a: Landorus|Earth Power|p1a: Porygon2
|-damage|p1a: Porygon2|23/100
|move|p1a: Porygon2|Tri Attack|p2a: Landorus
|-damage|p2a: Landorus|19/100
|
|-end|p1a: Porygon2|move: Taunt
|upkeep
|turn|16
|
|t:|1779710666
|move|p2a: Landorus|Taunt|p1a: Porygon2
|-start|p1a: Porygon2|move: Taunt
|move|p1a: Porygon2|Tri Attack|p2a: Landorus
|-damage|p2a: Landorus|0 fnt
|faint|p2a: Landorus
|
|upkeep
|
|t:|1779710685
|switch|p2a: Tyranitar|Tyranitar, F|87/100
|-weather|Sandstorm|[from] ability: Sand Stream|[of] p2a: Tyranitar
|turn|17
|
|t:|1779710706
|move|p2a: Tyranitar|Stealth Rock|p1a: Porygon2
|-sidestart|p1: leifohman|move: Stealth Rock
|move|p1a: Porygon2|Discharge|p2a: Tyranitar
|-damage|p2a: Tyranitar|78/100
|
|-weather|Sandstorm|[upkeep]
|-damage|p1a: Porygon2|17/100|[from] Sandstorm
|upkeep
|turn|18
|inactive|leifohman has 120 seconds left.
|
|t:|1779710730
|move|p2a: Tyranitar|Knock Off|p1a: Porygon2
|-damage|p1a: Porygon2|0 fnt
|-enditem|p1a: Porygon2|Eviolite|[from] move: Knock Off|[of] p2a: Tyranitar
|faint|p1a: Porygon2
|
|-weather|Sandstorm|[upkeep]
|upkeep
|inactive|leifohman has 120 seconds left.
|
|t:|1779710739
|switch|p1a: Deoxys|Deoxys-Speed, shiny|52/100
|-damage|p1a: Deoxys|39/100|[from] Stealth Rock
|-ability|p1a: Deoxys|Pressure
|turn|19
|
|t:|1779710748
|move|p1a: Deoxys|Superpower|p2a: Tyranitar
|-supereffective|p2a: Tyranitar
|-damage|p2a: Tyranitar|0 fnt
|-unboost|p1a: Deoxys|atk|1
|-unboost|p1a: Deoxys|def|1
|faint|p2a: Tyranitar
|-damage|p1a: Deoxys|29/100|[from] item: Life Orb
|
|-weather|Sandstorm|[upkeep]
|-damage|p1a: Deoxys|23/100|[from] Sandstorm
|upkeep
|
|t:|1779710751
|switch|p2a: Excadrill|Excadrill, M|29/100
|turn|20
|
|t:|1779710766
|move|p2a: Excadrill|Rapid Spin|p1a: Deoxys
|-damage|p1a: Deoxys|0 fnt
|-boost|p2a: Excadrill|spe|1
|faint|p1a: Deoxys
|
|-weather|Sandstorm|[upkeep]
|upkeep
|-message|leifohman forfeited.
|
|win|maxcondones
|raw|leifohman's rating: 1583 &rarr; <strong>1563</strong><br />(-20 for losing)
|raw|maxcondones's rating: 1576 &rarr; <strong>1596</strong><br />(+20 for winning)
|l|‽leifohman
|player|p1|
