|badge|p1|silver|gen9randombattle|30-9
|uhtml|medal-msg|<div class="broadcast-blue">Curious what those medals under the avatar are? PS now has Ladder Seasons! For more information, check out the <a href="https://www.smogon.com/forums/threads/3740067/">thread on Smogon.</a></div>
|j|☆Ctannn
|j|‽arbok fangs
|t:|1779697985
|gametype|singles
|player|p1|Ctannn|102|1626
|player|p2|arbok fangs|rocketgrunt|1681
|gen|9
|tier|[Gen 9] OU
|rated|
|rule|HP Percentage Mod: HP is shown in percentages
|rule|Endless Battle Clause: Forcing endless battles is banned
|rule|Species Clause: Limit one of each Pokémon
|rule|OHKO Clause: OHKO moves are banned
|rule|Evasion Items Clause: Evasion items are banned
|rule|Evasion Moves Clause: Evasion moves are banned
|rule|Evasion Abilities Clause: Evasion abilities are banned
|rule|Sleep Moves Clause: Sleep-inducing moves are banned
|clearpoke
|poke|p1|Rillaboom, M|
|poke|p1|Garganacl, M|
|poke|p1|Cinderace, F|
|poke|p1|Raging Bolt|
|poke|p1|Slowking-Galar, M|
|poke|p1|Landorus-Therian, M|
|poke|p2|Ninetales-Alola, F|
|poke|p2|Klefki, M|
|poke|p2|Maushold-Four|
|poke|p2|Latias, F|
|poke|p2|Okidogi, M|
|poke|p2|Kyurem|
|teampreview
|inactive|Battle timer is ON: inactive players will automatically lose when time's up. (requested by Ctannn)
|
|t:|1779697994
|teamsize|p1|6
|teamsize|p2|6
|start
|switch|p1a: Garganacl|Garganacl, M|100/100
|switch|p2a: Klefki|Klefki, M|100/100
|turn|1
|
|t:|1779697997
|move|p2a: Klefki|Reflect|p2a: Klefki
|-sidestart|p2: arbok fangs|Reflect
|move|p1a: Garganacl|Salt Cure|p2a: Klefki
|-resisted|p2a: Klefki
|-damage|p2a: Klefki|97/100
|-start|p2a: Klefki|Salt Cure
|
|-damage|p2a: Klefki|72/100|[from] Salt Cure
|upkeep
|turn|2
|
|t:|1779698000
|move|p2a: Klefki|Light Screen|p2a: Klefki
|-sidestart|p2: arbok fangs|move: Light Screen
|move|p1a: Garganacl|Curse|p1a: Garganacl
|-unboost|p1a: Garganacl|spe|1
|-boost|p1a: Garganacl|atk|1
|-boost|p1a: Garganacl|def|1
|
|-damage|p2a: Klefki|47/100|[from] Salt Cure
|upkeep
|turn|3
|
|t:|1779698006
|move|p2a: Klefki|Spikes|p1a: Garganacl
|-sidestart|p1: Ctannn|Spikes
|move|p1a: Garganacl|Salt Cure|p2a: Klefki
|-resisted|p2a: Klefki
|-damage|p2a: Klefki|42/100
|
|-damage|p2a: Klefki|17/100|[from] Salt Cure
|upkeep
|turn|4
|
|t:|1779698009
|switch|p2a: Okidogi|Okidogi, M|100/100
|move|p1a: Garganacl|Curse|p1a: Garganacl
|-unboost|p1a: Garganacl|spe|1
|-boost|p1a: Garganacl|atk|1
|-boost|p1a: Garganacl|def|1
|
|upkeep
|turn|5
|
|t:|1779698014
|move|p2a: Okidogi|Bulk Up|p2a: Okidogi
|-boost|p2a: Okidogi|atk|1
|-boost|p2a: Okidogi|def|1
|move|p1a: Garganacl|Salt Cure|p2a: Okidogi
|-resisted|p2a: Okidogi
|-damage|p2a: Okidogi|97/100
|-start|p2a: Okidogi|Salt Cure
|
|-heal|p2a: Okidogi|100/100|[from] item: Leftovers
|-damage|p2a: Okidogi|88/100|[from] Salt Cure
|upkeep
|turn|6
|
|t:|1779698019
|move|p2a: Okidogi|Knock Off|p1a: Garganacl
|-damage|p1a: Garganacl|82/100
|-enditem|p1a: Garganacl|Leftovers|[from] move: Knock Off|[of] p2a: Okidogi
|move|p1a: Garganacl|Curse|p1a: Garganacl
|-unboost|p1a: Garganacl|spe|1
|-boost|p1a: Garganacl|atk|1
|-boost|p1a: Garganacl|def|1
|
|-heal|p2a: Okidogi|94/100|[from] item: Leftovers
|-damage|p2a: Okidogi|82/100|[from] Salt Cure
|upkeep
|turn|7
|
|t:|1779698022
|move|p2a: Okidogi|Bulk Up|p2a: Okidogi
|-boost|p2a: Okidogi|atk|1
|-boost|p2a: Okidogi|def|1
|move|p1a: Garganacl|Curse|p1a: Garganacl
|-unboost|p1a: Garganacl|spe|1
|-boost|p1a: Garganacl|atk|1
|-boost|p1a: Garganacl|def|1
|
|-heal|p2a: Okidogi|88/100|[from] item: Leftovers
|-damage|p2a: Okidogi|75/100|[from] Salt Cure
|upkeep
|turn|8
|
|t:|1779698025
|move|p2a: Okidogi|Bulk Up|p2a: Okidogi
|-boost|p2a: Okidogi|atk|1
|-boost|p2a: Okidogi|def|1
|move|p1a: Garganacl|Curse|p1a: Garganacl
|-unboost|p1a: Garganacl|spe|1
|-boost|p1a: Garganacl|atk|1
|-boost|p1a: Garganacl|def|1
|
|-heal|p2a: Okidogi|82/100|[from] item: Leftovers
|-damage|p2a: Okidogi|69/100|[from] Salt Cure
|-sideend|p2: arbok fangs|Reflect
|upkeep
|turn|9
|
|t:|1779698027
|move|p2a: Okidogi|Bulk Up|p2a: Okidogi
|-boost|p2a: Okidogi|atk|1
|-boost|p2a: Okidogi|def|1
|move|p1a: Garganacl|Curse|p1a: Garganacl
|-unboost|p1a: Garganacl|spe|1
|-boost|p1a: Garganacl|atk|1
|-boost|p1a: Garganacl|def|1
|
|-heal|p2a: Okidogi|75/100|[from] item: Leftovers
|-damage|p2a: Okidogi|63/100|[from] Salt Cure
|-sideend|p2: arbok fangs|move: Light Screen
|upkeep
|turn|10
|
|t:|1779698030
|move|p2a: Okidogi|Bulk Up|p2a: Okidogi
|-boost|p2a: Okidogi|atk|1
|-boost|p2a: Okidogi|def|1
|move|p1a: Garganacl|Salt Cure|p2a: Okidogi
|-resisted|p2a: Okidogi
|-damage|p2a: Okidogi|56/100
|
|-heal|p2a: Okidogi|62/100|[from] item: Leftovers
|-damage|p2a: Okidogi|50/100|[from] Salt Cure
|upkeep
|turn|11
|
|t:|1779698034
|move|p2a: Okidogi|Drain Punch|p1a: Garganacl
|-supereffective|p1a: Garganacl
|-damage|p1a: Garganacl|28/100
|-heal|p2a: Okidogi|78/100|[from] drain|[of] p1a: Garganacl
|move|p1a: Garganacl|Recover|p1a: Garganacl
|-heal|p1a: Garganacl|78/100
|
|-heal|p2a: Okidogi|84/100|[from] item: Leftovers
|-damage|p2a: Okidogi|72/100|[from] Salt Cure
|upkeep
|turn|12
|
|t:|1779698040
|move|p2a: Okidogi|Bulk Up|p2a: Okidogi
|-boost|p2a: Okidogi|atk|1
|-boost|p2a: Okidogi|def|1
|move|p1a: Garganacl|Recover|p1a: Garganacl
|-heal|p1a: Garganacl|100/100
|
|-heal|p2a: Okidogi|78/100|[from] item: Leftovers
|-damage|p2a: Okidogi|66/100|[from] Salt Cure
|upkeep
|turn|13
|
|t:|1779698042
|move|p1a: Garganacl|Protect|p1a: Garganacl
|-singleturn|p1a: Garganacl|Protect
|move|p2a: Okidogi|Knock Off|p1a: Garganacl
|-activate|p1a: Garganacl|move: Protect
|
|-heal|p2a: Okidogi|72/100|[from] item: Leftovers
|-damage|p2a: Okidogi|59/100|[from] Salt Cure
|upkeep
|turn|14
|
|t:|1779698044
|switch|p1a: Slowking|Slowking-Galar, M|100/100
|-damage|p1a: Slowking|88/100|[from] Spikes
|move|p2a: Okidogi|Drain Punch|p1a: Slowking
|-resisted|p1a: Slowking
|-damage|p1a: Slowking|56/100
|-heal|p2a: Okidogi|76/100|[from] drain|[of] p1a: Slowking
|-damage|p2a: Okidogi|59/100|[from] item: Rocky Helmet|[of] p1a: Slowking
|
|-heal|p2a: Okidogi|65/100|[from] item: Leftovers
|-damage|p2a: Okidogi|53/100|[from] Salt Cure
|upkeep
|turn|15
|
|t:|1779698051
|move|p2a: Okidogi|Knock Off|p1a: Slowking
|-supereffective|p1a: Slowking
|-damage|p1a: Slowking|0 fnt
|-damage|p2a: Okidogi|37/100|[from] item: Rocky Helmet|[of] p1a: Slowking
|-enditem|p1a: Slowking|Rocky Helmet|[from] move: Knock Off|[of] p2a: Okidogi
|faint|p1a: Slowking
|
|-heal|p2a: Okidogi|43/100|[from] item: Leftovers
|-damage|p2a: Okidogi|30/100|[from] Salt Cure
|upkeep
|j| Rattlechains
|
|t:|1779698057
|switch|p1a: Raging Bolt|Raging Bolt|100/100
|turn|16
|
|t:|1779698069
|switch|p2a: Klefki|Klefki, M|17/100
|move|p1a: Raging Bolt|Volt Switch|p2a: Klefki
|-damage|p2a: Klefki|0 fnt
|faint|p2a: Klefki
|
|t:|1779698075
|-end|p1a: Raging Bolt|Protosynthesis|[silent]
|switch|p1a: Cinderace|Cinderace, F|100/100|[from] Volt Switch
|
|upkeep
|
|t:|1779698086
|switch|p2a: Latias|Latias, F|100/100
|turn|17
|
|t:|1779698102
|switch|p1a: Garganacl|Garganacl, M|100/100
|-damage|p1a: Garganacl|88/100|[from] Spikes
|move|p2a: Latias|Agility|p2a: Latias
|-boost|p2a: Latias|spe|2
|
|upkeep
|turn|18
|
|t:|1779698104
|move|p2a: Latias|Calm Mind|p2a: Latias
|-boost|p2a: Latias|spa|1
|-boost|p2a: Latias|spd|1
|move|p1a: Garganacl|Salt Cure|p2a: Latias
|-damage|p2a: Latias|87/100
|-start|p2a: Latias|Salt Cure
|
|-damage|p2a: Latias|75/100|[from] Salt Cure
|upkeep
|turn|19
|
|t:|1779698106
|move|p2a: Latias|Calm Mind|p2a: Latias
|-boost|p2a: Latias|spa|1
|-boost|p2a: Latias|spd|1
|move|p1a: Garganacl|Salt Cure|p2a: Latias
|-damage|p2a: Latias|61/100
|
|-damage|p2a: Latias|49/100|[from] Salt Cure
|upkeep
|turn|20
|
|t:|1779698109
|move|p1a: Garganacl|Protect|p1a: Garganacl
|-singleturn|p1a: Garganacl|Protect
|move|p2a: Latias|Calm Mind|p2a: Latias
|-boost|p2a: Latias|spa|1
|-boost|p2a: Latias|spd|1
|
|-damage|p2a: Latias|37/100|[from] Salt Cure
|upkeep
|turn|21
|
|t:|1779698116
|switch|p1a: Landorus|Landorus-Therian, M|100/100
|-ability|p1a: Landorus|Intimidate|boost
|-unboost|p2a: Latias|atk|1
|move|p2a: Latias|Stored Power|p1a: Landorus
|-damage|p1a: Landorus|0 fnt
|faint|p1a: Landorus
|
|-damage|p2a: Latias|24/100|[from] Salt Cure
|upkeep
|j| bhybhdd
|j| yuureisuisei
|
|t:|1779698123
|switch|p1a: Rillaboom|Rillaboom, M|100/100
|-damage|p1a: Rillaboom|88/100|[from] Spikes
|-fieldstart|move: Grassy Terrain|[from] ability: Grassy Surge|[of] p1a: Rillaboom
|turn|22
|
|t:|1779698125
|move|p1a: Rillaboom|Grassy Glide|p2a: Latias
|-resisted|p2a: Latias
|-damage|p2a: Latias|0 fnt
|faint|p2a: Latias
|
|-heal|p1a: Rillaboom|94/100|[from] Grassy Terrain
|upkeep
|
|t:|1779698133
|switch|p2a: Ninetales|Ninetales-Alola, F|100/100
|-weather|Snowscape|[from] ability: Snow Warning|[of] p2a: Ninetales
|turn|23
|
|t:|1779698138
|switch|p1a: Garganacl|Garganacl, M|88/100
|-damage|p1a: Garganacl|76/100|[from] Spikes
|move|p2a: Ninetales|Aurora Veil|p2a: Ninetales
|-sidestart|p2: arbok fangs|move: Aurora Veil
|
|-weather|Snowscape|[upkeep]
|-heal|p1a: Garganacl|82/100|[from] Grassy Terrain
|upkeep
|turn|24
|
|t:|1779698142
|switch|p2a: Okidogi|Okidogi, M|30/100
|move|p1a: Garganacl|Salt Cure|p2a: Okidogi
|-resisted|p2a: Okidogi
|-damage|p2a: Okidogi|27/100
|-start|p2a: Okidogi|Salt Cure
|
|-weather|Snowscape|[upkeep]
|-heal|p2a: Okidogi|33/100|[from] Grassy Terrain
|-heal|p2a: Okidogi|39/100|[from] item: Leftovers
|-heal|p1a: Garganacl|88/100|[from] Grassy Terrain
|-damage|p2a: Okidogi|27/100|[from] Salt Cure
|upkeep
|turn|25
|
|t:|1779698147
|switch|p1a: Raging Bolt|Raging Bolt|100/100
|move|p2a: Okidogi|Knock Off|p1a: Raging Bolt
|-crit|p1a: Raging Bolt
|-damage|p1a: Raging Bolt|52/100
|-enditem|p1a: Raging Bolt|Heavy-Duty Boots|[from] move: Knock Off|[of] p2a: Okidogi
|
|-weather|Snowscape|[upkeep]
|-heal|p1a: Raging Bolt|58/100|[from] Grassy Terrain
|-heal|p2a: Okidogi|33/100|[from] Grassy Terrain
|-heal|p2a: Okidogi|39/100|[from] item: Leftovers
|-damage|p2a: Okidogi|27/100|[from] Salt Cure
|upkeep
|turn|26
|
|t:|1779698166
|move|p1a: Raging Bolt|Thunderclap|p2a: Okidogi
|-damage|p2a: Okidogi|7/100
|move|p2a: Okidogi|Drain Punch|p1a: Raging Bolt
|-crit|p1a: Raging Bolt
|-damage|p1a: Raging Bolt|0 fnt
|-heal|p2a: Okidogi|37/100|[from] drain|[of] p1a: Raging Bolt
|faint|p1a: Raging Bolt
|-end|p1a: Raging Bolt|Protosynthesis|[silent]
|
|-weather|Snowscape|[upkeep]
|-heal|p2a: Okidogi|43/100|[from] Grassy Terrain
|-heal|p2a: Okidogi|49/100|[from] item: Leftovers
|-damage|p2a: Okidogi|36/100|[from] Salt Cure
|-fieldend|move: Grassy Terrain
|upkeep
|
|t:|1779698172
|switch|p1a: Cinderace|Cinderace, F|100/100
|turn|27
|
|t:|1779698175
|move|p1a: Cinderace|Court Change|p1a: Cinderace
|-start|p1a: Cinderace|typechange|Normal|[from] ability: Libero
|-swapsideconditions
|-activate|p1a: Cinderace|move: Court Change
|move|p2a: Okidogi|Bulk Up|p2a: Okidogi
|-boost|p2a: Okidogi|atk|1
|-boost|p2a: Okidogi|def|1
|
|-weather|none
|-heal|p2a: Okidogi|42/100|[from] item: Leftovers
|-damage|p2a: Okidogi|30/100|[from] Salt Cure
|upkeep
|turn|28
|l| bhybhdd
|
|t:|1779698183
|move|p1a: Cinderace|Pyro Ball|p2a: Okidogi
|-damage|p2a: Okidogi|9/100
|move|p2a: Okidogi|Drain Punch|p1a: Cinderace
|-supereffective|p1a: Cinderace
|-damage|p1a: Cinderace|1/100
|-heal|p2a: Okidogi|48/100|[from] drain|[of] p1a: Cinderace
|
|-heal|p2a: Okidogi|54/100|[from] item: Leftovers
|-damage|p2a: Okidogi|42/100|[from] Salt Cure
|upkeep
|turn|29
|
|t:|1779698186
|move|p1a: Cinderace|Pyro Ball|p2a: Okidogi
|-damage|p2a: Okidogi|22/100
|move|p2a: Okidogi|Drain Punch|p1a: Cinderace
|-supereffective|p1a: Cinderace
|-damage|p1a: Cinderace|0 fnt
|-heal|p2a: Okidogi|23/100|[from] drain|[of] p1a: Cinderace
|faint|p1a: Cinderace
|
|-heal|p2a: Okidogi|29/100|[from] item: Leftovers
|-damage|p2a: Okidogi|16/100|[from] Salt Cure
|upkeep
|j| Disscratch
|
|t:|1779698193
|switch|p1a: Rillaboom|Rillaboom, M|94/100
|-fieldstart|move: Grassy Terrain|[from] ability: Grassy Surge|[of] p1a: Rillaboom
|turn|30
|
|t:|1779698195
|move|p1a: Rillaboom|Swords Dance|p1a: Rillaboom
|-boost|p1a: Rillaboom|atk|2
|move|p2a: Okidogi|Drain Punch|p1a: Rillaboom
|-damage|p1a: Rillaboom|57/100
|-heal|p2a: Okidogi|33/100|[from] drain|[of] p1a: Rillaboom
|
|-heal|p1a: Rillaboom|64/100|[from] Grassy Terrain
|-heal|p2a: Okidogi|39/100|[from] Grassy Terrain
|-heal|p2a: Okidogi|45/100|[from] item: Leftovers
|-damage|p2a: Okidogi|33/100|[from] Salt Cure
|-sideend|p1: Ctannn|move: Aurora Veil
|upkeep
|turn|31
|
|t:|1779698201
|move|p1a: Rillaboom|Wood Hammer|p2a: Okidogi
|-resisted|p2a: Okidogi
|-damage|p2a: Okidogi|0 fnt
|faint|p2a: Okidogi
|-damage|p1a: Rillaboom|52/100|[from] Recoil
|
|-heal|p1a: Rillaboom|58/100|[from] Grassy Terrain
|upkeep
|
|t:|1779698206
|switch|p2a: Ninetales|Ninetales-Alola, F|100/100
|-damage|p2a: Ninetales|88/100|[from] Spikes
|-weather|Snowscape|[from] ability: Snow Warning|[of] p2a: Ninetales
|turn|32
|
|t:|1779698215
|switch|p1a: Garganacl|Garganacl, M|88/100
|move|p2a: Ninetales|Aurora Veil|p2a: Ninetales
|-sidestart|p2: arbok fangs|move: Aurora Veil
|
|-weather|Snowscape|[upkeep]
|-heal|p2a: Ninetales|94/100|[from] Grassy Terrain
|-heal|p1a: Garganacl|94/100|[from] Grassy Terrain
|upkeep
|turn|33
|
|t:|1779698219
|move|p2a: Ninetales|Freeze-Dry|p1a: Garganacl
|-damage|p1a: Garganacl|80/100
|move|p1a: Garganacl|Salt Cure|p2a: Ninetales
|-supereffective|p2a: Ninetales
|-damage|p2a: Ninetales|83/100
|-start|p2a: Ninetales|Salt Cure
|
|-weather|Snowscape|[upkeep]
|-heal|p2a: Ninetales|89/100|[from] Grassy Terrain
|-heal|p1a: Garganacl|86/100|[from] Grassy Terrain
|-damage|p2a: Ninetales|77/100|[from] Salt Cure
|upkeep
|turn|34
|
|t:|1779698223
|move|p1a: Garganacl|Protect|p1a: Garganacl
|-singleturn|p1a: Garganacl|Protect
|move|p2a: Ninetales|Freeze-Dry|p1a: Garganacl
|-activate|p1a: Garganacl|move: Protect
|
|-weather|Snowscape|[upkeep]
|-heal|p2a: Ninetales|83/100|[from] Grassy Terrain
|-heal|p1a: Garganacl|93/100|[from] Grassy Terrain
|-damage|p2a: Ninetales|71/100|[from] Salt Cure
|-fieldend|move: Grassy Terrain
|upkeep
|turn|35
|
|t:|1779698226
|move|p2a: Ninetales|Encore|p1a: Garganacl
|-start|p1a: Garganacl|Encore
|move|p1a: Garganacl|Protect||[still]
|-fail|p1a: Garganacl
|
|-weather|Snowscape|[upkeep]
|-damage|p2a: Ninetales|59/100|[from] Salt Cure
|upkeep
|turn|36
|
|t:|1779698229
|switch|p2a: Maushold|Maushold-Four|100/100
|-damage|p2a: Maushold|88/100|[from] Spikes
|switch|p1a: Rillaboom|Rillaboom, M|58/100
|-fieldstart|move: Grassy Terrain|[from] ability: Grassy Surge|[of] p1a: Rillaboom
|
|-weather|none
|-heal|p2a: Maushold|94/100|[from] Grassy Terrain
|-heal|p1a: Rillaboom|64/100|[from] Grassy Terrain
|upkeep
|turn|37
|
|t:|1779698232
|switch|p1a: Garganacl|Garganacl, M|93/100
|move|p2a: Maushold|Population Bomb|p1a: Garganacl
|-resisted|p1a: Garganacl
|-crit|p1a: Garganacl
|-damage|p1a: Garganacl|87/100
|-resisted|p1a: Garganacl
|-damage|p1a: Garganacl|83/100
|-resisted|p1a: Garganacl
|-damage|p1a: Garganacl|79/100
|-resisted|p1a: Garganacl
|-damage|p1a: Garganacl|75/100
|-resisted|p1a: Garganacl
|-damage|p1a: Garganacl|70/100
|-resisted|p1a: Garganacl
|-damage|p1a: Garganacl|66/100
|-resisted|p1a: Garganacl
|-crit|p1a: Garganacl
|-damage|p1a: Garganacl|59/100
|-resisted|p1a: Garganacl
|-damage|p1a: Garganacl|56/100
|-resisted|p1a: Garganacl
|-damage|p1a: Garganacl|51/100
|-resisted|p1a: Garganacl
|-damage|p1a: Garganacl|48/100
|-hitcount|p1a: Garganacl|10
|
|-heal|p2a: Maushold|99/100|[from] Grassy Terrain
|-heal|p1a: Garganacl|54/100|[from] Grassy Terrain
|upkeep
|turn|38
|
|t:|1779698235
|move|p2a: Maushold|Tidy Up|p2a: Maushold
|-sideend|p2: arbok fangs|Spikes
|-activate|p2a: Maushold|move: Tidy Up
|-boost|p2a: Maushold|atk|1
|-boost|p2a: Maushold|spe|1
|move|p1a: Garganacl|Salt Cure|p2a: Maushold
|-damage|p2a: Maushold|90/100
|-start|p2a: Maushold|Salt Cure
|
|-heal|p2a: Maushold|96/100|[from] Grassy Terrain
|-heal|p1a: Garganacl|60/100|[from] Grassy Terrain
|-damage|p2a: Maushold|84/100|[from] Salt Cure
|upkeep
|turn|39
|
|t:|1779698239
|move|p1a: Garganacl|Protect|p1a: Garganacl
|-singleturn|p1a: Garganacl|Protect
|move|p2a: Maushold|Tidy Up|p2a: Maushold
|-boost|p2a: Maushold|atk|1
|-boost|p2a: Maushold|spe|1
|
|-heal|p2a: Maushold|90/100|[from] Grassy Terrain
|-heal|p1a: Garganacl|66/100|[from] Grassy Terrain
|-damage|p2a: Maushold|78/100|[from] Salt Cure
|-sideend|p2: arbok fangs|move: Aurora Veil
|upkeep
|turn|40
|
|t:|1779698244
|move|p2a: Maushold|Population Bomb|p1a: Garganacl
|-resisted|p1a: Garganacl
|-damage|p1a: Garganacl|58/100
|-resisted|p1a: Garganacl
|-damage|p1a: Garganacl|49/100
|-resisted|p1a: Garganacl
|-damage|p1a: Garganacl|41/100
|-resisted|p1a: Garganacl
|-damage|p1a: Garganacl|32/100
|-resisted|p1a: Garganacl
|-damage|p1a: Garganacl|25/100
|-resisted|p1a: Garganacl
|-damage|p1a: Garganacl|16/100
|-resisted|p1a: Garganacl
|-damage|p1a: Garganacl|8/100
|-resisted|p1a: Garganacl
|-crit|p1a: Garganacl
|-damage|p1a: Garganacl|0 fnt
|faint|p1a: Garganacl
|-hitcount|p1: Garganacl|8
|
|-heal|p2a: Maushold|84/100|[from] Grassy Terrain
|-damage|p2a: Maushold|71/100|[from] Salt Cure
|-fieldend|move: Grassy Terrain
|upkeep
|
|t:|1779698248
|switch|p1a: Rillaboom|Rillaboom, M|64/100
|-fieldstart|move: Grassy Terrain|[from] ability: Grassy Surge|[of] p1a: Rillaboom
|turn|41
|
|t:|1779698250
|move|p1a: Rillaboom|Grassy Glide|p2a: Maushold
|-damage|p2a: Maushold|10/100
|move|p2a: Maushold|Population Bomb|p1a: Rillaboom
|-damage|p1a: Rillaboom|36/100
|-damage|p1a: Rillaboom|10/100
|-damage|p1a: Rillaboom|0 fnt
|faint|p1a: Rillaboom
|-hitcount|p1: Rillaboom|3
|
|win|arbok fangs
|raw|Ctannn's rating: 1626 &rarr; <strong>1609</strong><br />(-17 for losing)
|raw|arbok fangs's rating: 1681 &rarr; <strong>1698</strong><br />(+17 for winning)
|l| Disscratch
|l|☆Ctannn
|player|p1|
|l| yuureisuisei
|l|‽arbok fangs
|player|p2|
