|inactive|Battle timer is ON: inactive players will automatically lose when time's up.
|t:|1779647312
|gametype|singles
|player|p1|fardin|gentleman-gen4dp|
|player|p2|KeshBa45|red|
|gen|9
|tier|[Gen 9] OU
|rule|HP Percentage Mod: HP is shown in percentages
|rule|Endless Battle Clause: Forcing endless battles is banned
|rule|Species Clause: Limit one of each Pokémon
|rule|OHKO Clause: OHKO moves are banned
|rule|Evasion Items Clause: Evasion items are banned
|rule|Evasion Moves Clause: Evasion moves are banned
|rule|Evasion Abilities Clause: Evasion abilities are banned
|rule|Sleep Moves Clause: Sleep-inducing moves are banned
|clearpoke
|poke|p1|Garganacl, M|
|poke|p1|Darkrai|
|poke|p1|Great Tusk|
|poke|p1|Hatterene, F|
|poke|p1|Tornadus-Therian, M|
|poke|p1|Dragonite, M|
|poke|p2|Kyurem|
|poke|p2|Hatterene, F|
|poke|p2|Darkrai|
|poke|p2|Great Tusk|
|poke|p2|Dragonite, F|
|poke|p2|Gholdengo|
|teampreview
|c|☆fardin|hf
|inactive|fardin has 270 seconds left.
|inactive|KeshBa45 has 270 seconds left.
|
|t:|1779647361
|teamsize|p1|6
|teamsize|p2|6
|start
|switch|p1a: Darkrai|Darkrai|100/100
|switch|p2a: Hatterene|Hatterene, F|100/100
|turn|1
|
|t:|1779647386
|switch|p1a: Garganacl|Garganacl, M|100/100
|move|p2a: Hatterene|Nuzzle|p1a: Garganacl
|-damage|p1a: Garganacl|98/100
|
|-heal|p1a: Garganacl|100/100|[from] item: Leftovers
|upkeep
|turn|2
|
|t:|1779647392
|move|p1a: Garganacl|Salt Cure|p2a: Hatterene
|-damage|p2a: Hatterene|88/100
|-start|p2a: Hatterene|Salt Cure
|move|p2a: Hatterene|Psychic Noise|p1a: Garganacl
|-damage|p1a: Garganacl|79/100
|-start|p1a: Garganacl|move: Heal Block
|
|-damage|p2a: Hatterene|76/100|[from] Salt Cure
|upkeep
|turn|3
|
|t:|1779647403
|move|p1a: Garganacl|Salt Cure|p2a: Hatterene
|-damage|p2a: Hatterene|64/100
|move|p2a: Hatterene|Nuzzle|p1a: Garganacl
|-damage|p1a: Garganacl|77/100
|
|-damage|p2a: Hatterene|52/100|[from] Salt Cure
|-end|p1a: Garganacl|move: Heal Block
|upkeep
|turn|4
|
|t:|1779647413
|move|p1a: Garganacl|Protect|p1a: Garganacl
|-singleturn|p1a: Garganacl|Protect
|move|p2a: Hatterene|Pain Split|p1a: Garganacl
|-activate|p1a: Garganacl|move: Protect
|
|-heal|p1a: Garganacl|83/100|[from] item: Leftovers
|-damage|p2a: Hatterene|40/100|[from] Salt Cure
|upkeep
|turn|5
|
|t:|1779647418
|switch|p1a: Darkrai|Darkrai|100/100
|move|p2a: Hatterene|Pain Split|p1a: Darkrai
|-sethp|p1a: Darkrai|72/100|[from] move: Pain Split|[silent]
|-sethp|p2a: Hatterene|64/100|[from] move: Pain Split
|
|-damage|p2a: Hatterene|52/100|[from] Salt Cure
|upkeep
|turn|6
|
|t:|1779647427
|switch|p2a: Kyurem|Kyurem|100/100
|-ability|p2a: Kyurem|Pressure
|move|p1a: Darkrai|Dark Pulse|p2a: Kyurem
|-damage|p2a: Kyurem|60/100
|
|upkeep
|turn|7
|
|t:|1779647449
|move|p1a: Darkrai|Dark Pulse|p2a: Kyurem
|-damage|p2a: Kyurem|17/100
|move|p2a: Kyurem|Ice Beam|p1a: Darkrai
|-damage|p1a: Darkrai|5/100
|
|upkeep
|turn|8
|
|t:|1779647468
|switch|p2a: Darkrai|Darkrai|100/100
|move|p1a: Darkrai|Dark Pulse|p2a: Darkrai
|-resisted|p2a: Darkrai
|-crit|p2a: Darkrai
|-damage|p2a: Darkrai|32/100
|
|upkeep
|turn|9
|
|t:|1779647489
|switch|p1a: Tornadus|Tornadus-Therian, M, shiny|100/100
|move|p2a: Darkrai|Ice Beam|p1a: Tornadus
|-supereffective|p1a: Tornadus
|-damage|p1a: Tornadus|61/100
|
|upkeep
|turn|10
|inactive|KeshBa45 has 270 seconds left.
|
|t:|1779647511
|move|p2a: Darkrai|Ice Beam|p1a: Tornadus
|-supereffective|p1a: Tornadus
|-damage|p1a: Tornadus|19/100
|-status|p1a: Tornadus|frz
|cant|p1a: Tornadus|frz
|
|upkeep
|turn|11
|inactive|KeshBa45 has 270 seconds left.
|
|t:|1779647531
|switch|p1a: Garganacl|Garganacl, M|83/100
|move|p2a: Darkrai|Ice Beam|p1a: Garganacl
|-damage|p1a: Garganacl|61/100
|
|-heal|p1a: Garganacl|68/100|[from] item: Leftovers
|upkeep
|turn|12
|
|t:|1779647537
|switch|p2a: Great Tusk|Great Tusk|100/100
|move|p1a: Garganacl|Recover|p1a: Garganacl
|-heal|p1a: Garganacl|100/100
|
|upkeep
|turn|13
|
|t:|1779647551
|switch|p1a: Hatterene|Hatterene, F|100/100
|move|p2a: Great Tusk|Headlong Rush|p1a: Hatterene
|-damage|p1a: Hatterene|56/100
|-unboost|p2a: Great Tusk|def|1
|-unboost|p2a: Great Tusk|spd|1
|-damage|p2a: Great Tusk|84/100|[from] item: Rocky Helmet|[of] p1a: Hatterene
|
|-heal|p2a: Great Tusk|90/100|[from] item: Leftovers
|upkeep
|turn|14
|
|t:|1779647566
|-end|p2a: Great Tusk|Protosynthesis|[silent]
|switch|p2a: Kyurem|Kyurem|17/100
|-ability|p2a: Kyurem|Pressure
|switch|p1a: Darkrai|Darkrai|5/100
|
|upkeep
|turn|15
|inactive|KeshBa45 disconnected and has 300 seconds to reconnect!
|player|p2|
|inactive|KeshBa45 reconnected and has 275 seconds left.
|player|p2|KeshBa45|red|
|inactive|KeshBa45 has 270 seconds left.
|
|t:|1779647591
|move|p1a: Darkrai|Dark Pulse|p2a: Kyurem
|-damage|p2a: Kyurem|0 fnt
|faint|p2a: Kyurem
|
|upkeep
|
|t:|1779647593
|switch|p2a: Darkrai|Darkrai|32/100
|turn|16
|
|t:|1779647606
|switch|p1a: Garganacl|Garganacl, M|100/100
|move|p2a: Darkrai|Dark Pulse|p1a: Garganacl
|-damage|p1a: Garganacl|69/100
|
|-heal|p1a: Garganacl|75/100|[from] item: Leftovers
|upkeep
|turn|17
|inactive|KeshBa45 has 270 seconds left.
|inactive|KeshBa45 has 240 seconds left.
|
|t:|1779647664
|switch|p2a: Great Tusk|Great Tusk|90/100
|move|p1a: Garganacl|Salt Cure|p2a: Great Tusk
|-resisted|p2a: Great Tusk
|-damage|p2a: Great Tusk|88/100
|-start|p2a: Great Tusk|Salt Cure
|
|-heal|p2a: Great Tusk|94/100|[from] item: Leftovers
|-heal|p1a: Garganacl|82/100|[from] item: Leftovers
|-damage|p2a: Great Tusk|82/100|[from] Salt Cure
|upkeep
|turn|18
|
|t:|1779647676
|switch|p1a: Tornadus|Tornadus-Therian, M, shiny|53/100 frz
|move|p2a: Great Tusk|Headlong Rush|p1a: Tornadus
|-immune|p1a: Tornadus
|
|-heal|p2a: Great Tusk|88/100|[from] item: Leftovers
|-damage|p2a: Great Tusk|76/100|[from] Salt Cure
|upkeep
|turn|19
|inactive|KeshBa45 has 210 seconds left.
|
|t:|1779647715
|-end|p2a: Great Tusk|Protosynthesis|[silent]
|switch|p2a: Gholdengo|Gholdengo|100/100
|cant|p1a: Tornadus|frz
|
|upkeep
|turn|20
|inactive|KeshBa45 has 210 seconds left.
|
|t:|1779647722
|cant|p1a: Tornadus|frz
|move|p2a: Gholdengo|Thunderbolt|p1a: Tornadus
|-supereffective|p1a: Tornadus
|-crit|p1a: Tornadus
|-damage|p1a: Tornadus|0 fnt
|faint|p1a: Tornadus
|
|upkeep
|
|t:|1779647726
|switch|p1a: Darkrai|Darkrai|5/100
|turn|21
|
|t:|1779647740
|switch|p2a: Hatterene|Hatterene, F|52/100
|move|p1a: Darkrai|Dark Pulse|p2a: Hatterene
|-damage|p2a: Hatterene|0 fnt
|faint|p2a: Hatterene
|
|upkeep
|
|t:|1779647744
|switch|p2a: Darkrai|Darkrai|32/100
|turn|22
|
|t:|1779647760
|switch|p1a: Garganacl|Garganacl, M|82/100
|move|p2a: Darkrai|Trick|p1a: Garganacl
|-activate|p2a: Darkrai|move: Trick|[of] p1a: Garganacl
|-item|p1a: Garganacl|Choice Scarf|[from] move: Trick
|-item|p2a: Darkrai|Leftovers|[from] move: Trick
|
|-heal|p2a: Darkrai|38/100|[from] item: Leftovers
|upkeep
|turn|23
|inactive|KeshBa45 has 210 seconds left.
|
|t:|1779647787
|move|p2a: Darkrai|Dark Pulse|p1a: Garganacl
|-damage|p1a: Garganacl|55/100
|move|p1a: Garganacl|Salt Cure|p2a: Darkrai
|-damage|p2a: Darkrai|21/100
|-start|p2a: Darkrai|Salt Cure
|
|-heal|p2a: Darkrai|27/100|[from] item: Leftovers
|-damage|p2a: Darkrai|15/100|[from] Salt Cure
|upkeep
|turn|24
|
|t:|1779647794
|move|p2a: Darkrai|Dark Pulse|p1a: Garganacl
|-damage|p1a: Garganacl|27/100
|move|p1a: Garganacl|Salt Cure|p2a: Darkrai
|-damage|p2a: Darkrai|0 fnt
|faint|p2a: Darkrai
|
|upkeep
|
|t:|1779647797
|switch|p2a: Great Tusk|Great Tusk|76/100
|turn|25
|inactive|KeshBa45 has 210 seconds left.
|inactive|KeshBa45 has 180 seconds left.
|
|t:|1779647840
|move|p2a: Great Tusk|Headlong Rush|p1a: Garganacl
|-supereffective|p1a: Garganacl
|-damage|p1a: Garganacl|0 fnt
|-unboost|p2a: Great Tusk|def|1
|-unboost|p2a: Great Tusk|spd|1
|faint|p1a: Garganacl
|
|-heal|p2a: Great Tusk|82/100|[from] item: Leftovers
|upkeep
|
|t:|1779647859
|switch|p1a: Darkrai|Darkrai|5/100
|turn|26
|inactive|KeshBa45 has 180 seconds left.
|inactive|fardin has 270 seconds left.
|
|t:|1779647890
|-end|p2a: Great Tusk|Protosynthesis|[silent]
|switch|p2a: Dragonite|Dragonite, F|100/100
|move|p1a: Darkrai|Psychic|p2a: Dragonite
|-damage|p2a: Dragonite|79/100
|
|upkeep
|turn|27
|inactive|KeshBa45 has 180 seconds left.
|
|t:|1779647911
|move|p1a: Darkrai|Psychic|p2a: Dragonite
|-damage|p2a: Dragonite|34/100
|move|p2a: Dragonite|Roost|p2a: Dragonite
|-heal|p2a: Dragonite|84/100
|-singleturn|p2a: Dragonite|move: Roost
|
|upkeep
|turn|28
|inactive|KeshBa45 disconnected and has 290 seconds to reconnect!
|player|p2|
|inactive|KeshBa45 reconnected and has 170 seconds left.
|player|p2|KeshBa45|red|
|
|t:|1779647937
|switch|p1a: Great Tusk|Great Tusk|100/100
|move|p2a: Dragonite|Roost|p2a: Dragonite
|-heal|p2a: Dragonite|100/100
|-singleturn|p2a: Dragonite|move: Roost
|
|upkeep
|turn|29
|
|t:|1779647943
|switch|p2a: Gholdengo|Gholdengo|100/100
|move|p1a: Great Tusk|Ice Spinner|p2a: Gholdengo
|-resisted|p2a: Gholdengo
|-damage|p2a: Gholdengo|85/100
|
|upkeep
|turn|30
|
|t:|1779647951
|-end|p1a: Great Tusk|Protosynthesis|[silent]
|switch|p1a: Hatterene|Hatterene, F|56/100
|move|p2a: Gholdengo|Make It Rain|p1a: Hatterene
|-supereffective|p1a: Hatterene
|-damage|p1a: Hatterene|0 fnt
|-unboost|p2a: Gholdengo|spa|1
|faint|p1a: Hatterene
|
|upkeep
|
|t:|1779647954
|switch|p1a: Darkrai|Darkrai|5/100
|turn|31
|
|t:|1779647968
|switch|p2a: Dragonite|Dragonite, F|100/100
|move|p1a: Darkrai|Dark Pulse|p2a: Dragonite
|-damage|p2a: Dragonite|71/100
|
|upkeep
|turn|32
|inactive|KeshBa45 has 180 seconds left.
|
|t:|1779647992
|switch|p1a: Great Tusk|Great Tusk|100/100
|move|p2a: Dragonite|Extreme Speed|p1a: Great Tusk
|-damage|p1a: Great Tusk|81/100
|
|upkeep
|turn|33
|inactive|KeshBa45 has 180 seconds left.
|inactive|KeshBa45 has 150 seconds left.
|
|t:|1779648041
|switch|p2a: Gholdengo|Gholdengo|85/100
|move|p1a: Great Tusk|Ice Spinner|p2a: Gholdengo
|-resisted|p2a: Gholdengo
|-damage|p2a: Gholdengo|72/100
|
|upkeep
|turn|34
|
|t:|1779648049
|move|p1a: Great Tusk|Headlong Rush|p2a: Gholdengo
|-supereffective|p2a: Gholdengo
|-enditem|p2a: Gholdengo|Shuca Berry|[eat]
|-enditem|p2a: Gholdengo|Shuca Berry|[weaken]
|-damage|p2a: Gholdengo|2/100
|-unboost|p1a: Great Tusk|def|1
|-unboost|p1a: Great Tusk|spd|1
|move|p2a: Gholdengo|Make It Rain|p1a: Great Tusk
|-damage|p1a: Great Tusk|0 fnt
|-unboost|p2a: Gholdengo|spa|1
|faint|p1a: Great Tusk
|-end|p1a: Great Tusk|Protosynthesis|[silent]
|
|upkeep
|
|t:|1779648054
|switch|p1a: Dragonite|Dragonite, M|100/100
|turn|35
|inactive|KeshBa45 has 150 seconds left.
|
|t:|1779648074
|switch|p2a: Great Tusk|Great Tusk|82/100
|move|p1a: Dragonite|Dragon Dance|p1a: Dragonite
|-boost|p1a: Dragonite|atk|1
|-boost|p1a: Dragonite|spe|1
|
|-heal|p2a: Great Tusk|88/100|[from] item: Leftovers
|upkeep
|turn|36
|inactive|KeshBa45 has 150 seconds left.
|
|t:|1779648093
|-terastallize|p1a: Dragonite|Normal
|move|p1a: Dragonite|Extreme Speed|p2a: Great Tusk
|-damage|p2a: Great Tusk|45/100
|move|p2a: Great Tusk|Ice Spinner|p1a: Dragonite
|-damage|p1a: Dragonite|89/100
|
|-heal|p2a: Great Tusk|51/100|[from] item: Leftovers
|upkeep
|turn|37
|inactive|KeshBa45 has 120 seconds left.
|inactive|fardin has 270 seconds left.
|
|t:|1779648134
|move|p1a: Dragonite|Roost|p1a: Dragonite
|-heal|p1a: Dragonite|100/100
|move|p2a: Great Tusk|Headlong Rush|p1a: Dragonite
|-damage|p1a: Dragonite|77/100
|-unboost|p2a: Great Tusk|def|1
|-unboost|p2a: Great Tusk|spd|1
|
|-heal|p2a: Great Tusk|57/100|[from] item: Leftovers
|upkeep
|turn|38
|inactive|fardin has 270 seconds left.
|inactive|KeshBa45 has 120 seconds left.
|inactive|KeshBa45 has 90 seconds left.
|
|t:|1779648176
|move|p1a: Dragonite|Roost|p1a: Dragonite
|-heal|p1a: Dragonite|100/100
|move|p2a: Great Tusk|Headlong Rush|p1a: Dragonite
|-damage|p1a: Dragonite|77/100
|-unboost|p2a: Great Tusk|def|1
|-unboost|p2a: Great Tusk|spd|1
|
|-heal|p2a: Great Tusk|63/100|[from] item: Leftovers
|upkeep
|turn|39
|inactive|KeshBa45 has 90 seconds left.
|
|t:|1779648187
|move|p1a: Dragonite|Earthquake|p2a: Great Tusk
|-damage|p2a: Great Tusk|5/100
|move|p2a: Great Tusk|Rapid Spin|p1a: Dragonite
|-damage|p1a: Dragonite|63/100
|-boost|p2a: Great Tusk|spe|1
|
|-heal|p2a: Great Tusk|11/100|[from] item: Leftovers
|upkeep
|turn|40
|inactive|KeshBa45 has 90 seconds left.
|inactive|fardin has 270 seconds left.
|
|t:|1779648212
|move|p2a: Great Tusk|Headlong Rush|p1a: Dragonite
|-damage|p1a: Dragonite|12/100
|-unboost|p2a: Great Tusk|def|1
|-unboost|p2a: Great Tusk|spd|1
|move|p1a: Dragonite|Roost|p1a: Dragonite
|-heal|p1a: Dragonite|63/100
|
|-heal|p2a: Great Tusk|18/100|[from] item: Leftovers
|upkeep
|turn|41
|
|t:|1779648229
|move|p1a: Dragonite|Extreme Speed|p2a: Great Tusk
|-damage|p2a: Great Tusk|0 fnt
|faint|p2a: Great Tusk
|-end|p2a: Great Tusk|Protosynthesis|[silent]
|
|upkeep
|
|t:|1779648233
|switch|p2a: Gholdengo|Gholdengo|2/100
|turn|42
|
|t:|1779648245
|-terastallize|p2a: Gholdengo|Flying
|move|p1a: Dragonite|Roost|p1a: Dragonite
|-heal|p1a: Dragonite|100/100
|move|p2a: Gholdengo|Make It Rain|p1a: Dragonite
|-damage|p1a: Dragonite|66/100
|-unboost|p2a: Gholdengo|spa|1
|
|upkeep
|turn|43
|-message|KeshBa45 forfeited.
|
|win|fardin
