|j|☆XDOOL
|j|☆claudechamp
|t:|1779581085
|gametype|singles
|player|p1|XDOOL|fisherman|1343
|player|p2|claudechamp|101|1340
|gen|9
|tier|[Gen 9] OU
|rated|
|rule|HP Percentage Mod: HP is shown in percentages
|rule|Endless Battle Clause: Forcing endless battles is banned
|rule|Species Clause: Limit one of each Pokémon
|rule|OHKO Clause: OHKO moves are banned
|rule|Evasion Items Clause: Evasion items are banned
|rule|Evasion Moves Clause: Evasion moves are banned
|rule|Evasion Abilities Clause: Evasion abilities are banned
|rule|Sleep Moves Clause: Sleep-inducing moves are banned
|clearpoke
|poke|p1|Zapdos|
|poke|p1|Slowking-Galar, F|
|poke|p1|Ting-Lu|
|poke|p1|Ogerpon-Wellspring, F|
|poke|p1|Samurott-Hisui, M|
|poke|p1|Gholdengo|
|poke|p2|Corviknight, M|
|poke|p2|Ting-Lu|
|poke|p2|Kyurem|
|poke|p2|Dondozo, M|
|poke|p2|Slowking-Galar, F|
|poke|p2|Cinderace, F|
|teampreview
|c|☆claudechamp|hf
|inactive|Battle timer is ON: inactive players will automatically lose when time's up. (requested by claudechamp)
|
|t:|1779581102
|teamsize|p1|6
|teamsize|p2|6
|start
|switch|p1a: Samurott|Samurott-Hisui, M|100/100
|switch|p2a: Cinderace|Cinderace, F|100/100
|turn|1
|
|t:|1779581108
|switch|p1a: Zapdos|Zapdos|100/100
|move|p2a: Cinderace|Will-O-Wisp|p1a: Zapdos
|-status|p1a: Zapdos|brn
|
|-damage|p1a: Zapdos|94/100 brn|[from] brn
|upkeep
|turn|2
|
|t:|1779581113
|move|p2a: Cinderace|Pyro Ball|p1a: Zapdos
|-damage|p1a: Zapdos|60/100 brn
|move|p1a: Zapdos|Volt Switch|p2a: Cinderace
|-damage|p2a: Cinderace|63/100
|
|t:|1779581129
|switch|p1a: Ting-Lu|Ting-Lu|100/100|[from] Volt Switch
|-ability|p1a: Ting-Lu|Vessel of Ruin
|
|upkeep
|turn|3
|
|t:|1779581132
|move|p2a: Cinderace|Pyro Ball|p1a: Ting-Lu
|-damage|p1a: Ting-Lu|74/100
|-status|p1a: Ting-Lu|brn
|move|p1a: Ting-Lu|Earthquake|p2a: Cinderace
|-supereffective|p2a: Cinderace
|-damage|p2a: Cinderace|22/100
|
|-heal|p1a: Ting-Lu|80/100 brn|[from] item: Leftovers
|-damage|p1a: Ting-Lu|74/100 brn|[from] brn
|upkeep
|turn|4
|
|t:|1779581136
|move|p2a: Cinderace|U-turn|p1a: Ting-Lu
|-supereffective|p1a: Ting-Lu
|-damage|p1a: Ting-Lu|54/100 brn
|
|t:|1779581140
|switch|p2a: Kyurem|Kyurem|100/100|[from] U-turn
|-ability|p2a: Kyurem|Pressure
|move|p1a: Ting-Lu|Earthquake|p2a: Kyurem
|-damage|p2a: Kyurem|85/100
|
|-heal|p2a: Kyurem|91/100|[from] item: Leftovers
|-heal|p1a: Ting-Lu|60/100 brn|[from] item: Leftovers
|-damage|p1a: Ting-Lu|54/100 brn|[from] brn
|upkeep
|turn|5
|
|t:|1779581147
|move|p2a: Kyurem|Freeze-Dry|p1a: Ting-Lu
|-supereffective|p1a: Ting-Lu
|-damage|p1a: Ting-Lu|23/100 brn
|move|p1a: Ting-Lu|Stealth Rock|p2a: Kyurem
|-sidestart|p2: claudechamp|move: Stealth Rock
|
|-heal|p2a: Kyurem|97/100|[from] item: Leftovers
|-heal|p1a: Ting-Lu|29/100 brn|[from] item: Leftovers
|-damage|p1a: Ting-Lu|23/100 brn|[from] brn
|upkeep
|turn|6
|
|t:|1779581150
|switch|p1a: Slowking|Slowking-Galar, F|100/100
|move|p2a: Kyurem|Freeze-Dry|p1a: Slowking
|-damage|p1a: Slowking|80/100
|
|-heal|p2a: Kyurem|100/100|[from] item: Leftovers
|upkeep
|turn|7
|
|t:|1779581157
|move|p2a: Kyurem|Freeze-Dry|p1a: Slowking
|-damage|p1a: Slowking|61/100
|move|p1a: Slowking|Sludge Bomb|p2a: Kyurem
|-damage|p2a: Kyurem|68/100
|
|-heal|p2a: Kyurem|74/100|[from] item: Leftovers
|upkeep
|turn|8
|
|t:|1779581165
|move|p2a: Kyurem|Earth Power|p1a: Slowking
|-supereffective|p1a: Slowking
|-damage|p1a: Slowking|22/100
|move|p1a: Slowking|Sludge Bomb|p2a: Kyurem
|-damage|p2a: Kyurem|42/100
|
|-heal|p2a: Kyurem|48/100|[from] item: Leftovers
|upkeep
|turn|9
|
|t:|1779581174
|switch|p1a: Gholdengo|Gholdengo|100/100
|-item|p1a: Gholdengo|Air Balloon
|move|p2a: Kyurem|Freeze-Dry|p1a: Gholdengo
|-resisted|p1a: Gholdengo
|-crit|p1a: Gholdengo
|-damage|p1a: Gholdengo|72/100
|-enditem|p1a: Gholdengo|Air Balloon
|
|-heal|p2a: Kyurem|54/100|[from] item: Leftovers
|upkeep
|turn|10
|
|t:|1779581178
|move|p2a: Kyurem|Earth Power|p1a: Gholdengo
|-supereffective|p1a: Gholdengo
|-damage|p1a: Gholdengo|0 fnt
|faint|p1a: Gholdengo
|
|-heal|p2a: Kyurem|61/100|[from] item: Leftovers
|upkeep
|
|t:|1779581181
|switch|p1a: Slowking|Slowking-Galar, F|55/100
|turn|11
|
|t:|1779581185
|move|p2a: Kyurem|Earth Power|p1a: Slowking
|-supereffective|p1a: Slowking
|-damage|p1a: Slowking|19/100
|move|p1a: Slowking|Thunder Wave|p2a: Kyurem
|-status|p2a: Kyurem|par
|
|-heal|p2a: Kyurem|67/100 par|[from] item: Leftovers
|upkeep
|turn|12
|
|t:|1779581191
|switch|p1a: Ting-Lu|Ting-Lu|23/100 brn
|-ability|p1a: Ting-Lu|Vessel of Ruin
|move|p2a: Kyurem|Freeze-Dry|p1a: Ting-Lu
|-supereffective|p1a: Ting-Lu
|-damage|p1a: Ting-Lu|0 fnt
|faint|p1a: Ting-Lu
|
|-heal|p2a: Kyurem|73/100 par|[from] item: Leftovers
|upkeep
|
|t:|1779581194
|switch|p1a: Samurott|Samurott-Hisui, M|100/100
|turn|13
|
|t:|1779581199
|switch|p2a: Cinderace|Cinderace, F|22/100
|move|p1a: Samurott|Ceaseless Edge|p2a: Cinderace
|-damage|p2a: Cinderace|0 fnt
|-sidestart|p2: claudechamp|Spikes
|faint|p2a: Cinderace
|
|upkeep
|
|t:|1779581208
|switch|p2a: Corviknight|Corviknight, M|100/100
|-damage|p2a: Corviknight|88/100|[from] Stealth Rock
|-ability|p2a: Corviknight|Pressure
|turn|14
|
|t:|1779581214
|move|p1a: Samurott|Knock Off|p2a: Corviknight
|-damage|p2a: Corviknight|54/100
|-damage|p1a: Samurott|84/100|[from] item: Rocky Helmet|[of] p2a: Corviknight
|-enditem|p2a: Corviknight|Rocky Helmet|[from] move: Knock Off|[of] p1a: Samurott
|move|p2a: Corviknight|Defog|p1a: Samurott
|-unboost|p1a: Samurott|evasion|1
|-sideend|p2: claudechamp|Spikes|[from] move: Defog|[of] p2a: Corviknight
|-sideend|p2: claudechamp|Stealth Rock|[from] move: Defog|[of] p2a: Corviknight
|
|upkeep
|turn|15
|
|t:|1779581220
|move|p1a: Samurott|Ceaseless Edge|p2a: Corviknight
|-damage|p2a: Corviknight|23/100
|-sidestart|p2: claudechamp|Spikes
|move|p2a: Corviknight|Roost|p2a: Corviknight
|-heal|p2a: Corviknight|73/100
|-singleturn|p2a: Corviknight|move: Roost
|
|upkeep
|turn|16
|
|t:|1779581225
|move|p1a: Samurott|Ceaseless Edge|p2a: Corviknight
|-damage|p2a: Corviknight|42/100
|-sidestart|p2: claudechamp|Spikes
|move|p2a: Corviknight|Roost|p2a: Corviknight
|-heal|p2a: Corviknight|92/100
|-singleturn|p2a: Corviknight|move: Roost
|
|upkeep
|turn|17
|
|t:|1779581231
|move|p1a: Samurott|Razor Shell|p2a: Corviknight
|-damage|p2a: Corviknight|60/100
|-unboost|p2a: Corviknight|def|1
|move|p2a: Corviknight|Defog|p1a: Samurott
|-unboost|p1a: Samurott|evasion|1
|-sideend|p2: claudechamp|Spikes|[from] move: Defog|[of] p2a: Corviknight
|
|upkeep
|turn|18
|
|t:|1779581239
|move|p1a: Samurott|Ceaseless Edge|p2a: Corviknight
|-damage|p2a: Corviknight|15/100
|-sidestart|p2: claudechamp|Spikes
|move|p2a: Corviknight|U-turn|p1a: Samurott
|-supereffective|p1a: Samurott
|-damage|p1a: Samurott|48/100
|
|t:|1779581246
|switch|p2a: Kyurem|Kyurem|73/100 par|[from] U-turn
|-damage|p2a: Kyurem|61/100 par|[from] Spikes
|-ability|p2a: Kyurem|Pressure
|
|-heal|p2a: Kyurem|67/100 par|[from] item: Leftovers
|upkeep
|turn|19
|
|t:|1779581255
|switch|p1a: Slowking|Slowking-Galar, F|52/100
|move|p2a: Kyurem|Freeze-Dry|p1a: Slowking
|-damage|p1a: Slowking|31/100
|
|-heal|p2a: Kyurem|73/100 par|[from] item: Leftovers
|upkeep
|turn|20
|
|t:|1779581268
|switch|p1a: Zapdos|Zapdos|60/100 brn
|move|p2a: Kyurem|Freeze-Dry|p1a: Zapdos
|-supereffective|p1a: Zapdos
|-damage|p1a: Zapdos|0 fnt
|faint|p1a: Zapdos
|
|-heal|p2a: Kyurem|79/100 par|[from] item: Leftovers
|upkeep
|
|t:|1779581272
|switch|p1a: Samurott|Samurott-Hisui, M|48/100
|turn|21
|
|t:|1779581280
|-terastallize|p2a: Kyurem|Ground
|move|p1a: Samurott|Knock Off|p2a: Kyurem
|-damage|p2a: Kyurem|32/100 par
|-enditem|p2a: Kyurem|Leftovers|[from] move: Knock Off|[of] p1a: Samurott
|move|p2a: Kyurem|Earth Power|p1a: Samurott
|-damage|p1a: Samurott|0 fnt
|faint|p1a: Samurott
|
|upkeep
|
|t:|1779581288
|switch|p1a: Ogerpon|Ogerpon-Wellspring, F|100/100
|turn|22
|
|t:|1779581294
|move|p1a: Ogerpon|Ivy Cudgel|p2a: Kyurem|[anim] Ivy Cudgel Water
|-supereffective|p2a: Kyurem
|-crit|p2a: Kyurem
|-damage|p2a: Kyurem|0 fnt
|faint|p2a: Kyurem
|
|upkeep
|
|t:|1779581304
|switch|p2a: Slowking|Slowking-Galar, F|100/100
|-damage|p2a: Slowking|88/100|[from] Spikes
|turn|23
|
|t:|1779581311
|-terastallize|p1a: Ogerpon|Water
|detailschange|p1a: Ogerpon|Ogerpon-Wellspring-Tera, F, tera:Water
|-ability|p1a: Ogerpon|Embody Aspect (Wellspring)|boost
|-boost|p1a: Ogerpon|spd|1
|move|p1a: Ogerpon|Ivy Cudgel|p2a: Slowking|[anim] Ivy Cudgel Water
|-damage|p2a: Slowking|33/100
|move|p2a: Slowking|Sludge Bomb|p1a: Ogerpon
|-damage|p1a: Ogerpon|75/100
|
|upkeep
|turn|24
|
|t:|1779581322
|switch|p2a: Dondozo|Dondozo, M|100/100
|-damage|p2a: Dondozo|88/100|[from] Spikes
|move|p1a: Ogerpon|Ivy Cudgel|p2a: Dondozo|[anim] Ivy Cudgel Water
|-resisted|p2a: Dondozo
|-damage|p2a: Dondozo|65/100
|
|-heal|p2a: Dondozo|71/100|[from] item: Leftovers
|upkeep
|turn|25
|
|t:|1779581331
|move|p1a: Ogerpon|Horn Leech|p2a: Dondozo
|-supereffective|p2a: Dondozo
|-damage|p2a: Dondozo|17/100
|-heal|p1a: Ogerpon|100/100|[from] drain|[of] p2a: Dondozo
|move|p2a: Dondozo|Curse|p2a: Dondozo
|-unboost|p2a: Dondozo|spe|1
|-boost|p2a: Dondozo|atk|1
|-boost|p2a: Dondozo|def|1
|
|-heal|p2a: Dondozo|24/100|[from] item: Leftovers
|upkeep
|turn|26
|
|t:|1779581339
|move|p1a: Ogerpon|Horn Leech|p2a: Dondozo
|-supereffective|p2a: Dondozo
|-damage|p2a: Dondozo|0 fnt
|faint|p2a: Dondozo
|
|upkeep
|
|t:|1779581344
|switch|p2a: Slowking|Slowking-Galar, F|66/100
|-damage|p2a: Slowking|54/100|[from] Spikes
|turn|27
|
|t:|1779581359
|move|p1a: Ogerpon|Ivy Cudgel|p2a: Slowking|[anim] Ivy Cudgel Water
|-damage|p2a: Slowking|0 fnt
|faint|p2a: Slowking
|
|upkeep
|
|t:|1779581368
|switch|p2a: Ting-Lu|Ting-Lu|100/100
|-damage|p2a: Ting-Lu|88/100|[from] Spikes
|-ability|p2a: Ting-Lu|Vessel of Ruin
|turn|28
|
|t:|1779581380
|move|p1a: Ogerpon|Ivy Cudgel|p2a: Ting-Lu|[anim] Ivy Cudgel Water
|-supereffective|p2a: Ting-Lu
|-damage|p2a: Ting-Lu|0 fnt
|faint|p2a: Ting-Lu
|
|upkeep
|
|t:|1779581385
|switch|p2a: Corviknight|Corviknight, M|15/100
|-ability|p2a: Corviknight|Pressure
|turn|29
|
|t:|1779581394
|move|p1a: Ogerpon|Ivy Cudgel|p2a: Corviknight|[anim] Ivy Cudgel Water
|-damage|p2a: Corviknight|0 fnt
|faint|p2a: Corviknight
|
|win|XDOOL
|raw|XDOOL's rating: 1343 &rarr; <strong>1364</strong><br />(+21 for winning)
|raw|claudechamp's rating: 1360 &rarr; <strong>1339</strong><br />(-21 for losing)
|c|☆claudechamp|gg
|l|☆XDOOL
|player|p1|
