|j|☆FireSide_01
|j|☆lotoden bk
|t:|1779717766
|gametype|singles
|player|p1|FireSide_01|janine|1373
|player|p2|lotoden bk|swimmerf-gen4|1384
|gen|9
|tier|[Gen 9] OU
|rated|
|rule|HP Percentage Mod: HP is shown in percentages
|rule|Endless Battle Clause: Forcing endless battles is banned
|rule|Species Clause: Limit one of each Pokémon
|rule|OHKO Clause: OHKO moves are banned
|rule|Evasion Items Clause: Evasion items are banned
|rule|Evasion Moves Clause: Evasion moves are banned
|rule|Evasion Abilities Clause: Evasion abilities are banned
|rule|Sleep Moves Clause: Sleep-inducing moves are banned
|clearpoke
|poke|p1|Ninetales, F|
|poke|p1|Walking Wake|
|poke|p1|Typhlosion-Hisui, F|
|poke|p1|Great Tusk|
|poke|p1|Rillaboom, F|
|poke|p1|Raging Bolt|
|poke|p2|Great Tusk|
|poke|p2|Heatran, M|
|poke|p2|Weavile, M|
|poke|p2|Primarina, M|
|poke|p2|Ogerpon, F|
|poke|p2|Pecharunt|
|teampreview
|inactive|Battle timer is ON: inactive players will automatically lose when time's up. (requested by lotoden bk)
|inactive|FireSide_01 has 120 seconds left.
|
|t:|1779717812
|teamsize|p1|6
|teamsize|p2|6
|start
|switch|p1a: Ninetales|Ninetales, F|100/100
|switch|p2a: Weavile|Weavile, M, shiny|100/100
|-ability|p2a: Weavile|Pressure
|-weather|SunnyDay|[from] ability: Drought|[of] p1a: Ninetales
|turn|1
|
|t:|1779717842
|switch|p2a: Heatran|Heatran, M, shiny|100/100
|-item|p2a: Heatran|Air Balloon
|move|p1a: Ninetales|Weather Ball|p2a: Heatran
|-start|p2a: Heatran|ability: Flash Fire
|
|-weather|SunnyDay|[upkeep]
|upkeep
|turn|2
|
|t:|1779717855
|switch|p1a: Walking Wake|Walking Wake|100/100
|-activate|p1a: Walking Wake|ability: Protosynthesis
|-start|p1a: Walking Wake|protosynthesisspa
|move|p2a: Heatran|Magma Storm|p1a: Walking Wake
|-resisted|p1a: Walking Wake
|-damage|p1a: Walking Wake|66/100
|-activate|p1a: Walking Wake|move: Magma Storm|[of] p2a: Heatran
|
|-weather|SunnyDay|[upkeep]
|-damage|p1a: Walking Wake|54/100|[from] move: Magma Storm|[partiallytrapped]
|upkeep
|turn|3
|inactive|lotoden bk has 120 seconds left.
|
|t:|1779717871
|-terastallize|p2a: Heatran|Grass
|move|p1a: Walking Wake|Hydro Steam|p2a: Heatran
|-resisted|p2a: Heatran
|-damage|p2a: Heatran|41/100
|-enditem|p2a: Heatran|Air Balloon
|move|p2a: Heatran|Earth Power|p1a: Walking Wake
|-damage|p1a: Walking Wake|20/100
|
|-weather|SunnyDay|[upkeep]
|-damage|p1a: Walking Wake|7/100|[from] move: Magma Storm|[partiallytrapped]
|upkeep
|turn|4
|inactive|lotoden bk has 120 seconds left.
|
|t:|1779717890
|move|p1a: Walking Wake|Hydro Steam|p2a: Heatran
|-resisted|p2a: Heatran
|-damage|p2a: Heatran|0 fnt
|faint|p2a: Heatran
|
|-weather|SunnyDay|[upkeep]
|-end|p1a: Walking Wake|Magma Storm|[partiallytrapped]|[silent]
|upkeep
|
|t:|1779717900
|switch|p2a: Weavile|Weavile, M, shiny|100/100
|-ability|p2a: Weavile|Pressure
|turn|5
|
|t:|1779717910
|-end|p1a: Walking Wake|Protosynthesis|[silent]
|switch|p1a: Raging Bolt|Raging Bolt|100/100
|-activate|p1a: Raging Bolt|ability: Protosynthesis
|-start|p1a: Raging Bolt|protosynthesisspa
|move|p2a: Weavile|Ice Shard|p1a: Raging Bolt
|-supereffective|p1a: Raging Bolt
|-damage|p1a: Raging Bolt|45/100
|
|-weather|SunnyDay|[upkeep]
|upkeep
|turn|6
|
|t:|1779717918
|move|p2a: Weavile|Ice Shard|p1a: Raging Bolt
|-supereffective|p1a: Raging Bolt
|-damage|p1a: Raging Bolt|0 fnt
|faint|p1a: Raging Bolt
|-end|p1a: Raging Bolt|Protosynthesis|[silent]
|
|-weather|SunnyDay|[upkeep]
|upkeep
|
|t:|1779717921
|switch|p1a: Typhlosion|Typhlosion-Hisui, F|100/100
|turn|7
|
|t:|1779717927
|switch|p2a: Primarina|Primarina, M, shiny|100/100
|move|p1a: Typhlosion|Flamethrower|p2a: Primarina
|-resisted|p2a: Primarina
|-damage|p2a: Primarina|82/100
|
|-weather|SunnyDay|[upkeep]
|upkeep
|turn|8
|
|t:|1779717932
|switch|p1a: Rillaboom|Rillaboom, F|100/100
|-fieldstart|move: Grassy Terrain|[from] ability: Grassy Surge|[of] p1a: Rillaboom
|move|p2a: Primarina|Flip Turn|p1a: Rillaboom
|-resisted|p1a: Rillaboom
|-damage|p1a: Rillaboom|97/100
|
|t:|1779717946
|switch|p2a: Weavile|Weavile, M, shiny|100/100|[from] Flip Turn
|-ability|p2a: Weavile|Pressure
|
|-weather|none
|-heal|p1a: Rillaboom|100/100|[from] Grassy Terrain
|upkeep
|turn|9
|
|t:|1779717951
|switch|p1a: Ninetales|Ninetales, F|100/100
|-weather|SunnyDay|[from] ability: Drought|[of] p1a: Ninetales
|move|p2a: Weavile|Triple Axel|p1a: Ninetales
|-resisted|p1a: Ninetales
|-damage|p1a: Ninetales|92/100
|-resisted|p1a: Ninetales
|-damage|p1a: Ninetales|75/100
|-resisted|p1a: Ninetales
|-damage|p1a: Ninetales|50/100
|-hitcount|p1a: Ninetales|3
|
|-weather|SunnyDay|[upkeep]
|-heal|p1a: Ninetales|56/100|[from] Grassy Terrain
|upkeep
|turn|10
|
|t:|1779717979
|switch|p2a: Primarina|Primarina, M, shiny|82/100
|move|p1a: Ninetales|Weather Ball|p2a: Primarina
|-resisted|p2a: Primarina
|-damage|p2a: Primarina|70/100
|
|-weather|SunnyDay|[upkeep]
|-heal|p1a: Ninetales|62/100|[from] Grassy Terrain
|-heal|p2a: Primarina|77/100|[from] Grassy Terrain
|upkeep
|turn|11
|
|t:|1779717993
|move|p1a: Ninetales|Healing Wish|p1a: Ninetales
|faint|p1a: Ninetales
|move|p2a: Primarina|Flip Turn|p1: Ninetales|[notarget]
|-fail|p2a: Primarina
|
|-weather|SunnyDay|[upkeep]
|-heal|p2a: Primarina|83/100|[from] Grassy Terrain
|upkeep
|
|t:|1779717997
|switch|p1a: Walking Wake|Walking Wake|7/100
|-heal|p1a: Walking Wake|100/100|[from] move: Healing Wish
|-activate|p1a: Walking Wake|ability: Protosynthesis
|-start|p1a: Walking Wake|protosynthesisspa
|turn|12
|
|t:|1779718003
|-terastallize|p1a: Walking Wake|Water
|move|p1a: Walking Wake|Hydro Steam|p2a: Primarina
|-resisted|p2a: Primarina
|-damage|p2a: Primarina|36/100
|move|p2a: Primarina|Moonblast|p1a: Walking Wake
|-damage|p1a: Walking Wake|44/100
|
|-weather|SunnyDay|[upkeep]
|-heal|p1a: Walking Wake|50/100|[from] Grassy Terrain
|-heal|p2a: Primarina|42/100|[from] Grassy Terrain
|-fieldend|move: Grassy Terrain
|upkeep
|turn|13
|
|t:|1779718023
|move|p1a: Walking Wake|Hydro Steam|p2a: Primarina
|-resisted|p2a: Primarina
|-damage|p2a: Primarina|0 fnt
|faint|p2a: Primarina
|
|-weather|SunnyDay|[upkeep]
|upkeep
|
|t:|1779718028
|switch|p2a: Ogerpon|Ogerpon, F|100/100
|turn|14
|
|t:|1779718035
|-end|p1a: Walking Wake|Protosynthesis|[silent]
|switch|p1a: Rillaboom|Rillaboom, F|100/100
|-fieldstart|move: Grassy Terrain|[from] ability: Grassy Surge|[of] p1a: Rillaboom
|move|p2a: Ogerpon|Ivy Cudgel|p1a: Rillaboom
|-resisted|p1a: Rillaboom
|-damage|p1a: Rillaboom|52/100
|
|-weather|SunnyDay|[upkeep]
|-heal|p1a: Rillaboom|58/100|[from] Grassy Terrain
|upkeep
|turn|15
|
|t:|1779718041
|switch|p2a: Pecharunt|Pecharunt|100/100
|move|p1a: Rillaboom|U-turn|p2a: Pecharunt
|-resisted|p2a: Pecharunt
|-damage|p2a: Pecharunt|96/100
|-damage|p1a: Rillaboom|41/100|[from] item: Rocky Helmet|[of] p2a: Pecharunt
|
|t:|1779718044
|switch|p1a: Walking Wake|Walking Wake, tera:Water|50/100|[from] U-turn
|-activate|p1a: Walking Wake|ability: Protosynthesis
|-start|p1a: Walking Wake|protosynthesisspa
|
|-weather|SunnyDay|[upkeep]
|-heal|p1a: Walking Wake|56/100|[from] Grassy Terrain
|-heal|p2a: Pecharunt|100/100|[from] Grassy Terrain
|upkeep
|turn|16
|
|t:|1779718064
|switch|p2a: Great Tusk|Great Tusk, shiny|100/100
|-activate|p2a: Great Tusk|ability: Protosynthesis
|-start|p2a: Great Tusk|protosynthesisatk
|move|p1a: Walking Wake|Hydro Steam|p2a: Great Tusk
|-supereffective|p2a: Great Tusk
|-damage|p2a: Great Tusk|0 fnt
|faint|p2a: Great Tusk
|-end|p2a: Great Tusk|Protosynthesis|[silent]
|
|-weather|none
|-end|p1a: Walking Wake|Protosynthesis
|-heal|p1a: Walking Wake|62/100|[from] Grassy Terrain
|upkeep
|
|t:|1779718073
|switch|p2a: Ogerpon|Ogerpon, F|100/100
|turn|17
|
|t:|1779718081
|move|p2a: Ogerpon|Knock Off|p1a: Walking Wake
|-damage|p1a: Walking Wake|13/100
|-enditem|p1a: Walking Wake|Choice Specs|[from] move: Knock Off|[of] p2a: Ogerpon
|move|p1a: Walking Wake|Hydro Steam|p2a: Ogerpon
|-resisted|p2a: Ogerpon
|-damage|p2a: Ogerpon|67/100
|
|-heal|p2a: Ogerpon|73/100|[from] Grassy Terrain
|-heal|p1a: Walking Wake|20/100|[from] Grassy Terrain
|upkeep
|turn|18
|
|t:|1779718087
|move|p2a: Ogerpon|Knock Off|p1a: Walking Wake
|-damage|p1a: Walking Wake|0 fnt
|faint|p1a: Walking Wake
|-end|p1a: Walking Wake|Protosynthesis|[silent]
|
|-heal|p2a: Ogerpon|79/100|[from] Grassy Terrain
|-fieldend|move: Grassy Terrain
|upkeep
|
|t:|1779718089
|switch|p1a: Typhlosion|Typhlosion-Hisui, F|100/100
|turn|19
|
|t:|1779718098
|move|p1a: Typhlosion|Eruption|p2a: Ogerpon
|-supereffective|p2a: Ogerpon
|-damage|p2a: Ogerpon|0 fnt
|faint|p2a: Ogerpon
|
|upkeep
|
|t:|1779718104
|switch|p2a: Pecharunt|Pecharunt|100/100
|turn|20
|
|t:|1779718111
|switch|p1a: Great Tusk|Great Tusk|100/100
|move|p2a: Pecharunt|Shadow Ball|p1a: Great Tusk
|-damage|p1a: Great Tusk|67/100
|
|upkeep
|turn|21
|
|t:|1779718119
|move|p1a: Great Tusk|Headlong Rush|p2a: Pecharunt
|-supereffective|p2a: Pecharunt
|-damage|p2a: Pecharunt|52/100
|-unboost|p1a: Great Tusk|def|1
|-unboost|p1a: Great Tusk|spd|1
|-damage|p1a: Great Tusk|50/100|[from] item: Rocky Helmet|[of] p2a: Pecharunt
|move|p2a: Pecharunt|Shadow Ball|p1a: Great Tusk
|-damage|p1a: Great Tusk|0 fnt
|faint|p1a: Great Tusk
|-end|p1a: Great Tusk|Protosynthesis|[silent]
|
|upkeep
|
|t:|1779718123
|switch|p1a: Rillaboom|Rillaboom, F|41/100
|-fieldstart|move: Grassy Terrain|[from] ability: Grassy Surge|[of] p1a: Rillaboom
|turn|22
|
|t:|1779718130
|move|p1a: Rillaboom|Grassy Glide|p2a: Pecharunt
|-resisted|p2a: Pecharunt
|-damage|p2a: Pecharunt|38/100
|-damage|p1a: Rillaboom|25/100|[from] item: Rocky Helmet|[of] p2a: Pecharunt
|move|p2a: Pecharunt|Recover|p2a: Pecharunt
|-heal|p2a: Pecharunt|88/100
|
|-heal|p1a: Rillaboom|31/100|[from] Grassy Terrain
|-heal|p2a: Pecharunt|94/100|[from] Grassy Terrain
|upkeep
|turn|23
|c|☆FireSide_01|fuck
|c|☆FireSide_01|I did not mean to switch into Rillaboom lol
|c|☆FireSide_01|My bad
|
|t:|1779718155
|move|p1a: Rillaboom|Grassy Glide|p2a: Pecharunt
|-resisted|p2a: Pecharunt
|-damage|p2a: Pecharunt|82/100
|-damage|p1a: Rillaboom|15/100|[from] item: Rocky Helmet|[of] p2a: Pecharunt
|move|p2a: Pecharunt|Malignant Chain|p1a: Rillaboom
|-supereffective|p1a: Rillaboom
|-damage|p1a: Rillaboom|0 fnt
|faint|p1a: Rillaboom
|
|-heal|p2a: Pecharunt|88/100|[from] Grassy Terrain
|upkeep
|
|t:|1779718159
|switch|p1a: Typhlosion|Typhlosion-Hisui, F|100/100
|turn|24
|
|t:|1779718161
|move|p1a: Typhlosion|Eruption|p2a: Pecharunt
|-damage|p2a: Pecharunt|14/100
|move|p2a: Pecharunt|Shadow Ball|p1a: Typhlosion
|-supereffective|p1a: Typhlosion
|-damage|p1a: Typhlosion|31/100
|-unboost|p1a: Typhlosion|spd|1
|
|-heal|p1a: Typhlosion|37/100|[from] Grassy Terrain
|-heal|p2a: Pecharunt|20/100|[from] Grassy Terrain
|upkeep
|turn|25
|
|t:|1779718170
|move|p1a: Typhlosion|Eruption|p2a: Pecharunt
|-damage|p2a: Pecharunt|0 fnt
|faint|p2a: Pecharunt
|
|-heal|p1a: Typhlosion|44/100|[from] Grassy Terrain
|upkeep
|
|t:|1779718172
|switch|p2a: Weavile|Weavile, M, shiny|100/100
|-ability|p2a: Weavile|Pressure
|turn|26
|
|t:|1779718176
|move|p1a: Typhlosion|Eruption|p2a: Weavile
|-supereffective|p2a: Weavile
|-damage|p2a: Weavile|0 fnt
|faint|p2a: Weavile
|
|win|FireSide_01
|raw|FireSide_01's rating: 1373 &rarr; <strong>1394</strong><br />(+21 for winning)
|raw|lotoden bk's rating: 1384 &rarr; <strong>1363</strong><br />(-21 for losing)
|c|☆lotoden bk|gg
|c|☆FireSide_01|gg
|l|☆lotoden bk
|player|p2|
