|j|☆greattrainer123
|j|☆serdrac
|t:|1779605578
|gametype|singles
|player|p1|greattrainer123|2|1330
|player|p2|serdrac|102|1296
|gen|9
|tier|[Gen 9] OU
|rated|
|rule|HP Percentage Mod: HP is shown in percentages
|rule|Endless Battle Clause: Forcing endless battles is banned
|rule|Species Clause: Limit one of each Pokémon
|rule|OHKO Clause: OHKO moves are banned
|rule|Evasion Items Clause: Evasion items are banned
|rule|Evasion Moves Clause: Evasion moves are banned
|rule|Evasion Abilities Clause: Evasion abilities are banned
|rule|Sleep Moves Clause: Sleep-inducing moves are banned
|clearpoke
|poke|p1|Deoxys-Speed|
|poke|p1|Alomomola, F|
|poke|p1|Zamazenta-*|
|poke|p1|Slowking-Galar, F|
|poke|p1|Cinderace, M|
|poke|p1|Ditto|
|poke|p2|Excadrill, M|
|poke|p2|Tyranitar, M|
|poke|p2|Rotom-Wash|
|poke|p2|Skarmory, M|
|poke|p2|Polteageist|
|poke|p2|Meowscarada, M|
|teampreview
|inactive|Battle timer is ON: inactive players will automatically lose when time's up. (requested by serdrac)
|inactive|serdrac has 120 seconds left.
|
|t:|1779605622
|teamsize|p1|6
|teamsize|p2|6
|start
|switch|p1a: Deoxys|Deoxys-Speed|100/100
|switch|p2a: Tyranitar|Tyranitar, M|100/100
|-ability|p1a: Deoxys|Pressure
|-weather|Sandstorm|[from] ability: Sand Stream|[of] p2a: Tyranitar
|turn|1
|
|t:|1779605640
|move|p1a: Deoxys|Low Kick|p2a: Tyranitar
|-supereffective|p2a: Tyranitar
|-damage|p2a: Tyranitar|0 fnt
|faint|p2a: Tyranitar
|-damage|p1a: Deoxys|91/100|[from] item: Life Orb
|
|-weather|Sandstorm|[upkeep]
|-damage|p1a: Deoxys|84/100|[from] Sandstorm
|upkeep
|
|t:|1779605644
|switch|p2a: Excadrill|Excadrill, M|100/100
|turn|2
|
|t:|1779605654
|switch|p1a: Alomomola|Alomomola, F|100/100
|move|p2a: Excadrill|Earthquake|p1a: Alomomola
|-damage|p1a: Alomomola|63/100
|-enditem|p1a: Alomomola|Red Card|[of] p2a: Excadrill
|drag|p2a: Skarmory|Skarmory, M|100/100
|
|-weather|Sandstorm|[upkeep]
|-damage|p1a: Alomomola|57/100|[from] Sandstorm
|upkeep
|turn|3
|
|t:|1779605675
|switch|p2a: Excadrill|Excadrill, M|100/100
|move|p1a: Alomomola|Flip Turn|p2a: Excadrill
|-supereffective|p2a: Excadrill
|-damage|p2a: Excadrill|55/100
|
|t:|1779605686
|switch|p1a: Ditto|Ditto|100/100|[from] Flip Turn
|-transform|p1a: Ditto|p2a: Excadrill|[from] ability: Imposter
|
|-weather|Sandstorm|[upkeep]
|upkeep
|turn|4
|
|t:|1779605698
|switch|p2a: Skarmory|Skarmory, M|100/100
|move|p1a: Ditto|Earthquake|p2a: Skarmory
|-immune|p2a: Skarmory
|
|-weather|Sandstorm|[upkeep]
|upkeep
|turn|5
|
|t:|1779605708
|switch|p1a: Cinderace|Cinderace, M|100/100
|move|p2a: Skarmory|Stealth Rock|p1a: Cinderace
|-sidestart|p1: greattrainer123|move: Stealth Rock
|
|-weather|none
|upkeep
|turn|6
|
|t:|1779605714
|switch|p2a: Rotom|Rotom-Wash|100/100
|move|p1a: Cinderace|Will-O-Wisp|p2a: Rotom
|-status|p2a: Rotom|brn
|
|-damage|p2a: Rotom|94/100 brn|[from] brn
|upkeep
|turn|7
|
|t:|1779605728
|switch|p1a: Slowking|Slowking-Galar, F|100/100
|-damage|p1a: Slowking|88/100|[from] Stealth Rock
|move|p2a: Rotom|Thunder Wave|p1a: Slowking|[miss]
|-miss|p2a: Rotom|p1a: Slowking
|
|-heal|p1a: Slowking|94/100|[from] item: Leftovers
|-damage|p2a: Rotom|88/100 brn|[from] brn
|upkeep
|turn|8
|
|t:|1779605746
|move|p2a: Rotom|Volt Switch|p1a: Slowking
|-damage|p1a: Slowking|74/100
|
|t:|1779605763
|switch|p2a: Excadrill|Excadrill, M|55/100|[from] Volt Switch
|move|p1a: Slowking|Future Sight|p2a: Excadrill
|-start|p1a: Slowking|move: Future Sight
|
|-heal|p1a: Slowking|80/100|[from] item: Leftovers
|upkeep
|turn|9
|
|t:|1779605782
|switch|p1a: Alomomola|Alomomola, F|90/100
|-damage|p1a: Alomomola|78/100|[from] Stealth Rock
|move|p2a: Excadrill|Swords Dance|p2a: Excadrill
|-boost|p2a: Excadrill|atk|2
|
|upkeep
|turn|10
|
|t:|1779605794
|move|p2a: Excadrill|Earthquake|p1a: Alomomola
|-damage|p1a: Alomomola|1/100
|-damage|p2a: Excadrill|45/100|[from] item: Life Orb
|move|p1a: Alomomola|Flip Turn|p2a: Excadrill
|-supereffective|p2a: Excadrill
|-damage|p2a: Excadrill|0 fnt
|faint|p2a: Excadrill
|
|t:|1779605802
|switch|p1a: Cinderace|Cinderace, M|100/100|[from] Flip Turn
|
|-hint|Future Sight did not hit because the target is fainted.
|upkeep
|
|t:|1779605811
|switch|p2a: Meowscarada|Meowscarada, M|100/100
|turn|11
|inactive|serdrac has 120 seconds left.
|
|t:|1779605837
|move|p2a: Meowscarada|Thunder Punch|p1a: Cinderace
|-start|p2a: Meowscarada|typechange|Electric|[from] ability: Protean
|-damage|p1a: Cinderace|24/100
|move|p1a: Cinderace|Pyro Ball|p2a: Meowscarada
|-damage|p2a: Meowscarada|0 fnt
|faint|p2a: Meowscarada
|
|upkeep
|
|t:|1779605845
|switch|p2a: Polteageist|Polteageist|100/100
|turn|12
|inactive|serdrac has 120 seconds left.
|
|t:|1779605853
|move|p1a: Cinderace|Pyro Ball|p2a: Polteageist|[miss]
|-miss|p1a: Cinderace|p2a: Polteageist
|move|p2a: Polteageist|Shell Smash|p2a: Polteageist
|-unboost|p2a: Polteageist|def|1
|-unboost|p2a: Polteageist|spd|1
|-boost|p2a: Polteageist|atk|2
|-boost|p2a: Polteageist|spa|2
|-boost|p2a: Polteageist|spe|2
|-enditem|p2a: Polteageist|White Herb
|-clearnegativeboost|p2a: Polteageist|[silent]
|
|upkeep
|turn|13
|inactive|serdrac has 120 seconds left.
|
|t:|1779605868
|move|p1a: Cinderace|Sucker Punch|p2a: Polteageist
|-supereffective|p2a: Polteageist
|-damage|p2a: Polteageist|14/100
|-ability|p2a: Polteageist|Weak Armor|boost
|-unboost|p2a: Polteageist|def|1
|-boost|p2a: Polteageist|spe|2
|move|p2a: Polteageist|Shadow Ball|p1a: Cinderace
|-damage|p1a: Cinderace|0 fnt
|faint|p1a: Cinderace
|
|upkeep
|
|t:|1779605876
|switch|p1a: Ditto|Ditto|100/100
|-damage|p1a: Ditto|88/100|[from] Stealth Rock
|-transform|p1a: Ditto|p2a: Polteageist|[from] ability: Imposter
|turn|14
|
|t:|1779605887
|move|p1a: Ditto|Shadow Ball|p2a: Polteageist
|-supereffective|p2a: Polteageist
|-damage|p2a: Polteageist|0 fnt
|faint|p2a: Polteageist
|
|upkeep
|-message|serdrac forfeited.
|
|win|greattrainer123
|raw|greattrainer123's rating: 1330 &rarr; <strong>1348</strong><br />(+18 for winning)
|raw|serdrac's rating: 1296 &rarr; <strong>1273</strong><br />(-23 for losing)
|l|☆serdrac
|player|p2|
|l|☆greattrainer123
|player|p1|
