|j|☆fractal_face
|j|☆DeathFool
|t:|1779627572
|gametype|singles
|player|p1|fractal_face|ghetsis-gen5bw|1186
|player|p2|DeathFool|youngster-gen4dp|1118
|gen|9
|tier|[Gen 9] OU
|rated|
|rule|HP Percentage Mod: HP is shown in percentages
|rule|Endless Battle Clause: Forcing endless battles is banned
|rule|Species Clause: Limit one of each Pokémon
|rule|OHKO Clause: OHKO moves are banned
|rule|Evasion Items Clause: Evasion items are banned
|rule|Evasion Moves Clause: Evasion moves are banned
|rule|Evasion Abilities Clause: Evasion abilities are banned
|rule|Sleep Moves Clause: Sleep-inducing moves are banned
|clearpoke
|poke|p1|Enamorus, F|
|poke|p1|Regieleki|
|poke|p1|Toxapex, F|
|poke|p1|Smeargle, M|
|poke|p1|Grimmsnarl, M|
|poke|p1|Corviknight, F|
|poke|p2|Glimmora, F|
|poke|p2|Ting-Lu|
|poke|p2|Hatterene, F|
|poke|p2|Meowscarada, F|
|poke|p2|Iron Valiant|
|poke|p2|Gholdengo|
|teampreview
|inactive|Battle timer is ON: inactive players will automatically lose when time's up. (requested by fractal_face)
|
|t:|1779627576
|teamsize|p1|6
|teamsize|p2|6
|start
|switch|p1a: Smeargle|Smeargle, M, shiny|100/100
|switch|p2a: Glimmora|Glimmora, F|100/100
|turn|1
|
|t:|1779627587
|switch|p2a: Hatterene|Hatterene, F|100/100
|move|p1a: Smeargle|Shell Smash|p1a: Smeargle
|-unboost|p1a: Smeargle|def|1
|-unboost|p1a: Smeargle|spd|1
|-boost|p1a: Smeargle|atk|2
|-boost|p1a: Smeargle|spa|2
|-boost|p1a: Smeargle|spe|2
|-enditem|p1a: Smeargle|White Herb
|-clearnegativeboost|p1a: Smeargle|[silent]
|
|upkeep
|turn|2
|
|t:|1779627599
|move|p1a: Smeargle|Population Bomb|p2a: Hatterene
|-damage|p2a: Hatterene|89/100
|-damage|p2a: Hatterene|78/100
|-damage|p2a: Hatterene|66/100
|-damage|p2a: Hatterene|55/100
|-damage|p2a: Hatterene|44/100
|-damage|p2a: Hatterene|34/100
|-damage|p2a: Hatterene|22/100
|-damage|p2a: Hatterene|11/100
|-damage|p2a: Hatterene|0 fnt
|faint|p2a: Hatterene
|-hitcount|p2: Hatterene|9
|
|upkeep
|
|t:|1779627616
|switch|p2a: Glimmora|Glimmora, F|100/100
|turn|3
|
|t:|1779627631
|move|p1a: Smeargle|Surging Strikes|p2a: Glimmora
|-supereffective|p2a: Glimmora
|-crit|p2a: Glimmora
|-damage|p2a: Glimmora|57/100
|-activate|p2a: Glimmora|ability: Toxic Debris
|-sidestart|p1: fractal_face|move: Toxic Spikes
|-supereffective|p2a: Glimmora
|-crit|p2a: Glimmora
|-damage|p2a: Glimmora|14/100
|-activate|p2a: Glimmora|ability: Toxic Debris
|-sidestart|p1: fractal_face|move: Toxic Spikes
|-supereffective|p2a: Glimmora
|-crit|p2a: Glimmora
|-damage|p2a: Glimmora|0 fnt
|faint|p2a: Glimmora
|-hitcount|p2: Glimmora|3
|
|upkeep
|
|t:|1779627643
|switch|p2a: Ting-Lu|Ting-Lu|100/100
|-ability|p2a: Ting-Lu|Vessel of Ruin
|turn|4
|
|t:|1779627654
|-terastallize|p1a: Smeargle|Water
|move|p1a: Smeargle|Surging Strikes|p2a: Ting-Lu
|-supereffective|p2a: Ting-Lu
|-crit|p2a: Ting-Lu
|-damage|p2a: Ting-Lu|72/100
|-supereffective|p2a: Ting-Lu
|-crit|p2a: Ting-Lu
|-damage|p2a: Ting-Lu|43/100
|-supereffective|p2a: Ting-Lu
|-crit|p2a: Ting-Lu
|-damage|p2a: Ting-Lu|16/100
|-hitcount|p2a: Ting-Lu|3
|move|p2a: Ting-Lu|Whirlwind|p1a: Smeargle
|drag|p1a: Grimmsnarl|Grimmsnarl, M, shiny|100/100
|-status|p1a: Grimmsnarl|tox
|
|-heal|p2a: Ting-Lu|22/100|[from] item: Leftovers
|-damage|p1a: Grimmsnarl|94/100 tox|[from] psn
|upkeep
|turn|5
|
|t:|1779627676
|switch|p1a: Toxapex|Toxapex, F, shiny|100/100
|-sideend|p1: fractal_face|move: Toxic Spikes|[of] p1a: Toxapex
|move|p2a: Ting-Lu|Whirlwind|p1a: Toxapex
|drag|p1a: Regieleki|Regieleki, shiny|100/100
|-item|p1a: Regieleki|Air Balloon
|
|-heal|p2a: Ting-Lu|28/100|[from] item: Leftovers
|upkeep
|turn|6
|
|t:|1779627694
|move|p1a: Regieleki|Rapid Spin|p2a: Ting-Lu
|-damage|p2a: Ting-Lu|22/100
|-boost|p1a: Regieleki|spe|1
|move|p2a: Ting-Lu|Ruination|p1a: Regieleki
|-damage|p1a: Regieleki|51/100
|-enditem|p1a: Regieleki|Air Balloon
|
|-heal|p2a: Ting-Lu|28/100|[from] item: Leftovers
|upkeep
|turn|7
|
|t:|1779627705
|move|p1a: Regieleki|Explosion|p2a: Ting-Lu
|-damage|p2a: Ting-Lu|0 fnt
|faint|p1a: Regieleki
|faint|p2a: Ting-Lu
|
|upkeep
|
|t:|1779627718
|switch|p1a: Smeargle|Smeargle, M, shiny, tera:Water|100/100
|switch|p2a: Iron Valiant|Iron Valiant|100/100
|-enditem|p2a: Iron Valiant|Booster Energy
|-activate|p2a: Iron Valiant|ability: Quark Drive|[fromitem]
|-start|p2a: Iron Valiant|quarkdrivespe
|turn|8
|
|t:|1779627726
|-terastallize|p2a: Iron Valiant|Fairy
|move|p1a: Smeargle|Burning Bulwark|p1a: Smeargle
|-singleturn|p1a: Smeargle|move: Protect
|move|p2a: Iron Valiant|Moonblast|p1a: Smeargle
|-activate|p1a: Smeargle|move: Protect
|
|upkeep
|turn|9
|
|t:|1779627734
|move|p2a: Iron Valiant|Encore|p1a: Smeargle
|-start|p1a: Smeargle|Encore
|move|p1a: Smeargle|Burning Bulwark||[still]
|-fail|p1a: Smeargle
|
|upkeep
|turn|10
|
|t:|1779627742
|switch|p1a: Toxapex|Toxapex, F, shiny|100/100
|move|p2a: Iron Valiant|Shadow Ball|p1a: Toxapex
|-damage|p1a: Toxapex|81/100
|
|-heal|p1a: Toxapex|87/100|[from] item: Black Sludge
|upkeep
|turn|11
|-message|DeathFool forfeited.
|
|win|fractal_face
|raw|fractal_face's rating: 1186 &rarr; <strong>1206</strong><br />(+20 for winning)
|raw|DeathFool's rating: 1118 &rarr; <strong>1098</strong><br />(-20 for losing)
|l|☆DeathFool
|player|p2|
