|j|☆Acetrainernate90
|j|☆LeChunkalo
|t:|1779681762
|gametype|singles
|player|p1|Acetrainernate90|brycen|1397
|player|p2|LeChunkalo|biker-gen4|1450
|gen|9
|tier|[Gen 9] OU
|rated|
|rule|HP Percentage Mod: HP is shown in percentages
|rule|Endless Battle Clause: Forcing endless battles is banned
|rule|Species Clause: Limit one of each Pokémon
|rule|OHKO Clause: OHKO moves are banned
|rule|Evasion Items Clause: Evasion items are banned
|rule|Evasion Moves Clause: Evasion moves are banned
|rule|Evasion Abilities Clause: Evasion abilities are banned
|rule|Sleep Moves Clause: Sleep-inducing moves are banned
|clearpoke
|poke|p1|Ting-Lu|
|poke|p1|Iron Moth|
|poke|p1|Corviknight, F|
|poke|p1|Reuniclus, M|
|poke|p1|Kyurem|
|poke|p1|Rillaboom, M|
|poke|p2|Ogerpon-Cornerstone, F|
|poke|p2|Pecharunt|
|poke|p2|Zapdos-Galar|
|poke|p2|Dragonite, M|
|poke|p2|Iron Treads|
|poke|p2|Primarina, M|
|teampreview
|inactive|Battle timer is ON: inactive players will automatically lose when time's up. (requested by Acetrainernate90)
|inactive|LeChunkalo also wants the timer to be on.
|
|t:|1779681776
|teamsize|p1|6
|teamsize|p2|6
|start
|switch|p1a: Keldeo #1 Opp|Kyurem|100/100
|switch|p2a: Zapdos|Zapdos-Galar|100/100
|-ability|p1a: Keldeo #1 Opp|Pressure
|turn|1
|
|t:|1779681781
|switch|p1a: An IQ too low?|Corviknight, F|100/100
|-ability|p1a: An IQ too low?|Pressure
|move|p2a: Zapdos|Close Combat|p1a: An IQ too low?
|-damage|p1a: An IQ too low?|66/100
|-unboost|p2a: Zapdos|def|1
|-unboost|p2a: Zapdos|spd|1
|-damage|p2a: Zapdos|84/100|[from] item: Rocky Helmet|[of] p1a: An IQ too low?
|
|upkeep
|turn|2
|
|t:|1779681791
|switch|p2a: Pecharunt|Pecharunt|100/100
|move|p1a: An IQ too low?|Roost|p1a: An IQ too low?
|-heal|p1a: An IQ too low?|100/100
|-singleturn|p1a: An IQ too low?|move: Roost
|
|upkeep
|turn|3
|
|t:|1779681799
|switch|p2a: Primarina|Primarina, M|100/100
|move|p1a: An IQ too low?|Brave Bird|p2a: Primarina
|-damage|p2a: Primarina|50/100
|-damage|p1a: An IQ too low?|87/100|[from] Recoil
|
|-heal|p2a: Primarina|56/100|[from] item: Leftovers
|upkeep
|turn|4
|
|t:|1779681809
|switch|p2a: Pecharunt|Pecharunt|100/100
|move|p1a: An IQ too low?|Brave Bird|p2a: Pecharunt
|-damage|p2a: Pecharunt|75/100
|-damage|p1a: An IQ too low?|80/100|[from] Recoil
|
|upkeep
|turn|5
|
|t:|1779681814
|move|p2a: Pecharunt|Shadow Ball|p1a: An IQ too low?
|-damage|p1a: An IQ too low?|47/100
|-unboost|p1a: An IQ too low?|spd|1
|move|p1a: An IQ too low?|Brave Bird|p2a: Pecharunt
|-damage|p2a: Pecharunt|48/100
|-damage|p1a: An IQ too low?|40/100|[from] Recoil
|
|upkeep
|turn|6
|
|t:|1779681824
|switch|p2a: Primarina|Primarina, M|56/100
|switch|p1a: Harry Pottery|Ting-Lu|100/100
|-ability|p1a: Harry Pottery|Vessel of Ruin
|
|-heal|p2a: Primarina|62/100|[from] item: Leftovers
|upkeep
|turn|7
|
|t:|1779681829
|switch|p1a: Lost to Godzilla|Rillaboom, M|100/100
|-fieldstart|move: Grassy Terrain|[from] ability: Grassy Surge|[of] p1a: Lost to Godzilla
|move|p2a: Primarina|Moonblast|p1a: Lost to Godzilla
|-damage|p1a: Lost to Godzilla|39/100
|-unboost|p1a: Lost to Godzilla|spa|1
|
|-heal|p1a: Lost to Godzilla|45/100|[from] Grassy Terrain
|-heal|p2a: Primarina|69/100|[from] Grassy Terrain
|-heal|p2a: Primarina|75/100|[from] item: Leftovers
|upkeep
|turn|8
|
|t:|1779681836
|switch|p2a: Dragonite|Dragonite, M|100/100
|move|p1a: Lost to Godzilla|Grassy Glide|p2a: Dragonite
|-resisted|p2a: Dragonite
|-damage|p2a: Dragonite|96/100
|
|-heal|p1a: Lost to Godzilla|51/100|[from] Grassy Terrain
|upkeep
|turn|9
|
|t:|1779681842
|switch|p1a: Harry Pottery|Ting-Lu|100/100
|-ability|p1a: Harry Pottery|Vessel of Ruin
|move|p2a: Dragonite|Dragon Tail|p1a: Harry Pottery
|-damage|p1a: Harry Pottery|83/100
|drag|p1a: Ventricosa|Reuniclus, M, shiny|100/100
|
|upkeep
|turn|10
|
|t:|1779681852
|switch|p2a: Iron Treads|Iron Treads|100/100
|move|p1a: Ventricosa|Knock Off|p2a: Iron Treads
|-damage|p2a: Iron Treads|83/100
|-enditem|p2a: Iron Treads|Leftovers|[from] move: Knock Off|[of] p1a: Ventricosa
|
|-heal|p2a: Iron Treads|89/100|[from] Grassy Terrain
|upkeep
|turn|11
|
|t:|1779681856
|move|p2a: Iron Treads|Knock Off|p1a: Ventricosa
|-supereffective|p1a: Ventricosa
|-damage|p1a: Ventricosa|34/100
|-enditem|p1a: Ventricosa|Life Orb|[from] move: Knock Off|[of] p2a: Iron Treads
|move|p1a: Ventricosa|Focus Blast|p2a: Iron Treads
|-supereffective|p2a: Iron Treads
|-damage|p2a: Iron Treads|0 fnt
|faint|p2a: Iron Treads
|-end|p2a: Iron Treads|Quark Drive|[silent]
|
|-heal|p1a: Ventricosa|40/100|[from] Grassy Terrain
|upkeep
|
|t:|1779681866
|switch|p2a: Ogerpon|Ogerpon-Cornerstone, F|100/100
|turn|12
|
|t:|1779681871
|move|p2a: Ogerpon|Ivy Cudgel|p1a: Ventricosa|[anim] Ivy Cudgel Rock
|-damage|p1a: Ventricosa|0 fnt
|faint|p1a: Ventricosa
|
|upkeep
|
|t:|1779681875
|switch|p1a: Lost to Godzilla|Rillaboom, M|51/100
|turn|13
|
|t:|1779681885
|move|p1a: Lost to Godzilla|Grassy Glide|p2a: Ogerpon
|-damage|p2a: Ogerpon|50/100
|move|p2a: Ogerpon|Ivy Cudgel|p1a: Lost to Godzilla|[anim] Ivy Cudgel Rock
|-damage|p1a: Lost to Godzilla|0 fnt
|faint|p1a: Lost to Godzilla
|
|-heal|p2a: Ogerpon|56/100|[from] Grassy Terrain
|upkeep
|
|t:|1779681893
|switch|p1a: Can't Dance|Iron Moth|100/100
|-enditem|p1a: Can't Dance|Booster Energy
|-activate|p1a: Can't Dance|ability: Quark Drive|[fromitem]
|-start|p1a: Can't Dance|quarkdrivespe
|turn|14
|
|t:|1779681913
|switch|p2a: Primarina|Primarina, M|75/100
|move|p1a: Can't Dance|Substitute|p1a: Can't Dance
|-start|p1a: Can't Dance|Substitute
|-damage|p1a: Can't Dance|76/100
|
|-heal|p1a: Can't Dance|82/100|[from] Grassy Terrain
|-heal|p2a: Primarina|81/100|[from] Grassy Terrain
|-heal|p2a: Primarina|87/100|[from] item: Leftovers
|-fieldend|move: Grassy Terrain
|upkeep
|turn|15
|
|t:|1779681917
|-terastallize|p1a: Can't Dance|Fairy
|move|p1a: Can't Dance|Sludge Wave|p2a: Primarina
|-supereffective|p2a: Primarina
|-damage|p2a: Primarina|0 fnt
|faint|p2a: Primarina
|
|upkeep
|
|t:|1779681926
|switch|p2a: Dragonite|Dragonite, M|96/100
|turn|16
|
|t:|1779681930
|-terastallize|p2a: Dragonite|Normal
|move|p2a: Dragonite|Extreme Speed|p1a: Can't Dance
|-end|p1a: Can't Dance|Substitute
|move|p1a: Can't Dance|Dazzling Gleam|p2a: Dragonite
|-damage|p2a: Dragonite|60/100
|
|upkeep
|turn|17
|
|t:|1779681945
|move|p1a: Can't Dance|Sludge Wave|p2a: Dragonite
|-damage|p2a: Dragonite|20/100
|move|p2a: Dragonite|Roost|p2a: Dragonite
|-heal|p2a: Dragonite|70/100
|
|upkeep
|turn|18
|
|t:|1779681948
|move|p2a: Dragonite|Extreme Speed|p1a: Can't Dance
|-damage|p1a: Can't Dance|10/100
|move|p1a: Can't Dance|Fiery Dance|p2a: Dragonite
|-damage|p2a: Dragonite|36/100
|-boost|p1a: Can't Dance|spa|1
|
|upkeep
|turn|19
|
|t:|1779681960
|-end|p1a: Can't Dance|Quark Drive|[silent]
|switch|p1a: An IQ too low?|Corviknight, F|40/100
|-ability|p1a: An IQ too low?|Pressure
|move|p2a: Dragonite|Extreme Speed|p1a: An IQ too low?
|-resisted|p1a: An IQ too low?
|-damage|p1a: An IQ too low?|27/100
|-damage|p2a: Dragonite|20/100|[from] item: Rocky Helmet|[of] p1a: An IQ too low?
|
|upkeep
|turn|20
|
|t:|1779681969
|move|p2a: Dragonite|Roost|p2a: Dragonite
|-heal|p2a: Dragonite|70/100
|move|p1a: An IQ too low?|Roost|p1a: An IQ too low?
|-heal|p1a: An IQ too low?|77/100
|-singleturn|p1a: An IQ too low?|move: Roost
|
|upkeep
|turn|21
|
|t:|1779681973
|move|p2a: Dragonite|Roost|p2a: Dragonite
|-heal|p2a: Dragonite|100/100
|move|p1a: An IQ too low?|U-turn|p2a: Dragonite
|-damage|p2a: Dragonite|94/100
|
|t:|1779681987
|switch|p1a: Harry Pottery|Ting-Lu|83/100|[from] U-turn
|-ability|p1a: Harry Pottery|Vessel of Ruin
|
|-heal|p1a: Harry Pottery|89/100|[from] item: Leftovers
|upkeep
|turn|22
|
|t:|1779681992
|switch|p2a: Zapdos|Zapdos-Galar|84/100
|move|p1a: Harry Pottery|Stealth Rock|p2a: Zapdos
|-sidestart|p2: LeChunkalo|move: Stealth Rock
|
|-heal|p1a: Harry Pottery|95/100|[from] item: Leftovers
|upkeep
|turn|23
|
|t:|1779681997
|move|p2a: Zapdos|U-turn|p1a: Harry Pottery
|-supereffective|p1a: Harry Pottery
|-damage|p1a: Harry Pottery|71/100
|
|t:|1779682005
|switch|p2a: Ogerpon|Ogerpon-Cornerstone, F|56/100|[from] U-turn
|-damage|p2a: Ogerpon|43/100|[from] Stealth Rock
|move|p1a: Harry Pottery|Whirlwind|p2a: Ogerpon
|drag|p2a: Dragonite|Dragonite, M, tera:Normal|94/100
|
|-heal|p1a: Harry Pottery|77/100|[from] item: Leftovers
|upkeep
|turn|24
|
|t:|1779682014
|move|p1a: Harry Pottery|Ruination|p2a: Dragonite|[miss]
|-miss|p1a: Harry Pottery|p2a: Dragonite
|move|p2a: Dragonite|Dragon Tail|p1a: Harry Pottery
|-damage|p1a: Harry Pottery|59/100
|drag|p1a: An IQ too low?|Corviknight, F|77/100
|-ability|p1a: An IQ too low?|Pressure
|
|upkeep
|turn|25
|
|t:|1779682023
|move|p1a: An IQ too low?|Brave Bird|p2a: Dragonite
|-damage|p2a: Dragonite|63/100
|-damage|p1a: An IQ too low?|67/100|[from] Recoil
|move|p2a: Dragonite|Dragon Tail|p1a: An IQ too low?|[miss]
|-miss|p2a: Dragonite|p1a: An IQ too low?
|
|upkeep
|turn|26
|
|t:|1779682026
|move|p2a: Dragonite|Roost|p2a: Dragonite
|-heal|p2a: Dragonite|100/100
|move|p1a: An IQ too low?|Roost|p1a: An IQ too low?
|-heal|p1a: An IQ too low?|100/100
|-singleturn|p1a: An IQ too low?|move: Roost
|
|upkeep
|turn|27
|
|t:|1779682033
|move|p1a: An IQ too low?|Brave Bird|p2a: Dragonite
|-damage|p2a: Dragonite|85/100
|-damage|p1a: An IQ too low?|95/100|[from] Recoil
|move|p2a: Dragonite|Dragon Tail|p1a: An IQ too low?
|-resisted|p1a: An IQ too low?
|-damage|p1a: An IQ too low?|86/100
|-damage|p2a: Dragonite|68/100|[from] item: Rocky Helmet|[of] p1a: An IQ too low?
|drag|p1a: Can't Dance|Iron Moth, tera:Fairy|10/100
|
|upkeep
|turn|28
|
|t:|1779682037
|-end|p1a: Can't Dance|Quark Drive|[silent]
|switch|p1a: An IQ too low?|Corviknight, F|86/100
|-ability|p1a: An IQ too low?|Pressure
|move|p2a: Dragonite|Extreme Speed|p1a: An IQ too low?
|-resisted|p1a: An IQ too low?
|-damage|p1a: An IQ too low?|72/100
|-damage|p2a: Dragonite|52/100|[from] item: Rocky Helmet|[of] p1a: An IQ too low?
|
|upkeep
|turn|29
|
|t:|1779682049
|move|p2a: Dragonite|Roost|p2a: Dragonite
|-heal|p2a: Dragonite|100/100
|move|p1a: An IQ too low?|Brave Bird|p2a: Dragonite
|-damage|p2a: Dragonite|83/100
|-damage|p1a: An IQ too low?|67/100|[from] Recoil
|
|upkeep
|turn|30
|
|t:|1779682052
|switch|p2a: Pecharunt|Pecharunt|48/100
|move|p1a: An IQ too low?|Roost|p1a: An IQ too low?
|-heal|p1a: An IQ too low?|100/100
|-singleturn|p1a: An IQ too low?|move: Roost
|
|upkeep
|turn|31
|
|t:|1779682060
|move|p2a: Pecharunt|Malignant Chain|p1a: An IQ too low?
|-immune|p1a: An IQ too low?
|move|p1a: An IQ too low?|Brave Bird|p2a: Pecharunt
|-damage|p2a: Pecharunt|21/100
|-damage|p1a: An IQ too low?|93/100|[from] Recoil
|
|upkeep
|turn|32
|
|t:|1779682078
|move|p2a: Pecharunt|Recover|p2a: Pecharunt
|-heal|p2a: Pecharunt|71/100
|move|p1a: An IQ too low?|Roost|p1a: An IQ too low?
|-heal|p1a: An IQ too low?|100/100
|-singleturn|p1a: An IQ too low?|move: Roost
|
|upkeep
|turn|33
|
|t:|1779682082
|move|p2a: Pecharunt|Shadow Ball|p1a: An IQ too low?
|-crit|p1a: An IQ too low?
|-damage|p1a: An IQ too low?|54/100
|move|p1a: An IQ too low?|U-turn|p2a: Pecharunt
|-resisted|p2a: Pecharunt
|-damage|p2a: Pecharunt|68/100
|
|t:|1779682086
|switch|p1a: Keldeo #1 Opp|Kyurem|100/100|[from] U-turn
|-ability|p1a: Keldeo #1 Opp|Pressure
|
|upkeep
|turn|34
|
|t:|1779682095
|switch|p2a: Ogerpon|Ogerpon-Cornerstone, F|43/100
|-damage|p2a: Ogerpon|31/100|[from] Stealth Rock
|move|p1a: Keldeo #1 Opp|Ice Beam|p2a: Ogerpon
|-supereffective|p2a: Ogerpon
|-damage|p2a: Ogerpon|0 fnt
|faint|p2a: Ogerpon
|
|upkeep
|
|t:|1779682100
|switch|p2a: Zapdos|Zapdos-Galar|84/100
|-damage|p2a: Zapdos|72/100|[from] Stealth Rock
|turn|35
|
|t:|1779682106
|switch|p1a: Harry Pottery|Ting-Lu|59/100
|-ability|p1a: Harry Pottery|Vessel of Ruin
|move|p2a: Zapdos|Close Combat|p1a: Harry Pottery
|-supereffective|p1a: Harry Pottery
|-damage|p1a: Harry Pottery|2/100
|-unboost|p2a: Zapdos|def|1
|-unboost|p2a: Zapdos|spd|1
|
|-heal|p1a: Harry Pottery|8/100|[from] item: Leftovers
|upkeep
|turn|36
|
|t:|1779682114
|move|p2a: Zapdos|Close Combat|p1a: Harry Pottery
|-supereffective|p1a: Harry Pottery
|-damage|p1a: Harry Pottery|0 fnt
|-unboost|p2a: Zapdos|def|1
|-unboost|p2a: Zapdos|spd|1
|faint|p1a: Harry Pottery
|
|upkeep
|
|t:|1779682117
|switch|p1a: Can't Dance|Iron Moth, tera:Fairy|10/100
|turn|37
|
|t:|1779682131
|move|p2a: Zapdos|Close Combat|p1a: Can't Dance
|-resisted|p1a: Can't Dance
|-damage|p1a: Can't Dance|0 fnt
|-unboost|p2a: Zapdos|def|1
|-unboost|p2a: Zapdos|spd|1
|faint|p1a: Can't Dance
|-end|p1a: Can't Dance|Quark Drive|[silent]
|
|upkeep
|
|t:|1779682135
|switch|p1a: An IQ too low?|Corviknight, F|54/100
|-ability|p1a: An IQ too low?|Pressure
|turn|38
|
|t:|1779682142
|switch|p2a: Pecharunt|Pecharunt|68/100
|move|p1a: An IQ too low?|Roost|p1a: An IQ too low?
|-heal|p1a: An IQ too low?|100/100
|-singleturn|p1a: An IQ too low?|move: Roost
|
|upkeep
|turn|39
|
|t:|1779682150
|switch|p1a: Keldeo #1 Opp|Kyurem|100/100
|-ability|p1a: Keldeo #1 Opp|Pressure
|move|p2a: Pecharunt|Shadow Ball|p1a: Keldeo #1 Opp
|-damage|p1a: Keldeo #1 Opp|71/100
|
|upkeep
|turn|40
|
|t:|1779682154
|move|p1a: Keldeo #1 Opp|Ice Beam|p2a: Pecharunt
|-damage|p2a: Pecharunt|0 fnt
|faint|p2a: Pecharunt
|
|upkeep
|
|t:|1779682156
|switch|p2a: Zapdos|Zapdos-Galar|72/100
|-damage|p2a: Zapdos|59/100|[from] Stealth Rock
|turn|41
|
|t:|1779682162
|move|p2a: Zapdos|Close Combat|p1a: Keldeo #1 Opp
|-supereffective|p1a: Keldeo #1 Opp
|-damage|p1a: Keldeo #1 Opp|0 fnt
|-unboost|p2a: Zapdos|def|1
|-unboost|p2a: Zapdos|spd|1
|faint|p1a: Keldeo #1 Opp
|
|upkeep
|
|t:|1779682165
|switch|p1a: An IQ too low?|Corviknight, F|100/100
|-ability|p1a: An IQ too low?|Pressure
|turn|42
|
|t:|1779682172
|switch|p2a: Dragonite|Dragonite, M, tera:Normal|83/100
|move|p1a: An IQ too low?|Brave Bird|p2a: Dragonite
|-damage|p2a: Dragonite|52/100
|-damage|p1a: An IQ too low?|90/100|[from] Recoil
|
|upkeep
|turn|43
|
|t:|1779682175
|move|p2a: Dragonite|Roost|p2a: Dragonite
|-heal|p2a: Dragonite|100/100
|move|p1a: An IQ too low?|Brave Bird|p2a: Dragonite
|-damage|p2a: Dragonite|85/100
|-damage|p1a: An IQ too low?|85/100|[from] Recoil
|
|upkeep
|turn|44
|
|t:|1779682179
|move|p2a: Dragonite|Extreme Speed|p1a: An IQ too low?
|-resisted|p1a: An IQ too low?
|-damage|p1a: An IQ too low?|70/100
|-damage|p2a: Dragonite|68/100|[from] item: Rocky Helmet|[of] p1a: An IQ too low?
|move|p1a: An IQ too low?|Brave Bird|p2a: Dragonite
|-damage|p2a: Dragonite|35/100
|-damage|p1a: An IQ too low?|60/100|[from] Recoil
|
|upkeep
|turn|45
|
|t:|1779682182
|move|p2a: Dragonite|Roost|p2a: Dragonite
|-heal|p2a: Dragonite|85/100
|move|p1a: An IQ too low?|Roost|p1a: An IQ too low?
|-heal|p1a: An IQ too low?|100/100
|-singleturn|p1a: An IQ too low?|move: Roost
|
|upkeep
|turn|46
|
|t:|1779682186
|move|p1a: An IQ too low?|Brave Bird|p2a: Dragonite
|-damage|p2a: Dragonite|52/100
|-damage|p1a: An IQ too low?|90/100|[from] Recoil
|move|p2a: Dragonite|Dragon Tail|p1a: An IQ too low?
|-resisted|p1a: An IQ too low?
|-damage|p1a: An IQ too low?|80/100
|-damage|p2a: Dragonite|36/100|[from] item: Rocky Helmet|[of] p1a: An IQ too low?
|
|upkeep
|turn|47
|
|t:|1779682195
|move|p2a: Dragonite|Roost|p2a: Dragonite
|-heal|p2a: Dragonite|86/100
|move|p1a: An IQ too low?|U-turn|p2a: Dragonite
|-damage|p2a: Dragonite|72/100
|
|upkeep
|turn|48
|
|t:|1779682202
|move|p1a: An IQ too low?|U-turn|p2a: Dragonite
|-damage|p2a: Dragonite|60/100
|move|p2a: Dragonite|Dragon Tail|p1a: An IQ too low?
|-resisted|p1a: An IQ too low?
|-damage|p1a: An IQ too low?|70/100
|-damage|p2a: Dragonite|44/100|[from] item: Rocky Helmet|[of] p1a: An IQ too low?
|
|upkeep
|turn|49
|
|t:|1779682206
|move|p1a: An IQ too low?|U-turn|p2a: Dragonite
|-damage|p2a: Dragonite|31/100
|move|p2a: Dragonite|Dragon Tail|p1a: An IQ too low?
|-resisted|p1a: An IQ too low?
|-damage|p1a: An IQ too low?|59/100
|-damage|p2a: Dragonite|15/100|[from] item: Rocky Helmet|[of] p1a: An IQ too low?
|
|upkeep
|turn|50
|
|t:|1779682213
|move|p2a: Dragonite|Earthquake|p1a: An IQ too low?
|-immune|p1a: An IQ too low?
|move|p1a: An IQ too low?|Roost|p1a: An IQ too low?
|-heal|p1a: An IQ too low?|100/100
|-singleturn|p1a: An IQ too low?|move: Roost
|
|upkeep
|turn|51
|
|t:|1779682227
|move|p1a: An IQ too low?|U-turn|p2a: Dragonite
|-damage|p2a: Dragonite|1/100
|move|p2a: Dragonite|Dragon Tail|p1a: An IQ too low?
|-resisted|p1a: An IQ too low?
|-damage|p1a: An IQ too low?|89/100
|-damage|p2a: Dragonite|0 fnt|[from] item: Rocky Helmet|[of] p1a: An IQ too low?
|faint|p2a: Dragonite
|
|upkeep
|
|t:|1779682229
|switch|p2a: Zapdos|Zapdos-Galar|59/100
|-damage|p2a: Zapdos|47/100|[from] Stealth Rock
|turn|52
|
|t:|1779682231
|move|p2a: Zapdos|Close Combat|p1a: An IQ too low?
|-damage|p1a: An IQ too low?|54/100
|-unboost|p2a: Zapdos|def|1
|-unboost|p2a: Zapdos|spd|1
|-damage|p2a: Zapdos|30/100|[from] item: Rocky Helmet|[of] p1a: An IQ too low?
|move|p1a: An IQ too low?|Brave Bird|p2a: Zapdos
|-supereffective|p2a: Zapdos
|-damage|p2a: Zapdos|0 fnt
|faint|p2a: Zapdos
|-damage|p1a: An IQ too low?|46/100|[from] Recoil
|
|win|Acetrainernate90
|raw|Acetrainernate90's rating: 1397 &rarr; <strong>1420</strong><br />(+23 for winning)
|raw|LeChunkalo's rating: 1450 &rarr; <strong>1427</strong><br />(-23 for losing)
|c|☆Acetrainernate90|gg
|c|☆LeChunkalo|Gg
|l|☆Acetrainernate90
|player|p1|
|l|☆LeChunkalo
|player|p2|
