|j|☆fallentitansss
|j|☆Hibernight
|t:|1779592144
|gametype|singles
|player|p1|fallentitansss|266|1274
|player|p2|Hibernight|dawn-gen4pt|1250
|gen|9
|tier|[Gen 9] OU
|rated|
|rule|HP Percentage Mod: HP is shown in percentages
|rule|Endless Battle Clause: Forcing endless battles is banned
|rule|Species Clause: Limit one of each Pokémon
|rule|OHKO Clause: OHKO moves are banned
|rule|Evasion Items Clause: Evasion items are banned
|rule|Evasion Moves Clause: Evasion moves are banned
|rule|Evasion Abilities Clause: Evasion abilities are banned
|rule|Sleep Moves Clause: Sleep-inducing moves are banned
|clearpoke
|poke|p1|Corviknight, F|
|poke|p1|Deoxys-Speed|
|poke|p1|Moltres-Galar|
|poke|p1|Alomomola, F|
|poke|p1|Luxray, M|
|poke|p1|Mamoswine, M|
|poke|p2|Dragapult, F|
|poke|p2|Gliscor, M|
|poke|p2|Ogerpon-Wellspring, F|
|poke|p2|Iron Crown|
|poke|p2|Ting-Lu|
|poke|p2|Kingambit, F|
|teampreview
|
|t:|1779592178
|teamsize|p1|6
|teamsize|p2|6
|start
|switch|p1a: Mamoswine|Mamoswine, M|100/100
|switch|p2a: Gliscor|Gliscor, M|100/100
|turn|1
|
|t:|1779592190
|move|p2a: Gliscor|Protect|p2a: Gliscor
|-singleturn|p2a: Gliscor|Protect
|move|p1a: Mamoswine|Avalanche|p2a: Gliscor
|-activate|p2a: Gliscor|move: Protect
|
|-status|p2a: Gliscor|tox|[from] item: Toxic Orb
|upkeep
|turn|2
|
|t:|1779592198
|switch|p2a: Ogerpon|Ogerpon-Wellspring, F|100/100
|move|p1a: Mamoswine|Knock Off|p2a: Ogerpon
|-damage|p2a: Ogerpon|70/100
|
|upkeep
|turn|3
|
|t:|1779592210
|switch|p1a: Corviknight|Corviknight, F|100/100
|-ability|p1a: Corviknight|Pressure
|move|p2a: Ogerpon|Ivy Cudgel|p1a: Corviknight|[anim] Ivy Cudgel Water
|-damage|p1a: Corviknight|67/100
|
|upkeep
|turn|4
|
|t:|1779592216
|move|p2a: Ogerpon|U-turn|p1a: Corviknight
|-resisted|p1a: Corviknight
|-damage|p1a: Corviknight|63/100
|-damage|p2a: Ogerpon|54/100|[from] item: Rocky Helmet|[of] p1a: Corviknight
|
|t:|1779592226
|switch|p2a: Gliscor|Gliscor, M|100/100 tox|[from] U-turn
|move|p1a: Corviknight|Roost|p1a: Corviknight
|-heal|p1a: Corviknight|100/100
|-singleturn|p1a: Corviknight|move: Roost
|
|upkeep
|turn|5
|
|t:|1779592232
|switch|p1a: Alomomola|Alomomola, F|100/100
|move|p2a: Gliscor|Toxic Spikes|p1a: Alomomola
|-sidestart|p1: fallentitansss|move: Toxic Spikes
|
|upkeep
|turn|6
|
|t:|1779592235
|move|p2a: Gliscor|Toxic Spikes|p1a: Alomomola
|-sidestart|p1: fallentitansss|move: Toxic Spikes
|move|p1a: Alomomola|Flip Turn|p2a: Gliscor
|-supereffective|p2a: Gliscor
|-damage|p2a: Gliscor|73/100 tox
|
|t:|1779592240
|switch|p1a: Corviknight|Corviknight, F|100/100|[from] Flip Turn
|-ability|p1a: Corviknight|Pressure
|
|-heal|p2a: Gliscor|85/100 tox|[from] ability: Poison Heal
|upkeep
|turn|7
|
|t:|1779592252
|switch|p2a: Dragapult|Dragapult, F|100/100
|move|p1a: Corviknight|Defog|p2a: Dragapult
|-unboost|p2a: Dragapult|evasion|1
|-sideend|p1: fallentitansss|Toxic Spikes|[from] move: Defog|[of] p1a: Corviknight
|
|upkeep
|turn|8
|
|t:|1779592266
|switch|p1a: Alomomola|Alomomola, F|100/100
|move|p2a: Dragapult|Will-O-Wisp|p1a: Alomomola
|-status|p1a: Alomomola|brn
|
|-damage|p1a: Alomomola|94/100 brn|[from] brn
|upkeep
|turn|9
|
|t:|1779592274
|move|p2a: Dragapult|Hex|p1a: Alomomola
|-damage|p1a: Alomomola|29/100 brn
|move|p1a: Alomomola|Flip Turn|p2a: Dragapult
|-resisted|p2a: Dragapult
|-damage|p2a: Dragapult|95/100
|
|t:|1779592277
|switch|p1a: Moltres|Moltres-Galar|100/100|[from] Flip Turn
|
|upkeep
|turn|10
|
|t:|1779592282
|move|p2a: Dragapult|U-turn|p1a: Moltres
|-damage|p1a: Moltres|79/100
|
|t:|1779592287
|switch|p2a: Ting-Lu|Ting-Lu|100/100|[from] U-turn
|-ability|p2a: Ting-Lu|Vessel of Ruin
|move|p1a: Moltres|Nasty Plot|p1a: Moltres
|-boost|p1a: Moltres|spa|2
|
|upkeep
|turn|11
|
|t:|1779592294
|move|p1a: Moltres|Hurricane|p2a: Ting-Lu
|-damage|p2a: Ting-Lu|63/100
|move|p2a: Ting-Lu|Ruination|p1a: Moltres
|-damage|p1a: Moltres|40/100
|-ability|p1a: Moltres|Berserk|boost
|-boost|p1a: Moltres|spa|1
|
|-heal|p2a: Ting-Lu|69/100|[from] item: Leftovers
|upkeep
|turn|12
|
|t:|1779592299
|move|p1a: Moltres|Hurricane|p2a: Ting-Lu
|-damage|p2a: Ting-Lu|15/100
|move|p2a: Ting-Lu|Heavy Slam|p1a: Moltres
|-damage|p1a: Moltres|3/100
|
|-heal|p2a: Ting-Lu|21/100|[from] item: Leftovers
|upkeep
|turn|13
|
|t:|1779592306
|move|p2a: Ting-Lu|Protect|p2a: Ting-Lu
|-singleturn|p2a: Ting-Lu|Protect
|move|p1a: Moltres|Fiery Wrath|p2a: Ting-Lu
|-activate|p2a: Ting-Lu|move: Protect
|
|-heal|p2a: Ting-Lu|28/100|[from] item: Leftovers
|upkeep
|turn|14
|
|t:|1779592314
|move|p1a: Moltres|Hurricane|p2a: Ting-Lu
|-damage|p2a: Ting-Lu|0 fnt
|faint|p2a: Ting-Lu
|
|upkeep
|
|t:|1779592317
|switch|p2a: Ogerpon|Ogerpon-Wellspring, F|54/100
|turn|15
|
|t:|1779592322
|switch|p1a: Corviknight|Corviknight, F|100/100
|-ability|p1a: Corviknight|Pressure
|move|p2a: Ogerpon|Ivy Cudgel|p1a: Corviknight|[anim] Ivy Cudgel Water
|-damage|p1a: Corviknight|67/100
|
|upkeep
|turn|16
|
|t:|1779592328
|move|p2a: Ogerpon|U-turn|p1a: Corviknight
|-resisted|p1a: Corviknight
|-damage|p1a: Corviknight|63/100
|-damage|p2a: Ogerpon|37/100|[from] item: Rocky Helmet|[of] p1a: Corviknight
|
|t:|1779592329
|switch|p2a: Dragapult|Dragapult, F|95/100|[from] U-turn
|move|p1a: Corviknight|Roost|p1a: Corviknight
|-heal|p1a: Corviknight|100/100
|-singleturn|p1a: Corviknight|move: Roost
|
|upkeep
|turn|17
|
|t:|1779592347
|switch|p1a: Moltres|Moltres-Galar|3/100
|move|p2a: Dragapult|Will-O-Wisp|p1a: Moltres
|-status|p1a: Moltres|brn
|
|-damage|p1a: Moltres|0 fnt|[from] brn
|faint|p1a: Moltres
|upkeep
|
|t:|1779592358
|switch|p1a: Luxray|Luxray, M|100/100
|turn|18
|
|t:|1779592366
|move|p2a: Dragapult|U-turn|p1a: Luxray
|-damage|p1a: Luxray|75/100
|
|t:|1779592368
|switch|p2a: Gliscor|Gliscor, M|85/100 tox|[from] U-turn
|move|p1a: Luxray|Agility|p1a: Luxray
|-boost|p1a: Luxray|spe|2
|
|-heal|p2a: Gliscor|98/100 tox|[from] ability: Poison Heal
|-status|p1a: Luxray|brn|[from] item: Flame Orb
|upkeep
|turn|19
|
|t:|1779592378
|-terastallize|p1a: Luxray|Normal
|move|p1a: Luxray|Facade|p2a: Gliscor
|-damage|p2a: Gliscor|16/100 tox
|move|p2a: Gliscor|Earthquake|p1a: Luxray
|-damage|p1a: Luxray|29/100 brn
|
|-heal|p2a: Gliscor|28/100 tox|[from] ability: Poison Heal
|-damage|p1a: Luxray|23/100 brn|[from] brn
|upkeep
|turn|20
|
|t:|1779592385
|move|p2a: Gliscor|Protect|p2a: Gliscor
|-singleturn|p2a: Gliscor|Protect
|move|p1a: Luxray|Play Rough|p2a: Gliscor
|-activate|p2a: Gliscor|move: Protect
|
|-heal|p2a: Gliscor|41/100 tox|[from] ability: Poison Heal
|-damage|p1a: Luxray|17/100 brn|[from] brn
|upkeep
|turn|21
|inactive|Battle timer is ON: inactive players will automatically lose when time's up. (requested by fallentitansss)
|
|t:|1779592425
|move|p1a: Luxray|Facade|p2a: Gliscor
|-damage|p2a: Gliscor|0 fnt
|faint|p2a: Gliscor
|
|-damage|p1a: Luxray|11/100 brn|[from] brn
|upkeep
|
|t:|1779592431
|switch|p2a: Kingambit|Kingambit, F|100/100
|-activate|p2a: Kingambit|ability: Supreme Overlord
|-start|p2a: Kingambit|fallen2|[silent]
|-item|p2a: Kingambit|Air Balloon
|turn|22
|
|t:|1779592436
|move|p2a: Kingambit|Sucker Punch|p1a: Luxray
|-damage|p1a: Luxray|0 fnt
|faint|p1a: Luxray
|
|upkeep
|
|t:|1779592444
|switch|p1a: Mamoswine|Mamoswine, M|100/100
|turn|23
|
|t:|1779592454
|move|p1a: Mamoswine|Ice Shard|p2a: Kingambit
|-resisted|p2a: Kingambit
|-crit|p2a: Kingambit
|-damage|p2a: Kingambit|88/100
|-enditem|p2a: Kingambit|Air Balloon
|move|p2a: Kingambit|Low Kick|p1a: Mamoswine
|-supereffective|p1a: Mamoswine
|-damage|p1a: Mamoswine|0 fnt
|faint|p1a: Mamoswine
|
|upkeep
|
|t:|1779592462
|switch|p1a: Alomomola|Alomomola, F|62/100 brn
|turn|24
|
|t:|1779592491
|move|p1a: Alomomola|Flip Turn|p2a: Kingambit
|-damage|p2a: Kingambit|82/100
|
|t:|1779592494
|switch|p1a: Corviknight|Corviknight, F|100/100|[from] Flip Turn
|-ability|p1a: Corviknight|Pressure
|move|p2a: Kingambit|Kowtow Cleave|p1a: Corviknight
|-damage|p1a: Corviknight|63/100
|-damage|p2a: Kingambit|66/100|[from] item: Rocky Helmet|[of] p1a: Corviknight
|
|upkeep
|turn|25
|
|t:|1779592499
|move|p1a: Corviknight|Roost|p1a: Corviknight
|-heal|p1a: Corviknight|100/100
|-singleturn|p1a: Corviknight|move: Roost
|move|p2a: Kingambit|Kowtow Cleave|p1a: Corviknight
|-damage|p1a: Corviknight|63/100
|-damage|p2a: Kingambit|49/100|[from] item: Rocky Helmet|[of] p1a: Corviknight
|
|upkeep
|turn|26
|
|t:|1779592508
|-end|p2a: Kingambit|fallen2|[silent]
|switch|p2a: Dragapult|Dragapult, F|95/100
|move|p1a: Corviknight|Body Press|p2a: Dragapult
|-immune|p2a: Dragapult
|
|upkeep
|turn|27
|
|t:|1779592514
|switch|p1a: Alomomola|Alomomola, F|95/100 brn
|move|p2a: Dragapult|Will-O-Wisp|p1a: Alomomola
|-fail|p1a: Alomomola|brn
|
|-damage|p1a: Alomomola|89/100 brn|[from] brn
|upkeep
|turn|28
|
|t:|1779592517
|move|p2a: Dragapult|Hex|p1a: Alomomola
|-damage|p1a: Alomomola|26/100 brn
|move|p1a: Alomomola|Flip Turn|p2a: Dragapult
|-resisted|p2a: Dragapult
|-damage|p2a: Dragapult|90/100
|
|t:|1779592519
|switch|p1a: Deoxys|Deoxys-Speed|100/100|[from] Flip Turn
|-ability|p1a: Deoxys|Pressure
|
|upkeep
|turn|29
|inactive|Hibernight has 120 seconds left.
|
|t:|1779592565
|-terastallize|p2a: Dragapult|Fairy
|move|p1a: Deoxys|Superpower|p2a: Dragapult
|-resisted|p2a: Dragapult
|-damage|p2a: Dragapult|69/100
|-unboost|p1a: Deoxys|atk|1
|-unboost|p1a: Deoxys|def|1
|move|p2a: Dragapult|Hex|p1a: Deoxys
|-supereffective|p1a: Deoxys
|-damage|p1a: Deoxys|1/100
|
|upkeep
|turn|30
|
|t:|1779592574
|move|p1a: Deoxys|Ice Beam|p2a: Dragapult
|-damage|p2a: Dragapult|30/100
|move|p2a: Dragapult|U-turn|p1a: Deoxys
|-supereffective|p1a: Deoxys
|-damage|p1a: Deoxys|0 fnt
|faint|p1a: Deoxys
|c|☆fallentitansss|oh
|c|☆fallentitansss|actually
|
|t:|1779592585
|switch|p2a: Iron Crown|Iron Crown|100/100|[from] U-turn
|-enditem|p2a: Iron Crown|Booster Energy
|-activate|p2a: Iron Crown|ability: Quark Drive|[fromitem]
|-start|p2a: Iron Crown|quarkdrivespe
|
|upkeep
|c|☆fallentitansss|you going tera was stupid
|
|t:|1779592591
|switch|p1a: Corviknight|Corviknight, F|63/100
|-ability|p1a: Corviknight|Pressure
|turn|31
|
|t:|1779592598
|move|p2a: Iron Crown|Calm Mind|p2a: Iron Crown
|-boost|p2a: Iron Crown|spa|1
|-boost|p2a: Iron Crown|spd|1
|move|p1a: Corviknight|Iron Defense|p1a: Corviknight
|-boost|p1a: Corviknight|def|2
|
|upkeep
|turn|32
|c|☆fallentitansss|unless you're volt switch
|
|t:|1779592601
|move|p2a: Iron Crown|Focus Blast|p1a: Corviknight
|-damage|p1a: Corviknight|6/100
|move|p1a: Corviknight|Roost|p1a: Corviknight
|-heal|p1a: Corviknight|56/100
|-singleturn|p1a: Corviknight|move: Roost
|
|upkeep
|turn|33
|
|t:|1779592613
|move|p2a: Iron Crown|Calm Mind|p2a: Iron Crown
|-boost|p2a: Iron Crown|spa|1
|-boost|p2a: Iron Crown|spd|1
|move|p1a: Corviknight|Roost|p1a: Corviknight
|-heal|p1a: Corviknight|100/100
|-singleturn|p1a: Corviknight|move: Roost
|
|upkeep
|turn|34
|
|t:|1779592615
|move|p2a: Iron Crown|Focus Blast|p1a: Corviknight|[miss]
|-miss|p2a: Iron Crown|p1a: Corviknight
|move|p1a: Corviknight|Body Press|p2a: Iron Crown
|-damage|p2a: Iron Crown|45/100
|
|upkeep
|turn|35
|
|t:|1779592617
|move|p2a: Iron Crown|Focus Blast|p1a: Corviknight
|-damage|p1a: Corviknight|33/100
|move|p1a: Corviknight|Body Press|p2a: Iron Crown
|-damage|p2a: Iron Crown|0 fnt
|faint|p2a: Iron Crown
|-end|p2a: Iron Crown|Quark Drive|[silent]
|
|upkeep
|
|t:|1779592623
|switch|p2a: Dragapult|Dragapult, F, tera:Fairy|30/100
|turn|36
|
|t:|1779592630
|move|p2a: Dragapult|Hex|p1a: Corviknight
|-damage|p1a: Corviknight|4/100
|move|p1a: Corviknight|Roost|p1a: Corviknight
|-heal|p1a: Corviknight|54/100
|-singleturn|p1a: Corviknight|move: Roost
|
|upkeep
|turn|37
|c|☆fallentitansss|gg
|
|t:|1779592635
|move|p2a: Dragapult|Will-O-Wisp|p1a: Corviknight|[miss]
|-miss|p2a: Dragapult|p1a: Corviknight
|move|p1a: Corviknight|Roost|p1a: Corviknight
|-heal|p1a: Corviknight|100/100
|-singleturn|p1a: Corviknight|move: Roost
|
|upkeep
|turn|38
|
|t:|1779592639
|move|p2a: Dragapult|Will-O-Wisp|p1a: Corviknight|[miss]
|-miss|p2a: Dragapult|p1a: Corviknight
|move|p1a: Corviknight|Body Press|p2a: Dragapult
|-resisted|p2a: Dragapult
|-damage|p2a: Dragapult|0 fnt
|faint|p2a: Dragapult
|
|upkeep
|
|t:|1779592645
|switch|p2a: Ogerpon|Ogerpon-Wellspring, F|37/100
|turn|39
|
|t:|1779592650
|move|p2a: Ogerpon|Ivy Cudgel|p1a: Corviknight|[anim] Ivy Cudgel Water
|-damage|p1a: Corviknight|81/100
|move|p1a: Corviknight|Body Press|p2a: Ogerpon
|-damage|p2a: Ogerpon|0 fnt
|faint|p2a: Ogerpon
|
|upkeep
|
|t:|1779592652
|switch|p2a: Kingambit|Kingambit, F|49/100
|-activate|p2a: Kingambit|ability: Supreme Overlord
|-start|p2a: Kingambit|fallen5|[silent]
|turn|40
|c|☆fallentitansss|you sold by tera
|
|t:|1779592656
|move|p2a: Kingambit|Sucker Punch|p1a: Corviknight
|-damage|p1a: Corviknight|61/100
|-damage|p2a: Kingambit|33/100|[from] item: Rocky Helmet|[of] p1a: Corviknight
|move|p1a: Corviknight|Body Press|p2a: Kingambit
|-supereffective|p2a: Kingambit
|-damage|p2a: Kingambit|0 fnt
|faint|p2a: Kingambit
|-end|p2a: Kingambit|fallen5|[silent]
|
|win|fallentitansss
|raw|fallentitansss's rating: 1274 &rarr; <strong>1297</strong><br />(+23 for winning)
|raw|Hibernight's rating: 1250 &rarr; <strong>1227</strong><br />(-23 for losing)
|l|☆Hibernight
|player|p2|
|l|☆fallentitansss
|player|p1|
