|j|☆timlikerich123
|j|☆Winston'sDad
|t:|1779596385
|gametype|singles
|player|p1|timlikerich123|169|1372
|player|p2|Winston'sDad|unknownf|1310
|gen|9
|tier|[Gen 9] OU
|rated|
|rule|HP Percentage Mod: HP is shown in percentages
|rule|Endless Battle Clause: Forcing endless battles is banned
|rule|Species Clause: Limit one of each Pokémon
|rule|OHKO Clause: OHKO moves are banned
|rule|Evasion Items Clause: Evasion items are banned
|rule|Evasion Moves Clause: Evasion moves are banned
|rule|Evasion Abilities Clause: Evasion abilities are banned
|rule|Sleep Moves Clause: Sleep-inducing moves are banned
|clearpoke
|poke|p1|Ursaluna, M|
|poke|p1|Hatterene, F|
|poke|p1|Grimmsnarl, M|
|poke|p1|Kingambit, M|
|poke|p1|Cinderace, F|
|poke|p1|Cloyster, F|
|poke|p2|Gholdengo|
|poke|p2|Iron Valiant|
|poke|p2|Heatran, M|
|poke|p2|Gliscor, F|
|poke|p2|Zapdos|
|poke|p2|Walking Wake|
|teampreview
|
|t:|1779596400
|teamsize|p1|6
|teamsize|p2|6
|start
|switch|p1a: Cloyster|Cloyster, F|100/100
|switch|p2a: Heatran|Heatran, M|100/100
|turn|1
|
|t:|1779596411
|move|p2a: Heatran|Substitute|p2a: Heatran
|-start|p2a: Heatran|Substitute
|-damage|p2a: Heatran|76/100
|move|p1a: Cloyster|Shell Smash|p1a: Cloyster
|-unboost|p1a: Cloyster|def|1
|-unboost|p1a: Cloyster|spd|1
|-boost|p1a: Cloyster|atk|2
|-boost|p1a: Cloyster|spa|2
|-boost|p1a: Cloyster|spe|2
|
|-heal|p2a: Heatran|82/100|[from] item: Leftovers
|upkeep
|turn|2
|
|t:|1779596421
|move|p1a: Cloyster|Rock Blast|p2a: Heatran
|-activate|p2a: Heatran|move: Substitute|[damage]
|-end|p2a: Heatran|Substitute
|-damage|p2a: Heatran|66/100
|-damage|p2a: Heatran|51/100
|-damage|p2a: Heatran|36/100
|-hitcount|p2a: Heatran|5
|move|p2a: Heatran|Magma Storm|p1a: Cloyster|[miss]
|-miss|p2a: Heatran|p1a: Cloyster
|
|-heal|p2a: Heatran|42/100|[from] item: Leftovers
|upkeep
|turn|3
|
|t:|1779596437
|move|p1a: Cloyster|Razor Shell|p2a: Heatran
|-supereffective|p2a: Heatran
|-damage|p2a: Heatran|0 fnt
|faint|p2a: Heatran
|
|upkeep
|
|t:|1779596445
|switch|p2a: Iron Valiant|Iron Valiant|100/100
|-enditem|p2a: Iron Valiant|Booster Energy
|-activate|p2a: Iron Valiant|ability: Quark Drive|[fromitem]
|-start|p2a: Iron Valiant|quarkdrivespe
|turn|4
|
|t:|1779596450
|move|p2a: Iron Valiant|Destiny Bond|p2a: Iron Valiant
|-singlemove|p2a: Iron Valiant|Destiny Bond
|move|p1a: Cloyster|Icicle Spear|p2a: Iron Valiant
|-damage|p2a: Iron Valiant|71/100
|-damage|p2a: Iron Valiant|44/100
|-damage|p2a: Iron Valiant|14/100
|-damage|p2a: Iron Valiant|0 fnt
|faint|p2a: Iron Valiant
|-activate|p2a: Iron Valiant|move: Destiny Bond
|-end|p2a: Iron Valiant|Quark Drive|[silent]
|faint|p1a: Cloyster
|-hitcount|p2: Iron Valiant|4
|
|upkeep
|
|t:|1779596463
|switch|p2a: Gliscor|Gliscor, F|100/100
|switch|p1a: Grimmsnarl|Grimmsnarl, M|100/100
|turn|5
|
|t:|1779596469
|move|p1a: Grimmsnarl|Taunt|p2a: Gliscor
|-start|p2a: Gliscor|move: Taunt
|cant|p2a: Gliscor|move: Taunt|Toxic
|
|-status|p2a: Gliscor|tox|[from] item: Toxic Orb
|upkeep
|turn|6
|
|t:|1779596476
|move|p1a: Grimmsnarl|Reflect|p1a: Grimmsnarl
|-sidestart|p1: timlikerich123|Reflect
|move|p2a: Gliscor|Earthquake|p1a: Grimmsnarl
|-damage|p1a: Grimmsnarl|87/100
|
|upkeep
|turn|7
|
|t:|1779596483
|switch|p2a: Gholdengo|Gholdengo|100/100
|-item|p2a: Gholdengo|Air Balloon
|move|p1a: Grimmsnarl|Light Screen|p1a: Grimmsnarl
|-sidestart|p1: timlikerich123|move: Light Screen
|
|upkeep
|turn|8
|
|t:|1779596490
|move|p1a: Grimmsnarl|Taunt|p2a: Gholdengo
|-immune|p2a: Gholdengo|[from] ability: Good as Gold
|move|p2a: Gholdengo|Nasty Plot|p2a: Gholdengo
|-boost|p2a: Gholdengo|spa|2
|
|upkeep
|turn|9
|
|t:|1779596498
|switch|p1a: Cinderace|Cinderace, F|100/100
|move|p2a: Gholdengo|Make It Rain|p1a: Cinderace
|-resisted|p1a: Cinderace
|-damage|p1a: Cinderace|54/100
|-unboost|p2a: Gholdengo|spa|1
|
|upkeep
|turn|10
|
|t:|1779596507
|-terastallize|p2a: Gholdengo|Fairy
|move|p1a: Cinderace|Pyro Ball|p2a: Gholdengo
|-crit|p2a: Gholdengo
|-damage|p2a: Gholdengo|6/100
|-enditem|p2a: Gholdengo|Air Balloon
|move|p2a: Gholdengo|Shadow Ball|p1a: Cinderace
|-damage|p1a: Cinderace|10/100
|
|upkeep
|turn|11
|-message|Winston'sDad forfeited.
|
|win|timlikerich123
|raw|timlikerich123's rating: 1372 &rarr; <strong>1388</strong><br />(+16 for winning)
|raw|Winston&apos;sDad's rating: 1310 &rarr; <strong>1294</strong><br />(-16 for losing)
|l|☆Winston'sDad
|player|p2|
|l|☆timlikerich123
|player|p1|
