|j|☆immaterial-light
|j|☆Shinydragonzord6
|t:|1779564379
|gametype|singles
|player|p1|immaterial-light|2|1401
|player|p2|Shinydragonzord6|byron|1433
|gen|9
|tier|[Gen 9] OU
|rated|
|rule|HP Percentage Mod: HP is shown in percentages
|rule|Endless Battle Clause: Forcing endless battles is banned
|rule|Species Clause: Limit one of each Pokémon
|rule|OHKO Clause: OHKO moves are banned
|rule|Evasion Items Clause: Evasion items are banned
|rule|Evasion Moves Clause: Evasion moves are banned
|rule|Evasion Abilities Clause: Evasion abilities are banned
|rule|Sleep Moves Clause: Sleep-inducing moves are banned
|clearpoke
|poke|p1|Cresselia, F|
|poke|p1|Hatterene, F|
|poke|p1|Mimikyu, F|
|poke|p1|Ursaluna, F|
|poke|p1|Iron Hands|
|poke|p1|Exeggutor-Alola, F|
|poke|p2|Zamazenta-*|
|poke|p2|Raging Bolt|
|poke|p2|Gholdengo|
|poke|p2|Kyurem|
|poke|p2|Ogerpon-Wellspring, F|
|poke|p2|Hatterene, F|
|teampreview
|inactive|Battle timer is ON: inactive players will automatically lose when time's up. (requested by immaterial-light)
|
|t:|1779564383
|teamsize|p1|6
|teamsize|p2|6
|start
|switch|p1a: Hatterene|Hatterene, F|100/100
|switch|p2a: Zamazenta|Zamazenta|100/100
|-ability|p2a: Zamazenta|Dauntless Shield|boost
|-boost|p2a: Zamazenta|def|1
|turn|1
|
|t:|1779564390
|move|p2a: Zamazenta|Light Screen|p2a: Zamazenta
|-sidestart|p2: Shinydragonzord6|move: Light Screen
|move|p1a: Hatterene|Trick Room|p1a: Hatterene
|-fieldstart|move: Trick Room|[of] p1a: Hatterene
|
|upkeep
|turn|2
|
|t:|1779564411
|move|p1a: Hatterene|Dazzling Gleam|p2a: Zamazenta
|-supereffective|p2a: Zamazenta
|-crit|p2a: Zamazenta
|-damage|p2a: Zamazenta|0 fnt
|faint|p2a: Zamazenta
|
|upkeep
|
|t:|1779564420
|switch|p2a: Raging Bolt|Raging Bolt|100/100
|-enditem|p2a: Raging Bolt|Booster Energy
|-activate|p2a: Raging Bolt|ability: Protosynthesis|[fromitem]
|-start|p2a: Raging Bolt|protosynthesisspa
|turn|3
|
|t:|1779564428
|move|p1a: Hatterene|Healing Wish|p1a: Hatterene
|faint|p1a: Hatterene
|move|p2a: Raging Bolt|Calm Mind|p2a: Raging Bolt
|-boost|p2a: Raging Bolt|spa|1
|-boost|p2a: Raging Bolt|spd|1
|
|upkeep
|
|t:|1779564432
|switch|p1a: Ursaluna|Ursaluna, F|100/100
|turn|4
|
|t:|1779564445
|move|p1a: Ursaluna|Headlong Rush|p2a: Raging Bolt
|-supereffective|p2a: Raging Bolt
|-damage|p2a: Raging Bolt|0 fnt
|-unboost|p1a: Ursaluna|def|1
|-unboost|p1a: Ursaluna|spd|1
|faint|p2a: Raging Bolt
|-end|p2a: Raging Bolt|Protosynthesis|[silent]
|
|-status|p1a: Ursaluna|brn|[from] item: Flame Orb
|upkeep
|
|t:|1779564458
|switch|p2a: Kyurem|Kyurem, shiny|100/100
|-ability|p2a: Kyurem|Pressure
|turn|5
|
|t:|1779564463
|-terastallize|p1a: Ursaluna|Normal
|move|p1a: Ursaluna|Facade|p2a: Kyurem
|-damage|p2a: Kyurem|0 fnt
|faint|p2a: Kyurem
|
|-damage|p1a: Ursaluna|94/100 brn|[from] brn
|-fieldend|move: Trick Room
|upkeep
|
|t:|1779564472
|switch|p2a: Ogerpon|Ogerpon-Wellspring, F|100/100
|turn|6
|
|t:|1779564478
|switch|p1a: Mimikyu|Mimikyu, F|100/100
|-terastallize|p2a: Ogerpon|Water
|detailschange|p2a: Ogerpon|Ogerpon-Wellspring-Tera, F, tera:Water
|-ability|p2a: Ogerpon|Embody Aspect (Wellspring)|boost
|-boost|p2a: Ogerpon|spd|1
|move|p2a: Ogerpon|Swords Dance|p2a: Ogerpon
|-boost|p2a: Ogerpon|atk|2
|
|upkeep
|turn|7
|
|t:|1779564488
|move|p2a: Ogerpon|Trailblaze|p1a: Mimikyu
|-activate|p1a: Mimikyu|ability: Disguise
|-damage|p1a: Mimikyu|100/100
|-boost|p2a: Ogerpon|spe|1
|detailschange|p1a: Mimikyu|Mimikyu-Busted, F
|-damage|p1a: Mimikyu|88/100|[from] pokemon: Mimikyu-Busted
|-enditem|p1a: Mimikyu|Red Card|[of] p2a: Ogerpon
|drag|p2a: Gholdengo|Gholdengo, shiny|100/100
|move|p1a: Mimikyu|Trick Room|p1a: Mimikyu
|-fieldstart|move: Trick Room|[of] p1a: Mimikyu
|
|upkeep
|turn|8
|
|t:|1779564500
|move|p1a: Mimikyu|Curse|p2a: Gholdengo
|-immune|p2a: Gholdengo|[from] ability: Good as Gold
|move|p2a: Gholdengo|Nasty Plot|p2a: Gholdengo
|-boost|p2a: Gholdengo|spa|2
|
|-sideend|p2: Shinydragonzord6|move: Light Screen
|upkeep
|turn|9
|
|t:|1779564511
|move|p1a: Mimikyu|Destiny Bond|p1a: Mimikyu
|-singlemove|p1a: Mimikyu|Destiny Bond
|move|p2a: Gholdengo|Shadow Ball|p1a: Mimikyu
|-supereffective|p1a: Mimikyu
|-damage|p1a: Mimikyu|0 fnt
|faint|p1a: Mimikyu
|-activate|p1a: Mimikyu|move: Destiny Bond
|faint|p2a: Gholdengo
|
|upkeep
|
|t:|1779564532
|switch|p1a: Exeggutor|Exeggutor-Alola, F|100/100
|switch|p2a: Hatterene|Hatterene, F|100/100
|turn|10
|
|t:|1779564556
|move|p1a: Exeggutor|Flamethrower|p2a: Hatterene
|-damage|p2a: Hatterene|67/100
|move|p2a: Hatterene|Calm Mind|p2a: Hatterene
|-boost|p2a: Hatterene|spa|1
|-boost|p2a: Hatterene|spd|1
|
|-heal|p2a: Hatterene|73/100|[from] item: Leftovers
|upkeep
|turn|11
|
|t:|1779564570
|switch|p1a: Cresselia|Cresselia, F|100/100
|move|p2a: Hatterene|Draining Kiss|p1a: Cresselia
|-damage|p1a: Cresselia|70/100
|-heal|p2a: Hatterene|100/100|[from] drain|[of] p1a: Cresselia
|
|-fieldend|move: Trick Room
|upkeep
|turn|12
|
|t:|1779564580
|move|p2a: Hatterene|Calm Mind|p2a: Hatterene
|-boost|p2a: Hatterene|spa|1
|-boost|p2a: Hatterene|spd|1
|move|p1a: Cresselia|Trick Room|p1a: Cresselia
|-fieldstart|move: Trick Room|[of] p1a: Cresselia
|
|upkeep
|turn|13
|
|t:|1779564586
|move|p2a: Hatterene|Calm Mind|p2a: Hatterene
|-boost|p2a: Hatterene|spa|1
|-boost|p2a: Hatterene|spd|1
|move|p1a: Cresselia|Lunar Dance|p1a: Cresselia
|faint|p1a: Cresselia
|
|upkeep
|
|t:|1779564590
|switch|p1a: Ursaluna|Ursaluna, F, tera:Normal|94/100 brn
|-heal|p1a: Ursaluna|100/100|[from] move: Healing Wish
|-heal|p1a: Ursaluna|100/100|[from] move: Lunar Dance
|turn|14
|
|t:|1779564598
|move|p2a: Hatterene|Draining Kiss|p1a: Ursaluna
|-damage|p1a: Ursaluna|37/100
|move|p1a: Ursaluna|Swords Dance|p1a: Ursaluna
|-boost|p1a: Ursaluna|atk|2
|
|-status|p1a: Ursaluna|brn|[from] item: Flame Orb
|upkeep
|turn|15
|-message|immaterial-light forfeited.
|
|win|Shinydragonzord6
|raw|immaterial-light's rating: 1377 &rarr; <strong>1360</strong><br />(-17 for losing)
|raw|Shinydragonzord6's rating: 1433 &rarr; <strong>1450</strong><br />(+17 for winning)
|l|☆immaterial-light
|player|p1|
