|j|☆R0cK Bottom
|j|☆MiaTaylor612
|t:|1779684173
|gametype|singles
|player|p1|R0cK Bottom|cliff|1408
|player|p2|MiaTaylor612|idol|1415
|gen|9
|tier|[Gen 9] OU
|rated|
|rule|HP Percentage Mod: HP is shown in percentages
|rule|Endless Battle Clause: Forcing endless battles is banned
|rule|Species Clause: Limit one of each Pokémon
|rule|OHKO Clause: OHKO moves are banned
|rule|Evasion Items Clause: Evasion items are banned
|rule|Evasion Moves Clause: Evasion moves are banned
|rule|Evasion Abilities Clause: Evasion abilities are banned
|rule|Sleep Moves Clause: Sleep-inducing moves are banned
|clearpoke
|poke|p1|Iron Valiant|
|poke|p1|Dragonite, M|
|poke|p1|Gholdengo|
|poke|p1|Darkrai|
|poke|p1|Excadrill, M|
|poke|p1|Ogerpon-Wellspring, F|
|poke|p2|Ogerpon, F|
|poke|p2|Alomomola, M|
|poke|p2|Great Tusk|
|poke|p2|Landorus-Therian, M|
|poke|p2|Iron Crown|
|poke|p2|Enamorus, F|
|teampreview
|inactive|Battle timer is ON: inactive players will automatically lose when time's up. (requested by MiaTaylor612)
|j| testingrainteam1
|
|t:|1779684186
|teamsize|p1|6
|teamsize|p2|6
|start
|switch|p1a: Darkrai|Darkrai, shiny|100/100
|switch|p2a: Ogerpon|Ogerpon, F|100/100
|turn|1
|
|t:|1779684195
|switch|p2a: Alomomola|Alomomola, M|100/100
|move|p1a: Darkrai|Sludge Bomb|p2a: Alomomola
|-damage|p2a: Alomomola|81/100
|-damage|p1a: Darkrai|91/100|[from] item: Life Orb
|
|upkeep
|turn|2
|
|t:|1779684206
|switch|p1a: Ogerpon|Ogerpon-Wellspring, F|100/100
|move|p2a: Alomomola|Body Slam|p1a: Ogerpon
|-damage|p1a: Ogerpon|81/100
|-status|p1a: Ogerpon|par
|
|upkeep
|turn|3
|
|t:|1779684214
|switch|p2a: Ogerpon|Ogerpon, F|100/100
|move|p1a: Ogerpon|U-turn|p2a: Ogerpon
|-supereffective|p2a: Ogerpon
|-damage|p2a: Ogerpon|25/100
|l| testingrainteam1
|
|t:|1779684227
|switch|p1a: Dragonite|Dragonite, M, shiny|100/100|[from] U-turn
|
|upkeep
|turn|4
|
|t:|1779684235
|switch|p2a: Landorus|Landorus-Therian, M|100/100
|-ability|p2a: Landorus|Intimidate|boost
|-unboost|p1a: Dragonite|atk|1
|move|p1a: Dragonite|Dragon Dance|p1a: Dragonite
|-boost|p1a: Dragonite|atk|1
|-boost|p1a: Dragonite|spe|1
|
|upkeep
|turn|5
|
|t:|1779684243
|move|p1a: Dragonite|Ice Spinner|p2a: Landorus
|-supereffective|p2a: Landorus
|-damage|p2a: Landorus|0 fnt
|-damage|p1a: Dragonite|84/100|[from] item: Rocky Helmet|[of] p2a: Landorus
|faint|p2a: Landorus
|
|upkeep
|
|t:|1779684249
|switch|p2a: Great Tusk|Great Tusk|100/100
|turn|6
|inactive|R0cK Bottom has 120 seconds left.
|
|t:|1779684280
|switch|p1a: Ogerpon|Ogerpon-Wellspring, F|81/100 par
|move|p2a: Great Tusk|Ice Spinner|p1a: Ogerpon
|-damage|p1a: Ogerpon|43/100 par
|
|upkeep
|turn|7
|inactive|MiaTaylor612 has 120 seconds left.
|
|t:|1779684313
|move|p2a: Great Tusk|Close Combat|p1a: Ogerpon
|-damage|p1a: Ogerpon|0 fnt
|-unboost|p2a: Great Tusk|def|1
|-unboost|p2a: Great Tusk|spd|1
|faint|p1a: Ogerpon
|
|upkeep
|inactive|R0cK Bottom has 120 seconds left.
|l|☆R0cK Bottom
|inactive|R0cK Bottom disconnected and has a minute to reconnect!
|player|p1|
|inactive|R0cK Bottom has 30 seconds to reconnect!
|inactive|R0cK Bottom has 20 seconds to reconnect!
|j|☆R0cK Bottom
|inactive|R0cK Bottom reconnected and has 75 seconds left.
|player|p1|R0cK Bottom|cliff|
|inactive|R0cK Bottom has 60 seconds left.
|
|t:|1779684386
|switch|p1a: Gholdengo|Gholdengo, shiny|100/100
|-item|p1a: Gholdengo|Air Balloon
|turn|8
|
|t:|1779684392
|-end|p2a: Great Tusk|Protosynthesis|[silent]
|switch|p2a: Alomomola|Alomomola, M|100/100
|move|p1a: Gholdengo|Nasty Plot|p1a: Gholdengo
|-boost|p1a: Gholdengo|spa|2
|
|upkeep
|turn|9
|
|t:|1779684399
|move|p1a: Gholdengo|Shadow Ball|p2a: Alomomola
|-damage|p2a: Alomomola|57/100
|move|p2a: Alomomola|Flip Turn|p1a: Gholdengo
|-damage|p1a: Gholdengo|82/100
|-enditem|p1a: Gholdengo|Air Balloon
|
|t:|1779684406
|switch|p2a: Enamorus|Enamorus, F|100/100|[from] Flip Turn
|
|upkeep
|turn|10
|
|t:|1779684411
|switch|p1a: Dragonite|Dragonite, M, shiny|84/100
|move|p2a: Enamorus|Earth Power|p1a: Dragonite
|-immune|p1a: Dragonite
|
|upkeep
|turn|11
|inactive|R0cK Bottom has 90 seconds left.
|
|t:|1779684418
|switch|p2a: Great Tusk|Great Tusk|100/100
|move|p1a: Dragonite|Dragon Dance|p1a: Dragonite
|-boost|p1a: Dragonite|atk|1
|-boost|p1a: Dragonite|spe|1
|
|upkeep
|turn|12
|
|t:|1779684426
|-terastallize|p1a: Dragonite|Normal
|move|p1a: Dragonite|Ice Spinner|p2a: Great Tusk
|-supereffective|p2a: Great Tusk
|-damage|p2a: Great Tusk|38/100
|move|p2a: Great Tusk|Ice Spinner|p1a: Dragonite
|-damage|p1a: Dragonite|50/100
|
|upkeep
|turn|13
|
|t:|1779684435
|-end|p2a: Great Tusk|Protosynthesis|[silent]
|switch|p2a: Alomomola|Alomomola, M|91/100
|move|p1a: Dragonite|Ice Spinner|p2a: Alomomola
|-resisted|p2a: Alomomola
|-damage|p2a: Alomomola|74/100
|
|upkeep
|turn|14
|
|t:|1779684441
|move|p1a: Dragonite|Earthquake|p2a: Alomomola
|-damage|p2a: Alomomola|36/100
|move|p2a: Alomomola|Flip Turn|p1a: Dragonite
|-damage|p1a: Dragonite|31/100
|
|t:|1779684448
|switch|p2a: Iron Crown|Iron Crown|100/100|[from] Flip Turn
|
|upkeep
|turn|15
|
|t:|1779684452
|-end|p2a: Iron Crown|Quark Drive|[silent]
|switch|p2a: Enamorus|Enamorus, F|100/100
|move|p1a: Dragonite|Earthquake|p2a: Enamorus
|-immune|p2a: Enamorus
|
|upkeep
|turn|16
|
|t:|1779684459
|switch|p2a: Ogerpon|Ogerpon, F|25/100
|move|p1a: Dragonite|Ice Spinner|p2a: Ogerpon
|-supereffective|p2a: Ogerpon
|-damage|p2a: Ogerpon|0 fnt
|faint|p2a: Ogerpon
|
|upkeep
|
|t:|1779684462
|switch|p2a: Alomomola|Alomomola, M|69/100
|turn|17
|
|t:|1779684469
|move|p1a: Dragonite|Earthquake|p2a: Alomomola
|-damage|p2a: Alomomola|25/100
|move|p2a: Alomomola|Body Slam|p1a: Dragonite
|-damage|p1a: Dragonite|13/100
|
|upkeep
|turn|18
|
|t:|1779684477
|switch|p2a: Iron Crown|Iron Crown|100/100
|move|p1a: Dragonite|Extreme Speed|p2a: Iron Crown
|-resisted|p2a: Iron Crown
|-damage|p2a: Iron Crown|65/100
|
|upkeep
|turn|19
|
|t:|1779684485
|move|p1a: Dragonite|Earthquake|p2a: Iron Crown
|-supereffective|p2a: Iron Crown
|-damage|p2a: Iron Crown|0 fnt
|faint|p2a: Iron Crown
|-end|p2a: Iron Crown|Quark Drive|[silent]
|
|upkeep
|
|t:|1779684488
|switch|p2a: Alomomola|Alomomola, M|58/100
|turn|20
|
|t:|1779684494
|move|p1a: Dragonite|Earthquake|p2a: Alomomola
|-damage|p2a: Alomomola|20/100
|move|p2a: Alomomola|Flip Turn|p1a: Dragonite
|-damage|p1a: Dragonite|0 fnt
|faint|p1a: Dragonite
|
|t:|1779684499
|switch|p2a: Enamorus|Enamorus, F|100/100|[from] Flip Turn
|
|upkeep
|
|t:|1779684506
|switch|p1a: Excadrill|Excadrill, M, shiny|100/100
|turn|21
|
|t:|1779684514
|-terastallize|p2a: Enamorus|Ground
|move|p2a: Enamorus|Earth Power|p1a: Excadrill
|-supereffective|p1a: Excadrill
|-enditem|p1a: Excadrill|Focus Sash
|-damage|p1a: Excadrill|1/100
|move|p1a: Excadrill|Rapid Spin|p2a: Enamorus
|-damage|p2a: Enamorus|72/100
|-boost|p1a: Excadrill|spe|1
|
|upkeep
|turn|22
|
|t:|1779684525
|move|p2a: Enamorus|Earth Power|p1a: Excadrill
|-supereffective|p1a: Excadrill
|-damage|p1a: Excadrill|0 fnt
|faint|p1a: Excadrill
|
|upkeep
|
|t:|1779684546
|switch|p1a: Darkrai|Darkrai, shiny|91/100
|turn|23
|
|t:|1779684562
|switch|p2a: Alomomola|Alomomola, M|53/100
|move|p1a: Darkrai|Dark Pulse|p2a: Alomomola
|-damage|p2a: Alomomola|29/100
|-damage|p1a: Darkrai|81/100|[from] item: Life Orb
|
|upkeep
|turn|24
|
|t:|1779684573
|move|p1a: Darkrai|Dark Pulse|p2a: Alomomola
|-damage|p2a: Alomomola|2/100
|-damage|p1a: Darkrai|71/100|[from] item: Life Orb
|move|p2a: Alomomola|Flip Turn|p1a: Darkrai
|-damage|p1a: Darkrai|47/100
|
|t:|1779684579
|switch|p2a: Enamorus|Enamorus, F, tera:Ground|72/100|[from] Flip Turn
|
|upkeep
|turn|25
|
|t:|1779684584
|switch|p1a: Gholdengo|Gholdengo, shiny|82/100
|move|p2a: Enamorus|Earth Power|p1a: Gholdengo
|-supereffective|p1a: Gholdengo
|-damage|p1a: Gholdengo|0 fnt
|faint|p1a: Gholdengo
|
|upkeep
|
|t:|1779684592
|switch|p1a: Iron Valiant|Iron Valiant, shiny|100/100
|-enditem|p1a: Iron Valiant|Booster Energy
|-activate|p1a: Iron Valiant|ability: Quark Drive|[fromitem]
|-start|p1a: Iron Valiant|quarkdrivespe
|turn|26
|
|t:|1779684601
|move|p1a: Iron Valiant|Moonblast|p2a: Enamorus
|-damage|p2a: Enamorus|12/100
|-boost|p2a: Enamorus|spa|1
|move|p2a: Enamorus|Earth Power|p1a: Iron Valiant
|-damage|p1a: Iron Valiant|0 fnt
|faint|p1a: Iron Valiant
|-end|p1a: Iron Valiant|Quark Drive|[silent]
|
|upkeep
|
|t:|1779684610
|switch|p1a: Darkrai|Darkrai, shiny|47/100
|turn|27
|c|☆MiaTaylor612|oh
|
|t:|1779684614
|move|p1a: Darkrai|Sucker Punch|p2a: Enamorus
|-damage|p2a: Enamorus|0 fnt
|faint|p2a: Enamorus
|-damage|p1a: Darkrai|37/100|[from] item: Life Orb
|
|upkeep
|
|t:|1779684617
|switch|p2a: Alomomola|Alomomola, M|36/100
|turn|28
|
|t:|1779684622
|switch|p2a: Great Tusk|Great Tusk|38/100
|move|p1a: Darkrai|Dark Pulse|p2a: Great Tusk
|-resisted|p2a: Great Tusk
|-damage|p2a: Great Tusk|0 fnt
|faint|p2a: Great Tusk
|-end|p2a: Great Tusk|Protosynthesis|[silent]
|-damage|p1a: Darkrai|27/100|[from] item: Life Orb
|
|upkeep
|
|t:|1779684627
|switch|p2a: Alomomola|Alomomola, M|69/100
|turn|29
|
|t:|1779684633
|move|p1a: Darkrai|Dark Pulse|p2a: Alomomola
|-damage|p2a: Alomomola|43/100
|-damage|p1a: Darkrai|17/100|[from] item: Life Orb
|move|p2a: Alomomola|Play Rough|p1a: Darkrai
|-supereffective|p1a: Darkrai
|-damage|p1a: Darkrai|0 fnt
|faint|p1a: Darkrai
|
|win|MiaTaylor612
|raw|R0cK Bottom's rating: 1408 &rarr; <strong>1388</strong><br />(-20 for losing)
|raw|MiaTaylor612's rating: 1415 &rarr; <strong>1435</strong><br />(+20 for winning)
|l|☆R0cK Bottom
|player|p1|
|j|☆R0cK Bottom
|player|p1|R0cK Bottom|cliff|
|l|☆R0cK Bottom
|player|p1|
|l|☆MiaTaylor612
|player|p2|
