|j|☆pixel_dragon9
|j|☆Royoman
|t:|1779620031
|gametype|singles
|player|p1|pixel_dragon9|170|1269
|player|p2|Royoman|blackbelt-gen4dp|1285
|gen|9
|tier|[Gen 9] OU
|rated|
|rule|HP Percentage Mod: HP is shown in percentages
|rule|Endless Battle Clause: Forcing endless battles is banned
|rule|Species Clause: Limit one of each Pokémon
|rule|OHKO Clause: OHKO moves are banned
|rule|Evasion Items Clause: Evasion items are banned
|rule|Evasion Moves Clause: Evasion moves are banned
|rule|Evasion Abilities Clause: Evasion abilities are banned
|rule|Sleep Moves Clause: Sleep-inducing moves are banned
|clearpoke
|poke|p1|Talonflame, M|
|poke|p1|Iron Valiant|
|poke|p1|Raging Bolt|
|poke|p1|Great Tusk|
|poke|p1|Hatterene, F|
|poke|p1|Ogerpon-Wellspring, F|
|poke|p2|Alomomola, F|
|poke|p2|Tornadus-Therian, M|
|poke|p2|Cinderace, M|
|poke|p2|Great Tusk|
|poke|p2|Torkoal, F|
|poke|p2|Walking Wake|
|teampreview
|inactive|Battle timer is ON: inactive players will automatically lose when time's up. (requested by pixel_dragon9)
|
|t:|1779620038
|teamsize|p1|6
|teamsize|p2|6
|start
|switch|p1a: Talonflame|Talonflame, M|100/100
|switch|p2a: Torkoal|Torkoal, F|100/100
|-weather|SunnyDay|[from] ability: Drought|[of] p2a: Torkoal
|turn|1
|
|t:|1779620043
|move|p1a: Talonflame|U-turn|p2a: Torkoal
|-resisted|p2a: Torkoal
|-damage|p2a: Torkoal|91/100
|
|t:|1779620048
|switch|p1a: Raging Bolt|Raging Bolt|100/100|[from] U-turn
|-activate|p1a: Raging Bolt|ability: Protosynthesis
|-start|p1a: Raging Bolt|protosynthesisspa
|move|p2a: Torkoal|Stealth Rock|p1a: Raging Bolt
|-sidestart|p1: pixel_dragon9|move: Stealth Rock
|
|-weather|SunnyDay|[upkeep]
|upkeep
|turn|2
|
|t:|1779620056
|switch|p2a: Walking Wake|Walking Wake|100/100
|-activate|p2a: Walking Wake|ability: Protosynthesis
|-start|p2a: Walking Wake|protosynthesisspa
|move|p1a: Raging Bolt|Draco Meteor|p2a: Walking Wake
|-supereffective|p2a: Walking Wake
|-damage|p2a: Walking Wake|0 fnt
|-unboost|p1a: Raging Bolt|spa|2
|faint|p2a: Walking Wake
|-end|p2a: Walking Wake|Protosynthesis|[silent]
|
|-weather|SunnyDay|[upkeep]
|upkeep
|
|t:|1779620071
|switch|p2a: Cinderace|Cinderace, M|100/100
|turn|3
|
|t:|1779620076
|move|p2a: Cinderace|Hyper Beam|p1a: Raging Bolt
|-start|p2a: Cinderace|typechange|Normal|[from] ability: Libero
|-damage|p1a: Raging Bolt|55/100
|-mustrecharge|p2a: Cinderace
|move|p1a: Raging Bolt|Volt Switch|p2a: Cinderace
|-damage|p2a: Cinderace|61/100
|
|t:|1779620081
|-end|p1a: Raging Bolt|Protosynthesis|[silent]
|switch|p1a: Great Tusk|Great Tusk|100/100|[from] Volt Switch
|-activate|p1a: Great Tusk|ability: Protosynthesis
|-start|p1a: Great Tusk|protosynthesisatk
|
|-weather|SunnyDay|[upkeep]
|upkeep
|turn|4
|
|t:|1779620084
|cant|p2a: Cinderace|recharge
|move|p1a: Great Tusk|Rapid Spin|p2a: Cinderace
|-damage|p2a: Cinderace|28/100
|-boost|p1a: Great Tusk|spe|1
|-sideend|p1: pixel_dragon9|Stealth Rock|[from] move: Rapid Spin|[of] p1a: Great Tusk
|
|-weather|SunnyDay|[upkeep]
|upkeep
|turn|5
|
|t:|1779620091
|switch|p2a: Alomomola|Alomomola, F|100/100
|move|p1a: Great Tusk|Ice Spinner|p2a: Alomomola
|-resisted|p2a: Alomomola
|-damage|p2a: Alomomola|87/100
|
|-weather|SunnyDay|[upkeep]
|upkeep
|turn|6
|
|t:|1779620097
|-end|p1a: Great Tusk|Protosynthesis|[silent]
|switch|p1a: Hatterene|Hatterene, F|100/100
|move|p2a: Alomomola|Scald|p1a: Hatterene
|-damage|p1a: Hatterene|94/100
|-enditem|p1a: Hatterene|Eject Button
|
|t:|1779620102
|switch|p1a: Raging Bolt|Raging Bolt|55/100
|-activate|p1a: Raging Bolt|ability: Protosynthesis
|-start|p1a: Raging Bolt|protosynthesisspa
|
|-weather|SunnyDay|[upkeep]
|upkeep
|turn|7
|
|t:|1779620106
|move|p1a: Raging Bolt|Volt Switch|p2a: Alomomola
|-supereffective|p2a: Alomomola
|-damage|p2a: Alomomola|38/100
|
|t:|1779620110
|-end|p1a: Raging Bolt|Protosynthesis|[silent]
|switch|p1a: Hatterene|Hatterene, F|94/100|[from] Volt Switch
|move|p2a: Alomomola|Mirror Coat|p1a: Hatterene
|-damage|p1a: Hatterene|0 fnt
|faint|p1a: Hatterene
|
|-weather|SunnyDay|[upkeep]
|upkeep
|
|t:|1779620112
|switch|p1a: Raging Bolt|Raging Bolt|55/100
|-activate|p1a: Raging Bolt|ability: Protosynthesis
|-start|p1a: Raging Bolt|protosynthesisspa
|turn|8
|
|t:|1779620116
|switch|p2a: Torkoal|Torkoal, F|91/100
|move|p1a: Raging Bolt|Dragon Pulse|p2a: Torkoal
|-damage|p2a: Torkoal|33/100
|
|-weather|none
|-end|p1a: Raging Bolt|Protosynthesis
|upkeep
|turn|9
|
|t:|1779620121
|move|p1a: Raging Bolt|Dragon Pulse|p2a: Torkoal
|-damage|p2a: Torkoal|0 fnt
|faint|p2a: Torkoal
|
|upkeep
|
|t:|1779620124
|switch|p2a: Great Tusk|Great Tusk|100/100
|turn|10
|
|t:|1779620128
|-end|p2a: Great Tusk|Protosynthesis|[silent]
|switch|p2a: Alomomola|Alomomola, F|71/100
|-end|p1a: Raging Bolt|Protosynthesis|[silent]
|switch|p1a: Ogerpon|Ogerpon-Wellspring, F|100/100
|
|upkeep
|turn|11
|
|t:|1779620132
|switch|p2a: Tornadus|Tornadus-Therian, M|100/100
|move|p1a: Ogerpon|Power Whip|p2a: Tornadus|[miss]
|-miss|p1a: Ogerpon|p2a: Tornadus
|
|upkeep
|turn|12
|
|t:|1779620148
|-terastallize|p1a: Ogerpon|Water
|detailschange|p1a: Ogerpon|Ogerpon-Wellspring-Tera, F, tera:Water
|-ability|p1a: Ogerpon|Embody Aspect (Wellspring)|boost
|-boost|p1a: Ogerpon|spd|1
|move|p2a: Tornadus|U-turn|p1a: Ogerpon
|-crit|p1a: Ogerpon
|-damage|p1a: Ogerpon|72/100
|
|t:|1779620173
|switch|p2a: Alomomola|Alomomola, F|100/100|[from] U-turn
|move|p1a: Ogerpon|Ivy Cudgel|p2a: Alomomola|[anim] Ivy Cudgel Water
|-resisted|p2a: Alomomola
|-damage|p2a: Alomomola|71/100
|
|upkeep
|turn|13
|
|t:|1779620177
|switch|p2a: Tornadus|Tornadus-Therian, M|100/100
|move|p1a: Ogerpon|Power Whip|p2a: Tornadus
|-resisted|p2a: Tornadus
|-damage|p2a: Tornadus|63/100
|
|upkeep
|turn|14
|
|t:|1779620183
|move|p2a: Tornadus|Bleakwind Storm|p1a: Ogerpon
|-damage|p1a: Ogerpon|45/100
|move|p1a: Ogerpon|Ivy Cudgel|p2a: Tornadus|[anim] Ivy Cudgel Water
|-damage|p2a: Tornadus|0 fnt
|faint|p2a: Tornadus
|
|upkeep
|
|t:|1779620191
|switch|p2a: Alomomola|Alomomola, F|100/100
|turn|15
|
|t:|1779620196
|move|p1a: Ogerpon|Power Whip|p2a: Alomomola
|-supereffective|p2a: Alomomola
|-damage|p2a: Alomomola|0 fnt
|faint|p2a: Alomomola
|
|upkeep
|-message|Royoman forfeited.
|
|win|pixel_dragon9
|raw|pixel_dragon9's rating: 1269 &rarr; <strong>1295</strong><br />(+26 for winning)
|raw|Royoman's rating: 1285 &rarr; <strong>1259</strong><br />(-26 for losing)
|l|☆Royoman
|player|p2|
