|j|☆slitherwing ily ><
|j|‽daytime_lunar
|t:|1779660964
|gametype|singles
|player|p1|slitherwing ily ><|iono-masters|1735
|player|p2|daytime_lunar|wattson|1675
|gen|9
|tier|[Gen 9] OU
|rated|
|rule|HP Percentage Mod: HP is shown in percentages
|rule|Endless Battle Clause: Forcing endless battles is banned
|rule|Species Clause: Limit one of each Pokémon
|rule|OHKO Clause: OHKO moves are banned
|rule|Evasion Items Clause: Evasion items are banned
|rule|Evasion Moves Clause: Evasion moves are banned
|rule|Evasion Abilities Clause: Evasion abilities are banned
|rule|Sleep Moves Clause: Sleep-inducing moves are banned
|clearpoke
|poke|p1|Kyurem|
|poke|p1|Cinderace, F|
|poke|p1|Gholdengo|
|poke|p1|Primarina, M|
|poke|p1|Dragonite, F|
|poke|p1|Great Tusk|
|poke|p2|Tinkaton, F|
|poke|p2|Raging Bolt|
|poke|p2|Ogerpon, F|
|poke|p2|Moltres|
|poke|p2|Great Tusk|
|poke|p2|Pecharunt|
|teampreview
|inactive|Battle timer is ON: inactive players will automatically lose when time's up. (requested by daytime_lunar)
|j| nesnot
|
|t:|1779660990
|teamsize|p1|6
|teamsize|p2|6
|start
|switch|p1a: A|Cinderace, F|100/100
|switch|p2a: Raging Bolt|Raging Bolt|100/100
|turn|1
|inactive|slitherwing ily >< has 120 seconds left.
|
|t:|1779661025
|move|p1a: A|U-turn|p2a: Raging Bolt
|-start|p1a: A|typechange|Bug|[from] ability: Libero
|-damage|p2a: Raging Bolt|54/100
|
|t:|1779661030
|switch|p1a: Primarina|Primarina, M|100/100|[from] U-turn
|move|p2a: Raging Bolt|Thunderbolt|p1a: Primarina
|-supereffective|p1a: Primarina
|-damage|p1a: Primarina|36/100
|
|upkeep
|turn|2
|
|t:|1779661035
|switch|p1a: Nah I'd Spin|Great Tusk|100/100
|move|p2a: Raging Bolt|Volt Switch|p1a: Nah I'd Spin
|-immune|p1a: Nah I'd Spin
|
|upkeep
|turn|3
|
|t:|1779661064
|-end|p2a: Raging Bolt|Protosynthesis|[silent]
|switch|p2a: Tinkaton|Tinkaton, F|100/100
|-item|p2a: Tinkaton|Air Balloon
|move|p1a: Nah I'd Spin|Stealth Rock|p2a: Tinkaton
|-sidestart|p2: daytime_lunar|move: Stealth Rock
|
|upkeep
|turn|4
|
|t:|1779661079
|-end|p1a: Nah I'd Spin|Protosynthesis|[silent]
|switch|p1a: A|Cinderace, F|100/100
|move|p2a: Tinkaton|Gigaton Hammer|p1a: A
|-resisted|p1a: A
|-damage|p1a: A|67/100
|
|upkeep
|turn|5
|
|t:|1779661085
|switch|p2a: Moltres|Moltres|100/100
|move|p1a: A|Pyro Ball|p2a: Moltres|[miss]
|-miss|p1a: A|p2a: Moltres
|
|upkeep
|turn|6
|
|t:|1779661089
|move|p1a: A|Pyro Ball|p2a: Moltres
|-resisted|p2a: Moltres
|-damage|p2a: Moltres|71/100
|move|p2a: Moltres|U-turn|p1a: A
|-resisted|p1a: A
|-damage|p1a: A|56/100
|
|t:|1779661093
|switch|p2a: Great Tusk|Great Tusk|100/100|[from] U-turn
|-damage|p2a: Great Tusk|98/100|[from] Stealth Rock
|
|-heal|p2a: Great Tusk|100/100|[from] item: Leftovers
|upkeep
|turn|7
|
|t:|1779661102
|switch|p1a: Refrigerator|Kyurem|100/100
|-ability|p1a: Refrigerator|Pressure
|move|p2a: Great Tusk|Ice Spinner|p1a: Refrigerator
|-damage|p1a: Refrigerator|81/100
|
|upkeep
|turn|8
|
|t:|1779661116
|-terastallize|p2a: Great Tusk|Fire
|move|p1a: Refrigerator|Ice Beam|p2a: Great Tusk
|-resisted|p2a: Great Tusk
|-damage|p2a: Great Tusk|69/100
|move|p2a: Great Tusk|Rapid Spin|p1a: Refrigerator
|-damage|p1a: Refrigerator|70/100
|-boost|p2a: Great Tusk|spe|1
|-sideend|p2: daytime_lunar|Stealth Rock|[from] move: Rapid Spin|[of] p2a: Great Tusk
|
|-heal|p2a: Great Tusk|76/100|[from] item: Leftovers
|upkeep
|turn|9
|
|t:|1779661130
|move|p2a: Great Tusk|Body Press|p1a: Refrigerator
|-supereffective|p1a: Refrigerator
|-damage|p1a: Refrigerator|0 fnt
|faint|p1a: Refrigerator
|
|-heal|p2a: Great Tusk|82/100|[from] item: Leftovers
|upkeep
|
|t:|1779661134
|switch|p1a: Nah I'd Spin|Great Tusk|100/100
|turn|10
|
|t:|1779661151
|-end|p2a: Great Tusk|Protosynthesis|[silent]
|switch|p2a: Moltres|Moltres|71/100
|move|p1a: Nah I'd Spin|Stealth Rock|p2a: Moltres
|-sidestart|p2: daytime_lunar|move: Stealth Rock
|
|upkeep
|turn|11
|l| nesnot
|
|t:|1779661178
|-end|p1a: Nah I'd Spin|Protosynthesis|[silent]
|switch|p1a: Jane Juliet|Gholdengo|100/100
|move|p2a: Moltres|Flamethrower|p1a: Jane Juliet
|-supereffective|p1a: Jane Juliet
|-damage|p1a: Jane Juliet|10/100
|
|upkeep
|turn|12
|
|t:|1779661184
|move|p1a: Jane Juliet|Trick|p2a: Moltres
|-activate|p1a: Jane Juliet|move: Trick|[of] p2a: Moltres
|-item|p2a: Moltres|Choice Scarf|[from] move: Trick
|-item|p1a: Jane Juliet|Heavy-Duty Boots|[from] move: Trick
|move|p2a: Moltres|Roost|p2a: Moltres
|-heal|p2a: Moltres|100/100
|-singleturn|p2a: Moltres|move: Roost
|
|upkeep
|turn|13
|
|t:|1779661189
|switch|p2a: Tinkaton|Tinkaton, F|100/100
|-damage|p2a: Tinkaton|94/100|[from] Stealth Rock
|-item|p2a: Tinkaton|Air Balloon
|move|p1a: Jane Juliet|Make It Rain|p2a: Tinkaton
|-damage|p2a: Tinkaton|36/100
|-unboost|p1a: Jane Juliet|spa|1
|-enditem|p2a: Tinkaton|Air Balloon
|
|upkeep
|turn|14
|
|t:|1779661192
|move|p2a: Tinkaton|Knock Off|p1a: Jane Juliet
|-supereffective|p1a: Jane Juliet
|-damage|p1a: Jane Juliet|0 fnt
|-enditem|p1a: Jane Juliet|Heavy-Duty Boots|[from] move: Knock Off|[of] p2a: Tinkaton
|faint|p1a: Jane Juliet
|
|upkeep
|j| NoirSoumission
|
|t:|1779661198
|switch|p1a: A|Cinderace, F|56/100
|turn|15
|
|t:|1779661202
|move|p1a: A|Pyro Ball|p2a: Tinkaton
|-supereffective|p2a: Tinkaton
|-damage|p2a: Tinkaton|0 fnt
|faint|p2a: Tinkaton
|
|upkeep
|
|t:|1779661204
|switch|p2a: Great Tusk|Great Tusk, tera:Fire|82/100
|-damage|p2a: Great Tusk|57/100|[from] Stealth Rock
|turn|16
|
|t:|1779661208
|switch|p1a: Nah I'd Spin|Great Tusk|100/100
|move|p2a: Great Tusk|Rapid Spin|p1a: Nah I'd Spin
|-damage|p1a: Nah I'd Spin|90/100
|-boost|p2a: Great Tusk|spe|1
|-damage|p2a: Great Tusk|40/100|[from] item: Rocky Helmet|[of] p1a: Nah I'd Spin
|-sideend|p2: daytime_lunar|Stealth Rock|[from] move: Rapid Spin|[of] p2a: Great Tusk
|
|-heal|p2a: Great Tusk|47/100|[from] item: Leftovers
|upkeep
|turn|17
|
|t:|1779661216
|-end|p2a: Great Tusk|Protosynthesis|[silent]
|switch|p2a: Ogerpon|Ogerpon, F|100/100
|move|p1a: Nah I'd Spin|Stealth Rock|p2a: Ogerpon
|-sidestart|p2: daytime_lunar|move: Stealth Rock
|
|upkeep
|turn|18
|
|t:|1779661225
|-end|p1a: Nah I'd Spin|Protosynthesis|[silent]
|switch|p1a: Primarina|Primarina, M|36/100
|move|p2a: Ogerpon|Ivy Cudgel|p1a: Primarina
|-supereffective|p1a: Primarina
|-damage|p1a: Primarina|0 fnt
|faint|p1a: Primarina
|
|upkeep
|
|t:|1779661227
|switch|p1a: A|Cinderace, F|56/100
|turn|19
|
|t:|1779661231
|switch|p2a: Moltres|Moltres|100/100
|-damage|p2a: Moltres|50/100|[from] Stealth Rock
|move|p1a: A|Pyro Ball|p2a: Moltres
|-resisted|p2a: Moltres
|-damage|p2a: Moltres|20/100
|
|upkeep
|turn|20
|
|t:|1779661234
|move|p1a: A|Pyro Ball|p2a: Moltres
|-resisted|p2a: Moltres
|-damage|p2a: Moltres|0 fnt
|faint|p2a: Moltres
|
|upkeep
|
|t:|1779661239
|switch|p2a: Raging Bolt|Raging Bolt|54/100
|-damage|p2a: Raging Bolt|41/100|[from] Stealth Rock
|turn|21
|
|t:|1779661257
|move|p2a: Raging Bolt|Thunderclap|p1a: A
|-damage|p1a: A|5/100
|move|p1a: A|Pyro Ball|p2a: Raging Bolt
|-resisted|p2a: Raging Bolt
|-damage|p2a: Raging Bolt|0 fnt
|faint|p2a: Raging Bolt
|-end|p2a: Raging Bolt|Protosynthesis|[silent]
|
|upkeep
|
|t:|1779661269
|switch|p2a: Great Tusk|Great Tusk, tera:Fire|47/100
|-damage|p2a: Great Tusk|22/100|[from] Stealth Rock
|turn|22
|
|t:|1779661277
|-terastallize|p1a: A|Fire
|move|p1a: A|Pyro Ball|p2a: Great Tusk
|-resisted|p2a: Great Tusk
|-damage|p2a: Great Tusk|0 fnt
|faint|p2a: Great Tusk
|-end|p2a: Great Tusk|Protosynthesis|[silent]
|
|upkeep
|j| Eternity o2
|
|t:|1779661281
|switch|p2a: Pecharunt|Pecharunt|100/100
|turn|23
|
|t:|1779661284
|switch|p1a: Nah I'd Spin|Great Tusk|90/100
|move|p2a: Pecharunt|Shadow Ball|p1a: Nah I'd Spin
|-damage|p1a: Nah I'd Spin|52/100
|
|upkeep
|turn|24
|
|t:|1779661287
|move|p1a: Nah I'd Spin|Headlong Rush|p2a: Pecharunt
|-supereffective|p2a: Pecharunt
|-damage|p2a: Pecharunt|31/100
|-unboost|p1a: Nah I'd Spin|def|1
|-unboost|p1a: Nah I'd Spin|spd|1
|move|p2a: Pecharunt|Malignant Chain|p1a: Nah I'd Spin
|-resisted|p1a: Nah I'd Spin
|-damage|p1a: Nah I'd Spin|18/100
|
|upkeep
|turn|25
|
|t:|1779661292
|switch|p2a: Ogerpon|Ogerpon, F|100/100
|move|p1a: Nah I'd Spin|Headlong Rush|p2a: Ogerpon
|-resisted|p2a: Ogerpon
|-damage|p2a: Ogerpon|56/100
|-unboost|p1a: Nah I'd Spin|def|1
|-unboost|p1a: Nah I'd Spin|spd|1
|
|upkeep
|turn|26
|
|t:|1779661296
|move|p2a: Ogerpon|Spikes|p1a: Nah I'd Spin
|-sidestart|p1: slitherwing ily ><|Spikes
|move|p1a: Nah I'd Spin|Headlong Rush|p2a: Ogerpon
|-resisted|p2a: Ogerpon
|-damage|p2a: Ogerpon|14/100
|-unboost|p1a: Nah I'd Spin|def|1
|-unboost|p1a: Nah I'd Spin|spd|1
|
|upkeep
|turn|27
|
|t:|1779661303
|move|p2a: Ogerpon|Ivy Cudgel|p1a: Nah I'd Spin
|-supereffective|p1a: Nah I'd Spin
|-damage|p1a: Nah I'd Spin|0 fnt
|faint|p1a: Nah I'd Spin
|-end|p1a: Nah I'd Spin|Protosynthesis|[silent]
|
|upkeep
|
|t:|1779661306
|switch|p1a: A|Cinderace, F, tera:Fire|5/100
|-damage|p1a: A|0 fnt|[from] Spikes
|faint|p1a: A
|
|t:|1779661307
|switch|p1a: Saber|Dragonite, F|100/100
|turn|28
|
|t:|1779661310
|move|p2a: Ogerpon|U-turn|p1a: Saber
|-resisted|p1a: Saber
|-damage|p1a: Saber|94/100
|
|t:|1779661312
|switch|p2a: Pecharunt|Pecharunt|31/100|[from] U-turn
|move|p1a: Saber|Dragon Dance|p1a: Saber
|-boost|p1a: Saber|atk|1
|-boost|p1a: Saber|spe|1
|
|upkeep
|turn|29
|
|t:|1779661315
|move|p1a: Saber|Earthquake|p2a: Pecharunt
|-supereffective|p2a: Pecharunt
|-damage|p2a: Pecharunt|0 fnt
|faint|p2a: Pecharunt
|
|upkeep
|-message|daytime_lunar forfeited.
|
|win|slitherwing ily ><
|raw|slitherwing ily &gt;&lt;'s rating: 1715 &rarr; <strong>1733</strong><br />(+18 for winning)
|raw|daytime_lunar's rating: 1675 &rarr; <strong>1657</strong><br />(-18 for losing)
|l|‽daytime_lunar
|player|p2|
|l|☆slitherwing ily ><
|player|p1|
