|j|☆BIGBODY55
|j|☆metropolis2112
|t:|1779593226
|gametype|singles
|player|p1|BIGBODY55|ramos|1378
|player|p2|metropolis2112|veteran|1292
|gen|9
|tier|[Gen 9] OU
|rated|
|rule|HP Percentage Mod: HP is shown in percentages
|rule|Endless Battle Clause: Forcing endless battles is banned
|rule|Species Clause: Limit one of each Pokémon
|rule|OHKO Clause: OHKO moves are banned
|rule|Evasion Items Clause: Evasion items are banned
|rule|Evasion Moves Clause: Evasion moves are banned
|rule|Evasion Abilities Clause: Evasion abilities are banned
|rule|Sleep Moves Clause: Sleep-inducing moves are banned
|clearpoke
|poke|p1|Samurott-Hisui, M|
|poke|p1|Alomomola, F|
|poke|p1|Pelipper, F|
|poke|p1|Talonflame, F|
|poke|p1|Ting-Lu|
|poke|p1|Cinderace, F|
|poke|p2|Raging Bolt|
|poke|p2|Gliscor, M|
|poke|p2|Gholdengo|
|poke|p2|Kingambit, M|
|poke|p2|Zamazenta-*|
|poke|p2|Dragonite, M|
|teampreview
|inactive|Battle timer is ON: inactive players will automatically lose when time's up. (requested by metropolis2112)
|inactive|metropolis2112 has 120 seconds left.
|
|t:|1779593261
|teamsize|p1|6
|teamsize|p2|6
|start
|switch|p1a: Alomomola|Alomomola, F, shiny|100/100
|switch|p2a: EL BLINDADO|Zamazenta|100/100
|-ability|p2a: EL BLINDADO|Dauntless Shield|boost
|-boost|p2a: EL BLINDADO|def|1
|turn|1
|
|t:|1779593270
|move|p2a: EL BLINDADO|Substitute|p2a: EL BLINDADO
|-start|p2a: EL BLINDADO|Substitute
|-damage|p2a: EL BLINDADO|75/100
|move|p1a: Alomomola|Play Rough|p2a: EL BLINDADO
|-supereffective|p2a: EL BLINDADO
|-end|p2a: EL BLINDADO|Substitute
|
|-heal|p2a: EL BLINDADO|82/100|[from] item: Leftovers
|upkeep
|turn|2
|
|t:|1779593279
|-terastallize|p2a: EL BLINDADO|Steel
|move|p2a: EL BLINDADO|Substitute|p2a: EL BLINDADO
|-start|p2a: EL BLINDADO|Substitute
|-damage|p2a: EL BLINDADO|57/100
|move|p1a: Alomomola|Play Rough|p2a: EL BLINDADO
|-resisted|p2a: EL BLINDADO
|-activate|p2a: EL BLINDADO|move: Substitute|[damage]
|
|-heal|p2a: EL BLINDADO|63/100|[from] item: Leftovers
|upkeep
|turn|3
|
|t:|1779593291
|switch|p1a: Ting-Lu|Ting-Lu, shiny|100/100
|-ability|p1a: Ting-Lu|Vessel of Ruin
|move|p2a: EL BLINDADO|Iron Defense|p2a: EL BLINDADO
|-boost|p2a: EL BLINDADO|def|2
|
|-heal|p2a: EL BLINDADO|69/100|[from] item: Leftovers
|upkeep
|turn|4
|
|t:|1779593301
|-terastallize|p1a: Ting-Lu|Ghost
|move|p2a: EL BLINDADO|Body Press|p1a: Ting-Lu
|-immune|p1a: Ting-Lu
|move|p1a: Ting-Lu|Whirlwind|p2a: EL BLINDADO
|drag|p2a: EL TROLAZO|Gliscor, M|100/100
|
|-status|p2a: EL TROLAZO|tox|[from] item: Toxic Orb
|upkeep
|turn|5
|
|t:|1779593312
|switch|p1a: Pelipper|Pelipper, F, shiny|100/100
|-weather|RainDance|[from] ability: Drizzle|[of] p1a: Pelipper
|move|p2a: EL TROLAZO|Toxic|p1a: Pelipper
|-status|p1a: Pelipper|tox
|
|-weather|RainDance|[upkeep]
|-damage|p1a: Pelipper|94/100 tox|[from] psn
|upkeep
|turn|6
|
|t:|1779593325
|switch|p1a: Alomomola|Alomomola, F, shiny|100/100
|switch|p2a: EL CHISPEZA|Raging Bolt|100/100
|
|-weather|RainDance|[upkeep]
|upkeep
|turn|7
|
|t:|1779593333
|move|p2a: EL CHISPEZA|Thunderbolt|p1a: Alomomola
|-supereffective|p1a: Alomomola
|-damage|p1a: Alomomola|0 fnt
|faint|p1a: Alomomola
|
|-weather|RainDance|[upkeep]
|upkeep
|
|t:|1779593336
|switch|p1a: Ting-Lu|Ting-Lu, shiny, tera:Ghost|100/100
|-ability|p1a: Ting-Lu|Vessel of Ruin
|turn|8
|
|t:|1779593347
|move|p2a: EL CHISPEZA|Thunderbolt|p1a: Ting-Lu
|-damage|p1a: Ting-Lu|72/100
|move|p1a: Ting-Lu|Earthquake|p2a: EL CHISPEZA
|-supereffective|p2a: EL CHISPEZA
|-damage|p2a: EL CHISPEZA|0 fnt
|faint|p2a: EL CHISPEZA
|-end|p2a: EL CHISPEZA|Protosynthesis|[silent]
|
|-weather|RainDance|[upkeep]
|upkeep
|
|t:|1779593355
|switch|p2a: EL GAMBAS|Gholdengo|100/100
|turn|9
|
|t:|1779593359
|move|p2a: EL GAMBAS|Shadow Ball|p1a: Ting-Lu
|-supereffective|p1a: Ting-Lu
|-damage|p1a: Ting-Lu|26/100
|move|p1a: Ting-Lu|Earthquake|p2a: EL GAMBAS
|-supereffective|p2a: EL GAMBAS
|-damage|p2a: EL GAMBAS|0 fnt
|faint|p2a: EL GAMBAS
|
|-weather|RainDance|[upkeep]
|upkeep
|
|t:|1779593372
|switch|p2a: EL BLINDADO|Zamazenta, tera:Steel|69/100
|turn|10
|
|t:|1779593375
|move|p2a: EL BLINDADO|Crunch|p1a: Ting-Lu
|-supereffective|p1a: Ting-Lu
|-damage|p1a: Ting-Lu|0 fnt
|faint|p1a: Ting-Lu
|
|-weather|RainDance|[upkeep]
|-heal|p2a: EL BLINDADO|75/100|[from] item: Leftovers
|upkeep
|
|t:|1779593390
|switch|p1a: Samoan|Samurott-Hisui, M, shiny|100/100
|turn|11
|
|t:|1779593399
|move|p2a: EL BLINDADO|Body Press|p1a: Samoan
|-supereffective|p1a: Samoan
|-damage|p1a: Samoan|27/100
|move|p1a: Samoan|Sacred Sword|p2a: EL BLINDADO
|-supereffective|p2a: EL BLINDADO
|-damage|p2a: EL BLINDADO|6/100
|
|-weather|RainDance|[upkeep]
|-heal|p2a: EL BLINDADO|12/100|[from] item: Leftovers
|upkeep
|turn|12
|
|t:|1779593408
|move|p2a: EL BLINDADO|Body Press|p1a: Samoan
|-supereffective|p1a: Samoan
|-damage|p1a: Samoan|0 fnt
|faint|p1a: Samoan
|
|-weather|none
|-heal|p2a: EL BLINDADO|19/100|[from] item: Leftovers
|upkeep
|
|t:|1779593413
|switch|p1a: Talonflame|Talonflame, F, shiny|100/100
|turn|13
|
|t:|1779593428
|move|p1a: Talonflame|Hurricane|p2a: EL BLINDADO
|-resisted|p2a: EL BLINDADO
|-damage|p2a: EL BLINDADO|0 fnt
|faint|p2a: EL BLINDADO
|
|upkeep
|
|t:|1779593447
|switch|p2a: EL PATRÓN|Dragonite, M|100/100
|turn|14
|
|t:|1779593455
|move|p1a: Talonflame|Hurricane|p2a: EL PATRÓN
|-damage|p2a: EL PATRÓN|72/100
|move|p2a: EL PATRÓN|Ice Punch|p1a: Talonflame
|-damage|p1a: Talonflame|53/100
|
|upkeep
|turn|15
|
|t:|1779593461
|move|p1a: Talonflame|Hurricane|p2a: EL PATRÓN
|-damage|p2a: EL PATRÓN|15/100
|move|p2a: EL PATRÓN|Ice Punch|p1a: Talonflame
|-damage|p1a: Talonflame|10/100
|
|upkeep
|turn|16
|
|t:|1779593470
|switch|p1a: Pelipper|Pelipper, F, shiny|94/100 tox
|-weather|RainDance|[from] ability: Drizzle|[of] p1a: Pelipper
|move|p2a: EL PATRÓN|Extreme Speed|p1a: Pelipper
|-damage|p1a: Pelipper|52/100 tox
|
|-weather|RainDance|[upkeep]
|-damage|p1a: Pelipper|46/100 tox|[from] psn
|upkeep
|turn|17
|
|t:|1779593482
|move|p1a: Pelipper|Weather Ball|p2a: EL PATRÓN
|-resisted|p2a: EL PATRÓN
|-damage|p2a: EL PATRÓN|0 fnt
|faint|p2a: EL PATRÓN
|
|-weather|RainDance|[upkeep]
|-damage|p1a: Pelipper|34/100 tox|[from] psn
|upkeep
|
|t:|1779593506
|switch|p2a: EL GARCHEADOR|Kingambit, M|100/100
|-activate|p2a: EL GARCHEADOR|ability: Supreme Overlord
|-start|p2a: EL GARCHEADOR|fallen4|[silent]
|turn|18
|
|t:|1779593512
|move|p1a: Pelipper|Weather Ball|p2a: EL GARCHEADOR
|-damage|p2a: EL GARCHEADOR|24/100
|move|p2a: EL GARCHEADOR|Swords Dance|p2a: EL GARCHEADOR
|-boost|p2a: EL GARCHEADOR|atk|2
|
|-weather|RainDance|[upkeep]
|-damage|p1a: Pelipper|16/100 tox|[from] psn
|upkeep
|turn|19
|
|t:|1779593520
|move|p2a: EL GARCHEADOR|Sucker Punch||[still]
|-fail|p2a: EL GARCHEADOR
|move|p1a: Pelipper|Roost|p1a: Pelipper
|-heal|p1a: Pelipper|66/100 tox
|-singleturn|p1a: Pelipper|move: Roost
|
|-weather|RainDance|[upkeep]
|-damage|p1a: Pelipper|41/100 tox|[from] psn
|upkeep
|turn|20
|
|t:|1779593529
|move|p2a: EL GARCHEADOR|Sucker Punch||[still]
|-fail|p2a: EL GARCHEADOR
|move|p1a: Pelipper|Roost|p1a: Pelipper
|-heal|p1a: Pelipper|91/100 tox
|-singleturn|p1a: Pelipper|move: Roost
|
|-weather|RainDance|[upkeep]
|-damage|p1a: Pelipper|61/100 tox|[from] psn
|upkeep
|turn|21
|
|t:|1779593538
|switch|p1a: Cinderace|Cinderace, F, shiny|100/100
|move|p2a: EL GARCHEADOR|Sucker Punch||[still]
|-fail|p2a: EL GARCHEADOR
|
|-weather|RainDance|[upkeep]
|upkeep
|turn|22
|
|t:|1779593546
|-end|p2a: EL GARCHEADOR|fallen4|[silent]
|switch|p2a: EL TROLAZO|Gliscor, M|100/100 tox
|move|p1a: Cinderace|Will-O-Wisp||[still]
|-fail|p1a: Cinderace
|
|-weather|RainDance|[upkeep]
|upkeep
|turn|23
|
|t:|1779593553
|switch|p1a: Pelipper|Pelipper, F, shiny|61/100 tox
|move|p2a: EL TROLAZO|Toxic|p1a: Pelipper
|-fail|p1a: Pelipper|tox
|
|-weather|none
|-damage|p1a: Pelipper|55/100 tox|[from] psn
|upkeep
|turn|24
|
|t:|1779593568
|move|p1a: Pelipper|Ice Beam|p2a: EL TROLAZO
|-supereffective|p2a: EL TROLAZO
|-damage|p2a: EL TROLAZO|14/100 tox
|move|p2a: EL TROLAZO|Spikes|p1a: Pelipper
|-sidestart|p1: BIGBODY55|Spikes
|
|-damage|p1a: Pelipper|42/100 tox|[from] psn
|-heal|p2a: EL TROLAZO|27/100 tox|[from] ability: Poison Heal
|upkeep
|turn|25
|
|t:|1779593579
|move|p2a: EL TROLAZO|Protect|p2a: EL TROLAZO
|-singleturn|p2a: EL TROLAZO|Protect
|move|p1a: Pelipper|Roost|p1a: Pelipper
|-heal|p1a: Pelipper|92/100 tox
|-singleturn|p1a: Pelipper|move: Roost
|
|-damage|p1a: Pelipper|74/100 tox|[from] psn
|-heal|p2a: EL TROLAZO|39/100 tox|[from] ability: Poison Heal
|upkeep
|turn|26
|c|☆BIGBODY55|Oh man
|
|t:|1779593599
|move|p1a: Pelipper|Ice Beam|p2a: EL TROLAZO
|-supereffective|p2a: EL TROLAZO
|-damage|p2a: EL TROLAZO|0 fnt
|faint|p2a: EL TROLAZO
|
|-damage|p1a: Pelipper|50/100 tox|[from] psn
|upkeep
|
|t:|1779593605
|switch|p2a: EL GARCHEADOR|Kingambit, M|24/100
|-activate|p2a: EL GARCHEADOR|ability: Supreme Overlord
|-start|p2a: EL GARCHEADOR|fallen5|[silent]
|turn|27
|
|t:|1779593615
|move|p2a: EL GARCHEADOR|Sucker Punch|p1a: Pelipper
|-damage|p1a: Pelipper|0 fnt
|faint|p1a: Pelipper
|
|upkeep
|
|t:|1779593618
|switch|p1a: Cinderace|Cinderace, F, shiny|100/100
|turn|28
|
|t:|1779593626
|move|p2a: EL GARCHEADOR|Sucker Punch||[still]
|-fail|p2a: EL GARCHEADOR
|move|p1a: Cinderace|Will-O-Wisp|p2a: EL GARCHEADOR
|-status|p2a: EL GARCHEADOR|brn
|-enditem|p2a: EL GARCHEADOR|Lum Berry|[eat]
|-curestatus|p2a: EL GARCHEADOR|brn|[msg]
|
|upkeep
|turn|29
|
|t:|1779593637
|move|p1a: Cinderace|High Jump Kick|p2a: EL GARCHEADOR
|-supereffective|p2a: EL GARCHEADOR
|-damage|p2a: EL GARCHEADOR|0 fnt
|faint|p2a: EL GARCHEADOR
|-end|p2a: EL GARCHEADOR|fallen5|[silent]
|
|win|BIGBODY55
|raw|BIGBODY55's rating: 1378 &rarr; <strong>1393</strong><br />(+15 for winning)
|raw|metropolis2112's rating: 1292 &rarr; <strong>1273</strong><br />(-19 for losing)
|l|☆metropolis2112
|player|p2|
|c|☆BIGBODY55|Ggs
