|j|☆Croxisa
|j|☆cubemotivation
|t:|1779627686
|gametype|singles
|player|p1|Croxisa|palmer|1188
|player|p2|cubemotivation|266|1191
|gen|9
|tier|[Gen 9] OU
|rated|
|rule|HP Percentage Mod: HP is shown in percentages
|rule|Endless Battle Clause: Forcing endless battles is banned
|rule|Species Clause: Limit one of each Pokémon
|rule|OHKO Clause: OHKO moves are banned
|rule|Evasion Items Clause: Evasion items are banned
|rule|Evasion Moves Clause: Evasion moves are banned
|rule|Evasion Abilities Clause: Evasion abilities are banned
|rule|Sleep Moves Clause: Sleep-inducing moves are banned
|clearpoke
|poke|p1|Gholdengo|
|poke|p1|Dragapult, F|
|poke|p1|Ninetales-Alola, M|
|poke|p1|Gastrodon, F|
|poke|p1|Incineroar, M|
|poke|p1|Gyarados, M|
|poke|p2|Glimmora, F|
|poke|p2|Pecharunt|
|poke|p2|Porygon-Z|
|poke|p2|Haxorus, F|
|poke|p2|Regieleki|
|poke|p2|Chansey, F|
|teampreview
|inactive|Battle timer is ON: inactive players will automatically lose when time's up. (requested by cubemotivation)
|
|t:|1779627699
|teamsize|p1|6
|teamsize|p2|6
|start
|switch|p1a: Dragapult|Dragapult, F|100/100
|switch|p2a: Shiny|Glimmora, F, shiny|100/100
|-item|p2a: Shiny|Air Balloon
|turn|1
|
|t:|1779627704
|move|p2a: Shiny|Spiky Shield|p2a: Shiny
|-singleturn|p2a: Shiny|move: Protect
|move|p1a: Dragapult|Dragon Darts|p2a: Shiny
|-activate|p2a: Shiny|move: Protect
|
|upkeep
|turn|2
|
|t:|1779627712
|move|p1a: Dragapult|Dragon Darts|p2a: Shiny
|-damage|p2a: Shiny|58/100
|-activate|p2a: Shiny|ability: Toxic Debris
|-sidestart|p1: Croxisa|move: Toxic Spikes
|-enditem|p2a: Shiny|Air Balloon
|-anim|p1a: Dragapult|Dragon Darts|p2a: Shiny
|-damage|p2a: Shiny|18/100
|-activate|p2a: Shiny|ability: Toxic Debris
|-sidestart|p1: Croxisa|move: Toxic Spikes
|move|p2a: Shiny|Stealth Rock|p1a: Dragapult
|-sidestart|p1: Croxisa|move: Stealth Rock
|
|upkeep
|turn|3
|
|t:|1779627722
|move|p1a: Dragapult|Dragon Darts|p2a: Shiny
|-damage|p2a: Shiny|0 fnt
|faint|p2a: Shiny
|
|upkeep
|
|t:|1779627730
|switch|p2a: Haxorus|Haxorus, F, shiny|100/100
|-ability|p2a: Haxorus|Mold Breaker
|turn|4
|
|t:|1779627739
|switch|p1a: Incineroar|Incineroar, M|100/100
|-ability|p1a: Incineroar|Intimidate|boost
|-unboost|p2a: Haxorus|atk|1
|move|p2a: Haxorus|Dragon Claw|p1a: Incineroar
|-damage|p1a: Incineroar|71/100
|
|upkeep
|turn|5
|
|t:|1779627748
|switch|p2a: Chansey|Chansey, F, shiny|100/100
|move|p1a: Incineroar|Knock Off|p2a: Chansey
|-damage|p2a: Chansey|73/100
|-enditem|p2a: Chansey|Eviolite|[from] move: Knock Off|[of] p1a: Incineroar
|
|upkeep
|turn|6
|-message|cubemotivation forfeited.
|
|win|Croxisa
|raw|Croxisa's rating: 1188 &rarr; <strong>1213</strong><br />(+25 for winning)
|raw|cubemotivation's rating: 1191 &rarr; <strong>1166</strong><br />(-25 for losing)
|l|☆cubemotivation
|player|p2|
|l|☆Croxisa
|player|p1|
