|j|☆alt824
|j|☆nvtung2901
|t:|1779598860
|gametype|singles
|player|p1|alt824|skierf|1362
|player|p2|nvtung2901|guitarist|1337
|gen|9
|tier|[Gen 9] OU
|rated|
|rule|HP Percentage Mod: HP is shown in percentages
|rule|Endless Battle Clause: Forcing endless battles is banned
|rule|Species Clause: Limit one of each Pokémon
|rule|OHKO Clause: OHKO moves are banned
|rule|Evasion Items Clause: Evasion items are banned
|rule|Evasion Moves Clause: Evasion moves are banned
|rule|Evasion Abilities Clause: Evasion abilities are banned
|rule|Sleep Moves Clause: Sleep-inducing moves are banned
|clearpoke
|poke|p1|Ceruledge, F|
|poke|p1|Weezing-Galar, M|
|poke|p1|Goodra-Hisui, F|
|poke|p1|Rillaboom, F|
|poke|p1|Landorus-Therian, M|
|poke|p1|Umbreon, F|
|poke|p2|Slowking-Galar, F|
|poke|p2|Great Tusk|
|poke|p2|Kyurem|
|poke|p2|Kingambit, F|
|poke|p2|Cinderace, F|
|poke|p2|Zapdos|
|teampreview
|inactive|Battle timer is ON: inactive players will automatically lose when time's up. (requested by alt824)
|
|t:|1779598871
|teamsize|p1|6
|teamsize|p2|6
|start
|switch|p1a: Landorus|Landorus-Therian, M|100/100
|switch|p2a: Zapdos|Zapdos, shiny|100/100
|-ability|p1a: Landorus|Intimidate|boost
|-unboost|p2a: Zapdos|atk|1
|turn|1
|
|t:|1779598877
|move|p1a: Landorus|Stealth Rock|p2a: Zapdos
|-sidestart|p2: nvtung2901|move: Stealth Rock
|move|p2a: Zapdos|Hurricane|p1a: Landorus|[miss]
|-miss|p2a: Zapdos|p1a: Landorus
|
|upkeep
|turn|2
|
|t:|1779598886
|switch|p1a: Goodra|Goodra-Hisui, F|100/100
|move|p2a: Zapdos|Hurricane|p1a: Goodra
|-resisted|p1a: Goodra
|-damage|p1a: Goodra|90/100
|
|upkeep
|turn|3
|
|t:|1779598892
|move|p2a: Zapdos|Volt Switch|p1a: Goodra
|-resisted|p1a: Goodra
|-damage|p1a: Goodra|84/100
|
|t:|1779598896
|switch|p2a: Great Tusk|Great Tusk|100/100|[from] Volt Switch
|-damage|p2a: Great Tusk|97/100|[from] Stealth Rock
|move|p1a: Goodra|Ice Beam|p2a: Great Tusk
|-supereffective|p2a: Great Tusk
|-damage|p2a: Great Tusk|13/100
|
|-heal|p2a: Great Tusk|19/100|[from] item: Leftovers
|upkeep
|turn|4
|
|t:|1779598907
|switch|p1a: Landorus|Landorus-Therian, M|100/100
|-ability|p1a: Landorus|Intimidate|boost
|-unboost|p2a: Great Tusk|atk|1
|move|p2a: Great Tusk|Ice Spinner|p1a: Landorus
|-supereffective|p1a: Landorus
|-damage|p1a: Landorus|31/100
|-damage|p2a: Great Tusk|2/100|[from] item: Rocky Helmet|[of] p1a: Landorus
|
|-heal|p2a: Great Tusk|9/100|[from] item: Leftovers
|upkeep
|turn|5
|
|t:|1779598921
|-end|p2a: Great Tusk|Protosynthesis|[silent]
|switch|p2a: Zapdos|Zapdos, shiny|100/100
|move|p1a: Landorus|Earth Power|p2a: Zapdos
|-immune|p2a: Zapdos
|
|upkeep
|turn|6
|
|t:|1779598926
|switch|p1a: Goodra|Goodra-Hisui, F|84/100
|move|p2a: Zapdos|Hurricane|p1a: Goodra|[miss]
|-miss|p2a: Zapdos|p1a: Goodra
|
|upkeep
|turn|7
|
|t:|1779598934
|move|p2a: Zapdos|Volt Switch|p1a: Goodra
|-resisted|p1a: Goodra
|-damage|p1a: Goodra|77/100
|
|t:|1779598937
|switch|p2a: Cinderace|Cinderace, F|100/100|[from] Volt Switch
|move|p1a: Goodra|Flamethrower|p2a: Cinderace
|-resisted|p2a: Cinderace
|-damage|p2a: Cinderace|83/100
|
|upkeep
|turn|8
|
|t:|1779598947
|switch|p1a: Landorus|Landorus-Therian, M|31/100
|-ability|p1a: Landorus|Intimidate|boost
|-unboost|p2a: Cinderace|atk|1
|move|p2a: Cinderace|Court Change|p2a: Cinderace
|-start|p2a: Cinderace|typechange|Normal|[from] ability: Libero
|-swapsideconditions
|-activate|p2a: Cinderace|move: Court Change
|
|upkeep
|turn|9
|
|t:|1779598955
|move|p2a: Cinderace|Will-O-Wisp|p1a: Landorus
|-status|p1a: Landorus|brn
|move|p1a: Landorus|Stealth Rock|p2a: Cinderace
|-sidestart|p2: nvtung2901|move: Stealth Rock
|
|-damage|p1a: Landorus|25/100 brn|[from] brn
|upkeep
|turn|10
|
|t:|1779598961
|move|p2a: Cinderace|Pyro Ball|p1a: Landorus
|-damage|p1a: Landorus|6/100 brn
|move|p1a: Landorus|Earth Power|p2a: Cinderace
|-damage|p2a: Cinderace|47/100
|-unboost|p2a: Cinderace|spd|1
|
|-damage|p1a: Landorus|0 fnt|[from] brn
|faint|p1a: Landorus
|upkeep
|
|t:|1779598976
|switch|p1a: Ceruledge|Ceruledge, F|100/100
|-damage|p1a: Ceruledge|76/100|[from] Stealth Rock
|turn|11
|
|t:|1779598983
|move|p2a: Cinderace|U-turn|p1a: Ceruledge
|-resisted|p1a: Ceruledge
|-damage|p1a: Ceruledge|72/100
|
|t:|1779598998
|switch|p2a: Zapdos|Zapdos, shiny|100/100|[from] U-turn
|move|p1a: Ceruledge|Bulk Up|p1a: Ceruledge
|-boost|p1a: Ceruledge|atk|1
|-boost|p1a: Ceruledge|def|1
|
|upkeep
|turn|12
|
|t:|1779599005
|move|p2a: Zapdos|Thunder Wave|p1a: Ceruledge
|-status|p1a: Ceruledge|par
|move|p1a: Ceruledge|Bitter Blade|p2a: Zapdos
|-damage|p2a: Zapdos|63/100
|-heal|p1a: Ceruledge|92/100 par|[from] drain|[of] p2a: Zapdos
|
|upkeep
|turn|13
|
|t:|1779599013
|move|p2a: Zapdos|Hurricane|p1a: Ceruledge
|-damage|p1a: Ceruledge|61/100 par
|move|p1a: Ceruledge|Bitter Blade|p2a: Zapdos
|-crit|p2a: Zapdos
|-damage|p2a: Zapdos|5/100
|-heal|p1a: Ceruledge|92/100 par|[from] drain|[of] p2a: Zapdos
|
|upkeep
|turn|14
|
|t:|1779599020
|move|p1a: Ceruledge|Shadow Sneak|p2a: Zapdos
|-damage|p2a: Zapdos|0 fnt
|faint|p2a: Zapdos
|
|upkeep
|
|t:|1779599035
|switch|p2a: Kyurem|Kyurem|100/100
|-damage|p2a: Kyurem|76/100|[from] Stealth Rock
|-ability|p2a: Kyurem|Pressure
|turn|15
|
|t:|1779599044
|switch|p1a: Goodra|Goodra-Hisui, F|77/100
|-damage|p1a: Goodra|71/100|[from] Stealth Rock
|move|p2a: Kyurem|Earth Power|p1a: Goodra
|-supereffective|p1a: Goodra
|-damage|p1a: Goodra|28/100
|
|upkeep
|turn|16
|
|t:|1779599051
|move|p2a: Kyurem|Earth Power|p1a: Goodra
|-supereffective|p1a: Goodra
|-damage|p1a: Goodra|0 fnt
|faint|p1a: Goodra
|
|upkeep
|
|t:|1779599059
|switch|p1a: Rillaboom|Rillaboom, F|100/100
|-damage|p1a: Rillaboom|88/100|[from] Stealth Rock
|-fieldstart|move: Grassy Terrain|[from] ability: Grassy Surge|[of] p1a: Rillaboom
|turn|17
|
|t:|1779599067
|switch|p2a: Cinderace|Cinderace, F|47/100
|move|p1a: Rillaboom|Swords Dance|p1a: Rillaboom
|-boost|p1a: Rillaboom|atk|2
|
|-heal|p2a: Cinderace|53/100|[from] Grassy Terrain
|-heal|p1a: Rillaboom|94/100|[from] Grassy Terrain
|upkeep
|turn|18
|
|t:|1779599077
|-terastallize|p1a: Rillaboom|Grass
|move|p1a: Rillaboom|Grassy Glide|p2a: Cinderace
|-resisted|p2a: Cinderace
|-damage|p2a: Cinderace|0 fnt
|faint|p2a: Cinderace
|
|-heal|p1a: Rillaboom|100/100|[from] Grassy Terrain
|upkeep
|
|t:|1779599101
|switch|p2a: Kyurem|Kyurem|76/100
|-damage|p2a: Kyurem|51/100|[from] Stealth Rock
|-ability|p2a: Kyurem|Pressure
|turn|19
|
|t:|1779599112
|switch|p1a: Ceruledge|Ceruledge, F|92/100 par
|-damage|p1a: Ceruledge|67/100 par|[from] Stealth Rock
|move|p2a: Kyurem|Ice Beam|p1a: Ceruledge
|-resisted|p1a: Ceruledge
|-damage|p1a: Ceruledge|42/100 par
|
|-heal|p2a: Kyurem|57/100|[from] Grassy Terrain
|-heal|p1a: Ceruledge|48/100 par|[from] Grassy Terrain
|upkeep
|turn|20
|
|t:|1779599126
|move|p2a: Kyurem|Ice Beam|p1a: Ceruledge
|-resisted|p1a: Ceruledge
|-damage|p1a: Ceruledge|23/100 par
|move|p1a: Ceruledge|Bitter Blade|p2a: Kyurem
|-damage|p2a: Kyurem|18/100
|-heal|p1a: Ceruledge|45/100 par|[from] drain|[of] p2a: Kyurem
|
|-heal|p2a: Kyurem|24/100|[from] Grassy Terrain
|-heal|p1a: Ceruledge|51/100 par|[from] Grassy Terrain
|upkeep
|turn|21
|inactive|nvtung2901 has 120 seconds left.
|
|t:|1779599141
|switch|p2a: Slowking|Slowking-Galar, F|100/100
|-damage|p2a: Slowking|88/100|[from] Stealth Rock
|move|p1a: Ceruledge|Shadow Sneak|p2a: Slowking
|-supereffective|p2a: Slowking
|-damage|p2a: Slowking|53/100
|
|-heal|p1a: Ceruledge|58/100 par|[from] Grassy Terrain
|-heal|p2a: Slowking|59/100|[from] Grassy Terrain
|upkeep
|turn|22
|inactive|nvtung2901 has 120 seconds left.
|
|t:|1779599153
|cant|p1a: Ceruledge|par
|move|p2a: Slowking|Future Sight|p1a: Ceruledge
|-start|p2a: Slowking|move: Future Sight
|
|-heal|p1a: Ceruledge|64/100 par|[from] Grassy Terrain
|-heal|p2a: Slowking|65/100|[from] Grassy Terrain
|upkeep
|turn|23
|
|t:|1779599160
|move|p1a: Ceruledge|Bitter Blade|p2a: Slowking
|-damage|p2a: Slowking|30/100
|-heal|p1a: Ceruledge|83/100 par|[from] drain|[of] p2a: Slowking
|-prepare|p2a: Slowking|Chilly Reception|[premajor]
|move|p2a: Slowking|Chilly Reception|p2a: Slowking
|-weather|Snowscape
|
|t:|1779599169
|switch|p2a: Kingambit|Kingambit, F|100/100|[from] Chilly Reception
|-damage|p2a: Kingambit|94/100|[from] Stealth Rock
|-activate|p2a: Kingambit|ability: Supreme Overlord
|-start|p2a: Kingambit|fallen2|[silent]
|
|-weather|Snowscape|[upkeep]
|-heal|p2a: Kingambit|100/100|[from] Grassy Terrain
|-heal|p1a: Ceruledge|89/100 par|[from] Grassy Terrain
|upkeep
|turn|24
|inactive|nvtung2901 has 120 seconds left.
|
|t:|1779599185
|-terastallize|p2a: Kingambit|Ghost
|move|p2a: Kingambit|Swords Dance|p2a: Kingambit
|-boost|p2a: Kingambit|atk|2
|move|p1a: Ceruledge|Bitter Blade|p2a: Kingambit
|-damage|p2a: Kingambit|69/100
|-heal|p1a: Ceruledge|100/100 par|[from] drain|[of] p2a: Kingambit
|
|-weather|Snowscape|[upkeep]
|-end|p1a: Ceruledge|move: Future Sight
|-damage|p1a: Ceruledge|67/100 par
|-heal|p2a: Kingambit|75/100|[from] Grassy Terrain
|-heal|p2a: Kingambit|81/100|[from] item: Leftovers
|-heal|p1a: Ceruledge|73/100 par|[from] Grassy Terrain
|-fieldend|move: Grassy Terrain
|upkeep
|turn|25
|inactive|nvtung2901 has 120 seconds left.
|
|t:|1779599198
|move|p2a: Kingambit|Sucker Punch|p1a: Ceruledge
|-supereffective|p1a: Ceruledge
|-damage|p1a: Ceruledge|0 fnt
|faint|p1a: Ceruledge
|
|-weather|Snowscape|[upkeep]
|-heal|p2a: Kingambit|87/100|[from] item: Leftovers
|upkeep
|
|t:|1779599201
|switch|p1a: Umbreon|Umbreon, F|100/100
|-damage|p1a: Umbreon|88/100|[from] Stealth Rock
|turn|26
|
|t:|1779599214
|-end|p2a: Kingambit|fallen2|[silent]
|switch|p2a: Slowking|Slowking-Galar, F|63/100
|-damage|p2a: Slowking|51/100|[from] Stealth Rock
|move|p1a: Umbreon|Foul Play|p2a: Slowking
|-supereffective|p2a: Slowking
|-enditem|p2a: Slowking|Colbur Berry|[eat]
|-enditem|p2a: Slowking|Colbur Berry|[weaken]
|-damage|p2a: Slowking|33/100
|
|-weather|Snowscape|[upkeep]
|-heal|p1a: Umbreon|94/100|[from] item: Leftovers
|upkeep
|turn|27
|inactive|nvtung2901 has 120 seconds left.
|
|t:|1779599230
|move|p1a: Umbreon|Foul Play|p2a: Slowking
|-supereffective|p2a: Slowking
|-damage|p2a: Slowking|0 fnt
|faint|p2a: Slowking
|
|-weather|none
|-heal|p1a: Umbreon|99/100|[from] item: Leftovers
|upkeep
|inactive|nvtung2901 has 120 seconds left.
|
|t:|1779599239
|switch|p2a: Great Tusk|Great Tusk|9/100
|-damage|p2a: Great Tusk|5/100|[from] Stealth Rock
|turn|28
|
|t:|1779599243
|switch|p1a: Weezing|Weezing-Galar, M|100/100
|-ability|p1a: Weezing|Neutralizing Gas
|move|p2a: Great Tusk|Close Combat|p1a: Weezing
|-resisted|p1a: Weezing
|-damage|p1a: Weezing|91/100
|-unboost|p2a: Great Tusk|def|1
|-unboost|p2a: Great Tusk|spd|1
|
|-heal|p2a: Great Tusk|12/100|[from] item: Leftovers
|upkeep
|turn|29
|
|t:|1779599253
|move|p2a: Great Tusk|Headlong Rush|p1a: Weezing
|-supereffective|p1a: Weezing
|-damage|p1a: Weezing|9/100
|-unboost|p2a: Great Tusk|def|1
|-unboost|p2a: Great Tusk|spd|1
|move|p1a: Weezing|Strange Steam|p2a: Great Tusk
|-supereffective|p2a: Great Tusk
|-damage|p2a: Great Tusk|0 fnt
|faint|p2a: Great Tusk
|-end|p2a: Great Tusk|Protosynthesis|[silent]
|
|upkeep
|
|t:|1779599266
|switch|p2a: Kingambit|Kingambit, F, tera:Ghost|87/100
|-damage|p2a: Kingambit|75/100|[from] Stealth Rock
|turn|30
|
|t:|1779599272
|move|p2a: Kingambit|Low Kick|p1a: Weezing
|-resisted|p1a: Weezing
|-damage|p1a: Weezing|6/100
|move|p1a: Weezing|Will-O-Wisp|p2a: Kingambit|[miss]
|-miss|p1a: Weezing|p2a: Kingambit
|
|-heal|p2a: Kingambit|81/100|[from] item: Leftovers
|upkeep
|turn|31
|
|t:|1779599280
|move|p2a: Kingambit|Swords Dance|p2a: Kingambit
|-boost|p2a: Kingambit|atk|2
|move|p1a: Weezing|Will-O-Wisp|p2a: Kingambit
|-status|p2a: Kingambit|brn
|
|-heal|p2a: Kingambit|87/100 brn|[from] item: Leftovers
|-damage|p2a: Kingambit|81/100 brn|[from] brn
|upkeep
|turn|32
|
|t:|1779599288
|move|p2a: Kingambit|Swords Dance|p2a: Kingambit
|-boost|p2a: Kingambit|atk|2
|move|p1a: Weezing|Strange Steam|p2a: Kingambit
|-damage|p2a: Kingambit|52/100 brn
|
|-heal|p2a: Kingambit|58/100 brn|[from] item: Leftovers
|-damage|p2a: Kingambit|52/100 brn|[from] brn
|upkeep
|turn|33
|
|t:|1779599298
|move|p2a: Kingambit|Sucker Punch|p1a: Weezing
|-resisted|p1a: Weezing
|-damage|p1a: Weezing|0 fnt
|faint|p1a: Weezing
|-end|p1a: Weezing|ability: Neutralizing Gas
|-activate|p2a: Kingambit|ability: Supreme Overlord
|-start|p2a: Kingambit|fallen4|[silent]
|
|-heal|p2a: Kingambit|58/100 brn|[from] item: Leftovers
|-damage|p2a: Kingambit|52/100 brn|[from] brn
|upkeep
|
|t:|1779599305
|switch|p1a: Umbreon|Umbreon, F|99/100
|-damage|p1a: Umbreon|88/100|[from] Stealth Rock
|turn|34
|
|t:|1779599316
|move|p2a: Kingambit|Sucker Punch|p1a: Umbreon
|-resisted|p1a: Umbreon
|-damage|p1a: Umbreon|61/100
|move|p1a: Umbreon|Foul Play|p2a: Kingambit
|-supereffective|p2a: Kingambit
|-damage|p2a: Kingambit|0 fnt
|faint|p2a: Kingambit
|-end|p2a: Kingambit|fallen4|[silent]
|
|-heal|p1a: Umbreon|67/100|[from] item: Leftovers
|upkeep
|
|t:|1779599324
|switch|p2a: Kyurem|Kyurem|24/100
|-damage|p2a: Kyurem|0 fnt|[from] Stealth Rock
|faint|p2a: Kyurem
|
|win|alt824
|raw|alt824's rating: 1362 &rarr; <strong>1381</strong><br />(+19 for winning)
|raw|nvtung2901's rating: 1337 &rarr; <strong>1318</strong><br />(-19 for losing)
|c|☆alt824|lol u had low sweep
|l|☆nvtung2901
|player|p2|
|c|☆alt824|u literally won
