|j|☆MBlas2002
|j|☆jojothesavage666
|t:|1779659457
|gametype|singles
|player|p1|MBlas2002|volkner|1375
|player|p2|jojothesavage666|102|1409
|gen|9
|tier|[Gen 9] OU
|rated|
|rule|HP Percentage Mod: HP is shown in percentages
|rule|Endless Battle Clause: Forcing endless battles is banned
|rule|Species Clause: Limit one of each Pokémon
|rule|OHKO Clause: OHKO moves are banned
|rule|Evasion Items Clause: Evasion items are banned
|rule|Evasion Moves Clause: Evasion moves are banned
|rule|Evasion Abilities Clause: Evasion abilities are banned
|rule|Sleep Moves Clause: Sleep-inducing moves are banned
|clearpoke
|poke|p1|Tornadus-Therian, M|
|poke|p1|Landorus-Therian, M|
|poke|p1|Chandelure, F|
|poke|p1|Scizor, M|
|poke|p1|Sylveon, F|
|poke|p1|Toxapex, F|
|poke|p2|Zapdos|
|poke|p2|Iron Treads|
|poke|p2|Samurott-Hisui, F|
|poke|p2|Ceruledge, M|
|poke|p2|Gholdengo|
|poke|p2|Kingambit, M|
|teampreview
|inactive|Battle timer is ON: inactive players will automatically lose when time's up. (requested by MBlas2002)
|
|t:|1779659472
|teamsize|p1|6
|teamsize|p2|6
|start
|switch|p1a: Chocolate|Landorus-Therian, M|100/100
|switch|p2a: Samurott|Samurott-Hisui, F|100/100
|-ability|p1a: Chocolate|Intimidate|boost
|-unboost|p2a: Samurott|atk|1
|turn|1
|
|t:|1779659483
|move|p1a: Chocolate|U-turn|p2a: Samurott
|-supereffective|p2a: Samurott
|-damage|p2a: Samurott|47/100
|
|t:|1779659486
|switch|p1a: Almogávar|Scizor, M|100/100|[from] U-turn
|move|p2a: Samurott|Ceaseless Edge|p1a: Almogávar
|-damage|p1a: Almogávar|74/100
|-damage|p2a: Samurott|30/100|[from] item: Rocky Helmet|[of] p1a: Almogávar
|-sidestart|p1: MBlas2002|Spikes
|
|upkeep
|turn|2
|
|t:|1779659493
|switch|p2a: Zapdos|Zapdos|100/100
|move|p1a: Almogávar|Defog|p2a: Zapdos
|-unboost|p2a: Zapdos|evasion|1
|-sideend|p1: MBlas2002|Spikes|[from] move: Defog|[of] p1a: Almogávar
|
|upkeep
|turn|3
|
|t:|1779659502
|switch|p1a: Irene|Chandelure, F, shiny|100/100
|move|p2a: Zapdos|Hurricane|p1a: Irene
|-damage|p1a: Irene|52/100
|
|upkeep
|turn|4
|
|t:|1779659524
|switch|p2a: Samurott|Samurott-Hisui, F|30/100
|move|p1a: Irene|Shadow Ball|p2a: Samurott
|-resisted|p2a: Samurott
|-damage|p2a: Samurott|4/100
|
|upkeep
|turn|5
|
|t:|1779659532
|switch|p1a: Almogávar|Scizor, M|74/100
|move|p2a: Samurott|Sucker Punch||[still]
|-fail|p2a: Samurott
|
|upkeep
|turn|6
|
|t:|1779659547
|switch|p2a: Zapdos|Zapdos|100/100
|move|p1a: Almogávar|Bullet Punch|p2a: Zapdos
|-resisted|p2a: Zapdos
|-damage|p2a: Zapdos|88/100
|-status|p1a: Almogávar|par|[from] ability: Static|[of] p2a: Zapdos
|
|upkeep
|turn|7
|
|t:|1779659556
|switch|p1a: The G.O.A.T.|Sylveon, F, shiny|100/100
|move|p2a: Zapdos|Volt Switch|p1a: The G.O.A.T.
|-damage|p1a: The G.O.A.T.|85/100
|
|t:|1779659578
|switch|p2a: Iron Treads|Iron Treads|100/100|[from] Volt Switch
|
|-heal|p1a: The G.O.A.T.|91/100|[from] item: Leftovers
|upkeep
|turn|8
|
|t:|1779659585
|switch|p1a: Chocolate|Landorus-Therian, M|100/100
|-ability|p1a: Chocolate|Intimidate|boost
|-unboost|p2a: Iron Treads|atk|1
|move|p2a: Iron Treads|Knock Off|p1a: Chocolate
|-damage|p1a: Chocolate|75/100
|-enditem|p1a: Chocolate|Heavy-Duty Boots|[from] move: Knock Off|[of] p2a: Iron Treads
|
|upkeep
|turn|9
|
|t:|1779659591
|-end|p2a: Iron Treads|Quark Drive|[silent]
|switch|p2a: Zapdos|Zapdos|88/100
|move|p1a: Chocolate|Earthquake|p2a: Zapdos
|-immune|p2a: Zapdos
|
|upkeep
|turn|10
|
|t:|1779659598
|move|p1a: Chocolate|Stone Edge|p2a: Zapdos
|-supereffective|p2a: Zapdos
|-crit|p2a: Zapdos
|-damage|p2a: Zapdos|7/100
|move|p2a: Zapdos|Hurricane|p1a: Chocolate
|-damage|p1a: Chocolate|18/100
|
|upkeep
|turn|11
|
|t:|1779659611
|switch|p2a: Iron Treads|Iron Treads|100/100
|move|p1a: Chocolate|U-turn|p2a: Iron Treads
|-resisted|p2a: Iron Treads
|-crit|p2a: Iron Treads
|-damage|p2a: Iron Treads|84/100
|
|t:|1779659618
|switch|p1a: Cierzo|Tornadus-Therian, M|100/100|[from] U-turn
|
|-heal|p2a: Iron Treads|90/100|[from] item: Leftovers
|upkeep
|turn|12
|
|t:|1779659629
|move|p1a: Cierzo|Heat Wave|p2a: Iron Treads
|-supereffective|p2a: Iron Treads
|-damage|p2a: Iron Treads|5/100
|move|p2a: Iron Treads|Stealth Rock|p1a: Cierzo
|-sidestart|p1: MBlas2002|move: Stealth Rock
|
|-heal|p2a: Iron Treads|11/100|[from] item: Leftovers
|upkeep
|turn|13
|inactive|jojothesavage666 has 120 seconds left.
|
|t:|1779659666
|switch|p1a: Almogávar|Scizor, M|74/100 par
|-damage|p1a: Almogávar|61/100 par|[from] Stealth Rock
|-end|p2a: Iron Treads|Quark Drive|[silent]
|switch|p2a: Samurott|Samurott-Hisui, F|4/100
|
|upkeep
|turn|14
|inactive|jojothesavage666 has 120 seconds left.
|
|t:|1779659680
|switch|p2a: Ceruledge|Ceruledge, M|100/100
|move|p1a: Almogávar|Defog|p2a: Ceruledge
|-unboost|p2a: Ceruledge|evasion|1
|-sideend|p1: MBlas2002|Stealth Rock|[from] move: Defog|[of] p1a: Almogávar
|
|upkeep
|turn|15
|inactive|jojothesavage666 has 120 seconds left.
|
|t:|1779659699
|move|p2a: Ceruledge|Poltergeist|p1a: Almogávar|[miss]
|-miss|p2a: Ceruledge|p1a: Almogávar
|cant|p1a: Almogávar|par
|
|upkeep
|turn|16
|
|t:|1779659718
|move|p2a: Ceruledge|Bitter Blade|p1a: Almogávar
|-supereffective|p1a: Almogávar
|-damage|p1a: Almogávar|0 fnt
|-damage|p2a: Ceruledge|84/100|[from] item: Rocky Helmet|[of] p1a: Almogávar
|faint|p1a: Almogávar
|
|upkeep
|
|t:|1779659730
|switch|p1a: Chocolate|Landorus-Therian, M|18/100
|-ability|p1a: Chocolate|Intimidate|boost
|-unboost|p2a: Ceruledge|atk|1
|turn|17
|
|t:|1779659744
|switch|p2a: Gholdengo|Gholdengo|100/100
|-item|p2a: Gholdengo|Air Balloon
|move|p1a: Chocolate|Earthquake|p2a: Gholdengo
|-immune|p2a: Gholdengo
|
|upkeep
|turn|18
|
|t:|1779659772
|switch|p2a: Iron Treads|Iron Treads|11/100
|move|p1a: Chocolate|U-turn|p2a: Iron Treads
|-resisted|p2a: Iron Treads
|-damage|p2a: Iron Treads|0 fnt
|faint|p2a: Iron Treads
|-end|p2a: Iron Treads|Quark Drive|[silent]
|
|t:|1779659780
|switch|p1a: Cierzo|Tornadus-Therian, M|100/100|[from] U-turn
|
|upkeep
|inactive|jojothesavage666 has 90 seconds left.
|
|t:|1779659806
|switch|p2a: Gholdengo|Gholdengo|100/100
|-item|p2a: Gholdengo|Air Balloon
|turn|19
|
|t:|1779659812
|move|p1a: Cierzo|Heat Wave|p2a: Gholdengo
|-supereffective|p2a: Gholdengo
|-damage|p2a: Gholdengo|41/100
|-enditem|p2a: Gholdengo|Air Balloon
|move|p2a: Gholdengo|Thunder Wave|p1a: Cierzo
|-status|p1a: Cierzo|par
|
|upkeep
|turn|20
|inactive|jojothesavage666 has 90 seconds left.
|
|t:|1779659828
|move|p2a: Gholdengo|Hex|p1a: Cierzo
|-damage|p1a: Cierzo|26/100 par
|-enditem|p1a: Cierzo|Eject Button
|
|t:|1779659833
|switch|p1a: Chocolate|Landorus-Therian, M|18/100
|-ability|p1a: Chocolate|Intimidate|boost
|-unboost|p2a: Gholdengo|atk|1
|
|upkeep
|turn|21
|inactive|jojothesavage666 has 90 seconds left.
|
|t:|1779659850
|move|p1a: Chocolate|Earthquake|p2a: Gholdengo
|-supereffective|p2a: Gholdengo
|-damage|p2a: Gholdengo|0 fnt
|faint|p2a: Gholdengo
|
|upkeep
|inactive|jojothesavage666 has 60 seconds left.
|
|t:|1779659881
|switch|p2a: Ceruledge|Ceruledge, M|84/100
|turn|22
|
|t:|1779659886
|switch|p1a: Toxica|Toxapex, F, shiny|100/100
|move|p2a: Ceruledge|Shadow Sneak|p1a: Toxica
|-damage|p1a: Toxica|86/100
|
|-heal|p1a: Toxica|93/100|[from] item: Black Sludge
|upkeep
|turn|23
|
|t:|1779659896
|switch|p2a: Kingambit|Kingambit, M|100/100
|-activate|p2a: Kingambit|ability: Supreme Overlord
|-start|p2a: Kingambit|fallen2|[silent]
|move|p1a: Toxica|Toxic|p2a: Kingambit
|-immune|p2a: Kingambit
|
|-heal|p1a: Toxica|99/100|[from] item: Black Sludge
|upkeep
|turn|24
|
|t:|1779659906
|move|p2a: Kingambit|Iron Head|p1a: Toxica
|-resisted|p1a: Toxica
|-damage|p1a: Toxica|83/100
|cant|p1a: Toxica|flinch
|
|-heal|p1a: Toxica|89/100|[from] item: Black Sludge
|upkeep
|turn|25
|
|t:|1779659926
|-end|p2a: Kingambit|fallen2|[silent]
|switch|p2a: Samurott|Samurott-Hisui, F|4/100
|move|p1a: Toxica|Chilling Water|p2a: Samurott
|-resisted|p2a: Samurott
|-damage|p2a: Samurott|1/100
|-unboost|p2a: Samurott|atk|1
|
|-heal|p1a: Toxica|96/100|[from] item: Black Sludge
|upkeep
|turn|26
|
|t:|1779659938
|move|p2a: Samurott|Knock Off|p1a: Toxica
|-damage|p1a: Toxica|79/100
|-enditem|p1a: Toxica|Black Sludge|[from] move: Knock Off|[of] p2a: Samurott
|move|p1a: Toxica|Chilling Water|p2a: Samurott
|-resisted|p2a: Samurott
|-damage|p2a: Samurott|0 fnt
|faint|p2a: Samurott
|
|upkeep
|inactive|jojothesavage666 has 60 seconds left.
|inactive|jojothesavage666 has 30 seconds left.
|
|t:|1779659981
|switch|p2a: Kingambit|Kingambit, M|100/100
|-activate|p2a: Kingambit|ability: Supreme Overlord
|-start|p2a: Kingambit|fallen3|[silent]
|turn|27
|
|t:|1779659985
|move|p2a: Kingambit|Swords Dance|p2a: Kingambit
|-boost|p2a: Kingambit|atk|2
|move|p1a: Toxica|Chilling Water|p2a: Kingambit
|-damage|p2a: Kingambit|89/100
|-unboost|p2a: Kingambit|atk|1
|
|-heal|p2a: Kingambit|95/100|[from] item: Leftovers
|upkeep
|turn|28
|
|t:|1779659992
|move|p2a: Kingambit|Iron Head|p1a: Toxica
|-resisted|p1a: Toxica
|-damage|p1a: Toxica|54/100
|move|p1a: Toxica|Haze|p1a: Toxica
|-clearallboost
|
|-heal|p2a: Kingambit|100/100|[from] item: Leftovers
|upkeep
|turn|29
|
|t:|1779660001
|switch|p1a: Irene|Chandelure, F, shiny|52/100
|move|p2a: Kingambit|Swords Dance|p2a: Kingambit
|-boost|p2a: Kingambit|atk|2
|
|upkeep
|turn|30
|inactive|jojothesavage666 has 60 seconds left.
|
|t:|1779660011
|-end|p2a: Kingambit|fallen3|[silent]
|switch|p2a: Zapdos|Zapdos|7/100
|move|p1a: Irene|Trick|p2a: Zapdos
|-activate|p1a: Irene|move: Trick|[of] p2a: Zapdos
|-item|p2a: Zapdos|Choice Specs|[from] move: Trick
|-item|p1a: Irene|Heavy-Duty Boots|[from] move: Trick
|
|upkeep
|turn|31
|inactive|jojothesavage666 has 60 seconds left.
|
|t:|1779660034
|switch|p1a: The G.O.A.T.|Sylveon, F, shiny|91/100
|move|p2a: Zapdos|Thunder Wave|p1a: The G.O.A.T.
|-status|p1a: The G.O.A.T.|par
|
|-heal|p1a: The G.O.A.T.|97/100 par|[from] item: Leftovers
|upkeep
|turn|32
|
|t:|1779660050
|switch|p2a: Ceruledge|Ceruledge, M|84/100
|cant|p1a: The G.O.A.T.|par
|
|-heal|p1a: The G.O.A.T.|100/100 par|[from] item: Leftovers
|upkeep
|turn|33
|
|t:|1779660064
|switch|p1a: Toxica|Toxapex, F, shiny|87/100
|move|p2a: Ceruledge|Bitter Blade|p1a: Toxica
|-resisted|p1a: Toxica
|-crit|p1a: Toxica
|-damage|p1a: Toxica|66/100
|-heal|p2a: Ceruledge|93/100|[from] drain|[of] p1a: Toxica
|
|upkeep
|turn|34
|
|t:|1779660071
|switch|p2a: Kingambit|Kingambit, M|100/100
|-activate|p2a: Kingambit|ability: Supreme Overlord
|-start|p2a: Kingambit|fallen3|[silent]
|move|p1a: Toxica|Recover|p1a: Toxica
|-heal|p1a: Toxica|100/100
|
|upkeep
|turn|35
|
|t:|1779660079
|move|p2a: Kingambit|Iron Head|p1a: Toxica
|-resisted|p1a: Toxica
|-damage|p1a: Toxica|83/100
|move|p1a: Toxica|Chilling Water|p2a: Kingambit
|-damage|p2a: Kingambit|88/100
|-unboost|p2a: Kingambit|atk|1
|
|-heal|p2a: Kingambit|94/100|[from] item: Leftovers
|upkeep
|turn|36
|
|t:|1779660086
|move|p2a: Kingambit|Swords Dance|p2a: Kingambit
|-boost|p2a: Kingambit|atk|2
|move|p1a: Toxica|Chilling Water|p2a: Kingambit
|-damage|p2a: Kingambit|81/100
|-unboost|p2a: Kingambit|atk|1
|
|-heal|p2a: Kingambit|87/100|[from] item: Leftovers
|upkeep
|turn|37
|
|t:|1779660091
|move|p2a: Kingambit|Swords Dance|p2a: Kingambit
|-boost|p2a: Kingambit|atk|2
|move|p1a: Toxica|Chilling Water|p2a: Kingambit
|-damage|p2a: Kingambit|75/100
|-unboost|p2a: Kingambit|atk|1
|
|-heal|p2a: Kingambit|81/100|[from] item: Leftovers
|upkeep
|turn|38
|
|t:|1779660098
|move|p2a: Kingambit|Iron Head|p1a: Toxica
|-resisted|p1a: Toxica
|-damage|p1a: Toxica|60/100
|move|p1a: Toxica|Haze|p1a: Toxica
|-clearallboost
|
|-heal|p2a: Kingambit|87/100|[from] item: Leftovers
|upkeep
|turn|39
|
|t:|1779660104
|move|p2a: Kingambit|Swords Dance|p2a: Kingambit
|-boost|p2a: Kingambit|atk|2
|move|p1a: Toxica|Chilling Water|p2a: Kingambit
|-damage|p2a: Kingambit|76/100
|-unboost|p2a: Kingambit|atk|1
|
|-heal|p2a: Kingambit|82/100|[from] item: Leftovers
|upkeep
|turn|40
|
|t:|1779660108
|move|p2a: Kingambit|Iron Head|p1a: Toxica
|-resisted|p1a: Toxica
|-damage|p1a: Toxica|34/100
|move|p1a: Toxica|Chilling Water|p2a: Kingambit
|-damage|p2a: Kingambit|69/100
|-unboost|p2a: Kingambit|atk|1
|
|-heal|p2a: Kingambit|76/100|[from] item: Leftovers
|upkeep
|turn|41
|
|t:|1779660113
|switch|p1a: Chocolate|Landorus-Therian, M|18/100
|-ability|p1a: Chocolate|Intimidate|boost
|-unboost|p2a: Kingambit|atk|1
|move|p2a: Kingambit|Iron Head|p1a: Chocolate
|-damage|p1a: Chocolate|0 fnt
|faint|p1a: Chocolate
|
|-heal|p2a: Kingambit|82/100|[from] item: Leftovers
|upkeep
|
|t:|1779660120
|switch|p1a: Irene|Chandelure, F, shiny|52/100
|turn|42
|
|t:|1779660134
|-terastallize|p1a: Irene|Normal
|move|p2a: Kingambit|Sucker Punch|p1a: Irene
|-damage|p1a: Irene|7/100
|move|p1a: Irene|Flamethrower|p2a: Kingambit
|-supereffective|p2a: Kingambit
|-damage|p2a: Kingambit|0 fnt
|faint|p2a: Kingambit
|-end|p2a: Kingambit|fallen3|[silent]
|
|upkeep
|inactive|jojothesavage666 has 90 seconds left.
|
|t:|1779660162
|switch|p2a: Zapdos|Zapdos|7/100
|turn|43
|
|t:|1779660178
|move|p2a: Zapdos|Volt Switch|p1a: Irene
|-damage|p1a: Irene|0 fnt
|faint|p1a: Irene
|
|t:|1779660180
|switch|p2a: Ceruledge|Ceruledge, M|93/100|[from] Volt Switch
|
|upkeep
|
|t:|1779660184
|switch|p1a: Toxica|Toxapex, F, shiny|68/100
|turn|44
|
|t:|1779660204
|move|p2a: Ceruledge|Swords Dance|p2a: Ceruledge
|-boost|p2a: Ceruledge|atk|2
|move|p1a: Toxica|Toxic|p2a: Ceruledge
|-status|p2a: Ceruledge|tox
|
|-damage|p2a: Ceruledge|87/100 tox|[from] psn
|upkeep
|turn|45
|
|t:|1779660209
|move|p2a: Ceruledge|Bitter Blade|p1a: Toxica
|-resisted|p1a: Toxica
|-damage|p1a: Toxica|38/100
|-heal|p2a: Ceruledge|100/100 tox|[from] drain|[of] p1a: Toxica
|move|p1a: Toxica|Haze|p1a: Toxica
|-clearallboost
|
|-damage|p2a: Ceruledge|88/100 tox|[from] psn
|upkeep
|turn|46
|
|t:|1779660213
|switch|p2a: Zapdos|Zapdos|7/100
|move|p1a: Toxica|Recover|p1a: Toxica
|-heal|p1a: Toxica|88/100
|
|upkeep
|turn|47
|
|t:|1779660223
|switch|p1a: Cierzo|Tornadus-Therian, M|59/100 par
|-terastallize|p2a: Zapdos|Steel
|move|p2a: Zapdos|Roost|p2a: Zapdos
|-heal|p2a: Zapdos|57/100
|
|upkeep
|turn|48
|
|t:|1779660232
|switch|p2a: Ceruledge|Ceruledge, M|88/100 tox
|move|p1a: Cierzo|Bleakwind Storm|p2a: Ceruledge|[miss]
|-miss|p1a: Cierzo|p2a: Ceruledge
|
|-damage|p2a: Ceruledge|82/100 tox|[from] psn
|upkeep
|turn|49
|inactive|jojothesavage666 has 120 seconds left.
|
|t:|1779660257
|switch|p2a: Zapdos|Zapdos, tera:Steel|57/100
|switch|p1a: Toxica|Toxapex, F, shiny|100/100
|
|upkeep
|turn|50
|inactive|jojothesavage666 has 120 seconds left.
|
|t:|1779660276
|switch|p1a: The G.O.A.T.|Sylveon, F, shiny|100/100 par
|move|p2a: Zapdos|Roost|p2a: Zapdos
|-heal|p2a: Zapdos|100/100
|
|upkeep
|turn|51
|
|t:|1779660285
|switch|p2a: Ceruledge|Ceruledge, M|82/100 tox
|move|p1a: The G.O.A.T.|Hyper Voice|p2a: Ceruledge
|-resisted|p2a: Ceruledge
|-damage|p2a: Ceruledge|62/100 tox
|
|-damage|p2a: Ceruledge|56/100 tox|[from] psn
|upkeep
|turn|52
|
|t:|1779660293
|move|p2a: Ceruledge|Bitter Blade|p1a: The G.O.A.T.
|-damage|p1a: The G.O.A.T.|37/100 par
|-heal|p2a: Ceruledge|92/100 tox|[from] drain|[of] p1a: The G.O.A.T.
|move|p1a: The G.O.A.T.|Hyper Voice|p2a: Ceruledge
|-resisted|p2a: Ceruledge
|-damage|p2a: Ceruledge|72/100 tox
|
|-heal|p1a: The G.O.A.T.|43/100 par|[from] item: Leftovers
|-damage|p2a: Ceruledge|60/100 tox|[from] psn
|upkeep
|turn|53
|inactive|jojothesavage666 has 120 seconds left.
|
|t:|1779660320
|move|p1a: The G.O.A.T.|Protect|p1a: The G.O.A.T.
|-singleturn|p1a: The G.O.A.T.|Protect
|move|p2a: Ceruledge|Bitter Blade|p1a: The G.O.A.T.
|-activate|p1a: The G.O.A.T.|move: Protect
|
|-heal|p1a: The G.O.A.T.|49/100 par|[from] item: Leftovers
|-damage|p2a: Ceruledge|42/100 tox|[from] psn
|upkeep
|turn|54
|
|t:|1779660332
|switch|p1a: Toxica|Toxapex, F, shiny|100/100
|move|p2a: Ceruledge|Bitter Blade|p1a: Toxica
|-resisted|p1a: Toxica
|-damage|p1a: Toxica|86/100
|-heal|p2a: Ceruledge|49/100 tox|[from] drain|[of] p1a: Toxica
|
|-damage|p2a: Ceruledge|25/100 tox|[from] psn
|upkeep
|turn|55
|inactive|jojothesavage666 has 120 seconds left.
|
|t:|1779660353
|move|p2a: Ceruledge|Bitter Blade|p1a: Toxica
|-resisted|p1a: Toxica
|-damage|p1a: Toxica|70/100
|-heal|p2a: Ceruledge|31/100 tox|[from] drain|[of] p1a: Toxica
|move|p1a: Toxica|Chilling Water|p2a: Ceruledge
|-supereffective|p2a: Ceruledge
|-damage|p2a: Ceruledge|11/100 tox
|-unboost|p2a: Ceruledge|atk|1
|
|-damage|p2a: Ceruledge|0 fnt|[from] psn
|faint|p2a: Ceruledge
|upkeep
|
|t:|1779660354
|switch|p2a: Zapdos|Zapdos, tera:Steel|100/100
|turn|56
|
|t:|1779660357
|move|p2a: Zapdos|Volt Switch|p1a: Toxica
|-supereffective|p1a: Toxica
|-damage|p1a: Toxica|0 fnt
|faint|p1a: Toxica
|
|upkeep
|
|t:|1779660365
|switch|p1a: The G.O.A.T.|Sylveon, F, shiny|49/100 par
|turn|57
|
|t:|1779660368
|move|p2a: Zapdos|Volt Switch|p1a: The G.O.A.T.
|-damage|p1a: The G.O.A.T.|25/100 par
|move|p1a: The G.O.A.T.|Wish|p1a: The G.O.A.T.
|
|-heal|p1a: The G.O.A.T.|31/100 par|[from] item: Leftovers
|upkeep
|turn|58
|
|t:|1779660374
|cant|p1a: The G.O.A.T.|par
|move|p2a: Zapdos|Volt Switch|p1a: The G.O.A.T.
|-damage|p1a: The G.O.A.T.|8/100 par
|
|-heal|p1a: The G.O.A.T.|58/100 par|[from] move: Wish|[wisher] The G.O.A.T.
|-heal|p1a: The G.O.A.T.|64/100 par|[from] item: Leftovers
|upkeep
|turn|59
|
|t:|1779660380
|move|p2a: Zapdos|Volt Switch|p1a: The G.O.A.T.
|-damage|p1a: The G.O.A.T.|42/100 par
|move|p1a: The G.O.A.T.|Wish|p1a: The G.O.A.T.
|
|-heal|p1a: The G.O.A.T.|48/100 par|[from] item: Leftovers
|upkeep
|turn|60
|
|t:|1779660385
|cant|p1a: The G.O.A.T.|par
|move|p2a: Zapdos|Volt Switch|p1a: The G.O.A.T.
|-damage|p1a: The G.O.A.T.|24/100 par
|
|-heal|p1a: The G.O.A.T.|74/100 par|[from] move: Wish|[wisher] The G.O.A.T.
|-heal|p1a: The G.O.A.T.|80/100 par|[from] item: Leftovers
|upkeep
|turn|61
|
|t:|1779660392
|move|p2a: Zapdos|Volt Switch|p1a: The G.O.A.T.
|-damage|p1a: The G.O.A.T.|57/100 par
|move|p1a: The G.O.A.T.|Wish|p1a: The G.O.A.T.
|
|-heal|p1a: The G.O.A.T.|63/100 par|[from] item: Leftovers
|upkeep
|turn|62
|
|t:|1779660399
|move|p2a: Zapdos|Volt Switch|p1a: The G.O.A.T.
|-damage|p1a: The G.O.A.T.|40/100 par
|move|p1a: The G.O.A.T.|Hyper Voice|p2a: Zapdos
|-resisted|p2a: Zapdos
|-damage|p2a: Zapdos|81/100
|
|-heal|p1a: The G.O.A.T.|90/100 par|[from] move: Wish|[wisher] The G.O.A.T.
|-heal|p1a: The G.O.A.T.|96/100 par|[from] item: Leftovers
|upkeep
|turn|63
|
|t:|1779660406
|move|p2a: Zapdos|Volt Switch|p1a: The G.O.A.T.
|-damage|p1a: The G.O.A.T.|74/100 par
|move|p1a: The G.O.A.T.|Hyper Voice|p2a: Zapdos
|-resisted|p2a: Zapdos
|-damage|p2a: Zapdos|62/100
|
|-heal|p1a: The G.O.A.T.|80/100 par|[from] item: Leftovers
|upkeep
|turn|64
|
|t:|1779660410
|move|p2a: Zapdos|Volt Switch|p1a: The G.O.A.T.
|-damage|p1a: The G.O.A.T.|57/100 par
|cant|p1a: The G.O.A.T.|par
|
|-heal|p1a: The G.O.A.T.|63/100 par|[from] item: Leftovers
|upkeep
|turn|65
|
|t:|1779660413
|move|p2a: Zapdos|Volt Switch|p1a: The G.O.A.T.
|-damage|p1a: The G.O.A.T.|42/100 par
|move|p1a: The G.O.A.T.|Wish|p1a: The G.O.A.T.
|
|-heal|p1a: The G.O.A.T.|48/100 par|[from] item: Leftovers
|upkeep
|turn|66
|
|t:|1779660419
|move|p2a: Zapdos|Volt Switch|p1a: The G.O.A.T.
|-damage|p1a: The G.O.A.T.|23/100 par
|move|p1a: The G.O.A.T.|Hyper Voice|p2a: Zapdos
|-resisted|p2a: Zapdos
|-damage|p2a: Zapdos|44/100
|
|-heal|p1a: The G.O.A.T.|73/100 par|[from] move: Wish|[wisher] The G.O.A.T.
|-heal|p1a: The G.O.A.T.|79/100 par|[from] item: Leftovers
|upkeep
|turn|67
|
|t:|1779660425
|move|p2a: Zapdos|Volt Switch|p1a: The G.O.A.T.
|-damage|p1a: The G.O.A.T.|58/100 par
|cant|p1a: The G.O.A.T.|par
|
|-heal|p1a: The G.O.A.T.|64/100 par|[from] item: Leftovers
|upkeep
|turn|68
|
|t:|1779660430
|move|p2a: Zapdos|Volt Switch|p1a: The G.O.A.T.
|-damage|p1a: The G.O.A.T.|40/100 par
|cant|p1a: The G.O.A.T.|par
|
|-heal|p1a: The G.O.A.T.|46/100 par|[from] item: Leftovers
|upkeep
|turn|69
|inactive|MBlas2002 has 120 seconds left.
|
|t:|1779660464
|move|p1a: The G.O.A.T.|Protect|p1a: The G.O.A.T.
|-singleturn|p1a: The G.O.A.T.|Protect
|move|p2a: Zapdos|Volt Switch|p1a: The G.O.A.T.
|-activate|p1a: The G.O.A.T.|move: Protect
|
|-heal|p1a: The G.O.A.T.|53/100 par|[from] item: Leftovers
|upkeep
|turn|70
|
|t:|1779660466
|move|p2a: Zapdos|Volt Switch|p1a: The G.O.A.T.
|-damage|p1a: The G.O.A.T.|28/100 par
|move|p1a: The G.O.A.T.|Wish|p1a: The G.O.A.T.
|
|-heal|p1a: The G.O.A.T.|34/100 par|[from] item: Leftovers
|upkeep
|turn|71
|
|t:|1779660472
|cant|p1a: The G.O.A.T.|par
|move|p2a: Zapdos|Volt Switch|p1a: The G.O.A.T.
|-damage|p1a: The G.O.A.T.|11/100 par
|
|-heal|p1a: The G.O.A.T.|61/100 par|[from] move: Wish|[wisher] The G.O.A.T.
|-heal|p1a: The G.O.A.T.|67/100 par|[from] item: Leftovers
|upkeep
|turn|72
|
|t:|1779660477
|move|p2a: Zapdos|Volt Switch|p1a: The G.O.A.T.
|-damage|p1a: The G.O.A.T.|43/100 par
|move|p1a: The G.O.A.T.|Wish|p1a: The G.O.A.T.
|
|-heal|p1a: The G.O.A.T.|49/100 par|[from] item: Leftovers
|upkeep
|turn|73
|
|t:|1779660482
|move|p1a: The G.O.A.T.|Protect|p1a: The G.O.A.T.
|-singleturn|p1a: The G.O.A.T.|Protect
|move|p2a: Zapdos|Volt Switch|p1a: The G.O.A.T.
|-activate|p1a: The G.O.A.T.|move: Protect
|
|-heal|p1a: The G.O.A.T.|99/100 par|[from] move: Wish|[wisher] The G.O.A.T.
|-heal|p1a: The G.O.A.T.|100/100 par|[from] item: Leftovers
|upkeep
|turn|74
|
|t:|1779660485
|move|p2a: Zapdos|Volt Switch|p1a: The G.O.A.T.
|-damage|p1a: The G.O.A.T.|77/100 par
|move|p1a: The G.O.A.T.|Hyper Voice|p2a: Zapdos
|-resisted|p2a: Zapdos
|-damage|p2a: Zapdos|23/100
|
|-heal|p1a: The G.O.A.T.|83/100 par|[from] item: Leftovers
|upkeep
|turn|75
|
|t:|1779660497
|move|p2a: Zapdos|Volt Switch|p1a: The G.O.A.T.
|-damage|p1a: The G.O.A.T.|58/100 par
|move|p1a: The G.O.A.T.|Hyper Voice|p2a: Zapdos
|-resisted|p2a: Zapdos
|-damage|p2a: Zapdos|3/100
|
|-heal|p1a: The G.O.A.T.|64/100 par|[from] item: Leftovers
|upkeep
|turn|76
|
|t:|1779660499
|move|p2a: Zapdos|Volt Switch|p1a: The G.O.A.T.
|-damage|p1a: The G.O.A.T.|42/100 par
|move|p1a: The G.O.A.T.|Hyper Voice|p2a: Zapdos
|-resisted|p2a: Zapdos
|-damage|p2a: Zapdos|0 fnt
|faint|p2a: Zapdos
|
|win|MBlas2002
|raw|MBlas2002's rating: 1375 &rarr; <strong>1397</strong><br />(+22 for winning)
|raw|jojothesavage666's rating: 1409 &rarr; <strong>1387</strong><br />(-22 for losing)
|l|☆jojothesavage666
|player|p2|
|l|☆MBlas2002
|player|p1|
