|j|☆Lukas21
|j|☆chopinthe3rd
|t:|1779640658
|gametype|singles
|player|p1|Lukas21|265|1128
|player|p2|chopinthe3rd|marshal|1124
|gen|9
|tier|[Gen 9] OU
|rated|
|rule|HP Percentage Mod: HP is shown in percentages
|rule|Endless Battle Clause: Forcing endless battles is banned
|rule|Species Clause: Limit one of each Pokémon
|rule|OHKO Clause: OHKO moves are banned
|rule|Evasion Items Clause: Evasion items are banned
|rule|Evasion Moves Clause: Evasion moves are banned
|rule|Evasion Abilities Clause: Evasion abilities are banned
|rule|Sleep Moves Clause: Sleep-inducing moves are banned
|clearpoke
|poke|p1|Scyther, F|
|poke|p1|Incineroar, M|
|poke|p1|Eelektross, M|
|poke|p1|Glimmora, M|
|poke|p1|Copperajah, M|
|poke|p1|Hydrapple, M|
|poke|p2|Zangoose, F|
|poke|p2|Wyrdeer, M|
|poke|p2|Crabominable, M|
|poke|p2|Quaquaval, F|
|poke|p2|Golurk|
|poke|p2|Blaziken, M|
|teampreview
|
|t:|1779640665
|teamsize|p1|6
|teamsize|p2|6
|start
|switch|p1a: Eelektross|Eelektross, M|100/100
|switch|p2a: Wyrdeer|Wyrdeer, M|100/100
|-ability|p2a: Wyrdeer|Intimidate|boost
|-unboost|p1a: Eelektross|atk|1
|turn|1
|
|t:|1779640675
|switch|p2a: Golurk|Golurk|100/100
|move|p1a: Eelektross|Discharge|p2a: Golurk
|-immune|p2a: Golurk
|
|upkeep
|turn|2
|
|t:|1779640691
|move|p2a: Golurk|Dynamic Punch|p1a: Eelektross
|-damage|p1a: Eelektross|64/100
|-start|p1a: Eelektross|confusion
|-activate|p1a: Eelektross|confusion
|move|p1a: Eelektross|Giga Drain|p2a: Golurk
|-supereffective|p2a: Golurk
|-crit|p2a: Golurk
|-damage|p2a: Golurk|25/100
|-heal|p1a: Eelektross|100/100|[from] drain|[of] p2a: Golurk
|
|upkeep
|turn|3
|
|t:|1779640703
|move|p2a: Golurk|Poltergeist|p1a: Eelektross
|-activate|p1a: Eelektross|move: Poltergeist|Assault Vest
|-damage|p1a: Eelektross|39/100
|-activate|p1a: Eelektross|confusion
|move|p1a: Eelektross|Giga Drain|p2a: Golurk
|-supereffective|p2a: Golurk
|-damage|p2a: Golurk|0 fnt
|-heal|p1a: Eelektross|54/100|[from] drain|[of] p2a: Golurk
|faint|p2a: Golurk
|
|upkeep
|
|t:|1779640718
|switch|p2a: Zangoose|Zangoose, F|100/100
|turn|4
|
|t:|1779640730
|switch|p1a: Incineroar|Incineroar, M|100/100
|-ability|p1a: Incineroar|Intimidate|boost
|-unboost|p2a: Zangoose|atk|1
|move|p2a: Zangoose|Double-Edge|p1a: Incineroar
|-damage|p1a: Incineroar|68/100
|-damage|p2a: Zangoose|87/100|[from] Recoil
|
|-status|p2a: Zangoose|tox|[from] item: Toxic Orb
|upkeep
|turn|5
|
|t:|1779640743
|move|p1a: Incineroar|Fake Out|p2a: Zangoose
|-damage|p2a: Zangoose|65/100 tox
|cant|p2a: Zangoose|flinch
|
|-damage|p2a: Zangoose|59/100 tox|[from] psn
|upkeep
|turn|6
|
|t:|1779640756
|move|p2a: Zangoose|Facade|p1a: Incineroar
|-damage|p1a: Incineroar|5/100
|move|p1a: Incineroar|Parting Shot|p2a: Zangoose
|-unboost|p2a: Zangoose|atk|1
|-unboost|p2a: Zangoose|spa|1
|
|t:|1779640763
|switch|p1a: Copperajah|Copperajah, M|100/100|[from] Parting Shot
|
|-damage|p2a: Zangoose|47/100 tox|[from] psn
|upkeep
|turn|7
|
|t:|1779640772
|switch|p2a: Quaquaval|Quaquaval, F|100/100
|move|p1a: Copperajah|Zen Headbutt|p2a: Quaquaval
|-supereffective|p2a: Quaquaval
|-damage|p2a: Quaquaval|7/100
|
|upkeep
|turn|8
|
|t:|1779640785
|move|p2a: Quaquaval|Close Combat|p1a: Copperajah
|-supereffective|p1a: Copperajah
|-damage|p1a: Copperajah|5/100
|-unboost|p2a: Quaquaval|def|1
|-unboost|p2a: Quaquaval|spd|1
|move|p1a: Copperajah|Iron Head|p2a: Quaquaval
|-resisted|p2a: Quaquaval
|-damage|p2a: Quaquaval|0 fnt
|faint|p2a: Quaquaval
|
|-heal|p1a: Copperajah|11/100|[from] item: Leftovers
|upkeep
|
|t:|1779640797
|switch|p2a: Blaziken|Blaziken, M|100/100
|turn|9
|
|t:|1779640802
|move|p2a: Blaziken|Flare Blitz|p1a: Copperajah
|-supereffective|p1a: Copperajah
|-damage|p1a: Copperajah|0 fnt
|faint|p1a: Copperajah
|-damage|p2a: Blaziken|96/100|[from] Recoil
|
|-ability|p2a: Blaziken|Speed Boost|boost
|-boost|p2a: Blaziken|spe|1
|upkeep
|
|t:|1779640812
|switch|p1a: Incineroar|Incineroar, M|5/100
|-ability|p1a: Incineroar|Intimidate|boost
|-unboost|p2a: Blaziken|atk|1
|turn|10
|
|t:|1779640821
|move|p1a: Incineroar|Fake Out|p2a: Blaziken
|-damage|p2a: Blaziken|77/100
|cant|p2a: Blaziken|flinch
|
|-ability|p2a: Blaziken|Speed Boost|boost
|-boost|p2a: Blaziken|spe|1
|upkeep
|turn|11
|
|t:|1779640834
|switch|p1a: Glimmora|Glimmora, M|100/100
|-item|p1a: Glimmora|Air Balloon
|move|p2a: Blaziken|Close Combat|p1a: Glimmora
|-crit|p1a: Glimmora
|-damage|p1a: Glimmora|12/100
|-unboost|p2a: Blaziken|def|1
|-unboost|p2a: Blaziken|spd|1
|-activate|p1a: Glimmora|ability: Toxic Debris
|-sidestart|p2: chopinthe3rd|move: Toxic Spikes
|-enditem|p1a: Glimmora|Air Balloon
|
|-ability|p2a: Blaziken|Speed Boost|boost
|-boost|p2a: Blaziken|spe|1
|upkeep
|turn|12
|
|t:|1779640849
|move|p2a: Blaziken|Close Combat|p1a: Glimmora
|-damage|p1a: Glimmora|0 fnt
|-unboost|p2a: Blaziken|def|1
|-unboost|p2a: Blaziken|spd|1
|-activate|p1a: Glimmora|ability: Toxic Debris
|-sidestart|p2: chopinthe3rd|move: Toxic Spikes
|faint|p1a: Glimmora
|
|-ability|p2a: Blaziken|Speed Boost|boost
|-boost|p2a: Blaziken|spe|1
|upkeep
|
|t:|1779640863
|switch|p1a: Hydrapple|Hydrapple, M|100/100
|turn|13
|
|t:|1779640869
|switch|p2a: Zangoose|Zangoose, F|47/100 tox
|move|p1a: Hydrapple|Earth Power|p2a: Zangoose
|-damage|p2a: Zangoose|0 fnt
|faint|p2a: Zangoose
|-damage|p1a: Hydrapple|91/100|[from] item: Life Orb
|
|upkeep
|
|t:|1779640877
|switch|p2a: Crabominable|Crabominable, M|100/100
|-status|p2a: Crabominable|tox
|turn|14
|
|t:|1779640884
|switch|p1a: Incineroar|Incineroar, M|5/100
|-ability|p1a: Incineroar|Intimidate|boost
|-unboost|p2a: Crabominable|atk|1
|move|p2a: Crabominable|Ice Hammer|p1a: Incineroar
|-resisted|p1a: Incineroar
|-damage|p1a: Incineroar|0 fnt
|-unboost|p2a: Crabominable|spe|1
|faint|p1a: Incineroar
|
|-damage|p2a: Crabominable|94/100 tox|[from] psn
|upkeep
|
|t:|1779640894
|switch|p1a: Eelektross|Eelektross, M|54/100
|turn|15
|
|t:|1779640902
|switch|p2a: Blaziken|Blaziken, M|77/100
|-status|p2a: Blaziken|tox
|move|p1a: Eelektross|Flamethrower|p2a: Blaziken
|-resisted|p2a: Blaziken
|-damage|p2a: Blaziken|56/100 tox
|
|-damage|p2a: Blaziken|50/100 tox|[from] psn
|upkeep
|turn|16
|
|t:|1779640915
|move|p2a: Blaziken|Flare Blitz|p1a: Eelektross
|-damage|p1a: Eelektross|0 fnt
|faint|p1a: Eelektross
|-damage|p2a: Blaziken|32/100 tox|[from] Recoil
|
|-damage|p2a: Blaziken|20/100 tox|[from] psn
|-ability|p2a: Blaziken|Speed Boost|boost
|-boost|p2a: Blaziken|spe|1
|upkeep
|
|t:|1779640923
|switch|p1a: Scyther|Scyther, F|100/100
|turn|17
|
|t:|1779640929
|move|p1a: Scyther|Quick Attack|p2a: Blaziken
|-damage|p2a: Blaziken|0 fnt
|faint|p2a: Blaziken
|
|upkeep
|
|t:|1779640935
|switch|p2a: Crabominable|Crabominable, M|94/100 tox
|turn|18
|
|t:|1779640938
|move|p1a: Scyther|Dual Wingbeat|p2a: Crabominable
|-supereffective|p2a: Crabominable
|-damage|p2a: Crabominable|49/100 tox
|-supereffective|p2a: Crabominable
|-damage|p2a: Crabominable|0 fnt
|faint|p2a: Crabominable
|-hitcount|p2: Crabominable|2
|
|upkeep
|
|t:|1779640945
|switch|p2a: Wyrdeer|Wyrdeer, M|100/100
|-status|p2a: Wyrdeer|tox
|-ability|p2a: Wyrdeer|Intimidate|boost
|-unboost|p1a: Scyther|atk|1
|turn|19
|
|t:|1779640955
|-terastallize|p2a: Wyrdeer|Normal
|move|p1a: Scyther|U-turn|p2a: Wyrdeer
|-damage|p2a: Wyrdeer|81/100 tox
|
|t:|1779640959
|switch|p1a: Hydrapple|Hydrapple, M|100/100|[from] U-turn
|move|p2a: Wyrdeer|Psychic|p1a: Hydrapple
|-damage|p1a: Hydrapple|50/100
|
|-damage|p2a: Wyrdeer|75/100 tox|[from] psn
|upkeep
|turn|20
|
|t:|1779640969
|move|p2a: Wyrdeer|Psychic|p1a: Hydrapple
|-damage|p1a: Hydrapple|5/100
|move|p1a: Hydrapple|Fickle Beam|p2a: Wyrdeer|[anim] Fickle Beam All Out
|-activate|p1a: Hydrapple|move: Fickle Beam
|-damage|p2a: Wyrdeer|0 fnt
|faint|p2a: Wyrdeer
|-damage|p1a: Hydrapple|0 fnt|[from] item: Life Orb
|faint|p1a: Hydrapple
|
|win|Lukas21
|raw|Lukas21's rating: 1128 &rarr; <strong>1153</strong><br />(+25 for winning)
|raw|chopinthe3rd's rating: 1124 &rarr; <strong>1099</strong><br />(-25 for losing)
|c|☆chopinthe3rd|Gg
|l|☆Lukas21
|player|p1|
|l|☆chopinthe3rd
|player|p2|
|j|☆chopinthe3rd
|player|p2|chopinthe3rd|marshal|
