|j|☆mpreg fantasies
|j|☆yangtao
|t:|1779698529
|gametype|singles
|player|p1|mpreg fantasies|170|1638
|player|p2|yangtao|reporter|1627
|gen|9
|tier|[Gen 9] OU
|rated|
|rule|HP Percentage Mod: HP is shown in percentages
|rule|Endless Battle Clause: Forcing endless battles is banned
|rule|Species Clause: Limit one of each Pokémon
|rule|OHKO Clause: OHKO moves are banned
|rule|Evasion Items Clause: Evasion items are banned
|rule|Evasion Moves Clause: Evasion moves are banned
|rule|Evasion Abilities Clause: Evasion abilities are banned
|rule|Sleep Moves Clause: Sleep-inducing moves are banned
|clearpoke
|poke|p1|Gholdengo|
|poke|p1|Raging Bolt|
|poke|p1|Ceruledge, M|
|poke|p1|Ribombee, F|
|poke|p1|Dragonite, F|
|poke|p1|Great Tusk|
|poke|p2|Hydreigon, M|
|poke|p2|Gholdengo|
|poke|p2|Zamazenta-*|
|poke|p2|Corviknight, F|
|poke|p2|Alomomola, F|
|poke|p2|Landorus-Therian, M|
|teampreview
|inactive|Battle timer is ON: inactive players will automatically lose when time's up. (requested by yangtao)
|
|t:|1779698541
|teamsize|p1|6
|teamsize|p2|6
|start
|switch|p1a: Ribombee|Ribombee, F|100/100
|switch|p2a: Gholdengo|Gholdengo|100/100
|turn|1
|
|t:|1779698545
|move|p1a: Ribombee|Sticky Web|p2a: Gholdengo
|-sidestart|p2: yangtao|move: Sticky Web
|move|p2a: Gholdengo|Shadow Ball|p1a: Ribombee
|-damage|p1a: Ribombee|29/100
|
|upkeep
|turn|2
|
|t:|1779698548
|move|p1a: Ribombee|Moonblast|p2a: Gholdengo
|-resisted|p2a: Gholdengo
|-damage|p2a: Gholdengo|82/100
|move|p2a: Gholdengo|Shadow Ball|p1a: Ribombee
|-damage|p1a: Ribombee|0 fnt
|faint|p1a: Ribombee
|
|-heal|p2a: Gholdengo|88/100|[from] item: Leftovers
|upkeep
|j| Disscratch
|
|t:|1779698556
|switch|p1a: Ceruledge|Ceruledge, M|100/100
|turn|3
|
|t:|1779698563
|switch|p2a: Hydreigon|Hydreigon, M|100/100
|move|p1a: Ceruledge|Poltergeist|p2a: Hydreigon|[miss]
|-miss|p1a: Ceruledge|p2a: Hydreigon
|
|upkeep
|turn|4
|
|t:|1779698570
|switch|p1a: Great Tusk|Great Tusk|100/100
|-enditem|p1a: Great Tusk|Booster Energy
|-activate|p1a: Great Tusk|ability: Protosynthesis|[fromitem]
|-start|p1a: Great Tusk|protosynthesisatk
|move|p2a: Hydreigon|Dark Pulse|p1a: Great Tusk
|-resisted|p1a: Great Tusk
|-damage|p1a: Great Tusk|53/100
|
|upkeep
|turn|5
|
|t:|1779698585
|switch|p2a: Alomomola|Alomomola, F|100/100
|-activate|p2a: Alomomola|move: Sticky Web
|-unboost|p2a: Alomomola|spe|1
|-end|p1a: Great Tusk|Protosynthesis|[silent]
|switch|p1a: Ceruledge|Ceruledge, M|100/100
|
|upkeep
|turn|6
|
|t:|1779698593
|move|p1a: Ceruledge|Swords Dance|p1a: Ceruledge
|-boost|p1a: Ceruledge|atk|2
|move|p2a: Alomomola|Flip Turn|p1a: Ceruledge
|-supereffective|p1a: Ceruledge
|-damage|p1a: Ceruledge|59/100
|-ability|p1a: Ceruledge|Weak Armor|boost
|-unboost|p1a: Ceruledge|def|1
|-boost|p1a: Ceruledge|spe|2
|
|t:|1779698600
|switch|p2a: Landorus|Landorus-Therian, M|100/100|[from] Flip Turn
|-ability|p2a: Landorus|Intimidate|boost
|-unboost|p1a: Ceruledge|atk|1
|
|upkeep
|turn|7
|
|t:|1779698608
|-terastallize|p1a: Ceruledge|Ghost
|move|p1a: Ceruledge|Poltergeist|p2a: Landorus
|-activate|p2a: Landorus|move: Poltergeist|Choice Scarf
|-damage|p2a: Landorus|0 fnt
|faint|p2a: Landorus
|
|upkeep
|
|t:|1779698612
|switch|p2a: Hydreigon|Hydreigon, M|100/100
|turn|8
|
|t:|1779698617
|move|p1a: Ceruledge|Poltergeist|p2a: Hydreigon
|-activate|p2a: Hydreigon|move: Poltergeist|Choice Specs
|-resisted|p2a: Hydreigon
|-damage|p2a: Hydreigon|24/100
|move|p2a: Hydreigon|Dark Pulse|p1a: Ceruledge
|-supereffective|p1a: Ceruledge
|-damage|p1a: Ceruledge|0 fnt
|faint|p1a: Ceruledge
|
|upkeep
|
|t:|1779698623
|switch|p1a: Dragonite|Dragonite, F|100/100
|turn|9
|
|t:|1779698625
|move|p2a: Hydreigon|Dark Pulse|p1a: Dragonite
|-damage|p1a: Dragonite|70/100
|move|p1a: Dragonite|Dragon Dance|p1a: Dragonite
|-boost|p1a: Dragonite|atk|1
|-boost|p1a: Dragonite|spe|1
|
|upkeep
|turn|10
|
|t:|1779698630
|switch|p2a: Corviknight|Corviknight, F|100/100
|-ability|p2a: Corviknight|Pressure
|move|p1a: Dragonite|Scale Shot|p2a: Corviknight
|-resisted|p2a: Corviknight
|-damage|p2a: Corviknight|94/100
|-resisted|p2a: Corviknight
|-damage|p2a: Corviknight|87/100
|-resisted|p2a: Corviknight
|-damage|p2a: Corviknight|80/100
|-resisted|p2a: Corviknight
|-damage|p2a: Corviknight|74/100
|-resisted|p2a: Corviknight
|-damage|p2a: Corviknight|67/100
|-hitcount|p2a: Corviknight|5
|-unboost|p1a: Dragonite|def|1
|-boost|p1a: Dragonite|spe|1
|
|upkeep
|turn|11
|
|t:|1779698641
|move|p1a: Dragonite|Fire Punch|p2a: Corviknight
|-supereffective|p2a: Corviknight
|-damage|p2a: Corviknight|18/100
|-damage|p1a: Dragonite|53/100|[from] item: Rocky Helmet|[of] p2a: Corviknight
|move|p2a: Corviknight|Brave Bird|p1a: Dragonite
|-damage|p1a: Dragonite|0 fnt
|faint|p1a: Dragonite
|-damage|p2a: Corviknight|4/100|[from] Recoil
|
|upkeep
|
|t:|1779698654
|switch|p1a: Raging Bolt|Raging Bolt|100/100
|-enditem|p1a: Raging Bolt|Booster Energy
|-activate|p1a: Raging Bolt|ability: Protosynthesis|[fromitem]
|-start|p1a: Raging Bolt|protosynthesisspa
|turn|12
|
|t:|1779698656
|move|p1a: Raging Bolt|Calm Mind|p1a: Raging Bolt
|-boost|p1a: Raging Bolt|spa|1
|-boost|p1a: Raging Bolt|spd|1
|move|p2a: Corviknight|Defog|p1a: Raging Bolt
|-unboost|p1a: Raging Bolt|evasion|1
|-sideend|p2: yangtao|Sticky Web|[from] move: Defog|[of] p2a: Corviknight
|
|upkeep
|turn|13
|j| liptight
|
|t:|1779698663
|move|p1a: Raging Bolt|Calm Mind|p1a: Raging Bolt
|-boost|p1a: Raging Bolt|spa|1
|-boost|p1a: Raging Bolt|spd|1
|move|p2a: Corviknight|U-turn|p1a: Raging Bolt
|-damage|p1a: Raging Bolt|88/100
|c| liptight|w name
|
|t:|1779698669
|switch|p2a: Alomomola|Alomomola, F|100/100|[from] U-turn
|
|upkeep
|turn|14
|
|t:|1779698676
|-terastallize|p2a: Alomomola|Fairy
|move|p1a: Raging Bolt|Calm Mind|p1a: Raging Bolt
|-boost|p1a: Raging Bolt|spa|1
|-boost|p1a: Raging Bolt|spd|1
|move|p2a: Alomomola|Mirror Coat||[still]
|-fail|p2a: Alomomola
|
|upkeep
|turn|15
|
|t:|1779698682
|move|p1a: Raging Bolt|Calm Mind|p1a: Raging Bolt
|-boost|p1a: Raging Bolt|spa|1
|-boost|p1a: Raging Bolt|spd|1
|move|p2a: Alomomola|Scald|p1a: Raging Bolt
|-resisted|p1a: Raging Bolt
|-damage|p1a: Raging Bolt|86/100
|
|upkeep
|turn|16
|
|t:|1779698688
|move|p1a: Raging Bolt|Calm Mind|p1a: Raging Bolt
|-boost|p1a: Raging Bolt|spa|1
|-boost|p1a: Raging Bolt|spd|1
|move|p2a: Alomomola|Scald|p1a: Raging Bolt
|-resisted|p1a: Raging Bolt
|-damage|p1a: Raging Bolt|84/100
|
|upkeep
|turn|17
|
|t:|1779698695
|move|p1a: Raging Bolt|Discharge|p2a: Alomomola
|-damage|p2a: Alomomola|0 fnt
|faint|p2a: Alomomola
|
|upkeep
|
|t:|1779698701
|switch|p2a: Hydreigon|Hydreigon, M|24/100
|turn|18
|j| yuureisuisei
|inactive|mpreg fantasies has 120 seconds left.
|j| wyjmjl
|
|t:|1779698761
|switch|p2a: Gholdengo|Gholdengo|88/100
|move|p1a: Raging Bolt|Thunderclap||[still]
|-fail|p1a: Raging Bolt
|
|-heal|p2a: Gholdengo|94/100|[from] item: Leftovers
|upkeep
|turn|19
|
|t:|1779698770
|move|p1a: Raging Bolt|Discharge|p2a: Gholdengo
|-damage|p2a: Gholdengo|0 fnt
|faint|p2a: Gholdengo
|
|upkeep
|
|t:|1779698773
|switch|p2a: Hydreigon|Hydreigon, M|24/100
|turn|20
|
|t:|1779698776
|move|p1a: Raging Bolt|Thunderclap|p2a: Hydreigon
|-resisted|p2a: Hydreigon
|-damage|p2a: Hydreigon|0 fnt
|faint|p2a: Hydreigon
|
|upkeep
|
|t:|1779698778
|switch|p2a: Zamazenta|Zamazenta|100/100
|-ability|p2a: Zamazenta|Dauntless Shield|boost
|-boost|p2a: Zamazenta|def|1
|turn|21
|
|t:|1779698782
|move|p2a: Zamazenta|Close Combat|p1a: Raging Bolt
|-damage|p1a: Raging Bolt|9/100
|-unboost|p2a: Zamazenta|def|1
|-unboost|p2a: Zamazenta|spd|1
|-damage|p2a: Zamazenta|91/100|[from] item: Life Orb
|move|p1a: Raging Bolt|Discharge|p2a: Zamazenta
|-damage|p2a: Zamazenta|0 fnt
|faint|p2a: Zamazenta
|
|upkeep
|-message|yangtao forfeited.
|
|win|mpreg fantasies
|raw|mpreg fantasies's rating: 1638 &rarr; <strong>1657</strong><br />(+19 for winning)
|raw|yangtao's rating: 1627 &rarr; <strong>1608</strong><br />(-19 for losing)
|c|☆mpreg fantasies|Gg
|l| wyjmjl
|l|☆mpreg fantasies
|player|p1|
|l| liptight
|l| yuureisuisei
