|j|☆XLerouxe
|j|☆Noiir273
|t:|1779607299
|gametype|singles
|player|p1|XLerouxe|byron|1072
|player|p2|Noiir273|265|1105
|gen|9
|tier|[Gen 9] OU
|rated|
|rule|HP Percentage Mod: HP is shown in percentages
|rule|Endless Battle Clause: Forcing endless battles is banned
|rule|Species Clause: Limit one of each Pokémon
|rule|OHKO Clause: OHKO moves are banned
|rule|Evasion Items Clause: Evasion items are banned
|rule|Evasion Moves Clause: Evasion moves are banned
|rule|Evasion Abilities Clause: Evasion abilities are banned
|rule|Sleep Moves Clause: Sleep-inducing moves are banned
|clearpoke
|poke|p1|Politoed, F|
|poke|p1|Azumarill, M|
|poke|p1|Jirachi|
|poke|p1|Sudowoodo, L1, M|
|poke|p1|Kingdra, M|
|poke|p1|Incineroar, M|
|poke|p2|Cinderace, M|
|poke|p2|Dragapult, F|
|poke|p2|Primarina, F|
|poke|p2|Kingambit, M|
|poke|p2|Gliscor, M|
|poke|p2|Slowking-Galar, F|
|teampreview
|inactive|Battle timer is ON: inactive players will automatically lose when time's up. (requested by Noiir273)
|
|t:|1779607317
|teamsize|p1|6
|teamsize|p2|6
|start
|switch|p1a: Sudowoodo|Sudowoodo, L1, M, shiny|100/100
|switch|p2a: Glucose|Gliscor, M, shiny|100/100
|turn|1
|
|t:|1779607326
|move|p2a: Glucose|Stealth Rock|p1a: Sudowoodo
|-sidestart|p1: XLerouxe|move: Stealth Rock
|move|p1a: Sudowoodo|Endeavor|p2a: Glucose
|-damage|p2a: Glucose|4/100
|
|-status|p2a: Glucose|tox|[from] item: Toxic Orb
|upkeep
|turn|2
|
|t:|1779607335
|switch|p1a: Incineroar|Incineroar, M|100/100
|-damage|p1a: Incineroar|76/100|[from] Stealth Rock
|-ability|p1a: Incineroar|Intimidate|boost
|-unboost|p2a: Glucose|atk|1
|move|p2a: Glucose|Protect||[still]
|-fail|p2a: Glucose
|
|-heal|p2a: Glucose|16/100 tox|[from] ability: Poison Heal
|upkeep
|turn|3
|
|t:|1779607346
|move|p2a: Glucose|Protect|p2a: Glucose
|-singleturn|p2a: Glucose|Protect
|move|p1a: Incineroar|Fake Out|p2a: Glucose
|-activate|p2a: Glucose|move: Protect
|
|-heal|p2a: Glucose|29/100 tox|[from] ability: Poison Heal
|upkeep
|turn|4
|
|t:|1779607354
|move|p2a: Glucose|Earthquake|p1a: Incineroar
|-supereffective|p1a: Incineroar
|-damage|p1a: Incineroar|24/100
|move|p1a: Incineroar|Knock Off|p2a: Glucose
|-damage|p2a: Glucose|0 fnt
|-enditem|p2a: Glucose|Toxic Orb|[from] move: Knock Off|[of] p1a: Incineroar
|faint|p2a: Glucose
|
|upkeep
|
|t:|1779607364
|switch|p2a: GaGa|Dragapult, F|100/100
|turn|5
|
|t:|1779607371
|move|p2a: GaGa|U-turn|p1a: Incineroar
|-damage|p1a: Incineroar|4/100
|-damage|p2a: GaGa|84/100|[from] item: Rocky Helmet|[of] p1a: Incineroar
|
|t:|1779607380
|switch|p2a: SoSo|Slowking-Galar, F|100/100|[from] U-turn
|move|p1a: Incineroar|Knock Off|p2a: SoSo
|-supereffective|p2a: SoSo
|-damage|p2a: SoSo|0 fnt
|-enditem|p2a: SoSo|Black Sludge|[from] move: Knock Off|[of] p1a: Incineroar
|faint|p2a: SoSo
|
|upkeep
|
|t:|1779607387
|switch|p2a: CiCi|Cinderace, M|100/100
|turn|6
|
|t:|1779607393
|move|p2a: CiCi|U-turn|p1a: Incineroar
|-start|p2a: CiCi|typechange|Bug|[from] ability: Libero
|-damage|p1a: Incineroar|0 fnt
|-damage|p2a: CiCi|84/100|[from] item: Rocky Helmet|[of] p1a: Incineroar
|faint|p1a: Incineroar
|
|t:|1779607401
|switch|p2a: GaGa|Dragapult, F|84/100|[from] U-turn
|
|upkeep
|
|t:|1779607407
|switch|p1a: Sudowoodo|Sudowoodo, L1, M, shiny|100/100
|-damage|p1a: Sudowoodo|92/100|[from] Stealth Rock
|turn|7
|
|t:|1779607423
|move|p2a: GaGa|Draco Meteor|p1a: Sudowoodo
|-damage|p1a: Sudowoodo|0 fnt
|-unboost|p2a: GaGa|spa|2
|faint|p1a: Sudowoodo
|
|upkeep
|
|t:|1779607428
|switch|p1a: Politoed|Politoed, F|100/100
|-damage|p1a: Politoed|88/100|[from] Stealth Rock
|-weather|RainDance|[from] ability: Drizzle|[of] p1a: Politoed
|turn|8
|
|t:|1779607438
|move|p2a: GaGa|Draco Meteor|p1a: Politoed
|-damage|p1a: Politoed|42/100
|-unboost|p2a: GaGa|spa|2
|move|p1a: Politoed|Encore|p2a: GaGa
|-start|p2a: GaGa|Encore
|
|-weather|RainDance|[upkeep]
|upkeep
|turn|9
|
|t:|1779607446
|switch|p1a: Kingdra|Kingdra, M|100/100
|-damage|p1a: Kingdra|88/100|[from] Stealth Rock
|move|p2a: GaGa|Draco Meteor|p1a: Kingdra
|-supereffective|p1a: Kingdra
|-damage|p1a: Kingdra|24/100
|-unboost|p2a: GaGa|spa|2
|
|-weather|RainDance|[upkeep]
|upkeep
|turn|10
|
|t:|1779607457
|move|p1a: Kingdra|Draco Meteor|p2a: GaGa
|-supereffective|p2a: GaGa
|-damage|p2a: GaGa|0 fnt
|-unboost|p1a: Kingdra|spa|2
|faint|p2a: GaGa
|-damage|p1a: Kingdra|14/100|[from] item: Life Orb
|
|-weather|RainDance|[upkeep]
|upkeep
|
|t:|1779607466
|switch|p2a: PiPi|Primarina, F, shiny|100/100
|turn|11
|
|t:|1779607470
|move|p1a: Kingdra|Muddy Water|p2a: PiPi|[miss]
|-miss|p1a: Kingdra|p2a: PiPi
|move|p2a: PiPi|Moonblast|p1a: Kingdra
|-supereffective|p1a: Kingdra
|-damage|p1a: Kingdra|0 fnt
|faint|p1a: Kingdra
|
|-weather|RainDance|[upkeep]
|upkeep
|
|t:|1779607485
|switch|p1a: Azure Dragon|Azumarill, M, shiny|100/100
|-damage|p1a: Azure Dragon|88/100|[from] Stealth Rock
|turn|12
|
|t:|1779607492
|-terastallize|p1a: Azure Dragon|Stellar
|move|p1a: Azure Dragon|Belly Drum|p1a: Azure Dragon
|-damage|p1a: Azure Dragon|38/100
|-setboost|p1a: Azure Dragon|atk|6|[from] move: Belly Drum
|-enditem|p1a: Azure Dragon|Sitrus Berry|[eat]
|-heal|p1a: Azure Dragon|63/100|[from] item: Sitrus Berry
|move|p2a: PiPi|Psychic Noise|p1a: Azure Dragon
|-damage|p1a: Azure Dragon|32/100
|-start|p1a: Azure Dragon|move: Heal Block
|
|-weather|RainDance|[upkeep]
|upkeep
|turn|13
|
|t:|1779607508
|move|p1a: Azure Dragon|Aqua Jet|p2a: PiPi
|-resisted|p2a: PiPi
|-crit|p2a: PiPi
|-damage|p2a: PiPi|0 fnt
|faint|p2a: PiPi
|
|-weather|RainDance|[upkeep]
|-end|p1a: Azure Dragon|move: Heal Block
|upkeep
|
|t:|1779607518
|switch|p2a: CiCi|Cinderace, M|84/100
|turn|14
|
|t:|1779607529
|move|p1a: Azure Dragon|Aqua Jet|p2a: CiCi
|-supereffective|p2a: CiCi
|-crit|p2a: CiCi
|-damage|p2a: CiCi|0 fnt
|faint|p2a: CiCi
|
|-weather|RainDance|[upkeep]
|upkeep
|
|t:|1779607535
|switch|p2a: KiGa|Kingambit, M|100/100
|-activate|p2a: KiGa|ability: Supreme Overlord
|-start|p2a: KiGa|fallen5|[silent]
|turn|15
|
|t:|1779607542
|move|p1a: Azure Dragon|Aqua Jet|p2a: KiGa
|-damage|p2a: KiGa|0 fnt
|faint|p2a: KiGa
|-end|p2a: KiGa|fallen5|[silent]
|
|win|XLerouxe
|raw|XLerouxe's rating: 1072 &rarr; <strong>1104</strong><br />(+32 for winning)
|raw|Noiir273's rating: 1105 &rarr; <strong>1078</strong><br />(-27 for losing)
|l|☆Noiir273
|player|p2|
|l|☆XLerouxe
|player|p1|
