|j|☆hamnburger
|j|☆hueehuuekk
|t:|1779656900
|gametype|singles
|player|p1|hamnburger|swimmer-gen4dp|1072
|player|p2|hueehuuekk|steven|1057
|gen|9
|tier|[Gen 9] OU
|rated|
|rule|HP Percentage Mod: HP is shown in percentages
|rule|Endless Battle Clause: Forcing endless battles is banned
|rule|Species Clause: Limit one of each Pokémon
|rule|OHKO Clause: OHKO moves are banned
|rule|Evasion Items Clause: Evasion items are banned
|rule|Evasion Moves Clause: Evasion moves are banned
|rule|Evasion Abilities Clause: Evasion abilities are banned
|rule|Sleep Moves Clause: Sleep-inducing moves are banned
|clearpoke
|poke|p1|Quaquaval, M|
|poke|p1|Enamorus, F|
|poke|p1|Hatterene, F|
|poke|p1|Mienshao, M|
|poke|p1|Alomomola, M|
|poke|p1|Tsareena, F|
|poke|p2|Suicune|
|poke|p2|Dragonite, M|
|poke|p2|Cinderace, M|
|poke|p2|Zamazenta-*|
|poke|p2|Blaziken, F|
|poke|p2|Sinistcha|
|teampreview
|inactive|Battle timer is ON: inactive players will automatically lose when time's up. (requested by hueehuuekk)
|
|t:|1779656908
|teamsize|p1|6
|teamsize|p2|6
|start
|switch|p1a: Quaquaval|Quaquaval, M|100/100
|switch|p2a: Blaziken|Blaziken, F|100/100
|turn|1
|c|☆hamnburger|hi diva
|-activate|p1a: Quaquaval|item: Quick Claw
|
|t:|1779656917
|switch|p2a: Sinistcha|Sinistcha|100/100
|move|p1a: Quaquaval|Aqua Step|p2a: Sinistcha
|-resisted|p2a: Sinistcha
|-damage|p2a: Sinistcha|86/100
|-boost|p1a: Quaquaval|spe|1
|
|-heal|p2a: Sinistcha|92/100|[from] item: Leftovers
|upkeep
|turn|2
|
|t:|1779656932
|move|p1a: Quaquaval|Swords Dance|p1a: Quaquaval
|-boost|p1a: Quaquaval|atk|2
|move|p2a: Sinistcha|Matcha Gotcha|p1a: Quaquaval
|-supereffective|p1a: Quaquaval
|-damage|p1a: Quaquaval|13/100
|-heal|p2a: Sinistcha|100/100|[from] drain|[of] p1a: Quaquaval
|
|upkeep
|turn|3
|
|t:|1779656942
|move|p1a: Quaquaval|Brave Bird|p2a: Sinistcha
|-supereffective|p2a: Sinistcha
|-damage|p2a: Sinistcha|0 fnt
|faint|p2a: Sinistcha
|-ability|p1a: Quaquaval|Moxie|boost
|-boost|p1a: Quaquaval|atk|1
|-damage|p1a: Quaquaval|0 fnt|[from] Recoil
|faint|p1a: Quaquaval
|
|upkeep
|
|t:|1779656959
|switch|p1a: Alomomola|Alomomola, M|100/100
|switch|p2a: Blaziken|Blaziken, F|100/100
|turn|4
|
|t:|1779656964
|move|p2a: Blaziken|Swords Dance|p2a: Blaziken
|-boost|p2a: Blaziken|atk|2
|move|p1a: Alomomola|Chilling Water|p2a: Blaziken
|-supereffective|p2a: Blaziken
|-damage|p2a: Blaziken|59/100
|-unboost|p2a: Blaziken|atk|1
|
|-ability|p2a: Blaziken|Speed Boost|boost
|-boost|p2a: Blaziken|spe|1
|upkeep
|turn|5
|
|t:|1779656970
|move|p2a: Blaziken|Swords Dance|p2a: Blaziken
|-boost|p2a: Blaziken|atk|2
|move|p1a: Alomomola|Chilling Water|p2a: Blaziken
|-supereffective|p2a: Blaziken
|-damage|p2a: Blaziken|16/100
|-unboost|p2a: Blaziken|atk|1
|
|-ability|p2a: Blaziken|Speed Boost|boost
|-boost|p2a: Blaziken|spe|1
|upkeep
|turn|6
|
|t:|1779656979
|move|p2a: Blaziken|Close Combat|p1a: Alomomola
|-damage|p1a: Alomomola|5/100
|-unboost|p2a: Blaziken|def|1
|-unboost|p2a: Blaziken|spd|1
|move|p1a: Alomomola|Chilling Water|p2a: Blaziken
|-supereffective|p2a: Blaziken
|-damage|p2a: Blaziken|0 fnt
|faint|p2a: Blaziken
|
|-heal|p1a: Alomomola|11/100|[from] item: Leftovers
|upkeep
|
|t:|1779656993
|switch|p2a: Dragonite|Dragonite, M, shiny|100/100
|turn|7
|
|t:|1779657007
|switch|p1a: Enamorus|Enamorus, F|100/100
|move|p2a: Dragonite|Extreme Speed|p1a: Enamorus
|-damage|p1a: Enamorus|43/100
|
|upkeep
|turn|8
|inactive|hueehuuekk has 120 seconds left.
|c|☆hamnburger|hi diva
|c|☆hamnburger|are u there?
|inactive|hueehuuekk has 90 seconds left.
|
|t:|1779657088
|-terastallize|p1a: Enamorus|Steel
|move|p2a: Dragonite|Extreme Speed|p1a: Enamorus
|-resisted|p1a: Enamorus
|-damage|p1a: Enamorus|16/100
|move|p1a: Enamorus|Springtide Storm|p2a: Dragonite
|-supereffective|p2a: Dragonite
|-damage|p2a: Dragonite|31/100
|-enditem|p2a: Dragonite|Weakness Policy
|-boost|p2a: Dragonite|atk|2|[from] item: Weakness Policy
|-boost|p2a: Dragonite|spa|2|[from] item: Weakness Policy
|
|upkeep
|turn|9
|c|☆hamnburger|everything ok queen?
|
|t:|1779657106
|move|p2a: Dragonite|Extreme Speed|p1a: Enamorus
|-resisted|p1a: Enamorus
|-damage|p1a: Enamorus|0 fnt
|faint|p1a: Enamorus
|
|upkeep
|
|t:|1779657108
|switch|p1a: Mienshao|Mienshao, M|100/100
|turn|10
|
|t:|1779657113
|move|p1a: Mienshao|Fake Out|p2a: Dragonite
|-damage|p2a: Dragonite|16/100
|cant|p2a: Dragonite|flinch
|
|upkeep
|turn|11
|
|t:|1779657126
|switch|p1a: Hatterene|Hatterene, F|100/100
|-terastallize|p2a: Dragonite|Normal
|move|p2a: Dragonite|Extreme Speed|p1a: Hatterene
|-damage|p1a: Hatterene|0 fnt
|faint|p1a: Hatterene
|
|upkeep
|
|t:|1779657133
|switch|p1a: Mienshao|Mienshao, M|100/100
|turn|12
|
|t:|1779657135
|move|p1a: Mienshao|Fake Out|p2a: Dragonite
|-damage|p2a: Dragonite|2/100
|cant|p2a: Dragonite|flinch
|
|upkeep
|turn|13
|
|t:|1779657139
|switch|p1a: Alomomola|Alomomola, M|44/100
|move|p2a: Dragonite|Extreme Speed|p1a: Alomomola
|-damage|p1a: Alomomola|0 fnt
|faint|p1a: Alomomola
|
|upkeep
|
|t:|1779657144
|switch|p1a: Mienshao|Mienshao, M|100/100
|turn|14
|
|t:|1779657148
|switch|p2a: Zamazenta|Zamazenta|100/100
|-ability|p2a: Zamazenta|Dauntless Shield|boost
|-boost|p2a: Zamazenta|def|1
|move|p1a: Mienshao|Fake Out|p2a: Zamazenta
|-damage|p2a: Zamazenta|94/100
|
|-heal|p2a: Zamazenta|99/100|[from] item: Leftovers
|upkeep
|turn|15
|
|t:|1779657155
|move|p2a: Zamazenta|Substitute|p2a: Zamazenta
|-start|p2a: Zamazenta|Substitute
|-damage|p2a: Zamazenta|75/100
|move|p1a: Mienshao|U-turn|p2a: Zamazenta
|-resisted|p2a: Zamazenta
|-activate|p2a: Zamazenta|move: Substitute|[damage]
|
|t:|1779657157
|switch|p1a: Tsareena|Tsareena, F|100/100|[from] U-turn
|
|-heal|p2a: Zamazenta|81/100|[from] item: Leftovers
|upkeep
|turn|16
|
|t:|1779657162
|move|p2a: Zamazenta|Iron Defense|p2a: Zamazenta
|-boost|p2a: Zamazenta|def|2
|move|p1a: Tsareena|Play Rough|p2a: Zamazenta
|-supereffective|p2a: Zamazenta
|-end|p2a: Zamazenta|Substitute
|
|-heal|p2a: Zamazenta|88/100|[from] item: Leftovers
|upkeep
|turn|17
|
|t:|1779657167
|move|p2a: Zamazenta|Substitute|p2a: Zamazenta
|-start|p2a: Zamazenta|Substitute
|-damage|p2a: Zamazenta|63/100
|move|p1a: Tsareena|Knock Off|p2a: Zamazenta
|-resisted|p2a: Zamazenta
|-activate|p2a: Zamazenta|move: Substitute|[damage]
|
|-heal|p2a: Zamazenta|69/100|[from] item: Leftovers
|upkeep
|turn|18
|
|t:|1779657169
|move|p2a: Zamazenta|Iron Defense|p2a: Zamazenta
|-boost|p2a: Zamazenta|def|2
|move|p1a: Tsareena|Play Rough|p2a: Zamazenta
|-supereffective|p2a: Zamazenta
|-activate|p2a: Zamazenta|move: Substitute|[damage]
|
|-heal|p2a: Zamazenta|75/100|[from] item: Leftovers
|upkeep
|turn|19
|
|t:|1779657171
|move|p2a: Zamazenta|Iron Defense|p2a: Zamazenta
|-boost|p2a: Zamazenta|def|1
|move|p1a: Tsareena|Play Rough|p2a: Zamazenta
|-supereffective|p2a: Zamazenta
|-end|p2a: Zamazenta|Substitute
|
|-heal|p2a: Zamazenta|81/100|[from] item: Leftovers
|upkeep
|turn|20
|c|☆hamnburger|hi diva can you use body press now
|
|t:|1779657182
|move|p2a: Zamazenta|Substitute|p2a: Zamazenta
|-start|p2a: Zamazenta|Substitute
|-damage|p2a: Zamazenta|56/100
|move|p1a: Tsareena|Play Rough|p2a: Zamazenta
|-supereffective|p2a: Zamazenta
|-activate|p2a: Zamazenta|move: Substitute|[damage]
|
|-heal|p2a: Zamazenta|63/100|[from] item: Leftovers
|upkeep
|turn|21
|c|☆hamnburger|can we kindly stop pissing about with subsitutes
|
|t:|1779657196
|move|p2a: Zamazenta|Body Press|p1a: Tsareena
|-damage|p1a: Tsareena|0 fnt
|faint|p1a: Tsareena
|
|-heal|p2a: Zamazenta|69/100|[from] item: Leftovers
|upkeep
|
|t:|1779657198
|switch|p1a: Mienshao|Mienshao, M|100/100
|turn|22
|
|t:|1779657202
|move|p2a: Zamazenta|Body Press|p1a: Mienshao
|-damage|p1a: Mienshao|0 fnt
|faint|p1a: Mienshao
|
|win|hueehuuekk
|raw|hamnburger's rating: 1047 &rarr; <strong>1030</strong><br />(-17 for losing)
|raw|hueehuuekk's rating: 1057 &rarr; <strong>1088</strong><br />(+31 for winning)
|c|☆hamnburger|thanks queen
|l|☆hamnburger
|player|p1|
|j| jummmm
|l|☆hueehuuekk
|player|p2|
