|j|☆Scuhbee Fluff
|j|☆sybzsmmd
|t:|1779609744
|gametype|singles
|player|p1|Scuhbee Fluff|swimmerf-gen4dp|1124
|player|p2|sybzsmmd|erika|1115
|gen|9
|tier|[Gen 9] OU
|rated|
|rule|HP Percentage Mod: HP is shown in percentages
|rule|Endless Battle Clause: Forcing endless battles is banned
|rule|Species Clause: Limit one of each Pokémon
|rule|OHKO Clause: OHKO moves are banned
|rule|Evasion Items Clause: Evasion items are banned
|rule|Evasion Moves Clause: Evasion moves are banned
|rule|Evasion Abilities Clause: Evasion abilities are banned
|rule|Sleep Moves Clause: Sleep-inducing moves are banned
|clearpoke
|poke|p1|Gardevoir, F|
|poke|p1|Iron Crown|
|poke|p1|Latios, M|
|poke|p1|Hoopa-Unbound|
|poke|p1|Hatterene, F|
|poke|p1|Metagross|
|poke|p2|Gliscor, F|
|poke|p2|Chansey, F|
|poke|p2|Forretress, M|
|poke|p2|Quagsire, F|
|poke|p2|Vaporeon, F|
|poke|p2|Skarmory, F|
|teampreview
|
|t:|1779609756
|teamsize|p1|6
|teamsize|p2|6
|start
|switch|p1a: Blue Bitch|Iron Crown|100/100
|switch|p2a: Forretress|Forretress, M|100/100
|turn|1
|
|t:|1779609763
|-end|p1a: Blue Bitch|Quark Drive|[silent]
|switch|p1a: X3 Paralyzes You|Hatterene, F|100/100
|move|p2a: Forretress|Stealth Rock|p1a: X3 Paralyzes You
|move|p1a: X3 Paralyzes You|Stealth Rock|p2a: Forretress|[from] ability: Magic Bounce
|-sidestart|p2: sybzsmmd|move: Stealth Rock
|
|upkeep
|turn|2
|
|t:|1779609773
|move|p2a: Forretress|Rapid Spin|p1a: X3 Paralyzes You
|-damage|p1a: X3 Paralyzes You|89/100
|-boost|p2a: Forretress|spe|1
|-sideend|p2: sybzsmmd|Stealth Rock|[from] move: Rapid Spin|[of] p2a: Forretress
|move|p1a: X3 Paralyzes You|Mystical Fire|p2a: Forretress
|-supereffective|p2a: Forretress
|-damage|p2a: Forretress|0 fnt
|faint|p2a: Forretress
|
|upkeep
|
|t:|1779609785
|switch|p2a: Gliscor|Gliscor, F|100/100
|turn|3
|
|t:|1779609799
|move|p2a: Gliscor|Protect|p2a: Gliscor
|-singleturn|p2a: Gliscor|Protect
|move|p1a: X3 Paralyzes You|Psyshock|p2a: Gliscor
|-activate|p2a: Gliscor|move: Protect
|
|-status|p2a: Gliscor|tox|[from] item: Toxic Orb
|upkeep
|turn|4
|
|t:|1779609808
|move|p2a: Gliscor|Substitute|p2a: Gliscor
|-start|p2a: Gliscor|Substitute
|-damage|p2a: Gliscor|76/100 tox
|move|p1a: X3 Paralyzes You|Psyshock|p2a: Gliscor
|-end|p2a: Gliscor|Substitute
|
|-heal|p2a: Gliscor|88/100 tox|[from] ability: Poison Heal
|upkeep
|turn|5
|
|t:|1779609818
|move|p2a: Gliscor|Protect|p2a: Gliscor
|-singleturn|p2a: Gliscor|Protect
|move|p1a: X3 Paralyzes You|Psyshock|p2a: Gliscor
|-activate|p2a: Gliscor|move: Protect
|
|-heal|p2a: Gliscor|100/100 tox|[from] ability: Poison Heal
|upkeep
|turn|6
|
|t:|1779609827
|switch|p1a: Latinos|Latios, M|100/100
|move|p2a: Gliscor|Substitute|p2a: Gliscor
|-start|p2a: Gliscor|Substitute
|-damage|p2a: Gliscor|76/100 tox
|
|-heal|p2a: Gliscor|88/100 tox|[from] ability: Poison Heal
|upkeep
|turn|7
|
|t:|1779609836
|move|p1a: Latinos|Psychic Noise|p2a: Gliscor
|-damage|p2a: Gliscor|27/100 tox
|-start|p2a: Gliscor|move: Heal Block
|move|p2a: Gliscor|Toxic|p1a: Latinos
|-status|p1a: Latinos|tox
|
|-damage|p1a: Latinos|95/100 tox|[from] psn
|upkeep
|turn|8
|
|t:|1779609848
|switch|p2a: Chansey|Chansey, F|100/100
|move|p1a: Latinos|Calm Mind|p1a: Latinos
|-boost|p1a: Latinos|spa|1
|-boost|p1a: Latinos|spd|1
|
|-damage|p1a: Latinos|83/100 tox|[from] psn
|upkeep
|turn|9
|
|t:|1779609857
|move|p1a: Latinos|Psychic Noise|p2a: Chansey
|-damage|p2a: Chansey|78/100
|-start|p2a: Chansey|move: Heal Block
|move|p2a: Chansey|Seismic Toss|p1a: Latinos
|-damage|p1a: Latinos|49/100 tox
|
|-damage|p1a: Latinos|31/100 tox|[from] psn
|upkeep
|turn|10
|
|t:|1779609868
|switch|p1a: Metagross|Metagross|100/100
|move|p2a: Chansey|Protect||[still]
|-fail|p2a: Chansey
|
|-end|p2a: Chansey|move: Heal Block
|upkeep
|turn|11
|
|t:|1779609879
|move|p2a: Chansey|Protect|p2a: Chansey
|-singleturn|p2a: Chansey|Protect
|move|p1a: Metagross|Stealth Rock|p2a: Chansey
|-sidestart|p2: sybzsmmd|move: Stealth Rock
|
|upkeep
|turn|12
|
|t:|1779609892
|switch|p2a: Skarmory|Skarmory, F|100/100
|-damage|p2a: Skarmory|88/100|[from] Stealth Rock
|move|p1a: Metagross|Bullet Punch|p2a: Skarmory
|-resisted|p2a: Skarmory
|-damage|p2a: Skarmory|81/100
|-damage|p1a: Metagross|84/100|[from] item: Rocky Helmet|[of] p2a: Skarmory
|
|upkeep
|turn|13
|
|t:|1779609908
|switch|p1a: X3 Paralyzes You|Hatterene, F|89/100
|move|p2a: Skarmory|Stealth Rock|p1a: X3 Paralyzes You
|move|p1a: X3 Paralyzes You|Stealth Rock||[from] ability: Magic Bounce|[still]
|-fail|p1a: X3 Paralyzes You
|
|upkeep
|turn|14
|
|t:|1779609925
|switch|p2a: Chansey|Chansey, F|78/100
|-damage|p2a: Chansey|65/100|[from] Stealth Rock
|move|p1a: X3 Paralyzes You|Mystical Fire|p2a: Chansey
|-damage|p2a: Chansey|57/100
|-unboost|p2a: Chansey|spa|1
|
|upkeep
|turn|15
|
|t:|1779609937
|switch|p1a: Honey|Gardevoir, F, shiny|100/100
|-ability|p1a: Honey|Natural Cure|Trace|[from] ability: Trace|[of] p2a: Chansey
|move|p2a: Chansey|Soft-Boiled|p2a: Chansey
|-heal|p2a: Chansey|100/100
|
|upkeep
|turn|16
|
|t:|1779609946
|move|p2a: Chansey|Protect|p2a: Chansey
|-singleturn|p2a: Chansey|Protect
|move|p1a: Honey|Trick|p2a: Chansey
|-activate|p2a: Chansey|move: Protect
|
|upkeep
|turn|17
|
|t:|1779609967
|switch|p1a: Blue Bitch|Iron Crown|100/100
|switch|p2a: Vaporeon|Vaporeon, F|100/100
|-damage|p2a: Vaporeon|88/100|[from] Stealth Rock
|
|-heal|p2a: Vaporeon|94/100|[from] item: Leftovers
|upkeep
|turn|18
|
|t:|1779609978
|move|p1a: Blue Bitch|Psyshock|p2a: Vaporeon
|-damage|p2a: Vaporeon|54/100
|-damage|p1a: Blue Bitch|91/100|[from] item: Life Orb
|move|p2a: Vaporeon|Calm Mind|p2a: Vaporeon
|-boost|p2a: Vaporeon|spa|1
|-boost|p2a: Vaporeon|spd|1
|
|-heal|p2a: Vaporeon|60/100|[from] item: Leftovers
|upkeep
|turn|19
|
|t:|1779609989
|move|p1a: Blue Bitch|Psyshock|p2a: Vaporeon
|-damage|p2a: Vaporeon|20/100
|-damage|p1a: Blue Bitch|81/100|[from] item: Life Orb
|move|p2a: Vaporeon|Wish|p2a: Vaporeon
|
|-heal|p2a: Vaporeon|26/100|[from] item: Leftovers
|upkeep
|turn|20
|
|t:|1779610000
|-end|p1a: Blue Bitch|Quark Drive|[silent]
|switch|p1a: Latinos|Latios, M|31/100 tox
|move|p2a: Vaporeon|Acid Armor|p2a: Vaporeon
|-boost|p2a: Vaporeon|def|2
|
|-heal|p2a: Vaporeon|76/100|[from] move: Wish|[wisher] Vaporeon
|-heal|p2a: Vaporeon|82/100|[from] item: Leftovers
|-damage|p1a: Latinos|25/100 tox|[from] psn
|upkeep
|turn|21
|
|t:|1779610012
|move|p1a: Latinos|Psychic Noise|p2a: Vaporeon
|-crit|p2a: Vaporeon
|-damage|p2a: Vaporeon|24/100
|-start|p2a: Vaporeon|move: Heal Block
|cant|p2a: Vaporeon|move: Heal Block|Wish
|
|-damage|p1a: Latinos|13/100 tox|[from] psn
|upkeep
|turn|22
|
|t:|1779610024
|switch|p2a: Chansey|Chansey, F|100/100
|-damage|p2a: Chansey|88/100|[from] Stealth Rock
|move|p1a: Latinos|Recover|p1a: Latinos
|-heal|p1a: Latinos|64/100 tox
|
|-damage|p1a: Latinos|46/100 tox|[from] psn
|upkeep
|turn|23
|
|t:|1779610035
|switch|p1a: Metagross|Metagross|84/100
|move|p2a: Chansey|Seismic Toss|p1a: Metagross
|-damage|p1a: Metagross|51/100
|
|upkeep
|turn|24
|
|t:|1779610045
|switch|p2a: Skarmory|Skarmory, F|81/100
|-damage|p2a: Skarmory|69/100|[from] Stealth Rock
|move|p1a: Metagross|Bullet Punch|p2a: Skarmory
|-resisted|p2a: Skarmory
|-damage|p2a: Skarmory|62/100
|-damage|p1a: Metagross|34/100|[from] item: Rocky Helmet|[of] p2a: Skarmory
|
|upkeep
|turn|25
|
|t:|1779610057
|switch|p1a: X3 Paralyzes You|Hatterene, F|89/100
|move|p2a: Skarmory|Roost|p2a: Skarmory
|-heal|p2a: Skarmory|100/100
|-singleturn|p2a: Skarmory|move: Roost
|
|upkeep
|turn|26
|
|t:|1779610069
|switch|p2a: Chansey|Chansey, F|88/100
|-damage|p2a: Chansey|75/100|[from] Stealth Rock
|move|p1a: X3 Paralyzes You|Nuzzle|p2a: Chansey
|-damage|p2a: Chansey|72/100
|-status|p2a: Chansey|par
|
|upkeep
|turn|27
|
|t:|1779610083
|move|p1a: X3 Paralyzes You|Psyshock|p2a: Chansey
|-damage|p2a: Chansey|42/100 par
|move|p2a: Chansey|Soft-Boiled|p2a: Chansey
|-heal|p2a: Chansey|92/100 par
|
|upkeep
|turn|28
|
|t:|1779610091
|move|p1a: X3 Paralyzes You|Draining Kiss|p2a: Chansey
|-damage|p2a: Chansey|84/100 par
|-heal|p1a: X3 Paralyzes You|100/100|[from] drain|[of] p2a: Chansey
|move|p2a: Chansey|Seismic Toss|p1a: X3 Paralyzes You
|-damage|p1a: X3 Paralyzes You|69/100
|
|upkeep
|turn|29
|
|t:|1779610099
|move|p1a: X3 Paralyzes You|Draining Kiss|p2a: Chansey
|-damage|p2a: Chansey|76/100 par
|-heal|p1a: X3 Paralyzes You|83/100|[from] drain|[of] p2a: Chansey
|move|p2a: Chansey|Seismic Toss|p1a: X3 Paralyzes You
|-damage|p1a: X3 Paralyzes You|51/100
|
|upkeep
|turn|30
|
|t:|1779610107
|switch|p1a: Suctioncup Man|Hoopa-Unbound|100/100
|cant|p2a: Chansey|par
|
|upkeep
|turn|31
|
|t:|1779610114
|cant|p2a: Chansey|par
|move|p1a: Suctioncup Man|Psychic Noise|p2a: Chansey
|-damage|p2a: Chansey|60/100 par
|-start|p2a: Chansey|move: Heal Block
|
|upkeep
|turn|32
|
|t:|1779610122
|move|p1a: Suctioncup Man|Drain Punch|p2a: Chansey
|-supereffective|p2a: Chansey
|-crit|p2a: Chansey
|-damage|p2a: Chansey|2/100 par
|move|p2a: Chansey|Thunder Wave|p1a: Suctioncup Man
|-status|p1a: Suctioncup Man|par
|
|-end|p2a: Chansey|move: Heal Block
|upkeep
|turn|33
|
|t:|1779610134
|-curestatus|p2a: Chansey|par|[from] ability: Natural Cure|[silent]
|switch|p2a: Skarmory|Skarmory, F|100/100
|-damage|p2a: Skarmory|88/100|[from] Stealth Rock
|move|p1a: Suctioncup Man|Knock Off|p2a: Skarmory
|-damage|p2a: Skarmory|57/100
|-damage|p1a: Suctioncup Man|84/100 par|[from] item: Rocky Helmet|[of] p2a: Skarmory
|-enditem|p2a: Skarmory|Rocky Helmet|[from] move: Knock Off|[of] p1a: Suctioncup Man
|
|upkeep
|turn|34
|
|t:|1779610148
|switch|p1a: X3 Paralyzes You|Hatterene, F|51/100
|move|p2a: Skarmory|Whirlwind|p1a: X3 Paralyzes You
|move|p1a: X3 Paralyzes You|Whirlwind|p2a: Skarmory|[from] ability: Magic Bounce
|drag|p2a: Chansey|Chansey, F|2/100
|-damage|p2a: Chansey|0 fnt|[from] Stealth Rock
|faint|p2a: Chansey
|
|upkeep
|
|t:|1779610167
|switch|p2a: Gliscor|Gliscor, F|27/100 tox
|-damage|p2a: Gliscor|14/100 tox|[from] Stealth Rock
|turn|35
|
|t:|1779610179
|move|p2a: Gliscor|Protect|p2a: Gliscor
|-singleturn|p2a: Gliscor|Protect
|move|p1a: X3 Paralyzes You|Draining Kiss|p2a: Gliscor
|-activate|p2a: Gliscor|move: Protect
|
|-heal|p2a: Gliscor|27/100 tox|[from] ability: Poison Heal
|upkeep
|turn|36
|
|t:|1779610189
|move|p2a: Gliscor|Toxic|p1a: X3 Paralyzes You
|move|p1a: X3 Paralyzes You|Toxic|p2a: Gliscor|[from] ability: Magic Bounce
|-fail|p2a: Gliscor|tox
|move|p1a: X3 Paralyzes You|Draining Kiss|p2a: Gliscor
|-damage|p2a: Gliscor|0 fnt
|-heal|p1a: X3 Paralyzes You|73/100|[from] drain|[of] p2a: Gliscor
|faint|p2a: Gliscor
|
|upkeep
|-message|sybzsmmd forfeited.
|
|win|Scuhbee Fluff
|raw|Scuhbee Fluff's rating: 1124 &rarr; <strong>1148</strong><br />(+24 for winning)
|raw|sybzsmmd's rating: 1115 &rarr; <strong>1091</strong><br />(-24 for losing)
|c|☆Scuhbee Fluff|???
|l|☆sybzsmmd
|player|p2|
