|j|☆BodeDaGod
|j|☆garganaclfan1738
|t:|1779716614
|gametype|singles
|player|p1|BodeDaGod|cowgirl|1282
|player|p2|garganaclfan1738|lady-gen4|1244
|gen|9
|tier|[Gen 9] OU
|rated|
|rule|HP Percentage Mod: HP is shown in percentages
|rule|Endless Battle Clause: Forcing endless battles is banned
|rule|Species Clause: Limit one of each Pokémon
|rule|OHKO Clause: OHKO moves are banned
|rule|Evasion Items Clause: Evasion items are banned
|rule|Evasion Moves Clause: Evasion moves are banned
|rule|Evasion Abilities Clause: Evasion abilities are banned
|rule|Sleep Moves Clause: Sleep-inducing moves are banned
|clearpoke
|poke|p1|Samurott-Hisui, F|
|poke|p1|Dragonite, M|
|poke|p1|Kingambit, F|
|poke|p1|Iron Moth|
|poke|p1|Iron Valiant|
|poke|p1|Moltres-Galar|
|poke|p2|Darkrai|
|poke|p2|Garchomp, F|
|poke|p2|Alomomola, F|
|poke|p2|Corviknight, M|
|poke|p2|Weezing-Galar, F|
|poke|p2|Ogerpon, F|
|teampreview
|
|t:|1779716617
|teamsize|p1|6
|teamsize|p2|6
|start
|switch|p1a: Samurott|Samurott-Hisui, F|100/100
|switch|p2a: Garchomp|Garchomp, F|100/100
|turn|1
|
|t:|1779716634
|move|p1a: Samurott|Knock Off|p2a: Garchomp
|-damage|p2a: Garchomp|70/100
|-damage|p1a: Samurott|88/100|[from] ability: Rough Skin|[of] p2a: Garchomp
|-damage|p1a: Samurott|72/100|[from] item: Rocky Helmet|[of] p2a: Garchomp
|-enditem|p2a: Garchomp|Rocky Helmet|[from] move: Knock Off|[of] p1a: Samurott
|move|p2a: Garchomp|Stealth Rock|p1a: Samurott
|-sidestart|p1: BodeDaGod|move: Stealth Rock
|
|upkeep
|turn|2
|
|t:|1779716645
|move|p1a: Samurott|Ceaseless Edge|p2a: Garchomp
|-damage|p2a: Garchomp|37/100
|-damage|p1a: Samurott|59/100|[from] ability: Rough Skin|[of] p2a: Garchomp
|-sidestart|p2: garganaclfan1738|Spikes
|move|p2a: Garchomp|Spikes|p1a: Samurott
|-sidestart|p1: BodeDaGod|Spikes
|
|upkeep
|turn|3
|
|t:|1779716652
|move|p1a: Samurott|Ceaseless Edge|p2a: Garchomp
|-damage|p2a: Garchomp|8/100
|-damage|p1a: Samurott|47/100|[from] ability: Rough Skin|[of] p2a: Garchomp
|-sidestart|p2: garganaclfan1738|Spikes
|move|p2a: Garchomp|Spikes|p1a: Samurott
|-sidestart|p1: BodeDaGod|Spikes
|
|upkeep
|turn|4
|
|t:|1779716664
|move|p1a: Samurott|Ceaseless Edge|p2a: Garchomp
|-damage|p2a: Garchomp|0 fnt
|-damage|p1a: Samurott|34/100|[from] ability: Rough Skin|[of] p2a: Garchomp
|-sidestart|p2: garganaclfan1738|Spikes
|faint|p2a: Garchomp
|
|upkeep
|
|t:|1779716673
|switch|p2a: Corviknight|Corviknight, M|100/100
|-ability|p2a: Corviknight|Pressure
|turn|5
|
|t:|1779716684
|move|p1a: Samurott|Knock Off|p2a: Corviknight
|-damage|p2a: Corviknight|57/100
|-enditem|p2a: Corviknight|Leftovers|[from] move: Knock Off|[of] p1a: Samurott
|move|p2a: Corviknight|Brave Bird|p1a: Samurott
|-damage|p1a: Samurott|0 fnt
|faint|p1a: Samurott
|-damage|p2a: Corviknight|48/100|[from] Recoil
|
|upkeep
|inactive|Battle timer is ON: inactive players will automatically lose when time's up. (requested by garganaclfan1738)
|
|t:|1779716702
|switch|p1a: Iron Moth|Iron Moth|100/100
|-damage|p1a: Iron Moth|76/100|[from] Stealth Rock
|-damage|p1a: Iron Moth|59/100|[from] Spikes
|-enditem|p1a: Iron Moth|Booster Energy
|-activate|p1a: Iron Moth|ability: Quark Drive|[fromitem]
|-start|p1a: Iron Moth|quarkdrivespe
|turn|6
|
|t:|1779716711
|move|p1a: Iron Moth|Fiery Dance|p2a: Corviknight
|-supereffective|p2a: Corviknight
|-damage|p2a: Corviknight|0 fnt
|-boost|p1a: Iron Moth|spa|1
|faint|p2a: Corviknight
|
|upkeep
|
|t:|1779716713
|switch|p2a: Alomomola|Alomomola, F|100/100
|-damage|p2a: Alomomola|75/100|[from] Spikes
|turn|7
|
|t:|1779716721
|move|p1a: Iron Moth|Sludge Wave|p2a: Alomomola
|-damage|p2a: Alomomola|38/100
|move|p2a: Alomomola|Mirror Coat|p1a: Iron Moth
|-damage|p1a: Iron Moth|0 fnt
|faint|p1a: Iron Moth
|-end|p1a: Iron Moth|Quark Drive|[silent]
|
|upkeep
|
|t:|1779716736
|switch|p1a: Moltres|Moltres-Galar|100/100
|-damage|p1a: Moltres|76/100|[from] Stealth Rock
|turn|8
|
|t:|1779716746
|move|p1a: Moltres|Nasty Plot|p1a: Moltres
|-boost|p1a: Moltres|spa|2
|move|p2a: Alomomola|Flip Turn|p1a: Moltres
|-damage|p1a: Moltres|56/100
|
|t:|1779716752
|switch|p2a: Darkrai|Darkrai|100/100|[from] Flip Turn
|-damage|p2a: Darkrai|76/100|[from] Spikes
|
|upkeep
|turn|9
|
|t:|1779716780
|-terastallize|p1a: Moltres|Fairy
|move|p2a: Darkrai|Trick|p1a: Moltres
|-activate|p2a: Darkrai|move: Trick|[of] p1a: Moltres
|-item|p1a: Moltres|Choice Specs|[from] move: Trick
|-item|p2a: Darkrai|Sitrus Berry|[from] move: Trick
|move|p1a: Moltres|Agility|p1a: Moltres
|-boost|p1a: Moltres|spe|2
|
|upkeep
|turn|10
|inactive|BodeDaGod has 120 seconds left.
|
|t:|1779716801
|switch|p1a: Dragonite|Dragonite, M|100/100
|move|p2a: Darkrai|Ice Beam|p1a: Dragonite
|-supereffective|p1a: Dragonite
|-damage|p1a: Dragonite|37/100
|
|upkeep
|turn|11
|inactive|BodeDaGod has 120 seconds left.
|
|t:|1779716810
|move|p1a: Dragonite|Extreme Speed|p2a: Darkrai
|-damage|p2a: Darkrai|35/100
|-enditem|p2a: Darkrai|Sitrus Berry|[eat]
|-heal|p2a: Darkrai|60/100|[from] item: Sitrus Berry
|move|p2a: Darkrai|Ice Beam|p1a: Dragonite
|-supereffective|p1a: Dragonite
|-damage|p1a: Dragonite|0 fnt
|faint|p1a: Dragonite
|
|upkeep
|inactive|BodeDaGod has 120 seconds left.
|
|t:|1779716828
|switch|p1a: Iron Valiant|Iron Valiant|100/100
|-damage|p1a: Iron Valiant|94/100|[from] Stealth Rock
|-damage|p1a: Iron Valiant|78/100|[from] Spikes
|-enditem|p1a: Iron Valiant|Booster Energy
|-activate|p1a: Iron Valiant|ability: Quark Drive|[fromitem]
|-start|p1a: Iron Valiant|quarkdrivespe
|turn|12
|
|t:|1779716839
|move|p1a: Iron Valiant|Moonblast|p2a: Darkrai
|-supereffective|p2a: Darkrai
|-damage|p2a: Darkrai|0 fnt
|faint|p2a: Darkrai
|
|upkeep
|
|t:|1779716842
|switch|p2a: Alomomola|Alomomola, F|71/100
|-damage|p2a: Alomomola|46/100|[from] Spikes
|turn|13
|inactive|BodeDaGod has 120 seconds left.
|
|t:|1779716855
|move|p1a: Iron Valiant|Knock Off|p2a: Alomomola
|-damage|p2a: Alomomola|24/100
|-enditem|p2a: Alomomola|Assault Vest|[from] move: Knock Off|[of] p1a: Iron Valiant
|move|p2a: Alomomola|Flip Turn|p1a: Iron Valiant
|-damage|p1a: Iron Valiant|57/100
|
|t:|1779716859
|switch|p2a: Weezing|Weezing-Galar, F|100/100|[from] Flip Turn
|-ability|p2a: Weezing|Neutralizing Gas
|-damage|p2a: Weezing|76/100|[from] Spikes
|
|-heal|p2a: Weezing|82/100|[from] item: Leftovers
|upkeep
|turn|14
|inactive|BodeDaGod has 120 seconds left.
|
|t:|1779716879
|move|p1a: Iron Valiant|Destiny Bond|p1a: Iron Valiant
|-singlemove|p1a: Iron Valiant|Destiny Bond
|move|p2a: Weezing|Will-O-Wisp|p1a: Iron Valiant
|-status|p1a: Iron Valiant|brn
|
|-heal|p2a: Weezing|88/100|[from] item: Leftovers
|-damage|p1a: Iron Valiant|51/100 brn|[from] brn
|upkeep
|turn|15
|inactive|BodeDaGod has 120 seconds left.
|
|t:|1779716895
|-end|p2a: Weezing|ability: Neutralizing Gas
|switch|p2a: Alomomola|Alomomola, F|57/100
|-damage|p2a: Alomomola|32/100|[from] Spikes
|move|p1a: Iron Valiant|Destiny Bond||[still]
|-fail|p1a: Iron Valiant
|
|-damage|p1a: Iron Valiant|44/100 brn|[from] brn
|upkeep
|turn|16
|
|t:|1779716905
|move|p1a: Iron Valiant|Moonblast|p2a: Alomomola
|-damage|p2a: Alomomola|0 fnt
|faint|p2a: Alomomola
|
|-damage|p1a: Iron Valiant|38/100 brn|[from] brn
|upkeep
|
|t:|1779716907
|switch|p2a: Ogerpon|Ogerpon, F|100/100
|-damage|p2a: Ogerpon|76/100|[from] Spikes
|turn|17
|inactive|BodeDaGod has 120 seconds left.
|
|t:|1779716921
|switch|p2a: Weezing|Weezing-Galar, F|88/100
|-ability|p2a: Weezing|Neutralizing Gas
|-damage|p2a: Weezing|63/100|[from] Spikes
|move|p1a: Iron Valiant|Moonblast|p2a: Weezing
|-resisted|p2a: Weezing
|-damage|p2a: Weezing|34/100
|
|-heal|p2a: Weezing|40/100|[from] item: Leftovers
|-damage|p1a: Iron Valiant|32/100 brn|[from] brn
|upkeep
|turn|18
|inactive|BodeDaGod has 120 seconds left.
|
|t:|1779716938
|move|p1a: Iron Valiant|Moonblast|p2a: Weezing
|-resisted|p2a: Weezing
|-damage|p2a: Weezing|9/100
|move|p2a: Weezing|Sludge Bomb|p1a: Iron Valiant
|-supereffective|p1a: Iron Valiant
|-damage|p1a: Iron Valiant|0 fnt
|faint|p1a: Iron Valiant
|-end|p1a: Iron Valiant|Quark Drive|[silent]
|
|-heal|p2a: Weezing|15/100|[from] item: Leftovers
|upkeep
|
|t:|1779716962
|switch|p1a: Kingambit|Kingambit, F|100/100
|-damage|p1a: Kingambit|94/100|[from] Stealth Rock
|-item|p1a: Kingambit|Air Balloon
|turn|19
|
|t:|1779716967
|move|p1a: Kingambit|Iron Head|p2a: Weezing
|-supereffective|p2a: Weezing
|-damage|p2a: Weezing|0 fnt
|faint|p2a: Weezing
|-end|p2a: Weezing|ability: Neutralizing Gas
|-activate|p1a: Kingambit|ability: Supreme Overlord
|-start|p1a: Kingambit|fallen4|[silent]
|
|upkeep
|
|t:|1779716970
|switch|p2a: Ogerpon|Ogerpon, F|76/100
|-damage|p2a: Ogerpon|51/100|[from] Spikes
|turn|20
|
|t:|1779716980
|-terastallize|p2a: Ogerpon|Grass
|detailschange|p2a: Ogerpon|Ogerpon-Teal-Tera, F, tera:Grass
|-ability|p2a: Ogerpon|Embody Aspect (Teal)|boost
|-boost|p2a: Ogerpon|spe|1
|move|p2a: Ogerpon|Ivy Cudgel|p1a: Kingambit
|-resisted|p1a: Kingambit
|-damage|p1a: Kingambit|69/100
|-enditem|p1a: Kingambit|Air Balloon
|move|p1a: Kingambit|Iron Head|p2a: Ogerpon
|-damage|p2a: Ogerpon|0 fnt
|faint|p2a: Ogerpon
|detailschange|p2: Ogerpon|Ogerpon, F|[silent]
|
|win|BodeDaGod
|raw|BodeDaGod's rating: 1282 &rarr; <strong>1304</strong><br />(+22 for winning)
|raw|garganaclfan1738's rating: 1244 &rarr; <strong>1222</strong><br />(-22 for losing)
|l|☆garganaclfan1738
|player|p2|
