|j|☆slitherwing ily ><
|j|☆Johnny tots
|t:|1779663607
|gametype|singles
|player|p1|slitherwing ily ><|iono-masters|1742
|player|p2|Johnny tots|102|1776
|gen|9
|tier|[Gen 9] OU
|rated|
|rule|HP Percentage Mod: HP is shown in percentages
|rule|Endless Battle Clause: Forcing endless battles is banned
|rule|Species Clause: Limit one of each Pokémon
|rule|OHKO Clause: OHKO moves are banned
|rule|Evasion Items Clause: Evasion items are banned
|rule|Evasion Moves Clause: Evasion moves are banned
|rule|Evasion Abilities Clause: Evasion abilities are banned
|rule|Sleep Moves Clause: Sleep-inducing moves are banned
|clearpoke
|poke|p1|Pecharunt|
|poke|p1|Great Tusk|
|poke|p1|Ogerpon-Wellspring, F|
|poke|p1|Iron Crown|
|poke|p1|Landorus-Therian, M|
|poke|p1|Samurott-Hisui, F|
|poke|p2|Klefki, M|
|poke|p2|Manaphy|
|poke|p2|Kyurem|
|poke|p2|Cinderace, M|
|poke|p2|Iron Valiant|
|poke|p2|Clefable, M|
|teampreview
|c|☆slitherwing ily ><|hf
|
|t:|1779663618
|teamsize|p1|6
|teamsize|p2|6
|start
|switch|p1a: Nah I'd spin|Great Tusk, shiny|100/100
|switch|p2a: Klefki|Klefki, M|100/100
|-enditem|p1a: Nah I'd spin|Booster Energy
|-activate|p1a: Nah I'd spin|ability: Protosynthesis|[fromitem]
|-start|p1a: Nah I'd spin|protosynthesisspe
|turn|1
|inactive|Battle timer is ON: inactive players will automatically lose when time's up. (requested by Johnny tots)
|
|t:|1779663621
|move|p2a: Klefki|Reflect|p2a: Klefki
|-sidestart|p2: Johnny tots|Reflect
|move|p1a: Nah I'd spin|Knock Off|p2a: Klefki
|-resisted|p2a: Klefki
|-damage|p2a: Klefki|95/100
|-enditem|p2a: Klefki|Light Clay|[from] move: Knock Off|[of] p1a: Nah I'd spin
|
|upkeep
|turn|2
|j| kanaete onegai
|
|t:|1779663624
|move|p2a: Klefki|Light Screen|p2a: Klefki
|-sidestart|p2: Johnny tots|move: Light Screen
|move|p1a: Nah I'd spin|Stealth Rock|p2a: Klefki
|-sidestart|p2: Johnny tots|move: Stealth Rock
|
|upkeep
|turn|3
|
|t:|1779663628
|switch|p2a: Clefable|Clefable, M|100/100
|move|p1a: Nah I'd spin|Headlong Rush|p2a: Clefable
|-damage|p2a: Clefable|73/100
|-unboost|p1a: Nah I'd spin|def|1
|-unboost|p1a: Nah I'd spin|spd|1
|
|-heal|p2a: Clefable|80/100|[from] item: Leftovers
|upkeep
|turn|4
|
|t:|1779663631
|move|p1a: Nah I'd spin|Knock Off|p2a: Clefable
|-resisted|p2a: Clefable
|-damage|p2a: Clefable|73/100
|-enditem|p2a: Clefable|Leftovers|[from] move: Knock Off|[of] p1a: Nah I'd spin
|move|p2a: Clefable|Moonblast|p1a: Nah I'd spin
|-supereffective|p1a: Nah I'd spin
|-damage|p1a: Nah I'd spin|0 fnt
|faint|p1a: Nah I'd spin
|-end|p1a: Nah I'd spin|Protosynthesis|[silent]
|
|upkeep
|
|t:|1779663634
|switch|p1a: Agnes Tachyon|Iron Crown|100/100
|turn|5
|
|t:|1779663638
|switch|p2a: Cinderace|Cinderace, M|100/100
|move|p1a: Agnes Tachyon|Volt Switch|p2a: Cinderace
|-damage|p2a: Cinderace|75/100
|
|t:|1779663644
|-end|p1a: Agnes Tachyon|Quark Drive|[silent]
|switch|p1a: Furry|Landorus-Therian, M|100/100|[from] Volt Switch
|-ability|p1a: Furry|Intimidate|boost
|-unboost|p2a: Cinderace|atk|1
|
|upkeep
|turn|6
|
|t:|1779663648
|move|p1a: Furry|Earthquake|p2a: Cinderace
|-supereffective|p2a: Cinderace
|-damage|p2a: Cinderace|0 fnt
|faint|p2a: Cinderace
|
|-sideend|p2: Johnny tots|move: Light Screen
|upkeep
|
|t:|1779663656
|switch|p2a: Klefki|Klefki, M|95/100
|-damage|p2a: Klefki|89/100|[from] Stealth Rock
|turn|7
|
|t:|1779663658
|move|p2a: Klefki|Reflect||[still]
|-fail|p2a: Klefki
|move|p1a: Furry|Earthquake|p2a: Klefki
|-supereffective|p2a: Klefki
|-damage|p2a: Klefki|38/100
|
|upkeep
|turn|8
|c|☆Johnny tots|Wtf
|
|t:|1779663671
|move|p2a: Klefki|Light Screen|p2a: Klefki
|-sidestart|p2: Johnny tots|move: Light Screen
|move|p1a: Furry|Earthquake|p2a: Klefki
|-supereffective|p2a: Klefki
|-damage|p2a: Klefki|0 fnt
|faint|p2a: Klefki
|
|-sideend|p2: Johnny tots|Reflect
|upkeep
|
|t:|1779663673
|switch|p2a: Manaphy|Manaphy|100/100
|-damage|p2a: Manaphy|88/100|[from] Stealth Rock
|turn|9
|
|t:|1779663676
|move|p1a: Furry|Earthquake|p2a: Manaphy
|-damage|p2a: Manaphy|36/100
|move|p2a: Manaphy|Scald|p1a: Furry
|-supereffective|p1a: Furry
|-damage|p1a: Furry|0 fnt
|faint|p1a: Furry
|
|-heal|p2a: Manaphy|42/100|[from] item: Leftovers
|upkeep
|
|t:|1779663678
|switch|p1a: Shrek|Ogerpon-Wellspring, F|100/100
|turn|10
|
|t:|1779663685
|switch|p2a: Clefable|Clefable, M|73/100
|move|p1a: Shrek|Horn Leech|p2a: Clefable
|-damage|p2a: Clefable|33/100
|
|upkeep
|turn|11
|
|t:|1779663689
|move|p1a: Shrek|Ivy Cudgel|p2a: Clefable|[anim] Ivy Cudgel Water
|-damage|p2a: Clefable|0 fnt
|faint|p2a: Clefable
|
|upkeep
|
|t:|1779663698
|switch|p2a: Kyurem|Kyurem|100/100
|-damage|p2a: Kyurem|75/100|[from] Stealth Rock
|-ability|p2a: Kyurem|Pressure
|turn|12
|
|t:|1779663704
|move|p1a: Shrek|U-turn|p2a: Kyurem
|-damage|p2a: Kyurem|49/100
|
|t:|1779663706
|switch|p1a: Agnes Tachyon|Iron Crown|100/100|[from] U-turn
|move|p2a: Kyurem|Dragon Dance|p2a: Kyurem
|-boost|p2a: Kyurem|atk|1
|-boost|p2a: Kyurem|spe|1
|
|-sideend|p2: Johnny tots|move: Light Screen
|upkeep
|turn|13
|
|t:|1779663718
|-terastallize|p2a: Kyurem|Ghost
|move|p2a: Kyurem|Shadow Claw|p1a: Agnes Tachyon
|-supereffective|p1a: Agnes Tachyon
|-damage|p1a: Agnes Tachyon|0 fnt
|faint|p1a: Agnes Tachyon
|-end|p1a: Agnes Tachyon|Quark Drive|[silent]
|
|upkeep
|
|t:|1779663724
|switch|p1a: Ronin|Samurott-Hisui, F|100/100
|turn|14
|
|t:|1779663732
|move|p2a: Kyurem|Scale Shot|p1a: Ronin
|-damage|p1a: Ronin|78/100
|-damage|p1a: Ronin|56/100
|-damage|p1a: Ronin|31/100
|-damage|p1a: Ronin|9/100
|-hitcount|p1a: Ronin|4
|-unboost|p2a: Kyurem|def|1
|-boost|p2a: Kyurem|spe|1
|move|p1a: Ronin|Knock Off|p2a: Kyurem
|-supereffective|p2a: Kyurem
|-damage|p2a: Kyurem|0 fnt
|-enditem|p2a: Kyurem|Loaded Dice|[from] move: Knock Off|[of] p1a: Ronin
|faint|p2a: Kyurem
|
|upkeep
|c|☆slitherwing ily ><|mb
|-message|Johnny tots forfeited.
|
|win|slitherwing ily ><
|raw|slitherwing ily &gt;&lt;'s rating: 1742 &rarr; <strong>1764</strong><br />(+22 for winning)
|raw|Johnny tots's rating: 1776 &rarr; <strong>1754</strong><br />(-22 for losing)
|l|☆Johnny tots
|player|p2|
|c|☆slitherwing ily ><|gg
|l|☆slitherwing ily ><
|player|p1|
|l| kanaete onegai
