|j|☆faridzsomar
|j|☆PokeCHAD05231752sf
|t:|1779573635
|gametype|singles
|player|p1|faridzsomar|wattson|1155
|player|p2|PokeCHAD05231752sf|169|1104
|gen|9
|tier|[Gen 9] OU
|rated|
|rule|HP Percentage Mod: HP is shown in percentages
|rule|Endless Battle Clause: Forcing endless battles is banned
|rule|Species Clause: Limit one of each Pokémon
|rule|OHKO Clause: OHKO moves are banned
|rule|Evasion Items Clause: Evasion items are banned
|rule|Evasion Moves Clause: Evasion moves are banned
|rule|Evasion Abilities Clause: Evasion abilities are banned
|rule|Sleep Moves Clause: Sleep-inducing moves are banned
|clearpoke
|poke|p1|Ogerpon-Wellspring, F|
|poke|p1|Glimmora, F|
|poke|p1|Iron Moth|
|poke|p1|Kingambit, F|
|poke|p1|Iron Valiant|
|poke|p1|Ceruledge, M|
|poke|p2|Glimmora, F|
|poke|p2|Great Tusk|
|poke|p2|Gholdengo|
|poke|p2|Dragapult, M|
|poke|p2|Primarina, M|
|poke|p2|Kingambit, F|
|teampreview
|inactive|Battle timer is ON: inactive players will automatically lose when time's up. (requested by faridzsomar)
|
|t:|1779573640
|teamsize|p1|6
|teamsize|p2|6
|start
|switch|p1a: Ceruledge|Ceruledge, M|100/100
|switch|p2a: Kingambit|Kingambit, F|100/100
|turn|1
|inactive|PokeCHAD05231752sf also wants the timer to be on.
|c|☆faridzsomar|glhf
|
|t:|1779573645
|move|p1a: Ceruledge|Bitter Blade|p2a: Kingambit
|-supereffective|p2a: Kingambit
|-crit|p2a: Kingambit
|-damage|p2a: Kingambit|0 fnt
|faint|p2a: Kingambit
|-end|p2a: Kingambit|fallenundefined|[silent]
|
|upkeep
|
|t:|1779573650
|switch|p2a: Glimmora|Glimmora, F|100/100
|turn|2
|
|t:|1779573655
|move|p2a: Glimmora|Power Gem|p1a: Ceruledge
|-supereffective|p1a: Ceruledge
|-damage|p1a: Ceruledge|8/100
|move|p1a: Ceruledge|Close Combat|p2a: Glimmora
|-damage|p2a: Glimmora|49/100
|-unboost|p1a: Ceruledge|def|1
|-unboost|p1a: Ceruledge|spd|1
|-activate|p2a: Glimmora|ability: Toxic Debris
|-sidestart|p1: faridzsomar|move: Toxic Spikes
|
|upkeep
|turn|3
|
|t:|1779573664
|switch|p1a: Glimmora|Glimmora, F|100/100
|-sideend|p1: faridzsomar|move: Toxic Spikes|[of] p1a: Glimmora
|move|p2a: Glimmora|Power Gem|p1a: Glimmora
|-damage|p1a: Glimmora|42/100
|
|upkeep
|turn|4
|
|t:|1779573670
|move|p2a: Glimmora|Power Gem|p1a: Glimmora
|-damage|p1a: Glimmora|0 fnt
|faint|p1a: Glimmora
|
|upkeep
|
|t:|1779573673
|switch|p1a: Ogerpon|Ogerpon-Wellspring, F|100/100
|turn|5
|
|t:|1779573678
|switch|p2a: Dragapult|Dragapult, M|100/100
|move|p1a: Ogerpon|Ivy Cudgel|p2a: Dragapult|[anim] Ivy Cudgel Water
|-resisted|p2a: Dragapult
|-crit|p2a: Dragapult
|-damage|p2a: Dragapult|38/100
|
|upkeep
|turn|6
|
|t:|1779573686
|-terastallize|p1a: Ogerpon|Water
|detailschange|p1a: Ogerpon|Ogerpon-Wellspring-Tera, F, tera:Water
|-ability|p1a: Ogerpon|Embody Aspect (Wellspring)|boost
|-boost|p1a: Ogerpon|spd|1
|move|p2a: Dragapult|Will-O-Wisp|p1a: Ogerpon
|-status|p1a: Ogerpon|brn
|move|p1a: Ogerpon|Ivy Cudgel|p2a: Dragapult|[anim] Ivy Cudgel Water
|-resisted|p2a: Dragapult
|-crit|p2a: Dragapult
|-damage|p2a: Dragapult|0 fnt
|faint|p2a: Dragapult
|
|-damage|p1a: Ogerpon|95/100 brn|[from] brn
|upkeep
|
|t:|1779573692
|switch|p2a: Primarina|Primarina, M|100/100
|turn|7
|
|t:|1779573698
|move|p1a: Ogerpon|Power Whip|p2a: Primarina
|-supereffective|p2a: Primarina
|-damage|p2a: Primarina|2/100
|move|p2a: Primarina|Moonblast|p1a: Ogerpon
|-damage|p1a: Ogerpon|55/100 brn
|
|-damage|p1a: Ogerpon|49/100 brn|[from] brn
|upkeep
|turn|8
|
|t:|1779573705
|move|p1a: Ogerpon|Ivy Cudgel|p2a: Primarina|[anim] Ivy Cudgel Water
|-resisted|p2a: Primarina
|-damage|p2a: Primarina|0 fnt
|faint|p2a: Primarina
|
|-damage|p1a: Ogerpon|43/100 brn|[from] brn
|upkeep
|
|t:|1779573710
|switch|p2a: Great Tusk|Great Tusk|100/100
|turn|9
|
|t:|1779573717
|move|p1a: Ogerpon|Ivy Cudgel|p2a: Great Tusk|[anim] Ivy Cudgel Water
|-supereffective|p2a: Great Tusk
|-damage|p2a: Great Tusk|38/100
|move|p2a: Great Tusk|Rapid Spin|p1a: Ogerpon
|-damage|p1a: Ogerpon|19/100 brn
|-boost|p2a: Great Tusk|spe|1
|
|-damage|p1a: Ogerpon|13/100 brn|[from] brn
|upkeep
|turn|10
|
|t:|1779573723
|move|p2a: Great Tusk|Rapid Spin|p1a: Ogerpon
|-damage|p1a: Ogerpon|0 fnt
|-boost|p2a: Great Tusk|spe|1
|faint|p1a: Ogerpon
|detailschange|p1: Ogerpon|Ogerpon-Wellspring, F|[silent]
|
|upkeep
|
|t:|1779573729
|switch|p1a: Ceruledge|Ceruledge, M|8/100
|turn|11
|
|t:|1779573734
|move|p1a: Ceruledge|Shadow Sneak|p2a: Great Tusk
|-damage|p2a: Great Tusk|22/100
|move|p2a: Great Tusk|Headlong Rush|p1a: Ceruledge
|-supereffective|p1a: Ceruledge
|-damage|p1a: Ceruledge|0 fnt
|-unboost|p2a: Great Tusk|def|1
|-unboost|p2a: Great Tusk|spd|1
|faint|p1a: Ceruledge
|
|upkeep
|
|t:|1779573740
|switch|p1a: Iron Valiant|Iron Valiant|100/100
|-enditem|p1a: Iron Valiant|Booster Energy
|-activate|p1a: Iron Valiant|ability: Quark Drive|[fromitem]
|-start|p1a: Iron Valiant|quarkdrivespe
|turn|12
|
|t:|1779573746
|move|p2a: Great Tusk|Headlong Rush|p1a: Iron Valiant
|-damage|p1a: Iron Valiant|17/100
|-unboost|p2a: Great Tusk|def|1
|-unboost|p2a: Great Tusk|spd|1
|move|p1a: Iron Valiant|Psyshock|p2a: Great Tusk
|-supereffective|p2a: Great Tusk
|-damage|p2a: Great Tusk|0 fnt
|faint|p2a: Great Tusk
|-end|p2a: Great Tusk|Protosynthesis|[silent]
|
|upkeep
|
|t:|1779573752
|switch|p2a: Gholdengo|Gholdengo|100/100
|-item|p2a: Gholdengo|Air Balloon
|turn|13
|
|t:|1779573757
|move|p1a: Iron Valiant|Psyshock|p2a: Gholdengo
|-resisted|p2a: Gholdengo
|-damage|p2a: Gholdengo|85/100
|-enditem|p2a: Gholdengo|Air Balloon
|move|p2a: Gholdengo|Nasty Plot|p2a: Gholdengo
|-boost|p2a: Gholdengo|spa|2
|
|upkeep
|turn|14
|
|t:|1779573763
|move|p1a: Iron Valiant|Encore|p2a: Gholdengo
|-immune|p2a: Gholdengo|[from] ability: Good as Gold
|move|p2a: Gholdengo|Shadow Ball|p1a: Iron Valiant
|-damage|p1a: Iron Valiant|0 fnt
|faint|p1a: Iron Valiant
|-end|p1a: Iron Valiant|Quark Drive|[silent]
|
|upkeep
|
|t:|1779573765
|switch|p1a: Iron Moth|Iron Moth|100/100
|-enditem|p1a: Iron Moth|Booster Energy
|-activate|p1a: Iron Moth|ability: Quark Drive|[fromitem]
|-start|p1a: Iron Moth|quarkdrivespe
|turn|15
|
|t:|1779573771
|-terastallize|p2a: Gholdengo|Fairy
|move|p1a: Iron Moth|Fiery Dance|p2a: Gholdengo
|-damage|p2a: Gholdengo|37/100
|move|p2a: Gholdengo|Shadow Ball|p1a: Iron Moth
|-damage|p1a: Iron Moth|10/100
|
|upkeep
|turn|16
|
|t:|1779573777
|switch|p2a: Glimmora|Glimmora, F|49/100
|move|p1a: Iron Moth|Sludge Wave|p2a: Glimmora
|-resisted|p2a: Glimmora
|-damage|p2a: Glimmora|32/100
|
|upkeep
|turn|17
|
|t:|1779573782
|move|p1a: Iron Moth|Psychic|p2a: Glimmora
|-supereffective|p2a: Glimmora
|-damage|p2a: Glimmora|0 fnt
|faint|p2a: Glimmora
|
|upkeep
|
|t:|1779573784
|switch|p2a: Gholdengo|Gholdengo, tera:Fairy|37/100
|turn|18
|
|t:|1779573789
|move|p1a: Iron Moth|Sludge Wave|p2a: Gholdengo
|-supereffective|p2a: Gholdengo
|-damage|p2a: Gholdengo|0 fnt
|faint|p2a: Gholdengo
|
|win|faridzsomar
|raw|faridzsomar's rating: 1155 &rarr; <strong>1176</strong><br />(+21 for winning)
|raw|PokeCHAD05231752sf's rating: 1104 &rarr; <strong>1083</strong><br />(-21 for losing)
