|j|☆loongN
|j|☆massaca
|t:|1779636395
|gametype|singles
|player|p1|loongN|elesa|1113
|player|p2|massaca|102|1177
|gen|9
|tier|[Gen 9] OU
|rated|
|rule|HP Percentage Mod: HP is shown in percentages
|rule|Endless Battle Clause: Forcing endless battles is banned
|rule|Species Clause: Limit one of each Pokémon
|rule|OHKO Clause: OHKO moves are banned
|rule|Evasion Items Clause: Evasion items are banned
|rule|Evasion Moves Clause: Evasion moves are banned
|rule|Evasion Abilities Clause: Evasion abilities are banned
|rule|Sleep Moves Clause: Sleep-inducing moves are banned
|clearpoke
|poke|p1|Mienshao, M|
|poke|p1|Blissey, F|
|poke|p1|Gengar, F|
|poke|p1|Slowbro, M|
|poke|p1|Krookodile, F|
|poke|p1|Talonflame, F|
|poke|p2|Darkrai|
|poke|p2|Garchomp, M|
|poke|p2|Alomomola, F|
|poke|p2|Corviknight, F|
|poke|p2|Weezing-Galar, M|
|poke|p2|Ogerpon, F|
|teampreview
|inactive|Battle timer is ON: inactive players will automatically lose when time's up. (requested by massaca)
|
|t:|1779636414
|teamsize|p1|6
|teamsize|p2|6
|start
|switch|p1a: Mienshao|Mienshao, M|100/100
|switch|p2a: Weezing|Weezing-Galar, M|100/100
|-ability|p2a: Weezing|Neutralizing Gas
|turn|1
|
|t:|1779636423
|move|p1a: Mienshao|U-turn|p2a: Weezing
|-resisted|p2a: Weezing
|-damage|p2a: Weezing|96/100
|
|t:|1779636440
|switch|p1a: Blissey|Blissey, F|100/100|[from] U-turn
|move|p2a: Weezing|Will-O-Wisp|p1a: Blissey
|-status|p1a: Blissey|brn
|
|-heal|p2a: Weezing|100/100|[from] item: Leftovers
|-damage|p1a: Blissey|94/100 brn|[from] brn
|upkeep
|turn|2
|
|t:|1779636468
|-end|p2a: Weezing|ability: Neutralizing Gas
|switch|p2a: Garchomp|Garchomp, M|100/100
|move|p1a: Blissey|Stealth Rock|p2a: Garchomp
|-sidestart|p2: massaca|move: Stealth Rock
|
|-heal|p1a: Blissey|100/100 brn|[from] item: Leftovers
|-damage|p1a: Blissey|94/100 brn|[from] brn
|upkeep
|turn|3
|
|t:|1779636478
|-curestatus|p1a: Blissey|brn|[from] ability: Natural Cure|[silent]
|switch|p1a: Krookodile|Krookodile, F|100/100
|-ability|p1a: Krookodile|Intimidate|boost
|-unboost|p2a: Garchomp|atk|1
|move|p2a: Garchomp|Stealth Rock|p1a: Krookodile
|-sidestart|p1: loongN|move: Stealth Rock
|
|upkeep
|turn|4
|inactive|loongN has 120 seconds left.
|
|t:|1779636500
|move|p1a: Krookodile|Knock Off|p2a: Garchomp
|-damage|p2a: Garchomp|55/100
|-damage|p1a: Krookodile|88/100|[from] ability: Rough Skin|[of] p2a: Garchomp
|-damage|p1a: Krookodile|72/100|[from] item: Rocky Helmet|[of] p2a: Garchomp
|-enditem|p2a: Garchomp|Rocky Helmet|[from] move: Knock Off|[of] p1a: Krookodile
|move|p2a: Garchomp|Dragon Tail|p1a: Krookodile
|-damage|p1a: Krookodile|53/100
|drag|p1a: Blissey|Blissey, F|94/100
|-damage|p1a: Blissey|82/100|[from] Stealth Rock
|
|-heal|p1a: Blissey|88/100|[from] item: Leftovers
|upkeep
|turn|5
|inactive|loongN has 120 seconds left.
|
|t:|1779636531
|move|p2a: Garchomp|Spikes|p1a: Blissey
|-sidestart|p1: loongN|Spikes
|move|p1a: Blissey|Seismic Toss|p2a: Garchomp
|-damage|p2a: Garchomp|31/100
|-damage|p1a: Blissey|76/100|[from] ability: Rough Skin|[of] p2a: Garchomp
|
|-heal|p1a: Blissey|82/100|[from] item: Leftovers
|upkeep
|turn|6
|
|t:|1779636539
|switch|p1a: Talonflame|Talonflame, F|100/100
|move|p2a: Garchomp|Spikes|p1a: Talonflame
|-sidestart|p1: loongN|Spikes
|
|upkeep
|turn|7
|inactive|loongN has 90 seconds left.
|
|t:|1779636565
|move|p1a: Talonflame|Defog|p2a: Garchomp
|-unboost|p2a: Garchomp|evasion|1
|-sideend|p2: massaca|Stealth Rock|[from] move: Defog|[of] p1a: Talonflame
|-sideend|p1: loongN|Spikes|[from] move: Defog|[of] p1a: Talonflame
|-sideend|p1: loongN|Stealth Rock|[from] move: Defog|[of] p1a: Talonflame
|move|p2a: Garchomp|Dragon Tail|p1a: Talonflame
|-damage|p1a: Talonflame|82/100
|drag|p1a: Slowbro|Slowbro, M|100/100
|
|upkeep
|turn|8
|
|t:|1779636574
|move|p2a: Garchomp|Stealth Rock|p1a: Slowbro
|-sidestart|p1: loongN|move: Stealth Rock
|move|p1a: Slowbro|Scald|p2a: Garchomp
|-damage|p2a: Garchomp|7/100
|
|upkeep
|turn|9
|
|t:|1779636585
|move|p2a: Garchomp|Earthquake|p1a: Slowbro
|-damage|p1a: Slowbro|82/100
|move|p1a: Slowbro|Scald|p2a: Garchomp
|-damage|p2a: Garchomp|0 fnt
|faint|p2a: Garchomp
|
|upkeep
|
|t:|1779636594
|switch|p2a: Ogerpon|Ogerpon, F|100/100
|turn|10
|inactive|loongN has 90 seconds left.
|
|t:|1779636626
|move|p2a: Ogerpon|Swords Dance|p2a: Ogerpon
|-boost|p2a: Ogerpon|atk|2
|move|p1a: Slowbro|Future Sight|p2a: Ogerpon
|-start|p1a: Slowbro|move: Future Sight
|
|upkeep
|turn|11
|inactive|loongN has 90 seconds left.
|
|t:|1779636632
|switch|p1a: Krookodile|Krookodile, F|53/100
|-damage|p1a: Krookodile|47/100|[from] Stealth Rock
|-ability|p1a: Krookodile|Intimidate|boost
|-unboost|p2a: Ogerpon|atk|1
|-ability|p2a: Ogerpon|Defiant|boost
|-boost|p2a: Ogerpon|atk|2
|move|p2a: Ogerpon|Ivy Cudgel|p1a: Krookodile
|-supereffective|p1a: Krookodile
|-crit|p1a: Krookodile
|-damage|p1a: Krookodile|0 fnt
|faint|p1a: Krookodile
|
|upkeep
|inactive|loongN has 90 seconds left.
|
|t:|1779636646
|switch|p1a: Mienshao|Mienshao, M|100/100
|-damage|p1a: Mienshao|95/100|[from] Stealth Rock
|turn|12
|
|t:|1779636651
|move|p1a: Mienshao|U-turn|p2a: Ogerpon
|-supereffective|p2a: Ogerpon
|-damage|p2a: Ogerpon|28/100
|inactive|loongN has 90 seconds left.
|
|t:|1779636672
|switch|p1a: Talonflame|Talonflame, F|82/100|[from] U-turn
|move|p2a: Ogerpon|Ivy Cudgel|p1a: Talonflame
|-resisted|p1a: Talonflame
|-damage|p1a: Talonflame|49/100
|
|-end|p2a: Ogerpon|move: Future Sight
|-damage|p2a: Ogerpon|0 fnt
|faint|p2a: Ogerpon
|upkeep
|
|t:|1779636684
|switch|p2a: Darkrai|Darkrai|100/100
|turn|13
|inactive|loongN has 90 seconds left.
|
|t:|1779636708
|move|p2a: Darkrai|Ice Beam|p1a: Talonflame
|-damage|p1a: Talonflame|0 fnt
|faint|p1a: Talonflame
|
|upkeep
|
|t:|1779636713
|switch|p1a: Mienshao|Mienshao, M|100/100
|-damage|p1a: Mienshao|95/100|[from] Stealth Rock
|turn|14
|
|t:|1779636717
|move|p1a: Mienshao|U-turn|p2a: Darkrai
|-supereffective|p2a: Darkrai
|-damage|p2a: Darkrai|26/100
|
|t:|1779636721
|switch|p1a: Blissey|Blissey, F|82/100|[from] U-turn
|-damage|p1a: Blissey|69/100|[from] Stealth Rock
|move|p2a: Darkrai|Ice Beam|p1a: Blissey
|-damage|p1a: Blissey|54/100
|-status|p1a: Blissey|frz
|
|-heal|p1a: Blissey|60/100 frz|[from] item: Leftovers
|upkeep
|turn|15
|inactive|loongN has 90 seconds left.
|-message|massaca forfeited.
|
|win|loongN
|raw|loongN's rating: 1113 &rarr; <strong>1143</strong><br />(+30 for winning)
|raw|massaca's rating: 1177 &rarr; <strong>1147</strong><br />(-30 for losing)
|l|☆massaca
|player|p2|
|l|☆loongN
|player|p1|
