|j|☆HAJIGOO24
|j|☆SillySushi
|t:|1779589913
|gametype|singles
|player|p1|HAJIGOO24|iris-gen5bw2|1352
|player|p2|SillySushi|maid|1350
|gen|9
|tier|[Gen 9] OU
|rated|
|rule|HP Percentage Mod: HP is shown in percentages
|rule|Endless Battle Clause: Forcing endless battles is banned
|rule|Species Clause: Limit one of each Pokémon
|rule|OHKO Clause: OHKO moves are banned
|rule|Evasion Items Clause: Evasion items are banned
|rule|Evasion Moves Clause: Evasion moves are banned
|rule|Evasion Abilities Clause: Evasion abilities are banned
|rule|Sleep Moves Clause: Sleep-inducing moves are banned
|clearpoke
|poke|p1|Conkeldurr, M|
|poke|p1|Garchomp, F|
|poke|p1|Ogerpon-Wellspring, F|
|poke|p1|Armarouge, F|
|poke|p1|Darkrai|
|poke|p1|Fezandipiti, M|
|poke|p2|Weezing-Galar, F|
|poke|p2|Landorus-Therian, M|
|poke|p2|Corviknight, M|
|poke|p2|Alomomola, F|
|poke|p2|Darkrai|
|poke|p2|Lokix, F|
|teampreview
|inactive|Battle timer is ON: inactive players will automatically lose when time's up. (requested by HAJIGOO24)
|
|t:|1779589936
|teamsize|p1|6
|teamsize|p2|6
|start
|switch|p1a: 人民万岁|Conkeldurr, M|100/100
|switch|p2a: Lokix|Lokix, F|100/100
|turn|1
|
|t:|1779589944
|move|p2a: Lokix|U-turn|p1a: 人民万岁
|-resisted|p1a: 人民万岁
|-damage|p1a: 人民万岁|61/100
|
|t:|1779589949
|switch|p2a: Corviknight|Corviknight, M|100/100|[from] U-turn
|-ability|p2a: Corviknight|Pressure
|move|p1a: 人民万岁|Drain Punch|p2a: Corviknight
|-damage|p2a: Corviknight|69/100
|-heal|p1a: 人民万岁|79/100|[from] drain|[of] p2a: Corviknight
|-damage|p1a: 人民万岁|63/100|[from] item: Rocky Helmet|[of] p2a: Corviknight
|
|-status|p1a: 人民万岁|brn|[from] item: Flame Orb
|upkeep
|turn|2
|
|t:|1779589969
|switch|p1a: 梦龙|Garchomp, F|100/100
|move|p2a: Corviknight|Reflect|p2a: Corviknight
|-sidestart|p2: SillySushi|Reflect
|
|upkeep
|turn|3
|
|t:|1779589979
|switch|p1a: 最后一舞|Armarouge, F, shiny|100/100
|switch|p2a: Darkrai|Darkrai|100/100
|
|upkeep
|turn|4
|
|t:|1779590004
|switch|p1a: 图图犬谋杀案|Darkrai|100/100
|move|p2a: Darkrai|Dark Pulse|p1a: 图图犬谋杀案
|-resisted|p1a: 图图犬谋杀案
|-damage|p1a: 图图犬谋杀案|63/100
|
|upkeep
|turn|5
|
|t:|1779590016
|switch|p2a: Alomomola|Alomomola, F|100/100
|move|p1a: 图图犬谋杀案|Ice Beam|p2a: Alomomola
|-resisted|p2a: Alomomola
|-damage|p2a: Alomomola|88/100
|
|upkeep
|turn|6
|
|t:|1779590024
|switch|p1a: 波尼酱|Ogerpon-Wellspring, F|100/100
|move|p2a: Alomomola|Body Slam|p1a: 波尼酱
|-damage|p1a: 波尼酱|81/100
|-status|p1a: 波尼酱|par
|
|-sideend|p2: SillySushi|Reflect
|upkeep
|turn|7
|
|t:|1779590035
|switch|p2a: Corviknight|Corviknight, M|69/100
|-ability|p2a: Corviknight|Pressure
|move|p1a: 波尼酱|Ivy Cudgel|p2a: Corviknight|[anim] Ivy Cudgel Water
|-damage|p2a: Corviknight|26/100
|
|upkeep
|turn|8
|
|t:|1779590043
|move|p2a: Corviknight|Roost|p2a: Corviknight
|-heal|p2a: Corviknight|76/100
|-singleturn|p2a: Corviknight|move: Roost
|move|p1a: 波尼酱|Ivy Cudgel|p2a: Corviknight|[anim] Ivy Cudgel Water
|-damage|p2a: Corviknight|36/100
|
|upkeep
|turn|9
|
|t:|1779590056
|move|p2a: Corviknight|Roost|p2a: Corviknight
|-heal|p2a: Corviknight|86/100
|-singleturn|p2a: Corviknight|move: Roost
|cant|p1a: 波尼酱|par
|
|upkeep
|turn|10
|
|t:|1779590062
|switch|p1a: 图图犬谋杀案|Darkrai|63/100
|move|p2a: Corviknight|U-turn|p1a: 图图犬谋杀案
|-supereffective|p1a: 图图犬谋杀案
|-damage|p1a: 图图犬谋杀案|26/100
|
|t:|1779590065
|switch|p2a: Lokix|Lokix, F|100/100|[from] U-turn
|
|upkeep
|turn|11
|
|t:|1779590076
|switch|p1a: 梦龙|Garchomp, F|100/100
|move|p2a: Lokix|First Impression|p1a: 梦龙
|-damage|p1a: 梦龙|52/100
|-damage|p2a: Lokix|88/100|[from] ability: Rough Skin|[of] p1a: 梦龙
|-damage|p2a: Lokix|72/100|[from] item: Rocky Helmet|[of] p1a: 梦龙
|
|upkeep
|turn|12
|
|t:|1779590086
|switch|p2a: Corviknight|Corviknight, M|86/100
|-ability|p2a: Corviknight|Pressure
|move|p1a: 梦龙|Dragon Tail|p2a: Corviknight
|-resisted|p2a: Corviknight
|-damage|p2a: Corviknight|77/100
|-damage|p1a: 梦龙|35/100|[from] item: Rocky Helmet|[of] p2a: Corviknight
|drag|p2a: Weezing|Weezing-Galar, F|100/100
|-ability|p2a: Weezing|Neutralizing Gas
|
|upkeep
|turn|13
|
|t:|1779590107
|-end|p2a: Weezing|ability: Neutralizing Gas
|switch|p2a: Corviknight|Corviknight, M|77/100
|-ability|p2a: Corviknight|Pressure
|-terastallize|p1a: 梦龙|Steel
|move|p1a: 梦龙|Earthquake|p2a: Corviknight
|-immune|p2a: Corviknight
|
|upkeep
|turn|14
|
|t:|1779590116
|move|p1a: 梦龙|Rest|p1a: 梦龙
|-status|p1a: 梦龙|slp|[from] move: Rest
|-heal|p1a: 梦龙|100/100 slp|[silent]
|move|p2a: Corviknight|Reflect|p2a: Corviknight
|-sidestart|p2: SillySushi|Reflect
|
|upkeep
|turn|15
|
|t:|1779590126
|switch|p1a: 图图犬谋杀案|Darkrai|26/100
|switch|p2a: Landorus|Landorus-Therian, M|100/100
|-ability|p2a: Landorus|Intimidate|boost
|-unboost|p1a: 图图犬谋杀案|atk|1
|
|upkeep
|turn|16
|
|t:|1779590139
|switch|p2a: Alomomola|Alomomola, F|100/100
|move|p1a: 图图犬谋杀案|Dark Pulse|p2a: Alomomola
|-damage|p2a: Alomomola|63/100
|
|upkeep
|turn|17
|
|t:|1779590168
|move|p1a: 图图犬谋杀案|Dark Pulse|p2a: Alomomola
|-damage|p2a: Alomomola|28/100
|move|p2a: Alomomola|Body Slam|p1a: 图图犬谋杀案
|-damage|p1a: 图图犬谋杀案|4/100
|-status|p1a: 图图犬谋杀案|par
|
|upkeep
|turn|18
|
|t:|1779590177
|switch|p2a: Weezing|Weezing-Galar, F|100/100
|-ability|p2a: Weezing|Neutralizing Gas
|move|p1a: 图图犬谋杀案|Dark Pulse|p2a: Weezing
|-resisted|p2a: Weezing
|-damage|p2a: Weezing|56/100
|
|-sideend|p2: SillySushi|Reflect
|upkeep
|turn|19
|
|t:|1779590192
|-end|p2a: Weezing|ability: Neutralizing Gas
|switch|p2a: Darkrai|Darkrai|100/100
|move|p1a: 图图犬谋杀案|Dark Pulse|p2a: Darkrai
|-resisted|p2a: Darkrai
|-damage|p2a: Darkrai|61/100
|
|upkeep
|turn|20
|
|t:|1779590200
|switch|p1a: 坤|Fezandipiti, M|100/100
|move|p2a: Darkrai|Dark Pulse|p1a: 坤
|-resisted|p1a: 坤
|-damage|p1a: 坤|78/100
|
|-heal|p1a: 坤|84/100|[from] item: Black Sludge
|upkeep
|turn|21
|
|t:|1779590208
|switch|p2a: Corviknight|Corviknight, M|77/100
|-ability|p2a: Corviknight|Pressure
|move|p1a: 坤|Moonblast|p2a: Corviknight
|-resisted|p2a: Corviknight
|-damage|p2a: Corviknight|66/100
|-unboost|p2a: Corviknight|spa|1
|
|-heal|p1a: 坤|90/100|[from] item: Black Sludge
|upkeep
|turn|22
|
|t:|1779590220
|switch|p1a: 最后一舞|Armarouge, F, shiny|100/100
|move|p2a: Corviknight|Roost|p2a: Corviknight
|-heal|p2a: Corviknight|100/100
|-singleturn|p2a: Corviknight|move: Roost
|
|upkeep
|turn|23
|
|t:|1779590228
|switch|p2a: Alomomola|Alomomola, F|61/100
|move|p1a: 最后一舞|Armor Cannon|p2a: Alomomola
|-resisted|p2a: Alomomola
|-damage|p2a: Alomomola|45/100
|-unboost|p1a: 最后一舞|def|1
|-unboost|p1a: 最后一舞|spd|1
|
|upkeep
|turn|24
|
|t:|1779590254
|switch|p2a: Landorus|Landorus-Therian, M|100/100
|-ability|p2a: Landorus|Intimidate|boost
|-unboost|p1a: 最后一舞|atk|1
|move|p1a: 最后一舞|Energy Ball|p2a: Landorus
|-damage|p2a: Landorus|64/100
|
|upkeep
|turn|25
|
|t:|1779590265
|switch|p1a: 波尼酱|Ogerpon-Wellspring, F|81/100 par
|move|p2a: Landorus|Earthquake|p1a: 波尼酱
|-resisted|p1a: 波尼酱
|-damage|p1a: 波尼酱|45/100 par
|
|upkeep
|turn|26
|
|t:|1779590272
|switch|p2a: Corviknight|Corviknight, M|100/100
|-ability|p2a: Corviknight|Pressure
|move|p1a: 波尼酱|Ivy Cudgel|p2a: Corviknight|[anim] Ivy Cudgel Water
|-crit|p2a: Corviknight
|-damage|p2a: Corviknight|42/100
|
|upkeep
|turn|27
|
|t:|1779590282
|switch|p1a: 最后一舞|Armarouge, F, shiny|100/100
|move|p2a: Corviknight|Roost|p2a: Corviknight
|-heal|p2a: Corviknight|92/100
|-singleturn|p2a: Corviknight|move: Roost
|
|upkeep
|turn|28
|
|t:|1779590289
|switch|p2a: Alomomola|Alomomola, F|78/100
|move|p1a: 最后一舞|Energy Ball|p2a: Alomomola
|-supereffective|p2a: Alomomola
|-damage|p2a: Alomomola|44/100
|
|upkeep
|turn|29
|
|t:|1779590297
|move|p1a: 最后一舞|Energy Ball|p2a: Alomomola
|-supereffective|p2a: Alomomola
|-damage|p2a: Alomomola|10/100
|move|p2a: Alomomola|Mirror Coat|p1a: 最后一舞
|-damage|p1a: 最后一舞|7/100
|
|upkeep
|turn|30
|
|t:|1779590303
|switch|p2a: Landorus|Landorus-Therian, M|64/100
|-ability|p2a: Landorus|Intimidate|boost
|-unboost|p1a: 最后一舞|atk|1
|move|p1a: 最后一舞|Energy Ball|p2a: Landorus
|-damage|p2a: Landorus|23/100
|
|upkeep
|turn|31
|
|t:|1779590313
|switch|p1a: 波尼酱|Ogerpon-Wellspring, F|45/100 par
|move|p2a: Landorus|Earthquake|p1a: 波尼酱
|-resisted|p1a: 波尼酱
|-damage|p1a: 波尼酱|8/100 par
|
|upkeep
|turn|32
|
|t:|1779590319
|move|p2a: Landorus|Earthquake|p1a: 波尼酱
|-resisted|p1a: 波尼酱
|-damage|p1a: 波尼酱|0 fnt
|faint|p1a: 波尼酱
|
|upkeep
|
|t:|1779590327
|switch|p1a: 人民万岁|Conkeldurr, M|63/100 brn
|turn|33
|
|t:|1779590338
|switch|p2a: Corviknight|Corviknight, M|92/100
|-ability|p2a: Corviknight|Pressure
|move|p1a: 人民万岁|Ice Punch|p2a: Corviknight
|-damage|p2a: Corviknight|65/100
|-damage|p1a: 人民万岁|47/100 brn|[from] item: Rocky Helmet|[of] p2a: Corviknight
|
|-damage|p1a: 人民万岁|40/100 brn|[from] brn
|upkeep
|turn|34
|
|t:|1779590347
|move|p2a: Corviknight|U-turn|p1a: 人民万岁
|-resisted|p1a: 人民万岁
|-damage|p1a: 人民万岁|35/100 brn
|
|t:|1779590351
|switch|p2a: Weezing|Weezing-Galar, F|56/100|[from] U-turn
|-ability|p2a: Weezing|Neutralizing Gas
|move|p1a: 人民万岁|Drain Punch|p2a: Weezing
|-resisted|p2a: Weezing
|-damage|p2a: Weezing|52/100
|-heal|p1a: 人民万岁|37/100 brn|[from] drain|[of] p2a: Weezing
|
|-damage|p1a: 人民万岁|30/100 brn|[from] brn
|upkeep
|turn|35
|
|t:|1779590367
|-end|p2a: Weezing|ability: Neutralizing Gas
|switch|p2a: Corviknight|Corviknight, M|65/100
|-ability|p2a: Corviknight|Pressure
|switch|p1a: 梦龙|Garchomp, F, tera:Steel|100/100 slp
|
|upkeep
|turn|36
|-message|HAJIGOO24 forfeited.
|
|win|SillySushi
|raw|HAJIGOO24's rating: 1352 &rarr; <strong>1332</strong><br />(-20 for losing)
|raw|SillySushi's rating: 1350 &rarr; <strong>1370</strong><br />(+20 for winning)
|l|☆HAJIGOO24
|player|p1|
