|j|☆greysay
|j|☆SparkyBoomBoomBoiY
|t:|1779656497
|gametype|singles
|player|p1|greysay|wallace|1020
|player|p2|SparkyBoomBoomBoiY|marlon|1062
|gen|9
|tier|[Gen 9] OU
|rated|
|rule|HP Percentage Mod: HP is shown in percentages
|rule|Endless Battle Clause: Forcing endless battles is banned
|rule|Species Clause: Limit one of each Pokémon
|rule|OHKO Clause: OHKO moves are banned
|rule|Evasion Items Clause: Evasion items are banned
|rule|Evasion Moves Clause: Evasion moves are banned
|rule|Evasion Abilities Clause: Evasion abilities are banned
|rule|Sleep Moves Clause: Sleep-inducing moves are banned
|clearpoke
|poke|p1|Grafaiai, F|
|poke|p1|Ambipom, M|
|poke|p1|Eiscue, M|
|poke|p1|Goodra-Hisui, M|
|poke|p1|Primarina, F|
|poke|p1|Chesnaught, F|
|poke|p2|Tornadus-Therian, M|
|poke|p2|Tsareena, F|
|poke|p2|Cramorant, F|
|poke|p2|Glimmora, F|
|poke|p2|Grafaiai, M|
|poke|p2|Dragapult, F|
|teampreview
|
|t:|1779656502
|teamsize|p1|6
|teamsize|p2|6
|start
|switch|p1a: Grafaiai|Grafaiai, F|100/100
|switch|p2a: Nuisance|Grafaiai, M|100/100
|turn|1
|
|t:|1779656509
|move|p2a: Nuisance|Taunt|p1a: Grafaiai
|-start|p1a: Grafaiai|move: Taunt
|cant|p1a: Grafaiai|move: Taunt|Switcheroo
|
|-damage|p1a: Grafaiai|88/100|[from] item: Sticky Barb
|upkeep
|turn|2
|
|t:|1779656523
|move|p2a: Nuisance|Toxic|p1a: Grafaiai
|-immune|p1a: Grafaiai
|move|p1a: Grafaiai|Fling|p2a: Nuisance
|-damage|p2a: Nuisance|76/100
|-enditem|p1a: Grafaiai|Sticky Barb|[from] move: Fling
|
|-heal|p2a: Nuisance|82/100|[from] item: Black Sludge
|upkeep
|turn|3
|
|t:|1779656551
|switch|p1a: Eiscue|Eiscue, M|100/100
|move|p2a: Nuisance|Toxic|p1a: Eiscue
|-status|p1a: Eiscue|tox
|
|-heal|p2a: Nuisance|88/100|[from] item: Black Sludge
|-damage|p1a: Eiscue|94/100 tox|[from] psn
|upkeep
|turn|4
|
|t:|1779656562
|move|p2a: Nuisance|Taunt|p1a: Eiscue
|-start|p1a: Eiscue|move: Taunt
|cant|p1a: Eiscue|move: Taunt|Snowscape
|
|-heal|p2a: Nuisance|94/100|[from] item: Black Sludge
|-damage|p1a: Eiscue|82/100 tox|[from] psn
|upkeep
|turn|5
|
|t:|1779656571
|move|p2a: Nuisance|Switcheroo|p1a: Eiscue
|-activate|p2a: Nuisance|move: Trick|[of] p1a: Eiscue
|-item|p1a: Eiscue|Black Sludge|[from] move: Switcheroo
|-item|p2a: Nuisance|Loaded Dice|[from] move: Switcheroo
|move|p1a: Eiscue|Icicle Spear|p2a: Nuisance
|-damage|p2a: Nuisance|86/100
|-damage|p2a: Nuisance|78/100
|-damage|p2a: Nuisance|70/100
|-hitcount|p2a: Nuisance|3
|
|-damage|p1a: Eiscue|69/100 tox|[from] item: Black Sludge
|-damage|p1a: Eiscue|51/100 tox|[from] psn
|upkeep
|turn|6
|
|t:|1779656585
|move|p2a: Nuisance|Protect|p2a: Nuisance
|-singleturn|p2a: Nuisance|Protect
|move|p1a: Eiscue|Flip Turn|p2a: Nuisance
|-activate|p2a: Nuisance|move: Protect
|
|-damage|p1a: Eiscue|38/100 tox|[from] item: Black Sludge
|-damage|p1a: Eiscue|13/100 tox|[from] psn
|-end|p1a: Eiscue|move: Taunt
|upkeep
|turn|7
|-message|greysay forfeited.
|
|win|SparkyBoomBoomBoiY
|raw|greysay's rating: 1020 &rarr; <strong>1009</strong><br />(-11 for losing)
|raw|SparkyBoomBoomBoiY's rating: 1062 &rarr; <strong>1089</strong><br />(+27 for winning)
|l|☆greysay
|player|p1|
