|j|☆Kogasscarf
|j|☆handsomepancreas2
|t:|1779708481
|gametype|singles
|player|p1|Kogasscarf|koga|1340
|player|p2|handsomepancreas2|pokemonrangerf-gen4|1360
|gen|9
|tier|[Gen 9] OU
|rated|
|rule|HP Percentage Mod: HP is shown in percentages
|rule|Endless Battle Clause: Forcing endless battles is banned
|rule|Species Clause: Limit one of each Pokémon
|rule|OHKO Clause: OHKO moves are banned
|rule|Evasion Items Clause: Evasion items are banned
|rule|Evasion Moves Clause: Evasion moves are banned
|rule|Evasion Abilities Clause: Evasion abilities are banned
|rule|Sleep Moves Clause: Sleep-inducing moves are banned
|clearpoke
|poke|p1|Toxtricity-Low-Key, M|
|poke|p1|Cinderace, F|
|poke|p1|Mandibuzz, F|
|poke|p1|Kyurem|
|poke|p1|Ting-Lu|
|poke|p1|Manaphy|
|poke|p2|Raging Bolt|
|poke|p2|Cinderace, F|
|poke|p2|Kingambit, M|
|poke|p2|Great Tusk|
|poke|p2|Iron Valiant|
|poke|p2|Ogerpon-Wellspring, F|
|teampreview
|inactive|Battle timer is ON: inactive players will automatically lose when time's up. (requested by handsomepancreas2)
|
|t:|1779708494
|teamsize|p1|6
|teamsize|p2|6
|start
|switch|p1a: Toxtricity|Toxtricity-Low-Key, M|100/100
|switch|p2a: Raging Bolt|Raging Bolt|100/100
|turn|1
|
|t:|1779708503
|move|p2a: Raging Bolt|Draco Meteor|p1a: Toxtricity
|-damage|p1a: Toxtricity|4/100
|-unboost|p2a: Raging Bolt|spa|2
|move|p1a: Toxtricity|Boomburst|p2a: Raging Bolt
|-damage|p2a: Raging Bolt|35/100
|-enditem|p1a: Toxtricity|Throat Spray
|-boost|p1a: Toxtricity|spa|1|[from] item: Throat Spray
|
|upkeep
|turn|2
|
|t:|1779708517
|move|p2a: Raging Bolt|Draco Meteor|p1a: Toxtricity
|-damage|p1a: Toxtricity|0 fnt
|-unboost|p2a: Raging Bolt|spa|2
|faint|p1a: Toxtricity
|
|upkeep
|inactive|Kogasscarf has 120 seconds left.
|
|t:|1779708546
|switch|p1a: Kyurem|Kyurem|100/100
|-ability|p1a: Kyurem|Pressure
|turn|3
|inactive|Kogasscarf has 120 seconds left.
|
|t:|1779708566
|-end|p2a: Raging Bolt|Protosynthesis|[silent]
|switch|p2a: Iron Valiant|Iron Valiant|100/100
|-enditem|p2a: Iron Valiant|Booster Energy
|-activate|p2a: Iron Valiant|ability: Quark Drive|[fromitem]
|-start|p2a: Iron Valiant|quarkdrivespe
|move|p1a: Kyurem|Freeze-Dry|p2a: Iron Valiant
|-damage|p2a: Iron Valiant|29/100
|-status|p2a: Iron Valiant|frz
|
|upkeep
|turn|4
|
|t:|1779708577
|cant|p2a: Iron Valiant|frz
|move|p1a: Kyurem|Freeze-Dry|p2a: Iron Valiant
|-damage|p2a: Iron Valiant|0 fnt
|faint|p2a: Iron Valiant
|-end|p2a: Iron Valiant|Quark Drive|[silent]
|
|upkeep
|
|t:|1779708585
|switch|p2a: Raging Bolt|Raging Bolt|35/100
|turn|5
|
|t:|1779708588
|move|p1a: Kyurem|Freeze-Dry|p2a: Raging Bolt
|-supereffective|p2a: Raging Bolt
|-damage|p2a: Raging Bolt|0 fnt
|faint|p2a: Raging Bolt
|-end|p2a: Raging Bolt|Protosynthesis|[silent]
|
|upkeep
|
|t:|1779708599
|switch|p2a: Kingambit|Kingambit, M|100/100
|-activate|p2a: Kingambit|ability: Supreme Overlord
|-start|p2a: Kingambit|fallen2|[silent]
|turn|6
|
|t:|1779708609
|switch|p1a: Ting-Lucifer|Ting-Lu|100/100
|-ability|p1a: Ting-Lucifer|Vessel of Ruin
|move|p2a: Kingambit|Swords Dance|p2a: Kingambit
|-boost|p2a: Kingambit|atk|2
|
|upkeep
|turn|7
|
|t:|1779708619
|move|p2a: Kingambit|Kowtow Cleave|p1a: Ting-Lucifer
|-resisted|p1a: Ting-Lucifer
|-damage|p1a: Ting-Lucifer|58/100
|move|p1a: Ting-Lucifer|Earthquake|p2a: Kingambit
|-supereffective|p2a: Kingambit
|-damage|p2a: Kingambit|7/100
|
|upkeep
|turn|8
|
|t:|1779708626
|move|p2a: Kingambit|Kowtow Cleave|p1a: Ting-Lucifer
|-resisted|p1a: Ting-Lucifer
|-damage|p1a: Ting-Lucifer|15/100
|move|p1a: Ting-Lucifer|Heavy Slam|p2a: Kingambit
|-resisted|p2a: Kingambit
|-damage|p2a: Kingambit|0 fnt
|faint|p2a: Kingambit
|-end|p2a: Kingambit|fallen2|[silent]
|
|upkeep
|
|t:|1779708630
|switch|p2a: Ogerpon|Ogerpon-Wellspring, F|100/100
|turn|9
|
|t:|1779708639
|move|p2a: Ogerpon|Ivy Cudgel|p1a: Ting-Lucifer|[anim] Ivy Cudgel Water
|-supereffective|p1a: Ting-Lucifer
|-damage|p1a: Ting-Lucifer|0 fnt
|faint|p1a: Ting-Lucifer
|
|upkeep
|
|t:|1779708647
|switch|p1a: Manaphy|Manaphy|100/100
|turn|10
|
|t:|1779708652
|move|p2a: Ogerpon|Power Whip|p1a: Manaphy
|-supereffective|p1a: Manaphy
|-damage|p1a: Manaphy|0 fnt
|faint|p1a: Manaphy
|
|upkeep
|
|t:|1779708679
|switch|p1a: Kyurem|Kyurem|100/100
|-ability|p1a: Kyurem|Pressure
|turn|11
|
|t:|1779708690
|switch|p2a: Great Tusk|Great Tusk|100/100
|move|p1a: Kyurem|Freeze-Dry|p2a: Great Tusk
|-supereffective|p2a: Great Tusk
|-damage|p2a: Great Tusk|0 fnt
|faint|p2a: Great Tusk
|-end|p2a: Great Tusk|Protosynthesis|[silent]
|
|upkeep
|
|t:|1779708692
|switch|p2a: Cinderace|Cinderace, F|100/100
|turn|12
|
|t:|1779708697
|switch|p1a: Mandibuzz|Mandibuzz, F, shiny|100/100
|move|p2a: Cinderace|Pyro Ball|p1a: Mandibuzz
|-damage|p1a: Mandibuzz|65/100
|
|upkeep
|turn|13
|
|t:|1779708705
|move|p2a: Cinderace|Will-O-Wisp|p1a: Mandibuzz
|-status|p1a: Mandibuzz|brn
|move|p1a: Mandibuzz|Toxic|p2a: Cinderace
|-status|p2a: Cinderace|tox
|
|-damage|p2a: Cinderace|95/100 tox|[from] psn
|-damage|p1a: Mandibuzz|59/100 brn|[from] brn
|upkeep
|turn|14
|
|t:|1779708714
|move|p2a: Cinderace|U-turn|p1a: Mandibuzz
|-start|p2a: Cinderace|typechange|Bug|[from] ability: Libero
|-damage|p1a: Mandibuzz|38/100 brn
|-damage|p2a: Cinderace|78/100 tox|[from] item: Rocky Helmet|[of] p1a: Mandibuzz
|
|t:|1779708718
|switch|p2a: Ogerpon|Ogerpon-Wellspring, F|100/100|[from] U-turn
|move|p1a: Mandibuzz|Roost|p1a: Mandibuzz
|-heal|p1a: Mandibuzz|88/100 brn
|-singleturn|p1a: Mandibuzz|move: Roost
|
|-damage|p1a: Mandibuzz|82/100 brn|[from] brn
|upkeep
|turn|15
|
|t:|1779708722
|-terastallize|p2a: Ogerpon|Water
|detailschange|p2a: Ogerpon|Ogerpon-Wellspring-Tera, F, tera:Water
|-ability|p2a: Ogerpon|Embody Aspect (Wellspring)|boost
|-boost|p2a: Ogerpon|spd|1
|move|p2a: Ogerpon|Ivy Cudgel|p1a: Mandibuzz|[anim] Ivy Cudgel Water
|-damage|p1a: Mandibuzz|35/100 brn
|move|p1a: Mandibuzz|Foul Play|p2a: Ogerpon
|-crit|p2a: Ogerpon
|-damage|p2a: Ogerpon|52/100
|
|-damage|p1a: Mandibuzz|29/100 brn|[from] brn
|upkeep
|turn|16
|
|t:|1779708737
|move|p2a: Ogerpon|Ivy Cudgel|p1a: Mandibuzz|[anim] Ivy Cudgel Water
|-damage|p1a: Mandibuzz|0 fnt
|faint|p1a: Mandibuzz
|
|upkeep
|c|☆handsomepancreas2|ggs
|
|t:|1779708747
|switch|p1a: Kyurem|Kyurem|100/100
|-ability|p1a: Kyurem|Pressure
|turn|17
|
|t:|1779708755
|-terastallize|p1a: Kyurem|Ground
|move|p1a: Kyurem|Earth Power|p2a: Ogerpon
|-damage|p2a: Ogerpon|9/100
|move|p2a: Ogerpon|Ivy Cudgel|p1a: Kyurem|[anim] Ivy Cudgel Water
|-supereffective|p1a: Kyurem
|-damage|p1a: Kyurem|0 fnt
|faint|p1a: Kyurem
|
|upkeep
|
|t:|1779708762
|switch|p1a: Cinderace|Cinderace, F|100/100
|turn|18
|
|t:|1779708770
|move|p1a: Cinderace|Pyro Ball|p2a: Ogerpon
|-resisted|p2a: Ogerpon
|-damage|p2a: Ogerpon|0 fnt
|faint|p2a: Ogerpon
|detailschange|p2: Ogerpon|Ogerpon-Wellspring, F|[silent]
|
|upkeep
|
|t:|1779708773
|switch|p2a: Cinderace|Cinderace, F|78/100 tox
|turn|19
|
|t:|1779708776
|move|p2a: Cinderace|Pyro Ball|p1a: Cinderace
|-resisted|p1a: Cinderace
|-damage|p1a: Cinderace|61/100
|move|p1a: Cinderace|Pyro Ball|p2a: Cinderace
|-resisted|p2a: Cinderace
|-damage|p2a: Cinderace|25/100 tox
|
|-damage|p2a: Cinderace|19/100 tox|[from] psn
|upkeep
|turn|20
|
|t:|1779708784
|move|p2a: Cinderace|Pyro Ball|p1a: Cinderace
|-resisted|p1a: Cinderace
|-damage|p1a: Cinderace|23/100
|move|p1a: Cinderace|U-turn|p2a: Cinderace
|-start|p1a: Cinderace|typechange|Bug|[from] ability: Libero
|-resisted|p2a: Cinderace
|-damage|p2a: Cinderace|0 fnt
|faint|p2a: Cinderace
|
|win|Kogasscarf
|raw|Kogasscarf's rating: 1340 &rarr; <strong>1361</strong><br />(+21 for winning)
|raw|handsomepancreas2's rating: 1360 &rarr; <strong>1339</strong><br />(-21 for losing)
|l|☆handsomepancreas2
|player|p2|
|l|☆Kogasscarf
|player|p1|
