|j|☆huzzrepellent
|j|☆CnBCheezy
|t:|1779712605
|gametype|singles
|player|p1|huzzrepellent|shelly|1272
|player|p2|CnBCheezy|policeman-gen4|1281
|gen|9
|tier|[Gen 9] OU
|rated|
|rule|HP Percentage Mod: HP is shown in percentages
|rule|Endless Battle Clause: Forcing endless battles is banned
|rule|Species Clause: Limit one of each Pokémon
|rule|OHKO Clause: OHKO moves are banned
|rule|Evasion Items Clause: Evasion items are banned
|rule|Evasion Moves Clause: Evasion moves are banned
|rule|Evasion Abilities Clause: Evasion abilities are banned
|rule|Sleep Moves Clause: Sleep-inducing moves are banned
|clearpoke
|poke|p1|Gardevoir, F|
|poke|p1|Ogerpon-Wellspring, F|
|poke|p1|Slowking-Galar, F|
|poke|p1|Landorus-Therian, M|
|poke|p1|Cinderace, F|
|poke|p1|Kingambit, F|
|poke|p2|Scizor, M|
|poke|p2|Heatran, M|
|poke|p2|Gallade, M|
|poke|p2|Pecharunt|
|poke|p2|Latios, M|
|poke|p2|Houndoom, M|
|teampreview
|inactive|Battle timer is ON: inactive players will automatically lose when time's up. (requested by CnBCheezy)
|
|t:|1779712618
|teamsize|p1|6
|teamsize|p2|6
|start
|switch|p1a: RIUS|Landorus-Therian, M|100/100
|switch|p2a: Pecharunt|Pecharunt|100/100
|-ability|p1a: RIUS|Intimidate|boost
|-unboost|p2a: Pecharunt|atk|1
|turn|1
|
|t:|1779712628
|move|p1a: RIUS|Earthquake|p2a: Pecharunt
|-supereffective|p2a: Pecharunt
|-damage|p2a: Pecharunt|42/100
|move|p2a: Pecharunt|Toxic|p1a: RIUS
|-status|p1a: RIUS|tox
|-start|p1a: RIUS|confusion|[from] ability: Poison Puppeteer|[of] p2a: Pecharunt
|
|-damage|p1a: RIUS|95/100 tox|[from] psn
|upkeep
|turn|2
|
|t:|1779712639
|switch|p2a: Latios|Latios, M, shiny|100/100
|-activate|p1a: RIUS|confusion
|move|p1a: RIUS|Stealth Rock|p2a: Latios
|-sidestart|p2: CnBCheezy|move: Stealth Rock
|
|-damage|p1a: RIUS|83/100 tox|[from] psn
|upkeep
|turn|3
|
|t:|1779712648
|-activate|p1a: RIUS|confusion
|-damage|p1a: RIUS|65/100 tox|[from] confusion
|move|p2a: Latios|Reflect|p2a: Latios
|-sidestart|p2: CnBCheezy|Reflect
|
|-damage|p1a: RIUS|47/100 tox|[from] psn
|upkeep
|turn|4
|
|t:|1779712654
|-activate|p1a: RIUS|confusion
|move|p1a: RIUS|U-turn|p2a: Latios
|-supereffective|p2a: Latios
|-damage|p2a: Latios|70/100
|inactive|huzzrepellent has 120 seconds left.
|
|t:|1779712686
|switch|p1a: Gardevoir|Gardevoir, F|100/100|[from] U-turn
|-ability|p1a: Gardevoir|Levitate|Trace|[from] ability: Trace|[of] p2a: Latios
|move|p2a: Latios|Chilling Water|p1a: Gardevoir
|-damage|p1a: Gardevoir|84/100
|-unboost|p1a: Gardevoir|atk|1
|
|upkeep
|turn|5
|
|t:|1779712701
|switch|p2a: Gallade|Gallade, M, shiny|100/100
|-damage|p2a: Gallade|94/100|[from] Stealth Rock
|move|p1a: Gardevoir|Moonblast|p2a: Gallade
|-supereffective|p2a: Gallade
|-damage|p2a: Gallade|16/100
|
|-heal|p2a: Gallade|22/100|[from] item: Leftovers
|upkeep
|turn|6
|
|t:|1779712712
|move|p2a: Gallade|Shadow Sneak|p1a: Gardevoir
|-supereffective|p1a: Gardevoir
|-damage|p1a: Gardevoir|42/100
|move|p1a: Gardevoir|Moonblast|p2a: Gallade
|-supereffective|p2a: Gallade
|-damage|p2a: Gallade|0 fnt
|faint|p2a: Gallade
|
|upkeep
|
|t:|1779712727
|switch|p2a: Heatran|Heatran, M, shiny|100/100
|turn|7
|
|t:|1779712731
|switch|p1a: RIUS|Landorus-Therian, M|47/100 tox
|-ability|p1a: RIUS|Intimidate|boost
|-unboost|p2a: Heatran|atk|1
|move|p2a: Heatran|Stealth Rock|p1a: RIUS
|-sidestart|p1: huzzrepellent|move: Stealth Rock
|
|-damage|p1a: RIUS|41/100 tox|[from] psn
|upkeep
|turn|8
|
|t:|1779712739
|move|p1a: RIUS|U-turn|p2a: Heatran
|-resisted|p2a: Heatran
|-damage|p2a: Heatran|98/100
|
|t:|1779712743
|switch|p1a: Slowking|Slowking-Galar, F|100/100|[from] U-turn
|move|p2a: Heatran|Flamethrower|p1a: Slowking
|-damage|p1a: Slowking|77/100
|
|upkeep
|turn|9
|
|t:|1779712751
|move|p2a: Heatran|Will-O-Wisp|p1a: Slowking
|-status|p1a: Slowking|brn
|move|p1a: Slowking|Thunder Wave|p2a: Heatran
|-status|p2a: Heatran|par
|
|-damage|p1a: Slowking|71/100 brn|[from] brn
|upkeep
|turn|10
|
|t:|1779712760
|switch|p2a: Scizor|Scizor, M|100/100
|-damage|p2a: Scizor|88/100|[from] Stealth Rock
|-prepare|p1a: Slowking|Chilly Reception|[premajor]
|move|p1a: Slowking|Chilly Reception|p1a: Slowking
|-weather|Snowscape
|
|t:|1779712773
|switch|p1a: Cinderace|Cinderace, F|100/100|[from] Chilly Reception
|
|-weather|Snowscape|[upkeep]
|-heal|p2a: Scizor|94/100|[from] item: Leftovers
|-sideend|p2: CnBCheezy|Reflect
|upkeep
|turn|11
|
|t:|1779712782
|-terastallize|p2a: Scizor|Water
|move|p1a: Cinderace|Will-O-Wisp|p2a: Scizor
|-status|p2a: Scizor|brn
|move|p2a: Scizor|Knock Off|p1a: Cinderace
|-damage|p1a: Cinderace|74/100
|-enditem|p1a: Cinderace|Heavy-Duty Boots|[from] move: Knock Off|[of] p2a: Scizor
|
|-weather|Snowscape|[upkeep]
|-heal|p2a: Scizor|100/100 brn|[from] item: Leftovers
|-damage|p2a: Scizor|94/100 brn|[from] brn
|upkeep
|turn|12
|
|t:|1779712793
|move|p1a: Cinderace|U-turn|p2a: Scizor
|-damage|p2a: Scizor|71/100 brn
|
|t:|1779712797
|switch|p1a: RIUS|Landorus-Therian, M|41/100 tox|[from] U-turn
|-damage|p1a: RIUS|29/100 tox|[from] Stealth Rock
|-ability|p1a: RIUS|Intimidate|boost
|-unboost|p2a: Scizor|atk|1
|move|p2a: Scizor|Lunge|p1a: RIUS
|-resisted|p1a: RIUS
|-damage|p1a: RIUS|20/100 tox
|-unboost|p1a: RIUS|atk|1
|
|-weather|Snowscape|[upkeep]
|-heal|p2a: Scizor|78/100 brn|[from] item: Leftovers
|-damage|p1a: RIUS|14/100 tox|[from] psn
|-damage|p2a: Scizor|71/100 brn|[from] brn
|upkeep
|turn|13
|
|t:|1779712811
|move|p2a: Scizor|Bullet Punch|p1a: RIUS
|-damage|p1a: RIUS|0 fnt
|faint|p1a: RIUS
|
|-weather|Snowscape|[upkeep]
|-heal|p2a: Scizor|78/100 brn|[from] item: Leftovers
|-damage|p2a: Scizor|71/100 brn|[from] brn
|upkeep
|
|t:|1779712818
|switch|p1a: Ogerpon|Ogerpon-Wellspring, F|100/100
|-damage|p1a: Ogerpon|88/100|[from] Stealth Rock
|turn|14
|
|t:|1779712823
|switch|p2a: Pecharunt|Pecharunt|42/100
|-damage|p2a: Pecharunt|29/100|[from] Stealth Rock
|move|p1a: Ogerpon|Power Whip|p2a: Pecharunt
|-resisted|p2a: Pecharunt
|-damage|p2a: Pecharunt|11/100
|-damage|p1a: Ogerpon|72/100|[from] item: Rocky Helmet|[of] p2a: Pecharunt
|
|-weather|none
|upkeep
|turn|15
|
|t:|1779712832
|move|p1a: Ogerpon|Ivy Cudgel|p2a: Pecharunt|[anim] Ivy Cudgel Water
|-damage|p2a: Pecharunt|0 fnt
|faint|p2a: Pecharunt
|
|upkeep
|
|t:|1779712837
|switch|p2a: Latios|Latios, M, shiny|70/100
|-damage|p2a: Latios|58/100|[from] Stealth Rock
|turn|16
|l|☆huzzrepellent
|inactive|huzzrepellent disconnected and has a minute to reconnect!
|player|p1|
|inactive|huzzrepellent has 30 seconds to reconnect!
|j|☆huzzrepellent
|inactive|huzzrepellent reconnected and has 105 seconds left.
|player|p1|huzzrepellent|shelly|
|
|t:|1779712897
|-terastallize|p1a: Ogerpon|Water
|detailschange|p1a: Ogerpon|Ogerpon-Wellspring-Tera, F, tera:Water
|-ability|p1a: Ogerpon|Embody Aspect (Wellspring)|boost
|-boost|p1a: Ogerpon|spd|1
|move|p1a: Ogerpon|Knock Off|p2a: Latios
|-supereffective|p2a: Latios
|-damage|p2a: Latios|0 fnt
|-enditem|p2a: Latios|Light Clay|[from] move: Knock Off|[of] p1a: Ogerpon
|faint|p2a: Latios
|
|upkeep
|
|t:|1779712909
|switch|p2a: Heatran|Heatran, M, shiny|98/100 par
|turn|17
|
|t:|1779712915
|move|p1a: Ogerpon|Ivy Cudgel|p2a: Heatran|[anim] Ivy Cudgel Water
|-supereffective|p2a: Heatran
|-damage|p2a: Heatran|0 fnt
|faint|p2a: Heatran
|
|upkeep
|
|t:|1779712925
|switch|p2a: Houndoom|Houndoom, M, shiny|100/100
|-damage|p2a: Houndoom|76/100|[from] Stealth Rock
|turn|18
|
|t:|1779712931
|move|p1a: Ogerpon|Ivy Cudgel|p2a: Houndoom|[anim] Ivy Cudgel Water
|-supereffective|p2a: Houndoom
|-damage|p2a: Houndoom|0 fnt
|faint|p2a: Houndoom
|
|upkeep
|
|t:|1779712936
|switch|p2a: Scizor|Scizor, M, tera:Water|71/100 brn
|-damage|p2a: Scizor|59/100 brn|[from] Stealth Rock
|turn|19
|
|t:|1779712950
|move|p1a: Ogerpon|Power Whip|p2a: Scizor
|-supereffective|p2a: Scizor
|-damage|p2a: Scizor|0 fnt
|faint|p2a: Scizor
|
|win|huzzrepellent
|raw|huzzrepellent's rating: 1272 &rarr; <strong>1298</strong><br />(+26 for winning)
|raw|CnBCheezy's rating: 1281 &rarr; <strong>1255</strong><br />(-26 for losing)
|l|☆huzzrepellent
|player|p1|
|l|☆CnBCheezy
|player|p2|
