|j|☆Leader Alastor
|j|☆plsbringregi
|t:|1779581069
|gametype|singles
|player|p1|Leader Alastor|blue|1480
|player|p2|plsbringregi|101|1525
|gen|9
|tier|[Gen 9] OU
|rated|
|rule|HP Percentage Mod: HP is shown in percentages
|rule|Endless Battle Clause: Forcing endless battles is banned
|rule|Species Clause: Limit one of each Pokémon
|rule|OHKO Clause: OHKO moves are banned
|rule|Evasion Items Clause: Evasion items are banned
|rule|Evasion Moves Clause: Evasion moves are banned
|rule|Evasion Abilities Clause: Evasion abilities are banned
|rule|Sleep Moves Clause: Sleep-inducing moves are banned
|clearpoke
|poke|p1|Ceruledge, M|
|poke|p1|Iron Valiant|
|poke|p1|Lilligant, F|
|poke|p1|Cloyster, F|
|poke|p1|Noivern, M|
|poke|p1|Malamar, F|
|poke|p2|Walking Wake|
|poke|p2|Glimmora, F|
|poke|p2|Gliscor, F|
|poke|p2|Iron Valiant|
|poke|p2|Gholdengo|
|poke|p2|Moltres|
|teampreview
|inactive|Battle timer is ON: inactive players will automatically lose when time's up. (requested by Leader Alastor)
|
|t:|1779581075
|teamsize|p1|6
|teamsize|p2|6
|start
|switch|p1a: Trident|Cloyster, F|100/100
|switch|p2a: Glimmora|Glimmora, F|100/100
|turn|1
|
|t:|1779581078
|move|p2a: Glimmora|Power Gem|p1a: Trident
|-supereffective|p1a: Trident
|-crit|p1a: Trident
|-enditem|p1a: Trident|Focus Sash
|-damage|p1a: Trident|1/100
|move|p1a: Trident|Shell Smash|p1a: Trident
|-unboost|p1a: Trident|def|1
|-unboost|p1a: Trident|spd|1
|-boost|p1a: Trident|atk|2
|-boost|p1a: Trident|spa|2
|-boost|p1a: Trident|spe|2
|
|upkeep
|turn|2
|
|t:|1779581092
|move|p1a: Trident|Waterfall|p2a: Glimmora
|-supereffective|p2a: Glimmora
|-enditem|p2a: Glimmora|Focus Sash
|-damage|p2a: Glimmora|1/100
|-activate|p2a: Glimmora|ability: Toxic Debris
|-sidestart|p1: Leader Alastor|move: Toxic Spikes
|cant|p2a: Glimmora|flinch
|
|upkeep
|turn|3
|
|t:|1779581101
|move|p1a: Trident|Icicle Spear|p2a: Glimmora
|-damage|p2a: Glimmora|0 fnt
|-activate|p2a: Glimmora|ability: Toxic Debris
|-sidestart|p1: Leader Alastor|move: Toxic Spikes
|faint|p2a: Glimmora
|-hitcount|p2: Glimmora|1
|
|upkeep
|
|t:|1779581104
|switch|p2a: Gliscor|Gliscor, F|100/100
|turn|4
|
|t:|1779581106
|-terastallize|p2a: Gliscor|Water
|move|p1a: Trident|Icicle Spear|p2a: Gliscor
|-resisted|p2a: Gliscor
|-damage|p2a: Gliscor|91/100
|-resisted|p2a: Gliscor
|-damage|p2a: Gliscor|82/100
|-resisted|p2a: Gliscor
|-damage|p2a: Gliscor|74/100
|-resisted|p2a: Gliscor
|-damage|p2a: Gliscor|65/100
|-resisted|p2a: Gliscor
|-damage|p2a: Gliscor|56/100
|-hitcount|p2a: Gliscor|5
|move|p2a: Gliscor|Earthquake|p1a: Trident
|-damage|p1a: Trident|0 fnt
|faint|p1a: Trident
|
|-status|p2a: Gliscor|tox|[from] item: Toxic Orb
|upkeep
|
|t:|1779581109
|switch|p1a: Scimitar|Noivern, M|100/100
|turn|5
|
|t:|1779581112
|move|p1a: Scimitar|Defog|p2a: Gliscor
|-unboost|p2a: Gliscor|evasion|1
|-sideend|p1: Leader Alastor|Toxic Spikes|[from] move: Defog|[of] p1a: Scimitar
|move|p2a: Gliscor|Toxic|p1a: Scimitar
|-status|p1a: Scimitar|tox
|
|-damage|p1a: Scimitar|94/100 tox|[from] psn
|-heal|p2a: Gliscor|68/100 tox|[from] ability: Poison Heal
|upkeep
|turn|6
|
|t:|1779581116
|move|p2a: Gliscor|Protect|p2a: Gliscor
|-singleturn|p2a: Gliscor|Protect
|move|p1a: Scimitar|Boomburst|p2a: Gliscor
|-activate|p2a: Gliscor|move: Protect
|
|-damage|p1a: Scimitar|82/100 tox|[from] psn
|-heal|p2a: Gliscor|81/100 tox|[from] ability: Poison Heal
|upkeep
|turn|7
|
|t:|1779581124
|move|p1a: Scimitar|Boomburst|p2a: Gliscor
|-damage|p2a: Gliscor|47/100 tox
|-enditem|p1a: Scimitar|Throat Spray
|-boost|p1a: Scimitar|spa|1|[from] item: Throat Spray
|move|p2a: Gliscor|Spikes|p1a: Scimitar
|-sidestart|p1: Leader Alastor|Spikes
|
|-damage|p1a: Scimitar|64/100 tox|[from] psn
|-heal|p2a: Gliscor|60/100 tox|[from] ability: Poison Heal
|upkeep
|turn|8
|
|t:|1779581131
|move|p2a: Gliscor|Protect|p2a: Gliscor
|-singleturn|p2a: Gliscor|Protect
|move|p1a: Scimitar|Air Slash|p2a: Gliscor
|-activate|p2a: Gliscor|move: Protect
|
|-damage|p1a: Scimitar|39/100 tox|[from] psn
|-heal|p2a: Gliscor|72/100 tox|[from] ability: Poison Heal
|upkeep
|turn|9
|
|t:|1779581141
|move|p1a: Scimitar|Defog|p2a: Gliscor
|-unboost|p2a: Gliscor|evasion|1
|-sideend|p1: Leader Alastor|Spikes|[from] move: Defog|[of] p1a: Scimitar
|move|p2a: Gliscor|Spikes|p1a: Scimitar
|-sidestart|p1: Leader Alastor|Spikes
|
|-damage|p1a: Scimitar|9/100 tox|[from] psn
|-heal|p2a: Gliscor|85/100 tox|[from] ability: Poison Heal
|upkeep
|turn|10
|
|t:|1779581153
|switch|p1a: Glaive|Iron Valiant|100/100
|-damage|p1a: Glaive|88/100|[from] Spikes
|-enditem|p1a: Glaive|Booster Energy
|-activate|p1a: Glaive|ability: Quark Drive|[fromitem]
|-start|p1a: Glaive|quarkdrivespe
|move|p2a: Gliscor|Protect||[still]
|-fail|p2a: Gliscor
|
|-heal|p2a: Gliscor|97/100 tox|[from] ability: Poison Heal
|upkeep
|turn|11
|
|t:|1779581160
|switch|p2a: Moltres|Moltres|100/100
|-terastallize|p1a: Glaive|Steel
|move|p1a: Glaive|Swords Dance|p1a: Glaive
|-boost|p1a: Glaive|atk|2
|
|upkeep
|turn|12
|
|t:|1779581166
|move|p1a: Glaive|Spirit Break|p2a: Moltres
|-resisted|p2a: Moltres
|-damage|p2a: Moltres|75/100
|-unboost|p2a: Moltres|spa|1
|-status|p1a: Glaive|brn|[from] ability: Flame Body|[of] p2a: Moltres
|move|p2a: Moltres|Flamethrower|p1a: Glaive
|-supereffective|p1a: Glaive
|-damage|p1a: Glaive|0 fnt
|faint|p1a: Glaive
|-end|p1a: Glaive|Quark Drive|[silent]
|
|upkeep
|
|t:|1779581173
|switch|p1a: Gladius|Lilligant, F|100/100
|-damage|p1a: Gladius|88/100|[from] Spikes
|turn|13
|
|t:|1779581175
|move|p1a: Gladius|Quiver Dance|p1a: Gladius
|-boost|p1a: Gladius|spa|1
|-boost|p1a: Gladius|spd|1
|-boost|p1a: Gladius|spe|1
|move|p2a: Moltres|Roar|p1a: Gladius
|drag|p1a: Partisan|Malamar, F|100/100
|-damage|p1a: Partisan|88/100|[from] Spikes
|
|upkeep
|turn|14
|-activate|p1a: Partisan|item: Quick Claw
|
|t:|1779581187
|move|p1a: Partisan|Throat Chop|p2a: Moltres
|-damage|p2a: Moltres|50/100
|-start|p2a: Moltres|Throat Chop|[silent]
|-status|p1a: Partisan|brn|[from] ability: Flame Body|[of] p2a: Moltres
|move|p2a: Moltres|U-turn|p1a: Partisan
|-supereffective|p1a: Partisan
|-damage|p1a: Partisan|34/100 brn
|
|t:|1779581199
|switch|p2a: Gholdengo|Gholdengo|100/100|[from] U-turn
|
|-damage|p1a: Partisan|28/100 brn|[from] brn
|upkeep
|turn|15
|
|t:|1779581205
|move|p2a: Gholdengo|Shadow Ball|p1a: Partisan
|-damage|p1a: Partisan|0 fnt
|faint|p1a: Partisan
|
|upkeep
|
|t:|1779581209
|switch|p1a: Scimitar|Noivern, M|9/100 tox
|turn|16
|
|t:|1779581211
|move|p2a: Gholdengo|Shadow Ball|p1a: Scimitar
|-damage|p1a: Scimitar|0 fnt
|faint|p1a: Scimitar
|
|upkeep
|
|t:|1779581213
|switch|p1a: Gladius|Lilligant, F|88/100
|-damage|p1a: Gladius|76/100|[from] Spikes
|turn|17
|
|t:|1779581217
|move|p2a: Gholdengo|Shadow Ball|p1a: Gladius
|-damage|p1a: Gladius|15/100
|move|p1a: Gladius|Quiver Dance|p1a: Gladius
|-boost|p1a: Gladius|spa|1
|-boost|p1a: Gladius|spd|1
|-boost|p1a: Gladius|spe|1
|
|upkeep
|turn|18
|
|t:|1779581227
|move|p2a: Gholdengo|Shadow Ball|p1a: Gladius
|-damage|p1a: Gladius|0 fnt
|faint|p1a: Gladius
|
|upkeep
|
|t:|1779581230
|switch|p1a: Flamberge|Ceruledge, M|100/100
|-damage|p1a: Flamberge|88/100|[from] Spikes
|turn|19
|
|t:|1779581232
|move|p2a: Gholdengo|Shadow Ball|p1a: Flamberge
|-supereffective|p1a: Flamberge
|-damage|p1a: Flamberge|0 fnt
|faint|p1a: Flamberge
|
|win|plsbringregi
|raw|Leader Alastor's rating: 1480 &rarr; <strong>1463</strong><br />(-17 for losing)
|raw|plsbringregi's rating: 1525 &rarr; <strong>1542</strong><br />(+17 for winning)
|l|☆Leader Alastor
|player|p1|
|l|☆plsbringregi
|player|p2|
