|j|☆upgrade9
|j|☆esta man oe
|t:|1779650720
|gametype|singles
|player|p1|upgrade9|170|1397
|player|p2|esta man oe|preschooler|1417
|gen|9
|tier|[Gen 9] OU
|rated|
|rule|HP Percentage Mod: HP is shown in percentages
|rule|Endless Battle Clause: Forcing endless battles is banned
|rule|Species Clause: Limit one of each Pokémon
|rule|OHKO Clause: OHKO moves are banned
|rule|Evasion Items Clause: Evasion items are banned
|rule|Evasion Moves Clause: Evasion moves are banned
|rule|Evasion Abilities Clause: Evasion abilities are banned
|rule|Sleep Moves Clause: Sleep-inducing moves are banned
|clearpoke
|poke|p1|Sceptile, M|
|poke|p1|Enamorus, F|
|poke|p1|Cinderace, F|
|poke|p1|Dondozo, M|
|poke|p1|Iron Valiant|
|poke|p1|Dragapult, M|
|poke|p2|Torkoal, M|
|poke|p2|Pelipper, M|
|poke|p2|Walking Wake|
|poke|p2|Hatterene, F|
|poke|p2|Raging Bolt|
|poke|p2|Alomomola, F|
|teampreview
|inactive|Battle timer is ON: inactive players will automatically lose when time's up. (requested by esta man oe)
|
|t:|1779650728
|teamsize|p1|6
|teamsize|p2|6
|start
|switch|p1a: Isaiah Rashad|Sceptile, M|100/100
|switch|p2a: Raging Bolt|Raging Bolt|100/100
|turn|1
|
|t:|1779650745
|move|p2a: Raging Bolt|Volt Switch|p1a: Isaiah Rashad
|-resisted|p1a: Isaiah Rashad
|-damage|p1a: Isaiah Rashad|79/100
|
|t:|1779650750
|-end|p2a: Raging Bolt|Protosynthesis|[silent]
|switch|p2a: Torkoal|Torkoal, M|100/100|[from] Volt Switch
|-weather|SunnyDay|[from] ability: Drought|[of] p2a: Torkoal
|move|p1a: Isaiah Rashad|Swords Dance|p1a: Isaiah Rashad
|-boost|p1a: Isaiah Rashad|atk|2
|
|-weather|SunnyDay|[upkeep]
|upkeep
|turn|2
|
|t:|1779650762
|switch|p2a: Hatterene|Hatterene, F, shiny|100/100
|move|p1a: Isaiah Rashad|Earthquake|p2a: Hatterene
|-damage|p2a: Hatterene|57/100
|-enditem|p2a: Hatterene|Eject Button
|
|t:|1779650773
|switch|p2a: Raging Bolt|Raging Bolt|100/100
|-activate|p2a: Raging Bolt|ability: Protosynthesis
|-start|p2a: Raging Bolt|protosynthesisspa
|
|-weather|SunnyDay|[upkeep]
|upkeep
|turn|3
|
|t:|1779650779
|move|p2a: Raging Bolt|Weather Ball|p1a: Isaiah Rashad
|-supereffective|p1a: Isaiah Rashad
|-damage|p1a: Isaiah Rashad|0 fnt
|faint|p1a: Isaiah Rashad
|
|-weather|SunnyDay|[upkeep]
|upkeep
|
|t:|1779650790
|switch|p1a: Dragapult|Dragapult, M|100/100
|turn|4
|
|t:|1779650796
|-end|p2a: Raging Bolt|Protosynthesis|[silent]
|switch|p2a: Alomomola|Alomomola, F|100/100
|move|p1a: Dragapult|Shadow Ball|p2a: Alomomola
|-damage|p2a: Alomomola|61/100
|
|-weather|SunnyDay|[upkeep]
|upkeep
|turn|5
|
|t:|1779650802
|move|p1a: Dragapult|Shadow Ball|p2a: Alomomola
|-damage|p2a: Alomomola|19/100
|move|p2a: Alomomola|Mirror Coat|p1a: Dragapult
|-damage|p1a: Dragapult|0 fnt
|faint|p1a: Dragapult
|
|-weather|SunnyDay|[upkeep]
|upkeep
|
|t:|1779650809
|switch|p1a: Iron Valiant|Iron Valiant|100/100
|-enditem|p1a: Iron Valiant|Booster Energy
|-activate|p1a: Iron Valiant|ability: Quark Drive|[fromitem]
|-start|p1a: Iron Valiant|quarkdrivespe
|turn|6
|
|t:|1779650814
|switch|p2a: Hatterene|Hatterene, F, shiny|57/100
|move|p1a: Iron Valiant|Calm Mind|p1a: Iron Valiant
|-boost|p1a: Iron Valiant|spa|1
|-boost|p1a: Iron Valiant|spd|1
|
|-weather|SunnyDay|[upkeep]
|upkeep
|turn|7
|
|t:|1779650823
|move|p1a: Iron Valiant|Moonblast|p2a: Hatterene
|-damage|p2a: Hatterene|0 fnt
|faint|p2a: Hatterene
|
|-weather|SunnyDay|[upkeep]
|upkeep
|
|t:|1779650826
|switch|p2a: Walking Wake|Walking Wake|100/100
|-activate|p2a: Walking Wake|ability: Protosynthesis
|-start|p2a: Walking Wake|protosynthesisspa
|turn|8
|
|t:|1779650832
|-terastallize|p2a: Walking Wake|Water
|move|p1a: Iron Valiant|Moonblast|p2a: Walking Wake
|-damage|p2a: Walking Wake|13/100
|move|p2a: Walking Wake|Hydro Steam|p1a: Iron Valiant
|-crit|p1a: Iron Valiant
|-damage|p1a: Iron Valiant|0 fnt
|faint|p1a: Iron Valiant
|-end|p1a: Iron Valiant|Quark Drive|[silent]
|
|-weather|none
|-end|p2a: Walking Wake|Protosynthesis
|upkeep
|
|t:|1779650843
|switch|p1a: NickiMinaj|Enamorus, F|100/100
|turn|9
|
|t:|1779650849
|-end|p2a: Walking Wake|Protosynthesis|[silent]
|switch|p2a: Torkoal|Torkoal, M|100/100
|-weather|SunnyDay|[from] ability: Drought|[of] p2a: Torkoal
|move|p1a: NickiMinaj|Earth Power|p2a: Torkoal
|-supereffective|p2a: Torkoal
|-damage|p2a: Torkoal|17/100
|
|-weather|SunnyDay|[upkeep]
|upkeep
|turn|10
|
|t:|1779650857
|move|p1a: NickiMinaj|Moonblast|p2a: Torkoal
|-resisted|p2a: Torkoal
|-damage|p2a: Torkoal|0 fnt
|faint|p2a: Torkoal
|
|-weather|SunnyDay|[upkeep]
|upkeep
|
|t:|1779650859
|switch|p2a: Walking Wake|Walking Wake, tera:Water|13/100
|-activate|p2a: Walking Wake|ability: Protosynthesis
|-start|p2a: Walking Wake|protosynthesisspa
|turn|11
|
|t:|1779650868
|move|p2a: Walking Wake|Hydro Steam|p1a: NickiMinaj
|-crit|p1a: NickiMinaj
|-damage|p1a: NickiMinaj|0 fnt
|faint|p1a: NickiMinaj
|
|-weather|SunnyDay|[upkeep]
|upkeep
|
|t:|1779650874
|switch|p1a: Appa|Dondozo, M, shiny|100/100
|turn|12
|
|t:|1779650881
|-end|p2a: Walking Wake|Protosynthesis|[silent]
|switch|p2a: Alomomola|Alomomola, F|53/100
|move|p1a: Appa|Earthquake|p2a: Alomomola
|-damage|p2a: Alomomola|17/100
|
|-weather|SunnyDay|[upkeep]
|upkeep
|turn|13
|
|t:|1779650887
|move|p2a: Alomomola|Healing Wish|p2a: Alomomola
|faint|p2a: Alomomola
|move|p1a: Appa|Earthquake|p2: Alomomola|[notarget]
|-fail|p1a: Appa
|
|-weather|SunnyDay|[upkeep]
|upkeep
|
|t:|1779650888
|switch|p2a: Walking Wake|Walking Wake, tera:Water|13/100
|-heal|p2a: Walking Wake|100/100|[from] move: Healing Wish
|-activate|p2a: Walking Wake|ability: Protosynthesis
|-start|p2a: Walking Wake|protosynthesisspa
|turn|14
|
|t:|1779650898
|move|p2a: Walking Wake|Hydro Steam|p1a: Appa
|-resisted|p1a: Appa
|-damage|p1a: Appa|19/100
|move|p1a: Appa|Earthquake|p2a: Walking Wake
|-damage|p2a: Walking Wake|52/100
|
|-weather|SunnyDay|[upkeep]
|upkeep
|turn|15
|
|t:|1779650908
|move|p2a: Walking Wake|Hydro Steam|p1a: Appa
|-resisted|p1a: Appa
|-damage|p1a: Appa|0 fnt
|faint|p1a: Appa
|
|-weather|SunnyDay|[upkeep]
|upkeep
|
|t:|1779650913
|switch|p1a: Haiku|Cinderace, F|100/100
|turn|16
|
|t:|1779650919
|-terastallize|p1a: Haiku|Ghost
|move|p2a: Walking Wake|Hydro Steam|p1a: Haiku
|-damage|p1a: Haiku|0 fnt
|faint|p1a: Haiku
|
|win|esta man oe
|raw|upgrade9's rating: 1397 &rarr; <strong>1378</strong><br />(-19 for losing)
|raw|esta man oe's rating: 1417 &rarr; <strong>1436</strong><br />(+19 for winning)
