|j|☆ZeemeerminGeertJan
|j|☆ur doggo
|t:|1779698073
|gametype|singles
|player|p1|ZeemeerminGeertJan|1|1483
|player|p2|ur doggo|2|1595
|gen|9
|tier|[Gen 9] OU
|rated|
|rule|HP Percentage Mod: HP is shown in percentages
|rule|Endless Battle Clause: Forcing endless battles is banned
|rule|Species Clause: Limit one of each Pokémon
|rule|OHKO Clause: OHKO moves are banned
|rule|Evasion Items Clause: Evasion items are banned
|rule|Evasion Moves Clause: Evasion moves are banned
|rule|Evasion Abilities Clause: Evasion abilities are banned
|rule|Sleep Moves Clause: Sleep-inducing moves are banned
|clearpoke
|poke|p1|Cramorant, F|
|poke|p1|Gallade, M|
|poke|p1|Kingambit, M|
|poke|p1|Iron Moth|
|poke|p1|Enamorus, F|
|poke|p1|Ogerpon-Cornerstone, F|
|poke|p2|Ninetales, M|
|poke|p2|Walking Wake|
|poke|p2|Great Tusk|
|poke|p2|Hatterene, F|
|poke|p2|Typhlosion-Hisui, M|
|poke|p2|Slither Wing|
|teampreview
|
|t:|1779698090
|teamsize|p1|6
|teamsize|p2|6
|start
|switch|p1a: Cramorant|Cramorant, F, shiny|100/100
|switch|p2a: Ninetales|Ninetales, M|100/100
|-weather|SunnyDay|[from] ability: Drought|[of] p2a: Ninetales
|turn|1
|
|t:|1779698117
|switch|p2a: Hatterene|Hatterene, F|100/100
|move|p1a: Cramorant|Tailwind|p1a: Cramorant
|-sidestart|p1: ZeemeerminGeertJan|move: Tailwind
|
|-weather|SunnyDay|[upkeep]
|upkeep
|turn|2
|
|t:|1779698128
|move|p1a: Cramorant|Surf|p2a: Hatterene
|-formechange|p1a: Cramorant|Cramorant-Gulping|
|-crit|p2a: Hatterene
|-damage|p2a: Hatterene|78/100
|-enditem|p2a: Hatterene|Eject Button
|
|t:|1779698134
|switch|p2a: Jesus|Walking Wake|100/100
|-activate|p2a: Jesus|ability: Protosynthesis
|-start|p2a: Jesus|protosynthesisspe
|
|-weather|SunnyDay|[upkeep]
|upkeep
|turn|3
|
|t:|1779698141
|move|p1a: Cramorant|Surf|p2a: Jesus
|-resisted|p2a: Jesus
|-damage|p2a: Jesus|95/100
|move|p2a: Jesus|Dragon Pulse|p1a: Cramorant
|-damage|p1a: Cramorant|37/100
|-damage|p2a: Jesus|70/100|[from] ability: Gulp Missile|[of] p1a: Cramorant
|-unboost|p2a: Jesus|def|1
|-formechange|p1a: Cramorant|Cramorant|
|
|-weather|SunnyDay|[upkeep]
|upkeep
|turn|4
|
|t:|1779698148
|move|p1a: Cramorant|Surf|p2a: Jesus
|-formechange|p1a: Cramorant|Cramorant-Gorging|
|-resisted|p2a: Jesus
|-damage|p2a: Jesus|65/100
|move|p2a: Jesus|Dragon Pulse|p1a: Cramorant
|-damage|p1a: Cramorant|0 fnt
|-damage|p2a: Jesus|40/100|[from] ability: Gulp Missile|[of] p1a: Cramorant
|-status|p2a: Jesus|par
|-formechange|p1a: Cramorant|Cramorant|
|faint|p1a: Cramorant
|
|-weather|SunnyDay|[upkeep]
|-sideend|p1: ZeemeerminGeertJan|move: Tailwind
|upkeep
|
|t:|1779698158
|switch|p1a: Ogerpon|Ogerpon-Cornerstone, F|100/100
|turn|5
|
|t:|1779698174
|move|p1a: Ogerpon|Ivy Cudgel|p2a: Jesus|[anim] Ivy Cudgel Rock
|-damage|p2a: Jesus|0 fnt
|faint|p2a: Jesus
|-end|p2a: Jesus|Protosynthesis|[silent]
|
|-weather|SunnyDay|[upkeep]
|upkeep
|
|t:|1779698176
|switch|p2a: Slither Wing|Slither Wing|100/100
|-activate|p2a: Slither Wing|ability: Protosynthesis
|-start|p2a: Slither Wing|protosynthesisatk
|turn|6
|
|t:|1779698185
|move|p1a: Ogerpon|Ivy Cudgel|p2a: Slither Wing|[anim] Ivy Cudgel Rock
|-damage|p2a: Slither Wing|25/100
|move|p2a: Slither Wing|U-turn|p1a: Ogerpon
|-supereffective|p1a: Ogerpon
|-ability|p1a: Ogerpon|Sturdy
|-damage|p1a: Ogerpon|1/100
|
|t:|1779698191
|-end|p2a: Slither Wing|Protosynthesis|[silent]
|switch|p2a: mid tusk|Great Tusk|100/100|[from] U-turn
|-activate|p2a: mid tusk|ability: Protosynthesis
|-start|p2a: mid tusk|protosynthesisspe
|
|-weather|SunnyDay|[upkeep]
|upkeep
|turn|7
|
|t:|1779698200
|move|p2a: mid tusk|Ice Spinner|p1a: Ogerpon
|-supereffective|p1a: Ogerpon
|-damage|p1a: Ogerpon|0 fnt
|faint|p1a: Ogerpon
|
|-weather|SunnyDay|[upkeep]
|upkeep
|
|t:|1779698212
|switch|p1a: Gallade|Gallade, M|100/100
|turn|8
|
|t:|1779698219
|move|p2a: mid tusk|Headlong Rush|p1a: Gallade
|-damage|p1a: Gallade|7/100
|-unboost|p2a: mid tusk|def|1
|-unboost|p2a: mid tusk|spd|1
|-enditem|p2a: mid tusk|Eject Pack
|
|t:|1779698221
|-end|p2a: mid tusk|Protosynthesis|[silent]
|switch|p2a: Hatterene|Hatterene, F|78/100
|move|p1a: Gallade|Psycho Cut|p2a: Hatterene
|-resisted|p2a: Hatterene
|-damage|p2a: Hatterene|46/100
|
|-weather|none
|upkeep
|turn|9
|
|t:|1779698229
|move|p1a: Gallade|Psycho Cut|p2a: Hatterene
|-resisted|p2a: Hatterene
|-damage|p2a: Hatterene|16/100
|move|p2a: Hatterene|Draining Kiss|p1a: Gallade
|-supereffective|p1a: Gallade
|-damage|p1a: Gallade|0 fnt
|-heal|p2a: Hatterene|20/100|[from] drain|[of] p1a: Gallade
|faint|p1a: Gallade
|
|upkeep
|
|t:|1779698231
|switch|p1a: Iron Moth|Iron Moth|100/100
|-enditem|p1a: Iron Moth|Booster Energy
|-activate|p1a: Iron Moth|ability: Quark Drive|[fromitem]
|-start|p1a: Iron Moth|quarkdrivespe
|turn|10
|
|t:|1779698246
|move|p1a: Iron Moth|Fiery Dance|p2a: Hatterene
|-damage|p2a: Hatterene|0 fnt
|faint|p2a: Hatterene
|
|upkeep
|
|t:|1779698259
|switch|p2a: high|Typhlosion-Hisui, M|100/100
|turn|11
|
|t:|1779698267
|move|p1a: Iron Moth|Fiery Dance|p2a: high
|-resisted|p2a: high
|-damage|p2a: high|71/100
|move|p2a: high|Shadow Ball|p1a: Iron Moth
|-damage|p1a: Iron Moth|47/100
|
|upkeep
|turn|12
|
|t:|1779698282
|move|p1a: Iron Moth|Sludge Wave|p2a: high
|-resisted|p2a: high
|-damage|p2a: high|37/100
|move|p2a: high|Shadow Ball|p1a: Iron Moth
|-damage|p1a: Iron Moth|0 fnt
|faint|p1a: Iron Moth
|-end|p1a: Iron Moth|Quark Drive|[silent]
|
|upkeep
|
|t:|1779698294
|switch|p1a: Kingambit|Kingambit, M|100/100
|-activate|p1a: Kingambit|ability: Supreme Overlord
|-start|p1a: Kingambit|fallen4|[silent]
|turn|13
|
|t:|1779698304
|switch|p2a: mid tusk|Great Tusk|100/100
|move|p1a: Kingambit|Sucker Punch||[still]
|-fail|p1a: Kingambit
|
|upkeep
|turn|14
|
|t:|1779698311
|-terastallize|p1a: Kingambit|Ghost
|move|p2a: mid tusk|Headlong Rush|p1a: Kingambit
|-damage|p1a: Kingambit|56/100
|-unboost|p2a: mid tusk|def|1
|-unboost|p2a: mid tusk|spd|1
|move|p1a: Kingambit|Low Kick|p2a: mid tusk
|-damage|p2a: mid tusk|15/100
|-damage|p1a: Kingambit|46/100|[from] item: Life Orb
|
|upkeep
|turn|15
|
|t:|1779698318
|move|p2a: mid tusk|Stealth Rock|p1a: Kingambit
|-sidestart|p1: ZeemeerminGeertJan|move: Stealth Rock
|move|p1a: Kingambit|Low Kick|p2a: mid tusk
|-damage|p2a: mid tusk|0 fnt
|faint|p2a: mid tusk
|-end|p2a: mid tusk|Protosynthesis|[silent]
|-damage|p1a: Kingambit|36/100|[from] item: Life Orb
|
|upkeep
|
|t:|1779698331
|switch|p2a: Slither Wing|Slither Wing|25/100
|turn|16
|
|t:|1779698334
|move|p2a: Slither Wing|First Impression|p1a: Kingambit
|-resisted|p1a: Kingambit
|-damage|p1a: Kingambit|15/100
|move|p1a: Kingambit|Sucker Punch||[still]
|-fail|p1a: Kingambit
|
|upkeep
|turn|17
|
|t:|1779698339
|-end|p2a: Slither Wing|Protosynthesis|[silent]
|switch|p2a: high|Typhlosion-Hisui, M|37/100
|-item|p1a: Kingambit|Life Orb|[from] ability: Frisk|[of] p2a: high
|move|p1a: Kingambit|Sucker Punch||[still]
|-fail|p1a: Kingambit
|
|upkeep
|turn|18
|
|t:|1779698345
|move|p1a: Kingambit|Sucker Punch|p2a: high
|-supereffective|p2a: high
|-damage|p2a: high|0 fnt
|faint|p2a: high
|-damage|p1a: Kingambit|5/100|[from] item: Life Orb
|
|upkeep
|
|t:|1779698347
|switch|p2a: Slither Wing|Slither Wing|25/100
|turn|19
|
|t:|1779698350
|move|p2a: Slither Wing|First Impression|p1a: Kingambit
|-resisted|p1a: Kingambit
|-damage|p1a: Kingambit|0 fnt
|faint|p1a: Kingambit
|-end|p1a: Kingambit|fallen4|[silent]
|
|upkeep
|
|t:|1779698352
|switch|p1a: Enamorus|Enamorus, F|100/100
|-damage|p1a: Enamorus|76/100|[from] Stealth Rock
|turn|20
|
|t:|1779698374
|move|p1a: Enamorus|Moonblast|p2a: Slither Wing
|-supereffective|p2a: Slither Wing
|-damage|p2a: Slither Wing|0 fnt
|faint|p2a: Slither Wing
|-end|p2a: Slither Wing|Protosynthesis|[silent]
|
|upkeep
|
|t:|1779698376
|switch|p2a: Ninetales|Ninetales, M|100/100
|-weather|SunnyDay|[from] ability: Drought|[of] p2a: Ninetales
|turn|21
|
|t:|1779698379
|move|p1a: Enamorus|Earth Power|p2a: Ninetales
|-supereffective|p2a: Ninetales
|-damage|p2a: Ninetales|19/100
|move|p2a: Ninetales|Overheat|p1a: Enamorus
|-damage|p1a: Enamorus|0 fnt
|-unboost|p2a: Ninetales|spa|2
|faint|p1a: Enamorus
|
|win|ur doggo
|raw|ZeemeerminGeertJan's rating: 1483 &rarr; <strong>1469</strong><br />(-14 for losing)
|raw|ur doggo's rating: 1595 &rarr; <strong>1609</strong><br />(+14 for winning)
|l|☆ur doggo
|player|p2|
