|j|☆draconotmeteor
|j|☆Jet Pilot Skyla
|t:|1779702107
|gametype|singles
|player|p1|draconotmeteor|shauntal|1437
|player|p2|Jet Pilot Skyla|skyla|1486
|gen|9
|tier|[Gen 9] OU
|rated|
|rule|HP Percentage Mod: HP is shown in percentages
|rule|Endless Battle Clause: Forcing endless battles is banned
|rule|Species Clause: Limit one of each Pokémon
|rule|OHKO Clause: OHKO moves are banned
|rule|Evasion Items Clause: Evasion items are banned
|rule|Evasion Moves Clause: Evasion moves are banned
|rule|Evasion Abilities Clause: Evasion abilities are banned
|rule|Sleep Moves Clause: Sleep-inducing moves are banned
|clearpoke
|poke|p1|Cyclizar, M|
|poke|p1|Corviknight, F|
|poke|p1|Ting-Lu|
|poke|p1|Slowking-Galar, M|
|poke|p1|Kyurem|
|poke|p1|Garganacl, F|
|poke|p2|Porygon-Z|
|poke|p2|Lokix, M|
|poke|p2|Cinderace, M|
|poke|p2|Great Tusk|
|poke|p2|Slowking-Galar, M|
|poke|p2|Alomomola, M|
|teampreview
|inactive|Battle timer is ON: inactive players will automatically lose when time's up. (requested by Jet Pilot Skyla)
|
|t:|1779702116
|teamsize|p1|6
|teamsize|p2|6
|start
|switch|p1a: Kyurem|Kyurem|100/100
|switch|p2a: Red Card Apologist|Cinderace, M|100/100
|-ability|p1a: Kyurem|Pressure
|turn|1
|
|t:|1779702121
|move|p1a: Kyurem|Protect|p1a: Kyurem
|-singleturn|p1a: Kyurem|Protect
|move|p2a: Red Card Apologist|U-turn|p1a: Kyurem
|-start|p2a: Red Card Apologist|typechange|Bug|[from] ability: Libero
|-activate|p1a: Kyurem|move: Protect
|
|upkeep
|turn|2
|
|t:|1779702125
|-terastallize|p1a: Kyurem|Ground
|move|p2a: Red Card Apologist|U-turn|p1a: Kyurem
|-damage|p1a: Kyurem|69/100
|
|t:|1779702142
|switch|p2a: da Fish|Alomomola, M|100/100|[from] U-turn
|move|p1a: Kyurem|Substitute|p1a: Kyurem
|-start|p1a: Kyurem|Substitute
|-damage|p1a: Kyurem|44/100
|
|-heal|p1a: Kyurem|50/100|[from] item: Leftovers
|upkeep
|turn|3
|
|t:|1779702145
|move|p1a: Kyurem|Freeze-Dry|p2a: da Fish
|-supereffective|p2a: da Fish
|-damage|p2a: da Fish|31/100
|-enditem|p2a: da Fish|Eject Button
|
|t:|1779702155
|switch|p2a: Red Card Apologist|Cinderace, M|100/100
|
|-heal|p1a: Kyurem|56/100|[from] item: Leftovers
|upkeep
|turn|4
|
|t:|1779702160
|move|p1a: Kyurem|Protect|p1a: Kyurem
|-singleturn|p1a: Kyurem|Protect
|move|p2a: Red Card Apologist|Pyro Ball|p1a: Kyurem
|-activate|p1a: Kyurem|move: Protect
|
|-heal|p1a: Kyurem|62/100|[from] item: Leftovers
|upkeep
|turn|5
|
|t:|1779702162
|move|p2a: Red Card Apologist|Pyro Ball|p1a: Kyurem|[miss]
|-miss|p2a: Red Card Apologist|p1a: Kyurem
|move|p1a: Kyurem|Earth Power|p2a: Red Card Apologist
|-supereffective|p2a: Red Card Apologist
|-damage|p2a: Red Card Apologist|0 fnt
|faint|p2a: Red Card Apologist
|
|-heal|p1a: Kyurem|68/100|[from] item: Leftovers
|upkeep
|-message|Jet Pilot Skyla forfeited.
|
|win|draconotmeteor
|raw|draconotmeteor's rating: 1437 &rarr; <strong>1460</strong><br />(+23 for winning)
|raw|Jet Pilot Skyla's rating: 1486 &rarr; <strong>1463</strong><br />(-23 for losing)
|l|☆Jet Pilot Skyla
|player|p2|
