|j|☆amasawaichikamommy
|j|‽aaagislash
|t:|1779627350
|gametype|singles
|player|p1|amasawaichikamommy|winona|1501
|player|p2|aaagislash|102|1455
|gen|9
|tier|[Gen 9] OU
|rated|
|rule|HP Percentage Mod: HP is shown in percentages
|rule|Endless Battle Clause: Forcing endless battles is banned
|rule|Species Clause: Limit one of each Pokémon
|rule|OHKO Clause: OHKO moves are banned
|rule|Evasion Items Clause: Evasion items are banned
|rule|Evasion Moves Clause: Evasion moves are banned
|rule|Evasion Abilities Clause: Evasion abilities are banned
|rule|Sleep Moves Clause: Sleep-inducing moves are banned
|clearpoke
|poke|p1|Iron Moth|
|poke|p1|Gliscor, M|
|poke|p1|Hatterene, F|
|poke|p1|Ogerpon-Wellspring, F|
|poke|p1|Raging Bolt|
|poke|p1|Zamazenta-*|
|poke|p2|Wigglytuff, M|
|poke|p2|Empoleon, M|
|poke|p2|Smeargle, M|
|poke|p2|Falinks|
|poke|p2|Rabsca, F|
|poke|p2|Mimikyu, F|
|teampreview
|inactive|Battle timer is ON: inactive players will automatically lose when time's up. (requested by amasawaichikamommy)
|inactive|amasawaichikamommy has 120 seconds left.
|
|t:|1779627390
|teamsize|p1|6
|teamsize|p2|6
|start
|switch|p1a: Ogerpon|Ogerpon-Wellspring, F|100/100
|switch|p2a: Smeargle|Smeargle, M|100/100
|turn|1
|inactive|aaagislash has 120 seconds left.
|
|t:|1779627426
|move|p1a: Ogerpon|Trailblaze|p2a: Smeargle
|-damage|p2a: Smeargle|58/100
|-boost|p1a: Ogerpon|spe|1
|move|p2a: Smeargle|Sticky Web|p1a: Ogerpon
|-sidestart|p1: amasawaichikamommy|move: Sticky Web
|
|upkeep
|turn|2
|inactive|aaagislash has 120 seconds left.
|
|t:|1779627434
|switch|p2a: Falinks|Falinks|100/100
|move|p1a: Ogerpon|Encore||[still]
|-fail|p1a: Ogerpon
|
|upkeep
|turn|3
|
|t:|1779627438
|move|p2a: Falinks|First Impression|p1a: Ogerpon
|-supereffective|p1a: Ogerpon
|-damage|p1a: Ogerpon|0 fnt
|faint|p1a: Ogerpon
|
|upkeep
|
|t:|1779627447
|switch|p1a: Gliscor|Gliscor, M|100/100
|turn|4
|
|t:|1779627452
|switch|p2a: Smeargle|Smeargle, M|58/100
|move|p1a: Gliscor|Swords Dance|p1a: Gliscor
|-boost|p1a: Gliscor|atk|2
|
|-status|p1a: Gliscor|tox|[from] item: Toxic Orb
|upkeep
|turn|5
|
|t:|1779627459
|switch|p2a: Mimikyu|Mimikyu, F|100/100
|move|p1a: Gliscor|Earthquake|p2a: Mimikyu
|-activate|p2a: Mimikyu|ability: Disguise
|-damage|p2a: Mimikyu|100/100
|detailschange|p2a: Mimikyu|Mimikyu-Busted, F
|-damage|p2a: Mimikyu|88/100|[from] pokemon: Mimikyu-Busted
|
|upkeep
|turn|6
|
|t:|1779627471
|move|p1a: Gliscor|Agility|p1a: Gliscor
|-boost|p1a: Gliscor|spe|2
|move|p2a: Mimikyu|Trick Room|p2a: Mimikyu
|-fieldstart|move: Trick Room|[of] p2a: Mimikyu
|
|upkeep
|turn|7
|
|t:|1779627477
|move|p2a: Mimikyu|Curse|p1a: Gliscor
|-start|p1a: Gliscor|Curse|[of] p2a: Mimikyu
|-damage|p2a: Mimikyu|38/100
|move|p1a: Gliscor|Earthquake|p2a: Mimikyu
|-crit|p2a: Mimikyu
|-damage|p2a: Mimikyu|0 fnt
|faint|p2a: Mimikyu
|
|-damage|p1a: Gliscor|76/100 tox|[from] Curse
|upkeep
|
|t:|1779627478
|switch|p2a: Smeargle|Smeargle, M|58/100
|turn|8
|
|t:|1779627487
|move|p2a: Smeargle|Court Change|p2a: Smeargle
|-swapsideconditions
|-activate|p2a: Smeargle|move: Court Change
|move|p1a: Gliscor|Earthquake|p2a: Smeargle
|-damage|p2a: Smeargle|0 fnt
|faint|p2a: Smeargle
|
|-heal|p1a: Gliscor|88/100 tox|[from] ability: Poison Heal
|-damage|p1a: Gliscor|63/100 tox|[from] Curse
|upkeep
|
|t:|1779627490
|switch|p2a: Wigglytuff|Wigglytuff, M|100/100
|-activate|p2a: Wigglytuff|move: Sticky Web
|-unboost|p2a: Wigglytuff|spe|1
|-ability|p2a: Wigglytuff|Competitive|boost
|-boost|p2a: Wigglytuff|spa|2
|turn|9
|
|t:|1779627504
|-terastallize|p2a: Wigglytuff|Normal
|move|p2a: Wigglytuff|Hyper Voice|p1a: Gliscor
|-damage|p1a: Gliscor|0 fnt
|faint|p1a: Gliscor
|
|upkeep
|
|t:|1779627520
|switch|p1a: Zamazenta|Zamazenta|100/100
|-ability|p1a: Zamazenta|Dauntless Shield|boost
|-boost|p1a: Zamazenta|def|1
|turn|10
|
|t:|1779627526
|-terastallize|p1a: Zamazenta|Fire
|move|p2a: Wigglytuff|Hyper Voice|p1a: Zamazenta
|-damage|p1a: Zamazenta|0 fnt
|faint|p1a: Zamazenta
|
|-fieldend|move: Trick Room
|upkeep
|
|t:|1779627538
|switch|p1a: Raging Bolt|Raging Bolt|100/100
|-enditem|p1a: Raging Bolt|Booster Energy
|-activate|p1a: Raging Bolt|ability: Protosynthesis|[fromitem]
|-start|p1a: Raging Bolt|protosynthesisspa
|turn|11
|j| ApenasMaisUmBR
|
|t:|1779627542
|move|p1a: Raging Bolt|Calm Mind|p1a: Raging Bolt
|-boost|p1a: Raging Bolt|spa|1
|-boost|p1a: Raging Bolt|spd|1
|move|p2a: Wigglytuff|Hyper Voice|p1a: Raging Bolt
|-damage|p1a: Raging Bolt|4/100
|
|upkeep
|turn|12
|
|t:|1779627560
|switch|p2a: Rabsca|Rabsca, F|100/100
|move|p1a: Raging Bolt|Thunderbolt|p2a: Rabsca
|-damage|p2a: Rabsca|12/100
|-status|p2a: Rabsca|par
|-activate|p2a: Rabsca|ability: Synchronize
|-immune|p1a: Raging Bolt
|
|upkeep
|turn|13
|
|t:|1779627574
|move|p1a: Raging Bolt|Thunderbolt|p2a: Rabsca
|-damage|p2a: Rabsca|0 fnt
|faint|p2a: Rabsca
|
|upkeep
|
|t:|1779627579
|switch|p2a: Falinks|Falinks|100/100
|-activate|p2a: Falinks|move: Sticky Web
|-unboost|p2a: Falinks|spe|1
|-ability|p2a: Falinks|Defiant|boost
|-boost|p2a: Falinks|atk|2
|turn|14
|
|t:|1779627589
|move|p2a: Falinks|First Impression|p1a: Raging Bolt
|-damage|p1a: Raging Bolt|0 fnt
|faint|p1a: Raging Bolt
|-end|p1a: Raging Bolt|Protosynthesis|[silent]
|
|upkeep
|
|t:|1779627599
|switch|p1a: Iron Moth|Iron Moth|100/100
|-enditem|p1a: Iron Moth|Booster Energy
|-activate|p1a: Iron Moth|ability: Quark Drive|[fromitem]
|-start|p1a: Iron Moth|quarkdrivespe
|turn|15
|
|t:|1779627607
|switch|p2a: Empoleon|Empoleon, M|100/100
|-activate|p2a: Empoleon|move: Sticky Web
|-unboost|p2a: Empoleon|spe|1
|-ability|p2a: Empoleon|Competitive|boost
|-boost|p2a: Empoleon|spa|2
|move|p1a: Iron Moth|Fiery Dance|p2a: Empoleon
|-damage|p2a: Empoleon|64/100
|
|upkeep
|turn|16
|
|t:|1779627630
|move|p1a: Iron Moth|Toxic Spikes|p2a: Empoleon
|-sidestart|p2: aaagislash|move: Toxic Spikes
|move|p2a: Empoleon|Surf|p1a: Iron Moth
|-supereffective|p1a: Iron Moth
|-damage|p1a: Iron Moth|0 fnt
|faint|p1a: Iron Moth
|-end|p1a: Iron Moth|Quark Drive|[silent]
|
|upkeep
|
|t:|1779627633
|switch|p1a: Hatterene|Hatterene, F|100/100
|turn|17
|
|t:|1779627641
|move|p1a: Hatterene|Calm Mind|p1a: Hatterene
|-boost|p1a: Hatterene|spa|1
|-boost|p1a: Hatterene|spd|1
|move|p2a: Empoleon|Surf|p1a: Hatterene
|-damage|p1a: Hatterene|5/100
|
|-heal|p1a: Hatterene|11/100|[from] item: Leftovers
|upkeep
|turn|18
|
|t:|1779627649
|move|p1a: Hatterene|Mystical Fire|p2a: Empoleon
|-damage|p2a: Empoleon|32/100
|-unboost|p2a: Empoleon|spa|1
|-ability|p2a: Empoleon|Competitive|boost
|-boost|p2a: Empoleon|spa|2
|move|p2a: Empoleon|Surf|p1a: Hatterene
|-damage|p1a: Hatterene|0 fnt
|faint|p1a: Hatterene
|
|win|aaagislash
|raw|amasawaichikamommy's rating: 1501 &rarr; <strong>1478</strong><br />(-23 for losing)
|raw|aaagislash's rating: 1455 &rarr; <strong>1478</strong><br />(+23 for winning)
|l|☆amasawaichikamommy
|player|p1|
