|j|☆Nuii09
|j|☆yoribori
|t:|1779580969
|gametype|singles
|player|p1|Nuii09|baker|1703
|player|p2|yoribori|flannery|1641
|gen|9
|tier|[Gen 9] OU
|rated|
|rule|HP Percentage Mod: HP is shown in percentages
|rule|Endless Battle Clause: Forcing endless battles is banned
|rule|Species Clause: Limit one of each Pokémon
|rule|OHKO Clause: OHKO moves are banned
|rule|Evasion Items Clause: Evasion items are banned
|rule|Evasion Moves Clause: Evasion moves are banned
|rule|Evasion Abilities Clause: Evasion abilities are banned
|rule|Sleep Moves Clause: Sleep-inducing moves are banned
|clearpoke
|poke|p1|Hydrapple, M|
|poke|p1|Darkrai|
|poke|p1|Cinderace, F|
|poke|p1|Clodsire, F|
|poke|p1|Corviknight, M|
|poke|p1|Alomomola, M|
|poke|p2|Tyranitar, M|
|poke|p2|Excadrill, M|
|poke|p2|Rotom-Wash|
|poke|p2|Hydrapple, F|
|poke|p2|Fezandipiti, M|
|poke|p2|Blaziken, M|
|teampreview
|inactive|Battle timer is ON: inactive players will automatically lose when time's up. (requested by yoribori)
|
|t:|1779580981
|teamsize|p1|6
|teamsize|p2|6
|start
|switch|p1a: Cinderace|Cinderace, F|100/100
|switch|p2a: Fezandipiti|Fezandipiti, M|100/100
|turn|1
|
|t:|1779581004
|-terastallize|p1a: Cinderace|Fire
|move|p1a: Cinderace|Pyro Ball|p2a: Fezandipiti|[miss]
|-miss|p1a: Cinderace|p2a: Fezandipiti
|move|p2a: Fezandipiti|U-turn|p1a: Cinderace
|-resisted|p1a: Cinderace
|-damage|p1a: Cinderace|88/100
|j| NoirSoumission
|
|t:|1779581013
|switch|p2a: Hydrapple|Hydrapple, F|100/100|[from] U-turn
|
|upkeep
|turn|2
|
|t:|1779581019
|switch|p1a: Alomomola|Alomomola, M|100/100
|move|p2a: Hydrapple|Leaf Storm|p1a: Alomomola
|-supereffective|p1a: Alomomola
|-damage|p1a: Alomomola|0 fnt
|-unboost|p2a: Hydrapple|spa|2
|faint|p1a: Alomomola
|
|upkeep
|
|t:|1779581024
|switch|p1a: Cinderace|Cinderace, F, tera:Fire|88/100
|turn|3
|
|t:|1779581027
|switch|p2a: Rotom|Rotom-Wash|100/100
|move|p1a: Cinderace|U-turn|p2a: Rotom
|-damage|p2a: Rotom|75/100
|
|t:|1779581031
|switch|p1a: Hydrapple|Hydrapple, M|100/100|[from] U-turn
|
|-heal|p2a: Rotom|82/100|[from] item: Leftovers
|upkeep
|turn|4
|
|t:|1779581034
|move|p2a: Rotom|Volt Switch|p1a: Hydrapple
|-resisted|p1a: Hydrapple
|-damage|p1a: Hydrapple|93/100
|
|t:|1779581038
|switch|p2a: Tyranitar|Tyranitar, M|100/100|[from] Volt Switch
|-weather|Sandstorm|[from] ability: Sand Stream|[of] p2a: Tyranitar
|move|p1a: Hydrapple|Earth Power|p2a: Tyranitar
|-supereffective|p2a: Tyranitar
|-damage|p2a: Tyranitar|64/100
|-damage|p1a: Hydrapple|83/100|[from] item: Life Orb
|
|-weather|Sandstorm|[upkeep]
|-damage|p1a: Hydrapple|77/100|[from] Sandstorm
|-heal|p2a: Tyranitar|70/100|[from] item: Leftovers
|upkeep
|turn|5
|
|t:|1779581045
|switch|p1a: Corviknight|Corviknight, M|100/100
|-ability|p1a: Corviknight|Pressure
|move|p2a: Tyranitar|Ice Beam|p1a: Corviknight
|-damage|p1a: Corviknight|81/100
|
|-weather|Sandstorm|[upkeep]
|-heal|p2a: Tyranitar|76/100|[from] item: Leftovers
|upkeep
|turn|6
|
|t:|1779581054
|move|p1a: Corviknight|U-turn|p2a: Tyranitar
|-supereffective|p2a: Tyranitar
|-damage|p2a: Tyranitar|53/100
|
|t:|1779581059
|switch|p1a: Hydrapple|Hydrapple, M|100/100|[from] U-turn
|move|p2a: Tyranitar|Stealth Rock|p1a: Hydrapple
|-sidestart|p1: Nuii09|move: Stealth Rock
|
|-weather|Sandstorm|[upkeep]
|-damage|p1a: Hydrapple|94/100|[from] Sandstorm
|-heal|p2a: Tyranitar|60/100|[from] item: Leftovers
|upkeep
|turn|7
|
|t:|1779581068
|switch|p1a: Corviknight|Corviknight, M|81/100
|-damage|p1a: Corviknight|69/100|[from] Stealth Rock
|-ability|p1a: Corviknight|Pressure
|switch|p2a: Fezandipiti|Fezandipiti, M|100/100
|
|-weather|Sandstorm|[upkeep]
|-damage|p2a: Fezandipiti|94/100|[from] Sandstorm
|upkeep
|turn|8
|
|t:|1779581071
|move|p2a: Fezandipiti|U-turn|p1a: Corviknight
|-resisted|p1a: Corviknight
|-damage|p1a: Corviknight|66/100
|-damage|p2a: Fezandipiti|78/100|[from] item: Rocky Helmet|[of] p1a: Corviknight
|
|t:|1779581075
|switch|p2a: Blaziken|Blaziken, M|100/100|[from] U-turn
|move|p1a: Corviknight|Defog|p2a: Blaziken
|-unboost|p2a: Blaziken|evasion|1
|-sideend|p1: Nuii09|Stealth Rock|[from] move: Defog|[of] p1a: Corviknight
|
|-weather|none
|upkeep
|turn|9
|
|t:|1779581081
|switch|p1a: Clodsire|Clodsire, F, shiny|100/100
|move|p2a: Blaziken|Flare Blitz|p1a: Clodsire
|-damage|p1a: Clodsire|52/100
|-damage|p2a: Blaziken|76/100|[from] Recoil
|
|-heal|p1a: Clodsire|58/100|[from] item: Leftovers
|-ability|p2a: Blaziken|Speed Boost|boost
|-boost|p2a: Blaziken|spe|1
|upkeep
|turn|10
|
|t:|1779581089
|switch|p2a: Excadrill|Excadrill, M|100/100
|-item|p2a: Excadrill|Air Balloon
|move|p1a: Clodsire|Recover|p1a: Clodsire
|-heal|p1a: Clodsire|100/100
|
|upkeep
|turn|11
|
|t:|1779581096
|switch|p1a: Hydrapple|Hydrapple, M|100/100
|move|p2a: Excadrill|Swords Dance|p2a: Excadrill
|-boost|p2a: Excadrill|atk|2
|
|upkeep
|turn|12
|
|t:|1779581100
|switch|p2a: Fezandipiti|Fezandipiti, M|78/100
|move|p1a: Hydrapple|Leaf Storm|p2a: Fezandipiti
|-resisted|p2a: Fezandipiti
|-damage|p2a: Fezandipiti|46/100
|-unboost|p1a: Hydrapple|spa|2
|-damage|p1a: Hydrapple|91/100|[from] item: Life Orb
|
|upkeep
|turn|13
|
|t:|1779581104
|switch|p1a: Cinderace|Cinderace, F, tera:Fire|88/100
|move|p2a: Fezandipiti|Roost|p2a: Fezandipiti
|-heal|p2a: Fezandipiti|96/100
|-singleturn|p2a: Fezandipiti|move: Roost
|
|upkeep
|turn|14
|
|t:|1779581109
|switch|p2a: Rotom|Rotom-Wash|82/100
|move|p1a: Cinderace|Pyro Ball|p2a: Rotom
|-resisted|p2a: Rotom
|-damage|p2a: Rotom|38/100
|
|-heal|p2a: Rotom|44/100|[from] item: Leftovers
|upkeep
|turn|15
|
|t:|1779581117
|move|p1a: Cinderace|Pyro Ball|p2a: Rotom
|-resisted|p2a: Rotom
|-damage|p2a: Rotom|0 fnt
|faint|p2a: Rotom
|
|upkeep
|
|t:|1779581123
|switch|p2a: Tyranitar|Tyranitar, M|60/100
|-weather|Sandstorm|[from] ability: Sand Stream|[of] p2a: Tyranitar
|turn|16
|
|t:|1779581131
|switch|p1a: Corviknight|Corviknight, M|66/100
|-ability|p1a: Corviknight|Pressure
|switch|p2a: Blaziken|Blaziken, M|76/100
|
|-weather|Sandstorm|[upkeep]
|-damage|p2a: Blaziken|70/100|[from] Sandstorm
|upkeep
|turn|17
|
|t:|1779581139
|switch|p2a: Excadrill|Excadrill, M|100/100
|-item|p2a: Excadrill|Air Balloon
|switch|p1a: Clodsire|Clodsire, F, shiny|100/100
|
|-weather|Sandstorm|[upkeep]
|upkeep
|turn|18
|
|t:|1779581146
|switch|p1a: Hydrapple|Hydrapple, M|100/100
|move|p2a: Excadrill|Swords Dance|p2a: Excadrill
|-boost|p2a: Excadrill|atk|2
|
|-weather|Sandstorm|[upkeep]
|-damage|p1a: Hydrapple|94/100|[from] Sandstorm
|upkeep
|turn|19
|
|t:|1779581150
|switch|p2a: Fezandipiti|Fezandipiti, M|96/100
|move|p1a: Hydrapple|Leaf Storm|p2a: Fezandipiti
|-resisted|p2a: Fezandipiti
|-damage|p2a: Fezandipiti|69/100
|-unboost|p1a: Hydrapple|spa|2
|-damage|p1a: Hydrapple|84/100|[from] item: Life Orb
|
|-weather|Sandstorm|[upkeep]
|-damage|p2a: Fezandipiti|63/100|[from] Sandstorm
|-damage|p1a: Hydrapple|78/100|[from] Sandstorm
|upkeep
|turn|20
|
|t:|1779581157
|switch|p1a: Cinderace|Cinderace, F, tera:Fire|88/100
|move|p2a: Fezandipiti|U-turn|p1a: Cinderace
|-resisted|p1a: Cinderace
|-damage|p1a: Cinderace|76/100
|-status|p1a: Cinderace|tox|[from] ability: Toxic Chain|[of] p2a: Fezandipiti
|
|t:|1779581160
|switch|p2a: Hydrapple|Hydrapple, F|100/100|[from] U-turn
|
|-weather|none
|-damage|p1a: Cinderace|70/100 tox|[from] psn
|upkeep
|turn|21
|
|t:|1779581173
|move|p1a: Cinderace|Gunk Shot|p2a: Hydrapple
|-supereffective|p2a: Hydrapple
|-damage|p2a: Hydrapple|15/100
|move|p2a: Hydrapple|Fickle Beam|p1a: Cinderace
|-damage|p1a: Cinderace|0 fnt
|faint|p1a: Cinderace
|
|upkeep
|
|t:|1779581179
|switch|p1a: Hydrapple|Hydrapple, M|100/100
|turn|22
|
|t:|1779581186
|move|p1a: Hydrapple|Fickle Beam|p2a: Hydrapple
|-supereffective|p2a: Hydrapple
|-damage|p2a: Hydrapple|0 fnt
|faint|p2a: Hydrapple
|-damage|p1a: Hydrapple|91/100|[from] item: Life Orb
|
|upkeep
|
|t:|1779581189
|switch|p2a: Tyranitar|Tyranitar, M|60/100
|-weather|Sandstorm|[from] ability: Sand Stream|[of] p2a: Tyranitar
|turn|23
|
|t:|1779581199
|switch|p1a: Corviknight|Corviknight, M|66/100
|-ability|p1a: Corviknight|Pressure
|move|p2a: Tyranitar|Ice Beam|p1a: Corviknight
|-damage|p1a: Corviknight|47/100
|
|-weather|Sandstorm|[upkeep]
|-heal|p2a: Tyranitar|66/100|[from] item: Leftovers
|upkeep
|turn|24
|j| simplegent
|
|t:|1779581205
|switch|p2a: Fezandipiti|Fezandipiti, M|63/100
|move|p1a: Corviknight|Roost|p1a: Corviknight
|-heal|p1a: Corviknight|97/100
|-singleturn|p1a: Corviknight|move: Roost
|
|-weather|Sandstorm|[upkeep]
|-damage|p2a: Fezandipiti|56/100|[from] Sandstorm
|upkeep
|turn|25
|
|t:|1779581213
|move|p2a: Fezandipiti|Roost|p2a: Fezandipiti
|-heal|p2a: Fezandipiti|100/100
|-singleturn|p2a: Fezandipiti|move: Roost
|move|p1a: Corviknight|U-turn|p2a: Fezandipiti
|-resisted|p2a: Fezandipiti
|-damage|p2a: Fezandipiti|97/100
|
|t:|1779581224
|switch|p1a: Darkrai|Darkrai, shiny|100/100|[from] U-turn
|
|-weather|Sandstorm|[upkeep]
|-damage|p1a: Darkrai|94/100|[from] Sandstorm
|-damage|p2a: Fezandipiti|90/100|[from] Sandstorm
|upkeep
|turn|26
|
|t:|1779581232
|switch|p1a: Corviknight|Corviknight, M|97/100
|-ability|p1a: Corviknight|Pressure
|move|p2a: Fezandipiti|U-turn|p1a: Corviknight
|-resisted|p1a: Corviknight
|-damage|p1a: Corviknight|95/100
|-damage|p2a: Fezandipiti|74/100|[from] item: Rocky Helmet|[of] p1a: Corviknight
|
|t:|1779581237
|switch|p2a: Blaziken|Blaziken, M|70/100|[from] U-turn
|
|-weather|Sandstorm|[upkeep]
|-damage|p2a: Blaziken|64/100|[from] Sandstorm
|upkeep
|turn|27
|
|t:|1779581244
|switch|p1a: Clodsire|Clodsire, F, shiny|100/100
|move|p2a: Blaziken|Knock Off|p1a: Clodsire
|-damage|p1a: Clodsire|73/100
|-enditem|p1a: Clodsire|Leftovers|[from] move: Knock Off|[of] p2a: Blaziken
|
|-weather|none
|-ability|p2a: Blaziken|Speed Boost|boost
|-boost|p2a: Blaziken|spe|1
|upkeep
|turn|28
|
|t:|1779581251
|switch|p2a: Excadrill|Excadrill, M|100/100
|-item|p2a: Excadrill|Air Balloon
|switch|p1a: Hydrapple|Hydrapple, M|100/100
|
|upkeep
|turn|29
|
|t:|1779581258
|move|p2a: Excadrill|Rock Slide|p1a: Hydrapple
|-damage|p1a: Hydrapple|77/100
|move|p1a: Hydrapple|Earth Power|p2a: Excadrill
|-immune|p2a: Excadrill
|
|upkeep
|turn|30
|
|t:|1779581261
|switch|p2a: Fezandipiti|Fezandipiti, M|74/100
|move|p1a: Hydrapple|Earth Power|p2a: Fezandipiti
|-supereffective|p2a: Fezandipiti
|-damage|p2a: Fezandipiti|22/100
|-damage|p1a: Hydrapple|67/100|[from] item: Life Orb
|
|upkeep
|turn|31
|
|t:|1779581266
|move|p2a: Fezandipiti|Roost|p2a: Fezandipiti
|-heal|p2a: Fezandipiti|72/100
|-singleturn|p2a: Fezandipiti|move: Roost
|move|p1a: Hydrapple|Earth Power|p2a: Fezandipiti
|-supereffective|p2a: Fezandipiti
|-damage|p2a: Fezandipiti|16/100
|-damage|p1a: Hydrapple|57/100|[from] item: Life Orb
|
|upkeep
|turn|32
|
|t:|1779581274
|switch|p1a: Darkrai|Darkrai, shiny|94/100
|move|p2a: Fezandipiti|Roost|p2a: Fezandipiti
|-heal|p2a: Fezandipiti|66/100
|-singleturn|p2a: Fezandipiti|move: Roost
|
|upkeep
|turn|33
|
|t:|1779581277
|move|p1a: Darkrai|Knock Off|p2a: Fezandipiti
|-resisted|p2a: Fezandipiti
|-damage|p2a: Fezandipiti|47/100
|-enditem|p2a: Fezandipiti|Heavy-Duty Boots|[from] move: Knock Off|[of] p1a: Darkrai
|move|p2a: Fezandipiti|U-turn|p1a: Darkrai
|-supereffective|p1a: Darkrai
|-damage|p1a: Darkrai|47/100
|
|t:|1779581282
|switch|p2a: Tyranitar|Tyranitar, M|66/100|[from] U-turn
|-weather|Sandstorm|[from] ability: Sand Stream|[of] p2a: Tyranitar
|
|-weather|Sandstorm|[upkeep]
|-damage|p1a: Darkrai|41/100|[from] Sandstorm
|-heal|p2a: Tyranitar|72/100|[from] item: Leftovers
|upkeep
|turn|34
|
|t:|1779581290
|switch|p1a: Corviknight|Corviknight, M|95/100
|-ability|p1a: Corviknight|Pressure
|move|p2a: Tyranitar|Knock Off|p1a: Corviknight
|-damage|p1a: Corviknight|69/100
|-damage|p2a: Tyranitar|55/100|[from] item: Rocky Helmet|[of] p1a: Corviknight
|-enditem|p1a: Corviknight|Rocky Helmet|[from] move: Knock Off|[of] p2a: Tyranitar
|
|-weather|Sandstorm|[upkeep]
|-heal|p2a: Tyranitar|62/100|[from] item: Leftovers
|upkeep
|turn|35
|
|t:|1779581297
|switch|p2a: Fezandipiti|Fezandipiti, M|47/100
|move|p1a: Corviknight|U-turn|p2a: Fezandipiti
|-resisted|p2a: Fezandipiti
|-damage|p2a: Fezandipiti|44/100
|
|t:|1779581310
|switch|p1a: Hydrapple|Hydrapple, M|90/100|[from] U-turn
|
|-weather|Sandstorm|[upkeep]
|-damage|p2a: Fezandipiti|38/100|[from] Sandstorm
|-damage|p1a: Hydrapple|84/100|[from] Sandstorm
|upkeep
|turn|36
|
|t:|1779581312
|move|p2a: Fezandipiti|U-turn|p1a: Hydrapple
|-supereffective|p1a: Hydrapple
|-damage|p1a: Hydrapple|56/100
|-status|p1a: Hydrapple|tox|[from] ability: Toxic Chain|[of] p2a: Fezandipiti
|
|t:|1779581314
|switch|p2a: Excadrill|Excadrill, M|100/100|[from] U-turn
|-item|p2a: Excadrill|Air Balloon
|move|p1a: Hydrapple|Earth Power|p2a: Excadrill
|-immune|p2a: Excadrill
|
|-weather|Sandstorm|[upkeep]
|-damage|p1a: Hydrapple|50/100 tox|[from] Sandstorm
|-damage|p1a: Hydrapple|44/100 tox|[from] psn
|upkeep
|turn|37
|
|t:|1779581326
|switch|p2a: Fezandipiti|Fezandipiti, M|38/100
|switch|p1a: Corviknight|Corviknight, M|69/100
|-ability|p1a: Corviknight|Pressure
|
|-weather|none
|upkeep
|turn|38
|
|t:|1779581331
|move|p2a: Fezandipiti|Roost|p2a: Fezandipiti
|-heal|p2a: Fezandipiti|88/100
|-singleturn|p2a: Fezandipiti|move: Roost
|move|p1a: Corviknight|Brave Bird|p2a: Fezandipiti
|-damage|p2a: Fezandipiti|50/100
|-damage|p1a: Corviknight|57/100|[from] Recoil
|
|upkeep
|turn|39
|
|t:|1779581336
|move|p2a: Fezandipiti|Roost|p2a: Fezandipiti
|-heal|p2a: Fezandipiti|99/100
|-singleturn|p2a: Fezandipiti|move: Roost
|move|p1a: Corviknight|Roost|p1a: Corviknight
|-heal|p1a: Corviknight|100/100
|-singleturn|p1a: Corviknight|move: Roost
|
|upkeep
|turn|40
|
|t:|1779581341
|move|p2a: Fezandipiti|U-turn|p1a: Corviknight
|-resisted|p1a: Corviknight
|-damage|p1a: Corviknight|98/100
|
|t:|1779581342
|switch|p2a: Tyranitar|Tyranitar, M|62/100|[from] U-turn
|-weather|Sandstorm|[from] ability: Sand Stream|[of] p2a: Tyranitar
|move|p1a: Corviknight|U-turn|p2a: Tyranitar
|-supereffective|p2a: Tyranitar
|-damage|p2a: Tyranitar|41/100
|
|t:|1779581348
|switch|p1a: Hydrapple|Hydrapple, M|77/100 tox|[from] U-turn
|
|-weather|Sandstorm|[upkeep]
|-damage|p1a: Hydrapple|71/100 tox|[from] Sandstorm
|-heal|p2a: Tyranitar|48/100|[from] item: Leftovers
|-damage|p1a: Hydrapple|65/100 tox|[from] psn
|upkeep
|turn|41
|
|t:|1779581352
|switch|p1a: Corviknight|Corviknight, M|98/100
|-ability|p1a: Corviknight|Pressure
|move|p2a: Tyranitar|Ice Beam|p1a: Corviknight
|-damage|p1a: Corviknight|80/100
|
|-weather|Sandstorm|[upkeep]
|-heal|p2a: Tyranitar|54/100|[from] item: Leftovers
|upkeep
|turn|42
|
|t:|1779581358
|move|p1a: Corviknight|U-turn|p2a: Tyranitar
|-supereffective|p2a: Tyranitar
|-damage|p2a: Tyranitar|31/100
|
|t:|1779581361
|switch|p1a: Hydrapple|Hydrapple, M|98/100 tox|[from] U-turn
|move|p2a: Tyranitar|Ice Beam|p1a: Hydrapple
|-supereffective|p1a: Hydrapple
|-damage|p1a: Hydrapple|22/100 tox
|
|-weather|Sandstorm|[upkeep]
|-damage|p1a: Hydrapple|16/100 tox|[from] Sandstorm
|-heal|p2a: Tyranitar|38/100|[from] item: Leftovers
|-damage|p1a: Hydrapple|10/100 tox|[from] psn
|upkeep
|turn|43
|
|t:|1779581369
|switch|p1a: Corviknight|Corviknight, M|80/100
|-ability|p1a: Corviknight|Pressure
|move|p2a: Tyranitar|Ice Beam|p1a: Corviknight
|-damage|p1a: Corviknight|60/100
|
|-weather|Sandstorm|[upkeep]
|-heal|p2a: Tyranitar|44/100|[from] item: Leftovers
|upkeep
|turn|44
|
|t:|1779581373
|switch|p2a: Blaziken|Blaziken, M|64/100
|move|p1a: Corviknight|U-turn|p2a: Blaziken
|-resisted|p2a: Blaziken
|-damage|p2a: Blaziken|58/100
|
|t:|1779581377
|switch|p1a: Clodsire|Clodsire, F, shiny|73/100|[from] U-turn
|
|-weather|none
|upkeep
|turn|45
|
|t:|1779581379
|switch|p2a: Excadrill|Excadrill, M|100/100
|-item|p2a: Excadrill|Air Balloon
|move|p1a: Clodsire|Counter||[still]
|-fail|p1a: Clodsire
|
|upkeep
|turn|46
|
|t:|1779581390
|move|p2a: Excadrill|Swords Dance|p2a: Excadrill
|-boost|p2a: Excadrill|atk|2
|move|p1a: Clodsire|Recover|p1a: Clodsire
|-heal|p1a: Clodsire|100/100
|
|upkeep
|turn|47
|
|t:|1779581399
|switch|p1a: Corviknight|Corviknight, M|60/100
|-ability|p1a: Corviknight|Pressure
|move|p2a: Excadrill|Swords Dance|p2a: Excadrill
|-boost|p2a: Excadrill|atk|2
|
|upkeep
|turn|48
|
|t:|1779581405
|move|p2a: Excadrill|Rock Slide|p1a: Corviknight
|-damage|p1a: Corviknight|5/100
|move|p1a: Corviknight|U-turn|p2a: Excadrill
|-resisted|p2a: Excadrill
|-damage|p2a: Excadrill|90/100
|-enditem|p2a: Excadrill|Air Balloon
|
|t:|1779581415
|switch|p1a: Darkrai|Darkrai, shiny|41/100|[from] U-turn
|
|upkeep
|turn|49
|
|t:|1779581429
|switch|p2a: Tyranitar|Tyranitar, M|44/100
|-weather|Sandstorm|[from] ability: Sand Stream|[of] p2a: Tyranitar
|move|p1a: Darkrai|Will-O-Wisp|p2a: Tyranitar
|-status|p2a: Tyranitar|brn
|
|-weather|Sandstorm|[upkeep]
|-damage|p1a: Darkrai|35/100|[from] Sandstorm
|-heal|p2a: Tyranitar|50/100 brn|[from] item: Leftovers
|-damage|p2a: Tyranitar|44/100 brn|[from] brn
|upkeep
|turn|50
|
|t:|1779581440
|switch|p1a: Hydrapple|Hydrapple, M|43/100 tox
|move|p2a: Tyranitar|Ice Beam|p1a: Hydrapple
|-supereffective|p1a: Hydrapple
|-damage|p1a: Hydrapple|0 fnt
|faint|p1a: Hydrapple
|
|-weather|Sandstorm|[upkeep]
|-heal|p2a: Tyranitar|50/100 brn|[from] item: Leftovers
|-damage|p2a: Tyranitar|44/100 brn|[from] brn
|upkeep
|
|t:|1779581445
|switch|p1a: Corviknight|Corviknight, M|5/100
|-ability|p1a: Corviknight|Pressure
|turn|51
|
|t:|1779581450
|switch|p2a: Excadrill|Excadrill, M|90/100
|move|p1a: Corviknight|Roost|p1a: Corviknight
|-heal|p1a: Corviknight|55/100
|-singleturn|p1a: Corviknight|move: Roost
|
|-weather|Sandstorm|[upkeep]
|upkeep
|turn|52
|
|t:|1779581456
|move|p2a: Excadrill|Swords Dance|p2a: Excadrill
|-boost|p2a: Excadrill|atk|2
|move|p1a: Corviknight|U-turn|p2a: Excadrill
|-resisted|p2a: Excadrill
|-damage|p2a: Excadrill|81/100
|
|t:|1779581461
|switch|p1a: Clodsire|Clodsire, F, shiny|100/100|[from] U-turn
|
|-weather|Sandstorm|[upkeep]
|upkeep
|turn|53
|
|t:|1779581469
|move|p1a: Clodsire|Protect|p1a: Clodsire
|-singleturn|p1a: Clodsire|Protect
|move|p2a: Excadrill|Earthquake|p1a: Clodsire
|-activate|p1a: Clodsire|move: Protect
|
|-weather|none
|upkeep
|turn|54
|
|t:|1779581474
|switch|p1a: Corviknight|Corviknight, M|55/100
|-ability|p1a: Corviknight|Pressure
|move|p2a: Excadrill|Earthquake|p1a: Corviknight
|-immune|p1a: Corviknight
|
|upkeep
|turn|55
|
|t:|1779581476
|move|p2a: Excadrill|Rock Slide|p1a: Corviknight
|-damage|p1a: Corviknight|17/100
|move|p1a: Corviknight|U-turn|p2a: Excadrill
|-resisted|p2a: Excadrill
|-damage|p2a: Excadrill|70/100
|
|t:|1779581479
|switch|p1a: Darkrai|Darkrai, shiny|35/100|[from] U-turn
|
|upkeep
|turn|56
|
|t:|1779581484
|switch|p2a: Fezandipiti|Fezandipiti, M|99/100
|move|p1a: Darkrai|Will-O-Wisp|p2a: Fezandipiti
|-status|p2a: Fezandipiti|brn
|
|-damage|p2a: Fezandipiti|94/100 brn|[from] brn
|upkeep
|turn|57
|
|t:|1779581491
|switch|p1a: Clodsire|Clodsire, F, shiny|100/100
|move|p2a: Fezandipiti|U-turn|p1a: Clodsire
|-resisted|p1a: Clodsire
|-damage|p1a: Clodsire|97/100
|
|t:|1779581493
|switch|p2a: Excadrill|Excadrill, M|70/100|[from] U-turn
|
|upkeep
|turn|58
|
|t:|1779581498
|move|p2a: Excadrill|Earthquake|p1a: Clodsire
|-supereffective|p1a: Clodsire
|-damage|p1a: Clodsire|11/100
|move|p1a: Clodsire|Counter|p2a: Excadrill
|-damage|p2a: Excadrill|0 fnt
|faint|p2a: Excadrill
|
|upkeep
|
|t:|1779581503
|switch|p2a: Blaziken|Blaziken, M|58/100
|turn|59
|
|t:|1779581509
|move|p2a: Blaziken|Knock Off|p1a: Clodsire
|-damage|p1a: Clodsire|0 fnt
|faint|p1a: Clodsire
|
|-ability|p2a: Blaziken|Speed Boost|boost
|-boost|p2a: Blaziken|spe|1
|upkeep
|-message|Nuii09 forfeited.
|
|win|yoribori
|raw|Nuii09's rating: 1703 &rarr; <strong>1679</strong><br />(-24 for losing)
|raw|yoribori's rating: 1641 &rarr; <strong>1665</strong><br />(+24 for winning)
|l|☆Nuii09
|player|p1|
|l| NoirSoumission
