|j|☆greatgonzilla
|j|☆prakshep
|t:|1779710831
|gametype|singles
|player|p1|greatgonzilla|pilot|1363
|player|p2|prakshep|nate|1443
|gen|9
|tier|[Gen 9] OU
|rated|
|rule|HP Percentage Mod: HP is shown in percentages
|rule|Endless Battle Clause: Forcing endless battles is banned
|rule|Species Clause: Limit one of each Pokémon
|rule|OHKO Clause: OHKO moves are banned
|rule|Evasion Items Clause: Evasion items are banned
|rule|Evasion Moves Clause: Evasion moves are banned
|rule|Evasion Abilities Clause: Evasion abilities are banned
|rule|Sleep Moves Clause: Sleep-inducing moves are banned
|clearpoke
|poke|p1|Metagross|
|poke|p1|Cinderace, F|
|poke|p1|Alomomola, M|
|poke|p1|Raging Bolt|
|poke|p1|Great Tusk|
|poke|p1|Glimmora, M|
|poke|p2|Cinderace, M|
|poke|p2|Polteageist-Antique|
|poke|p2|Walking Wake|
|poke|p2|Zamazenta-*|
|poke|p2|Maushold-Four|
|poke|p2|Glimmora, M|
|teampreview
|inactive|Battle timer is ON: inactive players will automatically lose when time's up. (requested by prakshep)
|
|t:|1779710841
|teamsize|p1|6
|teamsize|p2|6
|start
|switch|p1a: Great Tusk|Great Tusk|100/100
|switch|p2a: Cinderace|Cinderace, M, shiny|100/100
|turn|1
|l|☆prakshep
|inactive|prakshep disconnected and has a minute to reconnect!
|player|p2|
|j|☆prakshep
|inactive|prakshep reconnected and has 120 seconds left.
|player|p2|prakshep|nate|
|
|t:|1779710875
|move|p2a: Cinderace|High Jump Kick|p1a: Great Tusk
|-start|p2a: Cinderace|typechange|Fighting|[from] ability: Libero
|-damage|p1a: Great Tusk|65/100
|move|p1a: Great Tusk|Stealth Rock|p2a: Cinderace
|-sidestart|p2: prakshep|move: Stealth Rock
|
|upkeep
|turn|2
|inactive|prakshep has 120 seconds left.
|l|☆prakshep
|inactive|prakshep disconnected and has a minute to reconnect!
|player|p2|
|j|☆prakshep
|inactive|prakshep reconnected and has 105 seconds left.
|player|p2|prakshep|nate|
|
|t:|1779710907
|move|p2a: Cinderace|High Jump Kick|p1a: Great Tusk
|-damage|p1a: Great Tusk|23/100
|move|p1a: Great Tusk|Rapid Spin|p2a: Cinderace
|-damage|p2a: Cinderace|81/100
|-boost|p1a: Great Tusk|spe|1
|
|upkeep
|turn|3
|
|t:|1779710916
|move|p2a: Cinderace|Sucker Punch|p1a: Great Tusk
|-resisted|p1a: Great Tusk
|-damage|p1a: Great Tusk|16/100
|move|p1a: Great Tusk|Headlong Rush|p2a: Cinderace
|-damage|p2a: Cinderace|8/100
|-unboost|p1a: Great Tusk|def|1
|-unboost|p1a: Great Tusk|spd|1
|
|upkeep
|turn|4
|
|t:|1779710926
|-end|p1a: Great Tusk|Protosynthesis|[silent]
|switch|p1a: Alomomola|Alomomola, M|100/100
|move|p2a: Cinderace|Sucker Punch||[still]
|-fail|p2a: Cinderace
|
|upkeep
|turn|5
|
|t:|1779710939
|move|p2a: Cinderace|Court Change|p2a: Cinderace
|-swapsideconditions
|-activate|p2a: Cinderace|move: Court Change
|move|p1a: Alomomola|Wish|p1a: Alomomola
|
|upkeep
|turn|6
|l|☆prakshep
|inactive|prakshep disconnected and has a minute to reconnect!
|player|p2|
|j|☆prakshep
|inactive|prakshep reconnected and has 125 seconds left.
|player|p2|prakshep|nate|
|inactive|prakshep has 120 seconds left.
|
|t:|1779710959
|move|p2a: Cinderace|High Jump Kick|p1a: Alomomola
|-damage|p1a: Alomomola|54/100
|move|p1a: Alomomola|Flip Turn|p2a: Cinderace
|-damage|p2a: Cinderace|0 fnt
|faint|p2a: Cinderace
|
|t:|1779710971
|switch|p1a: Glimmora|Glimmora, M|100/100|[from] Flip Turn
|-damage|p1a: Glimmora|88/100|[from] Stealth Rock
|
|-heal|p1a: Glimmora|100/100|[from] move: Wish|[wisher] Alomomola
|upkeep
|l|☆prakshep
|inactive|prakshep disconnected and has a minute to reconnect!
|player|p2|
|j|☆prakshep
|inactive|prakshep reconnected and has 115 seconds left.
|player|p2|prakshep|nate|
|
|t:|1779710989
|switch|p2a: Walking Wake|Walking Wake|100/100
|-enditem|p2a: Walking Wake|Booster Energy
|-activate|p2a: Walking Wake|ability: Protosynthesis|[fromitem]
|-start|p2a: Walking Wake|protosynthesisspa
|turn|7
|l|☆prakshep
|inactive|prakshep disconnected and has a minute to reconnect!
|player|p2|
|inactive|greatgonzilla has 120 seconds left.
|
|t:|1779711026
|move|p2a: Walking Wake|Hydro Steam|p1a: Glimmora
|-supereffective|p1a: Glimmora
|-enditem|p1a: Glimmora|Focus Sash
|-damage|p1a: Glimmora|1/100
|move|p1a: Glimmora|Mortal Spin|p2a: Walking Wake
|-damage|p2a: Walking Wake|93/100
|-status|p2a: Walking Wake|psn
|-sideend|p1: greatgonzilla|Stealth Rock|[from] move: Mortal Spin|[of] p1a: Glimmora
|
|-damage|p2a: Walking Wake|81/100 psn|[from] psn
|upkeep
|turn|8
|j|☆prakshep
|inactive|prakshep reconnected and has 135 seconds left.
|player|p2|prakshep|nate|
|inactive|greatgonzilla has 120 seconds left.
|
|t:|1779711044
|move|p2a: Walking Wake|Hydro Steam|p1a: Glimmora
|-supereffective|p1a: Glimmora
|-damage|p1a: Glimmora|0 fnt
|faint|p1a: Glimmora
|
|-damage|p2a: Walking Wake|68/100 psn|[from] psn
|upkeep
|inactive|greatgonzilla has 90 seconds left.
|
|t:|1779711074
|switch|p1a: Cinderace|Cinderace, F|100/100
|turn|9
|
|t:|1779711083
|move|p1a: Cinderace|Low Kick|p2a: Walking Wake
|-start|p1a: Cinderace|typechange|Fighting|[from] ability: Libero
|-damage|p2a: Walking Wake|0 fnt
|faint|p2a: Walking Wake
|-end|p2a: Walking Wake|Protosynthesis|[silent]
|-damage|p1a: Cinderace|91/100|[from] item: Life Orb
|
|upkeep
|
|t:|1779711087
|switch|p2a: Zamazenta|Zamazenta, shiny|100/100
|-ability|p2a: Zamazenta|Dauntless Shield|boost
|-boost|p2a: Zamazenta|def|1
|turn|10
|
|t:|1779711101
|switch|p1a: Great Tusk|Great Tusk|16/100
|move|p2a: Zamazenta|Iron Defense|p2a: Zamazenta
|-boost|p2a: Zamazenta|def|2
|
|upkeep
|turn|11
|
|t:|1779711107
|move|p2a: Zamazenta|Body Press|p1a: Great Tusk
|-damage|p1a: Great Tusk|0 fnt
|faint|p1a: Great Tusk
|-end|p1a: Great Tusk|Protosynthesis|[silent]
|
|upkeep
|
|t:|1779711119
|switch|p1a: Raging Bolt|Raging Bolt|100/100
|turn|12
|
|t:|1779711125
|-terastallize|p1a: Raging Bolt|Fairy
|move|p2a: Zamazenta|Body Press|p1a: Raging Bolt
|-resisted|p1a: Raging Bolt
|-damage|p1a: Raging Bolt|57/100
|move|p1a: Raging Bolt|Draco Meteor|p2a: Zamazenta
|-damage|p2a: Zamazenta|0 fnt
|-unboost|p1a: Raging Bolt|spa|2
|faint|p2a: Zamazenta
|
|upkeep
|
|t:|1779711130
|switch|p2a: Glimmora|Glimmora, M, shiny|100/100
|turn|13
|inactive|greatgonzilla has 120 seconds left.
|
|t:|1779711137
|-end|p1a: Raging Bolt|Protosynthesis|[silent]
|switch|p1a: Alomomola|Alomomola, M|87/100
|move|p2a: Glimmora|Rock Polish|p2a: Glimmora
|-boost|p2a: Glimmora|spe|2
|
|-heal|p1a: Alomomola|93/100|[from] item: Leftovers
|upkeep
|turn|14
|inactive|greatgonzilla has 120 seconds left.
|
|t:|1779711148
|move|p2a: Glimmora|Rock Polish|p2a: Glimmora
|-boost|p2a: Glimmora|spe|2
|move|p1a: Alomomola|Flip Turn|p2a: Glimmora
|-supereffective|p2a: Glimmora
|-damage|p2a: Glimmora|63/100
|-activate|p2a: Glimmora|ability: Toxic Debris
|-sidestart|p1: greatgonzilla|move: Toxic Spikes
|inactive|greatgonzilla has 120 seconds left.
|
|t:|1779711157
|switch|p1a: Steel Force|Metagross, shiny|100/100|[from] Flip Turn
|-item|p1a: Steel Force|Air Balloon
|
|upkeep
|turn|15
|
|t:|1779711166
|move|p2a: Glimmora|Meteor Beam||[still]
|-prepare|p2a: Glimmora|Meteor Beam
|-boost|p2a: Glimmora|spa|1
|-enditem|p2a: Glimmora|Power Herb
|-anim|p2a: Glimmora|Meteor Beam|p1a: Steel Force
|-resisted|p1a: Steel Force
|-damage|p1a: Steel Force|46/100
|-enditem|p1a: Steel Force|Air Balloon
|move|p1a: Steel Force|Meteor Mash|p2a: Glimmora
|-supereffective|p2a: Glimmora
|-damage|p2a: Glimmora|0 fnt
|-activate|p2a: Glimmora|ability: Toxic Debris
|-sidestart|p1: greatgonzilla|move: Toxic Spikes
|faint|p2a: Glimmora
|
|upkeep
|
|t:|1779711172
|switch|p2a: Maushold|Maushold-Four, shiny|100/100
|turn|16
|
|t:|1779711187
|move|p2a: Maushold|Bite|p1a: Steel Force
|-supereffective|p1a: Steel Force
|-damage|p1a: Steel Force|10/100
|move|p1a: Steel Force|Agility|p1a: Steel Force
|-boost|p1a: Steel Force|spe|2
|
|upkeep
|turn|17
|inactive|prakshep has 120 seconds left.
|
|t:|1779711228
|move|p1a: Steel Force|Meteor Mash|p2a: Maushold
|-damage|p2a: Maushold|17/100
|move|p2a: Maushold|Bite|p1a: Steel Force
|-supereffective|p1a: Steel Force
|-damage|p1a: Steel Force|0 fnt
|faint|p1a: Steel Force
|
|upkeep
|
|t:|1779711241
|switch|p1a: Cinderace|Cinderace, F|91/100
|-status|p1a: Cinderace|tox
|turn|18
|inactive|prakshep has 120 seconds left.
|inactive|greatgonzilla has 120 seconds left.
|inactive|prakshep has 90 seconds left.
|
|t:|1779711287
|move|p1a: Cinderace|Sucker Punch||[still]
|-fail|p1a: Cinderace
|move|p2a: Maushold|Tidy Up|p2a: Maushold
|-sideend|p1: greatgonzilla|Toxic Spikes
|-activate|p2a: Maushold|move: Tidy Up
|-boost|p2a: Maushold|atk|1
|-boost|p2a: Maushold|spe|1
|
|-damage|p1a: Cinderace|85/100 tox|[from] psn
|upkeep
|turn|19
|
|t:|1779711295
|move|p1a: Cinderace|Sucker Punch||[still]
|-fail|p1a: Cinderace
|move|p2a: Maushold|Tidy Up|p2a: Maushold
|-boost|p2a: Maushold|atk|1
|-boost|p2a: Maushold|spe|1
|
|-damage|p1a: Cinderace|73/100 tox|[from] psn
|upkeep
|turn|20
|
|t:|1779711301
|move|p1a: Cinderace|Sucker Punch|p2a: Maushold
|-start|p1a: Cinderace|typechange|Dark|[from] ability: Libero
|-damage|p2a: Maushold|0 fnt
|faint|p2a: Maushold
|-damage|p1a: Cinderace|63/100 tox|[from] item: Life Orb
|
|-damage|p1a: Cinderace|45/100 tox|[from] psn
|upkeep
|
|t:|1779711312
|switch|p2a: Polteageist|Polteageist-Antique|100/100
|turn|21
|
|t:|1779711319
|move|p1a: Cinderace|Pyro Ball|p2a: Polteageist
|-damage|p2a: Polteageist|12/100
|-ability|p2a: Polteageist|Weak Armor|boost
|-unboost|p2a: Polteageist|def|1
|-boost|p2a: Polteageist|spe|2
|-damage|p1a: Cinderace|35/100 tox|[from] item: Life Orb
|move|p2a: Polteageist|Shell Smash|p2a: Polteageist
|-unboost|p2a: Polteageist|def|1
|-unboost|p2a: Polteageist|spd|1
|-boost|p2a: Polteageist|atk|2
|-boost|p2a: Polteageist|spa|2
|-boost|p2a: Polteageist|spe|2
|
|-damage|p1a: Cinderace|11/100 tox|[from] psn
|upkeep
|turn|22
|inactive|greatgonzilla has 120 seconds left.
|
|t:|1779711340
|move|p1a: Cinderace|Sucker Punch||[still]
|-fail|p1a: Cinderace
|move|p2a: Polteageist|Shell Smash|p2a: Polteageist
|-unboost|p2a: Polteageist|def|1
|-unboost|p2a: Polteageist|spd|1
|-boost|p2a: Polteageist|atk|2
|-boost|p2a: Polteageist|spa|2
|-boost|p2a: Polteageist|spe|2
|
|-damage|p1a: Cinderace|0 fnt|[from] psn
|faint|p1a: Cinderace
|upkeep
|
|t:|1779711351
|switch|p1a: Raging Bolt|Raging Bolt, tera:Fairy|57/100
|turn|23
|l|☆prakshep
|inactive|prakshep disconnected and has a minute to reconnect!
|player|p2|
|j|☆prakshep
|inactive|prakshep reconnected and has 115 seconds left.
|player|p2|prakshep|nate|
|
|t:|1779711375
|move|p1a: Raging Bolt|Thunderclap||[still]
|-fail|p1a: Raging Bolt
|move|p2a: Polteageist|Shell Smash|p2a: Polteageist
|-unboost|p2a: Polteageist|def|1
|-unboost|p2a: Polteageist|spd|1
|-boost|p2a: Polteageist|atk|2
|-boost|p2a: Polteageist|spa|2
|-boost|p2a: Polteageist|spe|0
|
|upkeep
|turn|24
|
|t:|1779711382
|-terastallize|p2a: Polteageist|Grass
|move|p1a: Raging Bolt|Thunderclap|p2a: Polteageist
|-resisted|p2a: Polteageist
|-damage|p2a: Polteageist|0 fnt
|faint|p2a: Polteageist
|
|win|greatgonzilla
|raw|greatgonzilla's rating: 1363 &rarr; <strong>1388</strong><br />(+25 for winning)
|raw|prakshep's rating: 1443 &rarr; <strong>1418</strong><br />(-25 for losing)
|l|☆prakshep
|player|p2|
|c|☆greatgonzilla|all that for nothing
|l|☆greatgonzilla
|player|p1|
