|j|☆potion of binding
|j|☆VaporeonUser
|t:|1779692773
|gametype|singles
|player|p1|potion of binding|2|1486
|player|p2|VaporeonUser|volkner|1507
|gen|9
|tier|[Gen 9] OU
|rated|
|rule|HP Percentage Mod: HP is shown in percentages
|rule|Endless Battle Clause: Forcing endless battles is banned
|rule|Species Clause: Limit one of each Pokémon
|rule|OHKO Clause: OHKO moves are banned
|rule|Evasion Items Clause: Evasion items are banned
|rule|Evasion Moves Clause: Evasion moves are banned
|rule|Evasion Abilities Clause: Evasion abilities are banned
|rule|Sleep Moves Clause: Sleep-inducing moves are banned
|clearpoke
|poke|p1|Ceruledge, F|
|poke|p1|Dragonite, M|
|poke|p1|Hatterene, F|
|poke|p1|Kingambit, F|
|poke|p1|Ogerpon-Wellspring, F|
|poke|p1|Ting-Lu|
|poke|p2|Dondozo, M|
|poke|p2|Blissey, F|
|poke|p2|Corviknight, M|
|poke|p2|Weezing-Galar, M|
|poke|p2|Gliscor, M|
|poke|p2|Toxapex, M|
|teampreview
|
|t:|1779692784
|teamsize|p1|6
|teamsize|p2|6
|start
|switch|p1a: Dragonite|Dragonite, M|100/100
|switch|p2a: Corviknight|Corviknight, M|100/100
|-ability|p2a: Corviknight|Pressure
|turn|1
|c|☆potion of binding|hf
|inactive|Battle timer is ON: inactive players will automatically lose when time's up. (requested by potion of binding)
|
|t:|1779692787
|move|p1a: Dragonite|Dragon Dance|p1a: Dragonite
|-boost|p1a: Dragonite|atk|1
|-boost|p1a: Dragonite|spe|1
|move|p2a: Corviknight|Iron Defense|p2a: Corviknight
|-boost|p2a: Corviknight|def|2
|
|upkeep
|turn|2
|
|t:|1779692790
|move|p1a: Dragonite|Dragon Dance|p1a: Dragonite
|-boost|p1a: Dragonite|atk|1
|-boost|p1a: Dragonite|spe|1
|move|p2a: Corviknight|Iron Defense|p2a: Corviknight
|-boost|p2a: Corviknight|def|2
|
|upkeep
|turn|3
|
|t:|1779692791
|move|p1a: Dragonite|Dragon Dance|p1a: Dragonite
|-boost|p1a: Dragonite|atk|1
|-boost|p1a: Dragonite|spe|1
|move|p2a: Corviknight|Iron Defense|p2a: Corviknight
|-boost|p2a: Corviknight|def|2
|
|upkeep
|turn|4
|
|t:|1779692793
|move|p1a: Dragonite|Rock Slide|p2a: Corviknight
|-damage|p2a: Corviknight|91/100
|move|p2a: Corviknight|Body Press|p1a: Dragonite
|-resisted|p1a: Dragonite
|-damage|p1a: Dragonite|73/100
|
|-heal|p1a: Dragonite|79/100|[from] item: Leftovers
|-heal|p2a: Corviknight|97/100|[from] item: Leftovers
|upkeep
|turn|5
|
|t:|1779692807
|switch|p1a: Ceruledge|Ceruledge, F|100/100
|move|p2a: Corviknight|Body Press|p1a: Ceruledge
|-immune|p1a: Ceruledge
|
|-heal|p2a: Corviknight|100/100|[from] item: Leftovers
|upkeep
|turn|6
|
|t:|1779692811
|switch|p2a: Toxapex|Toxapex, M|100/100
|move|p1a: Ceruledge|Swords Dance|p1a: Ceruledge
|-boost|p1a: Ceruledge|atk|2
|
|upkeep
|turn|7
|
|t:|1779692813
|move|p1a: Ceruledge|Poltergeist|p2a: Toxapex
|-activate|p2a: Toxapex|move: Poltergeist|Leftovers
|-damage|p2a: Toxapex|0 fnt
|faint|p2a: Toxapex
|-damage|p1a: Ceruledge|91/100|[from] item: Life Orb
|
|upkeep
|
|t:|1779692819
|switch|p2a: Gliscor|Gliscor, M|100/100
|turn|8
|
|t:|1779692825
|move|p1a: Ceruledge|Bitter Blade|p2a: Gliscor
|-damage|p2a: Gliscor|0 fnt
|-heal|p1a: Ceruledge|100/100|[from] drain|[of] p2a: Gliscor
|faint|p2a: Gliscor
|-damage|p1a: Ceruledge|91/100|[from] item: Life Orb
|
|upkeep
|-message|VaporeonUser forfeited.
|
|win|potion of binding
|raw|potion of binding's rating: 1486 &rarr; <strong>1507</strong><br />(+21 for winning)
|raw|VaporeonUser's rating: 1507 &rarr; <strong>1486</strong><br />(-21 for losing)
|c|☆potion of binding|gg
|l|☆VaporeonUser
|player|p2|
