|j|☆tboc13
|j|☆mmm... beer
|t:|1779566738
|gametype|singles
|player|p1|tboc13|102|1462
|player|p2|mmm... beer|teacher-gen2|1474
|gen|9
|tier|[Gen 9] OU
|rated|
|rule|HP Percentage Mod: HP is shown in percentages
|rule|Endless Battle Clause: Forcing endless battles is banned
|rule|Species Clause: Limit one of each Pokémon
|rule|OHKO Clause: OHKO moves are banned
|rule|Evasion Items Clause: Evasion items are banned
|rule|Evasion Moves Clause: Evasion moves are banned
|rule|Evasion Abilities Clause: Evasion abilities are banned
|rule|Sleep Moves Clause: Sleep-inducing moves are banned
|clearpoke
|poke|p1|Kyurem|
|poke|p1|Darkrai|
|poke|p1|Dragapult, F|
|poke|p1|Hatterene, F|
|poke|p1|Corviknight, F|
|poke|p1|Gliscor, F|
|poke|p2|Cramorant, M|
|poke|p2|Hatterene, F|
|poke|p2|Great Tusk|
|poke|p2|Ogerpon-Wellspring, F|
|poke|p2|Cinderace, F|
|poke|p2|Tinkaton, F|
|teampreview
|inactive|Battle timer is ON: inactive players will automatically lose when time's up. (requested by tboc13)
|
|t:|1779566753
|teamsize|p1|6
|teamsize|p2|6
|start
|switch|p1a: Gliscor|Gliscor, F|100/100
|switch|p2a: Tink Death|Tinkaton, F|100/100
|-item|p2a: Tink Death|Air Balloon
|turn|1
|
|t:|1779566756
|move|p1a: Gliscor|Protect|p1a: Gliscor
|-singleturn|p1a: Gliscor|Protect
|move|p2a: Tink Death|Knock Off|p1a: Gliscor
|-activate|p1a: Gliscor|move: Protect
|
|-status|p1a: Gliscor|tox|[from] item: Toxic Orb
|upkeep
|turn|2
|
|t:|1779566759
|switch|p1a: Corviknight|Corviknight, F|100/100
|-ability|p1a: Corviknight|Pressure
|move|p2a: Tink Death|Encore||[still]
|-fail|p2a: Tink Death
|
|upkeep
|turn|3
|
|t:|1779566764
|switch|p1a: Hatterene|Hatterene, F|100/100
|move|p2a: Tink Death|Stealth Rock|p1a: Hatterene
|move|p1a: Hatterene|Stealth Rock|p2a: Tink Death|[from] ability: Magic Bounce
|-sidestart|p2: mmm... beer|move: Stealth Rock
|
|upkeep
|turn|4
|
|t:|1779566772
|switch|p1a: Corviknight|Corviknight, F|100/100
|-ability|p1a: Corviknight|Pressure
|move|p2a: Tink Death|Knock Off|p1a: Corviknight
|-damage|p1a: Corviknight|90/100
|-damage|p2a: Tink Death|84/100|[from] item: Rocky Helmet|[of] p1a: Corviknight
|-enditem|p1a: Corviknight|Rocky Helmet|[from] move: Knock Off|[of] p2a: Tink Death
|
|upkeep
|turn|5
|
|t:|1779566776
|move|p2a: Tink Death|Stealth Rock|p1a: Corviknight
|-sidestart|p1: tboc13|move: Stealth Rock
|move|p1a: Corviknight|U-turn|p2a: Tink Death
|-resisted|p2a: Tink Death
|-damage|p2a: Tink Death|80/100
|-enditem|p2a: Tink Death|Air Balloon
|
|t:|1779566778
|switch|p1a: Gliscor|Gliscor, F|100/100 tox|[from] U-turn
|-damage|p1a: Gliscor|88/100 tox|[from] Stealth Rock
|
|-heal|p1a: Gliscor|100/100 tox|[from] ability: Poison Heal
|upkeep
|turn|6
|
|t:|1779566784
|switch|p2a: Gulpenheimer|Cramorant, M|100/100
|-damage|p2a: Gulpenheimer|76/100|[from] Stealth Rock
|move|p1a: Gliscor|Earthquake|p2a: Gulpenheimer
|-immune|p2a: Gulpenheimer
|
|upkeep
|turn|7
|
|t:|1779566803
|move|p1a: Gliscor|Protect|p1a: Gliscor
|-singleturn|p1a: Gliscor|Protect
|move|p2a: Gulpenheimer|Ice Beam|p1a: Gliscor
|-activate|p1a: Gliscor|move: Protect
|
|upkeep
|turn|8
|
|t:|1779566815
|switch|p2a: Liberoseph Lostar|Cinderace, F|100/100
|switch|p1a: Hatterene|Hatterene, F|100/100
|-damage|p1a: Hatterene|88/100|[from] Stealth Rock
|
|upkeep
|turn|9
|
|t:|1779566818
|move|p2a: Liberoseph Lostar|Pyro Ball|p1a: Hatterene
|-damage|p1a: Hatterene|43/100
|move|p1a: Hatterene|Nuzzle|p2a: Liberoseph Lostar
|-damage|p2a: Liberoseph Lostar|95/100
|-status|p2a: Liberoseph Lostar|par
|
|upkeep
|turn|10
|
|t:|1779566827
|switch|p1a: Gliscor|Gliscor, F|100/100 tox
|-damage|p1a: Gliscor|88/100 tox|[from] Stealth Rock
|move|p2a: Liberoseph Lostar|Pyro Ball|p1a: Gliscor
|-damage|p1a: Gliscor|44/100 tox
|
|-heal|p1a: Gliscor|57/100 tox|[from] ability: Poison Heal
|upkeep
|turn|11
|
|t:|1779566843
|switch|p2a: King Pon|Ogerpon-Wellspring, F|100/100
|-damage|p2a: King Pon|88/100|[from] Stealth Rock
|move|p1a: Gliscor|Knock Off|p2a: King Pon
|-damage|p2a: King Pon|70/100
|
|-heal|p1a: Gliscor|69/100 tox|[from] ability: Poison Heal
|upkeep
|turn|12
|
|t:|1779566857
|switch|p1a: Hatterene|Hatterene, F|43/100
|-damage|p1a: Hatterene|31/100|[from] Stealth Rock
|move|p2a: King Pon|Power Whip|p1a: Hatterene
|-damage|p1a: Hatterene|0 fnt
|faint|p1a: Hatterene
|
|upkeep
|
|t:|1779566859
|switch|p1a: Dragapult|Dragapult, F|100/100
|turn|13
|
|t:|1779566871
|switch|p1a: Corviknight|Corviknight, F|90/100
|-damage|p1a: Corviknight|78/100|[from] Stealth Rock
|-ability|p1a: Corviknight|Pressure
|switch|p2a: Tink Death|Tinkaton, F|80/100
|-damage|p2a: Tink Death|73/100|[from] Stealth Rock
|
|upkeep
|turn|14
|
|t:|1779566882
|move|p2a: Tink Death|Knock Off|p1a: Corviknight
|-damage|p1a: Corviknight|71/100
|move|p1a: Corviknight|U-turn|p2a: Tink Death
|-resisted|p2a: Tink Death
|-damage|p2a: Tink Death|69/100
|
|t:|1779566884
|switch|p1a: Gliscor|Gliscor, F|69/100 tox|[from] U-turn
|-damage|p1a: Gliscor|57/100 tox|[from] Stealth Rock
|
|-heal|p1a: Gliscor|69/100 tox|[from] ability: Poison Heal
|upkeep
|turn|15
|
|t:|1779566888
|move|p2a: Tink Death|Gigaton Hammer|p1a: Gliscor
|-damage|p1a: Gliscor|38/100 tox
|move|p1a: Gliscor|Earthquake|p2a: Tink Death
|-supereffective|p2a: Tink Death
|-damage|p2a: Tink Death|0 fnt
|faint|p2a: Tink Death
|
|-heal|p1a: Gliscor|51/100 tox|[from] ability: Poison Heal
|upkeep
|
|t:|1779566896
|switch|p2a: King Pon|Ogerpon-Wellspring, F|70/100
|-damage|p2a: King Pon|58/100|[from] Stealth Rock
|turn|16
|
|t:|1779566917
|move|p1a: Gliscor|Protect|p1a: Gliscor
|-singleturn|p1a: Gliscor|Protect
|move|p2a: King Pon|Play Rough|p1a: Gliscor
|-activate|p1a: Gliscor|move: Protect
|
|-heal|p1a: Gliscor|63/100 tox|[from] ability: Poison Heal
|upkeep
|turn|17
|
|t:|1779566930
|switch|p1a: Dragapult|Dragapult, F|100/100
|move|p2a: King Pon|Ivy Cudgel|p1a: Dragapult|[anim] Ivy Cudgel Water
|-resisted|p1a: Dragapult
|-damage|p1a: Dragapult|65/100
|
|upkeep
|turn|18
|
|t:|1779566943
|switch|p2a: Magic Bounce on It|Hatterene, F|100/100
|-damage|p2a: Magic Bounce on It|88/100|[from] Stealth Rock
|move|p1a: Dragapult|Will-O-Wisp|p2a: Magic Bounce on It
|move|p2a: Magic Bounce on It|Will-O-Wisp|p1a: Dragapult|[from] ability: Magic Bounce
|-status|p1a: Dragapult|brn
|
|-damage|p1a: Dragapult|59/100 brn|[from] brn
|upkeep
|turn|19
|
|t:|1779566957
|switch|p1a: Corviknight|Corviknight, F|71/100
|-damage|p1a: Corviknight|59/100|[from] Stealth Rock
|-ability|p1a: Corviknight|Pressure
|move|p2a: Magic Bounce on It|Mystical Fire|p1a: Corviknight
|-supereffective|p1a: Corviknight
|-damage|p1a: Corviknight|10/100
|-unboost|p1a: Corviknight|spa|1
|
|upkeep
|turn|20
|
|t:|1779566963
|move|p1a: Corviknight|U-turn|p2a: Magic Bounce on It
|-damage|p2a: Magic Bounce on It|72/100
|
|t:|1779566980
|switch|p1a: Kyurem|Kyurem|100/100|[from] U-turn
|-damage|p1a: Kyurem|76/100|[from] Stealth Rock
|-ability|p1a: Kyurem|Pressure
|move|p2a: Magic Bounce on It|Nuzzle|p1a: Kyurem
|-resisted|p1a: Kyurem
|-damage|p1a: Kyurem|74/100
|-status|p1a: Kyurem|par
|
|upkeep
|turn|21
|
|t:|1779566985
|move|p1a: Kyurem|Ice Beam|p2a: Magic Bounce on It
|-damage|p2a: Magic Bounce on It|20/100
|move|p2a: Magic Bounce on It|Draining Kiss|p1a: Kyurem
|-supereffective|p1a: Kyurem
|-damage|p1a: Kyurem|21/100 par
|-heal|p2a: Magic Bounce on It|72/100|[from] drain|[of] p1a: Kyurem
|
|upkeep
|turn|22
|
|t:|1779566988
|move|p1a: Kyurem|Ice Beam|p2a: Magic Bounce on It
|-damage|p2a: Magic Bounce on It|23/100
|move|p2a: Magic Bounce on It|Draining Kiss|p1a: Kyurem
|-supereffective|p1a: Kyurem
|-damage|p1a: Kyurem|0 fnt
|-heal|p2a: Magic Bounce on It|44/100|[from] drain|[of] p1a: Kyurem
|faint|p1a: Kyurem
|
|upkeep
|
|t:|1779566994
|switch|p1a: Darkrai|Darkrai|100/100
|-damage|p1a: Darkrai|88/100|[from] Stealth Rock
|turn|23
|
|t:|1779566998
|-terastallize|p1a: Darkrai|Dark
|move|p1a: Darkrai|Dark Pulse|p2a: Magic Bounce on It
|-damage|p2a: Magic Bounce on It|0 fnt
|faint|p2a: Magic Bounce on It
|-damage|p1a: Darkrai|78/100|[from] item: Life Orb
|
|upkeep
|
|t:|1779567007
|switch|p2a: Gulpenheimer|Cramorant, M|76/100
|-damage|p2a: Gulpenheimer|51/100|[from] Stealth Rock
|turn|24
|
|t:|1779567025
|move|p2a: Gulpenheimer|Surf|p1a: Darkrai
|-formechange|p2a: Gulpenheimer|Cramorant-Gulping|
|-damage|p1a: Darkrai|33/100
|move|p1a: Darkrai|Dark Pulse|p2a: Gulpenheimer
|-damage|p2a: Gulpenheimer|0 fnt
|-damage|p1a: Darkrai|8/100|[from] ability: Gulp Missile|[of] p2a: Gulpenheimer
|-unboost|p1a: Darkrai|def|1
|-formechange|p2a: Gulpenheimer|Cramorant|
|faint|p2a: Gulpenheimer
|-damage|p1a: Darkrai|0 fnt|[from] item: Life Orb
|faint|p1a: Darkrai
|
|upkeep
|
|t:|1779567041
|switch|p1a: Dragapult|Dragapult, F|59/100 brn
|switch|p2a: Liberoseph Lostar|Cinderace, F|95/100 par
|turn|25
|
|t:|1779567044
|switch|p1a: Corviknight|Corviknight, F|10/100
|-damage|p1a: Corviknight|0 fnt|[from] Stealth Rock
|faint|p1a: Corviknight
|move|p2a: Liberoseph Lostar|Sucker Punch|p1: Corviknight|[notarget]
|-fail|p2a: Liberoseph Lostar
|
|upkeep
|
|t:|1779567045
|switch|p1a: Gliscor|Gliscor, F|63/100 tox
|-damage|p1a: Gliscor|51/100 tox|[from] Stealth Rock
|turn|26
|
|t:|1779567055
|move|p1a: Gliscor|Earthquake|p2a: Liberoseph Lostar
|-supereffective|p2a: Liberoseph Lostar
|-damage|p2a: Liberoseph Lostar|0 fnt
|faint|p2a: Liberoseph Lostar
|
|-heal|p1a: Gliscor|63/100 tox|[from] ability: Poison Heal
|upkeep
|
|t:|1779567060
|switch|p2a: King Pon|Ogerpon-Wellspring, F|58/100
|-damage|p2a: King Pon|46/100|[from] Stealth Rock
|turn|27
|
|t:|1779567072
|-terastallize|p2a: King Pon|Water
|detailschange|p2a: King Pon|Ogerpon-Wellspring-Tera, F, tera:Water
|-ability|p2a: King Pon|Embody Aspect (Wellspring)|boost
|-boost|p2a: King Pon|spd|1
|move|p1a: Gliscor|Protect|p1a: Gliscor
|-singleturn|p1a: Gliscor|Protect
|move|p2a: King Pon|Ivy Cudgel|p1a: Gliscor|[anim] Ivy Cudgel Water
|-activate|p1a: Gliscor|move: Protect
|
|-heal|p1a: Gliscor|76/100 tox|[from] ability: Poison Heal
|upkeep
|turn|28
|
|t:|1779567082
|move|p2a: King Pon|Play Rough|p1a: Gliscor
|-damage|p1a: Gliscor|49/100 tox
|move|p1a: Gliscor|Toxic|p2a: King Pon
|-status|p2a: King Pon|tox
|
|-damage|p2a: King Pon|40/100 tox|[from] psn
|-heal|p1a: Gliscor|61/100 tox|[from] ability: Poison Heal
|upkeep
|turn|29
|
|t:|1779567090
|move|p1a: Gliscor|Protect|p1a: Gliscor
|-singleturn|p1a: Gliscor|Protect
|move|p2a: King Pon|Swords Dance|p2a: King Pon
|-boost|p2a: King Pon|atk|2
|
|-damage|p2a: King Pon|28/100 tox|[from] psn
|-heal|p1a: Gliscor|74/100 tox|[from] ability: Poison Heal
|upkeep
|turn|30
|
|t:|1779567096
|move|p1a: Gliscor|Protect||[still]
|-fail|p1a: Gliscor
|move|p2a: King Pon|Ivy Cudgel|p1a: Gliscor|[anim] Ivy Cudgel Water
|-supereffective|p1a: Gliscor
|-damage|p1a: Gliscor|0 fnt
|faint|p1a: Gliscor
|
|-damage|p2a: King Pon|10/100 tox|[from] psn
|upkeep
|
|t:|1779567097
|switch|p1a: Dragapult|Dragapult, F|59/100 brn
|turn|31
|
|t:|1779567099
|move|p1a: Dragapult|Hex|p2a: King Pon
|-damage|p2a: King Pon|0 fnt
|faint|p2a: King Pon
|detailschange|p2: King Pon|Ogerpon-Wellspring, F|[silent]
|
|-damage|p1a: Dragapult|53/100 brn|[from] brn
|upkeep
|
|t:|1779567101
|switch|p2a: Protorious B.I.G.|Great Tusk|100/100
|-damage|p2a: Protorious B.I.G.|98/100|[from] Stealth Rock
|-enditem|p2a: Protorious B.I.G.|Booster Energy
|-activate|p2a: Protorious B.I.G.|ability: Protosynthesis|[fromitem]
|-start|p2a: Protorious B.I.G.|protosynthesisatk
|turn|32
|
|t:|1779567105
|move|p1a: Dragapult|Draco Meteor|p2a: Protorious B.I.G.
|-damage|p2a: Protorious B.I.G.|12/100
|-unboost|p1a: Dragapult|spa|2
|move|p2a: Protorious B.I.G.|Ice Spinner|p1a: Dragapult
|-supereffective|p1a: Dragapult
|-damage|p1a: Dragapult|0 fnt
|faint|p1a: Dragapult
|
|win|mmm... beer
|raw|tboc13's rating: 1462 &rarr; <strong>1443</strong><br />(-19 for losing)
|raw|mmm... beer's rating: 1474 &rarr; <strong>1493</strong><br />(+19 for winning)
|l|☆tboc13
|player|p1|
