|j|☆Yibril
|j|☆omari p
|t:|1779678782
|gametype|singles
|player|p1|Yibril|ghetsis|1618
|player|p2|omari p|pokemonrangerf|1682
|gen|9
|tier|[Gen 9] OU
|rated|
|rule|HP Percentage Mod: HP is shown in percentages
|rule|Endless Battle Clause: Forcing endless battles is banned
|rule|Species Clause: Limit one of each Pokémon
|rule|OHKO Clause: OHKO moves are banned
|rule|Evasion Items Clause: Evasion items are banned
|rule|Evasion Moves Clause: Evasion moves are banned
|rule|Evasion Abilities Clause: Evasion abilities are banned
|rule|Sleep Moves Clause: Sleep-inducing moves are banned
|clearpoke
|poke|p1|Dragapult, M|
|poke|p1|Great Tusk|
|poke|p1|Kingambit, F|
|poke|p1|Garganacl, M|
|poke|p1|Gholdengo|
|poke|p1|Dragonite, F|
|poke|p2|Thundurus-Therian, M|
|poke|p2|Cinderace, F|
|poke|p2|Latios, M|
|poke|p2|Jirachi|
|poke|p2|Mandibuzz, F|
|poke|p2|Great Tusk|
|teampreview
|inactive|Battle timer is ON: inactive players will automatically lose when time's up. (requested by Yibril)
|
|t:|1779678808
|teamsize|p1|6
|teamsize|p2|6
|start
|switch|p1a: Garganacl|Garganacl, M|100/100
|switch|p2a: Cinderace|Cinderace, F|100/100
|turn|1
|
|t:|1779678816
|move|p2a: Cinderace|High Jump Kick|p1a: Garganacl
|-start|p2a: Cinderace|typechange|Fighting|[from] ability: Libero
|-supereffective|p1a: Garganacl
|-damage|p1a: Garganacl|15/100
|move|p1a: Garganacl|Salt Cure|p2a: Cinderace
|-resisted|p2a: Cinderace
|-damage|p2a: Cinderace|91/100
|-start|p2a: Cinderace|Salt Cure
|
|-heal|p1a: Garganacl|21/100|[from] item: Leftovers
|-damage|p2a: Cinderace|79/100|[from] Salt Cure
|upkeep
|turn|2
|
|t:|1779678822
|switch|p2a: Great Tusk|Great Tusk|100/100
|move|p1a: Garganacl|Recover|p1a: Garganacl
|-heal|p1a: Garganacl|71/100
|
|-heal|p1a: Garganacl|77/100|[from] item: Leftovers
|upkeep
|turn|3
|
|t:|1779678827
|switch|p1a: Great Tusk|Great Tusk|100/100
|move|p2a: Great Tusk|Headlong Rush|p1a: Great Tusk
|-damage|p1a: Great Tusk|60/100
|-unboost|p2a: Great Tusk|def|1
|-unboost|p2a: Great Tusk|spd|1
|
|-heal|p1a: Great Tusk|66/100|[from] item: Leftovers
|upkeep
|turn|4
|
|t:|1779678834
|move|p2a: Great Tusk|Headlong Rush|p1a: Great Tusk
|-damage|p1a: Great Tusk|32/100
|-unboost|p2a: Great Tusk|def|1
|-unboost|p2a: Great Tusk|spd|1
|move|p1a: Great Tusk|Knock Off|p2a: Great Tusk
|-resisted|p2a: Great Tusk
|-damage|p2a: Great Tusk|75/100
|-enditem|p2a: Great Tusk|Focus Sash|[from] move: Knock Off|[of] p1a: Great Tusk
|
|-heal|p1a: Great Tusk|38/100|[from] item: Leftovers
|upkeep
|turn|5
|
|t:|1779678844
|move|p2a: Great Tusk|Ice Spinner|p1a: Great Tusk
|-supereffective|p1a: Great Tusk
|-damage|p1a: Great Tusk|7/100
|move|p1a: Great Tusk|Ice Spinner|p2a: Great Tusk
|-supereffective|p2a: Great Tusk
|-damage|p2a: Great Tusk|0 fnt
|faint|p2a: Great Tusk
|-end|p2a: Great Tusk|Protosynthesis|[silent]
|
|-heal|p1a: Great Tusk|13/100|[from] item: Leftovers
|upkeep
|
|t:|1779678847
|switch|p2a: Cinderace|Cinderace, F|79/100
|turn|6
|
|t:|1779678851
|move|p2a: Cinderace|Pyro Ball|p1a: Great Tusk
|-damage|p1a: Great Tusk|0 fnt
|faint|p1a: Great Tusk
|-end|p1a: Great Tusk|Protosynthesis|[silent]
|
|upkeep
|
|t:|1779678863
|switch|p1a: Dragonite|Dragonite, F|100/100
|turn|7
|inactive|omari p has 120 seconds left.
|
|t:|1779678913
|switch|p2a: Mandibuzz|Mandibuzz, F, shiny|100/100
|switch|p1a: Garganacl|Garganacl, M|77/100
|
|-heal|p1a: Garganacl|84/100|[from] item: Leftovers
|upkeep
|turn|8
|
|t:|1779678920
|switch|p2a: Jirachi|Jirachi|100/100
|move|p1a: Garganacl|Iron Defense|p1a: Garganacl
|-boost|p1a: Garganacl|def|2
|
|-heal|p1a: Garganacl|90/100|[from] item: Leftovers
|upkeep
|turn|9
|
|t:|1779678927
|switch|p1a: Gholdengo|Gholdengo|100/100
|move|p2a: Jirachi|Psychic Noise|p1a: Gholdengo
|-resisted|p1a: Gholdengo
|-damage|p1a: Gholdengo|82/100
|-start|p1a: Gholdengo|move: Heal Block
|
|upkeep
|turn|10
|
|t:|1779678930
|move|p2a: Jirachi|Doom Desire|p1a: Gholdengo
|-start|p2a: Jirachi|Doom Desire
|move|p1a: Gholdengo|Shadow Ball|p2a: Jirachi
|-supereffective|p2a: Jirachi
|-damage|p2a: Jirachi|43/100
|-unboost|p2a: Jirachi|spd|1
|
|-end|p1a: Gholdengo|move: Heal Block
|upkeep
|turn|11
|
|t:|1779678938
|switch|p2a: Cinderace|Cinderace, F|79/100
|move|p1a: Gholdengo|Shadow Ball|p2a: Cinderace
|-damage|p2a: Cinderace|15/100
|
|-heal|p1a: Gholdengo|88/100|[from] item: Leftovers
|upkeep
|turn|12
|inactive|Yibril has 120 seconds left.
|inactive|Yibril has 90 seconds left.
|
|t:|1779679000
|switch|p1a: Dragapult|Dragapult, M|100/100
|move|p2a: Cinderace|Pyro Ball|p1a: Dragapult
|-resisted|p1a: Dragapult
|-damage|p1a: Dragapult|52/100
|
|-end|p1a: Dragapult|move: Doom Desire
|-damage|p1a: Dragapult|0 fnt
|faint|p1a: Dragapult
|upkeep
|inactive|Yibril has 90 seconds left.
|
|t:|1779679011
|switch|p1a: Dragonite|Dragonite, F|100/100
|turn|13
|
|t:|1779679016
|switch|p2a: Mandibuzz|Mandibuzz, F, shiny|100/100
|move|p1a: Dragonite|Dragon Dance|p1a: Dragonite
|-boost|p1a: Dragonite|atk|1
|-boost|p1a: Dragonite|spe|1
|
|upkeep
|turn|14
|
|t:|1779679023
|switch|p1a: Garganacl|Garganacl, M|90/100
|move|p2a: Mandibuzz|Foul Play|p1a: Garganacl
|-damage|p1a: Garganacl|71/100
|
|-heal|p1a: Garganacl|77/100|[from] item: Leftovers
|upkeep
|turn|15
|
|t:|1779679037
|switch|p2a: Cinderace|Cinderace, F|15/100
|move|p1a: Garganacl|Salt Cure|p2a: Cinderace
|-supereffective|p2a: Cinderace
|-damage|p2a: Cinderace|0 fnt
|faint|p2a: Cinderace
|
|-heal|p1a: Garganacl|83/100|[from] item: Leftovers
|upkeep
|
|t:|1779679038
|switch|p2a: Jirachi|Jirachi|43/100
|turn|16
|inactive|Yibril has 120 seconds left.
|
|t:|1779679049
|switch|p1a: Gholdengo|Gholdengo|88/100
|move|p2a: Jirachi|Doom Desire|p1a: Gholdengo
|-start|p2a: Jirachi|Doom Desire
|
|-heal|p1a: Gholdengo|94/100|[from] item: Leftovers
|upkeep
|turn|17
|
|t:|1779679052
|switch|p2a: Thundurus|Thundurus-Therian, M|100/100
|move|p1a: Gholdengo|Shadow Ball|p2a: Thundurus
|-damage|p2a: Thundurus|45/100
|-unboost|p2a: Thundurus|spd|1
|
|-heal|p2a: Thundurus|52/100|[from] item: Leftovers
|-heal|p1a: Gholdengo|100/100|[from] item: Leftovers
|upkeep
|turn|18
|
|t:|1779679058
|move|p2a: Thundurus|Thunderbolt|p1a: Gholdengo
|-damage|p1a: Gholdengo|51/100
|move|p1a: Gholdengo|Shadow Ball|p2a: Thundurus
|-damage|p2a: Thundurus|0 fnt
|faint|p2a: Thundurus
|
|-end|p1a: Gholdengo|move: Doom Desire
|-resisted|p1a: Gholdengo
|-damage|p1a: Gholdengo|19/100
|-heal|p1a: Gholdengo|25/100|[from] item: Leftovers
|upkeep
|
|t:|1779679073
|switch|p2a: Latios|Latios, M|100/100
|turn|19
|
|t:|1779679083
|move|p2a: Latios|Luster Purge|p1a: Gholdengo
|-resisted|p1a: Gholdengo
|-damage|p1a: Gholdengo|2/100
|move|p1a: Gholdengo|Shadow Ball|p2a: Latios
|-supereffective|p2a: Latios
|-crit|p2a: Latios
|-damage|p2a: Latios|0 fnt
|faint|p2a: Latios
|
|-heal|p1a: Gholdengo|8/100|[from] item: Leftovers
|upkeep
|-message|omari p forfeited.
|
|win|Yibril
|raw|Yibril's rating: 1618 &rarr; <strong>1642</strong><br />(+24 for winning)
|raw|omari p's rating: 1682 &rarr; <strong>1658</strong><br />(-24 for losing)
|l|☆omari p
|player|p2|
|l|☆Yibril
|player|p1|
