|j|☆rh4ank
|j|☆zdarkfirex
|t:|1779600444
|gametype|singles
|player|p1|rh4ank|n|1097
|player|p2|zdarkfirex|2|1179
|gen|9
|tier|[Gen 9] OU
|rated|
|rule|HP Percentage Mod: HP is shown in percentages
|rule|Endless Battle Clause: Forcing endless battles is banned
|rule|Species Clause: Limit one of each Pokémon
|rule|OHKO Clause: OHKO moves are banned
|rule|Evasion Items Clause: Evasion items are banned
|rule|Evasion Moves Clause: Evasion moves are banned
|rule|Evasion Abilities Clause: Evasion abilities are banned
|rule|Sleep Moves Clause: Sleep-inducing moves are banned
|clearpoke
|poke|p1|Garchomp, F|
|poke|p1|Florges, F|
|poke|p1|Toxapex, M|
|poke|p1|Weavile, F|
|poke|p1|Zapdos|
|poke|p1|Iron Moth|
|poke|p2|Glimmora, F|
|poke|p2|Iron Valiant|
|poke|p2|Ting-Lu|
|poke|p2|Kingambit, F|
|poke|p2|Rillaboom, M|
|poke|p2|Dragapult, M|
|teampreview
|
|t:|1779600475
|teamsize|p1|6
|teamsize|p2|6
|start
|switch|p1a: Garchomp|Garchomp, F|100/100
|switch|p2a: Glimmora|Glimmora, F|100/100
|turn|1
|
|t:|1779600484
|move|p1a: Garchomp|Stealth Rock|p2a: Glimmora
|-sidestart|p2: zdarkfirex|move: Stealth Rock
|move|p2a: Glimmora|Stealth Rock|p1a: Garchomp
|-sidestart|p1: rh4ank|move: Stealth Rock
|
|upkeep
|turn|2
|
|t:|1779600493
|move|p1a: Garchomp|Earthquake|p2a: Glimmora
|-supereffective|p2a: Glimmora
|-enditem|p2a: Glimmora|Focus Sash
|-damage|p2a: Glimmora|1/100
|-activate|p2a: Glimmora|ability: Toxic Debris
|-sidestart|p1: rh4ank|move: Toxic Spikes
|move|p2a: Glimmora|Mortal Spin|p1a: Garchomp
|-resisted|p1a: Garchomp
|-damage|p1a: Garchomp|97/100
|-status|p1a: Garchomp|psn
|-damage|p2a: Glimmora|0 fnt|[from] ability: Rough Skin|[of] p1a: Garchomp
|faint|p2a: Glimmora
|
|-damage|p1a: Garchomp|85/100 psn|[from] psn
|upkeep
|
|t:|1779600524
|switch|p2a: Dragapult|Dragapult, M, shiny|100/100
|-damage|p2a: Dragapult|88/100|[from] Stealth Rock
|turn|3
|
|t:|1779600530
|move|p2a: Dragapult|Draco Meteor|p1a: Garchomp
|-supereffective|p1a: Garchomp
|-damage|p1a: Garchomp|0 fnt
|-unboost|p2a: Dragapult|spa|2
|faint|p1a: Garchomp
|
|upkeep
|
|t:|1779600536
|switch|p1a: Weavile|Weavile, F|100/100
|-damage|p1a: Weavile|76/100|[from] Stealth Rock
|-status|p1a: Weavile|psn
|turn|4
|
|t:|1779600547
|switch|p2a: Kingambit|Kingambit, F|100/100
|-damage|p2a: Kingambit|94/100|[from] Stealth Rock
|-activate|p2a: Kingambit|ability: Supreme Overlord
|-start|p2a: Kingambit|fallen1|[silent]
|move|p1a: Weavile|Icicle Crash|p2a: Kingambit
|-resisted|p2a: Kingambit
|-damage|p2a: Kingambit|75/100
|
|-heal|p2a: Kingambit|81/100|[from] item: Leftovers
|-damage|p1a: Weavile|63/100 psn|[from] psn
|upkeep
|turn|5
|
|t:|1779600559
|move|p1a: Weavile|Low Kick|p2a: Kingambit
|-supereffective|p2a: Kingambit
|-damage|p2a: Kingambit|0 fnt
|faint|p2a: Kingambit
|-end|p2a: Kingambit|fallen1|[silent]
|
|-damage|p1a: Weavile|51/100 psn|[from] psn
|upkeep
|
|t:|1779600574
|switch|p2a: Iron Valiant|Iron Valiant, shiny|100/100
|-damage|p2a: Iron Valiant|94/100|[from] Stealth Rock
|-enditem|p2a: Iron Valiant|Booster Energy
|-activate|p2a: Iron Valiant|ability: Quark Drive|[fromitem]
|-start|p2a: Iron Valiant|quarkdrivespe
|turn|6
|
|t:|1779600602
|switch|p1a: Zapdos|Zapdos|100/100
|move|p2a: Iron Valiant|Calm Mind|p2a: Iron Valiant
|-boost|p2a: Iron Valiant|spa|1
|-boost|p2a: Iron Valiant|spd|1
|
|upkeep
|turn|7
|
|t:|1779600611
|move|p2a: Iron Valiant|Calm Mind|p2a: Iron Valiant
|-boost|p2a: Iron Valiant|spa|1
|-boost|p2a: Iron Valiant|spd|1
|move|p1a: Zapdos|Hurricane|p2a: Iron Valiant|[miss]
|-miss|p1a: Zapdos|p2a: Iron Valiant
|
|upkeep
|turn|8
|
|t:|1779600617
|move|p2a: Iron Valiant|Moonblast|p1a: Zapdos
|-damage|p1a: Zapdos|17/100
|-unboost|p1a: Zapdos|spa|1
|move|p1a: Zapdos|Hurricane|p2a: Iron Valiant
|-supereffective|p2a: Iron Valiant
|-damage|p2a: Iron Valiant|40/100
|
|upkeep
|turn|9
|
|t:|1779600628
|move|p2a: Iron Valiant|Shadow Ball|p1a: Zapdos
|-damage|p1a: Zapdos|0 fnt
|faint|p1a: Zapdos
|
|upkeep
|
|t:|1779600648
|switch|p1a: Florges|Florges, F, shiny|100/100
|-damage|p1a: Florges|88/100|[from] Stealth Rock
|-status|p1a: Florges|psn
|turn|10
|
|t:|1779600655
|move|p2a: Iron Valiant|Shadow Ball|p1a: Florges
|-damage|p1a: Florges|54/100 psn
|move|p1a: Florges|Moonblast|p2a: Iron Valiant
|-supereffective|p2a: Iron Valiant
|-damage|p2a: Iron Valiant|0 fnt
|faint|p2a: Iron Valiant
|-end|p2a: Iron Valiant|Quark Drive|[silent]
|
|-heal|p1a: Florges|60/100 psn|[from] item: Leftovers
|-damage|p1a: Florges|48/100 psn|[from] psn
|upkeep
|
|t:|1779600668
|switch|p2a: Rillaboom|Rillaboom, M, shiny|100/100
|-damage|p2a: Rillaboom|88/100|[from] Stealth Rock
|-fieldstart|move: Grassy Terrain|[from] ability: Grassy Surge|[of] p2a: Rillaboom
|turn|11
|
|t:|1779600679
|move|p2a: Rillaboom|Grassy Glide|p1a: Florges
|-damage|p1a: Florges|0 fnt
|faint|p1a: Florges
|-damage|p2a: Rillaboom|78/100|[from] item: Life Orb
|
|-heal|p2a: Rillaboom|84/100|[from] Grassy Terrain
|upkeep
|
|t:|1779600686
|switch|p1a: Iron Moth|Iron Moth|100/100
|-damage|p1a: Iron Moth|76/100|[from] Stealth Rock
|-sideend|p1: rh4ank|move: Toxic Spikes|[of] p1a: Iron Moth
|-enditem|p1a: Iron Moth|Booster Energy
|-activate|p1a: Iron Moth|ability: Quark Drive|[fromitem]
|-start|p1a: Iron Moth|quarkdrivespa
|turn|12
|
|t:|1779600693
|switch|p2a: Ting-Lu|Ting-Lu, shiny|100/100
|-damage|p2a: Ting-Lu|94/100|[from] Stealth Rock
|-ability|p2a: Ting-Lu|Vessel of Ruin
|move|p1a: Iron Moth|Fiery Dance|p2a: Ting-Lu
|-damage|p2a: Ting-Lu|69/100
|
|-heal|p1a: Iron Moth|82/100|[from] Grassy Terrain
|-heal|p2a: Ting-Lu|75/100|[from] Grassy Terrain
|-heal|p2a: Ting-Lu|82/100|[from] item: Leftovers
|upkeep
|turn|13
|
|t:|1779600707
|move|p1a: Iron Moth|Energy Ball|p2a: Ting-Lu
|-supereffective|p2a: Ting-Lu
|-damage|p2a: Ting-Lu|32/100
|-unboost|p2a: Ting-Lu|spd|1
|move|p2a: Ting-Lu|Earthquake|p1a: Iron Moth
|-supereffective|p1a: Iron Moth
|-damage|p1a: Iron Moth|0 fnt
|faint|p1a: Iron Moth
|-end|p1a: Iron Moth|Quark Drive|[silent]
|
|-heal|p2a: Ting-Lu|38/100|[from] Grassy Terrain
|-heal|p2a: Ting-Lu|44/100|[from] item: Leftovers
|upkeep
|
|t:|1779600718
|switch|p1a: Toxapex|Toxapex, M|100/100
|-damage|p1a: Toxapex|88/100|[from] Stealth Rock
|turn|14
|
|t:|1779600725
|move|p1a: Toxapex|Iron Defense|p1a: Toxapex
|-boost|p1a: Toxapex|def|2
|move|p2a: Ting-Lu|Whirlwind|p1a: Toxapex
|drag|p1a: Weavile|Weavile, F|51/100 psn
|-damage|p1a: Weavile|26/100 psn|[from] Stealth Rock
|
|-heal|p1a: Weavile|32/100 psn|[from] Grassy Terrain
|-heal|p2a: Ting-Lu|50/100|[from] Grassy Terrain
|-heal|p2a: Ting-Lu|57/100|[from] item: Leftovers
|-damage|p1a: Weavile|19/100 psn|[from] psn
|upkeep
|turn|15
|
|t:|1779600738
|-terastallize|p2a: Ting-Lu|Water
|move|p1a: Weavile|Low Kick|p2a: Ting-Lu
|-damage|p2a: Ting-Lu|36/100
|move|p2a: Ting-Lu|Whirlwind|p1a: Weavile
|drag|p1a: Toxapex|Toxapex, M|100/100
|-damage|p1a: Toxapex|88/100|[from] Stealth Rock
|
|-heal|p2a: Ting-Lu|42/100|[from] Grassy Terrain
|-heal|p2a: Ting-Lu|48/100|[from] item: Leftovers
|-heal|p1a: Toxapex|94/100|[from] Grassy Terrain
|-heal|p1a: Toxapex|100/100|[from] item: Black Sludge
|-fieldend|move: Grassy Terrain
|upkeep
|turn|16
|
|t:|1779600753
|move|p2a: Ting-Lu|Ruination|p1a: Toxapex
|-damage|p1a: Toxapex|50/100
|move|p1a: Toxapex|Gunk Shot|p2a: Ting-Lu
|-damage|p2a: Ting-Lu|33/100
|
|-heal|p2a: Ting-Lu|39/100|[from] item: Leftovers
|-heal|p1a: Toxapex|57/100|[from] item: Black Sludge
|upkeep
|turn|17
|
|t:|1779600763
|move|p2a: Ting-Lu|Earthquake|p1a: Toxapex
|-supereffective|p1a: Toxapex
|-damage|p1a: Toxapex|9/100
|move|p1a: Toxapex|Gunk Shot|p2a: Ting-Lu
|-damage|p2a: Ting-Lu|24/100
|-status|p2a: Ting-Lu|psn
|
|-heal|p2a: Ting-Lu|30/100 psn|[from] item: Leftovers
|-heal|p1a: Toxapex|16/100|[from] item: Black Sludge
|-damage|p2a: Ting-Lu|18/100 psn|[from] psn
|upkeep
|turn|18
|
|t:|1779600774
|move|p1a: Toxapex|Protect|p1a: Toxapex
|-singleturn|p1a: Toxapex|Protect
|move|p2a: Ting-Lu|Earthquake|p1a: Toxapex
|-activate|p1a: Toxapex|move: Protect
|
|-heal|p2a: Ting-Lu|24/100 psn|[from] item: Leftovers
|-heal|p1a: Toxapex|22/100|[from] item: Black Sludge
|-damage|p2a: Ting-Lu|12/100 psn|[from] psn
|upkeep
|turn|19
|inactive|Battle timer is ON: inactive players will automatically lose when time's up. (requested by zdarkfirex)
|
|t:|1779600799
|move|p1a: Toxapex|Protect|p1a: Toxapex
|-singleturn|p1a: Toxapex|Protect
|move|p2a: Ting-Lu|Earthquake|p1a: Toxapex
|-activate|p1a: Toxapex|move: Protect
|
|-heal|p2a: Ting-Lu|18/100 psn|[from] item: Leftovers
|-heal|p1a: Toxapex|28/100|[from] item: Black Sludge
|-damage|p2a: Ting-Lu|5/100 psn|[from] psn
|upkeep
|turn|20
|
|t:|1779600811
|move|p2a: Ting-Lu|Earthquake|p1a: Toxapex
|-supereffective|p1a: Toxapex
|-damage|p1a: Toxapex|0 fnt
|faint|p1a: Toxapex
|
|-heal|p2a: Ting-Lu|12/100 psn|[from] item: Leftovers
|-damage|p2a: Ting-Lu|0 fnt|[from] psn
|faint|p2a: Ting-Lu
|upkeep
|
|t:|1779600822
|switch|p2a: Rillaboom|Rillaboom, M, shiny|84/100
|switch|p1a: Weavile|Weavile, F|19/100 psn
|-damage|p1a: Weavile|0 fnt|[from] Stealth Rock
|faint|p1a: Weavile
|
|win|zdarkfirex
|raw|rh4ank's rating: 1097 &rarr; <strong>1078</strong><br />(-19 for losing)
|raw|zdarkfirex's rating: 1179 &rarr; <strong>1198</strong><br />(+19 for winning)
|l|☆zdarkfirex
|player|p2|
|l|☆rh4ank
|player|p1|
