|j|☆etherproselyte
|j|☆tgdztg
|t:|1779676993
|gametype|singles
|player|p1|etherproselyte|miku-water|1356
|player|p2|tgdztg|ingo|1289
|gen|9
|tier|[Gen 9] OU
|rated|
|rule|HP Percentage Mod: HP is shown in percentages
|rule|Endless Battle Clause: Forcing endless battles is banned
|rule|Species Clause: Limit one of each Pokémon
|rule|OHKO Clause: OHKO moves are banned
|rule|Evasion Items Clause: Evasion items are banned
|rule|Evasion Moves Clause: Evasion moves are banned
|rule|Evasion Abilities Clause: Evasion abilities are banned
|rule|Sleep Moves Clause: Sleep-inducing moves are banned
|clearpoke
|poke|p1|Ribombee, F|
|poke|p1|Glimmora, F|
|poke|p1|Iron Valiant|
|poke|p1|Iron Moth|
|poke|p1|Greninja-*, M|
|poke|p1|Gholdengo|
|poke|p2|Ogerpon-Wellspring, F|
|poke|p2|Great Tusk|
|poke|p2|Slowking-Galar, M|
|poke|p2|Raging Bolt|
|poke|p2|Corviknight, M|
|poke|p2|Iron Crown|
|teampreview
|inactive|Battle timer is ON: inactive players will automatically lose when time's up. (requested by etherproselyte)
|
|t:|1779677009
|teamsize|p1|6
|teamsize|p2|6
|start
|switch|p1a: lilac slumber|Ribombee, F, shiny|100/100
|switch|p2a: Iron Crown|Iron Crown|100/100
|-enditem|p2a: Iron Crown|Booster Energy
|-activate|p2a: Iron Crown|ability: Quark Drive|[fromitem]
|-start|p2a: Iron Crown|quarkdrivespa
|turn|1
|
|t:|1779677019
|move|p1a: lilac slumber|Sticky Web|p2a: Iron Crown
|-sidestart|p2: tgdztg|move: Sticky Web
|move|p2a: Iron Crown|Tachyon Cutter|p1a: lilac slumber
|-supereffective|p1a: lilac slumber
|-enditem|p1a: lilac slumber|Focus Sash
|-damage|p1a: lilac slumber|1/100
|-supereffective|p1a: lilac slumber
|-damage|p1a: lilac slumber|0 fnt
|faint|p1a: lilac slumber
|-hitcount|p1: lilac slumber|2
|
|upkeep
|
|t:|1779677023
|switch|p1a: alpine blue|Greninja, M|100/100
|turn|2
|
|t:|1779677041
|move|p1a: alpine blue|Swords Dance|p1a: alpine blue
|-boost|p1a: alpine blue|atk|2
|move|p2a: Iron Crown|Volt Switch|p1a: alpine blue
|-supereffective|p1a: alpine blue
|-enditem|p1a: alpine blue|Focus Sash
|-damage|p1a: alpine blue|1/100
|
|t:|1779677053
|-end|p2a: Iron Crown|Quark Drive|[silent]
|switch|p2a: Great Tusk|Great Tusk|100/100|[from] Volt Switch
|-activate|p2a: Great Tusk|move: Sticky Web
|-unboost|p2a: Great Tusk|spe|1
|
|upkeep
|turn|3
|
|t:|1779677060
|-terastallize|p2a: Great Tusk|Steel
|move|p1a: alpine blue|Liquidation|p2a: Great Tusk
|-damage|p2a: Great Tusk|53/100
|move|p2a: Great Tusk|Rapid Spin|p1a: alpine blue
|-damage|p1a: alpine blue|0 fnt
|-boost|p2a: Great Tusk|spe|1
|-sideend|p2: tgdztg|Sticky Web|[from] move: Rapid Spin|[of] p2a: Great Tusk
|faint|p1a: alpine blue
|
|-heal|p2a: Great Tusk|59/100|[from] item: Leftovers
|upkeep
|
|t:|1779677066
|switch|p1a: steam driven girl|Iron Moth|100/100
|-enditem|p1a: steam driven girl|Booster Energy
|-activate|p1a: steam driven girl|ability: Quark Drive|[fromitem]
|-start|p1a: steam driven girl|quarkdrivespa
|turn|4
|
|t:|1779677077
|-end|p2a: Great Tusk|Protosynthesis|[silent]
|switch|p2a: Slowking|Slowking-Galar, M|100/100
|move|p1a: steam driven girl|Fiery Dance|p2a: Slowking
|-damage|p2a: Slowking|75/100
|
|upkeep
|turn|5
|
|t:|1779677091
|move|p1a: steam driven girl|Fiery Dance|p2a: Slowking
|-damage|p2a: Slowking|49/100
|-boost|p1a: steam driven girl|spa|1
|move|p2a: Slowking|Eerie Spell|p1a: steam driven girl
|-supereffective|p1a: steam driven girl
|-damage|p1a: steam driven girl|24/100
|-activate|p1a: steam driven girl|move: Eerie Spell|Fiery Dance|3
|
|upkeep
|turn|6
|
|t:|1779677102
|move|p1a: steam driven girl|Fiery Dance|p2a: Slowking
|-damage|p2a: Slowking|12/100
|-boost|p1a: steam driven girl|spa|1
|move|p2a: Slowking|Eerie Spell|p1a: steam driven girl
|-supereffective|p1a: steam driven girl
|-damage|p1a: steam driven girl|0 fnt
|faint|p1a: steam driven girl
|-end|p1a: steam driven girl|Quark Drive|[silent]
|
|upkeep
|
|t:|1779677114
|switch|p1a: magnolia city|Iron Valiant, shiny|100/100
|-enditem|p1a: magnolia city|Booster Energy
|-activate|p1a: magnolia city|ability: Quark Drive|[fromitem]
|-start|p1a: magnolia city|quarkdrivespe
|turn|7
|
|t:|1779677124
|switch|p2a: Corviknight|Corviknight, M|100/100
|move|p1a: magnolia city|Substitute|p1a: magnolia city
|-start|p1a: magnolia city|Substitute
|-damage|p1a: magnolia city|76/100
|
|upkeep
|turn|8
|
|t:|1779677133
|move|p1a: magnolia city|Swords Dance|p1a: magnolia city
|-boost|p1a: magnolia city|atk|2
|move|p2a: Corviknight|U-turn|p1a: magnolia city
|-resisted|p1a: magnolia city
|-activate|p1a: magnolia city|move: Substitute|[damage]
|
|t:|1779677140
|switch|p2a: Slowking|Slowking-Galar, M|46/100|[from] U-turn
|
|upkeep
|turn|9
|inactive|etherproselyte has 120 seconds left.
|
|t:|1779677179
|move|p1a: magnolia city|Swords Dance|p1a: magnolia city
|-boost|p1a: magnolia city|atk|2
|move|p2a: Slowking|Eerie Spell|p1a: magnolia city
|-supereffective|p1a: magnolia city
|-damage|p1a: magnolia city|0 fnt
|faint|p1a: magnolia city
|-end|p1a: magnolia city|Quark Drive|[silent]
|
|upkeep
|
|t:|1779677188
|switch|p1a: dear ghost|Gholdengo, shiny|100/100
|turn|10
|
|t:|1779677194
|switch|p2a: Great Tusk|Great Tusk, tera:Steel|59/100
|move|p1a: dear ghost|Nasty Plot|p1a: dear ghost
|-boost|p1a: dear ghost|spa|2
|
|-heal|p2a: Great Tusk|65/100|[from] item: Leftovers
|upkeep
|turn|11
|
|t:|1779677203
|move|p1a: dear ghost|Shadow Ball|p2a: Great Tusk
|-damage|p2a: Great Tusk|0 fnt
|faint|p2a: Great Tusk
|-end|p2a: Great Tusk|Protosynthesis|[silent]
|
|upkeep
|
|t:|1779677211
|switch|p2a: Ogerpon|Ogerpon-Wellspring, F|100/100
|turn|12
|
|t:|1779677223
|move|p2a: Ogerpon|Knock Off|p1a: dear ghost
|-supereffective|p1a: dear ghost
|-damage|p1a: dear ghost|8/100
|-enditem|p1a: dear ghost|Shuca Berry|[from] move: Knock Off|[of] p2a: Ogerpon
|move|p1a: dear ghost|Shadow Ball|p2a: Ogerpon
|-crit|p2a: Ogerpon
|-damage|p2a: Ogerpon|0 fnt
|faint|p2a: Ogerpon
|
|upkeep
|
|t:|1779677233
|switch|p2a: Iron Crown|Iron Crown|100/100
|turn|13
|
|t:|1779677254
|move|p2a: Iron Crown|Tachyon Cutter|p1a: dear ghost
|-resisted|p1a: dear ghost
|-damage|p1a: dear ghost|0 fnt
|faint|p1a: dear ghost
|-hitcount|p1: dear ghost|1
|
|upkeep
|
|t:|1779677260
|switch|p1a: aphelion point|Glimmora, F|100/100
|turn|14
|
|t:|1779677264
|move|p1a: aphelion point|Stealth Rock|p2a: Iron Crown
|-sidestart|p2: tgdztg|move: Stealth Rock
|move|p2a: Iron Crown|Tachyon Cutter|p1a: aphelion point
|-supereffective|p1a: aphelion point
|-damage|p1a: aphelion point|26/100
|-supereffective|p1a: aphelion point
|-damage|p1a: aphelion point|0 fnt
|faint|p1a: aphelion point
|-hitcount|p1: aphelion point|2
|
|win|tgdztg
|raw|etherproselyte's rating: 1356 &rarr; <strong>1332</strong><br />(-24 for losing)
|raw|tgdztg's rating: 1289 &rarr; <strong>1319</strong><br />(+30 for winning)
|l|☆etherproselyte
|player|p1|
