|inactive|Battle timer is ON: inactive players will automatically lose when time's up.
|t:|1779648259
|gametype|singles
|player|p1|komisan777|dawn|
|player|p2|Zephyri|#zephyri|
|gen|9
|tier|[Gen 9] OU
|rule|HP Percentage Mod: HP is shown in percentages
|rule|Endless Battle Clause: Forcing endless battles is banned
|rule|Species Clause: Limit one of each Pokémon
|rule|OHKO Clause: OHKO moves are banned
|rule|Evasion Items Clause: Evasion items are banned
|rule|Evasion Moves Clause: Evasion moves are banned
|rule|Evasion Abilities Clause: Evasion abilities are banned
|rule|Sleep Moves Clause: Sleep-inducing moves are banned
|clearpoke
|poke|p1|Araquanid, M|
|poke|p1|Pecharunt|
|poke|p1|Great Tusk|
|poke|p1|Samurott-Hisui, F|
|poke|p1|Enamorus, F|
|poke|p1|Kyurem|
|poke|p2|Hatterene, F|
|poke|p2|Great Tusk|
|poke|p2|Tornadus-Therian, M|
|poke|p2|Kyurem|
|poke|p2|Slowking-Galar, M|
|poke|p2|Kingambit, F|
|teampreview
|inactive|komisan777 disconnected and has 300 seconds to reconnect!
|player|p1|
|c|☆Zephyri|Sorry for the delay
|inactive|komisan777 reconnected and has 300 seconds left.
|player|p1|komisan777|dawn|
|inactive|Zephyri has 270 seconds left.
|
|t:|1779648297
|teamsize|p1|6
|teamsize|p2|6
|start
|switch|p1a: Araquanid|Araquanid, M|100/100
|switch|p2a: Hatterene|Hatterene, F|100/100
|turn|1
|
|t:|1779648306
|move|p1a: Araquanid|Surf|p2a: Hatterene
|-damage|p2a: Hatterene|45/100
|move|p2a: Hatterene|Nuzzle|p1a: Araquanid
|-supereffective|p1a: Araquanid
|-damage|p1a: Araquanid|92/100
|-status|p1a: Araquanid|par
|
|upkeep
|turn|2
|
|t:|1779648322
|move|p2a: Hatterene|Pain Split|p1a: Araquanid
|-sethp|p1a: Araquanid|67/100 par|[from] move: Pain Split|[silent]
|-sethp|p2a: Hatterene|71/100|[from] move: Pain Split
|move|p1a: Araquanid|Surf|p2a: Hatterene
|-damage|p2a: Hatterene|14/100
|
|upkeep
|turn|3
|
|t:|1779648336
|move|p2a: Hatterene|Draining Kiss|p1a: Araquanid
|-damage|p1a: Araquanid|49/100 par
|-heal|p2a: Hatterene|28/100|[from] drain|[of] p1a: Araquanid
|move|p1a: Araquanid|Surf|p2a: Hatterene
|-damage|p2a: Hatterene|0 fnt
|faint|p2a: Hatterene
|
|upkeep
|
|t:|1779648338
|switch|p2a: Tornadus|Tornadus-Therian, M|100/100
|turn|4
|
|t:|1779648349
|cant|p1a: Araquanid|par
|move|p2a: Tornadus|Bleakwind Storm|p1a: Araquanid
|-supereffective|p1a: Araquanid
|-damage|p1a: Araquanid|0 fnt
|faint|p1a: Araquanid
|
|upkeep
|
|t:|1779648364
|switch|p1a: Kyurem|Kyurem|100/100
|-ability|p1a: Kyurem|Pressure
|turn|5
|
|t:|1779648368
|move|p2a: Tornadus|Knock Off|p1a: Kyurem
|-damage|p1a: Kyurem|80/100
|-enditem|p1a: Kyurem|Leftovers|[from] move: Knock Off|[of] p2a: Tornadus
|move|p1a: Kyurem|Substitute|p1a: Kyurem
|-start|p1a: Kyurem|Substitute
|-damage|p1a: Kyurem|55/100
|
|upkeep
|turn|6
|
|t:|1779648381
|move|p2a: Tornadus|Bleakwind Storm|p1a: Kyurem
|-end|p1a: Kyurem|Substitute
|move|p1a: Kyurem|Freeze-Dry|p2a: Tornadus
|-supereffective|p2a: Tornadus
|-damage|p2a: Tornadus|56/100
|
|upkeep
|turn|7
|
|t:|1779648387
|move|p2a: Tornadus|Bleakwind Storm|p1a: Kyurem|[miss]
|-miss|p2a: Tornadus|p1a: Kyurem
|move|p1a: Kyurem|Freeze-Dry|p2a: Tornadus
|-supereffective|p2a: Tornadus
|-damage|p2a: Tornadus|10/100
|
|upkeep
|turn|8
|
|t:|1779648397
|move|p2a: Tornadus|U-turn|p1a: Kyurem
|-damage|p1a: Kyurem|42/100
|
|t:|1779648400
|switch|p2a: Slowking|Slowking-Galar, M|100/100|[from] U-turn
|move|p1a: Kyurem|Freeze-Dry|p2a: Slowking
|-damage|p2a: Slowking|70/100
|
|-heal|p2a: Slowking|76/100|[from] item: Black Sludge
|upkeep
|turn|9
|inactive|komisan777 has 270 seconds left.
|
|t:|1779648433
|move|p1a: Kyurem|Earth Power|p2a: Slowking
|-supereffective|p2a: Slowking
|-damage|p2a: Slowking|29/100
|move|p2a: Slowking|Future Sight|p1a: Kyurem
|-start|p2a: Slowking|move: Future Sight
|
|-heal|p2a: Slowking|35/100|[from] item: Black Sludge
|upkeep
|turn|10
|inactive|Zephyri has 270 seconds left.
|
|t:|1779648471
|switch|p2a: Tornadus|Tornadus-Therian, M|43/100
|move|p1a: Kyurem|Earth Power|p2a: Tornadus
|-immune|p2a: Tornadus
|
|upkeep
|turn|11
|inactive|Zephyri has 270 seconds left.
|
|t:|1779648479
|move|p1a: Kyurem|Protect|p1a: Kyurem
|-singleturn|p1a: Kyurem|Protect
|move|p2a: Tornadus|U-turn|p1a: Kyurem
|-activate|p1a: Kyurem|move: Protect
|
|-end|p1a: Kyurem|move: Future Sight
|-damage|p1a: Kyurem|2/100
|upkeep
|turn|12
|
|t:|1779648487
|move|p2a: Tornadus|U-turn|p1a: Kyurem
|-damage|p1a: Kyurem|0 fnt
|faint|p1a: Kyurem
|
|t:|1779648496
|switch|p2a: Kyurem|Kyurem|100/100|[from] U-turn
|-ability|p2a: Kyurem|Pressure
|
|upkeep
|
|t:|1779648508
|switch|p1a: Enamorus|Enamorus, F|100/100
|turn|13
|
|t:|1779648532
|switch|p2a: Slowking|Slowking-Galar, M|68/100
|move|p1a: Enamorus|Earth Power|p2a: Slowking
|-supereffective|p2a: Slowking
|-damage|p2a: Slowking|0 fnt
|faint|p2a: Slowking
|
|upkeep
|inactive|Zephyri has 270 seconds left.
|
|t:|1779648558
|switch|p2a: Tornadus|Tornadus-Therian, M|77/100
|turn|14
|
|t:|1779648565
|switch|p1a: Pecharunt|Pecharunt|100/100
|-item|p1a: Pecharunt|Air Balloon
|move|p2a: Tornadus|Bleakwind Storm|p1a: Pecharunt
|-damage|p1a: Pecharunt|62/100
|-enditem|p1a: Pecharunt|Air Balloon
|
|upkeep
|turn|15
|
|t:|1779648572
|move|p2a: Tornadus|Bleakwind Storm|p1a: Pecharunt
|-damage|p1a: Pecharunt|23/100
|move|p1a: Pecharunt|Recover|p1a: Pecharunt
|-heal|p1a: Pecharunt|73/100
|
|upkeep
|turn|16
|
|t:|1779648577
|move|p2a: Tornadus|Bleakwind Storm|p1a: Pecharunt|[miss]
|-miss|p2a: Tornadus|p1a: Pecharunt
|move|p1a: Pecharunt|Malignant Chain|p2a: Tornadus
|-damage|p2a: Tornadus|55/100
|-status|p2a: Tornadus|tox
|-start|p2a: Tornadus|confusion|[from] ability: Poison Puppeteer|[of] p1a: Pecharunt
|
|-damage|p2a: Tornadus|49/100 tox|[from] psn
|upkeep
|turn|17
|
|t:|1779648580
|-activate|p2a: Tornadus|confusion
|-damage|p2a: Tornadus|39/100 tox|[from] confusion
|move|p1a: Pecharunt|Recover|p1a: Pecharunt
|-heal|p1a: Pecharunt|100/100
|
|-damage|p2a: Tornadus|27/100 tox|[from] psn
|upkeep
|turn|18
|
|t:|1779648588
|-activate|p2a: Tornadus|confusion
|move|p2a: Tornadus|U-turn|p1a: Pecharunt
|-resisted|p1a: Pecharunt
|-damage|p1a: Pecharunt|98/100
|
|t:|1779648590
|switch|p2a: Kingambit|Kingambit, F|100/100|[from] U-turn
|-activate|p2a: Kingambit|ability: Supreme Overlord
|-start|p2a: Kingambit|fallen2|[silent]
|move|p1a: Pecharunt|Shadow Ball|p2a: Kingambit
|-resisted|p2a: Kingambit
|-damage|p2a: Kingambit|88/100
|
|-heal|p2a: Kingambit|94/100|[from] item: Leftovers
|upkeep
|turn|19
|
|t:|1779648603
|switch|p1a: Great Tusk|Great Tusk|100/100
|move|p2a: Kingambit|Swords Dance|p2a: Kingambit
|-boost|p2a: Kingambit|atk|2
|
|-heal|p2a: Kingambit|100/100|[from] item: Leftovers
|upkeep
|turn|20
|inactive|Zephyri has 270 seconds left.
|
|t:|1779648637
|move|p1a: Great Tusk|Ice Spinner|p2a: Kingambit
|-resisted|p2a: Kingambit
|-damage|p2a: Kingambit|91/100
|move|p2a: Kingambit|Iron Head|p1a: Great Tusk
|-damage|p1a: Great Tusk|15/100
|
|-heal|p2a: Kingambit|97/100|[from] item: Leftovers
|upkeep
|turn|21
|
|t:|1779648642
|move|p2a: Kingambit|Sucker Punch|p1a: Great Tusk
|-resisted|p1a: Great Tusk
|-damage|p1a: Great Tusk|0 fnt
|faint|p1a: Great Tusk
|-end|p1a: Great Tusk|Protosynthesis|[silent]
|
|-heal|p2a: Kingambit|100/100|[from] item: Leftovers
|upkeep
|
|t:|1779648647
|switch|p1a: Samurott|Samurott-Hisui, F|100/100
|turn|22
|
|t:|1779648665
|move|p1a: Samurott|Razor Shell|p2a: Kingambit
|-damage|p2a: Kingambit|62/100
|move|p2a: Kingambit|Kowtow Cleave|p1a: Samurott
|-resisted|p1a: Samurott
|-damage|p1a: Samurott|25/100
|
|-heal|p2a: Kingambit|68/100|[from] item: Leftovers
|upkeep
|turn|23
|
|t:|1779648673
|move|p2a: Kingambit|Sucker Punch|p1a: Samurott
|-resisted|p1a: Samurott
|-damage|p1a: Samurott|0 fnt
|faint|p1a: Samurott
|
|-heal|p2a: Kingambit|74/100|[from] item: Leftovers
|upkeep
|
|t:|1779648679
|switch|p1a: Enamorus|Enamorus, F|100/100
|turn|24
|
|t:|1779648693
|move|p1a: Enamorus|Mystical Fire|p2a: Kingambit
|-supereffective|p2a: Kingambit
|-damage|p2a: Kingambit|0 fnt
|faint|p2a: Kingambit
|-end|p2a: Kingambit|fallen2|[silent]
|
|upkeep
|
|t:|1779648697
|switch|p2a: Kyurem|Kyurem|100/100
|-ability|p2a: Kyurem|Pressure
|turn|25
|
|t:|1779648711
|switch|p1a: Pecharunt|Pecharunt|98/100
|move|p2a: Kyurem|Ice Beam|p1a: Pecharunt
|-damage|p1a: Pecharunt|23/100
|
|upkeep
|turn|26
|
|t:|1779648718
|move|p2a: Kyurem|Ice Beam|p1a: Pecharunt
|-damage|p1a: Pecharunt|0 fnt
|faint|p1a: Pecharunt
|
|upkeep
|
|t:|1779648720
|switch|p1a: Enamorus|Enamorus, F|100/100
|turn|27
|
|t:|1779648726
|-terastallize|p1a: Enamorus|Fairy
|-terastallize|p2a: Kyurem|Ice
|move|p1a: Enamorus|Moonblast|p2a: Kyurem
|-damage|p2a: Kyurem|7/100
|move|p2a: Kyurem|Ice Beam|p1a: Enamorus
|-crit|p1a: Enamorus
|-damage|p1a: Enamorus|0 fnt
|faint|p1a: Enamorus
|
|win|Zephyri
