|j|☆AirForceThree
|j|☆cancelacion
|t:|1779705237
|gametype|singles
|player|p1|AirForceThree|unknownf|1086
|player|p2|cancelacion|scientist-gen4dp|1071
|gen|9
|tier|[Gen 9] OU
|rated|
|rule|HP Percentage Mod: HP is shown in percentages
|rule|Endless Battle Clause: Forcing endless battles is banned
|rule|Species Clause: Limit one of each Pokémon
|rule|OHKO Clause: OHKO moves are banned
|rule|Evasion Items Clause: Evasion items are banned
|rule|Evasion Moves Clause: Evasion moves are banned
|rule|Evasion Abilities Clause: Evasion abilities are banned
|rule|Sleep Moves Clause: Sleep-inducing moves are banned
|clearpoke
|poke|p1|Polteageist-Antique|
|poke|p1|Zoroark, M|
|poke|p1|Regieleki|
|poke|p1|Blastoise, M|
|poke|p1|Slowbro, M|
|poke|p1|Mew|
|poke|p2|Abomasnow, M|
|poke|p2|Mamoswine, M|
|poke|p2|Crabominable, M|
|poke|p2|Glalie, M|
|poke|p2|Ninetales-Alola, F|
|poke|p2|Weavile, F|
|teampreview
|
|t:|1779705242
|teamsize|p1|6
|teamsize|p2|6
|start
|switch|p1a: Vengeance plot|Polteageist-Antique, shiny|100/100
|switch|p2a: Abomasnow|Abomasnow, M, shiny|100/100
|-weather|Snowscape|[from] ability: Snow Warning|[of] p2a: Abomasnow
|turn|1
|inactive|Battle timer is ON: inactive players will automatically lose when time's up. (requested by cancelacion)
|
|t:|1779705252
|move|p1a: Vengeance plot|Shell Smash|p1a: Vengeance plot
|-unboost|p1a: Vengeance plot|def|1
|-unboost|p1a: Vengeance plot|spd|1
|-boost|p1a: Vengeance plot|atk|2
|-boost|p1a: Vengeance plot|spa|2
|-boost|p1a: Vengeance plot|spe|2
|move|p2a: Abomasnow|Aurora Veil|p2a: Abomasnow
|-sidestart|p2: cancelacion|move: Aurora Veil
|
|-weather|Snowscape|[upkeep]
|upkeep
|turn|2
|
|t:|1779705260
|move|p1a: Vengeance plot|Shell Smash|p1a: Vengeance plot
|-unboost|p1a: Vengeance plot|def|1
|-unboost|p1a: Vengeance plot|spd|1
|-boost|p1a: Vengeance plot|atk|2
|-boost|p1a: Vengeance plot|spa|2
|-boost|p1a: Vengeance plot|spe|2
|move|p2a: Abomasnow|Blizzard|p1a: Vengeance plot
|-damage|p1a: Vengeance plot|25/100
|
|-weather|Snowscape|[upkeep]
|upkeep
|turn|3
|
|t:|1779705270
|move|p1a: Vengeance plot|Stored Power|p2a: Abomasnow
|-damage|p2a: Abomasnow|0 fnt
|faint|p2a: Abomasnow
|
|-weather|Snowscape|[upkeep]
|upkeep
|
|t:|1779705290
|switch|p2a: Glalie|Glalie, M|100/100
|turn|4
|
|t:|1779705294
|move|p1a: Vengeance plot|Stored Power|p2a: Glalie
|-damage|p2a: Glalie|0 fnt
|faint|p2a: Glalie
|
|-weather|Snowscape|[upkeep]
|upkeep
|
|t:|1779705299
|switch|p2a: Weavile|Weavile, F|100/100
|-ability|p2a: Weavile|Pressure
|turn|5
|c|☆AirForceThree|Ice gym leader ahh
|
|t:|1779705312
|move|p1a: Vengeance plot|Stored Power|p2a: Weavile
|-immune|p2a: Weavile
|move|p2a: Weavile|Knock Off|p1a: Vengeance plot
|-supereffective|p1a: Vengeance plot
|-crit|p1a: Vengeance plot
|-damage|p1a: Vengeance plot|0 fnt
|-enditem|p1a: Vengeance plot|Focus Sash|[from] move: Knock Off|[of] p2a: Weavile
|faint|p1a: Vengeance plot
|
|-weather|Snowscape|[upkeep]
|-sideend|p2: cancelacion|move: Aurora Veil
|upkeep
|
|t:|1779705320
|switch|p1a: Panzer|Blastoise, M, shiny|100/100
|turn|6
|
|t:|1779705331
|move|p2a: Weavile|Upper Hand||[still]
|-fail|p2a: Weavile
|move|p1a: Panzer|Body Press|p2a: Weavile
|-supereffective|p2a: Weavile
|-damage|p2a: Weavile|9/100
|-enditem|p2a: Weavile|Aguav Berry|[eat]
|-heal|p2a: Weavile|42/100|[from] item: Aguav Berry
|
|-weather|Snowscape|[upkeep]
|upkeep
|turn|7
|
|t:|1779705341
|move|p2a: Weavile|Knock Off|p1a: Panzer
|-damage|p1a: Panzer|59/100
|-enditem|p1a: Panzer|Lagging Tail|[from] move: Knock Off|[of] p2a: Weavile
|move|p1a: Panzer|Body Press|p2a: Weavile
|-supereffective|p2a: Weavile
|-damage|p2a: Weavile|0 fnt
|faint|p2a: Weavile
|
|-weather|Snowscape|[upkeep]
|upkeep
|
|t:|1779705349
|switch|p2a: Crabominable|Crabominable, M|100/100
|turn|8
|
|t:|1779705355
|move|p1a: Panzer|Flash Cannon|p2a: Crabominable
|-supereffective|p2a: Crabominable
|-damage|p2a: Crabominable|54/100
|move|p2a: Crabominable|Thunder Punch|p1a: Panzer
|-supereffective|p1a: Panzer
|-damage|p1a: Panzer|0 fnt
|faint|p1a: Panzer
|
|-weather|none
|upkeep
|
|t:|1779705364
|switch|p1a: Tomfoolery|Mew|100/100
|turn|9
|
|t:|1779705375
|switch|p2a: Ninetales|Ninetales-Alola, F|100/100
|-weather|Snowscape|[from] ability: Snow Warning|[of] p2a: Ninetales
|move|p1a: Tomfoolery|Flamethrower|p2a: Ninetales
|-supereffective|p2a: Ninetales
|-damage|p2a: Ninetales|26/100
|
|-weather|Snowscape|[upkeep]
|upkeep
|turn|10
|
|t:|1779705385
|move|p2a: Ninetales|Dark Pulse|p1a: Tomfoolery
|-resisted|p1a: Tomfoolery
|-damage|p1a: Tomfoolery|83/100
|replace|p1a: VRC user|Zoroark, M
|-end|p1a: VRC user|Illusion
|move|p1a: VRC user|Flamethrower|p2a: Ninetales
|-supereffective|p2a: Ninetales
|-damage|p2a: Ninetales|0 fnt
|faint|p2a: Ninetales
|
|-weather|Snowscape|[upkeep]
|upkeep
|
|t:|1779705392
|switch|p2a: Crabominable|Crabominable, M|54/100
|turn|11
|
|t:|1779705398
|-terastallize|p2a: Crabominable|Water
|move|p1a: VRC user|Flamethrower|p2a: Crabominable
|-resisted|p2a: Crabominable
|-damage|p2a: Crabominable|38/100
|move|p2a: Crabominable|Drain Punch|p1a: VRC user
|-supereffective|p1a: VRC user
|-damage|p1a: VRC user|0 fnt
|-heal|p2a: Crabominable|72/100|[from] drain|[of] p1a: VRC user
|faint|p1a: VRC user
|
|-weather|Snowscape|[upkeep]
|upkeep
|
|t:|1779705410
|switch|p1a: Reverse flash|Regieleki|100/100
|turn|12
|
|t:|1779705413
|switch|p2a: Mamoswine|Mamoswine, M|100/100
|move|p1a: Reverse flash|Electro Ball|p2a: Mamoswine
|-immune|p2a: Mamoswine
|
|-weather|Snowscape|[upkeep]
|upkeep
|turn|13
|c|☆AirForceThree|Yikes
|
|t:|1779705426
|move|p1a: Reverse flash|Light Screen|p1a: Reverse flash
|-sidestart|p1: AirForceThree|move: Light Screen
|move|p2a: Mamoswine|Blizzard|p1a: Reverse flash
|-damage|p1a: Reverse flash|77/100
|
|-weather|Snowscape|[upkeep]
|upkeep
|turn|14
|
|t:|1779705434
|switch|p1a: GlobGoGabGalab|Slowbro, M|100/100
|move|p2a: Mamoswine|Body Press|p1a: GlobGoGabGalab
|-resisted|p1a: GlobGoGabGalab
|-damage|p1a: GlobGoGabGalab|93/100
|
|-weather|Snowscape|[upkeep]
|-heal|p1a: GlobGoGabGalab|99/100|[from] item: Leftovers
|upkeep
|turn|15
|
|t:|1779705446
|move|p2a: Mamoswine|Freeze-Dry|p1a: GlobGoGabGalab
|-supereffective|p1a: GlobGoGabGalab
|-damage|p1a: GlobGoGabGalab|77/100
|move|p1a: GlobGoGabGalab|Body Press|p2a: Mamoswine
|-supereffective|p2a: Mamoswine
|-damage|p2a: Mamoswine|78/100
|
|-weather|Snowscape|[upkeep]
|-heal|p2a: Mamoswine|84/100|[from] item: Leftovers
|-heal|p1a: GlobGoGabGalab|83/100|[from] item: Leftovers
|upkeep
|turn|16
|
|t:|1779705455
|switch|p2a: Crabominable|Crabominable, M, tera:Water|72/100
|move|p1a: GlobGoGabGalab|Calm Mind|p1a: GlobGoGabGalab
|-boost|p1a: GlobGoGabGalab|spa|1
|-boost|p1a: GlobGoGabGalab|spd|1
|
|-weather|none
|-heal|p1a: GlobGoGabGalab|89/100|[from] item: Leftovers
|upkeep
|turn|17
|
|t:|1779705464
|move|p2a: Crabominable|Thunder Punch|p1a: GlobGoGabGalab
|-supereffective|p1a: GlobGoGabGalab
|-damage|p1a: GlobGoGabGalab|35/100
|move|p1a: GlobGoGabGalab|Blizzard|p2a: Crabominable|[miss]
|-miss|p1a: GlobGoGabGalab|p2a: Crabominable
|
|-heal|p1a: GlobGoGabGalab|41/100|[from] item: Leftovers
|-sideend|p1: AirForceThree|move: Light Screen
|upkeep
|turn|18
|
|t:|1779705469
|move|p2a: Crabominable|Thunder Punch|p1a: GlobGoGabGalab
|-supereffective|p1a: GlobGoGabGalab
|-crit|p1a: GlobGoGabGalab
|-damage|p1a: GlobGoGabGalab|0 fnt
|faint|p1a: GlobGoGabGalab
|
|upkeep
|
|t:|1779705475
|switch|p1a: Reverse flash|Regieleki|77/100
|turn|19
|
|t:|1779705480
|switch|p2a: Mamoswine|Mamoswine, M|84/100
|move|p1a: Reverse flash|Protect||[still]
|-fail|p1a: Reverse flash
|
|-heal|p2a: Mamoswine|91/100|[from] item: Leftovers
|upkeep
|turn|20
|
|t:|1779705484
|move|p1a: Reverse flash|Acrobatics|p2a: Mamoswine
|-damage|p2a: Mamoswine|69/100
|move|p2a: Mamoswine|Stealth Rock|p1a: Reverse flash
|-sidestart|p1: AirForceThree|move: Stealth Rock
|
|-heal|p2a: Mamoswine|75/100|[from] item: Leftovers
|upkeep
|turn|21
|
|t:|1779705493
|switch|p1a: Tomfoolery|Mew|100/100
|-damage|p1a: Tomfoolery|88/100|[from] Stealth Rock
|move|p2a: Mamoswine|Body Press|p1a: Tomfoolery
|-resisted|p1a: Tomfoolery
|-damage|p1a: Tomfoolery|79/100
|
|-heal|p2a: Mamoswine|81/100|[from] item: Leftovers
|upkeep
|turn|22
|
|t:|1779705503
|switch|p2a: Crabominable|Crabominable, M, tera:Water|72/100
|-terastallize|p1a: Tomfoolery|Ghost
|move|p1a: Tomfoolery|Curse|p2a: Crabominable
|-start|p2a: Crabominable|Curse|[of] p1a: Tomfoolery
|-damage|p1a: Tomfoolery|29/100
|
|-damage|p2a: Crabominable|47/100|[from] Curse
|upkeep
|turn|23
|
|t:|1779705514
|move|p2a: Crabominable|Crabhammer|p1a: Tomfoolery
|-crit|p1a: Tomfoolery
|-damage|p1a: Tomfoolery|0 fnt
|faint|p1a: Tomfoolery
|
|-damage|p2a: Crabominable|22/100|[from] Curse
|upkeep
|
|t:|1779705517
|switch|p1a: Reverse flash|Regieleki|77/100
|-damage|p1a: Reverse flash|65/100|[from] Stealth Rock
|turn|24
|
|t:|1779705522
|move|p1a: Reverse flash|Light Screen|p1a: Reverse flash
|-sidestart|p1: AirForceThree|move: Light Screen
|move|p2a: Crabominable|Crabhammer|p1a: Reverse flash
|-damage|p1a: Reverse flash|0 fnt
|faint|p1a: Reverse flash
|
|win|cancelacion
|raw|AirForceThree's rating: 1086 &rarr; <strong>1062</strong><br />(-24 for losing)
|raw|cancelacion's rating: 1071 &rarr; <strong>1102</strong><br />(+31 for winning)
|l|☆AirForceThree
|player|p1|
|l|☆cancelacion
|player|p2|
