|inactive|Battle timer is ON: inactive players will automatically lose when time's up.
|badge|p1|silver|gen9ou|30-9
|uhtml|medal-msg|<div class="broadcast-blue">Curious what those medals under the avatar are? PS now has Ladder Seasons! For more information, check out the <a href="https://www.smogon.com/forums/threads/3740067/">thread on Smogon.</a></div>
|t:|1779567610
|gametype|singles
|player|p1|LT123VB 87|lucas|
|player|p2|skimmythegod|#wcop2024india|
|gen|9
|tier|[Gen 9] OU
|rule|HP Percentage Mod: HP is shown in percentages
|rule|Endless Battle Clause: Forcing endless battles is banned
|rule|Species Clause: Limit one of each Pokémon
|rule|OHKO Clause: OHKO moves are banned
|rule|Evasion Items Clause: Evasion items are banned
|rule|Evasion Moves Clause: Evasion moves are banned
|rule|Evasion Abilities Clause: Evasion abilities are banned
|rule|Sleep Moves Clause: Sleep-inducing moves are banned
|clearpoke
|poke|p1|Zamazenta-*|
|poke|p1|Glimmora, M|
|poke|p1|Ceruledge, F|
|poke|p1|Raging Bolt|
|poke|p1|Kingambit, F|
|poke|p1|Ogerpon-Wellspring, F|
|poke|p2|Great Tusk|
|poke|p2|Pecharunt|
|poke|p2|Gholdengo|
|poke|p2|Darkrai|
|poke|p2|Samurott-Hisui, M|
|poke|p2|Dragonite, M|
|teampreview
|inactive|LT123VB 87 has 270 seconds left.
|inactive|skimmythegod has 270 seconds left.
|
|t:|1779567656
|teamsize|p1|6
|teamsize|p2|6
|start
|switch|p1a: Zamazenta|Zamazenta|100/100
|switch|p2a: Great Tusk|Great Tusk|100/100
|-ability|p1a: Zamazenta|Dauntless Shield|boost
|-boost|p1a: Zamazenta|def|1
|turn|1
|
|t:|1779567670
|move|p1a: Zamazenta|Reflect|p1a: Zamazenta
|-sidestart|p1: LT123VB 87|Reflect
|move|p2a: Great Tusk|Stealth Rock|p1a: Zamazenta
|-sidestart|p1: LT123VB 87|move: Stealth Rock
|
|upkeep
|turn|2
|
|t:|1779567688
|move|p1a: Zamazenta|Light Screen|p1a: Zamazenta
|-sidestart|p1: LT123VB 87|move: Light Screen
|move|p2a: Great Tusk|Headlong Rush|p1a: Zamazenta
|-damage|p1a: Zamazenta|85/100
|-unboost|p2a: Great Tusk|def|1
|-unboost|p2a: Great Tusk|spd|1
|
|upkeep
|turn|3
|
|t:|1779567711
|switch|p1a: Glimmora|Glimmora, M|100/100
|-damage|p1a: Glimmora|88/100|[from] Stealth Rock
|-end|p2a: Great Tusk|Protosynthesis|[silent]
|switch|p2a: Pecharunt|Pecharunt|100/100
|
|upkeep
|turn|4
|
|t:|1779567736
|move|p1a: Glimmora|Mortal Spin|p2a: Pecharunt
|-resisted|p2a: Pecharunt
|-damage|p2a: Pecharunt|99/100
|-damage|p1a: Glimmora|72/100|[from] item: Rocky Helmet|[of] p2a: Pecharunt
|-sideend|p1: LT123VB 87|Stealth Rock|[from] move: Mortal Spin|[of] p1a: Glimmora
|move|p2a: Pecharunt|Parting Shot|p1a: Glimmora
|-unboost|p1a: Glimmora|atk|1
|-unboost|p1a: Glimmora|spa|1
|
|t:|1779567743
|switch|p2a: Great Tusk|Great Tusk|100/100|[from] Parting Shot
|
|upkeep
|turn|5
|
|t:|1779567746
|switch|p1a: Ogerpon|Ogerpon-Wellspring, F|100/100
|move|p2a: Great Tusk|Headlong Rush|p1a: Ogerpon
|-resisted|p1a: Ogerpon
|-damage|p1a: Ogerpon|79/100
|-unboost|p2a: Great Tusk|def|1
|-unboost|p2a: Great Tusk|spd|1
|
|upkeep
|turn|6
|
|t:|1779567757
|-end|p2a: Great Tusk|Protosynthesis|[silent]
|switch|p2a: Pecharunt|Pecharunt|99/100
|move|p1a: Ogerpon|Ivy Cudgel|p2a: Pecharunt|[anim] Ivy Cudgel Water
|-damage|p2a: Pecharunt|71/100
|
|upkeep
|turn|7
|
|t:|1779567764
|switch|p1a: Glimmora|Glimmora, M|72/100
|move|p2a: Pecharunt|Parting Shot|p1a: Glimmora
|-unboost|p1a: Glimmora|atk|1
|-unboost|p1a: Glimmora|spa|1
|
|t:|1779567767
|switch|p2a: Great Tusk|Great Tusk|100/100|[from] Parting Shot
|
|upkeep
|turn|8
|
|t:|1779567784
|move|p2a: Great Tusk|Stealth Rock|p1a: Glimmora
|-sidestart|p1: LT123VB 87|move: Stealth Rock
|move|p1a: Glimmora|Mortal Spin|p2a: Great Tusk
|-resisted|p2a: Great Tusk
|-damage|p2a: Great Tusk|99/100
|-status|p2a: Great Tusk|psn
|-sideend|p1: LT123VB 87|Stealth Rock|[from] move: Mortal Spin|[of] p1a: Glimmora
|
|-damage|p2a: Great Tusk|86/100 psn|[from] psn
|-sideend|p1: LT123VB 87|Reflect
|upkeep
|turn|9
|
|t:|1779567790
|switch|p1a: Ogerpon|Ogerpon-Wellspring, F|79/100
|move|p2a: Great Tusk|Stealth Rock|p1a: Ogerpon
|-sidestart|p1: LT123VB 87|move: Stealth Rock
|
|-damage|p2a: Great Tusk|74/100 psn|[from] psn
|-sideend|p1: LT123VB 87|move: Light Screen
|upkeep
|turn|10
|
|t:|1779567796
|-end|p2a: Great Tusk|Protosynthesis|[silent]
|switch|p2a: Pecharunt|Pecharunt|71/100
|move|p1a: Ogerpon|Ivy Cudgel|p2a: Pecharunt|[anim] Ivy Cudgel Water
|-damage|p2a: Pecharunt|42/100
|
|upkeep
|turn|11
|
|t:|1779567801
|move|p1a: Ogerpon|Taunt|p2a: Pecharunt
|-start|p2a: Pecharunt|move: Taunt
|cant|p2a: Pecharunt|move: Taunt|Recover
|
|upkeep
|turn|12
|
|t:|1779567806
|switch|p1a: Glimmora|Glimmora, M|72/100
|-damage|p1a: Glimmora|59/100|[from] Stealth Rock
|move|p2a: Pecharunt|Shadow Ball|p1a: Glimmora
|-damage|p1a: Glimmora|27/100
|
|upkeep
|turn|13
|
|t:|1779567814
|switch|p2a: Gholdengo|Gholdengo|100/100
|move|p1a: Glimmora|Meteor Beam||[still]
|-prepare|p1a: Glimmora|Meteor Beam
|-boost|p1a: Glimmora|spa|1
|-enditem|p1a: Glimmora|Power Herb
|-anim|p1a: Glimmora|Meteor Beam|p2a: Gholdengo
|-resisted|p2a: Gholdengo
|-damage|p2a: Gholdengo|47/100
|
|upkeep
|turn|14
|
|t:|1779567826
|move|p2a: Gholdengo|Shadow Ball|p1a: Glimmora
|-damage|p1a: Glimmora|0 fnt
|faint|p1a: Glimmora
|
|upkeep
|
|t:|1779567834
|switch|p1a: Zamazenta|Zamazenta|85/100
|-damage|p1a: Zamazenta|79/100|[from] Stealth Rock
|turn|15
|
|t:|1779567845
|move|p2a: Gholdengo|Shadow Ball|p1a: Zamazenta
|-damage|p1a: Zamazenta|48/100
|move|p1a: Zamazenta|Light Screen|p1a: Zamazenta
|-sidestart|p1: LT123VB 87|move: Light Screen
|
|upkeep
|turn|16
|
|t:|1779567849
|switch|p2a: Pecharunt|Pecharunt|42/100
|move|p1a: Zamazenta|Reflect|p1a: Zamazenta
|-sidestart|p1: LT123VB 87|Reflect
|
|upkeep
|turn|17
|
|t:|1779567851
|switch|p1a: Kingambit|Kingambit, F|100/100
|-damage|p1a: Kingambit|94/100|[from] Stealth Rock
|-activate|p1a: Kingambit|ability: Supreme Overlord
|-start|p1a: Kingambit|fallen1|[silent]
|move|p2a: Pecharunt|Recover|p2a: Pecharunt
|-heal|p2a: Pecharunt|92/100
|
|upkeep
|turn|18
|
|t:|1779567853
|move|p2a: Pecharunt|Parting Shot|p1a: Kingambit
|-unboost|p1a: Kingambit|atk|1
|-unboost|p1a: Kingambit|spa|1
|
|t:|1779567855
|switch|p2a: Dragonite|Dragonite, M|100/100|[from] Parting Shot
|move|p1a: Kingambit|Swords Dance|p1a: Kingambit
|-boost|p1a: Kingambit|atk|2
|
|upkeep
|turn|19
|
|t:|1779567864
|move|p2a: Dragonite|Dragon Dance|p2a: Dragonite
|-boost|p2a: Dragonite|atk|1
|-boost|p2a: Dragonite|spe|1
|move|p1a: Kingambit|Iron Head|p2a: Dragonite
|-damage|p2a: Dragonite|56/100
|-damage|p1a: Kingambit|84/100|[from] item: Life Orb
|
|upkeep
|turn|20
|
|t:|1779567867
|move|p2a: Dragonite|Roost|p2a: Dragonite
|-heal|p2a: Dragonite|100/100
|-singleturn|p2a: Dragonite|move: Roost
|move|p1a: Kingambit|Iron Head|p2a: Dragonite
|-damage|p2a: Dragonite|57/100
|-damage|p1a: Kingambit|74/100|[from] item: Life Orb
|
|upkeep
|turn|21
|
|t:|1779567875
|move|p2a: Dragonite|Roost|p2a: Dragonite
|-heal|p2a: Dragonite|100/100
|-singleturn|p2a: Dragonite|move: Roost
|move|p1a: Kingambit|Swords Dance|p1a: Kingambit
|-boost|p1a: Kingambit|atk|2
|
|upkeep
|turn|22
|
|t:|1779567879
|move|p2a: Dragonite|Earthquake|p1a: Kingambit
|-supereffective|p1a: Kingambit
|-damage|p1a: Kingambit|28/100
|move|p1a: Kingambit|Iron Head|p2a: Dragonite
|-damage|p2a: Dragonite|33/100
|-damage|p1a: Kingambit|18/100|[from] item: Life Orb
|
|-sideend|p1: LT123VB 87|move: Light Screen
|upkeep
|turn|23
|
|t:|1779567896
|move|p2a: Dragonite|Extreme Speed|p1a: Kingambit
|-resisted|p1a: Kingambit
|-damage|p1a: Kingambit|8/100
|move|p1a: Kingambit|Iron Head|p2a: Dragonite
|-damage|p2a: Dragonite|0 fnt
|faint|p2a: Dragonite
|-damage|p1a: Kingambit|0 fnt|[from] item: Life Orb
|faint|p1a: Kingambit
|-end|p1a: Kingambit|fallen1|[silent]
|
|-sideend|p1: LT123VB 87|Reflect
|upkeep
|
|t:|1779567914
|switch|p2a: Great Tusk|Great Tusk|74/100 psn
|switch|p1a: Ogerpon|Ogerpon-Wellspring, F|79/100
|-damage|p1a: Ogerpon|66/100|[from] Stealth Rock
|turn|24
|
|t:|1779567925
|switch|p1a: Zamazenta|Zamazenta|48/100
|-damage|p1a: Zamazenta|42/100|[from] Stealth Rock
|-end|p2a: Great Tusk|Protosynthesis|[silent]
|switch|p2a: Pecharunt|Pecharunt|92/100
|
|upkeep
|turn|25
|
|t:|1779567928
|move|p1a: Zamazenta|Light Screen|p1a: Zamazenta
|-sidestart|p1: LT123VB 87|move: Light Screen
|move|p2a: Pecharunt|Toxic|p1a: Zamazenta
|-status|p1a: Zamazenta|tox
|-start|p1a: Zamazenta|confusion|[from] ability: Poison Puppeteer|[of] p2a: Pecharunt
|
|-damage|p1a: Zamazenta|36/100 tox|[from] psn
|upkeep
|turn|26
|
|t:|1779567932
|-activate|p1a: Zamazenta|confusion
|move|p1a: Zamazenta|Reflect|p1a: Zamazenta
|-sidestart|p1: LT123VB 87|Reflect
|move|p2a: Pecharunt|Toxic|p1a: Zamazenta
|-fail|p1a: Zamazenta|tox
|
|-damage|p1a: Zamazenta|23/100 tox|[from] psn
|upkeep
|turn|27
|
|t:|1779567936
|-activate|p1a: Zamazenta|confusion
|move|p1a: Zamazenta|Ice Fang|p2a: Pecharunt
|-damage|p2a: Pecharunt|84/100
|-damage|p1a: Zamazenta|7/100 tox|[from] item: Rocky Helmet|[of] p2a: Pecharunt
|move|p2a: Pecharunt|Toxic|p1a: Zamazenta
|-fail|p1a: Zamazenta|tox
|
|-damage|p1a: Zamazenta|0 fnt|[from] psn
|faint|p1a: Zamazenta
|upkeep
|
|t:|1779567942
|switch|p1a: Ceruledge|Ceruledge, F|100/100
|-damage|p1a: Ceruledge|76/100|[from] Stealth Rock
|turn|28
|
|t:|1779567956
|move|p2a: Pecharunt|Toxic|p1a: Ceruledge
|-status|p1a: Ceruledge|tox
|-start|p1a: Ceruledge|confusion|[from] ability: Poison Puppeteer|[of] p2a: Pecharunt
|-activate|p1a: Ceruledge|confusion
|move|p1a: Ceruledge|Swords Dance|p1a: Ceruledge
|-boost|p1a: Ceruledge|atk|2
|
|-damage|p1a: Ceruledge|70/100 tox|[from] psn
|upkeep
|turn|29
|
|t:|1779567973
|move|p2a: Pecharunt|Recover|p2a: Pecharunt
|-heal|p2a: Pecharunt|100/100
|-activate|p1a: Ceruledge|confusion
|move|p1a: Ceruledge|Poltergeist|p2a: Pecharunt
|-activate|p2a: Pecharunt|move: Poltergeist|Rocky Helmet
|-supereffective|p2a: Pecharunt
|-damage|p2a: Pecharunt|0 fnt
|faint|p2a: Pecharunt
|-damage|p1a: Ceruledge|60/100 tox|[from] item: Life Orb
|
|-damage|p1a: Ceruledge|48/100 tox|[from] psn
|upkeep
|
|t:|1779567980
|switch|p2a: Samurott|Samurott-Hisui, M|100/100
|turn|30
|
|t:|1779567994
|move|p2a: Samurott|Sucker Punch|p1a: Ceruledge
|-supereffective|p1a: Ceruledge
|-damage|p1a: Ceruledge|17/100 tox
|-ability|p1a: Ceruledge|Weak Armor|boost
|-unboost|p1a: Ceruledge|def|1
|-boost|p1a: Ceruledge|spe|2
|-activate|p1a: Ceruledge|confusion
|move|p1a: Ceruledge|Bitter Blade|p2a: Samurott
|-resisted|p2a: Samurott
|-damage|p2a: Samurott|24/100
|-heal|p1a: Ceruledge|57/100 tox|[from] drain|[of] p2a: Samurott
|-damage|p1a: Ceruledge|47/100 tox|[from] item: Life Orb
|
|-damage|p1a: Ceruledge|29/100 tox|[from] psn
|upkeep
|turn|31
|
|t:|1779568009
|-activate|p1a: Ceruledge|confusion
|move|p1a: Ceruledge|Shadow Sneak|p2a: Samurott
|-resisted|p2a: Samurott
|-crit|p2a: Samurott
|-damage|p2a: Samurott|0 fnt
|faint|p2a: Samurott
|-damage|p1a: Ceruledge|20/100 tox|[from] item: Life Orb
|
|-damage|p1a: Ceruledge|0 fnt|[from] psn
|faint|p1a: Ceruledge
|upkeep
|
|t:|1779568022
|switch|p2a: Gholdengo|Gholdengo|47/100
|switch|p1a: Ogerpon|Ogerpon-Wellspring, F|66/100
|-damage|p1a: Ogerpon|54/100|[from] Stealth Rock
|turn|32
|
|t:|1779568029
|move|p2a: Gholdengo|Shadow Ball|p1a: Ogerpon
|-damage|p1a: Ogerpon|28/100
|-unboost|p1a: Ogerpon|spd|1
|move|p1a: Ogerpon|Ivy Cudgel|p2a: Gholdengo|[anim] Ivy Cudgel Water
|-damage|p2a: Gholdengo|0 fnt
|faint|p2a: Gholdengo
|
|-sideend|p1: LT123VB 87|move: Light Screen
|upkeep
|
|t:|1779568036
|switch|p2a: Darkrai|Darkrai|100/100
|turn|33
|
|t:|1779568044
|move|p2a: Darkrai|Dark Pulse|p1a: Ogerpon
|-damage|p1a: Ogerpon|0 fnt
|faint|p1a: Ogerpon
|
|-sideend|p1: LT123VB 87|Reflect
|upkeep
|
|t:|1779568046
|switch|p1a: Raging Bolt|Raging Bolt|100/100
|-damage|p1a: Raging Bolt|88/100|[from] Stealth Rock
|-enditem|p1a: Raging Bolt|Booster Energy
|-activate|p1a: Raging Bolt|ability: Protosynthesis|[fromitem]
|-start|p1a: Raging Bolt|protosynthesisspa
|turn|34
|inactive|skimmythegod has 270 seconds left.
|
|t:|1779568083
|-terastallize|p2a: Darkrai|Dark
|-terastallize|p1a: Raging Bolt|Fairy
|move|p2a: Darkrai|Dark Pulse|p1a: Raging Bolt
|-resisted|p1a: Raging Bolt
|-damage|p1a: Raging Bolt|58/100
|move|p1a: Raging Bolt|Calm Mind|p1a: Raging Bolt
|-boost|p1a: Raging Bolt|spa|1
|-boost|p1a: Raging Bolt|spd|1
|
|upkeep
|turn|35
|inactive|skimmythegod has 270 seconds left.
|inactive|LT123VB 87 has 270 seconds left.
|inactive|skimmythegod has 240 seconds left.
|
|t:|1779568128
|move|p1a: Raging Bolt|Thunderclap|p2a: Darkrai
|-damage|p2a: Darkrai|0 fnt
|faint|p2a: Darkrai
|
|upkeep
|
|t:|1779568130
|switch|p2a: Great Tusk|Great Tusk|74/100 psn
|turn|36
|
|t:|1779568133
|move|p2a: Great Tusk|Headlong Rush|p1a: Raging Bolt
|-damage|p1a: Raging Bolt|7/100
|-unboost|p2a: Great Tusk|def|1
|-unboost|p2a: Great Tusk|spd|1
|move|p1a: Raging Bolt|Dragon Pulse|p2a: Great Tusk
|-damage|p2a: Great Tusk|0 fnt
|faint|p2a: Great Tusk
|-end|p2a: Great Tusk|Protosynthesis|[silent]
|
|win|LT123VB 87
