|j|☆hithe0
|j|☆ohko by scald
|t:|1779635021
|gametype|singles
|player|p1|hithe0|1|1391
|player|p2|ohko by scald|roxie-masters|1382
|gen|9
|tier|[Gen 9] OU
|rated|
|rule|HP Percentage Mod: HP is shown in percentages
|rule|Endless Battle Clause: Forcing endless battles is banned
|rule|Species Clause: Limit one of each Pokémon
|rule|OHKO Clause: OHKO moves are banned
|rule|Evasion Items Clause: Evasion items are banned
|rule|Evasion Moves Clause: Evasion moves are banned
|rule|Evasion Abilities Clause: Evasion abilities are banned
|rule|Sleep Moves Clause: Sleep-inducing moves are banned
|clearpoke
|poke|p1|Lokix, F|
|poke|p1|Iron Boulder|
|poke|p1|Gholdengo|
|poke|p1|Garchomp, M|
|poke|p1|Rotom-Wash|
|poke|p1|Weezing-Galar, F|
|poke|p2|Cloyster, M|
|poke|p2|Toxtricity, F|
|poke|p2|Dragapult, F|
|poke|p2|Hawlucha, F|
|poke|p2|Rillaboom, F|
|poke|p2|Heatran, M|
|teampreview
|inactive|Battle timer is ON: inactive players will automatically lose when time's up. (requested by ohko by scald)
|
|t:|1779635048
|teamsize|p1|6
|teamsize|p2|6
|start
|switch|p1a: Kuzuryū|Rotom-Wash|100/100
|switch|p2a: Cloyst|Cloyster, M|100/100
|turn|1
|
|t:|1779635059
|move|p1a: Kuzuryū|Thunder Wave|p2a: Cloyst
|-status|p2a: Cloyst|par
|move|p2a: Cloyst|Spikes|p1a: Kuzuryū
|-sidestart|p1: hithe0|Spikes
|
|upkeep
|turn|2
|c|☆hithe0|Ur not shell smash?
|c|☆hithe0|Damn
|
|t:|1779635083
|move|p1a: Kuzuryū|Volt Switch|p2a: Cloyst
|-supereffective|p2a: Cloyst
|-enditem|p2a: Cloyst|Focus Sash
|-damage|p2a: Cloyst|1/100 par
|inactive|hithe0 has 120 seconds left.
|
|t:|1779635113
|switch|p1a: Zero-One|Lokix, F, shiny|100/100|[from] Volt Switch
|-damage|p1a: Zero-One|88/100|[from] Spikes
|move|p2a: Cloyst|Icicle Spear|p1a: Zero-One
|-damage|p1a: Zero-One|72/100
|-damage|p1a: Zero-One|55/100
|-damage|p1a: Zero-One|38/100
|-crit|p1a: Zero-One
|-damage|p1a: Zero-One|11/100
|-damage|p1a: Zero-One|0 fnt
|faint|p1a: Zero-One
|-hitcount|p1: Zero-One|5
|
|upkeep
|
|t:|1779635137
|switch|p1a: Iron Boulder|Iron Boulder|100/100
|-damage|p1a: Iron Boulder|88/100|[from] Spikes
|-enditem|p1a: Iron Boulder|Booster Energy
|-activate|p1a: Iron Boulder|ability: Quark Drive|[fromitem]
|-start|p1a: Iron Boulder|quarkdrivespe
|turn|3
|
|t:|1779635153
|move|p1a: Iron Boulder|Mighty Cleave|p2a: Cloyst
|-supereffective|p2a: Cloyst
|-damage|p2a: Cloyst|0 fnt
|faint|p2a: Cloyst
|
|upkeep
|
|t:|1779635164
|switch|p2a: MF BOOM 2|Rillaboom, F|100/100
|-fieldstart|move: Grassy Terrain|[from] ability: Grassy Surge|[of] p2a: MF BOOM 2
|turn|4
|inactive|hithe0 has 90 seconds left.
|
|t:|1779635201
|-end|p1a: Iron Boulder|Quark Drive|[silent]
|switch|p1a: Vanish Fafnir|Garchomp, M|100/100
|-damage|p1a: Vanish Fafnir|88/100|[from] Spikes
|move|p2a: MF BOOM 2|Knock Off|p1a: Vanish Fafnir
|-crit|p1a: Vanish Fafnir
|-damage|p1a: Vanish Fafnir|35/100
|-damage|p2a: MF BOOM 2|88/100|[from] ability: Rough Skin|[of] p1a: Vanish Fafnir
|-damage|p2a: MF BOOM 2|72/100|[from] item: Rocky Helmet|[of] p1a: Vanish Fafnir
|-enditem|p1a: Vanish Fafnir|Rocky Helmet|[from] move: Knock Off|[of] p2a: MF BOOM 2
|
|-heal|p2a: MF BOOM 2|78/100|[from] Grassy Terrain
|-heal|p1a: Vanish Fafnir|41/100|[from] Grassy Terrain
|upkeep
|turn|5
|inactive|ohko by scald has 120 seconds left.
|
|t:|1779635229
|switch|p2a: John Cena|Hawlucha, F|100/100
|-enditem|p2a: John Cena|Grassy Seed
|-boost|p2a: John Cena|def|1|[from] item: Grassy Seed
|move|p1a: Vanish Fafnir|Stealth Rock|p2a: John Cena
|-sidestart|p2: ohko by scald|move: Stealth Rock
|
|-heal|p1a: Vanish Fafnir|48/100|[from] Grassy Terrain
|upkeep
|turn|6
|
|t:|1779635239
|move|p2a: John Cena|Encore|p1a: Vanish Fafnir
|-start|p1a: Vanish Fafnir|Encore
|move|p1a: Vanish Fafnir|Stealth Rock||[still]
|-fail|p1a: Vanish Fafnir
|
|-heal|p1a: Vanish Fafnir|54/100|[from] Grassy Terrain
|upkeep
|turn|7
|
|t:|1779635246
|switch|p1a: Isambard|Weezing-Galar, F|100/100
|move|p2a: John Cena|Swords Dance|p2a: John Cena
|-boost|p2a: John Cena|atk|2
|
|upkeep
|turn|8
|
|t:|1779635254
|move|p2a: John Cena|Acrobatics|p1a: Isambard
|-damage|p1a: Isambard|40/100
|-damage|p2a: John Cena|84/100|[from] item: Rocky Helmet|[of] p1a: Isambard
|move|p1a: Isambard|Will-O-Wisp|p2a: John Cena|[miss]
|-miss|p1a: Isambard|p2a: John Cena
|
|-fieldend|move: Grassy Terrain
|upkeep
|turn|9
|c|☆hithe0|BROOOOO
|c|☆hithe0|OMDDDDDD
|inactive|hithe0 has 90 seconds left.
|
|t:|1779635280
|move|p2a: John Cena|Acrobatics|p1a: Isambard
|-damage|p1a: Isambard|0 fnt
|-damage|p2a: John Cena|67/100|[from] item: Rocky Helmet|[of] p1a: Isambard
|faint|p1a: Isambard
|
|upkeep
|
|t:|1779635284
|switch|p1a: Vanish Fafnir|Garchomp, M|54/100
|-damage|p1a: Vanish Fafnir|41/100|[from] Spikes
|turn|10
|
|t:|1779635290
|move|p2a: John Cena|Acrobatics|p1a: Vanish Fafnir
|-damage|p1a: Vanish Fafnir|0 fnt
|-damage|p2a: John Cena|55/100|[from] ability: Rough Skin|[of] p1a: Vanish Fafnir
|faint|p1a: Vanish Fafnir
|
|upkeep
|inactive|hithe0 has 90 seconds left.
|
|t:|1779635305
|switch|p1a: Kuzuryū|Rotom-Wash|100/100
|turn|11
|inactive|hithe0 has 90 seconds left.
|l|☆hithe0
|inactive|hithe0 disconnected and has a minute to reconnect!
|player|p1|
|j|☆hithe0
|inactive|hithe0 reconnected and has 80 seconds left.
|player|p1|hithe0|1|
|
|t:|1779635329
|move|p2a: John Cena|Close Combat|p1a: Kuzuryū
|-damage|p1a: Kuzuryū|0 fnt
|-unboost|p2a: John Cena|def|1
|-unboost|p2a: John Cena|spd|1
|faint|p1a: Kuzuryū
|
|upkeep
|
|t:|1779635339
|switch|p1a: Cheestrings|Gholdengo, shiny|100/100
|-damage|p1a: Cheestrings|88/100|[from] Spikes
|turn|12
|
|t:|1779635350
|move|p2a: John Cena|Acrobatics|p1a: Cheestrings
|-resisted|p1a: Cheestrings
|-damage|p1a: Cheestrings|50/100
|move|p1a: Cheestrings|Recover|p1a: Cheestrings
|-heal|p1a: Cheestrings|100/100
|
|upkeep
|turn|13
|
|t:|1779635360
|move|p2a: John Cena|Encore|p1a: Cheestrings
|-immune|p1a: Cheestrings|[from] ability: Good as Gold
|move|p1a: Cheestrings|Nasty Plot|p1a: Cheestrings
|-boost|p1a: Cheestrings|spa|2
|
|upkeep
|turn|14
|c|☆hithe0|Holdon
|
|t:|1779635376
|switch|p2a: 700°C iron ball|Heatran, M, shiny|100/100
|-damage|p2a: 700°C iron ball|88/100|[from] Stealth Rock
|move|p1a: Cheestrings|Nasty Plot|p1a: Cheestrings
|-boost|p1a: Cheestrings|spa|2
|
|-heal|p2a: 700°C iron ball|94/100|[from] item: Leftovers
|upkeep
|turn|15
|
|t:|1779635390
|move|p2a: 700°C iron ball|Magma Storm|p1a: Cheestrings|[miss]
|-miss|p2a: 700°C iron ball|p1a: Cheestrings
|move|p1a: Cheestrings|Shadow Ball|p2a: 700°C iron ball
|-damage|p2a: 700°C iron ball|0 fnt
|faint|p2a: 700°C iron ball
|
|upkeep
|
|t:|1779635399
|switch|p2a: MF BOOM 2|Rillaboom, F|78/100
|-damage|p2a: MF BOOM 2|66/100|[from] Stealth Rock
|-fieldstart|move: Grassy Terrain|[from] ability: Grassy Surge|[of] p2a: MF BOOM 2
|turn|16
|
|t:|1779635406
|move|p2a: MF BOOM 2|Knock Off|p1a: Cheestrings
|-supereffective|p1a: Cheestrings
|-damage|p1a: Cheestrings|18/100
|-enditem|p1a: Cheestrings|Leftovers|[from] move: Knock Off|[of] p2a: MF BOOM 2
|move|p1a: Cheestrings|Shadow Ball|p2a: MF BOOM 2
|-damage|p2a: MF BOOM 2|0 fnt
|faint|p2a: MF BOOM 2
|
|-heal|p1a: Cheestrings|24/100|[from] Grassy Terrain
|upkeep
|
|t:|1779635411
|switch|p2a: Dragapult|Dragapult, F|100/100
|turn|17
|c|☆hithe0|Max speed rilal
|c|☆hithe0|Son
|inactive|hithe0 has 120 seconds left.
|
|t:|1779635422
|move|p2a: Dragapult|Hex|p1a: Cheestrings
|-supereffective|p1a: Cheestrings
|-damage|p1a: Cheestrings|0 fnt
|faint|p1a: Cheestrings
|
|upkeep
|
|t:|1779635423
|switch|p1a: Iron Boulder|Iron Boulder|88/100
|-damage|p1a: Iron Boulder|76/100|[from] Spikes
|turn|18
|inactive|hithe0 has 120 seconds left.
|
|t:|1779635441
|-terastallize|p1a: Iron Boulder|Fighting
|move|p2a: Dragapult|U-turn|p1a: Iron Boulder
|-resisted|p1a: Iron Boulder
|-damage|p1a: Iron Boulder|63/100
|
|t:|1779635448
|switch|p2a: MF BOOM|Toxtricity, F|100/100|[from] U-turn
|-damage|p2a: MF BOOM|88/100|[from] Stealth Rock
|move|p1a: Iron Boulder|Mighty Cleave|p2a: MF BOOM
|-damage|p2a: MF BOOM|9/100
|
|-heal|p1a: Iron Boulder|70/100|[from] Grassy Terrain
|-heal|p2a: MF BOOM|15/100|[from] Grassy Terrain
|upkeep
|turn|19
|
|t:|1779635459
|move|p1a: Iron Boulder|Mighty Cleave|p2a: MF BOOM
|-damage|p2a: MF BOOM|0 fnt
|faint|p2a: MF BOOM
|
|-heal|p1a: Iron Boulder|76/100|[from] Grassy Terrain
|upkeep
|
|t:|1779635471
|switch|p2a: Dragapult|Dragapult, F|100/100
|turn|20
|
|t:|1779635476
|move|p2a: Dragapult|Will-O-Wisp|p1a: Iron Boulder
|-status|p1a: Iron Boulder|brn
|move|p1a: Iron Boulder|Mighty Cleave|p2a: Dragapult
|-damage|p2a: Dragapult|66/100
|
|-heal|p2a: Dragapult|72/100|[from] Grassy Terrain
|-heal|p1a: Iron Boulder|82/100 brn|[from] Grassy Terrain
|-damage|p1a: Iron Boulder|76/100 brn|[from] brn
|-fieldend|move: Grassy Terrain
|upkeep
|turn|21
|
|t:|1779635484
|move|p2a: Dragapult|Hex|p1a: Iron Boulder
|-damage|p1a: Iron Boulder|20/100 brn
|move|p1a: Iron Boulder|Mighty Cleave|p2a: Dragapult
|-damage|p2a: Dragapult|41/100
|
|-damage|p1a: Iron Boulder|13/100 brn|[from] brn
|upkeep
|turn|22
|
|t:|1779635489
|move|p2a: Dragapult|Hex|p1a: Iron Boulder
|-damage|p1a: Iron Boulder|0 fnt
|faint|p1a: Iron Boulder
|-end|p1a: Iron Boulder|Quark Drive|[silent]
|
|win|ohko by scald
|raw|hithe0's rating: 1391 &rarr; <strong>1370</strong><br />(-21 for losing)
|raw|ohko by scald's rating: 1382 &rarr; <strong>1403</strong><br />(+21 for winning)
