|j|☆panzershock
|j|☆CnBCheezy
|t:|1779715516
|gametype|singles
|player|p1|panzershock|102|1214
|player|p2|CnBCheezy|policeman-gen4|1274
|gen|9
|tier|[Gen 9] OU
|rated|
|rule|HP Percentage Mod: HP is shown in percentages
|rule|Endless Battle Clause: Forcing endless battles is banned
|rule|Species Clause: Limit one of each Pokémon
|rule|OHKO Clause: OHKO moves are banned
|rule|Evasion Items Clause: Evasion items are banned
|rule|Evasion Moves Clause: Evasion moves are banned
|rule|Evasion Abilities Clause: Evasion abilities are banned
|rule|Sleep Moves Clause: Sleep-inducing moves are banned
|clearpoke
|poke|p1|Houndoom, M|
|poke|p1|Wo-Chien|
|poke|p1|Gardevoir, M|
|poke|p1|Hitmontop, M|
|poke|p1|Manaphy|
|poke|p1|Venusaur, M|
|poke|p2|Scizor, M|
|poke|p2|Heatran, M|
|poke|p2|Gallade, M|
|poke|p2|Pecharunt|
|poke|p2|Latios, M|
|poke|p2|Houndoom, M|
|teampreview
|inactive|Battle timer is ON: inactive players will automatically lose when time's up. (requested by CnBCheezy)
|
|t:|1779715530
|teamsize|p1|6
|teamsize|p2|6
|start
|switch|p1a: Hitmontop|Hitmontop, M|100/100
|switch|p2a: Pecharunt|Pecharunt|100/100
|turn|1
|
|t:|1779715538
|switch|p1a: Venusaur|Venusaur, M|100/100
|move|p2a: Pecharunt|Toxic|p1a: Venusaur
|-immune|p1a: Venusaur
|
|upkeep
|turn|2
|
|t:|1779715545
|move|p1a: Venusaur|Leech Seed|p2a: Pecharunt
|-start|p2a: Pecharunt|move: Leech Seed
|move|p2a: Pecharunt|Parting Shot|p1a: Venusaur
|-unboost|p1a: Venusaur|atk|1
|-unboost|p1a: Venusaur|spa|1
|
|t:|1779715551
|switch|p2a: Heatran|Heatran, M, shiny|100/100|[from] Parting Shot
|
|upkeep
|turn|3
|
|t:|1779715557
|move|p1a: Venusaur|Leech Seed|p2a: Heatran
|-start|p2a: Heatran|move: Leech Seed
|move|p2a: Heatran|Stealth Rock|p1a: Venusaur
|-sidestart|p1: panzershock|move: Stealth Rock
|
|-damage|p2a: Heatran|88/100|[from] Leech Seed|[of] p1a: Venusaur
|upkeep
|turn|4
|
|t:|1779715565
|switch|p1a: Hitmontop|Hitmontop, M|100/100
|-damage|p1a: Hitmontop|95/100|[from] Stealth Rock
|move|p2a: Heatran|Flamethrower|p1a: Hitmontop
|-damage|p1a: Hitmontop|70/100
|
|-damage|p2a: Heatran|76/100|[from] Leech Seed|[of] p1a: Hitmontop
|-heal|p1a: Hitmontop|86/100|[silent]
|upkeep
|turn|5
|
|t:|1779715575
|switch|p2a: Pecharunt|Pecharunt|100/100
|move|p1a: Hitmontop|Bulldoze|p2a: Pecharunt
|-supereffective|p2a: Pecharunt
|-damage|p2a: Pecharunt|73/100
|-unboost|p2a: Pecharunt|spe|1
|
|upkeep
|turn|6
|
|t:|1779715589
|switch|p1a: Venusaur|Venusaur, M|100/100
|-damage|p1a: Venusaur|88/100|[from] Stealth Rock
|move|p2a: Pecharunt|Malignant Chain|p1a: Venusaur
|-damage|p1a: Venusaur|50/100
|
|upkeep
|turn|7
|
|t:|1779715598
|move|p1a: Venusaur|Knock Off|p2a: Pecharunt
|-supereffective|p2a: Pecharunt
|-damage|p2a: Pecharunt|54/100
|-damage|p1a: Venusaur|34/100|[from] item: Rocky Helmet|[of] p2a: Pecharunt
|-enditem|p2a: Pecharunt|Rocky Helmet|[from] move: Knock Off|[of] p1a: Venusaur
|move|p2a: Pecharunt|Malignant Chain|p1a: Venusaur
|-damage|p1a: Venusaur|1/100
|
|upkeep
|turn|8
|
|t:|1779715611
|move|p1a: Venusaur|Leech Seed|p2a: Pecharunt|[miss]
|-miss|p1a: Venusaur|p2a: Pecharunt
|move|p2a: Pecharunt|Malignant Chain|p1a: Venusaur
|-damage|p1a: Venusaur|0 fnt
|faint|p1a: Venusaur
|
|upkeep
|
|t:|1779715624
|switch|p1a: Manaphy|Manaphy|100/100
|-damage|p1a: Manaphy|88/100|[from] Stealth Rock
|turn|9
|
|t:|1779715633
|move|p1a: Manaphy|Aqua Ring|p1a: Manaphy
|-start|p1a: Manaphy|Aqua Ring
|move|p2a: Pecharunt|Toxic|p1a: Manaphy
|-status|p1a: Manaphy|tox
|-start|p1a: Manaphy|confusion|[from] ability: Poison Puppeteer|[of] p2a: Pecharunt
|
|-heal|p1a: Manaphy|94/100 tox|[from] item: Leftovers
|-heal|p1a: Manaphy|100/100 tox|[from] Aqua Ring
|-damage|p1a: Manaphy|94/100 tox|[from] psn
|upkeep
|turn|10
|
|t:|1779715643
|-activate|p1a: Manaphy|confusion
|-damage|p1a: Manaphy|89/100 tox|[from] confusion
|move|p2a: Pecharunt|Parting Shot|p1a: Manaphy
|-unboost|p1a: Manaphy|atk|1
|-unboost|p1a: Manaphy|spa|1
|
|t:|1779715648
|switch|p2a: Gallade|Gallade, M, shiny|100/100|[from] Parting Shot
|
|-heal|p1a: Manaphy|95/100 tox|[from] item: Leftovers
|-heal|p1a: Manaphy|100/100 tox|[from] Aqua Ring
|-damage|p1a: Manaphy|88/100 tox|[from] psn
|upkeep
|turn|11
|
|t:|1779715656
|switch|p1a: Wo-Chien|Wo-Chien|100/100
|-damage|p1a: Wo-Chien|88/100|[from] Stealth Rock
|-ability|p1a: Wo-Chien|Tablets of Ruin
|move|p2a: Gallade|Swords Dance|p2a: Gallade
|-boost|p2a: Gallade|atk|2
|
|upkeep
|turn|12
|
|t:|1779715668
|-terastallize|p2a: Gallade|Steel
|move|p2a: Gallade|Sacred Sword|p1a: Wo-Chien
|-supereffective|p1a: Wo-Chien
|-damage|p1a: Wo-Chien|0 fnt
|faint|p1a: Wo-Chien
|
|upkeep
|
|t:|1779715675
|switch|p1a: Hitmontop|Hitmontop, M|86/100
|-damage|p1a: Hitmontop|80/100|[from] Stealth Rock
|turn|13
|
|t:|1779715680
|move|p1a: Hitmontop|Mach Punch|p2a: Gallade
|-supereffective|p2a: Gallade
|-damage|p2a: Gallade|22/100
|move|p2a: Gallade|Psycho Cut|p1a: Hitmontop
|-supereffective|p1a: Hitmontop
|-damage|p1a: Hitmontop|0 fnt
|faint|p1a: Hitmontop
|
|-heal|p2a: Gallade|28/100|[from] item: Leftovers
|upkeep
|
|t:|1779715686
|switch|p1a: Houndoom|Houndoom, M|100/100
|-damage|p1a: Houndoom|76/100|[from] Stealth Rock
|turn|14
|
|t:|1779715700
|switch|p2a: Houndoom|Houndoom, M, shiny|100/100
|move|p1a: Houndoom|Flame Charge|p2a: Houndoom
|-start|p2a: Houndoom|ability: Flash Fire
|
|upkeep
|turn|15
|
|t:|1779715708
|move|p2a: Houndoom|Dark Pulse|p1a: Houndoom
|-resisted|p1a: Houndoom
|-damage|p1a: Houndoom|49/100
|cant|p1a: Houndoom|flinch
|
|upkeep
|turn|16
|
|t:|1779715714
|move|p1a: Houndoom|Destiny Bond|p1a: Houndoom
|-singlemove|p1a: Houndoom|Destiny Bond
|move|p2a: Houndoom|Dark Pulse|p1a: Houndoom
|-resisted|p1a: Houndoom
|-damage|p1a: Houndoom|22/100
|
|upkeep
|turn|17
|
|t:|1779715722
|move|p2a: Houndoom|Dark Pulse|p1a: Houndoom
|-resisted|p1a: Houndoom
|-damage|p1a: Houndoom|0 fnt
|faint|p1a: Houndoom
|-activate|p1a: Houndoom|move: Destiny Bond
|faint|p2a: Houndoom
|
|upkeep
|
|t:|1779715737
|switch|p2a: Latios|Latios, M, shiny|100/100
|switch|p1a: Gardevoir|Gardevoir, M|100/100
|-damage|p1a: Gardevoir|88/100|[from] Stealth Rock
|-ability|p1a: Gardevoir|Levitate|Trace|[from] ability: Trace|[of] p2a: Latios
|turn|18
|
|t:|1779715745
|move|p1a: Gardevoir|Calm Mind|p1a: Gardevoir
|-boost|p1a: Gardevoir|spa|1
|-boost|p1a: Gardevoir|spd|1
|move|p2a: Latios|Light Screen|p2a: Latios
|-sidestart|p2: CnBCheezy|move: Light Screen
|
|upkeep
|turn|19
|
|t:|1779715750
|switch|p2a: Scizor|Scizor, M|100/100
|move|p1a: Gardevoir|Calm Mind|p1a: Gardevoir
|-boost|p1a: Gardevoir|spa|1
|-boost|p1a: Gardevoir|spd|1
|
|upkeep
|turn|20
|
|t:|1779715759
|-terastallize|p1a: Gardevoir|Psychic
|move|p2a: Scizor|Bullet Punch|p1a: Gardevoir
|-damage|p1a: Gardevoir|24/100
|move|p1a: Gardevoir|Mystical Fire|p2a: Scizor
|-supereffective|p2a: Scizor
|-damage|p2a: Scizor|0 fnt
|faint|p2a: Scizor
|
|upkeep
|
|t:|1779715768
|switch|p2a: Gallade|Gallade, M, shiny, tera:Steel|28/100
|turn|21
|
|t:|1779715771
|move|p1a: Gardevoir|Vacuum Wave|p2a: Gallade
|-supereffective|p2a: Gallade
|-damage|p2a: Gallade|8/100
|move|p2a: Gallade|Shadow Sneak|p1a: Gardevoir
|-supereffective|p1a: Gardevoir
|-damage|p1a: Gardevoir|0 fnt
|faint|p1a: Gardevoir
|
|-heal|p2a: Gallade|14/100|[from] item: Leftovers
|upkeep
|
|t:|1779715779
|switch|p1a: Manaphy|Manaphy|88/100 tox
|-damage|p1a: Manaphy|76/100 tox|[from] Stealth Rock
|turn|22
|
|t:|1779715787
|move|p2a: Gallade|Shadow Sneak|p1a: Manaphy
|-damage|p1a: Manaphy|69/100 tox
|move|p1a: Manaphy|Take Heart|p1a: Manaphy
|-boost|p1a: Manaphy|spa|1
|-boost|p1a: Manaphy|spd|1
|-curestatus|p1a: Manaphy|tox|[msg]
|
|-heal|p1a: Manaphy|75/100|[from] item: Leftovers
|-heal|p2a: Gallade|20/100|[from] item: Leftovers
|upkeep
|turn|23
|
|t:|1779715798
|move|p1a: Manaphy|Scald|p2a: Gallade
|-damage|p2a: Gallade|5/100
|move|p2a: Gallade|Psycho Cut|p1a: Manaphy
|-damage|p1a: Manaphy|44/100
|
|-heal|p1a: Manaphy|50/100|[from] item: Leftovers
|-heal|p2a: Gallade|11/100|[from] item: Leftovers
|upkeep
|turn|24
|
|t:|1779715806
|move|p1a: Manaphy|Aqua Ring|p1a: Manaphy
|-start|p1a: Manaphy|Aqua Ring
|move|p2a: Gallade|Psycho Cut|p1a: Manaphy
|-damage|p1a: Manaphy|21/100
|
|-heal|p1a: Manaphy|27/100|[from] item: Leftovers
|-heal|p2a: Gallade|17/100|[from] item: Leftovers
|-heal|p1a: Manaphy|33/100|[from] Aqua Ring
|upkeep
|turn|25
|
|t:|1779715813
|move|p1a: Manaphy|Scald|p2a: Gallade
|-damage|p2a: Gallade|3/100
|-status|p2a: Gallade|brn
|move|p2a: Gallade|Psycho Cut|p1a: Manaphy
|-damage|p1a: Manaphy|18/100
|
|-heal|p1a: Manaphy|24/100|[from] item: Leftovers
|-heal|p2a: Gallade|9/100 brn|[from] item: Leftovers
|-heal|p1a: Manaphy|30/100|[from] Aqua Ring
|-damage|p2a: Gallade|3/100 brn|[from] brn
|-sideend|p2: CnBCheezy|move: Light Screen
|upkeep
|turn|26
|
|t:|1779715826
|move|p1a: Manaphy|Take Heart|p1a: Manaphy
|-boost|p1a: Manaphy|spa|1
|-boost|p1a: Manaphy|spd|1
|move|p2a: Gallade|Psycho Cut|p1a: Manaphy
|-damage|p1a: Manaphy|15/100
|
|-heal|p1a: Manaphy|21/100|[from] item: Leftovers
|-heal|p2a: Gallade|9/100 brn|[from] item: Leftovers
|-heal|p1a: Manaphy|27/100|[from] Aqua Ring
|-damage|p2a: Gallade|3/100 brn|[from] brn
|upkeep
|turn|27
|
|t:|1779715837
|move|p1a: Manaphy|Take Heart|p1a: Manaphy
|-boost|p1a: Manaphy|spa|1
|-boost|p1a: Manaphy|spd|1
|move|p2a: Gallade|Psycho Cut|p1a: Manaphy
|-damage|p1a: Manaphy|12/100
|
|-heal|p1a: Manaphy|18/100|[from] item: Leftovers
|-heal|p2a: Gallade|9/100 brn|[from] item: Leftovers
|-heal|p1a: Manaphy|24/100|[from] Aqua Ring
|-damage|p2a: Gallade|3/100 brn|[from] brn
|upkeep
|turn|28
|
|t:|1779715853
|switch|p2a: Pecharunt|Pecharunt|54/100
|move|p1a: Manaphy|Take Heart|p1a: Manaphy
|-boost|p1a: Manaphy|spa|1
|-boost|p1a: Manaphy|spd|1
|
|-heal|p1a: Manaphy|30/100|[from] item: Leftovers
|-heal|p1a: Manaphy|36/100|[from] Aqua Ring
|upkeep
|turn|29
|
|t:|1779715861
|move|p1a: Manaphy|Scald|p2a: Pecharunt
|-damage|p2a: Pecharunt|0 fnt
|faint|p2a: Pecharunt
|
|-heal|p1a: Manaphy|43/100|[from] item: Leftovers
|-heal|p1a: Manaphy|49/100|[from] Aqua Ring
|upkeep
|
|t:|1779715868
|switch|p2a: Latios|Latios, M, shiny|100/100
|turn|30
|
|t:|1779715874
|move|p2a: Latios|Light Screen|p2a: Latios
|-sidestart|p2: CnBCheezy|move: Light Screen
|move|p1a: Manaphy|Knock Off|p2a: Latios
|-supereffective|p2a: Latios
|-damage|p2a: Latios|50/100
|-enditem|p2a: Latios|Light Clay|[from] move: Knock Off|[of] p1a: Manaphy
|
|-heal|p1a: Manaphy|55/100|[from] item: Leftovers
|-heal|p1a: Manaphy|61/100|[from] Aqua Ring
|upkeep
|turn|31
|
|t:|1779715882
|move|p2a: Latios|Luster Purge|p1a: Manaphy
|-damage|p1a: Manaphy|48/100
|-unboost|p1a: Manaphy|spd|1
|move|p1a: Manaphy|Knock Off|p2a: Latios
|-supereffective|p2a: Latios
|-damage|p2a: Latios|16/100
|
|-heal|p1a: Manaphy|54/100|[from] item: Leftovers
|-heal|p1a: Manaphy|60/100|[from] Aqua Ring
|upkeep
|turn|32
|
|t:|1779715891
|move|p2a: Latios|Chilling Water|p1a: Manaphy
|-resisted|p1a: Manaphy
|-damage|p1a: Manaphy|57/100
|-unboost|p1a: Manaphy|atk|1
|move|p1a: Manaphy|Knock Off|p2a: Latios
|-supereffective|p2a: Latios
|-damage|p2a: Latios|0 fnt
|faint|p2a: Latios
|
|-heal|p1a: Manaphy|64/100|[from] item: Leftovers
|-heal|p1a: Manaphy|70/100|[from] Aqua Ring
|upkeep
|
|t:|1779715903
|switch|p2a: Heatran|Heatran, M, shiny|76/100
|turn|33
|
|t:|1779715910
|move|p1a: Manaphy|Take Heart|p1a: Manaphy
|-boost|p1a: Manaphy|spa|1
|-boost|p1a: Manaphy|spd|1
|move|p2a: Heatran|Will-O-Wisp|p1a: Manaphy
|-status|p1a: Manaphy|brn
|
|-heal|p1a: Manaphy|76/100 brn|[from] item: Leftovers
|-heal|p1a: Manaphy|82/100 brn|[from] Aqua Ring
|-damage|p1a: Manaphy|76/100 brn|[from] brn
|upkeep
|turn|34
|
|t:|1779715922
|move|p1a: Manaphy|Take Heart|p1a: Manaphy
|-boost|p1a: Manaphy|spa|1
|-boost|p1a: Manaphy|spd|1
|-curestatus|p1a: Manaphy|brn|[msg]
|move|p2a: Heatran|Earth Power|p1a: Manaphy
|-damage|p1a: Manaphy|69/100
|
|-heal|p1a: Manaphy|75/100|[from] item: Leftovers
|-heal|p1a: Manaphy|82/100|[from] Aqua Ring
|upkeep
|turn|35
|-message|CnBCheezy forfeited.
|
|win|panzershock
|raw|panzershock's rating: 1214 &rarr; <strong>1243</strong><br />(+29 for winning)
|raw|CnBCheezy's rating: 1274 &rarr; <strong>1245</strong><br />(-29 for losing)
|l|☆CnBCheezy
|player|p2|
|l|☆panzershock
|player|p1|
