|j|☆dreddred5
|j|☆Satoshi248
|t:|1779599349
|gametype|singles
|player|p1|dreddred5|clay|1106
|player|p2|Satoshi248|hilbert|1127
|gen|9
|tier|[Gen 9] OU
|rated|
|rule|HP Percentage Mod: HP is shown in percentages
|rule|Endless Battle Clause: Forcing endless battles is banned
|rule|Species Clause: Limit one of each Pokémon
|rule|OHKO Clause: OHKO moves are banned
|rule|Evasion Items Clause: Evasion items are banned
|rule|Evasion Moves Clause: Evasion moves are banned
|rule|Evasion Abilities Clause: Evasion abilities are banned
|rule|Sleep Moves Clause: Sleep-inducing moves are banned
|clearpoke
|poke|p1|Kyurem|
|poke|p1|Blaziken, M|
|poke|p1|Gholdengo|
|poke|p1|Great Tusk|
|poke|p1|Slowking-Galar, M|
|poke|p1|Corviknight, F|
|poke|p2|Greninja-*, M|
|poke|p2|Porygon2|
|poke|p2|Garchomp, M|
|poke|p2|Arcanine, F|
|poke|p2|Blissey, F|
|poke|p2|Skarmory, M|
|teampreview
|
|t:|1779599363
|teamsize|p1|6
|teamsize|p2|6
|start
|switch|p1a: Great Tusk|Great Tusk|100/100
|switch|p2a: Porygon2|Porygon2, shiny|100/100
|turn|1
|
|t:|1779599373
|-end|p1a: Great Tusk|Protosynthesis|[silent]
|switch|p1a: Slowking|Slowking-Galar, M|100/100
|move|p2a: Porygon2|Ice Beam|p1a: Slowking
|-damage|p1a: Slowking|81/100
|
|upkeep
|turn|2
|
|t:|1779599386
|switch|p2a: Skarmory|Skarmory, M|100/100
|move|p1a: Slowking|Future Sight|p2a: Skarmory
|-start|p1a: Slowking|move: Future Sight
|
|upkeep
|turn|3
|
|t:|1779599399
|move|p2a: Skarmory|Spikes|p1a: Slowking
|-sidestart|p1: dreddred5|Spikes
|-prepare|p1a: Slowking|Chilly Reception|[premajor]
|move|p1a: Slowking|Chilly Reception|p1a: Slowking
|-weather|Snowscape
|
|t:|1779599404
|switch|p1a: Blaziken|Blaziken, M|100/100|[from] Chilly Reception
|-damage|p1a: Blaziken|88/100|[from] Spikes
|
|-weather|Snowscape|[upkeep]
|upkeep
|turn|4
|inactive|Battle timer is ON: inactive players will automatically lose when time's up. (requested by dreddred5)
|
|t:|1779599433
|switch|p2a: Arcanine|Arcanine, F|100/100
|-ability|p2a: Arcanine|Intimidate|boost
|-unboost|p1a: Blaziken|atk|1
|move|p1a: Blaziken|Swords Dance|p1a: Blaziken
|-boost|p1a: Blaziken|atk|2
|
|-weather|Snowscape|[upkeep]
|-end|p2a: Arcanine|move: Future Sight
|-damage|p2a: Arcanine|40/100
|-ability|p1a: Blaziken|Speed Boost|boost
|-boost|p1a: Blaziken|spe|1
|upkeep
|turn|5
|
|t:|1779599453
|-terastallize|p2a: Arcanine|Normal
|move|p1a: Blaziken|Protect|p1a: Blaziken
|-singleturn|p1a: Blaziken|Protect
|move|p2a: Arcanine|Extreme Speed|p1a: Blaziken
|-activate|p1a: Blaziken|move: Protect
|
|-weather|Snowscape|[upkeep]
|-ability|p1a: Blaziken|Speed Boost|boost
|-boost|p1a: Blaziken|spe|1
|upkeep
|turn|6
|
|t:|1779599463
|move|p2a: Arcanine|Extreme Speed|p1a: Blaziken
|-damage|p1a: Blaziken|11/100
|-damage|p2a: Arcanine|30/100|[from] item: Life Orb
|move|p1a: Blaziken|Flare Blitz|p2a: Arcanine
|-damage|p2a: Arcanine|0 fnt
|faint|p2a: Arcanine
|-damage|p1a: Blaziken|1/100|[from] Recoil
|-damage|p1a: Blaziken|0 fnt|[from] item: Life Orb
|faint|p1a: Blaziken
|
|-weather|Snowscape|[upkeep]
|upkeep
|inactive|Satoshi248 has 120 seconds left.
|
|t:|1779599482
|switch|p2a: Skarmory|Skarmory, M|100/100
|switch|p1a: Great Tusk|Great Tusk|100/100
|turn|7
|
|t:|1779599489
|move|p1a: Great Tusk|Rapid Spin|p2a: Skarmory
|-resisted|p2a: Skarmory
|-damage|p2a: Skarmory|95/100
|-boost|p1a: Great Tusk|spe|1
|-damage|p1a: Great Tusk|84/100|[from] item: Rocky Helmet|[of] p2a: Skarmory
|-sideend|p1: dreddred5|Spikes|[from] move: Rapid Spin|[of] p1a: Great Tusk
|move|p2a: Skarmory|Iron Defense|p2a: Skarmory
|-boost|p2a: Skarmory|def|2
|
|-weather|none
|upkeep
|turn|8
|
|t:|1779599500
|move|p1a: Great Tusk|Stealth Rock|p2a: Skarmory
|-sidestart|p2: Satoshi248|move: Stealth Rock
|move|p2a: Skarmory|Iron Defense|p2a: Skarmory
|-boost|p2a: Skarmory|def|2
|
|upkeep
|turn|9
|
|t:|1779599507
|-end|p1a: Great Tusk|Protosynthesis|[silent]
|switch|p1a: Corviknight|Corviknight, F|100/100
|-ability|p1a: Corviknight|Pressure
|move|p2a: Skarmory|Spikes|p1a: Corviknight
|-sidestart|p1: dreddred5|Spikes
|
|upkeep
|turn|10
|
|t:|1779599514
|move|p2a: Skarmory|Spikes|p1a: Corviknight
|-sidestart|p1: dreddred5|Spikes
|move|p1a: Corviknight|U-turn|p2a: Skarmory
|-resisted|p2a: Skarmory
|-damage|p2a: Skarmory|95/100
|-damage|p1a: Corviknight|84/100|[from] item: Rocky Helmet|[of] p2a: Skarmory
|
|t:|1779599519
|switch|p1a: Gholdengo|Gholdengo|100/100|[from] U-turn
|-damage|p1a: Gholdengo|84/100|[from] Spikes
|
|upkeep
|turn|11
|
|t:|1779599537
|move|p1a: Gholdengo|Shadow Ball|p2a: Skarmory
|-damage|p2a: Skarmory|33/100
|-unboost|p2a: Skarmory|spd|1
|move|p2a: Skarmory|Spikes|p1a: Gholdengo
|-sidestart|p1: dreddred5|Spikes
|
|upkeep
|turn|12
|
|t:|1779599548
|switch|p2a: Porygon2|Porygon2, shiny|100/100
|-damage|p2a: Porygon2|88/100|[from] Stealth Rock
|move|p1a: Gholdengo|Shadow Ball|p2a: Porygon2
|-immune|p2a: Porygon2
|
|upkeep
|turn|13
|
|t:|1779599558
|switch|p1a: Slowking|Slowking-Galar, M|100/100
|move|p2a: Porygon2|Tri Attack|p1a: Slowking
|-crit|p1a: Slowking
|-damage|p1a: Slowking|62/100
|-status|p1a: Slowking|par
|
|upkeep
|turn|14
|
|t:|1779599570
|move|p2a: Porygon2|Tri Attack|p1a: Slowking
|-damage|p1a: Slowking|41/100 par
|-prepare|p1a: Slowking|Chilly Reception|[premajor]
|move|p1a: Slowking|Chilly Reception|p1a: Slowking
|-weather|Snowscape
|
|t:|1779599575
|switch|p1a: Great Tusk|Great Tusk|84/100|[from] Chilly Reception
|
|-weather|Snowscape|[upkeep]
|upkeep
|turn|15
|
|t:|1779599581
|move|p1a: Great Tusk|Rapid Spin|p2a: Porygon2
|-damage|p2a: Porygon2|77/100
|-boost|p1a: Great Tusk|spe|1
|-sideend|p1: dreddred5|Spikes|[from] move: Rapid Spin|[of] p1a: Great Tusk
|move|p2a: Porygon2|Ice Beam|p1a: Great Tusk
|-supereffective|p1a: Great Tusk
|-damage|p1a: Great Tusk|0 fnt
|faint|p1a: Great Tusk
|-end|p1a: Great Tusk|Protosynthesis|[silent]
|
|-weather|Snowscape|[upkeep]
|upkeep
|
|t:|1779599594
|switch|p1a: Kyurem|Kyurem|100/100
|-ability|p1a: Kyurem|Pressure
|turn|16
|
|t:|1779599610
|move|p1a: Kyurem|Dragon Dance|p1a: Kyurem
|-boost|p1a: Kyurem|atk|1
|-boost|p1a: Kyurem|spe|1
|move|p2a: Porygon2|Tri Attack|p1a: Kyurem
|-damage|p1a: Kyurem|57/100
|
|-weather|Snowscape|[upkeep]
|upkeep
|turn|17
|
|t:|1779599621
|move|p1a: Kyurem|Icicle Spear|p2a: Porygon2
|-damage|p2a: Porygon2|64/100
|-damage|p2a: Porygon2|50/100
|-damage|p2a: Porygon2|36/100
|-hitcount|p2a: Porygon2|3
|move|p2a: Porygon2|Tri Attack|p1a: Kyurem
|-damage|p1a: Kyurem|12/100
|
|-weather|Snowscape|[upkeep]
|upkeep
|turn|18
|
|t:|1779599632
|-terastallize|p1a: Kyurem|Ice
|move|p1a: Kyurem|Icicle Spear|p2a: Porygon2
|-damage|p2a: Porygon2|16/100
|-crit|p2a: Porygon2
|-damage|p2a: Porygon2|0 fnt
|faint|p2a: Porygon2
|-hitcount|p2: Porygon2|2
|
|-weather|none
|upkeep
|
|t:|1779599644
|switch|p2a: Greninja|Greninja, M|100/100
|-damage|p2a: Greninja|88/100|[from] Stealth Rock
|turn|19
|
|t:|1779599652
|move|p1a: Kyurem|Freeze-Dry|p2a: Greninja
|-supereffective|p2a: Greninja
|-damage|p2a: Greninja|0 fnt
|faint|p2a: Greninja
|
|upkeep
|
|t:|1779599664
|switch|p2a: Blissey|Blissey, F|100/100
|-damage|p2a: Blissey|88/100|[from] Stealth Rock
|turn|20
|
|t:|1779599670
|move|p2a: Blissey|Protect|p2a: Blissey
|-singleturn|p2a: Blissey|Protect
|move|p1a: Kyurem|Icicle Spear|p2a: Blissey
|-activate|p2a: Blissey|move: Protect
|
|-heal|p2a: Blissey|94/100|[from] item: Leftovers
|upkeep
|turn|21
|
|t:|1779599678
|move|p1a: Kyurem|Icicle Spear|p2a: Blissey
|-damage|p2a: Blissey|38/100
|-damage|p2a: Blissey|0 fnt
|faint|p2a: Blissey
|-hitcount|p2: Blissey|2
|
|upkeep
|
|t:|1779599684
|switch|p2a: Skarmory|Skarmory, M|33/100
|-damage|p2a: Skarmory|20/100|[from] Stealth Rock
|turn|22
|
|t:|1779599691
|move|p1a: Kyurem|Freeze-Dry|p2a: Skarmory
|-damage|p2a: Skarmory|0 fnt
|faint|p2a: Skarmory
|
|upkeep
|
|t:|1779599696
|switch|p2a: Garchomp|Garchomp, M|100/100
|-damage|p2a: Garchomp|94/100|[from] Stealth Rock
|turn|23
|
|t:|1779599701
|move|p1a: Kyurem|Icicle Spear|p2a: Garchomp
|-supereffective|p2a: Garchomp
|-damage|p2a: Garchomp|0 fnt
|faint|p2a: Garchomp
|-hitcount|p2: Garchomp|1
|
|win|dreddred5
|raw|dreddred5's rating: 1106 &rarr; <strong>1133</strong><br />(+27 for winning)
|raw|Satoshi248's rating: 1127 &rarr; <strong>1100</strong><br />(-27 for losing)
|l|☆Satoshi248
|player|p2|
|l|☆dreddred5
|player|p1|
