|j|☆lkysyts
|j|☆dooozdzdz
|t:|1779675546
|gametype|singles
|player|p1|lkysyts|linebacker|1545
|player|p2|dooozdzdz|cilan|1637
|gen|9
|tier|[Gen 9] OU
|rated|
|rule|HP Percentage Mod: HP is shown in percentages
|rule|Endless Battle Clause: Forcing endless battles is banned
|rule|Species Clause: Limit one of each Pokémon
|rule|OHKO Clause: OHKO moves are banned
|rule|Evasion Items Clause: Evasion items are banned
|rule|Evasion Moves Clause: Evasion moves are banned
|rule|Evasion Abilities Clause: Evasion abilities are banned
|rule|Sleep Moves Clause: Sleep-inducing moves are banned
|clearpoke
|poke|p1|Tinkaton, F|
|poke|p1|Ogerpon, F|
|poke|p1|Great Tusk|
|poke|p1|Pecharunt|
|poke|p1|Alomomola, M|
|poke|p1|Hydreigon, M|
|poke|p2|Pincurchin, M|
|poke|p2|Iron Boulder|
|poke|p2|Mandibuzz, F|
|poke|p2|Raging Bolt|
|poke|p2|Iron Treads|
|poke|p2|Iron Valiant|
|teampreview
|
|t:|1779675562
|teamsize|p1|6
|teamsize|p2|6
|start
|switch|p1a: Smile.exe|Tinkaton, F, shiny|100/100
|switch|p2a: Pincurchin|Pincurchin, M|100/100
|-item|p1a: Smile.exe|Air Balloon
|-fieldstart|move: Electric Terrain|[from] ability: Electric Surge|[of] p2a: Pincurchin
|turn|1
|
|t:|1779675568
|move|p1a: Smile.exe|Stealth Rock|p2a: Pincurchin
|-sidestart|p2: dooozdzdz|move: Stealth Rock
|move|p2a: Pincurchin|Scald|p1a: Smile.exe
|-damage|p1a: Smile.exe|82/100
|-status|p1a: Smile.exe|brn
|-enditem|p1a: Smile.exe|Air Balloon
|
|-damage|p1a: Smile.exe|76/100 brn|[from] brn
|upkeep
|turn|2
|j| nesnot
|
|t:|1779675578
|switch|p1a: Hybrid|Hydreigon, M, shiny|100/100
|switch|p2a: Iron Treads|Iron Treads|100/100
|-damage|p2a: Iron Treads|97/100|[from] Stealth Rock
|-activate|p2a: Iron Treads|ability: Quark Drive
|-start|p2a: Iron Treads|quarkdrivespd
|
|-heal|p2a: Iron Treads|100/100|[from] item: Leftovers
|upkeep
|turn|3
|
|t:|1779675593
|switch|p1a: Pisces|Alomomola, M, shiny|100/100
|move|p2a: Iron Treads|Rapid Spin|p1a: Pisces
|-damage|p1a: Pisces|91/100
|-boost|p2a: Iron Treads|spe|1
|-sideend|p2: dooozdzdz|Stealth Rock|[from] move: Rapid Spin|[of] p2a: Iron Treads
|
|upkeep
|turn|4
|
|t:|1779675600
|move|p2a: Iron Treads|Stealth Rock|p1a: Pisces
|-sidestart|p1: lkysyts|move: Stealth Rock
|move|p1a: Pisces|Flip Turn|p2a: Iron Treads
|-supereffective|p2a: Iron Treads
|-damage|p2a: Iron Treads|72/100
|
|t:|1779675607
|switch|p1a: Behemoth|Great Tusk, shiny|100/100|[from] Flip Turn
|
|-heal|p2a: Iron Treads|78/100|[from] item: Leftovers
|upkeep
|turn|5
|
|t:|1779675617
|-end|p2a: Iron Treads|Quark Drive|[silent]
|switch|p2a: Iron Valiant|Iron Valiant|100/100
|-activate|p2a: Iron Valiant|ability: Quark Drive
|-start|p2a: Iron Valiant|quarkdrivespe
|move|p1a: Behemoth|Rapid Spin|p2a: Iron Valiant
|-crit|p2a: Iron Valiant
|-damage|p2a: Iron Valiant|65/100
|-boost|p1a: Behemoth|spe|1
|-sideend|p1: lkysyts|Stealth Rock|[from] move: Rapid Spin|[of] p1a: Behemoth
|
|upkeep
|turn|6
|
|t:|1779675627
|-end|p1a: Behemoth|Protosynthesis|[silent]
|switch|p1a: Pisces|Alomomola, M, shiny|100/100
|move|p2a: Iron Valiant|Knock Off|p1a: Pisces
|-damage|p1a: Pisces|74/100
|-enditem|p1a: Pisces|Assault Vest|[from] move: Knock Off|[of] p2a: Iron Valiant
|
|upkeep
|turn|7
|
|t:|1779675643
|move|p2a: Iron Valiant|Close Combat|p1a: Pisces
|-damage|p1a: Pisces|26/100
|-unboost|p2a: Iron Valiant|def|1
|-unboost|p2a: Iron Valiant|spd|1
|move|p1a: Pisces|Flip Turn|p2a: Iron Valiant
|-damage|p2a: Iron Valiant|34/100
|
|t:|1779675650
|switch|p1a: Overseer|Pecharunt|100/100|[from] Flip Turn
|
|upkeep
|turn|8
|
|t:|1779675656
|-end|p2a: Iron Valiant|Quark Drive|[silent]
|switch|p2a: Iron Treads|Iron Treads|78/100
|-activate|p2a: Iron Treads|ability: Quark Drive
|-start|p2a: Iron Treads|quarkdrivespd
|move|p1a: Overseer|Shadow Ball|p2a: Iron Treads
|-damage|p2a: Iron Treads|62/100
|
|-heal|p2a: Iron Treads|68/100|[from] item: Leftovers
|-fieldend|move: Electric Terrain
|-end|p2a: Iron Treads|Quark Drive
|upkeep
|turn|9
|
|t:|1779675667
|move|p2a: Iron Treads|Earthquake|p1a: Overseer
|-supereffective|p1a: Overseer
|-damage|p1a: Overseer|68/100
|move|p1a: Overseer|Parting Shot|p2a: Iron Treads
|-unboost|p2a: Iron Treads|atk|1
|-unboost|p2a: Iron Treads|spa|1
|
|t:|1779675674
|switch|p1a: Anonymous|Ogerpon, F|100/100|[from] Parting Shot
|
|-heal|p2a: Iron Treads|75/100|[from] item: Leftovers
|upkeep
|turn|10
|l| nesnot
|
|t:|1779675681
|-end|p2a: Iron Treads|Quark Drive|[silent]
|switch|p2a: Mandibuzz|Mandibuzz, F|100/100
|move|p1a: Anonymous|U-turn|p2a: Mandibuzz
|-damage|p2a: Mandibuzz|81/100
|-damage|p1a: Anonymous|84/100|[from] item: Rocky Helmet|[of] p2a: Mandibuzz
|
|t:|1779675689
|switch|p1a: Hybrid|Hydreigon, M, shiny|100/100|[from] U-turn
|
|upkeep
|turn|11
|
|t:|1779675698
|switch|p2a: Iron Treads|Iron Treads|75/100
|move|p1a: Hybrid|Draco Meteor|p2a: Iron Treads
|-resisted|p2a: Iron Treads
|-damage|p2a: Iron Treads|35/100
|-unboost|p1a: Hybrid|spa|2
|
|-heal|p2a: Iron Treads|42/100|[from] item: Leftovers
|upkeep
|turn|12
|
|t:|1779675707
|switch|p1a: Smile.exe|Tinkaton, F, shiny|76/100 brn
|-end|p2a: Iron Treads|Quark Drive|[silent]
|switch|p2a: Pincurchin|Pincurchin, M|100/100
|-fieldstart|move: Electric Terrain|[from] ability: Electric Surge|[of] p2a: Pincurchin
|
|-damage|p1a: Smile.exe|70/100 brn|[from] brn
|upkeep
|turn|13
|
|t:|1779675711
|move|p1a: Smile.exe|Stealth Rock|p2a: Pincurchin
|-sidestart|p2: dooozdzdz|move: Stealth Rock
|move|p2a: Pincurchin|Spikes|p1a: Smile.exe
|-sidestart|p1: lkysyts|Spikes
|
|-damage|p1a: Smile.exe|64/100 brn|[from] brn
|upkeep
|turn|14
|
|t:|1779675716
|move|p1a: Smile.exe|Encore|p2a: Pincurchin
|-start|p2a: Pincurchin|Encore
|move|p2a: Pincurchin|Spikes|p1a: Smile.exe
|-sidestart|p1: lkysyts|Spikes
|
|-damage|p1a: Smile.exe|57/100 brn|[from] brn
|upkeep
|turn|15
|
|t:|1779675720
|switch|p1a: Behemoth|Great Tusk, shiny|100/100
|switch|p2a: Mandibuzz|Mandibuzz, F|81/100
|-damage|p2a: Mandibuzz|56/100|[from] Stealth Rock
|
|upkeep
|turn|16
|
|t:|1779675728
|move|p1a: Behemoth|Rapid Spin|p2a: Mandibuzz
|-damage|p2a: Mandibuzz|45/100
|-boost|p1a: Behemoth|spe|1
|-damage|p1a: Behemoth|84/100|[from] item: Rocky Helmet|[of] p2a: Mandibuzz
|-sideend|p1: lkysyts|Spikes|[from] move: Rapid Spin|[of] p1a: Behemoth
|move|p2a: Mandibuzz|Toxic|p1a: Behemoth
|-status|p1a: Behemoth|tox
|
|-damage|p1a: Behemoth|78/100 tox|[from] psn
|upkeep
|turn|17
|
|t:|1779675742
|-terastallize|p1a: Behemoth|Fighting
|move|p1a: Behemoth|Close Combat|p2a: Mandibuzz
|-damage|p2a: Mandibuzz|1/100
|-unboost|p1a: Behemoth|def|1
|-unboost|p1a: Behemoth|spd|1
|-damage|p1a: Behemoth|61/100 tox|[from] item: Rocky Helmet|[of] p2a: Mandibuzz
|move|p2a: Mandibuzz|Roost|p2a: Mandibuzz
|-heal|p2a: Mandibuzz|51/100
|-singleturn|p2a: Mandibuzz|move: Roost
|
|-damage|p1a: Behemoth|49/100 tox|[from] psn
|upkeep
|turn|18
|
|t:|1779675749
|move|p1a: Behemoth|Close Combat|p2a: Mandibuzz
|-damage|p2a: Mandibuzz|1/100
|-unboost|p1a: Behemoth|def|1
|-unboost|p1a: Behemoth|spd|1
|-damage|p1a: Behemoth|33/100 tox|[from] item: Rocky Helmet|[of] p2a: Mandibuzz
|move|p2a: Mandibuzz|Roost|p2a: Mandibuzz
|-heal|p2a: Mandibuzz|52/100
|-singleturn|p2a: Mandibuzz|move: Roost
|
|-damage|p1a: Behemoth|14/100 tox|[from] psn
|upkeep
|turn|19
|j| nesnot
|
|t:|1779675756
|move|p1a: Behemoth|Close Combat|p2a: Mandibuzz
|-damage|p2a: Mandibuzz|6/100
|-unboost|p1a: Behemoth|def|1
|-unboost|p1a: Behemoth|spd|1
|-damage|p1a: Behemoth|0 fnt|[from] item: Rocky Helmet|[of] p2a: Mandibuzz
|faint|p1a: Behemoth
|-end|p1a: Behemoth|Protosynthesis|[silent]
|move|p2a: Mandibuzz|Roost|p2a: Mandibuzz
|-heal|p2a: Mandibuzz|56/100
|-singleturn|p2a: Mandibuzz|move: Roost
|
|-fieldend|move: Electric Terrain
|upkeep
|-message|lkysyts forfeited.
|
|win|dooozdzdz
|raw|lkysyts's rating: 1545 &rarr; <strong>1530</strong><br />(-15 for losing)
|raw|dooozdzdz's rating: 1637 &rarr; <strong>1652</strong><br />(+15 for winning)
|l|☆lkysyts
|player|p1|
|l|☆dooozdzdz
|player|p2|
|l| nesnot
