|j|☆indoubtwaterspout
|j|☆nwalesu
|t:|1779722178
|gametype|singles
|player|p1|indoubtwaterspout|265|1443
|player|p2|nwalesu|pokemaniac|1410
|gen|9
|tier|[Gen 9] OU
|rated|
|rule|HP Percentage Mod: HP is shown in percentages
|rule|Endless Battle Clause: Forcing endless battles is banned
|rule|Species Clause: Limit one of each Pokémon
|rule|OHKO Clause: OHKO moves are banned
|rule|Evasion Items Clause: Evasion items are banned
|rule|Evasion Moves Clause: Evasion moves are banned
|rule|Evasion Abilities Clause: Evasion abilities are banned
|rule|Sleep Moves Clause: Sleep-inducing moves are banned
|clearpoke
|poke|p1|Primarina, M|
|poke|p1|Great Tusk|
|poke|p1|Kingambit, M|
|poke|p1|Slowking-Galar, M|
|poke|p1|Raging Bolt|
|poke|p1|Enamorus, F|
|poke|p2|Dragapult, M|
|poke|p2|Rotom-Heat|
|poke|p2|Clodsire, M|
|poke|p2|Mandibuzz, F|
|poke|p2|Dragonite, F|
|poke|p2|Iron Valiant|
|teampreview
|inactive|Battle timer is ON: inactive players will automatically lose when time's up. (requested by indoubtwaterspout)
|inactive|nwalesu also wants the timer to be on.
|inactive|nwalesu has 120 seconds left.
|
|t:|1779722235
|teamsize|p1|6
|teamsize|p2|6
|start
|switch|p1a: Primarina|Primarina, M, shiny|100/100
|switch|p2a: Dragapult|Dragapult, M|100/100
|turn|1
|
|t:|1779722243
|move|p2a: Dragapult|U-turn|p1a: Primarina
|-resisted|p1a: Primarina
|-damage|p1a: Primarina|88/100
|
|t:|1779722256
|switch|p2a: Clodsire|Clodsire, M|100/100|[from] U-turn
|move|p1a: Primarina|Moonblast|p2a: Clodsire
|-resisted|p2a: Clodsire
|-damage|p2a: Clodsire|88/100
|-unboost|p2a: Clodsire|spa|1
|
|-heal|p1a: Primarina|94/100|[from] item: Leftovers
|-heal|p2a: Clodsire|94/100|[from] item: Leftovers
|upkeep
|turn|2
|
|t:|1779722266
|move|p1a: Primarina|Substitute|p1a: Primarina
|-start|p1a: Primarina|Substitute
|-damage|p1a: Primarina|69/100
|move|p2a: Clodsire|Stealth Rock|p1a: Primarina
|-sidestart|p1: indoubtwaterspout|move: Stealth Rock
|
|-heal|p1a: Primarina|75/100|[from] item: Leftovers
|-heal|p2a: Clodsire|99/100|[from] item: Leftovers
|upkeep
|turn|3
|
|t:|1779722269
|move|p1a: Primarina|Surf|p2a: Clodsire
|-heal|p2a: Clodsire|100/100|[from] ability: Water Absorb|[of] p1a: Primarina
|move|p2a: Clodsire|Earthquake|p1a: Primarina
|-end|p1a: Primarina|Substitute
|
|-heal|p1a: Primarina|81/100|[from] item: Leftovers
|upkeep
|turn|4
|
|t:|1779722273
|switch|p1a: Great Tusk|Great Tusk, shiny|100/100
|-damage|p1a: Great Tusk|98/100|[from] Stealth Rock
|move|p2a: Clodsire|Toxic|p1a: Great Tusk
|-status|p1a: Great Tusk|tox
|
|-damage|p1a: Great Tusk|91/100 tox|[from] psn
|upkeep
|turn|5
|
|t:|1779722283
|switch|p2a: Rotom|Rotom-Heat|100/100
|move|p1a: Great Tusk|Rapid Spin|p2a: Rotom
|-damage|p2a: Rotom|80/100
|-boost|p1a: Great Tusk|spe|1
|-sideend|p1: indoubtwaterspout|Stealth Rock|[from] move: Rapid Spin|[of] p1a: Great Tusk
|
|-damage|p1a: Great Tusk|79/100 tox|[from] psn
|upkeep
|turn|6
|
|t:|1779722297
|-end|p1a: Great Tusk|Protosynthesis|[silent]
|switch|p1a: Slowking|Slowking-Galar, M, shiny|100/100
|move|p2a: Rotom|Overheat|p1a: Slowking
|-damage|p1a: Slowking|71/100
|-unboost|p2a: Rotom|spa|2
|
|upkeep
|turn|7
|
|t:|1779722307
|switch|p2a: Clodsire|Clodsire, M|100/100
|switch|p1a: Raging Bolt|Raging Bolt|100/100
|
|upkeep
|turn|8
|
|t:|1779722319
|-end|p1a: Raging Bolt|Protosynthesis|[silent]
|switch|p1a: Great Tusk|Great Tusk, shiny|79/100 tox
|move|p2a: Clodsire|Earthquake|p1a: Great Tusk
|-damage|p1a: Great Tusk|58/100 tox
|
|-damage|p1a: Great Tusk|52/100 tox|[from] psn
|upkeep
|turn|9
|
|t:|1779722332
|switch|p2a: Rotom|Rotom-Heat|80/100
|move|p1a: Great Tusk|Stealth Rock|p2a: Rotom
|-sidestart|p2: nwalesu|move: Stealth Rock
|
|-damage|p1a: Great Tusk|39/100 tox|[from] psn
|upkeep
|turn|10
|
|t:|1779722338
|move|p1a: Great Tusk|Rapid Spin|p2a: Rotom
|-damage|p2a: Rotom|57/100
|-boost|p1a: Great Tusk|spe|1
|move|p2a: Rotom|Discharge|p1a: Great Tusk
|-immune|p1a: Great Tusk
|
|-damage|p1a: Great Tusk|21/100 tox|[from] psn
|upkeep
|turn|11
|
|t:|1779722347
|move|p1a: Great Tusk|Rapid Spin|p2a: Rotom
|-damage|p2a: Rotom|36/100
|-boost|p1a: Great Tusk|spe|1
|move|p2a: Rotom|Nasty Plot|p2a: Rotom
|-boost|p2a: Rotom|spa|2
|
|-damage|p1a: Great Tusk|0 fnt|[from] psn
|faint|p1a: Great Tusk
|-end|p1a: Great Tusk|Protosynthesis|[silent]
|upkeep
|
|t:|1779722353
|switch|p1a: Enamorus|Enamorus, F, shiny|100/100
|turn|12
|-message|indoubtwaterspout forfeited.
|
|win|nwalesu
|raw|indoubtwaterspout's rating: 1464 &rarr; <strong>1440</strong><br />(-24 for losing)
|raw|nwalesu's rating: 1387 &rarr; <strong>1411</strong><br />(+24 for winning)
|l|☆indoubtwaterspout
|player|p1|
|l|☆nwalesu
|player|p2|
