|j|☆omari p
|j|☆a3720
|t:|1779653134
|gametype|singles
|player|p1|omari p|pokemonrangerf|1711
|player|p2|a3720|1|1758
|gen|9
|tier|[Gen 9] OU
|rated|
|rule|HP Percentage Mod: HP is shown in percentages
|rule|Endless Battle Clause: Forcing endless battles is banned
|rule|Species Clause: Limit one of each Pokémon
|rule|OHKO Clause: OHKO moves are banned
|rule|Evasion Items Clause: Evasion items are banned
|rule|Evasion Moves Clause: Evasion moves are banned
|rule|Evasion Abilities Clause: Evasion abilities are banned
|rule|Sleep Moves Clause: Sleep-inducing moves are banned
|clearpoke
|poke|p1|Hoopa|
|poke|p1|Cinderace, M|
|poke|p1|Pecharunt|
|poke|p1|Kyurem|
|poke|p1|Ting-Lu|
|poke|p1|Manaphy|
|poke|p2|Indeedee, M|
|poke|p2|Dragapult, M|
|poke|p2|Hoopa-Unbound|
|poke|p2|Deoxys-Speed|
|poke|p2|Excadrill, F|
|poke|p2|Blaziken, F|
|teampreview
|
|t:|1779653184
|teamsize|p1|6
|teamsize|p2|6
|start
|switch|p1a: Ting-Lucifer|Ting-Lu|100/100
|switch|p2a: Blaziken|Blaziken, F|100/100
|-ability|p1a: Ting-Lucifer|Vessel of Ruin
|turn|1
|
|t:|1779653189
|move|p2a: Blaziken|Close Combat|p1a: Ting-Lucifer
|-supereffective|p1a: Ting-Lucifer
|-damage|p1a: Ting-Lucifer|0 fnt
|-unboost|p2a: Blaziken|def|1
|-unboost|p2a: Blaziken|spd|1
|faint|p1a: Ting-Lucifer
|-damage|p2a: Blaziken|91/100|[from] item: Life Orb
|
|-ability|p2a: Blaziken|Speed Boost|boost
|-boost|p2a: Blaziken|spe|1
|upkeep
|
|t:|1779653194
|switch|p1a: Pecharunt|Pecharunt|100/100
|turn|2
|inactive|Battle timer is ON: inactive players will automatically lose when time's up. (requested by omari p)
|
|t:|1779653203
|switch|p2a: Excadrill|Excadrill, F|100/100
|-ability|p2a: Excadrill|Mold Breaker
|move|p1a: Pecharunt|Foul Play|p2a: Excadrill
|-damage|p2a: Excadrill|53/100
|
|upkeep
|turn|3
|
|t:|1779653208
|move|p2a: Excadrill|Stealth Rock|p1a: Pecharunt
|-sidestart|p1: omari p|move: Stealth Rock
|move|p1a: Pecharunt|Foul Play|p2a: Excadrill
|-damage|p2a: Excadrill|7/100
|
|upkeep
|turn|4
|
|t:|1779653214
|move|p2a: Excadrill|Earthquake|p1a: Pecharunt
|-supereffective|p1a: Pecharunt
|-crit|p1a: Pecharunt
|-damage|p1a: Pecharunt|28/100
|move|p1a: Pecharunt|Foul Play|p2a: Excadrill
|-damage|p2a: Excadrill|0 fnt
|faint|p2a: Excadrill
|
|upkeep
|
|t:|1779653220
|switch|p2a: Indeedee|Indeedee, M|100/100
|-fieldstart|move: Psychic Terrain|[from] ability: Psychic Surge|[of] p2a: Indeedee
|turn|5
|
|t:|1779653230
|move|p2a: Indeedee|Expanding Force|p1a: Pecharunt
|-supereffective|p1a: Pecharunt
|-damage|p1a: Pecharunt|0 fnt
|faint|p1a: Pecharunt
|
|upkeep
|
|t:|1779653232
|switch|p1a: Hoopa|Hoopa|100/100
|-damage|p1a: Hoopa|88/100|[from] Stealth Rock
|turn|6
|
|t:|1779653247
|switch|p2a: Hoopa|Hoopa-Unbound|100/100
|-enditem|p2a: Hoopa|Psychic Seed
|-boost|p2a: Hoopa|spd|1|[from] item: Psychic Seed
|move|p1a: Hoopa|Calm Mind|p1a: Hoopa
|-boost|p1a: Hoopa|spa|1
|-boost|p1a: Hoopa|spd|1
|
|upkeep
|turn|7
|
|t:|1779653275
|move|p1a: Hoopa|Shadow Ball|p2a: Hoopa
|-damage|p2a: Hoopa|61/100
|move|p2a: Hoopa|Trick Room|p2a: Hoopa
|-fieldstart|move: Trick Room|[of] p2a: Hoopa
|
|upkeep
|turn|8
|
|t:|1779653280
|move|p2a: Hoopa|Hyperspace Fury|p1a: Hoopa
|-supereffective|p1a: Hoopa
|-damage|p1a: Hoopa|0 fnt
|-unboost|p2a: Hoopa|def|1
|faint|p1a: Hoopa
|-item|p2a: Hoopa|Aguav Berry|[from] ability: Magician|[of] p1: Hoopa
|
|upkeep
|-message|omari p forfeited.
|
|win|a3720
|raw|omari p's rating: 1711 &rarr; <strong>1694</strong><br />(-17 for losing)
|raw|a3720's rating: 1758 &rarr; <strong>1775</strong><br />(+17 for winning)
|l|☆omari p
|player|p1|
|l|☆a3720
|player|p2|
