|j|☆Vicho2505
|j|☆HisokaG4
|t:|1779658122
|gametype|singles
|player|p1|Vicho2505|1|1260
|player|p2|HisokaG4|cyclist|1259
|gen|9
|tier|[Gen 9] OU
|rated|
|rule|HP Percentage Mod: HP is shown in percentages
|rule|Endless Battle Clause: Forcing endless battles is banned
|rule|Species Clause: Limit one of each Pokémon
|rule|OHKO Clause: OHKO moves are banned
|rule|Evasion Items Clause: Evasion items are banned
|rule|Evasion Moves Clause: Evasion moves are banned
|rule|Evasion Abilities Clause: Evasion abilities are banned
|rule|Sleep Moves Clause: Sleep-inducing moves are banned
|clearpoke
|poke|p1|Ting-Lu|
|poke|p1|Great Tusk|
|poke|p1|Gholdengo|
|poke|p1|Ogerpon-Wellspring, F|
|poke|p1|Dragapult, F|
|poke|p1|Kingambit, M|
|poke|p2|Lapras, M|
|poke|p2|Ditto|
|poke|p2|Gardevoir, F|
|poke|p2|Hydreigon, M|
|poke|p2|Tauros-Paldea-Blaze, M|
|poke|p2|Forretress, M|
|teampreview
|
|t:|1779658131
|teamsize|p1|6
|teamsize|p2|6
|start
|switch|p1a: Ting-Lu|Ting-Lu|100/100
|switch|p2a: ReiGeladoG4|Lapras, M|100/100
|-ability|p1a: Ting-Lu|Vessel of Ruin
|turn|1
|
|t:|1779658140
|move|p2a: ReiGeladoG4|Ice Beam|p1a: Ting-Lu
|-supereffective|p1a: Ting-Lu
|-damage|p1a: Ting-Lu|76/100
|move|p1a: Ting-Lu|Stealth Rock|p2a: ReiGeladoG4
|-sidestart|p2: HisokaG4|move: Stealth Rock
|
|-heal|p1a: Ting-Lu|82/100|[from] item: Leftovers
|upkeep
|turn|2
|
|t:|1779658149
|move|p2a: ReiGeladoG4|Ice Beam|p1a: Ting-Lu
|-supereffective|p1a: Ting-Lu
|-damage|p1a: Ting-Lu|59/100
|move|p1a: Ting-Lu|Ruination|p2a: ReiGeladoG4
|-damage|p2a: ReiGeladoG4|50/100
|
|-heal|p1a: Ting-Lu|65/100|[from] item: Leftovers
|upkeep
|turn|3
|
|t:|1779658160
|move|p2a: ReiGeladoG4|Ice Beam|p1a: Ting-Lu
|-supereffective|p1a: Ting-Lu
|-damage|p1a: Ting-Lu|43/100
|move|p1a: Ting-Lu|Whirlwind|p2a: ReiGeladoG4
|drag|p2a: DivaNegraG4|Gardevoir, F, shiny|100/100
|-damage|p2a: DivaNegraG4|88/100|[from] Stealth Rock
|-ability|p2a: DivaNegraG4|Vessel of Ruin|Trace|[from] ability: Trace|[of] p1a: Ting-Lu
|-ability|p2a: DivaNegraG4|Vessel of Ruin
|
|-heal|p1a: Ting-Lu|49/100|[from] item: Leftovers
|upkeep
|turn|4
|
|t:|1779658184
|switch|p2a: Estagiario2.G4|Forretress, M|100/100
|-damage|p2a: Estagiario2.G4|88/100|[from] Stealth Rock
|move|p1a: Ting-Lu|Ruination|p2a: Estagiario2.G4
|-damage|p2a: Estagiario2.G4|44/100
|-enditem|p2a: Estagiario2.G4|Red Card|[of] p1a: Ting-Lu
|drag|p1a: Ogerpon|Ogerpon-Wellspring, F|100/100
|
|upkeep
|turn|5
|
|t:|1779658210
|move|p1a: Ogerpon|Swords Dance|p1a: Ogerpon
|-boost|p1a: Ogerpon|atk|2
|move|p2a: Estagiario2.G4|Toxic Spikes|p1a: Ogerpon
|-sidestart|p1: Vicho2505|move: Toxic Spikes
|
|upkeep
|turn|6
|
|t:|1779658223
|move|p1a: Ogerpon|Ivy Cudgel|p2a: Estagiario2.G4|[anim] Ivy Cudgel Water
|-damage|p2a: Estagiario2.G4|0 fnt
|faint|p2a: Estagiario2.G4
|
|upkeep
|
|t:|1779658230
|switch|p2a: ReiGeladoG4|Lapras, M|50/100
|-damage|p2a: ReiGeladoG4|25/100|[from] Stealth Rock
|turn|7
|
|t:|1779658246
|move|p1a: Ogerpon|Horn Leech|p2a: ReiGeladoG4
|-supereffective|p2a: ReiGeladoG4
|-damage|p2a: ReiGeladoG4|0 fnt
|faint|p2a: ReiGeladoG4
|
|upkeep
|
|t:|1779658255
|switch|p2a: InvejaG4|Ditto|100/100
|-damage|p2a: InvejaG4|88/100|[from] Stealth Rock
|-transform|p2a: InvejaG4|p1a: Ogerpon|[from] ability: Imposter
|turn|8
|
|t:|1779658272
|move|p1a: Ogerpon|Swords Dance|p1a: Ogerpon
|-boost|p1a: Ogerpon|atk|2
|move|p2a: InvejaG4|Horn Leech|p1a: Ogerpon
|-damage|p1a: Ogerpon|11/100
|-heal|p2a: InvejaG4|100/100|[from] drain|[of] p1a: Ogerpon
|
|upkeep
|turn|9
|
|t:|1779658282
|move|p1a: Ogerpon|Horn Leech|p2a: InvejaG4
|-enditem|p2a: InvejaG4|Focus Sash
|-damage|p2a: InvejaG4|1/100
|-heal|p1a: Ogerpon|61/100|[from] drain|[of] p2a: InvejaG4
|move|p2a: InvejaG4|Horn Leech|p1a: Ogerpon
|-damage|p1a: Ogerpon|0 fnt
|-heal|p2a: InvejaG4|31/100|[from] drain|[of] p1a: Ogerpon
|faint|p1a: Ogerpon
|
|upkeep
|
|t:|1779658299
|switch|p1a: Kingambit|Kingambit, M|100/100
|-activate|p1a: Kingambit|ability: Supreme Overlord
|-start|p1a: Kingambit|fallen1|[silent]
|turn|10
|
|t:|1779658314
|move|p1a: Kingambit|Sucker Punch||[still]
|-fail|p1a: Kingambit
|move|p2a: InvejaG4|Swords Dance|p2a: InvejaG4
|-boost|p2a: InvejaG4|atk|2
|
|upkeep
|turn|11
|
|t:|1779658336
|move|p2a: InvejaG4|Swords Dance|p2a: InvejaG4
|-boost|p2a: InvejaG4|atk|2
|move|p1a: Kingambit|Swords Dance|p1a: Kingambit
|-boost|p1a: Kingambit|atk|2
|
|upkeep
|turn|12
|
|t:|1779658350
|switch|p2a: CerberosG4|Hydreigon, M, shiny|100/100
|-damage|p2a: CerberosG4|88/100|[from] Stealth Rock
|move|p1a: Kingambit|Kowtow Cleave|p2a: CerberosG4
|-resisted|p2a: CerberosG4
|-damage|p2a: CerberosG4|20/100
|
|-heal|p2a: CerberosG4|27/100|[from] item: Leftovers
|upkeep
|turn|13
|
|t:|1779658364
|move|p1a: Kingambit|Sucker Punch||[still]
|-fail|p1a: Kingambit
|move|p2a: CerberosG4|Work Up|p2a: CerberosG4
|-boost|p2a: CerberosG4|atk|1
|-boost|p2a: CerberosG4|spa|1
|
|-heal|p2a: CerberosG4|33/100|[from] item: Leftovers
|upkeep
|turn|14
|
|t:|1779658374
|move|p2a: CerberosG4|Substitute|p2a: CerberosG4
|-start|p2a: CerberosG4|Substitute
|-damage|p2a: CerberosG4|8/100
|move|p1a: Kingambit|Kowtow Cleave|p2a: CerberosG4
|-resisted|p2a: CerberosG4
|-end|p2a: CerberosG4|Substitute
|
|-heal|p2a: CerberosG4|14/100|[from] item: Leftovers
|upkeep
|turn|15
|
|t:|1779658385
|move|p2a: CerberosG4|Flamethrower|p1a: Kingambit
|-supereffective|p1a: Kingambit
|-damage|p1a: Kingambit|2/100
|move|p1a: Kingambit|Kowtow Cleave|p2a: CerberosG4
|-resisted|p2a: CerberosG4
|-damage|p2a: CerberosG4|0 fnt
|faint|p2a: CerberosG4
|
|-heal|p1a: Kingambit|8/100|[from] item: Leftovers
|upkeep
|
|t:|1779658397
|switch|p2a: InvejaG4|Ditto|31/100
|-damage|p2a: InvejaG4|19/100|[from] Stealth Rock
|-transform|p2a: InvejaG4|p1a: Kingambit|[from] ability: Imposter
|-activate|p2a: InvejaG4|ability: Supreme Overlord
|-start|p2a: InvejaG4|fallen3|[silent]
|turn|16
|
|t:|1779658407
|move|p1a: Kingambit|Sucker Punch|p2a: InvejaG4
|-resisted|p2a: InvejaG4
|-damage|p2a: InvejaG4|0 fnt
|faint|p2a: InvejaG4
|-end|p2a: InvejaG4|fallen3|[silent]
|
|-heal|p1a: Kingambit|14/100|[from] item: Leftovers
|upkeep
|
|t:|1779658417
|switch|p2a: DivaNegraG4|Gardevoir, F, shiny|88/100
|-damage|p2a: DivaNegraG4|76/100|[from] Stealth Rock
|-ability|p2a: DivaNegraG4|Supreme Overlord|Trace|[from] ability: Trace|[of] p1a: Kingambit
|-activate|p2a: DivaNegraG4|ability: Supreme Overlord
|-start|p2a: DivaNegraG4|fallen4|[silent]
|turn|17
|
|t:|1779658426
|move|p2a: DivaNegraG4|Mystical Fire|p1a: Kingambit
|-supereffective|p1a: Kingambit
|-damage|p1a: Kingambit|0 fnt
|faint|p1a: Kingambit
|-end|p1a: Kingambit|fallen1|[silent]
|-damage|p2a: DivaNegraG4|66/100|[from] item: Life Orb
|
|upkeep
|
|t:|1779658436
|switch|p1a: Gholdengo|Gholdengo|100/100
|turn|18
|
|t:|1779658442
|-terastallize|p2a: DivaNegraG4|Normal
|move|p1a: Gholdengo|Make It Rain|p2a: DivaNegraG4
|-damage|p2a: DivaNegraG4|0 fnt
|-unboost|p1a: Gholdengo|spa|1
|faint|p2a: DivaNegraG4
|-end|p2a: DivaNegraG4|fallen4|[silent]
|
|upkeep
|
|t:|1779658453
|switch|p2a: Estagiario1.G4|Tauros-Paldea-Blaze, M|100/100
|-damage|p2a: Estagiario1.G4|88/100|[from] Stealth Rock
|-ability|p2a: Estagiario1.G4|Intimidate|boost
|-unboost|p1a: Gholdengo|atk|1
|turn|19
|
|t:|1779658483
|switch|p1a: Great Tusk|Great Tusk|100/100
|move|p2a: Estagiario1.G4|Earthquake|p1a: Great Tusk
|-damage|p1a: Great Tusk|83/100
|
|upkeep
|turn|20
|-message|HisokaG4 forfeited.
|
|win|Vicho2505
|raw|Vicho2505's rating: 1260 &rarr; <strong>1285</strong><br />(+25 for winning)
|raw|HisokaG4's rating: 1259 &rarr; <strong>1234</strong><br />(-25 for losing)
|l|☆HisokaG4
|player|p2|
|l|☆Vicho2505
|player|p1|
