|j|☆Sandysuit
|j|☆SgtBrick14
|t:|1779579213
|gametype|singles
|player|p1|Sandysuit|169|1427
|player|p2|SgtBrick14|pokemonranger|1401
|gen|9
|tier|[Gen 9] OU
|rated|
|rule|HP Percentage Mod: HP is shown in percentages
|rule|Endless Battle Clause: Forcing endless battles is banned
|rule|Species Clause: Limit one of each Pokémon
|rule|OHKO Clause: OHKO moves are banned
|rule|Evasion Items Clause: Evasion items are banned
|rule|Evasion Moves Clause: Evasion moves are banned
|rule|Evasion Abilities Clause: Evasion abilities are banned
|rule|Sleep Moves Clause: Sleep-inducing moves are banned
|clearpoke
|poke|p1|Scizor, F|
|poke|p1|Quaquaval, F|
|poke|p1|Heatran, M|
|poke|p1|Meowscarada, M|
|poke|p1|Landorus-Therian, M|
|poke|p1|Hydrapple, F|
|poke|p2|Lucario, M|
|poke|p2|Kingambit, F|
|poke|p2|Ceruledge, F|
|poke|p2|Gengar, F|
|poke|p2|Cloyster, M|
|poke|p2|Froslass, F|
|teampreview
|inactive|Battle timer is ON: inactive players will automatically lose when time's up. (requested by Sandysuit)
|c|☆Sandysuit|Cool team
|
|t:|1779579242
|teamsize|p1|6
|teamsize|p2|6
|start
|switch|p1a: Quaquaval|Quaquaval, F|100/100
|switch|p2a: Froslass|Froslass, F|100/100
|turn|1
|
|t:|1779579248
|move|p2a: Froslass|Thunder Wave|p1a: Quaquaval
|-status|p1a: Quaquaval|par
|cant|p1a: Quaquaval|par
|
|upkeep
|turn|2
|
|t:|1779579251
|move|p2a: Froslass|Spikes|p1a: Quaquaval
|-sidestart|p1: Sandysuit|Spikes
|cant|p1a: Quaquaval|par
|
|upkeep
|turn|3
|
|t:|1779579256
|move|p2a: Froslass|Spikes|p1a: Quaquaval
|-sidestart|p1: Sandysuit|Spikes
|move|p1a: Quaquaval|Aqua Step|p2a: Froslass
|-damage|p2a: Froslass|53/100
|-boost|p1a: Quaquaval|spe|1
|
|upkeep
|turn|4
|
|t:|1779579261
|move|p2a: Froslass|Destiny Bond|p2a: Froslass
|-singlemove|p2a: Froslass|Destiny Bond
|move|p1a: Quaquaval|Aqua Step|p2a: Froslass
|-damage|p2a: Froslass|1/100
|-boost|p1a: Quaquaval|spe|1
|
|upkeep
|turn|5
|
|t:|1779579269
|move|p2a: Froslass|Spikes|p1a: Quaquaval
|-sidestart|p1: Sandysuit|Spikes
|cant|p1a: Quaquaval|par
|
|upkeep
|turn|6
|
|t:|1779579282
|move|p2a: Froslass|Destiny Bond|p2a: Froslass
|-singlemove|p2a: Froslass|Destiny Bond
|move|p1a: Quaquaval|Roost||[still]
|-fail|p1a: Quaquaval|heal
|
|upkeep
|turn|7
|
|t:|1779579286
|move|p2a: Froslass|Taunt|p1a: Quaquaval
|-start|p1a: Quaquaval|move: Taunt
|cant|p1a: Quaquaval|par
|
|upkeep
|turn|8
|c|☆Sandysuit|Get avalanche because it’s negative priority
|c|☆Sandysuit|d bond then avalanche it always works
|inactive|Sandysuit has 120 seconds left.
|
|t:|1779579316
|move|p2a: Froslass|Destiny Bond|p2a: Froslass
|-singlemove|p2a: Froslass|Destiny Bond
|cant|p1a: Quaquaval|par
|
|upkeep
|turn|9
|
|t:|1779579327
|move|p2a: Froslass|Taunt||[still]
|-fail|p2a: Froslass
|move|p1a: Quaquaval|Aqua Step|p2a: Froslass
|-damage|p2a: Froslass|0 fnt
|-boost|p1a: Quaquaval|spe|1
|-start|p1a: Quaquaval|Disable|Aqua Step|[from] ability: Cursed Body|[of] p2a: Froslass
|faint|p2a: Froslass
|-ability|p1a: Quaquaval|Moxie|boost
|-boost|p1a: Quaquaval|atk|1
|
|-end|p1a: Quaquaval|move: Taunt
|upkeep
|
|t:|1779579334
|switch|p2a: Gengar|Gengar, F|100/100
|turn|10
|
|t:|1779579343
|cant|p1a: Quaquaval|par
|move|p2a: Gengar|Sludge Wave|p1a: Quaquaval
|-damage|p1a: Quaquaval|31/100 par
|
|-heal|p1a: Quaquaval|37/100 par|[from] item: Leftovers
|upkeep
|turn|11
|
|t:|1779579347
|move|p1a: Quaquaval|Triple Axel|p2a: Gengar
|-damage|p2a: Gengar|83/100
|-damage|p2a: Gengar|46/100
|-damage|p2a: Gengar|0 fnt
|faint|p2a: Gengar
|-ability|p1a: Quaquaval|Moxie|boost
|-boost|p1a: Quaquaval|atk|1
|-hitcount|p2: Gengar|3
|
|-heal|p1a: Quaquaval|43/100 par|[from] item: Leftovers
|upkeep
|
|t:|1779579352
|switch|p2a: Cloyster|Cloyster, M|100/100
|turn|12
|
|t:|1779579363
|move|p1a: Quaquaval|Close Combat|p2a: Cloyster
|-supereffective|p2a: Cloyster
|-enditem|p2a: Cloyster|Focus Sash
|-damage|p2a: Cloyster|1/100
|-unboost|p1a: Quaquaval|def|1
|-unboost|p1a: Quaquaval|spd|1
|move|p2a: Cloyster|Shell Smash|p2a: Cloyster
|-unboost|p2a: Cloyster|def|1
|-unboost|p2a: Cloyster|spd|1
|-boost|p2a: Cloyster|atk|2
|-boost|p2a: Cloyster|spa|2
|-boost|p2a: Cloyster|spe|2
|
|-heal|p1a: Quaquaval|50/100 par|[from] item: Leftovers
|-end|p1a: Quaquaval|Disable
|upkeep
|turn|13
|n|!SgtBrick14|sgtbrick14
|
|t:|1779579373
|move|p2a: Cloyster|Icicle Spear|p1a: Quaquaval
|-resisted|p1a: Quaquaval
|-damage|p1a: Quaquaval|29/100 par
|-resisted|p1a: Quaquaval
|-damage|p1a: Quaquaval|10/100 par
|-resisted|p1a: Quaquaval
|-damage|p1a: Quaquaval|0 fnt
|faint|p1a: Quaquaval
|-hitcount|p1: Quaquaval|3
|
|upkeep
|
|t:|1779579379
|switch|p1a: Scizor|Scizor, F|100/100
|-damage|p1a: Scizor|75/100|[from] Spikes
|turn|14
|
|t:|1779579381
|move|p2a: Cloyster|Ice Shard|p1a: Scizor
|-resisted|p1a: Scizor
|-damage|p1a: Scizor|58/100
|move|p1a: Scizor|Bullet Punch|p2a: Cloyster
|-damage|p2a: Cloyster|0 fnt
|faint|p2a: Cloyster
|
|-heal|p1a: Scizor|64/100|[from] item: Leftovers
|upkeep
|
|t:|1779579390
|switch|p2a: Ceruledge|Ceruledge, F|100/100
|turn|15
|
|t:|1779579394
|move|p2a: Ceruledge|Poltergeist|p1a: Scizor
|-activate|p1a: Scizor|move: Poltergeist|Leftovers
|-damage|p1a: Scizor|4/100
|move|p1a: Scizor|Knock Off|p2a: Ceruledge
|-supereffective|p2a: Ceruledge
|-enditem|p2a: Ceruledge|Focus Sash
|-damage|p2a: Ceruledge|1/100
|-ability|p2a: Ceruledge|Weak Armor|boost
|-unboost|p2a: Ceruledge|def|1
|-boost|p2a: Ceruledge|spe|2
|
|-heal|p1a: Scizor|10/100|[from] item: Leftovers
|upkeep
|turn|16
|
|t:|1779579406
|move|p1a: Scizor|Bullet Punch|p2a: Ceruledge
|-resisted|p2a: Ceruledge
|-damage|p2a: Ceruledge|0 fnt
|faint|p2a: Ceruledge
|
|-heal|p1a: Scizor|16/100|[from] item: Leftovers
|upkeep
|
|t:|1779579409
|switch|p2a: Lucario|Lucario, M|100/100
|turn|17
|
|t:|1779579423
|move|p1a: Scizor|Bullet Punch|p2a: Lucario
|-resisted|p2a: Lucario
|-damage|p2a: Lucario|77/100
|move|p2a: Lucario|Swords Dance|p2a: Lucario
|-boost|p2a: Lucario|atk|2
|
|-heal|p1a: Scizor|23/100|[from] item: Leftovers
|upkeep
|turn|18
|
|t:|1779579432
|move|p2a: Lucario|Extreme Speed|p1a: Scizor
|-resisted|p1a: Scizor
|-damage|p1a: Scizor|0 fnt
|faint|p1a: Scizor
|
|upkeep
|
|t:|1779579442
|switch|p1a: Landorus|Landorus-Therian, M|100/100
|-ability|p1a: Landorus|Intimidate|boost
|-fail|p2a: Lucario|unboost|Attack|[from] ability: Inner Focus|[of] p2a: Lucario
|turn|19
|
|t:|1779579456
|-terastallize|p2a: Lucario|Normal
|move|p2a: Lucario|Extreme Speed|p1a: Landorus
|-damage|p1a: Landorus|5/100
|move|p1a: Landorus|Earthquake|p2a: Lucario
|-damage|p2a: Lucario|11/100
|
|-heal|p1a: Landorus|12/100|[from] item: Leftovers
|upkeep
|turn|20
|
|t:|1779579472
|switch|p1a: Hydrapple|Hydrapple, F|100/100
|-damage|p1a: Hydrapple|76/100|[from] Spikes
|move|p2a: Lucario|Extreme Speed|p1a: Hydrapple
|-damage|p1a: Hydrapple|23/100
|-damage|p2a: Lucario|0 fnt|[from] item: Rocky Helmet|[of] p1a: Hydrapple
|faint|p2a: Lucario
|
|upkeep
|
|t:|1779579477
|switch|p2a: Kingambit|Kingambit, F|100/100
|-activate|p2a: Kingambit|ability: Supreme Overlord
|-start|p2a: Kingambit|fallen5|[silent]
|turn|21
|
|t:|1779579483
|move|p2a: Kingambit|Swords Dance|p2a: Kingambit
|-boost|p2a: Kingambit|atk|2
|move|p1a: Hydrapple|Earth Power|p2a: Kingambit
|-supereffective|p2a: Kingambit
|-damage|p2a: Kingambit|54/100
|-unboost|p2a: Kingambit|spd|1
|
|upkeep
|turn|22
|
|t:|1779579490
|move|p2a: Kingambit|Kowtow Cleave|p1a: Hydrapple
|-damage|p1a: Hydrapple|0 fnt
|-damage|p2a: Kingambit|37/100|[from] item: Rocky Helmet|[of] p1a: Hydrapple
|faint|p1a: Hydrapple
|
|upkeep
|
|t:|1779579498
|switch|p1a: Landorus|Landorus-Therian, M|12/100
|-ability|p1a: Landorus|Intimidate|boost
|-unboost|p2a: Kingambit|atk|1
|turn|23
|
|t:|1779579503
|switch|p1a: Meowscarada|Meowscarada, M|100/100
|-damage|p1a: Meowscarada|76/100|[from] Spikes
|move|p2a: Kingambit|Swords Dance|p2a: Kingambit
|-boost|p2a: Kingambit|atk|2
|
|upkeep
|turn|24
|inactive|Sandysuit has 120 seconds left.
|
|t:|1779579538
|move|p2a: Kingambit|Sucker Punch|p1a: Meowscarada
|-resisted|p1a: Meowscarada
|-crit|p1a: Meowscarada
|-damage|p1a: Meowscarada|0 fnt
|faint|p1a: Meowscarada
|
|upkeep
|
|t:|1779579542
|switch|p1a: Landorus|Landorus-Therian, M|12/100
|-ability|p1a: Landorus|Intimidate|boost
|-unboost|p2a: Kingambit|atk|1
|turn|25
|
|t:|1779579546
|move|p2a: Kingambit|Sucker Punch|p1a: Landorus
|-damage|p1a: Landorus|0 fnt
|faint|p1a: Landorus
|
|upkeep
|
|t:|1779579547
|switch|p1a: Heatran|Heatran, M|100/100
|-damage|p1a: Heatran|76/100|[from] Spikes
|turn|26
|
|t:|1779579554
|move|p1a: Heatran|Protect|p1a: Heatran
|-singleturn|p1a: Heatran|Protect
|move|p2a: Kingambit|Sucker Punch||[still]
|-fail|p2a: Kingambit
|
|-heal|p1a: Heatran|82/100|[from] item: Leftovers
|upkeep
|turn|27
|
|t:|1779579562
|move|p2a: Kingambit|Sucker Punch|p1a: Heatran
|-damage|p1a: Heatran|0 fnt
|faint|p1a: Heatran
|
|win|SgtBrick14
