|j|☆phanxflame
|j|☆HLAHartUAI
|t:|1779634718
|gametype|singles
|player|p1|phanxflame|266|1137
|player|p2|HLAHartUAI|clerk|1171
|gen|9
|tier|[Gen 9] OU
|rated|
|rule|HP Percentage Mod: HP is shown in percentages
|rule|Endless Battle Clause: Forcing endless battles is banned
|rule|Species Clause: Limit one of each Pokémon
|rule|OHKO Clause: OHKO moves are banned
|rule|Evasion Items Clause: Evasion items are banned
|rule|Evasion Moves Clause: Evasion moves are banned
|rule|Evasion Abilities Clause: Evasion abilities are banned
|rule|Sleep Moves Clause: Sleep-inducing moves are banned
|clearpoke
|poke|p1|Gengar, F|
|poke|p1|Cinderace, F|
|poke|p1|Krookodile, F|
|poke|p1|Pelipper, M|
|poke|p1|Hatterene, F|
|poke|p1|Rampardos, F|
|poke|p2|Kingambit, M|
|poke|p2|Dragapult, M|
|poke|p2|Great Tusk|
|poke|p2|Heatran, M|
|poke|p2|Rotom-Wash|
|poke|p2|Illumise, F|
|teampreview
|
|t:|1779634734
|teamsize|p1|6
|teamsize|p2|6
|start
|switch|p1a: Pelipper|Pelipper, M|100/100
|switch|p2a: Great Tusk|Great Tusk|100/100
|-weather|RainDance|[from] ability: Drizzle|[of] p1a: Pelipper
|turn|1
|
|t:|1779634758
|-end|p2a: Great Tusk|Protosynthesis|[silent]
|switch|p2a: Rotom|Rotom-Wash|100/100
|move|p1a: Pelipper|Hurricane|p2a: Rotom
|-resisted|p2a: Rotom
|-damage|p2a: Rotom|50/100
|-start|p2a: Rotom|confusion
|
|-weather|RainDance|[upkeep]
|upkeep
|turn|2
|inactive|Battle timer is ON: inactive players will automatically lose when time's up. (requested by HLAHartUAI)
|
|t:|1779634771
|switch|p1a: Krookodile|Krookodile, F|100/100
|-ability|p1a: Krookodile|Intimidate|boost
|-unboost|p2a: Rotom|atk|1
|-activate|p2a: Rotom|confusion
|move|p2a: Rotom|Volt Switch|p1a: Krookodile
|-immune|p1a: Krookodile
|
|-weather|RainDance|[upkeep]
|upkeep
|turn|3
|
|t:|1779634793
|switch|p2a: Illumise|Illumise, F, shiny|100/100
|move|p1a: Krookodile|Knock Off|p2a: Illumise
|-damage|p2a: Illumise|37/100
|-enditem|p2a: Illumise|Heavy-Duty Boots|[from] move: Knock Off|[of] p1a: Krookodile
|
|-weather|RainDance|[upkeep]
|upkeep
|turn|4
|inactive|phanxflame has 120 seconds left.
|
|t:|1779634823
|move|p1a: Krookodile|Knock Off|p2a: Illumise
|-damage|p2a: Illumise|0 fnt
|faint|p2a: Illumise
|
|-weather|RainDance|[upkeep]
|upkeep
|
|t:|1779634827
|switch|p2a: Rotom|Rotom-Wash|50/100
|turn|5
|
|t:|1779634839
|switch|p1a: Pelipper|Pelipper, M|100/100
|move|p2a: Rotom|Trick|p1a: Pelipper
|-activate|p2a: Rotom|move: Trick|[of] p1a: Pelipper
|-item|p1a: Pelipper|Choice Scarf|[from] move: Trick
|-item|p2a: Rotom|Choice Specs|[from] move: Trick
|
|-weather|none
|upkeep
|turn|6
|inactive|phanxflame has 120 seconds left.
|
|t:|1779634856
|switch|p1a: Krookodile|Krookodile, F|100/100
|-ability|p1a: Krookodile|Intimidate|boost
|-unboost|p2a: Rotom|atk|1
|move|p2a: Rotom|Will-O-Wisp|p1a: Krookodile
|-status|p1a: Krookodile|brn
|
|-damage|p1a: Krookodile|94/100 brn|[from] brn
|upkeep
|turn|7
|inactive|phanxflame has 120 seconds left.
|
|t:|1779634888
|switch|p2a: Great Tusk|Great Tusk|100/100
|move|p1a: Krookodile|Knock Off|p2a: Great Tusk
|-resisted|p2a: Great Tusk
|-damage|p2a: Great Tusk|92/100
|-enditem|p2a: Great Tusk|Heavy-Duty Boots|[from] move: Knock Off|[of] p1a: Krookodile
|
|-damage|p1a: Krookodile|88/100 brn|[from] brn
|upkeep
|turn|8
|inactive|HLAHartUAI has 120 seconds left.
|
|t:|1779634937
|switch|p1a: Pelipper|Pelipper, M|100/100
|-weather|RainDance|[from] ability: Drizzle|[of] p1a: Pelipper
|move|p2a: Great Tusk|Ice Spinner|p1a: Pelipper
|-damage|p1a: Pelipper|69/100
|
|-weather|RainDance|[upkeep]
|upkeep
|turn|9
|
|t:|1779634952
|-terastallize|p2a: Great Tusk|Steel
|move|p2a: Great Tusk|Knock Off|p1a: Pelipper
|-damage|p1a: Pelipper|32/100
|-enditem|p1a: Pelipper|Choice Scarf|[from] move: Knock Off|[of] p2a: Great Tusk
|move|p1a: Pelipper|Weather Ball|p2a: Great Tusk
|-damage|p2a: Great Tusk|0 fnt
|faint|p2a: Great Tusk
|-end|p2a: Great Tusk|Protosynthesis|[silent]
|
|-weather|RainDance|[upkeep]
|upkeep
|
|t:|1779634960
|switch|p2a: Rotom|Rotom-Wash|50/100
|turn|10
|inactive|phanxflame has 120 seconds left.
|
|t:|1779634975
|move|p2a: Rotom|Hydro Pump|p1a: Pelipper
|-resisted|p1a: Pelipper
|-damage|p1a: Pelipper|0 fnt
|faint|p1a: Pelipper
|
|-weather|RainDance|[upkeep]
|upkeep
|
|t:|1779634988
|switch|p1a: Hatterene|Hatterene, F|100/100
|turn|11
|
|t:|1779634992
|move|p2a: Rotom|Hydro Pump|p1a: Hatterene
|-enditem|p1a: Hatterene|Focus Sash
|-damage|p1a: Hatterene|1/100
|move|p1a: Hatterene|Trick Room|p1a: Hatterene
|-fieldstart|move: Trick Room|[of] p1a: Hatterene
|
|-weather|RainDance|[upkeep]
|upkeep
|turn|12
|inactive|HLAHartUAI has 120 seconds left.
|
|t:|1779635005
|switch|p2a: Heatran|Heatran, M|100/100
|move|p1a: Hatterene|Future Sight|p2a: Heatran
|-start|p1a: Hatterene|move: Future Sight
|
|-weather|none
|upkeep
|turn|13
|inactive|HLAHartUAI has 120 seconds left.
|
|t:|1779635016
|move|p1a: Hatterene|Healing Wish|p1a: Hatterene
|faint|p1a: Hatterene
|move|p2a: Heatran|Magma Storm|p1: Hatterene|[notarget]
|-fail|p2a: Heatran
|
|upkeep
|
|t:|1779635035
|switch|p1a: Rampardos|Rampardos, F|100/100
|turn|14
|inactive|HLAHartUAI has 120 seconds left.
|
|t:|1779635057
|switch|p2a: Kingambit|Kingambit, M|100/100
|-activate|p2a: Kingambit|ability: Supreme Overlord
|-start|p2a: Kingambit|fallen2|[silent]
|move|p1a: Rampardos|Focus Blast|p2a: Kingambit
|-supereffective|p2a: Kingambit
|-damage|p2a: Kingambit|0 fnt
|faint|p2a: Kingambit
|-end|p2a: Kingambit|fallen2|[silent]
|
|-hint|Future Sight did not hit because the target is fainted.
|upkeep
|
|t:|1779635079
|switch|p2a: Rotom|Rotom-Wash|50/100
|turn|15
|
|t:|1779635087
|move|p1a: Rampardos|Stone Edge|p2a: Rotom
|-damage|p2a: Rotom|0 fnt
|faint|p2a: Rotom
|
|-fieldend|move: Trick Room
|upkeep
|
|t:|1779635092
|switch|p2a: Dragapult|Dragapult, M|100/100
|turn|16
|inactive|phanxflame has 120 seconds left.
|
|t:|1779635123
|move|p2a: Dragapult|Phantom Force||[still]
|-prepare|p2a: Dragapult|Phantom Force
|move|p1a: Rampardos|Blizzard|p2a: Dragapult|[miss]
|-miss|p1a: Rampardos|p2a: Dragapult
|
|upkeep
|turn|17
|
|t:|1779635130
|switch|p1a: Krookodile|Krookodile, F|88/100 brn
|-heal|p1a: Krookodile|100/100|[from] move: Healing Wish
|-ability|p1a: Krookodile|Intimidate|boost
|-unboost|p2a: Dragapult|atk|1
|move|p2a: Dragapult|Phantom Force|p1a: Krookodile|[from] lockedmove
|-resisted|p1a: Krookodile
|-damage|p1a: Krookodile|79/100
|
|upkeep
|turn|18
|inactive|HLAHartUAI has 120 seconds left.
|
|t:|1779635138
|move|p2a: Dragapult|U-turn|p1a: Krookodile
|-supereffective|p1a: Krookodile
|-damage|p1a: Krookodile|38/100
|
|t:|1779635141
|switch|p2a: Heatran|Heatran, M|100/100|[from] U-turn
|move|p1a: Krookodile|Knock Off|p2a: Heatran
|-damage|p2a: Heatran|59/100
|-enditem|p2a: Heatran|Leftovers|[from] move: Knock Off|[of] p1a: Krookodile
|
|upkeep
|turn|19
|
|t:|1779635153
|move|p1a: Krookodile|Earthquake|p2a: Heatran
|-supereffective|p2a: Heatran
|-damage|p2a: Heatran|0 fnt
|faint|p2a: Heatran
|
|upkeep
|
|t:|1779635156
|switch|p2a: Dragapult|Dragapult, M|100/100
|turn|20
|
|t:|1779635159
|move|p2a: Dragapult|Dragon Darts|p1a: Krookodile
|-damage|p1a: Krookodile|7/100
|-anim|p2a: Dragapult|Dragon Darts|p1a: Krookodile
|-damage|p1a: Krookodile|0 fnt
|faint|p1a: Krookodile
|
|upkeep
|
|t:|1779635164
|switch|p1a: Gengar|Gengar, F|100/100
|turn|21
|
|t:|1779635175
|move|p1a: Gengar|Shadow Ball|p2a: Dragapult
|-supereffective|p2a: Dragapult
|-damage|p2a: Dragapult|0 fnt
|faint|p2a: Dragapult
|
|win|phanxflame
|raw|phanxflame's rating: 1137 &rarr; <strong>1164</strong><br />(+27 for winning)
|raw|HLAHartUAI's rating: 1171 &rarr; <strong>1144</strong><br />(-27 for losing)
|l|☆HLAHartUAI
|player|p2|
|l|☆phanxflame
|player|p1|
