|j|☆gardevoirandvapo
|j|☆umaasa
|t:|1779628943
|gametype|singles
|player|p1|gardevoirandvapo|169|1074
|player|p2|umaasa|265|1130
|gen|9
|tier|[Gen 9] OU
|rated|
|rule|HP Percentage Mod: HP is shown in percentages
|rule|Endless Battle Clause: Forcing endless battles is banned
|rule|Species Clause: Limit one of each Pokémon
|rule|OHKO Clause: OHKO moves are banned
|rule|Evasion Items Clause: Evasion items are banned
|rule|Evasion Moves Clause: Evasion moves are banned
|rule|Evasion Abilities Clause: Evasion abilities are banned
|rule|Sleep Moves Clause: Sleep-inducing moves are banned
|clearpoke
|poke|p1|Tinkaton, F|
|poke|p1|Raichu-Alola, M|
|poke|p1|Smeargle, F|
|poke|p1|Dragapult, F|
|poke|p1|Mismagius, M|
|poke|p1|Mew|
|poke|p2|Ceruledge, M|
|poke|p2|Cetitan, M|
|poke|p2|Glimmora, F|
|poke|p2|Armarouge, M|
|poke|p2|Quaquaval, M|
|poke|p2|Spidops, M|
|teampreview
|inactive|Battle timer is ON: inactive players will automatically lose when time's up. (requested by gardevoirandvapo)
|
|t:|1779628954
|teamsize|p1|6
|teamsize|p2|6
|start
|switch|p1a: Smeargle|Smeargle, F|100/100
|switch|p2a: Spidops|Spidops, M|100/100
|turn|1
|inactive|umaasa has 120 seconds left.
|
|t:|1779628997
|move|p1a: Smeargle|Toxic Spikes|p2a: Spidops
|-sidestart|p2: umaasa|move: Toxic Spikes
|move|p2a: Spidops|Spikes|p1a: Smeargle
|-sidestart|p1: gardevoirandvapo|Spikes
|
|upkeep
|turn|2
|
|t:|1779629004
|move|p1a: Smeargle|Stone Axe|p2a: Spidops
|-supereffective|p2a: Spidops
|-damage|p2a: Spidops|93/100
|-sidestart|p2: umaasa|move: Stealth Rock
|move|p2a: Spidops|Circle Throw|p1a: Smeargle
|-supereffective|p1a: Smeargle
|-damage|p1a: Smeargle|44/100
|drag|p1a: Dragapult|Dragapult, F|100/100
|
|upkeep
|turn|3
|
|t:|1779629023
|move|p1a: Dragapult|Flamethrower|p2a: Spidops
|-supereffective|p2a: Spidops
|-damage|p2a: Spidops|25/100
|move|p2a: Spidops|Sticky Web|p1a: Dragapult
|-sidestart|p1: gardevoirandvapo|move: Sticky Web
|
|upkeep
|turn|4
|inactive|umaasa has 120 seconds left.
|
|t:|1779629043
|move|p2a: Spidops|Silk Trap|p2a: Spidops
|-singleturn|p2a: Spidops|Protect
|move|p1a: Dragapult|Flamethrower|p2a: Spidops
|-activate|p2a: Spidops|move: Protect
|
|upkeep
|turn|5
|inactive|umaasa has 120 seconds left.
|
|t:|1779629058
|move|p1a: Dragapult|Flamethrower|p2a: Spidops
|-supereffective|p2a: Spidops
|-damage|p2a: Spidops|0 fnt
|faint|p2a: Spidops
|
|upkeep
|
|t:|1779629062
|switch|p2a: Glimmora|Glimmora, F|100/100
|-damage|p2a: Glimmora|88/100|[from] Stealth Rock
|-item|p2a: Glimmora|Air Balloon
|turn|6
|inactive|umaasa has 120 seconds left.
|inactive|gardevoirandvapo has 120 seconds left.
|
|t:|1779629097
|switch|p1a: Tinkaton|Tinkaton, F|100/100
|-damage|p1a: Tinkaton|88/100|[from] Spikes
|-activate|p1a: Tinkaton|move: Sticky Web
|-unboost|p1a: Tinkaton|spe|1
|-ability|p1a: Tinkaton|Mold Breaker
|move|p2a: Glimmora|Toxic Spikes|p1a: Tinkaton
|-sidestart|p1: gardevoirandvapo|move: Toxic Spikes
|
|-heal|p1a: Tinkaton|94/100|[from] item: Leftovers
|upkeep
|turn|7
|inactive|gardevoirandvapo has 120 seconds left.
|inactive|umaasa has 120 seconds left.
|
|t:|1779629110
|move|p2a: Glimmora|Toxic Spikes|p1a: Tinkaton
|-sidestart|p1: gardevoirandvapo|move: Toxic Spikes
|move|p1a: Tinkaton|Gigaton Hammer|p2a: Glimmora
|-supereffective|p2a: Glimmora
|-crit|p2a: Glimmora
|-damage|p2a: Glimmora|0 fnt
|-enditem|p2a: Glimmora|Air Balloon
|faint|p2a: Glimmora
|
|-heal|p1a: Tinkaton|100/100|[from] item: Leftovers
|upkeep
|inactive|umaasa has 120 seconds left.
|
|t:|1779629120
|switch|p2a: Quaquaval|Quaquaval, M|100/100
|-status|p2a: Quaquaval|psn
|-damage|p2a: Quaquaval|94/100 psn|[from] Stealth Rock
|turn|8
|inactive|gardevoirandvapo has 120 seconds left.
|inactive|gardevoirandvapo has 90 seconds left.
|
|t:|1779629171
|switch|p1a: Mismagius|Mismagius, M, shiny|100/100
|move|p2a: Quaquaval|Rapid Spin|p1a: Mismagius
|-immune|p1a: Mismagius
|
|-damage|p2a: Quaquaval|82/100 psn|[from] psn
|upkeep
|turn|9
|inactive|gardevoirandvapo has 90 seconds left.
|
|t:|1779629181
|-terastallize|p1a: Mismagius|Ghost
|move|p1a: Mismagius|Hex|p2a: Quaquaval
|-damage|p2a: Quaquaval|0 fnt
|faint|p2a: Quaquaval
|
|upkeep
|-message|umaasa forfeited.
|
|win|gardevoirandvapo
|raw|gardevoirandvapo's rating: 1074 &rarr; <strong>1108</strong><br />(+34 for winning)
|raw|umaasa's rating: 1130 &rarr; <strong>1101</strong><br />(-29 for losing)
|l|☆umaasa
|player|p2|
|c|☆gardevoirandvapo|Gg
