|j|☆magicsalt
|j|☆CopperCorndog
|t:|1779678284
|gametype|singles
|player|p1|magicsalt|clair|1185
|player|p2|CopperCorndog|swimmerf|1183
|gen|9
|tier|[Gen 9] OU
|rated|
|rule|HP Percentage Mod: HP is shown in percentages
|rule|Endless Battle Clause: Forcing endless battles is banned
|rule|Species Clause: Limit one of each Pokémon
|rule|OHKO Clause: OHKO moves are banned
|rule|Evasion Items Clause: Evasion items are banned
|rule|Evasion Moves Clause: Evasion moves are banned
|rule|Evasion Abilities Clause: Evasion abilities are banned
|rule|Sleep Moves Clause: Sleep-inducing moves are banned
|clearpoke
|poke|p1|Salazzle, F|
|poke|p1|Glimmora, M|
|poke|p1|Darkrai|
|poke|p1|Toxapex, M|
|poke|p1|Corviknight, M|
|poke|p1|Blissey, F|
|poke|p2|Tyranitar, M|
|poke|p2|Gliscor, M|
|poke|p2|Landorus-Therian, M|
|poke|p2|Excadrill, F|
|poke|p2|Gholdengo|
|poke|p2|Scizor, F|
|teampreview
|inactive|Battle timer is ON: inactive players will automatically lose when time's up. (requested by CopperCorndog)
|
|t:|1779678298
|teamsize|p1|6
|teamsize|p2|6
|start
|switch|p1a: A roc|Glimmora, M, shiny|100/100
|switch|p2a: Subway Slammer|Tyranitar, M, shiny|100/100
|-weather|Sandstorm|[from] ability: Sand Stream|[of] p2a: Subway Slammer
|turn|1
|
|t:|1779678305
|move|p1a: A roc|Toxic|p2a: Subway Slammer
|-status|p2a: Subway Slammer|tox
|move|p2a: Subway Slammer|Stealth Rock|p1a: A roc
|-sidestart|p1: magicsalt|move: Stealth Rock
|
|-weather|Sandstorm|[upkeep]
|-damage|p2a: Subway Slammer|94/100 tox|[from] psn
|upkeep
|turn|2
|
|t:|1779678314
|switch|p2a: Ferrus Manus|Excadrill, F|100/100
|move|p1a: A roc|Stealth Rock|p2a: Ferrus Manus
|-sidestart|p2: CopperCorndog|move: Stealth Rock
|
|-weather|Sandstorm|[upkeep]
|upkeep
|turn|3
|
|t:|1779678325
|move|p2a: Ferrus Manus|Swords Dance|p2a: Ferrus Manus
|-boost|p2a: Ferrus Manus|atk|2
|move|p1a: A roc|Toxic|p2a: Ferrus Manus
|-status|p2a: Ferrus Manus|tox
|
|-weather|Sandstorm|[upkeep]
|-damage|p2a: Ferrus Manus|94/100 tox|[from] psn
|upkeep
|turn|4
|
|t:|1779678332
|switch|p1a: Arkham birbby|Corviknight, M|100/100
|-ability|p1a: Arkham birbby|Unnerve
|-damage|p1a: Arkham birbby|88/100|[from] Stealth Rock
|move|p2a: Ferrus Manus|Earthquake|p1a: Arkham birbby
|-immune|p1a: Arkham birbby
|
|-weather|Sandstorm|[upkeep]
|-heal|p2a: Ferrus Manus|100/100 tox|[from] item: Leftovers
|-heal|p1a: Arkham birbby|94/100|[from] item: Leftovers
|-damage|p2a: Ferrus Manus|88/100 tox|[from] psn
|upkeep
|turn|5
|
|t:|1779678347
|move|p2a: Ferrus Manus|Rapid Spin|p1a: Arkham birbby
|-resisted|p1a: Arkham birbby
|-damage|p1a: Arkham birbby|79/100
|-boost|p2a: Ferrus Manus|spe|1
|-sideend|p2: CopperCorndog|Stealth Rock|[from] move: Rapid Spin|[of] p2a: Ferrus Manus
|move|p1a: Arkham birbby|Iron Defense|p1a: Arkham birbby
|-boost|p1a: Arkham birbby|def|2
|
|-weather|Sandstorm|[upkeep]
|-heal|p2a: Ferrus Manus|94/100 tox|[from] item: Leftovers
|-heal|p1a: Arkham birbby|86/100|[from] item: Leftovers
|-damage|p2a: Ferrus Manus|76/100 tox|[from] psn
|upkeep
|turn|6
|
|t:|1779678359
|switch|p2a: Triple T|Gholdengo, shiny|100/100
|move|p1a: Arkham birbby|Iron Defense|p1a: Arkham birbby
|-boost|p1a: Arkham birbby|def|2
|
|-weather|Sandstorm|[upkeep]
|-heal|p1a: Arkham birbby|92/100|[from] item: Leftovers
|upkeep
|turn|7
|inactive|magicsalt has 120 seconds left.
|
|t:|1779678396
|switch|p1a: Spikey thingy|Toxapex, M|100/100
|-damage|p1a: Spikey thingy|88/100|[from] Stealth Rock
|move|p2a: Triple T|Thunderbolt|p1a: Spikey thingy
|-supereffective|p1a: Spikey thingy
|-damage|p1a: Spikey thingy|35/100
|-status|p1a: Spikey thingy|par
|
|-weather|Sandstorm|[upkeep]
|-damage|p1a: Spikey thingy|29/100 par|[from] Sandstorm
|-heal|p1a: Spikey thingy|35/100 par|[from] item: Leftovers
|upkeep
|turn|8
|inactive|magicsalt has 120 seconds left.
|
|t:|1779678414
|move|p2a: Triple T|Thunderbolt|p1a: Spikey thingy
|-supereffective|p1a: Spikey thingy
|-damage|p1a: Spikey thingy|0 fnt
|faint|p1a: Spikey thingy
|
|-weather|none
|upkeep
|
|t:|1779678421
|switch|p1a: Edgey|Darkrai, shiny|100/100
|-damage|p1a: Edgey|88/100|[from] Stealth Rock
|turn|9
|
|t:|1779678430
|switch|p2a: Subway Slammer|Tyranitar, M, shiny|94/100 tox
|-weather|Sandstorm|[from] ability: Sand Stream|[of] p2a: Subway Slammer
|move|p1a: Edgey|Dark Pulse|p2a: Subway Slammer
|-resisted|p2a: Subway Slammer
|-damage|p2a: Subway Slammer|83/100 tox
|
|-weather|Sandstorm|[upkeep]
|-damage|p1a: Edgey|82/100|[from] Sandstorm
|-damage|p2a: Subway Slammer|76/100 tox|[from] psn
|upkeep
|turn|10
|inactive|magicsalt has 120 seconds left.
|
|t:|1779678446
|switch|p1a: Arkham birbby|Corviknight, M|92/100
|-ability|p1a: Arkham birbby|Unnerve
|-damage|p1a: Arkham birbby|79/100|[from] Stealth Rock
|switch|p2a: Solo RICO Case|Scizor, F|100/100
|
|-weather|Sandstorm|[upkeep]
|-heal|p1a: Arkham birbby|86/100|[from] item: Leftovers
|upkeep
|turn|11
|
|t:|1779678457
|switch|p2a: Triple T|Gholdengo, shiny|100/100
|move|p1a: Arkham birbby|Defog|p2a: Triple T
|-immune|p2a: Triple T|[from] ability: Good as Gold
|
|-weather|Sandstorm|[upkeep]
|-heal|p1a: Arkham birbby|92/100|[from] item: Leftovers
|upkeep
|turn|12
|
|t:|1779678482
|switch|p1a: Edgey|Darkrai, shiny|82/100
|-damage|p1a: Edgey|70/100|[from] Stealth Rock
|move|p2a: Triple T|Thunderbolt|p1a: Edgey
|-damage|p1a: Edgey|28/100
|-status|p1a: Edgey|par
|
|-weather|Sandstorm|[upkeep]
|-damage|p1a: Edgey|22/100 par|[from] Sandstorm
|upkeep
|turn|13
|
|t:|1779678491
|move|p2a: Triple T|Thunderbolt|p1a: Edgey
|-damage|p1a: Edgey|0 fnt
|faint|p1a: Edgey
|
|-weather|Sandstorm|[upkeep]
|upkeep
|-message|magicsalt forfeited.
|
|win|CopperCorndog
|raw|magicsalt's rating: 1185 &rarr; <strong>1160</strong><br />(-25 for losing)
|raw|CopperCorndog's rating: 1183 &rarr; <strong>1208</strong><br />(+25 for winning)
|l|☆CopperCorndog
|player|p2|
