|j|☆sawquarete
|j|☆immaterial-light
|t:|1779647162
|gametype|singles
|player|p1|sawquarete|policeman-gen4|1390
|player|p2|immaterial-light|101|1353
|gen|9
|tier|[Gen 9] OU
|rated|
|rule|HP Percentage Mod: HP is shown in percentages
|rule|Endless Battle Clause: Forcing endless battles is banned
|rule|Species Clause: Limit one of each Pokémon
|rule|OHKO Clause: OHKO moves are banned
|rule|Evasion Items Clause: Evasion items are banned
|rule|Evasion Moves Clause: Evasion moves are banned
|rule|Evasion Abilities Clause: Evasion abilities are banned
|rule|Sleep Moves Clause: Sleep-inducing moves are banned
|clearpoke
|poke|p1|Gholdengo|
|poke|p1|Great Tusk|
|poke|p1|Iron Valiant|
|poke|p1|Pecharunt|
|poke|p1|Dragonite, M|
|poke|p1|Alomomola, M|
|poke|p2|Cresselia, F|
|poke|p2|Hatterene, F|
|poke|p2|Iron Hands|
|poke|p2|Ursaluna, M|
|poke|p2|Vikavolt, F|
|poke|p2|Porygon2|
|teampreview
|inactive|Battle timer is ON: inactive players will automatically lose when time's up. (requested by immaterial-light)
|c|☆sawquarete|idk why the fuck i play this tier
|c|☆sawquarete|fuck ass 200 elo less in an hour
|c|☆sawquarete|fuck
|
|t:|1779647192
|teamsize|p1|6
|teamsize|p2|6
|start
|switch|p1a: Dragonite|Dragonite, M|100/100
|switch|p2a: Porygon2|Porygon2|100/100
|-ability|p2a: Porygon2|Download|boost
|-boost|p2a: Porygon2|atk|1
|turn|1
|
|t:|1779647203
|switch|p1a: Pecharunt|Pecharunt|100/100
|move|p2a: Porygon2|Trick Room|p2a: Porygon2
|-fieldstart|move: Trick Room|[of] p2a: Porygon2
|
|upkeep
|turn|2
|
|t:|1779647211
|move|p2a: Porygon2|Shadow Ball|p1a: Pecharunt
|-supereffective|p1a: Pecharunt
|-damage|p1a: Pecharunt|42/100
|move|p1a: Pecharunt|Malignant Chain|p2a: Porygon2
|-damage|p2a: Porygon2|76/100
|-status|p2a: Porygon2|tox
|-start|p2a: Porygon2|confusion|[from] ability: Poison Puppeteer|[of] p1a: Pecharunt
|
|-damage|p2a: Porygon2|70/100 tox|[from] psn
|upkeep
|turn|3
|
|t:|1779647219
|switch|p2a: Vikavolt|Vikavolt, F|100/100
|switch|p1a: Alomomola|Alomomola, M|100/100
|
|upkeep
|turn|4
|
|t:|1779647223
|move|p2a: Vikavolt|Energy Ball|p1a: Alomomola
|-supereffective|p1a: Alomomola
|-damage|p1a: Alomomola|45/100
|move|p1a: Alomomola|Mirror Coat|p2a: Vikavolt
|-damage|p2a: Vikavolt|0 fnt
|faint|p2a: Vikavolt
|
|upkeep
|
|t:|1779647236
|switch|p2a: Porygon2|Porygon2|70/100 tox
|-ability|p2a: Porygon2|Download|boost
|-boost|p2a: Porygon2|atk|1
|turn|5
|
|t:|1779647248
|switch|p2a: Cresselia|Cresselia, F|100/100
|move|p1a: Alomomola|Mirror Coat||[still]
|-fail|p1a: Alomomola
|
|-fieldend|move: Trick Room
|upkeep
|turn|6
|
|t:|1779647252
|move|p1a: Alomomola|Flip Turn|p2a: Cresselia
|-crit|p2a: Cresselia
|-damage|p2a: Cresselia|87/100
|
|t:|1779647255
|switch|p1a: Gholdengo|Gholdengo|100/100|[from] Flip Turn
|move|p2a: Cresselia|Trick Room|p2a: Cresselia
|-fieldstart|move: Trick Room|[of] p2a: Cresselia
|
|upkeep
|turn|7
|
|t:|1779647260
|move|p2a: Cresselia|Lunar Dance|p2a: Cresselia
|faint|p2a: Cresselia
|move|p1a: Gholdengo|Shadow Ball|p2: Cresselia|[notarget]
|-fail|p1a: Gholdengo
|
|upkeep
|
|t:|1779647262
|switch|p2a: Porygon2|Porygon2|70/100 tox
|-heal|p2a: Porygon2|100/100|[from] move: Lunar Dance
|-ability|p2a: Porygon2|Download|boost
|-boost|p2a: Porygon2|spa|1
|turn|8
|
|t:|1779647267
|switch|p1a: Alomomola|Alomomola, M|78/100
|move|p2a: Porygon2|Shadow Ball|p1a: Alomomola
|-damage|p1a: Alomomola|59/100
|
|upkeep
|turn|9
|
|t:|1779647273
|switch|p2a: Ursaluna|Ursaluna, M|100/100
|move|p1a: Alomomola|Flip Turn|p2a: Ursaluna
|-supereffective|p2a: Ursaluna
|-damage|p2a: Ursaluna|79/100
|
|t:|1779647276
|switch|p1a: Dragonite|Dragonite, M|100/100|[from] Flip Turn
|
|-status|p2a: Ursaluna|brn|[from] item: Flame Orb
|upkeep
|turn|10
|
|t:|1779647284
|-terastallize|p2a: Ursaluna|Normal
|move|p2a: Ursaluna|Facade|p1a: Dragonite
|-damage|p1a: Dragonite|5/100
|move|p1a: Dragonite|Ice Spinner|p2a: Ursaluna
|-damage|p2a: Ursaluna|56/100 brn
|
|-damage|p2a: Ursaluna|50/100 brn|[from] brn
|-fieldend|move: Trick Room
|upkeep
|turn|11
|
|t:|1779647293
|switch|p1a: Gholdengo|Gholdengo|100/100
|move|p2a: Ursaluna|Fire Punch|p1a: Gholdengo
|-supereffective|p1a: Gholdengo
|-damage|p1a: Gholdengo|0 fnt
|faint|p1a: Gholdengo
|
|-damage|p2a: Ursaluna|44/100 brn|[from] brn
|upkeep
|
|t:|1779647306
|switch|p1a: Great Tusk|Great Tusk|100/100
|turn|12
|
|t:|1779647309
|switch|p2a: Porygon2|Porygon2|100/100
|-ability|p2a: Porygon2|Download|boost
|-boost|p2a: Porygon2|spa|1
|move|p1a: Great Tusk|Headlong Rush|p2a: Porygon2
|-damage|p2a: Porygon2|58/100
|-unboost|p1a: Great Tusk|def|1
|-unboost|p1a: Great Tusk|spd|1
|
|upkeep
|turn|13
|
|t:|1779647316
|switch|p2a: Hatterene|Hatterene, F|100/100
|-terastallize|p1a: Great Tusk|Steel
|move|p1a: Great Tusk|Stealth Rock|p2a: Hatterene
|move|p2a: Hatterene|Stealth Rock|p1a: Great Tusk|[from] ability: Magic Bounce
|-sidestart|p1: sawquarete|move: Stealth Rock
|
|upkeep
|turn|14
|
|t:|1779647322
|move|p1a: Great Tusk|Rapid Spin|p2a: Hatterene
|-damage|p2a: Hatterene|82/100
|-boost|p1a: Great Tusk|spe|1
|-sideend|p1: sawquarete|Stealth Rock|[from] move: Rapid Spin|[of] p1a: Great Tusk
|move|p2a: Hatterene|Trick Room|p2a: Hatterene
|-fieldstart|move: Trick Room|[of] p2a: Hatterene
|
|upkeep
|turn|15
|
|t:|1779647341
|move|p2a: Hatterene|Healing Wish|p2a: Hatterene
|faint|p2a: Hatterene
|move|p1a: Great Tusk|Headlong Rush|p2: Hatterene|[notarget]
|-fail|p1a: Great Tusk
|
|upkeep
|
|t:|1779647344
|switch|p2a: Ursaluna|Ursaluna, M, tera:Normal|44/100 brn
|-heal|p2a: Ursaluna|100/100|[from] move: Healing Wish
|turn|16
|
|t:|1779647348
|-end|p1a: Great Tusk|Protosynthesis|[silent]
|switch|p1a: Dragonite|Dragonite, M|5/100
|move|p2a: Ursaluna|Headlong Rush|p1a: Dragonite
|-immune|p1a: Dragonite
|
|-status|p2a: Ursaluna|brn|[from] item: Flame Orb
|upkeep
|turn|17
|
|t:|1779647356
|switch|p1a: Pecharunt|Pecharunt|42/100
|move|p2a: Ursaluna|Fire Punch|p1a: Pecharunt
|-damage|p1a: Pecharunt|7/100
|-status|p1a: Pecharunt|brn
|
|-damage|p2a: Ursaluna|94/100 brn|[from] brn
|-damage|p1a: Pecharunt|1/100 brn|[from] brn
|upkeep
|turn|18
|
|t:|1779647371
|move|p2a: Ursaluna|Fire Punch|p1a: Pecharunt
|-damage|p1a: Pecharunt|0 fnt
|faint|p1a: Pecharunt
|
|-damage|p2a: Ursaluna|88/100 brn|[from] brn
|-fieldend|move: Trick Room
|upkeep
|
|t:|1779647382
|switch|p1a: Dragonite|Dragonite, M|5/100
|turn|19
|
|t:|1779647386
|move|p1a: Dragonite|Earthquake|p2a: Ursaluna
|-damage|p2a: Ursaluna|59/100 brn
|move|p2a: Ursaluna|Facade|p1a: Dragonite
|-damage|p1a: Dragonite|0 fnt
|faint|p1a: Dragonite
|
|-damage|p2a: Ursaluna|53/100 brn|[from] brn
|upkeep
|
|t:|1779647403
|switch|p1a: Great Tusk|Great Tusk, tera:Steel|100/100
|turn|20
|
|t:|1779647406
|move|p1a: Great Tusk|Headlong Rush|p2a: Ursaluna
|-damage|p2a: Ursaluna|5/100 brn
|-unboost|p1a: Great Tusk|def|1
|-unboost|p1a: Great Tusk|spd|1
|move|p2a: Ursaluna|Headlong Rush|p1a: Great Tusk
|-supereffective|p1a: Great Tusk
|-damage|p1a: Great Tusk|0 fnt
|-unboost|p2a: Ursaluna|def|1
|-unboost|p2a: Ursaluna|spd|1
|faint|p1a: Great Tusk
|-end|p1a: Great Tusk|Protosynthesis|[silent]
|
|-damage|p2a: Ursaluna|0 fnt|[from] brn
|faint|p2a: Ursaluna
|upkeep
|
|t:|1779647414
|switch|p1a: Iron Valiant|Iron Valiant|100/100
|switch|p2a: Porygon2|Porygon2|58/100
|-ability|p2a: Porygon2|Download|boost
|-boost|p2a: Porygon2|spa|1
|-enditem|p1a: Iron Valiant|Booster Energy
|-activate|p1a: Iron Valiant|ability: Quark Drive|[fromitem]
|-start|p1a: Iron Valiant|quarkdrivespe
|turn|21
|
|t:|1779647420
|move|p1a: Iron Valiant|Calm Mind|p1a: Iron Valiant
|-boost|p1a: Iron Valiant|spa|1
|-boost|p1a: Iron Valiant|spd|1
|move|p2a: Porygon2|Trick Room|p2a: Porygon2
|-fieldstart|move: Trick Room|[of] p2a: Porygon2
|
|upkeep
|turn|22
|
|t:|1779647425
|move|p2a: Porygon2|Hyper Beam|p1a: Iron Valiant
|-damage|p1a: Iron Valiant|0 fnt
|-mustrecharge|p2a: Porygon2
|faint|p1a: Iron Valiant
|-end|p1a: Iron Valiant|Quark Drive|[silent]
|
|upkeep
|
|t:|1779647427
|switch|p1a: Alomomola|Alomomola, M|92/100
|turn|23
|
|t:|1779647428
|cant|p2a: Porygon2|recharge
|move|p1a: Alomomola|Scald|p2a: Porygon2
|-damage|p2a: Porygon2|49/100
|
|upkeep
|turn|24
|c|☆sawquarete|f off
|c|☆sawquarete|f off
|c|☆sawquarete|nbx´4KN[¨L wL*;a.a{
|-message|sawquarete forfeited.
|
|win|immaterial-light
