|j|☆the shardster
|j|☆ventussxo
|t:|1779642787
|gametype|singles
|player|p1|the shardster|rocketgrunt|1213
|player|p2|ventussxo|pokemaniac|1187
|gen|9
|tier|[Gen 9] OU
|rated|
|rule|HP Percentage Mod: HP is shown in percentages
|rule|Endless Battle Clause: Forcing endless battles is banned
|rule|Species Clause: Limit one of each Pokémon
|rule|OHKO Clause: OHKO moves are banned
|rule|Evasion Items Clause: Evasion items are banned
|rule|Evasion Moves Clause: Evasion moves are banned
|rule|Evasion Abilities Clause: Evasion abilities are banned
|rule|Sleep Moves Clause: Sleep-inducing moves are banned
|clearpoke
|poke|p1|Hydreigon, F|
|poke|p1|Milotic, M|
|poke|p1|Incineroar, M|
|poke|p1|Zapdos-Galar|
|poke|p1|Ribombee, M|
|poke|p1|Iron Treads|
|poke|p2|Iron Moth|
|poke|p2|Gliscor, F|
|poke|p2|Hatterene, F|
|poke|p2|Ogerpon-Wellspring, F|
|poke|p2|Raging Bolt|
|poke|p2|Zamazenta-*|
|teampreview
|inactive|Battle timer is ON: inactive players will automatically lose when time's up. (requested by the shardster)
|
|t:|1779642793
|teamsize|p1|6
|teamsize|p2|6
|start
|switch|p1a: Iron Treads|Iron Treads|100/100
|switch|p2a: Zamazenta|Zamazenta|100/100
|-ability|p2a: Zamazenta|Dauntless Shield|boost
|-boost|p2a: Zamazenta|def|1
|-enditem|p1a: Iron Treads|Booster Energy
|-activate|p1a: Iron Treads|ability: Quark Drive|[fromitem]
|-start|p1a: Iron Treads|quarkdrivespe
|turn|1
|
|t:|1779642810
|move|p1a: Iron Treads|Stealth Rock|p2a: Zamazenta
|-sidestart|p2: ventussxo|move: Stealth Rock
|move|p2a: Zamazenta|Reflect|p2a: Zamazenta
|-sidestart|p2: ventussxo|Reflect
|
|upkeep
|turn|2
|
|t:|1779642815
|move|p1a: Iron Treads|Earthquake|p2a: Zamazenta
|-damage|p2a: Zamazenta|88/100
|move|p2a: Zamazenta|Light Screen|p2a: Zamazenta
|-sidestart|p2: ventussxo|move: Light Screen
|
|upkeep
|turn|3
|
|t:|1779642827
|-end|p1a: Iron Treads|Quark Drive|[silent]
|switch|p1a: Ribombee|Ribombee, M|100/100
|move|p2a: Zamazenta|Close Combat|p1a: Ribombee
|-resisted|p1a: Ribombee
|-damage|p1a: Ribombee|76/100
|-unboost|p2a: Zamazenta|def|1
|-unboost|p2a: Zamazenta|spd|1
|
|upkeep
|turn|4
|
|t:|1779642848
|switch|p2a: Gliscor|Gliscor, F|100/100
|-damage|p2a: Gliscor|88/100|[from] Stealth Rock
|move|p1a: Ribombee|Quiver Dance|p1a: Ribombee
|-boost|p1a: Ribombee|spa|1
|-boost|p1a: Ribombee|spd|1
|-boost|p1a: Ribombee|spe|1
|
|-status|p2a: Gliscor|tox|[from] item: Toxic Orb
|upkeep
|turn|5
|
|t:|1779642860
|-terastallize|p2a: Gliscor|Normal
|move|p1a: Ribombee|Moonblast|p2a: Gliscor
|-damage|p2a: Gliscor|45/100 tox
|move|p2a: Gliscor|Facade|p1a: Ribombee
|-damage|p1a: Ribombee|0 fnt
|faint|p1a: Ribombee
|
|-heal|p2a: Gliscor|57/100 tox|[from] ability: Poison Heal
|upkeep
|
|t:|1779642869
|switch|p1a: Incineroar|Incineroar, M|100/100
|-ability|p1a: Incineroar|Intimidate|boost
|-unboost|p2a: Gliscor|atk|1
|turn|6
|
|t:|1779642883
|move|p1a: Incineroar|Fake Out|p2a: Gliscor
|-damage|p2a: Gliscor|51/100 tox
|cant|p2a: Gliscor|flinch
|
|-heal|p2a: Gliscor|63/100 tox|[from] ability: Poison Heal
|upkeep
|turn|7
|
|t:|1779642896
|switch|p1a: Milotic|Milotic, M|100/100
|move|p2a: Gliscor|Earthquake|p1a: Milotic
|-damage|p1a: Milotic|77/100
|
|-heal|p2a: Gliscor|76/100 tox|[from] ability: Poison Heal
|-status|p1a: Milotic|brn|[from] item: Flame Orb
|upkeep
|turn|8
|
|t:|1779642908
|move|p2a: Gliscor|Facade|p1a: Milotic
|-damage|p1a: Milotic|58/100 brn
|move|p1a: Milotic|Scald|p2a: Gliscor
|-damage|p2a: Gliscor|57/100 tox
|
|-heal|p2a: Gliscor|69/100 tox|[from] ability: Poison Heal
|-damage|p1a: Milotic|52/100 brn|[from] brn
|-sideend|p2: ventussxo|Reflect
|upkeep
|turn|9
|
|t:|1779642920
|move|p2a: Gliscor|Swords Dance|p2a: Gliscor
|-boost|p2a: Gliscor|atk|2
|move|p1a: Milotic|Scald|p2a: Gliscor
|-damage|p2a: Gliscor|50/100 tox
|
|-heal|p2a: Gliscor|62/100 tox|[from] ability: Poison Heal
|-damage|p1a: Milotic|46/100 brn|[from] brn
|-sideend|p2: ventussxo|move: Light Screen
|upkeep
|turn|10
|
|t:|1779642930
|move|p2a: Gliscor|Facade|p1a: Milotic
|-damage|p1a: Milotic|0 fnt
|faint|p1a: Milotic
|
|-heal|p2a: Gliscor|74/100 tox|[from] ability: Poison Heal
|upkeep
|
|t:|1779642935
|switch|p1a: Zapdos|Zapdos-Galar|100/100
|turn|11
|
|t:|1779642944
|switch|p2a: Zamazenta|Zamazenta|88/100
|-damage|p2a: Zamazenta|82/100|[from] Stealth Rock
|move|p1a: Zapdos|Thunderous Kick|p2a: Zamazenta
|-damage|p2a: Zamazenta|44/100
|-unboost|p2a: Zamazenta|def|1
|
|upkeep
|turn|12
|
|t:|1779642956
|move|p2a: Zamazenta|Reflect|p2a: Zamazenta
|-sidestart|p2: ventussxo|Reflect
|move|p1a: Zapdos|Acrobatics|p2a: Zamazenta
|-supereffective|p2a: Zamazenta
|-damage|p2a: Zamazenta|10/100
|
|upkeep
|turn|13
|
|t:|1779642965
|move|p2a: Zamazenta|Light Screen|p2a: Zamazenta
|-sidestart|p2: ventussxo|move: Light Screen
|move|p1a: Zapdos|Thunderous Kick|p2a: Zamazenta
|-damage|p2a: Zamazenta|0 fnt
|faint|p2a: Zamazenta
|
|upkeep
|
|t:|1779642984
|switch|p2a: Hatterene|Hatterene, F|100/100
|-damage|p2a: Hatterene|88/100|[from] Stealth Rock
|turn|14
|
|t:|1779642996
|move|p1a: Zapdos|Acrobatics|p2a: Hatterene
|-damage|p2a: Hatterene|76/100
|move|p2a: Hatterene|Draining Kiss|p1a: Zapdos
|-supereffective|p1a: Zapdos
|-damage|p1a: Zapdos|44/100
|-heal|p2a: Hatterene|100/100|[from] drain|[of] p1a: Zapdos
|
|upkeep
|turn|15
|
|t:|1779643006
|move|p1a: Zapdos|U-turn|p2a: Hatterene
|-damage|p2a: Hatterene|91/100
|
|t:|1779643018
|switch|p1a: Iron Treads|Iron Treads|100/100|[from] U-turn
|move|p2a: Hatterene|Calm Mind|p2a: Hatterene
|-boost|p2a: Hatterene|spa|1
|-boost|p2a: Hatterene|spd|1
|
|-heal|p2a: Hatterene|97/100|[from] item: Leftovers
|upkeep
|turn|16
|
|t:|1779643042
|move|p1a: Iron Treads|Heavy Slam|p2a: Hatterene
|-supereffective|p2a: Hatterene
|-damage|p2a: Hatterene|49/100
|move|p2a: Hatterene|Mystical Fire|p1a: Iron Treads
|-supereffective|p1a: Iron Treads
|-damage|p1a: Iron Treads|5/100
|-unboost|p1a: Iron Treads|spa|1
|
|-heal|p2a: Hatterene|55/100|[from] item: Leftovers
|upkeep
|turn|17
|inactive|ventussxo has 120 seconds left.
|
|t:|1779643072
|move|p1a: Iron Treads|Heavy Slam|p2a: Hatterene
|-supereffective|p2a: Hatterene
|-damage|p2a: Hatterene|12/100
|move|p2a: Hatterene|Mystical Fire|p1a: Iron Treads
|-supereffective|p1a: Iron Treads
|-damage|p1a: Iron Treads|0 fnt
|faint|p1a: Iron Treads
|-end|p1a: Iron Treads|Quark Drive|[silent]
|
|-heal|p2a: Hatterene|18/100|[from] item: Leftovers
|upkeep
|inactive|the shardster has 120 seconds left.
|inactive|the shardster has 90 seconds left.
|
|t:|1779643125
|switch|p1a: Incineroar|Incineroar, M|100/100
|-ability|p1a: Incineroar|Intimidate|boost
|-unboost|p2a: Hatterene|atk|1
|turn|18
|
|t:|1779643134
|move|p1a: Incineroar|Fake Out|p2a: Hatterene
|-damage|p2a: Hatterene|12/100
|cant|p2a: Hatterene|flinch
|
|-heal|p2a: Hatterene|18/100|[from] item: Leftovers
|upkeep
|turn|19
|inactive|the shardster has 90 seconds left.
|
|t:|1779643161
|move|p1a: Incineroar|Darkest Lariat|p2a: Hatterene
|-damage|p2a: Hatterene|0 fnt
|faint|p2a: Hatterene
|
|-sideend|p2: ventussxo|Reflect
|upkeep
|
|t:|1779643176
|switch|p2a: Ogerpon|Ogerpon-Wellspring, F|100/100
|-damage|p2a: Ogerpon|88/100|[from] Stealth Rock
|turn|20
|inactive|the shardster has 90 seconds left.
|
|t:|1779643184
|switch|p1a: Zapdos|Zapdos-Galar|44/100
|move|p2a: Ogerpon|Ivy Cudgel|p1a: Zapdos|[anim] Ivy Cudgel Water
|-damage|p1a: Zapdos|0 fnt
|faint|p1a: Zapdos
|
|-sideend|p2: ventussxo|move: Light Screen
|upkeep
|inactive|the shardster has 90 seconds left.
|
|t:|1779643213
|switch|p1a: Hydreigon|Hydreigon, F|100/100
|turn|21
|
|t:|1779643225
|switch|p2a: Gliscor|Gliscor, F, tera:Normal|74/100 tox
|-damage|p2a: Gliscor|62/100 tox|[from] Stealth Rock
|move|p1a: Hydreigon|Draco Meteor|p2a: Gliscor
|-damage|p2a: Gliscor|0 fnt
|-unboost|p1a: Hydreigon|spa|2
|faint|p2a: Gliscor
|
|upkeep
|
|t:|1779643245
|switch|p2a: Iron Moth|Iron Moth|100/100
|-damage|p2a: Iron Moth|76/100|[from] Stealth Rock
|-enditem|p2a: Iron Moth|Booster Energy
|-activate|p2a: Iron Moth|ability: Quark Drive|[fromitem]
|-start|p2a: Iron Moth|quarkdrivespe
|turn|22
|inactive|the shardster has 90 seconds left.
|inactive|the shardster has 60 seconds left.
|
|t:|1779643295
|move|p2a: Iron Moth|Sludge Wave|p1a: Hydreigon
|-damage|p1a: Hydreigon|44/100
|-status|p1a: Hydreigon|psn
|move|p1a: Hydreigon|Draco Meteor|p2a: Iron Moth
|-damage|p2a: Iron Moth|46/100
|-unboost|p1a: Hydreigon|spa|2
|
|-damage|p1a: Hydreigon|32/100 psn|[from] psn
|upkeep
|turn|23
|
|t:|1779643305
|switch|p1a: Incineroar|Incineroar, M|100/100
|-ability|p1a: Incineroar|Intimidate|boost
|-unboost|p2a: Iron Moth|atk|1
|move|p2a: Iron Moth|Sludge Wave|p1a: Incineroar
|-damage|p1a: Incineroar|58/100
|
|upkeep
|turn|24
|-message|the shardster forfeited.
|
|win|ventussxo
|raw|the shardster's rating: 1213 &rarr; <strong>1186</strong><br />(-27 for losing)
|raw|ventussxo's rating: 1187 &rarr; <strong>1214</strong><br />(+27 for winning)
|l|☆the shardster
|player|p1|
