|j|☆Fuga Mental
|j|☆Spotiana
|t:|1779653634
|gametype|singles
|player|p1|Fuga Mental|102|1170
|player|p2|Spotiana|zinnia|1224
|gen|9
|tier|[Gen 9] OU
|rated|
|rule|HP Percentage Mod: HP is shown in percentages
|rule|Endless Battle Clause: Forcing endless battles is banned
|rule|Species Clause: Limit one of each Pokémon
|rule|OHKO Clause: OHKO moves are banned
|rule|Evasion Items Clause: Evasion items are banned
|rule|Evasion Moves Clause: Evasion moves are banned
|rule|Evasion Abilities Clause: Evasion abilities are banned
|rule|Sleep Moves Clause: Sleep-inducing moves are banned
|clearpoke
|poke|p1|Skarmory, M|
|poke|p1|Krookodile, M|
|poke|p1|Inteleon, F|
|poke|p1|Cacturne, M|
|poke|p1|Mimikyu, F|
|poke|p1|Dragalge, F|
|poke|p2|Samurott-Hisui, F|
|poke|p2|Ogerpon-Wellspring, F|
|poke|p2|Kyurem|
|poke|p2|Great Tusk|
|poke|p2|Iron Valiant|
|poke|p2|Pecharunt|
|teampreview
|inactive|Battle timer is ON: inactive players will automatically lose when time's up. (requested by Spotiana)
|
|t:|1779653648
|teamsize|p1|6
|teamsize|p2|6
|start
|switch|p1a: Pickle|Cacturne, M|100/100
|switch|p2a: Anubis|Samurott-Hisui, F, shiny|100/100
|turn|1
|
|t:|1779653656
|switch|p2a: Gold Experience|Kyurem, shiny|100/100
|-ability|p2a: Gold Experience|Pressure
|move|p1a: Pickle|Swords Dance|p1a: Pickle
|-boost|p1a: Pickle|atk|2
|
|upkeep
|turn|2
|
|t:|1779653671
|-terastallize|p1a: Pickle|Fairy
|move|p2a: Gold Experience|Ice Beam|p1a: Pickle
|-damage|p1a: Pickle|22/100
|move|p1a: Pickle|Fell Stinger|p2a: Gold Experience
|-damage|p2a: Gold Experience|57/100
|-damage|p1a: Pickle|12/100|[from] item: Life Orb
|
|upkeep
|turn|3
|
|t:|1779653680
|move|p1a: Pickle|Sucker Punch|p2a: Gold Experience
|-damage|p2a: Gold Experience|0 fnt
|faint|p2a: Gold Experience
|-damage|p1a: Pickle|2/100|[from] item: Life Orb
|
|upkeep
|
|t:|1779653686
|switch|p2a: Silver Chariot|Iron Valiant, shiny|100/100
|-enditem|p2a: Silver Chariot|Booster Energy
|-activate|p2a: Silver Chariot|ability: Quark Drive|[fromitem]
|-start|p2a: Silver Chariot|quarkdrivespe
|turn|4
|
|t:|1779653691
|move|p1a: Pickle|Sucker Punch|p2a: Silver Chariot
|-resisted|p2a: Silver Chariot
|-damage|p2a: Silver Chariot|71/100
|-damage|p1a: Pickle|0 fnt|[from] item: Life Orb
|faint|p1a: Pickle
|move|p2a: Silver Chariot|Moonblast|p1: Pickle|[notarget]
|-fail|p2a: Silver Chariot
|
|upkeep
|
|t:|1779653697
|switch|p1a: Mystery|Dragalge, F|100/100
|turn|5
|l|☆Spotiana
|inactive|Spotiana disconnected and has a minute to reconnect!
|player|p2|
|j|☆Spotiana
|inactive|Spotiana reconnected and has 130 seconds left.
|player|p2|Spotiana|zinnia|
|
|t:|1779653727
|-end|p2a: Silver Chariot|Quark Drive|[silent]
|switch|p2a: Purple Haze|Pecharunt|100/100
|-item|p2a: Purple Haze|Air Balloon
|move|p1a: Mystery|Focus Blast|p2a: Purple Haze
|-immune|p2a: Purple Haze
|
|upkeep
|turn|6
|
|t:|1779653736
|switch|p1a: Excalibird|Skarmory, M|100/100
|move|p2a: Purple Haze|Nasty Plot|p2a: Purple Haze
|-boost|p2a: Purple Haze|spa|2
|
|upkeep
|turn|7
|
|t:|1779653743
|move|p2a: Purple Haze|Shadow Ball|p1a: Excalibird
|-damage|p1a: Excalibird|28/100
|move|p1a: Excalibird|Spikes|p2a: Purple Haze
|-sidestart|p2: Spotiana|Spikes
|
|upkeep
|turn|8
|
|t:|1779653749
|move|p2a: Purple Haze|Shadow Ball|p1a: Excalibird
|-damage|p1a: Excalibird|0 fnt
|faint|p1a: Excalibird
|
|upkeep
|
|t:|1779653751
|switch|p1a: Bandit|Krookodile, M, shiny|100/100
|turn|9
|
|t:|1779653755
|move|p1a: Bandit|Knock Off|p2a: Purple Haze
|-supereffective|p2a: Purple Haze
|-damage|p2a: Purple Haze|43/100
|-enditem|p2a: Purple Haze|Air Balloon
|move|p2a: Purple Haze|Malignant Chain|p1a: Bandit
|-resisted|p1a: Bandit
|-damage|p1a: Bandit|55/100
|
|upkeep
|turn|10
|
|t:|1779653768
|switch|p2a: Foo Fighters|Ogerpon-Wellspring, F|100/100
|-damage|p2a: Foo Fighters|88/100|[from] Spikes
|move|p1a: Bandit|Knock Off|p2a: Foo Fighters
|-damage|p2a: Foo Fighters|46/100
|
|upkeep
|turn|11
|
|t:|1779653777
|switch|p1a: Mystery|Dragalge, F|100/100
|move|p2a: Foo Fighters|Power Whip|p1a: Mystery
|-resisted|p1a: Mystery
|-damage|p1a: Mystery|80/100
|
|upkeep
|turn|12
|
|t:|1779653785
|move|p2a: Foo Fighters|Power Whip|p1a: Mystery|[miss]
|-miss|p2a: Foo Fighters|p1a: Mystery
|move|p1a: Mystery|Draco Meteor|p2a: Foo Fighters
|-damage|p2a: Foo Fighters|0 fnt
|-unboost|p1a: Mystery|spa|2
|faint|p2a: Foo Fighters
|
|upkeep
|
|t:|1779653789
|switch|p2a: Anubis|Samurott-Hisui, F, shiny|100/100
|-damage|p2a: Anubis|88/100|[from] Spikes
|turn|13
|
|t:|1779653794
|move|p2a: Anubis|Ceaseless Edge|p1a: Mystery
|-damage|p1a: Mystery|0 fnt
|-sidestart|p1: Fuga Mental|Spikes
|faint|p1a: Mystery
|
|upkeep
|
|t:|1779653807
|switch|p1a: Bandit|Krookodile, M, shiny|55/100
|-damage|p1a: Bandit|42/100|[from] Spikes
|turn|14
|
|t:|1779653812
|move|p1a: Bandit|Bulk Up|p1a: Bandit
|-boost|p1a: Bandit|atk|1
|-boost|p1a: Bandit|def|1
|move|p2a: Anubis|Ceaseless Edge|p1a: Bandit
|-resisted|p1a: Bandit
|-damage|p1a: Bandit|13/100
|-sidestart|p1: Fuga Mental|Spikes
|
|upkeep
|turn|15
|
|t:|1779653820
|switch|p2a: Tusk Act 4|Great Tusk, shiny|100/100
|-damage|p2a: Tusk Act 4|88/100|[from] Spikes
|move|p1a: Bandit|Scale Shot|p2a: Tusk Act 4
|-crit|p2a: Tusk Act 4
|-damage|p2a: Tusk Act 4|76/100
|-damage|p2a: Tusk Act 4|67/100
|-damage|p2a: Tusk Act 4|59/100
|-damage|p2a: Tusk Act 4|52/100
|-damage|p2a: Tusk Act 4|45/100
|-hitcount|p2a: Tusk Act 4|5
|-unboost|p1a: Bandit|def|1
|-boost|p1a: Bandit|spe|1
|
|upkeep
|turn|16
|
|t:|1779653836
|-end|p2a: Tusk Act 4|Protosynthesis|[silent]
|switch|p2a: Purple Haze|Pecharunt|43/100
|-damage|p2a: Purple Haze|30/100|[from] Spikes
|move|p1a: Bandit|Scale Shot|p2a: Purple Haze
|-damage|p2a: Purple Haze|22/100
|-damage|p2a: Purple Haze|14/100
|-damage|p2a: Purple Haze|6/100
|-damage|p2a: Purple Haze|0 fnt
|faint|p2a: Purple Haze
|-ability|p1a: Bandit|Moxie|boost
|-boost|p1a: Bandit|atk|1
|-hitcount|p2: Purple Haze|4
|-unboost|p1a: Bandit|def|1
|-boost|p1a: Bandit|spe|1
|
|upkeep
|
|t:|1779653840
|switch|p2a: Anubis|Samurott-Hisui, F, shiny|88/100
|-damage|p2a: Anubis|76/100|[from] Spikes
|turn|17
|j| HelloThere3.14
|c| HelloThere3.14|halllo
|
|t:|1779653851
|move|p2a: Anubis|Sucker Punch|p1a: Bandit
|-resisted|p1a: Bandit
|-damage|p1a: Bandit|0 fnt
|faint|p1a: Bandit
|
|upkeep
|
|t:|1779653860
|switch|p1a: Pikaboo|Mimikyu, F|100/100
|-damage|p1a: Pikaboo|84/100|[from] Spikes
|turn|18
|
|t:|1779653867
|switch|p2a: Tusk Act 4|Great Tusk, shiny|45/100
|-damage|p2a: Tusk Act 4|32/100|[from] Spikes
|move|p1a: Pikaboo|Play Rough|p2a: Tusk Act 4
|-supereffective|p2a: Tusk Act 4
|-damage|p2a: Tusk Act 4|0 fnt
|-damage|p1a: Pikaboo|68/100|[from] item: Rocky Helmet|[of] p2a: Tusk Act 4
|faint|p2a: Tusk Act 4
|-end|p2a: Tusk Act 4|Protosynthesis|[silent]
|-damage|p1a: Pikaboo|58/100|[from] item: Life Orb
|
|upkeep
|
|t:|1779653873
|switch|p2a: Anubis|Samurott-Hisui, F, shiny|76/100
|-damage|p2a: Anubis|63/100|[from] Spikes
|turn|19
|
|t:|1779653882
|move|p1a: Pikaboo|Play Rough|p2a: Anubis
|-supereffective|p2a: Anubis
|-damage|p2a: Anubis|0 fnt
|faint|p2a: Anubis
|-damage|p1a: Pikaboo|48/100|[from] item: Life Orb
|
|upkeep
|
|t:|1779653885
|switch|p2a: Silver Chariot|Iron Valiant, shiny|71/100
|-damage|p2a: Silver Chariot|58/100|[from] Spikes
|turn|20
|
|t:|1779653891
|-terastallize|p2a: Silver Chariot|Electric
|move|p2a: Silver Chariot|Moonblast|p1a: Pikaboo
|-activate|p1a: Pikaboo|ability: Disguise
|-damage|p1a: Pikaboo|48/100
|detailschange|p1a: Pikaboo|Mimikyu-Busted, F
|-damage|p1a: Pikaboo|36/100|[from] pokemon: Mimikyu-Busted
|move|p1a: Pikaboo|Shadow Claw|p2a: Silver Chariot
|-damage|p2a: Silver Chariot|11/100
|-damage|p1a: Pikaboo|26/100|[from] item: Life Orb
|
|upkeep
|turn|21
|
|t:|1779653902
|move|p1a: Pikaboo|Shadow Sneak|p2a: Silver Chariot
|-damage|p2a: Silver Chariot|0 fnt
|faint|p2a: Silver Chariot
|-end|p2a: Silver Chariot|Quark Drive|[silent]
|-damage|p1a: Pikaboo|16/100|[from] item: Life Orb
|
|win|Fuga Mental
|raw|Fuga Mental's rating: 1170 &rarr; <strong>1199</strong><br />(+29 for winning)
|raw|Spotiana's rating: 1224 &rarr; <strong>1195</strong><br />(-29 for losing)
|l|☆Spotiana
|player|p2|
|c|☆Fuga Mental|Gg
|c| HelloThere3.14|mice
|c| HelloThere3.14|nice
|c|☆Fuga Mental|Hello bro
|c|☆Fuga Mental|how are you doing?
|c| HelloThere3.14|goo
|c| HelloThere3.14|good
|c|☆Fuga Mental|Thats great
