|j|☆dusk1299
|j|☆newtype7
|t:|1779689695
|gametype|singles
|player|p1|dusk1299|dancer|1266
|player|p2|newtype7|burglar|1214
|gen|9
|tier|[Gen 9] OU
|rated|
|rule|HP Percentage Mod: HP is shown in percentages
|rule|Endless Battle Clause: Forcing endless battles is banned
|rule|Species Clause: Limit one of each Pokémon
|rule|OHKO Clause: OHKO moves are banned
|rule|Evasion Items Clause: Evasion items are banned
|rule|Evasion Moves Clause: Evasion moves are banned
|rule|Evasion Abilities Clause: Evasion abilities are banned
|rule|Sleep Moves Clause: Sleep-inducing moves are banned
|clearpoke
|poke|p1|Torkoal, F|
|poke|p1|Hatterene, F|
|poke|p1|Walking Wake|
|poke|p1|Great Tusk|
|poke|p1|Scovillain, F|
|poke|p1|Ceruledge, F|
|poke|p2|Gliscor, F|
|poke|p2|Rotom-Wash|
|poke|p2|Serperior, M|
|poke|p2|Quaquaval, F|
|poke|p2|Skeledirge, M|
|poke|p2|Dragonite, M|
|teampreview
|inactive|Battle timer is ON: inactive players will automatically lose when time's up. (requested by dusk1299)
|
|t:|1779689713
|teamsize|p1|6
|teamsize|p2|6
|start
|switch|p1a: Torkoal|Torkoal, F|100/100
|switch|p2a: Mahi|Rotom-Wash|100/100
|-weather|SunnyDay|[from] ability: Drought|[of] p1a: Torkoal
|turn|1
|
|t:|1779689723
|switch|p1a: Walking Wake|Walking Wake|100/100
|-activate|p1a: Walking Wake|ability: Protosynthesis
|-start|p1a: Walking Wake|protosynthesisspa
|move|p2a: Mahi|Hydro Pump|p1a: Walking Wake
|-resisted|p1a: Walking Wake
|-damage|p1a: Walking Wake|95/100
|
|-weather|SunnyDay|[upkeep]
|upkeep
|turn|2
|
|t:|1779689740
|move|p1a: Walking Wake|Hydro Steam|p2a: Mahi
|-resisted|p2a: Mahi
|-damage|p2a: Mahi|58/100
|move|p2a: Mahi|Thunder Wave|p1a: Walking Wake
|-status|p1a: Walking Wake|par
|
|-weather|SunnyDay|[upkeep]
|-heal|p2a: Mahi|64/100|[from] item: Leftovers
|upkeep
|turn|3
|
|t:|1779689750
|switch|p2a: NewType|Quaquaval, F|100/100
|cant|p1a: Walking Wake|par
|
|-weather|SunnyDay|[upkeep]
|upkeep
|turn|4
|
|t:|1779689758
|move|p2a: NewType|Swords Dance|p2a: NewType
|-boost|p2a: NewType|atk|2
|move|p1a: Walking Wake|Draco Meteor|p2a: NewType
|-damage|p2a: NewType|0 fnt
|-unboost|p1a: Walking Wake|spa|2
|faint|p2a: NewType
|
|-weather|SunnyDay|[upkeep]
|upkeep
|
|t:|1779689767
|switch|p2a: Hidden leaf|Serperior, M|100/100
|turn|5
|
|t:|1779689770
|-end|p1a: Walking Wake|Protosynthesis|[silent]
|switch|p1a: Hatterene|Hatterene, F|100/100
|move|p2a: Hidden leaf|Leaf Storm|p1a: Hatterene
|-damage|p1a: Hatterene|53/100
|-boost|p2a: Hidden leaf|spa|2
|-enditem|p1a: Hatterene|Eject Button
|
|t:|1779689786
|switch|p1a: Ceruledge|Ceruledge, F|100/100
|
|-weather|SunnyDay|[upkeep]
|upkeep
|turn|6
|
|t:|1779689796
|switch|p2a: Sherbinski|Gliscor, F|100/100
|move|p1a: Ceruledge|Bitter Blade|p2a: Sherbinski
|-damage|p2a: Sherbinski|27/100
|
|-weather|SunnyDay|[upkeep]
|-status|p2a: Sherbinski|tox|[from] item: Toxic Orb
|upkeep
|turn|7
|
|t:|1779689810
|move|p2a: Sherbinski|Protect|p2a: Sherbinski
|-singleturn|p2a: Sherbinski|Protect
|move|p1a: Ceruledge|Shadow Sneak|p2a: Sherbinski
|-activate|p2a: Sherbinski|move: Protect
|
|-weather|SunnyDay|[upkeep]
|-heal|p2a: Sherbinski|39/100 tox|[from] ability: Poison Heal
|upkeep
|turn|8
|
|t:|1779689823
|move|p2a: Sherbinski|Stealth Rock|p1a: Ceruledge
|-sidestart|p1: dusk1299|move: Stealth Rock
|move|p1a: Ceruledge|Bitter Blade|p2a: Sherbinski
|-damage|p2a: Sherbinski|0 fnt
|faint|p2a: Sherbinski
|
|-weather|none
|upkeep
|
|t:|1779689831
|switch|p2a: Mahi|Rotom-Wash|64/100
|turn|9
|
|t:|1779689840
|switch|p1a: Torkoal|Torkoal, F|100/100
|-damage|p1a: Torkoal|76/100|[from] Stealth Rock
|-weather|SunnyDay|[from] ability: Drought|[of] p1a: Torkoal
|move|p2a: Mahi|Hydro Pump|p1a: Torkoal
|-supereffective|p1a: Torkoal
|-damage|p1a: Torkoal|9/100
|
|-weather|SunnyDay|[upkeep]
|-heal|p2a: Mahi|71/100|[from] item: Leftovers
|upkeep
|turn|10
|
|t:|1779689853
|switch|p2a: Dabthony|Skeledirge, M|100/100
|switch|p1a: Scovillain|Scovillain, F|100/100
|-damage|p1a: Scovillain|76/100|[from] Stealth Rock
|
|-weather|SunnyDay|[upkeep]
|upkeep
|turn|11
|
|t:|1779689863
|move|p1a: Scovillain|Substitute|p1a: Scovillain
|-start|p1a: Scovillain|Substitute
|-damage|p1a: Scovillain|51/100
|move|p2a: Dabthony|Torch Song|p1a: Scovillain
|-damage|p1a: Scovillain|0 fnt
|-boost|p2a: Dabthony|spa|1
|faint|p1a: Scovillain
|
|-weather|SunnyDay|[upkeep]
|upkeep
|
|t:|1779689873
|switch|p1a: Great Tusk|Great Tusk|100/100
|-damage|p1a: Great Tusk|98/100|[from] Stealth Rock
|-activate|p1a: Great Tusk|ability: Protosynthesis
|-start|p1a: Great Tusk|protosynthesisatk
|turn|12
|
|t:|1779689881
|move|p1a: Great Tusk|Headlong Rush|p2a: Dabthony
|-supereffective|p2a: Dabthony
|-damage|p2a: Dabthony|0 fnt
|-unboost|p1a: Great Tusk|def|1
|-unboost|p1a: Great Tusk|spd|1
|faint|p2a: Dabthony
|
|-weather|SunnyDay|[upkeep]
|upkeep
|
|t:|1779689885
|switch|p2a: Mahi|Rotom-Wash|71/100
|turn|13
|inactive|dusk1299 has 120 seconds left.
|
|t:|1779689931
|move|p1a: Great Tusk|Close Combat|p2a: Mahi
|-damage|p2a: Mahi|0 fnt
|-unboost|p1a: Great Tusk|def|1
|-unboost|p1a: Great Tusk|spd|1
|faint|p2a: Mahi
|
|-weather|SunnyDay|[upkeep]
|upkeep
|
|t:|1779689937
|switch|p2a: Hidden leaf|Serperior, M|100/100
|turn|14
|
|t:|1779689946
|move|p2a: Hidden leaf|Leaf Storm|p1a: Great Tusk
|-supereffective|p1a: Great Tusk
|-damage|p1a: Great Tusk|0 fnt
|-boost|p2a: Hidden leaf|spa|2
|faint|p1a: Great Tusk
|-end|p1a: Great Tusk|Protosynthesis|[silent]
|
|-weather|SunnyDay|[upkeep]
|upkeep
|
|t:|1779689958
|switch|p1a: Walking Wake|Walking Wake|95/100 par
|-damage|p1a: Walking Wake|83/100 par|[from] Stealth Rock
|-activate|p1a: Walking Wake|ability: Protosynthesis
|-start|p1a: Walking Wake|protosynthesisspa
|turn|15
|
|t:|1779689963
|move|p2a: Hidden leaf|Leaf Storm|p1a: Walking Wake
|-damage|p1a: Walking Wake|5/100 par
|-boost|p2a: Hidden leaf|spa|2
|move|p1a: Walking Wake|Weather Ball|p2a: Hidden leaf
|-supereffective|p2a: Hidden leaf
|-damage|p2a: Hidden leaf|0 fnt
|faint|p2a: Hidden leaf
|
|-weather|SunnyDay|[upkeep]
|upkeep
|
|t:|1779689967
|switch|p2a: Whiteboy|Dragonite, M|100/100
|turn|16
|
|t:|1779689973
|move|p2a: Whiteboy|Dragon Dance|p2a: Whiteboy
|-boost|p2a: Whiteboy|atk|1
|-boost|p2a: Whiteboy|spe|1
|cant|p1a: Walking Wake|par
|
|-weather|none
|-end|p1a: Walking Wake|Protosynthesis
|upkeep
|turn|17
|
|t:|1779689987
|move|p2a: Whiteboy|Extreme Speed|p1a: Walking Wake
|-damage|p1a: Walking Wake|0 fnt
|faint|p1a: Walking Wake
|-end|p1a: Walking Wake|Protosynthesis|[silent]
|
|upkeep
|
|t:|1779689990
|switch|p1a: Hatterene|Hatterene, F|53/100
|-damage|p1a: Hatterene|41/100|[from] Stealth Rock
|turn|18
|
|t:|1779689999
|-terastallize|p2a: Whiteboy|Normal
|move|p2a: Whiteboy|Extreme Speed|p1a: Hatterene
|-damage|p1a: Hatterene|0 fnt
|faint|p1a: Hatterene
|
|upkeep
|
|t:|1779690006
|switch|p1a: Ceruledge|Ceruledge, F|100/100
|-damage|p1a: Ceruledge|76/100|[from] Stealth Rock
|turn|19
|
|t:|1779690012
|move|p2a: Whiteboy|Dragon Claw|p1a: Ceruledge
|-damage|p1a: Ceruledge|7/100
|move|p1a: Ceruledge|Bitter Blade|p2a: Whiteboy
|-damage|p2a: Whiteboy|76/100
|-heal|p1a: Ceruledge|24/100|[from] drain|[of] p2a: Whiteboy
|
|-heal|p2a: Whiteboy|82/100|[from] item: Leftovers
|upkeep
|turn|20
|
|t:|1779690024
|move|p2a: Whiteboy|Dragon Claw|p1a: Ceruledge
|-damage|p1a: Ceruledge|0 fnt
|faint|p1a: Ceruledge
|
|-heal|p2a: Whiteboy|89/100|[from] item: Leftovers
|upkeep
|
|t:|1779690027
|switch|p1a: Torkoal|Torkoal, F|9/100
|-damage|p1a: Torkoal|0 fnt|[from] Stealth Rock
|faint|p1a: Torkoal
|
|win|newtype7
|raw|dusk1299's rating: 1266 &rarr; <strong>1237</strong><br />(-29 for losing)
|raw|newtype7's rating: 1214 &rarr; <strong>1243</strong><br />(+29 for winning)
|l|☆dusk1299
|player|p1|
