|j|☆glimpseman
|j|☆cytheidot
|t:|1779595475
|gametype|singles
|player|p1|glimpseman|#wcor2025canada|1343
|player|p2|cytheidot|iris-gen5bw2|1331
|gen|9
|tier|[Gen 9] OU
|rated|
|rule|HP Percentage Mod: HP is shown in percentages
|rule|Endless Battle Clause: Forcing endless battles is banned
|rule|Species Clause: Limit one of each Pokémon
|rule|OHKO Clause: OHKO moves are banned
|rule|Evasion Items Clause: Evasion items are banned
|rule|Evasion Moves Clause: Evasion moves are banned
|rule|Evasion Abilities Clause: Evasion abilities are banned
|rule|Sleep Moves Clause: Sleep-inducing moves are banned
|clearpoke
|poke|p1|Toxtricity, M|
|poke|p1|Gholdengo|
|poke|p1|Samurott-Hisui, M|
|poke|p1|Glimmora, M|
|poke|p1|Iron Valiant|
|poke|p1|Hatterene, F|
|poke|p2|Tyranitar, F|
|poke|p2|Pecharunt|
|poke|p2|Ogerpon-Wellspring, F|
|poke|p2|Gliscor, M|
|poke|p2|Arcanine-Hisui, F|
|poke|p2|Iron Valiant|
|teampreview
|inactive|Battle timer is ON: inactive players will automatically lose when time's up. (requested by glimpseman)
|
|t:|1779595500
|teamsize|p1|6
|teamsize|p2|6
|start
|switch|p1a: Samurott|Samurott-Hisui, M|100/100
|switch|p2a: Iron Valiant|Iron Valiant|100/100
|-enditem|p2a: Iron Valiant|Booster Energy
|-activate|p2a: Iron Valiant|ability: Quark Drive|[fromitem]
|-start|p2a: Iron Valiant|quarkdrivespe
|turn|1
|
|t:|1779595506
|switch|p1a: Glimmora|Glimmora, M|100/100
|move|p2a: Iron Valiant|Moonblast|p1a: Glimmora
|-resisted|p1a: Glimmora
|-damage|p1a: Glimmora|75/100
|
|upkeep
|turn|2
|
|t:|1779595513
|move|p2a: Iron Valiant|Moonblast|p1a: Glimmora
|-resisted|p1a: Glimmora
|-damage|p1a: Glimmora|49/100
|move|p1a: Glimmora|Toxic|p2a: Iron Valiant
|-status|p2a: Iron Valiant|tox
|
|-damage|p2a: Iron Valiant|94/100 tox|[from] psn
|upkeep
|turn|3
|
|t:|1779595519
|switch|p1a: Gholdengo|Gholdengo|100/100
|move|p2a: Iron Valiant|Encore|p1a: Gholdengo
|-immune|p1a: Gholdengo|[from] ability: Good as Gold
|
|-damage|p2a: Iron Valiant|82/100 tox|[from] psn
|upkeep
|turn|4
|
|t:|1779595528
|-end|p2a: Iron Valiant|Quark Drive|[silent]
|switch|p2a: Gliscor|Gliscor, M|100/100
|move|p1a: Gholdengo|Make It Rain|p2a: Gliscor
|-damage|p2a: Gliscor|37/100
|-unboost|p1a: Gholdengo|spa|1
|
|-status|p2a: Gliscor|tox|[from] item: Toxic Orb
|upkeep
|turn|5
|
|t:|1779595540
|switch|p1a: Toxtricity|Toxtricity, M|100/100
|move|p2a: Gliscor|Protect||[still]
|-fail|p2a: Gliscor
|
|-heal|p2a: Gliscor|50/100 tox|[from] ability: Poison Heal
|upkeep
|turn|6
|
|t:|1779595546
|move|p1a: Toxtricity|Substitute|p1a: Toxtricity
|-start|p1a: Toxtricity|Substitute
|-damage|p1a: Toxtricity|76/100
|move|p2a: Gliscor|Earthquake|p1a: Toxtricity
|-supereffective|p1a: Toxtricity
|-end|p1a: Toxtricity|Substitute
|
|-heal|p2a: Gliscor|62/100 tox|[from] ability: Poison Heal
|upkeep
|turn|7
|
|t:|1779595551
|-terastallize|p1a: Toxtricity|Normal
|move|p1a: Toxtricity|Boomburst|p2a: Gliscor
|-damage|p2a: Gliscor|0 fnt
|faint|p2a: Gliscor
|-enditem|p1a: Toxtricity|Throat Spray
|-boost|p1a: Toxtricity|spa|1|[from] item: Throat Spray
|
|upkeep
|
|t:|1779595573
|switch|p2a: Pecharunt|Pecharunt|100/100
|turn|8
|
|t:|1779595579
|move|p1a: Toxtricity|Hex|p2a: Pecharunt
|-supereffective|p2a: Pecharunt
|-crit|p2a: Pecharunt
|-damage|p2a: Pecharunt|14/100
|move|p2a: Pecharunt|Malignant Chain|p1a: Toxtricity
|-damage|p1a: Toxtricity|25/100
|-status|p1a: Toxtricity|tox
|-start|p1a: Toxtricity|confusion|[from] ability: Poison Puppeteer|[of] p2a: Pecharunt
|
|-damage|p1a: Toxtricity|19/100 tox|[from] psn
|upkeep
|turn|9
|
|t:|1779595594
|switch|p2a: Tyranitar|Tyranitar, F|100/100
|-weather|Sandstorm|[from] ability: Sand Stream|[of] p2a: Tyranitar
|-activate|p1a: Toxtricity|confusion
|move|p1a: Toxtricity|Hex|p2a: Tyranitar
|-resisted|p2a: Tyranitar
|-damage|p2a: Tyranitar|90/100
|
|-weather|Sandstorm|[upkeep]
|-damage|p1a: Toxtricity|13/100 tox|[from] Sandstorm
|-damage|p1a: Toxtricity|0 fnt|[from] psn
|faint|p1a: Toxtricity
|upkeep
|
|t:|1779595598
|switch|p1a: Samurott|Samurott-Hisui, M|100/100
|turn|10
|
|t:|1779595612
|switch|p2a: Ogerpon|Ogerpon-Wellspring, F|100/100
|move|p1a: Samurott|Sacred Sword|p2a: Ogerpon
|-damage|p2a: Ogerpon|51/100
|
|-weather|Sandstorm|[upkeep]
|-damage|p1a: Samurott|94/100|[from] Sandstorm
|-damage|p2a: Ogerpon|45/100|[from] Sandstorm
|upkeep
|turn|11
|
|t:|1779595629
|move|p1a: Samurott|Sacred Sword|p2a: Ogerpon
|-damage|p2a: Ogerpon|0 fnt
|faint|p2a: Ogerpon
|
|-weather|Sandstorm|[upkeep]
|-damage|p1a: Samurott|88/100|[from] Sandstorm
|upkeep
|
|t:|1779595636
|switch|p2a: Pecharunt|Pecharunt|14/100
|turn|12
|
|t:|1779595644
|switch|p1a: Glimmora|Glimmora, M|49/100
|move|p2a: Pecharunt|Recover|p2a: Pecharunt
|-heal|p2a: Pecharunt|64/100
|
|-weather|Sandstorm|[upkeep]
|-damage|p2a: Pecharunt|58/100|[from] Sandstorm
|upkeep
|turn|13
|
|t:|1779595662
|move|p2a: Pecharunt|Hex|p1a: Glimmora
|-damage|p1a: Glimmora|34/100
|move|p1a: Glimmora|Toxic|p2a: Pecharunt
|-status|p2a: Pecharunt|tox
|
|-weather|none
|-damage|p2a: Pecharunt|52/100 tox|[from] psn
|upkeep
|turn|14
|
|t:|1779595671
|move|p2a: Pecharunt|Recover|p2a: Pecharunt
|-heal|p2a: Pecharunt|100/100 tox
|move|p1a: Glimmora|Stealth Rock|p2a: Pecharunt
|-sidestart|p2: cytheidot|move: Stealth Rock
|
|-damage|p2a: Pecharunt|88/100 tox|[from] psn
|upkeep
|turn|15
|
|t:|1779595677
|move|p2a: Pecharunt|Parting Shot|p1a: Glimmora
|-unboost|p1a: Glimmora|atk|1
|-unboost|p1a: Glimmora|spa|1
|
|t:|1779595680
|switch|p2a: Iron Valiant|Iron Valiant|82/100 tox|[from] Parting Shot
|-damage|p2a: Iron Valiant|76/100 tox|[from] Stealth Rock
|move|p1a: Glimmora|Power Gem|p2a: Iron Valiant
|-resisted|p2a: Iron Valiant
|-damage|p2a: Iron Valiant|53/100 tox
|
|-damage|p2a: Iron Valiant|47/100 tox|[from] psn
|upkeep
|turn|16
|
|t:|1779595684
|move|p2a: Iron Valiant|Close Combat|p1a: Glimmora
|-damage|p1a: Glimmora|0 fnt
|-unboost|p2a: Iron Valiant|def|1
|-unboost|p2a: Iron Valiant|spd|1
|-damage|p2a: Iron Valiant|30/100 tox|[from] item: Rocky Helmet|[of] p1a: Glimmora
|faint|p1a: Glimmora
|
|-damage|p2a: Iron Valiant|17/100 tox|[from] psn
|upkeep
|
|t:|1779595692
|switch|p1a: Samurott|Samurott-Hisui, M|88/100
|turn|17
|
|t:|1779595712
|move|p1a: Samurott|Flip Turn|p2a: Iron Valiant
|-damage|p2a: Iron Valiant|0 fnt
|faint|p2a: Iron Valiant
|-end|p2a: Iron Valiant|Quark Drive|[silent]
|
|t:|1779595719
|switch|p1a: Gholdengo|Gholdengo|100/100|[from] Flip Turn
|
|upkeep
|
|t:|1779595725
|switch|p2a: Arcanine|Arcanine-Hisui, F|100/100
|-damage|p2a: Arcanine|76/100|[from] Stealth Rock
|turn|18
|
|t:|1779595730
|move|p2a: Arcanine|Flare Blitz|p1a: Gholdengo
|-supereffective|p1a: Gholdengo
|-damage|p1a: Gholdengo|0 fnt
|faint|p1a: Gholdengo
|
|upkeep
|
|t:|1779595733
|switch|p1a: Samurott|Samurott-Hisui, M|88/100
|turn|19
|
|t:|1779595741
|switch|p2a: Pecharunt|Pecharunt|88/100 tox
|-damage|p2a: Pecharunt|76/100 tox|[from] Stealth Rock
|move|p1a: Samurott|Sacred Sword|p2a: Pecharunt
|-immune|p2a: Pecharunt
|
|-damage|p2a: Pecharunt|70/100 tox|[from] psn
|upkeep
|turn|20
|
|t:|1779595747
|switch|p1a: Hatterene|Hatterene, F|100/100
|move|p2a: Pecharunt|Malignant Chain|p1a: Hatterene
|-supereffective|p1a: Hatterene
|-damage|p1a: Hatterene|57/100
|
|-damage|p2a: Pecharunt|58/100 tox|[from] psn
|upkeep
|turn|21
|
|t:|1779595755
|switch|p2a: Tyranitar|Tyranitar, F|90/100
|-damage|p2a: Tyranitar|78/100|[from] Stealth Rock
|-weather|Sandstorm|[from] ability: Sand Stream|[of] p2a: Tyranitar
|move|p1a: Hatterene|Draining Kiss|p2a: Tyranitar
|-supereffective|p2a: Tyranitar
|-damage|p2a: Tyranitar|47/100
|-heal|p1a: Hatterene|82/100|[from] drain|[of] p2a: Tyranitar
|
|-weather|Sandstorm|[upkeep]
|-damage|p1a: Hatterene|76/100|[from] Sandstorm
|upkeep
|turn|22
|
|t:|1779595768
|move|p2a: Tyranitar|Stone Edge|p1a: Hatterene
|-damage|p1a: Hatterene|0 fnt
|faint|p1a: Hatterene
|
|-weather|Sandstorm|[upkeep]
|upkeep
|
|t:|1779595776
|switch|p1a: Iron Valiant|Iron Valiant|100/100
|-enditem|p1a: Iron Valiant|Booster Energy
|-activate|p1a: Iron Valiant|ability: Quark Drive|[fromitem]
|-start|p1a: Iron Valiant|quarkdrivespe
|turn|23
|
|t:|1779595791
|switch|p2a: Pecharunt|Pecharunt|58/100 tox
|-damage|p2a: Pecharunt|45/100 tox|[from] Stealth Rock
|move|p1a: Iron Valiant|Swords Dance|p1a: Iron Valiant
|-boost|p1a: Iron Valiant|atk|2
|
|-weather|Sandstorm|[upkeep]
|-damage|p1a: Iron Valiant|94/100|[from] Sandstorm
|-damage|p2a: Pecharunt|39/100 tox|[from] Sandstorm
|-damage|p2a: Pecharunt|33/100 tox|[from] psn
|upkeep
|turn|24
|
|t:|1779595795
|move|p1a: Iron Valiant|Knock Off|p2a: Pecharunt
|-supereffective|p2a: Pecharunt
|-damage|p2a: Pecharunt|0 fnt
|-damage|p1a: Iron Valiant|78/100|[from] item: Rocky Helmet|[of] p2a: Pecharunt
|-enditem|p2a: Pecharunt|Rocky Helmet|[from] move: Knock Off|[of] p1a: Iron Valiant
|faint|p2a: Pecharunt
|
|-weather|Sandstorm|[upkeep]
|-damage|p1a: Iron Valiant|71/100|[from] Sandstorm
|upkeep
|
|t:|1779595807
|switch|p2a: Arcanine|Arcanine-Hisui, F|76/100
|-damage|p2a: Arcanine|51/100|[from] Stealth Rock
|turn|25
|
|t:|1779595810
|move|p2a: Arcanine|Extreme Speed|p1a: Iron Valiant
|-damage|p1a: Iron Valiant|19/100
|move|p1a: Iron Valiant|Close Combat|p2a: Arcanine
|-supereffective|p2a: Arcanine
|-damage|p2a: Arcanine|0 fnt
|-unboost|p1a: Iron Valiant|def|1
|-unboost|p1a: Iron Valiant|spd|1
|faint|p2a: Arcanine
|
|-weather|none
|upkeep
|
|t:|1779595822
|switch|p2a: Tyranitar|Tyranitar, F|47/100
|-damage|p2a: Tyranitar|35/100|[from] Stealth Rock
|-weather|Sandstorm|[from] ability: Sand Stream|[of] p2a: Tyranitar
|turn|26
|
|t:|1779595829
|-terastallize|p2a: Tyranitar|Flying
|move|p1a: Iron Valiant|Close Combat|p2a: Tyranitar
|-resisted|p2a: Tyranitar
|-damage|p2a: Tyranitar|0 fnt
|-unboost|p1a: Iron Valiant|def|1
|-unboost|p1a: Iron Valiant|spd|1
|faint|p2a: Tyranitar
|
|win|glimpseman
|raw|glimpseman's rating: 1343 &rarr; <strong>1362</strong><br />(+19 for winning)
|raw|cytheidot's rating: 1331 &rarr; <strong>1312</strong><br />(-19 for losing)
|l|☆cytheidot
|player|p2|
|l|☆glimpseman
|player|p1|
