|j|☆VaudevilleVilliany
|j|☆rocktypepokemans
|t:|1779601378
|gametype|singles
|player|p1|VaudevilleVilliany|rhi|1480
|player|p2|rocktypepokemans|gambler|1464
|gen|9
|tier|[Gen 9] OU
|rated|
|rule|HP Percentage Mod: HP is shown in percentages
|rule|Endless Battle Clause: Forcing endless battles is banned
|rule|Species Clause: Limit one of each Pokémon
|rule|OHKO Clause: OHKO moves are banned
|rule|Evasion Items Clause: Evasion items are banned
|rule|Evasion Moves Clause: Evasion moves are banned
|rule|Evasion Abilities Clause: Evasion abilities are banned
|rule|Sleep Moves Clause: Sleep-inducing moves are banned
|clearpoke
|poke|p1|Dragapult, F|
|poke|p1|Gliscor, F|
|poke|p1|Ogerpon-Wellspring, F|
|poke|p1|Iron Crown|
|poke|p1|Ting-Lu|
|poke|p1|Kingambit, M|
|poke|p2|Walking Wake|
|poke|p2|Great Tusk|
|poke|p2|Ninetales, M|
|poke|p2|Cresselia, F|
|poke|p2|Zarude|
|poke|p2|Ceruledge, F|
|teampreview
|inactive|Battle timer is ON: inactive players will automatically lose when time's up. (requested by VaudevilleVilliany)
|
|t:|1779601403
|teamsize|p1|6
|teamsize|p2|6
|start
|switch|p1a: Gliscor|Gliscor, F|100/100
|switch|p2a: Ninetales|Ninetales, M|100/100
|-weather|SunnyDay|[from] ability: Drought|[of] p2a: Ninetales
|turn|1
|
|t:|1779601409
|switch|p2a: Great Tusk|Great Tusk|100/100
|-activate|p2a: Great Tusk|ability: Protosynthesis
|-start|p2a: Great Tusk|protosynthesisatk
|move|p1a: Gliscor|Protect||[still]
|-fail|p1a: Gliscor
|
|-weather|SunnyDay|[upkeep]
|-status|p1a: Gliscor|tox|[from] item: Toxic Orb
|upkeep
|turn|2
|
|t:|1779601422
|-terastallize|p1a: Gliscor|Fairy
|move|p2a: Great Tusk|Ice Spinner|p1a: Gliscor
|-damage|p1a: Gliscor|68/100 tox
|move|p1a: Gliscor|Toxic|p2a: Great Tusk
|-status|p2a: Great Tusk|tox
|
|-weather|SunnyDay|[upkeep]
|-damage|p2a: Great Tusk|94/100 tox|[from] psn
|-heal|p1a: Gliscor|81/100 tox|[from] ability: Poison Heal
|upkeep
|turn|3
|inactive|rocktypepokemans has 120 seconds left.
|
|t:|1779601452
|-end|p2a: Great Tusk|Protosynthesis|[silent]
|switch|p2a: Ceruledge|Ceruledge, F|100/100
|move|p1a: Gliscor|Toxic Spikes|p2a: Ceruledge
|-sidestart|p2: rocktypepokemans|move: Toxic Spikes
|
|-weather|SunnyDay|[upkeep]
|-heal|p1a: Gliscor|93/100 tox|[from] ability: Poison Heal
|upkeep
|turn|4
|
|t:|1779601460
|move|p2a: Ceruledge|Swords Dance|p2a: Ceruledge
|-boost|p2a: Ceruledge|atk|2
|move|p1a: Gliscor|Toxic|p2a: Ceruledge
|-status|p2a: Ceruledge|tox
|
|-weather|SunnyDay|[upkeep]
|-damage|p2a: Ceruledge|94/100 tox|[from] psn
|-heal|p1a: Gliscor|100/100 tox|[from] ability: Poison Heal
|upkeep
|turn|5
|inactive|rocktypepokemans has 120 seconds left.
|
|t:|1779601480
|move|p1a: Gliscor|Protect|p1a: Gliscor
|-singleturn|p1a: Gliscor|Protect
|move|p2a: Ceruledge|Swords Dance|p2a: Ceruledge
|-boost|p2a: Ceruledge|atk|2
|
|-weather|SunnyDay|[upkeep]
|-damage|p2a: Ceruledge|82/100 tox|[from] psn
|upkeep
|turn|6
|
|t:|1779601492
|move|p2a: Ceruledge|Bitter Blade|p1a: Gliscor
|-damage|p1a: Gliscor|0 fnt
|-heal|p2a: Ceruledge|100/100 tox|[from] drain|[of] p1a: Gliscor
|faint|p1a: Gliscor
|
|-weather|SunnyDay|[upkeep]
|-damage|p2a: Ceruledge|82/100 tox|[from] psn
|upkeep
|
|t:|1779601495
|switch|p1a: Ting-Lu|Ting-Lu|100/100
|-ability|p1a: Ting-Lu|Vessel of Ruin
|turn|7
|
|t:|1779601500
|move|p2a: Ceruledge|Close Combat|p1a: Ting-Lu
|-supereffective|p1a: Ting-Lu
|-damage|p1a: Ting-Lu|0 fnt
|-unboost|p2a: Ceruledge|def|1
|-unboost|p2a: Ceruledge|spd|1
|-damage|p2a: Ceruledge|65/100 tox|[from] item: Rocky Helmet|[of] p1a: Ting-Lu
|faint|p1a: Ting-Lu
|
|-weather|SunnyDay|[upkeep]
|-damage|p2a: Ceruledge|41/100 tox|[from] psn
|upkeep
|
|t:|1779601508
|switch|p1a: Dragapult|Dragapult, F|100/100
|turn|8
|
|t:|1779601515
|switch|p1a: Kingambit|Kingambit, M|100/100
|-activate|p1a: Kingambit|ability: Supreme Overlord
|-start|p1a: Kingambit|fallen2|[silent]
|-item|p1a: Kingambit|Air Balloon
|move|p2a: Ceruledge|Shadow Sneak|p1a: Kingambit
|-resisted|p1a: Kingambit
|-damage|p1a: Kingambit|73/100
|-enditem|p1a: Kingambit|Air Balloon
|
|-weather|none
|-damage|p2a: Ceruledge|10/100 tox|[from] psn
|upkeep
|turn|9
|
|t:|1779601531
|move|p2a: Ceruledge|Shadow Sneak|p1a: Kingambit
|-resisted|p1a: Kingambit
|-damage|p1a: Kingambit|44/100
|move|p1a: Kingambit|Swords Dance|p1a: Kingambit
|-boost|p1a: Kingambit|atk|2
|
|-damage|p2a: Ceruledge|0 fnt|[from] psn
|faint|p2a: Ceruledge
|upkeep
|inactive|rocktypepokemans has 120 seconds left.
|
|t:|1779601561
|switch|p2a: Ninetales|Ninetales, M|100/100
|-status|p2a: Ninetales|psn
|-weather|SunnyDay|[from] ability: Drought|[of] p2a: Ninetales
|turn|10
|
|t:|1779601566
|move|p2a: Ninetales|Overheat|p1a: Kingambit
|-supereffective|p1a: Kingambit
|-damage|p1a: Kingambit|0 fnt
|-unboost|p2a: Ninetales|spa|2
|faint|p1a: Kingambit
|-end|p1a: Kingambit|fallen2|[silent]
|
|-weather|SunnyDay|[upkeep]
|-damage|p2a: Ninetales|88/100 psn|[from] psn
|upkeep
|
|t:|1779601577
|switch|p1a: Dragapult|Dragapult, F|100/100
|turn|11
|
|t:|1779601587
|move|p1a: Dragapult|Dragon Darts|p2a: Ninetales
|-damage|p2a: Ninetales|62/100 psn
|-anim|p1a: Dragapult|Dragon Darts|p2a: Ninetales
|-damage|p2a: Ninetales|37/100 psn
|move|p2a: Ninetales|Will-O-Wisp|p1a: Dragapult|[miss]
|-miss|p2a: Ninetales|p1a: Dragapult
|
|-weather|SunnyDay|[upkeep]
|-damage|p2a: Ninetales|24/100 psn|[from] psn
|upkeep
|turn|12
|
|t:|1779601596
|move|p1a: Dragapult|Dragon Darts|p2a: Ninetales
|-damage|p2a: Ninetales|0 fnt
|faint|p2a: Ninetales
|
|-weather|SunnyDay|[upkeep]
|upkeep
|
|t:|1779601598
|switch|p2a: Walking Wake|Walking Wake|100/100
|-status|p2a: Walking Wake|psn
|-activate|p2a: Walking Wake|ability: Protosynthesis
|-start|p2a: Walking Wake|protosynthesisspe
|turn|13
|
|t:|1779601608
|switch|p1a: Ogerpon|Ogerpon-Wellspring, F|100/100
|-terastallize|p2a: Walking Wake|Fairy
|move|p2a: Walking Wake|Draco Meteor|p1a: Ogerpon
|-damage|p1a: Ogerpon|20/100
|-unboost|p2a: Walking Wake|spa|2
|
|-weather|SunnyDay|[upkeep]
|-damage|p2a: Walking Wake|88/100 psn|[from] psn
|upkeep
|turn|14
|
|t:|1779601621
|move|p2a: Walking Wake|Weather Ball|p1a: Ogerpon
|-damage|p1a: Ogerpon|0 fnt
|faint|p1a: Ogerpon
|
|-weather|SunnyDay|[upkeep]
|-damage|p2a: Walking Wake|76/100 psn|[from] psn
|upkeep
|
|t:|1779601639
|switch|p1a: Iron Crown|Iron Crown|100/100
|-enditem|p1a: Iron Crown|Booster Energy
|-activate|p1a: Iron Crown|ability: Quark Drive|[fromitem]
|-start|p1a: Iron Crown|quarkdrivespe
|turn|15
|
|t:|1779601643
|-end|p2a: Walking Wake|Protosynthesis|[silent]
|switch|p2a: Cresselia|Cresselia, F|100/100
|move|p1a: Iron Crown|Tachyon Cutter|p2a: Cresselia
|-damage|p2a: Cresselia|88/100
|-damage|p2a: Cresselia|73/100
|-hitcount|p2a: Cresselia|2
|-enditem|p2a: Cresselia|Eject Button
|
|t:|1779601647
|switch|p2a: Great Tusk|Great Tusk|94/100 tox
|-activate|p2a: Great Tusk|ability: Protosynthesis
|-start|p2a: Great Tusk|protosynthesisatk
|
|-weather|SunnyDay|[upkeep]
|-damage|p2a: Great Tusk|88/100 tox|[from] psn
|upkeep
|turn|16
|
|t:|1779601652
|move|p1a: Iron Crown|Psychic|p2a: Great Tusk
|-supereffective|p2a: Great Tusk
|-damage|p2a: Great Tusk|0 fnt
|faint|p2a: Great Tusk
|-end|p2a: Great Tusk|Protosynthesis|[silent]
|
|-weather|SunnyDay|[upkeep]
|upkeep
|
|t:|1779601657
|switch|p2a: Walking Wake|Walking Wake, tera:Fairy|76/100 psn
|-activate|p2a: Walking Wake|ability: Protosynthesis
|-start|p2a: Walking Wake|protosynthesisspe
|turn|17
|
|t:|1779601668
|move|p2a: Walking Wake|Weather Ball|p1a: Iron Crown
|-supereffective|p1a: Iron Crown
|-damage|p1a: Iron Crown|1/100
|move|p1a: Iron Crown|Tachyon Cutter|p2a: Walking Wake
|-supereffective|p2a: Walking Wake
|-damage|p2a: Walking Wake|23/100 psn
|-supereffective|p2a: Walking Wake
|-damage|p2a: Walking Wake|0 fnt
|faint|p2a: Walking Wake
|-end|p2a: Walking Wake|Protosynthesis|[silent]
|-hitcount|p2: Walking Wake|2
|
|-weather|none
|upkeep
|
|t:|1779601674
|switch|p2a: Cresselia|Cresselia, F|73/100
|turn|18
|
|t:|1779601684
|move|p1a: Iron Crown|Tachyon Cutter|p2a: Cresselia
|-damage|p2a: Cresselia|60/100
|-damage|p2a: Cresselia|46/100
|-hitcount|p2a: Cresselia|2
|move|p2a: Cresselia|Moonlight|p2a: Cresselia
|-heal|p2a: Cresselia|96/100
|
|upkeep
|turn|19
|
|t:|1779601694
|move|p1a: Iron Crown|Tachyon Cutter|p2a: Cresselia
|-damage|p2a: Cresselia|82/100
|-damage|p2a: Cresselia|70/100
|-hitcount|p2a: Cresselia|2
|move|p2a: Cresselia|Psychic|p1a: Iron Crown
|-resisted|p1a: Iron Crown
|-damage|p1a: Iron Crown|0 fnt
|faint|p1a: Iron Crown
|-end|p1a: Iron Crown|Quark Drive|[silent]
|
|upkeep
|
|t:|1779601696
|switch|p1a: Dragapult|Dragapult, F|100/100
|turn|20
|
|t:|1779601705
|move|p1a: Dragapult|Hex|p2a: Cresselia
|-supereffective|p2a: Cresselia
|-damage|p2a: Cresselia|35/100
|move|p2a: Cresselia|Thunder Wave|p1a: Dragapult|[miss]
|-miss|p2a: Cresselia|p1a: Dragapult
|
|upkeep
|turn|21
|
|t:|1779601712
|move|p1a: Dragapult|Hex|p2a: Cresselia
|-supereffective|p2a: Cresselia
|-damage|p2a: Cresselia|1/100
|move|p2a: Cresselia|Moonlight|p2a: Cresselia
|-heal|p2a: Cresselia|51/100
|
|upkeep
|turn|22
|
|t:|1779601717
|move|p1a: Dragapult|Will-O-Wisp|p2a: Cresselia
|-status|p2a: Cresselia|brn
|move|p2a: Cresselia|Moonlight|p2a: Cresselia
|-heal|p2a: Cresselia|100/100 brn
|
|-damage|p2a: Cresselia|94/100 brn|[from] brn
|upkeep
|turn|23
|
|t:|1779601721
|move|p1a: Dragapult|Hex|p2a: Cresselia
|-supereffective|p2a: Cresselia
|-damage|p2a: Cresselia|29/100 brn
|move|p2a: Cresselia|Thunder Wave|p1a: Dragapult
|-status|p1a: Dragapult|par
|
|-damage|p2a: Cresselia|23/100 brn|[from] brn
|upkeep
|turn|24
|
|t:|1779601729
|move|p2a: Cresselia|Psychic|p1a: Dragapult
|-damage|p1a: Dragapult|66/100 par
|cant|p1a: Dragapult|par
|
|-damage|p2a: Cresselia|17/100 brn|[from] brn
|upkeep
|turn|25
|
|t:|1779601735
|move|p2a: Cresselia|Psychic|p1a: Dragapult
|-damage|p1a: Dragapult|29/100 par
|move|p1a: Dragapult|Hex|p2a: Cresselia
|-supereffective|p2a: Cresselia
|-crit|p2a: Cresselia
|-damage|p2a: Cresselia|0 fnt
|faint|p2a: Cresselia
|
|upkeep
|
|t:|1779601741
|switch|p2a: Zarude|Zarude|100/100
|-status|p2a: Zarude|psn
|turn|26
|
|t:|1779601747
|move|p2a: Zarude|Knock Off|p1a: Dragapult
|-supereffective|p1a: Dragapult
|-damage|p1a: Dragapult|0 fnt
|-enditem|p1a: Dragapult|Heavy-Duty Boots|[from] move: Knock Off|[of] p2a: Zarude
|faint|p1a: Dragapult
|
|win|rocktypepokemans
|raw|VaudevilleVilliany's rating: 1480 &rarr; <strong>1459</strong><br />(-21 for losing)
|raw|rocktypepokemans's rating: 1464 &rarr; <strong>1485</strong><br />(+21 for winning)
