|j|☆Kzn12
|j|☆maxcolor
|t:|1779708382
|gametype|singles
|player|p1|Kzn12|169|1304
|player|p2|maxcolor|ghetsis|1258
|gen|9
|tier|[Gen 9] OU
|rated|
|rule|HP Percentage Mod: HP is shown in percentages
|rule|Endless Battle Clause: Forcing endless battles is banned
|rule|Species Clause: Limit one of each Pokémon
|rule|OHKO Clause: OHKO moves are banned
|rule|Evasion Items Clause: Evasion items are banned
|rule|Evasion Moves Clause: Evasion moves are banned
|rule|Evasion Abilities Clause: Evasion abilities are banned
|rule|Sleep Moves Clause: Sleep-inducing moves are banned
|clearpoke
|poke|p1|Lokix, F|
|poke|p1|Pecharunt|
|poke|p1|Alomomola, M|
|poke|p1|Iron Crown|
|poke|p1|Great Tusk|
|poke|p1|Enamorus, F|
|poke|p2|Snorlax, M|
|poke|p2|Slowbro, F|
|poke|p2|Flygon, F|
|poke|p2|Zapdos-Galar|
|poke|p2|Comfey, F|
|poke|p2|Forretress, M|
|teampreview
|inactive|Battle timer is ON: inactive players will automatically lose when time's up. (requested by maxcolor)
|
|t:|1779708402
|teamsize|p1|6
|teamsize|p2|6
|start
|switch|p1a: Lokix|Lokix, F|100/100
|switch|p2a: Forretress|Forretress, M|100/100
|turn|1
|
|t:|1779708413
|move|p1a: Lokix|U-turn|p2a: Forretress
|-resisted|p2a: Forretress
|-damage|p2a: Forretress|60/100
|
|t:|1779708434
|switch|p1a: Pecharunt|Pecharunt|100/100|[from] U-turn
|move|p2a: Forretress|Stealth Rock|p1a: Pecharunt
|-sidestart|p1: Kzn12|move: Stealth Rock
|
|upkeep
|turn|2
|
|t:|1779708444
|move|p1a: Pecharunt|Shadow Ball|p2a: Forretress
|-damage|p2a: Forretress|10/100
|-unboost|p2a: Forretress|spd|1
|move|p2a: Forretress|Spikes|p1a: Pecharunt
|-sidestart|p1: Kzn12|Spikes
|
|upkeep
|turn|3
|
|t:|1779708460
|switch|p2a: Snorlax|Snorlax, M, shiny|100/100
|move|p1a: Pecharunt|Nasty Plot|p1a: Pecharunt
|-boost|p1a: Pecharunt|spa|2
|
|upkeep
|turn|4
|
|t:|1779708464
|move|p1a: Pecharunt|Malignant Chain|p2a: Snorlax
|-damage|p2a: Snorlax|68/100
|move|p2a: Snorlax|Curse|p2a: Snorlax
|-unboost|p2a: Snorlax|spe|1
|-boost|p2a: Snorlax|atk|1
|-boost|p2a: Snorlax|def|1
|
|-heal|p2a: Snorlax|74/100|[from] item: Leftovers
|upkeep
|turn|5
|
|t:|1779708473
|move|p1a: Pecharunt|Malignant Chain|p2a: Snorlax
|-damage|p2a: Snorlax|41/100
|move|p2a: Snorlax|Heat Crash|p1a: Pecharunt
|-damage|p1a: Pecharunt|70/100
|
|-heal|p2a: Snorlax|47/100|[from] item: Leftovers
|upkeep
|turn|6
|
|t:|1779708481
|move|p1a: Pecharunt|Malignant Chain|p2a: Snorlax
|-damage|p2a: Snorlax|12/100
|move|p2a: Snorlax|Rest|p2a: Snorlax
|-status|p2a: Snorlax|slp|[from] move: Rest
|-heal|p2a: Snorlax|100/100 slp|[silent]
|
|upkeep
|turn|7
|
|t:|1779708489
|switch|p2a: Flygon|Flygon, F, shiny|100/100
|move|p1a: Pecharunt|Nasty Plot|p1a: Pecharunt
|-boost|p1a: Pecharunt|spa|2
|
|upkeep
|turn|8
|
|t:|1779708493
|-terastallize|p1a: Pecharunt|Ghost
|move|p2a: Flygon|Earthquake|p1a: Pecharunt
|-damage|p1a: Pecharunt|37/100
|move|p1a: Pecharunt|Shadow Ball|p2a: Flygon
|-damage|p2a: Flygon|0 fnt
|faint|p2a: Flygon
|
|upkeep
|
|t:|1779708503
|switch|p2a: Zapdos|Zapdos-Galar|100/100
|turn|9
|
|t:|1779708506
|move|p2a: Zapdos|Knock Off|p1a: Pecharunt
|-supereffective|p1a: Pecharunt
|-damage|p1a: Pecharunt|0 fnt
|-enditem|p1a: Pecharunt|Heavy-Duty Boots|[from] move: Knock Off|[of] p2a: Zapdos
|faint|p1a: Pecharunt
|
|upkeep
|
|t:|1779708513
|switch|p1a: Great Tusk|Great Tusk|100/100
|-damage|p1a: Great Tusk|98/100|[from] Stealth Rock
|-damage|p1a: Great Tusk|85/100|[from] Spikes
|turn|10
|
|t:|1779708519
|switch|p2a: Forretress|Forretress, M|10/100
|move|p1a: Great Tusk|Rapid Spin|p2a: Forretress
|-resisted|p2a: Forretress
|-damage|p2a: Forretress|5/100
|-boost|p1a: Great Tusk|spe|1
|-sideend|p1: Kzn12|Spikes|[from] move: Rapid Spin|[of] p1a: Great Tusk
|-sideend|p1: Kzn12|Stealth Rock|[from] move: Rapid Spin|[of] p1a: Great Tusk
|
|upkeep
|turn|11
|-enditem|p2a: Forretress|Custap Berry|[eat]
|-activate|p2a: Forretress|item: Custap Berry|[consumed]
|
|t:|1779708527
|move|p2a: Forretress|Stealth Rock|p1a: Great Tusk
|-sidestart|p1: Kzn12|move: Stealth Rock
|move|p1a: Great Tusk|Ice Spinner|p2a: Forretress
|-resisted|p2a: Forretress
|-damage|p2a: Forretress|0 fnt
|faint|p2a: Forretress
|
|upkeep
|inactive|maxcolor has 120 seconds left.
|
|t:|1779708586
|switch|p2a: Comfey|Comfey, F|100/100
|turn|12
|
|t:|1779708593
|move|p1a: Great Tusk|Stealth Rock|p2a: Comfey
|-sidestart|p2: maxcolor|move: Stealth Rock
|move|p2a: Comfey|Calm Mind|p2a: Comfey
|-boost|p2a: Comfey|spa|1
|-boost|p2a: Comfey|spd|1
|
|upkeep
|turn|13
|
|t:|1779708599
|move|p2a: Comfey|Draining Kiss|p1a: Great Tusk
|-supereffective|p1a: Great Tusk
|-damage|p1a: Great Tusk|1/100
|-damage|p2a: Comfey|84/100|[from] item: Rocky Helmet|[of] p1a: Great Tusk
|move|p1a: Great Tusk|Rapid Spin|p2a: Comfey
|-damage|p2a: Comfey|67/100
|-boost|p1a: Great Tusk|spe|1
|-sideend|p1: Kzn12|Stealth Rock|[from] move: Rapid Spin|[of] p1a: Great Tusk
|
|upkeep
|turn|14
|
|t:|1779708605
|move|p2a: Comfey|Draining Kiss|p1a: Great Tusk
|-supereffective|p1a: Great Tusk
|-damage|p1a: Great Tusk|0 fnt
|-heal|p2a: Comfey|68/100|[from] drain|[of] p1a: Great Tusk
|-damage|p2a: Comfey|51/100|[from] item: Rocky Helmet|[of] p1a: Great Tusk
|faint|p1a: Great Tusk
|-end|p1a: Great Tusk|Protosynthesis|[silent]
|
|upkeep
|
|t:|1779708610
|switch|p1a: Iron Crown|Iron Crown|100/100
|turn|15
|
|t:|1779708617
|-terastallize|p2a: Comfey|Steel
|move|p1a: Iron Crown|Tachyon Cutter|p2a: Comfey
|-resisted|p2a: Comfey
|-damage|p2a: Comfey|42/100
|-resisted|p2a: Comfey
|-damage|p2a: Comfey|34/100
|-hitcount|p2a: Comfey|2
|move|p2a: Comfey|Calm Mind|p2a: Comfey
|-boost|p2a: Comfey|spa|1
|-boost|p2a: Comfey|spd|1
|
|upkeep
|turn|16
|
|t:|1779708629
|move|p1a: Iron Crown|Focus Blast|p2a: Comfey|[miss]
|-miss|p1a: Iron Crown|p2a: Comfey
|move|p2a: Comfey|Calm Mind|p2a: Comfey
|-boost|p2a: Comfey|spa|1
|-boost|p2a: Comfey|spd|1
|
|upkeep
|turn|17
|
|t:|1779708635
|move|p2a: Comfey|Draining Kiss|p1a: Iron Crown
|-resisted|p1a: Iron Crown
|-damage|p1a: Iron Crown|81/100
|-heal|p2a: Comfey|49/100|[from] drain|[of] p1a: Iron Crown
|move|p1a: Iron Crown|Focus Blast|p2a: Comfey
|-supereffective|p2a: Comfey
|-damage|p2a: Comfey|17/100
|
|upkeep
|turn|18
|
|t:|1779708643
|move|p2a: Comfey|Draining Kiss|p1a: Iron Crown
|-resisted|p1a: Iron Crown
|-crit|p1a: Iron Crown
|-damage|p1a: Iron Crown|54/100
|-heal|p2a: Comfey|38/100|[from] drain|[of] p1a: Iron Crown
|move|p1a: Iron Crown|Focus Blast|p2a: Comfey|[miss]
|-miss|p1a: Iron Crown|p2a: Comfey
|
|upkeep
|turn|19
|
|t:|1779708651
|move|p2a: Comfey|Draining Kiss|p1a: Iron Crown
|-resisted|p1a: Iron Crown
|-damage|p1a: Iron Crown|35/100
|-heal|p2a: Comfey|53/100|[from] drain|[of] p1a: Iron Crown
|move|p1a: Iron Crown|Focus Blast|p2a: Comfey
|-supereffective|p2a: Comfey
|-damage|p2a: Comfey|17/100
|
|upkeep
|turn|20
|
|t:|1779708659
|move|p2a: Comfey|Draining Kiss|p1a: Iron Crown
|-resisted|p1a: Iron Crown
|-damage|p1a: Iron Crown|19/100
|-heal|p2a: Comfey|29/100|[from] drain|[of] p1a: Iron Crown
|move|p1a: Iron Crown|Focus Blast|p2a: Comfey|[miss]
|-miss|p1a: Iron Crown|p2a: Comfey
|
|upkeep
|turn|21
|
|t:|1779708666
|move|p2a: Comfey|Draining Kiss|p1a: Iron Crown
|-resisted|p1a: Iron Crown
|-damage|p1a: Iron Crown|3/100
|-heal|p2a: Comfey|42/100|[from] drain|[of] p1a: Iron Crown
|move|p1a: Iron Crown|Focus Blast|p2a: Comfey
|-supereffective|p2a: Comfey
|-damage|p2a: Comfey|11/100
|
|upkeep
|turn|22
|
|t:|1779708673
|move|p2a: Comfey|Draining Kiss|p1a: Iron Crown
|-resisted|p1a: Iron Crown
|-damage|p1a: Iron Crown|0 fnt
|-heal|p2a: Comfey|13/100|[from] drain|[of] p1a: Iron Crown
|faint|p1a: Iron Crown
|-end|p1a: Iron Crown|Quark Drive|[silent]
|
|upkeep
|
|t:|1779708679
|switch|p1a: Lokix|Lokix, F|100/100
|turn|23
|
|t:|1779708681
|move|p2a: Comfey|Draining Kiss|p1a: Lokix
|-supereffective|p1a: Lokix
|-damage|p1a: Lokix|0 fnt
|-heal|p2a: Comfey|82/100|[from] drain|[of] p1a: Lokix
|faint|p1a: Lokix
|
|upkeep
|
|t:|1779708686
|switch|p1a: Alomomola|Alomomola, M|100/100
|turn|24
|
|t:|1779708689
|move|p2a: Comfey|Calm Mind|p2a: Comfey
|-boost|p2a: Comfey|spa|1
|-boost|p2a: Comfey|spd|1
|move|p1a: Alomomola|Mirror Coat||[still]
|-fail|p1a: Alomomola
|
|upkeep
|turn|25
|
|t:|1779708694
|move|p2a: Comfey|Calm Mind|p2a: Comfey
|-boost|p2a: Comfey|spa|1
|-boost|p2a: Comfey|spd|1
|move|p1a: Alomomola|Scald|p2a: Comfey
|-damage|p2a: Comfey|78/100
|
|upkeep
|turn|26
|
|t:|1779708701
|move|p2a: Comfey|Encore|p1a: Alomomola
|-start|p1a: Alomomola|Encore
|move|p1a: Alomomola|Scald|p2a: Comfey
|-damage|p2a: Comfey|74/100
|
|upkeep
|turn|27
|
|t:|1779708703
|move|p2a: Comfey|Draining Kiss|p1a: Alomomola
|-damage|p1a: Alomomola|63/100
|-heal|p2a: Comfey|100/100|[from] drain|[of] p1a: Alomomola
|move|p1a: Alomomola|Scald|p2a: Comfey
|-crit|p2a: Comfey
|-damage|p2a: Comfey|80/100
|
|upkeep
|turn|28
|
|t:|1779708709
|move|p2a: Comfey|Stored Power|p1a: Alomomola
|-damage|p1a: Alomomola|0 fnt
|faint|p1a: Alomomola
|
|upkeep
|
|t:|1779708712
|switch|p1a: Enamorus|Enamorus, F|100/100
|turn|29
|
|t:|1779708715
|move|p2a: Comfey|Draining Kiss|p1a: Enamorus
|-damage|p1a: Enamorus|0 fnt
|-heal|p2a: Comfey|100/100|[from] drain|[of] p1a: Enamorus
|faint|p1a: Enamorus
|
|win|maxcolor
|raw|Kzn12's rating: 1304 &rarr; <strong>1281</strong><br />(-23 for losing)
|raw|maxcolor's rating: 1258 &rarr; <strong>1286</strong><br />(+28 for winning)
|l|☆Kzn12
|player|p1|
|l|☆maxcolor
|player|p2|
