|badge|p1|silver|gen9ou|30-9
|uhtml|medal-msg|<div class="broadcast-blue">Curious what those medals under the avatar are? PS now has Ladder Seasons! For more information, check out the <a href="https://www.smogon.com/forums/threads/3740067/">thread on Smogon.</a></div>
|j|☆slitherwing ily
|j|☆chip wittley
|t:|1779583002
|gametype|singles
|player|p1|slitherwing ily|iono-masters|1763
|player|p2|chip wittley|lance|1644
|gen|9
|tier|[Gen 9] OU
|rated|
|rule|HP Percentage Mod: HP is shown in percentages
|rule|Endless Battle Clause: Forcing endless battles is banned
|rule|Species Clause: Limit one of each Pokémon
|rule|OHKO Clause: OHKO moves are banned
|rule|Evasion Items Clause: Evasion items are banned
|rule|Evasion Moves Clause: Evasion moves are banned
|rule|Evasion Abilities Clause: Evasion abilities are banned
|rule|Sleep Moves Clause: Sleep-inducing moves are banned
|clearpoke
|poke|p1|Tyranitar, M|
|poke|p1|Excadrill, M|
|poke|p1|Iron Valiant|
|poke|p1|Tornadus-Therian, M|
|poke|p1|Ogerpon, F|
|poke|p1|Toxapex, M|
|poke|p2|Rhydon, F|
|poke|p2|Tyranitar, F|
|poke|p2|Salamence, M|
|poke|p2|Clefable, M|
|poke|p2|Excadrill, F|
|poke|p2|Volcanion|
|teampreview
|j| star pilots
|j| Inothtunothtino
|j| simplegent
|inactive|Battle timer is ON: inactive players will automatically lose when time's up. (requested by slitherwing ily)
|j| Concept Everything
|
|t:|1779583052
|teamsize|p1|6
|teamsize|p2|6
|start
|switch|p1a: Malevolent Shrine|Tyranitar, M, shiny|100/100
|switch|p2a: Tyranitar|Tyranitar, F|100/100
|-weather|Sandstorm|[from] ability: Sand Stream|[of] p1a: Malevolent Shrine
|turn|1
|
|t:|1779583055
|switch|p2a: Clefable|Clefable, M|100/100
|move|p1a: Malevolent Shrine|Low Kick|p2a: Clefable
|-resisted|p2a: Clefable
|-damage|p2a: Clefable|91/100
|
|-weather|Sandstorm|[upkeep]
|-heal|p2a: Clefable|97/100|[from] item: Leftovers
|upkeep
|turn|2
|j| besudo lick
|
|t:|1779583069
|move|p1a: Malevolent Shrine|Stealth Rock|p2a: Clefable
|-sidestart|p2: chip wittley|move: Stealth Rock
|move|p2a: Clefable|Moonblast|p1a: Malevolent Shrine
|-supereffective|p1a: Malevolent Shrine
|-crit|p1a: Malevolent Shrine
|-damage|p1a: Malevolent Shrine|33/100
|-unboost|p1a: Malevolent Shrine|spa|1
|
|-weather|Sandstorm|[upkeep]
|-heal|p2a: Clefable|100/100|[from] item: Leftovers
|upkeep
|turn|3
|l| simplegent
|
|t:|1779583077
|switch|p1a: Plague Doctor|Toxapex, M, shiny|100/100
|move|p2a: Clefable|Moonblast|p1a: Plague Doctor
|-resisted|p1a: Plague Doctor
|-damage|p1a: Plague Doctor|90/100
|-enditem|p1a: Plague Doctor|Eject Button
|
|t:|1779583078
|switch|p1a: Adamant|Ogerpon, F|100/100
|
|-weather|Sandstorm|[upkeep]
|-damage|p1a: Adamant|95/100|[from] Sandstorm
|upkeep
|turn|4
|
|t:|1779583081
|move|p1a: Adamant|U-turn|p2a: Clefable
|-resisted|p2a: Clefable
|-damage|p2a: Clefable|87/100
|l| besudo lick
|inactive|slitherwing ily has 120 seconds left.
|
|t:|1779583132
|switch|p1a: Denji|Excadrill, M, shiny|100/100|[from] U-turn
|move|p2a: Clefable|Thunder Wave|p1a: Denji
|-immune|p1a: Denji
|
|-weather|Sandstorm|[upkeep]
|-heal|p2a: Clefable|93/100|[from] item: Leftovers
|upkeep
|turn|5
|inactive|chip wittley has 120 seconds left.
|inactive|chip wittley has 90 seconds left.
|
|t:|1779583193
|switch|p2a: Excadrill|Excadrill, F|100/100
|-damage|p2a: Excadrill|97/100|[from] Stealth Rock
|-item|p2a: Excadrill|Air Balloon
|move|p1a: Denji|Swords Dance|p1a: Denji
|-boost|p1a: Denji|atk|2
|
|-weather|Sandstorm|[upkeep]
|upkeep
|turn|6
|inactive|slitherwing ily has 120 seconds left.
|
|t:|1779583208
|-terastallize|p1a: Denji|Ghost
|move|p1a: Denji|Rapid Spin|p2a: Excadrill
|-resisted|p2a: Excadrill
|-damage|p2a: Excadrill|70/100
|-boost|p1a: Denji|spe|1
|-enditem|p2a: Excadrill|Air Balloon
|move|p2a: Excadrill|Earthquake|p1a: Denji
|-damage|p1a: Denji|10/100
|
|-weather|Sandstorm|[upkeep]
|-heal|p1a: Denji|17/100|[from] item: Leftovers
|upkeep
|turn|7
|
|t:|1779583227
|switch|p2a: Salamence|Salamence, M|100/100
|-damage|p2a: Salamence|76/100|[from] Stealth Rock
|-ability|p2a: Salamence|Intimidate|boost
|-unboost|p1a: Denji|atk|1
|move|p1a: Denji|Earthquake|p2a: Salamence
|-immune|p2a: Salamence
|
|-weather|Sandstorm|[upkeep]
|-damage|p2a: Salamence|70/100|[from] Sandstorm
|-heal|p1a: Denji|23/100|[from] item: Leftovers
|upkeep
|turn|8
|inactive|chip wittley has 90 seconds left.
|
|t:|1779583246
|switch|p2a: Clefable|Clefable, M|93/100
|move|p1a: Denji|Rock Slide|p2a: Clefable
|-damage|p2a: Clefable|60/100
|
|-weather|none
|-heal|p1a: Denji|29/100|[from] item: Leftovers
|-heal|p2a: Clefable|66/100|[from] item: Leftovers
|upkeep
|turn|9
|
|t:|1779583254
|move|p1a: Denji|Earthquake|p2a: Clefable
|-damage|p2a: Clefable|0 fnt
|faint|p2a: Clefable
|
|-heal|p1a: Denji|35/100|[from] item: Leftovers
|upkeep
|
|t:|1779583260
|switch|p2a: Salamence|Salamence, M|70/100
|-damage|p2a: Salamence|45/100|[from] Stealth Rock
|-ability|p2a: Salamence|Intimidate|boost
|-unboost|p1a: Denji|atk|1
|turn|10
|
|t:|1779583267
|switch|p1a: Plague Doctor|Toxapex, M, shiny|100/100
|switch|p2a: Rhydon|Rhydon, F|100/100
|-damage|p2a: Rhydon|94/100|[from] Stealth Rock
|
|upkeep
|turn|11
|
|t:|1779583271
|switch|p2a: Tyranitar|Tyranitar, F|100/100
|-damage|p2a: Tyranitar|88/100|[from] Stealth Rock
|-weather|Sandstorm|[from] ability: Sand Stream|[of] p2a: Tyranitar
|move|p1a: Plague Doctor|Toxic|p2a: Tyranitar
|-status|p2a: Tyranitar|tox
|
|-weather|Sandstorm|[upkeep]
|-damage|p1a: Plague Doctor|95/100|[from] Sandstorm
|-damage|p2a: Tyranitar|82/100 tox|[from] psn
|upkeep
|turn|12
|inactive|chip wittley has 120 seconds left.
|inactive|chip wittley has 90 seconds left.
|
|t:|1779583312
|move|p2a: Tyranitar|Thunderbolt|p1a: Plague Doctor
|-supereffective|p1a: Plague Doctor
|-damage|p1a: Plague Doctor|66/100
|move|p1a: Plague Doctor|Recover|p1a: Plague Doctor
|-heal|p1a: Plague Doctor|100/100
|
|-weather|Sandstorm|[upkeep]
|-damage|p1a: Plague Doctor|95/100|[from] Sandstorm
|-damage|p2a: Tyranitar|69/100 tox|[from] psn
|upkeep
|turn|13
|c|☆chip wittley|gg
|inactive|chip wittley has 90 seconds left.
|-message|chip wittley forfeited.
|
|win|slitherwing ily
|raw|slitherwing ily's rating: 1763 &rarr; <strong>1776</strong><br />(+13 for winning)
|raw|chip wittley's rating: 1644 &rarr; <strong>1631</strong><br />(-13 for losing)
|l|☆chip wittley
|player|p2|
