|j|☆kurorokuza
|j|☆swatch tower
|t:|1779557483
|gametype|singles
|player|p1|kurorokuza|red|1156
|player|p2|swatch tower|depotagent|1192
|gen|9
|tier|[Gen 9] OU
|rated|
|rule|HP Percentage Mod: HP is shown in percentages
|rule|Endless Battle Clause: Forcing endless battles is banned
|rule|Species Clause: Limit one of each Pokémon
|rule|OHKO Clause: OHKO moves are banned
|rule|Evasion Items Clause: Evasion items are banned
|rule|Evasion Moves Clause: Evasion moves are banned
|rule|Evasion Abilities Clause: Evasion abilities are banned
|rule|Sleep Moves Clause: Sleep-inducing moves are banned
|clearpoke
|poke|p1|Weezing-Galar, F|
|poke|p1|Toxtricity-Low-Key, M|
|poke|p1|Basculegion, M|
|poke|p1|Chandelure, F|
|poke|p1|Moltres-Galar|
|poke|p1|Dragapult, F|
|poke|p2|Golurk|
|poke|p2|Grimmsnarl, M|
|poke|p2|Deoxys-Speed|
|poke|p2|Greninja-*, M|
|poke|p2|Thundurus, M|
|poke|p2|Corviknight, M|
|teampreview
|inactive|Battle timer is ON: inactive players will automatically lose when time's up. (requested by kurorokuza)
|
|t:|1779557497
|teamsize|p1|6
|teamsize|p2|6
|start
|switch|p1a: Basculegion|Basculegion, M|100/100
|switch|p2a: Grimmsnarl|Grimmsnarl, M|100/100
|turn|1
|
|t:|1779557518
|-terastallize|p1a: Basculegion|Water
|move|p2a: Grimmsnarl|Thunder Wave|p1a: Basculegion
|-status|p1a: Basculegion|par
|cant|p1a: Basculegion|par
|
|upkeep
|turn|2
|
|t:|1779557527
|move|p2a: Grimmsnarl|Parting Shot|p1a: Basculegion
|-unboost|p1a: Basculegion|atk|1
|-unboost|p1a: Basculegion|spa|1
|
|t:|1779557528
|switch|p2a: Corviknight|Corviknight, M|100/100|[from] Parting Shot
|-ability|p2a: Corviknight|Pressure
|move|p1a: Basculegion|Wave Crash|p2a: Corviknight
|-damage|p2a: Corviknight|62/100
|-damage|p1a: Basculegion|87/100 par|[from] Recoil
|
|-heal|p2a: Corviknight|68/100|[from] item: Leftovers
|upkeep
|turn|3
|
|t:|1779557545
|switch|p1a: Chandelure|Chandelure, F|100/100
|move|p2a: Corviknight|Agility|p2a: Corviknight
|-boost|p2a: Corviknight|spe|2
|
|-heal|p2a: Corviknight|74/100|[from] item: Leftovers
|upkeep
|turn|4
|
|t:|1779557555
|-terastallize|p2a: Corviknight|Dragon
|move|p2a: Corviknight|Roost|p2a: Corviknight
|-heal|p2a: Corviknight|100/100
|move|p1a: Chandelure|Heat Wave|p2a: Corviknight
|-resisted|p2a: Corviknight
|-damage|p2a: Corviknight|70/100
|
|-heal|p2a: Corviknight|77/100|[from] item: Leftovers
|upkeep
|turn|5
|inactive|kurorokuza has 120 seconds left.
|
|t:|1779557581
|switch|p1a: Dragapult|Dragapult, F|100/100
|move|p2a: Corviknight|Agility|p2a: Corviknight
|-boost|p2a: Corviknight|spe|2
|
|-heal|p2a: Corviknight|83/100|[from] item: Leftovers
|upkeep
|turn|6
|
|t:|1779557590
|move|p2a: Corviknight|Power Trip|p1a: Dragapult
|-supereffective|p1a: Dragapult
|-damage|p1a: Dragapult|46/100
|move|p1a: Dragapult|Dragon Dance|p1a: Dragapult
|-boost|p1a: Dragapult|atk|1
|-boost|p1a: Dragapult|spe|1
|
|-heal|p2a: Corviknight|89/100|[from] item: Leftovers
|upkeep
|turn|7
|
|t:|1779557601
|move|p1a: Dragapult|Dragon Darts|p2a: Corviknight
|-supereffective|p2a: Corviknight
|-damage|p2a: Corviknight|17/100
|-anim|p1a: Dragapult|Dragon Darts|p2a: Corviknight
|-supereffective|p2a: Corviknight
|-damage|p2a: Corviknight|0 fnt
|faint|p2a: Corviknight
|-damage|p1a: Dragapult|37/100|[from] item: Life Orb
|
|upkeep
|
|t:|1779557608
|switch|p2a: Grimmsnarl|Grimmsnarl, M|100/100
|turn|8
|inactive|kurorokuza has 120 seconds left.
|
|t:|1779557636
|move|p1a: Dragapult|Sucker Punch|p2a: Grimmsnarl
|-resisted|p2a: Grimmsnarl
|-damage|p2a: Grimmsnarl|91/100
|-damage|p1a: Dragapult|27/100|[from] item: Life Orb
|move|p2a: Grimmsnarl|Spirit Break|p1a: Dragapult
|-supereffective|p1a: Dragapult
|-damage|p1a: Dragapult|0 fnt
|faint|p1a: Dragapult
|
|-heal|p2a: Grimmsnarl|97/100|[from] item: Leftovers
|upkeep
|
|t:|1779557656
|switch|p1a: Toxtricity|Toxtricity-Low-Key, M|100/100
|turn|9
|
|t:|1779557660
|move|p2a: Grimmsnarl|Parting Shot|p1a: Toxtricity
|-unboost|p1a: Toxtricity|atk|1
|-unboost|p1a: Toxtricity|spa|1
|
|t:|1779557662
|switch|p2a: Golurk|Golurk, shiny|100/100|[from] Parting Shot
|move|p1a: Toxtricity|Sludge Bomb|p2a: Golurk
|-resisted|p2a: Golurk
|-damage|p2a: Golurk|90/100
|
|upkeep
|turn|10
|
|t:|1779557674
|move|p1a: Toxtricity|Psychic Noise|p2a: Golurk
|-damage|p2a: Golurk|61/100
|-start|p2a: Golurk|move: Heal Block
|move|p2a: Golurk|Stone Edge|p1a: Toxtricity
|-damage|p1a: Toxtricity|32/100
|-damage|p2a: Golurk|51/100|[from] item: Life Orb
|
|upkeep
|turn|11
|
|t:|1779557684
|move|p1a: Toxtricity|Psychic Noise|p2a: Golurk
|-damage|p2a: Golurk|23/100
|move|p2a: Golurk|Stone Edge|p1a: Toxtricity
|-damage|p1a: Toxtricity|0 fnt
|faint|p1a: Toxtricity
|-damage|p2a: Golurk|13/100|[from] item: Life Orb
|
|-end|p2a: Golurk|move: Heal Block
|upkeep
|
|t:|1779557697
|switch|p1a: Basculegion|Basculegion, M, tera:Water|87/100 par
|turn|12
|
|t:|1779557702
|move|p1a: Basculegion|Head Smash|p2a: Golurk
|-resisted|p2a: Golurk
|-damage|p2a: Golurk|0 fnt
|faint|p2a: Golurk
|-damage|p1a: Basculegion|82/100 par|[from] Recoil
|
|upkeep
|
|t:|1779557722
|switch|p2a: Greninja|Greninja, M|100/100
|turn|13
|
|t:|1779557726
|move|p2a: Greninja|Grass Knot|p1a: Basculegion
|-supereffective|p1a: Basculegion
|-damage|p1a: Basculegion|0 fnt
|faint|p1a: Basculegion
|-ability|p2a: Greninja|Battle Bond|boost
|-boost|p2a: Greninja|atk|1
|-boost|p2a: Greninja|spa|1
|-boost|p2a: Greninja|spe|1
|-activate|p2a: Greninja|ability: Battle Bond
|-damage|p2a: Greninja|91/100|[from] item: Life Orb
|
|upkeep
|
|t:|1779557744
|switch|p1a: Weezing|Weezing-Galar, F|100/100
|turn|14
|
|t:|1779557749
|move|p2a: Greninja|Surf|p1a: Weezing
|-damage|p1a: Weezing|0 fnt
|faint|p1a: Weezing
|-damage|p2a: Greninja|81/100|[from] item: Life Orb
|
|upkeep
|-message|kurorokuza forfeited.
|
|win|swatch tower
|raw|kurorokuza's rating: 1156 &rarr; <strong>1134</strong><br />(-22 for losing)
|raw|swatch tower's rating: 1192 &rarr; <strong>1214</strong><br />(+22 for winning)
|l|☆kurorokuza
|player|p1|
|l|☆swatch tower
|player|p2|
