|j|☆Byfddfgg
|j|☆cfhhjki
|t:|1779697939
|gametype|singles
|player|p1|Byfddfgg|lucas|1000
|player|p2|cfhhjki|preschooler|1046
|gen|9
|tier|[Gen 9] OU
|rated|
|rule|HP Percentage Mod: HP is shown in percentages
|rule|Endless Battle Clause: Forcing endless battles is banned
|rule|Species Clause: Limit one of each Pokémon
|rule|OHKO Clause: OHKO moves are banned
|rule|Evasion Items Clause: Evasion items are banned
|rule|Evasion Moves Clause: Evasion moves are banned
|rule|Evasion Abilities Clause: Evasion abilities are banned
|rule|Sleep Moves Clause: Sleep-inducing moves are banned
|clearpoke
|poke|p1|Dragonite, F|
|poke|p1|Great Tusk|
|poke|p1|Deoxys-Speed|
|poke|p1|Gholdengo|
|poke|p1|Zamazenta-*|
|poke|p1|Iron Valiant|
|poke|p2|Glimmora, M|
|poke|p2|Hawlucha, M|
|poke|p2|Espeon, F|
|poke|p2|Mismagius, F|
|poke|p2|Klawf, M|
|poke|p2|Rillaboom, M|
|teampreview
|inactive|Battle timer is ON: inactive players will automatically lose when time's up. (requested by cfhhjki)
|
|t:|1779697950
|teamsize|p1|6
|teamsize|p2|6
|start
|switch|p1a: Deoxys|Deoxys-Speed|100/100
|switch|p2a: Glimmora|Glimmora, M, shiny|100/100
|-ability|p1a: Deoxys|Pressure
|turn|1
|
|t:|1779697954
|switch|p2a: Espeon|Espeon, F, shiny|100/100
|move|p1a: Deoxys|Taunt|p2a: Espeon
|move|p2a: Espeon|Taunt|p1a: Deoxys|[from] ability: Magic Bounce
|-start|p1a: Deoxys|move: Taunt
|
|upkeep
|turn|2
|
|t:|1779697961
|switch|p1a: Gholdengo|Gholdengo|100/100
|-item|p1a: Gholdengo|Air Balloon
|move|p2a: Espeon|Protect||[still]
|-fail|p2a: Espeon
|
|upkeep
|turn|3
|
|t:|1779697964
|switch|p2a: Mismagius|Mismagius, F, shiny|100/100
|move|p1a: Gholdengo|Nasty Plot|p1a: Gholdengo
|-boost|p1a: Gholdengo|spa|2
|
|upkeep
|turn|4
|
|t:|1779697967
|move|p2a: Mismagius|Destiny Bond|p2a: Mismagius
|-singlemove|p2a: Mismagius|Destiny Bond
|move|p1a: Gholdengo|Shadow Ball|p2a: Mismagius
|-supereffective|p2a: Mismagius
|-damage|p2a: Mismagius|0 fnt
|faint|p2a: Mismagius
|-activate|p2a: Mismagius|move: Destiny Bond
|faint|p1a: Gholdengo
|
|upkeep
|
|t:|1779697971
|switch|p2a: Glimmora|Glimmora, M, shiny|100/100
|switch|p1a: Deoxys|Deoxys-Speed|100/100
|-ability|p1a: Deoxys|Pressure
|turn|5
|
|t:|1779697974
|move|p1a: Deoxys|Skill Swap|p2a: Glimmora
|-activate|p1a: Deoxys|Skill Swap|Toxic Debris|Pressure|[of] p2a: Glimmora
|-ability|p2a: Glimmora|Pressure
|move|p2a: Glimmora|Meteor Beam||[still]
|-prepare|p2a: Glimmora|Meteor Beam
|-boost|p2a: Glimmora|spa|1
|-enditem|p2a: Glimmora|Power Herb
|-anim|p2a: Glimmora|Meteor Beam|p1a: Deoxys
|-enditem|p1a: Deoxys|Focus Sash
|-damage|p1a: Deoxys|1/100
|
|upkeep
|turn|6
|
|t:|1779697980
|switch|p2a: Rillaboom|Rillaboom, M, shiny|100/100
|-fieldstart|move: Grassy Terrain|[from] ability: Grassy Surge|[of] p2a: Rillaboom
|move|p1a: Deoxys|Skill Swap|p2a: Rillaboom
|-activate|p1a: Deoxys|Skill Swap|Grassy Surge|Toxic Debris|[of] p2a: Rillaboom
|
|-heal|p1a: Deoxys|7/100|[from] Grassy Terrain
|upkeep
|turn|7
|
|t:|1779697985
|move|p2a: Rillaboom|Grassy Glide|p1a: Deoxys
|-damage|p1a: Deoxys|0 fnt
|faint|p1a: Deoxys
|
|upkeep
|
|t:|1779697986
|switch|p1a: Dragonite|Dragonite, F|100/100
|turn|8
|
|t:|1779697999
|move|p1a: Dragonite|Dragon Dance|p1a: Dragonite
|-boost|p1a: Dragonite|atk|1
|-boost|p1a: Dragonite|spe|1
|move|p2a: Rillaboom|U-turn|p1a: Dragonite
|-resisted|p1a: Dragonite
|-damage|p1a: Dragonite|93/100
|
|t:|1779698011
|switch|p2a: Klawf|Klawf, M, shiny|100/100|[from] U-turn
|
|upkeep
|turn|9
|
|t:|1779698024
|move|p1a: Dragonite|Dragon Dance|p1a: Dragonite
|-boost|p1a: Dragonite|atk|1
|-boost|p1a: Dragonite|spe|1
|move|p2a: Klawf|Stone Edge|p1a: Dragonite
|-supereffective|p1a: Dragonite
|-crit|p1a: Dragonite
|-damage|p1a: Dragonite|0 fnt
|faint|p1a: Dragonite
|
|upkeep
|
|t:|1779698027
|switch|p1a: Zamazenta|Zamazenta|100/100
|-ability|p1a: Zamazenta|Dauntless Shield|boost
|-boost|p1a: Zamazenta|def|1
|turn|10
|
|t:|1779698033
|move|p1a: Zamazenta|Close Combat|p2a: Klawf
|-supereffective|p2a: Klawf
|-enditem|p2a: Klawf|Chople Berry|[eat]
|-enditem|p2a: Klawf|Chople Berry|[weaken]
|-damage|p2a: Klawf|13/100
|-unboost|p1a: Zamazenta|def|1
|-unboost|p1a: Zamazenta|spd|1
|-ability|p2a: Klawf|Anger Shell|boost
|-boost|p2a: Klawf|atk|1
|-boost|p2a: Klawf|spa|1
|-boost|p2a: Klawf|spe|1
|-unboost|p2a: Klawf|def|1
|-unboost|p2a: Klawf|spd|1
|-damage|p1a: Zamazenta|91/100|[from] item: Life Orb
|move|p2a: Klawf|Swords Dance|p2a: Klawf
|-boost|p2a: Klawf|atk|2
|
|-heal|p2a: Klawf|19/100|[from] Grassy Terrain
|-heal|p1a: Zamazenta|97/100|[from] Grassy Terrain
|upkeep
|turn|11
|
|t:|1779698040
|move|p2a: Klawf|Crabhammer|p1a: Zamazenta
|-damage|p1a: Zamazenta|33/100
|move|p1a: Zamazenta|Close Combat|p2a: Klawf
|-supereffective|p2a: Klawf
|-damage|p2a: Klawf|0 fnt
|-unboost|p1a: Zamazenta|def|1
|-unboost|p1a: Zamazenta|spd|1
|faint|p2a: Klawf
|-damage|p1a: Zamazenta|24/100|[from] item: Life Orb
|
|-heal|p1a: Zamazenta|30/100|[from] Grassy Terrain
|upkeep
|
|t:|1779698045
|switch|p2a: Hawlucha|Hawlucha, M, shiny|100/100
|-enditem|p2a: Hawlucha|Grassy Seed
|-boost|p2a: Hawlucha|def|1|[from] item: Grassy Seed
|turn|12
|
|t:|1779698051
|move|p2a: Hawlucha|Acrobatics|p1a: Zamazenta
|-supereffective|p1a: Zamazenta
|-damage|p1a: Zamazenta|0 fnt
|faint|p1a: Zamazenta
|
|upkeep
|
|t:|1779698059
|switch|p1a: Great Tusk|Great Tusk|100/100
|-enditem|p1a: Great Tusk|Booster Energy
|-activate|p1a: Great Tusk|ability: Protosynthesis|[fromitem]
|-start|p1a: Great Tusk|protosynthesisspe
|turn|13
|
|t:|1779698062
|-terastallize|p2a: Hawlucha|Flying
|-terastallize|p1a: Great Tusk|Ghost
|move|p2a: Hawlucha|Acrobatics|p1a: Great Tusk
|-damage|p1a: Great Tusk|62/100
|move|p1a: Great Tusk|Bulk Up|p1a: Great Tusk
|-boost|p1a: Great Tusk|atk|1
|-boost|p1a: Great Tusk|def|1
|
|-heal|p1a: Great Tusk|68/100|[from] Grassy Terrain
|-fieldend|move: Grassy Terrain
|upkeep
|turn|14
|
|t:|1779698067
|move|p2a: Hawlucha|Encore|p1a: Great Tusk
|-start|p1a: Great Tusk|Encore
|move|p1a: Great Tusk|Bulk Up|p1a: Great Tusk
|-boost|p1a: Great Tusk|atk|1
|-boost|p1a: Great Tusk|def|1
|
|upkeep
|turn|15
|
|t:|1779698073
|move|p2a: Hawlucha|Swords Dance|p2a: Hawlucha
|-boost|p2a: Hawlucha|atk|2
|move|p1a: Great Tusk|Bulk Up|p1a: Great Tusk
|-boost|p1a: Great Tusk|atk|1
|-boost|p1a: Great Tusk|def|1
|
|upkeep
|turn|16
|
|t:|1779698076
|move|p2a: Hawlucha|Swords Dance|p2a: Hawlucha
|-boost|p2a: Hawlucha|atk|2
|move|p1a: Great Tusk|Bulk Up|p1a: Great Tusk
|-boost|p1a: Great Tusk|atk|1
|-boost|p1a: Great Tusk|def|1
|
|-end|p1a: Great Tusk|Encore
|upkeep
|turn|17
|
|t:|1779698079
|move|p2a: Hawlucha|Encore|p1a: Great Tusk
|-start|p1a: Great Tusk|Encore
|move|p1a: Great Tusk|Bulk Up|p1a: Great Tusk
|-boost|p1a: Great Tusk|atk|1
|-boost|p1a: Great Tusk|def|1
|
|upkeep
|turn|18
|
|t:|1779698081
|move|p2a: Hawlucha|Swords Dance|p2a: Hawlucha
|-boost|p2a: Hawlucha|atk|2
|move|p1a: Great Tusk|Bulk Up|p1a: Great Tusk
|-boost|p1a: Great Tusk|atk|1
|-boost|p1a: Great Tusk|def|1
|
|upkeep
|turn|19
|
|t:|1779698083
|move|p2a: Hawlucha|Acrobatics|p1a: Great Tusk
|-damage|p1a: Great Tusk|28/100
|move|p1a: Great Tusk|Bulk Up|p1a: Great Tusk
|-boost|p1a: Great Tusk|atk|0
|-boost|p1a: Great Tusk|def|0
|
|-end|p1a: Great Tusk|Encore
|upkeep
|turn|20
|
|t:|1779698087
|move|p2a: Hawlucha|Encore|p1a: Great Tusk
|-start|p1a: Great Tusk|Encore
|move|p1a: Great Tusk|Bulk Up|p1a: Great Tusk
|-boost|p1a: Great Tusk|atk|0
|-boost|p1a: Great Tusk|def|0
|
|upkeep
|turn|21
|-message|Byfddfgg forfeited.
|
|win|cfhhjki
|raw|Byfddfgg's rating: 1000 &rarr; <strong>1000</strong><br />(+0 for losing)
|raw|cfhhjki's rating: 1046 &rarr; <strong>1075</strong><br />(+29 for winning)
|l|☆Byfddfgg
|player|p1|
