|j|☆Ctannn
|j|☆mieldrain
|t:|1779622335
|gametype|singles
|player|p1|Ctannn|266|1729
|player|p2|mieldrain|lady-gen4|1620
|gen|9
|tier|[Gen 9] OU
|rated|
|rule|HP Percentage Mod: HP is shown in percentages
|rule|Endless Battle Clause: Forcing endless battles is banned
|rule|Species Clause: Limit one of each Pokémon
|rule|OHKO Clause: OHKO moves are banned
|rule|Evasion Items Clause: Evasion items are banned
|rule|Evasion Moves Clause: Evasion moves are banned
|rule|Evasion Abilities Clause: Evasion abilities are banned
|rule|Sleep Moves Clause: Sleep-inducing moves are banned
|clearpoke
|poke|p1|Rillaboom, M|
|poke|p1|Garganacl, M|
|poke|p1|Cinderace, M|
|poke|p1|Raging Bolt|
|poke|p1|Slowking-Galar, F|
|poke|p1|Landorus-Therian, M|
|poke|p2|Iron Crown|
|poke|p2|Dragonite, M|
|poke|p2|Great Tusk|
|poke|p2|Ogerpon-Cornerstone, F|
|poke|p2|Cinderace, F|
|poke|p2|Ceruledge, F|
|teampreview
|inactive|Battle timer is ON: inactive players will automatically lose when time's up. (requested by mieldrain)
|
|t:|1779622364
|teamsize|p1|6
|teamsize|p2|6
|start
|switch|p1a: Landorus|Landorus-Therian, M|100/100
|switch|p2a: Cinderace|Cinderace, F|100/100
|-ability|p1a: Landorus|Intimidate|boost
|-unboost|p2a: Cinderace|atk|1
|turn|1
|
|t:|1779622367
|move|p2a: Cinderace|Pyro Ball|p1a: Landorus
|-damage|p1a: Landorus|71/100
|-status|p1a: Landorus|brn
|move|p1a: Landorus|Stealth Rock|p2a: Cinderace
|-sidestart|p2: mieldrain|move: Stealth Rock
|
|-damage|p1a: Landorus|65/100 brn|[from] brn
|upkeep
|turn|2
|
|t:|1779622371
|move|p2a: Cinderace|Court Change|p2a: Cinderace
|-start|p2a: Cinderace|typechange|Normal|[from] ability: Libero
|-swapsideconditions
|-activate|p2a: Cinderace|move: Court Change
|move|p1a: Landorus|Earthquake|p2a: Cinderace
|-damage|p2a: Cinderace|68/100
|
|-damage|p1a: Landorus|59/100 brn|[from] brn
|upkeep
|turn|3
|
|t:|1779622373
|switch|p2a: Great Tusk|Great Tusk|100/100
|-enditem|p2a: Great Tusk|Booster Energy
|-activate|p2a: Great Tusk|ability: Protosynthesis|[fromitem]
|-start|p2a: Great Tusk|protosynthesisatk
|move|p1a: Landorus|Stealth Rock|p2a: Great Tusk
|-sidestart|p2: mieldrain|move: Stealth Rock
|
|-damage|p1a: Landorus|53/100 brn|[from] brn
|upkeep
|turn|4
|
|t:|1779622376
|switch|p1a: Slowking|Slowking-Galar, F|100/100
|-damage|p1a: Slowking|88/100|[from] Stealth Rock
|move|p2a: Great Tusk|Rapid Spin|p1a: Slowking
|-damage|p1a: Slowking|70/100
|-boost|p2a: Great Tusk|spe|1
|-damage|p2a: Great Tusk|84/100|[from] item: Rocky Helmet|[of] p1a: Slowking
|-sideend|p2: mieldrain|Stealth Rock|[from] move: Rapid Spin|[of] p2a: Great Tusk
|
|upkeep
|turn|5
|
|t:|1779622381
|switch|p1a: Landorus|Landorus-Therian, M|53/100 brn
|-damage|p1a: Landorus|41/100 brn|[from] Stealth Rock
|-ability|p1a: Landorus|Intimidate|boost
|-unboost|p2a: Great Tusk|atk|1
|move|p2a: Great Tusk|Ice Spinner|p1a: Landorus
|-supereffective|p1a: Landorus
|-damage|p1a: Landorus|0 fnt
|-damage|p2a: Great Tusk|68/100|[from] item: Rocky Helmet|[of] p1a: Landorus
|faint|p1a: Landorus
|
|upkeep
|
|t:|1779622385
|switch|p1a: Slowking|Slowking-Galar, F|100/100
|-damage|p1a: Slowking|88/100|[from] Stealth Rock
|turn|6
|
|t:|1779622389
|move|p2a: Great Tusk|Headlong Rush|p1a: Slowking
|-supereffective|p1a: Slowking
|-damage|p1a: Slowking|3/100
|-unboost|p2a: Great Tusk|def|1
|-unboost|p2a: Great Tusk|spd|1
|-damage|p2a: Great Tusk|51/100|[from] item: Rocky Helmet|[of] p1a: Slowking
|move|p1a: Slowking|Psychic|p2a: Great Tusk
|-supereffective|p2a: Great Tusk
|-damage|p2a: Great Tusk|0 fnt
|faint|p2a: Great Tusk
|-end|p2a: Great Tusk|Protosynthesis|[silent]
|
|upkeep
|
|t:|1779622399
|switch|p2a: Ogerpon|Ogerpon-Cornerstone, F|100/100
|turn|7
|
|t:|1779622401
|move|p2a: Ogerpon|Swords Dance|p2a: Ogerpon
|-boost|p2a: Ogerpon|atk|2
|-prepare|p1a: Slowking|Chilly Reception|[premajor]
|move|p1a: Slowking|Chilly Reception|p1a: Slowking
|-weather|Snowscape
|
|t:|1779622403
|switch|p1a: Cinderace|Cinderace, M|100/100|[from] Chilly Reception
|
|-weather|Snowscape|[upkeep]
|upkeep
|turn|8
|
|t:|1779622412
|switch|p2a: Cinderace|Cinderace, F|68/100
|move|p1a: Cinderace|U-turn|p2a: Cinderace
|-start|p1a: Cinderace|typechange|Bug|[from] ability: Libero
|-resisted|p2a: Cinderace
|-crit|p2a: Cinderace
|-damage|p2a: Cinderace|31/100
|
|t:|1779622418
|switch|p1a: Raging Bolt|Raging Bolt|100/100|[from] U-turn
|
|-weather|Snowscape|[upkeep]
|upkeep
|turn|9
|
|t:|1779622422
|move|p1a: Raging Bolt|Thunderclap|p2a: Cinderace
|-damage|p2a: Cinderace|0 fnt
|faint|p2a: Cinderace
|
|-weather|Snowscape|[upkeep]
|upkeep
|
|t:|1779622425
|switch|p2a: Dragonite|Dragonite, M|100/100
|turn|10
|
|t:|1779622429
|move|p2a: Dragonite|Encore|p1a: Raging Bolt
|-start|p1a: Raging Bolt|Encore
|move|p1a: Raging Bolt|Thunderclap||[still]
|-fail|p1a: Raging Bolt
|
|-weather|Snowscape|[upkeep]
|upkeep
|turn|11
|
|t:|1779622435
|-end|p1a: Raging Bolt|Protosynthesis|[silent]
|switch|p1a: Garganacl|Garganacl, M|100/100
|-damage|p1a: Garganacl|88/100|[from] Stealth Rock
|move|p2a: Dragonite|Dragon Dance|p2a: Dragonite
|-boost|p2a: Dragonite|atk|1
|-boost|p2a: Dragonite|spe|1
|
|-weather|none
|-heal|p1a: Garganacl|94/100|[from] item: Leftovers
|upkeep
|turn|12
|
|t:|1779622439
|-terastallize|p1a: Garganacl|Water
|move|p2a: Dragonite|Scale Shot|p1a: Garganacl|[miss]
|-miss|p2a: Dragonite|p1a: Garganacl
|move|p1a: Garganacl|Salt Cure|p2a: Dragonite
|-supereffective|p2a: Dragonite
|-damage|p2a: Dragonite|86/100
|-start|p2a: Dragonite|Salt Cure
|
|-heal|p1a: Garganacl|100/100|[from] item: Leftovers
|-damage|p2a: Dragonite|73/100|[from] Salt Cure
|upkeep
|turn|13
|
|t:|1779622442
|move|p2a: Dragonite|Scale Shot|p1a: Garganacl
|-damage|p1a: Garganacl|87/100
|-damage|p1a: Garganacl|74/100
|-damage|p1a: Garganacl|60/100
|-damage|p1a: Garganacl|47/100
|-damage|p1a: Garganacl|33/100
|-hitcount|p1a: Garganacl|5
|-unboost|p2a: Dragonite|def|1
|-boost|p2a: Dragonite|spe|1
|move|p1a: Garganacl|Curse|p1a: Garganacl
|-unboost|p1a: Garganacl|spe|1
|-boost|p1a: Garganacl|atk|1
|-boost|p1a: Garganacl|def|1
|
|-heal|p1a: Garganacl|40/100|[from] item: Leftovers
|-damage|p2a: Dragonite|61/100|[from] Salt Cure
|upkeep
|turn|14
|
|t:|1779622450
|move|p2a: Dragonite|Scale Shot|p1a: Garganacl
|-damage|p1a: Garganacl|31/100
|-damage|p1a: Garganacl|21/100
|-damage|p1a: Garganacl|12/100
|-damage|p1a: Garganacl|2/100
|-damage|p1a: Garganacl|0 fnt
|faint|p1a: Garganacl
|-hitcount|p1: Garganacl|5
|-unboost|p2a: Dragonite|def|1
|-boost|p2a: Dragonite|spe|1
|
|-damage|p2a: Dragonite|48/100|[from] Salt Cure
|upkeep
|
|t:|1779622459
|switch|p1a: Raging Bolt|Raging Bolt|100/100
|turn|15
|
|t:|1779622461
|move|p2a: Dragonite|Scale Shot|p1a: Raging Bolt
|-supereffective|p1a: Raging Bolt
|-damage|p1a: Raging Bolt|61/100
|-supereffective|p1a: Raging Bolt
|-damage|p1a: Raging Bolt|26/100
|-supereffective|p1a: Raging Bolt
|-damage|p1a: Raging Bolt|0 fnt
|faint|p1a: Raging Bolt
|-end|p1a: Raging Bolt|Protosynthesis|[silent]
|-hitcount|p1: Raging Bolt|3
|-unboost|p2a: Dragonite|def|1
|-boost|p2a: Dragonite|spe|1
|
|-damage|p2a: Dragonite|36/100|[from] Salt Cure
|upkeep
|
|t:|1779622464
|switch|p1a: Rillaboom|Rillaboom, M|100/100
|-damage|p1a: Rillaboom|88/100|[from] Stealth Rock
|-fieldstart|move: Grassy Terrain|[from] ability: Grassy Surge|[of] p1a: Rillaboom
|turn|16
|
|t:|1779622468
|move|p1a: Rillaboom|Grassy Glide|p2a: Dragonite
|-resisted|p2a: Dragonite
|-damage|p2a: Dragonite|5/100
|move|p2a: Dragonite|Scale Shot|p1a: Rillaboom
|-damage|p1a: Rillaboom|68/100
|-damage|p1a: Rillaboom|44/100
|-damage|p1a: Rillaboom|20/100
|-damage|p1a: Rillaboom|0 fnt
|faint|p1a: Rillaboom
|-hitcount|p1: Rillaboom|4
|-unboost|p2a: Dragonite|def|1
|-boost|p2a: Dragonite|spe|1
|
|-damage|p2a: Dragonite|0 fnt|[from] Salt Cure
|faint|p2a: Dragonite
|upkeep
|j| kanaete onegai
|
|t:|1779622472
|switch|p2a: Ogerpon|Ogerpon-Cornerstone, F|100/100
|switch|p1a: Cinderace|Cinderace, M|100/100
|turn|17
|
|t:|1779622475
|move|p1a: Cinderace|High Jump Kick|p2a: Ogerpon
|-start|p1a: Cinderace|typechange|Fighting|[from] ability: Libero
|-supereffective|p2a: Ogerpon
|-ability|p2a: Ogerpon|Sturdy
|-damage|p2a: Ogerpon|1/100
|move|p2a: Ogerpon|Ivy Cudgel|p1a: Cinderace|[anim] Ivy Cudgel Rock
|-resisted|p1a: Cinderace
|-damage|p1a: Cinderace|59/100
|
|-heal|p1a: Cinderace|65/100|[from] Grassy Terrain
|-heal|p2a: Ogerpon|7/100|[from] Grassy Terrain
|upkeep
|turn|18
|
|t:|1779622484
|move|p1a: Cinderace|Court Change|p1a: Cinderace
|-swapsideconditions
|-activate|p1a: Cinderace|move: Court Change
|move|p2a: Ogerpon|Ivy Cudgel|p1a: Cinderace|[anim] Ivy Cudgel Rock
|-resisted|p1a: Cinderace
|-damage|p1a: Cinderace|23/100
|
|-heal|p1a: Cinderace|29/100|[from] Grassy Terrain
|-heal|p2a: Ogerpon|13/100|[from] Grassy Terrain
|upkeep
|turn|19
|
|t:|1779622487
|move|p1a: Cinderace|U-turn|p2a: Ogerpon
|-supereffective|p2a: Ogerpon
|-damage|p2a: Ogerpon|0 fnt
|faint|p2a: Ogerpon
|
|t:|1779622489
|switch|p1a: Slowking|Slowking-Galar, F|36/100|[from] U-turn
|
|-heal|p1a: Slowking|42/100|[from] Grassy Terrain
|upkeep
|
|t:|1779622491
|switch|p2a: Ceruledge|Ceruledge, F|100/100
|-damage|p2a: Ceruledge|76/100|[from] Stealth Rock
|turn|20
|
|t:|1779622496
|move|p2a: Ceruledge|Bitter Blade|p1a: Slowking
|-damage|p1a: Slowking|8/100
|-heal|p2a: Ceruledge|99/100|[from] drain|[of] p1a: Slowking
|-damage|p2a: Ceruledge|83/100|[from] item: Rocky Helmet|[of] p1a: Slowking
|move|p1a: Slowking|Psychic|p2a: Ceruledge
|-damage|p2a: Ceruledge|45/100
|
|-heal|p2a: Ceruledge|51/100|[from] Grassy Terrain
|-heal|p1a: Slowking|14/100|[from] Grassy Terrain
|-fieldend|move: Grassy Terrain
|upkeep
|turn|21
|
|t:|1779622499
|move|p2a: Ceruledge|Bitter Blade|p1a: Slowking
|-damage|p1a: Slowking|0 fnt
|-heal|p2a: Ceruledge|61/100|[from] drain|[of] p1a: Slowking
|-damage|p2a: Ceruledge|44/100|[from] item: Rocky Helmet|[of] p1a: Slowking
|faint|p1a: Slowking
|
|upkeep
|
|t:|1779622501
|switch|p1a: Cinderace|Cinderace, M|29/100
|turn|22
|
|t:|1779622507
|-terastallize|p2a: Ceruledge|Ghost
|move|p2a: Ceruledge|Shadow Sneak|p1a: Cinderace
|-damage|p1a: Cinderace|0 fnt
|faint|p1a: Cinderace
|
|win|mieldrain
|raw|Ctannn's rating: 1729 &rarr; <strong>1703</strong><br />(-26 for losing)
|raw|mieldrain's rating: 1620 &rarr; <strong>1646</strong><br />(+26 for winning)
|l|☆mieldrain
|player|p2|
|l|☆Ctannn
|player|p1|
