|j|☆Joopey
|j|☆lkhfhkjg
|t:|1779628880
|gametype|singles
|player|p1|Joopey|policeman-gen4|1159
|player|p2|lkhfhkjg|169|1123
|gen|9
|tier|[Gen 9] OU
|rated|
|rule|HP Percentage Mod: HP is shown in percentages
|rule|Endless Battle Clause: Forcing endless battles is banned
|rule|Species Clause: Limit one of each Pokémon
|rule|OHKO Clause: OHKO moves are banned
|rule|Evasion Items Clause: Evasion items are banned
|rule|Evasion Moves Clause: Evasion moves are banned
|rule|Evasion Abilities Clause: Evasion abilities are banned
|rule|Sleep Moves Clause: Sleep-inducing moves are banned
|clearpoke
|poke|p1|Gholdengo|
|poke|p1|Clodsire, F|
|poke|p1|Surskit, M|
|poke|p1|Carkol, F|
|poke|p1|Azelf|
|poke|p1|Tauros-Paldea-Blaze, M|
|poke|p2|Landorus-Therian, M|
|poke|p2|Iron Valiant|
|poke|p2|Dragonite, M|
|poke|p2|Kyurem|
|poke|p2|Fezandipiti, M|
|poke|p2|Kingambit, F|
|teampreview
|
|t:|1779628907
|teamsize|p1|6
|teamsize|p2|6
|start
|switch|p1a: Surskit|Surskit, M|100/100
|switch|p2a: Landorus|Landorus-Therian, M|100/100
|-ability|p2a: Landorus|Intimidate|boost
|-unboost|p1a: Surskit|atk|1
|turn|1
|
|t:|1779628917
|move|p2a: Landorus|Taunt|p1a: Surskit
|-start|p1a: Surskit|move: Taunt
|cant|p1a: Surskit|move: Taunt|Sticky Web
|
|upkeep
|turn|2
|
|t:|1779628929
|switch|p1a: Tauros|Tauros-Paldea-Blaze, M|100/100
|-ability|p1a: Tauros|Intimidate|boost
|-unboost|p2a: Landorus|atk|1
|move|p2a: Landorus|U-turn|p1a: Tauros
|-resisted|p1a: Tauros
|-damage|p1a: Tauros|98/100
|inactive|Battle timer is ON: inactive players will automatically lose when time's up. (requested by Joopey)
|
|t:|1779628972
|switch|p2a: Iron Valiant|Iron Valiant|100/100|[from] U-turn
|-enditem|p2a: Iron Valiant|Booster Energy
|-activate|p2a: Iron Valiant|ability: Quark Drive|[fromitem]
|-start|p2a: Iron Valiant|quarkdrivespe
|
|upkeep
|turn|3
|
|t:|1779628981
|move|p2a: Iron Valiant|Knock Off|p1a: Tauros
|-resisted|p1a: Tauros
|-damage|p1a: Tauros|88/100
|-enditem|p1a: Tauros|Mirror Herb|[from] move: Knock Off|[of] p2a: Iron Valiant
|move|p1a: Tauros|High Horsepower|p2a: Iron Valiant
|-damage|p2a: Iron Valiant|68/100
|
|upkeep
|turn|4
|
|t:|1779628990
|move|p2a: Iron Valiant|Moonblast|p1a: Tauros
|-damage|p1a: Tauros|23/100
|-unboost|p1a: Tauros|spa|1
|move|p1a: Tauros|Trailblaze|p2a: Iron Valiant
|-damage|p2a: Iron Valiant|52/100
|-boost|p1a: Tauros|spe|1
|
|upkeep
|turn|5
|
|t:|1779629000
|move|p2a: Iron Valiant|Moonblast|p1a: Tauros
|-damage|p1a: Tauros|0 fnt
|faint|p1a: Tauros
|
|upkeep
|
|t:|1779629006
|switch|p1a: Surskit|Surskit, M|100/100
|turn|6
|
|t:|1779629010
|move|p2a: Iron Valiant|Taunt|p1a: Surskit
|-start|p1a: Surskit|move: Taunt
|cant|p1a: Surskit|move: Taunt|Sticky Web
|
|upkeep
|turn|7
|
|t:|1779629023
|move|p2a: Iron Valiant|Knock Off|p1a: Surskit
|-damage|p1a: Surskit|19/100
|-enditem|p1a: Surskit|Focus Sash|[from] move: Knock Off|[of] p2a: Iron Valiant
|move|p1a: Surskit|Pounce|p2a: Iron Valiant
|-resisted|p2a: Iron Valiant
|-crit|p2a: Iron Valiant
|-damage|p2a: Iron Valiant|48/100
|-unboost|p2a: Iron Valiant|spe|1
|
|upkeep
|turn|8
|
|t:|1779629033
|switch|p1a: Carkol|Carkol, F|100/100
|move|p2a: Iron Valiant|Knock Off|p1a: Carkol
|-damage|p1a: Carkol|82/100
|-enditem|p1a: Carkol|Eviolite|[from] move: Knock Off|[of] p2a: Iron Valiant
|
|upkeep
|turn|9
|
|t:|1779629043
|move|p2a: Iron Valiant|Focus Blast|p1a: Carkol|[miss]
|-miss|p2a: Iron Valiant|p1a: Carkol
|move|p1a: Carkol|Stealth Rock|p2a: Iron Valiant
|-sidestart|p2: lkhfhkjg|move: Stealth Rock
|
|upkeep
|turn|10
|
|t:|1779629052
|move|p2a: Iron Valiant|Focus Blast|p1a: Carkol
|-supereffective|p1a: Carkol
|-damage|p1a: Carkol|0 fnt
|faint|p1a: Carkol
|
|upkeep
|
|t:|1779629061
|switch|p1a: Clodsire|Clodsire, F|100/100
|turn|11
|
|t:|1779629066
|move|p2a: Iron Valiant|Taunt|p1a: Clodsire
|-start|p1a: Clodsire|move: Taunt
|move|p1a: Clodsire|Body Slam|p2a: Iron Valiant
|-damage|p2a: Iron Valiant|28/100
|
|upkeep
|turn|12
|
|t:|1779629074
|move|p2a: Iron Valiant|Knock Off|p1a: Clodsire
|-damage|p1a: Clodsire|69/100
|-enditem|p1a: Clodsire|Heavy-Duty Boots|[from] move: Knock Off|[of] p2a: Iron Valiant
|move|p1a: Clodsire|Body Slam|p2a: Iron Valiant
|-damage|p2a: Iron Valiant|9/100
|
|upkeep
|turn|13
|
|t:|1779629081
|move|p2a: Iron Valiant|Moonblast|p1a: Clodsire
|-resisted|p1a: Clodsire
|-damage|p1a: Clodsire|57/100
|move|p1a: Clodsire|Body Slam|p2a: Iron Valiant
|-damage|p2a: Iron Valiant|0 fnt
|faint|p2a: Iron Valiant
|-end|p2a: Iron Valiant|Quark Drive|[silent]
|
|-end|p1a: Clodsire|move: Taunt
|upkeep
|
|t:|1779629101
|switch|p2a: Landorus|Landorus-Therian, M|100/100
|-damage|p2a: Landorus|88/100|[from] Stealth Rock
|-ability|p2a: Landorus|Intimidate|boost
|-unboost|p1a: Clodsire|atk|1
|turn|14
|
|t:|1779629111
|move|p2a: Landorus|Earth Power|p1a: Clodsire
|-supereffective|p1a: Clodsire
|-damage|p1a: Clodsire|24/100
|move|p1a: Clodsire|Toxic Spikes|p2a: Landorus
|-sidestart|p2: lkhfhkjg|move: Toxic Spikes
|
|upkeep
|turn|15
|
|t:|1779629121
|move|p2a: Landorus|Earth Power|p1a: Clodsire
|-supereffective|p1a: Clodsire
|-damage|p1a: Clodsire|0 fnt
|faint|p1a: Clodsire
|
|upkeep
|
|t:|1779629128
|switch|p1a: Azelf|Azelf|100/100
|turn|16
|
|t:|1779629136
|move|p1a: Azelf|Mystical Power|p2a: Landorus
|-damage|p2a: Landorus|46/100
|-boost|p1a: Azelf|spa|1
|move|p2a: Landorus|U-turn|p1a: Azelf
|-supereffective|p1a: Azelf
|-damage|p1a: Azelf|38/100
|
|t:|1779629141
|switch|p2a: Gambit|Kingambit, F|100/100|[from] U-turn
|-damage|p2a: Gambit|94/100|[from] Stealth Rock
|-activate|p2a: Gambit|ability: Supreme Overlord
|-start|p2a: Gambit|fallen1|[silent]
|
|-heal|p1a: Azelf|44/100|[from] item: Leftovers
|upkeep
|turn|17
|
|t:|1779629152
|-terastallize|p1a: Azelf|Fairy
|move|p2a: Gambit|Sucker Punch|p1a: Azelf
|-resisted|p1a: Azelf
|-damage|p1a: Azelf|3/100
|move|p1a: Azelf|Flamethrower|p2a: Gambit
|-supereffective|p2a: Gambit
|-damage|p2a: Gambit|0 fnt
|faint|p2a: Gambit
|-end|p2a: Gambit|fallen1|[silent]
|
|-heal|p1a: Azelf|9/100|[from] item: Leftovers
|upkeep
|
|t:|1779629163
|switch|p2a: Gut instinct|Dragonite, M|100/100
|turn|18
|
|t:|1779629167
|switch|p1a: Gholdengo|Gholdengo|100/100
|move|p2a: Gut instinct|Dragon Dance|p2a: Gut instinct
|-boost|p2a: Gut instinct|atk|1
|-boost|p2a: Gut instinct|spe|1
|
|upkeep
|turn|19
|
|t:|1779629176
|move|p2a: Gut instinct|Earthquake|p1a: Gholdengo
|-supereffective|p1a: Gholdengo
|-damage|p1a: Gholdengo|16/100
|move|p1a: Gholdengo|Dazzling Gleam|p2a: Gut instinct
|-supereffective|p2a: Gut instinct
|-damage|p2a: Gut instinct|75/100
|
|-heal|p1a: Gholdengo|22/100|[from] item: Leftovers
|upkeep
|turn|20
|
|t:|1779629185
|move|p2a: Gut instinct|Earthquake|p1a: Gholdengo
|-supereffective|p1a: Gholdengo
|-damage|p1a: Gholdengo|0 fnt
|faint|p1a: Gholdengo
|
|upkeep
|
|t:|1779629191
|switch|p1a: Azelf|Azelf, tera:Fairy|9/100
|turn|21
|
|t:|1779629195
|move|p2a: Gut instinct|Ice Spinner|p1a: Azelf
|-damage|p1a: Azelf|0 fnt
|faint|p1a: Azelf
|
|upkeep
|-message|Joopey forfeited.
|
|win|lkhfhkjg
|raw|Joopey's rating: 1159 &rarr; <strong>1133</strong><br />(-26 for losing)
|raw|lkhfhkjg's rating: 1145 &rarr; <strong>1171</strong><br />(+26 for winning)
|l|☆Joopey
|player|p1|
|l|☆lkhfhkjg
|player|p2|
