|j|☆BrainOffHeadEmpty
|j|☆sylvr7070
|t:|1779581971
|gametype|singles
|player|p1|BrainOffHeadEmpty|hilda-wonderlauncher|1488
|player|p2|sylvr7070|fairytalegirl|1550
|gen|9
|tier|[Gen 9] OU
|rated|
|rule|HP Percentage Mod: HP is shown in percentages
|rule|Endless Battle Clause: Forcing endless battles is banned
|rule|Species Clause: Limit one of each Pokémon
|rule|OHKO Clause: OHKO moves are banned
|rule|Evasion Items Clause: Evasion items are banned
|rule|Evasion Moves Clause: Evasion moves are banned
|rule|Evasion Abilities Clause: Evasion abilities are banned
|rule|Sleep Moves Clause: Sleep-inducing moves are banned
|clearpoke
|poke|p1|Great Tusk|
|poke|p1|Walking Wake|
|poke|p1|Kingambit, F|
|poke|p1|Venusaur, M|
|poke|p1|Ninetales, F|
|poke|p1|Raging Bolt|
|poke|p2|Hoopa-Unbound|
|poke|p2|Zamazenta-*|
|poke|p2|Great Tusk|
|poke|p2|Pecharunt|
|poke|p2|Primarina, M|
|poke|p2|Dragonite, M|
|teampreview
|inactive|Battle timer is ON: inactive players will automatically lose when time's up. (requested by BrainOffHeadEmpty)
|
|t:|1779581977
|teamsize|p1|6
|teamsize|p2|6
|start
|switch|p1a: Ninetales|Ninetales, F|100/100
|switch|p2a: Primarina|Primarina, M, shiny|100/100
|-weather|SunnyDay|[from] ability: Drought|[of] p1a: Ninetales
|turn|1
|
|t:|1779581982
|switch|p1a: Venusaur|Venusaur, M|100/100
|move|p2a: Primarina|Flip Turn|p1a: Venusaur
|-resisted|p1a: Venusaur
|-damage|p1a: Venusaur|96/100
|
|t:|1779581987
|switch|p2a: Hoopa-Band|Hoopa-Unbound|100/100|[from] Flip Turn
|
|-weather|SunnyDay|[upkeep]
|upkeep
|turn|2
|
|t:|1779582011
|switch|p1a: Ninetales|Ninetales, F|100/100
|move|p2a: Hoopa-Band|Dark Pulse|p1a: Ninetales
|-damage|p1a: Ninetales|16/100
|
|-weather|SunnyDay|[upkeep]
|upkeep
|turn|3
|
|t:|1779582024
|switch|p1a: Kingambit|Kingambit, F|100/100
|-item|p1a: Kingambit|Air Balloon
|move|p2a: Hoopa-Band|Dark Pulse|p1a: Kingambit
|-resisted|p1a: Kingambit
|-damage|p1a: Kingambit|61/100
|-enditem|p1a: Kingambit|Air Balloon
|
|-weather|SunnyDay|[upkeep]
|upkeep
|turn|4
|
|t:|1779582031
|switch|p2a: Great Tusk|Great Tusk|100/100
|-activate|p2a: Great Tusk|ability: Protosynthesis
|-start|p2a: Great Tusk|protosynthesisatk
|move|p1a: Kingambit|Kowtow Cleave|p2a: Great Tusk
|-resisted|p2a: Great Tusk
|-damage|p2a: Great Tusk|82/100
|
|-weather|SunnyDay|[upkeep]
|upkeep
|turn|5
|
|t:|1779582038
|-end|p1a: Kingambit|fallenundefined|[silent]
|switch|p1a: Venusaur|Venusaur, M|96/100
|move|p2a: Great Tusk|Stealth Rock|p1a: Venusaur
|-sidestart|p1: BrainOffHeadEmpty|move: Stealth Rock
|
|-weather|SunnyDay|[upkeep]
|upkeep
|turn|6
|
|t:|1779582043
|-end|p2a: Great Tusk|Protosynthesis|[silent]
|switch|p2a: Pecharunt|Pecharunt|100/100
|move|p1a: Venusaur|Giga Drain|p2a: Pecharunt
|-resisted|p2a: Pecharunt
|-damage|p2a: Pecharunt|76/100
|-heal|p1a: Venusaur|100/100|[from] drain|[of] p2a: Pecharunt
|-damage|p1a: Venusaur|91/100|[from] item: Life Orb
|
|-weather|SunnyDay|[upkeep]
|upkeep
|turn|7
|
|t:|1779582054
|move|p1a: Venusaur|Weather Ball|p2a: Pecharunt
|-damage|p2a: Pecharunt|13/100
|-damage|p1a: Venusaur|81/100|[from] item: Life Orb
|move|p2a: Pecharunt|Recover|p2a: Pecharunt
|-heal|p2a: Pecharunt|63/100
|
|-weather|SunnyDay|[upkeep]
|upkeep
|turn|8
|
|t:|1779582058
|switch|p2a: Primarina|Primarina, M, shiny|100/100
|move|p1a: Venusaur|Weather Ball|p2a: Primarina
|-resisted|p2a: Primarina
|-damage|p2a: Primarina|84/100
|-damage|p1a: Venusaur|71/100|[from] item: Life Orb
|
|-weather|none
|upkeep
|turn|9
|
|t:|1779582064
|switch|p1a: Great Tusk|Great Tusk|100/100
|-damage|p1a: Great Tusk|98/100|[from] Stealth Rock
|move|p2a: Primarina|Psychic Noise|p1a: Great Tusk
|-supereffective|p1a: Great Tusk
|-damage|p1a: Great Tusk|49/100
|-start|p1a: Great Tusk|move: Heal Block
|
|upkeep
|turn|10
|
|t:|1779582069
|switch|p2a: Pecharunt|Pecharunt|63/100
|move|p1a: Great Tusk|Rapid Spin|p2a: Pecharunt
|-immune|p2a: Pecharunt
|
|-end|p1a: Great Tusk|move: Heal Block
|upkeep
|turn|11
|
|t:|1779582076
|move|p2a: Pecharunt|Recover|p2a: Pecharunt
|-heal|p2a: Pecharunt|100/100
|move|p1a: Great Tusk|Headlong Rush|p2a: Pecharunt
|-supereffective|p2a: Pecharunt
|-damage|p2a: Pecharunt|29/100
|-unboost|p1a: Great Tusk|def|1
|-unboost|p1a: Great Tusk|spd|1
|
|upkeep
|turn|12
|
|t:|1779582085
|-end|p1a: Great Tusk|Protosynthesis|[silent]
|switch|p1a: Kingambit|Kingambit, F|61/100
|-damage|p1a: Kingambit|54/100|[from] Stealth Rock
|move|p2a: Pecharunt|Shadow Ball|p1a: Kingambit
|-resisted|p1a: Kingambit
|-damage|p1a: Kingambit|44/100
|
|upkeep
|turn|13
|
|t:|1779582092
|move|p2a: Pecharunt|Parting Shot|p1a: Kingambit
|-unboost|p1a: Kingambit|atk|1
|-unboost|p1a: Kingambit|spa|1
|
|t:|1779582096
|switch|p2a: Great Tusk|Great Tusk|82/100|[from] Parting Shot
|move|p1a: Kingambit|Iron Head|p2a: Great Tusk
|-damage|p2a: Great Tusk|59/100
|
|upkeep
|turn|14
|
|t:|1779582104
|-end|p1a: Kingambit|fallenundefined|[silent]
|switch|p1a: Raging Bolt|Raging Bolt|100/100
|-damage|p1a: Raging Bolt|88/100|[from] Stealth Rock
|-item|p1a: Raging Bolt|Air Balloon
|move|p2a: Great Tusk|Headlong Rush|p1a: Raging Bolt
|-immune|p1a: Raging Bolt
|
|upkeep
|turn|15
|
|t:|1779582110
|-end|p2a: Great Tusk|Protosynthesis|[silent]
|switch|p2a: Primarina|Primarina, M, shiny|84/100
|move|p1a: Raging Bolt|Dragon Pulse|p2a: Primarina
|-immune|p2a: Primarina
|
|upkeep
|turn|16
|
|t:|1779582127
|-terastallize|p1a: Raging Bolt|Fairy
|move|p1a: Raging Bolt|Thunderbolt|p2a: Primarina
|-supereffective|p2a: Primarina
|-damage|p2a: Primarina|22/100
|move|p2a: Primarina|Moonblast|p1a: Raging Bolt
|-damage|p1a: Raging Bolt|33/100
|-unboost|p1a: Raging Bolt|spa|1
|-enditem|p1a: Raging Bolt|Air Balloon
|
|upkeep
|turn|17
|
|t:|1779582139
|switch|p2a: Great Tusk|Great Tusk|59/100
|move|p1a: Raging Bolt|Thunderclap||[still]
|-fail|p1a: Raging Bolt
|
|upkeep
|turn|18
|
|t:|1779582152
|-end|p1a: Raging Bolt|Protosynthesis|[silent]
|switch|p1a: Great Tusk|Great Tusk|49/100
|-damage|p1a: Great Tusk|46/100|[from] Stealth Rock
|move|p2a: Great Tusk|Headlong Rush|p1a: Great Tusk
|-damage|p1a: Great Tusk|1/100
|-unboost|p2a: Great Tusk|def|1
|-unboost|p2a: Great Tusk|spd|1
|
|upkeep
|turn|19
|
|t:|1779582158
|-terastallize|p2a: Great Tusk|Ghost
|move|p2a: Great Tusk|Rapid Spin|p1a: Great Tusk
|-damage|p1a: Great Tusk|0 fnt
|-boost|p2a: Great Tusk|spe|1
|faint|p1a: Great Tusk
|-end|p1a: Great Tusk|Protosynthesis|[silent]
|
|upkeep
|
|t:|1779582165
|switch|p1a: Walking Wake|Walking Wake|100/100
|-damage|p1a: Walking Wake|88/100|[from] Stealth Rock
|turn|20
|
|t:|1779582170
|move|p2a: Great Tusk|Headlong Rush|p1a: Walking Wake
|-damage|p1a: Walking Wake|22/100
|-unboost|p2a: Great Tusk|def|1
|-unboost|p2a: Great Tusk|spd|1
|move|p1a: Walking Wake|Hydro Steam|p2a: Great Tusk
|-damage|p2a: Great Tusk|0 fnt
|faint|p2a: Great Tusk
|-end|p2a: Great Tusk|Protosynthesis|[silent]
|
|upkeep
|
|t:|1779582187
|switch|p2a: Primarina|Primarina, M, shiny|22/100
|turn|21
|
|t:|1779582194
|move|p1a: Walking Wake|Flip Turn|p2a: Primarina
|-resisted|p2a: Primarina
|-damage|p2a: Primarina|11/100
|
|t:|1779582198
|-end|p1a: Walking Wake|Protosynthesis|[silent]
|switch|p1a: Venusaur|Venusaur, M|71/100|[from] Flip Turn
|-damage|p1a: Venusaur|58/100|[from] Stealth Rock
|move|p2a: Primarina|Moonblast|p1a: Venusaur
|-resisted|p1a: Venusaur
|-damage|p1a: Venusaur|27/100
|
|upkeep
|turn|22
|
|t:|1779582202
|move|p1a: Venusaur|Giga Drain|p2a: Primarina
|-supereffective|p2a: Primarina
|-damage|p2a: Primarina|0 fnt
|-heal|p1a: Venusaur|33/100|[from] drain|[of] p2a: Primarina
|faint|p2a: Primarina
|-damage|p1a: Venusaur|23/100|[from] item: Life Orb
|
|upkeep
|
|t:|1779582213
|switch|p2a: Dragonite|Dragonite, M, shiny|100/100
|turn|23
|-message|BrainOffHeadEmpty forfeited.
|
|win|sylvr7070
|raw|BrainOffHeadEmpty's rating: 1488 &rarr; <strong>1472</strong><br />(-16 for losing)
|raw|sylvr7070's rating: 1550 &rarr; <strong>1566</strong><br />(+16 for winning)
|l|☆BrainOffHeadEmpty
|player|p1|
