|j|☆LUPIIT
|j|☆redsnow0
|t:|1779643130
|gametype|singles
|player|p1|LUPIIT|lucas|1508
|player|p2|redsnow0|101|1492
|gen|9
|tier|[Gen 9] OU
|rated|
|rule|HP Percentage Mod: HP is shown in percentages
|rule|Endless Battle Clause: Forcing endless battles is banned
|rule|Species Clause: Limit one of each Pokémon
|rule|OHKO Clause: OHKO moves are banned
|rule|Evasion Items Clause: Evasion items are banned
|rule|Evasion Moves Clause: Evasion moves are banned
|rule|Evasion Abilities Clause: Evasion abilities are banned
|rule|Sleep Moves Clause: Sleep-inducing moves are banned
|clearpoke
|poke|p1|Smeargle, M|
|poke|p1|Glimmora, F|
|poke|p1|Zapdos|
|poke|p1|Rillaboom, M|
|poke|p1|Hydrapple, F|
|poke|p1|Skeledirge, F|
|poke|p2|Dragapult, M|
|poke|p2|Zapdos|
|poke|p2|Zamazenta-*|
|poke|p2|Garganacl, M|
|poke|p2|Mandibuzz, F|
|poke|p2|Ceruledge, M|
|teampreview
|inactive|Battle timer is ON: inactive players will automatically lose when time's up. (requested by LUPIIT)
|
|t:|1779643140
|teamsize|p1|6
|teamsize|p2|6
|start
|switch|p1a: Smeargle|Smeargle, M|100/100
|switch|p2a: Dragapult|Dragapult, M|100/100
|turn|1
|
|t:|1779643150
|move|p1a: Smeargle|Silk Trap|p1a: Smeargle
|-singleturn|p1a: Smeargle|Protect
|move|p2a: Dragapult|U-turn|p1a: Smeargle
|-activate|p1a: Smeargle|move: Protect
|-unboost|p2a: Dragapult|spe|1
|
|upkeep
|turn|2
|
|t:|1779643155
|switch|p1a: Glimmora|Glimmora, F|100/100
|-item|p1a: Glimmora|Air Balloon
|move|p2a: Dragapult|U-turn|p1a: Glimmora
|-resisted|p1a: Glimmora
|-damage|p1a: Glimmora|90/100
|-activate|p1a: Glimmora|ability: Toxic Debris
|-sidestart|p2: redsnow0|move: Toxic Spikes
|-enditem|p1a: Glimmora|Air Balloon
|inactive|redsnow0 has 120 seconds left.
|
|t:|1779643200
|switch|p2a: Mandibuzz|Mandibuzz, F|100/100|[from] U-turn
|
|upkeep
|turn|3
|
|t:|1779643210
|move|p1a: Glimmora|Power Gem|p2a: Mandibuzz
|-supereffective|p2a: Mandibuzz
|-damage|p2a: Mandibuzz|35/100
|move|p2a: Mandibuzz|Defog|p1a: Glimmora
|-unboost|p1a: Glimmora|evasion|1
|-sideend|p2: redsnow0|Toxic Spikes|[from] move: Defog|[of] p2a: Mandibuzz
|
|upkeep
|turn|4
|inactive|redsnow0 has 120 seconds left.
|
|t:|1779643219
|switch|p2a: Zamazenta|Zamazenta|100/100
|-ability|p2a: Zamazenta|Dauntless Shield|boost
|-boost|p2a: Zamazenta|def|1
|move|p1a: Glimmora|Stealth Rock|p2a: Zamazenta
|-sidestart|p2: redsnow0|move: Stealth Rock
|
|upkeep
|turn|5
|inactive|redsnow0 has 120 seconds left.
|
|t:|1779643232
|switch|p1a: Zapdos|Zapdos|100/100
|move|p2a: Zamazenta|Substitute|p2a: Zamazenta
|-start|p2a: Zamazenta|Substitute
|-damage|p2a: Zamazenta|76/100
|
|-heal|p2a: Zamazenta|82/100|[from] item: Leftovers
|upkeep
|turn|6
|
|t:|1779643247
|move|p2a: Zamazenta|Stone Edge|p1a: Zapdos
|-supereffective|p1a: Zapdos
|-damage|p1a: Zapdos|63/100
|move|p1a: Zapdos|U-turn|p2a: Zamazenta
|-resisted|p2a: Zamazenta
|-activate|p2a: Zamazenta|move: Substitute|[damage]
|
|t:|1779643250
|switch|p1a: Glimmora|Glimmora, F|90/100|[from] U-turn
|
|-heal|p2a: Zamazenta|88/100|[from] item: Leftovers
|upkeep
|turn|7
|
|t:|1779643253
|move|p2a: Zamazenta|Body Press|p1a: Glimmora
|-damage|p1a: Glimmora|24/100
|-activate|p1a: Glimmora|ability: Toxic Debris
|-sidestart|p2: redsnow0|move: Toxic Spikes
|move|p1a: Glimmora|Earth Power|p2a: Zamazenta
|-end|p2a: Zamazenta|Substitute
|
|-heal|p2a: Zamazenta|94/100|[from] item: Leftovers
|upkeep
|turn|8
|
|t:|1779643259
|switch|p1a: Zapdos|Zapdos|63/100
|move|p2a: Zamazenta|Body Press|p1a: Zapdos
|-resisted|p1a: Zapdos
|-damage|p1a: Zapdos|43/100
|
|-heal|p2a: Zamazenta|99/100|[from] item: Leftovers
|upkeep
|turn|9
|
|t:|1779643275
|move|p2a: Zamazenta|Substitute|p2a: Zamazenta
|-start|p2a: Zamazenta|Substitute
|-damage|p2a: Zamazenta|75/100
|move|p1a: Zapdos|Roost|p1a: Zapdos
|-heal|p1a: Zapdos|93/100
|-singleturn|p1a: Zapdos|move: Roost
|
|-heal|p2a: Zamazenta|81/100|[from] item: Leftovers
|upkeep
|turn|10
|
|t:|1779643281
|move|p2a: Zamazenta|Stone Edge|p1a: Zapdos
|-supereffective|p1a: Zapdos
|-damage|p1a: Zapdos|56/100
|move|p1a: Zapdos|Discharge|p2a: Zamazenta
|-end|p2a: Zamazenta|Substitute
|
|-heal|p2a: Zamazenta|88/100|[from] item: Leftovers
|upkeep
|turn|11
|
|t:|1779643289
|move|p2a: Zamazenta|Substitute|p2a: Zamazenta
|-start|p2a: Zamazenta|Substitute
|-damage|p2a: Zamazenta|63/100
|move|p1a: Zapdos|Discharge|p2a: Zamazenta
|-end|p2a: Zamazenta|Substitute
|
|-heal|p2a: Zamazenta|69/100|[from] item: Leftovers
|upkeep
|turn|12
|
|t:|1779643291
|move|p2a: Zamazenta|Stone Edge|p1a: Zapdos
|-supereffective|p1a: Zapdos
|-damage|p1a: Zapdos|20/100
|move|p1a: Zapdos|Discharge|p2a: Zamazenta
|-damage|p2a: Zamazenta|39/100
|
|-heal|p2a: Zamazenta|45/100|[from] item: Leftovers
|upkeep
|turn|13
|
|t:|1779643295
|switch|p1a: Rillaboom|Rillaboom, M|100/100
|-fieldstart|move: Grassy Terrain|[from] ability: Grassy Surge|[of] p1a: Rillaboom
|move|p2a: Zamazenta|Stone Edge|p1a: Rillaboom
|-damage|p1a: Rillaboom|69/100
|
|-heal|p2a: Zamazenta|52/100|[from] Grassy Terrain
|-heal|p2a: Zamazenta|58/100|[from] item: Leftovers
|-heal|p1a: Rillaboom|76/100|[from] Grassy Terrain
|upkeep
|turn|14
|
|t:|1779643303
|move|p2a: Zamazenta|Substitute|p2a: Zamazenta
|-start|p2a: Zamazenta|Substitute
|-damage|p2a: Zamazenta|33/100
|move|p1a: Rillaboom|U-turn|p2a: Zamazenta
|-resisted|p2a: Zamazenta
|-activate|p2a: Zamazenta|move: Substitute|[damage]
|
|t:|1779643310
|switch|p1a: Skeledirge|Skeledirge, F|100/100|[from] U-turn
|
|-heal|p2a: Zamazenta|39/100|[from] Grassy Terrain
|-heal|p2a: Zamazenta|45/100|[from] item: Leftovers
|upkeep
|turn|15
|
|t:|1779643314
|move|p2a: Zamazenta|Stone Edge|p1a: Skeledirge|[miss]
|-miss|p2a: Zamazenta|p1a: Skeledirge
|move|p1a: Skeledirge|Alluring Voice|p2a: Zamazenta
|-supereffective|p2a: Zamazenta
|-damage|p2a: Zamazenta|0 fnt
|faint|p2a: Zamazenta
|
|upkeep
|
|t:|1779643321
|switch|p2a: Mandibuzz|Mandibuzz, F|35/100
|turn|16
|
|t:|1779643327
|move|p1a: Skeledirge|Alluring Voice|p2a: Mandibuzz
|-supereffective|p2a: Mandibuzz
|-damage|p2a: Mandibuzz|0 fnt
|faint|p2a: Mandibuzz
|
|upkeep
|-message|redsnow0 forfeited.
|
|win|LUPIIT
|raw|LUPIIT's rating: 1508 &rarr; <strong>1527</strong><br />(+19 for winning)
|raw|redsnow0's rating: 1492 &rarr; <strong>1473</strong><br />(-19 for losing)
|l|☆redsnow0
|player|p2|
