|badge|p1|bronze|gen9randombattle|100-9
|uhtml|medal-msg|<div class="broadcast-blue">Curious what those medals under the avatar are? PS now has Ladder Seasons! For more information, check out the <a href="https://www.smogon.com/forums/threads/3740067/">thread on Smogon.</a></div>
|j|☆Gloriousplays
|j|☆chip wittley
|t:|1779645337
|gametype|singles
|player|p1|Gloriousplays|ash|1610
|player|p2|chip wittley|lance|1722
|gen|9
|tier|[Gen 9] OU
|rated|
|rule|HP Percentage Mod: HP is shown in percentages
|rule|Endless Battle Clause: Forcing endless battles is banned
|rule|Species Clause: Limit one of each Pokémon
|rule|OHKO Clause: OHKO moves are banned
|rule|Evasion Items Clause: Evasion items are banned
|rule|Evasion Moves Clause: Evasion moves are banned
|rule|Evasion Abilities Clause: Evasion abilities are banned
|rule|Sleep Moves Clause: Sleep-inducing moves are banned
|clearpoke
|poke|p1|Hoopa|
|poke|p1|Cinderace, M|
|poke|p1|Mandibuzz, F|
|poke|p1|Kyurem|
|poke|p1|Ting-Lu|
|poke|p1|Manaphy|
|poke|p2|Flygon, M|
|poke|p2|Tyranitar, M|
|poke|p2|Excadrill, F|
|poke|p2|Toxapex, M|
|poke|p2|Iron Crown|
|poke|p2|Sinistcha|
|teampreview
|
|t:|1779645399
|teamsize|p1|6
|teamsize|p2|6
|start
|switch|p1a: Ting-Lucifer|Ting-Lu|100/100
|switch|p2a: Tyranitar|Tyranitar, M|100/100
|-weather|Sandstorm|[from] ability: Sand Stream|[of] p2a: Tyranitar
|-ability|p1a: Ting-Lucifer|Vessel of Ruin
|turn|1
|
|t:|1779645408
|move|p2a: Tyranitar|Knock Off|p1a: Ting-Lucifer
|-resisted|p1a: Ting-Lucifer
|-crit|p1a: Ting-Lucifer
|-damage|p1a: Ting-Lucifer|84/100
|-enditem|p1a: Ting-Lucifer|Weakness Policy|[from] move: Knock Off|[of] p2a: Tyranitar
|move|p1a: Ting-Lucifer|Earthquake|p2a: Tyranitar
|-supereffective|p2a: Tyranitar
|-damage|p2a: Tyranitar|15/100
|
|-weather|Sandstorm|[upkeep]
|upkeep
|turn|2
|
|t:|1779645419
|switch|p2a: Flygon|Flygon, M|100/100
|move|p1a: Ting-Lucifer|Stealth Rock|p2a: Flygon
|-sidestart|p2: chip wittley|move: Stealth Rock
|
|-weather|Sandstorm|[upkeep]
|upkeep
|turn|3
|
|t:|1779645424
|move|p2a: Flygon|Sand Tomb|p1a: Ting-Lucifer
|-damage|p1a: Ting-Lucifer|76/100
|-activate|p1a: Ting-Lucifer|move: Sand Tomb|[of] p2a: Flygon
|move|p1a: Ting-Lucifer|Heavy Slam|p2a: Flygon
|-damage|p2a: Flygon|57/100
|
|-weather|Sandstorm|[upkeep]
|-heal|p2a: Flygon|63/100|[from] item: Leftovers
|-damage|p1a: Ting-Lucifer|64/100|[from] move: Sand Tomb|[partiallytrapped]
|upkeep
|turn|4
|
|t:|1779645432
|move|p2a: Flygon|Protect|p2a: Flygon
|-singleturn|p2a: Flygon|Protect
|move|p1a: Ting-Lucifer|Heavy Slam|p2a: Flygon
|-activate|p2a: Flygon|move: Protect
|
|-weather|Sandstorm|[upkeep]
|-heal|p2a: Flygon|69/100|[from] item: Leftovers
|-damage|p1a: Ting-Lucifer|52/100|[from] move: Sand Tomb|[partiallytrapped]
|upkeep
|turn|5
|
|t:|1779645436
|switch|p2a: Sinistcha|Sinistcha|100/100
|move|p1a: Ting-Lucifer|Heavy Slam|p2a: Sinistcha
|-damage|p2a: Sinistcha|72/100
|
|-weather|Sandstorm|[upkeep]
|-damage|p2a: Sinistcha|66/100|[from] Sandstorm
|-end|p1a: Ting-Lucifer|Sand Tomb|[partiallytrapped]|[silent]
|upkeep
|turn|6
|
|t:|1779645455
|switch|p1a: Mandibuzz|Mandibuzz, F, shiny|100/100
|move|p2a: Sinistcha|Matcha Gotcha|p1a: Mandibuzz
|-resisted|p1a: Mandibuzz
|-damage|p1a: Mandibuzz|86/100
|-heal|p2a: Sinistcha|75/100|[from] drain|[of] p1a: Mandibuzz
|
|-weather|Sandstorm|[upkeep]
|-damage|p2a: Sinistcha|69/100|[from] Sandstorm
|upkeep
|turn|7
|
|t:|1779645465
|switch|p2a: Toxapex|Toxapex, M|100/100
|move|p1a: Mandibuzz|Toxic|p2a: Toxapex
|-immune|p2a: Toxapex
|
|-weather|Sandstorm|[upkeep]
|-damage|p2a: Toxapex|95/100|[from] Sandstorm
|upkeep
|turn|8
|
|t:|1779645479
|switch|p1a: Manaphy|Manaphy|100/100
|move|p2a: Toxapex|Toxic|p1a: Manaphy
|-status|p1a: Manaphy|tox
|
|-weather|none
|-damage|p1a: Manaphy|94/100 tox|[from] psn
|upkeep
|turn|9
|
|t:|1779645487
|move|p1a: Manaphy|Take Heart|p1a: Manaphy
|-boost|p1a: Manaphy|spa|1
|-boost|p1a: Manaphy|spd|1
|-curestatus|p1a: Manaphy|tox|[msg]
|move|p2a: Toxapex|Toxic Spikes|p1a: Manaphy
|-sidestart|p1: Gloriousplays|move: Toxic Spikes
|
|-heal|p1a: Manaphy|100/100|[from] item: Leftovers
|upkeep
|turn|10
|
|t:|1779645513
|move|p1a: Manaphy|Scald|p2a: Toxapex
|-resisted|p2a: Toxapex
|-damage|p2a: Toxapex|80/100
|-status|p2a: Toxapex|brn
|move|p2a: Toxapex|Haze|p2a: Toxapex
|-clearallboost
|
|-damage|p2a: Toxapex|74/100 brn|[from] brn
|upkeep
|turn|11
|
|t:|1779645524
|switch|p2a: Iron Crown|Iron Crown|100/100
|-damage|p2a: Iron Crown|94/100|[from] Stealth Rock
|move|p1a: Manaphy|Tail Glow|p1a: Manaphy
|-boost|p1a: Manaphy|spa|3
|
|upkeep
|turn|12
|
|t:|1779645529
|move|p2a: Iron Crown|Volt Switch|p1a: Manaphy
|-supereffective|p1a: Manaphy
|-damage|p1a: Manaphy|60/100
|
|t:|1779645536
|-end|p2a: Iron Crown|Quark Drive|[silent]
|switch|p2a: Toxapex|Toxapex, M|100/100 brn|[from] Volt Switch
|move|p1a: Manaphy|Scald|p2a: Toxapex
|-resisted|p2a: Toxapex
|-damage|p2a: Toxapex|77/100 brn
|
|-heal|p1a: Manaphy|66/100|[from] item: Leftovers
|-damage|p2a: Toxapex|71/100 brn|[from] brn
|upkeep
|turn|13
|
|t:|1779645542
|move|p1a: Manaphy|Scald|p2a: Toxapex
|-resisted|p2a: Toxapex
|-damage|p2a: Toxapex|46/100 brn
|move|p2a: Toxapex|Haze|p2a: Toxapex
|-clearallboost
|
|-heal|p1a: Manaphy|72/100|[from] item: Leftovers
|-damage|p2a: Toxapex|40/100 brn|[from] brn
|upkeep
|turn|14
|
|t:|1779645547
|switch|p2a: Iron Crown|Iron Crown|94/100
|-damage|p2a: Iron Crown|88/100|[from] Stealth Rock
|move|p1a: Manaphy|Tail Glow|p1a: Manaphy
|-boost|p1a: Manaphy|spa|3
|
|-heal|p1a: Manaphy|78/100|[from] item: Leftovers
|upkeep
|turn|15
|
|t:|1779645551
|switch|p1a: Ting-Lucifer|Ting-Lu|52/100
|-status|p1a: Ting-Lucifer|psn
|-ability|p1a: Ting-Lucifer|Vessel of Ruin
|move|p2a: Iron Crown|Future Sight|p1a: Ting-Lucifer
|-start|p2a: Iron Crown|move: Future Sight
|
|-damage|p1a: Ting-Lucifer|39/100 psn|[from] psn
|upkeep
|turn|16
|
|t:|1779645563
|-end|p2a: Iron Crown|Quark Drive|[silent]
|switch|p2a: Sinistcha|Sinistcha|69/100
|move|p1a: Ting-Lucifer|Heavy Slam|p2a: Sinistcha
|-damage|p2a: Sinistcha|42/100
|
|-damage|p1a: Ting-Lucifer|27/100 psn|[from] psn
|upkeep
|turn|17
|
|t:|1779645574
|switch|p1a: Mandibuzz|Mandibuzz, F, shiny|86/100
|move|p2a: Sinistcha|Strength Sap|p1a: Mandibuzz
|-unboost|p1a: Mandibuzz|atk|1
|-heal|p2a: Sinistcha|77/100
|
|-end|p1a: Mandibuzz|move: Future Sight
|-immune|p1a: Mandibuzz
|upkeep
|turn|18
|
|t:|1779645585
|switch|p2a: Excadrill|Excadrill, F|100/100
|-damage|p2a: Excadrill|97/100|[from] Stealth Rock
|-item|p2a: Excadrill|Air Balloon
|move|p1a: Mandibuzz|Defog|p2a: Excadrill
|-unboost|p2a: Excadrill|evasion|1
|-sideend|p2: chip wittley|Stealth Rock|[from] move: Defog|[of] p1a: Mandibuzz
|-sideend|p1: Gloriousplays|Toxic Spikes|[from] move: Defog|[of] p1a: Mandibuzz
|
|upkeep
|turn|19
|
|t:|1779645590
|switch|p2a: Toxapex|Toxapex, M|73/100 brn
|move|p1a: Mandibuzz|Foul Play|p2a: Toxapex
|-damage|p2a: Toxapex|62/100 brn
|
|-damage|p2a: Toxapex|56/100 brn|[from] brn
|upkeep
|turn|20
|
|t:|1779645595
|switch|p1a: Manaphy|Manaphy|78/100
|switch|p2a: Tyranitar|Tyranitar, M|15/100
|-weather|Sandstorm|[from] ability: Sand Stream|[of] p2a: Tyranitar
|
|-weather|Sandstorm|[upkeep]
|-damage|p1a: Manaphy|72/100|[from] Sandstorm
|-heal|p1a: Manaphy|78/100|[from] item: Leftovers
|upkeep
|turn|21
|
|t:|1779645602
|switch|p2a: Iron Crown|Iron Crown|88/100
|move|p1a: Manaphy|Scald|p2a: Iron Crown
|-damage|p2a: Iron Crown|70/100
|-status|p2a: Iron Crown|brn
|
|-weather|Sandstorm|[upkeep]
|-damage|p1a: Manaphy|72/100|[from] Sandstorm
|-heal|p1a: Manaphy|78/100|[from] item: Leftovers
|-damage|p2a: Iron Crown|64/100 brn|[from] brn
|upkeep
|turn|22
|j| hattybatty304
|j| kanaete onegai
|
|t:|1779645607
|switch|p1a: Ting-Lucifer|Ting-Lu|27/100 psn
|-ability|p1a: Ting-Lucifer|Vessel of Ruin
|move|p2a: Iron Crown|Future Sight|p1a: Ting-Lucifer
|-start|p2a: Iron Crown|move: Future Sight
|
|-weather|Sandstorm|[upkeep]
|-damage|p1a: Ting-Lucifer|15/100 psn|[from] psn
|-damage|p2a: Iron Crown|58/100 brn|[from] brn
|upkeep
|turn|23
|
|t:|1779645610
|move|p2a: Iron Crown|Tachyon Cutter|p1a: Ting-Lucifer
|-damage|p1a: Ting-Lucifer|1/100 psn
|-damage|p1a: Ting-Lucifer|0 fnt
|faint|p1a: Ting-Lucifer
|-hitcount|p1: Ting-Lucifer|2
|
|-weather|Sandstorm|[upkeep]
|-damage|p2a: Iron Crown|51/100 brn|[from] brn
|upkeep
|
|t:|1779645615
|switch|p1a: Cinderace|Cinderace, M|100/100
|turn|24
|
|t:|1779645619
|-end|p2a: Iron Crown|Quark Drive|[silent]
|switch|p2a: Toxapex|Toxapex, M|89/100 brn
|move|p1a: Cinderace|U-turn|p2a: Toxapex
|-start|p1a: Cinderace|typechange|Bug|[from] ability: Libero
|-resisted|p2a: Toxapex
|-damage|p2a: Toxapex|75/100 brn
|
|t:|1779645623
|switch|p1a: Mandibuzz|Mandibuzz, F, shiny|86/100|[from] U-turn
|
|-weather|Sandstorm|[upkeep]
|-damage|p2a: Toxapex|69/100 brn|[from] Sandstorm
|-end|p1a: Mandibuzz|move: Future Sight
|-immune|p1a: Mandibuzz
|-damage|p2a: Toxapex|63/100 brn|[from] brn
|upkeep
|turn|25
|
|t:|1779645630
|switch|p1a: Manaphy|Manaphy|78/100
|move|p2a: Toxapex|Toxic|p1a: Manaphy
|-status|p1a: Manaphy|tox
|
|-weather|Sandstorm|[upkeep]
|-damage|p1a: Manaphy|72/100 tox|[from] Sandstorm
|-damage|p2a: Toxapex|57/100 brn|[from] Sandstorm
|-heal|p1a: Manaphy|78/100 tox|[from] item: Leftovers
|-damage|p1a: Manaphy|72/100 tox|[from] psn
|-damage|p2a: Toxapex|51/100 brn|[from] brn
|upkeep
|turn|26
|
|t:|1779645636
|switch|p2a: Iron Crown|Iron Crown|51/100 brn
|move|p1a: Manaphy|Take Heart|p1a: Manaphy
|-boost|p1a: Manaphy|spa|1
|-boost|p1a: Manaphy|spd|1
|-curestatus|p1a: Manaphy|tox|[msg]
|
|-weather|Sandstorm|[upkeep]
|-damage|p1a: Manaphy|66/100|[from] Sandstorm
|-heal|p1a: Manaphy|72/100|[from] item: Leftovers
|-damage|p2a: Iron Crown|45/100 brn|[from] brn
|upkeep
|turn|27
|
|t:|1779645643
|move|p2a: Iron Crown|Volt Switch|p1a: Manaphy
|-supereffective|p1a: Manaphy
|-damage|p1a: Manaphy|47/100
|
|t:|1779645645
|-end|p2a: Iron Crown|Quark Drive|[silent]
|switch|p2a: Toxapex|Toxapex, M|85/100 brn|[from] Volt Switch
|move|p1a: Manaphy|Scald|p2a: Toxapex
|-resisted|p2a: Toxapex
|-damage|p2a: Toxapex|72/100 brn
|
|-weather|none
|-heal|p1a: Manaphy|53/100|[from] item: Leftovers
|-damage|p2a: Toxapex|66/100 brn|[from] brn
|upkeep
|turn|28
|
|t:|1779645649
|move|p1a: Manaphy|Scald|p2a: Toxapex
|-resisted|p2a: Toxapex
|-damage|p2a: Toxapex|53/100 brn
|move|p2a: Toxapex|Haze|p2a: Toxapex
|-clearallboost
|
|-heal|p1a: Manaphy|59/100|[from] item: Leftovers
|-damage|p2a: Toxapex|47/100 brn|[from] brn
|upkeep
|turn|29
|
|t:|1779645655
|switch|p2a: Iron Crown|Iron Crown|45/100 brn
|move|p1a: Manaphy|Tail Glow|p1a: Manaphy
|-boost|p1a: Manaphy|spa|3
|
|-heal|p1a: Manaphy|65/100|[from] item: Leftovers
|-damage|p2a: Iron Crown|39/100 brn|[from] brn
|upkeep
|turn|30
|
|t:|1779645663
|move|p2a: Iron Crown|Volt Switch|p1a: Manaphy
|-supereffective|p1a: Manaphy
|-damage|p1a: Manaphy|24/100
|
|t:|1779645672
|-end|p2a: Iron Crown|Quark Drive|[silent]
|switch|p2a: Toxapex|Toxapex, M|80/100 brn|[from] Volt Switch
|move|p1a: Manaphy|Tail Glow|p1a: Manaphy
|-boost|p1a: Manaphy|spa|3
|
|-heal|p1a: Manaphy|30/100|[from] item: Leftovers
|-damage|p2a: Toxapex|74/100 brn|[from] brn
|upkeep
|turn|31
|
|t:|1779645679
|move|p1a: Manaphy|Scald|p2a: Toxapex
|-resisted|p2a: Toxapex
|-damage|p2a: Toxapex|35/100 brn
|move|p2a: Toxapex|Haze|p2a: Toxapex
|-clearallboost
|
|-heal|p1a: Manaphy|36/100|[from] item: Leftovers
|-damage|p2a: Toxapex|29/100 brn|[from] brn
|upkeep
|turn|32
|
|t:|1779645691
|switch|p1a: Cinderace|Cinderace, M|100/100
|switch|p2a: Iron Crown|Iron Crown|39/100 brn
|
|-damage|p2a: Iron Crown|33/100 brn|[from] brn
|upkeep
|turn|33
|
|t:|1779645700
|-end|p2a: Iron Crown|Quark Drive|[silent]
|switch|p2a: Toxapex|Toxapex, M|63/100 brn
|move|p1a: Cinderace|U-turn|p2a: Toxapex
|-start|p1a: Cinderace|typechange|Bug|[from] ability: Libero
|-resisted|p2a: Toxapex
|-damage|p2a: Toxapex|50/100 brn
|
|t:|1779645703
|switch|p1a: Hoopa|Hoopa|100/100|[from] U-turn
|
|-damage|p2a: Toxapex|44/100 brn|[from] brn
|upkeep
|turn|34
|
|t:|1779645708
|switch|p2a: Tyranitar|Tyranitar, M|15/100
|-weather|Sandstorm|[from] ability: Sand Stream|[of] p2a: Tyranitar
|move|p1a: Hoopa|Substitute|p1a: Hoopa
|-start|p1a: Hoopa|Substitute
|-damage|p1a: Hoopa|76/100
|
|-weather|Sandstorm|[upkeep]
|-damage|p1a: Hoopa|69/100|[from] Sandstorm
|upkeep
|turn|35
|
|t:|1779645715
|move|p1a: Hoopa|Focus Blast|p2a: Tyranitar
|-supereffective|p2a: Tyranitar
|-damage|p2a: Tyranitar|0 fnt
|faint|p2a: Tyranitar
|
|-weather|Sandstorm|[upkeep]
|-damage|p1a: Hoopa|63/100|[from] Sandstorm
|upkeep
|
|t:|1779645720
|switch|p2a: Iron Crown|Iron Crown|33/100 brn
|turn|36
|
|t:|1779645724
|move|p2a: Iron Crown|Tachyon Cutter|p1a: Hoopa
|-activate|p1a: Hoopa|move: Substitute|[damage]
|-end|p1a: Hoopa|Substitute
|-hitcount|p1a: Hoopa|2
|move|p1a: Hoopa|Shadow Ball|p2a: Iron Crown
|-supereffective|p2a: Iron Crown
|-damage|p2a: Iron Crown|0 fnt
|faint|p2a: Iron Crown
|-end|p2a: Iron Crown|Quark Drive|[silent]
|
|-weather|Sandstorm|[upkeep]
|-damage|p1a: Hoopa|57/100|[from] Sandstorm
|upkeep
|
|t:|1779645726
|switch|p2a: Excadrill|Excadrill, F|97/100
|-item|p2a: Excadrill|Air Balloon
|turn|37
|
|t:|1779645741
|switch|p1a: Mandibuzz|Mandibuzz, F, shiny|86/100
|move|p2a: Excadrill|Rock Slide|p1a: Mandibuzz
|-supereffective|p1a: Mandibuzz
|-damage|p1a: Mandibuzz|49/100
|
|-weather|Sandstorm|[upkeep]
|upkeep
|turn|38
|
|t:|1779645752
|switch|p2a: Toxapex|Toxapex, M|77/100 brn
|move|p1a: Mandibuzz|Roost|p1a: Mandibuzz
|-heal|p1a: Mandibuzz|99/100
|-singleturn|p1a: Mandibuzz|move: Roost
|
|-weather|Sandstorm|[upkeep]
|-damage|p2a: Toxapex|71/100 brn|[from] Sandstorm
|-damage|p2a: Toxapex|66/100 brn|[from] brn
|upkeep
|turn|39
|
|t:|1779645766
|switch|p1a: Manaphy|Manaphy|36/100
|move|p2a: Toxapex|Toxic|p1a: Manaphy
|-status|p1a: Manaphy|tox
|
|-weather|Sandstorm|[upkeep]
|-damage|p1a: Manaphy|30/100 tox|[from] Sandstorm
|-damage|p2a: Toxapex|60/100 brn|[from] Sandstorm
|-heal|p1a: Manaphy|36/100 tox|[from] item: Leftovers
|-damage|p1a: Manaphy|30/100 tox|[from] psn
|-damage|p2a: Toxapex|54/100 brn|[from] brn
|upkeep
|turn|40
|
|t:|1779645773
|switch|p2a: Sinistcha|Sinistcha|77/100
|move|p1a: Manaphy|Take Heart|p1a: Manaphy
|-boost|p1a: Manaphy|spa|1
|-boost|p1a: Manaphy|spd|1
|-curestatus|p1a: Manaphy|tox|[msg]
|
|-weather|Sandstorm|[upkeep]
|-damage|p1a: Manaphy|24/100|[from] Sandstorm
|-damage|p2a: Sinistcha|71/100|[from] Sandstorm
|-heal|p1a: Manaphy|30/100|[from] item: Leftovers
|upkeep
|turn|41
|
|t:|1779645779
|switch|p1a: Mandibuzz|Mandibuzz, F, shiny|99/100
|move|p2a: Sinistcha|Matcha Gotcha|p1a: Mandibuzz|[miss]
|-miss|p2a: Sinistcha|p1a: Mandibuzz
|
|-weather|none
|upkeep
|turn|42
|
|t:|1779645791
|switch|p1a: Hoopa|Hoopa|57/100
|-terastallize|p2a: Sinistcha|Poison
|move|p2a: Sinistcha|Calm Mind|p2a: Sinistcha
|-boost|p2a: Sinistcha|spa|1
|-boost|p2a: Sinistcha|spd|1
|
|upkeep
|turn|43
|
|t:|1779645822
|switch|p1a: Kyurem|Kyurem|100/100
|-ability|p1a: Kyurem|Pressure
|move|p2a: Sinistcha|Strength Sap|p1a: Kyurem
|-unboost|p1a: Kyurem|atk|1
|-heal|p2a: Sinistcha|100/100
|
|upkeep
|turn|44
|
|t:|1779645827
|-terastallize|p1a: Kyurem|Ground
|move|p1a: Kyurem|Earth Power|p2a: Sinistcha
|-supereffective|p2a: Sinistcha
|-damage|p2a: Sinistcha|31/100
|move|p2a: Sinistcha|Calm Mind|p2a: Sinistcha
|-boost|p2a: Sinistcha|spa|1
|-boost|p2a: Sinistcha|spd|1
|
|upkeep
|turn|45
|
|t:|1779645837
|switch|p2a: Excadrill|Excadrill, F|97/100
|-item|p2a: Excadrill|Air Balloon
|move|p1a: Kyurem|Earth Power|p2a: Excadrill
|-immune|p2a: Excadrill
|
|upkeep
|turn|46
|
|t:|1779645845
|switch|p1a: Mandibuzz|Mandibuzz, F, shiny|99/100
|move|p2a: Excadrill|Swords Dance|p2a: Excadrill
|-boost|p2a: Excadrill|atk|2
|
|upkeep
|turn|47
|
|t:|1779645855
|move|p2a: Excadrill|Rock Slide|p1a: Mandibuzz
|-supereffective|p1a: Mandibuzz
|-damage|p1a: Mandibuzz|28/100
|move|p1a: Mandibuzz|Foul Play|p2a: Excadrill
|-damage|p2a: Excadrill|0 fnt
|-enditem|p2a: Excadrill|Air Balloon
|faint|p2a: Excadrill
|
|upkeep
|-message|chip wittley forfeited.
|
|win|Gloriousplays
|raw|Gloriousplays's rating: 1593 &rarr; <strong>1620</strong><br />(+27 for winning)
|raw|chip wittley's rating: 1722 &rarr; <strong>1695</strong><br />(-27 for losing)
|l|☆chip wittley
|player|p2|
|l| hattybatty304
|l|☆Gloriousplays
|player|p1|
