|j|‽p$ychopath
|j|☆Auburn Hills
|t:|1779624977
|gametype|singles
|player|p1|p$ychopath|volo-ginkgo|1758
|player|p2|Auburn Hills|alder|1743
|gen|9
|tier|[Gen 9] OU
|rated|
|rule|HP Percentage Mod: HP is shown in percentages
|rule|Endless Battle Clause: Forcing endless battles is banned
|rule|Species Clause: Limit one of each Pokémon
|rule|OHKO Clause: OHKO moves are banned
|rule|Evasion Items Clause: Evasion items are banned
|rule|Evasion Moves Clause: Evasion moves are banned
|rule|Evasion Abilities Clause: Evasion abilities are banned
|rule|Sleep Moves Clause: Sleep-inducing moves are banned
|clearpoke
|poke|p1|Sandy Shocks|
|poke|p1|Iron Moth|
|poke|p1|Iron Valiant|
|poke|p1|Raging Bolt|
|poke|p1|Great Tusk|
|poke|p1|Iron Jugulis|
|poke|p2|Iron Moth|
|poke|p2|Umbreon, F|
|poke|p2|Garchomp, F|
|poke|p2|Glimmora, F|
|poke|p2|Gholdengo|
|poke|p2|Dragonite, F|
|teampreview
|
|t:|1779624986
|teamsize|p1|6
|teamsize|p2|6
|start
|switch|p1a: Iron Jugulis|Iron Jugulis|100/100
|switch|p2a: Julia Jacklin|Glimmora, F|100/100
|-enditem|p1a: Iron Jugulis|Booster Energy
|-activate|p1a: Iron Jugulis|ability: Quark Drive|[fromitem]
|-start|p1a: Iron Jugulis|quarkdrivespe
|turn|1
|inactive|Battle timer is ON: inactive players will automatically lose when time's up. (requested by Auburn Hills)
|
|t:|1779624990
|move|p1a: Iron Jugulis|Dark Pulse|p2a: Julia Jacklin
|-damage|p2a: Julia Jacklin|44/100
|move|p2a: Julia Jacklin|Sludge Wave|p1a: Iron Jugulis
|-damage|p1a: Iron Jugulis|44/100
|-status|p1a: Iron Jugulis|psn
|
|-damage|p1a: Iron Jugulis|32/100 psn|[from] psn
|upkeep
|turn|2
|
|t:|1779624999
|switch|p2a: Alvvays|Umbreon, F|100/100
|move|p1a: Iron Jugulis|Dark Pulse|p2a: Alvvays
|-resisted|p2a: Alvvays
|-damage|p2a: Alvvays|91/100
|
|-heal|p2a: Alvvays|97/100|[from] item: Leftovers
|-damage|p1a: Iron Jugulis|19/100 psn|[from] psn
|upkeep
|turn|3
|
|t:|1779625002
|move|p1a: Iron Jugulis|Taunt|p2a: Alvvays
|-start|p2a: Alvvays|move: Taunt
|cant|p2a: Alvvays|move: Taunt|Wish
|
|-heal|p2a: Alvvays|100/100|[from] item: Leftovers
|-damage|p1a: Iron Jugulis|7/100 psn|[from] psn
|upkeep
|turn|4
|
|t:|1779625007
|move|p1a: Iron Jugulis|Hurricane|p2a: Alvvays
|-damage|p2a: Alvvays|69/100
|move|p2a: Alvvays|Foul Play|p1a: Iron Jugulis
|-resisted|p1a: Iron Jugulis
|-damage|p1a: Iron Jugulis|0 fnt
|faint|p1a: Iron Jugulis
|-end|p1a: Iron Jugulis|Quark Drive|[silent]
|
|-heal|p2a: Alvvays|75/100|[from] item: Leftovers
|upkeep
|
|t:|1779625015
|switch|p1a: Iron Valiant|Iron Valiant|100/100
|-enditem|p1a: Iron Valiant|Booster Energy
|-activate|p1a: Iron Valiant|ability: Quark Drive|[fromitem]
|-start|p1a: Iron Valiant|quarkdrivespe
|turn|5
|
|t:|1779625020
|switch|p2a: Carly Rae|Iron Moth|100/100
|-enditem|p2a: Carly Rae|Booster Energy
|-activate|p2a: Carly Rae|ability: Quark Drive|[fromitem]
|-start|p2a: Carly Rae|quarkdrivespe
|move|p1a: Iron Valiant|Swords Dance|p1a: Iron Valiant
|-boost|p1a: Iron Valiant|atk|2
|
|upkeep
|turn|6
|
|t:|1779625044
|-terastallize|p1a: Iron Valiant|Dark
|move|p1a: Iron Valiant|Knock Off|p2a: Carly Rae
|-damage|p2a: Carly Rae|0 fnt
|faint|p2a: Carly Rae
|-end|p2a: Carly Rae|Quark Drive|[silent]
|
|upkeep
|
|t:|1779625054
|switch|p2a: Elucid|Dragonite, F|100/100
|turn|7
|
|t:|1779625060
|-terastallize|p2a: Elucid|Normal
|move|p2a: Elucid|Extreme Speed|p1a: Iron Valiant
|-damage|p1a: Iron Valiant|39/100
|move|p1a: Iron Valiant|Knock Off|p2a: Elucid
|-damage|p2a: Elucid|44/100
|-enditem|p2a: Elucid|Heavy-Duty Boots|[from] move: Knock Off|[of] p1a: Iron Valiant
|
|upkeep
|turn|8
|
|t:|1779625069
|move|p2a: Elucid|Extreme Speed|p1a: Iron Valiant
|-damage|p1a: Iron Valiant|0 fnt
|faint|p1a: Iron Valiant
|-end|p1a: Iron Valiant|Quark Drive|[silent]
|
|upkeep
|
|t:|1779625074
|switch|p1a: Sandy Shocks|Sandy Shocks|100/100
|-enditem|p1a: Sandy Shocks|Booster Energy
|-activate|p1a: Sandy Shocks|ability: Protosynthesis|[fromitem]
|-start|p1a: Sandy Shocks|protosynthesisspe
|turn|9
|
|t:|1779625079
|move|p2a: Elucid|Extreme Speed|p1a: Sandy Shocks
|-damage|p1a: Sandy Shocks|48/100
|move|p1a: Sandy Shocks|Earth Power|p2a: Elucid
|-damage|p2a: Elucid|4/100
|
|upkeep
|turn|10
|j| malabestia
|
|t:|1779625084
|move|p2a: Elucid|Extreme Speed|p1a: Sandy Shocks
|-damage|p1a: Sandy Shocks|1/100
|move|p1a: Sandy Shocks|Thunderbolt|p2a: Elucid
|-damage|p2a: Elucid|0 fnt
|faint|p2a: Elucid
|
|upkeep
|
|t:|1779625088
|switch|p2a: Alvvays|Umbreon, F|75/100
|turn|11
|
|t:|1779625092
|move|p1a: Sandy Shocks|Spikes|p2a: Alvvays
|-sidestart|p2: Auburn Hills|Spikes
|move|p2a: Alvvays|Wish|p2a: Alvvays
|
|-heal|p2a: Alvvays|81/100|[from] item: Leftovers
|upkeep
|turn|12
|
|t:|1779625096
|move|p1a: Sandy Shocks|Stealth Rock|p2a: Alvvays
|-sidestart|p2: Auburn Hills|move: Stealth Rock
|move|p2a: Alvvays|Foul Play|p1a: Sandy Shocks
|-damage|p1a: Sandy Shocks|0 fnt
|faint|p1a: Sandy Shocks
|-end|p1a: Sandy Shocks|Protosynthesis|[silent]
|
|-heal|p2a: Alvvays|100/100|[from] move: Wish|[wisher] Alvvays
|upkeep
|
|t:|1779625103
|switch|p1a: Raging Bolt|Raging Bolt|100/100
|-enditem|p1a: Raging Bolt|Booster Energy
|-activate|p1a: Raging Bolt|ability: Protosynthesis|[fromitem]
|-start|p1a: Raging Bolt|protosynthesisspa
|turn|13
|
|t:|1779625107
|move|p1a: Raging Bolt|Calm Mind|p1a: Raging Bolt
|-boost|p1a: Raging Bolt|spa|1
|-boost|p1a: Raging Bolt|spd|1
|move|p2a: Alvvays|Foul Play|p1a: Raging Bolt
|-damage|p1a: Raging Bolt|81/100
|
|upkeep
|turn|14
|
|t:|1779625111
|move|p1a: Raging Bolt|Dragon Pulse|p2a: Alvvays
|-damage|p2a: Alvvays|49/100
|move|p2a: Alvvays|Foul Play|p1a: Raging Bolt
|-damage|p1a: Raging Bolt|60/100
|
|-heal|p2a: Alvvays|55/100|[from] item: Leftovers
|upkeep
|turn|15
|
|t:|1779625115
|move|p2a: Alvvays|Protect|p2a: Alvvays
|-singleturn|p2a: Alvvays|Protect
|move|p1a: Raging Bolt|Dragon Pulse|p2a: Alvvays
|-activate|p2a: Alvvays|move: Protect
|
|-heal|p2a: Alvvays|62/100|[from] item: Leftovers
|upkeep
|turn|16
|l| malabestia
|
|t:|1779625120
|move|p1a: Raging Bolt|Dragon Pulse|p2a: Alvvays
|-damage|p2a: Alvvays|13/100
|move|p2a: Alvvays|Wish|p2a: Alvvays
|
|-heal|p2a: Alvvays|19/100|[from] item: Leftovers
|upkeep
|turn|17
|
|t:|1779625126
|move|p2a: Alvvays|Protect|p2a: Alvvays
|-singleturn|p2a: Alvvays|Protect
|move|p1a: Raging Bolt|Calm Mind|p1a: Raging Bolt
|-boost|p1a: Raging Bolt|spa|1
|-boost|p1a: Raging Bolt|spd|1
|
|-heal|p2a: Alvvays|69/100|[from] move: Wish|[wisher] Alvvays
|-heal|p2a: Alvvays|75/100|[from] item: Leftovers
|upkeep
|turn|18
|
|t:|1779625131
|switch|p2a: Julia Jacklin|Glimmora, F|44/100
|-damage|p2a: Julia Jacklin|32/100|[from] Spikes
|-damage|p2a: Julia Jacklin|19/100|[from] Stealth Rock
|move|p1a: Raging Bolt|Dragon Pulse|p2a: Julia Jacklin
|-damage|p2a: Julia Jacklin|0 fnt
|faint|p2a: Julia Jacklin
|
|upkeep
|
|t:|1779625133
|switch|p2a: Rat Tally|Garchomp, F|100/100
|-damage|p2a: Rat Tally|88/100|[from] Spikes
|-damage|p2a: Rat Tally|82/100|[from] Stealth Rock
|turn|19
|
|t:|1779625142
|-end|p1a: Raging Bolt|Protosynthesis|[silent]
|switch|p1a: Great Tusk|Great Tusk|100/100
|-enditem|p1a: Great Tusk|Booster Energy
|-activate|p1a: Great Tusk|ability: Protosynthesis|[fromitem]
|-start|p1a: Great Tusk|protosynthesisspe
|move|p2a: Rat Tally|Scale Shot|p1a: Great Tusk
|-damage|p1a: Great Tusk|92/100
|-damage|p1a: Great Tusk|83/100
|-damage|p1a: Great Tusk|74/100
|-damage|p1a: Great Tusk|66/100
|-damage|p1a: Great Tusk|57/100
|-hitcount|p1a: Great Tusk|5
|-unboost|p2a: Rat Tally|def|1
|-boost|p2a: Rat Tally|spe|1
|
|upkeep
|turn|20
|
|t:|1779625149
|move|p2a: Rat Tally|Scale Shot|p1a: Great Tusk
|-damage|p1a: Great Tusk|48/100
|-damage|p1a: Great Tusk|41/100
|-damage|p1a: Great Tusk|33/100
|-damage|p1a: Great Tusk|24/100
|-hitcount|p1a: Great Tusk|4
|-unboost|p2a: Rat Tally|def|1
|-boost|p2a: Rat Tally|spe|1
|move|p1a: Great Tusk|Ice Spinner|p2a: Rat Tally
|-supereffective|p2a: Rat Tally
|-damage|p2a: Rat Tally|0 fnt
|-damage|p1a: Great Tusk|12/100|[from] ability: Rough Skin|[of] p2a: Rat Tally
|faint|p2a: Rat Tally
|
|upkeep
|
|t:|1779625153
|switch|p2a: Alvvays|Umbreon, F|75/100
|-damage|p2a: Alvvays|63/100|[from] Spikes
|-damage|p2a: Alvvays|50/100|[from] Stealth Rock
|turn|21
|
|t:|1779625157
|move|p2a: Alvvays|Protect|p2a: Alvvays
|-singleturn|p2a: Alvvays|Protect
|move|p1a: Great Tusk|Bulk Up|p1a: Great Tusk
|-boost|p1a: Great Tusk|atk|1
|-boost|p1a: Great Tusk|def|1
|
|-heal|p2a: Alvvays|56/100|[from] item: Leftovers
|upkeep
|turn|22
|
|t:|1779625160
|move|p1a: Great Tusk|Headlong Rush|p2a: Alvvays
|-damage|p2a: Alvvays|0 fnt
|-unboost|p1a: Great Tusk|def|1
|-unboost|p1a: Great Tusk|spd|1
|faint|p2a: Alvvays
|
|upkeep
|-message|Auburn Hills forfeited.
|
|win|p$ychopath
|raw|p$ychopath's rating: 1758 &rarr; <strong>1777</strong><br />(+19 for winning)
|raw|Auburn Hills's rating: 1743 &rarr; <strong>1724</strong><br />(-19 for losing)
|l|☆Auburn Hills
|player|p2|
|l|‽p$ychopath
|player|p1|
