|j|☆Aukagames
|j|☆Underquill
|t:|1779559114
|gametype|singles
|player|p1|Aukagames|266|1393
|player|p2|Underquill|266|1346
|gen|9
|tier|[Gen 9] OU
|rated|
|rule|HP Percentage Mod: HP is shown in percentages
|rule|Endless Battle Clause: Forcing endless battles is banned
|rule|Species Clause: Limit one of each Pokémon
|rule|OHKO Clause: OHKO moves are banned
|rule|Evasion Items Clause: Evasion items are banned
|rule|Evasion Moves Clause: Evasion moves are banned
|rule|Evasion Abilities Clause: Evasion abilities are banned
|rule|Sleep Moves Clause: Sleep-inducing moves are banned
|clearpoke
|poke|p1|Greninja-*, M|
|poke|p1|Scizor, F|
|poke|p1|Slowking-Galar, M|
|poke|p1|Kingambit, F|
|poke|p1|Great Tusk|
|poke|p1|Moltres|
|poke|p2|Garganacl, F|
|poke|p2|Tyranitar, F|
|poke|p2|Probopass, F|
|poke|p2|Excadrill, F|
|poke|p2|Clefable, M|
|poke|p2|Mandibuzz, F|
|teampreview
|inactive|Battle timer is ON: inactive players will automatically lose when time's up. (requested by Underquill)
|inactive|Underquill has 120 seconds left.
|
|t:|1779559151
|teamsize|p1|6
|teamsize|p2|6
|start
|switch|p1a: Scizor|Scizor, F|100/100
|switch|p2a: Tyranitar|Tyranitar, F|100/100
|-weather|Sandstorm|[from] ability: Sand Stream|[of] p2a: Tyranitar
|turn|1
|
|t:|1779559160
|switch|p2a: Mandibuzz|Mandibuzz, F|100/100
|move|p1a: Scizor|Close Combat|p2a: Mandibuzz
|-damage|p2a: Mandibuzz|62/100
|-unboost|p1a: Scizor|def|1
|-unboost|p1a: Scizor|spd|1
|-damage|p1a: Scizor|84/100|[from] item: Rocky Helmet|[of] p2a: Mandibuzz
|
|-weather|Sandstorm|[upkeep]
|upkeep
|turn|2
|
|t:|1779559173
|switch|p1a: Slowking|Slowking-Galar, M|100/100
|move|p2a: Mandibuzz|Roost|p2a: Mandibuzz
|-heal|p2a: Mandibuzz|100/100
|-singleturn|p2a: Mandibuzz|move: Roost
|
|-weather|Sandstorm|[upkeep]
|-damage|p1a: Slowking|94/100|[from] Sandstorm
|upkeep
|turn|3
|
|t:|1779559180
|switch|p2a: Garganacl|Garganacl, F|100/100
|move|p1a: Slowking|Thunder Wave|p2a: Garganacl
|-immune|p2a: Garganacl|[from] ability: Purifying Salt
|
|-weather|Sandstorm|[upkeep]
|-damage|p1a: Slowking|88/100|[from] Sandstorm
|upkeep
|turn|4
|
|t:|1779559186
|move|p2a: Garganacl|Salt Cure|p1a: Slowking
|-damage|p1a: Slowking|75/100
|-start|p1a: Slowking|Salt Cure
|-prepare|p1a: Slowking|Chilly Reception|[premajor]
|move|p1a: Slowking|Chilly Reception|p1a: Slowking
|-weather|Snowscape
|
|t:|1779559195
|switch|p1a: Scizor|Scizor, F|84/100|[from] Chilly Reception
|
|-weather|Snowscape|[upkeep]
|upkeep
|turn|5
|
|t:|1779559200
|switch|p2a: Mandibuzz|Mandibuzz, F|100/100
|move|p1a: Scizor|Close Combat|p2a: Mandibuzz
|-damage|p2a: Mandibuzz|59/100
|-unboost|p1a: Scizor|def|1
|-unboost|p1a: Scizor|spd|1
|-damage|p1a: Scizor|67/100|[from] item: Rocky Helmet|[of] p2a: Mandibuzz
|
|-weather|Snowscape|[upkeep]
|upkeep
|turn|6
|
|t:|1779559209
|switch|p1a: Slowking|Slowking-Galar, M|100/100
|move|p2a: Mandibuzz|Roost|p2a: Mandibuzz
|-heal|p2a: Mandibuzz|100/100
|-singleturn|p2a: Mandibuzz|move: Roost
|
|-weather|Snowscape|[upkeep]
|upkeep
|turn|7
|
|t:|1779559217
|switch|p2a: Tyranitar|Tyranitar, F|100/100
|-weather|Sandstorm|[from] ability: Sand Stream|[of] p2a: Tyranitar
|-prepare|p1a: Slowking|Chilly Reception|[premajor]
|move|p1a: Slowking|Chilly Reception|p1a: Slowking
|-weather|Snowscape
|
|t:|1779559220
|switch|p1a: Scizor|Scizor, F|67/100|[from] Chilly Reception
|
|-weather|Snowscape|[upkeep]
|upkeep
|turn|8
|
|t:|1779559227
|switch|p2a: Clefable|Clefable, M|100/100
|move|p1a: Scizor|Knock Off|p2a: Clefable
|-resisted|p2a: Clefable
|-damage|p2a: Clefable|71/100
|-enditem|p2a: Clefable|Safety Goggles|[from] move: Knock Off|[of] p1a: Scizor
|
|-weather|Snowscape|[upkeep]
|upkeep
|turn|9
|
|t:|1779559236
|switch|p1a: Slowking|Slowking-Galar, M|100/100
|move|p2a: Clefable|Flamethrower|p1a: Slowking
|-damage|p1a: Slowking|89/100
|
|-weather|Snowscape|[upkeep]
|upkeep
|turn|10
|
|t:|1779559241
|switch|p2a: Probopass|Probopass, F|100/100
|-prepare|p1a: Slowking|Chilly Reception|[premajor]
|move|p1a: Slowking|Chilly Reception|p1a: Slowking
|
|t:|1779559247
|switch|p1a: Scizor|Scizor, F|67/100|[from] Chilly Reception
|
|-weather|Snowscape|[upkeep]
|upkeep
|turn|11
|
|t:|1779559262
|-terastallize|p2a: Probopass|Flying
|move|p1a: Scizor|Knock Off|p2a: Probopass
|-damage|p2a: Probopass|60/100
|-enditem|p2a: Probopass|Leftovers|[from] move: Knock Off|[of] p1a: Scizor
|move|p2a: Probopass|Iron Defense|p2a: Probopass
|-boost|p2a: Probopass|def|2
|
|-weather|none
|upkeep
|turn|12
|
|t:|1779559269
|switch|p1a: Slowking|Slowking-Galar, M|100/100
|move|p2a: Probopass|Body Press|p1a: Slowking
|-resisted|p1a: Slowking
|-damage|p1a: Slowking|87/100
|
|upkeep
|turn|13
|
|t:|1779559276
|move|p2a: Probopass|Power Gem|p1a: Slowking
|-damage|p1a: Slowking|69/100
|move|p1a: Slowking|Thunder Wave|p2a: Probopass
|-status|p2a: Probopass|par
|
|upkeep
|turn|14
|
|t:|1779559281
|-prepare|p1a: Slowking|Chilly Reception|[premajor]
|move|p1a: Slowking|Chilly Reception|p1a: Slowking
|-weather|Snowscape
|
|t:|1779559286
|switch|p1a: Great Tusk|Great Tusk|100/100|[from] Chilly Reception
|move|p2a: Probopass|Power Gem|p1a: Great Tusk
|-resisted|p1a: Great Tusk
|-damage|p1a: Great Tusk|91/100
|
|-weather|Snowscape|[upkeep]
|upkeep
|turn|15
|
|t:|1779559292
|switch|p2a: Tyranitar|Tyranitar, F|100/100
|-weather|Sandstorm|[from] ability: Sand Stream|[of] p2a: Tyranitar
|move|p1a: Great Tusk|Rapid Spin|p2a: Tyranitar
|-resisted|p2a: Tyranitar
|-damage|p2a: Tyranitar|95/100
|-boost|p1a: Great Tusk|spe|1
|
|-weather|Sandstorm|[upkeep]
|upkeep
|turn|16
|
|t:|1779559305
|switch|p2a: Clefable|Clefable, M|71/100
|move|p1a: Great Tusk|Stealth Rock|p2a: Clefable
|-sidestart|p2: Underquill|move: Stealth Rock
|
|-weather|Sandstorm|[upkeep]
|-damage|p2a: Clefable|65/100|[from] Sandstorm
|upkeep
|turn|17
|
|t:|1779559310
|-end|p1a: Great Tusk|Protosynthesis|[silent]
|switch|p1a: Slowking|Slowking-Galar, M|100/100
|move|p2a: Clefable|Wish|p2a: Clefable
|
|-weather|Sandstorm|[upkeep]
|-damage|p2a: Clefable|59/100|[from] Sandstorm
|-damage|p1a: Slowking|94/100|[from] Sandstorm
|upkeep
|turn|18
|
|t:|1779559317
|switch|p2a: Probopass|Probopass, F, tera:Flying|60/100 par
|-damage|p2a: Probopass|35/100 par|[from] Stealth Rock
|move|p1a: Slowking|Thunder Wave|p2a: Probopass
|-fail|p2a: Probopass|par
|
|-weather|Sandstorm|[upkeep]
|-damage|p1a: Slowking|88/100|[from] Sandstorm
|-heal|p2a: Probopass|96/100 par|[from] move: Wish|[wisher] Clefable
|upkeep
|turn|19
|
|t:|1779559327
|switch|p2a: Tyranitar|Tyranitar, F|95/100
|-damage|p2a: Tyranitar|83/100|[from] Stealth Rock
|switch|p1a: Great Tusk|Great Tusk|91/100
|
|-weather|Sandstorm|[upkeep]
|upkeep
|turn|20
|
|t:|1779559338
|switch|p2a: Probopass|Probopass, F, tera:Flying|96/100 par
|-damage|p2a: Probopass|71/100 par|[from] Stealth Rock
|move|p1a: Great Tusk|Headlong Rush|p2a: Probopass
|-immune|p2a: Probopass
|
|-weather|Sandstorm|[upkeep]
|upkeep
|turn|21
|
|t:|1779559344
|move|p1a: Great Tusk|Ice Spinner|p2a: Probopass
|-supereffective|p2a: Probopass
|-damage|p2a: Probopass|35/100 par
|move|p2a: Probopass|Body Press|p1a: Great Tusk
|-damage|p1a: Great Tusk|74/100
|-damage|p2a: Probopass|18/100 par|[from] item: Rocky Helmet|[of] p1a: Great Tusk
|
|-weather|Sandstorm|[upkeep]
|upkeep
|turn|22
|
|t:|1779559349
|move|p1a: Great Tusk|Rapid Spin|p2a: Probopass
|-damage|p2a: Probopass|7/100 par
|-boost|p1a: Great Tusk|spe|1
|move|p2a: Probopass|Body Press|p1a: Great Tusk
|-damage|p1a: Great Tusk|57/100
|-damage|p2a: Probopass|0 fnt|[from] item: Rocky Helmet|[of] p1a: Great Tusk
|faint|p2a: Probopass
|
|-weather|none
|upkeep
|-message|Underquill forfeited.
|
|win|Aukagames
|raw|Aukagames's rating: 1393 &rarr; <strong>1410</strong><br />(+17 for winning)
|raw|Underquill's rating: 1346 &rarr; <strong>1329</strong><br />(-17 for losing)
|l|☆Underquill
|player|p2|
|l|☆Aukagames
|player|p1|
