|j|☆samylc
|j|☆sunshinepromise
|t:|1779713864
|gametype|singles
|player|p1|samylc|steven|1300
|player|p2|sunshinepromise|102|1288
|gen|9
|tier|[Gen 9] OU
|rated|
|rule|HP Percentage Mod: HP is shown in percentages
|rule|Endless Battle Clause: Forcing endless battles is banned
|rule|Species Clause: Limit one of each Pokémon
|rule|OHKO Clause: OHKO moves are banned
|rule|Evasion Items Clause: Evasion items are banned
|rule|Evasion Moves Clause: Evasion moves are banned
|rule|Evasion Abilities Clause: Evasion abilities are banned
|rule|Sleep Moves Clause: Sleep-inducing moves are banned
|clearpoke
|poke|p1|Deoxys-Speed|
|poke|p1|Gholdengo|
|poke|p1|Iron Treads|
|poke|p1|Dragonite, F|
|poke|p1|Iron Moth|
|poke|p1|Samurott-Hisui, F|
|poke|p2|Hatterene, F|
|poke|p2|Jirachi|
|poke|p2|Gholdengo|
|poke|p2|Kingambit, M|
|poke|p2|Dragonite, F|
|poke|p2|Keldeo-Resolute|
|teampreview
|inactive|Battle timer is ON: inactive players will automatically lose when time's up. (requested by samylc)
|
|t:|1779713867
|teamsize|p1|6
|teamsize|p2|6
|start
|switch|p1a: Iron Treads|Iron Treads|100/100
|switch|p2a: Hatterene|Hatterene, F|100/100
|-enditem|p1a: Iron Treads|Booster Energy
|-activate|p1a: Iron Treads|ability: Quark Drive|[fromitem]
|-start|p1a: Iron Treads|quarkdrivespe
|turn|1
|
|t:|1779713871
|move|p1a: Iron Treads|Knock Off|p2a: Hatterene
|-damage|p2a: Hatterene|82/100
|-enditem|p2a: Hatterene|Light Clay|[from] move: Knock Off|[of] p1a: Iron Treads
|move|p2a: Hatterene|Reflect|p2a: Hatterene
|-sidestart|p2: sunshinepromise|Reflect
|
|upkeep
|turn|2
|
|t:|1779713876
|-end|p1a: Iron Treads|Quark Drive|[silent]
|switch|p1a: Samurott|Samurott-Hisui, F|100/100
|move|p2a: Hatterene|Light Screen|p2a: Hatterene
|-sidestart|p2: sunshinepromise|move: Light Screen
|
|upkeep
|turn|3
|
|t:|1779713880
|move|p1a: Samurott|Ceaseless Edge|p2a: Hatterene
|-damage|p2a: Hatterene|66/100
|-sidestart|p2: sunshinepromise|Spikes
|move|p2a: Hatterene|Healing Wish|p2a: Hatterene
|faint|p2a: Hatterene
|
|upkeep
|
|t:|1779713886
|switch|p2a: Keldeo|Keldeo-Resolute|100/100
|-damage|p2a: Keldeo|88/100|[from] Spikes
|turn|4
|
|t:|1779713892
|move|p2a: Keldeo|Calm Mind|p2a: Keldeo
|-boost|p2a: Keldeo|spa|1
|-boost|p2a: Keldeo|spd|1
|move|p1a: Samurott|Knock Off|p2a: Keldeo
|-resisted|p2a: Keldeo
|-damage|p2a: Keldeo|76/100
|-ability|p2a: Keldeo|Justified|boost
|-boost|p2a: Keldeo|atk|1
|-enditem|p2a: Keldeo|Leftovers|[from] move: Knock Off|[of] p1a: Samurott
|
|upkeep
|turn|5
|
|t:|1779713895
|move|p2a: Keldeo|Secret Sword|p1a: Samurott
|-supereffective|p1a: Samurott
|-enditem|p1a: Samurott|Focus Sash
|-damage|p1a: Samurott|1/100
|move|p1a: Samurott|Encore|p2a: Keldeo
|-start|p2a: Keldeo|Encore
|
|-sideend|p2: sunshinepromise|Reflect
|upkeep
|turn|6
|
|t:|1779713906
|switch|p1a: Gholdengo|Gholdengo|100/100
|-item|p1a: Gholdengo|Air Balloon
|move|p2a: Keldeo|Secret Sword|p1a: Gholdengo
|-immune|p1a: Gholdengo
|
|-sideend|p2: sunshinepromise|move: Light Screen
|upkeep
|turn|7
|
|t:|1779713910
|move|p2a: Keldeo|Secret Sword|p1a: Gholdengo
|-immune|p1a: Gholdengo
|move|p1a: Gholdengo|Shadow Ball|p2a: Keldeo
|-damage|p2a: Keldeo|47/100
|
|upkeep
|turn|8
|
|t:|1779713915
|move|p2a: Keldeo|Secret Sword|p1a: Gholdengo
|-immune|p1a: Gholdengo
|move|p1a: Gholdengo|Shadow Ball|p2a: Keldeo
|-damage|p2a: Keldeo|21/100
|
|-end|p2a: Keldeo|Encore
|upkeep
|turn|9
|
|t:|1779713920
|move|p2a: Keldeo|Surf|p1a: Gholdengo
|-damage|p1a: Gholdengo|32/100
|-enditem|p1a: Gholdengo|Air Balloon
|move|p1a: Gholdengo|Shadow Ball|p2a: Keldeo
|-damage|p2a: Keldeo|0 fnt
|faint|p2a: Keldeo
|
|upkeep
|
|t:|1779713935
|switch|p2a: Jirachi|Jirachi|100/100
|-damage|p2a: Jirachi|88/100|[from] Spikes
|turn|10
|
|t:|1779713942
|move|p2a: Jirachi|Light Screen|p2a: Jirachi
|-sidestart|p2: sunshinepromise|move: Light Screen
|move|p1a: Gholdengo|Shadow Ball|p2a: Jirachi
|-supereffective|p2a: Jirachi
|-damage|p2a: Jirachi|56/100
|
|upkeep
|turn|11
|
|t:|1779713947
|move|p2a: Jirachi|Stealth Rock|p1a: Gholdengo
|-sidestart|p1: samylc|move: Stealth Rock
|move|p1a: Gholdengo|Nasty Plot|p1a: Gholdengo
|-boost|p1a: Gholdengo|spa|2
|
|upkeep
|turn|12
|
|t:|1779713950
|move|p2a: Jirachi|Reflect|p2a: Jirachi
|-sidestart|p2: sunshinepromise|Reflect
|move|p1a: Gholdengo|Recover|p1a: Gholdengo
|-heal|p1a: Gholdengo|82/100
|
|upkeep
|turn|13
|
|t:|1779713953
|move|p2a: Jirachi|Healing Wish|p2a: Jirachi
|faint|p2a: Jirachi
|move|p1a: Gholdengo|Nasty Plot|p1a: Gholdengo
|-boost|p1a: Gholdengo|spa|2
|
|upkeep
|
|t:|1779713965
|switch|p2a: Kingambit|Kingambit, M|100/100
|-damage|p2a: Kingambit|88/100|[from] Spikes
|turn|14
|
|t:|1779713977
|move|p2a: Kingambit|Sucker Punch|p1a: Gholdengo
|-supereffective|p1a: Gholdengo
|-damage|p1a: Gholdengo|30/100
|move|p1a: Gholdengo|Shadow Ball|p2a: Kingambit
|-resisted|p2a: Kingambit
|-damage|p2a: Kingambit|62/100
|
|upkeep
|turn|15
|
|t:|1779713982
|move|p1a: Gholdengo|Recover|p1a: Gholdengo
|-heal|p1a: Gholdengo|80/100
|move|p2a: Kingambit|Swords Dance|p2a: Kingambit
|-boost|p2a: Kingambit|atk|2
|
|upkeep
|turn|16
|
|t:|1779713988
|move|p2a: Kingambit|Sucker Punch||[still]
|-fail|p2a: Kingambit
|move|p1a: Gholdengo|Nasty Plot|p1a: Gholdengo
|-boost|p1a: Gholdengo|spa|2
|
|upkeep
|turn|17
|
|t:|1779713991
|move|p2a: Kingambit|Sucker Punch||[still]
|-fail|p2a: Kingambit
|move|p1a: Gholdengo|Recover|p1a: Gholdengo
|-heal|p1a: Gholdengo|100/100
|
|-sideend|p2: sunshinepromise|move: Light Screen
|upkeep
|turn|18
|
|t:|1779713993
|move|p2a: Kingambit|Sucker Punch|p1a: Gholdengo
|-supereffective|p1a: Gholdengo
|-damage|p1a: Gholdengo|0 fnt
|faint|p1a: Gholdengo
|
|upkeep
|
|t:|1779714000
|switch|p1a: Iron Treads|Iron Treads|100/100
|-damage|p1a: Iron Treads|97/100|[from] Stealth Rock
|turn|19
|
|t:|1779714004
|-terastallize|p2a: Kingambit|Fighting
|move|p1a: Iron Treads|Earthquake|p2a: Kingambit
|-damage|p2a: Kingambit|49/100
|move|p2a: Kingambit|Low Kick|p1a: Iron Treads
|-supereffective|p1a: Iron Treads
|-damage|p1a: Iron Treads|0 fnt
|faint|p1a: Iron Treads
|-end|p1a: Iron Treads|Quark Drive|[silent]
|
|-sideend|p2: sunshinepromise|Reflect
|upkeep
|
|t:|1779714008
|switch|p1a: Samurott|Samurott-Hisui, F|1/100
|-damage|p1a: Samurott|0 fnt|[from] Stealth Rock
|faint|p1a: Samurott
|
|t:|1779714011
|switch|p1a: Iron Moth|Iron Moth|100/100
|-damage|p1a: Iron Moth|76/100|[from] Stealth Rock
|-enditem|p1a: Iron Moth|Booster Energy
|-activate|p1a: Iron Moth|ability: Quark Drive|[fromitem]
|-start|p1a: Iron Moth|quarkdrivespe
|turn|20
|
|t:|1779714016
|move|p2a: Kingambit|Sucker Punch|p1a: Iron Moth
|-damage|p1a: Iron Moth|0 fnt
|faint|p1a: Iron Moth
|-end|p1a: Iron Moth|Quark Drive|[silent]
|
|upkeep
|
|t:|1779714019
|switch|p1a: Deoxys|Deoxys-Speed|100/100
|-damage|p1a: Deoxys|88/100|[from] Stealth Rock
|-ability|p1a: Deoxys|Pressure
|turn|21
|
|t:|1779714022
|move|p2a: Kingambit|Sucker Punch|p1a: Deoxys
|-supereffective|p1a: Deoxys
|-damage|p1a: Deoxys|0 fnt
|faint|p1a: Deoxys
|
|upkeep
|
|t:|1779714024
|switch|p1a: Dragonite|Dragonite, F|100/100
|turn|22
|
|t:|1779714027
|move|p1a: Dragonite|Extreme Speed|p2a: Kingambit
|-damage|p2a: Kingambit|28/100
|move|p2a: Kingambit|Iron Head|p1a: Dragonite
|-damage|p1a: Dragonite|46/100
|
|upkeep
|turn|23
|
|t:|1779714035
|switch|p2a: Dragonite|Dragonite, F|100/100
|move|p1a: Dragonite|Earthquake|p2a: Dragonite
|-immune|p2a: Dragonite
|
|upkeep
|turn|24
|
|t:|1779714037
|move|p1a: Dragonite|Ice Spinner|p2a: Dragonite
|-supereffective|p2a: Dragonite
|-damage|p2a: Dragonite|0 fnt
|faint|p2a: Dragonite
|
|upkeep
|
|t:|1779714043
|switch|p2a: Kingambit|Kingambit, M, tera:Fighting|28/100
|-heal|p2a: Kingambit|100/100|[from] move: Healing Wish
|-damage|p2a: Kingambit|88/100|[from] Spikes
|turn|25
|
|t:|1779714049
|move|p1a: Dragonite|Dragon Dance|p1a: Dragonite
|-boost|p1a: Dragonite|atk|1
|-boost|p1a: Dragonite|spe|1
|move|p2a: Kingambit|Iron Head|p1a: Dragonite
|-damage|p1a: Dragonite|0 fnt
|faint|p1a: Dragonite
|
|win|sunshinepromise
|raw|samylc's rating: 1300 &rarr; <strong>1274</strong><br />(-26 for losing)
|raw|sunshinepromise's rating: 1288 &rarr; <strong>1314</strong><br />(+26 for winning)
|l|☆samylc
|player|p1|
|l|☆sunshinepromise
|player|p2|
