|j|☆Boxed by Po
|j|☆SoccerLego4081
|t:|1779583720
|gametype|singles
|player|p1|Boxed by Po|firebreather|1455
|player|p2|SoccerLego4081|101|1473
|gen|9
|tier|[Gen 9] OU
|rated|
|rule|HP Percentage Mod: HP is shown in percentages
|rule|Endless Battle Clause: Forcing endless battles is banned
|rule|Species Clause: Limit one of each Pokémon
|rule|OHKO Clause: OHKO moves are banned
|rule|Evasion Items Clause: Evasion items are banned
|rule|Evasion Moves Clause: Evasion moves are banned
|rule|Evasion Abilities Clause: Evasion abilities are banned
|rule|Sleep Moves Clause: Sleep-inducing moves are banned
|clearpoke
|poke|p1|Kingambit, M|
|poke|p1|Dragapult, M|
|poke|p1|Dragonite, F|
|poke|p1|Ursaluna, F|
|poke|p1|Latias, F|
|poke|p1|Lokix, F|
|poke|p2|Torkoal, F|
|poke|p2|Walking Wake|
|poke|p2|Moltres|
|poke|p2|Reuniclus, F|
|poke|p2|Dragonite, M|
|poke|p2|Great Tusk|
|teampreview
|inactive|Battle timer is ON: inactive players will automatically lose when time's up. (requested by Boxed by Po)
|
|t:|1779583738
|teamsize|p1|6
|teamsize|p2|6
|start
|switch|p1a: Lokix|Lokix, F|100/100
|switch|p2a: Reuniclus|Reuniclus, F|100/100
|turn|1
|
|t:|1779583748
|switch|p2a: Moltres|Moltres|100/100
|move|p1a: Lokix|U-turn|p2a: Moltres
|-resisted|p2a: Moltres
|-damage|p2a: Moltres|83/100
|-status|p1a: Lokix|brn|[from] ability: Flame Body|[of] p2a: Moltres
|
|t:|1779583756
|switch|p1a: Ursaluna|Ursaluna, F|100/100|[from] U-turn
|
|-status|p1a: Ursaluna|brn|[from] item: Flame Orb
|upkeep
|turn|2
|
|t:|1779583765
|move|p2a: Moltres|U-turn|p1a: Ursaluna
|-damage|p1a: Ursaluna|88/100 brn
|
|t:|1779583769
|switch|p2a: Dragonite|Dragonite, M|100/100|[from] U-turn
|move|p1a: Ursaluna|Facade|p2a: Dragonite
|-crit|p2a: Dragonite
|-damage|p2a: Dragonite|0 fnt
|faint|p2a: Dragonite
|
|-damage|p1a: Ursaluna|82/100 brn|[from] brn
|upkeep
|
|t:|1779583778
|switch|p2a: Great Tusk|Great Tusk|100/100
|turn|3
|
|t:|1779583797
|switch|p1a: Lokix|Lokix, F|100/100 brn
|move|p2a: Great Tusk|Ice Spinner|p1a: Lokix
|-damage|p1a: Lokix|67/100 brn
|
|-damage|p1a: Lokix|61/100 brn|[from] brn
|upkeep
|turn|4
|
|t:|1779583807
|move|p2a: Great Tusk|Rapid Spin|p1a: Lokix
|-damage|p1a: Lokix|38/100 brn
|-boost|p2a: Great Tusk|spe|1
|move|p1a: Lokix|Knock Off|p2a: Great Tusk
|-resisted|p2a: Great Tusk
|-damage|p2a: Great Tusk|77/100
|-enditem|p2a: Great Tusk|Heavy-Duty Boots|[from] move: Knock Off|[of] p1a: Lokix
|
|-damage|p1a: Lokix|32/100 brn|[from] brn
|upkeep
|turn|5
|
|t:|1779583814
|move|p2a: Great Tusk|Rapid Spin|p1a: Lokix
|-damage|p1a: Lokix|11/100 brn
|-boost|p2a: Great Tusk|spe|1
|move|p1a: Lokix|Knock Off|p2a: Great Tusk
|-resisted|p2a: Great Tusk
|-damage|p2a: Great Tusk|61/100
|
|-damage|p1a: Lokix|5/100 brn|[from] brn
|upkeep
|turn|6
|
|t:|1779583820
|move|p2a: Great Tusk|Rapid Spin|p1a: Lokix
|-damage|p1a: Lokix|0 fnt
|-boost|p2a: Great Tusk|spe|1
|faint|p1a: Lokix
|
|upkeep
|
|t:|1779583829
|switch|p1a: Ursaluna|Ursaluna, F|82/100 brn
|turn|7
|
|t:|1779583833
|move|p2a: Great Tusk|Close Combat|p1a: Ursaluna
|-supereffective|p1a: Ursaluna
|-damage|p1a: Ursaluna|0 fnt
|-unboost|p2a: Great Tusk|def|1
|-unboost|p2a: Great Tusk|spd|1
|faint|p1a: Ursaluna
|
|upkeep
|
|t:|1779583841
|switch|p1a: Dragonite|Dragonite, F|100/100
|turn|8
|
|t:|1779583844
|move|p1a: Dragonite|Extreme Speed|p2a: Great Tusk
|-damage|p2a: Great Tusk|28/100
|move|p2a: Great Tusk|Ice Spinner|p1a: Dragonite
|-supereffective|p1a: Dragonite
|-damage|p1a: Dragonite|42/100
|
|upkeep
|turn|9
|
|t:|1779583851
|-end|p2a: Great Tusk|Protosynthesis|[silent]
|switch|p2a: Moltres|Moltres|83/100
|move|p1a: Dragonite|Extreme Speed|p2a: Moltres
|-crit|p2a: Moltres
|-damage|p2a: Moltres|48/100
|-status|p1a: Dragonite|brn|[from] ability: Flame Body|[of] p2a: Moltres
|
|-damage|p1a: Dragonite|35/100 brn|[from] brn
|upkeep
|turn|10
|
|t:|1779583858
|move|p1a: Dragonite|Roost|p1a: Dragonite
|-heal|p1a: Dragonite|86/100 brn
|-singleturn|p1a: Dragonite|move: Roost
|move|p2a: Moltres|Roost|p2a: Moltres
|-heal|p2a: Moltres|98/100
|-singleturn|p2a: Moltres|move: Roost
|
|-damage|p1a: Dragonite|79/100 brn|[from] brn
|upkeep
|turn|11
|
|t:|1779583861
|move|p1a: Dragonite|Dragon Dance|p1a: Dragonite
|-boost|p1a: Dragonite|atk|1
|-boost|p1a: Dragonite|spe|1
|move|p2a: Moltres|U-turn|p1a: Dragonite
|-resisted|p1a: Dragonite
|-damage|p1a: Dragonite|71/100 brn
|
|t:|1779583867
|switch|p2a: Great Tusk|Great Tusk|28/100|[from] U-turn
|
|-damage|p1a: Dragonite|65/100 brn|[from] brn
|upkeep
|turn|12
|
|t:|1779583873
|move|p1a: Dragonite|Roost|p1a: Dragonite
|-heal|p1a: Dragonite|100/100 brn
|-singleturn|p1a: Dragonite|move: Roost
|move|p2a: Great Tusk|Ice Spinner|p1a: Dragonite
|-supereffective|p1a: Dragonite
|-damage|p1a: Dragonite|69/100 brn
|
|-damage|p1a: Dragonite|63/100 brn|[from] brn
|upkeep
|turn|13
|
|t:|1779583879
|move|p1a: Dragonite|Earthquake|p2a: Great Tusk
|-damage|p2a: Great Tusk|7/100
|move|p2a: Great Tusk|Ice Spinner|p1a: Dragonite
|-supereffective|p1a: Dragonite
|-damage|p1a: Dragonite|0 fnt
|faint|p1a: Dragonite
|
|upkeep
|
|t:|1779583882
|switch|p1a: F-13|Dragapult, M, shiny|100/100
|turn|14
|
|t:|1779583900
|move|p1a: F-13|U-turn|p2a: Great Tusk
|-resisted|p2a: Great Tusk
|-damage|p2a: Great Tusk|0 fnt
|faint|p2a: Great Tusk
|-end|p2a: Great Tusk|Protosynthesis|[silent]
|
|t:|1779583903
|switch|p1a: Latias|Latias, F, shiny|100/100|[from] U-turn
|
|upkeep
|
|t:|1779583908
|switch|p2a: Reuniclus|Reuniclus, F|100/100
|turn|15
|
|t:|1779583912
|move|p1a: Latias|Agility|p1a: Latias
|-boost|p1a: Latias|spe|2
|move|p2a: Reuniclus|Future Sight|p1a: Latias
|-start|p2a: Reuniclus|move: Future Sight
|
|upkeep
|turn|16
|
|t:|1779583917
|move|p1a: Latias|Calm Mind|p1a: Latias
|-boost|p1a: Latias|spa|1
|-boost|p1a: Latias|spd|1
|move|p2a: Reuniclus|Knock Off|p1a: Latias
|-supereffective|p1a: Latias
|-damage|p1a: Latias|70/100
|-enditem|p1a: Latias|Weakness Policy
|-boost|p1a: Latias|atk|2|[from] item: Weakness Policy
|-boost|p1a: Latias|spa|2|[from] item: Weakness Policy
|
|upkeep
|turn|17
|
|t:|1779583922
|move|p1a: Latias|Calm Mind|p1a: Latias
|-boost|p1a: Latias|spa|1
|-boost|p1a: Latias|spd|1
|move|p2a: Reuniclus|Knock Off|p1a: Latias
|-supereffective|p1a: Latias
|-damage|p1a: Latias|50/100
|
|-end|p1a: Latias|move: Future Sight
|-resisted|p1a: Latias
|-damage|p1a: Latias|41/100
|upkeep
|turn|18
|
|t:|1779583926
|move|p1a: Latias|Draining Kiss|p2a: Reuniclus
|-damage|p2a: Reuniclus|75/100
|-heal|p1a: Latias|63/100|[from] drain|[of] p2a: Reuniclus
|move|p2a: Reuniclus|Knock Off|p1a: Latias
|-supereffective|p1a: Latias
|-crit|p1a: Latias
|-damage|p1a: Latias|31/100
|
|upkeep
|turn|19
|
|t:|1779583932
|move|p1a: Latias|Stored Power|p2a: Reuniclus
|-resisted|p2a: Reuniclus
|-damage|p2a: Reuniclus|0 fnt
|faint|p2a: Reuniclus
|
|upkeep
|
|t:|1779583937
|switch|p2a: Torkoal|Torkoal, F|100/100
|-weather|SunnyDay|[from] ability: Drought|[of] p2a: Torkoal
|turn|20
|
|t:|1779583942
|move|p1a: Latias|Stored Power|p2a: Torkoal
|-damage|p2a: Torkoal|0 fnt
|faint|p2a: Torkoal
|
|-weather|SunnyDay|[upkeep]
|upkeep
|
|t:|1779583945
|switch|p2a: Walking Wake|Walking Wake|100/100
|-activate|p2a: Walking Wake|ability: Protosynthesis
|-start|p2a: Walking Wake|protosynthesisspe
|turn|21
|
|t:|1779583949
|-terastallize|p1a: Latias|Fairy
|move|p2a: Walking Wake|Dragon Pulse|p1a: Latias
|-immune|p1a: Latias
|move|p1a: Latias|Draining Kiss|p2a: Walking Wake
|-supereffective|p2a: Walking Wake
|-damage|p2a: Walking Wake|0 fnt
|-heal|p1a: Latias|100/100|[from] drain|[of] p2a: Walking Wake
|faint|p2a: Walking Wake
|-end|p2a: Walking Wake|Protosynthesis|[silent]
|
|-weather|SunnyDay|[upkeep]
|upkeep
|c|☆Boxed by Po|gg
|-message|SoccerLego4081 forfeited.
|
|win|Boxed by Po
|raw|Boxed by Po's rating: 1455 &rarr; <strong>1476</strong><br />(+21 for winning)
|raw|SoccerLego4081's rating: 1473 &rarr; <strong>1452</strong><br />(-21 for losing)
|l|☆SoccerLego4081
|player|p2|
|l|☆Boxed by Po
|player|p1|
