|j|☆BigT910
|j|‽swaVyy
|t:|1779638361
|gametype|singles
|player|p1|BigT910|pryce|1124
|player|p2|swaVyy|infielder|1150
|gen|9
|tier|[Gen 9] OU
|rated|
|rule|HP Percentage Mod: HP is shown in percentages
|rule|Endless Battle Clause: Forcing endless battles is banned
|rule|Species Clause: Limit one of each Pokémon
|rule|OHKO Clause: OHKO moves are banned
|rule|Evasion Items Clause: Evasion items are banned
|rule|Evasion Moves Clause: Evasion moves are banned
|rule|Evasion Abilities Clause: Evasion abilities are banned
|rule|Sleep Moves Clause: Sleep-inducing moves are banned
|clearpoke
|poke|p1|Rillaboom, M|
|poke|p1|Ninetales, M|
|poke|p1|Lucario, M|
|poke|p1|Kyurem|
|poke|p1|Cyclizar, M|
|poke|p1|Wyrdeer, M|
|poke|p2|Garganacl, F|
|poke|p2|Klefki, F|
|poke|p2|Dragonite, F|
|poke|p2|Deoxys-Speed|
|poke|p2|Glimmora, F|
|poke|p2|Araquanid, F|
|teampreview
|inactive|Battle timer is ON: inactive players will automatically lose when time's up. (requested by swaVyy)
|inactive|BigT910 also wants the timer to be on.
|
|t:|1779638367
|teamsize|p1|6
|teamsize|p2|6
|start
|switch|p1a: Ninetales|Ninetales, M, shiny|100/100
|switch|p2a: Klefki|Klefki, F|100/100
|-weather|SunnyDay|[from] ability: Drought|[of] p1a: Ninetales
|turn|1
|
|t:|1779638375
|move|p2a: Klefki|Light Screen|p2a: Klefki
|-sidestart|p2: swaVyy|move: Light Screen
|move|p1a: Ninetales|Flamethrower|p2a: Klefki
|-supereffective|p2a: Klefki
|-damage|p2a: Klefki|25/100
|
|-weather|SunnyDay|[upkeep]
|upkeep
|turn|2
|
|t:|1779638381
|move|p2a: Klefki|Reflect|p2a: Klefki
|-sidestart|p2: swaVyy|Reflect
|move|p1a: Ninetales|Nasty Plot|p1a: Ninetales
|-boost|p1a: Ninetales|spa|2
|
|-weather|SunnyDay|[upkeep]
|upkeep
|turn|3
|
|t:|1779638386
|move|p2a: Klefki|Thunder Wave|p1a: Ninetales
|-status|p1a: Ninetales|par
|cant|p1a: Ninetales|par
|
|-weather|SunnyDay|[upkeep]
|upkeep
|turn|4
|
|t:|1779638391
|move|p2a: Klefki|Steel Beam|p1a: Ninetales
|-resisted|p1a: Ninetales
|-damage|p1a: Ninetales|64/100 par
|-damage|p2a: Klefki|0 fnt|[from] steelbeam
|faint|p2a: Klefki
|move|p1a: Ninetales|Flamethrower|p2: Klefki|[notarget]
|-fail|p1a: Ninetales
|
|-weather|SunnyDay|[upkeep]
|upkeep
|
|t:|1779638396
|switch|p2a: Deoxys|Deoxys-Speed|100/100
|-ability|p2a: Deoxys|Pressure
|turn|5
|
|t:|1779638403
|move|p2a: Deoxys|Cosmic Power|p2a: Deoxys
|-boost|p2a: Deoxys|def|1
|-boost|p2a: Deoxys|spd|1
|move|p1a: Ninetales|Flamethrower|p2a: Deoxys
|-damage|p2a: Deoxys|58/100
|
|-weather|none
|-heal|p2a: Deoxys|64/100|[from] item: Leftovers
|-sideend|p2: swaVyy|move: Light Screen
|upkeep
|turn|6
|
|t:|1779638412
|move|p2a: Deoxys|Protect|p2a: Deoxys
|-singleturn|p2a: Deoxys|Protect
|cant|p1a: Ninetales|par
|
|-heal|p2a: Deoxys|70/100|[from] item: Leftovers
|-sideend|p2: swaVyy|Reflect
|upkeep
|turn|7
|
|t:|1779638418
|move|p2a: Deoxys|Cosmic Power|p2a: Deoxys
|-boost|p2a: Deoxys|def|1
|-boost|p2a: Deoxys|spd|1
|move|p1a: Ninetales|Flamethrower|p2a: Deoxys
|-damage|p2a: Deoxys|33/100
|-status|p2a: Deoxys|brn
|
|-heal|p2a: Deoxys|39/100 brn|[from] item: Leftovers
|-damage|p2a: Deoxys|33/100 brn|[from] brn
|upkeep
|turn|8
|
|t:|1779638428
|move|p2a: Deoxys|Recover|p2a: Deoxys
|-heal|p2a: Deoxys|83/100 brn
|move|p1a: Ninetales|Flamethrower|p2a: Deoxys
|-damage|p2a: Deoxys|45/100 brn
|
|-heal|p2a: Deoxys|51/100 brn|[from] item: Leftovers
|-damage|p2a: Deoxys|45/100 brn|[from] brn
|upkeep
|turn|9
|
|t:|1779638435
|move|p2a: Deoxys|Recover|p2a: Deoxys
|-heal|p2a: Deoxys|95/100 brn
|move|p1a: Ninetales|Nasty Plot|p1a: Ninetales
|-boost|p1a: Ninetales|spa|2
|
|-heal|p2a: Deoxys|100/100 brn|[from] item: Leftovers
|-damage|p2a: Deoxys|94/100 brn|[from] brn
|upkeep
|turn|10
|
|t:|1779638443
|move|p2a: Deoxys|Cosmic Power|p2a: Deoxys
|-boost|p2a: Deoxys|def|1
|-boost|p2a: Deoxys|spd|1
|move|p1a: Ninetales|Flamethrower|p2a: Deoxys
|-damage|p2a: Deoxys|48/100 brn
|
|-heal|p2a: Deoxys|55/100 brn|[from] item: Leftovers
|-damage|p2a: Deoxys|48/100 brn|[from] brn
|upkeep
|turn|11
|
|t:|1779638452
|move|p2a: Deoxys|Recover|p2a: Deoxys
|-heal|p2a: Deoxys|98/100 brn
|move|p1a: Ninetales|Flamethrower|p2a: Deoxys
|-damage|p2a: Deoxys|50/100 brn
|
|-heal|p2a: Deoxys|56/100 brn|[from] item: Leftovers
|-damage|p2a: Deoxys|50/100 brn|[from] brn
|upkeep
|turn|12
|
|t:|1779638460
|move|p2a: Deoxys|Recover|p2a: Deoxys
|-heal|p2a: Deoxys|99/100 brn
|move|p1a: Ninetales|Flamethrower|p2a: Deoxys
|-damage|p2a: Deoxys|47/100 brn
|
|-heal|p2a: Deoxys|53/100 brn|[from] item: Leftovers
|-damage|p2a: Deoxys|47/100 brn|[from] brn
|upkeep
|turn|13
|
|t:|1779638467
|move|p2a: Deoxys|Recover|p2a: Deoxys
|-heal|p2a: Deoxys|97/100 brn
|move|p1a: Ninetales|Flamethrower|p2a: Deoxys
|-damage|p2a: Deoxys|44/100 brn
|
|-heal|p2a: Deoxys|50/100 brn|[from] item: Leftovers
|-damage|p2a: Deoxys|44/100 brn|[from] brn
|upkeep
|turn|14
|
|t:|1779638475
|move|p2a: Deoxys|Protect|p2a: Deoxys
|-singleturn|p2a: Deoxys|Protect
|move|p1a: Ninetales|Flamethrower|p2a: Deoxys
|-activate|p2a: Deoxys|move: Protect
|
|-heal|p2a: Deoxys|50/100 brn|[from] item: Leftovers
|-damage|p2a: Deoxys|44/100 brn|[from] brn
|upkeep
|turn|15
|
|t:|1779638483
|move|p2a: Deoxys|Recover|p2a: Deoxys
|-heal|p2a: Deoxys|94/100 brn
|move|p1a: Ninetales|Flamethrower|p2a: Deoxys
|-damage|p2a: Deoxys|45/100 brn
|
|-heal|p2a: Deoxys|51/100 brn|[from] item: Leftovers
|-damage|p2a: Deoxys|45/100 brn|[from] brn
|upkeep
|turn|16
|
|t:|1779638493
|move|p2a: Deoxys|Protect|p2a: Deoxys
|-singleturn|p2a: Deoxys|Protect
|move|p1a: Ninetales|Flamethrower|p2a: Deoxys
|-activate|p2a: Deoxys|move: Protect
|
|-heal|p2a: Deoxys|51/100 brn|[from] item: Leftovers
|-damage|p2a: Deoxys|45/100 brn|[from] brn
|upkeep
|turn|17
|
|t:|1779638501
|move|p2a: Deoxys|Recover|p2a: Deoxys
|-heal|p2a: Deoxys|95/100 brn
|cant|p1a: Ninetales|par
|
|-heal|p2a: Deoxys|100/100 brn|[from] item: Leftovers
|-damage|p2a: Deoxys|94/100 brn|[from] brn
|upkeep
|turn|18
|
|t:|1779638508
|move|p2a: Deoxys|Stored Power|p1a: Ninetales
|-damage|p1a: Ninetales|8/100 par
|move|p1a: Ninetales|Flamethrower|p2a: Deoxys
|-damage|p2a: Deoxys|49/100 brn
|
|-heal|p2a: Deoxys|55/100 brn|[from] item: Leftovers
|-damage|p2a: Deoxys|49/100 brn|[from] brn
|upkeep
|turn|19
|
|t:|1779638519
|move|p2a: Deoxys|Stored Power|p1a: Ninetales
|-damage|p1a: Ninetales|0 fnt
|faint|p1a: Ninetales
|
|-heal|p2a: Deoxys|55/100 brn|[from] item: Leftovers
|-damage|p2a: Deoxys|49/100 brn|[from] brn
|upkeep
|
|t:|1779638528
|switch|p1a: Cyclizar|Cyclizar, M|100/100
|turn|20
|
|t:|1779638532
|move|p2a: Deoxys|Stored Power|p1a: Cyclizar
|-damage|p1a: Cyclizar|14/100
|move|p1a: Cyclizar|Knock Off|p2a: Deoxys
|-supereffective|p2a: Deoxys
|-damage|p2a: Deoxys|24/100 brn
|-enditem|p2a: Deoxys|Leftovers|[from] move: Knock Off|[of] p1a: Cyclizar
|
|-damage|p2a: Deoxys|18/100 brn|[from] brn
|upkeep
|turn|21
|
|t:|1779638549
|switch|p1a: Wyrdeer|Wyrdeer, M|100/100
|-ability|p1a: Wyrdeer|Intimidate|boost
|-unboost|p2a: Deoxys|atk|1
|move|p2a: Deoxys|Stored Power|p1a: Wyrdeer
|-resisted|p1a: Wyrdeer
|-damage|p1a: Wyrdeer|81/100
|
|-damage|p2a: Deoxys|12/100 brn|[from] brn
|upkeep
|turn|22
|
|t:|1779638558
|move|p2a: Deoxys|Recover|p2a: Deoxys
|-heal|p2a: Deoxys|62/100 brn
|move|p1a: Wyrdeer|Trailblaze|p2a: Deoxys
|-damage|p2a: Deoxys|55/100 brn
|-boost|p1a: Wyrdeer|spe|1
|
|-damage|p2a: Deoxys|49/100 brn|[from] brn
|upkeep
|turn|23
|
|t:|1779638567
|move|p2a: Deoxys|Cosmic Power|p2a: Deoxys
|-boost|p2a: Deoxys|def|1
|-boost|p2a: Deoxys|spd|1
|move|p1a: Wyrdeer|Trailblaze|p2a: Deoxys
|-damage|p2a: Deoxys|43/100 brn
|-boost|p1a: Wyrdeer|spe|1
|
|-damage|p2a: Deoxys|36/100 brn|[from] brn
|upkeep
|turn|24
|
|t:|1779638576
|move|p1a: Wyrdeer|Lunge|p2a: Deoxys
|-supereffective|p2a: Deoxys
|-damage|p2a: Deoxys|17/100 brn
|-unboost|p2a: Deoxys|atk|1
|move|p2a: Deoxys|Cosmic Power|p2a: Deoxys
|-boost|p2a: Deoxys|def|1
|-boost|p2a: Deoxys|spd|1
|
|-damage|p2a: Deoxys|11/100 brn|[from] brn
|upkeep
|turn|25
|
|t:|1779638588
|move|p1a: Wyrdeer|Lunge|p2a: Deoxys
|-supereffective|p2a: Deoxys
|-damage|p2a: Deoxys|0 fnt
|faint|p2a: Deoxys
|
|upkeep
|
|t:|1779638594
|switch|p2a: Glimmora|Glimmora, F|100/100
|turn|26
|
|t:|1779638604
|move|p1a: Wyrdeer|Zen Headbutt|p2a: Glimmora
|-supereffective|p2a: Glimmora
|-damage|p2a: Glimmora|15/100
|-activate|p2a: Glimmora|ability: Toxic Debris
|-sidestart|p1: BigT910|move: Toxic Spikes
|move|p2a: Glimmora|Mortal Spin|p1a: Wyrdeer
|-damage|p1a: Wyrdeer|73/100
|-status|p1a: Wyrdeer|psn
|
|-damage|p1a: Wyrdeer|61/100 psn|[from] psn
|upkeep
|turn|27
|
|t:|1779638616
|move|p1a: Wyrdeer|Body Slam|p2a: Glimmora
|-resisted|p2a: Glimmora
|-damage|p2a: Glimmora|0 fnt
|-activate|p2a: Glimmora|ability: Toxic Debris
|-sidestart|p1: BigT910|move: Toxic Spikes
|faint|p2a: Glimmora
|
|-damage|p1a: Wyrdeer|49/100 psn|[from] psn
|upkeep
|
|t:|1779638622
|switch|p2a: Araquanid|Araquanid, F|100/100
|turn|28
|
|t:|1779638629
|move|p1a: Wyrdeer|Body Slam|p2a: Araquanid
|-damage|p2a: Araquanid|64/100
|move|p2a: Araquanid|Reflect|p2a: Araquanid
|-sidestart|p2: swaVyy|Reflect
|
|-heal|p2a: Araquanid|70/100|[from] item: Leftovers
|-damage|p1a: Wyrdeer|36/100 psn|[from] psn
|upkeep
|turn|29
|
|t:|1779638637
|move|p1a: Wyrdeer|Body Slam|p2a: Araquanid
|-damage|p2a: Araquanid|49/100
|move|p2a: Araquanid|Sticky Web|p1a: Wyrdeer
|-sidestart|p1: BigT910|move: Sticky Web
|
|-heal|p2a: Araquanid|55/100|[from] item: Leftovers
|-damage|p1a: Wyrdeer|24/100 psn|[from] psn
|upkeep
|turn|30
|
|t:|1779638645
|move|p1a: Wyrdeer|Body Slam|p2a: Araquanid
|-damage|p2a: Araquanid|35/100
|move|p2a: Araquanid|Lunge|p1a: Wyrdeer
|-supereffective|p1a: Wyrdeer
|-damage|p1a: Wyrdeer|0 fnt
|faint|p1a: Wyrdeer
|
|-heal|p2a: Araquanid|41/100|[from] item: Leftovers
|upkeep
|
|t:|1779638654
|switch|p1a: Cyclizar|Cyclizar, M|14/100
|turn|31
|
|t:|1779638662
|move|p1a: Cyclizar|Rapid Spin|p2a: Araquanid
|-damage|p2a: Araquanid|29/100
|-boost|p1a: Cyclizar|spe|1
|-sideend|p1: BigT910|Toxic Spikes|[from] move: Rapid Spin|[of] p1a: Cyclizar
|-sideend|p1: BigT910|Sticky Web|[from] move: Rapid Spin|[of] p1a: Cyclizar
|move|p2a: Araquanid|Liquidation|p1a: Cyclizar
|-resisted|p1a: Cyclizar
|-damage|p1a: Cyclizar|0 fnt
|faint|p1a: Cyclizar
|
|-heal|p2a: Araquanid|36/100|[from] item: Leftovers
|upkeep
|
|t:|1779638672
|switch|p1a: Kyurem|Kyurem, shiny|100/100
|-ability|p1a: Kyurem|Pressure
|turn|32
|
|t:|1779638678
|move|p1a: Kyurem|Freeze-Dry|p2a: Araquanid
|-supereffective|p2a: Araquanid
|-damage|p2a: Araquanid|0 fnt
|faint|p2a: Araquanid
|
|-sideend|p2: swaVyy|Reflect
|upkeep
|
|t:|1779638684
|switch|p2a: Dragonite|Dragonite, F|100/100
|turn|33
|
|t:|1779638692
|-terastallize|p1a: Kyurem|Ice
|-terastallize|p2a: Dragonite|Normal
|move|p1a: Kyurem|Ice Beam|p2a: Dragonite
|-damage|p2a: Dragonite|64/100
|-status|p2a: Dragonite|frz
|cant|p2a: Dragonite|frz
|
|upkeep
|turn|34
|l|‽swaVyy
|inactive|swaVyy disconnected and has a minute to reconnect!
|player|p2|
|c|☆BigT910|oh no
|j|‽swaVyy
|inactive|swaVyy reconnected and has 135 seconds left.
|player|p2|swaVyy|infielder|
|n|‽swaVyy|swavyy
|c|☆BigT910|now you cant do dragon dance extreme speed
|c|☆BigT910|: - (
|inactive|BigT910 has 120 seconds left.
|
|t:|1779638727
|cant|p2a: Dragonite|frz
|move|p1a: Kyurem|Ice Beam|p2a: Dragonite
|-crit|p2a: Dragonite
|-damage|p2a: Dragonite|0 fnt
|faint|p2a: Dragonite
|
|upkeep
|
|t:|1779638732
|switch|p2a: Garganacl|Garganacl, F|100/100
|turn|35
|
|t:|1779638738
|move|p1a: Kyurem|Ice Beam|p2a: Garganacl
|-damage|p2a: Garganacl|48/100
|move|p2a: Garganacl|Salt Cure|p1a: Kyurem
|-supereffective|p1a: Kyurem
|-damage|p1a: Kyurem|74/100
|-start|p1a: Kyurem|Salt Cure
|
|-heal|p2a: Garganacl|54/100|[from] item: Leftovers
|-damage|p1a: Kyurem|61/100|[from] Salt Cure
|upkeep
|turn|36
|
|t:|1779638749
|move|p1a: Kyurem|Ice Beam|p2a: Garganacl
|-damage|p2a: Garganacl|9/100
|move|p2a: Garganacl|Recover|p2a: Garganacl
|-heal|p2a: Garganacl|59/100
|
|-heal|p2a: Garganacl|65/100|[from] item: Leftovers
|-damage|p1a: Kyurem|49/100|[from] Salt Cure
|upkeep
|turn|37
|
|t:|1779638762
|switch|p1a: Rillaboom|Rillaboom, M|100/100
|-fieldstart|move: Grassy Terrain|[from] ability: Grassy Surge|[of] p1a: Rillaboom
|move|p2a: Garganacl|Recover|p2a: Garganacl
|-heal|p2a: Garganacl|100/100
|
|upkeep
|turn|38
|
|t:|1779638769
|move|p1a: Rillaboom|Knock Off|p2a: Garganacl
|-damage|p2a: Garganacl|77/100
|-enditem|p2a: Garganacl|Leftovers|[from] move: Knock Off|[of] p1a: Rillaboom
|move|p2a: Garganacl|Iron Defense|p2a: Garganacl
|-boost|p2a: Garganacl|def|2
|
|-heal|p2a: Garganacl|83/100|[from] Grassy Terrain
|upkeep
|turn|39
|
|t:|1779638777
|move|p1a: Rillaboom|Drum Beating|p2a: Garganacl
|-supereffective|p2a: Garganacl
|-damage|p2a: Garganacl|46/100
|-unboost|p2a: Garganacl|spe|1
|move|p2a: Garganacl|Recover|p2a: Garganacl
|-heal|p2a: Garganacl|96/100
|
|-heal|p2a: Garganacl|100/100|[from] Grassy Terrain
|upkeep
|turn|40
|
|t:|1779638786
|move|p1a: Rillaboom|Drum Beating|p2a: Garganacl
|-supereffective|p2a: Garganacl
|-damage|p2a: Garganacl|65/100
|-unboost|p2a: Garganacl|spe|1
|move|p2a: Garganacl|Iron Defense|p2a: Garganacl
|-boost|p2a: Garganacl|def|2
|
|-heal|p2a: Garganacl|71/100|[from] Grassy Terrain
|upkeep
|turn|41
|
|t:|1779638794
|move|p1a: Rillaboom|Drum Beating|p2a: Garganacl
|-supereffective|p2a: Garganacl
|-damage|p2a: Garganacl|48/100
|-unboost|p2a: Garganacl|spe|1
|move|p2a: Garganacl|Recover|p2a: Garganacl
|-heal|p2a: Garganacl|98/100
|
|-heal|p2a: Garganacl|100/100|[from] Grassy Terrain
|upkeep
|turn|42
|
|t:|1779638803
|move|p1a: Rillaboom|Drum Beating|p2a: Garganacl
|-supereffective|p2a: Garganacl
|-damage|p2a: Garganacl|79/100
|-unboost|p2a: Garganacl|spe|1
|move|p2a: Garganacl|Salt Cure|p1a: Rillaboom
|-damage|p1a: Rillaboom|86/100
|-start|p1a: Rillaboom|Salt Cure
|
|-heal|p1a: Rillaboom|92/100|[from] Grassy Terrain
|-heal|p2a: Garganacl|85/100|[from] Grassy Terrain
|-damage|p1a: Rillaboom|80/100|[from] Salt Cure
|upkeep
|turn|43
|
|t:|1779638814
|move|p1a: Rillaboom|Brick Break|p2a: Garganacl
|-supereffective|p2a: Garganacl
|-damage|p2a: Garganacl|74/100
|move|p2a: Garganacl|Iron Defense|p2a: Garganacl
|-boost|p2a: Garganacl|def|2
|
|-heal|p1a: Rillaboom|86/100|[from] Grassy Terrain
|-heal|p2a: Garganacl|80/100|[from] Grassy Terrain
|-damage|p1a: Rillaboom|74/100|[from] Salt Cure
|upkeep
|turn|44
|
|t:|1779638827
|move|p1a: Rillaboom|Drum Beating|p2a: Garganacl
|-supereffective|p2a: Garganacl
|-damage|p2a: Garganacl|62/100
|-unboost|p2a: Garganacl|spe|1
|move|p2a: Garganacl|Recover|p2a: Garganacl
|-heal|p2a: Garganacl|100/100
|
|-heal|p1a: Rillaboom|80/100|[from] Grassy Terrain
|-damage|p1a: Rillaboom|68/100|[from] Salt Cure
|-fieldend|move: Grassy Terrain
|upkeep
|turn|45
|
|t:|1779638839
|move|p1a: Rillaboom|Drum Beating|p2a: Garganacl
|-supereffective|p2a: Garganacl
|-damage|p2a: Garganacl|85/100
|-unboost|p2a: Garganacl|spe|1
|move|p2a: Garganacl|Body Press|p1a: Rillaboom
|-damage|p1a: Rillaboom|0 fnt
|faint|p1a: Rillaboom
|
|upkeep
|
|t:|1779638849
|switch|p1a: Kyurem|Kyurem, shiny, tera:Ice|49/100
|-ability|p1a: Kyurem|Pressure
|turn|46
|
|t:|1779638855
|move|p1a: Kyurem|Ice Beam|p2a: Garganacl
|-damage|p2a: Garganacl|39/100
|move|p2a: Garganacl|Salt Cure|p1a: Kyurem
|-supereffective|p1a: Kyurem
|-damage|p1a: Kyurem|21/100
|-start|p1a: Kyurem|Salt Cure
|
|-damage|p1a: Kyurem|8/100|[from] Salt Cure
|upkeep
|turn|47
|
|t:|1779638863
|move|p1a: Kyurem|Ice Beam|p2a: Garganacl
|-damage|p2a: Garganacl|0 fnt
|faint|p2a: Garganacl
|
|win|BigT910
|raw|BigT910's rating: 1124 &rarr; <strong>1151</strong><br />(+27 for winning)
|raw|swaVyy's rating: 1150 &rarr; <strong>1123</strong><br />(-27 for losing)
|c|☆BigT910|gg
|l|‽swaVyy
|player|p2|
|l|☆BigT910
|player|p1|
