|j|☆dooozdzdz
|j|☆mansonabuluting
|t:|1779664180
|gametype|singles
|player|p1|dooozdzdz|cilan|1679
|player|p2|mansonabuluting|bellelba|1758
|gen|9
|tier|[Gen 9] OU
|rated|
|rule|HP Percentage Mod: HP is shown in percentages
|rule|Endless Battle Clause: Forcing endless battles is banned
|rule|Species Clause: Limit one of each Pokémon
|rule|OHKO Clause: OHKO moves are banned
|rule|Evasion Items Clause: Evasion items are banned
|rule|Evasion Moves Clause: Evasion moves are banned
|rule|Evasion Abilities Clause: Evasion abilities are banned
|rule|Sleep Moves Clause: Sleep-inducing moves are banned
|clearpoke
|poke|p1|Ogerpon-Wellspring, F|
|poke|p1|Arcanine-Hisui, M|
|poke|p1|Corviknight, M|
|poke|p1|Hatterene, F|
|poke|p1|Ting-Lu|
|poke|p1|Okidogi, M|
|poke|p2|Rillaboom, M|
|poke|p2|Hawlucha, M|
|poke|p2|Great Tusk|
|poke|p2|Volcanion|
|poke|p2|Goodra-Hisui, F|
|poke|p2|Thundurus-Therian, M|
|teampreview
|
|t:|1779664195
|teamsize|p1|6
|teamsize|p2|6
|start
|switch|p1a: Arcanine|Arcanine-Hisui, M|100/100
|switch|p2a: Great Tusk|Great Tusk|100/100
|turn|1
|
|t:|1779664200
|switch|p1a: Hatterene|Hatterene, F|100/100
|move|p2a: Great Tusk|Headlong Rush|p1a: Hatterene
|-damage|p1a: Hatterene|54/100
|-unboost|p2a: Great Tusk|def|1
|-unboost|p2a: Great Tusk|spd|1
|-damage|p2a: Great Tusk|84/100|[from] item: Rocky Helmet|[of] p1a: Hatterene
|
|upkeep
|turn|2
|
|t:|1779664205
|-end|p2a: Great Tusk|Protosynthesis|[silent]
|switch|p2a: Volcanion|Volcanion|100/100
|move|p1a: Hatterene|Pain Split|p2a: Volcanion
|-sethp|p2a: Volcanion|74/100|[from] move: Pain Split|[silent]
|-sethp|p1a: Hatterene|84/100|[from] move: Pain Split
|
|upkeep
|turn|3
|inactive|Battle timer is ON: inactive players will automatically lose when time's up. (requested by mansonabuluting)
|
|t:|1779664223
|move|p2a: Volcanion|Overheat|p1a: Hatterene
|-damage|p1a: Hatterene|0 fnt
|-unboost|p2a: Volcanion|spa|2
|faint|p1a: Hatterene
|
|upkeep
|j| kanaete onegai
|
|t:|1779664236
|switch|p1a: Arcanine|Arcanine-Hisui, M|100/100
|turn|4
|
|t:|1779664248
|switch|p2a: Great Tusk|Great Tusk|84/100
|move|p1a: Arcanine|Flare Blitz|p2a: Great Tusk
|-crit|p2a: Great Tusk
|-damage|p2a: Great Tusk|21/100
|-damage|p1a: Arcanine|84/100|[from] item: Rocky Helmet|[of] p2a: Great Tusk
|
|upkeep
|turn|5
|
|t:|1779664251
|move|p1a: Arcanine|Flare Blitz|p2a: Great Tusk
|-damage|p2a: Great Tusk|0 fnt
|-damage|p1a: Arcanine|67/100|[from] item: Rocky Helmet|[of] p2a: Great Tusk
|faint|p2a: Great Tusk
|-end|p2a: Great Tusk|Protosynthesis|[silent]
|
|upkeep
|
|t:|1779664254
|switch|p2a: Rillaboom|Rillaboom, M|100/100
|-fieldstart|move: Grassy Terrain|[from] ability: Grassy Surge|[of] p2a: Rillaboom
|turn|6
|
|t:|1779664265
|switch|p1a: Corviknight|Corviknight, M|100/100
|-ability|p1a: Corviknight|Pressure
|move|p2a: Rillaboom|Grassy Glide|p1a: Corviknight
|-resisted|p1a: Corviknight
|-damage|p1a: Corviknight|92/100
|-damage|p2a: Rillaboom|84/100|[from] item: Rocky Helmet|[of] p1a: Corviknight
|
|-heal|p2a: Rillaboom|90/100|[from] Grassy Terrain
|upkeep
|turn|7
|
|t:|1779664270
|switch|p2a: Volcanion|Volcanion|74/100
|move|p1a: Corviknight|U-turn|p2a: Volcanion
|-resisted|p2a: Volcanion
|-damage|p2a: Volcanion|68/100
|
|t:|1779664275
|switch|p1a: Arcanine|Arcanine-Hisui, M|67/100|[from] U-turn
|
|-heal|p1a: Arcanine|73/100|[from] Grassy Terrain
|-heal|p2a: Volcanion|74/100|[from] Grassy Terrain
|upkeep
|turn|8
|inactive|mansonabuluting has 120 seconds left.
|
|t:|1779664334
|switch|p2a: Goodra|Goodra-Hisui, F|100/100
|move|p1a: Arcanine|Head Smash|p2a: Goodra
|-resisted|p2a: Goodra
|-damage|p2a: Goodra|49/100
|-ability|p2a: Goodra|Gooey
|-unboost|p1a: Arcanine|spe|1
|
|-heal|p1a: Arcanine|79/100|[from] Grassy Terrain
|-heal|p2a: Goodra|55/100|[from] Grassy Terrain
|upkeep
|turn|9
|c| kanaete onegai|the dmg is sick
|
|t:|1779664351
|switch|p1a: Ting-Lu|Ting-Lu|100/100
|-ability|p1a: Ting-Lu|Vessel of Ruin
|move|p2a: Goodra|Surf|p1a: Ting-Lu
|-supereffective|p1a: Ting-Lu
|-damage|p1a: Ting-Lu|75/100
|
|-heal|p2a: Goodra|61/100|[from] Grassy Terrain
|-heal|p1a: Ting-Lu|81/100|[from] Grassy Terrain
|-heal|p1a: Ting-Lu|87/100|[from] item: Leftovers
|upkeep
|turn|10
|inactive|mansonabuluting has 90 seconds left.
|
|t:|1779664376
|switch|p2a: Volcanion|Volcanion|74/100
|move|p1a: Ting-Lu|Stealth Rock|p2a: Volcanion
|-sidestart|p2: mansonabuluting|move: Stealth Rock
|
|-heal|p2a: Volcanion|80/100|[from] Grassy Terrain
|-heal|p1a: Ting-Lu|93/100|[from] Grassy Terrain
|-heal|p1a: Ting-Lu|99/100|[from] item: Leftovers
|-fieldend|move: Grassy Terrain
|upkeep
|turn|11
|
|t:|1779664382
|move|p2a: Volcanion|Overheat|p1a: Ting-Lu
|-damage|p1a: Ting-Lu|52/100
|-unboost|p2a: Volcanion|spa|2
|move|p1a: Ting-Lu|Earthquake|p2a: Volcanion
|-supereffective|p2a: Volcanion
|-damage|p2a: Volcanion|21/100
|
|-heal|p1a: Ting-Lu|58/100|[from] item: Leftovers
|upkeep
|turn|12
|
|t:|1779664391
|move|p2a: Volcanion|Overheat|p1a: Ting-Lu
|-damage|p1a: Ting-Lu|36/100
|-unboost|p2a: Volcanion|spa|2
|move|p1a: Ting-Lu|Earthquake|p2a: Volcanion
|-supereffective|p2a: Volcanion
|-damage|p2a: Volcanion|0 fnt
|faint|p2a: Volcanion
|
|-heal|p1a: Ting-Lu|42/100|[from] item: Leftovers
|upkeep
|
|t:|1779664398
|switch|p2a: Rillaboom|Rillaboom, M|90/100
|-damage|p2a: Rillaboom|78/100|[from] Stealth Rock
|-fieldstart|move: Grassy Terrain|[from] ability: Grassy Surge|[of] p2a: Rillaboom
|turn|13
|
|t:|1779664402
|switch|p1a: Corviknight|Corviknight, M|92/100
|-ability|p1a: Corviknight|Pressure
|move|p2a: Rillaboom|U-turn|p1a: Corviknight
|-resisted|p1a: Corviknight
|-damage|p1a: Corviknight|87/100
|-damage|p2a: Rillaboom|61/100|[from] item: Rocky Helmet|[of] p1a: Corviknight
|
|t:|1779664411
|switch|p2a: Goodra|Goodra-Hisui, F|61/100|[from] U-turn
|-damage|p2a: Goodra|55/100|[from] Stealth Rock
|
|-heal|p2a: Goodra|61/100|[from] Grassy Terrain
|upkeep
|turn|14
|
|t:|1779664414
|move|p1a: Corviknight|U-turn|p2a: Goodra
|-resisted|p2a: Goodra
|-damage|p2a: Goodra|55/100
|-ability|p2a: Goodra|Gooey
|-unboost|p1a: Corviknight|spe|1
|
|t:|1779664419
|switch|p1a: Okidogi|Okidogi, M|100/100|[from] U-turn
|move|p2a: Goodra|Flamethrower|p1a: Okidogi
|-damage|p1a: Okidogi|77/100
|
|-heal|p1a: Okidogi|83/100|[from] Grassy Terrain
|-heal|p1a: Okidogi|89/100|[from] item: Leftovers
|-heal|p2a: Goodra|61/100|[from] Grassy Terrain
|upkeep
|turn|15
|
|t:|1779664427
|switch|p2a: Thundurus|Thundurus-Therian, M|100/100
|-damage|p2a: Thundurus|76/100|[from] Stealth Rock
|move|p1a: Okidogi|Knock Off|p2a: Thundurus
|-damage|p2a: Thundurus|34/100
|-enditem|p2a: Thundurus|Choice Scarf|[from] move: Knock Off|[of] p1a: Okidogi
|
|-heal|p1a: Okidogi|95/100|[from] Grassy Terrain
|-heal|p1a: Okidogi|100/100|[from] item: Leftovers
|upkeep
|turn|16
|
|t:|1779664436
|move|p2a: Thundurus|Psychic|p1a: Okidogi
|-supereffective|p1a: Okidogi
|-crit|p1a: Okidogi
|-damage|p1a: Okidogi|0 fnt
|faint|p1a: Okidogi
|
|upkeep
|
|t:|1779664440
|switch|p1a: Ogerpon|Ogerpon-Wellspring, F|100/100
|turn|17
|
|t:|1779664459
|move|p1a: Ogerpon|Ivy Cudgel|p2a: Thundurus|[anim] Ivy Cudgel Water
|-crit|p2a: Thundurus
|-damage|p2a: Thundurus|0 fnt
|faint|p2a: Thundurus
|
|-fieldend|move: Grassy Terrain
|upkeep
|
|t:|1779664462
|switch|p2a: Rillaboom|Rillaboom, M|61/100
|-damage|p2a: Rillaboom|49/100|[from] Stealth Rock
|-fieldstart|move: Grassy Terrain|[from] ability: Grassy Surge|[of] p2a: Rillaboom
|turn|18
|
|t:|1779664473
|switch|p1a: Corviknight|Corviknight, M|87/100
|-ability|p1a: Corviknight|Pressure
|move|p2a: Rillaboom|Grassy Glide|p1a: Corviknight
|-resisted|p1a: Corviknight
|-damage|p1a: Corviknight|78/100
|-damage|p2a: Rillaboom|32/100|[from] item: Rocky Helmet|[of] p1a: Corviknight
|
|-heal|p2a: Rillaboom|38/100|[from] Grassy Terrain
|upkeep
|turn|19
|
|t:|1779664480
|move|p2a: Rillaboom|Grassy Glide|p1a: Corviknight
|-resisted|p1a: Corviknight
|-damage|p1a: Corviknight|69/100
|-damage|p2a: Rillaboom|22/100|[from] item: Rocky Helmet|[of] p1a: Corviknight
|move|p1a: Corviknight|U-turn|p2a: Rillaboom
|-supereffective|p2a: Rillaboom
|-damage|p2a: Rillaboom|0 fnt
|faint|p2a: Rillaboom
|
|t:|1779664487
|switch|p1a: Arcanine|Arcanine-Hisui, M|79/100|[from] U-turn
|
|-heal|p1a: Arcanine|85/100|[from] Grassy Terrain
|upkeep
|
|t:|1779664497
|switch|p2a: Hawlucha|Hawlucha, M|100/100
|-damage|p2a: Hawlucha|88/100|[from] Stealth Rock
|-enditem|p2a: Hawlucha|Grassy Seed
|-boost|p2a: Hawlucha|def|1|[from] item: Grassy Seed
|turn|20
|
|t:|1779664504
|move|p2a: Hawlucha|Close Combat|p1a: Arcanine
|-supereffective|p1a: Arcanine
|-damage|p1a: Arcanine|0 fnt
|-unboost|p2a: Hawlucha|def|1
|-unboost|p2a: Hawlucha|spd|1
|faint|p1a: Arcanine
|
|upkeep
|
|t:|1779664507
|switch|p1a: Corviknight|Corviknight, M|69/100
|-ability|p1a: Corviknight|Pressure
|turn|21
|
|t:|1779664517
|-terastallize|p2a: Hawlucha|Steel
|move|p2a: Hawlucha|Swords Dance|p2a: Hawlucha
|-boost|p2a: Hawlucha|atk|2
|move|p1a: Corviknight|Brave Bird|p2a: Hawlucha
|-resisted|p2a: Hawlucha
|-damage|p2a: Hawlucha|67/100
|-damage|p1a: Corviknight|63/100|[from] Recoil
|
|-heal|p2a: Hawlucha|73/100|[from] Grassy Terrain
|upkeep
|turn|22
|
|t:|1779664521
|move|p2a: Hawlucha|Close Combat|p1a: Corviknight
|-damage|p1a: Corviknight|2/100
|-unboost|p2a: Hawlucha|def|1
|-unboost|p2a: Hawlucha|spd|1
|-damage|p2a: Hawlucha|57/100|[from] item: Rocky Helmet|[of] p1a: Corviknight
|move|p1a: Corviknight|U-turn|p2a: Hawlucha
|-resisted|p2a: Hawlucha
|-damage|p2a: Hawlucha|43/100
|
|t:|1779664525
|switch|p1a: Ting-Lu|Ting-Lu|42/100|[from] U-turn
|-ability|p1a: Ting-Lu|Vessel of Ruin
|
|-heal|p2a: Hawlucha|49/100|[from] Grassy Terrain
|-heal|p1a: Ting-Lu|48/100|[from] Grassy Terrain
|-heal|p1a: Ting-Lu|54/100|[from] item: Leftovers
|-fieldend|move: Grassy Terrain
|upkeep
|turn|23
|
|t:|1779664532
|-terastallize|p1a: Ting-Lu|Poison
|move|p2a: Hawlucha|Acrobatics|p1a: Ting-Lu
|-damage|p1a: Ting-Lu|4/100
|move|p1a: Ting-Lu|Whirlwind|p2a: Hawlucha
|drag|p2a: Goodra|Goodra-Hisui, F|61/100
|-damage|p2a: Goodra|55/100|[from] Stealth Rock
|
|-heal|p1a: Ting-Lu|10/100|[from] item: Leftovers
|upkeep
|turn|24
|
|t:|1779664541
|move|p2a: Goodra|Flash Cannon|p1a: Ting-Lu
|-damage|p1a: Ting-Lu|0 fnt
|faint|p1a: Ting-Lu
|
|upkeep
|
|t:|1779664547
|switch|p1a: Ogerpon|Ogerpon-Wellspring, F|100/100
|turn|25
|
|t:|1779664550
|move|p1a: Ogerpon|Swords Dance|p1a: Ogerpon
|-boost|p1a: Ogerpon|atk|2
|move|p2a: Goodra|Draco Meteor|p1a: Ogerpon
|-damage|p1a: Ogerpon|17/100
|-unboost|p2a: Goodra|spa|2
|
|upkeep
|turn|26
|
|t:|1779664557
|move|p1a: Ogerpon|Play Rough|p2a: Goodra|[miss]
|-miss|p1a: Ogerpon|p2a: Goodra
|move|p2a: Goodra|Draco Meteor|p1a: Ogerpon
|-damage|p1a: Ogerpon|0 fnt
|-unboost|p2a: Goodra|spa|2
|faint|p1a: Ogerpon
|
|upkeep
|-message|dooozdzdz forfeited.
|
|win|mansonabuluting
|raw|dooozdzdz's rating: 1679 &rarr; <strong>1663</strong><br />(-16 for losing)
|raw|mansonabuluting's rating: 1758 &rarr; <strong>1774</strong><br />(+16 for winning)
|l|☆dooozdzdz
|player|p1|
|l|☆mansonabuluting
|player|p2|
