|j|☆Frank Sankara
|j|☆SweetCandies
|t:|1779681481
|gametype|singles
|player|p1|Frank Sankara|cynthia-masters|1442
|player|p2|SweetCandies|102|1473
|gen|9
|tier|[Gen 9] OU
|rated|
|rule|HP Percentage Mod: HP is shown in percentages
|rule|Endless Battle Clause: Forcing endless battles is banned
|rule|Species Clause: Limit one of each Pokémon
|rule|OHKO Clause: OHKO moves are banned
|rule|Evasion Items Clause: Evasion items are banned
|rule|Evasion Moves Clause: Evasion moves are banned
|rule|Evasion Abilities Clause: Evasion abilities are banned
|rule|Sleep Moves Clause: Sleep-inducing moves are banned
|clearpoke
|poke|p1|Garchomp, F|
|poke|p1|Scizor, F|
|poke|p1|Tyranitar, F|
|poke|p1|Primarina, F|
|poke|p1|Weezing-Galar, M|
|poke|p1|Zapdos|
|poke|p2|Kingambit, F|
|poke|p2|Cinderace, F|
|poke|p2|Landorus-Therian, M|
|poke|p2|Iron Valiant|
|poke|p2|Kyurem|
|poke|p2|Slowking-Galar, M|
|teampreview
|inactive|Battle timer is ON: inactive players will automatically lose when time's up. (requested by Frank Sankara)
|inactive|SweetCandies has 120 seconds left.
|
|t:|1779681532
|teamsize|p1|6
|teamsize|p2|6
|start
|switch|p1a: Scizor|Scizor, F|100/100
|switch|p2a: Kyurem|Kyurem, shiny|100/100
|-ability|p2a: Kyurem|Pressure
|turn|1
|
|t:|1779681538
|switch|p2a: Landorus|Landorus-Therian, M, shiny|100/100
|-ability|p2a: Landorus|Intimidate|boost
|-unboost|p1a: Scizor|atk|1
|move|p1a: Scizor|Bullet Punch|p2a: Landorus
|-damage|p2a: Landorus|72/100
|-damage|p1a: Scizor|84/100|[from] item: Rocky Helmet|[of] p2a: Landorus
|
|upkeep
|turn|2
|
|t:|1779681546
|switch|p1a: Primarina|Primarina, F|100/100
|move|p2a: Landorus|U-turn|p1a: Primarina
|-resisted|p1a: Primarina
|-damage|p1a: Primarina|85/100
|
|t:|1779681570
|switch|p2a: Slowking|Slowking-Galar, M, shiny|100/100|[from] U-turn
|
|-heal|p1a: Primarina|91/100|[from] item: Leftovers
|upkeep
|turn|3
|
|t:|1779681574
|move|p1a: Primarina|Flip Turn|p2a: Slowking
|-damage|p2a: Slowking|84/100
|
|t:|1779681576
|switch|p1a: Tyranitar|Tyranitar, F|100/100|[from] Flip Turn
|-weather|Sandstorm|[from] ability: Sand Stream|[of] p1a: Tyranitar
|-prepare|p2a: Slowking|Chilly Reception|[premajor]
|move|p2a: Slowking|Chilly Reception|p2a: Slowking
|-weather|Snowscape
|
|t:|1779681580
|switch|p2a: Landorus|Landorus-Therian, M, shiny|72/100|[from] Chilly Reception
|-ability|p2a: Landorus|Intimidate|boost
|-unboost|p1a: Tyranitar|atk|1
|
|-weather|Snowscape|[upkeep]
|upkeep
|turn|4
|
|t:|1779681585
|move|p2a: Landorus|Rock Tomb|p1a: Tyranitar
|-damage|p1a: Tyranitar|86/100
|-unboost|p1a: Tyranitar|spe|1
|move|p1a: Tyranitar|Ice Beam|p2a: Landorus
|-supereffective|p2a: Landorus
|-damage|p2a: Landorus|0 fnt
|faint|p2a: Landorus
|
|-weather|Snowscape|[upkeep]
|upkeep
|
|t:|1779681595
|switch|p2a: Kingambit|Kingambit, F|100/100
|-activate|p2a: Kingambit|ability: Supreme Overlord
|-start|p2a: Kingambit|fallen1|[silent]
|turn|5
|
|t:|1779681603
|move|p2a: Kingambit|Iron Head|p1a: Tyranitar
|-supereffective|p1a: Tyranitar
|-damage|p1a: Tyranitar|11/100
|move|p1a: Tyranitar|Stealth Rock|p2a: Kingambit
|-sidestart|p2: SweetCandies|move: Stealth Rock
|
|-weather|Snowscape|[upkeep]
|upkeep
|turn|6
|
|t:|1779681619
|move|p2a: Kingambit|Kowtow Cleave|p1a: Tyranitar
|-resisted|p1a: Tyranitar
|-damage|p1a: Tyranitar|0 fnt
|faint|p1a: Tyranitar
|
|-weather|Snowscape|[upkeep]
|upkeep
|
|t:|1779681621
|switch|p1a: Weezing|Weezing-Galar, M|100/100
|-ability|p1a: Weezing|Neutralizing Gas
|turn|7
|
|t:|1779681630
|-end|p2a: Kingambit|fallen1|[silent]
|switch|p2a: Slowking|Slowking-Galar, M, shiny|100/100
|move|p1a: Weezing|Will-O-Wisp|p2a: Slowking
|-status|p2a: Slowking|brn
|
|-weather|none
|-damage|p2a: Slowking|94/100 brn|[from] brn
|upkeep
|turn|8
|
|t:|1779681639
|-end|p1a: Weezing|ability: Neutralizing Gas
|switch|p1a: Scizor|Scizor, F|84/100
|-prepare|p2a: Slowking|Chilly Reception|[premajor]
|move|p2a: Slowking|Chilly Reception|p2a: Slowking
|-weather|Snowscape
|
|t:|1779681646
|switch|p2a: Cinderace|Cinderace, F, shiny|100/100|[from] Chilly Reception
|
|-weather|Snowscape|[upkeep]
|upkeep
|turn|9
|
|t:|1779681652
|switch|p1a: Zapdos|Zapdos|100/100
|move|p2a: Cinderace|Pyro Ball|p1a: Zapdos
|-damage|p1a: Zapdos|60/100
|
|-weather|Snowscape|[upkeep]
|upkeep
|turn|10
|
|t:|1779681673
|move|p2a: Cinderace|Court Change|p2a: Cinderace
|-swapsideconditions
|-activate|p2a: Cinderace|move: Court Change
|move|p1a: Zapdos|Thunder Wave|p2a: Cinderace
|-status|p2a: Cinderace|par
|
|-weather|Snowscape|[upkeep]
|upkeep
|turn|11
|
|t:|1779681677
|move|p1a: Zapdos|Roost|p1a: Zapdos
|-heal|p1a: Zapdos|100/100
|-singleturn|p1a: Zapdos|move: Roost
|move|p2a: Cinderace|Pyro Ball|p1a: Zapdos|[miss]
|-miss|p2a: Cinderace|p1a: Zapdos
|
|-weather|Snowscape|[upkeep]
|upkeep
|turn|12
|
|t:|1779681680
|move|p1a: Zapdos|Volt Switch|p2a: Cinderace
|-damage|p2a: Cinderace|54/100 par
|
|t:|1779681684
|switch|p1a: Weezing|Weezing-Galar, M|100/100|[from] Volt Switch
|-ability|p1a: Weezing|Neutralizing Gas
|cant|p2a: Cinderace|par
|
|-weather|none
|upkeep
|turn|13
|
|t:|1779681687
|cant|p2a: Cinderace|par
|move|p1a: Weezing|Defog|p2a: Cinderace
|-unboost|p2a: Cinderace|evasion|1
|-sideend|p1: Frank Sankara|Stealth Rock|[from] move: Defog|[of] p1a: Weezing
|
|upkeep
|turn|14
|
|t:|1779681690
|move|p2a: Cinderace|Pyro Ball|p1a: Weezing
|-damage|p1a: Weezing|69/100
|-status|p1a: Weezing|brn
|move|p1a: Weezing|Sludge Bomb|p2a: Cinderace
|-damage|p2a: Cinderace|24/100 par
|
|-damage|p1a: Weezing|63/100 brn|[from] brn
|upkeep
|turn|15
|
|t:|1779681699
|move|p2a: Cinderace|Pyro Ball|p1a: Weezing
|-damage|p1a: Weezing|33/100 brn
|move|p1a: Weezing|Sludge Bomb|p2a: Cinderace
|-damage|p2a: Cinderace|0 fnt
|faint|p2a: Cinderace
|
|-damage|p1a: Weezing|27/100 brn|[from] brn
|upkeep
|
|t:|1779681703
|switch|p2a: Kyurem|Kyurem, shiny|100/100
|turn|16
|
|t:|1779681708
|move|p2a: Kyurem|Substitute|p2a: Kyurem
|-start|p2a: Kyurem|Substitute
|-damage|p2a: Kyurem|76/100
|move|p1a: Weezing|Will-O-Wisp||[still]
|-fail|p1a: Weezing
|
|-heal|p2a: Kyurem|82/100|[from] item: Leftovers
|-damage|p1a: Weezing|21/100 brn|[from] brn
|upkeep
|turn|17
|
|t:|1779681720
|move|p2a: Kyurem|Freeze-Dry|p1a: Weezing
|-damage|p1a: Weezing|0 fnt
|faint|p1a: Weezing
|-end|p1a: Weezing|ability: Neutralizing Gas
|-ability|p2a: Kyurem|Pressure
|
|-heal|p2a: Kyurem|88/100|[from] item: Leftovers
|upkeep
|
|t:|1779681729
|switch|p1a: Garchomp|Garchomp, F|100/100
|turn|18
|
|t:|1779681731
|move|p2a: Kyurem|Protect|p2a: Kyurem
|-singleturn|p2a: Kyurem|Protect
|move|p1a: Garchomp|Scale Shot|p2a: Kyurem
|-activate|p2a: Kyurem|move: Protect
|
|-heal|p2a: Kyurem|94/100|[from] item: Leftovers
|upkeep
|turn|19
|
|t:|1779681740
|-terastallize|p1a: Garchomp|Fire
|move|p1a: Garchomp|Scale Shot|p2a: Kyurem
|-supereffective|p2a: Kyurem
|-activate|p2a: Kyurem|move: Substitute|[damage]
|-supereffective|p2a: Kyurem
|-end|p2a: Kyurem|Substitute
|-supereffective|p2a: Kyurem
|-damage|p2a: Kyurem|68/100
|-supereffective|p2a: Kyurem
|-damage|p2a: Kyurem|46/100
|-supereffective|p2a: Kyurem
|-damage|p2a: Kyurem|20/100
|-hitcount|p2a: Kyurem|5
|-unboost|p1a: Garchomp|def|1
|-boost|p1a: Garchomp|spe|1
|move|p2a: Kyurem|Freeze-Dry|p1a: Garchomp
|-resisted|p1a: Garchomp
|-damage|p1a: Garchomp|81/100
|
|-heal|p2a: Kyurem|27/100|[from] item: Leftovers
|upkeep
|turn|20
|
|t:|1779681760
|switch|p2a: Iron Valiant|Iron Valiant|100/100
|-enditem|p2a: Iron Valiant|Booster Energy
|-activate|p2a: Iron Valiant|ability: Quark Drive|[fromitem]
|-start|p2a: Iron Valiant|quarkdrivespe
|move|p1a: Garchomp|Swords Dance|p1a: Garchomp
|-boost|p1a: Garchomp|atk|2
|
|upkeep
|turn|21
|
|t:|1779681767
|move|p2a: Iron Valiant|Encore|p1a: Garchomp
|-start|p1a: Garchomp|Encore
|move|p1a: Garchomp|Swords Dance|p1a: Garchomp
|-boost|p1a: Garchomp|atk|2
|
|upkeep
|turn|22
|
|t:|1779681775
|switch|p1a: Zapdos|Zapdos|100/100
|move|p2a: Iron Valiant|Calm Mind|p2a: Iron Valiant
|-boost|p2a: Iron Valiant|spa|1
|-boost|p2a: Iron Valiant|spd|1
|
|upkeep
|turn|23
|
|t:|1779681785
|move|p2a: Iron Valiant|Moonblast|p1a: Zapdos
|-damage|p1a: Zapdos|24/100
|-unboost|p1a: Zapdos|spa|1
|move|p1a: Zapdos|Thunder Wave|p2a: Iron Valiant
|-status|p2a: Iron Valiant|par
|
|upkeep
|turn|24
|
|t:|1779681804
|cant|p2a: Iron Valiant|par
|move|p1a: Zapdos|Volt Switch|p2a: Iron Valiant
|-damage|p2a: Iron Valiant|71/100 par
|
|t:|1779681806
|switch|p1a: Scizor|Scizor, F|84/100|[from] Volt Switch
|
|upkeep
|turn|25
|
|t:|1779681815
|move|p1a: Scizor|Bullet Punch|p2a: Iron Valiant
|-supereffective|p2a: Iron Valiant
|-damage|p2a: Iron Valiant|0 fnt
|faint|p2a: Iron Valiant
|-end|p2a: Iron Valiant|Quark Drive|[silent]
|
|upkeep
|
|t:|1779681820
|switch|p2a: Kingambit|Kingambit, F|100/100
|-activate|p2a: Kingambit|ability: Supreme Overlord
|-start|p2a: Kingambit|fallen3|[silent]
|turn|26
|
|t:|1779681824
|switch|p1a: Zapdos|Zapdos|24/100
|move|p2a: Kingambit|Kowtow Cleave|p1a: Zapdos
|-damage|p1a: Zapdos|0 fnt
|faint|p1a: Zapdos
|
|upkeep
|
|t:|1779681831
|switch|p1a: Scizor|Scizor, F|84/100
|turn|27
|
|t:|1779681838
|-end|p2a: Kingambit|fallen3|[silent]
|switch|p2a: Kyurem|Kyurem, shiny|27/100
|-ability|p2a: Kyurem|Pressure
|move|p1a: Scizor|Close Combat|p2a: Kyurem
|-supereffective|p2a: Kyurem
|-damage|p2a: Kyurem|0 fnt
|-unboost|p1a: Scizor|def|1
|-unboost|p1a: Scizor|spd|1
|faint|p2a: Kyurem
|
|upkeep
|
|t:|1779681851
|switch|p2a: Kingambit|Kingambit, F|100/100
|-activate|p2a: Kingambit|ability: Supreme Overlord
|-start|p2a: Kingambit|fallen4|[silent]
|turn|28
|inactive|Frank Sankara has 120 seconds left.
|
|t:|1779681905
|-end|p2a: Kingambit|fallen4|[silent]
|switch|p2a: Slowking|Slowking-Galar, M, shiny|100/100 brn
|move|p1a: Scizor|Close Combat|p2a: Slowking
|-resisted|p2a: Slowking
|-damage|p2a: Slowking|82/100 brn
|-unboost|p1a: Scizor|def|1
|-unboost|p1a: Scizor|spd|1
|
|-damage|p2a: Slowking|76/100 brn|[from] brn
|upkeep
|turn|29
|
|t:|1779681931
|switch|p1a: Garchomp|Garchomp, F, tera:Fire|81/100
|move|p2a: Slowking|Thunder Wave|p1a: Garchomp
|-status|p1a: Garchomp|par
|
|-damage|p2a: Slowking|69/100 brn|[from] brn
|upkeep
|turn|30
|
|t:|1779681938
|move|p1a: Garchomp|Earthquake|p2a: Slowking
|-supereffective|p2a: Slowking
|-damage|p2a: Slowking|0 fnt
|faint|p2a: Slowking
|
|upkeep
|
|t:|1779681940
|switch|p2a: Kingambit|Kingambit, F|100/100
|-activate|p2a: Kingambit|ability: Supreme Overlord
|-start|p2a: Kingambit|fallen5|[silent]
|turn|31
|
|t:|1779681946
|-terastallize|p2a: Kingambit|Flying
|move|p2a: Kingambit|Swords Dance|p2a: Kingambit
|-boost|p2a: Kingambit|atk|2
|move|p1a: Garchomp|Earthquake|p2a: Kingambit
|-immune|p2a: Kingambit
|
|upkeep
|turn|32
|
|t:|1779681962
|move|p2a: Kingambit|Kowtow Cleave|p1a: Garchomp
|-damage|p1a: Garchomp|0 fnt
|-damage|p2a: Kingambit|88/100|[from] ability: Rough Skin|[of] p1a: Garchomp
|faint|p1a: Garchomp
|
|-heal|p2a: Kingambit|94/100|[from] item: Leftovers
|upkeep
|
|t:|1779681970
|switch|p1a: Primarina|Primarina, F|91/100
|turn|33
|
|t:|1779681993
|move|p1a: Primarina|Surf|p2a: Kingambit
|-damage|p2a: Kingambit|37/100
|move|p2a: Kingambit|Iron Head|p1a: Primarina
|-crit|p1a: Primarina
|-damage|p1a: Primarina|0 fnt
|faint|p1a: Primarina
|
|-heal|p2a: Kingambit|44/100|[from] item: Leftovers
|upkeep
|
|t:|1779681998
|switch|p1a: Scizor|Scizor, F|84/100
|turn|34
|
|t:|1779682002
|move|p1a: Scizor|Bullet Punch|p2a: Kingambit
|-damage|p2a: Kingambit|0 fnt
|faint|p2a: Kingambit
|-end|p2a: Kingambit|fallen5|[silent]
|
|win|Frank Sankara
|raw|Frank Sankara's rating: 1442 &rarr; <strong>1464</strong><br />(+22 for winning)
|raw|SweetCandies's rating: 1473 &rarr; <strong>1451</strong><br />(-22 for losing)
|l|☆SweetCandies
|player|p2|
|l|☆Frank Sankara
|player|p1|
