|j|☆Naro51
|j|☆SlNGULARlTY
|t:|1779716014
|gametype|singles
|player|p1|Naro51|102|1394
|player|p2|SlNGULARlTY|koga|1487
|gen|9
|tier|[Gen 9] OU
|rated|
|rule|HP Percentage Mod: HP is shown in percentages
|rule|Endless Battle Clause: Forcing endless battles is banned
|rule|Species Clause: Limit one of each Pokémon
|rule|OHKO Clause: OHKO moves are banned
|rule|Evasion Items Clause: Evasion items are banned
|rule|Evasion Moves Clause: Evasion moves are banned
|rule|Evasion Abilities Clause: Evasion abilities are banned
|rule|Sleep Moves Clause: Sleep-inducing moves are banned
|clearpoke
|poke|p1|Ting-Lu|
|poke|p1|Gholdengo|
|poke|p1|Gliscor, F|
|poke|p1|Alomomola, M|
|poke|p1|Kyurem|
|poke|p1|Ogerpon-Wellspring, F|
|poke|p2|Ogerpon-Wellspring, F|
|poke|p2|Moltres|
|poke|p2|Gholdengo|
|poke|p2|Garganacl, F|
|poke|p2|Hatterene, F|
|poke|p2|Heatran, F|
|teampreview
|inactive|Battle timer is ON: inactive players will automatically lose when time's up. (requested by SlNGULARlTY)
|inactive|Naro51 has 120 seconds left.
|
|t:|1779716060
|teamsize|p1|6
|teamsize|p2|6
|start
|switch|p1a: Kyurem|Kyurem|100/100
|switch|p2a: Heatran|Heatran, F|100/100
|-ability|p1a: Kyurem|Pressure
|turn|1
|
|t:|1779716068
|switch|p2a: Gholdengo|Gholdengo|100/100
|-item|p2a: Gholdengo|Air Balloon
|move|p1a: Kyurem|Substitute|p1a: Kyurem
|-start|p1a: Kyurem|Substitute
|-damage|p1a: Kyurem|75/100
|
|upkeep
|turn|2
|
|t:|1779716076
|move|p1a: Kyurem|Freeze-Dry|p2a: Gholdengo
|-resisted|p2a: Gholdengo
|-damage|p2a: Gholdengo|80/100
|-enditem|p2a: Gholdengo|Air Balloon
|move|p2a: Gholdengo|Shadow Ball|p1a: Kyurem
|-end|p1a: Kyurem|Substitute
|
|upkeep
|turn|3
|
|t:|1779716091
|switch|p1a: Alomomola|Alomomola, M|100/100
|switch|p2a: Moltres|Moltres|100/100
|
|upkeep
|turn|4
|
|t:|1779716101
|move|p2a: Moltres|Will-O-Wisp|p1a: Alomomola
|-status|p1a: Alomomola|brn
|move|p1a: Alomomola|Flip Turn|p2a: Moltres
|-supereffective|p2a: Moltres
|-damage|p2a: Moltres|89/100
|
|t:|1779716114
|switch|p1a: Gliscor|Gliscor, F|100/100|[from] Flip Turn
|
|-status|p1a: Gliscor|tox|[from] item: Toxic Orb
|upkeep
|turn|5
|
|t:|1779716119
|switch|p2a: Hatterene|Hatterene, F|100/100
|move|p1a: Gliscor|Knock Off|p2a: Hatterene
|-damage|p2a: Hatterene|81/100
|-damage|p1a: Gliscor|84/100 tox|[from] item: Rocky Helmet|[of] p2a: Hatterene
|-enditem|p2a: Hatterene|Rocky Helmet|[from] move: Knock Off|[of] p1a: Gliscor
|
|-heal|p1a: Gliscor|97/100 tox|[from] ability: Poison Heal
|upkeep
|turn|6
|
|t:|1779716126
|switch|p1a: Gholdengo|Gholdengo|100/100
|move|p2a: Hatterene|Nuzzle|p1a: Gholdengo
|-damage|p1a: Gholdengo|98/100
|-status|p1a: Gholdengo|par
|
|upkeep
|turn|7
|
|t:|1779716133
|switch|p2a: Heatran|Heatran, F|100/100
|cant|p1a: Gholdengo|par
|
|upkeep
|turn|8
|
|t:|1779716139
|switch|p1a: Alomomola|Alomomola, M|100/100 brn
|move|p2a: Heatran|Magma Storm|p1a: Alomomola
|-resisted|p1a: Alomomola
|-damage|p1a: Alomomola|51/100 brn
|-activate|p1a: Alomomola|move: Magma Storm|[of] p2a: Heatran
|
|-damage|p1a: Alomomola|45/100 brn|[from] brn
|-damage|p1a: Alomomola|33/100 brn|[from] move: Magma Storm|[partiallytrapped]
|upkeep
|turn|9
|
|t:|1779716147
|move|p2a: Heatran|Magma Storm|p1a: Alomomola|[miss]
|-miss|p2a: Heatran|p1a: Alomomola
|move|p1a: Alomomola|Flip Turn|p2a: Heatran
|-supereffective|p2a: Heatran
|-damage|p2a: Heatran|84/100
|
|t:|1779716166
|switch|p1a: Kyurem|Kyurem|75/100|[from] Flip Turn
|-ability|p1a: Kyurem|Pressure
|
|upkeep
|turn|10
|
|t:|1779716171
|switch|p2a: Moltres|Moltres|89/100
|move|p1a: Kyurem|Freeze-Dry|p2a: Moltres
|-damage|p2a: Moltres|50/100
|
|upkeep
|turn|11
|
|t:|1779716176
|move|p1a: Kyurem|Freeze-Dry|p2a: Moltres
|-damage|p2a: Moltres|11/100
|-status|p2a: Moltres|frz
|cant|p2a: Moltres|frz
|
|upkeep
|turn|12
|
|t:|1779716189
|switch|p2a: Garganacl|Garganacl, F|100/100
|move|p1a: Kyurem|Freeze-Dry|p2a: Garganacl
|-damage|p2a: Garganacl|76/100
|
|-heal|p2a: Garganacl|82/100|[from] item: Leftovers
|upkeep
|turn|13
|
|t:|1779716200
|switch|p1a: Alomomola|Alomomola, M|66/100 brn
|move|p2a: Garganacl|Salt Cure|p1a: Alomomola
|-damage|p1a: Alomomola|59/100 brn
|-start|p1a: Alomomola|Salt Cure
|
|-heal|p2a: Garganacl|88/100|[from] item: Leftovers
|-damage|p1a: Alomomola|52/100 brn|[from] brn
|-damage|p1a: Alomomola|27/100 brn|[from] Salt Cure
|upkeep
|turn|14
|
|t:|1779716202
|move|p1a: Alomomola|Flip Turn|p2a: Garganacl
|-supereffective|p2a: Garganacl
|-damage|p2a: Garganacl|77/100
|
|t:|1779716206
|switch|p1a: Gliscor|Gliscor, F|97/100 tox|[from] Flip Turn
|move|p2a: Garganacl|Stealth Rock|p1a: Gliscor
|-sidestart|p1: Naro51|move: Stealth Rock
|
|-heal|p2a: Garganacl|83/100|[from] item: Leftovers
|-heal|p1a: Gliscor|100/100 tox|[from] ability: Poison Heal
|upkeep
|turn|15
|inactive|Naro51 has 120 seconds left.
|
|t:|1779716245
|switch|p1a: Gholdengo|Gholdengo|98/100 par
|move|p2a: Garganacl|Curse|p2a: Garganacl
|-unboost|p2a: Garganacl|spe|1
|-boost|p2a: Garganacl|atk|1
|-boost|p2a: Garganacl|def|1
|
|-heal|p2a: Garganacl|89/100|[from] item: Leftovers
|upkeep
|turn|16
|
|t:|1779716249
|switch|p2a: Moltres|Moltres|11/100 frz
|move|p1a: Gholdengo|Make It Rain|p2a: Moltres
|-resisted|p2a: Moltres
|-damage|p2a: Moltres|0 fnt
|-unboost|p1a: Gholdengo|spa|1
|faint|p2a: Moltres
|
|upkeep
|
|t:|1779716254
|switch|p2a: Heatran|Heatran, F|84/100
|turn|17
|
|t:|1779716264
|switch|p1a: Alomomola|Alomomola, M|61/100 brn
|move|p2a: Heatran|Magma Storm|p1a: Alomomola
|-resisted|p1a: Alomomola
|-damage|p1a: Alomomola|15/100 brn
|-activate|p1a: Alomomola|move: Magma Storm|[of] p2a: Heatran
|
|-damage|p1a: Alomomola|9/100 brn|[from] brn
|-damage|p1a: Alomomola|0 fnt|[from] move: Magma Storm|[partiallytrapped]
|faint|p1a: Alomomola
|upkeep
|inactive|Naro51 has 120 seconds left.
|
|t:|1779716281
|switch|p1a: Ogerpon|Ogerpon-Wellspring, F|100/100
|-damage|p1a: Ogerpon|88/100|[from] Stealth Rock
|turn|18
|
|t:|1779716287
|switch|p2a: Ogerpon|Ogerpon-Wellspring, F|100/100
|move|p1a: Ogerpon|Swords Dance|p1a: Ogerpon
|-boost|p1a: Ogerpon|atk|2
|
|upkeep
|turn|19
|
|t:|1779716295
|switch|p2a: Heatran|Heatran, F|84/100
|move|p1a: Ogerpon|Power Whip|p2a: Heatran
|-resisted|p2a: Heatran
|-damage|p2a: Heatran|49/100
|
|upkeep
|turn|20
|
|t:|1779716302
|move|p1a: Ogerpon|Ivy Cudgel|p2a: Heatran|[anim] Ivy Cudgel Water
|-supereffective|p2a: Heatran
|-damage|p2a: Heatran|0 fnt
|faint|p2a: Heatran
|
|upkeep
|
|t:|1779716304
|switch|p2a: Hatterene|Hatterene, F|81/100
|turn|21
|
|t:|1779716308
|-terastallize|p2a: Hatterene|Water
|move|p1a: Ogerpon|Ivy Cudgel|p2a: Hatterene|[anim] Ivy Cudgel Water
|-resisted|p2a: Hatterene
|-damage|p2a: Hatterene|36/100
|move|p2a: Hatterene|Nuzzle|p1a: Ogerpon
|-damage|p1a: Ogerpon|83/100
|-status|p1a: Ogerpon|par
|
|upkeep
|turn|22
|
|t:|1779716314
|move|p1a: Ogerpon|Ivy Cudgel|p2a: Hatterene|[anim] Ivy Cudgel Water
|-resisted|p2a: Hatterene
|-damage|p2a: Hatterene|0 fnt
|faint|p2a: Hatterene
|
|upkeep
|
|t:|1779716317
|switch|p2a: Gholdengo|Gholdengo|80/100
|turn|23
|
|t:|1779716321
|move|p2a: Gholdengo|Shadow Ball|p1a: Ogerpon
|-damage|p1a: Ogerpon|36/100 par
|move|p1a: Ogerpon|Ivy Cudgel|p2a: Gholdengo|[anim] Ivy Cudgel Water
|-damage|p2a: Gholdengo|0 fnt
|faint|p2a: Gholdengo
|
|upkeep
|
|t:|1779716323
|switch|p2a: Ogerpon|Ogerpon-Wellspring, F|100/100
|turn|24
|
|t:|1779716325
|move|p2a: Ogerpon|Trailblaze|p1a: Ogerpon
|-damage|p1a: Ogerpon|0 fnt
|-boost|p2a: Ogerpon|spe|1
|faint|p1a: Ogerpon
|
|upkeep
|
|t:|1779716331
|switch|p1a: Kyurem|Kyurem|75/100
|-ability|p1a: Kyurem|Pressure
|turn|25
|
|t:|1779716333
|switch|p2a: Garganacl|Garganacl, F|89/100
|move|p1a: Kyurem|Freeze-Dry|p2a: Garganacl
|-damage|p2a: Garganacl|67/100
|
|-heal|p2a: Garganacl|73/100|[from] item: Leftovers
|upkeep
|turn|26
|
|t:|1779716352
|switch|p1a: Gholdengo|Gholdengo|98/100 par
|move|p2a: Garganacl|Salt Cure|p1a: Gholdengo
|-resisted|p1a: Gholdengo
|-damage|p1a: Gholdengo|93/100 par
|-start|p1a: Gholdengo|Salt Cure
|
|-heal|p2a: Garganacl|79/100|[from] item: Leftovers
|-damage|p1a: Gholdengo|68/100 par|[from] Salt Cure
|upkeep
|turn|27
|
|t:|1779716361
|switch|p2a: Ogerpon|Ogerpon-Wellspring, F|100/100
|move|p1a: Gholdengo|Recover|p1a: Gholdengo
|-heal|p1a: Gholdengo|100/100 par
|
|-damage|p1a: Gholdengo|76/100 par|[from] Salt Cure
|upkeep
|turn|28
|
|t:|1779716372
|switch|p1a: Gliscor|Gliscor, F|100/100 tox
|-damage|p1a: Gliscor|88/100 tox|[from] Stealth Rock
|move|p2a: Ogerpon|Swords Dance|p2a: Ogerpon
|-boost|p2a: Ogerpon|atk|2
|
|-heal|p1a: Gliscor|100/100 tox|[from] ability: Poison Heal
|upkeep
|turn|29
|
|t:|1779716383
|move|p2a: Ogerpon|Trailblaze|p1a: Gliscor
|-damage|p1a: Gliscor|63/100 tox
|-boost|p2a: Ogerpon|spe|1
|move|p1a: Gliscor|Toxic|p2a: Ogerpon
|-status|p2a: Ogerpon|tox
|
|-damage|p2a: Ogerpon|95/100 tox|[from] psn
|-heal|p1a: Gliscor|75/100 tox|[from] ability: Poison Heal
|upkeep
|turn|30
|
|t:|1779716391
|move|p1a: Gliscor|Protect|p1a: Gliscor
|-singleturn|p1a: Gliscor|Protect
|move|p2a: Ogerpon|Swords Dance|p2a: Ogerpon
|-boost|p2a: Ogerpon|atk|2
|
|-damage|p2a: Ogerpon|83/100 tox|[from] psn
|-heal|p1a: Gliscor|88/100 tox|[from] ability: Poison Heal
|upkeep
|turn|31
|
|t:|1779716413
|move|p1a: Gliscor|Protect|p1a: Gliscor
|-singleturn|p1a: Gliscor|Protect
|move|p2a: Ogerpon|Ivy Cudgel|p1a: Gliscor|[anim] Ivy Cudgel Water
|-activate|p1a: Gliscor|move: Protect
|
|-damage|p2a: Ogerpon|65/100 tox|[from] psn
|-heal|p1a: Gliscor|100/100 tox|[from] ability: Poison Heal
|upkeep
|turn|32
|inactive|Naro51 has 120 seconds left.
|
|t:|1779716461
|switch|p1a: Ting-Lu|Ting-Lu|100/100
|-damage|p1a: Ting-Lu|94/100|[from] Stealth Rock
|-ability|p1a: Ting-Lu|Vessel of Ruin
|move|p2a: Ogerpon|Ivy Cudgel|p1a: Ting-Lu|[anim] Ivy Cudgel Water
|-supereffective|p1a: Ting-Lu
|-damage|p1a: Ting-Lu|0 fnt
|faint|p1a: Ting-Lu
|
|-damage|p2a: Ogerpon|41/100 tox|[from] psn
|upkeep
|
|t:|1779716470
|switch|p1a: Gliscor|Gliscor, F|100/100 tox
|-damage|p1a: Gliscor|88/100 tox|[from] Stealth Rock
|turn|33
|
|t:|1779716474
|move|p1a: Gliscor|Protect|p1a: Gliscor
|-singleturn|p1a: Gliscor|Protect
|move|p2a: Ogerpon|Synthesis|p2a: Ogerpon
|-heal|p2a: Ogerpon|91/100 tox
|
|-damage|p2a: Ogerpon|61/100 tox|[from] psn
|-heal|p1a: Gliscor|100/100 tox|[from] ability: Poison Heal
|upkeep
|turn|34
|
|t:|1779716486
|switch|p2a: Garganacl|Garganacl, F|79/100
|move|p1a: Gliscor|Protect||[still]
|-fail|p1a: Gliscor
|
|-heal|p2a: Garganacl|85/100|[from] item: Leftovers
|upkeep
|turn|35
|
|t:|1779716493
|move|p1a: Gliscor|Knock Off|p2a: Garganacl
|-damage|p2a: Garganacl|72/100
|-enditem|p2a: Garganacl|Leftovers|[from] move: Knock Off|[of] p1a: Gliscor
|move|p2a: Garganacl|Salt Cure|p1a: Gliscor
|-damage|p1a: Gliscor|91/100 tox
|-start|p1a: Gliscor|Salt Cure
|
|-heal|p1a: Gliscor|100/100 tox|[from] ability: Poison Heal
|-damage|p1a: Gliscor|88/100 tox|[from] Salt Cure
|upkeep
|turn|36
|
|t:|1779716503
|switch|p1a: Gholdengo|Gholdengo|76/100 par
|move|p2a: Garganacl|Salt Cure|p1a: Gholdengo
|-resisted|p1a: Gholdengo
|-crit|p1a: Gholdengo
|-damage|p1a: Gholdengo|68/100 par
|-start|p1a: Gholdengo|Salt Cure
|
|-damage|p1a: Gholdengo|44/100 par|[from] Salt Cure
|upkeep
|turn|37
|inactive|Naro51 has 120 seconds left.
|
|t:|1779716517
|switch|p2a: Ogerpon|Ogerpon-Wellspring, F|61/100 tox
|cant|p1a: Gholdengo|par
|
|-damage|p2a: Ogerpon|55/100 tox|[from] psn
|-damage|p1a: Gholdengo|19/100 par|[from] Salt Cure
|upkeep
|turn|38
|inactive|Naro51 has 120 seconds left.
|
|t:|1779716526
|move|p2a: Ogerpon|Ivy Cudgel|p1a: Gholdengo|[anim] Ivy Cudgel Water
|-damage|p1a: Gholdengo|0 fnt
|faint|p1a: Gholdengo
|
|-damage|p2a: Ogerpon|43/100 tox|[from] psn
|upkeep
|inactive|Naro51 has 120 seconds left.
|
|t:|1779716538
|switch|p1a: Gliscor|Gliscor, F|88/100 tox
|-damage|p1a: Gliscor|75/100 tox|[from] Stealth Rock
|turn|39
|inactive|Naro51 has 120 seconds left.
|
|t:|1779716549
|-terastallize|p1a: Gliscor|Fairy
|move|p2a: Ogerpon|Synthesis|p2a: Ogerpon
|-heal|p2a: Ogerpon|93/100 tox
|move|p1a: Gliscor|Knock Off|p2a: Ogerpon
|-damage|p2a: Ogerpon|73/100 tox
|
|-damage|p2a: Ogerpon|55/100 tox|[from] psn
|-heal|p1a: Gliscor|88/100 tox|[from] ability: Poison Heal
|upkeep
|turn|40
|inactive|Naro51 has 120 seconds left.
|
|t:|1779716558
|switch|p2a: Garganacl|Garganacl, F|72/100
|move|p1a: Gliscor|Knock Off|p2a: Garganacl
|-damage|p2a: Garganacl|62/100
|
|-heal|p1a: Gliscor|100/100 tox|[from] ability: Poison Heal
|upkeep
|turn|41
|
|t:|1779716564
|move|p1a: Gliscor|Protect|p1a: Gliscor
|-singleturn|p1a: Gliscor|Protect
|move|p2a: Garganacl|Salt Cure|p1a: Gliscor
|-activate|p1a: Gliscor|move: Protect
|
|upkeep
|turn|42
|
|t:|1779716567
|move|p1a: Gliscor|Spikes|p2a: Garganacl
|-sidestart|p2: SlNGULARlTY|Spikes
|move|p2a: Garganacl|Salt Cure|p1a: Gliscor
|-damage|p1a: Gliscor|92/100 tox
|-start|p1a: Gliscor|Salt Cure
|
|-heal|p1a: Gliscor|100/100 tox|[from] ability: Poison Heal
|-damage|p1a: Gliscor|88/100 tox|[from] Salt Cure
|upkeep
|turn|43
|
|t:|1779716571
|switch|p1a: Kyurem|Kyurem|75/100
|-ability|p1a: Kyurem|Pressure
|move|p2a: Garganacl|Curse|p2a: Garganacl
|-unboost|p2a: Garganacl|spe|1
|-boost|p2a: Garganacl|atk|1
|-boost|p2a: Garganacl|def|1
|
|upkeep
|turn|44
|
|t:|1779716576
|move|p1a: Kyurem|Earth Power|p2a: Garganacl
|-supereffective|p2a: Garganacl
|-damage|p2a: Garganacl|21/100
|move|p2a: Garganacl|Salt Cure|p1a: Kyurem
|-supereffective|p1a: Kyurem
|-damage|p1a: Kyurem|35/100
|-start|p1a: Kyurem|Salt Cure
|
|-damage|p1a: Kyurem|23/100|[from] Salt Cure
|upkeep
|turn|45
|
|t:|1779716584
|switch|p1a: Gliscor|Gliscor, F, tera:Fairy|88/100 tox
|-damage|p1a: Gliscor|75/100 tox|[from] Stealth Rock
|move|p2a: Garganacl|Recover|p2a: Garganacl
|-heal|p2a: Garganacl|71/100
|
|-heal|p1a: Gliscor|88/100 tox|[from] ability: Poison Heal
|upkeep
|turn|46
|c|☆SlNGULARlTY|Gg ez
|c|☆SlNGULARlTY|as expected
|-message|Naro51 forfeited.
|
|win|SlNGULARlTY
|raw|Naro51's rating: 1394 &rarr; <strong>1379</strong><br />(-15 for losing)
|raw|SlNGULARlTY's rating: 1487 &rarr; <strong>1502</strong><br />(+15 for winning)
|l|☆Naro51
|player|p1|
|l|☆SlNGULARlTY
|player|p2|
|j|☆SlNGULARlTY
|player|p2|SlNGULARlTY|koga|
