|j|☆A05236
|j|☆Abyssal Bot
|t:|1779570530
|gametype|singles
|player|p1|A05236|265|
|player|p2|Abyssal Bot|supernerd|
|teamsize|p1|6
|teamsize|p2|6
|gen|9
|tier|[Gen 9] OU
|rule|Species Clause: Limit one of each Pokémon
|rule|OHKO Clause: OHKO moves are banned
|rule|Evasion Items Clause: Evasion items are banned
|rule|Evasion Moves Clause: Evasion moves are banned
|rule|Endless Battle Clause: Forcing endless battles is banned
|rule|HP Percentage Mod: HP is shown in percentages
|rule|Sleep Moves Clause: Sleep-inducing moves are banned
|clearpoke
|poke|p1|Rufflet, M|
|poke|p1|Ninetales-Alola, F|
|poke|p1|Carkol, M|
|poke|p1|Dragonair, M|
|poke|p1|Magnezone|
|poke|p1|Dragonite, F|
|poke|p2|Skarmory, F|
|poke|p2|Ting-Lu|
|poke|p2|Zamazenta-*|
|poke|p2|Weavile, M|
|poke|p2|Kyurem|
|poke|p2|Slowking-Galar, F|
|teampreview
|c|☆Abyssal Bot|**WARNING**: Expect much hax.
|inactive|Battle timer is ON: inactive players will automatically lose when time's up. (requested by Abyssal Bot)
|j|*Turbo Bottttt
|
|t:|1779570533
|start
|switch|p1a: negotiations|Ninetales-Alola, F|100/100
|switch|p2a: Zamazenta|Zamazenta|100/100
|-ability|p2a: Zamazenta|Dauntless Shield|boost
|-boost|p2a: Zamazenta|def|1
|-weather|Snow|[from] ability: Snow Warning|[of] p1a: negotiations
|turn|1
|
|t:|1779570536
|switch|p1a: china|Dragonair, M|100/100
|move|p2a: Zamazenta|Heavy Slam|p1a: china
|-damage|p1a: china|73/100
|
|-weather|Snow|[upkeep]
|upkeep
|turn|2
|
|t:|1779570538
|move|p2a: Zamazenta|Close Combat|p1a: china
|-damage|p1a: china|33/100
|-unboost|p2a: Zamazenta|def|1
|-unboost|p2a: Zamazenta|spd|1
|move|p1a: china|Thunder Wave|p2a: Zamazenta
|-status|p2a: Zamazenta|par
|
|-weather|Snow|[upkeep]
|upkeep
|turn|3
|
|t:|1779570542
|move|p2a: Zamazenta|Heavy Slam|p1a: china
|-damage|p1a: china|7/100
|move|p1a: china|Outrage|p2a: Zamazenta
|-damage|p2a: Zamazenta|70/100 par
|
|-weather|Snow|[upkeep]
|upkeep
|turn|4
|
|t:|1779570544
|move|p2a: Zamazenta|Crunch|p1a: china
|-damage|p1a: china|0
|faint|p1a: china
|
|-weather|Snow|[upkeep]
|upkeep
|
|t:|1779570547
|switch|p1a: negotiations|Ninetales-Alola, F|100/100
|turn|5
|
|t:|1779570550
|move|p1a: negotiations|Moonblast|p2a: Zamazenta
|-supereffective|p2a: Zamazenta
|-damage|p2a: Zamazenta|0 par
|faint|p2a: Zamazenta
|
|-weather|none
|upkeep
|
|t:|1779570550
|switch|p2a: Slowking|Slowking-Galar, F|100/100
|turn|6
|
|t:|1779570555
|switch|p1a: deadly|Magnezone|100/100
|move|p2a: Slowking|Sludge Bomb|p1a: deadly
|-immune|p1a: deadly
|
|upkeep
|turn|7
|
|t:|1779570557
|switch|p2a: Ting-Lu|Ting-Lu|100/100
|-ability|p2a: Ting-Lu|Vessel of Ruin
|move|p1a: deadly|Magnet Rise|p1a: deadly
|-start|p1a: deadly|Magnet Rise
|
|upkeep
|turn|8
|
|t:|1779570560
|move|p1a: deadly|Body Press|p2a: Ting-Lu
|-supereffective|p2a: Ting-Lu
|-damage|p2a: Ting-Lu|67/100
|-damage|p1a: deadly|91/100|[from] item: Life Orb
|move|p2a: Ting-Lu|Spikes|p1a: deadly
|-sidestart|p1: A05236|Spikes
|
|upkeep
|turn|9
|
|t:|1779570563
|move|p1a: deadly|Body Press|p2a: Ting-Lu
|-supereffective|p2a: Ting-Lu
|-damage|p2a: Ting-Lu|32/100
|-damage|p1a: deadly|81/100|[from] item: Life Orb
|move|p2a: Ting-Lu|Spikes|p1a: deadly
|-sidestart|p1: A05236|Spikes
|
|upkeep
|turn|10
|
|t:|1779570566
|move|p1a: deadly|Body Press|p2a: Ting-Lu
|-supereffective|p2a: Ting-Lu
|-damage|p2a: Ting-Lu|0
|faint|p2a: Ting-Lu
|-damage|p1a: deadly|71/100|[from] item: Life Orb
|
|upkeep
|
|t:|1779570566
|switch|p2a: Slowking|Slowking-Galar, F|100/100
|turn|11
|
|t:|1779570570
|move|p1a: deadly|Thunderbolt|p2a: Slowking
|-damage|p2a: Slowking|64/100
|-damage|p1a: deadly|61/100|[from] item: Life Orb
|move|p2a: Slowking|Future Sight|p1a: deadly
|-start|p2a: Slowking|move: Future Sight
|
|-end|p1a: deadly|Magnet Rise
|upkeep
|turn|12
|
|t:|1779570574
|move|p1a: deadly|Magnet Rise|p1a: deadly
|-start|p1a: deadly|Magnet Rise
|move|p2a: Slowking|Future Sight||[still]
|-fail|p2a: Slowking
|
|upkeep
|turn|13
|
|t:|1779570576
|move|p1a: deadly|Thunderbolt|p2a: Slowking
|-damage|p2a: Slowking|27/100
|-damage|p1a: deadly|51/100|[from] item: Life Orb
|move|p2a: Slowking|Chilly Reception|p2a: Slowking
|-weather|Snow
|
|t:|1779570576
|switch|p2a: Kyurem|Kyurem|100/100|[from] Chilly Reception
|-ability|p2a: Kyurem|Pressure
|
|-weather|Snow|[upkeep]
|-end|p1a: deadly|move: Future Sight
|-resisted|p1a: deadly
|-damage|p1a: deadly|21/100
|upkeep
|turn|14
|
|t:|1779570580
|move|p2a: Kyurem|Freeze-Dry|p1a: deadly
|-resisted|p1a: deadly
|-damage|p1a: deadly|0
|faint|p1a: deadly
|
|-weather|Snow|[upkeep]
|upkeep
|
|t:|1779570583
|switch|p1a: negotiations|Ninetales-Alola, F|100/100
|-damage|p1a: negotiations|84/100|[from] Spikes|[of] p2: Ting-Lu
|turn|15
|
|t:|1779570586
|move|p1a: negotiations|Aurora Veil|p1a: negotiations
|-sidestart|p1: A05236|move: Aurora Veil
|move|p2a: Kyurem|Earth Power|p1a: negotiations
|-damage|p1a: negotiations|65/100
|
|-weather|Snow|[upkeep]
|upkeep
|turn|16
|
|t:|1779570588
|move|p1a: negotiations|Nasty Plot|p1a: negotiations
|-boost|p1a: negotiations|spa|2
|move|p2a: Kyurem|Earth Power|p1a: negotiations
|-damage|p1a: negotiations|47/100
|
|-weather|Snow|[upkeep]
|upkeep
|turn|17
|
|t:|1779570590
|move|p1a: negotiations|Moonblast|p2a: Kyurem
|-supereffective|p2a: Kyurem
|-damage|p2a: Kyurem|0
|faint|p2a: Kyurem
|
|-weather|none
|upkeep
|
|t:|1779570590
|switch|p2a: Slowking|Slowking-Galar, F|61/100
|turn|18
|
|t:|1779570602
|switch|p1a: the agency|Dragonite, F|100/100
|move|p2a: Slowking|Sludge Bomb|p1a: the agency
|-damage|p1a: the agency|92/100
|
|upkeep
|turn|19
|
|t:|1779570604
|switch|p2a: Skarmory|Skarmory, F|100/100
|move|p1a: the agency|Dragon Dance|p1a: the agency
|-boost|p1a: the agency|atk|1
|-boost|p1a: the agency|spe|1
|
|upkeep
|turn|20
|
|t:|1779570609
|move|p1a: the agency|Fire Punch|p2a: Skarmory
|-supereffective|p2a: Skarmory
|-damage|p2a: Skarmory|53/100
|-damage|p1a: the agency|75/100|[from] item: Rocky Helmet|[of] p2a: Skarmory
|move|p2a: Skarmory|Brave Bird|p1a: the agency
|-damage|p1a: the agency|57/100
|-damage|p2a: Skarmory|47/100|[from] Recoil
|
|upkeep
|turn|21
|
|t:|1779570614
|move|p1a: the agency|Fire Punch|p2a: Skarmory
|-supereffective|p2a: Skarmory
|-damage|p2a: Skarmory|0
|-damage|p1a: the agency|41/100|[from] item: Rocky Helmet|[of] p2a: Skarmory
|faint|p2a: Skarmory
|
|upkeep
|
|t:|1779570614
|switch|p2a: Weavile|Weavile, M|100/100
|turn|22
|
|t:|1779570618
|move|p2a: Weavile|Ice Shard|p1a: the agency
|-supereffective|p1a: the agency
|-damage|p1a: the agency|0
|faint|p1a: the agency
|
|-sideend|p1: A05236|move: Aurora Veil
|upkeep
|
|t:|1779570623
|switch|p1a: inroads|Carkol, M|100/100
|-damage|p1a: inroads|84/100|[from] Spikes|[of] p2: Ting-Lu
|turn|23
|
|t:|1779570625
|move|p2a: Weavile|Low Kick|p1a: inroads
|-supereffective|p1a: inroads
|-damage|p1a: inroads|58/100
|-status|p2a: Weavile|brn|[from] ability: Flame Body|[of] p1a: inroads
|move|p1a: inroads|Will-O-Wisp|p2a: Weavile|[miss]
|-miss|p1a: inroads|p2a: Weavile
|
|-damage|p2a: Weavile|94/100 brn|[from] brn|[of] p1a: inroads
|upkeep
|turn|24
|c|☆Abyssal Bot|I had warned you about hax!! HAHAHA
|
|t:|1779570628
|move|p2a: Weavile|Low Kick|p1a: inroads
|-supereffective|p1a: inroads
|-damage|p1a: inroads|44/100
|move|p1a: inroads|Rapid Spin|p2a: Weavile
|-damage|p2a: Weavile|83/100 brn
|-boost|p1a: inroads|spe|1
|-sideend|p1: A05236|Spikes|[from] move: Rapid Spin|[of] p1a: inroads
|
|-damage|p2a: Weavile|77/100 brn|[from] brn|[of] p1a: inroads
|upkeep
|turn|25
|
|t:|1779570631
|move|p2a: Weavile|Low Kick|p1a: inroads
|-supereffective|p1a: inroads
|-crit|p1a: inroads
|-damage|p1a: inroads|24/100
|move|p1a: inroads|Power Gem|p2a: Weavile
|-supereffective|p2a: Weavile
|-damage|p2a: Weavile|30/100 brn
|
|-damage|p2a: Weavile|24/100 brn|[from] brn|[of] p1a: inroads
|upkeep
|turn|26
|c|☆Abyssal Bot|LOL Die!
|
|t:|1779570633
|move|p2a: Weavile|Knock Off|p1a: inroads
|-damage|p1a: inroads|11/100
|-enditem|p1a: inroads|Eviolite|[from] move: Knock Off|[of] p2a: Weavile
|move|p1a: inroads|Power Gem|p2a: Weavile
|-supereffective|p2a: Weavile
|-damage|p2a: Weavile|0 brn
|faint|p2a: Weavile
|
|upkeep
|
|t:|1779570633
|switch|p2a: Slowking|Slowking-Galar, F|94/100
|turn|27
|
|t:|1779570635
|move|p1a: inroads|Will-O-Wisp|p2a: Slowking
|-status|p2a: Slowking|brn
|move|p2a: Slowking|Sludge Bomb|p1a: inroads
|-resisted|p1a: inroads
|-damage|p1a: inroads|0
|faint|p1a: inroads
|
|-damage|p2a: Slowking|88/100 brn|[from] brn|[of] p1: inroads
|upkeep
|
|t:|1779570639
|switch|p1a: twice|Rufflet, M|100/100
|turn|28
|
|t:|1779570640
|move|p1a: twice|Brave Bird|p2a: Slowking
|-damage|p2a: Slowking|11/100 brn
|-damage|p1a: twice|65/100|[from] Recoil
|move|p2a: Slowking|Toxic|p1a: twice
|-status|p1a: twice|tox
|
|-damage|p1a: twice|59/100 tox|[from] psn|[of] p2a: Slowking
|-damage|p2a: Slowking|5/100 brn|[from] brn|[of] p1: inroads
|upkeep
|turn|29
|
|t:|1779570645
|move|p1a: twice|U-turn|p2a: Slowking
|-damage|p2a: Slowking|0 brn
|faint|p2a: Slowking
|
|win|A05236
|c|☆Abyssal Bot|Well Played.
|l|☆Abyssal Bot
|player|p2|
|l|*Turbo Bottttt
