|j|☆itkenreiza
|j|☆Kogasscarf
|t:|1779707184
|gametype|singles
|player|p1|itkenreiza|102|1367
|player|p2|Kogasscarf|koga|1378
|gen|9
|tier|[Gen 9] OU
|rated|
|rule|HP Percentage Mod: HP is shown in percentages
|rule|Endless Battle Clause: Forcing endless battles is banned
|rule|Species Clause: Limit one of each Pokémon
|rule|OHKO Clause: OHKO moves are banned
|rule|Evasion Items Clause: Evasion items are banned
|rule|Evasion Moves Clause: Evasion moves are banned
|rule|Evasion Abilities Clause: Evasion abilities are banned
|rule|Sleep Moves Clause: Sleep-inducing moves are banned
|clearpoke
|poke|p1|Cryogonal|
|poke|p1|Darkrai|
|poke|p1|Ogerpon, F|
|poke|p1|Iron Crown|
|poke|p1|Dragapult, F|
|poke|p1|Ribombee, M|
|poke|p2|Hoopa|
|poke|p2|Cinderace, M|
|poke|p2|Mandibuzz, F|
|poke|p2|Kyurem|
|poke|p2|Ting-Lu|
|poke|p2|Manaphy|
|teampreview
|inactive|Battle timer is ON: inactive players will automatically lose when time's up. (requested by itkenreiza)
|
|t:|1779707198
|teamsize|p1|6
|teamsize|p2|6
|start
|switch|p1a: Cry or Mog|Cryogonal|100/100
|switch|p2a: Cinderace|Cinderace, M|100/100
|turn|1
|
|t:|1779707206
|switch|p1a: Dragapult|Dragapult, F|100/100
|move|p2a: Cinderace|Pyro Ball|p1a: Dragapult
|-resisted|p1a: Dragapult
|-damage|p1a: Dragapult|57/100
|
|upkeep
|turn|2
|
|t:|1779707215
|move|p1a: Dragapult|Dragon Darts|p2a: Cinderace
|-damage|p2a: Cinderace|49/100
|-anim|p1a: Dragapult|Dragon Darts|p2a: Cinderace
|-damage|p2a: Cinderace|0 fnt
|faint|p2a: Cinderace
|
|upkeep
|
|t:|1779707235
|switch|p2a: Mandibuzz|Mandibuzz, F, shiny|100/100
|turn|3
|
|t:|1779707239
|switch|p1a: Cry or Mog|Cryogonal|100/100
|move|p2a: Mandibuzz|Foul Play|p1a: Cry or Mog
|-damage|p1a: Cry or Mog|74/100
|
|upkeep
|turn|4
|
|t:|1779707254
|switch|p2a: Hoopa|Hoopa|100/100
|move|p1a: Cry or Mog|Freeze-Dry|p2a: Hoopa
|-damage|p2a: Hoopa|80/100
|
|upkeep
|turn|5
|
|t:|1779707263
|switch|p1a: Darkrai|Darkrai|100/100
|move|p2a: Hoopa|Substitute|p2a: Hoopa
|-start|p2a: Hoopa|Substitute
|-damage|p2a: Hoopa|55/100
|
|upkeep
|turn|6
|
|t:|1779707269
|move|p1a: Darkrai|Dark Pulse|p2a: Hoopa
|-supereffective|p2a: Hoopa
|-end|p2a: Hoopa|Substitute
|-damage|p1a: Darkrai|91/100|[from] item: Life Orb
|move|p2a: Hoopa|Focus Blast|p1a: Darkrai|[miss]
|-miss|p2a: Hoopa|p1a: Darkrai
|
|upkeep
|turn|7
|
|t:|1779707280
|-terastallize|p2a: Hoopa|Fairy
|move|p1a: Darkrai|Nasty Plot|p1a: Darkrai
|-boost|p1a: Darkrai|spa|2
|move|p2a: Hoopa|Focus Blast|p1a: Darkrai|[miss]
|-miss|p2a: Hoopa|p1a: Darkrai
|
|upkeep
|turn|8
|
|t:|1779707295
|move|p1a: Darkrai|Ice Beam|p2a: Hoopa
|-damage|p2a: Hoopa|0 fnt
|faint|p2a: Hoopa
|-damage|p1a: Darkrai|81/100|[from] item: Life Orb
|
|upkeep
|
|t:|1779707299
|switch|p2a: Kyurem|Kyurem|100/100
|-ability|p2a: Kyurem|Pressure
|turn|9
|
|t:|1779707305
|move|p2a: Kyurem|Draco Meteor|p1a: Darkrai
|-damage|p1a: Darkrai|0 fnt
|-unboost|p2a: Kyurem|spa|2
|faint|p1a: Darkrai
|
|upkeep
|
|t:|1779707310
|switch|p1a: Iron Crown|Iron Crown|100/100
|-enditem|p1a: Iron Crown|Booster Energy
|-activate|p1a: Iron Crown|ability: Quark Drive|[fromitem]
|-start|p1a: Iron Crown|quarkdrivespa
|turn|10
|
|t:|1779707314
|switch|p2a: Ting-Lucifer|Ting-Lu|100/100
|-ability|p2a: Ting-Lucifer|Vessel of Ruin
|move|p1a: Iron Crown|Calm Mind|p1a: Iron Crown
|-boost|p1a: Iron Crown|spa|1
|-boost|p1a: Iron Crown|spd|1
|
|upkeep
|turn|11
|
|t:|1779707325
|move|p1a: Iron Crown|Focus Blast|p2a: Ting-Lucifer
|-supereffective|p2a: Ting-Lucifer
|-crit|p2a: Ting-Lucifer
|-damage|p2a: Ting-Lucifer|0 fnt
|faint|p2a: Ting-Lucifer
|
|upkeep
|-message|Kogasscarf forfeited.
|
|win|itkenreiza
|raw|itkenreiza's rating: 1367 &rarr; <strong>1388</strong><br />(+21 for winning)
|raw|Kogasscarf's rating: 1378 &rarr; <strong>1357</strong><br />(-21 for losing)
|l|☆Kogasscarf
|player|p2|
|l|☆itkenreiza
|player|p1|
