|j|☆Avinatamu
|j|☆Linkinfernodouglas
|t:|1779661529
|gametype|singles
|player|p1|Avinatamu|1|1261
|player|p2|Linkinfernodouglas|169|1305
|gen|9
|tier|[Gen 9] OU
|rated|
|rule|HP Percentage Mod: HP is shown in percentages
|rule|Endless Battle Clause: Forcing endless battles is banned
|rule|Species Clause: Limit one of each Pokémon
|rule|OHKO Clause: OHKO moves are banned
|rule|Evasion Items Clause: Evasion items are banned
|rule|Evasion Moves Clause: Evasion moves are banned
|rule|Evasion Abilities Clause: Evasion abilities are banned
|rule|Sleep Moves Clause: Sleep-inducing moves are banned
|clearpoke
|poke|p1|Dragapult, F|
|poke|p1|Dragonite, F|
|poke|p1|Iron Crown|
|poke|p1|Bisharp, F|
|poke|p1|Clefable, F|
|poke|p1|Moltres|
|poke|p2|Dragonite, M|
|poke|p2|Cinderace, F|
|poke|p2|Glimmora, M|
|poke|p2|Deoxys-Speed|
|poke|p2|Ceruledge, M|
|poke|p2|Kingambit, M|
|teampreview
|inactive|Battle timer is ON: inactive players will automatically lose when time's up. (requested by Avinatamu)
|
|t:|1779661552
|teamsize|p1|6
|teamsize|p2|6
|start
|switch|p1a: Dragapult|Dragapult, F|100/100
|switch|p2a: Glimmora|Glimmora, M|100/100
|turn|1
|
|t:|1779661557
|move|p1a: Dragapult|Dragon Darts|p2a: Glimmora
|-damage|p2a: Glimmora|78/100
|-anim|p1a: Dragapult|Dragon Darts|p2a: Glimmora
|-damage|p2a: Glimmora|54/100
|move|p2a: Glimmora|Toxic|p1a: Dragapult
|-status|p1a: Dragapult|tox
|
|-heal|p2a: Glimmora|60/100|[from] item: Leftovers
|-damage|p1a: Dragapult|95/100 tox|[from] psn
|upkeep
|turn|2
|
|t:|1779661574
|move|p2a: Glimmora|Spiky Shield|p2a: Glimmora
|-singleturn|p2a: Glimmora|move: Protect
|move|p1a: Dragapult|U-turn|p2a: Glimmora
|-activate|p2a: Glimmora|move: Protect
|-damage|p1a: Dragapult|82/100 tox|[from] Spiky Shield|[of] p2a: Glimmora
|
|-heal|p2a: Glimmora|67/100|[from] item: Leftovers
|-damage|p1a: Dragapult|70/100 tox|[from] psn
|upkeep
|turn|3
|
|t:|1779661588
|move|p1a: Dragapult|Thunder Wave|p2a: Glimmora|[miss]
|-miss|p1a: Dragapult|p2a: Glimmora
|move|p2a: Glimmora|Toxic|p1a: Dragapult
|-fail|p1a: Dragapult|tox
|
|-heal|p2a: Glimmora|73/100|[from] item: Leftovers
|-damage|p1a: Dragapult|52/100 tox|[from] psn
|upkeep
|turn|4
|
|t:|1779661596
|move|p2a: Glimmora|Spiky Shield|p2a: Glimmora
|-singleturn|p2a: Glimmora|move: Protect
|move|p1a: Dragapult|U-turn|p2a: Glimmora
|-activate|p2a: Glimmora|move: Protect
|-damage|p1a: Dragapult|40/100 tox|[from] Spiky Shield|[of] p2a: Glimmora
|
|-heal|p2a: Glimmora|79/100|[from] item: Leftovers
|-damage|p1a: Dragapult|16/100 tox|[from] psn
|upkeep
|turn|5
|
|t:|1779661615
|move|p1a: Dragapult|Thunder Wave|p2a: Glimmora
|-status|p2a: Glimmora|par
|cant|p2a: Glimmora|par
|
|-heal|p2a: Glimmora|85/100 par|[from] item: Leftovers
|-damage|p1a: Dragapult|0 fnt|[from] psn
|faint|p1a: Dragapult
|upkeep
|
|t:|1779661620
|switch|p1a: Iron Crown|Iron Crown|100/100
|turn|6
|
|t:|1779661626
|move|p1a: Iron Crown|Tachyon Cutter|p2a: Glimmora
|-supereffective|p2a: Glimmora
|-damage|p2a: Glimmora|21/100 par
|-supereffective|p2a: Glimmora
|-damage|p2a: Glimmora|0 fnt
|faint|p2a: Glimmora
|-hitcount|p2: Glimmora|2
|
|upkeep
|
|t:|1779661641
|switch|p2a: Ceruledge|Ceruledge, M|100/100
|turn|7
|
|t:|1779661648
|-end|p1a: Iron Crown|Quark Drive|[silent]
|switch|p1a: Clefable|Clefable, F|100/100
|move|p2a: Ceruledge|Bulk Up|p2a: Ceruledge
|-boost|p2a: Ceruledge|atk|1
|-boost|p2a: Ceruledge|def|1
|
|upkeep
|turn|8
|
|t:|1779661655
|move|p2a: Ceruledge|Taunt|p1a: Clefable
|-start|p1a: Clefable|move: Taunt
|cant|p1a: Clefable|move: Taunt|Reflect
|
|upkeep
|turn|9
|
|t:|1779661659
|move|p2a: Ceruledge|Bulk Up|p2a: Ceruledge
|-boost|p2a: Ceruledge|atk|1
|-boost|p2a: Ceruledge|def|1
|move|p1a: Clefable|Moonblast|p2a: Ceruledge
|-resisted|p2a: Ceruledge
|-damage|p2a: Ceruledge|85/100
|
|upkeep
|turn|10
|
|t:|1779661667
|move|p2a: Ceruledge|Bulk Up|p2a: Ceruledge
|-boost|p2a: Ceruledge|atk|1
|-boost|p2a: Ceruledge|def|1
|move|p1a: Clefable|Moonblast|p2a: Ceruledge
|-resisted|p2a: Ceruledge
|-damage|p2a: Ceruledge|68/100
|
|-end|p1a: Clefable|move: Taunt
|upkeep
|turn|11
|
|t:|1779661675
|move|p2a: Ceruledge|Taunt|p1a: Clefable
|-start|p1a: Clefable|move: Taunt
|move|p1a: Clefable|Moonblast|p2a: Ceruledge
|-resisted|p2a: Ceruledge
|-damage|p2a: Ceruledge|52/100
|
|upkeep
|turn|12
|
|t:|1779661681
|move|p2a: Ceruledge|Bitter Blade|p1a: Clefable
|-damage|p1a: Clefable|59/100
|-heal|p2a: Ceruledge|75/100|[from] drain|[of] p1a: Clefable
|move|p1a: Clefable|Moonblast|p2a: Ceruledge
|-resisted|p2a: Ceruledge
|-damage|p2a: Ceruledge|59/100
|
|upkeep
|turn|13
|
|t:|1779661687
|move|p2a: Ceruledge|Bitter Blade|p1a: Clefable
|-damage|p1a: Clefable|15/100
|-heal|p2a: Ceruledge|83/100|[from] drain|[of] p1a: Clefable
|move|p1a: Clefable|Moonblast|p2a: Ceruledge
|-resisted|p2a: Ceruledge
|-damage|p2a: Ceruledge|68/100
|
|-end|p1a: Clefable|move: Taunt
|upkeep
|turn|14
|
|t:|1779661694
|move|p2a: Ceruledge|Bitter Blade|p1a: Clefable
|-damage|p1a: Clefable|0 fnt
|-heal|p2a: Ceruledge|76/100|[from] drain|[of] p1a: Clefable
|faint|p1a: Clefable
|
|upkeep
|
|t:|1779661699
|switch|p1a: Dragonite|Dragonite, F|100/100
|turn|15
|
|t:|1779661706
|move|p1a: Dragonite|Dragon Dance|p1a: Dragonite
|-boost|p1a: Dragonite|atk|1
|-boost|p1a: Dragonite|spe|1
|move|p2a: Ceruledge|Bitter Blade|p1a: Dragonite
|-resisted|p1a: Dragonite
|-damage|p1a: Dragonite|74/100
|-heal|p2a: Ceruledge|88/100|[from] drain|[of] p1a: Dragonite
|
|upkeep
|turn|16
|
|t:|1779661716
|move|p1a: Dragonite|Outrage|p2a: Ceruledge
|-damage|p2a: Ceruledge|34/100
|move|p2a: Ceruledge|Bitter Blade|p1a: Dragonite
|-resisted|p1a: Dragonite
|-damage|p1a: Dragonite|27/100
|-heal|p2a: Ceruledge|56/100|[from] drain|[of] p1a: Dragonite
|
|upkeep
|turn|17
|
|t:|1779661724
|move|p2a: Ceruledge|Shadow Sneak|p1a: Dragonite
|-damage|p1a: Dragonite|0 fnt
|faint|p1a: Dragonite
|
|upkeep
|
|t:|1779661729
|switch|p1a: Moltres|Moltres|100/100
|turn|18
|inactive|Linkinfernodouglas has 120 seconds left.
|
|t:|1779661778
|move|p2a: Ceruledge|Bitter Blade|p1a: Moltres
|-resisted|p1a: Moltres
|-damage|p1a: Moltres|69/100
|-heal|p2a: Ceruledge|73/100|[from] drain|[of] p1a: Moltres
|move|p1a: Moltres|Roar|p2a: Ceruledge
|drag|p2a: Dragonite|Dragonite, M|100/100
|
|upkeep
|turn|19
|
|t:|1779661787
|move|p1a: Moltres|U-turn|p2a: Dragonite
|-resisted|p2a: Dragonite
|-damage|p2a: Dragonite|98/100
|-damage|p1a: Moltres|52/100|[from] item: Rocky Helmet|[of] p2a: Dragonite
|
|t:|1779661789
|switch|p1a: Bisharp|Bisharp, F|100/100|[from] U-turn
|move|p2a: Dragonite|Thunder Wave|p1a: Bisharp
|-status|p1a: Bisharp|par
|
|upkeep
|turn|20
|inactive|Linkinfernodouglas has 120 seconds left.
|
|t:|1779661803
|switch|p2a: Cinderace|Cinderace, F|100/100
|cant|p1a: Bisharp|par
|
|upkeep
|turn|21
|inactive|Linkinfernodouglas has 120 seconds left.
|
|t:|1779661810
|move|p2a: Cinderace|Pyro Ball|p1a: Bisharp
|-supereffective|p1a: Bisharp
|-damage|p1a: Bisharp|30/100 par
|move|p1a: Bisharp|Swords Dance|p1a: Bisharp
|-boost|p1a: Bisharp|atk|2
|
|upkeep
|turn|22
|
|t:|1779661818
|cant|p1a: Bisharp|par
|move|p2a: Cinderace|Pyro Ball|p1a: Bisharp
|-supereffective|p1a: Bisharp
|-damage|p1a: Bisharp|0 fnt
|faint|p1a: Bisharp
|
|upkeep
|
|t:|1779661835
|switch|p1a: Iron Crown|Iron Crown|100/100
|turn|23
|
|t:|1779661852
|move|p2a: Cinderace|Will-O-Wisp|p1a: Iron Crown
|-status|p1a: Iron Crown|brn
|move|p1a: Iron Crown|Agility|p1a: Iron Crown
|-boost|p1a: Iron Crown|spe|2
|
|-damage|p1a: Iron Crown|94/100 brn|[from] brn
|upkeep
|turn|24
|
|t:|1779661861
|-terastallize|p1a: Iron Crown|Flying
|move|p1a: Iron Crown|Calm Mind|p1a: Iron Crown
|-boost|p1a: Iron Crown|spa|1
|-boost|p1a: Iron Crown|spd|1
|move|p2a: Cinderace|Pyro Ball|p1a: Iron Crown
|-damage|p1a: Iron Crown|44/100 brn
|
|-damage|p1a: Iron Crown|38/100 brn|[from] brn
|upkeep
|turn|25
|
|t:|1779661871
|move|p1a: Iron Crown|Stored Power|p2a: Cinderace
|-damage|p2a: Cinderace|0 fnt
|faint|p2a: Cinderace
|
|-damage|p1a: Iron Crown|31/100 brn|[from] brn
|upkeep
|
|t:|1779661877
|switch|p2a: Kingambit|Kingambit, M|100/100
|-ability|p2a: Kingambit|Pressure
|turn|26
|
|t:|1779661884
|move|p2a: Kingambit|Protect|p2a: Kingambit
|-singleturn|p2a: Kingambit|Protect
|move|p1a: Iron Crown|Calm Mind|p1a: Iron Crown
|-boost|p1a: Iron Crown|spa|1
|-boost|p1a: Iron Crown|spd|1
|
|-damage|p1a: Iron Crown|25/100 brn|[from] brn
|upkeep
|turn|27
|
|t:|1779661892
|move|p1a: Iron Crown|Tachyon Cutter|p2a: Kingambit
|-resisted|p2a: Kingambit
|-damage|p2a: Kingambit|73/100
|-resisted|p2a: Kingambit
|-damage|p2a: Kingambit|48/100
|-hitcount|p2a: Kingambit|2
|move|p2a: Kingambit|Kowtow Cleave|p1a: Iron Crown
|-damage|p1a: Iron Crown|0 fnt
|faint|p1a: Iron Crown
|-end|p1a: Iron Crown|Quark Drive|[silent]
|
|-heal|p2a: Kingambit|54/100|[from] item: Leftovers
|upkeep
|
|t:|1779661895
|switch|p1a: Moltres|Moltres|52/100
|turn|28
|-message|Avinatamu forfeited.
|
|win|Linkinfernodouglas
|raw|Avinatamu's rating: 1261 &rarr; <strong>1239</strong><br />(-22 for losing)
|raw|Linkinfernodouglas's rating: 1305 &rarr; <strong>1322</strong><br />(+17 for winning)
|l|☆Avinatamu
|player|p1|
|c|☆Linkinfernodouglas|gg
