|j|☆FP.//06
|j|‽kerom.pk
|t:|1779703227
|gametype|singles
|player|p1|FP.//06|lucas|1567
|player|p2|kerom.pk|265|1638
|gen|9
|tier|[Gen 9] OU
|rated|
|rule|HP Percentage Mod: HP is shown in percentages
|rule|Endless Battle Clause: Forcing endless battles is banned
|rule|Species Clause: Limit one of each Pokémon
|rule|OHKO Clause: OHKO moves are banned
|rule|Evasion Items Clause: Evasion items are banned
|rule|Evasion Moves Clause: Evasion moves are banned
|rule|Evasion Abilities Clause: Evasion abilities are banned
|rule|Sleep Moves Clause: Sleep-inducing moves are banned
|clearpoke
|poke|p1|Landorus-Therian, M|
|poke|p1|Glimmora, F|
|poke|p1|Zamazenta-*|
|poke|p1|Gholdengo|
|poke|p1|Kyurem|
|poke|p1|Kingambit, F|
|poke|p2|Clodsire, F|
|poke|p2|Alomomola, M|
|poke|p2|Hydrapple, F|
|poke|p2|Meowscarada, F|
|poke|p2|Primarina, M|
|poke|p2|Weezing-Galar, F|
|teampreview
|inactive|Battle timer is ON: inactive players will automatically lose when time's up. (requested by FP.//06)
|j| notapokemonmaster
|
|t:|1779703246
|teamsize|p1|6
|teamsize|p2|6
|start
|switch|p1a: Landorus|Landorus-Therian, M|100/100
|switch|p2a: Meowscarada|Meowscarada, F|100/100
|-ability|p1a: Landorus|Intimidate|boost
|-unboost|p2a: Meowscarada|atk|1
|turn|1
|
|t:|1779703255
|switch|p2a: Alomomola|Alomomola, M|100/100
|switch|p1a: Glimmora|Glimmora, F|100/100
|
|upkeep
|turn|2
|
|t:|1779703263
|switch|p1a: Landorus|Landorus-Therian, M|100/100
|-ability|p1a: Landorus|Intimidate|boost
|-unboost|p2a: Alomomola|atk|1
|move|p2a: Alomomola|Flip Turn|p1a: Landorus
|-supereffective|p1a: Landorus
|-damage|p1a: Landorus|81/100
|-damage|p2a: Alomomola|84/100|[from] item: Rocky Helmet|[of] p1a: Landorus
|
|t:|1779703268
|switch|p2a: Meowscarada|Meowscarada, F|100/100|[from] Flip Turn
|
|upkeep
|turn|3
|
|t:|1779703275
|switch|p1a: Glimmora|Glimmora, F|100/100
|move|p2a: Meowscarada|U-turn|p1a: Glimmora
|-start|p2a: Meowscarada|typechange|Bug|[from] ability: Protean
|-resisted|p1a: Glimmora
|-damage|p1a: Glimmora|71/100
|-activate|p1a: Glimmora|ability: Toxic Debris
|-sidestart|p2: kerom.pk|move: Toxic Spikes
|
|t:|1779703278
|switch|p2a: Clodsire|Clodsire, F|100/100|[from] U-turn
|-sideend|p2: kerom.pk|move: Toxic Spikes|[of] p2a: Clodsire
|
|upkeep
|turn|4
|
|t:|1779703284
|switch|p1a: Landorus|Landorus-Therian, M|81/100
|-ability|p1a: Landorus|Intimidate|boost
|-unboost|p2a: Clodsire|atk|1
|switch|p2a: Alomomola|Alomomola, M|100/100
|
|upkeep
|turn|5
|
|t:|1779703286
|move|p1a: Landorus|Stealth Rock|p2a: Alomomola
|-sidestart|p2: kerom.pk|move: Stealth Rock
|move|p2a: Alomomola|Flip Turn|p1a: Landorus
|-supereffective|p1a: Landorus
|-damage|p1a: Landorus|50/100
|-damage|p2a: Alomomola|84/100|[from] item: Rocky Helmet|[of] p1a: Landorus
|
|t:|1779703292
|switch|p2a: Meowscarada|Meowscarada, F|100/100|[from] Flip Turn
|-damage|p2a: Meowscarada|88/100|[from] Stealth Rock
|
|upkeep
|turn|6
|
|t:|1779703299
|move|p2a: Meowscarada|Knock Off|p1a: Landorus
|-start|p2a: Meowscarada|typechange|Dark|[from] ability: Protean
|-damage|p1a: Landorus|0 fnt
|-damage|p2a: Meowscarada|72/100|[from] item: Rocky Helmet|[of] p1a: Landorus
|-enditem|p1a: Landorus|Rocky Helmet|[from] move: Knock Off|[of] p2a: Meowscarada
|faint|p1a: Landorus
|
|upkeep
|
|t:|1779703309
|switch|p1a: Kyurem|Kyurem|100/100
|-ability|p1a: Kyurem|Pressure
|turn|7
|
|t:|1779703319
|move|p2a: Meowscarada|Knock Off|p1a: Kyurem
|-damage|p1a: Kyurem|34/100
|-enditem|p1a: Kyurem|Loaded Dice|[from] move: Knock Off|[of] p2a: Meowscarada
|move|p1a: Kyurem|Dragon Dance|p1a: Kyurem
|-boost|p1a: Kyurem|atk|1
|-boost|p1a: Kyurem|spe|1
|
|upkeep
|turn|8
|
|t:|1779703325
|move|p1a: Kyurem|Scale Shot|p2a: Meowscarada|[miss]
|-miss|p1a: Kyurem|p2a: Meowscarada
|move|p2a: Meowscarada|Knock Off|p1a: Kyurem
|-damage|p1a: Kyurem|0 fnt
|faint|p1a: Kyurem
|
|upkeep
|
|t:|1779703332
|switch|p1a: Zamazenta|Zamazenta|100/100
|-ability|p1a: Zamazenta|Dauntless Shield|boost
|-boost|p1a: Zamazenta|def|1
|turn|9
|j| yuureisuisei
|
|t:|1779703344
|switch|p2a: Primarina|Primarina, M|100/100
|-damage|p2a: Primarina|88/100|[from] Stealth Rock
|move|p1a: Zamazenta|Iron Defense|p1a: Zamazenta
|-boost|p1a: Zamazenta|def|2
|
|-heal|p2a: Primarina|94/100|[from] item: Leftovers
|upkeep
|turn|10
|
|t:|1779703355
|-terastallize|p1a: Zamazenta|Steel
|move|p1a: Zamazenta|Body Press|p2a: Primarina
|-resisted|p2a: Primarina
|-damage|p2a: Primarina|58/100
|move|p2a: Primarina|Whirlpool|p1a: Zamazenta
|-damage|p1a: Zamazenta|87/100
|-activate|p1a: Zamazenta|move: Whirlpool|[of] p2a: Primarina
|
|-heal|p1a: Zamazenta|93/100|[from] item: Leftovers
|-heal|p2a: Primarina|64/100|[from] item: Leftovers
|-damage|p1a: Zamazenta|81/100|[from] move: Whirlpool|[partiallytrapped]
|upkeep
|turn|11
|
|t:|1779703363
|move|p1a: Zamazenta|Body Press|p2a: Primarina
|-resisted|p2a: Primarina
|-damage|p2a: Primarina|29/100
|move|p2a: Primarina|Perish Song|p2a: Primarina
|-start|p1a: Zamazenta|perish3|[silent]
|-start|p2a: Primarina|perish3|[silent]
|-fieldactivate|move: Perish Song
|
|-heal|p1a: Zamazenta|87/100|[from] item: Leftovers
|-heal|p2a: Primarina|35/100|[from] item: Leftovers
|-damage|p1a: Zamazenta|75/100|[from] move: Whirlpool|[partiallytrapped]
|-start|p1a: Zamazenta|perish3
|-start|p2a: Primarina|perish3
|upkeep
|turn|12
|
|t:|1779703366
|move|p2a: Primarina|Protect|p2a: Primarina
|-singleturn|p2a: Primarina|Protect
|move|p1a: Zamazenta|Iron Defense|p1a: Zamazenta
|-boost|p1a: Zamazenta|def|2
|
|-heal|p1a: Zamazenta|81/100|[from] item: Leftovers
|-heal|p2a: Primarina|41/100|[from] item: Leftovers
|-damage|p1a: Zamazenta|69/100|[from] move: Whirlpool|[partiallytrapped]
|-start|p1a: Zamazenta|perish2
|-start|p2a: Primarina|perish2
|upkeep
|turn|13
|
|t:|1779703374
|move|p2a: Primarina|Protect||[still]
|-fail|p2a: Primarina
|move|p1a: Zamazenta|Body Press|p2a: Primarina
|-resisted|p2a: Primarina
|-damage|p2a: Primarina|0 fnt
|faint|p2a: Primarina
|
|-heal|p1a: Zamazenta|75/100|[from] item: Leftovers
|-end|p1a: Zamazenta|Whirlpool|[partiallytrapped]|[silent]
|-start|p1a: Zamazenta|perish1
|upkeep
|
|t:|1779703385
|switch|p2a: Hydrapple|Hydrapple, F|100/100
|-damage|p2a: Hydrapple|88/100|[from] Stealth Rock
|turn|14
|
|t:|1779703388
|switch|p1a: Glimmora|Glimmora, F|71/100
|move|p2a: Hydrapple|Earth Power|p1a: Glimmora
|-supereffective|p1a: Glimmora
|-damage|p1a: Glimmora|0 fnt
|faint|p1a: Glimmora
|
|upkeep
|
|t:|1779703390
|switch|p1a: Gholdengo|Gholdengo|100/100
|-item|p1a: Gholdengo|Air Balloon
|turn|15
|
|t:|1779703394
|switch|p2a: Alomomola|Alomomola, M|100/100
|-damage|p2a: Alomomola|88/100|[from] Stealth Rock
|move|p1a: Gholdengo|Thunder Wave|p2a: Alomomola
|-status|p2a: Alomomola|par
|
|upkeep
|turn|16
|
|t:|1779703400
|move|p1a: Gholdengo|Hex|p2a: Alomomola
|-damage|p2a: Alomomola|35/100 par
|move|p2a: Alomomola|Flip Turn|p1a: Gholdengo
|-damage|p1a: Gholdengo|89/100
|-enditem|p1a: Gholdengo|Air Balloon
|
|t:|1779703407
|switch|p2a: Hydrapple|Hydrapple, F|100/100|[from] Flip Turn
|-damage|p2a: Hydrapple|88/100|[from] Stealth Rock
|
|upkeep
|turn|17
|
|t:|1779703409
|move|p1a: Gholdengo|Thunder Wave|p2a: Hydrapple
|-status|p2a: Hydrapple|par
|cant|p2a: Hydrapple|par
|
|upkeep
|turn|18
|
|t:|1779703413
|move|p1a: Gholdengo|Hex|p2a: Hydrapple
|-damage|p2a: Hydrapple|40/100 par
|cant|p2a: Hydrapple|par
|
|upkeep
|turn|19
|l| yuureisuisei
|
|t:|1779703426
|switch|p1a: Kingambit|Kingambit, F|100/100
|-activate|p1a: Kingambit|ability: Supreme Overlord
|-start|p1a: Kingambit|fallen3|[silent]
|switch|p2a: Alomomola|Alomomola, M|69/100 par
|-damage|p2a: Alomomola|56/100 par|[from] Stealth Rock
|
|upkeep
|turn|20
|
|t:|1779703429
|move|p1a: Kingambit|Swords Dance|p1a: Kingambit
|-boost|p1a: Kingambit|atk|2
|move|p2a: Alomomola|Flip Turn|p1a: Kingambit
|-damage|p1a: Kingambit|89/100
|
|t:|1779703431
|switch|p2a: Meowscarada|Meowscarada, F|72/100|[from] Flip Turn
|-damage|p2a: Meowscarada|60/100|[from] Stealth Rock
|
|-heal|p1a: Kingambit|95/100|[from] item: Leftovers
|upkeep
|turn|21
|
|t:|1779703435
|move|p1a: Kingambit|Sucker Punch|p2a: Meowscarada
|-resisted|p2a: Meowscarada
|-damage|p2a: Meowscarada|0 fnt
|faint|p2a: Meowscarada
|
|-heal|p1a: Kingambit|100/100|[from] item: Leftovers
|upkeep
|
|t:|1779703440
|switch|p2a: Weezing|Weezing-Galar, F|100/100
|-ability|p2a: Weezing|Neutralizing Gas
|-damage|p2a: Weezing|88/100|[from] Stealth Rock
|turn|22
|
|t:|1779703444
|-end|p1a: Kingambit|fallen3|[silent]
|switch|p1a: Gholdengo|Gholdengo|89/100
|move|p2a: Weezing|Will-O-Wisp|p1a: Gholdengo
|-status|p1a: Gholdengo|brn
|
|-heal|p2a: Weezing|94/100|[from] item: Leftovers
|-damage|p1a: Gholdengo|83/100 brn|[from] brn
|upkeep
|turn|23
|
|t:|1779703450
|switch|p1a: Kingambit|Kingambit, F|100/100
|-end|p2a: Weezing|ability: Neutralizing Gas
|-activate|p1a: Kingambit|ability: Supreme Overlord
|-start|p1a: Kingambit|fallen3|[silent]
|switch|p2a: Alomomola|Alomomola, M|90/100 par
|-damage|p2a: Alomomola|77/100 par|[from] Stealth Rock
|
|upkeep
|turn|24
|
|t:|1779703451
|move|p1a: Kingambit|Kowtow Cleave|p2a: Alomomola
|-damage|p2a: Alomomola|38/100 par
|move|p2a: Alomomola|Flip Turn|p1a: Kingambit
|-damage|p1a: Kingambit|90/100
|
|t:|1779703455
|switch|p2a: Weezing|Weezing-Galar, F|94/100|[from] Flip Turn
|-ability|p2a: Weezing|Neutralizing Gas
|-damage|p2a: Weezing|82/100|[from] Stealth Rock
|
|-heal|p2a: Weezing|88/100|[from] item: Leftovers
|-heal|p1a: Kingambit|96/100|[from] item: Leftovers
|upkeep
|turn|25
|
|t:|1779703457
|move|p2a: Weezing|Will-O-Wisp|p1a: Kingambit
|-status|p1a: Kingambit|brn
|move|p1a: Kingambit|Kowtow Cleave|p2a: Weezing
|-resisted|p2a: Weezing
|-crit|p2a: Weezing
|-damage|p2a: Weezing|74/100
|
|-heal|p2a: Weezing|80/100|[from] item: Leftovers
|-heal|p1a: Kingambit|100/100 brn|[from] item: Leftovers
|-damage|p1a: Kingambit|94/100 brn|[from] brn
|upkeep
|turn|26
|
|t:|1779703465
|-end|p1a: Kingambit|fallen3|[silent]
|switch|p1a: Gholdengo|Gholdengo|83/100 brn
|move|p2a: Weezing|Defog|p1a: Gholdengo
|-unboost|p1a: Gholdengo|evasion|1
|-sideend|p2: kerom.pk|Stealth Rock|[from] move: Defog|[of] p2a: Weezing
|
|-heal|p2a: Weezing|86/100|[from] item: Leftovers
|-damage|p1a: Gholdengo|77/100 brn|[from] brn
|upkeep
|turn|27
|
|t:|1779703471
|-end|p2a: Weezing|ability: Neutralizing Gas
|switch|p2a: Alomomola|Alomomola, M|71/100 par
|move|p1a: Gholdengo|Hex|p2a: Alomomola
|-crit|p2a: Alomomola
|-damage|p2a: Alomomola|0 fnt
|faint|p2a: Alomomola
|
|-damage|p1a: Gholdengo|71/100 brn|[from] brn
|upkeep
|
|t:|1779703480
|switch|p2a: Clodsire|Clodsire, F|100/100
|turn|28
|
|t:|1779703487
|switch|p1a: Zamazenta|Zamazenta, tera:Steel|75/100
|move|p2a: Clodsire|Curse|p2a: Clodsire
|-unboost|p2a: Clodsire|spe|1
|-boost|p2a: Clodsire|atk|1
|-boost|p2a: Clodsire|def|1
|
|-heal|p1a: Zamazenta|81/100|[from] item: Leftovers
|upkeep
|turn|29
|-message|FP.//06 forfeited.
|
|win|kerom.pk
|raw|FP.&#x2f;&#x2f;06's rating: 1567 &rarr; <strong>1551</strong><br />(-16 for losing)
|raw|kerom.pk's rating: 1638 &rarr; <strong>1654</strong><br />(+16 for winning)
|l|☆FP.//06
|player|p1|
|l|‽kerom.pk
|player|p2|
|l| notapokemonmaster
