|j|☆jhfsjdhfksjdhf
|j|☆fresh0
|t:|1779615340
|gametype|singles
|player|p1|jhfsjdhfksjdhf|101|1425
|player|p2|fresh0|2|1479
|gen|9
|tier|[Gen 9] OU
|rated|
|rule|HP Percentage Mod: HP is shown in percentages
|rule|Endless Battle Clause: Forcing endless battles is banned
|rule|Species Clause: Limit one of each Pokémon
|rule|OHKO Clause: OHKO moves are banned
|rule|Evasion Items Clause: Evasion items are banned
|rule|Evasion Moves Clause: Evasion moves are banned
|rule|Evasion Abilities Clause: Evasion abilities are banned
|rule|Sleep Moves Clause: Sleep-inducing moves are banned
|clearpoke
|poke|p1|Ribombee, M|
|poke|p1|Gholdengo|
|poke|p1|Sinistcha|
|poke|p1|Darkrai|
|poke|p1|Great Tusk|
|poke|p1|Deoxys-Speed|
|poke|p2|Kingambit, M|
|poke|p2|Hattrem, F|
|poke|p2|Iron Hands|
|poke|p2|Hatterene, F|
|poke|p2|Glastrier|
|poke|p2|Hydrapple, M|
|teampreview
|inactive|Battle timer is ON: inactive players will automatically lose when time's up. (requested by fresh0)
|
|t:|1779615354
|teamsize|p1|6
|teamsize|p2|6
|start
|switch|p1a: Sinistcha|Sinistcha|100/100
|switch|p2a: Hattrem|Hattrem, F|100/100
|turn|1
|
|t:|1779615358
|move|p1a: Sinistcha|Nasty Plot|p1a: Sinistcha
|-boost|p1a: Sinistcha|spa|2
|move|p2a: Hattrem|Trick Room|p2a: Hattrem
|-fieldstart|move: Trick Room|[of] p2a: Hattrem
|
|upkeep
|turn|2
|
|t:|1779615370
|move|p2a: Hattrem|Future Sight|p1a: Sinistcha
|-start|p2a: Hattrem|move: Future Sight
|move|p1a: Sinistcha|Matcha Gotcha|p2a: Hattrem
|-enditem|p2a: Hattrem|Focus Sash
|-damage|p2a: Hattrem|1/100
|-damage|p1a: Sinistcha|91/100|[from] item: Life Orb
|
|upkeep
|turn|3
|
|t:|1779615378
|move|p2a: Hattrem|Healing Wish|p2a: Hattrem
|faint|p2a: Hattrem
|move|p1a: Sinistcha|Matcha Gotcha|p2: Hattrem|[notarget]
|-fail|p1a: Sinistcha
|
|upkeep
|
|t:|1779615384
|switch|p2a: Glastrier|Glastrier|100/100
|turn|4
|
|t:|1779615391
|move|p2a: Glastrier|Icicle Crash|p1a: Sinistcha
|-supereffective|p1a: Sinistcha
|-damage|p1a: Sinistcha|0 fnt
|faint|p1a: Sinistcha
|-ability|p2a: Glastrier|Chilling Neigh|boost
|-boost|p2a: Glastrier|atk|1
|-damage|p2a: Glastrier|91/100|[from] item: Life Orb
|
|-hint|Future Sight did not hit because the target is fainted.
|upkeep
|
|t:|1779615396
|switch|p1a: Ribombee|Ribombee, M|100/100
|turn|5
|
|t:|1779615400
|move|p2a: Glastrier|Icicle Crash|p1a: Ribombee
|-enditem|p1a: Ribombee|Focus Sash
|-damage|p1a: Ribombee|1/100
|-damage|p2a: Glastrier|81/100|[from] item: Life Orb
|move|p1a: Ribombee|Charm|p2a: Glastrier
|-unboost|p2a: Glastrier|atk|2
|
|-fieldend|move: Trick Room
|upkeep
|turn|6
|
|t:|1779615413
|move|p1a: Ribombee|Charm|p2a: Glastrier
|-unboost|p2a: Glastrier|atk|2
|move|p2a: Glastrier|High Horsepower|p1a: Ribombee
|-resisted|p1a: Ribombee
|-crit|p1a: Ribombee
|-damage|p1a: Ribombee|0 fnt
|faint|p1a: Ribombee
|-ability|p2a: Glastrier|Chilling Neigh|boost
|-boost|p2a: Glastrier|atk|1
|-damage|p2a: Glastrier|71/100|[from] item: Life Orb
|
|upkeep
|
|t:|1779615424
|switch|p1a: Great Tusk|Great Tusk|100/100
|-enditem|p1a: Great Tusk|Booster Energy
|-activate|p1a: Great Tusk|ability: Protosynthesis|[fromitem]
|-start|p1a: Great Tusk|protosynthesisspe
|turn|7
|
|t:|1779615432
|switch|p2a: Hydrapple|Hydrapple, M|100/100
|move|p1a: Great Tusk|Bulk Up|p1a: Great Tusk
|-boost|p1a: Great Tusk|atk|1
|-boost|p1a: Great Tusk|def|1
|
|upkeep
|turn|8
|
|t:|1779615440
|move|p1a: Great Tusk|Ice Spinner|p2a: Hydrapple
|-supereffective|p2a: Hydrapple
|-damage|p2a: Hydrapple|1/100
|move|p2a: Hydrapple|Leaf Storm|p1a: Great Tusk
|-supereffective|p1a: Great Tusk
|-damage|p1a: Great Tusk|0 fnt
|-unboost|p2a: Hydrapple|spa|2
|faint|p1a: Great Tusk
|-end|p1a: Great Tusk|Protosynthesis|[silent]
|-enditem|p2a: Hydrapple|Eject Pack
|
|t:|1779615447
|switch|p2a: Hatterene|Hatterene, F|100/100
|
|upkeep
|
|t:|1779615455
|switch|p1a: Darkrai|Darkrai|100/100
|turn|9
|
|t:|1779615459
|move|p1a: Darkrai|Sludge Bomb|p2a: Hatterene
|-supereffective|p2a: Hatterene
|-damage|p2a: Hatterene|7/100
|-status|p2a: Hatterene|psn
|-damage|p1a: Darkrai|91/100|[from] item: Life Orb
|move|p2a: Hatterene|Trick Room|p2a: Hatterene
|-fieldstart|move: Trick Room|[of] p2a: Hatterene
|
|-damage|p2a: Hatterene|0 fnt|[from] psn
|faint|p2a: Hatterene
|upkeep
|
|t:|1779615480
|switch|p2a: Glastrier|Glastrier|71/100
|-heal|p2a: Glastrier|100/100|[from] move: Healing Wish
|turn|10
|
|t:|1779615488
|-terastallize|p1a: Darkrai|Poison
|move|p2a: Glastrier|Close Combat|p1a: Darkrai
|-resisted|p1a: Darkrai
|-damage|p1a: Darkrai|47/100
|-unboost|p2a: Glastrier|def|1
|-unboost|p2a: Glastrier|spd|1
|-damage|p2a: Glastrier|91/100|[from] item: Life Orb
|move|p1a: Darkrai|Will-O-Wisp|p2a: Glastrier
|-status|p2a: Glastrier|brn
|
|-damage|p2a: Glastrier|84/100 brn|[from] brn
|upkeep
|turn|11
|
|t:|1779615499
|switch|p1a: Deoxys|Deoxys-Speed|100/100
|-ability|p1a: Deoxys|Pressure
|move|p2a: Glastrier|High Horsepower|p1a: Deoxys
|-damage|p1a: Deoxys|67/100
|-damage|p2a: Glastrier|74/100 brn|[from] item: Life Orb
|
|-damage|p2a: Glastrier|68/100 brn|[from] brn
|upkeep
|turn|12
|
|t:|1779615510
|move|p2a: Glastrier|Icicle Crash|p1a: Deoxys
|-damage|p1a: Deoxys|24/100
|-damage|p2a: Glastrier|58/100 brn|[from] item: Life Orb
|move|p1a: Deoxys|Stealth Rock|p2a: Glastrier
|-sidestart|p2: fresh0|move: Stealth Rock
|
|-damage|p2a: Glastrier|52/100 brn|[from] brn
|upkeep
|turn|13
|
|t:|1779615523
|move|p2a: Glastrier|Icicle Crash|p1a: Deoxys
|-damage|p1a: Deoxys|0 fnt
|faint|p1a: Deoxys
|-ability|p2a: Glastrier|Chilling Neigh|boost
|-boost|p2a: Glastrier|atk|1
|-damage|p2a: Glastrier|42/100 brn|[from] item: Life Orb
|
|-damage|p2a: Glastrier|36/100 brn|[from] brn
|-fieldend|move: Trick Room
|upkeep
|inactive|jhfsjdhfksjdhf has 120 seconds left.
|
|t:|1779615550
|switch|p1a: Darkrai|Darkrai, tera:Poison|47/100
|turn|14
|
|t:|1779615554
|move|p1a: Darkrai|Dark Pulse|p2a: Glastrier
|-damage|p2a: Glastrier|0 fnt
|faint|p2a: Glastrier
|-damage|p1a: Darkrai|37/100|[from] item: Life Orb
|
|upkeep
|
|t:|1779615564
|switch|p2a: Kingambit|Kingambit, M|100/100
|-damage|p2a: Kingambit|94/100|[from] Stealth Rock
|-activate|p2a: Kingambit|ability: Supreme Overlord
|-start|p2a: Kingambit|fallen3|[silent]
|turn|15
|
|t:|1779615569
|move|p1a: Darkrai|Will-O-Wisp|p2a: Kingambit
|-status|p2a: Kingambit|brn
|move|p2a: Kingambit|Kowtow Cleave|p1a: Darkrai
|-damage|p1a: Darkrai|0 fnt
|faint|p1a: Darkrai
|
|-damage|p2a: Kingambit|88/100 brn|[from] brn
|upkeep
|
|t:|1779615575
|switch|p1a: Gholdengo|Gholdengo|100/100
|turn|16
|
|t:|1779615578
|move|p1a: Gholdengo|Nasty Plot|p1a: Gholdengo
|-boost|p1a: Gholdengo|spa|2
|move|p2a: Kingambit|Kowtow Cleave|p1a: Gholdengo
|-supereffective|p1a: Gholdengo
|-damage|p1a: Gholdengo|29/100
|
|-damage|p2a: Kingambit|82/100 brn|[from] brn
|upkeep
|turn|17
|
|t:|1779615586
|-terastallize|p2a: Kingambit|Flying
|move|p1a: Gholdengo|Nasty Plot|p1a: Gholdengo
|-boost|p1a: Gholdengo|spa|2
|move|p2a: Kingambit|Kowtow Cleave|p1a: Gholdengo
|-supereffective|p1a: Gholdengo
|-damage|p1a: Gholdengo|0 fnt
|faint|p1a: Gholdengo
|
|win|fresh0
|raw|jhfsjdhfksjdhf's rating: 1425 &rarr; <strong>1408</strong><br />(-17 for losing)
|raw|fresh0's rating: 1479 &rarr; <strong>1496</strong><br />(+17 for winning)
|c|☆jhfsjdhfksjdhf|gg wp
|l|☆fresh0
|player|p2|
|l|☆jhfsjdhfksjdhf
|player|p1|
