|j|☆frostedcatcookie
|j|☆allstartalon
|t:|1779603550
|gametype|singles
|player|p1|frostedcatcookie|2|1238
|player|p2|allstartalon|pokemonranger-gen4|1242
|gen|9
|tier|[Gen 9] OU
|rated|
|rule|HP Percentage Mod: HP is shown in percentages
|rule|Endless Battle Clause: Forcing endless battles is banned
|rule|Species Clause: Limit one of each Pokémon
|rule|OHKO Clause: OHKO moves are banned
|rule|Evasion Items Clause: Evasion items are banned
|rule|Evasion Moves Clause: Evasion moves are banned
|rule|Evasion Abilities Clause: Evasion abilities are banned
|rule|Sleep Moves Clause: Sleep-inducing moves are banned
|clearpoke
|poke|p1|Kingambit, F|
|poke|p1|Hatterene, F|
|poke|p1|Garchomp, F|
|poke|p1|Dragonite, F|
|poke|p1|Cinderace, F|
|poke|p1|Scizor, F|
|poke|p2|Typhlosion-Hisui, F|
|poke|p2|Torkoal, M|
|poke|p2|Ninetales, M|
|poke|p2|Ceruledge, F|
|poke|p2|Arcanine-Hisui, F|
|poke|p2|Cinderace, M|
|teampreview
|inactive|Battle timer is ON: inactive players will automatically lose when time's up. (requested by allstartalon)
|
|t:|1779603554
|teamsize|p1|6
|teamsize|p2|6
|start
|switch|p1a: Garchomp|Garchomp, F, shiny|100/100
|switch|p2a: Torkoal|Torkoal, M, shiny|100/100
|-weather|SunnyDay|[from] ability: Drought|[of] p2a: Torkoal
|turn|1
|
|t:|1779603569
|move|p1a: Garchomp|Fire Blast|p2a: Torkoal|[miss]
|-miss|p1a: Garchomp|p2a: Torkoal
|move|p2a: Torkoal|Solar Beam||[still]
|-prepare|p2a: Torkoal|Solar Beam
|-anim|p2a: Torkoal|Solar Beam|p1a: Garchomp
|-damage|p1a: Garchomp|45/100
|-damage|p2a: Torkoal|91/100|[from] item: Life Orb
|
|-weather|SunnyDay|[upkeep]
|upkeep
|turn|2
|
|t:|1779603585
|move|p1a: Garchomp|Stealth Rock|p2a: Torkoal
|-sidestart|p2: allstartalon|move: Stealth Rock
|move|p2a: Torkoal|Solar Beam||[still]
|-prepare|p2a: Torkoal|Solar Beam
|-anim|p2a: Torkoal|Solar Beam|p1a: Garchomp
|-damage|p1a: Garchomp|0 fnt
|faint|p1a: Garchomp
|-damage|p2a: Torkoal|81/100|[from] item: Life Orb
|
|-weather|SunnyDay|[upkeep]
|upkeep
|
|t:|1779603596
|switch|p1a: Dragonite|Dragonite, F, shiny|100/100
|turn|3
|
|t:|1779603602
|move|p1a: Dragonite|Earthquake|p2a: Torkoal
|-supereffective|p2a: Torkoal
|-damage|p2a: Torkoal|0 fnt
|faint|p2a: Torkoal
|
|-weather|SunnyDay|[upkeep]
|upkeep
|
|t:|1779603606
|switch|p2a: Cinderace|Cinderace, M, shiny|100/100
|turn|4
|inactive|frostedcatcookie has 120 seconds left.
|
|t:|1779603643
|move|p2a: Cinderace|Court Change|p2a: Cinderace
|-start|p2a: Cinderace|typechange|Normal|[from] ability: Libero
|-swapsideconditions
|-activate|p2a: Cinderace|move: Court Change
|move|p1a: Dragonite|Earthquake|p2a: Cinderace
|-damage|p2a: Cinderace|30/100
|
|-weather|SunnyDay|[upkeep]
|upkeep
|turn|5
|inactive|frostedcatcookie has 120 seconds left.
|
|t:|1779603662
|switch|p1a: ace|Cinderace, F, shiny|100/100
|move|p2a: Cinderace|Pyro Ball|p1a: ace
|-resisted|p1a: ace
|-damage|p1a: ace|54/100
|
|-weather|none
|upkeep
|turn|6
|
|t:|1779603675
|move|p1a: ace|Pyro Ball|p2a: Cinderace
|-damage|p2a: Cinderace|0 fnt
|faint|p2a: Cinderace
|
|upkeep
|
|t:|1779603680
|switch|p2a: Typhlosion|Typhlosion-Hisui, F, shiny|100/100
|turn|7
|inactive|frostedcatcookie has 120 seconds left.
|
|t:|1779603685
|-terastallize|p2a: Typhlosion|Fire
|move|p2a: Typhlosion|Eruption|p1a: ace
|-resisted|p1a: ace
|-damage|p1a: ace|0 fnt
|faint|p1a: ace
|
|upkeep
|inactive|frostedcatcookie has 120 seconds left.
|
|t:|1779603699
|switch|p1a: Dragonite|Dragonite, F, shiny|100/100
|-damage|p1a: Dragonite|76/100|[from] Stealth Rock
|turn|8
|inactive|frostedcatcookie has 120 seconds left.
|
|t:|1779603711
|switch|p2a: Ninetales|Ninetales, M, shiny|100/100
|-weather|SunnyDay|[from] ability: Drought|[of] p2a: Ninetales
|move|p1a: Dragonite|Earthquake|p2a: Ninetales
|-supereffective|p2a: Ninetales
|-damage|p2a: Ninetales|0 fnt
|faint|p2a: Ninetales
|
|-weather|SunnyDay|[upkeep]
|upkeep
|
|t:|1779603717
|switch|p2a: Typhlosion|Typhlosion-Hisui, F, shiny, tera:Fire|100/100
|turn|9
|inactive|frostedcatcookie has 120 seconds left.
|
|t:|1779603746
|move|p2a: Typhlosion|Eruption|p1a: Dragonite
|-resisted|p1a: Dragonite
|-damage|p1a: Dragonite|0 fnt
|faint|p1a: Dragonite
|
|-weather|SunnyDay|[upkeep]
|upkeep
|
|t:|1779603757
|switch|p1a: Scizor|Scizor, F, shiny|100/100
|-damage|p1a: Scizor|88/100|[from] Stealth Rock
|turn|10
|
|t:|1779603770
|move|p1a: Scizor|Bullet Punch|p2a: Typhlosion
|-resisted|p2a: Typhlosion
|-damage|p2a: Typhlosion|77/100
|move|p2a: Typhlosion|Eruption|p1a: Scizor
|-supereffective|p1a: Scizor
|-damage|p1a: Scizor|0 fnt
|faint|p1a: Scizor
|
|-weather|SunnyDay|[upkeep]
|upkeep
|
|t:|1779603780
|switch|p1a: Hatterene|Hatterene, F, shiny|100/100
|-damage|p1a: Hatterene|88/100|[from] Stealth Rock
|turn|11
|
|t:|1779603788
|move|p2a: Typhlosion|Eruption|p1a: Hatterene
|-damage|p1a: Hatterene|0 fnt
|faint|p1a: Hatterene
|
|-weather|SunnyDay|[upkeep]
|upkeep
|
|t:|1779603794
|switch|p1a: bisharp pro max|Kingambit, F, shiny|100/100
|-damage|p1a: bisharp pro max|94/100|[from] Stealth Rock
|-activate|p1a: bisharp pro max|ability: Supreme Overlord
|-start|p1a: bisharp pro max|fallen5|[silent]
|turn|12
|
|t:|1779603802
|-terastallize|p1a: bisharp pro max|Fairy
|move|p1a: bisharp pro max|Sucker Punch|p2a: Typhlosion
|-damage|p2a: Typhlosion|0 fnt
|faint|p2a: Typhlosion
|
|-weather|none
|upkeep
|
|t:|1779603807
|switch|p2a: Arcanine|Arcanine-Hisui, F, shiny|100/100
|turn|13
|inactive|frostedcatcookie has 120 seconds left.
|
|t:|1779603818
|move|p1a: bisharp pro max|Sucker Punch|p2a: Arcanine
|-damage|p2a: Arcanine|24/100
|move|p2a: Arcanine|Head Smash|p1a: bisharp pro max
|-damage|p1a: bisharp pro max|17/100
|-damage|p2a: Arcanine|14/100|[from] item: Life Orb
|
|upkeep
|turn|14
|
|t:|1779603827
|move|p2a: Arcanine|Extreme Speed|p1a: bisharp pro max
|-damage|p1a: bisharp pro max|0 fnt
|faint|p1a: bisharp pro max
|-end|p1a: bisharp pro max|fallen5|[silent]
|-damage|p2a: Arcanine|4/100|[from] item: Life Orb
|
|win|allstartalon
|raw|frostedcatcookie's rating: 1238 &rarr; <strong>1213</strong><br />(-25 for losing)
|raw|allstartalon's rating: 1242 &rarr; <strong>1267</strong><br />(+25 for winning)
|l|☆allstartalon
|player|p2|
