|j|☆ikigai road 34
|j|☆diegoparra27
|t:|1779690923
|gametype|singles
|player|p1|ikigai road 34|169|1115
|player|p2|diegoparra27|170|1211
|gen|9
|tier|[Gen 9] OU
|rated|
|rule|HP Percentage Mod: HP is shown in percentages
|rule|Endless Battle Clause: Forcing endless battles is banned
|rule|Species Clause: Limit one of each Pokémon
|rule|OHKO Clause: OHKO moves are banned
|rule|Evasion Items Clause: Evasion items are banned
|rule|Evasion Moves Clause: Evasion moves are banned
|rule|Evasion Abilities Clause: Evasion abilities are banned
|rule|Sleep Moves Clause: Sleep-inducing moves are banned
|clearpoke
|poke|p1|Iron Moth|
|poke|p1|Iron Valiant|
|poke|p1|Pincurchin, M|
|poke|p1|Cinderace, F|
|poke|p1|Iron Crown|
|poke|p1|Corviknight, M|
|poke|p2|Weezing-Galar, M|
|poke|p2|Gliscor, F|
|poke|p2|Blissey, F|
|poke|p2|Corviknight, F|
|poke|p2|Dondozo, M|
|poke|p2|Toxapex, M|
|teampreview
|
|t:|1779690933
|teamsize|p1|6
|teamsize|p2|6
|start
|switch|p1a: Iron Crown|Iron Crown|100/100
|switch|p2a: Gliscor|Gliscor, F|100/100
|turn|1
|inactive|Battle timer is ON: inactive players will automatically lose when time's up. (requested by ikigai road 34)
|
|t:|1779690954
|-end|p1a: Iron Crown|Quark Drive|[silent]
|switch|p1a: Corviknight|Corviknight, M|100/100
|-ability|p1a: Corviknight|Pressure
|move|p2a: Gliscor|Earthquake|p1a: Corviknight
|-immune|p1a: Corviknight
|
|-status|p2a: Gliscor|tox|[from] item: Toxic Orb
|upkeep
|turn|2
|
|t:|1779690963
|move|p2a: Gliscor|Knock Off|p1a: Corviknight
|-damage|p1a: Corviknight|87/100
|-enditem|p1a: Corviknight|Leftovers|[from] move: Knock Off|[of] p2a: Gliscor
|move|p1a: Corviknight|U-turn|p2a: Gliscor
|-resisted|p2a: Gliscor
|-damage|p2a: Gliscor|95/100 tox
|inactive|ikigai road 34 has 120 seconds left.
|
|t:|1779690998
|switch|p1a: Pincurchin|Pincurchin, M|100/100|[from] U-turn
|-fieldstart|move: Electric Terrain|[from] ability: Electric Surge|[of] p1a: Pincurchin
|
|-heal|p2a: Gliscor|100/100 tox|[from] ability: Poison Heal
|upkeep
|turn|3
|inactive|ikigai road 34 has 120 seconds left.
|
|t:|1779691013
|switch|p1a: Corviknight|Corviknight, M|87/100
|-ability|p1a: Corviknight|Pressure
|move|p2a: Gliscor|Earthquake|p1a: Corviknight
|-immune|p1a: Corviknight
|
|upkeep
|turn|4
|inactive|ikigai road 34 has 120 seconds left.
|
|t:|1779691024
|move|p2a: Gliscor|Swords Dance|p2a: Gliscor
|-boost|p2a: Gliscor|atk|2
|move|p1a: Corviknight|U-turn|p2a: Gliscor
|-resisted|p2a: Gliscor
|-damage|p2a: Gliscor|95/100 tox
|inactive|ikigai road 34 has 120 seconds left.
|inactive|ikigai road 34 has 90 seconds left.
|inactive|ikigai road 34 has 60 seconds left.
|c|☆diegoparra27|maan
|
|t:|1779691115
|switch|p1a: Iron Moth|Iron Moth|100/100|[from] U-turn
|-activate|p1a: Iron Moth|ability: Quark Drive
|-start|p1a: Iron Moth|quarkdrivespe
|
|-heal|p2a: Gliscor|100/100 tox|[from] ability: Poison Heal
|upkeep
|turn|5
|
|t:|1779691124
|-terastallize|p1a: Iron Moth|Grass
|move|p1a: Iron Moth|Energy Ball|p2a: Gliscor
|-damage|p2a: Gliscor|63/100 tox
|move|p2a: Gliscor|Earthquake|p1a: Iron Moth
|-resisted|p1a: Iron Moth
|-damage|p1a: Iron Moth|40/100
|
|-heal|p2a: Gliscor|75/100 tox|[from] ability: Poison Heal
|upkeep
|turn|6
|inactive|ikigai road 34 has 30 seconds left.
|inactive|ikigai road 34 has 20 seconds left.
|inactive|ikigai road 34 has 15 seconds left.
|
|t:|1779691159
|-end|p1a: Iron Moth|Quark Drive|[silent]
|switch|p1a: Corviknight|Corviknight, M|87/100
|-ability|p1a: Corviknight|Pressure
|move|p2a: Gliscor|Earthquake|p1a: Corviknight
|-immune|p1a: Corviknight
|
|-heal|p2a: Gliscor|88/100 tox|[from] ability: Poison Heal
|upkeep
|turn|7
|inactive|ikigai road 34 has 25 seconds left this turn.
|inactive|ikigai road 34 has 20 seconds left.
|inactive|ikigai road 34 has 15 seconds left.
|
|t:|1779691169
|move|p2a: Gliscor|Knock Off|p1a: Corviknight
|-damage|p1a: Corviknight|70/100
|move|p1a: Corviknight|Body Press|p2a: Gliscor
|-resisted|p2a: Gliscor
|-damage|p2a: Gliscor|77/100 tox
|
|-heal|p2a: Gliscor|90/100 tox|[from] ability: Poison Heal
|upkeep
|turn|8
|inactive|ikigai road 34 has 25 seconds left this turn.
|inactive|ikigai road 34 has 20 seconds left.
|inactive|ikigai road 34 has 15 seconds left.
|
|t:|1779691183
|move|p2a: Gliscor|Swords Dance|p2a: Gliscor
|-boost|p2a: Gliscor|atk|2
|move|p1a: Corviknight|U-turn|p2a: Gliscor
|-resisted|p2a: Gliscor
|-damage|p2a: Gliscor|84/100 tox
|inactive|ikigai road 34 has 20 seconds left this turn.
|inactive|ikigai road 34 has 15 seconds left.
|
|t:|1779691188
|switch|p1a: Iron Crown|Iron Crown|100/100|[from] U-turn
|-activate|p1a: Iron Crown|ability: Quark Drive
|-start|p1a: Iron Crown|quarkdrivespa
|
|-heal|p2a: Gliscor|97/100 tox|[from] ability: Poison Heal
|upkeep
|turn|9
|inactive|ikigai road 34 has 25 seconds left this turn.
|inactive|ikigai road 34 has 20 seconds left.
|inactive|ikigai road 34 has 15 seconds left.
|
|t:|1779691199
|move|p1a: Iron Crown|Psychic Noise|p2a: Gliscor
|-damage|p2a: Gliscor|53/100 tox
|-start|p2a: Gliscor|move: Heal Block
|move|p2a: Gliscor|Earthquake|p1a: Iron Crown
|-supereffective|p1a: Iron Crown
|-damage|p1a: Iron Crown|0 fnt
|faint|p1a: Iron Crown
|-end|p1a: Iron Crown|Quark Drive|[silent]
|
|-fieldend|move: Electric Terrain
|upkeep
|inactive|ikigai road 34 has 20 seconds left this turn.
|inactive|ikigai road 34 has 15 seconds left.
|
|t:|1779691207
|switch|p1a: Iron Valiant|Iron Valiant|100/100
|turn|10
|inactive|ikigai road 34 has 25 seconds left this turn.
|
|t:|1779691212
|move|p2a: Gliscor|Protect|p2a: Gliscor
|-singleturn|p2a: Gliscor|Protect
|move|p1a: Iron Valiant|Liquidation|p2a: Gliscor
|-activate|p2a: Gliscor|move: Protect
|
|-end|p2a: Gliscor|move: Heal Block
|upkeep
|turn|11
|inactive|ikigai road 34 has 30 seconds left.
|
|t:|1779691229
|switch|p2a: Weezing|Weezing-Galar, M|100/100
|-ability|p2a: Weezing|Neutralizing Gas
|move|p1a: Iron Valiant|Thunderbolt|p2a: Weezing
|-damage|p2a: Weezing|46/100
|-damage|p1a: Iron Valiant|91/100|[from] item: Life Orb
|
|upkeep
|turn|12
|inactive|ikigai road 34 has 30 seconds left.
|
|t:|1779691242
|-end|p2a: Weezing|ability: Neutralizing Gas
|switch|p2a: Blissey|Blissey, F|100/100
|move|p1a: Iron Valiant|Liquidation|p2a: Blissey
|-damage|p2a: Blissey|62/100
|-unboost|p2a: Blissey|def|1
|-damage|p1a: Iron Valiant|81/100|[from] item: Life Orb
|
|-heal|p2a: Blissey|69/100|[from] item: Leftovers
|upkeep
|turn|13
|inactive|ikigai road 34 has 30 seconds left.
|
|t:|1779691256
|switch|p2a: Dondozo|Dondozo, M|100/100
|move|p1a: Iron Valiant|Close Combat|p2a: Dondozo
|-damage|p2a: Dondozo|64/100
|-unboost|p1a: Iron Valiant|def|1
|-unboost|p1a: Iron Valiant|spd|1
|-damage|p1a: Iron Valiant|71/100|[from] item: Life Orb
|
|-heal|p2a: Dondozo|70/100|[from] item: Leftovers
|upkeep
|turn|14
|
|t:|1779691283
|-terastallize|p2a: Dondozo|Fighting
|move|p1a: Iron Valiant|Thunderbolt|p2a: Dondozo
|-damage|p2a: Dondozo|33/100
|-damage|p1a: Iron Valiant|62/100|[from] item: Life Orb
|move|p2a: Dondozo|Curse|p2a: Dondozo
|-unboost|p2a: Dondozo|spe|1
|-boost|p2a: Dondozo|atk|1
|-boost|p2a: Dondozo|def|1
|
|-heal|p2a: Dondozo|39/100|[from] item: Leftovers
|upkeep
|turn|15
|
|t:|1779691298
|switch|p2a: Gliscor|Gliscor, F|53/100 tox
|move|p1a: Iron Valiant|Moonblast|p2a: Gliscor
|-damage|p2a: Gliscor|0 fnt
|faint|p2a: Gliscor
|-damage|p1a: Iron Valiant|52/100|[from] item: Life Orb
|
|upkeep
|
|t:|1779691306
|switch|p2a: Toxapex|Toxapex, M|100/100
|turn|16
|
|t:|1779691315
|-end|p1a: Iron Valiant|Quark Drive|[silent]
|switch|p1a: Corviknight|Corviknight, M|70/100
|-ability|p1a: Corviknight|Pressure
|switch|p2a: Weezing|Weezing-Galar, M|46/100
|-ability|p2a: Weezing|Neutralizing Gas
|
|upkeep
|turn|17
|
|t:|1779691321
|move|p1a: Corviknight|U-turn|p2a: Weezing
|-resisted|p2a: Weezing
|-damage|p2a: Weezing|44/100
|
|t:|1779691324
|switch|p1a: Pincurchin|Pincurchin, M|100/100|[from] U-turn
|move|p2a: Weezing|Pain Split|p1a: Pincurchin
|-sethp|p1a: Pincurchin|74/100|[from] move: Pain Split|[silent]
|-sethp|p2a: Weezing|67/100|[from] move: Pain Split
|
|upkeep
|turn|18
|
|t:|1779691336
|switch|p1a: Cinderace|Cinderace, F|100/100
|move|p2a: Weezing|Toxic Spikes|p1a: Cinderace
|-sidestart|p1: ikigai road 34|move: Toxic Spikes
|
|upkeep
|turn|19
|
|t:|1779691344
|move|p1a: Cinderace|Court Change|p1a: Cinderace
|-swapsideconditions
|-activate|p1a: Cinderace|move: Court Change
|move|p2a: Weezing|Pain Split|p1a: Cinderace
|-sethp|p1a: Cinderace|87/100|[from] move: Pain Split|[silent]
|-sethp|p2a: Weezing|79/100|[from] move: Pain Split
|
|upkeep
|turn|20
|
|t:|1779691350
|move|p1a: Cinderace|Flare Blitz|p2a: Weezing
|-damage|p2a: Weezing|41/100
|-status|p2a: Weezing|brn
|-damage|p1a: Cinderace|73/100|[from] Recoil
|move|p2a: Weezing|Toxic Spikes|p1a: Cinderace
|-sidestart|p1: ikigai road 34|move: Toxic Spikes
|
|-damage|p2a: Weezing|35/100 brn|[from] brn
|upkeep
|turn|21
|
|t:|1779691365
|move|p1a: Cinderace|U-turn|p2a: Weezing
|-resisted|p2a: Weezing
|-damage|p2a: Weezing|31/100 brn
|
|t:|1779691370
|switch|p1a: Corviknight|Corviknight, M|70/100|[from] U-turn
|move|p2a: Weezing|Toxic Spikes|p1a: Corviknight
|-sidestart|p1: ikigai road 34|move: Toxic Spikes
|
|-damage|p2a: Weezing|25/100 brn|[from] brn
|upkeep
|turn|22
|
|t:|1779691380
|switch|p1a: Iron Moth|Iron Moth, tera:Grass|40/100
|-status|p1a: Iron Moth|tox
|move|p2a: Weezing|Will-O-Wisp||[still]
|-fail|p2a: Weezing
|
|-damage|p1a: Iron Moth|34/100 tox|[from] psn
|-damage|p2a: Weezing|19/100 brn|[from] brn
|upkeep
|turn|23
|
|t:|1779691394
|-end|p2a: Weezing|ability: Neutralizing Gas
|switch|p2a: Toxapex|Toxapex, M|100/100
|-sideend|p2: diegoparra27|move: Toxic Spikes|[of] p2a: Toxapex
|move|p1a: Iron Moth|Fiery Dance|p2a: Toxapex
|-resisted|p2a: Toxapex
|-damage|p2a: Toxapex|86/100
|-boost|p1a: Iron Moth|spa|1
|
|-damage|p1a: Iron Moth|22/100 tox|[from] psn
|upkeep
|turn|24
|
|t:|1779691406
|move|p1a: Iron Moth|Discharge|p2a: Toxapex
|-supereffective|p2a: Toxapex
|-damage|p2a: Toxapex|15/100
|move|p2a: Toxapex|Poison Jab|p1a: Iron Moth
|-supereffective|p1a: Iron Moth
|-crit|p1a: Iron Moth
|-damage|p1a: Iron Moth|0 fnt
|faint|p1a: Iron Moth
|-end|p1a: Iron Moth|Quark Drive|[silent]
|
|upkeep
|inactive|ikigai road 34 has 90 seconds left.
|
|t:|1779691424
|switch|p1a: Cinderace|Cinderace, F|73/100
|turn|25
|
|t:|1779691430
|move|p1a: Cinderace|Flare Blitz|p2a: Toxapex
|-resisted|p2a: Toxapex
|-damage|p2a: Toxapex|0 fnt
|faint|p2a: Toxapex
|-damage|p1a: Cinderace|68/100|[from] Recoil
|
|upkeep
|
|t:|1779691436
|switch|p2a: Dondozo|Dondozo, M, tera:Fighting|39/100
|turn|26
|
|t:|1779691441
|move|p1a: Cinderace|Court Change|p1a: Cinderace
|-start|p1a: Cinderace|typechange|Normal|[from] ability: Libero
|-swapsideconditions
|-activate|p1a: Cinderace|move: Court Change
|move|p2a: Dondozo|Waterfall|p1a: Cinderace
|-damage|p1a: Cinderace|30/100
|
|-heal|p2a: Dondozo|45/100|[from] item: Leftovers
|upkeep
|turn|27
|
|t:|1779691452
|move|p1a: Cinderace|Flare Blitz|p2a: Dondozo
|-damage|p2a: Dondozo|27/100
|-damage|p1a: Cinderace|20/100|[from] Recoil
|move|p2a: Dondozo|Waterfall|p1a: Cinderace
|-damage|p1a: Cinderace|0 fnt
|faint|p1a: Cinderace
|
|-heal|p2a: Dondozo|33/100|[from] item: Leftovers
|upkeep
|inactive|ikigai road 34 has 120 seconds left.
|
|t:|1779691462
|switch|p1a: Pincurchin|Pincurchin, M|74/100
|-fieldstart|move: Electric Terrain|[from] ability: Electric Surge|[of] p1a: Pincurchin
|turn|28
|
|t:|1779691466
|switch|p2a: Weezing|Weezing-Galar, M|19/100 brn
|-ability|p2a: Weezing|Neutralizing Gas
|-sideend|p2: diegoparra27|move: Toxic Spikes|[of] p2a: Weezing
|move|p1a: Pincurchin|Zing Zap|p2a: Weezing
|-damage|p2a: Weezing|0 fnt
|faint|p2a: Weezing
|-end|p2a: Weezing|ability: Neutralizing Gas
|
|upkeep
|
|t:|1779691473
|switch|p2a: Blissey|Blissey, F|69/100
|turn|29
|
|t:|1779691486
|switch|p1a: Corviknight|Corviknight, M|70/100
|-ability|p1a: Corviknight|Pressure
|move|p2a: Blissey|Seismic Toss|p1a: Corviknight
|-damage|p1a: Corviknight|45/100
|
|-heal|p2a: Blissey|75/100|[from] item: Leftovers
|upkeep
|turn|30
|
|t:|1779691494
|move|p1a: Corviknight|Roost|p1a: Corviknight
|-heal|p1a: Corviknight|95/100
|-singleturn|p1a: Corviknight|move: Roost
|move|p2a: Blissey|Stealth Rock|p1a: Corviknight
|-sidestart|p1: ikigai road 34|move: Stealth Rock
|
|-heal|p2a: Blissey|81/100|[from] item: Leftovers
|upkeep
|turn|31
|
|t:|1779691500
|switch|p2a: Corviknight|Corviknight, F|100/100
|-ability|p2a: Corviknight|Pressure
|move|p1a: Corviknight|Defog|p2a: Corviknight
|-unboost|p2a: Corviknight|evasion|1
|-sideend|p1: ikigai road 34|Stealth Rock|[from] move: Defog|[of] p1a: Corviknight
|-fieldend|move: Electric Terrain
|
|upkeep
|turn|32
|
|t:|1779691508
|switch|p1a: Pincurchin|Pincurchin, M|74/100
|-fieldstart|move: Electric Terrain|[from] ability: Electric Surge|[of] p1a: Pincurchin
|move|p2a: Corviknight|Iron Defense|p2a: Corviknight
|-boost|p2a: Corviknight|def|2
|
|upkeep
|turn|33
|
|t:|1779691514
|move|p2a: Corviknight|Body Press|p1a: Pincurchin
|-damage|p1a: Pincurchin|31/100
|move|p1a: Pincurchin|Zing Zap|p2a: Corviknight
|-supereffective|p2a: Corviknight
|-crit|p2a: Corviknight
|-damage|p2a: Corviknight|35/100
|
|-heal|p2a: Corviknight|41/100|[from] item: Leftovers
|upkeep
|turn|34
|
|t:|1779691524
|move|p2a: Corviknight|Body Press|p1a: Pincurchin
|-damage|p1a: Pincurchin|0 fnt
|faint|p1a: Pincurchin
|
|-heal|p2a: Corviknight|48/100|[from] item: Leftovers
|upkeep
|
|t:|1779691527
|switch|p1a: Iron Valiant|Iron Valiant|52/100
|-activate|p1a: Iron Valiant|ability: Quark Drive
|-start|p1a: Iron Valiant|quarkdrivespe
|turn|35
|
|t:|1779691539
|switch|p2a: Blissey|Blissey, F|81/100
|move|p1a: Iron Valiant|Thunderbolt|p2a: Blissey
|-damage|p2a: Blissey|66/100
|-damage|p1a: Iron Valiant|42/100|[from] item: Life Orb
|
|-heal|p2a: Blissey|72/100|[from] item: Leftovers
|upkeep
|turn|36
|
|t:|1779691551
|switch|p2a: Dondozo|Dondozo, M, tera:Fighting|33/100
|move|p1a: Iron Valiant|Close Combat|p2a: Dondozo
|-damage|p2a: Dondozo|0 fnt
|-unboost|p1a: Iron Valiant|def|1
|-unboost|p1a: Iron Valiant|spd|1
|faint|p2a: Dondozo
|-damage|p1a: Iron Valiant|33/100|[from] item: Life Orb
|
|upkeep
|
|t:|1779691568
|switch|p2a: Corviknight|Corviknight, F|48/100
|-ability|p2a: Corviknight|Pressure
|turn|37
|
|t:|1779691574
|move|p1a: Iron Valiant|Thunderbolt|p2a: Corviknight
|-supereffective|p2a: Corviknight
|-damage|p2a: Corviknight|0 fnt
|faint|p2a: Corviknight
|-damage|p1a: Iron Valiant|23/100|[from] item: Life Orb
|
|upkeep
|
|t:|1779691578
|switch|p2a: Blissey|Blissey, F|72/100
|turn|38
|
|t:|1779691583
|move|p1a: Iron Valiant|Close Combat|p2a: Blissey
|-supereffective|p2a: Blissey
|-damage|p2a: Blissey|0 fnt
|-unboost|p1a: Iron Valiant|def|1
|-unboost|p1a: Iron Valiant|spd|1
|faint|p2a: Blissey
|-damage|p1a: Iron Valiant|13/100|[from] item: Life Orb
|
|win|ikigai road 34
|raw|ikigai road 34's rating: 1115 &rarr; <strong>1147</strong><br />(+32 for winning)
|raw|diegoparra27's rating: 1211 &rarr; <strong>1179</strong><br />(-32 for losing)
|l|☆ikigai road 34
|player|p1|
|c|☆diegoparra27|gg
|l|☆diegoparra27
|player|p2|
