|j|☆goodnightnite
|j|☆Hantaanime Virus
|inactive|Battle timer is ON: inactive players will automatically lose when time's up.
|t:|1779704705
|gametype|singles
|player|p1|goodnightnite|miku-water|
|player|p2|Hantaanime Virus|101|
|gen|9
|tier|[Gen 9] OU
|rated|Tournament battle
|rule|HP Percentage Mod: HP is shown in percentages
|rule|Endless Battle Clause: Forcing endless battles is banned
|rule|Species Clause: Limit one of each Pokémon
|rule|OHKO Clause: OHKO moves are banned
|rule|Evasion Items Clause: Evasion items are banned
|rule|Evasion Moves Clause: Evasion moves are banned
|rule|Evasion Abilities Clause: Evasion abilities are banned
|rule|Sleep Moves Clause: Sleep-inducing moves are banned
|clearpoke
|poke|p1|Weezing-Galar, M|
|poke|p1|Alomomola, F|
|poke|p1|Iron Treads|
|poke|p1|Tornadus-Therian, M|
|poke|p1|Zamazenta-*|
|poke|p1|Lokix, F|
|poke|p2|Slowking-Galar, F|
|poke|p2|Corviknight, M|
|poke|p2|Ting-Lu|
|poke|p2|Alomomola, F|
|poke|p2|Kyurem|
|poke|p2|Zamazenta-*|
|teampreview
|inactive|goodnightnite also wants the timer to be on.
|inactive|goodnightnite has 120 seconds left.
|
|t:|1779704750
|teamsize|p1|6
|teamsize|p2|6
|start
|switch|p1a: Tornadus|Tornadus-Therian, M|100/100
|switch|p2a: ThiccThangWithBBL|Alomomola, F|100/100
|turn|1
|
|t:|1779704754
|move|p1a: Tornadus|Knock Off|p2a: ThiccThangWithBBL
|-damage|p2a: ThiccThangWithBBL|89/100
|-enditem|p2a: ThiccThangWithBBL|Heavy-Duty Boots|[from] move: Knock Off|[of] p1a: Tornadus
|move|p2a: ThiccThangWithBBL|Flip Turn|p1a: Tornadus
|-damage|p1a: Tornadus|81/100
|
|t:|1779704757
|switch|p2a: DownSyndromeShawty|Slowking-Galar, F|100/100|[from] Flip Turn
|
|upkeep
|turn|2
|
|t:|1779704784
|switch|p2a: ThiccThangWithBBL|Alomomola, F|100/100
|move|p1a: Tornadus|Knock Off|p2a: ThiccThangWithBBL
|-damage|p2a: ThiccThangWithBBL|91/100
|
|upkeep
|turn|3
|
|t:|1779704790
|move|p1a: Tornadus|Bleakwind Storm|p2a: ThiccThangWithBBL
|-damage|p2a: ThiccThangWithBBL|56/100
|move|p2a: ThiccThangWithBBL|Flip Turn|p1a: Tornadus
|-damage|p1a: Tornadus|62/100
|
|t:|1779704793
|switch|p2a: DownSyndromeShawty|Slowking-Galar, F|100/100|[from] Flip Turn
|
|upkeep
|turn|4
|
|t:|1779704797
|switch|p2a: ThiccThangWithBBL|Alomomola, F|89/100
|move|p1a: Tornadus|Knock Off|p2a: ThiccThangWithBBL
|-damage|p2a: ThiccThangWithBBL|81/100
|
|upkeep
|turn|5
|
|t:|1779704801
|move|p1a: Tornadus|Bleakwind Storm|p2a: ThiccThangWithBBL|[miss]
|-miss|p1a: Tornadus|p2a: ThiccThangWithBBL
|move|p2a: ThiccThangWithBBL|Flip Turn|p1a: Tornadus
|-damage|p1a: Tornadus|43/100
|
|t:|1779704803
|switch|p2a: DownSyndromeShawty|Slowking-Galar, F|100/100|[from] Flip Turn
|
|upkeep
|turn|6
|
|t:|1779704807
|switch|p1a: Lokix|Lokix, F|100/100
|switch|p2a: ThiccThangWithBBL|Alomomola, F|100/100
|
|upkeep
|turn|7
|
|t:|1779704817
|move|p1a: Lokix|U-turn|p2a: ThiccThangWithBBL
|-damage|p2a: ThiccThangWithBBL|69/100
|
|t:|1779704821
|switch|p1a: Weezing|Weezing-Galar, M|100/100|[from] U-turn
|-ability|p1a: Weezing|Neutralizing Gas
|move|p2a: ThiccThangWithBBL|Flip Turn|p1a: Weezing
|-damage|p1a: Weezing|90/100
|
|t:|1779704825
|switch|p2a: DownSyndromeShawty|Slowking-Galar, F|100/100|[from] Flip Turn
|
|-heal|p1a: Weezing|96/100|[from] item: Leftovers
|upkeep
|turn|8
|
|t:|1779704830
|-end|p1a: Weezing|ability: Neutralizing Gas
|switch|p1a: Tornadus|Tornadus-Therian, M|77/100
|move|p2a: DownSyndromeShawty|Future Sight|p1a: Tornadus
|-start|p2a: DownSyndromeShawty|move: Future Sight
|
|upkeep
|turn|9
|
|t:|1779704836
|move|p1a: Tornadus|Knock Off|p2a: DownSyndromeShawty
|-supereffective|p2a: DownSyndromeShawty
|-damage|p2a: DownSyndromeShawty|60/100
|-enditem|p2a: DownSyndromeShawty|Black Sludge|[from] move: Knock Off|[of] p1a: Tornadus
|-prepare|p2a: DownSyndromeShawty|Chilly Reception|[premajor]
|move|p2a: DownSyndromeShawty|Chilly Reception|p2a: DownSyndromeShawty
|-weather|Snowscape
|
|t:|1779704840
|switch|p2a: TheOriginalDragon|Kyurem|100/100|[from] Chilly Reception
|-ability|p2a: TheOriginalDragon|Pressure
|
|-weather|Snowscape|[upkeep]
|upkeep
|turn|10
|
|t:|1779704846
|move|p1a: Tornadus|Knock Off|p2a: TheOriginalDragon
|-damage|p2a: TheOriginalDragon|88/100
|-enditem|p2a: TheOriginalDragon|Choice Specs|[from] move: Knock Off|[of] p1a: Tornadus
|move|p2a: TheOriginalDragon|Freeze-Dry|p1a: Tornadus
|-supereffective|p1a: Tornadus
|-damage|p1a: Tornadus|23/100
|
|-weather|Snowscape|[upkeep]
|-end|p1a: Tornadus|move: Future Sight
|-damage|p1a: Tornadus|0 fnt
|faint|p1a: Tornadus
|upkeep
|
|t:|1779704855
|switch|p1a: Zamazenta|Zamazenta|100/100
|-ability|p1a: Zamazenta|Dauntless Shield|boost
|-boost|p1a: Zamazenta|def|1
|turn|11
|
|t:|1779704860
|switch|p2a: DownSyndromeShawty|Slowking-Galar, F|94/100
|move|p1a: Zamazenta|Crunch|p2a: DownSyndromeShawty
|-supereffective|p2a: DownSyndromeShawty
|-damage|p2a: DownSyndromeShawty|0 fnt
|faint|p2a: DownSyndromeShawty
|
|-weather|Snowscape|[upkeep]
|upkeep
|
|t:|1779704866
|switch|p2a: ThiccThangWithBBL|Alomomola, F|69/100
|turn|12
|j| sfghjkjhgfdfgh
|
|t:|1779704874
|move|p1a: Zamazenta|Crunch|p2a: ThiccThangWithBBL
|-damage|p2a: ThiccThangWithBBL|41/100
|move|p2a: ThiccThangWithBBL|Wish|p2a: ThiccThangWithBBL
|
|-weather|Snowscape|[upkeep]
|upkeep
|turn|13
|l| sfghjkjhgfdfgh
|
|t:|1779704880
|move|p1a: Zamazenta|Crunch|p2a: ThiccThangWithBBL
|-damage|p2a: ThiccThangWithBBL|15/100
|move|p2a: ThiccThangWithBBL|Scald|p1a: Zamazenta
|-damage|p1a: Zamazenta|88/100
|-status|p1a: Zamazenta|brn
|
|-weather|none
|-heal|p2a: ThiccThangWithBBL|65/100|[from] move: Wish|[wisher] ThiccThangWithBBL
|-damage|p1a: Zamazenta|81/100 brn|[from] brn
|upkeep
|turn|14
|
|t:|1779704888
|switch|p1a: Weezing|Weezing-Galar, M|96/100
|-ability|p1a: Weezing|Neutralizing Gas
|move|p2a: ThiccThangWithBBL|Wish|p2a: ThiccThangWithBBL
|
|-heal|p1a: Weezing|100/100|[from] item: Leftovers
|upkeep
|turn|15
|
|t:|1779704897
|move|p2a: ThiccThangWithBBL|Protect|p2a: ThiccThangWithBBL
|-singleturn|p2a: ThiccThangWithBBL|Protect
|move|p1a: Weezing|Toxic|p2a: ThiccThangWithBBL
|-activate|p2a: ThiccThangWithBBL|move: Protect
|
|-heal|p2a: ThiccThangWithBBL|100/100|[from] move: Wish|[wisher] ThiccThangWithBBL
|upkeep
|turn|16
|
|t:|1779704902
|switch|p2a: BigBlackCrownelius|Corviknight, M|100/100
|move|p1a: Weezing|Will-O-Wisp|p2a: BigBlackCrownelius|[miss]
|-miss|p1a: Weezing|p2a: BigBlackCrownelius
|
|upkeep
|turn|17
|
|t:|1779704907
|move|p2a: BigBlackCrownelius|U-turn|p1a: Weezing
|-resisted|p1a: Weezing
|-damage|p1a: Weezing|98/100
|c|☆Hantaanime Virus|madness dawg
|
|t:|1779704912
|switch|p2a: TingTingTing Luhur|Ting-Lu|100/100|[from] U-turn
|move|p1a: Weezing|Toxic|p2a: TingTingTing Luhur
|-status|p2a: TingTingTing Luhur|tox
|
|-heal|p1a: Weezing|100/100|[from] item: Leftovers
|-damage|p2a: TingTingTing Luhur|94/100 tox|[from] psn
|upkeep
|turn|18
|
|t:|1779704919
|-end|p1a: Weezing|ability: Neutralizing Gas
|-ability|p2a: TingTingTing Luhur|Vessel of Ruin
|switch|p1a: Lokix|Lokix, F|100/100
|move|p2a: TingTingTing Luhur|Stealth Rock|p1a: Lokix
|-sidestart|p1: goodnightnite|move: Stealth Rock
|
|-heal|p2a: TingTingTing Luhur|100/100 tox|[from] item: Leftovers
|-damage|p2a: TingTingTing Luhur|88/100 tox|[from] psn
|upkeep
|turn|19
|
|t:|1779704924
|switch|p2a: ThiccThangWithBBL|Alomomola, F|100/100
|move|p1a: Lokix|U-turn|p2a: ThiccThangWithBBL
|-damage|p2a: ThiccThangWithBBL|70/100
|
|t:|1779704930
|switch|p1a: Iron Treads|Iron Treads|100/100|[from] U-turn
|-damage|p1a: Iron Treads|97/100|[from] Stealth Rock
|
|-heal|p1a: Iron Treads|100/100|[from] item: Leftovers
|upkeep
|turn|20
|j| sickofme
|j| yuureisuisei
|l| sickofme
|
|t:|1779704945
|move|p1a: Iron Treads|Rapid Spin|p2a: ThiccThangWithBBL
|-damage|p2a: ThiccThangWithBBL|61/100
|-boost|p1a: Iron Treads|spe|1
|-sideend|p1: goodnightnite|Stealth Rock|[from] move: Rapid Spin|[of] p1a: Iron Treads
|move|p2a: ThiccThangWithBBL|Scald|p1a: Iron Treads
|-supereffective|p1a: Iron Treads
|-damage|p1a: Iron Treads|72/100
|
|-heal|p1a: Iron Treads|78/100|[from] item: Leftovers
|upkeep
|turn|21
|j| sickofme
|
|t:|1779704950
|-end|p1a: Iron Treads|Quark Drive|[silent]
|switch|p1a: Alomomola|Alomomola, F|100/100
|move|p2a: ThiccThangWithBBL|Flip Turn|p1a: Alomomola
|-resisted|p1a: Alomomola
|-damage|p1a: Alomomola|96/100
|-damage|p2a: ThiccThangWithBBL|45/100|[from] item: Rocky Helmet|[of] p1a: Alomomola
|l| sickofme
|
|t:|1779704954
|switch|p2a: TingTingTing Luhur|Ting-Lu|88/100 tox|[from] Flip Turn
|-ability|p2a: TingTingTing Luhur|Vessel of Ruin
|
|-heal|p2a: TingTingTing Luhur|94/100 tox|[from] item: Leftovers
|-damage|p2a: TingTingTing Luhur|88/100 tox|[from] psn
|upkeep
|turn|22
|
|t:|1779704959
|move|p1a: Alomomola|Wish|p1a: Alomomola
|move|p2a: TingTingTing Luhur|Stealth Rock|p1a: Alomomola
|-sidestart|p1: goodnightnite|move: Stealth Rock
|
|-heal|p2a: TingTingTing Luhur|94/100 tox|[from] item: Leftovers
|-damage|p2a: TingTingTing Luhur|82/100 tox|[from] psn
|upkeep
|turn|23
|
|t:|1779704963
|switch|p2a: ThiccThangWithBBL|Alomomola, F|78/100
|move|p1a: Alomomola|Flip Turn|p2a: ThiccThangWithBBL
|-resisted|p2a: ThiccThangWithBBL
|-damage|p2a: ThiccThangWithBBL|73/100
|
|t:|1779704968
|switch|p1a: Weezing|Weezing-Galar, M|100/100|[from] Flip Turn
|-ability|p1a: Weezing|Neutralizing Gas
|-damage|p1a: Weezing|88/100|[from] Stealth Rock
|
|-heal|p1a: Weezing|100/100|[from] move: Wish|[wisher] Alomomola
|upkeep
|turn|24
|
|t:|1779704977
|switch|p2a: BigBlackCrownelius|Corviknight, M|100/100
|move|p1a: Weezing|Defog|p2a: BigBlackCrownelius
|-unboost|p2a: BigBlackCrownelius|evasion|1
|-sideend|p1: goodnightnite|Stealth Rock|[from] move: Defog|[of] p1a: Weezing
|
|upkeep
|turn|25
|
|t:|1779704981
|switch|p2a: ThiccThangWithBBL|Alomomola, F|73/100
|move|p1a: Weezing|Will-O-Wisp|p2a: ThiccThangWithBBL|[miss]
|-miss|p1a: Weezing|p2a: ThiccThangWithBBL
|
|upkeep
|turn|26
|c|☆Hantaanime Virus|why bruh
|c|☆Hantaanime Virus|why is this move missing
|
|t:|1779704996
|switch|p2a: TingTingTing Luhur|Ting-Lu|82/100 tox
|move|p1a: Weezing|Toxic|p2a: TingTingTing Luhur
|-fail|p2a: TingTingTing Luhur|tox
|
|-heal|p2a: TingTingTing Luhur|88/100 tox|[from] item: Leftovers
|-damage|p2a: TingTingTing Luhur|82/100 tox|[from] psn
|upkeep
|turn|27
|
|t:|1779705000
|move|p1a: Weezing|Protect|p1a: Weezing
|-singleturn|p1a: Weezing|Protect
|move|p2a: TingTingTing Luhur|Stealth Rock|p1a: Weezing
|-sidestart|p1: goodnightnite|move: Stealth Rock
|
|-heal|p2a: TingTingTing Luhur|88/100 tox|[from] item: Leftovers
|-damage|p2a: TingTingTing Luhur|76/100 tox|[from] psn
|upkeep
|turn|28
|j| red556
|
|t:|1779705004
|move|p1a: Weezing|Defog|p2a: TingTingTing Luhur
|-unboost|p2a: TingTingTing Luhur|evasion|1
|-sideend|p1: goodnightnite|Stealth Rock|[from] move: Defog|[of] p1a: Weezing
|move|p2a: TingTingTing Luhur|Earthquake|p1a: Weezing
|-supereffective|p1a: Weezing
|-damage|p1a: Weezing|55/100
|
|-heal|p1a: Weezing|61/100|[from] item: Leftovers
|-heal|p2a: TingTingTing Luhur|82/100 tox|[from] item: Leftovers
|-damage|p2a: TingTingTing Luhur|63/100 tox|[from] psn
|upkeep
|turn|29
|
|t:|1779705011
|move|p1a: Weezing|Protect|p1a: Weezing
|-singleturn|p1a: Weezing|Protect
|move|p2a: TingTingTing Luhur|Stealth Rock|p1a: Weezing
|-sidestart|p1: goodnightnite|move: Stealth Rock
|
|-heal|p1a: Weezing|67/100|[from] item: Leftovers
|-heal|p2a: TingTingTing Luhur|70/100 tox|[from] item: Leftovers
|-damage|p2a: TingTingTing Luhur|45/100 tox|[from] psn
|upkeep
|turn|30
|
|t:|1779705028
|-end|p1a: Weezing|ability: Neutralizing Gas
|-ability|p2a: TingTingTing Luhur|Vessel of Ruin
|switch|p1a: Alomomola|Alomomola, F|100/100
|-damage|p1a: Alomomola|88/100|[from] Stealth Rock
|move|p2a: TingTingTing Luhur|Earthquake|p1a: Alomomola
|-damage|p1a: Alomomola|65/100
|
|-heal|p2a: TingTingTing Luhur|51/100 tox|[from] item: Leftovers
|-damage|p2a: TingTingTing Luhur|20/100 tox|[from] psn
|upkeep
|turn|31
|
|t:|1779705033
|move|p1a: Alomomola|Wish|p1a: Alomomola
|move|p2a: TingTingTing Luhur|Rest|p2a: TingTingTing Luhur
|-status|p2a: TingTingTing Luhur|slp|[from] move: Rest
|-heal|p2a: TingTingTing Luhur|100/100 slp|[silent]
|
|upkeep
|turn|32
|j| OUZQ Crocodile
|
|t:|1779705037
|move|p1a: Alomomola|Flip Turn|p2a: TingTingTing Luhur
|-supereffective|p2a: TingTingTing Luhur
|-damage|p2a: TingTingTing Luhur|85/100 slp
|
|t:|1779705040
|switch|p1a: Weezing|Weezing-Galar, M|67/100|[from] Flip Turn
|-ability|p1a: Weezing|Neutralizing Gas
|-damage|p1a: Weezing|55/100|[from] Stealth Rock
|cant|p2a: TingTingTing Luhur|slp
|
|-heal|p1a: Weezing|100/100|[from] move: Wish|[wisher] Alomomola
|-heal|p2a: TingTingTing Luhur|91/100 slp|[from] item: Leftovers
|upkeep
|turn|33
|
|t:|1779705044
|move|p1a: Weezing|Defog|p2a: TingTingTing Luhur
|-unboost|p2a: TingTingTing Luhur|evasion|1
|-sideend|p1: goodnightnite|Stealth Rock|[from] move: Defog|[of] p1a: Weezing
|cant|p2a: TingTingTing Luhur|slp
|
|-heal|p2a: TingTingTing Luhur|97/100 slp|[from] item: Leftovers
|upkeep
|turn|34
|
|t:|1779705050
|-end|p1a: Weezing|ability: Neutralizing Gas
|-ability|p2a: TingTingTing Luhur|Vessel of Ruin
|switch|p1a: Lokix|Lokix, F|100/100
|-curestatus|p2a: TingTingTing Luhur|slp|[msg]
|move|p2a: TingTingTing Luhur|Earthquake|p1a: Lokix
|-resisted|p1a: Lokix
|-damage|p1a: Lokix|74/100
|
|-heal|p2a: TingTingTing Luhur|100/100|[from] item: Leftovers
|upkeep
|turn|35
|
|t:|1779705061
|-terastallize|p2a: TingTingTing Luhur|Poison
|move|p1a: Lokix|U-turn|p2a: TingTingTing Luhur
|-resisted|p2a: TingTingTing Luhur
|-damage|p2a: TingTingTing Luhur|75/100
|l| OUZQ Crocodile
|c|☆goodnightnite|scald burn is tough
|
|t:|1779705072
|switch|p1a: Alomomola|Alomomola, F|98/100|[from] U-turn
|move|p2a: TingTingTing Luhur|Stealth Rock|p1a: Alomomola
|-sidestart|p1: goodnightnite|move: Stealth Rock
|
|-heal|p2a: TingTingTing Luhur|81/100|[from] item: Leftovers
|upkeep
|turn|36
|c|☆Hantaanime Virus|why were u even crunching
|c|☆Hantaanime Virus|ur fault tbf
|c|☆Hantaanime Virus|js switch out
|
|t:|1779705095
|switch|p2a: TheOriginalDragon|Kyurem|88/100
|-ability|p2a: TheOriginalDragon|Pressure
|move|p1a: Alomomola|Wish|p1a: Alomomola
|
|upkeep
|turn|37
|
|t:|1779705100
|switch|p1a: Iron Treads|Iron Treads|78/100
|-damage|p1a: Iron Treads|75/100|[from] Stealth Rock
|move|p2a: TheOriginalDragon|Freeze-Dry|p1a: Iron Treads
|-damage|p1a: Iron Treads|34/100
|
|-heal|p1a: Iron Treads|99/100|[from] move: Wish|[wisher] Alomomola
|-heal|p1a: Iron Treads|100/100|[from] item: Leftovers
|upkeep
|turn|38
|
|t:|1779705108
|move|p1a: Iron Treads|Earthquake|p2a: TheOriginalDragon
|-damage|p2a: TheOriginalDragon|48/100
|move|p2a: TheOriginalDragon|Earth Power|p1a: Iron Treads
|-supereffective|p1a: Iron Treads
|-damage|p1a: Iron Treads|32/100
|-unboost|p1a: Iron Treads|spd|1
|
|-heal|p1a: Iron Treads|38/100|[from] item: Leftovers
|upkeep
|turn|39
|
|t:|1779705116
|-end|p1a: Iron Treads|Quark Drive|[silent]
|switch|p1a: Zamazenta|Zamazenta|81/100 brn
|-damage|p1a: Zamazenta|75/100 brn|[from] Stealth Rock
|switch|p2a: ThiccThangWithBBL|Alomomola, F|73/100
|
|-damage|p1a: Zamazenta|69/100 brn|[from] brn
|upkeep
|turn|40
|
|t:|1779705122
|switch|p1a: Alomomola|Alomomola, F|100/100
|-damage|p1a: Alomomola|88/100|[from] Stealth Rock
|move|p2a: ThiccThangWithBBL|Protect||[still]
|-fail|p2a: ThiccThangWithBBL
|
|upkeep
|turn|41
|
|t:|1779705126
|move|p1a: Alomomola|Wish|p1a: Alomomola
|move|p2a: ThiccThangWithBBL|Flip Turn|p1a: Alomomola
|-resisted|p1a: Alomomola
|-damage|p1a: Alomomola|83/100
|-damage|p2a: ThiccThangWithBBL|57/100|[from] item: Rocky Helmet|[of] p1a: Alomomola
|
|t:|1779705129
|switch|p2a: TheOriginalDragon|Kyurem|48/100|[from] Flip Turn
|-ability|p2a: TheOriginalDragon|Pressure
|
|upkeep
|turn|42
|
|t:|1779705132
|move|p2a: TheOriginalDragon|Freeze-Dry|p1a: Alomomola
|-supereffective|p1a: Alomomola
|-damage|p1a: Alomomola|17/100
|move|p1a: Alomomola|Flip Turn|p2a: TheOriginalDragon
|-resisted|p2a: TheOriginalDragon
|-crit|p2a: TheOriginalDragon
|-damage|p2a: TheOriginalDragon|37/100
|
|t:|1779705137
|switch|p1a: Iron Treads|Iron Treads|38/100|[from] Flip Turn
|-damage|p1a: Iron Treads|35/100|[from] Stealth Rock
|
|-heal|p1a: Iron Treads|100/100|[from] move: Wish|[wisher] Alomomola
|upkeep
|turn|43
|
|t:|1779705140
|switch|p2a: ThiccThangWithBBL|Alomomola, F|90/100
|move|p1a: Iron Treads|Stealth Rock|p2a: ThiccThangWithBBL
|-sidestart|p2: Hantaanime Virus|move: Stealth Rock
|
|upkeep
|turn|44
|
|t:|1779705146
|-end|p1a: Iron Treads|Quark Drive|[silent]
|switch|p1a: Alomomola|Alomomola, F|50/100
|-damage|p1a: Alomomola|38/100|[from] Stealth Rock
|move|p2a: ThiccThangWithBBL|Wish|p2a: ThiccThangWithBBL
|
|upkeep
|turn|45
|
|t:|1779705150
|move|p2a: ThiccThangWithBBL|Flip Turn|p1a: Alomomola
|-resisted|p1a: Alomomola
|-damage|p1a: Alomomola|33/100
|-damage|p2a: ThiccThangWithBBL|73/100|[from] item: Rocky Helmet|[of] p1a: Alomomola
|
|t:|1779705153
|switch|p2a: TheOriginalDragon|Kyurem|37/100|[from] Flip Turn
|-damage|p2a: TheOriginalDragon|12/100|[from] Stealth Rock
|-ability|p2a: TheOriginalDragon|Pressure
|move|p1a: Alomomola|Flip Turn|p2a: TheOriginalDragon
|-resisted|p2a: TheOriginalDragon
|-damage|p2a: TheOriginalDragon|5/100
|
|t:|1779705160
|switch|p1a: Iron Treads|Iron Treads|100/100|[from] Flip Turn
|-damage|p1a: Iron Treads|97/100|[from] Stealth Rock
|
|-heal|p2a: TheOriginalDragon|66/100|[from] move: Wish|[wisher] ThiccThangWithBBL
|-heal|p1a: Iron Treads|100/100|[from] item: Leftovers
|upkeep
|turn|46
|
|t:|1779705164
|move|p1a: Iron Treads|Earthquake|p2a: TheOriginalDragon
|-damage|p2a: TheOriginalDragon|25/100
|move|p2a: TheOriginalDragon|Earth Power|p1a: Iron Treads
|-supereffective|p1a: Iron Treads
|-damage|p1a: Iron Treads|28/100
|
|-heal|p1a: Iron Treads|34/100|[from] item: Leftovers
|upkeep
|turn|47
|
|t:|1779705170
|-end|p1a: Iron Treads|Quark Drive|[silent]
|switch|p1a: Alomomola|Alomomola, F|66/100
|-damage|p1a: Alomomola|54/100|[from] Stealth Rock
|switch|p2a: ThiccThangWithBBL|Alomomola, F|100/100
|-damage|p2a: ThiccThangWithBBL|88/100|[from] Stealth Rock
|
|upkeep
|turn|48
|
|t:|1779705174
|move|p1a: Alomomola|Wish|p1a: Alomomola
|move|p2a: ThiccThangWithBBL|Flip Turn|p1a: Alomomola
|-resisted|p1a: Alomomola
|-damage|p1a: Alomomola|49/100
|-damage|p2a: ThiccThangWithBBL|72/100|[from] item: Rocky Helmet|[of] p1a: Alomomola
|
|t:|1779705176
|switch|p2a: BigBlackCrownelius|Corviknight, M|100/100|[from] Flip Turn
|-damage|p2a: BigBlackCrownelius|88/100|[from] Stealth Rock
|-ability|p2a: BigBlackCrownelius|Pressure
|
|-heal|p2a: BigBlackCrownelius|94/100|[from] item: Leftovers
|upkeep
|turn|49
|
|t:|1779705179
|move|p2a: BigBlackCrownelius|Defog|p1a: Alomomola
|-unboost|p1a: Alomomola|evasion|1
|-sideend|p1: goodnightnite|Stealth Rock|[from] move: Defog|[of] p2a: BigBlackCrownelius
|-sideend|p2: Hantaanime Virus|Stealth Rock|[from] move: Defog|[of] p2a: BigBlackCrownelius
|move|p1a: Alomomola|Flip Turn|p2a: BigBlackCrownelius
|-damage|p2a: BigBlackCrownelius|84/100
|
|t:|1779705183
|switch|p1a: Iron Treads|Iron Treads|34/100|[from] Flip Turn
|
|-heal|p1a: Iron Treads|99/100|[from] move: Wish|[wisher] Alomomola
|-heal|p1a: Iron Treads|100/100|[from] item: Leftovers
|-heal|p2a: BigBlackCrownelius|90/100|[from] item: Leftovers
|upkeep
|turn|50
|
|t:|1779705188
|move|p1a: Iron Treads|Stealth Rock|p2a: BigBlackCrownelius
|-sidestart|p2: Hantaanime Virus|move: Stealth Rock
|move|p2a: BigBlackCrownelius|Defog|p1a: Iron Treads
|-unboost|p1a: Iron Treads|evasion|1
|-sideend|p2: Hantaanime Virus|Stealth Rock|[from] move: Defog|[of] p2a: BigBlackCrownelius
|
|-heal|p2a: BigBlackCrownelius|96/100|[from] item: Leftovers
|upkeep
|turn|51
|
|t:|1779705195
|move|p1a: Iron Treads|Stealth Rock|p2a: BigBlackCrownelius
|-sidestart|p2: Hantaanime Virus|move: Stealth Rock
|move|p2a: BigBlackCrownelius|U-turn|p1a: Iron Treads
|-resisted|p1a: Iron Treads
|-damage|p1a: Iron Treads|94/100
|
|t:|1779705196
|switch|p2a: ThiccThangWithBBL|Alomomola, F|100/100|[from] U-turn
|-damage|p2a: ThiccThangWithBBL|88/100|[from] Stealth Rock
|
|-heal|p1a: Iron Treads|99/100|[from] item: Leftovers
|upkeep
|turn|52
|
|t:|1779705200
|-end|p1a: Iron Treads|Quark Drive|[silent]
|switch|p1a: Weezing|Weezing-Galar, M|100/100
|-ability|p1a: Weezing|Neutralizing Gas
|move|p2a: ThiccThangWithBBL|Scald|p1a: Weezing
|-damage|p1a: Weezing|81/100
|
|-heal|p1a: Weezing|87/100|[from] item: Leftovers
|upkeep
|turn|53
|
|t:|1779705206
|switch|p2a: TingTingTing Luhur|Ting-Lu, tera:Poison|81/100
|-damage|p2a: TingTingTing Luhur|69/100|[from] Stealth Rock
|move|p1a: Weezing|Will-O-Wisp|p2a: TingTingTing Luhur
|-status|p2a: TingTingTing Luhur|brn
|
|-heal|p1a: Weezing|93/100|[from] item: Leftovers
|-heal|p2a: TingTingTing Luhur|75/100 brn|[from] item: Leftovers
|-damage|p2a: TingTingTing Luhur|69/100 brn|[from] brn
|upkeep
|turn|54
|
|t:|1779705210
|-end|p1a: Weezing|ability: Neutralizing Gas
|-ability|p2a: TingTingTing Luhur|Vessel of Ruin
|switch|p1a: Iron Treads|Iron Treads|99/100
|move|p2a: TingTingTing Luhur|Stealth Rock|p1a: Iron Treads
|-sidestart|p1: goodnightnite|move: Stealth Rock
|
|-heal|p1a: Iron Treads|100/100|[from] item: Leftovers
|-heal|p2a: TingTingTing Luhur|75/100 brn|[from] item: Leftovers
|-damage|p2a: TingTingTing Luhur|69/100 brn|[from] brn
|upkeep
|turn|55
|
|t:|1779705215
|switch|p2a: ThiccThangWithBBL|Alomomola, F|88/100
|-damage|p2a: ThiccThangWithBBL|76/100|[from] Stealth Rock
|move|p1a: Iron Treads|Earthquake|p2a: ThiccThangWithBBL
|-damage|p2a: ThiccThangWithBBL|49/100
|
|upkeep
|turn|56
|
|t:|1779705220
|-end|p1a: Iron Treads|Quark Drive|[silent]
|switch|p1a: Lokix|Lokix, F|74/100
|-damage|p1a: Lokix|49/100|[from] Stealth Rock
|move|p2a: ThiccThangWithBBL|Wish|p2a: ThiccThangWithBBL
|
|upkeep
|turn|57
|
|t:|1779705230
|move|p2a: ThiccThangWithBBL|Protect|p2a: ThiccThangWithBBL
|-singleturn|p2a: ThiccThangWithBBL|Protect
|move|p1a: Lokix|Knock Off|p2a: ThiccThangWithBBL
|-activate|p2a: ThiccThangWithBBL|move: Protect
|
|-heal|p2a: ThiccThangWithBBL|99/100|[from] move: Wish|[wisher] ThiccThangWithBBL
|upkeep
|turn|58
|
|t:|1779705233
|move|p1a: Lokix|Knock Off|p2a: ThiccThangWithBBL
|-damage|p2a: ThiccThangWithBBL|68/100
|move|p2a: ThiccThangWithBBL|Wish|p2a: ThiccThangWithBBL
|
|upkeep
|turn|59
|
|t:|1779705237
|switch|p1a: Alomomola|Alomomola, F|83/100
|-damage|p1a: Alomomola|70/100|[from] Stealth Rock
|move|p2a: ThiccThangWithBBL|Flip Turn|p1a: Alomomola
|-resisted|p1a: Alomomola
|-damage|p1a: Alomomola|65/100
|-damage|p2a: ThiccThangWithBBL|51/100|[from] item: Rocky Helmet|[of] p1a: Alomomola
|
|t:|1779705241
|switch|p2a: TingTingTing Luhur|Ting-Lu, tera:Poison|69/100 brn|[from] Flip Turn
|-damage|p2a: TingTingTing Luhur|56/100 brn|[from] Stealth Rock
|-ability|p2a: TingTingTing Luhur|Vessel of Ruin
|
|-heal|p2a: TingTingTing Luhur|100/100 brn|[from] move: Wish|[wisher] ThiccThangWithBBL
|-damage|p2a: TingTingTing Luhur|94/100 brn|[from] brn
|upkeep
|turn|60
|
|t:|1779705250
|switch|p2a: BigBlackCrownelius|Corviknight, M|96/100
|-damage|p2a: BigBlackCrownelius|83/100|[from] Stealth Rock
|-ability|p2a: BigBlackCrownelius|Pressure
|move|p1a: Alomomola|Wish|p1a: Alomomola
|
|-heal|p2a: BigBlackCrownelius|89/100|[from] item: Leftovers
|upkeep
|turn|61
|
|t:|1779705255
|move|p2a: BigBlackCrownelius|Defog|p1a: Alomomola
|-unboost|p1a: Alomomola|evasion|1
|-sideend|p1: goodnightnite|Stealth Rock|[from] move: Defog|[of] p2a: BigBlackCrownelius
|-sideend|p2: Hantaanime Virus|Stealth Rock|[from] move: Defog|[of] p2a: BigBlackCrownelius
|move|p1a: Alomomola|Flip Turn|p2a: BigBlackCrownelius
|-damage|p2a: BigBlackCrownelius|80/100
|
|t:|1779705259
|switch|p1a: Lokix|Lokix, F|49/100|[from] Flip Turn
|
|-heal|p1a: Lokix|100/100|[from] move: Wish|[wisher] Alomomola
|-heal|p2a: BigBlackCrownelius|86/100|[from] item: Leftovers
|upkeep
|turn|62
|
|t:|1779705263
|move|p1a: Lokix|U-turn|p2a: BigBlackCrownelius
|-resisted|p2a: BigBlackCrownelius
|-crit|p2a: BigBlackCrownelius
|-damage|p2a: BigBlackCrownelius|62/100
|
|t:|1779705267
|switch|p1a: Iron Treads|Iron Treads|100/100|[from] U-turn
|move|p2a: BigBlackCrownelius|Brave Bird|p1a: Iron Treads
|-resisted|p1a: Iron Treads
|-damage|p1a: Iron Treads|86/100
|-damage|p2a: BigBlackCrownelius|57/100|[from] Recoil
|
|-heal|p1a: Iron Treads|92/100|[from] item: Leftovers
|-heal|p2a: BigBlackCrownelius|63/100|[from] item: Leftovers
|upkeep
|turn|63
|
|t:|1779705277
|move|p1a: Iron Treads|Stealth Rock|p2a: BigBlackCrownelius
|-sidestart|p2: Hantaanime Virus|move: Stealth Rock
|move|p2a: BigBlackCrownelius|Defog|p1a: Iron Treads
|-unboost|p1a: Iron Treads|evasion|1
|-sideend|p2: Hantaanime Virus|Stealth Rock|[from] move: Defog|[of] p2a: BigBlackCrownelius
|
|-heal|p1a: Iron Treads|98/100|[from] item: Leftovers
|-heal|p2a: BigBlackCrownelius|69/100|[from] item: Leftovers
|upkeep
|turn|64
|
|t:|1779705282
|move|p1a: Iron Treads|Stealth Rock|p2a: BigBlackCrownelius
|-sidestart|p2: Hantaanime Virus|move: Stealth Rock
|move|p2a: BigBlackCrownelius|Brave Bird|p1a: Iron Treads
|-resisted|p1a: Iron Treads
|-damage|p1a: Iron Treads|83/100
|-damage|p2a: BigBlackCrownelius|65/100|[from] Recoil
|
|-heal|p1a: Iron Treads|89/100|[from] item: Leftovers
|-heal|p2a: BigBlackCrownelius|71/100|[from] item: Leftovers
|upkeep
|turn|65
|
|t:|1779705289
|-end|p1a: Iron Treads|Quark Drive|[silent]
|switch|p1a: Weezing|Weezing-Galar, M|93/100
|-ability|p1a: Weezing|Neutralizing Gas
|move|p2a: BigBlackCrownelius|Defog|p1a: Weezing
|-unboost|p1a: Weezing|evasion|1
|-sideend|p2: Hantaanime Virus|Stealth Rock|[from] move: Defog|[of] p2a: BigBlackCrownelius
|
|-heal|p2a: BigBlackCrownelius|77/100|[from] item: Leftovers
|-heal|p1a: Weezing|99/100|[from] item: Leftovers
|upkeep
|turn|66
|
|t:|1779705295
|switch|p2a: TingTingTing Luhur|Ting-Lu, tera:Poison|94/100 brn
|-end|p1a: Weezing|ability: Neutralizing Gas
|-ability|p2a: TingTingTing Luhur|Vessel of Ruin
|switch|p1a: Lokix|Lokix, F|100/100
|
|-heal|p2a: TingTingTing Luhur|100/100 brn|[from] item: Leftovers
|-damage|p2a: TingTingTing Luhur|94/100 brn|[from] brn
|upkeep
|turn|67
|
|t:|1779705301
|switch|p2a: ThiccThangWithBBL|Alomomola, F|84/100
|move|p1a: Lokix|Knock Off|p2a: ThiccThangWithBBL
|-damage|p2a: ThiccThangWithBBL|57/100
|
|upkeep
|turn|68
|
|t:|1779705307
|switch|p1a: Weezing|Weezing-Galar, M|99/100
|-ability|p1a: Weezing|Neutralizing Gas
|move|p2a: ThiccThangWithBBL|Flip Turn|p1a: Weezing
|-damage|p1a: Weezing|88/100
|
|t:|1779705311
|switch|p2a: TingTingTing Luhur|Ting-Lu, tera:Poison|94/100 brn|[from] Flip Turn
|
|-heal|p1a: Weezing|94/100|[from] item: Leftovers
|-heal|p2a: TingTingTing Luhur|100/100 brn|[from] item: Leftovers
|-damage|p2a: TingTingTing Luhur|94/100 brn|[from] brn
|upkeep
|turn|69
|
|t:|1779705314
|-end|p1a: Weezing|ability: Neutralizing Gas
|-ability|p2a: TingTingTing Luhur|Vessel of Ruin
|switch|p1a: Lokix|Lokix, F|100/100
|move|p2a: TingTingTing Luhur|Stealth Rock|p1a: Lokix
|-sidestart|p1: goodnightnite|move: Stealth Rock
|
|-heal|p2a: TingTingTing Luhur|100/100 brn|[from] item: Leftovers
|-damage|p2a: TingTingTing Luhur|94/100 brn|[from] brn
|upkeep
|turn|70
|
|t:|1779705324
|switch|p2a: ThiccThangWithBBL|Alomomola, F|57/100
|move|p1a: Lokix|Knock Off|p2a: ThiccThangWithBBL
|-damage|p2a: ThiccThangWithBBL|31/100
|
|upkeep
|turn|71
|
|t:|1779705331
|switch|p1a: Weezing|Weezing-Galar, M|94/100
|-ability|p1a: Weezing|Neutralizing Gas
|-damage|p1a: Weezing|81/100|[from] Stealth Rock
|move|p2a: ThiccThangWithBBL|Wish|p2a: ThiccThangWithBBL
|
|-heal|p1a: Weezing|87/100|[from] item: Leftovers
|upkeep
|turn|72
|
|t:|1779705337
|move|p2a: ThiccThangWithBBL|Protect|p2a: ThiccThangWithBBL
|-singleturn|p2a: ThiccThangWithBBL|Protect
|move|p1a: Weezing|Defog|p2a: ThiccThangWithBBL
|-activate|p2a: ThiccThangWithBBL|move: Protect
|
|-heal|p2a: ThiccThangWithBBL|81/100|[from] move: Wish|[wisher] ThiccThangWithBBL
|-heal|p1a: Weezing|93/100|[from] item: Leftovers
|upkeep
|turn|73
|
|t:|1779705345
|switch|p2a: TingTingTing Luhur|Ting-Lu, tera:Poison|94/100 brn
|move|p1a: Weezing|Will-O-Wisp|p2a: TingTingTing Luhur
|-fail|p2a: TingTingTing Luhur|brn
|
|-heal|p1a: Weezing|99/100|[from] item: Leftovers
|-heal|p2a: TingTingTing Luhur|100/100 brn|[from] item: Leftovers
|-damage|p2a: TingTingTing Luhur|94/100 brn|[from] brn
|upkeep
|turn|74
|
|t:|1779705354
|move|p1a: Weezing|Defog|p2a: TingTingTing Luhur
|-unboost|p2a: TingTingTing Luhur|evasion|1
|-sideend|p1: goodnightnite|Stealth Rock|[from] move: Defog|[of] p1a: Weezing
|move|p2a: TingTingTing Luhur|Whirlwind|p1a: Weezing
|-end|p1a: Weezing|ability: Neutralizing Gas
|-ability|p2a: TingTingTing Luhur|Vessel of Ruin
|drag|p1a: Alomomola|Alomomola, F|98/100
|
|-heal|p2a: TingTingTing Luhur|100/100 brn|[from] item: Leftovers
|-damage|p2a: TingTingTing Luhur|94/100 brn|[from] brn
|upkeep
|turn|75
|
|t:|1779705363
|switch|p2a: ThiccThangWithBBL|Alomomola, F|81/100
|move|p1a: Alomomola|Flip Turn|p2a: ThiccThangWithBBL
|-resisted|p2a: ThiccThangWithBBL
|-damage|p2a: ThiccThangWithBBL|76/100
|
|t:|1779705369
|switch|p1a: Weezing|Weezing-Galar, M|99/100|[from] Flip Turn
|-ability|p1a: Weezing|Neutralizing Gas
|
|-heal|p1a: Weezing|100/100|[from] item: Leftovers
|upkeep
|turn|76
|
|t:|1779705373
|-end|p1a: Weezing|ability: Neutralizing Gas
|switch|p1a: Lokix|Lokix, F|100/100
|switch|p2a: TingTingTing Luhur|Ting-Lu, tera:Poison|94/100 brn
|-ability|p2a: TingTingTing Luhur|Vessel of Ruin
|
|-heal|p2a: TingTingTing Luhur|100/100 brn|[from] item: Leftovers
|-damage|p2a: TingTingTing Luhur|94/100 brn|[from] brn
|upkeep
|turn|77
|
|t:|1779705380
|switch|p2a: ThiccThangWithBBL|Alomomola, F|100/100
|-terastallize|p1a: Lokix|Bug
|move|p1a: Lokix|U-turn|p2a: ThiccThangWithBBL
|-damage|p2a: ThiccThangWithBBL|58/100
|
|t:|1779705384
|switch|p1a: Weezing|Weezing-Galar, M|100/100|[from] U-turn
|-ability|p1a: Weezing|Neutralizing Gas
|
|upkeep
|turn|78
|
|t:|1779705390
|-end|p1a: Weezing|ability: Neutralizing Gas
|switch|p1a: Lokix|Lokix, F, tera:Bug|100/100
|switch|p2a: TingTingTing Luhur|Ting-Lu, tera:Poison|94/100 brn
|-ability|p2a: TingTingTing Luhur|Vessel of Ruin
|
|-heal|p2a: TingTingTing Luhur|100/100 brn|[from] item: Leftovers
|-damage|p2a: TingTingTing Luhur|94/100 brn|[from] brn
|upkeep
|turn|79
|
|t:|1779705394
|switch|p2a: BigBlackCrownelius|Corviknight, M|77/100
|-ability|p2a: BigBlackCrownelius|Pressure
|move|p1a: Lokix|U-turn|p2a: BigBlackCrownelius
|-resisted|p2a: BigBlackCrownelius
|-damage|p2a: BigBlackCrownelius|55/100
|
|t:|1779705397
|switch|p1a: Weezing|Weezing-Galar, M|100/100|[from] U-turn
|-ability|p1a: Weezing|Neutralizing Gas
|
|-heal|p2a: BigBlackCrownelius|61/100|[from] item: Leftovers
|upkeep
|turn|80
|
|t:|1779705403
|switch|p2a: TingTingTing Luhur|Ting-Lu, tera:Poison|94/100 brn
|-end|p1a: Weezing|ability: Neutralizing Gas
|-ability|p2a: TingTingTing Luhur|Vessel of Ruin
|switch|p1a: Lokix|Lokix, F, tera:Bug|100/100
|
|-heal|p2a: TingTingTing Luhur|100/100 brn|[from] item: Leftovers
|-damage|p2a: TingTingTing Luhur|94/100 brn|[from] brn
|upkeep
|turn|81
|
|t:|1779705408
|switch|p2a: BigBlackCrownelius|Corviknight, M|61/100
|-ability|p2a: BigBlackCrownelius|Pressure
|move|p1a: Lokix|Knock Off|p2a: BigBlackCrownelius
|-damage|p2a: BigBlackCrownelius|20/100
|-enditem|p2a: BigBlackCrownelius|Leftovers|[from] move: Knock Off|[of] p1a: Lokix
|
|upkeep
|turn|82
|
|t:|1779705418
|switch|p1a: Weezing|Weezing-Galar, M|100/100
|-ability|p1a: Weezing|Neutralizing Gas
|switch|p2a: ThiccThangWithBBL|Alomomola, F|91/100
|
|upkeep
|turn|83
|
|t:|1779705421
|move|p1a: Weezing|Toxic|p2a: ThiccThangWithBBL
|-status|p2a: ThiccThangWithBBL|tox
|move|p2a: ThiccThangWithBBL|Wish|p2a: ThiccThangWithBBL
|
|-damage|p2a: ThiccThangWithBBL|85/100 tox|[from] psn
|upkeep
|turn|84
|
|t:|1779705425
|move|p1a: Weezing|Will-O-Wisp||[still]
|-fail|p1a: Weezing
|move|p2a: ThiccThangWithBBL|Flip Turn|p1a: Weezing
|-crit|p1a: Weezing
|-damage|p1a: Weezing|84/100
|
|t:|1779705429
|switch|p2a: BigBlackCrownelius|Corviknight, M|20/100|[from] Flip Turn
|
|-heal|p2a: BigBlackCrownelius|80/100|[from] move: Wish|[wisher] ThiccThangWithBBL
|-heal|p1a: Weezing|90/100|[from] item: Leftovers
|upkeep
|turn|85
|
|t:|1779705433
|switch|p2a: ThiccThangWithBBL|Alomomola, F|85/100 tox
|-end|p1a: Weezing|ability: Neutralizing Gas
|switch|p1a: Lokix|Lokix, F, tera:Bug|100/100
|
|-damage|p2a: ThiccThangWithBBL|79/100 tox|[from] psn
|upkeep
|turn|86
|
|t:|1779705437
|move|p1a: Lokix|U-turn|p2a: ThiccThangWithBBL
|-damage|p2a: ThiccThangWithBBL|36/100 tox
|
|t:|1779705441
|switch|p1a: Weezing|Weezing-Galar, M|90/100|[from] U-turn
|-ability|p1a: Weezing|Neutralizing Gas
|move|p2a: ThiccThangWithBBL|Flip Turn|p1a: Weezing
|-damage|p1a: Weezing|79/100
|
|t:|1779705445
|switch|p2a: TheOriginalDragon|Kyurem|25/100|[from] Flip Turn
|
|-heal|p1a: Weezing|85/100|[from] item: Leftovers
|upkeep
|turn|87
|
|t:|1779705453
|-end|p1a: Weezing|ability: Neutralizing Gas
|-ability|p2a: TheOriginalDragon|Pressure
|switch|p1a: Lokix|Lokix, F, tera:Bug|100/100
|move|p2a: TheOriginalDragon|Earth Power|p1a: Lokix
|-resisted|p1a: Lokix
|-damage|p1a: Lokix|72/100
|
|upkeep
|turn|88
|c|☆Hantaanime Virus|actually fucking crazy
|c|☆Hantaanime Virus|how is that just 28
|c|☆Hantaanime Virus|!dt lokix
|c|☆Hantaanime Virus|/raw <div class="message"><ul class="utilichart"><li class="result"><span class="col numcol">UU</span> <span class="col iconcol"><psicon pokemon="lokix"/></span> <span class="col pokemonnamecol" style="white-space:nowrap"><a href="https://dex.pokemonshowdown.com/pokemon/lokix" target="_blank">Lokix</a></span> <span class="col typecol"><img src="https://play.pokemonshowdown.com/sprites/types/Bug.png" alt="Bug" height="14" width="32"><img src="https://play.pokemonshowdown.com/sprites/types/Dark.png" alt="Dark" height="14" width="32"></span> <span style="float:left;min-height:26px"><span class="col abilitycol">Swarm</span><span class="col abilitycol"><em>Tinted Lens</em></span></span><span style="float:left;min-height:26px"><span class="col statcol"><em>HP</em><br />71</span> <span class="col statcol"><em>Atk</em><br />102</span> <span class="col statcol"><em>Def</em><br />78</span> <span class="col statcol"><em>SpA</em><br />52</span> <span class="col statcol"><em>SpD</em><br />55</span> <span class="col statcol"><em>Spe</em><br />92</span> <span class="col bstcol"><em>BST<br />450</em></span> </span></li><li style="clear:both"></li></ul></div>
|c|☆Hantaanime Virus|/raw <font size="1"><font color="#686868">Dex#:</font> 920&nbsp;|&ThickSpace;<font color="#686868">Gen:</font> 9&nbsp;|&ThickSpace;<font color="#686868">Height:</font> 1 m&nbsp;|&ThickSpace;<font color="#686868">Weight:</font> 17.5 kg <em>(40 BP)</em>&nbsp;|&ThickSpace;<font color="#686868">Dex Colour:</font> Gray&nbsp;|&ThickSpace;<font color="#686868">Egg Group(s):</font> Bug&nbsp;|&ThickSpace;<font color="#686868">Pre-Evolution:</font> Nymble&nbsp;|&ThickSpace;<font color="#686868">Does Not Evolve</font></font>

|c|☆Hantaanime Virus|this bitch has 55 spdef
|
|t:|1779705478
|switch|p2a: BigBlackCrownelius|Corviknight, M|80/100
|-ability|p2a: BigBlackCrownelius|Pressure
|move|p1a: Lokix|U-turn|p2a: BigBlackCrownelius
|-resisted|p2a: BigBlackCrownelius
|-damage|p2a: BigBlackCrownelius|58/100
|
|t:|1779705482
|switch|p1a: Weezing|Weezing-Galar, M|85/100|[from] U-turn
|-ability|p1a: Weezing|Neutralizing Gas
|
|-heal|p1a: Weezing|91/100|[from] item: Leftovers
|upkeep
|turn|89
|
|t:|1779705487
|switch|p2a: TingTingTing Luhur|Ting-Lu, tera:Poison|94/100 brn
|move|p1a: Weezing|Will-O-Wisp|p2a: TingTingTing Luhur
|-fail|p2a: TingTingTing Luhur|brn
|
|-heal|p1a: Weezing|97/100|[from] item: Leftovers
|-heal|p2a: TingTingTing Luhur|100/100 brn|[from] item: Leftovers
|-damage|p2a: TingTingTing Luhur|94/100 brn|[from] brn
|upkeep
|turn|90
|
|t:|1779705490
|-end|p1a: Weezing|ability: Neutralizing Gas
|-ability|p2a: TingTingTing Luhur|Vessel of Ruin
|switch|p1a: Lokix|Lokix, F, tera:Bug|72/100
|move|p2a: TingTingTing Luhur|Stealth Rock|p1a: Lokix
|-sidestart|p1: goodnightnite|move: Stealth Rock
|
|-heal|p2a: TingTingTing Luhur|100/100 brn|[from] item: Leftovers
|-damage|p2a: TingTingTing Luhur|94/100 brn|[from] brn
|upkeep
|turn|91
|c| red556|lokix is that guy
|
|t:|1779705495
|switch|p2a: BigBlackCrownelius|Corviknight, M|58/100
|-ability|p2a: BigBlackCrownelius|Pressure
|move|p1a: Lokix|U-turn|p2a: BigBlackCrownelius
|-resisted|p2a: BigBlackCrownelius
|-damage|p2a: BigBlackCrownelius|38/100
|c|☆Hantaanime Virus|lokix is a bum and a bitch
|
|t:|1779705506
|switch|p1a: Iron Treads|Iron Treads|89/100|[from] U-turn
|-damage|p1a: Iron Treads|86/100|[from] Stealth Rock
|
|-heal|p1a: Iron Treads|92/100|[from] item: Leftovers
|upkeep
|turn|92
|
|t:|1779705510
|move|p1a: Iron Treads|Stealth Rock|p2a: BigBlackCrownelius
|-sidestart|p2: Hantaanime Virus|move: Stealth Rock
|move|p2a: BigBlackCrownelius|Roost|p2a: BigBlackCrownelius
|-heal|p2a: BigBlackCrownelius|88/100
|-singleturn|p2a: BigBlackCrownelius|move: Roost
|
|-heal|p1a: Iron Treads|98/100|[from] item: Leftovers
|upkeep
|turn|93
|
|t:|1779705516
|-end|p1a: Iron Treads|Quark Drive|[silent]
|switch|p1a: Weezing|Weezing-Galar, M|97/100
|-ability|p1a: Weezing|Neutralizing Gas
|-damage|p1a: Weezing|84/100|[from] Stealth Rock
|move|p2a: BigBlackCrownelius|Defog|p1a: Weezing
|-unboost|p1a: Weezing|evasion|1
|-sideend|p1: goodnightnite|Stealth Rock|[from] move: Defog|[of] p2a: BigBlackCrownelius
|-sideend|p2: Hantaanime Virus|Stealth Rock|[from] move: Defog|[of] p2a: BigBlackCrownelius
|
|-heal|p1a: Weezing|90/100|[from] item: Leftovers
|upkeep
|turn|94
|
|t:|1779705524
|-end|p1a: Weezing|ability: Neutralizing Gas
|-ability|p2a: BigBlackCrownelius|Pressure
|switch|p1a: Lokix|Lokix, F, tera:Bug|72/100
|move|p2a: BigBlackCrownelius|U-turn|p1a: Lokix
|-damage|p1a: Lokix|49/100
|c| red556|¯\_(ツ)_/¯
|
|t:|1779705529
|switch|p2a: Raw Dawgy Style|Zamazenta|100/100|[from] U-turn
|-ability|p2a: Raw Dawgy Style|Dauntless Shield|boost
|-boost|p2a: Raw Dawgy Style|def|1
|
|upkeep
|turn|95
|
|t:|1779705533
|switch|p2a: TheOriginalDragon|Kyurem|25/100
|-ability|p2a: TheOriginalDragon|Pressure
|switch|p1a: Alomomola|Alomomola, F|100/100
|
|upkeep
|turn|96
|
|t:|1779705537
|move|p2a: TheOriginalDragon|Freeze-Dry|p1a: Alomomola
|-supereffective|p1a: Alomomola
|-damage|p1a: Alomomola|32/100
|move|p1a: Alomomola|Flip Turn|p2a: TheOriginalDragon
|-resisted|p2a: TheOriginalDragon
|-damage|p2a: TheOriginalDragon|16/100
|
|t:|1779705545
|switch|p1a: Iron Treads|Iron Treads|98/100|[from] Flip Turn
|
|-heal|p1a: Iron Treads|100/100|[from] item: Leftovers
|upkeep
|turn|97
|c|☆Hantaanime Virus|dawg where is the dmg
|
|t:|1779705551
|switch|p2a: BigBlackCrownelius|Corviknight, M|88/100
|-ability|p2a: BigBlackCrownelius|Pressure
|move|p1a: Iron Treads|Stealth Rock|p2a: BigBlackCrownelius
|-sidestart|p2: Hantaanime Virus|move: Stealth Rock
|
|upkeep
|turn|98
|
|t:|1779705556
|-end|p1a: Iron Treads|Quark Drive|[silent]
|switch|p1a: Alomomola|Alomomola, F|65/100
|move|p2a: BigBlackCrownelius|Defog|p1a: Alomomola
|-unboost|p1a: Alomomola|evasion|1
|-sideend|p2: Hantaanime Virus|Stealth Rock|[from] move: Defog|[of] p2a: BigBlackCrownelius
|
|upkeep
|turn|99
|
|t:|1779705561
|move|p2a: BigBlackCrownelius|U-turn|p1a: Alomomola
|-damage|p1a: Alomomola|55/100
|-damage|p2a: BigBlackCrownelius|71/100|[from] item: Rocky Helmet|[of] p1a: Alomomola
|
|t:|1779705566
|switch|p2a: ThiccThangWithBBL|Alomomola, F|36/100 tox|[from] U-turn
|move|p1a: Alomomola|Wish|p1a: Alomomola
|
|-damage|p2a: ThiccThangWithBBL|29/100 tox|[from] psn
|upkeep
|turn|100
|
|t:|1779705570
|switch|p1a: Weezing|Weezing-Galar, M|90/100
|-ability|p1a: Weezing|Neutralizing Gas
|move|p2a: ThiccThangWithBBL|Wish|p2a: ThiccThangWithBBL
|
|-heal|p1a: Weezing|100/100|[from] move: Wish|[wisher] Alomomola
|-damage|p2a: ThiccThangWithBBL|17/100 tox|[from] psn
|upkeep
|turn|101
|
|t:|1779705583
|-end|p1a: Weezing|ability: Neutralizing Gas
|switch|p1a: Lokix|Lokix, F, tera:Bug|49/100
|move|p2a: ThiccThangWithBBL|Protect||[still]
|-fail|p2a: ThiccThangWithBBL
|
|-heal|p2a: ThiccThangWithBBL|67/100 tox|[from] move: Wish|[wisher] ThiccThangWithBBL
|-damage|p2a: ThiccThangWithBBL|48/100 tox|[from] psn
|upkeep
|turn|102
|j| Offset Product
|
|t:|1779705590
|switch|p2a: BigBlackCrownelius|Corviknight, M|71/100
|-ability|p2a: BigBlackCrownelius|Pressure
|move|p1a: Lokix|U-turn|p2a: BigBlackCrownelius
|-resisted|p2a: BigBlackCrownelius
|-damage|p2a: BigBlackCrownelius|52/100
|l| Offset Product
|
|t:|1779705595
|switch|p1a: Weezing|Weezing-Galar, M|100/100|[from] U-turn
|-ability|p1a: Weezing|Neutralizing Gas
|
|upkeep
|turn|103
|
|t:|1779705601
|switch|p2a: ThiccThangWithBBL|Alomomola, F|82/100 tox
|-end|p1a: Weezing|ability: Neutralizing Gas
|switch|p1a: Lokix|Lokix, F, tera:Bug|49/100
|
|-damage|p2a: ThiccThangWithBBL|75/100 tox|[from] psn
|upkeep
|turn|104
|j| GavilarKholin
|
|t:|1779705615
|switch|p2a: BigBlackCrownelius|Corviknight, M|52/100
|-ability|p2a: BigBlackCrownelius|Pressure
|move|p1a: Lokix|Leech Life|p2a: BigBlackCrownelius
|-resisted|p2a: BigBlackCrownelius
|-damage|p2a: BigBlackCrownelius|30/100
|-heal|p1a: Lokix|65/100|[from] drain|[of] p2a: BigBlackCrownelius
|
|upkeep
|turn|105
|
|t:|1779705622
|move|p1a: Lokix|Leech Life|p2a: BigBlackCrownelius
|-resisted|p2a: BigBlackCrownelius
|-damage|p2a: BigBlackCrownelius|5/100
|-heal|p1a: Lokix|83/100|[from] drain|[of] p2a: BigBlackCrownelius
|move|p2a: BigBlackCrownelius|Roost|p2a: BigBlackCrownelius
|-heal|p2a: BigBlackCrownelius|55/100
|-singleturn|p2a: BigBlackCrownelius|move: Roost
|
|upkeep
|turn|106
|
|t:|1779705628
|switch|p1a: Alomomola|Alomomola, F|88/100
|move|p2a: BigBlackCrownelius|Roost|p2a: BigBlackCrownelius
|-heal|p2a: BigBlackCrownelius|100/100
|-singleturn|p2a: BigBlackCrownelius|move: Roost
|
|upkeep
|turn|107
|
|t:|1779705632
|move|p2a: BigBlackCrownelius|U-turn|p1a: Alomomola
|-damage|p1a: Alomomola|78/100
|-damage|p2a: BigBlackCrownelius|84/100|[from] item: Rocky Helmet|[of] p1a: Alomomola
|
|t:|1779705637
|switch|p2a: ThiccThangWithBBL|Alomomola, F|100/100 tox|[from] U-turn
|move|p1a: Alomomola|Flip Turn|p2a: ThiccThangWithBBL
|-resisted|p2a: ThiccThangWithBBL
|-damage|p2a: ThiccThangWithBBL|96/100 tox
|
|t:|1779705642
|switch|p1a: Lokix|Lokix, F, tera:Bug|83/100|[from] Flip Turn
|
|-damage|p2a: ThiccThangWithBBL|90/100 tox|[from] psn
|upkeep
|turn|108
|
|t:|1779705646
|move|p1a: Lokix|U-turn|p2a: ThiccThangWithBBL
|-damage|p2a: ThiccThangWithBBL|45/100 tox
|
|t:|1779705650
|switch|p1a: Weezing|Weezing-Galar, M|100/100|[from] U-turn
|-ability|p1a: Weezing|Neutralizing Gas
|move|p2a: ThiccThangWithBBL|Scald|p1a: Weezing
|-damage|p1a: Weezing|81/100
|
|-heal|p1a: Weezing|87/100|[from] item: Leftovers
|-damage|p2a: ThiccThangWithBBL|33/100 tox|[from] psn
|upkeep
|turn|109
|c|☆Hantaanime Virus|dawg where is my hax
|
|t:|1779705657
|move|p1a: Weezing|Will-O-Wisp||[still]
|-fail|p1a: Weezing
|move|p2a: ThiccThangWithBBL|Wish|p2a: ThiccThangWithBBL
|
|-heal|p1a: Weezing|93/100|[from] item: Leftovers
|-damage|p2a: ThiccThangWithBBL|14/100 tox|[from] psn
|upkeep
|turn|110
|
|t:|1779705666
|-end|p1a: Weezing|ability: Neutralizing Gas
|switch|p1a: Lokix|Lokix, F, tera:Bug|83/100
|move|p2a: ThiccThangWithBBL|Scald|p1a: Lokix
|-damage|p1a: Lokix|55/100
|
|-heal|p2a: ThiccThangWithBBL|64/100 tox|[from] move: Wish|[wisher] ThiccThangWithBBL
|-damage|p2a: ThiccThangWithBBL|39/100 tox|[from] psn
|upkeep
|turn|111
|c|☆Hantaanime Virus|why can't I burn here
|c|☆Hantaanime Virus|actual bs this shi is fucked up
|
|t:|1779705680
|switch|p1a: Weezing|Weezing-Galar, M|93/100
|-ability|p1a: Weezing|Neutralizing Gas
|switch|p2a: Raw Dawgy Style|Zamazenta|100/100
|
|-heal|p1a: Weezing|99/100|[from] item: Leftovers
|upkeep
|turn|112
|
|t:|1779705687
|switch|p2a: TingTingTing Luhur|Ting-Lu, tera:Poison|94/100 brn
|move|p1a: Weezing|Toxic||[still]
|-fail|p1a: Weezing
|
|-heal|p1a: Weezing|100/100|[from] item: Leftovers
|-heal|p2a: TingTingTing Luhur|100/100 brn|[from] item: Leftovers
|-damage|p2a: TingTingTing Luhur|94/100 brn|[from] brn
|upkeep
|turn|113
|
|t:|1779705690
|-end|p1a: Weezing|ability: Neutralizing Gas
|-ability|p2a: TingTingTing Luhur|Vessel of Ruin
|switch|p1a: Alomomola|Alomomola, F|100/100
|move|p2a: TingTingTing Luhur|Stealth Rock|p1a: Alomomola
|-sidestart|p1: goodnightnite|move: Stealth Rock
|
|-heal|p2a: TingTingTing Luhur|100/100 brn|[from] item: Leftovers
|-damage|p2a: TingTingTing Luhur|94/100 brn|[from] brn
|upkeep
|turn|114
|
|t:|1779705694
|move|p1a: Alomomola|Wish|p1a: Alomomola
|move|p2a: TingTingTing Luhur|Whirlwind|p1a: Alomomola
|drag|p1a: Lokix|Lokix, F, tera:Bug|55/100
|-damage|p1a: Lokix|31/100|[from] Stealth Rock
|
|-heal|p2a: TingTingTing Luhur|100/100 brn|[from] item: Leftovers
|-damage|p2a: TingTingTing Luhur|94/100 brn|[from] brn
|upkeep
|turn|115
|
|t:|1779705700
|move|p1a: Lokix|Leech Life|p2a: TingTingTing Luhur
|-resisted|p2a: TingTingTing Luhur
|-damage|p2a: TingTingTing Luhur|60/100 brn
|-heal|p1a: Lokix|61/100|[from] drain|[of] p2a: TingTingTing Luhur
|move|p2a: TingTingTing Luhur|Whirlwind|p1a: Lokix
|drag|p1a: Zamazenta|Zamazenta|69/100 brn
|-damage|p1a: Zamazenta|63/100 brn|[from] Stealth Rock
|
|-heal|p1a: Zamazenta|100/100 brn|[from] move: Wish|[wisher] Alomomola
|-heal|p2a: TingTingTing Luhur|66/100 brn|[from] item: Leftovers
|-damage|p1a: Zamazenta|94/100 brn|[from] brn
|-damage|p2a: TingTingTing Luhur|60/100 brn|[from] brn
|upkeep
|turn|116
|
|t:|1779705711
|switch|p1a: Alomomola|Alomomola, F|100/100
|-damage|p1a: Alomomola|88/100|[from] Stealth Rock
|move|p2a: TingTingTing Luhur|Rest|p2a: TingTingTing Luhur
|-status|p2a: TingTingTing Luhur|slp|[from] move: Rest
|-heal|p2a: TingTingTing Luhur|100/100 slp|[silent]
|
|upkeep
|turn|117
|
|t:|1779705718
|switch|p2a: ThiccThangWithBBL|Alomomola, F|39/100 tox
|move|p1a: Alomomola|Flip Turn|p2a: ThiccThangWithBBL
|-resisted|p2a: ThiccThangWithBBL
|-damage|p2a: ThiccThangWithBBL|34/100 tox
|
|t:|1779705723
|switch|p1a: Weezing|Weezing-Galar, M|100/100|[from] Flip Turn
|-ability|p1a: Weezing|Neutralizing Gas
|-damage|p1a: Weezing|88/100|[from] Stealth Rock
|
|-heal|p1a: Weezing|94/100|[from] item: Leftovers
|-damage|p2a: ThiccThangWithBBL|28/100 tox|[from] psn
|upkeep
|turn|118
|
|t:|1779705728
|move|p1a: Weezing|Defog|p2a: ThiccThangWithBBL
|-unboost|p2a: ThiccThangWithBBL|evasion|1
|-sideend|p1: goodnightnite|Stealth Rock|[from] move: Defog|[of] p1a: Weezing
|move|p2a: ThiccThangWithBBL|Wish|p2a: ThiccThangWithBBL
|
|-heal|p1a: Weezing|99/100|[from] item: Leftovers
|-damage|p2a: ThiccThangWithBBL|15/100 tox|[from] psn
|upkeep
|turn|119
|
|t:|1779705736
|move|p1a: Weezing|Protect|p1a: Weezing
|-singleturn|p1a: Weezing|Protect
|move|p2a: ThiccThangWithBBL|Scald|p1a: Weezing
|-activate|p1a: Weezing|move: Protect
|
|-heal|p2a: ThiccThangWithBBL|65/100 tox|[from] move: Wish|[wisher] ThiccThangWithBBL
|-heal|p1a: Weezing|100/100|[from] item: Leftovers
|-damage|p2a: ThiccThangWithBBL|47/100 tox|[from] psn
|upkeep
|turn|120
|
|t:|1779705746
|-end|p1a: Weezing|ability: Neutralizing Gas
|switch|p1a: Alomomola|Alomomola, F|100/100
|move|p2a: ThiccThangWithBBL|Flip Turn|p1a: Alomomola
|-resisted|p1a: Alomomola
|-damage|p1a: Alomomola|96/100
|-damage|p2a: ThiccThangWithBBL|30/100 tox|[from] item: Rocky Helmet|[of] p1a: Alomomola
|
|t:|1779705762
|switch|p2a: Raw Dawgy Style|Zamazenta|100/100|[from] Flip Turn
|
|upkeep
|turn|121
|
|t:|1779705767
|move|p2a: Raw Dawgy Style|Close Combat|p1a: Alomomola
|-damage|p1a: Alomomola|48/100
|-unboost|p2a: Raw Dawgy Style|def|1
|-unboost|p2a: Raw Dawgy Style|spd|1
|-damage|p2a: Raw Dawgy Style|84/100|[from] item: Rocky Helmet|[of] p1a: Alomomola
|-damage|p2a: Raw Dawgy Style|74/100|[from] item: Life Orb
|move|p1a: Alomomola|Flip Turn|p2a: Raw Dawgy Style
|-damage|p2a: Raw Dawgy Style|51/100
|
|t:|1779705772
|switch|p1a: Lokix|Lokix, F, tera:Bug|61/100|[from] Flip Turn
|
|upkeep
|turn|122
|c|☆Hantaanime Virus|we actually using spdef helm mola
|c|☆Hantaanime Virus|tours are a joke
|
|t:|1779705780
|switch|p2a: BigBlackCrownelius|Corviknight, M|84/100
|-ability|p2a: BigBlackCrownelius|Pressure
|move|p1a: Lokix|U-turn|p2a: BigBlackCrownelius
|-resisted|p2a: BigBlackCrownelius
|-damage|p2a: BigBlackCrownelius|63/100
|
|t:|1779705787
|switch|p1a: Weezing|Weezing-Galar, M|100/100|[from] U-turn
|-ability|p1a: Weezing|Neutralizing Gas
|
|upkeep
|turn|123
|
|t:|1779705795
|switch|p2a: TingTingTing Luhur|Ting-Lu, tera:Poison|100/100 slp
|-end|p1a: Weezing|ability: Neutralizing Gas
|-ability|p2a: TingTingTing Luhur|Vessel of Ruin
|switch|p1a: Lokix|Lokix, F, tera:Bug|61/100
|
|upkeep
|turn|124
|
|t:|1779705799
|move|p1a: Lokix|Knock Off|p2a: TingTingTing Luhur
|-damage|p2a: TingTingTing Luhur|66/100 slp
|-enditem|p2a: TingTingTing Luhur|Leftovers|[from] move: Knock Off|[of] p1a: Lokix
|cant|p2a: TingTingTing Luhur|slp
|
|upkeep
|turn|125
|
|t:|1779705806
|switch|p1a: Alomomola|Alomomola, F|82/100
|switch|p2a: BigBlackCrownelius|Corviknight, M|63/100
|-ability|p2a: BigBlackCrownelius|Pressure
|
|upkeep
|turn|126
|
|t:|1779705812
|switch|p2a: TingTingTing Luhur|Ting-Lu, tera:Poison|66/100 slp
|-ability|p2a: TingTingTing Luhur|Vessel of Ruin
|move|p1a: Alomomola|Flip Turn|p2a: TingTingTing Luhur
|-damage|p2a: TingTingTing Luhur|57/100 slp
|
|t:|1779705816
|switch|p1a: Lokix|Lokix, F, tera:Bug|61/100|[from] Flip Turn
|
|upkeep
|turn|127
|
|t:|1779705822
|switch|p2a: BigBlackCrownelius|Corviknight, M|63/100
|-ability|p2a: BigBlackCrownelius|Pressure
|move|p1a: Lokix|U-turn|p2a: BigBlackCrownelius
|-resisted|p2a: BigBlackCrownelius
|-crit|p2a: BigBlackCrownelius
|-damage|p2a: BigBlackCrownelius|34/100
|
|t:|1779705826
|switch|p1a: Alomomola|Alomomola, F|100/100|[from] U-turn
|
|upkeep
|turn|128
|
|t:|1779705829
|move|p2a: BigBlackCrownelius|Roost|p2a: BigBlackCrownelius
|-heal|p2a: BigBlackCrownelius|84/100
|-singleturn|p2a: BigBlackCrownelius|move: Roost
|move|p1a: Alomomola|Flip Turn|p2a: BigBlackCrownelius
|-damage|p2a: BigBlackCrownelius|74/100
|
|t:|1779705833
|switch|p1a: Weezing|Weezing-Galar, M|100/100|[from] Flip Turn
|-ability|p1a: Weezing|Neutralizing Gas
|
|upkeep
|turn|129
|
|t:|1779705839
|switch|p2a: TingTingTing Luhur|Ting-Lu, tera:Poison|57/100 slp
|move|p1a: Weezing|Will-O-Wisp||[still]
|-fail|p1a: Weezing
|
|upkeep
|turn|130
|
|t:|1779705847
|-end|p1a: Weezing|ability: Neutralizing Gas
|-ability|p2a: TingTingTing Luhur|Vessel of Ruin
|switch|p1a: Lokix|Lokix, F, tera:Bug|61/100
|cant|p2a: TingTingTing Luhur|slp
|
|upkeep
|turn|131
|
|t:|1779705857
|switch|p2a: BigBlackCrownelius|Corviknight, M|74/100
|-ability|p2a: BigBlackCrownelius|Pressure
|move|p1a: Lokix|U-turn|p2a: BigBlackCrownelius
|-resisted|p2a: BigBlackCrownelius
|-damage|p2a: BigBlackCrownelius|54/100
|
|t:|1779705862
|switch|p1a: Weezing|Weezing-Galar, M|100/100|[from] U-turn
|-ability|p1a: Weezing|Neutralizing Gas
|
|upkeep
|turn|132
|
|t:|1779705868
|-end|p1a: Weezing|ability: Neutralizing Gas
|-ability|p2a: BigBlackCrownelius|Pressure
|switch|p1a: Lokix|Lokix, F, tera:Bug|61/100
|move|p2a: BigBlackCrownelius|Roost|p2a: BigBlackCrownelius
|-heal|p2a: BigBlackCrownelius|100/100
|-singleturn|p2a: BigBlackCrownelius|move: Roost
|
|upkeep
|turn|133
|
|t:|1779705874
|switch|p1a: Alomomola|Alomomola, F|100/100
|move|p2a: BigBlackCrownelius|U-turn|p1a: Alomomola
|-damage|p1a: Alomomola|92/100
|-damage|p2a: BigBlackCrownelius|84/100|[from] item: Rocky Helmet|[of] p1a: Alomomola
|
|t:|1779705878
|switch|p2a: TheOriginalDragon|Kyurem|16/100|[from] U-turn
|-ability|p2a: TheOriginalDragon|Pressure
|
|upkeep
|turn|134
|
|t:|1779705884
|move|p2a: TheOriginalDragon|Freeze-Dry|p1a: Alomomola
|-supereffective|p1a: Alomomola
|-damage|p1a: Alomomola|22/100
|move|p1a: Alomomola|Flip Turn|p2a: TheOriginalDragon
|-resisted|p2a: TheOriginalDragon
|-damage|p2a: TheOriginalDragon|8/100
|
|t:|1779705888
|switch|p1a: Iron Treads|Iron Treads|100/100|[from] Flip Turn
|
|upkeep
|turn|135
|
|t:|1779705913
|switch|p2a: BigBlackCrownelius|Corviknight, M|84/100
|-ability|p2a: BigBlackCrownelius|Pressure
|move|p1a: Iron Treads|Earthquake|p2a: BigBlackCrownelius
|-immune|p2a: BigBlackCrownelius
|
|upkeep
|turn|136
|inactive|Hantaanime Virus has 120 seconds left.
|
|t:|1779705925
|switch|p2a: Raw Dawgy Style|Zamazenta|51/100
|move|p1a: Iron Treads|Stealth Rock|p2a: Raw Dawgy Style
|-sidestart|p2: Hantaanime Virus|move: Stealth Rock
|
|upkeep
|turn|137
|inactive|Hantaanime Virus has 120 seconds left.
|
|t:|1779705932
|-end|p1a: Iron Treads|Quark Drive|[silent]
|switch|p1a: Weezing|Weezing-Galar, M|100/100
|-ability|p1a: Weezing|Neutralizing Gas
|move|p2a: Raw Dawgy Style|Iron Head|p1a: Weezing
|-supereffective|p1a: Weezing
|-damage|p1a: Weezing|53/100
|-damage|p2a: Raw Dawgy Style|41/100|[from] item: Life Orb
|
|-heal|p1a: Weezing|59/100|[from] item: Leftovers
|upkeep
|turn|138
|
|t:|1779705936
|-end|p1a: Weezing|ability: Neutralizing Gas
|switch|p1a: Alomomola|Alomomola, F|55/100
|move|p2a: Raw Dawgy Style|Iron Head|p1a: Alomomola
|-resisted|p1a: Alomomola
|-damage|p1a: Alomomola|45/100
|-damage|p2a: Raw Dawgy Style|24/100|[from] item: Rocky Helmet|[of] p1a: Alomomola
|-damage|p2a: Raw Dawgy Style|14/100|[from] item: Life Orb
|
|upkeep
|turn|139
|j| OUZQ Crocodile
|
|t:|1779705946
|switch|p2a: ThiccThangWithBBL|Alomomola, F|63/100 tox
|-damage|p2a: ThiccThangWithBBL|51/100 tox|[from] Stealth Rock
|switch|p1a: Weezing|Weezing-Galar, M|59/100
|-ability|p1a: Weezing|Neutralizing Gas
|
|-heal|p1a: Weezing|65/100|[from] item: Leftovers
|-damage|p2a: ThiccThangWithBBL|45/100 tox|[from] psn
|upkeep
|turn|140
|
|t:|1779705958
|move|p1a: Weezing|Will-O-Wisp||[still]
|-fail|p1a: Weezing
|move|p2a: ThiccThangWithBBL|Wish|p2a: ThiccThangWithBBL
|
|-heal|p1a: Weezing|71/100|[from] item: Leftovers
|-damage|p2a: ThiccThangWithBBL|32/100 tox|[from] psn
|upkeep
|turn|141
|
|t:|1779705965
|move|p1a: Weezing|Protect|p1a: Weezing
|-singleturn|p1a: Weezing|Protect
|move|p2a: ThiccThangWithBBL|Flip Turn|p1a: Weezing
|-activate|p1a: Weezing|move: Protect
|
|-heal|p2a: ThiccThangWithBBL|82/100 tox|[from] move: Wish|[wisher] ThiccThangWithBBL
|-heal|p1a: Weezing|77/100|[from] item: Leftovers
|-damage|p2a: ThiccThangWithBBL|64/100 tox|[from] psn
|upkeep
|turn|142
|
|t:|1779705971
|-end|p1a: Weezing|ability: Neutralizing Gas
|switch|p1a: Alomomola|Alomomola, F|78/100
|switch|p2a: BigBlackCrownelius|Corviknight, M|84/100
|-damage|p2a: BigBlackCrownelius|72/100|[from] Stealth Rock
|-ability|p2a: BigBlackCrownelius|Pressure
|
|upkeep
|turn|143
|
|t:|1779705978
|move|p2a: BigBlackCrownelius|Defog|p1a: Alomomola
|-unboost|p1a: Alomomola|evasion|1
|-sideend|p2: Hantaanime Virus|Stealth Rock|[from] move: Defog|[of] p2a: BigBlackCrownelius
|move|p1a: Alomomola|Flip Turn|p2a: BigBlackCrownelius
|-damage|p2a: BigBlackCrownelius|61/100
|
|t:|1779705984
|switch|p1a: Iron Treads|Iron Treads|100/100|[from] Flip Turn
|
|upkeep
|turn|144
|
|t:|1779705998
|switch|p2a: ThiccThangWithBBL|Alomomola, F|97/100 tox
|move|p1a: Iron Treads|Stealth Rock|p2a: ThiccThangWithBBL
|-sidestart|p2: Hantaanime Virus|move: Stealth Rock
|
|-damage|p2a: ThiccThangWithBBL|91/100 tox|[from] psn
|upkeep
|turn|145
|
|t:|1779706005
|-end|p1a: Iron Treads|Quark Drive|[silent]
|switch|p1a: Alomomola|Alomomola, F|100/100
|move|p2a: ThiccThangWithBBL|Scald|p1a: Alomomola
|-resisted|p1a: Alomomola
|-damage|p1a: Alomomola|94/100
|-status|p1a: Alomomola|brn
|
|-damage|p2a: ThiccThangWithBBL|78/100 tox|[from] psn
|-damage|p1a: Alomomola|88/100 brn|[from] brn
|upkeep
|turn|146
|
|t:|1779706010
|move|p2a: ThiccThangWithBBL|Wish|p2a: ThiccThangWithBBL
|move|p1a: Alomomola|Flip Turn|p2a: ThiccThangWithBBL
|-resisted|p2a: ThiccThangWithBBL
|-damage|p2a: ThiccThangWithBBL|76/100 tox
|
|t:|1779706014
|switch|p1a: Lokix|Lokix, F, tera:Bug|61/100|[from] Flip Turn
|
|-damage|p2a: ThiccThangWithBBL|57/100 tox|[from] psn
|upkeep
|turn|147
|
|t:|1779706018
|move|p1a: Lokix|U-turn|p2a: ThiccThangWithBBL
|-damage|p2a: ThiccThangWithBBL|18/100 tox
|
|t:|1779706023
|switch|p1a: Alomomola|Alomomola, F|100/100 brn|[from] U-turn
|move|p2a: ThiccThangWithBBL|Scald|p1a: Alomomola
|-resisted|p1a: Alomomola
|-crit|p1a: Alomomola
|-damage|p1a: Alomomola|91/100 brn
|
|-heal|p2a: ThiccThangWithBBL|68/100 tox|[from] move: Wish|[wisher] ThiccThangWithBBL
|-damage|p2a: ThiccThangWithBBL|43/100 tox|[from] psn
|-damage|p1a: Alomomola|84/100 brn|[from] brn
|upkeep
|turn|148
|l| OUZQ Crocodile
|
|t:|1779706027
|switch|p1a: Weezing|Weezing-Galar, M|77/100
|-ability|p1a: Weezing|Neutralizing Gas
|switch|p2a: BigBlackCrownelius|Corviknight, M|61/100
|-damage|p2a: BigBlackCrownelius|49/100|[from] Stealth Rock
|
|-heal|p1a: Weezing|83/100|[from] item: Leftovers
|upkeep
|turn|149
|
|t:|1779706033
|move|p2a: BigBlackCrownelius|Roost|p2a: BigBlackCrownelius
|-heal|p2a: BigBlackCrownelius|99/100
|-singleturn|p2a: BigBlackCrownelius|move: Roost
|move|p1a: Weezing|Will-O-Wisp|p2a: BigBlackCrownelius|[miss]
|-miss|p1a: Weezing|p2a: BigBlackCrownelius
|
|-heal|p1a: Weezing|89/100|[from] item: Leftovers
|upkeep
|turn|150
|c|☆goodnightnite|sick
|
|t:|1779706041
|-end|p1a: Weezing|ability: Neutralizing Gas
|-ability|p2a: BigBlackCrownelius|Pressure
|switch|p1a: Alomomola|Alomomola, F|100/100 brn
|move|p2a: BigBlackCrownelius|Defog|p1a: Alomomola
|-unboost|p1a: Alomomola|evasion|1
|-sideend|p2: Hantaanime Virus|Stealth Rock|[from] move: Defog|[of] p2a: BigBlackCrownelius
|
|-damage|p1a: Alomomola|94/100 brn|[from] brn
|upkeep
|turn|151
|c|☆Hantaanime Virus|I used 8 scalds n got 2 burns, don't talk abt hax w me
|c|☆goodnightnite|gotchu
|inactive|Hantaanime Virus has 120 seconds left.
|
|t:|1779706073
|switch|p2a: TingTingTing Luhur|Ting-Lu, tera:Poison|57/100 slp
|-ability|p2a: TingTingTing Luhur|Vessel of Ruin
|move|p1a: Alomomola|Flip Turn|p2a: TingTingTing Luhur
|-damage|p2a: TingTingTing Luhur|54/100 slp
|c| red556|thats p normal odds ngl
|
|t:|1779706078
|switch|p1a: Lokix|Lokix, F, tera:Bug|61/100|[from] Flip Turn
|
|upkeep
|turn|152
|c|☆Hantaanime Virus|missing willo is also p normal then?
|inactive|Hantaanime Virus has 120 seconds left.
|j| sfghjkjhgfdfgh
|
|t:|1779706091
|move|p1a: Lokix|U-turn|p2a: TingTingTing Luhur
|-resisted|p2a: TingTingTing Luhur
|-damage|p2a: TingTingTing Luhur|23/100 slp
|j| HiYawn
|c| red556|it is
|c|☆goodnightnite|yuh it is
|
|t:|1779706099
|switch|p1a: Alomomola|Alomomola, F|100/100 brn|[from] U-turn
|-curestatus|p2a: TingTingTing Luhur|slp|[msg]
|move|p2a: TingTingTing Luhur|Rest|p2a: TingTingTing Luhur
|-status|p2a: TingTingTing Luhur|slp|[from] move: Rest
|-heal|p2a: TingTingTing Luhur|100/100 slp|[silent]
|
|-damage|p1a: Alomomola|94/100 brn|[from] brn
|upkeep
|turn|153
|
|t:|1779706102
|move|p1a: Alomomola|Flip Turn|p2a: TingTingTing Luhur
|-damage|p2a: TingTingTing Luhur|97/100 slp
|
|t:|1779706108
|switch|p1a: Lokix|Lokix, F, tera:Bug|61/100|[from] Flip Turn
|cant|p2a: TingTingTing Luhur|slp
|
|upkeep
|turn|154
|c| HiYawn|153
|c| HiYawn|wow
|
|t:|1779706116
|switch|p2a: BigBlackCrownelius|Corviknight, M|99/100
|-ability|p2a: BigBlackCrownelius|Pressure
|move|p1a: Lokix|Leech Life|p2a: BigBlackCrownelius
|-resisted|p2a: BigBlackCrownelius
|-damage|p2a: BigBlackCrownelius|77/100
|-heal|p1a: Lokix|77/100|[from] drain|[of] p2a: BigBlackCrownelius
|
|upkeep
|turn|155
|
|t:|1779706121
|switch|p1a: Alomomola|Alomomola, F|100/100 brn
|switch|p2a: TingTingTing Luhur|Ting-Lu, tera:Poison|97/100 slp
|-ability|p2a: TingTingTing Luhur|Vessel of Ruin
|
|-damage|p1a: Alomomola|94/100 brn|[from] brn
|upkeep
|turn|156
|
|t:|1779706125
|move|p1a: Alomomola|Flip Turn|p2a: TingTingTing Luhur
|-damage|p2a: TingTingTing Luhur|93/100 slp
|
|t:|1779706129
|switch|p1a: Lokix|Lokix, F, tera:Bug|77/100|[from] Flip Turn
|cant|p2a: TingTingTing Luhur|slp
|
|upkeep
|turn|157
|
|t:|1779706133
|move|p1a: Lokix|Leech Life|p2a: TingTingTing Luhur
|-resisted|p2a: TingTingTing Luhur
|-damage|p2a: TingTingTing Luhur|56/100 slp
|-heal|p1a: Lokix|100/100|[from] drain|[of] p2a: TingTingTing Luhur
|-curestatus|p2a: TingTingTing Luhur|slp|[msg]
|move|p2a: TingTingTing Luhur|Stealth Rock|p1a: Lokix
|-sidestart|p1: goodnightnite|move: Stealth Rock
|
|upkeep
|turn|158
|
|t:|1779706143
|switch|p1a: Weezing|Weezing-Galar, M|89/100
|-ability|p1a: Weezing|Neutralizing Gas
|-damage|p1a: Weezing|76/100|[from] Stealth Rock
|move|p2a: TingTingTing Luhur|Whirlwind|p1a: Weezing
|-end|p1a: Weezing|ability: Neutralizing Gas
|-ability|p2a: TingTingTing Luhur|Vessel of Ruin
|drag|p1a: Zamazenta|Zamazenta|94/100 brn
|-damage|p1a: Zamazenta|88/100 brn|[from] Stealth Rock
|
|-damage|p1a: Zamazenta|82/100 brn|[from] brn
|upkeep
|turn|159
|
|t:|1779706150
|switch|p1a: Alomomola|Alomomola, F|100/100 brn
|-damage|p1a: Alomomola|88/100 brn|[from] Stealth Rock
|move|p2a: TingTingTing Luhur|Earthquake|p1a: Alomomola
|-damage|p1a: Alomomola|64/100 brn
|
|-damage|p1a: Alomomola|58/100 brn|[from] brn
|upkeep
|turn|160
|
|t:|1779706157
|move|p1a: Alomomola|Flip Turn|p2a: TingTingTing Luhur
|-damage|p2a: TingTingTing Luhur|52/100
|
|t:|1779706160
|switch|p1a: Zamazenta|Zamazenta|82/100 brn|[from] Flip Turn
|-damage|p1a: Zamazenta|76/100 brn|[from] Stealth Rock
|move|p2a: TingTingTing Luhur|Earthquake|p1a: Zamazenta
|-crit|p1a: Zamazenta
|-damage|p1a: Zamazenta|24/100 brn
|
|-damage|p1a: Zamazenta|18/100 brn|[from] brn
|upkeep
|turn|161
|c| HiYawn|tung tung tung luhur is tuff
|j| angel engine
|
|t:|1779706168
|switch|p1a: Alomomola|Alomomola, F|91/100 brn
|-damage|p1a: Alomomola|79/100 brn|[from] Stealth Rock
|move|p2a: TingTingTing Luhur|Earthquake|p1a: Alomomola
|-damage|p1a: Alomomola|55/100 brn
|
|-damage|p1a: Alomomola|49/100 brn|[from] brn
|upkeep
|turn|162
|
|t:|1779706172
|move|p1a: Alomomola|Wish|p1a: Alomomola
|move|p2a: TingTingTing Luhur|Earthquake|p1a: Alomomola
|-damage|p1a: Alomomola|27/100 brn
|
|-damage|p1a: Alomomola|21/100 brn|[from] brn
|upkeep
|turn|163
|
|t:|1779706176
|move|p1a: Alomomola|Flip Turn|p2a: TingTingTing Luhur
|-damage|p2a: TingTingTing Luhur|48/100
|
|t:|1779706180
|switch|p1a: Weezing|Weezing-Galar, M|76/100|[from] Flip Turn
|-ability|p1a: Weezing|Neutralizing Gas
|-damage|p1a: Weezing|64/100|[from] Stealth Rock
|move|p2a: TingTingTing Luhur|Whirlwind|p1a: Weezing
|-end|p1a: Weezing|ability: Neutralizing Gas
|-ability|p2a: TingTingTing Luhur|Vessel of Ruin
|drag|p1a: Alomomola|Alomomola, F|54/100 brn
|-damage|p1a: Alomomola|42/100 brn|[from] Stealth Rock
|
|-heal|p1a: Alomomola|92/100 brn|[from] move: Wish|[wisher] Alomomola
|-damage|p1a: Alomomola|86/100 brn|[from] brn
|upkeep
|turn|164
|
|t:|1779706184
|move|p1a: Alomomola|Flip Turn|p2a: TingTingTing Luhur
|-damage|p2a: TingTingTing Luhur|44/100
|
|t:|1779706189
|switch|p1a: Lokix|Lokix, F, tera:Bug|100/100|[from] Flip Turn
|-damage|p1a: Lokix|76/100|[from] Stealth Rock
|move|p2a: TingTingTing Luhur|Earthquake|p1a: Lokix
|-resisted|p1a: Lokix
|-damage|p1a: Lokix|49/100
|
|upkeep
|turn|165
|
|t:|1779706196
|switch|p2a: BigBlackCrownelius|Corviknight, M|77/100
|-ability|p2a: BigBlackCrownelius|Pressure
|move|p1a: Lokix|Leech Life|p2a: BigBlackCrownelius
|-resisted|p2a: BigBlackCrownelius
|-damage|p2a: BigBlackCrownelius|54/100
|-heal|p1a: Lokix|64/100|[from] drain|[of] p2a: BigBlackCrownelius
|
|upkeep
|turn|166
|c|☆Hantaanime Virus|14 more pp
|
|t:|1779706215
|switch|p1a: Iron Treads|Iron Treads|100/100
|-damage|p1a: Iron Treads|97/100|[from] Stealth Rock
|move|p2a: BigBlackCrownelius|Roost|p2a: BigBlackCrownelius
|-heal|p2a: BigBlackCrownelius|100/100
|-singleturn|p2a: BigBlackCrownelius|move: Roost
|
|-heal|p1a: Iron Treads|100/100|[from] item: Leftovers
|upkeep
|turn|167
|
|t:|1779706223
|switch|p2a: ThiccThangWithBBL|Alomomola, F|43/100 tox
|move|p1a: Iron Treads|Stealth Rock|p2a: ThiccThangWithBBL
|-sidestart|p2: Hantaanime Virus|move: Stealth Rock
|
|-damage|p2a: ThiccThangWithBBL|37/100 tox|[from] psn
|upkeep
|turn|168
|
|t:|1779706229
|move|p1a: Iron Treads|Earthquake|p2a: ThiccThangWithBBL
|-damage|p2a: ThiccThangWithBBL|14/100 tox
|move|p2a: ThiccThangWithBBL|Wish|p2a: ThiccThangWithBBL
|
|-damage|p2a: ThiccThangWithBBL|1/100 tox|[from] psn
|upkeep
|turn|169
|
|t:|1779706237
|-end|p1a: Iron Treads|Quark Drive|[silent]
|switch|p1a: Alomomola|Alomomola, F|100/100 brn
|-damage|p1a: Alomomola|88/100 brn|[from] Stealth Rock
|move|p2a: ThiccThangWithBBL|Protect||[still]
|-fail|p2a: ThiccThangWithBBL
|
|-heal|p2a: ThiccThangWithBBL|51/100 tox|[from] move: Wish|[wisher] ThiccThangWithBBL
|-damage|p2a: ThiccThangWithBBL|33/100 tox|[from] psn
|-damage|p1a: Alomomola|82/100 brn|[from] brn
|upkeep
|turn|170
|l| angel engine
|
|t:|1779706247
|move|p2a: ThiccThangWithBBL|Flip Turn|p1a: Alomomola
|-resisted|p1a: Alomomola
|-damage|p1a: Alomomola|77/100 brn
|-damage|p2a: ThiccThangWithBBL|16/100 tox|[from] item: Rocky Helmet|[of] p1a: Alomomola
|
|t:|1779706255
|switch|p2a: TingTingTing Luhur|Ting-Lu, tera:Poison|44/100|[from] Flip Turn
|-damage|p2a: TingTingTing Luhur|31/100|[from] Stealth Rock
|-ability|p2a: TingTingTing Luhur|Vessel of Ruin
|move|p1a: Alomomola|Wish|p1a: Alomomola
|
|-damage|p1a: Alomomola|71/100 brn|[from] brn
|upkeep
|turn|171
|
|t:|1779706267
|move|p1a: Alomomola|Flip Turn|p2a: TingTingTing Luhur
|-damage|p2a: TingTingTing Luhur|27/100
|
|t:|1779706270
|switch|p1a: Iron Treads|Iron Treads|100/100|[from] Flip Turn
|-damage|p1a: Iron Treads|97/100|[from] Stealth Rock
|move|p2a: TingTingTing Luhur|Rest|p2a: TingTingTing Luhur
|-status|p2a: TingTingTing Luhur|slp|[from] move: Rest
|-heal|p2a: TingTingTing Luhur|100/100 slp|[silent]
|
|-heal|p1a: Iron Treads|100/100|[from] move: Wish|[wisher] Alomomola
|upkeep
|turn|172
|l| sfghjkjhgfdfgh
|
|t:|1779706278
|switch|p2a: BigBlackCrownelius|Corviknight, M|100/100
|-damage|p2a: BigBlackCrownelius|88/100|[from] Stealth Rock
|-ability|p2a: BigBlackCrownelius|Pressure
|move|p1a: Iron Treads|Rapid Spin|p2a: BigBlackCrownelius
|-resisted|p2a: BigBlackCrownelius
|-damage|p2a: BigBlackCrownelius|84/100
|-boost|p1a: Iron Treads|spe|1
|-sideend|p1: goodnightnite|Stealth Rock|[from] move: Rapid Spin|[of] p1a: Iron Treads
|
|upkeep
|turn|173
|
|t:|1779706281
|-end|p1a: Iron Treads|Quark Drive|[silent]
|switch|p1a: Alomomola|Alomomola, F|100/100 brn
|move|p2a: BigBlackCrownelius|Defog|p1a: Alomomola
|-unboost|p1a: Alomomola|evasion|1
|-sideend|p2: Hantaanime Virus|Stealth Rock|[from] move: Defog|[of] p2a: BigBlackCrownelius
|
|-damage|p1a: Alomomola|94/100 brn|[from] brn
|upkeep
|turn|174
|
|t:|1779706299
|switch|p2a: ThiccThangWithBBL|Alomomola, F|49/100 tox
|move|p1a: Alomomola|Flip Turn|p2a: ThiccThangWithBBL
|-resisted|p2a: ThiccThangWithBBL
|-damage|p2a: ThiccThangWithBBL|47/100 tox
|
|t:|1779706305
|switch|p1a: Lokix|Lokix, F, tera:Bug|64/100|[from] Flip Turn
|
|-damage|p2a: ThiccThangWithBBL|41/100 tox|[from] psn
|upkeep
|turn|175
|
|t:|1779706310
|switch|p1a: Weezing|Weezing-Galar, M|64/100
|-ability|p1a: Weezing|Neutralizing Gas
|switch|p2a: BigBlackCrownelius|Corviknight, M|84/100
|
|-heal|p1a: Weezing|70/100|[from] item: Leftovers
|upkeep
|turn|176
|j| sfghjkjhgfdfgh
|
|t:|1779706321
|switch|p2a: TingTingTing Luhur|Ting-Lu, tera:Poison|100/100 slp
|-end|p1a: Weezing|ability: Neutralizing Gas
|-ability|p2a: TingTingTing Luhur|Vessel of Ruin
|switch|p1a: Lokix|Lokix, F, tera:Bug|64/100
|
|upkeep
|turn|177
|
|t:|1779706328
|move|p1a: Lokix|U-turn|p2a: TingTingTing Luhur
|-resisted|p2a: TingTingTing Luhur
|-damage|p2a: TingTingTing Luhur|65/100 slp
|c| red556|this battle is feeding my fatass family rn
|
|t:|1779706332
|switch|p1a: Iron Treads|Iron Treads|100/100|[from] U-turn
|cant|p2a: TingTingTing Luhur|slp
|
|upkeep
|turn|178
|
|t:|1779706337
|switch|p2a: BigBlackCrownelius|Corviknight, M|84/100
|-ability|p2a: BigBlackCrownelius|Pressure
|move|p1a: Iron Treads|Earthquake|p2a: BigBlackCrownelius
|-immune|p2a: BigBlackCrownelius
|
|upkeep
|turn|179
|
|t:|1779706341
|switch|p2a: TingTingTing Luhur|Ting-Lu, tera:Poison|65/100 slp
|-ability|p2a: TingTingTing Luhur|Vessel of Ruin
|move|p1a: Iron Treads|Stealth Rock|p2a: TingTingTing Luhur
|-sidestart|p2: Hantaanime Virus|move: Stealth Rock
|
|upkeep
|turn|180
|
|t:|1779706346
|-end|p1a: Iron Treads|Quark Drive|[silent]
|switch|p1a: Lokix|Lokix, F, tera:Bug|64/100
|switch|p2a: BigBlackCrownelius|Corviknight, M|84/100
|-damage|p2a: BigBlackCrownelius|72/100|[from] Stealth Rock
|-ability|p2a: BigBlackCrownelius|Pressure
|
|upkeep
|turn|181
|c| HiYawn|lol
|
|t:|1779706351
|move|p1a: Lokix|U-turn|p2a: BigBlackCrownelius
|-resisted|p2a: BigBlackCrownelius
|-damage|p2a: BigBlackCrownelius|51/100
|
|t:|1779706355
|switch|p1a: Alomomola|Alomomola, F|100/100 brn|[from] U-turn
|move|p2a: BigBlackCrownelius|Defog|p1a: Alomomola
|-unboost|p1a: Alomomola|evasion|1
|-sideend|p2: Hantaanime Virus|Stealth Rock|[from] move: Defog|[of] p2a: BigBlackCrownelius
|
|-damage|p1a: Alomomola|94/100 brn|[from] brn
|upkeep
|turn|182
|c|☆goodnightnite|oh when did flip turn ran out of pp
|c|☆goodnightnite|lol
|
|t:|1779706373
|move|p2a: BigBlackCrownelius|Roost|p2a: BigBlackCrownelius
|-heal|p2a: BigBlackCrownelius|100/100
|-singleturn|p2a: BigBlackCrownelius|move: Roost
|move|p1a: Alomomola|Wish|p1a: Alomomola
|
|-damage|p1a: Alomomola|88/100 brn|[from] brn
|upkeep
|turn|183
|
|t:|1779706384
|switch|p1a: Zamazenta|Zamazenta|18/100 brn
|move|p2a: BigBlackCrownelius|U-turn|p1a: Zamazenta
|-resisted|p1a: Zamazenta
|-damage|p1a: Zamazenta|11/100 brn
|
|t:|1779706387
|switch|p2a: TingTingTing Luhur|Ting-Lu, tera:Poison|65/100 slp|[from] U-turn
|-ability|p2a: TingTingTing Luhur|Vessel of Ruin
|
|-heal|p1a: Zamazenta|84/100 brn|[from] move: Wish|[wisher] Alomomola
|-damage|p1a: Zamazenta|78/100 brn|[from] brn
|upkeep
|turn|184
|
|t:|1779706396
|switch|p1a: Lokix|Lokix, F, tera:Bug|64/100
|cant|p2a: TingTingTing Luhur|slp
|
|upkeep
|turn|185
|
|t:|1779706403
|switch|p2a: BigBlackCrownelius|Corviknight, M|100/100
|-ability|p2a: BigBlackCrownelius|Pressure
|move|p1a: Lokix|First Impression|p2a: BigBlackCrownelius
|-resisted|p2a: BigBlackCrownelius
|-damage|p2a: BigBlackCrownelius|76/100
|
|upkeep
|turn|186
|c|☆Hantaanime Virus|oml
|j| OUZQ Crocodile
|j| Burrzirk
|
|t:|1779706427
|switch|p1a: Iron Treads|Iron Treads|100/100
|switch|p2a: TingTingTing Luhur|Ting-Lu, tera:Poison|65/100 slp
|-ability|p2a: TingTingTing Luhur|Vessel of Ruin
|
|upkeep
|turn|187
|
|t:|1779706436
|-end|p1a: Iron Treads|Quark Drive|[silent]
|switch|p1a: Lokix|Lokix, F, tera:Bug|64/100
|switch|p2a: BigBlackCrownelius|Corviknight, M|76/100
|-ability|p2a: BigBlackCrownelius|Pressure
|
|upkeep
|turn|188
|
|t:|1779706442
|switch|p1a: Alomomola|Alomomola, F|100/100 brn
|switch|p2a: TingTingTing Luhur|Ting-Lu, tera:Poison|65/100 slp
|-ability|p2a: TingTingTing Luhur|Vessel of Ruin
|
|-damage|p1a: Alomomola|94/100 brn|[from] brn
|upkeep
|turn|189
|
|t:|1779706448
|switch|p1a: Lokix|Lokix, F, tera:Bug|64/100
|-curestatus|p2a: TingTingTing Luhur|slp|[msg]
|move|p2a: TingTingTing Luhur|Stealth Rock|p1a: Lokix
|-sidestart|p1: goodnightnite|move: Stealth Rock
|
|upkeep
|turn|190
|
|t:|1779706459
|move|p1a: Lokix|Leech Life|p2a: TingTingTing Luhur
|-resisted|p2a: TingTingTing Luhur
|-damage|p2a: TingTingTing Luhur|25/100
|-heal|p1a: Lokix|99/100|[from] drain|[of] p2a: TingTingTing Luhur
|move|p2a: TingTingTing Luhur|Rest|p2a: TingTingTing Luhur
|-status|p2a: TingTingTing Luhur|slp|[from] move: Rest
|-heal|p2a: TingTingTing Luhur|100/100 slp|[silent]
|
|upkeep
|turn|191
|
|t:|1779706468
|switch|p1a: Iron Treads|Iron Treads|100/100
|-damage|p1a: Iron Treads|97/100|[from] Stealth Rock
|cant|p2a: TingTingTing Luhur|slp
|
|-heal|p1a: Iron Treads|100/100|[from] item: Leftovers
|upkeep
|turn|192
|
|t:|1779706472
|move|p1a: Iron Treads|Rapid Spin|p2a: TingTingTing Luhur
|-damage|p2a: TingTingTing Luhur|94/100 slp
|-boost|p1a: Iron Treads|spe|1
|-sideend|p1: goodnightnite|Stealth Rock|[from] move: Rapid Spin|[of] p1a: Iron Treads
|cant|p2a: TingTingTing Luhur|slp
|
|upkeep
|turn|193
|
|t:|1779706477
|-end|p1a: Iron Treads|Quark Drive|[silent]
|switch|p1a: Lokix|Lokix, F, tera:Bug|99/100
|switch|p2a: BigBlackCrownelius|Corviknight, M|76/100
|-ability|p2a: BigBlackCrownelius|Pressure
|
|upkeep
|turn|194
|c| HiYawn|lock in twns 🥀
|
|t:|1779706483
|switch|p1a: Iron Treads|Iron Treads|100/100
|switch|p2a: TingTingTing Luhur|Ting-Lu, tera:Poison|94/100 slp
|-ability|p2a: TingTingTing Luhur|Vessel of Ruin
|
|upkeep
|turn|195
|
|t:|1779706489
|switch|p2a: BigBlackCrownelius|Corviknight, M|76/100
|-ability|p2a: BigBlackCrownelius|Pressure
|move|p1a: Iron Treads|Earthquake|p2a: BigBlackCrownelius
|-immune|p2a: BigBlackCrownelius
|
|upkeep
|turn|196
|
|t:|1779706497
|switch|p2a: TingTingTing Luhur|Ting-Lu, tera:Poison|94/100 slp
|-ability|p2a: TingTingTing Luhur|Vessel of Ruin
|move|p1a: Iron Treads|Stealth Rock|p2a: TingTingTing Luhur
|-sidestart|p2: Hantaanime Virus|move: Stealth Rock
|
|upkeep
|turn|197
|
|t:|1779706501
|-end|p1a: Iron Treads|Quark Drive|[silent]
|switch|p1a: Lokix|Lokix, F, tera:Bug|99/100
|-curestatus|p2a: TingTingTing Luhur|slp|[msg]
|move|p2a: TingTingTing Luhur|Earthquake|p1a: Lokix
|-resisted|p1a: Lokix
|-damage|p1a: Lokix|73/100
|
|upkeep
|turn|198
|
|t:|1779706507
|move|p1a: Lokix|U-turn|p2a: TingTingTing Luhur
|-resisted|p2a: TingTingTing Luhur
|-damage|p2a: TingTingTing Luhur|60/100
|
|t:|1779706513
|switch|p1a: Alomomola|Alomomola, F|100/100 brn|[from] U-turn
|move|p2a: TingTingTing Luhur|Stealth Rock|p1a: Alomomola
|-sidestart|p1: goodnightnite|move: Stealth Rock
|
|-damage|p1a: Alomomola|94/100 brn|[from] brn
|upkeep
|turn|199
|
|t:|1779706518
|move|p1a: Alomomola|Tickle|p2a: TingTingTing Luhur
|-unboost|p2a: TingTingTing Luhur|atk|1
|-unboost|p2a: TingTingTing Luhur|def|1
|move|p2a: TingTingTing Luhur|Earthquake|p1a: Alomomola
|-crit|p1a: Alomomola
|-damage|p1a: Alomomola|61/100 brn
|
|-damage|p1a: Alomomola|55/100 brn|[from] brn
|upkeep
|turn|200
|c|☆Hantaanime Virus|fuck this
|c| HiYawn|lol
|c|☆Hantaanime Virus|chud moveset
|c| HiYawn|tickle tickle
|
|t:|1779706542
|switch|p1a: Lokix|Lokix, F, tera:Bug|73/100
|-damage|p1a: Lokix|48/100|[from] Stealth Rock
|move|p2a: TingTingTing Luhur|Whirlwind|p1a: Lokix
|drag|p1a: Weezing|Weezing-Galar, M|70/100
|-ability|p1a: Weezing|Neutralizing Gas
|-damage|p1a: Weezing|58/100|[from] Stealth Rock
|
|-heal|p1a: Weezing|64/100|[from] item: Leftovers
|upkeep
|turn|201
|
|t:|1779706550
|move|p1a: Weezing|Will-O-Wisp|p2a: TingTingTing Luhur
|-status|p2a: TingTingTing Luhur|brn
|move|p2a: TingTingTing Luhur|Earthquake|p1a: Weezing
|-supereffective|p1a: Weezing
|-damage|p1a: Weezing|49/100
|
|-heal|p1a: Weezing|55/100|[from] item: Leftovers
|-damage|p2a: TingTingTing Luhur|54/100 brn|[from] brn
|upkeep
|turn|202
|c|☆Hantaanime Virus|sickkkk
|
|t:|1779706561
|move|p1a: Weezing|Protect|p1a: Weezing
|-singleturn|p1a: Weezing|Protect
|move|p2a: TingTingTing Luhur|Whirlwind|p1a: Weezing
|-end|p1a: Weezing|ability: Neutralizing Gas
|-ability|p2a: TingTingTing Luhur|Vessel of Ruin
|drag|p1a: Lokix|Lokix, F, tera:Bug|48/100
|-damage|p1a: Lokix|23/100|[from] Stealth Rock
|
|-damage|p2a: TingTingTing Luhur|48/100 brn|[from] brn
|upkeep
|turn|203
|
|t:|1779706566
|switch|p2a: BigBlackCrownelius|Corviknight, M|76/100
|-damage|p2a: BigBlackCrownelius|64/100|[from] Stealth Rock
|-ability|p2a: BigBlackCrownelius|Pressure
|move|p1a: Lokix|Leech Life|p2a: BigBlackCrownelius
|-resisted|p2a: BigBlackCrownelius
|-damage|p2a: BigBlackCrownelius|42/100
|-heal|p1a: Lokix|39/100|[from] drain|[of] p2a: BigBlackCrownelius
|
|upkeep
|turn|204
|
|t:|1779706572
|switch|p1a: Alomomola|Alomomola, F|88/100 brn
|-damage|p1a: Alomomola|76/100 brn|[from] Stealth Rock
|switch|p2a: ThiccThangWithBBL|Alomomola, F|41/100 tox
|-damage|p2a: ThiccThangWithBBL|28/100 tox|[from] Stealth Rock
|
|-damage|p2a: ThiccThangWithBBL|22/100 tox|[from] psn
|-damage|p1a: Alomomola|69/100 brn|[from] brn
|upkeep
|turn|205
|
|t:|1779706580
|switch|p1a: Weezing|Weezing-Galar, M|55/100
|-ability|p1a: Weezing|Neutralizing Gas
|-damage|p1a: Weezing|42/100|[from] Stealth Rock
|move|p2a: ThiccThangWithBBL|Flip Turn|p1a: Weezing
|-damage|p1a: Weezing|32/100
|
|t:|1779706585
|switch|p2a: TingTingTing Luhur|Ting-Lu, tera:Poison|48/100 brn|[from] Flip Turn
|-damage|p2a: TingTingTing Luhur|36/100 brn|[from] Stealth Rock
|
|-heal|p1a: Weezing|38/100|[from] item: Leftovers
|-damage|p2a: TingTingTing Luhur|29/100 brn|[from] brn
|upkeep
|turn|206
|
|t:|1779706591
|move|p1a: Weezing|Protect|p1a: Weezing
|-singleturn|p1a: Weezing|Protect
|move|p2a: TingTingTing Luhur|Rest|p2a: TingTingTing Luhur
|-status|p2a: TingTingTing Luhur|slp|[from] move: Rest
|-heal|p2a: TingTingTing Luhur|100/100 slp|[silent]
|
|-heal|p1a: Weezing|44/100|[from] item: Leftovers
|upkeep
|turn|207
|
|t:|1779706599
|-end|p1a: Weezing|ability: Neutralizing Gas
|-ability|p2a: TingTingTing Luhur|Vessel of Ruin
|switch|p1a: Alomomola|Alomomola, F|100/100 brn
|-damage|p1a: Alomomola|88/100 brn|[from] Stealth Rock
|cant|p2a: TingTingTing Luhur|slp
|
|-damage|p1a: Alomomola|82/100 brn|[from] brn
|upkeep
|turn|208
|
|t:|1779706603
|move|p1a: Alomomola|Wish|p1a: Alomomola
|cant|p2a: TingTingTing Luhur|slp
|
|-damage|p1a: Alomomola|76/100 brn|[from] brn
|upkeep
|turn|209
|
|t:|1779706611
|move|p1a: Alomomola|Tickle|p2a: TingTingTing Luhur
|-unboost|p2a: TingTingTing Luhur|atk|1
|-unboost|p2a: TingTingTing Luhur|def|1
|-curestatus|p2a: TingTingTing Luhur|slp|[msg]
|move|p2a: TingTingTing Luhur|Whirlwind|p1a: Alomomola
|drag|p1a: Iron Treads|Iron Treads|100/100
|-damage|p1a: Iron Treads|97/100|[from] Stealth Rock
|
|-heal|p1a: Iron Treads|100/100|[from] move: Wish|[wisher] Alomomola
|upkeep
|turn|210
|
|t:|1779706622
|-end|p1a: Iron Treads|Quark Drive|[silent]
|switch|p1a: Alomomola|Alomomola, F|100/100 brn
|-damage|p1a: Alomomola|88/100 brn|[from] Stealth Rock
|move|p2a: TingTingTing Luhur|Whirlwind|p1a: Alomomola
|drag|p1a: Weezing|Weezing-Galar, M|44/100
|-ability|p1a: Weezing|Neutralizing Gas
|-damage|p1a: Weezing|32/100|[from] Stealth Rock
|
|-heal|p1a: Weezing|38/100|[from] item: Leftovers
|upkeep
|turn|211
|
|t:|1779706626
|move|p1a: Weezing|Will-O-Wisp|p2a: TingTingTing Luhur
|-status|p2a: TingTingTing Luhur|brn
|move|p2a: TingTingTing Luhur|Whirlwind|p1a: Weezing
|-end|p1a: Weezing|ability: Neutralizing Gas
|-ability|p2a: TingTingTing Luhur|Vessel of Ruin
|drag|p1a: Iron Treads|Iron Treads|100/100
|-damage|p1a: Iron Treads|97/100|[from] Stealth Rock
|
|-heal|p1a: Iron Treads|100/100|[from] item: Leftovers
|-damage|p2a: TingTingTing Luhur|94/100 brn|[from] brn
|upkeep
|turn|212
|c|☆Hantaanime Virus|WHY TF IS LOKIX NOT COMING OUT
|
|t:|1779706633
|move|p1a: Iron Treads|Earthquake|p2a: TingTingTing Luhur
|-supereffective|p2a: TingTingTing Luhur
|-damage|p2a: TingTingTing Luhur|34/100 brn
|move|p2a: TingTingTing Luhur|Whirlwind|p1a: Iron Treads
|-end|p1a: Iron Treads|Quark Drive|[silent]
|drag|p1a: Lokix|Lokix, F, tera:Bug|39/100
|-damage|p1a: Lokix|14/100|[from] Stealth Rock
|
|-damage|p2a: TingTingTing Luhur|28/100 brn|[from] brn
|upkeep
|turn|213
|c| HiYawn|omfg
|c| HiYawn|lol
|c|☆Hantaanime Virus|oh ofc now it comes out
|c|☆Hantaanime Virus|fuck this game
|inactive|goodnightnite has 120 seconds left.
|
|t:|1779706651
|switch|p2a: TheOriginalDragon|Kyurem|8/100
|-damage|p2a: TheOriginalDragon|0 fnt|[from] Stealth Rock
|faint|p2a: TheOriginalDragon
|move|p1a: Lokix|Leech Life|p2: TheOriginalDragon|[notarget]
|-fail|p1a: Lokix
|
|upkeep
|c|☆goodnightnite|you called for him
|
|t:|1779706654
|switch|p2a: BigBlackCrownelius|Corviknight, M|42/100
|-damage|p2a: BigBlackCrownelius|29/100|[from] Stealth Rock
|-ability|p2a: BigBlackCrownelius|Pressure
|turn|214
|c| HiYawn|lmfaooooo
|inactive|goodnightnite has 120 seconds left.
|
|t:|1779706660
|switch|p1a: Alomomola|Alomomola, F|100/100 brn
|-damage|p1a: Alomomola|88/100 brn|[from] Stealth Rock
|move|p2a: BigBlackCrownelius|U-turn|p1a: Alomomola
|-damage|p1a: Alomomola|79/100 brn
|-damage|p2a: BigBlackCrownelius|13/100|[from] item: Rocky Helmet|[of] p1a: Alomomola
|
|t:|1779706664
|switch|p2a: TingTingTing Luhur|Ting-Lu, tera:Poison|28/100 brn|[from] U-turn
|-damage|p2a: TingTingTing Luhur|16/100 brn|[from] Stealth Rock
|-ability|p2a: TingTingTing Luhur|Vessel of Ruin
|
|-damage|p1a: Alomomola|73/100 brn|[from] brn
|-damage|p2a: TingTingTing Luhur|10/100 brn|[from] brn
|upkeep
|turn|215
|
|t:|1779706668
|move|p1a: Alomomola|Wish|p1a: Alomomola
|move|p2a: TingTingTing Luhur|Rest|p2a: TingTingTing Luhur
|-status|p2a: TingTingTing Luhur|slp|[from] move: Rest
|-heal|p2a: TingTingTing Luhur|100/100 slp|[silent]
|
|-damage|p1a: Alomomola|67/100 brn|[from] brn
|upkeep
|turn|216
|
|t:|1779706673
|switch|p1a: Iron Treads|Iron Treads|100/100
|-damage|p1a: Iron Treads|97/100|[from] Stealth Rock
|cant|p2a: TingTingTing Luhur|slp
|
|-heal|p1a: Iron Treads|100/100|[from] move: Wish|[wisher] Alomomola
|upkeep
|turn|217
|
|t:|1779706676
|move|p1a: Iron Treads|Rapid Spin|p2a: TingTingTing Luhur
|-damage|p2a: TingTingTing Luhur|94/100 slp
|-boost|p1a: Iron Treads|spe|1
|-sideend|p1: goodnightnite|Stealth Rock|[from] move: Rapid Spin|[of] p1a: Iron Treads
|cant|p2a: TingTingTing Luhur|slp
|
|upkeep
|turn|218
|
|t:|1779706681
|move|p1a: Iron Treads|Earthquake|p2a: TingTingTing Luhur
|-supereffective|p2a: TingTingTing Luhur
|-damage|p2a: TingTingTing Luhur|52/100 slp
|-curestatus|p2a: TingTingTing Luhur|slp|[msg]
|move|p2a: TingTingTing Luhur|Stealth Rock|p1a: Iron Treads
|-sidestart|p1: goodnightnite|move: Stealth Rock
|
|upkeep
|turn|219
|
|t:|1779706688
|-end|p1a: Iron Treads|Quark Drive|[silent]
|switch|p1a: Alomomola|Alomomola, F|99/100 brn
|-damage|p1a: Alomomola|87/100 brn|[from] Stealth Rock
|move|p2a: TingTingTing Luhur|Rest|p2a: TingTingTing Luhur
|-status|p2a: TingTingTing Luhur|slp|[from] move: Rest
|-heal|p2a: TingTingTing Luhur|100/100 slp|[silent]
|
|-damage|p1a: Alomomola|81/100 brn|[from] brn
|upkeep
|turn|220
|
|t:|1779706692
|move|p1a: Alomomola|Wish|p1a: Alomomola
|cant|p2a: TingTingTing Luhur|slp
|
|-damage|p1a: Alomomola|75/100 brn|[from] brn
|upkeep
|turn|221
|c| HiYawn|k corv is out of roosts
|
|t:|1779706696
|switch|p1a: Weezing|Weezing-Galar, M|38/100
|-ability|p1a: Weezing|Neutralizing Gas
|-damage|p1a: Weezing|25/100|[from] Stealth Rock
|cant|p2a: TingTingTing Luhur|slp
|
|-heal|p1a: Weezing|97/100|[from] move: Wish|[wisher] Alomomola
|-heal|p1a: Weezing|100/100|[from] item: Leftovers
|upkeep
|turn|222
|
|t:|1779706705
|move|p1a: Weezing|Defog|p2a: TingTingTing Luhur
|-unboost|p2a: TingTingTing Luhur|evasion|1
|-sideend|p2: Hantaanime Virus|Stealth Rock|[from] move: Defog|[of] p1a: Weezing
|-sideend|p1: goodnightnite|Stealth Rock|[from] move: Defog|[of] p1a: Weezing
|-curestatus|p2a: TingTingTing Luhur|slp|[msg]
|move|p2a: TingTingTing Luhur|Earthquake|p1a: Weezing
|-supereffective|p1a: Weezing
|-damage|p1a: Weezing|55/100
|
|-heal|p1a: Weezing|61/100|[from] item: Leftovers
|upkeep
|turn|223
|
|t:|1779706713
|move|p1a: Weezing|Will-O-Wisp|p2a: TingTingTing Luhur
|-status|p2a: TingTingTing Luhur|brn
|move|p2a: TingTingTing Luhur|Stealth Rock|p1a: Weezing
|-sidestart|p1: goodnightnite|move: Stealth Rock
|
|-heal|p1a: Weezing|67/100|[from] item: Leftovers
|-damage|p2a: TingTingTing Luhur|94/100 brn|[from] brn
|upkeep
|turn|224
|
|t:|1779706719
|move|p1a: Weezing|Defog|p2a: TingTingTing Luhur
|-unboost|p2a: TingTingTing Luhur|evasion|1
|-sideend|p1: goodnightnite|Stealth Rock|[from] move: Defog|[of] p1a: Weezing
|move|p2a: TingTingTing Luhur|Earthquake|p1a: Weezing
|-supereffective|p1a: Weezing
|-damage|p1a: Weezing|43/100
|
|-heal|p1a: Weezing|49/100|[from] item: Leftovers
|-damage|p2a: TingTingTing Luhur|88/100 brn|[from] brn
|upkeep
|turn|225
|c| HiYawn|so now js kill ttt
|
|t:|1779706730
|-end|p1a: Weezing|ability: Neutralizing Gas
|-ability|p2a: TingTingTing Luhur|Vessel of Ruin
|switch|p1a: Lokix|Lokix, F, tera:Bug|14/100
|move|p2a: TingTingTing Luhur|Earthquake|p1a: Lokix
|-resisted|p1a: Lokix
|-damage|p1a: Lokix|1/100
|
|-damage|p2a: TingTingTing Luhur|82/100 brn|[from] brn
|upkeep
|turn|226
|c| HiYawn|tungtungtunglahur
|inactive|goodnightnite has 120 seconds left.
|c|☆Hantaanime Virus|I will commit a hate crime
|c| HiYawn|loll
|inactive|Hantaanime Virus has 120 seconds left.
|
|t:|1779706766
|move|p1a: Lokix|Leech Life|p2a: TingTingTing Luhur
|-resisted|p2a: TingTingTing Luhur
|-damage|p2a: TingTingTing Luhur|42/100 brn
|-heal|p1a: Lokix|36/100|[from] drain|[of] p2a: TingTingTing Luhur
|move|p2a: TingTingTing Luhur|Earthquake|p1a: Lokix
|-resisted|p1a: Lokix
|-damage|p1a: Lokix|22/100
|
|-damage|p2a: TingTingTing Luhur|36/100 brn|[from] brn
|upkeep
|turn|227
|
|t:|1779706775
|move|p1a: Lokix|Leech Life|p2a: TingTingTing Luhur
|-resisted|p2a: TingTingTing Luhur
|-damage|p2a: TingTingTing Luhur|0 fnt
|-heal|p1a: Lokix|54/100|[from] drain|[of] p2a: TingTingTing Luhur
|faint|p2a: TingTingTing Luhur
|
|upkeep
|c| HiYawn|YES
|c|☆goodnightnite|ggs
|c|☆Hantaanime Virus|fuck this
|c| HiYawn|FINALLYYY
|inactive|Hantaanime Virus has 90 seconds left.
|
|t:|1779706790
|switch|p2a: Raw Dawgy Style|Zamazenta|14/100
|turn|228
|c| red556|it was ggs when corv ran outta roost ngl
|c| HiYawn|yeah
|c|☆Hantaanime Virus|horrid luck
|c| HiYawn|lol
|c|☆Hantaanime Virus|not ggs, if lokix came in when I wanted it to, this battle was mine
|c|☆Hantaanime Virus|game js bullshitting w me
|inactive|Hantaanime Virus has 60 seconds left.
|
|t:|1779706826
|switch|p1a: Alomomola|Alomomola, F|100/100 brn
|move|p2a: Raw Dawgy Style|Crunch|p1a: Alomomola
|-damage|p1a: Alomomola|80/100 brn
|-damage|p2a: Raw Dawgy Style|0 fnt|[from] item: Rocky Helmet|[of] p1a: Alomomola
|faint|p2a: Raw Dawgy Style
|
|-damage|p1a: Alomomola|74/100 brn|[from] brn
|upkeep
|-message|Hantaanime Virus forfeited.
|
|win|goodnightnite
|n|☆goodnightnite|goodnightnite
|n|☆Hantaanime Virus|hantaanimevirus
|n| yuureisuisei|yuureisuisei
|n| red556|red556
|n| GavilarKholin|gavilarkholin
|n| HiYawn|hiyawn
|n| sfghjkjhgfdfgh|sfghjkjhgfdfgh
|n| OUZQ Crocodile|ouzqcrocodile
|n| Burrzirk|burrzirk
|l|☆Hantaanime Virus
|player|p2|
|l| yuureisuisei
|l| HiYawn
