|j|☆My14thDamAccount
|j|☆cwspz
|t:|1779631393
|gametype|singles
|player|p1|My14thDamAccount|102|1258
|player|p2|cwspz|101|1248
|gen|9
|tier|[Gen 9] OU
|rated|
|rule|HP Percentage Mod: HP is shown in percentages
|rule|Endless Battle Clause: Forcing endless battles is banned
|rule|Species Clause: Limit one of each Pokémon
|rule|OHKO Clause: OHKO moves are banned
|rule|Evasion Items Clause: Evasion items are banned
|rule|Evasion Moves Clause: Evasion moves are banned
|rule|Evasion Abilities Clause: Evasion abilities are banned
|rule|Sleep Moves Clause: Sleep-inducing moves are banned
|clearpoke
|poke|p1|Pelipper, M|
|poke|p1|Illumise, F|
|poke|p1|Quaquaval, M|
|poke|p1|Metagross|
|poke|p1|Oricorio-Pom-Pom, M|
|poke|p1|Crawdaunt, F|
|poke|p2|Pelipper, F|
|poke|p2|Zapdos|
|poke|p2|Dondozo, M|
|poke|p2|Ogerpon-Wellspring, F|
|poke|p2|Gengar, M|
|poke|p2|Iron Treads|
|teampreview
|inactive|Battle timer is ON: inactive players will automatically lose when time's up. (requested by My14thDamAccount)
|
|t:|1779631411
|teamsize|p1|6
|teamsize|p2|6
|start
|switch|p1a: DaFawk|Illumise, F, shiny|100/100
|switch|p2a: Zapdos|Zapdos|100/100
|turn|1
|
|t:|1779631435
|move|p1a: DaFawk|Tailwind|p1a: DaFawk
|-sidestart|p1: My14thDamAccount|move: Tailwind
|move|p2a: Zapdos|U-turn|p1a: DaFawk
|-damage|p1a: DaFawk|83/100
|inactive|cwspz has 120 seconds left.
|inactive|cwspz has 90 seconds left.
|
|t:|1779631485
|switch|p2a: Pelipper|Pelipper, F|100/100|[from] U-turn
|-weather|RainDance|[from] ability: Drizzle|[of] p2a: Pelipper
|
|-weather|RainDance|[upkeep]
|upkeep
|turn|2
|inactive|cwspz has 90 seconds left.
|
|t:|1779631498
|move|p1a: DaFawk|Thunder Wave|p2a: Pelipper|[miss]
|-miss|p1a: DaFawk|p2a: Pelipper
|move|p2a: Pelipper|U-turn|p1a: DaFawk
|-damage|p1a: DaFawk|72/100
|
|t:|1779631515
|switch|p2a: Zapdos|Zapdos|100/100|[from] U-turn
|
|-weather|RainDance|[upkeep]
|upkeep
|turn|3
|
|t:|1779631520
|switch|p1a: He can try|Oricorio-Pom-Pom, M, shiny|100/100
|move|p2a: Zapdos|Thunder|p1a: He can try
|-damage|p1a: He can try|6/100
|
|-weather|RainDance|[upkeep]
|upkeep
|turn|4
|inactive|cwspz has 90 seconds left.
|
|t:|1779631535
|switch|p2a: Iron Treads|Iron Treads|100/100
|-enditem|p2a: Iron Treads|Booster Energy
|-activate|p2a: Iron Treads|ability: Quark Drive|[fromitem]
|-start|p2a: Iron Treads|quarkdrivespe
|move|p1a: He can try|Revelation Dance|p2a: Iron Treads
|-immune|p2a: Iron Treads
|
|-weather|RainDance|[upkeep]
|-sideend|p1: My14thDamAccount|move: Tailwind
|upkeep
|turn|5
|
|t:|1779631542
|move|p2a: Iron Treads|Rapid Spin|p1a: He can try
|-damage|p1a: He can try|0 fnt
|-boost|p2a: Iron Treads|spe|1
|faint|p1a: He can try
|
|-weather|none
|upkeep
|
|t:|1779631551
|switch|p1a: Crab Crush|Crawdaunt, F, shiny|100/100
|turn|6
|inactive|cwspz has 90 seconds left.
|
|t:|1779631574
|-end|p2a: Iron Treads|Quark Drive|[silent]
|switch|p2a: Pelipper|Pelipper, F|100/100
|-weather|RainDance|[from] ability: Drizzle|[of] p2a: Pelipper
|move|p1a: Crab Crush|Liquidation|p2a: Pelipper
|-resisted|p2a: Pelipper
|-damage|p2a: Pelipper|51/100
|
|-weather|RainDance|[upkeep]
|upkeep
|turn|7
|
|t:|1779631601
|move|p1a: Crab Crush|Dragon Dance|p1a: Crab Crush
|-boost|p1a: Crab Crush|atk|1
|-boost|p1a: Crab Crush|spe|1
|move|p2a: Pelipper|Hurricane|p1a: Crab Crush
|-damage|p1a: Crab Crush|19/100
|
|-weather|RainDance|[upkeep]
|upkeep
|turn|8
|
|t:|1779631611
|move|p1a: Crab Crush|Knock Off|p2a: Pelipper
|-damage|p2a: Pelipper|0 fnt
|-enditem|p2a: Pelipper|Assault Vest|[from] move: Knock Off|[of] p1a: Crab Crush
|faint|p2a: Pelipper
|
|-weather|RainDance|[upkeep]
|upkeep
|inactive|cwspz has 60 seconds left.
|
|t:|1779631623
|switch|p2a: Dondozo|Dondozo, M|100/100
|turn|9
|
|t:|1779631632
|move|p1a: Crab Crush|Knock Off|p2a: Dondozo
|-damage|p2a: Dondozo|55/100
|-damage|p1a: Crab Crush|3/100|[from] item: Rocky Helmet|[of] p2a: Dondozo
|-enditem|p2a: Dondozo|Rocky Helmet|[from] move: Knock Off|[of] p1a: Crab Crush
|move|p2a: Dondozo|Avalanche|p1a: Crab Crush
|-resisted|p1a: Crab Crush
|-crit|p1a: Crab Crush
|-damage|p1a: Crab Crush|0 fnt
|faint|p1a: Crab Crush
|
|-weather|RainDance|[upkeep]
|upkeep
|
|t:|1779631643
|switch|p1a: Homoerotic Steps|Quaquaval, M, shiny|100/100
|turn|10
|
|t:|1779631650
|-terastallize|p1a: Homoerotic Steps|Water
|move|p1a: Homoerotic Steps|Aqua Step|p2a: Dondozo
|-resisted|p2a: Dondozo
|-damage|p2a: Dondozo|32/100
|-boost|p1a: Homoerotic Steps|spe|1
|move|p2a: Dondozo|Rest|p2a: Dondozo
|-status|p2a: Dondozo|slp|[from] move: Rest
|-heal|p2a: Dondozo|100/100 slp|[silent]
|
|-weather|none
|upkeep
|turn|11
|
|t:|1779631670
|switch|p1a: Big Gulp|Pelipper, M, shiny|100/100
|-weather|RainDance|[from] ability: Drizzle|[of] p1a: Big Gulp
|cant|p2a: Dondozo|slp
|move|p2a: Dondozo|Sleep Talk|p2a: Dondozo
|move|p2a: Dondozo|Rest||[from] move: Sleep Talk|[still]
|-fail|p2a: Dondozo
|
|-weather|RainDance|[upkeep]
|upkeep
|turn|12
|
|t:|1779631683
|move|p1a: Big Gulp|Hurricane|p2a: Dondozo
|-damage|p2a: Dondozo|54/100 slp
|-start|p2a: Dondozo|confusion
|cant|p2a: Dondozo|slp
|-activate|p2a: Dondozo|confusion
|move|p2a: Dondozo|Sleep Talk|p2a: Dondozo
|move|p2a: Dondozo|Wave Crash|p1a: Big Gulp|[from] move: Sleep Talk
|-resisted|p1a: Big Gulp
|-damage|p1a: Big Gulp|42/100
|-damage|p2a: Dondozo|44/100 slp|[from] Recoil
|
|-weather|RainDance|[upkeep]
|upkeep
|turn|13
|inactive|cwspz has 60 seconds left.
|
|t:|1779631711
|switch|p2a: Zapdos|Zapdos|100/100
|move|p1a: Big Gulp|Hurricane|p2a: Zapdos
|-resisted|p2a: Zapdos
|-damage|p2a: Zapdos|78/100
|
|-weather|RainDance|[upkeep]
|upkeep
|turn|14
|inactive|cwspz has 60 seconds left.
|
|t:|1779631729
|switch|p1a: Deadly Bomber|Metagross, shiny|100/100
|move|p2a: Zapdos|Thunder|p1a: Deadly Bomber
|-damage|p1a: Deadly Bomber|19/100
|-status|p1a: Deadly Bomber|par
|
|-weather|RainDance|[upkeep]
|upkeep
|turn|15
|inactive|cwspz has 60 seconds left.
|
|t:|1779631739
|move|p2a: Zapdos|Thunder|p1a: Deadly Bomber
|-damage|p1a: Deadly Bomber|0 fnt
|faint|p1a: Deadly Bomber
|
|-weather|none
|upkeep
|-message|My14thDamAccount forfeited.
|
|win|cwspz
|raw|My14thDamAccount's rating: 1258 &rarr; <strong>1232</strong><br />(-26 for losing)
|raw|cwspz's rating: 1248 &rarr; <strong>1274</strong><br />(+26 for winning)
|l|☆My14thDamAccount
|player|p1|
|l|☆cwspz
|player|p2|
