|j|‽Ckghieier
|j|☆altaccount2504
|t:|1779702781
|gametype|singles
|player|p1|Ckghieier|170|1077
|player|p2|altaccount2504|hugh|1060
|gen|9
|tier|[Gen 9] OU
|rated|
|rule|HP Percentage Mod: HP is shown in percentages
|rule|Endless Battle Clause: Forcing endless battles is banned
|rule|Species Clause: Limit one of each Pokémon
|rule|OHKO Clause: OHKO moves are banned
|rule|Evasion Items Clause: Evasion items are banned
|rule|Evasion Moves Clause: Evasion moves are banned
|rule|Evasion Abilities Clause: Evasion abilities are banned
|rule|Sleep Moves Clause: Sleep-inducing moves are banned
|clearpoke
|poke|p1|Dragapult, F|
|poke|p1|Great Tusk|
|poke|p1|Tornadus-Therian, M|
|poke|p1|Pecharunt|
|poke|p1|Ogerpon-Wellspring, F|
|poke|p1|Zamazenta-*|
|poke|p2|Sneasel-Hisui, F|
|poke|p2|Fuecoco, F|
|poke|p2|Scyther, M|
|poke|p2|Duraludon, F|
|poke|p2|Misdreavus, M|
|poke|p2|Murkrow, F|
|teampreview
|inactive|Battle timer is ON: inactive players will automatically lose when time's up. (requested by altaccount2504)
|
|t:|1779702787
|teamsize|p1|6
|teamsize|p2|6
|start
|switch|p1a: Great Tusk|Great Tusk|100/100
|switch|p2a: Murkrow|Murkrow, F|100/100
|turn|1
|
|t:|1779702795
|move|p2a: Murkrow|Tailwind|p2a: Murkrow
|-sidestart|p2: altaccount2504|move: Tailwind
|move|p1a: Great Tusk|Ice Spinner|p2a: Murkrow
|-supereffective|p2a: Murkrow
|-enditem|p2a: Murkrow|Focus Sash
|-damage|p2a: Murkrow|1/100
|
|upkeep
|turn|2
|
|t:|1779702804
|move|p2a: Murkrow|Dark Pulse|p1a: Great Tusk
|-resisted|p1a: Great Tusk
|-damage|p1a: Great Tusk|76/100
|move|p1a: Great Tusk|Rapid Spin|p2a: Murkrow
|-damage|p2a: Murkrow|0 fnt
|-boost|p1a: Great Tusk|spe|1
|faint|p2a: Murkrow
|
|upkeep
|
|t:|1779702810
|switch|p2a: Scyther|Scyther, M|100/100
|turn|3
|
|t:|1779702815
|move|p2a: Scyther|Acrobatics|p1a: Great Tusk
|-supereffective|p1a: Great Tusk
|-damage|p1a: Great Tusk|24/100
|move|p1a: Great Tusk|Ice Spinner|p2a: Scyther
|-supereffective|p2a: Scyther
|-damage|p2a: Scyther|17/100
|
|upkeep
|turn|4
|
|t:|1779702828
|-end|p1a: Great Tusk|Protosynthesis|[silent]
|switch|p1a: Tornadus|Tornadus-Therian, M|100/100
|move|p2a: Scyther|Acrobatics|p1a: Tornadus
|-damage|p1a: Tornadus|58/100
|
|-sideend|p2: altaccount2504|move: Tailwind
|upkeep
|turn|5
|
|t:|1779702837
|move|p2a: Scyther|Acrobatics|p1a: Tornadus
|-damage|p1a: Tornadus|16/100
|move|p1a: Tornadus|U-turn|p2a: Scyther
|-resisted|p2a: Scyther
|-damage|p2a: Scyther|6/100
|
|t:|1779702846
|switch|p1a: Pecharunt|Pecharunt|100/100|[from] U-turn
|
|upkeep
|turn|6
|
|t:|1779702852
|move|p2a: Scyther|Acrobatics|p1a: Pecharunt
|-damage|p1a: Pecharunt|83/100
|move|p1a: Pecharunt|Malignant Chain|p2a: Scyther
|-crit|p2a: Scyther
|-damage|p2a: Scyther|0 fnt
|faint|p2a: Scyther
|
|upkeep
|
|t:|1779702860
|switch|p2a: Misdreavus|Misdreavus, M|100/100
|turn|7
|
|t:|1779702868
|-terastallize|p1a: Pecharunt|Dark
|move|p2a: Misdreavus|Destiny Bond|p2a: Misdreavus
|-singlemove|p2a: Misdreavus|Destiny Bond
|move|p1a: Pecharunt|Foul Play|p2a: Misdreavus
|-supereffective|p2a: Misdreavus
|-damage|p2a: Misdreavus|42/100
|
|upkeep
|turn|8
|
|t:|1779702876
|move|p2a: Misdreavus|Thunder Wave|p1a: Pecharunt
|-status|p1a: Pecharunt|par
|move|p1a: Pecharunt|Foul Play|p2a: Misdreavus
|-supereffective|p2a: Misdreavus
|-damage|p2a: Misdreavus|0 fnt
|faint|p2a: Misdreavus
|
|upkeep
|
|t:|1779702885
|switch|p2a: Sneasel|Sneasel-Hisui, F|100/100
|turn|9
|
|t:|1779702892
|move|p2a: Sneasel|Fake Out|p1a: Pecharunt
|-damage|p1a: Pecharunt|77/100 par
|cant|p1a: Pecharunt|flinch
|
|upkeep
|turn|10
|
|t:|1779702898
|move|p2a: Sneasel|Poison Jab|p1a: Pecharunt
|-damage|p1a: Pecharunt|59/100 par
|cant|p1a: Pecharunt|par
|
|upkeep
|turn|11
|
|t:|1779702908
|move|p2a: Sneasel|Poison Jab|p1a: Pecharunt
|-damage|p1a: Pecharunt|42/100 par
|cant|p1a: Pecharunt|par
|
|upkeep
|turn|12
|
|t:|1779702915
|move|p2a: Sneasel|Poison Jab|p1a: Pecharunt
|-damage|p1a: Pecharunt|24/100 par
|cant|p1a: Pecharunt|par
|
|upkeep
|turn|13
|
|t:|1779702922
|move|p2a: Sneasel|Poison Jab|p1a: Pecharunt
|-damage|p1a: Pecharunt|8/100 par
|move|p1a: Pecharunt|Recover|p1a: Pecharunt
|-heal|p1a: Pecharunt|58/100 par
|
|upkeep
|turn|14
|
|t:|1779702928
|move|p2a: Sneasel|Poison Jab|p1a: Pecharunt
|-damage|p1a: Pecharunt|40/100 par
|cant|p1a: Pecharunt|par
|
|upkeep
|turn|15
|
|t:|1779702934
|move|p2a: Sneasel|Poison Jab|p1a: Pecharunt
|-damage|p1a: Pecharunt|23/100 par
|move|p1a: Pecharunt|Recover|p1a: Pecharunt
|-heal|p1a: Pecharunt|73/100 par
|
|upkeep
|turn|16
|
|t:|1779702940
|move|p2a: Sneasel|Poison Jab|p1a: Pecharunt
|-damage|p1a: Pecharunt|56/100 par
|move|p1a: Pecharunt|Recover|p1a: Pecharunt
|-heal|p1a: Pecharunt|100/100 par
|
|upkeep
|turn|17
|
|t:|1779702948
|move|p2a: Sneasel|Poison Jab|p1a: Pecharunt
|-damage|p1a: Pecharunt|84/100 par
|move|p1a: Pecharunt|Parting Shot|p2a: Sneasel
|-unboost|p2a: Sneasel|atk|1
|-unboost|p2a: Sneasel|spa|1
|
|t:|1779702961
|switch|p1a: Zamazenta|Zamazenta|100/100|[from] Parting Shot
|-ability|p1a: Zamazenta|Dauntless Shield|boost
|-boost|p1a: Zamazenta|def|1
|
|upkeep
|turn|18
|
|t:|1779702972
|move|p1a: Zamazenta|Crunch|p2a: Sneasel
|-resisted|p2a: Sneasel
|-crit|p2a: Sneasel
|-damage|p2a: Sneasel|64/100
|move|p2a: Sneasel|Counter|p1a: Zamazenta
|-damage|p1a: Zamazenta|53/100
|
|-heal|p1a: Zamazenta|59/100|[from] item: Leftovers
|upkeep
|turn|19
|
|t:|1779702986
|move|p1a: Zamazenta|Iron Defense|p1a: Zamazenta
|-boost|p1a: Zamazenta|def|2
|move|p2a: Sneasel|Low Kick|p1a: Zamazenta
|-damage|p1a: Zamazenta|48/100
|
|-heal|p1a: Zamazenta|54/100|[from] item: Leftovers
|upkeep
|turn|20
|
|t:|1779702994
|move|p1a: Zamazenta|Iron Defense|p1a: Zamazenta
|-boost|p1a: Zamazenta|def|2
|move|p2a: Sneasel|Counter||[still]
|-fail|p2a: Sneasel
|
|-heal|p1a: Zamazenta|60/100|[from] item: Leftovers
|upkeep
|turn|21
|
|t:|1779703002
|move|p1a: Zamazenta|Body Press|p2a: Sneasel
|-resisted|p2a: Sneasel
|-damage|p2a: Sneasel|0 fnt
|faint|p2a: Sneasel
|
|-heal|p1a: Zamazenta|66/100|[from] item: Leftovers
|upkeep
|-message|altaccount2504 forfeited.
|
|win|Ckghieier
|raw|Ckghieier's rating: 1077 &rarr; <strong>1104</strong><br />(+27 for winning)
|raw|altaccount2504's rating: 1060 &rarr; <strong>1042</strong><br />(-18 for losing)
|l|☆altaccount2504
|player|p2|
|l|‽Ckghieier
|player|p1|
