|j|☆dooozdzdz
|j|☆fivetomatoes
|t:|1779673582
|gametype|singles
|player|p1|dooozdzdz|cilan|1700
|player|p2|fivetomatoes|169|1664
|gen|9
|tier|[Gen 9] OU
|rated|
|rule|HP Percentage Mod: HP is shown in percentages
|rule|Endless Battle Clause: Forcing endless battles is banned
|rule|Species Clause: Limit one of each Pokémon
|rule|OHKO Clause: OHKO moves are banned
|rule|Evasion Items Clause: Evasion items are banned
|rule|Evasion Moves Clause: Evasion moves are banned
|rule|Evasion Abilities Clause: Evasion abilities are banned
|rule|Sleep Moves Clause: Sleep-inducing moves are banned
|clearpoke
|poke|p1|Pincurchin, F|
|poke|p1|Iron Boulder|
|poke|p1|Mandibuzz, F|
|poke|p1|Raging Bolt|
|poke|p1|Iron Treads|
|poke|p1|Iron Valiant|
|poke|p2|Rotom-Wash|
|poke|p2|Rillaboom, M|
|poke|p2|Glimmora, F|
|poke|p2|Garganacl, M|
|poke|p2|Dragapult, M|
|poke|p2|Gholdengo|
|teampreview
|inactive|Battle timer is ON: inactive players will automatically lose when time's up. (requested by fivetomatoes)
|j| whatevadontcare
|
|t:|1779673607
|teamsize|p1|6
|teamsize|p2|6
|start
|switch|p1a: Pincurchin|Pincurchin, F|100/100
|switch|p2a: Rillaboom|Rillaboom, M|100/100
|-fieldstart|move: Grassy Terrain|[from] ability: Grassy Surge|[of] p2a: Rillaboom
|-fieldstart|move: Electric Terrain|[from] ability: Electric Surge|[of] p1a: Pincurchin
|turn|1
|
|t:|1779673619
|switch|p1a: Mandibuzz|Mandibuzz, F|100/100
|move|p2a: Rillaboom|Knock Off|p1a: Mandibuzz
|-resisted|p1a: Mandibuzz
|-damage|p1a: Mandibuzz|87/100
|-damage|p2a: Rillaboom|84/100|[from] item: Rocky Helmet|[of] p1a: Mandibuzz
|-enditem|p1a: Mandibuzz|Rocky Helmet|[from] move: Knock Off|[of] p2a: Rillaboom
|-damage|p2a: Rillaboom|74/100|[from] item: Life Orb
|
|upkeep
|turn|2
|
|t:|1779673625
|switch|p2a: Glimmora|Glimmora, F|100/100
|move|p1a: Mandibuzz|U-turn|p2a: Glimmora
|-resisted|p2a: Glimmora
|-damage|p2a: Glimmora|97/100
|-activate|p2a: Glimmora|ability: Toxic Debris
|-sidestart|p1: dooozdzdz|move: Toxic Spikes
|
|t:|1779673628
|switch|p1a: Iron Treads|Iron Treads|100/100|[from] U-turn
|-activate|p1a: Iron Treads|ability: Quark Drive
|-start|p1a: Iron Treads|quarkdrivespd
|
|upkeep
|turn|3
|
|t:|1779673633
|switch|p2a: Rotom|Rotom-Wash|100/100
|move|p1a: Iron Treads|Earthquake|p2a: Rotom
|-immune|p2a: Rotom|[from] ability: Levitate
|
|upkeep
|turn|4
|
|t:|1779673642
|move|p2a: Rotom|Trick|p1a: Iron Treads
|-activate|p2a: Rotom|move: Trick|[of] p1a: Iron Treads
|-item|p1a: Iron Treads|Choice Scarf|[from] move: Trick
|-item|p2a: Rotom|Leftovers|[from] move: Trick
|move|p1a: Iron Treads|Volt Switch|p2a: Rotom
|-damage|p2a: Rotom|80/100
|
|t:|1779673650
|-end|p1a: Iron Treads|Quark Drive|[silent]
|switch|p1a: Pincurchin|Pincurchin, F|100/100|[from] Volt Switch
|-status|p1a: Pincurchin|psn
|
|-heal|p2a: Rotom|86/100|[from] item: Leftovers
|-damage|p1a: Pincurchin|88/100 psn|[from] psn
|upkeep
|turn|5
|
|t:|1779673656
|move|p2a: Rotom|Hydro Pump|p1a: Pincurchin
|-damage|p1a: Pincurchin|33/100 psn
|move|p1a: Pincurchin|Spikes|p2a: Rotom
|-sidestart|p2: fivetomatoes|Spikes
|
|-heal|p2a: Rotom|92/100|[from] item: Leftovers
|-damage|p1a: Pincurchin|21/100 psn|[from] psn
|upkeep
|turn|6
|
|t:|1779673665
|switch|p1a: Mandibuzz|Mandibuzz, F|87/100
|move|p2a: Rotom|Volt Switch|p1a: Mandibuzz
|-supereffective|p1a: Mandibuzz
|-damage|p1a: Mandibuzz|34/100
|
|t:|1779673670
|switch|p2a: Dragapult|Dragapult, M|100/100|[from] Volt Switch
|-damage|p2a: Dragapult|88/100|[from] Spikes
|
|-heal|p2a: Dragapult|94/100|[from] item: Leftovers
|upkeep
|turn|7
|
|t:|1779673675
|move|p2a: Dragapult|Substitute|p2a: Dragapult
|-start|p2a: Dragapult|Substitute
|-damage|p2a: Dragapult|69/100
|move|p1a: Mandibuzz|Foul Play|p2a: Dragapult
|-supereffective|p2a: Dragapult
|-end|p2a: Dragapult|Substitute
|
|-heal|p2a: Dragapult|75/100|[from] item: Leftovers
|upkeep
|turn|8
|
|t:|1779673680
|move|p2a: Dragapult|Dragon Darts|p1a: Mandibuzz
|-damage|p1a: Mandibuzz|22/100
|-anim|p2a: Dragapult|Dragon Darts|p1a: Mandibuzz
|-damage|p1a: Mandibuzz|11/100
|move|p1a: Mandibuzz|Foul Play|p2a: Dragapult
|-supereffective|p2a: Dragapult
|-damage|p2a: Dragapult|0 fnt
|faint|p2a: Dragapult
|
|-fieldend|move: Electric Terrain
|upkeep
|
|t:|1779673685
|switch|p2a: Glimmora|Glimmora, F|97/100
|turn|9
|
|t:|1779673689
|switch|p1a: Iron Treads|Iron Treads|100/100
|move|p2a: Glimmora|Mortal Spin|p1a: Iron Treads
|-immune|p1a: Iron Treads
|
|upkeep
|turn|10
|
|t:|1779673693
|move|p2a: Glimmora|Spiky Shield|p2a: Glimmora
|-singleturn|p2a: Glimmora|move: Protect
|move|p1a: Iron Treads|Volt Switch|p2a: Glimmora
|-activate|p2a: Glimmora|move: Protect
|
|upkeep
|turn|11
|
|t:|1779673700
|-end|p1a: Iron Treads|Quark Drive|[silent]
|switch|p1a: Pincurchin|Pincurchin, F|21/100 psn
|-fieldstart|move: Electric Terrain|[from] ability: Electric Surge|[of] p1a: Pincurchin
|move|p2a: Glimmora|Mortal Spin|p1a: Pincurchin
|-damage|p1a: Pincurchin|15/100 psn
|-sideend|p2: fivetomatoes|Spikes|[from] move: Mortal Spin|[of] p2a: Glimmora
|
|-damage|p1a: Pincurchin|2/100 psn|[from] psn
|upkeep
|turn|12
|
|t:|1779673706
|switch|p1a: Iron Treads|Iron Treads|100/100
|-activate|p1a: Iron Treads|ability: Quark Drive
|-start|p1a: Iron Treads|quarkdrivespd
|move|p2a: Glimmora|Stealth Rock|p1a: Iron Treads
|-sidestart|p1: dooozdzdz|move: Stealth Rock
|
|upkeep
|turn|13
|
|t:|1779673709
|move|p2a: Glimmora|Spiky Shield|p2a: Glimmora
|-singleturn|p2a: Glimmora|move: Protect
|move|p1a: Iron Treads|Earthquake|p2a: Glimmora
|-activate|p2a: Glimmora|move: Protect
|
|upkeep
|turn|14
|
|t:|1779673719
|-end|p1a: Iron Treads|Quark Drive|[silent]
|switch|p1a: Mandibuzz|Mandibuzz, F|11/100
|-damage|p1a: Mandibuzz|0 fnt|[from] Stealth Rock
|faint|p1a: Mandibuzz
|move|p2a: Glimmora|Earth Power|p1: Mandibuzz|[notarget]
|-fail|p2a: Glimmora
|
|upkeep
|
|t:|1779673721
|switch|p1a: Iron Boulder|Iron Boulder|100/100
|-status|p1a: Iron Boulder|psn
|-damage|p1a: Iron Boulder|88/100 psn|[from] Stealth Rock
|-activate|p1a: Iron Boulder|ability: Quark Drive
|-start|p1a: Iron Boulder|quarkdrivespe
|turn|15
|
|t:|1779673729
|move|p1a: Iron Boulder|Swords Dance|p1a: Iron Boulder
|-boost|p1a: Iron Boulder|atk|2
|move|p2a: Glimmora|Earth Power|p1a: Iron Boulder
|-supereffective|p1a: Iron Boulder
|-damage|p1a: Iron Boulder|38/100 psn
|
|-damage|p1a: Iron Boulder|25/100 psn|[from] psn
|upkeep
|turn|16
|
|t:|1779673735
|move|p2a: Glimmora|Spiky Shield|p2a: Glimmora
|-singleturn|p2a: Glimmora|move: Protect
|move|p1a: Iron Boulder|Zen Headbutt|p2a: Glimmora
|-activate|p2a: Glimmora|move: Protect
|-damage|p1a: Iron Boulder|13/100 psn|[from] Spiky Shield|[of] p2a: Glimmora
|
|-damage|p1a: Iron Boulder|0 fnt|[from] psn
|faint|p1a: Iron Boulder
|-end|p1a: Iron Boulder|Quark Drive|[silent]
|upkeep
|
|t:|1779673740
|switch|p1a: Raging Bolt|Raging Bolt|100/100
|-status|p1a: Raging Bolt|psn
|-damage|p1a: Raging Bolt|88/100 psn|[from] Stealth Rock
|-enditem|p1a: Raging Bolt|Booster Energy
|-activate|p1a: Raging Bolt|ability: Protosynthesis|[fromitem]
|-start|p1a: Raging Bolt|protosynthesisspa
|turn|17
|
|t:|1779673747
|switch|p2a: Rillaboom|Rillaboom, M|74/100
|-fieldstart|move: Grassy Terrain|[from] ability: Grassy Surge|[of] p2a: Rillaboom
|move|p1a: Raging Bolt|Rising Voltage|p2a: Rillaboom
|-resisted|p2a: Rillaboom
|-damage|p2a: Rillaboom|43/100
|
|-heal|p1a: Raging Bolt|94/100 psn|[from] Grassy Terrain
|-heal|p2a: Rillaboom|49/100|[from] Grassy Terrain
|-damage|p1a: Raging Bolt|82/100 psn|[from] psn
|upkeep
|turn|18
|
|t:|1779673757
|move|p1a: Raging Bolt|Dragon Pulse|p2a: Rillaboom
|-damage|p2a: Rillaboom|0 fnt
|faint|p2a: Rillaboom
|
|-heal|p1a: Raging Bolt|88/100 psn|[from] Grassy Terrain
|-damage|p1a: Raging Bolt|75/100 psn|[from] psn
|upkeep
|
|t:|1779673765
|switch|p2a: Gholdengo|Gholdengo|100/100
|turn|19
|j| DenseColor
|
|t:|1779673782
|move|p2a: Gholdengo|Shadow Ball|p1a: Raging Bolt
|-damage|p1a: Raging Bolt|36/100 psn
|move|p1a: Raging Bolt|Calm Mind|p1a: Raging Bolt
|-boost|p1a: Raging Bolt|spa|1
|-boost|p1a: Raging Bolt|spd|1
|
|-heal|p1a: Raging Bolt|42/100 psn|[from] Grassy Terrain
|-damage|p1a: Raging Bolt|29/100 psn|[from] psn
|upkeep
|turn|20
|j| FAYE ASTERIA
|
|t:|1779673798
|switch|p2a: Garganacl|Garganacl, M|100/100
|move|p1a: Raging Bolt|Rising Voltage|p2a: Garganacl
|-damage|p2a: Garganacl|30/100
|
|-heal|p1a: Raging Bolt|35/100 psn|[from] Grassy Terrain
|-heal|p2a: Garganacl|36/100|[from] Grassy Terrain
|-heal|p2a: Garganacl|42/100|[from] item: Leftovers
|-damage|p1a: Raging Bolt|23/100 psn|[from] psn
|upkeep
|turn|21
|
|t:|1779673808
|move|p2a: Garganacl|Protect|p2a: Garganacl
|-singleturn|p2a: Garganacl|Protect
|move|p1a: Raging Bolt|Dragon Pulse|p2a: Garganacl
|-activate|p2a: Garganacl|move: Protect
|
|-heal|p1a: Raging Bolt|29/100 psn|[from] Grassy Terrain
|-heal|p2a: Garganacl|49/100|[from] Grassy Terrain
|-heal|p2a: Garganacl|55/100|[from] item: Leftovers
|-damage|p1a: Raging Bolt|17/100 psn|[from] psn
|-fieldend|move: Grassy Terrain
|upkeep
|turn|22
|
|t:|1779673813
|switch|p2a: Gholdengo|Gholdengo|100/100
|move|p1a: Raging Bolt|Dragon Pulse|p2a: Gholdengo
|-resisted|p2a: Gholdengo
|-damage|p2a: Gholdengo|39/100
|
|-damage|p1a: Raging Bolt|4/100 psn|[from] psn
|upkeep
|turn|23
|
|t:|1779673817
|move|p1a: Raging Bolt|Thunderclap|p2a: Gholdengo
|-damage|p2a: Gholdengo|0 fnt
|faint|p2a: Gholdengo
|
|-damage|p1a: Raging Bolt|0 fnt|[from] psn
|faint|p1a: Raging Bolt
|-end|p1a: Raging Bolt|Protosynthesis|[silent]
|upkeep
|
|t:|1779673826
|switch|p2a: Rotom|Rotom-Wash|92/100
|switch|p1a: Iron Treads|Iron Treads|100/100
|-damage|p1a: Iron Treads|97/100|[from] Stealth Rock
|turn|24
|
|t:|1779673835
|move|p1a: Iron Treads|Rapid Spin|p2a: Rotom
|-damage|p2a: Rotom|74/100
|-boost|p1a: Iron Treads|spe|1
|-sideend|p1: dooozdzdz|Toxic Spikes|[from] move: Rapid Spin|[of] p1a: Iron Treads
|-sideend|p1: dooozdzdz|Stealth Rock|[from] move: Rapid Spin|[of] p1a: Iron Treads
|move|p2a: Rotom|Hydro Pump|p1a: Iron Treads|[miss]
|-miss|p2a: Rotom|p1a: Iron Treads
|
|-heal|p2a: Rotom|80/100|[from] item: Leftovers
|upkeep
|turn|25
|
|t:|1779673838
|-end|p1a: Iron Treads|Quark Drive|[silent]
|switch|p1a: Pincurchin|Pincurchin, F|2/100 psn
|-fieldstart|move: Electric Terrain|[from] ability: Electric Surge|[of] p1a: Pincurchin
|move|p2a: Rotom|Hydro Pump|p1a: Pincurchin
|-damage|p1a: Pincurchin|0 fnt
|faint|p1a: Pincurchin
|
|-heal|p2a: Rotom|86/100|[from] item: Leftovers
|upkeep
|
|t:|1779673843
|switch|p1a: Iron Valiant|Iron Valiant|100/100
|-activate|p1a: Iron Valiant|ability: Quark Drive
|-start|p1a: Iron Valiant|quarkdrivespe
|turn|26
|
|t:|1779673853
|move|p1a: Iron Valiant|Knock Off|p2a: Rotom
|-damage|p2a: Rotom|38/100
|-enditem|p2a: Rotom|Leftovers|[from] move: Knock Off|[of] p1a: Iron Valiant
|move|p2a: Rotom|Volt Switch|p1a: Iron Valiant
|-damage|p1a: Iron Valiant|42/100
|
|t:|1779673858
|switch|p2a: Glimmora|Glimmora, F|97/100|[from] Volt Switch
|
|upkeep
|turn|27
|
|t:|1779673861
|move|p1a: Iron Valiant|Close Combat|p2a: Glimmora
|-damage|p2a: Glimmora|49/100
|-unboost|p1a: Iron Valiant|def|1
|-unboost|p1a: Iron Valiant|spd|1
|-activate|p2a: Glimmora|ability: Toxic Debris
|-sidestart|p1: dooozdzdz|move: Toxic Spikes
|move|p2a: Glimmora|Mortal Spin|p1a: Iron Valiant
|-supereffective|p1a: Iron Valiant
|-damage|p1a: Iron Valiant|21/100
|-status|p1a: Iron Valiant|psn
|
|-damage|p1a: Iron Valiant|9/100 psn|[from] psn
|upkeep
|turn|28
|
|t:|1779673864
|move|p2a: Glimmora|Spiky Shield|p2a: Glimmora
|-singleturn|p2a: Glimmora|move: Protect
|move|p1a: Iron Valiant|Close Combat|p2a: Glimmora
|-activate|p2a: Glimmora|move: Protect
|-damage|p1a: Iron Valiant|0 fnt|[from] Spiky Shield|[of] p2a: Glimmora
|faint|p1a: Iron Valiant
|-end|p1a: Iron Valiant|Quark Drive|[silent]
|
|upkeep
|-message|dooozdzdz forfeited.
|
|win|fivetomatoes
|raw|dooozdzdz's rating: 1700 &rarr; <strong>1678</strong><br />(-22 for losing)
|raw|fivetomatoes's rating: 1664 &rarr; <strong>1686</strong><br />(+22 for winning)
|l|☆dooozdzdz
|player|p1|
|l|☆fivetomatoes
|player|p2|
|l| DenseColor
|l| whatevadontcare
