|j|☆bottom10oat
|j|☆claudechamp
|t:|1779724819
|gametype|singles
|player|p1|bottom10oat|2|1206
|player|p2|claudechamp|265|1193
|gen|9
|tier|[Gen 9] OU
|rated|
|rule|HP Percentage Mod: HP is shown in percentages
|rule|Endless Battle Clause: Forcing endless battles is banned
|rule|Species Clause: Limit one of each Pokémon
|rule|OHKO Clause: OHKO moves are banned
|rule|Evasion Items Clause: Evasion items are banned
|rule|Evasion Moves Clause: Evasion moves are banned
|rule|Evasion Abilities Clause: Evasion abilities are banned
|rule|Sleep Moves Clause: Sleep-inducing moves are banned
|clearpoke
|poke|p1|Tornadus-Therian, M|
|poke|p1|Slowking-Galar, M|
|poke|p1|Hydrapple, M|
|poke|p1|Lokix, M|
|poke|p1|Ting-Lu|
|poke|p1|Kingambit, F|
|poke|p2|Gliscor, F|
|poke|p2|Gholdengo|
|poke|p2|Zamazenta-*|
|poke|p2|Blissey, F|
|poke|p2|Skarmory, F|
|poke|p2|Pecharunt|
|teampreview
|c|☆claudechamp|hf
|inactive|Battle timer is ON: inactive players will automatically lose when time's up. (requested by claudechamp)
|c|☆bottom10oat|glhf
|
|t:|1779724826
|teamsize|p1|6
|teamsize|p2|6
|start
|switch|p1a: Ting-Lu|Ting-Lu|100/100
|switch|p2a: Skarmory|Skarmory, F|100/100
|-ability|p1a: Ting-Lu|Vessel of Ruin
|turn|1
|
|t:|1779724835
|move|p2a: Skarmory|Spikes|p1a: Ting-Lu
|-sidestart|p1: bottom10oat|Spikes
|move|p1a: Ting-Lu|Stealth Rock|p2a: Skarmory
|-sidestart|p2: claudechamp|move: Stealth Rock
|
|upkeep
|turn|2
|
|t:|1779724852
|switch|p1a: Hydrapple|Hydrapple, M|100/100
|-damage|p1a: Hydrapple|88/100|[from] Spikes
|move|p2a: Skarmory|Spikes|p1a: Hydrapple
|-sidestart|p1: bottom10oat|Spikes
|
|-heal|p1a: Hydrapple|94/100|[from] item: Leftovers
|upkeep
|turn|3
|
|t:|1779724860
|move|p2a: Skarmory|Spikes|p1a: Hydrapple
|-sidestart|p1: bottom10oat|Spikes
|move|p1a: Hydrapple|Nasty Plot|p1a: Hydrapple
|-boost|p1a: Hydrapple|spa|2
|
|-heal|p1a: Hydrapple|99/100|[from] item: Leftovers
|upkeep
|turn|4
|
|t:|1779724870
|move|p1a: Hydrapple|Fickle Beam|p2a: Skarmory
|-resisted|p2a: Skarmory
|-damage|p2a: Skarmory|42/100
|move|p2a: Skarmory|Whirlwind|p1a: Hydrapple
|drag|p1a: Slowking|Slowking-Galar, M|100/100
|-damage|p1a: Slowking|76/100|[from] Spikes
|
|-heal|p1a: Slowking|82/100|[from] item: Black Sludge
|upkeep
|turn|5
|
|t:|1779724879
|move|p2a: Skarmory|Roost|p2a: Skarmory
|-heal|p2a: Skarmory|92/100
|-singleturn|p2a: Skarmory|move: Roost
|move|p1a: Slowking|Future Sight|p2a: Skarmory
|-start|p1a: Slowking|move: Future Sight
|
|-heal|p1a: Slowking|88/100|[from] item: Black Sludge
|upkeep
|turn|6
|
|t:|1779724882
|switch|p2a: Gholdengo|Gholdengo|100/100
|-damage|p2a: Gholdengo|94/100|[from] Stealth Rock
|move|p1a: Slowking|Ice Beam|p2a: Gholdengo
|-resisted|p2a: Gholdengo
|-damage|p2a: Gholdengo|83/100
|
|-heal|p1a: Slowking|94/100|[from] item: Black Sludge
|upkeep
|turn|7
|
|t:|1779724893
|switch|p1a: Ting-Lu|Ting-Lu|100/100
|-damage|p1a: Ting-Lu|76/100|[from] Spikes
|-ability|p1a: Ting-Lu|Vessel of Ruin
|move|p2a: Gholdengo|Nasty Plot|p2a: Gholdengo
|-boost|p2a: Gholdengo|spa|2
|
|-end|p2a: Gholdengo|move: Future Sight
|-resisted|p2a: Gholdengo
|-damage|p2a: Gholdengo|68/100
|upkeep
|turn|8
|
|t:|1779724899
|move|p2a: Gholdengo|Nasty Plot|p2a: Gholdengo
|-boost|p2a: Gholdengo|spa|2
|move|p1a: Ting-Lu|Earthquake|p2a: Gholdengo
|-supereffective|p2a: Gholdengo
|-damage|p2a: Gholdengo|12/100
|
|upkeep
|turn|9
|
|t:|1779724906
|-terastallize|p2a: Gholdengo|Fairy
|move|p2a: Gholdengo|Recover|p2a: Gholdengo
|-heal|p2a: Gholdengo|62/100
|move|p1a: Ting-Lu|Earthquake|p2a: Gholdengo
|-damage|p2a: Gholdengo|34/100
|
|upkeep
|turn|10
|
|t:|1779724913
|-terastallize|p1a: Ting-Lu|Poison
|move|p2a: Gholdengo|Recover|p2a: Gholdengo
|-heal|p2a: Gholdengo|84/100
|move|p1a: Ting-Lu|Earthquake|p2a: Gholdengo
|-damage|p2a: Gholdengo|54/100
|
|upkeep
|turn|11
|
|t:|1779724923
|move|p2a: Gholdengo|Hex|p1a: Ting-Lu
|-damage|p1a: Ting-Lu|38/100
|-enditem|p1a: Ting-Lu|Red Card|[of] p2a: Gholdengo
|drag|p2a: Gliscor|Gliscor, F|100/100
|-damage|p2a: Gliscor|88/100|[from] Stealth Rock
|move|p1a: Ting-Lu|Earthquake|p2a: Gliscor
|-immune|p2a: Gliscor
|
|-status|p2a: Gliscor|tox|[from] item: Toxic Orb
|upkeep
|turn|12
|
|t:|1779724928
|move|p2a: Gliscor|Earthquake|p1a: Ting-Lu
|-supereffective|p1a: Ting-Lu
|-damage|p1a: Ting-Lu|1/100
|move|p1a: Ting-Lu|Ruination|p2a: Gliscor
|-damage|p2a: Gliscor|44/100 tox
|
|-heal|p2a: Gliscor|57/100 tox|[from] ability: Poison Heal
|upkeep
|turn|13
|
|t:|1779724934
|move|p2a: Gliscor|Earthquake|p1a: Ting-Lu
|-supereffective|p1a: Ting-Lu
|-damage|p1a: Ting-Lu|0 fnt
|faint|p1a: Ting-Lu
|
|-heal|p2a: Gliscor|69/100 tox|[from] ability: Poison Heal
|upkeep
|
|t:|1779724936
|switch|p1a: Slowking|Slowking-Galar, M|100/100
|-damage|p1a: Slowking|76/100|[from] Spikes
|turn|14
|
|t:|1779724940
|move|p2a: Gliscor|Earthquake|p1a: Slowking
|-supereffective|p1a: Slowking
|-damage|p1a: Slowking|2/100
|move|p1a: Slowking|Ice Beam|p2a: Gliscor
|-supereffective|p2a: Gliscor
|-damage|p2a: Gliscor|0 fnt
|faint|p2a: Gliscor
|
|-heal|p1a: Slowking|8/100|[from] item: Black Sludge
|upkeep
|
|t:|1779724946
|switch|p2a: Zamazenta|Zamazenta|100/100
|-ability|p2a: Zamazenta|Dauntless Shield|boost
|-boost|p2a: Zamazenta|def|1
|turn|15
|
|t:|1779724950
|switch|p1a: Tornadus|Tornadus-Therian, M|100/100
|move|p2a: Zamazenta|Close Combat|p1a: Tornadus
|-resisted|p1a: Tornadus
|-damage|p1a: Tornadus|69/100
|-unboost|p2a: Zamazenta|def|1
|-unboost|p2a: Zamazenta|spd|1
|
|upkeep
|turn|16
|
|t:|1779724957
|move|p2a: Zamazenta|Ice Fang|p1a: Tornadus
|-supereffective|p1a: Tornadus
|-damage|p1a: Tornadus|18/100
|move|p1a: Tornadus|Chilling Water|p2a: Zamazenta
|-damage|p2a: Zamazenta|83/100
|-unboost|p2a: Zamazenta|atk|1
|
|upkeep
|turn|17
|
|t:|1779724966
|switch|p1a: Slowking|Slowking-Galar, M|41/100
|-damage|p1a: Slowking|16/100|[from] Spikes
|move|p2a: Zamazenta|Ice Fang|p1a: Slowking|[miss]
|-miss|p2a: Zamazenta|p1a: Slowking
|
|-heal|p1a: Slowking|23/100|[from] item: Black Sludge
|upkeep
|turn|18
|
|t:|1779724973
|move|p2a: Zamazenta|Crunch|p1a: Slowking
|-supereffective|p1a: Slowking
|-damage|p1a: Slowking|0 fnt
|faint|p1a: Slowking
|
|upkeep
|
|t:|1779724984
|switch|p1a: Lokix|Lokix, M|100/100
|-damage|p1a: Lokix|76/100|[from] Spikes
|turn|19
|
|t:|1779724988
|move|p1a: Lokix|First Impression|p2a: Zamazenta
|-resisted|p2a: Zamazenta
|-damage|p2a: Zamazenta|23/100
|move|p2a: Zamazenta|Ice Fang|p1a: Lokix
|-damage|p1a: Lokix|55/100
|
|upkeep
|turn|20
|
|t:|1779724995
|switch|p1a: Kingambit|Kingambit, F|100/100
|-damage|p1a: Kingambit|76/100|[from] Spikes
|-activate|p1a: Kingambit|ability: Supreme Overlord
|-start|p1a: Kingambit|fallen2|[silent]
|move|p2a: Zamazenta|Close Combat|p1a: Kingambit
|-supereffective|p1a: Kingambit
|-damage|p1a: Kingambit|0 fnt
|-unboost|p2a: Zamazenta|def|1
|-unboost|p2a: Zamazenta|spd|1
|faint|p1a: Kingambit
|-end|p1a: Kingambit|fallen2|[silent]
|
|upkeep
|-message|bottom10oat forfeited.
|
|win|claudechamp
|raw|bottom10oat's rating: 1206 &rarr; <strong>1180</strong><br />(-26 for losing)
|raw|claudechamp's rating: 1193 &rarr; <strong>1219</strong><br />(+26 for winning)
|c|☆claudechamp|gg
|l|☆bottom10oat
|player|p1|
