|j|☆Thederpa1
|j|☆alt1 lord greed
|t:|1779645268
|gametype|singles
|player|p1|Thederpa1|swimmer-gen4dp|1459
|player|p2|alt1 lord greed|101|1461
|gen|9
|tier|[Gen 9] OU
|rated|
|rule|HP Percentage Mod: HP is shown in percentages
|rule|Endless Battle Clause: Forcing endless battles is banned
|rule|Species Clause: Limit one of each Pokémon
|rule|OHKO Clause: OHKO moves are banned
|rule|Evasion Items Clause: Evasion items are banned
|rule|Evasion Moves Clause: Evasion moves are banned
|rule|Evasion Abilities Clause: Evasion abilities are banned
|rule|Sleep Moves Clause: Sleep-inducing moves are banned
|clearpoke
|poke|p1|Kyurem|
|poke|p1|Great Tusk|
|poke|p1|Gholdengo|
|poke|p1|Primarina, F|
|poke|p1|Lokix, F|
|poke|p1|Gliscor, F|
|poke|p2|Glastrier|
|poke|p2|Slowking-Galar, M|
|poke|p2|Heatran, F|
|poke|p2|Tornadus-Therian, M|
|poke|p2|Hydrapple, M|
|poke|p2|Great Tusk|
|teampreview
|inactive|Battle timer is ON: inactive players will automatically lose when time's up. (requested by alt1 lord greed)
|j| VAYUnotOP07
|
|t:|1779645274
|teamsize|p1|6
|teamsize|p2|6
|start
|switch|p1a: Gliscor|Gliscor, F|100/100
|switch|p2a: Glastrier|Glastrier|100/100
|turn|1
|
|t:|1779645276
|move|p1a: Gliscor|Protect|p1a: Gliscor
|-singleturn|p1a: Gliscor|Protect
|move|p2a: Glastrier|Swords Dance|p2a: Glastrier
|-boost|p2a: Glastrier|atk|2
|
|-status|p1a: Gliscor|tox|[from] item: Toxic Orb
|upkeep
|turn|2
|
|t:|1779645283
|switch|p1a: Primarina|Primarina, F|100/100
|move|p2a: Glastrier|Icicle Crash|p1a: Primarina
|-resisted|p1a: Primarina
|-damage|p1a: Primarina|36/100
|
|-heal|p1a: Primarina|42/100|[from] item: Leftovers
|upkeep
|turn|3
|
|t:|1779645287
|move|p1a: Primarina|Moonblast|p2a: Glastrier
|-damage|p2a: Glastrier|66/100
|-unboost|p2a: Glastrier|spa|1
|move|p2a: Glastrier|Icicle Crash|p1a: Primarina
|-resisted|p1a: Primarina
|-damage|p1a: Primarina|0 fnt
|faint|p1a: Primarina
|-ability|p2a: Glastrier|Chilling Neigh|boost
|-boost|p2a: Glastrier|atk|1
|
|upkeep
|
|t:|1779645295
|switch|p1a: Gholdengo|Gholdengo|100/100
|-item|p1a: Gholdengo|Air Balloon
|turn|4
|
|t:|1779645298
|switch|p2a: Heatran|Heatran, F, shiny|100/100
|move|p1a: Gholdengo|Make It Rain|p2a: Heatran
|-resisted|p2a: Heatran
|-damage|p2a: Heatran|91/100
|-unboost|p1a: Gholdengo|spa|1
|
|-heal|p2a: Heatran|97/100|[from] item: Leftovers
|upkeep
|turn|5
|l| VAYUnotOP07
|
|t:|1779645302
|switch|p1a: Gliscor|Gliscor, F|100/100 tox
|move|p2a: Heatran|Stealth Rock|p1a: Gliscor
|-sidestart|p1: Thederpa1|move: Stealth Rock
|
|-heal|p2a: Heatran|100/100|[from] item: Leftovers
|upkeep
|turn|6
|
|t:|1779645305
|switch|p2a: Hydrapple|Hydrapple, M, shiny|100/100
|move|p1a: Gliscor|Stealth Rock|p2a: Hydrapple
|-sidestart|p2: alt1 lord greed|move: Stealth Rock
|
|upkeep
|turn|7
|
|t:|1779645309
|move|p1a: Gliscor|Toxic|p2a: Hydrapple
|-status|p2a: Hydrapple|tox
|move|p2a: Hydrapple|Leaf Storm|p1a: Gliscor
|-damage|p1a: Gliscor|0 fnt
|-unboost|p2a: Hydrapple|spa|2
|faint|p1a: Gliscor
|
|-damage|p2a: Hydrapple|94/100 tox|[from] psn
|upkeep
|
|t:|1779645315
|switch|p1a: Great Tusk|Great Tusk|100/100
|-damage|p1a: Great Tusk|98/100|[from] Stealth Rock
|-enditem|p1a: Great Tusk|Booster Energy
|-activate|p1a: Great Tusk|ability: Protosynthesis|[fromitem]
|-start|p1a: Great Tusk|protosynthesisatk
|turn|8
|
|t:|1779645321
|switch|p2a: Great Tusk|Great Tusk|100/100
|move|p1a: Great Tusk|Ice Spinner|p2a: Great Tusk
|-supereffective|p2a: Great Tusk
|-damage|p2a: Great Tusk|50/100
|
|upkeep
|turn|9
|
|t:|1779645325
|move|p1a: Great Tusk|Rapid Spin|p2a: Great Tusk
|-damage|p2a: Great Tusk|33/100
|-boost|p1a: Great Tusk|spe|1
|-sideend|p1: Thederpa1|Stealth Rock|[from] move: Rapid Spin|[of] p1a: Great Tusk
|move|p2a: Great Tusk|Rapid Spin|p1a: Great Tusk
|-damage|p1a: Great Tusk|85/100
|-boost|p2a: Great Tusk|spe|1
|-sideend|p2: alt1 lord greed|Stealth Rock|[from] move: Rapid Spin|[of] p2a: Great Tusk
|
|upkeep
|turn|10
|
|t:|1779645331
|move|p2a: Great Tusk|Ice Spinner|p1a: Great Tusk
|-supereffective|p1a: Great Tusk
|-damage|p1a: Great Tusk|43/100
|move|p1a: Great Tusk|Ice Spinner|p2a: Great Tusk
|-supereffective|p2a: Great Tusk
|-crit|p2a: Great Tusk
|-damage|p2a: Great Tusk|0 fnt
|faint|p2a: Great Tusk
|-end|p2a: Great Tusk|Protosynthesis|[silent]
|
|upkeep
|
|t:|1779645350
|switch|p2a: Tornadus|Tornadus-Therian, M|100/100
|turn|11
|
|t:|1779645357
|-terastallize|p1a: Great Tusk|Steel
|move|p1a: Great Tusk|Ice Spinner|p2a: Tornadus
|-supereffective|p2a: Tornadus
|-damage|p2a: Tornadus|11/100
|move|p2a: Tornadus|Bleakwind Storm|p1a: Great Tusk
|-resisted|p1a: Great Tusk
|-damage|p1a: Great Tusk|12/100
|
|upkeep
|turn|12
|
|t:|1779645374
|move|p1a: Great Tusk|Knock Off|p2a: Tornadus
|-damage|p2a: Tornadus|0 fnt
|-enditem|p2a: Tornadus|Heavy-Duty Boots|[from] move: Knock Off|[of] p1a: Great Tusk
|faint|p2a: Tornadus
|
|upkeep
|
|t:|1779645390
|switch|p2a: Hydrapple|Hydrapple, M, shiny|100/100 tox
|turn|13
|
|t:|1779645402
|-end|p1a: Great Tusk|Protosynthesis|[silent]
|switch|p1a: Gholdengo|Gholdengo|100/100
|-item|p1a: Gholdengo|Air Balloon
|-terastallize|p2a: Hydrapple|Dark
|move|p2a: Hydrapple|Earth Power|p1a: Gholdengo
|-immune|p1a: Gholdengo
|
|-damage|p2a: Hydrapple|94/100 tox|[from] psn
|upkeep
|turn|14
|
|t:|1779645411
|switch|p2a: Heatran|Heatran, F, shiny|100/100
|move|p1a: Gholdengo|Nasty Plot|p1a: Gholdengo
|-boost|p1a: Gholdengo|spa|2
|
|upkeep
|turn|15
|
|t:|1779645415
|move|p1a: Gholdengo|Shadow Ball|p2a: Heatran
|-damage|p2a: Heatran|49/100
|-unboost|p2a: Heatran|spd|1
|move|p2a: Heatran|Fire Blast|p1a: Gholdengo|[miss]
|-miss|p2a: Heatran|p1a: Gholdengo
|
|-heal|p2a: Heatran|55/100|[from] item: Leftovers
|upkeep
|turn|16
|
|t:|1779645426
|switch|p2a: Slowking|Slowking-Galar, M|100/100
|move|p1a: Gholdengo|Shadow Ball|p2a: Slowking
|-supereffective|p2a: Slowking
|-damage|p2a: Slowking|5/100
|-unboost|p2a: Slowking|spd|1
|
|upkeep
|turn|17
|
|t:|1779645431
|move|p1a: Gholdengo|Shadow Ball|p2a: Slowking
|-supereffective|p2a: Slowking
|-damage|p2a: Slowking|0 fnt
|faint|p2a: Slowking
|
|upkeep
|
|t:|1779645433
|switch|p2a: Heatran|Heatran, F, shiny|55/100
|turn|18
|
|t:|1779645443
|move|p1a: Gholdengo|Shadow Ball|p2a: Heatran
|-damage|p2a: Heatran|0 fnt
|faint|p2a: Heatran
|
|upkeep
|
|t:|1779645449
|switch|p2a: Hydrapple|Hydrapple, M, shiny, tera:Dark|100/100 tox
|turn|19
|
|t:|1779645462
|switch|p1a: Great Tusk|Great Tusk, tera:Steel|12/100
|move|p2a: Hydrapple|Hydro Pump|p1a: Great Tusk|[miss]
|-miss|p2a: Hydrapple|p1a: Great Tusk
|
|-damage|p2a: Hydrapple|94/100 tox|[from] psn
|upkeep
|turn|20
|
|t:|1779645471
|move|p1a: Great Tusk|Headlong Rush|p2a: Hydrapple
|-crit|p2a: Hydrapple
|-damage|p2a: Hydrapple|23/100 tox
|-unboost|p1a: Great Tusk|def|1
|-unboost|p1a: Great Tusk|spd|1
|move|p2a: Hydrapple|Hydro Pump|p1a: Great Tusk
|-damage|p1a: Great Tusk|0 fnt
|faint|p1a: Great Tusk
|-end|p1a: Great Tusk|Protosynthesis|[silent]
|
|-damage|p2a: Hydrapple|11/100 tox|[from] psn
|upkeep
|
|t:|1779645478
|switch|p1a: Lokix|Lokix, F|100/100
|turn|21
|
|t:|1779645480
|move|p1a: Lokix|U-turn|p2a: Hydrapple
|-supereffective|p2a: Hydrapple
|-damage|p2a: Hydrapple|0 fnt
|faint|p2a: Hydrapple
|
|t:|1779645486
|switch|p1a: Gholdengo|Gholdengo|100/100|[from] U-turn
|-item|p1a: Gholdengo|Air Balloon
|
|upkeep
|
|t:|1779645488
|switch|p2a: Glastrier|Glastrier|66/100
|turn|22
|
|t:|1779645491
|move|p1a: Gholdengo|Make It Rain|p2a: Glastrier
|-supereffective|p2a: Glastrier
|-damage|p2a: Glastrier|0 fnt
|-unboost|p1a: Gholdengo|spa|1
|faint|p2a: Glastrier
|
|win|Thederpa1
|raw|Thederpa1's rating: 1459 &rarr; <strong>1479</strong><br />(+20 for winning)
|raw|alt1 lord greed's rating: 1461 &rarr; <strong>1441</strong><br />(-20 for losing)
|l|☆alt1 lord greed
|player|p2|
|l|☆Thederpa1
|player|p1|
