|j|‽BigCungusxRemix
|j|☆saad.2
|t:|1779725427
|gametype|singles
|player|p1|BigCungusxRemix|101|1334
|player|p2|saad.2|101|1383
|gen|9
|tier|[Gen 9] OU
|rated|
|rule|HP Percentage Mod: HP is shown in percentages
|rule|Endless Battle Clause: Forcing endless battles is banned
|rule|Species Clause: Limit one of each Pokémon
|rule|OHKO Clause: OHKO moves are banned
|rule|Evasion Items Clause: Evasion items are banned
|rule|Evasion Moves Clause: Evasion moves are banned
|rule|Evasion Abilities Clause: Evasion abilities are banned
|rule|Sleep Moves Clause: Sleep-inducing moves are banned
|clearpoke
|poke|p1|Slowking-Galar, F|
|poke|p1|Great Tusk|
|poke|p1|Kyurem|
|poke|p1|Kingambit, F|
|poke|p1|Cinderace, M|
|poke|p1|Zapdos|
|poke|p2|Walking Wake|
|poke|p2|Great Tusk|
|poke|p2|Ninetales, F|
|poke|p2|Cresselia, F|
|poke|p2|Zarude|
|poke|p2|Ceruledge, M|
|teampreview
|
|t:|1779725440
|teamsize|p1|6
|teamsize|p2|6
|start
|switch|p1a: Zapdos|Zapdos, shiny|100/100
|switch|p2a: Ninetales|Ninetales, F|100/100
|-weather|SunnyDay|[from] ability: Drought|[of] p2a: Ninetales
|turn|1
|
|t:|1779725446
|move|p2a: Ninetales|Overheat|p1a: Zapdos
|-damage|p1a: Zapdos|37/100
|-unboost|p2a: Ninetales|spa|2
|move|p1a: Zapdos|Thunder Wave|p2a: Ninetales
|-status|p2a: Ninetales|par
|
|-weather|SunnyDay|[upkeep]
|upkeep
|turn|2
|
|t:|1779725462
|move|p1a: Zapdos|Roost|p1a: Zapdos
|-heal|p1a: Zapdos|87/100
|-singleturn|p1a: Zapdos|move: Roost
|cant|p2a: Ninetales|par
|
|-weather|SunnyDay|[upkeep]
|upkeep
|turn|3
|
|t:|1779725473
|move|p1a: Zapdos|Thunder Wave|p2a: Ninetales
|-fail|p2a: Ninetales|par
|move|p2a: Ninetales|Encore|p1a: Zapdos
|-start|p1a: Zapdos|Encore
|
|-weather|SunnyDay|[upkeep]
|upkeep
|turn|4
|
|t:|1779725487
|switch|p1a: Kyurem|Kyurem|100/100
|-ability|p1a: Kyurem|Pressure
|switch|p2a: Great Tusk|Great Tusk|100/100
|-activate|p2a: Great Tusk|ability: Protosynthesis
|-start|p2a: Great Tusk|protosynthesisatk
|
|-weather|SunnyDay|[upkeep]
|upkeep
|turn|5
|
|t:|1779725496
|-end|p2a: Great Tusk|Protosynthesis|[silent]
|switch|p2a: Cresselia|Cresselia, F|100/100
|move|p1a: Kyurem|Ice Beam|p2a: Cresselia
|-damage|p2a: Cresselia|57/100
|
|-weather|SunnyDay|[upkeep]
|-heal|p2a: Cresselia|63/100|[from] item: Leftovers
|upkeep
|turn|6
|
|t:|1779725506
|switch|p1a: Slowking|Slowking-Galar, F|100/100
|move|p2a: Cresselia|Moonlight|p2a: Cresselia
|-heal|p2a: Cresselia|100/100
|
|-weather|SunnyDay|[upkeep]
|upkeep
|turn|7
|
|t:|1779725514
|move|p2a: Cresselia|Thunder Wave|p1a: Slowking
|-status|p1a: Slowking|par
|-prepare|p1a: Slowking|Chilly Reception|[premajor]
|move|p1a: Slowking|Chilly Reception|p1a: Slowking
|-weather|Snowscape
|
|t:|1779725526
|switch|p1a: Great Tusk|Great Tusk|100/100|[from] Chilly Reception
|
|-weather|Snowscape|[upkeep]
|upkeep
|turn|8
|
|t:|1779725531
|move|p1a: Great Tusk|Stealth Rock|p2a: Cresselia
|-sidestart|p2: saad.2|move: Stealth Rock
|move|p2a: Cresselia|Psychic|p1a: Great Tusk
|-supereffective|p1a: Great Tusk
|-damage|p1a: Great Tusk|27/100
|-unboost|p1a: Great Tusk|spd|1
|
|-weather|Snowscape|[upkeep]
|-heal|p1a: Great Tusk|33/100|[from] item: Leftovers
|upkeep
|turn|9
|
|t:|1779725541
|-end|p1a: Great Tusk|Protosynthesis|[silent]
|switch|p1a: Kingambit|Kingambit, F|100/100
|switch|p2a: Great Tusk|Great Tusk|100/100
|-damage|p2a: Great Tusk|97/100|[from] Stealth Rock
|
|-weather|Snowscape|[upkeep]
|upkeep
|turn|10
|
|t:|1779725551
|-end|p1a: Kingambit|fallenundefined|[silent]
|switch|p1a: Zapdos|Zapdos, shiny|87/100
|move|p2a: Great Tusk|Rapid Spin|p1a: Zapdos
|-damage|p1a: Zapdos|73/100
|-boost|p2a: Great Tusk|spe|1
|-sideend|p2: saad.2|Stealth Rock|[from] move: Rapid Spin|[of] p2a: Great Tusk
|
|-weather|Snowscape|[upkeep]
|upkeep
|turn|11
|
|t:|1779725560
|move|p2a: Great Tusk|Ice Spinner|p1a: Zapdos
|-supereffective|p1a: Zapdos
|-damage|p1a: Zapdos|33/100
|move|p1a: Zapdos|Hurricane|p2a: Great Tusk|[miss]
|-miss|p1a: Zapdos|p2a: Great Tusk
|
|-weather|none
|upkeep
|turn|12
|
|t:|1779725566
|move|p2a: Great Tusk|Ice Spinner|p1a: Zapdos
|-supereffective|p1a: Zapdos
|-damage|p1a: Zapdos|0 fnt
|faint|p1a: Zapdos
|
|upkeep
|-message|BigCungusxRemix forfeited.
|
|win|saad.2
|raw|BigCungusxRemix's rating: 1334 &rarr; <strong>1317</strong><br />(-17 for losing)
|raw|saad.2's rating: 1383 &rarr; <strong>1400</strong><br />(+17 for winning)
