|j|☆yeroVH
|j|☆greysay
|t:|1779568668
|gametype|singles
|player|p1|yeroVH|hilbert|1120
|player|p2|greysay|idol|1055
|gen|9
|tier|[Gen 9] OU
|rated|
|rule|HP Percentage Mod: HP is shown in percentages
|rule|Endless Battle Clause: Forcing endless battles is banned
|rule|Species Clause: Limit one of each Pokémon
|rule|OHKO Clause: OHKO moves are banned
|rule|Evasion Items Clause: Evasion items are banned
|rule|Evasion Moves Clause: Evasion moves are banned
|rule|Evasion Abilities Clause: Evasion abilities are banned
|rule|Sleep Moves Clause: Sleep-inducing moves are banned
|clearpoke
|poke|p1|Torkoal, F|
|poke|p1|Camerupt, M|
|poke|p1|Metagross|
|poke|p1|Venusaur, F|
|poke|p1|Shiftry, F|
|poke|p1|Whimsicott, M|
|poke|p2|Toucannon, F|
|poke|p2|Ambipom, F|
|poke|p2|Goodra-Hisui, M|
|poke|p2|Primarina, F|
|poke|p2|Chandelure, M|
|poke|p2|Chesnaught, F|
|teampreview
|
|t:|1779568673
|teamsize|p1|6
|teamsize|p2|6
|start
|switch|p1a: Torkoal|Torkoal, F|100/100
|switch|p2a: Ambipom|Ambipom, F|100/100
|-weather|SunnyDay|[from] ability: Drought|[of] p1a: Torkoal
|turn|1
|
|t:|1779568686
|move|p2a: Ambipom|Knock Off|p1a: Torkoal
|-damage|p1a: Torkoal|78/100
|-enditem|p1a: Torkoal|Heat Rock|[from] move: Knock Off|[of] p2a: Ambipom
|move|p1a: Torkoal|Will-O-Wisp|p2a: Ambipom
|-status|p2a: Ambipom|brn
|
|-weather|SunnyDay|[upkeep]
|-damage|p2a: Ambipom|94/100 brn|[from] brn
|-damage|p2a: Ambipom|82/100 brn|[from] item: Sticky Barb
|upkeep
|turn|2
|
|t:|1779568700
|move|p2a: Ambipom|Fling|p1a: Torkoal
|-damage|p1a: Torkoal|68/100
|-enditem|p2a: Ambipom|Sticky Barb|[from] move: Fling
|move|p1a: Torkoal|Lava Plume|p2a: Ambipom
|-damage|p2a: Ambipom|8/100 brn
|
|-weather|SunnyDay|[upkeep]
|-damage|p2a: Ambipom|2/100 brn|[from] brn
|upkeep
|turn|3
|
|t:|1779568713
|switch|p2a: Primarina|Primarina, F|100/100
|switch|p1a: Whimsicott|Whimsicott, M, shiny|100/100
|
|-weather|SunnyDay|[upkeep]
|upkeep
|turn|4
|
|t:|1779568722
|switch|p2a: Chandelure|Chandelure, M, shiny|100/100
|move|p1a: Whimsicott|Tailwind|p1a: Whimsicott
|-sidestart|p1: yeroVH|move: Tailwind
|
|-weather|SunnyDay|[upkeep]
|upkeep
|turn|5
|
|t:|1779568733
|switch|p1a: Camerupt|Camerupt, M|100/100
|move|p2a: Chandelure|Fire Spin|p1a: Camerupt
|-resisted|p1a: Camerupt
|-damage|p1a: Camerupt|87/100
|-activate|p1a: Camerupt|move: Fire Spin|[of] p2a: Chandelure
|
|-weather|SunnyDay|[upkeep]
|-damage|p1a: Camerupt|74/100|[from] move: Fire Spin|[partiallytrapped]
|upkeep
|turn|6
|
|t:|1779568746
|switch|p2a: Primarina|Primarina, F|100/100
|move|p1a: Camerupt|Earth Power|p2a: Primarina
|-damage|p2a: Primarina|64/100
|
|-weather|SunnyDay|[upkeep]
|-heal|p2a: Primarina|70/100|[from] item: Leftovers
|-end|p1a: Camerupt|Fire Spin|[partiallytrapped]|[silent]
|upkeep
|turn|7
|
|t:|1779568761
|switch|p1a: Venusaur|Venusaur, F|100/100
|move|p2a: Primarina|Whirlpool|p1a: Venusaur
|-resisted|p1a: Venusaur
|-damage|p1a: Venusaur|97/100
|-activate|p1a: Venusaur|move: Whirlpool|[of] p2a: Primarina
|
|-weather|SunnyDay|[upkeep]
|-heal|p2a: Primarina|76/100|[from] item: Leftovers
|-damage|p1a: Venusaur|84/100|[from] move: Whirlpool|[partiallytrapped]
|-sideend|p1: yeroVH|move: Tailwind
|upkeep
|turn|8
|
|t:|1779568788
|switch|p2a: Toucannon|Toucannon, F, shiny|100/100
|move|p1a: Venusaur|Leech Seed|p2a: Toucannon
|-start|p2a: Toucannon|move: Leech Seed
|
|-weather|none
|-damage|p2a: Toucannon|88/100|[from] Leech Seed|[of] p1a: Venusaur
|-heal|p1a: Venusaur|97/100|[silent]
|-end|p1a: Venusaur|Whirlpool|[partiallytrapped]|[silent]
|upkeep
|turn|9
|
|t:|1779568801
|switch|p1a: Metagross|Metagross|100/100
|-singleturn|p2a: Toucannon|move: Beak Blast
|move|p2a: Toucannon|Beak Blast|p1a: Metagross
|-resisted|p1a: Metagross
|-damage|p1a: Metagross|81/100
|
|-heal|p1a: Metagross|87/100|[from] item: Leftovers
|-damage|p2a: Toucannon|76/100|[from] Leech Seed|[of] p1a: Metagross
|-heal|p1a: Metagross|100/100|[silent]
|upkeep
|turn|10
|
|t:|1779568814
|switch|p2a: Chesnaught|Chesnaught, F, shiny|100/100
|move|p1a: Metagross|Stealth Rock|p2a: Chesnaught
|-sidestart|p2: greysay|move: Stealth Rock
|
|upkeep
|turn|11
|
|t:|1779568822
|move|p1a: Metagross|Ice Punch|p2a: Chesnaught
|-supereffective|p2a: Chesnaught
|-damage|p2a: Chesnaught|58/100
|-status|p2a: Chesnaught|frz
|cant|p2a: Chesnaught|frz
|
|-heal|p2a: Chesnaught|64/100 frz|[from] item: Leftovers
|upkeep
|turn|12
|
|t:|1779568832
|move|p1a: Metagross|Meteor Mash|p2a: Chesnaught
|-damage|p2a: Chesnaught|30/100 frz
|cant|p2a: Chesnaught|frz
|
|-heal|p2a: Chesnaught|36/100 frz|[from] item: Leftovers
|upkeep
|turn|13
|
|t:|1779568842
|switch|p2a: Chandelure|Chandelure, M, shiny|100/100
|-damage|p2a: Chandelure|76/100|[from] Stealth Rock
|move|p1a: Metagross|Meteor Mash|p2a: Chandelure
|-resisted|p2a: Chandelure
|-damage|p2a: Chandelure|43/100
|
|upkeep
|turn|14
|
|t:|1779568855
|switch|p1a: Torkoal|Torkoal, F|68/100
|-weather|SunnyDay|[from] ability: Drought|[of] p1a: Torkoal
|move|p2a: Chandelure|Heat Wave|p1a: Torkoal|[miss]
|-miss|p2a: Chandelure|p1a: Torkoal
|
|-weather|SunnyDay|[upkeep]
|upkeep
|turn|15
|
|t:|1779568866
|move|p2a: Chandelure|Hex|p1a: Torkoal
|-damage|p1a: Torkoal|26/100
|move|p1a: Torkoal|Earth Power|p2a: Chandelure
|-supereffective|p2a: Chandelure
|-damage|p2a: Chandelure|0 fnt
|faint|p2a: Chandelure
|
|-weather|SunnyDay|[upkeep]
|upkeep
|
|t:|1779568874
|switch|p2a: Ambipom|Ambipom, F|2/100 brn
|-damage|p2a: Ambipom|0 fnt|[from] Stealth Rock
|faint|p2a: Ambipom
|
|t:|1779568879
|switch|p2a: Goodra|Goodra-Hisui, M|100/100
|-damage|p2a: Goodra|94/100|[from] Stealth Rock
|turn|16
|
|t:|1779568888
|-terastallize|p2a: Goodra|Flying
|move|p2a: Goodra|Acid Armor|p2a: Goodra
|-boost|p2a: Goodra|def|2
|move|p1a: Torkoal|Lava Plume|p2a: Goodra
|-damage|p2a: Goodra|58/100
|-status|p2a: Goodra|brn
|
|-weather|SunnyDay|[upkeep]
|-heal|p2a: Goodra|64/100 brn|[from] item: Leftovers
|-damage|p2a: Goodra|58/100 brn|[from] brn
|upkeep
|turn|17
|
|t:|1779568901
|move|p2a: Goodra|Body Press|p1a: Torkoal
|-damage|p1a: Torkoal|4/100
|move|p1a: Torkoal|Lava Plume|p2a: Goodra
|-damage|p2a: Goodra|26/100 brn
|
|-weather|SunnyDay|[upkeep]
|-heal|p2a: Goodra|32/100 brn|[from] item: Leftovers
|-damage|p2a: Goodra|26/100 brn|[from] brn
|upkeep
|turn|18
|
|t:|1779568914
|switch|p1a: Venusaur|Venusaur, F|97/100
|move|p2a: Goodra|Body Press|p1a: Venusaur
|-resisted|p1a: Venusaur
|-damage|p1a: Venusaur|84/100
|
|-weather|none
|-heal|p2a: Goodra|32/100 brn|[from] item: Leftovers
|-damage|p2a: Goodra|26/100 brn|[from] brn
|upkeep
|turn|19
|
|t:|1779568929
|move|p1a: Venusaur|Sludge Bomb|p2a: Goodra
|-damage|p2a: Goodra|0 fnt
|faint|p2a: Goodra
|-damage|p1a: Venusaur|74/100|[from] item: Life Orb
|
|upkeep
|
|t:|1779568936
|switch|p2a: Toucannon|Toucannon, F, shiny|76/100
|-damage|p2a: Toucannon|51/100|[from] Stealth Rock
|turn|20
|
|t:|1779568942
|switch|p1a: Torkoal|Torkoal, F|4/100
|-weather|SunnyDay|[from] ability: Drought|[of] p1a: Torkoal
|-singleturn|p2a: Toucannon|move: Beak Blast
|move|p2a: Toucannon|Beak Blast|p1a: Torkoal
|-damage|p1a: Torkoal|0 fnt
|faint|p1a: Torkoal
|
|-weather|SunnyDay|[upkeep]
|upkeep
|
|t:|1779568957
|switch|p1a: Metagross|Metagross|100/100
|turn|21
|
|t:|1779568963
|move|p1a: Metagross|Meteor Mash|p2a: Toucannon
|-damage|p2a: Toucannon|5/100
|move|p2a: Toucannon|Fury Attack|p1a: Metagross
|-resisted|p1a: Metagross
|-damage|p1a: Metagross|98/100
|-resisted|p1a: Metagross
|-damage|p1a: Metagross|95/100
|-resisted|p1a: Metagross
|-damage|p1a: Metagross|92/100
|-resisted|p1a: Metagross
|-damage|p1a: Metagross|89/100
|-resisted|p1a: Metagross
|-damage|p1a: Metagross|86/100
|-hitcount|p1a: Metagross|5
|
|-weather|SunnyDay|[upkeep]
|-heal|p1a: Metagross|92/100|[from] item: Leftovers
|upkeep
|turn|22
|-message|greysay forfeited.
|
|win|yeroVH
|raw|yeroVH's rating: 1120 &rarr; <strong>1140</strong><br />(+20 for winning)
|raw|greysay's rating: 1055 &rarr; <strong>1040</strong><br />(-15 for losing)
|l|☆greysay
|player|p2|
|l|☆yeroVH
|player|p1|
