|j|☆ufdock
|j|☆evccx
|t:|1779682247
|gametype|singles
|player|p1|ufdock|pokemonbreederf-gen4|1320
|player|p2|evccx|palmer|1363
|gen|9
|tier|[Gen 9] OU
|rated|
|rule|HP Percentage Mod: HP is shown in percentages
|rule|Endless Battle Clause: Forcing endless battles is banned
|rule|Species Clause: Limit one of each Pokémon
|rule|OHKO Clause: OHKO moves are banned
|rule|Evasion Items Clause: Evasion items are banned
|rule|Evasion Moves Clause: Evasion moves are banned
|rule|Evasion Abilities Clause: Evasion abilities are banned
|rule|Sleep Moves Clause: Sleep-inducing moves are banned
|clearpoke
|poke|p1|Samurott-Hisui, F|
|poke|p1|Ceruledge, F|
|poke|p1|Serperior, F|
|poke|p1|Weezing-Galar, F|
|poke|p1|Iron Crown|
|poke|p1|Great Tusk|
|poke|p2|Raging Bolt|
|poke|p2|Ribombee, M|
|poke|p2|Gholdengo|
|poke|p2|Great Tusk|
|poke|p2|Ogerpon-Cornerstone, F|
|poke|p2|Ceruledge, M|
|teampreview
|inactive|Battle timer is ON: inactive players will automatically lose when time's up. (requested by ufdock)
|
|t:|1779682282
|teamsize|p1|6
|teamsize|p2|6
|start
|switch|p1a: Iron Crown|Iron Crown|100/100
|switch|p2a: Ribombee|Ribombee, M, shiny|100/100
|-enditem|p1a: Iron Crown|Booster Energy
|-activate|p1a: Iron Crown|ability: Quark Drive|[fromitem]
|-start|p1a: Iron Crown|quarkdrivespe
|turn|1
|
|t:|1779682287
|move|p1a: Iron Crown|Tachyon Cutter|p2a: Ribombee
|-supereffective|p2a: Ribombee
|-damage|p2a: Ribombee|22/100
|-supereffective|p2a: Ribombee
|-crit|p2a: Ribombee
|-damage|p2a: Ribombee|0 fnt
|faint|p2a: Ribombee
|-hitcount|p2: Ribombee|2
|
|upkeep
|
|t:|1779682294
|switch|p2a: Gholdengo|Gholdengo, shiny|100/100
|-item|p2a: Gholdengo|Air Balloon
|turn|2
|
|t:|1779682305
|-end|p1a: Iron Crown|Quark Drive|[silent]
|switch|p1a: Samurott|Samurott-Hisui, F|100/100
|move|p2a: Gholdengo|Shadow Ball|p1a: Samurott
|-resisted|p1a: Samurott
|-damage|p1a: Samurott|64/100
|
|upkeep
|turn|3
|
|t:|1779682317
|-terastallize|p2a: Gholdengo|Fairy
|move|p1a: Samurott|Ceaseless Edge|p2a: Gholdengo
|-resisted|p2a: Gholdengo
|-damage|p2a: Gholdengo|76/100
|-enditem|p2a: Gholdengo|Air Balloon
|-sidestart|p2: evccx|Spikes
|move|p2a: Gholdengo|Dazzling Gleam|p1a: Samurott
|-supereffective|p1a: Samurott
|-damage|p1a: Samurott|0 fnt
|faint|p1a: Samurott
|
|upkeep
|
|t:|1779682322
|switch|p1a: Iron Crown|Iron Crown|100/100
|turn|4
|
|t:|1779682339
|move|p1a: Iron Crown|Psychic Noise|p2a: Gholdengo
|-damage|p2a: Gholdengo|37/100
|-start|p2a: Gholdengo|move: Heal Block
|move|p2a: Gholdengo|Shadow Ball|p1a: Iron Crown
|-supereffective|p1a: Iron Crown
|-damage|p1a: Iron Crown|13/100
|
|upkeep
|turn|5
|
|t:|1779682355
|move|p1a: Iron Crown|Tachyon Cutter|p2a: Gholdengo
|-supereffective|p2a: Gholdengo
|-damage|p2a: Gholdengo|0 fnt
|faint|p2a: Gholdengo
|-hitcount|p2: Gholdengo|1
|
|upkeep
|
|t:|1779682377
|switch|p2a: Raging Bolt|Raging Bolt|100/100
|-damage|p2a: Raging Bolt|88/100|[from] Spikes
|-enditem|p2a: Raging Bolt|Booster Energy
|-activate|p2a: Raging Bolt|ability: Protosynthesis|[fromitem]
|-start|p2a: Raging Bolt|protosynthesisspa
|turn|6
|
|t:|1779682387
|move|p1a: Iron Crown|Tachyon Cutter|p2a: Raging Bolt
|-resisted|p2a: Raging Bolt
|-damage|p2a: Raging Bolt|78/100
|-resisted|p2a: Raging Bolt
|-damage|p2a: Raging Bolt|67/100
|-hitcount|p2a: Raging Bolt|2
|move|p2a: Raging Bolt|Dragon Pulse|p1a: Iron Crown
|-resisted|p1a: Iron Crown
|-damage|p1a: Iron Crown|0 fnt
|faint|p1a: Iron Crown
|-end|p1a: Iron Crown|Quark Drive|[silent]
|
|upkeep
|
|t:|1779682394
|switch|p1a: Ceruledge|Ceruledge, F|100/100
|turn|7
|
|t:|1779682398
|move|p1a: Ceruledge|Swords Dance|p1a: Ceruledge
|-boost|p1a: Ceruledge|atk|2
|move|p2a: Raging Bolt|Thunderbolt|p1a: Ceruledge
|-damage|p1a: Ceruledge|23/100
|
|upkeep
|turn|8
|
|t:|1779682407
|move|p1a: Ceruledge|Shadow Sneak|p2a: Raging Bolt
|-damage|p2a: Raging Bolt|8/100
|-damage|p1a: Ceruledge|13/100|[from] item: Life Orb
|move|p2a: Raging Bolt|Thunderclap||[still]
|-fail|p2a: Raging Bolt
|
|upkeep
|turn|9
|
|t:|1779682414
|move|p1a: Ceruledge|Shadow Sneak|p2a: Raging Bolt
|-damage|p2a: Raging Bolt|0 fnt
|faint|p2a: Raging Bolt
|-end|p2a: Raging Bolt|Protosynthesis|[silent]
|-damage|p1a: Ceruledge|3/100|[from] item: Life Orb
|
|upkeep
|
|t:|1779682416
|switch|p2a: Great Tusk|Great Tusk, shiny|100/100
|-damage|p2a: Great Tusk|88/100|[from] Spikes
|-enditem|p2a: Great Tusk|Booster Energy
|-activate|p2a: Great Tusk|ability: Protosynthesis|[fromitem]
|-start|p2a: Great Tusk|protosynthesisatk
|turn|10
|
|t:|1779682428
|move|p2a: Great Tusk|Ice Spinner|p1a: Ceruledge
|-resisted|p1a: Ceruledge
|-damage|p1a: Ceruledge|0 fnt
|faint|p1a: Ceruledge
|
|upkeep
|
|t:|1779682434
|switch|p1a: Great Tusk|Great Tusk|100/100
|turn|11
|
|t:|1779682444
|-terastallize|p1a: Great Tusk|Fairy
|move|p2a: Great Tusk|Rapid Spin|p1a: Great Tusk
|-damage|p1a: Great Tusk|86/100
|-boost|p2a: Great Tusk|spe|1
|-sideend|p2: evccx|Spikes|[from] move: Rapid Spin|[of] p2a: Great Tusk
|move|p1a: Great Tusk|Stealth Rock|p2a: Great Tusk
|-sidestart|p2: evccx|move: Stealth Rock
|
|-heal|p1a: Great Tusk|92/100|[from] item: Leftovers
|upkeep
|turn|12
|
|t:|1779682464
|move|p2a: Great Tusk|Rapid Spin|p1a: Great Tusk
|-damage|p1a: Great Tusk|78/100
|-boost|p2a: Great Tusk|spe|1
|-sideend|p2: evccx|Stealth Rock|[from] move: Rapid Spin|[of] p2a: Great Tusk
|move|p1a: Great Tusk|Rapid Spin|p2a: Great Tusk
|-damage|p2a: Great Tusk|74/100
|-boost|p1a: Great Tusk|spe|1
|
|-heal|p1a: Great Tusk|84/100|[from] item: Leftovers
|upkeep
|turn|13
|
|t:|1779682474
|move|p2a: Great Tusk|Headlong Rush|p1a: Great Tusk
|-damage|p1a: Great Tusk|29/100
|-unboost|p2a: Great Tusk|def|1
|-unboost|p2a: Great Tusk|spd|1
|move|p1a: Great Tusk|Ice Spinner|p2a: Great Tusk
|-supereffective|p2a: Great Tusk
|-damage|p2a: Great Tusk|9/100
|
|-heal|p1a: Great Tusk|35/100|[from] item: Leftovers
|upkeep
|turn|14
|
|t:|1779682481
|move|p2a: Great Tusk|Headlong Rush|p1a: Great Tusk
|-damage|p1a: Great Tusk|0 fnt
|-unboost|p2a: Great Tusk|def|1
|-unboost|p2a: Great Tusk|spd|1
|faint|p1a: Great Tusk
|-end|p1a: Great Tusk|Protosynthesis|[silent]
|
|upkeep
|
|t:|1779682484
|switch|p1a: Serperior|Serperior, F|100/100
|turn|15
|
|t:|1779682489
|move|p2a: Great Tusk|Close Combat|p1a: Serperior
|-damage|p1a: Serperior|23/100
|-unboost|p2a: Great Tusk|def|1
|-unboost|p2a: Great Tusk|spd|1
|move|p1a: Serperior|Leaf Storm|p2a: Great Tusk
|-supereffective|p2a: Great Tusk
|-damage|p2a: Great Tusk|0 fnt
|-boost|p1a: Serperior|spa|2
|faint|p2a: Great Tusk
|-end|p2a: Great Tusk|Protosynthesis|[silent]
|
|-heal|p1a: Serperior|29/100|[from] item: Leftovers
|upkeep
|
|t:|1779682498
|switch|p2a: Ceruledge|Ceruledge, M, shiny|100/100
|turn|16
|
|t:|1779682501
|move|p1a: Serperior|Glare|p2a: Ceruledge
|-status|p2a: Ceruledge|par
|move|p2a: Ceruledge|Swords Dance|p2a: Ceruledge
|-boost|p2a: Ceruledge|atk|2
|
|-heal|p1a: Serperior|36/100|[from] item: Leftovers
|upkeep
|turn|17
|
|t:|1779682506
|move|p2a: Ceruledge|Shadow Sneak|p1a: Serperior
|-damage|p1a: Serperior|0 fnt
|faint|p1a: Serperior
|
|upkeep
|
|t:|1779682508
|switch|p1a: Weezing|Weezing-Galar, F|100/100
|-ability|p1a: Weezing|Neutralizing Gas
|turn|18
|
|t:|1779682513
|move|p1a: Weezing|Strange Steam|p2a: Ceruledge
|-resisted|p2a: Ceruledge
|-damage|p2a: Ceruledge|86/100 par
|cant|p2a: Ceruledge|par
|
|upkeep
|turn|19
|-message|ufdock forfeited.
|
|win|evccx
|raw|ufdock's rating: 1320 &rarr; <strong>1302</strong><br />(-18 for losing)
|raw|evccx's rating: 1363 &rarr; <strong>1381</strong><br />(+18 for winning)
|l|☆ufdock
|player|p1|
|l|☆evccx
|player|p2|
