|j|☆Quapot
|j|☆Mr_Stonks0406
|t:|1779687911
|gametype|singles
|player|p1|Quapot|266|1272
|player|p2|Mr_Stonks0406|102|1288
|gen|9
|tier|[Gen 9] OU
|rated|
|rule|HP Percentage Mod: HP is shown in percentages
|rule|Endless Battle Clause: Forcing endless battles is banned
|rule|Species Clause: Limit one of each Pokémon
|rule|OHKO Clause: OHKO moves are banned
|rule|Evasion Items Clause: Evasion items are banned
|rule|Evasion Moves Clause: Evasion moves are banned
|rule|Evasion Abilities Clause: Evasion abilities are banned
|rule|Sleep Moves Clause: Sleep-inducing moves are banned
|clearpoke
|poke|p1|Ogerpon-Wellspring, F|
|poke|p1|Ceruledge, M|
|poke|p1|Enamorus, F|
|poke|p1|Iron Crown|
|poke|p1|Honchkrow, M|
|poke|p1|Hoopa-Unbound|
|poke|p2|Meowscarada, M|
|poke|p2|Pecharunt|
|poke|p2|Enamorus, F|
|poke|p2|Iron Treads|
|poke|p2|Corviknight, F|
|poke|p2|Slowking, M|
|teampreview
|
|t:|1779687924
|teamsize|p1|6
|teamsize|p2|6
|start
|switch|p1a: Ceruledge|Ceruledge, M|100/100
|switch|p2a: Meowscarada|Meowscarada, M|100/100
|turn|1
|
|t:|1779687944
|switch|p2a: Pecharunt|Pecharunt|100/100
|move|p1a: Ceruledge|Bitter Blade|p2a: Pecharunt
|-damage|p2a: Pecharunt|77/100
|-damage|p1a: Ceruledge|84/100|[from] item: Rocky Helmet|[of] p2a: Pecharunt
|
|upkeep
|turn|2
|
|t:|1779687967
|move|p1a: Ceruledge|Poltergeist|p2a: Pecharunt|[miss]
|-miss|p1a: Ceruledge|p2a: Pecharunt
|move|p2a: Pecharunt|Foul Play|p1a: Ceruledge
|-supereffective|p1a: Ceruledge
|-damage|p1a: Ceruledge|0 fnt
|faint|p1a: Ceruledge
|
|upkeep
|
|t:|1779687974
|switch|p1a: Iron Crown|Iron Crown|100/100
|turn|3
|
|t:|1779687981
|switch|p2a: Iron Treads|Iron Treads|100/100
|move|p1a: Iron Crown|Psychic Noise|p2a: Iron Treads
|-resisted|p2a: Iron Treads
|-damage|p2a: Iron Treads|80/100
|-start|p2a: Iron Treads|move: Heal Block
|-damage|p1a: Iron Crown|91/100|[from] item: Life Orb
|
|upkeep
|turn|4
|
|t:|1779687991
|-end|p1a: Iron Crown|Quark Drive|[silent]
|switch|p1a: Enamorus|Enamorus, F|100/100
|move|p2a: Iron Treads|Knock Off|p1a: Enamorus
|-resisted|p1a: Enamorus
|-damage|p1a: Enamorus|78/100
|-enditem|p1a: Enamorus|Choice Scarf|[from] move: Knock Off|[of] p2a: Iron Treads
|
|-end|p2a: Iron Treads|move: Heal Block
|upkeep
|turn|5
|
|t:|1779688005
|-end|p2a: Iron Treads|Quark Drive|[silent]
|switch|p2a: Slowking|Slowking, M|100/100
|move|p1a: Enamorus|Earth Power|p2a: Slowking
|-damage|p2a: Slowking|85/100
|
|upkeep
|turn|6
|-message|Quapot forfeited.
|
|win|Mr_Stonks0406
|raw|Quapot's rating: 1272 &rarr; <strong>1248</strong><br />(-24 for losing)
|raw|Mr_Stonks0406's rating: 1288 &rarr; <strong>1312</strong><br />(+24 for winning)
|l|☆Quapot
|player|p1|
|l|☆Mr_Stonks0406
|player|p2|
