|j|☆peidogamer01001
|j|☆Khgtnd
|t:|1779630454
|gametype|singles
|player|p1|peidogamer01001|clown|1000
|player|p2|Khgtnd|pokemaniac|1000
|gen|9
|tier|[Gen 9] OU
|rated|
|rule|HP Percentage Mod: HP is shown in percentages
|rule|Endless Battle Clause: Forcing endless battles is banned
|rule|Species Clause: Limit one of each Pokémon
|rule|OHKO Clause: OHKO moves are banned
|rule|Evasion Items Clause: Evasion items are banned
|rule|Evasion Moves Clause: Evasion moves are banned
|rule|Evasion Abilities Clause: Evasion abilities are banned
|rule|Sleep Moves Clause: Sleep-inducing moves are banned
|clearpoke
|poke|p1|Corviknight, M|
|poke|p1|Lycanroc-Midnight, M|
|poke|p1|Lapras, F|
|poke|p1|Dondozo, F|
|poke|p1|Gliscor, F|
|poke|p1|Pikachu, F|
|poke|p2|Infernape, M|
|poke|p2|Gardevoir, F|
|poke|p2|Tinkaton, F|
|poke|p2|Iron Valiant|
|poke|p2|Inteleon, M|
|poke|p2|Tornadus, M|
|teampreview
|
|t:|1779630466
|teamsize|p1|6
|teamsize|p2|6
|start
|switch|p1a: Gliscor|Gliscor, F|100/100
|switch|p2a: Inteleon|Inteleon, M|100/100
|turn|1
|inactive|Battle timer is ON: inactive players will automatically lose when time's up. (requested by Khgtnd)
|
|t:|1779630475
|move|p2a: Inteleon|Metronome|p2a: Inteleon
|move|p2a: Inteleon|Wrap|p1a: Gliscor|[from] move: Metronome
|-damage|p1a: Gliscor|98/100
|-activate|p1a: Gliscor|move: Wrap|[of] p2a: Inteleon
|move|p1a: Gliscor|Brick Break|p2a: Inteleon
|-damage|p2a: Inteleon|44/100
|
|-damage|p1a: Gliscor|86/100|[from] move: Wrap|[partiallytrapped]
|upkeep
|turn|2
|
|t:|1779630486
|move|p2a: Inteleon|Metronome|p2a: Inteleon
|move|p2a: Inteleon|Quiver Dance|p2a: Inteleon|[from] move: Metronome
|-boost|p2a: Inteleon|spa|1
|-boost|p2a: Inteleon|spd|1
|-boost|p2a: Inteleon|spe|1
|move|p1a: Gliscor|Brick Break|p2a: Inteleon
|-damage|p2a: Inteleon|0 fnt
|faint|p2a: Inteleon
|
|-end|p1a: Gliscor|Wrap|[partiallytrapped]|[silent]
|upkeep
|
|t:|1779630504
|switch|p2a: Tornadus|Tornadus, M|100/100
|turn|3
|
|t:|1779630512
|-activate|p2a: Tornadus|move: Struggle
|move|p2a: Tornadus|Struggle|p1a: Gliscor
|-damage|p1a: Gliscor|73/100
|-damage|p2a: Tornadus|75/100|[from] recoil
|move|p1a: Gliscor|Brick Break|p2a: Tornadus
|-resisted|p2a: Tornadus
|-damage|p2a: Tornadus|52/100
|
|upkeep
|turn|4
|
|t:|1779630521
|-activate|p2a: Tornadus|move: Struggle
|move|p2a: Tornadus|Struggle|p1a: Gliscor
|-crit|p1a: Gliscor
|-damage|p1a: Gliscor|52/100
|-damage|p2a: Tornadus|27/100|[from] recoil
|move|p1a: Gliscor|Brick Break|p2a: Tornadus
|-resisted|p2a: Tornadus
|-damage|p2a: Tornadus|4/100
|
|upkeep
|turn|5
|
|t:|1779630531
|-activate|p2a: Tornadus|move: Struggle
|move|p2a: Tornadus|Struggle|p1a: Gliscor
|-damage|p1a: Gliscor|38/100
|-damage|p2a: Tornadus|0 fnt|[from] recoil
|faint|p2a: Tornadus
|move|p1a: Gliscor|Brick Break|p2: Tornadus|[notarget]
|-fail|p1a: Gliscor
|
|upkeep
|
|t:|1779630540
|switch|p2a: Infernape|Infernape, M|100/100
|turn|6
|
|t:|1779630544
|switch|p1a: Lapras|Lapras, F|100/100
|move|p2a: Infernape|Metronome|p2a: Infernape
|move|p2a: Infernape|Double Kick|p1a: Lapras|[from] move: Metronome
|-supereffective|p1a: Lapras
|-damage|p1a: Lapras|81/100
|-supereffective|p1a: Lapras
|-damage|p1a: Lapras|58/100
|-hitcount|p1a: Lapras|2
|
|upkeep
|turn|7
|
|t:|1779630555
|move|p2a: Infernape|Metronome|p2a: Infernape
|move|p2a: Infernape|Heal Bell||[from] move: Metronome|[still]
|-activate|p2a: Infernape|move: Heal Bell
|-fail|p2a: Infernape
|move|p1a: Lapras|Blizzard|p2a: Infernape
|-resisted|p2a: Infernape
|-damage|p2a: Infernape|71/100
|
|upkeep
|turn|8
|
|t:|1779630567
|switch|p1a: Dondozo|Dondozo, F|100/100
|-item|p1a: Dondozo|Air Balloon
|move|p2a: Infernape|Metronome|p2a: Infernape
|move|p2a: Infernape|Psyblade|p1a: Dondozo|[from] move: Metronome
|-damage|p1a: Dondozo|86/100
|-enditem|p1a: Dondozo|Air Balloon
|
|upkeep
|turn|9
|
|t:|1779630577
|move|p2a: Infernape|Metronome|p2a: Infernape
|move|p2a: Infernape|Nuzzle|p1a: Dondozo|[from] move: Metronome
|-supereffective|p1a: Dondozo
|-damage|p1a: Dondozo|80/100
|-status|p1a: Dondozo|par
|move|p1a: Dondozo|Chilling Water|p2a: Infernape
|-supereffective|p2a: Infernape
|-damage|p2a: Infernape|25/100
|-unboost|p2a: Infernape|atk|1
|
|upkeep
|turn|10
|
|t:|1779630591
|-terastallize|p1a: Dondozo|Water
|move|p2a: Infernape|Metronome|p2a: Infernape
|move|p2a: Infernape|X-Scissor|p1a: Dondozo|[from] move: Metronome
|-damage|p1a: Dondozo|71/100 par
|move|p1a: Dondozo|Chilling Water|p2a: Infernape
|-supereffective|p2a: Infernape
|-damage|p2a: Infernape|0 fnt
|faint|p2a: Infernape
|
|upkeep
|
|t:|1779630605
|switch|p2a: Tinkaton|Tinkaton, F|100/100
|-ability|p2a: Tinkaton|Mold Breaker
|turn|11
|
|t:|1779630613
|switch|p1a: Lycanroc|Lycanroc-Midnight, M|100/100
|-terastallize|p2a: Tinkaton|Fairy
|move|p2a: Tinkaton|Metronome|p2a: Tinkaton
|move|p2a: Tinkaton|Leech Life|p1a: Lycanroc|[from] move: Metronome
|-damage|p1a: Lycanroc|70/100
|
|upkeep
|turn|12
|
|t:|1779630626
|move|p2a: Tinkaton|Metronome|p2a: Tinkaton
|move|p2a: Tinkaton|Spirit Shackle|p1a: Lycanroc|[from] move: Metronome
|-damage|p1a: Lycanroc|35/100
|-activate|p1a: Lycanroc|trapped
|move|p1a: Lycanroc|Crunch|p2a: Tinkaton
|-resisted|p2a: Tinkaton
|-damage|p2a: Tinkaton|74/100
|-unboost|p2a: Tinkaton|def|1
|
|upkeep
|turn|13
|
|t:|1779630645
|move|p2a: Tinkaton|Metronome|p2a: Tinkaton
|move|p2a: Tinkaton|Night Slash|p1a: Lycanroc|[from] move: Metronome
|-damage|p1a: Lycanroc|6/100
|move|p1a: Lycanroc|Crunch|p2a: Tinkaton
|-resisted|p2a: Tinkaton
|-damage|p2a: Tinkaton|37/100
|
|upkeep
|turn|14
|
|t:|1779630654
|move|p2a: Tinkaton|Metronome|p2a: Tinkaton
|move|p2a: Tinkaton|Lunar Dance|p2a: Tinkaton|[from] move: Metronome
|faint|p2a: Tinkaton
|move|p1a: Lycanroc|Crunch|p2: Tinkaton|[notarget]
|-fail|p1a: Lycanroc
|
|upkeep
|
|t:|1779630661
|switch|p2a: Gardevoir|Gardevoir, F, shiny|100/100
|-ability|p2a: Gardevoir|Keen Eye|Trace|[from] ability: Trace|[of] p1a: Lycanroc
|turn|15
|
|t:|1779630671
|move|p2a: Gardevoir|Metronome|p2a: Gardevoir
|move|p2a: Gardevoir|Shock Wave|p1a: Lycanroc|[from] move: Metronome
|-damage|p1a: Lycanroc|0 fnt
|faint|p1a: Lycanroc
|
|upkeep
|
|t:|1779630680
|switch|p1a: Pikachu|Pikachu, F|100/100
|turn|16
|
|t:|1779630685
|move|p2a: Gardevoir|Metronome|p2a: Gardevoir
|move|p2a: Gardevoir|Dark Void|p1a: Pikachu|[from] move: Metronome
|-fail|p2a: Gardevoir|move: Dark Void
|-hint|Only a Pokemon whose form is Darkrai can use this move.
|move|p1a: Pikachu|Draining Kiss|p2a: Gardevoir
|-damage|p2a: Gardevoir|94/100
|
|upkeep
|turn|17
|
|t:|1779630695
|move|p2a: Gardevoir|Metronome|p2a: Gardevoir
|move|p2a: Gardevoir|Bullet Seed|p1a: Pikachu|[from] move: Metronome
|-damage|p1a: Pikachu|87/100
|-damage|p1a: Pikachu|74/100
|-damage|p1a: Pikachu|62/100
|-crit|p1a: Pikachu
|-damage|p1a: Pikachu|42/100
|-hitcount|p1a: Pikachu|4
|move|p1a: Pikachu|Draining Kiss|p2a: Gardevoir
|-damage|p2a: Gardevoir|86/100
|-heal|p1a: Pikachu|48/100|[from] drain|[of] p2a: Gardevoir
|
|upkeep
|turn|18
|
|t:|1779630709
|switch|p1a: Lapras|Lapras, F|58/100
|move|p2a: Gardevoir|Metronome|p2a: Gardevoir
|move|p2a: Gardevoir|Psychic|p1a: Lapras|[from] move: Metronome
|-damage|p1a: Lapras|20/100
|-unboost|p1a: Lapras|spd|1
|
|upkeep
|turn|19
|
|t:|1779630719
|move|p2a: Gardevoir|Metronome|p2a: Gardevoir
|move|p2a: Gardevoir|Mist|p2a: Gardevoir|[from] move: Metronome
|-sidestart|p2: Khgtnd|Mist
|move|p1a: Lapras|Curse|p1a: Lapras
|-unboost|p1a: Lapras|spe|1
|-boost|p1a: Lapras|atk|1
|-boost|p1a: Lapras|def|1
|
|upkeep
|turn|20
|
|t:|1779630728
|move|p2a: Gardevoir|Metronome|p2a: Gardevoir
|move|p2a: Gardevoir|Fire Fang|p1a: Lapras|[from] move: Metronome
|-damage|p1a: Lapras|12/100
|cant|p1a: Lapras|flinch
|
|upkeep
|turn|21
|
|t:|1779630738
|switch|p1a: Dondozo|Dondozo, F, tera:Water|71/100 par
|move|p2a: Gardevoir|Metronome|p2a: Gardevoir
|move|p2a: Gardevoir|Metal Sound|p1a: Dondozo|[from] move: Metronome
|-unboost|p1a: Dondozo|spd|2
|
|upkeep
|turn|22
|
|t:|1779630748
|move|p2a: Gardevoir|Metronome|p2a: Gardevoir
|move|p2a: Gardevoir|Tail Glow|p2a: Gardevoir|[from] move: Metronome
|-boost|p2a: Gardevoir|spa|3
|move|p1a: Dondozo|Avalanche|p2a: Gardevoir
|-damage|p2a: Gardevoir|59/100
|
|upkeep
|turn|23
|
|t:|1779630757
|move|p2a: Gardevoir|Metronome|p2a: Gardevoir
|move|p2a: Gardevoir|Psyshield Bash|p1a: Dondozo|[from] move: Metronome
|-damage|p1a: Dondozo|57/100 par
|-boost|p2a: Gardevoir|def|1
|move|p1a: Dondozo|Avalanche|p2a: Gardevoir
|-damage|p2a: Gardevoir|20/100
|
|-sideend|p2: Khgtnd|Mist
|upkeep
|turn|24
|
|t:|1779630767
|move|p2a: Gardevoir|Metronome|p2a: Gardevoir
|move|p2a: Gardevoir|High Jump Kick|p1a: Dondozo|[from] move: Metronome
|-damage|p1a: Dondozo|41/100 par
|move|p1a: Dondozo|Avalanche|p2a: Gardevoir
|-damage|p2a: Gardevoir|0 fnt
|faint|p2a: Gardevoir
|
|upkeep
|
|t:|1779630777
|switch|p2a: Iron Valiant|Iron Valiant, shiny|100/100
|-enditem|p2a: Iron Valiant|Booster Energy
|-activate|p2a: Iron Valiant|ability: Quark Drive|[fromitem]
|-start|p2a: Iron Valiant|quarkdriveatk
|turn|25
|
|t:|1779630782
|move|p2a: Iron Valiant|Metronome|p2a: Iron Valiant
|move|p2a: Iron Valiant|Dragon Claw|p1a: Dondozo|[from] move: Metronome
|-damage|p1a: Dondozo|22/100 par
|move|p1a: Dondozo|Avalanche|p2a: Iron Valiant
|-damage|p2a: Iron Valiant|51/100
|
|upkeep
|turn|26
|
|t:|1779630799
|move|p2a: Iron Valiant|Metronome|p2a: Iron Valiant
|move|p2a: Iron Valiant|Hammer Arm|p1a: Dondozo|[from] move: Metronome
|-damage|p1a: Dondozo|0 fnt
|-unboost|p2a: Iron Valiant|spe|1
|faint|p1a: Dondozo
|
|upkeep
|
|t:|1779630809
|switch|p1a: Corviknight|Corviknight, M|100/100
|-ability|p1a: Corviknight|Pressure
|turn|27
|
|t:|1779630816
|move|p2a: Iron Valiant|Metronome|p2a: Iron Valiant
|move|p2a: Iron Valiant|Air Slash|p1a: Corviknight|[from] move: Metronome
|-resisted|p1a: Corviknight
|-damage|p1a: Corviknight|89/100
|cant|p1a: Corviknight|flinch
|
|upkeep
|turn|28
|
|t:|1779630824
|move|p2a: Iron Valiant|Metronome|p2a: Iron Valiant
|move|p2a: Iron Valiant|Infestation|p1a: Corviknight|[from] move: Metronome
|-resisted|p1a: Corviknight
|-damage|p1a: Corviknight|87/100
|-activate|p1a: Corviknight|move: Infestation|[of] p2a: Iron Valiant
|move|p1a: Corviknight|Body Slam|p2a: Iron Valiant
|-damage|p2a: Iron Valiant|5/100
|
|-damage|p1a: Corviknight|74/100|[from] move: Infestation|[partiallytrapped]
|upkeep
|turn|29
|
|t:|1779630835
|move|p2a: Iron Valiant|Metronome|p2a: Iron Valiant
|move|p2a: Iron Valiant|Worry Seed|p1a: Corviknight|[from] move: Metronome
|-ability|p1a: Corviknight|Insomnia|Pressure|[from] move: Worry Seed
|move|p1a: Corviknight|Body Slam|p2a: Iron Valiant
|-damage|p2a: Iron Valiant|0 fnt
|faint|p2a: Iron Valiant
|-end|p2a: Iron Valiant|Quark Drive|[silent]
|
|win|peidogamer01001
|raw|peidogamer01001's rating: 1000 &rarr; <strong>1040</strong><br />(+40 for winning)
|raw|Khgtnd's rating: 1000 &rarr; <strong>1000</strong><br />(+0 for losing)
|l|☆Khgtnd
|player|p2|
