|j|☆mcacma
|j|☆armando estasilla
|t:|1779720563
|gametype|singles
|player|p1|mcacma|veteran|1094
|player|p2|armando estasilla|backpacker|1169
|gen|9
|tier|[Gen 9] OU
|rated|
|rule|HP Percentage Mod: HP is shown in percentages
|rule|Endless Battle Clause: Forcing endless battles is banned
|rule|Species Clause: Limit one of each Pokémon
|rule|OHKO Clause: OHKO moves are banned
|rule|Evasion Items Clause: Evasion items are banned
|rule|Evasion Moves Clause: Evasion moves are banned
|rule|Evasion Abilities Clause: Evasion abilities are banned
|rule|Sleep Moves Clause: Sleep-inducing moves are banned
|clearpoke
|poke|p1|Gholdengo|
|poke|p1|Kingambit, F|
|poke|p1|Flygon, M|
|poke|p1|Clodsire, M|
|poke|p1|Smeargle, F|
|poke|p1|Regieleki|
|poke|p2|Staraptor, F|
|poke|p2|Ceruledge, M|
|poke|p2|Iron Treads|
|poke|p2|Weezing-Galar, M|
|poke|p2|Primarina, M|
|poke|p2|Rabsca, F|
|teampreview
|inactive|Battle timer is ON: inactive players will automatically lose when time's up. (requested by armando estasilla)
|
|t:|1779720578
|teamsize|p1|6
|teamsize|p2|6
|start
|switch|p1a: Regieleki|Regieleki|100/100
|switch|p2a: Iron Treads|Iron Treads|100/100
|-item|p1a: Regieleki|Air Balloon
|turn|1
|
|t:|1779720594
|switch|p1a: Flygon|Flygon, M|100/100
|move|p2a: Iron Treads|Rapid Spin|p1a: Flygon
|-crit|p1a: Flygon
|-damage|p1a: Flygon|70/100
|-boost|p2a: Iron Treads|spe|1
|
|upkeep
|turn|2
|
|t:|1779720609
|-end|p2a: Iron Treads|Quark Drive|[silent]
|switch|p2a: Weezing|Weezing-Galar, M|100/100
|-fieldstart|move: Misty Terrain|[from] ability: Misty Surge|[of] p2a: Weezing
|-item|p2a: Weezing|Air Balloon
|-terastallize|p1a: Flygon|Steel
|move|p1a: Flygon|Earthquake|p2a: Weezing
|-immune|p2a: Weezing
|
|upkeep
|turn|3
|
|t:|1779720630
|switch|p1a: Kingambit|Kingambit, F|100/100
|move|p2a: Weezing|Flamethrower|p1a: Kingambit
|-supereffective|p1a: Kingambit
|-damage|p1a: Kingambit|49/100
|
|upkeep
|turn|4
|
|t:|1779720639
|switch|p2a: Iron Treads|Iron Treads|100/100
|move|p1a: Kingambit|Substitute|p1a: Kingambit
|-start|p1a: Kingambit|Substitute
|-damage|p1a: Kingambit|24/100
|
|upkeep
|turn|5
|
|t:|1779720643
|move|p2a: Iron Treads|Earthquake|p1a: Kingambit
|-supereffective|p1a: Kingambit
|-end|p1a: Kingambit|Substitute
|move|p1a: Kingambit|Swords Dance|p1a: Kingambit
|-boost|p1a: Kingambit|atk|2
|
|upkeep
|turn|6
|
|t:|1779720647
|move|p1a: Kingambit|Sucker Punch|p2a: Iron Treads
|-damage|p2a: Iron Treads|9/100
|move|p2a: Iron Treads|Earthquake|p1a: Kingambit
|-supereffective|p1a: Kingambit
|-damage|p1a: Kingambit|0 fnt
|faint|p1a: Kingambit
|-end|p1a: Kingambit|fallenundefined|[silent]
|
|-fieldend|Misty Terrain
|upkeep
|
|t:|1779720652
|switch|p1a: Regieleki|Regieleki|100/100
|-item|p1a: Regieleki|Air Balloon
|turn|7
|
|t:|1779720656
|-end|p2a: Iron Treads|Quark Drive|[silent]
|switch|p2a: Weezing|Weezing-Galar, M|100/100
|-fieldstart|move: Misty Terrain|[from] ability: Misty Surge|[of] p2a: Weezing
|-item|p2a: Weezing|Air Balloon
|move|p1a: Regieleki|Rapid Spin|p2a: Weezing
|-damage|p2a: Weezing|88/100
|-boost|p1a: Regieleki|spe|1
|-enditem|p2a: Weezing|Air Balloon
|
|upkeep
|turn|8
|
|t:|1779720661
|switch|p2a: Iron Treads|Iron Treads|9/100
|move|p1a: Regieleki|Explosion|p2a: Iron Treads
|-resisted|p2a: Iron Treads
|-damage|p2a: Iron Treads|0 fnt
|faint|p1a: Regieleki
|faint|p2a: Iron Treads
|-end|p2a: Iron Treads|Quark Drive|[silent]
|
|upkeep
|
|t:|1779720670
|switch|p1a: Smeargle|Smeargle, F|100/100
|switch|p2a: Rabsca|Rabsca, F|100/100
|turn|9
|
|t:|1779720676
|move|p1a: Smeargle|Burning Bulwark|p1a: Smeargle
|-singleturn|p1a: Smeargle|move: Protect
|move|p2a: Rabsca|Revival Blessing|p2a: Rabsca
|-enditem|p2a: Rabsca|Leppa Berry|[eat]
|-activate|p2a: Rabsca|item: Leppa Berry|Revival Blessing|[consumed]
|
|t:|1779720679
|-heal|p2: Iron Treads|50/100|[from] move: Revival Blessing
|
|upkeep
|turn|10
|
|t:|1779720687
|switch|p2a: Iron Treads|Iron Treads|50/100
|move|p1a: Smeargle|No Retreat|p1a: Smeargle
|-boost|p1a: Smeargle|atk|1
|-boost|p1a: Smeargle|def|1
|-boost|p1a: Smeargle|spa|1
|-boost|p1a: Smeargle|spd|1
|-boost|p1a: Smeargle|spe|1
|-start|p1a: Smeargle|move: No Retreat
|
|upkeep
|turn|11
|
|t:|1779720697
|move|p1a: Smeargle|Burning Bulwark|p1a: Smeargle
|-singleturn|p1a: Smeargle|move: Protect
|move|p2a: Iron Treads|Earthquake|p1a: Smeargle
|-activate|p1a: Smeargle|move: Protect
|
|-fieldend|Misty Terrain
|upkeep
|turn|12
|
|t:|1779720703
|move|p1a: Smeargle|Ceaseless Edge|p2a: Iron Treads
|-crit|p2a: Iron Treads
|-damage|p2a: Iron Treads|34/100
|-sidestart|p2: armando estasilla|Spikes
|move|p2a: Iron Treads|Knock Off|p1a: Smeargle
|-damage|p1a: Smeargle|55/100
|-enditem|p1a: Smeargle|Focus Sash|[from] move: Knock Off|[of] p2a: Iron Treads
|
|upkeep
|turn|13
|
|t:|1779720708
|move|p1a: Smeargle|Ceaseless Edge|p2a: Iron Treads
|-damage|p2a: Iron Treads|24/100
|-sidestart|p2: armando estasilla|Spikes
|move|p2a: Iron Treads|Earthquake|p1a: Smeargle
|-damage|p1a: Smeargle|0 fnt
|faint|p1a: Smeargle
|
|upkeep
|
|t:|1779720714
|switch|p1a: Gholdengo|Gholdengo|100/100
|-item|p1a: Gholdengo|Air Balloon
|turn|14
|
|t:|1779720719
|move|p2a: Iron Treads|Volt Switch|p1a: Gholdengo
|-damage|p1a: Gholdengo|87/100
|-enditem|p1a: Gholdengo|Air Balloon
|
|t:|1779720724
|-end|p2a: Iron Treads|Quark Drive|[silent]
|switch|p2a: Staraptor|Staraptor, F|100/100|[from] Volt Switch
|move|p1a: Gholdengo|Focus Blast|p2a: Staraptor|[miss]
|-miss|p1a: Gholdengo|p2a: Staraptor
|
|upkeep
|turn|15
|
|t:|1779720733
|move|p2a: Staraptor|U-turn|p1a: Gholdengo
|-resisted|p1a: Gholdengo
|-damage|p1a: Gholdengo|80/100
|
|t:|1779720734
|switch|p2a: Ceruledge|Ceruledge, M|100/100|[from] U-turn
|move|p1a: Gholdengo|Thunder Wave|p2a: Ceruledge
|-status|p2a: Ceruledge|par
|
|upkeep
|turn|16
|
|t:|1779720740
|switch|p1a: Clodsire|Clodsire, M|100/100
|cant|p2a: Ceruledge|par
|
|upkeep
|turn|17
|
|t:|1779720745
|move|p2a: Ceruledge|Destiny Bond|p2a: Ceruledge
|-singlemove|p2a: Ceruledge|Destiny Bond
|move|p1a: Clodsire|Earthquake|p2a: Ceruledge
|-supereffective|p2a: Ceruledge
|-damage|p2a: Ceruledge|30/100 par
|-ability|p2a: Ceruledge|Weak Armor|boost
|-unboost|p2a: Ceruledge|def|1
|-boost|p2a: Ceruledge|spe|2
|
|upkeep
|turn|18
|
|t:|1779720749
|move|p2a: Ceruledge|Bitter Blade|p1a: Clodsire
|-damage|p1a: Clodsire|54/100
|-heal|p2a: Ceruledge|66/100 par|[from] drain|[of] p1a: Clodsire
|move|p1a: Clodsire|Earthquake|p2a: Ceruledge
|-supereffective|p2a: Ceruledge
|-damage|p2a: Ceruledge|0 fnt
|faint|p2a: Ceruledge
|
|upkeep
|
|t:|1779720758
|switch|p2a: Iron Treads|Iron Treads|24/100
|-damage|p2a: Iron Treads|7/100|[from] Spikes
|turn|19
|
|t:|1779720762
|switch|p1a: Gholdengo|Gholdengo|80/100
|move|p2a: Iron Treads|Rapid Spin|p1a: Gholdengo
|-immune|p1a: Gholdengo
|
|upkeep
|turn|20
|
|t:|1779720769
|move|p2a: Iron Treads|Earthquake|p1a: Gholdengo
|-supereffective|p1a: Gholdengo
|-damage|p1a: Gholdengo|0 fnt
|faint|p1a: Gholdengo
|
|upkeep
|
|t:|1779720776
|switch|p1a: Flygon|Flygon, M, tera:Steel|70/100
|turn|21
|
|t:|1779720780
|move|p2a: Iron Treads|Rapid Spin|p1a: Flygon
|-resisted|p1a: Flygon
|-damage|p1a: Flygon|59/100
|-boost|p2a: Iron Treads|spe|1
|-sideend|p2: armando estasilla|Spikes|[from] move: Rapid Spin|[of] p2a: Iron Treads
|move|p1a: Flygon|Earthquake|p2a: Iron Treads
|-supereffective|p2a: Iron Treads
|-damage|p2a: Iron Treads|0 fnt
|faint|p2a: Iron Treads
|-end|p2a: Iron Treads|Quark Drive|[silent]
|
|upkeep
|
|t:|1779720786
|switch|p2a: Staraptor|Staraptor, F|100/100
|turn|22
|
|t:|1779720788
|move|p2a: Staraptor|Close Combat|p1a: Flygon
|-supereffective|p1a: Flygon
|-damage|p1a: Flygon|0 fnt
|-unboost|p2a: Staraptor|def|1
|-unboost|p2a: Staraptor|spd|1
|faint|p1a: Flygon
|
|upkeep
|-message|mcacma forfeited.
|
|win|armando estasilla
|raw|mcacma's rating: 1094 &rarr; <strong>1075</strong><br />(-19 for losing)
|raw|armando estasilla's rating: 1169 &rarr; <strong>1189</strong><br />(+20 for winning)
|l|☆mcacma
|player|p1|
|l|☆armando estasilla
|player|p2|
