|raw|<div class="broadcast-blue"><strong>This battle is required to be public due to a player having a name starting with 'nfelt'.</div>
|j|☆AKAjaumzin
|j|☆NFELT3AK Akechi
|t:|1779565831
|gametype|singles
|player|p1|AKAjaumzin|1|1356
|player|p2|NFELT3AK Akechi|gardenia|1314
|gen|9
|tier|[Gen 9] OU
|rated|
|rule|HP Percentage Mod: HP is shown in percentages
|rule|Endless Battle Clause: Forcing endless battles is banned
|rule|Species Clause: Limit one of each Pokémon
|rule|OHKO Clause: OHKO moves are banned
|rule|Evasion Items Clause: Evasion items are banned
|rule|Evasion Moves Clause: Evasion moves are banned
|rule|Evasion Abilities Clause: Evasion abilities are banned
|rule|Sleep Moves Clause: Sleep-inducing moves are banned
|clearpoke
|poke|p1|Hoopa|
|poke|p1|Cinderace, F|
|poke|p1|Kyurem|
|poke|p1|Ting-Lu|
|poke|p1|Manaphy|
|poke|p1|Mandibuzz, F|
|poke|p2|Raging Bolt|
|poke|p2|Slowking-Galar, M|
|poke|p2|Meowscarada, M|
|poke|p2|Iron Moth|
|poke|p2|Corviknight, M|
|poke|p2|Great Tusk|
|teampreview
|inactive|Battle timer is ON: inactive players will automatically lose when time's up. (requested by NFELT3AK Akechi)
|inactive|AKAjaumzin also wants the timer to be on.
|
|t:|1779565846
|teamsize|p1|6
|teamsize|p2|6
|start
|switch|p1a: Cinderace|Cinderace, F|100/100
|switch|p2a: Meowscarada|Meowscarada, M, shiny|100/100
|turn|1
|
|t:|1779565851
|move|p2a: Meowscarada|Knock Off|p1a: Cinderace
|-start|p2a: Meowscarada|typechange|Dark|[from] ability: Protean
|-damage|p1a: Cinderace|7/100
|-enditem|p1a: Cinderace|Charcoal|[from] move: Knock Off|[of] p2a: Meowscarada
|move|p1a: Cinderace|U-turn|p2a: Meowscarada
|-start|p1a: Cinderace|typechange|Bug|[from] ability: Libero
|-supereffective|p2a: Meowscarada
|-damage|p2a: Meowscarada|0 fnt
|faint|p2a: Meowscarada
|
|t:|1779565858
|switch|p1a: Manaphy|Manaphy|100/100|[from] U-turn
|
|upkeep
|
|t:|1779565868
|switch|p2a: Raging Bolt|Raging Bolt|100/100
|turn|2
|
|t:|1779565875
|-terastallize|p1a: Manaphy|Poison
|move|p1a: Manaphy|Take Heart|p1a: Manaphy
|-boost|p1a: Manaphy|spa|1
|-boost|p1a: Manaphy|spd|1
|move|p2a: Raging Bolt|Dragon Pulse|p1a: Manaphy
|-damage|p1a: Manaphy|71/100
|
|-heal|p1a: Manaphy|77/100|[from] item: Leftovers
|upkeep
|turn|3
|
|t:|1779565883
|move|p1a: Manaphy|Take Heart|p1a: Manaphy
|-boost|p1a: Manaphy|spa|1
|-boost|p1a: Manaphy|spd|1
|move|p2a: Raging Bolt|Volt Switch|p1a: Manaphy
|-damage|p1a: Manaphy|57/100
|
|t:|1779565888
|-end|p2a: Raging Bolt|Protosynthesis|[silent]
|switch|p2a: Great Tusk|Great Tusk|100/100|[from] Volt Switch
|
|-heal|p1a: Manaphy|63/100|[from] item: Leftovers
|upkeep
|turn|4
|
|t:|1779565890
|move|p1a: Manaphy|Scald|p2a: Great Tusk
|-supereffective|p2a: Great Tusk
|-damage|p2a: Great Tusk|0 fnt
|faint|p2a: Great Tusk
|-end|p2a: Great Tusk|Protosynthesis|[silent]
|
|-heal|p1a: Manaphy|70/100|[from] item: Leftovers
|upkeep
|
|t:|1779565901
|switch|p2a: Corviknight|Corviknight, M|100/100
|-ability|p2a: Corviknight|Pressure
|turn|5
|
|t:|1779565905
|move|p1a: Manaphy|Scald|p2a: Corviknight
|-damage|p2a: Corviknight|47/100
|-status|p2a: Corviknight|brn
|move|p2a: Corviknight|Taunt|p1a: Manaphy
|-start|p1a: Manaphy|move: Taunt
|
|-heal|p1a: Manaphy|76/100|[from] item: Leftovers
|-damage|p2a: Corviknight|41/100 brn|[from] brn
|upkeep
|turn|6
|
|t:|1779565910
|move|p1a: Manaphy|Scald|p2a: Corviknight
|-damage|p2a: Corviknight|0 fnt
|faint|p2a: Corviknight
|
|-heal|p1a: Manaphy|82/100|[from] item: Leftovers
|upkeep
|-message|NFELT3AK Akechi forfeited.
|
|win|AKAjaumzin
|raw|AKAjaumzin's rating: 1356 &rarr; <strong>1374</strong><br />(+18 for winning)
|raw|NFELT3AK Akechi's rating: 1314 &rarr; <strong>1296</strong><br />(-18 for losing)
|l|☆NFELT3AK Akechi
|player|p2|
