|j|☆Surged up diva
|j|☆fivetomatoes
|t:|1779639614
|gametype|singles
|player|p1|Surged up diva|beauty-gen4dp|1579
|player|p2|fivetomatoes|101|1654
|gen|9
|tier|[Gen 9] OU
|rated|
|rule|HP Percentage Mod: HP is shown in percentages
|rule|Endless Battle Clause: Forcing endless battles is banned
|rule|Species Clause: Limit one of each Pokémon
|rule|OHKO Clause: OHKO moves are banned
|rule|Evasion Items Clause: Evasion items are banned
|rule|Evasion Moves Clause: Evasion moves are banned
|rule|Evasion Abilities Clause: Evasion abilities are banned
|rule|Sleep Moves Clause: Sleep-inducing moves are banned
|clearpoke
|poke|p1|Pecharunt|
|poke|p1|Gliscor, M|
|poke|p1|Corviknight, F|
|poke|p1|Darkrai|
|poke|p1|Ogerpon-Wellspring, F|
|poke|p1|Garganacl, F|
|poke|p2|Rotom-Wash|
|poke|p2|Rillaboom, M|
|poke|p2|Glimmora, M|
|poke|p2|Garganacl, F|
|poke|p2|Dragapult, F|
|poke|p2|Gholdengo|
|teampreview
|inactive|Battle timer is ON: inactive players will automatically lose when time's up. (requested by fivetomatoes)
|
|t:|1779639626
|teamsize|p1|6
|teamsize|p2|6
|start
|switch|p1a: Ogerpon|Ogerpon-Wellspring, F|100/100
|switch|p2a: Rillaboom|Rillaboom, M|100/100
|-fieldstart|move: Grassy Terrain|[from] ability: Grassy Surge|[of] p2a: Rillaboom
|turn|1
|
|t:|1779639633
|move|p1a: Ogerpon|U-turn|p2a: Rillaboom
|-supereffective|p2a: Rillaboom
|-damage|p2a: Rillaboom|49/100
|
|t:|1779639638
|switch|p1a: Corviknight|Corviknight, F|100/100|[from] U-turn
|-ability|p1a: Corviknight|Pressure
|move|p2a: Rillaboom|Knock Off|p1a: Corviknight
|-damage|p1a: Corviknight|74/100
|-damage|p2a: Rillaboom|33/100|[from] item: Rocky Helmet|[of] p1a: Corviknight
|-enditem|p1a: Corviknight|Rocky Helmet|[from] move: Knock Off|[of] p2a: Rillaboom
|-damage|p2a: Rillaboom|23/100|[from] item: Life Orb
|
|-heal|p2a: Rillaboom|29/100|[from] Grassy Terrain
|upkeep
|turn|2
|
|t:|1779639647
|switch|p2a: Glimmora|Glimmora, M|100/100
|move|p1a: Corviknight|U-turn|p2a: Glimmora
|-resisted|p2a: Glimmora
|-damage|p2a: Glimmora|95/100
|-activate|p2a: Glimmora|ability: Toxic Debris
|-sidestart|p1: Surged up diva|move: Toxic Spikes
|
|t:|1779639654
|switch|p1a: Gliscor|Gliscor, M|100/100|[from] U-turn
|
|-heal|p2a: Glimmora|100/100|[from] Grassy Terrain
|-status|p1a: Gliscor|tox|[from] item: Toxic Orb
|upkeep
|turn|3
|
|t:|1779639662
|switch|p2a: Dragapult|Dragapult, F|100/100
|move|p1a: Gliscor|Earthquake|p2a: Dragapult
|-damage|p2a: Dragapult|78/100
|
|-heal|p2a: Dragapult|84/100|[from] Grassy Terrain
|-heal|p2a: Dragapult|90/100|[from] item: Leftovers
|upkeep
|turn|4
|
|t:|1779639668
|switch|p1a: Garganacl|Garganacl, F|100/100
|move|p2a: Dragapult|Substitute|p2a: Dragapult
|-start|p2a: Dragapult|Substitute
|-damage|p2a: Dragapult|66/100
|
|-heal|p2a: Dragapult|72/100|[from] Grassy Terrain
|-heal|p2a: Dragapult|78/100|[from] item: Leftovers
|upkeep
|turn|5
|
|t:|1779639676
|move|p2a: Dragapult|Dragon Darts|p1a: Garganacl
|-damage|p1a: Garganacl|87/100
|-anim|p2a: Dragapult|Dragon Darts|p1a: Garganacl
|-damage|p1a: Garganacl|75/100
|move|p1a: Garganacl|Salt Cure|p2a: Dragapult
|-activate|p2a: Dragapult|move: Substitute|[damage]
|
|-heal|p2a: Dragapult|84/100|[from] Grassy Terrain
|-heal|p2a: Dragapult|90/100|[from] item: Leftovers
|-heal|p1a: Garganacl|81/100|[from] Grassy Terrain
|-heal|p1a: Garganacl|87/100|[from] item: Leftovers
|-fieldend|move: Grassy Terrain
|upkeep
|turn|6
|
|t:|1779639684
|move|p2a: Dragapult|Dragon Darts|p1a: Garganacl
|-damage|p1a: Garganacl|74/100
|-anim|p2a: Dragapult|Dragon Darts|p1a: Garganacl
|-damage|p1a: Garganacl|61/100
|move|p1a: Garganacl|Stealth Rock|p2a: Dragapult
|-sidestart|p2: fivetomatoes|move: Stealth Rock
|
|-heal|p2a: Dragapult|96/100|[from] item: Leftovers
|-heal|p1a: Garganacl|67/100|[from] item: Leftovers
|upkeep
|turn|7
|
|t:|1779639690
|move|p2a: Dragapult|Dragon Darts|p1a: Garganacl
|-damage|p1a: Garganacl|53/100
|-anim|p2a: Dragapult|Dragon Darts|p1a: Garganacl
|-damage|p1a: Garganacl|41/100
|move|p1a: Garganacl|Salt Cure|p2a: Dragapult
|-end|p2a: Dragapult|Substitute
|
|-heal|p2a: Dragapult|100/100|[from] item: Leftovers
|-heal|p1a: Garganacl|47/100|[from] item: Leftovers
|upkeep
|turn|8
|
|t:|1779639694
|switch|p2a: Rotom|Rotom-Wash|100/100
|-damage|p2a: Rotom|88/100|[from] Stealth Rock
|move|p1a: Garganacl|Recover|p1a: Garganacl
|-heal|p1a: Garganacl|97/100
|
|-heal|p1a: Garganacl|100/100|[from] item: Leftovers
|upkeep
|turn|9
|
|t:|1779639699
|move|p2a: Rotom|Trick|p1a: Garganacl
|-activate|p2a: Rotom|move: Trick|[of] p1a: Garganacl
|-item|p1a: Garganacl|Choice Scarf|[from] move: Trick
|-item|p2a: Rotom|Leftovers|[from] move: Trick
|move|p1a: Garganacl|Salt Cure|p2a: Rotom
|-damage|p2a: Rotom|69/100
|-start|p2a: Rotom|Salt Cure
|
|-heal|p2a: Rotom|75/100|[from] item: Leftovers
|-damage|p2a: Rotom|50/100|[from] Salt Cure
|upkeep
|turn|10
|
|t:|1779639711
|switch|p2a: Glimmora|Glimmora, M|100/100
|move|p1a: Garganacl|Salt Cure|p2a: Glimmora
|-damage|p2a: Glimmora|89/100
|-start|p2a: Glimmora|Salt Cure
|-activate|p2a: Glimmora|ability: Toxic Debris
|-sidestart|p1: Surged up diva|move: Toxic Spikes
|
|-damage|p2a: Glimmora|76/100|[from] Salt Cure
|upkeep
|turn|11
|
|t:|1779639720
|switch|p1a: Gliscor|Gliscor, M|100/100 tox
|move|p2a: Glimmora|Stealth Rock|p1a: Gliscor
|-sidestart|p1: Surged up diva|move: Stealth Rock
|
|-damage|p2a: Glimmora|64/100|[from] Salt Cure
|upkeep
|turn|12
|
|t:|1779639727
|switch|p2a: Garganacl|Garganacl, F|100/100
|-damage|p2a: Garganacl|88/100|[from] Stealth Rock
|move|p1a: Gliscor|Spikes|p2a: Garganacl
|-sidestart|p2: fivetomatoes|Spikes
|
|-heal|p2a: Garganacl|94/100|[from] item: Leftovers
|upkeep
|turn|13
|
|t:|1779639734
|switch|p1a: Pecharunt|Pecharunt|100/100
|-sideend|p1: Surged up diva|move: Toxic Spikes|[of] p1a: Pecharunt
|move|p2a: Garganacl|Curse|p2a: Garganacl
|-unboost|p2a: Garganacl|spe|1
|-boost|p2a: Garganacl|atk|1
|-boost|p2a: Garganacl|def|1
|
|-heal|p2a: Garganacl|100/100|[from] item: Leftovers
|upkeep
|turn|14
|
|t:|1779639743
|move|p1a: Pecharunt|Parting Shot|p2a: Garganacl
|-unboost|p2a: Garganacl|atk|1
|-unboost|p2a: Garganacl|spa|1
|
|t:|1779639747
|switch|p1a: Ogerpon|Ogerpon-Wellspring, F|100/100|[from] Parting Shot
|-damage|p1a: Ogerpon|88/100|[from] Stealth Rock
|move|p2a: Garganacl|Salt Cure|p1a: Ogerpon
|-damage|p1a: Ogerpon|70/100
|-start|p1a: Ogerpon|Salt Cure
|
|-damage|p1a: Ogerpon|45/100|[from] Salt Cure
|upkeep
|turn|15
|
|t:|1779639758
|move|p1a: Ogerpon|U-turn|p2a: Garganacl
|-damage|p2a: Garganacl|92/100
|
|t:|1779639761
|switch|p1a: Darkrai|Darkrai|100/100|[from] U-turn
|-damage|p1a: Darkrai|88/100|[from] Stealth Rock
|move|p2a: Garganacl|Salt Cure|p1a: Darkrai
|-damage|p1a: Darkrai|71/100
|-start|p1a: Darkrai|Salt Cure
|
|-heal|p2a: Garganacl|98/100|[from] item: Leftovers
|-damage|p1a: Darkrai|58/100|[from] Salt Cure
|upkeep
|turn|16
|
|t:|1779639771
|move|p2a: Garganacl|Protect|p2a: Garganacl
|-singleturn|p2a: Garganacl|Protect
|move|p1a: Darkrai|Trick|p2a: Garganacl
|-activate|p2a: Garganacl|move: Protect
|
|-heal|p2a: Garganacl|100/100|[from] item: Leftovers
|-damage|p1a: Darkrai|46/100|[from] Salt Cure
|upkeep
|turn|17
|
|t:|1779639775
|switch|p2a: Gholdengo|Gholdengo|100/100
|-damage|p2a: Gholdengo|94/100|[from] Stealth Rock
|-damage|p2a: Gholdengo|82/100|[from] Spikes
|move|p1a: Darkrai|Trick|p2a: Gholdengo
|-immune|p2a: Gholdengo|[from] ability: Good as Gold
|
|-damage|p1a: Darkrai|33/100|[from] Salt Cure
|upkeep
|turn|18
|
|t:|1779639787
|switch|p1a: Gliscor|Gliscor, M|100/100 tox
|-damage|p1a: Gliscor|88/100 tox|[from] Stealth Rock
|move|p2a: Gholdengo|Shadow Ball|p1a: Gliscor
|-damage|p1a: Gliscor|49/100 tox
|
|-heal|p1a: Gliscor|62/100 tox|[from] ability: Poison Heal
|upkeep
|turn|19
|
|t:|1779639801
|move|p1a: Gliscor|Protect|p1a: Gliscor
|-singleturn|p1a: Gliscor|Protect
|move|p2a: Gholdengo|Shadow Ball|p1a: Gliscor
|-activate|p1a: Gliscor|move: Protect
|
|-heal|p1a: Gliscor|74/100 tox|[from] ability: Poison Heal
|upkeep
|turn|20
|
|t:|1779639807
|switch|p2a: Rotom|Rotom-Wash|50/100
|-damage|p2a: Rotom|38/100|[from] Stealth Rock
|move|p1a: Gliscor|Earthquake|p2a: Rotom
|-immune|p2a: Rotom|[from] ability: Levitate
|
|-heal|p2a: Rotom|44/100|[from] item: Leftovers
|-heal|p1a: Gliscor|87/100 tox|[from] ability: Poison Heal
|upkeep
|turn|21
|
|t:|1779639816
|move|p1a: Gliscor|Protect|p1a: Gliscor
|-singleturn|p1a: Gliscor|Protect
|move|p2a: Rotom|Will-O-Wisp|p1a: Gliscor
|-activate|p1a: Gliscor|move: Protect
|
|-heal|p2a: Rotom|50/100|[from] item: Leftovers
|-heal|p1a: Gliscor|99/100 tox|[from] ability: Poison Heal
|upkeep
|turn|22
|
|t:|1779639821
|move|p2a: Rotom|Hydro Pump|p1a: Gliscor
|-supereffective|p1a: Gliscor
|-damage|p1a: Gliscor|15/100 tox
|move|p1a: Gliscor|Toxic|p2a: Rotom
|-status|p2a: Rotom|tox
|
|-heal|p2a: Rotom|57/100 tox|[from] item: Leftovers
|-damage|p2a: Rotom|50/100 tox|[from] psn
|-heal|p1a: Gliscor|28/100 tox|[from] ability: Poison Heal
|upkeep
|turn|23
|
|t:|1779639827
|move|p1a: Gliscor|Protect|p1a: Gliscor
|-singleturn|p1a: Gliscor|Protect
|move|p2a: Rotom|Will-O-Wisp|p1a: Gliscor
|-activate|p1a: Gliscor|move: Protect
|
|-heal|p2a: Rotom|57/100 tox|[from] item: Leftovers
|-damage|p2a: Rotom|44/100 tox|[from] psn
|-heal|p1a: Gliscor|40/100 tox|[from] ability: Poison Heal
|upkeep
|turn|24
|
|t:|1779639834
|-terastallize|p1a: Gliscor|Water
|move|p2a: Rotom|Volt Switch|p1a: Gliscor
|-supereffective|p1a: Gliscor
|-damage|p1a: Gliscor|0 fnt
|faint|p1a: Gliscor
|
|t:|1779639850
|switch|p2a: Gholdengo|Gholdengo|82/100|[from] Volt Switch
|-damage|p2a: Gholdengo|76/100|[from] Stealth Rock
|-damage|p2a: Gholdengo|64/100|[from] Spikes
|
|upkeep
|
|t:|1779639865
|switch|p1a: Darkrai|Darkrai|33/100
|-damage|p1a: Darkrai|21/100|[from] Stealth Rock
|turn|25
|
|t:|1779639870
|switch|p2a: Rotom|Rotom-Wash|44/100 tox
|-damage|p2a: Rotom|32/100 tox|[from] Stealth Rock
|move|p1a: Darkrai|Dark Pulse|p2a: Rotom
|-crit|p2a: Rotom
|-damage|p2a: Rotom|0 fnt
|faint|p2a: Rotom
|
|upkeep
|
|t:|1779639877
|switch|p2a: Glimmora|Glimmora, M|64/100
|turn|26
|
|t:|1779639897
|switch|p1a: Garganacl|Garganacl, F|100/100
|-damage|p1a: Garganacl|88/100|[from] Stealth Rock
|move|p2a: Glimmora|Mortal Spin|p1a: Garganacl
|-resisted|p1a: Garganacl
|-damage|p1a: Garganacl|86/100
|-sideend|p2: fivetomatoes|Spikes|[from] move: Mortal Spin|[of] p2a: Glimmora
|-sideend|p2: fivetomatoes|Stealth Rock|[from] move: Mortal Spin|[of] p2a: Glimmora
|
|upkeep
|turn|27
|
|t:|1779639905
|move|p2a: Glimmora|Earth Power|p1a: Garganacl
|-supereffective|p1a: Garganacl
|-damage|p1a: Garganacl|50/100
|move|p1a: Garganacl|Salt Cure|p2a: Glimmora
|-damage|p2a: Glimmora|53/100
|-start|p2a: Glimmora|Salt Cure
|-activate|p2a: Glimmora|ability: Toxic Debris
|-sidestart|p1: Surged up diva|move: Toxic Spikes
|
|-damage|p2a: Glimmora|41/100|[from] Salt Cure
|upkeep
|turn|28
|
|t:|1779639912
|switch|p2a: Garganacl|Garganacl, F|100/100
|switch|p1a: Corviknight|Corviknight, F|74/100
|-damage|p1a: Corviknight|61/100|[from] Stealth Rock
|-ability|p1a: Corviknight|Pressure
|
|upkeep
|turn|29
|
|t:|1779639919
|move|p1a: Corviknight|Defog|p2a: Garganacl
|-unboost|p2a: Garganacl|evasion|1
|-sideend|p1: Surged up diva|Toxic Spikes|[from] move: Defog|[of] p1a: Corviknight
|-sideend|p1: Surged up diva|Stealth Rock|[from] move: Defog|[of] p1a: Corviknight
|move|p2a: Garganacl|Curse|p2a: Garganacl
|-unboost|p2a: Garganacl|spe|1
|-boost|p2a: Garganacl|atk|1
|-boost|p2a: Garganacl|def|1
|
|upkeep
|turn|30
|
|t:|1779639927
|move|p1a: Corviknight|Roost|p1a: Corviknight
|-heal|p1a: Corviknight|100/100
|-singleturn|p1a: Corviknight|move: Roost
|move|p2a: Garganacl|Salt Cure|p1a: Corviknight
|-resisted|p1a: Corviknight
|-damage|p1a: Corviknight|94/100
|-start|p1a: Corviknight|Salt Cure
|
|-damage|p1a: Corviknight|69/100|[from] Salt Cure
|upkeep
|turn|31
|
|t:|1779639929
|move|p1a: Corviknight|U-turn|p2a: Garganacl
|-damage|p2a: Garganacl|95/100
|
|t:|1779639933
|switch|p1a: Garganacl|Garganacl, F|50/100|[from] U-turn
|move|p2a: Garganacl|Salt Cure|p1a: Garganacl
|-damage|p1a: Garganacl|38/100
|-start|p1a: Garganacl|Salt Cure
|
|-heal|p2a: Garganacl|100/100|[from] item: Leftovers
|-damage|p1a: Garganacl|25/100|[from] Salt Cure
|upkeep
|turn|32
|
|t:|1779639935
|move|p2a: Garganacl|Protect|p2a: Garganacl
|-singleturn|p2a: Garganacl|Protect
|move|p1a: Garganacl|Recover|p1a: Garganacl
|-heal|p1a: Garganacl|75/100
|
|-damage|p1a: Garganacl|63/100|[from] Salt Cure
|upkeep
|turn|33
|
|t:|1779639942
|switch|p1a: Pecharunt|Pecharunt|100/100
|move|p2a: Garganacl|Salt Cure|p1a: Pecharunt
|-damage|p1a: Pecharunt|91/100
|-start|p1a: Pecharunt|Salt Cure
|
|-damage|p1a: Pecharunt|78/100|[from] Salt Cure
|upkeep
|turn|34
|
|t:|1779639946
|move|p1a: Pecharunt|Parting Shot|p2a: Garganacl
|-unboost|p2a: Garganacl|atk|1
|-unboost|p2a: Garganacl|spa|1
|
|t:|1779639950
|switch|p1a: Garganacl|Garganacl, F|63/100|[from] Parting Shot
|move|p2a: Garganacl|Salt Cure|p1a: Garganacl
|-damage|p1a: Garganacl|53/100
|-start|p1a: Garganacl|Salt Cure
|
|-damage|p1a: Garganacl|41/100|[from] Salt Cure
|upkeep
|turn|35
|
|t:|1779639956
|move|p1a: Garganacl|Recover|p1a: Garganacl
|-heal|p1a: Garganacl|91/100
|move|p2a: Garganacl|Curse|p2a: Garganacl
|-unboost|p2a: Garganacl|spe|1
|-boost|p2a: Garganacl|atk|1
|-boost|p2a: Garganacl|def|1
|
|-damage|p1a: Garganacl|78/100|[from] Salt Cure
|upkeep
|turn|36
|
|t:|1779639961
|switch|p1a: Pecharunt|Pecharunt|78/100
|move|p2a: Garganacl|Salt Cure|p1a: Pecharunt
|-damage|p1a: Pecharunt|68/100
|-start|p1a: Pecharunt|Salt Cure
|
|-damage|p1a: Pecharunt|56/100|[from] Salt Cure
|upkeep
|turn|37
|
|t:|1779639967
|move|p2a: Garganacl|Protect|p2a: Garganacl
|-singleturn|p2a: Garganacl|Protect
|move|p1a: Pecharunt|Parting Shot|p2a: Garganacl
|-activate|p2a: Garganacl|move: Protect
|
|-damage|p1a: Pecharunt|43/100|[from] Salt Cure
|upkeep
|turn|38
|
|t:|1779639971
|move|p1a: Pecharunt|Parting Shot|p2a: Garganacl
|-unboost|p2a: Garganacl|atk|1
|-unboost|p2a: Garganacl|spa|1
|
|t:|1779639975
|switch|p1a: Garganacl|Garganacl, F|78/100|[from] Parting Shot
|move|p2a: Garganacl|Curse|p2a: Garganacl
|-unboost|p2a: Garganacl|spe|1
|-boost|p2a: Garganacl|atk|1
|-boost|p2a: Garganacl|def|1
|
|upkeep
|turn|39
|
|t:|1779639982
|move|p2a: Garganacl|Protect|p2a: Garganacl
|-singleturn|p2a: Garganacl|Protect
|move|p1a: Garganacl|Salt Cure|p2a: Garganacl
|-activate|p2a: Garganacl|move: Protect
|
|upkeep
|turn|40
|
|t:|1779639985
|move|p1a: Garganacl|Salt Cure|p2a: Garganacl
|-damage|p2a: Garganacl|97/100
|-start|p2a: Garganacl|Salt Cure
|move|p2a: Garganacl|Salt Cure|p1a: Garganacl
|-damage|p1a: Garganacl|64/100
|-start|p1a: Garganacl|Salt Cure
|
|-heal|p2a: Garganacl|100/100|[from] item: Leftovers
|-damage|p1a: Garganacl|52/100|[from] Salt Cure
|-damage|p2a: Garganacl|88/100|[from] Salt Cure
|upkeep
|turn|41
|
|t:|1779639991
|switch|p1a: Pecharunt|Pecharunt|43/100
|move|p2a: Garganacl|Salt Cure|p1a: Pecharunt
|-damage|p1a: Pecharunt|34/100
|-start|p1a: Pecharunt|Salt Cure
|
|-heal|p2a: Garganacl|94/100|[from] item: Leftovers
|-damage|p1a: Pecharunt|21/100|[from] Salt Cure
|-damage|p2a: Garganacl|82/100|[from] Salt Cure
|upkeep
|turn|42
|
|t:|1779640000
|switch|p2a: Gholdengo|Gholdengo|64/100
|move|p1a: Pecharunt|Recover|p1a: Pecharunt
|-heal|p1a: Pecharunt|71/100
|
|-damage|p1a: Pecharunt|59/100|[from] Salt Cure
|upkeep
|turn|43
|
|t:|1779640010
|switch|p1a: Corviknight|Corviknight, F|69/100
|-ability|p1a: Corviknight|Pressure
|move|p2a: Gholdengo|Shadow Ball|p1a: Corviknight
|-damage|p1a: Corviknight|29/100
|
|upkeep
|turn|44
|
|t:|1779640020
|move|p2a: Gholdengo|Shadow Ball|p1a: Corviknight
|-damage|p1a: Corviknight|0 fnt
|faint|p1a: Corviknight
|
|upkeep
|
|t:|1779640027
|switch|p1a: Darkrai|Darkrai|21/100
|turn|45
|
|t:|1779640031
|switch|p2a: Glimmora|Glimmora, M|41/100
|move|p1a: Darkrai|Dark Pulse|p2a: Glimmora
|-damage|p2a: Glimmora|0 fnt
|faint|p2a: Glimmora
|
|upkeep
|
|t:|1779640039
|switch|p2a: Rillaboom|Rillaboom, M|29/100
|-fieldstart|move: Grassy Terrain|[from] ability: Grassy Surge|[of] p2a: Rillaboom
|turn|46
|
|t:|1779640047
|switch|p1a: Pecharunt|Pecharunt|59/100
|move|p2a: Rillaboom|Knock Off|p1a: Pecharunt
|-supereffective|p1a: Pecharunt
|-damage|p1a: Pecharunt|11/100
|-enditem|p1a: Pecharunt|Heavy-Duty Boots|[from] move: Knock Off|[of] p2a: Rillaboom
|-damage|p2a: Rillaboom|19/100|[from] item: Life Orb
|
|-heal|p1a: Pecharunt|17/100|[from] Grassy Terrain
|-heal|p2a: Rillaboom|25/100|[from] Grassy Terrain
|upkeep
|turn|47
|
|t:|1779640051
|move|p1a: Pecharunt|Recover|p1a: Pecharunt
|-heal|p1a: Pecharunt|67/100
|move|p2a: Rillaboom|U-turn|p1a: Pecharunt
|-resisted|p1a: Pecharunt
|-damage|p1a: Pecharunt|63/100
|-damage|p2a: Rillaboom|15/100|[from] item: Life Orb
|
|t:|1779640060
|switch|p2a: Gholdengo|Gholdengo|64/100|[from] U-turn
|
|-heal|p2a: Gholdengo|70/100|[from] Grassy Terrain
|-heal|p1a: Pecharunt|69/100|[from] Grassy Terrain
|upkeep
|turn|48
|
|t:|1779640068
|switch|p1a: Garganacl|Garganacl, F|52/100
|move|p2a: Gholdengo|Shadow Ball|p1a: Garganacl
|-damage|p1a: Garganacl|37/100
|
|-heal|p2a: Gholdengo|76/100|[from] Grassy Terrain
|-heal|p1a: Garganacl|44/100|[from] Grassy Terrain
|upkeep
|turn|49
|
|t:|1779640075
|switch|p2a: Garganacl|Garganacl, F|82/100
|move|p1a: Garganacl|Salt Cure|p2a: Garganacl
|-damage|p2a: Garganacl|75/100
|-start|p2a: Garganacl|Salt Cure
|
|-heal|p1a: Garganacl|50/100|[from] Grassy Terrain
|-heal|p2a: Garganacl|81/100|[from] Grassy Terrain
|-heal|p2a: Garganacl|88/100|[from] item: Leftovers
|-damage|p2a: Garganacl|75/100|[from] Salt Cure
|upkeep
|turn|50
|
|t:|1779640079
|switch|p1a: Ogerpon|Ogerpon-Wellspring, F|45/100
|move|p2a: Garganacl|Salt Cure|p1a: Ogerpon
|-damage|p1a: Ogerpon|28/100
|-start|p1a: Ogerpon|Salt Cure
|
|-heal|p1a: Ogerpon|34/100|[from] Grassy Terrain
|-heal|p2a: Garganacl|81/100|[from] Grassy Terrain
|-heal|p2a: Garganacl|88/100|[from] item: Leftovers
|-damage|p1a: Ogerpon|9/100|[from] Salt Cure
|-damage|p2a: Garganacl|75/100|[from] Salt Cure
|-fieldend|move: Grassy Terrain
|upkeep
|turn|51
|
|t:|1779640091
|switch|p1a: Garganacl|Garganacl, F|50/100
|move|p2a: Garganacl|Protect||[still]
|-fail|p2a: Garganacl
|
|-heal|p2a: Garganacl|81/100|[from] item: Leftovers
|-damage|p2a: Garganacl|69/100|[from] Salt Cure
|upkeep
|turn|52
|
|t:|1779640098
|move|p1a: Garganacl|Recover|p1a: Garganacl
|-heal|p1a: Garganacl|99/100
|move|p2a: Garganacl|Salt Cure|p1a: Garganacl
|-damage|p1a: Garganacl|91/100
|-start|p1a: Garganacl|Salt Cure
|
|-heal|p2a: Garganacl|75/100|[from] item: Leftovers
|-damage|p1a: Garganacl|78/100|[from] Salt Cure
|-damage|p2a: Garganacl|63/100|[from] Salt Cure
|upkeep
|turn|53
|
|t:|1779640102
|switch|p1a: Pecharunt|Pecharunt|69/100
|move|p2a: Garganacl|Salt Cure|p1a: Pecharunt
|-damage|p1a: Pecharunt|63/100
|-start|p1a: Pecharunt|Salt Cure
|
|-heal|p2a: Garganacl|69/100|[from] item: Leftovers
|-damage|p1a: Pecharunt|51/100|[from] Salt Cure
|-damage|p2a: Garganacl|57/100|[from] Salt Cure
|upkeep
|turn|54
|
|t:|1779640111
|switch|p2a: Dragapult|Dragapult, F|100/100
|move|p1a: Pecharunt|Recover|p1a: Pecharunt
|-heal|p1a: Pecharunt|100/100
|
|-damage|p1a: Pecharunt|88/100|[from] Salt Cure
|upkeep
|turn|55
|
|t:|1779640120
|move|p2a: Dragapult|Substitute|p2a: Dragapult
|-start|p2a: Dragapult|Substitute
|-damage|p2a: Dragapult|76/100
|move|p1a: Pecharunt|Foul Play|p2a: Dragapult
|-supereffective|p2a: Dragapult
|-end|p2a: Dragapult|Substitute
|
|-heal|p2a: Dragapult|82/100|[from] item: Leftovers
|-damage|p1a: Pecharunt|76/100|[from] Salt Cure
|upkeep
|turn|56
|
|t:|1779640128
|move|p2a: Dragapult|Substitute|p2a: Dragapult
|-start|p2a: Dragapult|Substitute
|-damage|p2a: Dragapult|57/100
|move|p1a: Pecharunt|Parting Shot|p2a: Dragapult
|-fail|p2a: Dragapult|unboost|[from] ability: Clear Body|[of] p2a: Dragapult
|
|-heal|p2a: Dragapult|63/100|[from] item: Leftovers
|-damage|p1a: Pecharunt|63/100|[from] Salt Cure
|upkeep
|turn|57
|
|t:|1779640136
|move|p2a: Dragapult|Thunder Wave|p1a: Pecharunt
|-status|p1a: Pecharunt|par
|move|p1a: Pecharunt|Foul Play|p2a: Dragapult
|-supereffective|p2a: Dragapult
|-end|p2a: Dragapult|Substitute
|
|-heal|p2a: Dragapult|69/100|[from] item: Leftovers
|-damage|p1a: Pecharunt|51/100 par|[from] Salt Cure
|upkeep
|turn|58
|
|t:|1779640143
|move|p2a: Dragapult|Hex|p1a: Pecharunt
|-supereffective|p1a: Pecharunt
|-crit|p1a: Pecharunt
|-damage|p1a: Pecharunt|0 fnt
|faint|p1a: Pecharunt
|
|-heal|p2a: Dragapult|75/100|[from] item: Leftovers
|upkeep
|
|t:|1779640146
|switch|p1a: Darkrai|Darkrai|21/100
|turn|59
|
|t:|1779640153
|switch|p2a: Rillaboom|Rillaboom, M|15/100
|-fieldstart|move: Grassy Terrain|[from] ability: Grassy Surge|[of] p2a: Rillaboom
|move|p1a: Darkrai|Dark Pulse|p2a: Rillaboom
|-damage|p2a: Rillaboom|0 fnt
|faint|p2a: Rillaboom
|
|-heal|p1a: Darkrai|27/100|[from] Grassy Terrain
|upkeep
|
|t:|1779640156
|switch|p2a: Garganacl|Garganacl, F|57/100
|turn|60
|
|t:|1779640166
|switch|p1a: Garganacl|Garganacl, F|78/100
|-terastallize|p2a: Garganacl|Dark
|move|p2a: Garganacl|Salt Cure|p1a: Garganacl
|-damage|p1a: Garganacl|69/100
|-start|p1a: Garganacl|Salt Cure
|
|-heal|p1a: Garganacl|75/100|[from] Grassy Terrain
|-heal|p2a: Garganacl|63/100|[from] Grassy Terrain
|-heal|p2a: Garganacl|69/100|[from] item: Leftovers
|-damage|p1a: Garganacl|63/100|[from] Salt Cure
|upkeep
|turn|61
|
|t:|1779640174
|move|p2a: Garganacl|Protect|p2a: Garganacl
|-singleturn|p2a: Garganacl|Protect
|move|p1a: Garganacl|Salt Cure|p2a: Garganacl
|-activate|p2a: Garganacl|move: Protect
|
|-heal|p1a: Garganacl|69/100|[from] Grassy Terrain
|-heal|p2a: Garganacl|75/100|[from] Grassy Terrain
|-heal|p2a: Garganacl|81/100|[from] item: Leftovers
|-damage|p1a: Garganacl|57/100|[from] Salt Cure
|upkeep
|turn|62
|
|t:|1779640180
|move|p1a: Garganacl|Salt Cure|p2a: Garganacl
|-damage|p2a: Garganacl|75/100
|-start|p2a: Garganacl|Salt Cure
|move|p2a: Garganacl|Curse|p2a: Garganacl
|-unboost|p2a: Garganacl|spe|1
|-boost|p2a: Garganacl|atk|1
|-boost|p2a: Garganacl|def|1
|
|-heal|p1a: Garganacl|63/100|[from] Grassy Terrain
|-heal|p2a: Garganacl|81/100|[from] Grassy Terrain
|-heal|p2a: Garganacl|87/100|[from] item: Leftovers
|-damage|p1a: Garganacl|51/100|[from] Salt Cure
|-damage|p2a: Garganacl|75/100|[from] Salt Cure
|upkeep
|turn|63
|
|t:|1779640186
|switch|p1a: Ogerpon|Ogerpon-Wellspring, F|9/100
|move|p2a: Garganacl|Salt Cure|p1a: Ogerpon
|-crit|p1a: Ogerpon
|-damage|p1a: Ogerpon|0 fnt
|faint|p1a: Ogerpon
|
|-heal|p2a: Garganacl|81/100|[from] Grassy Terrain
|-heal|p2a: Garganacl|87/100|[from] item: Leftovers
|-damage|p2a: Garganacl|75/100|[from] Salt Cure
|-fieldend|move: Grassy Terrain
|upkeep
|-message|Surged up diva forfeited.
|
|win|fivetomatoes
|raw|Surged up diva's rating: 1579 &rarr; <strong>1563</strong><br />(-16 for losing)
|raw|fivetomatoes's rating: 1654 &rarr; <strong>1670</strong><br />(+16 for winning)
|l|☆Surged up diva
|player|p1|
|l|☆fivetomatoes
|player|p2|
