|j|☆likerobocop
|j|☆DMVortex38
|t:|1779656404
|gametype|singles
|player|p1|likerobocop|leaf-masters2|1506
|player|p2|DMVortex38|169|1529
|gen|9
|tier|[Gen 9] OU
|rated|
|rule|HP Percentage Mod: HP is shown in percentages
|rule|Endless Battle Clause: Forcing endless battles is banned
|rule|Species Clause: Limit one of each Pokémon
|rule|OHKO Clause: OHKO moves are banned
|rule|Evasion Items Clause: Evasion items are banned
|rule|Evasion Moves Clause: Evasion moves are banned
|rule|Evasion Abilities Clause: Evasion abilities are banned
|rule|Sleep Moves Clause: Sleep-inducing moves are banned
|clearpoke
|poke|p1|Dragonite, F|
|poke|p1|Samurott-Hisui, F|
|poke|p1|Gholdengo|
|poke|p1|Pecharunt|
|poke|p1|Walking Wake|
|poke|p1|Ting-Lu|
|poke|p2|Haxorus, M|
|poke|p2|Slowking-Galar, M|
|poke|p2|Moltres|
|poke|p2|Iron Treads|
|poke|p2|Iron Valiant|
|poke|p2|Zamazenta-*|
|teampreview
|inactive|Battle timer is ON: inactive players will automatically lose when time's up. (requested by likerobocop)
|
|t:|1779656446
|teamsize|p1|6
|teamsize|p2|6
|start
|switch|p1a: Walking Wake|Walking Wake|100/100
|switch|p2a: Haxserious|Haxorus, M|100/100
|-ability|p2a: Haxserious|Mold Breaker
|turn|1
|
|t:|1779656468
|switch|p2a: Slowking|Slowking-Galar, M|100/100
|move|p1a: Walking Wake|Draco Meteor|p2a: Slowking
|-damage|p2a: Slowking|60/100
|-unboost|p1a: Walking Wake|spa|2
|
|upkeep
|turn|2
|
|t:|1779656493
|move|p1a: Walking Wake|Knock Off|p2a: Slowking
|-supereffective|p2a: Slowking
|-damage|p2a: Slowking|23/100
|-enditem|p2a: Slowking|Heavy-Duty Boots|[from] move: Knock Off|[of] p1a: Walking Wake
|-prepare|p2a: Slowking|Chilly Reception|[premajor]
|move|p2a: Slowking|Chilly Reception|p2a: Slowking
|-weather|Snowscape
|inactive|DMVortex38 has 120 seconds left.
|
|t:|1779656525
|switch|p2a: Iron Valiant|Iron Valiant|100/100|[from] Chilly Reception
|-enditem|p2a: Iron Valiant|Booster Energy
|-activate|p2a: Iron Valiant|ability: Quark Drive|[fromitem]
|-start|p2a: Iron Valiant|quarkdrivespe
|
|-weather|Snowscape|[upkeep]
|upkeep
|turn|3
|
|t:|1779656535
|-end|p1a: Walking Wake|Protosynthesis|[silent]
|switch|p1a: Gholdengo|Gholdengo|100/100
|move|p2a: Iron Valiant|Calm Mind|p2a: Iron Valiant
|-boost|p2a: Iron Valiant|spa|1
|-boost|p2a: Iron Valiant|spd|1
|
|-weather|Snowscape|[upkeep]
|upkeep
|turn|4
|inactive|DMVortex38 has 120 seconds left.
|
|t:|1779656541
|-terastallize|p2a: Iron Valiant|Ghost
|move|p2a: Iron Valiant|Shadow Ball|p1a: Gholdengo
|-supereffective|p1a: Gholdengo
|-damage|p1a: Gholdengo|0 fnt
|faint|p1a: Gholdengo
|
|-weather|Snowscape|[upkeep]
|upkeep
|
|t:|1779656560
|switch|p1a: Samurott|Samurott-Hisui, F|100/100
|turn|5
|
|t:|1779656564
|-terastallize|p1a: Samurott|Poison
|move|p2a: Iron Valiant|Moonblast|p1a: Samurott
|-resisted|p1a: Samurott
|-damage|p1a: Samurott|78/100
|move|p1a: Samurott|Ceaseless Edge|p2a: Iron Valiant
|-supereffective|p2a: Iron Valiant
|-damage|p2a: Iron Valiant|0 fnt
|-sidestart|p2: DMVortex38|Spikes
|faint|p2a: Iron Valiant
|-end|p2a: Iron Valiant|Quark Drive|[silent]
|
|-weather|Snowscape|[upkeep]
|upkeep
|
|t:|1779656570
|switch|p2a: Iron Treads|Iron Treads|100/100
|-damage|p2a: Iron Treads|88/100|[from] Spikes
|turn|6
|
|t:|1779656579
|switch|p1a: Walking Wake|Walking Wake|100/100
|move|p2a: Iron Treads|Rapid Spin|p1a: Walking Wake
|-damage|p1a: Walking Wake|84/100
|-boost|p2a: Iron Treads|spe|1
|-sideend|p2: DMVortex38|Spikes|[from] move: Rapid Spin|[of] p2a: Iron Treads
|
|-weather|none
|-heal|p2a: Iron Treads|94/100|[from] item: Leftovers
|upkeep
|turn|7
|
|t:|1779656589
|move|p2a: Iron Treads|Stealth Rock|p1a: Walking Wake
|-sidestart|p1: likerobocop|move: Stealth Rock
|move|p1a: Walking Wake|Surf|p2a: Iron Treads
|-supereffective|p2a: Iron Treads
|-damage|p2a: Iron Treads|0 fnt
|faint|p2a: Iron Treads
|-end|p2a: Iron Treads|Quark Drive|[silent]
|
|upkeep
|
|t:|1779656596
|switch|p2a: Slowking|Slowking-Galar, M|57/100
|turn|8
|inactive|likerobocop has 120 seconds left.
|
|t:|1779656641
|move|p1a: Walking Wake|Flip Turn|p2a: Slowking
|-damage|p2a: Slowking|38/100
|
|t:|1779656643
|-end|p1a: Walking Wake|Protosynthesis|[silent]
|switch|p1a: Samurott|Samurott-Hisui, F, tera:Poison|78/100|[from] Flip Turn
|-damage|p1a: Samurott|66/100|[from] Stealth Rock
|move|p2a: Slowking|Thunder Wave|p1a: Samurott
|-status|p1a: Samurott|par
|
|upkeep
|turn|9
|
|t:|1779656649
|switch|p2a: Moltres|Moltres|100/100
|cant|p1a: Samurott|par
|
|upkeep
|turn|10
|
|t:|1779656655
|move|p1a: Samurott|Knock Off|p2a: Moltres
|-damage|p2a: Moltres|74/100
|-enditem|p2a: Moltres|Heavy-Duty Boots|[from] move: Knock Off|[of] p1a: Samurott
|move|p2a: Moltres|Roar|p1a: Samurott
|drag|p1a: Dragonite|Dragonite, F|100/100
|
|upkeep
|turn|11
|
|t:|1779656663
|switch|p1a: Ting-Lu|Ting-Lu|100/100
|-damage|p1a: Ting-Lu|94/100|[from] Stealth Rock
|-ability|p1a: Ting-Lu|Vessel of Ruin
|move|p2a: Moltres|Flamethrower|p1a: Ting-Lu
|-crit|p1a: Ting-Lu
|-damage|p1a: Ting-Lu|70/100
|
|-heal|p1a: Ting-Lu|76/100|[from] item: Leftovers
|upkeep
|turn|12
|
|t:|1779656672
|switch|p2a: Haxserious|Haxorus, M|100/100
|-ability|p2a: Haxserious|Mold Breaker
|move|p1a: Ting-Lu|Stealth Rock|p2a: Haxserious
|-sidestart|p2: DMVortex38|move: Stealth Rock
|
|-heal|p1a: Ting-Lu|82/100|[from] item: Leftovers
|upkeep
|turn|13
|
|t:|1779656681
|switch|p1a: Pecharunt|Pecharunt|100/100
|move|p2a: Haxserious|Close Combat|p1a: Pecharunt
|-immune|p1a: Pecharunt
|
|upkeep
|turn|14
|
|t:|1779656686
|switch|p2a: Slowking|Slowking-Galar, M|72/100
|-damage|p2a: Slowking|59/100|[from] Stealth Rock
|move|p1a: Pecharunt|Malignant Chain|p2a: Slowking
|-resisted|p2a: Slowking
|-damage|p2a: Slowking|49/100
|
|upkeep
|turn|15
|
|t:|1779656694
|switch|p1a: Samurott|Samurott-Hisui, F, tera:Poison|66/100 par
|-damage|p1a: Samurott|53/100 par|[from] Stealth Rock
|move|p2a: Slowking|Future Sight|p1a: Samurott
|-start|p2a: Slowking|move: Future Sight
|
|upkeep
|turn|16
|
|t:|1779656699
|switch|p2a: Moltres|Moltres|74/100
|-damage|p2a: Moltres|24/100|[from] Stealth Rock
|move|p1a: Samurott|Ceaseless Edge|p2a: Moltres
|-damage|p2a: Moltres|0 fnt
|-sidestart|p2: DMVortex38|Spikes
|faint|p2a: Moltres
|
|upkeep
|
|t:|1779656709
|switch|p2a: Haxserious|Haxorus, M|100/100
|-damage|p2a: Haxserious|88/100|[from] Stealth Rock
|-damage|p2a: Haxserious|76/100|[from] Spikes
|-ability|p2a: Haxserious|Mold Breaker
|turn|17
|
|t:|1779656716
|move|p1a: Samurott|Sucker Punch|p2a: Haxserious
|-damage|p2a: Haxserious|38/100
|move|p2a: Haxserious|Outrage|p1a: Samurott
|-damage|p1a: Samurott|0 fnt
|faint|p1a: Samurott
|
|-hint|Future Sight did not hit because the target is fainted.
|upkeep
|
|t:|1779656733
|switch|p1a: Walking Wake|Walking Wake|84/100
|turn|18
|
|t:|1779656749
|move|p1a: Walking Wake|Draco Meteor|p2a: Haxserious
|-supereffective|p2a: Haxserious
|-damage|p2a: Haxserious|0 fnt
|-unboost|p1a: Walking Wake|spa|2
|faint|p2a: Haxserious
|
|upkeep
|
|t:|1779656756
|switch|p2a: Zamazenta|Zamazenta|100/100
|-damage|p2a: Zamazenta|94/100|[from] Stealth Rock
|-damage|p2a: Zamazenta|82/100|[from] Spikes
|-ability|p2a: Zamazenta|Dauntless Shield|boost
|-boost|p2a: Zamazenta|def|1
|turn|19
|
|t:|1779656772
|-end|p1a: Walking Wake|Protosynthesis|[silent]
|switch|p1a: Pecharunt|Pecharunt|100/100
|move|p2a: Zamazenta|Crunch|p1a: Pecharunt
|-supereffective|p1a: Pecharunt
|-damage|p1a: Pecharunt|76/100
|
|-heal|p2a: Zamazenta|88/100|[from] item: Leftovers
|upkeep
|turn|20
|
|t:|1779656783
|switch|p2a: Slowking|Slowking-Galar, M|83/100
|-damage|p2a: Slowking|70/100|[from] Stealth Rock
|-damage|p2a: Slowking|58/100|[from] Spikes
|move|p1a: Pecharunt|Shadow Ball|p2a: Slowking
|-supereffective|p2a: Slowking
|-damage|p2a: Slowking|25/100
|-unboost|p2a: Slowking|spd|1
|
|upkeep
|turn|21
|
|t:|1779656793
|move|p1a: Pecharunt|Shadow Ball|p2a: Slowking
|-supereffective|p2a: Slowking
|-damage|p2a: Slowking|0 fnt
|faint|p2a: Slowking
|
|upkeep
|
|t:|1779656796
|switch|p2a: Zamazenta|Zamazenta|88/100
|-damage|p2a: Zamazenta|82/100|[from] Stealth Rock
|-damage|p2a: Zamazenta|70/100|[from] Spikes
|turn|22
|
|t:|1779656814
|move|p2a: Zamazenta|Crunch|p1a: Pecharunt
|-supereffective|p1a: Pecharunt
|-damage|p1a: Pecharunt|52/100
|move|p1a: Pecharunt|Malignant Chain|p2a: Zamazenta
|-damage|p2a: Zamazenta|43/100
|-status|p2a: Zamazenta|tox
|-start|p2a: Zamazenta|confusion|[from] ability: Poison Puppeteer|[of] p1a: Pecharunt
|
|-heal|p2a: Zamazenta|49/100 tox|[from] item: Leftovers
|-damage|p2a: Zamazenta|43/100 tox|[from] psn
|upkeep
|turn|23
|-message|DMVortex38 forfeited.
|
|win|likerobocop
|raw|likerobocop's rating: 1506 &rarr; <strong>1527</strong><br />(+21 for winning)
|raw|DMVortex38's rating: 1529 &rarr; <strong>1508</strong><br />(-21 for losing)
|l|☆DMVortex38
|player|p2|
|l|☆likerobocop
|player|p1|
