|j|‽DevotedToaster
|j|☆claudechamp
|t:|1779580843
|gametype|singles
|player|p1|DevotedToaster|2|1339
|player|p2|claudechamp|101|1294
|gen|9
|tier|[Gen 9] OU
|rated|
|rule|HP Percentage Mod: HP is shown in percentages
|rule|Endless Battle Clause: Forcing endless battles is banned
|rule|Species Clause: Limit one of each Pokémon
|rule|OHKO Clause: OHKO moves are banned
|rule|Evasion Items Clause: Evasion items are banned
|rule|Evasion Moves Clause: Evasion moves are banned
|rule|Evasion Abilities Clause: Evasion abilities are banned
|rule|Sleep Moves Clause: Sleep-inducing moves are banned
|clearpoke
|poke|p1|Glimmora, M|
|poke|p1|Tyranitar, M|
|poke|p1|Conkeldurr, M|
|poke|p1|Sudowoodo, L1, M|
|poke|p1|Ceruledge, M|
|poke|p1|Hippowdon, M|
|poke|p2|Gliscor, F|
|poke|p2|Gholdengo|
|poke|p2|Zamazenta-*|
|poke|p2|Blissey, F|
|poke|p2|Skarmory, M|
|poke|p2|Pecharunt|
|teampreview
|c|☆claudechamp|hf
|inactive|Battle timer is ON: inactive players will automatically lose when time's up. (requested by claudechamp)
|
|t:|1779580861
|teamsize|p1|6
|teamsize|p2|6
|start
|switch|p1a: Ceruledge|Ceruledge, M|100/100
|switch|p2a: Skarmory|Skarmory, M|100/100
|turn|1
|
|t:|1779580883
|move|p1a: Ceruledge|Swords Dance|p1a: Ceruledge
|-boost|p1a: Ceruledge|atk|2
|move|p2a: Skarmory|Spikes|p1a: Ceruledge
|-sidestart|p1: DevotedToaster|Spikes
|
|upkeep
|turn|2
|
|t:|1779580894
|move|p1a: Ceruledge|Bitter Blade|p2a: Skarmory
|-supereffective|p2a: Skarmory
|-ability|p2a: Skarmory|Sturdy
|-damage|p2a: Skarmory|1/100
|move|p2a: Skarmory|Whirlwind|p1a: Ceruledge
|drag|p1a: Conkeldurr|Conkeldurr, M|100/100
|-damage|p1a: Conkeldurr|88/100|[from] Spikes
|
|-status|p1a: Conkeldurr|brn|[from] item: Flame Orb
|upkeep
|turn|3
|
|t:|1779580907
|move|p2a: Skarmory|Roost|p2a: Skarmory
|-heal|p2a: Skarmory|51/100
|-singleturn|p2a: Skarmory|move: Roost
|move|p1a: Conkeldurr|Ice Punch|p2a: Skarmory
|-resisted|p2a: Skarmory
|-damage|p2a: Skarmory|37/100
|
|-damage|p1a: Conkeldurr|82/100 brn|[from] brn
|upkeep
|turn|4
|
|t:|1779580915
|move|p2a: Skarmory|Roost|p2a: Skarmory
|-heal|p2a: Skarmory|87/100
|-singleturn|p2a: Skarmory|move: Roost
|move|p1a: Conkeldurr|Drain Punch|p2a: Skarmory
|-supereffective|p2a: Skarmory
|-damage|p2a: Skarmory|0 fnt
|-heal|p1a: Conkeldurr|100/100 brn|[from] drain|[of] p2a: Skarmory
|faint|p2a: Skarmory
|
|-damage|p1a: Conkeldurr|95/100 brn|[from] brn
|upkeep
|
|t:|1779580925
|switch|p2a: Gholdengo|Gholdengo|100/100
|turn|5
|
|t:|1779580932
|switch|p1a: Tyranitar|Tyranitar, M|100/100
|-damage|p1a: Tyranitar|88/100|[from] Spikes
|-weather|Sandstorm|[from] ability: Sand Stream|[of] p1a: Tyranitar
|move|p2a: Gholdengo|Hex|p1a: Tyranitar
|-resisted|p1a: Tyranitar
|-damage|p1a: Tyranitar|83/100
|
|-weather|Sandstorm|[upkeep]
|upkeep
|turn|6
|
|t:|1779580949
|switch|p2a: Zamazenta|Zamazenta|100/100
|-ability|p2a: Zamazenta|Dauntless Shield|boost
|-boost|p2a: Zamazenta|def|1
|switch|p1a: Ceruledge|Ceruledge, M|100/100
|-damage|p1a: Ceruledge|88/100|[from] Spikes
|
|-weather|Sandstorm|[upkeep]
|-damage|p2a: Zamazenta|94/100|[from] Sandstorm
|-damage|p1a: Ceruledge|82/100|[from] Sandstorm
|upkeep
|turn|7
|
|t:|1779580960
|move|p2a: Zamazenta|Crunch|p1a: Ceruledge
|-supereffective|p1a: Ceruledge
|-damage|p1a: Ceruledge|11/100
|-ability|p1a: Ceruledge|Weak Armor|boost
|-unboost|p1a: Ceruledge|def|1
|-boost|p1a: Ceruledge|spe|2
|move|p1a: Ceruledge|Swords Dance|p1a: Ceruledge
|-boost|p1a: Ceruledge|atk|2
|
|-weather|Sandstorm|[upkeep]
|-damage|p1a: Ceruledge|5/100|[from] Sandstorm
|-damage|p2a: Zamazenta|88/100|[from] Sandstorm
|upkeep
|turn|8
|
|t:|1779580977
|move|p1a: Ceruledge|Bitter Blade|p2a: Zamazenta
|-damage|p2a: Zamazenta|35/100
|-heal|p1a: Ceruledge|35/100|[from] drain|[of] p2a: Zamazenta
|move|p2a: Zamazenta|Crunch|p1a: Ceruledge
|-supereffective|p1a: Ceruledge
|-damage|p1a: Ceruledge|0 fnt
|faint|p1a: Ceruledge
|
|-weather|Sandstorm|[upkeep]
|-damage|p2a: Zamazenta|28/100|[from] Sandstorm
|upkeep
|
|t:|1779580986
|switch|p1a: Glimmora|Glimmora, M|100/100
|-damage|p1a: Glimmora|88/100|[from] Spikes
|turn|9
|
|t:|1779580996
|move|p2a: Zamazenta|Close Combat|p1a: Glimmora
|-crit|p1a: Glimmora
|-damage|p1a: Glimmora|10/100
|-unboost|p2a: Zamazenta|def|1
|-unboost|p2a: Zamazenta|spd|1
|-activate|p1a: Glimmora|ability: Toxic Debris
|-sidestart|p2: claudechamp|move: Toxic Spikes
|move|p1a: Glimmora|Mortal Spin|p2a: Zamazenta
|-damage|p2a: Zamazenta|23/100
|-status|p2a: Zamazenta|psn
|-sideend|p1: DevotedToaster|Spikes|[from] move: Mortal Spin|[of] p1a: Glimmora
|
|-weather|none
|-damage|p2a: Zamazenta|11/100 psn|[from] psn
|upkeep
|turn|10
|
|t:|1779581011
|move|p2a: Zamazenta|Close Combat|p1a: Glimmora
|-damage|p1a: Glimmora|0 fnt
|-unboost|p2a: Zamazenta|def|1
|-unboost|p2a: Zamazenta|spd|1
|-activate|p1a: Glimmora|ability: Toxic Debris
|-sidestart|p2: claudechamp|move: Toxic Spikes
|faint|p1a: Glimmora
|
|-damage|p2a: Zamazenta|0 fnt|[from] psn
|faint|p2a: Zamazenta
|upkeep
|
|t:|1779581020
|switch|p2a: Gliscor|Gliscor, F|100/100
|switch|p1a: Tyranitar|Tyranitar, M|83/100
|-weather|Sandstorm|[from] ability: Sand Stream|[of] p1a: Tyranitar
|turn|11
|
|t:|1779581023
|move|p2a: Gliscor|Protect|p2a: Gliscor
|-singleturn|p2a: Gliscor|Protect
|move|p1a: Tyranitar|Knock Off|p2a: Gliscor
|-activate|p2a: Gliscor|move: Protect
|
|-weather|Sandstorm|[upkeep]
|-status|p2a: Gliscor|tox|[from] item: Toxic Orb
|upkeep
|turn|12
|
|t:|1779581029
|switch|p1a: Conkeldurr|Conkeldurr, M|95/100 brn
|move|p2a: Gliscor|Earthquake|p1a: Conkeldurr
|-damage|p1a: Conkeldurr|70/100 brn
|
|-weather|Sandstorm|[upkeep]
|-damage|p1a: Conkeldurr|64/100 brn|[from] Sandstorm
|-damage|p1a: Conkeldurr|58/100 brn|[from] brn
|upkeep
|turn|13
|
|t:|1779581034
|move|p2a: Gliscor|Protect|p2a: Gliscor
|-singleturn|p2a: Gliscor|Protect
|move|p1a: Conkeldurr|Ice Punch|p2a: Gliscor
|-activate|p2a: Gliscor|move: Protect
|
|-weather|Sandstorm|[upkeep]
|-damage|p1a: Conkeldurr|52/100 brn|[from] Sandstorm
|-damage|p1a: Conkeldurr|46/100 brn|[from] brn
|upkeep
|turn|14
|
|t:|1779581040
|switch|p2a: Pecharunt|Pecharunt|100/100
|-sideend|p2: claudechamp|move: Toxic Spikes|[of] p2a: Pecharunt
|move|p1a: Conkeldurr|Ice Punch|p2a: Pecharunt
|-damage|p2a: Pecharunt|80/100
|
|-weather|Sandstorm|[upkeep]
|-damage|p2a: Pecharunt|74/100|[from] Sandstorm
|-damage|p1a: Conkeldurr|40/100 brn|[from] Sandstorm
|-damage|p1a: Conkeldurr|34/100 brn|[from] brn
|upkeep
|turn|15
|
|t:|1779581056
|move|p2a: Pecharunt|Shadow Ball|p1a: Conkeldurr
|-damage|p1a: Conkeldurr|0 fnt
|faint|p1a: Conkeldurr
|
|-weather|none
|upkeep
|
|t:|1779581061
|switch|p1a: Tyranitar|Tyranitar, M|83/100
|-weather|Sandstorm|[from] ability: Sand Stream|[of] p1a: Tyranitar
|turn|16
|
|t:|1779581063
|move|p2a: Pecharunt|Parting Shot|p1a: Tyranitar
|-unboost|p1a: Tyranitar|atk|1
|-unboost|p1a: Tyranitar|spa|1
|
|t:|1779581066
|switch|p2a: Gliscor|Gliscor, F|100/100 tox|[from] Parting Shot
|move|p1a: Tyranitar|Knock Off|p2a: Gliscor
|-damage|p2a: Gliscor|79/100 tox
|-enditem|p2a: Gliscor|Toxic Orb|[from] move: Knock Off|[of] p1a: Tyranitar
|
|-weather|Sandstorm|[upkeep]
|-heal|p2a: Gliscor|91/100 tox|[from] ability: Poison Heal
|upkeep
|turn|17
|
|t:|1779581077
|switch|p1a: Hippowdon|Hippowdon, M|100/100
|move|p2a: Gliscor|Earthquake|p1a: Hippowdon
|-damage|p1a: Hippowdon|82/100
|
|-weather|Sandstorm|[upkeep]
|-heal|p1a: Hippowdon|88/100|[from] item: Leftovers
|-heal|p2a: Gliscor|100/100 tox|[from] ability: Poison Heal
|upkeep
|turn|18
|
|t:|1779581083
|move|p2a: Gliscor|Swords Dance|p2a: Gliscor
|-boost|p2a: Gliscor|atk|2
|move|p1a: Hippowdon|Stealth Rock|p2a: Gliscor
|-sidestart|p2: claudechamp|move: Stealth Rock
|
|-weather|Sandstorm|[upkeep]
|-heal|p1a: Hippowdon|94/100|[from] item: Leftovers
|upkeep
|turn|19
|
|t:|1779581087
|move|p2a: Gliscor|Knock Off|p1a: Hippowdon
|-damage|p1a: Hippowdon|67/100
|-enditem|p1a: Hippowdon|Leftovers|[from] move: Knock Off|[of] p2a: Gliscor
|move|p1a: Hippowdon|Whirlwind|p2a: Gliscor
|drag|p2a: Blissey|Blissey, F|100/100
|
|-weather|Sandstorm|[upkeep]
|-damage|p2a: Blissey|94/100|[from] Sandstorm
|upkeep
|turn|20
|
|t:|1779581100
|move|p2a: Blissey|Stealth Rock|p1a: Hippowdon
|-sidestart|p1: DevotedToaster|move: Stealth Rock
|move|p1a: Hippowdon|Slack Off|p1a: Hippowdon
|-heal|p1a: Hippowdon|100/100
|
|-weather|none
|upkeep
|turn|21
|
|t:|1779581107
|switch|p2a: Gliscor|Gliscor, F|100/100 tox
|-damage|p2a: Gliscor|88/100 tox|[from] Stealth Rock
|move|p1a: Hippowdon|Whirlwind|p2a: Gliscor
|drag|p2a: Gholdengo|Gholdengo|100/100
|-damage|p2a: Gholdengo|94/100|[from] Stealth Rock
|
|upkeep
|turn|22
|
|t:|1779581115
|switch|p2a: Gliscor|Gliscor, F|88/100 tox
|-damage|p2a: Gliscor|75/100 tox|[from] Stealth Rock
|move|p1a: Hippowdon|Earthquake|p2a: Gliscor
|-immune|p2a: Gliscor
|
|-heal|p2a: Gliscor|88/100 tox|[from] ability: Poison Heal
|upkeep
|turn|23
|
|t:|1779581123
|move|p2a: Gliscor|Earthquake|p1a: Hippowdon
|-damage|p1a: Hippowdon|81/100
|move|p1a: Hippowdon|Whirlwind|p2a: Gliscor
|drag|p2a: Blissey|Blissey, F|94/100
|
|upkeep
|turn|24
|
|t:|1779581135
|switch|p2a: Pecharunt|Pecharunt|74/100
|switch|p1a: Sudowoodo|Sudowoodo, L1, M|100/100
|-damage|p1a: Sudowoodo|92/100|[from] Stealth Rock
|
|upkeep
|turn|25
|
|t:|1779581138
|move|p2a: Pecharunt|Shadow Ball|p1a: Sudowoodo
|-damage|p1a: Sudowoodo|0 fnt
|faint|p1a: Sudowoodo
|
|upkeep
|
|t:|1779581142
|switch|p1a: Tyranitar|Tyranitar, M|83/100
|-damage|p1a: Tyranitar|71/100|[from] Stealth Rock
|-weather|Sandstorm|[from] ability: Sand Stream|[of] p1a: Tyranitar
|turn|26
|
|t:|1779581148
|move|p2a: Pecharunt|Toxic|p1a: Tyranitar
|-status|p1a: Tyranitar|tox
|-start|p1a: Tyranitar|confusion|[from] ability: Poison Puppeteer|[of] p2a: Pecharunt
|-activate|p1a: Tyranitar|confusion
|-damage|p1a: Tyranitar|62/100 tox|[from] confusion
|
|-weather|Sandstorm|[upkeep]
|-damage|p2a: Pecharunt|68/100|[from] Sandstorm
|-damage|p1a: Tyranitar|56/100 tox|[from] psn
|upkeep
|turn|27
|
|t:|1779581155
|move|p2a: Pecharunt|Recover|p2a: Pecharunt
|-heal|p2a: Pecharunt|100/100
|-activate|p1a: Tyranitar|confusion
|move|p1a: Tyranitar|Knock Off|p2a: Pecharunt
|-supereffective|p2a: Pecharunt
|-damage|p2a: Pecharunt|63/100
|-enditem|p2a: Pecharunt|Heavy-Duty Boots|[from] move: Knock Off|[of] p1a: Tyranitar
|
|-weather|Sandstorm|[upkeep]
|-damage|p2a: Pecharunt|57/100|[from] Sandstorm
|-damage|p1a: Tyranitar|44/100 tox|[from] psn
|upkeep
|turn|28
|-message|DevotedToaster forfeited.
|
|win|claudechamp
|raw|DevotedToaster's rating: 1339 &rarr; <strong>1319</strong><br />(-20 for losing)
|raw|claudechamp's rating: 1340 &rarr; <strong>1360</strong><br />(+20 for winning)
|l|‽DevotedToaster
|player|p1|
|c|☆claudechamp|gg
