|j|☆Junninx
|j|‽oscarguille8
|t:|1779606166
|gametype|singles
|player|p1|Junninx|169|1202
|player|p2|oscarguille8|nate|1255
|gen|9
|tier|[Gen 9] OU
|rated|
|rule|HP Percentage Mod: HP is shown in percentages
|rule|Endless Battle Clause: Forcing endless battles is banned
|rule|Species Clause: Limit one of each Pokémon
|rule|OHKO Clause: OHKO moves are banned
|rule|Evasion Items Clause: Evasion items are banned
|rule|Evasion Moves Clause: Evasion moves are banned
|rule|Evasion Abilities Clause: Evasion abilities are banned
|rule|Sleep Moves Clause: Sleep-inducing moves are banned
|clearpoke
|poke|p1|Pelipper, M|
|poke|p1|Floatzel, F|
|poke|p1|Barraskewda, M|
|poke|p1|Kilowattrel, F|
|poke|p1|Clodsire, F|
|poke|p1|Forretress, F|
|poke|p2|Garganacl, F|
|poke|p2|Dragapult, F|
|poke|p2|Rotom-Wash|
|poke|p2|Great Tusk|
|poke|p2|Kingambit, F|
|poke|p2|Kyurem|
|teampreview
|inactive|Battle timer is ON: inactive players will automatically lose when time's up. (requested by Junninx)
|inactive|oscarguille8 also wants the timer to be on.
|
|t:|1779606176
|teamsize|p1|6
|teamsize|p2|6
|start
|switch|p1a: Pelipper|Pelipper, M|100/100
|switch|p2a: Rotom|Rotom-Wash, shiny|100/100
|-weather|RainDance|[from] ability: Drizzle|[of] p1a: Pelipper
|turn|1
|
|t:|1779606197
|switch|p1a: Kilowattrel|Kilowattrel, F|100/100
|move|p2a: Rotom|Trick|p1a: Kilowattrel
|-activate|p2a: Rotom|move: Trick|[of] p1a: Kilowattrel
|-item|p1a: Kilowattrel|Choice Scarf|[from] move: Trick
|-item|p2a: Rotom|Heavy-Duty Boots|[from] move: Trick
|
|-weather|RainDance|[upkeep]
|upkeep
|turn|2
|
|t:|1779606205
|switch|p2a: Great Tusk|Great Tusk, shiny|100/100
|move|p1a: Kilowattrel|Volt Switch|p2a: Great Tusk
|-immune|p2a: Great Tusk
|
|-weather|RainDance|[upkeep]
|upkeep
|turn|3
|
|t:|1779606213
|switch|p1a: Pelipper|Pelipper, M|100/100
|move|p2a: Great Tusk|Knock Off|p1a: Pelipper
|-damage|p1a: Pelipper|77/100
|-enditem|p1a: Pelipper|Damp Rock|[from] move: Knock Off|[of] p2a: Great Tusk
|
|-weather|RainDance|[upkeep]
|upkeep
|turn|4
|
|t:|1779606224
|-end|p2a: Great Tusk|Protosynthesis|[silent]
|switch|p2a: Rotom|Rotom-Wash, shiny|100/100
|move|p1a: Pelipper|U-turn|p2a: Rotom
|-damage|p2a: Rotom|90/100
|
|t:|1779606238
|switch|p1a: Kilowattrel|Kilowattrel, F|100/100|[from] U-turn
|
|-weather|RainDance|[upkeep]
|upkeep
|turn|5
|
|t:|1779606250
|switch|p2a: Garganacl|Garganacl, F, shiny|100/100
|move|p1a: Kilowattrel|Hurricane|p2a: Garganacl
|-resisted|p2a: Garganacl
|-damage|p2a: Garganacl|85/100
|-start|p2a: Garganacl|confusion
|
|-weather|RainDance|[upkeep]
|-heal|p2a: Garganacl|91/100|[from] item: Leftovers
|upkeep
|turn|6
|
|t:|1779606267
|switch|p1a: Clodsire|Clodsire, F|100/100
|-activate|p2a: Garganacl|confusion
|move|p2a: Garganacl|Salt Cure|p1a: Clodsire
|-resisted|p1a: Clodsire
|-damage|p1a: Clodsire|92/100
|-start|p1a: Clodsire|Salt Cure
|
|-weather|RainDance|[upkeep]
|-heal|p2a: Garganacl|97/100|[from] item: Leftovers
|-heal|p1a: Clodsire|98/100|[from] item: Leftovers
|-damage|p1a: Clodsire|86/100|[from] Salt Cure
|upkeep
|turn|7
|
|t:|1779606278
|switch|p2a: Great Tusk|Great Tusk, shiny|100/100
|switch|p1a: Kilowattrel|Kilowattrel, F|100/100
|
|-weather|RainDance|[upkeep]
|upkeep
|turn|8
|
|t:|1779606294
|-end|p2a: Great Tusk|Protosynthesis|[silent]
|switch|p2a: Rotom|Rotom-Wash, shiny|90/100
|-terastallize|p1a: Kilowattrel|Water
|move|p1a: Kilowattrel|Weather Ball|p2a: Rotom
|-resisted|p2a: Rotom
|-damage|p2a: Rotom|63/100
|
|-weather|none
|upkeep
|turn|9
|
|t:|1779606313
|switch|p1a: Clodsire|Clodsire, F|86/100
|switch|p2a: Garganacl|Garganacl, F, shiny|97/100
|
|-heal|p2a: Garganacl|100/100|[from] item: Leftovers
|-heal|p1a: Clodsire|92/100|[from] item: Leftovers
|upkeep
|turn|10
|
|t:|1779606325
|-terastallize|p2a: Garganacl|Ghost
|move|p2a: Garganacl|Salt Cure|p1a: Clodsire
|-resisted|p1a: Clodsire
|-damage|p1a: Clodsire|84/100
|-start|p1a: Clodsire|Salt Cure
|move|p1a: Clodsire|Earthquake|p2a: Garganacl
|-damage|p2a: Garganacl|81/100
|
|-heal|p2a: Garganacl|87/100|[from] item: Leftovers
|-heal|p1a: Clodsire|90/100|[from] item: Leftovers
|-damage|p1a: Clodsire|78/100|[from] Salt Cure
|upkeep
|turn|11
|
|t:|1779606343
|switch|p1a: Pelipper|Pelipper, M|77/100
|-weather|RainDance|[from] ability: Drizzle|[of] p1a: Pelipper
|move|p2a: Garganacl|Salt Cure|p1a: Pelipper
|-supereffective|p1a: Pelipper
|-damage|p1a: Pelipper|56/100
|-start|p1a: Pelipper|Salt Cure
|
|-weather|RainDance|[upkeep]
|-heal|p2a: Garganacl|93/100|[from] item: Leftovers
|-damage|p1a: Pelipper|31/100|[from] Salt Cure
|upkeep
|turn|12
|-message|Junninx forfeited.
|
|win|oscarguille8
|raw|Junninx's rating: 1202 &rarr; <strong>1181</strong><br />(-21 for losing)
|raw|oscarguille8's rating: 1255 &rarr; <strong>1276</strong><br />(+21 for winning)
|l|☆Junninx
|player|p1|
|l|‽oscarguille8
|player|p2|
