|j|☆jefc
|j|☆party girl 2004
|t:|1779617331
|gametype|singles
|player|p1|jefc|169|1355
|player|p2|party girl 2004|lass-gen4dp|1346
|gen|9
|tier|[Gen 9] OU
|rated|
|rule|HP Percentage Mod: HP is shown in percentages
|rule|Endless Battle Clause: Forcing endless battles is banned
|rule|Species Clause: Limit one of each Pokémon
|rule|OHKO Clause: OHKO moves are banned
|rule|Evasion Items Clause: Evasion items are banned
|rule|Evasion Moves Clause: Evasion moves are banned
|rule|Evasion Abilities Clause: Evasion abilities are banned
|rule|Sleep Moves Clause: Sleep-inducing moves are banned
|clearpoke
|poke|p1|Cinderace, F|
|poke|p1|Volcanion|
|poke|p1|Torkoal, M|
|poke|p1|Mandibuzz, F|
|poke|p1|Great Tusk|
|poke|p1|Ting-Lu|
|poke|p2|Mew|
|poke|p2|Emboar, F|
|poke|p2|Serperior, M|
|poke|p2|Enamorus, F|
|poke|p2|Hoopa-Unbound|
|poke|p2|Kommo-o, F|
|teampreview
|inactive|Battle timer is ON: inactive players will automatically lose when time's up. (requested by party girl 2004)
|l|☆jefc
|inactive|jefc disconnected and has a minute to reconnect!
|player|p1|
|j|☆jefc
|inactive|jefc reconnected and has 135 seconds left.
|player|p1|jefc|169|
|
|t:|1779617357
|teamsize|p1|6
|teamsize|p2|6
|start
|switch|p1a: Haku|Great Tusk, shiny|100/100
|switch|p2a: 1111|Mew, shiny|100/100
|turn|1
|
|t:|1779617363
|move|p1a: Haku|Knock Off|p2a: 1111
|-supereffective|p2a: 1111
|-enditem|p2a: 1111|Colbur Berry|[eat]
|-enditem|p2a: 1111|Colbur Berry|[weaken]
|-damage|p2a: 1111|69/100
|move|p2a: 1111|Taunt|p1a: Haku
|-start|p1a: Haku|move: Taunt
|
|upkeep
|turn|2
|
|t:|1779617370
|-end|p1a: Haku|Protosynthesis|[silent]
|switch|p1a: Ting-Lu|Ting-Lu|100/100
|-ability|p1a: Ting-Lu|Vessel of Ruin
|move|p2a: 1111|Tailwind|p2a: 1111
|-sidestart|p2: party girl 2004|move: Tailwind
|
|upkeep
|turn|3
|
|t:|1779617398
|move|p2a: 1111|Taunt|p1a: Ting-Lu
|-start|p1a: Ting-Lu|move: Taunt
|cant|p1a: Ting-Lu|move: Taunt|Spikes
|
|upkeep
|turn|4
|
|t:|1779617400
|move|p2a: 1111|Spikes|p1a: Ting-Lu
|-sidestart|p1: jefc|Spikes
|move|p1a: Ting-Lu|Ruination|p2a: 1111
|-damage|p2a: 1111|35/100
|
|upkeep
|turn|5
|
|t:|1779617422
|switch|p1a: Omari P Bird|Mandibuzz, F, shiny|100/100
|move|p2a: 1111|Spikes|p1a: Omari P Bird
|-sidestart|p1: jefc|Spikes
|
|-sideend|p2: party girl 2004|move: Tailwind
|upkeep
|turn|6
|
|t:|1779617430
|move|p2a: 1111|Taunt|p1a: Omari P Bird
|-start|p1a: Omari P Bird|move: Taunt
|cant|p1a: Omari P Bird|move: Taunt|Defog
|
|upkeep
|turn|7
|
|t:|1779617452
|move|p2a: 1111|Misty Explosion|p1a: Omari P Bird
|-supereffective|p1a: Omari P Bird
|-damage|p1a: Omari P Bird|63/100
|faint|p2a: 1111
|move|p1a: Omari P Bird|Foul Play|p2: 1111|[notarget]
|-fail|p1a: Omari P Bird
|
|upkeep
|
|t:|1779617458
|switch|p2a: 3333|Serperior, M, shiny|100/100
|turn|8
|
|t:|1779617468
|switch|p1a: Torkoal|Torkoal, M, shiny|100/100
|-damage|p1a: Torkoal|84/100|[from] Spikes
|-weather|SunnyDay|[from] ability: Drought|[of] p1a: Torkoal
|move|p2a: 3333|Glare|p1a: Torkoal
|-status|p1a: Torkoal|par
|
|-weather|SunnyDay|[upkeep]
|upkeep
|turn|9
|
|t:|1779617488
|move|p2a: 3333|Taunt|p1a: Torkoal
|-start|p1a: Torkoal|move: Taunt
|move|p1a: Torkoal|Rapid Spin|p2a: 3333
|-damage|p2a: 3333|90/100
|-boost|p1a: Torkoal|spe|1
|-sideend|p1: jefc|Spikes|[from] move: Rapid Spin|[of] p1a: Torkoal
|
|-weather|SunnyDay|[upkeep]
|upkeep
|turn|10
|
|t:|1779617507
|move|p2a: 3333|Leaf Storm|p1a: Torkoal
|-resisted|p1a: Torkoal
|-damage|p1a: Torkoal|53/100 par
|-boost|p2a: 3333|spa|2
|move|p1a: Torkoal|Fire Blast|p2a: 3333
|-supereffective|p2a: 3333
|-damage|p2a: 3333|0 fnt
|faint|p2a: 3333
|
|-weather|SunnyDay|[upkeep]
|upkeep
|l|☆jefc
|inactive|jefc disconnected and has a minute to reconnect!
|player|p1|
|
|t:|1779617516
|switch|p2a: 4444|Enamorus, F|100/100
|turn|11
|j|☆jefc
|inactive|jefc reconnected and has 135 seconds left.
|player|p1|jefc|169|
|inactive|jefc has 120 seconds left.
|
|t:|1779617551
|switch|p1a: Ting-Lu|Ting-Lu|100/100
|-ability|p1a: Ting-Lu|Vessel of Ruin
|move|p2a: 4444|Tailwind|p2a: 4444
|-sidestart|p2: party girl 2004|move: Tailwind
|
|-weather|SunnyDay|[upkeep]
|upkeep
|turn|12
|inactive|jefc has 120 seconds left.
|
|t:|1779617573
|switch|p1a: Volcanion|Volcanion|100/100
|move|p2a: 4444|Moonblast|p1a: Volcanion
|-resisted|p1a: Volcanion
|-damage|p1a: Volcanion|70/100
|
|-weather|SunnyDay|[upkeep]
|upkeep
|turn|13
|inactive|jefc has 120 seconds left.
|
|t:|1779617584
|switch|p2a: 2222|Emboar, F, shiny|100/100
|move|p1a: Volcanion|Steam Eruption|p2a: 2222
|-supereffective|p2a: 2222
|-damage|p2a: 2222|0 fnt
|faint|p2a: 2222
|
|-weather|SunnyDay|[upkeep]
|upkeep
|
|t:|1779617590
|switch|p2a: 5555|Hoopa-Unbound|100/100
|turn|14
|
|t:|1779617599
|switch|p1a: Ting-Lu|Ting-Lu|100/100
|-ability|p1a: Ting-Lu|Vessel of Ruin
|move|p2a: 5555|Hyperspace Fury|p1a: Ting-Lu
|-resisted|p1a: Ting-Lu
|-damage|p1a: Ting-Lu|78/100
|-unboost|p2a: 5555|def|1
|-damage|p2a: 5555|91/100|[from] item: Life Orb
|
|-weather|SunnyDay|[upkeep]
|-heal|p1a: Ting-Lu|85/100|[from] item: Leftovers
|-sideend|p2: party girl 2004|move: Tailwind
|upkeep
|turn|15
|
|t:|1779617607
|move|p2a: 5555|Destiny Bond|p2a: 5555
|-singlemove|p2a: 5555|Destiny Bond
|move|p1a: Ting-Lu|Ruination|p2a: 5555
|-damage|p2a: 5555|46/100
|
|-weather|none
|-heal|p1a: Ting-Lu|91/100|[from] item: Leftovers
|upkeep
|turn|16
|
|t:|1779617613
|move|p2a: 5555|Drain Punch|p1a: Ting-Lu
|-supereffective|p1a: Ting-Lu
|-damage|p1a: Ting-Lu|40/100
|-heal|p2a: 5555|89/100|[from] drain|[of] p1a: Ting-Lu
|-damage|p2a: 5555|79/100|[from] item: Life Orb
|move|p1a: Ting-Lu|Spikes|p2a: 5555
|-sidestart|p2: party girl 2004|Spikes
|
|-heal|p1a: Ting-Lu|46/100|[from] item: Leftovers
|upkeep
|turn|17
|
|t:|1779617619
|move|p2a: 5555|Drain Punch|p1a: Ting-Lu
|-supereffective|p1a: Ting-Lu
|-damage|p1a: Ting-Lu|1/100
|-heal|p2a: 5555|100/100|[from] drain|[of] p1a: Ting-Lu
|-damage|p2a: 5555|91/100|[from] item: Life Orb
|move|p1a: Ting-Lu|Earthquake|p2a: 5555
|-damage|p2a: 5555|0 fnt
|faint|p2a: 5555
|
|-heal|p1a: Ting-Lu|8/100|[from] item: Leftovers
|upkeep
|
|t:|1779617626
|switch|p2a: 4444|Enamorus, F|100/100
|turn|18
|
|t:|1779617629
|move|p2a: 4444|Tailwind|p2a: 4444
|-sidestart|p2: party girl 2004|move: Tailwind
|move|p1a: Ting-Lu|Ruination|p2a: 4444
|-damage|p2a: 4444|51/100
|
|-heal|p1a: Ting-Lu|14/100|[from] item: Leftovers
|upkeep
|turn|19
|
|t:|1779617632
|move|p2a: 4444|Moonblast|p1a: Ting-Lu
|-supereffective|p1a: Ting-Lu
|-damage|p1a: Ting-Lu|0 fnt
|faint|p1a: Ting-Lu
|
|upkeep
|
|t:|1779617638
|switch|p1a: Torkoal|Torkoal, M, shiny|53/100 par
|-weather|SunnyDay|[from] ability: Drought|[of] p1a: Torkoal
|turn|20
|
|t:|1779617643
|move|p2a: 4444|Earth Power|p1a: Torkoal
|-supereffective|p1a: Torkoal
|-damage|p1a: Torkoal|0 fnt
|faint|p1a: Torkoal
|
|-weather|SunnyDay|[upkeep]
|upkeep
|
|t:|1779617657
|switch|p1a: Omari P Bird|Mandibuzz, F, shiny|63/100
|turn|21
|
|t:|1779617660
|move|p2a: 4444|Moonblast|p1a: Omari P Bird
|-supereffective|p1a: Omari P Bird
|-damage|p1a: Omari P Bird|0 fnt
|faint|p1a: Omari P Bird
|
|-weather|SunnyDay|[upkeep]
|-sideend|p2: party girl 2004|move: Tailwind
|upkeep
|
|t:|1779617663
|switch|p1a: Haku|Great Tusk, shiny|100/100
|-activate|p1a: Haku|ability: Protosynthesis
|-start|p1a: Haku|protosynthesisatk
|turn|22
|
|t:|1779617668
|move|p1a: Haku|Ice Spinner|p2a: 4444
|-supereffective|p2a: 4444
|-crit|p2a: 4444
|-damage|p2a: 4444|0 fnt
|faint|p2a: 4444
|
|-weather|SunnyDay|[upkeep]
|upkeep
|
|t:|1779617670
|switch|p2a: 6666|Kommo-o, F, shiny|100/100
|-damage|p2a: 6666|88/100|[from] Spikes
|turn|23
|
|t:|1779617673
|-terastallize|p2a: 6666|Normal
|move|p1a: Haku|Ice Spinner|p2a: 6666
|-damage|p2a: 6666|47/100
|move|p2a: 6666|Clangorous Soul|p2a: 6666
|-boost|p2a: 6666|atk|1
|-boost|p2a: 6666|def|1
|-boost|p2a: 6666|spa|1
|-boost|p2a: 6666|spd|1
|-boost|p2a: 6666|spe|1
|-damage|p2a: 6666|14/100
|-enditem|p2a: 6666|Throat Spray
|-boost|p2a: 6666|spa|1|[from] item: Throat Spray
|
|-weather|SunnyDay|[upkeep]
|upkeep
|turn|24
|
|t:|1779617684
|move|p2a: 6666|Boomburst|p1a: Haku
|-damage|p1a: Haku|0 fnt
|faint|p1a: Haku
|-end|p1a: Haku|Protosynthesis|[silent]
|
|-weather|SunnyDay|[upkeep]
|upkeep
|
|t:|1779617688
|switch|p1a: Cinderace|Cinderace, F|100/100
|turn|25
|
|t:|1779617693
|move|p1a: Cinderace|Sucker Punch|p2a: 6666
|-start|p1a: Cinderace|typechange|Dark|[from] ability: Libero
|-damage|p2a: 6666|0 fnt
|faint|p2a: 6666
|
|win|jefc
|raw|jefc's rating: 1355 &rarr; <strong>1373</strong><br />(+18 for winning)
|raw|party girl 2004's rating: 1326 &rarr; <strong>1308</strong><br />(-18 for losing)
|l|☆jefc
|player|p1|
|l|☆party girl 2004
|player|p2|
