|j|☆smokesniper3
|j|☆isaac_gam3r
|t:|1779683829
|gametype|singles
|player|p1|smokesniper3|veteran|1624
|player|p2|isaac_gam3r|acetrainer-gen4dp|1725
|gen|9
|tier|[Gen 9] OU
|rated|
|rule|HP Percentage Mod: HP is shown in percentages
|rule|Endless Battle Clause: Forcing endless battles is banned
|rule|Species Clause: Limit one of each Pokémon
|rule|OHKO Clause: OHKO moves are banned
|rule|Evasion Items Clause: Evasion items are banned
|rule|Evasion Moves Clause: Evasion moves are banned
|rule|Evasion Abilities Clause: Evasion abilities are banned
|rule|Sleep Moves Clause: Sleep-inducing moves are banned
|clearpoke
|poke|p1|Gardevoir, F|
|poke|p1|Rillaboom, F|
|poke|p1|Hawlucha, M|
|poke|p1|Iron Moth|
|poke|p1|Landorus-Therian, M|
|poke|p1|Kingambit, F|
|poke|p2|Primarina, F|
|poke|p2|Raging Bolt|
|poke|p2|Heatran, M|
|poke|p2|Weezing-Galar, M|
|poke|p2|Garchomp, M|
|poke|p2|Weavile, M|
|teampreview
|
|t:|1779683835
|teamsize|p1|6
|teamsize|p2|6
|start
|switch|p1a: Rillaboom|Rillaboom, F|100/100
|switch|p2a: Weavile|Weavile, M|100/100
|-ability|p2a: Weavile|Pressure
|-fieldstart|move: Grassy Terrain|[from] ability: Grassy Surge|[of] p1a: Rillaboom
|turn|1
|j| testingrainteam1
|inactive|Battle timer is ON: inactive players will automatically lose when time's up. (requested by isaac_gam3r)
|
|t:|1779683862
|switch|p1a: Landorus|Landorus-Therian, M|100/100
|-ability|p1a: Landorus|Intimidate|boost
|-unboost|p2a: Weavile|atk|1
|move|p2a: Weavile|Triple Axel|p1a: Landorus
|-supereffective|p1a: Landorus
|-damage|p1a: Landorus|75/100
|-damage|p2a: Weavile|84/100|[from] item: Rocky Helmet|[of] p1a: Landorus
|-supereffective|p1a: Landorus
|-damage|p1a: Landorus|21/100
|-damage|p2a: Weavile|68/100|[from] item: Rocky Helmet|[of] p1a: Landorus
|-supereffective|p1a: Landorus
|-damage|p1a: Landorus|0 fnt
|-damage|p2a: Weavile|51/100|[from] item: Rocky Helmet|[of] p1a: Landorus
|faint|p1a: Landorus
|-hitcount|p1: Landorus|3
|
|-heal|p2a: Weavile|57/100|[from] Grassy Terrain
|upkeep
|
|t:|1779683889
|switch|p1a: Rhapsodie|Gardevoir, F, shiny|100/100
|-ability|p1a: Rhapsodie|Pressure|Trace|[from] ability: Trace|[of] p2a: Weavile
|-ability|p1a: Rhapsodie|Pressure
|-enditem|p1a: Rhapsodie|Grassy Seed
|-boost|p1a: Rhapsodie|def|1|[from] item: Grassy Seed
|turn|2
|
|t:|1779683893
|switch|p2a: Heatran|Heatran, M|100/100
|move|p1a: Rhapsodie|Calm Mind|p1a: Rhapsodie
|-boost|p1a: Rhapsodie|spa|1
|-boost|p1a: Rhapsodie|spd|1
|
|upkeep
|turn|3
|
|t:|1779683914
|-terastallize|p1a: Rhapsodie|Water
|move|p1a: Rhapsodie|Calm Mind|p1a: Rhapsodie
|-boost|p1a: Rhapsodie|spa|1
|-boost|p1a: Rhapsodie|spd|1
|move|p2a: Heatran|Flash Cannon|p1a: Rhapsodie
|-resisted|p1a: Rhapsodie
|-damage|p1a: Rhapsodie|89/100
|
|-heal|p1a: Rhapsodie|95/100|[from] Grassy Terrain
|upkeep
|turn|4
|
|t:|1779683920
|move|p1a: Rhapsodie|Calm Mind|p1a: Rhapsodie
|-boost|p1a: Rhapsodie|spa|1
|-boost|p1a: Rhapsodie|spd|1
|move|p2a: Heatran|Lava Plume|p1a: Rhapsodie
|-resisted|p1a: Rhapsodie
|-damage|p1a: Rhapsodie|88/100
|-status|p1a: Rhapsodie|brn
|
|-heal|p1a: Rhapsodie|94/100 brn|[from] Grassy Terrain
|-damage|p1a: Rhapsodie|88/100 brn|[from] brn
|upkeep
|turn|5
|
|t:|1779683928
|move|p1a: Rhapsodie|Calm Mind|p1a: Rhapsodie
|-boost|p1a: Rhapsodie|spa|1
|-boost|p1a: Rhapsodie|spd|1
|move|p2a: Heatran|Flash Cannon|p1a: Rhapsodie
|-resisted|p1a: Rhapsodie
|-damage|p1a: Rhapsodie|81/100 brn
|
|-heal|p1a: Rhapsodie|87/100 brn|[from] Grassy Terrain
|-damage|p1a: Rhapsodie|81/100 brn|[from] brn
|-fieldend|move: Grassy Terrain
|upkeep
|turn|6
|
|t:|1779683943
|move|p1a: Rhapsodie|Stored Power|p2a: Heatran
|-resisted|p2a: Heatran
|-damage|p2a: Heatran|36/100
|move|p2a: Heatran|Flash Cannon|p1a: Rhapsodie
|-resisted|p1a: Rhapsodie
|-damage|p1a: Rhapsodie|73/100 brn
|
|-damage|p1a: Rhapsodie|67/100 brn|[from] brn
|upkeep
|turn|7
|
|t:|1779683947
|move|p1a: Rhapsodie|Stored Power|p2a: Heatran
|-resisted|p2a: Heatran
|-damage|p2a: Heatran|0 fnt
|faint|p2a: Heatran
|
|-damage|p1a: Rhapsodie|61/100 brn|[from] brn
|upkeep
|
|t:|1779683956
|switch|p2a: Weezing|Weezing-Galar, M, shiny|100/100
|turn|8
|
|t:|1779683963
|switch|p2a: Weavile|Weavile, M|57/100
|-ability|p2a: Weavile|Pressure
|move|p1a: Rhapsodie|Stored Power|p2a: Weavile
|-immune|p2a: Weavile
|
|-damage|p1a: Rhapsodie|55/100 brn|[from] brn
|upkeep
|turn|9
|
|t:|1779683967
|switch|p2a: Weezing|Weezing-Galar, M, shiny|100/100
|move|p1a: Rhapsodie|Draining Kiss|p2a: Weezing
|-resisted|p2a: Weezing
|-damage|p2a: Weezing|57/100
|-heal|p1a: Rhapsodie|90/100 brn|[from] drain|[of] p2a: Weezing
|
|-heal|p2a: Weezing|63/100|[from] item: Black Sludge
|-damage|p1a: Rhapsodie|84/100 brn|[from] brn
|upkeep
|turn|10
|
|t:|1779683971
|move|p1a: Rhapsodie|Draining Kiss|p2a: Weezing
|-resisted|p2a: Weezing
|-damage|p2a: Weezing|24/100
|-heal|p1a: Rhapsodie|100/100 brn|[from] drain|[of] p2a: Weezing
|move|p2a: Weezing|Pain Split|p1a: Rhapsodie
|-sethp|p1a: Rhapsodie|63/100 brn|[from] move: Pain Split|[silent]
|-sethp|p2a: Weezing|58/100|[from] move: Pain Split
|
|-heal|p2a: Weezing|64/100|[from] item: Black Sludge
|-damage|p1a: Rhapsodie|57/100 brn|[from] brn
|upkeep
|turn|11
|
|t:|1779683977
|switch|p2a: Weavile|Weavile, M|57/100
|-ability|p2a: Weavile|Pressure
|move|p1a: Rhapsodie|Draining Kiss|p2a: Weavile
|-supereffective|p2a: Weavile
|-damage|p2a: Weavile|0 fnt
|-heal|p1a: Rhapsodie|96/100 brn|[from] drain|[of] p2a: Weavile
|faint|p2a: Weavile
|
|-damage|p1a: Rhapsodie|89/100 brn|[from] brn
|upkeep
|
|t:|1779683980
|switch|p2a: Raging Bolt|Raging Bolt|100/100
|turn|12
|
|t:|1779683983
|-terastallize|p2a: Raging Bolt|Fairy
|move|p1a: Rhapsodie|Stored Power|p2a: Raging Bolt
|-damage|p2a: Raging Bolt|0 fnt
|faint|p2a: Raging Bolt
|-end|p2a: Raging Bolt|Protosynthesis|[silent]
|
|-damage|p1a: Rhapsodie|83/100 brn|[from] brn
|upkeep
|-message|isaac_gam3r forfeited.
|
|win|smokesniper3
|raw|smokesniper3's rating: 1624 &rarr; <strong>1650</strong><br />(+26 for winning)
|raw|isaac_gam3r's rating: 1725 &rarr; <strong>1699</strong><br />(-26 for losing)
|l|☆isaac_gam3r
|player|p2|
|l| testingrainteam1
|l|☆smokesniper3
|player|p1|
