|j|☆Ragged_Rag_King
|j|☆tursu suyu
|t:|1779701327
|gametype|singles
|player|p1|Ragged_Rag_King|fisherman-gen4|1061
|player|p2|tursu suyu|170|1067
|gen|9
|tier|[Gen 9] OU
|rated|
|rule|HP Percentage Mod: HP is shown in percentages
|rule|Endless Battle Clause: Forcing endless battles is banned
|rule|Species Clause: Limit one of each Pokémon
|rule|OHKO Clause: OHKO moves are banned
|rule|Evasion Items Clause: Evasion items are banned
|rule|Evasion Moves Clause: Evasion moves are banned
|rule|Evasion Abilities Clause: Evasion abilities are banned
|rule|Sleep Moves Clause: Sleep-inducing moves are banned
|clearpoke
|poke|p1|Orthworm, M|
|poke|p1|Chandelure, M|
|poke|p1|Zebstrika, M|
|poke|p1|Gastrodon-East, M|
|poke|p1|Pawmot, M|
|poke|p1|Clodsire, M|
|poke|p2|Gliscor, F|
|poke|p2|Ursaluna, F|
|poke|p2|Heatran, F|
|poke|p2|Zapdos|
|poke|p2|Rillaboom, M|
|poke|p2|Deoxys-Defense|
|teampreview
|
|t:|1779701343
|teamsize|p1|6
|teamsize|p2|6
|start
|switch|p1a: Gastrodon|Gastrodon-East, M|100/100
|switch|p2a: Gliscor|Gliscor, F, shiny|100/100
|turn|1
|
|t:|1779701355
|move|p2a: Gliscor|Substitute|p2a: Gliscor
|-start|p2a: Gliscor|Substitute
|-damage|p2a: Gliscor|76/100
|move|p1a: Gastrodon|Ice Beam|p2a: Gliscor
|-supereffective|p2a: Gliscor
|-end|p2a: Gliscor|Substitute
|
|-status|p2a: Gliscor|tox|[from] item: Toxic Orb
|upkeep
|turn|2
|
|t:|1779701364
|move|p2a: Gliscor|Protect|p2a: Gliscor
|-singleturn|p2a: Gliscor|Protect
|move|p1a: Gastrodon|Stealth Rock|p2a: Gliscor
|-sidestart|p2: tursu suyu|move: Stealth Rock
|
|-heal|p2a: Gliscor|88/100 tox|[from] ability: Poison Heal
|upkeep
|turn|3
|
|t:|1779701371
|move|p2a: Gliscor|Substitute|p2a: Gliscor
|-start|p2a: Gliscor|Substitute
|-damage|p2a: Gliscor|63/100 tox
|move|p1a: Gastrodon|Ice Beam|p2a: Gliscor
|-supereffective|p2a: Gliscor
|-end|p2a: Gliscor|Substitute
|
|-heal|p2a: Gliscor|76/100 tox|[from] ability: Poison Heal
|upkeep
|turn|4
|
|t:|1779701379
|move|p2a: Gliscor|Toxic|p1a: Gastrodon
|-status|p1a: Gastrodon|tox
|move|p1a: Gastrodon|Ice Beam|p2a: Gliscor
|-supereffective|p2a: Gliscor
|-damage|p2a: Gliscor|0 fnt
|faint|p2a: Gliscor
|
|-damage|p1a: Gastrodon|94/100 tox|[from] psn
|upkeep
|
|t:|1779701389
|switch|p2a: Rillaboom|Rillaboom, M, shiny|100/100
|-damage|p2a: Rillaboom|88/100|[from] Stealth Rock
|turn|5
|
|t:|1779701394
|switch|p1a: Zebstrika|Zebstrika, M|100/100
|move|p2a: Rillaboom|Drum Beating|p1a: Zebstrika
|-ability|p1a: Zebstrika|Sap Sipper|boost
|-boost|p1a: Zebstrika|atk|1
|
|-heal|p2a: Rillaboom|94/100|[from] item: Leftovers
|upkeep
|turn|6
|
|t:|1779701414
|switch|p2a: Ursaluna|Ursaluna, F|100/100
|-damage|p2a: Ursaluna|94/100|[from] Stealth Rock
|move|p1a: Zebstrika|Flame Charge|p2a: Ursaluna
|-damage|p2a: Ursaluna|80/100
|-boost|p1a: Zebstrika|spe|1
|
|-status|p2a: Ursaluna|brn|[from] item: Flame Orb
|upkeep
|turn|7
|
|t:|1779701428
|move|p1a: Zebstrika|High Horsepower|p2a: Ursaluna
|-damage|p2a: Ursaluna|52/100 brn
|move|p2a: Ursaluna|Bulk Up|p2a: Ursaluna
|-boost|p2a: Ursaluna|atk|1
|-boost|p2a: Ursaluna|def|1
|-enditem|p1a: Zebstrika|Mirror Herb
|-boost|p1a: Zebstrika|atk|1|[from] item: Mirror Herb
|-boost|p1a: Zebstrika|def|1|[from] item: Mirror Herb
|
|-damage|p2a: Ursaluna|46/100 brn|[from] brn
|upkeep
|turn|8
|
|t:|1779701440
|move|p1a: Zebstrika|Protect|p1a: Zebstrika
|-singleturn|p1a: Zebstrika|Protect
|move|p2a: Ursaluna|Facade|p1a: Zebstrika
|-activate|p1a: Zebstrika|move: Protect
|
|-damage|p2a: Ursaluna|40/100 brn|[from] brn
|upkeep
|turn|9
|
|t:|1779701448
|move|p1a: Zebstrika|High Horsepower|p2a: Ursaluna
|-damage|p2a: Ursaluna|16/100 brn
|move|p2a: Ursaluna|Facade|p1a: Zebstrika
|-damage|p1a: Zebstrika|0 fnt
|faint|p1a: Zebstrika
|
|-damage|p2a: Ursaluna|9/100 brn|[from] brn
|upkeep
|
|t:|1779701461
|switch|p1a: Chandelure|Chandelure, M|100/100
|turn|10
|
|t:|1779701468
|move|p1a: Chandelure|Flamethrower|p2a: Ursaluna
|-damage|p2a: Ursaluna|0 fnt
|faint|p2a: Ursaluna
|
|upkeep
|
|t:|1779701477
|switch|p2a: Zapdos|Zapdos|100/100
|-damage|p2a: Zapdos|75/100|[from] Stealth Rock
|-ability|p2a: Zapdos|Pressure
|turn|11
|
|t:|1779701485
|switch|p1a: Clodsire|Clodsire, M|100/100
|move|p2a: Zapdos|Thunderbolt|p1a: Clodsire
|-immune|p1a: Clodsire
|
|upkeep
|turn|12
|
|t:|1779701495
|switch|p2a: Deoxys|Deoxys-Defense, shiny|100/100
|-damage|p2a: Deoxys|88/100|[from] Stealth Rock
|-ability|p2a: Deoxys|Pressure
|move|p1a: Clodsire|Poison Jab|p2a: Deoxys
|-damage|p2a: Deoxys|69/100
|-status|p2a: Deoxys|psn
|-damage|p1a: Clodsire|84/100|[from] item: Rocky Helmet|[of] p2a: Deoxys
|
|-damage|p2a: Deoxys|57/100 psn|[from] psn
|upkeep
|turn|13
|
|t:|1779701511
|switch|p1a: Orthworm|Orthworm, M|100/100
|move|p2a: Deoxys|Psychic|p1a: Orthworm
|-resisted|p1a: Orthworm
|-damage|p1a: Orthworm|81/100
|
|-heal|p1a: Orthworm|87/100|[from] item: Leftovers
|-damage|p2a: Deoxys|44/100 psn|[from] psn
|upkeep
|turn|14
|-message|tursu suyu forfeited.
|
|win|Ragged_Rag_King
|raw|Ragged_Rag_King's rating: 1061 &rarr; <strong>1092</strong><br />(+31 for winning)
|raw|tursu suyu's rating: 1067 &rarr; <strong>1047</strong><br />(-20 for losing)
|l|☆tursu suyu
|player|p2|
|l|☆Ragged_Rag_King
|player|p1|
