|j|☆uminini
|j|☆pokecutieismyname
|t:|1779617849
|gametype|singles
|player|p1|uminini|alder|1331
|player|p2|pokecutieismyname|scientistf|1356
|gen|9
|tier|[Gen 9] OU
|rated|
|rule|HP Percentage Mod: HP is shown in percentages
|rule|Endless Battle Clause: Forcing endless battles is banned
|rule|Species Clause: Limit one of each Pokémon
|rule|OHKO Clause: OHKO moves are banned
|rule|Evasion Items Clause: Evasion items are banned
|rule|Evasion Moves Clause: Evasion moves are banned
|rule|Evasion Abilities Clause: Evasion abilities are banned
|rule|Sleep Moves Clause: Sleep-inducing moves are banned
|clearpoke
|poke|p1|Gliscor, M|
|poke|p1|Kingambit, F|
|poke|p1|Moltres|
|poke|p1|Great Tusk|
|poke|p1|Iron Valiant|
|poke|p1|Raging Bolt|
|poke|p2|Raging Bolt|
|poke|p2|Samurott-Hisui, M|
|poke|p2|Meowscarada, M|
|poke|p2|Iron Treads|
|poke|p2|Delphox, M|
|poke|p2|Gholdengo|
|teampreview
|
|t:|1779617857
|teamsize|p1|6
|teamsize|p2|6
|start
|switch|p1a: Gliscor|Gliscor, M|100/100
|switch|p2a: Delphox|Delphox, M, shiny|100/100
|turn|1
|
|t:|1779617868
|move|p2a: Delphox|Magic Room|p2a: Delphox
|-fieldstart|move: Magic Room|[of] p2a: Delphox
|move|p1a: Gliscor|Toxic|p2a: Delphox
|-status|p2a: Delphox|tox
|
|-damage|p2a: Delphox|94/100 tox|[from] psn
|upkeep
|turn|2
|j| Concept Everything
|
|t:|1779617882
|switch|p2a: Meowscarada|Meowscarada, M|100/100
|move|p1a: Gliscor|Substitute|p1a: Gliscor
|-start|p1a: Gliscor|Substitute
|-damage|p1a: Gliscor|76/100
|
|upkeep
|turn|3
|
|t:|1779617901
|move|p1a: Gliscor|Protect|p1a: Gliscor
|-singleturn|p1a: Gliscor|Protect
|move|p2a: Meowscarada|Triple Axel|p1a: Gliscor
|-start|p2a: Meowscarada|typechange|Ice|[from] ability: Protean
|-activate|p1a: Gliscor|move: Protect
|
|upkeep
|turn|4
|
|t:|1779617914
|-terastallize|p1a: Gliscor|Water
|move|p2a: Meowscarada|Triple Axel|p1a: Gliscor
|-resisted|p1a: Gliscor
|-activate|p1a: Gliscor|move: Substitute|[damage]
|-resisted|p1a: Gliscor
|-activate|p1a: Gliscor|move: Substitute|[damage]
|-resisted|p1a: Gliscor
|-activate|p1a: Gliscor|move: Substitute|[damage]
|-hitcount|p1a: Gliscor|3
|move|p1a: Gliscor|Toxic|p2a: Meowscarada
|-status|p2a: Meowscarada|tox
|
|-damage|p2a: Meowscarada|94/100 tox|[from] psn
|upkeep
|turn|5
|
|t:|1779617944
|move|p1a: Gliscor|Protect|p1a: Gliscor
|-singleturn|p1a: Gliscor|Protect
|move|p2a: Meowscarada|U-turn|p1a: Gliscor
|-activate|p1a: Gliscor|move: Protect
|
|-damage|p2a: Meowscarada|82/100 tox|[from] psn
|-fieldend|move: Magic Room|[of] p2: Delphox
|-status|p1a: Gliscor|tox|[from] item: Toxic Orb
|upkeep
|turn|6
|
|t:|1779617953
|move|p2a: Meowscarada|U-turn|p1a: Gliscor
|-end|p1a: Gliscor|Substitute
|
|t:|1779617962
|switch|p2a: Gholdengo|Gholdengo|100/100|[from] U-turn
|-item|p2a: Gholdengo|Air Balloon
|move|p1a: Gliscor|Substitute|p1a: Gliscor
|-start|p1a: Gliscor|Substitute
|-damage|p1a: Gliscor|51/100 tox
|
|-heal|p1a: Gliscor|63/100 tox|[from] ability: Poison Heal
|upkeep
|turn|7
|
|t:|1779617974
|move|p1a: Gliscor|Protect|p1a: Gliscor
|-singleturn|p1a: Gliscor|Protect
|move|p2a: Gholdengo|Hex|p1a: Gliscor
|-activate|p1a: Gliscor|move: Protect
|
|-heal|p1a: Gliscor|76/100 tox|[from] ability: Poison Heal
|upkeep
|turn|8
|
|t:|1779617984
|switch|p1a: Moltres|Moltres|100/100
|move|p2a: Gholdengo|Thunder Wave|p1a: Moltres
|-status|p1a: Moltres|par
|
|upkeep
|turn|9
|
|t:|1779617996
|switch|p2a: Delphox|Delphox, M, shiny|94/100 tox
|move|p1a: Moltres|Flamethrower|p2a: Delphox
|-resisted|p2a: Delphox
|-damage|p2a: Delphox|71/100 tox
|
|-damage|p2a: Delphox|64/100 tox|[from] psn
|upkeep
|turn|10
|
|t:|1779618006
|move|p2a: Delphox|Magic Room|p2a: Delphox
|-fieldstart|move: Magic Room|[of] p2a: Delphox
|cant|p1a: Moltres|par
|
|-damage|p2a: Delphox|52/100 tox|[from] psn
|upkeep
|turn|11
|
|t:|1779618013
|switch|p2a: Samurott|Samurott-Hisui, M|100/100
|switch|p1a: Gliscor|Gliscor, M, tera:Water|76/100 tox
|
|-heal|p1a: Gliscor|88/100 tox|[from] ability: Poison Heal
|upkeep
|turn|12
|inactive|Battle timer is ON: inactive players will automatically lose when time's up. (requested by uminini)
|
|t:|1779618021
|switch|p2a: Gholdengo|Gholdengo|100/100
|move|p1a: Gliscor|Toxic|p2a: Gholdengo
|-immune|p2a: Gholdengo|[from] ability: Good as Gold
|
|-heal|p1a: Gliscor|100/100 tox|[from] ability: Poison Heal
|upkeep
|turn|13
|l|☆uminini
|inactive|uminini disconnected and has a minute to reconnect!
|player|p1|
|
|t:|1779618033
|move|p2a: Gholdengo|Hex|p1a: Gliscor
|-damage|p1a: Gliscor|1/100 tox
|move|p1a: Gliscor|Earthquake|p2a: Gholdengo
|-supereffective|p2a: Gholdengo
|-damage|p2a: Gholdengo|32/100
|
|-heal|p1a: Gliscor|14/100 tox|[from] ability: Poison Heal
|upkeep
|turn|14
|j|☆uminini
|inactive|uminini reconnected and has 140 seconds left.
|player|p1|uminini|alder|
|
|t:|1779618050
|move|p1a: Gliscor|Protect|p1a: Gliscor
|-singleturn|p1a: Gliscor|Protect
|move|p2a: Gholdengo|Recover|p2a: Gholdengo
|-heal|p2a: Gholdengo|82/100
|
|-heal|p1a: Gliscor|26/100 tox|[from] ability: Poison Heal
|-fieldend|move: Magic Room|[of] p2: Delphox
|upkeep
|turn|15
|inactive|uminini has 120 seconds left.
|
|t:|1779618079
|switch|p1a: Great Tusk|Great Tusk|100/100
|move|p2a: Gholdengo|Hex|p1a: Great Tusk
|-damage|p1a: Great Tusk|43/100
|
|upkeep
|turn|16
|
|t:|1779618089
|switch|p2a: Meowscarada|Meowscarada, M|82/100 tox
|move|p1a: Great Tusk|Ice Spinner|p2a: Meowscarada
|-supereffective|p2a: Meowscarada
|-damage|p2a: Meowscarada|0 fnt
|faint|p2a: Meowscarada
|
|upkeep
|l|☆uminini
|inactive|uminini disconnected and has a minute to reconnect!
|player|p1|
|
|t:|1779618099
|switch|p2a: Delphox|Delphox, M, shiny|52/100 tox
|turn|17
|j|☆uminini
|inactive|uminini reconnected and has 140 seconds left.
|player|p1|uminini|alder|
|
|t:|1779618109
|move|p2a: Delphox|Psychic|p1a: Great Tusk
|-supereffective|p1a: Great Tusk
|-damage|p1a: Great Tusk|0 fnt
|faint|p1a: Great Tusk
|-end|p1a: Great Tusk|Protosynthesis|[silent]
|
|-damage|p2a: Delphox|46/100 tox|[from] psn
|upkeep
|
|t:|1779618112
|switch|p1a: Gliscor|Gliscor, M, tera:Water|26/100 tox
|turn|18
|
|t:|1779618123
|switch|p2a: Gholdengo|Gholdengo|82/100
|-item|p2a: Gholdengo|Air Balloon
|move|p1a: Gliscor|Protect||[still]
|-fail|p1a: Gliscor
|
|-heal|p1a: Gliscor|39/100 tox|[from] ability: Poison Heal
|upkeep
|turn|19
|
|t:|1779618133
|switch|p1a: Moltres|Moltres|100/100 par
|move|p2a: Gholdengo|Hex|p1a: Moltres
|-damage|p1a: Moltres|50/100 par
|
|upkeep
|turn|20
|
|t:|1779618141
|move|p2a: Gholdengo|Hex|p1a: Moltres
|-damage|p1a: Moltres|0 fnt
|faint|p1a: Moltres
|
|upkeep
|
|t:|1779618146
|switch|p1a: Raging Bolt|Raging Bolt|100/100
|-enditem|p1a: Raging Bolt|Booster Energy
|-activate|p1a: Raging Bolt|ability: Protosynthesis|[fromitem]
|-start|p1a: Raging Bolt|protosynthesisspa
|turn|21
|
|t:|1779618153
|switch|p2a: Iron Treads|Iron Treads|100/100
|move|p1a: Raging Bolt|Thunderclap||[still]
|-fail|p1a: Raging Bolt
|
|upkeep
|turn|22
|
|t:|1779618160
|move|p2a: Iron Treads|Earthquake|p1a: Raging Bolt
|-supereffective|p1a: Raging Bolt
|-damage|p1a: Raging Bolt|26/100
|move|p1a: Raging Bolt|Draco Meteor|p2a: Iron Treads
|-resisted|p2a: Iron Treads
|-damage|p2a: Iron Treads|30/100
|-unboost|p1a: Raging Bolt|spa|2
|
|upkeep
|turn|23
|
|t:|1779618170
|-end|p1a: Raging Bolt|Protosynthesis|[silent]
|switch|p1a: Gliscor|Gliscor, M, tera:Water|39/100 tox
|move|p2a: Iron Treads|Earthquake|p1a: Gliscor
|-damage|p1a: Gliscor|11/100 tox
|
|-heal|p1a: Gliscor|23/100 tox|[from] ability: Poison Heal
|upkeep
|turn|24
|
|t:|1779618186
|-end|p2a: Iron Treads|Quark Drive|[silent]
|switch|p2a: Samurott|Samurott-Hisui, M|100/100
|move|p1a: Gliscor|Protect||[still]
|-fail|p1a: Gliscor
|
|-heal|p1a: Gliscor|36/100 tox|[from] ability: Poison Heal
|upkeep
|turn|25
|
|t:|1779618195
|move|p2a: Samurott|Ceaseless Edge|p1a: Gliscor
|-damage|p1a: Gliscor|7/100 tox
|-sidestart|p1: uminini|Spikes
|move|p1a: Gliscor|Toxic|p2a: Samurott
|-status|p2a: Samurott|tox
|
|-damage|p2a: Samurott|94/100 tox|[from] psn
|-heal|p1a: Gliscor|20/100 tox|[from] ability: Poison Heal
|upkeep
|turn|26
|
|t:|1779618206
|switch|p2a: Gholdengo|Gholdengo|82/100
|-item|p2a: Gholdengo|Air Balloon
|move|p1a: Gliscor|Protect||[still]
|-fail|p1a: Gliscor
|
|-heal|p1a: Gliscor|32/100 tox|[from] ability: Poison Heal
|upkeep
|turn|27
|
|t:|1779618215
|move|p1a: Gliscor|Protect|p1a: Gliscor
|-singleturn|p1a: Gliscor|Protect
|move|p2a: Gholdengo|Hex|p1a: Gliscor
|-activate|p1a: Gliscor|move: Protect
|
|-heal|p1a: Gliscor|45/100 tox|[from] ability: Poison Heal
|upkeep
|turn|28
|
|t:|1779618233
|switch|p1a: Kingambit|Kingambit, F|100/100
|-damage|p1a: Kingambit|88/100|[from] Spikes
|-activate|p1a: Kingambit|ability: Supreme Overlord
|-start|p1a: Kingambit|fallen2|[silent]
|move|p2a: Gholdengo|Hex|p1a: Kingambit
|-resisted|p1a: Kingambit
|-damage|p1a: Kingambit|69/100
|
|upkeep
|turn|29
|
|t:|1779618243
|switch|p2a: Samurott|Samurott-Hisui, M|94/100 tox
|move|p1a: Kingambit|Kowtow Cleave|p2a: Samurott
|-resisted|p2a: Samurott
|-damage|p2a: Samurott|51/100 tox
|
|-damage|p2a: Samurott|44/100 tox|[from] psn
|upkeep
|turn|30
|
|t:|1779618258
|move|p1a: Kingambit|Sucker Punch|p2a: Samurott
|-resisted|p2a: Samurott
|-damage|p2a: Samurott|10/100 tox
|move|p2a: Samurott|Sacred Sword|p1a: Kingambit
|-supereffective|p1a: Kingambit
|-crit|p1a: Kingambit
|-damage|p1a: Kingambit|0 fnt
|faint|p1a: Kingambit
|-end|p1a: Kingambit|fallen2|[silent]
|
|-damage|p2a: Samurott|0 fnt|[from] psn
|faint|p2a: Samurott
|upkeep
|-message|uminini forfeited.
|
|win|pokecutieismyname
|raw|uminini's rating: 1331 &rarr; <strong>1312</strong><br />(-19 for losing)
|raw|pokecutieismyname's rating: 1356 &rarr; <strong>1375</strong><br />(+19 for winning)
|l|☆uminini
|player|p1|
|l|☆pokecutieismyname
|player|p2|
