|j|☆Neptoj
|j|☆capitolg
|t:|1779601048
|gametype|singles
|player|p1|Neptoj|mars|1191
|player|p2|capitolg|bellelba|1206
|gen|9
|tier|[Gen 9] OU
|rated|
|rule|HP Percentage Mod: HP is shown in percentages
|rule|Endless Battle Clause: Forcing endless battles is banned
|rule|Species Clause: Limit one of each Pokémon
|rule|OHKO Clause: OHKO moves are banned
|rule|Evasion Items Clause: Evasion items are banned
|rule|Evasion Moves Clause: Evasion moves are banned
|rule|Evasion Abilities Clause: Evasion abilities are banned
|rule|Sleep Moves Clause: Sleep-inducing moves are banned
|clearpoke
|poke|p1|Samurott-Hisui, F|
|poke|p1|Dragonite, F|
|poke|p1|Kingambit, F|
|poke|p1|Iron Moth|
|poke|p1|Iron Valiant|
|poke|p1|Moltres-Galar|
|poke|p2|Ribombee, F|
|poke|p2|Serperior, M|
|poke|p2|Kingambit, F|
|poke|p2|Skeledirge, F|
|poke|p2|Milotic, F|
|poke|p2|Cinderace, F|
|teampreview
|
|t:|1779601055
|teamsize|p1|6
|teamsize|p2|6
|start
|switch|p1a: Samurott|Samurott-Hisui, F|100/100
|switch|p2a: Ribombee|Ribombee, F|100/100
|turn|1
|
|t:|1779601071
|-terastallize|p1a: Samurott|Ghost
|move|p2a: Ribombee|Sticky Web|p1a: Samurott
|-sidestart|p1: Neptoj|move: Sticky Web
|move|p1a: Samurott|Knock Off|p2a: Ribombee
|-resisted|p2a: Ribombee
|-damage|p2a: Ribombee|51/100
|-enditem|p2a: Ribombee|Focus Sash|[from] move: Knock Off|[of] p1a: Samurott
|
|upkeep
|turn|2
|
|t:|1779601078
|move|p2a: Ribombee|Charm|p1a: Samurott
|-unboost|p1a: Samurott|atk|2
|move|p1a: Samurott|Razor Shell|p2a: Ribombee
|-damage|p2a: Ribombee|0 fnt
|faint|p2a: Ribombee
|
|upkeep
|
|t:|1779601086
|switch|p2a: Cinderace|Cinderace, F|100/100
|turn|3
|
|t:|1779601105
|switch|p1a: Iron Moth|Iron Moth|100/100
|-activate|p1a: Iron Moth|move: Sticky Web
|-unboost|p1a: Iron Moth|spe|1
|-enditem|p1a: Iron Moth|Booster Energy
|-activate|p1a: Iron Moth|ability: Quark Drive|[fromitem]
|-start|p1a: Iron Moth|quarkdrivespa
|move|p2a: Cinderace|Sucker Punch||[still]
|-fail|p2a: Cinderace
|
|upkeep
|turn|4
|
|t:|1779601121
|move|p2a: Cinderace|Court Change|p2a: Cinderace
|-start|p2a: Cinderace|typechange|Normal|[from] ability: Libero
|-swapsideconditions
|-activate|p2a: Cinderace|move: Court Change
|move|p1a: Iron Moth|Sludge Wave|p2a: Cinderace
|-damage|p2a: Cinderace|4/100
|
|upkeep
|turn|5
|
|t:|1779601129
|move|p2a: Cinderace|High Jump Kick|p1a: Iron Moth
|-resisted|p1a: Iron Moth
|-damage|p1a: Iron Moth|68/100
|move|p1a: Iron Moth|Sludge Wave|p2a: Cinderace
|-damage|p2a: Cinderace|0 fnt
|faint|p2a: Cinderace
|
|upkeep
|
|t:|1779601134
|switch|p2a: Kingambit|Kingambit, F|100/100
|-activate|p2a: Kingambit|move: Sticky Web
|-unboost|p2a: Kingambit|spe|1
|-ability|p2a: Kingambit|Defiant|boost
|-boost|p2a: Kingambit|atk|2
|turn|6
|
|t:|1779601156
|-end|p1a: Iron Moth|Quark Drive|[silent]
|switch|p1a: Iron Valiant|Iron Valiant|100/100
|-enditem|p1a: Iron Valiant|Booster Energy
|-activate|p1a: Iron Valiant|ability: Quark Drive|[fromitem]
|-start|p1a: Iron Valiant|quarkdrivespe
|move|p2a: Kingambit|Sucker Punch||[still]
|-fail|p2a: Kingambit
|
|upkeep
|turn|7
|
|t:|1779601172
|switch|p2a: Skeledirge|Skeledirge, F|100/100
|-item|p2a: Skeledirge|Air Balloon
|move|p1a: Iron Valiant|Close Combat|p2a: Skeledirge
|-immune|p2a: Skeledirge
|
|upkeep
|turn|8
|
|t:|1779601180
|move|p1a: Iron Valiant|Knock Off|p2a: Skeledirge
|-supereffective|p2a: Skeledirge
|-damage|p2a: Skeledirge|45/100
|-enditem|p2a: Skeledirge|Air Balloon
|move|p2a: Skeledirge|Torch Song|p1a: Iron Valiant
|-damage|p1a: Iron Valiant|23/100
|-boost|p2a: Skeledirge|spa|1
|
|upkeep
|turn|9
|l|☆Neptoj
|player|p1|
|inactive|Battle timer is ON: inactive players will automatically lose when time's up. (requested by capitolg)
|j|☆Neptoj
|inactive|Neptoj reconnected and has 150 seconds left.
|player|p1|Neptoj|mars|
|
|t:|1779601207
|move|p1a: Iron Valiant|Destiny Bond|p1a: Iron Valiant
|-singlemove|p1a: Iron Valiant|Destiny Bond
|move|p2a: Skeledirge|Torch Song|p1a: Iron Valiant
|-damage|p1a: Iron Valiant|0 fnt
|-boost|p2a: Skeledirge|spa|1
|faint|p1a: Iron Valiant
|-activate|p1a: Iron Valiant|move: Destiny Bond
|-end|p1a: Iron Valiant|Quark Drive|[silent]
|faint|p2a: Skeledirge
|
|upkeep
|inactive|Neptoj has 120 seconds left.
|
|t:|1779601241
|switch|p1a: Dragonite|Dragonite, F|100/100
|switch|p2a: Serperior|Serperior, M|100/100
|-activate|p2a: Serperior|move: Sticky Web
|-boost|p2a: Serperior|spe|1
|turn|10
|
|t:|1779601260
|move|p1a: Dragonite|Extreme Speed|p2a: Serperior
|-damage|p2a: Serperior|60/100
|move|p2a: Serperior|Glare|p1a: Dragonite
|-status|p1a: Dragonite|par
|
|-heal|p2a: Serperior|66/100|[from] item: Leftovers
|upkeep
|turn|11
|
|t:|1779601280
|move|p1a: Dragonite|Extreme Speed|p2a: Serperior
|-damage|p2a: Serperior|24/100
|move|p2a: Serperior|Substitute|p2a: Serperior
|-fail|p2a: Serperior|move: Substitute|[weak]
|
|-heal|p2a: Serperior|30/100|[from] item: Leftovers
|upkeep
|turn|12
|
|t:|1779601286
|move|p1a: Dragonite|Extreme Speed|p2a: Serperior
|-damage|p2a: Serperior|0 fnt
|faint|p2a: Serperior
|
|upkeep
|
|t:|1779601288
|switch|p2a: Milotic|Milotic, F|100/100
|-activate|p2a: Milotic|move: Sticky Web
|-unboost|p2a: Milotic|spe|1
|-ability|p2a: Milotic|Competitive|boost
|-boost|p2a: Milotic|spa|2
|turn|13
|
|t:|1779601299
|move|p2a: Milotic|Ice Beam|p1a: Dragonite
|-supereffective|p1a: Dragonite
|-damage|p1a: Dragonite|0 fnt
|faint|p1a: Dragonite
|
|upkeep
|
|t:|1779601323
|switch|p1a: Samurott|Samurott-Hisui, F, tera:Ghost|100/100
|turn|14
|
|t:|1779601335
|move|p1a: Samurott|Knock Off|p2a: Milotic
|-damage|p2a: Milotic|54/100
|-enditem|p2a: Milotic|Assault Vest|[from] move: Knock Off|[of] p1a: Samurott
|move|p2a: Milotic|Alluring Voice|p1a: Samurott
|-damage|p1a: Samurott|29/100
|
|upkeep
|turn|15
|
|t:|1779601343
|move|p1a: Samurott|Ceaseless Edge|p2a: Milotic|[miss]
|-miss|p1a: Samurott|p2a: Milotic
|move|p2a: Milotic|Scald|p1a: Samurott
|-damage|p1a: Samurott|0 fnt
|faint|p1a: Samurott
|
|upkeep
|
|t:|1779601349
|switch|p1a: Moltres|Moltres-Galar|100/100
|turn|16
|
|t:|1779601358
|move|p1a: Moltres|Agility|p1a: Moltres
|-boost|p1a: Moltres|spe|2
|move|p2a: Milotic|Draining Kiss|p1a: Moltres
|-supereffective|p1a: Moltres
|-damage|p1a: Moltres|46/100
|-heal|p2a: Milotic|91/100|[from] drain|[of] p1a: Moltres
|-ability|p1a: Moltres|Berserk|boost
|-boost|p1a: Moltres|spa|1
|-enditem|p1a: Moltres|Sitrus Berry|[eat]
|-heal|p1a: Moltres|71/100|[from] item: Sitrus Berry
|
|upkeep
|turn|17
|
|t:|1779601376
|move|p1a: Moltres|Fiery Wrath|p2a: Milotic
|-damage|p2a: Milotic|44/100
|move|p2a: Milotic|Alluring Voice|p1a: Moltres
|-supereffective|p1a: Moltres
|-damage|p1a: Moltres|0 fnt
|faint|p1a: Moltres
|
|upkeep
|
|t:|1779601390
|switch|p1a: Iron Moth|Iron Moth|68/100
|turn|18
|
|t:|1779601403
|move|p1a: Iron Moth|Dazzling Gleam|p2a: Milotic
|-damage|p2a: Milotic|21/100
|move|p2a: Milotic|Scald|p1a: Iron Moth
|-supereffective|p1a: Iron Moth
|-damage|p1a: Iron Moth|0 fnt
|faint|p1a: Iron Moth
|-end|p1a: Iron Moth|Quark Drive|[silent]
|
|upkeep
|
|t:|1779601408
|switch|p1a: Kingambit|Kingambit, F|100/100
|-activate|p1a: Kingambit|ability: Supreme Overlord
|-start|p1a: Kingambit|fallen5|[silent]
|-item|p1a: Kingambit|Air Balloon
|turn|19
|
|t:|1779601412
|move|p1a: Kingambit|Sucker Punch|p2a: Milotic
|-damage|p2a: Milotic|0 fnt
|faint|p2a: Milotic
|
|upkeep
|
|t:|1779601413
|switch|p2a: Kingambit|Kingambit, F|100/100
|-activate|p2a: Kingambit|move: Sticky Web
|-unboost|p2a: Kingambit|spe|1
|-ability|p2a: Kingambit|Defiant|boost
|-boost|p2a: Kingambit|atk|2
|turn|20
|
|t:|1779601421
|-terastallize|p2a: Kingambit|Flying
|move|p1a: Kingambit|Low Kick|p2a: Kingambit
|-resisted|p2a: Kingambit
|-damage|p2a: Kingambit|79/100
|move|p2a: Kingambit|Brick Break|p1a: Kingambit
|-supereffective|p1a: Kingambit
|-damage|p1a: Kingambit|0 fnt
|-enditem|p1a: Kingambit|Air Balloon
|faint|p1a: Kingambit
|-end|p1a: Kingambit|fallen5|[silent]
|
|win|capitolg
|raw|Neptoj's rating: 1191 &rarr; <strong>1167</strong><br />(-24 for losing)
|raw|capitolg's rating: 1206 &rarr; <strong>1230</strong><br />(+24 for winning)
|l|☆Neptoj
|player|p1|
|l|☆capitolg
|player|p2|
