|j|☆oceanclouds
|j|☆claudechamp
|t:|1779694735
|gametype|singles
|player|p1|oceanclouds|riley|1110
|player|p2|claudechamp|169|1117
|gen|9
|tier|[Gen 9] OU
|rated|
|rule|HP Percentage Mod: HP is shown in percentages
|rule|Endless Battle Clause: Forcing endless battles is banned
|rule|Species Clause: Limit one of each Pokémon
|rule|OHKO Clause: OHKO moves are banned
|rule|Evasion Items Clause: Evasion items are banned
|rule|Evasion Moves Clause: Evasion moves are banned
|rule|Evasion Abilities Clause: Evasion abilities are banned
|rule|Sleep Moves Clause: Sleep-inducing moves are banned
|clearpoke
|poke|p1|Blaziken, M|
|poke|p1|Dragapult, M|
|poke|p1|Rotom-Wash|
|poke|p1|Darkrai|
|poke|p1|Clefable, F|
|poke|p1|Regieleki|
|poke|p2|Gliscor, F|
|poke|p2|Ogerpon, F|
|poke|p2|Walking Wake|
|poke|p2|Blissey, F|
|poke|p2|Corviknight, M|
|poke|p2|Pecharunt|
|teampreview
|c|☆claudechamp|hf
|inactive|Battle timer is ON: inactive players will automatically lose when time's up. (requested by claudechamp)
|
|t:|1779694746
|teamsize|p1|6
|teamsize|p2|6
|start
|switch|p1a: Regieleki|Regieleki|100/100
|switch|p2a: Gliscor|Gliscor, F|100/100
|turn|1
|
|t:|1779694754
|switch|p1a: Rotom|Rotom-Wash|100/100
|-terastallize|p2a: Gliscor|Ghost
|move|p2a: Gliscor|Earthquake|p1a: Rotom
|-immune|p1a: Rotom|[from] ability: Levitate
|
|-status|p2a: Gliscor|tox|[from] item: Toxic Orb
|upkeep
|turn|2
|
|t:|1779694762
|move|p2a: Gliscor|Spikes|p1a: Rotom
|-sidestart|p1: oceanclouds|Spikes
|move|p1a: Rotom|Hydro Pump|p2a: Gliscor
|-damage|p2a: Gliscor|67/100 tox
|
|-heal|p2a: Gliscor|80/100 tox|[from] ability: Poison Heal
|upkeep
|turn|3
|
|t:|1779694772
|move|p2a: Gliscor|Toxic|p1a: Rotom
|-status|p1a: Rotom|tox
|move|p1a: Rotom|Volt Switch|p2a: Gliscor
|-damage|p2a: Gliscor|59/100 tox
|
|t:|1779694779
|switch|p1a: Dragapult|Dragapult, M|100/100|[from] Volt Switch
|
|-heal|p2a: Gliscor|71/100 tox|[from] ability: Poison Heal
|upkeep
|turn|4
|
|t:|1779694785
|move|p1a: Dragapult|Hex|p2a: Gliscor
|-supereffective|p2a: Gliscor
|-damage|p2a: Gliscor|0 fnt
|faint|p2a: Gliscor
|
|upkeep
|
|t:|1779694789
|switch|p2a: Ogerpon|Ogerpon, F|100/100
|turn|5
|
|t:|1779694797
|move|p1a: Dragapult|U-turn|p2a: Ogerpon
|-supereffective|p2a: Ogerpon
|-damage|p2a: Ogerpon|47/100
|
|t:|1779694811
|switch|p1a: Blaziken|Blaziken, M|100/100|[from] U-turn
|-damage|p1a: Blaziken|88/100|[from] Spikes
|move|p2a: Ogerpon|Knock Off|p1a: Blaziken
|-resisted|p1a: Blaziken
|-damage|p1a: Blaziken|63/100
|-enditem|p1a: Blaziken|Life Orb|[from] move: Knock Off|[of] p2a: Ogerpon
|
|upkeep
|turn|6
|
|t:|1779694828
|move|p2a: Ogerpon|Knock Off|p1a: Blaziken
|-resisted|p1a: Blaziken
|-crit|p1a: Blaziken
|-damage|p1a: Blaziken|40/100
|move|p1a: Blaziken|Swords Dance|p1a: Blaziken
|-boost|p1a: Blaziken|atk|2
|
|-ability|p1a: Blaziken|Speed Boost|boost
|-boost|p1a: Blaziken|spe|1
|upkeep
|turn|7
|
|t:|1779694842
|move|p1a: Blaziken|Flare Blitz|p2a: Ogerpon
|-supereffective|p2a: Ogerpon
|-damage|p2a: Ogerpon|0 fnt
|faint|p2a: Ogerpon
|-damage|p1a: Blaziken|25/100|[from] Recoil
|
|-ability|p1a: Blaziken|Speed Boost|boost
|-boost|p1a: Blaziken|spe|1
|upkeep
|
|t:|1779694846
|switch|p2a: Pecharunt|Pecharunt|100/100
|turn|8
|
|t:|1779694858
|move|p1a: Blaziken|Flare Blitz|p2a: Pecharunt
|-damage|p2a: Pecharunt|43/100
|-damage|p1a: Blaziken|1/100|[from] Recoil
|move|p2a: Pecharunt|Malignant Chain|p1a: Blaziken
|-damage|p1a: Blaziken|0 fnt
|faint|p1a: Blaziken
|
|upkeep
|
|t:|1779694868
|switch|p1a: Dragapult|Dragapult, M|100/100
|turn|9
|
|t:|1779694876
|switch|p2a: Blissey|Blissey, F|100/100
|move|p1a: Dragapult|Hex|p2a: Blissey
|-immune|p2a: Blissey
|
|upkeep
|turn|10
|
|t:|1779694903
|move|p1a: Dragapult|Will-O-Wisp|p2a: Blissey
|-status|p2a: Blissey|brn
|move|p2a: Blissey|Stealth Rock|p1a: Dragapult
|-sidestart|p1: oceanclouds|move: Stealth Rock
|
|-damage|p2a: Blissey|94/100 brn|[from] brn
|upkeep
|turn|11
|
|t:|1779694910
|-curestatus|p2a: Blissey|brn|[from] ability: Natural Cure|[silent]
|switch|p2a: Walking Wake|Walking Wake|100/100
|move|p1a: Dragapult|U-turn|p2a: Walking Wake
|-damage|p2a: Walking Wake|82/100
|
|t:|1779694918
|switch|p1a: Clefable|Clefable, F|100/100|[from] U-turn
|
|upkeep
|turn|12
|
|t:|1779694924
|move|p2a: Walking Wake|Knock Off|p1a: Clefable
|-resisted|p1a: Clefable
|-damage|p1a: Clefable|94/100
|-enditem|p1a: Clefable|Leftovers|[from] move: Knock Off|[of] p2a: Walking Wake
|move|p1a: Clefable|Moonblast|p2a: Walking Wake
|-supereffective|p2a: Walking Wake
|-damage|p2a: Walking Wake|11/100
|
|upkeep
|turn|13
|
|t:|1779694932
|move|p2a: Walking Wake|Surf|p1a: Clefable
|-damage|p1a: Clefable|50/100
|move|p1a: Clefable|Stealth Rock|p2a: Walking Wake
|-sidestart|p2: claudechamp|move: Stealth Rock
|
|upkeep
|turn|14
|
|t:|1779694938
|move|p2a: Walking Wake|Surf|p1a: Clefable
|-damage|p1a: Clefable|5/100
|move|p1a: Clefable|Moonblast|p2a: Walking Wake
|-supereffective|p2a: Walking Wake
|-damage|p2a: Walking Wake|0 fnt
|faint|p2a: Walking Wake
|-end|p2a: Walking Wake|Protosynthesis|[silent]
|
|upkeep
|
|t:|1779694942
|switch|p2a: Pecharunt|Pecharunt|43/100
|turn|15
|
|t:|1779694954
|move|p2a: Pecharunt|Recover|p2a: Pecharunt
|-heal|p2a: Pecharunt|93/100
|move|p1a: Clefable|Wish|p1a: Clefable
|
|upkeep
|turn|16
|
|t:|1779694959
|move|p1a: Clefable|Protect|p1a: Clefable
|-singleturn|p1a: Clefable|Protect
|move|p2a: Pecharunt|Malignant Chain|p1a: Clefable
|-activate|p1a: Clefable|move: Protect
|
|-heal|p1a: Clefable|55/100|[from] move: Wish|[wisher] Clefable
|upkeep
|turn|17
|
|t:|1779694970
|switch|p1a: Darkrai|Darkrai|100/100
|-damage|p1a: Darkrai|88/100|[from] Spikes
|-damage|p1a: Darkrai|76/100|[from] Stealth Rock
|move|p2a: Pecharunt|Malignant Chain|p1a: Darkrai
|-damage|p1a: Darkrai|33/100
|-status|p1a: Darkrai|tox
|-start|p1a: Darkrai|confusion|[from] ability: Poison Puppeteer|[of] p2a: Pecharunt
|
|-heal|p1a: Darkrai|39/100 tox|[from] item: Leftovers
|-damage|p1a: Darkrai|33/100 tox|[from] psn
|upkeep
|turn|18
|
|t:|1779694978
|switch|p2a: Blissey|Blissey, F|94/100
|-activate|p1a: Darkrai|confusion
|move|p1a: Darkrai|Dark Pulse|p2a: Blissey
|-damage|p2a: Blissey|81/100
|
|-heal|p1a: Darkrai|39/100 tox|[from] item: Leftovers
|-damage|p1a: Darkrai|27/100 tox|[from] psn
|upkeep
|turn|19
|
|t:|1779694990
|-end|p1a: Darkrai|confusion
|move|p1a: Darkrai|Ice Beam|p2a: Blissey
|-damage|p2a: Blissey|72/100
|move|p2a: Blissey|Calm Mind|p2a: Blissey
|-boost|p2a: Blissey|spa|1
|-boost|p2a: Blissey|spd|1
|
|-heal|p1a: Darkrai|33/100 tox|[from] item: Leftovers
|-damage|p1a: Darkrai|15/100 tox|[from] psn
|upkeep
|turn|20
|
|t:|1779695004
|move|p1a: Darkrai|Sludge Bomb|p2a: Blissey
|-damage|p2a: Blissey|65/100
|-status|p2a: Blissey|psn
|move|p2a: Blissey|Calm Mind|p2a: Blissey
|-boost|p2a: Blissey|spa|1
|-boost|p2a: Blissey|spd|1
|
|-heal|p1a: Darkrai|21/100 tox|[from] item: Leftovers
|-damage|p1a: Darkrai|0 fnt|[from] psn
|faint|p1a: Darkrai
|-damage|p2a: Blissey|52/100 psn|[from] psn
|upkeep
|
|t:|1779695021
|switch|p1a: Regieleki|Regieleki|100/100
|-damage|p1a: Regieleki|88/100|[from] Spikes
|-damage|p1a: Regieleki|76/100|[from] Stealth Rock
|turn|21
|
|t:|1779695030
|move|p1a: Regieleki|Reflect|p1a: Regieleki
|-sidestart|p1: oceanclouds|Reflect
|move|p2a: Blissey|Soft-Boiled|p2a: Blissey
|-heal|p2a: Blissey|100/100 psn
|
|-damage|p2a: Blissey|88/100 psn|[from] psn
|upkeep
|turn|22
|
|t:|1779695035
|move|p1a: Regieleki|Light Screen|p1a: Regieleki
|-sidestart|p1: oceanclouds|move: Light Screen
|move|p2a: Blissey|Seismic Toss|p1a: Regieleki
|-damage|p1a: Regieleki|48/100
|
|-damage|p2a: Blissey|76/100 psn|[from] psn
|upkeep
|turn|23
|
|t:|1779695045
|move|p1a: Regieleki|Reflect||[still]
|-fail|p1a: Regieleki
|move|p2a: Blissey|Seismic Toss|p1a: Regieleki
|-damage|p1a: Regieleki|21/100
|
|-damage|p2a: Blissey|63/100 psn|[from] psn
|upkeep
|turn|24
|
|t:|1779695054
|move|p1a: Regieleki|Explosion|p2a: Blissey
|-damage|p2a: Blissey|8/100 psn
|faint|p1a: Regieleki
|move|p2a: Blissey|Seismic Toss|p1: Regieleki|[notarget]
|-fail|p2a: Blissey
|
|-damage|p2a: Blissey|0 fnt|[from] psn
|faint|p2a: Blissey
|upkeep
|
|t:|1779695065
|switch|p1a: Rotom|Rotom-Wash|100/100 tox
|switch|p2a: Pecharunt|Pecharunt|93/100
|-damage|p1a: Rotom|88/100 tox|[from] Stealth Rock
|turn|25
|
|t:|1779695070
|move|p2a: Pecharunt|Malignant Chain|p1a: Rotom
|-damage|p1a: Rotom|71/100 tox
|move|p1a: Rotom|Thunder Wave|p2a: Pecharunt
|-status|p2a: Pecharunt|par
|
|-heal|p1a: Rotom|77/100 tox|[from] item: Leftovers
|-damage|p1a: Rotom|71/100 tox|[from] psn
|upkeep
|turn|26
|
|t:|1779695079
|move|p1a: Rotom|Volt Switch|p2a: Pecharunt
|-damage|p2a: Pecharunt|70/100 par
|
|t:|1779695085
|switch|p1a: Dragapult|Dragapult, M|100/100|[from] Volt Switch
|move|p2a: Pecharunt|Parting Shot|p1a: Dragapult
|-unboost|p1a: Dragapult|atk|1
|-unboost|p1a: Dragapult|spa|1
|
|t:|1779695090
|switch|p2a: Corviknight|Corviknight, M|100/100|[from] Parting Shot
|-ability|p2a: Corviknight|Pressure
|
|upkeep
|turn|27
|
|t:|1779695098
|move|p1a: Dragapult|U-turn|p2a: Corviknight
|-resisted|p2a: Corviknight
|-damage|p2a: Corviknight|99/100
|
|t:|1779695102
|switch|p1a: Rotom|Rotom-Wash|71/100 tox|[from] U-turn
|-damage|p1a: Rotom|59/100 tox|[from] Stealth Rock
|move|p2a: Corviknight|Thief|p1a: Rotom
|-damage|p1a: Rotom|54/100 tox
|
|-heal|p1a: Rotom|60/100 tox|[from] item: Leftovers
|-damage|p1a: Rotom|54/100 tox|[from] psn
|upkeep
|turn|28
|
|t:|1779695110
|move|p1a: Rotom|Will-O-Wisp|p2a: Corviknight|[miss]
|-miss|p1a: Rotom|p2a: Corviknight
|move|p2a: Corviknight|Thief|p1a: Rotom
|-damage|p1a: Rotom|49/100 tox
|
|-heal|p1a: Rotom|55/100 tox|[from] item: Leftovers
|-damage|p1a: Rotom|43/100 tox|[from] psn
|-sideend|p1: oceanclouds|Reflect
|upkeep
|turn|29
|
|t:|1779695119
|switch|p2a: Pecharunt|Pecharunt|70/100 par
|move|p1a: Rotom|Will-O-Wisp||[still]
|-fail|p1a: Rotom
|
|-heal|p1a: Rotom|49/100 tox|[from] item: Leftovers
|-damage|p1a: Rotom|30/100 tox|[from] psn
|-sideend|p1: oceanclouds|move: Light Screen
|upkeep
|turn|30
|
|t:|1779695131
|move|p1a: Rotom|Hydro Pump|p2a: Pecharunt
|-damage|p2a: Pecharunt|34/100 par
|move|p2a: Pecharunt|Recover|p2a: Pecharunt
|-heal|p2a: Pecharunt|84/100 par
|
|-heal|p1a: Rotom|36/100 tox|[from] item: Leftovers
|-damage|p1a: Rotom|11/100 tox|[from] psn
|upkeep
|turn|31
|
|t:|1779695138
|move|p1a: Rotom|Hydro Pump|p2a: Pecharunt
|-damage|p2a: Pecharunt|47/100 par
|cant|p2a: Pecharunt|par
|
|-heal|p1a: Rotom|18/100 tox|[from] item: Leftovers
|-damage|p1a: Rotom|0 fnt|[from] psn
|faint|p1a: Rotom
|upkeep
|
|t:|1779695144
|switch|p1a: Dragapult|Dragapult, M|100/100
|turn|32
|
|t:|1779695149
|switch|p2a: Corviknight|Corviknight, M|99/100
|-ability|p2a: Corviknight|Pressure
|move|p1a: Dragapult|Hex|p2a: Corviknight
|-damage|p2a: Corviknight|71/100
|
|upkeep
|turn|33
|
|t:|1779695158
|move|p1a: Dragapult|Will-O-Wisp|p2a: Corviknight
|-status|p2a: Corviknight|brn
|move|p2a: Corviknight|Roost|p2a: Corviknight
|-heal|p2a: Corviknight|100/100 brn
|-singleturn|p2a: Corviknight|move: Roost
|
|-damage|p2a: Corviknight|94/100 brn|[from] brn
|upkeep
|turn|34
|
|t:|1779695166
|move|p1a: Dragapult|Hex|p2a: Corviknight
|-damage|p2a: Corviknight|34/100 brn
|move|p2a: Corviknight|Roost|p2a: Corviknight
|-heal|p2a: Corviknight|85/100 brn
|-singleturn|p2a: Corviknight|move: Roost
|
|-damage|p2a: Corviknight|78/100 brn|[from] brn
|upkeep
|turn|35
|
|t:|1779695176
|move|p1a: Dragapult|Hex|p2a: Corviknight
|-damage|p2a: Corviknight|17/100 brn
|move|p2a: Corviknight|U-turn|p1a: Dragapult
|-resisted|p1a: Dragapult
|-damage|p1a: Dragapult|96/100
|
|t:|1779695187
|switch|p2a: Pecharunt|Pecharunt|47/100 par|[from] U-turn
|
|upkeep
|turn|36
|
|t:|1779695196
|move|p1a: Dragapult|Hex|p2a: Pecharunt
|-supereffective|p2a: Pecharunt
|-damage|p2a: Pecharunt|0 fnt
|faint|p2a: Pecharunt
|
|upkeep
|
|t:|1779695205
|switch|p2a: Corviknight|Corviknight, M|17/100 brn
|-ability|p2a: Corviknight|Pressure
|turn|37
|
|t:|1779695215
|move|p1a: Dragapult|Hex|p2a: Corviknight
|-damage|p2a: Corviknight|0 fnt
|faint|p2a: Corviknight
|
|win|oceanclouds
|raw|oceanclouds's rating: 1110 &rarr; <strong>1136</strong><br />(+26 for winning)
|raw|claudechamp's rating: 1117 &rarr; <strong>1091</strong><br />(-26 for losing)
|c|☆claudechamp|gg
|c|☆oceanclouds|gg
