|j|☆chessmaster 2000
|j|☆Mr_Stonks0406
|t:|1779683873
|gametype|singles
|player|p1|chessmaster 2000|firebreather|1343
|player|p2|Mr_Stonks0406|102|1283
|gen|9
|tier|[Gen 9] OU
|rated|
|rule|HP Percentage Mod: HP is shown in percentages
|rule|Endless Battle Clause: Forcing endless battles is banned
|rule|Species Clause: Limit one of each Pokémon
|rule|OHKO Clause: OHKO moves are banned
|rule|Evasion Items Clause: Evasion items are banned
|rule|Evasion Moves Clause: Evasion moves are banned
|rule|Evasion Abilities Clause: Evasion abilities are banned
|rule|Sleep Moves Clause: Sleep-inducing moves are banned
|clearpoke
|poke|p1|Braviary-Hisui, M|
|poke|p1|Zamazenta-*|
|poke|p1|Raging Bolt|
|poke|p1|Hatterene, F|
|poke|p1|Gholdengo|
|poke|p1|Darkrai|
|poke|p2|Meowscarada, F|
|poke|p2|Pecharunt|
|poke|p2|Enamorus, F|
|poke|p2|Iron Treads|
|poke|p2|Corviknight, M|
|poke|p2|Slowking, F|
|teampreview
|inactive|Battle timer is ON: inactive players will automatically lose when time's up. (requested by chessmaster 2000)
|
|t:|1779683882
|teamsize|p1|6
|teamsize|p2|6
|start
|switch|p1a: Zamazenta|Zamazenta|100/100
|switch|p2a: Meowscarada|Meowscarada, F|100/100
|-ability|p1a: Zamazenta|Dauntless Shield|boost
|-boost|p1a: Zamazenta|def|1
|turn|1
|
|t:|1779683895
|switch|p2a: Pecharunt|Pecharunt|100/100
|move|p1a: Zamazenta|Light Screen|p1a: Zamazenta
|-sidestart|p1: chessmaster 2000|move: Light Screen
|
|upkeep
|turn|2
|
|t:|1779683906
|switch|p1a: Braviary|Braviary-Hisui, M, shiny|100/100
|move|p2a: Pecharunt|Malignant Chain|p1a: Braviary
|-damage|p1a: Braviary|83/100
|
|upkeep
|turn|3
|
|t:|1779683922
|switch|p2a: Slowking|Slowking, F|100/100
|move|p1a: Braviary|Calm Mind|p1a: Braviary
|-boost|p1a: Braviary|spa|1
|-boost|p1a: Braviary|spd|1
|
|upkeep
|turn|4
|
|t:|1779683946
|move|p1a: Braviary|Calm Mind|p1a: Braviary
|-boost|p1a: Braviary|spa|1
|-boost|p1a: Braviary|spd|1
|move|p2a: Slowking|Scald|p1a: Braviary
|-damage|p1a: Braviary|75/100
|
|upkeep
|turn|5
|inactive|Mr_Stonks0406 has 120 seconds left.
|
|t:|1779683966
|switch|p2a: Corviknight|Corviknight, M|100/100
|-ability|p2a: Corviknight|Pressure
|move|p1a: Braviary|Calm Mind|p1a: Braviary
|-boost|p1a: Braviary|spa|1
|-boost|p1a: Braviary|spd|1
|
|upkeep
|turn|6
|inactive|Mr_Stonks0406 has 120 seconds left.
|
|t:|1779683975
|move|p1a: Braviary|Esper Wing|p2a: Corviknight
|-resisted|p2a: Corviknight
|-damage|p2a: Corviknight|30/100
|-boost|p1a: Braviary|spe|1
|move|p2a: Corviknight|Roost|p2a: Corviknight
|-heal|p2a: Corviknight|80/100
|-singleturn|p2a: Corviknight|move: Roost
|
|upkeep
|turn|7
|inactive|Mr_Stonks0406 has 120 seconds left.
|
|t:|1779683987
|move|p1a: Braviary|Calm Mind|p1a: Braviary
|-boost|p1a: Braviary|spa|1
|-boost|p1a: Braviary|spd|1
|move|p2a: Corviknight|Roost|p2a: Corviknight
|-heal|p2a: Corviknight|100/100
|-singleturn|p2a: Corviknight|move: Roost
|
|upkeep
|turn|8
|inactive|Mr_Stonks0406 has 120 seconds left.
|
|t:|1779684002
|move|p1a: Braviary|Esper Wing|p2a: Corviknight
|-resisted|p2a: Corviknight
|-damage|p2a: Corviknight|19/100
|-boost|p1a: Braviary|spe|1
|move|p2a: Corviknight|Defog|p1a: Braviary
|-unboost|p1a: Braviary|evasion|1
|-sideend|p1: chessmaster 2000|move: Light Screen
|
|upkeep
|turn|9
|
|t:|1779684016
|move|p1a: Braviary|Vacuum Wave|p2a: Corviknight
|-damage|p2a: Corviknight|0 fnt
|faint|p2a: Corviknight
|
|upkeep
|inactive|Mr_Stonks0406 has 120 seconds left.
|
|t:|1779684038
|switch|p2a: Meowscarada|Meowscarada, F|100/100
|turn|10
|c|☆chessmaster 2000|I'm covert cloak.
|
|t:|1779684066
|-terastallize|p2a: Meowscarada|Grass
|-terastallize|p1a: Braviary|Fighting
|move|p1a: Braviary|Vacuum Wave|p2a: Meowscarada
|-damage|p2a: Meowscarada|36/100
|move|p2a: Meowscarada|Triple Axel|p1a: Braviary
|-damage|p1a: Braviary|67/100
|-damage|p1a: Braviary|52/100
|-damage|p1a: Braviary|30/100
|-hitcount|p1a: Braviary|3
|
|upkeep
|turn|11
|
|t:|1779684080
|switch|p2a: Pecharunt|Pecharunt|100/100
|move|p1a: Braviary|Esper Wing|p2a: Pecharunt
|-supereffective|p2a: Pecharunt
|-damage|p2a: Pecharunt|0 fnt
|-boost|p1a: Braviary|spe|1
|faint|p2a: Pecharunt
|
|upkeep
|-message|Mr_Stonks0406 forfeited.
|
|win|chessmaster 2000
|raw|chessmaster 2000's rating: 1343 &rarr; <strong>1360</strong><br />(+17 for winning)
|raw|Mr_Stonks0406's rating: 1283 &rarr; <strong>1262</strong><br />(-21 for losing)
|l|☆Mr_Stonks0406
|player|p2|
|l|☆chessmaster 2000
|player|p1|
