|j|☆gtrt667
|j|☆that is a sled
|t:|1779595339
|gametype|singles
|player|p1|gtrt667|n|1394
|player|p2|that is a sled|scientist-gen4|1477
|gen|9
|tier|[Gen 9] OU
|rated|
|rule|HP Percentage Mod: HP is shown in percentages
|rule|Endless Battle Clause: Forcing endless battles is banned
|rule|Species Clause: Limit one of each Pokémon
|rule|OHKO Clause: OHKO moves are banned
|rule|Evasion Items Clause: Evasion items are banned
|rule|Evasion Moves Clause: Evasion moves are banned
|rule|Evasion Abilities Clause: Evasion abilities are banned
|rule|Sleep Moves Clause: Sleep-inducing moves are banned
|clearpoke
|poke|p1|Infernape, M|
|poke|p1|Darkrai|
|poke|p1|Clefable, F|
|poke|p1|Corviknight, M|
|poke|p1|Iron Treads|
|poke|p1|Dragonite, M|
|poke|p2|Cinderace, F|
|poke|p2|Hatterene, F|
|poke|p2|Torkoal, M|
|poke|p2|Ursaluna, F|
|poke|p2|Slowking, F|
|poke|p2|Cresselia, F|
|teampreview
|inactive|Battle timer is ON: inactive players will automatically lose when time's up. (requested by that is a sled)
|
|t:|1779595354
|teamsize|p1|6
|teamsize|p2|6
|start
|switch|p1a: Darkrai|Darkrai|100/100
|switch|p2a: Celery|Cinderace, F|100/100
|turn|1
|inactive|that is a sled has 120 seconds left.
|
|t:|1779595391
|switch|p1a: Corviknight|Corviknight, M|100/100
|-ability|p1a: Corviknight|Pressure
|move|p2a: Celery|U-turn|p1a: Corviknight
|-start|p2a: Celery|typechange|Bug|[from] ability: Libero
|-resisted|p1a: Corviknight
|-damage|p1a: Corviknight|95/100
|-damage|p2a: Celery|84/100|[from] item: Rocky Helmet|[of] p1a: Corviknight
|
|t:|1779595394
|switch|p2a: Dave|Slowking, F|100/100|[from] U-turn
|
|upkeep
|turn|2
|inactive|gtrt667 has 120 seconds left.
|
|t:|1779595430
|move|p1a: Corviknight|U-turn|p2a: Dave
|-supereffective|p2a: Dave
|-damage|p2a: Dave|81/100
|
|t:|1779595432
|switch|p1a: Clefable|Clefable, F|100/100|[from] U-turn
|move|p2a: Dave|Trick Room|p2a: Dave
|-fieldstart|move: Trick Room|[of] p2a: Dave
|
|upkeep
|turn|3
|
|t:|1779595436
|move|p1a: Clefable|Stealth Rock|p2a: Dave
|-sidestart|p2: that is a sled|move: Stealth Rock
|-prepare|p2a: Dave|Chilly Reception|[premajor]
|move|p2a: Dave|Chilly Reception|p2a: Dave
|-weather|Snowscape
|
|t:|1779595446
|switch|p2a: the bear.|Ursaluna, F|100/100|[from] Chilly Reception
|-damage|p2a: the bear.|94/100|[from] Stealth Rock
|
|-weather|Snowscape|[upkeep]
|-status|p2a: the bear.|brn|[from] item: Flame Orb
|upkeep
|turn|4
|
|t:|1779595456
|switch|p1a: Iron Treads|Iron Treads|100/100
|move|p2a: the bear.|Fire Punch|p1a: Iron Treads
|-supereffective|p1a: Iron Treads
|-damage|p1a: Iron Treads|33/100
|
|-weather|Snowscape|[upkeep]
|-damage|p2a: the bear.|88/100 brn|[from] brn
|upkeep
|turn|5
|
|t:|1779595471
|-end|p1a: Iron Treads|Quark Drive|[silent]
|switch|p1a: Corviknight|Corviknight, M|95/100
|-ability|p1a: Corviknight|Pressure
|move|p2a: the bear.|Facade|p1a: Corviknight
|-resisted|p1a: Corviknight
|-damage|p1a: Corviknight|61/100
|-damage|p2a: the bear.|72/100 brn|[from] item: Rocky Helmet|[of] p1a: Corviknight
|
|-weather|Snowscape|[upkeep]
|-damage|p2a: the bear.|66/100 brn|[from] brn
|upkeep
|turn|6
|
|t:|1779595475
|switch|p1a: Iron Treads|Iron Treads|33/100
|move|p2a: the bear.|Headlong Rush|p1a: Iron Treads
|-supereffective|p1a: Iron Treads
|-damage|p1a: Iron Treads|0 fnt
|-unboost|p2a: the bear.|def|1
|-unboost|p2a: the bear.|spd|1
|faint|p1a: Iron Treads
|-end|p1a: Iron Treads|Quark Drive|[silent]
|
|-weather|Snowscape|[upkeep]
|-damage|p2a: the bear.|60/100 brn|[from] brn
|-fieldend|move: Trick Room
|upkeep
|
|t:|1779595481
|switch|p1a: Infernape|Infernape, M|100/100
|turn|7
|
|t:|1779595509
|switch|p2a: Luma|Cresselia, F|100/100
|-damage|p2a: Luma|88/100|[from] Stealth Rock
|move|p1a: Infernape|U-turn|p2a: Luma
|-supereffective|p2a: Luma
|-damage|p2a: Luma|58/100
|
|t:|1779595516
|switch|p1a: Darkrai|Darkrai|100/100|[from] U-turn
|
|-weather|none
|upkeep
|turn|8
|
|t:|1779595532
|move|p1a: Darkrai|Dark Pulse|p2a: Luma
|-supereffective|p2a: Luma
|-damage|p2a: Luma|0 fnt
|faint|p2a: Luma
|
|upkeep
|
|t:|1779595538
|switch|p2a: Celery|Cinderace, F|84/100
|turn|9
|
|t:|1779595545
|switch|p1a: Clefable|Clefable, F|100/100
|move|p2a: Celery|Court Change|p2a: Celery
|-start|p2a: Celery|typechange|Normal|[from] ability: Libero
|-swapsideconditions
|-activate|p2a: Celery|move: Court Change
|
|upkeep
|turn|10
|
|t:|1779595548
|move|p2a: Celery|U-turn|p1a: Clefable
|-resisted|p1a: Clefable
|-damage|p1a: Clefable|88/100
|
|t:|1779595549
|switch|p2a: Drag Queen|Hatterene, F|100/100|[from] U-turn
|move|p1a: Clefable|Stealth Rock|p2a: Drag Queen
|move|p2a: Drag Queen|Stealth Rock||[from] ability: Magic Bounce|[still]
|-fail|p2a: Drag Queen
|
|-heal|p1a: Clefable|94/100|[from] item: Leftovers
|upkeep
|turn|11
|
|t:|1779595556
|move|p1a: Clefable|Moonblast|p2a: Drag Queen
|-damage|p2a: Drag Queen|68/100
|move|p2a: Drag Queen|Trick Room|p2a: Drag Queen
|-fieldstart|move: Trick Room|[of] p2a: Drag Queen
|
|-heal|p1a: Clefable|99/100|[from] item: Leftovers
|upkeep
|turn|12
|
|t:|1779595563
|move|p2a: Drag Queen|Healing Wish|p2a: Drag Queen
|faint|p2a: Drag Queen
|move|p1a: Clefable|Moonblast|p2: Drag Queen|[notarget]
|-fail|p1a: Clefable
|
|-heal|p1a: Clefable|100/100|[from] item: Leftovers
|upkeep
|
|t:|1779595565
|switch|p2a: Greg|Torkoal, M|100/100
|-weather|SunnyDay|[from] ability: Drought|[of] p2a: Greg
|turn|13
|
|t:|1779595568
|-terastallize|p2a: Greg|Fire
|move|p2a: Greg|Eruption|p1a: Clefable
|-damage|p1a: Clefable|0 fnt
|faint|p1a: Clefable
|
|-weather|SunnyDay|[upkeep]
|upkeep
|
|t:|1779595580
|switch|p1a: Dragonite|Dragonite, M|100/100
|turn|14
|
|t:|1779595598
|move|p2a: Greg|Eruption|p1a: Dragonite
|-resisted|p1a: Dragonite
|-damage|p1a: Dragonite|51/100
|move|p1a: Dragonite|Earthquake|p2a: Greg
|-supereffective|p2a: Greg
|-damage|p2a: Greg|45/100
|
|-weather|SunnyDay|[upkeep]
|upkeep
|turn|15
|
|t:|1779595604
|switch|p2a: Dave|Slowking, F|100/100
|move|p1a: Dragonite|Roost|p1a: Dragonite
|-heal|p1a: Dragonite|100/100
|-singleturn|p1a: Dragonite|move: Roost
|
|-weather|SunnyDay|[upkeep]
|-fieldend|move: Trick Room
|upkeep
|turn|16
|
|t:|1779595628
|move|p1a: Dragonite|Dragon Dance|p1a: Dragonite
|-boost|p1a: Dragonite|atk|1
|-boost|p1a: Dragonite|spe|1
|move|p2a: Dave|Future Sight|p1a: Dragonite
|-start|p2a: Dave|move: Future Sight
|
|-weather|SunnyDay|[upkeep]
|upkeep
|turn|17
|
|t:|1779595635
|move|p1a: Dragonite|Earthquake|p2a: Dave
|-damage|p2a: Dave|61/100
|move|p2a: Dave|Trick Room|p2a: Dave
|-fieldstart|move: Trick Room|[of] p2a: Dave
|
|-weather|none
|upkeep
|turn|18
|
|t:|1779595640
|move|p1a: Dragonite|Dragon Dance|p1a: Dragonite
|-boost|p1a: Dragonite|atk|1
|-boost|p1a: Dragonite|spe|1
|-prepare|p2a: Dave|Chilly Reception|[premajor]
|move|p2a: Dave|Chilly Reception|p2a: Dave
|-weather|Snowscape
|
|t:|1779595668
|switch|p2a: the bear.|Ursaluna, F|60/100 brn|[from] Chilly Reception
|-heal|p2a: the bear.|100/100|[from] move: Healing Wish
|
|-weather|Snowscape|[upkeep]
|-end|p1a: Dragonite|move: Future Sight
|-damage|p1a: Dragonite|79/100
|-status|p2a: the bear.|brn|[from] item: Flame Orb
|upkeep
|turn|19
|
|t:|1779595683
|move|p1a: Dragonite|Extreme Speed|p2a: the bear.
|-damage|p2a: the bear.|55/100 brn
|move|p2a: the bear.|Facade|p1a: Dragonite
|-damage|p1a: Dragonite|0 fnt
|faint|p1a: Dragonite
|
|-weather|Snowscape|[upkeep]
|-damage|p2a: the bear.|49/100 brn|[from] brn
|upkeep
|
|t:|1779595692
|switch|p1a: Infernape|Infernape, M|100/100
|-damage|p1a: Infernape|88/100|[from] Stealth Rock
|turn|20
|
|t:|1779595700
|move|p1a: Infernape|Mach Punch|p2a: the bear.
|-supereffective|p2a: the bear.
|-damage|p2a: the bear.|2/100 brn
|move|p2a: the bear.|Facade|p1a: Infernape
|-damage|p1a: Infernape|0 fnt
|faint|p1a: Infernape
|
|-weather|Snowscape|[upkeep]
|-damage|p2a: the bear.|0 fnt|[from] brn
|faint|p2a: the bear.
|upkeep
|
|t:|1779595717
|switch|p2a: Celery|Cinderace, F|84/100
|switch|p1a: Darkrai|Darkrai|100/100
|turn|21
|
|t:|1779595723
|switch|p1a: Corviknight|Corviknight, M|61/100
|-damage|p1a: Corviknight|49/100|[from] Stealth Rock
|-ability|p1a: Corviknight|Pressure
|move|p2a: Celery|U-turn|p1a: Corviknight
|-start|p2a: Celery|typechange|Bug|[from] ability: Libero
|-resisted|p1a: Corviknight
|-damage|p1a: Corviknight|44/100
|-damage|p2a: Celery|67/100|[from] item: Rocky Helmet|[of] p1a: Corviknight
|
|t:|1779595726
|switch|p2a: Dave|Slowking, F|94/100|[from] U-turn
|
|-weather|Snowscape|[upkeep]
|-fieldend|move: Trick Room
|upkeep
|turn|22
|
|t:|1779595729
|move|p1a: Corviknight|U-turn|p2a: Dave
|-supereffective|p2a: Dave
|-damage|p2a: Dave|74/100
|
|t:|1779595731
|switch|p1a: Darkrai|Darkrai|100/100|[from] U-turn
|move|p2a: Dave|Trick Room|p2a: Dave
|-fieldstart|move: Trick Room|[of] p2a: Dave
|
|-weather|none
|upkeep
|turn|23
|
|t:|1779595732
|move|p1a: Darkrai|Dark Pulse|p2a: Dave
|-supereffective|p2a: Dave
|-damage|p2a: Dave|4/100
|-prepare|p2a: Dave|Chilly Reception|[premajor]
|move|p2a: Dave|Chilly Reception|p2a: Dave
|-weather|Snowscape
|
|t:|1779595735
|switch|p2a: Greg|Torkoal, M, tera:Fire|45/100|[from] Chilly Reception
|-weather|SunnyDay|[from] ability: Drought|[of] p2a: Greg
|
|-weather|SunnyDay|[upkeep]
|upkeep
|turn|24
|
|t:|1779595743
|move|p2a: Greg|Weather Ball|p1a: Darkrai
|-damage|p1a: Darkrai|0 fnt
|faint|p1a: Darkrai
|
|-weather|SunnyDay|[upkeep]
|upkeep
|-message|gtrt667 forfeited.
|
|win|that is a sled
|raw|gtrt667's rating: 1394 &rarr; <strong>1379</strong><br />(-15 for losing)
|raw|that is a sled's rating: 1477 &rarr; <strong>1492</strong><br />(+15 for winning)
|l|☆gtrt667
|player|p1|
|l|☆that is a sled
|player|p2|
