|j|☆that is a sled
|j|☆mechamakachino
|t:|1779595772
|gametype|singles
|player|p1|that is a sled|scientist-gen4|1492
|player|p2|mechamakachino|266|1467
|gen|9
|tier|[Gen 9] OU
|rated|
|rule|HP Percentage Mod: HP is shown in percentages
|rule|Endless Battle Clause: Forcing endless battles is banned
|rule|Species Clause: Limit one of each Pokémon
|rule|OHKO Clause: OHKO moves are banned
|rule|Evasion Items Clause: Evasion items are banned
|rule|Evasion Moves Clause: Evasion moves are banned
|rule|Evasion Abilities Clause: Evasion abilities are banned
|rule|Sleep Moves Clause: Sleep-inducing moves are banned
|clearpoke
|poke|p1|Cinderace, M|
|poke|p1|Hatterene, F|
|poke|p1|Torkoal, M|
|poke|p1|Ursaluna, F|
|poke|p1|Slowking, M|
|poke|p1|Cresselia, F|
|poke|p2|Darkrai|
|poke|p2|Garchomp, F|
|poke|p2|Alomomola, F|
|poke|p2|Corviknight, M|
|poke|p2|Weezing-Galar, F|
|poke|p2|Ogerpon, F|
|teampreview
|inactive|Battle timer is ON: inactive players will automatically lose when time's up. (requested by that is a sled)
|
|t:|1779595786
|teamsize|p1|6
|teamsize|p2|6
|start
|switch|p1a: Celery|Cinderace, M|100/100
|switch|p2a: Darkrai|Darkrai|100/100
|turn|1
|
|t:|1779595798
|-terastallize|p2a: Darkrai|Dark
|move|p2a: Darkrai|Dark Pulse|p1a: Celery
|-damage|p1a: Celery|0 fnt
|faint|p1a: Celery
|
|upkeep
|
|t:|1779595818
|switch|p1a: Drag Queen|Hatterene, F|100/100
|turn|2
|
|t:|1779595820
|move|p2a: Darkrai|Dark Pulse|p1a: Drag Queen
|-damage|p1a: Drag Queen|6/100
|move|p1a: Drag Queen|Trick Room|p1a: Drag Queen
|-fieldstart|move: Trick Room|[of] p1a: Drag Queen
|
|upkeep
|turn|3
|
|t:|1779595827
|switch|p2a: Alomomola|Alomomola, F|100/100
|move|p1a: Drag Queen|Healing Wish|p1a: Drag Queen
|faint|p1a: Drag Queen
|
|upkeep
|
|t:|1779595831
|switch|p1a: the bear.|Ursaluna, F|100/100
|turn|4
|
|t:|1779595835
|move|p1a: the bear.|Facade|p2a: Alomomola
|-damage|p2a: Alomomola|68/100
|move|p2a: Alomomola|Flip Turn|p1a: the bear.
|-supereffective|p1a: the bear.
|-damage|p1a: the bear.|77/100
|
|t:|1779595842
|switch|p2a: Garchomp|Garchomp, F|100/100|[from] Flip Turn
|
|-status|p1a: the bear.|brn|[from] item: Flame Orb
|upkeep
|turn|5
|
|t:|1779595848
|move|p1a: the bear.|Ice Punch|p2a: Garchomp
|-supereffective|p2a: Garchomp
|-damage|p2a: Garchomp|0 fnt
|-damage|p1a: the bear.|64/100 brn|[from] ability: Rough Skin|[of] p2a: Garchomp
|-damage|p1a: the bear.|48/100 brn|[from] item: Rocky Helmet|[of] p2a: Garchomp
|faint|p2a: Garchomp
|
|-damage|p1a: the bear.|42/100 brn|[from] brn
|upkeep
|
|t:|1779595855
|switch|p2a: Corviknight|Corviknight, M|100/100
|-ability|p2a: Corviknight|Pressure
|turn|6
|
|t:|1779595859
|move|p1a: the bear.|Fire Punch|p2a: Corviknight
|-supereffective|p2a: Corviknight
|-damage|p2a: Corviknight|29/100
|move|p2a: Corviknight|Roost|p2a: Corviknight
|-heal|p2a: Corviknight|79/100
|-singleturn|p2a: Corviknight|move: Roost
|
|-heal|p2a: Corviknight|85/100|[from] item: Leftovers
|-damage|p1a: the bear.|36/100 brn|[from] brn
|-fieldend|move: Trick Room
|upkeep
|turn|7
|
|t:|1779595875
|switch|p1a: Luma|Cresselia, F|100/100
|move|p2a: Corviknight|U-turn|p1a: Luma
|-supereffective|p1a: Luma
|-damage|p1a: Luma|86/100
|
|t:|1779595877
|switch|p2a: Darkrai|Darkrai, tera:Dark|100/100|[from] U-turn
|
|upkeep
|turn|8
|
|t:|1779595890
|-terastallize|p1a: Luma|Poison
|move|p2a: Darkrai|Dark Pulse|p1a: Luma
|-damage|p1a: Luma|28/100
|cant|p1a: Luma|flinch
|
|upkeep
|turn|9
|-message|that is a sled forfeited.
|
|win|mechamakachino
|raw|that is a sled's rating: 1492 &rarr; <strong>1471</strong><br />(-21 for losing)
|raw|mechamakachino's rating: 1467 &rarr; <strong>1488</strong><br />(+21 for winning)
|l|☆that is a sled
|player|p1|
|l|☆mechamakachino
|player|p2|
