|j|☆gulp1
|j|☆NickyTheNick
|t:|1779701841
|gametype|singles
|player|p1|gulp1|266|1152
|player|p2|NickyTheNick|shauntal|1227
|gen|9
|tier|[Gen 9] OU
|rated|
|rule|HP Percentage Mod: HP is shown in percentages
|rule|Endless Battle Clause: Forcing endless battles is banned
|rule|Species Clause: Limit one of each Pokémon
|rule|OHKO Clause: OHKO moves are banned
|rule|Evasion Items Clause: Evasion items are banned
|rule|Evasion Moves Clause: Evasion moves are banned
|rule|Evasion Abilities Clause: Evasion abilities are banned
|rule|Sleep Moves Clause: Sleep-inducing moves are banned
|clearpoke
|poke|p1|Glimmora, F|
|poke|p1|Bronzong|
|poke|p1|Dragapult, F|
|poke|p1|Clefable, M|
|poke|p1|Clodsire, F|
|poke|p1|Pawmot, M|
|poke|p2|Gliscor, M|
|poke|p2|Maushold-Four|
|poke|p2|Hatterene, F|
|poke|p2|Moltres-Galar|
|poke|p2|Ursaluna, M|
|poke|p2|Deoxys-Speed|
|teampreview
|inactive|Battle timer is ON: inactive players will automatically lose when time's up. (requested by NickyTheNick)
|
|t:|1779701901
|teamsize|p1|6
|teamsize|p2|6
|start
|switch|p1a: Bronzong|Bronzong, shiny|100/100
|switch|p2a: Deoxys|Deoxys-Speed|100/100
|-ability|p2a: Deoxys|Pressure
|turn|1
|
|t:|1779701915
|switch|p1a: Clefable|Clefable, M, shiny|100/100
|move|p2a: Deoxys|Taunt|p1a: Clefable
|-start|p1a: Clefable|move: Taunt
|
|upkeep
|turn|2
|
|t:|1779701920
|move|p2a: Deoxys|Thunder Wave|p1a: Clefable
|-status|p1a: Clefable|par
|move|p1a: Clefable|Moonblast|p2a: Deoxys
|-damage|p2a: Deoxys|39/100
|
|upkeep
|turn|3
|
|t:|1779701926
|switch|p2a: Hatterene|Hatterene, F|100/100
|move|p1a: Clefable|Moonblast|p2a: Hatterene
|-crit|p2a: Hatterene
|-damage|p2a: Hatterene|61/100
|
|-end|p1a: Clefable|move: Taunt
|upkeep
|turn|4
|
|t:|1779701937
|switch|p1a: Bronzong|Bronzong, shiny|100/100
|move|p2a: Hatterene|Psyshock|p1a: Bronzong
|-resisted|p1a: Bronzong
|-damage|p1a: Bronzong|90/100
|
|-damage|p1a: Bronzong|78/100|[from] item: Sticky Barb
|upkeep
|turn|5
|
|t:|1779701944
|move|p1a: Bronzong|Trick|p2a: Hatterene
|-activate|p1a: Bronzong|move: Trick|[of] p2a: Hatterene
|-item|p2a: Hatterene|Sticky Barb|[from] move: Trick
|-item|p1a: Bronzong|Assault Vest|[from] move: Trick
|move|p2a: Hatterene|Mystical Fire|p1a: Bronzong
|-supereffective|p1a: Bronzong
|-damage|p1a: Bronzong|47/100
|-unboost|p1a: Bronzong|spa|1
|
|-damage|p2a: Hatterene|48/100|[from] item: Sticky Barb
|upkeep
|turn|6
|
|t:|1779701958
|switch|p1a: Glimmora|Glimmora, F, shiny|100/100
|move|p2a: Hatterene|Mystical Fire|p1a: Glimmora
|-resisted|p1a: Glimmora
|-damage|p1a: Glimmora|84/100
|-unboost|p1a: Glimmora|spa|1
|
|-heal|p1a: Glimmora|90/100|[from] item: Leftovers
|-damage|p2a: Hatterene|36/100|[from] item: Sticky Barb
|upkeep
|turn|7
|
|t:|1779701967
|move|p1a: Glimmora|Light Screen|p1a: Glimmora
|-sidestart|p1: gulp1|move: Light Screen
|move|p2a: Hatterene|Psyshock|p1a: Glimmora
|-supereffective|p1a: Glimmora
|-damage|p1a: Glimmora|41/100
|
|-heal|p1a: Glimmora|47/100|[from] item: Leftovers
|-damage|p2a: Hatterene|23/100|[from] item: Sticky Barb
|upkeep
|turn|8
|
|t:|1779701980
|move|p1a: Glimmora|Spiky Shield|p1a: Glimmora
|-singleturn|p1a: Glimmora|move: Protect
|move|p2a: Hatterene|Psyshock|p1a: Glimmora
|-activate|p1a: Glimmora|move: Protect
|
|-heal|p1a: Glimmora|53/100|[from] item: Leftovers
|-damage|p2a: Hatterene|11/100|[from] item: Sticky Barb
|upkeep
|turn|9
|
|t:|1779701988
|move|p1a: Glimmora|Mortal Spin|p2a: Hatterene
|-supereffective|p2a: Hatterene
|-damage|p2a: Hatterene|0 fnt
|faint|p2a: Hatterene
|
|-heal|p1a: Glimmora|59/100|[from] item: Leftovers
|upkeep
|
|t:|1779702002
|switch|p2a: Deoxys|Deoxys-Speed|39/100
|-ability|p2a: Deoxys|Pressure
|turn|10
|
|t:|1779702008
|move|p2a: Deoxys|Psycho Boost|p1a: Glimmora
|-supereffective|p1a: Glimmora
|-damage|p1a: Glimmora|0 fnt
|-unboost|p2a: Deoxys|spa|2
|faint|p1a: Glimmora
|
|upkeep
|
|t:|1779702021
|switch|p1a: Bronzong|Bronzong, shiny|47/100
|turn|11
|
|t:|1779702026
|move|p2a: Deoxys|Thunder Wave|p1a: Bronzong
|-status|p1a: Bronzong|par
|move|p1a: Bronzong|Future Sight|p2a: Deoxys
|-start|p1a: Bronzong|move: Future Sight
|
|-sideend|p1: gulp1|move: Light Screen
|upkeep
|turn|12
|
|t:|1779702034
|switch|p2a: Moltres|Moltres-Galar|100/100
|move|p1a: Bronzong|Night Shade|p2a: Moltres
|-damage|p2a: Moltres|69/100
|
|upkeep
|turn|13
|
|t:|1779702047
|switch|p1a: Clefable|Clefable, M, shiny|100/100 par
|move|p2a: Moltres|Agility|p2a: Moltres
|-boost|p2a: Moltres|spe|2
|
|-end|p2a: Moltres|move: Future Sight
|-immune|p2a: Moltres
|upkeep
|turn|14
|
|t:|1779702055
|move|p2a: Moltres|Air Slash|p1a: Clefable|[miss]
|-miss|p2a: Moltres|p1a: Clefable
|move|p1a: Clefable|Moonblast|p2a: Moltres
|-supereffective|p2a: Moltres
|-damage|p2a: Moltres|11/100
|-ability|p2a: Moltres|Berserk|boost
|-boost|p2a: Moltres|spa|1
|
|upkeep
|turn|15
|
|t:|1779702063
|move|p2a: Moltres|Rest|p2a: Moltres
|-status|p2a: Moltres|slp|[from] move: Rest
|-heal|p2a: Moltres|100/100 slp|[silent]
|-enditem|p2a: Moltres|Chesto Berry|[eat]
|-curestatus|p2a: Moltres|slp|[msg]
|cant|p1a: Clefable|par
|
|upkeep
|turn|16
|
|t:|1779702071
|switch|p1a: Clodsire|Clodsire, F, shiny|100/100
|move|p2a: Moltres|Air Slash|p1a: Clodsire
|-damage|p1a: Clodsire|66/100
|
|-heal|p1a: Clodsire|72/100|[from] item: Black Sludge
|upkeep
|turn|17
|
|t:|1779702078
|move|p2a: Moltres|Fiery Wrath|p1a: Clodsire
|-damage|p1a: Clodsire|32/100
|move|p1a: Clodsire|Haze|p1a: Clodsire
|-clearallboost
|
|-heal|p1a: Clodsire|38/100|[from] item: Black Sludge
|upkeep
|turn|18
|
|t:|1779702086
|move|p2a: Moltres|Fiery Wrath|p1a: Clodsire
|-damage|p1a: Clodsire|12/100
|move|p1a: Clodsire|Recover|p1a: Clodsire
|-heal|p1a: Clodsire|62/100
|
|-heal|p1a: Clodsire|68/100|[from] item: Black Sludge
|upkeep
|turn|19
|
|t:|1779702093
|move|p2a: Moltres|Air Slash|p1a: Clodsire
|-damage|p1a: Clodsire|48/100
|move|p1a: Clodsire|Poison Jab|p2a: Moltres
|-damage|p2a: Moltres|74/100
|
|-heal|p1a: Clodsire|54/100|[from] item: Black Sludge
|upkeep
|turn|20
|
|t:|1779702102
|move|p2a: Moltres|Air Slash|p1a: Clodsire
|-damage|p1a: Clodsire|34/100
|cant|p1a: Clodsire|flinch
|
|-heal|p1a: Clodsire|40/100|[from] item: Black Sludge
|upkeep
|turn|21
|
|t:|1779702108
|move|p2a: Moltres|Fiery Wrath|p1a: Clodsire
|-damage|p1a: Clodsire|16/100
|move|p1a: Clodsire|Recover|p1a: Clodsire
|-heal|p1a: Clodsire|66/100
|
|-heal|p1a: Clodsire|72/100|[from] item: Black Sludge
|upkeep
|turn|22
|
|t:|1779702114
|move|p2a: Moltres|Air Slash|p1a: Clodsire|[miss]
|-miss|p2a: Moltres|p1a: Clodsire
|move|p1a: Clodsire|Poison Jab|p2a: Moltres
|-damage|p2a: Moltres|47/100
|-status|p2a: Moltres|psn
|-ability|p2a: Moltres|Berserk|boost
|-boost|p2a: Moltres|spa|1
|
|-heal|p1a: Clodsire|78/100|[from] item: Black Sludge
|-damage|p2a: Moltres|34/100 psn|[from] psn
|upkeep
|turn|23
|
|t:|1779702126
|move|p2a: Moltres|Air Slash|p1a: Clodsire
|-damage|p1a: Clodsire|48/100
|move|p1a: Clodsire|Haze|p1a: Clodsire
|-clearallboost
|
|-heal|p1a: Clodsire|54/100|[from] item: Black Sludge
|-damage|p2a: Moltres|22/100 psn|[from] psn
|upkeep
|turn|24
|
|t:|1779702134
|move|p2a: Moltres|Air Slash|p1a: Clodsire
|-damage|p1a: Clodsire|33/100
|move|p1a: Clodsire|Recover|p1a: Clodsire
|-heal|p1a: Clodsire|83/100
|
|-heal|p1a: Clodsire|89/100|[from] item: Black Sludge
|-damage|p2a: Moltres|9/100 psn|[from] psn
|upkeep
|turn|25
|
|t:|1779702144
|move|p2a: Moltres|Fiery Wrath|p1a: Clodsire
|-damage|p1a: Clodsire|65/100
|move|p1a: Clodsire|Poison Jab|p2a: Moltres
|-damage|p2a: Moltres|0 fnt
|faint|p2a: Moltres
|
|-heal|p1a: Clodsire|71/100|[from] item: Black Sludge
|upkeep
|
|t:|1779702152
|switch|p2a: Deoxys|Deoxys-Speed|39/100
|-ability|p2a: Deoxys|Pressure
|turn|26
|
|t:|1779702163
|switch|p1a: Bronzong|Bronzong, shiny|47/100 par
|move|p2a: Deoxys|Psycho Boost|p1a: Bronzong
|-resisted|p1a: Bronzong
|-damage|p1a: Bronzong|39/100 par
|-unboost|p2a: Deoxys|spa|2
|
|upkeep
|turn|27
|
|t:|1779702172
|switch|p2a: Maushold|Maushold-Four|100/100
|move|p1a: Bronzong|Future Sight|p2a: Maushold
|-start|p1a: Bronzong|move: Future Sight
|
|upkeep
|turn|28
|
|t:|1779702185
|switch|p1a: Clefable|Clefable, M, shiny|100/100 par
|move|p2a: Maushold|Bite|p1a: Clefable
|-resisted|p1a: Clefable
|-damage|p1a: Clefable|90/100 par
|-damage|p2a: Maushold|84/100|[from] item: Rocky Helmet|[of] p1a: Clefable
|
|upkeep
|turn|29
|
|t:|1779702193
|switch|p2a: Deoxys|Deoxys-Speed|39/100
|-ability|p2a: Deoxys|Pressure
|cant|p1a: Clefable|par
|
|-end|p2a: Deoxys|move: Future Sight
|-resisted|p2a: Deoxys
|-damage|p2a: Deoxys|13/100
|upkeep
|turn|30
|
|t:|1779702206
|switch|p2a: Maushold|Maushold-Four|84/100
|move|p1a: Clefable|Moonlight|p1a: Clefable
|-heal|p1a: Clefable|100/100 par
|
|upkeep
|turn|31
|
|t:|1779702213
|move|p2a: Maushold|Encore|p1a: Clefable
|-start|p1a: Clefable|Encore
|move|p1a: Clefable|Moonlight|p1a: Clefable
|-fail|p1a: Clefable|heal
|
|upkeep
|turn|32
|
|t:|1779702220
|move|p2a: Maushold|Tidy Up|p2a: Maushold
|-boost|p2a: Maushold|atk|1
|-boost|p2a: Maushold|spe|1
|move|p1a: Clefable|Moonlight|p1a: Clefable
|-fail|p1a: Clefable|heal
|
|upkeep
|turn|33
|
|t:|1779702232
|move|p2a: Maushold|Tidy Up|p2a: Maushold
|-boost|p2a: Maushold|atk|1
|-boost|p2a: Maushold|spe|1
|move|p1a: Clefable|Moonlight|p1a: Clefable
|-fail|p1a: Clefable|heal
|
|-end|p1a: Clefable|Encore
|upkeep
|turn|34
|
|t:|1779702244
|move|p2a: Maushold|Encore|p1a: Clefable
|-start|p1a: Clefable|Encore
|move|p1a: Clefable|Moonlight|p1a: Clefable
|-fail|p1a: Clefable|heal
|
|upkeep
|turn|35
|
|t:|1779702264
|switch|p2a: Ursaluna|Ursaluna, M|100/100
|cant|p1a: Clefable|par
|
|-status|p2a: Ursaluna|brn|[from] item: Flame Orb
|upkeep
|turn|36
|
|t:|1779702278
|switch|p1a: Bronzong|Bronzong, shiny|39/100 par
|move|p2a: Ursaluna|Headlong Rush|p1a: Bronzong
|-immune|p1a: Bronzong|[from] ability: Levitate
|
|-damage|p2a: Ursaluna|94/100 brn|[from] brn
|upkeep
|turn|37
|
|t:|1779702287
|move|p2a: Ursaluna|Close Combat|p1a: Bronzong
|-damage|p1a: Bronzong|0 fnt
|-unboost|p2a: Ursaluna|def|1
|-unboost|p2a: Ursaluna|spd|1
|faint|p1a: Bronzong
|
|-damage|p2a: Ursaluna|88/100 brn|[from] brn
|upkeep
|
|t:|1779702294
|switch|p1a: Pawmot|Pawmot, M, shiny|100/100
|turn|38
|
|t:|1779702306
|switch|p2a: Deoxys|Deoxys-Speed|13/100
|-ability|p2a: Deoxys|Pressure
|-terastallize|p1a: Pawmot|Flying
|move|p1a: Pawmot|Encore||[still]
|-fail|p1a: Pawmot
|
|upkeep
|turn|39
|
|t:|1779702322
|switch|p1a: Clefable|Clefable, M, shiny|100/100 par
|move|p2a: Deoxys|Psycho Boost|p1a: Clefable|[miss]
|-miss|p2a: Deoxys|p1a: Clefable
|
|upkeep
|turn|40
|
|t:|1779702351
|switch|p2a: Ursaluna|Ursaluna, M|88/100 brn
|move|p1a: Clefable|Moonblast|p2a: Ursaluna
|-damage|p2a: Ursaluna|56/100 brn
|
|-damage|p2a: Ursaluna|50/100 brn|[from] brn
|upkeep
|turn|41
|
|t:|1779702359
|move|p2a: Ursaluna|Headlong Rush|p1a: Clefable
|-damage|p1a: Clefable|0 fnt
|-unboost|p2a: Ursaluna|def|1
|-unboost|p2a: Ursaluna|spd|1
|-damage|p2a: Ursaluna|34/100 brn|[from] item: Rocky Helmet|[of] p1a: Clefable
|faint|p1a: Clefable
|
|-damage|p2a: Ursaluna|28/100 brn|[from] brn
|upkeep
|
|t:|1779702367
|switch|p1a: Pawmot|Pawmot, M, shiny, tera:Flying|100/100
|turn|42
|
|t:|1779702375
|switch|p2a: Deoxys|Deoxys-Speed|13/100
|-ability|p2a: Deoxys|Pressure
|move|p1a: Pawmot|Encore||[still]
|-fail|p1a: Pawmot
|
|upkeep
|turn|43
|
|t:|1779702386
|switch|p1a: Dragapult|Dragapult, F|100/100
|move|p2a: Deoxys|Psycho Boost|p1a: Dragapult
|-damage|p1a: Dragapult|9/100
|-unboost|p2a: Deoxys|spa|2
|
|upkeep
|turn|44
|
|t:|1779702393
|move|p1a: Dragapult|Sucker Punch|p2a: Deoxys
|-supereffective|p2a: Deoxys
|-damage|p2a: Deoxys|0 fnt
|faint|p2a: Deoxys
|
|upkeep
|
|t:|1779702395
|switch|p2a: Maushold|Maushold-Four|84/100
|turn|45
|
|t:|1779702402
|move|p1a: Dragapult|Dragon Darts|p2a: Maushold
|-damage|p2a: Maushold|30/100
|-anim|p1a: Dragapult|Dragon Darts|p2a: Maushold
|-damage|p2a: Maushold|0 fnt
|faint|p2a: Maushold
|
|upkeep
|
|t:|1779702414
|switch|p2a: Gliscor|Gliscor, M|100/100
|turn|46
|
|t:|1779702420
|move|p1a: Dragapult|Dragon Darts|p2a: Gliscor
|-damage|p2a: Gliscor|79/100
|-anim|p1a: Dragapult|Dragon Darts|p2a: Gliscor
|-damage|p2a: Gliscor|60/100
|move|p2a: Gliscor|Toxic|p1a: Dragapult
|-status|p1a: Dragapult|tox
|
|-damage|p1a: Dragapult|3/100 tox|[from] psn
|-status|p2a: Gliscor|tox|[from] item: Toxic Orb
|upkeep
|turn|47
|
|t:|1779702437
|switch|p1a: Pawmot|Pawmot, M, shiny, tera:Flying|100/100
|move|p2a: Gliscor|Earthquake|p1a: Pawmot
|-immune|p1a: Pawmot
|
|-heal|p2a: Gliscor|72/100 tox|[from] ability: Poison Heal
|upkeep
|turn|48
|
|t:|1779702447
|switch|p2a: Ursaluna|Ursaluna, M|28/100 brn
|move|p1a: Pawmot|Revival Blessing|p1a: Pawmot
|-enditem|p1a: Pawmot|Leppa Berry|[eat]
|-activate|p1a: Pawmot|item: Leppa Berry|Revival Blessing|[consumed]
|
|t:|1779702453
|-heal|p1: Bronzong|50/100|[from] move: Revival Blessing
|
|-damage|p2a: Ursaluna|22/100 brn|[from] brn
|upkeep
|turn|49
|
|t:|1779702466
|move|p1a: Pawmot|Revival Blessing|p1a: Pawmot
|
|t:|1779702472
|-heal|p1: Clefable|50/100|[from] move: Revival Blessing
|move|p2a: Ursaluna|Facade|p1a: Pawmot
|-damage|p1a: Pawmot|0 fnt
|faint|p1a: Pawmot
|
|-damage|p2a: Ursaluna|16/100 brn|[from] brn
|upkeep
|
|t:|1779702483
|switch|p1a: Dragapult|Dragapult, F|3/100 tox
|turn|50
|
|t:|1779702488
|move|p1a: Dragapult|Dragon Darts|p2a: Ursaluna
|-damage|p2a: Ursaluna|0 fnt
|faint|p2a: Ursaluna
|
|-damage|p1a: Dragapult|0 fnt|[from] psn
|faint|p1a: Dragapult
|upkeep
|-message|NickyTheNick forfeited.
|
|win|gulp1
|raw|gulp1's rating: 1152 &rarr; <strong>1182</strong><br />(+30 for winning)
|raw|NickyTheNick's rating: 1227 &rarr; <strong>1197</strong><br />(-30 for losing)
|l|☆NickyTheNick
|player|p2|
|l|☆gulp1
|player|p1|
|j|☆NickyTheNick
|player|p2|NickyTheNick|shauntal|
