|j|‽prismatic_player
|j|☆Apadge0
|t:|1779684789
|gametype|singles
|player|p1|prismatic_player|lucas|1095
|player|p2|Apadge0|lucian|1099
|gen|9
|tier|[Gen 9] OU
|rated|
|rule|HP Percentage Mod: HP is shown in percentages
|rule|Endless Battle Clause: Forcing endless battles is banned
|rule|Species Clause: Limit one of each Pokémon
|rule|OHKO Clause: OHKO moves are banned
|rule|Evasion Items Clause: Evasion items are banned
|rule|Evasion Moves Clause: Evasion moves are banned
|rule|Evasion Abilities Clause: Evasion abilities are banned
|rule|Sleep Moves Clause: Sleep-inducing moves are banned
|clearpoke
|poke|p1|Medicham, F|
|poke|p1|Zapdos|
|poke|p1|Ogerpon-Wellspring, F|
|poke|p1|Pelipper, M|
|poke|p1|Lokix, F|
|poke|p1|Clawitzer, M|
|poke|p2|Torkoal, M|
|poke|p2|Walking Wake|
|poke|p2|Hatterene, F|
|poke|p2|Alomomola, F|
|poke|p2|Arcanine-Hisui, F|
|poke|p2|Raging Bolt|
|teampreview
|inactive|Battle timer is ON: inactive players will automatically lose when time's up. (requested by Apadge0)
|
|t:|1779684797
|teamsize|p1|6
|teamsize|p2|6
|start
|switch|p1a: Clawitzer|Clawitzer, M, shiny|100/100
|switch|p2a: Torkoal|Torkoal, M|100/100
|-weather|SunnyDay|[from] ability: Drought|[of] p2a: Torkoal
|turn|1
|
|t:|1779684803
|move|p1a: Clawitzer|Dark Pulse|p2a: Torkoal
|-damage|p2a: Torkoal|25/100
|-damage|p1a: Clawitzer|91/100|[from] item: Life Orb
|move|p2a: Torkoal|Stealth Rock|p1a: Clawitzer
|-sidestart|p1: prismatic_player|move: Stealth Rock
|
|-weather|SunnyDay|[upkeep]
|upkeep
|turn|2
|
|t:|1779684812
|switch|p2a: Hatterene|Hatterene, F|100/100
|move|p1a: Clawitzer|Dragon Pulse|p2a: Hatterene
|-immune|p2a: Hatterene
|
|-weather|SunnyDay|[upkeep]
|upkeep
|turn|3
|
|t:|1779684819
|switch|p1a: Pelipper|Pelipper, M|100/100
|-damage|p1a: Pelipper|76/100|[from] Stealth Rock
|-weather|RainDance|[from] ability: Drizzle|[of] p1a: Pelipper
|move|p2a: Hatterene|Nuzzle|p1a: Pelipper
|-supereffective|p1a: Pelipper
|-damage|p1a: Pelipper|60/100
|-status|p1a: Pelipper|par
|
|-weather|RainDance|[upkeep]
|upkeep
|turn|4
|inactive|prismatic_player has 120 seconds left.
|
|t:|1779684854
|move|p2a: Hatterene|Psychic|p1a: Pelipper
|-damage|p1a: Pelipper|0 fnt
|faint|p1a: Pelipper
|
|-weather|RainDance|[upkeep]
|upkeep
|
|t:|1779684857
|switch|p1a: Lokix|Lokix, F|100/100
|-damage|p1a: Lokix|76/100|[from] Stealth Rock
|turn|5
|
|t:|1779684866
|switch|p2a: Torkoal|Torkoal, M|25/100
|-weather|SunnyDay|[from] ability: Drought|[of] p2a: Torkoal
|-terastallize|p1a: Lokix|Bug
|move|p1a: Lokix|First Impression|p2a: Torkoal
|-resisted|p2a: Torkoal
|-damage|p2a: Torkoal|0 fnt
|faint|p2a: Torkoal
|-damage|p1a: Lokix|66/100|[from] item: Life Orb
|
|-weather|SunnyDay|[upkeep]
|upkeep
|
|t:|1779684874
|switch|p2a: Walking Wake|Walking Wake|100/100
|-activate|p2a: Walking Wake|ability: Protosynthesis
|-start|p2a: Walking Wake|protosynthesisspa
|turn|6
|
|t:|1779684888
|move|p1a: Lokix|Sucker Punch|p2a: Walking Wake
|-damage|p2a: Walking Wake|60/100
|-damage|p1a: Lokix|56/100|[from] item: Life Orb
|move|p2a: Walking Wake|Flamethrower|p1a: Lokix
|-supereffective|p1a: Lokix
|-damage|p1a: Lokix|0 fnt
|faint|p1a: Lokix
|
|-weather|SunnyDay|[upkeep]
|upkeep
|
|t:|1779684896
|switch|p1a: Medicham|Medicham, F|100/100
|-damage|p1a: Medicham|94/100|[from] Stealth Rock
|turn|7
|
|t:|1779684902
|move|p1a: Medicham|High Jump Kick|p2a: Walking Wake
|-damage|p2a: Walking Wake|0 fnt
|faint|p2a: Walking Wake
|-end|p2a: Walking Wake|Protosynthesis|[silent]
|
|-weather|SunnyDay|[upkeep]
|upkeep
|
|t:|1779684909
|switch|p2a: Raging Bolt|Raging Bolt|100/100
|-activate|p2a: Raging Bolt|ability: Protosynthesis
|-start|p2a: Raging Bolt|protosynthesisspa
|turn|8
|
|t:|1779684915
|move|p2a: Raging Bolt|Thunderclap|p1a: Medicham
|-crit|p1a: Medicham
|-damage|p1a: Medicham|0 fnt
|faint|p1a: Medicham
|
|-weather|SunnyDay|[upkeep]
|upkeep
|-message|prismatic_player forfeited.
|
|win|Apadge0
|raw|prismatic_player's rating: 1095 &rarr; <strong>1071</strong><br />(-24 for losing)
|raw|Apadge0's rating: 1099 &rarr; <strong>1124</strong><br />(+25 for winning)
|l|‽prismatic_player
|player|p1|
|l|☆Apadge0
|player|p2|
