|j|☆putliopop
|j|☆Shadow mploj
|t:|1779587463
|gametype|singles
|player|p1|putliopop|101|1141
|player|p2|Shadow mploj|169|1116
|gen|9
|tier|[Gen 9] OU
|rated|
|rule|HP Percentage Mod: HP is shown in percentages
|rule|Endless Battle Clause: Forcing endless battles is banned
|rule|Species Clause: Limit one of each Pokémon
|rule|OHKO Clause: OHKO moves are banned
|rule|Evasion Items Clause: Evasion items are banned
|rule|Evasion Moves Clause: Evasion moves are banned
|rule|Evasion Abilities Clause: Evasion abilities are banned
|rule|Sleep Moves Clause: Sleep-inducing moves are banned
|clearpoke
|poke|p1|Litleo, F|
|poke|p1|Dragonite, F|
|poke|p1|Great Tusk|
|poke|p1|Spiritomb, F|
|poke|p1|Kingdra, M|
|poke|p1|Clodsire, F|
|poke|p2|Komala, F|
|poke|p2|Lycanroc, F|
|poke|p2|Dusknoir, M|
|poke|p2|Granbull, F|
|poke|p2|Jolteon, M|
|poke|p2|Virizion|
|teampreview
|inactive|Battle timer is ON: inactive players will automatically lose when time's up. (requested by Shadow mploj)
|
|t:|1779587470
|teamsize|p1|6
|teamsize|p2|6
|start
|switch|p1a: Clodsire|Clodsire, F|100/100
|switch|p2a: Lycanroc|Lycanroc, F|100/100
|turn|1
|
|t:|1779587477
|move|p2a: Lycanroc|Stealth Rock|p1a: Clodsire
|-sidestart|p1: putliopop|move: Stealth Rock
|move|p1a: Clodsire|Toxic|p2a: Lycanroc
|-status|p2a: Lycanroc|tox
|
|-damage|p2a: Lycanroc|94/100 tox|[from] psn
|upkeep
|turn|2
|
|t:|1779587488
|switch|p2a: Komala|Komala, F|100/100
|-ability|p2a: Komala|Comatose
|move|p1a: Clodsire|Stealth Rock|p2a: Komala
|-sidestart|p2: Shadow mploj|move: Stealth Rock
|
|upkeep
|turn|3
|
|t:|1779587495
|switch|p1a: Great Tusk|Great Tusk|100/100
|-damage|p1a: Great Tusk|98/100|[from] Stealth Rock
|-enditem|p1a: Great Tusk|Booster Energy
|-activate|p1a: Great Tusk|ability: Protosynthesis|[fromitem]
|-start|p1a: Great Tusk|protosynthesisatk
|move|p2a: Komala|Rapid Spin|p1a: Great Tusk
|-crit|p1a: Great Tusk
|-damage|p1a: Great Tusk|76/100
|-boost|p2a: Komala|spe|1
|-sideend|p2: Shadow mploj|Stealth Rock|[from] move: Rapid Spin|[of] p2a: Komala
|
|upkeep
|turn|4
|
|t:|1779587505
|switch|p2a: Dusknoir|Dusknoir, M|100/100
|-ability|p2a: Dusknoir|Pressure
|move|p1a: Great Tusk|Close Combat|p2a: Dusknoir
|-immune|p2a: Dusknoir
|
|upkeep
|turn|5
|
|t:|1779587515
|-end|p1a: Great Tusk|Protosynthesis|[silent]
|switch|p1a: Spiritomb|Spiritomb, F|100/100
|-damage|p1a: Spiritomb|88/100|[from] Stealth Rock
|move|p2a: Dusknoir|Will-O-Wisp|p1a: Spiritomb
|-status|p1a: Spiritomb|brn
|
|-heal|p1a: Spiritomb|94/100 brn|[from] item: Leftovers
|-damage|p1a: Spiritomb|88/100 brn|[from] brn
|upkeep
|turn|6
|
|t:|1779587524
|move|p2a: Dusknoir|Hex|p1a: Spiritomb
|-damage|p1a: Spiritomb|57/100 brn
|move|p1a: Spiritomb|Will-O-Wisp|p2a: Dusknoir
|-status|p2a: Dusknoir|brn
|
|-heal|p1a: Spiritomb|64/100 brn|[from] item: Leftovers
|-damage|p2a: Dusknoir|94/100 brn|[from] brn
|-damage|p1a: Spiritomb|57/100 brn|[from] brn
|upkeep
|turn|7
|
|t:|1779587533
|move|p2a: Dusknoir|Calm Mind|p2a: Dusknoir
|-boost|p2a: Dusknoir|spa|1
|-boost|p2a: Dusknoir|spd|1
|move|p1a: Spiritomb|Foul Play|p2a: Dusknoir
|-supereffective|p2a: Dusknoir
|-damage|p2a: Dusknoir|75/100 brn
|
|-heal|p2a: Dusknoir|81/100 brn|[from] item: Leftovers
|-heal|p1a: Spiritomb|64/100 brn|[from] item: Leftovers
|-damage|p2a: Dusknoir|75/100 brn|[from] brn
|-damage|p1a: Spiritomb|57/100 brn|[from] brn
|upkeep
|turn|8
|
|t:|1779587547
|move|p2a: Dusknoir|Calm Mind|p2a: Dusknoir
|-boost|p2a: Dusknoir|spa|1
|-boost|p2a: Dusknoir|spd|1
|move|p1a: Spiritomb|Shadow Ball|p2a: Dusknoir
|-supereffective|p2a: Dusknoir
|-damage|p2a: Dusknoir|55/100 brn
|
|-heal|p2a: Dusknoir|61/100 brn|[from] item: Leftovers
|-heal|p1a: Spiritomb|64/100 brn|[from] item: Leftovers
|-damage|p2a: Dusknoir|55/100 brn|[from] brn
|-damage|p1a: Spiritomb|57/100 brn|[from] brn
|upkeep
|turn|9
|
|t:|1779587560
|move|p2a: Dusknoir|Hex|p1a: Spiritomb
|-crit|p1a: Spiritomb
|-damage|p1a: Spiritomb|0 fnt
|faint|p1a: Spiritomb
|
|-heal|p2a: Dusknoir|61/100 brn|[from] item: Leftovers
|-damage|p2a: Dusknoir|55/100 brn|[from] brn
|upkeep
|
|t:|1779587572
|switch|p1a: Kingdra|Kingdra, M|100/100
|-damage|p1a: Kingdra|88/100|[from] Stealth Rock
|turn|10
|
|t:|1779587580
|move|p1a: Kingdra|Hydro Pump|p2a: Dusknoir|[miss]
|-miss|p1a: Kingdra|p2a: Dusknoir
|move|p2a: Dusknoir|Will-O-Wisp|p1a: Kingdra
|-status|p1a: Kingdra|brn
|
|-heal|p2a: Dusknoir|61/100 brn|[from] item: Leftovers
|-damage|p1a: Kingdra|82/100 brn|[from] brn
|-damage|p2a: Dusknoir|55/100 brn|[from] brn
|upkeep
|turn|11
|
|t:|1779587589
|move|p1a: Kingdra|Hydro Pump|p2a: Dusknoir
|-damage|p2a: Dusknoir|24/100 brn
|move|p2a: Dusknoir|Hex|p1a: Kingdra
|-damage|p1a: Kingdra|0 fnt
|faint|p1a: Kingdra
|
|-heal|p2a: Dusknoir|30/100 brn|[from] item: Leftovers
|-damage|p2a: Dusknoir|24/100 brn|[from] brn
|upkeep
|
|t:|1779587597
|switch|p1a: Litleo|Litleo, F|100/100
|-damage|p1a: Litleo|76/100|[from] Stealth Rock
|turn|12
|
|t:|1779587602
|move|p1a: Litleo|Flamethrower|p2a: Dusknoir
|-damage|p2a: Dusknoir|9/100 brn
|move|p2a: Dusknoir|Pain Split|p1a: Litleo
|-sethp|p1a: Litleo|43/100|[from] move: Pain Split|[silent]
|-sethp|p2a: Dusknoir|39/100 brn|[from] move: Pain Split
|
|-heal|p2a: Dusknoir|45/100 brn|[from] item: Leftovers
|-damage|p2a: Dusknoir|39/100 brn|[from] brn
|upkeep
|turn|13
|
|t:|1779587611
|switch|p2a: Lycanroc|Lycanroc, F|94/100 tox
|move|p1a: Litleo|Sunny Day|p1a: Litleo
|-weather|SunnyDay
|
|-weather|SunnyDay|[upkeep]
|-damage|p2a: Lycanroc|88/100 tox|[from] psn
|upkeep
|turn|14
|
|t:|1779587620
|move|p2a: Lycanroc|Accelerock|p1a: Litleo
|-supereffective|p1a: Litleo
|-damage|p1a: Litleo|0 fnt
|faint|p1a: Litleo
|
|-weather|SunnyDay|[upkeep]
|-damage|p2a: Lycanroc|76/100 tox|[from] psn
|upkeep
|
|t:|1779587627
|switch|p1a: Dragonite|Dragonite, F|100/100
|turn|15
|
|t:|1779587631
|move|p2a: Lycanroc|Accelerock|p1a: Dragonite
|-supereffective|p1a: Dragonite
|-damage|p1a: Dragonite|80/100
|move|p1a: Dragonite|Earthquake|p2a: Lycanroc
|-supereffective|p2a: Lycanroc
|-damage|p2a: Lycanroc|0 fnt
|faint|p2a: Lycanroc
|
|-weather|SunnyDay|[upkeep]
|upkeep
|
|t:|1779587638
|switch|p2a: Dusknoir|Dusknoir, M|39/100 brn
|-ability|p2a: Dusknoir|Pressure
|turn|16
|
|t:|1779587643
|move|p1a: Dragonite|Fire Punch|p2a: Dusknoir
|-damage|p2a: Dusknoir|7/100 brn
|move|p2a: Dusknoir|Will-O-Wisp|p1a: Dragonite
|-status|p1a: Dragonite|brn
|
|-weather|SunnyDay|[upkeep]
|-heal|p2a: Dusknoir|13/100 brn|[from] item: Leftovers
|-damage|p1a: Dragonite|74/100 brn|[from] brn
|-damage|p2a: Dusknoir|7/100 brn|[from] brn
|upkeep
|turn|17
|
|t:|1779587653
|move|p1a: Dragonite|Fire Punch|p2a: Dusknoir
|-damage|p2a: Dusknoir|0 fnt
|faint|p2a: Dusknoir
|
|-weather|none
|-damage|p1a: Dragonite|67/100 brn|[from] brn
|upkeep
|
|t:|1779587660
|switch|p2a: Granbull|Granbull, F|100/100
|turn|18
|
|t:|1779587665
|switch|p1a: Clodsire|Clodsire, F|100/100
|-damage|p1a: Clodsire|94/100|[from] Stealth Rock
|move|p2a: Granbull|Trailblaze|p1a: Clodsire
|-damage|p1a: Clodsire|75/100
|-boost|p2a: Granbull|spe|1
|
|-heal|p1a: Clodsire|82/100|[from] item: Leftovers
|-status|p2a: Granbull|tox|[from] item: Toxic Orb
|upkeep
|turn|19
|
|t:|1779587678
|move|p2a: Granbull|Facade|p1a: Clodsire
|-damage|p1a: Clodsire|24/100
|move|p1a: Clodsire|Stealth Rock|p2a: Granbull
|-sidestart|p2: Shadow mploj|move: Stealth Rock
|
|-heal|p1a: Clodsire|31/100|[from] item: Leftovers
|-damage|p2a: Granbull|94/100 tox|[from] psn
|upkeep
|turn|20
|
|t:|1779587688
|move|p2a: Granbull|Facade|p1a: Clodsire
|-damage|p1a: Clodsire|0 fnt
|faint|p1a: Clodsire
|
|-damage|p2a: Granbull|82/100 tox|[from] psn
|upkeep
|
|t:|1779587696
|switch|p1a: Great Tusk|Great Tusk|76/100
|-damage|p1a: Great Tusk|73/100|[from] Stealth Rock
|turn|21
|
|t:|1779587701
|move|p2a: Granbull|Play Rough|p1a: Great Tusk|[miss]
|-miss|p2a: Granbull|p1a: Great Tusk
|move|p1a: Great Tusk|Headlong Rush|p2a: Granbull
|-damage|p2a: Granbull|0 fnt
|-unboost|p1a: Great Tusk|def|1
|-unboost|p1a: Great Tusk|spd|1
|faint|p2a: Granbull
|
|upkeep
|
|t:|1779587707
|switch|p2a: Virizion|Virizion|100/100
|-damage|p2a: Virizion|94/100|[from] Stealth Rock
|turn|22
|
|t:|1779587715
|-end|p1a: Great Tusk|Protosynthesis|[silent]
|switch|p1a: Dragonite|Dragonite, F|67/100 brn
|move|p2a: Virizion|Air Slash|p1a: Dragonite
|-damage|p1a: Dragonite|50/100 brn
|
|-heal|p2a: Virizion|100/100|[from] item: Leftovers
|-damage|p1a: Dragonite|44/100 brn|[from] brn
|upkeep
|turn|23
|
|t:|1779587732
|switch|p2a: Jolteon|Jolteon, M|100/100
|-damage|p2a: Jolteon|88/100|[from] Stealth Rock
|move|p1a: Dragonite|Fire Punch|p2a: Jolteon
|-damage|p2a: Jolteon|61/100
|
|-damage|p1a: Dragonite|38/100 brn|[from] brn
|upkeep
|turn|24
|
|t:|1779587740
|move|p2a: Jolteon|Alluring Voice|p1a: Dragonite
|-supereffective|p1a: Dragonite
|-damage|p1a: Dragonite|0 fnt
|faint|p1a: Dragonite
|-damage|p2a: Jolteon|51/100|[from] item: Life Orb
|
|upkeep
|
|t:|1779587745
|switch|p1a: Great Tusk|Great Tusk|73/100
|-damage|p1a: Great Tusk|70/100|[from] Stealth Rock
|turn|25
|
|t:|1779587759
|move|p2a: Jolteon|Alluring Voice|p1a: Great Tusk
|-supereffective|p1a: Great Tusk
|-damage|p1a: Great Tusk|0 fnt
|faint|p1a: Great Tusk
|-end|p1a: Great Tusk|Protosynthesis|[silent]
|-damage|p2a: Jolteon|41/100|[from] item: Life Orb
|
|win|Shadow mploj
|raw|putliopop's rating: 1141 &rarr; <strong>1114</strong><br />(-27 for losing)
|raw|Shadow mploj's rating: 1116 &rarr; <strong>1143</strong><br />(+27 for winning)
|l|☆Shadow mploj
|player|p2|
|l|☆putliopop
|player|p1|
