|j|☆pokemaster3592
|j|☆kawaruz
|t:|1779627179
|gametype|singles
|player|p1|pokemaster3592|volkner|1133
|player|p2|kawaruz|lance|1206
|gen|9
|tier|[Gen 9] OU
|rated|
|rule|HP Percentage Mod: HP is shown in percentages
|rule|Endless Battle Clause: Forcing endless battles is banned
|rule|Species Clause: Limit one of each Pokémon
|rule|OHKO Clause: OHKO moves are banned
|rule|Evasion Items Clause: Evasion items are banned
|rule|Evasion Moves Clause: Evasion moves are banned
|rule|Evasion Abilities Clause: Evasion abilities are banned
|rule|Sleep Moves Clause: Sleep-inducing moves are banned
|clearpoke
|poke|p1|Decidueye, F|
|poke|p1|Greninja-*, M|
|poke|p1|Lucario, F|
|poke|p1|Talonflame, M|
|poke|p1|Lycanroc-Dusk, F|
|poke|p1|Gliscor, F|
|poke|p2|Moltres-Galar|
|poke|p2|Gholdengo|
|poke|p2|Samurott-Hisui, F|
|poke|p2|Smeargle, M|
|poke|p2|Zamazenta-*|
|poke|p2|Deoxys-Speed|
|teampreview
|inactive|Battle timer is ON: inactive players will automatically lose when time's up. (requested by kawaruz)
|
|t:|1779627200
|teamsize|p1|6
|teamsize|p2|6
|start
|switch|p1a: Talonflame|Talonflame, M, shiny|100/100
|switch|p2a: Samurott|Samurott-Hisui, F|100/100
|turn|1
|
|t:|1779627207
|move|p1a: Talonflame|U-turn|p2a: Samurott
|-supereffective|p2a: Samurott
|-damage|p2a: Samurott|51/100
|
|t:|1779627215
|switch|p1a: Lycanroc|Lycanroc-Dusk, F, shiny|100/100|[from] U-turn
|move|p2a: Samurott|Ceaseless Edge|p1a: Lycanroc
|-damage|p1a: Lycanroc|29/100
|-sidestart|p1: pokemaster3592|Spikes
|
|upkeep
|turn|2
|
|t:|1779627230
|switch|p2a: Moltres|Moltres-Galar|100/100
|move|p1a: Lycanroc|Stealth Rock|p2a: Moltres
|-sidestart|p2: kawaruz|move: Stealth Rock
|
|upkeep
|turn|3
|
|t:|1779627239
|move|p1a: Lycanroc|Iron Head|p2a: Moltres
|-damage|p2a: Moltres|64/100
|move|p2a: Moltres|Agility|p2a: Moltres
|-boost|p2a: Moltres|spe|2
|
|upkeep
|turn|4
|
|t:|1779627245
|-terastallize|p1a: Lycanroc|Rock
|move|p1a: Lycanroc|Accelerock|p2a: Moltres
|-supereffective|p2a: Moltres
|-damage|p2a: Moltres|0 fnt
|faint|p2a: Moltres
|
|upkeep
|
|t:|1779627257
|switch|p2a: Zamazenta|Zamazenta|100/100
|-damage|p2a: Zamazenta|94/100|[from] Stealth Rock
|-ability|p2a: Zamazenta|Dauntless Shield|boost
|-boost|p2a: Zamazenta|def|1
|turn|5
|
|t:|1779627264
|move|p2a: Zamazenta|Body Press|p1a: Lycanroc
|-supereffective|p1a: Lycanroc
|-damage|p1a: Lycanroc|0 fnt
|faint|p1a: Lycanroc
|
|-heal|p2a: Zamazenta|100/100|[from] item: Leftovers
|upkeep
|
|t:|1779627270
|switch|p1a: Gliscor|Gliscor, F|100/100
|turn|6
|
|t:|1779627279
|move|p1a: Gliscor|Toxic|p2a: Zamazenta
|-status|p2a: Zamazenta|tox
|move|p2a: Zamazenta|Roar|p1a: Gliscor
|drag|p1a: Lucario|Lucario, F|100/100
|-damage|p1a: Lucario|88/100|[from] Spikes
|
|-damage|p2a: Zamazenta|94/100 tox|[from] psn
|upkeep
|turn|7
|
|t:|1779627288
|move|p2a: Zamazenta|Body Press|p1a: Lucario
|-supereffective|p1a: Lucario
|-damage|p1a: Lucario|0 fnt
|faint|p1a: Lucario
|
|-heal|p2a: Zamazenta|100/100 tox|[from] item: Leftovers
|-damage|p2a: Zamazenta|88/100 tox|[from] psn
|upkeep
|
|t:|1779627297
|switch|p1a: Decidueye|Decidueye, F, shiny|100/100
|-damage|p1a: Decidueye|88/100|[from] Spikes
|turn|8
|
|t:|1779627307
|move|p1a: Decidueye|Leaf Blade|p2a: Zamazenta
|-damage|p2a: Zamazenta|68/100 tox
|move|p2a: Zamazenta|Roar|p1a: Decidueye
|drag|p1a: Greninja|Greninja, M|100/100
|-damage|p1a: Greninja|88/100|[from] Spikes
|
|-heal|p2a: Zamazenta|75/100 tox|[from] item: Leftovers
|-damage|p2a: Zamazenta|56/100 tox|[from] psn
|upkeep
|turn|9
|
|t:|1779627318
|switch|p1a: Decidueye|Decidueye, F, shiny|88/100
|-damage|p1a: Decidueye|76/100|[from] Spikes
|move|p2a: Zamazenta|Body Press|p1a: Decidueye
|-immune|p1a: Decidueye
|
|-heal|p2a: Zamazenta|62/100 tox|[from] item: Leftovers
|-damage|p2a: Zamazenta|38/100 tox|[from] psn
|upkeep
|turn|10
|
|t:|1779627331
|switch|p2a: Deoxys|Deoxys-Speed|100/100
|-damage|p2a: Deoxys|88/100|[from] Stealth Rock
|-ability|p2a: Deoxys|Pressure
|move|p1a: Decidueye|U-turn|p2a: Deoxys
|-supereffective|p2a: Deoxys
|-damage|p2a: Deoxys|33/100
|
|t:|1779627337
|switch|p1a: Talonflame|Talonflame, M, shiny|100/100|[from] U-turn
|
|upkeep
|turn|11
|
|t:|1779627350
|switch|p2a: Samurott|Samurott-Hisui, F|51/100
|-damage|p2a: Samurott|38/100|[from] Stealth Rock
|move|p1a: Talonflame|Brave Bird|p2a: Samurott
|-damage|p2a: Samurott|0 fnt
|faint|p2a: Samurott
|-damage|p1a: Talonflame|87/100|[from] Recoil
|
|upkeep
|
|t:|1779627365
|switch|p2a: Gholdengo|Gholdengo|100/100
|-damage|p2a: Gholdengo|94/100|[from] Stealth Rock
|turn|12
|
|t:|1779627373
|move|p2a: Gholdengo|Shadow Ball|p1a: Talonflame
|-damage|p1a: Talonflame|15/100
|move|p1a: Talonflame|Flare Blitz|p2a: Gholdengo
|-supereffective|p2a: Gholdengo
|-damage|p2a: Gholdengo|0 fnt
|faint|p2a: Gholdengo
|-damage|p1a: Talonflame|0 fnt|[from] Recoil
|faint|p1a: Talonflame
|
|upkeep
|
|t:|1779627383
|switch|p1a: Gliscor|Gliscor, F|100/100
|switch|p2a: Deoxys|Deoxys-Speed|33/100
|-damage|p2a: Deoxys|21/100|[from] Stealth Rock
|-ability|p2a: Deoxys|Pressure
|turn|13
|
|t:|1779627396
|move|p1a: Gliscor|Protect|p1a: Gliscor
|-singleturn|p1a: Gliscor|Protect
|move|p2a: Deoxys|Psycho Boost|p1a: Gliscor
|-activate|p1a: Gliscor|move: Protect
|
|-status|p1a: Gliscor|tox|[from] item: Toxic Orb
|upkeep
|turn|14
|inactive|kawaruz has 120 seconds left.
|
|t:|1779627419
|switch|p1a: Greninja|Greninja, M|88/100
|-damage|p1a: Greninja|76/100|[from] Spikes
|move|p2a: Deoxys|Light Screen|p2a: Deoxys
|-sidestart|p2: kawaruz|move: Light Screen
|
|upkeep
|turn|15
|inactive|kawaruz has 120 seconds left.
|
|t:|1779627429
|switch|p2a: Zamazenta|Zamazenta|38/100 tox
|-damage|p2a: Zamazenta|32/100 tox|[from] Stealth Rock
|move|p1a: Greninja|Dark Pulse|p2a: Zamazenta
|-resisted|p2a: Zamazenta
|-damage|p2a: Zamazenta|20/100 tox
|-damage|p1a: Greninja|66/100|[from] item: Life Orb
|
|-heal|p2a: Zamazenta|27/100 tox|[from] item: Leftovers
|-damage|p2a: Zamazenta|20/100 tox|[from] psn
|upkeep
|turn|16
|inactive|kawaruz has 120 seconds left.
|
|t:|1779627446
|switch|p1a: Decidueye|Decidueye, F, shiny|76/100
|-damage|p1a: Decidueye|63/100|[from] Spikes
|move|p2a: Zamazenta|Heavy Slam|p1a: Decidueye
|-damage|p1a: Decidueye|17/100
|
|-heal|p2a: Zamazenta|27/100 tox|[from] item: Leftovers
|-damage|p2a: Zamazenta|14/100 tox|[from] psn
|upkeep
|turn|17
|inactive|kawaruz has 120 seconds left.
|
|t:|1779627458
|move|p2a: Zamazenta|Heavy Slam|p1a: Decidueye
|-damage|p1a: Decidueye|0 fnt
|faint|p1a: Decidueye
|
|-heal|p2a: Zamazenta|20/100 tox|[from] item: Leftovers
|-damage|p2a: Zamazenta|2/100 tox|[from] psn
|upkeep
|
|t:|1779627465
|switch|p1a: Gliscor|Gliscor, F|100/100 tox
|turn|18
|inactive|kawaruz has 120 seconds left.
|
|t:|1779627475
|switch|p2a: Smeargle|Smeargle, M|100/100
|-damage|p2a: Smeargle|88/100|[from] Stealth Rock
|move|p1a: Gliscor|Protect||[still]
|-fail|p1a: Gliscor
|
|upkeep
|turn|19
|
|t:|1779627482
|-terastallize|p2a: Smeargle|Flying
|move|p1a: Gliscor|Toxic|p2a: Smeargle
|-status|p2a: Smeargle|tox
|move|p2a: Smeargle|Jaw Lock|p1a: Gliscor
|-damage|p1a: Gliscor|93/100 tox
|-activate|p2a: Smeargle|trapped
|-activate|p1a: Gliscor|trapped
|
|-heal|p1a: Gliscor|100/100 tox|[from] ability: Poison Heal
|-damage|p2a: Smeargle|82/100 tox|[from] psn
|upkeep
|turn|20
|
|t:|1779627492
|move|p1a: Gliscor|Protect|p1a: Gliscor
|-singleturn|p1a: Gliscor|Protect
|move|p2a: Smeargle|No Retreat|p2a: Smeargle
|-boost|p2a: Smeargle|atk|1
|-boost|p2a: Smeargle|def|1
|-boost|p2a: Smeargle|spa|1
|-boost|p2a: Smeargle|spd|1
|-boost|p2a: Smeargle|spe|1
|
|-damage|p2a: Smeargle|70/100 tox|[from] psn
|upkeep
|turn|21
|
|t:|1779627500
|move|p2a: Smeargle|No Retreat|p2a: Smeargle
|-boost|p2a: Smeargle|atk|1
|-boost|p2a: Smeargle|def|1
|-boost|p2a: Smeargle|spa|1
|-boost|p2a: Smeargle|spd|1
|-boost|p2a: Smeargle|spe|1
|move|p1a: Gliscor|Ice Fang|p2a: Smeargle
|-supereffective|p2a: Smeargle
|-damage|p2a: Smeargle|37/100 tox
|
|-damage|p2a: Smeargle|19/100 tox|[from] psn
|-sideend|p2: kawaruz|move: Light Screen
|upkeep
|turn|22
|
|t:|1779627517
|move|p1a: Gliscor|Protect|p1a: Gliscor
|-singleturn|p1a: Gliscor|Protect
|move|p2a: Smeargle|Population Bomb|p1a: Gliscor
|-activate|p1a: Gliscor|move: Protect
|
|-damage|p2a: Smeargle|0 fnt|[from] psn
|faint|p2a: Smeargle
|upkeep
|
|t:|1779627525
|switch|p2a: Deoxys|Deoxys-Speed|21/100
|-damage|p2a: Deoxys|8/100|[from] Stealth Rock
|-ability|p2a: Deoxys|Pressure
|turn|23
|
|t:|1779627532
|move|p2a: Deoxys|Psycho Boost|p1a: Gliscor
|-damage|p1a: Gliscor|43/100 tox
|-unboost|p2a: Deoxys|spa|2
|move|p1a: Gliscor|Earthquake|p2a: Deoxys
|-damage|p2a: Deoxys|0 fnt
|faint|p2a: Deoxys
|
|-heal|p1a: Gliscor|56/100 tox|[from] ability: Poison Heal
|upkeep
|
|t:|1779627542
|switch|p2a: Zamazenta|Zamazenta|2/100 tox
|-damage|p2a: Zamazenta|0 fnt|[from] Stealth Rock
|faint|p2a: Zamazenta
|
|win|pokemaster3592
|raw|pokemaster3592's rating: 1133 &rarr; <strong>1163</strong><br />(+30 for winning)
|raw|kawaruz's rating: 1206 &rarr; <strong>1176</strong><br />(-30 for losing)
|l|☆kawaruz
|player|p2|
|l|☆pokemaster3592
|player|p1|
