|j|☆SlNGULARlTY
|j|☆hillbilly z
|t:|1779723045
|gametype|singles
|player|p1|SlNGULARlTY|koga|1542
|player|p2|hillbilly z|101|1483
|gen|9
|tier|[Gen 9] OU
|rated|
|rule|HP Percentage Mod: HP is shown in percentages
|rule|Endless Battle Clause: Forcing endless battles is banned
|rule|Species Clause: Limit one of each Pokémon
|rule|OHKO Clause: OHKO moves are banned
|rule|Evasion Items Clause: Evasion items are banned
|rule|Evasion Moves Clause: Evasion moves are banned
|rule|Evasion Abilities Clause: Evasion abilities are banned
|rule|Sleep Moves Clause: Sleep-inducing moves are banned
|clearpoke
|poke|p1|Ogerpon-Wellspring, F|
|poke|p1|Moltres|
|poke|p1|Gholdengo|
|poke|p1|Garganacl, F|
|poke|p1|Hatterene, F|
|poke|p1|Heatran, F|
|poke|p2|Torkoal, F|
|poke|p2|Scovillain, F|
|poke|p2|Walking Wake|
|poke|p2|Hatterene, F|
|poke|p2|Great Tusk|
|poke|p2|Ceruledge, F|
|teampreview
|inactive|Battle timer is ON: inactive players will automatically lose when time's up. (requested by SlNGULARlTY)
|
|t:|1779723075
|teamsize|p1|6
|teamsize|p2|6
|start
|switch|p1a: Heatran|Heatran, F|100/100
|switch|p2a: Torkoal|Torkoal, F|100/100
|-weather|SunnyDay|[from] ability: Drought|[of] p2a: Torkoal
|turn|1
|
|t:|1779723080
|switch|p2a: Hatterene|Hatterene, F|100/100
|move|p1a: Heatran|Power Gem|p2a: Hatterene
|-damage|p2a: Hatterene|59/100
|-enditem|p2a: Hatterene|Eject Button
|
|t:|1779723084
|switch|p2a: Walking Wake|Walking Wake|100/100
|-activate|p2a: Walking Wake|ability: Protosynthesis
|-start|p2a: Walking Wake|protosynthesisspa
|
|-weather|SunnyDay|[upkeep]
|upkeep
|turn|2
|
|t:|1779723087
|switch|p1a: Hatterene|Hatterene, F|100/100
|move|p2a: Walking Wake|Draco Meteor|p1a: Hatterene
|-immune|p1a: Hatterene
|
|-weather|SunnyDay|[upkeep]
|upkeep
|turn|3
|
|t:|1779723090
|-end|p2a: Walking Wake|Protosynthesis|[silent]
|switch|p2a: Hatterene|Hatterene, F|59/100
|switch|p1a: Ogerpon|Ogerpon-Wellspring, F|100/100
|
|-weather|SunnyDay|[upkeep]
|upkeep
|turn|4
|
|t:|1779723098
|switch|p1a: Garganacl|Garganacl, F|100/100
|move|p2a: Hatterene|Draining Kiss|p1a: Garganacl
|-damage|p1a: Garganacl|85/100
|-heal|p2a: Hatterene|74/100|[from] drain|[of] p1a: Garganacl
|
|-weather|SunnyDay|[upkeep]
|-heal|p1a: Garganacl|91/100|[from] item: Leftovers
|upkeep
|turn|5
|
|t:|1779723103
|switch|p2a: Don|Great Tusk|100/100
|-activate|p2a: Don|ability: Protosynthesis
|-start|p2a: Don|protosynthesisatk
|move|p1a: Garganacl|Salt Cure|p2a: Don
|-resisted|p2a: Don
|-damage|p2a: Don|98/100
|-start|p2a: Don|Salt Cure
|
|-weather|SunnyDay|[upkeep]
|-heal|p1a: Garganacl|97/100|[from] item: Leftovers
|-damage|p2a: Don|86/100|[from] Salt Cure
|upkeep
|turn|6
|
|t:|1779723106
|-end|p2a: Don|Protosynthesis|[silent]
|switch|p2a: Walking Wake|Walking Wake|100/100
|-activate|p2a: Walking Wake|ability: Protosynthesis
|-start|p2a: Walking Wake|protosynthesisspa
|switch|p1a: Gholdengo|Gholdengo|100/100
|-item|p1a: Gholdengo|Air Balloon
|
|-weather|SunnyDay|[upkeep]
|upkeep
|turn|7
|
|t:|1779723112
|switch|p1a: Ogerpon|Ogerpon-Wellspring, F|100/100
|move|p2a: Walking Wake|Flamethrower|p1a: Ogerpon
|-damage|p1a: Ogerpon|0 fnt
|faint|p1a: Ogerpon
|
|-weather|SunnyDay|[upkeep]
|upkeep
|
|t:|1779723115
|switch|p1a: Heatran|Heatran, F|100/100
|turn|8
|
|t:|1779723120
|-end|p2a: Walking Wake|Protosynthesis|[silent]
|switch|p2a: Hatterene|Hatterene, F|74/100
|move|p1a: Heatran|Magma Storm|p2a: Hatterene
|-damage|p2a: Hatterene|0 fnt
|faint|p2a: Hatterene
|
|-weather|none
|upkeep
|
|t:|1779723124
|switch|p2a: Walking Wake|Walking Wake|100/100
|turn|9
|
|t:|1779723129
|-end|p2a: Walking Wake|Protosynthesis|[silent]
|switch|p2a: Torkoal|Torkoal, F|100/100
|-weather|SunnyDay|[from] ability: Drought|[of] p2a: Torkoal
|switch|p1a: Gholdengo|Gholdengo|100/100
|-item|p1a: Gholdengo|Air Balloon
|
|-weather|SunnyDay|[upkeep]
|upkeep
|turn|10
|
|t:|1779723131
|switch|p1a: Heatran|Heatran, F|100/100
|move|p2a: Torkoal|Flamethrower|p1a: Heatran
|-start|p1a: Heatran|ability: Flash Fire
|
|-weather|SunnyDay|[upkeep]
|upkeep
|turn|11
|
|t:|1779723136
|move|p1a: Heatran|Earth Power|p2a: Torkoal
|-supereffective|p2a: Torkoal
|-damage|p2a: Torkoal|0 fnt
|faint|p2a: Torkoal
|
|-weather|SunnyDay|[upkeep]
|upkeep
|
|t:|1779723138
|switch|p2a: Walking Wake|Walking Wake|100/100
|-activate|p2a: Walking Wake|ability: Protosynthesis
|-start|p2a: Walking Wake|protosynthesisspa
|turn|12
|
|t:|1779723148
|-end|p1a: Heatran|ability: Flash Fire|[silent]
|switch|p1a: Gholdengo|Gholdengo|100/100
|-item|p1a: Gholdengo|Air Balloon
|move|p2a: Walking Wake|Hydro Steam|p1a: Gholdengo
|-damage|p1a: Gholdengo|0 fnt
|-enditem|p1a: Gholdengo|Air Balloon
|faint|p1a: Gholdengo
|
|-weather|SunnyDay|[upkeep]
|upkeep
|
|t:|1779723152
|switch|p1a: Hatterene|Hatterene, F|100/100
|turn|13
|
|t:|1779723154
|-terastallize|p1a: Hatterene|Water
|move|p2a: Walking Wake|Hydro Steam|p1a: Hatterene
|-resisted|p1a: Hatterene
|-damage|p1a: Hatterene|35/100
|move|p1a: Hatterene|Nuzzle|p2a: Walking Wake
|-damage|p2a: Walking Wake|96/100
|-status|p2a: Walking Wake|par
|
|-weather|SunnyDay|[upkeep]
|upkeep
|turn|14
|
|t:|1779723158
|move|p2a: Walking Wake|Hydro Steam|p1a: Hatterene
|-resisted|p1a: Hatterene
|-damage|p1a: Hatterene|0 fnt
|faint|p1a: Hatterene
|
|-weather|SunnyDay|[upkeep]
|upkeep
|
|t:|1779723162
|switch|p1a: Moltres|Moltres|100/100
|turn|15
|
|t:|1779723166
|move|p1a: Moltres|Flamethrower|p2a: Walking Wake
|-resisted|p2a: Walking Wake
|-damage|p2a: Walking Wake|80/100 par
|move|p2a: Walking Wake|Hydro Steam|p1a: Moltres
|-supereffective|p1a: Moltres
|-damage|p1a: Moltres|0 fnt
|faint|p1a: Moltres
|
|-weather|SunnyDay|[upkeep]
|upkeep
|
|t:|1779723168
|switch|p1a: Heatran|Heatran, F|100/100
|turn|16
|
|t:|1779723170
|move|p1a: Heatran|Power Gem|p2a: Walking Wake
|-damage|p2a: Walking Wake|35/100 par
|move|p2a: Walking Wake|Hydro Steam|p1a: Heatran
|-supereffective|p1a: Heatran
|-damage|p1a: Heatran|0 fnt
|faint|p1a: Heatran
|
|-weather|none
|-end|p2a: Walking Wake|Protosynthesis
|upkeep
|
|t:|1779723172
|switch|p1a: Garganacl|Garganacl, F|97/100
|turn|17
|
|t:|1779723174
|cant|p2a: Walking Wake|par
|move|p1a: Garganacl|Curse|p1a: Garganacl
|-unboost|p1a: Garganacl|spe|1
|-boost|p1a: Garganacl|atk|1
|-boost|p1a: Garganacl|def|1
|
|-heal|p1a: Garganacl|100/100|[from] item: Leftovers
|upkeep
|turn|18
|
|t:|1779723175
|cant|p2a: Walking Wake|par
|move|p1a: Garganacl|Salt Cure|p2a: Walking Wake
|-damage|p2a: Walking Wake|12/100 par
|-start|p2a: Walking Wake|Salt Cure
|
|-damage|p2a: Walking Wake|0 fnt|[from] Salt Cure
|faint|p2a: Walking Wake
|-end|p2a: Walking Wake|Protosynthesis|[silent]
|upkeep
|
|t:|1779723180
|switch|p2a: Scovillain|Scovillain, F|100/100
|turn|19
|
|t:|1779723183
|move|p2a: Scovillain|Giga Drain|p1a: Garganacl
|-supereffective|p1a: Garganacl
|-damage|p1a: Garganacl|41/100
|-damage|p2a: Scovillain|91/100|[from] item: Life Orb
|move|p1a: Garganacl|Salt Cure|p2a: Scovillain
|-supereffective|p2a: Scovillain
|-damage|p2a: Scovillain|20/100
|-start|p2a: Scovillain|Salt Cure
|
|-heal|p1a: Garganacl|47/100|[from] item: Leftovers
|-damage|p2a: Scovillain|8/100|[from] Salt Cure
|upkeep
|turn|20
|
|t:|1779723186
|move|p2a: Scovillain|Giga Drain|p1a: Garganacl
|-supereffective|p1a: Garganacl
|-damage|p1a: Garganacl|0 fnt
|-heal|p2a: Scovillain|42/100|[from] drain|[of] p1a: Garganacl
|faint|p1a: Garganacl
|-damage|p2a: Scovillain|32/100|[from] item: Life Orb
|
|win|hillbilly z
|raw|SlNGULARlTY's rating: 1542 &rarr; <strong>1519</strong><br />(-23 for losing)
|raw|hillbilly z's rating: 1483 &rarr; <strong>1506</strong><br />(+23 for winning)
|l|☆SlNGULARlTY
|player|p1|
