|j|☆Pig Perfect
|j|☆flyingnematode
|t:|1779642210
|gametype|singles
|player|p1|Pig Perfect|workerice|1372
|player|p2|flyingnematode|101|1348
|gen|9
|tier|[Gen 9] OU
|rated|
|rule|HP Percentage Mod: HP is shown in percentages
|rule|Endless Battle Clause: Forcing endless battles is banned
|rule|Species Clause: Limit one of each Pokémon
|rule|OHKO Clause: OHKO moves are banned
|rule|Evasion Items Clause: Evasion items are banned
|rule|Evasion Moves Clause: Evasion moves are banned
|rule|Evasion Abilities Clause: Evasion abilities are banned
|rule|Sleep Moves Clause: Sleep-inducing moves are banned
|clearpoke
|poke|p1|Great Tusk|
|poke|p1|Heatran, F|
|poke|p1|Ninetales, M|
|poke|p1|Sawsbuck-Summer, F|
|poke|p1|Slither Wing|
|poke|p1|Walking Wake|
|poke|p2|Chansey, F|
|poke|p2|Heatran, F|
|poke|p2|Conkeldurr, M|
|poke|p2|Skarmory, M|
|poke|p2|Cinderace, F|
|poke|p2|Raging Bolt|
|teampreview
|
|t:|1779642221
|teamsize|p1|6
|teamsize|p2|6
|start
|switch|p1a: Ninetales|Ninetales, M|100/100
|switch|p2a: Heatran|Heatran, F|100/100
|-weather|SunnyDay|[from] ability: Drought|[of] p1a: Ninetales
|turn|1
|
|t:|1779642230
|switch|p1a: Walking Wake|Walking Wake|100/100
|-activate|p1a: Walking Wake|ability: Protosynthesis
|-start|p1a: Walking Wake|protosynthesisspe
|move|p2a: Heatran|Magma Storm|p1a: Walking Wake
|-resisted|p1a: Walking Wake
|-damage|p1a: Walking Wake|75/100
|-activate|p1a: Walking Wake|move: Magma Storm|[of] p2a: Heatran
|
|-weather|SunnyDay|[upkeep]
|-damage|p1a: Walking Wake|62/100|[from] move: Magma Storm|[partiallytrapped]
|upkeep
|turn|2
|
|t:|1779642241
|switch|p2a: Chansey|Chansey, F|100/100
|move|p1a: Walking Wake|Hydro Steam|p2a: Chansey
|-damage|p2a: Chansey|75/100
|
|-weather|SunnyDay|[upkeep]
|-end|p1a: Walking Wake|Magma Storm|[partiallytrapped]|[silent]
|upkeep
|turn|3
|
|t:|1779642251
|-end|p1a: Walking Wake|Protosynthesis|[silent]
|switch|p1a: Great Tusk|Great Tusk|100/100
|-activate|p1a: Great Tusk|ability: Protosynthesis
|-start|p1a: Great Tusk|protosynthesisdef
|move|p2a: Chansey|Thunder Wave|p1a: Great Tusk
|-immune|p1a: Great Tusk
|
|-weather|SunnyDay|[upkeep]
|upkeep
|turn|4
|
|t:|1779642263
|switch|p2a: Skarmory|Skarmory, M|100/100
|move|p1a: Great Tusk|Stealth Rock|p2a: Skarmory
|-sidestart|p2: flyingnematode|move: Stealth Rock
|
|-weather|SunnyDay|[upkeep]
|upkeep
|turn|5
|
|t:|1779642289
|-end|p1a: Great Tusk|Protosynthesis|[silent]
|switch|p1a: Walking Wake|Walking Wake|62/100
|-activate|p1a: Walking Wake|ability: Protosynthesis
|-start|p1a: Walking Wake|protosynthesisspe
|move|p2a: Skarmory|Body Press|p1a: Walking Wake
|-damage|p1a: Walking Wake|27/100
|
|-weather|SunnyDay|[upkeep]
|upkeep
|turn|6
|
|t:|1779642299
|switch|p2a: Chansey|Chansey, F|75/100
|-damage|p2a: Chansey|62/100|[from] Stealth Rock
|move|p1a: Walking Wake|Hydro Steam|p2a: Chansey
|-damage|p2a: Chansey|32/100
|
|-weather|SunnyDay|[upkeep]
|upkeep
|turn|7
|
|t:|1779642310
|-end|p1a: Walking Wake|Protosynthesis|[silent]
|switch|p1a: Sawsbuck|Sawsbuck-Summer, F|100/100
|move|p2a: Chansey|Soft-Boiled|p2a: Chansey
|-heal|p2a: Chansey|82/100
|
|-weather|SunnyDay|[upkeep]
|upkeep
|turn|8
|
|t:|1779642320
|move|p1a: Sawsbuck|Swords Dance|p1a: Sawsbuck
|-boost|p1a: Sawsbuck|atk|2
|move|p2a: Chansey|Stealth Rock|p1a: Sawsbuck
|-sidestart|p1: Pig Perfect|move: Stealth Rock
|
|-weather|none
|upkeep
|turn|9
|
|t:|1779642327
|switch|p2a: Skarmory|Skarmory, M|100/100
|-damage|p2a: Skarmory|88/100|[from] Stealth Rock
|move|p1a: Sawsbuck|Double-Edge|p2a: Skarmory
|-resisted|p2a: Skarmory
|-damage|p2a: Skarmory|46/100
|-damage|p1a: Sawsbuck|84/100|[from] item: Rocky Helmet|[of] p2a: Skarmory
|-damage|p1a: Sawsbuck|69/100|[from] Recoil
|-damage|p1a: Sawsbuck|59/100|[from] item: Life Orb
|
|upkeep
|turn|10
|
|t:|1779642338
|move|p1a: Sawsbuck|Double-Edge|p2a: Skarmory
|-resisted|p2a: Skarmory
|-damage|p2a: Skarmory|6/100
|-damage|p1a: Sawsbuck|42/100|[from] item: Rocky Helmet|[of] p2a: Skarmory
|-damage|p1a: Sawsbuck|27/100|[from] Recoil
|-damage|p1a: Sawsbuck|17/100|[from] item: Life Orb
|move|p2a: Skarmory|Roost|p2a: Skarmory
|-heal|p2a: Skarmory|56/100
|-singleturn|p2a: Skarmory|move: Roost
|
|upkeep
|turn|11
|
|t:|1779642349
|switch|p1a: Ninetales|Ninetales, M|100/100
|-damage|p1a: Ninetales|76/100|[from] Stealth Rock
|-weather|SunnyDay|[from] ability: Drought|[of] p1a: Ninetales
|move|p2a: Skarmory|Roost|p2a: Skarmory
|-heal|p2a: Skarmory|100/100
|-singleturn|p2a: Skarmory|move: Roost
|
|-weather|SunnyDay|[upkeep]
|upkeep
|turn|12
|
|t:|1779642360
|switch|p2a: Conkeldurr|Conkeldurr, M|100/100
|-damage|p2a: Conkeldurr|94/100|[from] Stealth Rock
|move|p1a: Ninetales|Encore||[still]
|-fail|p1a: Ninetales
|
|-weather|SunnyDay|[upkeep]
|-status|p2a: Conkeldurr|brn|[from] item: Flame Orb
|upkeep
|turn|13
|
|t:|1779642371
|switch|p1a: Great Tusk|Great Tusk|100/100
|-damage|p1a: Great Tusk|97/100|[from] Stealth Rock
|-activate|p1a: Great Tusk|ability: Protosynthesis
|-start|p1a: Great Tusk|protosynthesisdef
|move|p2a: Conkeldurr|Drain Punch|p1a: Great Tusk
|-damage|p1a: Great Tusk|64/100
|-heal|p2a: Conkeldurr|100/100 brn|[from] drain|[of] p1a: Great Tusk
|-damage|p2a: Conkeldurr|84/100 brn|[from] item: Rocky Helmet|[of] p1a: Great Tusk
|
|-weather|SunnyDay|[upkeep]
|-damage|p2a: Conkeldurr|78/100 brn|[from] brn
|upkeep
|turn|14
|
|t:|1779642385
|switch|p2a: Skarmory|Skarmory, M|100/100
|-damage|p2a: Skarmory|88/100|[from] Stealth Rock
|move|p1a: Great Tusk|Rapid Spin|p2a: Skarmory
|-resisted|p2a: Skarmory
|-damage|p2a: Skarmory|84/100
|-boost|p1a: Great Tusk|spe|1
|-damage|p1a: Great Tusk|48/100|[from] item: Rocky Helmet|[of] p2a: Skarmory
|-sideend|p1: Pig Perfect|Stealth Rock|[from] move: Rapid Spin|[of] p1a: Great Tusk
|
|-weather|SunnyDay|[upkeep]
|upkeep
|turn|15
|
|t:|1779642396
|-end|p1a: Great Tusk|Protosynthesis|[silent]
|switch|p1a: Heatran|Heatran, F|100/100
|move|p2a: Skarmory|Spikes|p1a: Heatran
|-sidestart|p1: Pig Perfect|Spikes
|
|-weather|SunnyDay|[upkeep]
|upkeep
|turn|16
|
|t:|1779642410
|switch|p2a: Conkeldurr|Conkeldurr, M|78/100 brn
|-damage|p2a: Conkeldurr|72/100 brn|[from] Stealth Rock
|move|p1a: Heatran|Magma Storm|p2a: Conkeldurr
|-damage|p2a: Conkeldurr|0 fnt
|faint|p2a: Conkeldurr
|
|-weather|SunnyDay|[upkeep]
|upkeep
|
|t:|1779642430
|switch|p2a: Heatran|Heatran, F|100/100
|-damage|p2a: Heatran|88/100|[from] Stealth Rock
|turn|17
|
|t:|1779642451
|switch|p1a: Slither Wing|Slither Wing|100/100
|-damage|p1a: Slither Wing|88/100|[from] Spikes
|-activate|p1a: Slither Wing|ability: Protosynthesis
|-start|p1a: Slither Wing|protosynthesisatk
|-terastallize|p2a: Heatran|Flying
|move|p2a: Heatran|Earth Power|p1a: Slither Wing
|-resisted|p1a: Slither Wing
|-damage|p1a: Slither Wing|78/100
|
|-weather|SunnyDay|[upkeep]
|-heal|p2a: Heatran|94/100|[from] item: Leftovers
|upkeep
|turn|18
|
|t:|1779642464
|move|p1a: Slither Wing|U-turn|p2a: Heatran
|-resisted|p2a: Heatran
|-damage|p2a: Heatran|73/100
|-status|p1a: Slither Wing|brn|[from] ability: Flame Body|[of] p2a: Heatran
|
|t:|1779642468
|-end|p1a: Slither Wing|Protosynthesis|[silent]
|switch|p1a: Heatran|Heatran, F|100/100|[from] U-turn
|-damage|p1a: Heatran|88/100|[from] Spikes
|move|p2a: Heatran|Magma Storm|p1a: Heatran
|-start|p1a: Heatran|ability: Flash Fire
|
|-weather|none
|-heal|p1a: Heatran|94/100|[from] item: Leftovers
|-heal|p2a: Heatran|79/100|[from] item: Leftovers
|upkeep
|turn|19
|
|t:|1779642480
|move|p1a: Heatran|Power Gem|p2a: Heatran
|-supereffective|p2a: Heatran
|-damage|p2a: Heatran|36/100
|move|p2a: Heatran|Earth Power|p1a: Heatran
|-supereffective|p1a: Heatran
|-damage|p1a: Heatran|0 fnt
|faint|p1a: Heatran
|
|-heal|p2a: Heatran|42/100|[from] item: Leftovers
|upkeep
|
|t:|1779642489
|switch|p1a: Ninetales|Ninetales, M|76/100
|-damage|p1a: Ninetales|63/100|[from] Spikes
|-weather|SunnyDay|[from] ability: Drought|[of] p1a: Ninetales
|turn|20
|
|t:|1779642500
|switch|p2a: Cinderace|Cinderace, F|100/100
|move|p1a: Ninetales|Healing Wish|p1a: Ninetales
|faint|p1a: Ninetales
|
|-weather|SunnyDay|[upkeep]
|upkeep
|
|t:|1779642503
|switch|p1a: Walking Wake|Walking Wake|27/100
|-heal|p1a: Walking Wake|100/100|[from] move: Healing Wish
|-damage|p1a: Walking Wake|88/100|[from] Spikes
|-activate|p1a: Walking Wake|ability: Protosynthesis
|-start|p1a: Walking Wake|protosynthesisspe
|turn|21
|
|t:|1779642513
|switch|p2a: Chansey|Chansey, F|82/100
|-damage|p2a: Chansey|70/100|[from] Stealth Rock
|move|p1a: Walking Wake|Hydro Steam|p2a: Chansey
|-damage|p2a: Chansey|43/100
|
|-weather|SunnyDay|[upkeep]
|upkeep
|turn|22
|
|t:|1779642543
|-end|p1a: Walking Wake|Protosynthesis|[silent]
|switch|p1a: Slither Wing|Slither Wing|78/100 brn
|-damage|p1a: Slither Wing|65/100 brn|[from] Spikes
|-activate|p1a: Slither Wing|ability: Protosynthesis
|-start|p1a: Slither Wing|protosynthesisatk
|move|p2a: Chansey|Soft-Boiled|p2a: Chansey
|-heal|p2a: Chansey|93/100
|
|-weather|SunnyDay|[upkeep]
|-damage|p1a: Slither Wing|59/100 brn|[from] brn
|upkeep
|turn|23
|
|t:|1779642554
|move|p1a: Slither Wing|Close Combat|p2a: Chansey
|-supereffective|p2a: Chansey
|-damage|p2a: Chansey|36/100
|-unboost|p1a: Slither Wing|def|1
|-unboost|p1a: Slither Wing|spd|1
|move|p2a: Chansey|Stealth Rock|p1a: Slither Wing
|-sidestart|p1: Pig Perfect|move: Stealth Rock
|
|-weather|SunnyDay|[upkeep]
|-damage|p1a: Slither Wing|53/100 brn|[from] brn
|upkeep
|turn|24
|
|t:|1779642565
|switch|p2a: Skarmory|Skarmory, M|84/100
|-damage|p2a: Skarmory|72/100|[from] Stealth Rock
|move|p1a: Slither Wing|Close Combat|p2a: Skarmory
|-damage|p2a: Skarmory|44/100
|-unboost|p1a: Slither Wing|def|1
|-unboost|p1a: Slither Wing|spd|1
|-damage|p1a: Slither Wing|36/100 brn|[from] item: Rocky Helmet|[of] p2a: Skarmory
|
|-weather|SunnyDay|[upkeep]
|-damage|p1a: Slither Wing|30/100 brn|[from] brn
|upkeep
|turn|25
|
|t:|1779642583
|move|p1a: Slither Wing|Flare Blitz|p2a: Skarmory
|-supereffective|p2a: Skarmory
|-damage|p2a: Skarmory|0 fnt
|-damage|p1a: Slither Wing|14/100 brn|[from] item: Rocky Helmet|[of] p2a: Skarmory
|faint|p2a: Skarmory
|-damage|p1a: Slither Wing|0 fnt|[from] Recoil
|faint|p1a: Slither Wing
|-end|p1a: Slither Wing|Protosynthesis|[silent]
|
|-weather|SunnyDay|[upkeep]
|upkeep
|inactive|Battle timer is ON: inactive players will automatically lose when time's up. (requested by flyingnematode)
|
|t:|1779642650
|switch|p1a: Sawsbuck|Sawsbuck-Summer, F|17/100
|switch|p2a: Raging Bolt|Raging Bolt|100/100
|-damage|p1a: Sawsbuck|5/100|[from] Spikes
|-damage|p1a: Sawsbuck|0 fnt|[from] Stealth Rock
|faint|p1a: Sawsbuck
|-damage|p2a: Raging Bolt|88/100|[from] Stealth Rock
|-activate|p2a: Raging Bolt|ability: Protosynthesis
|-start|p2a: Raging Bolt|protosynthesisspa
|
|t:|1779642653
|switch|p1a: Great Tusk|Great Tusk|48/100
|-damage|p1a: Great Tusk|35/100|[from] Spikes
|-damage|p1a: Great Tusk|32/100|[from] Stealth Rock
|-activate|p1a: Great Tusk|ability: Protosynthesis
|-start|p1a: Great Tusk|protosynthesisdef
|turn|26
|
|t:|1779642667
|move|p1a: Great Tusk|Rapid Spin|p2a: Raging Bolt
|-damage|p2a: Raging Bolt|77/100
|-boost|p1a: Great Tusk|spe|1
|-sideend|p1: Pig Perfect|Spikes|[from] move: Rapid Spin|[of] p1a: Great Tusk
|-sideend|p1: Pig Perfect|Stealth Rock|[from] move: Rapid Spin|[of] p1a: Great Tusk
|move|p2a: Raging Bolt|Draco Meteor|p1a: Great Tusk
|-damage|p1a: Great Tusk|0 fnt
|-unboost|p2a: Raging Bolt|spa|2
|faint|p1a: Great Tusk
|-end|p1a: Great Tusk|Protosynthesis|[silent]
|
|-weather|SunnyDay|[upkeep]
|upkeep
|
|t:|1779642670
|switch|p1a: Walking Wake|Walking Wake|88/100
|-activate|p1a: Walking Wake|ability: Protosynthesis
|-start|p1a: Walking Wake|protosynthesisspe
|turn|27
|
|t:|1779642683
|move|p2a: Raging Bolt|Thunderclap|p1a: Walking Wake
|-damage|p1a: Walking Wake|57/100
|move|p1a: Walking Wake|Dragon Pulse|p2a: Raging Bolt
|-supereffective|p2a: Raging Bolt
|-damage|p2a: Raging Bolt|0 fnt
|faint|p2a: Raging Bolt
|-end|p2a: Raging Bolt|Protosynthesis|[silent]
|
|-weather|none
|-end|p1a: Walking Wake|Protosynthesis
|upkeep
|
|t:|1779642692
|switch|p2a: Cinderace|Cinderace, F|100/100
|turn|28
|
|t:|1779642696
|-terastallize|p1a: Walking Wake|Fairy
|move|p2a: Cinderace|Court Change|p2a: Cinderace
|-start|p2a: Cinderace|typechange|Normal|[from] ability: Libero
|-swapsideconditions
|-activate|p2a: Cinderace|move: Court Change
|move|p1a: Walking Wake|Dragon Pulse|p2a: Cinderace
|-damage|p2a: Cinderace|4/100
|
|upkeep
|turn|29
|
|t:|1779642705
|move|p2a: Cinderace|Pyro Ball|p1a: Walking Wake
|-damage|p1a: Walking Wake|14/100
|move|p1a: Walking Wake|Dragon Pulse|p2a: Cinderace
|-damage|p2a: Cinderace|0 fnt
|faint|p2a: Cinderace
|
|upkeep
|
|t:|1779642713
|switch|p2a: Chansey|Chansey, F|36/100
|turn|30
|
|t:|1779642717
|move|p1a: Walking Wake|Dragon Pulse|p2a: Chansey
|-crit|p2a: Chansey
|-damage|p2a: Chansey|5/100
|move|p2a: Chansey|Seismic Toss|p1a: Walking Wake
|-damage|p1a: Walking Wake|0 fnt
|faint|p1a: Walking Wake
|-end|p1a: Walking Wake|Protosynthesis|[silent]
|
|win|flyingnematode
|raw|Pig Perfect's rating: 1372 &rarr; <strong>1351</strong><br />(-21 for losing)
|raw|flyingnematode's rating: 1348 &rarr; <strong>1369</strong><br />(+21 for winning)
|l|☆Pig Perfect
|player|p1|
|l|☆flyingnematode
|player|p2|
