|j|☆I still miss her
|j|☆m4 lema
|t:|1779702381
|gametype|singles
|player|p1|I still miss her|benga|1526
|player|p2|m4 lema|102|1555
|gen|9
|tier|[Gen 9] OU
|rated|
|rule|HP Percentage Mod: HP is shown in percentages
|rule|Endless Battle Clause: Forcing endless battles is banned
|rule|Species Clause: Limit one of each Pokémon
|rule|OHKO Clause: OHKO moves are banned
|rule|Evasion Items Clause: Evasion items are banned
|rule|Evasion Moves Clause: Evasion moves are banned
|rule|Evasion Abilities Clause: Evasion abilities are banned
|rule|Sleep Moves Clause: Sleep-inducing moves are banned
|clearpoke
|poke|p1|Raging Bolt|
|poke|p1|Weavile, F|
|poke|p1|Rotom-Wash|
|poke|p1|Heatran, F|
|poke|p1|Ting-Lu|
|poke|p1|Weezing-Galar, M|
|poke|p2|Hydrapple, M|
|poke|p2|Primarina, M|
|poke|p2|Clodsire, M|
|poke|p2|Scizor, M|
|poke|p2|Dragapult, M|
|poke|p2|Alomomola, F|
|teampreview
|
|t:|1779702405
|teamsize|p1|6
|teamsize|p2|6
|start
|switch|p1a: Raging Bolt|Raging Bolt|100/100
|switch|p2a: Scizor|Scizor, M|100/100
|turn|1
|
|t:|1779702416
|-end|p1a: Raging Bolt|Protosynthesis|[silent]
|switch|p1a: Weezing|Weezing-Galar, M|100/100
|-ability|p1a: Weezing|Neutralizing Gas
|switch|p2a: Clodsire|Clodsire, M|100/100
|
|upkeep
|turn|2
|
|t:|1779702436
|-end|p1a: Weezing|ability: Neutralizing Gas
|switch|p1a: Ting-Lu|Ting-Lu|100/100
|-ability|p1a: Ting-Lu|Vessel of Ruin
|switch|p2a: Alomomola|Alomomola, F, shiny|100/100
|
|upkeep
|turn|3
|
|t:|1779702456
|move|p1a: Ting-Lu|Ruination|p2a: Alomomola
|-damage|p2a: Alomomola|50/100
|move|p2a: Alomomola|Flip Turn|p1a: Ting-Lu
|-supereffective|p1a: Ting-Lu
|-damage|p1a: Ting-Lu|84/100
|
|t:|1779702466
|switch|p2a: Scizor|Scizor, M|100/100|[from] Flip Turn
|
|-heal|p1a: Ting-Lu|90/100|[from] item: Leftovers
|upkeep
|turn|4
|
|t:|1779702501
|switch|p1a: Rotom|Rotom-Wash|100/100
|move|p2a: Scizor|U-turn|p1a: Rotom
|-damage|p1a: Rotom|66/100
|-damage|p2a: Scizor|84/100|[from] item: Rocky Helmet|[of] p1a: Rotom
|
|t:|1779702515
|switch|p2a: Dragapult|Dragapult, M|100/100|[from] U-turn
|
|upkeep
|turn|5
|
|t:|1779702530
|move|p2a: Dragapult|Substitute|p2a: Dragapult
|-start|p2a: Dragapult|Substitute
|-damage|p2a: Dragapult|76/100
|move|p1a: Rotom|Pain Split||[still]
|-fail|p1a: Rotom
|
|upkeep
|turn|6
|
|t:|1779702536
|move|p2a: Dragapult|Will-O-Wisp|p1a: Rotom
|-status|p1a: Rotom|brn
|move|p1a: Rotom|Volt Switch|p2a: Dragapult
|-resisted|p2a: Dragapult
|-activate|p2a: Dragapult|move: Substitute|[damage]
|
|t:|1779702549
|switch|p1a: Heatran|Heatran, F|100/100|[from] Volt Switch
|
|upkeep
|turn|7
|
|t:|1779702559
|switch|p2a: Primarina|Primarina, M|100/100
|move|p1a: Heatran|Earth Power|p2a: Primarina
|-damage|p2a: Primarina|79/100
|-unboost|p2a: Primarina|spd|1
|
|-heal|p2a: Primarina|85/100|[from] item: Leftovers
|upkeep
|turn|8
|
|t:|1779702564
|move|p1a: Heatran|Stealth Rock|p2a: Primarina
|-sidestart|p2: m4 lema|move: Stealth Rock
|move|p2a: Primarina|Surf|p1a: Heatran
|-supereffective|p1a: Heatran
|-damage|p1a: Heatran|40/100
|
|-heal|p1a: Heatran|46/100|[from] item: Leftovers
|-heal|p2a: Primarina|91/100|[from] item: Leftovers
|upkeep
|turn|9
|
|t:|1779702568
|switch|p1a: Raging Bolt|Raging Bolt|100/100
|move|p2a: Primarina|Surf|p1a: Raging Bolt
|-resisted|p1a: Raging Bolt
|-damage|p1a: Raging Bolt|80/100
|
|-heal|p2a: Primarina|97/100|[from] item: Leftovers
|upkeep
|turn|10
|
|t:|1779702579
|switch|p2a: Clodsire|Clodsire, M|100/100
|-damage|p2a: Clodsire|94/100|[from] Stealth Rock
|move|p1a: Raging Bolt|Draco Meteor|p2a: Clodsire
|-damage|p2a: Clodsire|27/100
|-unboost|p1a: Raging Bolt|spa|2
|
|-heal|p2a: Clodsire|34/100|[from] item: Leftovers
|upkeep
|turn|11
|
|t:|1779702587
|-end|p1a: Raging Bolt|Protosynthesis|[silent]
|switch|p1a: Weavile|Weavile, F|100/100
|-ability|p1a: Weavile|Pressure
|switch|p2a: Primarina|Primarina, M|97/100
|-damage|p2a: Primarina|85/100|[from] Stealth Rock
|
|-heal|p2a: Primarina|91/100|[from] item: Leftovers
|upkeep
|turn|12
|
|t:|1779702597
|switch|p1a: Rotom|Rotom-Wash|66/100 brn
|move|p2a: Primarina|Surf|p1a: Rotom
|-resisted|p1a: Rotom
|-damage|p1a: Rotom|41/100 brn
|
|-heal|p2a: Primarina|97/100|[from] item: Leftovers
|-damage|p1a: Rotom|34/100 brn|[from] brn
|upkeep
|turn|13
|
|t:|1779702620
|move|p1a: Rotom|Pain Split|p2a: Primarina
|-sethp|p2a: Primarina|63/100|[from] move: Pain Split|[silent]
|-sethp|p1a: Rotom|75/100 brn|[from] move: Pain Split
|move|p2a: Primarina|Calm Mind|p2a: Primarina
|-boost|p2a: Primarina|spa|1
|-boost|p2a: Primarina|spd|1
|
|-heal|p2a: Primarina|69/100|[from] item: Leftovers
|-damage|p1a: Rotom|69/100 brn|[from] brn
|upkeep
|turn|14
|
|t:|1779702629
|move|p1a: Rotom|Volt Switch|p2a: Primarina
|-supereffective|p2a: Primarina
|-damage|p2a: Primarina|40/100
|
|t:|1779702633
|switch|p1a: Heatran|Heatran, F|46/100|[from] Volt Switch
|move|p2a: Primarina|Calm Mind|p2a: Primarina
|-boost|p2a: Primarina|spa|1
|-boost|p2a: Primarina|spd|1
|
|-heal|p1a: Heatran|52/100|[from] item: Leftovers
|-heal|p2a: Primarina|46/100|[from] item: Leftovers
|upkeep
|turn|15
|
|t:|1779702638
|move|p1a: Heatran|Taunt|p2a: Primarina
|-start|p2a: Primarina|move: Taunt
|move|p2a: Primarina|Surf|p1a: Heatran
|-supereffective|p1a: Heatran
|-damage|p1a: Heatran|0 fnt
|faint|p1a: Heatran
|
|-heal|p2a: Primarina|52/100|[from] item: Leftovers
|upkeep
|
|t:|1779702640
|switch|p1a: Raging Bolt|Raging Bolt|80/100
|turn|16
|
|t:|1779702646
|switch|p2a: Clodsire|Clodsire, M|34/100
|-damage|p2a: Clodsire|27/100|[from] Stealth Rock
|move|p1a: Raging Bolt|Thunderbolt|p2a: Clodsire
|-immune|p2a: Clodsire
|
|-heal|p2a: Clodsire|34/100|[from] item: Leftovers
|upkeep
|turn|17
|
|t:|1779702653
|-end|p1a: Raging Bolt|Protosynthesis|[silent]
|switch|p1a: Ting-Lu|Ting-Lu|90/100
|-ability|p1a: Ting-Lu|Vessel of Ruin
|move|p2a: Clodsire|Stealth Rock|p1a: Ting-Lu
|-sidestart|p1: I still miss her|move: Stealth Rock
|
|-heal|p1a: Ting-Lu|96/100|[from] item: Leftovers
|-heal|p2a: Clodsire|40/100|[from] item: Leftovers
|upkeep
|turn|18
|
|t:|1779702658
|switch|p2a: Alomomola|Alomomola, F, shiny|84/100
|-damage|p2a: Alomomola|71/100|[from] Stealth Rock
|move|p1a: Ting-Lu|Earthquake|p2a: Alomomola
|-damage|p2a: Alomomola|50/100
|
|-heal|p1a: Ting-Lu|100/100|[from] item: Leftovers
|upkeep
|turn|19
|
|t:|1779702666
|move|p1a: Ting-Lu|Earthquake|p2a: Alomomola
|-damage|p2a: Alomomola|31/100
|move|p2a: Alomomola|Wish|p2a: Alomomola
|
|upkeep
|turn|20
|
|t:|1779702674
|move|p2a: Alomomola|Protect|p2a: Alomomola
|-singleturn|p2a: Alomomola|Protect
|move|p1a: Ting-Lu|Earthquake|p2a: Alomomola
|-activate|p2a: Alomomola|move: Protect
|
|-heal|p2a: Alomomola|81/100|[from] move: Wish|[wisher] Alomomola
|upkeep
|turn|21
|
|t:|1779702677
|move|p1a: Ting-Lu|Ruination|p2a: Alomomola
|-damage|p2a: Alomomola|41/100
|move|p2a: Alomomola|Wish|p2a: Alomomola
|
|upkeep
|turn|22
|
|t:|1779702682
|switch|p1a: Rotom|Rotom-Wash|69/100 brn
|-damage|p1a: Rotom|56/100 brn|[from] Stealth Rock
|move|p2a: Alomomola|Flip Turn|p1a: Rotom
|-resisted|p1a: Rotom
|-damage|p1a: Rotom|49/100 brn
|-damage|p2a: Alomomola|24/100|[from] item: Rocky Helmet|[of] p1a: Rotom
|
|t:|1779702688
|switch|p2a: Dragapult|Dragapult, M|76/100|[from] Flip Turn
|
|-heal|p2a: Dragapult|100/100|[from] move: Wish|[wisher] Alomomola
|-damage|p1a: Rotom|43/100 brn|[from] brn
|upkeep
|turn|23
|
|t:|1779702693
|move|p2a: Dragapult|Hex|p1a: Rotom
|-damage|p1a: Rotom|0 fnt
|faint|p1a: Rotom
|
|upkeep
|
|t:|1779702700
|switch|p1a: Weezing|Weezing-Galar, M|100/100
|-ability|p1a: Weezing|Neutralizing Gas
|turn|24
|
|t:|1779702707
|move|p2a: Dragapult|Will-O-Wisp|p1a: Weezing
|-status|p1a: Weezing|brn
|move|p1a: Weezing|Sludge Bomb|p2a: Dragapult
|-resisted|p2a: Dragapult
|-damage|p2a: Dragapult|83/100
|
|-damage|p1a: Weezing|95/100 brn|[from] brn
|upkeep
|turn|25
|
|t:|1779702723
|move|p2a: Dragapult|Substitute|p2a: Dragapult
|-start|p2a: Dragapult|Substitute
|-damage|p2a: Dragapult|59/100
|move|p1a: Weezing|Sludge Bomb|p2a: Dragapult
|-resisted|p2a: Dragapult
|-activate|p2a: Dragapult|move: Substitute|[damage]
|
|-damage|p1a: Weezing|89/100 brn|[from] brn
|upkeep
|turn|26
|
|t:|1779702727
|move|p2a: Dragapult|Hex|p1a: Weezing
|-damage|p1a: Weezing|9/100 brn
|move|p1a: Weezing|Sludge Bomb|p2a: Dragapult
|-resisted|p2a: Dragapult
|-end|p2a: Dragapult|Substitute
|
|-damage|p1a: Weezing|3/100 brn|[from] brn
|upkeep
|turn|27
|
|t:|1779702733
|move|p2a: Dragapult|Substitute|p2a: Dragapult
|-start|p2a: Dragapult|Substitute
|-damage|p2a: Dragapult|34/100
|move|p1a: Weezing|Sludge Bomb|p2a: Dragapult
|-resisted|p2a: Dragapult
|-activate|p2a: Dragapult|move: Substitute|[damage]
|
|-damage|p1a: Weezing|0 fnt|[from] brn
|faint|p1a: Weezing
|-end|p1a: Weezing|ability: Neutralizing Gas
|upkeep
|
|t:|1779702737
|switch|p1a: Ting-Lu|Ting-Lu|100/100
|-damage|p1a: Ting-Lu|94/100|[from] Stealth Rock
|-ability|p1a: Ting-Lu|Vessel of Ruin
|turn|28
|
|t:|1779702739
|move|p2a: Dragapult|Will-O-Wisp|p1a: Ting-Lu
|-status|p1a: Ting-Lu|brn
|move|p1a: Ting-Lu|Earthquake|p2a: Dragapult
|-end|p2a: Dragapult|Substitute
|
|-heal|p1a: Ting-Lu|100/100 brn|[from] item: Leftovers
|-damage|p1a: Ting-Lu|94/100 brn|[from] brn
|upkeep
|turn|29
|
|t:|1779702746
|switch|p2a: Alomomola|Alomomola, F, shiny|58/100
|-damage|p2a: Alomomola|45/100|[from] Stealth Rock
|move|p1a: Ting-Lu|Earthquake|p2a: Alomomola
|-damage|p2a: Alomomola|36/100
|
|-heal|p1a: Ting-Lu|100/100 brn|[from] item: Leftovers
|-damage|p1a: Ting-Lu|94/100 brn|[from] brn
|upkeep
|turn|30
|
|t:|1779702752
|switch|p1a: Weavile|Weavile, F|100/100
|-ability|p1a: Weavile|Pressure
|move|p2a: Alomomola|Wish|p2a: Alomomola
|
|upkeep
|turn|31
|
|t:|1779702761
|move|p1a: Weavile|Swords Dance|p1a: Weavile
|-boost|p1a: Weavile|atk|2
|move|p2a: Alomomola|Flip Turn|p1a: Weavile
|-damage|p1a: Weavile|74/100
|
|t:|1779702767
|switch|p2a: Scizor|Scizor, M|84/100|[from] Flip Turn
|
|-heal|p2a: Scizor|100/100|[from] move: Wish|[wisher] Alomomola
|upkeep
|turn|32
|
|t:|1779702771
|move|p2a: Scizor|Bullet Punch|p1a: Weavile
|-supereffective|p1a: Weavile
|-damage|p1a: Weavile|0 fnt
|faint|p1a: Weavile
|
|upkeep
|-message|I still miss her forfeited.
|
|win|m4 lema
|raw|I still miss her's rating: 1526 &rarr; <strong>1508</strong><br />(-18 for losing)
|raw|m4 lema's rating: 1555 &rarr; <strong>1573</strong><br />(+18 for winning)
|l|☆I still miss her
|player|p1|
|l|☆m4 lema
|player|p2|
