|j|☆pokemaster3592
|j|☆decwdcv
|t:|1779665197
|gametype|singles
|player|p1|pokemaster3592|volkner|1137
|player|p2|decwdcv|101|1089
|gen|9
|tier|[Gen 9] OU
|rated|
|rule|HP Percentage Mod: HP is shown in percentages
|rule|Endless Battle Clause: Forcing endless battles is banned
|rule|Species Clause: Limit one of each Pokémon
|rule|OHKO Clause: OHKO moves are banned
|rule|Evasion Items Clause: Evasion items are banned
|rule|Evasion Moves Clause: Evasion moves are banned
|rule|Evasion Abilities Clause: Evasion abilities are banned
|rule|Sleep Moves Clause: Sleep-inducing moves are banned
|clearpoke
|poke|p1|Flareon, F|
|poke|p1|Azumarill, F|
|poke|p1|Bronzong|
|poke|p1|Araquanid, F|
|poke|p1|Flygon, F|
|poke|p1|Hydreigon, F|
|poke|p2|Inteleon, F|
|poke|p2|Latios, M|
|poke|p2|Zapdos|
|poke|p2|Dragonite, F|
|poke|p2|Blaziken, M|
|poke|p2|Haxorus, M|
|teampreview
|inactive|Battle timer is ON: inactive players will automatically lose when time's up. (requested by pokemaster3592)
|
|t:|1779665208
|teamsize|p1|6
|teamsize|p2|6
|start
|switch|p1a: Araquanid|Araquanid, F, shiny|100/100
|switch|p2a: Dragonite|Dragonite, F, shiny|100/100
|turn|1
|
|t:|1779665214
|move|p2a: Dragonite|Dragon Dance|p2a: Dragonite
|-boost|p2a: Dragonite|atk|1
|-boost|p2a: Dragonite|spe|1
|move|p1a: Araquanid|Sticky Web|p2a: Dragonite
|-sidestart|p2: decwdcv|move: Sticky Web
|
|upkeep
|turn|2
|
|t:|1779665225
|move|p2a: Dragonite|Dragon Dance|p2a: Dragonite
|-boost|p2a: Dragonite|atk|1
|-boost|p2a: Dragonite|spe|1
|move|p1a: Araquanid|Liquidation|p2a: Dragonite
|-resisted|p2a: Dragonite
|-damage|p2a: Dragonite|96/100
|
|-heal|p2a: Dragonite|100/100|[from] item: Leftovers
|upkeep
|turn|3
|
|t:|1779665235
|move|p2a: Dragonite|Dragon Dance|p2a: Dragonite
|-boost|p2a: Dragonite|atk|1
|-boost|p2a: Dragonite|spe|1
|move|p1a: Araquanid|Liquidation|p2a: Dragonite
|-resisted|p2a: Dragonite
|-damage|p2a: Dragonite|96/100
|
|-heal|p2a: Dragonite|100/100|[from] item: Leftovers
|upkeep
|turn|4
|
|t:|1779665243
|move|p2a: Dragonite|Dragon Dance|p2a: Dragonite
|-boost|p2a: Dragonite|atk|1
|-boost|p2a: Dragonite|spe|1
|move|p1a: Araquanid|Liquidation|p2a: Dragonite
|-resisted|p2a: Dragonite
|-damage|p2a: Dragonite|96/100
|
|-heal|p2a: Dragonite|100/100|[from] item: Leftovers
|upkeep
|turn|5
|c|☆decwdcv|yo wtf
|c|☆decwdcv|you should go back to chool nab
|
|t:|1779665263
|move|p2a: Dragonite|Extreme Speed|p1a: Araquanid
|-damage|p1a: Araquanid|33/100
|-damage|p2a: Dragonite|84/100|[from] item: Rocky Helmet|[of] p1a: Araquanid
|move|p1a: Araquanid|Liquidation|p2a: Dragonite
|-resisted|p2a: Dragonite
|-damage|p2a: Dragonite|73/100
|
|-heal|p2a: Dragonite|79/100|[from] item: Leftovers
|upkeep
|turn|6
|
|t:|1779665273
|move|p2a: Dragonite|Earthquake|p1a: Araquanid
|-resisted|p1a: Araquanid
|-damage|p1a: Araquanid|0 fnt
|faint|p1a: Araquanid
|
|-heal|p2a: Dragonite|85/100|[from] item: Leftovers
|upkeep
|
|t:|1779665275
|switch|p1a: Bronzong|Bronzong|100/100
|turn|7
|
|t:|1779665288
|move|p2a: Dragonite|Iron Head|p1a: Bronzong
|-resisted|p1a: Bronzong
|-crit|p1a: Bronzong
|-damage|p1a: Bronzong|51/100
|cant|p1a: Bronzong|flinch
|
|-heal|p2a: Dragonite|92/100|[from] item: Leftovers
|upkeep
|turn|8
|
|t:|1779665296
|move|p2a: Dragonite|Iron Head|p1a: Bronzong
|-resisted|p1a: Bronzong
|-damage|p1a: Bronzong|19/100
|move|p1a: Bronzong|Reflect|p1a: Bronzong
|-sidestart|p1: pokemaster3592|Reflect
|
|-heal|p2a: Dragonite|98/100|[from] item: Leftovers
|upkeep
|turn|9
|
|t:|1779665302
|move|p2a: Dragonite|Iron Head|p1a: Bronzong
|-resisted|p1a: Bronzong
|-crit|p1a: Bronzong
|-damage|p1a: Bronzong|0 fnt
|faint|p1a: Bronzong
|
|-heal|p2a: Dragonite|100/100|[from] item: Leftovers
|upkeep
|
|t:|1779665306
|switch|p1a: Azumarill|Azumarill, F|100/100
|turn|10
|
|t:|1779665313
|-terastallize|p2a: Dragonite|Fairy
|move|p1a: Azumarill|Protect|p1a: Azumarill
|-singleturn|p1a: Azumarill|Protect
|move|p2a: Dragonite|Dragon Dance|p2a: Dragonite
|-boost|p2a: Dragonite|atk|1
|-boost|p2a: Dragonite|spe|1
|
|upkeep
|turn|11
|
|t:|1779665320
|move|p2a: Dragonite|Dragon Dance|p2a: Dragonite
|-boost|p2a: Dragonite|atk|1
|-boost|p2a: Dragonite|spe|1
|move|p1a: Azumarill|Perish Song|p1a: Azumarill
|-start|p1a: Azumarill|perish3|[silent]
|-start|p2a: Dragonite|perish3|[silent]
|-fieldactivate|move: Perish Song
|
|-start|p2a: Dragonite|perish3
|-start|p1a: Azumarill|perish3
|upkeep
|turn|12
|
|t:|1779665329
|move|p2a: Dragonite|Earthquake|p1a: Azumarill
|-damage|p1a: Azumarill|26/100
|move|p1a: Azumarill|Whirlpool|p2a: Dragonite
|-damage|p2a: Dragonite|97/100
|-activate|p2a: Dragonite|move: Whirlpool|[of] p1a: Azumarill
|
|-heal|p2a: Dragonite|100/100|[from] item: Leftovers
|-heal|p1a: Azumarill|33/100|[from] item: Leftovers
|-damage|p2a: Dragonite|88/100|[from] move: Whirlpool|[partiallytrapped]
|-start|p2a: Dragonite|perish2
|-start|p1a: Azumarill|perish2
|upkeep
|turn|13
|
|t:|1779665339
|move|p1a: Azumarill|Protect|p1a: Azumarill
|-singleturn|p1a: Azumarill|Protect
|move|p2a: Dragonite|Extreme Speed|p1a: Azumarill
|-activate|p1a: Azumarill|move: Protect
|
|-heal|p2a: Dragonite|94/100|[from] item: Leftovers
|-heal|p1a: Azumarill|39/100|[from] item: Leftovers
|-damage|p2a: Dragonite|82/100|[from] move: Whirlpool|[partiallytrapped]
|-start|p2a: Dragonite|perish1
|-start|p1a: Azumarill|perish1
|upkeep
|turn|14
|
|t:|1779665354
|move|p2a: Dragonite|Extreme Speed|p1a: Azumarill
|-damage|p1a: Azumarill|0 fnt
|faint|p1a: Azumarill
|
|-heal|p2a: Dragonite|88/100|[from] item: Leftovers
|-end|p2a: Dragonite|Whirlpool|[partiallytrapped]|[silent]
|-start|p2a: Dragonite|perish0
|faint|p2a: Dragonite
|upkeep
|
|t:|1779665378
|switch|p2a: Haxorus|Haxorus, M|100/100
|switch|p1a: Flygon|Flygon, F|100/100
|-activate|p2a: Haxorus|move: Sticky Web
|-unboost|p2a: Haxorus|spe|1
|-ability|p2a: Haxorus|Mold Breaker
|turn|15
|
|t:|1779665387
|-terastallize|p1a: Flygon|Ground
|move|p1a: Flygon|Dragon Dance|p1a: Flygon
|-boost|p1a: Flygon|atk|1
|-boost|p1a: Flygon|spe|1
|move|p2a: Haxorus|Scale Shot|p1a: Flygon
|-damage|p1a: Flygon|89/100
|-damage|p1a: Flygon|79/100
|-damage|p1a: Flygon|68/100
|-damage|p1a: Flygon|57/100
|-hitcount|p1a: Flygon|4
|-unboost|p2a: Haxorus|def|1
|-boost|p2a: Haxorus|spe|1
|
|-sideend|p1: pokemaster3592|Reflect
|upkeep
|turn|16
|
|t:|1779665401
|move|p1a: Flygon|Outrage|p2a: Haxorus
|-supereffective|p2a: Haxorus
|-damage|p2a: Haxorus|0 fnt
|faint|p2a: Haxorus
|
|upkeep
|
|t:|1779665415
|switch|p2a: Latios|Latios, M|100/100
|turn|17
|
|t:|1779665420
|move|p1a: Flygon|Outrage|p2a: Latios|[from] lockedmove
|-supereffective|p2a: Latios
|-damage|p2a: Latios|0 fnt
|faint|p2a: Latios
|-start|p1a: Flygon|confusion|[fatigue]
|-enditem|p1a: Flygon|Lum Berry|[eat]
|-end|p1a: Flygon|confusion
|
|upkeep
|
|t:|1779665428
|switch|p2a: Inteleon|Inteleon, F, shiny|100/100
|-activate|p2a: Inteleon|move: Sticky Web
|-unboost|p2a: Inteleon|spe|1
|turn|18
|
|t:|1779665432
|move|p1a: Flygon|Outrage|p2a: Inteleon
|-damage|p2a: Inteleon|0 fnt
|faint|p2a: Inteleon
|
|upkeep
|
|t:|1779665437
|switch|p2a: Zapdos|Zapdos|100/100
|turn|19
|
|t:|1779665446
|move|p1a: Flygon|Outrage|p2a: Zapdos|[from] lockedmove
|-damage|p2a: Zapdos|0 fnt
|faint|p2a: Zapdos
|-start|p1a: Flygon|confusion|[fatigue]
|
|upkeep
|
|t:|1779665452
|switch|p2a: Blaziken|Blaziken, M|100/100
|-item|p2a: Blaziken|Air Balloon
|turn|20
|
|t:|1779665456
|-activate|p1a: Flygon|confusion
|move|p1a: Flygon|Outrage|p2a: Blaziken
|-crit|p2a: Blaziken
|-damage|p2a: Blaziken|0 fnt
|-enditem|p2a: Blaziken|Air Balloon
|faint|p2a: Blaziken
|
|win|pokemaster3592
|raw|pokemaster3592's rating: 1137 &rarr; <strong>1159</strong><br />(+22 for winning)
|raw|decwdcv's rating: 1089 &rarr; <strong>1069</strong><br />(-20 for losing)
|l|☆decwdcv
|player|p2|
|c|☆pokemaster3592|what were u saying?
