|j|☆brtarr
|j|☆MHC』Painn ♱ Soul
|t:|1779657117
|gametype|singles
|player|p1|brtarr|nate|
|player|p2|MHC』Painn ♱ Soul|lady|
|gen|9
|tier|[Gen 9] OU
|rule|HP Percentage Mod: HP is shown in percentages
|rule|Endless Battle Clause: Forcing endless battles is banned
|rule|Species Clause: Limit one of each Pokémon
|rule|OHKO Clause: OHKO moves are banned
|rule|Evasion Items Clause: Evasion items are banned
|rule|Evasion Moves Clause: Evasion moves are banned
|rule|Evasion Abilities Clause: Evasion abilities are banned
|rule|Sleep Moves Clause: Sleep-inducing moves are banned
|clearpoke
|poke|p1|Dragonite, M|
|poke|p1|Ting-Lu|
|poke|p1|Iron Moth|
|poke|p1|Iron Valiant|
|poke|p1|Kyurem|
|poke|p1|Gholdengo|
|poke|p2|Slowking-Galar, F|
|poke|p2|Great Tusk|
|poke|p2|Kyurem|
|poke|p2|Kingambit, F|
|poke|p2|Cinderace, M|
|poke|p2|Zapdos|
|teampreview
|c|☆brtarr|Hf
|
|t:|1779657144
|teamsize|p1|6
|teamsize|p2|6
|start
|switch|p1a: Ting-Lu|Ting-Lu|100/100
|switch|p2a: Cinderace|Cinderace, M|100/100
|-ability|p1a: Ting-Lu|Vessel of Ruin
|turn|1
|c|☆MHC』Painn ♱ Soul|q prr é Hf kkkk
|
|t:|1779657164
|move|p2a: Cinderace|U-turn|p1a: Ting-Lu
|-supereffective|p1a: Ting-Lu
|-damage|p1a: Ting-Lu|78/100
|-damage|p2a: Cinderace|84/100|[from] item: Rocky Helmet|[of] p1a: Ting-Lu
|c|☆MHC』Painn ♱ Soul|tem uns cara que fala Glhf
|c|☆MHC』Painn ♱ Soul|tipo isso
|c|☆MHC』Painn ♱ Soul|ate hj eu nn sei oq é
|
|t:|1779657185
|switch|p2a: Great Tusk|Great Tusk|100/100|[from] U-turn
|move|p1a: Ting-Lu|Ruination|p2a: Great Tusk
|-damage|p2a: Great Tusk|51/100
|
|-heal|p2a: Great Tusk|57/100|[from] item: Leftovers
|upkeep
|turn|2
|c|☆brtarr|Kkkkkkkkkkk
|c|☆brtarr|E de tour
|
|t:|1779657201
|move|p2a: Great Tusk|Rapid Spin|p1a: Ting-Lu
|-damage|p1a: Ting-Lu|69/100
|-boost|p2a: Great Tusk|spe|1
|-damage|p2a: Great Tusk|40/100|[from] item: Rocky Helmet|[of] p1a: Ting-Lu
|move|p1a: Ting-Lu|Stealth Rock|p2a: Great Tusk
|-sidestart|p2: MHC』Painn ♱ Soul|move: Stealth Rock
|
|-heal|p2a: Great Tusk|46/100|[from] item: Leftovers
|upkeep
|turn|3
|
|t:|1779657211
|move|p2a: Great Tusk|Close Combat|p1a: Ting-Lu
|-supereffective|p1a: Ting-Lu
|-damage|p1a: Ting-Lu|0 fnt
|-unboost|p2a: Great Tusk|def|1
|-unboost|p2a: Great Tusk|spd|1
|-damage|p2a: Great Tusk|30/100|[from] item: Rocky Helmet|[of] p1a: Ting-Lu
|faint|p1a: Ting-Lu
|
|-heal|p2a: Great Tusk|36/100|[from] item: Leftovers
|upkeep
|
|t:|1779657232
|switch|p1a: Dragonite|Dragonite, M|100/100
|turn|4
|
|t:|1779657238
|move|p1a: Dragonite|Extreme Speed|p2a: Great Tusk
|-damage|p2a: Great Tusk|4/100
|move|p2a: Great Tusk|Ice Spinner|p1a: Dragonite
|-supereffective|p1a: Dragonite
|-damage|p1a: Dragonite|35/100
|
|-heal|p2a: Great Tusk|11/100|[from] item: Leftovers
|upkeep
|turn|5
|
|t:|1779657247
|move|p1a: Dragonite|Extreme Speed|p2a: Great Tusk
|-damage|p2a: Great Tusk|0 fnt
|faint|p2a: Great Tusk
|-end|p2a: Great Tusk|Protosynthesis|[silent]
|
|upkeep
|c|☆brtarr|Ah
|c|☆brtarr|Era defensivo né
|c|☆MHC』Painn ♱ Soul|tem 298 de defesa kk
|c|☆MHC』Painn ♱ Soul|ent acho que ss
|
|t:|1779657284
|switch|p2a: Kyurem|Kyurem|100/100
|-damage|p2a: Kyurem|76/100|[from] Stealth Rock
|-ability|p2a: Kyurem|Pressure
|turn|6
|
|t:|1779657291
|move|p1a: Dragonite|Extreme Speed|p2a: Kyurem
|-damage|p2a: Kyurem|49/100
|move|p2a: Kyurem|Ice Beam|p1a: Dragonite
|-supereffective|p1a: Dragonite
|-damage|p1a: Dragonite|0 fnt
|faint|p1a: Dragonite
|
|upkeep
|
|t:|1779657307
|switch|p1a: Iron Valiant|Iron Valiant|100/100
|-enditem|p1a: Iron Valiant|Booster Energy
|-activate|p1a: Iron Valiant|ability: Quark Drive|[fromitem]
|-start|p1a: Iron Valiant|quarkdrivespe
|turn|7
|
|t:|1779657317
|switch|p2a: Slowking|Slowking-Galar, F|100/100
|-damage|p2a: Slowking|88/100|[from] Stealth Rock
|move|p1a: Iron Valiant|Knock Off|p2a: Slowking
|-supereffective|p2a: Slowking
|-enditem|p2a: Slowking|Colbur Berry|[eat]
|-enditem|p2a: Slowking|Colbur Berry|[weaken]
|-damage|p2a: Slowking|59/100
|
|upkeep
|turn|8
|c|☆brtarr|Ah
|
|t:|1779657335
|-terastallize|p2a: Slowking|Water
|move|p1a: Iron Valiant|Knock Off|p2a: Slowking
|-damage|p2a: Slowking|39/100
|move|p2a: Slowking|Thunder Wave|p1a: Iron Valiant
|-status|p1a: Iron Valiant|par
|
|upkeep
|turn|9
|c|☆brtarr|Maldade isso aí
|
|t:|1779657354
|switch|p2a: Cinderace|Cinderace, M|84/100
|cant|p1a: Iron Valiant|par
|
|upkeep
|turn|10
|
|t:|1779657368
|move|p2a: Cinderace|Court Change|p2a: Cinderace
|-swapsideconditions
|-activate|p2a: Cinderace|move: Court Change
|cant|p1a: Iron Valiant|par
|
|upkeep
|turn|11
|c|☆MHC』Painn ♱ Soul|lucky
|
|t:|1779657381
|move|p2a: Cinderace|Pyro Ball|p1a: Iron Valiant|[miss]
|-miss|p2a: Cinderace|p1a: Iron Valiant
|move|p1a: Iron Valiant|Close Combat|p2a: Cinderace
|-damage|p2a: Cinderace|11/100
|-unboost|p1a: Iron Valiant|def|1
|-unboost|p1a: Iron Valiant|spd|1
|
|upkeep
|turn|12
|c|☆MHC』Painn ♱ Soul|sorte e azar
|
|t:|1779657390
|move|p2a: Cinderace|Pyro Ball|p1a: Iron Valiant
|-damage|p1a: Iron Valiant|0 fnt
|faint|p1a: Iron Valiant
|-end|p1a: Iron Valiant|Quark Drive|[silent]
|
|upkeep
|
|t:|1779657402
|switch|p1a: Gholdengo|Gholdengo|100/100
|-damage|p1a: Gholdengo|94/100|[from] Stealth Rock
|turn|13
|
|t:|1779657411
|move|p1a: Gholdengo|Shadow Ball|p2a: Cinderace
|-damage|p2a: Cinderace|0 fnt
|faint|p2a: Cinderace
|
|upkeep
|c|☆MHC』Painn ♱ Soul|gholdengo scarf
|
|t:|1779657421
|switch|p2a: Kingambit|Kingambit, F|100/100
|-activate|p2a: Kingambit|ability: Supreme Overlord
|-start|p2a: Kingambit|fallen2|[silent]
|turn|14
|
|t:|1779657436
|switch|p1a: Kyurem|Kyurem|100/100
|-damage|p1a: Kyurem|76/100|[from] Stealth Rock
|-ability|p1a: Kyurem|Pressure
|move|p2a: Kingambit|Swords Dance|p2a: Kingambit
|-boost|p2a: Kingambit|atk|2
|
|upkeep
|turn|15
|
|t:|1779657446
|move|p1a: Kyurem|Body Press|p2a: Kingambit
|-supereffective|p2a: Kingambit
|-damage|p2a: Kingambit|52/100
|move|p2a: Kingambit|Iron Head|p1a: Kyurem
|-supereffective|p1a: Kyurem
|-damage|p1a: Kyurem|0 fnt
|faint|p1a: Kyurem
|
|-heal|p2a: Kingambit|58/100|[from] item: Leftovers
|upkeep
|c|☆brtarr|É scarf não :)
|
|t:|1779657456
|switch|p1a: Iron Moth|Iron Moth|100/100
|-damage|p1a: Iron Moth|76/100|[from] Stealth Rock
|-enditem|p1a: Iron Moth|Booster Energy
|-activate|p1a: Iron Moth|ability: Quark Drive|[fromitem]
|-start|p1a: Iron Moth|quarkdrivespe
|turn|16
|
|t:|1779657478
|move|p2a: Kingambit|Sucker Punch||[still]
|-fail|p2a: Kingambit
|move|p1a: Iron Moth|Substitute|p1a: Iron Moth
|-start|p1a: Iron Moth|Substitute
|-damage|p1a: Iron Moth|51/100
|
|-heal|p2a: Kingambit|64/100|[from] item: Leftovers
|upkeep
|turn|17
|
|t:|1779657486
|-end|p2a: Kingambit|fallen2|[silent]
|switch|p2a: Slowking|Slowking-Galar, F, tera:Water|73/100
|move|p1a: Iron Moth|Fiery Dance|p2a: Slowking
|-resisted|p2a: Slowking
|-damage|p2a: Slowking|60/100
|-boost|p1a: Iron Moth|spa|1
|
|upkeep
|turn|18
|
|t:|1779657495
|move|p1a: Iron Moth|Sludge Wave|p2a: Slowking
|-damage|p2a: Slowking|19/100
|move|p2a: Slowking|Future Sight|p1a: Iron Moth
|-start|p2a: Slowking|move: Future Sight
|
|upkeep
|turn|19
|
|t:|1779657507
|switch|p2a: Kyurem|Kyurem|49/100
|-ability|p2a: Kyurem|Pressure
|move|p1a: Iron Moth|Dazzling Gleam|p2a: Kyurem
|-supereffective|p2a: Kyurem
|-damage|p2a: Kyurem|0 fnt
|faint|p2a: Kyurem
|
|upkeep
|
|t:|1779657526
|switch|p2a: Slowking|Slowking-Galar, F, tera:Water|52/100
|turn|20
|c|☆brtarr|GG
|c|☆brtarr|Perdi
|
|t:|1779657541
|move|p1a: Iron Moth|Sludge Wave|p2a: Slowking
|-damage|p2a: Slowking|5/100
|-prepare|p2a: Slowking|Chilly Reception|[premajor]
|move|p2a: Slowking|Chilly Reception|p2a: Slowking
|-weather|Snowscape
|c|☆brtarr|Ué
|
|t:|1779657557
|switch|p2a: Zapdos|Zapdos, shiny|100/100|[from] Chilly Reception
|
|-weather|Snowscape|[upkeep]
|-end|p1a: Iron Moth|move: Future Sight
|-supereffective|p1a: Iron Moth
|-end|p1a: Iron Moth|Substitute
|upkeep
|turn|21
|
|t:|1779657572
|move|p1a: Iron Moth|Sludge Wave|p2a: Zapdos
|-damage|p2a: Zapdos|24/100
|move|p2a: Zapdos|Volt Switch|p1a: Iron Moth
|-damage|p1a: Iron Moth|20/100
|
|t:|1779657582
|switch|p2a: Slowking|Slowking-Galar, F, tera:Water|38/100|[from] Volt Switch
|
|-weather|Snowscape|[upkeep]
|upkeep
|turn|22
|
|t:|1779657606
|switch|p2a: Zapdos|Zapdos, shiny|24/100
|move|p1a: Iron Moth|Dazzling Gleam|p2a: Zapdos
|-damage|p2a: Zapdos|0 fnt
|faint|p2a: Zapdos
|
|-weather|Snowscape|[upkeep]
|upkeep
|c|☆MHC』Painn ♱ Soul|calma que eu tinha feito mrd
|
|t:|1779657619
|switch|p2a: Kingambit|Kingambit, F|64/100
|-activate|p2a: Kingambit|ability: Supreme Overlord
|-start|p2a: Kingambit|fallen4|[silent]
|turn|23
|c|☆MHC』Painn ♱ Soul|sucker punch spam
|
|t:|1779657654
|move|p2a: Kingambit|Sucker Punch|p1a: Iron Moth
|-damage|p1a: Iron Moth|0 fnt
|faint|p1a: Iron Moth
|-end|p1a: Iron Moth|Quark Drive|[silent]
|
|-weather|Snowscape|[upkeep]
|-heal|p2a: Kingambit|70/100|[from] item: Leftovers
|upkeep
|
|t:|1779657656
|switch|p1a: Gholdengo|Gholdengo|94/100
|-damage|p1a: Gholdengo|88/100|[from] Stealth Rock
|turn|24
|
|t:|1779657664
|-terastallize|p1a: Gholdengo|Fairy
|move|p2a: Kingambit|Sucker Punch||[still]
|-fail|p2a: Kingambit
|move|p1a: Gholdengo|Trick|p2a: Kingambit
|-activate|p1a: Gholdengo|move: Trick|[of] p2a: Kingambit
|-item|p2a: Kingambit|Choice Scarf|[from] move: Trick
|-item|p1a: Gholdengo|Leftovers|[from] move: Trick
|
|-weather|none
|-heal|p1a: Gholdengo|94/100|[from] item: Leftovers
|upkeep
|turn|25
|c|☆brtarr|Oi :)
|
|t:|1779657683
|move|p1a: Gholdengo|Dazzling Gleam|p2a: Kingambit
|-damage|p2a: Kingambit|27/100
|move|p2a: Kingambit|Iron Head|p1a: Gholdengo
|-supereffective|p1a: Gholdengo
|-damage|p1a: Gholdengo|0 fnt
|faint|p1a: Gholdengo
|
|win|MHC』Painn ♱ Soul
|c|☆MHC』Painn ♱ Soul|jogou bem
|c|☆brtarr|Se tmb
