|badge|p2|bronze|gen9ou|100-9
|badge|p2|bronze|gen9randombattle|100-9
|uhtml|medal-msg|<div class="broadcast-blue">Curious what those medals under the avatar are? PS now has Ladder Seasons! For more information, check out the <a href="https://www.smogon.com/forums/threads/3740067/">thread on Smogon.</a></div>
|j|☆4W3N0
|j|☆portobellomushroom
|t:|1779685469
|gametype|singles
|player|p1|4W3N0|101|1577
|player|p2|portobellomushroom|turo-ai|1757
|gen|9
|tier|[Gen 9] OU
|rated|
|rule|HP Percentage Mod: HP is shown in percentages
|rule|Endless Battle Clause: Forcing endless battles is banned
|rule|Species Clause: Limit one of each Pokémon
|rule|OHKO Clause: OHKO moves are banned
|rule|Evasion Items Clause: Evasion items are banned
|rule|Evasion Moves Clause: Evasion moves are banned
|rule|Evasion Abilities Clause: Evasion abilities are banned
|rule|Sleep Moves Clause: Sleep-inducing moves are banned
|clearpoke
|poke|p1|Ninetales, F|
|poke|p1|Raging Bolt|
|poke|p1|Walking Wake|
|poke|p1|Great Tusk|
|poke|p1|Cresselia, F|
|poke|p1|Cinderace, F|
|poke|p2|Glimmora, M|
|poke|p2|Polteageist|
|poke|p2|Deoxys-Speed|
|poke|p2|Great Tusk|
|poke|p2|Dragonite, M|
|poke|p2|Iron Valiant|
|teampreview
|inactive|Battle timer is ON: inactive players will automatically lose when time's up. (requested by portobellomushroom)
|
|t:|1779685478
|teamsize|p1|6
|teamsize|p2|6
|start
|switch|p1a: Great Tusk|Great Tusk|100/100
|switch|p2a: glim glam|Glimmora, M|100/100
|turn|1
|
|t:|1779685484
|move|p1a: Great Tusk|Rapid Spin|p2a: glim glam
|-resisted|p2a: glim glam
|-damage|p2a: glim glam|90/100
|-boost|p1a: Great Tusk|spe|1
|-activate|p2a: glim glam|ability: Toxic Debris
|-sidestart|p1: 4W3N0|move: Toxic Spikes
|-sideend|p1: 4W3N0|Toxic Spikes|[from] move: Rapid Spin|[of] p1a: Great Tusk
|move|p2a: glim glam|Stealth Rock|p1a: Great Tusk
|-sidestart|p1: 4W3N0|move: Stealth Rock
|
|upkeep
|turn|2
|
|t:|1779685490
|switch|p2a: drank|Polteageist|100/100
|move|p1a: Great Tusk|Headlong Rush|p2a: drank
|-enditem|p2a: drank|Focus Sash
|-damage|p2a: drank|1/100
|-unboost|p1a: Great Tusk|def|1
|-unboost|p1a: Great Tusk|spd|1
|-ability|p2a: drank|Weak Armor|boost
|-unboost|p2a: drank|def|1
|-boost|p2a: drank|spe|2
|
|upkeep
|turn|3
|
|t:|1779685513
|-end|p1a: Great Tusk|Protosynthesis|[silent]
|switch|p1a: Raging Bolt|Raging Bolt|100/100
|-damage|p1a: Raging Bolt|88/100|[from] Stealth Rock
|move|p2a: drank|Shadow Ball|p1a: Raging Bolt
|-damage|p1a: Raging Bolt|43/100
|
|-heal|p1a: Raging Bolt|50/100|[from] item: Leftovers
|upkeep
|turn|4
|
|t:|1779685522
|switch|p2a: glim glam|Glimmora, M|90/100
|move|p1a: Raging Bolt|Dragon Pulse|p2a: glim glam
|-damage|p2a: glim glam|24/100
|
|-heal|p1a: Raging Bolt|56/100|[from] item: Leftovers
|upkeep
|turn|5
|
|t:|1779685530
|move|p2a: glim glam|Earth Power|p1a: Raging Bolt
|-supereffective|p1a: Raging Bolt
|-damage|p1a: Raging Bolt|0 fnt
|faint|p1a: Raging Bolt
|-end|p1a: Raging Bolt|Protosynthesis|[silent]
|
|upkeep
|
|t:|1779685535
|switch|p1a: Great Tusk|Great Tusk|100/100
|-damage|p1a: Great Tusk|98/100|[from] Stealth Rock
|turn|6
|
|t:|1779685542
|switch|p2a: drank|Polteageist|1/100
|move|p1a: Great Tusk|Rapid Spin|p2a: drank
|-immune|p2a: drank
|
|upkeep
|turn|7
|
|t:|1779685547
|switch|p2a: glim glam|Glimmora, M|24/100
|move|p1a: Great Tusk|Ice Spinner|p2a: glim glam
|-damage|p2a: glim glam|0 fnt
|-activate|p2a: glim glam|ability: Toxic Debris
|-sidestart|p1: 4W3N0|move: Toxic Spikes
|faint|p2a: glim glam
|
|upkeep
|
|t:|1779685549
|switch|p2a: liting mcgoo|Deoxys-Speed|100/100
|-ability|p2a: liting mcgoo|Pressure
|turn|8
|
|t:|1779685556
|-end|p1a: Great Tusk|Protosynthesis|[silent]
|switch|p1a: Cresselia|Cresselia, F|100/100
|-damage|p1a: Cresselia|88/100|[from] Stealth Rock
|move|p2a: liting mcgoo|Psycho Boost|p1a: Cresselia
|-resisted|p1a: Cresselia
|-damage|p1a: Cresselia|60/100
|-unboost|p2a: liting mcgoo|spa|2
|-enditem|p1a: Cresselia|Eject Button
|-damage|p2a: liting mcgoo|91/100|[from] item: Life Orb
|
|t:|1779685559
|switch|p1a: Cinderace|Cinderace, F|100/100
|
|upkeep
|turn|9
|
|t:|1779685566
|move|p2a: liting mcgoo|Nasty Plot|p2a: liting mcgoo
|-boost|p2a: liting mcgoo|spa|2
|move|p1a: Cinderace|Court Change|p1a: Cinderace
|-start|p1a: Cinderace|typechange|Normal|[from] ability: Libero
|-swapsideconditions
|-activate|p1a: Cinderace|move: Court Change
|
|upkeep
|turn|10
|
|t:|1779685574
|move|p2a: liting mcgoo|Focus Blast|p1a: Cinderace
|-supereffective|p1a: Cinderace
|-damage|p1a: Cinderace|0 fnt
|faint|p1a: Cinderace
|-damage|p2a: liting mcgoo|81/100|[from] item: Life Orb
|
|upkeep
|
|t:|1779685584
|switch|p1a: Ninetales|Ninetales, F|100/100
|-weather|SunnyDay|[from] ability: Drought|[of] p1a: Ninetales
|turn|11
|
|t:|1779685591
|move|p2a: liting mcgoo|Psycho Boost|p1a: Ninetales
|-damage|p1a: Ninetales|0 fnt
|-unboost|p2a: liting mcgoo|spa|2
|faint|p1a: Ninetales
|-damage|p2a: liting mcgoo|72/100|[from] item: Life Orb
|
|-weather|SunnyDay|[upkeep]
|upkeep
|
|t:|1779685595
|switch|p1a: Walking Wake|Walking Wake|100/100
|-activate|p1a: Walking Wake|ability: Protosynthesis
|-start|p1a: Walking Wake|protosynthesisspe
|turn|12
|
|t:|1779685603
|switch|p2a: drank|Polteageist|1/100
|-damage|p2a: drank|0 fnt|[from] Stealth Rock
|faint|p2a: drank
|-terastallize|p1a: Walking Wake|Water
|move|p1a: Walking Wake|Hydro Steam|p2: drank|[notarget]
|-fail|p1a: Walking Wake
|
|-weather|SunnyDay|[upkeep]
|upkeep
|
|t:|1779685617
|switch|p2a: which set?|Iron Valiant|100/100
|-damage|p2a: which set?|94/100|[from] Stealth Rock
|-status|p2a: which set?|psn
|-enditem|p2a: which set?|Booster Energy
|-activate|p2a: which set?|ability: Quark Drive|[fromitem]
|-start|p2a: which set?|quarkdrivespe
|turn|13
|
|t:|1779685622
|move|p2a: which set?|Close Combat|p1a: Walking Wake
|-damage|p1a: Walking Wake|27/100
|-unboost|p2a: which set?|def|1
|-unboost|p2a: which set?|spd|1
|move|p1a: Walking Wake|Hydro Steam|p2a: which set?
|-damage|p2a: which set?|0 fnt
|faint|p2a: which set?
|-end|p2a: which set?|Quark Drive|[silent]
|
|-weather|SunnyDay|[upkeep]
|upkeep
|
|t:|1779685629
|switch|p2a: Dnite|Dragonite, M|100/100
|turn|14
|
|t:|1779685634
|-end|p1a: Walking Wake|Protosynthesis|[silent]
|switch|p1a: Great Tusk|Great Tusk|98/100
|-activate|p1a: Great Tusk|ability: Protosynthesis
|-start|p1a: Great Tusk|protosynthesisatk
|move|p2a: Dnite|Extreme Speed|p1a: Great Tusk
|-damage|p1a: Great Tusk|75/100
|-damage|p2a: Dnite|84/100|[from] item: Rocky Helmet|[of] p1a: Great Tusk
|
|-weather|SunnyDay|[upkeep]
|upkeep
|turn|15
|
|t:|1779685657
|move|p2a: Dnite|Extreme Speed|p1a: Great Tusk
|-damage|p1a: Great Tusk|53/100
|-damage|p2a: Dnite|68/100|[from] item: Rocky Helmet|[of] p1a: Great Tusk
|move|p1a: Great Tusk|Ice Spinner|p2a: Dnite
|-supereffective|p2a: Dnite
|-damage|p2a: Dnite|0 fnt
|faint|p2a: Dnite
|
|-weather|SunnyDay|[upkeep]
|upkeep
|
|t:|1779685660
|switch|p2a: liting mcgoo|Deoxys-Speed|72/100
|-damage|p2a: liting mcgoo|59/100|[from] Stealth Rock
|-status|p2a: liting mcgoo|psn
|-ability|p2a: liting mcgoo|Pressure
|turn|16
|
|t:|1779685667
|move|p2a: liting mcgoo|Psycho Boost|p1a: Great Tusk
|-supereffective|p1a: Great Tusk
|-damage|p1a: Great Tusk|0 fnt
|-unboost|p2a: liting mcgoo|spa|2
|faint|p1a: Great Tusk
|-end|p1a: Great Tusk|Protosynthesis|[silent]
|-damage|p2a: liting mcgoo|49/100 psn|[from] item: Life Orb
|
|-weather|SunnyDay|[upkeep]
|-damage|p2a: liting mcgoo|37/100 psn|[from] psn
|upkeep
|
|t:|1779685671
|switch|p1a: Cresselia|Cresselia, F|60/100
|turn|17
|
|t:|1779685677
|move|p2a: liting mcgoo|Nasty Plot|p2a: liting mcgoo
|-boost|p2a: liting mcgoo|spa|2
|move|p1a: Cresselia|Lunar Dance|p1a: Cresselia
|faint|p1a: Cresselia
|
|-weather|SunnyDay|[upkeep]
|-damage|p2a: liting mcgoo|25/100 psn|[from] psn
|upkeep
|
|t:|1779685680
|switch|p1a: Walking Wake|Walking Wake, tera:Water|27/100
|-heal|p1a: Walking Wake|100/100|[from] move: Lunar Dance
|-activate|p1a: Walking Wake|ability: Protosynthesis
|-start|p1a: Walking Wake|protosynthesisspe
|turn|18
|
|t:|1779685692
|switch|p2a: great donphan|Great Tusk|100/100
|-damage|p2a: great donphan|97/100|[from] Stealth Rock
|-status|p2a: great donphan|psn
|-activate|p2a: great donphan|ability: Protosynthesis
|-start|p2a: great donphan|protosynthesisspe
|move|p1a: Walking Wake|Hydro Steam|p2a: great donphan
|-supereffective|p2a: great donphan
|-damage|p2a: great donphan|0 fnt
|faint|p2a: great donphan
|-end|p2a: great donphan|Protosynthesis|[silent]
|
|-weather|none
|-end|p1a: Walking Wake|Protosynthesis
|upkeep
|
|t:|1779685693
|switch|p2a: liting mcgoo|Deoxys-Speed|25/100 psn
|-damage|p2a: liting mcgoo|12/100 psn|[from] Stealth Rock
|-ability|p2a: liting mcgoo|Pressure
|turn|19
|
|t:|1779685695
|move|p2a: liting mcgoo|Psycho Boost|p1a: Walking Wake
|-damage|p1a: Walking Wake|0 fnt
|-unboost|p2a: liting mcgoo|spa|2
|faint|p1a: Walking Wake
|-end|p1a: Walking Wake|Protosynthesis|[silent]
|-damage|p2a: liting mcgoo|3/100 psn|[from] item: Life Orb
|
|win|portobellomushroom
|raw|4W3N0's rating: 1577 &rarr; <strong>1567</strong><br />(-10 for losing)
|raw|portobellomushroom's rating: 1757 &rarr; <strong>1767</strong><br />(+10 for winning)
|l|☆portobellomushroom
|player|p2|
|l|☆4W3N0
|player|p1|
