|j|☆Darth Toran
|j|☆chip wittley
|t:|1779591682
|gametype|singles
|player|p1|Darth Toran|doubleteam|1645
|player|p2|chip wittley|lance|1619
|gen|9
|tier|[Gen 9] OU
|rated|
|rule|HP Percentage Mod: HP is shown in percentages
|rule|Endless Battle Clause: Forcing endless battles is banned
|rule|Species Clause: Limit one of each Pokémon
|rule|OHKO Clause: OHKO moves are banned
|rule|Evasion Items Clause: Evasion items are banned
|rule|Evasion Moves Clause: Evasion moves are banned
|rule|Evasion Abilities Clause: Evasion abilities are banned
|rule|Sleep Moves Clause: Sleep-inducing moves are banned
|clearpoke
|poke|p1|Zamazenta-*|
|poke|p1|Iron Hands|
|poke|p1|Ceruledge, F|
|poke|p1|Great Tusk|
|poke|p1|Deoxys-Speed|
|poke|p1|Samurott-Hisui, M|
|poke|p2|Regieleki|
|poke|p2|Zamazenta-*|
|poke|p2|Ogerpon-Wellspring, F|
|poke|p2|Landorus-Therian, M|
|poke|p2|Zoroark-Hisui, F|
|poke|p2|Tinkaton, F|
|teampreview
|
|t:|1779591704
|teamsize|p1|6
|teamsize|p2|6
|start
|switch|p1a: Samurott|Samurott-Hisui, M|100/100
|switch|p2a: Regieleki|Regieleki|100/100
|turn|1
|
|t:|1779591713
|switch|p1a: Great Tusk|Great Tusk|100/100
|-enditem|p1a: Great Tusk|Booster Energy
|-activate|p1a: Great Tusk|ability: Protosynthesis|[fromitem]
|-start|p1a: Great Tusk|protosynthesisatk
|move|p2a: Regieleki|Trick|p1a: Great Tusk
|-activate|p2a: Regieleki|move: Trick|[of] p1a: Great Tusk
|-item|p1a: Great Tusk|Choice Specs|[from] move: Trick
|-enditem|p2a: Regieleki|Choice Specs|[silent]|[from] move: Trick
|
|upkeep
|turn|2
|j| Easontom
|
|t:|1779591725
|move|p2a: Regieleki|Grass Knot|p1a: Great Tusk
|-supereffective|p1a: Great Tusk
|-damage|p1a: Great Tusk|0 fnt
|faint|p1a: Great Tusk
|-end|p1a: Great Tusk|Protosynthesis|[silent]
|
|upkeep
|
|t:|1779591751
|switch|p1a: Deoxys|Deoxys-Speed|100/100
|-ability|p1a: Deoxys|Pressure
|turn|3
|
|t:|1779591757
|switch|p2a: Tinkaton|Tinkaton, F|100/100
|-item|p2a: Tinkaton|Air Balloon
|move|p1a: Deoxys|Light Screen|p1a: Deoxys
|-sidestart|p1: Darth Toran|move: Light Screen
|
|upkeep
|turn|4
|
|t:|1779591761
|move|p1a: Deoxys|Taunt|p2a: Tinkaton
|-start|p2a: Tinkaton|move: Taunt
|cant|p2a: Tinkaton|move: Taunt|Thunder Wave
|
|upkeep
|turn|5
|
|t:|1779591765
|move|p1a: Deoxys|Reflect|p1a: Deoxys
|-sidestart|p1: Darth Toran|Reflect
|move|p2a: Tinkaton|Gigaton Hammer|p1a: Deoxys
|-damage|p1a: Deoxys|76/100
|
|upkeep
|turn|6
|
|t:|1779591768
|switch|p2a: Regieleki|Regieleki|100/100
|move|p1a: Deoxys|Stealth Rock|p2a: Regieleki
|-sidestart|p2: chip wittley|move: Stealth Rock
|
|upkeep
|turn|7
|
|t:|1779591773
|move|p1a: Deoxys|Taunt|p2a: Regieleki
|-start|p2a: Regieleki|move: Taunt
|cant|p2a: Regieleki|move: Taunt|Trick
|
|upkeep
|turn|8
|j| dalty dalty dalty
|
|t:|1779591785
|switch|p1a: Iron Hands|Iron Hands|100/100
|-enditem|p1a: Iron Hands|Booster Energy
|-activate|p1a: Iron Hands|ability: Quark Drive|[fromitem]
|-start|p1a: Iron Hands|quarkdriveatk
|move|p2a: Regieleki|Grass Knot|p1a: Iron Hands
|-damage|p1a: Iron Hands|79/100
|
|upkeep
|turn|9
|
|t:|1779591797
|move|p2a: Regieleki|Hyper Voice|p1a: Iron Hands
|-damage|p1a: Iron Hands|53/100
|move|p1a: Iron Hands|Ice Punch|p2a: Regieleki
|-damage|p2a: Regieleki|13/100
|replace|p2a: Zoroark|Zoroark-Hisui, F
|-end|p2a: Zoroark|Illusion
|
|-end|p2a: Zoroark|move: Taunt
|upkeep
|turn|10
|
|t:|1779591808
|move|p2a: Zoroark|Hyper Voice|p1a: Iron Hands
|-damage|p1a: Iron Hands|29/100
|move|p1a: Iron Hands|Ice Punch|p2a: Zoroark
|-damage|p2a: Zoroark|0 fnt
|faint|p2a: Zoroark
|
|-sideend|p1: Darth Toran|move: Light Screen
|upkeep
|
|t:|1779591813
|switch|p2a: Regieleki|Regieleki|100/100
|turn|11
|
|t:|1779591827
|-terastallize|p2a: Regieleki|Electric
|move|p2a: Regieleki|Volt Switch|p1a: Iron Hands
|-resisted|p1a: Iron Hands
|-damage|p1a: Iron Hands|2/100
|
|t:|1779591833
|switch|p2a: Tinkaton|Tinkaton, F|100/100|[from] Volt Switch
|-damage|p2a: Tinkaton|94/100|[from] Stealth Rock
|-item|p2a: Tinkaton|Air Balloon
|move|p1a: Iron Hands|Close Combat|p2a: Tinkaton
|-damage|p2a: Tinkaton|0 fnt
|-unboost|p1a: Iron Hands|def|1
|-unboost|p1a: Iron Hands|spd|1
|-enditem|p2a: Tinkaton|Air Balloon
|faint|p2a: Tinkaton
|
|upkeep
|
|t:|1779591835
|switch|p2a: Regieleki|Regieleki, tera:Electric|100/100
|turn|12
|
|t:|1779591841
|move|p2a: Regieleki|Rapid Spin|p1a: Iron Hands
|-damage|p1a: Iron Hands|0 fnt
|-boost|p2a: Regieleki|spe|1
|-sideend|p2: chip wittley|Stealth Rock|[from] move: Rapid Spin|[of] p2a: Regieleki
|faint|p1a: Iron Hands
|-end|p1a: Iron Hands|Quark Drive|[silent]
|
|-sideend|p1: Darth Toran|Reflect
|upkeep
|
|t:|1779591847
|switch|p1a: Deoxys|Deoxys-Speed|76/100
|-ability|p1a: Deoxys|Pressure
|turn|13
|
|t:|1779591853
|move|p2a: Regieleki|Electro Ball|p1a: Deoxys
|-crit|p1a: Deoxys
|-damage|p1a: Deoxys|0 fnt
|faint|p1a: Deoxys
|
|upkeep
|
|t:|1779591875
|switch|p1a: Zamazenta|Zamazenta|100/100
|-ability|p1a: Zamazenta|Dauntless Shield|boost
|-boost|p1a: Zamazenta|def|1
|turn|14
|
|t:|1779591883
|move|p2a: Regieleki|Volt Switch|p1a: Zamazenta
|-damage|p1a: Zamazenta|49/100
|
|t:|1779591891
|switch|p2a: Ogerpon|Ogerpon-Wellspring, F|100/100|[from] Volt Switch
|move|p1a: Zamazenta|Body Press|p2a: Ogerpon
|-damage|p2a: Ogerpon|21/100
|
|-heal|p1a: Zamazenta|55/100|[from] item: Leftovers
|upkeep
|turn|15
|
|t:|1779591910
|switch|p2a: Landorus|Landorus-Therian, M|100/100
|-ability|p2a: Landorus|Intimidate|boost
|-unboost|p1a: Zamazenta|atk|1
|move|p1a: Zamazenta|Iron Defense|p1a: Zamazenta
|-boost|p1a: Zamazenta|def|2
|
|-heal|p1a: Zamazenta|61/100|[from] item: Leftovers
|upkeep
|turn|16
|
|t:|1779591914
|switch|p2a: Ogerpon|Ogerpon-Wellspring, F|21/100
|move|p1a: Zamazenta|Body Press|p2a: Ogerpon
|-damage|p2a: Ogerpon|0 fnt
|faint|p2a: Ogerpon
|
|-heal|p1a: Zamazenta|67/100|[from] item: Leftovers
|upkeep
|
|t:|1779591915
|switch|p2a: Regieleki|Regieleki, tera:Electric|100/100
|turn|17
|
|t:|1779591923
|move|p2a: Regieleki|Volt Switch|p1a: Zamazenta
|-crit|p1a: Zamazenta
|-damage|p1a: Zamazenta|0 fnt
|faint|p1a: Zamazenta
|
|t:|1779591932
|switch|p2a: Landorus|Landorus-Therian, M|100/100|[from] Volt Switch
|
|upkeep
|
|t:|1779591944
|switch|p1a: Samurott|Samurott-Hisui, M|100/100
|turn|18
|
|t:|1779591961
|switch|p2a: Zamazenta|Zamazenta|100/100
|-ability|p2a: Zamazenta|Dauntless Shield|boost
|-boost|p2a: Zamazenta|def|1
|move|p1a: Samurott|Ceaseless Edge|p2a: Zamazenta
|-resisted|p2a: Zamazenta
|-damage|p2a: Zamazenta|85/100
|-sidestart|p2: chip wittley|Spikes
|
|upkeep
|turn|19
|
|t:|1779591970
|switch|p1a: Ceruledge|Ceruledge, F|100/100
|move|p2a: Zamazenta|Stone Edge|p1a: Ceruledge
|-supereffective|p1a: Ceruledge
|-damage|p1a: Ceruledge|0 fnt
|faint|p1a: Ceruledge
|-damage|p2a: Zamazenta|76/100|[from] item: Life Orb
|
|upkeep
|
|t:|1779591985
|switch|p1a: Samurott|Samurott-Hisui, M|100/100
|turn|20
|
|t:|1779591991
|move|p2a: Zamazenta|Close Combat|p1a: Samurott
|-supereffective|p1a: Samurott
|-damage|p1a: Samurott|0 fnt
|-unboost|p2a: Zamazenta|def|1
|-unboost|p2a: Zamazenta|spd|1
|faint|p1a: Samurott
|-damage|p2a: Zamazenta|66/100|[from] item: Life Orb
|
|win|chip wittley
|raw|Darth Toran's rating: 1645 &rarr; <strong>1624</strong><br />(-21 for losing)
|raw|chip wittley's rating: 1619 &rarr; <strong>1640</strong><br />(+21 for winning)
|l| Easontom
|l|☆Darth Toran
|player|p1|
