|j|☆HLAHartUAI
|j|☆loading screens
|t:|1779611755
|gametype|singles
|player|p1|HLAHartUAI|clerk|1220
|player|p2|loading screens|harlequin|1263
|gen|9
|tier|[Gen 9] OU
|rated|
|rule|HP Percentage Mod: HP is shown in percentages
|rule|Endless Battle Clause: Forcing endless battles is banned
|rule|Species Clause: Limit one of each Pokémon
|rule|OHKO Clause: OHKO moves are banned
|rule|Evasion Items Clause: Evasion items are banned
|rule|Evasion Moves Clause: Evasion moves are banned
|rule|Evasion Abilities Clause: Evasion abilities are banned
|rule|Sleep Moves Clause: Sleep-inducing moves are banned
|clearpoke
|poke|p1|Kingambit, F|
|poke|p1|Dragapult, F|
|poke|p1|Great Tusk|
|poke|p1|Heatran, M|
|poke|p1|Rotom-Wash|
|poke|p1|Illumise, F|
|poke|p2|Dragonite, M|
|poke|p2|Ting-Lu|
|poke|p2|Clefable, M|
|poke|p2|Pecharunt|
|poke|p2|Heatran, M|
|poke|p2|Zamazenta-*|
|teampreview
|
|t:|1779611768
|teamsize|p1|6
|teamsize|p2|6
|start
|switch|p1a: Heatran|Heatran, M|100/100
|switch|p2a: Ting-Lu|Ting-Lu|100/100
|-ability|p2a: Ting-Lu|Vessel of Ruin
|turn|1
|
|t:|1779611777
|-terastallize|p1a: Heatran|Grass
|move|p1a: Heatran|Stealth Rock|p2a: Ting-Lu
|-sidestart|p2: loading screens|move: Stealth Rock
|move|p2a: Ting-Lu|Ruination|p1a: Heatran
|-damage|p1a: Heatran|50/100
|
|-heal|p1a: Heatran|57/100|[from] item: Leftovers
|upkeep
|turn|2
|
|t:|1779611798
|move|p1a: Heatran|Magma Storm|p2a: Ting-Lu
|-damage|p2a: Ting-Lu|81/100
|-activate|p2a: Ting-Lu|move: Magma Storm|[of] p1a: Heatran
|move|p2a: Ting-Lu|Spikes|p1a: Heatran
|-sidestart|p1: HLAHartUAI|Spikes
|
|-heal|p1a: Heatran|63/100|[from] item: Leftovers
|-heal|p2a: Ting-Lu|87/100|[from] item: Leftovers
|-damage|p2a: Ting-Lu|75/100|[from] move: Magma Storm|[partiallytrapped]
|upkeep
|turn|3
|
|t:|1779611804
|move|p1a: Heatran|Magma Storm|p2a: Ting-Lu|[miss]
|-miss|p1a: Heatran|p2a: Ting-Lu
|move|p2a: Ting-Lu|Whirlwind|p1a: Heatran
|drag|p1a: Great Tusk|Great Tusk|100/100
|
|-heal|p2a: Ting-Lu|81/100|[from] item: Leftovers
|-end|p2a: Ting-Lu|Magma Storm|[partiallytrapped]|[silent]
|upkeep
|turn|4
|
|t:|1779611816
|switch|p2a: Pecharunt|Pecharunt|100/100
|move|p1a: Great Tusk|Ice Spinner|p2a: Pecharunt
|-crit|p2a: Pecharunt
|-damage|p2a: Pecharunt|80/100
|
|upkeep
|turn|5
|
|t:|1779611828
|move|p1a: Great Tusk|Knock Off|p2a: Pecharunt
|-supereffective|p2a: Pecharunt
|-damage|p2a: Pecharunt|49/100
|-enditem|p2a: Pecharunt|Heavy-Duty Boots|[from] move: Knock Off|[of] p1a: Great Tusk
|move|p2a: Pecharunt|Parting Shot|p1a: Great Tusk
|-unboost|p1a: Great Tusk|atk|1
|-unboost|p1a: Great Tusk|spa|1
|
|t:|1779611833
|switch|p2a: Clefable|Clefable, M|100/100|[from] Parting Shot
|
|upkeep
|turn|6
|
|t:|1779611848
|-end|p1a: Great Tusk|Protosynthesis|[silent]
|switch|p1a: Kingambit|Kingambit, F|100/100
|-damage|p1a: Kingambit|88/100|[from] Spikes
|move|p2a: Clefable|Calm Mind|p2a: Clefable
|-boost|p2a: Clefable|spa|1
|-boost|p2a: Clefable|spd|1
|
|-heal|p1a: Kingambit|94/100|[from] item: Leftovers
|upkeep
|turn|7
|
|t:|1779611862
|switch|p2a: Heatran|Heatran, M|100/100
|-damage|p2a: Heatran|88/100|[from] Stealth Rock
|move|p1a: Kingambit|Iron Head|p2a: Heatran
|-resisted|p2a: Heatran
|-damage|p2a: Heatran|79/100
|
|-heal|p2a: Heatran|85/100|[from] item: Leftovers
|-heal|p1a: Kingambit|100/100|[from] item: Leftovers
|upkeep
|turn|8
|
|t:|1779611877
|-end|p1a: Kingambit|fallenundefined|[silent]
|switch|p1a: Heatran|Heatran, M, tera:Grass|63/100
|-damage|p1a: Heatran|50/100|[from] Spikes
|move|p2a: Heatran|Stealth Rock|p1a: Heatran
|-sidestart|p1: HLAHartUAI|move: Stealth Rock
|
|-heal|p2a: Heatran|91/100|[from] item: Leftovers
|-heal|p1a: Heatran|57/100|[from] item: Leftovers
|upkeep
|turn|9
|
|t:|1779611905
|switch|p2a: Ting-Lu|Ting-Lu|81/100
|-damage|p2a: Ting-Lu|75/100|[from] Stealth Rock
|-ability|p2a: Ting-Lu|Vessel of Ruin
|move|p1a: Heatran|Earth Power|p2a: Ting-Lu
|-damage|p2a: Ting-Lu|64/100
|
|-heal|p1a: Heatran|63/100|[from] item: Leftovers
|-heal|p2a: Ting-Lu|70/100|[from] item: Leftovers
|upkeep
|turn|10
|
|t:|1779611910
|switch|p1a: Great Tusk|Great Tusk|100/100
|move|p2a: Ting-Lu|Whirlwind|p1a: Great Tusk
|-end|p1a: Great Tusk|Protosynthesis|[silent]
|drag|p1a: Kingambit|Kingambit, F|100/100
|-damage|p1a: Kingambit|88/100|[from] Spikes
|-damage|p1a: Kingambit|82/100|[from] Stealth Rock
|
|-heal|p1a: Kingambit|88/100|[from] item: Leftovers
|-heal|p2a: Ting-Lu|76/100|[from] item: Leftovers
|upkeep
|turn|11
|
|t:|1779611924
|-end|p1a: Kingambit|fallenundefined|[silent]
|switch|p1a: Rotom|Rotom-Wash|100/100
|-damage|p1a: Rotom|88/100|[from] Stealth Rock
|move|p2a: Ting-Lu|Ruination|p1a: Rotom|[miss]
|-miss|p2a: Ting-Lu|p1a: Rotom
|
|-heal|p2a: Ting-Lu|82/100|[from] item: Leftovers
|upkeep
|turn|12
|
|t:|1779611937
|switch|p2a: Clefable|Clefable, M|100/100
|move|p1a: Rotom|Hydro Pump|p2a: Clefable
|-crit|p2a: Clefable
|-damage|p2a: Clefable|36/100
|
|-heal|p2a: Clefable|42/100|[from] item: Leftovers
|upkeep
|turn|13
|
|t:|1779611941
|move|p1a: Rotom|Hydro Pump|p2a: Clefable
|-damage|p2a: Clefable|0 fnt
|faint|p2a: Clefable
|
|upkeep
|
|t:|1779611948
|switch|p2a: Dragonite|Dragonite, M|100/100
|turn|14
|
|t:|1779611956
|switch|p1a: Dragapult|Dragapult, F|100/100
|move|p2a: Dragonite|Dragon Tail|p1a: Dragapult
|-supereffective|p1a: Dragapult
|-damage|p1a: Dragapult|0 fnt
|faint|p1a: Dragapult
|
|upkeep
|
|t:|1779611963
|switch|p1a: Great Tusk|Great Tusk|100/100
|turn|15
|
|t:|1779611966
|switch|p2a: Pecharunt|Pecharunt|49/100
|-damage|p2a: Pecharunt|36/100|[from] Stealth Rock
|move|p1a: Great Tusk|Ice Spinner|p2a: Pecharunt
|-damage|p2a: Pecharunt|23/100
|
|upkeep
|turn|16
|
|t:|1779611971
|move|p1a: Great Tusk|Knock Off|p2a: Pecharunt
|-supereffective|p2a: Pecharunt
|-damage|p2a: Pecharunt|3/100
|move|p2a: Pecharunt|Toxic|p1a: Great Tusk
|-status|p1a: Great Tusk|tox
|-start|p1a: Great Tusk|confusion|[from] ability: Poison Puppeteer|[of] p2a: Pecharunt
|
|-damage|p1a: Great Tusk|94/100 tox|[from] psn
|upkeep
|turn|17
|
|t:|1779611974
|-activate|p1a: Great Tusk|confusion
|-damage|p1a: Great Tusk|84/100 tox|[from] confusion
|move|p2a: Pecharunt|Recover|p2a: Pecharunt
|-heal|p2a: Pecharunt|53/100
|
|-damage|p1a: Great Tusk|71/100 tox|[from] psn
|upkeep
|turn|18
|
|t:|1779611977
|-activate|p1a: Great Tusk|confusion
|-damage|p1a: Great Tusk|61/100 tox|[from] confusion
|move|p2a: Pecharunt|Recover|p2a: Pecharunt
|-heal|p2a: Pecharunt|100/100
|
|-damage|p1a: Great Tusk|43/100 tox|[from] psn
|upkeep
|turn|19
|
|t:|1779611982
|-activate|p1a: Great Tusk|confusion
|move|p1a: Great Tusk|Earthquake|p2a: Pecharunt
|-supereffective|p2a: Pecharunt
|-damage|p2a: Pecharunt|52/100
|move|p2a: Pecharunt|Shadow Ball|p1a: Great Tusk
|-damage|p1a: Great Tusk|6/100 tox
|
|-damage|p1a: Great Tusk|0 fnt|[from] psn
|faint|p1a: Great Tusk
|-end|p1a: Great Tusk|Protosynthesis|[silent]
|upkeep
|
|t:|1779611988
|switch|p1a: Kingambit|Kingambit, F|88/100
|-damage|p1a: Kingambit|76/100|[from] Spikes
|-damage|p1a: Kingambit|70/100|[from] Stealth Rock
|-activate|p1a: Kingambit|ability: Supreme Overlord
|-start|p1a: Kingambit|fallen2|[silent]
|turn|20
|
|t:|1779611992
|move|p2a: Pecharunt|Parting Shot|p1a: Kingambit
|-unboost|p1a: Kingambit|atk|1
|-unboost|p1a: Kingambit|spa|1
|
|t:|1779611996
|switch|p2a: Heatran|Heatran, M|91/100|[from] Parting Shot
|-damage|p2a: Heatran|79/100|[from] Stealth Rock
|move|p1a: Kingambit|Kowtow Cleave|p2a: Heatran
|-crit|p2a: Heatran
|-damage|p2a: Heatran|0 fnt
|faint|p2a: Heatran
|
|-heal|p1a: Kingambit|76/100|[from] item: Leftovers
|upkeep
|
|t:|1779612007
|switch|p2a: Dragonite|Dragonite, M|100/100
|turn|21
|
|t:|1779612013
|-end|p1a: Kingambit|fallen2|[silent]
|switch|p1a: Illumise|Illumise, F, shiny|100/100
|move|p2a: Dragonite|Earthquake|p1a: Illumise
|-resisted|p1a: Illumise
|-damage|p1a: Illumise|77/100
|
|upkeep
|turn|22
|
|t:|1779612020
|move|p1a: Illumise|Thunder Wave|p2a: Dragonite
|-status|p2a: Dragonite|par
|move|p2a: Dragonite|Dragon Tail|p1a: Illumise
|-damage|p1a: Illumise|30/100
|drag|p1a: Heatran|Heatran, M, tera:Grass|63/100
|-damage|p1a: Heatran|50/100|[from] Spikes
|-damage|p1a: Heatran|38/100|[from] Stealth Rock
|
|-heal|p1a: Heatran|44/100|[from] item: Leftovers
|upkeep
|turn|23
|
|t:|1779612034
|switch|p1a: Rotom|Rotom-Wash|88/100
|-damage|p1a: Rotom|76/100|[from] Stealth Rock
|cant|p2a: Dragonite|par
|
|upkeep
|turn|24
|
|t:|1779612043
|move|p1a: Rotom|Volt Switch|p2a: Dragonite
|-damage|p2a: Dragonite|86/100 par
|
|t:|1779612046
|switch|p1a: Kingambit|Kingambit, F|76/100|[from] Volt Switch
|-damage|p1a: Kingambit|63/100|[from] Spikes
|-damage|p1a: Kingambit|57/100|[from] Stealth Rock
|-activate|p1a: Kingambit|ability: Supreme Overlord
|-start|p1a: Kingambit|fallen2|[silent]
|cant|p2a: Dragonite|par
|
|-heal|p1a: Kingambit|63/100|[from] item: Leftovers
|upkeep
|turn|25
|
|t:|1779612054
|move|p1a: Kingambit|Kowtow Cleave|p2a: Dragonite
|-damage|p2a: Dragonite|33/100 par
|move|p2a: Dragonite|Dragon Tail|p1a: Kingambit|[miss]
|-miss|p2a: Dragonite|p1a: Kingambit
|
|-heal|p1a: Kingambit|70/100|[from] item: Leftovers
|upkeep
|turn|26
|
|t:|1779612060
|move|p1a: Kingambit|Kowtow Cleave|p2a: Dragonite
|-damage|p2a: Dragonite|0 fnt
|faint|p2a: Dragonite
|
|-heal|p1a: Kingambit|76/100|[from] item: Leftovers
|upkeep
|
|t:|1779612062
|switch|p2a: Zamazenta|Zamazenta|100/100
|-ability|p2a: Zamazenta|Dauntless Shield|boost
|-boost|p2a: Zamazenta|def|1
|turn|27
|
|t:|1779612073
|-end|p1a: Kingambit|fallen2|[silent]
|switch|p1a: Heatran|Heatran, M, tera:Grass|44/100
|-damage|p1a: Heatran|32/100|[from] Spikes
|-damage|p1a: Heatran|19/100|[from] Stealth Rock
|move|p2a: Zamazenta|Close Combat|p1a: Heatran
|-damage|p1a: Heatran|0 fnt
|-unboost|p2a: Zamazenta|def|1
|-unboost|p2a: Zamazenta|spd|1
|faint|p1a: Heatran
|
|upkeep
|
|t:|1779612079
|switch|p1a: Illumise|Illumise, F, shiny|30/100
|turn|28
|
|t:|1779612085
|switch|p2a: Ting-Lu|Ting-Lu|82/100
|-damage|p2a: Ting-Lu|76/100|[from] Stealth Rock
|-ability|p2a: Ting-Lu|Vessel of Ruin
|move|p1a: Illumise|Thunder Wave|p2a: Ting-Lu
|-immune|p2a: Ting-Lu
|
|-heal|p2a: Ting-Lu|82/100|[from] item: Leftovers
|upkeep
|turn|29
|
|t:|1779612092
|switch|p1a: Rotom|Rotom-Wash|76/100
|-damage|p1a: Rotom|63/100|[from] Stealth Rock
|move|p2a: Ting-Lu|Ruination|p1a: Rotom
|-damage|p1a: Rotom|32/100
|
|-heal|p2a: Ting-Lu|89/100|[from] item: Leftovers
|upkeep
|turn|30
|
|t:|1779612101
|switch|p2a: Pecharunt|Pecharunt|52/100
|-damage|p2a: Pecharunt|39/100|[from] Stealth Rock
|move|p1a: Rotom|Will-O-Wisp|p2a: Pecharunt
|-status|p2a: Pecharunt|brn
|
|-damage|p2a: Pecharunt|33/100 brn|[from] brn
|upkeep
|turn|31
|
|t:|1779612116
|switch|p1a: Kingambit|Kingambit, F|76/100
|-damage|p1a: Kingambit|63/100|[from] Spikes
|-damage|p1a: Kingambit|57/100|[from] Stealth Rock
|-activate|p1a: Kingambit|ability: Supreme Overlord
|-start|p1a: Kingambit|fallen3|[silent]
|move|p2a: Pecharunt|Recover|p2a: Pecharunt
|-heal|p2a: Pecharunt|83/100 brn
|
|-heal|p1a: Kingambit|63/100|[from] item: Leftovers
|-damage|p2a: Pecharunt|77/100 brn|[from] brn
|upkeep
|turn|32
|
|t:|1779612125
|move|p2a: Pecharunt|Parting Shot|p1a: Kingambit
|-unboost|p1a: Kingambit|atk|1
|-unboost|p1a: Kingambit|spa|1
|
|t:|1779612128
|switch|p2a: Ting-Lu|Ting-Lu|89/100|[from] Parting Shot
|-damage|p2a: Ting-Lu|82/100|[from] Stealth Rock
|-ability|p2a: Ting-Lu|Vessel of Ruin
|move|p1a: Kingambit|Kowtow Cleave|p2a: Ting-Lu
|-resisted|p2a: Ting-Lu
|-damage|p2a: Ting-Lu|71/100
|
|-heal|p1a: Kingambit|70/100|[from] item: Leftovers
|-heal|p2a: Ting-Lu|77/100|[from] item: Leftovers
|upkeep
|turn|33
|
|t:|1779612133
|move|p1a: Kingambit|Swords Dance|p1a: Kingambit
|-boost|p1a: Kingambit|atk|2
|move|p2a: Ting-Lu|Whirlwind|p1a: Kingambit
|-end|p1a: Kingambit|fallen3|[silent]
|drag|p1a: Rotom|Rotom-Wash|32/100
|-damage|p1a: Rotom|20/100|[from] Stealth Rock
|
|-heal|p2a: Ting-Lu|83/100|[from] item: Leftovers
|upkeep
|turn|34
|
|t:|1779612140
|switch|p2a: Pecharunt|Pecharunt|77/100 brn
|-damage|p2a: Pecharunt|65/100 brn|[from] Stealth Rock
|move|p1a: Rotom|Hydro Pump|p2a: Pecharunt
|-crit|p2a: Pecharunt
|-damage|p2a: Pecharunt|0 fnt
|faint|p2a: Pecharunt
|
|upkeep
|
|t:|1779612143
|switch|p2a: Zamazenta|Zamazenta|100/100
|turn|35
|
|t:|1779612151
|-terastallize|p2a: Zamazenta|Dark
|move|p1a: Rotom|Hydro Pump|p2a: Zamazenta
|-crit|p2a: Zamazenta
|-damage|p2a: Zamazenta|33/100
|move|p2a: Zamazenta|Crunch|p1a: Rotom
|-damage|p1a: Rotom|0 fnt
|faint|p1a: Rotom
|
|upkeep
|
|t:|1779612158
|switch|p1a: Illumise|Illumise, F, shiny|30/100
|turn|36
|
|t:|1779612167
|switch|p2a: Ting-Lu|Ting-Lu|83/100
|-damage|p2a: Ting-Lu|77/100|[from] Stealth Rock
|-ability|p2a: Ting-Lu|Vessel of Ruin
|move|p1a: Illumise|Encore|p2a: Ting-Lu
|-hint|Since gen 7, Dark is immune to Prankster moves.
|-immune|p2a: Ting-Lu
|
|-heal|p2a: Ting-Lu|83/100|[from] item: Leftovers
|upkeep
|turn|37
|
|t:|1779612172
|move|p1a: Illumise|U-turn|p2a: Ting-Lu
|-supereffective|p2a: Ting-Lu
|-damage|p2a: Ting-Lu|69/100
|
|t:|1779612175
|switch|p1a: Kingambit|Kingambit, F|70/100|[from] U-turn
|-damage|p1a: Kingambit|57/100|[from] Spikes
|-damage|p1a: Kingambit|51/100|[from] Stealth Rock
|-activate|p1a: Kingambit|ability: Supreme Overlord
|-start|p1a: Kingambit|fallen4|[silent]
|move|p2a: Ting-Lu|Earthquake|p1a: Kingambit
|-supereffective|p1a: Kingambit
|-damage|p1a: Kingambit|0 fnt
|faint|p1a: Kingambit
|-end|p1a: Kingambit|fallen4|[silent]
|
|-heal|p2a: Ting-Lu|75/100|[from] item: Leftovers
|upkeep
|
|t:|1779612177
|switch|p1a: Illumise|Illumise, F, shiny|30/100
|turn|38
|
|t:|1779612179
|move|p1a: Illumise|U-turn|p2a: Ting-Lu
|-supereffective|p2a: Ting-Lu
|-damage|p2a: Ting-Lu|61/100
|move|p2a: Ting-Lu|Earthquake|p1a: Illumise
|-resisted|p1a: Illumise
|-damage|p1a: Illumise|7/100
|
|-heal|p2a: Ting-Lu|67/100|[from] item: Leftovers
|upkeep
|turn|39
|
|t:|1779612182
|move|p1a: Illumise|U-turn|p2a: Ting-Lu
|-supereffective|p2a: Ting-Lu
|-damage|p2a: Ting-Lu|52/100
|move|p2a: Ting-Lu|Earthquake|p1a: Illumise
|-resisted|p1a: Illumise
|-damage|p1a: Illumise|0 fnt
|faint|p1a: Illumise
|
|win|loading screens
|raw|HLAHartUAI's rating: 1220 &rarr; <strong>1198</strong><br />(-22 for losing)
|raw|loading screens's rating: 1263 &rarr; <strong>1285</strong><br />(+22 for winning)
|l|☆loading screens
|player|p2|
|l|☆HLAHartUAI
|player|p1|
