|j|☆xsilver069623
|j|☆soumbrarax
|t:|1779596270
|gametype|singles
|player|p1|xsilver069623|silver|1330
|player|p2|soumbrarax|266|1306
|gen|9
|tier|[Gen 9] OU
|rated|
|rule|HP Percentage Mod: HP is shown in percentages
|rule|Endless Battle Clause: Forcing endless battles is banned
|rule|Species Clause: Limit one of each Pokémon
|rule|OHKO Clause: OHKO moves are banned
|rule|Evasion Items Clause: Evasion items are banned
|rule|Evasion Moves Clause: Evasion moves are banned
|rule|Evasion Abilities Clause: Evasion abilities are banned
|rule|Sleep Moves Clause: Sleep-inducing moves are banned
|clearpoke
|poke|p1|Volcanion|
|poke|p1|Zoroark-Hisui, F|
|poke|p1|Reuniclus, F|
|poke|p1|Scizor, M|
|poke|p1|Darkrai|
|poke|p1|Kommo-o, M|
|poke|p2|Arboliva, F|
|poke|p2|Alomomola, M|
|poke|p2|Great Tusk|
|poke|p2|Heatran, M|
|poke|p2|Iron Valiant|
|poke|p2|Skeledirge, F|
|teampreview
|inactive|Battle timer is ON: inactive players will automatically lose when time's up. (requested by xsilver069623)
|
|t:|1779596279
|teamsize|p1|6
|teamsize|p2|6
|start
|switch|p1a: Reuniclus|Reuniclus, F|100/100
|switch|p2a: Iron Valiant|Iron Valiant|100/100
|turn|1
|
|t:|1779596288
|move|p2a: Iron Valiant|Moonblast|p1a: Reuniclus
|-damage|p1a: Reuniclus|45/100
|move|p1a: Reuniclus|Light Screen|p1a: Reuniclus
|-sidestart|p1: xsilver069623|move: Light Screen
|
|upkeep
|turn|2
|
|t:|1779596295
|move|p2a: Iron Valiant|Moonblast|p1a: Reuniclus
|-damage|p1a: Reuniclus|15/100
|move|p1a: Reuniclus|Future Sight|p2a: Iron Valiant
|-start|p1a: Reuniclus|move: Future Sight
|
|upkeep
|turn|3
|
|t:|1779596304
|switch|p1a: Scizor|Scizor, M|100/100
|move|p2a: Iron Valiant|Moonblast|p1a: Scizor
|-resisted|p1a: Scizor
|-crit|p1a: Scizor
|-damage|p1a: Scizor|39/100
|
|upkeep
|turn|4
|
|t:|1779596312
|-end|p2a: Iron Valiant|Quark Drive|[silent]
|switch|p2a: Heatran|Heatran, M|100/100
|move|p1a: Scizor|Bullet Punch|p2a: Heatran
|-resisted|p2a: Heatran
|-damage|p2a: Heatran|93/100
|
|-end|p2a: Heatran|move: Future Sight
|-resisted|p2a: Heatran
|-damage|p2a: Heatran|74/100
|-heal|p2a: Heatran|80/100|[from] item: Leftovers
|upkeep
|turn|5
|
|t:|1779596325
|switch|p1a: Reuniclus|Reuniclus, F|48/100
|move|p2a: Heatran|Stealth Rock|p1a: Reuniclus
|-sidestart|p1: xsilver069623|move: Stealth Rock
|
|-heal|p2a: Heatran|86/100|[from] item: Leftovers
|upkeep
|turn|6
|
|t:|1779596331
|move|p2a: Heatran|Flash Cannon|p1a: Reuniclus
|-damage|p1a: Reuniclus|33/100
|-unboost|p1a: Reuniclus|spd|1
|move|p1a: Reuniclus|Thunder Wave|p2a: Heatran
|-status|p2a: Heatran|par
|
|-heal|p2a: Heatran|92/100 par|[from] item: Leftovers
|upkeep
|turn|7
|
|t:|1779596340
|switch|p1a: Volcanion|Volcanion|100/100
|-damage|p1a: Volcanion|75/100|[from] Stealth Rock
|move|p2a: Heatran|Flash Cannon|p1a: Volcanion
|-resisted|p1a: Volcanion
|-damage|p1a: Volcanion|71/100
|
|-heal|p1a: Volcanion|77/100|[from] item: Leftovers
|-heal|p2a: Heatran|98/100 par|[from] item: Leftovers
|upkeep
|turn|8
|
|t:|1779596350
|switch|p2a: Arboliva|Arboliva, F|100/100
|move|p1a: Volcanion|Steam Eruption|p2a: Arboliva
|-resisted|p2a: Arboliva
|-damage|p2a: Arboliva|78/100
|-status|p2a: Arboliva|brn
|-fieldstart|move: Grassy Terrain|[from] ability: Seed Sower|[of] p2a: Arboliva
|-enditem|p2a: Arboliva|Eject Button
|
|t:|1779596354
|switch|p2a: Great Tusk|Great Tusk|100/100
|-enditem|p2a: Great Tusk|Booster Energy
|-activate|p2a: Great Tusk|ability: Protosynthesis|[fromitem]
|-start|p2a: Great Tusk|protosynthesisatk
|
|-heal|p1a: Volcanion|83/100|[from] Grassy Terrain
|-heal|p1a: Volcanion|90/100|[from] item: Leftovers
|-sideend|p1: xsilver069623|move: Light Screen
|upkeep
|turn|9
|
|t:|1779596367
|-terastallize|p1a: Volcanion|Grass
|move|p2a: Great Tusk|Headlong Rush|p1a: Volcanion
|-resisted|p1a: Volcanion
|-damage|p1a: Volcanion|56/100
|-unboost|p2a: Great Tusk|def|1
|-unboost|p2a: Great Tusk|spd|1
|move|p1a: Volcanion|Steam Eruption|p2a: Great Tusk
|-supereffective|p2a: Great Tusk
|-crit|p2a: Great Tusk
|-damage|p2a: Great Tusk|0 fnt
|faint|p2a: Great Tusk
|-end|p2a: Great Tusk|Protosynthesis|[silent]
|
|-heal|p1a: Volcanion|62/100|[from] Grassy Terrain
|-heal|p1a: Volcanion|68/100|[from] item: Leftovers
|upkeep
|l|☆xsilver069623
|inactive|xsilver069623 disconnected and has a minute to reconnect!
|player|p1|
|
|t:|1779596387
|switch|p2a: Iron Valiant|Iron Valiant|100/100
|turn|10
|j|☆xsilver069623
|inactive|xsilver069623 reconnected and has 150 seconds left.
|player|p1|xsilver069623|silver|
|c|☆xsilver069623|In grassy terrain?
|
|t:|1779596401
|move|p2a: Iron Valiant|Moonblast|p1a: Volcanion
|-damage|p1a: Volcanion|0 fnt
|faint|p1a: Volcanion
|
|upkeep
|
|t:|1779596412
|switch|p1a: Scizor|Scizor, M|39/100
|turn|11
|
|t:|1779596417
|-end|p2a: Iron Valiant|Quark Drive|[silent]
|switch|p2a: Heatran|Heatran, M|98/100 par
|move|p1a: Scizor|Defog|p2a: Heatran
|-unboost|p2a: Heatran|evasion|1
|-sideend|p1: xsilver069623|Stealth Rock|[from] move: Defog|[of] p1a: Scizor
|-fieldend|move: Grassy Terrain
|
|-heal|p2a: Heatran|100/100 par|[from] item: Leftovers
|upkeep
|turn|12
|
|t:|1779596433
|switch|p1a: Kommo-o|Kommo-o, M|100/100
|move|p2a: Heatran|Stealth Rock|p1a: Kommo-o
|-sidestart|p1: xsilver069623|move: Stealth Rock
|
|upkeep
|turn|13
|
|t:|1779596438
|switch|p2a: Iron Valiant|Iron Valiant|100/100
|move|p1a: Kommo-o|Clangorous Soul|p1a: Kommo-o
|-boost|p1a: Kommo-o|atk|1
|-boost|p1a: Kommo-o|def|1
|-boost|p1a: Kommo-o|spa|1
|-boost|p1a: Kommo-o|spd|1
|-boost|p1a: Kommo-o|spe|1
|-damage|p1a: Kommo-o|68/100
|
|upkeep
|turn|14
|
|t:|1779596449
|-terastallize|p2a: Iron Valiant|Ghost
|move|p2a: Iron Valiant|Moonblast|p1a: Kommo-o
|-supereffective|p1a: Kommo-o
|-damage|p1a: Kommo-o|0 fnt
|faint|p1a: Kommo-o
|
|upkeep
|inactive|xsilver069623 has 120 seconds left.
|
|t:|1779596493
|switch|p1a: Scizor|Scizor, M|39/100
|turn|15
|
|t:|1779596498
|move|p2a: Iron Valiant|Moonblast|p1a: Scizor
|-resisted|p1a: Scizor
|-damage|p1a: Scizor|0 fnt
|faint|p1a: Scizor
|
|upkeep
|
|t:|1779596507
|switch|p1a: Darkrai|Darkrai|100/100
|-damage|p1a: Darkrai|88/100|[from] Stealth Rock
|turn|16
|inactive|xsilver069623 has 120 seconds left.
|
|t:|1779596513
|-end|p2a: Iron Valiant|Quark Drive|[silent]
|switch|p2a: Heatran|Heatran, M|100/100 par
|move|p1a: Darkrai|Dark Pulse|p2a: Heatran
|-damage|p2a: Heatran|66/100 par
|
|-heal|p2a: Heatran|72/100 par|[from] item: Leftovers
|upkeep
|turn|17
|
|t:|1779596522
|move|p1a: Darkrai|Focus Blast|p2a: Heatran|[miss]
|-miss|p1a: Darkrai|p2a: Heatran
|move|p2a: Heatran|Flash Cannon|p1a: Darkrai
|-damage|p1a: Darkrai|44/100
|
|-heal|p2a: Heatran|78/100 par|[from] item: Leftovers
|upkeep
|turn|18
|
|t:|1779596532
|switch|p1a: Reuniclus|Reuniclus, F|67/100
|-damage|p1a: Reuniclus|54/100|[from] Stealth Rock
|cant|p2a: Heatran|par
|
|-heal|p2a: Heatran|84/100 par|[from] item: Leftovers
|upkeep
|turn|19
|
|t:|1779596540
|switch|p2a: Arboliva|Arboliva, F|78/100 brn
|move|p1a: Reuniclus|Light Screen|p1a: Reuniclus
|-sidestart|p1: xsilver069623|move: Light Screen
|
|-damage|p2a: Arboliva|72/100 brn|[from] brn
|upkeep
|turn|20
|
|t:|1779596547
|move|p2a: Arboliva|Encore|p1a: Reuniclus
|-start|p1a: Reuniclus|Encore
|move|p1a: Reuniclus|Light Screen||[still]
|-fail|p1a: Reuniclus
|
|-damage|p2a: Arboliva|66/100 brn|[from] brn
|upkeep
|turn|21
|
|t:|1779596554
|switch|p1a: Darkrai|Darkrai|100/100
|-damage|p1a: Darkrai|88/100|[from] Stealth Rock
|move|p2a: Arboliva|Energy Ball|p1a: Darkrai
|-crit|p1a: Darkrai
|-damage|p1a: Darkrai|0 fnt
|replace|p1a: Zoroark|Zoroark-Hisui, F
|-end|p1a: Zoroark|Illusion
|faint|p1a: Zoroark
|
|-damage|p2a: Arboliva|60/100 brn|[from] brn
|upkeep
|
|t:|1779596565
|switch|p1a: Darkrai|Darkrai|44/100
|-damage|p1a: Darkrai|31/100|[from] Stealth Rock
|turn|22
|
|t:|1779596569
|move|p1a: Darkrai|Focus Blast|p2a: Arboliva
|-supereffective|p2a: Arboliva
|-damage|p2a: Arboliva|0 fnt
|-fieldstart|move: Grassy Terrain|[from] ability: Seed Sower|[of] p2a: Arboliva
|faint|p2a: Arboliva
|
|-heal|p1a: Darkrai|37/100|[from] Grassy Terrain
|upkeep
|
|t:|1779596574
|switch|p2a: Iron Valiant|Iron Valiant, tera:Ghost|100/100
|turn|23
|
|t:|1779596579
|move|p2a: Iron Valiant|Vacuum Wave|p1a: Darkrai
|-supereffective|p1a: Darkrai
|-damage|p1a: Darkrai|1/100
|move|p1a: Darkrai|Dark Pulse|p2a: Iron Valiant
|-supereffective|p2a: Iron Valiant
|-damage|p2a: Iron Valiant|0 fnt
|faint|p2a: Iron Valiant
|-end|p2a: Iron Valiant|Quark Drive|[silent]
|
|-heal|p1a: Darkrai|7/100|[from] Grassy Terrain
|upkeep
|
|t:|1779596584
|switch|p2a: Alomomola|Alomomola, M|100/100
|turn|24
|
|t:|1779596590
|move|p1a: Darkrai|Dark Pulse|p2a: Alomomola
|-damage|p2a: Alomomola|74/100
|cant|p2a: Alomomola|flinch
|
|-heal|p1a: Darkrai|13/100|[from] Grassy Terrain
|-heal|p2a: Alomomola|80/100|[from] Grassy Terrain
|upkeep
|turn|25
|
|t:|1779596597
|move|p1a: Darkrai|Sludge Bomb|p2a: Alomomola
|-damage|p2a: Alomomola|57/100
|move|p2a: Alomomola|Flip Turn|p1a: Darkrai
|-crit|p1a: Darkrai
|-damage|p1a: Darkrai|0 fnt
|faint|p1a: Darkrai
|
|t:|1779596602
|switch|p2a: Heatran|Heatran, M|84/100 par|[from] Flip Turn
|
|-heal|p2a: Heatran|90/100 par|[from] Grassy Terrain
|-heal|p2a: Heatran|96/100 par|[from] item: Leftovers
|upkeep
|
|t:|1779596608
|switch|p1a: Reuniclus|Reuniclus, F|88/100
|-damage|p1a: Reuniclus|75/100|[from] Stealth Rock
|turn|26
|
|t:|1779596613
|move|p2a: Heatran|Flash Cannon|p1a: Reuniclus
|-damage|p1a: Reuniclus|60/100
|-unboost|p1a: Reuniclus|spd|1
|move|p1a: Reuniclus|Future Sight|p2a: Heatran
|-start|p1a: Reuniclus|move: Future Sight
|
|-heal|p2a: Heatran|100/100 par|[from] Grassy Terrain
|-heal|p1a: Reuniclus|66/100|[from] Grassy Terrain
|-sideend|p1: xsilver069623|move: Light Screen
|-fieldend|move: Grassy Terrain
|upkeep
|turn|27
|
|t:|1779596621
|move|p2a: Heatran|Flash Cannon|p1a: Reuniclus
|-damage|p1a: Reuniclus|23/100
|move|p1a: Reuniclus|Light Screen|p1a: Reuniclus
|-sidestart|p1: xsilver069623|move: Light Screen
|
|upkeep
|turn|28
|
|t:|1779596626
|move|p2a: Heatran|Flash Cannon|p1a: Reuniclus
|-damage|p1a: Reuniclus|0 fnt
|faint|p1a: Reuniclus
|
|win|soumbrarax
|raw|xsilver069623's rating: 1330 &rarr; <strong>1309</strong><br />(-21 for losing)
|raw|soumbrarax's rating: 1306 &rarr; <strong>1327</strong><br />(+21 for winning)
|l|☆soumbrarax
|player|p2|
|l|☆xsilver069623
|player|p1|
