|j|☆clod the clown
|j|☆qqwwwcom
|t:|1779584900
|gametype|singles
|player|p1|clod the clown|harlequin|1099
|player|p2|qqwwwcom|169|1080
|gen|9
|tier|[Gen 9] OU
|rated|
|rule|HP Percentage Mod: HP is shown in percentages
|rule|Endless Battle Clause: Forcing endless battles is banned
|rule|Species Clause: Limit one of each Pokémon
|rule|OHKO Clause: OHKO moves are banned
|rule|Evasion Items Clause: Evasion items are banned
|rule|Evasion Moves Clause: Evasion moves are banned
|rule|Evasion Abilities Clause: Evasion abilities are banned
|rule|Sleep Moves Clause: Sleep-inducing moves are banned
|clearpoke
|poke|p1|Uxie|
|poke|p1|Charizard, M|
|poke|p1|Necrozma|
|poke|p1|Talonflame, F|
|poke|p1|Rabsca, F|
|poke|p1|Salazzle, F|
|poke|p2|Tyranitar, F|
|poke|p2|Garchomp, F|
|poke|p2|Excadrill, F|
|poke|p2|Zamazenta-*|
|poke|p2|Corviknight, F|
|poke|p2|Meowscarada, M|
|teampreview
|inactive|Battle timer is ON: inactive players will automatically lose when time's up. (requested by clod the clown)
|
|t:|1779584909
|teamsize|p1|6
|teamsize|p2|6
|start
|switch|p1a: Uxie|Uxie|100/100
|switch|p2a: Tyranitar|Tyranitar, F|100/100
|-weather|Sandstorm|[from] ability: Sand Stream|[of] p2a: Tyranitar
|turn|1
|
|t:|1779584919
|move|p1a: Uxie|Reflect|p1a: Uxie
|-sidestart|p1: clod the clown|Reflect
|move|p2a: Tyranitar|Knock Off|p1a: Uxie
|-supereffective|p1a: Uxie
|-damage|p1a: Uxie|61/100
|-enditem|p1a: Uxie|Light Clay|[from] move: Knock Off|[of] p2a: Tyranitar
|
|-weather|Sandstorm|[upkeep]
|-damage|p1a: Uxie|55/100|[from] Sandstorm
|upkeep
|turn|2
|
|t:|1779584939
|move|p1a: Uxie|Memento|p2a: Tyranitar
|-unboost|p2a: Tyranitar|atk|2
|-unboost|p2a: Tyranitar|spa|2
|faint|p1a: Uxie
|move|p2a: Tyranitar|Knock Off|p1: Uxie|[notarget]
|-fail|p2a: Tyranitar
|
|-weather|Sandstorm|[upkeep]
|upkeep
|
|t:|1779584942
|switch|p1a: Necrozma|Necrozma|100/100
|turn|3
|
|t:|1779584962
|switch|p2a: Garchomp|Garchomp, F, shiny|100/100
|move|p1a: Necrozma|Dragon Dance|p1a: Necrozma
|-boost|p1a: Necrozma|atk|1
|-boost|p1a: Necrozma|spe|1
|
|-weather|Sandstorm|[upkeep]
|-damage|p1a: Necrozma|95/100|[from] Sandstorm
|upkeep
|turn|4
|
|t:|1779584972
|move|p1a: Necrozma|Dragon Dance|p1a: Necrozma
|-boost|p1a: Necrozma|atk|1
|-boost|p1a: Necrozma|spe|1
|move|p2a: Garchomp|Crunch|p1a: Necrozma
|-supereffective|p1a: Necrozma
|-damage|p1a: Necrozma|63/100
|-enditem|p1a: Necrozma|Weakness Policy
|-boost|p1a: Necrozma|atk|2|[from] item: Weakness Policy
|-boost|p1a: Necrozma|spa|2|[from] item: Weakness Policy
|
|-weather|Sandstorm|[upkeep]
|-damage|p1a: Necrozma|58/100|[from] Sandstorm
|upkeep
|turn|5
|
|t:|1779584985
|move|p1a: Necrozma|Photon Geyser|p2a: Garchomp
|-damage|p2a: Garchomp|0 fnt
|faint|p2a: Garchomp
|
|-weather|none
|upkeep
|
|t:|1779584995
|switch|p2a: Tyranitar|Tyranitar, F|100/100
|-weather|Sandstorm|[from] ability: Sand Stream|[of] p2a: Tyranitar
|turn|6
|
|t:|1779585001
|move|p1a: Necrozma|Brick Break|p2a: Tyranitar
|-supereffective|p2a: Tyranitar
|-damage|p2a: Tyranitar|0 fnt
|faint|p2a: Tyranitar
|
|-weather|Sandstorm|[upkeep]
|-damage|p1a: Necrozma|52/100|[from] Sandstorm
|upkeep
|
|t:|1779585009
|switch|p2a: Meowscarada|Meowscarada, M|100/100
|turn|7
|
|t:|1779585015
|move|p2a: Meowscarada|Sucker Punch|p1a: Necrozma
|-supereffective|p1a: Necrozma
|-damage|p1a: Necrozma|29/100
|move|p1a: Necrozma|Brick Break|p2a: Meowscarada
|-supereffective|p2a: Meowscarada
|-damage|p2a: Meowscarada|0 fnt
|faint|p2a: Meowscarada
|
|-weather|Sandstorm|[upkeep]
|-damage|p1a: Necrozma|23/100|[from] Sandstorm
|upkeep
|
|t:|1779585027
|switch|p2a: Excadrill|Excadrill, F|100/100
|turn|8
|
|t:|1779585037
|move|p2a: Excadrill|Earthquake|p1a: Necrozma
|-damage|p1a: Necrozma|0 fnt
|faint|p1a: Necrozma
|
|-weather|Sandstorm|[upkeep]
|-sideend|p1: clod the clown|Reflect
|upkeep
|
|t:|1779585052
|switch|p1a: Talonflame|Talonflame, F|100/100
|turn|9
|
|t:|1779585057
|move|p2a: Excadrill|Rock Slide|p1a: Talonflame
|-supereffective|p1a: Talonflame
|-damage|p1a: Talonflame|0 fnt
|faint|p1a: Talonflame
|
|-weather|Sandstorm|[upkeep]
|upkeep
|
|t:|1779585067
|switch|p1a: Rabsca|Rabsca, F|100/100
|turn|10
|
|t:|1779585081
|move|p2a: Excadrill|Earthquake|p1a: Rabsca
|-resisted|p1a: Rabsca
|-damage|p1a: Rabsca|64/100
|move|p1a: Rabsca|Revival Blessing|p1a: Rabsca
|-enditem|p1a: Rabsca|Leppa Berry|[eat]
|-activate|p1a: Rabsca|item: Leppa Berry|Revival Blessing|[consumed]
|
|t:|1779585085
|-heal|p1: Talonflame|50/100|[from] move: Revival Blessing
|
|-weather|none
|upkeep
|turn|11
|
|t:|1779585093
|move|p2a: Excadrill|Rock Slide|p1a: Rabsca
|-supereffective|p1a: Rabsca
|-crit|p1a: Rabsca
|-damage|p1a: Rabsca|0 fnt
|faint|p1a: Rabsca
|
|upkeep
|
|t:|1779585099
|switch|p1a: Talonflame|Talonflame, F|50/100
|turn|12
|
|t:|1779585102
|move|p1a: Talonflame|Will-O-Wisp|p2a: Excadrill|[miss]
|-miss|p1a: Talonflame|p2a: Excadrill
|move|p2a: Excadrill|Rock Slide|p1a: Talonflame
|-supereffective|p1a: Talonflame
|-damage|p1a: Talonflame|0 fnt
|faint|p1a: Talonflame
|
|upkeep
|c|☆clod the clown|ARER WE SO FR
|
|t:|1779585122
|switch|p1a: Charizard|Charizard, M|100/100
|turn|13
|
|t:|1779585130
|-terastallize|p1a: Charizard|Dragon
|move|p1a: Charizard|Belly Drum|p1a: Charizard
|-damage|p1a: Charizard|50/100
|-setboost|p1a: Charizard|atk|6|[from] move: Belly Drum
|move|p2a: Excadrill|Rock Slide|p1a: Charizard
|-damage|p1a: Charizard|8/100
|-enditem|p1a: Charizard|Salac Berry|[eat]
|-boost|p1a: Charizard|spe|1|[from] item: Salac Berry
|
|upkeep
|turn|14
|
|t:|1779585142
|move|p1a: Charizard|Earthquake|p2a: Excadrill
|-supereffective|p2a: Excadrill
|-damage|p2a: Excadrill|0 fnt
|faint|p2a: Excadrill
|
|upkeep
|
|t:|1779585148
|switch|p2a: Zamazenta|Zamazenta|100/100
|-ability|p2a: Zamazenta|Dauntless Shield|boost
|-boost|p2a: Zamazenta|def|1
|turn|15
|
|t:|1779585153
|move|p2a: Zamazenta|Quick Attack|p1a: Charizard
|-damage|p1a: Charizard|0 fnt
|faint|p1a: Charizard
|
|upkeep
|c|☆clod the clown|QUCIK ATTACK
|c|☆clod the clown|what is this lucky ah unpopular perfect matchup
|
|t:|1779585175
|switch|p1a: Salazzle|Salazzle, F|100/100
|turn|16
|
|t:|1779585180
|move|p2a: Zamazenta|Body Press|p1a: Salazzle
|-resisted|p1a: Salazzle
|-damage|p1a: Salazzle|49/100
|move|p1a: Salazzle|Toxic|p2a: Zamazenta
|-status|p2a: Zamazenta|tox
|
|-heal|p1a: Salazzle|55/100|[from] item: Black Sludge
|-damage|p2a: Zamazenta|94/100 tox|[from] psn
|upkeep
|turn|17
|
|t:|1779585190
|move|p1a: Salazzle|Protect|p1a: Salazzle
|-singleturn|p1a: Salazzle|Protect
|move|p2a: Zamazenta|Body Press|p1a: Salazzle
|-activate|p1a: Salazzle|move: Protect
|
|-heal|p1a: Salazzle|62/100|[from] item: Black Sludge
|-damage|p2a: Zamazenta|82/100 tox|[from] psn
|upkeep
|turn|18
|
|t:|1779585205
|move|p2a: Zamazenta|Body Press|p1a: Salazzle
|-resisted|p1a: Salazzle
|-damage|p1a: Salazzle|16/100
|move|p1a: Salazzle|Fire Blast|p2a: Zamazenta
|-damage|p2a: Zamazenta|42/100 tox
|
|-heal|p1a: Salazzle|23/100|[from] item: Black Sludge
|-damage|p2a: Zamazenta|24/100 tox|[from] psn
|upkeep
|turn|19
|
|t:|1779585216
|move|p1a: Salazzle|Protect|p1a: Salazzle
|-singleturn|p1a: Salazzle|Protect
|move|p2a: Zamazenta|Iron Defense|p2a: Zamazenta
|-boost|p2a: Zamazenta|def|2
|
|-heal|p1a: Salazzle|29/100|[from] item: Black Sludge
|-damage|p2a: Zamazenta|0 fnt|[from] psn
|faint|p2a: Zamazenta
|upkeep
|
|t:|1779585226
|switch|p2a: Corviknight|Corviknight, F, shiny|100/100
|turn|20
|
|t:|1779585231
|move|p1a: Salazzle|Toxic|p2a: Corviknight
|-status|p2a: Corviknight|tox
|move|p2a: Corviknight|Body Press|p1a: Salazzle
|-resisted|p1a: Salazzle
|-damage|p1a: Salazzle|13/100
|
|-heal|p1a: Salazzle|19/100|[from] item: Black Sludge
|-damage|p2a: Corviknight|94/100 tox|[from] psn
|upkeep
|turn|21
|
|t:|1779585245
|move|p1a: Salazzle|Protect|p1a: Salazzle
|-singleturn|p1a: Salazzle|Protect
|move|p2a: Corviknight|Body Press|p1a: Salazzle
|-activate|p1a: Salazzle|move: Protect
|
|-heal|p1a: Salazzle|26/100|[from] item: Black Sludge
|-heal|p2a: Corviknight|100/100 tox|[from] item: Leftovers
|-damage|p2a: Corviknight|88/100 tox|[from] psn
|upkeep
|turn|22
|
|t:|1779585256
|move|p1a: Salazzle|Fire Blast|p2a: Corviknight|[miss]
|-miss|p1a: Salazzle|p2a: Corviknight
|move|p2a: Corviknight|Body Press|p1a: Salazzle
|-resisted|p1a: Salazzle
|-damage|p1a: Salazzle|10/100
|
|-heal|p1a: Salazzle|16/100|[from] item: Black Sludge
|-heal|p2a: Corviknight|94/100 tox|[from] item: Leftovers
|-damage|p2a: Corviknight|76/100 tox|[from] psn
|upkeep
|turn|23
|c|☆clod the clown|this lujck
|
|t:|1779585271
|move|p1a: Salazzle|Fire Blast|p2a: Corviknight|[miss]
|-miss|p1a: Salazzle|p2a: Corviknight
|move|p2a: Corviknight|Body Press|p1a: Salazzle
|-resisted|p1a: Salazzle
|-damage|p1a: Salazzle|1/100
|
|-heal|p1a: Salazzle|8/100|[from] item: Black Sludge
|-heal|p2a: Corviknight|82/100 tox|[from] item: Leftovers
|-damage|p2a: Corviknight|57/100 tox|[from] psn
|upkeep
|turn|24
|c|☆clod the clown|OH MY FREAKING GOD
|
|t:|1779585285
|move|p1a: Salazzle|Protect|p1a: Salazzle
|-singleturn|p1a: Salazzle|Protect
|move|p2a: Corviknight|Body Press|p1a: Salazzle
|-activate|p1a: Salazzle|move: Protect
|
|-heal|p1a: Salazzle|14/100|[from] item: Black Sludge
|-heal|p2a: Corviknight|63/100 tox|[from] item: Leftovers
|-damage|p2a: Corviknight|32/100 tox|[from] psn
|upkeep
|turn|25
|
|t:|1779585296
|move|p1a: Salazzle|Fire Blast|p2a: Corviknight
|-supereffective|p2a: Corviknight
|-damage|p2a: Corviknight|0 fnt
|faint|p2a: Corviknight
|
|win|clod the clown
|raw|clod the clown's rating: 1099 &rarr; <strong>1123</strong><br />(+24 for winning)
|raw|qqwwwcom's rating: 1080 &rarr; <strong>1059</strong><br />(-21 for losing)
|l|☆clod the clown
|player|p1|
|l|☆qqwwwcom
|player|p2|
