|j|☆encore21768768
|j|☆Abyssal Bot
|t:|1779643368
|gametype|singles
|player|p1|encore21768768|266|
|player|p2|Abyssal Bot|supernerd|
|teamsize|p1|6
|teamsize|p2|6
|gen|9
|tier|[Gen 9] OU
|rule|Species Clause: Limit one of each Pokémon
|rule|OHKO Clause: OHKO moves are banned
|rule|Evasion Items Clause: Evasion items are banned
|rule|Evasion Moves Clause: Evasion moves are banned
|rule|Endless Battle Clause: Forcing endless battles is banned
|rule|HP Percentage Mod: HP is shown in percentages
|rule|Sleep Moves Clause: Sleep-inducing moves are banned
|clearpoke
|poke|p1|Thundurus-Therian, M|
|poke|p1|Mandibuzz, F|
|poke|p1|Tornadus-Therian, M|
|poke|p1|Pelipper, M|
|poke|p1|Gyarados, M|
|poke|p1|Gliscor, F|
|poke|p2|Iron Treads|
|poke|p2|Skeledirge, M|
|poke|p2|Ogerpon-Wellspring, F|
|poke|p2|Enamorus, F|
|poke|p2|Zamazenta-*|
|poke|p2|Roaring Moon|
|teampreview
|c|☆Abyssal Bot|**WARNING**: Expect much hax.
|inactive|Battle timer is ON: inactive players will automatically lose when time's up. (requested by Abyssal Bot)
|j|*Turbo Bottttt
|
|t:|1779643373
|start
|switch|p1a: Thundurus|Thundurus-Therian, M|100/100
|switch|p2a: Skeledirge|Skeledirge, M|100/100
|turn|1
|
|t:|1779643379
|switch|p1a: Pelipper|Pelipper, M|100/100
|-weather|Rain Dance|[from] ability: Drizzle|[of] p1a: Pelipper
|switch|p2a: Iron Treads|Iron Treads|100/100
|-enditem|p2a: Iron Treads|Booster Energy
|-activate|p2a: Iron Treads|ability: Quark Drive|[fromitem]
|-start|p2a: Iron Treads|quarkdrivespe
|
|-weather|Rain Dance|[upkeep]
|upkeep
|turn|2
|
|t:|1779643382
|-end|p2a: Iron Treads|Quark Drive|[silent]
|switch|p2a: Roaring Moon|Roaring Moon|100/100
|-enditem|p2a: Roaring Moon|Booster Energy
|-activate|p2a: Roaring Moon|ability: Protosynthesis|[fromitem]
|-start|p2a: Roaring Moon|protosynthesisatk
|move|p1a: Pelipper|Surf|p2a: Roaring Moon
|-resisted|p2a: Roaring Moon
|-damage|p2a: Roaring Moon|77/100
|
|-weather|Rain Dance|[upkeep]
|upkeep
|turn|3
|
|t:|1779643387
|switch|p1a: Mandibuzz|Mandibuzz, F|100/100
|move|p2a: Roaring Moon|Knock Off|p1a: Mandibuzz
|-resisted|p1a: Mandibuzz
|-damage|p1a: Mandibuzz|83/100
|-enditem|p1a: Mandibuzz|Heavy-Duty Boots|[from] move: Knock Off|[of] p2a: Roaring Moon
|
|-weather|Rain Dance|[upkeep]
|upkeep
|turn|4
|
|t:|1779643390
|-end|p2a: Roaring Moon|Protosynthesis|[silent]
|switch|p2a: Enamorus|Enamorus, F|100/100
|move|p1a: Mandibuzz|Toxic|p2a: Enamorus
|-status|p2a: Enamorus|tox
|
|-weather|Rain Dance|[upkeep]
|-damage|p2a: Enamorus|94/100 tox|[from] psn|[of] p1a: Mandibuzz
|upkeep
|turn|5
|
|t:|1779643393
|switch|p1a: Gyarados|Gyarados, M|100/100
|move|p2a: Enamorus|Moonblast|p1a: Gyarados
|-damage|p1a: Gyarados|71/100
|
|-weather|Rain Dance|[upkeep]
|-damage|p2a: Enamorus|82/100 tox|[from] psn|[of] p1: Mandibuzz
|upkeep
|turn|6
|
|t:|1779643395
|move|p2a: Enamorus|Moonblast|p1a: Gyarados
|-damage|p1a: Gyarados|42/100
|-unboost|p1a: Gyarados|spa|1
|move|p1a: Gyarados|Stone Edge|p2a: Enamorus
|-supereffective|p2a: Enamorus
|-damage|p2a: Enamorus|0 tox
|faint|p2a: Enamorus
|-ability|p1a: Gyarados|Moxie|boost
|-boost|p1a: Gyarados|atk|1
|
|-weather|Rain Dance|[upkeep]
|upkeep
|
|t:|1779643396
|switch|p2a: Roaring Moon|Roaring Moon|77/100
|turn|7
|
|t:|1779643407
|move|p2a: Roaring Moon|Knock Off|p1a: Gyarados
|-damage|p1a: Gyarados|0
|-enditem|p1a: Gyarados|Assault Vest|[from] move: Knock Off|[of] p2a: Roaring Moon
|faint|p1a: Gyarados
|
|-weather|Rain Dance|[upkeep]
|upkeep
|
|t:|1779643420
|switch|p1a: Gliscor|Gliscor, F|100/100
|turn|8
|
|t:|1779643421
|move|p1a: Gliscor|Protect|p1a: Gliscor
|-singleturn|p1a: Gliscor|Protect
|move|p2a: Roaring Moon|Knock Off|p1a: Gliscor
|-activate|p1a: Gliscor|move: Protect
|
|-weather|none
|-status|p1a: Gliscor|tox|[from] item: Toxic Orb
|upkeep
|turn|9
|
|t:|1779643424
|move|p2a: Roaring Moon|Knock Off|p1a: Gliscor
|-crit|p1a: Gliscor
|-damage|p1a: Gliscor|38/100 tox
|-enditem|p1a: Gliscor|Toxic Orb|[from] move: Knock Off|[of] p2a: Roaring Moon
|move|p1a: Gliscor|Toxic|p2a: Roaring Moon
|-status|p2a: Roaring Moon|tox
|
|-damage|p2a: Roaring Moon|71/100 tox|[from] psn|[of] p1a: Gliscor
|-heal|p1a: Gliscor|50/100 tox|[from] ability: Poison Heal
|upkeep
|turn|10
|c|☆Abyssal Bot|YASS!
|
|t:|1779643426
|move|p1a: Gliscor|Protect|p1a: Gliscor
|-singleturn|p1a: Gliscor|Protect
|move|p2a: Roaring Moon|Knock Off|p1a: Gliscor
|-activate|p1a: Gliscor|move: Protect
|
|-damage|p2a: Roaring Moon|59/100 tox|[from] psn|[of] p1a: Gliscor
|-heal|p1a: Gliscor|63/100 tox|[from] ability: Poison Heal
|upkeep
|turn|11
|
|t:|1779643429
|move|p2a: Roaring Moon|Knock Off|p1a: Gliscor
|-damage|p1a: Gliscor|32/100 tox
|move|p1a: Gliscor|Earthquake|p2a: Roaring Moon
|-damage|p2a: Roaring Moon|17/100 tox
|
|-damage|p2a: Roaring Moon|0 tox|[from] psn|[of] p1a: Gliscor
|faint|p2a: Roaring Moon
|-end|p2a: Roaring Moon|Protosynthesis|[silent]
|-heal|p1a: Gliscor|44/100 tox|[from] ability: Poison Heal
|upkeep
|
|t:|1779643429
|switch|p2a: Ogerpon|Ogerpon-Wellspring, F|100/100
|turn|12
|
|t:|1779643432
|move|p1a: Gliscor|Protect|p1a: Gliscor
|-singleturn|p1a: Gliscor|Protect
|move|p2a: Ogerpon|Power Whip|p1a: Gliscor
|-activate|p1a: Gliscor|move: Protect
|
|-heal|p1a: Gliscor|57/100 tox|[from] ability: Poison Heal
|upkeep
|turn|13
|
|t:|1779643443
|switch|p1a: Tornadus|Tornadus-Therian, M|100/100
|move|p2a: Ogerpon|Ivy Cudgel|p1a: Tornadus|[anim] Ivy Cudgel Water
|-damage|p1a: Tornadus|37/100
|
|upkeep
|turn|14
|
|t:|1779643446
|move|p1a: Tornadus|Bleakwind Storm|p2a: Ogerpon
|-supereffective|p2a: Ogerpon
|-damage|p2a: Ogerpon|7/100
|move|p2a: Ogerpon|Power Whip|p1a: Tornadus
|-resisted|p1a: Tornadus
|-damage|p1a: Tornadus|0
|faint|p1a: Tornadus
|
|upkeep
|
|t:|1779643451
|switch|p1a: Pelipper|Pelipper, M|100/100
|-weather|Rain Dance|[from] ability: Drizzle|[of] p1a: Pelipper
|turn|15
|
|t:|1779643453
|move|p2a: Ogerpon|Ivy Cudgel|p1a: Pelipper|[anim] Ivy Cudgel Water
|-resisted|p1a: Pelipper
|-damage|p1a: Pelipper|69/100
|move|p1a: Pelipper|U-turn|p2a: Ogerpon
|-supereffective|p2a: Ogerpon
|-damage|p2a: Ogerpon|0
|faint|p2a: Ogerpon
|
|t:|1779643456
|switch|p1a: Gliscor|Gliscor, F|57/100 tox|[from] U-turn
|
|-weather|Rain Dance|[upkeep]
|-heal|p1a: Gliscor|69/100 tox|[from] ability: Poison Heal
|upkeep
|
|t:|1779643456
|switch|p2a: Iron Treads|Iron Treads|100/100
|turn|16
|
|t:|1779643458
|move|p1a: Gliscor|Protect|p1a: Gliscor
|-singleturn|p1a: Gliscor|Protect
|move|p2a: Iron Treads|Steel Beam|p1a: Gliscor
|-activate|p1a: Gliscor|move: Protect
|-damage|p2a: Iron Treads|50/100|[from] steelbeam
|
|-weather|Rain Dance|[upkeep]
|-heal|p1a: Gliscor|82/100 tox|[from] ability: Poison Heal
|upkeep
|turn|17
|
|t:|1779643461
|switch|p1a: Thundurus|Thundurus-Therian, M|100/100
|move|p2a: Iron Treads|Steel Beam|p1a: Thundurus
|-resisted|p1a: Thundurus
|-damage|p1a: Thundurus|73/100
|-damage|p2a: Iron Treads|0|[from] steelbeam
|faint|p2a: Iron Treads
|-end|p2a: Iron Treads|Quark Drive|[silent]
|
|-weather|Rain Dance|[upkeep]
|upkeep
|
|t:|1779643461
|switch|p2a: Skeledirge|Skeledirge, M|100/100
|turn|18
|
|t:|1779643463
|move|p1a: Thundurus|Weather Ball|p2a: Skeledirge
|-supereffective|p2a: Skeledirge
|-damage|p2a: Skeledirge|19/100
|move|p2a: Skeledirge|Alluring Voice|p1a: Thundurus
|-damage|p1a: Thundurus|49/100
|
|-weather|Rain Dance|[upkeep]
|upkeep
|turn|19
|
|t:|1779643466
|move|p1a: Thundurus|Thunderbolt|p2a: Skeledirge
|-damage|p2a: Skeledirge|0
|faint|p2a: Skeledirge
|
|-weather|Rain Dance|[upkeep]
|upkeep
|
|t:|1779643466
|switch|p2a: Zamazenta|Zamazenta|100/100
|-ability|p2a: Zamazenta|Dauntless Shield|boost
|-boost|p2a: Zamazenta|def|1
|turn|20
|
|t:|1779643468
|move|p2a: Zamazenta|Iron Defense|p2a: Zamazenta
|-boost|p2a: Zamazenta|def|2
|move|p1a: Thundurus|Thunderbolt|p2a: Zamazenta
|-damage|p2a: Zamazenta|64/100
|
|-weather|Rain Dance|[upkeep]
|-heal|p2a: Zamazenta|70/100|[from] item: Leftovers
|upkeep
|turn|21
|
|t:|1779643470
|move|p2a: Zamazenta|Crunch|p1a: Thundurus
|-damage|p1a: Thundurus|23/100
|move|p1a: Thundurus|Thunderbolt|p2a: Zamazenta
|-damage|p2a: Zamazenta|28/100
|
|-weather|Rain Dance|[upkeep]
|-heal|p2a: Zamazenta|34/100|[from] item: Leftovers
|upkeep
|turn|22
|
|t:|1779643472
|move|p2a: Zamazenta|Crunch|p1a: Thundurus
|-damage|p1a: Thundurus|0
|faint|p1a: Thundurus
|
|-weather|none
|-heal|p2a: Zamazenta|40/100|[from] item: Leftovers
|upkeep
|
|t:|1779643478
|switch|p1a: Pelipper|Pelipper, M|69/100
|-weather|Rain Dance|[from] ability: Drizzle|[of] p1a: Pelipper
|turn|23
|
|t:|1779643480
|move|p2a: Zamazenta|Crunch|p1a: Pelipper
|-damage|p1a: Pelipper|52/100
|move|p1a: Pelipper|Hurricane|p2a: Zamazenta
|-supereffective|p2a: Zamazenta
|-damage|p2a: Zamazenta|0
|faint|p2a: Zamazenta
|
|win|encore21768768
|c|☆Abyssal Bot|This loss doesn't matter, because I'm just a bot.
|l|☆Abyssal Bot
|player|p2|
|l|*Turbo Bottttt
