|j|☆yoki
|j|☆cihNinja
|t:|1779681824
|gametype|singles
|player|p1|yoki|2|1394
|player|p2|cihNinja|hilbert-wonderlauncher|1396
|gen|9
|tier|[Gen 9] OU
|rated|
|rule|HP Percentage Mod: HP is shown in percentages
|rule|Endless Battle Clause: Forcing endless battles is banned
|rule|Species Clause: Limit one of each Pokémon
|rule|OHKO Clause: OHKO moves are banned
|rule|Evasion Items Clause: Evasion items are banned
|rule|Evasion Moves Clause: Evasion moves are banned
|rule|Evasion Abilities Clause: Evasion abilities are banned
|rule|Sleep Moves Clause: Sleep-inducing moves are banned
|clearpoke
|poke|p1|Slowking-Galar, M|
|poke|p1|Great Tusk|
|poke|p1|Kyurem|
|poke|p1|Iron Hands|
|poke|p1|Darkrai|
|poke|p1|Zapdos|
|poke|p2|Garganacl, M|
|poke|p2|Zamazenta-*|
|poke|p2|Cresselia, F|
|poke|p2|Samurott-Hisui, M|
|poke|p2|Polteageist|
|poke|p2|Glimmora, M|
|teampreview
|inactive|Battle timer is ON: inactive players will automatically lose when time's up. (requested by cihNinja)
|
|t:|1779681842
|teamsize|p1|6
|teamsize|p2|6
|start
|switch|p1a: Iron Hands|Iron Hands|100/100
|switch|p2a: Glimmora|Glimmora, M|100/100
|turn|1
|
|t:|1779681847
|move|p2a: Glimmora|Earth Power|p1a: Iron Hands
|-supereffective|p1a: Iron Hands
|-damage|p1a: Iron Hands|52/100
|move|p1a: Iron Hands|Earthquake|p2a: Glimmora
|-supereffective|p2a: Glimmora
|-enditem|p2a: Glimmora|Focus Sash
|-damage|p2a: Glimmora|1/100
|-activate|p2a: Glimmora|ability: Toxic Debris
|-sidestart|p1: yoki|move: Toxic Spikes
|
|upkeep
|turn|2
|
|t:|1779681857
|-end|p1a: Iron Hands|Quark Drive|[silent]
|switch|p1a: Slowking|Slowking-Galar, M|100/100
|-sideend|p1: yoki|move: Toxic Spikes|[of] p1a: Slowking
|move|p2a: Glimmora|Stealth Rock|p1a: Slowking
|-sidestart|p1: yoki|move: Stealth Rock
|
|upkeep
|turn|3
|
|t:|1779681860
|move|p2a: Glimmora|Earth Power|p1a: Slowking
|-supereffective|p1a: Slowking
|-damage|p1a: Slowking|63/100
|move|p1a: Slowking|Sludge Bomb|p2a: Glimmora
|-resisted|p2a: Glimmora
|-damage|p2a: Glimmora|0 fnt
|faint|p2a: Glimmora
|
|upkeep
|
|t:|1779681864
|switch|p2a: Samurott|Samurott-Hisui, M|100/100
|turn|4
|
|t:|1779681879
|switch|p1a: Darkrai|Darkrai|100/100
|move|p2a: Samurott|Ceaseless Edge|p1a: Darkrai
|-resisted|p1a: Darkrai
|-damage|p1a: Darkrai|74/100
|-sidestart|p1: yoki|Spikes
|
|upkeep
|turn|5
|
|t:|1779681892
|move|p1a: Darkrai|Thunder Wave|p2a: Samurott
|-status|p2a: Samurott|par
|cant|p2a: Samurott|par
|
|upkeep
|turn|6
|
|t:|1779681898
|switch|p1a: Iron Hands|Iron Hands|52/100
|-damage|p1a: Iron Hands|46/100|[from] Stealth Rock
|-damage|p1a: Iron Hands|34/100|[from] Spikes
|move|p2a: Samurott|Razor Shell|p1a: Iron Hands
|-damage|p1a: Iron Hands|0 fnt
|faint|p1a: Iron Hands
|-end|p1a: Iron Hands|Quark Drive|[silent]
|
|upkeep
|
|t:|1779681901
|switch|p1a: Great Tusk|Great Tusk|100/100
|-damage|p1a: Great Tusk|97/100|[from] Stealth Rock
|-damage|p1a: Great Tusk|85/100|[from] Spikes
|turn|7
|
|t:|1779681923
|move|p1a: Great Tusk|Close Combat|p2a: Samurott
|-supereffective|p2a: Samurott
|-damage|p2a: Samurott|0 fnt
|-unboost|p1a: Great Tusk|def|1
|-unboost|p1a: Great Tusk|spd|1
|faint|p2a: Samurott
|
|-heal|p1a: Great Tusk|91/100|[from] item: Leftovers
|upkeep
|
|t:|1779681928
|switch|p2a: Polteageist|Polteageist|100/100
|turn|8
|
|t:|1779681934
|move|p1a: Great Tusk|Headlong Rush|p2a: Polteageist
|-enditem|p2a: Polteageist|Focus Sash
|-damage|p2a: Polteageist|1/100
|-unboost|p1a: Great Tusk|def|1
|-unboost|p1a: Great Tusk|spd|1
|-ability|p2a: Polteageist|Weak Armor|boost
|-unboost|p2a: Polteageist|def|1
|-boost|p2a: Polteageist|spe|2
|move|p2a: Polteageist|Shell Smash|p2a: Polteageist
|-unboost|p2a: Polteageist|def|1
|-unboost|p2a: Polteageist|spd|1
|-boost|p2a: Polteageist|atk|2
|-boost|p2a: Polteageist|spa|2
|-boost|p2a: Polteageist|spe|2
|
|-heal|p1a: Great Tusk|97/100|[from] item: Leftovers
|upkeep
|turn|9
|
|t:|1779681953
|move|p2a: Polteageist|Giga Drain|p1a: Great Tusk
|-supereffective|p1a: Great Tusk
|-damage|p1a: Great Tusk|0 fnt
|-heal|p2a: Polteageist|73/100|[from] drain|[of] p1a: Great Tusk
|faint|p1a: Great Tusk
|-end|p1a: Great Tusk|Protosynthesis|[silent]
|
|upkeep
|
|t:|1779681975
|switch|p1a: Slowking|Slowking-Galar, M|97/100
|-damage|p1a: Slowking|84/100|[from] Stealth Rock
|-damage|p1a: Slowking|72/100|[from] Spikes
|turn|10
|
|t:|1779681979
|-terastallize|p1a: Slowking|Water
|move|p2a: Polteageist|Shadow Ball|p1a: Slowking
|-damage|p1a: Slowking|13/100
|move|p1a: Slowking|Thunder Wave|p2a: Polteageist
|-status|p2a: Polteageist|par
|
|upkeep
|turn|11
|
|t:|1779681982
|cant|p2a: Polteageist|par
|move|p1a: Slowking|Future Sight|p2a: Polteageist
|-start|p1a: Slowking|move: Future Sight
|
|upkeep
|turn|12
|
|t:|1779681995
|switch|p1a: Zapdos|Zapdos, shiny|100/100
|move|p2a: Polteageist|Giga Drain|p1a: Zapdos
|-resisted|p1a: Zapdos
|-damage|p1a: Zapdos|70/100
|-heal|p2a: Polteageist|95/100 par|[from] drain|[of] p1a: Zapdos
|
|upkeep
|turn|13
|
|t:|1779682008
|move|p2a: Polteageist|Stored Power|p1a: Zapdos
|-damage|p1a: Zapdos|0 fnt
|faint|p1a: Zapdos
|
|-end|p2a: Polteageist|move: Future Sight
|-damage|p2a: Polteageist|15/100 par
|upkeep
|
|t:|1779682012
|switch|p1a: Darkrai|Darkrai|74/100
|turn|14
|
|t:|1779682015
|move|p1a: Darkrai|Ice Beam|p2a: Polteageist
|-damage|p2a: Polteageist|0 fnt
|faint|p2a: Polteageist
|
|upkeep
|
|t:|1779682018
|switch|p2a: Zamazenta|Zamazenta|100/100
|-ability|p2a: Zamazenta|Dauntless Shield|boost
|-boost|p2a: Zamazenta|def|1
|turn|15
|
|t:|1779682046
|move|p2a: Zamazenta|Body Press|p1a: Darkrai
|-supereffective|p1a: Darkrai
|-damage|p1a: Darkrai|0 fnt
|faint|p1a: Darkrai
|
|upkeep
|-message|yoki forfeited.
|
|win|cihNinja
|raw|yoki's rating: 1370 &rarr; <strong>1351</strong><br />(-19 for losing)
|raw|cihNinja's rating: 1396 &rarr; <strong>1415</strong><br />(+19 for winning)
|l|☆yoki
|player|p1|
|l|☆cihNinja
|player|p2|
