|j|☆YB4260
|j|☆it's fck bby
|t:|1779693876
|gametype|singles
|player|p1|YB4260|hilbert|1124
|player|p2|it's fck bby|grimsley|1088
|gen|9
|tier|[Gen 9] OU
|rated|
|rule|HP Percentage Mod: HP is shown in percentages
|rule|Endless Battle Clause: Forcing endless battles is banned
|rule|Species Clause: Limit one of each Pokémon
|rule|OHKO Clause: OHKO moves are banned
|rule|Evasion Items Clause: Evasion items are banned
|rule|Evasion Moves Clause: Evasion moves are banned
|rule|Evasion Abilities Clause: Evasion abilities are banned
|rule|Sleep Moves Clause: Sleep-inducing moves are banned
|clearpoke
|poke|p1|Mew|
|poke|p1|Ditto|
|poke|p1|Hatterene, F|
|poke|p1|Gholdengo|
|poke|p1|Landorus-Therian, M|
|poke|p1|Rillaboom, M|
|poke|p2|Mudsdale, M|
|poke|p2|Polteageist|
|poke|p2|Grimmsnarl, M|
|poke|p2|Ogerpon-Wellspring, F|
|poke|p2|Armarouge, M|
|poke|p2|Iron Treads|
|teampreview
|
|t:|1779693884
|teamsize|p1|6
|teamsize|p2|6
|start
|switch|p1a: Very gimmicky|Ditto, shiny|100/100
|switch|p2a: Grimmsnarl|Grimmsnarl, M, shiny|100/100
|-transform|p1a: Very gimmicky|p2a: Grimmsnarl|[from] ability: Imposter
|turn|1
|inactive|Battle timer is ON: inactive players will automatically lose when time's up. (requested by YB4260)
|
|t:|1779693893
|move|p2a: Grimmsnarl|Reflect|p2a: Grimmsnarl
|-sidestart|p2: it's fck bby|Reflect
|move|p1a: Very gimmicky|Reflect|p1a: Very gimmicky
|-sidestart|p1: YB4260|Reflect
|
|upkeep
|turn|2
|
|t:|1779693897
|move|p2a: Grimmsnarl|Light Screen|p2a: Grimmsnarl
|-sidestart|p2: it's fck bby|move: Light Screen
|move|p1a: Very gimmicky|Light Screen|p1a: Very gimmicky
|-sidestart|p1: YB4260|move: Light Screen
|
|upkeep
|turn|3
|
|t:|1779693901
|move|p1a: Very gimmicky|Sucker Punch||[still]
|-fail|p1a: Very gimmicky
|move|p2a: Grimmsnarl|Parting Shot|p1a: Very gimmicky
|-hint|Since gen 7, Dark is immune to Prankster moves.
|-immune|p1a: Very gimmicky
|
|upkeep
|turn|4
|
|t:|1779693913
|switch|p2a: Mudsdale|Mudsdale, M|100/100
|move|p1a: Very gimmicky|Parting Shot|p2a: Mudsdale
|-unboost|p2a: Mudsdale|atk|1
|-unboost|p2a: Mudsdale|spa|1
|
|t:|1779693919
|switch|p1a: Monke go FAH|Rillaboom, M|100/100|[from] Parting Shot
|-fieldstart|move: Grassy Terrain|[from] ability: Grassy Surge|[of] p1a: Monke go FAH
|-enditem|p1a: Monke go FAH|Grassy Seed
|-boost|p1a: Monke go FAH|def|1|[from] item: Grassy Seed
|
|upkeep
|turn|5
|
|t:|1779693940
|switch|p2a: Armarouge|Armarouge, M|100/100
|move|p1a: Monke go FAH|Trailblaze|p2a: Armarouge
|-resisted|p2a: Armarouge
|-damage|p2a: Armarouge|90/100
|-boost|p1a: Monke go FAH|spe|1
|-ability|p2a: Armarouge|Weak Armor|boost
|-unboost|p2a: Armarouge|def|1
|-boost|p2a: Armarouge|spe|2
|
|-heal|p2a: Armarouge|96/100|[from] Grassy Terrain
|-sideend|p1: YB4260|Reflect
|upkeep
|turn|6
|
|t:|1779693953
|-terastallize|p1a: Monke go FAH|Flying
|move|p2a: Armarouge|Armor Cannon|p1a: Monke go FAH
|-damage|p1a: Monke go FAH|71/100
|-unboost|p2a: Armarouge|def|1
|-unboost|p2a: Armarouge|spd|1
|move|p1a: Monke go FAH|Knock Off|p2a: Armarouge
|-supereffective|p2a: Armarouge
|-damage|p2a: Armarouge|16/100
|-ability|p2a: Armarouge|Weak Armor|boost
|-unboost|p2a: Armarouge|def|1
|-boost|p2a: Armarouge|spe|2
|-enditem|p2a: Armarouge|Choice Scarf|[from] move: Knock Off|[of] p1a: Monke go FAH
|
|-heal|p2a: Armarouge|22/100|[from] Grassy Terrain
|-sideend|p1: YB4260|move: Light Screen
|upkeep
|turn|7
|inactive|it's fck bby has 120 seconds left.
|
|t:|1779693975
|move|p2a: Armarouge|Psychic|p1a: Monke go FAH
|-damage|p1a: Monke go FAH|23/100
|move|p1a: Monke go FAH|Knock Off|p2a: Armarouge
|-supereffective|p2a: Armarouge
|-damage|p2a: Armarouge|0 fnt
|faint|p2a: Armarouge
|
|upkeep
|inactive|it's fck bby has 120 seconds left.
|
|t:|1779693984
|switch|p2a: Iron Treads|Iron Treads|100/100
|-enditem|p2a: Iron Treads|Booster Energy
|-activate|p2a: Iron Treads|ability: Quark Drive|[fromitem]
|-start|p2a: Iron Treads|quarkdrivespe
|turn|8
|
|t:|1779693993
|move|p2a: Iron Treads|Iron Head|p1a: Monke go FAH
|-damage|p1a: Monke go FAH|0 fnt
|faint|p1a: Monke go FAH
|
|-sideend|p2: it's fck bby|Reflect
|-fieldend|move: Grassy Terrain
|upkeep
|
|t:|1779694000
|switch|p1a: Land’O the Tigahh|Landorus-Therian, M, shiny|100/100
|-ability|p1a: Land’O the Tigahh|Intimidate|boost
|-unboost|p2a: Iron Treads|atk|1
|turn|9
|
|t:|1779694009
|-end|p2a: Iron Treads|Quark Drive|[silent]
|switch|p2a: Mudsdale|Mudsdale, M|100/100
|move|p1a: Land’O the Tigahh|Imprison|p1a: Land’O the Tigahh
|-start|p1a: Land’O the Tigahh|move: Imprison
|
|-sideend|p2: it's fck bby|move: Light Screen
|upkeep
|turn|10
|
|t:|1779694029
|move|p1a: Land’O the Tigahh|Earthquake|p2a: Mudsdale
|-damage|p2a: Mudsdale|66/100
|-ability|p2a: Mudsdale|Stamina|boost
|-boost|p2a: Mudsdale|def|1
|move|p2a: Mudsdale|Heavy Slam|p1a: Land’O the Tigahh
|-damage|p1a: Land’O the Tigahh|71/100
|
|-heal|p1a: Land’O the Tigahh|77/100|[from] item: Leftovers
|upkeep
|turn|11
|
|t:|1779694040
|move|p1a: Land’O the Tigahh|Stealth Rock|p2a: Mudsdale
|-sidestart|p2: it's fck bby|move: Stealth Rock
|move|p2a: Mudsdale|Body Press|p1a: Land’O the Tigahh
|-resisted|p1a: Land’O the Tigahh
|-crit|p1a: Land’O the Tigahh
|-damage|p1a: Land’O the Tigahh|52/100
|
|-heal|p1a: Land’O the Tigahh|58/100|[from] item: Leftovers
|upkeep
|turn|12
|inactive|it's fck bby has 120 seconds left.
|
|t:|1779694077
|move|p1a: Land’O the Tigahh|Earthquake|p2a: Mudsdale
|-damage|p2a: Mudsdale|46/100
|-ability|p2a: Mudsdale|Stamina|boost
|-boost|p2a: Mudsdale|def|1
|move|p2a: Mudsdale|Heavy Slam|p1a: Land’O the Tigahh
|-damage|p1a: Land’O the Tigahh|31/100
|
|-heal|p1a: Land’O the Tigahh|37/100|[from] item: Leftovers
|upkeep
|turn|13
|
|t:|1779694087
|move|p1a: Land’O the Tigahh|Earthquake|p2a: Mudsdale
|-damage|p2a: Mudsdale|30/100
|-ability|p2a: Mudsdale|Stamina|boost
|-boost|p2a: Mudsdale|def|1
|move|p2a: Mudsdale|Heavy Slam|p1a: Land’O the Tigahh
|-damage|p1a: Land’O the Tigahh|8/100
|
|-heal|p1a: Land’O the Tigahh|14/100|[from] item: Leftovers
|upkeep
|turn|14
|
|t:|1779694097
|move|p1a: Land’O the Tigahh|Earthquake|p2a: Mudsdale
|-damage|p2a: Mudsdale|18/100
|-ability|p2a: Mudsdale|Stamina|boost
|-boost|p2a: Mudsdale|def|1
|move|p2a: Mudsdale|Heavy Slam|p1a: Land’O the Tigahh
|-damage|p1a: Land’O the Tigahh|0 fnt
|faint|p1a: Land’O the Tigahh
|
|upkeep
|
|t:|1779694102
|switch|p1a: Very gimmicky|Ditto, shiny|100/100
|-transform|p1a: Very gimmicky|p2a: Mudsdale|[from] ability: Imposter
|turn|15
|inactive|it's fck bby has 120 seconds left.
|
|t:|1779694116
|switch|p2a: Polteageist|Polteageist, shiny|100/100
|-damage|p2a: Polteageist|88/100|[from] Stealth Rock
|move|p1a: Very gimmicky|Body Press|p2a: Polteageist
|-immune|p2a: Polteageist
|
|-heal|p2a: Polteageist|94/100|[from] item: Leftovers
|upkeep
|turn|16
|inactive|it's fck bby has 120 seconds left.
|
|t:|1779694128
|move|p2a: Polteageist|Calm Mind|p2a: Polteageist
|-boost|p2a: Polteageist|spa|1
|-boost|p2a: Polteageist|spd|1
|move|p1a: Very gimmicky|Earthquake|p2a: Polteageist
|-damage|p2a: Polteageist|36/100
|-ability|p2a: Polteageist|Weak Armor|boost
|-unboost|p2a: Polteageist|def|1
|-boost|p2a: Polteageist|spe|2
|
|-heal|p2a: Polteageist|42/100|[from] item: Leftovers
|upkeep
|turn|17
|inactive|it's fck bby has 120 seconds left.
|
|t:|1779694139
|move|p2a: Polteageist|Strength Sap|p1a: Very gimmicky
|-unboost|p1a: Very gimmicky|atk|1
|-heal|p2a: Polteageist|100/100
|move|p1a: Very gimmicky|Earthquake|p2a: Polteageist
|-damage|p2a: Polteageist|34/100
|-ability|p2a: Polteageist|Weak Armor|boost
|-unboost|p2a: Polteageist|def|1
|-boost|p2a: Polteageist|spe|2
|
|-heal|p2a: Polteageist|40/100|[from] item: Leftovers
|upkeep
|turn|18
|inactive|it's fck bby has 120 seconds left.
|
|t:|1779694151
|move|p2a: Polteageist|Strength Sap|p1a: Very gimmicky
|-unboost|p1a: Very gimmicky|atk|1
|-heal|p2a: Polteageist|99/100
|move|p1a: Very gimmicky|Earthquake|p2a: Polteageist
|-damage|p2a: Polteageist|33/100
|-ability|p2a: Polteageist|Weak Armor|boost
|-unboost|p2a: Polteageist|def|1
|-boost|p2a: Polteageist|spe|2
|
|-heal|p2a: Polteageist|39/100|[from] item: Leftovers
|upkeep
|turn|19
|inactive|it's fck bby has 120 seconds left.
|
|t:|1779694163
|move|p2a: Polteageist|Strength Sap|p1a: Very gimmicky
|-unboost|p1a: Very gimmicky|atk|1
|-heal|p2a: Polteageist|83/100
|move|p1a: Very gimmicky|Earthquake|p2a: Polteageist
|-damage|p2a: Polteageist|19/100
|-ability|p2a: Polteageist|Weak Armor|boost
|-unboost|p2a: Polteageist|def|1
|
|-heal|p2a: Polteageist|25/100|[from] item: Leftovers
|upkeep
|turn|20
|inactive|it's fck bby has 120 seconds left.
|
|t:|1779694180
|move|p2a: Polteageist|Poltergeist|p1a: Very gimmicky
|-activate|p1a: Very gimmicky|move: Poltergeist|Focus Sash
|-damage|p1a: Very gimmicky|92/100
|-ability|p1a: Very gimmicky|Stamina|boost
|-boost|p1a: Very gimmicky|def|1
|move|p1a: Very gimmicky|Earthquake|p2a: Polteageist
|-damage|p2a: Polteageist|0 fnt
|faint|p2a: Polteageist
|
|upkeep
|-message|it's fck bby forfeited.
|
|win|YB4260
|raw|YB4260's rating: 1124 &rarr; <strong>1146</strong><br />(+22 for winning)
|raw|it&apos;s fck bby's rating: 1088 &rarr; <strong>1067</strong><br />(-21 for losing)
|l|☆it's fck bby
|player|p2|
|l|☆YB4260
|player|p1|
