|j|☆trickytrickydicky
|j|☆Cheesefriezz
|t:|1779599197
|gametype|singles
|player|p1|trickytrickydicky|2|1059
|player|p2|Cheesefriezz|n|1100
|gen|9
|tier|[Gen 9] OU
|rated|
|rule|HP Percentage Mod: HP is shown in percentages
|rule|Endless Battle Clause: Forcing endless battles is banned
|rule|Species Clause: Limit one of each Pokémon
|rule|OHKO Clause: OHKO moves are banned
|rule|Evasion Items Clause: Evasion items are banned
|rule|Evasion Moves Clause: Evasion moves are banned
|rule|Evasion Abilities Clause: Evasion abilities are banned
|rule|Sleep Moves Clause: Sleep-inducing moves are banned
|clearpoke
|poke|p1|Hatterene, F|
|poke|p1|Ursaluna, M|
|poke|p1|Iron Hands|
|poke|p1|Cresselia, F|
|poke|p1|Glastrier|
|poke|p1|Kingambit, F|
|poke|p2|Samurott-Hisui, M|
|poke|p2|Leafeon, M|
|poke|p2|Moltres|
|poke|p2|Ninetales, F|
|poke|p2|Kommo-o, M|
|poke|p2|Krookodile, F|
|teampreview
|
|t:|1779599199
|teamsize|p1|6
|teamsize|p2|6
|start
|switch|p1a: Cresselia|Cresselia, F|100/100
|switch|p2a: Gabriel|Krookodile, F|100/100
|-ability|p2a: Gabriel|Intimidate|boost
|-unboost|p1a: Cresselia|atk|1
|turn|1
|
|t:|1779599214
|move|p1a: Cresselia|Protect|p1a: Cresselia
|-singleturn|p1a: Cresselia|Protect
|move|p2a: Gabriel|Knock Off|p1a: Cresselia
|-activate|p1a: Cresselia|move: Protect
|
|upkeep
|turn|2
|
|t:|1779599219
|move|p2a: Gabriel|Stealth Rock|p1a: Cresselia
|-sidestart|p1: trickytrickydicky|move: Stealth Rock
|move|p1a: Cresselia|Trick Room|p1a: Cresselia
|-fieldstart|move: Trick Room|[of] p1a: Cresselia
|
|upkeep
|turn|3
|
|t:|1779599226
|move|p1a: Cresselia|Moonblast|p2a: Gabriel
|-supereffective|p2a: Gabriel
|-damage|p2a: Gabriel|53/100
|move|p2a: Gabriel|Knock Off|p1a: Cresselia
|-supereffective|p1a: Cresselia
|-enditem|p1a: Cresselia|Colbur Berry|[eat]
|-enditem|p1a: Cresselia|Colbur Berry|[weaken]
|-damage|p1a: Cresselia|78/100
|
|-heal|p2a: Gabriel|59/100|[from] item: Leftovers
|upkeep
|turn|4
|
|t:|1779599243
|move|p1a: Cresselia|Moonblast|p2a: Gabriel
|-supereffective|p2a: Gabriel
|-damage|p2a: Gabriel|15/100
|move|p2a: Gabriel|Knock Off|p1a: Cresselia
|-supereffective|p1a: Cresselia
|-damage|p1a: Cresselia|43/100
|
|-heal|p2a: Gabriel|21/100|[from] item: Leftovers
|upkeep
|turn|5
|
|t:|1779599253
|move|p1a: Cresselia|Moonblast|p2a: Gabriel
|-supereffective|p2a: Gabriel
|-damage|p2a: Gabriel|0 fnt
|faint|p2a: Gabriel
|
|upkeep
|
|t:|1779599262
|switch|p2a: Ima dive in|Samurott-Hisui, M|100/100
|turn|6
|
|t:|1779599266
|move|p1a: Cresselia|Moonblast|p2a: Ima dive in
|-supereffective|p2a: Ima dive in
|-damage|p2a: Ima dive in|64/100
|move|p2a: Ima dive in|Ceaseless Edge|p1a: Cresselia|[miss]
|-miss|p2a: Ima dive in|p1a: Cresselia
|
|-fieldend|move: Trick Room
|upkeep
|turn|7
|
|t:|1779599274
|move|p2a: Ima dive in|Ceaseless Edge|p1a: Cresselia
|-supereffective|p1a: Cresselia
|-damage|p1a: Cresselia|0 fnt
|-sidestart|p1: trickytrickydicky|Spikes
|faint|p1a: Cresselia
|
|upkeep
|
|t:|1779599280
|switch|p1a: Hatterene|Hatterene, F|100/100
|-damage|p1a: Hatterene|88/100|[from] Stealth Rock
|-damage|p1a: Hatterene|76/100|[from] Spikes
|turn|8
|
|t:|1779599289
|move|p2a: Ima dive in|Ceaseless Edge|p1a: Hatterene
|-damage|p1a: Hatterene|23/100
|-sidestart|p1: trickytrickydicky|Spikes
|move|p1a: Hatterene|Trick Room|p1a: Hatterene
|-fieldstart|move: Trick Room|[of] p1a: Hatterene
|
|upkeep
|turn|9
|
|t:|1779599296
|move|p1a: Hatterene|Dazzling Gleam|p2a: Ima dive in
|-supereffective|p2a: Ima dive in
|-damage|p2a: Ima dive in|0 fnt
|faint|p2a: Ima dive in
|
|upkeep
|
|t:|1779599310
|switch|p2a: Supa Hot Fire|Moltres|100/100
|turn|10
|
|t:|1779599317
|move|p1a: Hatterene|Psychic|p2a: Supa Hot Fire
|-damage|p2a: Supa Hot Fire|46/100
|move|p2a: Supa Hot Fire|Air Slash|p1a: Hatterene
|-damage|p1a: Hatterene|0 fnt
|faint|p1a: Hatterene
|
|upkeep
|
|t:|1779599325
|switch|p1a: Iron Hands|Iron Hands|100/100
|-damage|p1a: Iron Hands|94/100|[from] Stealth Rock
|-damage|p1a: Iron Hands|78/100|[from] Spikes
|turn|11
|
|t:|1779599332
|move|p1a: Iron Hands|Volt Switch|p2a: Supa Hot Fire
|-supereffective|p2a: Supa Hot Fire
|-damage|p2a: Supa Hot Fire|17/100
|
|t:|1779599342
|-end|p1a: Iron Hands|Quark Drive|[silent]
|switch|p1a: Glastrier|Glastrier|100/100|[from] Volt Switch
|-damage|p1a: Glastrier|76/100|[from] Stealth Rock
|-damage|p1a: Glastrier|59/100|[from] Spikes
|move|p2a: Supa Hot Fire|Flamethrower|p1a: Glastrier
|-supereffective|p1a: Glastrier
|-damage|p1a: Glastrier|0 fnt
|faint|p1a: Glastrier
|
|upkeep
|
|t:|1779599351
|switch|p1a: Iron Hands|Iron Hands|78/100
|-damage|p1a: Iron Hands|71/100|[from] Stealth Rock
|-damage|p1a: Iron Hands|55/100|[from] Spikes
|turn|12
|
|t:|1779599361
|move|p1a: Iron Hands|Volt Switch|p2a: Supa Hot Fire
|-supereffective|p2a: Supa Hot Fire
|-damage|p2a: Supa Hot Fire|0 fnt
|faint|p2a: Supa Hot Fire
|
|t:|1779599366
|-end|p1a: Iron Hands|Quark Drive|[silent]
|switch|p1a: Kingambit|Kingambit, F|100/100|[from] Volt Switch
|-damage|p1a: Kingambit|94/100|[from] Stealth Rock
|-damage|p1a: Kingambit|78/100|[from] Spikes
|-activate|p1a: Kingambit|ability: Supreme Overlord
|-start|p1a: Kingambit|fallen3|[silent]
|
|-heal|p1a: Kingambit|84/100|[from] item: Leftovers
|-fieldend|move: Trick Room
|upkeep
|
|t:|1779599373
|switch|p2a: six tails|Ninetales, F, shiny|100/100
|-weather|SunnyDay|[from] ability: Drought|[of] p2a: six tails
|turn|13
|
|t:|1779599380
|move|p2a: six tails|Will-O-Wisp|p1a: Kingambit
|-status|p1a: Kingambit|brn
|move|p1a: Kingambit|Kowtow Cleave|p2a: six tails
|-damage|p2a: six tails|50/100
|
|-weather|SunnyDay|[upkeep]
|-heal|p1a: Kingambit|90/100 brn|[from] item: Leftovers
|-damage|p1a: Kingambit|84/100 brn|[from] brn
|upkeep
|turn|14
|
|t:|1779599389
|move|p2a: six tails|Weather Ball|p1a: Kingambit
|-supereffective|p1a: Kingambit
|-damage|p1a: Kingambit|0 fnt
|faint|p1a: Kingambit
|-end|p1a: Kingambit|fallen3|[silent]
|
|-weather|SunnyDay|[upkeep]
|upkeep
|
|t:|1779599397
|switch|p1a: Ursaluna|Ursaluna, M|100/100
|-damage|p1a: Ursaluna|94/100|[from] Stealth Rock
|-damage|p1a: Ursaluna|78/100|[from] Spikes
|turn|15
|
|t:|1779599404
|move|p2a: six tails|Weather Ball|p1a: Ursaluna
|-damage|p1a: Ursaluna|31/100
|move|p1a: Ursaluna|Earthquake|p2a: six tails
|-supereffective|p2a: six tails
|-damage|p2a: six tails|0 fnt
|faint|p2a: six tails
|
|-weather|SunnyDay|[upkeep]
|-status|p1a: Ursaluna|brn|[from] item: Flame Orb
|upkeep
|
|t:|1779599413
|switch|p2a: Melo|Leafeon, M, shiny|100/100
|turn|16
|
|t:|1779599418
|move|p2a: Melo|Leaf Blade|p1a: Ursaluna
|-supereffective|p1a: Ursaluna
|-crit|p1a: Ursaluna
|-damage|p1a: Ursaluna|0 fnt
|faint|p1a: Ursaluna
|-damage|p2a: Melo|91/100|[from] item: Life Orb
|
|-weather|SunnyDay|[upkeep]
|upkeep
|
|t:|1779599425
|switch|p1a: Iron Hands|Iron Hands|55/100
|-damage|p1a: Iron Hands|49/100|[from] Stealth Rock
|-damage|p1a: Iron Hands|32/100|[from] Spikes
|turn|17
|
|t:|1779599432
|move|p2a: Melo|Leaf Blade|p1a: Iron Hands
|-damage|p1a: Iron Hands|0 fnt
|faint|p1a: Iron Hands
|-end|p1a: Iron Hands|Quark Drive|[silent]
|-damage|p2a: Melo|81/100|[from] item: Life Orb
|
|win|Cheesefriezz
|raw|trickytrickydicky's rating: 1059 &rarr; <strong>1042</strong><br />(-17 for losing)
|raw|Cheesefriezz's rating: 1100 &rarr; <strong>1122</strong><br />(+22 for winning)
|l|☆trickytrickydicky
|player|p1|
|l|☆Cheesefriezz
|player|p2|
