|j|☆summerenaissance
|j|☆ferrothxrn
|t:|1779717821
|gametype|singles
|player|p1|summerenaissance|iris-gen5bw2|1615
|player|p2|ferrothxrn|2|1519
|gen|9
|tier|[Gen 9] OU
|rated|
|rule|HP Percentage Mod: HP is shown in percentages
|rule|Endless Battle Clause: Forcing endless battles is banned
|rule|Species Clause: Limit one of each Pokémon
|rule|OHKO Clause: OHKO moves are banned
|rule|Evasion Items Clause: Evasion items are banned
|rule|Evasion Moves Clause: Evasion moves are banned
|rule|Evasion Abilities Clause: Evasion abilities are banned
|rule|Sleep Moves Clause: Sleep-inducing moves are banned
|clearpoke
|poke|p1|Munkidori, M|
|poke|p1|Garganacl, F|
|poke|p1|Corviknight, M|
|poke|p1|Iron Moth|
|poke|p1|Ting-Lu|
|poke|p1|Dragonite, M|
|poke|p2|Kingambit, M|
|poke|p2|Iron Treads|
|poke|p2|Barraskewda, M|
|poke|p2|Overqwil, F|
|poke|p2|Raging Bolt|
|poke|p2|Pelipper, M|
|teampreview
|inactive|Battle timer is ON: inactive players will automatically lose when time's up. (requested by ferrothxrn)
|
|t:|1779717832
|teamsize|p1|6
|teamsize|p2|6
|start
|switch|p1a: Munkidori|Munkidori, M|100/100
|switch|p2a: Iron Treads|Iron Treads|100/100
|-enditem|p2a: Iron Treads|Booster Energy
|-activate|p2a: Iron Treads|ability: Quark Drive|[fromitem]
|-start|p2a: Iron Treads|quarkdrivespe
|turn|1
|
|t:|1779717847
|move|p2a: Iron Treads|Stealth Rock|p1a: Munkidori
|-sidestart|p1: summerenaissance|move: Stealth Rock
|move|p1a: Munkidori|U-turn|p2a: Iron Treads
|-resisted|p2a: Iron Treads
|-damage|p2a: Iron Treads|95/100
|
|t:|1779717849
|switch|p1a: Corviknight|Corviknight, M|100/100|[from] U-turn
|-damage|p1a: Corviknight|88/100|[from] Stealth Rock
|-ability|p1a: Corviknight|Pressure
|
|upkeep
|turn|2
|
|t:|1779717852
|-end|p2a: Iron Treads|Quark Drive|[silent]
|switch|p2a: Pelipper|Pelipper, M|100/100
|-weather|RainDance|[from] ability: Drizzle|[of] p2a: Pelipper
|move|p1a: Corviknight|Defog|p2a: Pelipper
|-unboost|p2a: Pelipper|evasion|1
|-sideend|p1: summerenaissance|Stealth Rock|[from] move: Defog|[of] p1a: Corviknight
|
|-weather|RainDance|[upkeep]
|upkeep
|turn|3
|
|t:|1779717855
|move|p1a: Corviknight|U-turn|p2a: Pelipper
|-resisted|p2a: Pelipper
|-damage|p2a: Pelipper|95/100
|
|t:|1779717857
|switch|p1a: Munkidori|Munkidori, M|100/100|[from] U-turn
|move|p2a: Pelipper|U-turn|p1a: Munkidori
|-damage|p1a: Munkidori|86/100
|
|t:|1779717860
|switch|p2a: Barraskewda|Barraskewda, M|100/100|[from] U-turn
|
|-weather|RainDance|[upkeep]
|-heal|p1a: Munkidori|92/100|[from] item: Black Sludge
|upkeep
|turn|4
|
|t:|1779717862
|move|p1a: Munkidori|Fake Out|p2a: Barraskewda
|-damage|p2a: Barraskewda|86/100
|-status|p2a: Barraskewda|tox|[from] ability: Toxic Chain|[of] p1a: Munkidori
|cant|p2a: Barraskewda|flinch
|
|-weather|RainDance|[upkeep]
|-heal|p1a: Munkidori|98/100|[from] item: Black Sludge
|-damage|p2a: Barraskewda|80/100 tox|[from] psn
|upkeep
|turn|5
|
|t:|1779717872
|switch|p1a: Dragonite|Dragonite, M|100/100
|move|p2a: Barraskewda|Flip Turn|p1a: Dragonite
|-resisted|p1a: Dragonite
|-damage|p1a: Dragonite|79/100
|
|t:|1779717879
|switch|p2a: Overqwil|Overqwil, F|100/100|[from] Flip Turn
|
|-weather|RainDance|[upkeep]
|upkeep
|turn|6
|
|t:|1779717884
|move|p2a: Overqwil|Swords Dance|p2a: Overqwil
|-boost|p2a: Overqwil|atk|2
|move|p1a: Dragonite|Earthquake|p2a: Overqwil
|-supereffective|p2a: Overqwil
|-damage|p2a: Overqwil|0 fnt
|faint|p2a: Overqwil
|
|-weather|RainDance|[upkeep]
|upkeep
|l|☆ferrothxrn
|inactive|ferrothxrn disconnected and has a minute to reconnect!
|player|p2|
|inactive|ferrothxrn has 30 seconds to reconnect!
|inactive|ferrothxrn has 20 seconds to reconnect!
|inactive|ferrothxrn has 15 seconds to reconnect!
|inactive|ferrothxrn has 10 seconds to reconnect!
|inactive|ferrothxrn has 5 seconds to reconnect!
|-message|ferrothxrn lost due to inactivity.
|
|win|summerenaissance
|raw|summerenaissance's rating: 1615 &rarr; <strong>1630</strong><br />(+15 for winning)
|raw|ferrothxrn's rating: 1519 &rarr; <strong>1504</strong><br />(-15 for losing)
