|j|☆summerise
|j|☆lklowxhn
|t:|1779596053
|gametype|singles
|player|p1|summerise|bugcatcher-gen4dp|
|player|p2|lklowxhn|miku-ghost|
|gen|9
|tier|[Gen 9] OU
|rule|HP Percentage Mod: HP is shown in percentages
|rule|Endless Battle Clause: Forcing endless battles is banned
|rule|Species Clause: Limit one of each Pokémon
|rule|OHKO Clause: OHKO moves are banned
|rule|Evasion Items Clause: Evasion items are banned
|rule|Evasion Moves Clause: Evasion moves are banned
|rule|Evasion Abilities Clause: Evasion abilities are banned
|rule|Sleep Moves Clause: Sleep-inducing moves are banned
|clearpoke
|poke|p1|Darkrai|
|poke|p1|Slowking-Galar, F|
|poke|p1|Ogerpon-Wellspring, F|
|poke|p1|Zapdos-Galar|
|poke|p1|Iron Treads|
|poke|p1|Kyurem|
|poke|p2|Serperior, M|
|poke|p2|Slowbro, M|
|poke|p2|Fezandipiti, M|
|poke|p2|Tornadus-Therian, M|
|poke|p2|Kingambit, M|
|poke|p2|Great Tusk|
|teampreview
|inactive|Battle timer is ON: inactive players will automatically lose when time's up. (requested by summerise)
|inactive|lklowxhn also wants the timer to be on.
|inactive|lklowxhn has 270 seconds left.
|inactive|lklowxhn no longer wants the timer on, but the timer is staying on because summerise still does.
|inactiveoff|Battle timer is now OFF.
|inactive|Battle timer is ON: inactive players will automatically lose when time's up. (requested by summerise)
|
|t:|1779596208
|teamsize|p1|6
|teamsize|p2|6
|start
|switch|p1a: Kyurem|Kyurem|100/100
|switch|p2a: 小树林|Slowbro, M|100/100
|-ability|p1a: Kyurem|Pressure
|turn|1
|
|t:|1779596212
|switch|p2a: Fezandipiti|Fezandipiti, M|100/100
|move|p1a: Kyurem|Freeze-Dry|p2a: Fezandipiti
|-damage|p2a: Fezandipiti|84/100
|
|-heal|p2a: Fezandipiti|90/100|[from] item: Leftovers
|upkeep
|turn|2
|
|t:|1779596226
|switch|p1a: Iron Treads|Iron Treads|100/100
|-enditem|p1a: Iron Treads|Booster Energy
|-activate|p1a: Iron Treads|ability: Quark Drive|[fromitem]
|-start|p1a: Iron Treads|quarkdrivespe
|move|p2a: Fezandipiti|U-turn|p1a: Iron Treads
|-resisted|p1a: Iron Treads
|-crit|p1a: Iron Treads
|-damage|p1a: Iron Treads|90/100
|
|t:|1779596234
|switch|p2a: Great Tusk|Great Tusk|100/100|[from] U-turn
|
|upkeep
|turn|3
|
|t:|1779596239
|move|p1a: Iron Treads|Stealth Rock|p2a: Great Tusk
|-sidestart|p2: lklowxhn|move: Stealth Rock
|move|p2a: Great Tusk|Close Combat|p1a: Iron Treads
|-supereffective|p1a: Iron Treads
|-damage|p1a: Iron Treads|0 fnt
|-unboost|p2a: Great Tusk|def|1
|-unboost|p2a: Great Tusk|spd|1
|faint|p1a: Iron Treads
|-end|p1a: Iron Treads|Quark Drive|[silent]
|
|upkeep
|
|t:|1779596242
|switch|p1a: Kyurem|Kyurem|100/100
|-ability|p1a: Kyurem|Pressure
|turn|4
|
|t:|1779596246
|-end|p2a: Great Tusk|Protosynthesis|[silent]
|switch|p2a: Fezandipiti|Fezandipiti, M|90/100
|-damage|p2a: Fezandipiti|78/100|[from] Stealth Rock
|move|p1a: Kyurem|Icicle Spear|p2a: Fezandipiti
|-damage|p2a: Fezandipiti|64/100
|-crit|p2a: Fezandipiti
|-damage|p2a: Fezandipiti|43/100
|-damage|p2a: Fezandipiti|29/100
|-damage|p2a: Fezandipiti|16/100
|-damage|p2a: Fezandipiti|1/100
|-hitcount|p2a: Fezandipiti|5
|
|-heal|p2a: Fezandipiti|7/100|[from] item: Leftovers
|upkeep
|turn|5
|
|t:|1779596264
|move|p1a: Kyurem|Icicle Spear|p2a: Fezandipiti
|-damage|p2a: Fezandipiti|0 fnt
|faint|p2a: Fezandipiti
|-hitcount|p2: Fezandipiti|1
|
|upkeep
|inactive|lklowxhn has 270 seconds left.
|
|t:|1779596299
|switch|p2a: Kingambit|Kingambit, M|100/100
|-damage|p2a: Kingambit|94/100|[from] Stealth Rock
|-activate|p2a: Kingambit|ability: Supreme Overlord
|-start|p2a: Kingambit|fallen1|[silent]
|turn|6
|
|t:|1779596303
|move|p1a: Kyurem|Earth Power|p2a: Kingambit
|-supereffective|p2a: Kingambit
|-damage|p2a: Kingambit|40/100
|move|p2a: Kingambit|Iron Head|p1a: Kyurem
|-supereffective|p1a: Kyurem
|-damage|p1a: Kyurem|0 fnt
|faint|p1a: Kyurem
|
|-heal|p2a: Kingambit|46/100|[from] item: Leftovers
|upkeep
|
|t:|1779596314
|switch|p1a: Zapdos|Zapdos-Galar|100/100
|turn|7
|
|t:|1779596320
|-end|p2a: Kingambit|fallen1|[silent]
|switch|p2a: 小树林|Slowbro, M|100/100
|-damage|p2a: 小树林|88/100|[from] Stealth Rock
|move|p1a: Zapdos|U-turn|p2a: 小树林
|-supereffective|p2a: 小树林
|-damage|p2a: 小树林|62/100
|
|t:|1779596327
|switch|p1a: Darkrai|Darkrai|100/100|[from] U-turn
|
|upkeep
|turn|8
|
|t:|1779596338
|move|p1a: Darkrai|Dark Pulse|p2a: 小树林
|-supereffective|p2a: 小树林
|-enditem|p2a: 小树林|Colbur Berry|[eat]
|-enditem|p2a: 小树林|Colbur Berry|[weaken]
|-damage|p2a: 小树林|0 fnt
|faint|p2a: 小树林
|
|upkeep
|
|t:|1779596352
|switch|p2a: Kingambit|Kingambit, M|46/100
|-damage|p2a: Kingambit|40/100|[from] Stealth Rock
|-activate|p2a: Kingambit|ability: Supreme Overlord
|-start|p2a: Kingambit|fallen2|[silent]
|turn|9
|
|t:|1779596358
|move|p1a: Darkrai|Dark Pulse|p2a: Kingambit
|-resisted|p2a: Kingambit
|-damage|p2a: Kingambit|10/100
|move|p2a: Kingambit|Iron Head|p1a: Darkrai
|-damage|p1a: Darkrai|21/100
|
|-heal|p2a: Kingambit|16/100|[from] item: Leftovers
|upkeep
|turn|10
|
|t:|1779596368
|switch|p1a: Zapdos|Zapdos-Galar|100/100
|move|p2a: Kingambit|Kowtow Cleave|p1a: Zapdos
|-resisted|p1a: Zapdos
|-damage|p1a: Zapdos|68/100
|
|-heal|p2a: Kingambit|22/100|[from] item: Leftovers
|upkeep
|turn|11
|
|t:|1779596382
|move|p2a: Kingambit|Sucker Punch|p1a: Zapdos
|-resisted|p1a: Zapdos
|-crit|p1a: Zapdos
|-damage|p1a: Zapdos|25/100
|move|p1a: Zapdos|Close Combat|p2a: Kingambit
|-supereffective|p2a: Kingambit
|-damage|p2a: Kingambit|0 fnt
|-unboost|p1a: Zapdos|def|1
|-unboost|p1a: Zapdos|spd|1
|faint|p2a: Kingambit
|-end|p2a: Kingambit|fallen2|[silent]
|
|upkeep
|
|t:|1779596393
|switch|p2a: Great Tusk|Great Tusk|100/100
|-damage|p2a: Great Tusk|98/100|[from] Stealth Rock
|turn|12
|
|t:|1779596397
|move|p1a: Zapdos|Close Combat|p2a: Great Tusk
|-damage|p2a: Great Tusk|51/100
|-unboost|p1a: Zapdos|def|1
|-unboost|p1a: Zapdos|spd|1
|move|p2a: Great Tusk|Rapid Spin|p1a: Zapdos
|-damage|p1a: Zapdos|0 fnt
|-boost|p2a: Great Tusk|spe|1
|-sideend|p2: lklowxhn|Stealth Rock|[from] move: Rapid Spin|[of] p2a: Great Tusk
|faint|p1a: Zapdos
|
|-heal|p2a: Great Tusk|58/100|[from] item: Leftovers
|upkeep
|
|t:|1779596403
|switch|p1a: Ogerpon|Ogerpon-Wellspring, F|100/100
|turn|13
|
|t:|1779596410
|-end|p2a: Great Tusk|Protosynthesis|[silent]
|switch|p2a: Serperior|Serperior, M|100/100
|move|p1a: Ogerpon|Ivy Cudgel|p2a: Serperior|[anim] Ivy Cudgel Water
|-resisted|p2a: Serperior
|-crit|p2a: Serperior
|-damage|p2a: Serperior|54/100
|
|-heal|p2a: Serperior|60/100|[from] item: Leftovers
|upkeep
|turn|14
|
|t:|1779596414
|switch|p1a: Slowking|Slowking-Galar, F|100/100
|move|p2a: Serperior|Glare|p1a: Slowking
|-status|p1a: Slowking|par
|
|-heal|p2a: Serperior|66/100|[from] item: Leftovers
|upkeep
|turn|15
|
|t:|1779596419
|switch|p2a: Tornadus|Tornadus-Therian, M|100/100
|move|p1a: Slowking|Future Sight|p2a: Tornadus
|-start|p1a: Slowking|move: Future Sight
|
|upkeep
|turn|16
|
|t:|1779596434
|move|p2a: Tornadus|Nasty Plot|p2a: Tornadus
|-boost|p2a: Tornadus|spa|2
|-prepare|p1a: Slowking|Chilly Reception|[premajor]
|move|p1a: Slowking|Chilly Reception|p1a: Slowking
|-weather|Snowscape
|
|t:|1779596440
|switch|p1a: Darkrai|Darkrai|21/100|[from] Chilly Reception
|
|-weather|Snowscape|[upkeep]
|upkeep
|turn|17
|
|t:|1779596446
|switch|p2a: Great Tusk|Great Tusk|58/100
|move|p1a: Darkrai|Ice Beam|p2a: Great Tusk
|-supereffective|p2a: Great Tusk
|-crit|p2a: Great Tusk
|-damage|p2a: Great Tusk|0 fnt
|faint|p2a: Great Tusk
|-end|p2a: Great Tusk|Protosynthesis|[silent]
|
|-weather|Snowscape|[upkeep]
|-hint|Future Sight did not hit because the target is fainted.
|upkeep
|
|t:|1779596448
|switch|p2a: Serperior|Serperior, M|66/100
|turn|18
|
|t:|1779596452
|-terastallize|p2a: Serperior|Fire
|move|p1a: Darkrai|Ice Beam|p2a: Serperior
|-resisted|p2a: Serperior
|-damage|p2a: Serperior|38/100
|move|p2a: Serperior|Leaf Storm|p1a: Darkrai
|-damage|p1a: Darkrai|0 fnt
|-boost|p2a: Serperior|spa|2
|faint|p1a: Darkrai
|
|-weather|Snowscape|[upkeep]
|-heal|p2a: Serperior|45/100|[from] item: Leftovers
|upkeep
|
|t:|1779596457
|switch|p1a: Slowking|Slowking-Galar, F|100/100 par
|turn|19
|
|t:|1779596469
|switch|p2a: Tornadus|Tornadus-Therian, M|100/100
|cant|p1a: Slowking|par
|
|-weather|Snowscape|[upkeep]
|upkeep
|turn|20
|
|t:|1779596474
|move|p2a: Tornadus|Nasty Plot|p2a: Tornadus
|-boost|p2a: Tornadus|spa|2
|move|p1a: Slowking|Future Sight|p2a: Tornadus
|-start|p1a: Slowking|move: Future Sight
|
|-weather|none
|upkeep
|turn|21
|
|t:|1779596494
|move|p2a: Tornadus|Nasty Plot|p2a: Tornadus
|-boost|p2a: Tornadus|spa|2
|cant|p1a: Slowking|par
|
|upkeep
|turn|22
|
|t:|1779596501
|move|p2a: Tornadus|Bleakwind Storm|p1a: Slowking
|-damage|p1a: Slowking|14/100 par
|move|p1a: Slowking|Thunder Wave|p2a: Tornadus
|-status|p2a: Tornadus|par
|
|-end|p2a: Tornadus|move: Future Sight
|-damage|p2a: Tornadus|42/100 par
|upkeep
|turn|23
|
|t:|1779596509
|move|p2a: Tornadus|Bleakwind Storm|p1a: Slowking
|-damage|p1a: Slowking|0 fnt
|faint|p1a: Slowking
|
|upkeep
|
|t:|1779596512
|switch|p1a: Ogerpon|Ogerpon-Wellspring, F|100/100
|turn|24
|
|t:|1779596516
|move|p1a: Ogerpon|Ivy Cudgel|p2a: Tornadus|[anim] Ivy Cudgel Water
|-damage|p2a: Tornadus|0 fnt
|faint|p2a: Tornadus
|
|upkeep
|
|t:|1779596519
|switch|p2a: Serperior|Serperior, M, tera:Fire|45/100
|turn|25
|
|t:|1779596522
|move|p2a: Serperior|Leaf Storm|p1a: Ogerpon
|-damage|p1a: Ogerpon|55/100
|-boost|p2a: Serperior|spa|2
|move|p1a: Ogerpon|Ivy Cudgel|p2a: Serperior|[anim] Ivy Cudgel Water
|-supereffective|p2a: Serperior
|-damage|p2a: Serperior|0 fnt
|faint|p2a: Serperior
|
|win|summerise
