|j|☆Top5HottestPicsOf
|j|‽legendaryx8
|t:|1779564262
|gametype|singles
|player|p1|Top5HottestPicsOf|wicke|1277
|player|p2|legendaryx8|steven|1320
|gen|9
|tier|[Gen 9] OU
|rated|
|rule|HP Percentage Mod: HP is shown in percentages
|rule|Endless Battle Clause: Forcing endless battles is banned
|rule|Species Clause: Limit one of each Pokémon
|rule|OHKO Clause: OHKO moves are banned
|rule|Evasion Items Clause: Evasion items are banned
|rule|Evasion Moves Clause: Evasion moves are banned
|rule|Evasion Abilities Clause: Evasion abilities are banned
|rule|Sleep Moves Clause: Sleep-inducing moves are banned
|clearpoke
|poke|p1|Munkidori, M|
|poke|p1|Persian-Alola, F|
|poke|p1|Fezandipiti, M|
|poke|p1|Leafeon, F|
|poke|p1|Dudunsparce-*, M|
|poke|p1|Dragapult, M|
|poke|p2|Porygon2|
|poke|p2|Ursaluna, M|
|poke|p2|Hatterene, F|
|poke|p2|Dragonite, F|
|poke|p2|Iron Hands|
|poke|p2|Cresselia, F|
|teampreview
|inactive|Battle timer is ON: inactive players will automatically lose when time's up. (requested by Top5HottestPicsOf)
|
|t:|1779564289
|teamsize|p1|6
|teamsize|p2|6
|start
|switch|p1a: Leafeon|Leafeon, F|100/100
|switch|p2a: Porygon2|Porygon2|100/100
|-ability|p2a: Porygon2|Chlorophyll|Trace|[from] ability: Trace|[of] p1a: Leafeon
|turn|1
|inactive|legendaryx8 has 120 seconds left.
|
|t:|1779564321
|move|p1a: Leafeon|Knock Off|p2a: Porygon2
|-damage|p2a: Porygon2|79/100
|-enditem|p2a: Porygon2|Eviolite|[from] move: Knock Off|[of] p1a: Leafeon
|move|p2a: Porygon2|Trick Room|p2a: Porygon2
|-fieldstart|move: Trick Room|[of] p2a: Porygon2
|
|upkeep
|turn|2
|
|t:|1779564330
|switch|p1a: Dudunsparce|Dudunsparce, M|100/100
|move|p2a: Porygon2|Ice Beam|p1a: Dudunsparce
|-damage|p1a: Dudunsparce|73/100
|
|upkeep
|turn|3
|inactive|legendaryx8 has 120 seconds left.
|
|t:|1779564354
|switch|p2a: Iron Hands|Iron Hands|100/100
|-enditem|p2a: Iron Hands|Booster Energy
|-activate|p2a: Iron Hands|ability: Quark Drive|[fromitem]
|-start|p2a: Iron Hands|quarkdriveatk
|move|p1a: Dudunsparce|Dragon Tail|p2a: Iron Hands
|-damage|p2a: Iron Hands|90/100
|-end|p2a: Iron Hands|Quark Drive|[silent]
|drag|p2a: Cresselia|Cresselia, F|100/100
|
|upkeep
|turn|4
|inactive|legendaryx8 has 120 seconds left.
|
|t:|1779564367
|switch|p2a: Ursaluna|Ursaluna, M|100/100
|move|p1a: Dudunsparce|Body Slam|p2a: Ursaluna
|-damage|p2a: Ursaluna|79/100
|-status|p2a: Ursaluna|par
|
|upkeep
|turn|5
|inactive|legendaryx8 has 120 seconds left.
|
|t:|1779564375
|-terastallize|p2a: Ursaluna|Normal
|cant|p2a: Ursaluna|par
|move|p1a: Dudunsparce|Roost|p1a: Dudunsparce
|-heal|p1a: Dudunsparce|100/100
|-singleturn|p1a: Dudunsparce|move: Roost
|
|-fieldend|move: Trick Room
|upkeep
|turn|6
|inactive|legendaryx8 has 120 seconds left.
|inactive|legendaryx8 has 90 seconds left.
|
|t:|1779564437
|move|p1a: Dudunsparce|Roost||[still]
|-fail|p1a: Dudunsparce|heal
|move|p2a: Ursaluna|Facade|p1a: Dudunsparce
|-damage|p1a: Dudunsparce|0 fnt
|-damage|p2a: Ursaluna|62/100 par|[from] item: Rocky Helmet|[of] p1a: Dudunsparce
|faint|p1a: Dudunsparce
|
|upkeep
|
|t:|1779564446
|switch|p1a: Persian|Persian-Alola, F|100/100
|turn|7
|
|t:|1779564457
|move|p1a: Persian|Sunny Day|p1a: Persian
|-weather|SunnyDay
|cant|p2a: Ursaluna|par
|
|-weather|SunnyDay|[upkeep]
|upkeep
|turn|8
|
|t:|1779564462
|move|p1a: Persian|Parting Shot|p2a: Ursaluna
|-unboost|p2a: Ursaluna|atk|1
|-unboost|p2a: Ursaluna|spa|1
|
|t:|1779564465
|switch|p1a: Leafeon|Leafeon, F|100/100|[from] Parting Shot
|cant|p2a: Ursaluna|par
|
|-weather|SunnyDay|[upkeep]
|upkeep
|turn|9
|inactive|legendaryx8 has 90 seconds left.
|
|t:|1779564472
|move|p1a: Leafeon|Swords Dance|p1a: Leafeon
|-boost|p1a: Leafeon|atk|2
|move|p2a: Ursaluna|Facade|p1a: Leafeon
|-damage|p1a: Leafeon|0 fnt
|faint|p1a: Leafeon
|
|-weather|SunnyDay|[upkeep]
|upkeep
|
|t:|1779564479
|switch|p1a: Munkidori|Munkidori, M|100/100
|turn|10
|
|t:|1779564483
|move|p1a: Munkidori|Sludge Wave|p2a: Ursaluna
|-damage|p2a: Ursaluna|19/100 par
|move|p2a: Ursaluna|Facade|p1a: Munkidori
|-enditem|p1a: Munkidori|Focus Sash
|-damage|p1a: Munkidori|1/100
|
|-weather|SunnyDay|[upkeep]
|upkeep
|turn|11
|
|t:|1779564493
|switch|p2a: Porygon2|Porygon2|79/100
|-ability|p2a: Porygon2|Toxic Chain|Trace|[from] ability: Trace|[of] p1a: Munkidori
|move|p1a: Munkidori|Sludge Wave|p2a: Porygon2
|-damage|p2a: Porygon2|33/100
|
|-weather|SunnyDay|[upkeep]
|upkeep
|turn|12
|
|t:|1779564505
|switch|p2a: Cresselia|Cresselia, F|100/100
|move|p1a: Munkidori|Sludge Wave|p2a: Cresselia
|-damage|p2a: Cresselia|69/100
|
|-weather|SunnyDay|[upkeep]
|upkeep
|turn|13
|
|t:|1779564512
|move|p1a: Munkidori|Sludge Wave|p2a: Cresselia
|-damage|p2a: Cresselia|38/100
|move|p2a: Cresselia|Trick Room|p2a: Cresselia
|-fieldstart|move: Trick Room|[of] p2a: Cresselia
|
|-weather|SunnyDay|[upkeep]
|upkeep
|turn|14
|inactive|legendaryx8 has 120 seconds left.
|
|t:|1779564522
|move|p2a: Cresselia|Psychic|p1a: Munkidori
|-damage|p1a: Munkidori|0 fnt
|faint|p1a: Munkidori
|
|-weather|none
|upkeep
|
|t:|1779564526
|switch|p1a: Fezandipiti|Fezandipiti, M|100/100
|turn|15
|
|t:|1779564536
|move|p2a: Cresselia|Psychic|p1a: Fezandipiti
|-supereffective|p1a: Fezandipiti
|-damage|p1a: Fezandipiti|59/100
|move|p1a: Fezandipiti|Calm Mind|p1a: Fezandipiti
|-boost|p1a: Fezandipiti|spa|1
|-boost|p1a: Fezandipiti|spd|1
|
|-heal|p1a: Fezandipiti|66/100|[from] item: Leftovers
|upkeep
|turn|16
|inactive|legendaryx8 has 120 seconds left.
|
|t:|1779564578
|move|p2a: Cresselia|Lunar Dance|p2a: Cresselia
|faint|p2a: Cresselia
|move|p1a: Fezandipiti|Moonblast|p2: Cresselia|[notarget]
|-fail|p1a: Fezandipiti
|
|-heal|p1a: Fezandipiti|72/100|[from] item: Leftovers
|upkeep
|
|t:|1779564585
|switch|p2a: Ursaluna|Ursaluna, M, tera:Normal|19/100 par
|-heal|p2a: Ursaluna|100/100|[from] move: Lunar Dance
|turn|17
|
|t:|1779564597
|switch|p1a: Persian|Persian-Alola, F|100/100
|move|p2a: Ursaluna|Swords Dance|p2a: Ursaluna
|-boost|p2a: Ursaluna|atk|2
|
|-fieldend|move: Trick Room
|-status|p2a: Ursaluna|brn|[from] item: Flame Orb
|upkeep
|turn|18
|
|t:|1779564608
|move|p1a: Persian|Fake Out|p2a: Ursaluna
|-damage|p2a: Ursaluna|96/100 brn
|cant|p2a: Ursaluna|flinch
|
|-damage|p2a: Ursaluna|90/100 brn|[from] brn
|upkeep
|turn|19
|
|t:|1779564627
|move|p1a: Persian|Foul Play|p2a: Ursaluna
|-damage|p2a: Ursaluna|7/100 brn
|move|p2a: Ursaluna|Facade|p1a: Persian
|-damage|p1a: Persian|0 fnt
|faint|p1a: Persian
|
|-damage|p2a: Ursaluna|1/100 brn|[from] brn
|upkeep
|
|t:|1779564631
|switch|p1a: Dragapult|Dragapult, M, shiny|100/100
|turn|20
|
|t:|1779564642
|switch|p2a: Porygon2|Porygon2|33/100
|-ability|p2a: Porygon2|Clear Body|Trace|[from] ability: Trace|[of] p1a: Dragapult
|move|p1a: Dragapult|Flamethrower|p2a: Porygon2
|-damage|p2a: Porygon2|0 fnt
|faint|p2a: Porygon2
|
|upkeep
|
|t:|1779564651
|switch|p2a: Hatterene|Hatterene, F|100/100
|turn|21
|
|t:|1779564666
|move|p1a: Dragapult|Flamethrower|p2a: Hatterene
|-damage|p2a: Hatterene|63/100
|move|p2a: Hatterene|Trick Room|p2a: Hatterene
|-fieldstart|move: Trick Room|[of] p2a: Hatterene
|
|upkeep
|turn|22
|
|t:|1779564676
|move|p2a: Hatterene|Dazzling Gleam|p1a: Dragapult
|-supereffective|p1a: Dragapult
|-damage|p1a: Dragapult|0 fnt
|faint|p1a: Dragapult
|
|upkeep
|
|t:|1779564689
|switch|p1a: Fezandipiti|Fezandipiti, M|72/100
|turn|23
|
|t:|1779564695
|move|p2a: Hatterene|Future Sight|p1a: Fezandipiti
|-start|p2a: Hatterene|move: Future Sight
|move|p1a: Fezandipiti|Roost|p1a: Fezandipiti
|-heal|p1a: Fezandipiti|100/100
|-singleturn|p1a: Fezandipiti|move: Roost
|
|upkeep
|turn|24
|
|t:|1779564708
|switch|p2a: Dragonite|Dragonite, F, shiny|100/100
|move|p1a: Fezandipiti|Sludge Bomb|p2a: Dragonite
|-damage|p2a: Dragonite|87/100
|-status|p2a: Dragonite|tox|[from] ability: Toxic Chain|[of] p1a: Fezandipiti
|
|-damage|p2a: Dragonite|80/100 tox|[from] psn
|upkeep
|turn|25
|
|t:|1779564720
|move|p2a: Dragonite|Extreme Speed|p1a: Fezandipiti
|-damage|p1a: Fezandipiti|67/100
|move|p1a: Fezandipiti|Moonblast|p2a: Dragonite
|-supereffective|p2a: Dragonite
|-damage|p2a: Dragonite|17/100 tox
|
|-end|p1a: Fezandipiti|move: Future Sight
|-supereffective|p1a: Fezandipiti
|-crit|p1a: Fezandipiti
|-damage|p1a: Fezandipiti|0 fnt
|faint|p1a: Fezandipiti
|
|win|legendaryx8
|raw|Top5HottestPicsOf's rating: 1277 &rarr; <strong>1255</strong><br />(-22 for losing)
|raw|legendaryx8's rating: 1320 &rarr; <strong>1338</strong><br />(+18 for winning)
|l|☆Top5HottestPicsOf
|player|p1|
|l|‽legendaryx8
|player|p2|
