|j|☆DropAFreezeDry
|j|‽wheezsumbeez
|t:|1779643548
|gametype|singles
|player|p1|DropAFreezeDry|candice|1371
|player|p2|wheezsumbeez|roxie|1446
|gen|9
|tier|[Gen 9] OU
|rated|
|rule|HP Percentage Mod: HP is shown in percentages
|rule|Endless Battle Clause: Forcing endless battles is banned
|rule|Species Clause: Limit one of each Pokémon
|rule|OHKO Clause: OHKO moves are banned
|rule|Evasion Items Clause: Evasion items are banned
|rule|Evasion Moves Clause: Evasion moves are banned
|rule|Evasion Abilities Clause: Evasion abilities are banned
|rule|Sleep Moves Clause: Sleep-inducing moves are banned
|clearpoke
|poke|p1|Glaceon, F|
|poke|p1|Ninetales-Alola, F|
|poke|p1|Basculegion-F, F|
|poke|p1|Ogerpon-Wellspring, F|
|poke|p1|Iron Treads|
|poke|p1|Weavile, F|
|poke|p2|Kommo-o, F|
|poke|p2|Weezing-Galar, F|
|poke|p2|Slowking, M|
|poke|p2|Mamoswine, M|
|poke|p2|Ogerpon-Wellspring, F|
|poke|p2|Hydreigon, M|
|teampreview
|inactive|Battle timer is ON: inactive players will automatically lose when time's up. (requested by DropAFreezeDry)
|
|t:|1779643561
|teamsize|p1|6
|teamsize|p2|6
|start
|switch|p1a: Ogerpon|Ogerpon-Wellspring, F|100/100
|switch|p2a: Mamoswine|Mamoswine, M|100/100
|turn|1
|
|t:|1779643568
|switch|p2a: Kommo-o|Kommo-o, F|100/100
|move|p1a: Ogerpon|Ivy Cudgel|p2a: Kommo-o|[anim] Ivy Cudgel Water
|-resisted|p2a: Kommo-o
|-damage|p2a: Kommo-o|82/100
|
|-heal|p2a: Kommo-o|88/100|[from] item: Leftovers
|upkeep
|turn|2
|
|t:|1779643575
|switch|p1a: Ninetales|Ninetales-Alola, F|100/100
|-weather|Snowscape|[from] ability: Snow Warning|[of] p1a: Ninetales
|switch|p2a: Weezing|Weezing-Galar, F|100/100
|
|-weather|Snowscape|[upkeep]
|upkeep
|turn|3
|
|t:|1779643582
|switch|p2a: Slowking|Slowking, M|100/100
|move|p1a: Ninetales|Aurora Veil|p1a: Ninetales
|-sidestart|p1: DropAFreezeDry|move: Aurora Veil
|
|-weather|Snowscape|[upkeep]
|upkeep
|turn|4
|
|t:|1779643589
|switch|p1a: Weavile|Weavile, F|100/100
|-ability|p1a: Weavile|Pressure
|-prepare|p2a: Slowking|Chilly Reception|[premajor]
|move|p2a: Slowking|Chilly Reception|p2a: Slowking
|
|t:|1779643595
|switch|p2a: Weezing|Weezing-Galar, F|100/100|[from] Chilly Reception
|
|-weather|Snowscape|[upkeep]
|upkeep
|turn|5
|
|t:|1779643604
|switch|p1a: Basculegion|Basculegion-F, F|100/100
|move|p2a: Weezing|Defog|p1a: Basculegion
|-unboost|p1a: Basculegion|evasion|1
|-sideend|p1: DropAFreezeDry|move: Aurora Veil
|
|-weather|Snowscape|[upkeep]
|upkeep
|turn|6
|
|t:|1779643612
|switch|p2a: Hydreigon|Hydreigon, M|100/100
|move|p1a: Basculegion|Shadow Ball|p2a: Hydreigon
|-resisted|p2a: Hydreigon
|-damage|p2a: Hydreigon|72/100
|
|-weather|none
|upkeep
|turn|7
|
|t:|1779643620
|switch|p1a: Ninetales|Ninetales-Alola, F|100/100
|-weather|Snowscape|[from] ability: Snow Warning|[of] p1a: Ninetales
|move|p2a: Hydreigon|Nasty Plot|p2a: Hydreigon
|-boost|p2a: Hydreigon|spa|2
|
|-weather|Snowscape|[upkeep]
|upkeep
|turn|8
|
|t:|1779643646
|move|p1a: Ninetales|Encore|p2a: Hydreigon
|-start|p2a: Hydreigon|Encore
|move|p2a: Hydreigon|Nasty Plot|p2a: Hydreigon
|-boost|p2a: Hydreigon|spa|2
|
|-weather|Snowscape|[upkeep]
|upkeep
|turn|9
|
|t:|1779643651
|switch|p2a: Slowking|Slowking, M|100/100
|move|p1a: Ninetales|Aurora Veil|p1a: Ninetales
|-sidestart|p1: DropAFreezeDry|move: Aurora Veil
|
|-weather|Snowscape|[upkeep]
|upkeep
|turn|10
|
|t:|1779643656
|switch|p1a: Glaceon|Glaceon, F|100/100
|move|p2a: Slowking|Future Sight|p1a: Glaceon
|-start|p2a: Slowking|move: Future Sight
|
|-weather|Snowscape|[upkeep]
|upkeep
|turn|11
|
|t:|1779643663
|switch|p2a: Weezing|Weezing-Galar, F|100/100
|move|p1a: Glaceon|Freeze-Dry|p2a: Weezing
|-damage|p2a: Weezing|13/100
|
|-weather|none
|upkeep
|turn|12
|
|t:|1779643672
|switch|p2a: Mamoswine|Mamoswine, M|100/100
|move|p1a: Glaceon|Freeze-Dry|p2a: Mamoswine
|-damage|p2a: Mamoswine|59/100
|
|-end|p1a: Glaceon|move: Future Sight
|-crit|p1a: Glaceon
|-damage|p1a: Glaceon|40/100
|upkeep
|turn|13
|
|t:|1779643686
|move|p2a: Mamoswine|Earthquake|p1a: Glaceon
|-damage|p1a: Glaceon|0 fnt
|faint|p1a: Glaceon
|
|upkeep
|
|t:|1779643695
|switch|p1a: Iron Treads|Iron Treads|100/100
|-enditem|p1a: Iron Treads|Booster Energy
|-activate|p1a: Iron Treads|ability: Quark Drive|[fromitem]
|-start|p1a: Iron Treads|quarkdriveatk
|turn|14
|
|t:|1779643701
|move|p1a: Iron Treads|Heavy Slam|p2a: Mamoswine
|-supereffective|p2a: Mamoswine
|-damage|p2a: Mamoswine|0 fnt
|faint|p2a: Mamoswine
|
|upkeep
|
|t:|1779643707
|switch|p2a: Kommo-o|Kommo-o, F|88/100
|turn|15
|
|t:|1779643712
|move|p1a: Iron Treads|Ice Spinner|p2a: Kommo-o
|-supereffective|p2a: Kommo-o
|-damage|p2a: Kommo-o|46/100
|move|p2a: Kommo-o|Stealth Rock|p1a: Iron Treads
|-sidestart|p1: DropAFreezeDry|move: Stealth Rock
|
|-heal|p2a: Kommo-o|52/100|[from] item: Leftovers
|upkeep
|turn|16
|
|t:|1779643731
|move|p1a: Iron Treads|Rapid Spin|p2a: Kommo-o
|-damage|p2a: Kommo-o|38/100
|-boost|p1a: Iron Treads|spe|1
|-sideend|p1: DropAFreezeDry|Stealth Rock|[from] move: Rapid Spin|[of] p1a: Iron Treads
|move|p2a: Kommo-o|Dragon Tail|p1a: Iron Treads
|-resisted|p1a: Iron Treads
|-damage|p1a: Iron Treads|95/100
|-end|p1a: Iron Treads|Quark Drive|[silent]
|drag|p1a: Weavile|Weavile, F|100/100
|-ability|p1a: Weavile|Pressure
|
|-heal|p2a: Kommo-o|44/100|[from] item: Leftovers
|-sideend|p1: DropAFreezeDry|move: Aurora Veil
|upkeep
|turn|17
|
|t:|1779643741
|move|p1a: Weavile|Triple Axel|p2a: Kommo-o
|-supereffective|p2a: Kommo-o
|-damage|p2a: Kommo-o|33/100
|-supereffective|p2a: Kommo-o
|-damage|p2a: Kommo-o|5/100
|-supereffective|p2a: Kommo-o
|-damage|p2a: Kommo-o|0 fnt
|faint|p2a: Kommo-o
|-hitcount|p2: Kommo-o|3
|
|upkeep
|inactive|wheezsumbeez has 120 seconds left.
|
|t:|1779643762
|switch|p2a: Slowking|Slowking, M|100/100
|turn|18
|
|t:|1779643768
|switch|p2a: Weezing|Weezing-Galar, F|13/100
|move|p1a: Weavile|Knock Off|p2a: Weezing
|-resisted|p2a: Weezing
|-damage|p2a: Weezing|0 fnt
|-damage|p1a: Weavile|84/100|[from] item: Rocky Helmet|[of] p2a: Weezing
|-enditem|p2a: Weezing|Rocky Helmet|[from] move: Knock Off|[of] p1a: Weavile
|faint|p2a: Weezing
|
|upkeep
|-message|wheezsumbeez forfeited.
|
|win|DropAFreezeDry
|raw|DropAFreezeDry's rating: 1371 &rarr; <strong>1395</strong><br />(+24 for winning)
|raw|wheezsumbeez's rating: 1446 &rarr; <strong>1422</strong><br />(-24 for losing)
|l|‽wheezsumbeez
|player|p2|
|l|☆DropAFreezeDry
|player|p1|
