|j|☆ihateseaking
|j|☆929Z
|t:|1779717195
|gametype|singles
|player|p1|ihateseaking|1|1334
|player|p2|929Z|265|1387
|gen|9
|tier|[Gen 9] OU
|rated|
|rule|HP Percentage Mod: HP is shown in percentages
|rule|Endless Battle Clause: Forcing endless battles is banned
|rule|Species Clause: Limit one of each Pokémon
|rule|OHKO Clause: OHKO moves are banned
|rule|Evasion Items Clause: Evasion items are banned
|rule|Evasion Moves Clause: Evasion moves are banned
|rule|Evasion Abilities Clause: Evasion abilities are banned
|rule|Sleep Moves Clause: Sleep-inducing moves are banned
|clearpoke
|poke|p1|Great Tusk|
|poke|p1|Heatran, M|
|poke|p1|Samurott-Hisui, F|
|poke|p1|Dragonite, M|
|poke|p1|Iron Valiant|
|poke|p1|Dondozo, M|
|poke|p2|Ogerpon, F|
|poke|p2|Landorus-Therian, M|
|poke|p2|Pecharunt|
|poke|p2|Gholdengo|
|poke|p2|Iron Moth|
|poke|p2|Kyurem|
|teampreview
|inactive|Battle timer is ON: inactive players will automatically lose when time's up. (requested by 929Z)
|inactive|ihateseaking has 120 seconds left.
|
|t:|1779717233
|teamsize|p1|6
|teamsize|p2|6
|start
|switch|p1a: Samurott|Samurott-Hisui, F|100/100
|switch|p2a: Kyurem|Kyurem, shiny|100/100
|-ability|p2a: Kyurem|Pressure
|turn|1
|
|t:|1779717241
|move|p2a: Kyurem|Freeze-Dry|p1a: Samurott
|-supereffective|p1a: Samurott
|-damage|p1a: Samurott|33/100
|-status|p1a: Samurott|frz
|-curestatus|p1a: Samurott|frz|[msg]
|move|p1a: Samurott|Knock Off|p2a: Kyurem
|-damage|p2a: Kyurem|54/100
|-enditem|p2a: Kyurem|Assault Vest|[from] move: Knock Off|[of] p1a: Samurott
|
|upkeep
|turn|2
|
|t:|1779717264
|move|p2a: Kyurem|Freeze-Dry|p1a: Samurott
|-supereffective|p1a: Samurott
|-damage|p1a: Samurott|0 fnt
|faint|p1a: Samurott
|
|upkeep
|inactive|ihateseaking has 120 seconds left.
|inactive|ihateseaking has 90 seconds left.
|
|t:|1779717320
|switch|p1a: Iron Valiant|Iron Valiant|100/100
|-enditem|p1a: Iron Valiant|Booster Energy
|-activate|p1a: Iron Valiant|ability: Quark Drive|[fromitem]
|-start|p1a: Iron Valiant|quarkdrivespe
|turn|3
|
|t:|1779717333
|switch|p2a: Pecharunt|Pecharunt|100/100
|move|p1a: Iron Valiant|Calm Mind|p1a: Iron Valiant
|-boost|p1a: Iron Valiant|spa|1
|-boost|p1a: Iron Valiant|spd|1
|
|upkeep
|turn|4
|
|t:|1779717338
|move|p1a: Iron Valiant|Thunderbolt|p2a: Pecharunt
|-damage|p2a: Pecharunt|57/100
|-status|p2a: Pecharunt|par
|cant|p2a: Pecharunt|par
|
|upkeep
|turn|5
|
|t:|1779717344
|move|p1a: Iron Valiant|Calm Mind|p1a: Iron Valiant
|-boost|p1a: Iron Valiant|spa|1
|-boost|p1a: Iron Valiant|spd|1
|cant|p2a: Pecharunt|par
|
|upkeep
|turn|6
|
|t:|1779717351
|move|p1a: Iron Valiant|Thunderbolt|p2a: Pecharunt
|-damage|p2a: Pecharunt|0 fnt
|faint|p2a: Pecharunt
|
|upkeep
|
|t:|1779717353
|switch|p2a: Gholdengo|Gholdengo|100/100
|turn|7
|
|t:|1779717358
|move|p1a: Iron Valiant|Calm Mind|p1a: Iron Valiant
|-boost|p1a: Iron Valiant|spa|1
|-boost|p1a: Iron Valiant|spd|1
|move|p2a: Gholdengo|Make It Rain|p1a: Iron Valiant
|-supereffective|p1a: Iron Valiant
|-damage|p1a: Iron Valiant|13/100
|-unboost|p2a: Gholdengo|spa|1
|
|upkeep
|turn|8
|
|t:|1779717366
|move|p1a: Iron Valiant|Thunderbolt|p2a: Gholdengo
|-damage|p2a: Gholdengo|17/100
|move|p2a: Gholdengo|Make It Rain|p1a: Iron Valiant
|-supereffective|p1a: Iron Valiant
|-damage|p1a: Iron Valiant|0 fnt
|-unboost|p2a: Gholdengo|spa|1
|faint|p1a: Iron Valiant
|-end|p1a: Iron Valiant|Quark Drive|[silent]
|
|upkeep
|c|☆929Z|soryr about that rng btw
|
|t:|1779717370
|switch|p1a: Dragonite|Dragonite, M|100/100
|turn|9
|c|☆929Z|that was atrocious
|c|☆929Z|has no place in the game at all
|
|t:|1779717379
|switch|p2a: Landorus|Landorus-Therian, M|100/100
|-ability|p2a: Landorus|Intimidate|boost
|-unboost|p1a: Dragonite|atk|1
|move|p1a: Dragonite|Dragon Dance|p1a: Dragonite
|-boost|p1a: Dragonite|atk|1
|-boost|p1a: Dragonite|spe|1
|
|upkeep
|turn|10
|c|☆ihateseaking|it happens
|c|☆ihateseaking|i got hit by a crit focus blast yesterday
|
|t:|1779717408
|move|p1a: Dragonite|Dragon Dance|p1a: Dragonite
|-boost|p1a: Dragonite|atk|1
|-boost|p1a: Dragonite|spe|1
|move|p2a: Landorus|Taunt|p1a: Dragonite
|-start|p1a: Dragonite|move: Taunt
|
|upkeep
|turn|11
|
|t:|1779717416
|switch|p1a: Great Tusk|Great Tusk|100/100
|move|p2a: Landorus|U-turn|p1a: Great Tusk
|-resisted|p1a: Great Tusk
|-damage|p1a: Great Tusk|93/100
|c|☆929Z|those aren't quite equivalent
|
|t:|1779717421
|switch|p2a: Ogerpon|Ogerpon, F|100/100|[from] U-turn
|
|-heal|p1a: Great Tusk|99/100|[from] item: Leftovers
|upkeep
|turn|12
|inactive|ihateseaking has 120 seconds left.
|
|t:|1779717464
|-end|p1a: Great Tusk|Protosynthesis|[silent]
|switch|p1a: Heatran|Heatran, M|100/100
|move|p2a: Ogerpon|Knock Off|p1a: Heatran
|-damage|p1a: Heatran|72/100
|-enditem|p1a: Heatran|Power Herb|[from] move: Knock Off|[of] p2a: Ogerpon
|
|upkeep
|turn|13
|
|t:|1779717475
|switch|p2a: Landorus|Landorus-Therian, M|100/100
|-ability|p2a: Landorus|Intimidate|boost
|-unboost|p1a: Heatran|atk|1
|move|p1a: Heatran|Stealth Rock|p2a: Landorus
|-sidestart|p2: 929Z|move: Stealth Rock
|
|upkeep
|turn|14
|c|☆ihateseaking|thats a 2.9% chance
|
|t:|1779717489
|switch|p1a: Dondozo|Dondozo, M|100/100
|move|p2a: Landorus|U-turn|p1a: Dondozo
|-damage|p1a: Dondozo|89/100
|c|☆ihateseaking|esp bad since this sammu is AV
|inactive|929Z has 120 seconds left.
|c|☆929Z|what actually is the chance
|c|☆929Z|uh
|inactive|929Z has 90 seconds left.
|c|☆929Z|0.625%
|c|☆ihateseaking|0.7X 1/24
|c|☆ihateseaking|is fblast crit
|c|☆929Z|yea
|c|☆929Z|that tbolt thing is
|inactive|929Z has 60 seconds left.
|c|☆929Z|~5x rarer
|c|☆929Z|kinda crazy
|
|t:|1779717587
|switch|p2a: Ogerpon|Ogerpon, F|100/100|[from] U-turn
|
|upkeep
|turn|15
|
|t:|1779717592
|switch|p1a: Heatran|Heatran, M|72/100
|move|p2a: Ogerpon|Knock Off|p1a: Heatran
|-damage|p1a: Heatran|54/100
|
|upkeep
|turn|16
|
|t:|1779717599
|switch|p2a: Kyurem|Kyurem, shiny|54/100
|-damage|p2a: Kyurem|30/100|[from] Stealth Rock
|-ability|p2a: Kyurem|Pressure
|move|p1a: Heatran|Taunt|p2a: Kyurem
|-start|p2a: Kyurem|move: Taunt
|
|upkeep
|turn|17
|
|t:|1779717610
|switch|p1a: Dragonite|Dragonite, M|100/100
|move|p2a: Kyurem|Earth Power|p1a: Dragonite
|-immune|p1a: Dragonite
|
|upkeep
|turn|18
|
|t:|1779717628
|-terastallize|p1a: Dragonite|Fire
|move|p2a: Kyurem|Ice Beam|p1a: Dragonite
|-resisted|p1a: Dragonite
|-damage|p1a: Dragonite|88/100
|move|p1a: Dragonite|Dragon Dance|p1a: Dragonite
|-boost|p1a: Dragonite|atk|1
|-boost|p1a: Dragonite|spe|1
|
|-end|p2a: Kyurem|move: Taunt
|upkeep
|turn|19
|
|t:|1779717633
|move|p1a: Dragonite|Dragon Claw|p2a: Kyurem
|-supereffective|p2a: Kyurem
|-damage|p2a: Kyurem|0 fnt
|faint|p2a: Kyurem
|
|upkeep
|
|t:|1779717642
|switch|p2a: Gholdengo|Gholdengo|17/100
|-damage|p2a: Gholdengo|11/100|[from] Stealth Rock
|turn|20
|
|t:|1779717645
|move|p2a: Gholdengo|Trick|p1a: Dragonite
|-activate|p2a: Gholdengo|move: Trick|[of] p1a: Dragonite
|-item|p1a: Dragonite|Choice Scarf|[from] move: Trick
|-item|p2a: Gholdengo|Heavy-Duty Boots|[from] move: Trick
|move|p1a: Dragonite|Fire Punch|p2a: Gholdengo
|-supereffective|p2a: Gholdengo
|-damage|p2a: Gholdengo|0 fnt
|faint|p2a: Gholdengo
|
|upkeep
|
|t:|1779717652
|switch|p2a: Iron Moth|Iron Moth, shiny|100/100
|-damage|p2a: Iron Moth|76/100|[from] Stealth Rock
|-enditem|p2a: Iron Moth|Booster Energy
|-activate|p2a: Iron Moth|ability: Quark Drive|[fromitem]
|-start|p2a: Iron Moth|quarkdrivespe
|turn|21
|
|t:|1779717659
|switch|p1a: Heatran|Heatran, M|54/100
|move|p2a: Iron Moth|Toxic Spikes|p1a: Heatran
|-sidestart|p1: ihateseaking|move: Toxic Spikes
|
|upkeep
|turn|22
|
|t:|1779717664
|switch|p1a: Great Tusk|Great Tusk|99/100
|-status|p1a: Great Tusk|psn
|move|p2a: Iron Moth|Toxic Spikes|p1a: Great Tusk
|-sidestart|p1: ihateseaking|move: Toxic Spikes
|
|-heal|p1a: Great Tusk|100/100 psn|[from] item: Leftovers
|-damage|p1a: Great Tusk|88/100 psn|[from] psn
|upkeep
|turn|23
|
|t:|1779717669
|-terastallize|p2a: Iron Moth|Ghost
|move|p2a: Iron Moth|Fiery Dance|p1a: Great Tusk
|-damage|p1a: Great Tusk|29/100 psn
|move|p1a: Great Tusk|Rapid Spin|p2a: Iron Moth
|-immune|p2a: Iron Moth
|
|-heal|p1a: Great Tusk|35/100 psn|[from] item: Leftovers
|-damage|p1a: Great Tusk|23/100 psn|[from] psn
|upkeep
|turn|24
|
|t:|1779717674
|move|p2a: Iron Moth|Fiery Dance|p1a: Great Tusk
|-damage|p1a: Great Tusk|0 fnt
|faint|p1a: Great Tusk
|-end|p1a: Great Tusk|Protosynthesis|[silent]
|
|upkeep
|
|t:|1779717677
|switch|p1a: Dragonite|Dragonite, M, tera:Fire|88/100
|-status|p1a: Dragonite|tox
|turn|25
|
|t:|1779717697
|-end|p2a: Iron Moth|Quark Drive|[silent]
|switch|p2a: Landorus|Landorus-Therian, M|100/100
|-damage|p2a: Landorus|88/100|[from] Stealth Rock
|-ability|p2a: Landorus|Intimidate|boost
|-unboost|p1a: Dragonite|atk|1
|move|p1a: Dragonite|Fire Punch|p2a: Landorus
|-damage|p2a: Landorus|60/100
|-damage|p1a: Dragonite|72/100 tox|[from] item: Rocky Helmet|[of] p2a: Landorus
|
|-damage|p1a: Dragonite|66/100 tox|[from] psn
|upkeep
|turn|26
|
|t:|1779717703
|move|p1a: Dragonite|Fire Punch|p2a: Landorus
|-damage|p2a: Landorus|32/100
|-status|p2a: Landorus|brn
|-damage|p1a: Dragonite|49/100 tox|[from] item: Rocky Helmet|[of] p2a: Landorus
|move|p2a: Landorus|Stealth Rock|p1a: Dragonite
|-sidestart|p1: ihateseaking|move: Stealth Rock
|
|-damage|p1a: Dragonite|37/100 tox|[from] psn
|-damage|p2a: Landorus|26/100 brn|[from] brn
|upkeep
|turn|27
|c|☆ihateseaking|ok lol
|c|☆ihateseaking|thats mb
|
|t:|1779717716
|move|p1a: Dragonite|Fire Punch|p2a: Landorus
|-damage|p2a: Landorus|0 fnt
|-damage|p1a: Dragonite|21/100 tox|[from] item: Rocky Helmet|[of] p2a: Landorus
|faint|p2a: Landorus
|
|-damage|p1a: Dragonite|2/100 tox|[from] psn
|upkeep
|
|t:|1779717721
|switch|p2a: Ogerpon|Ogerpon, F|100/100
|turn|28
|
|t:|1779717724
|move|p1a: Dragonite|Fire Punch|p2a: Ogerpon
|-supereffective|p2a: Ogerpon
|-damage|p2a: Ogerpon|17/100
|move|p2a: Ogerpon|Leech Seed|p1a: Dragonite
|-start|p1a: Dragonite|move: Leech Seed
|
|-damage|p1a: Dragonite|0 fnt|[from] Leech Seed|[of] p2a: Ogerpon
|-heal|p2a: Ogerpon|18/100|[silent]
|faint|p1a: Dragonite
|upkeep
|
|t:|1779717727
|switch|p1a: Dondozo|Dondozo, M|89/100
|-status|p1a: Dondozo|tox
|-damage|p1a: Dondozo|77/100 tox|[from] Stealth Rock
|turn|29
|
|t:|1779717736
|move|p2a: Ogerpon|Ivy Cudgel|p1a: Dondozo
|-supereffective|p1a: Dondozo
|-damage|p1a: Dondozo|12/100 tox
|move|p1a: Dondozo|Curse|p1a: Dondozo
|-unboost|p1a: Dondozo|spe|1
|-boost|p1a: Dondozo|atk|1
|-boost|p1a: Dondozo|def|1
|
|-damage|p1a: Dondozo|6/100 tox|[from] psn
|upkeep
|turn|30
|
|t:|1779717745
|move|p2a: Ogerpon|Encore|p1a: Dondozo
|-start|p1a: Dondozo|Encore
|move|p1a: Dondozo|Curse|p1a: Dondozo
|-unboost|p1a: Dondozo|spe|1
|-boost|p1a: Dondozo|atk|1
|-boost|p1a: Dondozo|def|1
|
|-damage|p1a: Dondozo|0 fnt|[from] psn
|faint|p1a: Dondozo
|upkeep
|
|t:|1779717747
|switch|p1a: Heatran|Heatran, M|54/100
|-damage|p1a: Heatran|42/100|[from] Stealth Rock
|turn|31
|
|t:|1779717755
|move|p2a: Ogerpon|Leech Seed|p1a: Heatran
|-start|p1a: Heatran|move: Leech Seed
|move|p1a: Heatran|Magma Storm|p2a: Ogerpon
|-supereffective|p2a: Ogerpon
|-damage|p2a: Ogerpon|0 fnt
|faint|p2a: Ogerpon
|
|upkeep
|
|t:|1779717757
|switch|p2a: Iron Moth|Iron Moth, shiny, tera:Ghost|76/100
|-damage|p2a: Iron Moth|63/100|[from] Stealth Rock
|turn|32
|
|t:|1779717760
|move|p2a: Iron Moth|Fiery Dance|p1a: Heatran
|-damage|p1a: Heatran|6/100
|move|p1a: Heatran|Magma Storm|p2a: Iron Moth
|-damage|p2a: Iron Moth|10/100
|-activate|p2a: Iron Moth|move: Magma Storm|[of] p1a: Heatran
|
|-damage|p1a: Heatran|0 fnt|[from] Leech Seed|[of] p2a: Iron Moth
|-heal|p2a: Iron Moth|17/100|[silent]
|faint|p1a: Heatran
|
|win|929Z
|raw|ihateseaking's rating: 1334 &rarr; <strong>1317</strong><br />(-17 for losing)
|raw|929Z's rating: 1387 &rarr; <strong>1404</strong><br />(+17 for winning)
|c|☆929Z|oh wow
|c|☆ihateseaking|unlucky bro
|c|☆929Z|no
|c|☆ihateseaking|but gg
|c|☆929Z|i
|c|☆929Z|finally
|c|☆929Z|completed my challenge lmao
|c|☆ihateseaking|i mean the para
|l|☆ihateseaking
|player|p1|
|c|☆929Z|ive had 10x worse stuff literally today already its chill
