|j|☆Ash pikatchu
|j|☆KaiZX49
|t:|1779568510
|gametype|singles
|player|p1|Ash pikatchu|2|1256
|player|p2|KaiZX49|youngster|1232
|gen|9
|tier|[Gen 9] OU
|rated|
|rule|HP Percentage Mod: HP is shown in percentages
|rule|Endless Battle Clause: Forcing endless battles is banned
|rule|Species Clause: Limit one of each Pokémon
|rule|OHKO Clause: OHKO moves are banned
|rule|Evasion Items Clause: Evasion items are banned
|rule|Evasion Moves Clause: Evasion moves are banned
|rule|Evasion Abilities Clause: Evasion abilities are banned
|rule|Sleep Moves Clause: Sleep-inducing moves are banned
|clearpoke
|poke|p1|Munchlax, F|
|poke|p1|Clefable, F|
|poke|p1|Haxorus, M|
|poke|p1|Hitmonlee, M|
|poke|p1|Cinderace, F|
|poke|p1|Revavroom, M|
|poke|p2|Skarmory, F|
|poke|p2|Iron Boulder|
|poke|p2|Clodsire, F|
|poke|p2|Rotom-Wash|
|poke|p2|Gengar, F|
|poke|p2|Cinderace, M|
|teampreview
|inactive|Battle timer is ON: inactive players will automatically lose when time's up. (requested by KaiZX49)
|
|t:|1779568540
|teamsize|p1|6
|teamsize|p2|6
|start
|switch|p1a: Haxorus|Haxorus, M, shiny|100/100
|switch|p2a: Gengar|Gengar, F|100/100
|-ability|p1a: Haxorus|Mold Breaker
|turn|1
|
|t:|1779568547
|move|p2a: Gengar|Trick|p1a: Haxorus
|-activate|p2a: Gengar|move: Trick|[of] p1a: Haxorus
|-item|p1a: Haxorus|Choice Scarf|[from] move: Trick
|-item|p2a: Gengar|Focus Sash|[from] move: Trick
|move|p1a: Haxorus|Dragon Dance|p1a: Haxorus
|-boost|p1a: Haxorus|atk|1
|-boost|p1a: Haxorus|spe|1
|
|upkeep
|turn|2
|
|t:|1779568558
|switch|p1a: Clefable|Clefable, F, shiny|100/100
|move|p2a: Gengar|Shadow Ball|p1a: Clefable
|-damage|p1a: Clefable|58/100
|
|upkeep
|turn|3
|
|t:|1779568568
|move|p2a: Gengar|Sludge Wave|p1a: Clefable
|-supereffective|p1a: Clefable
|-damage|p1a: Clefable|0 fnt
|faint|p1a: Clefable
|
|upkeep
|
|t:|1779568578
|switch|p1a: Cinderace|Cinderace, F, shiny|100/100
|turn|4
|
|t:|1779568585
|move|p1a: Cinderace|Zen Headbutt|p2a: Gengar
|-start|p1a: Cinderace|typechange|Psychic|[from] ability: Libero
|-supereffective|p2a: Gengar
|-enditem|p2a: Gengar|Focus Sash
|-damage|p2a: Gengar|1/100
|move|p2a: Gengar|Sludge Wave|p1a: Cinderace
|-damage|p1a: Cinderace|34/100
|
|upkeep
|turn|5
|
|t:|1779568595
|switch|p2a: Skarmory|Skarmory, F|100/100
|move|p1a: Cinderace|U-turn|p2a: Skarmory
|-resisted|p2a: Skarmory
|-damage|p2a: Skarmory|97/100
|-damage|p1a: Cinderace|17/100|[from] item: Rocky Helmet|[of] p2a: Skarmory
|
|t:|1779568612
|switch|p1a: Hitmonlee|Hitmonlee, M, shiny|100/100|[from] U-turn
|
|upkeep
|turn|6
|
|t:|1779568619
|move|p1a: Hitmonlee|Endure|p1a: Hitmonlee
|-singleturn|p1a: Hitmonlee|move: Endure
|move|p2a: Skarmory|Whirlwind|p1a: Hitmonlee
|drag|p1a: Munchlax|Munchlax, F, shiny|100/100
|
|upkeep
|turn|7
|
|t:|1779568625
|move|p2a: Skarmory|Stealth Rock|p1a: Munchlax
|-sidestart|p1: Ash pikatchu|move: Stealth Rock
|move|p1a: Munchlax|Body Slam|p2a: Skarmory
|-resisted|p2a: Skarmory
|-damage|p2a: Skarmory|90/100
|-damage|p1a: Munchlax|84/100|[from] item: Rocky Helmet|[of] p2a: Skarmory
|
|upkeep
|turn|8
|
|t:|1779568633
|move|p2a: Skarmory|Body Press|p1a: Munchlax
|-supereffective|p1a: Munchlax
|-damage|p1a: Munchlax|39/100
|move|p1a: Munchlax|Body Slam|p2a: Skarmory
|-resisted|p2a: Skarmory
|-damage|p2a: Skarmory|82/100
|-damage|p1a: Munchlax|22/100|[from] item: Rocky Helmet|[of] p2a: Skarmory
|
|upkeep
|turn|9
|
|t:|1779568642
|move|p2a: Skarmory|Body Press|p1a: Munchlax
|-supereffective|p1a: Munchlax
|-damage|p1a: Munchlax|0 fnt
|faint|p1a: Munchlax
|
|upkeep
|
|t:|1779568648
|switch|p1a: Cinderace|Cinderace, F, shiny|17/100
|turn|10
|
|t:|1779568656
|switch|p2a: Rotom|Rotom-Wash|100/100
|move|p1a: Cinderace|Court Change|p1a: Cinderace
|-start|p1a: Cinderace|typechange|Normal|[from] ability: Libero
|-swapsideconditions
|-activate|p1a: Cinderace|move: Court Change
|
|upkeep
|turn|11
|
|t:|1779568670
|move|p1a: Cinderace|Zen Headbutt|p2a: Rotom|[miss]
|-miss|p1a: Cinderace|p2a: Rotom
|move|p2a: Rotom|Volt Switch|p1a: Cinderace
|-damage|p1a: Cinderace|0 fnt
|faint|p1a: Cinderace
|
|t:|1779568678
|switch|p2a: Cinderace|Cinderace, M|100/100|[from] Volt Switch
|
|upkeep
|
|t:|1779568689
|switch|p1a: Revavroom|Revavroom, M, shiny|100/100
|turn|12
|
|t:|1779568702
|move|p2a: Cinderace|Pyro Ball|p1a: Revavroom
|-supereffective|p1a: Revavroom
|-damage|p1a: Revavroom|0 fnt
|faint|p1a: Revavroom
|
|upkeep
|
|t:|1779568708
|switch|p1a: Haxorus|Haxorus, M, shiny|100/100
|-ability|p1a: Haxorus|Mold Breaker
|turn|13
|
|t:|1779568714
|move|p1a: Haxorus|Dragon Claw|p2a: Cinderace
|-damage|p2a: Cinderace|24/100
|move|p2a: Cinderace|Will-O-Wisp|p1a: Haxorus
|-status|p1a: Haxorus|brn
|
|-damage|p1a: Haxorus|95/100 brn|[from] brn
|upkeep
|turn|14
|-message|Ash pikatchu forfeited.
|
|win|KaiZX49
|raw|Ash pikatchu's rating: 1256 &rarr; <strong>1229</strong><br />(-27 for losing)
|raw|KaiZX49's rating: 1232 &rarr; <strong>1259</strong><br />(+27 for winning)
|l|☆Ash pikatchu
|player|p1|
|l|☆KaiZX49
|player|p2|
