|j|☆PiggLad
|j|‽GyaradosDragon
|t:|1779603873
|gametype|singles
|player|p1|PiggLad|grimsley-gen7|1739
|player|p2|GyaradosDragon|rocketgrunt|1734
|gen|9
|tier|[Gen 9] OU
|rated|
|rule|HP Percentage Mod: HP is shown in percentages
|rule|Endless Battle Clause: Forcing endless battles is banned
|rule|Species Clause: Limit one of each Pokémon
|rule|OHKO Clause: OHKO moves are banned
|rule|Evasion Items Clause: Evasion items are banned
|rule|Evasion Moves Clause: Evasion moves are banned
|rule|Evasion Abilities Clause: Evasion abilities are banned
|rule|Sleep Moves Clause: Sleep-inducing moves are banned
|clearpoke
|poke|p1|Tyranitar, M|
|poke|p1|Hydrapple, M|
|poke|p1|Enamorus, F|
|poke|p1|Garganacl, F|
|poke|p1|Excadrill, M|
|poke|p1|Alomomola, F|
|poke|p2|Ninetales-Alola, F|
|poke|p2|Klefki, F|
|poke|p2|Maushold-Four|
|poke|p2|Latias, F|
|poke|p2|Okidogi, M|
|poke|p2|Kyurem|
|teampreview
|inactive|Battle timer is ON: inactive players will automatically lose when time's up. (requested by GyaradosDragon)
|
|t:|1779603886
|teamsize|p1|6
|teamsize|p2|6
|start
|switch|p1a: Jevils To This|Garganacl, F, shiny|100/100
|switch|p2a: Klefki|Klefki, F|100/100
|turn|1
|
|t:|1779603889
|move|p2a: Klefki|Reflect|p2a: Klefki
|-sidestart|p2: GyaradosDragon|Reflect
|move|p1a: Jevils To This|Salt Cure|p2a: Klefki
|-resisted|p2a: Klefki
|-damage|p2a: Klefki|97/100
|-start|p2a: Klefki|Salt Cure
|
|-damage|p2a: Klefki|72/100|[from] Salt Cure
|upkeep
|turn|2
|
|t:|1779603894
|move|p2a: Klefki|Light Screen|p2a: Klefki
|-sidestart|p2: GyaradosDragon|move: Light Screen
|move|p1a: Jevils To This|Stealth Rock|p2a: Klefki
|-sidestart|p2: GyaradosDragon|move: Stealth Rock
|
|-damage|p2a: Klefki|48/100|[from] Salt Cure
|upkeep
|turn|3
|
|t:|1779603896
|move|p2a: Klefki|Spikes|p1a: Jevils To This
|-sidestart|p1: PiggLad|Spikes
|move|p1a: Jevils To This|Salt Cure|p2a: Klefki
|-resisted|p2a: Klefki
|-damage|p2a: Klefki|44/100
|
|-damage|p2a: Klefki|19/100|[from] Salt Cure
|upkeep
|turn|4
|
|t:|1779603899
|switch|p1a: ExGon'SpinIntoYa|Excadrill, M|100/100
|-damage|p1a: ExGon'SpinIntoYa|88/100|[from] Spikes
|move|p2a: Klefki|Spikes|p1a: ExGon'SpinIntoYa
|-sidestart|p1: PiggLad|Spikes
|
|-heal|p1a: ExGon'SpinIntoYa|94/100|[from] item: Leftovers
|-damage|p2a: Klefki|0 fnt|[from] Salt Cure
|faint|p2a: Klefki
|upkeep
|
|t:|1779603909
|switch|p2a: Latias|Latias, F|100/100
|-damage|p2a: Latias|88/100|[from] Stealth Rock
|turn|5
|
|t:|1779603914
|move|p1a: ExGon'SpinIntoYa|Rapid Spin|p2a: Latias
|-damage|p2a: Latias|80/100
|-boost|p1a: ExGon'SpinIntoYa|spe|1
|-sideend|p1: PiggLad|Spikes|[from] move: Rapid Spin|[of] p1a: ExGon'SpinIntoYa
|move|p2a: Latias|Aura Sphere|p1a: ExGon'SpinIntoYa
|-supereffective|p1a: ExGon'SpinIntoYa
|-damage|p1a: ExGon'SpinIntoYa|24/100
|
|-heal|p1a: ExGon'SpinIntoYa|30/100|[from] item: Leftovers
|upkeep
|turn|6
|
|t:|1779603918
|switch|p1a: Alo Cortisol|Alomomola, F|100/100
|move|p2a: Latias|Calm Mind|p2a: Latias
|-boost|p2a: Latias|spa|1
|-boost|p2a: Latias|spd|1
|
|upkeep
|turn|7
|
|t:|1779603919
|move|p2a: Latias|Agility|p2a: Latias
|-boost|p2a: Latias|spe|2
|move|p1a: Alo Cortisol|Flip Turn|p2a: Latias
|-resisted|p2a: Latias
|-damage|p2a: Latias|76/100
|
|t:|1779603933
|switch|p1a: WhoBEdginTheyStone|Tyranitar, M|100/100|[from] Flip Turn
|-weather|Sandstorm|[from] ability: Sand Stream|[of] p1a: WhoBEdginTheyStone
|
|-weather|Sandstorm|[upkeep]
|-damage|p2a: Latias|70/100|[from] Sandstorm
|upkeep
|turn|8
|
|t:|1779603935
|move|p2a: Latias|Aura Sphere|p1a: WhoBEdginTheyStone
|-supereffective|p1a: WhoBEdginTheyStone
|-damage|p1a: WhoBEdginTheyStone|0 fnt
|faint|p1a: WhoBEdginTheyStone
|
|-weather|Sandstorm|[upkeep]
|-damage|p2a: Latias|64/100|[from] Sandstorm
|-sideend|p2: GyaradosDragon|Reflect
|upkeep
|
|t:|1779603954
|switch|p1a: Jevils To This|Garganacl, F, shiny|100/100
|turn|9
|
|t:|1779603957
|move|p2a: Latias|Stored Power|p1a: Jevils To This
|-damage|p1a: Jevils To This|65/100
|move|p1a: Jevils To This|Salt Cure|p2a: Latias
|-damage|p2a: Latias|50/100
|-start|p2a: Latias|Salt Cure
|
|-weather|Sandstorm|[upkeep]
|-damage|p2a: Latias|44/100|[from] Sandstorm
|-heal|p1a: Jevils To This|71/100|[from] item: Leftovers
|-damage|p2a: Latias|31/100|[from] Salt Cure
|-sideend|p2: GyaradosDragon|move: Light Screen
|upkeep
|turn|10
|
|t:|1779603961
|move|p2a: Latias|Calm Mind|p2a: Latias
|-boost|p2a: Latias|spa|1
|-boost|p2a: Latias|spd|1
|move|p1a: Jevils To This|Recover|p1a: Jevils To This
|-heal|p1a: Jevils To This|100/100
|
|-weather|Sandstorm|[upkeep]
|-damage|p2a: Latias|25/100|[from] Sandstorm
|-damage|p2a: Latias|13/100|[from] Salt Cure
|upkeep
|turn|11
|
|t:|1779603963
|move|p1a: Jevils To This|Protect|p1a: Jevils To This
|-singleturn|p1a: Jevils To This|Protect
|move|p2a: Latias|Stored Power|p1a: Jevils To This
|-activate|p1a: Jevils To This|move: Protect
|
|-weather|none
|-damage|p2a: Latias|1/100|[from] Salt Cure
|upkeep
|turn|12
|
|t:|1779603969
|switch|p1a: Alo Cortisol|Alomomola, F|100/100
|move|p2a: Latias|Stored Power|p1a: Alo Cortisol
|-damage|p1a: Alo Cortisol|25/100
|
|-damage|p2a: Latias|0 fnt|[from] Salt Cure
|faint|p2a: Latias
|upkeep
|
|t:|1779603971
|switch|p2a: Maushold|Maushold-Four|100/100
|-damage|p2a: Maushold|88/100|[from] Stealth Rock
|turn|13
|
|t:|1779603974
|switch|p1a: Let The Goons Out|Hydrapple, M, shiny|100/100
|move|p2a: Maushold|Tidy Up|p2a: Maushold
|-sideend|p2: GyaradosDragon|Stealth Rock
|-activate|p2a: Maushold|move: Tidy Up
|-boost|p2a: Maushold|atk|1
|-boost|p2a: Maushold|spe|1
|
|upkeep
|turn|14
|
|t:|1779603978
|switch|p2a: Ninetales|Ninetales-Alola, F|100/100
|-weather|Snowscape|[from] ability: Snow Warning|[of] p2a: Ninetales
|move|p1a: Let The Goons Out|Giga Drain|p2a: Ninetales
|-damage|p2a: Ninetales|64/100
|
|-weather|Snowscape|[upkeep]
|upkeep
|turn|15
|
|t:|1779603980
|switch|p1a: Jevils To This|Garganacl, F, shiny|100/100
|move|p2a: Ninetales|Aurora Veil|p2a: Ninetales
|-sidestart|p2: GyaradosDragon|move: Aurora Veil
|
|-weather|Snowscape|[upkeep]
|upkeep
|turn|16
|
|t:|1779603984
|switch|p2a: Okidogi|Okidogi, M|100/100
|move|p1a: Jevils To This|Salt Cure|p2a: Okidogi
|-resisted|p2a: Okidogi
|-damage|p2a: Okidogi|98/100
|-start|p2a: Okidogi|Salt Cure
|
|-weather|Snowscape|[upkeep]
|-heal|p2a: Okidogi|100/100|[from] item: Leftovers
|-damage|p2a: Okidogi|88/100|[from] Salt Cure
|upkeep
|turn|17
|
|t:|1779604002
|switch|p1a: Alo Cortisol|Alomomola, F|58/100
|move|p2a: Okidogi|Bulk Up|p2a: Okidogi
|-boost|p2a: Okidogi|atk|1
|-boost|p2a: Okidogi|def|1
|
|-weather|Snowscape|[upkeep]
|-heal|p2a: Okidogi|94/100|[from] item: Leftovers
|-damage|p2a: Okidogi|82/100|[from] Salt Cure
|upkeep
|turn|18
|
|t:|1779604006
|move|p2a: Okidogi|Bulk Up|p2a: Okidogi
|-boost|p2a: Okidogi|atk|1
|-boost|p2a: Okidogi|def|1
|move|p1a: Alo Cortisol|Scald|p2a: Okidogi
|-damage|p2a: Okidogi|75/100
|-status|p2a: Okidogi|brn
|
|-weather|none
|-heal|p2a: Okidogi|81/100 brn|[from] item: Leftovers
|-damage|p2a: Okidogi|75/100 brn|[from] brn
|-damage|p2a: Okidogi|63/100 brn|[from] Salt Cure
|upkeep
|turn|19
|
|t:|1779604010
|move|p2a: Okidogi|Facade|p1a: Alo Cortisol
|-damage|p1a: Alo Cortisol|0 fnt
|faint|p1a: Alo Cortisol
|
|-heal|p2a: Okidogi|69/100 brn|[from] item: Leftovers
|-damage|p2a: Okidogi|63/100 brn|[from] brn
|-damage|p2a: Okidogi|50/100 brn|[from] Salt Cure
|upkeep
|inactive|PiggLad has 120 seconds left.
|
|t:|1779604051
|switch|p1a: Jevils To This|Garganacl, F, shiny|100/100
|turn|20
|
|t:|1779604054
|move|p1a: Jevils To This|Protect|p1a: Jevils To This
|-singleturn|p1a: Jevils To This|Protect
|move|p2a: Okidogi|Bulk Up|p2a: Okidogi
|-boost|p2a: Okidogi|atk|1
|-boost|p2a: Okidogi|def|1
|
|-heal|p2a: Okidogi|56/100 brn|[from] item: Leftovers
|-damage|p2a: Okidogi|50/100 brn|[from] brn
|-damage|p2a: Okidogi|38/100 brn|[from] Salt Cure
|upkeep
|turn|21
|
|t:|1779604062
|-terastallize|p1a: Jevils To This|Fairy
|move|p2a: Okidogi|Drain Punch|p1a: Jevils To This
|-resisted|p1a: Jevils To This
|-damage|p1a: Jevils To This|84/100
|-heal|p2a: Okidogi|47/100 brn|[from] drain|[of] p1a: Jevils To This
|move|p1a: Jevils To This|Stealth Rock|p2a: Okidogi
|-sidestart|p2: GyaradosDragon|move: Stealth Rock
|
|-heal|p2a: Okidogi|53/100 brn|[from] item: Leftovers
|-heal|p1a: Jevils To This|90/100|[from] item: Leftovers
|-damage|p2a: Okidogi|47/100 brn|[from] brn
|-damage|p2a: Okidogi|34/100 brn|[from] Salt Cure
|upkeep
|turn|22
|
|t:|1779604070
|move|p1a: Jevils To This|Protect|p1a: Jevils To This
|-singleturn|p1a: Jevils To This|Protect
|move|p2a: Okidogi|Bulk Up|p2a: Okidogi
|-boost|p2a: Okidogi|atk|1
|-boost|p2a: Okidogi|def|1
|
|-heal|p2a: Okidogi|40/100 brn|[from] item: Leftovers
|-heal|p1a: Jevils To This|97/100|[from] item: Leftovers
|-damage|p2a: Okidogi|34/100 brn|[from] brn
|-damage|p2a: Okidogi|22/100 brn|[from] Salt Cure
|-sideend|p2: GyaradosDragon|move: Aurora Veil
|upkeep
|turn|23
|
|t:|1779604091
|move|p2a: Okidogi|Facade|p1a: Jevils To This
|-damage|p1a: Jevils To This|0 fnt
|faint|p1a: Jevils To This
|
|-heal|p2a: Okidogi|28/100 brn|[from] item: Leftovers
|-damage|p2a: Okidogi|22/100 brn|[from] brn
|-damage|p2a: Okidogi|9/100 brn|[from] Salt Cure
|upkeep
|j| ArtistsRendition
|
|t:|1779604103
|switch|p1a: ExGon'SpinIntoYa|Excadrill, M|30/100
|turn|24
|
|t:|1779604106
|move|p1a: ExGon'SpinIntoYa|Rapid Spin|p2a: Okidogi
|-damage|p2a: Okidogi|5/100 brn
|-boost|p1a: ExGon'SpinIntoYa|spe|1
|move|p2a: Okidogi|Drain Punch|p1a: ExGon'SpinIntoYa
|-supereffective|p1a: ExGon'SpinIntoYa
|-damage|p1a: ExGon'SpinIntoYa|0 fnt
|-heal|p2a: Okidogi|19/100 brn|[from] drain|[of] p1a: ExGon'SpinIntoYa
|faint|p1a: ExGon'SpinIntoYa
|
|-heal|p2a: Okidogi|25/100 brn|[from] item: Leftovers
|-damage|p2a: Okidogi|19/100 brn|[from] brn
|-damage|p2a: Okidogi|7/100 brn|[from] Salt Cure
|upkeep
|
|t:|1779604112
|switch|p1a: Larpin Diddy Foid|Enamorus, F|100/100
|turn|25
|
|t:|1779604116
|move|p1a: Larpin Diddy Foid|Moonblast|p2a: Okidogi
|-damage|p2a: Okidogi|0 fnt
|faint|p2a: Okidogi
|
|upkeep
|
|t:|1779604128
|switch|p2a: Maushold|Maushold-Four|88/100
|-damage|p2a: Maushold|76/100|[from] Stealth Rock
|turn|26
|
|t:|1779604132
|move|p1a: Larpin Diddy Foid|Moonblast|p2a: Maushold
|-damage|p2a: Maushold|0 fnt
|faint|p2a: Maushold
|
|upkeep
|
|t:|1779604134
|switch|p2a: Ninetales|Ninetales-Alola, F|64/100
|-damage|p2a: Ninetales|39/100|[from] Stealth Rock
|-weather|Snowscape|[from] ability: Snow Warning|[of] p2a: Ninetales
|turn|27
|
|t:|1779604136
|move|p1a: Larpin Diddy Foid|Moonblast|p2a: Ninetales
|-damage|p2a: Ninetales|0 fnt
|faint|p2a: Ninetales
|
|-weather|Snowscape|[upkeep]
|upkeep
|
|t:|1779604139
|switch|p2a: Kyurem|Kyurem, shiny|100/100
|-damage|p2a: Kyurem|76/100|[from] Stealth Rock
|-ability|p2a: Kyurem|Pressure
|turn|28
|
|t:|1779604148
|-terastallize|p2a: Kyurem|Ground
|move|p1a: Larpin Diddy Foid|Moonblast|p2a: Kyurem
|-damage|p2a: Kyurem|27/100
|-unboost|p2a: Kyurem|spa|1
|move|p2a: Kyurem|Freeze-Dry|p1a: Larpin Diddy Foid
|-supereffective|p1a: Larpin Diddy Foid
|-damage|p1a: Larpin Diddy Foid|26/100
|
|-weather|Snowscape|[upkeep]
|upkeep
|turn|29
|
|t:|1779604152
|move|p1a: Larpin Diddy Foid|Moonblast|p2a: Kyurem
|-damage|p2a: Kyurem|0 fnt
|faint|p2a: Kyurem
|
|win|PiggLad
|raw|PiggLad's rating: 1739 &rarr; <strong>1759</strong><br />(+20 for winning)
|raw|GyaradosDragon's rating: 1734 &rarr; <strong>1714</strong><br />(-20 for losing)
|l|‽GyaradosDragon
|player|p2|
|l|☆PiggLad
|player|p1|
|l| ArtistsRendition
