|j|☆lilpoem
|j|☆loomiboi2
|t:|1779596103
|gametype|singles
|player|p1|lilpoem|pokefanf-gen4|1294
|player|p2|loomiboi2|101|1342
|gen|9
|tier|[Gen 9] OU
|rated|
|rule|HP Percentage Mod: HP is shown in percentages
|rule|Endless Battle Clause: Forcing endless battles is banned
|rule|Species Clause: Limit one of each Pokémon
|rule|OHKO Clause: OHKO moves are banned
|rule|Evasion Items Clause: Evasion items are banned
|rule|Evasion Moves Clause: Evasion moves are banned
|rule|Evasion Abilities Clause: Evasion abilities are banned
|rule|Sleep Moves Clause: Sleep-inducing moves are banned
|clearpoke
|poke|p1|Okidogi, M|
|poke|p1|Iron Hands|
|poke|p1|Zamazenta-*|
|poke|p1|Iron Valiant|
|poke|p1|Keldeo|
|poke|p1|Quaquaval, F|
|poke|p2|Alomomola, M|
|poke|p2|Slowking-Galar, F|
|poke|p2|Hydrapple, F|
|poke|p2|Dragapult, F|
|poke|p2|Great Tusk|
|poke|p2|Darkrai|
|teampreview
|inactive|Battle timer is ON: inactive players will automatically lose when time's up. (requested by lilpoem)
|
|t:|1779596152
|teamsize|p1|6
|teamsize|p2|6
|start
|switch|p1a: Okidoge|Okidogi, M|100/100
|switch|p2a: Dragapult|Dragapult, F|100/100
|turn|1
|
|t:|1779596158
|move|p2a: Dragapult|Will-O-Wisp|p1a: Okidoge
|-status|p1a: Okidoge|brn
|move|p1a: Okidoge|Fling|p2a: Dragapult
|-supereffective|p2a: Dragapult
|-damage|p2a: Dragapult|84/100
|-status|p2a: Dragapult|par
|-enditem|p1a: Okidoge|Light Ball|[from] move: Fling
|
|-damage|p1a: Okidoge|94/100 brn|[from] brn
|upkeep
|turn|2
|
|t:|1779596167
|move|p2a: Dragapult|Hex|p1a: Okidoge
|-damage|p1a: Okidoge|42/100 brn
|move|p1a: Okidoge|Knock Off|p2a: Dragapult
|-supereffective|p2a: Dragapult
|-damage|p2a: Dragapult|35/100 par
|-enditem|p2a: Dragapult|Heavy-Duty Boots|[from] move: Knock Off|[of] p1a: Okidoge
|
|-damage|p1a: Okidoge|36/100 brn|[from] brn
|upkeep
|turn|3
|c|☆loomiboi2|what kind of forbidden tech is this
|
|t:|1779596174
|move|p2a: Dragapult|U-turn|p1a: Okidoge
|-resisted|p1a: Okidoge
|-damage|p1a: Okidoge|32/100 brn
|
|t:|1779596177
|switch|p2a: Alomomola|Alomomola, M|100/100|[from] U-turn
|move|p1a: Okidoge|Ice Punch|p2a: Alomomola
|-resisted|p2a: Alomomola
|-damage|p2a: Alomomola|97/100
|
|-damage|p1a: Okidoge|26/100 brn|[from] brn
|upkeep
|turn|4
|
|t:|1779596181
|move|p1a: Okidoge|Drain Punch|p2a: Alomomola
|-damage|p2a: Alomomola|85/100
|-heal|p1a: Okidoge|34/100 brn|[from] drain|[of] p2a: Alomomola
|-status|p2a: Alomomola|tox|[from] ability: Toxic Chain|[of] p1a: Okidoge
|move|p2a: Alomomola|Wish|p2a: Alomomola
|
|-damage|p2a: Alomomola|79/100 tox|[from] psn
|-damage|p1a: Okidoge|28/100 brn|[from] brn
|upkeep
|turn|5
|
|t:|1779596185
|switch|p1a: Iron Hands|Iron Hands|100/100
|-enditem|p1a: Iron Hands|Booster Energy
|-activate|p1a: Iron Hands|ability: Quark Drive|[fromitem]
|-start|p1a: Iron Hands|quarkdriveatk
|move|p2a: Alomomola|Flip Turn|p1a: Iron Hands
|-damage|p1a: Iron Hands|90/100
|
|t:|1779596187
|switch|p2a: Dragapult|Dragapult, F|35/100 par|[from] Flip Turn
|
|-heal|p2a: Dragapult|100/100 par|[from] move: Wish|[wisher] Alomomola
|upkeep
|turn|6
|
|t:|1779596191
|move|p2a: Dragapult|Will-O-Wisp|p1a: Iron Hands
|-status|p1a: Iron Hands|brn
|move|p1a: Iron Hands|Ice Punch|p2a: Dragapult
|-supereffective|p2a: Dragapult
|-damage|p2a: Dragapult|44/100 par
|
|-damage|p1a: Iron Hands|83/100 brn|[from] brn
|upkeep
|turn|7
|
|t:|1779596200
|switch|p2a: Alomomola|Alomomola, M|100/100 tox
|move|p1a: Iron Hands|Wild Charge|p2a: Alomomola
|-supereffective|p2a: Alomomola
|-damage|p2a: Alomomola|62/100 tox
|-damage|p1a: Iron Hands|72/100 brn|[from] Recoil
|
|-damage|p2a: Alomomola|56/100 tox|[from] psn
|-damage|p1a: Iron Hands|66/100 brn|[from] brn
|upkeep
|turn|8
|
|t:|1779596205
|move|p1a: Iron Hands|Wild Charge|p2a: Alomomola
|-supereffective|p2a: Alomomola
|-damage|p2a: Alomomola|17/100 tox
|-damage|p1a: Iron Hands|55/100 brn|[from] Recoil
|move|p2a: Alomomola|Wish|p2a: Alomomola
|
|-damage|p2a: Alomomola|5/100 tox|[from] psn
|-damage|p1a: Iron Hands|49/100 brn|[from] brn
|upkeep
|turn|9
|
|t:|1779596211
|-end|p1a: Iron Hands|Quark Drive|[silent]
|switch|p1a: Quaquaval|Quaquaval, F|100/100
|move|p2a: Alomomola|Protect||[still]
|-fail|p2a: Alomomola
|
|-heal|p2a: Alomomola|55/100 tox|[from] move: Wish|[wisher] Alomomola
|-damage|p2a: Alomomola|36/100 tox|[from] psn
|upkeep
|turn|10
|
|t:|1779596219
|switch|p2a: Slowking|Slowking-Galar, F|100/100
|move|p1a: Quaquaval|Swords Dance|p1a: Quaquaval
|-boost|p1a: Quaquaval|atk|2
|
|upkeep
|turn|11
|
|t:|1779596225
|move|p1a: Quaquaval|Fling|p2a: Slowking
|-supereffective|p2a: Slowking
|-damage|p2a: Slowking|64/100
|-status|p2a: Slowking|par
|-enditem|p1a: Quaquaval|Light Ball|[from] move: Fling
|move|p2a: Slowking|Psyshock|p1a: Quaquaval
|-supereffective|p1a: Quaquaval
|-damage|p1a: Quaquaval|0 fnt
|faint|p1a: Quaquaval
|
|upkeep
|
|t:|1779596234
|switch|p1a: Dark Aura|Zamazenta|100/100
|-ability|p1a: Dark Aura|Dauntless Shield|boost
|-boost|p1a: Dark Aura|def|1
|turn|12
|c|☆loomiboi2|my sweet twin light ball is not the one
|
|t:|1779596243
|switch|p2a: Hydrapple|Hydrapple, F|100/100
|move|p1a: Dark Aura|Crunch|p2a: Hydrapple
|-damage|p2a: Hydrapple|85/100
|
|upkeep
|turn|13
|
|t:|1779596246
|move|p1a: Dark Aura|Ice Fang|p2a: Hydrapple
|-supereffective|p2a: Hydrapple
|-damage|p2a: Hydrapple|33/100
|move|p2a: Hydrapple|Nasty Plot|p2a: Hydrapple
|-boost|p2a: Hydrapple|spa|2
|
|upkeep
|turn|14
|
|t:|1779596251
|-terastallize|p2a: Hydrapple|Poison
|move|p1a: Dark Aura|Ice Fang|p2a: Hydrapple
|-crit|p2a: Hydrapple
|-damage|p2a: Hydrapple|14/100
|cant|p2a: Hydrapple|flinch
|
|upkeep
|turn|15
|
|t:|1779596257
|move|p1a: Dark Aura|Crunch|p2a: Hydrapple
|-damage|p2a: Hydrapple|0 fnt
|faint|p2a: Hydrapple
|
|upkeep
|c|☆loomiboi2|i guess bro
|c|☆loomiboi2|crit flinch
|
|t:|1779596270
|switch|p2a: Slowking|Slowking-Galar, F|98/100 par
|turn|16
|
|t:|1779596273
|move|p1a: Dark Aura|Crunch|p2a: Slowking
|-supereffective|p2a: Slowking
|-crit|p2a: Slowking
|-damage|p2a: Slowking|13/100 par
|move|p2a: Slowking|Psyshock|p1a: Dark Aura
|-supereffective|p1a: Dark Aura
|-damage|p1a: Dark Aura|51/100
|
|upkeep
|turn|17
|
|t:|1779596279
|switch|p2a: Alomomola|Alomomola, M|70/100 tox
|move|p1a: Dark Aura|Crunch|p2a: Alomomola
|-damage|p2a: Alomomola|53/100 tox
|
|-damage|p2a: Alomomola|47/100 tox|[from] psn
|upkeep
|turn|18
|
|t:|1779596284
|-terastallize|p1a: Dark Aura|Fighting
|move|p1a: Dark Aura|Close Combat|p2a: Alomomola
|-damage|p2a: Alomomola|5/100 tox
|-unboost|p1a: Dark Aura|def|1
|-unboost|p1a: Dark Aura|spd|1
|move|p2a: Alomomola|Flip Turn|p1a: Dark Aura
|-damage|p1a: Dark Aura|34/100
|
|t:|1779596289
|switch|p2a: Slowking|Slowking-Galar, F|47/100 par|[from] Flip Turn
|
|upkeep
|turn|19
|
|t:|1779596293
|switch|p2a: Darkrai|Darkrai|100/100
|move|p1a: Dark Aura|Crunch|p2a: Darkrai
|-resisted|p2a: Darkrai
|-damage|p2a: Darkrai|82/100
|
|-heal|p2a: Darkrai|88/100|[from] item: Leftovers
|upkeep
|turn|20
|
|t:|1779596298
|switch|p2a: Slowking|Slowking-Galar, F|80/100 par
|switch|p1a: Okidoge|Okidogi, M|28/100 brn
|
|-damage|p1a: Okidoge|22/100 brn|[from] brn
|upkeep
|turn|21
|
|t:|1779596303
|switch|p2a: Alomomola|Alomomola, M|38/100 tox
|move|p1a: Okidoge|Knock Off|p2a: Alomomola
|-damage|p2a: Alomomola|29/100 tox
|-enditem|p2a: Alomomola|Heavy-Duty Boots|[from] move: Knock Off|[of] p1a: Okidoge
|
|-damage|p2a: Alomomola|23/100 tox|[from] psn
|-damage|p1a: Okidoge|16/100 brn|[from] brn
|upkeep
|turn|22
|
|t:|1779596308
|move|p1a: Okidoge|Drain Punch|p2a: Alomomola
|-damage|p2a: Alomomola|12/100 tox
|-heal|p1a: Okidoge|24/100 brn|[from] drain|[of] p2a: Alomomola
|move|p2a: Alomomola|Wish|p2a: Alomomola
|
|-damage|p2a: Alomomola|0 fnt|[from] psn
|faint|p2a: Alomomola
|-damage|p1a: Okidoge|17/100 brn|[from] brn
|upkeep
|
|t:|1779596313
|switch|p2a: Dragapult|Dragapult, F|44/100 par
|turn|23
|
|t:|1779596335
|move|p2a: Dragapult|Hex|p1a: Okidoge
|-damage|p1a: Okidoge|0 fnt
|faint|p1a: Okidoge
|
|-heal|p2a: Dragapult|100/100 par|[from] move: Wish|[wisher] Alomomola
|upkeep
|inactive|lilpoem has 120 seconds left.
|
|t:|1779596353
|switch|p1a: Dark Aura|Zamazenta, tera:Fighting|34/100
|turn|24
|
|t:|1779596372
|switch|p2a: Great Tusk|Great Tusk|100/100
|move|p1a: Dark Aura|Crunch|p2a: Great Tusk
|-resisted|p2a: Great Tusk
|-damage|p2a: Great Tusk|90/100
|-unboost|p2a: Great Tusk|def|1
|
|upkeep
|turn|25
|
|t:|1779596378
|move|p1a: Dark Aura|Ice Fang|p2a: Great Tusk
|-supereffective|p2a: Great Tusk
|-damage|p2a: Great Tusk|37/100
|move|p2a: Great Tusk|Rapid Spin|p1a: Dark Aura
|-damage|p1a: Dark Aura|18/100
|-boost|p2a: Great Tusk|spe|1
|
|upkeep
|turn|26
|
|t:|1779596387
|switch|p1a: Iron Hands|Iron Hands|49/100 brn
|move|p2a: Great Tusk|Ice Spinner|p1a: Iron Hands
|-damage|p1a: Iron Hands|30/100 brn
|
|-damage|p1a: Iron Hands|24/100 brn|[from] brn
|upkeep
|turn|27
|
|t:|1779596392
|move|p1a: Iron Hands|Fake Out|p2a: Great Tusk
|-damage|p2a: Great Tusk|28/100
|cant|p2a: Great Tusk|flinch
|
|-damage|p1a: Iron Hands|17/100 brn|[from] brn
|upkeep
|turn|28
|
|t:|1779596397
|move|p2a: Great Tusk|Rapid Spin|p1a: Iron Hands
|-damage|p1a: Iron Hands|6/100 brn
|-boost|p2a: Great Tusk|spe|1
|move|p1a: Iron Hands|Ice Punch|p2a: Great Tusk
|-supereffective|p2a: Great Tusk
|-damage|p2a: Great Tusk|0 fnt
|faint|p2a: Great Tusk
|-end|p2a: Great Tusk|Protosynthesis|[silent]
|
|-damage|p1a: Iron Hands|0 fnt|[from] brn
|faint|p1a: Iron Hands
|-end|p1a: Iron Hands|Quark Drive|[silent]
|upkeep
|
|t:|1779596402
|switch|p2a: Dragapult|Dragapult, F|100/100 par
|switch|p1a: SOL TAKER|Iron Valiant|100/100
|-enditem|p1a: SOL TAKER|Booster Energy
|-activate|p1a: SOL TAKER|ability: Quark Drive|[fromitem]
|-start|p1a: SOL TAKER|quarkdrivespe
|turn|29
|
|t:|1779596406
|move|p1a: SOL TAKER|Moonblast|p2a: Dragapult
|-supereffective|p2a: Dragapult
|-damage|p2a: Dragapult|0 fnt
|faint|p2a: Dragapult
|
|upkeep
|
|t:|1779596409
|switch|p2a: Slowking|Slowking-Galar, F|100/100 par
|turn|30
|
|t:|1779596426
|-end|p1a: SOL TAKER|Quark Drive|[silent]
|switch|p1a: Dark Aura|Zamazenta, tera:Fighting|18/100
|move|p2a: Slowking|Psyshock|p1a: Dark Aura
|-supereffective|p1a: Dark Aura
|-damage|p1a: Dark Aura|0 fnt
|faint|p1a: Dark Aura
|
|upkeep
|
|t:|1779596432
|switch|p1a: Keldeo|Keldeo|100/100
|turn|31
|
|t:|1779596439
|move|p1a: Keldeo|Surf|p2a: Slowking
|-damage|p2a: Slowking|77/100 par
|move|p2a: Slowking|Psyshock|p1a: Keldeo
|-supereffective|p1a: Keldeo
|-damage|p1a: Keldeo|17/100
|
|upkeep
|turn|32
|
|t:|1779596446
|switch|p2a: Darkrai|Darkrai|88/100
|move|p1a: Keldeo|Surf|p2a: Darkrai
|-damage|p2a: Darkrai|20/100
|
|-heal|p2a: Darkrai|26/100|[from] item: Leftovers
|upkeep
|turn|33
|
|t:|1779596449
|move|p1a: Keldeo|Surf|p2a: Darkrai
|-damage|p2a: Darkrai|0 fnt
|faint|p2a: Darkrai
|
|upkeep
|
|t:|1779596452
|switch|p2a: Slowking|Slowking-Galar, F|100/100 par
|turn|34
|
|t:|1779596455
|move|p1a: Keldeo|Surf|p2a: Slowking
|-damage|p2a: Slowking|76/100 par
|move|p2a: Slowking|Psyshock|p1a: Keldeo
|-supereffective|p1a: Keldeo
|-damage|p1a: Keldeo|0 fnt
|faint|p1a: Keldeo
|
|upkeep
|
|t:|1779596458
|switch|p1a: SOL TAKER|Iron Valiant|100/100
|turn|35
|
|t:|1779596463
|move|p1a: SOL TAKER|Thunderbolt|p2a: Slowking
|-damage|p2a: Slowking|61/100 par
|move|p2a: Slowking|Sludge Bomb|p1a: SOL TAKER
|-supereffective|p1a: SOL TAKER
|-damage|p1a: SOL TAKER|0 fnt
|faint|p1a: SOL TAKER
|-end|p1a: SOL TAKER|Quark Drive|[silent]
|
|win|loomiboi2
|raw|lilpoem's rating: 1294 &rarr; <strong>1272</strong><br />(-22 for losing)
|raw|loomiboi2's rating: 1342 &rarr; <strong>1359</strong><br />(+17 for winning)
|l|☆lilpoem
|player|p1|
|l|☆loomiboi2
|player|p2|
