|j|☆Arrowee
|j|☆crum vrum
|t:|1779641785
|gametype|singles
|player|p1|Arrowee|lucas|1225
|player|p2|crum vrum|palmer|1209
|gen|9
|tier|[Gen 9] OU
|rated|
|rule|HP Percentage Mod: HP is shown in percentages
|rule|Endless Battle Clause: Forcing endless battles is banned
|rule|Species Clause: Limit one of each Pokémon
|rule|OHKO Clause: OHKO moves are banned
|rule|Evasion Items Clause: Evasion items are banned
|rule|Evasion Moves Clause: Evasion moves are banned
|rule|Evasion Abilities Clause: Evasion abilities are banned
|rule|Sleep Moves Clause: Sleep-inducing moves are banned
|clearpoke
|poke|p1|Mimikyu, F|
|poke|p1|Sinistcha-Masterpiece|
|poke|p1|Garchomp, M|
|poke|p1|Ninetales-Alola, M|
|poke|p1|Murkrow, M|
|poke|p1|Drednaw, F|
|poke|p2|Skeledirge, M|
|poke|p2|Hatterene, F|
|poke|p2|Landorus-Therian, M|
|poke|p2|Tyranitar, F|
|poke|p2|Kyurem|
|poke|p2|Ogerpon-Wellspring, F|
|teampreview
|
|t:|1779641804
|teamsize|p1|6
|teamsize|p2|6
|start
|switch|p1a: Murkrow|Murkrow, M|100/100
|switch|p2a: Landorus|Landorus-Therian, M|100/100
|-ability|p2a: Landorus|Intimidate|boost
|-unboost|p1a: Murkrow|atk|1
|turn|1
|inactive|Battle timer is ON: inactive players will automatically lose when time's up. (requested by Arrowee)
|
|t:|1779641814
|switch|p2a: Hatterene|Hatterene, F|100/100
|move|p1a: Murkrow|Perish Song|p1a: Murkrow
|-start|p1a: Murkrow|perish3|[silent]
|-start|p2a: Hatterene|perish3|[silent]
|-fieldactivate|move: Perish Song
|
|-start|p1a: Murkrow|perish3
|-start|p2a: Hatterene|perish3
|upkeep
|turn|2
|
|t:|1779641822
|move|p1a: Murkrow|Thunder Wave|p2a: Hatterene
|move|p2a: Hatterene|Thunder Wave|p1a: Murkrow|[from] ability: Magic Bounce
|-status|p1a: Murkrow|par
|move|p2a: Hatterene|Nuzzle|p1a: Murkrow
|-supereffective|p1a: Murkrow
|-damage|p1a: Murkrow|86/100 par
|
|-start|p1a: Murkrow|perish2
|-start|p2a: Hatterene|perish2
|upkeep
|turn|3
|inactive|Arrowee has 120 seconds left.
|
|t:|1779641854
|switch|p2a: Landorus|Landorus-Therian, M|100/100
|-ability|p2a: Landorus|Intimidate|boost
|-unboost|p1a: Murkrow|atk|1
|move|p1a: Murkrow|Tailwind|p1a: Murkrow
|-sidestart|p1: Arrowee|move: Tailwind
|
|-start|p1a: Murkrow|perish1
|upkeep
|turn|4
|inactive|Arrowee has 120 seconds left.
|
|t:|1779641867
|switch|p1a: Ninetales|Ninetales-Alola, M|100/100
|-weather|Snowscape|[from] ability: Snow Warning|[of] p1a: Ninetales
|move|p2a: Landorus|U-turn|p1a: Ninetales
|-resisted|p1a: Ninetales
|-damage|p1a: Ninetales|90/100
|
|t:|1779641874
|switch|p2a: Tyranitar|Tyranitar, F|100/100|[from] U-turn
|-weather|Sandstorm|[from] ability: Sand Stream|[of] p2a: Tyranitar
|
|-weather|Sandstorm|[upkeep]
|-damage|p1a: Ninetales|84/100|[from] Sandstorm
|upkeep
|turn|5
|
|t:|1779641881
|move|p1a: Ninetales|Aurora Veil||[still]
|-fail|p1a: Ninetales
|move|p2a: Tyranitar|Knock Off|p1a: Ninetales
|-resisted|p1a: Ninetales
|-damage|p1a: Ninetales|52/100
|-enditem|p1a: Ninetales|Light Clay|[from] move: Knock Off|[of] p2a: Tyranitar
|
|-weather|Sandstorm|[upkeep]
|-damage|p1a: Ninetales|46/100|[from] Sandstorm
|upkeep
|turn|6
|
|t:|1779641889
|move|p1a: Ninetales|Moonblast|p2a: Tyranitar
|-supereffective|p2a: Tyranitar
|-damage|p2a: Tyranitar|81/100
|-unboost|p2a: Tyranitar|spa|1
|move|p2a: Tyranitar|Rock Tomb|p1a: Ninetales
|-supereffective|p1a: Ninetales
|-damage|p1a: Ninetales|0 fnt
|faint|p1a: Ninetales
|
|-weather|Sandstorm|[upkeep]
|-sideend|p1: Arrowee|move: Tailwind
|upkeep
|
|t:|1779641898
|switch|p1a: Drednaw|Drednaw, F|100/100
|turn|7
|
|t:|1779641905
|switch|p2a: Skeledirge|Skeledirge, M|100/100
|move|p1a: Drednaw|Shell Smash|p1a: Drednaw
|-unboost|p1a: Drednaw|def|1
|-unboost|p1a: Drednaw|spd|1
|-boost|p1a: Drednaw|atk|2
|-boost|p1a: Drednaw|spa|2
|-boost|p1a: Drednaw|spe|2
|-enditem|p1a: Drednaw|White Herb
|-clearnegativeboost|p1a: Drednaw|[silent]
|
|-weather|Sandstorm|[upkeep]
|-damage|p2a: Skeledirge|94/100|[from] Sandstorm
|upkeep
|turn|8
|
|t:|1779641922
|-terastallize|p2a: Skeledirge|Grass
|move|p1a: Drednaw|Crunch|p2a: Skeledirge
|-damage|p2a: Skeledirge|70/100
|move|p2a: Skeledirge|Will-O-Wisp|p1a: Drednaw|[miss]
|-miss|p2a: Skeledirge|p1a: Drednaw
|
|-weather|none
|upkeep
|turn|9
|l|☆Arrowee
|inactive|Arrowee disconnected and has a minute to reconnect!
|player|p1|
|j|☆Arrowee
|inactive|Arrowee reconnected and has 120 seconds left.
|player|p1|Arrowee|lucas|
|
|t:|1779641954
|move|p1a: Drednaw|Ice Fang|p2a: Skeledirge
|-supereffective|p2a: Skeledirge
|-damage|p2a: Skeledirge|27/100
|-status|p2a: Skeledirge|frz
|-curestatus|p2a: Skeledirge|frz|[msg]
|move|p2a: Skeledirge|Slack Off|p2a: Skeledirge
|-heal|p2a: Skeledirge|77/100
|
|upkeep
|turn|10
|inactive|Arrowee has 120 seconds left.
|
|t:|1779641970
|move|p1a: Drednaw|Ice Fang|p2a: Skeledirge
|-supereffective|p2a: Skeledirge
|-damage|p2a: Skeledirge|36/100
|move|p2a: Skeledirge|Will-O-Wisp|p1a: Drednaw
|-status|p1a: Drednaw|brn
|
|-damage|p1a: Drednaw|94/100 brn|[from] brn
|upkeep
|turn|11
|inactive|Arrowee has 120 seconds left.
|
|t:|1779641978
|move|p1a: Drednaw|Ice Fang|p2a: Skeledirge
|-supereffective|p2a: Skeledirge
|-damage|p2a: Skeledirge|14/100
|cant|p2a: Skeledirge|flinch
|
|-damage|p1a: Drednaw|88/100 brn|[from] brn
|upkeep
|turn|12
|inactive|Arrowee has 120 seconds left.
|
|t:|1779641989
|move|p1a: Drednaw|Shell Smash|p1a: Drednaw
|-unboost|p1a: Drednaw|def|1
|-unboost|p1a: Drednaw|spd|1
|-boost|p1a: Drednaw|atk|2
|-boost|p1a: Drednaw|spa|2
|-boost|p1a: Drednaw|spe|2
|move|p2a: Skeledirge|Slack Off|p2a: Skeledirge
|-heal|p2a: Skeledirge|64/100
|
|-damage|p1a: Drednaw|82/100 brn|[from] brn
|upkeep
|turn|13
|
|t:|1779641997
|move|p1a: Drednaw|Ice Fang|p2a: Skeledirge
|-supereffective|p2a: Skeledirge
|-damage|p2a: Skeledirge|44/100
|move|p2a: Skeledirge|Slack Off|p2a: Skeledirge
|-heal|p2a: Skeledirge|94/100
|
|-damage|p1a: Drednaw|76/100 brn|[from] brn
|upkeep
|turn|14
|
|t:|1779642003
|move|p1a: Drednaw|Ice Fang|p2a: Skeledirge
|-supereffective|p2a: Skeledirge
|-damage|p2a: Skeledirge|72/100
|move|p2a: Skeledirge|Shadow Ball|p1a: Drednaw
|-damage|p1a: Drednaw|28/100 brn
|
|-damage|p1a: Drednaw|22/100 brn|[from] brn
|upkeep
|turn|15
|
|t:|1779642015
|move|p1a: Drednaw|Crunch|p2a: Skeledirge
|-damage|p2a: Skeledirge|59/100
|move|p2a: Skeledirge|Slack Off|p2a: Skeledirge
|-heal|p2a: Skeledirge|100/100
|
|-damage|p1a: Drednaw|15/100 brn|[from] brn
|upkeep
|turn|16
|
|t:|1779642022
|move|p1a: Drednaw|Crunch|p2a: Skeledirge
|-damage|p2a: Skeledirge|88/100
|move|p2a: Skeledirge|Shadow Ball|p1a: Drednaw
|-damage|p1a: Drednaw|0 fnt
|faint|p1a: Drednaw
|
|upkeep
|
|t:|1779642044
|switch|p1a: Murkrow|Murkrow, M|86/100 par
|turn|17
|
|t:|1779642059
|switch|p2a: Landorus|Landorus-Therian, M|100/100
|-ability|p2a: Landorus|Intimidate|boost
|-unboost|p1a: Murkrow|atk|1
|switch|p1a: Mimikyu|Mimikyu, F|100/100
|
|upkeep
|turn|18
|
|t:|1779642074
|move|p1a: Mimikyu|Swords Dance|p1a: Mimikyu
|-boost|p1a: Mimikyu|atk|2
|move|p2a: Landorus|U-turn|p1a: Mimikyu
|-activate|p1a: Mimikyu|ability: Disguise
|-damage|p1a: Mimikyu|100/100
|detailschange|p1a: Mimikyu|Mimikyu-Busted, F
|-damage|p1a: Mimikyu|88/100|[from] pokemon: Mimikyu-Busted
|
|t:|1779642083
|switch|p2a: Skeledirge|Skeledirge, M, tera:Grass|88/100|[from] U-turn
|
|upkeep
|turn|19
|
|t:|1779642099
|move|p1a: Mimikyu|Play Rough|p2a: Skeledirge
|-damage|p2a: Skeledirge|58/100
|-damage|p1a: Mimikyu|78/100|[from] item: Life Orb
|move|p2a: Skeledirge|Will-O-Wisp|p1a: Mimikyu
|-status|p1a: Mimikyu|brn
|
|-damage|p1a: Mimikyu|72/100 brn|[from] brn
|upkeep
|turn|20
|l|☆Arrowee
|inactive|Arrowee disconnected and has a minute to reconnect!
|player|p1|
|inactive|Arrowee has 30 seconds to reconnect!
|inactive|Arrowee has 20 seconds to reconnect!
|inactive|Arrowee has 15 seconds to reconnect!
|inactive|Arrowee has 10 seconds to reconnect!
|inactive|Arrowee has 5 seconds to reconnect!
|-message|Arrowee lost due to inactivity.
|
|win|crum vrum
|raw|Arrowee's rating: 1225 &rarr; <strong>1199</strong><br />(-26 for losing)
|raw|crum vrum's rating: 1209 &rarr; <strong>1235</strong><br />(+26 for winning)
|l|☆crum vrum
|player|p2|
