|j|☆ACHUUU
|j|☆greattrainer123
|t:|1779617457
|gametype|singles
|player|p1|ACHUUU|265|1382
|player|p2|greattrainer123|2|1373
|gen|9
|tier|[Gen 9] OU
|rated|
|rule|HP Percentage Mod: HP is shown in percentages
|rule|Endless Battle Clause: Forcing endless battles is banned
|rule|Species Clause: Limit one of each Pokémon
|rule|OHKO Clause: OHKO moves are banned
|rule|Evasion Items Clause: Evasion items are banned
|rule|Evasion Moves Clause: Evasion moves are banned
|rule|Evasion Abilities Clause: Evasion abilities are banned
|rule|Sleep Moves Clause: Sleep-inducing moves are banned
|clearpoke
|poke|p1|Necrozma|
|poke|p1|Alomomola, F|
|poke|p1|Tyranitar, M|
|poke|p1|Rotom-Wash|
|poke|p1|Iron Valiant|
|poke|p1|Great Tusk|
|poke|p2|Alomomola, F|
|poke|p2|Zamazenta-*|
|poke|p2|Lokix, F|
|poke|p2|Dragapult, M|
|poke|p2|Corviknight, F|
|poke|p2|Milotic, F|
|teampreview
|
|t:|1779617479
|teamsize|p1|6
|teamsize|p2|6
|start
|switch|p1a: Necrozma|Necrozma|100/100
|switch|p2a: Lokix|Lokix, F|100/100
|turn|1
|inactive|Battle timer is ON: inactive players will automatically lose when time's up. (requested by greattrainer123)
|
|t:|1779617490
|move|p1a: Necrozma|Dragon Dance|p1a: Necrozma
|-boost|p1a: Necrozma|atk|1
|-boost|p1a: Necrozma|spe|1
|move|p2a: Lokix|U-turn|p1a: Necrozma
|-supereffective|p1a: Necrozma
|-crit|p1a: Necrozma
|-damage|p1a: Necrozma|0 fnt
|faint|p1a: Necrozma
|c|☆ACHUUU|Wow crit
|c|☆greattrainer123|yup
|c|☆greattrainer123|lucky
|inactive|greattrainer123 has 120 seconds left.
|
|t:|1779617521
|switch|p2a: Zamazenta|Zamazenta|100/100|[from] U-turn
|-ability|p2a: Zamazenta|Dauntless Shield|boost
|-boost|p2a: Zamazenta|def|1
|
|upkeep
|
|t:|1779617531
|switch|p1a: Iron Valiant|Iron Valiant|100/100
|-enditem|p1a: Iron Valiant|Booster Energy
|-activate|p1a: Iron Valiant|ability: Quark Drive|[fromitem]
|-start|p1a: Iron Valiant|quarkdrivespe
|turn|2
|
|t:|1779617538
|switch|p2a: Corviknight|Corviknight, F|100/100
|move|p1a: Iron Valiant|Moonblast|p2a: Corviknight
|-resisted|p2a: Corviknight
|-damage|p2a: Corviknight|83/100
|
|-heal|p2a: Corviknight|90/100|[from] item: Leftovers
|upkeep
|turn|3
|
|t:|1779617552
|-terastallize|p1a: Iron Valiant|Fairy
|move|p1a: Iron Valiant|Calm Mind|p1a: Iron Valiant
|-boost|p1a: Iron Valiant|spa|1
|-boost|p1a: Iron Valiant|spd|1
|move|p2a: Corviknight|U-turn|p1a: Iron Valiant
|-resisted|p1a: Iron Valiant
|-damage|p1a: Iron Valiant|92/100
|
|t:|1779617556
|switch|p2a: Milotic|Milotic, F|100/100|[from] U-turn
|
|upkeep
|turn|4
|
|t:|1779617564
|move|p1a: Iron Valiant|Moonblast|p2a: Milotic
|-damage|p2a: Milotic|48/100
|move|p2a: Milotic|Haze|p2a: Milotic
|-clearallboost
|
|-heal|p2a: Milotic|54/100|[from] item: Leftovers
|upkeep
|turn|5
|
|t:|1779617569
|move|p1a: Iron Valiant|Moonblast|p2a: Milotic
|-damage|p2a: Milotic|22/100
|-unboost|p2a: Milotic|spa|1
|-ability|p2a: Milotic|Competitive|boost
|-boost|p2a: Milotic|spa|2
|move|p2a: Milotic|Recover|p2a: Milotic
|-heal|p2a: Milotic|72/100
|
|-heal|p2a: Milotic|78/100|[from] item: Leftovers
|upkeep
|turn|6
|
|t:|1779617585
|-end|p1a: Iron Valiant|Quark Drive|[silent]
|switch|p1a: Tyranitar|Tyranitar, M|100/100
|-weather|Sandstorm|[from] ability: Sand Stream|[of] p1a: Tyranitar
|move|p2a: Milotic|Recover|p2a: Milotic
|-heal|p2a: Milotic|100/100
|
|-weather|Sandstorm|[upkeep]
|-damage|p2a: Milotic|94/100|[from] Sandstorm
|-heal|p2a: Milotic|100/100|[from] item: Leftovers
|upkeep
|turn|7
|
|t:|1779617592
|move|p2a: Milotic|Flip Turn|p1a: Tyranitar
|-supereffective|p1a: Tyranitar
|-damage|p1a: Tyranitar|80/100
|
|t:|1779617598
|switch|p2a: Alomomola|Alomomola, F|100/100|[from] Flip Turn
|move|p1a: Tyranitar|Dragon Tail|p2a: Alomomola
|-damage|p2a: Alomomola|91/100
|drag|p2a: Dragapult|Dragapult, M|100/100
|
|-weather|Sandstorm|[upkeep]
|-damage|p2a: Dragapult|95/100|[from] Sandstorm
|upkeep
|turn|8
|
|t:|1779617610
|switch|p2a: Lokix|Lokix, F|100/100
|move|p1a: Tyranitar|Knock Off|p2a: Lokix
|-resisted|p2a: Lokix
|-crit|p2a: Lokix
|-damage|p2a: Lokix|63/100
|-enditem|p2a: Lokix|Choice Band|[from] move: Knock Off|[of] p1a: Tyranitar
|
|-weather|Sandstorm|[upkeep]
|-damage|p2a: Lokix|57/100|[from] Sandstorm
|upkeep
|turn|9
|
|t:|1779617620
|switch|p1a: Alomomola|Alomomola, F|100/100
|move|p2a: Lokix|U-turn|p1a: Alomomola
|-damage|p1a: Alomomola|81/100
|
|t:|1779617627
|switch|p2a: Dragapult|Dragapult, M|95/100|[from] U-turn
|
|-weather|Sandstorm|[upkeep]
|-damage|p2a: Dragapult|89/100|[from] Sandstorm
|-damage|p1a: Alomomola|75/100|[from] Sandstorm
|upkeep
|turn|10
|
|t:|1779617635
|-terastallize|p2a: Dragapult|Dragon
|move|p2a: Dragapult|Draco Meteor|p1a: Alomomola
|-damage|p1a: Alomomola|0 fnt
|-unboost|p2a: Dragapult|spa|2
|faint|p1a: Alomomola
|
|-weather|none
|upkeep
|
|t:|1779617646
|switch|p1a: Iron Valiant|Iron Valiant, tera:Fairy|92/100
|turn|11
|
|t:|1779617657
|switch|p2a: Milotic|Milotic, F|100/100
|move|p1a: Iron Valiant|Moonblast|p2a: Milotic
|-damage|p2a: Milotic|69/100
|
|-heal|p2a: Milotic|75/100|[from] item: Leftovers
|upkeep
|turn|12
|
|t:|1779617664
|-end|p1a: Iron Valiant|Quark Drive|[silent]
|switch|p1a: Tyranitar|Tyranitar, M|80/100
|-weather|Sandstorm|[from] ability: Sand Stream|[of] p1a: Tyranitar
|move|p2a: Milotic|Scald|p1a: Tyranitar
|-supereffective|p1a: Tyranitar
|-damage|p1a: Tyranitar|62/100
|-status|p1a: Tyranitar|brn
|
|-weather|Sandstorm|[upkeep]
|-damage|p2a: Milotic|69/100|[from] Sandstorm
|-heal|p2a: Milotic|75/100|[from] item: Leftovers
|-damage|p1a: Tyranitar|56/100 brn|[from] brn
|upkeep
|turn|13
|c|☆ACHUUU|Lol
|c|☆ACHUUU|The game don't want me to win
|
|t:|1779617680
|move|p2a: Milotic|Flip Turn|p1a: Tyranitar
|-supereffective|p1a: Tyranitar
|-damage|p1a: Tyranitar|36/100 brn
|
|t:|1779617685
|switch|p2a: Alomomola|Alomomola, F|100/100|[from] Flip Turn
|move|p1a: Tyranitar|Earthquake|p2a: Alomomola
|-crit|p2a: Alomomola
|-damage|p2a: Alomomola|89/100
|
|-weather|Sandstorm|[upkeep]
|-damage|p2a: Alomomola|83/100|[from] Sandstorm
|-heal|p2a: Alomomola|89/100|[from] item: Leftovers
|-damage|p1a: Tyranitar|30/100 brn|[from] brn
|upkeep
|turn|14
|
|t:|1779617693
|switch|p1a: Rotom|Rotom-Wash|100/100
|move|p2a: Alomomola|Liquidation|p1a: Rotom
|-resisted|p1a: Rotom
|-damage|p1a: Rotom|87/100
|
|-weather|Sandstorm|[upkeep]
|-damage|p1a: Rotom|81/100|[from] Sandstorm
|-damage|p2a: Alomomola|83/100|[from] Sandstorm
|-heal|p1a: Rotom|87/100|[from] item: Leftovers
|-heal|p2a: Alomomola|89/100|[from] item: Leftovers
|upkeep
|turn|15
|
|t:|1779617705
|switch|p2a: Dragapult|Dragapult, M, tera:Dragon|89/100
|move|p1a: Rotom|Will-O-Wisp|p2a: Dragapult|[miss]
|-miss|p1a: Rotom|p2a: Dragapult
|
|-weather|Sandstorm|[upkeep]
|-damage|p2a: Dragapult|83/100|[from] Sandstorm
|-damage|p1a: Rotom|81/100|[from] Sandstorm
|-heal|p1a: Rotom|87/100|[from] item: Leftovers
|upkeep
|turn|16
|c|☆ACHUUU|Wow
|
|t:|1779617716
|switch|p1a: Iron Valiant|Iron Valiant, tera:Fairy|92/100
|move|p2a: Dragapult|Shadow Ball|p1a: Iron Valiant
|-damage|p1a: Iron Valiant|6/100
|
|-weather|none
|upkeep
|turn|17
|c|☆greattrainer123|yeah this is not ur day
|-message|ACHUUU forfeited.
|
|win|greattrainer123
|raw|ACHUUU's rating: 1382 &rarr; <strong>1361</strong><br />(-21 for losing)
|raw|greattrainer123's rating: 1373 &rarr; <strong>1394</strong><br />(+21 for winning)
|l|☆ACHUUU
|player|p1|
|j|☆ACHUUU
|player|p1|ACHUUU|265|
|l|☆ACHUUU
|player|p1|
|l|☆greattrainer123
|player|p2|
