|j|☆the_lost_dedicated
|j|☆redmask2007
|t:|1779607908
|gametype|singles
|player|p1|the_lost_dedicated|102|1119
|player|p2|redmask2007|palmer|1064
|gen|9
|tier|[Gen 9] OU
|rated|
|rule|HP Percentage Mod: HP is shown in percentages
|rule|Endless Battle Clause: Forcing endless battles is banned
|rule|Species Clause: Limit one of each Pokémon
|rule|OHKO Clause: OHKO moves are banned
|rule|Evasion Items Clause: Evasion items are banned
|rule|Evasion Moves Clause: Evasion moves are banned
|rule|Evasion Abilities Clause: Evasion abilities are banned
|rule|Sleep Moves Clause: Sleep-inducing moves are banned
|clearpoke
|poke|p1|Iron Treads|
|poke|p1|Pelipper, M|
|poke|p1|Mimikyu, F|
|poke|p1|Raging Bolt|
|poke|p1|Clodsire, F|
|poke|p1|Basculegion, M|
|poke|p2|Gliscor, F|
|poke|p2|Glimmora, M|
|poke|p2|Okidogi, M|
|poke|p2|Great Tusk|
|poke|p2|Rotom-Wash|
|poke|p2|Dragapult, M|
|teampreview
|inactive|Battle timer is ON: inactive players will automatically lose when time's up. (requested by the_lost_dedicated)
|
|t:|1779607921
|teamsize|p1|6
|teamsize|p2|6
|start
|switch|p1a: 再睡觉一次|Clodsire, F|100/100
|switch|p2a: Glimmora|Glimmora, M|100/100
|turn|1
|
|t:|1779607932
|move|p2a: Glimmora|Toxic Spikes|p1a: 再睡觉一次
|-sidestart|p1: the_lost_dedicated|move: Toxic Spikes
|move|p1a: 再睡觉一次|Stealth Rock|p2a: Glimmora
|-sidestart|p2: redmask2007|move: Stealth Rock
|
|upkeep
|turn|2
|
|t:|1779607938
|move|p2a: Glimmora|Spikes|p1a: 再睡觉一次
|-sidestart|p1: the_lost_dedicated|Spikes
|move|p1a: 再睡觉一次|Earthquake|p2a: Glimmora
|-supereffective|p2a: Glimmora
|-enditem|p2a: Glimmora|Focus Sash
|-damage|p2a: Glimmora|1/100
|-activate|p2a: Glimmora|ability: Toxic Debris
|-sidestart|p1: the_lost_dedicated|move: Toxic Spikes
|
|upkeep
|turn|3
|
|t:|1779607951
|move|p2a: Glimmora|Spikes|p1a: 再睡觉一次
|-sidestart|p1: the_lost_dedicated|Spikes
|move|p1a: 再睡觉一次|Earthquake|p2a: Glimmora
|-supereffective|p2a: Glimmora
|-damage|p2a: Glimmora|0 fnt
|faint|p2a: Glimmora
|
|upkeep
|
|t:|1779607962
|switch|p2a: Rotom|Rotom-Wash|100/100
|turn|4
|
|t:|1779607966
|move|p2a: Rotom|Hydro Pump|p1a: 再睡觉一次
|-immune|p1a: 再睡觉一次|[from] ability: Water Absorb
|move|p1a: 再睡觉一次|Toxic|p2a: Rotom
|-status|p2a: Rotom|tox
|
|-damage|p2a: Rotom|94/100 tox|[from] psn
|upkeep
|turn|5
|
|t:|1779607979
|switch|p2a: Great Tusk|Great Tusk|100/100
|-damage|p2a: Great Tusk|98/100|[from] Stealth Rock
|-enditem|p2a: Great Tusk|Booster Energy
|-activate|p2a: Great Tusk|ability: Protosynthesis|[fromitem]
|-start|p2a: Great Tusk|protosynthesisatk
|switch|p1a: 再迅雷一次|Raging Bolt|100/100
|
|upkeep
|turn|6
|
|t:|1779607991
|-end|p1a: 再迅雷一次|Protosynthesis|[silent]
|switch|p1a: 再雨天一次|Pelipper, M|100/100
|-weather|RainDance|[from] ability: Drizzle|[of] p1a: 再雨天一次
|move|p2a: Great Tusk|Ice Spinner|p1a: 再雨天一次
|-damage|p1a: 再雨天一次|68/100
|
|-weather|RainDance|[upkeep]
|upkeep
|turn|7
|
|t:|1779608005
|-end|p2a: Great Tusk|Protosynthesis|[silent]
|switch|p2a: Rotom|Rotom-Wash|94/100 tox
|move|p1a: 再雨天一次|Weather Ball|p2a: Rotom
|-resisted|p2a: Rotom
|-damage|p2a: Rotom|69/100 tox
|
|-weather|RainDance|[upkeep]
|-damage|p2a: Rotom|63/100 tox|[from] psn
|upkeep
|turn|8
|
|t:|1779608015
|switch|p1a: 再睡觉一次|Clodsire, F|100/100
|-sideend|p1: the_lost_dedicated|move: Toxic Spikes|[of] p1a: 再睡觉一次
|move|p2a: Rotom|Thunderbolt|p1a: 再睡觉一次
|-immune|p1a: 再睡觉一次
|
|-weather|RainDance|[upkeep]
|-damage|p2a: Rotom|50/100 tox|[from] psn
|upkeep
|turn|9
|
|t:|1779608026
|switch|p1a: 再旋转一次|Iron Treads|100/100
|-damage|p1a: 再旋转一次|84/100|[from] Spikes
|move|p2a: Rotom|Pain Split|p1a: 再旋转一次
|-sethp|p1a: 再旋转一次|64/100|[from] move: Pain Split|[silent]
|-sethp|p2a: Rotom|74/100 tox|[from] move: Pain Split
|
|-weather|RainDance|[upkeep]
|-damage|p2a: Rotom|55/100 tox|[from] psn
|upkeep
|turn|10
|
|t:|1779608038
|-end|p1a: 再旋转一次|Quark Drive|[silent]
|switch|p1a: 再迅雷一次|Raging Bolt|100/100
|move|p2a: Rotom|Hydro Pump|p1a: 再迅雷一次
|-resisted|p1a: 再迅雷一次
|-damage|p1a: 再迅雷一次|71/100
|
|-weather|RainDance|[upkeep]
|-damage|p2a: Rotom|31/100 tox|[from] psn
|upkeep
|turn|11
|
|t:|1779608046
|move|p2a: Rotom|Will-O-Wisp|p1a: 再迅雷一次|[miss]
|-miss|p2a: Rotom|p1a: 再迅雷一次
|move|p1a: 再迅雷一次|Weather Ball|p2a: Rotom
|-resisted|p2a: Rotom
|-damage|p2a: Rotom|3/100 tox
|
|-weather|RainDance|[upkeep]
|-damage|p2a: Rotom|0 fnt|[from] psn
|faint|p2a: Rotom
|upkeep
|
|t:|1779608051
|switch|p2a: Dragapult|Dragapult, M|100/100
|turn|12
|
|t:|1779608059
|-terastallize|p1a: 再迅雷一次|Fairy
|move|p2a: Dragapult|Draco Meteor|p1a: 再迅雷一次
|-immune|p1a: 再迅雷一次
|move|p1a: 再迅雷一次|Dragon Pulse|p2a: Dragapult
|-supereffective|p2a: Dragapult
|-damage|p2a: Dragapult|0 fnt
|faint|p2a: Dragapult
|
|-weather|RainDance|[upkeep]
|upkeep
|
|t:|1779608067
|switch|p2a: Gliscor|Gliscor, F|100/100
|-damage|p2a: Gliscor|88/100|[from] Stealth Rock
|turn|13
|
|t:|1779608074
|move|p2a: Gliscor|Toxic|p1a: 再迅雷一次
|-status|p1a: 再迅雷一次|tox
|move|p1a: 再迅雷一次|Weather Ball|p2a: Gliscor
|-supereffective|p2a: Gliscor
|-damage|p2a: Gliscor|0 fnt
|faint|p2a: Gliscor
|
|-weather|none
|-damage|p1a: 再迅雷一次|65/100 tox|[from] psn
|upkeep
|
|t:|1779608078
|switch|p2a: Okidogi|Okidogi, M|100/100
|-damage|p2a: Okidogi|95/100|[from] Stealth Rock
|turn|14
|
|t:|1779608086
|move|p1a: 再迅雷一次|Thunderclap|p2a: Okidogi
|-damage|p2a: Okidogi|61/100
|move|p2a: Okidogi|Ice Punch|p1a: 再迅雷一次
|-damage|p1a: 再迅雷一次|43/100 tox
|
|-damage|p1a: 再迅雷一次|31/100 tox|[from] psn
|upkeep
|turn|15
|
|t:|1779608093
|move|p1a: 再迅雷一次|Thunderclap|p2a: Okidogi
|-damage|p2a: Okidogi|28/100
|move|p2a: Okidogi|Ice Punch|p1a: 再迅雷一次
|-damage|p1a: 再迅雷一次|10/100 tox
|
|-damage|p1a: 再迅雷一次|0 fnt|[from] psn
|faint|p1a: 再迅雷一次
|-end|p1a: 再迅雷一次|Protosynthesis|[silent]
|upkeep
|
|t:|1779608103
|switch|p1a: 再旋转一次|Iron Treads|64/100
|-damage|p1a: 再旋转一次|47/100|[from] Spikes
|turn|16
|
|t:|1779608113
|move|p1a: 再旋转一次|Rapid Spin|p2a: Okidogi
|-damage|p2a: Okidogi|12/100
|-boost|p1a: 再旋转一次|spe|1
|-sideend|p1: the_lost_dedicated|Spikes|[from] move: Rapid Spin|[of] p1a: 再旋转一次
|move|p2a: Okidogi|Drain Punch|p1a: 再旋转一次
|-supereffective|p1a: 再旋转一次
|-damage|p1a: 再旋转一次|0 fnt
|-heal|p2a: Okidogi|36/100|[from] drain|[of] p1a: 再旋转一次
|faint|p1a: 再旋转一次
|-end|p1a: 再旋转一次|Quark Drive|[silent]
|
|upkeep
|
|t:|1779608124
|switch|p1a: 再雨天一次|Pelipper, M|68/100
|-weather|RainDance|[from] ability: Drizzle|[of] p1a: 再雨天一次
|turn|17
|
|t:|1779608131
|move|p2a: Okidogi|Ice Punch|p1a: 再雨天一次
|-damage|p1a: 再雨天一次|47/100
|move|p1a: 再雨天一次|U-turn|p2a: Okidogi
|-resisted|p2a: Okidogi
|-damage|p2a: Okidogi|34/100
|
|t:|1779608136
|switch|p1a: 再扫墓一次|Basculegion, M|100/100|[from] U-turn
|
|-weather|RainDance|[upkeep]
|upkeep
|turn|18
|
|t:|1779608146
|move|p1a: 再扫墓一次|Wave Crash|p2a: Okidogi
|-damage|p2a: Okidogi|0 fnt
|faint|p2a: Okidogi
|-damage|p1a: 再扫墓一次|91/100|[from] Recoil
|
|-weather|RainDance|[upkeep]
|upkeep
|
|t:|1779608150
|switch|p2a: Great Tusk|Great Tusk|98/100
|-damage|p2a: Great Tusk|95/100|[from] Stealth Rock
|turn|19
|-message|redmask2007 forfeited.
|
|win|the_lost_dedicated
|raw|the_lost_dedicated's rating: 1119 &rarr; <strong>1140</strong><br />(+21 for winning)
|raw|redmask2007's rating: 1064 &rarr; <strong>1047</strong><br />(-17 for losing)
|l|☆redmask2007
|player|p2|
|j|☆redmask2007
|player|p2|redmask2007|palmer|
|l|☆redmask2007
|player|p2|
