|j|☆kopv
|j|☆redskyatnight
|t:|1779584665
|gametype|singles
|player|p1|kopv|bugcatcher-gen4dp|1467
|player|p2|redskyatnight|grimsley-gen7|1412
|gen|9
|tier|[Gen 9] OU
|rated|
|rule|HP Percentage Mod: HP is shown in percentages
|rule|Endless Battle Clause: Forcing endless battles is banned
|rule|Species Clause: Limit one of each Pokémon
|rule|OHKO Clause: OHKO moves are banned
|rule|Evasion Items Clause: Evasion items are banned
|rule|Evasion Moves Clause: Evasion moves are banned
|rule|Evasion Abilities Clause: Evasion abilities are banned
|rule|Sleep Moves Clause: Sleep-inducing moves are banned
|clearpoke
|poke|p1|Pelipper, M|
|poke|p1|Barraskewda, M|
|poke|p1|Iron Treads|
|poke|p1|Bruxish, F|
|poke|p1|Raging Bolt|
|poke|p1|Enamorus, F|
|poke|p2|Slowking-Galar, F|
|poke|p2|Tornadus-Therian, M|
|poke|p2|Cinderace, M|
|poke|p2|Lokix, M|
|poke|p2|Hydrapple, M|
|poke|p2|Great Tusk|
|teampreview
|
|t:|1779584703
|teamsize|p1|6
|teamsize|p2|6
|start
|switch|p1a: Barraskewda|Barraskewda, M|100/100
|switch|p2a: Slowking|Slowking-Galar, F|100/100
|turn|1
|
|t:|1779584716
|move|p1a: Barraskewda|Poison Jab|p2a: Slowking
|-resisted|p2a: Slowking
|-damage|p2a: Slowking|87/100
|-damage|p1a: Barraskewda|91/100|[from] item: Life Orb
|move|p2a: Slowking|Psychic Noise|p1a: Barraskewda
|-damage|p1a: Barraskewda|31/100
|-start|p1a: Barraskewda|move: Heal Block
|
|upkeep
|turn|2
|
|t:|1779584725
|move|p1a: Barraskewda|Flip Turn|p2a: Slowking
|-damage|p2a: Slowking|53/100
|-damage|p1a: Barraskewda|21/100|[from] item: Life Orb
|
|t:|1779584729
|switch|p1a: Iron Treads|Iron Treads|100/100|[from] Flip Turn
|-prepare|p2a: Slowking|Chilly Reception|[premajor]
|move|p2a: Slowking|Chilly Reception|p2a: Slowking
|-weather|Snowscape
|
|t:|1779584736
|switch|p2a: Cinderace|Cinderace, M|100/100|[from] Chilly Reception
|
|-weather|Snowscape|[upkeep]
|upkeep
|turn|3
|
|t:|1779584744
|-end|p1a: Iron Treads|Quark Drive|[silent]
|switch|p1a: Pelipper|Pelipper, M|100/100
|-weather|RainDance|[from] ability: Drizzle|[of] p1a: Pelipper
|move|p2a: Cinderace|Will-O-Wisp|p1a: Pelipper|[miss]
|-miss|p2a: Cinderace|p1a: Pelipper
|
|-weather|RainDance|[upkeep]
|upkeep
|turn|4
|
|t:|1779584760
|move|p2a: Cinderace|U-turn|p1a: Pelipper
|-resisted|p1a: Pelipper
|-damage|p1a: Pelipper|93/100
|
|t:|1779584790
|switch|p2a: Slowking|Slowking-Galar, F|86/100|[from] U-turn
|move|p1a: Pelipper|U-turn|p2a: Slowking
|-damage|p2a: Slowking|79/100
|
|t:|1779584807
|switch|p1a: 'Ello gov'na|Bruxish, F|100/100|[from] U-turn
|
|-weather|RainDance|[upkeep]
|upkeep
|turn|5
|
|t:|1779584865
|switch|p2a: Hydrapple|Hydrapple, M|100/100
|move|p1a: 'Ello gov'na|Flip Turn|p2a: Hydrapple
|-resisted|p2a: Hydrapple
|-damage|p2a: Hydrapple|87/100
|
|t:|1779584872
|switch|p1a: Raging Bolt|Raging Bolt|100/100|[from] Flip Turn
|
|-weather|RainDance|[upkeep]
|upkeep
|turn|6
|
|t:|1779584880
|-terastallize|p2a: Hydrapple|Fairy
|move|p1a: Raging Bolt|Thunder|p2a: Hydrapple
|-damage|p2a: Hydrapple|21/100
|-status|p2a: Hydrapple|par
|cant|p2a: Hydrapple|par
|
|-weather|RainDance|[upkeep]
|upkeep
|turn|7
|c|☆redskyatnight|Bruh
|
|t:|1779584894
|switch|p2a: Great Tusk|Great Tusk|100/100
|move|p1a: Raging Bolt|Weather Ball|p2a: Great Tusk
|-supereffective|p2a: Great Tusk
|-damage|p2a: Great Tusk|0 fnt
|faint|p2a: Great Tusk
|-end|p2a: Great Tusk|Protosynthesis|[silent]
|
|-weather|RainDance|[upkeep]
|upkeep
|l|☆redskyatnight
|player|p2|
|inactive|Battle timer is ON: inactive players will automatically lose when time's up. (requested by kopv)
|inactive|redskyatnight has 30 seconds to reconnect!
|inactive|redskyatnight has 20 seconds to reconnect!
|inactive|redskyatnight has 15 seconds to reconnect!
|inactive|redskyatnight has 10 seconds to reconnect!
|inactive|redskyatnight has 5 seconds to reconnect!
|-message|redskyatnight lost due to inactivity.
|
|win|kopv
|raw|kopv's rating: 1467 &rarr; <strong>1484</strong><br />(+17 for winning)
|raw|redskyatnight's rating: 1412 &rarr; <strong>1395</strong><br />(-17 for losing)
