|j|☆30delta
|j|☆LessionTTV
|t:|1779592565
|gametype|singles
|player|p1|30delta|rocketgrunt|1359
|player|p2|LessionTTV|steven|1305
|gen|9
|tier|[Gen 9] OU
|rated|
|rule|HP Percentage Mod: HP is shown in percentages
|rule|Endless Battle Clause: Forcing endless battles is banned
|rule|Species Clause: Limit one of each Pokémon
|rule|OHKO Clause: OHKO moves are banned
|rule|Evasion Items Clause: Evasion items are banned
|rule|Evasion Moves Clause: Evasion moves are banned
|rule|Evasion Abilities Clause: Evasion abilities are banned
|rule|Sleep Moves Clause: Sleep-inducing moves are banned
|clearpoke
|poke|p1|Garganacl, F|
|poke|p1|Dondozo, F|
|poke|p1|Kingambit, F|
|poke|p1|Great Tusk|
|poke|p1|Amoonguss, M|
|poke|p1|Dugtrio, F|
|poke|p2|Darkrai|
|poke|p2|Gholdengo|
|poke|p2|Raging Bolt|
|poke|p2|Kingambit, F|
|poke|p2|Samurott-Hisui, F|
|poke|p2|Landorus-Therian, M|
|teampreview
|inactive|Battle timer is ON: inactive players will automatically lose when time's up. (requested by LessionTTV)
|inactive|30delta also wants the timer to be on.
|
|t:|1779592573
|teamsize|p1|6
|teamsize|p2|6
|start
|switch|p1a: Garganacl|Garganacl, F|100/100
|switch|p2a: OldPal|Landorus-Therian, M|100/100
|-ability|p2a: OldPal|Intimidate|boost
|-unboost|p1a: Garganacl|atk|1
|turn|1
|
|t:|1779592578
|-terastallize|p1a: Garganacl|Fairy
|move|p2a: OldPal|Taunt|p1a: Garganacl
|-start|p1a: Garganacl|move: Taunt
|move|p1a: Garganacl|Salt Cure|p2a: OldPal
|-damage|p2a: OldPal|92/100
|-start|p2a: OldPal|Salt Cure
|
|-damage|p2a: OldPal|79/100|[from] Salt Cure
|upkeep
|turn|2
|
|t:|1779592586
|switch|p2a: GoldenGod|Gholdengo|100/100
|move|p1a: Garganacl|Salt Cure|p2a: GoldenGod
|-resisted|p2a: GoldenGod
|-damage|p2a: GoldenGod|95/100
|-start|p2a: GoldenGod|Salt Cure
|
|-damage|p2a: GoldenGod|70/100|[from] Salt Cure
|upkeep
|turn|3
|
|t:|1779592591
|switch|p1a: Amoonguss|Amoonguss, M|100/100
|move|p2a: GoldenGod|Make It Rain|p1a: Amoonguss
|-damage|p1a: Amoonguss|41/100
|-unboost|p2a: GoldenGod|spa|1
|
|-damage|p2a: GoldenGod|46/100|[from] Salt Cure
|upkeep
|turn|4
|
|t:|1779592598
|move|p2a: GoldenGod|Make It Rain|p1a: Amoonguss
|-crit|p1a: Amoonguss
|-damage|p1a: Amoonguss|0 fnt
|-unboost|p2a: GoldenGod|spa|1
|faint|p1a: Amoonguss
|
|-damage|p2a: GoldenGod|21/100|[from] Salt Cure
|upkeep
|
|t:|1779592616
|switch|p1a: Dugtrio|Dugtrio, F|100/100
|turn|5
|
|t:|1779592623
|switch|p2a: GeneralPal|Samurott-Hisui, F|100/100
|move|p1a: Dugtrio|Shadow Claw|p2a: GeneralPal
|-resisted|p2a: GeneralPal
|-damage|p2a: GeneralPal|91/100
|
|upkeep
|turn|6
|
|t:|1779592630
|switch|p1a: Garganacl|Garganacl, F, tera:Fairy|100/100
|move|p2a: GeneralPal|Ceaseless Edge|p1a: Garganacl
|-resisted|p1a: Garganacl
|-damage|p1a: Garganacl|87/100
|-sidestart|p1: 30delta|Spikes
|
|-heal|p1a: Garganacl|93/100|[from] item: Leftovers
|upkeep
|turn|7
|
|t:|1779592640
|move|p2a: GeneralPal|Razor Shell|p1a: Garganacl
|-damage|p1a: Garganacl|62/100
|-unboost|p1a: Garganacl|def|1
|move|p1a: Garganacl|Salt Cure|p2a: GeneralPal
|-damage|p2a: GeneralPal|76/100
|-start|p2a: GeneralPal|Salt Cure
|
|-heal|p1a: Garganacl|68/100|[from] item: Leftovers
|-damage|p2a: GeneralPal|52/100|[from] Salt Cure
|upkeep
|turn|8
|
|t:|1779592646
|move|p1a: Garganacl|Protect|p1a: Garganacl
|-singleturn|p1a: Garganacl|Protect
|move|p2a: GeneralPal|Flip Turn|p1a: Garganacl
|-activate|p1a: Garganacl|move: Protect
|
|-heal|p1a: Garganacl|75/100|[from] item: Leftovers
|-damage|p2a: GeneralPal|27/100|[from] Salt Cure
|upkeep
|turn|9
|
|t:|1779592651
|move|p2a: GeneralPal|Flip Turn|p1a: Garganacl
|-damage|p1a: Garganacl|47/100
|
|t:|1779592656
|switch|p2a: OldPal|Landorus-Therian, M|79/100|[from] Flip Turn
|-ability|p2a: OldPal|Intimidate|boost
|-unboost|p1a: Garganacl|atk|1
|move|p1a: Garganacl|Recover|p1a: Garganacl
|-heal|p1a: Garganacl|97/100
|
|-heal|p1a: Garganacl|100/100|[from] item: Leftovers
|upkeep
|turn|10
|
|t:|1779592666
|move|p2a: OldPal|Earth Power|p1a: Garganacl
|-damage|p1a: Garganacl|79/100
|move|p1a: Garganacl|Salt Cure|p2a: OldPal
|-damage|p2a: OldPal|71/100
|-start|p2a: OldPal|Salt Cure
|
|-heal|p1a: Garganacl|86/100|[from] item: Leftovers
|-damage|p2a: OldPal|58/100|[from] Salt Cure
|upkeep
|turn|11
|
|t:|1779592671
|move|p2a: OldPal|U-turn|p1a: Garganacl
|-resisted|p1a: Garganacl
|-damage|p1a: Garganacl|76/100
|
|t:|1779592680
|switch|p2a: GeneralPal|Samurott-Hisui, F|27/100|[from] U-turn
|move|p1a: Garganacl|Salt Cure|p2a: GeneralPal
|-damage|p2a: GeneralPal|17/100
|-start|p2a: GeneralPal|Salt Cure
|
|-heal|p1a: Garganacl|82/100|[from] item: Leftovers
|-damage|p2a: GeneralPal|0 fnt|[from] Salt Cure
|faint|p2a: GeneralPal
|upkeep
|
|t:|1779592686
|switch|p2a: GoldenGod|Gholdengo|21/100
|turn|12
|
|t:|1779592692
|move|p1a: Garganacl|Protect|p1a: Garganacl
|-singleturn|p1a: Garganacl|Protect
|move|p2a: GoldenGod|Make It Rain|p1a: Garganacl
|-activate|p1a: Garganacl|move: Protect
|
|-heal|p1a: Garganacl|88/100|[from] item: Leftovers
|upkeep
|turn|13
|
|t:|1779592698
|switch|p1a: Kingambit|Kingambit, F|100/100
|-damage|p1a: Kingambit|88/100|[from] Spikes
|-activate|p1a: Kingambit|ability: Supreme Overlord
|-start|p1a: Kingambit|fallen1|[silent]
|move|p2a: GoldenGod|Make It Rain|p1a: Kingambit
|-resisted|p1a: Kingambit
|-damage|p1a: Kingambit|55/100
|-unboost|p2a: GoldenGod|spa|1
|
|-heal|p1a: Kingambit|61/100|[from] item: Leftovers
|upkeep
|turn|14
|
|t:|1779592707
|switch|p2a: Nightmare|Darkrai|100/100
|move|p1a: Kingambit|Sucker Punch||[still]
|-fail|p1a: Kingambit
|
|-heal|p1a: Kingambit|67/100|[from] item: Leftovers
|upkeep
|turn|15
|
|t:|1779592715
|-end|p1a: Kingambit|fallen1|[silent]
|switch|p1a: Garganacl|Garganacl, F, tera:Fairy|88/100
|-damage|p1a: Garganacl|76/100|[from] Spikes
|move|p2a: Nightmare|Nasty Plot|p2a: Nightmare
|-boost|p2a: Nightmare|spa|2
|
|-heal|p1a: Garganacl|82/100|[from] item: Leftovers
|upkeep
|turn|16
|
|t:|1779592724
|-terastallize|p2a: Nightmare|Poison
|move|p2a: Nightmare|Sludge Bomb|p1a: Garganacl
|-supereffective|p1a: Garganacl
|-damage|p1a: Garganacl|0 fnt
|faint|p1a: Garganacl
|-damage|p2a: Nightmare|91/100|[from] item: Life Orb
|
|upkeep
|
|t:|1779592730
|switch|p1a: Dugtrio|Dugtrio, F|100/100
|-damage|p1a: Dugtrio|88/100|[from] Spikes
|turn|17
|
|t:|1779592734
|move|p1a: Dugtrio|Earthquake|p2a: Nightmare
|-supereffective|p2a: Nightmare
|-damage|p2a: Nightmare|0 fnt
|faint|p2a: Nightmare
|
|upkeep
|
|t:|1779592742
|switch|p2a: OldPal|Landorus-Therian, M|58/100
|-ability|p2a: OldPal|Intimidate|boost
|-unboost|p1a: Dugtrio|atk|1
|turn|18
|
|t:|1779592748
|switch|p1a: Dondozo|Dondozo, F|100/100
|-damage|p1a: Dondozo|88/100|[from] Spikes
|move|p2a: OldPal|Earth Power|p1a: Dondozo
|-damage|p1a: Dondozo|58/100
|
|-heal|p1a: Dondozo|64/100|[from] item: Leftovers
|upkeep
|turn|19
|
|t:|1779592754
|move|p2a: OldPal|Taunt|p1a: Dondozo
|-start|p1a: Dondozo|move: Taunt
|move|p1a: Dondozo|Waterfall|p2a: OldPal
|-supereffective|p2a: OldPal
|-damage|p2a: OldPal|6/100
|-damage|p1a: Dondozo|48/100|[from] item: Rocky Helmet|[of] p2a: OldPal
|
|-heal|p1a: Dondozo|54/100|[from] item: Leftovers
|upkeep
|turn|20
|
|t:|1779592762
|move|p2a: OldPal|U-turn|p1a: Dondozo
|-damage|p1a: Dondozo|44/100
|
|t:|1779592765
|switch|p2a: SheWasAFairy|Raging Bolt|100/100|[from] U-turn
|move|p1a: Dondozo|Body Press|p2a: SheWasAFairy
|-damage|p2a: SheWasAFairy|75/100
|
|-heal|p1a: Dondozo|50/100|[from] item: Leftovers
|upkeep
|turn|21
|
|t:|1779592772
|switch|p1a: Great Tusk|Great Tusk|100/100
|move|p2a: SheWasAFairy|Draco Meteor|p1a: Great Tusk
|-damage|p1a: Great Tusk|0 fnt
|-unboost|p2a: SheWasAFairy|spa|2
|faint|p1a: Great Tusk
|-end|p1a: Great Tusk|Protosynthesis|[silent]
|
|upkeep
|
|t:|1779592776
|switch|p1a: Dugtrio|Dugtrio, F|88/100
|-damage|p1a: Dugtrio|76/100|[from] Spikes
|turn|22
|
|t:|1779592790
|-end|p2a: SheWasAFairy|Protosynthesis|[silent]
|switch|p2a: OldPal|Landorus-Therian, M|6/100
|-ability|p2a: OldPal|Intimidate|boost
|-unboost|p1a: Dugtrio|atk|1
|move|p1a: Dugtrio|Rock Slide|p2a: OldPal
|-damage|p2a: OldPal|0 fnt
|faint|p2a: OldPal
|
|upkeep
|
|t:|1779592797
|switch|p2a: GoldenGod|Gholdengo|21/100
|turn|23
|
|t:|1779592808
|move|p1a: Dugtrio|Rock Slide|p2a: GoldenGod
|-resisted|p2a: GoldenGod
|-damage|p2a: GoldenGod|13/100
|move|p2a: GoldenGod|Focus Blast|p1a: Dugtrio
|-damage|p1a: Dugtrio|0 fnt
|faint|p1a: Dugtrio
|
|upkeep
|
|t:|1779592812
|switch|p1a: Kingambit|Kingambit, F|67/100
|-damage|p1a: Kingambit|55/100|[from] Spikes
|-activate|p1a: Kingambit|ability: Supreme Overlord
|-start|p1a: Kingambit|fallen4|[silent]
|turn|24
|
|t:|1779592818
|switch|p2a: SheWasAFairy|Raging Bolt|75/100
|move|p1a: Kingambit|Swords Dance|p1a: Kingambit
|-boost|p1a: Kingambit|atk|2
|
|-heal|p1a: Kingambit|61/100|[from] item: Leftovers
|upkeep
|turn|25
|
|t:|1779592826
|move|p2a: SheWasAFairy|Thunderclap|p1a: Kingambit
|-damage|p1a: Kingambit|0 fnt
|faint|p1a: Kingambit
|-end|p1a: Kingambit|fallen4|[silent]
|
|upkeep
|-message|30delta forfeited.
|
|win|LessionTTV
|raw|30delta's rating: 1359 &rarr; <strong>1336</strong><br />(-23 for losing)
|raw|LessionTTV's rating: 1305 &rarr; <strong>1328</strong><br />(+23 for winning)
|l|☆30delta
|player|p1|
|l|☆LessionTTV
|player|p2|
