|j|☆samerotts you
|j|☆jeffiscool1
|t:|1779569373
|gametype|singles
|player|p1|samerotts you|caitlin|1331
|player|p2|jeffiscool1|swimmerf-gen4|1294
|gen|9
|tier|[Gen 9] OU
|rated|
|rule|HP Percentage Mod: HP is shown in percentages
|rule|Endless Battle Clause: Forcing endless battles is banned
|rule|Species Clause: Limit one of each Pokémon
|rule|OHKO Clause: OHKO moves are banned
|rule|Evasion Items Clause: Evasion items are banned
|rule|Evasion Moves Clause: Evasion moves are banned
|rule|Evasion Abilities Clause: Evasion abilities are banned
|rule|Sleep Moves Clause: Sleep-inducing moves are banned
|clearpoke
|poke|p1|Ting-Lu|
|poke|p1|Great Tusk|
|poke|p1|Gholdengo|
|poke|p1|Dragonite, F|
|poke|p1|Skeledirge, F|
|poke|p1|Primarina, M|
|poke|p2|Kingambit, M|
|poke|p2|Zamazenta-*|
|poke|p2|Kyurem|
|poke|p2|Hatterene, F|
|poke|p2|Glimmora, M|
|poke|p2|Gholdengo|
|teampreview
|inactive|Battle timer is ON: inactive players will automatically lose when time's up. (requested by samerotts you)
|
|t:|1779569383
|teamsize|p1|6
|teamsize|p2|6
|start
|switch|p1a: Goldeengo|Gholdengo|100/100
|switch|p2a: Glimmora|Glimmora, M|100/100
|turn|1
|
|t:|1779569389
|move|p1a: Goldeengo|Make It Rain|p2a: Glimmora
|-supereffective|p2a: Glimmora
|-crit|p2a: Glimmora
|-enditem|p2a: Glimmora|Focus Sash
|-damage|p2a: Glimmora|1/100
|-unboost|p1a: Goldeengo|spa|1
|move|p2a: Glimmora|Earth Power|p1a: Goldeengo
|-supereffective|p1a: Goldeengo
|-damage|p1a: Goldeengo|26/100
|
|upkeep
|turn|2
|
|t:|1779569407
|switch|p2a: Kingambit|Kingambit, M|100/100
|move|p1a: Goldeengo|Make It Rain|p2a: Kingambit
|-resisted|p2a: Kingambit
|-damage|p2a: Kingambit|75/100
|-unboost|p1a: Goldeengo|spa|1
|
|upkeep
|turn|3
|
|t:|1779569420
|switch|p1a: Piranha|Primarina, M|100/100
|move|p2a: Kingambit|Swords Dance|p2a: Kingambit
|-boost|p2a: Kingambit|atk|2
|
|upkeep
|turn|4
|
|t:|1779569433
|move|p1a: Piranha|Moonblast|p2a: Kingambit
|-damage|p2a: Kingambit|18/100
|move|p2a: Kingambit|Iron Head|p1a: Piranha
|-damage|p1a: Piranha|0 fnt
|faint|p1a: Piranha
|
|upkeep
|
|t:|1779569442
|switch|p1a: Skelecopter|Skeledirge, F|100/100
|turn|5
|
|t:|1779569454
|move|p2a: Kingambit|Sucker Punch|p1a: Skelecopter
|-supereffective|p1a: Skelecopter
|-damage|p1a: Skelecopter|39/100
|move|p1a: Skelecopter|Torch Song|p2a: Kingambit
|-supereffective|p2a: Kingambit
|-damage|p2a: Kingambit|0 fnt
|-boost|p1a: Skelecopter|spa|1
|faint|p2a: Kingambit
|-end|p2a: Kingambit|fallenundefined|[silent]
|
|upkeep
|
|t:|1779569461
|switch|p2a: Glimmora|Glimmora, M|1/100
|turn|6
|
|t:|1779569473
|switch|p1a: Tinga-Linga|Ting-Lu|100/100
|-ability|p1a: Tinga-Linga|Vessel of Ruin
|move|p2a: Glimmora|Stealth Rock|p1a: Tinga-Linga
|-sidestart|p1: samerotts you|move: Stealth Rock
|
|upkeep
|turn|7
|
|t:|1779569486
|move|p2a: Glimmora|Earth Power|p1a: Tinga-Linga
|-damage|p1a: Tinga-Linga|88/100
|-unboost|p1a: Tinga-Linga|spd|1
|move|p1a: Tinga-Linga|Stealth Rock|p2a: Glimmora
|-sidestart|p2: jeffiscool1|move: Stealth Rock
|
|-heal|p1a: Tinga-Linga|95/100|[from] item: Leftovers
|upkeep
|turn|8
|
|t:|1779569498
|switch|p1a: Zamazentu|Dragonite, F|100/100
|move|p2a: Glimmora|Mortal Spin|p1a: Zamazentu
|-damage|p1a: Zamazentu|97/100
|-status|p1a: Zamazentu|psn
|-sideend|p2: jeffiscool1|Stealth Rock|[from] move: Mortal Spin|[of] p2a: Glimmora
|
|-damage|p1a: Zamazentu|85/100 psn|[from] psn
|upkeep
|turn|9
|c|☆jeffiscool1|loool
|c|☆jeffiscool1|absolute worst thing that could've happened
|c|☆jeffiscool1|for you
|
|t:|1779569523
|switch|p1a: Tinga-Linga|Ting-Lu|95/100
|-damage|p1a: Tinga-Linga|88/100|[from] Stealth Rock
|-ability|p1a: Tinga-Linga|Vessel of Ruin
|move|p2a: Glimmora|Power Gem|p1a: Tinga-Linga
|-resisted|p1a: Tinga-Linga
|-damage|p1a: Tinga-Linga|79/100
|
|-heal|p1a: Tinga-Linga|85/100|[from] item: Leftovers
|upkeep
|turn|10
|
|t:|1779569540
|move|p2a: Glimmora|Earth Power|p1a: Tinga-Linga
|-damage|p1a: Tinga-Linga|73/100
|move|p1a: Tinga-Linga|Stealth Rock|p2a: Glimmora
|-sidestart|p2: jeffiscool1|move: Stealth Rock
|
|-heal|p1a: Tinga-Linga|79/100|[from] item: Leftovers
|upkeep
|turn|11
|
|t:|1779569557
|switch|p1a: Goldeengo|Gholdengo|26/100
|-damage|p1a: Goldeengo|20/100|[from] Stealth Rock
|move|p2a: Glimmora|Earth Power|p1a: Goldeengo
|-supereffective|p1a: Goldeengo
|-damage|p1a: Goldeengo|0 fnt
|faint|p1a: Goldeengo
|
|upkeep
|inactive|samerotts you has 120 seconds left.
|
|t:|1779569573
|switch|p1a: Mid Tusk|Great Tusk|100/100
|turn|12
|inactive|samerotts you has 120 seconds left.
|
|t:|1779569589
|move|p1a: Mid Tusk|Rapid Spin|p2a: Glimmora
|-resisted|p2a: Glimmora
|-damage|p2a: Glimmora|0 fnt
|-boost|p1a: Mid Tusk|spe|1
|-activate|p2a: Glimmora|ability: Toxic Debris
|-sidestart|p1: samerotts you|move: Toxic Spikes
|-sideend|p1: samerotts you|Toxic Spikes|[from] move: Rapid Spin|[of] p1a: Mid Tusk
|-sideend|p1: samerotts you|Stealth Rock|[from] move: Rapid Spin|[of] p1a: Mid Tusk
|faint|p2a: Glimmora
|
|upkeep
|
|t:|1779569601
|switch|p2a: Hatterene|Hatterene, F|100/100
|-damage|p2a: Hatterene|88/100|[from] Stealth Rock
|turn|13
|inactive|samerotts you has 120 seconds left.
|
|t:|1779569620
|-terastallize|p1a: Mid Tusk|Fairy
|move|p1a: Mid Tusk|Headlong Rush|p2a: Hatterene
|-damage|p2a: Hatterene|38/100
|-unboost|p1a: Mid Tusk|def|1
|-unboost|p1a: Mid Tusk|spd|1
|move|p2a: Hatterene|Draining Kiss|p1a: Mid Tusk
|-damage|p1a: Mid Tusk|53/100
|-heal|p2a: Hatterene|80/100|[from] drain|[of] p1a: Mid Tusk
|
|-heal|p2a: Hatterene|86/100|[from] item: Leftovers
|upkeep
|turn|14
|inactive|samerotts you has 120 seconds left.
|
|t:|1779569638
|-end|p1a: Mid Tusk|Protosynthesis|[silent]
|switch|p1a: Skelecopter|Skeledirge, F|39/100
|move|p2a: Hatterene|Draining Kiss|p1a: Skelecopter
|-resisted|p1a: Skelecopter
|-damage|p1a: Skelecopter|27/100
|-heal|p2a: Hatterene|98/100|[from] drain|[of] p1a: Skelecopter
|
|-heal|p2a: Hatterene|100/100|[from] item: Leftovers
|upkeep
|turn|15
|
|t:|1779569658
|-terastallize|p2a: Hatterene|Water
|move|p1a: Skelecopter|Slack Off|p1a: Skelecopter
|-heal|p1a: Skelecopter|77/100
|move|p2a: Hatterene|Calm Mind|p2a: Hatterene
|-boost|p2a: Hatterene|spa|1
|-boost|p2a: Hatterene|spd|1
|
|upkeep
|turn|16
|
|t:|1779569679
|move|p1a: Skelecopter|Torch Song|p2a: Hatterene
|-resisted|p2a: Hatterene
|-damage|p2a: Hatterene|86/100
|-boost|p1a: Skelecopter|spa|1
|move|p2a: Hatterene|Nuzzle|p1a: Skelecopter
|-damage|p1a: Skelecopter|74/100
|-status|p1a: Skelecopter|par
|
|-heal|p2a: Hatterene|92/100|[from] item: Leftovers
|upkeep
|turn|17
|inactive|samerotts you has 90 seconds left.
|
|t:|1779569702
|move|p2a: Hatterene|Calm Mind|p2a: Hatterene
|-boost|p2a: Hatterene|spa|1
|-boost|p2a: Hatterene|spd|1
|move|p1a: Skelecopter|Slack Off|p1a: Skelecopter
|-heal|p1a: Skelecopter|100/100 par
|
|-heal|p2a: Hatterene|98/100|[from] item: Leftovers
|upkeep
|turn|18
|inactive|samerotts you has 90 seconds left.
|
|t:|1779569725
|move|p2a: Hatterene|Psychic|p1a: Skelecopter
|-crit|p1a: Skelecopter
|-damage|p1a: Skelecopter|32/100 par
|cant|p1a: Skelecopter|par
|
|-heal|p2a: Hatterene|100/100|[from] item: Leftovers
|upkeep
|turn|19
|inactive|samerotts you has 60 seconds left.
|
|t:|1779569752
|switch|p1a: Tinga-Linga|Ting-Lu|79/100
|-ability|p1a: Tinga-Linga|Vessel of Ruin
|move|p2a: Hatterene|Psychic|p1a: Tinga-Linga
|-immune|p1a: Tinga-Linga
|
|-heal|p1a: Tinga-Linga|85/100|[from] item: Leftovers
|upkeep
|turn|20
|inactive|samerotts you has 60 seconds left.
|
|t:|1779569774
|move|p2a: Hatterene|Draining Kiss|p1a: Tinga-Linga
|-supereffective|p1a: Tinga-Linga
|-damage|p1a: Tinga-Linga|45/100
|move|p1a: Tinga-Linga|Whirlwind|p2a: Hatterene
|move|p2a: Hatterene|Whirlwind|p1a: Tinga-Linga|[from] ability: Magic Bounce
|drag|p1a: Zamazentu|Dragonite, F|85/100 psn
|
|-damage|p1a: Zamazentu|73/100 psn|[from] psn
|upkeep
|turn|21
|-message|samerotts you forfeited.
|
|win|jeffiscool1
|raw|samerotts you's rating: 1331 &rarr; <strong>1309</strong><br />(-22 for losing)
|raw|jeffiscool1's rating: 1294 &rarr; <strong>1322</strong><br />(+28 for winning)
|l|☆samerotts you
|player|p1|
