|j|☆claudechamp
|j|☆KalosToHighElo
|t:|1779697908
|gametype|singles
|player|p1|claudechamp|169|1147
|player|p2|KalosToHighElo|preschooler|1085
|gen|9
|tier|[Gen 9] OU
|rated|
|rule|HP Percentage Mod: HP is shown in percentages
|rule|Endless Battle Clause: Forcing endless battles is banned
|rule|Species Clause: Limit one of each Pokémon
|rule|OHKO Clause: OHKO moves are banned
|rule|Evasion Items Clause: Evasion items are banned
|rule|Evasion Moves Clause: Evasion moves are banned
|rule|Evasion Abilities Clause: Evasion abilities are banned
|rule|Sleep Moves Clause: Sleep-inducing moves are banned
|clearpoke
|poke|p1|Gliscor, M|
|poke|p1|Gholdengo|
|poke|p1|Zamazenta-*|
|poke|p1|Blissey, F|
|poke|p1|Skarmory, F|
|poke|p1|Pecharunt|
|poke|p2|Hawlucha, M|
|poke|p2|Noivern, F|
|poke|p2|Klefki, F|
|poke|p2|Goodra, F|
|poke|p2|Chesnaught, F|
|poke|p2|Florges-Orange, F|
|teampreview
|c|☆claudechamp|hf
|inactive|Battle timer is ON: inactive players will automatically lose when time's up. (requested by claudechamp)
|c|☆KalosToHighElo|oh my fucking god blissey
|
|t:|1779697927
|teamsize|p1|6
|teamsize|p2|6
|start
|switch|p1a: Skarmory|Skarmory, F|100/100
|switch|p2a: Cha-ching|Klefki, F|100/100
|turn|1
|
|t:|1779697932
|move|p2a: Cha-ching|Thunder Wave|p1a: Skarmory
|-status|p1a: Skarmory|par
|move|p1a: Skarmory|Spikes|p2a: Cha-ching
|-sidestart|p2: KalosToHighElo|Spikes
|
|upkeep
|turn|2
|
|t:|1779697939
|move|p2a: Cha-ching|Spikes|p1a: Skarmory
|-sidestart|p1: claudechamp|Spikes
|move|p1a: Skarmory|Spikes|p2a: Cha-ching
|-sidestart|p2: KalosToHighElo|Spikes
|
|upkeep
|turn|3
|
|t:|1779697943
|switch|p1a: Gliscor|Gliscor, M|100/100
|move|p2a: Cha-ching|Spikes|p1a: Gliscor
|-sidestart|p1: claudechamp|Spikes
|
|-status|p1a: Gliscor|tox|[from] item: Toxic Orb
|upkeep
|turn|4
|
|t:|1779697948
|move|p2a: Cha-ching|Magnet Rise|p2a: Cha-ching
|-start|p2a: Cha-ching|Magnet Rise
|move|p1a: Gliscor|Swords Dance|p1a: Gliscor
|-boost|p1a: Gliscor|atk|2
|
|upkeep
|turn|5
|
|t:|1779697956
|move|p1a: Gliscor|Knock Off|p2a: Cha-ching
|-resisted|p2a: Cha-ching
|-damage|p2a: Cha-ching|76/100
|-enditem|p2a: Cha-ching|Leftovers|[from] move: Knock Off|[of] p1a: Gliscor
|move|p2a: Cha-ching|Foul Play|p1a: Gliscor
|-damage|p1a: Gliscor|69/100 tox
|
|-heal|p1a: Gliscor|81/100 tox|[from] ability: Poison Heal
|upkeep
|turn|6
|
|t:|1779697964
|move|p1a: Gliscor|Protect|p1a: Gliscor
|-singleturn|p1a: Gliscor|Protect
|move|p2a: Cha-ching|Spikes|p1a: Gliscor
|-sidestart|p1: claudechamp|Spikes
|
|-heal|p1a: Gliscor|94/100 tox|[from] ability: Poison Heal
|upkeep
|turn|7
|
|t:|1779697970
|move|p1a: Gliscor|Knock Off|p2a: Cha-ching
|-resisted|p2a: Cha-ching
|-damage|p2a: Cha-ching|61/100
|move|p2a: Cha-ching|Foul Play|p1a: Gliscor
|-damage|p1a: Gliscor|59/100 tox
|
|-heal|p1a: Gliscor|71/100 tox|[from] ability: Poison Heal
|upkeep
|turn|8
|
|t:|1779697978
|move|p1a: Gliscor|Protect|p1a: Gliscor
|-singleturn|p1a: Gliscor|Protect
|move|p2a: Cha-ching|Foul Play|p1a: Gliscor
|-activate|p1a: Gliscor|move: Protect
|
|-heal|p1a: Gliscor|84/100 tox|[from] ability: Poison Heal
|-end|p2a: Cha-ching|Magnet Rise
|upkeep
|turn|9
|
|t:|1779697985
|move|p2a: Cha-ching|Magnet Rise|p2a: Cha-ching
|-start|p2a: Cha-ching|Magnet Rise
|move|p1a: Gliscor|Knock Off|p2a: Cha-ching
|-resisted|p2a: Cha-ching
|-damage|p2a: Cha-ching|45/100
|
|-heal|p1a: Gliscor|96/100 tox|[from] ability: Poison Heal
|upkeep
|turn|10
|
|t:|1779697993
|move|p2a: Cha-ching|Spikes||[still]
|-fail|p2a: Cha-ching
|move|p1a: Gliscor|Knock Off|p2a: Cha-ching
|-resisted|p2a: Cha-ching
|-damage|p2a: Cha-ching|27/100
|
|-heal|p1a: Gliscor|100/100 tox|[from] ability: Poison Heal
|upkeep
|turn|11
|inactive|KalosToHighElo has 120 seconds left.
|
|t:|1779698040
|move|p1a: Gliscor|Knock Off|p2a: Cha-ching
|-resisted|p2a: Cha-ching
|-damage|p2a: Cha-ching|10/100
|move|p2a: Cha-ching|Foul Play|p1a: Gliscor
|-damage|p1a: Gliscor|65/100 tox
|
|-heal|p1a: Gliscor|77/100 tox|[from] ability: Poison Heal
|upkeep
|turn|12
|
|t:|1779698050
|move|p1a: Gliscor|Knock Off|p2a: Cha-ching
|-resisted|p2a: Cha-ching
|-damage|p2a: Cha-ching|0 fnt
|faint|p2a: Cha-ching
|
|-heal|p1a: Gliscor|90/100 tox|[from] ability: Poison Heal
|upkeep
|
|t:|1779698058
|switch|p2a: #StopSlander|Goodra, F|100/100
|-damage|p2a: #StopSlander|84/100|[from] Spikes
|turn|13
|
|t:|1779698080
|move|p1a: Gliscor|Knock Off|p2a: #StopSlander
|-damage|p2a: #StopSlander|36/100
|-ability|p2a: #StopSlander|Gooey
|-unboost|p1a: Gliscor|spe|1
|-enditem|p2a: #StopSlander|Assault Vest|[from] move: Knock Off|[of] p1a: Gliscor
|move|p2a: #StopSlander|Aqua Tail|p1a: Gliscor|[miss]
|-miss|p2a: #StopSlander|p1a: Gliscor
|
|-heal|p1a: Gliscor|100/100 tox|[from] ability: Poison Heal
|upkeep
|turn|14
|
|t:|1779698091
|move|p2a: #StopSlander|Aqua Tail|p1a: Gliscor
|-supereffective|p1a: Gliscor
|-damage|p1a: Gliscor|58/100 tox
|move|p1a: Gliscor|Earthquake|p2a: #StopSlander
|-damage|p2a: #StopSlander|0 fnt
|faint|p2a: #StopSlander
|
|-heal|p1a: Gliscor|70/100 tox|[from] ability: Poison Heal
|upkeep
|
|t:|1779698100
|switch|p2a: THE GOAT!|Noivern, F|100/100
|-item|p1a: Gliscor|Toxic Orb|[from] ability: Frisk|[of] p2a: THE GOAT!
|turn|15
|
|t:|1779698107
|move|p2a: THE GOAT!|Taunt|p1a: Gliscor
|-start|p1a: Gliscor|move: Taunt
|move|p1a: Gliscor|Knock Off|p2a: THE GOAT!
|-damage|p2a: THE GOAT!|45/100
|-enditem|p2a: THE GOAT!|Focus Sash|[from] move: Knock Off|[of] p1a: Gliscor
|
|-heal|p1a: Gliscor|83/100 tox|[from] ability: Poison Heal
|upkeep
|turn|16
|inactive|KalosToHighElo has 90 seconds left.
|
|t:|1779698143
|move|p2a: THE GOAT!|Boomburst|p1a: Gliscor
|-damage|p1a: Gliscor|43/100 tox
|move|p1a: Gliscor|Knock Off|p2a: THE GOAT!
|-damage|p2a: THE GOAT!|9/100
|
|-heal|p1a: Gliscor|55/100 tox|[from] ability: Poison Heal
|upkeep
|turn|17
|inactive|KalosToHighElo has 90 seconds left.
|
|t:|1779698151
|move|p2a: THE GOAT!|Super Fang|p1a: Gliscor
|-damage|p1a: Gliscor|28/100 tox
|move|p1a: Gliscor|Knock Off|p2a: THE GOAT!
|-damage|p2a: THE GOAT!|0 fnt
|faint|p2a: THE GOAT!
|
|-heal|p1a: Gliscor|40/100 tox|[from] ability: Poison Heal
|-end|p1a: Gliscor|move: Taunt
|upkeep
|inactive|KalosToHighElo has 90 seconds left.
|
|t:|1779698162
|switch|p2a: El Luchador|Hawlucha, M, shiny|100/100
|turn|18
|inactive|KalosToHighElo has 90 seconds left.
|
|t:|1779698168
|move|p2a: El Luchador|Swords Dance|p2a: El Luchador
|-boost|p2a: El Luchador|atk|2
|move|p1a: Gliscor|Knock Off|p2a: El Luchador
|-resisted|p2a: El Luchador
|-damage|p2a: El Luchador|73/100
|-enditem|p2a: El Luchador|Sitrus Berry|[from] move: Knock Off|[of] p1a: Gliscor
|
|-heal|p1a: Gliscor|53/100 tox|[from] ability: Poison Heal
|upkeep
|turn|19
|
|t:|1779698177
|switch|p1a: Zamazenta|Zamazenta|100/100
|-ability|p1a: Zamazenta|Dauntless Shield|boost
|-boost|p1a: Zamazenta|def|1
|move|p2a: El Luchador|Acrobatics|p1a: Zamazenta
|-supereffective|p1a: Zamazenta
|-damage|p1a: Zamazenta|0 fnt
|faint|p1a: Zamazenta
|
|upkeep
|
|t:|1779698183
|switch|p1a: Pecharunt|Pecharunt|100/100
|turn|20
|
|t:|1779698191
|move|p2a: El Luchador|Acrobatics|p1a: Pecharunt
|-crit|p1a: Pecharunt
|-damage|p1a: Pecharunt|30/100
|move|p1a: Pecharunt|Shadow Ball|p2a: El Luchador
|-damage|p2a: El Luchador|38/100
|-unboost|p2a: El Luchador|spd|1
|
|upkeep
|turn|21
|
|t:|1779698217
|move|p2a: El Luchador|Acrobatics|p1a: Pecharunt
|-damage|p1a: Pecharunt|0 fnt
|faint|p1a: Pecharunt
|
|upkeep
|
|t:|1779698221
|switch|p1a: Gholdengo|Gholdengo|100/100
|-damage|p1a: Gholdengo|76/100|[from] Spikes
|turn|22
|
|t:|1779698228
|move|p2a: El Luchador|Roost|p2a: El Luchador
|-heal|p2a: El Luchador|88/100
|-singleturn|p2a: El Luchador|move: Roost
|move|p1a: Gholdengo|Hex|p2a: El Luchador
|-damage|p2a: El Luchador|26/100
|
|upkeep
|turn|23
|
|t:|1779698237
|move|p2a: El Luchador|Acrobatics|p1a: Gholdengo
|-resisted|p1a: Gholdengo
|-damage|p1a: Gholdengo|38/100
|move|p1a: Gholdengo|Hex|p2a: El Luchador
|-damage|p2a: El Luchador|0 fnt
|faint|p2a: El Luchador
|
|upkeep
|
|t:|1779698247
|switch|p2a: My MAN|Chesnaught, F|100/100
|-damage|p2a: My MAN|84/100|[from] Spikes
|turn|24
|
|t:|1779698254
|move|p1a: Gholdengo|Recover|p1a: Gholdengo
|-heal|p1a: Gholdengo|88/100
|move|p2a: My MAN|Knock Off|p1a: Gholdengo
|-supereffective|p1a: Gholdengo
|-damage|p1a: Gholdengo|49/100
|-enditem|p1a: Gholdengo|Ability Shield|[from] move: Knock Off|[of] p2a: My MAN
|
|upkeep
|turn|25
|
|t:|1779698263
|-terastallize|p1a: Gholdengo|Fairy
|move|p1a: Gholdengo|Nasty Plot|p1a: Gholdengo
|-boost|p1a: Gholdengo|spa|2
|move|p2a: My MAN|Leech Seed|p1a: Gholdengo
|-immune|p1a: Gholdengo|[from] ability: Good as Gold
|
|upkeep
|turn|26
|inactive|KalosToHighElo has 120 seconds left.
|
|t:|1779698272
|move|p1a: Gholdengo|Hex|p2a: My MAN
|-damage|p2a: My MAN|27/100
|move|p2a: My MAN|Seed Bomb|p1a: Gholdengo
|-damage|p1a: Gholdengo|27/100
|
|upkeep
|turn|27
|
|t:|1779698278
|switch|p2a: His girl|Florges-Orange, F|100/100
|-damage|p2a: His girl|84/100|[from] Spikes
|move|p1a: Gholdengo|Hex|p2a: His girl
|-damage|p2a: His girl|55/100
|
|-heal|p2a: His girl|61/100|[from] item: Leftovers
|upkeep
|turn|28
|
|t:|1779698287
|move|p1a: Gholdengo|Recover|p1a: Gholdengo
|-heal|p1a: Gholdengo|77/100
|move|p2a: His girl|Wish|p2a: His girl
|
|-heal|p2a: His girl|67/100|[from] item: Leftovers
|upkeep
|turn|29
|
|t:|1779698296
|move|p1a: Gholdengo|Thunder Wave|p2a: His girl
|-status|p2a: His girl|par
|move|p2a: His girl|Calm Mind|p2a: His girl
|-boost|p2a: His girl|spa|1
|-boost|p2a: His girl|spd|1
|
|-heal|p2a: His girl|100/100 par|[from] move: Wish|[wisher] His girl
|upkeep
|turn|30
|
|t:|1779698305
|switch|p1a: Gliscor|Gliscor, M|53/100 tox
|move|p2a: His girl|Moonblast|p1a: Gliscor
|-damage|p1a: Gliscor|2/100 tox
|
|-heal|p1a: Gliscor|14/100 tox|[from] ability: Poison Heal
|upkeep
|turn|31
|
|t:|1779698313
|switch|p1a: Blissey|Blissey, F|100/100
|cant|p2a: His girl|par
|
|upkeep
|turn|32
|
|t:|1779698322
|move|p1a: Blissey|Shadow Ball|p2a: His girl
|-damage|p2a: His girl|95/100 par
|cant|p2a: His girl|par
|
|-heal|p2a: His girl|100/100 par|[from] item: Leftovers
|upkeep
|turn|33
|
|t:|1779698332
|move|p1a: Blissey|Shadow Ball|p2a: His girl
|-damage|p2a: His girl|95/100 par
|move|p2a: His girl|Calm Mind|p2a: His girl
|-boost|p2a: His girl|spa|1
|-boost|p2a: His girl|spd|1
|
|-heal|p2a: His girl|100/100 par|[from] item: Leftovers
|upkeep
|turn|34
|
|t:|1779698343
|switch|p1a: Skarmory|Skarmory, F|100/100 par
|move|p2a: His girl|Calm Mind|p2a: His girl
|-boost|p2a: His girl|spa|1
|-boost|p2a: His girl|spd|1
|
|upkeep
|turn|35
|inactive|KalosToHighElo has 120 seconds left.
|
|t:|1779698373
|move|p2a: His girl|Psychic Noise|p1a: Skarmory
|-resisted|p1a: Skarmory
|-damage|p1a: Skarmory|65/100 par
|-start|p1a: Skarmory|move: Heal Block
|move|p1a: Skarmory|Whirlwind|p2a: His girl
|drag|p2a: My MAN|Chesnaught, F|27/100
|-damage|p2a: My MAN|10/100|[from] Spikes
|
|upkeep
|turn|36
|inactive|KalosToHighElo has 120 seconds left.
|
|t:|1779698385
|switch|p1a: Gholdengo|Gholdengo, tera:Fairy|77/100
|-damage|p1a: Gholdengo|52/100|[from] Spikes
|move|p2a: My MAN|Drain Punch|p1a: Gholdengo
|-resisted|p1a: Gholdengo
|-damage|p1a: Gholdengo|41/100
|-heal|p2a: My MAN|17/100|[from] drain|[of] p1a: Gholdengo
|
|upkeep
|turn|37
|
|t:|1779698393
|switch|p2a: His girl|Florges-Orange, F|100/100 par
|-damage|p2a: His girl|84/100 par|[from] Spikes
|move|p1a: Gholdengo|Recover|p1a: Gholdengo
|-heal|p1a: Gholdengo|91/100
|
|-heal|p2a: His girl|90/100 par|[from] item: Leftovers
|upkeep
|turn|38
|
|t:|1779698401
|switch|p1a: Skarmory|Skarmory, F|65/100 par
|cant|p2a: His girl|par
|
|-heal|p2a: His girl|96/100 par|[from] item: Leftovers
|upkeep
|turn|39
|
|t:|1779698409
|move|p2a: His girl|Wish|p2a: His girl
|cant|p1a: Skarmory|par
|
|-heal|p2a: His girl|100/100 par|[from] item: Leftovers
|upkeep
|turn|40
|
|t:|1779698420
|move|p1a: Skarmory|Roost|p1a: Skarmory
|-heal|p1a: Skarmory|100/100 par
|-singleturn|p1a: Skarmory|move: Roost
|move|p2a: His girl|Moonblast|p1a: Skarmory
|-resisted|p1a: Skarmory
|-damage|p1a: Skarmory|74/100 par
|
|upkeep
|turn|41
|c|☆KalosToHighElo|guess we are stuck in a cycle
|
|t:|1779698431
|cant|p2a: His girl|par
|move|p1a: Skarmory|Whirlwind|p2a: His girl
|drag|p2a: My MAN|Chesnaught, F|17/100
|-damage|p2a: My MAN|0 fnt|[from] Spikes
|faint|p2a: My MAN
|
|upkeep
|
|t:|1779698437
|switch|p2a: His girl|Florges-Orange, F|100/100 par
|-damage|p2a: His girl|84/100 par|[from] Spikes
|turn|42
|
|t:|1779698445
|move|p1a: Skarmory|Body Press|p2a: His girl
|-resisted|p2a: His girl
|-damage|p2a: His girl|63/100 par
|move|p2a: His girl|Calm Mind|p2a: His girl
|-boost|p2a: His girl|spa|1
|-boost|p2a: His girl|spd|1
|
|-heal|p2a: His girl|69/100 par|[from] item: Leftovers
|upkeep
|turn|43
|
|t:|1779698453
|move|p2a: His girl|Calm Mind|p2a: His girl
|-boost|p2a: His girl|spa|1
|-boost|p2a: His girl|spd|1
|cant|p1a: Skarmory|par
|
|-heal|p2a: His girl|75/100 par|[from] item: Leftovers
|upkeep
|turn|44
|
|t:|1779698463
|move|p1a: Skarmory|Body Press|p2a: His girl
|-resisted|p2a: His girl
|-damage|p2a: His girl|56/100 par
|move|p2a: His girl|Wish|p2a: His girl
|
|-heal|p2a: His girl|62/100 par|[from] item: Leftovers
|upkeep
|turn|45
|
|t:|1779698476
|move|p2a: His girl|Calm Mind|p2a: His girl
|-boost|p2a: His girl|spa|1
|-boost|p2a: His girl|spd|1
|move|p1a: Skarmory|Whirlwind||[still]
|-fail|p1a: Skarmory
|
|-heal|p2a: His girl|100/100 par|[from] move: Wish|[wisher] His girl
|upkeep
|turn|46
|
|t:|1779698488
|move|p1a: Skarmory|Body Press|p2a: His girl
|-resisted|p2a: His girl
|-damage|p2a: His girl|79/100 par
|move|p2a: His girl|Calm Mind|p2a: His girl
|-boost|p2a: His girl|spa|1
|-boost|p2a: His girl|spd|1
|
|-heal|p2a: His girl|85/100 par|[from] item: Leftovers
|upkeep
|turn|47
|
|t:|1779698499
|move|p2a: His girl|Wish|p2a: His girl
|cant|p1a: Skarmory|par
|
|-heal|p2a: His girl|91/100 par|[from] item: Leftovers
|upkeep
|turn|48
|
|t:|1779698506
|cant|p1a: Skarmory|par
|cant|p2a: His girl|par
|
|-heal|p2a: His girl|100/100 par|[from] move: Wish|[wisher] His girl
|upkeep
|turn|49
|
|t:|1779698514
|move|p2a: His girl|Calm Mind|p2a: His girl
|-boost|p2a: His girl|spa|1
|-boost|p2a: His girl|spd|1
|move|p1a: Skarmory|Whirlwind||[still]
|-fail|p1a: Skarmory
|
|upkeep
|turn|50
|
|t:|1779698536
|move|p1a: Skarmory|Body Press|p2a: His girl
|-resisted|p2a: His girl
|-damage|p2a: His girl|82/100 par
|cant|p2a: His girl|par
|
|-heal|p2a: His girl|88/100 par|[from] item: Leftovers
|upkeep
|turn|51
|
|t:|1779698545
|move|p2a: His girl|Calm Mind|p2a: His girl
|-boost|p2a: His girl|spa|1
|-boost|p2a: His girl|spd|1
|move|p1a: Skarmory|Whirlwind||[still]
|-fail|p1a: Skarmory
|
|-heal|p2a: His girl|94/100 par|[from] item: Leftovers
|upkeep
|turn|52
|
|t:|1779698555
|cant|p1a: Skarmory|par
|move|p2a: His girl|Moonblast|p1a: Skarmory
|-resisted|p1a: Skarmory
|-damage|p1a: Skarmory|0 fnt
|faint|p1a: Skarmory
|
|-heal|p2a: His girl|100/100 par|[from] item: Leftovers
|upkeep
|
|t:|1779698565
|switch|p1a: Blissey|Blissey, F|100/100
|turn|53
|
|t:|1779698574
|move|p1a: Blissey|Shadow Ball|p2a: His girl
|-damage|p2a: His girl|99/100 par
|cant|p2a: His girl|par
|
|-heal|p2a: His girl|100/100 par|[from] item: Leftovers
|upkeep
|turn|54
|
|t:|1779698582
|move|p1a: Blissey|Shadow Ball|p2a: His girl
|-damage|p2a: His girl|98/100 par
|cant|p2a: His girl|par
|
|-heal|p2a: His girl|100/100 par|[from] item: Leftovers
|upkeep
|turn|55
|
|t:|1779698592
|switch|p1a: Gholdengo|Gholdengo, tera:Fairy|91/100
|-damage|p1a: Gholdengo|66/100|[from] Spikes
|move|p2a: His girl|Psychic Noise|p1a: Gholdengo
|-damage|p1a: Gholdengo|0 fnt
|faint|p1a: Gholdengo
|
|upkeep
|
|t:|1779698601
|switch|p1a: Blissey|Blissey, F|100/100
|turn|56
|
|t:|1779698609
|move|p1a: Blissey|Shadow Ball|p2a: His girl
|-damage|p2a: His girl|99/100 par
|move|p2a: His girl|Psychic Noise|p1a: Blissey
|-damage|p1a: Blissey|75/100
|-start|p1a: Blissey|move: Heal Block
|
|-heal|p2a: His girl|100/100 par|[from] item: Leftovers
|upkeep
|turn|57
|
|t:|1779698628
|switch|p1a: Gliscor|Gliscor, M|14/100 tox
|move|p2a: His girl|Moonblast|p1a: Gliscor
|-damage|p1a: Gliscor|0 fnt
|faint|p1a: Gliscor
|
|upkeep
|
|t:|1779698636
|switch|p1a: Blissey|Blissey, F|75/100
|turn|58
|
|t:|1779698646
|move|p1a: Blissey|Shadow Ball|p2a: His girl
|-crit|p2a: His girl
|-damage|p2a: His girl|88/100 par
|-unboost|p2a: His girl|spd|1
|cant|p2a: His girl|par
|
|-heal|p2a: His girl|94/100 par|[from] item: Leftovers
|upkeep
|turn|59
|
|t:|1779698666
|move|p1a: Blissey|Shadow Ball|p2a: His girl
|-damage|p2a: His girl|92/100 par
|move|p2a: His girl|Psychic Noise|p1a: Blissey
|-damage|p1a: Blissey|48/100
|-start|p1a: Blissey|move: Heal Block
|
|-heal|p2a: His girl|98/100 par|[from] item: Leftovers
|upkeep
|turn|60
|
|t:|1779698675
|move|p1a: Blissey|Shadow Ball|p2a: His girl
|-damage|p2a: His girl|95/100 par
|move|p2a: His girl|Moonblast|p1a: Blissey
|-damage|p1a: Blissey|0 fnt
|faint|p1a: Blissey
|
|win|KalosToHighElo
|raw|claudechamp's rating: 1198 &rarr; <strong>1165</strong><br />(-33 for losing)
|raw|KalosToHighElo's rating: 1085 &rarr; <strong>1121</strong><br />(+36 for winning)
|c|☆claudechamp|gg
|c|☆KalosToHighElo|gg
|l|☆claudechamp
|player|p1|
|l|☆KalosToHighElo
|player|p2|
