|j|☆leevoiceact
|j|☆oficial matute
|t:|1779566361
|gametype|singles
|player|p1|leevoiceact|giovanni|1106
|player|p2|oficial matute|policeman|1106
|gen|9
|tier|[Gen 9] OU
|rated|
|rule|HP Percentage Mod: HP is shown in percentages
|rule|Endless Battle Clause: Forcing endless battles is banned
|rule|Species Clause: Limit one of each Pokémon
|rule|OHKO Clause: OHKO moves are banned
|rule|Evasion Items Clause: Evasion items are banned
|rule|Evasion Moves Clause: Evasion moves are banned
|rule|Evasion Abilities Clause: Evasion abilities are banned
|rule|Sleep Moves Clause: Sleep-inducing moves are banned
|clearpoke
|poke|p1|Qwilfish-Hisui, M|
|poke|p1|Skeledirge, M|
|poke|p1|Iron Valiant|
|poke|p1|Noivern, M|
|poke|p1|Conkeldurr, M|
|poke|p1|Salamence, F|
|poke|p2|Noivern, F|
|poke|p2|Tropius, F|
|poke|p2|Landorus-Therian, M|
|poke|p2|Garchomp, M|
|poke|p2|Hydrapple, F|
|poke|p2|Torterra, M|
|teampreview
|inactive|Battle timer is ON: inactive players will automatically lose when time's up. (requested by oficial matute)
|
|t:|1779566374
|teamsize|p1|6
|teamsize|p2|6
|start
|switch|p1a: Red Wing|Salamence, F|100/100
|switch|p2a: 👁👅👁|Noivern, F|100/100
|-item|p1a: Red Wing|Lum Berry|[from] ability: Frisk|[of] p2a: 👁👅👁
|turn|1
|
|t:|1779566394
|switch|p1a: Morningstar|Qwilfish-Hisui, M|100/100
|-ability|p1a: Morningstar|Intimidate|boost
|-unboost|p2a: 👁👅👁|atk|1
|move|p2a: 👁👅👁|Switcheroo|p1a: Morningstar
|-activate|p2a: 👁👅👁|move: Trick|[of] p1a: Morningstar
|-item|p1a: Morningstar|Choice Scarf|[from] move: Switcheroo
|-item|p2a: 👁👅👁|Eviolite|[from] move: Switcheroo
|
|upkeep
|turn|2
|
|t:|1779566403
|move|p2a: 👁👅👁|Air Slash|p1a: Morningstar
|-damage|p1a: Morningstar|53/100
|cant|p1a: Morningstar|flinch
|
|upkeep
|turn|3
|
|t:|1779566411
|move|p2a: 👁👅👁|Air Slash|p1a: Morningstar
|-damage|p1a: Morningstar|11/100
|move|p1a: Morningstar|Toxic|p2a: 👁👅👁
|-status|p2a: 👁👅👁|tox
|
|-damage|p2a: 👁👅👁|94/100 tox|[from] psn
|upkeep
|turn|4
|
|t:|1779566421
|switch|p1a: Skullface|Skeledirge, M|100/100
|move|p2a: 👁👅👁|Air Slash|p1a: Skullface
|-damage|p1a: Skullface|74/100
|
|-damage|p2a: 👁👅👁|82/100 tox|[from] psn
|upkeep
|turn|5
|
|t:|1779566430
|switch|p2a: 👁🐽👁|Tropius, F, shiny|100/100
|move|p1a: Skullface|Torch Song|p2a: 👁🐽👁
|-supereffective|p2a: 👁🐽👁
|-damage|p2a: 👁🐽👁|62/100
|-boost|p1a: Skullface|spa|1
|-enditem|p1a: Skullface|Throat Spray
|-boost|p1a: Skullface|spa|1|[from] item: Throat Spray
|
|upkeep
|turn|6
|
|t:|1779566440
|-terastallize|p2a: 👁🐽👁|Ghost
|move|p1a: Skullface|Torch Song|p2a: 👁🐽👁
|-damage|p2a: 👁🐽👁|23/100
|-boost|p1a: Skullface|spa|1
|-enditem|p2a: 👁🐽👁|Sitrus Berry|[eat]
|-heal|p2a: 👁🐽👁|48/100|[from] item: Sitrus Berry
|move|p2a: 👁🐽👁|Leech Seed|p1a: Skullface
|-start|p1a: Skullface|move: Leech Seed
|
|-damage|p1a: Skullface|62/100|[from] Leech Seed|[of] p2a: 👁🐽👁
|-heal|p2a: 👁🐽👁|59/100|[silent]
|upkeep
|turn|7
|
|t:|1779566454
|move|p2a: 👁🐽👁|Protect|p2a: 👁🐽👁
|-singleturn|p2a: 👁🐽👁|Protect
|move|p1a: Skullface|Shadow Ball|p2a: 👁🐽👁
|-activate|p2a: 👁🐽👁|move: Protect
|
|-damage|p1a: Skullface|49/100|[from] Leech Seed|[of] p2a: 👁🐽👁
|-heal|p2a: 👁🐽👁|70/100|[silent]
|upkeep
|turn|8
|
|t:|1779566467
|switch|p2a: 👁👅👁|Noivern, F|82/100 tox
|move|p1a: Skullface|Shadow Ball|p2a: 👁👅👁
|-damage|p2a: 👁👅👁|0 fnt
|faint|p2a: 👁👅👁
|
|upkeep
|
|t:|1779566475
|switch|p2a: 👁👄👁|Hydrapple, F|100/100
|turn|9
|
|t:|1779566481
|move|p1a: Skullface|Alluring Voice|p2a: 👁👄👁
|-supereffective|p2a: 👁👄👁
|-damage|p2a: 👁👄👁|49/100
|move|p2a: 👁👄👁|Earth Power|p1a: Skullface
|-supereffective|p1a: Skullface
|-damage|p1a: Skullface|2/100
|
|-damage|p1a: Skullface|0 fnt|[from] Leech Seed|[of] p2a: 👁👄👁
|-heal|p2a: 👁👄👁|50/100|[silent]
|faint|p1a: Skullface
|upkeep
|
|t:|1779566493
|switch|p1a: Morningstar|Qwilfish-Hisui, M|11/100
|-ability|p1a: Morningstar|Intimidate|boost
|-unboost|p2a: 👁👄👁|atk|1
|turn|10
|
|t:|1779566500
|switch|p2a: 👁👃👁|Landorus-Therian, M|100/100
|-ability|p2a: 👁👃👁|Intimidate|boost
|-unboost|p1a: Morningstar|atk|1
|move|p1a: Morningstar|Spikes|p2a: 👁👃👁
|-sidestart|p2: oficial matute|Spikes
|
|upkeep
|turn|11
|
|t:|1779566509
|move|p1a: Morningstar|Spikes|p2a: 👁👃👁
|-sidestart|p2: oficial matute|Spikes
|move|p2a: 👁👃👁|Stealth Rock|p1a: Morningstar
|-sidestart|p1: leevoiceact|move: Stealth Rock
|
|upkeep
|turn|12
|
|t:|1779566514
|switch|p2a: 👁🐽👁|Tropius, F, shiny, tera:Ghost|70/100
|-damage|p2a: 👁🐽👁|54/100|[from] Spikes
|move|p1a: Morningstar|Spikes|p2a: 👁🐽👁
|-sidestart|p2: oficial matute|Spikes
|
|-item|p2a: 👁🐽👁|Sitrus Berry|[from] ability: Harvest
|upkeep
|turn|13
|
|t:|1779566524
|move|p1a: Morningstar|Spikes||[still]
|-fail|p1a: Morningstar
|move|p2a: 👁🐽👁|Substitute|p2a: 👁🐽👁
|-start|p2a: 👁🐽👁|Substitute
|-damage|p2a: 👁🐽👁|29/100
|-enditem|p2a: 👁🐽👁|Sitrus Berry|[eat]
|-heal|p2a: 👁🐽👁|54/100|[from] item: Sitrus Berry
|
|-item|p2a: 👁🐽👁|Sitrus Berry|[from] ability: Harvest
|upkeep
|turn|14
|
|t:|1779566539
|switch|p1a: Blade|Iron Valiant|100/100
|-damage|p1a: Blade|94/100|[from] Stealth Rock
|-enditem|p1a: Blade|Booster Energy
|-activate|p1a: Blade|ability: Quark Drive|[fromitem]
|-start|p1a: Blade|quarkdrivespe
|switch|p2a: 👁🔴👁|Torterra, M|100/100
|-damage|p2a: 👁🔴👁|75/100|[from] Spikes
|
|upkeep
|turn|15
|
|t:|1779566550
|move|p1a: Blade|Moonblast|p2a: 👁🔴👁
|-damage|p2a: 👁🔴👁|0 fnt
|faint|p2a: 👁🔴👁
|
|upkeep
|
|t:|1779566556
|switch|p2a: 👁🐽👁|Tropius, F, shiny, tera:Ghost|54/100
|-damage|p2a: 👁🐽👁|29/100|[from] Spikes
|-enditem|p2a: 👁🐽👁|Sitrus Berry|[eat]
|-heal|p2a: 👁🐽👁|54/100|[from] item: Sitrus Berry
|turn|16
|
|t:|1779566562
|move|p1a: Blade|Moonblast|p2a: 👁🐽👁
|-damage|p2a: 👁🐽👁|25/100
|-unboost|p2a: 👁🐽👁|spa|1
|move|p2a: 👁🐽👁|Leech Seed|p1a: Blade
|-start|p1a: Blade|move: Leech Seed
|
|-damage|p1a: Blade|82/100|[from] Leech Seed|[of] p2a: 👁🐽👁
|-heal|p2a: 👁🐽👁|34/100|[silent]
|-item|p2a: 👁🐽👁|Sitrus Berry|[from] ability: Harvest
|upkeep
|-enditem|p2a: 👁🐽👁|Sitrus Berry|[eat]
|-heal|p2a: 👁🐽👁|58/100|[from] item: Sitrus Berry
|turn|17
|
|t:|1779566574
|move|p2a: 👁🐽👁|Protect|p2a: 👁🐽👁
|-singleturn|p2a: 👁🐽👁|Protect
|move|p1a: Blade|Moonblast|p2a: 👁🐽👁
|-activate|p2a: 👁🐽👁|move: Protect
|
|-damage|p1a: Blade|69/100|[from] Leech Seed|[of] p2a: 👁🐽👁
|-heal|p2a: 👁🐽👁|67/100|[silent]
|-item|p2a: 👁🐽👁|Sitrus Berry|[from] ability: Harvest
|upkeep
|turn|18
|
|t:|1779566586
|-end|p1a: Blade|Quark Drive|[silent]
|switch|p1a: Boombox|Noivern, M|100/100
|-item|p2a: 👁🐽👁|Sitrus Berry|[from] ability: Frisk|[of] p1a: Boombox
|move|p2a: 👁🐽👁|Substitute|p2a: 👁🐽👁
|-start|p2a: 👁🐽👁|Substitute
|-damage|p2a: 👁🐽👁|43/100
|-enditem|p2a: 👁🐽👁|Sitrus Berry|[eat]
|-heal|p2a: 👁🐽👁|67/100|[from] item: Sitrus Berry
|
|upkeep
|turn|19
|
|t:|1779566596
|move|p1a: Boombox|Flamethrower|p2a: 👁🐽👁
|-activate|p2a: 👁🐽👁|move: Substitute|[damage]
|move|p2a: 👁🐽👁|Leech Seed|p1a: Boombox
|-start|p1a: Boombox|move: Leech Seed
|
|-damage|p1a: Boombox|88/100|[from] Leech Seed|[of] p2a: 👁🐽👁
|-heal|p2a: 👁🐽👁|77/100|[silent]
|upkeep
|turn|20
|
|t:|1779566605
|move|p1a: Boombox|Dragon Pulse|p2a: 👁🐽👁
|-end|p2a: 👁🐽👁|Substitute
|move|p2a: 👁🐽👁|Curse|p1a: Boombox
|-start|p1a: Boombox|Curse|[of] p2a: 👁🐽👁
|-damage|p2a: 👁🐽👁|27/100
|
|-damage|p1a: Boombox|76/100|[from] Leech Seed|[of] p2a: 👁🐽👁
|-heal|p2a: 👁🐽👁|36/100|[silent]
|-damage|p1a: Boombox|51/100|[from] Curse
|upkeep
|turn|21
|
|t:|1779566616
|move|p2a: 👁🐽👁|Protect|p2a: 👁🐽👁
|-singleturn|p2a: 👁🐽👁|Protect
|move|p1a: Boombox|Dragon Pulse|p2a: 👁🐽👁
|-activate|p2a: 👁🐽👁|move: Protect
|
|-damage|p1a: Boombox|39/100|[from] Leech Seed|[of] p2a: 👁🐽👁
|-heal|p2a: 👁🐽👁|46/100|[silent]
|-damage|p1a: Boombox|14/100|[from] Curse
|-item|p2a: 👁🐽👁|Sitrus Berry|[from] ability: Harvest
|upkeep
|-enditem|p2a: 👁🐽👁|Sitrus Berry|[eat]
|-heal|p2a: 👁🐽👁|71/100|[from] item: Sitrus Berry
|turn|22
|
|t:|1779566629
|move|p1a: Boombox|Dragon Pulse|p2a: 👁🐽👁
|-damage|p2a: 👁🐽👁|47/100
|move|p2a: 👁🐽👁|Substitute|p2a: 👁🐽👁
|-start|p2a: 👁🐽👁|Substitute
|-damage|p2a: 👁🐽👁|22/100
|
|-damage|p1a: Boombox|2/100|[from] Leech Seed|[of] p2a: 👁🐽👁
|-heal|p2a: 👁🐽👁|32/100|[silent]
|-damage|p1a: Boombox|0 fnt|[from] Curse
|faint|p1a: Boombox
|upkeep
|
|t:|1779566640
|switch|p1a: Red Wing|Salamence, F|100/100
|-damage|p1a: Red Wing|76/100|[from] Stealth Rock
|turn|23
|
|t:|1779566646
|move|p1a: Red Wing|Crunch|p2a: 👁🐽👁
|-supereffective|p2a: 👁🐽👁
|-end|p2a: 👁🐽👁|Substitute
|move|p2a: 👁🐽👁|Leech Seed|p1a: Red Wing|[miss]
|-miss|p2a: 👁🐽👁|p1a: Red Wing
|
|-item|p2a: 👁🐽👁|Sitrus Berry|[from] ability: Harvest
|upkeep
|-enditem|p2a: 👁🐽👁|Sitrus Berry|[eat]
|-heal|p2a: 👁🐽👁|57/100|[from] item: Sitrus Berry
|turn|24
|
|t:|1779566658
|move|p2a: 👁🐽👁|Protect|p2a: 👁🐽👁
|-singleturn|p2a: 👁🐽👁|Protect
|move|p1a: Red Wing|Crunch|p2a: 👁🐽👁
|-activate|p2a: 👁🐽👁|move: Protect
|
|-item|p2a: 👁🐽👁|Sitrus Berry|[from] ability: Harvest
|upkeep
|turn|25
|
|t:|1779566667
|switch|p2a: 👁👃👁|Landorus-Therian, M|100/100
|-ability|p2a: 👁👃👁|Intimidate|boost
|-unboost|p1a: Red Wing|atk|1
|move|p1a: Red Wing|Crunch|p2a: 👁👃👁
|-damage|p2a: 👁👃👁|87/100
|-damage|p1a: Red Wing|59/100|[from] item: Rocky Helmet|[of] p2a: 👁👃👁
|
|upkeep
|turn|26
|
|t:|1779566677
|move|p1a: Red Wing|Dragon Dance|p1a: Red Wing
|-boost|p1a: Red Wing|atk|1
|-boost|p1a: Red Wing|spe|1
|move|p2a: 👁👃👁|U-turn|p1a: Red Wing
|-resisted|p1a: Red Wing
|-damage|p1a: Red Wing|46/100
|
|t:|1779566684
|switch|p2a: 👁🐽👁|Tropius, F, shiny, tera:Ghost|57/100|[from] U-turn
|-damage|p2a: 👁🐽👁|32/100|[from] Spikes
|-enditem|p2a: 👁🐽👁|Sitrus Berry|[eat]
|-heal|p2a: 👁🐽👁|57/100|[from] item: Sitrus Berry
|
|-item|p2a: 👁🐽👁|Sitrus Berry|[from] ability: Harvest
|upkeep
|turn|27
|
|t:|1779566694
|switch|p2a: 👁👃👁|Landorus-Therian, M|87/100
|-ability|p2a: 👁👃👁|Intimidate|boost
|-unboost|p1a: Red Wing|atk|1
|move|p1a: Red Wing|Crunch|p2a: 👁👃👁
|-damage|p2a: 👁👃👁|73/100
|-damage|p1a: Red Wing|29/100|[from] item: Rocky Helmet|[of] p2a: 👁👃👁
|
|upkeep
|turn|28
|
|t:|1779566702
|move|p1a: Red Wing|Outrage|p2a: 👁👃👁
|-damage|p2a: 👁👃👁|43/100
|-damage|p1a: Red Wing|13/100|[from] item: Rocky Helmet|[of] p2a: 👁👃👁
|move|p2a: 👁👃👁|Smack Down|p1a: Red Wing
|-supereffective|p1a: Red Wing
|-damage|p1a: Red Wing|0 fnt
|faint|p1a: Red Wing
|
|upkeep
|
|t:|1779566711
|switch|p1a: Bonkers|Conkeldurr, M|100/100
|-damage|p1a: Bonkers|95/100|[from] Stealth Rock
|turn|29
|
|t:|1779566719
|move|p2a: 👁👃👁|Scorching Sands|p1a: Bonkers
|-damage|p1a: Bonkers|71/100
|move|p1a: Bonkers|Knock Off|p2a: 👁👃👁
|-damage|p2a: 👁👃👁|14/100
|-damage|p1a: Bonkers|55/100|[from] item: Rocky Helmet|[of] p2a: 👁👃👁
|-enditem|p2a: 👁👃👁|Rocky Helmet|[from] move: Knock Off|[of] p1a: Bonkers
|
|-status|p1a: Bonkers|brn|[from] item: Flame Orb
|upkeep
|turn|30
|
|t:|1779566731
|switch|p2a: 👁🫦👁|Garchomp, M|100/100
|-damage|p2a: 👁🫦👁|76/100|[from] Spikes
|move|p1a: Bonkers|Drain Punch|p2a: 👁🫦👁
|-damage|p2a: 👁🫦👁|9/100
|-heal|p1a: Bonkers|89/100 brn|[from] drain|[of] p2a: 👁🫦👁
|-damage|p1a: Bonkers|76/100 brn|[from] ability: Rough Skin|[of] p2a: 👁🫦👁
|
|-damage|p1a: Bonkers|70/100 brn|[from] brn
|upkeep
|turn|31
|
|t:|1779566743
|move|p1a: Bonkers|Mach Punch|p2a: 👁🫦👁
|-damage|p2a: 👁🫦👁|0 fnt
|-damage|p1a: Bonkers|58/100 brn|[from] ability: Rough Skin|[of] p2a: 👁🫦👁
|faint|p2a: 👁🫦👁
|
|-damage|p1a: Bonkers|52/100 brn|[from] brn
|upkeep
|
|t:|1779566751
|switch|p2a: 👁👃👁|Landorus-Therian, M|14/100
|-ability|p2a: 👁👃👁|Intimidate|boost
|-unboost|p1a: Bonkers|atk|1
|turn|32
|
|t:|1779566755
|move|p1a: Bonkers|Mach Punch|p2a: 👁👃👁
|-resisted|p2a: 👁👃👁
|-damage|p2a: 👁👃👁|5/100
|move|p2a: 👁👃👁|Scorching Sands|p1a: Bonkers
|-damage|p1a: Bonkers|26/100 brn
|
|-damage|p1a: Bonkers|20/100 brn|[from] brn
|upkeep
|turn|33
|
|t:|1779566764
|move|p1a: Bonkers|Mach Punch|p2a: 👁👃👁
|-resisted|p2a: 👁👃👁
|-damage|p2a: 👁👃👁|0 fnt
|faint|p2a: 👁👃👁
|
|-damage|p1a: Bonkers|14/100 brn|[from] brn
|upkeep
|
|t:|1779566771
|switch|p2a: 👁🐽👁|Tropius, F, shiny, tera:Ghost|57/100
|-damage|p2a: 👁🐽👁|32/100|[from] Spikes
|-enditem|p2a: 👁🐽👁|Sitrus Berry|[eat]
|-heal|p2a: 👁🐽👁|57/100|[from] item: Sitrus Berry
|turn|34
|
|t:|1779566777
|move|p2a: 👁🐽👁|Protect|p2a: 👁🐽👁
|-singleturn|p2a: 👁🐽👁|Protect
|move|p1a: Bonkers|Knock Off|p2a: 👁🐽👁
|-activate|p2a: 👁🐽👁|move: Protect
|
|-damage|p1a: Bonkers|8/100 brn|[from] brn
|upkeep
|turn|35
|
|t:|1779566785
|move|p2a: 👁🐽👁|Substitute|p2a: 👁🐽👁
|-start|p2a: 👁🐽👁|Substitute
|-damage|p2a: 👁🐽👁|32/100
|move|p1a: Bonkers|Knock Off|p2a: 👁🐽👁
|-supereffective|p2a: 👁🐽👁
|-end|p2a: 👁🐽👁|Substitute
|
|-damage|p1a: Bonkers|2/100 brn|[from] brn
|upkeep
|turn|36
|
|t:|1779566793
|move|p2a: 👁🐽👁|Protect|p2a: 👁🐽👁
|-singleturn|p2a: 👁🐽👁|Protect
|move|p1a: Bonkers|Knock Off|p2a: 👁🐽👁
|-activate|p2a: 👁🐽👁|move: Protect
|
|-damage|p1a: Bonkers|0 fnt|[from] brn
|faint|p1a: Bonkers
|-item|p2a: 👁🐽👁|Sitrus Berry|[from] ability: Harvest
|upkeep
|-enditem|p2a: 👁🐽👁|Sitrus Berry|[eat]
|-heal|p2a: 👁🐽👁|57/100|[from] item: Sitrus Berry
|
|t:|1779566805
|switch|p1a: Morningstar|Qwilfish-Hisui, M|11/100
|-damage|p1a: Morningstar|0 fnt|[from] Stealth Rock
|faint|p1a: Morningstar
|
|t:|1779566810
|switch|p1a: Blade|Iron Valiant|69/100
|-damage|p1a: Blade|63/100|[from] Stealth Rock
|turn|37
|
|t:|1779566818
|move|p1a: Blade|Moonblast|p2a: 👁🐽👁
|-damage|p2a: 👁🐽👁|25/100
|-unboost|p2a: 👁🐽👁|spa|1
|move|p2a: 👁🐽👁|Leech Seed|p1a: Blade|[miss]
|-miss|p2a: 👁🐽👁|p1a: Blade
|
|-item|p2a: 👁🐽👁|Sitrus Berry|[from] ability: Harvest
|upkeep
|-enditem|p2a: 👁🐽👁|Sitrus Berry|[eat]
|-heal|p2a: 👁🐽👁|50/100|[from] item: Sitrus Berry
|turn|38
|
|t:|1779566830
|move|p1a: Blade|Moonblast|p2a: 👁🐽👁
|-damage|p2a: 👁🐽👁|20/100
|move|p2a: 👁🐽👁|Leech Seed|p1a: Blade
|-start|p1a: Blade|move: Leech Seed
|
|-damage|p1a: Blade|51/100|[from] Leech Seed|[of] p2a: 👁🐽👁
|-heal|p2a: 👁🐽👁|29/100|[silent]
|upkeep
|turn|39
|
|t:|1779566838
|move|p2a: 👁🐽👁|Protect|p2a: 👁🐽👁
|-singleturn|p2a: 👁🐽👁|Protect
|move|p1a: Blade|Moonblast|p2a: 👁🐽👁
|-activate|p2a: 👁🐽👁|move: Protect
|
|-damage|p1a: Blade|38/100|[from] Leech Seed|[of] p2a: 👁🐽👁
|-heal|p2a: 👁🐽👁|38/100|[silent]
|-item|p2a: 👁🐽👁|Sitrus Berry|[from] ability: Harvest
|upkeep
|-enditem|p2a: 👁🐽👁|Sitrus Berry|[eat]
|-heal|p2a: 👁🐽👁|63/100|[from] item: Sitrus Berry
|turn|40
|-message|leevoiceact forfeited.
|
|win|oficial matute
|raw|leevoiceact's rating: 1106 &rarr; <strong>1081</strong><br />(-25 for losing)
|raw|oficial matute's rating: 1106 &rarr; <strong>1131</strong><br />(+25 for winning)
|l|☆leevoiceact
|player|p1|
|l|☆oficial matute
|player|p2|
