|j|☆regis188
|j|☆Foodiscoolski
|t:|1779718645
|gametype|singles
|player|p1|regis188|266|1070
|player|p2|Foodiscoolski|101|1100
|gen|9
|tier|[Gen 9] OU
|rated|
|rule|HP Percentage Mod: HP is shown in percentages
|rule|Endless Battle Clause: Forcing endless battles is banned
|rule|Species Clause: Limit one of each Pokémon
|rule|OHKO Clause: OHKO moves are banned
|rule|Evasion Items Clause: Evasion items are banned
|rule|Evasion Moves Clause: Evasion moves are banned
|rule|Evasion Abilities Clause: Evasion abilities are banned
|rule|Sleep Moves Clause: Sleep-inducing moves are banned
|clearpoke
|poke|p1|Meowscarada, F|
|poke|p1|Polteageist|
|poke|p1|Clefable, M|
|poke|p1|Muk-Alola, F|
|poke|p1|Toxapex, F|
|poke|p1|Raichu-Alola, M|
|poke|p2|Slither Wing|
|poke|p2|Samurott-Hisui, M|
|poke|p2|Gliscor, M|
|poke|p2|Gholdengo|
|poke|p2|Iron Moth|
|poke|p2|Zapdos|
|teampreview
|inactive|Battle timer is ON: inactive players will automatically lose when time's up. (requested by Foodiscoolski)
|
|t:|1779718664
|teamsize|p1|6
|teamsize|p2|6
|start
|switch|p1a: Muk|Muk-Alola, F|100/100
|switch|p2a: Samurott|Samurott-Hisui, M|100/100
|turn|1
|
|t:|1779718676
|switch|p1a: Toxapex|Toxapex, F|100/100
|move|p2a: Samurott|Flip Turn|p1a: Toxapex
|-resisted|p1a: Toxapex
|-damage|p1a: Toxapex|89/100
|
|t:|1779718685
|switch|p2a: Zapdos|Zapdos|100/100|[from] Flip Turn
|
|-heal|p1a: Toxapex|95/100|[from] item: Leftovers
|upkeep
|turn|2
|
|t:|1779718695
|move|p2a: Zapdos|Thunderbolt|p1a: Toxapex
|-supereffective|p1a: Toxapex
|-damage|p1a: Toxapex|15/100
|-status|p1a: Toxapex|par
|cant|p1a: Toxapex|par
|
|-heal|p1a: Toxapex|21/100 par|[from] item: Leftovers
|upkeep
|turn|3
|
|t:|1779718705
|move|p2a: Zapdos|Thunderbolt|p1a: Toxapex
|-supereffective|p1a: Toxapex
|-damage|p1a: Toxapex|0 fnt
|faint|p1a: Toxapex
|
|upkeep
|
|t:|1779718710
|switch|p1a: Muk|Muk-Alola, F|100/100
|turn|4
|
|t:|1779718717
|move|p2a: Zapdos|Air Cutter|p1a: Muk
|-damage|p1a: Muk|78/100
|move|p1a: Muk|Ice Punch|p2a: Zapdos
|-supereffective|p2a: Zapdos
|-damage|p2a: Zapdos|41/100
|-damage|p1a: Muk|62/100|[from] item: Rocky Helmet|[of] p2a: Zapdos
|
|-heal|p1a: Muk|68/100|[from] item: Leftovers
|upkeep
|turn|5
|
|t:|1779718728
|move|p2a: Zapdos|Roost|p2a: Zapdos
|-heal|p2a: Zapdos|91/100
|-singleturn|p2a: Zapdos|move: Roost
|move|p1a: Muk|Knock Off|p2a: Zapdos
|-damage|p2a: Zapdos|33/100
|-damage|p1a: Muk|51/100|[from] item: Rocky Helmet|[of] p2a: Zapdos
|-status|p1a: Muk|par|[from] ability: Static|[of] p2a: Zapdos
|-enditem|p2a: Zapdos|Rocky Helmet|[from] move: Knock Off|[of] p1a: Muk
|
|-heal|p1a: Muk|58/100 par|[from] item: Leftovers
|upkeep
|turn|6
|
|t:|1779718744
|switch|p2a: Slither Wing|Slither Wing|100/100
|move|p1a: Muk|Ice Punch|p2a: Slither Wing
|-damage|p2a: Slither Wing|67/100
|-status|p2a: Slither Wing|psn|[from] ability: Poison Touch|[of] p1a: Muk
|
|-heal|p1a: Muk|64/100 par|[from] item: Leftovers
|-damage|p2a: Slither Wing|55/100 psn|[from] psn
|upkeep
|turn|7
|
|t:|1779718758
|switch|p1a: Polteageist|Polteageist|100/100
|move|p2a: Slither Wing|First Impression|p1a: Polteageist
|-resisted|p1a: Polteageist
|-damage|p1a: Polteageist|25/100
|-ability|p1a: Polteageist|Weak Armor|boost
|-unboost|p1a: Polteageist|def|1
|-boost|p1a: Polteageist|spe|2
|
|-damage|p2a: Slither Wing|42/100 psn|[from] psn
|upkeep
|turn|8
|
|t:|1779718775
|-end|p2a: Slither Wing|Protosynthesis|[silent]
|switch|p2a: Samurott|Samurott-Hisui, M|100/100
|move|p1a: Polteageist|Hex|p2a: Samurott
|-resisted|p2a: Samurott
|-damage|p2a: Samurott|79/100
|-damage|p1a: Polteageist|15/100|[from] item: Life Orb
|
|upkeep
|turn|9
|
|t:|1779718787
|move|p2a: Samurott|Sucker Punch|p1a: Polteageist
|-supereffective|p1a: Polteageist
|-damage|p1a: Polteageist|0 fnt
|faint|p1a: Polteageist
|
|upkeep
|-message|regis188 forfeited.
|
|win|Foodiscoolski
|raw|regis188's rating: 1070 &rarr; <strong>1051</strong><br />(-19 for losing)
|raw|Foodiscoolski's rating: 1100 &rarr; <strong>1123</strong><br />(+23 for winning)
|l|☆regis188
|player|p1|
