|j|☆mayankreddy_8
|j|☆Jack_Gigan
|t:|1779597422
|gametype|singles
|player|p1|mayankreddy_8|red|1316
|player|p2|Jack_Gigan|pokemaniac|1361
|gen|9
|tier|[Gen 9] OU
|rated|
|rule|HP Percentage Mod: HP is shown in percentages
|rule|Endless Battle Clause: Forcing endless battles is banned
|rule|Species Clause: Limit one of each Pokémon
|rule|OHKO Clause: OHKO moves are banned
|rule|Evasion Items Clause: Evasion items are banned
|rule|Evasion Moves Clause: Evasion moves are banned
|rule|Evasion Abilities Clause: Evasion abilities are banned
|rule|Sleep Moves Clause: Sleep-inducing moves are banned
|clearpoke
|poke|p1|Kingambit, M|
|poke|p1|Cinderace, F|
|poke|p1|Garchomp, M|
|poke|p1|Metagross|
|poke|p1|Iron Valiant|
|poke|p1|Moltres|
|poke|p2|Ogerpon, F|
|poke|p2|Hydreigon, M|
|poke|p2|Weezing-Galar, M|
|poke|p2|Skarmory, M|
|poke|p2|Alomomola, F|
|poke|p2|Clodsire, F|
|teampreview
|inactive|Battle timer is ON: inactive players will automatically lose when time's up. (requested by Jack_Gigan)
|
|t:|1779597429
|teamsize|p1|6
|teamsize|p2|6
|start
|switch|p1a: Garchomp|Garchomp, M|100/100
|switch|p2a: Angel|Hydreigon, M, shiny|100/100
|turn|1
|
|t:|1779597438
|-terastallize|p1a: Garchomp|Fire
|move|p1a: Garchomp|Outrage|p2a: Angel
|-supereffective|p2a: Angel
|-damage|p2a: Angel|0 fnt
|faint|p2a: Angel
|
|upkeep
|
|t:|1779597445
|switch|p2a: Neo|Skarmory, M, shiny|100/100
|turn|2
|
|t:|1779597452
|move|p1a: Garchomp|Outrage|p2a: Neo|[from] lockedmove
|-resisted|p2a: Neo
|-damage|p2a: Neo|80/100
|-damage|p1a: Garchomp|84/100|[from] item: Rocky Helmet|[of] p2a: Neo
|-start|p1a: Garchomp|confusion|[fatigue]
|move|p2a: Neo|Spikes|p1a: Garchomp
|-sidestart|p1: mayankreddy_8|Spikes
|
|upkeep
|turn|3
|
|t:|1779597461
|switch|p1a: Cinderace|Cinderace, F, shiny|100/100
|switch|p2a: GabeN|Weezing-Galar, M|100/100
|-ability|p2a: GabeN|Neutralizing Gas
|
|upkeep
|turn|4
|
|t:|1779597467
|move|p1a: Cinderace|Court Change|p1a: Cinderace
|-swapsideconditions
|-activate|p1a: Cinderace|move: Court Change
|move|p2a: GabeN|Will-O-Wisp|p1a: Cinderace
|-immune|p1a: Cinderace
|
|upkeep
|turn|5
|
|t:|1779597475
|move|p1a: Cinderace|Pyro Ball|p2a: GabeN
|-damage|p2a: GabeN|66/100
|move|p2a: GabeN|Sludge Bomb|p1a: Cinderace
|-damage|p1a: Cinderace|58/100
|
|upkeep
|turn|6
|
|t:|1779597481
|move|p1a: Cinderace|Pyro Ball|p2a: GabeN
|-damage|p2a: GabeN|28/100
|move|p2a: GabeN|Pain Split|p1a: Cinderace
|-sethp|p1a: Cinderace|45/100|[from] move: Pain Split|[silent]
|-sethp|p2a: GabeN|40/100|[from] move: Pain Split
|
|upkeep
|turn|7
|
|t:|1779597488
|-end|p2a: GabeN|ability: Neutralizing Gas
|switch|p2a: Smugdisc|Alomomola, F, shiny|100/100
|-damage|p2a: Smugdisc|88/100|[from] Spikes
|move|p1a: Cinderace|Pyro Ball|p2a: Smugdisc
|-resisted|p2a: Smugdisc
|-damage|p2a: Smugdisc|68/100
|
|upkeep
|turn|8
|
|t:|1779597497
|move|p1a: Cinderace|High Jump Kick|p2a: Smugdisc
|-start|p1a: Cinderace|typechange|Fighting|[from] ability: Libero
|-damage|p2a: Smugdisc|22/100
|move|p2a: Smugdisc|Flip Turn|p1a: Cinderace
|-damage|p1a: Cinderace|20/100
|
|t:|1779597504
|switch|p2a: Ponpon|Ogerpon, F|100/100|[from] Flip Turn
|-damage|p2a: Ponpon|88/100|[from] Spikes
|
|upkeep
|turn|9
|
|t:|1779597511
|-terastallize|p2a: Ponpon|Grass
|detailschange|p2a: Ponpon|Ogerpon-Teal-Tera, F, tera:Grass
|-ability|p2a: Ponpon|Embody Aspect (Teal)|boost
|-boost|p2a: Ponpon|spe|1
|move|p2a: Ponpon|U-turn|p1a: Cinderace
|-resisted|p1a: Cinderace
|-damage|p1a: Cinderace|0 fnt
|faint|p1a: Cinderace
|
|t:|1779597517
|switch|p2a: GabeN|Weezing-Galar, M|40/100|[from] U-turn
|-ability|p2a: GabeN|Neutralizing Gas
|
|upkeep
|
|t:|1779597526
|switch|p1a: Moltres|Moltres, shiny|100/100
|turn|10
|
|t:|1779597532
|-end|p2a: GabeN|ability: Neutralizing Gas
|switch|p2a: Smugdisc|Alomomola, F, shiny|55/100
|-damage|p2a: Smugdisc|43/100|[from] Spikes
|move|p1a: Moltres|Scorching Sands|p2a: Smugdisc
|-damage|p2a: Smugdisc|30/100
|
|upkeep
|turn|11
|
|t:|1779597541
|move|p1a: Moltres|Hurricane|p2a: Smugdisc
|-damage|p2a: Smugdisc|2/100
|move|p2a: Smugdisc|Flip Turn|p1a: Moltres
|-supereffective|p1a: Moltres
|-damage|p1a: Moltres|59/100
|
|t:|1779597551
|switch|p2a: Ponpon|Ogerpon-Teal-Tera, F, tera:Grass|88/100|[from] Flip Turn
|-damage|p2a: Ponpon|76/100|[from] Spikes
|-ability|p2a: Ponpon|Embody Aspect (Teal)|boost
|-boost|p2a: Ponpon|spe|1
|
|upkeep
|turn|12
|
|t:|1779597560
|move|p2a: Ponpon|Rock Tomb|p1a: Moltres
|-supereffective|p1a: Moltres
|-damage|p1a: Moltres|0 fnt
|faint|p1a: Moltres
|
|upkeep
|
|t:|1779597569
|switch|p1a: Garchomp|Garchomp, M, tera:Fire|84/100
|turn|13
|
|t:|1779597577
|switch|p2a: Neo|Skarmory, M, shiny|80/100
|move|p1a: Garchomp|Fire Fang|p2a: Neo
|-supereffective|p2a: Neo
|-crit|p2a: Neo
|-damage|p2a: Neo|15/100
|-damage|p1a: Garchomp|68/100|[from] item: Rocky Helmet|[of] p2a: Neo
|
|upkeep
|turn|14
|
|t:|1779597596
|switch|p2a: Smugdisc|Alomomola, F, shiny|35/100
|-damage|p2a: Smugdisc|23/100|[from] Spikes
|move|p1a: Garchomp|Swords Dance|p1a: Garchomp
|-boost|p1a: Garchomp|atk|2
|
|upkeep
|turn|15
|
|t:|1779597610
|move|p1a: Garchomp|Earthquake|p2a: Smugdisc
|-damage|p2a: Smugdisc|0 fnt
|faint|p2a: Smugdisc
|
|upkeep
|
|t:|1779597612
|switch|p2a: Ponpon|Ogerpon-Teal-Tera, F, tera:Grass|76/100
|-damage|p2a: Ponpon|64/100|[from] Spikes
|-ability|p2a: Ponpon|Embody Aspect (Teal)|boost
|-boost|p2a: Ponpon|spe|1
|turn|16
|
|t:|1779597625
|move|p2a: Ponpon|Rock Tomb|p1a: Garchomp
|-supereffective|p1a: Garchomp
|-damage|p1a: Garchomp|10/100
|-unboost|p1a: Garchomp|spe|1
|move|p1a: Garchomp|Outrage|p2a: Ponpon
|-damage|p2a: Ponpon|0 fnt
|faint|p2a: Ponpon
|detailschange|p2: Ponpon|Ogerpon, F|[silent]
|
|upkeep
|
|t:|1779597636
|switch|p2a: Slush|Clodsire, F, shiny|100/100
|-damage|p2a: Slush|88/100|[from] Spikes
|turn|17
|
|t:|1779597640
|move|p1a: Garchomp|Outrage|p2a: Slush|[from] lockedmove
|-damage|p2a: Slush|22/100
|move|p2a: Slush|Earthquake|p1a: Garchomp
|-supereffective|p1a: Garchomp
|-damage|p1a: Garchomp|0 fnt
|faint|p1a: Garchomp
|
|upkeep
|
|t:|1779597650
|switch|p1a: Iron Valiant|Iron Valiant|100/100
|-enditem|p1a: Iron Valiant|Booster Energy
|-activate|p1a: Iron Valiant|ability: Quark Drive|[fromitem]
|-start|p1a: Iron Valiant|quarkdrivespe
|turn|18
|
|t:|1779597661
|move|p1a: Iron Valiant|Swords Dance|p1a: Iron Valiant
|-boost|p1a: Iron Valiant|atk|2
|move|p2a: Slush|Recover|p2a: Slush
|-heal|p2a: Slush|72/100
|
|upkeep
|turn|19
|
|t:|1779597670
|move|p1a: Iron Valiant|Shadow Sneak|p2a: Slush
|-damage|p2a: Slush|56/100
|move|p2a: Slush|Recover|p2a: Slush
|-heal|p2a: Slush|100/100
|
|upkeep
|turn|20
|
|t:|1779597676
|move|p1a: Iron Valiant|Swords Dance|p1a: Iron Valiant
|-boost|p1a: Iron Valiant|atk|2
|move|p2a: Slush|Toxic|p1a: Iron Valiant
|-status|p1a: Iron Valiant|tox
|
|-damage|p1a: Iron Valiant|94/100 tox|[from] psn
|upkeep
|turn|21
|
|t:|1779597685
|move|p1a: Iron Valiant|Drain Punch|p2a: Slush
|-resisted|p2a: Slush
|-damage|p2a: Slush|80/100
|-heal|p1a: Iron Valiant|100/100 tox|[from] drain|[of] p2a: Slush
|move|p2a: Slush|Earthquake|p1a: Iron Valiant
|-damage|p1a: Iron Valiant|67/100 tox
|
|-damage|p1a: Iron Valiant|54/100 tox|[from] psn
|upkeep
|turn|22
|
|t:|1779597695
|move|p1a: Iron Valiant|Spirit Break|p2a: Slush
|-resisted|p2a: Slush
|-crit|p2a: Slush
|-damage|p2a: Slush|46/100
|move|p2a: Slush|Earthquake|p1a: Iron Valiant
|-damage|p1a: Iron Valiant|16/100 tox
|
|-damage|p1a: Iron Valiant|0 fnt|[from] psn
|faint|p1a: Iron Valiant
|-end|p1a: Iron Valiant|Quark Drive|[silent]
|upkeep
|
|t:|1779597706
|switch|p1a: Metagross|Metagross, shiny|100/100
|turn|23
|
|t:|1779597710
|move|p1a: Metagross|Psychic Fangs|p2a: Slush
|-supereffective|p2a: Slush
|-damage|p2a: Slush|0 fnt
|faint|p2a: Slush
|
|upkeep
|
|t:|1779597719
|switch|p2a: GabeN|Weezing-Galar, M|40/100
|-ability|p2a: GabeN|Neutralizing Gas
|turn|24
|
|t:|1779597727
|move|p1a: Metagross|Bullet Punch|p2a: GabeN
|-supereffective|p2a: GabeN
|-damage|p2a: GabeN|12/100
|move|p2a: GabeN|Will-O-Wisp|p1a: Metagross
|-status|p1a: Metagross|brn
|
|-damage|p1a: Metagross|95/100 brn|[from] brn
|upkeep
|turn|25
|
|t:|1779597735
|move|p1a: Metagross|Bullet Punch|p2a: GabeN
|-supereffective|p2a: GabeN
|-damage|p2a: GabeN|0 fnt
|faint|p2a: GabeN
|-end|p2a: GabeN|ability: Neutralizing Gas
|
|-damage|p1a: Metagross|89/100 brn|[from] brn
|upkeep
|
|t:|1779597737
|switch|p2a: Neo|Skarmory, M, shiny|15/100
|turn|26
|
|t:|1779597742
|move|p1a: Metagross|Ice Punch|p2a: Neo
|-damage|p2a: Neo|6/100
|-damage|p1a: Metagross|72/100 brn|[from] item: Rocky Helmet|[of] p2a: Neo
|move|p2a: Neo|Roost|p2a: Neo
|-heal|p2a: Neo|56/100
|-singleturn|p2a: Neo|move: Roost
|
|-damage|p1a: Metagross|66/100 brn|[from] brn
|upkeep
|turn|27
|
|t:|1779597753
|move|p1a: Metagross|Ice Punch|p2a: Neo
|-damage|p2a: Neo|47/100
|-damage|p1a: Metagross|49/100 brn|[from] item: Rocky Helmet|[of] p2a: Neo
|move|p2a: Neo|Roost|p2a: Neo
|-heal|p2a: Neo|97/100
|-singleturn|p2a: Neo|move: Roost
|
|-damage|p1a: Metagross|43/100 brn|[from] brn
|upkeep
|turn|28
|
|t:|1779597762
|move|p1a: Metagross|Ice Punch|p2a: Neo
|-damage|p2a: Neo|89/100
|-damage|p1a: Metagross|27/100 brn|[from] item: Rocky Helmet|[of] p2a: Neo
|move|p2a: Neo|Spikes|p1a: Metagross
|-sidestart|p1: mayankreddy_8|Spikes
|
|-damage|p1a: Metagross|21/100 brn|[from] brn
|upkeep
|turn|29
|
|t:|1779597770
|switch|p1a: Kingambit|Kingambit, M, shiny|100/100
|-damage|p1a: Kingambit|88/100|[from] Spikes
|-activate|p1a: Kingambit|ability: Supreme Overlord
|-start|p1a: Kingambit|fallen4|[silent]
|move|p2a: Neo|Roost|p2a: Neo
|-heal|p2a: Neo|100/100
|-singleturn|p2a: Neo|move: Roost
|
|-heal|p1a: Kingambit|94/100|[from] item: Leftovers
|upkeep
|turn|30
|
|t:|1779597780
|move|p2a: Neo|Body Press|p1a: Kingambit
|-supereffective|p1a: Kingambit
|-damage|p1a: Kingambit|0 fnt
|faint|p1a: Kingambit
|-end|p1a: Kingambit|fallen4|[silent]
|
|upkeep
|
|t:|1779597785
|switch|p1a: Metagross|Metagross, shiny|21/100 brn
|-damage|p1a: Metagross|8/100 brn|[from] Spikes
|turn|31
|c|☆Jack_Gigan|lol
|c|☆Jack_Gigan|lmao
|
|t:|1779597797
|move|p1a: Metagross|Ice Punch|p2a: Neo
|-damage|p2a: Neo|90/100
|-damage|p1a: Metagross|0 fnt|[from] item: Rocky Helmet|[of] p2a: Neo
|faint|p1a: Metagross
|
|win|Jack_Gigan
|raw|mayankreddy_8's rating: 1316 &rarr; <strong>1299</strong><br />(-17 for losing)
|raw|Jack_Gigan's rating: 1361 &rarr; <strong>1378</strong><br />(+17 for winning)
|l|☆Jack_Gigan
|player|p2|
|l|☆mayankreddy_8
|player|p1|
