|j|☆Spongenoodles
|j|☆AndrewF462
|t:|1779657733
|gametype|singles
|player|p1|Spongenoodles|red|1350
|player|p2|AndrewF462|170|1312
|gen|9
|tier|[Gen 9] OU
|rated|
|rule|HP Percentage Mod: HP is shown in percentages
|rule|Endless Battle Clause: Forcing endless battles is banned
|rule|Species Clause: Limit one of each Pokémon
|rule|OHKO Clause: OHKO moves are banned
|rule|Evasion Items Clause: Evasion items are banned
|rule|Evasion Moves Clause: Evasion moves are banned
|rule|Evasion Abilities Clause: Evasion abilities are banned
|rule|Sleep Moves Clause: Sleep-inducing moves are banned
|clearpoke
|poke|p1|Greninja-*, M|
|poke|p1|Pelipper, M|
|poke|p1|Raging Bolt|
|poke|p1|Landorus-Therian, M|
|poke|p1|Ogerpon-Wellspring, F|
|poke|p1|Corviknight, F|
|poke|p2|Infernape, M|
|poke|p2|Rotom-Wash|
|poke|p2|Corviknight, M|
|poke|p2|Ogerpon-Wellspring, F|
|poke|p2|Tyranitar, M|
|poke|p2|Scizor, M|
|teampreview
|inactive|Battle timer is ON: inactive players will automatically lose when time's up. (requested by AndrewF462)
|
|t:|1779657739
|teamsize|p1|6
|teamsize|p2|6
|start
|switch|p1a: Landorus|Landorus-Therian, M|100/100
|switch|p2a: Rotom|Rotom-Wash|100/100
|-ability|p1a: Landorus|Intimidate|boost
|-unboost|p2a: Rotom|atk|1
|turn|1
|
|t:|1779657742
|move|p1a: Landorus|U-turn|p2a: Rotom
|-damage|p2a: Rotom|78/100
|
|t:|1779657745
|switch|p1a: Raging Bolt|Raging Bolt|100/100|[from] U-turn
|move|p2a: Rotom|Will-O-Wisp|p1a: Raging Bolt|[miss]
|-miss|p2a: Rotom|p1a: Raging Bolt
|
|-heal|p2a: Rotom|84/100|[from] item: Leftovers
|upkeep
|turn|2
|
|t:|1779657751
|switch|p2a: Tyranitar|Tyranitar, M|100/100
|-weather|Sandstorm|[from] ability: Sand Stream|[of] p2a: Tyranitar
|move|p1a: Raging Bolt|Thunder|p2a: Tyranitar
|-crit|p2a: Tyranitar
|-damage|p2a: Tyranitar|44/100
|
|-weather|Sandstorm|[upkeep]
|-damage|p1a: Raging Bolt|94/100|[from] Sandstorm
|-heal|p2a: Tyranitar|50/100|[from] item: Leftovers
|upkeep
|turn|3
|
|t:|1779657759
|-end|p1a: Raging Bolt|Protosynthesis|[silent]
|switch|p1a: Landorus|Landorus-Therian, M|100/100
|-ability|p1a: Landorus|Intimidate|boost
|-unboost|p2a: Tyranitar|atk|1
|move|p2a: Tyranitar|Stealth Rock|p1a: Landorus
|-sidestart|p1: Spongenoodles|move: Stealth Rock
|
|-weather|Sandstorm|[upkeep]
|-heal|p2a: Tyranitar|56/100|[from] item: Leftovers
|upkeep
|turn|4
|
|t:|1779657764
|switch|p2a: Corviknight|Corviknight, M|100/100
|move|p1a: Landorus|U-turn|p2a: Corviknight
|-resisted|p2a: Corviknight
|-damage|p2a: Corviknight|96/100
|-damage|p1a: Landorus|84/100|[from] item: Rocky Helmet|[of] p2a: Corviknight
|
|t:|1779657768
|switch|p1a: Pelipper|Pelipper, M|100/100|[from] U-turn
|-damage|p1a: Pelipper|75/100|[from] Stealth Rock
|-weather|RainDance|[from] ability: Drizzle|[of] p1a: Pelipper
|
|-weather|RainDance|[upkeep]
|upkeep
|turn|5
|
|t:|1779657775
|switch|p2a: Rotom|Rotom-Wash|84/100
|move|p1a: Pelipper|U-turn|p2a: Rotom
|-damage|p2a: Rotom|77/100
|
|t:|1779657797
|switch|p1a: Ogerpon|Ogerpon-Wellspring, F|100/100|[from] U-turn
|-damage|p1a: Ogerpon|88/100|[from] Stealth Rock
|
|-weather|RainDance|[upkeep]
|-heal|p2a: Rotom|84/100|[from] item: Leftovers
|upkeep
|turn|6
|
|t:|1779657813
|switch|p1a: Greninja|Greninja, M|100/100
|-damage|p1a: Greninja|88/100|[from] Stealth Rock
|move|p2a: Rotom|Will-O-Wisp|p1a: Greninja
|-status|p1a: Greninja|brn
|
|-weather|RainDance|[upkeep]
|-heal|p2a: Rotom|90/100|[from] item: Leftovers
|-damage|p1a: Greninja|82/100 brn|[from] brn
|upkeep
|turn|7
|
|t:|1779657822
|move|p1a: Greninja|Sludge Wave|p2a: Rotom
|-damage|p2a: Rotom|59/100
|move|p2a: Rotom|Volt Switch|p1a: Greninja
|-supereffective|p1a: Greninja
|-damage|p1a: Greninja|0 fnt
|faint|p1a: Greninja
|
|t:|1779657833
|switch|p2a: Ogerpon|Ogerpon-Wellspring, F|100/100|[from] Volt Switch
|
|-weather|RainDance|[upkeep]
|upkeep
|
|t:|1779657837
|switch|p1a: Landorus|Landorus-Therian, M|84/100
|-damage|p1a: Landorus|71/100|[from] Stealth Rock
|-ability|p1a: Landorus|Intimidate|boost
|-unboost|p2a: Ogerpon|atk|1
|turn|8
|
|t:|1779657841
|switch|p2a: Corviknight|Corviknight, M|96/100
|move|p1a: Landorus|U-turn|p2a: Corviknight
|-resisted|p2a: Corviknight
|-damage|p2a: Corviknight|92/100
|-damage|p1a: Landorus|55/100|[from] item: Rocky Helmet|[of] p2a: Corviknight
|
|t:|1779657843
|switch|p1a: Raging Bolt|Raging Bolt|94/100|[from] U-turn
|-damage|p1a: Raging Bolt|82/100|[from] Stealth Rock
|
|-weather|RainDance|[upkeep]
|upkeep
|turn|9
|
|t:|1779657849
|switch|p2a: Tyranitar|Tyranitar, M|56/100
|-weather|Sandstorm|[from] ability: Sand Stream|[of] p2a: Tyranitar
|move|p1a: Raging Bolt|Body Press|p2a: Tyranitar
|-supereffective|p2a: Tyranitar
|-damage|p2a: Tyranitar|0 fnt
|faint|p2a: Tyranitar
|
|-weather|Sandstorm|[upkeep]
|-damage|p1a: Raging Bolt|76/100|[from] Sandstorm
|upkeep
|
|t:|1779657863
|switch|p2a: Infernape|Infernape, M|100/100
|turn|10
|
|t:|1779657867
|-end|p1a: Raging Bolt|Protosynthesis|[silent]
|switch|p1a: Pelipper|Pelipper, M|75/100
|-damage|p1a: Pelipper|50/100|[from] Stealth Rock
|-weather|RainDance|[from] ability: Drizzle|[of] p1a: Pelipper
|move|p2a: Infernape|Close Combat|p1a: Pelipper
|-resisted|p1a: Pelipper
|-damage|p1a: Pelipper|9/100
|-unboost|p2a: Infernape|def|1
|-unboost|p2a: Infernape|spd|1
|
|-weather|RainDance|[upkeep]
|upkeep
|turn|11
|
|t:|1779657877
|move|p2a: Infernape|Close Combat|p1a: Pelipper
|-resisted|p1a: Pelipper
|-damage|p1a: Pelipper|0 fnt
|-unboost|p2a: Infernape|def|1
|-unboost|p2a: Infernape|spd|1
|faint|p1a: Pelipper
|
|-weather|RainDance|[upkeep]
|upkeep
|
|t:|1779657879
|switch|p1a: Corviknight|Corviknight, F|100/100
|-damage|p1a: Corviknight|88/100|[from] Stealth Rock
|turn|12
|
|t:|1779657885
|switch|p2a: Rotom|Rotom-Wash|59/100
|move|p1a: Corviknight|Defog|p2a: Rotom
|-unboost|p2a: Rotom|evasion|1
|-sideend|p1: Spongenoodles|Stealth Rock|[from] move: Defog|[of] p1a: Corviknight
|
|-weather|RainDance|[upkeep]
|-heal|p2a: Rotom|65/100|[from] item: Leftovers
|upkeep
|turn|13
|
|t:|1779657892
|switch|p1a: Raging Bolt|Raging Bolt|76/100
|move|p2a: Rotom|Will-O-Wisp|p1a: Raging Bolt
|-status|p1a: Raging Bolt|brn
|
|-weather|RainDance|[upkeep]
|-heal|p2a: Rotom|72/100|[from] item: Leftovers
|-damage|p1a: Raging Bolt|70/100 brn|[from] brn
|upkeep
|turn|14
|
|t:|1779657901
|-terastallize|p1a: Raging Bolt|Electric
|move|p2a: Rotom|Hydro Pump|p1a: Raging Bolt
|-damage|p1a: Raging Bolt|17/100 brn
|move|p1a: Raging Bolt|Thunder|p2a: Rotom
|-damage|p2a: Rotom|0 fnt
|faint|p2a: Rotom
|
|-weather|RainDance|[upkeep]
|-damage|p1a: Raging Bolt|11/100 brn|[from] brn
|upkeep
|
|t:|1779657915
|switch|p2a: Infernape|Infernape, M|100/100
|turn|15
|
|t:|1779657918
|-end|p1a: Raging Bolt|Protosynthesis|[silent]
|switch|p1a: Landorus|Landorus-Therian, M|55/100
|-ability|p1a: Landorus|Intimidate|boost
|-unboost|p2a: Infernape|atk|1
|move|p2a: Infernape|Mach Punch|p1a: Landorus
|-resisted|p1a: Landorus
|-damage|p1a: Landorus|45/100
|
|-weather|RainDance|[upkeep]
|upkeep
|turn|16
|
|t:|1779657924
|switch|p1a: Ogerpon|Ogerpon-Wellspring, F|88/100
|switch|p2a: Corviknight|Corviknight, M|92/100
|
|-weather|RainDance|[upkeep]
|upkeep
|turn|17
|
|t:|1779657929
|move|p1a: Ogerpon|Swords Dance|p1a: Ogerpon
|-boost|p1a: Ogerpon|atk|2
|move|p2a: Corviknight|U-turn|p1a: Ogerpon
|-supereffective|p1a: Ogerpon
|-damage|p1a: Ogerpon|54/100
|
|t:|1779657936
|switch|p2a: Ogerpon|Ogerpon-Wellspring, F|100/100|[from] U-turn
|
|-weather|none
|upkeep
|turn|18
|
|t:|1779657939
|move|p1a: Ogerpon|Trailblaze|p2a: Ogerpon
|-damage|p2a: Ogerpon|17/100
|-boost|p1a: Ogerpon|spe|1
|move|p2a: Ogerpon|U-turn|p1a: Ogerpon
|-supereffective|p1a: Ogerpon
|-damage|p1a: Ogerpon|0 fnt
|faint|p1a: Ogerpon
|
|t:|1779657944
|switch|p2a: Corviknight|Corviknight, M|92/100|[from] U-turn
|
|upkeep
|
|t:|1779657952
|switch|p1a: Raging Bolt|Raging Bolt, tera:Electric|11/100 brn
|turn|19
|
|t:|1779657954
|move|p1a: Raging Bolt|Thunder|p2a: Corviknight|[miss]
|-miss|p1a: Raging Bolt|p2a: Corviknight
|move|p2a: Corviknight|Brave Bird|p1a: Raging Bolt
|-resisted|p1a: Raging Bolt
|-damage|p1a: Raging Bolt|0 fnt
|faint|p1a: Raging Bolt
|-end|p1a: Raging Bolt|Protosynthesis|[silent]
|-damage|p2a: Corviknight|88/100|[from] Recoil
|
|upkeep
|-message|Spongenoodles forfeited.
|
|win|AndrewF462
|raw|Spongenoodles's rating: 1350 &rarr; <strong>1328</strong><br />(-22 for losing)
|raw|AndrewF462's rating: 1312 &rarr; <strong>1334</strong><br />(+22 for winning)
|l|☆Spongenoodles
|player|p1|
|l|☆AndrewF462
|player|p2|
