|j|☆AbSolitaire
|j|☆cheeseguy43
|t:|1779614789
|gametype|singles
|player|p1|AbSolitaire|policeman-gen4|1297
|player|p2|cheeseguy43|cynthia-gen4|1300
|gen|9
|tier|[Gen 9] OU
|rated|
|rule|HP Percentage Mod: HP is shown in percentages
|rule|Endless Battle Clause: Forcing endless battles is banned
|rule|Species Clause: Limit one of each Pokémon
|rule|OHKO Clause: OHKO moves are banned
|rule|Evasion Items Clause: Evasion items are banned
|rule|Evasion Moves Clause: Evasion moves are banned
|rule|Evasion Abilities Clause: Evasion abilities are banned
|rule|Sleep Moves Clause: Sleep-inducing moves are banned
|clearpoke
|poke|p1|Kyurem|
|poke|p1|Cobalion|
|poke|p1|Leavanny, F|
|poke|p1|Primarina, F|
|poke|p1|Chandelure, M|
|poke|p1|Komala, M|
|poke|p2|Clodsire, M|
|poke|p2|Toxapex, F|
|poke|p2|Corviknight, F|
|poke|p2|Dondozo, M|
|poke|p2|Clefable, F|
|poke|p2|Gliscor, M|
|teampreview
|inactive|Battle timer is ON: inactive players will automatically lose when time's up. (requested by cheeseguy43)
|inactive|AbSolitaire also wants the timer to be on.
|
|t:|1779614796
|teamsize|p1|6
|teamsize|p2|6
|start
|switch|p1a: Leavanny|Leavanny, F|100/100
|switch|p2a: nothing new there|Gliscor, M|100/100
|turn|1
|
|t:|1779614814
|move|p2a: nothing new there|Toxic|p1a: Leavanny
|-status|p1a: Leavanny|tox
|move|p1a: Leavanny|Sticky Web|p2a: nothing new there
|-sidestart|p2: cheeseguy43|move: Sticky Web
|
|-damage|p1a: Leavanny|94/100 tox|[from] psn
|-status|p2a: nothing new there|tox|[from] item: Toxic Orb
|upkeep
|turn|2
|
|t:|1779614821
|move|p2a: nothing new there|Knock Off|p1a: Leavanny
|-damage|p1a: Leavanny|65/100 tox
|-enditem|p1a: Leavanny|Focus Sash|[from] move: Knock Off|[of] p2a: nothing new there
|move|p1a: Leavanny|Triple Axel|p2a: nothing new there
|-supereffective|p2a: nothing new there
|-damage|p2a: nothing new there|82/100 tox
|-hitcount|p2a: nothing new there|1
|
|-heal|p2a: nothing new there|95/100 tox|[from] ability: Poison Heal
|-damage|p1a: Leavanny|53/100 tox|[from] psn
|upkeep
|turn|3
|
|t:|1779614830
|move|p2a: nothing new there|Protect|p2a: nothing new there
|-singleturn|p2a: nothing new there|Protect
|move|p1a: Leavanny|Triple Axel|p2a: nothing new there
|-activate|p2a: nothing new there|move: Protect
|
|-heal|p2a: nothing new there|100/100 tox|[from] ability: Poison Heal
|-damage|p1a: Leavanny|35/100 tox|[from] psn
|upkeep
|turn|4
|
|t:|1779614838
|switch|p2a: per my last turn|Corviknight, F|100/100
|-ability|p2a: per my last turn|Pressure
|move|p1a: Leavanny|Triple Axel|p2a: per my last turn
|-damage|p2a: per my last turn|95/100
|-damage|p2a: per my last turn|86/100
|-hitcount|p2a: per my last turn|2
|
|-heal|p2a: per my last turn|92/100|[from] item: Leftovers
|-damage|p1a: Leavanny|10/100 tox|[from] psn
|upkeep
|turn|5
|
|t:|1779614847
|move|p1a: Leavanny|Lunge|p2a: per my last turn
|-resisted|p2a: per my last turn
|-damage|p2a: per my last turn|82/100
|-unboost|p2a: per my last turn|atk|1
|move|p2a: per my last turn|Defog|p1a: Leavanny
|-unboost|p1a: Leavanny|evasion|1
|-sideend|p2: cheeseguy43|Sticky Web|[from] move: Defog|[of] p2a: per my last turn
|
|-heal|p2a: per my last turn|88/100|[from] item: Leftovers
|-damage|p1a: Leavanny|0 fnt|[from] psn
|faint|p1a: Leavanny
|upkeep
|
|t:|1779614860
|switch|p1a: Chandelure|Chandelure, M|100/100
|turn|6
|
|t:|1779614870
|switch|p2a: did you calc that?|Clodsire, M|100/100
|move|p1a: Chandelure|Fire Blast|p2a: did you calc that?
|-damage|p2a: did you calc that?|69/100
|
|upkeep
|turn|7
|
|t:|1779614879
|switch|p1a: Komala|Komala, M|100/100
|-ability|p1a: Komala|Comatose
|move|p2a: did you calc that?|Earthquake|p1a: Komala
|-damage|p1a: Komala|59/100
|
|upkeep
|turn|8
|
|t:|1779614887
|switch|p2a: per my last turn|Corviknight, F|88/100
|-ability|p2a: per my last turn|Pressure
|move|p1a: Komala|Earthquake|p2a: per my last turn
|-immune|p2a: per my last turn
|
|-heal|p2a: per my last turn|94/100|[from] item: Leftovers
|upkeep
|turn|9
|
|t:|1779614899
|move|p1a: Komala|Knock Off|p2a: per my last turn
|-damage|p2a: per my last turn|65/100
|-enditem|p2a: per my last turn|Leftovers|[from] move: Knock Off|[of] p1a: Komala
|move|p2a: per my last turn|Brave Bird|p1a: Komala
|-damage|p1a: Komala|1/100
|-damage|p2a: per my last turn|51/100|[from] Recoil
|
|upkeep
|turn|10
|
|t:|1779614905
|move|p1a: Komala|Ice Spinner|p2a: per my last turn
|-damage|p2a: per my last turn|26/100
|move|p2a: per my last turn|Roost|p2a: per my last turn
|-heal|p2a: per my last turn|76/100
|-singleturn|p2a: per my last turn|move: Roost
|
|upkeep
|turn|11
|
|t:|1779614909
|move|p1a: Komala|Ice Spinner|p2a: per my last turn
|-damage|p2a: per my last turn|55/100
|move|p2a: per my last turn|Brave Bird|p1a: Komala
|-damage|p1a: Komala|0 fnt
|faint|p1a: Komala
|-damage|p2a: per my last turn|54/100|[from] Recoil
|
|upkeep
|
|t:|1779614913
|switch|p1a: Chandelure|Chandelure, M|100/100
|turn|12
|
|t:|1779614921
|move|p2a: per my last turn|Protect|p2a: per my last turn
|-singleturn|p2a: per my last turn|Protect
|move|p1a: Chandelure|Psychic|p2a: per my last turn
|-activate|p2a: per my last turn|move: Protect
|
|upkeep
|turn|13
|
|t:|1779614927
|switch|p1a: Cobalion|Cobalion, shiny|100/100
|switch|p2a: did you calc that?|Clodsire, M|69/100
|
|upkeep
|turn|14
|
|t:|1779614933
|switch|p2a: per my last turn|Corviknight, F|54/100
|-ability|p2a: per my last turn|Pressure
|move|p1a: Cobalion|Iron Defense|p1a: Cobalion
|-boost|p1a: Cobalion|def|2
|
|upkeep
|turn|15
|
|t:|1779614937
|move|p1a: Cobalion|Iron Defense|p1a: Cobalion
|-boost|p1a: Cobalion|def|2
|move|p2a: per my last turn|Roost|p2a: per my last turn
|-heal|p2a: per my last turn|100/100
|-singleturn|p2a: per my last turn|move: Roost
|
|upkeep
|turn|16
|
|t:|1779614939
|switch|p2a: keep trying|Dondozo, M|100/100
|move|p1a: Cobalion|Body Press|p2a: keep trying
|-damage|p2a: keep trying|81/100
|
|-heal|p2a: keep trying|88/100|[from] item: Leftovers
|upkeep
|turn|17
|
|t:|1779614946
|move|p1a: Cobalion|Thunder Wave|p2a: keep trying
|-status|p2a: keep trying|par
|move|p2a: keep trying|Curse|p2a: keep trying
|-unboost|p2a: keep trying|spe|1
|-boost|p2a: keep trying|atk|1
|-boost|p2a: keep trying|def|1
|
|-heal|p2a: keep trying|94/100 par|[from] item: Leftovers
|upkeep
|turn|18
|
|t:|1779614949
|move|p1a: Cobalion|Volt Switch|p2a: keep trying
|-supereffective|p2a: keep trying
|-damage|p2a: keep trying|65/100 par
|
|t:|1779614954
|switch|p1a: Primarina|Primarina, F|100/100|[from] Volt Switch
|move|p2a: keep trying|Curse|p2a: keep trying
|-unboost|p2a: keep trying|spe|1
|-boost|p2a: keep trying|atk|1
|-boost|p2a: keep trying|def|1
|
|-heal|p2a: keep trying|71/100 par|[from] item: Leftovers
|upkeep
|turn|19
|
|t:|1779614957
|move|p1a: Primarina|Energy Ball|p2a: keep trying
|-supereffective|p2a: keep trying
|-damage|p2a: keep trying|7/100 par
|move|p2a: keep trying|Crunch|p1a: Primarina
|-resisted|p1a: Primarina
|-damage|p1a: Primarina|78/100
|
|-heal|p2a: keep trying|13/100 par|[from] item: Leftovers
|upkeep
|turn|20
|
|t:|1779614967
|switch|p2a: per my last turn|Corviknight, F|100/100
|-ability|p2a: per my last turn|Pressure
|move|p1a: Primarina|Energy Ball|p2a: per my last turn
|-resisted|p2a: per my last turn
|-damage|p2a: per my last turn|94/100
|
|upkeep
|turn|21
|
|t:|1779614975
|switch|p1a: Chandelure|Chandelure, M|100/100
|move|p2a: per my last turn|Brave Bird|p1a: Chandelure
|-crit|p1a: Chandelure
|-damage|p1a: Chandelure|14/100
|-damage|p2a: per my last turn|76/100|[from] Recoil
|
|upkeep
|turn|22
|
|t:|1779614978
|move|p2a: per my last turn|Protect|p2a: per my last turn
|-singleturn|p2a: per my last turn|Protect
|move|p1a: Chandelure|Psychic|p2a: per my last turn
|-activate|p2a: per my last turn|move: Protect
|
|upkeep
|turn|23
|
|t:|1779614985
|switch|p2a: love this for you|Clefable, F|100/100
|move|p1a: Chandelure|Psychic|p2a: love this for you
|-damage|p2a: love this for you|67/100
|-unboost|p2a: love this for you|spd|1
|
|upkeep
|turn|24
|
|t:|1779614992
|switch|p1a: Primarina|Primarina, F|78/100
|move|p2a: love this for you|Knock Off|p1a: Primarina
|-resisted|p1a: Primarina
|-damage|p1a: Primarina|69/100
|-enditem|p1a: Primarina|Assault Vest|[from] move: Knock Off|[of] p2a: love this for you
|
|upkeep
|turn|25
|
|t:|1779614999
|switch|p2a: take your time|Toxapex, F|100/100
|move|p1a: Primarina|Moonblast|p2a: take your time
|-resisted|p2a: take your time
|-damage|p2a: take your time|78/100
|-unboost|p2a: take your time|spa|1
|
|-heal|p2a: take your time|84/100|[from] item: Leftovers
|upkeep
|turn|26
|
|t:|1779615006
|switch|p1a: Kyurem|Kyurem|100/100
|-ability|p1a: Kyurem|Pressure
|move|p2a: take your time|Infestation|p1a: Kyurem
|-damage|p1a: Kyurem|99/100
|-activate|p1a: Kyurem|move: Infestation|[of] p2a: take your time
|
|-heal|p2a: take your time|90/100|[from] item: Leftovers
|-damage|p1a: Kyurem|86/100|[from] move: Infestation|[partiallytrapped]
|upkeep
|turn|27
|
|t:|1779615010
|move|p2a: take your time|Baneful Bunker|p2a: take your time
|-singleturn|p2a: take your time|move: Protect
|move|p1a: Kyurem|Freeze-Dry|p2a: take your time
|-activate|p2a: take your time|move: Protect
|
|-heal|p2a: take your time|97/100|[from] item: Leftovers
|-damage|p1a: Kyurem|74/100|[from] move: Infestation|[partiallytrapped]
|upkeep
|turn|28
|
|t:|1779615015
|move|p1a: Kyurem|Freeze-Dry|p2a: take your time
|-supereffective|p2a: take your time
|-damage|p2a: take your time|5/100
|move|p2a: take your time|Poison Jab|p1a: Kyurem
|-damage|p1a: Kyurem|57/100
|-status|p1a: Kyurem|psn
|
|-heal|p2a: take your time|11/100|[from] item: Leftovers
|-damage|p1a: Kyurem|45/100 psn|[from] psn
|-damage|p1a: Kyurem|33/100 psn|[from] move: Infestation|[partiallytrapped]
|upkeep
|turn|29
|
|t:|1779615022
|move|p2a: take your time|Baneful Bunker|p2a: take your time
|-singleturn|p2a: take your time|move: Protect
|move|p1a: Kyurem|Freeze-Dry|p2a: take your time
|-activate|p2a: take your time|move: Protect
|
|-heal|p2a: take your time|18/100|[from] item: Leftovers
|-damage|p1a: Kyurem|20/100 psn|[from] psn
|-damage|p1a: Kyurem|8/100 psn|[from] move: Infestation|[partiallytrapped]
|upkeep
|turn|30
|
|t:|1779615027
|switch|p2a: per my last turn|Corviknight, F|76/100
|-ability|p2a: per my last turn|Pressure
|move|p1a: Kyurem|Freeze-Dry|p2a: per my last turn
|-damage|p2a: per my last turn|41/100
|
|-damage|p1a: Kyurem|0 fnt|[from] psn
|faint|p1a: Kyurem
|upkeep
|
|t:|1779615030
|switch|p1a: Chandelure|Chandelure, M|14/100
|turn|31
|
|t:|1779615033
|move|p2a: per my last turn|Protect|p2a: per my last turn
|-singleturn|p2a: per my last turn|Protect
|move|p1a: Chandelure|Fire Blast|p2a: per my last turn
|-activate|p2a: per my last turn|move: Protect
|
|upkeep
|turn|32
|
|t:|1779615039
|switch|p2a: take your time|Toxapex, F|51/100
|move|p1a: Chandelure|Fire Blast|p2a: take your time
|-resisted|p2a: take your time
|-damage|p2a: take your time|25/100
|
|-heal|p2a: take your time|31/100|[from] item: Leftovers
|upkeep
|turn|33
|
|t:|1779615046
|switch|p1a: Cobalion|Cobalion, shiny|100/100
|switch|p2a: per my last turn|Corviknight, F|41/100
|-ability|p2a: per my last turn|Pressure
|
|upkeep
|turn|34
|
|t:|1779615050
|move|p1a: Cobalion|Volt Switch|p2a: per my last turn
|-supereffective|p2a: per my last turn
|-damage|p2a: per my last turn|21/100
|
|t:|1779615053
|switch|p1a: Primarina|Primarina, F|69/100|[from] Volt Switch
|move|p2a: per my last turn|Roost|p2a: per my last turn
|-heal|p2a: per my last turn|71/100
|-singleturn|p2a: per my last turn|move: Roost
|
|upkeep
|turn|35
|
|t:|1779615058
|switch|p2a: take your time|Toxapex, F|65/100
|move|p1a: Primarina|Surf|p2a: take your time
|-resisted|p2a: take your time
|-damage|p2a: take your time|45/100
|
|-heal|p2a: take your time|51/100|[from] item: Leftovers
|upkeep
|turn|36
|
|t:|1779615065
|switch|p1a: Cobalion|Cobalion, shiny|100/100
|move|p2a: take your time|Infestation|p1a: Cobalion
|-resisted|p1a: Cobalion
|-damage|p1a: Cobalion|99/100
|-activate|p1a: Cobalion|move: Infestation|[of] p2a: take your time
|
|-heal|p1a: Cobalion|100/100|[from] item: Leftovers
|-heal|p2a: take your time|58/100|[from] item: Leftovers
|-damage|p1a: Cobalion|88/100|[from] move: Infestation|[partiallytrapped]
|upkeep
|turn|37
|
|t:|1779615072
|move|p1a: Cobalion|Volt Switch|p2a: take your time
|-supereffective|p2a: take your time
|-damage|p2a: take your time|34/100
|
|t:|1779615078
|switch|p1a: Primarina|Primarina, F|69/100|[from] Volt Switch
|move|p2a: take your time|Recover|p2a: take your time
|-heal|p2a: take your time|84/100
|
|-heal|p2a: take your time|90/100|[from] item: Leftovers
|upkeep
|turn|38
|
|t:|1779615084
|move|p1a: Primarina|Energy Ball|p2a: take your time
|-damage|p2a: take your time|64/100
|move|p2a: take your time|Infestation|p1a: Primarina
|-resisted|p1a: Primarina
|-damage|p1a: Primarina|68/100
|-activate|p1a: Primarina|move: Infestation|[of] p2a: take your time
|
|-heal|p2a: take your time|70/100|[from] item: Leftovers
|-damage|p1a: Primarina|55/100|[from] move: Infestation|[partiallytrapped]
|upkeep
|turn|39
|-message|AbSolitaire forfeited.
|
|win|cheeseguy43
|raw|AbSolitaire's rating: 1297 &rarr; <strong>1272</strong><br />(-25 for losing)
|raw|cheeseguy43's rating: 1300 &rarr; <strong>1325</strong><br />(+25 for winning)
|l|☆AbSolitaire
|player|p1|
|l|☆cheeseguy43
|player|p2|
