|j|☆Luisowbro
|j|☆hes trans alright
|t:|1779719151
|gametype|singles
|player|p1|Luisowbro|ingo|1438
|player|p2|hes trans alright|265|1454
|gen|9
|tier|[Gen 9] OU
|rated|
|rule|HP Percentage Mod: HP is shown in percentages
|rule|Endless Battle Clause: Forcing endless battles is banned
|rule|Species Clause: Limit one of each Pokémon
|rule|OHKO Clause: OHKO moves are banned
|rule|Evasion Items Clause: Evasion items are banned
|rule|Evasion Moves Clause: Evasion moves are banned
|rule|Evasion Abilities Clause: Evasion abilities are banned
|rule|Sleep Moves Clause: Sleep-inducing moves are banned
|clearpoke
|poke|p1|Haxorus, M|
|poke|p1|Moltres-Galar|
|poke|p1|Volcanion|
|poke|p1|Scizor, M|
|poke|p1|Enamorus, F|
|poke|p1|Ninetales-Alola, F|
|poke|p2|Kyurem|
|poke|p2|Hatterene, F|
|poke|p2|Great Tusk|
|poke|p2|Ceruledge, F|
|poke|p2|Iron Valiant|
|poke|p2|Tornadus-Therian, M|
|teampreview
|
|t:|1779719260
|teamsize|p1|6
|teamsize|p2|6
|start
|switch|p1a: Volcanion|Volcanion|100/100
|switch|p2a: Tornadus|Tornadus-Therian, M|100/100
|turn|1
|inactive|Battle timer is ON: inactive players will automatically lose when time's up. (requested by Luisowbro)
|
|t:|1779719290
|switch|p1a: Haxorus|Haxorus, M, shiny|100/100
|-ability|p1a: Haxorus|Mold Breaker
|move|p2a: Tornadus|Knock Off|p1a: Haxorus
|-damage|p1a: Haxorus|79/100
|-enditem|p1a: Haxorus|Loaded Dice|[from] move: Knock Off|[of] p2a: Tornadus
|
|upkeep
|turn|2
|
|t:|1779719305
|switch|p1a: Ninetales|Ninetales-Alola, F, shiny|100/100
|-weather|Snowscape|[from] ability: Snow Warning|[of] p1a: Ninetales
|move|p2a: Tornadus|U-turn|p1a: Ninetales
|-resisted|p1a: Ninetales
|-damage|p1a: Ninetales|95/100
|
|t:|1779719308
|switch|p2a: Iron Valiant|Iron Valiant|100/100|[from] U-turn
|-enditem|p2a: Iron Valiant|Booster Energy
|-activate|p2a: Iron Valiant|ability: Quark Drive|[fromitem]
|-start|p2a: Iron Valiant|quarkdrivespe
|
|-weather|Snowscape|[upkeep]
|upkeep
|turn|3
|
|t:|1779719316
|move|p2a: Iron Valiant|Knock Off|p1a: Ninetales
|-resisted|p1a: Ninetales
|-damage|p1a: Ninetales|80/100
|-enditem|p1a: Ninetales|Light Clay|[from] move: Knock Off|[of] p2a: Iron Valiant
|move|p1a: Ninetales|Aurora Veil|p1a: Ninetales
|-sidestart|p1: Luisowbro|move: Aurora Veil
|
|-weather|Snowscape|[upkeep]
|upkeep
|turn|4
|
|t:|1779719325
|-end|p2a: Iron Valiant|Quark Drive|[silent]
|switch|p2a: Tornadus|Tornadus-Therian, M|100/100
|move|p1a: Ninetales|Roar|p2a: Tornadus
|drag|p2a: Iron Valiant|Iron Valiant|100/100
|
|-weather|Snowscape|[upkeep]
|upkeep
|turn|5
|
|t:|1779719334
|-end|p2a: Iron Valiant|Quark Drive|[silent]
|switch|p2a: Tornadus|Tornadus-Therian, M|100/100
|switch|p1a: Scizor|Scizor, M, shiny|100/100
|
|-weather|Snowscape|[upkeep]
|upkeep
|turn|6
|inactive|hes trans alright has 120 seconds left.
|
|t:|1779719367
|switch|p1a: Volcanion|Volcanion|100/100
|move|p2a: Tornadus|Heat Wave|p1a: Volcanion
|-resisted|p1a: Volcanion
|-damage|p1a: Volcanion|99/100
|
|-weather|none
|upkeep
|turn|7
|
|t:|1779719392
|move|p2a: Tornadus|Knock Off|p1a: Volcanion
|-damage|p1a: Volcanion|90/100
|-enditem|p1a: Volcanion|Assault Vest|[from] move: Knock Off|[of] p2a: Tornadus
|move|p1a: Volcanion|Sludge Bomb|p2a: Tornadus
|-damage|p2a: Tornadus|80/100
|-status|p2a: Tornadus|psn
|
|-damage|p2a: Tornadus|67/100 psn|[from] psn
|-sideend|p1: Luisowbro|move: Aurora Veil
|upkeep
|turn|8
|inactive|hes trans alright has 120 seconds left.
|inactive|hes trans alright has 90 seconds left.
|
|t:|1779719470
|move|p2a: Tornadus|U-turn|p1a: Volcanion
|-resisted|p1a: Volcanion
|-damage|p1a: Volcanion|85/100
|
|t:|1779719472
|switch|p2a: Kyurem|Kyurem|100/100|[from] U-turn
|-ability|p2a: Kyurem|Pressure
|move|p1a: Volcanion|Flamethrower|p2a: Kyurem
|-damage|p2a: Kyurem|54/100
|
|-heal|p2a: Kyurem|60/100|[from] item: Leftovers
|upkeep
|turn|9
|inactive|hes trans alright has 60 seconds left.
|inactive|hes trans alright has 30 seconds left.
|inactive|hes trans alright has 20 seconds left.
|inactive|hes trans alright has 15 seconds left.
|inactive|hes trans alright has 10 seconds left.
|inactive|hes trans alright has 5 seconds left.
|
|t:|1779719547
|switch|p1a: Enamorus|Enamorus, F|100/100
|move|p2a: Kyurem|Earth Power|p1a: Enamorus
|-immune|p1a: Enamorus
|
|-heal|p2a: Kyurem|66/100|[from] item: Leftovers
|upkeep
|turn|10
|inactive|hes trans alright has 15 seconds left this turn.
|
|t:|1779719556
|move|p2a: Kyurem|Protect|p2a: Kyurem
|-singleturn|p2a: Kyurem|Protect
|move|p1a: Enamorus|Earth Power|p2a: Kyurem
|-activate|p2a: Kyurem|move: Protect
|
|-heal|p2a: Kyurem|72/100|[from] item: Leftovers
|upkeep
|turn|11
|inactive|hes trans alright has 25 seconds left this turn.
|inactive|hes trans alright has 20 seconds left.
|
|t:|1779719566
|switch|p1a: Ninetales|Ninetales-Alola, F, shiny|80/100
|-weather|Snowscape|[from] ability: Snow Warning|[of] p1a: Ninetales
|move|p2a: Kyurem|Freeze-Dry|p1a: Ninetales
|-resisted|p1a: Ninetales
|-damage|p1a: Ninetales|62/100
|
|-weather|Snowscape|[upkeep]
|-heal|p2a: Kyurem|78/100|[from] item: Leftovers
|upkeep
|turn|12
|inactive|hes trans alright has 30 seconds left this turn.
|inactive|hes trans alright has 20 seconds left.
|
|t:|1779719580
|switch|p2a: Tornadus|Tornadus-Therian, M|100/100 psn
|move|p1a: Ninetales|Aurora Veil|p1a: Ninetales
|-sidestart|p1: Luisowbro|move: Aurora Veil
|
|-weather|Snowscape|[upkeep]
|-damage|p2a: Tornadus|88/100 psn|[from] psn
|upkeep
|turn|13
|inactive|hes trans alright has 30 seconds left this turn.
|
|t:|1779719586
|move|p2a: Tornadus|U-turn|p1a: Ninetales
|-resisted|p1a: Ninetales
|-damage|p1a: Ninetales|60/100
|
|t:|1779719590
|switch|p2a: Ceruledge|Ceruledge, F|100/100|[from] U-turn
|move|p1a: Ninetales|Freeze-Dry|p2a: Ceruledge
|-resisted|p2a: Ceruledge
|-damage|p2a: Ceruledge|93/100
|
|-weather|Snowscape|[upkeep]
|upkeep
|turn|14
|
|t:|1779719600
|switch|p1a: Haxorus|Haxorus, M, shiny|79/100
|-ability|p1a: Haxorus|Mold Breaker
|switch|p2a: Kyurem|Kyurem|78/100
|-ability|p2a: Kyurem|Pressure
|
|-weather|Snowscape|[upkeep]
|-heal|p2a: Kyurem|84/100|[from] item: Leftovers
|upkeep
|turn|15
|
|t:|1779719619
|switch|p2a: Hatterene|Hatterene, F|100/100
|switch|p1a: Scizor|Scizor, M, shiny|100/100
|
|-weather|none
|upkeep
|turn|16
|
|t:|1779719627
|switch|p2a: Ceruledge|Ceruledge, F|93/100
|move|p1a: Scizor|U-turn|p2a: Ceruledge
|-resisted|p2a: Ceruledge
|-damage|p2a: Ceruledge|75/100
|
|t:|1779719631
|switch|p1a: Haxorus|Haxorus, M, shiny|79/100|[from] U-turn
|-ability|p1a: Haxorus|Mold Breaker
|
|-sideend|p1: Luisowbro|move: Aurora Veil
|upkeep
|turn|17
|inactive|hes trans alright has 60 seconds left.
|inactive|hes trans alright has 30 seconds left.
|
|t:|1779719667
|switch|p2a: Iron Valiant|Iron Valiant|100/100
|move|p1a: Haxorus|Scale Shot|p2a: Iron Valiant
|-immune|p2a: Iron Valiant
|
|upkeep
|turn|18
|
|t:|1779719674
|-terastallize|p1a: Haxorus|Steel
|move|p2a: Iron Valiant|Knock Off|p1a: Haxorus
|-damage|p1a: Haxorus|55/100
|move|p1a: Haxorus|Iron Head|p2a: Iron Valiant
|-supereffective|p2a: Iron Valiant
|-damage|p2a: Iron Valiant|0 fnt
|faint|p2a: Iron Valiant
|-end|p2a: Iron Valiant|Quark Drive|[silent]
|
|upkeep
|
|t:|1779719684
|switch|p2a: Tornadus|Tornadus-Therian, M|100/100 psn
|turn|19
|
|t:|1779719690
|switch|p1a: Volcanion|Volcanion|85/100
|move|p2a: Tornadus|Heat Wave|p1a: Volcanion
|-resisted|p1a: Volcanion
|-damage|p1a: Volcanion|78/100
|
|-damage|p2a: Tornadus|88/100 psn|[from] psn
|upkeep
|turn|20
|
|t:|1779719700
|move|p2a: Tornadus|Bleakwind Storm|p1a: Volcanion
|-damage|p1a: Volcanion|40/100
|move|p1a: Volcanion|Steam Eruption|p2a: Tornadus
|-damage|p2a: Tornadus|48/100 psn
|
|-damage|p2a: Tornadus|35/100 psn|[from] psn
|upkeep
|turn|21
|
|t:|1779719712
|move|p2a: Tornadus|U-turn|p1a: Volcanion
|-resisted|p1a: Volcanion
|-damage|p1a: Volcanion|35/100
|
|t:|1779719714
|switch|p2a: Kyurem|Kyurem|84/100|[from] U-turn
|-ability|p2a: Kyurem|Pressure
|move|p1a: Volcanion|Steam Eruption|p2a: Kyurem
|-resisted|p2a: Kyurem
|-damage|p2a: Kyurem|54/100
|
|-heal|p2a: Kyurem|60/100|[from] item: Leftovers
|upkeep
|turn|22
|
|t:|1779719724
|switch|p1a: Ninetales|Ninetales-Alola, F, shiny|60/100
|-weather|Snowscape|[from] ability: Snow Warning|[of] p1a: Ninetales
|move|p2a: Kyurem|Earth Power|p1a: Ninetales
|-damage|p1a: Ninetales|31/100
|
|-weather|Snowscape|[upkeep]
|-heal|p2a: Kyurem|67/100|[from] item: Leftovers
|upkeep
|turn|23
|
|t:|1779719733
|move|p1a: Ninetales|Aurora Veil|p1a: Ninetales
|-sidestart|p1: Luisowbro|move: Aurora Veil
|move|p2a: Kyurem|Earth Power|p1a: Ninetales
|-damage|p1a: Ninetales|17/100
|
|-weather|Snowscape|[upkeep]
|-heal|p2a: Kyurem|73/100|[from] item: Leftovers
|upkeep
|turn|24
|
|t:|1779719743
|move|p1a: Ninetales|Encore|p2a: Kyurem
|-start|p2a: Kyurem|Encore
|move|p2a: Kyurem|Earth Power|p1a: Ninetales
|-damage|p1a: Ninetales|4/100
|
|-weather|Snowscape|[upkeep]
|-heal|p2a: Kyurem|79/100|[from] item: Leftovers
|upkeep
|turn|25
|
|t:|1779719751
|switch|p1a: Moltres|Moltres-Galar, shiny|100/100
|switch|p2a: Ceruledge|Ceruledge, F|75/100
|
|-weather|Snowscape|[upkeep]
|upkeep
|turn|26
|inactive|hes trans alright has 90 seconds left.
|
|t:|1779719758
|move|p1a: Moltres|Agility|p1a: Moltres
|-boost|p1a: Moltres|spe|2
|move|p2a: Ceruledge|Taunt|p1a: Moltres
|-start|p1a: Moltres|move: Taunt
|
|-weather|none
|upkeep
|turn|27
|inactive|hes trans alright has 90 seconds left.
|
|t:|1779719773
|-terastallize|p2a: Ceruledge|Bug
|move|p1a: Moltres|Fiery Wrath|p2a: Ceruledge
|-damage|p2a: Ceruledge|46/100
|move|p2a: Ceruledge|Bulk Up|p2a: Ceruledge
|-boost|p2a: Ceruledge|atk|1
|-boost|p2a: Ceruledge|def|1
|
|-sideend|p1: Luisowbro|move: Aurora Veil
|upkeep
|turn|28
|inactive|hes trans alright has 90 seconds left.
|
|t:|1779719783
|move|p1a: Moltres|Air Slash|p2a: Ceruledge
|-supereffective|p2a: Ceruledge
|-damage|p2a: Ceruledge|0 fnt
|faint|p2a: Ceruledge
|
|upkeep
|
|t:|1779719790
|switch|p2a: Kyurem|Kyurem|79/100
|-ability|p2a: Kyurem|Pressure
|turn|29
|
|t:|1779719802
|switch|p1a: Volcanion|Volcanion|35/100
|move|p2a: Kyurem|Freeze-Dry|p1a: Volcanion
|-damage|p1a: Volcanion|0 fnt
|faint|p1a: Volcanion
|
|-heal|p2a: Kyurem|85/100|[from] item: Leftovers
|upkeep
|
|t:|1779719809
|switch|p1a: Scizor|Scizor, M, shiny|100/100
|turn|30
|
|t:|1779719813
|switch|p2a: Great Tusk|Great Tusk|100/100
|move|p1a: Scizor|Bullet Punch|p2a: Great Tusk
|-damage|p2a: Great Tusk|68/100
|
|upkeep
|turn|31
|
|t:|1779719829
|switch|p1a: Haxorus|Haxorus, M, shiny, tera:Steel|55/100
|-ability|p1a: Haxorus|Mold Breaker
|move|p2a: Great Tusk|Stealth Rock|p1a: Haxorus
|-sidestart|p1: Luisowbro|move: Stealth Rock
|
|upkeep
|turn|32
|
|t:|1779719836
|move|p2a: Great Tusk|Headlong Rush|p1a: Haxorus
|-supereffective|p1a: Haxorus
|-damage|p1a: Haxorus|0 fnt
|-unboost|p2a: Great Tusk|def|1
|-unboost|p2a: Great Tusk|spd|1
|faint|p1a: Haxorus
|
|upkeep
|
|t:|1779719842
|switch|p1a: Scizor|Scizor, M, shiny|100/100
|-damage|p1a: Scizor|88/100|[from] Stealth Rock
|turn|33
|
|t:|1779719857
|-end|p2a: Great Tusk|Protosynthesis|[silent]
|switch|p2a: Kyurem|Kyurem|85/100
|-ability|p2a: Kyurem|Pressure
|move|p1a: Scizor|Defog|p2a: Kyurem
|-unboost|p2a: Kyurem|evasion|1
|-sideend|p1: Luisowbro|Stealth Rock|[from] move: Defog|[of] p1a: Scizor
|
|-heal|p2a: Kyurem|91/100|[from] item: Leftovers
|upkeep
|turn|34
|
|t:|1779719875
|switch|p2a: Great Tusk|Great Tusk|68/100
|switch|p1a: Enamorus|Enamorus, F|100/100
|
|upkeep
|turn|35
|
|t:|1779719883
|-end|p2a: Great Tusk|Protosynthesis|[silent]
|switch|p2a: Hatterene|Hatterene, F|100/100
|move|p1a: Enamorus|Moonblast|p2a: Hatterene
|-damage|p2a: Hatterene|49/100
|
|upkeep
|turn|36
|
|t:|1779719889
|move|p1a: Enamorus|Moonblast|p2a: Hatterene
|-damage|p2a: Hatterene|0 fnt
|faint|p2a: Hatterene
|
|upkeep
|
|t:|1779719892
|switch|p2a: Tornadus|Tornadus-Therian, M|69/100 psn
|turn|37
|
|t:|1779719901
|move|p1a: Enamorus|Moonblast|p2a: Tornadus
|-damage|p2a: Tornadus|36/100 psn
|move|p2a: Tornadus|Knock Off|p1a: Enamorus
|-resisted|p1a: Enamorus
|-damage|p1a: Enamorus|85/100
|-enditem|p1a: Enamorus|Choice Scarf|[from] move: Knock Off|[of] p2a: Tornadus
|
|-damage|p2a: Tornadus|23/100 psn|[from] psn
|upkeep
|turn|38
|
|t:|1779719912
|move|p2a: Tornadus|U-turn|p1a: Enamorus
|-resisted|p1a: Enamorus
|-damage|p1a: Enamorus|79/100
|
|t:|1779719915
|switch|p2a: Kyurem|Kyurem|91/100|[from] U-turn
|-ability|p2a: Kyurem|Pressure
|move|p1a: Enamorus|Moonblast|p2a: Kyurem
|-supereffective|p2a: Kyurem
|-damage|p2a: Kyurem|0 fnt
|faint|p2a: Kyurem
|
|upkeep
|
|t:|1779719918
|switch|p2a: Tornadus|Tornadus-Therian, M|57/100 psn
|turn|39
|
|t:|1779719925
|move|p2a: Tornadus|Bleakwind Storm|p1a: Enamorus
|-damage|p1a: Enamorus|25/100
|move|p1a: Enamorus|Moonblast|p2a: Tornadus
|-damage|p2a: Tornadus|24/100 psn
|
|-damage|p2a: Tornadus|12/100 psn|[from] psn
|upkeep
|turn|40
|
|t:|1779719945
|switch|p2a: Great Tusk|Great Tusk|68/100
|switch|p1a: Scizor|Scizor, M, shiny|88/100
|
|upkeep
|turn|41
|
|t:|1779719957
|move|p1a: Scizor|Bullet Punch|p2a: Great Tusk
|-damage|p2a: Great Tusk|30/100
|move|p2a: Great Tusk|Stealth Rock|p1a: Scizor
|-sidestart|p1: Luisowbro|move: Stealth Rock
|
|upkeep
|turn|42
|
|t:|1779719965
|move|p1a: Scizor|Bullet Punch|p2a: Great Tusk
|-damage|p2a: Great Tusk|0 fnt
|faint|p2a: Great Tusk
|-end|p2a: Great Tusk|Protosynthesis|[silent]
|
|upkeep
|
|t:|1779719967
|switch|p2a: Tornadus|Tornadus-Therian, M|45/100 psn
|turn|43
|
|t:|1779719971
|move|p1a: Scizor|Bullet Punch|p2a: Tornadus
|-damage|p2a: Tornadus|0 fnt
|faint|p2a: Tornadus
|
|win|Luisowbro
|raw|Luisowbro's rating: 1438 &rarr; <strong>1459</strong><br />(+21 for winning)
|raw|hes trans alright's rating: 1454 &rarr; <strong>1433</strong><br />(-21 for losing)
|c|☆Luisowbro|gg
|c|☆Luisowbro|great one
|c|☆hes trans alright|Gg
|l|☆Luisowbro
|player|p1|
|l|☆hes trans alright
|player|p2|
