|inactive|Battle timer is ON: inactive players will automatically lose when time's up.
|t:|1779570487
|gametype|singles
|player|p1|LegitlyIzOP|lucas|
|player|p2|impersonxtor|#wcop2026uk2|
|gen|9
|tier|[Gen 9] OU
|rule|HP Percentage Mod: HP is shown in percentages
|rule|Endless Battle Clause: Forcing endless battles is banned
|rule|Species Clause: Limit one of each Pokémon
|rule|OHKO Clause: OHKO moves are banned
|rule|Evasion Items Clause: Evasion items are banned
|rule|Evasion Moves Clause: Evasion moves are banned
|rule|Evasion Abilities Clause: Evasion abilities are banned
|rule|Sleep Moves Clause: Sleep-inducing moves are banned
|clearpoke
|poke|p1|Kingambit, F|
|poke|p1|Iron Moth|
|poke|p1|Dragonite, M|
|poke|p1|Landorus-Therian, M|
|poke|p1|Deoxys-Speed|
|poke|p1|Iron Treads|
|poke|p2|Raging Bolt|
|poke|p2|Zamazenta-*|
|poke|p2|Gliscor, F|
|poke|p2|Iron Moth|
|poke|p2|Hatterene, F|
|poke|p2|Ogerpon-Wellspring, F|
|teampreview
|c|☆impersonxtor|hf
|c|☆LegitlyIzOP|hf
|
|t:|1779570513
|teamsize|p1|6
|teamsize|p2|6
|start
|switch|p1a: Deoxys|Deoxys-Speed|100/100
|switch|p2a: Ogerpon|Ogerpon-Wellspring, F|100/100
|-ability|p1a: Deoxys|Pressure
|turn|1
|inactive|LegitlyIzOP has 270 seconds left.
|
|t:|1779570545
|move|p1a: Deoxys|Psycho Boost|p2a: Ogerpon
|-damage|p2a: Ogerpon|0 fnt
|-unboost|p1a: Deoxys|spa|2
|faint|p2a: Ogerpon
|-damage|p1a: Deoxys|91/100|[from] item: Life Orb
|
|upkeep
|
|t:|1779570551
|switch|p2a: Iron Moth|Iron Moth|100/100
|-enditem|p2a: Iron Moth|Booster Energy
|-activate|p2a: Iron Moth|ability: Quark Drive|[fromitem]
|-start|p2a: Iron Moth|quarkdrivespe
|turn|2
|inactive|LegitlyIzOP has 270 seconds left.
|
|t:|1779570581
|switch|p1a: Dragonite|Dragonite, M|100/100
|move|p2a: Iron Moth|Fiery Dance|p1a: Dragonite
|-resisted|p1a: Dragonite
|-damage|p1a: Dragonite|90/100
|
|upkeep
|turn|3
|
|t:|1779570594
|-end|p2a: Iron Moth|Quark Drive|[silent]
|switch|p2a: Gliscor|Gliscor, F|100/100
|move|p1a: Dragonite|Earthquake|p2a: Gliscor
|-immune|p2a: Gliscor
|
|-status|p2a: Gliscor|tox|[from] item: Toxic Orb
|upkeep
|turn|4
|
|t:|1779570603
|switch|p2a: Zamazenta|Zamazenta|100/100
|-ability|p2a: Zamazenta|Dauntless Shield|boost
|-boost|p2a: Zamazenta|def|1
|move|p1a: Dragonite|Dragon Dance|p1a: Dragonite
|-boost|p1a: Dragonite|atk|1
|-boost|p1a: Dragonite|spe|1
|
|upkeep
|turn|5
|
|t:|1779570609
|move|p2a: Zamazenta|Reflect|p2a: Zamazenta
|-sidestart|p2: impersonxtor|Reflect
|move|p1a: Dragonite|Dragon Dance|p1a: Dragonite
|-boost|p1a: Dragonite|atk|1
|-boost|p1a: Dragonite|spe|1
|
|upkeep
|turn|6
|
|t:|1779570616
|move|p1a: Dragonite|Encore|p2a: Zamazenta
|-start|p2a: Zamazenta|Encore
|move|p2a: Zamazenta|Reflect||[still]
|-fail|p2a: Zamazenta
|
|upkeep
|turn|7
|
|t:|1779570622
|switch|p2a: Hatterene|Hatterene, F|100/100
|move|p1a: Dragonite|Dragon Dance|p1a: Dragonite
|-boost|p1a: Dragonite|atk|1
|-boost|p1a: Dragonite|spe|1
|
|upkeep
|turn|8
|
|t:|1779570630
|switch|p1a: Iron Treads|Iron Treads|100/100
|-enditem|p1a: Iron Treads|Booster Energy
|-activate|p1a: Iron Treads|ability: Quark Drive|[fromitem]
|-start|p1a: Iron Treads|quarkdrivespe
|move|p2a: Hatterene|Draining Kiss|p1a: Iron Treads
|-resisted|p1a: Iron Treads
|-damage|p1a: Iron Treads|84/100
|
|upkeep
|turn|9
|
|t:|1779570639
|move|p1a: Iron Treads|Stealth Rock|p2a: Hatterene
|move|p2a: Hatterene|Stealth Rock|p1a: Iron Treads|[from] ability: Magic Bounce
|-sidestart|p1: LegitlyIzOP|move: Stealth Rock
|move|p2a: Hatterene|Calm Mind|p2a: Hatterene
|-boost|p2a: Hatterene|spa|1
|-boost|p2a: Hatterene|spd|1
|
|upkeep
|turn|10
|
|t:|1779570648
|move|p1a: Iron Treads|Steel Beam|p2a: Hatterene
|-supereffective|p2a: Hatterene
|-damage|p2a: Hatterene|29/100
|-damage|p1a: Iron Treads|34/100|[from] steelbeam
|move|p2a: Hatterene|Mystical Fire|p1a: Iron Treads
|-supereffective|p1a: Iron Treads
|-damage|p1a: Iron Treads|0 fnt
|faint|p1a: Iron Treads
|-end|p1a: Iron Treads|Quark Drive|[silent]
|
|-heal|p2a: Hatterene|35/100|[from] item: Leftovers
|upkeep
|
|t:|1779570656
|switch|p1a: Landorus|Landorus-Therian, M|100/100
|-damage|p1a: Landorus|88/100|[from] Stealth Rock
|-ability|p1a: Landorus|Intimidate|boost
|-unboost|p2a: Hatterene|atk|1
|turn|11
|
|t:|1779570673
|move|p1a: Landorus|Earthquake|p2a: Hatterene
|-damage|p2a: Hatterene|4/100
|move|p2a: Hatterene|Stored Power|p1a: Landorus
|-damage|p1a: Landorus|35/100
|
|-heal|p2a: Hatterene|10/100|[from] item: Leftovers
|upkeep
|turn|12
|
|t:|1779570682
|switch|p2a: Gliscor|Gliscor, F|100/100 tox
|move|p1a: Landorus|U-turn|p2a: Gliscor
|-resisted|p2a: Gliscor
|-damage|p2a: Gliscor|95/100 tox
|inactive|LegitlyIzOP has 270 seconds left.
|
|t:|1779570721
|switch|p1a: Iron Moth|Iron Moth|100/100|[from] U-turn
|-damage|p1a: Iron Moth|76/100|[from] Stealth Rock
|-enditem|p1a: Iron Moth|Booster Energy
|-activate|p1a: Iron Moth|ability: Quark Drive|[fromitem]
|-start|p1a: Iron Moth|quarkdrivespe
|
|-heal|p2a: Gliscor|100/100 tox|[from] ability: Poison Heal
|-sideend|p2: impersonxtor|Reflect
|upkeep
|turn|13
|
|t:|1779570737
|move|p1a: Iron Moth|Fiery Dance|p2a: Gliscor
|-damage|p2a: Gliscor|51/100 tox
|-boost|p1a: Iron Moth|spa|1
|move|p2a: Gliscor|Earthquake|p1a: Iron Moth
|-supereffective|p1a: Iron Moth
|-damage|p1a: Iron Moth|0 fnt
|faint|p1a: Iron Moth
|-end|p1a: Iron Moth|Quark Drive|[silent]
|
|-heal|p2a: Gliscor|63/100 tox|[from] ability: Poison Heal
|upkeep
|
|t:|1779570740
|switch|p1a: Deoxys|Deoxys-Speed|91/100
|-damage|p1a: Deoxys|78/100|[from] Stealth Rock
|-ability|p1a: Deoxys|Pressure
|turn|14
|
|t:|1779570747
|switch|p2a: Hatterene|Hatterene, F|10/100
|move|p1a: Deoxys|Psycho Boost|p2a: Hatterene
|-resisted|p2a: Hatterene
|-damage|p2a: Hatterene|0 fnt
|-unboost|p1a: Deoxys|spa|2
|faint|p2a: Hatterene
|-damage|p1a: Deoxys|68/100|[from] item: Life Orb
|
|upkeep
|inactive|impersonxtor has 270 seconds left.
|
|t:|1779570781
|switch|p2a: Iron Moth|Iron Moth|100/100
|turn|15
|
|t:|1779570789
|switch|p1a: Landorus|Landorus-Therian, M|35/100
|-damage|p1a: Landorus|22/100|[from] Stealth Rock
|-ability|p1a: Landorus|Intimidate|boost
|-unboost|p2a: Iron Moth|atk|1
|move|p2a: Iron Moth|Sludge Wave|p1a: Landorus
|-resisted|p1a: Landorus
|-damage|p1a: Landorus|0 fnt
|faint|p1a: Landorus
|
|upkeep
|
|t:|1779570808
|switch|p1a: Deoxys|Deoxys-Speed|68/100
|-damage|p1a: Deoxys|56/100|[from] Stealth Rock
|-ability|p1a: Deoxys|Pressure
|turn|16
|inactive|impersonxtor has 270 seconds left.
|inactive|impersonxtor has 240 seconds left.
|
|t:|1779570872
|move|p1a: Deoxys|Psycho Boost|p2a: Iron Moth|[miss]
|-miss|p1a: Deoxys|p2a: Iron Moth
|move|p2a: Iron Moth|Sludge Wave|p1a: Deoxys
|-damage|p1a: Deoxys|0 fnt
|faint|p1a: Deoxys
|
|upkeep
|c|☆impersonxtor|sorry
|c|☆impersonxtor|super aids
|
|t:|1779570889
|switch|p1a: Dragonite|Dragonite, M|90/100
|-damage|p1a: Dragonite|65/100|[from] Stealth Rock
|turn|17
|inactive|impersonxtor has 240 seconds left.
|
|t:|1779570897
|move|p2a: Iron Moth|Sludge Wave|p1a: Dragonite
|-damage|p1a: Dragonite|12/100
|move|p1a: Dragonite|Earthquake|p2a: Iron Moth
|-supereffective|p2a: Iron Moth
|-damage|p2a: Iron Moth|0 fnt
|faint|p2a: Iron Moth
|-end|p2a: Iron Moth|Quark Drive|[silent]
|
|upkeep
|inactive|impersonxtor has 240 seconds left.
|
|t:|1779570903
|switch|p2a: Zamazenta|Zamazenta|100/100
|turn|18
|
|t:|1779570911
|move|p2a: Zamazenta|Reflect|p2a: Zamazenta
|-sidestart|p2: impersonxtor|Reflect
|move|p1a: Dragonite|Earthquake|p2a: Zamazenta
|-damage|p2a: Zamazenta|84/100
|
|upkeep
|turn|19
|
|t:|1779570926
|switch|p2a: Gliscor|Gliscor, F|63/100 tox
|move|p1a: Dragonite|Dragon Dance|p1a: Dragonite
|-boost|p1a: Dragonite|atk|1
|-boost|p1a: Dragonite|spe|1
|
|-heal|p2a: Gliscor|75/100 tox|[from] ability: Poison Heal
|upkeep
|turn|20
|
|t:|1779570935
|move|p1a: Dragonite|Extreme Speed|p2a: Gliscor
|-damage|p2a: Gliscor|57/100 tox
|move|p2a: Gliscor|Facade|p1a: Dragonite
|-damage|p1a: Dragonite|0 fnt
|faint|p1a: Dragonite
|
|-heal|p2a: Gliscor|69/100 tox|[from] ability: Poison Heal
|upkeep
|
|t:|1779570938
|switch|p1a: Kingambit|Kingambit, F|100/100
|-damage|p1a: Kingambit|95/100|[from] Stealth Rock
|-activate|p1a: Kingambit|ability: Supreme Overlord
|-start|p1a: Kingambit|fallen5|[silent]
|turn|21
|
|t:|1779570947
|-terastallize|p1a: Kingambit|Ghost
|move|p2a: Gliscor|Swords Dance|p2a: Gliscor
|-boost|p2a: Gliscor|atk|2
|move|p1a: Kingambit|Swords Dance|p1a: Kingambit
|-boost|p1a: Kingambit|atk|2
|
|-heal|p1a: Kingambit|100/100|[from] item: Leftovers
|-heal|p2a: Gliscor|82/100 tox|[from] ability: Poison Heal
|upkeep
|turn|22
|inactive|LegitlyIzOP has 270 seconds left.
|inactive|LegitlyIzOP has 240 seconds left.
|
|t:|1779571035
|move|p2a: Gliscor|Earthquake|p1a: Kingambit
|-damage|p1a: Kingambit|32/100
|move|p1a: Kingambit|Swords Dance|p1a: Kingambit
|-boost|p1a: Kingambit|atk|2
|
|-heal|p1a: Kingambit|38/100|[from] item: Leftovers
|-heal|p2a: Gliscor|94/100 tox|[from] ability: Poison Heal
|upkeep
|turn|23
|inactive|impersonxtor has 270 seconds left.
|
|t:|1779571052
|move|p1a: Kingambit|Sucker Punch|p2a: Gliscor
|-damage|p2a: Gliscor|18/100 tox
|move|p2a: Gliscor|Earthquake|p1a: Kingambit
|-damage|p1a: Kingambit|0 fnt
|faint|p1a: Kingambit
|-end|p1a: Kingambit|fallen5|[silent]
|
|win|impersonxtor
