|j|☆samo9762
|j|☆012587430a
|t:|1779618222
|gametype|singles
|player|p1|samo9762|steven-masters3|1352
|player|p2|012587430a|clown|1275
|gen|9
|tier|[Gen 9] OU
|rated|
|rule|HP Percentage Mod: HP is shown in percentages
|rule|Endless Battle Clause: Forcing endless battles is banned
|rule|Species Clause: Limit one of each Pokémon
|rule|OHKO Clause: OHKO moves are banned
|rule|Evasion Items Clause: Evasion items are banned
|rule|Evasion Moves Clause: Evasion moves are banned
|rule|Evasion Abilities Clause: Evasion abilities are banned
|rule|Sleep Moves Clause: Sleep-inducing moves are banned
|clearpoke
|poke|p1|Garganacl, M|
|poke|p1|Hippowdon, M|
|poke|p1|Hydrapple, M|
|poke|p1|Slowking-Galar, M|
|poke|p1|Samurott-Hisui, M|
|poke|p1|Excadrill, M|
|poke|p2|Pelipper, M|
|poke|p2|Scizor, M|
|poke|p2|Klefki, F|
|poke|p2|Basculegion-F, F|
|poke|p2|Landorus-Therian, M|
|poke|p2|Cinderace, F|
|teampreview
|inactive|Battle timer is ON: inactive players will automatically lose when time's up. (requested by 012587430a)
|
|t:|1779618234
|teamsize|p1|6
|teamsize|p2|6
|start
|switch|p1a: Frank|Samurott-Hisui, M|100/100
|switch|p2a: Klefki|Klefki, F|100/100
|turn|1
|
|t:|1779618243
|move|p2a: Klefki|Reflect|p2a: Klefki
|-sidestart|p2: 012587430a|Reflect
|move|p1a: Frank|Knock Off|p2a: Klefki
|-resisted|p2a: Klefki
|-damage|p2a: Klefki|83/100
|-enditem|p2a: Klefki|Light Clay|[from] move: Knock Off|[of] p1a: Frank
|
|upkeep
|turn|2
|
|t:|1779618249
|move|p1a: Frank|Ceaseless Edge|p2a: Klefki
|-resisted|p2a: Klefki
|-damage|p2a: Klefki|65/100
|-sidestart|p2: 012587430a|Spikes
|move|p2a: Klefki|Draining Kiss|p1a: Frank
|-supereffective|p1a: Frank
|-damage|p1a: Frank|56/100
|-heal|p2a: Klefki|100/100|[from] drain|[of] p1a: Frank
|
|upkeep
|turn|3
|
|t:|1779618256
|move|p1a: Frank|Flip Turn|p2a: Klefki
|-damage|p2a: Klefki|82/100
|
|t:|1779618264
|switch|p1a: Mick|Slowking-Galar, M|100/100|[from] Flip Turn
|move|p2a: Klefki|Draining Kiss|p1a: Mick
|-resisted|p1a: Mick
|-damage|p1a: Mick|97/100
|-heal|p2a: Klefki|86/100|[from] drain|[of] p1a: Mick
|
|upkeep
|turn|4
|
|t:|1779618271
|move|p2a: Klefki|Thunder Wave|p1a: Mick
|-status|p1a: Mick|par
|move|p1a: Mick|Whirlpool|p2a: Klefki
|-damage|p2a: Klefki|77/100
|-activate|p2a: Klefki|move: Whirlpool|[of] p1a: Mick
|
|-damage|p2a: Klefki|65/100|[from] move: Whirlpool|[partiallytrapped]
|upkeep
|turn|5
|
|t:|1779618280
|move|p2a: Klefki|Light Screen|p2a: Klefki
|-sidestart|p2: 012587430a|move: Light Screen
|move|p1a: Mick|Psychic Noise|p2a: Klefki
|-resisted|p2a: Klefki
|-damage|p2a: Klefki|57/100
|-start|p2a: Klefki|move: Heal Block
|
|-damage|p2a: Klefki|44/100|[from] move: Whirlpool|[partiallytrapped]
|upkeep
|turn|6
|
|t:|1779618292
|move|p2a: Klefki|Light Screen||[still]
|-fail|p2a: Klefki
|move|p1a: Mick|Flamethrower|p2a: Klefki
|-supereffective|p2a: Klefki
|-damage|p2a: Klefki|22/100
|
|-damage|p2a: Klefki|9/100|[from] move: Whirlpool|[partiallytrapped]
|-end|p2a: Klefki|move: Heal Block
|upkeep
|turn|7
|
|t:|1779618300
|move|p2a: Klefki|Draining Kiss|p1a: Mick
|-resisted|p1a: Mick
|-damage|p1a: Mick|93/100 par
|-heal|p2a: Klefki|14/100|[from] drain|[of] p1a: Mick
|cant|p1a: Mick|par
|
|-damage|p2a: Klefki|1/100|[from] move: Whirlpool|[partiallytrapped]
|upkeep
|turn|8
|
|t:|1779618309
|move|p2a: Klefki|Draining Kiss|p1a: Mick
|-resisted|p1a: Mick
|-damage|p1a: Mick|89/100 par
|-heal|p2a: Klefki|6/100|[from] drain|[of] p1a: Mick
|move|p1a: Mick|Psychic Noise|p2a: Klefki
|-resisted|p2a: Klefki
|-damage|p2a: Klefki|0 fnt
|faint|p2a: Klefki
|
|-sideend|p2: 012587430a|Reflect
|upkeep
|
|t:|1779618335
|switch|p2a: Landorus|Landorus-Therian, M|100/100
|-ability|p2a: Landorus|Intimidate|boost
|-unboost|p1a: Mick|atk|1
|turn|9
|
|t:|1779618344
|switch|p1a: Fred|Hippowdon, M|100/100
|-weather|Sandstorm|[from] ability: Sand Stream|[of] p1a: Fred
|move|p2a: Landorus|Body Slam|p1a: Fred
|-damage|p1a: Fred|82/100
|-status|p1a: Fred|par
|-damage|p2a: Landorus|84/100|[from] item: Rocky Helmet|[of] p1a: Fred
|
|-weather|Sandstorm|[upkeep]
|-sideend|p2: 012587430a|move: Light Screen
|upkeep
|turn|10
|inactive|012587430a has 120 seconds left.
|
|t:|1779618364
|move|p2a: Landorus|Bulk Up|p2a: Landorus
|-boost|p2a: Landorus|atk|1
|-boost|p2a: Landorus|def|1
|move|p1a: Fred|Stealth Rock|p2a: Landorus
|-sidestart|p2: 012587430a|move: Stealth Rock
|
|-weather|Sandstorm|[upkeep]
|upkeep
|turn|11
|
|t:|1779618394
|switch|p1a: Robert|Hydrapple, M|100/100
|move|p2a: Landorus|Earthquake|p1a: Robert
|-resisted|p1a: Robert
|-damage|p1a: Robert|71/100
|
|-weather|Sandstorm|[upkeep]
|-damage|p1a: Robert|65/100|[from] Sandstorm
|upkeep
|turn|12
|
|t:|1779618403
|move|p2a: Landorus|Body Slam|p1a: Robert
|-damage|p1a: Robert|26/100
|move|p1a: Robert|Giga Drain|p2a: Landorus
|-damage|p2a: Landorus|29/100
|-heal|p1a: Robert|47/100|[from] drain|[of] p2a: Landorus
|
|-weather|Sandstorm|[upkeep]
|-damage|p1a: Robert|41/100|[from] Sandstorm
|upkeep
|turn|13
|
|t:|1779618413
|switch|p2a: Cinderace|Cinderace, F|100/100
|move|p1a: Robert|Giga Drain|p2a: Cinderace
|-resisted|p2a: Cinderace
|-damage|p2a: Cinderace|78/100
|-heal|p1a: Robert|51/100|[from] drain|[of] p2a: Cinderace
|
|-weather|none
|upkeep
|turn|14
|
|t:|1779618424
|switch|p1a: Mick|Slowking-Galar, M|100/100 par
|move|p2a: Cinderace|Court Change|p2a: Cinderace
|-swapsideconditions
|-activate|p2a: Cinderace|move: Court Change
|
|upkeep
|turn|15
|
|t:|1779618445
|switch|p2a: Scizor|Scizor, M|100/100
|move|p1a: Mick|Whirlpool|p2a: Scizor
|-damage|p2a: Scizor|89/100
|-activate|p2a: Scizor|move: Whirlpool|[of] p1a: Mick
|
|-damage|p2a: Scizor|77/100|[from] move: Whirlpool|[partiallytrapped]
|upkeep
|turn|16
|
|t:|1779618456
|move|p2a: Scizor|U-turn|p1a: Mick
|-damage|p1a: Mick|54/100 par
|inactive|012587430a has 120 seconds left.
|
|t:|1779618479
|switch|p2a: Basculegion|Basculegion-F, F|100/100|[from] U-turn
|move|p1a: Mick|Flamethrower|p2a: Basculegion
|-resisted|p2a: Basculegion
|-damage|p2a: Basculegion|89/100
|
|upkeep
|turn|17
|
|t:|1779618496
|switch|p1a: Frank|Samurott-Hisui, M|56/100
|-damage|p1a: Frank|43/100|[from] Spikes
|-damage|p1a: Frank|31/100|[from] Stealth Rock
|move|p2a: Basculegion|Hex|p1a: Frank
|-resisted|p1a: Frank
|-damage|p1a: Frank|0 fnt
|faint|p1a: Frank
|
|upkeep
|
|t:|1779618499
|switch|p1a: Fred|Hippowdon, M|82/100 par
|-damage|p1a: Fred|70/100 par|[from] Spikes
|-damage|p1a: Fred|64/100 par|[from] Stealth Rock
|-weather|Sandstorm|[from] ability: Sand Stream|[of] p1a: Fred
|turn|18
|inactive|012587430a has 120 seconds left.
|
|t:|1779618531
|switch|p2a: Landorus|Landorus-Therian, M|29/100
|-ability|p2a: Landorus|Intimidate|boost
|-unboost|p1a: Fred|atk|1
|switch|p1a: Robert|Hydrapple, M|84/100
|
|-weather|Sandstorm|[upkeep]
|-damage|p1a: Robert|78/100|[from] Sandstorm
|upkeep
|turn|19
|
|t:|1779618547
|switch|p2a: Scizor|Scizor, M|77/100
|move|p1a: Robert|Giga Drain|p2a: Scizor
|-resisted|p2a: Scizor
|-damage|p2a: Scizor|66/100
|-heal|p1a: Robert|83/100|[from] drain|[of] p2a: Scizor
|
|-weather|Sandstorm|[upkeep]
|-damage|p1a: Robert|77/100|[from] Sandstorm
|upkeep
|turn|20
|
|t:|1779618559
|switch|p1a: Tog|Excadrill, M, shiny|100/100
|-damage|p1a: Tog|97/100|[from] Stealth Rock
|-item|p1a: Tog|Air Balloon
|move|p2a: Scizor|U-turn|p1a: Tog
|-resisted|p1a: Tog
|-crit|p1a: Tog
|-damage|p1a: Tog|38/100
|-enditem|p1a: Tog|Air Balloon
|
|t:|1779618568
|switch|p2a: Landorus|Landorus-Therian, M|29/100|[from] U-turn
|-ability|p2a: Landorus|Intimidate|boost
|-unboost|p1a: Tog|atk|1
|
|-weather|Sandstorm|[upkeep]
|upkeep
|turn|21
|
|t:|1779618578
|move|p1a: Tog|Rock Slide|p2a: Landorus
|-damage|p2a: Landorus|7/100
|move|p2a: Landorus|Earthquake|p1a: Tog
|-supereffective|p1a: Tog
|-damage|p1a: Tog|0 fnt
|faint|p1a: Tog
|
|-weather|Sandstorm|[upkeep]
|upkeep
|l|☆samo9762
|inactive|samo9762 disconnected and has a minute to reconnect!
|player|p1|
|inactive|samo9762 has 30 seconds to reconnect!
|inactive|samo9762 has 20 seconds to reconnect!
|inactive|samo9762 has 15 seconds to reconnect!
|inactive|samo9762 has 10 seconds to reconnect!
|inactive|samo9762 has 5 seconds to reconnect!
|-message|samo9762 lost due to inactivity.
|
|win|012587430a
|raw|samo9762's rating: 1352 &rarr; <strong>1328</strong><br />(-24 for losing)
|raw|012587430a's rating: 1275 &rarr; <strong>1305</strong><br />(+30 for winning)
|l|☆012587430a
|player|p2|
