|j|☆IllusiveNewt
|j|☆bradfish1761
|t:|1779649316
|gametype|singles
|player|p1|IllusiveNewt|266|1176
|player|p2|bradfish1761|elesa|1120
|gen|9
|tier|[Gen 9] OU
|rated|
|rule|HP Percentage Mod: HP is shown in percentages
|rule|Endless Battle Clause: Forcing endless battles is banned
|rule|Species Clause: Limit one of each Pokémon
|rule|OHKO Clause: OHKO moves are banned
|rule|Evasion Items Clause: Evasion items are banned
|rule|Evasion Moves Clause: Evasion moves are banned
|rule|Evasion Abilities Clause: Evasion abilities are banned
|rule|Sleep Moves Clause: Sleep-inducing moves are banned
|clearpoke
|poke|p1|Iron Valiant|
|poke|p1|Gliscor, F|
|poke|p1|Great Tusk|
|poke|p1|Dragapult, F|
|poke|p1|Slowking-Galar, F|
|poke|p1|Skarmory, F|
|poke|p2|Electrode-Hisui|
|poke|p2|Pelipper, F|
|poke|p2|Gholdengo|
|poke|p2|Cinderace, F|
|poke|p2|Great Tusk|
|poke|p2|Darkrai|
|teampreview
|inactive|Battle timer is ON: inactive players will automatically lose when time's up. (requested by bradfish1761)
|
|t:|1779649336
|teamsize|p1|6
|teamsize|p2|6
|start
|switch|p1a: Gliscor|Gliscor, F|100/100
|switch|p2a: Pelipper|Pelipper, F|100/100
|-weather|RainDance|[from] ability: Drizzle|[of] p2a: Pelipper
|turn|1
|
|t:|1779649348
|move|p1a: Gliscor|U-turn|p2a: Pelipper
|-resisted|p2a: Pelipper
|-damage|p2a: Pelipper|92/100
|
|t:|1779649353
|switch|p1a: Dragapult|Dragapult, F|100/100|[from] U-turn
|move|p2a: Pelipper|U-turn|p1a: Dragapult
|-resisted|p1a: Dragapult
|-damage|p1a: Dragapult|93/100
|
|t:|1779649359
|switch|p2a: Gholdengo|Gholdengo|100/100|[from] U-turn
|
|-weather|RainDance|[upkeep]
|upkeep
|turn|2
|
|t:|1779649367
|move|p1a: Dragapult|Hex|p2a: Gholdengo
|-supereffective|p2a: Gholdengo
|-damage|p2a: Gholdengo|39/100
|move|p2a: Gholdengo|Shadow Ball|p1a: Dragapult
|-supereffective|p1a: Dragapult
|-damage|p1a: Dragapult|0 fnt
|faint|p1a: Dragapult
|
|-weather|RainDance|[upkeep]
|upkeep
|
|t:|1779649377
|switch|p1a: Great Tusk|Great Tusk|100/100
|turn|3
|
|t:|1779649382
|move|p2a: Gholdengo|Shadow Ball|p1a: Great Tusk
|-damage|p1a: Great Tusk|29/100
|move|p1a: Great Tusk|Stealth Rock|p2a: Gholdengo
|-sidestart|p2: bradfish1761|move: Stealth Rock
|
|-weather|RainDance|[upkeep]
|upkeep
|turn|4
|
|t:|1779649389
|move|p2a: Gholdengo|Shadow Ball|p1a: Great Tusk
|-damage|p1a: Great Tusk|0 fnt
|faint|p1a: Great Tusk
|-end|p1a: Great Tusk|Protosynthesis|[silent]
|
|-weather|RainDance|[upkeep]
|upkeep
|
|t:|1779649399
|switch|p1a: Iron Valiant|Iron Valiant|100/100
|turn|5
|
|t:|1779649402
|move|p2a: Gholdengo|Shadow Ball|p1a: Iron Valiant
|-damage|p1a: Iron Valiant|19/100
|-unboost|p1a: Iron Valiant|spd|1
|move|p1a: Iron Valiant|Shadow Ball|p2a: Gholdengo
|-supereffective|p2a: Gholdengo
|-damage|p2a: Gholdengo|0 fnt
|faint|p2a: Gholdengo
|
|-weather|RainDance|[upkeep]
|upkeep
|
|t:|1779649415
|switch|p2a: Darkrai|Darkrai|100/100
|-damage|p2a: Darkrai|88/100|[from] Stealth Rock
|turn|6
|
|t:|1779649419
|-end|p1a: Iron Valiant|Quark Drive|[silent]
|switch|p1a: Skarmory|Skarmory, F|100/100
|move|p2a: Darkrai|Dark Pulse|p1a: Skarmory
|-damage|p1a: Skarmory|35/100
|
|-weather|RainDance|[upkeep]
|upkeep
|turn|7
|
|t:|1779649428
|move|p2a: Darkrai|Dark Pulse|p1a: Skarmory
|-damage|p1a: Skarmory|0 fnt
|faint|p1a: Skarmory
|
|-weather|RainDance|[upkeep]
|upkeep
|-message|IllusiveNewt forfeited.
|
|win|bradfish1761
|raw|IllusiveNewt's rating: 1176 &rarr; <strong>1147</strong><br />(-29 for losing)
|raw|bradfish1761's rating: 1120 &rarr; <strong>1149</strong><br />(+29 for winning)
|l|☆IllusiveNewt
|player|p1|
