|j|☆BiggieChed66
|j|☆dillonbrookssimp
|t:|1779675826
|gametype|singles
|player|p1|BiggieChed66|ghetsis-gen5bw|1365
|player|p2|dillonbrookssimp|harlequin|1362
|gen|9
|tier|[Gen 9] OU
|rated|
|rule|HP Percentage Mod: HP is shown in percentages
|rule|Endless Battle Clause: Forcing endless battles is banned
|rule|Species Clause: Limit one of each Pokémon
|rule|OHKO Clause: OHKO moves are banned
|rule|Evasion Items Clause: Evasion items are banned
|rule|Evasion Moves Clause: Evasion moves are banned
|rule|Evasion Abilities Clause: Evasion abilities are banned
|rule|Sleep Moves Clause: Sleep-inducing moves are banned
|clearpoke
|poke|p1|Gholdengo|
|poke|p1|Gliscor, F|
|poke|p1|Iron Moth|
|poke|p1|Ogerpon-Wellspring, F|
|poke|p1|Zapdos|
|poke|p1|Quagsire, M|
|poke|p2|Torterra, M|
|poke|p2|Mandibuzz, F|
|poke|p2|Fezandipiti, M|
|poke|p2|Porygon-Z|
|poke|p2|Mew|
|poke|p2|Heatran, F|
|teampreview
|inactive|Battle timer is ON: inactive players will automatically lose when time's up. (requested by BiggieChed66)
|
|t:|1779675845
|teamsize|p1|6
|teamsize|p2|6
|start
|switch|p1a: Quagsire|Quagsire, M, shiny|100/100
|switch|p2a: Mew|Mew|100/100
|turn|1
|
|t:|1779675849
|move|p2a: Mew|Spikes|p1a: Quagsire
|-sidestart|p1: BiggieChed66|Spikes
|move|p1a: Quagsire|Toxic Spikes|p2a: Mew
|-sidestart|p2: dillonbrookssimp|move: Toxic Spikes
|
|upkeep
|turn|2
|
|t:|1779675853
|move|p2a: Mew|Encore|p1a: Quagsire
|-start|p1a: Quagsire|Encore
|move|p1a: Quagsire|Toxic Spikes|p2a: Mew
|-sidestart|p2: dillonbrookssimp|move: Toxic Spikes
|
|upkeep
|turn|3
|
|t:|1779675858
|switch|p1a: Gliscor|Gliscor, F|100/100
|move|p2a: Mew|Spikes|p1a: Gliscor
|-sidestart|p1: BiggieChed66|Spikes
|
|-status|p1a: Gliscor|tox|[from] item: Toxic Orb
|upkeep
|turn|4
|
|t:|1779675865
|switch|p2a: Fezandipiti|Fezandipiti, M|100/100
|-sideend|p2: dillonbrookssimp|move: Toxic Spikes|[of] p2a: Fezandipiti
|move|p1a: Gliscor|Toxic|p2a: Fezandipiti|[miss]
|-miss|p1a: Gliscor|p2a: Fezandipiti
|
|upkeep
|turn|5
|
|t:|1779675877
|switch|p2a: Athaliah|Mandibuzz, F|100/100
|move|p1a: Gliscor|Earthquake|p2a: Athaliah
|-immune|p2a: Athaliah
|
|upkeep
|turn|6
|
|t:|1779675882
|move|p1a: Gliscor|Stealth Rock|p2a: Athaliah
|-sidestart|p2: dillonbrookssimp|move: Stealth Rock
|move|p2a: Athaliah|U-turn|p1a: Gliscor
|-resisted|p1a: Gliscor
|-damage|p1a: Gliscor|97/100 tox
|
|t:|1779675889
|switch|p2a: Porygon-Z|Porygon-Z|100/100|[from] U-turn
|-damage|p2a: Porygon-Z|88/100|[from] Stealth Rock
|
|-heal|p1a: Gliscor|100/100 tox|[from] ability: Poison Heal
|upkeep
|turn|7
|
|t:|1779675894
|move|p2a: Porygon-Z|Trick|p1a: Gliscor
|-activate|p2a: Porygon-Z|move: Trick|[of] p1a: Gliscor
|-item|p1a: Gliscor|Choice Scarf|[from] move: Trick
|-item|p2a: Porygon-Z|Toxic Orb|[from] move: Trick
|move|p1a: Gliscor|Toxic|p2a: Porygon-Z
|-status|p2a: Porygon-Z|tox
|
|-damage|p2a: Porygon-Z|82/100 tox|[from] psn
|upkeep
|turn|8
|
|t:|1779675906
|switch|p1a: Quagsire|Quagsire, M, shiny|100/100
|-damage|p1a: Quagsire|84/100|[from] Spikes
|move|p2a: Porygon-Z|Discharge|p1a: Quagsire
|-immune|p1a: Quagsire
|
|-heal|p1a: Quagsire|90/100|[from] item: Leftovers
|-damage|p2a: Porygon-Z|70/100 tox|[from] psn
|upkeep
|turn|9
|
|t:|1779675915
|switch|p2a: Mew|Mew|100/100
|-damage|p2a: Mew|88/100|[from] Stealth Rock
|move|p1a: Quagsire|Earthquake|p2a: Mew
|-damage|p2a: Mew|57/100
|
|-heal|p2a: Mew|63/100|[from] item: Leftovers
|-heal|p1a: Quagsire|96/100|[from] item: Leftovers
|upkeep
|turn|10
|
|t:|1779675923
|move|p2a: Mew|Psychic|p1a: Quagsire
|-damage|p1a: Quagsire|52/100
|move|p1a: Quagsire|Earthquake|p2a: Mew
|-damage|p2a: Mew|31/100
|
|-heal|p2a: Mew|37/100|[from] item: Leftovers
|-heal|p1a: Quagsire|58/100|[from] item: Leftovers
|upkeep
|turn|11
|
|t:|1779675927
|move|p2a: Mew|Psychic|p1a: Quagsire
|-damage|p1a: Quagsire|11/100
|move|p1a: Quagsire|Recover|p1a: Quagsire
|-heal|p1a: Quagsire|61/100
|
|-heal|p2a: Mew|43/100|[from] item: Leftovers
|-heal|p1a: Quagsire|67/100|[from] item: Leftovers
|upkeep
|turn|12
|
|t:|1779675934
|move|p2a: Mew|Psychic|p1a: Quagsire
|-damage|p1a: Quagsire|22/100
|move|p1a: Quagsire|Toxic|p2a: Mew
|-status|p2a: Mew|tox
|-activate|p2a: Mew|ability: Synchronize
|-status|p1a: Quagsire|tox
|
|-heal|p2a: Mew|49/100 tox|[from] item: Leftovers
|-heal|p1a: Quagsire|28/100 tox|[from] item: Leftovers
|-damage|p2a: Mew|43/100 tox|[from] psn
|-damage|p1a: Quagsire|22/100 tox|[from] psn
|upkeep
|turn|13
|
|t:|1779675943
|move|p2a: Mew|Psychic|p1a: Quagsire
|-damage|p1a: Quagsire|0 fnt
|faint|p1a: Quagsire
|
|-heal|p2a: Mew|49/100 tox|[from] item: Leftovers
|-damage|p2a: Mew|37/100 tox|[from] psn
|upkeep
|
|t:|1779675948
|switch|p1a: Gliscor|Gliscor, F|100/100 tox
|turn|14
|
|t:|1779675955
|switch|p2a: Athaliah|Mandibuzz, F|100/100
|-damage|p2a: Athaliah|75/100|[from] Stealth Rock
|move|p1a: Gliscor|Earthquake|p2a: Athaliah
|-immune|p2a: Athaliah
|
|upkeep
|turn|15
|
|t:|1779675962
|switch|p1a: Iron Moth|Iron Moth|100/100
|-damage|p1a: Iron Moth|84/100|[from] Spikes
|-enditem|p1a: Iron Moth|Booster Energy
|-activate|p1a: Iron Moth|ability: Quark Drive|[fromitem]
|-start|p1a: Iron Moth|quarkdrivespe
|move|p2a: Athaliah|U-turn|p1a: Iron Moth
|-resisted|p1a: Iron Moth
|-damage|p1a: Iron Moth|80/100
|
|t:|1779675968
|switch|p2a: Heatran|Heatran, F|100/100|[from] U-turn
|-damage|p2a: Heatran|88/100|[from] Stealth Rock
|
|-heal|p2a: Heatran|94/100|[from] item: Leftovers
|upkeep
|turn|16
|
|t:|1779675976
|-end|p1a: Iron Moth|Quark Drive|[silent]
|switch|p1a: Gliscor|Gliscor, F|100/100 tox
|move|p2a: Heatran|Stealth Rock|p1a: Gliscor
|-sidestart|p1: BiggieChed66|move: Stealth Rock
|
|-heal|p2a: Heatran|100/100|[from] item: Leftovers
|upkeep
|turn|17
|
|t:|1779675988
|switch|p2a: Athaliah|Mandibuzz, F|75/100
|-damage|p2a: Athaliah|50/100|[from] Stealth Rock
|move|p1a: Gliscor|Toxic|p2a: Athaliah
|-status|p2a: Athaliah|tox
|
|-damage|p2a: Athaliah|44/100 tox|[from] psn
|upkeep
|turn|18
|
|t:|1779675995
|switch|p1a: Zapdos|Zapdos, shiny|100/100
|move|p2a: Athaliah|Defog|p1a: Zapdos
|-unboost|p1a: Zapdos|evasion|1
|-sideend|p1: BiggieChed66|Spikes|[from] move: Defog|[of] p2a: Athaliah
|-sideend|p1: BiggieChed66|Stealth Rock|[from] move: Defog|[of] p2a: Athaliah
|-sideend|p2: dillonbrookssimp|Stealth Rock|[from] move: Defog|[of] p2a: Athaliah
|
|-damage|p2a: Athaliah|32/100 tox|[from] psn
|upkeep
|turn|19
|
|t:|1779676008
|move|p1a: Zapdos|Volt Switch|p2a: Athaliah
|-supereffective|p2a: Athaliah
|-damage|p2a: Athaliah|0 fnt
|faint|p2a: Athaliah
|
|t:|1779676012
|switch|p1a: Gholdengo|Gholdengo|100/100|[from] Volt Switch
|
|upkeep
|
|t:|1779676015
|switch|p2a: Heatran|Heatran, F|100/100
|turn|20
|
|t:|1779676031
|switch|p1a: Zapdos|Zapdos, shiny|100/100
|move|p2a: Heatran|Magma Storm|p1a: Zapdos
|-damage|p1a: Zapdos|51/100
|-activate|p1a: Zapdos|move: Magma Storm|[of] p2a: Heatran
|
|-damage|p1a: Zapdos|38/100|[from] move: Magma Storm|[partiallytrapped]
|upkeep
|turn|21
|
|t:|1779676037
|move|p1a: Zapdos|Roost|p1a: Zapdos
|-heal|p1a: Zapdos|88/100
|-singleturn|p1a: Zapdos|move: Roost
|move|p2a: Heatran|Stealth Rock|p1a: Zapdos
|-sidestart|p1: BiggieChed66|move: Stealth Rock
|
|-damage|p1a: Zapdos|76/100|[from] move: Magma Storm|[partiallytrapped]
|upkeep
|turn|22
|
|t:|1779676057
|move|p1a: Zapdos|Volt Switch|p2a: Heatran
|-crit|p2a: Heatran
|-damage|p2a: Heatran|67/100
|
|t:|1779676061
|switch|p1a: Gliscor|Gliscor, F|100/100 tox|[from] Volt Switch
|-damage|p1a: Gliscor|88/100 tox|[from] Stealth Rock
|move|p2a: Heatran|Magma Storm|p1a: Gliscor
|-damage|p1a: Gliscor|33/100 tox
|-activate|p1a: Gliscor|move: Magma Storm|[of] p2a: Heatran
|
|-heal|p2a: Heatran|73/100|[from] item: Leftovers
|-heal|p1a: Gliscor|46/100 tox|[from] ability: Poison Heal
|-damage|p1a: Gliscor|33/100 tox|[from] move: Magma Storm|[partiallytrapped]
|upkeep
|turn|23
|
|t:|1779676081
|switch|p2a: Peter|Torterra, M|100/100
|move|p1a: Gliscor|Protect||[still]
|-fail|p1a: Gliscor
|
|-heal|p1a: Gliscor|46/100 tox|[from] ability: Poison Heal
|-end|p1a: Gliscor|Magma Storm|[partiallytrapped]|[silent]
|upkeep
|turn|24
|
|t:|1779676086
|switch|p1a: Zapdos|Zapdos, shiny|76/100
|move|p2a: Peter|Shell Smash|p2a: Peter
|-unboost|p2a: Peter|def|1
|-unboost|p2a: Peter|spd|1
|-boost|p2a: Peter|atk|2
|-boost|p2a: Peter|spa|2
|-boost|p2a: Peter|spe|2
|-enditem|p2a: Peter|White Herb
|-clearnegativeboost|p2a: Peter|[silent]
|
|upkeep
|turn|25
|
|t:|1779676094
|-terastallize|p2a: Peter|Rock
|move|p2a: Peter|Stone Edge|p1a: Zapdos|[miss]
|-miss|p2a: Peter|p1a: Zapdos
|move|p1a: Zapdos|Hurricane|p2a: Peter|[miss]
|-miss|p1a: Zapdos|p2a: Peter
|
|upkeep
|turn|26
|
|t:|1779676105
|move|p2a: Peter|Stone Edge|p1a: Zapdos
|-supereffective|p1a: Zapdos
|-damage|p1a: Zapdos|0 fnt
|faint|p1a: Zapdos
|
|upkeep
|
|t:|1779676107
|switch|p1a: Gliscor|Gliscor, F|46/100 tox
|-damage|p1a: Gliscor|33/100 tox|[from] Stealth Rock
|turn|27
|
|t:|1779676129
|move|p2a: Peter|Stone Edge|p1a: Gliscor|[miss]
|-miss|p2a: Peter|p1a: Gliscor
|move|p1a: Gliscor|Toxic|p2a: Peter
|-status|p2a: Peter|tox
|
|-damage|p2a: Peter|94/100 tox|[from] psn
|-heal|p1a: Gliscor|46/100 tox|[from] ability: Poison Heal
|upkeep
|turn|28
|
|t:|1779676134
|switch|p1a: Gholdengo|Gholdengo|100/100
|-damage|p1a: Gholdengo|94/100|[from] Stealth Rock
|move|p2a: Peter|Shell Smash|p2a: Peter
|-unboost|p2a: Peter|def|1
|-unboost|p2a: Peter|spd|1
|-boost|p2a: Peter|atk|2
|-boost|p2a: Peter|spa|2
|-boost|p2a: Peter|spe|2
|
|-damage|p2a: Peter|82/100 tox|[from] psn
|upkeep
|turn|29
|
|t:|1779676149
|move|p2a: Peter|Stone Edge|p1a: Gholdengo
|-resisted|p1a: Gholdengo
|-damage|p1a: Gholdengo|15/100
|move|p1a: Gholdengo|Make It Rain|p2a: Peter
|-supereffective|p2a: Peter
|-damage|p2a: Peter|0 fnt
|-unboost|p1a: Gholdengo|spa|1
|faint|p2a: Peter
|
|upkeep
|
|t:|1779676157
|switch|p2a: Heatran|Heatran, F|73/100
|turn|30
|
|t:|1779676163
|switch|p1a: Iron Moth|Iron Moth|80/100
|-damage|p1a: Iron Moth|55/100|[from] Stealth Rock
|move|p2a: Heatran|Magma Storm|p1a: Iron Moth
|-resisted|p1a: Iron Moth
|-damage|p1a: Iron Moth|31/100
|-activate|p1a: Iron Moth|move: Magma Storm|[of] p2a: Heatran
|
|-heal|p2a: Heatran|79/100|[from] item: Leftovers
|-damage|p1a: Iron Moth|19/100|[from] move: Magma Storm|[partiallytrapped]
|upkeep
|turn|31
|
|t:|1779676170
|move|p1a: Iron Moth|Fiery Dance|p2a: Heatran
|-start|p2a: Heatran|ability: Flash Fire
|move|p2a: Heatran|Earth Power|p1a: Iron Moth
|-supereffective|p1a: Iron Moth
|-damage|p1a: Iron Moth|0 fnt
|faint|p1a: Iron Moth
|-end|p1a: Iron Moth|Quark Drive|[silent]
|
|-heal|p2a: Heatran|85/100|[from] item: Leftovers
|upkeep
|
|t:|1779676173
|switch|p1a: Gliscor|Gliscor, F|46/100 tox
|-damage|p1a: Gliscor|33/100 tox|[from] Stealth Rock
|turn|32
|
|t:|1779676189
|move|p1a: Gliscor|Earthquake|p2a: Heatran
|-supereffective|p2a: Heatran
|-damage|p2a: Heatran|0 fnt
|faint|p2a: Heatran
|
|-heal|p1a: Gliscor|46/100 tox|[from] ability: Poison Heal
|upkeep
|
|t:|1779676193
|switch|p2a: Porygon-Z|Porygon-Z|70/100 tox
|turn|33
|
|t:|1779676197
|move|p1a: Gliscor|Earthquake|p2a: Porygon-Z
|-damage|p2a: Porygon-Z|26/100 tox
|move|p2a: Porygon-Z|Ice Beam|p1a: Gliscor
|-supereffective|p1a: Gliscor
|-damage|p1a: Gliscor|0 fnt
|faint|p1a: Gliscor
|
|-damage|p2a: Porygon-Z|19/100 tox|[from] psn
|upkeep
|
|t:|1779676202
|switch|p1a: Gholdengo|Gholdengo|15/100
|-damage|p1a: Gholdengo|9/100|[from] Stealth Rock
|turn|34
|
|t:|1779676220
|move|p1a: Gholdengo|Make It Rain|p2a: Porygon-Z
|-damage|p2a: Porygon-Z|0 fnt
|-unboost|p1a: Gholdengo|spa|1
|faint|p2a: Porygon-Z
|
|upkeep
|
|t:|1779676230
|switch|p2a: Mew|Mew|37/100 tox
|turn|35
|
|t:|1779676235
|move|p1a: Gholdengo|Make It Rain|p2a: Mew
|-damage|p2a: Mew|0 fnt
|-unboost|p1a: Gholdengo|spa|1
|faint|p2a: Mew
|
|upkeep
|
|t:|1779676238
|switch|p2a: Fezandipiti|Fezandipiti, M|100/100
|turn|36
|
|t:|1779676253
|move|p1a: Gholdengo|Make It Rain|p2a: Fezandipiti
|-supereffective|p2a: Fezandipiti
|-damage|p2a: Fezandipiti|53/100
|-unboost|p1a: Gholdengo|spa|1
|move|p2a: Fezandipiti|Roost|p2a: Fezandipiti
|-heal|p2a: Fezandipiti|100/100
|-singleturn|p2a: Fezandipiti|move: Roost
|
|upkeep
|turn|37
|
|t:|1779676261
|move|p1a: Gholdengo|Make It Rain|p2a: Fezandipiti
|-supereffective|p2a: Fezandipiti
|-damage|p2a: Fezandipiti|65/100
|-unboost|p1a: Gholdengo|spa|1
|move|p2a: Fezandipiti|Heat Wave|p1a: Gholdengo
|-supereffective|p1a: Gholdengo
|-damage|p1a: Gholdengo|0 fnt
|faint|p1a: Gholdengo
|
|upkeep
|
|t:|1779676264
|switch|p1a: Ogerpon|Ogerpon-Wellspring, F|100/100
|-damage|p1a: Ogerpon|88/100|[from] Stealth Rock
|turn|38
|
|t:|1779676268
|-terastallize|p1a: Ogerpon|Water
|detailschange|p1a: Ogerpon|Ogerpon-Wellspring-Tera, F, tera:Water
|-ability|p1a: Ogerpon|Embody Aspect (Wellspring)|boost
|-boost|p1a: Ogerpon|spd|1
|move|p1a: Ogerpon|Ivy Cudgel|p2a: Fezandipiti|[anim] Ivy Cudgel Water
|-damage|p2a: Fezandipiti|7/100
|move|p2a: Fezandipiti|Toxic|p1a: Ogerpon
|-status|p1a: Ogerpon|tox
|
|-damage|p1a: Ogerpon|82/100 tox|[from] psn
|upkeep
|turn|39
|-message|dillonbrookssimp forfeited.
|
|win|BiggieChed66
|raw|BiggieChed66's rating: 1365 &rarr; <strong>1385</strong><br />(+20 for winning)
|raw|dillonbrookssimp's rating: 1362 &rarr; <strong>1342</strong><br />(-20 for losing)
|l|☆dillonbrookssimp
|player|p2|
|l|☆BiggieChed66
|player|p1|
