|j|☆IFreakingluvStall
|j|☆ohko by scald
|t:|1779558896
|gametype|singles
|player|p1|IFreakingluvStall|wattson|1517
|player|p2|ohko by scald|roxie-masters|1515
|gen|9
|tier|[Gen 9] OU
|rated|
|rule|HP Percentage Mod: HP is shown in percentages
|rule|Endless Battle Clause: Forcing endless battles is banned
|rule|Species Clause: Limit one of each Pokémon
|rule|OHKO Clause: OHKO moves are banned
|rule|Evasion Items Clause: Evasion items are banned
|rule|Evasion Moves Clause: Evasion moves are banned
|rule|Evasion Abilities Clause: Evasion abilities are banned
|rule|Sleep Moves Clause: Sleep-inducing moves are banned
|clearpoke
|poke|p1|Dondozo, F|
|poke|p1|Blissey, F|
|poke|p1|Corviknight, M|
|poke|p1|Weezing-Galar, M|
|poke|p1|Gliscor, M|
|poke|p1|Alomomola, M|
|poke|p2|Zamazenta-*|
|poke|p2|Kingambit, F|
|poke|p2|Samurott-Hisui, M|
|poke|p2|Landorus-Therian, M|
|poke|p2|Iron Valiant|
|poke|p2|Toxtricity, F|
|teampreview
|inactive|Battle timer is ON: inactive players will automatically lose when time's up. (requested by ohko by scald)
|inactive|IFreakingluvStall also wants the timer to be on.
|
|t:|1779558911
|teamsize|p1|6
|teamsize|p2|6
|start
|switch|p1a: Gliscor|Gliscor, M|100/100
|switch|p2a: Samurott|Samurott-Hisui, M|100/100
|turn|1
|inactive|IFreakingluvStall has 120 seconds left.
|
|t:|1779558954
|switch|p1a: Alomomola|Alomomola, M|100/100
|move|p2a: Samurott|Swords Dance|p2a: Samurott
|-boost|p2a: Samurott|atk|2
|
|upkeep
|turn|2
|
|t:|1779558963
|move|p2a: Samurott|Ceaseless Edge|p1a: Alomomola
|-damage|p1a: Alomomola|51/100
|-sidestart|p1: IFreakingluvStall|Spikes
|move|p1a: Alomomola|Flip Turn|p2a: Samurott
|-resisted|p2a: Samurott
|-damage|p2a: Samurott|91/100
|
|t:|1779558969
|switch|p1a: Dondozo|Dondozo, F|100/100|[from] Flip Turn
|-damage|p1a: Dondozo|88/100|[from] Spikes
|
|-heal|p1a: Dondozo|94/100|[from] item: Leftovers
|upkeep
|turn|3
|
|t:|1779558974
|move|p2a: Samurott|Knock Off|p1a: Dondozo
|-damage|p1a: Dondozo|74/100
|-enditem|p1a: Dondozo|Leftovers|[from] move: Knock Off|[of] p2a: Samurott
|move|p1a: Dondozo|Body Press|p2a: Samurott
|-supereffective|p2a: Samurott
|-damage|p2a: Samurott|20/100
|
|upkeep
|turn|4
|
|t:|1779558982
|move|p2a: Samurott|Ceaseless Edge|p1a: Dondozo
|-damage|p1a: Dondozo|52/100
|-sidestart|p1: IFreakingluvStall|Spikes
|move|p1a: Dondozo|Body Press|p2a: Samurott
|-supereffective|p2a: Samurott
|-damage|p2a: Samurott|0 fnt
|faint|p2a: Samurott
|
|upkeep
|
|t:|1779558995
|switch|p2a: Toxtricity|Toxtricity, F|100/100
|turn|5
|
|t:|1779559012
|switch|p1a: Gliscor|Gliscor, M|100/100
|move|p2a: Toxtricity|Shift Gear|p2a: Toxtricity
|-boost|p2a: Toxtricity|spe|2
|-boost|p2a: Toxtricity|atk|1
|
|-status|p1a: Gliscor|tox|[from] item: Toxic Orb
|upkeep
|turn|6
|
|t:|1779559028
|-terastallize|p2a: Toxtricity|Normal
|move|p2a: Toxtricity|Boomburst|p1a: Gliscor
|-damage|p1a: Gliscor|0 fnt
|faint|p1a: Gliscor
|-damage|p2a: Toxtricity|91/100|[from] item: Life Orb
|
|upkeep
|inactive|IFreakingluvStall has 120 seconds left.
|
|t:|1779559045
|switch|p1a: Blissey|Blissey, F|100/100
|-damage|p1a: Blissey|84/100|[from] Spikes
|turn|7
|
|t:|1779559049
|move|p2a: Toxtricity|Drain Punch|p1a: Blissey
|-supereffective|p1a: Blissey
|-damage|p1a: Blissey|22/100
|-heal|p2a: Toxtricity|100/100|[from] drain|[of] p1a: Blissey
|-damage|p2a: Toxtricity|91/100|[from] item: Life Orb
|move|p1a: Blissey|Thunder Wave|p2a: Toxtricity
|-status|p2a: Toxtricity|par
|
|upkeep
|turn|8
|
|t:|1779559064
|switch|p1a: Corviknight|Corviknight, M|100/100
|-ability|p1a: Corviknight|Pressure
|move|p2a: Toxtricity|Drain Punch|p1a: Corviknight
|-damage|p1a: Corviknight|81/100
|-heal|p2a: Toxtricity|100/100 par|[from] drain|[of] p1a: Corviknight
|-damage|p2a: Toxtricity|91/100 par|[from] item: Life Orb
|
|-heal|p1a: Corviknight|87/100|[from] item: Leftovers
|upkeep
|turn|9
|
|t:|1779559077
|-terastallize|p1a: Corviknight|Fighting
|move|p2a: Toxtricity|Overdrive|p1a: Corviknight
|-damage|p1a: Corviknight|19/100
|-damage|p2a: Toxtricity|81/100 par|[from] item: Life Orb
|move|p1a: Corviknight|Body Press|p2a: Toxtricity
|-supereffective|p2a: Toxtricity
|-damage|p2a: Toxtricity|0 fnt
|faint|p2a: Toxtricity
|
|-heal|p1a: Corviknight|25/100|[from] item: Leftovers
|upkeep
|
|t:|1779559093
|switch|p2a: Iron Valiant|Iron Valiant|100/100
|-enditem|p2a: Iron Valiant|Booster Energy
|-activate|p2a: Iron Valiant|ability: Quark Drive|[fromitem]
|-start|p2a: Iron Valiant|quarkdrivespe
|turn|10
|
|t:|1779559104
|switch|p1a: Weezing|Weezing-Galar, M|100/100
|-ability|p1a: Weezing|Neutralizing Gas
|move|p2a: Iron Valiant|Moonblast|p1a: Weezing
|-resisted|p1a: Weezing
|-damage|p1a: Weezing|69/100
|
|upkeep
|turn|11
|
|t:|1779559112
|move|p2a: Iron Valiant|Calm Mind|p2a: Iron Valiant
|-boost|p2a: Iron Valiant|spa|1
|-boost|p2a: Iron Valiant|spd|1
|move|p1a: Weezing|Defog|p2a: Iron Valiant
|-unboost|p2a: Iron Valiant|evasion|1
|-sideend|p1: IFreakingluvStall|Spikes|[from] move: Defog|[of] p1a: Weezing
|
|upkeep
|turn|12
|
|t:|1779559124
|move|p2a: Iron Valiant|Calm Mind|p2a: Iron Valiant
|-boost|p2a: Iron Valiant|spa|1
|-boost|p2a: Iron Valiant|spd|1
|move|p1a: Weezing|Strange Steam|p2a: Iron Valiant
|-supereffective|p2a: Iron Valiant
|-damage|p2a: Iron Valiant|50/100
|
|upkeep
|turn|13
|
|t:|1779559134
|move|p2a: Iron Valiant|Thunderbolt|p1a: Weezing
|-damage|p1a: Weezing|0 fnt
|faint|p1a: Weezing
|-end|p1a: Weezing|ability: Neutralizing Gas
|
|upkeep
|
|t:|1779559155
|switch|p1a: Alomomola|Alomomola, M|84/100
|turn|14
|
|t:|1779559158
|move|p1a: Alomomola|Protect|p1a: Alomomola
|-singleturn|p1a: Alomomola|Protect
|move|p2a: Iron Valiant|Thunderbolt|p1a: Alomomola
|-activate|p1a: Alomomola|move: Protect
|
|upkeep
|turn|15
|
|t:|1779559164
|move|p2a: Iron Valiant|Thunderbolt|p1a: Alomomola
|-supereffective|p1a: Alomomola
|-damage|p1a: Alomomola|0 fnt
|faint|p1a: Alomomola
|
|upkeep
|-message|IFreakingluvStall forfeited.
|
|win|ohko by scald
|raw|IFreakingluvStall's rating: 1517 &rarr; <strong>1497</strong><br />(-20 for losing)
|raw|ohko by scald's rating: 1515 &rarr; <strong>1535</strong><br />(+20 for winning)
|l|☆IFreakingluvStall
|player|p1|
|l|☆ohko by scald
|player|p2|
|j|☆ohko by scald
|player|p2|ohko by scald|roxie-masters|
|l|☆ohko by scald
|player|p2|
