|j|☆Golem Rising
|j|☆bobrumba
|t:|1779686285
|gametype|singles
|player|p1|Golem Rising|bruno|1571
|player|p2|bobrumba|cynthia-gen4|1675
|gen|9
|tier|[Gen 9] OU
|rated|
|rule|HP Percentage Mod: HP is shown in percentages
|rule|Endless Battle Clause: Forcing endless battles is banned
|rule|Species Clause: Limit one of each Pokémon
|rule|OHKO Clause: OHKO moves are banned
|rule|Evasion Items Clause: Evasion items are banned
|rule|Evasion Moves Clause: Evasion moves are banned
|rule|Evasion Abilities Clause: Evasion abilities are banned
|rule|Sleep Moves Clause: Sleep-inducing moves are banned
|clearpoke
|poke|p1|Torkoal, F|
|poke|p1|Walking Wake|
|poke|p1|Great Tusk|
|poke|p1|Hatterene, F|
|poke|p1|Ceruledge, M|
|poke|p1|Venusaur, F|
|poke|p2|Dondozo, M|
|poke|p2|Blissey, F|
|poke|p2|Corviknight, F|
|poke|p2|Weezing-Galar, F|
|poke|p2|Gliscor, F|
|poke|p2|Toxapex, F|
|teampreview
|inactive|Battle timer is ON: inactive players will automatically lose when time's up. (requested by bobrumba)
|
|t:|1779686293
|teamsize|p1|6
|teamsize|p2|6
|start
|switch|p1a: Torkoal|Torkoal, F|100/100
|switch|p2a: Gliscor|Gliscor, F|100/100
|-weather|SunnyDay|[from] ability: Drought|[of] p1a: Torkoal
|turn|1
|
|t:|1779686300
|switch|p1a: Hatterene|Hatterene, F|100/100
|move|p2a: Gliscor|Protect||[still]
|-fail|p2a: Gliscor
|
|-weather|SunnyDay|[upkeep]
|-status|p2a: Gliscor|tox|[from] item: Toxic Orb
|upkeep
|turn|2
|
|t:|1779686309
|move|p2a: Gliscor|Knock Off|p1a: Hatterene
|-damage|p1a: Hatterene|76/100
|-enditem|p1a: Hatterene|Eject Button|[from] move: Knock Off|[of] p2a: Gliscor
|move|p1a: Hatterene|Psychic Noise|p2a: Gliscor
|-damage|p2a: Gliscor|62/100 tox
|-start|p2a: Gliscor|move: Heal Block
|
|-weather|SunnyDay|[upkeep]
|upkeep
|turn|3
|
|t:|1779686320
|move|p2a: Gliscor|Earthquake|p1a: Hatterene
|-crit|p1a: Hatterene
|-damage|p1a: Hatterene|19/100
|move|p1a: Hatterene|Draining Kiss|p2a: Gliscor
|-damage|p2a: Gliscor|36/100 tox
|-heal|p1a: Hatterene|40/100|[from] drain|[of] p2a: Gliscor
|
|-weather|SunnyDay|[upkeep]
|-end|p2a: Gliscor|move: Heal Block
|upkeep
|turn|4
|
|t:|1779686329
|move|p2a: Gliscor|Protect|p2a: Gliscor
|-singleturn|p2a: Gliscor|Protect
|move|p1a: Hatterene|Psychic Noise|p2a: Gliscor
|-activate|p2a: Gliscor|move: Protect
|
|-weather|SunnyDay|[upkeep]
|-heal|p2a: Gliscor|49/100 tox|[from] ability: Poison Heal
|upkeep
|turn|5
|
|t:|1779686337
|move|p2a: Gliscor|Earthquake|p1a: Hatterene
|-damage|p1a: Hatterene|3/100
|move|p1a: Hatterene|Draining Kiss|p2a: Gliscor
|-damage|p2a: Gliscor|22/100 tox
|-heal|p1a: Hatterene|25/100|[from] drain|[of] p2a: Gliscor
|
|-weather|SunnyDay|[upkeep]
|-heal|p2a: Gliscor|35/100 tox|[from] ability: Poison Heal
|upkeep
|turn|6
|
|t:|1779686345
|switch|p1a: Walking Wake|Walking Wake|100/100
|-activate|p1a: Walking Wake|ability: Protosynthesis
|-start|p1a: Walking Wake|protosynthesisspe
|move|p2a: Gliscor|Earthquake|p1a: Walking Wake
|-damage|p1a: Walking Wake|62/100
|
|-weather|SunnyDay|[upkeep]
|-heal|p2a: Gliscor|47/100 tox|[from] ability: Poison Heal
|upkeep
|turn|7
|
|t:|1779686354
|move|p2a: Gliscor|Protect|p2a: Gliscor
|-singleturn|p2a: Gliscor|Protect
|move|p1a: Walking Wake|Hydro Steam|p2a: Gliscor
|-activate|p2a: Gliscor|move: Protect
|
|-weather|SunnyDay|[upkeep]
|-heal|p2a: Gliscor|60/100 tox|[from] ability: Poison Heal
|upkeep
|turn|8
|
|t:|1779686362
|-end|p1a: Walking Wake|Protosynthesis|[silent]
|switch|p1a: Great Tusk|Great Tusk|100/100
|-activate|p1a: Great Tusk|ability: Protosynthesis
|-start|p1a: Great Tusk|protosynthesisatk
|switch|p2a: Toxapex|Toxapex, F|100/100
|
|-weather|none
|-end|p1a: Great Tusk|Protosynthesis
|upkeep
|turn|9
|
|t:|1779686370
|-end|p1a: Great Tusk|Protosynthesis|[silent]
|switch|p1a: Torkoal|Torkoal, F|100/100
|-weather|SunnyDay|[from] ability: Drought|[of] p1a: Torkoal
|switch|p2a: Corviknight|Corviknight, F|100/100
|-ability|p2a: Corviknight|Pressure
|
|-weather|SunnyDay|[upkeep]
|upkeep
|turn|10
|
|t:|1779686378
|switch|p2a: Gliscor|Gliscor, F|60/100 tox
|move|p1a: Torkoal|Stealth Rock|p2a: Gliscor
|-sidestart|p2: bobrumba|move: Stealth Rock
|
|-weather|SunnyDay|[upkeep]
|-heal|p2a: Gliscor|72/100 tox|[from] ability: Poison Heal
|upkeep
|turn|11
|
|t:|1779686384
|switch|p1a: Hatterene|Hatterene, F|25/100
|move|p2a: Gliscor|Earthquake|p1a: Hatterene
|-crit|p1a: Hatterene
|-damage|p1a: Hatterene|0 fnt
|faint|p1a: Hatterene
|
|-weather|SunnyDay|[upkeep]
|-heal|p2a: Gliscor|85/100 tox|[from] ability: Poison Heal
|upkeep
|
|t:|1779686396
|switch|p1a: Venusaur|Venusaur, F|100/100
|turn|12
|
|t:|1779686403
|switch|p2a: Toxapex|Toxapex, F|100/100
|-damage|p2a: Toxapex|88/100|[from] Stealth Rock
|move|p1a: Venusaur|Growth|p1a: Venusaur
|-boost|p1a: Venusaur|atk|2
|-boost|p1a: Venusaur|spa|2
|
|-weather|SunnyDay|[upkeep]
|-heal|p2a: Toxapex|94/100|[from] item: Black Sludge
|upkeep
|turn|13
|
|t:|1779686411
|move|p1a: Venusaur|Earth Power|p2a: Toxapex
|-supereffective|p2a: Toxapex
|-damage|p2a: Toxapex|4/100
|-damage|p1a: Venusaur|91/100|[from] item: Life Orb
|move|p2a: Toxapex|Haze|p2a: Toxapex
|-clearallboost
|
|-weather|SunnyDay|[upkeep]
|-heal|p2a: Toxapex|11/100|[from] item: Black Sludge
|upkeep
|turn|14
|
|t:|1779686420
|switch|p2a: Blissey|Blissey, F|100/100
|-damage|p2a: Blissey|88/100|[from] Stealth Rock
|move|p1a: Venusaur|Weather Ball|p2a: Blissey
|-damage|p2a: Blissey|71/100
|-damage|p1a: Venusaur|81/100|[from] item: Life Orb
|
|-weather|SunnyDay|[upkeep]
|-heal|p2a: Blissey|77/100|[from] item: Leftovers
|upkeep
|turn|15
|
|t:|1779686431
|switch|p1a: Great Tusk|Great Tusk|100/100
|-activate|p1a: Great Tusk|ability: Protosynthesis
|-start|p1a: Great Tusk|protosynthesisatk
|move|p2a: Blissey|Calm Mind|p2a: Blissey
|-boost|p2a: Blissey|spa|1
|-boost|p2a: Blissey|spd|1
|
|-weather|SunnyDay|[upkeep]
|-heal|p2a: Blissey|84/100|[from] item: Leftovers
|upkeep
|turn|16
|
|t:|1779686439
|switch|p2a: Corviknight|Corviknight, F|100/100
|-damage|p2a: Corviknight|88/100|[from] Stealth Rock
|-ability|p2a: Corviknight|Pressure
|move|p1a: Great Tusk|Close Combat|p2a: Corviknight
|-damage|p2a: Corviknight|19/100
|-unboost|p1a: Great Tusk|def|1
|-unboost|p1a: Great Tusk|spd|1
|
|-weather|none
|-end|p1a: Great Tusk|Protosynthesis
|-heal|p2a: Corviknight|26/100|[from] item: Leftovers
|upkeep
|turn|17
|
|t:|1779686450
|move|p1a: Great Tusk|Close Combat|p2a: Corviknight
|-damage|p2a: Corviknight|0 fnt
|-unboost|p1a: Great Tusk|def|1
|-unboost|p1a: Great Tusk|spd|1
|faint|p2a: Corviknight
|
|upkeep
|
|t:|1779686459
|switch|p2a: Weezing|Weezing-Galar, F|100/100
|-ability|p2a: Weezing|Neutralizing Gas
|turn|18
|
|t:|1779686464
|-end|p1a: Great Tusk|Protosynthesis|[silent]
|switch|p1a: Torkoal|Torkoal, F|100/100
|-terastallize|p2a: Weezing|Ghost
|move|p2a: Weezing|Defog|p1a: Torkoal
|-unboost|p1a: Torkoal|evasion|1
|-sideend|p2: bobrumba|Stealth Rock|[from] move: Defog|[of] p2a: Weezing
|
|upkeep
|turn|19
|
|t:|1779686471
|move|p2a: Weezing|Toxic Spikes|p1a: Torkoal
|-sidestart|p1: Golem Rising|move: Toxic Spikes
|move|p1a: Torkoal|Lava Plume|p2a: Weezing
|-damage|p2a: Weezing|66/100
|
|upkeep
|turn|20
|
|t:|1779686477
|move|p2a: Weezing|Toxic Spikes|p1a: Torkoal
|-sidestart|p1: Golem Rising|move: Toxic Spikes
|move|p1a: Torkoal|Stealth Rock|p2a: Weezing
|-sidestart|p2: bobrumba|move: Stealth Rock
|
|upkeep
|turn|21
|
|t:|1779686485
|switch|p1a: Venusaur|Venusaur, F|81/100
|-sideend|p1: Golem Rising|move: Toxic Spikes|[of] p1a: Venusaur
|move|p2a: Weezing|Will-O-Wisp|p1a: Venusaur
|-status|p1a: Venusaur|brn
|
|-damage|p1a: Venusaur|75/100 brn|[from] brn
|upkeep
|turn|22
|
|t:|1779686493
|-end|p2a: Weezing|ability: Neutralizing Gas
|switch|p2a: Blissey|Blissey, F|84/100
|-damage|p2a: Blissey|71/100|[from] Stealth Rock
|move|p1a: Venusaur|Giga Drain|p2a: Blissey
|-damage|p2a: Blissey|58/100
|-heal|p1a: Venusaur|89/100 brn|[from] drain|[of] p2a: Blissey
|-damage|p1a: Venusaur|79/100 brn|[from] item: Life Orb
|
|-heal|p2a: Blissey|64/100|[from] item: Leftovers
|-damage|p1a: Venusaur|73/100 brn|[from] brn
|upkeep
|turn|23
|
|t:|1779686506
|switch|p1a: Torkoal|Torkoal, F|100/100
|-weather|SunnyDay|[from] ability: Drought|[of] p1a: Torkoal
|switch|p2a: Weezing|Weezing-Galar, F, tera:Ghost|66/100
|-ability|p2a: Weezing|Neutralizing Gas
|
|-weather|SunnyDay|[upkeep]
|upkeep
|turn|24
|
|t:|1779686514
|move|p2a: Weezing|Defog|p1a: Torkoal
|-unboost|p1a: Torkoal|evasion|1
|-sideend|p2: bobrumba|Stealth Rock|[from] move: Defog|[of] p2a: Weezing
|move|p1a: Torkoal|Lava Plume|p2a: Weezing
|-damage|p2a: Weezing|18/100
|
|-weather|SunnyDay|[upkeep]
|upkeep
|turn|25
|
|t:|1779686521
|move|p2a: Weezing|Pain Split|p1a: Torkoal
|-sethp|p1a: Torkoal|59/100|[from] move: Pain Split|[silent]
|-sethp|p2a: Weezing|61/100|[from] move: Pain Split
|move|p1a: Torkoal|Stealth Rock|p2a: Weezing
|-sidestart|p2: bobrumba|move: Stealth Rock
|
|-weather|SunnyDay|[upkeep]
|upkeep
|turn|26
|
|t:|1779686528
|switch|p1a: Ceruledge|Ceruledge, M|100/100
|move|p2a: Weezing|Defog|p1a: Ceruledge
|-unboost|p1a: Ceruledge|evasion|1
|-sideend|p2: bobrumba|Stealth Rock|[from] move: Defog|[of] p2a: Weezing
|
|-weather|SunnyDay|[upkeep]
|upkeep
|turn|27
|
|t:|1779686534
|-end|p2a: Weezing|ability: Neutralizing Gas
|switch|p2a: Gliscor|Gliscor, F|85/100 tox
|move|p1a: Ceruledge|Poltergeist|p2a: Gliscor
|-activate|p2a: Gliscor|move: Poltergeist|Toxic Orb
|-damage|p2a: Gliscor|38/100 tox
|
|-weather|SunnyDay|[upkeep]
|-heal|p2a: Gliscor|50/100 tox|[from] ability: Poison Heal
|upkeep
|turn|28
|
|t:|1779686544
|move|p1a: Ceruledge|Swords Dance|p1a: Ceruledge
|-boost|p1a: Ceruledge|atk|2
|move|p2a: Gliscor|Earthquake|p1a: Ceruledge
|-supereffective|p1a: Ceruledge
|-damage|p1a: Ceruledge|9/100
|-ability|p1a: Ceruledge|Weak Armor|boost
|-unboost|p1a: Ceruledge|def|1
|-boost|p1a: Ceruledge|spe|2
|
|-weather|SunnyDay|[upkeep]
|-heal|p2a: Gliscor|63/100 tox|[from] ability: Poison Heal
|upkeep
|turn|29
|
|t:|1779686553
|move|p2a: Gliscor|Protect|p2a: Gliscor
|-singleturn|p2a: Gliscor|Protect
|move|p1a: Ceruledge|Bitter Blade|p2a: Gliscor
|-activate|p2a: Gliscor|move: Protect
|
|-weather|SunnyDay|[upkeep]
|-heal|p2a: Gliscor|75/100 tox|[from] ability: Poison Heal
|upkeep
|turn|30
|
|t:|1779686560
|switch|p2a: Dondozo|Dondozo, M|100/100
|move|p1a: Ceruledge|Poltergeist|p2a: Dondozo
|-activate|p2a: Dondozo|move: Poltergeist|Leftovers
|-damage|p2a: Dondozo|73/100
|
|-weather|none
|-heal|p2a: Dondozo|79/100|[from] item: Leftovers
|upkeep
|turn|31
|
|t:|1779686568
|switch|p1a: Torkoal|Torkoal, F|59/100
|-weather|SunnyDay|[from] ability: Drought|[of] p1a: Torkoal
|move|p2a: Dondozo|Avalanche|p1a: Torkoal
|-resisted|p1a: Torkoal
|-damage|p1a: Torkoal|56/100
|
|-weather|SunnyDay|[upkeep]
|-heal|p2a: Dondozo|85/100|[from] item: Leftovers
|upkeep
|turn|32
|
|t:|1779686577
|switch|p2a: Weezing|Weezing-Galar, F, tera:Ghost|61/100
|-ability|p2a: Weezing|Neutralizing Gas
|move|p1a: Torkoal|Stealth Rock|p2a: Weezing
|-sidestart|p2: bobrumba|move: Stealth Rock
|
|-weather|SunnyDay|[upkeep]
|upkeep
|turn|33
|
|t:|1779686584
|switch|p1a: Ceruledge|Ceruledge, M|9/100
|move|p2a: Weezing|Defog|p1a: Ceruledge
|-unboost|p1a: Ceruledge|evasion|1
|-sideend|p2: bobrumba|Stealth Rock|[from] move: Defog|[of] p2a: Weezing
|
|-weather|SunnyDay|[upkeep]
|upkeep
|turn|34
|
|t:|1779686590
|-end|p2a: Weezing|ability: Neutralizing Gas
|switch|p2a: Dondozo|Dondozo, M|85/100
|move|p1a: Ceruledge|Bitter Blade|p2a: Dondozo
|-resisted|p2a: Dondozo
|-damage|p2a: Dondozo|67/100
|-heal|p1a: Ceruledge|25/100|[from] drain|[of] p2a: Dondozo
|
|-weather|SunnyDay|[upkeep]
|-heal|p2a: Dondozo|74/100|[from] item: Leftovers
|upkeep
|turn|35
|j| euphoricpoptarts
|
|t:|1779686601
|switch|p1a: Venusaur|Venusaur, F|73/100 brn
|move|p2a: Dondozo|Avalanche|p1a: Venusaur
|-supereffective|p1a: Venusaur
|-damage|p1a: Venusaur|35/100 brn
|
|-weather|SunnyDay|[upkeep]
|-heal|p2a: Dondozo|80/100|[from] item: Leftovers
|-damage|p1a: Venusaur|29/100 brn|[from] brn
|upkeep
|turn|36
|
|t:|1779686612
|switch|p2a: Blissey|Blissey, F|64/100
|move|p1a: Venusaur|Giga Drain|p2a: Blissey
|-damage|p2a: Blissey|50/100
|-heal|p1a: Venusaur|44/100 brn|[from] drain|[of] p2a: Blissey
|-damage|p1a: Venusaur|34/100 brn|[from] item: Life Orb
|
|-weather|SunnyDay|[upkeep]
|-heal|p2a: Blissey|57/100|[from] item: Leftovers
|-damage|p1a: Venusaur|28/100 brn|[from] brn
|upkeep
|turn|37
|
|t:|1779686624
|switch|p1a: Ceruledge|Ceruledge, M|25/100
|move|p2a: Blissey|Stealth Rock|p1a: Ceruledge
|-sidestart|p1: Golem Rising|move: Stealth Rock
|
|-weather|SunnyDay|[upkeep]
|-heal|p2a: Blissey|63/100|[from] item: Leftovers
|upkeep
|turn|38
|
|t:|1779686633
|switch|p2a: Dondozo|Dondozo, M|80/100
|move|p1a: Ceruledge|Bitter Blade|p2a: Dondozo
|-resisted|p2a: Dondozo
|-damage|p2a: Dondozo|64/100
|-heal|p1a: Ceruledge|38/100|[from] drain|[of] p2a: Dondozo
|
|-weather|none
|-heal|p2a: Dondozo|70/100|[from] item: Leftovers
|upkeep
|turn|39
|
|t:|1779686646
|switch|p1a: Torkoal|Torkoal, F|56/100
|-damage|p1a: Torkoal|31/100|[from] Stealth Rock
|-weather|SunnyDay|[from] ability: Drought|[of] p1a: Torkoal
|switch|p2a: Gliscor|Gliscor, F|75/100 tox
|
|-weather|SunnyDay|[upkeep]
|-heal|p2a: Gliscor|88/100 tox|[from] ability: Poison Heal
|upkeep
|turn|40
|
|t:|1779686658
|move|p2a: Gliscor|Earthquake|p1a: Torkoal
|-supereffective|p1a: Torkoal
|-crit|p1a: Torkoal
|-damage|p1a: Torkoal|0 fnt
|faint|p1a: Torkoal
|
|-weather|SunnyDay|[upkeep]
|-heal|p2a: Gliscor|100/100 tox|[from] ability: Poison Heal
|upkeep
|c|☆bobrumba|gg
|
|t:|1779686668
|switch|p1a: Walking Wake|Walking Wake|62/100
|-damage|p1a: Walking Wake|50/100|[from] Stealth Rock
|-activate|p1a: Walking Wake|ability: Protosynthesis
|-start|p1a: Walking Wake|protosynthesisspe
|turn|41
|
|t:|1779686674
|-terastallize|p1a: Walking Wake|Water
|move|p2a: Gliscor|Protect|p2a: Gliscor
|-singleturn|p2a: Gliscor|Protect
|move|p1a: Walking Wake|Hydro Steam|p2a: Gliscor
|-activate|p2a: Gliscor|move: Protect
|
|-weather|SunnyDay|[upkeep]
|upkeep
|turn|42
|
|t:|1779686683
|switch|p2a: Toxapex|Toxapex, F|44/100
|move|p1a: Walking Wake|Hydro Steam|p2a: Toxapex
|-resisted|p2a: Toxapex
|-damage|p2a: Toxapex|3/100
|
|-weather|SunnyDay|[upkeep]
|-heal|p2a: Toxapex|9/100|[from] item: Black Sludge
|upkeep
|turn|43
|
|t:|1779686691
|move|p1a: Walking Wake|Hydro Steam|p2a: Toxapex
|-resisted|p2a: Toxapex
|-damage|p2a: Toxapex|0 fnt
|faint|p2a: Toxapex
|
|-weather|SunnyDay|[upkeep]
|upkeep
|
|t:|1779686693
|switch|p2a: Blissey|Blissey, F|63/100
|turn|44
|
|t:|1779686697
|move|p1a: Walking Wake|Hydro Steam|p2a: Blissey
|-damage|p2a: Blissey|26/100
|move|p2a: Blissey|Soft-Boiled|p2a: Blissey
|-heal|p2a: Blissey|76/100
|
|-weather|SunnyDay|[upkeep]
|-heal|p2a: Blissey|82/100|[from] item: Leftovers
|upkeep
|turn|45
|
|t:|1779686708
|-end|p1a: Walking Wake|Protosynthesis|[silent]
|switch|p1a: Great Tusk|Great Tusk|100/100
|-damage|p1a: Great Tusk|97/100|[from] Stealth Rock
|-activate|p1a: Great Tusk|ability: Protosynthesis
|-start|p1a: Great Tusk|protosynthesisatk
|move|p2a: Blissey|Calm Mind|p2a: Blissey
|-boost|p2a: Blissey|spa|1
|-boost|p2a: Blissey|spd|1
|
|-weather|SunnyDay|[upkeep]
|-heal|p2a: Blissey|89/100|[from] item: Leftovers
|upkeep
|turn|46
|
|t:|1779686717
|switch|p2a: Weezing|Weezing-Galar, F, tera:Ghost|61/100
|-ability|p2a: Weezing|Neutralizing Gas
|move|p1a: Great Tusk|Ice Spinner|p2a: Weezing
|-damage|p2a: Weezing|34/100
|
|-weather|none
|upkeep
|turn|47
|
|t:|1779686724
|move|p1a: Great Tusk|Ice Spinner|p2a: Weezing
|-damage|p2a: Weezing|5/100
|move|p2a: Weezing|Will-O-Wisp|p1a: Great Tusk
|-status|p1a: Great Tusk|brn
|
|-damage|p1a: Great Tusk|91/100 brn|[from] brn
|upkeep
|turn|48
|c|☆Golem Rising|gratz on your luck
|inactive|bobrumba has 120 seconds left.
|c|☆bobrumba|wait when was i lucky
|c|☆bobrumba|eh whatever
|c|☆bobrumba|ty for points
|c|☆Golem Rising|you litterally started the game with a crit on the most important mon in this matchup
|
|t:|1779686783
|-end|p1a: Great Tusk|Protosynthesis|[silent]
|switch|p1a: Walking Wake|Walking Wake, tera:Water|50/100
|-damage|p1a: Walking Wake|37/100|[from] Stealth Rock
|move|p2a: Weezing|Toxic Spikes|p1a: Walking Wake
|-sidestart|p1: Golem Rising|move: Toxic Spikes
|
|upkeep
|turn|49
|c|☆Golem Rising|you then dodged all crits from this side for 50 turns
|
|t:|1779686798
|-end|p2a: Weezing|ability: Neutralizing Gas
|switch|p2a: Blissey|Blissey, F|89/100
|move|p1a: Walking Wake|Flip Turn|p2a: Blissey
|-damage|p2a: Blissey|68/100
|
|t:|1779686804
|-end|p1a: Walking Wake|Protosynthesis|[silent]
|switch|p1a: Great Tusk|Great Tusk|91/100 brn|[from] Flip Turn
|-damage|p1a: Great Tusk|88/100 brn|[from] Stealth Rock
|
|-heal|p2a: Blissey|74/100|[from] item: Leftovers
|-damage|p1a: Great Tusk|82/100 brn|[from] brn
|upkeep
|turn|50
|
|t:|1779686820
|switch|p2a: Weezing|Weezing-Galar, F, tera:Ghost|5/100
|-ability|p2a: Weezing|Neutralizing Gas
|move|p1a: Great Tusk|Ice Spinner|p2a: Weezing
|-crit|p2a: Weezing
|-damage|p2a: Weezing|0 fnt
|faint|p2a: Weezing
|-end|p2a: Weezing|ability: Neutralizing Gas
|
|-damage|p1a: Great Tusk|76/100 brn|[from] brn
|upkeep
|
|t:|1779686829
|switch|p2a: Dondozo|Dondozo, M|70/100
|turn|51
|
|t:|1779686832
|-end|p1a: Great Tusk|Protosynthesis|[silent]
|switch|p1a: Venusaur|Venusaur, F|28/100 brn
|-damage|p1a: Venusaur|16/100 brn|[from] Stealth Rock
|-sideend|p1: Golem Rising|move: Toxic Spikes|[of] p1a: Venusaur
|move|p2a: Dondozo|Avalanche|p1a: Venusaur
|-supereffective|p1a: Venusaur
|-damage|p1a: Venusaur|0 fnt
|faint|p1a: Venusaur
|
|-heal|p2a: Dondozo|76/100|[from] item: Leftovers
|upkeep
|
|t:|1779686842
|switch|p1a: Walking Wake|Walking Wake, tera:Water|37/100
|-damage|p1a: Walking Wake|25/100|[from] Stealth Rock
|turn|52
|
|t:|1779686850
|switch|p2a: Blissey|Blissey, F|74/100
|move|p1a: Walking Wake|Dragon Pulse|p2a: Blissey
|-damage|p2a: Blissey|54/100
|
|-heal|p2a: Blissey|60/100|[from] item: Leftovers
|upkeep
|turn|53
|
|t:|1779686857
|-end|p1a: Walking Wake|Protosynthesis|[silent]
|switch|p1a: Great Tusk|Great Tusk|76/100 brn
|-damage|p1a: Great Tusk|73/100 brn|[from] Stealth Rock
|move|p2a: Blissey|Soft-Boiled|p2a: Blissey
|-heal|p2a: Blissey|100/100
|
|-damage|p1a: Great Tusk|66/100 brn|[from] brn
|upkeep
|turn|54
|
|t:|1779686864
|switch|p2a: Dondozo|Dondozo, M|76/100
|move|p1a: Great Tusk|Rapid Spin|p2a: Dondozo
|-damage|p2a: Dondozo|71/100
|-boost|p1a: Great Tusk|spe|1
|-sideend|p1: Golem Rising|Stealth Rock|[from] move: Rapid Spin|[of] p1a: Great Tusk
|
|-heal|p2a: Dondozo|77/100|[from] item: Leftovers
|-damage|p1a: Great Tusk|60/100 brn|[from] brn
|upkeep
|turn|55
|
|t:|1779686874
|-end|p1a: Great Tusk|Protosynthesis|[silent]
|switch|p1a: Walking Wake|Walking Wake, tera:Water|25/100
|move|p2a: Dondozo|Body Press|p1a: Walking Wake
|-damage|p1a: Walking Wake|0 fnt
|faint|p1a: Walking Wake
|-end|p1a: Walking Wake|Protosynthesis|[silent]
|
|-heal|p2a: Dondozo|83/100|[from] item: Leftovers
|upkeep
|
|t:|1779686882
|switch|p1a: Ceruledge|Ceruledge, M|38/100
|turn|56
|
|t:|1779686890
|move|p1a: Ceruledge|Poltergeist|p2a: Dondozo
|-activate|p2a: Dondozo|move: Poltergeist|Leftovers
|-damage|p2a: Dondozo|56/100
|move|p2a: Dondozo|Avalanche|p1a: Ceruledge
|-resisted|p1a: Ceruledge
|-damage|p1a: Ceruledge|19/100
|-ability|p1a: Ceruledge|Weak Armor|boost
|-unboost|p1a: Ceruledge|def|1
|-boost|p1a: Ceruledge|spe|2
|
|-heal|p2a: Dondozo|62/100|[from] item: Leftovers
|upkeep
|turn|57
|
|t:|1779686900
|move|p1a: Ceruledge|Poltergeist|p2a: Dondozo
|-activate|p2a: Dondozo|move: Poltergeist|Leftovers
|-damage|p2a: Dondozo|34/100
|move|p2a: Dondozo|Avalanche|p1a: Ceruledge
|-resisted|p1a: Ceruledge
|-damage|p1a: Ceruledge|0 fnt
|faint|p1a: Ceruledge
|
|-heal|p2a: Dondozo|40/100|[from] item: Leftovers
|upkeep
|c|☆Golem Rising|gratz on your luck
|
|t:|1779686912
|switch|p1a: Great Tusk|Great Tusk|60/100 brn
|turn|58
|l| euphoricpoptarts
|
|t:|1779686917
|move|p1a: Great Tusk|Close Combat|p2a: Dondozo
|-damage|p2a: Dondozo|19/100
|-unboost|p1a: Great Tusk|def|1
|-unboost|p1a: Great Tusk|spd|1
|move|p2a: Dondozo|Rest|p2a: Dondozo
|-status|p2a: Dondozo|slp|[from] move: Rest
|-heal|p2a: Dondozo|100/100 slp|[silent]
|
|-damage|p1a: Great Tusk|54/100 brn|[from] brn
|upkeep
|turn|59
|-message|Golem Rising forfeited.
|
|win|bobrumba
|raw|Golem Rising's rating: 1571 &rarr; <strong>1557</strong><br />(-14 for losing)
|raw|bobrumba's rating: 1675 &rarr; <strong>1689</strong><br />(+14 for winning)
|l|☆Golem Rising
|player|p1|
