|j|☆MrTann
|j|☆lunarfae
|t:|1779689570
|gametype|singles
|player|p1|MrTann|265|1056
|player|p2|lunarfae|doubleteam|1105
|gen|9
|tier|[Gen 9] OU
|rated|
|rule|HP Percentage Mod: HP is shown in percentages
|rule|Endless Battle Clause: Forcing endless battles is banned
|rule|Species Clause: Limit one of each Pokémon
|rule|OHKO Clause: OHKO moves are banned
|rule|Evasion Items Clause: Evasion items are banned
|rule|Evasion Moves Clause: Evasion moves are banned
|rule|Evasion Abilities Clause: Evasion abilities are banned
|rule|Sleep Moves Clause: Sleep-inducing moves are banned
|clearpoke
|poke|p1|Alomomola, F|
|poke|p1|Blissey, F|
|poke|p1|Dondozo, F|
|poke|p1|Gliscor, F|
|poke|p1|Skeledirge, F|
|poke|p1|Corviknight, F|
|poke|p2|Mandibuzz, F|
|poke|p2|Goodra-Hisui, F|
|poke|p2|Registeel|
|poke|p2|Jumpluff, F|
|poke|p2|Vaporeon, M|
|poke|p2|Mudsdale, F|
|teampreview
|
|t:|1779689578
|teamsize|p1|6
|teamsize|p2|6
|start
|switch|p1a: Gliscor|Gliscor, F|100/100
|switch|p2a: Vaporeon|Vaporeon, M|100/100
|turn|1
|inactive|Battle timer is ON: inactive players will automatically lose when time's up. (requested by lunarfae)
|c|☆lunarfae|glhf
|
|t:|1779689627
|move|p1a: Gliscor|Toxic|p2a: Vaporeon
|-status|p2a: Vaporeon|tox
|move|p2a: Vaporeon|Ice Beam|p1a: Gliscor
|-supereffective|p1a: Gliscor
|-damage|p1a: Gliscor|33/100
|
|-damage|p2a: Vaporeon|94/100 tox|[from] psn
|-status|p1a: Gliscor|tox|[from] item: Toxic Orb
|upkeep
|turn|2
|
|t:|1779689640
|move|p1a: Gliscor|Protect|p1a: Gliscor
|-singleturn|p1a: Gliscor|Protect
|move|p2a: Vaporeon|Ice Beam|p1a: Gliscor
|-activate|p1a: Gliscor|move: Protect
|
|-heal|p2a: Vaporeon|100/100 tox|[from] item: Leftovers
|-heal|p1a: Gliscor|46/100 tox|[from] ability: Poison Heal
|-damage|p2a: Vaporeon|88/100 tox|[from] psn
|upkeep
|turn|3
|
|t:|1779689651
|-terastallize|p1a: Gliscor|Water
|move|p1a: Gliscor|Toxic Spikes|p2a: Vaporeon
|-sidestart|p2: lunarfae|move: Toxic Spikes
|move|p2a: Vaporeon|Flip Turn|p1a: Gliscor
|-resisted|p1a: Gliscor
|-damage|p1a: Gliscor|41/100 tox
|
|t:|1779689655
|switch|p2a: Mandibuzz|Mandibuzz, F|100/100|[from] Flip Turn
|
|-heal|p1a: Gliscor|53/100 tox|[from] ability: Poison Heal
|upkeep
|turn|4
|
|t:|1779689667
|switch|p2a: Registeel|Registeel, shiny|100/100
|move|p1a: Gliscor|Toxic|p2a: Registeel
|-immune|p2a: Registeel
|
|-heal|p1a: Gliscor|66/100 tox|[from] ability: Poison Heal
|upkeep
|turn|5
|
|t:|1779689674
|move|p1a: Gliscor|Toxic Spikes|p2a: Registeel
|-sidestart|p2: lunarfae|move: Toxic Spikes
|move|p2a: Registeel|Iron Defense|p2a: Registeel
|-boost|p2a: Registeel|def|2
|
|-heal|p1a: Gliscor|78/100 tox|[from] ability: Poison Heal
|upkeep
|turn|6
|
|t:|1779689681
|switch|p1a: Skeledirge|Skeledirge, F|100/100
|move|p2a: Registeel|Iron Defense|p2a: Registeel
|-boost|p2a: Registeel|def|2
|
|upkeep
|turn|7
|
|t:|1779689687
|move|p1a: Skeledirge|Will-O-Wisp|p2a: Registeel
|-status|p2a: Registeel|brn
|move|p2a: Registeel|Thunder Wave|p1a: Skeledirge
|-status|p1a: Skeledirge|par
|
|-damage|p2a: Registeel|94/100 brn|[from] brn
|upkeep
|turn|8
|
|t:|1779689709
|switch|p2a: Mudsdale|Mudsdale, F|100/100
|-status|p2a: Mudsdale|tox
|cant|p1a: Skeledirge|par
|
|-damage|p2a: Mudsdale|94/100 tox|[from] psn
|upkeep
|turn|9
|
|t:|1779689720
|move|p2a: Mudsdale|Earthquake|p1a: Skeledirge
|-supereffective|p1a: Skeledirge
|-damage|p1a: Skeledirge|51/100 par
|move|p1a: Skeledirge|Torch Song|p2a: Mudsdale
|-damage|p2a: Mudsdale|63/100 tox
|-boost|p1a: Skeledirge|spa|1
|-ability|p2a: Mudsdale|Stamina|boost
|-boost|p2a: Mudsdale|def|1
|
|-damage|p2a: Mudsdale|50/100 tox|[from] psn
|upkeep
|turn|10
|
|t:|1779689732
|switch|p1a: Gliscor|Gliscor, F, tera:Water|78/100 tox
|move|p2a: Mudsdale|Earthquake|p1a: Gliscor
|-damage|p1a: Gliscor|44/100 tox
|
|-heal|p1a: Gliscor|56/100 tox|[from] ability: Poison Heal
|-damage|p2a: Mudsdale|32/100 tox|[from] psn
|upkeep
|turn|11
|
|t:|1779689741
|switch|p2a: Vaporeon|Vaporeon, M|88/100 tox
|move|p1a: Gliscor|Protect||[still]
|-fail|p1a: Gliscor
|
|-heal|p2a: Vaporeon|94/100 tox|[from] item: Leftovers
|-heal|p1a: Gliscor|69/100 tox|[from] ability: Poison Heal
|-damage|p2a: Vaporeon|88/100 tox|[from] psn
|upkeep
|turn|12
|inactive|MrTann has 120 seconds left.
|
|t:|1779689773
|switch|p1a: Alomomola|Alomomola, F|100/100
|move|p2a: Vaporeon|Wish|p2a: Vaporeon
|
|-heal|p2a: Vaporeon|94/100 tox|[from] item: Leftovers
|-damage|p2a: Vaporeon|82/100 tox|[from] psn
|upkeep
|turn|13
|inactive|MrTann has 120 seconds left.
|
|t:|1779689785
|switch|p2a: Mudsdale|Mudsdale, F|32/100 tox
|move|p1a: Alomomola|Wish|p1a: Alomomola
|
|-heal|p2a: Mudsdale|89/100 tox|[from] move: Wish|[wisher] Vaporeon
|-damage|p2a: Mudsdale|83/100 tox|[from] psn
|upkeep
|turn|14
|inactive|MrTann has 120 seconds left.
|
|t:|1779689805
|switch|p1a: Skeledirge|Skeledirge, F|51/100 par
|move|p2a: Mudsdale|Stealth Rock|p1a: Skeledirge
|-sidestart|p1: MrTann|move: Stealth Rock
|
|-heal|p1a: Skeledirge|100/100 par|[from] move: Wish|[wisher] Alomomola
|-damage|p2a: Mudsdale|71/100 tox|[from] psn
|upkeep
|turn|15
|inactive|MrTann has 120 seconds left.
|
|t:|1779689836
|move|p2a: Mudsdale|Earthquake|p1a: Skeledirge
|-supereffective|p1a: Skeledirge
|-damage|p1a: Skeledirge|52/100 par
|move|p1a: Skeledirge|Hex|p2a: Mudsdale
|-damage|p2a: Mudsdale|24/100 tox
|-ability|p2a: Mudsdale|Stamina|boost
|-boost|p2a: Mudsdale|def|1
|
|-damage|p2a: Mudsdale|5/100 tox|[from] psn
|upkeep
|turn|16
|
|t:|1779689845
|move|p2a: Mudsdale|Earthquake|p1a: Skeledirge
|-supereffective|p1a: Skeledirge
|-damage|p1a: Skeledirge|2/100 par
|move|p1a: Skeledirge|Slack Off|p1a: Skeledirge
|-heal|p1a: Skeledirge|52/100 par
|
|-damage|p2a: Mudsdale|0 fnt|[from] psn
|faint|p2a: Mudsdale
|upkeep
|
|t:|1779689852
|switch|p2a: Goodra|Goodra-Hisui, F|100/100
|turn|17
|
|t:|1779689859
|move|p2a: Goodra|Surf|p1a: Skeledirge
|-supereffective|p1a: Skeledirge
|-damage|p1a: Skeledirge|0 fnt
|faint|p1a: Skeledirge
|
|upkeep
|
|t:|1779689865
|switch|p1a: Gliscor|Gliscor, F, tera:Water|69/100 tox
|-damage|p1a: Gliscor|56/100 tox|[from] Stealth Rock
|turn|18
|
|t:|1779689872
|move|p1a: Gliscor|Earthquake|p2a: Goodra
|-supereffective|p2a: Goodra
|-damage|p2a: Goodra|35/100
|move|p2a: Goodra|Draco Meteor|p1a: Gliscor
|-damage|p1a: Gliscor|4/100 tox
|-unboost|p2a: Goodra|spa|2
|
|-heal|p1a: Gliscor|16/100 tox|[from] ability: Poison Heal
|upkeep
|turn|19
|inactive|MrTann has 120 seconds left.
|
|t:|1779689881
|switch|p2a: Vaporeon|Vaporeon, M|82/100 tox
|move|p1a: Gliscor|Earthquake|p2a: Vaporeon
|-damage|p2a: Vaporeon|47/100 tox
|
|-heal|p2a: Vaporeon|53/100 tox|[from] item: Leftovers
|-heal|p1a: Gliscor|29/100 tox|[from] ability: Poison Heal
|-damage|p2a: Vaporeon|47/100 tox|[from] psn
|upkeep
|turn|20
|inactive|MrTann has 120 seconds left.
|
|t:|1779689919
|move|p1a: Gliscor|Protect|p1a: Gliscor
|-singleturn|p1a: Gliscor|Protect
|move|p2a: Vaporeon|Wish|p2a: Vaporeon
|
|-heal|p2a: Vaporeon|53/100 tox|[from] item: Leftovers
|-heal|p1a: Gliscor|41/100 tox|[from] ability: Poison Heal
|-damage|p2a: Vaporeon|41/100 tox|[from] psn
|upkeep
|turn|21
|inactive|MrTann has 90 seconds left.
|inactive|MrTann has 60 seconds left.
|inactive|MrTann has 30 seconds left.
|inactive|MrTann has 20 seconds left.
|inactive|MrTann has 15 seconds left.
|inactive|MrTann has 10 seconds left.
|inactive|MrTann has 5 seconds left.
|-message|MrTann lost due to inactivity.
|
|win|lunarfae
|raw|MrTann's rating: 1056 &rarr; <strong>1040</strong><br />(-16 for losing)
|raw|lunarfae's rating: 1105 &rarr; <strong>1126</strong><br />(+21 for winning)
|l|☆lunarfae
|player|p2|
|l|☆MrTann
|player|p1|
