|inactive|Battle timer is ON: inactive players will automatically lose when time's up.
|t:|1779651447
|gametype|singles
|player|p1|SpyOP|rood|
|player|p2|Estuardo19|#wcop2026latinamerica|
|gen|9
|tier|[Gen 9] OU
|rule|HP Percentage Mod: HP is shown in percentages
|rule|Endless Battle Clause: Forcing endless battles is banned
|rule|Species Clause: Limit one of each Pokémon
|rule|OHKO Clause: OHKO moves are banned
|rule|Evasion Items Clause: Evasion items are banned
|rule|Evasion Moves Clause: Evasion moves are banned
|rule|Evasion Abilities Clause: Evasion abilities are banned
|rule|Sleep Moves Clause: Sleep-inducing moves are banned
|clearpoke
|poke|p1|Ogerpon, F|
|poke|p1|Walking Wake|
|poke|p1|Blissey, F|
|poke|p1|Gliscor, M|
|poke|p1|Corviknight, F|
|poke|p1|Pecharunt|
|poke|p2|Garganacl, M|
|poke|p2|Samurott-Hisui, M|
|poke|p2|Dragapult, F|
|poke|p2|Iron Moth|
|poke|p2|Landorus-Therian, M|
|poke|p2|Gholdengo|
|teampreview
|c|☆SpyOP|hf
|c|☆Estuardo19|u2
|inactive|SpyOP has 270 seconds left.
|inactive|Estuardo19 has 270 seconds left.
|inactive|Estuardo19 has 240 seconds left.
|
|t:|1779651522
|teamsize|p1|6
|teamsize|p2|6
|start
|switch|p1a: Gliscor|Gliscor, M|100/100
|switch|p2a: Iron Moth|Iron Moth|100/100
|turn|1
|
|t:|1779651531
|-end|p2a: Iron Moth|Quark Drive|[silent]
|switch|p2a: Landorus|Landorus-Therian, M|100/100
|-ability|p2a: Landorus|Intimidate|boost
|-unboost|p1a: Gliscor|atk|1
|move|p1a: Gliscor|Protect||[still]
|-fail|p1a: Gliscor
|
|-status|p1a: Gliscor|tox|[from] item: Toxic Orb
|upkeep
|turn|2
|c|+ziatneh|Spy might not op
|c|+ziatneh|Go estuardo
|c|☆Estuardo19|i hate sv chat
|
|t:|1779651553
|switch|p1a: Walking Wake|Walking Wake|100/100
|move|p2a: Landorus|Taunt|p1a: Walking Wake
|-start|p1a: Walking Wake|move: Taunt
|
|upkeep
|turn|3
|
|t:|1779651574
|switch|p2a: Samurott|Samurott-Hisui, M|100/100
|move|p1a: Walking Wake|Surf|p2a: Samurott
|-resisted|p2a: Samurott
|-damage|p2a: Samurott|68/100
|
|upkeep
|turn|4
|
|t:|1779651583
|-end|p1a: Walking Wake|Protosynthesis|[silent]
|switch|p1a: Gliscor|Gliscor, M|100/100 tox
|move|p2a: Samurott|Ceaseless Edge|p1a: Gliscor
|-damage|p1a: Gliscor|65/100 tox
|-sidestart|p1: SpyOP|Spikes
|
|-heal|p1a: Gliscor|77/100 tox|[from] ability: Poison Heal
|upkeep
|turn|5
|inactive|Estuardo19 has 270 seconds left.
|inactive|Estuardo19 has 240 seconds left.
|
|t:|1779651640
|move|p1a: Gliscor|Protect|p1a: Gliscor
|-singleturn|p1a: Gliscor|Protect
|move|p2a: Samurott|Razor Shell|p1a: Gliscor
|-activate|p1a: Gliscor|move: Protect
|
|-heal|p1a: Gliscor|90/100 tox|[from] ability: Poison Heal
|upkeep
|turn|6
|
|t:|1779651646
|move|p2a: Samurott|Flip Turn|p1a: Gliscor
|-supereffective|p1a: Gliscor
|-damage|p1a: Gliscor|46/100 tox
|
|t:|1779651651
|switch|p2a: Landorus|Landorus-Therian, M|100/100|[from] Flip Turn
|-ability|p2a: Landorus|Intimidate|boost
|-unboost|p1a: Gliscor|atk|1
|move|p1a: Gliscor|Toxic|p2a: Landorus
|-status|p2a: Landorus|tox
|
|-damage|p2a: Landorus|94/100 tox|[from] psn
|-heal|p1a: Gliscor|58/100 tox|[from] ability: Poison Heal
|upkeep
|turn|7
|
|t:|1779651661
|move|p2a: Landorus|Stealth Rock|p1a: Gliscor
|-sidestart|p1: SpyOP|move: Stealth Rock
|move|p1a: Gliscor|Spikes|p2a: Landorus
|-sidestart|p2: Estuardo19|Spikes
|
|-heal|p2a: Landorus|100/100 tox|[from] item: Leftovers
|-damage|p2a: Landorus|88/100 tox|[from] psn
|-heal|p1a: Gliscor|71/100 tox|[from] ability: Poison Heal
|upkeep
|turn|8
|
|t:|1779651668
|switch|p2a: Samurott|Samurott-Hisui, M|68/100
|move|p1a: Gliscor|Spikes|p2a: Samurott
|-sidestart|p2: Estuardo19|Spikes
|
|-heal|p1a: Gliscor|83/100 tox|[from] ability: Poison Heal
|upkeep
|turn|9
|
|t:|1779651674
|move|p1a: Gliscor|Protect|p1a: Gliscor
|-singleturn|p1a: Gliscor|Protect
|move|p2a: Samurott|Razor Shell|p1a: Gliscor
|-activate|p1a: Gliscor|move: Protect
|
|-heal|p1a: Gliscor|95/100 tox|[from] ability: Poison Heal
|upkeep
|turn|10
|inactive|Estuardo19 has 270 seconds left.
|
|t:|1779651686
|move|p2a: Samurott|Razor Shell|p1a: Gliscor
|-supereffective|p1a: Gliscor
|-damage|p1a: Gliscor|12/100 tox
|-unboost|p1a: Gliscor|def|1
|move|p1a: Gliscor|Toxic|p2a: Samurott
|-status|p2a: Samurott|tox
|
|-damage|p2a: Samurott|62/100 tox|[from] psn
|-heal|p1a: Gliscor|25/100 tox|[from] ability: Poison Heal
|upkeep
|turn|11
|inactive|Estuardo19 has 270 seconds left.
|
|t:|1779651693
|move|p1a: Gliscor|Protect|p1a: Gliscor
|-singleturn|p1a: Gliscor|Protect
|move|p2a: Samurott|Ceaseless Edge|p1a: Gliscor
|-activate|p1a: Gliscor|move: Protect
|
|-damage|p2a: Samurott|49/100 tox|[from] psn
|-heal|p1a: Gliscor|37/100 tox|[from] ability: Poison Heal
|upkeep
|turn|12
|
|t:|1779651696
|switch|p1a: Corviknight|Corviknight, F|100/100
|-ability|p1a: Corviknight|Pressure
|move|p2a: Samurott|Flip Turn|p1a: Corviknight
|-damage|p1a: Corviknight|82/100
|
|t:|1779651701
|switch|p2a: Iron Moth|Iron Moth|100/100|[from] Flip Turn
|
|upkeep
|turn|13
|
|t:|1779651706
|switch|p1a: Blissey|Blissey, F|100/100
|move|p2a: Iron Moth|U-turn|p1a: Blissey
|-damage|p1a: Blissey|90/100
|
|t:|1779651716
|-end|p2a: Iron Moth|Quark Drive|[silent]
|switch|p2a: Samurott|Samurott-Hisui, M|49/100 tox|[from] U-turn
|
|-damage|p2a: Samurott|43/100 tox|[from] psn
|upkeep
|turn|14
|
|t:|1779651722
|switch|p1a: Corviknight|Corviknight, F|82/100
|-ability|p1a: Corviknight|Pressure
|move|p2a: Samurott|Knock Off|p1a: Corviknight
|-damage|p1a: Corviknight|56/100
|-enditem|p1a: Corviknight|Heavy-Duty Boots|[from] move: Knock Off|[of] p2a: Samurott
|
|-damage|p2a: Samurott|31/100 tox|[from] psn
|upkeep
|turn|15
|
|t:|1779651727
|move|p2a: Samurott|Flip Turn|p1a: Corviknight
|-damage|p1a: Corviknight|37/100
|
|t:|1779651729
|switch|p2a: Gholdengo|Gholdengo|100/100|[from] Flip Turn
|-damage|p2a: Gholdengo|84/100|[from] Spikes
|move|p1a: Corviknight|Roost|p1a: Corviknight
|-heal|p1a: Corviknight|87/100
|-singleturn|p1a: Corviknight|move: Roost
|
|upkeep
|turn|16
|
|t:|1779651736
|move|p2a: Gholdengo|Nasty Plot|p2a: Gholdengo
|-boost|p2a: Gholdengo|spa|2
|move|p1a: Corviknight|Thief|p2a: Gholdengo
|-supereffective|p2a: Gholdengo
|-damage|p2a: Gholdengo|66/100
|-enditem|p2a: Gholdengo|Shuca Berry|[silent]|[from] move: Thief|[of] p1a: Corviknight
|-item|p1a: Corviknight|Shuca Berry|[from] move: Thief|[of] p2a: Gholdengo
|
|upkeep
|turn|17
|
|t:|1779651742
|switch|p1a: Blissey|Blissey, F|90/100
|move|p2a: Gholdengo|Shadow Ball|p1a: Blissey
|-immune|p1a: Blissey
|
|upkeep
|turn|18
|
|t:|1779651747
|move|p2a: Gholdengo|Recover|p2a: Gholdengo
|-heal|p2a: Gholdengo|100/100
|move|p1a: Blissey|Calm Mind|p1a: Blissey
|-boost|p1a: Blissey|spa|1
|-boost|p1a: Blissey|spd|1
|
|upkeep
|turn|19
|
|t:|1779651752
|switch|p2a: Garganacl|Garganacl, M|100/100
|-damage|p2a: Garganacl|84/100|[from] Spikes
|move|p1a: Blissey|Stealth Rock|p2a: Garganacl
|-sidestart|p2: Estuardo19|move: Stealth Rock
|
|-heal|p2a: Garganacl|90/100|[from] item: Leftovers
|upkeep
|turn|20
|
|t:|1779651760
|switch|p1a: Pecharunt|Pecharunt|100/100
|move|p2a: Garganacl|Salt Cure|p1a: Pecharunt
|-damage|p1a: Pecharunt|94/100
|-start|p1a: Pecharunt|Salt Cure
|
|-heal|p2a: Garganacl|96/100|[from] item: Leftovers
|-damage|p1a: Pecharunt|82/100|[from] Salt Cure
|upkeep
|turn|21
|c|+Calmmind75|ESTUARDO BEBESITA VAMOOOOOOOOOOOOOOOOOOOS
|inactive|Estuardo19 has 270 seconds left.
|c|+Fernanch|Bruh ur way too hyped for this matchup
|c|☆Estuardo19|fr
|inactive|Estuardo19 has 240 seconds left.
|inactive|Estuardo19 has 210 seconds left.
|c|+Calmmind75|Fernanch hes my princess
|inactive|Estuardo19 has 180 seconds left.
|
|t:|1779651886
|move|p1a: Pecharunt|Parting Shot|p2a: Garganacl
|-unboost|p2a: Garganacl|atk|1
|-unboost|p2a: Garganacl|spa|1
|c|+Fernanch|I see
|
|t:|1779651889
|switch|p1a: Blissey|Blissey, F|90/100|[from] Parting Shot
|move|p2a: Garganacl|Salt Cure|p1a: Blissey
|-crit|p1a: Blissey
|-damage|p1a: Blissey|69/100
|-start|p1a: Blissey|Salt Cure
|
|-heal|p2a: Garganacl|100/100|[from] item: Leftovers
|-damage|p1a: Blissey|57/100|[from] Salt Cure
|upkeep
|turn|22
|
|t:|1779651894
|move|p1a: Blissey|Soft-Boiled|p1a: Blissey
|-heal|p1a: Blissey|100/100
|move|p2a: Garganacl|Salt Cure|p1a: Blissey
|-damage|p1a: Blissey|91/100
|
|-damage|p1a: Blissey|79/100|[from] Salt Cure
|upkeep
|turn|23
|
|t:|1779651898
|switch|p1a: Pecharunt|Pecharunt|82/100
|move|p2a: Garganacl|Salt Cure|p1a: Pecharunt
|-damage|p1a: Pecharunt|78/100
|-start|p1a: Pecharunt|Salt Cure
|
|-damage|p1a: Pecharunt|65/100|[from] Salt Cure
|upkeep
|turn|24
|
|t:|1779651903
|switch|p2a: Landorus|Landorus-Therian, M|88/100 tox
|-damage|p2a: Landorus|76/100 tox|[from] Stealth Rock
|-ability|p2a: Landorus|Intimidate|boost
|-unboost|p1a: Pecharunt|atk|1
|move|p1a: Pecharunt|Parting Shot|p2a: Landorus
|-unboost|p2a: Landorus|atk|1
|-unboost|p2a: Landorus|spa|1
|
|t:|1779651906
|switch|p1a: Gliscor|Gliscor, M|37/100 tox|[from] Parting Shot
|-damage|p1a: Gliscor|25/100 tox|[from] Stealth Rock
|
|-heal|p2a: Landorus|82/100 tox|[from] item: Leftovers
|-damage|p2a: Landorus|76/100 tox|[from] psn
|-heal|p1a: Gliscor|37/100 tox|[from] ability: Poison Heal
|upkeep
|turn|25
|
|t:|1779651914
|move|p1a: Gliscor|Protect|p1a: Gliscor
|-singleturn|p1a: Gliscor|Protect
|move|p2a: Landorus|U-turn|p1a: Gliscor
|-activate|p1a: Gliscor|move: Protect
|
|-heal|p2a: Landorus|82/100 tox|[from] item: Leftovers
|-damage|p2a: Landorus|70/100 tox|[from] psn
|-heal|p1a: Gliscor|50/100 tox|[from] ability: Poison Heal
|upkeep
|turn|26
|inactive|Estuardo19 has 210 seconds left.
|
|t:|1779651929
|move|p2a: Landorus|Taunt|p1a: Gliscor
|-start|p1a: Gliscor|move: Taunt
|move|p1a: Gliscor|Earthquake|p2a: Landorus
|-immune|p2a: Landorus
|
|-heal|p2a: Landorus|76/100 tox|[from] item: Leftovers
|-damage|p2a: Landorus|58/100 tox|[from] psn
|-heal|p1a: Gliscor|62/100 tox|[from] ability: Poison Heal
|upkeep
|turn|27
|
|t:|1779651932
|move|p2a: Landorus|U-turn|p1a: Gliscor
|-resisted|p1a: Gliscor
|-damage|p1a: Gliscor|56/100 tox
|
|t:|1779651935
|switch|p2a: Dragapult|Dragapult, F|100/100|[from] U-turn
|move|p1a: Gliscor|Earthquake|p2a: Dragapult
|-damage|p2a: Dragapult|56/100
|
|-heal|p1a: Gliscor|69/100 tox|[from] ability: Poison Heal
|upkeep
|turn|28
|
|t:|1779651943
|switch|p1a: Corviknight|Corviknight, F|87/100
|-damage|p1a: Corviknight|75/100|[from] Stealth Rock
|-ability|p1a: Corviknight|Pressure
|move|p2a: Dragapult|U-turn|p1a: Corviknight
|-resisted|p1a: Corviknight
|-damage|p1a: Corviknight|72/100
|
|t:|1779651946
|switch|p2a: Iron Moth|Iron Moth|100/100|[from] U-turn
|
|upkeep
|turn|29
|inactive|Estuardo19 has 240 seconds left.
|
|t:|1779651953
|switch|p1a: Blissey|Blissey, F|79/100
|move|p2a: Iron Moth|Fiery Dance|p1a: Blissey
|-damage|p1a: Blissey|67/100
|-boost|p2a: Iron Moth|spa|1
|
|upkeep
|turn|30
|
|t:|1779651961
|move|p2a: Iron Moth|U-turn|p1a: Blissey
|-damage|p1a: Blissey|55/100
|
|t:|1779651964
|-end|p2a: Iron Moth|Quark Drive|[silent]
|switch|p2a: Samurott|Samurott-Hisui, M|31/100 tox|[from] U-turn
|move|p1a: Blissey|Soft-Boiled|p1a: Blissey
|-heal|p1a: Blissey|100/100
|
|-damage|p2a: Samurott|24/100 tox|[from] psn
|upkeep
|turn|31
|
|t:|1779651970
|switch|p1a: Corviknight|Corviknight, F|72/100
|-damage|p1a: Corviknight|60/100|[from] Stealth Rock
|-ability|p1a: Corviknight|Pressure
|move|p2a: Samurott|Flip Turn|p1a: Corviknight
|-damage|p1a: Corviknight|41/100
|
|t:|1779651973
|switch|p2a: Iron Moth|Iron Moth|100/100|[from] Flip Turn
|
|upkeep
|turn|32
|
|t:|1779651979
|switch|p1a: Walking Wake|Walking Wake|100/100
|move|p2a: Iron Moth|Fiery Dance|p1a: Walking Wake
|-resisted|p1a: Walking Wake
|-damage|p1a: Walking Wake|90/100
|
|upkeep
|turn|33
|inactive|Estuardo19 has 270 seconds left.
|inactive|Estuardo19 has 240 seconds left.
|
|t:|1779652035
|move|p2a: Iron Moth|U-turn|p1a: Walking Wake
|-damage|p1a: Walking Wake|78/100
|
|t:|1779652039
|-end|p2a: Iron Moth|Quark Drive|[silent]
|switch|p2a: Landorus|Landorus-Therian, M|58/100 tox|[from] U-turn
|-damage|p2a: Landorus|46/100 tox|[from] Stealth Rock
|-ability|p2a: Landorus|Intimidate|boost
|-unboost|p1a: Walking Wake|atk|1
|move|p1a: Walking Wake|Knock Off|p2a: Landorus
|-damage|p2a: Landorus|34/100 tox
|-enditem|p2a: Landorus|Leftovers|[from] move: Knock Off|[of] p1a: Walking Wake
|
|-damage|p2a: Landorus|28/100 tox|[from] psn
|upkeep
|turn|34
|
|t:|1779652049
|move|p1a: Walking Wake|Surf|p2a: Landorus
|-supereffective|p2a: Landorus
|-damage|p2a: Landorus|0 fnt
|faint|p2a: Landorus
|
|upkeep
|
|t:|1779652052
|switch|p2a: Garganacl|Garganacl, M|100/100
|-damage|p2a: Garganacl|84/100|[from] Spikes
|-damage|p2a: Garganacl|72/100|[from] Stealth Rock
|turn|35
|
|t:|1779652079
|-terastallize|p2a: Garganacl|Water
|move|p1a: Walking Wake|Flip Turn|p2a: Garganacl
|-resisted|p2a: Garganacl
|-crit|p2a: Garganacl
|-damage|p2a: Garganacl|64/100
|
|t:|1779652082
|-end|p1a: Walking Wake|Protosynthesis|[silent]
|switch|p1a: Pecharunt|Pecharunt|65/100|[from] Flip Turn
|move|p2a: Garganacl|Salt Cure|p1a: Pecharunt
|-damage|p1a: Pecharunt|59/100
|-start|p1a: Pecharunt|Salt Cure
|
|-heal|p2a: Garganacl|71/100|[from] item: Leftovers
|-damage|p1a: Pecharunt|46/100|[from] Salt Cure
|upkeep
|turn|36
|
|t:|1779652086
|move|p1a: Pecharunt|Recover|p1a: Pecharunt
|-heal|p1a: Pecharunt|96/100
|move|p2a: Garganacl|Salt Cure|p1a: Pecharunt
|-damage|p1a: Pecharunt|90/100
|
|-heal|p2a: Garganacl|77/100|[from] item: Leftovers
|-damage|p1a: Pecharunt|77/100|[from] Salt Cure
|upkeep
|turn|37
|
|t:|1779652090
|move|p1a: Pecharunt|Parting Shot|p2a: Garganacl
|-unboost|p2a: Garganacl|atk|1
|-unboost|p2a: Garganacl|spa|1
|
|t:|1779652092
|switch|p1a: Blissey|Blissey, F|100/100|[from] Parting Shot
|move|p2a: Garganacl|Salt Cure|p1a: Blissey
|-damage|p1a: Blissey|92/100
|-start|p1a: Blissey|Salt Cure
|
|-heal|p2a: Garganacl|83/100|[from] item: Leftovers
|-damage|p1a: Blissey|79/100|[from] Salt Cure
|upkeep
|turn|38
|
|t:|1779652097
|switch|p1a: Pecharunt|Pecharunt|77/100
|move|p2a: Garganacl|Body Press|p1a: Pecharunt
|-immune|p1a: Pecharunt
|
|-heal|p2a: Garganacl|89/100|[from] item: Leftovers
|upkeep
|turn|39
|
|t:|1779652109
|move|p1a: Pecharunt|Parting Shot|p2a: Garganacl
|-unboost|p2a: Garganacl|atk|1
|-unboost|p2a: Garganacl|spa|1
|
|t:|1779652111
|switch|p1a: Ogerpon|Ogerpon, F|100/100|[from] Parting Shot
|move|p2a: Garganacl|Salt Cure|p1a: Ogerpon
|-damage|p1a: Ogerpon|91/100
|-start|p1a: Ogerpon|Salt Cure
|
|-heal|p2a: Garganacl|95/100|[from] item: Leftovers
|-damage|p1a: Ogerpon|79/100|[from] Salt Cure
|upkeep
|turn|40
|
|t:|1779652118
|switch|p2a: Samurott|Samurott-Hisui, M|24/100 tox
|move|p1a: Ogerpon|Knock Off|p2a: Samurott
|-resisted|p2a: Samurott
|-damage|p2a: Samurott|5/100 tox
|-enditem|p2a: Samurott|Heavy-Duty Boots|[from] move: Knock Off|[of] p1a: Ogerpon
|
|-damage|p2a: Samurott|0 fnt|[from] psn
|faint|p2a: Samurott
|-damage|p1a: Ogerpon|67/100|[from] Salt Cure
|upkeep
|inactive|Estuardo19 has 270 seconds left.
|
|t:|1779652131
|switch|p2a: Iron Moth|Iron Moth|100/100
|turn|41
|
|t:|1779652137
|switch|p1a: Blissey|Blissey, F|79/100
|move|p2a: Iron Moth|Toxic|p1a: Blissey
|-status|p1a: Blissey|tox
|
|-damage|p1a: Blissey|73/100 tox|[from] psn
|upkeep
|turn|42
|
|t:|1779652144
|move|p2a: Iron Moth|Fiery Dance|p1a: Blissey
|-damage|p1a: Blissey|61/100 tox
|-boost|p2a: Iron Moth|spa|1
|move|p1a: Blissey|Seismic Toss|p2a: Iron Moth
|-damage|p2a: Iron Moth|72/100
|
|-damage|p1a: Blissey|49/100 tox|[from] psn
|upkeep
|turn|43
|
|t:|1779652152
|move|p2a: Iron Moth|Fiery Dance|p1a: Blissey
|-damage|p1a: Blissey|31/100 tox
|-boost|p2a: Iron Moth|spa|1
|move|p1a: Blissey|Soft-Boiled|p1a: Blissey
|-heal|p1a: Blissey|81/100 tox
|
|-damage|p1a: Blissey|62/100 tox|[from] psn
|upkeep
|turn|44
|
|t:|1779652158
|-curestatus|p1a: Blissey|tox|[from] ability: Natural Cure|[silent]
|switch|p1a: Corviknight|Corviknight, F|41/100
|-damage|p1a: Corviknight|29/100|[from] Stealth Rock
|-ability|p1a: Corviknight|Pressure
|move|p2a: Iron Moth|Toxic|p1a: Corviknight
|-immune|p1a: Corviknight
|
|upkeep
|turn|45
|
|t:|1779652168
|move|p2a: Iron Moth|Fiery Dance|p1a: Corviknight
|-supereffective|p1a: Corviknight
|-crit|p1a: Corviknight
|-damage|p1a: Corviknight|0 fnt
|-boost|p2a: Iron Moth|spa|1
|faint|p1a: Corviknight
|
|upkeep
|
|t:|1779652196
|switch|p1a: Blissey|Blissey, F|62/100
|turn|46
|
|t:|1779652202
|move|p2a: Iron Moth|Toxic|p1a: Blissey
|-status|p1a: Blissey|tox
|move|p1a: Blissey|Soft-Boiled|p1a: Blissey
|-heal|p1a: Blissey|100/100 tox
|
|-damage|p1a: Blissey|94/100 tox|[from] psn
|upkeep
|turn|47
|
|t:|1779652206
|move|p2a: Iron Moth|Fiery Dance|p1a: Blissey
|-damage|p1a: Blissey|66/100 tox
|-boost|p2a: Iron Moth|spa|1
|move|p1a: Blissey|Seismic Toss|p2a: Iron Moth
|-damage|p2a: Iron Moth|44/100
|
|-damage|p1a: Blissey|54/100 tox|[from] psn
|upkeep
|turn|48
|
|t:|1779652210
|move|p2a: Iron Moth|Morning Sun|p2a: Iron Moth
|-heal|p2a: Iron Moth|93/100
|move|p1a: Blissey|Seismic Toss|p2a: Iron Moth
|-damage|p2a: Iron Moth|65/100
|
|-damage|p1a: Blissey|36/100 tox|[from] psn
|upkeep
|turn|49
|
|t:|1779652224
|move|p2a: Iron Moth|Fiery Dance|p1a: Blissey
|-damage|p1a: Blissey|1/100 tox
|move|p1a: Blissey|Seismic Toss|p2a: Iron Moth
|-damage|p2a: Iron Moth|36/100
|
|-damage|p1a: Blissey|0 fnt|[from] psn
|faint|p1a: Blissey
|upkeep
|
|t:|1779652226
|switch|p1a: Walking Wake|Walking Wake|78/100
|turn|50
|
|t:|1779652243
|move|p2a: Iron Moth|U-turn|p1a: Walking Wake
|-damage|p1a: Walking Wake|66/100
|
|t:|1779652245
|-end|p2a: Iron Moth|Quark Drive|[silent]
|switch|p2a: Garganacl|Garganacl, M, tera:Water|95/100|[from] U-turn
|-damage|p2a: Garganacl|79/100|[from] Spikes
|-damage|p2a: Garganacl|66/100|[from] Stealth Rock
|move|p1a: Walking Wake|Surf|p2a: Garganacl
|-resisted|p2a: Garganacl
|-crit|p2a: Garganacl
|-damage|p2a: Garganacl|42/100
|
|-heal|p2a: Garganacl|48/100|[from] item: Leftovers
|upkeep
|turn|51
|
|t:|1779652253
|move|p1a: Walking Wake|Flip Turn|p2a: Garganacl
|-resisted|p2a: Garganacl
|-damage|p2a: Garganacl|43/100
|
|t:|1779652254
|-end|p1a: Walking Wake|Protosynthesis|[silent]
|switch|p1a: Ogerpon|Ogerpon, F|67/100|[from] Flip Turn
|move|p2a: Garganacl|Recover|p2a: Garganacl
|-heal|p2a: Garganacl|93/100
|
|-heal|p2a: Garganacl|99/100|[from] item: Leftovers
|upkeep
|turn|52
|
|t:|1779652277
|switch|p2a: Gholdengo|Gholdengo|100/100
|-damage|p2a: Gholdengo|84/100|[from] Spikes
|-damage|p2a: Gholdengo|78/100|[from] Stealth Rock
|move|p1a: Ogerpon|Knock Off|p2a: Gholdengo
|-supereffective|p2a: Gholdengo
|-damage|p2a: Gholdengo|47/100
|
|upkeep
|turn|53
|
|t:|1779652288
|move|p1a: Ogerpon|U-turn|p2a: Gholdengo
|-resisted|p2a: Gholdengo
|-damage|p2a: Gholdengo|43/100
|
|t:|1779652290
|switch|p1a: Gliscor|Gliscor, M|69/100 tox|[from] U-turn
|-damage|p1a: Gliscor|56/100 tox|[from] Stealth Rock
|move|p2a: Gholdengo|Recover|p2a: Gholdengo
|-heal|p2a: Gholdengo|93/100
|
|-heal|p1a: Gliscor|69/100 tox|[from] ability: Poison Heal
|upkeep
|turn|54
|
|t:|1779652299
|switch|p2a: Garganacl|Garganacl, M, tera:Water|99/100
|-damage|p2a: Garganacl|83/100|[from] Spikes
|-damage|p2a: Garganacl|71/100|[from] Stealth Rock
|move|p1a: Gliscor|Earthquake|p2a: Garganacl
|-damage|p2a: Garganacl|50/100
|
|-heal|p2a: Garganacl|56/100|[from] item: Leftovers
|-heal|p1a: Gliscor|81/100 tox|[from] ability: Poison Heal
|upkeep
|turn|55
|
|t:|1779652308
|switch|p1a: Ogerpon|Ogerpon, F|67/100
|move|p2a: Garganacl|Recover|p2a: Garganacl
|-heal|p2a: Garganacl|100/100
|
|upkeep
|turn|56
|
|t:|1779652316
|switch|p2a: Gholdengo|Gholdengo|93/100
|-damage|p2a: Gholdengo|77/100|[from] Spikes
|-damage|p2a: Gholdengo|71/100|[from] Stealth Rock
|move|p1a: Ogerpon|Encore|p2a: Gholdengo
|-immune|p2a: Gholdengo|[from] ability: Good as Gold
|
|upkeep
|turn|57
|
|t:|1779652331
|move|p1a: Ogerpon|U-turn|p2a: Gholdengo
|-resisted|p2a: Gholdengo
|-damage|p2a: Gholdengo|66/100
|
|t:|1779652334
|switch|p1a: Walking Wake|Walking Wake|66/100|[from] U-turn
|move|p2a: Gholdengo|Shadow Ball|p1a: Walking Wake
|-damage|p1a: Walking Wake|28/100
|
|upkeep
|turn|58
|
|t:|1779652343
|move|p1a: Walking Wake|Surf|p2a: Gholdengo
|-crit|p2a: Gholdengo
|-damage|p2a: Gholdengo|0 fnt
|faint|p2a: Gholdengo
|
|upkeep
|c|☆SpyOP|mb
|c|☆Estuardo19|nw
|inactive|Estuardo19 has 270 seconds left.
|
|t:|1779652374
|switch|p2a: Dragapult|Dragapult, F|56/100
|turn|59
|inactive|SpyOP has 270 seconds left.
|
|t:|1779652425
|move|p2a: Dragapult|Hex|p1a: Walking Wake
|-damage|p1a: Walking Wake|0 fnt
|faint|p1a: Walking Wake
|-end|p1a: Walking Wake|Protosynthesis|[silent]
|
|upkeep
|
|t:|1779652428
|switch|p1a: Ogerpon|Ogerpon, F|67/100
|turn|60
|
|t:|1779652436
|-terastallize|p1a: Ogerpon|Grass
|detailschange|p1a: Ogerpon|Ogerpon-Teal-Tera, F, tera:Grass
|-ability|p1a: Ogerpon|Embody Aspect (Teal)|boost
|-boost|p1a: Ogerpon|spe|1
|move|p1a: Ogerpon|Knock Off|p2a: Dragapult
|-supereffective|p2a: Dragapult
|-damage|p2a: Dragapult|0 fnt
|-enditem|p2a: Dragapult|Heavy-Duty Boots|[from] move: Knock Off|[of] p1a: Ogerpon
|faint|p2a: Dragapult
|
|upkeep
|inactive|Estuardo19 has 270 seconds left.
|
|t:|1779652472
|switch|p2a: Iron Moth|Iron Moth|36/100
|turn|61
|inactive|SpyOP has 270 seconds left.
|inactive|Estuardo19 has 240 seconds left.
|inactive|SpyOP has 240 seconds left.
|inactive|Estuardo19 has 210 seconds left.
|
|t:|1779652566
|move|p1a: Ogerpon|U-turn|p2a: Iron Moth
|-resisted|p2a: Iron Moth
|-damage|p2a: Iron Moth|28/100
|
|t:|1779652570
|switch|p1a: Gliscor|Gliscor, M|81/100 tox|[from] U-turn
|-damage|p1a: Gliscor|69/100 tox|[from] Stealth Rock
|move|p2a: Iron Moth|Fiery Dance|p1a: Gliscor
|-damage|p1a: Gliscor|35/100 tox
|-boost|p2a: Iron Moth|spa|1
|
|-heal|p1a: Gliscor|48/100 tox|[from] ability: Poison Heal
|upkeep
|turn|62
|
|t:|1779652576
|move|p2a: Iron Moth|Morning Sun|p2a: Iron Moth
|-heal|p2a: Iron Moth|78/100
|move|p1a: Gliscor|Earthquake|p2a: Iron Moth
|-supereffective|p2a: Iron Moth
|-damage|p2a: Iron Moth|0 fnt
|faint|p2a: Iron Moth
|-end|p2a: Iron Moth|Quark Drive|[silent]
|
|-heal|p1a: Gliscor|60/100 tox|[from] ability: Poison Heal
|upkeep
|
|t:|1779652578
|switch|p2a: Garganacl|Garganacl, M, tera:Water|100/100
|-damage|p2a: Garganacl|84/100|[from] Spikes
|-damage|p2a: Garganacl|72/100|[from] Stealth Rock
|turn|63
|
|t:|1779652581
|switch|p1a: Ogerpon|Ogerpon-Teal-Tera, F, tera:Grass|67/100
|-ability|p1a: Ogerpon|Embody Aspect (Teal)|boost
|-boost|p1a: Ogerpon|spe|1
|move|p2a: Garganacl|Iron Defense|p2a: Garganacl
|-boost|p2a: Garganacl|def|2
|
|-heal|p2a: Garganacl|78/100|[from] item: Leftovers
|upkeep
|turn|64
|
|t:|1779652585
|move|p1a: Ogerpon|Encore|p2a: Garganacl
|-start|p2a: Garganacl|Encore
|move|p2a: Garganacl|Iron Defense|p2a: Garganacl
|-boost|p2a: Garganacl|def|2
|
|-heal|p2a: Garganacl|84/100|[from] item: Leftovers
|upkeep
|turn|65
|
|t:|1779652589
|move|p1a: Ogerpon|Knock Off|p2a: Garganacl
|-damage|p2a: Garganacl|77/100
|-enditem|p2a: Garganacl|Leftovers|[from] move: Knock Off|[of] p1a: Ogerpon
|move|p2a: Garganacl|Iron Defense|p2a: Garganacl
|-boost|p2a: Garganacl|def|2
|
|upkeep
|turn|66
|c|☆Estuardo19|gg
|c|☆SpyOP|gg
|
|t:|1779652595
|move|p1a: Ogerpon|Ivy Cudgel|p2a: Garganacl
|-supereffective|p2a: Garganacl
|-damage|p2a: Garganacl|56/100
|move|p2a: Garganacl|Iron Defense|p2a: Garganacl
|-boost|p2a: Garganacl|def|0
|
|-end|p2a: Garganacl|Encore
|upkeep
|turn|67
|
|t:|1779652597
|move|p1a: Ogerpon|Encore|p2a: Garganacl
|-start|p2a: Garganacl|Encore
|move|p2a: Garganacl|Iron Defense|p2a: Garganacl
|-boost|p2a: Garganacl|def|0
|
|upkeep
|turn|68
|
|t:|1779652600
|move|p1a: Ogerpon|Ivy Cudgel|p2a: Garganacl
|-supereffective|p2a: Garganacl
|-damage|p2a: Garganacl|34/100
|move|p2a: Garganacl|Iron Defense|p2a: Garganacl
|-boost|p2a: Garganacl|def|0
|
|upkeep
|turn|69
|
|t:|1779652603
|move|p1a: Ogerpon|Ivy Cudgel|p2a: Garganacl
|-supereffective|p2a: Garganacl
|-damage|p2a: Garganacl|11/100
|move|p2a: Garganacl|Iron Defense|p2a: Garganacl
|-boost|p2a: Garganacl|def|0
|
|-end|p2a: Garganacl|Encore
|upkeep
|turn|70
|
|t:|1779652606
|move|p1a: Ogerpon|Ivy Cudgel|p2a: Garganacl
|-supereffective|p2a: Garganacl
|-crit|p2a: Garganacl
|-damage|p2a: Garganacl|0 fnt
|faint|p2a: Garganacl
|
|win|SpyOP
