|j|☆brokensand
|j|☆KenjiShiguma
|t:|1779724999
|gametype|singles
|player|p1|brokensand|265|1097
|player|p2|KenjiShiguma|pokemonbreeder-gen4|1082
|gen|9
|tier|[Gen 9] OU
|rated|
|rule|HP Percentage Mod: HP is shown in percentages
|rule|Endless Battle Clause: Forcing endless battles is banned
|rule|Species Clause: Limit one of each Pokémon
|rule|OHKO Clause: OHKO moves are banned
|rule|Evasion Items Clause: Evasion items are banned
|rule|Evasion Moves Clause: Evasion moves are banned
|rule|Evasion Abilities Clause: Evasion abilities are banned
|rule|Sleep Moves Clause: Sleep-inducing moves are banned
|clearpoke
|poke|p1|Seviper, F|
|poke|p1|Arbok, M|
|poke|p1|Serperior, F|
|poke|p1|Sandaconda, F|
|poke|p1|Milotic, M|
|poke|p1|Eelektross, F|
|poke|p2|Golduck, F|
|poke|p2|Porygon2|
|poke|p2|Gardevoir, M|
|poke|p2|Grumpig, M|
|poke|p2|Toxapex, F|
|poke|p2|Espeon, M|
|teampreview
|
|t:|1779725014
|teamsize|p1|6
|teamsize|p2|6
|start
|switch|p1a: Eelektross|Eelektross, F|100/100
|switch|p2a: Espeon|Espeon, M|100/100
|turn|1
|
|t:|1779725020
|move|p2a: Espeon|Substitute|p2a: Espeon
|-start|p2a: Espeon|Substitute
|-damage|p2a: Espeon|76/100
|move|p1a: Eelektross|Knock Off|p2a: Espeon
|-supereffective|p2a: Espeon
|-end|p2a: Espeon|Substitute
|
|upkeep
|turn|2
|
|t:|1779725029
|move|p2a: Espeon|Skill Swap|p1a: Eelektross
|-activate|p2a: Espeon|Skill Swap|Levitate|Magic Bounce|[of] p1a: Eelektross
|move|p1a: Eelektross|Knock Off|p2a: Espeon
|-supereffective|p2a: Espeon
|-damage|p2a: Espeon|0 fnt
|-enditem|p2a: Espeon|Red Card|[from] move: Knock Off|[of] p1a: Eelektross
|faint|p2a: Espeon
|
|upkeep
|
|t:|1779725038
|switch|p2a: Grumpig|Grumpig, M|100/100
|turn|3
|
|t:|1779725047
|switch|p1a: Sandaconda|Sandaconda, F|100/100
|-terastallize|p2a: Grumpig|Poison
|move|p2a: Grumpig|Simple Beam|p1a: Sandaconda
|-ability|p1a: Sandaconda|Simple|Shed Skin|[from] move: Simple Beam
|
|upkeep
|turn|4
|
|t:|1779725057
|move|p2a: Grumpig|Nasty Plot|p2a: Grumpig
|-boost|p2a: Grumpig|spa|2
|move|p1a: Sandaconda|Glare|p2a: Grumpig
|-status|p2a: Grumpig|par
|
|upkeep
|turn|5
|
|t:|1779725069
|move|p1a: Sandaconda|Rock Tomb|p2a: Grumpig
|-damage|p2a: Grumpig|82/100 par
|-unboost|p2a: Grumpig|spe|1
|cant|p2a: Grumpig|par
|
|upkeep
|turn|6
|
|t:|1779725076
|move|p1a: Sandaconda|Stealth Rock|p2a: Grumpig
|-sidestart|p2: KenjiShiguma|move: Stealth Rock
|move|p2a: Grumpig|Nasty Plot|p2a: Grumpig
|-boost|p2a: Grumpig|spa|2
|
|upkeep
|turn|7
|
|t:|1779725083
|move|p1a: Sandaconda|Rock Tomb|p2a: Grumpig
|-damage|p2a: Grumpig|62/100 par
|-unboost|p2a: Grumpig|spe|1
|cant|p2a: Grumpig|par
|
|upkeep
|turn|8
|
|t:|1779725090
|move|p1a: Sandaconda|Rock Tomb|p2a: Grumpig
|-damage|p2a: Grumpig|43/100 par
|-unboost|p2a: Grumpig|spe|1
|-enditem|p2a: Grumpig|Aguav Berry|[eat]
|-heal|p2a: Grumpig|76/100 par|[from] item: Aguav Berry
|move|p2a: Grumpig|Stored Power|p1a: Sandaconda
|-damage|p1a: Sandaconda|0 fnt
|faint|p1a: Sandaconda
|
|upkeep
|
|t:|1779725102
|switch|p1a: Arbok|Arbok, M|100/100
|-ability|p1a: Arbok|Intimidate|boost
|-unboost|p2a: Grumpig|atk|1
|turn|9
|
|t:|1779725106
|move|p1a: Arbok|Earthquake|p2a: Grumpig
|-supereffective|p2a: Grumpig
|-damage|p2a: Grumpig|0 fnt
|faint|p2a: Grumpig
|
|upkeep
|
|t:|1779725113
|switch|p2a: Golduck|Golduck, F|100/100
|-damage|p2a: Golduck|88/100|[from] Stealth Rock
|-ability|p2a: Golduck|Cloud Nine
|turn|10
|
|t:|1779725136
|switch|p1a: Eelektross|Eelektross, F|100/100
|move|p2a: Golduck|Whirlpool|p1a: Eelektross
|-damage|p1a: Eelektross|91/100
|-activate|p1a: Eelektross|move: Whirlpool|[of] p2a: Golduck
|
|-damage|p1a: Eelektross|75/100|[from] move: Whirlpool|[partiallytrapped]
|upkeep
|turn|11
|
|t:|1779725145
|move|p2a: Golduck|Simple Beam|p1a: Eelektross
|-ability|p1a: Eelektross|Simple|Levitate|[from] move: Simple Beam
|move|p1a: Eelektross|Volt Switch|p2a: Golduck
|-supereffective|p2a: Golduck
|-damage|p2a: Golduck|9/100
|
|t:|1779725152
|switch|p1a: Serperior|Serperior, F|100/100|[from] Volt Switch
|
|upkeep
|turn|12
|
|t:|1779725158
|switch|p2a: Toxapex|Toxapex, F|100/100
|-damage|p2a: Toxapex|88/100|[from] Stealth Rock
|move|p1a: Serperior|Leaf Storm|p2a: Toxapex
|-damage|p2a: Toxapex|61/100
|-boost|p1a: Serperior|spa|2
|
|upkeep
|turn|13
|-message|KenjiShiguma forfeited.
|
|win|brokensand
|raw|brokensand's rating: 1097 &rarr; <strong>1121</strong><br />(+24 for winning)
|raw|KenjiShiguma's rating: 1082 &rarr; <strong>1061</strong><br />(-21 for losing)
|l|☆KenjiShiguma
|player|p2|
|l|☆brokensand
|player|p1|
