|j|☆Salocin99
|j|☆onclemondrop
|t:|1779639882
|gametype|singles
|player|p1|Salocin99|2|1169
|player|p2|onclemondrop|170|1173
|gen|9
|tier|[Gen 9] OU
|rated|
|rule|HP Percentage Mod: HP is shown in percentages
|rule|Endless Battle Clause: Forcing endless battles is banned
|rule|Species Clause: Limit one of each Pokémon
|rule|OHKO Clause: OHKO moves are banned
|rule|Evasion Items Clause: Evasion items are banned
|rule|Evasion Moves Clause: Evasion moves are banned
|rule|Evasion Abilities Clause: Evasion abilities are banned
|rule|Sleep Moves Clause: Sleep-inducing moves are banned
|clearpoke
|poke|p1|Garchomp, M|
|poke|p1|Hitmontop, M|
|poke|p1|Gyarados, F|
|poke|p1|Spiritomb, M|
|poke|p1|Arcanine-Hisui, F|
|poke|p1|Dragalge, M|
|poke|p2|Garchomp, M|
|poke|p2|Moltres|
|poke|p2|Zamazenta-*|
|poke|p2|Slowking-Galar, M|
|poke|p2|Gholdengo|
|poke|p2|Iron Valiant|
|teampreview
|
|t:|1779639892
|teamsize|p1|6
|teamsize|p2|6
|start
|switch|p1a: Garchomp|Garchomp, M|100/100
|switch|p2a: Garchomp|Garchomp, M|100/100
|turn|1
|
|t:|1779639905
|move|p1a: Garchomp|Stealth Rock|p2a: Garchomp
|-sidestart|p2: onclemondrop|move: Stealth Rock
|move|p2a: Garchomp|Dragon Tail|p1a: Garchomp
|-supereffective|p1a: Garchomp
|-damage|p1a: Garchomp|70/100
|-damage|p2a: Garchomp|88/100|[from] ability: Rough Skin|[of] p1a: Garchomp
|-damage|p2a: Garchomp|71/100|[from] item: Rocky Helmet|[of] p1a: Garchomp
|drag|p1a: Hitmontop|Hitmontop, M|100/100
|-ability|p1a: Hitmontop|Intimidate|boost
|-unboost|p2a: Garchomp|atk|1
|
|upkeep
|turn|2
|
|t:|1779639916
|move|p2a: Garchomp|Spikes|p1a: Hitmontop
|-sidestart|p1: Salocin99|Spikes
|move|p1a: Hitmontop|Triple Axel|p2a: Garchomp
|-supereffective|p2a: Garchomp
|-crit|p2a: Garchomp
|-damage|p2a: Garchomp|46/100
|-damage|p1a: Hitmontop|88/100|[from] ability: Rough Skin|[of] p2a: Garchomp
|-damage|p1a: Hitmontop|72/100|[from] item: Rocky Helmet|[of] p2a: Garchomp
|-supereffective|p2a: Garchomp
|-damage|p2a: Garchomp|16/100
|-damage|p1a: Hitmontop|59/100|[from] ability: Rough Skin|[of] p2a: Garchomp
|-damage|p1a: Hitmontop|43/100|[from] item: Rocky Helmet|[of] p2a: Garchomp
|-supereffective|p2a: Garchomp
|-damage|p2a: Garchomp|0 fnt
|-damage|p1a: Hitmontop|30/100|[from] ability: Rough Skin|[of] p2a: Garchomp
|-damage|p1a: Hitmontop|14/100|[from] item: Rocky Helmet|[of] p2a: Garchomp
|faint|p2a: Garchomp
|-hitcount|p2: Garchomp|3
|
|-heal|p1a: Hitmontop|20/100|[from] item: Leftovers
|upkeep
|
|t:|1779639925
|switch|p2a: Gholdengo|Gholdengo|100/100
|-damage|p2a: Gholdengo|94/100|[from] Stealth Rock
|-item|p2a: Gholdengo|Air Balloon
|turn|3
|
|t:|1779639931
|move|p2a: Gholdengo|Hex|p1a: Hitmontop
|-damage|p1a: Hitmontop|0 fnt
|faint|p1a: Hitmontop
|
|upkeep
|
|t:|1779639934
|switch|p1a: Spiritomb|Spiritomb, M|100/100
|-damage|p1a: Spiritomb|88/100|[from] Spikes
|turn|4
|
|t:|1779639940
|move|p2a: Gholdengo|Thunder Wave|p1a: Spiritomb
|-status|p1a: Spiritomb|par
|cant|p1a: Spiritomb|par
|
|upkeep
|turn|5
|
|t:|1779639944
|move|p2a: Gholdengo|Hex|p1a: Spiritomb
|-damage|p1a: Spiritomb|29/100 par
|-enditem|p1a: Spiritomb|Sitrus Berry|[eat]
|-heal|p1a: Spiritomb|53/100 par|[from] item: Sitrus Berry
|cant|p1a: Spiritomb|par
|
|upkeep
|turn|6
|c|☆Salocin99|BRO
|
|t:|1779639953
|move|p2a: Gholdengo|Hex|p1a: Spiritomb
|-damage|p1a: Spiritomb|0 fnt
|faint|p1a: Spiritomb
|
|upkeep
|
|t:|1779639956
|switch|p1a: Arcanine|Arcanine-Hisui, F|100/100
|-damage|p1a: Arcanine|88/100|[from] Spikes
|turn|7
|
|t:|1779639962
|move|p1a: Arcanine|Flare Blitz|p2a: Gholdengo
|-supereffective|p2a: Gholdengo
|-crit|p2a: Gholdengo
|-damage|p2a: Gholdengo|0 fnt
|-enditem|p2a: Gholdengo|Air Balloon
|faint|p2a: Gholdengo
|
|upkeep
|
|t:|1779639968
|switch|p2a: Zamazenta|Zamazenta|100/100
|-damage|p2a: Zamazenta|94/100|[from] Stealth Rock
|-ability|p2a: Zamazenta|Dauntless Shield|boost
|-boost|p2a: Zamazenta|def|1
|turn|8
|
|t:|1779639975
|switch|p1a: Garchomp|Garchomp, M|70/100
|-damage|p1a: Garchomp|58/100|[from] Spikes
|move|p2a: Zamazenta|Close Combat|p1a: Garchomp
|-crit|p1a: Garchomp
|-damage|p1a: Garchomp|0 fnt
|-unboost|p2a: Zamazenta|def|1
|-unboost|p2a: Zamazenta|spd|1
|-damage|p2a: Zamazenta|82/100|[from] ability: Rough Skin|[of] p1a: Garchomp
|-damage|p2a: Zamazenta|65/100|[from] item: Rocky Helmet|[of] p1a: Garchomp
|faint|p1a: Garchomp
|-damage|p2a: Zamazenta|56/100|[from] item: Life Orb
|
|upkeep
|
|t:|1779639978
|switch|p1a: Dragalge|Dragalge, M|100/100
|-damage|p1a: Dragalge|88/100|[from] Spikes
|turn|9
|
|t:|1779639984
|switch|p2a: Slowking|Slowking-Galar, M|100/100
|move|p1a: Dragalge|Sludge Wave|p2a: Slowking
|-resisted|p2a: Slowking
|-damage|p2a: Slowking|81/100
|
|upkeep
|turn|10
|
|t:|1779639992
|switch|p1a: Arcanine|Arcanine-Hisui, F|88/100
|-damage|p1a: Arcanine|76/100|[from] Spikes
|move|p2a: Slowking|Future Sight|p1a: Arcanine
|-start|p2a: Slowking|move: Future Sight
|
|upkeep
|turn|11
|
|t:|1779639998
|switch|p2a: Moltres|Moltres|100/100
|move|p1a: Arcanine|Head Smash|p2a: Moltres|[miss]
|-miss|p1a: Arcanine|p2a: Moltres
|
|upkeep
|turn|12
|
|t:|1779640010
|move|p1a: Arcanine|Head Smash|p2a: Moltres|[miss]
|-miss|p1a: Arcanine|p2a: Moltres
|move|p2a: Moltres|Roost||[still]
|-fail|p2a: Moltres|heal
|
|-end|p1a: Arcanine|move: Future Sight
|-damage|p1a: Arcanine|23/100
|upkeep
|turn|13
|c|☆Salocin99|BRO
|
|t:|1779640014
|move|p1a: Arcanine|Head Smash|p2a: Moltres
|-supereffective|p2a: Moltres
|-damage|p2a: Moltres|0 fnt
|faint|p2a: Moltres
|
|upkeep
|
|t:|1779640019
|switch|p2a: Zamazenta|Zamazenta|56/100
|-damage|p2a: Zamazenta|49/100|[from] Stealth Rock
|turn|14
|
|t:|1779640026
|move|p2a: Zamazenta|Close Combat|p1a: Arcanine
|-supereffective|p1a: Arcanine
|-damage|p1a: Arcanine|0 fnt
|-unboost|p2a: Zamazenta|def|1
|-unboost|p2a: Zamazenta|spd|1
|faint|p1a: Arcanine
|-damage|p2a: Zamazenta|40/100|[from] item: Life Orb
|
|upkeep
|
|t:|1779640032
|switch|p1a: Dragalge|Dragalge, M|88/100
|-damage|p1a: Dragalge|76/100|[from] Spikes
|turn|15
|
|t:|1779640036
|switch|p2a: Slowking|Slowking-Galar, M|100/100
|move|p1a: Dragalge|Thunderbolt|p2a: Slowking
|-damage|p2a: Slowking|84/100
|
|upkeep
|turn|16
|
|t:|1779640047
|move|p1a: Dragalge|Draco Meteor|p2a: Slowking
|-damage|p2a: Slowking|40/100
|-unboost|p1a: Dragalge|spa|2
|move|p2a: Slowking|Ice Beam|p1a: Dragalge
|-supereffective|p1a: Dragalge
|-damage|p1a: Dragalge|39/100
|
|upkeep
|turn|17
|
|t:|1779640052
|move|p1a: Dragalge|Draco Meteor|p2a: Slowking
|-damage|p2a: Slowking|17/100
|-unboost|p1a: Dragalge|spa|2
|-prepare|p2a: Slowking|Chilly Reception|[premajor]
|move|p2a: Slowking|Chilly Reception|p2a: Slowking
|-weather|Snowscape
|
|t:|1779640055
|switch|p2a: Iron Valiant|Iron Valiant|100/100|[from] Chilly Reception
|-damage|p2a: Iron Valiant|94/100|[from] Stealth Rock
|
|-weather|Snowscape|[upkeep]
|upkeep
|turn|18
|
|t:|1779640063
|move|p2a: Iron Valiant|Psychic|p1a: Dragalge
|-supereffective|p1a: Dragalge
|-damage|p1a: Dragalge|0 fnt
|faint|p1a: Dragalge
|
|-weather|Snowscape|[upkeep]
|upkeep
|
|t:|1779640066
|switch|p1a: Gyarados|Gyarados, F|100/100
|turn|19
|
|t:|1779640072
|-end|p2a: Iron Valiant|Quark Drive|[silent]
|switch|p2a: Zamazenta|Zamazenta|40/100
|-damage|p2a: Zamazenta|33/100|[from] Stealth Rock
|move|p1a: Gyarados|Dragon Dance|p1a: Gyarados
|-boost|p1a: Gyarados|atk|1
|-boost|p1a: Gyarados|spe|1
|
|-weather|Snowscape|[upkeep]
|upkeep
|turn|20
|
|t:|1779640077
|move|p1a: Gyarados|Waterfall|p2a: Zamazenta
|-damage|p2a: Zamazenta|0 fnt
|faint|p2a: Zamazenta
|-ability|p1a: Gyarados|Moxie|boost
|-boost|p1a: Gyarados|atk|1
|
|-weather|Snowscape|[upkeep]
|upkeep
|
|t:|1779640091
|switch|p2a: Iron Valiant|Iron Valiant|94/100
|-damage|p2a: Iron Valiant|88/100|[from] Stealth Rock
|turn|21
|
|t:|1779640100
|move|p1a: Gyarados|Waterfall|p2a: Iron Valiant
|-damage|p2a: Iron Valiant|0 fnt
|faint|p2a: Iron Valiant
|-end|p2a: Iron Valiant|Quark Drive|[silent]
|-ability|p1a: Gyarados|Moxie|boost
|-boost|p1a: Gyarados|atk|1
|
|-weather|none
|upkeep
|
|t:|1779640102
|switch|p2a: Slowking|Slowking-Galar, M|50/100
|turn|22
|
|t:|1779640106
|move|p1a: Gyarados|Waterfall|p2a: Slowking
|-damage|p2a: Slowking|0 fnt
|faint|p2a: Slowking
|
|win|Salocin99
|raw|Salocin99's rating: 1169 &rarr; <strong>1194</strong><br />(+25 for winning)
|raw|onclemondrop's rating: 1173 &rarr; <strong>1148</strong><br />(-25 for losing)
|l|☆onclemondrop
|player|p2|
|l|☆Salocin99
|player|p1|
