|j|☆critical_32
|j|☆imgettingsendiedup
|t:|1779700005
|gametype|singles
|player|p1|critical_32|1|1406
|player|p2|imgettingsendiedup|elesa|1375
|gen|9
|tier|[Gen 9] OU
|rated|
|rule|HP Percentage Mod: HP is shown in percentages
|rule|Endless Battle Clause: Forcing endless battles is banned
|rule|Species Clause: Limit one of each Pokémon
|rule|OHKO Clause: OHKO moves are banned
|rule|Evasion Items Clause: Evasion items are banned
|rule|Evasion Moves Clause: Evasion moves are banned
|rule|Evasion Abilities Clause: Evasion abilities are banned
|rule|Sleep Moves Clause: Sleep-inducing moves are banned
|clearpoke
|poke|p1|Barraskewda, M|
|poke|p1|Basculegion, M|
|poke|p1|Goodra-Hisui, F|
|poke|p1|Blissey, F|
|poke|p1|Conkeldurr, M|
|poke|p1|Pelipper, M|
|poke|p2|Hawlucha, F|
|poke|p2|Samurott-Hisui, F|
|poke|p2|Rillaboom, F|
|poke|p2|Gholdengo|
|poke|p2|Kyurem|
|poke|p2|Landorus-Therian, M|
|teampreview
|inactive|Battle timer is ON: inactive players will automatically lose when time's up. (requested by critical_32)
|
|t:|1779700030
|teamsize|p1|6
|teamsize|p2|6
|start
|switch|p1a: Pelipper|Pelipper, M|100/100
|switch|p2a: Landorus|Landorus-Therian, M|100/100
|-ability|p2a: Landorus|Intimidate|boost
|-unboost|p1a: Pelipper|atk|1
|-weather|RainDance|[from] ability: Drizzle|[of] p1a: Pelipper
|turn|1
|
|t:|1779700037
|move|p2a: Landorus|U-turn|p1a: Pelipper
|-resisted|p1a: Pelipper
|-damage|p1a: Pelipper|87/100
|
|t:|1779700042
|switch|p2a: Samurott|Samurott-Hisui, F|100/100|[from] U-turn
|move|p1a: Pelipper|U-turn|p2a: Samurott
|-supereffective|p2a: Samurott
|-damage|p2a: Samurott|87/100
|
|t:|1779700053
|switch|p1a: Goodra|Goodra-Hisui, F|100/100|[from] U-turn
|
|-weather|RainDance|[upkeep]
|upkeep
|turn|2
|
|t:|1779700057
|move|p2a: Samurott|Knock Off|p1a: Goodra
|-damage|p1a: Goodra|54/100
|-enditem|p1a: Goodra|Choice Specs|[from] move: Knock Off|[of] p2a: Samurott
|move|p1a: Goodra|Thunder|p2a: Samurott
|-supereffective|p2a: Samurott
|-damage|p2a: Samurott|42/100
|
|-weather|RainDance|[upkeep]
|upkeep
|turn|3
|
|t:|1779700065
|move|p2a: Samurott|Ceaseless Edge|p1a: Goodra
|-damage|p1a: Goodra|7/100
|-sidestart|p1: critical_32|Spikes
|move|p1a: Goodra|Dragon Breath|p2a: Samurott
|-damage|p2a: Samurott|20/100
|
|-weather|RainDance|[upkeep]
|upkeep
|turn|4
|
|t:|1779700074
|move|p2a: Samurott|Ceaseless Edge|p1a: Goodra
|-damage|p1a: Goodra|0 fnt
|-sidestart|p1: critical_32|Spikes
|faint|p1a: Goodra
|
|-weather|RainDance|[upkeep]
|upkeep
|
|t:|1779700077
|switch|p1a: Barraskewda|Barraskewda, M|100/100
|-damage|p1a: Barraskewda|84/100|[from] Spikes
|turn|5
|
|t:|1779700080
|move|p2a: Samurott|Sucker Punch|p1a: Barraskewda
|-crit|p1a: Barraskewda
|-damage|p1a: Barraskewda|0 fnt
|faint|p1a: Barraskewda
|
|-weather|RainDance|[upkeep]
|upkeep
|
|t:|1779700087
|switch|p1a: Conkeldurr|Conkeldurr, M|100/100
|-damage|p1a: Conkeldurr|84/100|[from] Spikes
|turn|6
|
|t:|1779700092
|switch|p2a: Landorus|Landorus-Therian, M|100/100
|-ability|p2a: Landorus|Intimidate|boost
|-unboost|p1a: Conkeldurr|atk|1
|move|p1a: Conkeldurr|Mach Punch|p2a: Landorus
|-resisted|p2a: Landorus
|-damage|p2a: Landorus|93/100
|-damage|p1a: Conkeldurr|68/100|[from] item: Rocky Helmet|[of] p2a: Landorus
|
|-weather|RainDance|[upkeep]
|-status|p1a: Conkeldurr|brn|[from] item: Flame Orb
|upkeep
|turn|7
|
|t:|1779700100
|switch|p1a: Pelipper|Pelipper, M|87/100
|move|p2a: Landorus|Stealth Rock|p1a: Pelipper
|-sidestart|p1: critical_32|move: Stealth Rock
|
|-weather|RainDance|[upkeep]
|upkeep
|turn|8
|
|t:|1779700108
|switch|p2a: Kyurem|Kyurem|100/100
|-ability|p2a: Kyurem|Pressure
|move|p1a: Pelipper|Hurricane|p2a: Kyurem
|-damage|p2a: Kyurem|70/100
|
|-weather|none
|upkeep
|turn|9
|
|t:|1779700114
|switch|p1a: Blissey|Blissey, F|100/100
|-damage|p1a: Blissey|84/100|[from] Spikes
|-damage|p1a: Blissey|72/100|[from] Stealth Rock
|move|p2a: Kyurem|Freeze-Dry|p1a: Blissey
|-damage|p1a: Blissey|58/100
|
|-heal|p1a: Blissey|64/100|[from] item: Leftovers
|upkeep
|turn|10
|
|t:|1779700117
|switch|p2a: Landorus|Landorus-Therian, M|93/100
|-ability|p2a: Landorus|Intimidate|boost
|-unboost|p1a: Blissey|atk|1
|move|p1a: Blissey|Calm Mind|p1a: Blissey
|-boost|p1a: Blissey|spa|1
|-boost|p1a: Blissey|spd|1
|
|-heal|p1a: Blissey|70/100|[from] item: Leftovers
|upkeep
|turn|11
|
|t:|1779700124
|move|p2a: Landorus|Taunt|p1a: Blissey
|-start|p1a: Blissey|move: Taunt
|cant|p1a: Blissey|move: Taunt|Soft-Boiled
|
|-heal|p1a: Blissey|76/100|[from] item: Leftovers
|upkeep
|turn|12
|
|t:|1779700129
|switch|p1a: Pelipper|Pelipper, M|87/100
|-damage|p1a: Pelipper|62/100|[from] Stealth Rock
|-weather|RainDance|[from] ability: Drizzle|[of] p1a: Pelipper
|move|p2a: Landorus|U-turn|p1a: Pelipper
|-resisted|p1a: Pelipper
|-damage|p1a: Pelipper|49/100
|
|t:|1779700135
|switch|p2a: Kyurem|Kyurem|70/100|[from] U-turn
|-ability|p2a: Kyurem|Pressure
|
|-weather|RainDance|[upkeep]
|upkeep
|turn|13
|
|t:|1779700143
|switch|p1a: Blissey|Blissey, F|76/100
|-damage|p1a: Blissey|60/100|[from] Spikes
|-damage|p1a: Blissey|47/100|[from] Stealth Rock
|move|p2a: Kyurem|Ice Beam|p1a: Blissey
|-crit|p1a: Blissey
|-damage|p1a: Blissey|25/100
|
|-weather|RainDance|[upkeep]
|-heal|p1a: Blissey|31/100|[from] item: Leftovers
|upkeep
|turn|14
|
|t:|1779700149
|switch|p2a: Rillaboom|Rillaboom, F|100/100
|-fieldstart|move: Grassy Terrain|[from] ability: Grassy Surge|[of] p2a: Rillaboom
|move|p1a: Blissey|Soft-Boiled|p1a: Blissey
|-heal|p1a: Blissey|81/100
|
|-weather|RainDance|[upkeep]
|-heal|p1a: Blissey|87/100|[from] Grassy Terrain
|-heal|p1a: Blissey|93/100|[from] item: Leftovers
|upkeep
|turn|15
|
|t:|1779700159
|move|p2a: Rillaboom|Wood Hammer|p1a: Blissey
|-damage|p1a: Blissey|0 fnt
|faint|p1a: Blissey
|-damage|p2a: Rillaboom|47/100|[from] Recoil
|
|-weather|RainDance|[upkeep]
|-heal|p2a: Rillaboom|53/100|[from] Grassy Terrain
|upkeep
|
|t:|1779700163
|switch|p1a: Conkeldurr|Conkeldurr, M|68/100 brn
|-damage|p1a: Conkeldurr|51/100 brn|[from] Spikes
|-damage|p1a: Conkeldurr|45/100 brn|[from] Stealth Rock
|turn|16
|
|t:|1779700165
|switch|p2a: Landorus|Landorus-Therian, M|93/100
|-ability|p2a: Landorus|Intimidate|boost
|-unboost|p1a: Conkeldurr|atk|1
|move|p1a: Conkeldurr|Drain Punch|p2a: Landorus
|-resisted|p2a: Landorus
|-damage|p2a: Landorus|71/100
|-heal|p1a: Conkeldurr|57/100 brn|[from] drain|[of] p2a: Landorus
|-damage|p1a: Conkeldurr|41/100 brn|[from] item: Rocky Helmet|[of] p2a: Landorus
|
|-weather|RainDance|[upkeep]
|-heal|p1a: Conkeldurr|47/100 brn|[from] Grassy Terrain
|-damage|p1a: Conkeldurr|41/100 brn|[from] brn
|upkeep
|turn|17
|
|t:|1779700173
|move|p2a: Landorus|U-turn|p1a: Conkeldurr
|-resisted|p1a: Conkeldurr
|-damage|p1a: Conkeldurr|33/100 brn
|
|t:|1779700175
|switch|p2a: Gholdengo|Gholdengo|100/100|[from] U-turn
|move|p1a: Conkeldurr|Drain Punch|p2a: Gholdengo
|-immune|p2a: Gholdengo
|
|-weather|RainDance|[upkeep]
|-heal|p1a: Conkeldurr|40/100 brn|[from] Grassy Terrain
|-damage|p1a: Conkeldurr|33/100 brn|[from] brn
|upkeep
|turn|18
|inactive|critical_32 has 120 seconds left.
|inactive|critical_32 has 90 seconds left.
|inactive|critical_32 has 60 seconds left.
|inactive|critical_32 has 30 seconds left.
|l|☆critical_32
|inactive|critical_32 disconnected and has a minute to reconnect!
|player|p1|
|inactive|critical_32 has 20 seconds left.
|inactive|critical_32 has 15 seconds left.
|inactive|critical_32 has 10 seconds left.
|inactive|critical_32 has 5 seconds left.
|-message|critical_32 lost due to inactivity.
|
|win|imgettingsendiedup
|raw|critical_32's rating: 1406 &rarr; <strong>1384</strong><br />(-22 for losing)
|raw|imgettingsendiedup's rating: 1375 &rarr; <strong>1397</strong><br />(+22 for winning)
|l|☆imgettingsendiedup
|player|p2|
