|j|☆shotguneclair
|j|☆arataomega1
|t:|1779698700
|gametype|singles
|player|p1|shotguneclair|firebreather|1362
|player|p2|arataomega1|marnie-masters3|1347
|gen|9
|tier|[Gen 9] OU
|rated|
|rule|HP Percentage Mod: HP is shown in percentages
|rule|Endless Battle Clause: Forcing endless battles is banned
|rule|Species Clause: Limit one of each Pokémon
|rule|OHKO Clause: OHKO moves are banned
|rule|Evasion Items Clause: Evasion items are banned
|rule|Evasion Moves Clause: Evasion moves are banned
|rule|Evasion Abilities Clause: Evasion abilities are banned
|rule|Sleep Moves Clause: Sleep-inducing moves are banned
|clearpoke
|poke|p1|Corviknight, M|
|poke|p1|Primarina, M|
|poke|p1|Iron Valiant|
|poke|p1|Landorus-Therian, M|
|poke|p1|Weavile, M|
|poke|p1|Iron Treads|
|poke|p2|Volcanion|
|poke|p2|Weezing-Galar, F|
|poke|p2|Reuniclus, M|
|poke|p2|Registeel|
|poke|p2|Krookodile, M|
|poke|p2|Zapdos-Galar|
|teampreview
|inactive|Battle timer is ON: inactive players will automatically lose when time's up. (requested by shotguneclair)
|
|t:|1779698749
|teamsize|p1|6
|teamsize|p2|6
|start
|switch|p1a: Landorus|Landorus-Therian, M|100/100
|switch|p2a: EL sarcosucus|Krookodile, M, shiny|100/100
|-ability|p1a: Landorus|Intimidate|boost
|-unboost|p2a: EL sarcosucus|atk|1
|turn|1
|
|t:|1779698757
|switch|p2a: Lord smogon|Weezing-Galar, F, shiny|100/100
|move|p1a: Landorus|U-turn|p2a: Lord smogon
|-resisted|p2a: Lord smogon
|-damage|p2a: Lord smogon|97/100
|
|t:|1779698772
|switch|p1a: Primarina|Primarina, M|100/100|[from] U-turn
|
|-heal|p2a: Lord smogon|100/100|[from] item: Leftovers
|upkeep
|turn|2
|
|t:|1779698777
|switch|p2a: Cesar zepeli|Reuniclus, M, shiny|100/100
|move|p1a: Primarina|Psychic Noise|p2a: Cesar zepeli
|-damage|p2a: Cesar zepeli|79/100
|-start|p2a: Cesar zepeli|move: Heal Block
|
|upkeep
|turn|3
|
|t:|1779698786
|move|p1a: Primarina|Flip Turn|p2a: Cesar zepeli
|-damage|p2a: Cesar zepeli|65/100
|
|t:|1779698788
|switch|p1a: Iron Treads|Iron Treads|100/100|[from] Flip Turn
|move|p2a: Cesar zepeli|Future Sight|p1a: Iron Treads
|-start|p2a: Cesar zepeli|move: Future Sight
|
|-end|p2a: Cesar zepeli|move: Heal Block
|upkeep
|turn|4
|
|t:|1779698795
|switch|p2a: Lord smogon|Weezing-Galar, F, shiny|100/100
|move|p1a: Iron Treads|Stealth Rock|p2a: Lord smogon
|-sidestart|p2: arataomega1|move: Stealth Rock
|
|upkeep
|turn|5
|
|t:|1779698805
|move|p1a: Iron Treads|Rock Slide|p2a: Lord smogon
|-damage|p2a: Lord smogon|86/100
|cant|p2a: Lord smogon|flinch
|
|-end|p1a: Iron Treads|move: Future Sight
|-resisted|p1a: Iron Treads
|-damage|p1a: Iron Treads|78/100
|-heal|p1a: Iron Treads|84/100|[from] item: Leftovers
|-heal|p2a: Lord smogon|92/100|[from] item: Leftovers
|upkeep
|turn|6
|
|t:|1779698815
|-end|p1a: Iron Treads|Quark Drive|[silent]
|switch|p1a: Primarina|Primarina, M|100/100
|move|p2a: Lord smogon|Will-O-Wisp|p1a: Primarina
|-status|p1a: Primarina|brn
|
|-heal|p2a: Lord smogon|98/100|[from] item: Leftovers
|-damage|p1a: Primarina|94/100 brn|[from] brn
|upkeep
|turn|7
|
|t:|1779698824
|switch|p2a: Cesar zepeli|Reuniclus, M, shiny|98/100
|-damage|p2a: Cesar zepeli|86/100|[from] Stealth Rock
|move|p1a: Primarina|Psychic Noise|p2a: Cesar zepeli
|-damage|p2a: Cesar zepeli|67/100
|-start|p2a: Cesar zepeli|move: Heal Block
|
|-damage|p1a: Primarina|88/100 brn|[from] brn
|upkeep
|turn|8
|
|t:|1779698834
|move|p1a: Primarina|Moonblast|p2a: Cesar zepeli
|-damage|p2a: Cesar zepeli|41/100
|move|p2a: Cesar zepeli|Future Sight|p1a: Primarina
|-start|p2a: Cesar zepeli|move: Future Sight
|
|-damage|p1a: Primarina|82/100 brn|[from] brn
|-end|p2a: Cesar zepeli|move: Heal Block
|upkeep
|turn|9
|
|t:|1779698842
|move|p1a: Primarina|Psychic Noise|p2a: Cesar zepeli
|-damage|p2a: Cesar zepeli|18/100
|-start|p2a: Cesar zepeli|move: Heal Block
|move|p2a: Cesar zepeli|Knock Off|p1a: Primarina
|-resisted|p1a: Primarina
|-damage|p1a: Primarina|74/100 brn
|-enditem|p1a: Primarina|Assault Vest|[from] move: Knock Off|[of] p2a: Cesar zepeli
|
|-damage|p1a: Primarina|68/100 brn|[from] brn
|upkeep
|turn|10
|
|t:|1779698852
|switch|p2a: Big daddy|Registeel, shiny|100/100
|-damage|p2a: Big daddy|94/100|[from] Stealth Rock
|move|p1a: Primarina|Psychic Noise|p2a: Big daddy
|-damage|p2a: Big daddy|72/100
|-start|p2a: Big daddy|move: Heal Block
|
|-end|p1a: Primarina|move: Future Sight
|-damage|p1a: Primarina|17/100 brn
|-damage|p1a: Primarina|11/100 brn|[from] brn
|upkeep
|turn|11
|
|t:|1779698865
|move|p1a: Primarina|Psychic Noise|p2a: Big daddy
|-damage|p2a: Big daddy|49/100
|move|p2a: Big daddy|Stealth Rock|p1a: Primarina
|-sidestart|p1: shotguneclair|move: Stealth Rock
|
|-damage|p1a: Primarina|5/100 brn|[from] brn
|-end|p2a: Big daddy|move: Heal Block
|upkeep
|turn|12
|
|t:|1779698873
|move|p1a: Primarina|Psychic Noise|p2a: Big daddy
|-damage|p2a: Big daddy|24/100
|-start|p2a: Big daddy|move: Heal Block
|move|p2a: Big daddy|Body Press|p1a: Primarina
|-resisted|p1a: Primarina
|-damage|p1a: Primarina|0 fnt
|faint|p1a: Primarina
|
|upkeep
|
|t:|1779698878
|switch|p1a: Iron Treads|Iron Treads|84/100
|-damage|p1a: Iron Treads|81/100|[from] Stealth Rock
|turn|13
|
|t:|1779698886
|move|p1a: Iron Treads|Rapid Spin|p2a: Big daddy
|-resisted|p2a: Big daddy
|-damage|p2a: Big daddy|19/100
|-boost|p1a: Iron Treads|spe|1
|-sideend|p1: shotguneclair|Stealth Rock|[from] move: Rapid Spin|[of] p1a: Iron Treads
|move|p2a: Big daddy|Body Press|p1a: Iron Treads
|-supereffective|p1a: Iron Treads
|-damage|p1a: Iron Treads|43/100
|
|-heal|p1a: Iron Treads|49/100|[from] item: Leftovers
|-end|p2a: Big daddy|move: Heal Block
|upkeep
|turn|14
|
|t:|1779698898
|move|p1a: Iron Treads|Earthquake|p2a: Big daddy
|-supereffective|p2a: Big daddy
|-damage|p2a: Big daddy|0 fnt
|faint|p2a: Big daddy
|
|-heal|p1a: Iron Treads|55/100|[from] item: Leftovers
|upkeep
|
|t:|1779698903
|switch|p2a: Lord smogon|Weezing-Galar, F, shiny|98/100
|-damage|p2a: Lord smogon|85/100|[from] Stealth Rock
|turn|15
|
|t:|1779698909
|move|p1a: Iron Treads|Rock Slide|p2a: Lord smogon
|-damage|p2a: Lord smogon|71/100
|move|p2a: Lord smogon|Defog|p1a: Iron Treads
|-unboost|p1a: Iron Treads|evasion|1
|-sideend|p2: arataomega1|Stealth Rock|[from] move: Defog|[of] p2a: Lord smogon
|
|-heal|p1a: Iron Treads|61/100|[from] item: Leftovers
|-heal|p2a: Lord smogon|77/100|[from] item: Leftovers
|upkeep
|turn|16
|
|t:|1779698917
|move|p1a: Iron Treads|Stealth Rock|p2a: Lord smogon
|-sidestart|p2: arataomega1|move: Stealth Rock
|move|p2a: Lord smogon|Will-O-Wisp|p1a: Iron Treads
|-status|p1a: Iron Treads|brn
|
|-heal|p1a: Iron Treads|68/100 brn|[from] item: Leftovers
|-heal|p2a: Lord smogon|83/100|[from] item: Leftovers
|-damage|p1a: Iron Treads|61/100 brn|[from] brn
|upkeep
|turn|17
|
|t:|1779698944
|-end|p1a: Iron Treads|Quark Drive|[silent]
|switch|p1a: Iron Valiant|Iron Valiant|100/100
|move|p2a: Lord smogon|Defog|p1a: Iron Valiant
|-unboost|p1a: Iron Valiant|evasion|1
|-sideend|p2: arataomega1|Stealth Rock|[from] move: Defog|[of] p2a: Lord smogon
|
|-heal|p2a: Lord smogon|89/100|[from] item: Leftovers
|upkeep
|turn|18
|
|t:|1779698951
|-terastallize|p1a: Iron Valiant|Ghost
|move|p1a: Iron Valiant|Shadow Ball|p2a: Lord smogon
|-damage|p2a: Lord smogon|9/100
|move|p2a: Lord smogon|Strange Steam|p1a: Iron Valiant
|-damage|p1a: Iron Valiant|57/100
|
|-heal|p2a: Lord smogon|15/100|[from] item: Leftovers
|upkeep
|turn|19
|
|t:|1779698961
|switch|p2a: EL sarcosucus|Krookodile, M, shiny|100/100
|move|p1a: Iron Valiant|Shadow Ball|p2a: EL sarcosucus
|-resisted|p2a: EL sarcosucus
|-damage|p2a: EL sarcosucus|62/100
|
|upkeep
|turn|20
|
|t:|1779698970
|-end|p1a: Iron Valiant|Quark Drive|[silent]
|switch|p1a: wurry|Corviknight, M|100/100
|-ability|p1a: wurry|Pressure
|move|p2a: EL sarcosucus|Knock Off|p1a: wurry
|-damage|p1a: wurry|55/100
|-damage|p2a: EL sarcosucus|45/100|[from] item: Rocky Helmet|[of] p1a: wurry
|-enditem|p1a: wurry|Rocky Helmet|[from] move: Knock Off|[of] p2a: EL sarcosucus
|
|upkeep
|turn|21
|
|t:|1779698979
|switch|p2a: El Stromboli|Volcanion|100/100
|move|p1a: wurry|Roost|p1a: wurry
|-heal|p1a: wurry|100/100
|-singleturn|p1a: wurry|move: Roost
|
|upkeep
|turn|22
|
|t:|1779698986
|switch|p1a: Iron Treads|Iron Treads|61/100 brn
|move|p2a: El Stromboli|Steam Eruption|p1a: Iron Treads
|-supereffective|p1a: Iron Treads
|-damage|p1a: Iron Treads|0 fnt
|faint|p1a: Iron Treads
|-end|p1a: Iron Treads|Quark Drive|[silent]
|
|upkeep
|
|t:|1779698989
|switch|p1a: Landorus|Landorus-Therian, M|100/100
|-ability|p1a: Landorus|Intimidate|boost
|-unboost|p2a: El Stromboli|atk|1
|turn|23
|
|t:|1779698996
|switch|p2a: Lord smogon|Weezing-Galar, F, shiny|15/100
|move|p1a: Landorus|U-turn|p2a: Lord smogon
|-resisted|p2a: Lord smogon
|-damage|p2a: Lord smogon|12/100
|
|t:|1779699000
|switch|p1a: Iron Valiant|Iron Valiant, tera:Ghost|57/100|[from] U-turn
|
|-heal|p2a: Lord smogon|18/100|[from] item: Leftovers
|upkeep
|turn|24
|
|t:|1779699016
|move|p1a: Iron Valiant|Shadow Ball|p2a: Lord smogon
|-damage|p2a: Lord smogon|0 fnt
|faint|p2a: Lord smogon
|
|upkeep
|
|t:|1779699020
|switch|p2a: KFC chicken|Zapdos-Galar|100/100
|turn|25
|
|t:|1779699023
|-end|p1a: Iron Valiant|Quark Drive|[silent]
|switch|p1a: wurry|Corviknight, M|100/100
|-ability|p1a: wurry|Pressure
|move|p2a: KFC chicken|Knock Off|p1a: wurry
|-damage|p1a: wurry|87/100
|
|upkeep
|turn|26
|
|t:|1779699030
|switch|p2a: El Stromboli|Volcanion|100/100
|move|p1a: wurry|Brave Bird|p2a: El Stromboli
|-damage|p2a: El Stromboli|64/100
|-damage|p1a: wurry|78/100|[from] Recoil
|
|upkeep
|turn|27
|
|t:|1779699040
|switch|p1a: Weavile|Weavile, M|100/100
|move|p2a: El Stromboli|Flamethrower|p1a: Weavile
|-supereffective|p1a: Weavile
|-damage|p1a: Weavile|0 fnt
|faint|p1a: Weavile
|
|upkeep
|
|t:|1779699043
|switch|p1a: Landorus|Landorus-Therian, M|100/100
|-ability|p1a: Landorus|Intimidate|boost
|-unboost|p2a: El Stromboli|atk|1
|turn|28
|
|t:|1779699053
|switch|p2a: KFC chicken|Zapdos-Galar|100/100
|move|p1a: Landorus|Earth Power|p2a: KFC chicken
|-immune|p2a: KFC chicken
|
|upkeep
|turn|29
|
|t:|1779699059
|switch|p1a: wurry|Corviknight, M|78/100
|-ability|p1a: wurry|Pressure
|move|p2a: KFC chicken|U-turn|p1a: wurry
|-resisted|p1a: wurry
|-crit|p1a: wurry
|-damage|p1a: wurry|72/100
|
|t:|1779699066
|switch|p2a: El Stromboli|Volcanion|64/100|[from] U-turn
|
|upkeep
|turn|30
|
|t:|1779699073
|move|p2a: El Stromboli|Flamethrower|p1a: wurry
|-supereffective|p1a: wurry
|-damage|p1a: wurry|0 fnt
|faint|p1a: wurry
|
|upkeep
|
|t:|1779699075
|switch|p1a: Iron Valiant|Iron Valiant, tera:Ghost|57/100
|turn|31
|
|t:|1779699084
|switch|p2a: Cesar zepeli|Reuniclus, M, shiny|52/100
|move|p1a: Iron Valiant|Thunderbolt|p2a: Cesar zepeli
|-damage|p2a: Cesar zepeli|29/100
|
|upkeep
|turn|32
|
|t:|1779699089
|-end|p1a: Iron Valiant|Quark Drive|[silent]
|switch|p1a: Landorus|Landorus-Therian, M|100/100
|-ability|p1a: Landorus|Intimidate|boost
|-unboost|p2a: Cesar zepeli|atk|1
|switch|p2a: EL sarcosucus|Krookodile, M, shiny|45/100
|
|upkeep
|turn|33
|
|t:|1779699102
|move|p1a: Landorus|Earth Power|p2a: EL sarcosucus
|-damage|p2a: EL sarcosucus|0 fnt
|faint|p2a: EL sarcosucus
|
|upkeep
|
|t:|1779699106
|switch|p2a: KFC chicken|Zapdos-Galar|100/100
|turn|34
|
|t:|1779699109
|switch|p1a: Iron Valiant|Iron Valiant, tera:Ghost|57/100
|move|p2a: KFC chicken|Brave Bird|p1a: Iron Valiant
|-damage|p1a: Iron Valiant|0 fnt
|faint|p1a: Iron Valiant
|-end|p1a: Iron Valiant|Quark Drive|[silent]
|-damage|p2a: KFC chicken|84/100|[from] Recoil
|
|upkeep
|
|t:|1779699114
|switch|p1a: Landorus|Landorus-Therian, M|100/100
|-ability|p1a: Landorus|Intimidate|boost
|-unboost|p2a: KFC chicken|atk|1
|-ability|p2a: KFC chicken|Defiant|boost
|-boost|p2a: KFC chicken|atk|2
|turn|35
|c|☆shotguneclair|gg
|-message|shotguneclair forfeited.
|
|win|arataomega1
|raw|shotguneclair's rating: 1362 &rarr; <strong>1341</strong><br />(-21 for losing)
|raw|arataomega1's rating: 1347 &rarr; <strong>1368</strong><br />(+21 for winning)
|l|☆shotguneclair
|player|p1|
|l|☆arataomega1
|player|p2|
