|j|☆Player UNOWN
|j|☆Skibi67Claviclr
|t:|1779694015
|gametype|singles
|player|p1|Player UNOWN|scientist-gen4|1080
|player|p2|Skibi67Claviclr|266|1068
|gen|9
|tier|[Gen 9] OU
|rated|
|rule|HP Percentage Mod: HP is shown in percentages
|rule|Endless Battle Clause: Forcing endless battles is banned
|rule|Species Clause: Limit one of each Pokémon
|rule|OHKO Clause: OHKO moves are banned
|rule|Evasion Items Clause: Evasion items are banned
|rule|Evasion Moves Clause: Evasion moves are banned
|rule|Evasion Abilities Clause: Evasion abilities are banned
|rule|Sleep Moves Clause: Sleep-inducing moves are banned
|clearpoke
|poke|p1|Tyranitar, M|
|poke|p1|Scizor, M|
|poke|p1|Flygon, F|
|poke|p1|Empoleon, M|
|poke|p1|Hippowdon, M|
|poke|p1|Magnezone|
|poke|p2|Ninetales-Alola, F|
|poke|p2|Samurott-Hisui, F|
|poke|p2|Zamazenta-*|
|poke|p2|Ogerpon-Wellspring, F|
|poke|p2|Oricorio-Sensu, M|
|poke|p2|Landorus-Therian, M|
|teampreview
|
|t:|1779694022
|teamsize|p1|6
|teamsize|p2|6
|start
|switch|p1a: Hippowdon|Hippowdon, M|100/100
|switch|p2a: Landorus|Landorus-Therian, M|100/100
|-ability|p2a: Landorus|Intimidate|boost
|-unboost|p1a: Hippowdon|atk|1
|-weather|Sandstorm|[from] ability: Sand Stream|[of] p1a: Hippowdon
|turn|1
|
|t:|1779694031
|move|p2a: Landorus|Taunt|p1a: Hippowdon
|-start|p1a: Hippowdon|move: Taunt
|cant|p1a: Hippowdon|move: Taunt|Stealth Rock
|
|-weather|Sandstorm|[upkeep]
|upkeep
|turn|2
|
|t:|1779694038
|move|p2a: Landorus|U-turn|p1a: Hippowdon
|-damage|p1a: Hippowdon|87/100
|-damage|p2a: Landorus|84/100|[from] item: Rocky Helmet|[of] p1a: Hippowdon
|
|t:|1779694042
|switch|p2a: Samurott|Samurott-Hisui, F|100/100|[from] U-turn
|move|p1a: Hippowdon|Stone Edge|p2a: Samurott
|-damage|p2a: Samurott|75/100
|
|-weather|Sandstorm|[upkeep]
|-damage|p2a: Samurott|69/100|[from] Sandstorm
|upkeep
|turn|3
|
|t:|1779694054
|-terastallize|p1a: Hippowdon|Water
|move|p2a: Samurott|Ceaseless Edge|p1a: Hippowdon
|-damage|p1a: Hippowdon|58/100
|-damage|p2a: Samurott|52/100|[from] item: Rocky Helmet|[of] p1a: Hippowdon
|-sidestart|p1: Player UNOWN|Spikes
|move|p1a: Hippowdon|Earthquake|p2a: Samurott
|-damage|p2a: Samurott|15/100
|
|-weather|Sandstorm|[upkeep]
|-damage|p2a: Samurott|8/100|[from] Sandstorm
|-damage|p1a: Hippowdon|52/100|[from] Sandstorm
|-end|p1a: Hippowdon|move: Taunt
|upkeep
|turn|4
|
|t:|1779694068
|move|p2a: Samurott|Ceaseless Edge|p1a: Hippowdon
|-damage|p1a: Hippowdon|19/100
|-damage|p2a: Samurott|0 fnt|[from] item: Rocky Helmet|[of] p1a: Hippowdon
|faint|p2a: Samurott
|move|p1a: Hippowdon|Stealth Rock|p2: Samurott
|-sidestart|p2: Skibi67Claviclr|move: Stealth Rock
|
|-weather|Sandstorm|[upkeep]
|-damage|p1a: Hippowdon|12/100|[from] Sandstorm
|upkeep
|
|t:|1779694080
|switch|p2a: Ogerpon|Ogerpon-Wellspring, F|100/100
|-damage|p2a: Ogerpon|88/100|[from] Stealth Rock
|turn|5
|
|t:|1779694086
|move|p2a: Ogerpon|Power Whip|p1a: Hippowdon
|-supereffective|p1a: Hippowdon
|-damage|p1a: Hippowdon|0 fnt
|-damage|p2a: Ogerpon|72/100|[from] item: Rocky Helmet|[of] p1a: Hippowdon
|faint|p1a: Hippowdon
|
|-weather|none
|upkeep
|
|t:|1779694094
|switch|p1a: Magnezone|Magnezone|100/100
|-damage|p1a: Magnezone|88/100|[from] Spikes
|turn|6
|
|t:|1779694105
|switch|p2a: Landorus|Landorus-Therian, M|84/100
|-damage|p2a: Landorus|72/100|[from] Stealth Rock
|-ability|p2a: Landorus|Intimidate|boost
|-unboost|p1a: Magnezone|atk|1
|move|p1a: Magnezone|Thunder Wave|p2a: Landorus
|-immune|p2a: Landorus
|
|upkeep
|turn|7
|
|t:|1779694115
|switch|p1a: Flygon|Flygon, F|100/100
|move|p2a: Landorus|Stealth Rock|p1a: Flygon
|-sidestart|p1: Player UNOWN|move: Stealth Rock
|
|upkeep
|turn|8
|
|t:|1779694121
|move|p2a: Landorus|Taunt|p1a: Flygon
|-start|p1a: Flygon|move: Taunt
|cant|p1a: Flygon|move: Taunt|Dragon Dance
|
|upkeep
|turn|9
|
|t:|1779694129
|move|p2a: Landorus|U-turn|p1a: Flygon
|-damage|p1a: Flygon|74/100
|
|t:|1779694132
|switch|p2a: Ninetales|Ninetales-Alola, F|100/100|[from] U-turn
|-damage|p2a: Ninetales|76/100|[from] Stealth Rock
|-weather|Snowscape|[from] ability: Snow Warning|[of] p2a: Ninetales
|move|p1a: Flygon|Stone Edge|p2a: Ninetales
|-supereffective|p2a: Ninetales
|-damage|p2a: Ninetales|19/100
|
|-weather|Snowscape|[upkeep]
|upkeep
|turn|10
|
|t:|1779694154
|switch|p1a: Empoleon|Empoleon, M|100/100
|-damage|p1a: Empoleon|88/100|[from] Spikes
|-damage|p1a: Empoleon|82/100|[from] Stealth Rock
|move|p2a: Ninetales|Aurora Veil|p2a: Ninetales
|-sidestart|p2: Skibi67Claviclr|move: Aurora Veil
|
|-weather|Snowscape|[upkeep]
|upkeep
|turn|11
|
|t:|1779694164
|move|p2a: Ninetales|Freeze-Dry|p1a: Empoleon
|-damage|p1a: Empoleon|61/100
|move|p1a: Empoleon|Surf|p2a: Ninetales
|-damage|p2a: Ninetales|0 fnt
|faint|p2a: Ninetales
|
|-weather|Snowscape|[upkeep]
|upkeep
|
|t:|1779694173
|switch|p2a: Zamazenta|Zamazenta|100/100
|-damage|p2a: Zamazenta|94/100|[from] Stealth Rock
|-ability|p2a: Zamazenta|Dauntless Shield|boost
|-boost|p2a: Zamazenta|def|1
|turn|12
|
|t:|1779694179
|move|p2a: Zamazenta|Body Press|p1a: Empoleon
|-supereffective|p1a: Empoleon
|-damage|p1a: Empoleon|0 fnt
|-damage|p2a: Zamazenta|78/100|[from] item: Rocky Helmet|[of] p1a: Empoleon
|faint|p1a: Empoleon
|
|-weather|Snowscape|[upkeep]
|-heal|p2a: Zamazenta|84/100|[from] item: Leftovers
|upkeep
|
|t:|1779694188
|switch|p1a: Magnezone|Magnezone|88/100
|-damage|p1a: Magnezone|76/100|[from] Spikes
|-damage|p1a: Magnezone|70/100|[from] Stealth Rock
|turn|13
|
|t:|1779694195
|move|p1a: Magnezone|Explosion|p2a: Zamazenta
|-crit|p2a: Zamazenta
|-damage|p2a: Zamazenta|35/100
|faint|p1a: Magnezone
|move|p2a: Zamazenta|Roar|p1: Magnezone|[notarget]
|-fail|p2a: Zamazenta
|
|-weather|none
|-heal|p2a: Zamazenta|41/100|[from] item: Leftovers
|upkeep
|
|t:|1779694206
|switch|p1a: Tyranitar|Tyranitar, M|100/100
|-damage|p1a: Tyranitar|88/100|[from] Spikes
|-damage|p1a: Tyranitar|76/100|[from] Stealth Rock
|-weather|Sandstorm|[from] ability: Sand Stream|[of] p1a: Tyranitar
|turn|14
|
|t:|1779694215
|move|p1a: Tyranitar|Earthquake|p2a: Zamazenta
|-damage|p2a: Zamazenta|32/100
|move|p2a: Zamazenta|Roar|p1a: Tyranitar
|drag|p1a: Scizor|Scizor, M|100/100
|-damage|p1a: Scizor|88/100|[from] Spikes
|-damage|p1a: Scizor|76/100|[from] Stealth Rock
|
|-weather|Sandstorm|[upkeep]
|-damage|p2a: Zamazenta|26/100|[from] Sandstorm
|-heal|p2a: Zamazenta|32/100|[from] item: Leftovers
|upkeep
|turn|15
|
|t:|1779694229
|switch|p2a: Landorus|Landorus-Therian, M|72/100
|-damage|p2a: Landorus|59/100|[from] Stealth Rock
|-ability|p2a: Landorus|Intimidate|boost
|-unboost|p1a: Scizor|atk|1
|move|p1a: Scizor|Bullet Punch|p2a: Landorus
|-damage|p2a: Landorus|49/100
|-damage|p1a: Scizor|59/100|[from] item: Rocky Helmet|[of] p2a: Landorus
|
|-weather|Sandstorm|[upkeep]
|upkeep
|turn|16
|
|t:|1779694243
|move|p2a: Landorus|Taunt|p1a: Scizor
|-start|p1a: Scizor|move: Taunt
|move|p1a: Scizor|Knock Off|p2a: Landorus
|-damage|p2a: Landorus|38/100
|-damage|p1a: Scizor|42/100|[from] item: Rocky Helmet|[of] p2a: Landorus
|-enditem|p2a: Landorus|Rocky Helmet|[from] move: Knock Off|[of] p1a: Scizor
|
|-weather|Sandstorm|[upkeep]
|upkeep
|turn|17
|
|t:|1779694253
|move|p1a: Scizor|Bullet Punch|p2a: Landorus
|-damage|p2a: Landorus|29/100
|move|p2a: Landorus|Earth Power|p1a: Scizor
|-damage|p1a: Scizor|0 fnt
|faint|p1a: Scizor
|
|-weather|Sandstorm|[upkeep]
|-sideend|p2: Skibi67Claviclr|move: Aurora Veil
|upkeep
|
|t:|1779694263
|switch|p1a: Flygon|Flygon, F|74/100
|-damage|p1a: Flygon|68/100|[from] Stealth Rock
|turn|18
|
|t:|1779694269
|move|p2a: Landorus|Taunt|p1a: Flygon
|-start|p1a: Flygon|move: Taunt
|move|p1a: Flygon|Stone Edge|p2a: Landorus|[miss]
|-miss|p1a: Flygon|p2a: Landorus
|
|-weather|none
|upkeep
|turn|19
|
|t:|1779694276
|move|p2a: Landorus|U-turn|p1a: Flygon
|-damage|p1a: Flygon|42/100
|
|t:|1779694280
|switch|p2a: Zamazenta|Zamazenta|32/100|[from] U-turn
|-damage|p2a: Zamazenta|26/100|[from] Stealth Rock
|move|p1a: Flygon|Stone Edge|p2a: Zamazenta|[miss]
|-miss|p1a: Flygon|p2a: Zamazenta
|
|-heal|p2a: Zamazenta|32/100|[from] item: Leftovers
|upkeep
|turn|20
|
|t:|1779694290
|move|p1a: Flygon|Earthquake|p2a: Zamazenta
|-damage|p2a: Zamazenta|0 fnt
|faint|p2a: Zamazenta
|
|-end|p1a: Flygon|move: Taunt
|upkeep
|
|t:|1779694296
|switch|p2a: Oricorio|Oricorio-Sensu, M|100/100
|-damage|p2a: Oricorio|76/100|[from] Stealth Rock
|turn|21
|
|t:|1779694301
|-terastallize|p2a: Oricorio|Ground
|move|p1a: Flygon|Dragon Dance|p1a: Flygon
|-boost|p1a: Flygon|atk|1
|-boost|p1a: Flygon|spe|1
|-activate|p2a: Oricorio|ability: Dancer
|move|p2a: Oricorio|Dragon Dance|p2a: Oricorio|[from] ability: Dancer
|-boost|p2a: Oricorio|atk|1
|-boost|p2a: Oricorio|spe|1
|move|p2a: Oricorio|Quiver Dance|p2a: Oricorio
|-boost|p2a: Oricorio|spa|1
|-boost|p2a: Oricorio|spd|1
|-boost|p2a: Oricorio|spe|1
|
|upkeep
|turn|22
|
|t:|1779694316
|move|p2a: Oricorio|Alluring Voice|p1a: Flygon
|-supereffective|p1a: Flygon
|-damage|p1a: Flygon|0 fnt
|faint|p1a: Flygon
|
|upkeep
|
|t:|1779694321
|switch|p1a: Tyranitar|Tyranitar, M|76/100
|-damage|p1a: Tyranitar|64/100|[from] Spikes
|-damage|p1a: Tyranitar|51/100|[from] Stealth Rock
|-weather|Sandstorm|[from] ability: Sand Stream|[of] p1a: Tyranitar
|turn|23
|
|t:|1779694329
|move|p2a: Oricorio|Revelation Dance|p1a: Tyranitar
|-supereffective|p1a: Tyranitar
|-damage|p1a: Tyranitar|0 fnt
|faint|p1a: Tyranitar
|
|win|Skibi67Claviclr
|raw|Player UNOWN's rating: 1080 &rarr; <strong>1057</strong><br />(-23 for losing)
|raw|Skibi67Claviclr's rating: 1068 &rarr; <strong>1099</strong><br />(+31 for winning)
|l|☆Player UNOWN
|player|p1|
|l|☆Skibi67Claviclr
|player|p2|
