|j|☆Speedrunit9
|j|☆Eaaarth123
|t:|1779600495
|gametype|singles
|player|p1|Speedrunit9|265|1114
|player|p2|Eaaarth123|lucas|1073
|gen|9
|tier|[Gen 9] OU
|rated|
|rule|HP Percentage Mod: HP is shown in percentages
|rule|Endless Battle Clause: Forcing endless battles is banned
|rule|Species Clause: Limit one of each Pokémon
|rule|OHKO Clause: OHKO moves are banned
|rule|Evasion Items Clause: Evasion items are banned
|rule|Evasion Moves Clause: Evasion moves are banned
|rule|Evasion Abilities Clause: Evasion abilities are banned
|rule|Sleep Moves Clause: Sleep-inducing moves are banned
|clearpoke
|poke|p1|Quaquaval, M|
|poke|p1|Meowscarada, F|
|poke|p1|Pecharunt|
|poke|p1|Dragonite, M|
|poke|p1|Arcanine-Hisui, M|
|poke|p1|Great Tusk|
|poke|p2|Skeledirge, M|
|poke|p2|Kingambit, M|
|poke|p2|Hippowdon, M|
|poke|p2|Ogerpon-Wellspring, F|
|poke|p2|Iron Moth|
|poke|p2|Jolteon, M|
|teampreview
|
|t:|1779600499
|teamsize|p1|6
|teamsize|p2|6
|start
|switch|p1a: Arcanine|Arcanine-Hisui, M|100/100
|switch|p2a: Hippowdon|Hippowdon, M|100/100
|-weather|Sandstorm|[from] ability: Sand Stream|[of] p2a: Hippowdon
|turn|1
|inactive|Battle timer is ON: inactive players will automatically lose when time's up. (requested by Speedrunit9)
|
|t:|1779600506
|move|p1a: Arcanine|Flare Blitz|p2a: Hippowdon
|-damage|p2a: Hippowdon|57/100
|move|p2a: Hippowdon|Stealth Rock|p1a: Arcanine
|-sidestart|p1: Speedrunit9|move: Stealth Rock
|
|-weather|Sandstorm|[upkeep]
|-heal|p2a: Hippowdon|64/100|[from] item: Leftovers
|upkeep
|turn|2
|
|t:|1779600515
|switch|p1a: Quaquaval|Quaquaval, M|100/100
|-damage|p1a: Quaquaval|94/100|[from] Stealth Rock
|move|p2a: Hippowdon|Earthquake|p1a: Quaquaval
|-damage|p1a: Quaquaval|46/100
|
|-weather|Sandstorm|[upkeep]
|-damage|p1a: Quaquaval|40/100|[from] Sandstorm
|-heal|p2a: Hippowdon|70/100|[from] item: Leftovers
|upkeep
|turn|3
|
|t:|1779600525
|move|p1a: Quaquaval|Aqua Step|p2a: Hippowdon
|-supereffective|p2a: Hippowdon
|-damage|p2a: Hippowdon|12/100
|-boost|p1a: Quaquaval|spe|1
|-damage|p1a: Quaquaval|30/100|[from] item: Life Orb
|move|p2a: Hippowdon|Earthquake|p1a: Quaquaval
|-damage|p1a: Quaquaval|0 fnt
|faint|p1a: Quaquaval
|
|-weather|Sandstorm|[upkeep]
|-heal|p2a: Hippowdon|18/100|[from] item: Leftovers
|upkeep
|
|t:|1779600535
|switch|p1a: Dragonite|Dragonite, M|100/100
|-damage|p1a: Dragonite|76/100|[from] Stealth Rock
|turn|4
|
|t:|1779600539
|move|p1a: Dragonite|Extreme Speed|p2a: Hippowdon
|-damage|p2a: Hippowdon|0 fnt
|faint|p2a: Hippowdon
|-damage|p1a: Dragonite|66/100|[from] item: Life Orb
|
|-weather|Sandstorm|[upkeep]
|-damage|p1a: Dragonite|60/100|[from] Sandstorm
|upkeep
|
|t:|1779600565
|switch|p2a: Iron Moth|Iron Moth|100/100
|-enditem|p2a: Iron Moth|Booster Energy
|-activate|p2a: Iron Moth|ability: Quark Drive|[fromitem]
|-start|p2a: Iron Moth|quarkdrivespa
|turn|5
|
|t:|1779600573
|move|p2a: Iron Moth|Dazzling Gleam|p1a: Dragonite
|-supereffective|p1a: Dragonite
|-damage|p1a: Dragonite|0 fnt
|faint|p1a: Dragonite
|
|-weather|none
|upkeep
|
|t:|1779600580
|switch|p1a: Great Tusk|Great Tusk|100/100
|-damage|p1a: Great Tusk|98/100|[from] Stealth Rock
|-enditem|p1a: Great Tusk|Booster Energy
|-activate|p1a: Great Tusk|ability: Protosynthesis|[fromitem]
|-start|p1a: Great Tusk|protosynthesisatk
|turn|6
|
|t:|1779600595
|move|p2a: Iron Moth|Fiery Dance|p1a: Great Tusk
|-damage|p1a: Great Tusk|13/100
|move|p1a: Great Tusk|Rapid Spin|p2a: Iron Moth
|-damage|p2a: Iron Moth|61/100
|-boost|p1a: Great Tusk|spe|1
|-sideend|p1: Speedrunit9|Stealth Rock|[from] move: Rapid Spin|[of] p1a: Great Tusk
|
|upkeep
|turn|7
|
|t:|1779600603
|move|p1a: Great Tusk|Headlong Rush|p2a: Iron Moth
|-supereffective|p2a: Iron Moth
|-damage|p2a: Iron Moth|0 fnt
|-unboost|p1a: Great Tusk|def|1
|-unboost|p1a: Great Tusk|spd|1
|faint|p2a: Iron Moth
|-end|p2a: Iron Moth|Quark Drive|[silent]
|
|upkeep
|
|t:|1779600618
|switch|p2a: Jolteon|Jolteon, M|100/100
|turn|8
|
|t:|1779600624
|move|p1a: Great Tusk|Headlong Rush|p2a: Jolteon
|-supereffective|p2a: Jolteon
|-damage|p2a: Jolteon|0 fnt
|-unboost|p1a: Great Tusk|def|1
|-unboost|p1a: Great Tusk|spd|1
|faint|p2a: Jolteon
|
|upkeep
|
|t:|1779600633
|switch|p2a: Kingambit|Kingambit, M|100/100
|-activate|p2a: Kingambit|ability: Supreme Overlord
|-start|p2a: Kingambit|fallen3|[silent]
|-item|p2a: Kingambit|Air Balloon
|turn|9
|
|t:|1779600639
|move|p2a: Kingambit|Sucker Punch|p1a: Great Tusk
|-resisted|p1a: Great Tusk
|-damage|p1a: Great Tusk|0 fnt
|faint|p1a: Great Tusk
|-end|p1a: Great Tusk|Protosynthesis|[silent]
|
|upkeep
|
|t:|1779600645
|switch|p1a: Pecharunt|Pecharunt|100/100
|turn|10
|
|t:|1779600660
|switch|p1a: Arcanine|Arcanine-Hisui, M|100/100
|move|p2a: Kingambit|Sucker Punch||[still]
|-fail|p2a: Kingambit
|
|upkeep
|turn|11
|
|t:|1779600667
|-end|p2a: Kingambit|fallen3|[silent]
|switch|p2a: Skeledirge|Skeledirge, M|100/100
|-terastallize|p1a: Arcanine|Fire
|move|p1a: Arcanine|Flare Blitz|p2a: Skeledirge
|-resisted|p2a: Skeledirge
|-damage|p2a: Skeledirge|52/100
|
|upkeep
|turn|12
|
|t:|1779600676
|switch|p1a: Pecharunt|Pecharunt|100/100
|move|p2a: Skeledirge|Earth Power|p1a: Pecharunt
|-supereffective|p1a: Pecharunt
|-damage|p1a: Pecharunt|36/100
|
|-heal|p1a: Pecharunt|42/100|[from] item: Black Sludge
|upkeep
|turn|13
|
|t:|1779600687
|move|p1a: Pecharunt|Hex|p2a: Skeledirge
|-supereffective|p2a: Skeledirge
|-damage|p2a: Skeledirge|0 fnt
|faint|p2a: Skeledirge
|
|-heal|p1a: Pecharunt|48/100|[from] item: Black Sludge
|upkeep
|
|t:|1779600693
|switch|p2a: Ogerpon|Ogerpon-Wellspring, F|100/100
|turn|14
|
|t:|1779600700
|switch|p1a: Meowscarada|Meowscarada, F|100/100
|move|p2a: Ogerpon|Ivy Cudgel|p1a: Meowscarada|[anim] Ivy Cudgel Water
|-resisted|p1a: Meowscarada
|-crit|p1a: Meowscarada
|-damage|p1a: Meowscarada|25/100
|
|upkeep
|turn|15
|
|t:|1779600710
|move|p1a: Meowscarada|Triple Axel|p2a: Ogerpon
|-start|p1a: Meowscarada|typechange|Ice|[from] ability: Protean
|-damage|p2a: Ogerpon|84/100
|-damage|p2a: Ogerpon|52/100
|-damage|p2a: Ogerpon|8/100
|-hitcount|p2a: Ogerpon|3
|-damage|p1a: Meowscarada|16/100|[from] item: Life Orb
|move|p2a: Ogerpon|Ivy Cudgel|p1a: Meowscarada|[anim] Ivy Cudgel Water
|-damage|p1a: Meowscarada|0 fnt
|faint|p1a: Meowscarada
|
|upkeep
|
|t:|1779600723
|switch|p1a: Arcanine|Arcanine-Hisui, M, tera:Fire|100/100
|turn|16
|
|t:|1779600728
|move|p2a: Ogerpon|Ivy Cudgel|p1a: Arcanine|[anim] Ivy Cudgel Water
|-supereffective|p1a: Arcanine
|-damage|p1a: Arcanine|0 fnt
|faint|p1a: Arcanine
|
|upkeep
|
|t:|1779600731
|switch|p1a: Pecharunt|Pecharunt|48/100
|turn|17
|
|t:|1779600734
|move|p2a: Ogerpon|Ivy Cudgel|p1a: Pecharunt|[anim] Ivy Cudgel Water
|-damage|p1a: Pecharunt|13/100
|move|p1a: Pecharunt|Malignant Chain|p2a: Ogerpon
|-supereffective|p2a: Ogerpon
|-crit|p2a: Ogerpon
|-damage|p2a: Ogerpon|0 fnt
|faint|p2a: Ogerpon
|
|-heal|p1a: Pecharunt|19/100|[from] item: Black Sludge
|upkeep
|
|t:|1779600743
|switch|p2a: Kingambit|Kingambit, M|100/100
|-activate|p2a: Kingambit|ability: Supreme Overlord
|-start|p2a: Kingambit|fallen5|[silent]
|-item|p2a: Kingambit|Air Balloon
|turn|18
|
|t:|1779600749
|move|p2a: Kingambit|Sucker Punch||[still]
|-fail|p2a: Kingambit
|move|p1a: Pecharunt|Recover|p1a: Pecharunt
|-heal|p1a: Pecharunt|69/100
|
|-heal|p1a: Pecharunt|75/100|[from] item: Black Sludge
|upkeep
|turn|19
|
|t:|1779600759
|move|p2a: Kingambit|Sucker Punch||[still]
|-fail|p2a: Kingambit
|move|p1a: Pecharunt|Recover|p1a: Pecharunt
|-heal|p1a: Pecharunt|100/100
|
|upkeep
|turn|20
|
|t:|1779600764
|move|p2a: Kingambit|Sucker Punch||[still]
|-fail|p2a: Kingambit
|move|p1a: Pecharunt|Nasty Plot|p1a: Pecharunt
|-boost|p1a: Pecharunt|spa|2
|
|upkeep
|turn|21
|
|t:|1779600778
|move|p1a: Pecharunt|Nasty Plot|p1a: Pecharunt
|-boost|p1a: Pecharunt|spa|2
|move|p2a: Kingambit|Kowtow Cleave|p1a: Pecharunt
|-supereffective|p1a: Pecharunt
|-damage|p1a: Pecharunt|7/100
|
|-heal|p1a: Pecharunt|13/100|[from] item: Black Sludge
|upkeep
|turn|22
|
|t:|1779600787
|move|p1a: Pecharunt|Hex|p2a: Kingambit
|-resisted|p2a: Kingambit
|-damage|p2a: Kingambit|62/100
|-enditem|p2a: Kingambit|Air Balloon
|move|p2a: Kingambit|Kowtow Cleave|p1a: Pecharunt
|-supereffective|p1a: Pecharunt
|-damage|p1a: Pecharunt|0 fnt
|faint|p1a: Pecharunt
|
|win|Eaaarth123
|raw|Speedrunit9's rating: 1114 &rarr; <strong>1086</strong><br />(-28 for losing)
|raw|Eaaarth123's rating: 1073 &rarr; <strong>1105</strong><br />(+32 for winning)
|l|☆Speedrunit9
|player|p1|
|l|☆Eaaarth123
|player|p2|
