|j|☆tejgr8forev29
|j|☆blah0blah1blah2
|t:|1779720043
|gametype|singles
|player|p1|tejgr8forev29|lance|1467
|player|p2|blah0blah1blah2|1|1470
|gen|9
|tier|[Gen 9] OU
|rated|
|rule|HP Percentage Mod: HP is shown in percentages
|rule|Endless Battle Clause: Forcing endless battles is banned
|rule|Species Clause: Limit one of each Pokémon
|rule|OHKO Clause: OHKO moves are banned
|rule|Evasion Items Clause: Evasion items are banned
|rule|Evasion Moves Clause: Evasion moves are banned
|rule|Evasion Abilities Clause: Evasion abilities are banned
|rule|Sleep Moves Clause: Sleep-inducing moves are banned
|clearpoke
|poke|p1|Dragapult, M|
|poke|p1|Pecharunt|
|poke|p1|Ogerpon-Wellspring, F|
|poke|p1|Iron Treads|
|poke|p1|Zamazenta-*|
|poke|p1|Kingambit, F|
|poke|p2|Regidrago|
|poke|p2|Regieleki|
|poke|p2|Iron Treads|
|poke|p2|Primarina, F|
|poke|p2|Dragonite, M|
|poke|p2|Azelf|
|teampreview
|inactive|Battle timer is ON: inactive players will automatically lose when time's up. (requested by blah0blah1blah2)
|
|t:|1779720068
|teamsize|p1|6
|teamsize|p2|6
|start
|switch|p1a: Iron Treads|Iron Treads|100/100
|switch|p2a: Regieleki|Regieleki|100/100
|-item|p1a: Iron Treads|Air Balloon
|turn|1
|
|t:|1779720079
|switch|p2a: Azelf|Azelf|100/100
|move|p1a: Iron Treads|Knock Off|p2a: Azelf
|-supereffective|p2a: Azelf
|-damage|p2a: Azelf|15/100
|-enditem|p2a: Azelf|Ring Target|[from] move: Knock Off|[of] p1a: Iron Treads
|
|upkeep
|turn|2
|
|t:|1779720093
|move|p2a: Azelf|Psychic|p1a: Iron Treads
|-resisted|p1a: Iron Treads
|-damage|p1a: Iron Treads|68/100
|-enditem|p1a: Iron Treads|Air Balloon
|move|p1a: Iron Treads|Knock Off|p2a: Azelf
|-supereffective|p2a: Azelf
|-damage|p2a: Azelf|0 fnt
|faint|p2a: Azelf
|
|upkeep
|
|t:|1779720104
|switch|p2a: Regidrago|Regidrago|100/100
|turn|3
|
|t:|1779720113
|-end|p1a: Iron Treads|Quark Drive|[silent]
|switch|p1a: Kingambit|Kingambit, F|100/100
|-terastallize|p2a: Regidrago|Dragon
|move|p2a: Regidrago|Dragon Energy|p1a: Kingambit
|-resisted|p1a: Kingambit
|-damage|p1a: Kingambit|40/100
|
|-heal|p1a: Kingambit|47/100|[from] item: Leftovers
|upkeep
|turn|4
|
|t:|1779720123
|switch|p2a: Iron Treads|Iron Treads|100/100
|move|p1a: Kingambit|Sucker Punch||[still]
|-fail|p1a: Kingambit
|
|-heal|p1a: Kingambit|53/100|[from] item: Leftovers
|upkeep
|turn|5
|
|t:|1779720133
|-end|p1a: Kingambit|fallenundefined|[silent]
|switch|p1a: Ogerpon|Ogerpon-Wellspring, F|100/100
|move|p2a: Iron Treads|Stealth Rock|p1a: Ogerpon
|-sidestart|p1: tejgr8forev29|move: Stealth Rock
|
|upkeep
|turn|6
|
|t:|1779720143
|-end|p2a: Iron Treads|Quark Drive|[silent]
|switch|p2a: Dragonite|Dragonite, M|100/100
|move|p1a: Ogerpon|Ivy Cudgel|p2a: Dragonite|[anim] Ivy Cudgel Water
|-resisted|p2a: Dragonite
|-damage|p2a: Dragonite|85/100
|
|upkeep
|turn|7
|
|t:|1779720158
|switch|p1a: Zamazenta|Zamazenta|100/100
|-damage|p1a: Zamazenta|94/100|[from] Stealth Rock
|-ability|p1a: Zamazenta|Dauntless Shield|boost
|-boost|p1a: Zamazenta|def|1
|move|p2a: Dragonite|Dragon Dance|p2a: Dragonite
|-boost|p2a: Dragonite|atk|1
|-boost|p2a: Dragonite|spe|1
|
|upkeep
|turn|8
|
|t:|1779720176
|switch|p2a: Primarina|Primarina, F|100/100
|move|p1a: Zamazenta|Reflect|p1a: Zamazenta
|-sidestart|p1: tejgr8forev29|Reflect
|
|upkeep
|turn|9
|
|t:|1779720190
|switch|p1a: Pecharunt|Pecharunt|100/100
|-damage|p1a: Pecharunt|88/100|[from] Stealth Rock
|move|p2a: Primarina|Moonblast|p1a: Pecharunt
|-resisted|p1a: Pecharunt
|-damage|p1a: Pecharunt|63/100
|
|-heal|p1a: Pecharunt|69/100|[from] item: Leftovers
|upkeep
|turn|10
|
|t:|1779720199
|switch|p1a: Iron Treads|Iron Treads|68/100
|-damage|p1a: Iron Treads|65/100|[from] Stealth Rock
|move|p2a: Primarina|Psychic Noise|p1a: Iron Treads
|-resisted|p1a: Iron Treads
|-damage|p1a: Iron Treads|43/100
|-start|p1a: Iron Treads|move: Heal Block
|
|upkeep
|turn|11
|
|t:|1779720209
|move|p1a: Iron Treads|Rapid Spin|p2a: Primarina
|-damage|p2a: Primarina|80/100
|-boost|p1a: Iron Treads|spe|1
|-sideend|p1: tejgr8forev29|Stealth Rock|[from] move: Rapid Spin|[of] p1a: Iron Treads
|move|p2a: Primarina|Surf|p1a: Iron Treads
|-supereffective|p1a: Iron Treads
|-damage|p1a: Iron Treads|0 fnt
|faint|p1a: Iron Treads
|-end|p1a: Iron Treads|Quark Drive|[silent]
|
|upkeep
|
|t:|1779720225
|switch|p1a: Ogerpon|Ogerpon-Wellspring, F|100/100
|turn|12
|
|t:|1779720231
|switch|p2a: Dragonite|Dragonite, M|85/100
|move|p1a: Ogerpon|Substitute|p1a: Ogerpon
|-start|p1a: Ogerpon|Substitute
|-damage|p1a: Ogerpon|76/100
|
|upkeep
|turn|13
|
|t:|1779720239
|move|p1a: Ogerpon|Swords Dance|p1a: Ogerpon
|-boost|p1a: Ogerpon|atk|2
|move|p2a: Dragonite|Dragon Dance|p2a: Dragonite
|-boost|p2a: Dragonite|atk|1
|-boost|p2a: Dragonite|spe|1
|
|upkeep
|turn|14
|
|t:|1779720248
|-terastallize|p1a: Ogerpon|Water
|detailschange|p1a: Ogerpon|Ogerpon-Wellspring-Tera, F, tera:Water
|-ability|p1a: Ogerpon|Embody Aspect (Wellspring)|boost
|-boost|p1a: Ogerpon|spd|1
|move|p2a: Dragonite|Roost|p2a: Dragonite
|-heal|p2a: Dragonite|100/100
|-singleturn|p2a: Dragonite|move: Roost
|move|p1a: Ogerpon|Ivy Cudgel|p2a: Dragonite|[anim] Ivy Cudgel Water
|-resisted|p2a: Dragonite
|-damage|p2a: Dragonite|57/100
|
|upkeep
|turn|15
|
|t:|1779720259
|move|p2a: Dragonite|Roost|p2a: Dragonite
|-heal|p2a: Dragonite|100/100
|-singleturn|p2a: Dragonite|move: Roost
|move|p1a: Ogerpon|Swords Dance|p1a: Ogerpon
|-boost|p1a: Ogerpon|atk|2
|
|-sideend|p1: tejgr8forev29|Reflect
|upkeep
|turn|16
|
|t:|1779720267
|move|p2a: Dragonite|Extreme Speed|p1a: Ogerpon
|-crit|p1a: Ogerpon
|-end|p1a: Ogerpon|Substitute
|move|p1a: Ogerpon|Ivy Cudgel|p2a: Dragonite|[anim] Ivy Cudgel Water
|-resisted|p2a: Dragonite
|-damage|p2a: Dragonite|38/100
|
|upkeep
|turn|17
|
|t:|1779720276
|move|p2a: Dragonite|Earthquake|p1a: Ogerpon
|-damage|p1a: Ogerpon|0 fnt
|faint|p1a: Ogerpon
|detailschange|p1: Ogerpon|Ogerpon-Wellspring, F|[silent]
|
|upkeep
|
|t:|1779720290
|switch|p1a: Dragapult|Dragapult, M|100/100
|turn|18
|
|t:|1779720302
|move|p2a: Dragonite|Earthquake|p1a: Dragapult
|-damage|p1a: Dragapult|34/100
|move|p1a: Dragapult|Dragon Darts|p2a: Dragonite
|-supereffective|p2a: Dragonite
|-damage|p2a: Dragonite|0 fnt
|faint|p2a: Dragonite
|
|-heal|p1a: Dragapult|40/100|[from] item: Leftovers
|upkeep
|
|t:|1779720310
|switch|p2a: Regidrago|Regidrago, tera:Dragon|100/100
|turn|19
|
|t:|1779720316
|switch|p1a: Pecharunt|Pecharunt|69/100
|move|p2a: Regidrago|Dragon Energy|p1a: Pecharunt
|-damage|p1a: Pecharunt|0 fnt
|faint|p1a: Pecharunt
|
|upkeep
|
|t:|1779720324
|switch|p1a: Kingambit|Kingambit, F|53/100
|-activate|p1a: Kingambit|ability: Supreme Overlord
|-start|p1a: Kingambit|fallen3|[silent]
|turn|20
|
|t:|1779720329
|switch|p2a: Iron Treads|Iron Treads|100/100
|move|p1a: Kingambit|Iron Head|p2a: Iron Treads
|-resisted|p2a: Iron Treads
|-damage|p2a: Iron Treads|78/100
|-damage|p1a: Kingambit|36/100|[from] item: Rocky Helmet|[of] p2a: Iron Treads
|
|-heal|p1a: Kingambit|42/100|[from] item: Leftovers
|upkeep
|turn|21
|
|t:|1779720345
|-end|p1a: Kingambit|fallen3|[silent]
|switch|p1a: Zamazenta|Zamazenta|94/100
|move|p2a: Iron Treads|Knock Off|p1a: Zamazenta
|-resisted|p1a: Zamazenta
|-damage|p1a: Zamazenta|85/100
|-enditem|p1a: Zamazenta|Light Clay|[from] move: Knock Off|[of] p2a: Iron Treads
|
|upkeep
|turn|22
|
|t:|1779720354
|move|p1a: Zamazenta|Light Screen|p1a: Zamazenta
|-sidestart|p1: tejgr8forev29|move: Light Screen
|move|p2a: Iron Treads|Stealth Rock|p1a: Zamazenta
|-sidestart|p1: tejgr8forev29|move: Stealth Rock
|
|upkeep
|turn|23
|
|t:|1779720360
|move|p2a: Iron Treads|Earthquake|p1a: Zamazenta
|-damage|p1a: Zamazenta|53/100
|move|p1a: Zamazenta|Roar|p2a: Iron Treads
|-end|p2a: Iron Treads|Quark Drive|[silent]
|drag|p2a: Primarina|Primarina, F|80/100
|
|upkeep
|turn|24
|
|t:|1779720367
|move|p1a: Zamazenta|Close Combat|p2a: Primarina
|-resisted|p2a: Primarina
|-damage|p2a: Primarina|50/100
|-unboost|p1a: Zamazenta|def|1
|-unboost|p1a: Zamazenta|spd|1
|move|p2a: Primarina|Moonblast|p1a: Zamazenta
|-supereffective|p1a: Zamazenta
|-damage|p1a: Zamazenta|0 fnt
|faint|p1a: Zamazenta
|
|upkeep
|
|t:|1779720377
|switch|p1a: Kingambit|Kingambit, F|42/100
|-damage|p1a: Kingambit|36/100|[from] Stealth Rock
|-activate|p1a: Kingambit|ability: Supreme Overlord
|-start|p1a: Kingambit|fallen4|[silent]
|turn|25
|
|t:|1779720389
|move|p2a: Primarina|Moonblast|p1a: Kingambit
|-damage|p1a: Kingambit|9/100
|move|p1a: Kingambit|Iron Head|p2a: Primarina
|-damage|p2a: Primarina|0 fnt
|faint|p2a: Primarina
|
|-heal|p1a: Kingambit|16/100|[from] item: Leftovers
|upkeep
|
|t:|1779720397
|switch|p2a: Iron Treads|Iron Treads|78/100
|turn|26
|
|t:|1779720402
|move|p1a: Kingambit|Sucker Punch|p2a: Iron Treads
|-damage|p2a: Iron Treads|35/100
|-damage|p1a: Kingambit|0 fnt|[from] item: Rocky Helmet|[of] p2a: Iron Treads
|faint|p1a: Kingambit
|-end|p1a: Kingambit|fallen4|[silent]
|move|p2a: Iron Treads|Earthquake|p1: Kingambit|[notarget]
|-fail|p2a: Iron Treads
|
|-sideend|p1: tejgr8forev29|move: Light Screen
|upkeep
|
|t:|1779720409
|switch|p1a: Dragapult|Dragapult, M|40/100
|-damage|p1a: Dragapult|28/100|[from] Stealth Rock
|turn|27
|
|t:|1779720416
|move|p1a: Dragapult|Phantom Force||[still]
|-prepare|p1a: Dragapult|Phantom Force
|move|p2a: Iron Treads|Knock Off|p1a: Dragapult|[miss]
|-miss|p2a: Iron Treads|p1a: Dragapult
|
|-heal|p1a: Dragapult|34/100|[from] item: Leftovers
|upkeep
|turn|28
|
|t:|1779720421
|move|p1a: Dragapult|Phantom Force|p2a: Iron Treads|[from] lockedmove
|-damage|p2a: Iron Treads|0 fnt
|-damage|p1a: Dragapult|17/100|[from] item: Rocky Helmet|[of] p2a: Iron Treads
|faint|p2a: Iron Treads
|-end|p2a: Iron Treads|Quark Drive|[silent]
|
|-heal|p1a: Dragapult|23/100|[from] item: Leftovers
|upkeep
|
|t:|1779720426
|switch|p2a: Regieleki|Regieleki|100/100
|turn|29
|c|☆tejgr8forev29|Gg
|c|☆blah0blah1blah2|gg
|
|t:|1779720430
|move|p2a: Regieleki|Thunderbolt|p1a: Dragapult
|-resisted|p1a: Dragapult
|-damage|p1a: Dragapult|0 fnt
|faint|p1a: Dragapult
|-damage|p2a: Regieleki|91/100|[from] item: Life Orb
|
|win|blah0blah1blah2
|raw|tejgr8forev29's rating: 1467 &rarr; <strong>1447</strong><br />(-20 for losing)
|raw|blah0blah1blah2's rating: 1470 &rarr; <strong>1490</strong><br />(+20 for winning)
|l|☆tejgr8forev29
|player|p1|
|l|☆blah0blah1blah2
|player|p2|
