|j|☆AnioftheAegis
|j|☆SudorDelAn0
|t:|1779686468
|gametype|singles
|player|p1|AnioftheAegis|cyclist|1145
|player|p2|SudorDelAn0|169|1153
|gen|9
|tier|[Gen 9] OU
|rated|
|rule|HP Percentage Mod: HP is shown in percentages
|rule|Endless Battle Clause: Forcing endless battles is banned
|rule|Species Clause: Limit one of each Pokémon
|rule|OHKO Clause: OHKO moves are banned
|rule|Evasion Items Clause: Evasion items are banned
|rule|Evasion Moves Clause: Evasion moves are banned
|rule|Evasion Abilities Clause: Evasion abilities are banned
|rule|Sleep Moves Clause: Sleep-inducing moves are banned
|clearpoke
|poke|p1|Glimmora, F|
|poke|p1|Typhlosion-Hisui, M|
|poke|p1|Iron Treads|
|poke|p1|Grimmsnarl, M|
|poke|p1|Gyarados, M|
|poke|p1|Raging Bolt|
|poke|p2|Ceruledge, M|
|poke|p2|Glimmora, M|
|poke|p2|Samurott-Hisui, F|
|poke|p2|Hatterene, F|
|poke|p2|Dragonite, M|
|poke|p2|Blaziken, M|
|teampreview
|inactive|Battle timer is ON: inactive players will automatically lose when time's up. (requested by AnioftheAegis)
|
|t:|1779686476
|teamsize|p1|6
|teamsize|p2|6
|start
|switch|p1a: Rolling|Iron Treads, shiny|100/100
|switch|p2a: HentalsArt|Hatterene, F|100/100
|turn|1
|
|t:|1779686484
|-terastallize|p2a: HentalsArt|Steel
|move|p1a: Rolling|Knock Off|p2a: HentalsArt
|-crit|p2a: HentalsArt
|-damage|p2a: HentalsArt|27/100
|-enditem|p2a: HentalsArt|Leftovers|[from] move: Knock Off|[of] p1a: Rolling
|move|p2a: HentalsArt|Calm Mind|p2a: HentalsArt
|-boost|p2a: HentalsArt|spa|1
|-boost|p2a: HentalsArt|spd|1
|
|upkeep
|turn|2
|
|t:|1779686495
|move|p1a: Rolling|Earthquake|p2a: HentalsArt
|-supereffective|p2a: HentalsArt
|-damage|p2a: HentalsArt|0 fnt
|faint|p2a: HentalsArt
|
|upkeep
|
|t:|1779686502
|switch|p2a: Drogadicto|Ceruledge, M|100/100
|turn|3
|
|t:|1779686511
|move|p1a: Rolling|Earthquake|p2a: Drogadicto
|-supereffective|p2a: Drogadicto
|-enditem|p2a: Drogadicto|Focus Sash
|-damage|p2a: Drogadicto|1/100
|-ability|p2a: Drogadicto|Weak Armor|boost
|-unboost|p2a: Drogadicto|def|1
|-boost|p2a: Drogadicto|spe|2
|move|p2a: Drogadicto|Swords Dance|p2a: Drogadicto
|-boost|p2a: Drogadicto|atk|2
|
|upkeep
|turn|4
|
|t:|1779686521
|move|p2a: Drogadicto|Bitter Blade|p1a: Rolling
|-supereffective|p1a: Rolling
|-damage|p1a: Rolling|0 fnt
|-heal|p2a: Drogadicto|56/100|[from] drain|[of] p1a: Rolling
|faint|p1a: Rolling
|-end|p1a: Rolling|Quark Drive|[silent]
|
|upkeep
|
|t:|1779686529
|switch|p1a: Cool|Grimmsnarl, M, shiny|100/100
|turn|5
|
|t:|1779686534
|move|p1a: Cool|Sucker Punch|p2a: Drogadicto
|-supereffective|p2a: Drogadicto
|-damage|p2a: Drogadicto|0 fnt
|faint|p2a: Drogadicto
|
|upkeep
|
|t:|1779686540
|switch|p2a: Esta!|Glimmora, M|100/100
|turn|6
|
|t:|1779686546
|move|p1a: Cool|Parting Shot|p2a: Esta!
|-unboost|p2a: Esta!|atk|1
|-unboost|p2a: Esta!|spa|1
|
|t:|1779686555
|switch|p1a: Serpentium|Gyarados, M, shiny|100/100|[from] Parting Shot
|move|p2a: Esta!|Stealth Rock|p1a: Serpentium
|-sidestart|p1: AnioftheAegis|move: Stealth Rock
|
|upkeep
|turn|7
|
|t:|1779686561
|move|p1a: Serpentium|Dragon Dance|p1a: Serpentium
|-boost|p1a: Serpentium|atk|1
|-boost|p1a: Serpentium|spe|1
|move|p2a: Esta!|Toxic|p1a: Serpentium
|-status|p1a: Serpentium|tox
|
|-damage|p1a: Serpentium|94/100 tox|[from] psn
|upkeep
|turn|8
|
|t:|1779686570
|move|p1a: Serpentium|Earthquake|p2a: Esta!
|-supereffective|p2a: Esta!
|-crit|p2a: Esta!
|-enditem|p2a: Esta!|Focus Sash
|-damage|p2a: Esta!|1/100
|-activate|p2a: Esta!|ability: Toxic Debris
|-sidestart|p1: AnioftheAegis|move: Toxic Spikes
|move|p2a: Esta!|Power Gem|p1a: Serpentium
|-supereffective|p1a: Serpentium
|-damage|p1a: Serpentium|34/100 tox
|
|-damage|p1a: Serpentium|22/100 tox|[from] psn
|upkeep
|turn|9
|
|t:|1779686583
|move|p1a: Serpentium|Waterfall|p2a: Esta!
|-supereffective|p2a: Esta!
|-damage|p2a: Esta!|0 fnt
|-activate|p2a: Esta!|ability: Toxic Debris
|-sidestart|p1: AnioftheAegis|move: Toxic Spikes
|faint|p2a: Esta!
|-ability|p1a: Serpentium|Moxie|boost
|-boost|p1a: Serpentium|atk|1
|
|-damage|p1a: Serpentium|4/100 tox|[from] psn
|upkeep
|c|☆AnioftheAegis|2 sashes are not allowed man wtf
|
|t:|1779686593
|switch|p2a: KFC|Blaziken, M, shiny|100/100
|-item|p2a: KFC|Air Balloon
|turn|10
|
|t:|1779686598
|move|p2a: KFC|Protect|p2a: KFC
|-singleturn|p2a: KFC|Protect
|move|p1a: Serpentium|Waterfall|p2a: KFC
|-activate|p2a: KFC|move: Protect
|
|-damage|p1a: Serpentium|0 fnt|[from] psn
|faint|p1a: Serpentium
|-ability|p2a: KFC|Speed Boost|boost
|-boost|p2a: KFC|spe|1
|upkeep
|
|t:|1779686607
|switch|p1a: Alien|Glimmora, F, shiny|100/100
|-damage|p1a: Alien|88/100|[from] Stealth Rock
|-sideend|p1: AnioftheAegis|move: Toxic Spikes|[of] p1a: Alien
|turn|11
|
|t:|1779686614
|move|p2a: KFC|Swords Dance|p2a: KFC
|-boost|p2a: KFC|atk|2
|move|p1a: Alien|Mortal Spin|p2a: KFC
|-damage|p2a: KFC|93/100
|-status|p2a: KFC|psn
|-enditem|p2a: KFC|Air Balloon
|-sideend|p1: AnioftheAegis|Stealth Rock|[from] move: Mortal Spin|[of] p1a: Alien
|
|-damage|p2a: KFC|81/100 psn|[from] psn
|-ability|p2a: KFC|Speed Boost|boost
|-boost|p2a: KFC|spe|1
|upkeep
|turn|12
|
|t:|1779686631
|move|p2a: KFC|Knock Off|p1a: Alien
|-damage|p1a: Alien|29/100
|-activate|p1a: Alien|ability: Toxic Debris
|-sidestart|p2: SudorDelAn0|move: Toxic Spikes
|-enditem|p1a: Alien|Focus Sash|[from] move: Knock Off|[of] p2a: KFC
|move|p1a: Alien|Power Gem|p2a: KFC
|-damage|p2a: KFC|26/100 psn
|
|-damage|p2a: KFC|13/100 psn|[from] psn
|-ability|p2a: KFC|Speed Boost|boost
|-boost|p2a: KFC|spe|1
|upkeep
|turn|13
|
|t:|1779686644
|move|p2a: KFC|Knock Off|p1a: Alien
|-damage|p1a: Alien|0 fnt
|-activate|p1a: Alien|ability: Toxic Debris
|-sidestart|p2: SudorDelAn0|move: Toxic Spikes
|faint|p1a: Alien
|
|-damage|p2a: KFC|1/100 psn|[from] psn
|-ability|p2a: KFC|Speed Boost|boost
|-boost|p2a: KFC|spe|1
|upkeep
|
|t:|1779686653
|switch|p1a: Cool|Grimmsnarl, M, shiny|100/100
|turn|14
|
|t:|1779686658
|move|p1a: Cool|Fake Out|p2a: KFC
|-damage|p2a: KFC|0 fnt
|faint|p2a: KFC
|
|upkeep
|
|t:|1779686663
|switch|p2a: Quesobo?|Samurott-Hisui, F|100/100
|turn|15
|
|t:|1779686667
|move|p2a: Quesobo?|Swords Dance|p2a: Quesobo?
|-boost|p2a: Quesobo?|atk|2
|move|p1a: Cool|Spirit Break|p2a: Quesobo?
|-supereffective|p2a: Quesobo?
|-damage|p2a: Quesobo?|28/100
|-unboost|p2a: Quesobo?|spa|1
|
|upkeep
|turn|16
|
|t:|1779686676
|move|p2a: Quesobo?|Aqua Jet|p1a: Cool
|-damage|p1a: Cool|40/100
|move|p1a: Cool|Spirit Break|p2a: Quesobo?
|-supereffective|p2a: Quesobo?
|-damage|p2a: Quesobo?|0 fnt
|faint|p2a: Quesobo?
|
|upkeep
|
|t:|1779686685
|switch|p2a: Masturbaison|Dragonite, M, shiny|100/100
|turn|17
|
|t:|1779686689
|move|p2a: Masturbaison|Extreme Speed|p1a: Cool
|-damage|p1a: Cool|6/100
|move|p1a: Cool|Spirit Break|p2a: Masturbaison
|-supereffective|p2a: Masturbaison
|-damage|p2a: Masturbaison|18/100
|-unboost|p2a: Masturbaison|spa|1
|
|upkeep
|turn|18
|
|t:|1779686698
|move|p2a: Masturbaison|Extreme Speed|p1a: Cool
|-damage|p1a: Cool|0 fnt
|faint|p1a: Cool
|
|upkeep
|
|t:|1779686704
|switch|p1a: Moust|Raging Bolt|100/100
|-enditem|p1a: Moust|Booster Energy
|-activate|p1a: Moust|ability: Protosynthesis|[fromitem]
|-start|p1a: Moust|protosynthesisspa
|turn|19
|
|t:|1779686709
|-terastallize|p1a: Moust|Fairy
|move|p1a: Moust|Dragon Pulse|p2a: Masturbaison
|-supereffective|p2a: Masturbaison
|-damage|p2a: Masturbaison|0 fnt
|faint|p2a: Masturbaison
|
|win|AnioftheAegis
|raw|AnioftheAegis's rating: 1145 &rarr; <strong>1171</strong><br />(+26 for winning)
|raw|SudorDelAn0's rating: 1153 &rarr; <strong>1127</strong><br />(-26 for losing)
|l|☆AnioftheAegis
|player|p1|
|l|☆SudorDelAn0
|player|p2|
