|j|☆skyrim-alberto
|j|☆LUPIIT
|t:|1779642743
|gametype|singles
|player|p1|skyrim-alberto|norman|1457
|player|p2|LUPIIT|lucas|1532
|gen|9
|tier|[Gen 9] OU
|rated|
|rule|HP Percentage Mod: HP is shown in percentages
|rule|Endless Battle Clause: Forcing endless battles is banned
|rule|Species Clause: Limit one of each Pokémon
|rule|OHKO Clause: OHKO moves are banned
|rule|Evasion Items Clause: Evasion items are banned
|rule|Evasion Moves Clause: Evasion moves are banned
|rule|Evasion Abilities Clause: Evasion abilities are banned
|rule|Sleep Moves Clause: Sleep-inducing moves are banned
|clearpoke
|poke|p1|Mimikyu, M|
|poke|p1|Ursaluna, M|
|poke|p1|Indeedee-F, F|
|poke|p1|Hatterene, F|
|poke|p1|Iron Hands|
|poke|p1|Hoopa-Unbound|
|poke|p2|Smeargle, F|
|poke|p2|Glimmora, M|
|poke|p2|Zapdos|
|poke|p2|Rillaboom, F|
|poke|p2|Hydrapple, M|
|poke|p2|Skeledirge, M|
|teampreview
|inactive|Battle timer is ON: inactive players will automatically lose when time's up. (requested by LUPIIT)
|
|t:|1779642755
|teamsize|p1|6
|teamsize|p2|6
|start
|switch|p1a: Kung Fu Panda|Iron Hands|100/100
|switch|p2a: Smeargle|Smeargle, F|100/100
|turn|1
|
|t:|1779642766
|move|p2a: Smeargle|Spikes|p1a: Kung Fu Panda
|-sidestart|p1: skyrim-alberto|Spikes
|move|p1a: Kung Fu Panda|Heavy Slam|p2a: Smeargle
|-enditem|p2a: Smeargle|Focus Sash
|-damage|p2a: Smeargle|1/100
|
|upkeep
|turn|2
|
|t:|1779642779
|move|p2a: Smeargle|Burning Bulwark|p2a: Smeargle
|-singleturn|p2a: Smeargle|move: Protect
|move|p1a: Kung Fu Panda|Heavy Slam|p2a: Smeargle
|-activate|p2a: Smeargle|move: Protect
|-status|p1a: Kung Fu Panda|brn
|
|-damage|p1a: Kung Fu Panda|94/100 brn|[from] brn
|upkeep
|turn|3
|
|t:|1779642793
|switch|p2a: Rillaboom|Rillaboom, F|100/100
|-fieldstart|move: Grassy Terrain|[from] ability: Grassy Surge|[of] p2a: Rillaboom
|move|p1a: Kung Fu Panda|Close Combat|p2a: Rillaboom
|-damage|p2a: Rillaboom|63/100
|-unboost|p1a: Kung Fu Panda|def|1
|-unboost|p1a: Kung Fu Panda|spd|1
|
|-heal|p2a: Rillaboom|69/100|[from] Grassy Terrain
|-heal|p1a: Kung Fu Panda|100/100 brn|[from] Grassy Terrain
|-damage|p1a: Kung Fu Panda|94/100 brn|[from] brn
|upkeep
|turn|4
|
|t:|1779642812
|move|p2a: Rillaboom|U-turn|p1a: Kung Fu Panda
|-resisted|p1a: Kung Fu Panda
|-damage|p1a: Kung Fu Panda|84/100 brn
|
|t:|1779642815
|switch|p2a: Skeledirge|Skeledirge, M|100/100|[from] U-turn
|move|p1a: Kung Fu Panda|Close Combat|p2a: Skeledirge
|-immune|p2a: Skeledirge
|
|-heal|p1a: Kung Fu Panda|90/100 brn|[from] Grassy Terrain
|-damage|p1a: Kung Fu Panda|84/100 brn|[from] brn
|upkeep
|turn|5
|
|t:|1779642827
|move|p2a: Skeledirge|Torch Song|p1a: Kung Fu Panda
|-damage|p1a: Kung Fu Panda|50/100 brn
|-boost|p2a: Skeledirge|spa|1
|move|p1a: Kung Fu Panda|Supercell Slam|p2a: Skeledirge
|-damage|p2a: Skeledirge|68/100
|
|-heal|p2a: Skeledirge|74/100|[from] Grassy Terrain
|-heal|p1a: Kung Fu Panda|56/100 brn|[from] Grassy Terrain
|-damage|p1a: Kung Fu Panda|50/100 brn|[from] brn
|upkeep
|turn|6
|
|t:|1779642839
|-end|p1a: Kung Fu Panda|Quark Drive|[silent]
|switch|p1a: Class weirdo|Mimikyu, M|100/100
|-damage|p1a: Class weirdo|88/100|[from] Spikes
|move|p2a: Skeledirge|Torch Song|p1a: Class weirdo
|-activate|p1a: Class weirdo|ability: Disguise
|-damage|p1a: Class weirdo|88/100
|-boost|p2a: Skeledirge|spa|1
|detailschange|p1a: Class weirdo|Mimikyu-Busted, M
|-damage|p1a: Class weirdo|76/100|[from] pokemon: Mimikyu-Busted
|-enditem|p1a: Class weirdo|Red Card|[of] p2a: Skeledirge
|drag|p2a: Zapdos|Zapdos|100/100
|
|-heal|p1a: Class weirdo|82/100|[from] Grassy Terrain
|upkeep
|turn|7
|
|t:|1779642856
|move|p2a: Zapdos|Discharge|p1a: Class weirdo
|-damage|p1a: Class weirdo|47/100
|move|p1a: Class weirdo|Trick Room|p1a: Class weirdo
|-fieldstart|move: Trick Room|[of] p1a: Class weirdo
|
|-heal|p1a: Class weirdo|53/100|[from] Grassy Terrain
|upkeep
|turn|8
|
|t:|1779642876
|switch|p1a: I hit soft|Ursaluna, M|100/100
|-damage|p1a: I hit soft|88/100|[from] Spikes
|move|p2a: Zapdos|U-turn|p1a: I hit soft
|-damage|p1a: I hit soft|78/100
|
|t:|1779642879
|switch|p2a: Smeargle|Smeargle, F|1/100|[from] U-turn
|
|-heal|p1a: I hit soft|84/100|[from] Grassy Terrain
|-heal|p2a: Smeargle|7/100|[from] Grassy Terrain
|-status|p1a: I hit soft|brn|[from] item: Flame Orb
|upkeep
|turn|9
|
|t:|1779642896
|move|p2a: Smeargle|Burning Bulwark|p2a: Smeargle
|-singleturn|p2a: Smeargle|move: Protect
|move|p1a: I hit soft|Headlong Rush|p2a: Smeargle
|-activate|p2a: Smeargle|move: Protect
|
|-heal|p1a: I hit soft|90/100 brn|[from] Grassy Terrain
|-heal|p2a: Smeargle|13/100|[from] Grassy Terrain
|-damage|p1a: I hit soft|84/100 brn|[from] brn
|upkeep
|turn|10
|
|t:|1779642912
|switch|p2a: Skeledirge|Skeledirge, M|74/100
|-terastallize|p1a: I hit soft|Normal
|move|p1a: I hit soft|Facade|p2a: Skeledirge
|-immune|p2a: Skeledirge
|
|-heal|p1a: I hit soft|90/100 brn|[from] Grassy Terrain
|-heal|p2a: Skeledirge|80/100|[from] Grassy Terrain
|-damage|p1a: I hit soft|84/100 brn|[from] brn
|-fieldend|move: Grassy Terrain
|upkeep
|turn|11
|
|t:|1779642925
|switch|p2a: Rillaboom|Rillaboom, F|69/100
|-fieldstart|move: Grassy Terrain|[from] ability: Grassy Surge|[of] p2a: Rillaboom
|move|p1a: I hit soft|Facade|p2a: Rillaboom
|-damage|p2a: Rillaboom|0 fnt
|faint|p2a: Rillaboom
|
|-heal|p1a: I hit soft|90/100 brn|[from] Grassy Terrain
|-damage|p1a: I hit soft|84/100 brn|[from] brn
|-fieldend|move: Trick Room
|upkeep
|
|t:|1779642929
|switch|p2a: Glimmora|Glimmora, M|100/100
|-item|p2a: Glimmora|Air Balloon
|turn|12
|
|t:|1779642948
|move|p2a: Glimmora|Power Gem|p1a: I hit soft
|-damage|p1a: I hit soft|49/100 brn
|move|p1a: I hit soft|Facade|p2a: Glimmora
|-resisted|p2a: Glimmora
|-damage|p2a: Glimmora|1/100
|-activate|p2a: Glimmora|ability: Toxic Debris
|-sidestart|p1: skyrim-alberto|move: Toxic Spikes
|-enditem|p2a: Glimmora|Air Balloon
|
|-heal|p2a: Glimmora|7/100|[from] Grassy Terrain
|-heal|p1a: I hit soft|55/100 brn|[from] Grassy Terrain
|-damage|p1a: I hit soft|49/100 brn|[from] brn
|upkeep
|turn|13
|inactive|skyrim-alberto has 120 seconds left.
|
|t:|1779642963
|move|p2a: Glimmora|Power Gem|p1a: I hit soft
|-damage|p1a: I hit soft|10/100 brn
|move|p1a: I hit soft|Facade|p2a: Glimmora
|-resisted|p2a: Glimmora
|-damage|p2a: Glimmora|0 fnt
|-activate|p2a: Glimmora|ability: Toxic Debris
|-sidestart|p1: skyrim-alberto|move: Toxic Spikes
|faint|p2a: Glimmora
|
|-heal|p1a: I hit soft|16/100 brn|[from] Grassy Terrain
|-damage|p1a: I hit soft|10/100 brn|[from] brn
|upkeep
|
|t:|1779642967
|switch|p2a: Skeledirge|Skeledirge, M|80/100
|turn|14
|
|t:|1779642980
|move|p2a: Skeledirge|Torch Song|p1a: I hit soft
|-damage|p1a: I hit soft|0 fnt
|-boost|p2a: Skeledirge|spa|1
|faint|p1a: I hit soft
|
|-heal|p2a: Skeledirge|86/100|[from] Grassy Terrain
|upkeep
|
|t:|1779642988
|switch|p1a: Leah Gotti|Indeedee-F, F|100/100
|-damage|p1a: Leah Gotti|88/100|[from] Spikes
|-status|p1a: Leah Gotti|tox
|-fieldstart|move: Psychic Terrain|[from] ability: Psychic Surge|[of] p1a: Leah Gotti
|turn|15
|
|t:|1779642994
|move|p2a: Skeledirge|Torch Song|p1a: Leah Gotti
|-damage|p1a: Leah Gotti|10/100 tox
|-boost|p2a: Skeledirge|spa|1
|move|p1a: Leah Gotti|Trick Room|p1a: Leah Gotti
|-fieldstart|move: Trick Room|[of] p1a: Leah Gotti
|
|-damage|p1a: Leah Gotti|3/100 tox|[from] psn
|upkeep
|turn|16
|
|t:|1779643003
|switch|p2a: Smeargle|Smeargle, F|13/100
|move|p1a: Leah Gotti|Healing Wish|p1a: Leah Gotti
|faint|p1a: Leah Gotti
|
|upkeep
|
|t:|1779643009
|switch|p1a: Lord of the Rings|Hoopa-Unbound|100/100
|-damage|p1a: Lord of the Rings|88/100|[from] Spikes
|-status|p1a: Lord of the Rings|tox
|turn|17
|
|t:|1779643016
|move|p2a: Smeargle|Burning Bulwark|p2a: Smeargle
|-singleturn|p2a: Smeargle|move: Protect
|move|p1a: Lord of the Rings|Hyperspace Fury|p2a: Smeargle
|-activate|p2a: Smeargle|move: Hyperspace Fury|[broken]
|-damage|p2a: Smeargle|0 fnt
|-unboost|p1a: Lord of the Rings|def|1
|faint|p2a: Smeargle
|-damage|p1a: Lord of the Rings|78/100 tox|[from] item: Life Orb
|
|-damage|p1a: Lord of the Rings|72/100 tox|[from] psn
|upkeep
|
|t:|1779643018
|switch|p2a: Zapdos|Zapdos|100/100
|turn|18
|
|t:|1779643032
|move|p1a: Lord of the Rings|Expanding Force|p2a: Zapdos
|-damage|p2a: Zapdos|0 fnt
|faint|p2a: Zapdos
|-damage|p1a: Lord of the Rings|62/100 tox|[from] item: Life Orb
|
|-damage|p1a: Lord of the Rings|50/100 tox|[from] psn
|upkeep
|
|t:|1779643035
|switch|p2a: Hydrapple|Hydrapple, M|100/100
|turn|19
|
|t:|1779643042
|move|p2a: Hydrapple|Giga Drain|p1a: Lord of the Rings
|-damage|p1a: Lord of the Rings|14/100 tox
|move|p1a: Lord of the Rings|Expanding Force|p2a: Hydrapple
|-damage|p2a: Hydrapple|0 fnt
|faint|p2a: Hydrapple
|-damage|p1a: Lord of the Rings|4/100 tox|[from] item: Life Orb
|
|-damage|p1a: Lord of the Rings|0 fnt|[from] psn
|faint|p1a: Lord of the Rings
|-fieldend|move: Trick Room
|-fieldend|move: Psychic Terrain
|upkeep
|inactive|skyrim-alberto has 120 seconds left.
|
|t:|1779643073
|switch|p1a: Ariana Grande|Hatterene, F|100/100
|switch|p2a: Skeledirge|Skeledirge, M|86/100
|-damage|p1a: Ariana Grande|88/100|[from] Spikes
|-status|p1a: Ariana Grande|tox
|turn|20
|
|t:|1779643082
|move|p2a: Skeledirge|Shadow Ball|p1a: Ariana Grande
|-supereffective|p1a: Ariana Grande
|-damage|p1a: Ariana Grande|0 fnt
|faint|p1a: Ariana Grande
|
|upkeep
|inactive|skyrim-alberto has 120 seconds left.
|
|t:|1779643101
|switch|p1a: Kung Fu Panda|Iron Hands|50/100 brn
|-heal|p1a: Kung Fu Panda|100/100|[from] move: Healing Wish
|-damage|p1a: Kung Fu Panda|88/100|[from] Spikes
|-status|p1a: Kung Fu Panda|tox
|turn|21
|inactive|skyrim-alberto has 120 seconds left.
|
|t:|1779643111
|-terastallize|p2a: Skeledirge|Grass
|move|p2a: Skeledirge|Shadow Ball|p1a: Kung Fu Panda
|-damage|p1a: Kung Fu Panda|55/100 tox
|move|p1a: Kung Fu Panda|Supercell Slam|p2a: Skeledirge
|-resisted|p2a: Skeledirge
|-damage|p2a: Skeledirge|58/100
|
|-damage|p1a: Kung Fu Panda|49/100 tox|[from] psn
|upkeep
|turn|22
|inactive|skyrim-alberto has 120 seconds left.
|
|t:|1779643124
|move|p2a: Skeledirge|Shadow Ball|p1a: Kung Fu Panda
|-damage|p1a: Kung Fu Panda|13/100 tox
|move|p1a: Kung Fu Panda|Close Combat|p2a: Skeledirge
|-damage|p2a: Skeledirge|0 fnt
|-unboost|p1a: Kung Fu Panda|def|1
|-unboost|p1a: Kung Fu Panda|spd|1
|faint|p2a: Skeledirge
|
|win|skyrim-alberto
|raw|skyrim-alberto's rating: 1457 &rarr; <strong>1481</strong><br />(+24 for winning)
|raw|LUPIIT's rating: 1532 &rarr; <strong>1508</strong><br />(-24 for losing)
|l|☆LUPIIT
|player|p2|
|l|☆skyrim-alberto
|player|p1|
