|j|☆hugnesh
|j|☆IDontLikeZebstrika
|t:|1779645399
|gametype|singles
|player|p1|hugnesh|lance|1186
|player|p2|IDontLikeZebstrika|bugcatcher-gen4dp|1195
|gen|9
|tier|[Gen 9] OU
|rated|
|rule|HP Percentage Mod: HP is shown in percentages
|rule|Endless Battle Clause: Forcing endless battles is banned
|rule|Species Clause: Limit one of each Pokémon
|rule|OHKO Clause: OHKO moves are banned
|rule|Evasion Items Clause: Evasion items are banned
|rule|Evasion Moves Clause: Evasion moves are banned
|rule|Evasion Abilities Clause: Evasion abilities are banned
|rule|Sleep Moves Clause: Sleep-inducing moves are banned
|clearpoke
|poke|p1|Tinkaton, F|
|poke|p1|Samurott-Hisui, M|
|poke|p1|Garchomp, M|
|poke|p1|Sinistcha-Masterpiece|
|poke|p1|Kleavor, F|
|poke|p1|Kingambit, F|
|poke|p2|Toxapex, M|
|poke|p2|Metang|
|poke|p2|Sandaconda, M|
|poke|p2|Zoroark-Hisui, F|
|poke|p2|Excadrill, F|
|poke|p2|Kingambit, F|
|teampreview
|inactive|Battle timer is ON: inactive players will automatically lose when time's up. (requested by hugnesh)
|
|t:|1779645416
|teamsize|p1|6
|teamsize|p2|6
|start
|switch|p1a: Garchomp|Garchomp, M|100/100
|switch|p2a: Kingambit|Kingambit, F, shiny|100/100
|turn|1
|
|t:|1779645427
|move|p2a: Kingambit|Nasty Plot|p2a: Kingambit
|-boost|p2a: Kingambit|spa|2
|move|p1a: Garchomp|Earthquake|p2a: Kingambit
|-enditem|p2a: Kingambit|Focus Sash
|-damage|p2a: Kingambit|1/100
|replace|p2a: Zoroark|Zoroark-Hisui, F, shiny
|-end|p2a: Zoroark|Illusion
|
|upkeep
|turn|2
|
|t:|1779645450
|move|p2a: Zoroark|Shadow Ball|p1a: Garchomp
|-damage|p1a: Garchomp|17/100
|-unboost|p1a: Garchomp|spd|1
|move|p1a: Garchomp|Liquidation|p2a: Zoroark
|-damage|p2a: Zoroark|0 fnt
|faint|p2a: Zoroark
|
|upkeep
|
|t:|1779645458
|switch|p2a: Toxapex|Toxapex, M, shiny|100/100
|turn|3
|
|t:|1779645462
|switch|p2a: Sandaconda|Sandaconda, M, shiny|100/100
|move|p1a: Garchomp|Earthquake|p2a: Sandaconda
|-damage|p2a: Sandaconda|48/100
|-weather|Sandstorm|[from] ability: Sand Spit|[of] p2a: Sandaconda
|-enditem|p2a: Sandaconda|Eject Button
|
|t:|1779645470
|switch|p2a: Excadrill|Excadrill, F, shiny|100/100
|
|-weather|Sandstorm|[upkeep]
|upkeep
|turn|4
|
|t:|1779645477
|-terastallize|p2a: Excadrill|Ground
|move|p2a: Excadrill|Earthquake|p1a: Garchomp
|-damage|p1a: Garchomp|0 fnt
|faint|p1a: Garchomp
|
|-weather|Sandstorm|[upkeep]
|upkeep
|
|t:|1779645485
|switch|p1a: Samurott|Samurott-Hisui, M|100/100
|turn|5
|
|t:|1779645492
|move|p2a: Excadrill|Earthquake|p1a: Samurott
|-damage|p1a: Samurott|3/100
|move|p1a: Samurott|Razor Shell|p2a: Excadrill
|-supereffective|p2a: Excadrill
|-damage|p2a: Excadrill|0 fnt
|faint|p2a: Excadrill
|
|-weather|Sandstorm|[upkeep]
|-damage|p1a: Samurott|0 fnt|[from] Sandstorm
|faint|p1a: Samurott
|upkeep
|
|t:|1779645507
|switch|p2a: Metang|Metang, shiny|100/100
|switch|p1a: Kleavor|Kleavor, F|100/100
|turn|6
|
|t:|1779645519
|move|p1a: Kleavor|U-turn|p2a: Metang
|-damage|p2a: Metang|69/100
|
|t:|1779645526
|switch|p1a: Sinistcha|Sinistcha-Masterpiece|100/100|[from] U-turn
|move|p2a: Metang|Reflect|p2a: Metang
|-sidestart|p2: IDontLikeZebstrika|Reflect
|
|-weather|Sandstorm|[upkeep]
|-damage|p1a: Sinistcha|94/100|[from] Sandstorm
|-heal|p1a: Sinistcha|100/100|[from] item: Leftovers
|upkeep
|turn|7
|
|t:|1779645541
|move|p1a: Sinistcha|Poltergeist|p2a: Metang|[miss]
|-miss|p1a: Sinistcha|p2a: Metang
|move|p2a: Metang|Light Screen|p2a: Metang
|-sidestart|p2: IDontLikeZebstrika|move: Light Screen
|
|-weather|none
|upkeep
|turn|8
|
|t:|1779645554
|switch|p1a: Kingambit|Kingambit, F|100/100
|-activate|p1a: Kingambit|ability: Supreme Overlord
|-start|p1a: Kingambit|fallen2|[silent]
|switch|p2a: Kingambit|Kingambit, F, shiny|100/100
|-activate|p2a: Kingambit|ability: Supreme Overlord
|-start|p2a: Kingambit|fallen2|[silent]
|
|upkeep
|turn|9
|
|t:|1779645563
|move|p2a: Kingambit|Brick Break|p1a: Kingambit
|-supereffective|p1a: Kingambit
|-enditem|p1a: Kingambit|Chople Berry|[eat]
|-enditem|p1a: Kingambit|Chople Berry|[weaken]
|-damage|p1a: Kingambit|49/100
|move|p1a: Kingambit|Brick Break|p2a: Kingambit
|-sideend|p2: IDontLikeZebstrika|Reflect
|-sideend|p2: IDontLikeZebstrika|move: Light Screen
|-supereffective|p2a: Kingambit
|-damage|p2a: Kingambit|3/100
|
|upkeep
|turn|10
|
|t:|1779645574
|move|p1a: Kingambit|Kowtow Cleave|p2a: Kingambit
|-resisted|p2a: Kingambit
|-damage|p2a: Kingambit|0 fnt
|faint|p2a: Kingambit
|-end|p2a: Kingambit|fallen2|[silent]
|
|upkeep
|
|t:|1779645578
|switch|p2a: Metang|Metang, shiny|69/100
|turn|11
|
|t:|1779645583
|switch|p2a: Toxapex|Toxapex, M, shiny|100/100
|move|p1a: Kingambit|Kowtow Cleave|p2a: Toxapex
|-damage|p2a: Toxapex|48/100
|
|-heal|p2a: Toxapex|54/100|[from] item: Black Sludge
|upkeep
|turn|12
|-message|IDontLikeZebstrika forfeited.
|
|win|hugnesh
|raw|hugnesh's rating: 1186 &rarr; <strong>1212</strong><br />(+26 for winning)
|raw|IDontLikeZebstrika's rating: 1195 &rarr; <strong>1169</strong><br />(-26 for losing)
|l|☆IDontLikeZebstrika
|player|p2|
|l|☆hugnesh
|player|p1|
