|j|☆Ferits
|j|☆Winke Noppen
|t:|1779648431
|gametype|singles
|player|p1|Ferits|265|1057
|player|p2|Winke Noppen|flannery|1080
|gen|9
|tier|[Gen 9] OU
|rated|
|rule|HP Percentage Mod: HP is shown in percentages
|rule|Endless Battle Clause: Forcing endless battles is banned
|rule|Species Clause: Limit one of each Pokémon
|rule|OHKO Clause: OHKO moves are banned
|rule|Evasion Items Clause: Evasion items are banned
|rule|Evasion Moves Clause: Evasion moves are banned
|rule|Evasion Abilities Clause: Evasion abilities are banned
|rule|Sleep Moves Clause: Sleep-inducing moves are banned
|clearpoke
|poke|p1|Sylveon, F|
|poke|p1|Gible, F|
|poke|p1|Gardevoir, M|
|poke|p1|Slither Wing|
|poke|p1|Hatterene, F|
|poke|p1|Ceruledge, M|
|poke|p2|Malamar, F|
|poke|p2|Serperior, F|
|poke|p2|Manaphy|
|poke|p2|Hatterene, F|
|poke|p2|Toxapex, F|
|poke|p2|Glimmora, F|
|teampreview
|
|t:|1779648434
|teamsize|p1|6
|teamsize|p2|6
|start
|switch|p1a: Estrogen|Sylveon, F|100/100
|switch|p2a: Glimmora|Glimmora, F|100/100
|turn|1
|
|t:|1779648448
|move|p2a: Glimmora|Stealth Rock|p1a: Estrogen
|-sidestart|p1: Ferits|move: Stealth Rock
|move|p1a: Estrogen|Shadow Ball|p2a: Glimmora
|-damage|p2a: Glimmora|77/100
|
|-heal|p2a: Glimmora|83/100|[from] item: Leftovers
|upkeep
|turn|2
|
|t:|1779648462
|-terastallize|p2a: Glimmora|Normal
|move|p2a: Glimmora|Toxic|p1a: Estrogen
|-status|p1a: Estrogen|tox
|move|p1a: Estrogen|Shadow Ball|p2a: Glimmora
|-immune|p2a: Glimmora
|
|-heal|p2a: Glimmora|89/100|[from] item: Leftovers
|-damage|p1a: Estrogen|94/100 tox|[from] psn
|upkeep
|turn|3
|
|t:|1779648476
|move|p2a: Glimmora|Spiky Shield|p2a: Glimmora
|-singleturn|p2a: Glimmora|move: Protect
|move|p1a: Estrogen|Moonblast|p2a: Glimmora
|-activate|p2a: Glimmora|move: Protect
|
|-heal|p2a: Glimmora|96/100|[from] item: Leftovers
|-heal|p1a: Estrogen|100/100 tox|[from] item: Leftovers
|-damage|p1a: Estrogen|88/100 tox|[from] psn
|upkeep
|turn|4
|
|t:|1779648486
|move|p2a: Glimmora|Substitute|p2a: Glimmora
|-start|p2a: Glimmora|Substitute
|-damage|p2a: Glimmora|71/100
|move|p1a: Estrogen|Moonblast|p2a: Glimmora
|-end|p2a: Glimmora|Substitute
|
|-heal|p2a: Glimmora|77/100|[from] item: Leftovers
|-heal|p1a: Estrogen|94/100 tox|[from] item: Leftovers
|-damage|p1a: Estrogen|76/100 tox|[from] psn
|upkeep
|turn|5
|
|t:|1779648496
|move|p2a: Glimmora|Spiky Shield|p2a: Glimmora
|-singleturn|p2a: Glimmora|move: Protect
|move|p1a: Estrogen|Moonblast|p2a: Glimmora
|-activate|p2a: Glimmora|move: Protect
|
|-heal|p2a: Glimmora|83/100|[from] item: Leftovers
|-heal|p1a: Estrogen|82/100 tox|[from] item: Leftovers
|-damage|p1a: Estrogen|58/100 tox|[from] psn
|upkeep
|turn|6
|
|t:|1779648507
|move|p2a: Glimmora|Substitute|p2a: Glimmora
|-start|p2a: Glimmora|Substitute
|-damage|p2a: Glimmora|58/100
|move|p1a: Estrogen|Moonblast|p2a: Glimmora
|-end|p2a: Glimmora|Substitute
|
|-heal|p2a: Glimmora|65/100|[from] item: Leftovers
|-heal|p1a: Estrogen|64/100 tox|[from] item: Leftovers
|-damage|p1a: Estrogen|33/100 tox|[from] psn
|upkeep
|turn|7
|
|t:|1779648522
|switch|p1a: Gender envy|Ceruledge, M|100/100
|-damage|p1a: Gender envy|76/100|[from] Stealth Rock
|move|p2a: Glimmora|Spiky Shield||[still]
|-fail|p2a: Glimmora
|
|-heal|p2a: Glimmora|71/100|[from] item: Leftovers
|upkeep
|turn|8
|
|t:|1779648536
|move|p1a: Gender envy|Close Combat|p2a: Glimmora
|-supereffective|p2a: Glimmora
|-damage|p2a: Glimmora|0 fnt
|-unboost|p1a: Gender envy|def|1
|-unboost|p1a: Gender envy|spd|1
|faint|p2a: Glimmora
|
|upkeep
|
|t:|1779648543
|switch|p2a: Toxapex|Toxapex, F|100/100
|turn|9
|
|t:|1779648562
|switch|p1a: Hatsune Miku|Hatterene, F|100/100
|-damage|p1a: Hatsune Miku|88/100|[from] Stealth Rock
|move|p2a: Toxapex|Toxic|p1a: Hatsune Miku
|move|p1a: Hatsune Miku|Toxic|p2a: Toxapex|[from] ability: Magic Bounce
|-immune|p2a: Toxapex
|
|-heal|p1a: Hatsune Miku|94/100|[from] item: Leftovers
|upkeep
|turn|10
|
|t:|1779648576
|switch|p2a: Hatterene|Hatterene, F|100/100
|move|p1a: Hatsune Miku|Future Sight|p2a: Hatterene
|-start|p1a: Hatsune Miku|move: Future Sight
|
|-heal|p1a: Hatsune Miku|99/100|[from] item: Leftovers
|upkeep
|turn|11
|
|t:|1779648590
|move|p1a: Hatsune Miku|Protect|p1a: Hatsune Miku
|-singleturn|p1a: Hatsune Miku|Protect
|move|p2a: Hatterene|Calm Mind|p2a: Hatterene
|-boost|p2a: Hatterene|spa|1
|-boost|p2a: Hatterene|spd|1
|
|-heal|p1a: Hatsune Miku|100/100|[from] item: Leftovers
|upkeep
|turn|12
|
|t:|1779648599
|move|p1a: Hatsune Miku|Protect||[still]
|-fail|p1a: Hatsune Miku
|move|p2a: Hatterene|Substitute|p2a: Hatterene
|-start|p2a: Hatterene|Substitute
|-damage|p2a: Hatterene|75/100
|
|-end|p2a: Hatterene|move: Future Sight
|-resisted|p2a: Hatterene
|-end|p2a: Hatterene|Substitute
|upkeep
|turn|13
|
|t:|1779648617
|move|p1a: Hatsune Miku|Giga Drain|p2a: Hatterene
|-damage|p2a: Hatterene|50/100
|move|p2a: Hatterene|Calm Mind|p2a: Hatterene
|-boost|p2a: Hatterene|spa|1
|-boost|p2a: Hatterene|spd|1
|
|upkeep
|turn|14
|
|t:|1779648625
|move|p2a: Hatterene|Draining Kiss|p1a: Hatsune Miku
|-damage|p1a: Hatsune Miku|39/100
|-heal|p2a: Hatterene|100/100|[from] drain|[of] p1a: Hatsune Miku
|move|p1a: Hatsune Miku|Giga Drain|p2a: Hatterene
|-damage|p2a: Hatterene|80/100
|-heal|p1a: Hatsune Miku|48/100|[from] drain|[of] p2a: Hatterene
|
|-heal|p1a: Hatsune Miku|54/100|[from] item: Leftovers
|upkeep
|turn|15
|
|t:|1779648643
|switch|p1a: Femboy|Gardevoir, M, shiny|100/100
|-damage|p1a: Femboy|88/100|[from] Stealth Rock
|move|p2a: Hatterene|Draining Kiss|p1a: Femboy
|-damage|p1a: Femboy|43/100
|-heal|p2a: Hatterene|100/100|[from] drain|[of] p1a: Femboy
|
|upkeep
|turn|16
|-activate|p1a: Femboy|item: Quick Claw
|
|t:|1779648656
|move|p1a: Femboy|Destiny Bond|p1a: Femboy
|-singlemove|p1a: Femboy|Destiny Bond
|move|p2a: Hatterene|Mystical Fire|p1a: Femboy
|-damage|p1a: Femboy|0 fnt
|faint|p1a: Femboy
|-activate|p1a: Femboy|move: Destiny Bond
|faint|p2a: Hatterene
|
|upkeep
|
|t:|1779648670
|switch|p1a: Fluffy|Slither Wing|100/100
|switch|p2a: Toxapex|Toxapex, F|100/100
|-damage|p1a: Fluffy|88/100|[from] Stealth Rock
|-enditem|p1a: Fluffy|Booster Energy
|-activate|p1a: Fluffy|ability: Protosynthesis|[fromitem]
|-start|p1a: Fluffy|protosynthesisatk
|turn|17
|
|t:|1779648684
|-end|p1a: Fluffy|Protosynthesis|[silent]
|switch|p1a: Blåhaj|Gible, F|100/100
|-damage|p1a: Blåhaj|95/100|[from] Stealth Rock
|move|p2a: Toxapex|Toxic|p1a: Blåhaj
|-status|p1a: Blåhaj|tox
|
|-damage|p1a: Blåhaj|89/100 tox|[from] psn
|upkeep
|turn|18
|
|t:|1779648695
|move|p1a: Blåhaj|Earthquake|p2a: Toxapex
|-supereffective|p2a: Toxapex
|-damage|p2a: Toxapex|38/100
|move|p2a: Toxapex|Infestation|p1a: Blåhaj
|-damage|p1a: Blåhaj|83/100 tox
|-activate|p1a: Blåhaj|move: Infestation|[of] p2a: Toxapex
|-damage|p2a: Toxapex|26/100|[from] ability: Rough Skin|[of] p1a: Blåhaj
|
|-damage|p1a: Blåhaj|71/100 tox|[from] psn
|-damage|p1a: Blåhaj|59/100 tox|[from] move: Infestation|[partiallytrapped]
|upkeep
|turn|19
|
|t:|1779648712
|move|p2a: Toxapex|Baneful Bunker|p2a: Toxapex
|-singleturn|p2a: Toxapex|move: Protect
|move|p1a: Blåhaj|Earthquake|p2a: Toxapex
|-activate|p2a: Toxapex|move: Protect
|
|-damage|p1a: Blåhaj|41/100 tox|[from] psn
|-damage|p1a: Blåhaj|29/100 tox|[from] move: Infestation|[partiallytrapped]
|upkeep
|turn|20
|
|t:|1779648736
|move|p2a: Toxapex|Baneful Bunker||[still]
|-fail|p2a: Toxapex
|move|p1a: Blåhaj|Earthquake|p2a: Toxapex
|-supereffective|p2a: Toxapex
|-damage|p2a: Toxapex|0 fnt
|faint|p2a: Toxapex
|
|-damage|p1a: Blåhaj|5/100 tox|[from] psn
|-end|p1a: Blåhaj|Infestation|[partiallytrapped]|[silent]
|upkeep
|
|t:|1779648744
|switch|p2a: Serperior|Serperior, F|100/100
|turn|21
|
|t:|1779648749
|move|p2a: Serperior|Leaf Storm|p1a: Blåhaj
|-damage|p1a: Blåhaj|0 fnt
|-boost|p2a: Serperior|spa|2
|faint|p1a: Blåhaj
|
|upkeep
|inactive|Battle timer is ON: inactive players will automatically lose when time's up. (requested by Winke Noppen)
|l|☆Ferits
|inactive|Ferits disconnected and has a minute to reconnect!
|player|p1|
|inactive|Ferits has 30 seconds to reconnect!
|inactive|Ferits has 20 seconds to reconnect!
|j|☆Ferits
|inactive|Ferits reconnected and has 105 seconds left.
|player|p1|Ferits|265|
|
|t:|1779648835
|switch|p1a: Gender envy|Ceruledge, M|76/100
|-damage|p1a: Gender envy|51/100|[from] Stealth Rock
|turn|22
|inactive|Ferits has 120 seconds left.
|inactive|Ferits has 90 seconds left.
|inactive|Ferits has 60 seconds left.
|inactive|Ferits has 30 seconds left.
|inactive|Ferits has 20 seconds left.
|inactive|Ferits has 15 seconds left.
|inactive|Ferits has 10 seconds left.
|inactive|Ferits has 5 seconds left.
|-message|Ferits lost due to inactivity.
|
|win|Winke Noppen
|raw|Ferits's rating: 1057 &rarr; <strong>1040</strong><br />(-17 for losing)
|raw|Winke Noppen's rating: 1080 &rarr; <strong>1106</strong><br />(+26 for winning)
|l|☆Winke Noppen
|player|p2|
|l|☆Ferits
|player|p1|
