|j|☆Awakened Ashes
|j|☆owl_with_scarf
|t:|1779605092
|gametype|singles
|player|p1|Awakened Ashes|red-masters3|1686
|player|p2|owl_with_scarf|#owlwithscarf|1549
|gen|9
|tier|[Gen 9] OU
|rated|
|rule|HP Percentage Mod: HP is shown in percentages
|rule|Endless Battle Clause: Forcing endless battles is banned
|rule|Species Clause: Limit one of each Pokémon
|rule|OHKO Clause: OHKO moves are banned
|rule|Evasion Items Clause: Evasion items are banned
|rule|Evasion Moves Clause: Evasion moves are banned
|rule|Evasion Abilities Clause: Evasion abilities are banned
|rule|Sleep Moves Clause: Sleep-inducing moves are banned
|clearpoke
|poke|p1|Torkoal, F|
|poke|p1|Walking Wake|
|poke|p1|Raging Bolt|
|poke|p1|Great Tusk|
|poke|p1|Cresselia, F|
|poke|p1|Ceruledge, F|
|poke|p2|Diancie|
|poke|p2|Blaziken, M|
|poke|p2|Oricorio-Pom-Pom, M|
|poke|p2|Cinderace, F|
|poke|p2|Regidrago|
|poke|p2|Ursaluna, F|
|teampreview
|inactive|Battle timer is ON: inactive players will automatically lose when time's up. (requested by owl_with_scarf)
|inactive|Awakened Ashes also wants the timer to be on.
|
|t:|1779605107
|teamsize|p1|6
|teamsize|p2|6
|start
|switch|p1a: Torkoal|Torkoal, F|100/100
|switch|p2a: Regidrago|Regidrago|100/100
|-weather|SunnyDay|[from] ability: Drought|[of] p1a: Torkoal
|turn|1
|
|t:|1779605135
|switch|p1a: Cresselia|Cresselia, F|100/100
|move|p2a: Regidrago|Dragon Energy|p1a: Cresselia
|-damage|p1a: Cresselia|25/100
|-enditem|p1a: Cresselia|Eject Button
|
|t:|1779605160
|switch|p1a: Walking Wake|Walking Wake|100/100
|-activate|p1a: Walking Wake|ability: Protosynthesis
|-start|p1a: Walking Wake|protosynthesisspe
|
|-weather|SunnyDay|[upkeep]
|upkeep
|turn|2
|
|t:|1779605164
|move|p1a: Walking Wake|Flip Turn|p2a: Regidrago
|-resisted|p2a: Regidrago
|-damage|p2a: Regidrago|96/100
|
|t:|1779605167
|-end|p1a: Walking Wake|Protosynthesis|[silent]
|switch|p1a: Cresselia|Cresselia, F|25/100|[from] Flip Turn
|move|p2a: Regidrago|Dragon Pulse|p1a: Cresselia
|-damage|p1a: Cresselia|0 fnt
|faint|p1a: Cresselia
|
|-weather|SunnyDay|[upkeep]
|upkeep
|
|t:|1779605179
|switch|p1a: Walking Wake|Walking Wake|100/100
|-activate|p1a: Walking Wake|ability: Protosynthesis
|-start|p1a: Walking Wake|protosynthesisspe
|turn|3
|
|t:|1779605185
|move|p1a: Walking Wake|Flip Turn|p2a: Regidrago
|-resisted|p2a: Regidrago
|-damage|p2a: Regidrago|91/100
|
|t:|1779605189
|-end|p1a: Walking Wake|Protosynthesis|[silent]
|switch|p1a: Great Tusk|Great Tusk|100/100|[from] Flip Turn
|-activate|p1a: Great Tusk|ability: Protosynthesis
|-start|p1a: Great Tusk|protosynthesisatk
|move|p2a: Regidrago|Dragon Pulse|p1a: Great Tusk
|-damage|p1a: Great Tusk|37/100
|
|-weather|SunnyDay|[upkeep]
|upkeep
|turn|4
|
|t:|1779605193
|move|p2a: Regidrago|Scale Shot|p1a: Great Tusk
|-damage|p1a: Great Tusk|26/100
|-damage|p1a: Great Tusk|15/100
|-damage|p1a: Great Tusk|4/100
|-damage|p1a: Great Tusk|0 fnt
|faint|p1a: Great Tusk
|-end|p1a: Great Tusk|Protosynthesis|[silent]
|-hitcount|p1: Great Tusk|4
|-unboost|p2a: Regidrago|def|1
|-boost|p2a: Regidrago|spe|1
|
|-weather|SunnyDay|[upkeep]
|upkeep
|
|t:|1779605200
|switch|p1a: Raging Bolt|Raging Bolt|100/100
|-activate|p1a: Raging Bolt|ability: Protosynthesis
|-start|p1a: Raging Bolt|protosynthesisspa
|turn|5
|
|t:|1779605205
|-terastallize|p1a: Raging Bolt|Grass
|move|p2a: Regidrago|Scale Shot|p1a: Raging Bolt
|-damage|p1a: Raging Bolt|86/100
|-damage|p1a: Raging Bolt|72/100
|-hitcount|p1a: Raging Bolt|2
|-unboost|p2a: Regidrago|def|1
|-boost|p2a: Regidrago|spe|1
|move|p1a: Raging Bolt|Draco Meteor|p2a: Regidrago
|-supereffective|p2a: Regidrago
|-damage|p2a: Regidrago|0 fnt
|-unboost|p1a: Raging Bolt|spa|2
|faint|p2a: Regidrago
|-damage|p1a: Raging Bolt|62/100|[from] item: Life Orb
|
|-weather|SunnyDay|[upkeep]
|upkeep
|
|t:|1779605214
|switch|p2a: Oricorio|Oricorio-Pom-Pom, M|100/100
|turn|6
|
|t:|1779605219
|move|p1a: Raging Bolt|Weather Ball|p2a: Oricorio
|-damage|p2a: Oricorio|30/100
|-damage|p1a: Raging Bolt|52/100|[from] item: Life Orb
|move|p2a: Oricorio|Quiver Dance|p2a: Oricorio
|-boost|p2a: Oricorio|spa|1
|-boost|p2a: Oricorio|spd|1
|-boost|p2a: Oricorio|spe|1
|
|-weather|SunnyDay|[upkeep]
|-heal|p2a: Oricorio|37/100|[from] item: Leftovers
|upkeep
|turn|7
|
|t:|1779605226
|-end|p1a: Raging Bolt|Protosynthesis|[silent]
|switch|p1a: Walking Wake|Walking Wake|100/100
|-activate|p1a: Walking Wake|ability: Protosynthesis
|-start|p1a: Walking Wake|protosynthesisspe
|move|p2a: Oricorio|Roost|p2a: Oricorio
|-heal|p2a: Oricorio|87/100
|-singleturn|p2a: Oricorio|move: Roost
|
|-weather|SunnyDay|[upkeep]
|-heal|p2a: Oricorio|93/100|[from] item: Leftovers
|upkeep
|turn|8
|
|t:|1779605230
|move|p1a: Walking Wake|Hydro Steam|p2a: Oricorio
|-damage|p2a: Oricorio|20/100
|move|p2a: Oricorio|Quiver Dance|p2a: Oricorio
|-boost|p2a: Oricorio|spa|1
|-boost|p2a: Oricorio|spd|1
|-boost|p2a: Oricorio|spe|1
|
|-weather|none
|-end|p1a: Walking Wake|Protosynthesis
|-heal|p2a: Oricorio|26/100|[from] item: Leftovers
|upkeep
|turn|9
|
|t:|1779605237
|move|p2a: Oricorio|Roost|p2a: Oricorio
|-heal|p2a: Oricorio|76/100
|-singleturn|p2a: Oricorio|move: Roost
|move|p1a: Walking Wake|Hydro Steam|p2a: Oricorio
|-damage|p2a: Oricorio|34/100
|
|-heal|p2a: Oricorio|41/100|[from] item: Leftovers
|upkeep
|turn|10
|
|t:|1779605248
|-end|p1a: Walking Wake|Protosynthesis|[silent]
|switch|p1a: Torkoal|Torkoal, F|100/100
|-weather|SunnyDay|[from] ability: Drought|[of] p1a: Torkoal
|move|p2a: Oricorio|Roost|p2a: Oricorio
|-heal|p2a: Oricorio|91/100
|-singleturn|p2a: Oricorio|move: Roost
|
|-weather|SunnyDay|[upkeep]
|-heal|p2a: Oricorio|97/100|[from] item: Leftovers
|upkeep
|turn|11
|
|t:|1779605255
|switch|p1a: Walking Wake|Walking Wake|100/100
|-activate|p1a: Walking Wake|ability: Protosynthesis
|-start|p1a: Walking Wake|protosynthesisspe
|move|p2a: Oricorio|Quiver Dance|p2a: Oricorio
|-boost|p2a: Oricorio|spa|1
|-boost|p2a: Oricorio|spd|1
|-boost|p2a: Oricorio|spe|1
|
|-weather|SunnyDay|[upkeep]
|-heal|p2a: Oricorio|100/100|[from] item: Leftovers
|upkeep
|turn|12
|
|t:|1779605260
|move|p2a: Oricorio|Quiver Dance|p2a: Oricorio
|-boost|p2a: Oricorio|spa|1
|-boost|p2a: Oricorio|spd|1
|-boost|p2a: Oricorio|spe|1
|move|p1a: Walking Wake|Hydro Steam|p2a: Oricorio
|-damage|p2a: Oricorio|60/100
|
|-weather|SunnyDay|[upkeep]
|-heal|p2a: Oricorio|66/100|[from] item: Leftovers
|upkeep
|turn|13
|
|t:|1779605261
|move|p2a: Oricorio|Quiver Dance|p2a: Oricorio
|-boost|p2a: Oricorio|spa|1
|-boost|p2a: Oricorio|spd|1
|-boost|p2a: Oricorio|spe|1
|move|p1a: Walking Wake|Hydro Steam|p2a: Oricorio
|-damage|p2a: Oricorio|31/100
|
|-weather|SunnyDay|[upkeep]
|-heal|p2a: Oricorio|37/100|[from] item: Leftovers
|upkeep
|turn|14
|
|t:|1779605264
|move|p2a: Oricorio|Roost|p2a: Oricorio
|-heal|p2a: Oricorio|87/100
|-singleturn|p2a: Oricorio|move: Roost
|move|p1a: Walking Wake|Hydro Steam|p2a: Oricorio
|-damage|p2a: Oricorio|56/100
|
|-weather|SunnyDay|[upkeep]
|-heal|p2a: Oricorio|63/100|[from] item: Leftovers
|upkeep
|turn|15
|
|t:|1779605266
|move|p2a: Oricorio|Revelation Dance|p1a: Walking Wake
|-damage|p1a: Walking Wake|0 fnt
|faint|p1a: Walking Wake
|-end|p1a: Walking Wake|Protosynthesis|[silent]
|
|-weather|SunnyDay|[upkeep]
|-heal|p2a: Oricorio|69/100|[from] item: Leftovers
|upkeep
|
|t:|1779605268
|switch|p1a: Raging Bolt|Raging Bolt, tera:Grass|52/100
|-activate|p1a: Raging Bolt|ability: Protosynthesis
|-start|p1a: Raging Bolt|protosynthesisspa
|turn|16
|
|t:|1779605271
|move|p1a: Raging Bolt|Thunderclap|p2a: Oricorio
|-damage|p2a: Oricorio|42/100
|-damage|p1a: Raging Bolt|42/100|[from] item: Life Orb
|move|p2a: Oricorio|Revelation Dance|p1a: Raging Bolt
|-resisted|p1a: Raging Bolt
|-damage|p1a: Raging Bolt|0 fnt
|faint|p1a: Raging Bolt
|-end|p1a: Raging Bolt|Protosynthesis|[silent]
|
|-weather|SunnyDay|[upkeep]
|-heal|p2a: Oricorio|48/100|[from] item: Leftovers
|upkeep
|
|t:|1779605274
|switch|p1a: Ceruledge|Ceruledge, F|100/100
|-item|p1a: Ceruledge|Air Balloon
|turn|17
|
|t:|1779605279
|move|p2a: Oricorio|Revelation Dance|p1a: Ceruledge
|-damage|p1a: Ceruledge|0 fnt
|-enditem|p1a: Ceruledge|Air Balloon
|faint|p1a: Ceruledge
|
|-weather|none
|-heal|p2a: Oricorio|54/100|[from] item: Leftovers
|upkeep
|-message|Awakened Ashes forfeited.
|
|win|owl_with_scarf
|raw|Awakened Ashes's rating: 1686 &rarr; <strong>1660</strong><br />(-26 for losing)
|raw|owl_with_scarf's rating: 1572 &rarr; <strong>1598</strong><br />(+26 for winning)
|l|☆Awakened Ashes
|player|p1|
|l|☆owl_with_scarf
|player|p2|
