|inactive|Battle timer is ON: inactive players will automatically lose when time's up.
|t:|1779570711
|gametype|singles
|player|p1|Sagazinha|#ptplvidazzlingdiancies|
|player|p2|ltx nemosse|#wcop2026france|
|gen|9
|tier|[Gen 9] OU
|rule|HP Percentage Mod: HP is shown in percentages
|rule|Endless Battle Clause: Forcing endless battles is banned
|rule|Species Clause: Limit one of each Pokémon
|rule|OHKO Clause: OHKO moves are banned
|rule|Evasion Items Clause: Evasion items are banned
|rule|Evasion Moves Clause: Evasion moves are banned
|rule|Evasion Abilities Clause: Evasion abilities are banned
|rule|Sleep Moves Clause: Sleep-inducing moves are banned
|clearpoke
|poke|p1|Dragonite, F|
|poke|p1|Ting-Lu|
|poke|p1|Clefable, M|
|poke|p1|Pecharunt|
|poke|p1|Heatran, F|
|poke|p1|Zamazenta-*|
|poke|p2|Great Tusk|
|poke|p2|Ninetales, F|
|poke|p2|Walking Wake|
|poke|p2|Cresselia, F|
|poke|p2|Venusaur, F|
|poke|p2|Raging Bolt|
|teampreview
|c|☆ltx nemosse|Hf
|c|☆Sagazinha|u2
|c|+Adryl ♫|AH BAH MDRRRRRRR
|
|t:|1779570741
|teamsize|p1|6
|teamsize|p2|6
|start
|switch|p1a: Heatran|Heatran, F|100/100
|switch|p2a: Ninetales|Ninetales, F|100/100
|-weather|SunnyDay|[from] ability: Drought|[of] p2a: Ninetales
|turn|1
|c|+Adryl ♫|aller nem
|
|t:|1779570752
|switch|p2a: Walking Wake|Walking Wake|100/100
|-activate|p2a: Walking Wake|ability: Protosynthesis
|-start|p2a: Walking Wake|protosynthesisspa
|move|p1a: Heatran|Stealth Rock|p2a: Walking Wake
|-sidestart|p2: ltx nemosse|move: Stealth Rock
|
|-weather|SunnyDay|[upkeep]
|upkeep
|turn|2
|
|t:|1779570762
|switch|p1a: Dragonite|Dragonite, F|100/100
|move|p2a: Walking Wake|Hydro Steam|p1a: Dragonite
|-resisted|p1a: Dragonite
|-damage|p1a: Dragonite|71/100
|
|-weather|SunnyDay|[upkeep]
|upkeep
|turn|3
|c|+sulfura152|GO NEM
|inactive|ltx nemosse has 270 seconds left.
|inactive|Sagazinha has 270 seconds left.
|inactive|ltx nemosse has 240 seconds left.
|
|t:|1779570835
|-end|p2a: Walking Wake|Protosynthesis|[silent]
|switch|p2a: Great Tusk|Great Tusk|100/100
|-damage|p2a: Great Tusk|98/100|[from] Stealth Rock
|-activate|p2a: Great Tusk|ability: Protosynthesis
|-start|p2a: Great Tusk|protosynthesisspe
|move|p1a: Dragonite|Dragon Tail|p2a: Great Tusk
|-damage|p2a: Great Tusk|75/100
|-end|p2a: Great Tusk|Protosynthesis|[silent]
|drag|p2a: Ninetales|Ninetales, F|100/100
|-damage|p2a: Ninetales|76/100|[from] Stealth Rock
|
|-weather|SunnyDay|[upkeep]
|upkeep
|turn|4
|
|t:|1779570845
|switch|p2a: Great Tusk|Great Tusk|75/100
|-damage|p2a: Great Tusk|72/100|[from] Stealth Rock
|-activate|p2a: Great Tusk|ability: Protosynthesis
|-start|p2a: Great Tusk|protosynthesisspe
|switch|p1a: Heatran|Heatran, F|100/100
|
|-weather|SunnyDay|[upkeep]
|upkeep
|turn|5
|
|t:|1779570862
|switch|p1a: Clefable|Clefable, M|100/100
|move|p2a: Great Tusk|Headlong Rush|p1a: Clefable
|-damage|p1a: Clefable|57/100
|-unboost|p2a: Great Tusk|def|1
|-unboost|p2a: Great Tusk|spd|1
|-enditem|p2a: Great Tusk|Eject Pack
|
|t:|1779570864
|-end|p2a: Great Tusk|Protosynthesis|[silent]
|switch|p2a: Walking Wake|Walking Wake|100/100
|-damage|p2a: Walking Wake|88/100|[from] Stealth Rock
|-activate|p2a: Walking Wake|ability: Protosynthesis
|-start|p2a: Walking Wake|protosynthesisspa
|
|-weather|SunnyDay|[upkeep]
|-heal|p1a: Clefable|63/100|[from] item: Leftovers
|upkeep
|turn|6
|inactive|Sagazinha has 240 seconds left.
|
|t:|1779570909
|switch|p1a: Pecharunt|Pecharunt|100/100
|move|p2a: Walking Wake|Hydro Steam|p1a: Pecharunt
|-damage|p1a: Pecharunt|0 fnt
|faint|p1a: Pecharunt
|
|-weather|SunnyDay|[upkeep]
|upkeep
|inactive|Sagazinha has 210 seconds left.
|
|t:|1779570929
|switch|p1a: Dragonite|Dragonite, F|71/100
|turn|7
|
|t:|1779570933
|move|p2a: Walking Wake|Hydro Steam|p1a: Dragonite
|-resisted|p1a: Dragonite
|-damage|p1a: Dragonite|16/100
|move|p1a: Dragonite|Roost|p1a: Dragonite
|-heal|p1a: Dragonite|66/100
|-singleturn|p1a: Dragonite|move: Roost
|
|-weather|SunnyDay|[upkeep]
|upkeep
|turn|8
|
|t:|1779570943
|-end|p2a: Walking Wake|Protosynthesis|[silent]
|switch|p2a: Great Tusk|Great Tusk|72/100
|-damage|p2a: Great Tusk|69/100|[from] Stealth Rock
|-activate|p2a: Great Tusk|ability: Protosynthesis
|-start|p2a: Great Tusk|protosynthesisspe
|move|p1a: Dragonite|Roost|p1a: Dragonite
|-heal|p1a: Dragonite|100/100
|-singleturn|p1a: Dragonite|move: Roost
|
|-weather|none
|-end|p2a: Great Tusk|Protosynthesis
|upkeep
|turn|9
|
|t:|1779570950
|move|p2a: Great Tusk|Rapid Spin|p1a: Dragonite
|-damage|p1a: Dragonite|94/100
|-boost|p2a: Great Tusk|spe|1
|-sideend|p2: ltx nemosse|Stealth Rock|[from] move: Rapid Spin|[of] p2a: Great Tusk
|move|p1a: Dragonite|Dragon Tail|p2a: Great Tusk
|-damage|p2a: Great Tusk|45/100
|-end|p2a: Great Tusk|Protosynthesis|[silent]
|drag|p2a: Cresselia|Cresselia, F, shiny|100/100
|
|upkeep
|turn|10
|
|t:|1779570955
|switch|p2a: Ninetales|Ninetales, F|76/100
|-weather|SunnyDay|[from] ability: Drought|[of] p2a: Ninetales
|switch|p1a: Heatran|Heatran, F|100/100
|
|-weather|SunnyDay|[upkeep]
|upkeep
|turn|11
|
|t:|1779570962
|switch|p2a: Walking Wake|Walking Wake|88/100
|-activate|p2a: Walking Wake|ability: Protosynthesis
|-start|p2a: Walking Wake|protosynthesisspa
|switch|p1a: Ting-Lu|Ting-Lu|100/100
|-ability|p1a: Ting-Lu|Vessel of Ruin
|
|-weather|SunnyDay|[upkeep]
|upkeep
|turn|12
|inactive|Sagazinha has 240 seconds left.
|
|t:|1779570995
|-terastallize|p1a: Ting-Lu|Water
|move|p2a: Walking Wake|Hydro Steam|p1a: Ting-Lu
|-resisted|p1a: Ting-Lu
|-damage|p1a: Ting-Lu|75/100
|move|p1a: Ting-Lu|Ruination|p2a: Walking Wake
|-damage|p2a: Walking Wake|44/100
|
|-weather|SunnyDay|[upkeep]
|-heal|p1a: Ting-Lu|81/100|[from] item: Leftovers
|upkeep
|turn|13
|
|t:|1779571007
|-end|p2a: Walking Wake|Protosynthesis|[silent]
|switch|p2a: Cresselia|Cresselia, F, shiny|100/100
|move|p1a: Ting-Lu|Spikes|p2a: Cresselia
|-sidestart|p2: ltx nemosse|Spikes
|
|-weather|SunnyDay|[upkeep]
|-heal|p1a: Ting-Lu|88/100|[from] item: Leftovers
|upkeep
|turn|14
|
|t:|1779571016
|move|p2a: Cresselia|Thunder Wave|p1a: Ting-Lu
|-status|p1a: Ting-Lu|par
|move|p1a: Ting-Lu|Spikes|p2a: Cresselia
|-sidestart|p2: ltx nemosse|Spikes
|
|-weather|SunnyDay|[upkeep]
|-heal|p1a: Ting-Lu|94/100 par|[from] item: Leftovers
|upkeep
|turn|15
|
|t:|1779571023
|switch|p2a: Great Tusk|Great Tusk|45/100
|-damage|p2a: Great Tusk|28/100|[from] Spikes
|-activate|p2a: Great Tusk|ability: Protosynthesis
|-start|p2a: Great Tusk|protosynthesisspe
|switch|p1a: Clefable|Clefable, M|63/100
|
|-weather|SunnyDay|[upkeep]
|-heal|p1a: Clefable|69/100|[from] item: Leftovers
|upkeep
|turn|16
|
|t:|1779571029
|move|p2a: Great Tusk|Rapid Spin|p1a: Clefable
|-damage|p1a: Clefable|59/100
|-boost|p2a: Great Tusk|spe|1
|-sideend|p2: ltx nemosse|Spikes|[from] move: Rapid Spin|[of] p2a: Great Tusk
|move|p1a: Clefable|Moonblast|p2a: Great Tusk
|-supereffective|p2a: Great Tusk
|-damage|p2a: Great Tusk|0 fnt
|faint|p2a: Great Tusk
|-end|p2a: Great Tusk|Protosynthesis|[silent]
|
|-weather|SunnyDay|[upkeep]
|-heal|p1a: Clefable|65/100|[from] item: Leftovers
|upkeep
|
|t:|1779571036
|switch|p2a: Raging Bolt|Raging Bolt|100/100
|-activate|p2a: Raging Bolt|ability: Protosynthesis
|-start|p2a: Raging Bolt|protosynthesisspa
|turn|17
|inactive|Sagazinha has 240 seconds left.
|inactive|ltx nemosse has 270 seconds left.
|
|t:|1779571088
|switch|p1a: Heatran|Heatran, F|100/100
|move|p2a: Raging Bolt|Volt Switch|p1a: Heatran
|-crit|p1a: Heatran
|-damage|p1a: Heatran|53/100
|
|t:|1779571094
|-end|p2a: Raging Bolt|Protosynthesis|[silent]
|switch|p2a: Walking Wake|Walking Wake|44/100|[from] Volt Switch
|-activate|p2a: Walking Wake|ability: Protosynthesis
|-start|p2a: Walking Wake|protosynthesisspa
|
|-weather|none
|-end|p2a: Walking Wake|Protosynthesis
|-heal|p1a: Heatran|59/100|[from] item: Leftovers
|upkeep
|turn|18
|
|t:|1779571099
|-end|p2a: Walking Wake|Protosynthesis|[silent]
|switch|p2a: Ninetales|Ninetales, F|76/100
|-weather|SunnyDay|[from] ability: Drought|[of] p2a: Ninetales
|switch|p1a: Ting-Lu|Ting-Lu, tera:Water|94/100 par
|-ability|p1a: Ting-Lu|Vessel of Ruin
|
|-weather|SunnyDay|[upkeep]
|-heal|p1a: Ting-Lu|99/100 par|[from] item: Leftovers
|upkeep
|turn|19
|inactive|ltx nemosse has 270 seconds left.
|
|t:|1779571109
|switch|p2a: Venusaur|Venusaur, F|100/100
|move|p1a: Ting-Lu|Earthquake|p2a: Venusaur
|-damage|p2a: Venusaur|48/100
|
|-weather|SunnyDay|[upkeep]
|-heal|p1a: Ting-Lu|100/100 par|[from] item: Leftovers
|upkeep
|turn|20
|
|t:|1779571114
|switch|p1a: Dragonite|Dragonite, F|94/100
|move|p2a: Venusaur|Giga Drain|p1a: Dragonite
|-resisted|p1a: Dragonite
|-damage|p1a: Dragonite|84/100
|-heal|p2a: Venusaur|54/100|[from] drain|[of] p1a: Dragonite
|-damage|p2a: Venusaur|44/100|[from] item: Life Orb
|
|-weather|SunnyDay|[upkeep]
|upkeep
|turn|21
|
|t:|1779571127
|switch|p2a: Ninetales|Ninetales, F|76/100
|move|p1a: Dragonite|Roost|p1a: Dragonite
|-heal|p1a: Dragonite|100/100
|-singleturn|p1a: Dragonite|move: Roost
|
|-weather|SunnyDay|[upkeep]
|upkeep
|turn|22
|
|t:|1779571133
|switch|p1a: Ting-Lu|Ting-Lu, tera:Water|100/100 par
|-ability|p1a: Ting-Lu|Vessel of Ruin
|move|p2a: Ninetales|Encore||[still]
|-fail|p2a: Ninetales
|
|-weather|SunnyDay|[upkeep]
|upkeep
|turn|23
|inactive|Sagazinha has 270 seconds left.
|
|t:|1779571142
|switch|p2a: Cresselia|Cresselia, F, shiny|100/100
|move|p1a: Ting-Lu|Earthquake|p2a: Cresselia
|-immune|p2a: Cresselia|[from] ability: Levitate
|
|-weather|SunnyDay|[upkeep]
|upkeep
|turn|24
|
|t:|1779571148
|switch|p2a: Raging Bolt|Raging Bolt|100/100
|-activate|p2a: Raging Bolt|ability: Protosynthesis
|-start|p2a: Raging Bolt|protosynthesisspa
|move|p1a: Ting-Lu|Spikes|p2a: Raging Bolt
|-sidestart|p2: ltx nemosse|Spikes
|
|-weather|SunnyDay|[upkeep]
|upkeep
|turn|25
|inactive|Sagazinha has 270 seconds left.
|
|t:|1779571192
|switch|p1a: Zamazenta|Zamazenta|100/100
|-ability|p1a: Zamazenta|Dauntless Shield|boost
|-boost|p1a: Zamazenta|def|1
|move|p2a: Raging Bolt|Volt Switch|p1a: Zamazenta
|-damage|p1a: Zamazenta|58/100
|
|t:|1779571206
|-end|p2a: Raging Bolt|Protosynthesis|[silent]
|switch|p2a: Cresselia|Cresselia, F, shiny|100/100|[from] Volt Switch
|
|-weather|none
|upkeep
|turn|26
|
|t:|1779571209
|switch|p1a: Heatran|Heatran, F|59/100
|switch|p2a: Ninetales|Ninetales, F|76/100
|-damage|p2a: Ninetales|63/100|[from] Spikes
|-weather|SunnyDay|[from] ability: Drought|[of] p2a: Ninetales
|
|-weather|SunnyDay|[upkeep]
|-heal|p1a: Heatran|66/100|[from] item: Leftovers
|upkeep
|turn|27
|
|t:|1779571216
|switch|p2a: Walking Wake|Walking Wake|44/100
|-damage|p2a: Walking Wake|32/100|[from] Spikes
|-activate|p2a: Walking Wake|ability: Protosynthesis
|-start|p2a: Walking Wake|protosynthesisspa
|move|p1a: Heatran|Stealth Rock|p2a: Walking Wake
|-sidestart|p2: ltx nemosse|move: Stealth Rock
|
|-weather|SunnyDay|[upkeep]
|-heal|p1a: Heatran|72/100|[from] item: Leftovers
|upkeep
|turn|28
|
|t:|1779571223
|switch|p1a: Ting-Lu|Ting-Lu, tera:Water|100/100 par
|-ability|p1a: Ting-Lu|Vessel of Ruin
|move|p2a: Walking Wake|Dragon Pulse|p1a: Ting-Lu
|-damage|p1a: Ting-Lu|60/100 par
|
|-weather|SunnyDay|[upkeep]
|-heal|p1a: Ting-Lu|66/100 par|[from] item: Leftovers
|upkeep
|turn|29
|
|t:|1779571238
|switch|p1a: Heatran|Heatran, F|72/100
|move|p2a: Walking Wake|Dragon Pulse|p1a: Heatran
|-resisted|p1a: Heatran
|-damage|p1a: Heatran|45/100
|
|-weather|SunnyDay|[upkeep]
|-heal|p1a: Heatran|51/100|[from] item: Leftovers
|upkeep
|turn|30
|
|t:|1779571245
|-end|p2a: Walking Wake|Protosynthesis|[silent]
|switch|p2a: Cresselia|Cresselia, F, shiny|100/100
|-damage|p2a: Cresselia|88/100|[from] Stealth Rock
|switch|p1a: Clefable|Clefable, M|65/100
|
|-weather|SunnyDay|[upkeep]
|-heal|p1a: Clefable|71/100|[from] item: Leftovers
|upkeep
|turn|31
|
|t:|1779571254
|move|p2a: Cresselia|Thunder Wave|p1a: Clefable|[miss]
|-miss|p2a: Cresselia|p1a: Clefable
|move|p1a: Clefable|Calm Mind|p1a: Clefable
|-boost|p1a: Clefable|spa|1
|-boost|p1a: Clefable|spd|1
|
|-weather|SunnyDay|[upkeep]
|-heal|p1a: Clefable|77/100|[from] item: Leftovers
|upkeep
|turn|32
|
|t:|1779571260
|move|p2a: Cresselia|Thunder Wave|p1a: Clefable
|-status|p1a: Clefable|par
|move|p1a: Clefable|Calm Mind|p1a: Clefable
|-boost|p1a: Clefable|spa|1
|-boost|p1a: Clefable|spd|1
|
|-weather|SunnyDay|[upkeep]
|-heal|p1a: Clefable|83/100 par|[from] item: Leftovers
|upkeep
|turn|33
|
|t:|1779571266
|move|p2a: Cresselia|Moonlight|p2a: Cresselia
|-heal|p2a: Cresselia|100/100
|move|p1a: Clefable|Moonblast|p2a: Cresselia
|-damage|p2a: Cresselia|67/100
|-enditem|p2a: Cresselia|Eject Button
|
|t:|1779571272
|switch|p2a: Venusaur|Venusaur, F|44/100
|-damage|p2a: Venusaur|32/100|[from] Spikes
|-damage|p2a: Venusaur|19/100|[from] Stealth Rock
|
|-weather|none
|-heal|p1a: Clefable|89/100 par|[from] item: Leftovers
|upkeep
|turn|34
|
|t:|1779571277
|move|p2a: Venusaur|Earthquake|p1a: Clefable
|-damage|p1a: Clefable|67/100 par
|-damage|p2a: Venusaur|9/100|[from] item: Life Orb
|move|p1a: Clefable|Moonblast|p2a: Venusaur
|-resisted|p2a: Venusaur
|-damage|p2a: Venusaur|0 fnt
|faint|p2a: Venusaur
|
|-heal|p1a: Clefable|73/100 par|[from] item: Leftovers
|upkeep
|
|t:|1779571282
|switch|p2a: Ninetales|Ninetales, F|63/100
|-damage|p2a: Ninetales|51/100|[from] Spikes
|-damage|p2a: Ninetales|26/100|[from] Stealth Rock
|-weather|SunnyDay|[from] ability: Drought|[of] p2a: Ninetales
|turn|35
|
|t:|1779571287
|switch|p2a: Cresselia|Cresselia, F, shiny|67/100
|-damage|p2a: Cresselia|55/100|[from] Stealth Rock
|cant|p1a: Clefable|par
|
|-weather|SunnyDay|[upkeep]
|-heal|p1a: Clefable|79/100 par|[from] item: Leftovers
|upkeep
|turn|36
|
|t:|1779571298
|move|p2a: Cresselia|Lunar Dance|p2a: Cresselia
|faint|p2a: Cresselia
|cant|p1a: Clefable|par
|
|-weather|SunnyDay|[upkeep]
|-heal|p1a: Clefable|85/100 par|[from] item: Leftovers
|upkeep
|
|t:|1779571301
|switch|p2a: Walking Wake|Walking Wake|32/100
|-heal|p2a: Walking Wake|100/100|[from] move: Lunar Dance
|-damage|p2a: Walking Wake|88/100|[from] Spikes
|-damage|p2a: Walking Wake|76/100|[from] Stealth Rock
|-activate|p2a: Walking Wake|ability: Protosynthesis
|-start|p2a: Walking Wake|protosynthesisspa
|turn|37
|
|t:|1779571307
|-terastallize|p2a: Walking Wake|Water
|move|p2a: Walking Wake|Hydro Steam|p1a: Clefable
|-damage|p1a: Clefable|4/100 par
|move|p1a: Clefable|Moonblast|p2a: Walking Wake
|-damage|p2a: Walking Wake|0 fnt
|faint|p2a: Walking Wake
|-end|p2a: Walking Wake|Protosynthesis|[silent]
|
|-weather|SunnyDay|[upkeep]
|-heal|p1a: Clefable|10/100 par|[from] item: Leftovers
|upkeep
|c|☆ltx nemosse|Gg
|-message|ltx nemosse forfeited.
|
|win|Sagazinha
