|j|☆yggdrass!l
|j|☆HoshinoRiko
|t:|1779626360
|gametype|singles
|player|p1|yggdrass!l|burglar|1393
|player|p2|HoshinoRiko|marnie-masters3|1408
|gen|9
|tier|[Gen 9] OU
|rated|
|rule|HP Percentage Mod: HP is shown in percentages
|rule|Endless Battle Clause: Forcing endless battles is banned
|rule|Species Clause: Limit one of each Pokémon
|rule|OHKO Clause: OHKO moves are banned
|rule|Evasion Items Clause: Evasion items are banned
|rule|Evasion Moves Clause: Evasion moves are banned
|rule|Evasion Abilities Clause: Evasion abilities are banned
|rule|Sleep Moves Clause: Sleep-inducing moves are banned
|clearpoke
|poke|p1|Weavile, M|
|poke|p1|Great Tusk|
|poke|p1|Grimmsnarl, M|
|poke|p1|Iron Hands|
|poke|p1|Registeel|
|poke|p1|Deoxys-Defense|
|poke|p2|Raging Bolt|
|poke|p2|Rillaboom, M|
|poke|p2|Pecharunt|
|poke|p2|Sinistcha|
|poke|p2|Maushold|
|poke|p2|Iron Boulder|
|teampreview
|inactive|Battle timer is ON: inactive players will automatically lose when time's up. (requested by yggdrass!l)
|
|t:|1779626372
|teamsize|p1|6
|teamsize|p2|6
|start
|switch|p1a: 🈯️|Grimmsnarl, M, shiny|100/100
|switch|p2a: Iron Boulder|Iron Boulder|100/100
|-enditem|p2a: Iron Boulder|Booster Energy
|-activate|p2a: Iron Boulder|ability: Quark Drive|[fromitem]
|-start|p2a: Iron Boulder|quarkdrivespe
|turn|1
|
|t:|1779626391
|move|p1a: 🈯️|Thunder Wave|p2a: Iron Boulder
|-status|p2a: Iron Boulder|par
|move|p2a: Iron Boulder|Iron Head|p1a: 🈯️
|-supereffective|p1a: 🈯️
|-damage|p1a: 🈯️|33/100
|
|upkeep
|turn|2
|
|t:|1779626398
|move|p1a: 🈯️|Reflect|p1a: 🈯️
|-sidestart|p1: yggdrass!l|Reflect
|move|p2a: Iron Boulder|Brick Break|p1a: 🈯️
|-sideend|p1: yggdrass!l|Reflect
|-damage|p1a: 🈯️|0 fnt
|faint|p1a: 🈯️
|
|upkeep
|
|t:|1779626408
|switch|p1a: 💮|Weavile, M, shiny|100/100
|turn|3
|
|t:|1779626421
|move|p1a: 💮|Knock Off|p2a: Iron Boulder
|-supereffective|p2a: Iron Boulder
|-damage|p2a: Iron Boulder|22/100 par
|cant|p2a: Iron Boulder|par
|
|upkeep
|turn|4
|
|t:|1779626433
|move|p1a: 💮|Knock Off|p2a: Iron Boulder
|-supereffective|p2a: Iron Boulder
|-damage|p2a: Iron Boulder|0 fnt
|faint|p2a: Iron Boulder
|-end|p2a: Iron Boulder|Quark Drive|[silent]
|
|upkeep
|inactive|HoshinoRiko has 120 seconds left.
|
|t:|1779626475
|switch|p2a: Sinistcha|Sinistcha|100/100
|turn|5
|
|t:|1779626481
|-terastallize|p2a: Sinistcha|Poison
|move|p1a: 💮|Triple Axel|p2a: Sinistcha
|-damage|p2a: Sinistcha|93/100
|-damage|p2a: Sinistcha|79/100
|-damage|p2a: Sinistcha|59/100
|-hitcount|p2a: Sinistcha|3
|move|p2a: Sinistcha|Strength Sap|p1a: 💮
|-unboost|p1a: 💮|atk|1
|-heal|p2a: Sinistcha|100/100
|
|upkeep
|turn|6
|inactive|HoshinoRiko has 120 seconds left.
|
|t:|1779626498
|switch|p1a: 🈂️|Deoxys-Defense|100/100
|-ability|p1a: 🈂️|Pressure
|move|p2a: Sinistcha|Calm Mind|p2a: Sinistcha
|-boost|p2a: Sinistcha|spa|1
|-boost|p2a: Sinistcha|spd|1
|
|upkeep
|turn|7
|
|t:|1779626509
|move|p1a: 🈂️|Nasty Plot|p1a: 🈂️
|-boost|p1a: 🈂️|spa|2
|move|p2a: Sinistcha|Shadow Ball|p1a: 🈂️
|-supereffective|p1a: 🈂️
|-damage|p1a: 🈂️|33/100
|-enditem|p1a: 🈂️|Weakness Policy
|-boost|p1a: 🈂️|atk|2|[from] item: Weakness Policy
|-boost|p1a: 🈂️|spa|2|[from] item: Weakness Policy
|
|upkeep
|turn|8
|inactive|HoshinoRiko has 120 seconds left.
|
|t:|1779626524
|move|p1a: 🈂️|Psycho Boost|p2a: Sinistcha
|-supereffective|p2a: Sinistcha
|-damage|p2a: Sinistcha|0 fnt
|-unboost|p1a: 🈂️|spa|2
|faint|p2a: Sinistcha
|
|upkeep
|
|t:|1779626531
|switch|p2a: Rillaboom|Rillaboom, M|100/100
|-fieldstart|move: Grassy Terrain|[from] ability: Grassy Surge|[of] p2a: Rillaboom
|turn|9
|
|t:|1779626548
|move|p2a: Rillaboom|Grassy Glide|p1a: 🈂️
|-damage|p1a: 🈂️|0 fnt
|faint|p1a: 🈂️
|-damage|p2a: Rillaboom|91/100|[from] item: Life Orb
|
|-heal|p2a: Rillaboom|97/100|[from] Grassy Terrain
|upkeep
|
|t:|1779626558
|switch|p1a: 🈚️|Iron Hands, shiny|100/100
|-enditem|p1a: 🈚️|Booster Energy
|-activate|p1a: 🈚️|ability: Quark Drive|[fromitem]
|-start|p1a: 🈚️|quarkdrivedef
|turn|10
|
|t:|1779626568
|move|p2a: Rillaboom|Swords Dance|p2a: Rillaboom
|-boost|p2a: Rillaboom|atk|2
|move|p1a: 🈚️|Swords Dance|p1a: 🈚️
|-boost|p1a: 🈚️|atk|2
|
|-heal|p2a: Rillaboom|100/100|[from] Grassy Terrain
|upkeep
|turn|11
|inactive|HoshinoRiko has 120 seconds left.
|
|t:|1779626584
|move|p2a: Rillaboom|Wood Hammer|p1a: 🈚️
|-damage|p1a: 🈚️|15/100
|-damage|p2a: Rillaboom|58/100|[from] Recoil
|-damage|p2a: Rillaboom|48/100|[from] item: Life Orb
|move|p1a: 🈚️|Drain Punch|p2a: Rillaboom
|-damage|p2a: Rillaboom|0 fnt
|-heal|p1a: 🈚️|31/100|[from] drain|[of] p2a: Rillaboom
|faint|p2a: Rillaboom
|
|-heal|p1a: 🈚️|37/100|[from] Grassy Terrain
|upkeep
|inactive|HoshinoRiko has 120 seconds left.
|
|t:|1779626611
|switch|p2a: Pecharunt|Pecharunt|100/100
|turn|12
|
|t:|1779626616
|move|p2a: Pecharunt|Shadow Ball|p1a: 🈚️
|-damage|p1a: 🈚️|14/100
|move|p1a: 🈚️|Thunder Punch|p2a: Pecharunt
|-damage|p2a: Pecharunt|56/100
|
|-heal|p2a: Pecharunt|62/100|[from] Grassy Terrain
|-heal|p1a: 🈚️|20/100|[from] Grassy Terrain
|upkeep
|turn|13
|
|t:|1779626627
|move|p2a: Pecharunt|Shadow Ball|p1a: 🈚️
|-damage|p1a: 🈚️|0 fnt
|faint|p1a: 🈚️
|-end|p1a: 🈚️|Quark Drive|[silent]
|
|-heal|p2a: Pecharunt|68/100|[from] Grassy Terrain
|-fieldend|move: Grassy Terrain
|upkeep
|inactive|yggdrass!l has 120 seconds left.
|
|t:|1779626658
|switch|p1a: 💮|Weavile, M, shiny|100/100
|turn|14
|
|t:|1779626669
|move|p1a: 💮|Knock Off|p2a: Pecharunt
|-supereffective|p2a: Pecharunt
|-damage|p2a: Pecharunt|10/100
|-enditem|p2a: Pecharunt|Covert Cloak|[from] move: Knock Off|[of] p1a: 💮
|move|p2a: Pecharunt|Recover|p2a: Pecharunt
|-heal|p2a: Pecharunt|60/100
|
|upkeep
|turn|15
|
|t:|1779626676
|move|p1a: 💮|Swords Dance|p1a: 💮
|-boost|p1a: 💮|atk|2
|move|p2a: Pecharunt|Recover|p2a: Pecharunt
|-heal|p2a: Pecharunt|100/100
|
|upkeep
|turn|16
|inactive|HoshinoRiko has 120 seconds left.
|
|t:|1779626683
|move|p1a: 💮|Knock Off|p2a: Pecharunt
|-supereffective|p2a: Pecharunt
|-damage|p2a: Pecharunt|23/100
|move|p2a: Pecharunt|Malignant Chain|p1a: 💮
|-damage|p1a: 💮|60/100
|-status|p1a: 💮|tox
|-start|p1a: 💮|confusion|[from] ability: Poison Puppeteer|[of] p2a: Pecharunt
|
|-damage|p1a: 💮|54/100 tox|[from] psn
|upkeep
|turn|17
|inactive|HoshinoRiko has 120 seconds left.
|
|t:|1779626698
|-activate|p1a: 💮|confusion
|move|p1a: 💮|Knock Off|p2a: Pecharunt
|-supereffective|p2a: Pecharunt
|-damage|p2a: Pecharunt|0 fnt
|faint|p2a: Pecharunt
|
|-damage|p1a: 💮|42/100 tox|[from] psn
|upkeep
|
|t:|1779626714
|switch|p2a: Raging Bolt|Raging Bolt|100/100
|turn|18
|
|t:|1779626726
|-activate|p1a: 💮|confusion
|move|p1a: 💮|Triple Axel|p2a: Raging Bolt
|-supereffective|p2a: Raging Bolt
|-damage|p2a: Raging Bolt|66/100
|-hitcount|p2a: Raging Bolt|1
|move|p2a: Raging Bolt|Thunderbolt|p1a: 💮
|-crit|p1a: 💮
|-damage|p1a: 💮|0 fnt
|faint|p1a: 💮
|
|upkeep
|
|t:|1779626734
|switch|p1a: ㊗️|Great Tusk|100/100
|-enditem|p1a: ㊗️|Booster Energy
|-activate|p1a: ㊗️|ability: Protosynthesis|[fromitem]
|-start|p1a: ㊗️|protosynthesisatk
|turn|19
|
|t:|1779626746
|move|p1a: ㊗️|Headlong Rush|p2a: Raging Bolt
|-supereffective|p2a: Raging Bolt
|-damage|p2a: Raging Bolt|0 fnt
|-unboost|p1a: ㊗️|def|1
|-unboost|p1a: ㊗️|spd|1
|faint|p2a: Raging Bolt
|-end|p2a: Raging Bolt|Protosynthesis|[silent]
|
|upkeep
|
|t:|1779626753
|switch|p2a: Maushold|Maushold|100/100
|turn|20
|
|t:|1779626761
|-end|p1a: ㊗️|Protosynthesis|[silent]
|switch|p1a: ⚛️|Registeel, shiny|100/100
|move|p2a: Maushold|Population Bomb|p1a: ⚛️
|-resisted|p1a: ⚛️
|-damage|p1a: ⚛️|98/100
|-damage|p2a: Maushold|84/100|[from] item: Rocky Helmet|[of] p1a: ⚛️
|-resisted|p1a: ⚛️
|-crit|p1a: ⚛️
|-damage|p1a: ⚛️|94/100
|-damage|p2a: Maushold|67/100|[from] item: Rocky Helmet|[of] p1a: ⚛️
|-resisted|p1a: ⚛️
|-damage|p1a: ⚛️|92/100
|-damage|p2a: Maushold|51/100|[from] item: Rocky Helmet|[of] p1a: ⚛️
|-resisted|p1a: ⚛️
|-damage|p1a: ⚛️|89/100
|-damage|p2a: Maushold|34/100|[from] item: Rocky Helmet|[of] p1a: ⚛️
|-resisted|p1a: ⚛️
|-damage|p1a: ⚛️|87/100
|-damage|p2a: Maushold|17/100|[from] item: Rocky Helmet|[of] p1a: ⚛️
|-resisted|p1a: ⚛️
|-damage|p1a: ⚛️|84/100
|-damage|p2a: Maushold|1/100|[from] item: Rocky Helmet|[of] p1a: ⚛️
|-resisted|p1a: ⚛️
|-damage|p1a: ⚛️|82/100
|-damage|p2a: Maushold|0 fnt|[from] item: Rocky Helmet|[of] p1a: ⚛️
|faint|p2a: Maushold
|
|win|yggdrass!l
|-hitcount|p1a: ⚛️|7
|raw|yggdrass!l's rating: 1374 &rarr; <strong>1396</strong><br />(+22 for winning)
|raw|HoshinoRiko's rating: 1408 &rarr; <strong>1386</strong><br />(-22 for losing)
|l|☆HoshinoRiko
|player|p2|
