|j|☆Joopey
|j|☆magicsalt
|t:|1779630717
|gametype|singles
|player|p1|Joopey|policeman-gen4|1096
|player|p2|magicsalt|clair|1143
|gen|9
|tier|[Gen 9] OU
|rated|
|rule|HP Percentage Mod: HP is shown in percentages
|rule|Endless Battle Clause: Forcing endless battles is banned
|rule|Species Clause: Limit one of each Pokémon
|rule|OHKO Clause: OHKO moves are banned
|rule|Evasion Items Clause: Evasion items are banned
|rule|Evasion Moves Clause: Evasion moves are banned
|rule|Evasion Abilities Clause: Evasion abilities are banned
|rule|Sleep Moves Clause: Sleep-inducing moves are banned
|clearpoke
|poke|p1|Gholdengo|
|poke|p1|Clodsire, F|
|poke|p1|Surskit, M|
|poke|p1|Carkol, F|
|poke|p1|Azelf|
|poke|p1|Tauros-Paldea-Blaze, M|
|poke|p2|Salazzle, F|
|poke|p2|Glimmora, F|
|poke|p2|Weezing-Galar, M|
|poke|p2|Toxapex, F|
|poke|p2|Blaziken, M|
|poke|p2|Blissey, F|
|teampreview
|
|t:|1779630727
|teamsize|p1|6
|teamsize|p2|6
|start
|switch|p1a: Clodsire|Clodsire, F|100/100
|switch|p2a: A roc|Glimmora, F, shiny|100/100
|turn|1
|
|t:|1779630738
|move|p2a: A roc|Toxic|p1a: Clodsire
|-status|p1a: Clodsire|tox
|move|p1a: Clodsire|Spikes|p2a: A roc
|-sidestart|p2: magicsalt|Spikes
|
|-damage|p1a: Clodsire|94/100 tox|[from] psn
|upkeep
|turn|2
|
|t:|1779630750
|move|p2a: A roc|Mortal Spin|p1a: Clodsire
|-resisted|p1a: Clodsire
|-damage|p1a: Clodsire|92/100 tox
|-sideend|p2: magicsalt|Spikes|[from] move: Mortal Spin|[of] p2a: A roc
|move|p1a: Clodsire|Body Slam|p2a: A roc
|-resisted|p2a: A roc
|-damage|p2a: A roc|93/100
|
|-damage|p1a: Clodsire|80/100 tox|[from] psn
|upkeep
|turn|3
|
|t:|1779630761
|switch|p1a: Gholdengo|Gholdengo|100/100
|move|p2a: A roc|Stealth Rock|p1a: Gholdengo
|-sidestart|p1: Joopey|move: Stealth Rock
|
|upkeep
|turn|4
|
|t:|1779630783
|switch|p2a: Spikey thingy|Toxapex, F|100/100
|move|p1a: Gholdengo|Hex|p2a: Spikey thingy
|-damage|p2a: Spikey thingy|77/100
|
|-heal|p2a: Spikey thingy|83/100|[from] item: Leftovers
|upkeep
|turn|5
|
|t:|1779630794
|switch|p1a: Carkol|Carkol, F|100/100
|-damage|p1a: Carkol|75/100|[from] Stealth Rock
|move|p2a: Spikey thingy|Infestation|p1a: Carkol
|-resisted|p1a: Carkol
|-damage|p1a: Carkol|75/100
|-activate|p1a: Carkol|move: Infestation|[of] p2a: Spikey thingy
|-status|p2a: Spikey thingy|brn|[from] ability: Flame Body|[of] p1a: Carkol
|
|-heal|p2a: Spikey thingy|89/100 brn|[from] item: Leftovers
|-damage|p2a: Spikey thingy|83/100 brn|[from] brn
|-damage|p1a: Carkol|62/100|[from] move: Infestation|[partiallytrapped]
|upkeep
|turn|6
|
|t:|1779630808
|move|p2a: Spikey thingy|Baneful Bunker|p2a: Spikey thingy
|-singleturn|p2a: Spikey thingy|move: Protect
|move|p1a: Carkol|Rapid Spin|p2a: Spikey thingy
|-activate|p2a: Spikey thingy|move: Protect
|-status|p1a: Carkol|psn
|
|-heal|p2a: Spikey thingy|89/100 brn|[from] item: Leftovers
|-damage|p1a: Carkol|50/100 psn|[from] psn
|-damage|p2a: Spikey thingy|83/100 brn|[from] brn
|-damage|p1a: Carkol|38/100 psn|[from] move: Infestation|[partiallytrapped]
|upkeep
|turn|7
|
|t:|1779630820
|move|p1a: Carkol|Rapid Spin|p2a: Spikey thingy
|-damage|p2a: Spikey thingy|77/100 brn
|-boost|p1a: Carkol|spe|1
|-sideend|p1: Joopey|Stealth Rock|[from] move: Rapid Spin|[of] p1a: Carkol
|-end|p1a: Carkol|Infestation|[partiallytrapped]
|move|p2a: Spikey thingy|Pain Split|p1a: Carkol
|-sethp|p1a: Carkol|47/100 psn|[from] move: Pain Split|[silent]
|-sethp|p2a: Spikey thingy|64/100 brn|[from] move: Pain Split
|
|-heal|p2a: Spikey thingy|70/100 brn|[from] item: Leftovers
|-damage|p1a: Carkol|34/100 psn|[from] psn
|-damage|p2a: Spikey thingy|64/100 brn|[from] brn
|upkeep
|turn|8
|
|t:|1779630834
|move|p2a: Spikey thingy|Baneful Bunker|p2a: Spikey thingy
|-singleturn|p2a: Spikey thingy|move: Protect
|move|p1a: Carkol|Stealth Rock|p2a: Spikey thingy
|-sidestart|p2: magicsalt|move: Stealth Rock
|
|-heal|p2a: Spikey thingy|70/100 brn|[from] item: Leftovers
|-damage|p1a: Carkol|22/100 psn|[from] psn
|-damage|p2a: Spikey thingy|64/100 brn|[from] brn
|upkeep
|turn|9
|
|t:|1779630845
|move|p1a: Carkol|Explosion|p2a: Spikey thingy
|-damage|p2a: Spikey thingy|37/100 brn
|faint|p1a: Carkol
|move|p2a: Spikey thingy|Recover|p2a: Spikey thingy
|-heal|p2a: Spikey thingy|87/100 brn
|
|-heal|p2a: Spikey thingy|93/100 brn|[from] item: Leftovers
|-damage|p2a: Spikey thingy|87/100 brn|[from] brn
|upkeep
|
|t:|1779630855
|switch|p1a: Azelf|Azelf|100/100
|turn|10
|
|t:|1779630872
|switch|p2a: Fatty whopper|Blissey, F|100/100
|-damage|p2a: Fatty whopper|88/100|[from] Stealth Rock
|move|p1a: Azelf|Encore||[still]
|-fail|p1a: Azelf
|
|-heal|p2a: Fatty whopper|94/100|[from] item: Leftovers
|upkeep
|turn|11
|
|t:|1779630881
|switch|p1a: Gholdengo|Gholdengo|100/100
|move|p2a: Fatty whopper|Heal Bell|p2a: Fatty whopper
|-activate|p2a: Fatty whopper|move: Heal Bell
|-curestatus|p2: Spikey thingy|brn|[msg]
|
|-heal|p2a: Fatty whopper|99/100|[from] item: Leftovers
|upkeep
|turn|12
|
|t:|1779630896
|switch|p1a: Surskit|Surskit, M|100/100
|switch|p2a: Lung cancer|Weezing-Galar, M|100/100
|-damage|p2a: Lung cancer|88/100|[from] Stealth Rock
|
|upkeep
|turn|13
|
|t:|1779630909
|switch|p1a: Azelf|Azelf|100/100
|move|p2a: Lung cancer|Defog|p1a: Azelf
|-unboost|p1a: Azelf|evasion|1
|-sideend|p2: magicsalt|Stealth Rock|[from] move: Defog|[of] p2a: Lung cancer
|
|upkeep
|turn|14
|
|t:|1779630920
|move|p1a: Azelf|Encore|p2a: Lung cancer
|-start|p2a: Lung cancer|Encore
|-enditem|p2a: Lung cancer|Mental Herb
|-end|p2a: Lung cancer|Encore
|move|p2a: Lung cancer|Toxic|p1a: Azelf
|-status|p1a: Azelf|tox
|
|-damage|p1a: Azelf|94/100 tox|[from] psn
|upkeep
|turn|15
|
|t:|1779630930
|switch|p1a: Gholdengo|Gholdengo|100/100
|move|p2a: Lung cancer|Protect||[still]
|-fail|p2a: Lung cancer
|
|upkeep
|turn|16
|-message|Joopey forfeited.
|
|win|magicsalt
|raw|Joopey's rating: 1096 &rarr; <strong>1075</strong><br />(-21 for losing)
|raw|magicsalt's rating: 1143 &rarr; <strong>1165</strong><br />(+22 for winning)
|l|☆Joopey
|player|p1|
