|j|☆Spashtm
|j|☆yellowfly97
|t:|1779610378
|gametype|singles
|player|p1|Spashtm|cress|1091
|player|p2|yellowfly97|artist|1063
|gen|9
|tier|[Gen 9] OU
|rated|
|rule|HP Percentage Mod: HP is shown in percentages
|rule|Endless Battle Clause: Forcing endless battles is banned
|rule|Species Clause: Limit one of each Pokémon
|rule|OHKO Clause: OHKO moves are banned
|rule|Evasion Items Clause: Evasion items are banned
|rule|Evasion Moves Clause: Evasion moves are banned
|rule|Evasion Abilities Clause: Evasion abilities are banned
|rule|Sleep Moves Clause: Sleep-inducing moves are banned
|clearpoke
|poke|p1|Mienshao, F|
|poke|p1|Greninja-*, M|
|poke|p1|Brambleghast, F|
|poke|p1|Masquerain, F|
|poke|p1|Meloetta|
|poke|p1|Heatran, M|
|poke|p2|Lilligant, F|
|poke|p2|Ninetales, F|
|poke|p2|Great Tusk|
|poke|p2|Walking Wake|
|poke|p2|Hatterene, F|
|poke|p2|Slither Wing|
|teampreview
|
|t:|1779610388
|teamsize|p1|6
|teamsize|p2|6
|start
|switch|p1a: Heatran|Heatran, M|100/100
|switch|p2a: Ninetales|Ninetales, F|100/100
|-weather|SunnyDay|[from] ability: Drought|[of] p2a: Ninetales
|turn|1
|
|t:|1779610396
|move|p1a: Heatran|Earth Power|p2a: Ninetales
|-supereffective|p2a: Ninetales
|-damage|p2a: Ninetales|29/100
|move|p2a: Ninetales|Overheat|p1a: Heatran
|-damage|p1a: Heatran|24/100
|-unboost|p2a: Ninetales|spa|2
|
|-weather|SunnyDay|[upkeep]
|upkeep
|turn|2
|
|t:|1779610407
|switch|p2a: Walking Wake|Walking Wake|100/100
|-activate|p2a: Walking Wake|ability: Protosynthesis
|-start|p2a: Walking Wake|protosynthesisspa
|move|p1a: Heatran|Earth Power|p2a: Walking Wake
|-damage|p2a: Walking Wake|66/100
|
|-weather|SunnyDay|[upkeep]
|upkeep
|turn|3
|
|t:|1779610416
|switch|p1a: Meloetta|Meloetta|100/100
|move|p2a: Walking Wake|Hydro Steam|p1a: Meloetta
|-damage|p1a: Meloetta|35/100
|
|-weather|SunnyDay|[upkeep]
|upkeep
|turn|4
|
|t:|1779610423
|move|p2a: Walking Wake|Hydro Steam|p1a: Meloetta
|-damage|p1a: Meloetta|0 fnt
|faint|p1a: Meloetta
|
|-weather|SunnyDay|[upkeep]
|upkeep
|
|t:|1779610433
|switch|p1a: Masquerain|Masquerain, F|100/100
|-ability|p1a: Masquerain|Intimidate|boost
|-unboost|p2a: Walking Wake|atk|1
|turn|5
|
|t:|1779610438
|move|p2a: Walking Wake|Hydro Steam|p1a: Masquerain
|-enditem|p1a: Masquerain|Focus Sash
|-damage|p1a: Masquerain|1/100
|move|p1a: Masquerain|Sticky Web|p2a: Walking Wake
|-sidestart|p2: yellowfly97|move: Sticky Web
|
|-weather|SunnyDay|[upkeep]
|upkeep
|turn|6
|
|t:|1779610445
|move|p2a: Walking Wake|Hydro Steam|p1a: Masquerain
|-crit|p1a: Masquerain
|-damage|p1a: Masquerain|0 fnt
|faint|p1a: Masquerain
|
|-weather|SunnyDay|[upkeep]
|upkeep
|
|t:|1779610453
|switch|p1a: Mienshao|Mienshao, F|100/100
|turn|7
|
|t:|1779610457
|move|p1a: Mienshao|Fake Out|p2a: Walking Wake
|-damage|p2a: Walking Wake|47/100
|-damage|p1a: Mienshao|91/100|[from] item: Life Orb
|cant|p2a: Walking Wake|flinch
|
|-weather|SunnyDay|[upkeep]
|upkeep
|turn|8
|
|t:|1779610464
|move|p1a: Mienshao|Close Combat|p2a: Walking Wake
|-damage|p2a: Walking Wake|0 fnt
|-unboost|p1a: Mienshao|def|1
|-unboost|p1a: Mienshao|spd|1
|faint|p2a: Walking Wake
|-end|p2a: Walking Wake|Protosynthesis|[silent]
|-damage|p1a: Mienshao|81/100|[from] item: Life Orb
|
|-weather|none
|upkeep
|
|t:|1779610474
|switch|p2a: Great Tusk|Great Tusk|100/100
|-activate|p2a: Great Tusk|move: Sticky Web
|-unboost|p2a: Great Tusk|spe|1
|turn|9
|
|t:|1779610478
|move|p1a: Mienshao|U-turn|p2a: Great Tusk
|-resisted|p2a: Great Tusk
|-damage|p2a: Great Tusk|91/100
|-damage|p1a: Mienshao|64/100|[from] item: Rocky Helmet|[of] p2a: Great Tusk
|-damage|p1a: Mienshao|54/100|[from] item: Life Orb
|
|t:|1779610483
|switch|p1a: Brambleghast|Brambleghast, F|100/100|[from] U-turn
|move|p2a: Great Tusk|Rapid Spin|p1a: Brambleghast
|-immune|p1a: Brambleghast
|
|upkeep
|turn|10
|
|t:|1779610494
|move|p1a: Brambleghast|Strength Sap|p2a: Great Tusk
|-unboost|p2a: Great Tusk|atk|1
|move|p2a: Great Tusk|Ice Spinner|p1a: Brambleghast
|-supereffective|p1a: Brambleghast
|-crit|p1a: Brambleghast
|-damage|p1a: Brambleghast|0 fnt
|faint|p1a: Brambleghast
|
|upkeep
|
|t:|1779610507
|switch|p1a: Greninja|Greninja, M|100/100
|turn|11
|
|t:|1779610514
|-terastallize|p2a: Great Tusk|Ice
|move|p1a: Greninja|Water Shuriken|p2a: Great Tusk
|-damage|p2a: Great Tusk|83/100
|-damage|p2a: Great Tusk|75/100
|-hitcount|p2a: Great Tusk|2
|move|p2a: Great Tusk|Rapid Spin|p1a: Greninja
|-damage|p1a: Greninja|84/100
|-boost|p2a: Great Tusk|spe|1
|-sideend|p2: yellowfly97|Sticky Web|[from] move: Rapid Spin|[of] p2a: Great Tusk
|
|upkeep
|turn|12
|-message|Spashtm forfeited.
|
|win|yellowfly97
|raw|Spashtm's rating: 1091 &rarr; <strong>1065</strong><br />(-26 for losing)
|raw|yellowfly97's rating: 1063 &rarr; <strong>1096</strong><br />(+33 for winning)
|l|☆Spashtm
|player|p1|
|l|☆yellowfly97
|player|p2|
