|j|☆baansodboi
|j|☆Rajang915
|t:|1779707899
|gametype|singles
|player|p1|baansodboi|1|1139
|player|p2|Rajang915|juggler|1088
|gen|9
|tier|[Gen 9] OU
|rated|
|rule|HP Percentage Mod: HP is shown in percentages
|rule|Endless Battle Clause: Forcing endless battles is banned
|rule|Species Clause: Limit one of each Pokémon
|rule|OHKO Clause: OHKO moves are banned
|rule|Evasion Items Clause: Evasion items are banned
|rule|Evasion Moves Clause: Evasion moves are banned
|rule|Evasion Abilities Clause: Evasion abilities are banned
|rule|Sleep Moves Clause: Sleep-inducing moves are banned
|clearpoke
|poke|p1|Jirachi|
|poke|p1|Meloetta|
|poke|p1|Chandelure, F|
|poke|p1|Clodsire, F|
|poke|p1|Skarmory, M|
|poke|p1|Glimmora, M|
|poke|p2|Ting-Lu|
|poke|p2|Corviknight, M|
|poke|p2|Toxapex, M|
|poke|p2|Clodsire, F|
|poke|p2|Dragalge, F|
|poke|p2|Kingambit, M|
|teampreview
|
|t:|1779707905
|teamsize|p1|6
|teamsize|p2|6
|start
|switch|p1a: Meloetta|Meloetta, shiny|100/100
|switch|p2a: Ting-Lu|Ting-Lu, shiny|100/100
|-ability|p2a: Ting-Lu|Vessel of Ruin
|turn|1
|
|t:|1779707911
|move|p1a: Meloetta|Relic Song|p2a: Ting-Lu
|-damage|p2a: Ting-Lu|80/100
|-formechange|p1a: Meloetta|Meloetta-Pirouette|[msg]
|-damage|p1a: Meloetta|91/100|[from] item: Life Orb
|move|p2a: Ting-Lu|Stealth Rock|p1a: Meloetta
|-sidestart|p1: baansodboi|move: Stealth Rock
|
|-heal|p2a: Ting-Lu|87/100|[from] item: Leftovers
|upkeep
|turn|2
|
|t:|1779707921
|move|p1a: Meloetta|Triple Axel|p2a: Ting-Lu
|-supereffective|p2a: Ting-Lu
|-damage|p2a: Ting-Lu|78/100
|-supereffective|p2a: Ting-Lu
|-damage|p2a: Ting-Lu|59/100
|-supereffective|p2a: Ting-Lu
|-damage|p2a: Ting-Lu|29/100
|-hitcount|p2a: Ting-Lu|3
|-damage|p1a: Meloetta|81/100|[from] item: Life Orb
|move|p2a: Ting-Lu|Spikes|p1a: Meloetta
|-sidestart|p1: baansodboi|Spikes
|
|-heal|p2a: Ting-Lu|35/100|[from] item: Leftovers
|upkeep
|turn|3
|
|t:|1779707940
|move|p1a: Meloetta|Knock Off|p2a: Ting-Lu
|-resisted|p2a: Ting-Lu
|-damage|p2a: Ting-Lu|23/100
|-enditem|p2a: Ting-Lu|Leftovers|[from] move: Knock Off|[of] p1a: Meloetta
|-damage|p1a: Meloetta|71/100|[from] item: Life Orb
|move|p2a: Ting-Lu|Earthquake|p1a: Meloetta
|-damage|p1a: Meloetta|29/100
|
|upkeep
|turn|4
|
|t:|1779707952
|move|p1a: Meloetta|Triple Axel|p2a: Ting-Lu
|-supereffective|p2a: Ting-Lu
|-damage|p2a: Ting-Lu|12/100
|-hitcount|p2a: Ting-Lu|1
|-damage|p1a: Meloetta|19/100|[from] item: Life Orb
|move|p2a: Ting-Lu|Earthquake|p1a: Meloetta
|-damage|p1a: Meloetta|0 fnt
|faint|p1a: Meloetta
|
|upkeep
|
|t:|1779707976
|switch|p1a: Skarmory|Skarmory, M|100/100
|-damage|p1a: Skarmory|88/100|[from] Stealth Rock
|turn|5
|
|t:|1779707982
|move|p2a: Ting-Lu|Spikes|p1a: Skarmory
|-sidestart|p1: baansodboi|Spikes
|move|p1a: Skarmory|Body Press|p2a: Ting-Lu
|-supereffective|p2a: Ting-Lu
|-damage|p2a: Ting-Lu|0 fnt
|faint|p2a: Ting-Lu
|
|upkeep
|
|t:|1779707988
|switch|p2a: Clodsire|Clodsire, F, shiny|100/100
|turn|6
|
|t:|1779707994
|move|p1a: Skarmory|Stealth Rock|p2a: Clodsire
|-sidestart|p2: Rajang915|move: Stealth Rock
|move|p2a: Clodsire|Stealth Rock||[still]
|-fail|p2a: Clodsire
|
|upkeep
|turn|7
|
|t:|1779708006
|switch|p2a: Toxapex|Toxapex, M|100/100
|-damage|p2a: Toxapex|88/100|[from] Stealth Rock
|move|p1a: Skarmory|Iron Defense|p1a: Skarmory
|-boost|p1a: Skarmory|def|2
|
|-heal|p2a: Toxapex|94/100|[from] item: Leftovers
|upkeep
|turn|8
|
|t:|1779708014
|move|p1a: Skarmory|Iron Defense|p1a: Skarmory
|-boost|p1a: Skarmory|def|2
|move|p2a: Toxapex|Toxic Spikes|p1a: Skarmory
|-sidestart|p1: baansodboi|move: Toxic Spikes
|
|-heal|p2a: Toxapex|100/100|[from] item: Leftovers
|upkeep
|turn|9
|
|t:|1779708024
|move|p1a: Skarmory|Iron Defense|p1a: Skarmory
|-boost|p1a: Skarmory|def|2
|move|p2a: Toxapex|Hydro Pump|p1a: Skarmory
|-damage|p1a: Skarmory|56/100
|
|upkeep
|turn|10
|
|t:|1779708031
|move|p1a: Skarmory|Body Press|p2a: Toxapex
|-resisted|p2a: Toxapex
|-damage|p2a: Toxapex|62/100
|move|p2a: Toxapex|Hydro Pump|p1a: Skarmory
|-damage|p1a: Skarmory|24/100
|
|-heal|p2a: Toxapex|69/100|[from] item: Leftovers
|upkeep
|turn|11
|
|t:|1779708038
|move|p1a: Skarmory|Roost|p1a: Skarmory
|-heal|p1a: Skarmory|74/100
|-singleturn|p1a: Skarmory|move: Roost
|move|p2a: Toxapex|Hydro Pump|p1a: Skarmory
|-damage|p1a: Skarmory|42/100
|
|-heal|p2a: Toxapex|75/100|[from] item: Leftovers
|upkeep
|turn|12
|
|t:|1779708047
|move|p1a: Skarmory|Body Press|p2a: Toxapex
|-resisted|p2a: Toxapex
|-damage|p2a: Toxapex|36/100
|move|p2a: Toxapex|Hydro Pump|p1a: Skarmory
|-damage|p1a: Skarmory|13/100
|
|-heal|p2a: Toxapex|42/100|[from] item: Leftovers
|upkeep
|turn|13
|
|t:|1779708056
|move|p1a: Skarmory|Roost|p1a: Skarmory
|-heal|p1a: Skarmory|63/100
|-singleturn|p1a: Skarmory|move: Roost
|move|p2a: Toxapex|Hydro Pump|p1a: Skarmory
|-damage|p1a: Skarmory|33/100
|
|-heal|p2a: Toxapex|49/100|[from] item: Leftovers
|upkeep
|turn|14
|
|t:|1779708065
|move|p1a: Skarmory|Body Press|p2a: Toxapex
|-resisted|p2a: Toxapex
|-damage|p2a: Toxapex|11/100
|move|p2a: Toxapex|Hydro Pump|p1a: Skarmory
|-damage|p1a: Skarmory|5/100
|
|-heal|p2a: Toxapex|17/100|[from] item: Leftovers
|upkeep
|turn|15
|
|t:|1779708073
|move|p1a: Skarmory|Roost|p1a: Skarmory
|-heal|p1a: Skarmory|55/100
|-singleturn|p1a: Skarmory|move: Roost
|move|p2a: Toxapex|Hydro Pump|p1a: Skarmory|[miss]
|-miss|p2a: Toxapex|p1a: Skarmory
|
|-heal|p2a: Toxapex|23/100|[from] item: Leftovers
|upkeep
|turn|16
|
|t:|1779708081
|move|p1a: Skarmory|Body Press|p2a: Toxapex
|-resisted|p2a: Toxapex
|-damage|p2a: Toxapex|0 fnt
|faint|p2a: Toxapex
|
|upkeep
|
|t:|1779708085
|switch|p2a: Corviknight|Corviknight, M, shiny|100/100
|-ability|p2a: Corviknight|Pressure
|turn|17
|
|t:|1779708094
|move|p2a: Corviknight|U-turn|p1a: Skarmory
|-resisted|p1a: Skarmory
|-damage|p1a: Skarmory|54/100
|-damage|p2a: Corviknight|84/100|[from] item: Rocky Helmet|[of] p1a: Skarmory
|
|t:|1779708099
|switch|p2a: Dragalge|Dragalge, F, shiny|100/100|[from] U-turn
|-damage|p2a: Dragalge|88/100|[from] Stealth Rock
|move|p1a: Skarmory|Roost|p1a: Skarmory
|-heal|p1a: Skarmory|100/100
|-singleturn|p1a: Skarmory|move: Roost
|
|upkeep
|turn|18
|
|t:|1779708113
|move|p2a: Dragalge|Shadow Ball|p1a: Skarmory
|-damage|p1a: Skarmory|54/100
|move|p1a: Skarmory|Body Press|p2a: Dragalge
|-resisted|p2a: Dragalge
|-damage|p2a: Dragalge|6/100
|
|upkeep
|turn|19
|
|t:|1779708125
|move|p2a: Dragalge|Shadow Ball|p1a: Skarmory
|-damage|p1a: Skarmory|11/100
|-unboost|p1a: Skarmory|spd|1
|move|p1a: Skarmory|Body Press|p2a: Dragalge
|-resisted|p2a: Dragalge
|-damage|p2a: Dragalge|0 fnt
|faint|p2a: Dragalge
|
|upkeep
|
|t:|1779708135
|switch|p2a: Corviknight|Corviknight, M, shiny|84/100
|-ability|p2a: Corviknight|Pressure
|turn|20
|
|t:|1779708140
|move|p2a: Corviknight|Brave Bird|p1a: Skarmory
|-resisted|p1a: Skarmory
|-damage|p1a: Skarmory|9/100
|-damage|p2a: Corviknight|67/100|[from] item: Rocky Helmet|[of] p1a: Skarmory
|-damage|p2a: Corviknight|67/100|[from] Recoil
|move|p1a: Skarmory|Roost|p1a: Skarmory
|-heal|p1a: Skarmory|59/100
|-singleturn|p1a: Skarmory|move: Roost
|
|upkeep
|turn|21
|
|t:|1779708149
|move|p2a: Corviknight|U-turn|p1a: Skarmory
|-resisted|p1a: Skarmory
|-damage|p1a: Skarmory|58/100
|-damage|p2a: Corviknight|50/100|[from] item: Rocky Helmet|[of] p1a: Skarmory
|
|t:|1779708157
|switch|p2a: Kingambit|Kingambit, M|100/100|[from] U-turn
|-damage|p2a: Kingambit|94/100|[from] Stealth Rock
|-activate|p2a: Kingambit|ability: Supreme Overlord
|-start|p2a: Kingambit|fallen3|[silent]
|move|p1a: Skarmory|Roost|p1a: Skarmory
|-heal|p1a: Skarmory|100/100
|-singleturn|p1a: Skarmory|move: Roost
|
|upkeep
|turn|22
|
|t:|1779708166
|move|p1a: Skarmory|Body Press|p2a: Kingambit
|-supereffective|p2a: Kingambit
|-damage|p2a: Kingambit|0 fnt
|faint|p2a: Kingambit
|-end|p2a: Kingambit|fallen3|[silent]
|
|upkeep
|
|t:|1779708172
|switch|p2a: Clodsire|Clodsire, F, shiny|100/100
|-damage|p2a: Clodsire|94/100|[from] Stealth Rock
|turn|23
|
|t:|1779708179
|move|p1a: Skarmory|Body Press|p2a: Clodsire
|-resisted|p2a: Clodsire
|-crit|p2a: Clodsire
|-damage|p2a: Clodsire|0 fnt
|faint|p2a: Clodsire
|
|upkeep
|
|t:|1779708185
|switch|p2a: Corviknight|Corviknight, M, shiny|50/100
|-ability|p2a: Corviknight|Pressure
|turn|24
|
|t:|1779708193
|move|p2a: Corviknight|Roost|p2a: Corviknight
|-heal|p2a: Corviknight|99/100
|-singleturn|p2a: Corviknight|move: Roost
|move|p1a: Skarmory|Body Press|p2a: Corviknight
|-supereffective|p2a: Corviknight
|-damage|p2a: Corviknight|0 fnt
|faint|p2a: Corviknight
|
|win|baansodboi
|raw|baansodboi's rating: 1139 &rarr; <strong>1160</strong><br />(+21 for winning)
|raw|Rajang915's rating: 1088 &rarr; <strong>1068</strong><br />(-20 for losing)
|l|☆Rajang915
|player|p2|
|l|☆baansodboi
|player|p1|
