|j|☆JerkyGirlsAmerica
|j|☆sughari
|t:|1779583085
|gametype|singles
|player|p1|JerkyGirlsAmerica|veteran-gen4|1074
|player|p2|sughari|169|1068
|gen|9
|tier|[Gen 9] OU
|rated|
|rule|HP Percentage Mod: HP is shown in percentages
|rule|Endless Battle Clause: Forcing endless battles is banned
|rule|Species Clause: Limit one of each Pokémon
|rule|OHKO Clause: OHKO moves are banned
|rule|Evasion Items Clause: Evasion items are banned
|rule|Evasion Moves Clause: Evasion moves are banned
|rule|Evasion Abilities Clause: Evasion abilities are banned
|rule|Sleep Moves Clause: Sleep-inducing moves are banned
|clearpoke
|poke|p1|Electabuzz, M|
|poke|p1|Hitmonchan, M|
|poke|p1|Mamoswine, M|
|poke|p1|Salamence, M|
|poke|p1|Slaking, M|
|poke|p1|Dragapult, M|
|poke|p2|Salamence, F|
|poke|p2|Weavile, M|
|poke|p2|Arcanine-Hisui, F|
|poke|p2|Empoleon, M|
|poke|p2|Espeon, M|
|poke|p2|Iron Moth|
|teampreview
|
|t:|1779583096
|teamsize|p1|6
|teamsize|p2|6
|start
|switch|p1a: Mamoswine|Mamoswine, M, shiny|100/100
|switch|p2a: Salamence|Salamence, F|100/100
|-ability|p2a: Salamence|Intimidate|boost
|-unboost|p1a: Mamoswine|atk|1
|turn|1
|
|t:|1779583117
|move|p2a: Salamence|Hydro Pump|p1a: Mamoswine
|-supereffective|p1a: Mamoswine
|-damage|p1a: Mamoswine|52/100
|move|p1a: Mamoswine|Trailblaze|p2a: Salamence
|-resisted|p2a: Salamence
|-damage|p2a: Salamence|97/100
|-boost|p1a: Mamoswine|spe|1
|
|upkeep
|turn|2
|
|t:|1779583127
|switch|p2a: Empoleon|Empoleon, M|100/100
|move|p1a: Mamoswine|Icicle Crash|p2a: Empoleon|[miss]
|-miss|p1a: Mamoswine|p2a: Empoleon
|
|upkeep
|turn|3
|
|t:|1779583139
|switch|p2a: Salamence|Salamence, F|97/100
|-ability|p2a: Salamence|Intimidate|boost
|-unboost|p1a: Mamoswine|atk|1
|move|p1a: Mamoswine|Dig||[still]
|-prepare|p1a: Mamoswine|Dig
|
|upkeep
|turn|4
|
|t:|1779583169
|move|p1a: Mamoswine|Dig|p2a: Salamence|[from] lockedmove
|-immune|p2a: Salamence
|move|p2a: Salamence|Hydro Pump|p1a: Mamoswine
|-supereffective|p1a: Mamoswine
|-damage|p1a: Mamoswine|5/100
|
|upkeep
|turn|5
|
|t:|1779583182
|switch|p2a: Arcanine|Arcanine-Hisui, F|100/100
|move|p1a: Mamoswine|Dig||[still]
|-prepare|p1a: Mamoswine|Dig
|
|upkeep
|turn|6
|
|t:|1779583189
|switch|p2a: Salamence|Salamence, F|97/100
|-ability|p2a: Salamence|Intimidate|boost
|-unboost|p1a: Mamoswine|atk|1
|move|p1a: Mamoswine|Dig|p2a: Salamence|[from] lockedmove
|-immune|p2a: Salamence
|
|upkeep
|turn|7
|
|t:|1779583201
|move|p1a: Mamoswine|Icicle Crash|p2a: Salamence
|-supereffective|p2a: Salamence
|-damage|p2a: Salamence|17/100
|cant|p2a: Salamence|flinch
|
|upkeep
|turn|8
|
|t:|1779583210
|move|p1a: Mamoswine|Ice Shard|p2a: Salamence
|-supereffective|p2a: Salamence
|-damage|p2a: Salamence|0 fnt
|faint|p2a: Salamence
|
|upkeep
|
|t:|1779583217
|switch|p2a: Arcanine|Arcanine-Hisui, F|100/100
|turn|9
|
|t:|1779583222
|move|p2a: Arcanine|Extreme Speed|p1a: Mamoswine
|-damage|p1a: Mamoswine|0 fnt
|faint|p1a: Mamoswine
|
|upkeep
|
|t:|1779583232
|switch|p1a: Slaking|Slaking, M, shiny|100/100
|turn|10
|
|t:|1779583241
|switch|p2a: Empoleon|Empoleon, M|100/100
|move|p1a: Slaking|Drain Punch|p2a: Empoleon
|-supereffective|p2a: Empoleon
|-damage|p2a: Empoleon|15/100
|
|-heal|p2a: Empoleon|21/100|[from] item: Leftovers
|upkeep
|turn|11
|
|t:|1779583255
|switch|p1a: Salamence|Salamence, M|100/100
|move|p2a: Empoleon|Roar|p1a: Salamence
|drag|p1a: Electabuzz|Electabuzz, M|100/100
|-item|p1a: Electabuzz|Air Balloon
|
|-heal|p2a: Empoleon|27/100|[from] item: Leftovers
|upkeep
|turn|12
|
|t:|1779583266
|move|p1a: Electabuzz|Charge Beam|p2a: Empoleon
|-supereffective|p2a: Empoleon
|-damage|p2a: Empoleon|0 fnt
|-boost|p1a: Electabuzz|spa|1
|faint|p2a: Empoleon
|
|upkeep
|
|t:|1779583275
|switch|p2a: Arcanine|Arcanine-Hisui, F|100/100
|turn|13
|
|t:|1779583298
|move|p2a: Arcanine|Stone Edge|p1a: Electabuzz
|-damage|p1a: Electabuzz|17/100
|-enditem|p1a: Electabuzz|Air Balloon
|move|p1a: Electabuzz|Thunder|p2a: Arcanine|[miss]
|-miss|p1a: Electabuzz|p2a: Arcanine
|
|upkeep
|turn|14
|
|t:|1779583313
|move|p2a: Arcanine|Stone Edge|p1a: Electabuzz
|-damage|p1a: Electabuzz|0 fnt
|faint|p1a: Electabuzz
|
|upkeep
|
|t:|1779583320
|switch|p1a: Slaking|Slaking, M, shiny|100/100
|turn|15
|
|t:|1779583326
|move|p2a: Arcanine|Stone Edge|p1a: Slaking|[miss]
|-miss|p2a: Arcanine|p1a: Slaking
|move|p1a: Slaking|Drain Punch|p2a: Arcanine
|-supereffective|p2a: Arcanine
|-damage|p2a: Arcanine|0 fnt
|faint|p2a: Arcanine
|
|upkeep
|
|t:|1779583338
|switch|p2a: Espeon|Espeon, M|100/100
|turn|16
|
|t:|1779583350
|switch|p1a: Salamence|Salamence, M|100/100
|-terastallize|p2a: Espeon|Fairy
|move|p2a: Espeon|Calm Mind|p2a: Espeon
|-boost|p2a: Espeon|spa|1
|-boost|p2a: Espeon|spd|1
|
|upkeep
|turn|17
|
|t:|1779583360
|-terastallize|p1a: Salamence|Ice
|move|p2a: Espeon|Dazzling Gleam|p1a: Salamence
|-damage|p1a: Salamence|40/100
|move|p1a: Salamence|Dragon Dance|p1a: Salamence
|-boost|p1a: Salamence|atk|1
|-boost|p1a: Salamence|spe|1
|
|upkeep
|turn|18
|
|t:|1779583370
|move|p1a: Salamence|Dual Wingbeat|p2a: Espeon
|-damage|p2a: Espeon|38/100
|-crit|p2a: Espeon
|-damage|p2a: Espeon|0 fnt
|faint|p2a: Espeon
|-ability|p1a: Salamence|Moxie|boost
|-boost|p1a: Salamence|atk|1
|-hitcount|p2: Espeon|2
|
|upkeep
|
|t:|1779583379
|switch|p2a: Iron Moth|Iron Moth|100/100
|-enditem|p2a: Iron Moth|Booster Energy
|-activate|p2a: Iron Moth|ability: Quark Drive|[fromitem]
|-start|p2a: Iron Moth|quarkdrivespe
|turn|19
|
|t:|1779583388
|move|p2a: Iron Moth|Fiery Dance|p1a: Salamence
|-supereffective|p1a: Salamence
|-damage|p1a: Salamence|0 fnt
|-boost|p2a: Iron Moth|spa|1
|faint|p1a: Salamence
|
|upkeep
|inactive|Battle timer is ON: inactive players will automatically lose when time's up. (requested by sughari)
|
|t:|1779583422
|switch|p1a: Slaking|Slaking, M, shiny|100/100
|turn|20
|
|t:|1779583430
|move|p2a: Iron Moth|Sludge Wave|p1a: Slaking
|-damage|p1a: Slaking|26/100
|move|p1a: Slaking|Drain Punch|p2a: Iron Moth
|-resisted|p2a: Iron Moth
|-damage|p2a: Iron Moth|62/100
|-heal|p1a: Slaking|40/100|[from] drain|[of] p2a: Iron Moth
|
|upkeep
|turn|21
|
|t:|1779583441
|switch|p1a: Dragapult|Dragapult, M, shiny|100/100
|move|p2a: Iron Moth|Fiery Dance|p1a: Dragapult
|-resisted|p1a: Dragapult
|-damage|p1a: Dragapult|61/100
|-boost|p2a: Iron Moth|spa|1
|
|upkeep
|turn|22
|
|t:|1779583458
|move|p2a: Iron Moth|Psychic|p1a: Dragapult
|-damage|p1a: Dragapult|0 fnt
|faint|p1a: Dragapult
|
|upkeep
|
|t:|1779583464
|switch|p1a: Slaking|Slaking, M, shiny|40/100
|turn|23
|
|t:|1779583472
|move|p1a: Slaking|Sucker Punch|p2a: Iron Moth
|-damage|p2a: Iron Moth|0 fnt
|faint|p2a: Iron Moth
|-end|p2a: Iron Moth|Quark Drive|[silent]
|
|upkeep
|
|t:|1779583477
|switch|p2a: Weavile|Weavile, M|100/100
|-ability|p2a: Weavile|Pressure
|turn|24
|
|t:|1779583484
|switch|p1a: Hitmonchan|Hitmonchan, M|100/100
|move|p2a: Weavile|Swords Dance|p2a: Weavile
|-boost|p2a: Weavile|atk|2
|
|upkeep
|turn|25
|
|t:|1779583499
|move|p2a: Weavile|Low Kick|p1a: Hitmonchan
|-enditem|p1a: Hitmonchan|Focus Sash
|-damage|p1a: Hitmonchan|1/100
|-damage|p2a: Weavile|91/100|[from] item: Life Orb
|move|p1a: Hitmonchan|Fire Punch|p2a: Weavile
|-supereffective|p2a: Weavile
|-crit|p2a: Weavile
|-damage|p2a: Weavile|0 fnt
|faint|p2a: Weavile
|
|win|JerkyGirlsAmerica
|raw|JerkyGirlsAmerica's rating: 1074 &rarr; <strong>1102</strong><br />(+28 for winning)
|raw|sughari's rating: 1068 &rarr; <strong>1048</strong><br />(-20 for losing)
|l|☆JerkyGirlsAmerica
|player|p1|
|l|☆sughari
|player|p2|
