|j|☆Cantstopthetrain
|j|☆UltraJoy012
|t:|1779714597
|gametype|singles
|player|p1|Cantstopthetrain|265|1189
|player|p2|UltraJoy012|cynthia|1185
|gen|9
|tier|[Gen 9] OU
|rated|
|rule|HP Percentage Mod: HP is shown in percentages
|rule|Endless Battle Clause: Forcing endless battles is banned
|rule|Species Clause: Limit one of each Pokémon
|rule|OHKO Clause: OHKO moves are banned
|rule|Evasion Items Clause: Evasion items are banned
|rule|Evasion Moves Clause: Evasion moves are banned
|rule|Evasion Abilities Clause: Evasion abilities are banned
|rule|Sleep Moves Clause: Sleep-inducing moves are banned
|clearpoke
|poke|p1|Tyranitar, M|
|poke|p1|Gliscor, M|
|poke|p1|Great Tusk|
|poke|p1|Gholdengo|
|poke|p1|Ogerpon-Cornerstone, F|
|poke|p1|Gyarados, F|
|poke|p2|Hawlucha, M|
|poke|p2|Indeedee, M|
|poke|p2|Zapdos|
|poke|p2|Araquanid, M|
|poke|p2|Garganacl, M|
|poke|p2|Deoxys-Defense|
|teampreview
|inactive|Battle timer is ON: inactive players will automatically lose when time's up. (requested by UltraJoy012)
|inactive|Cantstopthetrain also wants the timer to be on.
|
|t:|1779714609
|teamsize|p1|6
|teamsize|p2|6
|start
|switch|p1a: Tyranitar|Tyranitar, M|100/100
|switch|p2a: Deoxys|Deoxys-Defense, shiny|100/100
|-ability|p2a: Deoxys|Pressure
|-weather|Sandstorm|[from] ability: Sand Stream|[of] p1a: Tyranitar
|turn|1
|
|t:|1779714620
|move|p2a: Deoxys|Cosmic Power|p2a: Deoxys
|-boost|p2a: Deoxys|def|1
|-boost|p2a: Deoxys|spd|1
|move|p1a: Tyranitar|Thunder Wave|p2a: Deoxys
|-status|p2a: Deoxys|par
|
|-weather|Sandstorm|[upkeep]
|-damage|p2a: Deoxys|94/100 par|[from] Sandstorm
|-heal|p2a: Deoxys|100/100 par|[from] item: Leftovers
|upkeep
|turn|2
|
|t:|1779714623
|move|p1a: Tyranitar|Knock Off|p2a: Deoxys
|-supereffective|p2a: Deoxys
|-damage|p2a: Deoxys|55/100 par
|-enditem|p2a: Deoxys|Leftovers|[from] move: Knock Off|[of] p1a: Tyranitar
|move|p2a: Deoxys|Cosmic Power|p2a: Deoxys
|-boost|p2a: Deoxys|def|1
|-boost|p2a: Deoxys|spd|1
|
|-weather|Sandstorm|[upkeep]
|-damage|p2a: Deoxys|49/100 par|[from] Sandstorm
|upkeep
|turn|3
|
|t:|1779714632
|move|p1a: Tyranitar|Rock Slide|p2a: Deoxys
|-damage|p2a: Deoxys|35/100 par
|cant|p2a: Deoxys|flinch
|
|-weather|Sandstorm|[upkeep]
|-damage|p2a: Deoxys|28/100 par|[from] Sandstorm
|upkeep
|turn|4
|
|t:|1779714637
|move|p1a: Tyranitar|Knock Off|p2a: Deoxys
|-supereffective|p2a: Deoxys
|-damage|p2a: Deoxys|3/100 par
|move|p2a: Deoxys|Cosmic Power|p2a: Deoxys
|-boost|p2a: Deoxys|def|1
|-boost|p2a: Deoxys|spd|1
|
|-weather|Sandstorm|[upkeep]
|-damage|p2a: Deoxys|0 fnt|[from] Sandstorm
|faint|p2a: Deoxys
|upkeep
|
|t:|1779714642
|switch|p2a: Araquanid|Araquanid, M|100/100
|turn|5
|
|t:|1779714648
|move|p1a: Tyranitar|Rock Slide|p2a: Araquanid
|-supereffective|p2a: Araquanid
|-damage|p2a: Araquanid|18/100
|cant|p2a: Araquanid|flinch
|
|-weather|Sandstorm|[upkeep]
|-damage|p2a: Araquanid|12/100|[from] Sandstorm
|upkeep
|turn|6
|
|t:|1779714657
|move|p1a: Tyranitar|Knock Off|p2a: Araquanid
|-damage|p2a: Araquanid|0 fnt
|-enditem|p2a: Araquanid|Mystic Water|[from] move: Knock Off|[of] p1a: Tyranitar
|faint|p2a: Araquanid
|
|-weather|Sandstorm|[upkeep]
|upkeep
|
|t:|1779714659
|switch|p2a: Indeedee|Indeedee, M|100/100
|-fieldstart|move: Psychic Terrain|[from] ability: Psychic Surge|[of] p2a: Indeedee
|turn|7
|
|t:|1779714669
|move|p2a: Indeedee|Draining Kiss|p1a: Tyranitar
|-supereffective|p1a: Tyranitar
|-damage|p1a: Tyranitar|85/100
|move|p1a: Tyranitar|Knock Off|p2a: Indeedee
|-supereffective|p2a: Indeedee
|-damage|p2a: Indeedee|0 fnt
|-enditem|p2a: Indeedee|Leftovers|[from] move: Knock Off|[of] p1a: Tyranitar
|faint|p2a: Indeedee
|
|-weather|Sandstorm|[upkeep]
|upkeep
|
|t:|1779714673
|switch|p2a: Hawlucha|Hawlucha, M|100/100
|-enditem|p2a: Hawlucha|Psychic Seed
|-boost|p2a: Hawlucha|spd|1|[from] item: Psychic Seed
|turn|8
|
|t:|1779714696
|switch|p1a: Gyarados|Gyarados, F|100/100
|-ability|p1a: Gyarados|Intimidate|boost
|-unboost|p2a: Hawlucha|atk|1
|move|p2a: Hawlucha|Swords Dance|p2a: Hawlucha
|-boost|p2a: Hawlucha|atk|2
|
|-weather|none
|upkeep
|turn|9
|
|t:|1779714711
|-terastallize|p2a: Hawlucha|Steel
|move|p2a: Hawlucha|Swords Dance|p2a: Hawlucha
|-boost|p2a: Hawlucha|atk|2
|move|p1a: Gyarados|Waterfall|p2a: Hawlucha
|-damage|p2a: Hawlucha|50/100
|
|upkeep
|turn|10
|
|t:|1779714719
|move|p2a: Hawlucha|Rock Slide|p1a: Gyarados
|-supereffective|p1a: Gyarados
|-damage|p1a: Gyarados|0 fnt
|faint|p1a: Gyarados
|
|upkeep
|
|t:|1779714723
|switch|p1a: Ogerpon|Ogerpon-Cornerstone, F|100/100
|turn|11
|
|t:|1779714728
|move|p2a: Hawlucha|Drain Punch|p1a: Ogerpon
|-supereffective|p1a: Ogerpon
|-ability|p1a: Ogerpon|Sturdy
|-damage|p1a: Ogerpon|1/100
|-heal|p2a: Hawlucha|97/100|[from] drain|[of] p1a: Ogerpon
|move|p1a: Ogerpon|Leech Seed|p2a: Hawlucha
|-start|p2a: Hawlucha|move: Leech Seed
|
|-damage|p2a: Hawlucha|85/100|[from] Leech Seed|[of] p1a: Ogerpon
|-heal|p1a: Ogerpon|14/100|[silent]
|-fieldend|move: Psychic Terrain
|upkeep
|turn|12
|
|t:|1779714739
|move|p1a: Ogerpon|Spiky Shield|p1a: Ogerpon
|-singleturn|p1a: Ogerpon|move: Protect
|move|p2a: Hawlucha|Acrobatics|p1a: Ogerpon
|-activate|p1a: Ogerpon|move: Protect
|-damage|p2a: Hawlucha|72/100|[from] Spiky Shield|[of] p1a: Ogerpon
|
|-damage|p2a: Hawlucha|60/100|[from] Leech Seed|[of] p1a: Ogerpon
|-heal|p1a: Ogerpon|27/100|[silent]
|upkeep
|turn|13
|
|t:|1779714761
|switch|p1a: Gholdengo|Gholdengo|100/100
|-item|p1a: Gholdengo|Air Balloon
|move|p2a: Hawlucha|Drain Punch|p1a: Gholdengo
|-immune|p1a: Gholdengo
|
|-damage|p2a: Hawlucha|47/100|[from] Leech Seed|[of] p1a: Gholdengo
|upkeep
|turn|14
|inactive|Cantstopthetrain has 120 seconds left.
|
|t:|1779714783
|move|p2a: Hawlucha|Acrobatics|p1a: Gholdengo
|-resisted|p1a: Gholdengo
|-damage|p1a: Gholdengo|46/100
|-enditem|p1a: Gholdengo|Air Balloon
|move|p1a: Gholdengo|Hex|p2a: Hawlucha
|-damage|p2a: Hawlucha|10/100
|
|-damage|p2a: Hawlucha|0 fnt|[from] Leech Seed|[of] p1a: Gholdengo
|-heal|p1a: Gholdengo|54/100|[silent]
|faint|p2a: Hawlucha
|upkeep
|
|t:|1779714790
|switch|p2a: Zapdos|Zapdos, shiny|100/100
|turn|15
|
|t:|1779714802
|switch|p1a: Tyranitar|Tyranitar, M|85/100
|-weather|Sandstorm|[from] ability: Sand Stream|[of] p1a: Tyranitar
|move|p2a: Zapdos|Heat Wave|p1a: Tyranitar
|-resisted|p1a: Tyranitar
|-damage|p1a: Tyranitar|76/100
|
|-weather|Sandstorm|[upkeep]
|-damage|p2a: Zapdos|94/100|[from] Sandstorm
|-heal|p2a: Zapdos|100/100|[from] item: Leftovers
|upkeep
|turn|16
|
|t:|1779714808
|move|p2a: Zapdos|Substitute|p2a: Zapdos
|-start|p2a: Zapdos|Substitute
|-damage|p2a: Zapdos|76/100
|move|p1a: Tyranitar|Rock Slide|p2a: Zapdos
|-supereffective|p2a: Zapdos
|-end|p2a: Zapdos|Substitute
|
|-weather|Sandstorm|[upkeep]
|-damage|p2a: Zapdos|69/100|[from] Sandstorm
|-heal|p2a: Zapdos|76/100|[from] item: Leftovers
|upkeep
|turn|17
|
|t:|1779714813
|switch|p2a: Garganacl|Garganacl, M, shiny|100/100
|move|p1a: Tyranitar|Knock Off|p2a: Garganacl
|-damage|p2a: Garganacl|71/100
|-enditem|p2a: Garganacl|Leftovers|[from] move: Knock Off|[of] p1a: Tyranitar
|
|-weather|Sandstorm|[upkeep]
|upkeep
|turn|18
|
|t:|1779714824
|move|p1a: Tyranitar|Rock Slide|p2a: Garganacl
|-damage|p2a: Garganacl|47/100
|move|p2a: Garganacl|Recover|p2a: Garganacl
|-heal|p2a: Garganacl|97/100
|
|-weather|Sandstorm|[upkeep]
|upkeep
|turn|19
|
|t:|1779714832
|switch|p1a: Great Tusk|Great Tusk|100/100
|move|p2a: Garganacl|Iron Defense|p2a: Garganacl
|-boost|p2a: Garganacl|def|2
|
|-weather|Sandstorm|[upkeep]
|upkeep
|turn|20
|
|t:|1779714845
|move|p1a: Great Tusk|Close Combat|p2a: Garganacl
|-supereffective|p2a: Garganacl
|-damage|p2a: Garganacl|64/100
|-unboost|p1a: Great Tusk|def|1
|-unboost|p1a: Great Tusk|spd|1
|move|p2a: Garganacl|Recover|p2a: Garganacl
|-heal|p2a: Garganacl|100/100
|
|-weather|Sandstorm|[upkeep]
|upkeep
|turn|21
|
|t:|1779714854
|-end|p1a: Great Tusk|Protosynthesis|[silent]
|switch|p1a: Gholdengo|Gholdengo|54/100
|move|p2a: Garganacl|Iron Defense|p2a: Garganacl
|-boost|p2a: Garganacl|def|2
|
|-weather|Sandstorm|[upkeep]
|upkeep
|turn|22
|
|t:|1779714858
|move|p1a: Gholdengo|Make It Rain|p2a: Garganacl
|-supereffective|p2a: Garganacl
|-crit|p2a: Garganacl
|-damage|p2a: Garganacl|0 fnt
|-unboost|p1a: Gholdengo|spa|1
|faint|p2a: Garganacl
|
|-weather|none
|upkeep
|
|t:|1779714860
|switch|p2a: Zapdos|Zapdos, shiny|76/100
|turn|23
|
|t:|1779714867
|-terastallize|p1a: Gholdengo|Steel
|move|p2a: Zapdos|Heat Wave|p1a: Gholdengo
|-supereffective|p1a: Gholdengo
|-damage|p1a: Gholdengo|0 fnt
|faint|p1a: Gholdengo
|
|-heal|p2a: Zapdos|82/100|[from] item: Leftovers
|upkeep
|
|t:|1779714872
|switch|p1a: Tyranitar|Tyranitar, M|76/100
|-weather|Sandstorm|[from] ability: Sand Stream|[of] p1a: Tyranitar
|turn|24
|
|t:|1779714875
|move|p2a: Zapdos|Discharge|p1a: Tyranitar
|-crit|p1a: Tyranitar
|-damage|p1a: Tyranitar|46/100
|-status|p1a: Tyranitar|par
|move|p1a: Tyranitar|Knock Off|p2a: Zapdos
|-damage|p2a: Zapdos|25/100
|-enditem|p2a: Zapdos|Leftovers|[from] move: Knock Off|[of] p1a: Tyranitar
|
|-weather|Sandstorm|[upkeep]
|-damage|p2a: Zapdos|19/100|[from] Sandstorm
|upkeep
|turn|25
|
|t:|1779714881
|move|p2a: Zapdos|Discharge|p1a: Tyranitar
|-damage|p1a: Tyranitar|25/100 par
|cant|p1a: Tyranitar|par
|
|-weather|Sandstorm|[upkeep]
|-damage|p2a: Zapdos|12/100|[from] Sandstorm
|upkeep
|turn|26
|
|t:|1779714886
|move|p2a: Zapdos|Discharge|p1a: Tyranitar
|-damage|p1a: Tyranitar|5/100 par
|move|p1a: Tyranitar|Knock Off|p2a: Zapdos
|-damage|p2a: Zapdos|0 fnt
|faint|p2a: Zapdos
|
|win|Cantstopthetrain
|raw|Cantstopthetrain's rating: 1189 &rarr; <strong>1214</strong><br />(+25 for winning)
|raw|UltraJoy012's rating: 1185 &rarr; <strong>1160</strong><br />(-25 for losing)
|l|☆Cantstopthetrain
|player|p1|
