|j|☆thelarpinglarper
|j|☆drutini bot
|t:|1779616331
|gametype|singles
|player|p1|thelarpinglarper|sordward|1629
|player|p2|drutini bot|aromalady|1598
|gen|9
|tier|[Gen 9] OU
|rated|
|rule|HP Percentage Mod: HP is shown in percentages
|rule|Endless Battle Clause: Forcing endless battles is banned
|rule|Species Clause: Limit one of each Pokémon
|rule|OHKO Clause: OHKO moves are banned
|rule|Evasion Items Clause: Evasion items are banned
|rule|Evasion Moves Clause: Evasion moves are banned
|rule|Evasion Abilities Clause: Evasion abilities are banned
|rule|Sleep Moves Clause: Sleep-inducing moves are banned
|clearpoke
|poke|p1|Samurott-Hisui, M|
|poke|p1|Iron Treads|
|poke|p1|Iron Valiant|
|poke|p1|Rotom-Wash|
|poke|p1|Iron Moth|
|poke|p1|Pecharunt|
|poke|p2|Dondozo, M|
|poke|p2|Blissey, F|
|poke|p2|Gliscor, F|
|poke|p2|Toxapex, F|
|poke|p2|Mandibuzz, F|
|poke|p2|Talonflame, M|
|teampreview
|inactive|Battle timer is ON: inactive players will automatically lose when time's up. (requested by drutini bot)
|inactive|thelarpinglarper also wants the timer to be on.
|
|t:|1779616349
|teamsize|p1|6
|teamsize|p2|6
|start
|switch|p1a: Samurott|Samurott-Hisui, M|100/100
|switch|p2a: Mandibuzz|Mandibuzz, F|100/100
|turn|1
|
|t:|1779616356
|switch|p1a: Iron Treads|Iron Treads|100/100
|move|p2a: Mandibuzz|Toxic|p1a: Iron Treads
|-immune|p1a: Iron Treads
|
|upkeep
|turn|2
|
|t:|1779616361
|move|p1a: Iron Treads|Knock Off|p2a: Mandibuzz
|-resisted|p2a: Mandibuzz
|-damage|p2a: Mandibuzz|92/100
|-enditem|p2a: Mandibuzz|Heavy-Duty Boots|[from] move: Knock Off|[of] p1a: Iron Treads
|move|p2a: Mandibuzz|Knock Off|p1a: Iron Treads
|-damage|p1a: Iron Treads|81/100
|-enditem|p1a: Iron Treads|Heavy-Duty Boots|[from] move: Knock Off|[of] p2a: Mandibuzz
|
|upkeep
|turn|3
|
|t:|1779616366
|move|p1a: Iron Treads|Knock Off|p2a: Mandibuzz
|-resisted|p2a: Mandibuzz
|-damage|p2a: Mandibuzz|86/100
|move|p2a: Mandibuzz|Knock Off|p1a: Iron Treads
|-damage|p1a: Iron Treads|70/100
|
|upkeep
|turn|4
|
|t:|1779616368
|move|p1a: Iron Treads|Stealth Rock|p2a: Mandibuzz
|-sidestart|p2: drutini bot|move: Stealth Rock
|move|p2a: Mandibuzz|Knock Off|p1a: Iron Treads
|-damage|p1a: Iron Treads|59/100
|
|upkeep
|turn|5
|
|t:|1779616370
|-end|p1a: Iron Treads|Quark Drive|[silent]
|switch|p1a: Iron Moth|Iron Moth|100/100
|move|p2a: Mandibuzz|Defog|p1a: Iron Moth
|-unboost|p1a: Iron Moth|evasion|1
|-sideend|p2: drutini bot|Stealth Rock|[from] move: Defog|[of] p2a: Mandibuzz
|
|upkeep
|turn|6
|
|t:|1779616375
|switch|p2a: Gliscor|Gliscor, F|100/100
|move|p1a: Iron Moth|Overheat|p2a: Gliscor
|-damage|p2a: Gliscor|6/100
|-unboost|p1a: Iron Moth|spa|2
|
|-status|p2a: Gliscor|tox|[from] item: Toxic Orb
|upkeep
|turn|7
|
|t:|1779616380
|move|p2a: Gliscor|Protect|p2a: Gliscor
|-singleturn|p2a: Gliscor|Protect
|move|p1a: Iron Moth|Overheat|p2a: Gliscor
|-activate|p2a: Gliscor|move: Protect
|
|-heal|p2a: Gliscor|18/100 tox|[from] ability: Poison Heal
|upkeep
|turn|8
|
|t:|1779616388
|-end|p1a: Iron Moth|Quark Drive|[silent]
|switch|p1a: Samurott|Samurott-Hisui, M|100/100
|switch|p2a: Toxapex|Toxapex, F|100/100
|
|upkeep
|turn|9
|
|t:|1779616392
|switch|p1a: Iron Treads|Iron Treads|59/100
|move|p2a: Toxapex|Sludge Bomb|p1a: Iron Treads
|-immune|p1a: Iron Treads
|
|upkeep
|turn|10
|
|t:|1779616399
|move|p1a: Iron Treads|Stealth Rock|p2a: Toxapex
|-sidestart|p2: drutini bot|move: Stealth Rock
|move|p2a: Toxapex|Surf|p1a: Iron Treads
|-supereffective|p1a: Iron Treads
|-damage|p1a: Iron Treads|15/100
|
|upkeep
|turn|11
|
|t:|1779616404
|move|p1a: Iron Treads|Earthquake|p2a: Toxapex
|-supereffective|p2a: Toxapex
|-damage|p2a: Toxapex|41/100
|move|p2a: Toxapex|Surf|p1a: Iron Treads
|-supereffective|p1a: Iron Treads
|-damage|p1a: Iron Treads|0 fnt
|faint|p1a: Iron Treads
|-end|p1a: Iron Treads|Quark Drive|[silent]
|
|-heal|p2a: Toxapex|48/100|[from] item: Black Sludge
|upkeep
|
|t:|1779616420
|switch|p1a: Samurott|Samurott-Hisui, M|100/100
|turn|12
|
|t:|1779616428
|switch|p2a: Mandibuzz|Mandibuzz, F|86/100
|-damage|p2a: Mandibuzz|61/100|[from] Stealth Rock
|-terastallize|p1a: Samurott|Dark
|move|p1a: Samurott|Ceaseless Edge|p2a: Mandibuzz
|-resisted|p2a: Mandibuzz
|-damage|p2a: Mandibuzz|32/100
|-sidestart|p2: drutini bot|Spikes
|
|upkeep
|turn|13
|
|t:|1779616433
|move|p1a: Samurott|Ceaseless Edge|p2a: Mandibuzz
|-resisted|p2a: Mandibuzz
|-damage|p2a: Mandibuzz|0 fnt
|-sidestart|p2: drutini bot|Spikes
|faint|p2a: Mandibuzz
|
|upkeep
|
|t:|1779616437
|switch|p2a: Talonflame|Talonflame, M|100/100
|turn|14
|
|t:|1779616442
|switch|p1a: Iron Moth|Iron Moth|100/100
|move|p2a: Talonflame|Defog|p1a: Iron Moth
|-unboost|p1a: Iron Moth|evasion|1
|-sideend|p2: drutini bot|Spikes|[from] move: Defog|[of] p2a: Talonflame
|-sideend|p2: drutini bot|Stealth Rock|[from] move: Defog|[of] p2a: Talonflame
|
|upkeep
|turn|15
|
|t:|1779616450
|switch|p2a: Blissey|Blissey, F|100/100
|move|p1a: Iron Moth|U-turn|p2a: Blissey
|-damage|p2a: Blissey|89/100
|
|t:|1779616452
|-end|p1a: Iron Moth|Quark Drive|[silent]
|switch|p1a: Samurott|Samurott-Hisui, M, tera:Dark|100/100|[from] U-turn
|
|-heal|p2a: Blissey|95/100|[from] item: Leftovers
|upkeep
|turn|16
|
|t:|1779616465
|switch|p2a: Talonflame|Talonflame, M|100/100
|move|p1a: Samurott|Ceaseless Edge|p2a: Talonflame
|-damage|p2a: Talonflame|20/100
|-status|p1a: Samurott|brn|[from] ability: Flame Body|[of] p2a: Talonflame
|-sidestart|p2: drutini bot|Spikes
|
|-damage|p1a: Samurott|94/100 brn|[from] brn
|upkeep
|turn|17
|
|t:|1779616478
|switch|p2a: Toxapex|Toxapex, F|81/100
|-damage|p2a: Toxapex|68/100|[from] Spikes
|switch|p1a: Iron Moth|Iron Moth|100/100
|
|-heal|p2a: Toxapex|75/100|[from] item: Black Sludge
|upkeep
|turn|18
|
|t:|1779616489
|move|p1a: Iron Moth|Overheat|p2a: Toxapex|[miss]
|-miss|p1a: Iron Moth|p2a: Toxapex
|move|p2a: Toxapex|Toxic Spikes|p1a: Iron Moth
|-sidestart|p1: thelarpinglarper|move: Toxic Spikes
|
|-heal|p2a: Toxapex|81/100|[from] item: Black Sludge
|upkeep
|turn|19
|
|t:|1779616492
|move|p1a: Iron Moth|Overheat|p2a: Toxapex
|-resisted|p2a: Toxapex
|-damage|p2a: Toxapex|38/100
|-unboost|p1a: Iron Moth|spa|2
|move|p2a: Toxapex|Surf|p1a: Iron Moth
|-supereffective|p1a: Iron Moth
|-damage|p1a: Iron Moth|60/100
|
|-heal|p2a: Toxapex|44/100|[from] item: Black Sludge
|upkeep
|turn|20
|
|t:|1779616498
|-end|p1a: Iron Moth|Quark Drive|[silent]
|switch|p1a: Rotom|Rotom-Wash|100/100
|move|p2a: Toxapex|Recover|p2a: Toxapex
|-heal|p2a: Toxapex|94/100
|
|-heal|p2a: Toxapex|99/100|[from] item: Black Sludge
|upkeep
|turn|21
|
|t:|1779616504
|move|p1a: Rotom|Volt Switch|p2a: Toxapex
|-supereffective|p2a: Toxapex
|-damage|p2a: Toxapex|66/100
|-message|thelarpinglarper forfeited.
|
|win|drutini bot
|raw|thelarpinglarper's rating: 1629 &rarr; <strong>1607</strong><br />(-22 for losing)
|raw|drutini bot's rating: 1598 &rarr; <strong>1620</strong><br />(+22 for winning)
