|inactive|Battle timer is ON: inactive players will automatically lose when time's up.
|t:|1779567361
|gametype|singles
|player|p1|samus|#splxviicryonicles2|
|player|p2|EG Jhonx|#gscpl5ladderbayleefsaints|
|gen|9
|tier|[Gen 9] OU
|rule|HP Percentage Mod: HP is shown in percentages
|rule|Endless Battle Clause: Forcing endless battles is banned
|rule|Species Clause: Limit one of each Pokémon
|rule|OHKO Clause: OHKO moves are banned
|rule|Evasion Items Clause: Evasion items are banned
|rule|Evasion Moves Clause: Evasion moves are banned
|rule|Evasion Abilities Clause: Evasion abilities are banned
|rule|Sleep Moves Clause: Sleep-inducing moves are banned
|clearpoke
|poke|p1|Samurott-Hisui, M|
|poke|p1|Latios, M|
|poke|p1|Pecharunt|
|poke|p1|Great Tusk|
|poke|p1|Tinkaton, F|
|poke|p1|Ogerpon, F|
|poke|p2|Dragapult, F|
|poke|p2|Heatran, M|
|poke|p2|Hatterene, F|
|poke|p2|Darkrai|
|poke|p2|Landorus-Therian, M|
|poke|p2|Ogerpon-Wellspring, F|
|teampreview
|c|☆EG Jhonx|yea I was loading team
|inactive|EG Jhonx has 270 seconds left.
|
|t:|1779567395
|teamsize|p1|6
|teamsize|p2|6
|start
|switch|p1a: Ogerpon|Ogerpon, F|100/100
|switch|p2a: Ogerpon|Ogerpon-Wellspring, F|100/100
|turn|1
|c|☆EG Jhonx|hf
|
|t:|1779567410
|move|p1a: Ogerpon|U-turn|p2a: Ogerpon
|-supereffective|p2a: Ogerpon
|-crit|p2a: Ogerpon
|-damage|p2a: Ogerpon|0 fnt
|faint|p2a: Ogerpon
|
|t:|1779567426
|switch|p1a: Samurott|Samurott-Hisui, M|100/100|[from] U-turn
|
|upkeep
|
|t:|1779567437
|switch|p2a: Landorus|Landorus-Therian, M|100/100
|-ability|p2a: Landorus|Intimidate|boost
|-unboost|p1a: Samurott|atk|1
|turn|2
|
|t:|1779567447
|move|p2a: Landorus|U-turn|p1a: Samurott
|-supereffective|p1a: Samurott
|-damage|p1a: Samurott|61/100
|
|t:|1779567453
|switch|p2a: Hatterene|Hatterene, F|100/100|[from] U-turn
|move|p1a: Samurott|Ceaseless Edge|p2a: Hatterene
|-damage|p2a: Hatterene|78/100
|-damage|p1a: Samurott|44/100|[from] item: Rocky Helmet|[of] p2a: Hatterene
|-sidestart|p2: EG Jhonx|Spikes
|
|upkeep
|turn|3
|
|t:|1779567475
|switch|p1a: Tinkaton|Tinkaton, F|100/100
|-item|p1a: Tinkaton|Air Balloon
|move|p2a: Hatterene|Nuzzle|p1a: Tinkaton
|-damage|p1a: Tinkaton|96/100
|-status|p1a: Tinkaton|par
|-enditem|p1a: Tinkaton|Air Balloon
|-enditem|p2a: Hatterene|Rocky Helmet|[silent]|[from] ability: Pickpocket|[of] p2a: Hatterene
|-item|p1a: Tinkaton|Rocky Helmet|[from] ability: Pickpocket|[of] p2a: Hatterene
|
|upkeep
|turn|4
|
|t:|1779567489
|switch|p2a: Heatran|Heatran, M|100/100
|-item|p2a: Heatran|Air Balloon
|move|p1a: Tinkaton|Stealth Rock|p2a: Heatran
|-sidestart|p2: EG Jhonx|move: Stealth Rock
|
|upkeep
|turn|5
|
|t:|1779567500
|switch|p1a: Latios|Latios, M|100/100
|move|p2a: Heatran|Magma Storm|p1a: Latios
|-resisted|p1a: Latios
|-damage|p1a: Latios|80/100
|-activate|p1a: Latios|move: Magma Storm|[of] p2a: Heatran
|
|-damage|p1a: Latios|67/100|[from] move: Magma Storm|[partiallytrapped]
|upkeep
|turn|6
|
|t:|1779567511
|switch|p2a: Dragapult|Dragapult, F|100/100
|move|p1a: Latios|Flip Turn|p2a: Dragapult
|-resisted|p2a: Dragapult
|-damage|p2a: Dragapult|92/100
|
|t:|1779567523
|switch|p1a: Tinkaton|Tinkaton, F|96/100 par|[from] Flip Turn
|
|upkeep
|turn|7
|
|t:|1779567529
|move|p2a: Dragapult|U-turn|p1a: Tinkaton
|-resisted|p1a: Tinkaton
|-damage|p1a: Tinkaton|91/100 par
|-damage|p2a: Dragapult|75/100|[from] item: Rocky Helmet|[of] p1a: Tinkaton
|
|t:|1779567533
|switch|p2a: Heatran|Heatran, M|100/100|[from] U-turn
|-damage|p2a: Heatran|88/100|[from] Stealth Rock
|-item|p2a: Heatran|Air Balloon
|move|p1a: Tinkaton|Gigaton Hammer|p2a: Heatran
|-resisted|p2a: Heatran
|-damage|p2a: Heatran|79/100
|-enditem|p2a: Heatran|Air Balloon
|
|upkeep
|turn|8
|
|t:|1779567542
|move|p2a: Heatran|Stealth Rock|p1a: Tinkaton
|-sidestart|p1: samus|move: Stealth Rock
|move|p1a: Tinkaton|Thunder Wave|p2a: Heatran
|-status|p2a: Heatran|par
|
|upkeep
|turn|9
|
|t:|1779567550
|switch|p1a: Samurott|Samurott-Hisui, M|44/100
|-damage|p1a: Samurott|32/100|[from] Stealth Rock
|move|p2a: Heatran|Magma Storm|p1a: Samurott
|-resisted|p1a: Samurott
|-damage|p1a: Samurott|15/100
|-activate|p1a: Samurott|move: Magma Storm|[of] p2a: Heatran
|
|-damage|p1a: Samurott|3/100|[from] move: Magma Storm|[partiallytrapped]
|upkeep
|turn|10
|
|t:|1779567560
|switch|p2a: Landorus|Landorus-Therian, M|100/100
|-damage|p2a: Landorus|88/100|[from] Stealth Rock
|-ability|p2a: Landorus|Intimidate|boost
|-unboost|p1a: Samurott|atk|1
|move|p1a: Samurott|Knock Off|p2a: Landorus
|-damage|p2a: Landorus|58/100
|-damage|p1a: Samurott|0 fnt|[from] item: Rocky Helmet|[of] p2a: Landorus
|faint|p1a: Samurott
|
|upkeep
|
|t:|1779567587
|switch|p1a: Great Tusk|Great Tusk|100/100
|turn|11
|
|t:|1779567599
|move|p2a: Landorus|Earth Power|p1a: Great Tusk
|-damage|p1a: Great Tusk|49/100
|move|p1a: Great Tusk|Rapid Spin|p2a: Landorus
|-damage|p2a: Landorus|43/100
|-boost|p1a: Great Tusk|spe|1
|-damage|p1a: Great Tusk|32/100|[from] item: Rocky Helmet|[of] p2a: Landorus
|-sideend|p1: samus|Stealth Rock|[from] move: Rapid Spin|[of] p1a: Great Tusk
|
|upkeep
|turn|12
|inactive|EG Jhonx has 270 seconds left.
|
|t:|1779567640
|-terastallize|p2a: Landorus|Water
|move|p1a: Great Tusk|Ice Spinner|p2a: Landorus
|-resisted|p2a: Landorus
|-damage|p2a: Landorus|29/100
|-damage|p1a: Great Tusk|16/100|[from] item: Rocky Helmet|[of] p2a: Landorus
|move|p2a: Landorus|Earth Power|p1a: Great Tusk
|-damage|p1a: Great Tusk|0 fnt
|faint|p1a: Great Tusk
|-end|p1a: Great Tusk|Protosynthesis|[silent]
|
|upkeep
|
|t:|1779567658
|switch|p1a: Ogerpon|Ogerpon, F|100/100
|turn|13
|inactive|EG Jhonx has 270 seconds left.
|
|t:|1779567668
|switch|p2a: Hatterene|Hatterene, F|78/100
|-damage|p2a: Hatterene|65/100|[from] Spikes
|-damage|p2a: Hatterene|53/100|[from] Stealth Rock
|move|p1a: Ogerpon|Ivy Cudgel|p2a: Hatterene
|-damage|p2a: Hatterene|0 fnt
|faint|p2a: Hatterene
|
|upkeep
|
|t:|1779567685
|switch|p2a: Heatran|Heatran, M|79/100 par
|-damage|p2a: Heatran|66/100 par|[from] Spikes
|-damage|p2a: Heatran|54/100 par|[from] Stealth Rock
|turn|14
|
|t:|1779567693
|switch|p1a: Pecharunt|Pecharunt|100/100
|cant|p2a: Heatran|par
|
|upkeep
|turn|15
|
|t:|1779567708
|move|p1a: Pecharunt|Malignant Chain|p2a: Heatran
|-immune|p2a: Heatran
|cant|p2a: Heatran|par
|
|upkeep
|turn|16
|inactive|EG Jhonx has 270 seconds left.
|
|t:|1779567727
|switch|p2a: Darkrai|Darkrai|100/100
|-damage|p2a: Darkrai|88/100|[from] Spikes
|-damage|p2a: Darkrai|76/100|[from] Stealth Rock
|move|p1a: Pecharunt|Shadow Ball|p2a: Darkrai
|-resisted|p2a: Darkrai
|-damage|p2a: Darkrai|60/100
|
|-heal|p2a: Darkrai|66/100|[from] item: Leftovers
|upkeep
|turn|17
|
|t:|1779567735
|switch|p1a: Tinkaton|Tinkaton, F|91/100 par
|move|p2a: Darkrai|Dark Pulse|p1a: Tinkaton
|-resisted|p1a: Tinkaton
|-crit|p1a: Tinkaton
|-damage|p1a: Tinkaton|65/100 par
|
|-heal|p2a: Darkrai|72/100|[from] item: Leftovers
|upkeep
|turn|18
|
|t:|1779567747
|move|p2a: Darkrai|Focus Blast|p1a: Tinkaton
|-damage|p1a: Tinkaton|29/100 par
|cant|p1a: Tinkaton|par
|
|-heal|p2a: Darkrai|78/100|[from] item: Leftovers
|upkeep
|turn|19
|
|t:|1779567762
|switch|p2a: Landorus|Landorus-Therian, M, tera:Water|29/100
|-damage|p2a: Landorus|17/100|[from] Spikes
|-damage|p2a: Landorus|5/100|[from] Stealth Rock
|-ability|p2a: Landorus|Intimidate|boost
|-unboost|p1a: Tinkaton|atk|1
|move|p1a: Tinkaton|Gigaton Hammer|p2a: Landorus
|-resisted|p2a: Landorus
|-damage|p2a: Landorus|0 fnt
|faint|p2a: Landorus
|
|upkeep
|inactive|EG Jhonx has 270 seconds left.
|
|t:|1779567780
|switch|p2a: Dragapult|Dragapult, F|75/100
|turn|20
|inactive|EG Jhonx has 270 seconds left.
|
|t:|1779567787
|move|p2a: Dragapult|Hex|p1a: Tinkaton
|-damage|p1a: Tinkaton|0 fnt
|faint|p1a: Tinkaton
|
|upkeep
|
|t:|1779567802
|switch|p1a: Ogerpon|Ogerpon, F|100/100
|turn|21
|inactive|EG Jhonx has 270 seconds left.
|
|t:|1779567823
|-terastallize|p1a: Ogerpon|Grass
|detailschange|p1a: Ogerpon|Ogerpon-Teal-Tera, F, tera:Grass
|-ability|p1a: Ogerpon|Embody Aspect (Teal)|boost
|-boost|p1a: Ogerpon|spe|1
|move|p1a: Ogerpon|Knock Off|p2a: Dragapult
|-supereffective|p2a: Dragapult
|-damage|p2a: Dragapult|0 fnt
|-enditem|p2a: Dragapult|Heavy-Duty Boots|[from] move: Knock Off|[of] p1a: Ogerpon
|faint|p2a: Dragapult
|
|upkeep
|c|☆EG Jhonx|gg
|c|☆EG Jhonx|I lost since t1
|inactive|EG Jhonx has 240 seconds left.
|c|☆samus|sry
|c|☆EG Jhonx|after such a big choke mine
|c|☆EG Jhonx|staying
|c|☆EG Jhonx|LOL
|
|t:|1779567868
|switch|p2a: Heatran|Heatran, M|54/100 par
|-damage|p2a: Heatran|41/100 par|[from] Spikes
|-damage|p2a: Heatran|29/100 par|[from] Stealth Rock
|turn|22
|
|t:|1779567888
|switch|p1a: Pecharunt|Pecharunt|100/100
|move|p2a: Heatran|Magma Storm|p1a: Pecharunt|[miss]
|-miss|p2a: Heatran|p1a: Pecharunt
|
|upkeep
|turn|23
|c|☆EG Jhonx|its ok 
|
|t:|1779567893
|move|p1a: Pecharunt|Shadow Ball|p2a: Heatran
|-damage|p2a: Heatran|11/100 par
|-unboost|p2a: Heatran|spd|1
|cant|p2a: Heatran|par
|
|upkeep
|turn|24
|inactive|EG Jhonx has 240 seconds left.
|c|☆EG Jhonx|:v
|-message|EG Jhonx forfeited.
|
|win|samus
|c|☆samus|gg
|c|☆EG Jhonx|gg bro
|c|☆EG Jhonx|gl next
|player|p2|
