|j|☆ThunderSoul6
|j|☆Pedroelentrenador
|t:|1779555350
|gametype|singles
|player|p1|ThunderSoul6|266|1118
|player|p2|Pedroelentrenador|n|1171
|gen|9
|tier|[Gen 9] OU
|rated|
|rule|HP Percentage Mod: HP is shown in percentages
|rule|Endless Battle Clause: Forcing endless battles is banned
|rule|Species Clause: Limit one of each Pokémon
|rule|OHKO Clause: OHKO moves are banned
|rule|Evasion Items Clause: Evasion items are banned
|rule|Evasion Moves Clause: Evasion moves are banned
|rule|Evasion Abilities Clause: Evasion abilities are banned
|rule|Sleep Moves Clause: Sleep-inducing moves are banned
|clearpoke
|poke|p1|Ogerpon, F|
|poke|p1|Samurott-Hisui, F|
|poke|p1|Blissey, F|
|poke|p1|Gliscor, F|
|poke|p1|Skarmory, F|
|poke|p1|Pecharunt|
|poke|p2|Toxapex, F|
|poke|p2|Clefable, F|
|poke|p2|Gliscor, F|
|poke|p2|Zapdos|
|poke|p2|Incineroar, F|
|poke|p2|Dragapult, F|
|teampreview
|inactive|Battle timer is ON: inactive players will automatically lose when time's up. (requested by Pedroelentrenador)
|
|t:|1779555375
|teamsize|p1|6
|teamsize|p2|6
|start
|switch|p1a: Samurott|Samurott-Hisui, F|100/100
|switch|p2a: Zapdos|Zapdos|100/100
|turn|1
|
|t:|1779555384
|switch|p1a: Gliscor|Gliscor, F|100/100
|move|p2a: Zapdos|Volt Switch|p1a: Gliscor
|-immune|p1a: Gliscor
|
|-status|p1a: Gliscor|tox|[from] item: Toxic Orb
|upkeep
|turn|2
|
|t:|1779555395
|move|p2a: Zapdos|Hurricane|p1a: Gliscor
|-damage|p1a: Gliscor|54/100 tox
|-start|p1a: Gliscor|confusion
|-activate|p1a: Gliscor|confusion
|-damage|p1a: Gliscor|47/100 tox|[from] confusion
|
|-heal|p1a: Gliscor|59/100 tox|[from] ability: Poison Heal
|upkeep
|turn|3
|
|t:|1779555421
|switch|p1a: Blissey|Blissey, F|100/100
|move|p2a: Zapdos|Hurricane|p1a: Blissey|[miss]
|-miss|p2a: Zapdos|p1a: Blissey
|
|upkeep
|turn|4
|
|t:|1779555437
|switch|p2a: Incineroar|Incineroar, F|100/100
|-ability|p2a: Incineroar|Intimidate|boost
|-unboost|p1a: Blissey|atk|1
|move|p1a: Blissey|Seismic Toss|p2a: Incineroar
|-damage|p2a: Incineroar|75/100
|
|upkeep
|turn|5
|
|t:|1779555455
|switch|p1a: Gliscor|Gliscor, F|59/100 tox
|move|p2a: Incineroar|Knock Off|p1a: Gliscor
|-damage|p1a: Gliscor|18/100 tox
|-enditem|p1a: Gliscor|Toxic Orb|[from] move: Knock Off|[of] p2a: Incineroar
|
|-heal|p1a: Gliscor|30/100 tox|[from] ability: Poison Heal
|upkeep
|turn|6
|
|t:|1779555467
|switch|p2a: Zapdos|Zapdos|100/100
|move|p1a: Gliscor|Protect||[still]
|-fail|p1a: Gliscor
|
|-heal|p1a: Gliscor|43/100 tox|[from] ability: Poison Heal
|upkeep
|turn|7
|
|t:|1779555475
|switch|p1a: Blissey|Blissey, F|100/100
|move|p2a: Zapdos|Hurricane|p1a: Blissey
|-damage|p1a: Blissey|83/100
|
|upkeep
|turn|8
|
|t:|1779555504
|switch|p2a: Clefable|Clefable, F|100/100
|move|p1a: Blissey|Seismic Toss|p2a: Clefable
|-damage|p2a: Clefable|75/100
|
|-heal|p2a: Clefable|81/100|[from] item: Leftovers
|upkeep
|turn|9
|inactive|Pedroelentrenador has 120 seconds left.
|
|t:|1779555526
|move|p2a: Clefable|Encore|p1a: Blissey
|-start|p1a: Blissey|Encore
|move|p1a: Blissey|Seismic Toss|p2a: Clefable
|-damage|p2a: Clefable|56/100
|
|-heal|p2a: Clefable|62/100|[from] item: Leftovers
|upkeep
|turn|10
|inactive|Pedroelentrenador has 120 seconds left.
|
|t:|1779555535
|switch|p2a: Toxapex|Toxapex, F|100/100
|switch|p1a: Samurott|Samurott-Hisui, F|100/100
|
|upkeep
|turn|11
|inactive|Pedroelentrenador has 120 seconds left.
|
|t:|1779555552
|move|p2a: Toxapex|Baneful Bunker|p2a: Toxapex
|-singleturn|p2a: Toxapex|move: Protect
|move|p1a: Samurott|Knock Off|p2a: Toxapex
|-activate|p2a: Toxapex|move: Protect
|-status|p1a: Samurott|psn
|
|-damage|p1a: Samurott|88/100 psn|[from] psn
|upkeep
|turn|12
|inactive|Pedroelentrenador has 120 seconds left.
|
|t:|1779555563
|move|p1a: Samurott|Ceaseless Edge|p2a: Toxapex
|-damage|p2a: Toxapex|71/100
|-sidestart|p2: Pedroelentrenador|Spikes
|move|p2a: Toxapex|Toxic Spikes|p1a: Samurott
|-sidestart|p1: ThunderSoul6|move: Toxic Spikes
|
|-heal|p2a: Toxapex|77/100|[from] item: Black Sludge
|-damage|p1a: Samurott|76/100 psn|[from] psn
|upkeep
|turn|13
|inactive|Pedroelentrenador has 120 seconds left.
|
|t:|1779555574
|move|p2a: Toxapex|Baneful Bunker|p2a: Toxapex
|-singleturn|p2a: Toxapex|move: Protect
|move|p1a: Samurott|Encore|p2a: Toxapex
|-activate|p2a: Toxapex|move: Protect
|
|-heal|p2a: Toxapex|83/100|[from] item: Black Sludge
|-damage|p1a: Samurott|63/100 psn|[from] psn
|upkeep
|turn|14
|inactive|Pedroelentrenador has 120 seconds left.
|
|t:|1779555588
|switch|p2a: Zapdos|Zapdos|100/100
|move|p1a: Samurott|Knock Off|p2a: Zapdos
|-damage|p2a: Zapdos|50/100
|-enditem|p2a: Zapdos|Heavy-Duty Boots|[from] move: Knock Off|[of] p1a: Samurott
|
|-damage|p1a: Samurott|51/100 psn|[from] psn
|upkeep
|turn|15
|inactive|Pedroelentrenador has 120 seconds left.
|
|t:|1779555600
|switch|p1a: Blissey|Blissey, F|83/100
|move|p2a: Zapdos|Hurricane|p1a: Blissey
|-damage|p1a: Blissey|64/100
|
|upkeep
|turn|16
|inactive|Pedroelentrenador has 120 seconds left.
|
|t:|1779555613
|switch|p2a: Incineroar|Incineroar, F|75/100
|-ability|p2a: Incineroar|Intimidate|boost
|-unboost|p1a: Blissey|atk|1
|move|p1a: Blissey|Seismic Toss|p2a: Incineroar
|-damage|p2a: Incineroar|50/100
|
|upkeep
|turn|17
|inactive|Pedroelentrenador has 120 seconds left.
|
|t:|1779555626
|switch|p1a: Samurott|Samurott-Hisui, F|51/100 psn
|move|p2a: Incineroar|Flare Blitz|p1a: Samurott
|-resisted|p1a: Samurott
|-damage|p1a: Samurott|7/100 psn
|-damage|p2a: Incineroar|38/100|[from] Recoil
|
|-damage|p1a: Samurott|0 fnt|[from] psn
|faint|p1a: Samurott
|upkeep
|
|t:|1779555637
|switch|p1a: Gliscor|Gliscor, F|43/100 tox
|turn|18
|
|t:|1779555652
|move|p1a: Gliscor|Swords Dance|p1a: Gliscor
|-boost|p1a: Gliscor|atk|2
|move|p2a: Incineroar|Parting Shot|p1a: Gliscor
|-unboost|p1a: Gliscor|atk|1
|-unboost|p1a: Gliscor|spa|1
|
|t:|1779555661
|switch|p2a: Dragapult|Dragapult, F|100/100|[from] Parting Shot
|-damage|p2a: Dragapult|88/100|[from] Spikes
|
|-heal|p1a: Gliscor|55/100 tox|[from] ability: Poison Heal
|upkeep
|turn|19
|
|t:|1779555672
|move|p1a: Gliscor|Protect|p1a: Gliscor
|-singleturn|p1a: Gliscor|Protect
|move|p2a: Dragapult|Draco Meteor|p1a: Gliscor
|-activate|p1a: Gliscor|move: Protect
|
|-heal|p1a: Gliscor|68/100 tox|[from] ability: Poison Heal
|upkeep
|turn|20
|
|t:|1779555681
|switch|p1a: Blissey|Blissey, F|64/100
|move|p2a: Dragapult|Draco Meteor|p1a: Blissey
|-damage|p1a: Blissey|45/100
|-unboost|p2a: Dragapult|spa|2
|
|upkeep
|turn|21
|
|t:|1779555691
|move|p2a: Dragapult|U-turn|p1a: Blissey
|-damage|p1a: Blissey|26/100
|
|t:|1779555699
|switch|p2a: Gliscor|Gliscor, F|100/100|[from] U-turn
|move|p1a: Blissey|Soft-Boiled|p1a: Blissey
|-heal|p1a: Blissey|76/100
|
|-status|p2a: Gliscor|tox|[from] item: Toxic Orb
|upkeep
|turn|22
|
|t:|1779555711
|move|p2a: Gliscor|Toxic|p1a: Blissey
|-status|p1a: Blissey|tox
|move|p1a: Blissey|Seismic Toss|p2a: Gliscor
|-damage|p2a: Gliscor|72/100 tox
|
|-heal|p2a: Gliscor|85/100 tox|[from] ability: Poison Heal
|-damage|p1a: Blissey|70/100 tox|[from] psn
|upkeep
|turn|23
|
|t:|1779555721
|-curestatus|p1a: Blissey|tox|[from] ability: Natural Cure|[silent]
|switch|p1a: Gliscor|Gliscor, F|68/100 tox
|move|p2a: Gliscor|Spikes|p1a: Gliscor
|-sidestart|p1: ThunderSoul6|Spikes
|
|-heal|p2a: Gliscor|97/100 tox|[from] ability: Poison Heal
|-heal|p1a: Gliscor|80/100 tox|[from] ability: Poison Heal
|upkeep
|turn|24
|
|t:|1779555730
|move|p2a: Gliscor|Spikes|p1a: Gliscor
|-sidestart|p1: ThunderSoul6|Spikes
|move|p1a: Gliscor|Swords Dance|p1a: Gliscor
|-boost|p1a: Gliscor|atk|2
|
|-heal|p2a: Gliscor|100/100 tox|[from] ability: Poison Heal
|-heal|p1a: Gliscor|93/100 tox|[from] ability: Poison Heal
|upkeep
|turn|25
|
|t:|1779555739
|move|p2a: Gliscor|Spikes|p1a: Gliscor
|-sidestart|p1: ThunderSoul6|Spikes
|move|p1a: Gliscor|Earthquake|p2a: Gliscor
|-immune|p2a: Gliscor
|
|-heal|p1a: Gliscor|100/100 tox|[from] ability: Poison Heal
|upkeep
|turn|26
|
|t:|1779555751
|move|p2a: Gliscor|Protect|p2a: Gliscor
|-singleturn|p2a: Gliscor|Protect
|move|p1a: Gliscor|Earthquake|p2a: Gliscor
|-activate|p2a: Gliscor|move: Protect
|
|upkeep
|turn|27
|
|t:|1779555760
|move|p2a: Gliscor|Spikes||[still]
|-fail|p2a: Gliscor
|move|p1a: Gliscor|Earthquake|p2a: Gliscor
|-immune|p2a: Gliscor
|
|upkeep
|turn|28
|c|☆Pedroelentrenador|Wtf are you playing
|c|☆ThunderSoul6|Pokémon showdown
|
|t:|1779555791
|move|p2a: Gliscor|Earthquake|p1a: Gliscor
|-immune|p1a: Gliscor
|move|p1a: Gliscor|Facade|p2a: Gliscor
|-damage|p2a: Gliscor|62/100 tox
|
|-heal|p2a: Gliscor|74/100 tox|[from] ability: Poison Heal
|upkeep
|turn|29
|c|☆ThunderSoul6|See you did the same thing as me
|inactive|ThunderSoul6 has 120 seconds left.
|
|t:|1779555810
|move|p2a: Gliscor|Protect|p2a: Gliscor
|-singleturn|p2a: Gliscor|Protect
|move|p1a: Gliscor|Swords Dance|p1a: Gliscor
|-boost|p1a: Gliscor|atk|2
|
|-heal|p2a: Gliscor|86/100 tox|[from] ability: Poison Heal
|upkeep
|turn|30
|inactive|ThunderSoul6 has 120 seconds left.
|
|t:|1779555821
|switch|p2a: Dragapult|Dragapult, F|88/100
|-damage|p2a: Dragapult|76/100|[from] Spikes
|-terastallize|p1a: Gliscor|Normal
|move|p1a: Gliscor|Facade|p2a: Dragapult
|-immune|p2a: Dragapult
|
|upkeep
|turn|31
|inactive|ThunderSoul6 has 120 seconds left.
|
|t:|1779555841
|move|p2a: Dragapult|Draco Meteor|p1a: Gliscor
|-damage|p1a: Gliscor|52/100 tox
|-unboost|p2a: Dragapult|spa|2
|move|p1a: Gliscor|Earthquake|p2a: Dragapult
|-damage|p2a: Dragapult|0 fnt
|faint|p2a: Dragapult
|
|-heal|p1a: Gliscor|64/100 tox|[from] ability: Poison Heal
|upkeep
|inactive|Pedroelentrenador has 120 seconds left.
|
|t:|1779555866
|switch|p2a: Zapdos|Zapdos|50/100
|turn|32
|
|t:|1779555870
|switch|p2a: Gliscor|Gliscor, F|86/100 tox
|move|p1a: Gliscor|Protect||[still]
|-fail|p1a: Gliscor
|
|-heal|p2a: Gliscor|99/100 tox|[from] ability: Poison Heal
|-heal|p1a: Gliscor|77/100 tox|[from] ability: Poison Heal
|upkeep
|turn|33
|inactive|Pedroelentrenador has 120 seconds left.
|
|t:|1779555878
|move|p2a: Gliscor|Protect|p2a: Gliscor
|-singleturn|p2a: Gliscor|Protect
|move|p1a: Gliscor|Facade|p2a: Gliscor
|-activate|p2a: Gliscor|move: Protect
|
|-heal|p2a: Gliscor|100/100 tox|[from] ability: Poison Heal
|-heal|p1a: Gliscor|89/100 tox|[from] ability: Poison Heal
|upkeep
|turn|34
|inactive|Pedroelentrenador has 120 seconds left.
|l|☆ThunderSoul6
|inactive|ThunderSoul6 disconnected and has a minute to reconnect!
|player|p1|
|j|☆ThunderSoul6
|inactive|ThunderSoul6 reconnected.
|player|p1|ThunderSoul6|266|
|
|t:|1779555897
|switch|p2a: Toxapex|Toxapex, F|100/100
|-damage|p2a: Toxapex|88/100|[from] Spikes
|move|p1a: Gliscor|Facade|p2a: Toxapex
|-damage|p2a: Toxapex|6/100
|
|-heal|p2a: Toxapex|12/100|[from] item: Black Sludge
|-heal|p1a: Gliscor|100/100 tox|[from] ability: Poison Heal
|upkeep
|turn|35
|inactive|Pedroelentrenador has 120 seconds left.
|
|t:|1779555910
|move|p2a: Toxapex|Baneful Bunker|p2a: Toxapex
|-singleturn|p2a: Toxapex|move: Protect
|move|p1a: Gliscor|Facade|p2a: Toxapex
|-activate|p2a: Toxapex|move: Protect
|
|-heal|p2a: Toxapex|19/100|[from] item: Black Sludge
|upkeep
|turn|36
|inactive|Pedroelentrenador has 120 seconds left.
|
|t:|1779555925
|move|p1a: Gliscor|Facade|p2a: Toxapex
|-damage|p2a: Toxapex|0 fnt
|faint|p2a: Toxapex
|
|upkeep
|
|t:|1779555938
|switch|p2a: Zapdos|Zapdos|50/100
|turn|37
|
|t:|1779555950
|-terastallize|p2a: Zapdos|Electric
|move|p2a: Zapdos|Volt Switch|p1a: Gliscor
|-damage|p1a: Gliscor|58/100 tox
|
|t:|1779555957
|switch|p2a: Incineroar|Incineroar, F|38/100|[from] Volt Switch
|-ability|p2a: Incineroar|Intimidate|boost
|-unboost|p1a: Gliscor|atk|1
|move|p1a: Gliscor|Facade|p2a: Incineroar
|-damage|p2a: Incineroar|0 fnt
|faint|p2a: Incineroar
|
|-heal|p1a: Gliscor|71/100 tox|[from] ability: Poison Heal
|upkeep
|
|t:|1779555970
|switch|p2a: Zapdos|Zapdos, tera:Electric|50/100
|-damage|p2a: Zapdos|38/100|[from] Spikes
|turn|38
|
|t:|1779555979
|move|p1a: Gliscor|Protect|p1a: Gliscor
|-singleturn|p1a: Gliscor|Protect
|move|p2a: Zapdos|Volt Switch|p1a: Gliscor
|-activate|p1a: Gliscor|move: Protect
|
|-heal|p1a: Gliscor|83/100 tox|[from] ability: Poison Heal
|upkeep
|turn|39
|
|t:|1779555989
|move|p2a: Zapdos|Volt Switch|p1a: Gliscor
|-damage|p1a: Gliscor|38/100 tox
|
|t:|1779555995
|switch|p2a: Clefable|Clefable, F|62/100|[from] Volt Switch
|move|p1a: Gliscor|Facade|p2a: Clefable
|-damage|p2a: Clefable|0 fnt
|faint|p2a: Clefable
|
|-heal|p1a: Gliscor|51/100 tox|[from] ability: Poison Heal
|upkeep
|
|t:|1779556006
|switch|p2a: Gliscor|Gliscor, F|100/100 tox
|turn|40
|
|t:|1779556012
|move|p2a: Gliscor|Protect|p2a: Gliscor
|-singleturn|p2a: Gliscor|Protect
|move|p1a: Gliscor|Facade|p2a: Gliscor
|-activate|p2a: Gliscor|move: Protect
|
|-heal|p1a: Gliscor|63/100 tox|[from] ability: Poison Heal
|upkeep
|turn|41
|inactive|Pedroelentrenador has 120 seconds left.
|
|t:|1779556023
|move|p2a: Gliscor|Earthquake|p1a: Gliscor
|-damage|p1a: Gliscor|35/100 tox
|move|p1a: Gliscor|Swords Dance|p1a: Gliscor
|-boost|p1a: Gliscor|atk|2
|
|-heal|p1a: Gliscor|47/100 tox|[from] ability: Poison Heal
|upkeep
|turn|42
|
|t:|1779556033
|move|p2a: Gliscor|Earthquake|p1a: Gliscor
|-damage|p1a: Gliscor|19/100 tox
|move|p1a: Gliscor|Facade|p2a: Gliscor
|-damage|p2a: Gliscor|9/100 tox
|
|-heal|p2a: Gliscor|21/100 tox|[from] ability: Poison Heal
|-heal|p1a: Gliscor|31/100 tox|[from] ability: Poison Heal
|upkeep
|turn|43
|inactive|Pedroelentrenador has 120 seconds left.
|
|t:|1779556052
|move|p2a: Gliscor|Earthquake|p1a: Gliscor
|-damage|p1a: Gliscor|5/100 tox
|move|p1a: Gliscor|Facade|p2a: Gliscor
|-damage|p2a: Gliscor|0 fnt
|faint|p2a: Gliscor
|
|-heal|p1a: Gliscor|18/100 tox|[from] ability: Poison Heal
|upkeep
|inactive|Pedroelentrenador has 120 seconds left.
|
|t:|1779556062
|switch|p2a: Zapdos|Zapdos, tera:Electric|38/100
|-damage|p2a: Zapdos|26/100|[from] Spikes
|turn|44
|
|t:|1779556066
|move|p2a: Zapdos|Volt Switch|p1a: Gliscor
|-damage|p1a: Gliscor|0 fnt
|faint|p1a: Gliscor
|
|upkeep
|
|t:|1779556071
|switch|p1a: Pecharunt|Pecharunt|100/100
|-sideend|p1: ThunderSoul6|move: Toxic Spikes|[of] p1a: Pecharunt
|turn|45
|
|t:|1779556076
|move|p2a: Zapdos|Roost|p2a: Zapdos
|-heal|p2a: Zapdos|76/100
|move|p1a: Pecharunt|Toxic|p2a: Zapdos
|-status|p2a: Zapdos|tox
|-start|p2a: Zapdos|confusion|[from] ability: Poison Puppeteer|[of] p1a: Pecharunt
|
|-damage|p2a: Zapdos|70/100 tox|[from] psn
|upkeep
|turn|46
|
|t:|1779556086
|-activate|p2a: Zapdos|confusion
|move|p2a: Zapdos|Volt Switch|p1a: Pecharunt
|-damage|p1a: Pecharunt|52/100
|move|p1a: Pecharunt|Shadow Ball|p2a: Zapdos
|-damage|p2a: Zapdos|44/100 tox
|
|-damage|p2a: Zapdos|32/100 tox|[from] psn
|upkeep
|turn|47
|
|t:|1779556096
|-activate|p2a: Zapdos|confusion
|move|p2a: Zapdos|Volt Switch|p1a: Pecharunt
|-damage|p1a: Pecharunt|0 fnt
|faint|p1a: Pecharunt
|
|-damage|p2a: Zapdos|14/100 tox|[from] psn
|upkeep
|
|t:|1779556102
|switch|p1a: Ogerpon|Ogerpon, F|100/100
|turn|48
|c|☆ThunderSoul6|Ggs
|
|t:|1779556112
|move|p1a: Ogerpon|Ivy Cudgel|p2a: Zapdos
|-crit|p2a: Zapdos
|-damage|p2a: Zapdos|0 fnt
|faint|p2a: Zapdos
|
|win|ThunderSoul6
|raw|ThunderSoul6's rating: 1118 &rarr; <strong>1147</strong><br />(+29 for winning)
|raw|Pedroelentrenador's rating: 1171 &rarr; <strong>1142</strong><br />(-29 for losing)
|l|☆Pedroelentrenador
|player|p2|
