|j|☆fhfhhfhfhffhfhf
|j|☆KevinSPG5
|t:|1779563341
|gametype|singles
|player|p1|fhfhhfhfhffhfhf|lance|1214
|player|p2|KevinSPG5|gambler|1156
|gen|9
|tier|[Gen 9] OU
|rated|
|rule|HP Percentage Mod: HP is shown in percentages
|rule|Endless Battle Clause: Forcing endless battles is banned
|rule|Species Clause: Limit one of each Pokémon
|rule|OHKO Clause: OHKO moves are banned
|rule|Evasion Items Clause: Evasion items are banned
|rule|Evasion Moves Clause: Evasion moves are banned
|rule|Evasion Abilities Clause: Evasion abilities are banned
|rule|Sleep Moves Clause: Sleep-inducing moves are banned
|clearpoke
|poke|p1|Pecharunt|
|poke|p1|Latias, F|
|poke|p1|Zapdos-Galar|
|poke|p1|Ninetales-Alola, M|
|poke|p1|Kingambit, M|
|poke|p1|Raging Bolt|
|poke|p2|Kricketune, F|
|poke|p2|Polteageist|
|poke|p2|Gholdengo|
|poke|p2|Kingambit, F|
|poke|p2|Great Tusk|
|poke|p2|Iron Valiant|
|teampreview
|
|t:|1779563343
|teamsize|p1|6
|teamsize|p2|6
|start
|switch|p1a: Pecharunt|Pecharunt|100/100
|switch|p2a: Kricketune|Kricketune, F|100/100
|turn|1
|inactive|Battle timer is ON: inactive players will automatically lose when time's up. (requested by KevinSPG5)
|
|t:|1779563349
|move|p1a: Pecharunt|Malignant Chain|p2a: Kricketune
|-damage|p2a: Kricketune|48/100
|move|p2a: Kricketune|Sticky Web|p1a: Pecharunt
|-sidestart|p1: fhfhhfhfhffhfhf|move: Sticky Web
|
|upkeep
|turn|2
|
|t:|1779563356
|move|p1a: Pecharunt|Malignant Chain|p2a: Kricketune
|-damage|p2a: Kricketune|0 fnt
|faint|p2a: Kricketune
|
|upkeep
|
|t:|1779563358
|switch|p2a: Polteageist|Polteageist|100/100
|turn|3
|
|t:|1779563362
|move|p1a: Pecharunt|Malignant Chain|p2a: Polteageist
|-resisted|p2a: Polteageist
|-damage|p2a: Polteageist|82/100
|move|p2a: Polteageist|Shell Smash|p2a: Polteageist
|-unboost|p2a: Polteageist|def|1
|-unboost|p2a: Polteageist|spd|1
|-boost|p2a: Polteageist|atk|2
|-boost|p2a: Polteageist|spa|2
|-boost|p2a: Polteageist|spe|2
|
|upkeep
|turn|4
|
|t:|1779563372
|-terastallize|p1a: Pecharunt|Bug
|move|p2a: Polteageist|Shell Smash|p2a: Polteageist
|-unboost|p2a: Polteageist|def|1
|-unboost|p2a: Polteageist|spd|1
|-boost|p2a: Polteageist|atk|2
|-boost|p2a: Polteageist|spa|2
|-boost|p2a: Polteageist|spe|2
|move|p1a: Pecharunt|Destiny Bond|p1a: Pecharunt
|-singlemove|p1a: Pecharunt|Destiny Bond
|
|upkeep
|turn|5
|
|t:|1779563379
|move|p2a: Polteageist|Stored Power|p1a: Pecharunt
|-damage|p1a: Pecharunt|0 fnt
|faint|p1a: Pecharunt
|-activate|p1a: Pecharunt|move: Destiny Bond
|faint|p2a: Polteageist
|
|upkeep
|
|t:|1779563396
|switch|p1a: Raging Bolt|Raging Bolt|100/100
|switch|p2a: Iron Valiant|Iron Valiant|100/100
|-activate|p1a: Raging Bolt|move: Sticky Web
|-unboost|p1a: Raging Bolt|spe|1
|-enditem|p2a: Iron Valiant|Booster Energy
|-activate|p2a: Iron Valiant|ability: Quark Drive|[fromitem]
|-start|p2a: Iron Valiant|quarkdrivespe
|turn|6
|
|t:|1779563407
|move|p1a: Raging Bolt|Thunderclap|p2a: Iron Valiant
|-damage|p2a: Iron Valiant|1/100
|move|p2a: Iron Valiant|Moonblast|p1a: Raging Bolt
|-supereffective|p1a: Raging Bolt
|-damage|p1a: Raging Bolt|25/100
|
|upkeep
|turn|7
|
|t:|1779563414
|-end|p2a: Iron Valiant|Quark Drive|[silent]
|switch|p2a: Great Tusk|Great Tusk|100/100
|move|p1a: Raging Bolt|Thunderclap||[still]
|-fail|p1a: Raging Bolt
|
|upkeep
|turn|8
|
|t:|1779563422
|-end|p1a: Raging Bolt|Protosynthesis|[silent]
|switch|p1a: Zapdos|Zapdos-Galar|100/100
|move|p2a: Great Tusk|Knock Off|p1a: Zapdos
|-resisted|p1a: Zapdos
|-damage|p1a: Zapdos|83/100
|-enditem|p1a: Zapdos|Choice Band|[from] move: Knock Off|[of] p2a: Great Tusk
|
|upkeep
|turn|9
|
|t:|1779563429
|move|p1a: Zapdos|Knock Off|p2a: Great Tusk
|-resisted|p2a: Great Tusk
|-damage|p2a: Great Tusk|90/100
|-enditem|p2a: Great Tusk|Heavy-Duty Boots|[from] move: Knock Off|[of] p1a: Zapdos
|move|p2a: Great Tusk|Ice Spinner|p1a: Zapdos
|-supereffective|p1a: Zapdos
|-damage|p1a: Zapdos|28/100
|
|upkeep
|turn|10
|
|t:|1779563433
|move|p1a: Zapdos|U-turn|p2a: Great Tusk
|-resisted|p2a: Great Tusk
|-damage|p2a: Great Tusk|83/100
|
|t:|1779563435
|switch|p1a: Latias|Latias, F, shiny|100/100|[from] U-turn
|move|p2a: Great Tusk|Ice Spinner|p1a: Latias
|-supereffective|p1a: Latias
|-damage|p1a: Latias|47/100
|-enditem|p1a: Latias|Weakness Policy
|-boost|p1a: Latias|atk|2|[from] item: Weakness Policy
|-boost|p1a: Latias|spa|2|[from] item: Weakness Policy
|
|upkeep
|turn|11
|
|t:|1779563444
|move|p1a: Latias|Stored Power|p2a: Great Tusk
|-supereffective|p2a: Great Tusk
|-damage|p2a: Great Tusk|0 fnt
|faint|p2a: Great Tusk
|-end|p2a: Great Tusk|Protosynthesis|[silent]
|
|upkeep
|
|t:|1779563450
|switch|p2a: Iron Valiant|Iron Valiant|1/100
|turn|12
|
|t:|1779563456
|move|p2a: Iron Valiant|Moonblast|p1a: Latias
|-supereffective|p1a: Latias
|-damage|p1a: Latias|0 fnt
|faint|p1a: Latias
|
|upkeep
|
|t:|1779563463
|switch|p1a: Ninetales|Ninetales-Alola, M|100/100
|-activate|p1a: Ninetales|move: Sticky Web
|-unboost|p1a: Ninetales|spe|1
|-weather|Snowscape|[from] ability: Snow Warning|[of] p1a: Ninetales
|turn|13
|
|t:|1779563469
|move|p2a: Iron Valiant|Moonblast|p1a: Ninetales
|-damage|p1a: Ninetales|47/100
|-unboost|p1a: Ninetales|spa|1
|move|p1a: Ninetales|Aurora Veil|p1a: Ninetales
|-sidestart|p1: fhfhhfhfhffhfhf|move: Aurora Veil
|
|-weather|Snowscape|[upkeep]
|upkeep
|turn|14
|
|t:|1779563474
|move|p2a: Iron Valiant|Moonblast|p1a: Ninetales
|-damage|p1a: Ninetales|20/100
|-unboost|p1a: Ninetales|spa|1
|move|p1a: Ninetales|Moonblast|p2a: Iron Valiant
|-supereffective|p2a: Iron Valiant
|-damage|p2a: Iron Valiant|0 fnt
|faint|p2a: Iron Valiant
|-end|p2a: Iron Valiant|Quark Drive|[silent]
|
|-weather|Snowscape|[upkeep]
|upkeep
|
|t:|1779563478
|switch|p2a: Gholdengo|Gholdengo|100/100
|-item|p2a: Gholdengo|Air Balloon
|turn|15
|
|t:|1779563488
|move|p2a: Gholdengo|Nasty Plot|p2a: Gholdengo
|-boost|p2a: Gholdengo|spa|2
|move|p1a: Ninetales|Blizzard|p2a: Gholdengo
|-resisted|p2a: Gholdengo
|-damage|p2a: Gholdengo|88/100
|-enditem|p2a: Gholdengo|Air Balloon
|
|-weather|Snowscape|[upkeep]
|upkeep
|turn|16
|
|t:|1779563492
|move|p2a: Gholdengo|Make It Rain|p1a: Ninetales
|-supereffective|p1a: Ninetales
|-damage|p1a: Ninetales|0 fnt
|-unboost|p2a: Gholdengo|spa|1
|faint|p1a: Ninetales
|
|-weather|Snowscape|[upkeep]
|upkeep
|
|t:|1779563497
|switch|p1a: Zapdos|Zapdos-Galar|28/100
|turn|17
|
|t:|1779563502
|-terastallize|p2a: Gholdengo|Fighting
|move|p1a: Zapdos|Knock Off|p2a: Gholdengo
|-resisted|p2a: Gholdengo
|-damage|p2a: Gholdengo|76/100
|move|p2a: Gholdengo|Shadow Ball|p1a: Zapdos
|-damage|p1a: Zapdos|0 fnt
|faint|p1a: Zapdos
|
|-weather|none
|upkeep
|
|t:|1779563518
|switch|p1a: Raging Bolt|Raging Bolt|25/100
|-activate|p1a: Raging Bolt|move: Sticky Web
|-unboost|p1a: Raging Bolt|spe|1
|turn|18
|
|t:|1779563526
|move|p2a: Gholdengo|Shadow Ball|p1a: Raging Bolt
|-damage|p1a: Raging Bolt|0 fnt
|faint|p1a: Raging Bolt
|-end|p1a: Raging Bolt|Protosynthesis|[silent]
|
|upkeep
|
|t:|1779563528
|switch|p1a: Kingambit|Kingambit, M|100/100
|-activate|p1a: Kingambit|move: Sticky Web
|-unboost|p1a: Kingambit|spe|1
|-ability|p1a: Kingambit|Defiant|boost
|-boost|p1a: Kingambit|atk|2
|turn|19
|
|t:|1779563537
|move|p2a: Gholdengo|Make It Rain|p1a: Kingambit
|-resisted|p1a: Kingambit
|-damage|p1a: Kingambit|77/100
|-unboost|p2a: Gholdengo|spa|1
|move|p1a: Kingambit|Thunder Wave|p2a: Gholdengo
|-immune|p2a: Gholdengo|[from] ability: Good as Gold
|
|upkeep
|turn|20
|
|t:|1779563547
|move|p1a: Kingambit|Sucker Punch||[still]
|-fail|p1a: Kingambit
|move|p2a: Gholdengo|Nasty Plot|p2a: Gholdengo
|-boost|p2a: Gholdengo|spa|2
|
|-sideend|p1: fhfhhfhfhffhfhf|move: Aurora Veil
|upkeep
|turn|21
|-message|fhfhhfhfhffhfhf forfeited.
|
|win|KevinSPG5
|raw|fhfhhfhfhffhfhf's rating: 1214 &rarr; <strong>1185</strong><br />(-29 for losing)
|raw|KevinSPG5's rating: 1156 &rarr; <strong>1185</strong><br />(+29 for winning)
|l|☆fhfhhfhfhffhfhf
|player|p1|
|l|☆KevinSPG5
|player|p2|
