|j|‽RadiantSol
|j|☆lilpoem
|t:|1779595718
|gametype|singles
|player|p1|RadiantSol|flint|1278
|player|p2|lilpoem|pokefanf-gen4|1316
|gen|9
|tier|[Gen 9] OU
|rated|
|rule|HP Percentage Mod: HP is shown in percentages
|rule|Endless Battle Clause: Forcing endless battles is banned
|rule|Species Clause: Limit one of each Pokémon
|rule|OHKO Clause: OHKO moves are banned
|rule|Evasion Items Clause: Evasion items are banned
|rule|Evasion Moves Clause: Evasion moves are banned
|rule|Evasion Abilities Clause: Evasion abilities are banned
|rule|Sleep Moves Clause: Sleep-inducing moves are banned
|clearpoke
|poke|p1|Espeon, F|
|poke|p1|Quagsire, F|
|poke|p1|Kommo-o, F|
|poke|p1|Talonflame, F|
|poke|p1|Ninetales-Alola, F|
|poke|p1|Muk-Alola, F|
|poke|p2|Okidogi, M|
|poke|p2|Iron Hands|
|poke|p2|Zamazenta-*|
|poke|p2|Iron Valiant|
|poke|p2|Keldeo|
|poke|p2|Quaquaval, M|
|teampreview
|inactive|Battle timer is ON: inactive players will automatically lose when time's up. (requested by lilpoem)
|
|t:|1779595726
|teamsize|p1|6
|teamsize|p2|6
|start
|switch|p1a: Kommo-o|Kommo-o, F|100/100
|switch|p2a: Okidoge|Okidogi, M|100/100
|turn|1
|
|t:|1779595736
|move|p1a: Kommo-o|Earthquake|p2a: Okidoge
|-supereffective|p2a: Okidoge
|-damage|p2a: Okidoge|46/100
|move|p2a: Okidoge|Fling|p1a: Kommo-o
|-resisted|p1a: Kommo-o
|-damage|p1a: Kommo-o|96/100
|-status|p1a: Kommo-o|par
|-enditem|p1a: Kommo-o|Lum Berry|[eat]
|-curestatus|p1a: Kommo-o|par|[msg]
|-enditem|p2a: Okidoge|Light Ball|[from] move: Fling
|
|upkeep
|turn|2
|
|t:|1779595749
|move|p1a: Kommo-o|Earthquake|p2a: Okidoge
|-supereffective|p2a: Okidoge
|-damage|p2a: Okidoge|0 fnt
|faint|p2a: Okidoge
|
|upkeep
|
|t:|1779595754
|switch|p2a: Quaquaval|Quaquaval, M|100/100
|turn|3
|
|t:|1779595759
|switch|p1a: Quagsire|Quagsire, F|100/100
|move|p2a: Quaquaval|Fling|p1a: Quagsire
|-damage|p1a: Quagsire|84/100
|-enditem|p2a: Quaquaval|Heavy-Duty Boots|[from] move: Fling
|
|upkeep
|turn|4
|
|t:|1779595775
|move|p2a: Quaquaval|Swords Dance|p2a: Quaquaval
|-boost|p2a: Quaquaval|atk|2
|move|p1a: Quagsire|Toxic|p2a: Quaquaval
|-status|p2a: Quaquaval|tox
|
|-damage|p2a: Quaquaval|94/100 tox|[from] psn
|upkeep
|turn|5
|
|t:|1779595782
|move|p2a: Quaquaval|Rapid Spin|p1a: Quagsire
|-damage|p1a: Quagsire|73/100
|-boost|p2a: Quaquaval|spe|1
|-damage|p2a: Quaquaval|78/100 tox|[from] item: Rocky Helmet|[of] p1a: Quagsire
|move|p1a: Quagsire|Recover|p1a: Quagsire
|-heal|p1a: Quagsire|100/100
|
|-damage|p2a: Quaquaval|66/100 tox|[from] psn
|upkeep
|turn|6
|
|t:|1779595797
|switch|p2a: Iron Hands|Iron Hands|100/100
|-enditem|p2a: Iron Hands|Booster Energy
|-activate|p2a: Iron Hands|ability: Quark Drive|[fromitem]
|-start|p2a: Iron Hands|quarkdriveatk
|move|p1a: Quagsire|Stockpile|p1a: Quagsire
|-start|p1a: Quagsire|stockpile1
|-boost|p1a: Quagsire|def|1
|-boost|p1a: Quagsire|spd|1
|
|upkeep
|turn|7
|
|t:|1779595801
|move|p2a: Iron Hands|Fake Out|p1a: Quagsire
|-damage|p1a: Quagsire|91/100
|-damage|p2a: Iron Hands|84/100|[from] item: Rocky Helmet|[of] p1a: Quagsire
|cant|p1a: Quagsire|flinch
|
|upkeep
|turn|8
|
|t:|1779595805
|move|p2a: Iron Hands|Earthquake|p1a: Quagsire
|-damage|p1a: Quagsire|66/100
|move|p1a: Quagsire|Toxic|p2a: Iron Hands
|-status|p2a: Iron Hands|tox
|
|-damage|p2a: Iron Hands|78/100 tox|[from] psn
|upkeep
|turn|9
|
|t:|1779595820
|-end|p2a: Iron Hands|Quark Drive|[silent]
|switch|p2a: Dark Aura|Zamazenta|100/100
|-ability|p2a: Dark Aura|Dauntless Shield|boost
|-boost|p2a: Dark Aura|def|1
|move|p1a: Quagsire|Recover|p1a: Quagsire
|-heal|p1a: Quagsire|100/100
|
|upkeep
|turn|10
|
|t:|1779595824
|-terastallize|p2a: Dark Aura|Fighting
|move|p2a: Dark Aura|Close Combat|p1a: Quagsire
|-damage|p1a: Quagsire|61/100
|-unboost|p2a: Dark Aura|def|1
|-unboost|p2a: Dark Aura|spd|1
|-damage|p2a: Dark Aura|84/100|[from] item: Rocky Helmet|[of] p1a: Quagsire
|move|p1a: Quagsire|Toxic|p2a: Dark Aura
|-status|p2a: Dark Aura|tox
|-enditem|p2a: Dark Aura|Lum Berry|[eat]
|-curestatus|p2a: Dark Aura|tox|[msg]
|
|upkeep
|turn|11
|
|t:|1779595835
|switch|p2a: SOL TAKER|Iron Valiant|100/100
|-enditem|p2a: SOL TAKER|Booster Energy
|-activate|p2a: SOL TAKER|ability: Quark Drive|[fromitem]
|-start|p2a: SOL TAKER|quarkdrivespe
|move|p1a: Quagsire|Recover|p1a: Quagsire
|-heal|p1a: Quagsire|100/100
|
|upkeep
|turn|12
|
|t:|1779595855
|move|p2a: SOL TAKER|Encore|p1a: Quagsire
|-start|p1a: Quagsire|Encore
|move|p1a: Quagsire|Recover||[still]
|-fail|p1a: Quagsire|heal
|
|upkeep
|turn|13
|
|t:|1779595862
|switch|p1a: Muk|Muk-Alola, F|100/100
|move|p2a: SOL TAKER|Moonblast|p1a: Muk
|-damage|p1a: Muk|64/100
|-unboost|p1a: Muk|spa|1
|
|-heal|p1a: Muk|70/100|[from] item: Leftovers
|upkeep
|turn|14
|
|t:|1779595867
|move|p2a: SOL TAKER|Moonblast|p1a: Muk
|-damage|p1a: Muk|32/100
|-unboost|p1a: Muk|spa|1
|move|p1a: Muk|Knock Off|p2a: SOL TAKER
|-resisted|p2a: SOL TAKER
|-damage|p2a: SOL TAKER|90/100
|-status|p2a: SOL TAKER|psn|[from] ability: Poison Touch|[of] p1a: Muk
|
|-heal|p1a: Muk|38/100|[from] item: Leftovers
|-damage|p2a: SOL TAKER|77/100 psn|[from] psn
|upkeep
|turn|15
|
|t:|1779595875
|move|p1a: Muk|Protect|p1a: Muk
|-singleturn|p1a: Muk|Protect
|move|p2a: SOL TAKER|Moonblast|p1a: Muk
|-activate|p1a: Muk|move: Protect
|
|-heal|p1a: Muk|44/100|[from] item: Leftovers
|-damage|p2a: SOL TAKER|65/100 psn|[from] psn
|upkeep
|turn|16
|
|t:|1779595887
|move|p1a: Muk|Shadow Sneak|p2a: SOL TAKER
|-damage|p2a: SOL TAKER|48/100 psn
|move|p2a: SOL TAKER|Moonblast|p1a: Muk
|-damage|p1a: Muk|8/100
|
|-heal|p1a: Muk|14/100|[from] item: Leftovers
|-damage|p2a: SOL TAKER|35/100 psn|[from] psn
|upkeep
|turn|17
|
|t:|1779595892
|move|p1a: Muk|Protect|p1a: Muk
|-singleturn|p1a: Muk|Protect
|move|p2a: SOL TAKER|Vacuum Wave|p1a: Muk
|-activate|p1a: Muk|move: Protect
|
|-heal|p1a: Muk|20/100|[from] item: Leftovers
|-damage|p2a: SOL TAKER|23/100 psn|[from] psn
|upkeep
|turn|18
|
|t:|1779595899
|switch|p1a: Talonflame|Talonflame, F|100/100
|move|p2a: SOL TAKER|Vacuum Wave|p1a: Talonflame
|-resisted|p1a: Talonflame
|-damage|p1a: Talonflame|88/100
|
|-damage|p2a: SOL TAKER|10/100 psn|[from] psn
|upkeep
|turn|19
|
|t:|1779595905
|switch|p1a: Muk|Muk-Alola, F|20/100
|move|p2a: SOL TAKER|Thunderbolt|p1a: Muk
|-damage|p1a: Muk|0 fnt
|faint|p1a: Muk
|
|-damage|p2a: SOL TAKER|0 fnt|[from] psn
|faint|p2a: SOL TAKER
|-end|p2a: SOL TAKER|Quark Drive|[silent]
|upkeep
|
|t:|1779595919
|switch|p2a: Iron Hands|Iron Hands|78/100 tox
|switch|p1a: Espeon|Espeon, F, shiny|100/100
|turn|20
|
|t:|1779595926
|switch|p1a: Quagsire|Quagsire, F|100/100
|move|p2a: Iron Hands|Fake Out|p1a: Quagsire
|-damage|p1a: Quagsire|89/100
|-damage|p2a: Iron Hands|61/100 tox|[from] item: Rocky Helmet|[of] p1a: Quagsire
|
|-damage|p2a: Iron Hands|55/100 tox|[from] psn
|upkeep
|turn|21
|
|t:|1779595931
|move|p2a: Iron Hands|Earthquake|p1a: Quagsire
|-damage|p1a: Quagsire|63/100
|move|p1a: Quagsire|Stockpile|p1a: Quagsire
|-start|p1a: Quagsire|stockpile1
|-boost|p1a: Quagsire|def|1
|-boost|p1a: Quagsire|spd|1
|
|-damage|p2a: Iron Hands|42/100 tox|[from] psn
|upkeep
|turn|22
|
|t:|1779595936
|move|p2a: Iron Hands|Earthquake|p1a: Quagsire
|-damage|p1a: Quagsire|43/100
|move|p1a: Quagsire|Recover|p1a: Quagsire
|-heal|p1a: Quagsire|93/100
|
|-damage|p2a: Iron Hands|24/100 tox|[from] psn
|upkeep
|turn|23
|
|t:|1779595939
|move|p2a: Iron Hands|Earthquake|p1a: Quagsire
|-damage|p1a: Quagsire|73/100
|move|p1a: Quagsire|Stockpile|p1a: Quagsire
|-start|p1a: Quagsire|stockpile2
|-boost|p1a: Quagsire|def|1
|-boost|p1a: Quagsire|spd|1
|
|-damage|p2a: Iron Hands|0 fnt|[from] psn
|faint|p2a: Iron Hands
|-end|p2a: Iron Hands|Quark Drive|[silent]
|upkeep
|
|t:|1779595962
|switch|p2a: Keldeo|Keldeo|100/100
|turn|24
|
|t:|1779595968
|move|p2a: Keldeo|Surf|p1a: Quagsire
|-damage|p1a: Quagsire|41/100
|move|p1a: Quagsire|Toxic|p2a: Keldeo
|-status|p2a: Keldeo|tox
|
|-damage|p2a: Keldeo|94/100 tox|[from] psn
|upkeep
|turn|25
|
|t:|1779595973
|move|p2a: Keldeo|Surf|p1a: Quagsire
|-crit|p1a: Quagsire
|-damage|p1a: Quagsire|0 fnt
|faint|p1a: Quagsire
|
|-damage|p2a: Keldeo|82/100 tox|[from] psn
|upkeep
|
|t:|1779595978
|switch|p1a: Ninetales|Ninetales-Alola, F, shiny|100/100
|-weather|Snowscape|[from] ability: Snow Warning|[of] p1a: Ninetales
|turn|26
|
|t:|1779595983
|move|p2a: Keldeo|Surf|p1a: Ninetales
|-damage|p1a: Ninetales|51/100
|move|p1a: Ninetales|Aurora Veil|p1a: Ninetales
|-sidestart|p1: RadiantSol|move: Aurora Veil
|
|-weather|Snowscape|[upkeep]
|-damage|p2a: Keldeo|64/100 tox|[from] psn
|upkeep
|turn|27
|
|t:|1779595990
|switch|p2a: Dark Aura|Zamazenta, tera:Fighting|84/100
|move|p1a: Ninetales|Freeze-Dry|p2a: Dark Aura
|-damage|p2a: Dark Aura|67/100
|
|-weather|Snowscape|[upkeep]
|upkeep
|turn|28
|
|t:|1779595996
|switch|p1a: Talonflame|Talonflame, F|88/100
|move|p2a: Dark Aura|Iron Head|p1a: Talonflame
|-resisted|p1a: Talonflame
|-damage|p1a: Talonflame|79/100
|-status|p2a: Dark Aura|brn|[from] ability: Flame Body|[of] p1a: Talonflame
|
|-weather|Snowscape|[upkeep]
|-damage|p2a: Dark Aura|61/100 brn|[from] brn
|upkeep
|turn|29
|
|t:|1779596003
|move|p1a: Talonflame|Taunt|p2a: Dark Aura
|-start|p2a: Dark Aura|move: Taunt
|move|p2a: Dark Aura|Ice Fang|p1a: Talonflame
|-damage|p1a: Talonflame|73/100
|
|-weather|Snowscape|[upkeep]
|-damage|p2a: Dark Aura|55/100 brn|[from] brn
|upkeep
|turn|30
|
|t:|1779596020
|move|p1a: Talonflame|Flamethrower|p2a: Dark Aura
|-damage|p2a: Dark Aura|36/100 brn
|move|p2a: Dark Aura|Crunch|p1a: Talonflame
|-damage|p1a: Talonflame|64/100
|
|-weather|none
|-damage|p2a: Dark Aura|30/100 brn|[from] brn
|upkeep
|turn|31
|
|t:|1779596028
|move|p1a: Talonflame|Flamethrower|p2a: Dark Aura
|-damage|p2a: Dark Aura|10/100 brn
|move|p2a: Dark Aura|Close Combat|p1a: Talonflame
|-resisted|p1a: Talonflame
|-crit|p1a: Talonflame
|-damage|p1a: Talonflame|21/100
|-unboost|p2a: Dark Aura|def|1
|-unboost|p2a: Dark Aura|spd|1
|
|-damage|p2a: Dark Aura|4/100 brn|[from] brn
|-end|p2a: Dark Aura|move: Taunt
|upkeep
|turn|32
|
|t:|1779596034
|move|p1a: Talonflame|Roost|p1a: Talonflame
|-heal|p1a: Talonflame|71/100
|-singleturn|p1a: Talonflame|move: Roost
|move|p2a: Dark Aura|Close Combat|p1a: Talonflame
|-damage|p1a: Talonflame|45/100
|-unboost|p2a: Dark Aura|def|1
|-unboost|p2a: Dark Aura|spd|1
|
|-damage|p2a: Dark Aura|0 fnt|[from] brn
|faint|p2a: Dark Aura
|upkeep
|
|t:|1779596037
|switch|p2a: Quaquaval|Quaquaval, M|66/100 tox
|turn|33
|
|t:|1779596051
|switch|p1a: Kommo-o|Kommo-o, F|96/100
|move|p2a: Quaquaval|Swords Dance|p2a: Quaquaval
|-boost|p2a: Quaquaval|atk|2
|
|-damage|p2a: Quaquaval|60/100 tox|[from] psn
|-sideend|p1: RadiantSol|move: Aurora Veil
|upkeep
|turn|34
|-message|lilpoem forfeited.
|
|win|RadiantSol
|raw|RadiantSol's rating: 1278 &rarr; <strong>1306</strong><br />(+28 for winning)
|raw|lilpoem's rating: 1316 &rarr; <strong>1294</strong><br />(-22 for losing)
|l|☆lilpoem
|player|p2|
|l|‽RadiantSol
|player|p1|
