|j|☆npctypebeat
|j|☆gaminf67
|t:|1779589784
|gametype|singles
|player|p1|npctypebeat|2|1141
|player|p2|gaminf67|hilbert|1159
|gen|9
|tier|[Gen 9] OU
|rated|
|rule|HP Percentage Mod: HP is shown in percentages
|rule|Endless Battle Clause: Forcing endless battles is banned
|rule|Species Clause: Limit one of each Pokémon
|rule|OHKO Clause: OHKO moves are banned
|rule|Evasion Items Clause: Evasion items are banned
|rule|Evasion Moves Clause: Evasion moves are banned
|rule|Evasion Abilities Clause: Evasion abilities are banned
|rule|Sleep Moves Clause: Sleep-inducing moves are banned
|clearpoke
|poke|p1|Corviknight, F|
|poke|p1|Ting-Lu|
|poke|p1|Kyurem|
|poke|p1|Dondozo, M|
|poke|p1|Slowking-Galar, F|
|poke|p1|Cinderace, M|
|poke|p2|Zamazenta-*|
|poke|p2|Gholdengo|
|poke|p2|Kingambit, M|
|poke|p2|Primarina, M|
|poke|p2|Kyurem|
|poke|p2|Great Tusk|
|teampreview
|inactive|Battle timer is ON: inactive players will automatically lose when time's up. (requested by gaminf67)
|c|☆npctypebeat|hf
|inactive|npctypebeat has 120 seconds left.
|
|t:|1779589833
|teamsize|p1|6
|teamsize|p2|6
|start
|switch|p1a: Cinderace|Cinderace, M|100/100
|switch|p2a: Great Tusk|Great Tusk|100/100
|-enditem|p2a: Great Tusk|Booster Energy
|-activate|p2a: Great Tusk|ability: Protosynthesis|[fromitem]
|-start|p2a: Great Tusk|protosynthesisspe
|turn|1
|inactive|npctypebeat also wants the timer to be on.
|inactive|npctypebeat has 120 seconds left.
|
|t:|1779589867
|switch|p1a: Corviknight|Corviknight, F|100/100
|-ability|p1a: Corviknight|Pressure
|move|p2a: Great Tusk|Headlong Rush|p1a: Corviknight
|-immune|p1a: Corviknight
|
|upkeep
|turn|2
|
|t:|1779589879
|move|p2a: Great Tusk|Bulk Up|p2a: Great Tusk
|-boost|p2a: Great Tusk|atk|1
|-boost|p2a: Great Tusk|def|1
|move|p1a: Corviknight|Brave Bird|p2a: Great Tusk
|-supereffective|p2a: Great Tusk
|-damage|p2a: Great Tusk|70/100
|-damage|p1a: Corviknight|89/100|[from] Recoil
|
|upkeep
|turn|3
|inactive|npctypebeat has 120 seconds left.
|
|t:|1779589919
|move|p2a: Great Tusk|Bulk Up|p2a: Great Tusk
|-boost|p2a: Great Tusk|atk|1
|-boost|p2a: Great Tusk|def|1
|move|p1a: Corviknight|Brave Bird|p2a: Great Tusk
|-supereffective|p2a: Great Tusk
|-damage|p2a: Great Tusk|45/100
|-damage|p1a: Corviknight|80/100|[from] Recoil
|
|upkeep
|turn|4
|
|t:|1779589935
|move|p2a: Great Tusk|Ice Spinner|p1a: Corviknight
|-damage|p1a: Corviknight|50/100
|-damage|p2a: Great Tusk|29/100|[from] item: Rocky Helmet|[of] p1a: Corviknight
|move|p1a: Corviknight|Brave Bird|p2a: Great Tusk
|-supereffective|p2a: Great Tusk
|-damage|p2a: Great Tusk|3/100
|-damage|p1a: Corviknight|41/100|[from] Recoil
|
|upkeep
|turn|5
|
|t:|1779589942
|move|p2a: Great Tusk|Ice Spinner|p1a: Corviknight
|-crit|p1a: Corviknight
|-damage|p1a: Corviknight|0 fnt
|-damage|p2a: Great Tusk|0 fnt|[from] item: Rocky Helmet|[of] p1a: Corviknight
|faint|p1a: Corviknight
|faint|p2a: Great Tusk
|-end|p2a: Great Tusk|Protosynthesis|[silent]
|
|upkeep
|
|t:|1779589950
|switch|p2a: Gholdengo|Gholdengo|100/100
|switch|p1a: Dondozo|Dondozo, M|100/100
|-item|p2a: Gholdengo|Air Balloon
|turn|6
|
|t:|1779589966
|switch|p1a: Cinderace|Cinderace, M|100/100
|move|p2a: Gholdengo|Nasty Plot|p2a: Gholdengo
|-boost|p2a: Gholdengo|spa|2
|
|upkeep
|turn|7
|
|t:|1779589978
|-terastallize|p2a: Gholdengo|Fairy
|move|p1a: Cinderace|Pyro Ball|p2a: Gholdengo
|-damage|p2a: Gholdengo|46/100
|-enditem|p2a: Gholdengo|Air Balloon
|move|p2a: Gholdengo|Shadow Ball|p1a: Cinderace
|-damage|p1a: Cinderace|0 fnt
|faint|p1a: Cinderace
|
|upkeep
|inactive|npctypebeat has 90 seconds left.
|
|t:|1779590014
|switch|p1a: Dondozo|Dondozo, M|100/100
|turn|8
|
|t:|1779590022
|move|p2a: Gholdengo|Focus Blast|p1a: Dondozo
|-damage|p1a: Dondozo|72/100
|move|p1a: Dondozo|Waterfall|p2a: Gholdengo
|-damage|p2a: Gholdengo|14/100
|
|-heal|p1a: Dondozo|78/100|[from] item: Leftovers
|upkeep
|turn|9
|inactive|npctypebeat has 90 seconds left.
|
|t:|1779590055
|move|p2a: Gholdengo|Shadow Ball|p1a: Dondozo
|-damage|p1a: Dondozo|50/100
|move|p1a: Dondozo|Waterfall|p2a: Gholdengo
|-damage|p2a: Gholdengo|0 fnt
|faint|p2a: Gholdengo
|
|-heal|p1a: Dondozo|56/100|[from] item: Leftovers
|upkeep
|
|t:|1779590063
|switch|p2a: Kyurem|Kyurem|100/100
|-ability|p2a: Kyurem|Pressure
|turn|10
|
|t:|1779590066
|switch|p1a: Slowking|Slowking-Galar, F|100/100
|move|p2a: Kyurem|Freeze-Dry|p1a: Slowking
|-damage|p1a: Slowking|60/100
|
|upkeep
|turn|11
|
|t:|1779590078
|switch|p2a: Kingambit|Kingambit, M|100/100
|-activate|p2a: Kingambit|ability: Supreme Overlord
|-start|p2a: Kingambit|fallen2|[silent]
|-prepare|p1a: Slowking|Chilly Reception|[premajor]
|move|p1a: Slowking|Chilly Reception|p1a: Slowking
|-weather|Snowscape
|
|t:|1779590085
|switch|p1a: Kyurem|Kyurem|100/100|[from] Chilly Reception
|-ability|p1a: Kyurem|Pressure
|
|-weather|Snowscape|[upkeep]
|upkeep
|turn|12
|inactive|gaminf67 has 120 seconds left.
|
|t:|1779590122
|move|p1a: Kyurem|Substitute|p1a: Kyurem
|-start|p1a: Kyurem|Substitute
|-damage|p1a: Kyurem|75/100
|move|p2a: Kingambit|Iron Head|p1a: Kyurem
|-supereffective|p1a: Kyurem
|-end|p1a: Kyurem|Substitute
|
|-weather|Snowscape|[upkeep]
|-heal|p1a: Kyurem|82/100|[from] item: Leftovers
|upkeep
|turn|13
|inactive|npctypebeat has 90 seconds left.
|
|t:|1779590142
|move|p1a: Kyurem|Protect|p1a: Kyurem
|-singleturn|p1a: Kyurem|Protect
|move|p2a: Kingambit|Iron Head|p1a: Kyurem
|-activate|p1a: Kyurem|move: Protect
|
|-weather|Snowscape|[upkeep]
|-heal|p1a: Kyurem|88/100|[from] item: Leftovers
|upkeep
|turn|14
|inactive|npctypebeat has 90 seconds left.
|
|t:|1779590154
|switch|p1a: Dondozo|Dondozo, M|56/100
|move|p2a: Kingambit|Iron Head|p1a: Dondozo
|-resisted|p1a: Dondozo
|-damage|p1a: Dondozo|38/100
|
|-weather|Snowscape|[upkeep]
|-heal|p1a: Dondozo|45/100|[from] item: Leftovers
|upkeep
|turn|15
|inactive|npctypebeat has 90 seconds left.
|
|t:|1779590175
|-end|p2a: Kingambit|fallen2|[silent]
|switch|p2a: Primarina|Primarina, M|100/100
|move|p1a: Dondozo|Rest|p1a: Dondozo
|-status|p1a: Dondozo|slp|[from] move: Rest
|-heal|p1a: Dondozo|100/100 slp|[silent]
|
|-weather|none
|upkeep
|turn|16
|
|t:|1779590189
|switch|p1a: Kyurem|Kyurem|88/100
|-ability|p1a: Kyurem|Pressure
|move|p2a: Primarina|Psychic Noise|p1a: Kyurem
|-damage|p1a: Kyurem|63/100
|-start|p1a: Kyurem|move: Heal Block
|
|upkeep
|turn|17
|
|t:|1779590208
|move|p1a: Kyurem|Freeze-Dry|p2a: Primarina
|-supereffective|p2a: Primarina
|-damage|p2a: Primarina|54/100
|move|p2a: Primarina|Moonblast|p1a: Kyurem
|-supereffective|p1a: Kyurem
|-damage|p1a: Kyurem|0 fnt
|faint|p1a: Kyurem
|
|upkeep
|
|t:|1779590215
|switch|p1a: Ting-Lu|Ting-Lu|100/100
|-ability|p1a: Ting-Lu|Vessel of Ruin
|turn|18
|
|t:|1779590224
|move|p2a: Primarina|Moonblast|p1a: Ting-Lu
|-supereffective|p1a: Ting-Lu
|-damage|p1a: Ting-Lu|55/100
|-unboost|p1a: Ting-Lu|spa|1
|move|p1a: Ting-Lu|Earthquake|p2a: Primarina
|-damage|p2a: Primarina|5/100
|
|-heal|p1a: Ting-Lu|61/100|[from] item: Leftovers
|upkeep
|turn|19
|
|t:|1779590237
|switch|p1a: Slowking|Slowking-Galar, F|93/100
|move|p2a: Primarina|Whirlpool|p1a: Slowking|[miss]
|-miss|p2a: Primarina|p1a: Slowking
|
|upkeep
|turn|20
|
|t:|1779590245
|switch|p2a: Kingambit|Kingambit, M|100/100
|-activate|p2a: Kingambit|ability: Supreme Overlord
|-start|p2a: Kingambit|fallen2|[silent]
|-prepare|p1a: Slowking|Chilly Reception|[premajor]
|move|p1a: Slowking|Chilly Reception|p1a: Slowking
|-weather|Snowscape
|
|t:|1779590254
|switch|p1a: Ting-Lu|Ting-Lu|61/100|[from] Chilly Reception
|-ability|p1a: Ting-Lu|Vessel of Ruin
|
|-weather|Snowscape|[upkeep]
|-heal|p1a: Ting-Lu|67/100|[from] item: Leftovers
|upkeep
|turn|21
|
|t:|1779590268
|-end|p2a: Kingambit|fallen2|[silent]
|switch|p2a: Zamazenta|Zamazenta|100/100
|-ability|p2a: Zamazenta|Dauntless Shield|boost
|-boost|p2a: Zamazenta|def|1
|move|p1a: Ting-Lu|Rest|p1a: Ting-Lu
|-status|p1a: Ting-Lu|slp|[from] move: Rest
|-heal|p1a: Ting-Lu|100/100 slp|[silent]
|
|-weather|Snowscape|[upkeep]
|upkeep
|turn|22
|
|t:|1779590276
|move|p2a: Zamazenta|Iron Defense|p2a: Zamazenta
|-boost|p2a: Zamazenta|def|2
|cant|p1a: Ting-Lu|slp
|move|p1a: Ting-Lu|Sleep Talk|p1a: Ting-Lu
|move|p1a: Ting-Lu|Earthquake|p2a: Zamazenta|[from] move: Sleep Talk
|-damage|p2a: Zamazenta|90/100
|
|-weather|Snowscape|[upkeep]
|-heal|p2a: Zamazenta|97/100|[from] item: Leftovers
|upkeep
|turn|23
|inactive|npctypebeat has 90 seconds left.
|
|t:|1779590286
|switch|p1a: Slowking|Slowking-Galar, F|100/100
|move|p2a: Zamazenta|Iron Defense|p2a: Zamazenta
|-boost|p2a: Zamazenta|def|2
|
|-weather|Snowscape|[upkeep]
|-heal|p2a: Zamazenta|100/100|[from] item: Leftovers
|upkeep
|turn|24
|inactive|npctypebeat has 90 seconds left.
|
|t:|1779590304
|move|p1a: Slowking|Future Sight|p2a: Zamazenta
|-start|p1a: Slowking|move: Future Sight
|move|p2a: Zamazenta|Roar|p1a: Slowking
|drag|p1a: Ting-Lu|Ting-Lu|100/100 slp
|-ability|p1a: Ting-Lu|Vessel of Ruin
|
|-weather|none
|upkeep
|turn|25
|inactive|npctypebeat has 90 seconds left.
|
|t:|1779590320
|switch|p1a: Slowking|Slowking-Galar, F|100/100
|move|p2a: Zamazenta|Body Press|p1a: Slowking
|-resisted|p1a: Slowking
|-damage|p1a: Slowking|81/100
|
|upkeep
|turn|26
|
|t:|1779590330
|move|p1a: Slowking|Ice Beam|p2a: Zamazenta
|-damage|p2a: Zamazenta|82/100
|move|p2a: Zamazenta|Roar|p1a: Slowking
|drag|p1a: Ting-Lu|Ting-Lu|100/100 slp
|-ability|p1a: Ting-Lu|Vessel of Ruin
|
|-end|p2a: Zamazenta|move: Future Sight
|-supereffective|p2a: Zamazenta
|-damage|p2a: Zamazenta|26/100
|-heal|p2a: Zamazenta|32/100|[from] item: Leftovers
|upkeep
|turn|27
|inactive|npctypebeat has 90 seconds left.
|
|t:|1779590343
|switch|p1a: Slowking|Slowking-Galar, F|100/100
|move|p2a: Zamazenta|Body Press|p1a: Slowking
|-resisted|p1a: Slowking
|-crit|p1a: Slowking
|-damage|p1a: Slowking|67/100
|
|-heal|p2a: Zamazenta|38/100|[from] item: Leftovers
|upkeep
|turn|28
|inactive|npctypebeat has 90 seconds left.
|
|t:|1779590353
|move|p2a: Zamazenta|Crunch|p1a: Slowking
|-supereffective|p1a: Slowking
|-damage|p1a: Slowking|35/100
|-unboost|p1a: Slowking|def|1
|move|p1a: Slowking|Sludge Bomb|p2a: Zamazenta
|-damage|p2a: Zamazenta|11/100
|
|-heal|p2a: Zamazenta|17/100|[from] item: Leftovers
|upkeep
|turn|29
|inactive|npctypebeat has 90 seconds left.
|
|t:|1779590376
|switch|p1a: Dondozo|Dondozo, M|100/100 slp
|move|p2a: Zamazenta|Crunch|p1a: Dondozo
|-damage|p1a: Dondozo|88/100 slp
|
|-heal|p2a: Zamazenta|23/100|[from] item: Leftovers
|-heal|p1a: Dondozo|94/100 slp|[from] item: Leftovers
|upkeep
|turn|30
|
|t:|1779590395
|move|p2a: Zamazenta|Iron Defense|p2a: Zamazenta
|-boost|p2a: Zamazenta|def|1
|cant|p1a: Dondozo|slp
|
|-heal|p2a: Zamazenta|29/100|[from] item: Leftovers
|-heal|p1a: Dondozo|99/100 slp|[from] item: Leftovers
|upkeep
|turn|31
|
|t:|1779590403
|move|p2a: Zamazenta|Body Press|p1a: Dondozo
|-damage|p1a: Dondozo|79/100 slp
|cant|p1a: Dondozo|slp
|
|-heal|p2a: Zamazenta|35/100|[from] item: Leftovers
|-heal|p1a: Dondozo|85/100 slp|[from] item: Leftovers
|upkeep
|turn|32
|
|t:|1779590411
|move|p2a: Zamazenta|Body Press|p1a: Dondozo
|-damage|p1a: Dondozo|66/100 slp
|-curestatus|p1a: Dondozo|slp|[msg]
|move|p1a: Dondozo|Body Press|p2a: Zamazenta
|-damage|p2a: Zamazenta|20/100
|
|-heal|p2a: Zamazenta|26/100|[from] item: Leftovers
|-heal|p1a: Dondozo|72/100|[from] item: Leftovers
|upkeep
|turn|33
|inactive|npctypebeat has 90 seconds left.
|
|t:|1779590424
|move|p2a: Zamazenta|Body Press|p1a: Dondozo
|-damage|p1a: Dondozo|52/100
|move|p1a: Dondozo|Body Press|p2a: Zamazenta
|-damage|p2a: Zamazenta|11/100
|
|-heal|p2a: Zamazenta|18/100|[from] item: Leftovers
|-heal|p1a: Dondozo|58/100|[from] item: Leftovers
|upkeep
|turn|34
|inactive|npctypebeat has 90 seconds left.
|
|t:|1779590441
|switch|p1a: Ting-Lu|Ting-Lu|100/100 slp
|-ability|p1a: Ting-Lu|Vessel of Ruin
|move|p2a: Zamazenta|Body Press|p1a: Ting-Lu
|-supereffective|p1a: Ting-Lu
|-crit|p1a: Ting-Lu
|-damage|p1a: Ting-Lu|0 fnt
|faint|p1a: Ting-Lu
|
|-heal|p2a: Zamazenta|24/100|[from] item: Leftovers
|upkeep
|c|☆gaminf67|Two stallers
|
|t:|1779590459
|switch|p1a: Slowking|Slowking-Galar, F|69/100
|turn|35
|
|t:|1779590474
|move|p2a: Zamazenta|Crunch|p1a: Slowking
|-supereffective|p1a: Slowking
|-damage|p1a: Slowking|38/100
|-unboost|p1a: Slowking|def|1
|-prepare|p1a: Slowking|Chilly Reception|[premajor]
|move|p1a: Slowking|Chilly Reception|p1a: Slowking
|-weather|Snowscape
|
|t:|1779590479
|switch|p1a: Dondozo|Dondozo, M|58/100|[from] Chilly Reception
|
|-weather|Snowscape|[upkeep]
|-heal|p2a: Zamazenta|30/100|[from] item: Leftovers
|-heal|p1a: Dondozo|65/100|[from] item: Leftovers
|upkeep
|turn|36
|
|t:|1779590487
|move|p2a: Zamazenta|Body Press|p1a: Dondozo
|-damage|p1a: Dondozo|44/100
|move|p1a: Dondozo|Body Press|p2a: Zamazenta
|-damage|p2a: Zamazenta|15/100
|
|-weather|Snowscape|[upkeep]
|-heal|p2a: Zamazenta|21/100|[from] item: Leftovers
|-heal|p1a: Dondozo|50/100|[from] item: Leftovers
|upkeep
|turn|37
|c|☆gaminf67|I guess we're doing this
|
|t:|1779590504
|move|p2a: Zamazenta|Body Press|p1a: Dondozo
|-damage|p1a: Dondozo|29/100
|move|p1a: Dondozo|Rest|p1a: Dondozo
|-status|p1a: Dondozo|slp|[from] move: Rest
|-heal|p1a: Dondozo|100/100 slp|[silent]
|
|-weather|Snowscape|[upkeep]
|-heal|p2a: Zamazenta|27/100|[from] item: Leftovers
|upkeep
|turn|38
|
|t:|1779590514
|cant|p1a: Dondozo|slp
|move|p2a: Zamazenta|Roar|p1a: Dondozo
|drag|p1a: Slowking|Slowking-Galar, F|71/100
|
|-weather|Snowscape|[upkeep]
|-heal|p2a: Zamazenta|33/100|[from] item: Leftovers
|upkeep
|turn|39
|
|t:|1779590536
|switch|p2a: Kyurem|Kyurem|100/100
|-ability|p2a: Kyurem|Pressure
|move|p1a: Slowking|Sludge Bomb|p2a: Kyurem
|-damage|p2a: Kyurem|70/100
|-status|p2a: Kyurem|psn
|
|-weather|none
|-damage|p2a: Kyurem|58/100 psn|[from] psn
|upkeep
|turn|40
|
|t:|1779590549
|move|p2a: Kyurem|Earth Power|p1a: Slowking
|-supereffective|p1a: Slowking
|-enditem|p1a: Slowking|Shuca Berry|[eat]
|-enditem|p1a: Slowking|Shuca Berry|[weaken]
|-damage|p1a: Slowking|36/100
|move|p1a: Slowking|Sludge Bomb|p2a: Kyurem
|-damage|p2a: Kyurem|24/100 psn
|
|-damage|p2a: Kyurem|11/100 psn|[from] psn
|upkeep
|turn|41
|
|t:|1779590561
|switch|p1a: Dondozo|Dondozo, M|100/100 slp
|move|p2a: Kyurem|Earth Power|p1a: Dondozo
|-damage|p1a: Dondozo|69/100 slp
|
|-heal|p1a: Dondozo|75/100 slp|[from] item: Leftovers
|-damage|p2a: Kyurem|0 fnt|[from] psn
|faint|p2a: Kyurem
|upkeep
|
|t:|1779590568
|switch|p2a: Primarina|Primarina, M|5/100
|turn|42
|
|t:|1779590583
|switch|p1a: Slowking|Slowking-Galar, F|69/100
|move|p2a: Primarina|Whirlpool|p1a: Slowking|[miss]
|-miss|p2a: Primarina|p1a: Slowking
|
|upkeep
|turn|43
|
|t:|1779590595
|move|p2a: Primarina|Whirlpool|p1a: Slowking
|-damage|p1a: Slowking|45/100
|-activate|p1a: Slowking|move: Whirlpool|[of] p2a: Primarina
|-prepare|p1a: Slowking|Chilly Reception|[premajor]
|move|p1a: Slowking|Chilly Reception|p1a: Slowking
|-weather|Snowscape
|inactive|npctypebeat has 60 seconds left.
|
|t:|1779590613
|switch|p1a: Dondozo|Dondozo, M|75/100 slp|[from] Chilly Reception
|
|-weather|Snowscape|[upkeep]
|-heal|p1a: Dondozo|81/100 slp|[from] item: Leftovers
|upkeep
|turn|44
|inactive|npctypebeat has 60 seconds left.
|
|t:|1779590627
|switch|p1a: Slowking|Slowking-Galar, F|78/100
|move|p2a: Primarina|Whirlpool|p1a: Slowking
|-damage|p1a: Slowking|56/100
|-activate|p1a: Slowking|move: Whirlpool|[of] p2a: Primarina
|
|-weather|Snowscape|[upkeep]
|-damage|p1a: Slowking|44/100|[from] move: Whirlpool|[partiallytrapped]
|upkeep
|turn|45
|c|☆gaminf67|Brother pls
|inactive|npctypebeat has 60 seconds left.
|
|t:|1779590642
|move|p2a: Primarina|Whirlpool|p1a: Slowking
|-damage|p1a: Slowking|18/100
|-prepare|p1a: Slowking|Chilly Reception|[premajor]
|move|p1a: Slowking|Chilly Reception|p1a: Slowking
|inactive|npctypebeat has 60 seconds left.
|
|t:|1779590655
|switch|p1a: Dondozo|Dondozo, M|81/100 slp|[from] Chilly Reception
|
|-weather|Snowscape|[upkeep]
|-heal|p1a: Dondozo|87/100 slp|[from] item: Leftovers
|upkeep
|turn|46
|inactive|npctypebeat has 60 seconds left.
|
|t:|1779590687
|switch|p1a: Slowking|Slowking-Galar, F|51/100
|move|p2a: Primarina|Whirlpool|p1a: Slowking
|-damage|p1a: Slowking|26/100
|-activate|p1a: Slowking|move: Whirlpool|[of] p2a: Primarina
|
|-weather|Snowscape|[upkeep]
|-damage|p1a: Slowking|13/100|[from] move: Whirlpool|[partiallytrapped]
|upkeep
|turn|47
|
|t:|1779590710
|move|p2a: Primarina|Whirlpool|p1a: Slowking
|-damage|p1a: Slowking|0 fnt
|faint|p1a: Slowking
|
|-weather|none
|upkeep
|
|t:|1779590717
|switch|p1a: Dondozo|Dondozo, M|87/100 slp
|turn|48
|
|t:|1779590728
|move|p2a: Primarina|Psychic Noise|p1a: Dondozo
|-damage|p1a: Dondozo|69/100 slp
|-start|p1a: Dondozo|move: Heal Block
|cant|p1a: Dondozo|slp
|
|upkeep
|turn|49
|
|t:|1779590736
|move|p2a: Primarina|Moonblast|p1a: Dondozo
|-damage|p1a: Dondozo|34/100 slp
|-unboost|p1a: Dondozo|spa|1
|-curestatus|p1a: Dondozo|slp|[msg]
|move|p1a: Dondozo|Waterfall|p2a: Primarina
|-resisted|p2a: Primarina
|-damage|p2a: Primarina|0 fnt
|faint|p2a: Primarina
|
|-end|p1a: Dondozo|move: Heal Block
|upkeep
|
|t:|1779590744
|switch|p2a: Kingambit|Kingambit, M|100/100
|-activate|p2a: Kingambit|ability: Supreme Overlord
|-start|p2a: Kingambit|fallen4|[silent]
|turn|50
|
|t:|1779590757
|move|p2a: Kingambit|Swords Dance|p2a: Kingambit
|-boost|p2a: Kingambit|atk|2
|move|p1a: Dondozo|Rest|p1a: Dondozo
|-status|p1a: Dondozo|slp|[from] move: Rest
|-heal|p1a: Dondozo|100/100 slp|[silent]
|
|upkeep
|turn|51
|
|t:|1779590766
|move|p2a: Kingambit|Swords Dance|p2a: Kingambit
|-boost|p2a: Kingambit|atk|2
|cant|p1a: Dondozo|slp
|
|upkeep
|turn|52
|
|t:|1779590774
|move|p2a: Kingambit|Swords Dance|p2a: Kingambit
|-boost|p2a: Kingambit|atk|2
|cant|p1a: Dondozo|slp
|
|upkeep
|turn|53
|inactive|npctypebeat has 60 seconds left.
|
|t:|1779590780
|move|p2a: Kingambit|Kowtow Cleave|p1a: Dondozo
|-damage|p1a: Dondozo|55/100 slp
|-curestatus|p1a: Dondozo|slp|[msg]
|move|p1a: Dondozo|Waterfall|p2a: Kingambit
|-damage|p2a: Kingambit|78/100
|
|-heal|p2a: Kingambit|84/100|[from] item: Leftovers
|-heal|p1a: Dondozo|61/100|[from] item: Leftovers
|upkeep
|turn|54
|inactive|npctypebeat has 60 seconds left.
|l|☆gaminf67
|inactive|gaminf67 disconnected and has a minute to reconnect!
|player|p2|
|
|t:|1779590807
|move|p2a: Kingambit|Kowtow Cleave|p1a: Dondozo
|-damage|p1a: Dondozo|21/100
|move|p1a: Dondozo|Body Press|p2a: Kingambit
|-supereffective|p2a: Kingambit
|-damage|p2a: Kingambit|19/100
|
|-heal|p2a: Kingambit|25/100|[from] item: Leftovers
|-heal|p1a: Dondozo|27/100|[from] item: Leftovers
|upkeep
|turn|55
|j|☆gaminf67
|inactive|gaminf67 reconnected and has 145 seconds left.
|player|p2|gaminf67|hilbert|
|
|t:|1779590828
|move|p2a: Kingambit|Kowtow Cleave|p1a: Dondozo
|-damage|p1a: Dondozo|0 fnt
|faint|p1a: Dondozo
|
|win|gaminf67
|raw|npctypebeat's rating: 1112 &rarr; <strong>1090</strong><br />(-22 for losing)
|raw|gaminf67's rating: 1159 &rarr; <strong>1181</strong><br />(+22 for winning)
|c|☆npctypebeat|gg
|c|☆gaminf67|Hg
|l|☆gaminf67
|player|p2|
