|j|‽bonycrow
|j|☆Shabooya1
|t:|1779557378
|gametype|singles
|player|p1|bonycrow|n|1362
|player|p2|Shabooya1|brycenman|1372
|gen|9
|tier|[Gen 9] OU
|rated|
|rule|HP Percentage Mod: HP is shown in percentages
|rule|Endless Battle Clause: Forcing endless battles is banned
|rule|Species Clause: Limit one of each Pokémon
|rule|OHKO Clause: OHKO moves are banned
|rule|Evasion Items Clause: Evasion items are banned
|rule|Evasion Moves Clause: Evasion moves are banned
|rule|Evasion Abilities Clause: Evasion abilities are banned
|rule|Sleep Moves Clause: Sleep-inducing moves are banned
|clearpoke
|poke|p1|Corviknight, M|
|poke|p1|Gastrodon-East, M|
|poke|p1|Iron Valiant|
|poke|p1|Raging Bolt|
|poke|p1|Ogerpon, F|
|poke|p1|Darkrai|
|poke|p2|Pelipper, M|
|poke|p2|Barraskewda, F|
|poke|p2|Raging Bolt|
|poke|p2|Primarina, F|
|poke|p2|Grimmsnarl, M|
|poke|p2|Iron Crown|
|teampreview
|
|t:|1779557392
|teamsize|p1|6
|teamsize|p2|6
|start
|switch|p1a: Raging Bolt|Raging Bolt|100/100
|switch|p2a: Iron Crown|Iron Crown|100/100
|turn|1
|
|t:|1779557399
|move|p2a: Iron Crown|Volt Switch|p1a: Raging Bolt
|-resisted|p1a: Raging Bolt
|-damage|p1a: Raging Bolt|92/100
|
|t:|1779557401
|-end|p2a: Iron Crown|Quark Drive|[silent]
|switch|p2a: Grimmsnarl|Grimmsnarl, M|100/100|[from] Volt Switch
|move|p1a: Raging Bolt|Volt Switch|p2a: Grimmsnarl
|-damage|p2a: Grimmsnarl|58/100
|
|t:|1779557408
|-end|p1a: Raging Bolt|Protosynthesis|[silent]
|switch|p1a: Darkrai|Darkrai|100/100|[from] Volt Switch
|
|upkeep
|turn|2
|
|t:|1779557413
|move|p2a: Grimmsnarl|Light Screen|p2a: Grimmsnarl
|-sidestart|p2: Shabooya1|move: Light Screen
|move|p1a: Darkrai|Sludge Bomb|p2a: Grimmsnarl
|-supereffective|p2a: Grimmsnarl
|-damage|p2a: Grimmsnarl|30/100
|
|upkeep
|turn|3
|
|t:|1779557421
|switch|p1a: Corviknight|Corviknight, M, shiny|100/100
|move|p2a: Grimmsnarl|Spirit Break|p1a: Corviknight
|-resisted|p1a: Corviknight
|-damage|p1a: Corviknight|91/100
|-ability|p1a: Corviknight|Mirror Armor
|-unboost|p2a: Grimmsnarl|spa|1
|-damage|p2a: Grimmsnarl|14/100|[from] item: Rocky Helmet|[of] p1a: Corviknight
|
|upkeep
|turn|4
|
|t:|1779557432
|move|p2a: Grimmsnarl|Parting Shot|p1a: Corviknight
|-ability|p1a: Corviknight|Mirror Armor
|-unboost|p2a: Grimmsnarl|atk|1
|-ability|p1a: Corviknight|Mirror Armor
|-unboost|p2a: Grimmsnarl|spa|1
|
|t:|1779557442
|switch|p2a: Barraskewda|Barraskewda, F, shiny|100/100|[from] Parting Shot
|move|p1a: Corviknight|Defog|p2a: Barraskewda
|-unboost|p2a: Barraskewda|evasion|1
|-sideend|p2: Shabooya1|move: Light Screen
|
|upkeep
|turn|5
|
|t:|1779557449
|move|p2a: Barraskewda|Close Combat|p1a: Corviknight
|-damage|p1a: Corviknight|55/100
|-unboost|p2a: Barraskewda|def|1
|-unboost|p2a: Barraskewda|spd|1
|-damage|p2a: Barraskewda|84/100|[from] item: Rocky Helmet|[of] p1a: Corviknight
|move|p1a: Corviknight|Brave Bird|p2a: Barraskewda
|-damage|p2a: Barraskewda|0 fnt
|faint|p2a: Barraskewda
|-damage|p1a: Corviknight|36/100|[from] Recoil
|
|upkeep
|
|t:|1779557455
|switch|p2a: Iron Crown|Iron Crown|100/100
|turn|6
|
|t:|1779557464
|switch|p1a: Gastrodon|Gastrodon-East, M, shiny|100/100
|move|p2a: Iron Crown|Tachyon Cutter|p1a: Gastrodon
|-resisted|p1a: Gastrodon
|-damage|p1a: Gastrodon|89/100
|-resisted|p1a: Gastrodon
|-damage|p1a: Gastrodon|77/100
|-hitcount|p1a: Gastrodon|2
|
|-heal|p1a: Gastrodon|83/100|[from] item: Leftovers
|upkeep
|turn|7
|
|t:|1779557474
|-end|p2a: Iron Crown|Quark Drive|[silent]
|switch|p2a: Pelipper|Pelipper, M|100/100
|-weather|RainDance|[from] ability: Drizzle|[of] p2a: Pelipper
|move|p1a: Gastrodon|Stealth Rock|p2a: Pelipper
|-sidestart|p2: Shabooya1|move: Stealth Rock
|
|-weather|RainDance|[upkeep]
|-heal|p1a: Gastrodon|89/100|[from] item: Leftovers
|upkeep
|turn|8
|
|t:|1779557492
|switch|p1a: Raging Bolt|Raging Bolt|92/100
|move|p2a: Pelipper|Knock Off|p1a: Raging Bolt
|-damage|p1a: Raging Bolt|80/100
|-enditem|p1a: Raging Bolt|Choice Specs|[from] move: Knock Off|[of] p2a: Pelipper
|
|-weather|RainDance|[upkeep]
|upkeep
|turn|9
|
|t:|1779557500
|move|p1a: Raging Bolt|Thunderbolt|p2a: Pelipper
|-supereffective|p2a: Pelipper
|-damage|p2a: Pelipper|0 fnt
|faint|p2a: Pelipper
|
|-weather|RainDance|[upkeep]
|upkeep
|
|t:|1779557504
|switch|p2a: Grimmsnarl|Grimmsnarl, M|14/100
|-damage|p2a: Grimmsnarl|1/100|[from] Stealth Rock
|turn|10
|
|t:|1779557511
|move|p2a: Grimmsnarl|Light Screen|p2a: Grimmsnarl
|-sidestart|p2: Shabooya1|move: Light Screen
|move|p1a: Raging Bolt|Volt Switch|p2a: Grimmsnarl
|-damage|p2a: Grimmsnarl|0 fnt
|faint|p2a: Grimmsnarl
|
|t:|1779557522
|-end|p1a: Raging Bolt|Protosynthesis|[silent]
|switch|p1a: Iron Valiant|Iron Valiant|100/100|[from] Volt Switch
|-enditem|p1a: Iron Valiant|Booster Energy
|-activate|p1a: Iron Valiant|ability: Quark Drive|[fromitem]
|-start|p1a: Iron Valiant|quarkdrivespe
|
|-weather|RainDance|[upkeep]
|upkeep
|
|t:|1779557526
|switch|p2a: Primarina|Primarina, F, shiny|100/100
|-damage|p2a: Primarina|88/100|[from] Stealth Rock
|turn|11
|
|t:|1779557535
|-end|p1a: Iron Valiant|Quark Drive|[silent]
|switch|p1a: Gastrodon|Gastrodon-East, M, shiny|89/100
|move|p2a: Primarina|Draining Kiss|p1a: Gastrodon
|-damage|p1a: Gastrodon|72/100
|-heal|p2a: Primarina|100/100|[from] drain|[of] p1a: Gastrodon
|
|-weather|RainDance|[upkeep]
|-heal|p1a: Gastrodon|78/100|[from] item: Leftovers
|upkeep
|turn|12
|
|t:|1779557545
|move|p2a: Primarina|Substitute|p2a: Primarina
|-start|p2a: Primarina|Substitute
|-damage|p2a: Primarina|76/100
|move|p1a: Gastrodon|Clear Smog|p2a: Primarina
|-supereffective|p2a: Primarina
|-activate|p2a: Primarina|move: Substitute|[damage]
|
|-weather|RainDance|[upkeep]
|-heal|p2a: Primarina|82/100|[from] item: Leftovers
|-heal|p1a: Gastrodon|84/100|[from] item: Leftovers
|upkeep
|turn|13
|
|t:|1779557555
|move|p2a: Primarina|Calm Mind|p2a: Primarina
|-boost|p2a: Primarina|spa|1
|-boost|p2a: Primarina|spd|1
|move|p1a: Gastrodon|Clear Smog|p2a: Primarina
|-supereffective|p2a: Primarina
|-activate|p2a: Primarina|move: Substitute|[damage]
|
|-weather|RainDance|[upkeep]
|-heal|p2a: Primarina|88/100|[from] item: Leftovers
|-heal|p1a: Gastrodon|91/100|[from] item: Leftovers
|upkeep
|turn|14
|
|t:|1779557569
|move|p2a: Primarina|Psychic Noise|p1a: Gastrodon
|-ability|p1a: Gastrodon|Storm Drain|boost
|-boost|p1a: Gastrodon|spa|1
|move|p1a: Gastrodon|Clear Smog|p2a: Primarina
|-supereffective|p2a: Primarina
|-activate|p2a: Primarina|move: Substitute|[damage]
|
|-weather|none
|-heal|p2a: Primarina|94/100|[from] item: Leftovers
|-heal|p1a: Gastrodon|97/100|[from] item: Leftovers
|upkeep
|turn|15
|inactive|Battle timer is ON: inactive players will automatically lose when time's up. (requested by bonycrow)
|
|t:|1779557580
|move|p2a: Primarina|Draining Kiss|p1a: Gastrodon
|-damage|p1a: Gastrodon|71/100
|-heal|p2a: Primarina|100/100|[from] drain|[of] p1a: Gastrodon
|move|p1a: Gastrodon|Clear Smog|p2a: Primarina
|-supereffective|p2a: Primarina
|-end|p2a: Primarina|Substitute
|
|-heal|p1a: Gastrodon|77/100|[from] item: Leftovers
|upkeep
|turn|16
|
|t:|1779557594
|move|p2a: Primarina|Draining Kiss|p1a: Gastrodon
|-damage|p1a: Gastrodon|48/100
|move|p1a: Gastrodon|Earth Power|p2a: Primarina
|-damage|p2a: Primarina|89/100
|
|-heal|p2a: Primarina|95/100|[from] item: Leftovers
|-heal|p1a: Gastrodon|54/100|[from] item: Leftovers
|upkeep
|turn|17
|
|t:|1779557603
|move|p2a: Primarina|Substitute|p2a: Primarina
|-start|p2a: Primarina|Substitute
|-damage|p2a: Primarina|70/100
|move|p1a: Gastrodon|Recover|p1a: Gastrodon
|-heal|p1a: Gastrodon|100/100
|
|-heal|p2a: Primarina|77/100|[from] item: Leftovers
|-sideend|p2: Shabooya1|move: Light Screen
|upkeep
|turn|18
|
|t:|1779557612
|move|p2a: Primarina|Draining Kiss|p1a: Gastrodon
|-damage|p1a: Gastrodon|70/100
|-heal|p2a: Primarina|100/100|[from] drain|[of] p1a: Gastrodon
|move|p1a: Gastrodon|Clear Smog|p2a: Primarina
|-supereffective|p2a: Primarina
|-activate|p2a: Primarina|move: Substitute|[damage]
|
|-heal|p1a: Gastrodon|76/100|[from] item: Leftovers
|upkeep
|turn|19
|
|t:|1779557622
|move|p2a: Primarina|Calm Mind|p2a: Primarina
|-boost|p2a: Primarina|spa|1
|-boost|p2a: Primarina|spd|1
|move|p1a: Gastrodon|Clear Smog|p2a: Primarina
|-supereffective|p2a: Primarina
|-end|p2a: Primarina|Substitute
|
|-heal|p1a: Gastrodon|82/100|[from] item: Leftovers
|upkeep
|turn|20
|
|t:|1779557644
|move|p2a: Primarina|Draining Kiss|p1a: Gastrodon
|-damage|p1a: Gastrodon|44/100
|move|p1a: Gastrodon|Earth Power|p2a: Primarina
|-damage|p2a: Primarina|81/100
|
|-heal|p2a: Primarina|87/100|[from] item: Leftovers
|-heal|p1a: Gastrodon|50/100|[from] item: Leftovers
|upkeep
|turn|21
|
|t:|1779557653
|move|p2a: Primarina|Substitute|p2a: Primarina
|-start|p2a: Primarina|Substitute
|-damage|p2a: Primarina|62/100
|move|p1a: Gastrodon|Clear Smog|p2a: Primarina
|-supereffective|p2a: Primarina
|-activate|p2a: Primarina|move: Substitute|[damage]
|
|-heal|p2a: Primarina|69/100|[from] item: Leftovers
|-heal|p1a: Gastrodon|56/100|[from] item: Leftovers
|upkeep
|turn|22
|
|t:|1779557662
|move|p2a: Primarina|Calm Mind|p2a: Primarina
|-boost|p2a: Primarina|spa|1
|-boost|p2a: Primarina|spd|1
|move|p1a: Gastrodon|Earth Power|p2a: Primarina
|-end|p2a: Primarina|Substitute
|
|-heal|p2a: Primarina|75/100|[from] item: Leftovers
|-heal|p1a: Gastrodon|63/100|[from] item: Leftovers
|upkeep
|turn|23
|
|t:|1779557683
|move|p2a: Primarina|Substitute|p2a: Primarina
|-start|p2a: Primarina|Substitute
|-damage|p2a: Primarina|50/100
|move|p1a: Gastrodon|Clear Smog|p2a: Primarina
|-supereffective|p2a: Primarina
|-activate|p2a: Primarina|move: Substitute|[damage]
|
|-heal|p2a: Primarina|56/100|[from] item: Leftovers
|-heal|p1a: Gastrodon|69/100|[from] item: Leftovers
|upkeep
|turn|24
|
|t:|1779557693
|move|p2a: Primarina|Draining Kiss|p1a: Gastrodon
|-damage|p1a: Gastrodon|24/100
|-heal|p2a: Primarina|95/100|[from] drain|[of] p1a: Gastrodon
|move|p1a: Gastrodon|Clear Smog|p2a: Primarina
|-supereffective|p2a: Primarina
|-activate|p2a: Primarina|move: Substitute|[damage]
|
|-heal|p2a: Primarina|100/100|[from] item: Leftovers
|-heal|p1a: Gastrodon|30/100|[from] item: Leftovers
|upkeep
|turn|25
|
|t:|1779557703
|move|p2a: Primarina|Draining Kiss|p1a: Gastrodon
|-damage|p1a: Gastrodon|0 fnt
|faint|p1a: Gastrodon
|
|upkeep
|
|t:|1779557709
|switch|p1a: Iron Valiant|Iron Valiant|100/100
|turn|26
|
|t:|1779557714
|move|p1a: Iron Valiant|Destiny Bond|p1a: Iron Valiant
|-singlemove|p1a: Iron Valiant|Destiny Bond
|move|p2a: Primarina|Draining Kiss|p1a: Iron Valiant
|-supereffective|p1a: Iron Valiant
|-damage|p1a: Iron Valiant|0 fnt
|faint|p1a: Iron Valiant
|-activate|p1a: Iron Valiant|move: Destiny Bond
|-end|p1a: Iron Valiant|Quark Drive|[silent]
|faint|p2a: Primarina
|
|upkeep
|
|t:|1779557734
|switch|p1a: Ogerpon|Ogerpon, F|100/100
|switch|p2a: Raging Bolt|Raging Bolt|100/100
|-damage|p2a: Raging Bolt|88/100|[from] Stealth Rock
|-enditem|p2a: Raging Bolt|Booster Energy
|-activate|p2a: Raging Bolt|ability: Protosynthesis|[fromitem]
|-start|p2a: Raging Bolt|protosynthesisspa
|turn|27
|
|t:|1779557747
|move|p1a: Ogerpon|U-turn|p2a: Raging Bolt
|-damage|p2a: Raging Bolt|65/100
|
|t:|1779557752
|switch|p1a: Corviknight|Corviknight, M, shiny|36/100|[from] U-turn
|move|p2a: Raging Bolt|Thunderbolt|p1a: Corviknight
|-supereffective|p1a: Corviknight
|-damage|p1a: Corviknight|0 fnt
|faint|p1a: Corviknight
|
|upkeep
|
|t:|1779557761
|switch|p1a: Darkrai|Darkrai|100/100
|turn|28
|inactive|Shabooya1 has 120 seconds left.
|inactive|Shabooya1 has 90 seconds left.
|l|☆Shabooya1
|inactive|Shabooya1 disconnected and has a minute to reconnect!
|player|p2|
|inactive|Shabooya1 has 30 seconds to reconnect!
|inactive|Shabooya1 has 20 seconds to reconnect!
|inactive|Shabooya1 has 15 seconds to reconnect!
|inactive|Shabooya1 has 10 seconds to reconnect!
|inactive|Shabooya1 has 5 seconds to reconnect!
|-message|Shabooya1 lost due to inactivity.
|
|win|bonycrow
|raw|bonycrow's rating: 1362 &rarr; <strong>1383</strong><br />(+21 for winning)
|raw|Shabooya1's rating: 1372 &rarr; <strong>1351</strong><br />(-21 for losing)
|j|☆Shabooya1
|player|p2|Shabooya1|brycenman|
