|j|☆Backroolls
|j|☆otsuke
|t:|1779555912
|gametype|singles
|player|p1|Backroolls|tuberf|1241
|player|p2|otsuke|shadowtriad|1236
|gen|9
|tier|[Gen 9] OU
|rated|
|rule|HP Percentage Mod: HP is shown in percentages
|rule|Endless Battle Clause: Forcing endless battles is banned
|rule|Species Clause: Limit one of each Pokémon
|rule|OHKO Clause: OHKO moves are banned
|rule|Evasion Items Clause: Evasion items are banned
|rule|Evasion Moves Clause: Evasion moves are banned
|rule|Evasion Abilities Clause: Evasion abilities are banned
|rule|Sleep Moves Clause: Sleep-inducing moves are banned
|clearpoke
|poke|p1|Manaphy|
|poke|p1|Mew|
|poke|p1|Jirachi|
|poke|p1|Pecharunt|
|poke|p1|Ogerpon, F|
|poke|p1|Diancie|
|poke|p2|Kleavor, F|
|poke|p2|Torkoal, F|
|poke|p2|Trevenant, M|
|poke|p2|Glimmora, F|
|poke|p2|Greninja-*, M|
|poke|p2|Espeon, M|
|teampreview
|
|t:|1779555919
|teamsize|p1|6
|teamsize|p2|6
|start
|switch|p1a: Manaphy|Manaphy|100/100
|switch|p2a: Glick|Glimmora, F|100/100
|turn|1
|
|t:|1779555928
|move|p1a: Manaphy|Tail Glow|p1a: Manaphy
|-boost|p1a: Manaphy|spa|3
|move|p2a: Glick|Mortal Spin|p1a: Manaphy
|-damage|p1a: Manaphy|94/100
|-status|p1a: Manaphy|psn
|
|-heal|p1a: Manaphy|100/100 psn|[from] item: Leftovers
|-damage|p1a: Manaphy|88/100 psn|[from] psn
|upkeep
|turn|2
|
|t:|1779555939
|move|p1a: Manaphy|Surf|p2a: Glick
|-supereffective|p2a: Glick
|-enditem|p2a: Glick|Focus Sash
|-damage|p2a: Glick|1/100
|move|p2a: Glick|Energy Ball|p1a: Manaphy
|-supereffective|p1a: Manaphy
|-damage|p1a: Manaphy|26/100 psn
|-unboost|p1a: Manaphy|spd|1
|
|-heal|p1a: Manaphy|32/100 psn|[from] item: Leftovers
|-damage|p1a: Manaphy|20/100 psn|[from] psn
|upkeep
|turn|3
|
|t:|1779555951
|move|p1a: Manaphy|Surf|p2a: Glick
|-supereffective|p2a: Glick
|-damage|p2a: Glick|0 fnt
|faint|p2a: Glick
|
|-heal|p1a: Manaphy|26/100 psn|[from] item: Leftovers
|-damage|p1a: Manaphy|14/100 psn|[from] psn
|upkeep
|
|t:|1779555959
|switch|p2a: Gank|Greninja, M|100/100
|turn|4
|
|t:|1779555979
|switch|p1a: Ogerpon|Ogerpon, F|100/100
|move|p2a: Gank|Dark Pulse|p1a: Ogerpon
|-crit|p1a: Ogerpon
|-damage|p1a: Ogerpon|40/100
|
|upkeep
|turn|5
|
|t:|1779555988
|move|p2a: Gank|Dark Pulse|p1a: Ogerpon
|-damage|p1a: Ogerpon|0 fnt
|faint|p1a: Ogerpon
|-ability|p2a: Gank|Battle Bond|boost
|-boost|p2a: Gank|atk|1
|-boost|p2a: Gank|spa|1
|-boost|p2a: Gank|spe|1
|-activate|p2a: Gank|ability: Battle Bond
|
|upkeep
|
|t:|1779556002
|switch|p1a: Diancie|Diancie|100/100
|turn|6
|
|t:|1779556008
|move|p2a: Gank|Sludge Wave|p1a: Diancie
|-damage|p1a: Diancie|72/100
|move|p1a: Diancie|Body Press|p2a: Gank
|-supereffective|p2a: Gank
|-damage|p2a: Gank|0 fnt
|faint|p2a: Gank
|-damage|p1a: Diancie|63/100|[from] item: Life Orb
|
|upkeep
|
|t:|1779556022
|switch|p2a: Fire Storm|Torkoal, F|100/100
|-weather|SunnyDay|[from] ability: Drought|[of] p2a: Fire Storm
|turn|7
|
|t:|1779556038
|move|p1a: Diancie|Diamond Storm|p2a: Fire Storm
|-supereffective|p2a: Fire Storm
|-damage|p2a: Fire Storm|28/100
|-damage|p1a: Diancie|53/100|[from] item: Life Orb
|move|p2a: Fire Storm|Solar Beam||[still]
|-prepare|p2a: Fire Storm|Solar Beam
|-anim|p2a: Fire Storm|Solar Beam|p1a: Diancie
|-supereffective|p1a: Diancie
|-damage|p1a: Diancie|10/100
|
|-weather|SunnyDay|[upkeep]
|upkeep
|turn|8
|
|t:|1779556049
|move|p1a: Diancie|Diamond Storm|p2a: Fire Storm
|-supereffective|p2a: Fire Storm
|-damage|p2a: Fire Storm|0 fnt
|faint|p2a: Fire Storm
|-damage|p1a: Diancie|0 fnt|[from] item: Life Orb
|faint|p1a: Diancie
|
|-weather|SunnyDay|[upkeep]
|upkeep
|
|t:|1779556061
|switch|p1a: Manaphy|Manaphy|14/100 psn
|switch|p2a: Cursed Roots|Trevenant, M|100/100
|turn|9
|
|t:|1779556076
|move|p1a: Manaphy|Ice Beam|p2a: Cursed Roots
|-supereffective|p2a: Cursed Roots
|-damage|p2a: Cursed Roots|61/100
|move|p2a: Cursed Roots|Knock Off|p1a: Manaphy
|-damage|p1a: Manaphy|0 fnt
|-enditem|p1a: Manaphy|Leftovers|[from] move: Knock Off|[of] p2a: Cursed Roots
|faint|p1a: Manaphy
|
|-weather|SunnyDay|[upkeep]
|upkeep
|
|t:|1779556081
|switch|p1a: Pecharunt|Pecharunt|100/100
|-item|p1a: Pecharunt|Air Balloon
|turn|10
|
|t:|1779556096
|move|p1a: Pecharunt|Malignant Chain|p2a: Cursed Roots
|-damage|p2a: Cursed Roots|27/100
|-status|p2a: Cursed Roots|tox
|-start|p2a: Cursed Roots|confusion|[from] ability: Poison Puppeteer|[of] p1a: Pecharunt
|-enditem|p2a: Cursed Roots|Sitrus Berry|[eat]
|-heal|p2a: Cursed Roots|52/100 tox|[from] item: Sitrus Berry
|-activate|p2a: Cursed Roots|confusion
|move|p2a: Cursed Roots|Leech Seed|p1a: Pecharunt
|-start|p1a: Pecharunt|move: Leech Seed
|
|-weather|SunnyDay|[upkeep]
|-damage|p1a: Pecharunt|88/100|[from] Leech Seed|[of] p2a: Cursed Roots
|-heal|p2a: Cursed Roots|64/100 tox|[silent]
|-damage|p2a: Cursed Roots|58/100 tox|[from] psn
|-item|p2a: Cursed Roots|Sitrus Berry|[from] ability: Harvest
|upkeep
|turn|11
|
|t:|1779556119
|move|p1a: Pecharunt|Malignant Chain|p2a: Cursed Roots
|-crit|p2a: Cursed Roots
|-damage|p2a: Cursed Roots|6/100 tox
|-enditem|p2a: Cursed Roots|Sitrus Berry|[eat]
|-heal|p2a: Cursed Roots|31/100 tox|[from] item: Sitrus Berry
|-activate|p2a: Cursed Roots|confusion
|move|p2a: Cursed Roots|Knock Off|p1a: Pecharunt
|-supereffective|p1a: Pecharunt
|-damage|p1a: Pecharunt|59/100
|-enditem|p1a: Pecharunt|Air Balloon
|
|-weather|none
|-damage|p1a: Pecharunt|47/100|[from] Leech Seed|[of] p2a: Cursed Roots
|-heal|p2a: Cursed Roots|43/100 tox|[silent]
|-damage|p2a: Cursed Roots|31/100 tox|[from] psn
|upkeep
|turn|12
|
|t:|1779556160
|switch|p2a: Kane|Kleavor, F|100/100
|move|p1a: Pecharunt|Malignant Chain|p2a: Kane
|-resisted|p2a: Kane
|-damage|p2a: Kane|65/100
|
|-damage|p1a: Pecharunt|34/100|[from] Leech Seed|[of] p2a: Kane
|-heal|p2a: Kane|82/100|[silent]
|upkeep
|turn|13
|
|t:|1779556190
|switch|p1a: Jirachi|Jirachi|100/100
|move|p2a: Kane|Stone Axe|p1a: Jirachi
|-resisted|p1a: Jirachi
|-damage|p1a: Jirachi|78/100
|-sidestart|p1: Backroolls|move: Stealth Rock
|
|-heal|p1a: Jirachi|84/100|[from] item: Leftovers
|upkeep
|turn|14
|
|t:|1779556199
|switch|p2a: Nitequil|Espeon, M|100/100
|move|p1a: Jirachi|Iron Head|p2a: Nitequil
|-damage|p2a: Nitequil|26/100
|
|-heal|p1a: Jirachi|90/100|[from] item: Leftovers
|upkeep
|turn|15
|
|t:|1779556207
|move|p2a: Nitequil|Thunder Wave|p1a: Jirachi
|-status|p1a: Jirachi|par
|move|p1a: Jirachi|Iron Head|p2a: Nitequil
|-damage|p2a: Nitequil|0 fnt
|faint|p2a: Nitequil
|
|-heal|p1a: Jirachi|96/100 par|[from] item: Leftovers
|upkeep
|
|t:|1779556217
|switch|p2a: Cursed Roots|Trevenant, M|31/100 tox
|turn|16
|
|t:|1779556228
|move|p2a: Cursed Roots|Leech Seed|p1a: Jirachi
|-start|p1a: Jirachi|move: Leech Seed
|move|p1a: Jirachi|Iron Head|p2a: Cursed Roots
|-damage|p2a: Cursed Roots|0 fnt
|faint|p2a: Cursed Roots
|
|-heal|p1a: Jirachi|100/100 par|[from] item: Leftovers
|upkeep
|
|t:|1779556237
|switch|p2a: Kane|Kleavor, F|82/100
|turn|17
|
|t:|1779556245
|move|p2a: Kane|Night Slash|p1a: Jirachi
|-supereffective|p1a: Jirachi
|-damage|p1a: Jirachi|39/100 par
|cant|p1a: Jirachi|par
|
|-heal|p1a: Jirachi|45/100 par|[from] item: Leftovers
|-damage|p1a: Jirachi|33/100 par|[from] Leech Seed|[of] p2a: Kane
|-heal|p2a: Kane|99/100|[silent]
|upkeep
|turn|18
|
|t:|1779556255
|move|p2a: Kane|Night Slash|p1a: Jirachi
|-supereffective|p1a: Jirachi
|-damage|p1a: Jirachi|0 fnt
|faint|p1a: Jirachi
|
|upkeep
|
|t:|1779556260
|switch|p1a: Mew|Mew|100/100
|-damage|p1a: Mew|88/100|[from] Stealth Rock
|turn|19
|
|t:|1779556266
|-terastallize|p1a: Mew|Steel
|move|p2a: Kane|Night Slash|p1a: Mew
|-damage|p1a: Mew|57/100
|move|p1a: Mew|Thunder Wave|p2a: Kane
|-status|p2a: Kane|par
|
|upkeep
|turn|20
|inactive|Battle timer is ON: inactive players will automatically lose when time's up. (requested by otsuke)
|
|t:|1779556281
|move|p1a: Mew|Earthquake|p2a: Kane
|-damage|p2a: Kane|69/100 par
|move|p2a: Kane|Night Slash|p1a: Mew
|-damage|p1a: Mew|23/100
|
|upkeep
|turn|21
|
|t:|1779556289
|move|p1a: Mew|Ice Beam|p2a: Kane
|-damage|p2a: Kane|41/100 par
|move|p2a: Kane|Night Slash|p1a: Mew
|-damage|p1a: Mew|0 fnt
|faint|p1a: Mew
|
|upkeep
|
|t:|1779556295
|switch|p1a: Pecharunt|Pecharunt|34/100
|-damage|p1a: Pecharunt|22/100|[from] Stealth Rock
|turn|22
|
|t:|1779556301
|-terastallize|p2a: Kane|Rock
|move|p2a: Kane|Night Slash|p1a: Pecharunt
|-supereffective|p1a: Pecharunt
|-damage|p1a: Pecharunt|0 fnt
|faint|p1a: Pecharunt
|
|win|otsuke
|raw|Backroolls's rating: 1216 &rarr; <strong>1192</strong><br />(-24 for losing)
|raw|otsuke's rating: 1236 &rarr; <strong>1260</strong><br />(+24 for winning)
|l|☆Backroolls
|player|p1|
|l|☆otsuke
|player|p2|
