|j|☆fivetomatoes
|j|☆superstar
|t:|1779674064
|gametype|singles
|player|p1|fivetomatoes|169|1667
|player|p2|superstar|1|1667
|gen|9
|tier|[Gen 9] OU
|rated|
|rule|HP Percentage Mod: HP is shown in percentages
|rule|Endless Battle Clause: Forcing endless battles is banned
|rule|Species Clause: Limit one of each Pokémon
|rule|OHKO Clause: OHKO moves are banned
|rule|Evasion Items Clause: Evasion items are banned
|rule|Evasion Moves Clause: Evasion moves are banned
|rule|Evasion Abilities Clause: Evasion abilities are banned
|rule|Sleep Moves Clause: Sleep-inducing moves are banned
|clearpoke
|poke|p1|Rotom-Wash|
|poke|p1|Rillaboom, F|
|poke|p1|Glimmora, F|
|poke|p1|Garganacl, F|
|poke|p1|Dragapult, F|
|poke|p1|Gholdengo|
|poke|p2|Araquanid, F|
|poke|p2|Pecharunt|
|poke|p2|Gholdengo|
|poke|p2|Ogerpon-Wellspring, F|
|poke|p2|Raging Bolt|
|poke|p2|Kingambit, M|
|teampreview
|inactive|Battle timer is ON: inactive players will automatically lose when time's up. (requested by fivetomatoes)
|
|t:|1779674075
|teamsize|p1|6
|teamsize|p2|6
|start
|switch|p1a: Rillaboom|Rillaboom, F|100/100
|switch|p2a: Araquanid|Araquanid, F|100/100
|-fieldstart|move: Grassy Terrain|[from] ability: Grassy Surge|[of] p1a: Rillaboom
|turn|1
|
|t:|1779674094
|move|p2a: Araquanid|Endure|p2a: Araquanid
|-singleturn|p2a: Araquanid|move: Endure
|move|p1a: Rillaboom|Wood Hammer|p2a: Araquanid
|-activate|p2a: Araquanid|move: Endure
|-damage|p2a: Araquanid|1/100
|-damage|p1a: Rillaboom|68/100|[from] Recoil
|-damage|p1a: Rillaboom|58/100|[from] item: Life Orb
|
|-heal|p1a: Rillaboom|64/100|[from] Grassy Terrain
|-heal|p2a: Araquanid|7/100|[from] Grassy Terrain
|upkeep
|turn|2
|-enditem|p2a: Araquanid|Custap Berry|[eat]
|-activate|p2a: Araquanid|item: Custap Berry|[consumed]
|
|t:|1779674102
|move|p1a: Rillaboom|Grassy Glide|p2a: Araquanid
|-damage|p2a: Araquanid|0 fnt
|faint|p2a: Araquanid
|-damage|p1a: Rillaboom|54/100|[from] item: Life Orb
|
|-heal|p1a: Rillaboom|60/100|[from] Grassy Terrain
|upkeep
|
|t:|1779674109
|switch|p2a: Pecharunt|Pecharunt|100/100
|turn|3
|
|t:|1779674118
|switch|p1a: Garganacl|Garganacl, F|100/100
|move|p2a: Pecharunt|Malignant Chain|p1a: Garganacl
|-resisted|p1a: Garganacl
|-damage|p1a: Garganacl|81/100
|
|-heal|p1a: Garganacl|87/100|[from] Grassy Terrain
|-heal|p1a: Garganacl|94/100|[from] item: Leftovers
|upkeep
|turn|4
|j| FAYE ASTERIA
|
|t:|1779674129
|switch|p2a: Raging Bolt|Raging Bolt|100/100
|-enditem|p2a: Raging Bolt|Booster Energy
|-activate|p2a: Raging Bolt|ability: Protosynthesis|[fromitem]
|-start|p2a: Raging Bolt|protosynthesisspa
|move|p1a: Garganacl|Salt Cure|p2a: Raging Bolt
|-damage|p2a: Raging Bolt|87/100
|-start|p2a: Raging Bolt|Salt Cure
|
|-heal|p2a: Raging Bolt|94/100|[from] Grassy Terrain
|-heal|p1a: Garganacl|99/100|[from] Grassy Terrain
|-heal|p1a: Garganacl|100/100|[from] item: Leftovers
|-damage|p2a: Raging Bolt|81/100|[from] Salt Cure
|upkeep
|turn|5
|
|t:|1779674140
|switch|p1a: Dragapult|Dragapult, F|100/100
|move|p2a: Raging Bolt|Calm Mind|p2a: Raging Bolt
|-boost|p2a: Raging Bolt|spa|1
|-boost|p2a: Raging Bolt|spd|1
|
|-heal|p2a: Raging Bolt|87/100|[from] Grassy Terrain
|-damage|p2a: Raging Bolt|75/100|[from] Salt Cure
|-fieldend|move: Grassy Terrain
|upkeep
|turn|6
|
|t:|1779674146
|-terastallize|p2a: Raging Bolt|Fairy
|move|p1a: Dragapult|Substitute|p1a: Dragapult
|-start|p1a: Dragapult|Substitute
|-damage|p1a: Dragapult|76/100
|move|p2a: Raging Bolt|Dragon Pulse|p1a: Dragapult
|-supereffective|p1a: Dragapult
|-end|p1a: Dragapult|Substitute
|
|-heal|p1a: Dragapult|82/100|[from] item: Leftovers
|-damage|p2a: Raging Bolt|63/100|[from] Salt Cure
|upkeep
|turn|7
|l| FAYE ASTERIA
|
|t:|1779674151
|-terastallize|p1a: Dragapult|Fairy
|move|p1a: Dragapult|Thunder Wave|p2a: Raging Bolt
|-status|p2a: Raging Bolt|par
|cant|p2a: Raging Bolt|par
|
|-heal|p1a: Dragapult|88/100|[from] item: Leftovers
|-damage|p2a: Raging Bolt|51/100 par|[from] Salt Cure
|upkeep
|turn|8
|
|t:|1779674157
|move|p1a: Dragapult|Substitute|p1a: Dragapult
|-start|p1a: Dragapult|Substitute
|-damage|p1a: Dragapult|63/100
|move|p2a: Raging Bolt|Thunderbolt|p1a: Dragapult
|-end|p1a: Dragapult|Substitute
|
|-heal|p1a: Dragapult|69/100|[from] item: Leftovers
|-damage|p2a: Raging Bolt|38/100 par|[from] Salt Cure
|upkeep
|turn|9
|
|t:|1779674161
|move|p1a: Dragapult|Substitute|p1a: Dragapult
|-start|p1a: Dragapult|Substitute
|-damage|p1a: Dragapult|44/100
|cant|p2a: Raging Bolt|par
|
|-heal|p1a: Dragapult|50/100|[from] item: Leftovers
|-damage|p2a: Raging Bolt|26/100 par|[from] Salt Cure
|upkeep
|turn|10
|
|t:|1779674163
|move|p1a: Dragapult|Hex|p2a: Raging Bolt
|-damage|p2a: Raging Bolt|0 fnt
|faint|p2a: Raging Bolt
|-end|p2a: Raging Bolt|Protosynthesis|[silent]
|
|-heal|p1a: Dragapult|56/100|[from] item: Leftovers
|upkeep
|
|t:|1779674167
|switch|p2a: Pecharunt|Pecharunt|100/100
|turn|11
|
|t:|1779674170
|move|p1a: Dragapult|Thunder Wave|p2a: Pecharunt
|-status|p2a: Pecharunt|par
|move|p2a: Pecharunt|Malignant Chain|p1a: Dragapult
|-supereffective|p1a: Dragapult
|-crit|p1a: Dragapult
|-end|p1a: Dragapult|Substitute
|
|-heal|p1a: Dragapult|63/100|[from] item: Leftovers
|upkeep
|turn|12
|
|t:|1779674176
|move|p1a: Dragapult|Substitute|p1a: Dragapult
|-start|p1a: Dragapult|Substitute
|-damage|p1a: Dragapult|38/100
|move|p2a: Pecharunt|Malignant Chain|p1a: Dragapult
|-supereffective|p1a: Dragapult
|-end|p1a: Dragapult|Substitute
|
|-heal|p1a: Dragapult|44/100|[from] item: Leftovers
|upkeep
|turn|13
|
|t:|1779674179
|switch|p1a: Garganacl|Garganacl, F|100/100
|cant|p2a: Pecharunt|par
|
|upkeep
|turn|14
|
|t:|1779674186
|switch|p2a: Kingambit|Kingambit, M|100/100
|-activate|p2a: Kingambit|ability: Supreme Overlord
|-start|p2a: Kingambit|fallen2|[silent]
|move|p1a: Garganacl|Salt Cure|p2a: Kingambit
|-resisted|p2a: Kingambit
|-damage|p2a: Kingambit|95/100
|-start|p2a: Kingambit|Salt Cure
|
|-damage|p2a: Kingambit|70/100|[from] Salt Cure
|upkeep
|turn|15
|
|t:|1779674190
|move|p1a: Garganacl|Protect|p1a: Garganacl
|-singleturn|p1a: Garganacl|Protect
|move|p2a: Kingambit|Low Kick|p1a: Garganacl
|-activate|p1a: Garganacl|move: Protect
|
|-damage|p2a: Kingambit|45/100|[from] Salt Cure
|upkeep
|turn|16
|
|t:|1779674193
|-end|p2a: Kingambit|fallen2|[silent]
|switch|p2a: Gholdengo|Gholdengo|100/100
|-item|p2a: Gholdengo|Air Balloon
|move|p1a: Garganacl|Recover||[still]
|-fail|p1a: Garganacl|heal
|
|upkeep
|turn|17
|
|t:|1779674199
|switch|p1a: Rotom|Rotom-Wash|100/100
|move|p2a: Gholdengo|Make It Rain|p1a: Rotom
|-resisted|p1a: Rotom
|-damage|p1a: Rotom|81/100
|-unboost|p2a: Gholdengo|spa|1
|
|upkeep
|turn|18
|
|t:|1779674203
|switch|p2a: Kingambit|Kingambit, M|45/100
|-activate|p2a: Kingambit|ability: Supreme Overlord
|-start|p2a: Kingambit|fallen2|[silent]
|move|p1a: Rotom|Volt Switch|p2a: Kingambit
|-damage|p2a: Kingambit|12/100
|
|t:|1779674209
|switch|p1a: Rillaboom|Rillaboom, F|60/100|[from] Volt Switch
|-fieldstart|move: Grassy Terrain|[from] ability: Grassy Surge|[of] p1a: Rillaboom
|
|-heal|p1a: Rillaboom|66/100|[from] Grassy Terrain
|-heal|p2a: Kingambit|18/100|[from] Grassy Terrain
|upkeep
|turn|19
|
|t:|1779674214
|-end|p2a: Kingambit|fallen2|[silent]
|switch|p2a: Pecharunt|Pecharunt|100/100 par
|move|p1a: Rillaboom|U-turn|p2a: Pecharunt
|-resisted|p2a: Pecharunt
|-damage|p2a: Pecharunt|95/100 par
|-damage|p1a: Rillaboom|56/100|[from] item: Life Orb
|
|t:|1779674221
|switch|p1a: Gholdengo|Gholdengo|100/100|[from] U-turn
|
|-heal|p2a: Pecharunt|100/100 par|[from] Grassy Terrain
|upkeep
|turn|20
|
|t:|1779674249
|move|p1a: Gholdengo|Shadow Ball|p2a: Pecharunt
|-supereffective|p2a: Pecharunt
|-enditem|p2a: Pecharunt|Kasib Berry|[eat]
|-enditem|p2a: Pecharunt|Kasib Berry|[weaken]
|-damage|p2a: Pecharunt|51/100 par
|cant|p2a: Pecharunt|par
|
|-heal|p2a: Pecharunt|57/100 par|[from] Grassy Terrain
|upkeep
|turn|21
|-message|superstar forfeited.
|
|win|fivetomatoes
|raw|fivetomatoes's rating: 1667 &rarr; <strong>1687</strong><br />(+20 for winning)
|raw|superstar's rating: 1667 &rarr; <strong>1647</strong><br />(-20 for losing)
|l|☆superstar
|player|p2|
|l|☆fivetomatoes
|player|p1|
