|j|☆sk_pk123
|j|☆Spwert
|t:|1779689481
|gametype|singles
|player|p1|sk_pk123|red|1335
|player|p2|Spwert|yellow|1474
|gen|9
|tier|[Gen 9] OU
|rated|
|rule|HP Percentage Mod: HP is shown in percentages
|rule|Endless Battle Clause: Forcing endless battles is banned
|rule|Species Clause: Limit one of each Pokémon
|rule|OHKO Clause: OHKO moves are banned
|rule|Evasion Items Clause: Evasion items are banned
|rule|Evasion Moves Clause: Evasion moves are banned
|rule|Evasion Abilities Clause: Evasion abilities are banned
|rule|Sleep Moves Clause: Sleep-inducing moves are banned
|clearpoke
|poke|p1|Greninja-*, M|
|poke|p1|Pelipper, M|
|poke|p1|Volbeat, L20, M|
|poke|p1|Hitmonlee, M|
|poke|p1|Basculegion, M|
|poke|p1|Walking Wake|
|poke|p2|Zoroark-Hisui, F|
|poke|p2|Ogerpon-Wellspring, F|
|poke|p2|Great Tusk|
|poke|p2|Garganacl, F|
|poke|p2|Pecharunt|
|poke|p2|Alomomola, M|
|teampreview
|inactive|Battle timer is ON: inactive players will automatically lose when time's up. (requested by sk_pk123)
|inactive|Spwert has 120 seconds left.
|l|☆sk_pk123
|inactive|sk_pk123 disconnected and has a minute to reconnect!
|player|p1|
|
|t:|1779689522
|teamsize|p1|6
|teamsize|p2|6
|start
|switch|p1a: Pelipper|Pelipper, M|100/100
|switch|p2a: Alomomola|Alomomola, M|100/100
|-weather|RainDance|[from] ability: Drizzle|[of] p1a: Pelipper
|turn|1
|j|☆sk_pk123
|inactive|sk_pk123 reconnected and has 150 seconds left.
|player|p1|sk_pk123|red|
|
|t:|1779689527
|move|p2a: Alomomola|Shadow Ball|p1a: Pelipper
|-damage|p1a: Pelipper|18/100
|-unboost|p1a: Pelipper|spd|1
|move|p1a: Pelipper|Hurricane|p2a: Alomomola
|-damage|p2a: Alomomola|0 fnt
|replace|p2a: Zoroark|Zoroark-Hisui, F, shiny
|-end|p2a: Zoroark|Illusion
|faint|p2a: Zoroark
|
|-weather|RainDance|[upkeep]
|upkeep
|
|t:|1779689533
|switch|p2a: Great Tusk|Great Tusk|100/100
|turn|2
|
|t:|1779689561
|move|p2a: Great Tusk|Close Combat|p1a: Pelipper
|-resisted|p1a: Pelipper
|-damage|p1a: Pelipper|0 fnt
|-unboost|p2a: Great Tusk|def|1
|-unboost|p2a: Great Tusk|spd|1
|faint|p1a: Pelipper
|
|-weather|RainDance|[upkeep]
|upkeep
|
|t:|1779689567
|switch|p1a: Walking Wake|Walking Wake|100/100
|-enditem|p1a: Walking Wake|Booster Energy
|-activate|p1a: Walking Wake|ability: Protosynthesis|[fromitem]
|-start|p1a: Walking Wake|protosynthesisspa
|turn|3
|
|t:|1779689571
|-end|p2a: Great Tusk|Protosynthesis|[silent]
|switch|p2a: Alomomola|Alomomola, M|100/100
|move|p1a: Walking Wake|Hurricane|p2a: Alomomola
|-damage|p2a: Alomomola|72/100
|
|-weather|RainDance|[upkeep]
|upkeep
|turn|4
|
|t:|1779689573
|move|p1a: Walking Wake|Dragon Pulse|p2a: Alomomola
|-damage|p2a: Alomomola|40/100
|move|p2a: Alomomola|Flip Turn|p1a: Walking Wake
|-resisted|p1a: Walking Wake
|-damage|p1a: Walking Wake|93/100
|
|t:|1779689577
|switch|p2a: Garganacl|Garganacl, F|100/100|[from] Flip Turn
|
|-weather|RainDance|[upkeep]
|upkeep
|turn|5
|
|t:|1779689580
|move|p2a: Garganacl|Protect|p2a: Garganacl
|-singleturn|p2a: Garganacl|Protect
|move|p1a: Walking Wake|Weather Ball|p2a: Garganacl
|-activate|p2a: Garganacl|move: Protect
|
|-weather|RainDance|[upkeep]
|upkeep
|turn|6
|
|t:|1779689583
|switch|p2a: Alomomola|Alomomola, M|73/100
|move|p1a: Walking Wake|Weather Ball|p2a: Alomomola
|-resisted|p2a: Alomomola
|-damage|p2a: Alomomola|48/100
|
|-weather|RainDance|[upkeep]
|upkeep
|turn|7
|
|t:|1779689589
|move|p1a: Walking Wake|Dragon Pulse|p2a: Alomomola
|-damage|p2a: Alomomola|19/100
|move|p2a: Alomomola|Mirror Coat|p1a: Walking Wake
|-damage|p1a: Walking Wake|13/100
|
|-weather|RainDance|[upkeep]
|upkeep
|turn|8
|
|t:|1779689594
|-terastallize|p2a: Alomomola|Fairy
|move|p1a: Walking Wake|Dragon Pulse|p2a: Alomomola
|-immune|p2a: Alomomola
|move|p2a: Alomomola|Body Slam|p1a: Walking Wake
|-damage|p1a: Walking Wake|0 fnt
|faint|p1a: Walking Wake
|-end|p1a: Walking Wake|Protosynthesis|[silent]
|
|-weather|none
|upkeep
|
|t:|1779689599
|switch|p1a: Greninja|Greninja, M|100/100
|turn|9
|
|t:|1779689607
|switch|p2a: Garganacl|Garganacl, F|100/100
|move|p1a: Greninja|Ice Beam|p2a: Garganacl
|-damage|p2a: Garganacl|75/100
|-damage|p1a: Greninja|91/100|[from] item: Life Orb
|
|-heal|p2a: Garganacl|81/100|[from] item: Leftovers
|upkeep
|turn|10
|
|t:|1779689610
|move|p1a: Greninja|Surf|p2a: Garganacl
|-supereffective|p2a: Garganacl
|-damage|p2a: Garganacl|11/100
|-damage|p1a: Greninja|81/100|[from] item: Life Orb
|move|p2a: Garganacl|Salt Cure|p1a: Greninja
|-damage|p1a: Greninja|57/100
|-start|p1a: Greninja|Salt Cure
|
|-heal|p2a: Garganacl|18/100|[from] item: Leftovers
|-damage|p1a: Greninja|32/100|[from] Salt Cure
|upkeep
|turn|11
|
|t:|1779689613
|move|p2a: Garganacl|Protect|p2a: Garganacl
|-singleturn|p2a: Garganacl|Protect
|move|p1a: Greninja|Surf|p2a: Garganacl
|-activate|p2a: Garganacl|move: Protect
|
|-heal|p2a: Garganacl|24/100|[from] item: Leftovers
|-damage|p1a: Greninja|8/100|[from] Salt Cure
|upkeep
|turn|12
|
|t:|1779689615
|switch|p2a: Alomomola|Alomomola, M, tera:Fairy|52/100
|move|p1a: Greninja|Surf|p2a: Alomomola
|-damage|p2a: Alomomola|23/100
|-damage|p1a: Greninja|0 fnt|[from] item: Life Orb
|faint|p1a: Greninja
|
|upkeep
|
|t:|1779689619
|switch|p1a: Basculegion|Basculegion, M, shiny|100/100
|turn|13
|
|t:|1779689629
|move|p1a: Basculegion|Wave Crash|p2a: Alomomola
|-damage|p2a: Alomomola|0 fnt
|faint|p2a: Alomomola
|-damage|p1a: Basculegion|91/100|[from] Recoil
|
|upkeep
|
|t:|1779689634
|switch|p2a: Pecharunt|Pecharunt|100/100
|turn|14
|
|t:|1779689636
|move|p1a: Basculegion|Crunch|p2a: Pecharunt
|-supereffective|p2a: Pecharunt
|-damage|p2a: Pecharunt|73/100
|move|p2a: Pecharunt|Foul Play|p1a: Basculegion
|-supereffective|p1a: Basculegion
|-damage|p1a: Basculegion|10/100
|
|upkeep
|turn|15
|
|t:|1779689642
|move|p1a: Basculegion|Wave Crash|p2a: Pecharunt
|-damage|p2a: Pecharunt|38/100
|-damage|p1a: Basculegion|0 fnt|[from] Recoil
|faint|p1a: Basculegion
|move|p2a: Pecharunt|Malignant Chain|p1: Basculegion|[notarget]
|-fail|p2a: Pecharunt
|
|upkeep
|
|t:|1779689646
|switch|p1a: Hitmonlee|Hitmonlee, M|100/100
|turn|16
|
|t:|1779689652
|-terastallize|p1a: Hitmonlee|Dark
|move|p1a: Hitmonlee|Knock Off|p2a: Pecharunt
|-supereffective|p2a: Pecharunt
|-crit|p2a: Pecharunt
|-damage|p2a: Pecharunt|0 fnt
|-enditem|p2a: Pecharunt|Heavy-Duty Boots|[from] move: Knock Off|[of] p1a: Hitmonlee
|faint|p2a: Pecharunt
|
|upkeep
|
|t:|1779689656
|switch|p2a: Great Tusk|Great Tusk|100/100
|turn|17
|
|t:|1779689659
|move|p1a: Hitmonlee|Endure|p1a: Hitmonlee
|-singleturn|p1a: Hitmonlee|move: Endure
|move|p2a: Great Tusk|Close Combat|p1a: Hitmonlee
|-supereffective|p1a: Hitmonlee
|-activate|p1a: Hitmonlee|move: Endure
|-damage|p1a: Hitmonlee|1/100
|-unboost|p2a: Great Tusk|def|1
|-unboost|p2a: Great Tusk|spd|1
|-enditem|p1a: Hitmonlee|Liechi Berry|[eat]
|-boost|p1a: Hitmonlee|atk|1|[from] item: Liechi Berry
|
|upkeep
|turn|18
|
|t:|1779689666
|-end|p2a: Great Tusk|Protosynthesis|[silent]
|switch|p2a: Garganacl|Garganacl, F|24/100
|move|p1a: Hitmonlee|Reversal|p2a: Garganacl
|-supereffective|p2a: Garganacl
|-damage|p2a: Garganacl|0 fnt
|faint|p2a: Garganacl
|
|upkeep
|
|t:|1779689669
|switch|p2a: Great Tusk|Great Tusk|100/100
|turn|19
|
|t:|1779689673
|move|p1a: Hitmonlee|Reversal|p2a: Great Tusk
|-damage|p2a: Great Tusk|0 fnt
|faint|p2a: Great Tusk
|-end|p2a: Great Tusk|Protosynthesis|[silent]
|
|upkeep
|
|t:|1779689675
|switch|p2a: Ogerpon|Ogerpon-Wellspring, F|100/100
|turn|20
|
|t:|1779689678
|move|p1a: Hitmonlee|Reversal|p2a: Ogerpon
|-damage|p2a: Ogerpon|0 fnt
|faint|p2a: Ogerpon
|
|win|sk_pk123
|raw|sk_pk123's rating: 1335 &rarr; <strong>1363</strong><br />(+28 for winning)
|raw|Spwert's rating: 1474 &rarr; <strong>1446</strong><br />(-28 for losing)
|l|☆Spwert
|player|p2|
|l|☆sk_pk123
|player|p1|
