|j|☆hattybatty304
|j|☆immaterial-light
|t:|1779560525
|gametype|singles
|player|p1|hattybatty304|swimmerf|1442
|player|p2|immaterial-light|2|1388
|gen|9
|tier|[Gen 9] OU
|rated|
|rule|HP Percentage Mod: HP is shown in percentages
|rule|Endless Battle Clause: Forcing endless battles is banned
|rule|Species Clause: Limit one of each Pokémon
|rule|OHKO Clause: OHKO moves are banned
|rule|Evasion Items Clause: Evasion items are banned
|rule|Evasion Moves Clause: Evasion moves are banned
|rule|Evasion Abilities Clause: Evasion abilities are banned
|rule|Sleep Moves Clause: Sleep-inducing moves are banned
|clearpoke
|poke|p1|Hatterene, F|
|poke|p1|Meowscarada, F|
|poke|p1|Primarina, F|
|poke|p1|Pecharunt|
|poke|p1|Cinderace, F|
|poke|p1|Krookodile, F|
|poke|p2|Slither Wing|
|poke|p2|Ninetales, M|
|poke|p2|Walking Wake|
|poke|p2|Charizard, M|
|poke|p2|Great Tusk|
|poke|p2|Hatterene, F|
|teampreview
|inactive|Battle timer is ON: inactive players will automatically lose when time's up. (requested by hattybatty304)
|inactive|immaterial-light also wants the timer to be on.
|
|t:|1779560540
|teamsize|p1|6
|teamsize|p2|6
|start
|switch|p1a: doechii|Krookodile, F|100/100
|switch|p2a: Slither Wing|Slither Wing|100/100
|turn|1
|
|t:|1779560548
|switch|p1a: gambitDNiteCringe|Pecharunt|100/100
|move|p2a: Slither Wing|U-turn|p1a: gambitDNiteCringe
|-resisted|p1a: gambitDNiteCringe
|-damage|p1a: gambitDNiteCringe|94/100
|-damage|p2a: Slither Wing|84/100|[from] item: Rocky Helmet|[of] p1a: gambitDNiteCringe
|
|t:|1779560551
|-end|p2a: Slither Wing|Protosynthesis|[silent]
|switch|p2a: Walking Wake|Walking Wake|100/100|[from] U-turn
|
|upkeep
|turn|2
|
|t:|1779560556
|switch|p1a: WWakeRBoltCringe|Hatterene, F|100/100
|move|p2a: Walking Wake|Knock Off|p1a: WWakeRBoltCringe
|-damage|p1a: WWakeRBoltCringe|83/100
|-enditem|p1a: WWakeRBoltCringe|Assault Vest|[from] move: Knock Off|[of] p2a: Walking Wake
|
|upkeep
|turn|3
|
|t:|1779560562
|move|p2a: Walking Wake|Flip Turn|p1a: WWakeRBoltCringe
|-damage|p1a: WWakeRBoltCringe|64/100
|
|t:|1779560566
|-end|p2a: Walking Wake|Protosynthesis|[silent]
|switch|p2a: Ninetales|Ninetales, M|100/100|[from] Flip Turn
|-weather|SunnyDay|[from] ability: Drought|[of] p2a: Ninetales
|move|p1a: WWakeRBoltCringe|Draining Kiss|p2a: Ninetales
|-resisted|p2a: Ninetales
|-damage|p2a: Ninetales|90/100
|-heal|p1a: WWakeRBoltCringe|73/100|[from] drain|[of] p2a: Ninetales
|
|-weather|SunnyDay|[upkeep]
|upkeep
|turn|4
|
|t:|1779560573
|switch|p2a: Walking Wake|Walking Wake|100/100
|-activate|p2a: Walking Wake|ability: Protosynthesis
|-start|p2a: Walking Wake|protosynthesisspa
|move|p1a: WWakeRBoltCringe|Nuzzle|p2a: Walking Wake
|-damage|p2a: Walking Wake|95/100
|-status|p2a: Walking Wake|par
|
|-weather|SunnyDay|[upkeep]
|upkeep
|turn|5
|
|t:|1779560576
|move|p2a: Walking Wake|Hydro Steam|p1a: WWakeRBoltCringe
|-damage|p1a: WWakeRBoltCringe|15/100
|move|p1a: WWakeRBoltCringe|Draining Kiss|p2a: Walking Wake
|-supereffective|p2a: Walking Wake
|-damage|p2a: Walking Wake|38/100 par
|-heal|p1a: WWakeRBoltCringe|61/100|[from] drain|[of] p2a: Walking Wake
|
|-weather|SunnyDay|[upkeep]
|upkeep
|turn|6
|
|t:|1779560584
|move|p2a: Walking Wake|Hydro Steam|p1a: WWakeRBoltCringe
|-damage|p1a: WWakeRBoltCringe|1/100
|move|p1a: WWakeRBoltCringe|Psychic Noise|p2a: Walking Wake
|-damage|p2a: Walking Wake|2/100 par
|-start|p2a: Walking Wake|move: Heal Block
|
|-weather|SunnyDay|[upkeep]
|upkeep
|turn|7
|
|t:|1779560590
|cant|p2a: Walking Wake|par
|move|p1a: WWakeRBoltCringe|Mystical Fire|p2a: Walking Wake
|-resisted|p2a: Walking Wake
|-damage|p2a: Walking Wake|0 fnt
|faint|p2a: Walking Wake
|-end|p2a: Walking Wake|Protosynthesis|[silent]
|
|-weather|SunnyDay|[upkeep]
|upkeep
|
|t:|1779560593
|switch|p2a: Slither Wing|Slither Wing|84/100
|-activate|p2a: Slither Wing|ability: Protosynthesis
|-start|p2a: Slither Wing|protosynthesisatk
|turn|8
|
|t:|1779560597
|move|p2a: Slither Wing|Flare Blitz|p1a: WWakeRBoltCringe
|-damage|p1a: WWakeRBoltCringe|0 fnt
|faint|p1a: WWakeRBoltCringe
|-damage|p2a: Slither Wing|84/100|[from] Recoil
|
|-weather|SunnyDay|[upkeep]
|upkeep
|
|t:|1779560617
|switch|p1a: Rapunzil|Primarina, F, shiny|100/100
|turn|9
|
|t:|1779560622
|-terastallize|p2a: Slither Wing|Fire
|move|p2a: Slither Wing|Flare Blitz|p1a: Rapunzil
|-resisted|p1a: Rapunzil
|-damage|p1a: Rapunzil|0 fnt
|faint|p1a: Rapunzil
|-damage|p2a: Slither Wing|45/100|[from] Recoil
|
|-weather|SunnyDay|[upkeep]
|upkeep
|
|t:|1779560628
|switch|p1a: doechii|Krookodile, F|100/100
|turn|10
|
|t:|1779560638
|-end|p2a: Slither Wing|Protosynthesis|[silent]
|switch|p2a: Great Tusk|Great Tusk|100/100
|-activate|p2a: Great Tusk|ability: Protosynthesis
|-start|p2a: Great Tusk|protosynthesisdef
|move|p1a: doechii|Crunch|p2a: Great Tusk
|-resisted|p2a: Great Tusk
|-damage|p2a: Great Tusk|90/100
|-damage|p1a: doechii|84/100|[from] item: Rocky Helmet|[of] p2a: Great Tusk
|
|-weather|none
|-end|p2a: Great Tusk|Protosynthesis
|upkeep
|turn|11
|
|t:|1779560645
|switch|p1a: Lm10|Cinderace, F|100/100
|move|p2a: Great Tusk|Stealth Rock|p1a: Lm10
|-sidestart|p1: hattybatty304|move: Stealth Rock
|
|upkeep
|turn|12
|
|t:|1779560662
|move|p1a: Lm10|Pyro Ball|p2a: Great Tusk|[miss]
|-miss|p1a: Lm10|p2a: Great Tusk
|move|p2a: Great Tusk|Rapid Spin|p1a: Lm10
|-damage|p1a: Lm10|81/100
|-boost|p2a: Great Tusk|spe|1
|
|upkeep
|turn|13
|
|t:|1779560666
|move|p1a: Lm10|Sucker Punch|p2a: Great Tusk
|-start|p1a: Lm10|typechange|Dark|[from] ability: Libero
|-resisted|p2a: Great Tusk
|-damage|p2a: Great Tusk|80/100
|-damage|p1a: Lm10|64/100|[from] item: Rocky Helmet|[of] p2a: Great Tusk
|move|p2a: Great Tusk|Headlong Rush|p1a: Lm10
|-damage|p1a: Lm10|0 fnt
|-unboost|p2a: Great Tusk|def|1
|-unboost|p2a: Great Tusk|spd|1
|faint|p1a: Lm10
|
|upkeep
|
|t:|1779560673
|switch|p1a: TakeYoMan|Meowscarada, F|100/100
|-damage|p1a: TakeYoMan|88/100|[from] Stealth Rock
|turn|14
|
|t:|1779560679
|switch|p1a: gambitDNiteCringe|Pecharunt|94/100
|-damage|p1a: gambitDNiteCringe|82/100|[from] Stealth Rock
|move|p2a: Great Tusk|Ice Spinner|p1a: gambitDNiteCringe
|-damage|p1a: gambitDNiteCringe|72/100
|-damage|p2a: Great Tusk|63/100|[from] item: Rocky Helmet|[of] p1a: gambitDNiteCringe
|
|upkeep
|turn|15
|
|t:|1779560686
|-end|p2a: Great Tusk|Protosynthesis|[silent]
|switch|p2a: Ninetales|Ninetales, M|90/100
|-weather|SunnyDay|[from] ability: Drought|[of] p2a: Ninetales
|move|p1a: gambitDNiteCringe|Recover|p1a: gambitDNiteCringe
|-heal|p1a: gambitDNiteCringe|100/100
|
|-weather|SunnyDay|[upkeep]
|upkeep
|turn|16
|
|t:|1779560691
|move|p2a: Ninetales|Encore|p1a: gambitDNiteCringe
|-start|p1a: gambitDNiteCringe|Encore
|move|p1a: gambitDNiteCringe|Recover||[still]
|-fail|p1a: gambitDNiteCringe|heal
|
|-weather|SunnyDay|[upkeep]
|upkeep
|turn|17
|
|t:|1779560696
|switch|p2a: Hatterene|Hatterene, F|100/100
|switch|p1a: doechii|Krookodile, F|84/100
|-damage|p1a: doechii|78/100|[from] Stealth Rock
|
|-weather|SunnyDay|[upkeep]
|upkeep
|turn|18
|
|t:|1779560703
|move|p1a: doechii|Crunch|p2a: Hatterene
|-damage|p2a: Hatterene|62/100
|-enditem|p2a: Hatterene|Eject Button
|
|t:|1779560706
|switch|p2a: Charizard|Charizard, M|100/100
|
|-weather|SunnyDay|[upkeep]
|-damage|p2a: Charizard|88/100|[from] ability: Solar Power|[of] p2a: Charizard
|upkeep
|turn|19
|
|t:|1779560710
|move|p1a: doechii|Crunch|p2a: Charizard
|-damage|p2a: Charizard|26/100
|-unboost|p2a: Charizard|def|1
|move|p2a: Charizard|Weather Ball|p1a: doechii
|-damage|p1a: doechii|0 fnt
|faint|p1a: doechii
|
|-weather|SunnyDay|[upkeep]
|-damage|p2a: Charizard|14/100|[from] ability: Solar Power|[of] p2a: Charizard
|upkeep
|
|t:|1779560715
|switch|p1a: TakeYoMan|Meowscarada, F|88/100
|-damage|p1a: TakeYoMan|76/100|[from] Stealth Rock
|turn|20
|
|t:|1779560720
|switch|p2a: Hatterene|Hatterene, F|62/100
|move|p1a: TakeYoMan|Knock Off|p2a: Hatterene
|-start|p1a: TakeYoMan|typechange|Dark|[from] ability: Protean
|-damage|p2a: Hatterene|28/100
|
|-weather|SunnyDay|[upkeep]
|upkeep
|turn|21
|
|t:|1779560725
|move|p1a: TakeYoMan|Knock Off|p2a: Hatterene
|-damage|p2a: Hatterene|0 fnt
|faint|p2a: Hatterene
|
|-weather|SunnyDay|[upkeep]
|upkeep
|
|t:|1779560730
|switch|p2a: Slither Wing|Slither Wing, tera:Fire|45/100
|-activate|p2a: Slither Wing|ability: Protosynthesis
|-start|p2a: Slither Wing|protosynthesisatk
|turn|22
|
|t:|1779560739
|switch|p1a: gambitDNiteCringe|Pecharunt|100/100
|-damage|p1a: gambitDNiteCringe|88/100|[from] Stealth Rock
|move|p2a: Slither Wing|U-turn|p1a: gambitDNiteCringe
|-resisted|p1a: gambitDNiteCringe
|-damage|p1a: gambitDNiteCringe|80/100
|-damage|p2a: Slither Wing|29/100|[from] item: Rocky Helmet|[of] p1a: gambitDNiteCringe
|
|t:|1779560743
|-end|p2a: Slither Wing|Protosynthesis|[silent]
|switch|p2a: Charizard|Charizard, M|14/100|[from] U-turn
|
|-weather|none
|upkeep
|turn|23
|
|t:|1779560749
|move|p2a: Charizard|Overheat|p1a: gambitDNiteCringe
|-damage|p1a: gambitDNiteCringe|0 fnt
|-unboost|p2a: Charizard|spa|2
|faint|p1a: gambitDNiteCringe
|
|upkeep
|
|t:|1779560753
|switch|p1a: TakeYoMan|Meowscarada, F|76/100
|-damage|p1a: TakeYoMan|64/100|[from] Stealth Rock
|turn|24
|
|t:|1779560757
|switch|p2a: Ninetales|Ninetales, M|90/100
|-weather|SunnyDay|[from] ability: Drought|[of] p2a: Ninetales
|move|p1a: TakeYoMan|Sucker Punch||[still]
|-fail|p1a: TakeYoMan
|
|-weather|SunnyDay|[upkeep]
|upkeep
|turn|25
|
|t:|1779560761
|move|p1a: TakeYoMan|Sucker Punch||[still]
|-fail|p1a: TakeYoMan
|move|p2a: Ninetales|Encore|p1a: TakeYoMan
|-start|p1a: TakeYoMan|Encore
|
|-weather|SunnyDay|[upkeep]
|upkeep
|turn|26
|
|t:|1779560765
|move|p1a: TakeYoMan|Sucker Punch||[still]
|-fail|p1a: TakeYoMan
|move|p2a: Ninetales|Will-O-Wisp|p1a: TakeYoMan
|-status|p1a: TakeYoMan|brn
|
|-weather|SunnyDay|[upkeep]
|-damage|p1a: TakeYoMan|57/100 brn|[from] brn
|upkeep
|turn|27
|
|t:|1779560768
|move|p1a: TakeYoMan|Sucker Punch|p2a: Ninetales
|-start|p1a: TakeYoMan|typechange|Dark|[from] ability: Protean
|-damage|p2a: Ninetales|61/100
|move|p2a: Ninetales|Weather Ball|p1a: TakeYoMan
|-damage|p1a: TakeYoMan|0 fnt
|faint|p1a: TakeYoMan
|
|win|immaterial-light
|raw|hattybatty304's rating: 1442 &rarr; <strong>1419</strong><br />(-23 for losing)
|raw|immaterial-light's rating: 1388 &rarr; <strong>1411</strong><br />(+23 for winning)
|l|☆hattybatty304
|player|p1|
|l|☆immaterial-light
|player|p2|
