|j|☆loudclouds103
|j|☆trickytrickydicky
|t:|1779688895
|gametype|singles
|player|p1|loudclouds103|2|1108
|player|p2|trickytrickydicky|102|1101
|gen|9
|tier|[Gen 9] OU
|rated|
|rule|HP Percentage Mod: HP is shown in percentages
|rule|Endless Battle Clause: Forcing endless battles is banned
|rule|Species Clause: Limit one of each Pokémon
|rule|OHKO Clause: OHKO moves are banned
|rule|Evasion Items Clause: Evasion items are banned
|rule|Evasion Moves Clause: Evasion moves are banned
|rule|Evasion Abilities Clause: Evasion abilities are banned
|rule|Sleep Moves Clause: Sleep-inducing moves are banned
|clearpoke
|poke|p1|Ariados, M|
|poke|p1|Iron Jugulis|
|poke|p1|Torterra, F|
|poke|p1|Orthworm, F|
|poke|p1|Furret, M|
|poke|p1|Latios, M|
|poke|p2|Kommo-o, F|
|poke|p2|Iron Valiant|
|poke|p2|Great Tusk|
|poke|p2|Kingambit, F|
|poke|p2|Gholdengo|
|poke|p2|Ogerpon-Wellspring, F|
|teampreview
|
|t:|1779688919
|teamsize|p1|6
|teamsize|p2|6
|start
|switch|p1a: Ariados|Ariados, M|100/100
|switch|p2a: Kommo-o|Kommo-o, F|100/100
|turn|1
|
|t:|1779688940
|move|p2a: Kommo-o|Clangorous Soul|p2a: Kommo-o
|-boost|p2a: Kommo-o|atk|1
|-boost|p2a: Kommo-o|def|1
|-boost|p2a: Kommo-o|spa|1
|-boost|p2a: Kommo-o|spd|1
|-boost|p2a: Kommo-o|spe|1
|-damage|p2a: Kommo-o|68/100
|-enditem|p2a: Kommo-o|Throat Spray
|-boost|p2a: Kommo-o|spa|1|[from] item: Throat Spray
|move|p1a: Ariados|Focus Energy|p1a: Ariados
|-start|p1a: Ariados|move: Focus Energy
|
|upkeep
|turn|2
|
|t:|1779688953
|move|p2a: Kommo-o|Flamethrower|p1a: Ariados
|-supereffective|p1a: Ariados
|-enditem|p1a: Ariados|Focus Sash
|-damage|p1a: Ariados|1/100
|move|p1a: Ariados|Poison Jab|p2a: Kommo-o
|-damage|p2a: Kommo-o|44/100
|
|upkeep
|turn|3
|
|t:|1779688969
|move|p1a: Ariados|Sucker Punch|p2a: Kommo-o
|-resisted|p2a: Kommo-o
|-damage|p2a: Kommo-o|37/100
|move|p2a: Kommo-o|Flamethrower|p1a: Ariados
|-supereffective|p1a: Ariados
|-damage|p1a: Ariados|0 fnt
|faint|p1a: Ariados
|
|upkeep
|
|t:|1779688986
|switch|p1a: Iron Jugulis|Iron Jugulis|100/100
|turn|4
|
|t:|1779688991
|move|p2a: Kommo-o|Boomburst|p1a: Iron Jugulis
|-damage|p1a: Iron Jugulis|8/100
|move|p1a: Iron Jugulis|Air Slash|p2a: Kommo-o
|-supereffective|p2a: Kommo-o
|-damage|p2a: Kommo-o|0 fnt
|faint|p2a: Kommo-o
|
|upkeep
|
|t:|1779688998
|switch|p2a: Ogerpon|Ogerpon-Wellspring, F|100/100
|turn|5
|
|t:|1779689002
|move|p2a: Ogerpon|Ivy Cudgel|p1a: Iron Jugulis|[anim] Ivy Cudgel Water
|-damage|p1a: Iron Jugulis|0 fnt
|faint|p1a: Iron Jugulis
|-end|p1a: Iron Jugulis|Quark Drive|[silent]
|
|upkeep
|
|t:|1779689009
|switch|p1a: Torterra|Torterra, F|100/100
|turn|6
|
|t:|1779689016
|move|p2a: Ogerpon|Power Whip|p1a: Torterra
|-damage|p1a: Torterra|25/100
|move|p1a: Torterra|Shell Smash|p1a: Torterra
|-unboost|p1a: Torterra|def|1
|-unboost|p1a: Torterra|spd|1
|-boost|p1a: Torterra|atk|2
|-boost|p1a: Torterra|spa|2
|-boost|p1a: Torterra|spe|2
|
|upkeep
|turn|7
|
|t:|1779689024
|move|p1a: Torterra|Bullet Seed|p2a: Ogerpon
|-damage|p2a: Ogerpon|70/100
|-damage|p2a: Ogerpon|38/100
|-damage|p2a: Ogerpon|8/100
|-damage|p2a: Ogerpon|0 fnt
|faint|p2a: Ogerpon
|-hitcount|p2: Ogerpon|4
|
|upkeep
|
|t:|1779689033
|switch|p2a: Great Tusk|Great Tusk|100/100
|turn|8
|
|t:|1779689037
|move|p1a: Torterra|Bullet Seed|p2a: Great Tusk
|-supereffective|p2a: Great Tusk
|-damage|p2a: Great Tusk|66/100
|-supereffective|p2a: Great Tusk
|-damage|p2a: Great Tusk|32/100
|-supereffective|p2a: Great Tusk
|-damage|p2a: Great Tusk|0 fnt
|faint|p2a: Great Tusk
|-end|p2a: Great Tusk|Protosynthesis|[silent]
|-hitcount|p2: Great Tusk|3
|
|upkeep
|
|t:|1779689044
|switch|p2a: Gholdengo|Gholdengo|100/100
|turn|9
|
|t:|1779689049
|move|p1a: Torterra|Earthquake|p2a: Gholdengo
|-supereffective|p2a: Gholdengo
|-damage|p2a: Gholdengo|0 fnt
|faint|p2a: Gholdengo
|
|upkeep
|
|t:|1779689053
|switch|p2a: Kingambit|Kingambit, F|100/100
|-activate|p2a: Kingambit|ability: Supreme Overlord
|-start|p2a: Kingambit|fallen4|[silent]
|turn|10
|
|t:|1779689058
|move|p1a: Torterra|Earthquake|p2a: Kingambit
|-supereffective|p2a: Kingambit
|-damage|p2a: Kingambit|0 fnt
|faint|p2a: Kingambit
|-end|p2a: Kingambit|fallen4|[silent]
|
|upkeep
|
|t:|1779689063
|switch|p2a: Iron Valiant|Iron Valiant|100/100
|-enditem|p2a: Iron Valiant|Booster Energy
|-activate|p2a: Iron Valiant|ability: Quark Drive|[fromitem]
|-start|p2a: Iron Valiant|quarkdrivespe
|turn|11
|
|t:|1779689068
|move|p2a: Iron Valiant|Spirit Break|p1a: Torterra
|-damage|p1a: Torterra|0 fnt
|faint|p1a: Torterra
|
|upkeep
|
|t:|1779689074
|switch|p1a: Orthworm|Orthworm, F|100/100
|turn|12
|
|t:|1779689081
|move|p2a: Iron Valiant|Close Combat|p1a: Orthworm
|-supereffective|p1a: Orthworm
|-damage|p1a: Orthworm|13/100
|-unboost|p2a: Iron Valiant|def|1
|-unboost|p2a: Iron Valiant|spd|1
|move|p1a: Orthworm|Iron Tail|p2a: Iron Valiant
|-supereffective|p2a: Iron Valiant
|-damage|p2a: Iron Valiant|0 fnt
|faint|p2a: Iron Valiant
|-end|p2a: Iron Valiant|Quark Drive|[silent]
|
|win|loudclouds103
|raw|loudclouds103's rating: 1108 &rarr; <strong>1132</strong><br />(+24 for winning)
|raw|trickytrickydicky's rating: 1101 &rarr; <strong>1077</strong><br />(-24 for losing)
|l|☆trickytrickydicky
|player|p2|
|l|☆loudclouds103
|player|p1|
