|j|☆thehalfbr33d
|j|☆duli2010
|t:|1779722466
|gametype|singles
|player|p1|thehalfbr33d|bellelba|1313
|player|p2|duli2010|bugcatcher-gen4dp|1355
|gen|9
|tier|[Gen 9] OU
|rated|
|rule|HP Percentage Mod: HP is shown in percentages
|rule|Endless Battle Clause: Forcing endless battles is banned
|rule|Species Clause: Limit one of each Pokémon
|rule|OHKO Clause: OHKO moves are banned
|rule|Evasion Items Clause: Evasion items are banned
|rule|Evasion Moves Clause: Evasion moves are banned
|rule|Evasion Abilities Clause: Evasion abilities are banned
|rule|Sleep Moves Clause: Sleep-inducing moves are banned
|clearpoke
|poke|p1|Pecharunt|
|poke|p1|Slowking-Galar, F|
|poke|p1|Revavroom, F|
|poke|p1|Muk-Alola, F|
|poke|p1|Gliscor, F|
|poke|p1|Tentacruel, F|
|poke|p2|Weezing, F|
|poke|p2|Muk-Alola, F|
|poke|p2|Goodra, M|
|poke|p2|Hydrapple, F|
|poke|p2|Sylveon, M|
|poke|p2|Conkeldurr, M|
|teampreview
|inactive|Battle timer is ON: inactive players will automatically lose when time's up. (requested by thehalfbr33d)
|c|☆duli2010|nice poison team
|inactive|duli2010 has 120 seconds left.
|c|☆duli2010|but gliscor is no poison:D
|
|t:|1779722506
|teamsize|p1|6
|teamsize|p2|6
|start
|switch|p1a: Gliscor|Gliscor, F|100/100
|switch|p2a: Muk|Muk-Alola, F|100/100
|turn|1
|
|t:|1779722515
|move|p1a: Gliscor|Protect|p1a: Gliscor
|-singleturn|p1a: Gliscor|Protect
|move|p2a: Muk|Knock Off|p1a: Gliscor
|-activate|p1a: Gliscor|move: Protect
|
|-status|p1a: Gliscor|tox|[from] item: Toxic Orb
|upkeep
|turn|2
|
|t:|1779722524
|switch|p2a: Hydrapple|Hydrapple, F, shiny|100/100
|move|p1a: Gliscor|Stealth Rock|p2a: Hydrapple
|-sidestart|p2: duli2010|move: Stealth Rock
|
|upkeep
|turn|3
|
|t:|1779722530
|move|p1a: Gliscor|Spikes|p2a: Hydrapple
|-sidestart|p2: duli2010|Spikes
|move|p2a: Hydrapple|Nasty Plot|p2a: Hydrapple
|-boost|p2a: Hydrapple|spa|2
|
|upkeep
|turn|4
|
|t:|1779722536
|switch|p1a: Muk|Muk-Alola, F, shiny|100/100
|move|p2a: Hydrapple|Giga Drain|p1a: Muk
|-resisted|p1a: Muk
|-damage|p1a: Muk|69/100
|
|-heal|p1a: Muk|75/100|[from] item: Leftovers
|upkeep
|turn|5
|
|t:|1779722545
|move|p1a: Muk|Haze|p1a: Muk
|-clearallboost
|move|p2a: Hydrapple|Earth Power|p1a: Muk
|-supereffective|p1a: Muk
|-damage|p1a: Muk|30/100
|
|-heal|p1a: Muk|36/100|[from] item: Leftovers
|upkeep
|turn|6
|
|t:|1779722558
|switch|p1a: Pecharunt|Pecharunt|100/100
|-item|p1a: Pecharunt|Air Balloon
|move|p2a: Hydrapple|Fickle Beam|p1a: Pecharunt
|-damage|p1a: Pecharunt|62/100
|-enditem|p1a: Pecharunt|Air Balloon
|
|upkeep
|turn|7
|
|t:|1779722568
|switch|p2a: Muk|Muk-Alola, F|100/100
|-damage|p2a: Muk|88/100|[from] Stealth Rock
|-damage|p2a: Muk|76/100|[from] Spikes
|move|p1a: Pecharunt|Malignant Chain|p2a: Muk
|-resisted|p2a: Muk
|-damage|p2a: Muk|64/100
|
|upkeep
|turn|8
|
|t:|1779722578
|move|p1a: Pecharunt|Parting Shot|p2a: Muk
|-unboost|p2a: Muk|atk|1
|-unboost|p2a: Muk|spa|1
|
|t:|1779722584
|switch|p1a: Gliscor|Gliscor, F|100/100 tox|[from] Parting Shot
|move|p2a: Muk|Knock Off|p1a: Gliscor
|-damage|p1a: Gliscor|75/100 tox
|-enditem|p1a: Gliscor|Toxic Orb|[from] move: Knock Off|[of] p2a: Muk
|
|-heal|p1a: Gliscor|88/100 tox|[from] ability: Poison Heal
|upkeep
|turn|9
|
|t:|1779722595
|switch|p2a: Conkeldurr|Conkeldurr, M|100/100
|-damage|p2a: Conkeldurr|94/100|[from] Stealth Rock
|-damage|p2a: Conkeldurr|82/100|[from] Spikes
|move|p1a: Gliscor|Spikes|p2a: Conkeldurr
|-sidestart|p2: duli2010|Spikes
|
|-heal|p1a: Gliscor|100/100 tox|[from] ability: Poison Heal
|-status|p2a: Conkeldurr|brn|[from] item: Flame Orb
|upkeep
|turn|10
|
|t:|1779722608
|move|p1a: Gliscor|Spikes|p2a: Conkeldurr
|-sidestart|p2: duli2010|Spikes
|move|p2a: Conkeldurr|Defog|p1a: Gliscor
|-unboost|p1a: Gliscor|evasion|1
|-sideend|p2: duli2010|Spikes|[from] move: Defog|[of] p2a: Conkeldurr
|-sideend|p2: duli2010|Stealth Rock|[from] move: Defog|[of] p2a: Conkeldurr
|
|-damage|p2a: Conkeldurr|76/100 brn|[from] brn
|upkeep
|turn|11
|
|t:|1779722620
|move|p1a: Gliscor|Protect|p1a: Gliscor
|-singleturn|p1a: Gliscor|Protect
|move|p2a: Conkeldurr|Drain Punch|p1a: Gliscor
|-activate|p1a: Gliscor|move: Protect
|
|-damage|p2a: Conkeldurr|70/100 brn|[from] brn
|upkeep
|turn|12
|
|t:|1779722629
|switch|p1a: Tentacruel|Tentacruel, F, shiny|100/100
|move|p2a: Conkeldurr|Ice Punch|p1a: Tentacruel
|-resisted|p1a: Tentacruel
|-damage|p1a: Tentacruel|61/100
|
|-damage|p2a: Conkeldurr|64/100 brn|[from] brn
|upkeep
|turn|13
|
|t:|1779722640
|switch|p2a: Goodra|Goodra, M|100/100
|move|p1a: Tentacruel|Giga Drain|p2a: Goodra
|-ability|p2a: Goodra|Sap Sipper|boost
|-boost|p2a: Goodra|atk|1
|
|upkeep
|turn|14
|
|t:|1779722648
|move|p1a: Tentacruel|Flip Turn|p2a: Goodra
|-resisted|p2a: Goodra
|-damage|p2a: Goodra|90/100
|
|t:|1779722655
|switch|p1a: Gliscor|Gliscor, F|100/100 tox|[from] Flip Turn
|move|p2a: Goodra|Acid Spray|p1a: Gliscor
|-resisted|p1a: Gliscor
|-damage|p1a: Gliscor|92/100 tox
|-unboost|p1a: Gliscor|spd|2
|
|-heal|p1a: Gliscor|100/100 tox|[from] ability: Poison Heal
|upkeep
|turn|15
|
|t:|1779722667
|move|p1a: Gliscor|Stealth Rock|p2a: Goodra
|-sidestart|p2: duli2010|move: Stealth Rock
|move|p2a: Goodra|Surf|p1a: Gliscor
|-supereffective|p1a: Gliscor
|-damage|p1a: Gliscor|0 fnt
|faint|p1a: Gliscor
|
|upkeep
|
|t:|1779722681
|switch|p1a: Slowking|Slowking-Galar, F, shiny|100/100
|turn|16
|
|t:|1779722685
|move|p2a: Goodra|Acid Spray|p1a: Slowking
|-resisted|p1a: Slowking
|-damage|p1a: Slowking|96/100
|-unboost|p1a: Slowking|spd|2
|move|p1a: Slowking|Future Sight|p2a: Goodra
|-start|p1a: Slowking|move: Future Sight
|
|-heal|p1a: Slowking|100/100|[from] item: Leftovers
|upkeep
|turn|17
|
|t:|1779722694
|move|p2a: Goodra|Acid Spray|p1a: Slowking
|-resisted|p1a: Slowking
|-damage|p1a: Slowking|92/100
|-unboost|p1a: Slowking|spd|2
|move|p1a: Slowking|Ice Beam|p2a: Goodra
|-supereffective|p2a: Goodra
|-damage|p2a: Goodra|71/100
|
|-heal|p1a: Slowking|98/100|[from] item: Leftovers
|upkeep
|turn|18
|
|t:|1779722711
|switch|p1a: Pecharunt|Pecharunt|62/100
|move|p2a: Goodra|Surf|p1a: Pecharunt
|-damage|p1a: Pecharunt|29/100
|
|-end|p2a: Goodra|move: Future Sight
|-damage|p2a: Goodra|52/100
|upkeep
|turn|19
|
|t:|1779722720
|move|p1a: Pecharunt|Recover|p1a: Pecharunt
|-heal|p1a: Pecharunt|80/100
|move|p2a: Goodra|Acid Spray|p1a: Pecharunt
|-resisted|p1a: Pecharunt
|-crit|p1a: Pecharunt
|-damage|p1a: Pecharunt|75/100
|-unboost|p1a: Pecharunt|spd|2
|
|upkeep
|turn|20
|
|t:|1779722728
|move|p1a: Pecharunt|Malignant Chain|p2a: Goodra
|-damage|p2a: Goodra|33/100
|-status|p2a: Goodra|tox
|-start|p2a: Goodra|confusion|[from] ability: Poison Puppeteer|[of] p1a: Pecharunt
|-activate|p2a: Goodra|confusion
|move|p2a: Goodra|Surf|p1a: Pecharunt
|-damage|p1a: Pecharunt|18/100
|
|-damage|p2a: Goodra|27/100 tox|[from] psn
|upkeep
|turn|21
|
|t:|1779722740
|move|p1a: Pecharunt|Recover|p1a: Pecharunt
|-heal|p1a: Pecharunt|68/100
|-activate|p2a: Goodra|confusion
|move|p2a: Goodra|Surf|p1a: Pecharunt
|-damage|p1a: Pecharunt|2/100
|
|-damage|p2a: Goodra|15/100 tox|[from] psn
|upkeep
|turn|22
|
|t:|1779722751
|move|p1a: Pecharunt|Recover|p1a: Pecharunt
|-heal|p1a: Pecharunt|52/100
|-activate|p2a: Goodra|confusion
|move|p2a: Goodra|Thunderbolt|p1a: Pecharunt
|-damage|p1a: Pecharunt|0 fnt
|faint|p1a: Pecharunt
|
|-damage|p2a: Goodra|0 fnt|[from] psn
|faint|p2a: Goodra
|upkeep
|
|t:|1779722765
|switch|p1a: Slowking|Slowking-Galar, F, shiny|100/100
|switch|p2a: Conkeldurr|Conkeldurr, M|64/100 brn
|-damage|p2a: Conkeldurr|57/100 brn|[from] Stealth Rock
|turn|23
|
|t:|1779722772
|move|p2a: Conkeldurr|Knock Off|p1a: Slowking
|-supereffective|p1a: Slowking
|-damage|p1a: Slowking|0 fnt
|-enditem|p1a: Slowking|Leftovers|[from] move: Knock Off|[of] p2a: Conkeldurr
|faint|p1a: Slowking
|
|-damage|p2a: Conkeldurr|51/100 brn|[from] brn
|upkeep
|
|t:|1779722789
|switch|p1a: Tentacruel|Tentacruel, F, shiny|61/100
|turn|24
|
|t:|1779722799
|move|p1a: Tentacruel|Surf|p2a: Conkeldurr
|-damage|p2a: Conkeldurr|6/100 brn
|move|p2a: Conkeldurr|Defog|p1a: Tentacruel
|-unboost|p1a: Tentacruel|evasion|1
|-sideend|p2: duli2010|Stealth Rock|[from] move: Defog|[of] p2a: Conkeldurr
|
|-damage|p2a: Conkeldurr|0 fnt|[from] brn
|faint|p2a: Conkeldurr
|upkeep
|
|t:|1779722813
|switch|p2a: Sylveon|Sylveon, M|100/100
|turn|25
|
|t:|1779722821
|-terastallize|p2a: Sylveon|Psychic
|move|p1a: Tentacruel|Flip Turn|p2a: Sylveon
|-damage|p2a: Sylveon|80/100
|
|t:|1779722826
|switch|p1a: Muk|Muk-Alola, F, shiny|36/100|[from] Flip Turn
|move|p2a: Sylveon|Psyshock|p1a: Muk
|-immune|p1a: Muk
|
|-heal|p1a: Muk|42/100|[from] item: Leftovers
|upkeep
|turn|26
|
|t:|1779722839
|switch|p2a: Weezing|Weezing, F|100/100
|move|p1a: Muk|Knock Off|p2a: Weezing
|-damage|p2a: Weezing|67/100
|-enditem|p2a: Weezing|Black Sludge|[from] move: Knock Off|[of] p1a: Muk
|
|-heal|p1a: Muk|48/100|[from] item: Leftovers
|upkeep
|turn|27
|
|t:|1779722851
|move|p2a: Weezing|Will-O-Wisp|p1a: Muk|[miss]
|-miss|p2a: Weezing|p1a: Muk
|move|p1a: Muk|Drain Punch|p2a: Weezing
|-resisted|p2a: Weezing
|-damage|p2a: Weezing|60/100
|-heal|p1a: Muk|51/100|[from] drain|[of] p2a: Weezing
|
|-heal|p1a: Muk|57/100|[from] item: Leftovers
|upkeep
|turn|28
|
|t:|1779722863
|switch|p1a: Tentacruel|Tentacruel, F, shiny|61/100
|move|p2a: Weezing|Will-O-Wisp|p1a: Tentacruel
|-status|p1a: Tentacruel|brn
|
|-damage|p1a: Tentacruel|55/100 brn|[from] brn
|upkeep
|turn|29
|
|t:|1779722874
|switch|p2a: Sylveon|Sylveon, M, tera:Psychic|80/100
|move|p1a: Tentacruel|Surf|p2a: Sylveon
|-damage|p2a: Sylveon|63/100
|
|-damage|p1a: Tentacruel|49/100 brn|[from] brn
|upkeep
|turn|30
|
|t:|1779722890
|move|p1a: Tentacruel|Surf|p2a: Sylveon
|-damage|p2a: Sylveon|46/100
|move|p2a: Sylveon|Hyper Voice|p1a: Tentacruel
|-resisted|p1a: Tentacruel
|-damage|p1a: Tentacruel|24/100 brn
|
|-damage|p1a: Tentacruel|18/100 brn|[from] brn
|upkeep
|turn|31
|
|t:|1779722899
|move|p1a: Tentacruel|Giga Drain|p2a: Sylveon
|-damage|p2a: Sylveon|37/100
|-heal|p1a: Tentacruel|24/100 brn|[from] drain|[of] p2a: Sylveon
|move|p2a: Sylveon|Hyper Voice|p1a: Tentacruel
|-resisted|p1a: Tentacruel
|-damage|p1a: Tentacruel|0 fnt
|faint|p1a: Tentacruel
|
|upkeep
|
|t:|1779722910
|switch|p1a: Muk|Muk-Alola, F, shiny|57/100
|turn|32
|
|t:|1779722916
|switch|p2a: Weezing|Weezing, F|60/100
|move|p1a: Muk|Knock Off|p2a: Weezing
|-damage|p2a: Weezing|40/100
|
|-heal|p1a: Muk|63/100|[from] item: Leftovers
|upkeep
|turn|33
|
|t:|1779722929
|move|p2a: Weezing|Will-O-Wisp|p1a: Muk
|-status|p1a: Muk|brn
|move|p1a: Muk|Drain Punch|p2a: Weezing
|-resisted|p2a: Weezing
|-damage|p2a: Weezing|36/100
|-heal|p1a: Muk|65/100 brn|[from] drain|[of] p2a: Weezing
|
|-heal|p1a: Muk|71/100 brn|[from] item: Leftovers
|-damage|p1a: Muk|65/100 brn|[from] brn
|upkeep
|turn|34
|
|t:|1779722940
|move|p2a: Weezing|Pain Split|p1a: Muk
|-sethp|p1a: Muk|47/100 brn|[from] move: Pain Split|[silent]
|-sethp|p2a: Weezing|58/100|[from] move: Pain Split
|move|p1a: Muk|Knock Off|p2a: Weezing
|-damage|p2a: Weezing|48/100
|
|-heal|p1a: Muk|53/100 brn|[from] item: Leftovers
|-damage|p1a: Muk|47/100 brn|[from] brn
|upkeep
|turn|35
|
|t:|1779722954
|move|p2a: Weezing|Flamethrower|p1a: Muk
|-damage|p1a: Muk|30/100 brn
|move|p1a: Muk|Drain Punch|p2a: Weezing
|-resisted|p2a: Weezing
|-damage|p2a: Weezing|44/100
|-heal|p1a: Muk|32/100 brn|[from] drain|[of] p2a: Weezing
|
|-heal|p1a: Muk|38/100 brn|[from] item: Leftovers
|-damage|p1a: Muk|32/100 brn|[from] brn
|upkeep
|turn|36
|
|t:|1779722966
|move|p2a: Weezing|Flamethrower|p1a: Muk
|-damage|p1a: Muk|14/100 brn
|move|p1a: Muk|Drain Punch|p2a: Weezing
|-resisted|p2a: Weezing
|-damage|p2a: Weezing|40/100
|-heal|p1a: Muk|16/100 brn|[from] drain|[of] p2a: Weezing
|
|-heal|p1a: Muk|22/100 brn|[from] item: Leftovers
|-damage|p1a: Muk|16/100 brn|[from] brn
|upkeep
|turn|37
|
|t:|1779722977
|move|p2a: Weezing|Flamethrower|p1a: Muk
|-damage|p1a: Muk|0 fnt
|faint|p1a: Muk
|
|upkeep
|
|t:|1779722983
|switch|p1a: Revavroom|Revavroom, F|100/100
|turn|38
|
|t:|1779722986
|move|p1a: Revavroom|Shift Gear|p1a: Revavroom
|-boost|p1a: Revavroom|spe|2
|-boost|p1a: Revavroom|atk|1
|move|p2a: Weezing|Will-O-Wisp|p1a: Revavroom
|-status|p1a: Revavroom|brn
|
|-damage|p1a: Revavroom|94/100 brn|[from] brn
|upkeep
|turn|39
|
|t:|1779722995
|move|p1a: Revavroom|Shift Gear|p1a: Revavroom
|-boost|p1a: Revavroom|spe|2
|-boost|p1a: Revavroom|atk|1
|move|p2a: Weezing|Pain Split|p1a: Revavroom
|-sethp|p1a: Revavroom|66/100 brn|[from] move: Pain Split|[silent]
|-sethp|p2a: Weezing|71/100|[from] move: Pain Split
|
|-heal|p1a: Revavroom|72/100 brn|[from] item: Leftovers
|-damage|p1a: Revavroom|66/100 brn|[from] brn
|upkeep
|turn|40
|
|t:|1779723008
|move|p1a: Revavroom|Shift Gear|p1a: Revavroom
|-boost|p1a: Revavroom|spe|2
|-boost|p1a: Revavroom|atk|1
|move|p2a: Weezing|Flamethrower|p1a: Revavroom
|-supereffective|p1a: Revavroom
|-damage|p1a: Revavroom|25/100 brn
|
|-heal|p1a: Revavroom|31/100 brn|[from] item: Leftovers
|-damage|p1a: Revavroom|25/100 brn|[from] brn
|upkeep
|turn|41
|
|t:|1779723018
|move|p1a: Revavroom|Iron Head|p2a: Weezing
|-damage|p2a: Weezing|32/100
|cant|p2a: Weezing|flinch
|
|-heal|p1a: Revavroom|31/100 brn|[from] item: Leftovers
|-damage|p1a: Revavroom|25/100 brn|[from] brn
|upkeep
|turn|42
|
|t:|1779723028
|move|p1a: Revavroom|Iron Head|p2a: Weezing
|-damage|p2a: Weezing|0 fnt
|faint|p2a: Weezing
|
|-heal|p1a: Revavroom|31/100 brn|[from] item: Leftovers
|-damage|p1a: Revavroom|25/100 brn|[from] brn
|upkeep
|
|t:|1779723035
|switch|p2a: Hydrapple|Hydrapple, F, shiny|100/100
|turn|43
|
|t:|1779723038
|move|p1a: Revavroom|Gunk Shot|p2a: Hydrapple
|-supereffective|p2a: Hydrapple
|-damage|p2a: Hydrapple|0 fnt
|faint|p2a: Hydrapple
|
|-heal|p1a: Revavroom|31/100 brn|[from] item: Leftovers
|-damage|p1a: Revavroom|25/100 brn|[from] brn
|upkeep
|
|t:|1779723046
|switch|p2a: Muk|Muk-Alola, F|64/100
|turn|44
|
|t:|1779723051
|move|p1a: Revavroom|Iron Head|p2a: Muk
|-damage|p2a: Muk|8/100
|move|p2a: Muk|Knock Off|p1a: Revavroom
|-damage|p1a: Revavroom|0 fnt
|-enditem|p1a: Revavroom|Leftovers|[from] move: Knock Off|[of] p2a: Muk
|faint|p1a: Revavroom
|
|win|duli2010
|raw|thehalfbr33d's rating: 1313 &rarr; <strong>1295</strong><br />(-18 for losing)
|raw|duli2010's rating: 1355 &rarr; <strong>1373</strong><br />(+18 for winning)
|c|☆duli2010|gg
|c|☆thehalfbr33d|Gg
|l|☆duli2010
|player|p2|
|l|☆thehalfbr33d
|player|p1|
