|j|☆demre
|j|☆Winke Noppen
|t:|1779628935
|gametype|singles
|player|p1|demre|rocketgrunt|1101
|player|p2|Winke Noppen|flannery|1085
|gen|9
|tier|[Gen 9] OU
|rated|
|rule|HP Percentage Mod: HP is shown in percentages
|rule|Endless Battle Clause: Forcing endless battles is banned
|rule|Species Clause: Limit one of each Pokémon
|rule|OHKO Clause: OHKO moves are banned
|rule|Evasion Items Clause: Evasion items are banned
|rule|Evasion Moves Clause: Evasion moves are banned
|rule|Evasion Abilities Clause: Evasion abilities are banned
|rule|Sleep Moves Clause: Sleep-inducing moves are banned
|clearpoke
|poke|p1|Iron Moth|
|poke|p1|Iron Valiant|
|poke|p1|Raging Bolt|
|poke|p1|Corviknight, M|
|poke|p1|Kingambit, F|
|poke|p1|Ursaluna, F|
|poke|p2|Malamar, F|
|poke|p2|Serperior, F|
|poke|p2|Manaphy|
|poke|p2|Hatterene, F|
|poke|p2|Toxapex, F|
|poke|p2|Glimmora, F|
|teampreview
|
|t:|1779628941
|teamsize|p1|6
|teamsize|p2|6
|start
|switch|p1a: Ursaluna|Ursaluna, F|100/100
|switch|p2a: Toxapex|Toxapex, F|100/100
|turn|1
|
|t:|1779628949
|-terastallize|p1a: Ursaluna|Normal
|move|p1a: Ursaluna|Swords Dance|p1a: Ursaluna
|-boost|p1a: Ursaluna|atk|2
|move|p2a: Toxapex|Toxic|p1a: Ursaluna
|-status|p1a: Ursaluna|tox
|
|-damage|p1a: Ursaluna|94/100 tox|[from] psn
|upkeep
|turn|2
|
|t:|1779628958
|move|p1a: Ursaluna|Headlong Rush|p2a: Toxapex
|-supereffective|p2a: Toxapex
|-damage|p2a: Toxapex|0 fnt
|-unboost|p1a: Ursaluna|def|1
|-unboost|p1a: Ursaluna|spd|1
|-damage|p1a: Ursaluna|78/100 tox|[from] item: Rocky Helmet|[of] p2a: Toxapex
|faint|p2a: Toxapex
|
|-damage|p1a: Ursaluna|65/100 tox|[from] psn
|upkeep
|
|t:|1779628966
|switch|p2a: Glimmora|Glimmora, F|100/100
|turn|3
|
|t:|1779628972
|move|p2a: Glimmora|Substitute|p2a: Glimmora
|-start|p2a: Glimmora|Substitute
|-damage|p2a: Glimmora|76/100
|move|p1a: Ursaluna|Swords Dance|p1a: Ursaluna
|-boost|p1a: Ursaluna|atk|2
|
|-heal|p2a: Glimmora|82/100|[from] item: Leftovers
|-damage|p1a: Ursaluna|46/100 tox|[from] psn
|upkeep
|turn|4
|
|t:|1779628980
|move|p2a: Glimmora|Stealth Rock|p1a: Ursaluna
|-sidestart|p1: demre|move: Stealth Rock
|move|p1a: Ursaluna|Headlong Rush|p2a: Glimmora
|-supereffective|p2a: Glimmora
|-end|p2a: Glimmora|Substitute
|-unboost|p1a: Ursaluna|def|1
|-unboost|p1a: Ursaluna|spd|1
|
|-heal|p2a: Glimmora|88/100|[from] item: Leftovers
|-damage|p1a: Ursaluna|21/100 tox|[from] psn
|upkeep
|turn|5
|
|t:|1779628990
|move|p2a: Glimmora|Spiky Shield|p2a: Glimmora
|-singleturn|p2a: Glimmora|move: Protect
|move|p1a: Ursaluna|Headlong Rush|p2a: Glimmora
|-activate|p2a: Glimmora|move: Protect
|-damage|p1a: Ursaluna|9/100 tox|[from] Spiky Shield|[of] p2a: Glimmora
|
|-heal|p2a: Glimmora|94/100|[from] item: Leftovers
|-damage|p1a: Ursaluna|0 fnt|[from] psn
|faint|p1a: Ursaluna
|upkeep
|
|t:|1779629000
|switch|p1a: Corviknight|Corviknight, M|100/100
|-damage|p1a: Corviknight|88/100|[from] Stealth Rock
|turn|6
|
|t:|1779629006
|move|p2a: Glimmora|Toxic|p1a: Corviknight
|-status|p1a: Corviknight|tox
|move|p1a: Corviknight|Defog|p2a: Glimmora
|-unboost|p2a: Glimmora|evasion|1
|-sideend|p1: demre|Stealth Rock|[from] move: Defog|[of] p1a: Corviknight
|
|-heal|p2a: Glimmora|100/100|[from] item: Leftovers
|-heal|p1a: Corviknight|94/100 tox|[from] item: Leftovers
|-damage|p1a: Corviknight|88/100 tox|[from] psn
|upkeep
|turn|7
|
|t:|1779629021
|move|p2a: Glimmora|Substitute|p2a: Glimmora
|-start|p2a: Glimmora|Substitute
|-damage|p2a: Glimmora|76/100
|move|p1a: Corviknight|Body Press|p2a: Glimmora
|-end|p2a: Glimmora|Substitute
|
|-heal|p2a: Glimmora|82/100|[from] item: Leftovers
|-heal|p1a: Corviknight|94/100 tox|[from] item: Leftovers
|-damage|p1a: Corviknight|82/100 tox|[from] psn
|upkeep
|turn|8
|
|t:|1779629038
|move|p2a: Glimmora|Spiky Shield|p2a: Glimmora
|-singleturn|p2a: Glimmora|move: Protect
|move|p1a: Corviknight|Body Press|p2a: Glimmora
|-activate|p2a: Glimmora|move: Protect
|-damage|p1a: Corviknight|69/100 tox|[from] Spiky Shield|[of] p2a: Glimmora
|
|-heal|p2a: Glimmora|88/100|[from] item: Leftovers
|-heal|p1a: Corviknight|75/100 tox|[from] item: Leftovers
|-damage|p1a: Corviknight|57/100 tox|[from] psn
|upkeep
|turn|9
|
|t:|1779629048
|move|p2a: Glimmora|Substitute|p2a: Glimmora
|-start|p2a: Glimmora|Substitute
|-damage|p2a: Glimmora|63/100
|move|p1a: Corviknight|Body Press|p2a: Glimmora
|-end|p2a: Glimmora|Substitute
|
|-heal|p2a: Glimmora|70/100|[from] item: Leftovers
|-heal|p1a: Corviknight|63/100 tox|[from] item: Leftovers
|-damage|p1a: Corviknight|38/100 tox|[from] psn
|upkeep
|turn|10
|
|t:|1779629058
|move|p2a: Glimmora|Spiky Shield|p2a: Glimmora
|-singleturn|p2a: Glimmora|move: Protect
|move|p1a: Corviknight|Roost|p1a: Corviknight
|-heal|p1a: Corviknight|88/100 tox
|-singleturn|p1a: Corviknight|move: Roost
|
|-heal|p2a: Glimmora|76/100|[from] item: Leftovers
|-heal|p1a: Corviknight|94/100 tox|[from] item: Leftovers
|-damage|p1a: Corviknight|63/100 tox|[from] psn
|upkeep
|turn|11
|
|t:|1779629069
|move|p2a: Glimmora|Substitute|p2a: Glimmora
|-start|p2a: Glimmora|Substitute
|-damage|p2a: Glimmora|51/100
|move|p1a: Corviknight|Body Press|p2a: Glimmora
|-activate|p2a: Glimmora|move: Substitute|[damage]
|
|-heal|p2a: Glimmora|57/100|[from] item: Leftovers
|-heal|p1a: Corviknight|69/100 tox|[from] item: Leftovers
|-damage|p1a: Corviknight|32/100 tox|[from] psn
|upkeep
|turn|12
|
|t:|1779629078
|move|p2a: Glimmora|Spiky Shield|p2a: Glimmora
|-singleturn|p2a: Glimmora|move: Protect
|move|p1a: Corviknight|Body Press|p2a: Glimmora
|-activate|p2a: Glimmora|move: Protect
|-damage|p1a: Corviknight|19/100 tox|[from] Spiky Shield|[of] p2a: Glimmora
|
|-heal|p2a: Glimmora|63/100|[from] item: Leftovers
|-heal|p1a: Corviknight|25/100 tox|[from] item: Leftovers
|-damage|p1a: Corviknight|0 fnt|[from] psn
|faint|p1a: Corviknight
|upkeep
|inactive|Battle timer is ON: inactive players will automatically lose when time's up. (requested by Winke Noppen)
|
|t:|1779629099
|switch|p1a: Iron Moth|Iron Moth|100/100
|turn|13
|
|t:|1779629108
|move|p1a: Iron Moth|Fiery Dance|p2a: Glimmora
|-resisted|p2a: Glimmora
|-end|p2a: Glimmora|Substitute
|move|p2a: Glimmora|Toxic|p1a: Iron Moth
|-status|p1a: Iron Moth|tox
|
|-heal|p2a: Glimmora|70/100|[from] item: Leftovers
|-damage|p1a: Iron Moth|95/100 tox|[from] psn
|upkeep
|turn|14
|
|t:|1779629119
|move|p2a: Glimmora|Spiky Shield|p2a: Glimmora
|-singleturn|p2a: Glimmora|move: Protect
|move|p1a: Iron Moth|Fiery Dance|p2a: Glimmora
|-activate|p2a: Glimmora|move: Protect
|
|-heal|p2a: Glimmora|76/100|[from] item: Leftovers
|-damage|p1a: Iron Moth|83/100 tox|[from] psn
|upkeep
|turn|15
|
|t:|1779629127
|move|p1a: Iron Moth|Fiery Dance|p2a: Glimmora
|-resisted|p2a: Glimmora
|-damage|p2a: Glimmora|53/100
|move|p2a: Glimmora|Substitute|p2a: Glimmora
|-start|p2a: Glimmora|Substitute
|-damage|p2a: Glimmora|28/100
|
|-heal|p2a: Glimmora|34/100|[from] item: Leftovers
|-damage|p1a: Iron Moth|65/100 tox|[from] psn
|upkeep
|turn|16
|
|t:|1779629137
|-end|p1a: Iron Moth|Quark Drive|[silent]
|switch|p1a: Raging Bolt|Raging Bolt|100/100
|-enditem|p1a: Raging Bolt|Booster Energy
|-activate|p1a: Raging Bolt|ability: Protosynthesis|[fromitem]
|-start|p1a: Raging Bolt|protosynthesisspa
|move|p2a: Glimmora|Stealth Rock|p1a: Raging Bolt
|-sidestart|p1: demre|move: Stealth Rock
|
|-heal|p2a: Glimmora|41/100|[from] item: Leftovers
|upkeep
|turn|17
|
|t:|1779629147
|move|p2a: Glimmora|Toxic|p1a: Raging Bolt
|-status|p1a: Raging Bolt|tox
|move|p1a: Raging Bolt|Thunderbolt|p2a: Glimmora
|-end|p2a: Glimmora|Substitute
|
|-heal|p2a: Glimmora|47/100|[from] item: Leftovers
|-damage|p1a: Raging Bolt|94/100 tox|[from] psn
|upkeep
|turn|18
|
|t:|1779629157
|move|p2a: Glimmora|Spiky Shield|p2a: Glimmora
|-singleturn|p2a: Glimmora|move: Protect
|move|p1a: Raging Bolt|Thunderclap||[still]
|-fail|p1a: Raging Bolt
|
|-heal|p2a: Glimmora|53/100|[from] item: Leftovers
|-damage|p1a: Raging Bolt|82/100 tox|[from] psn
|upkeep
|turn|19
|
|t:|1779629164
|move|p2a: Glimmora|Substitute|p2a: Glimmora
|-start|p2a: Glimmora|Substitute
|-damage|p2a: Glimmora|28/100
|move|p1a: Raging Bolt|Thunderbolt|p2a: Glimmora
|-end|p2a: Glimmora|Substitute
|
|-heal|p2a: Glimmora|34/100|[from] item: Leftovers
|-damage|p1a: Raging Bolt|63/100 tox|[from] psn
|upkeep
|turn|20
|
|t:|1779629172
|move|p2a: Glimmora|Spiky Shield|p2a: Glimmora
|-singleturn|p2a: Glimmora|move: Protect
|move|p1a: Raging Bolt|Thunderclap||[still]
|-fail|p1a: Raging Bolt
|
|-heal|p2a: Glimmora|41/100|[from] item: Leftovers
|-damage|p1a: Raging Bolt|39/100 tox|[from] psn
|upkeep
|turn|21
|
|t:|1779629180
|move|p2a: Glimmora|Substitute|p2a: Glimmora
|-start|p2a: Glimmora|Substitute
|-damage|p2a: Glimmora|16/100
|move|p1a: Raging Bolt|Thunderbolt|p2a: Glimmora
|-end|p2a: Glimmora|Substitute
|
|-heal|p2a: Glimmora|22/100|[from] item: Leftovers
|-damage|p1a: Raging Bolt|8/100 tox|[from] psn
|upkeep
|turn|22
|
|t:|1779629189
|move|p2a: Glimmora|Spiky Shield|p2a: Glimmora
|-singleturn|p2a: Glimmora|move: Protect
|move|p1a: Raging Bolt|Thunderclap||[still]
|-fail|p1a: Raging Bolt
|
|-heal|p2a: Glimmora|28/100|[from] item: Leftovers
|-damage|p1a: Raging Bolt|0 fnt|[from] psn
|faint|p1a: Raging Bolt
|-end|p1a: Raging Bolt|Protosynthesis|[silent]
|upkeep
|
|t:|1779629199
|switch|p1a: Iron Valiant|Iron Valiant|100/100
|-damage|p1a: Iron Valiant|94/100|[from] Stealth Rock
|-enditem|p1a: Iron Valiant|Booster Energy
|-activate|p1a: Iron Valiant|ability: Quark Drive|[fromitem]
|-start|p1a: Iron Valiant|quarkdrivespe
|turn|23
|
|t:|1779629210
|move|p1a: Iron Valiant|Close Combat|p2a: Glimmora
|-damage|p2a: Glimmora|0 fnt
|-unboost|p1a: Iron Valiant|def|1
|-unboost|p1a: Iron Valiant|spd|1
|faint|p2a: Glimmora
|
|upkeep
|
|t:|1779629216
|switch|p2a: Serperior|Serperior, F|100/100
|turn|24
|
|t:|1779629222
|move|p1a: Iron Valiant|Swords Dance|p1a: Iron Valiant
|-boost|p1a: Iron Valiant|atk|2
|move|p2a: Serperior|Leaf Storm|p1a: Iron Valiant
|-damage|p1a: Iron Valiant|0 fnt
|-boost|p2a: Serperior|spa|2
|faint|p1a: Iron Valiant
|-end|p1a: Iron Valiant|Quark Drive|[silent]
|
|upkeep
|
|t:|1779629231
|switch|p1a: Iron Moth|Iron Moth|65/100 tox
|-damage|p1a: Iron Moth|40/100 tox|[from] Stealth Rock
|turn|25
|
|t:|1779629239
|move|p2a: Serperior|Protect|p2a: Serperior
|-singleturn|p2a: Serperior|Protect
|move|p1a: Iron Moth|Sludge Wave|p2a: Serperior
|-activate|p2a: Serperior|move: Protect
|
|-damage|p1a: Iron Moth|34/100 tox|[from] psn
|upkeep
|turn|26
|
|t:|1779629246
|move|p2a: Serperior|Leaf Storm|p1a: Iron Moth
|-resisted|p1a: Iron Moth
|-damage|p1a: Iron Moth|10/100 tox
|-boost|p2a: Serperior|spa|2
|move|p1a: Iron Moth|Sludge Wave|p2a: Serperior
|-supereffective|p2a: Serperior
|-damage|p2a: Serperior|0 fnt
|faint|p2a: Serperior
|
|-damage|p1a: Iron Moth|0 fnt|[from] psn
|faint|p1a: Iron Moth
|-end|p1a: Iron Moth|Quark Drive|[silent]
|upkeep
|
|t:|1779629257
|switch|p2a: Hatterene|Hatterene, F|100/100
|switch|p1a: Kingambit|Kingambit, F|100/100
|-damage|p1a: Kingambit|94/100|[from] Stealth Rock
|-activate|p1a: Kingambit|ability: Supreme Overlord
|-start|p1a: Kingambit|fallen5|[silent]
|turn|27
|
|t:|1779629265
|-terastallize|p2a: Hatterene|Grass
|move|p1a: Kingambit|Iron Head|p2a: Hatterene
|-damage|p2a: Hatterene|31/100
|-damage|p1a: Kingambit|78/100|[from] item: Rocky Helmet|[of] p2a: Hatterene
|move|p2a: Hatterene|Mystical Fire|p1a: Kingambit
|-supereffective|p1a: Kingambit
|-damage|p1a: Kingambit|33/100
|-unboost|p1a: Kingambit|spa|1
|
|-heal|p1a: Kingambit|39/100|[from] item: Leftovers
|upkeep
|turn|28
|
|t:|1779629277
|move|p1a: Kingambit|Iron Head|p2a: Hatterene
|-damage|p2a: Hatterene|0 fnt
|-damage|p1a: Kingambit|22/100|[from] item: Rocky Helmet|[of] p2a: Hatterene
|faint|p2a: Hatterene
|
|-heal|p1a: Kingambit|28/100|[from] item: Leftovers
|upkeep
|
|t:|1779629284
|switch|p2a: Malamar|Malamar, F|100/100
|turn|29
|
|t:|1779629292
|move|p1a: Kingambit|Sucker Punch|p2a: Malamar
|-damage|p2a: Malamar|23/100
|move|p2a: Malamar|Superpower|p1a: Kingambit
|-supereffective|p1a: Kingambit
|-crit|p1a: Kingambit
|-damage|p1a: Kingambit|0 fnt
|-boost|p2a: Malamar|atk|1
|-boost|p2a: Malamar|def|1
|faint|p1a: Kingambit
|-end|p1a: Kingambit|fallen5|[silent]
|
|win|Winke Noppen
|raw|demre's rating: 1101 &rarr; <strong>1075</strong><br />(-26 for losing)
|raw|Winke Noppen's rating: 1085 &rarr; <strong>1114</strong><br />(+29 for winning)
|c|☆Winke Noppen|GG
|l|☆Winke Noppen
|player|p2|
|l|☆demre
|player|p1|
