|j|☆AmeTheDame
|j|☆zk1314
|t:|1779599370
|gametype|singles
|player|p1|AmeTheDame|1|1405
|player|p2|zk1314|n|1350
|gen|9
|tier|[Gen 9] OU
|rated|
|rule|HP Percentage Mod: HP is shown in percentages
|rule|Endless Battle Clause: Forcing endless battles is banned
|rule|Species Clause: Limit one of each Pokémon
|rule|OHKO Clause: OHKO moves are banned
|rule|Evasion Items Clause: Evasion items are banned
|rule|Evasion Moves Clause: Evasion moves are banned
|rule|Evasion Abilities Clause: Evasion abilities are banned
|rule|Sleep Moves Clause: Sleep-inducing moves are banned
|clearpoke
|poke|p1|Heatran, F|
|poke|p1|Dragapult, M|
|poke|p1|Ogerpon, F|
|poke|p1|Great Tusk|
|poke|p1|Corviknight, F|
|poke|p1|Clefable, F|
|poke|p2|Armarouge, M|
|poke|p2|Glimmora, M|
|poke|p2|Corviknight, M|
|poke|p2|Iron Valiant|
|poke|p2|Slowking-Galar, F|
|poke|p2|Hawlucha, F|
|teampreview
|inactive|Battle timer is ON: inactive players will automatically lose when time's up. (requested by AmeTheDame)
|
|t:|1779599377
|teamsize|p1|6
|teamsize|p2|6
|start
|switch|p1a: Heatran|Heatran, F|100/100
|switch|p2a: Glimmora|Glimmora, M|100/100
|turn|1
|
|t:|1779599384
|move|p2a: Glimmora|Earth Power|p1a: Heatran
|-supereffective|p1a: Heatran
|-damage|p1a: Heatran|14/100
|-unboost|p1a: Heatran|spd|1
|move|p1a: Heatran|Taunt|p2a: Glimmora
|-start|p2a: Glimmora|move: Taunt
|
|-heal|p1a: Heatran|21/100|[from] item: Leftovers
|upkeep
|turn|2
|
|t:|1779599398
|switch|p1a: Corviknight|Corviknight, F|100/100
|-ability|p1a: Corviknight|Pressure
|move|p2a: Glimmora|Power Gem|p1a: Corviknight
|-damage|p1a: Corviknight|58/100
|
|upkeep
|turn|3
|
|t:|1779599407
|move|p2a: Glimmora|Power Gem|p1a: Corviknight
|-damage|p1a: Corviknight|19/100
|move|p1a: Corviknight|U-turn|p2a: Glimmora
|-resisted|p2a: Glimmora
|-damage|p2a: Glimmora|91/100
|-activate|p2a: Glimmora|ability: Toxic Debris
|-sidestart|p1: AmeTheDame|move: Toxic Spikes
|
|t:|1779599410
|switch|p1a: Great Tusk|Great Tusk|100/100|[from] U-turn
|-status|p1a: Great Tusk|psn
|-enditem|p1a: Great Tusk|Booster Energy
|-activate|p1a: Great Tusk|ability: Protosynthesis|[fromitem]
|-start|p1a: Great Tusk|protosynthesisspe
|
|-damage|p1a: Great Tusk|88/100 psn|[from] psn
|upkeep
|turn|4
|
|t:|1779599423
|switch|p2a: Corviknight|Corviknight, M|100/100
|move|p1a: Great Tusk|Bulk Up|p1a: Great Tusk
|-boost|p1a: Great Tusk|atk|1
|-boost|p1a: Great Tusk|def|1
|
|-damage|p1a: Great Tusk|76/100 psn|[from] psn
|upkeep
|turn|5
|
|t:|1779599436
|move|p1a: Great Tusk|Ice Spinner|p2a: Corviknight
|-damage|p2a: Corviknight|81/100
|-damage|p1a: Great Tusk|59/100 psn|[from] item: Rocky Helmet|[of] p2a: Corviknight
|move|p2a: Corviknight|Tailwind|p2a: Corviknight
|-sidestart|p2: zk1314|move: Tailwind
|
|-damage|p1a: Great Tusk|47/100 psn|[from] psn
|upkeep
|turn|6
|
|t:|1779599445
|-end|p1a: Great Tusk|Protosynthesis|[silent]
|switch|p1a: Corviknight|Corviknight, F|19/100
|-ability|p1a: Corviknight|Pressure
|move|p2a: Corviknight|Roost|p2a: Corviknight
|-heal|p2a: Corviknight|100/100
|-singleturn|p2a: Corviknight|move: Roost
|
|upkeep
|turn|7
|
|t:|1779599454
|switch|p2a: Armarouge|Armarouge, M|100/100
|move|p1a: Corviknight|Roost|p1a: Corviknight
|-heal|p1a: Corviknight|69/100
|-singleturn|p1a: Corviknight|move: Roost
|
|upkeep
|turn|8
|
|t:|1779599462
|switch|p1a: Heatran|Heatran, F|21/100
|move|p2a: Armarouge|Armor Cannon|p1a: Heatran
|-start|p1a: Heatran|ability: Flash Fire
|
|-heal|p1a: Heatran|27/100|[from] item: Leftovers
|-sideend|p2: zk1314|move: Tailwind
|upkeep
|turn|9
|
|t:|1779599476
|switch|p2a: Slowking|Slowking-Galar, F|100/100
|move|p1a: Heatran|Earth Power|p2a: Slowking
|-supereffective|p2a: Slowking
|-damage|p2a: Slowking|70/100
|-unboost|p2a: Slowking|spd|1
|
|-heal|p1a: Heatran|33/100|[from] item: Leftovers
|upkeep
|turn|10
|
|t:|1779599493
|switch|p2a: Hawlucha|Hawlucha, F|100/100
|move|p1a: Heatran|Stealth Rock|p2a: Hawlucha
|-sidestart|p2: zk1314|move: Stealth Rock
|
|-heal|p1a: Heatran|39/100|[from] item: Leftovers
|upkeep
|turn|11
|
|t:|1779599504
|-end|p1a: Heatran|ability: Flash Fire|[silent]
|switch|p1a: Clefable|Clefable, F|100/100
|move|p2a: Hawlucha|Throat Chop|p1a: Clefable
|-resisted|p1a: Clefable
|-damage|p1a: Clefable|88/100
|-start|p1a: Clefable|Throat Chop|[silent]
|
|upkeep
|turn|12
|
|t:|1779599518
|switch|p2a: Glimmora|Glimmora, M|91/100
|-damage|p2a: Glimmora|79/100|[from] Stealth Rock
|move|p1a: Clefable|Thunder Wave|p2a: Glimmora
|-status|p2a: Glimmora|par
|
|-end|p1a: Clefable|Throat Chop|[silent]
|upkeep
|turn|13
|
|t:|1779599531
|-terastallize|p1a: Clefable|Poison
|move|p1a: Clefable|Calm Mind|p1a: Clefable
|-boost|p1a: Clefable|spa|1
|-boost|p1a: Clefable|spd|1
|move|p2a: Glimmora|Power Gem|p1a: Clefable
|-crit|p1a: Clefable
|-damage|p1a: Clefable|44/100
|
|upkeep
|turn|14
|
|t:|1779599540
|move|p1a: Clefable|Moonlight|p1a: Clefable
|-heal|p1a: Clefable|94/100
|move|p2a: Glimmora|Mortal Spin|p1a: Clefable
|-resisted|p1a: Clefable
|-damage|p1a: Clefable|90/100
|-sideend|p2: zk1314|Stealth Rock|[from] move: Mortal Spin|[of] p2a: Glimmora
|
|upkeep
|turn|15
|
|t:|1779599547
|move|p1a: Clefable|Moonblast|p2a: Glimmora
|-resisted|p2a: Glimmora
|-damage|p2a: Glimmora|46/100 par
|-unboost|p2a: Glimmora|spa|1
|move|p2a: Glimmora|Stealth Rock|p1a: Clefable
|-sidestart|p1: AmeTheDame|move: Stealth Rock
|
|upkeep
|turn|16
|
|t:|1779599555
|move|p1a: Clefable|Moonblast|p2a: Glimmora
|-resisted|p2a: Glimmora
|-damage|p2a: Glimmora|15/100 par
|move|p2a: Glimmora|Power Gem|p1a: Clefable
|-damage|p1a: Clefable|72/100
|
|upkeep
|turn|17
|
|t:|1779599566
|move|p1a: Clefable|Moonblast|p2a: Glimmora
|-resisted|p2a: Glimmora
|-damage|p2a: Glimmora|0 fnt
|faint|p2a: Glimmora
|
|upkeep
|
|t:|1779599573
|switch|p2a: Slowking|Slowking-Galar, F|100/100
|turn|18
|
|t:|1779599578
|switch|p1a: Heatran|Heatran, F|39/100
|-damage|p1a: Heatran|27/100|[from] Stealth Rock
|move|p2a: Slowking|Psychic Terrain|p2a: Slowking
|-fieldstart|move: Psychic Terrain
|
|-heal|p1a: Heatran|33/100|[from] item: Leftovers
|upkeep
|turn|19
|
|t:|1779599587
|move|p1a: Heatran|Stealth Rock|p2a: Slowking
|-sidestart|p2: zk1314|move: Stealth Rock
|-prepare|p2a: Slowking|Chilly Reception|[premajor]
|move|p2a: Slowking|Chilly Reception|p2a: Slowking
|-weather|Snowscape
|
|t:|1779599593
|switch|p2a: Hawlucha|Hawlucha, F|100/100|[from] Chilly Reception
|-damage|p2a: Hawlucha|88/100|[from] Stealth Rock
|-enditem|p2a: Hawlucha|Psychic Seed
|-boost|p2a: Hawlucha|spd|1|[from] item: Psychic Seed
|
|-weather|Snowscape|[upkeep]
|-heal|p1a: Heatran|39/100|[from] item: Leftovers
|upkeep
|turn|20
|
|t:|1779599603
|move|p2a: Hawlucha|Swords Dance|p2a: Hawlucha
|-boost|p2a: Hawlucha|atk|2
|move|p1a: Heatran|Magma Storm|p2a: Hawlucha|[miss]
|-miss|p1a: Heatran|p2a: Hawlucha
|
|-weather|Snowscape|[upkeep]
|-heal|p1a: Heatran|46/100|[from] item: Leftovers
|upkeep
|turn|21
|
|t:|1779599613
|switch|p1a: Clefable|Clefable, F, tera:Poison|72/100
|-sideend|p1: AmeTheDame|move: Toxic Spikes|[of] p1a: Clefable
|move|p2a: Hawlucha|Close Combat|p1a: Clefable
|-resisted|p1a: Clefable
|-damage|p1a: Clefable|41/100
|-unboost|p2a: Hawlucha|def|1
|-unboost|p2a: Hawlucha|spd|1
|
|-weather|Snowscape|[upkeep]
|upkeep
|turn|22
|
|t:|1779599623
|move|p2a: Hawlucha|Acrobatics|p1a: Clefable
|-damage|p1a: Clefable|0 fnt
|faint|p1a: Clefable
|
|-weather|Snowscape|[upkeep]
|upkeep
|
|t:|1779599627
|switch|p1a: Corviknight|Corviknight, F|69/100
|-damage|p1a: Corviknight|56/100|[from] Stealth Rock
|-ability|p1a: Corviknight|Pressure
|turn|23
|
|t:|1779599634
|move|p2a: Hawlucha|Close Combat|p1a: Corviknight
|-damage|p1a: Corviknight|0 fnt
|-unboost|p2a: Hawlucha|def|1
|-unboost|p2a: Hawlucha|spd|1
|-damage|p2a: Hawlucha|72/100|[from] item: Rocky Helmet|[of] p1a: Corviknight
|faint|p1a: Corviknight
|
|-weather|none
|upkeep
|
|t:|1779599644
|switch|p1a: Dragapult|Dragapult, M|100/100
|-damage|p1a: Dragapult|88/100|[from] Stealth Rock
|turn|24
|
|t:|1779599651
|move|p2a: Hawlucha|Throat Chop|p1a: Dragapult
|-supereffective|p1a: Dragapult
|-damage|p1a: Dragapult|0 fnt
|faint|p1a: Dragapult
|
|upkeep
|
|t:|1779599654
|switch|p1a: Ogerpon|Ogerpon, F|100/100
|-damage|p1a: Ogerpon|88/100|[from] Stealth Rock
|turn|25
|-message|AmeTheDame forfeited.
|
|win|zk1314
|raw|AmeTheDame's rating: 1405 &rarr; <strong>1382</strong><br />(-23 for losing)
|raw|zk1314's rating: 1350 &rarr; <strong>1373</strong><br />(+23 for winning)
