|j|☆serginsurge
|j|☆Windy189
|t:|1779598206
|gametype|singles
|player|p1|serginsurge|101|1364
|player|p2|Windy189|170|1363
|gen|9
|tier|[Gen 9] OU
|rated|
|rule|HP Percentage Mod: HP is shown in percentages
|rule|Endless Battle Clause: Forcing endless battles is banned
|rule|Species Clause: Limit one of each Pokémon
|rule|OHKO Clause: OHKO moves are banned
|rule|Evasion Items Clause: Evasion items are banned
|rule|Evasion Moves Clause: Evasion moves are banned
|rule|Evasion Abilities Clause: Evasion abilities are banned
|rule|Sleep Moves Clause: Sleep-inducing moves are banned
|clearpoke
|poke|p1|Dragapult, F|
|poke|p1|Rabsca, M|
|poke|p1|Jolteon, F|
|poke|p1|Amoonguss, M|
|poke|p1|Great Tusk|
|poke|p1|Heatran, F|
|poke|p2|Blaziken, M|
|poke|p2|Darkrai|
|poke|p2|Dragonite, M|
|poke|p2|Skeledirge, M|
|poke|p2|Pawmot, F|
|poke|p2|Great Tusk|
|teampreview
|inactive|Battle timer is ON: inactive players will automatically lose when time's up. (requested by Windy189)
|
|t:|1779598212
|teamsize|p1|6
|teamsize|p2|6
|start
|switch|p1a: Heatran|Heatran, F|100/100
|switch|p2a: Darkrai|Darkrai|100/100
|turn|1
|
|t:|1779598222
|move|p2a: Darkrai|Focus Blast|p1a: Heatran
|-supereffective|p1a: Heatran
|-damage|p1a: Heatran|29/100
|move|p1a: Heatran|Magma Storm|p2a: Darkrai
|-damage|p2a: Darkrai|45/100
|-activate|p2a: Darkrai|move: Magma Storm|[of] p1a: Heatran
|
|-heal|p1a: Heatran|35/100|[from] item: Leftovers
|-damage|p2a: Darkrai|33/100|[from] move: Magma Storm|[partiallytrapped]
|upkeep
|turn|2
|
|t:|1779598233
|move|p1a: Heatran|Protect|p1a: Heatran
|-singleturn|p1a: Heatran|Protect
|move|p2a: Darkrai|Dark Pulse|p1a: Heatran
|-activate|p1a: Heatran|move: Protect
|
|-heal|p1a: Heatran|41/100|[from] item: Leftovers
|-damage|p2a: Darkrai|20/100|[from] move: Magma Storm|[partiallytrapped]
|upkeep
|turn|3
|
|t:|1779598256
|switch|p1a: Jolteon|Jolteon, F|100/100
|move|p2a: Darkrai|Dark Pulse|p1a: Jolteon
|-damage|p1a: Jolteon|44/100
|
|-end|p2a: Darkrai|Magma Storm|[partiallytrapped]|[silent]
|upkeep
|turn|4
|
|t:|1779598265
|move|p1a: Jolteon|Thunderbolt|p2a: Darkrai
|-crit|p2a: Darkrai
|-damage|p2a: Darkrai|0 fnt
|faint|p2a: Darkrai
|
|upkeep
|
|t:|1779598270
|switch|p2a: Pawmot|Pawmot, F, shiny|100/100
|turn|5
|
|t:|1779598285
|switch|p1a: Great Tusk|Great Tusk|100/100
|move|p2a: Pawmot|Knock Off|p1a: Great Tusk
|-resisted|p1a: Great Tusk
|-crit|p1a: Great Tusk
|-damage|p1a: Great Tusk|90/100
|-enditem|p1a: Great Tusk|Leftovers|[from] move: Knock Off|[of] p2a: Pawmot
|
|upkeep
|turn|6
|
|t:|1779598300
|switch|p2a: Great Tusk|Great Tusk|100/100
|-enditem|p2a: Great Tusk|Booster Energy
|-activate|p2a: Great Tusk|ability: Protosynthesis|[fromitem]
|-start|p2a: Great Tusk|protosynthesisatk
|move|p1a: Great Tusk|Earthquake|p2a: Great Tusk
|-damage|p2a: Great Tusk|68/100
|
|upkeep
|turn|7
|
|t:|1779598309
|move|p2a: Great Tusk|Rapid Spin|p1a: Great Tusk
|-damage|p1a: Great Tusk|79/100
|-boost|p2a: Great Tusk|spe|1
|move|p1a: Great Tusk|Stealth Rock|p2a: Great Tusk
|-sidestart|p2: Windy189|move: Stealth Rock
|
|upkeep
|turn|8
|
|t:|1779598317
|move|p2a: Great Tusk|Rapid Spin|p1a: Great Tusk
|-damage|p1a: Great Tusk|69/100
|-boost|p2a: Great Tusk|spe|1
|-sideend|p2: Windy189|Stealth Rock|[from] move: Rapid Spin|[of] p2a: Great Tusk
|move|p1a: Great Tusk|Earthquake|p2a: Great Tusk
|-damage|p2a: Great Tusk|39/100
|
|upkeep
|turn|9
|
|t:|1779598325
|move|p2a: Great Tusk|Ice Spinner|p1a: Great Tusk
|-supereffective|p1a: Great Tusk
|-damage|p1a: Great Tusk|38/100
|move|p1a: Great Tusk|Earthquake|p2a: Great Tusk
|-damage|p2a: Great Tusk|4/100
|
|upkeep
|turn|10
|
|t:|1779598338
|move|p2a: Great Tusk|Ice Spinner|p1a: Great Tusk
|-supereffective|p1a: Great Tusk
|-damage|p1a: Great Tusk|6/100
|move|p1a: Great Tusk|Rapid Spin|p2a: Great Tusk
|-damage|p2a: Great Tusk|0 fnt
|-boost|p1a: Great Tusk|spe|1
|faint|p2a: Great Tusk
|-end|p2a: Great Tusk|Protosynthesis|[silent]
|
|upkeep
|
|t:|1779598347
|switch|p2a: Dragonite|Dragonite, M|100/100
|turn|11
|
|t:|1779598352
|move|p2a: Dragonite|Extreme Speed|p1a: Great Tusk
|-damage|p1a: Great Tusk|0 fnt
|faint|p1a: Great Tusk
|-end|p1a: Great Tusk|Protosynthesis|[silent]
|
|upkeep
|
|t:|1779598360
|switch|p1a: Amoonguss|Amoonguss, M, shiny|100/100
|turn|12
|
|t:|1779598372
|switch|p2a: Blaziken|Blaziken, M|100/100
|move|p1a: Amoonguss|Toxic|p2a: Blaziken
|-status|p2a: Blaziken|tox
|
|-damage|p2a: Blaziken|95/100 tox|[from] psn
|upkeep
|turn|13
|
|t:|1779598388
|switch|p1a: Heatran|Heatran, F|41/100
|move|p2a: Blaziken|Swords Dance|p2a: Blaziken
|-boost|p2a: Blaziken|atk|2
|
|-heal|p1a: Heatran|48/100|[from] item: Leftovers
|-damage|p2a: Blaziken|83/100 tox|[from] psn
|-ability|p2a: Blaziken|Speed Boost|boost
|-boost|p2a: Blaziken|spe|1
|upkeep
|turn|14
|
|t:|1779598399
|move|p1a: Heatran|Protect|p1a: Heatran
|-singleturn|p1a: Heatran|Protect
|move|p2a: Blaziken|Close Combat|p1a: Heatran
|-activate|p1a: Heatran|move: Protect
|
|-heal|p1a: Heatran|54/100|[from] item: Leftovers
|-damage|p2a: Blaziken|65/100 tox|[from] psn
|-ability|p2a: Blaziken|Speed Boost|boost
|-boost|p2a: Blaziken|spe|1
|upkeep
|turn|15
|
|t:|1779598421
|switch|p1a: Dragapult|Dragapult, F|100/100
|move|p2a: Blaziken|Close Combat|p1a: Dragapult
|-immune|p1a: Dragapult
|
|-damage|p2a: Blaziken|41/100 tox|[from] psn
|-ability|p2a: Blaziken|Speed Boost|boost
|-boost|p2a: Blaziken|spe|1
|upkeep
|turn|16
|
|t:|1779598434
|switch|p1a: Heatran|Heatran, F|54/100
|move|p2a: Blaziken|Flare Blitz|p1a: Heatran
|-start|p1a: Heatran|ability: Flash Fire
|
|-heal|p1a: Heatran|60/100|[from] item: Leftovers
|-damage|p2a: Blaziken|11/100 tox|[from] psn
|-ability|p2a: Blaziken|Speed Boost|boost
|-boost|p2a: Blaziken|spe|1
|upkeep
|turn|17
|c|☆Windy189|nice
|c|☆Windy189|I know it, but can not do anything
|c|☆serginsurge|Sorry
|
|t:|1779598457
|switch|p2a: Pawmot|Pawmot, F, shiny|100/100
|move|p1a: Heatran|Protect||[still]
|-fail|p1a: Heatran
|
|-heal|p1a: Heatran|66/100|[from] item: Leftovers
|upkeep
|turn|18
|
|t:|1779598469
|-terastallize|p1a: Heatran|Grass
|move|p2a: Pawmot|Close Combat|p1a: Heatran
|-damage|p1a: Heatran|17/100
|-unboost|p2a: Pawmot|def|1
|-unboost|p2a: Pawmot|spd|1
|move|p1a: Heatran|Earth Power|p2a: Pawmot
|-supereffective|p2a: Pawmot
|-enditem|p2a: Pawmot|Focus Sash
|-damage|p2a: Pawmot|1/100
|
|-heal|p1a: Heatran|23/100|[from] item: Leftovers
|upkeep
|turn|19
|
|t:|1779598483
|move|p1a: Heatran|Protect|p1a: Heatran
|-singleturn|p1a: Heatran|Protect
|move|p2a: Pawmot|Knock Off|p1a: Heatran
|-activate|p1a: Heatran|move: Protect
|
|-heal|p1a: Heatran|30/100|[from] item: Leftovers
|upkeep
|turn|20
|
|t:|1779598493
|move|p2a: Pawmot|Knock Off|p1a: Heatran
|-damage|p1a: Heatran|2/100
|-enditem|p1a: Heatran|Leftovers|[from] move: Knock Off|[of] p2a: Pawmot
|move|p1a: Heatran|Earth Power|p2a: Pawmot
|-supereffective|p2a: Pawmot
|-damage|p2a: Pawmot|0 fnt
|faint|p2a: Pawmot
|
|upkeep
|
|t:|1779598502
|switch|p2a: Blaziken|Blaziken, M|11/100 tox
|turn|21
|
|t:|1779598509
|move|p1a: Heatran|Protect|p1a: Heatran
|-singleturn|p1a: Heatran|Protect
|move|p2a: Blaziken|Swords Dance|p2a: Blaziken
|-boost|p2a: Blaziken|atk|2
|
|-damage|p2a: Blaziken|5/100 tox|[from] psn
|-ability|p2a: Blaziken|Speed Boost|boost
|-boost|p2a: Blaziken|spe|1
|upkeep
|turn|22
|
|t:|1779598519
|move|p2a: Blaziken|Close Combat|p1a: Heatran
|-damage|p1a: Heatran|0 fnt
|-unboost|p2a: Blaziken|def|1
|-unboost|p2a: Blaziken|spd|1
|faint|p1a: Heatran
|
|-damage|p2a: Blaziken|0 fnt|[from] psn
|faint|p2a: Blaziken
|upkeep
|
|t:|1779598531
|switch|p1a: Jolteon|Jolteon, F|44/100
|switch|p2a: Dragonite|Dragonite, M|100/100
|turn|23
|
|t:|1779598539
|-terastallize|p2a: Dragonite|Fairy
|move|p1a: Jolteon|Thunderbolt|p2a: Dragonite
|-damage|p2a: Dragonite|81/100
|-status|p2a: Dragonite|par
|move|p2a: Dragonite|Dragon Dance|p2a: Dragonite
|-boost|p2a: Dragonite|atk|1
|-boost|p2a: Dragonite|spe|1
|
|-heal|p2a: Dragonite|87/100 par|[from] item: Leftovers
|upkeep
|turn|24
|
|t:|1779598555
|move|p1a: Jolteon|Volt Switch|p2a: Dragonite
|-damage|p2a: Dragonite|56/100 par
|
|t:|1779598559
|switch|p1a: Amoonguss|Amoonguss, M, shiny|100/100|[from] Volt Switch
|move|p2a: Dragonite|Dragon Dance|p2a: Dragonite
|-boost|p2a: Dragonite|atk|1
|-boost|p2a: Dragonite|spe|1
|
|-heal|p2a: Dragonite|62/100 par|[from] item: Leftovers
|upkeep
|turn|25
|
|t:|1779598568
|move|p2a: Dragonite|Roost|p2a: Dragonite
|-heal|p2a: Dragonite|100/100 par
|move|p1a: Amoonguss|Sludge Bomb|p2a: Dragonite
|-supereffective|p2a: Dragonite
|-damage|p2a: Dragonite|76/100 par
|
|-heal|p2a: Dragonite|83/100 par|[from] item: Leftovers
|upkeep
|turn|26
|
|t:|1779598578
|move|p2a: Dragonite|Extreme Speed|p1a: Amoonguss
|-damage|p1a: Amoonguss|65/100
|move|p1a: Amoonguss|Foul Play|p2a: Dragonite
|-resisted|p2a: Dragonite
|-damage|p2a: Dragonite|58/100 par
|
|-heal|p2a: Dragonite|64/100 par|[from] item: Leftovers
|upkeep
|turn|27
|
|t:|1779598588
|move|p2a: Dragonite|Roost|p2a: Dragonite
|-heal|p2a: Dragonite|100/100 par
|move|p1a: Amoonguss|Foul Play|p2a: Dragonite
|-resisted|p2a: Dragonite
|-damage|p2a: Dragonite|87/100 par
|
|-heal|p2a: Dragonite|94/100 par|[from] item: Leftovers
|upkeep
|turn|28
|
|t:|1779598599
|switch|p1a: Jolteon|Jolteon, F|44/100
|cant|p2a: Dragonite|par
|
|-heal|p2a: Dragonite|99/100 par|[from] item: Leftovers
|upkeep
|turn|29
|
|t:|1779598608
|move|p1a: Jolteon|Volt Switch|p2a: Dragonite
|-damage|p2a: Dragonite|70/100 par
|
|t:|1779598614
|switch|p1a: Amoonguss|Amoonguss, M, shiny|99/100|[from] Volt Switch
|move|p2a: Dragonite|Dragon Dance|p2a: Dragonite
|-boost|p2a: Dragonite|atk|1
|-boost|p2a: Dragonite|spe|1
|
|-heal|p2a: Dragonite|76/100 par|[from] item: Leftovers
|upkeep
|turn|30
|
|t:|1779598623
|move|p2a: Dragonite|Roost|p2a: Dragonite
|-heal|p2a: Dragonite|100/100 par
|move|p1a: Amoonguss|Foul Play|p2a: Dragonite
|-resisted|p2a: Dragonite
|-damage|p2a: Dragonite|83/100 par
|
|-heal|p2a: Dragonite|89/100 par|[from] item: Leftovers
|upkeep
|turn|31
|
|t:|1779598634
|move|p2a: Dragonite|Earthquake|p1a: Amoonguss
|-damage|p1a: Amoonguss|38/100
|move|p1a: Amoonguss|Sludge Bomb|p2a: Dragonite
|-supereffective|p2a: Dragonite
|-damage|p2a: Dragonite|39/100 par
|
|-heal|p2a: Dragonite|46/100 par|[from] item: Leftovers
|upkeep
|turn|32
|
|t:|1779598643
|cant|p2a: Dragonite|par
|move|p1a: Amoonguss|Sludge Bomb|p2a: Dragonite
|-supereffective|p2a: Dragonite
|-damage|p2a: Dragonite|0 fnt
|faint|p2a: Dragonite
|
|upkeep
|
|t:|1779598651
|switch|p2a: Skeledirge|Skeledirge, M|100/100
|turn|33
|
|t:|1779598661
|move|p2a: Skeledirge|Torch Song|p1a: Amoonguss
|-supereffective|p1a: Amoonguss
|-damage|p1a: Amoonguss|0 fnt
|-boost|p2a: Skeledirge|spa|1
|faint|p1a: Amoonguss
|
|upkeep
|
|t:|1779598668
|switch|p1a: Jolteon|Jolteon, F|44/100
|turn|34
|
|t:|1779598672
|move|p1a: Jolteon|Shadow Ball|p2a: Skeledirge
|-supereffective|p2a: Skeledirge
|-damage|p2a: Skeledirge|50/100
|move|p2a: Skeledirge|Torch Song|p1a: Jolteon
|-damage|p1a: Jolteon|0 fnt
|-boost|p2a: Skeledirge|spa|1
|faint|p1a: Jolteon
|
|-heal|p2a: Skeledirge|56/100|[from] item: Leftovers
|upkeep
|
|t:|1779598683
|switch|p1a: Dragapult|Dragapult, F|100/100
|turn|35
|
|t:|1779598689
|move|p1a: Dragapult|Shadow Ball|p2a: Skeledirge
|-supereffective|p2a: Skeledirge
|-damage|p2a: Skeledirge|0 fnt
|faint|p2a: Skeledirge
|
|win|serginsurge
|raw|serginsurge's rating: 1364 &rarr; <strong>1384</strong><br />(+20 for winning)
|raw|Windy189's rating: 1363 &rarr; <strong>1343</strong><br />(-20 for losing)
|c|☆serginsurge|Gg
|l|☆Windy189
|player|p2|
|l|☆serginsurge
|player|p1|
