|j|☆Wonderlandsdoom
|j|☆claudechamp
|t:|1779579317
|gametype|singles
|player|p1|Wonderlandsdoom|policeman-gen4|1294
|player|p2|claudechamp|101|1349
|gen|9
|tier|[Gen 9] OU
|rated|
|rule|HP Percentage Mod: HP is shown in percentages
|rule|Endless Battle Clause: Forcing endless battles is banned
|rule|Species Clause: Limit one of each Pokémon
|rule|OHKO Clause: OHKO moves are banned
|rule|Evasion Items Clause: Evasion items are banned
|rule|Evasion Moves Clause: Evasion moves are banned
|rule|Evasion Abilities Clause: Evasion abilities are banned
|rule|Sleep Moves Clause: Sleep-inducing moves are banned
|clearpoke
|poke|p1|Clodsire, F|
|poke|p1|Heatran, M|
|poke|p1|Tornadus-Therian, M|
|poke|p1|Darkrai|
|poke|p1|Dragonite, F|
|poke|p1|Weezing-Galar, F|
|poke|p2|Corviknight, M|
|poke|p2|Ting-Lu|
|poke|p2|Kyurem|
|poke|p2|Dondozo, F|
|poke|p2|Slowking-Galar, M|
|poke|p2|Cinderace, F|
|teampreview
|inactive|Battle timer is ON: inactive players will automatically lose when time's up. (requested by Wonderlandsdoom)
|c|☆claudechamp|hf
|inactive|claudechamp also wants the timer to be on.
|
|t:|1779579329
|teamsize|p1|6
|teamsize|p2|6
|start
|switch|p1a: Clodsire|Clodsire, F|100/100
|switch|p2a: Cinderace|Cinderace, F|100/100
|turn|1
|
|t:|1779579332
|move|p2a: Cinderace|Pyro Ball|p1a: Clodsire
|-damage|p1a: Clodsire|51/100
|move|p1a: Clodsire|Toxic|p2a: Cinderace
|-status|p2a: Cinderace|tox
|
|-heal|p1a: Clodsire|58/100|[from] item: Leftovers
|-damage|p2a: Cinderace|94/100 tox|[from] psn
|upkeep
|turn|2
|
|t:|1779579339
|-terastallize|p2a: Cinderace|Fire
|move|p1a: Clodsire|Protect|p1a: Clodsire
|-singleturn|p1a: Clodsire|Protect
|move|p2a: Cinderace|Pyro Ball|p1a: Clodsire
|-activate|p1a: Clodsire|move: Protect
|
|-heal|p1a: Clodsire|64/100|[from] item: Leftovers
|-damage|p2a: Cinderace|82/100 tox|[from] psn
|upkeep
|turn|3
|
|t:|1779579346
|switch|p1a: Heatran|Heatran, M|100/100
|move|p2a: Cinderace|Pyro Ball|p1a: Heatran
|-start|p1a: Heatran|ability: Flash Fire
|
|-damage|p2a: Cinderace|64/100 tox|[from] psn
|upkeep
|turn|4
|
|t:|1779579358
|switch|p2a: Kyurem|Kyurem|100/100
|-ability|p2a: Kyurem|Pressure
|move|p1a: Heatran|Flash Cannon|p2a: Kyurem
|-supereffective|p2a: Kyurem
|-damage|p2a: Kyurem|19/100
|
|-heal|p2a: Kyurem|25/100|[from] item: Leftovers
|upkeep
|turn|5
|
|t:|1779579365
|switch|p2a: Ting-Lu|Ting-Lu|100/100
|-ability|p2a: Ting-Lu|Vessel of Ruin
|move|p1a: Heatran|Flash Cannon|p2a: Ting-Lu
|-damage|p2a: Ting-Lu|81/100
|
|-heal|p2a: Ting-Lu|87/100|[from] item: Leftovers
|upkeep
|turn|6
|
|t:|1779579374
|-end|p1a: Heatran|ability: Flash Fire|[silent]
|switch|p1a: Clodsire|Clodsire, F|64/100
|move|p2a: Ting-Lu|Payback|p1a: Clodsire
|-damage|p1a: Clodsire|42/100
|
|-heal|p2a: Ting-Lu|94/100|[from] item: Leftovers
|-heal|p1a: Clodsire|48/100|[from] item: Leftovers
|upkeep
|turn|7
|
|t:|1779579381
|move|p2a: Ting-Lu|Earthquake|p1a: Clodsire
|-supereffective|p1a: Clodsire
|-damage|p1a: Clodsire|0 fnt
|faint|p1a: Clodsire
|
|-heal|p2a: Ting-Lu|99/100|[from] item: Leftovers
|upkeep
|
|t:|1779579386
|switch|p1a: Tornadus|Tornadus-Therian, M|100/100
|turn|8
|
|t:|1779579393
|switch|p2a: Kyurem|Kyurem|25/100
|-ability|p2a: Kyurem|Pressure
|move|p1a: Tornadus|Knock Off|p2a: Kyurem
|-damage|p2a: Kyurem|6/100
|-enditem|p2a: Kyurem|Leftovers|[from] move: Knock Off|[of] p1a: Tornadus
|
|upkeep
|turn|9
|
|t:|1779579401
|switch|p2a: Ting-Lu|Ting-Lu|99/100
|-ability|p2a: Ting-Lu|Vessel of Ruin
|move|p1a: Tornadus|Knock Off|p2a: Ting-Lu
|-resisted|p2a: Ting-Lu
|-damage|p2a: Ting-Lu|94/100
|-enditem|p2a: Ting-Lu|Leftovers|[from] move: Knock Off|[of] p1a: Tornadus
|
|upkeep
|turn|10
|
|t:|1779579409
|move|p1a: Tornadus|Hurricane|p2a: Ting-Lu
|-damage|p2a: Ting-Lu|74/100
|move|p2a: Ting-Lu|Payback|p1a: Tornadus
|-damage|p1a: Tornadus|52/100
|
|upkeep
|turn|11
|
|t:|1779579415
|move|p1a: Tornadus|U-turn|p2a: Ting-Lu
|-supereffective|p2a: Ting-Lu
|-damage|p2a: Ting-Lu|58/100
|
|t:|1779579442
|switch|p1a: Darkrai|Darkrai|100/100|[from] U-turn
|move|p2a: Ting-Lu|Payback|p1a: Darkrai
|-resisted|p1a: Darkrai
|-damage|p1a: Darkrai|89/100
|
|upkeep
|turn|12
|
|t:|1779579449
|move|p1a: Darkrai|Ice Beam|p2a: Ting-Lu
|-supereffective|p2a: Ting-Lu
|-damage|p2a: Ting-Lu|25/100
|-damage|p1a: Darkrai|79/100|[from] item: Life Orb
|move|p2a: Ting-Lu|Payback|p1a: Darkrai
|-resisted|p1a: Darkrai
|-crit|p1a: Darkrai
|-damage|p1a: Darkrai|44/100
|
|upkeep
|turn|13
|
|t:|1779579457
|switch|p2a: Dondozo|Dondozo, F|100/100
|move|p1a: Darkrai|Ice Beam|p2a: Dondozo
|-resisted|p2a: Dondozo
|-damage|p2a: Dondozo|87/100
|-damage|p1a: Darkrai|34/100|[from] item: Life Orb
|
|-heal|p2a: Dondozo|93/100|[from] item: Leftovers
|upkeep
|turn|14
|
|t:|1779579478
|move|p1a: Darkrai|Calm Mind|p1a: Darkrai
|-boost|p1a: Darkrai|spa|1
|-boost|p1a: Darkrai|spd|1
|move|p2a: Dondozo|Waterfall|p1a: Darkrai
|-damage|p1a: Darkrai|0 fnt
|faint|p1a: Darkrai
|
|-heal|p2a: Dondozo|99/100|[from] item: Leftovers
|upkeep
|
|t:|1779579487
|switch|p1a: Tornadus|Tornadus-Therian, M|85/100
|turn|15
|
|t:|1779579497
|move|p1a: Tornadus|Knock Off|p2a: Dondozo
|-damage|p2a: Dondozo|87/100
|-enditem|p2a: Dondozo|Leftovers|[from] move: Knock Off|[of] p1a: Tornadus
|move|p2a: Dondozo|Waterfall|p1a: Tornadus
|-damage|p1a: Tornadus|47/100
|
|upkeep
|turn|16
|
|t:|1779579508
|move|p1a: Tornadus|U-turn|p2a: Dondozo
|-crit|p2a: Dondozo
|-damage|p2a: Dondozo|74/100
|
|t:|1779579517
|switch|p1a: Dragonite|Dragonite, F|100/100|[from] U-turn
|move|p2a: Dondozo|Waterfall|p1a: Dragonite
|-resisted|p1a: Dragonite
|-damage|p1a: Dragonite|93/100
|
|upkeep
|turn|17
|
|t:|1779579527
|move|p1a: Dragonite|Dragon Dance|p1a: Dragonite
|-boost|p1a: Dragonite|atk|1
|-boost|p1a: Dragonite|spe|1
|move|p2a: Dondozo|Curse|p2a: Dondozo
|-unboost|p2a: Dondozo|spe|1
|-boost|p2a: Dondozo|atk|1
|-boost|p2a: Dondozo|def|1
|
|upkeep
|turn|18
|
|t:|1779579547
|move|p1a: Dragonite|Dragon Claw|p2a: Dondozo
|-damage|p2a: Dondozo|55/100
|move|p2a: Dondozo|Waterfall|p1a: Dragonite
|-resisted|p1a: Dragonite
|-damage|p1a: Dragonite|72/100
|
|upkeep
|turn|19
|
|t:|1779579560
|switch|p1a: Weezing|Weezing-Galar, F|100/100
|-ability|p1a: Weezing|Neutralizing Gas
|move|p2a: Dondozo|Curse|p2a: Dondozo
|-unboost|p2a: Dondozo|spe|1
|-boost|p2a: Dondozo|atk|1
|-boost|p2a: Dondozo|def|1
|
|upkeep
|turn|20
|
|t:|1779579570
|move|p1a: Weezing|Spite|p2a: Dondozo
|-activate|p2a: Dondozo|move: Spite|Curse|4
|move|p2a: Dondozo|Rest|p2a: Dondozo
|-status|p2a: Dondozo|slp|[from] move: Rest
|-heal|p2a: Dondozo|100/100 slp|[silent]
|
|upkeep
|turn|21
|
|t:|1779579575
|move|p1a: Weezing|Spite|p2a: Dondozo
|-activate|p2a: Dondozo|move: Spite|Rest|4
|cant|p2a: Dondozo|slp
|
|upkeep
|turn|22
|
|t:|1779579583
|move|p1a: Weezing|Spite|p2a: Dondozo
|-activate|p2a: Dondozo|move: Spite|Rest|3
|cant|p2a: Dondozo|slp
|
|upkeep
|turn|23
|
|t:|1779579602
|move|p1a: Weezing|Strange Steam|p2a: Dondozo
|-damage|p2a: Dondozo|78/100 slp
|-curestatus|p2a: Dondozo|slp|[msg]
|move|p2a: Dondozo|Waterfall|p1a: Weezing
|-damage|p1a: Weezing|56/100
|
|-heal|p1a: Weezing|62/100|[from] item: Leftovers
|upkeep
|turn|24
|
|t:|1779579625
|move|p1a: Weezing|Strange Steam|p2a: Dondozo
|-damage|p2a: Dondozo|54/100
|move|p2a: Dondozo|Waterfall|p1a: Weezing
|-damage|p1a: Weezing|12/100
|
|-heal|p1a: Weezing|18/100|[from] item: Leftovers
|upkeep
|turn|25
|
|t:|1779579632
|move|p1a: Weezing|Strange Steam|p2a: Dondozo
|-damage|p2a: Dondozo|31/100
|move|p2a: Dondozo|Waterfall|p1a: Weezing
|-damage|p1a: Weezing|0 fnt
|faint|p1a: Weezing
|-end|p1a: Weezing|ability: Neutralizing Gas
|
|upkeep
|
|t:|1779579639
|switch|p1a: Dragonite|Dragonite, F|72/100
|turn|26
|
|t:|1779579651
|move|p1a: Dragonite|Roost|p1a: Dragonite
|-heal|p1a: Dragonite|100/100
|-singleturn|p1a: Dragonite|move: Roost
|move|p2a: Dondozo|Waterfall|p1a: Dragonite
|-resisted|p1a: Dragonite
|-damage|p1a: Dragonite|85/100
|
|upkeep
|turn|27
|
|t:|1779579674
|switch|p2a: Slowking|Slowking-Galar, M|100/100
|move|p1a: Dragonite|Dragon Dance|p1a: Dragonite
|-boost|p1a: Dragonite|atk|1
|-boost|p1a: Dragonite|spe|1
|
|upkeep
|turn|28
|
|t:|1779579687
|-terastallize|p1a: Dragonite|Dragon
|move|p1a: Dragonite|Dragon Claw|p2a: Slowking
|-damage|p2a: Slowking|31/100
|move|p2a: Slowking|Ice Beam|p1a: Dragonite
|-supereffective|p1a: Dragonite
|-damage|p1a: Dragonite|33/100
|
|upkeep
|turn|29
|
|t:|1779579698
|switch|p2a: Corviknight|Corviknight, M|100/100
|-ability|p2a: Corviknight|Pressure
|move|p1a: Dragonite|Dragon Claw|p2a: Corviknight
|-resisted|p2a: Corviknight
|-damage|p2a: Corviknight|74/100
|-damage|p1a: Dragonite|17/100|[from] item: Rocky Helmet|[of] p2a: Corviknight
|
|upkeep
|turn|30
|
|t:|1779579709
|switch|p1a: Heatran|Heatran, M|100/100
|move|p2a: Corviknight|U-turn|p1a: Heatran
|-resisted|p1a: Heatran
|-crit|p1a: Heatran
|-damage|p1a: Heatran|96/100
|
|t:|1779579716
|switch|p2a: Ting-Lu|Ting-Lu|25/100|[from] U-turn
|-ability|p2a: Ting-Lu|Vessel of Ruin
|
|upkeep
|turn|31
|
|t:|1779579729
|switch|p1a: Dragonite|Dragonite, F, tera:Dragon|17/100
|move|p2a: Ting-Lu|Rest|p2a: Ting-Lu
|-status|p2a: Ting-Lu|slp|[from] move: Rest
|-heal|p2a: Ting-Lu|100/100 slp|[silent]
|
|upkeep
|turn|32
|
|t:|1779579742
|move|p1a: Dragonite|Roost|p1a: Dragonite
|-heal|p1a: Dragonite|67/100
|cant|p2a: Ting-Lu|slp
|
|upkeep
|turn|33
|
|t:|1779579757
|move|p1a: Dragonite|Dragon Claw|p2a: Ting-Lu
|-damage|p2a: Ting-Lu|64/100 slp
|cant|p2a: Ting-Lu|slp
|
|upkeep
|turn|34
|
|t:|1779579766
|move|p1a: Dragonite|Dragon Dance|p1a: Dragonite
|-boost|p1a: Dragonite|atk|1
|-boost|p1a: Dragonite|spe|1
|-curestatus|p2a: Ting-Lu|slp|[msg]
|move|p2a: Ting-Lu|Payback|p1a: Dragonite
|-damage|p1a: Dragonite|26/100
|
|upkeep
|turn|35
|
|t:|1779579780
|move|p1a: Dragonite|Roost|p1a: Dragonite
|-heal|p1a: Dragonite|76/100
|move|p2a: Ting-Lu|Earthquake|p1a: Dragonite
|-damage|p1a: Dragonite|35/100
|
|upkeep
|turn|36
|
|t:|1779579797
|move|p1a: Dragonite|Roost|p1a: Dragonite
|-heal|p1a: Dragonite|86/100
|move|p2a: Ting-Lu|Payback|p1a: Dragonite
|-damage|p1a: Dragonite|47/100
|
|upkeep
|turn|37
|
|t:|1779579809
|switch|p2a: Slowking|Slowking-Galar, M|65/100
|move|p1a: Dragonite|Dragon Dance|p1a: Dragonite
|-boost|p1a: Dragonite|atk|1
|-boost|p1a: Dragonite|spe|1
|
|upkeep
|turn|38
|
|t:|1779579818
|move|p1a: Dragonite|Dragon Claw|p2a: Slowking
|-damage|p2a: Slowking|0 fnt
|faint|p2a: Slowking
|
|upkeep
|
|t:|1779579827
|switch|p2a: Corviknight|Corviknight, M|74/100
|-ability|p2a: Corviknight|Pressure
|turn|39
|
|t:|1779579834
|move|p1a: Dragonite|Roost|p1a: Dragonite
|-heal|p1a: Dragonite|97/100
|move|p2a: Corviknight|Brave Bird|p1a: Dragonite
|-damage|p1a: Dragonite|57/100
|-damage|p2a: Corviknight|63/100|[from] Recoil
|
|upkeep
|turn|40
|
|t:|1779579842
|move|p1a: Dragonite|Dragon Claw|p2a: Corviknight
|-resisted|p2a: Corviknight
|-damage|p2a: Corviknight|26/100
|-damage|p1a: Dragonite|40/100|[from] item: Rocky Helmet|[of] p2a: Corviknight
|move|p2a: Corviknight|Brave Bird|p1a: Dragonite
|-damage|p1a: Dragonite|1/100
|-damage|p2a: Corviknight|16/100|[from] Recoil
|
|upkeep
|turn|41
|
|t:|1779579849
|move|p1a: Dragonite|Roost|p1a: Dragonite
|-heal|p1a: Dragonite|51/100
|move|p2a: Corviknight|Brave Bird|p1a: Dragonite
|-damage|p1a: Dragonite|8/100
|-damage|p2a: Corviknight|4/100|[from] Recoil
|
|upkeep
|turn|42
|
|t:|1779579857
|move|p1a: Dragonite|Roost|p1a: Dragonite
|-heal|p1a: Dragonite|58/100
|move|p2a: Corviknight|Roost|p2a: Corviknight
|-heal|p2a: Corviknight|54/100
|-singleturn|p2a: Corviknight|move: Roost
|
|upkeep
|turn|43
|
|t:|1779579868
|move|p1a: Dragonite|Dragon Dance|p1a: Dragonite
|-boost|p1a: Dragonite|atk|1
|-boost|p1a: Dragonite|spe|1
|move|p2a: Corviknight|Brave Bird|p1a: Dragonite
|-damage|p1a: Dragonite|14/100
|-damage|p2a: Corviknight|43/100|[from] Recoil
|
|upkeep
|turn|44
|
|t:|1779579878
|move|p1a: Dragonite|Roost|p1a: Dragonite
|-heal|p1a: Dragonite|65/100
|move|p2a: Corviknight|Brave Bird|p1a: Dragonite
|-damage|p1a: Dragonite|23/100
|-damage|p2a: Corviknight|31/100|[from] Recoil
|
|upkeep
|turn|45
|
|t:|1779579888
|switch|p2a: Cinderace|Cinderace, F, tera:Fire|64/100 tox
|move|p1a: Dragonite|Dragon Claw|p2a: Cinderace
|-damage|p2a: Cinderace|0 fnt
|faint|p2a: Cinderace
|
|upkeep
|
|t:|1779579899
|switch|p2a: Ting-Lu|Ting-Lu|64/100
|-ability|p2a: Ting-Lu|Vessel of Ruin
|turn|46
|
|t:|1779579908
|move|p1a: Dragonite|Dragon Claw|p2a: Ting-Lu
|-damage|p2a: Ting-Lu|0 fnt
|faint|p2a: Ting-Lu
|
|upkeep
|
|t:|1779579917
|switch|p2a: Dondozo|Dondozo, F|31/100
|turn|47
|
|t:|1779579927
|move|p1a: Dragonite|Dragon Claw|p2a: Dondozo
|-damage|p2a: Dondozo|0 fnt
|faint|p2a: Dondozo
|
|upkeep
|
|t:|1779579937
|switch|p2a: Corviknight|Corviknight, M|31/100
|-ability|p2a: Corviknight|Pressure
|turn|48
|
|t:|1779579957
|move|p1a: Dragonite|Dragon Claw|p2a: Corviknight
|-resisted|p2a: Corviknight
|-damage|p2a: Corviknight|0 fnt
|-damage|p1a: Dragonite|6/100|[from] item: Rocky Helmet|[of] p2a: Corviknight
|faint|p2a: Corviknight
|
|upkeep
|
|t:|1779579964
|switch|p2a: Kyurem|Kyurem|6/100
|-ability|p2a: Kyurem|Pressure
|turn|49
|
|t:|1779579973
|move|p1a: Dragonite|Dragon Claw|p2a: Kyurem
|-supereffective|p2a: Kyurem
|-damage|p2a: Kyurem|0 fnt
|faint|p2a: Kyurem
|
|win|Wonderlandsdoom
|raw|Wonderlandsdoom's rating: 1294 &rarr; <strong>1320</strong><br />(+26 for winning)
|raw|claudechamp's rating: 1312 &rarr; <strong>1291</strong><br />(-21 for losing)
|c|☆claudechamp|gg
|c|☆Wonderlandsdoom|Gg
|l|☆Wonderlandsdoom
|player|p1|
