|j|‽Nesugosu
|j|☆guti305
|t:|1779558841
|gametype|singles
|player|p1|Nesugosu|pokemonbreeder-gen4|1159
|player|p2|guti305|169|1164
|gen|9
|tier|[Gen 9] OU
|rated|
|rule|HP Percentage Mod: HP is shown in percentages
|rule|Endless Battle Clause: Forcing endless battles is banned
|rule|Species Clause: Limit one of each Pokémon
|rule|OHKO Clause: OHKO moves are banned
|rule|Evasion Items Clause: Evasion items are banned
|rule|Evasion Moves Clause: Evasion moves are banned
|rule|Evasion Abilities Clause: Evasion abilities are banned
|rule|Sleep Moves Clause: Sleep-inducing moves are banned
|clearpoke
|poke|p1|Lokix, F|
|poke|p1|Alomomola, M|
|poke|p1|Hydrapple, F|
|poke|p1|Cryogonal|
|poke|p1|Arbok, M|
|poke|p1|Arcanine-Hisui, F|
|poke|p2|Tyranitar, M|
|poke|p2|Excadrill, F|
|poke|p2|Corviknight, F|
|poke|p2|Rotom-Wash|
|poke|p2|Gholdengo|
|poke|p2|Kingambit, F|
|teampreview
|inactive|Battle timer is ON: inactive players will automatically lose when time's up. (requested by guti305)
|
|t:|1779558848
|teamsize|p1|6
|teamsize|p2|6
|start
|switch|p1a: Lokix|Lokix, F|100/100
|switch|p2a: Tyranitar|Tyranitar, M|100/100
|-weather|Sandstorm|[from] ability: Sand Stream|[of] p2a: Tyranitar
|turn|1
|
|t:|1779558858
|move|p1a: Lokix|U-turn|p2a: Tyranitar
|-supereffective|p2a: Tyranitar
|-damage|p2a: Tyranitar|34/100
|-damage|p1a: Lokix|91/100|[from] item: Life Orb
|
|t:|1779558864
|switch|p1a: Alomomola|Alomomola, M|100/100|[from] U-turn
|move|p2a: Tyranitar|Stone Edge|p1a: Alomomola|[miss]
|-miss|p2a: Tyranitar|p1a: Alomomola
|
|-weather|Sandstorm|[upkeep]
|-damage|p1a: Alomomola|94/100|[from] Sandstorm
|upkeep
|turn|2
|
|t:|1779558874
|switch|p2a: Rotom|Rotom-Wash|100/100
|move|p1a: Alomomola|Scald|p2a: Rotom
|-resisted|p2a: Rotom
|-damage|p2a: Rotom|93/100
|
|-weather|Sandstorm|[upkeep]
|-damage|p2a: Rotom|87/100|[from] Sandstorm
|-damage|p1a: Alomomola|88/100|[from] Sandstorm
|-heal|p2a: Rotom|93/100|[from] item: Leftovers
|upkeep
|turn|3
|
|t:|1779558886
|move|p1a: Alomomola|Protect|p1a: Alomomola
|-singleturn|p1a: Alomomola|Protect
|move|p2a: Rotom|Will-O-Wisp|p1a: Alomomola
|-activate|p1a: Alomomola|move: Protect
|
|-weather|Sandstorm|[upkeep]
|-damage|p2a: Rotom|87/100|[from] Sandstorm
|-damage|p1a: Alomomola|82/100|[from] Sandstorm
|-heal|p2a: Rotom|93/100|[from] item: Leftovers
|upkeep
|turn|4
|
|t:|1779558897
|move|p2a: Rotom|Will-O-Wisp|p1a: Alomomola
|-status|p1a: Alomomola|brn
|move|p1a: Alomomola|Flip Turn|p2a: Rotom
|-resisted|p2a: Rotom
|-damage|p2a: Rotom|90/100
|
|t:|1779558904
|switch|p1a: Cryogonal|Cryogonal|100/100|[from] Flip Turn
|
|-weather|Sandstorm|[upkeep]
|-damage|p1a: Cryogonal|95/100|[from] Sandstorm
|-damage|p2a: Rotom|84/100|[from] Sandstorm
|-heal|p2a: Rotom|90/100|[from] item: Leftovers
|upkeep
|turn|5
|
|t:|1779558914
|move|p1a: Cryogonal|Freeze-Dry|p2a: Rotom
|-supereffective|p2a: Rotom
|-damage|p2a: Rotom|25/100
|-status|p2a: Rotom|frz
|cant|p2a: Rotom|frz
|
|-weather|Sandstorm|[upkeep]
|-damage|p1a: Cryogonal|89/100|[from] Sandstorm
|-damage|p2a: Rotom|19/100 frz|[from] Sandstorm
|-heal|p2a: Rotom|25/100 frz|[from] item: Leftovers
|upkeep
|turn|6
|inactive|Nesugosu has 120 seconds left.
|
|t:|1779558945
|switch|p2a: Excadrill|Excadrill, F|100/100
|move|p1a: Cryogonal|Freeze-Dry|p2a: Excadrill
|-damage|p2a: Excadrill|64/100
|-status|p2a: Excadrill|frz
|
|-weather|Sandstorm|[upkeep]
|-damage|p1a: Cryogonal|83/100|[from] Sandstorm
|upkeep
|turn|7
|inactive|Nesugosu has 120 seconds left.
|
|t:|1779558969
|cant|p2a: Excadrill|frz
|move|p1a: Cryogonal|Ice Beam|p2a: Excadrill
|-damage|p2a: Excadrill|16/100 frz
|
|-weather|Sandstorm|[upkeep]
|-damage|p1a: Cryogonal|77/100|[from] Sandstorm
|upkeep
|turn|8
|
|t:|1779558977
|cant|p2a: Excadrill|frz
|move|p1a: Cryogonal|Ice Beam|p2a: Excadrill
|-damage|p2a: Excadrill|0 fnt
|faint|p2a: Excadrill
|
|-weather|none
|upkeep
|
|t:|1779558985
|switch|p2a: Kingambit|Kingambit, F|100/100
|-activate|p2a: Kingambit|ability: Supreme Overlord
|-start|p2a: Kingambit|fallen1|[silent]
|turn|9
|
|t:|1779558994
|switch|p1a: Alomomola|Alomomola, M|100/100 brn
|move|p2a: Kingambit|Iron Head|p1a: Alomomola
|-resisted|p1a: Alomomola
|-damage|p1a: Alomomola|87/100 brn
|
|-damage|p1a: Alomomola|81/100 brn|[from] brn
|upkeep
|turn|10
|
|t:|1779559004
|move|p2a: Kingambit|Kowtow Cleave|p1a: Alomomola
|-damage|p1a: Alomomola|49/100 brn
|move|p1a: Alomomola|Scald|p2a: Kingambit
|-damage|p2a: Kingambit|87/100
|
|-damage|p1a: Alomomola|42/100 brn|[from] brn
|upkeep
|turn|11
|
|t:|1779559014
|move|p2a: Kingambit|Kowtow Cleave|p1a: Alomomola
|-damage|p1a: Alomomola|8/100 brn
|move|p1a: Alomomola|Flip Turn|p2a: Kingambit
|-damage|p2a: Kingambit|81/100
|
|t:|1779559021
|switch|p1a: Arbok|Arbok, M|100/100|[from] Flip Turn
|-ability|p1a: Arbok|Intimidate|boost
|-unboost|p2a: Kingambit|atk|1
|
|upkeep
|turn|12
|
|t:|1779559031
|move|p2a: Kingambit|Sucker Punch||[still]
|-fail|p2a: Kingambit
|move|p1a: Arbok|Coil|p1a: Arbok
|-boost|p1a: Arbok|atk|1
|-boost|p1a: Arbok|def|1
|-boost|p1a: Arbok|accuracy|1
|
|upkeep
|turn|13
|
|t:|1779559038
|move|p1a: Arbok|Coil|p1a: Arbok
|-boost|p1a: Arbok|atk|1
|-boost|p1a: Arbok|def|1
|-boost|p1a: Arbok|accuracy|1
|move|p2a: Kingambit|Kowtow Cleave|p1a: Arbok
|-damage|p1a: Arbok|63/100
|
|upkeep
|turn|14
|
|t:|1779559046
|move|p1a: Arbok|Earthquake|p2a: Kingambit
|-supereffective|p2a: Kingambit
|-damage|p2a: Kingambit|6/100
|move|p2a: Kingambit|Kowtow Cleave|p1a: Arbok
|-damage|p1a: Arbok|31/100
|-enditem|p1a: Arbok|Sitrus Berry|[eat]
|-heal|p1a: Arbok|56/100|[from] item: Sitrus Berry
|
|upkeep
|turn|15
|
|t:|1779559055
|move|p2a: Kingambit|Sucker Punch|p1a: Arbok
|-damage|p1a: Arbok|28/100
|move|p1a: Arbok|Scale Shot|p2a: Kingambit
|-resisted|p2a: Kingambit
|-damage|p2a: Kingambit|1/100
|-resisted|p2a: Kingambit
|-damage|p2a: Kingambit|0 fnt
|faint|p2a: Kingambit
|-end|p2a: Kingambit|fallen1|[silent]
|-hitcount|p2: Kingambit|2
|-unboost|p1a: Arbok|def|1
|-boost|p1a: Arbok|spe|1
|
|upkeep
|
|t:|1779559069
|switch|p2a: Tyranitar|Tyranitar, M|34/100
|-weather|Sandstorm|[from] ability: Sand Stream|[of] p2a: Tyranitar
|turn|16
|
|t:|1779559074
|-terastallize|p2a: Tyranitar|Ground
|move|p1a: Arbok|Earthquake|p2a: Tyranitar
|-damage|p2a: Tyranitar|0 fnt
|faint|p2a: Tyranitar
|
|-weather|Sandstorm|[upkeep]
|-damage|p1a: Arbok|22/100|[from] Sandstorm
|upkeep
|
|t:|1779559084
|switch|p2a: Corviknight|Corviknight, F|100/100
|-ability|p2a: Corviknight|Pressure
|turn|17
|
|t:|1779559096
|move|p1a: Arbok|Scale Shot|p2a: Corviknight
|-resisted|p2a: Corviknight
|-damage|p2a: Corviknight|95/100
|-resisted|p2a: Corviknight
|-damage|p2a: Corviknight|89/100
|-hitcount|p2a: Corviknight|2
|-unboost|p1a: Arbok|def|1
|-boost|p1a: Arbok|spe|1
|move|p2a: Corviknight|Drill Peck|p1a: Arbok
|-damage|p1a: Arbok|0 fnt
|faint|p1a: Arbok
|
|-weather|Sandstorm|[upkeep]
|-heal|p2a: Corviknight|95/100|[from] item: Leftovers
|upkeep
|
|t:|1779559114
|switch|p1a: Alomomola|Alomomola, M|42/100 brn
|turn|18
|
|t:|1779559118
|move|p2a: Corviknight|Bulk Up|p2a: Corviknight
|-boost|p2a: Corviknight|atk|1
|-boost|p2a: Corviknight|def|1
|move|p1a: Alomomola|Wish|p1a: Alomomola
|
|-weather|Sandstorm|[upkeep]
|-damage|p1a: Alomomola|35/100 brn|[from] Sandstorm
|-heal|p2a: Corviknight|100/100|[from] item: Leftovers
|-damage|p1a: Alomomola|29/100 brn|[from] brn
|upkeep
|turn|19
|
|t:|1779559129
|move|p2a: Corviknight|Drill Peck|p1a: Alomomola
|-damage|p1a: Alomomola|9/100 brn
|move|p1a: Alomomola|Flip Turn|p2a: Corviknight
|-damage|p2a: Corviknight|96/100
|
|t:|1779559134
|switch|p1a: Arcanine|Arcanine-Hisui, F|100/100|[from] Flip Turn
|
|-weather|Sandstorm|[upkeep]
|-heal|p2a: Corviknight|100/100|[from] item: Leftovers
|upkeep
|turn|20
|
|t:|1779559147
|-terastallize|p1a: Arcanine|Fire
|move|p1a: Arcanine|Head Smash|p2a: Corviknight
|-damage|p2a: Corviknight|59/100
|move|p2a: Corviknight|Iron Head|p1a: Arcanine
|-resisted|p1a: Arcanine
|-damage|p1a: Arcanine|78/100
|
|-weather|Sandstorm|[upkeep]
|-damage|p1a: Arcanine|71/100|[from] Sandstorm
|-heal|p2a: Corviknight|65/100|[from] item: Leftovers
|upkeep
|turn|21
|
|t:|1779559162
|switch|p2a: Rotom|Rotom-Wash|25/100 frz
|move|p1a: Arcanine|Head Smash|p2a: Rotom|[miss]
|-miss|p1a: Arcanine|p2a: Rotom
|
|-weather|Sandstorm|[upkeep]
|-damage|p1a: Arcanine|65/100|[from] Sandstorm
|-damage|p2a: Rotom|19/100 frz|[from] Sandstorm
|-heal|p2a: Rotom|25/100 frz|[from] item: Leftovers
|upkeep
|turn|22
|
|t:|1779559172
|move|p1a: Arcanine|Flare Blitz|p2a: Rotom
|-resisted|p2a: Rotom
|-damage|p2a: Rotom|0 fnt
|faint|p2a: Rotom
|
|-weather|Sandstorm|[upkeep]
|-damage|p1a: Arcanine|59/100|[from] Sandstorm
|upkeep
|
|t:|1779559183
|switch|p2a: Gholdengo|Gholdengo|100/100
|-item|p2a: Gholdengo|Air Balloon
|turn|23
|
|t:|1779559194
|switch|p1a: Hydrapple|Hydrapple, F|100/100
|move|p2a: Gholdengo|Shadow Ball|p1a: Hydrapple
|-damage|p1a: Hydrapple|61/100
|
|-weather|none
|upkeep
|turn|24
|
|t:|1779559207
|move|p2a: Gholdengo|Nasty Plot|p2a: Gholdengo
|-boost|p2a: Gholdengo|spa|2
|move|p1a: Hydrapple|Draco Meteor|p2a: Gholdengo
|-resisted|p2a: Gholdengo
|-damage|p2a: Gholdengo|57/100
|-unboost|p1a: Hydrapple|spa|2
|-enditem|p2a: Gholdengo|Air Balloon
|-enditem|p1a: Hydrapple|Eject Pack
|
|t:|1779559215
|switch|p1a: Lokix|Lokix, F|91/100
|
|upkeep
|turn|25
|
|t:|1779559221
|move|p1a: Lokix|Sucker Punch|p2a: Gholdengo
|-supereffective|p2a: Gholdengo
|-damage|p2a: Gholdengo|0 fnt
|faint|p2a: Gholdengo
|-damage|p1a: Lokix|81/100|[from] item: Life Orb
|
|upkeep
|
|t:|1779559227
|switch|p2a: Corviknight|Corviknight, F|65/100
|-ability|p2a: Corviknight|Pressure
|turn|26
|
|t:|1779559232
|move|p1a: Lokix|U-turn|p2a: Corviknight
|-resisted|p2a: Corviknight
|-damage|p2a: Corviknight|48/100
|-damage|p1a: Lokix|71/100|[from] item: Life Orb
|
|t:|1779559237
|switch|p1a: Arcanine|Arcanine-Hisui, F, tera:Fire|59/100|[from] U-turn
|move|p2a: Corviknight|Drill Peck|p1a: Arcanine
|-damage|p1a: Arcanine|31/100
|
|-heal|p2a: Corviknight|54/100|[from] item: Leftovers
|upkeep
|turn|27
|
|t:|1779559246
|move|p1a: Arcanine|Flare Blitz|p2a: Corviknight
|-supereffective|p2a: Corviknight
|-damage|p2a: Corviknight|0 fnt
|faint|p2a: Corviknight
|
|win|Nesugosu
|raw|Nesugosu's rating: 1159 &rarr; <strong>1184</strong><br />(+25 for winning)
|raw|guti305's rating: 1164 &rarr; <strong>1139</strong><br />(-25 for losing)
|l|☆guti305
|player|p2|
|l|‽Nesugosu
|player|p1|
