|inactive|Battle timer is ON: inactive players will automatically lose when time's up.
|t:|1779570571
|gametype|singles
|player|p1|bohrier|benga|
|player|p2|benjaboynl|#wcop2026netherlands2|
|gen|9
|tier|[Gen 9] OU
|rule|HP Percentage Mod: HP is shown in percentages
|rule|Endless Battle Clause: Forcing endless battles is banned
|rule|Species Clause: Limit one of each Pokémon
|rule|OHKO Clause: OHKO moves are banned
|rule|Evasion Items Clause: Evasion items are banned
|rule|Evasion Moves Clause: Evasion moves are banned
|rule|Evasion Abilities Clause: Evasion abilities are banned
|rule|Sleep Moves Clause: Sleep-inducing moves are banned
|clearpoke
|poke|p1|Deoxys-Speed|
|poke|p1|Dragonite, F|
|poke|p1|Great Tusk|
|poke|p1|Iron Moth|
|poke|p1|Kingambit, F|
|poke|p1|Primarina, F|
|poke|p2|Garganacl, M|
|poke|p2|Hatterene, F|
|poke|p2|Iron Treads|
|poke|p2|Kyurem|
|poke|p2|Tornadus-Therian, M|
|poke|p2|Zamazenta-*|
|teampreview
|c|☆benjaboynl|glhf
|inactive|bohrier has 270 seconds left.
|
|t:|1779570604
|teamsize|p1|6
|teamsize|p2|6
|start
|switch|p1a: Primarina|Primarina, F|100/100
|switch|p2a: Hatterene|Hatterene, F|100/100
|turn|1
|
|t:|1779570610
|move|p1a: Primarina|Moonblast|p2a: Hatterene
|-damage|p2a: Hatterene|41/100
|-unboost|p2a: Hatterene|spa|1
|move|p2a: Hatterene|Nuzzle|p1a: Primarina
|-supereffective|p1a: Primarina
|-damage|p1a: Primarina|91/100
|-status|p1a: Primarina|par
|
|upkeep
|turn|2
|
|t:|1779570620
|move|p2a: Hatterene|Pain Split|p1a: Primarina
|-sethp|p1a: Primarina|64/100 par|[from] move: Pain Split|[silent]
|-sethp|p2a: Hatterene|70/100|[from] move: Pain Split
|move|p1a: Primarina|Moonblast|p2a: Hatterene
|-damage|p2a: Hatterene|10/100
|
|upkeep
|turn|3
|
|t:|1779570634
|move|p2a: Hatterene|Pain Split|p1a: Primarina
|-sethp|p1a: Primarina|37/100 par|[from] move: Pain Split|[silent]
|-sethp|p2a: Hatterene|40/100|[from] move: Pain Split
|move|p1a: Primarina|Moonblast|p2a: Hatterene
|-damage|p2a: Hatterene|0 fnt
|faint|p2a: Hatterene
|
|upkeep
|
|t:|1779570647
|switch|p2a: Kyurem|Kyurem|100/100
|-ability|p2a: Kyurem|Pressure
|turn|4
|
|t:|1779570656
|move|p2a: Kyurem|Freeze-Dry|p1a: Primarina
|-supereffective|p1a: Primarina
|-damage|p1a: Primarina|0 fnt
|faint|p1a: Primarina
|
|upkeep
|
|t:|1779570662
|switch|p1a: Deoxys|Deoxys-Speed|100/100
|-ability|p1a: Deoxys|Pressure
|turn|5
|
|t:|1779570668
|switch|p2a: Tornadus|Tornadus-Therian, M|100/100
|move|p1a: Deoxys|Nasty Plot|p1a: Deoxys
|-boost|p1a: Deoxys|spa|2
|
|upkeep
|turn|6
|
|t:|1779570677
|move|p1a: Deoxys|Psycho Boost|p2a: Tornadus
|-damage|p2a: Tornadus|0 fnt
|-unboost|p1a: Deoxys|spa|2
|faint|p2a: Tornadus
|-damage|p1a: Deoxys|91/100|[from] item: Life Orb
|
|upkeep
|
|t:|1779570690
|switch|p2a: Kyurem|Kyurem|100/100
|-ability|p2a: Kyurem|Pressure
|turn|7
|
|t:|1779570695
|-terastallize|p1a: Deoxys|Fighting
|move|p1a: Deoxys|Focus Blast|p2a: Kyurem
|-supereffective|p2a: Kyurem
|-damage|p2a: Kyurem|13/100
|-damage|p1a: Deoxys|81/100|[from] item: Life Orb
|move|p2a: Kyurem|Ice Beam|p1a: Deoxys
|-damage|p1a: Deoxys|9/100
|
|upkeep
|turn|8
|
|t:|1779570703
|move|p1a: Deoxys|Shadow Ball|p2a: Kyurem
|-damage|p2a: Kyurem|0 fnt
|faint|p2a: Kyurem
|-damage|p1a: Deoxys|0 fnt|[from] item: Life Orb
|faint|p1a: Deoxys
|
|upkeep
|
|t:|1779570713
|switch|p1a: Great Tusk|Great Tusk|100/100
|switch|p2a: Iron Treads|Iron Treads|100/100
|-enditem|p1a: Great Tusk|Booster Energy
|-activate|p1a: Great Tusk|ability: Protosynthesis|[fromitem]
|-start|p1a: Great Tusk|protosynthesisatk
|turn|9
|
|t:|1779570716
|-end|p2a: Iron Treads|Quark Drive|[silent]
|switch|p2a: Zamazenta|Zamazenta|100/100
|-ability|p2a: Zamazenta|Dauntless Shield|boost
|-boost|p2a: Zamazenta|def|1
|move|p1a: Great Tusk|Stealth Rock|p2a: Zamazenta
|-sidestart|p2: benjaboynl|move: Stealth Rock
|
|upkeep
|turn|10
|
|t:|1779570725
|move|p2a: Zamazenta|Body Press|p1a: Great Tusk
|-damage|p1a: Great Tusk|58/100
|move|p1a: Great Tusk|Headlong Rush|p2a: Zamazenta
|-damage|p2a: Zamazenta|55/100
|-unboost|p1a: Great Tusk|def|1
|-unboost|p1a: Great Tusk|spd|1
|
|-heal|p2a: Zamazenta|61/100|[from] item: Leftovers
|upkeep
|turn|11
|
|t:|1779570732
|move|p2a: Zamazenta|Body Press|p1a: Great Tusk
|-damage|p1a: Great Tusk|0 fnt
|faint|p1a: Great Tusk
|-end|p1a: Great Tusk|Protosynthesis|[silent]
|
|-heal|p2a: Zamazenta|67/100|[from] item: Leftovers
|upkeep
|
|t:|1779570735
|switch|p1a: Dragonite|Dragonite, F|100/100
|turn|12
|
|t:|1779570740
|move|p2a: Zamazenta|Iron Defense|p2a: Zamazenta
|-boost|p2a: Zamazenta|def|2
|move|p1a: Dragonite|Dragon Dance|p1a: Dragonite
|-boost|p1a: Dragonite|atk|1
|-boost|p1a: Dragonite|spe|1
|
|-heal|p2a: Zamazenta|73/100|[from] item: Leftovers
|upkeep
|turn|13
|
|t:|1779570744
|switch|p1a: Iron Moth|Iron Moth|100/100
|-enditem|p1a: Iron Moth|Booster Energy
|-activate|p1a: Iron Moth|ability: Quark Drive|[fromitem]
|-start|p1a: Iron Moth|quarkdrivespe
|move|p2a: Zamazenta|Body Press|p1a: Iron Moth
|-resisted|p1a: Iron Moth
|-damage|p1a: Iron Moth|34/100
|
|-heal|p2a: Zamazenta|79/100|[from] item: Leftovers
|upkeep
|turn|14
|
|t:|1779570761
|move|p1a: Iron Moth|Sludge Wave|p2a: Zamazenta
|-damage|p2a: Zamazenta|34/100
|move|p2a: Zamazenta|Body Press|p1a: Iron Moth
|-resisted|p1a: Iron Moth
|-damage|p1a: Iron Moth|0 fnt
|faint|p1a: Iron Moth
|-end|p1a: Iron Moth|Quark Drive|[silent]
|
|-heal|p2a: Zamazenta|40/100|[from] item: Leftovers
|upkeep
|
|t:|1779570773
|switch|p1a: Dragonite|Dragonite, F|100/100
|turn|15
|
|t:|1779570778
|move|p2a: Zamazenta|Body Press|p1a: Dragonite
|-resisted|p1a: Dragonite
|-damage|p1a: Dragonite|80/100
|move|p1a: Dragonite|Earthquake|p2a: Zamazenta
|-damage|p2a: Zamazenta|28/100
|
|-heal|p2a: Zamazenta|34/100|[from] item: Leftovers
|upkeep
|turn|16
|-message|bohrier forfeited.
|
|win|benjaboynl
