|j|☆me destroy you 15
|j|☆stoopley
|t:|1779628198
|gametype|singles
|player|p1|me destroy you 15|flint|1095
|player|p2|stoopley|lucas|1132
|gen|9
|tier|[Gen 9] OU
|rated|
|rule|HP Percentage Mod: HP is shown in percentages
|rule|Endless Battle Clause: Forcing endless battles is banned
|rule|Species Clause: Limit one of each Pokémon
|rule|OHKO Clause: OHKO moves are banned
|rule|Evasion Items Clause: Evasion items are banned
|rule|Evasion Moves Clause: Evasion moves are banned
|rule|Evasion Abilities Clause: Evasion abilities are banned
|rule|Sleep Moves Clause: Sleep-inducing moves are banned
|clearpoke
|poke|p1|Blastoise, M|
|poke|p1|Charizard, M|
|poke|p1|Vileplume, F|
|poke|p1|Forretress, M|
|poke|p1|Gengar, F|
|poke|p1|Electivire, M|
|poke|p2|Dugtrio, F|
|poke|p2|Gothitelle, F|
|poke|p2|Cloyster, F|
|poke|p2|Mienshao, M|
|poke|p2|Staraptor, M|
|poke|p2|Vileplume, F|
|teampreview
|inactive|Battle timer is ON: inactive players will automatically lose when time's up. (requested by stoopley)
|
|t:|1779628214
|teamsize|p1|6
|teamsize|p2|6
|start
|switch|p1a: Electivire|Electivire, M|100/100
|switch|p2a: The Cloy|Cloyster, F, shiny|100/100
|turn|1
|
|t:|1779628220
|move|p1a: Electivire|Wild Charge|p2a: The Cloy
|-supereffective|p2a: The Cloy
|-damage|p2a: The Cloy|7/100
|-damage|p1a: Electivire|81/100|[from] Recoil
|-damage|p1a: Electivire|71/100|[from] item: Life Orb
|move|p2a: The Cloy|Shell Smash|p2a: The Cloy
|-unboost|p2a: The Cloy|def|1
|-unboost|p2a: The Cloy|spd|1
|-boost|p2a: The Cloy|atk|2
|-boost|p2a: The Cloy|spa|2
|-boost|p2a: The Cloy|spe|2
|
|upkeep
|turn|2
|
|t:|1779628232
|switch|p1a: Forretress|Forretress, M|100/100
|move|p2a: The Cloy|Icicle Spear|p1a: Forretress
|-resisted|p1a: Forretress
|-damage|p1a: Forretress|92/100
|-resisted|p1a: Forretress
|-damage|p1a: Forretress|84/100
|-resisted|p1a: Forretress
|-damage|p1a: Forretress|77/100
|-resisted|p1a: Forretress
|-damage|p1a: Forretress|69/100
|-resisted|p1a: Forretress
|-damage|p1a: Forretress|61/100
|-hitcount|p1a: Forretress|5
|
|-heal|p1a: Forretress|67/100|[from] item: Leftovers
|upkeep
|turn|3
|
|t:|1779628246
|move|p2a: The Cloy|Waterfall|p1a: Forretress
|-damage|p1a: Forretress|16/100
|move|p1a: Forretress|Lunge|p2a: The Cloy
|-damage|p2a: The Cloy|0 fnt
|faint|p2a: The Cloy
|
|-heal|p1a: Forretress|22/100|[from] item: Leftovers
|upkeep
|
|t:|1779628259
|switch|p2a: Slapsalot|Mienshao, M, shiny|100/100
|turn|4
|
|t:|1779628263
|move|p2a: Slapsalot|Knock Off|p1a: Forretress
|-damage|p1a: Forretress|0 fnt
|-enditem|p1a: Forretress|Leftovers|[from] move: Knock Off|[of] p2a: Slapsalot
|faint|p1a: Forretress
|-damage|p2a: Slapsalot|91/100|[from] item: Life Orb
|
|upkeep
|
|t:|1779628270
|switch|p1a: Gengar|Gengar, F|100/100
|turn|5
|
|t:|1779628275
|switch|p2a: Bird up|Staraptor, M, shiny|100/100
|move|p1a: Gengar|Psychic|p2a: Bird up
|-damage|p2a: Bird up|46/100
|
|upkeep
|turn|6
|
|t:|1779628282
|move|p2a: Bird up|Brave Bird|p1a: Gengar
|-enditem|p1a: Gengar|Focus Sash
|-damage|p1a: Gengar|1/100
|-damage|p2a: Bird up|18/100|[from] Recoil
|move|p1a: Gengar|Thunderbolt|p2a: Bird up
|-supereffective|p2a: Bird up
|-damage|p2a: Bird up|0 fnt
|faint|p2a: Bird up
|
|upkeep
|
|t:|1779628292
|switch|p2a: Slapsalot|Mienshao, M, shiny|100/100
|turn|7
|
|t:|1779628295
|switch|p1a: Vileplume|Vileplume, F|100/100
|move|p2a: Slapsalot|U-turn|p1a: Vileplume
|-damage|p1a: Vileplume|74/100
|-damage|p2a: Slapsalot|91/100|[from] item: Life Orb
|
|t:|1779628305
|switch|p2a: Goth girl|Gothitelle, F, shiny|100/100|[from] U-turn
|-item|p1a: Vileplume|Leftovers|[from] ability: Frisk|[of] p2a: Goth girl
|
|-heal|p1a: Vileplume|80/100|[from] item: Leftovers
|upkeep
|turn|8
|
|t:|1779628323
|move|p2a: Goth girl|Fake Out|p1a: Vileplume
|-damage|p1a: Vileplume|74/100
|-status|p2a: Goth girl|psn|[from] ability: Effect Spore|[of] p1a: Vileplume
|cant|p1a: Vileplume|flinch
|
|-heal|p1a: Vileplume|80/100|[from] item: Leftovers
|-damage|p2a: Goth girl|88/100 psn|[from] psn
|upkeep
|turn|9
|
|t:|1779628333
|switch|p1a: Electivire|Electivire, M|71/100
|move|p2a: Goth girl|Psychic|p1a: Electivire
|-damage|p1a: Electivire|19/100
|
|-heal|p2a: Goth girl|94/100 psn|[from] item: Leftovers
|-damage|p2a: Goth girl|82/100 psn|[from] psn
|upkeep
|turn|10
|
|t:|1779628342
|move|p1a: Electivire|Ice Punch|p2a: Goth girl
|-damage|p2a: Goth girl|47/100 psn
|-damage|p1a: Electivire|9/100|[from] item: Life Orb
|move|p2a: Goth girl|Psychic|p1a: Electivire
|-damage|p1a: Electivire|0 fnt
|faint|p1a: Electivire
|
|-heal|p2a: Goth girl|53/100 psn|[from] item: Leftovers
|-damage|p2a: Goth girl|40/100 psn|[from] psn
|upkeep
|
|t:|1779628354
|switch|p1a: Charizard|Charizard, M|100/100
|turn|11
|
|t:|1779628361
|move|p1a: Charizard|Fire Blast|p2a: Goth girl
|-damage|p2a: Goth girl|0 fnt
|faint|p2a: Goth girl
|
|upkeep
|
|t:|1779628368
|switch|p2a: Bob|Dugtrio, F, shiny|100/100
|turn|12
|
|t:|1779628372
|move|p2a: Bob|Rock Slide|p1a: Charizard
|-supereffective|p1a: Charizard
|-damage|p1a: Charizard|0 fnt
|faint|p1a: Charizard
|
|upkeep
|
|t:|1779628378
|switch|p1a: Gengar|Gengar, F|1/100
|turn|13
|
|t:|1779628382
|move|p2a: Bob|Rock Slide|p1a: Gengar
|-crit|p1a: Gengar
|-damage|p1a: Gengar|0 fnt
|faint|p1a: Gengar
|
|upkeep
|
|t:|1779628388
|switch|p1a: Vileplume|Vileplume, F|80/100
|turn|14
|c|☆stoopley|What an impactful crit
|c|☆stoopley|Ty bob
|
|t:|1779628400
|switch|p2a: Flower power|Vileplume, F, shiny|100/100
|move|p1a: Vileplume|Giga Drain|p2a: Flower power
|-resisted|p2a: Flower power
|-damage|p2a: Flower power|95/100
|-heal|p1a: Vileplume|83/100|[from] drain|[of] p2a: Flower power
|
|-heal|p2a: Flower power|100/100|[from] item: Black Sludge
|-heal|p1a: Vileplume|89/100|[from] item: Leftovers
|upkeep
|turn|15
|
|t:|1779628411
|move|p2a: Flower power|Sludge Bomb|p1a: Vileplume
|-damage|p1a: Vileplume|53/100
|move|p1a: Vileplume|Sludge Bomb|p2a: Flower power
|-damage|p2a: Flower power|77/100
|
|-heal|p2a: Flower power|83/100|[from] item: Black Sludge
|-heal|p1a: Vileplume|59/100|[from] item: Leftovers
|upkeep
|turn|16
|
|t:|1779628420
|move|p2a: Flower power|Sludge Bomb|p1a: Vileplume
|-damage|p1a: Vileplume|26/100
|move|p1a: Vileplume|Sludge Bomb|p2a: Flower power
|-damage|p2a: Flower power|60/100
|
|-heal|p2a: Flower power|66/100|[from] item: Black Sludge
|-heal|p1a: Vileplume|32/100|[from] item: Leftovers
|upkeep
|turn|17
|
|t:|1779628430
|move|p2a: Flower power|Sludge Bomb|p1a: Vileplume
|-damage|p1a: Vileplume|0 fnt
|faint|p1a: Vileplume
|
|-heal|p2a: Flower power|72/100|[from] item: Black Sludge
|upkeep
|
|t:|1779628437
|switch|p1a: Blastoise|Blastoise, M|100/100
|turn|18
|
|t:|1779628440
|move|p1a: Blastoise|Shell Smash|p1a: Blastoise
|-unboost|p1a: Blastoise|def|1
|-unboost|p1a: Blastoise|spd|1
|-boost|p1a: Blastoise|atk|2
|-boost|p1a: Blastoise|spa|2
|-boost|p1a: Blastoise|spe|2
|-enditem|p1a: Blastoise|White Herb
|-clearnegativeboost|p1a: Blastoise|[silent]
|move|p2a: Flower power|Leech Seed|p1a: Blastoise|[miss]
|-miss|p2a: Flower power|p1a: Blastoise
|
|-heal|p2a: Flower power|78/100|[from] item: Black Sludge
|upkeep
|turn|19
|
|t:|1779628452
|move|p1a: Blastoise|Ice Beam|p2a: Flower power
|-supereffective|p2a: Flower power
|-damage|p2a: Flower power|16/100
|move|p2a: Flower power|Giga Drain|p1a: Blastoise
|-supereffective|p1a: Blastoise
|-damage|p1a: Blastoise|53/100
|-heal|p2a: Flower power|40/100|[from] drain|[of] p1a: Blastoise
|
|-heal|p2a: Flower power|46/100|[from] item: Black Sludge
|upkeep
|turn|20
|
|t:|1779628462
|move|p1a: Blastoise|Ice Beam|p2a: Flower power
|-supereffective|p2a: Flower power
|-damage|p2a: Flower power|0 fnt
|faint|p2a: Flower power
|
|upkeep
|
|t:|1779628465
|switch|p2a: Slapsalot|Mienshao, M, shiny|100/100
|turn|21
|
|t:|1779628472
|move|p2a: Slapsalot|Fake Out|p1a: Blastoise
|-damage|p1a: Blastoise|37/100
|-damage|p2a: Slapsalot|91/100|[from] item: Life Orb
|cant|p1a: Blastoise|flinch
|
|upkeep
|turn|22
|
|t:|1779628481
|move|p1a: Blastoise|Surf|p2a: Slapsalot
|-damage|p2a: Slapsalot|0 fnt
|faint|p2a: Slapsalot
|
|upkeep
|
|t:|1779628483
|switch|p2a: Bob|Dugtrio, F, shiny|100/100
|turn|23
|
|t:|1779628489
|move|p2a: Bob|Sucker Punch|p1a: Blastoise
|-damage|p1a: Blastoise|9/100
|move|p1a: Blastoise|Surf|p2a: Bob
|-supereffective|p2a: Bob
|-damage|p2a: Bob|0 fnt
|faint|p2a: Bob
|
|win|me destroy you 15
|raw|me destroy you 15's rating: 1095 &rarr; <strong>1123</strong><br />(+28 for winning)
|raw|stoopley's rating: 1132 &rarr; <strong>1104</strong><br />(-28 for losing)
|c|☆stoopley|Ggs
|l|☆me destroy you 15
|player|p1|
|l|☆stoopley
|player|p2|
