|j|☆Escott123
|j|☆rocket boss 75
|t:|1779721192
|gametype|singles
|player|p1|Escott123|2|1279
|player|p2|rocket boss 75|rocketgruntf|1241
|gen|9
|tier|[Gen 9] OU
|rated|
|rule|HP Percentage Mod: HP is shown in percentages
|rule|Endless Battle Clause: Forcing endless battles is banned
|rule|Species Clause: Limit one of each Pokémon
|rule|OHKO Clause: OHKO moves are banned
|rule|Evasion Items Clause: Evasion items are banned
|rule|Evasion Moves Clause: Evasion moves are banned
|rule|Evasion Abilities Clause: Evasion abilities are banned
|rule|Sleep Moves Clause: Sleep-inducing moves are banned
|clearpoke
|poke|p1|Quaquaval, F|
|poke|p1|Skeledirge, M|
|poke|p1|Meowscarada, F|
|poke|p1|Corviknight, F|
|poke|p1|Hatterene, F|
|poke|p1|Raging Bolt|
|poke|p2|Persian, M|
|poke|p2|Dragapult, F|
|poke|p2|Gyarados, M|
|poke|p2|Latias, F|
|poke|p2|Weezing-Galar, F|
|poke|p2|Corviknight, M|
|teampreview
|
|t:|1779721204
|teamsize|p1|6
|teamsize|p2|6
|start
|switch|p1a: Hatterene|Hatterene, F|100/100
|switch|p2a: Royalty|Persian, M, shiny|100/100
|turn|1
|
|t:|1779721214
|move|p2a: Royalty|Fake Out|p1a: Hatterene
|-damage|p1a: Hatterene|77/100
|cant|p1a: Hatterene|flinch
|
|upkeep
|turn|2
|
|t:|1779721231
|move|p2a: Royalty|U-turn|p1a: Hatterene
|-damage|p1a: Hatterene|57/100
|inactive|Battle timer is ON: inactive players will automatically lose when time's up. (requested by Escott123)
|
|t:|1779721238
|switch|p2a: Smog|Weezing-Galar, F|100/100|[from] U-turn
|move|p1a: Hatterene|Nuzzle|p2a: Smog
|-damage|p2a: Smog|97/100
|-status|p2a: Smog|par
|
|-heal|p2a: Smog|100/100 par|[from] item: Black Sludge
|upkeep
|turn|3
|
|t:|1779721253
|move|p1a: Hatterene|Psyshock|p2a: Smog
|-supereffective|p2a: Smog
|-damage|p2a: Smog|21/100 par
|cant|p2a: Smog|par
|
|-heal|p2a: Smog|27/100 par|[from] item: Black Sludge
|upkeep
|turn|4
|
|t:|1779721270
|move|p1a: Hatterene|Mystical Fire|p2a: Smog
|-damage|p2a: Smog|0 fnt
|faint|p2a: Smog
|
|upkeep
|inactive|rocket boss 75 has 120 seconds left.
|
|t:|1779721290
|switch|p2a: Lust|Dragapult, F|100/100
|turn|5
|
|t:|1779721295
|move|p2a: Lust|Phantom Force||[still]
|-prepare|p2a: Lust|Phantom Force
|move|p1a: Hatterene|Draining Kiss|p2a: Lust|[miss]
|-miss|p1a: Hatterene|p2a: Lust
|
|upkeep
|turn|6
|
|t:|1779721303
|switch|p1a: Meowscarada|Meowscarada, F|100/100
|move|p2a: Lust|Phantom Force|p1a: Meowscarada|[from] lockedmove
|-resisted|p1a: Meowscarada
|-damage|p1a: Meowscarada|49/100
|
|upkeep
|turn|7
|
|t:|1779721313
|move|p1a: Meowscarada|Sucker Punch|p2a: Lust
|-start|p1a: Meowscarada|typechange|Dark|[from] ability: Protean
|-supereffective|p2a: Lust
|-damage|p2a: Lust|15/100
|move|p2a: Lust|Phantom Force||[still]
|-prepare|p2a: Lust|Phantom Force
|
|upkeep
|turn|8
|
|t:|1779721322
|switch|p1a: Quaquaval|Quaquaval, F|100/100
|move|p2a: Lust|Phantom Force|p1a: Quaquaval|[from] lockedmove
|-damage|p1a: Quaquaval|17/100
|
|upkeep
|turn|9
|
|t:|1779721334
|move|p2a: Lust|Phantom Force||[still]
|-prepare|p2a: Lust|Phantom Force
|move|p1a: Quaquaval|Knock Off|p2a: Lust|[miss]
|-miss|p1a: Quaquaval|p2a: Lust
|
|upkeep
|turn|10
|
|t:|1779721348
|switch|p1a: Corviknight|Corviknight, F|100/100
|move|p2a: Lust|Phantom Force|p1a: Corviknight|[from] lockedmove
|-crit|p1a: Corviknight
|-damage|p1a: Corviknight|38/100
|-damage|p2a: Lust|0 fnt|[from] item: Rocky Helmet|[of] p1a: Corviknight
|faint|p2a: Lust
|
|upkeep
|
|t:|1779721375
|switch|p2a: Hydra|Gyarados, M, shiny|100/100
|turn|11
|
|t:|1779721384
|move|p2a: Hydra|Dragon Dance|p2a: Hydra
|-boost|p2a: Hydra|atk|1
|-boost|p2a: Hydra|spe|1
|move|p1a: Corviknight|Roost|p1a: Corviknight
|-heal|p1a: Corviknight|88/100
|-singleturn|p1a: Corviknight|move: Roost
|
|upkeep
|turn|12
|
|t:|1779721393
|move|p2a: Hydra|Dragon Dance|p2a: Hydra
|-boost|p2a: Hydra|atk|1
|-boost|p2a: Hydra|spe|1
|move|p1a: Corviknight|Iron Defense|p1a: Corviknight
|-boost|p1a: Corviknight|def|2
|
|upkeep
|turn|13
|
|t:|1779721409
|switch|p2a: Dream|Latias, F|100/100
|move|p1a: Corviknight|Iron Defense|p1a: Corviknight
|-boost|p1a: Corviknight|def|2
|
|upkeep
|turn|14
|
|t:|1779721415
|move|p2a: Dream|Calm Mind|p2a: Dream
|-boost|p2a: Dream|spa|1
|-boost|p2a: Dream|spd|1
|move|p1a: Corviknight|Brave Bird|p2a: Dream
|-damage|p2a: Dream|60/100
|-damage|p1a: Corviknight|76/100|[from] Recoil
|
|-heal|p2a: Dream|66/100|[from] item: Leftovers
|upkeep
|turn|15
|
|t:|1779721427
|move|p2a: Dream|Calm Mind|p2a: Dream
|-boost|p2a: Dream|spa|1
|-boost|p2a: Dream|spd|1
|move|p1a: Corviknight|Brave Bird|p2a: Dream
|-damage|p2a: Dream|31/100
|-damage|p1a: Corviknight|65/100|[from] Recoil
|
|-heal|p2a: Dream|37/100|[from] item: Leftovers
|upkeep
|turn|16
|
|t:|1779721437
|move|p2a: Dream|Recover|p2a: Dream
|-heal|p2a: Dream|87/100
|move|p1a: Corviknight|Brave Bird|p2a: Dream
|-damage|p2a: Dream|52/100
|-damage|p1a: Corviknight|55/100|[from] Recoil
|
|-heal|p2a: Dream|58/100|[from] item: Leftovers
|upkeep
|turn|17
|
|t:|1779721447
|move|p2a: Dream|Recover|p2a: Dream
|-heal|p2a: Dream|100/100
|move|p1a: Corviknight|Brave Bird|p2a: Dream
|-damage|p2a: Dream|59/100
|-damage|p1a: Corviknight|42/100|[from] Recoil
|
|-heal|p2a: Dream|65/100|[from] item: Leftovers
|upkeep
|turn|18
|
|t:|1779721456
|move|p2a: Dream|Psychic|p1a: Corviknight
|-resisted|p1a: Corviknight
|-damage|p1a: Corviknight|6/100
|move|p1a: Corviknight|Iron Defense|p1a: Corviknight
|-boost|p1a: Corviknight|def|2
|
|-heal|p2a: Dream|71/100|[from] item: Leftovers
|upkeep
|turn|19
|
|t:|1779721465
|switch|p1a: Meowscarada|Meowscarada, F|49/100
|move|p2a: Dream|Psychic|p1a: Meowscarada
|-immune|p1a: Meowscarada
|
|-heal|p2a: Dream|77/100|[from] item: Leftovers
|upkeep
|turn|20
|
|t:|1779721485
|-terastallize|p2a: Dream|Fairy
|move|p1a: Meowscarada|Sucker Punch|p2a: Dream
|-start|p1a: Meowscarada|typechange|Dark|[from] ability: Protean
|-resisted|p2a: Dream
|-damage|p2a: Dream|60/100
|move|p2a: Dream|Draco Meteor|p1a: Meowscarada
|-damage|p1a: Meowscarada|0 fnt
|-unboost|p2a: Dream|spa|2
|faint|p1a: Meowscarada
|
|-heal|p2a: Dream|66/100|[from] item: Leftovers
|upkeep
|
|t:|1779721513
|switch|p1a: Skeledirge|Skeledirge, M|100/100
|turn|21
|inactive|rocket boss 75 has 120 seconds left.
|
|t:|1779721544
|switch|p2a: Royalty|Persian, M, shiny|100/100
|move|p1a: Skeledirge|Torch Song|p2a: Royalty
|-damage|p2a: Royalty|46/100
|-boost|p1a: Skeledirge|spa|1
|
|upkeep
|turn|22
|inactive|rocket boss 75 has 120 seconds left.
|
|t:|1779721553
|move|p2a: Royalty|Knock Off|p1a: Skeledirge
|-supereffective|p1a: Skeledirge
|-damage|p1a: Skeledirge|63/100
|-enditem|p1a: Skeledirge|Heavy-Duty Boots|[from] move: Knock Off|[of] p2a: Royalty
|move|p1a: Skeledirge|Torch Song|p2a: Royalty
|-damage|p2a: Royalty|0 fnt
|-boost|p1a: Skeledirge|spa|1
|faint|p2a: Royalty
|
|upkeep
|inactive|rocket boss 75 has 120 seconds left.
|
|t:|1779721579
|switch|p2a: Hydra|Gyarados, M, shiny|100/100
|turn|23
|
|t:|1779721588
|-terastallize|p1a: Skeledirge|Fairy
|move|p2a: Hydra|Waterfall|p1a: Skeledirge
|-damage|p1a: Skeledirge|24/100
|move|p1a: Skeledirge|Will-O-Wisp|p2a: Hydra
|-status|p2a: Hydra|brn
|
|-damage|p2a: Hydra|94/100 brn|[from] brn
|upkeep
|turn|24
|
|t:|1779721607
|move|p2a: Hydra|Waterfall|p1a: Skeledirge
|-damage|p1a: Skeledirge|5/100
|move|p1a: Skeledirge|Slack Off|p1a: Skeledirge
|-heal|p1a: Skeledirge|55/100
|
|-damage|p2a: Hydra|88/100 brn|[from] brn
|upkeep
|turn|25
|
|t:|1779721622
|move|p2a: Hydra|Dragon Dance|p2a: Hydra
|-boost|p2a: Hydra|atk|1
|-boost|p2a: Hydra|spe|1
|move|p1a: Skeledirge|Slack Off|p1a: Skeledirge
|-heal|p1a: Skeledirge|100/100
|
|-damage|p2a: Hydra|82/100 brn|[from] brn
|upkeep
|turn|26
|
|t:|1779721633
|move|p2a: Hydra|Waterfall|p1a: Skeledirge
|-damage|p1a: Skeledirge|83/100
|move|p1a: Skeledirge|Hex|p2a: Hydra
|-damage|p2a: Hydra|0 fnt
|faint|p2a: Hydra
|
|upkeep
|inactive|rocket boss 75 has 90 seconds left.
|
|t:|1779721644
|switch|p2a: Dream|Latias, F, tera:Fairy|66/100
|turn|27
|inactive|rocket boss 75 has 90 seconds left.
|
|t:|1779721664
|move|p2a: Dream|Psychic|p1a: Skeledirge
|-damage|p1a: Skeledirge|54/100
|move|p1a: Skeledirge|Torch Song|p2a: Dream
|-damage|p2a: Dream|27/100
|-boost|p1a: Skeledirge|spa|1
|
|-heal|p2a: Dream|33/100|[from] item: Leftovers
|upkeep
|turn|28
|inactive|rocket boss 75 has 90 seconds left.
|
|t:|1779721673
|move|p2a: Dream|Recover|p2a: Dream
|-heal|p2a: Dream|83/100
|move|p1a: Skeledirge|Torch Song|p2a: Dream
|-damage|p2a: Dream|36/100
|-boost|p1a: Skeledirge|spa|1
|
|-heal|p2a: Dream|42/100|[from] item: Leftovers
|upkeep
|turn|29
|-message|rocket boss 75 forfeited.
|
|win|Escott123
|raw|Escott123's rating: 1279 &rarr; <strong>1301</strong><br />(+22 for winning)
|raw|rocket boss 75's rating: 1241 &rarr; <strong>1219</strong><br />(-22 for losing)
|l|☆rocket boss 75
|player|p2|
