|j|☆npctypebeat
|j|☆poorlittlepawn2
|t:|1779587840
|gametype|singles
|player|p1|npctypebeat|2|1088
|player|p2|poorlittlepawn2|iris-gen5bw2|1051
|gen|9
|tier|[Gen 9] OU
|rated|
|rule|HP Percentage Mod: HP is shown in percentages
|rule|Endless Battle Clause: Forcing endless battles is banned
|rule|Species Clause: Limit one of each Pokémon
|rule|OHKO Clause: OHKO moves are banned
|rule|Evasion Items Clause: Evasion items are banned
|rule|Evasion Moves Clause: Evasion moves are banned
|rule|Evasion Abilities Clause: Evasion abilities are banned
|rule|Sleep Moves Clause: Sleep-inducing moves are banned
|clearpoke
|poke|p1|Gliscor, M|
|poke|p1|Ogerpon, F|
|poke|p1|Walking Wake|
|poke|p1|Blissey, F|
|poke|p1|Corviknight, F|
|poke|p1|Pecharunt|
|poke|p2|Forretress, M|
|poke|p2|Primarina, M|
|poke|p2|Garchomp, F|
|poke|p2|Rotom-Wash|
|poke|p2|Hydreigon, F|
|poke|p2|Ditto|
|teampreview
|c|☆npctypebeat|hf
|inactive|Battle timer is ON: inactive players will automatically lose when time's up. (requested by npctypebeat)
|
|t:|1779587850
|teamsize|p1|6
|teamsize|p2|6
|start
|switch|p1a: Gliscor|Gliscor, M|100/100
|switch|p2a: Ditto|Ditto|100/100
|turn|1
|
|t:|1779587867
|switch|p2a: Rotom|Rotom-Wash|100/100
|move|p1a: Gliscor|Spikes|p2a: Rotom
|-sidestart|p2: poorlittlepawn2|Spikes
|
|-status|p1a: Gliscor|tox|[from] item: Toxic Orb
|upkeep
|turn|2
|
|t:|1779587875
|move|p2a: Rotom|Hydro Pump|p1a: Gliscor
|-supereffective|p1a: Gliscor
|-damage|p1a: Gliscor|12/100 tox
|move|p1a: Gliscor|Spikes|p2a: Rotom
|-sidestart|p2: poorlittlepawn2|Spikes
|
|-heal|p1a: Gliscor|25/100 tox|[from] ability: Poison Heal
|upkeep
|turn|3
|
|t:|1779587882
|switch|p1a: Blissey|Blissey, F|100/100
|move|p2a: Rotom|Hydro Pump|p1a: Blissey
|-damage|p1a: Blissey|87/100
|
|upkeep
|turn|4
|
|t:|1779587890
|move|p2a: Rotom|Hydro Pump|p1a: Blissey
|-damage|p1a: Blissey|71/100
|move|p1a: Blissey|Stealth Rock|p2a: Rotom
|-sidestart|p2: poorlittlepawn2|move: Stealth Rock
|
|upkeep
|turn|5
|
|t:|1779587895
|move|p2a: Rotom|Hydro Pump|p1a: Blissey
|-damage|p1a: Blissey|57/100
|move|p1a: Blissey|Seismic Toss|p2a: Rotom
|-damage|p2a: Rotom|59/100
|
|upkeep
|turn|6
|
|t:|1779587901
|move|p2a: Rotom|Thunderbolt|p1a: Blissey
|-damage|p1a: Blissey|45/100
|move|p1a: Blissey|Seismic Toss|p2a: Rotom
|-damage|p2a: Rotom|18/100
|
|upkeep
|turn|7
|
|t:|1779587906
|move|p2a: Rotom|Pain Split|p1a: Blissey
|-sethp|p1a: Blissey|26/100|[from] move: Pain Split|[silent]
|-sethp|p2a: Rotom|69/100|[from] move: Pain Split
|move|p1a: Blissey|Seismic Toss|p2a: Rotom
|-damage|p2a: Rotom|27/100
|
|upkeep
|turn|8
|
|t:|1779587917
|move|p2a: Rotom|Hydro Pump|p1a: Blissey
|-damage|p1a: Blissey|11/100
|move|p1a: Blissey|Seismic Toss|p2a: Rotom
|-damage|p2a: Rotom|0 fnt
|faint|p2a: Rotom
|
|upkeep
|
|t:|1779587924
|switch|p2a: Forretress|Forretress, M|100/100
|turn|9
|
|t:|1779587933
|move|p1a: Blissey|Soft-Boiled|p1a: Blissey
|-heal|p1a: Blissey|61/100
|move|p2a: Forretress|Iron Head|p1a: Blissey
|-damage|p1a: Blissey|22/100
|
|upkeep
|turn|10
|
|t:|1779587944
|switch|p1a: Walking Wake|Walking Wake|100/100
|move|p2a: Forretress|Lunge|p1a: Walking Wake
|-damage|p1a: Walking Wake|59/100
|-unboost|p1a: Walking Wake|atk|1
|
|upkeep
|turn|11
|
|t:|1779587960
|move|p1a: Walking Wake|Surf|p2a: Forretress
|-crit|p2a: Forretress
|-ability|p2a: Forretress|Sturdy
|-damage|p2a: Forretress|1/100
|move|p2a: Forretress|Volt Switch|p1a: Walking Wake
|-damage|p1a: Walking Wake|47/100
|
|t:|1779587971
|switch|p2a: Garchomp|Garchomp, F|100/100|[from] Volt Switch
|-damage|p2a: Garchomp|84/100|[from] Spikes
|-damage|p2a: Garchomp|78/100|[from] Stealth Rock
|
|upkeep
|turn|12
|
|t:|1779587984
|-terastallize|p2a: Garchomp|Dragon
|move|p1a: Walking Wake|Surf|p2a: Garchomp
|-resisted|p2a: Garchomp
|-damage|p2a: Garchomp|52/100
|move|p2a: Garchomp|Dragon Tail|p1a: Walking Wake
|-supereffective|p1a: Walking Wake
|-damage|p1a: Walking Wake|0 fnt
|faint|p1a: Walking Wake
|-end|p1a: Walking Wake|Protosynthesis|[silent]
|
|upkeep
|
|t:|1779587988
|switch|p1a: Pecharunt|Pecharunt|100/100
|turn|13
|
|t:|1779587996
|switch|p2a: Ditto|Ditto|100/100
|-damage|p2a: Ditto|84/100|[from] Spikes
|-damage|p2a: Ditto|72/100|[from] Stealth Rock
|move|p1a: Pecharunt|Malignant Chain|p2a: Ditto
|-damage|p2a: Ditto|13/100
|-status|p2a: Ditto|tox
|-start|p2a: Ditto|confusion|[from] ability: Poison Puppeteer|[of] p1a: Pecharunt
|
|-damage|p2a: Ditto|7/100 tox|[from] psn
|upkeep
|turn|14
|
|t:|1779588009
|move|p1a: Pecharunt|Foul Play|p2a: Ditto
|-damage|p2a: Ditto|0 fnt
|faint|p2a: Ditto
|
|upkeep
|
|t:|1779588015
|switch|p2a: Hydreigon|Hydreigon, F|100/100
|-damage|p2a: Hydreigon|88/100|[from] Stealth Rock
|turn|15
|
|t:|1779588024
|move|p2a: Hydreigon|Throat Chop|p1a: Pecharunt
|-supereffective|p1a: Pecharunt
|-damage|p1a: Pecharunt|64/100
|-start|p1a: Pecharunt|Throat Chop|[silent]
|move|p1a: Pecharunt|Foul Play|p2a: Hydreigon
|-resisted|p2a: Hydreigon
|-damage|p2a: Hydreigon|71/100
|
|upkeep
|turn|16
|
|t:|1779588033
|switch|p1a: Corviknight|Corviknight, F|100/100
|-ability|p1a: Corviknight|Pressure
|move|p2a: Hydreigon|Throat Chop|p1a: Corviknight
|-damage|p1a: Corviknight|78/100
|-start|p1a: Corviknight|Throat Chop|[silent]
|
|upkeep
|turn|17
|
|t:|1779588042
|switch|p2a: Primarina|Primarina, M|100/100
|-damage|p2a: Primarina|84/100|[from] Spikes
|-damage|p2a: Primarina|72/100|[from] Stealth Rock
|move|p1a: Corviknight|Body Press|p2a: Primarina
|-resisted|p2a: Primarina
|-damage|p2a: Primarina|57/100
|
|-end|p1a: Corviknight|Throat Chop|[silent]
|upkeep
|turn|18
|-message|poorlittlepawn2 forfeited.
|
|win|npctypebeat
|raw|npctypebeat's rating: 1088 &rarr; <strong>1112</strong><br />(+24 for winning)
|raw|poorlittlepawn2's rating: 1051 &rarr; <strong>1035</strong><br />(-16 for losing)
|l|☆poorlittlepawn2
|player|p2|
|c|☆npctypebeat|gg
