|j|☆Cekongzi
|j|☆zunigadragon
|t:|1779614879
|gametype|singles
|player|p1|Cekongzi|youngster-gen4dp|1096
|player|p2|zunigadragon|biker|1110
|gen|9
|tier|[Gen 9] OU
|rated|
|rule|HP Percentage Mod: HP is shown in percentages
|rule|Endless Battle Clause: Forcing endless battles is banned
|rule|Species Clause: Limit one of each Pokémon
|rule|OHKO Clause: OHKO moves are banned
|rule|Evasion Items Clause: Evasion items are banned
|rule|Evasion Moves Clause: Evasion moves are banned
|rule|Evasion Abilities Clause: Evasion abilities are banned
|rule|Sleep Moves Clause: Sleep-inducing moves are banned
|clearpoke
|poke|p1|Raging Bolt|
|poke|p1|Pelipper, M|
|poke|p1|Talonflame, F|
|poke|p1|Grimmsnarl, M|
|poke|p1|Great Tusk|
|poke|p1|Blaziken, M|
|poke|p2|Lucario, M|
|poke|p2|Reuniclus, M|
|poke|p2|Tyranitar, M|
|poke|p2|Hippowdon, F|
|poke|p2|Garchomp, F|
|poke|p2|Gliscor, F|
|teampreview
|inactive|Battle timer is ON: inactive players will automatically lose when time's up. (requested by Cekongzi)
|
|t:|1779614906
|teamsize|p1|6
|teamsize|p2|6
|start
|switch|p1a: Talonflame|Talonflame, F|100/100
|switch|p2a: Theodoric|Tyranitar, M|100/100
|-weather|Sandstorm|[from] ability: Sand Stream|[of] p2a: Theodoric
|turn|1
|
|t:|1779614919
|move|p1a: Talonflame|Will-O-Wisp|p2a: Theodoric
|-status|p2a: Theodoric|brn
|move|p2a: Theodoric|Stone Edge|p1a: Talonflame
|-supereffective|p1a: Talonflame
|-damage|p1a: Talonflame|0 fnt
|faint|p1a: Talonflame
|
|-weather|Sandstorm|[upkeep]
|-damage|p2a: Theodoric|94/100 brn|[from] brn
|upkeep
|
|t:|1779614925
|switch|p1a: Blaziken|Blaziken, M|100/100
|turn|2
|
|t:|1779614940
|-terastallize|p2a: Theodoric|Ghost
|move|p1a: Blaziken|Close Combat|p2a: Theodoric
|-immune|p2a: Theodoric
|move|p2a: Theodoric|Stone Edge|p1a: Blaziken
|-damage|p1a: Blaziken|50/100
|
|-weather|Sandstorm|[upkeep]
|-damage|p1a: Blaziken|44/100|[from] Sandstorm
|-damage|p2a: Theodoric|88/100 brn|[from] Sandstorm
|-damage|p2a: Theodoric|82/100 brn|[from] brn
|-ability|p1a: Blaziken|Speed Boost|boost
|-boost|p1a: Blaziken|spe|1
|upkeep
|turn|3
|
|t:|1779614954
|move|p1a: Blaziken|Blaze Kick|p2a: Theodoric
|-damage|p2a: Theodoric|36/100 brn
|-damage|p1a: Blaziken|34/100|[from] item: Life Orb
|move|p2a: Theodoric|Stone Edge|p1a: Blaziken
|-damage|p1a: Blaziken|0 fnt
|faint|p1a: Blaziken
|
|-weather|Sandstorm|[upkeep]
|-damage|p2a: Theodoric|29/100 brn|[from] Sandstorm
|-damage|p2a: Theodoric|23/100 brn|[from] brn
|upkeep
|
|t:|1779614967
|switch|p1a: Grimmsnarl|Grimmsnarl, M|100/100
|turn|4
|
|t:|1779614984
|move|p1a: Grimmsnarl|Sucker Punch|p2a: Theodoric
|-supereffective|p2a: Theodoric
|-damage|p2a: Theodoric|0 fnt
|faint|p2a: Theodoric
|
|-weather|Sandstorm|[upkeep]
|-damage|p1a: Grimmsnarl|94/100|[from] Sandstorm
|upkeep
|inactive|zunigadragon has 120 seconds left.
|
|t:|1779615012
|switch|p2a: Baty-Ram|Gliscor, F, shiny|100/100
|turn|5
|inactive|zunigadragon has 120 seconds left.
|
|t:|1779615018
|move|p1a: Grimmsnarl|Reflect|p1a: Grimmsnarl
|-sidestart|p1: Cekongzi|Reflect
|move|p2a: Baty-Ram|Stealth Rock|p1a: Grimmsnarl
|-sidestart|p1: Cekongzi|move: Stealth Rock
|
|-weather|none
|-status|p2a: Baty-Ram|tox|[from] item: Toxic Orb
|upkeep
|turn|6
|inactive|zunigadragon has 120 seconds left.
|
|t:|1779615033
|move|p2a: Baty-Ram|Protect|p2a: Baty-Ram
|-singleturn|p2a: Baty-Ram|Protect
|move|p1a: Grimmsnarl|Light Screen|p1a: Grimmsnarl
|-sidestart|p1: Cekongzi|move: Light Screen
|
|upkeep
|turn|7
|
|t:|1779615042
|switch|p1a: Great Tusk|Great Tusk|100/100
|-damage|p1a: Great Tusk|98/100|[from] Stealth Rock
|move|p2a: Baty-Ram|Facade|p1a: Great Tusk
|-damage|p1a: Great Tusk|82/100
|
|-heal|p1a: Great Tusk|89/100|[from] item: Leftovers
|upkeep
|turn|8
|
|t:|1779615053
|move|p2a: Baty-Ram|Protect|p2a: Baty-Ram
|-singleturn|p2a: Baty-Ram|Protect
|move|p1a: Great Tusk|Rapid Spin|p2a: Baty-Ram
|-activate|p2a: Baty-Ram|move: Protect
|
|-heal|p1a: Great Tusk|95/100|[from] item: Leftovers
|upkeep
|turn|9
|inactive|zunigadragon has 120 seconds left.
|
|t:|1779615072
|move|p2a: Baty-Ram|Facade|p1a: Great Tusk
|-damage|p1a: Great Tusk|81/100
|move|p1a: Great Tusk|Rapid Spin|p2a: Baty-Ram
|-damage|p2a: Baty-Ram|82/100 tox
|-boost|p1a: Great Tusk|spe|1
|-sideend|p1: Cekongzi|Stealth Rock|[from] move: Rapid Spin|[of] p1a: Great Tusk
|
|-heal|p1a: Great Tusk|87/100|[from] item: Leftovers
|-heal|p2a: Baty-Ram|94/100 tox|[from] ability: Poison Heal
|upkeep
|turn|10
|inactive|zunigadragon has 120 seconds left.
|
|t:|1779615089
|move|p1a: Great Tusk|Ice Spinner|p2a: Baty-Ram
|-supereffective|p2a: Baty-Ram
|-damage|p2a: Baty-Ram|0 fnt
|faint|p2a: Baty-Ram
|
|-heal|p1a: Great Tusk|93/100|[from] item: Leftovers
|upkeep
|
|t:|1779615108
|switch|p2a: Ramses|Reuniclus, M, shiny|100/100
|turn|11
|
|t:|1779615113
|move|p1a: Great Tusk|Headlong Rush|p2a: Ramses
|-damage|p2a: Ramses|39/100
|-unboost|p1a: Great Tusk|def|1
|-unboost|p1a: Great Tusk|spd|1
|move|p2a: Ramses|Future Sight|p1a: Great Tusk
|-start|p2a: Ramses|move: Future Sight
|
|-heal|p1a: Great Tusk|99/100|[from] item: Leftovers
|-heal|p2a: Ramses|46/100|[from] item: Leftovers
|upkeep
|turn|12
|
|t:|1779615123
|move|p1a: Great Tusk|Headlong Rush|p2a: Ramses
|-damage|p2a: Ramses|0 fnt
|-unboost|p1a: Great Tusk|def|1
|-unboost|p1a: Great Tusk|spd|1
|faint|p2a: Ramses
|
|-heal|p1a: Great Tusk|100/100|[from] item: Leftovers
|-sideend|p1: Cekongzi|Reflect
|upkeep
|
|t:|1779615144
|switch|p2a: Hatshepsut|Hippowdon, F, shiny|100/100
|-weather|Sandstorm|[from] ability: Sand Stream|[of] p2a: Hatshepsut
|turn|13
|
|t:|1779615156
|-end|p1a: Great Tusk|Protosynthesis|[silent]
|switch|p1a: Grimmsnarl|Grimmsnarl, M|94/100
|move|p2a: Hatshepsut|Roar|p1a: Grimmsnarl
|drag|p1a: Raging Bolt|Raging Bolt|100/100
|
|-weather|Sandstorm|[upkeep]
|-damage|p1a: Raging Bolt|94/100|[from] Sandstorm
|-end|p1a: Raging Bolt|move: Future Sight
|-damage|p1a: Raging Bolt|74/100
|-heal|p1a: Raging Bolt|80/100|[from] item: Leftovers
|-sideend|p1: Cekongzi|move: Light Screen
|upkeep
|turn|14
|inactive|zunigadragon has 90 seconds left.
|
|t:|1779615177
|-end|p1a: Raging Bolt|Protosynthesis|[silent]
|switch|p1a: Pelipper|Pelipper, M|100/100
|-weather|RainDance|[from] ability: Drizzle|[of] p1a: Pelipper
|move|p2a: Hatshepsut|Ice Fang|p1a: Pelipper
|-damage|p1a: Pelipper|83/100
|
|-weather|RainDance|[upkeep]
|upkeep
|turn|15
|inactive|zunigadragon has 90 seconds left.
|
|t:|1779615192
|move|p1a: Pelipper|Hydro Pump|p2a: Hatshepsut
|-supereffective|p2a: Hatshepsut
|-damage|p2a: Hatshepsut|0 fnt
|faint|p2a: Hatshepsut
|
|-weather|RainDance|[upkeep]
|upkeep
|
|t:|1779615205
|switch|p2a: Anubis|Lucario, M|100/100
|turn|16
|
|t:|1779615214
|move|p2a: Anubis|Nasty Plot|p2a: Anubis
|-boost|p2a: Anubis|spa|2
|move|p1a: Pelipper|Hurricane|p2a: Anubis
|-damage|p2a: Anubis|14/100
|-start|p2a: Anubis|confusion
|
|-weather|RainDance|[upkeep]
|upkeep
|turn|17
|inactive|zunigadragon has 90 seconds left.
|
|t:|1779615222
|-activate|p2a: Anubis|confusion
|move|p2a: Anubis|Aura Sphere|p1a: Pelipper
|-resisted|p1a: Pelipper
|-damage|p1a: Pelipper|33/100
|move|p1a: Pelipper|Hurricane|p2a: Anubis
|-damage|p2a: Anubis|0 fnt
|faint|p2a: Anubis
|
|-weather|RainDance|[upkeep]
|upkeep
|inactive|zunigadragon has 90 seconds left.
|
|t:|1779615233
|switch|p2a: Gleopatra|Garchomp, F, shiny|100/100
|turn|18
|inactive|zunigadragon has 90 seconds left.
|
|t:|1779615246
|move|p2a: Gleopatra|Double-Edge|p1a: Pelipper
|-damage|p1a: Pelipper|0 fnt
|faint|p1a: Pelipper
|-damage|p2a: Gleopatra|91/100|[from] Recoil
|
|-weather|RainDance|[upkeep]
|upkeep
|
|t:|1779615250
|switch|p1a: Raging Bolt|Raging Bolt|80/100
|turn|19
|
|t:|1779615257
|-terastallize|p1a: Raging Bolt|Fairy
|move|p2a: Gleopatra|Double-Edge|p1a: Raging Bolt
|-damage|p1a: Raging Bolt|31/100
|-damage|p2a: Gleopatra|70/100|[from] Recoil
|move|p1a: Raging Bolt|Dragon Pulse|p2a: Gleopatra
|-supereffective|p2a: Gleopatra
|-damage|p2a: Gleopatra|0 fnt
|faint|p2a: Gleopatra
|
|win|Cekongzi
|raw|Cekongzi's rating: 1096 &rarr; <strong>1123</strong><br />(+27 for winning)
|raw|zunigadragon's rating: 1110 &rarr; <strong>1084</strong><br />(-26 for losing)
|l|☆Cekongzi
|player|p1|
|c|☆zunigadragon|Gg
|l|☆zunigadragon
|player|p2|
