|j|☆mansonabuluting
|j|☆noob1877
|t:|1779655127
|gametype|singles
|player|p1|mansonabuluting|266|1738
|player|p2|noob1877|169|1758
|gen|9
|tier|[Gen 9] OU
|rated|
|rule|HP Percentage Mod: HP is shown in percentages
|rule|Endless Battle Clause: Forcing endless battles is banned
|rule|Species Clause: Limit one of each Pokémon
|rule|OHKO Clause: OHKO moves are banned
|rule|Evasion Items Clause: Evasion items are banned
|rule|Evasion Moves Clause: Evasion moves are banned
|rule|Evasion Abilities Clause: Evasion abilities are banned
|rule|Sleep Moves Clause: Sleep-inducing moves are banned
|clearpoke
|poke|p1|Volcanion|
|poke|p1|Rillaboom, F|
|poke|p1|Hawlucha, F|
|poke|p1|Thundurus-Therian, M|
|poke|p1|Goodra-Hisui, F|
|poke|p1|Great Tusk|
|poke|p2|Gliscor, M|
|poke|p2|Great Tusk|
|poke|p2|Empoleon, M|
|poke|p2|Zamazenta-*|
|poke|p2|Pecharunt|
|poke|p2|Kingambit, F|
|teampreview
|inactive|Battle timer is ON: inactive players will automatically lose when time's up. (requested by mansonabuluting)
|
|t:|1779655142
|teamsize|p1|6
|teamsize|p2|6
|start
|switch|p1a: Rillaboom|Rillaboom, F|100/100
|switch|p2a: Empoleon|Empoleon, M|100/100
|-fieldstart|move: Grassy Terrain|[from] ability: Grassy Surge|[of] p1a: Rillaboom
|turn|1
|
|t:|1779655147
|move|p1a: Rillaboom|Wood Hammer|p2a: Empoleon
|-damage|p2a: Empoleon|12/100
|-damage|p1a: Rillaboom|73/100|[from] Recoil
|move|p2a: Empoleon|Stealth Rock|p1a: Rillaboom
|-sidestart|p1: mansonabuluting|move: Stealth Rock
|
|-heal|p1a: Rillaboom|80/100|[from] Grassy Terrain
|-heal|p2a: Empoleon|18/100|[from] Grassy Terrain
|upkeep
|turn|2
|
|t:|1779655153
|switch|p2a: Pecharunt|Pecharunt|100/100
|-item|p2a: Pecharunt|Air Balloon
|move|p1a: Rillaboom|Wood Hammer|p2a: Pecharunt
|-resisted|p2a: Pecharunt
|-damage|p2a: Pecharunt|57/100
|-enditem|p2a: Pecharunt|Air Balloon
|-damage|p1a: Rillaboom|68/100|[from] Recoil
|
|-heal|p2a: Pecharunt|63/100|[from] Grassy Terrain
|-heal|p1a: Rillaboom|74/100|[from] Grassy Terrain
|upkeep
|turn|3
|
|t:|1779655159
|switch|p1a: Volcanion|Volcanion|100/100
|-damage|p1a: Volcanion|76/100|[from] Stealth Rock
|move|p2a: Pecharunt|Nasty Plot|p2a: Pecharunt
|-boost|p2a: Pecharunt|spa|2
|
|-heal|p2a: Pecharunt|69/100|[from] Grassy Terrain
|-heal|p1a: Volcanion|82/100|[from] Grassy Terrain
|upkeep
|turn|4
|inactive|noob1877 has 120 seconds left.
|
|t:|1779655191
|move|p2a: Pecharunt|Malignant Chain|p1a: Volcanion
|-damage|p1a: Volcanion|0 fnt
|faint|p1a: Volcanion
|
|-heal|p2a: Pecharunt|75/100|[from] Grassy Terrain
|upkeep
|
|t:|1779655195
|switch|p1a: Thundurus|Thundurus-Therian, M|100/100
|-damage|p1a: Thundurus|76/100|[from] Stealth Rock
|turn|5
|
|t:|1779655199
|switch|p2a: Great Tusk|Great Tusk|100/100
|-terastallize|p1a: Thundurus|Psychic
|move|p1a: Thundurus|Psychic|p2a: Great Tusk
|-supereffective|p2a: Great Tusk
|-damage|p2a: Great Tusk|26/100
|
|-heal|p1a: Thundurus|82/100|[from] Grassy Terrain
|-heal|p2a: Great Tusk|32/100|[from] Grassy Terrain
|-fieldend|move: Grassy Terrain
|upkeep
|turn|6
|
|t:|1779655210
|-end|p2a: Great Tusk|Protosynthesis|[silent]
|switch|p2a: Empoleon|Empoleon, M|18/100
|move|p1a: Thundurus|Psychic|p2a: Empoleon
|-resisted|p2a: Empoleon
|-damage|p2a: Empoleon|0 fnt
|faint|p2a: Empoleon
|
|upkeep
|
|t:|1779655213
|switch|p2a: Kingambit|Kingambit, F|100/100
|-activate|p2a: Kingambit|ability: Supreme Overlord
|-start|p2a: Kingambit|fallen1|[silent]
|turn|7
|
|t:|1779655216
|switch|p1a: Great Tusk|Great Tusk|100/100
|-damage|p1a: Great Tusk|97/100|[from] Stealth Rock
|move|p2a: Kingambit|Iron Head|p1a: Great Tusk
|-damage|p1a: Great Tusk|73/100
|-damage|p2a: Kingambit|84/100|[from] item: Rocky Helmet|[of] p1a: Great Tusk
|
|-heal|p2a: Kingambit|90/100|[from] item: Leftovers
|upkeep
|turn|8
|
|t:|1779655232
|-end|p2a: Kingambit|fallen1|[silent]
|switch|p2a: Gliscor|Gliscor, M|100/100
|move|p1a: Great Tusk|Headlong Rush|p2a: Gliscor
|-immune|p2a: Gliscor
|
|-status|p2a: Gliscor|tox|[from] item: Toxic Orb
|upkeep
|turn|9
|
|t:|1779655237
|move|p2a: Gliscor|Toxic|p1a: Great Tusk
|-status|p1a: Great Tusk|tox
|move|p1a: Great Tusk|Rapid Spin|p2a: Gliscor
|-damage|p2a: Gliscor|88/100 tox
|-boost|p1a: Great Tusk|spe|1
|-sideend|p1: mansonabuluting|Stealth Rock|[from] move: Rapid Spin|[of] p1a: Great Tusk
|
|-damage|p1a: Great Tusk|67/100 tox|[from] psn
|-heal|p2a: Gliscor|100/100 tox|[from] ability: Poison Heal
|upkeep
|turn|10
|
|t:|1779655244
|-end|p1a: Great Tusk|Protosynthesis|[silent]
|switch|p1a: Rillaboom|Rillaboom, F|74/100
|-fieldstart|move: Grassy Terrain|[from] ability: Grassy Surge|[of] p1a: Rillaboom
|move|p2a: Gliscor|Spikes|p1a: Rillaboom
|-sidestart|p1: mansonabuluting|Spikes
|
|-heal|p1a: Rillaboom|81/100|[from] Grassy Terrain
|upkeep
|turn|11
|
|t:|1779655248
|move|p2a: Gliscor|Protect|p2a: Gliscor
|-singleturn|p2a: Gliscor|Protect
|move|p1a: Rillaboom|Wood Hammer|p2a: Gliscor
|-activate|p2a: Gliscor|move: Protect
|
|-heal|p1a: Rillaboom|87/100|[from] Grassy Terrain
|upkeep
|turn|12
|
|t:|1779655251
|switch|p2a: Pecharunt|Pecharunt|75/100
|move|p1a: Rillaboom|Wood Hammer|p2a: Pecharunt
|-resisted|p2a: Pecharunt
|-damage|p2a: Pecharunt|31/100
|-damage|p1a: Rillaboom|75/100|[from] Recoil
|
|-heal|p2a: Pecharunt|37/100|[from] Grassy Terrain
|-heal|p1a: Rillaboom|82/100|[from] Grassy Terrain
|upkeep
|turn|13
|
|t:|1779655256
|switch|p1a: Goodra|Goodra-Hisui, F|100/100
|-damage|p1a: Goodra|88/100|[from] Spikes
|move|p2a: Pecharunt|Recover|p2a: Pecharunt
|-heal|p2a: Pecharunt|88/100
|
|-heal|p2a: Pecharunt|94/100|[from] Grassy Terrain
|-heal|p1a: Goodra|94/100|[from] Grassy Terrain
|upkeep
|turn|14
|
|t:|1779655272
|switch|p2a: Gliscor|Gliscor, M|100/100 tox
|move|p1a: Goodra|Flash Cannon|p2a: Gliscor
|-damage|p2a: Gliscor|66/100 tox
|
|-heal|p1a: Goodra|99/100|[from] Grassy Terrain
|-heal|p2a: Gliscor|78/100 tox|[from] ability: Poison Heal
|-fieldend|move: Grassy Terrain
|upkeep
|turn|15
|
|t:|1779655293
|switch|p1a: Rillaboom|Rillaboom, F|82/100
|-damage|p1a: Rillaboom|69/100|[from] Spikes
|-fieldstart|move: Grassy Terrain|[from] ability: Grassy Surge|[of] p1a: Rillaboom
|move|p2a: Gliscor|Protect||[still]
|-fail|p2a: Gliscor
|
|-heal|p1a: Rillaboom|75/100|[from] Grassy Terrain
|-heal|p2a: Gliscor|91/100 tox|[from] ability: Poison Heal
|upkeep
|turn|16
|
|t:|1779655299
|move|p2a: Gliscor|Protect|p2a: Gliscor
|-singleturn|p2a: Gliscor|Protect
|move|p1a: Rillaboom|Wood Hammer|p2a: Gliscor
|-activate|p2a: Gliscor|move: Protect
|
|-heal|p1a: Rillaboom|82/100|[from] Grassy Terrain
|-heal|p2a: Gliscor|100/100 tox|[from] ability: Poison Heal
|upkeep
|turn|17
|
|t:|1779655302
|switch|p2a: Pecharunt|Pecharunt|94/100
|move|p1a: Rillaboom|Wood Hammer|p2a: Pecharunt
|-resisted|p2a: Pecharunt
|-damage|p2a: Pecharunt|45/100
|-damage|p1a: Rillaboom|69/100|[from] Recoil
|
|-heal|p2a: Pecharunt|51/100|[from] Grassy Terrain
|-heal|p1a: Rillaboom|75/100|[from] Grassy Terrain
|upkeep
|turn|18
|
|t:|1779655310
|switch|p1a: Goodra|Goodra-Hisui, F|99/100
|-damage|p1a: Goodra|88/100|[from] Spikes
|move|p2a: Pecharunt|Recover|p2a: Pecharunt
|-heal|p2a: Pecharunt|100/100
|
|-heal|p1a: Goodra|94/100|[from] Grassy Terrain
|upkeep
|turn|19
|
|t:|1779655322
|move|p2a: Pecharunt|Nasty Plot|p2a: Pecharunt
|-boost|p2a: Pecharunt|spa|2
|move|p1a: Goodra|Flash Cannon|p2a: Pecharunt
|-damage|p2a: Pecharunt|55/100
|
|-heal|p2a: Pecharunt|61/100|[from] Grassy Terrain
|-heal|p1a: Goodra|99/100|[from] Grassy Terrain
|-fieldend|move: Grassy Terrain
|upkeep
|turn|20
|
|t:|1779655325
|move|p2a: Pecharunt|Shadow Ball|p1a: Goodra
|-damage|p1a: Goodra|74/100
|-unboost|p1a: Goodra|spd|1
|move|p1a: Goodra|Flash Cannon|p2a: Pecharunt
|-damage|p2a: Pecharunt|12/100
|
|upkeep
|turn|21
|
|t:|1779655328
|move|p2a: Pecharunt|Recover|p2a: Pecharunt
|-heal|p2a: Pecharunt|62/100
|move|p1a: Goodra|Flash Cannon|p2a: Pecharunt
|-damage|p2a: Pecharunt|14/100
|
|upkeep
|turn|22
|
|t:|1779655347
|move|p2a: Pecharunt|Recover|p2a: Pecharunt
|-heal|p2a: Pecharunt|65/100
|move|p1a: Goodra|Flash Cannon|p2a: Pecharunt
|-damage|p2a: Pecharunt|20/100
|
|upkeep
|turn|23
|
|t:|1779655354
|move|p2a: Pecharunt|Recover|p2a: Pecharunt
|-heal|p2a: Pecharunt|70/100
|move|p1a: Goodra|Draco Meteor|p2a: Pecharunt
|-damage|p2a: Pecharunt|0 fnt
|-unboost|p1a: Goodra|spa|2
|faint|p2a: Pecharunt
|
|upkeep
|
|t:|1779655363
|switch|p2a: Kingambit|Kingambit, F|90/100
|-activate|p2a: Kingambit|ability: Supreme Overlord
|-start|p2a: Kingambit|fallen2|[silent]
|turn|24
|
|t:|1779655370
|switch|p1a: Rillaboom|Rillaboom, F|75/100
|-damage|p1a: Rillaboom|63/100|[from] Spikes
|-fieldstart|move: Grassy Terrain|[from] ability: Grassy Surge|[of] p1a: Rillaboom
|move|p2a: Kingambit|Iron Head|p1a: Rillaboom
|-damage|p1a: Rillaboom|8/100
|
|-heal|p1a: Rillaboom|15/100|[from] Grassy Terrain
|-heal|p2a: Kingambit|96/100|[from] Grassy Terrain
|-heal|p2a: Kingambit|100/100|[from] item: Leftovers
|upkeep
|turn|25
|
|t:|1779655377
|move|p1a: Rillaboom|Grassy Glide|p2a: Kingambit
|-resisted|p2a: Kingambit
|-damage|p2a: Kingambit|79/100
|move|p2a: Kingambit|Sucker Punch||[still]
|-fail|p2a: Kingambit
|
|-heal|p1a: Rillaboom|21/100|[from] Grassy Terrain
|-heal|p2a: Kingambit|85/100|[from] Grassy Terrain
|-heal|p2a: Kingambit|91/100|[from] item: Leftovers
|upkeep
|turn|26
|
|t:|1779655382
|move|p1a: Rillaboom|Grassy Glide|p2a: Kingambit
|-resisted|p2a: Kingambit
|-damage|p2a: Kingambit|68/100
|move|p2a: Kingambit|Swords Dance|p2a: Kingambit
|-boost|p2a: Kingambit|atk|2
|
|-heal|p1a: Rillaboom|27/100|[from] Grassy Terrain
|-heal|p2a: Kingambit|75/100|[from] Grassy Terrain
|-heal|p2a: Kingambit|81/100|[from] item: Leftovers
|upkeep
|turn|27
|
|t:|1779655385
|switch|p1a: Great Tusk|Great Tusk|67/100 tox
|-damage|p1a: Great Tusk|55/100 tox|[from] Spikes
|move|p2a: Kingambit|Kowtow Cleave|p1a: Great Tusk
|-resisted|p1a: Great Tusk
|-damage|p1a: Great Tusk|25/100 tox
|-damage|p2a: Kingambit|64/100|[from] item: Rocky Helmet|[of] p1a: Great Tusk
|
|-heal|p1a: Great Tusk|32/100 tox|[from] Grassy Terrain
|-heal|p2a: Kingambit|70/100|[from] Grassy Terrain
|-heal|p2a: Kingambit|77/100|[from] item: Leftovers
|-damage|p1a: Great Tusk|25/100 tox|[from] psn
|upkeep
|turn|28
|
|t:|1779655394
|move|p2a: Kingambit|Sucker Punch|p1a: Great Tusk
|-resisted|p1a: Great Tusk
|-damage|p1a: Great Tusk|2/100 tox
|-damage|p2a: Kingambit|60/100|[from] item: Rocky Helmet|[of] p1a: Great Tusk
|move|p1a: Great Tusk|Headlong Rush|p2a: Kingambit
|-supereffective|p2a: Kingambit
|-crit|p2a: Kingambit
|-damage|p2a: Kingambit|0 fnt
|-unboost|p1a: Great Tusk|def|1
|-unboost|p1a: Great Tusk|spd|1
|faint|p2a: Kingambit
|-end|p2a: Kingambit|fallen2|[silent]
|
|-heal|p1a: Great Tusk|9/100 tox|[from] Grassy Terrain
|-damage|p1a: Great Tusk|0 fnt|[from] psn
|faint|p1a: Great Tusk
|-end|p1a: Great Tusk|Protosynthesis|[silent]
|-fieldend|move: Grassy Terrain
|upkeep
|inactive|noob1877 has 120 seconds left.
|
|t:|1779655428
|switch|p1a: Rillaboom|Rillaboom, F|27/100
|switch|p2a: Gliscor|Gliscor, M|100/100 tox
|-damage|p1a: Rillaboom|15/100|[from] Spikes
|-fieldstart|move: Grassy Terrain|[from] ability: Grassy Surge|[of] p1a: Rillaboom
|turn|29
|inactive|noob1877 has 120 seconds left.
|
|t:|1779655444
|move|p1a: Rillaboom|Grassy Glide|p2a: Gliscor
|-damage|p2a: Gliscor|54/100 tox
|move|p2a: Gliscor|Knock Off|p1a: Rillaboom
|-damage|p1a: Rillaboom|0 fnt
|-enditem|p1a: Rillaboom|Choice Band|[from] move: Knock Off|[of] p2a: Gliscor
|faint|p1a: Rillaboom
|
|-heal|p2a: Gliscor|67/100 tox|[from] ability: Poison Heal
|upkeep
|
|t:|1779655446
|switch|p1a: Hawlucha|Hawlucha, F|100/100
|-enditem|p1a: Hawlucha|Grassy Seed
|-boost|p1a: Hawlucha|def|1|[from] item: Grassy Seed
|turn|30
|
|t:|1779655451
|move|p1a: Hawlucha|Substitute|p1a: Hawlucha
|-start|p1a: Hawlucha|Substitute
|-damage|p1a: Hawlucha|76/100
|move|p2a: Gliscor|Toxic||[still]
|-fail|p2a: Gliscor
|
|-heal|p2a: Gliscor|79/100 tox|[from] ability: Poison Heal
|upkeep
|turn|31
|-message|noob1877 forfeited.
|
|win|mansonabuluting
|raw|mansonabuluting's rating: 1738 &rarr; <strong>1759</strong><br />(+21 for winning)
|raw|noob1877's rating: 1758 &rarr; <strong>1737</strong><br />(-21 for losing)
|l|☆noob1877
|player|p2|
|l|☆mansonabuluting
|player|p1|
