|j|☆evasub1
|j|☆zahtoo
|t:|1779638558
|gametype|singles
|player|p1|evasub1|170|
|player|p2|zahtoo|lillie|
|gen|9
|tier|[Gen 9] OU
|rule|HP Percentage Mod: HP is shown in percentages
|rule|Endless Battle Clause: Forcing endless battles is banned
|rule|Species Clause: Limit one of each Pokémon
|rule|OHKO Clause: OHKO moves are banned
|rule|Evasion Items Clause: Evasion items are banned
|rule|Evasion Moves Clause: Evasion moves are banned
|rule|Evasion Abilities Clause: Evasion abilities are banned
|rule|Sleep Moves Clause: Sleep-inducing moves are banned
|clearpoke
|poke|p1|Ceruledge, M|
|poke|p1|Ninetales-Alola, F|
|poke|p1|Ogerpon-Wellspring, F|
|poke|p1|Kingambit, M|
|poke|p1|Dragapult, M|
|poke|p1|Garganacl, F|
|poke|p2|Ogerpon-Cornerstone, F|
|poke|p2|Rillaboom, F|
|poke|p2|Iron Moth|
|poke|p2|Iron Treads|
|poke|p2|Pecharunt|
|poke|p2|Primarina, M|
|teampreview
|inactive|Battle timer is ON: inactive players will automatically lose when time's up. (requested by zahtoo)
|inactive|evasub1 has 270 seconds left.
|
|t:|1779638591
|teamsize|p1|6
|teamsize|p2|6
|start
|switch|p1a: Ogerpon|Ogerpon-Wellspring, F|100/100
|switch|p2a: Iron Moth|Iron Moth|100/100
|-enditem|p2a: Iron Moth|Booster Energy
|-activate|p2a: Iron Moth|ability: Quark Drive|[fromitem]
|-start|p2a: Iron Moth|quarkdrivespa
|turn|1
|
|t:|1779638615
|-end|p2a: Iron Moth|Quark Drive|[silent]
|switch|p2a: Pecharunt|Pecharunt|100/100
|-terastallize|p1a: Ogerpon|Water
|detailschange|p1a: Ogerpon|Ogerpon-Wellspring-Tera, F, tera:Water
|-ability|p1a: Ogerpon|Embody Aspect (Wellspring)|boost
|-boost|p1a: Ogerpon|spd|1
|move|p1a: Ogerpon|Swords Dance|p1a: Ogerpon
|-boost|p1a: Ogerpon|atk|2
|
|upkeep
|turn|2
|
|t:|1779638630
|move|p1a: Ogerpon|Ivy Cudgel|p2a: Pecharunt|[anim] Ivy Cudgel Water
|-damage|p2a: Pecharunt|31/100
|move|p2a: Pecharunt|Parting Shot|p1a: Ogerpon
|-unboost|p1a: Ogerpon|atk|1
|-unboost|p1a: Ogerpon|spa|1
|c|☆evasub1|no malignant?
|
|t:|1779638653
|switch|p2a: shake yo dreads|Rillaboom, F|100/100|[from] Parting Shot
|-fieldstart|move: Grassy Terrain|[from] ability: Grassy Surge|[of] p2a: shake yo dreads
|
|upkeep
|turn|3
|inactive|evasub1 has 270 seconds left.
|
|t:|1779638687
|switch|p1a: Garganacl|Garganacl, F|100/100
|move|p2a: shake yo dreads|Grassy Glide|p1a: Garganacl
|-supereffective|p1a: Garganacl
|-damage|p1a: Garganacl|57/100
|
|-heal|p1a: Garganacl|64/100|[from] Grassy Terrain
|-heal|p1a: Garganacl|70/100|[from] item: Leftovers
|upkeep
|turn|4
|inactive|evasub1 has 240 seconds left.
|
|t:|1779638725
|move|p1a: Garganacl|Protect|p1a: Garganacl
|-singleturn|p1a: Garganacl|Protect
|move|p2a: shake yo dreads|Low Kick|p1a: Garganacl
|-activate|p1a: Garganacl|move: Protect
|
|-heal|p1a: Garganacl|76/100|[from] Grassy Terrain
|-heal|p1a: Garganacl|82/100|[from] item: Leftovers
|upkeep
|turn|5
|inactive|evasub1 has 240 seconds left.
|
|t:|1779638736
|move|p2a: shake yo dreads|Knock Off|p1a: Garganacl
|-crit|p1a: Garganacl
|-damage|p1a: Garganacl|55/100
|-enditem|p1a: Garganacl|Leftovers|[from] move: Knock Off|[of] p2a: shake yo dreads
|move|p1a: Garganacl|Salt Cure|p2a: shake yo dreads
|-damage|p2a: shake yo dreads|86/100
|-start|p2a: shake yo dreads|Salt Cure
|
|-heal|p2a: shake yo dreads|92/100|[from] Grassy Terrain
|-heal|p1a: Garganacl|62/100|[from] Grassy Terrain
|-damage|p2a: shake yo dreads|80/100|[from] Salt Cure
|upkeep
|turn|6
|inactive|evasub1 has 240 seconds left.
|
|t:|1779638754
|switch|p2a: Iron Moth|Iron Moth|100/100
|switch|p1a: Ogerpon|Ogerpon-Wellspring-Tera, F, tera:Water|100/100
|-ability|p1a: Ogerpon|Embody Aspect (Wellspring)|boost
|-boost|p1a: Ogerpon|spd|1
|
|upkeep
|turn|7
|inactive|evasub1 has 240 seconds left.
|c|☆evasub1|oohhh
|c|☆evasub1|u cooked
|inactive|evasub1 has 210 seconds left.
|c|☆evasub1|just realized we speed tie
|inactive|zahtoo has 270 seconds left.
|c|☆evasub1|i dk if u die in 1 hit or no
|inactive|evasub1 has 180 seconds left.
|
|t:|1779638835
|move|p1a: Ogerpon|Ivy Cudgel|p2a: Iron Moth|[anim] Ivy Cudgel Water
|-supereffective|p2a: Iron Moth
|-damage|p2a: Iron Moth|0 fnt
|faint|p2a: Iron Moth
|-end|p2a: Iron Moth|Quark Drive|[silent]
|
|upkeep
|c|☆evasub1|yes
|c|☆evasub1|thank u rng gods
|
|t:|1779638846
|switch|p2a: The Ogre|Ogerpon-Cornerstone, F|100/100
|turn|8
|inactive|evasub1 has 180 seconds left.
|
|t:|1779638867
|move|p2a: The Ogre|Horn Leech|p1a: Ogerpon
|-supereffective|p1a: Ogerpon
|-damage|p1a: Ogerpon|0 fnt
|faint|p1a: Ogerpon
|detailschange|p1: Ogerpon|Ogerpon-Wellspring, F|[silent]
|
|upkeep
|
|t:|1779638885
|switch|p1a: Ninetales|Ninetales-Alola, F, shiny|100/100
|-weather|Snowscape|[from] ability: Snow Warning|[of] p1a: Ninetales
|turn|9
|inactive|zahtoo has 270 seconds left.
|
|t:|1779638904
|move|p2a: The Ogre|Ivy Cudgel|p1a: Ninetales|[anim] Ivy Cudgel Rock
|-supereffective|p1a: Ninetales
|-damage|p1a: Ninetales|0 fnt
|faint|p1a: Ninetales
|
|-weather|Snowscape|[upkeep]
|-fieldend|move: Grassy Terrain
|upkeep
|inactive|evasub1 has 150 seconds left.
|
|t:|1779638926
|switch|p1a: Dragapult|Dragapult, M, shiny|100/100
|turn|10
|inactive|zahtoo has 270 seconds left.
|inactive|evasub1 has 120 seconds left.
|
|t:|1779638977
|switch|p2a: Primarina|Primarina, M|100/100
|move|p1a: Dragapult|U-turn|p2a: Primarina
|-resisted|p2a: Primarina
|-damage|p2a: Primarina|91/100
|
|t:|1779638982
|switch|p1a: Garganacl|Garganacl, F|62/100|[from] U-turn
|
|-weather|Snowscape|[upkeep]
|upkeep
|turn|11
|
|t:|1779638992
|move|p2a: Primarina|Psychic Noise|p1a: Garganacl
|-damage|p1a: Garganacl|37/100
|-start|p1a: Garganacl|move: Heal Block
|move|p1a: Garganacl|Salt Cure|p2a: Primarina
|-damage|p2a: Primarina|74/100
|-start|p2a: Primarina|Salt Cure
|
|-weather|Snowscape|[upkeep]
|-damage|p2a: Primarina|49/100|[from] Salt Cure
|upkeep
|turn|12
|
|t:|1779639001
|move|p1a: Garganacl|Protect|p1a: Garganacl
|-singleturn|p1a: Garganacl|Protect
|move|p2a: Primarina|Surf|p1a: Garganacl
|-activate|p1a: Garganacl|move: Protect
|
|-weather|Snowscape|[upkeep]
|-damage|p2a: Primarina|24/100|[from] Salt Cure
|-end|p1a: Garganacl|move: Heal Block
|upkeep
|turn|13
|
|t:|1779639008
|move|p2a: Primarina|Flip Turn|p1a: Garganacl
|-supereffective|p1a: Garganacl
|-damage|p1a: Garganacl|13/100
|
|t:|1779639018
|switch|p2a: Iron Treads|Iron Treads|100/100|[from] Flip Turn
|move|p1a: Garganacl|Salt Cure|p2a: Iron Treads
|-resisted|p2a: Iron Treads
|-damage|p2a: Iron Treads|98/100
|-start|p2a: Iron Treads|Salt Cure
|
|-weather|none
|-heal|p2a: Iron Treads|100/100|[from] item: Leftovers
|-damage|p2a: Iron Treads|75/100|[from] Salt Cure
|upkeep
|turn|14
|inactive|evasub1 has 120 seconds left.
|
|t:|1779639029
|move|p1a: Garganacl|Protect|p1a: Garganacl
|-singleturn|p1a: Garganacl|Protect
|move|p2a: Iron Treads|Stealth Rock|p1a: Garganacl
|-sidestart|p1: evasub1|move: Stealth Rock
|
|-heal|p2a: Iron Treads|82/100|[from] item: Leftovers
|-damage|p2a: Iron Treads|57/100|[from] Salt Cure
|upkeep
|turn|15
|
|t:|1779639036
|move|p2a: Iron Treads|High Horsepower|p1a: Garganacl
|-supereffective|p1a: Garganacl
|-damage|p1a: Garganacl|0 fnt
|faint|p1a: Garganacl
|
|-heal|p2a: Iron Treads|63/100|[from] item: Leftovers
|-damage|p2a: Iron Treads|38/100|[from] Salt Cure
|upkeep
|inactive|evasub1 has 120 seconds left.
|
|t:|1779639057
|switch|p1a: Dragapult|Dragapult, M, shiny|100/100
|-damage|p1a: Dragapult|88/100|[from] Stealth Rock
|turn|16
|
|t:|1779639079
|switch|p1a: Kingambit|Kingambit, M, shiny|100/100
|-damage|p1a: Kingambit|94/100|[from] Stealth Rock
|-activate|p1a: Kingambit|ability: Supreme Overlord
|-start|p1a: Kingambit|fallen3|[silent]
|move|p2a: Iron Treads|Ice Spinner|p1a: Kingambit
|-resisted|p1a: Kingambit
|-damage|p1a: Kingambit|87/100
|
|-heal|p2a: Iron Treads|44/100|[from] item: Leftovers
|-heal|p1a: Kingambit|93/100|[from] item: Leftovers
|-damage|p2a: Iron Treads|19/100|[from] Salt Cure
|upkeep
|turn|17
|inactive|evasub1 has 90 seconds left.
|
|t:|1779639103
|move|p1a: Kingambit|Sucker Punch|p2a: Iron Treads
|-damage|p2a: Iron Treads|0 fnt
|faint|p2a: Iron Treads
|-end|p2a: Iron Treads|Quark Drive|[silent]
|
|-heal|p1a: Kingambit|99/100|[from] item: Leftovers
|upkeep
|
|t:|1779639107
|switch|p2a: Pecharunt|Pecharunt|31/100
|turn|18
|
|t:|1779639124
|move|p2a: Pecharunt|Parting Shot|p1a: Kingambit
|-unboost|p1a: Kingambit|atk|1
|-unboost|p1a: Kingambit|spa|1
|c|☆evasub1|nooo
|
|t:|1779639133
|switch|p2a: Primarina|Primarina, M|24/100|[from] Parting Shot
|move|p1a: Kingambit|Kowtow Cleave|p2a: Primarina
|-resisted|p2a: Primarina
|-damage|p2a: Primarina|0 fnt
|faint|p2a: Primarina
|
|-heal|p1a: Kingambit|100/100|[from] item: Leftovers
|upkeep
|
|t:|1779639136
|switch|p2a: shake yo dreads|Rillaboom, F|80/100
|-fieldstart|move: Grassy Terrain|[from] ability: Grassy Surge|[of] p2a: shake yo dreads
|turn|19
|c|☆evasub1|yessss
|
|t:|1779639149
|-end|p1a: Kingambit|fallen3|[silent]
|switch|p1a: Ceruledge|Ceruledge, M, shiny|100/100
|-damage|p1a: Ceruledge|76/100|[from] Stealth Rock
|move|p2a: shake yo dreads|Low Kick|p1a: Ceruledge
|-immune|p1a: Ceruledge
|
|-heal|p1a: Ceruledge|82/100|[from] Grassy Terrain
|-heal|p2a: shake yo dreads|86/100|[from] Grassy Terrain
|upkeep
|turn|20
|inactive|evasub1 has 90 seconds left.
|
|t:|1779639179
|move|p1a: Ceruledge|Bitter Blade|p2a: shake yo dreads
|-supereffective|p2a: shake yo dreads
|-damage|p2a: shake yo dreads|0 fnt
|-heal|p1a: Ceruledge|100/100|[from] drain|[of] p2a: shake yo dreads
|faint|p2a: shake yo dreads
|-damage|p1a: Ceruledge|91/100|[from] item: Life Orb
|
|-heal|p1a: Ceruledge|97/100|[from] Grassy Terrain
|upkeep
|
|t:|1779639191
|switch|p2a: The Ogre|Ogerpon-Cornerstone, F|100/100
|turn|21
|c|☆evasub1|that ogerpon is a prob
|inactive|evasub1 has 90 seconds left.
|
|t:|1779639212
|move|p1a: Ceruledge|Shadow Sneak|p2a: The Ogre
|-damage|p2a: The Ogre|68/100
|-damage|p1a: Ceruledge|87/100|[from] item: Life Orb
|move|p2a: The Ogre|Ivy Cudgel|p1a: Ceruledge|[anim] Ivy Cudgel Rock
|-supereffective|p1a: Ceruledge
|-damage|p1a: Ceruledge|0 fnt
|faint|p1a: Ceruledge
|
|-heal|p2a: The Ogre|74/100|[from] Grassy Terrain
|upkeep
|
|t:|1779639225
|switch|p1a: Dragapult|Dragapult, M, shiny|88/100
|-damage|p1a: Dragapult|76/100|[from] Stealth Rock
|turn|22
|inactive|evasub1 has 60 seconds left.
|
|t:|1779639258
|move|p1a: Dragapult|Draco Meteor|p2a: The Ogre
|-damage|p2a: The Ogre|0 fnt
|-unboost|p1a: Dragapult|spa|2
|faint|p2a: The Ogre
|
|-heal|p1a: Dragapult|82/100|[from] Grassy Terrain
|upkeep
|
|t:|1779639260
|switch|p2a: Pecharunt|Pecharunt|31/100
|turn|23
|
|t:|1779639266
|move|p1a: Dragapult|Draco Meteor|p2a: Pecharunt
|-damage|p2a: Pecharunt|0 fnt
|-unboost|p1a: Dragapult|spa|2
|faint|p2a: Pecharunt
|
|win|evasub1
|c|☆evasub1|gg
|l|☆zahtoo
|player|p2|
|c|☆evasub1|fuck yes
