|badge|p2|bronze|gen9ou|100-9
|uhtml|medal-msg|<div class="broadcast-blue">Curious what those medals under the avatar are? PS now has Ladder Seasons! For more information, check out the <a href="https://www.smogon.com/forums/threads/3740067/">thread on Smogon.</a></div>
|j|☆superstar
|j|☆slitherwing ily ><
|t:|1779656277
|gametype|singles
|player|p1|superstar|169|1691
|player|p2|slitherwing ily ><|iono-masters|1732
|gen|9
|tier|[Gen 9] OU
|rated|
|rule|HP Percentage Mod: HP is shown in percentages
|rule|Endless Battle Clause: Forcing endless battles is banned
|rule|Species Clause: Limit one of each Pokémon
|rule|OHKO Clause: OHKO moves are banned
|rule|Evasion Items Clause: Evasion items are banned
|rule|Evasion Moves Clause: Evasion moves are banned
|rule|Evasion Abilities Clause: Evasion abilities are banned
|rule|Sleep Moves Clause: Sleep-inducing moves are banned
|clearpoke
|poke|p1|Araquanid, M|
|poke|p1|Pecharunt|
|poke|p1|Enamorus, F|
|poke|p1|Ogerpon-Wellspring, F|
|poke|p1|Raging Bolt|
|poke|p1|Kingambit, M|
|poke|p2|Rillaboom, F|
|poke|p2|Serperior, M|
|poke|p2|Heatran, F|
|poke|p2|Zamazenta-*|
|poke|p2|Great Tusk|
|poke|p2|Gholdengo|
|teampreview
|c|☆slitherwing ily ><|hf
|
|t:|1779656286
|teamsize|p1|6
|teamsize|p2|6
|start
|switch|p1a: Araquanid|Araquanid, M|100/100
|switch|p2a: Big Boom|Rillaboom, F|100/100
|-fieldstart|move: Grassy Terrain|[from] ability: Grassy Surge|[of] p2a: Big Boom
|turn|1
|
|t:|1779656289
|move|p1a: Araquanid|Endure|p1a: Araquanid
|-singleturn|p1a: Araquanid|move: Endure
|move|p2a: Big Boom|Wood Hammer|p1a: Araquanid
|-activate|p1a: Araquanid|move: Endure
|-damage|p1a: Araquanid|1/100
|-damage|p2a: Big Boom|68/100|[from] Recoil
|-damage|p2a: Big Boom|59/100|[from] item: Life Orb
|
|-heal|p2a: Big Boom|65/100|[from] Grassy Terrain
|-heal|p1a: Araquanid|7/100|[from] Grassy Terrain
|upkeep
|turn|2
|-enditem|p1a: Araquanid|Custap Berry|[eat]
|-activate|p1a: Araquanid|item: Custap Berry|[consumed]
|
|t:|1779656294
|move|p2a: Big Boom|Grassy Glide|p1a: Araquanid
|-damage|p1a: Araquanid|0 fnt
|faint|p1a: Araquanid
|-damage|p2a: Big Boom|55/100|[from] item: Life Orb
|
|-heal|p2a: Big Boom|61/100|[from] Grassy Terrain
|upkeep
|
|t:|1779656302
|switch|p1a: Enamorus|Enamorus, F|100/100
|turn|3
|
|t:|1779656319
|move|p2a: Big Boom|Grassy Glide|p1a: Enamorus
|-resisted|p1a: Enamorus
|-damage|p1a: Enamorus|60/100
|-damage|p2a: Big Boom|51/100|[from] item: Life Orb
|move|p1a: Enamorus|Mystical Fire|p2a: Big Boom
|-supereffective|p2a: Big Boom
|-damage|p2a: Big Boom|0 fnt
|faint|p2a: Big Boom
|
|upkeep
|
|t:|1779656325
|switch|p2a: Serpy|Serperior, M|100/100
|turn|4
|inactive|Battle timer is ON: inactive players will automatically lose when time's up. (requested by slitherwing ily ><)
|
|t:|1779656379
|move|p2a: Serpy|Leaf Storm|p1a: Enamorus
|-resisted|p1a: Enamorus
|-damage|p1a: Enamorus|9/100
|-boost|p2a: Serpy|spa|2
|move|p1a: Enamorus|Mystical Fire|p2a: Serpy
|-supereffective|p2a: Serpy
|-damage|p2a: Serpy|0 fnt
|faint|p2a: Serpy
|
|upkeep
|
|t:|1779656393
|switch|p2a: Nah I'd spin|Great Tusk|100/100
|-enditem|p2a: Nah I'd spin|Booster Energy
|-activate|p2a: Nah I'd spin|ability: Protosynthesis|[fromitem]
|-start|p2a: Nah I'd spin|protosynthesisspe
|turn|5
|inactive|superstar has 120 seconds left.
|inactive|superstar has 90 seconds left.
|inactive|superstar has 60 seconds left.
|
|t:|1779656488
|switch|p1a: Pecharunt|Pecharunt|100/100
|move|p2a: Nah I'd spin|Bulk Up|p2a: Nah I'd spin
|-boost|p2a: Nah I'd spin|atk|1
|-boost|p2a: Nah I'd spin|def|1
|
|-fieldend|move: Grassy Terrain
|upkeep
|turn|6
|inactive|superstar has 60 seconds left.
|
|t:|1779656506
|-terastallize|p2a: Nah I'd spin|Ground
|-terastallize|p1a: Pecharunt|Ghost
|move|p2a: Nah I'd spin|Headlong Rush|p1a: Pecharunt
|-damage|p1a: Pecharunt|20/100
|-unboost|p2a: Nah I'd spin|def|1
|-unboost|p2a: Nah I'd spin|spd|1
|move|p1a: Pecharunt|Shadow Ball|p2a: Nah I'd spin
|-damage|p2a: Nah I'd spin|33/100
|
|upkeep
|turn|7
|inactive|superstar has 60 seconds left.
|
|t:|1779656537
|move|p2a: Nah I'd spin|Ice Spinner|p1a: Pecharunt
|-damage|p1a: Pecharunt|0 fnt
|faint|p1a: Pecharunt
|
|upkeep
|
|t:|1779656543
|switch|p1a: Kingambit|Kingambit, M|100/100
|-activate|p1a: Kingambit|ability: Supreme Overlord
|-start|p1a: Kingambit|fallen2|[silent]
|turn|8
|
|t:|1779656548
|move|p2a: Nah I'd spin|Bulk Up|p2a: Nah I'd spin
|-boost|p2a: Nah I'd spin|atk|1
|-boost|p2a: Nah I'd spin|def|1
|move|p1a: Kingambit|Kowtow Cleave|p2a: Nah I'd spin
|-damage|p2a: Nah I'd spin|0 fnt
|faint|p2a: Nah I'd spin
|-end|p2a: Nah I'd spin|Protosynthesis|[silent]
|
|upkeep
|
|t:|1779656551
|switch|p2a: Dawg|Zamazenta|100/100
|-ability|p2a: Dawg|Dauntless Shield|boost
|-boost|p2a: Dawg|def|1
|turn|9
|
|t:|1779656554
|-end|p1a: Kingambit|fallen2|[silent]
|switch|p1a: Enamorus|Enamorus, F|9/100
|move|p2a: Dawg|Close Combat|p1a: Enamorus
|-resisted|p1a: Enamorus
|-damage|p1a: Enamorus|0 fnt
|-unboost|p2a: Dawg|def|1
|-unboost|p2a: Dawg|spd|1
|faint|p1a: Enamorus
|-damage|p2a: Dawg|91/100|[from] item: Life Orb
|
|upkeep
|
|t:|1779656557
|switch|p1a: Raging Bolt|Raging Bolt|100/100
|-enditem|p1a: Raging Bolt|Booster Energy
|-activate|p1a: Raging Bolt|ability: Protosynthesis|[fromitem]
|-start|p1a: Raging Bolt|protosynthesisspa
|turn|10
|
|t:|1779656561
|switch|p2a: Jane Juliet|Gholdengo|100/100
|move|p1a: Raging Bolt|Thunderbolt|p2a: Jane Juliet
|-damage|p2a: Jane Juliet|38/100
|
|upkeep
|turn|11
|
|t:|1779656566
|-end|p1a: Raging Bolt|Protosynthesis|[silent]
|switch|p1a: Kingambit|Kingambit, M|100/100
|-activate|p1a: Kingambit|ability: Supreme Overlord
|-start|p1a: Kingambit|fallen3|[silent]
|move|p2a: Jane Juliet|Dazzling Gleam|p1a: Kingambit
|-damage|p1a: Kingambit|68/100
|
|upkeep
|turn|12
|
|t:|1779656568
|switch|p2a: Trans Rights|Heatran, F|100/100
|-item|p2a: Trans Rights|Air Balloon
|move|p1a: Kingambit|Sucker Punch||[still]
|-fail|p1a: Kingambit
|
|upkeep
|turn|13
|
|t:|1779656573
|move|p1a: Kingambit|Sucker Punch|p2a: Trans Rights
|-damage|p2a: Trans Rights|52/100
|-enditem|p2a: Trans Rights|Air Balloon
|move|p2a: Trans Rights|Magma Storm|p1a: Kingambit|[miss]
|-miss|p2a: Trans Rights|p1a: Kingambit
|
|upkeep
|turn|14
|
|t:|1779656577
|move|p2a: Trans Rights|Magma Storm|p1a: Kingambit
|-supereffective|p1a: Kingambit
|-damage|p1a: Kingambit|0 fnt
|faint|p1a: Kingambit
|-end|p1a: Kingambit|fallen3|[silent]
|
|upkeep
|
|t:|1779656578
|switch|p1a: Ogerpon|Ogerpon-Wellspring, F|100/100
|turn|15
|
|t:|1779656582
|switch|p2a: Jane Juliet|Gholdengo|38/100
|move|p1a: Ogerpon|Ivy Cudgel|p2a: Jane Juliet|[anim] Ivy Cudgel Water
|-damage|p2a: Jane Juliet|0 fnt
|faint|p2a: Jane Juliet
|
|upkeep
|
|t:|1779656584
|switch|p2a: Dawg|Zamazenta|91/100
|turn|16
|
|t:|1779656589
|move|p2a: Dawg|Close Combat|p1a: Ogerpon
|-damage|p1a: Ogerpon|0 fnt
|-unboost|p2a: Dawg|def|1
|-unboost|p2a: Dawg|spd|1
|faint|p1a: Ogerpon
|-damage|p2a: Dawg|81/100|[from] item: Life Orb
|
|upkeep
|
|t:|1779656591
|switch|p1a: Raging Bolt|Raging Bolt|100/100
|turn|17
|
|t:|1779656597
|move|p2a: Dawg|Close Combat|p1a: Raging Bolt
|-damage|p1a: Raging Bolt|21/100
|-unboost|p2a: Dawg|def|1
|-unboost|p2a: Dawg|spd|1
|-damage|p2a: Dawg|71/100|[from] item: Life Orb
|move|p1a: Raging Bolt|Thunderbolt|p2a: Dawg
|-damage|p2a: Dawg|0 fnt
|faint|p2a: Dawg
|
|upkeep
|
|t:|1779656600
|switch|p2a: Trans Rights|Heatran, F|52/100
|turn|18
|
|t:|1779656606
|move|p1a: Raging Bolt|Thunderbolt|p2a: Trans Rights
|-crit|p2a: Trans Rights
|-damage|p2a: Trans Rights|1/100
|move|p2a: Trans Rights|Magma Storm|p1a: Raging Bolt|[miss]
|-miss|p2a: Trans Rights|p1a: Raging Bolt
|
|upkeep
|turn|19
|c|☆slitherwing ily ><|man
|c|☆superstar|wow
|-message|slitherwing ily >< forfeited.
|
|win|superstar
|raw|superstar's rating: 1691 &rarr; <strong>1713</strong><br />(+22 for winning)
|raw|slitherwing ily &gt;&lt;'s rating: 1732 &rarr; <strong>1710</strong><br />(-22 for losing)
|c|☆superstar|that's rough
|l|☆slitherwing ily ><
|player|p2|
|l|☆superstar
|player|p1|
