|inactive|Battle timer is ON: inactive players will automatically lose when time's up.
|t:|1779646318
|gametype|singles
|player|p1|Asoespresso※|richboy-gen6xy|
|player|p2|Strange Heavens|winona|
|gen|9
|tier|[Gen 9] OU
|rule|HP Percentage Mod: HP is shown in percentages
|rule|Endless Battle Clause: Forcing endless battles is banned
|rule|Species Clause: Limit one of each Pokémon
|rule|OHKO Clause: OHKO moves are banned
|rule|Evasion Items Clause: Evasion items are banned
|rule|Evasion Moves Clause: Evasion moves are banned
|rule|Evasion Abilities Clause: Evasion abilities are banned
|rule|Sleep Moves Clause: Sleep-inducing moves are banned
|clearpoke
|poke|p1|Darkrai|
|poke|p1|Gholdengo|
|poke|p1|Hatterene, F|
|poke|p1|Ogerpon-Wellspring, F|
|poke|p1|Dragonite, M|
|poke|p1|Great Tusk|
|poke|p2|Iron Valiant|
|poke|p2|Great Tusk|
|poke|p2|Kyurem|
|poke|p2|Samurott-Hisui, F|
|poke|p2|Gholdengo|
|poke|p2|Kingambit, M|
|teampreview
|c|☆Strange Heavens|hf
|c|☆Asoespresso※|hf
|inactive|Asoespresso※ has 270 seconds left.
|inactive|Strange Heavens has 270 seconds left.
|inactive|Asoespresso※ has 240 seconds left.
|inactive|Strange Heavens has 240 seconds left.
|inactive|Asoespresso※ has 210 seconds left.
|inactive|Asoespresso※ has 180 seconds left.
|inactive|Asoespresso※ has 150 seconds left.
|
|t:|1779646498
|teamsize|p1|6
|teamsize|p2|6
|start
|switch|p1a: Darkrai|Darkrai, shiny|100/100
|switch|p2a: Samurott|Samurott-Hisui, F|100/100
|turn|1
|inactive|Asoespresso※ has 180 seconds left.
|inactive|Strange Heavens has 270 seconds left.
|
|t:|1779646530
|switch|p1a: Ogerpon|Ogerpon-Wellspring, F|100/100
|move|p2a: Samurott|Ceaseless Edge|p1a: Ogerpon
|-damage|p1a: Ogerpon|41/100
|-sidestart|p1: Asoespresso※|Spikes
|
|upkeep
|turn|2
|inactive|Asoespresso※ has 180 seconds left.
|inactive|Strange Heavens has 270 seconds left.
|
|t:|1779646548
|switch|p1a: Great Tusk|Great Tusk, shiny|100/100
|-damage|p1a: Great Tusk|88/100|[from] Spikes
|move|p2a: Samurott|Ceaseless Edge|p1a: Great Tusk
|-resisted|p1a: Great Tusk
|-damage|p1a: Great Tusk|72/100
|-damage|p2a: Samurott|84/100|[from] item: Rocky Helmet|[of] p1a: Great Tusk
|-sidestart|p1: Asoespresso※|Spikes
|
|upkeep
|turn|3
|inactive|Strange Heavens has 270 seconds left.
|
|t:|1779646558
|move|p1a: Great Tusk|Stealth Rock|p2a: Samurott
|-sidestart|p2: Strange Heavens|move: Stealth Rock
|move|p2a: Samurott|Razor Shell|p1a: Great Tusk
|-supereffective|p1a: Great Tusk
|-damage|p1a: Great Tusk|2/100
|-unboost|p1a: Great Tusk|def|1
|-damage|p2a: Samurott|67/100|[from] item: Rocky Helmet|[of] p1a: Great Tusk
|
|upkeep
|turn|4
|inactive|Strange Heavens has 270 seconds left.
|
|t:|1779646566
|move|p2a: Samurott|Aqua Jet|p1a: Great Tusk
|-supereffective|p1a: Great Tusk
|-damage|p1a: Great Tusk|0 fnt
|-damage|p2a: Samurott|51/100|[from] item: Rocky Helmet|[of] p1a: Great Tusk
|faint|p1a: Great Tusk
|-end|p1a: Great Tusk|Protosynthesis|[silent]
|
|upkeep
|
|t:|1779646573
|switch|p1a: Ogerpon|Ogerpon-Wellspring, F|41/100
|-damage|p1a: Ogerpon|25/100|[from] Spikes
|turn|5
|
|t:|1779646584
|move|p1a: Ogerpon|U-turn|p2a: Samurott
|-supereffective|p2a: Samurott
|-damage|p2a: Samurott|0 fnt
|faint|p2a: Samurott
|
|t:|1779646599
|switch|p1a: Darkrai|Darkrai, shiny|100/100|[from] U-turn
|-damage|p1a: Darkrai|84/100|[from] Spikes
|
|upkeep
|inactive|Strange Heavens has 270 seconds left.
|inactive|Strange Heavens has 240 seconds left.
|inactive|Strange Heavens has 210 seconds left.
|inactive|Strange Heavens has 180 seconds left.
|
|t:|1779646716
|switch|p2a: Gholdengo|Gholdengo|100/100
|-damage|p2a: Gholdengo|94/100|[from] Stealth Rock
|turn|6
|
|t:|1779646732
|switch|p1a: Gholdengo|Gholdengo, shiny|100/100
|-damage|p1a: Gholdengo|84/100|[from] Spikes
|move|p2a: Gholdengo|Make It Rain|p1a: Gholdengo
|-resisted|p1a: Gholdengo
|-damage|p1a: Gholdengo|52/100
|-unboost|p2a: Gholdengo|spa|1
|
|upkeep
|turn|7
|inactive|Strange Heavens has 180 seconds left.
|
|t:|1779646755
|switch|p2a: Kingambit|Kingambit, M, shiny|100/100
|-damage|p2a: Kingambit|94/100|[from] Stealth Rock
|-activate|p2a: Kingambit|ability: Supreme Overlord
|-start|p2a: Kingambit|fallen1|[silent]
|switch|p1a: Ogerpon|Ogerpon-Wellspring, F|25/100
|-damage|p1a: Ogerpon|8/100|[from] Spikes
|
|-heal|p2a: Kingambit|100/100|[from] item: Leftovers
|upkeep
|turn|8
|
|t:|1779646784
|move|p2a: Kingambit|Sucker Punch||[still]
|-fail|p2a: Kingambit
|move|p1a: Ogerpon|Spikes|p2a: Kingambit
|-sidestart|p2: Strange Heavens|Spikes
|
|upkeep
|turn|9
|inactive|Strange Heavens has 150 seconds left.
|
|t:|1779646814
|move|p1a: Ogerpon|Knock Off|p2a: Kingambit
|-resisted|p2a: Kingambit
|-damage|p2a: Kingambit|87/100
|-enditem|p2a: Kingambit|Leftovers|[from] move: Knock Off|[of] p1a: Ogerpon
|move|p2a: Kingambit|Kowtow Cleave|p1a: Ogerpon
|-damage|p1a: Ogerpon|0 fnt
|faint|p1a: Ogerpon
|
|upkeep
|
|t:|1779646820
|switch|p1a: Dragonite|Dragonite, M, shiny|100/100
|turn|10
|inactive|Strange Heavens has 150 seconds left.
|
|t:|1779646838
|move|p1a: Dragonite|Dragon Dance|p1a: Dragonite
|-boost|p1a: Dragonite|atk|1
|-boost|p1a: Dragonite|spe|1
|move|p2a: Kingambit|Kowtow Cleave|p1a: Dragonite
|-damage|p1a: Dragonite|68/100
|
|upkeep
|turn|11
|inactive|Asoespresso※ has 210 seconds left.
|
|t:|1779646852
|move|p1a: Dragonite|Roost|p1a: Dragonite
|-heal|p1a: Dragonite|100/100
|-singleturn|p1a: Dragonite|move: Roost
|move|p2a: Kingambit|Kowtow Cleave|p1a: Dragonite
|-damage|p1a: Dragonite|73/100
|
|upkeep
|turn|12
|
|t:|1779646863
|move|p1a: Dragonite|Roost|p1a: Dragonite
|-heal|p1a: Dragonite|100/100
|-singleturn|p1a: Dragonite|move: Roost
|move|p2a: Kingambit|Kowtow Cleave|p1a: Dragonite
|-damage|p1a: Dragonite|70/100
|
|upkeep
|turn|13
|
|t:|1779646872
|move|p1a: Dragonite|Earthquake|p2a: Kingambit
|-supereffective|p2a: Kingambit
|-damage|p2a: Kingambit|0 fnt
|faint|p2a: Kingambit
|-end|p2a: Kingambit|fallen1|[silent]
|
|upkeep
|
|t:|1779646896
|switch|p2a: Great Tusk|Great Tusk|100/100
|-damage|p2a: Great Tusk|98/100|[from] Stealth Rock
|-damage|p2a: Great Tusk|85/100|[from] Spikes
|turn|14
|inactive|Strange Heavens has 120 seconds left.
|inactive|Asoespresso※ has 210 seconds left.
|
|t:|1779646967
|-terastallize|p1a: Dragonite|Normal
|move|p1a: Dragonite|Dragon Dance|p1a: Dragonite
|-boost|p1a: Dragonite|atk|1
|-boost|p1a: Dragonite|spe|1
|move|p2a: Great Tusk|Ice Spinner|p1a: Dragonite
|-damage|p1a: Dragonite|38/100
|
|-heal|p2a: Great Tusk|91/100|[from] item: Leftovers
|upkeep
|turn|15
|inactive|Strange Heavens has 120 seconds left.
|
|t:|1779646992
|move|p1a: Dragonite|Roost|p1a: Dragonite
|-heal|p1a: Dragonite|88/100
|move|p2a: Great Tusk|Earthquake|p1a: Dragonite
|-damage|p1a: Dragonite|29/100
|
|-heal|p2a: Great Tusk|98/100|[from] item: Leftovers
|upkeep
|turn|16
|inactive|Asoespresso※ has 180 seconds left.
|
|t:|1779647016
|-terastallize|p2a: Great Tusk|Ground
|move|p1a: Dragonite|Extreme Speed|p2a: Great Tusk
|-damage|p2a: Great Tusk|9/100
|move|p2a: Great Tusk|Headlong Rush|p1a: Dragonite
|-damage|p1a: Dragonite|0 fnt
|-unboost|p2a: Great Tusk|def|1
|-unboost|p2a: Great Tusk|spd|1
|faint|p1a: Dragonite
|
|-heal|p2a: Great Tusk|15/100|[from] item: Leftovers
|upkeep
|inactive|Asoespresso※ has 180 seconds left.
|
|t:|1779647026
|switch|p1a: Darkrai|Darkrai, shiny|84/100
|-damage|p1a: Darkrai|68/100|[from] Spikes
|turn|17
|inactive|Asoespresso※ has 180 seconds left.
|
|t:|1779647042
|move|p1a: Darkrai|Ice Beam|p2a: Great Tusk
|-supereffective|p2a: Great Tusk
|-damage|p2a: Great Tusk|0 fnt
|faint|p2a: Great Tusk
|-end|p2a: Great Tusk|Protosynthesis|[silent]
|
|upkeep
|
|t:|1779647060
|switch|p2a: Gholdengo|Gholdengo|94/100
|-damage|p2a: Gholdengo|88/100|[from] Stealth Rock
|-damage|p2a: Gholdengo|76/100|[from] Spikes
|turn|18
|inactive|Asoespresso※ has 180 seconds left.
|
|t:|1779647079
|move|p1a: Darkrai|Sucker Punch|p2a: Gholdengo
|-supereffective|p2a: Gholdengo
|-damage|p2a: Gholdengo|7/100
|move|p2a: Gholdengo|Make It Rain|p1a: Darkrai
|-damage|p1a: Darkrai|0 fnt
|-unboost|p2a: Gholdengo|spa|1
|faint|p1a: Darkrai
|
|upkeep
|
|t:|1779647085
|switch|p1a: Gholdengo|Gholdengo, shiny|52/100
|-damage|p1a: Gholdengo|36/100|[from] Spikes
|turn|19
|
|t:|1779647092
|move|p2a: Gholdengo|Make It Rain|p1a: Gholdengo
|-resisted|p1a: Gholdengo
|-damage|p1a: Gholdengo|16/100
|-unboost|p2a: Gholdengo|spa|1
|move|p1a: Gholdengo|Recover|p1a: Gholdengo
|-heal|p1a: Gholdengo|66/100
|
|upkeep
|turn|20
|
|t:|1779647104
|switch|p2a: Kyurem|Kyurem|100/100
|-damage|p2a: Kyurem|76/100|[from] Stealth Rock
|-damage|p2a: Kyurem|63/100|[from] Spikes
|-ability|p2a: Kyurem|Pressure
|move|p1a: Gholdengo|Recover|p1a: Gholdengo
|-heal|p1a: Gholdengo|100/100
|
|upkeep
|turn|21
|inactive|Strange Heavens has 90 seconds left.
|
|t:|1779647158
|move|p2a: Kyurem|Earth Power|p1a: Gholdengo
|-supereffective|p1a: Gholdengo
|-damage|p1a: Gholdengo|4/100
|move|p1a: Gholdengo|Make It Rain|p2a: Kyurem
|-supereffective|p2a: Kyurem
|-damage|p2a: Kyurem|0 fnt
|-unboost|p1a: Gholdengo|spa|1
|faint|p2a: Kyurem
|
|upkeep
|inactive|Strange Heavens has 60 seconds left.
|inactive|Strange Heavens has 30 seconds left.
|
|t:|1779647206
|switch|p2a: Iron Valiant|Iron Valiant, shiny|100/100
|-damage|p2a: Iron Valiant|94/100|[from] Stealth Rock
|-damage|p2a: Iron Valiant|82/100|[from] Spikes
|turn|22
|inactive|Strange Heavens has 30 seconds left.
|inactive|Strange Heavens has 20 seconds left.
|
|t:|1779647228
|move|p2a: Iron Valiant|Shadow Ball|p1a: Gholdengo
|-supereffective|p1a: Gholdengo
|-damage|p1a: Gholdengo|0 fnt
|faint|p1a: Gholdengo
|
|upkeep
|inactive|Asoespresso※ has 210 seconds left.
|
|t:|1779647243
|switch|p1a: Hatterene|Hatterene, F, shiny|100/100
|-damage|p1a: Hatterene|84/100|[from] Spikes
|turn|23
|inactive|Asoespresso※ has 210 seconds left.
|
|t:|1779647250
|move|p2a: Iron Valiant|Shadow Ball|p1a: Hatterene
|-supereffective|p1a: Hatterene
|-damage|p1a: Hatterene|29/100
|move|p1a: Hatterene|Psychic Noise|p2a: Iron Valiant
|-supereffective|p2a: Iron Valiant
|-damage|p2a: Iron Valiant|0 fnt
|faint|p2a: Iron Valiant
|-end|p2a: Iron Valiant|Quark Drive|[silent]
|
|upkeep
|
|t:|1779647259
|switch|p2a: Gholdengo|Gholdengo|7/100
|-damage|p2a: Gholdengo|1/100|[from] Stealth Rock
|-damage|p2a: Gholdengo|0 fnt|[from] Spikes
|faint|p2a: Gholdengo
|
|win|Asoespresso※
