|j|☆JShotV
|j|☆immaterial-light
|t:|1779597930
|gametype|singles
|player|p1|JShotV|2|1341
|player|p2|immaterial-light|170|1351
|gen|9
|tier|[Gen 9] OU
|rated|
|rule|HP Percentage Mod: HP is shown in percentages
|rule|Endless Battle Clause: Forcing endless battles is banned
|rule|Species Clause: Limit one of each Pokémon
|rule|OHKO Clause: OHKO moves are banned
|rule|Evasion Items Clause: Evasion items are banned
|rule|Evasion Moves Clause: Evasion moves are banned
|rule|Evasion Abilities Clause: Evasion abilities are banned
|rule|Sleep Moves Clause: Sleep-inducing moves are banned
|clearpoke
|poke|p1|Ogerpon-Wellspring, F|
|poke|p1|Ceruledge, F|
|poke|p1|Raging Bolt|
|poke|p1|Deoxys-Speed|
|poke|p1|Iron Treads|
|poke|p1|Grimmsnarl, M|
|poke|p2|Cresselia, F|
|poke|p2|Hatterene, F|
|poke|p2|Iron Hands|
|poke|p2|Ursaluna, M|
|poke|p2|Vikavolt, M|
|poke|p2|Porygon2|
|teampreview
|inactive|Battle timer is ON: inactive players will automatically lose when time's up. (requested by immaterial-light)
|
|t:|1779597981
|teamsize|p1|6
|teamsize|p2|6
|start
|switch|p1a: Grimmsnarl|Grimmsnarl, M|100/100
|switch|p2a: Porygon2|Porygon2|100/100
|-ability|p2a: Porygon2|Download|boost
|-boost|p2a: Porygon2|atk|1
|turn|1
|inactive|immaterial-light has 120 seconds left.
|
|t:|1779598020
|move|p1a: Grimmsnarl|Light Screen|p1a: Grimmsnarl
|-sidestart|p1: JShotV|move: Light Screen
|move|p2a: Porygon2|Trick Room|p2a: Porygon2
|-fieldstart|move: Trick Room|[of] p2a: Porygon2
|
|upkeep
|turn|2
|
|t:|1779598033
|switch|p2a: Vikavolt|Vikavolt, M|100/100
|move|p1a: Grimmsnarl|Reflect|p1a: Grimmsnarl
|-sidestart|p1: JShotV|Reflect
|
|upkeep
|turn|3
|inactive|immaterial-light has 120 seconds left.
|
|t:|1779598056
|move|p1a: Grimmsnarl|Taunt|p2a: Vikavolt
|-start|p2a: Vikavolt|move: Taunt
|move|p2a: Vikavolt|Bug Buzz|p1a: Grimmsnarl
|-damage|p1a: Grimmsnarl|48/100
|
|upkeep
|turn|4
|
|t:|1779598076
|switch|p2a: Hatterene|Hatterene, F|100/100
|switch|p1a: Iron Treads|Iron Treads|100/100
|-enditem|p1a: Iron Treads|Booster Energy
|-activate|p1a: Iron Treads|ability: Quark Drive|[fromitem]
|-start|p1a: Iron Treads|quarkdrivespe
|
|upkeep
|turn|5
|inactive|immaterial-light has 120 seconds left.
|l|☆JShotV
|inactive|JShotV disconnected and has a minute to reconnect!
|player|p1|
|inactive|immaterial-light has 90 seconds left.
|
|t:|1779598132
|switch|p2a: Cresselia|Cresselia, F|100/100
|move|p1a: Iron Treads|Steel Beam|p2a: Cresselia|[miss]
|-miss|p1a: Iron Treads|p2a: Cresselia
|-damage|p1a: Iron Treads|50/100|[from] steelbeam
|
|-fieldend|move: Trick Room
|upkeep
|turn|6
|j|☆JShotV
|inactive|JShotV reconnected and has 130 seconds left.
|player|p1|JShotV|2|
|
|t:|1779598162
|switch|p2a: Hatterene|Hatterene, F|100/100
|move|p1a: Iron Treads|Stealth Rock|p2a: Hatterene
|move|p2a: Hatterene|Stealth Rock|p1a: Iron Treads|[from] ability: Magic Bounce
|-sidestart|p1: JShotV|move: Stealth Rock
|
|upkeep
|turn|7
|inactive|immaterial-light has 90 seconds left.
|
|t:|1779598174
|switch|p2a: Porygon2|Porygon2|100/100
|-ability|p2a: Porygon2|Download|boost
|-boost|p2a: Porygon2|spa|1
|move|p1a: Iron Treads|Steel Beam|p2a: Porygon2
|-crit|p2a: Porygon2
|-damage|p2a: Porygon2|54/100
|-damage|p1a: Iron Treads|0 fnt|[from] steelbeam
|faint|p1a: Iron Treads
|-end|p1a: Iron Treads|Quark Drive|[silent]
|
|upkeep
|inactive|JShotV has 120 seconds left.
|
|t:|1779598201
|switch|p1a: Grimmsnarl|Grimmsnarl, M|48/100
|-damage|p1a: Grimmsnarl|36/100|[from] Stealth Rock
|turn|8
|
|t:|1779598204
|move|p1a: Grimmsnarl|Taunt|p2a: Porygon2
|-start|p2a: Porygon2|move: Taunt
|cant|p2a: Porygon2|move: Taunt|Trick Room
|
|-sideend|p1: JShotV|move: Light Screen
|upkeep
|turn|9
|
|t:|1779598213
|switch|p2a: Hatterene|Hatterene, F|100/100
|move|p1a: Grimmsnarl|Light Screen|p1a: Grimmsnarl
|-sidestart|p1: JShotV|move: Light Screen
|
|-sideend|p1: JShotV|Reflect
|upkeep
|turn|10
|
|t:|1779598222
|move|p1a: Grimmsnarl|Reflect|p1a: Grimmsnarl
|-sidestart|p1: JShotV|Reflect
|move|p2a: Hatterene|Trick Room|p2a: Hatterene
|-fieldstart|move: Trick Room|[of] p2a: Hatterene
|
|upkeep
|turn|11
|inactive|immaterial-light has 120 seconds left.
|inactive|immaterial-light has 90 seconds left.
|l|☆JShotV
|inactive|JShotV disconnected and has a minute to reconnect!
|player|p1|
|
|t:|1779598286
|move|p2a: Hatterene|Dazzling Gleam|p1a: Grimmsnarl
|-supereffective|p1a: Grimmsnarl
|-damage|p1a: Grimmsnarl|0 fnt
|faint|p1a: Grimmsnarl
|
|upkeep
|j|☆JShotV
|inactive|JShotV reconnected and has 140 seconds left.
|player|p1|JShotV|2|
|
|t:|1779598310
|switch|p1a: Ceruledge|Ceruledge, F|100/100
|-damage|p1a: Ceruledge|76/100|[from] Stealth Rock
|turn|12
|inactive|immaterial-light has 60 seconds left.
|
|t:|1779598350
|switch|p2a: Porygon2|Porygon2|54/100
|-ability|p2a: Porygon2|Download|boost
|-boost|p2a: Porygon2|atk|1
|move|p1a: Ceruledge|Swords Dance|p1a: Ceruledge
|-boost|p1a: Ceruledge|atk|2
|
|upkeep
|turn|13
|
|t:|1779598369
|move|p2a: Porygon2|Shadow Ball|p1a: Ceruledge
|-supereffective|p1a: Ceruledge
|-damage|p1a: Ceruledge|45/100
|move|p1a: Ceruledge|Swords Dance|p1a: Ceruledge
|-boost|p1a: Ceruledge|atk|2
|
|upkeep
|turn|14
|inactive|immaterial-light has 30 seconds left.
|
|t:|1779598399
|-terastallize|p1a: Ceruledge|Normal
|move|p2a: Porygon2|Shadow Ball|p1a: Ceruledge
|-immune|p1a: Ceruledge
|move|p1a: Ceruledge|Swords Dance|p1a: Ceruledge
|-boost|p1a: Ceruledge|atk|2
|
|-fieldend|move: Trick Room
|upkeep
|turn|15
|
|t:|1779598406
|move|p1a: Ceruledge|Bitter Blade|p2a: Porygon2
|-damage|p2a: Porygon2|0 fnt
|-heal|p1a: Ceruledge|77/100|[from] drain|[of] p2a: Porygon2
|faint|p2a: Porygon2
|-damage|p1a: Ceruledge|67/100|[from] item: Life Orb
|
|upkeep
|
|t:|1779598408
|switch|p2a: Hatterene|Hatterene, F|100/100
|turn|16
|
|t:|1779598419
|move|p1a: Ceruledge|Bitter Blade|p2a: Hatterene
|-enditem|p2a: Hatterene|Focus Sash
|-damage|p2a: Hatterene|1/100
|-heal|p1a: Ceruledge|100/100|[from] drain|[of] p2a: Hatterene
|-damage|p1a: Ceruledge|91/100|[from] item: Life Orb
|move|p2a: Hatterene|Trick Room|p2a: Hatterene
|-fieldstart|move: Trick Room|[of] p2a: Hatterene
|
|-sideend|p1: JShotV|move: Light Screen
|upkeep
|turn|17
|
|t:|1779598443
|move|p1a: Ceruledge|Shadow Sneak|p2a: Hatterene
|-supereffective|p2a: Hatterene
|-damage|p2a: Hatterene|0 fnt
|faint|p2a: Hatterene
|-damage|p1a: Ceruledge|81/100|[from] item: Life Orb
|
|-sideend|p1: JShotV|Reflect
|upkeep
|
|t:|1779598445
|switch|p2a: Ursaluna|Ursaluna, M|100/100
|turn|18
|
|t:|1779598464
|move|p2a: Ursaluna|Protect|p2a: Ursaluna
|-singleturn|p2a: Ursaluna|Protect
|move|p1a: Ceruledge|Bitter Blade|p2a: Ursaluna
|-activate|p2a: Ursaluna|move: Protect
|
|-status|p2a: Ursaluna|brn|[from] item: Flame Orb
|upkeep
|turn|19
|inactive|immaterial-light has 60 seconds left.
|inactive|immaterial-light has 30 seconds left.
|
|t:|1779598502
|move|p2a: Ursaluna|Facade|p1a: Ceruledge
|-damage|p1a: Ceruledge|0 fnt
|faint|p1a: Ceruledge
|
|-damage|p2a: Ursaluna|94/100 brn|[from] brn
|upkeep
|inactive|JShotV has 120 seconds left.
|inactive|JShotV has 90 seconds left.
|
|t:|1779598561
|switch|p1a: Deoxys|Deoxys-Speed|100/100
|-damage|p1a: Deoxys|88/100|[from] Stealth Rock
|-ability|p1a: Deoxys|Pressure
|turn|20
|inactive|JShotV has 90 seconds left.
|
|t:|1779598575
|move|p2a: Ursaluna|Facade|p1a: Deoxys
|-damage|p1a: Deoxys|0 fnt
|faint|p1a: Deoxys
|
|-damage|p2a: Ursaluna|88/100 brn|[from] brn
|-fieldend|move: Trick Room
|upkeep
|inactive|JShotV has 90 seconds left.
|
|t:|1779598584
|switch|p1a: Ogerpon|Ogerpon-Wellspring, F|100/100
|-damage|p1a: Ogerpon|88/100|[from] Stealth Rock
|turn|21
|inactive|JShotV has 90 seconds left.
|
|t:|1779598597
|switch|p2a: Vikavolt|Vikavolt, M|100/100
|move|p1a: Ogerpon|Ivy Cudgel|p2a: Vikavolt|[anim] Ivy Cudgel Water
|-damage|p2a: Vikavolt|30/100
|
|upkeep
|turn|22
|inactive|JShotV has 90 seconds left.
|inactive|immaterial-light has 30 seconds left.
|
|t:|1779598628
|move|p1a: Ogerpon|Swords Dance|p1a: Ogerpon
|-boost|p1a: Ogerpon|atk|2
|move|p2a: Vikavolt|Volt Switch|p1a: Ogerpon
|-damage|p1a: Ogerpon|10/100
|inactive|immaterial-light has 30 seconds left this turn.
|
|t:|1779598632
|switch|p2a: Cresselia|Cresselia, F|100/100|[from] Volt Switch
|
|upkeep
|turn|23
|
|t:|1779598638
|move|p1a: Ogerpon|Ivy Cudgel|p2a: Cresselia|[anim] Ivy Cudgel Water
|-damage|p2a: Cresselia|29/100
|move|p2a: Cresselia|Trick Room|p2a: Cresselia
|-fieldstart|move: Trick Room|[of] p2a: Cresselia
|
|upkeep
|turn|24
|inactive|JShotV has 90 seconds left.
|-message|JShotV forfeited.
|
|win|immaterial-light
|raw|JShotV's rating: 1341 &rarr; <strong>1319</strong><br />(-22 for losing)
|raw|immaterial-light's rating: 1312 &rarr; <strong>1334</strong><br />(+22 for winning)
|l|☆JShotV
|player|p1|
|l|☆immaterial-light
|player|p2|
