|j|☆LFGM157
|j|☆slimduncan69
|t:|1779682515
|gametype|singles
|player|p1|LFGM157|volkner|1259
|player|p2|slimduncan69|hoopster|1331
|gen|9
|tier|[Gen 9] OU
|rated|
|rule|HP Percentage Mod: HP is shown in percentages
|rule|Endless Battle Clause: Forcing endless battles is banned
|rule|Species Clause: Limit one of each Pokémon
|rule|OHKO Clause: OHKO moves are banned
|rule|Evasion Items Clause: Evasion items are banned
|rule|Evasion Moves Clause: Evasion moves are banned
|rule|Evasion Abilities Clause: Evasion abilities are banned
|rule|Sleep Moves Clause: Sleep-inducing moves are banned
|clearpoke
|poke|p1|Garchomp, M|
|poke|p1|Ting-Lu|
|poke|p1|Moltres|
|poke|p1|Pecharunt|
|poke|p1|Ogerpon-Wellspring, F|
|poke|p1|Iron Valiant|
|poke|p2|Porygon2|
|poke|p2|Hatterene, F|
|poke|p2|Pecharunt|
|poke|p2|Ursaluna, M|
|poke|p2|Kingambit, M|
|poke|p2|Necrozma|
|teampreview
|
|t:|1779682524
|teamsize|p1|6
|teamsize|p2|6
|start
|switch|p1a: Ting-Lu|Ting-Lu|100/100
|switch|p2a: the neck|Necrozma, shiny|100/100
|-ability|p1a: Ting-Lu|Vessel of Ruin
|turn|1
|
|t:|1779682534
|move|p1a: Ting-Lu|Taunt|p2a: the neck
|-start|p2a: the neck|move: Taunt
|cant|p2a: the neck|move: Taunt|Stealth Rock
|
|upkeep
|turn|2
|
|t:|1779682540
|switch|p2a: theseizureinducer|Porygon2, shiny|100/100
|-ability|p2a: theseizureinducer|Download|boost
|-boost|p2a: theseizureinducer|spa|1
|move|p1a: Ting-Lu|Stealth Rock|p2a: theseizureinducer
|-sidestart|p2: slimduncan69|move: Stealth Rock
|
|upkeep
|turn|3
|
|t:|1779682551
|move|p1a: Ting-Lu|Spikes|p2a: theseizureinducer
|-sidestart|p2: slimduncan69|Spikes
|move|p2a: theseizureinducer|Ice Beam|p1a: Ting-Lu
|-supereffective|p1a: Ting-Lu
|-damage|p1a: Ting-Lu|55/100
|
|upkeep
|turn|4
|
|t:|1779682563
|switch|p2a: the hat|Hatterene, F|100/100
|-damage|p2a: the hat|88/100|[from] Stealth Rock
|-damage|p2a: the hat|76/100|[from] Spikes
|move|p1a: Ting-Lu|Spikes|p2a: the hat
|move|p2a: the hat|Spikes|p1a: Ting-Lu|[from] ability: Magic Bounce
|-sidestart|p1: LFGM157|Spikes
|
|upkeep
|turn|5
|
|t:|1779682571
|move|p1a: Ting-Lu|Ruination|p2a: the hat
|-damage|p2a: the hat|39/100
|move|p2a: the hat|Trick Room|p2a: the hat
|-fieldstart|move: Trick Room|[of] p2a: the hat
|
|upkeep
|turn|6
|
|t:|1779682577
|move|p2a: the hat|Misty Explosion|p1a: Ting-Lu
|-supereffective|p1a: Ting-Lu
|-damage|p1a: Ting-Lu|0 fnt
|faint|p2a: the hat
|faint|p1a: Ting-Lu
|
|upkeep
|
|t:|1779682583
|switch|p2a: the panda|Ursaluna, M|100/100
|switch|p1a: Pecharunt|Pecharunt|100/100
|-damage|p2a: the panda|94/100|[from] Stealth Rock
|-damage|p2a: the panda|82/100|[from] Spikes
|turn|7
|
|t:|1779682589
|move|p2a: the panda|Headlong Rush|p1a: Pecharunt
|-supereffective|p1a: Pecharunt
|-damage|p1a: Pecharunt|31/100
|-unboost|p2a: the panda|def|1
|-unboost|p2a: the panda|spd|1
|move|p1a: Pecharunt|Malignant Chain|p2a: the panda
|-resisted|p2a: the panda
|-damage|p2a: the panda|62/100
|
|-status|p2a: the panda|brn|[from] item: Flame Orb
|upkeep
|turn|8
|
|t:|1779682605
|switch|p1a: Moltres|Moltres|100/100
|move|p2a: the panda|Facade|p1a: Moltres
|-damage|p1a: Moltres|0 fnt
|faint|p1a: Moltres
|
|-damage|p2a: the panda|56/100 brn|[from] brn
|upkeep
|
|t:|1779682622
|switch|p1a: Pecharunt|Pecharunt|31/100
|turn|9
|
|t:|1779682629
|move|p2a: the panda|Headlong Rush|p1a: Pecharunt
|-supereffective|p1a: Pecharunt
|-damage|p1a: Pecharunt|0 fnt
|-unboost|p2a: the panda|def|1
|-unboost|p2a: the panda|spd|1
|faint|p1a: Pecharunt
|
|-damage|p2a: the panda|50/100 brn|[from] brn
|-fieldend|move: Trick Room
|upkeep
|
|t:|1779682640
|switch|p1a: Garchomp|Garchomp, M|100/100
|-damage|p1a: Garchomp|88/100|[from] Spikes
|turn|10
|
|t:|1779682653
|move|p1a: Garchomp|Scale Shot|p2a: the panda
|-damage|p2a: the panda|32/100 brn
|-damage|p2a: the panda|14/100 brn
|-damage|p2a: the panda|0 fnt
|faint|p2a: the panda
|-hitcount|p2: the panda|3
|-unboost|p1a: Garchomp|def|1
|-boost|p1a: Garchomp|spe|1
|
|upkeep
|
|t:|1779682659
|switch|p2a: theseizureinducer|Porygon2, shiny|100/100
|-damage|p2a: theseizureinducer|88/100|[from] Stealth Rock
|-damage|p2a: theseizureinducer|76/100|[from] Spikes
|-ability|p2a: theseizureinducer|Download|boost
|-boost|p2a: theseizureinducer|atk|1
|turn|11
|
|t:|1779682673
|-terastallize|p1a: Garchomp|Ghost
|move|p1a: Garchomp|Swords Dance|p1a: Garchomp
|-boost|p1a: Garchomp|atk|2
|move|p2a: theseizureinducer|Trick Room|p2a: theseizureinducer
|-fieldstart|move: Trick Room|[of] p2a: theseizureinducer
|
|upkeep
|turn|12
|
|t:|1779682686
|move|p2a: theseizureinducer|Thunderbolt|p1a: Garchomp
|-damage|p1a: Garchomp|54/100
|move|p1a: Garchomp|Earthquake|p2a: theseizureinducer
|-damage|p2a: theseizureinducer|0 fnt
|faint|p2a: theseizureinducer
|
|upkeep
|
|t:|1779682691
|switch|p2a: the neck|Necrozma, shiny|100/100
|-damage|p2a: the neck|88/100|[from] Stealth Rock
|-damage|p2a: the neck|76/100|[from] Spikes
|turn|13
|
|t:|1779682696
|move|p2a: the neck|Photon Geyser|p1a: Garchomp
|-damage|p1a: Garchomp|0 fnt
|faint|p1a: Garchomp
|
|upkeep
|
|t:|1779682701
|switch|p1a: Ogerpon|Ogerpon-Wellspring, F|100/100
|-damage|p1a: Ogerpon|88/100|[from] Spikes
|turn|14
|
|t:|1779682704
|move|p2a: the neck|Photon Geyser|p1a: Ogerpon
|-damage|p1a: Ogerpon|24/100
|move|p1a: Ogerpon|Ivy Cudgel|p2a: the neck|[anim] Ivy Cudgel Water
|-damage|p2a: the neck|21/100
|-enditem|p2a: the neck|Red Card|[of] p1a: Ogerpon
|drag|p1a: Iron Valiant|Iron Valiant|100/100
|-damage|p1a: Iron Valiant|88/100|[from] Spikes
|-enditem|p1a: Iron Valiant|Booster Energy
|-activate|p1a: Iron Valiant|ability: Quark Drive|[fromitem]
|-start|p1a: Iron Valiant|quarkdrivespe
|
|upkeep
|turn|15
|
|t:|1779682733
|move|p2a: the neck|Photon Geyser|p1a: Iron Valiant
|-supereffective|p1a: Iron Valiant
|-damage|p1a: Iron Valiant|0 fnt
|faint|p1a: Iron Valiant
|-end|p1a: Iron Valiant|Quark Drive|[silent]
|
|-fieldend|move: Trick Room
|upkeep
|
|t:|1779682734
|switch|p1a: Ogerpon|Ogerpon-Wellspring, F|24/100
|-damage|p1a: Ogerpon|12/100|[from] Spikes
|turn|16
|
|t:|1779682748
|move|p1a: Ogerpon|Horn Leech|p2a: the neck
|-crit|p2a: the neck
|-damage|p2a: the neck|0 fnt
|-heal|p1a: Ogerpon|26/100|[from] drain|[of] p2a: the neck
|faint|p2a: the neck
|
|upkeep
|
|t:|1779682756
|switch|p2a: the runt|Pecharunt|100/100
|-damage|p2a: the runt|88/100|[from] Stealth Rock
|-item|p2a: the runt|Air Balloon
|turn|17
|
|t:|1779682774
|-terastallize|p2a: the runt|Water
|move|p1a: Ogerpon|Knock Off|p2a: the runt
|-damage|p2a: the runt|62/100
|-enditem|p2a: the runt|Air Balloon
|move|p2a: the runt|Toxic|p1a: Ogerpon
|-status|p1a: Ogerpon|tox
|-start|p1a: Ogerpon|confusion|[from] ability: Poison Puppeteer|[of] p2a: the runt
|
|-damage|p1a: Ogerpon|20/100 tox|[from] psn
|upkeep
|turn|18
|
|t:|1779682797
|switch|p2a: the king|Kingambit, M|100/100
|-damage|p2a: the king|94/100|[from] Stealth Rock
|-damage|p2a: the king|82/100|[from] Spikes
|-activate|p2a: the king|ability: Supreme Overlord
|-start|p2a: the king|fallen4|[silent]
|-activate|p1a: Ogerpon|confusion
|move|p1a: Ogerpon|Horn Leech|p2a: the king
|-resisted|p2a: the king
|-damage|p2a: the king|65/100
|-heal|p1a: Ogerpon|32/100 tox|[from] drain|[of] p2a: the king
|
|-damage|p1a: Ogerpon|20/100 tox|[from] psn
|upkeep
|turn|19
|
|t:|1779682806
|move|p2a: the king|Sucker Punch|p1a: Ogerpon
|-damage|p1a: Ogerpon|0 fnt
|faint|p1a: Ogerpon
|
|win|slimduncan69
|raw|LFGM157's rating: 1259 &rarr; <strong>1239</strong><br />(-20 for losing)
|raw|slimduncan69's rating: 1331 &rarr; <strong>1347</strong><br />(+16 for winning)
|l|☆LFGM157
|player|p1|
|l|☆slimduncan69
|player|p2|
