|j|☆cellcrash0
|j|☆Matheushunteromega
|t:|1779591671
|gametype|singles
|player|p1|cellcrash0|265|1238
|player|p2|Matheushunteromega|will|1224
|gen|9
|tier|[Gen 9] OU
|rated|
|rule|HP Percentage Mod: HP is shown in percentages
|rule|Endless Battle Clause: Forcing endless battles is banned
|rule|Species Clause: Limit one of each Pokémon
|rule|OHKO Clause: OHKO moves are banned
|rule|Evasion Items Clause: Evasion items are banned
|rule|Evasion Moves Clause: Evasion moves are banned
|rule|Evasion Abilities Clause: Evasion abilities are banned
|rule|Sleep Moves Clause: Sleep-inducing moves are banned
|clearpoke
|poke|p1|Dragapult, M|
|poke|p1|Gliscor, M|
|poke|p1|Ogerpon-Wellspring, F|
|poke|p1|Iron Crown|
|poke|p1|Ting-Lu|
|poke|p1|Kingambit, F|
|poke|p2|Hatterene, F|
|poke|p2|Corviknight, M|
|poke|p2|Cinderace, F|
|poke|p2|Garganacl, M|
|poke|p2|Gholdengo|
|poke|p2|Meowscarada, F|
|teampreview
|
|t:|1779591679
|teamsize|p1|6
|teamsize|p2|6
|start
|switch|p1a: Ting-Lu|Ting-Lu|100/100
|switch|p2a: Puss|Meowscarada, F|100/100
|-ability|p1a: Ting-Lu|Vessel of Ruin
|turn|1
|inactive|Battle timer is ON: inactive players will automatically lose when time's up. (requested by cellcrash0)
|
|t:|1779591688
|-terastallize|p2a: Puss|Grass
|move|p2a: Puss|Flower Trick|p1a: Ting-Lu
|-supereffective|p1a: Ting-Lu
|-crit|p1a: Ting-Lu
|-damage|p1a: Ting-Lu|0 fnt
|faint|p1a: Ting-Lu
|
|upkeep
|
|t:|1779591701
|switch|p1a: Iron Crown|Iron Crown|100/100
|-enditem|p1a: Iron Crown|Booster Energy
|-activate|p1a: Iron Crown|ability: Quark Drive|[fromitem]
|-start|p1a: Iron Crown|quarkdrivespe
|turn|2
|
|t:|1779591713
|switch|p2a: Winchester|Garganacl, M|100/100
|move|p1a: Iron Crown|Tachyon Cutter|p2a: Winchester
|-supereffective|p2a: Winchester
|-damage|p2a: Winchester|68/100
|-supereffective|p2a: Winchester
|-damage|p2a: Winchester|39/100
|-hitcount|p2a: Winchester|2
|
|-heal|p2a: Winchester|45/100|[from] item: Leftovers
|upkeep
|turn|3
|
|t:|1779591722
|move|p1a: Iron Crown|Tachyon Cutter|p2a: Winchester
|-supereffective|p2a: Winchester
|-damage|p2a: Winchester|15/100
|-supereffective|p2a: Winchester
|-damage|p2a: Winchester|0 fnt
|faint|p2a: Winchester
|-hitcount|p2: Winchester|2
|
|upkeep
|
|t:|1779591729
|switch|p2a: Puss|Meowscarada, F, tera:Grass|100/100
|turn|4
|
|t:|1779591751
|-terastallize|p1a: Iron Crown|Fighting
|move|p1a: Iron Crown|Focus Blast|p2a: Puss
|-damage|p2a: Puss|16/100
|move|p2a: Puss|Knock Off|p1a: Iron Crown
|-resisted|p1a: Iron Crown
|-damage|p1a: Iron Crown|79/100
|
|upkeep
|turn|5
|
|t:|1779591758
|move|p1a: Iron Crown|Focus Blast|p2a: Puss
|-damage|p2a: Puss|0 fnt
|faint|p2a: Puss
|
|upkeep
|
|t:|1779591767
|switch|p2a: Jubileu|Corviknight, M|100/100
|turn|6
|
|t:|1779591772
|move|p1a: Iron Crown|Calm Mind|p1a: Iron Crown
|-boost|p1a: Iron Crown|spa|1
|-boost|p1a: Iron Crown|spd|1
|move|p2a: Jubileu|Bulk Up|p2a: Jubileu
|-boost|p2a: Jubileu|atk|1
|-boost|p2a: Jubileu|def|1
|
|upkeep
|turn|7
|
|t:|1779591780
|move|p1a: Iron Crown|Focus Blast|p2a: Jubileu|[miss]
|-miss|p1a: Iron Crown|p2a: Jubileu
|move|p2a: Jubileu|Brave Bird|p1a: Iron Crown
|-supereffective|p1a: Iron Crown
|-damage|p1a: Iron Crown|0 fnt
|faint|p1a: Iron Crown
|-end|p1a: Iron Crown|Quark Drive|[silent]
|-damage|p2a: Jubileu|78/100|[from] Recoil
|
|-heal|p2a: Jubileu|85/100|[from] item: Leftovers
|upkeep
|
|t:|1779591789
|switch|p1a: Dragapult|Dragapult, M|100/100
|turn|8
|
|t:|1779591795
|move|p1a: Dragapult|Will-O-Wisp|p2a: Jubileu|[miss]
|-miss|p1a: Dragapult|p2a: Jubileu
|move|p2a: Jubileu|Bulk Up|p2a: Jubileu
|-boost|p2a: Jubileu|atk|1
|-boost|p2a: Jubileu|def|1
|
|-heal|p2a: Jubileu|91/100|[from] item: Leftovers
|upkeep
|turn|9
|
|t:|1779591803
|move|p1a: Dragapult|U-turn|p2a: Jubileu
|-resisted|p2a: Jubileu
|-damage|p2a: Jubileu|89/100
|
|t:|1779591807
|switch|p1a: Kingambit|Kingambit, F|100/100|[from] U-turn
|-activate|p1a: Kingambit|ability: Supreme Overlord
|-start|p1a: Kingambit|fallen2|[silent]
|-item|p1a: Kingambit|Air Balloon
|move|p2a: Jubileu|Brave Bird|p1a: Kingambit
|-resisted|p1a: Kingambit
|-damage|p1a: Kingambit|71/100
|-enditem|p1a: Kingambit|Air Balloon
|-damage|p2a: Jubileu|81/100|[from] Recoil
|
|-heal|p2a: Jubileu|87/100|[from] item: Leftovers
|upkeep
|turn|10
|
|t:|1779591820
|move|p1a: Kingambit|Swords Dance|p1a: Kingambit
|-boost|p1a: Kingambit|atk|2
|move|p2a: Jubileu|Body Press|p1a: Kingambit
|-supereffective|p1a: Kingambit
|-damage|p1a: Kingambit|0 fnt
|faint|p1a: Kingambit
|-end|p1a: Kingambit|fallen2|[silent]
|
|-heal|p2a: Jubileu|93/100|[from] item: Leftovers
|upkeep
|-message|cellcrash0 forfeited.
|
|win|Matheushunteromega
|raw|cellcrash0's rating: 1238 &rarr; <strong>1212</strong><br />(-26 for losing)
|raw|Matheushunteromega's rating: 1224 &rarr; <strong>1250</strong><br />(+26 for winning)
|l|☆cellcrash0
|player|p1|
