|j|☆Boxed by Po
|j|☆alt1 lord greed
|t:|1779585891
|gametype|singles
|player|p1|Boxed by Po|firebreather|1462
|player|p2|alt1 lord greed|169|1425
|gen|9
|tier|[Gen 9] OU
|rated|
|rule|HP Percentage Mod: HP is shown in percentages
|rule|Endless Battle Clause: Forcing endless battles is banned
|rule|Species Clause: Limit one of each Pokémon
|rule|OHKO Clause: OHKO moves are banned
|rule|Evasion Items Clause: Evasion items are banned
|rule|Evasion Moves Clause: Evasion moves are banned
|rule|Evasion Abilities Clause: Evasion abilities are banned
|rule|Sleep Moves Clause: Sleep-inducing moves are banned
|clearpoke
|poke|p1|Kingambit, M|
|poke|p1|Dragapult, F|
|poke|p1|Dragonite, F|
|poke|p1|Ursaluna, F|
|poke|p1|Latias, F|
|poke|p1|Lokix, F|
|poke|p2|Glastrier|
|poke|p2|Slowking-Galar, F|
|poke|p2|Heatran, M|
|poke|p2|Tornadus-Therian, M|
|poke|p2|Hydrapple, F|
|poke|p2|Great Tusk|
|teampreview
|inactive|Battle timer is ON: inactive players will automatically lose when time's up. (requested by alt1 lord greed)
|
|t:|1779585903
|teamsize|p1|6
|teamsize|p2|6
|start
|switch|p1a: F-13|Dragapult, F, shiny|100/100
|switch|p2a: Glastrier|Glastrier|100/100
|turn|1
|
|t:|1779585906
|move|p1a: F-13|Will-O-Wisp|p2a: Glastrier
|-status|p2a: Glastrier|brn
|move|p2a: Glastrier|Icicle Crash|p1a: F-13
|-supereffective|p1a: F-13
|-damage|p1a: F-13|31/100
|
|-damage|p2a: Glastrier|94/100 brn|[from] brn
|upkeep
|turn|2
|
|t:|1779585912
|switch|p1a: Lokix|Lokix, F|100/100
|move|p2a: Glastrier|Close Combat|p1a: Lokix
|-damage|p1a: Lokix|70/100
|-unboost|p2a: Glastrier|def|1
|-unboost|p2a: Glastrier|spd|1
|
|-damage|p2a: Glastrier|88/100 brn|[from] brn
|upkeep
|turn|3
|
|t:|1779585924
|switch|p2a: Tornadus|Tornadus-Therian, M|100/100
|move|p1a: Lokix|Leech Life|p2a: Tornadus
|-resisted|p2a: Tornadus
|-damage|p2a: Tornadus|38/100
|-heal|p1a: Lokix|100/100|[from] drain|[of] p2a: Tornadus
|
|upkeep
|turn|4
|
|t:|1779585931
|switch|p1a: F-13|Dragapult, F, shiny|31/100
|move|p2a: Tornadus|Bleakwind Storm|p1a: F-13
|-damage|p1a: F-13|0 fnt
|faint|p1a: F-13
|
|upkeep
|
|t:|1779585935
|switch|p1a: Lokix|Lokix, F|100/100
|turn|5
|
|t:|1779585939
|switch|p2a: Glastrier|Glastrier|88/100 brn
|move|p1a: Lokix|First Impression|p2a: Glastrier
|-damage|p2a: Glastrier|41/100 brn
|
|-damage|p2a: Glastrier|35/100 brn|[from] brn
|upkeep
|turn|6
|
|t:|1779585954
|switch|p1a: Dragonite|Dragonite, F|100/100
|move|p2a: Glastrier|Close Combat|p1a: Dragonite
|-resisted|p1a: Dragonite
|-damage|p1a: Dragonite|94/100
|-unboost|p2a: Glastrier|def|1
|-unboost|p2a: Glastrier|spd|1
|
|-damage|p2a: Glastrier|29/100 brn|[from] brn
|upkeep
|turn|7
|
|t:|1779585957
|move|p1a: Dragonite|Dragon Dance|p1a: Dragonite
|-boost|p1a: Dragonite|atk|1
|-boost|p1a: Dragonite|spe|1
|move|p2a: Glastrier|Icicle Crash|p1a: Dragonite
|-supereffective|p1a: Dragonite
|-damage|p1a: Dragonite|0 fnt
|faint|p1a: Dragonite
|-ability|p2a: Glastrier|Chilling Neigh|boost
|-boost|p2a: Glastrier|atk|1
|
|-damage|p2a: Glastrier|22/100 brn|[from] brn
|upkeep
|
|t:|1779585960
|switch|p1a: Lokix|Lokix, F|100/100
|turn|8
|
|t:|1779585964
|switch|p2a: Heatran|Heatran, M, shiny|100/100
|move|p1a: Lokix|U-turn|p2a: Heatran
|-resisted|p2a: Heatran
|-damage|p2a: Heatran|80/100
|
|t:|1779585966
|switch|p1a: Ursaluna|Ursaluna, F|100/100|[from] U-turn
|
|-heal|p2a: Heatran|86/100|[from] item: Leftovers
|-status|p1a: Ursaluna|brn|[from] item: Flame Orb
|upkeep
|turn|9
|
|t:|1779585972
|move|p2a: Heatran|Fire Blast|p1a: Ursaluna
|-damage|p1a: Ursaluna|59/100 brn
|move|p1a: Ursaluna|Headlong Rush|p2a: Heatran
|-supereffective|p2a: Heatran
|-damage|p2a: Heatran|0 fnt
|-unboost|p1a: Ursaluna|def|1
|-unboost|p1a: Ursaluna|spd|1
|faint|p2a: Heatran
|
|-damage|p1a: Ursaluna|53/100 brn|[from] brn
|upkeep
|
|t:|1779585977
|switch|p2a: Glastrier|Glastrier|22/100 brn
|turn|10
|
|t:|1779585981
|move|p1a: Ursaluna|Facade|p2a: Glastrier
|-damage|p2a: Glastrier|0 fnt
|faint|p2a: Glastrier
|
|-damage|p1a: Ursaluna|47/100 brn|[from] brn
|upkeep
|
|t:|1779585997
|switch|p2a: Great Tusk|Great Tusk|100/100
|turn|11
|
|t:|1779586000
|move|p2a: Great Tusk|Ice Spinner|p1a: Ursaluna
|-supereffective|p1a: Ursaluna
|-crit|p1a: Ursaluna
|-damage|p1a: Ursaluna|0 fnt
|faint|p1a: Ursaluna
|
|upkeep
|
|t:|1779586005
|switch|p1a: Latias|Latias, F, shiny|100/100
|turn|12
|
|t:|1779586010
|-end|p2a: Great Tusk|Protosynthesis|[silent]
|switch|p2a: Hydrapple|Hydrapple, F, shiny|100/100
|move|p1a: Latias|Agility|p1a: Latias
|-boost|p1a: Latias|spe|2
|
|upkeep
|turn|13
|
|t:|1779586017
|-terastallize|p1a: Latias|Fairy
|move|p1a: Latias|Calm Mind|p1a: Latias
|-boost|p1a: Latias|spa|1
|-boost|p1a: Latias|spd|1
|move|p2a: Hydrapple|Draco Meteor|p1a: Latias
|-immune|p1a: Latias
|
|upkeep
|turn|14
|
|t:|1779586023
|switch|p2a: Slowking|Slowking-Galar, F|100/100
|move|p1a: Latias|Calm Mind|p1a: Latias
|-boost|p1a: Latias|spa|1
|-boost|p1a: Latias|spd|1
|
|upkeep
|turn|15
|
|t:|1779586031
|move|p1a: Latias|Stored Power|p2a: Slowking
|-damage|p2a: Slowking|21/100
|move|p2a: Slowking|Sludge Bomb|p1a: Latias
|-supereffective|p1a: Latias
|-damage|p1a: Latias|76/100
|-status|p1a: Latias|psn
|-enditem|p1a: Latias|Weakness Policy
|-boost|p1a: Latias|atk|2|[from] item: Weakness Policy
|-boost|p1a: Latias|spa|2|[from] item: Weakness Policy
|
|-damage|p1a: Latias|63/100 psn|[from] psn
|upkeep
|turn|16
|
|t:|1779586038
|move|p1a: Latias|Draining Kiss|p2a: Slowking
|-resisted|p2a: Slowking
|-damage|p2a: Slowking|0 fnt
|-heal|p1a: Latias|80/100 psn|[from] drain|[of] p2a: Slowking
|faint|p2a: Slowking
|
|-damage|p1a: Latias|67/100 psn|[from] psn
|upkeep
|
|t:|1779586041
|switch|p2a: Tornadus|Tornadus-Therian, M|71/100
|turn|17
|
|t:|1779586052
|-terastallize|p2a: Tornadus|Steel
|move|p1a: Latias|Stored Power|p2a: Tornadus
|-resisted|p2a: Tornadus
|-damage|p2a: Tornadus|0 fnt
|faint|p2a: Tornadus
|
|-damage|p1a: Latias|55/100 psn|[from] psn
|upkeep
|
|t:|1779586055
|switch|p2a: Hydrapple|Hydrapple, F, shiny|100/100
|turn|18
|
|t:|1779586058
|move|p1a: Latias|Draining Kiss|p2a: Hydrapple
|-supereffective|p2a: Hydrapple
|-damage|p2a: Hydrapple|0 fnt
|-heal|p1a: Latias|100/100 psn|[from] drain|[of] p2a: Hydrapple
|faint|p2a: Hydrapple
|
|-damage|p1a: Latias|88/100 psn|[from] psn
|upkeep
|
|t:|1779586060
|switch|p2a: Great Tusk|Great Tusk|100/100
|turn|19
|
|t:|1779586062
|move|p1a: Latias|Stored Power|p2a: Great Tusk
|-supereffective|p2a: Great Tusk
|-damage|p2a: Great Tusk|0 fnt
|faint|p2a: Great Tusk
|-end|p2a: Great Tusk|Protosynthesis|[silent]
|
|win|Boxed by Po
|raw|Boxed by Po's rating: 1462 &rarr; <strong>1480</strong><br />(+18 for winning)
|raw|alt1 lord greed's rating: 1425 &rarr; <strong>1407</strong><br />(-18 for losing)
|l|☆Boxed by Po
|player|p1|
|l|☆alt1 lord greed
|player|p2|
