|j|☆TWENNY7
|j|☆calamitycow
|t:|1779600741
|gametype|singles
|player|p1|TWENNY7|hau-stance|1529
|player|p2|calamitycow|miku-water|1478
|gen|9
|tier|[Gen 9] OU
|rated|
|rule|HP Percentage Mod: HP is shown in percentages
|rule|Endless Battle Clause: Forcing endless battles is banned
|rule|Species Clause: Limit one of each Pokémon
|rule|OHKO Clause: OHKO moves are banned
|rule|Evasion Items Clause: Evasion items are banned
|rule|Evasion Moves Clause: Evasion moves are banned
|rule|Evasion Abilities Clause: Evasion abilities are banned
|rule|Sleep Moves Clause: Sleep-inducing moves are banned
|clearpoke
|poke|p1|Iron Valiant|
|poke|p1|Tyranitar, F|
|poke|p1|Zapdos|
|poke|p1|Darkrai|
|poke|p1|Okidogi, M|
|poke|p1|Ogerpon, F|
|poke|p2|Samurott-Hisui, M|
|poke|p2|Gholdengo|
|poke|p2|Revavroom, F|
|poke|p2|Landorus-Therian, M|
|poke|p2|Latios, M|
|poke|p2|Zamazenta-*|
|teampreview
|inactive|Battle timer is ON: inactive players will automatically lose when time's up. (requested by TWENNY7)
|
|t:|1779600759
|teamsize|p1|6
|teamsize|p2|6
|start
|switch|p1a: PONDER|Ogerpon, F|100/100
|switch|p2a: Landorus|Landorus-Therian, M|100/100
|-ability|p2a: Landorus|Intimidate|boost
|-unboost|p1a: PONDER|atk|1
|-ability|p1a: PONDER|Defiant|boost
|-boost|p1a: PONDER|atk|2
|turn|1
|
|t:|1779600768
|move|p1a: PONDER|Ivy Cudgel|p2a: Landorus
|-damage|p2a: Landorus|23/100
|move|p2a: Landorus|U-turn|p1a: PONDER
|-supereffective|p1a: PONDER
|-damage|p1a: PONDER|37/100
|
|t:|1779600779
|switch|p2a: Latios|Latios, M|100/100|[from] U-turn
|
|upkeep
|turn|2
|
|t:|1779600786
|switch|p1a: CODE:red|Tyranitar, F, shiny|100/100
|-weather|Sandstorm|[from] ability: Sand Stream|[of] p1a: CODE:red
|move|p2a: Latios|Draco Meteor|p1a: CODE:red
|-damage|p1a: CODE:red|68/100
|-unboost|p2a: Latios|spa|2
|-enditem|p1a: CODE:red|Red Card|[of] p2a: Latios
|drag|p2a: Revavroom|Revavroom, F|100/100
|
|-weather|Sandstorm|[upkeep]
|upkeep
|turn|3
|
|t:|1779600798
|-terastallize|p1a: CODE:red|Ghost
|move|p2a: Revavroom|Shift Gear|p2a: Revavroom
|-boost|p2a: Revavroom|spe|2
|-boost|p2a: Revavroom|atk|1
|move|p1a: CODE:red|Roar|p2a: Revavroom
|drag|p2a: Landorus|Landorus-Therian, M|23/100
|-ability|p2a: Landorus|Intimidate|boost
|-unboost|p1a: CODE:red|atk|1
|
|-weather|Sandstorm|[upkeep]
|-damage|p1a: CODE:red|61/100|[from] Sandstorm
|upkeep
|turn|4
|
|t:|1779600809
|move|p2a: Landorus|U-turn|p1a: CODE:red
|-resisted|p1a: CODE:red
|-damage|p1a: CODE:red|53/100
|
|t:|1779600811
|switch|p2a: Samurott|Samurott-Hisui, M|100/100|[from] U-turn
|move|p1a: CODE:red|Stealth Rock|p2a: Samurott
|-sidestart|p2: calamitycow|move: Stealth Rock
|
|-weather|Sandstorm|[upkeep]
|-damage|p2a: Samurott|94/100|[from] Sandstorm
|-damage|p1a: CODE:red|47/100|[from] Sandstorm
|upkeep
|turn|5
|
|t:|1779600818
|switch|p1a: CASPER|Okidogi, M|100/100
|move|p2a: Samurott|Ceaseless Edge|p1a: CASPER
|-resisted|p1a: CASPER
|-damage|p1a: CASPER|83/100
|-sidestart|p1: TWENNY7|Spikes
|
|-weather|Sandstorm|[upkeep]
|-damage|p1a: CASPER|76/100|[from] Sandstorm
|-damage|p2a: Samurott|88/100|[from] Sandstorm
|-heal|p1a: CASPER|83/100|[from] item: Leftovers
|upkeep
|turn|6
|
|t:|1779600835
|switch|p2a: Landorus|Landorus-Therian, M|23/100
|-damage|p2a: Landorus|10/100|[from] Stealth Rock
|-ability|p2a: Landorus|Intimidate|boost
|-ability|p1a: CASPER|Guard Dog|boost
|-boost|p1a: CASPER|atk|1
|move|p1a: CASPER|Knock Off|p2a: Landorus
|-damage|p2a: Landorus|0 fnt
|-damage|p1a: CASPER|66/100|[from] item: Rocky Helmet|[of] p2a: Landorus
|-enditem|p2a: Landorus|Rocky Helmet|[from] move: Knock Off|[of] p1a: CASPER
|faint|p2a: Landorus
|
|-weather|none
|-heal|p1a: CASPER|72/100|[from] item: Leftovers
|upkeep
|
|t:|1779600849
|switch|p2a: Latios|Latios, M|100/100
|-damage|p2a: Latios|88/100|[from] Stealth Rock
|turn|7
|
|t:|1779600854
|switch|p1a: CODE:red|Tyranitar, F, shiny, tera:Ghost|47/100
|-damage|p1a: CODE:red|35/100|[from] Spikes
|-weather|Sandstorm|[from] ability: Sand Stream|[of] p1a: CODE:red
|move|p2a: Latios|Psychic Noise|p1a: CODE:red
|-damage|p1a: CODE:red|5/100
|-start|p1a: CODE:red|move: Heal Block
|
|-weather|Sandstorm|[upkeep]
|-damage|p2a: Latios|82/100|[from] Sandstorm
|-damage|p1a: CODE:red|0 fnt|[from] Sandstorm
|faint|p1a: CODE:red
|upkeep
|
|t:|1779600856
|switch|p1a: PONDER|Ogerpon, F|37/100
|-damage|p1a: PONDER|25/100|[from] Spikes
|turn|8
|
|t:|1779600871
|switch|p2a: Revavroom|Revavroom, F|100/100
|-damage|p2a: Revavroom|95/100|[from] Stealth Rock
|move|p1a: PONDER|Knock Off|p2a: Revavroom
|-damage|p2a: Revavroom|54/100
|-enditem|p2a: Revavroom|Shuca Berry|[from] move: Knock Off|[of] p1a: PONDER
|
|-weather|Sandstorm|[upkeep]
|-damage|p1a: PONDER|19/100|[from] Sandstorm
|upkeep
|turn|9
|
|t:|1779600876
|move|p1a: PONDER|Knock Off|p2a: Revavroom
|-damage|p2a: Revavroom|25/100
|move|p2a: Revavroom|Shift Gear|p2a: Revavroom
|-boost|p2a: Revavroom|spe|2
|-boost|p2a: Revavroom|atk|1
|
|-weather|Sandstorm|[upkeep]
|-damage|p1a: PONDER|13/100|[from] Sandstorm
|upkeep
|turn|10
|
|t:|1779600884
|move|p2a: Revavroom|Gunk Shot|p1a: PONDER
|-supereffective|p1a: PONDER
|-damage|p1a: PONDER|0 fnt
|faint|p1a: PONDER
|
|-weather|Sandstorm|[upkeep]
|upkeep
|
|t:|1779600890
|switch|p1a: Zzz|Darkrai|100/100
|-damage|p1a: Zzz|88/100|[from] Spikes
|turn|11
|
|t:|1779600893
|move|p1a: Zzz|Dark Pulse|p2a: Revavroom
|-damage|p2a: Revavroom|0 fnt
|faint|p2a: Revavroom
|
|-weather|none
|upkeep
|
|t:|1779600903
|switch|p2a: Samurott|Samurott-Hisui, M|88/100
|-damage|p2a: Samurott|76/100|[from] Stealth Rock
|turn|12
|
|t:|1779600911
|switch|p1a: SHOXY|Zapdos|100/100
|move|p2a: Samurott|Razor Shell|p1a: SHOXY
|-damage|p1a: SHOXY|43/100
|-unboost|p1a: SHOXY|def|1
|
|upkeep
|turn|13
|
|t:|1779600917
|switch|p2a: Latios|Latios, M|82/100
|-damage|p2a: Latios|70/100|[from] Stealth Rock
|move|p1a: SHOXY|Volt Switch|p2a: Latios
|-resisted|p2a: Latios
|-damage|p2a: Latios|38/100
|
|t:|1779600920
|switch|p1a: Zzz|Darkrai|88/100|[from] Volt Switch
|-damage|p1a: Zzz|76/100|[from] Spikes
|
|upkeep
|turn|14
|
|t:|1779600926
|switch|p2a: Zamazenta|Zamazenta|100/100
|-ability|p2a: Zamazenta|Dauntless Shield|boost
|-boost|p2a: Zamazenta|def|1
|move|p1a: Zzz|Dark Pulse|p2a: Zamazenta
|-resisted|p2a: Zamazenta
|-damage|p2a: Zamazenta|85/100
|
|upkeep
|turn|15
|
|t:|1779600935
|switch|p1a: SHOXY|Zapdos|43/100
|move|p2a: Zamazenta|Roar|p1a: SHOXY
|drag|p1a: Zzz|Darkrai|76/100
|-damage|p1a: Zzz|63/100|[from] Spikes
|
|upkeep
|turn|16
|
|t:|1779600948
|move|p1a: Zzz|Trick|p2a: Zamazenta
|-activate|p1a: Zzz|move: Trick|[of] p2a: Zamazenta
|-item|p2a: Zamazenta|Choice Scarf|[from] move: Trick
|-item|p1a: Zzz|Heavy-Duty Boots|[from] move: Trick
|move|p2a: Zamazenta|Body Press|p1a: Zzz
|-supereffective|p1a: Zzz
|-damage|p1a: Zzz|0 fnt
|faint|p1a: Zzz
|
|upkeep
|
|t:|1779600952
|switch|p1a: CASPER|Okidogi, M|72/100
|-damage|p1a: CASPER|60/100|[from] Spikes
|turn|17
|
|t:|1779600961
|move|p2a: Zamazenta|Body Press|p1a: CASPER
|-resisted|p1a: CASPER
|-damage|p1a: CASPER|38/100
|move|p1a: CASPER|Bulk Up|p1a: CASPER
|-boost|p1a: CASPER|atk|1
|-boost|p1a: CASPER|def|1
|
|-heal|p1a: CASPER|45/100|[from] item: Leftovers
|upkeep
|turn|18
|
|t:|1779600967
|switch|p2a: Gholdengo|Gholdengo|100/100
|-damage|p2a: Gholdengo|94/100|[from] Stealth Rock
|-item|p2a: Gholdengo|Air Balloon
|move|p1a: CASPER|Drain Punch|p2a: Gholdengo
|-immune|p2a: Gholdengo
|
|-heal|p1a: CASPER|51/100|[from] item: Leftovers
|upkeep
|turn|19
|
|t:|1779600975
|move|p1a: CASPER|Knock Off|p2a: Gholdengo
|-supereffective|p2a: Gholdengo
|-damage|p2a: Gholdengo|33/100
|-enditem|p2a: Gholdengo|Air Balloon
|move|p2a: Gholdengo|Shadow Ball|p1a: CASPER
|-damage|p1a: CASPER|23/100
|
|-heal|p1a: CASPER|29/100|[from] item: Leftovers
|upkeep
|turn|20
|
|t:|1779600978
|move|p1a: CASPER|Knock Off|p2a: Gholdengo
|-supereffective|p2a: Gholdengo
|-damage|p2a: Gholdengo|0 fnt
|faint|p2a: Gholdengo
|
|-heal|p1a: CASPER|35/100|[from] item: Leftovers
|upkeep
|
|t:|1779600981
|switch|p2a: Latios|Latios, M|38/100
|-damage|p2a: Latios|25/100|[from] Stealth Rock
|turn|21
|
|t:|1779600986
|switch|p1a: SHOXY|Zapdos|43/100
|move|p2a: Latios|Psychic Noise|p1a: SHOXY
|-damage|p1a: SHOXY|0 fnt
|faint|p1a: SHOXY
|
|upkeep
|
|t:|1779600988
|switch|p1a: RUNE 2H|Iron Valiant|100/100
|-damage|p1a: RUNE 2H|88/100|[from] Spikes
|-enditem|p1a: RUNE 2H|Booster Energy
|-activate|p1a: RUNE 2H|ability: Quark Drive|[fromitem]
|-start|p1a: RUNE 2H|quarkdrivespe
|turn|22
|inactive|calamitycow has 120 seconds left.
|
|t:|1779601018
|move|p1a: RUNE 2H|Moonblast|p2a: Latios
|-supereffective|p2a: Latios
|-damage|p2a: Latios|0 fnt
|faint|p2a: Latios
|
|upkeep
|inactive|calamitycow has 120 seconds left.
|
|t:|1779601026
|switch|p2a: Zamazenta|Zamazenta|85/100
|-damage|p2a: Zamazenta|79/100|[from] Stealth Rock
|turn|23
|
|t:|1779601032
|move|p2a: Zamazenta|Body Press|p1a: RUNE 2H
|-resisted|p1a: RUNE 2H
|-damage|p1a: RUNE 2H|67/100
|move|p1a: RUNE 2H|Moonblast|p2a: Zamazenta
|-supereffective|p2a: Zamazenta
|-damage|p2a: Zamazenta|12/100
|
|upkeep
|turn|24
|
|t:|1779601035
|move|p2a: Zamazenta|Body Press|p1a: RUNE 2H
|-resisted|p1a: RUNE 2H
|-crit|p1a: RUNE 2H
|-damage|p1a: RUNE 2H|33/100
|move|p1a: RUNE 2H|Moonblast|p2a: Zamazenta
|-supereffective|p2a: Zamazenta
|-damage|p2a: Zamazenta|0 fnt
|faint|p2a: Zamazenta
|
|upkeep
|
|t:|1779601038
|switch|p2a: Samurott|Samurott-Hisui, M|76/100
|-damage|p2a: Samurott|64/100|[from] Stealth Rock
|turn|25
|
|t:|1779601042
|-terastallize|p2a: Samurott|Ground
|move|p1a: RUNE 2H|Moonblast|p2a: Samurott
|-damage|p2a: Samurott|28/100
|move|p2a: Samurott|Razor Shell|p1a: RUNE 2H
|-damage|p1a: RUNE 2H|0 fnt
|faint|p1a: RUNE 2H
|-end|p1a: RUNE 2H|Quark Drive|[silent]
|
|upkeep
|
|t:|1779601046
|switch|p1a: CASPER|Okidogi, M|35/100
|-damage|p1a: CASPER|23/100|[from] Spikes
|turn|26
|
|t:|1779601054
|move|p1a: CASPER|Ice Punch|p2a: Samurott
|-supereffective|p2a: Samurott
|-damage|p2a: Samurott|0 fnt
|faint|p2a: Samurott
|
|win|TWENNY7
|raw|TWENNY7's rating: 1529 &rarr; <strong>1546</strong><br />(+17 for winning)
|raw|calamitycow's rating: 1478 &rarr; <strong>1461</strong><br />(-17 for losing)
|l|☆calamitycow
|player|p2|
|l|☆TWENNY7
|player|p1|
