|j|☆Mlbebek
|j|‽andjelicpwnsu
|t:|1779683361
|gametype|singles
|player|p1|Mlbebek|depotagent|1340
|player|p2|andjelicpwnsu|wallace|1296
|gen|9
|tier|[Gen 9] OU
|rated|
|rule|HP Percentage Mod: HP is shown in percentages
|rule|Endless Battle Clause: Forcing endless battles is banned
|rule|Species Clause: Limit one of each Pokémon
|rule|OHKO Clause: OHKO moves are banned
|rule|Evasion Items Clause: Evasion items are banned
|rule|Evasion Moves Clause: Evasion moves are banned
|rule|Evasion Abilities Clause: Evasion abilities are banned
|rule|Sleep Moves Clause: Sleep-inducing moves are banned
|clearpoke
|poke|p1|Walking Wake|
|poke|p1|Overqwil, M|
|poke|p1|Basculegion, M|
|poke|p1|Goodra-Hisui, M|
|poke|p1|Pelipper, F|
|poke|p1|Iron Valiant|
|poke|p2|Hatterene, F|
|poke|p2|Iron Moth|
|poke|p2|Gliscor, M|
|poke|p2|Ogerpon-Wellspring, F|
|poke|p2|Pecharunt|
|poke|p2|Moltres-Galar|
|teampreview
|
|t:|1779683382
|teamsize|p1|6
|teamsize|p2|6
|start
|switch|p1a: Overqwil|Overqwil, M|100/100
|switch|p2a: Moltres|Moltres-Galar|100/100
|turn|1
|
|t:|1779683392
|move|p1a: Overqwil|Toxic Spikes|p2a: Moltres
|-sidestart|p2: andjelicpwnsu|move: Toxic Spikes
|move|p2a: Moltres|Hurricane|p1a: Overqwil|[miss]
|-miss|p2a: Moltres|p1a: Overqwil
|
|upkeep
|turn|2
|
|t:|1779683398
|switch|p2a: Pecharunt|Pecharunt|100/100
|-sideend|p2: andjelicpwnsu|move: Toxic Spikes|[of] p2a: Pecharunt
|move|p1a: Overqwil|Barb Barrage|p2a: Pecharunt
|-resisted|p2a: Pecharunt
|-damage|p2a: Pecharunt|97/100
|
|upkeep
|turn|3
|
|t:|1779683403
|move|p1a: Overqwil|Rain Dance|p1a: Overqwil
|-weather|RainDance
|move|p2a: Pecharunt|Parting Shot|p1a: Overqwil
|-unboost|p1a: Overqwil|atk|1
|-unboost|p1a: Overqwil|spa|1
|
|t:|1779683407
|switch|p2a: Hatterene|Hatterene, F|100/100|[from] Parting Shot
|
|-weather|RainDance|[upkeep]
|upkeep
|turn|4
|
|t:|1779683411
|move|p1a: Overqwil|Barb Barrage|p2a: Hatterene
|-supereffective|p2a: Hatterene
|-damage|p2a: Hatterene|55/100
|-status|p2a: Hatterene|psn
|move|p2a: Hatterene|Calm Mind|p2a: Hatterene
|-boost|p2a: Hatterene|spa|1
|-boost|p2a: Hatterene|spd|1
|
|-weather|RainDance|[upkeep]
|-heal|p2a: Hatterene|61/100 psn|[from] item: Leftovers
|-damage|p2a: Hatterene|49/100 psn|[from] psn
|upkeep
|turn|5
|
|t:|1779683416
|move|p1a: Overqwil|Barb Barrage|p2a: Hatterene
|-supereffective|p2a: Hatterene
|-damage|p2a: Hatterene|0 fnt
|faint|p2a: Hatterene
|
|-weather|RainDance|[upkeep]
|upkeep
|
|t:|1779683422
|switch|p2a: Ogerpon|Ogerpon-Wellspring, F|100/100
|turn|6
|
|t:|1779683427
|move|p1a: Overqwil|Barb Barrage|p2a: Ogerpon
|-supereffective|p2a: Ogerpon
|-crit|p2a: Ogerpon
|-damage|p2a: Ogerpon|0 fnt
|faint|p2a: Ogerpon
|
|-weather|RainDance|[upkeep]
|upkeep
|
|t:|1779683434
|switch|p2a: Gliscor|Gliscor, M|100/100
|turn|7
|
|t:|1779683440
|switch|p1a: Basculegion|Basculegion, M|100/100
|move|p2a: Gliscor|Earthquake|p1a: Basculegion
|-damage|p1a: Basculegion|58/100
|
|-weather|RainDance|[upkeep]
|-status|p2a: Gliscor|tox|[from] item: Toxic Orb
|upkeep
|turn|8
|
|t:|1779683446
|-terastallize|p2a: Gliscor|Normal
|move|p1a: Basculegion|Wave Crash|p2a: Gliscor
|-damage|p2a: Gliscor|15/100 tox
|-damage|p1a: Basculegion|31/100|[from] Recoil
|move|p2a: Gliscor|Earthquake|p1a: Basculegion
|-damage|p1a: Basculegion|0 fnt
|faint|p1a: Basculegion
|
|-weather|RainDance|[upkeep]
|-heal|p2a: Gliscor|27/100 tox|[from] ability: Poison Heal
|upkeep
|
|t:|1779683450
|switch|p1a: Iron Valiant|Iron Valiant|100/100
|turn|9
|
|t:|1779683453
|move|p2a: Gliscor|Protect|p2a: Gliscor
|-singleturn|p2a: Gliscor|Protect
|move|p1a: Iron Valiant|Moonblast|p2a: Gliscor
|-activate|p2a: Gliscor|move: Protect
|
|-weather|RainDance|[upkeep]
|-heal|p2a: Gliscor|40/100 tox|[from] ability: Poison Heal
|upkeep
|turn|10
|
|t:|1779683457
|switch|p2a: Pecharunt|Pecharunt|97/100
|move|p1a: Iron Valiant|Moonblast|p2a: Pecharunt
|-resisted|p2a: Pecharunt
|-damage|p2a: Pecharunt|70/100
|-unboost|p2a: Pecharunt|spa|1
|
|-weather|none
|upkeep
|turn|11
|
|t:|1779683462
|move|p1a: Iron Valiant|Psychic|p2a: Pecharunt
|-supereffective|p2a: Pecharunt
|-damage|p2a: Pecharunt|4/100
|move|p2a: Pecharunt|Malignant Chain|p1a: Iron Valiant
|-supereffective|p1a: Iron Valiant
|-damage|p1a: Iron Valiant|25/100
|
|upkeep
|turn|12
|
|t:|1779683466
|switch|p2a: Moltres|Moltres-Galar|100/100
|move|p1a: Iron Valiant|Moonblast|p2a: Moltres
|-supereffective|p2a: Moltres
|-damage|p2a: Moltres|27/100
|-ability|p2a: Moltres|Berserk|boost
|-boost|p2a: Moltres|spa|1
|-enditem|p2a: Moltres|Sitrus Berry|[eat]
|-heal|p2a: Moltres|52/100|[from] item: Sitrus Berry
|
|upkeep
|turn|13
|
|t:|1779683476
|move|p1a: Iron Valiant|Moonblast|p2a: Moltres
|-supereffective|p2a: Moltres
|-damage|p2a: Moltres|0 fnt
|faint|p2a: Moltres
|
|upkeep
|
|t:|1779683479
|switch|p2a: Iron Moth|Iron Moth, shiny|100/100
|-enditem|p2a: Iron Moth|Booster Energy
|-activate|p2a: Iron Moth|ability: Quark Drive|[fromitem]
|-start|p2a: Iron Moth|quarkdrivespe
|turn|14
|
|t:|1779683484
|-end|p1a: Iron Valiant|Quark Drive|[silent]
|switch|p1a: Pelipper|Pelipper, F|100/100
|-weather|RainDance|[from] ability: Drizzle|[of] p1a: Pelipper
|move|p2a: Iron Moth|Fiery Dance|p1a: Pelipper
|-resisted|p1a: Pelipper
|-damage|p1a: Pelipper|87/100
|-boost|p2a: Iron Moth|spa|1
|
|-weather|RainDance|[upkeep]
|upkeep
|turn|15
|
|t:|1779683489
|move|p2a: Iron Moth|Sludge Wave|p1a: Pelipper
|-damage|p1a: Pelipper|0 fnt
|faint|p1a: Pelipper
|
|-weather|RainDance|[upkeep]
|upkeep
|
|t:|1779683493
|switch|p1a: Overqwil|Overqwil, M|100/100
|turn|16
|
|t:|1779683498
|move|p1a: Overqwil|Aqua Jet|p2a: Iron Moth
|-supereffective|p2a: Iron Moth
|-damage|p2a: Iron Moth|39/100
|move|p2a: Iron Moth|Fiery Dance|p1a: Overqwil
|-damage|p1a: Overqwil|53/100
|-boost|p2a: Iron Moth|spa|1
|
|-weather|RainDance|[upkeep]
|upkeep
|turn|17
|
|t:|1779683502
|move|p1a: Overqwil|Aqua Jet|p2a: Iron Moth
|-supereffective|p2a: Iron Moth
|-damage|p2a: Iron Moth|0 fnt
|faint|p2a: Iron Moth
|-end|p2a: Iron Moth|Quark Drive|[silent]
|
|-weather|RainDance|[upkeep]
|upkeep
|
|t:|1779683506
|switch|p2a: Pecharunt|Pecharunt|4/100
|turn|18
|
|t:|1779683509
|move|p1a: Overqwil|Aqua Jet|p2a: Pecharunt
|-damage|p2a: Pecharunt|0 fnt
|faint|p2a: Pecharunt
|
|-weather|RainDance|[upkeep]
|upkeep
|
|t:|1779683533
|switch|p2a: Gliscor|Gliscor, M, tera:Normal|40/100 tox
|turn|19
|-message|andjelicpwnsu forfeited.
|
|win|Mlbebek
|raw|Mlbebek's rating: 1340 &rarr; <strong>1357</strong><br />(+17 for winning)
|raw|andjelicpwnsu's rating: 1296 &rarr; <strong>1274</strong><br />(-22 for losing)
|l|‽andjelicpwnsu
|player|p2|
|l|☆Mlbebek
|player|p1|
