|j|☆deslumbre
|j|☆schoolwifisucks22
|t:|1779586211
|gametype|singles
|player|p1|deslumbre|iris-gen5bw2|1115
|player|p2|schoolwifisucks22|swimmerf|1179
|gen|9
|tier|[Gen 9] OU
|rated|
|rule|HP Percentage Mod: HP is shown in percentages
|rule|Endless Battle Clause: Forcing endless battles is banned
|rule|Species Clause: Limit one of each Pokémon
|rule|OHKO Clause: OHKO moves are banned
|rule|Evasion Items Clause: Evasion items are banned
|rule|Evasion Moves Clause: Evasion moves are banned
|rule|Evasion Abilities Clause: Evasion abilities are banned
|rule|Sleep Moves Clause: Sleep-inducing moves are banned
|clearpoke
|poke|p1|Primarina, F|
|poke|p1|Oricorio-Sensu, F|
|poke|p1|Sawsbuck-Autumn, F|
|poke|p1|Mienshao, F|
|poke|p1|Goodra, M|
|poke|p1|Delphox, F|
|poke|p2|Dragapult, M|
|poke|p2|Ogerpon, F|
|poke|p2|Great Tusk|
|poke|p2|Magnezone|
|poke|p2|Cinderace, M|
|poke|p2|Slowking-Galar, M|
|teampreview
|inactive|Battle timer is ON: inactive players will automatically lose when time's up. (requested by schoolwifisucks22)
|inactive|schoolwifisucks22 has 120 seconds left.
|
|t:|1779586246
|teamsize|p1|6
|teamsize|p2|6
|start
|switch|p1a: Delphox|Delphox, F|100/100
|switch|p2a: Megatron|Magnezone|100/100
|turn|1
|
|t:|1779586254
|move|p1a: Delphox|Flamethrower|p2a: Megatron
|-supereffective|p2a: Megatron
|-damage|p2a: Megatron|0 fnt
|faint|p2a: Megatron
|
|upkeep
|
|t:|1779586262
|switch|p2a: Address me...|Great Tusk|100/100
|turn|2
|
|t:|1779586276
|move|p2a: Address me...|Knock Off|p1a: Delphox
|-supereffective|p1a: Delphox
|-damage|p1a: Delphox|0 fnt
|-enditem|p1a: Delphox|Expert Belt|[from] move: Knock Off|[of] p2a: Address me...
|faint|p1a: Delphox
|
|upkeep
|
|t:|1779586286
|switch|p1a: Oricorio|Oricorio-Sensu, F|100/100
|turn|3
|
|t:|1779586291
|move|p2a: Address me...|Knock Off|p1a: Oricorio
|-supereffective|p1a: Oricorio
|-damage|p1a: Oricorio|0 fnt
|-enditem|p1a: Oricorio|Heavy-Duty Boots|[from] move: Knock Off|[of] p2a: Address me...
|faint|p1a: Oricorio
|
|upkeep
|
|t:|1779586302
|switch|p1a: Ariel|Primarina, F, shiny|100/100
|turn|4
|
|t:|1779586306
|move|p2a: Address me...|Knock Off|p1a: Ariel
|-resisted|p1a: Ariel
|-damage|p1a: Ariel|80/100
|-enditem|p1a: Ariel|Assault Vest|[from] move: Knock Off|[of] p2a: Address me...
|move|p1a: Ariel|Sparkling Aria|p2a: Address me...
|-supereffective|p2a: Address me...
|-damage|p2a: Address me...|0 fnt
|faint|p2a: Address me...
|-end|p2a: Address me...|Protosynthesis|[silent]
|
|upkeep
|
|t:|1779586311
|switch|p2a: Dream|Ogerpon, F|100/100
|turn|5
|
|t:|1779586320
|switch|p1a: Goodra|Goodra, M|100/100
|move|p2a: Dream|Swords Dance|p2a: Dream
|-boost|p2a: Dream|atk|2
|
|upkeep
|turn|6
|
|t:|1779586328
|move|p2a: Dream|Low Kick|p1a: Goodra
|-damage|p1a: Goodra|49/100
|-ability|p1a: Goodra|Gooey
|-unboost|p2a: Dream|spe|1
|-ability|p2a: Dream|Defiant|boost
|-boost|p2a: Dream|atk|2
|-enditem|p2a: Dream|White Herb
|-clearnegativeboost|p2a: Dream|[silent]
|move|p1a: Goodra|Flamethrower|p2a: Dream
|-supereffective|p2a: Dream
|-damage|p2a: Dream|34/100
|
|upkeep
|turn|7
|
|t:|1779586340
|move|p2a: Dream|Horn Leech|p1a: Goodra
|-resisted|p1a: Goodra
|-damage|p1a: Goodra|3/100
|-heal|p2a: Dream|63/100|[from] drain|[of] p1a: Goodra
|-ability|p1a: Goodra|Gooey
|-unboost|p2a: Dream|spe|1
|-ability|p2a: Dream|Defiant|boost
|-boost|p2a: Dream|atk|2
|move|p1a: Goodra|Flamethrower|p2a: Dream
|-supereffective|p2a: Dream
|-damage|p2a: Dream|2/100
|
|upkeep
|turn|8
|
|t:|1779586353
|move|p2a: Dream|Horn Leech|p1a: Goodra
|-resisted|p1a: Goodra
|-damage|p1a: Goodra|0 fnt
|-heal|p2a: Dream|4/100|[from] drain|[of] p1a: Goodra
|-ability|p1a: Goodra|Gooey
|-unboost|p2a: Dream|spe|1
|-boost|p2a: Dream|atk|0
|faint|p1a: Goodra
|
|upkeep
|
|t:|1779586365
|switch|p1a: Mienshao|Mienshao, F, shiny|100/100
|turn|9
|
|t:|1779586369
|move|p1a: Mienshao|Fake Out|p2a: Dream
|-damage|p2a: Dream|0 fnt
|faint|p2a: Dream
|
|upkeep
|
|t:|1779586372
|switch|p2a: Simon|Slowking-Galar, M|100/100
|turn|10
|
|t:|1779586381
|switch|p1a: Sawsbuck|Sawsbuck-Autumn, F, shiny|100/100
|move|p2a: Simon|Trick|p1a: Sawsbuck
|-activate|p2a: Simon|move: Trick|[of] p1a: Sawsbuck
|-item|p1a: Sawsbuck|Lagging Tail|[from] move: Trick
|-item|p2a: Simon|Choice Scarf|[from] move: Trick
|
|upkeep
|turn|11
|
|t:|1779586392
|move|p2a: Simon|Toxic|p1a: Sawsbuck
|-status|p1a: Sawsbuck|tox
|move|p1a: Sawsbuck|Stomping Tantrum|p2a: Simon
|-supereffective|p2a: Simon
|-damage|p2a: Simon|53/100
|
|-damage|p1a: Sawsbuck|95/100 tox|[from] psn
|upkeep
|turn|12
|
|t:|1779586402
|switch|p2a: iShowMeat|Cinderace, M|100/100
|move|p1a: Sawsbuck|Stomping Tantrum|p2a: iShowMeat
|-supereffective|p2a: iShowMeat
|-damage|p2a: iShowMeat|38/100
|
|-damage|p1a: Sawsbuck|83/100 tox|[from] psn
|upkeep
|turn|13
|
|t:|1779586411
|move|p2a: iShowMeat|Pyro Ball|p1a: Sawsbuck
|-supereffective|p1a: Sawsbuck
|-damage|p1a: Sawsbuck|0 fnt
|faint|p1a: Sawsbuck
|
|upkeep
|
|t:|1779586424
|switch|p1a: Ariel|Primarina, F, shiny|80/100
|turn|14
|
|t:|1779586430
|move|p2a: iShowMeat|Will-O-Wisp|p1a: Ariel|[miss]
|-miss|p2a: iShowMeat|p1a: Ariel
|move|p1a: Ariel|Sparkling Aria|p2a: iShowMeat
|-supereffective|p2a: iShowMeat
|-damage|p2a: iShowMeat|0 fnt
|faint|p2a: iShowMeat
|
|upkeep
|
|t:|1779586434
|switch|p2a: Simon|Slowking-Galar, M|87/100
|turn|15
|l|☆schoolwifisucks22
|inactive|schoolwifisucks22 disconnected and has a minute to reconnect!
|player|p2|
|
|t:|1779586443
|move|p1a: Ariel|Sparkling Aria|p2a: Simon
|-damage|p2a: Simon|59/100
|move|p2a: Simon|Trick|p1a: Ariel
|-activate|p2a: Simon|move: Trick|[of] p1a: Ariel
|-item|p1a: Ariel|Choice Scarf|[from] move: Trick
|-enditem|p2a: Simon|Choice Scarf|[silent]|[from] move: Trick
|
|upkeep
|turn|16
|inactive|schoolwifisucks22 has 30 seconds to reconnect!
|inactive|schoolwifisucks22 has 20 seconds to reconnect!
|inactive|schoolwifisucks22 has 15 seconds to reconnect!
|inactive|schoolwifisucks22 has 10 seconds to reconnect!
|inactive|schoolwifisucks22 has 5 seconds to reconnect!
|-message|schoolwifisucks22 lost due to inactivity.
|
|win|deslumbre
|raw|deslumbre's rating: 1115 &rarr; <strong>1145</strong><br />(+30 for winning)
|raw|schoolwifisucks22's rating: 1179 &rarr; <strong>1149</strong><br />(-30 for losing)
|l|☆deslumbre
|player|p1|
|j|☆schoolwifisucks22
|player|p2|schoolwifisucks22|swimmerf|
|l|☆schoolwifisucks22
|player|p2|
