|j|☆ballsboyy
|j|☆NewNewNwAcc
|t:|1779600038
|gametype|singles
|player|p1|ballsboyy|101|1175
|player|p2|NewNewNwAcc|hooligans|1230
|gen|9
|tier|[Gen 9] OU
|rated|
|rule|HP Percentage Mod: HP is shown in percentages
|rule|Endless Battle Clause: Forcing endless battles is banned
|rule|Species Clause: Limit one of each Pokémon
|rule|OHKO Clause: OHKO moves are banned
|rule|Evasion Items Clause: Evasion items are banned
|rule|Evasion Moves Clause: Evasion moves are banned
|rule|Evasion Abilities Clause: Evasion abilities are banned
|rule|Sleep Moves Clause: Sleep-inducing moves are banned
|clearpoke
|poke|p1|Kingdra, F|
|poke|p1|Grimmsnarl, M|
|poke|p1|Pelipper, F|
|poke|p1|Raging Bolt|
|poke|p1|Great Tusk|
|poke|p1|Gholdengo|
|poke|p2|Orthworm, M|
|poke|p2|Gliscor, F|
|poke|p2|Meowscarada, F|
|poke|p2|Ting-Lu|
|poke|p2|Dragonite, M|
|poke|p2|Sinistcha|
|teampreview
|inactive|Battle timer is ON: inactive players will automatically lose when time's up. (requested by NewNewNwAcc)
|
|t:|1779600060
|teamsize|p1|6
|teamsize|p2|6
|start
|switch|p1a: Kingdra|Kingdra, F|100/100
|switch|p2a: Dragonite|Dragonite, M|100/100
|turn|1
|
|t:|1779600065
|-terastallize|p1a: Kingdra|Water
|move|p1a: Kingdra|Focus Energy|p1a: Kingdra
|-start|p1a: Kingdra|move: Focus Energy
|move|p2a: Dragonite|Dragon Tail|p1a: Kingdra
|-damage|p1a: Kingdra|60/100
|drag|p1a: Grimmsnarl|Grimmsnarl, M|100/100
|
|upkeep
|turn|2
|
|t:|1779600071
|move|p1a: Grimmsnarl|Spirit Break|p2a: Dragonite
|-supereffective|p2a: Dragonite
|-damage|p2a: Dragonite|71/100
|-unboost|p2a: Dragonite|spa|1
|move|p2a: Dragonite|Dragon Tail|p1a: Grimmsnarl
|-immune|p1a: Grimmsnarl
|
|upkeep
|turn|3
|
|t:|1779600078
|move|p1a: Grimmsnarl|Reflect|p1a: Grimmsnarl
|-sidestart|p1: ballsboyy|Reflect
|move|p2a: Dragonite|Roost|p2a: Dragonite
|-heal|p2a: Dragonite|100/100
|-singleturn|p2a: Dragonite|move: Roost
|
|upkeep
|turn|4
|
|t:|1779600095
|switch|p2a: Ting-Lu|Ting-Lu|100/100
|-ability|p2a: Ting-Lu|Vessel of Ruin
|move|p1a: Grimmsnarl|Light Screen|p1a: Grimmsnarl
|-sidestart|p1: ballsboyy|move: Light Screen
|
|upkeep
|turn|5
|
|t:|1779600102
|move|p1a: Grimmsnarl|Spirit Break|p2a: Ting-Lu
|-supereffective|p2a: Ting-Lu
|-damage|p2a: Ting-Lu|66/100
|-unboost|p2a: Ting-Lu|spa|1
|move|p2a: Ting-Lu|Stealth Rock|p1a: Grimmsnarl
|-sidestart|p1: ballsboyy|move: Stealth Rock
|
|-heal|p2a: Ting-Lu|72/100|[from] item: Leftovers
|upkeep
|turn|6
|
|t:|1779600108
|switch|p1a: Kingdra|Kingdra, F, tera:Water|60/100
|-damage|p1a: Kingdra|48/100|[from] Stealth Rock
|move|p2a: Ting-Lu|Whirlwind|p1a: Kingdra
|drag|p1a: Great Tusk|Great Tusk|100/100
|-damage|p1a: Great Tusk|98/100|[from] Stealth Rock
|
|-heal|p1a: Great Tusk|100/100|[from] item: Leftovers
|-heal|p2a: Ting-Lu|79/100|[from] item: Leftovers
|upkeep
|turn|7
|
|t:|1779600117
|switch|p2a: Orthworm|Orthworm, M|100/100
|move|p1a: Great Tusk|Stealth Rock|p2a: Orthworm
|-sidestart|p2: NewNewNwAcc|move: Stealth Rock
|
|upkeep
|turn|8
|
|t:|1779600128
|move|p1a: Great Tusk|Knock Off|p2a: Orthworm
|-damage|p2a: Orthworm|78/100
|-enditem|p2a: Orthworm|Leftovers|[from] move: Knock Off|[of] p1a: Great Tusk
|move|p2a: Orthworm|Spikes|p1a: Great Tusk
|-sidestart|p1: ballsboyy|Spikes
|
|upkeep
|turn|9
|
|t:|1779600135
|move|p1a: Great Tusk|Rapid Spin|p2a: Orthworm
|-resisted|p2a: Orthworm
|-damage|p2a: Orthworm|73/100
|-boost|p1a: Great Tusk|spe|1
|-sideend|p1: ballsboyy|Spikes|[from] move: Rapid Spin|[of] p1a: Great Tusk
|-sideend|p1: ballsboyy|Stealth Rock|[from] move: Rapid Spin|[of] p1a: Great Tusk
|move|p2a: Orthworm|Spikes|p1a: Great Tusk
|-sidestart|p1: ballsboyy|Spikes
|
|upkeep
|turn|10
|
|t:|1779600140
|-end|p1a: Great Tusk|Protosynthesis|[silent]
|switch|p1a: Gholdengo|Gholdengo|100/100
|-item|p1a: Gholdengo|Air Balloon
|switch|p2a: Sinistcha|Sinistcha|100/100
|
|-sideend|p1: ballsboyy|Reflect
|upkeep
|turn|11
|
|t:|1779600144
|switch|p2a: Ting-Lu|Ting-Lu|79/100
|-damage|p2a: Ting-Lu|72/100|[from] Stealth Rock
|-ability|p2a: Ting-Lu|Vessel of Ruin
|move|p1a: Gholdengo|Shadow Ball|p2a: Ting-Lu
|-resisted|p2a: Ting-Lu
|-damage|p2a: Ting-Lu|63/100
|-unboost|p2a: Ting-Lu|spd|1
|
|-heal|p2a: Ting-Lu|69/100|[from] item: Leftovers
|-sideend|p1: ballsboyy|move: Light Screen
|upkeep
|turn|12
|
|t:|1779600149
|move|p1a: Gholdengo|Nasty Plot|p1a: Gholdengo
|-boost|p1a: Gholdengo|spa|2
|move|p2a: Ting-Lu|Stealth Rock|p1a: Gholdengo
|-sidestart|p1: ballsboyy|move: Stealth Rock
|
|-heal|p2a: Ting-Lu|75/100|[from] item: Leftovers
|upkeep
|turn|13
|
|t:|1779600155
|move|p1a: Gholdengo|Focus Blast|p2a: Ting-Lu
|-supereffective|p2a: Ting-Lu
|-damage|p2a: Ting-Lu|0 fnt
|faint|p2a: Ting-Lu
|
|upkeep
|
|t:|1779600167
|switch|p2a: Meowscarada|Meowscarada, F|100/100
|-damage|p2a: Meowscarada|88/100|[from] Stealth Rock
|turn|14
|
|t:|1779600175
|move|p2a: Meowscarada|Knock Off|p1a: Gholdengo
|-start|p2a: Meowscarada|typechange|Dark|[from] ability: Protean
|-supereffective|p1a: Gholdengo
|-crit|p1a: Gholdengo
|-damage|p1a: Gholdengo|0 fnt
|-enditem|p1a: Gholdengo|Air Balloon
|faint|p1a: Gholdengo
|
|upkeep
|
|t:|1779600183
|switch|p1a: Great Tusk|Great Tusk|100/100
|-damage|p1a: Great Tusk|88/100|[from] Spikes
|-damage|p1a: Great Tusk|85/100|[from] Stealth Rock
|turn|15
|
|t:|1779600186
|switch|p2a: Sinistcha|Sinistcha|100/100
|move|p1a: Great Tusk|Rapid Spin|p2a: Sinistcha
|-immune|p2a: Sinistcha
|
|-heal|p1a: Great Tusk|91/100|[from] item: Leftovers
|upkeep
|turn|16
|
|t:|1779600198
|move|p1a: Great Tusk|Knock Off|p2a: Sinistcha
|-supereffective|p2a: Sinistcha
|-damage|p2a: Sinistcha|53/100
|-enditem|p2a: Sinistcha|Heavy-Duty Boots|[from] move: Knock Off|[of] p1a: Great Tusk
|move|p2a: Sinistcha|Matcha Gotcha|p1a: Great Tusk
|-supereffective|p1a: Great Tusk
|-damage|p1a: Great Tusk|0 fnt
|-heal|p2a: Sinistcha|100/100|[from] drain|[of] p1a: Great Tusk
|faint|p1a: Great Tusk
|-end|p1a: Great Tusk|Protosynthesis|[silent]
|
|upkeep
|
|t:|1779600209
|switch|p1a: Grimmsnarl|Grimmsnarl, M|100/100
|-damage|p1a: Grimmsnarl|88/100|[from] Spikes
|-damage|p1a: Grimmsnarl|75/100|[from] Stealth Rock
|turn|17
|
|t:|1779600231
|move|p1a: Grimmsnarl|Reflect|p1a: Grimmsnarl
|-sidestart|p1: ballsboyy|Reflect
|move|p2a: Sinistcha|Calm Mind|p2a: Sinistcha
|-boost|p2a: Sinistcha|spa|1
|-boost|p2a: Sinistcha|spd|1
|
|upkeep
|turn|18
|
|t:|1779600238
|move|p1a: Grimmsnarl|Light Screen|p1a: Grimmsnarl
|-sidestart|p1: ballsboyy|move: Light Screen
|move|p2a: Sinistcha|Calm Mind|p2a: Sinistcha
|-boost|p2a: Sinistcha|spa|1
|-boost|p2a: Sinistcha|spd|1
|
|upkeep
|turn|19
|
|t:|1779600245
|move|p1a: Grimmsnarl|Parting Shot|p2a: Sinistcha
|-unboost|p2a: Sinistcha|atk|1
|-unboost|p2a: Sinistcha|spa|1
|
|t:|1779600250
|switch|p1a: Pelipper|Pelipper, F|100/100|[from] Parting Shot
|-damage|p1a: Pelipper|76/100|[from] Stealth Rock
|-weather|RainDance|[from] ability: Drizzle|[of] p1a: Pelipper
|move|p2a: Sinistcha|Calm Mind|p2a: Sinistcha
|-boost|p2a: Sinistcha|spa|1
|-boost|p2a: Sinistcha|spd|1
|
|-weather|RainDance|[upkeep]
|upkeep
|turn|20
|
|t:|1779600255
|move|p2a: Sinistcha|Matcha Gotcha|p1a: Pelipper
|-damage|p1a: Pelipper|33/100
|move|p1a: Pelipper|Hurricane|p2a: Sinistcha
|-supereffective|p2a: Sinistcha
|-damage|p2a: Sinistcha|66/100
|-start|p2a: Sinistcha|confusion
|
|-weather|RainDance|[upkeep]
|upkeep
|turn|21
|
|t:|1779600264
|-activate|p2a: Sinistcha|confusion
|move|p2a: Sinistcha|Matcha Gotcha|p1a: Pelipper
|-damage|p1a: Pelipper|0 fnt
|-heal|p2a: Sinistcha|81/100|[from] drain|[of] p1a: Pelipper
|faint|p1a: Pelipper
|
|-weather|RainDance|[upkeep]
|upkeep
|
|t:|1779600268
|switch|p1a: Kingdra|Kingdra, F, tera:Water|48/100
|-damage|p1a: Kingdra|35/100|[from] Spikes
|-damage|p1a: Kingdra|23/100|[from] Stealth Rock
|turn|22
|
|t:|1779600274
|move|p1a: Kingdra|Draco Meteor|p2a: Sinistcha
|-damage|p2a: Sinistcha|53/100
|-unboost|p1a: Kingdra|spa|2
|-activate|p2a: Sinistcha|confusion
|move|p2a: Sinistcha|Matcha Gotcha|p1a: Kingdra
|-supereffective|p1a: Kingdra
|-damage|p1a: Kingdra|0 fnt
|-heal|p2a: Sinistcha|62/100|[from] drain|[of] p1a: Kingdra
|faint|p1a: Kingdra
|
|-weather|RainDance|[upkeep]
|upkeep
|
|t:|1779600283
|switch|p1a: Grimmsnarl|Grimmsnarl, M|75/100
|-damage|p1a: Grimmsnarl|63/100|[from] Spikes
|-damage|p1a: Grimmsnarl|50/100|[from] Stealth Rock
|turn|23
|
|t:|1779600287
|move|p1a: Grimmsnarl|Parting Shot|p2a: Sinistcha
|-unboost|p2a: Sinistcha|atk|1
|-unboost|p2a: Sinistcha|spa|1
|
|t:|1779600291
|switch|p1a: Raging Bolt|Raging Bolt|100/100|[from] Parting Shot
|-damage|p1a: Raging Bolt|88/100|[from] Spikes
|-damage|p1a: Raging Bolt|76/100|[from] Stealth Rock
|-enditem|p1a: Raging Bolt|Booster Energy
|-activate|p1a: Raging Bolt|ability: Protosynthesis|[fromitem]
|-start|p1a: Raging Bolt|protosynthesisspa
|-activate|p2a: Sinistcha|confusion
|move|p2a: Sinistcha|Matcha Gotcha|p1a: Raging Bolt
|-resisted|p1a: Raging Bolt
|-damage|p1a: Raging Bolt|64/100
|-heal|p2a: Sinistcha|69/100|[from] drain|[of] p1a: Raging Bolt
|
|-weather|RainDance|[upkeep]
|upkeep
|turn|24
|
|t:|1779600297
|move|p1a: Raging Bolt|Calm Mind|p1a: Raging Bolt
|-boost|p1a: Raging Bolt|spa|1
|-boost|p1a: Raging Bolt|spd|1
|-end|p2a: Sinistcha|confusion
|move|p2a: Sinistcha|Shadow Ball|p1a: Raging Bolt
|-damage|p1a: Raging Bolt|49/100
|
|-weather|RainDance|[upkeep]
|-sideend|p1: ballsboyy|Reflect
|upkeep
|turn|25
|
|t:|1779600304
|move|p1a: Raging Bolt|Draco Meteor|p2a: Sinistcha|[miss]
|-miss|p1a: Raging Bolt|p2a: Sinistcha
|move|p2a: Sinistcha|Calm Mind|p2a: Sinistcha
|-boost|p2a: Sinistcha|spa|1
|-boost|p2a: Sinistcha|spd|1
|
|-weather|RainDance|[upkeep]
|-sideend|p1: ballsboyy|move: Light Screen
|upkeep
|turn|26
|
|t:|1779600307
|move|p1a: Raging Bolt|Draco Meteor|p2a: Sinistcha
|-damage|p2a: Sinistcha|7/100
|-unboost|p1a: Raging Bolt|spa|2
|move|p2a: Sinistcha|Calm Mind|p2a: Sinistcha
|-boost|p2a: Sinistcha|spa|1
|-boost|p2a: Sinistcha|spd|1
|
|-weather|none
|upkeep
|turn|27
|
|t:|1779600311
|move|p1a: Raging Bolt|Thunderclap||[still]
|-fail|p1a: Raging Bolt
|move|p2a: Sinistcha|Strength Sap|p1a: Raging Bolt
|-unboost|p1a: Raging Bolt|atk|1
|-heal|p2a: Sinistcha|51/100
|
|upkeep
|turn|28
|
|t:|1779600314
|move|p1a: Raging Bolt|Thunderbolt|p2a: Sinistcha
|-resisted|p2a: Sinistcha
|-damage|p2a: Sinistcha|43/100
|move|p2a: Sinistcha|Shadow Ball|p1a: Raging Bolt
|-damage|p1a: Raging Bolt|0 fnt
|faint|p1a: Raging Bolt
|-end|p1a: Raging Bolt|Protosynthesis|[silent]
|
|upkeep
|-message|ballsboyy forfeited.
|
|win|NewNewNwAcc
|raw|ballsboyy's rating: 1175 &rarr; <strong>1154</strong><br />(-21 for losing)
|raw|NewNewNwAcc's rating: 1230 &rarr; <strong>1251</strong><br />(+21 for winning)
|l|☆ballsboyy
|player|p1|
|l|☆NewNewNwAcc
|player|p2|
