|j|☆solaire23
|j|☆91mht
|t:|1779628575
|gametype|singles
|player|p1|solaire23|170|1137
|player|p2|91mht|rosa|1159
|gen|9
|tier|[Gen 9] OU
|rated|
|rule|HP Percentage Mod: HP is shown in percentages
|rule|Endless Battle Clause: Forcing endless battles is banned
|rule|Species Clause: Limit one of each Pokémon
|rule|OHKO Clause: OHKO moves are banned
|rule|Evasion Items Clause: Evasion items are banned
|rule|Evasion Moves Clause: Evasion moves are banned
|rule|Evasion Abilities Clause: Evasion abilities are banned
|rule|Sleep Moves Clause: Sleep-inducing moves are banned
|clearpoke
|poke|p1|Dondozo, F|
|poke|p1|Sinistcha-Masterpiece|
|poke|p1|Garganacl, M|
|poke|p1|Corviknight, M|
|poke|p1|Gliscor, M|
|poke|p1|Hoopa-Unbound|
|poke|p2|Darkrai|
|poke|p2|Riolu, M|
|poke|p2|Weezing-Galar, F|
|poke|p2|Alomomola, F|
|poke|p2|Latias, F|
|poke|p2|Ceruledge, M|
|teampreview
|inactive|Battle timer is ON: inactive players will automatically lose when time's up. (requested by 91mht)
|
|t:|1779628590
|teamsize|p1|6
|teamsize|p2|6
|start
|switch|p1a: Hoopa|Hoopa-Unbound|100/100
|switch|p2a: Weezing|Weezing-Galar, F|100/100
|-ability|p2a: Weezing|Neutralizing Gas
|turn|1
|
|t:|1779628597
|move|p1a: Hoopa|Zen Headbutt|p2a: Weezing
|-supereffective|p2a: Weezing
|-damage|p2a: Weezing|41/100
|move|p2a: Weezing|Toxic|p1a: Hoopa
|-status|p1a: Hoopa|tox
|
|-heal|p2a: Weezing|47/100|[from] item: Black Sludge
|-damage|p1a: Hoopa|95/100 tox|[from] psn
|upkeep
|turn|2
|
|t:|1779628611
|-end|p2a: Weezing|ability: Neutralizing Gas
|switch|p2a: Darkrai|Darkrai|100/100
|move|p1a: Hoopa|Zen Headbutt|p2a: Darkrai
|-immune|p2a: Darkrai
|
|-damage|p1a: Hoopa|83/100 tox|[from] psn
|upkeep
|turn|3
|
|t:|1779628627
|switch|p1a: Gliscor|Gliscor, M|100/100
|move|p2a: Darkrai|Sludge Bomb|p1a: Gliscor
|-resisted|p1a: Gliscor
|-damage|p1a: Gliscor|87/100
|
|-status|p1a: Gliscor|tox|[from] item: Toxic Orb
|upkeep
|turn|4
|
|t:|1779628641
|switch|p2a: Weezing|Weezing-Galar, F|47/100
|-ability|p2a: Weezing|Neutralizing Gas
|move|p1a: Gliscor|Toxic|p2a: Weezing
|-immune|p2a: Weezing
|
|-heal|p2a: Weezing|53/100|[from] item: Black Sludge
|-damage|p1a: Gliscor|81/100 tox|[from] psn
|upkeep
|turn|5
|inactiveoff|Battle timer is now OFF.
|inactive|Battle timer is ON: inactive players will automatically lose when time's up. (requested by solaire23)
|inactive|91mht has 120 seconds left.
|
|t:|1779628686
|move|p1a: Gliscor|Knock Off|p2a: Weezing
|-resisted|p2a: Weezing
|-crit|p2a: Weezing
|-damage|p2a: Weezing|44/100
|-enditem|p2a: Weezing|Black Sludge|[from] move: Knock Off|[of] p1a: Gliscor
|move|p2a: Weezing|Pain Split|p1a: Gliscor
|-sethp|p1a: Gliscor|61/100 tox|[from] move: Pain Split|[silent]
|-sethp|p2a: Weezing|65/100|[from] move: Pain Split
|
|-damage|p1a: Gliscor|49/100 tox|[from] psn
|upkeep
|turn|6
|
|t:|1779628702
|switch|p1a: Hoopa|Hoopa-Unbound|83/100 tox
|move|p2a: Weezing|Will-O-Wisp||[still]
|-fail|p2a: Weezing
|
|-damage|p1a: Hoopa|77/100 tox|[from] psn
|upkeep
|turn|7
|
|t:|1779628715
|-end|p2a: Weezing|ability: Neutralizing Gas
|switch|p2a: Alomomola|Alomomola, F|100/100
|move|p1a: Hoopa|Hyperspace Fury|p2a: Alomomola
|-damage|p2a: Alomomola|67/100
|-unboost|p1a: Hoopa|def|1
|
|-heal|p2a: Alomomola|73/100|[from] item: Leftovers
|-damage|p1a: Hoopa|65/100 tox|[from] psn
|upkeep
|turn|8
|
|t:|1779628726
|switch|p1a: Garganacl|Garganacl, M|100/100
|move|p2a: Alomomola|Protect||[still]
|-fail|p2a: Alomomola
|
|-heal|p2a: Alomomola|79/100|[from] item: Leftovers
|upkeep
|turn|9
|
|t:|1779628736
|move|p1a: Garganacl|Salt Cure|p2a: Alomomola
|-damage|p2a: Alomomola|72/100
|-start|p2a: Alomomola|Salt Cure
|move|p2a: Alomomola|Mirror Coat||[still]
|-fail|p2a: Alomomola
|
|-heal|p2a: Alomomola|78/100|[from] item: Leftovers
|-damage|p2a: Alomomola|53/100|[from] Salt Cure
|upkeep
|turn|10
|
|t:|1779628744
|move|p1a: Garganacl|Protect|p1a: Garganacl
|-singleturn|p1a: Garganacl|Protect
|move|p2a: Alomomola|Wish|p2a: Alomomola
|
|-heal|p2a: Alomomola|59/100|[from] item: Leftovers
|-damage|p2a: Alomomola|35/100|[from] Salt Cure
|upkeep
|turn|11
|inactive|91mht has 120 seconds left.
|
|t:|1779628751
|move|p2a: Alomomola|Flip Turn|p1a: Garganacl
|-supereffective|p1a: Garganacl
|-damage|p1a: Garganacl|76/100
|inactive|91mht has 120 seconds left.
|
|t:|1779628756
|switch|p2a: Weezing|Weezing-Galar, F|65/100|[from] Flip Turn
|-ability|p2a: Weezing|Neutralizing Gas
|move|p1a: Garganacl|Iron Defense|p1a: Garganacl
|-boost|p1a: Garganacl|def|2
|
|-heal|p2a: Weezing|100/100|[from] move: Wish|[wisher] Alomomola
|-heal|p1a: Garganacl|82/100|[from] item: Leftovers
|upkeep
|turn|12
|inactive|91mht has 120 seconds left.
|
|t:|1779628787
|switch|p1a: Hoopa|Hoopa-Unbound|65/100 tox
|move|p2a: Weezing|Toxic|p1a: Hoopa
|-fail|p1a: Hoopa|tox
|
|-damage|p1a: Hoopa|59/100 tox|[from] psn
|upkeep
|turn|13
|
|t:|1779628794
|-end|p2a: Weezing|ability: Neutralizing Gas
|switch|p2a: Alomomola|Alomomola, F|68/100
|move|p1a: Hoopa|Zen Headbutt|p2a: Alomomola
|-damage|p2a: Alomomola|44/100
|
|-heal|p2a: Alomomola|50/100|[from] item: Leftovers
|-damage|p1a: Hoopa|47/100 tox|[from] psn
|upkeep
|turn|14
|inactive|91mht has 90 seconds left.
|
|t:|1779628823
|switch|p1a: Gliscor|Gliscor, M|49/100 tox
|move|p2a: Alomomola|Protect||[still]
|-fail|p2a: Alomomola
|
|-heal|p2a: Alomomola|56/100|[from] item: Leftovers
|-heal|p1a: Gliscor|61/100 tox|[from] ability: Poison Heal
|upkeep
|turn|15
|
|t:|1779628833
|switch|p1a: Garganacl|Garganacl, M|82/100
|move|p2a: Alomomola|Wish|p2a: Alomomola
|
|-heal|p2a: Alomomola|62/100|[from] item: Leftovers
|-heal|p1a: Garganacl|89/100|[from] item: Leftovers
|upkeep
|turn|16
|inactive|91mht has 90 seconds left.
|
|t:|1779628852
|move|p2a: Alomomola|Protect|p2a: Alomomola
|-singleturn|p2a: Alomomola|Protect
|move|p1a: Garganacl|Salt Cure|p2a: Alomomola
|-activate|p2a: Alomomola|move: Protect
|
|-heal|p2a: Alomomola|100/100|[from] move: Wish|[wisher] Alomomola
|-heal|p1a: Garganacl|95/100|[from] item: Leftovers
|upkeep
|turn|17
|inactive|91mht has 90 seconds left.
|
|t:|1779628865
|move|p2a: Alomomola|Flip Turn|p1a: Garganacl
|-supereffective|p1a: Garganacl
|-damage|p1a: Garganacl|72/100
|inactive|91mht has 90 seconds left.
|
|t:|1779628876
|switch|p2a: Weezing|Weezing-Galar, F|100/100|[from] Flip Turn
|-ability|p2a: Weezing|Neutralizing Gas
|move|p1a: Garganacl|Salt Cure|p2a: Weezing
|-damage|p2a: Weezing|91/100
|-start|p2a: Weezing|Salt Cure
|
|-heal|p1a: Garganacl|78/100|[from] item: Leftovers
|-damage|p2a: Weezing|79/100|[from] Salt Cure
|upkeep
|turn|18
|inactive|91mht has 90 seconds left.
|
|t:|1779628891
|move|p1a: Garganacl|Protect|p1a: Garganacl
|-singleturn|p1a: Garganacl|Protect
|move|p2a: Weezing|Toxic|p1a: Garganacl
|-activate|p1a: Garganacl|move: Protect
|
|-heal|p1a: Garganacl|84/100|[from] item: Leftovers
|-damage|p2a: Weezing|67/100|[from] Salt Cure
|upkeep
|turn|19
|inactive|91mht has 90 seconds left.
|
|t:|1779628900
|switch|p1a: Corviknight|Corviknight, M|100/100
|move|p2a: Weezing|Toxic|p1a: Corviknight
|-immune|p1a: Corviknight
|
|-damage|p2a: Weezing|54/100|[from] Salt Cure
|upkeep
|turn|20
|
|t:|1779628907
|switch|p1a: Hoopa|Hoopa-Unbound|47/100 tox
|move|p2a: Weezing|Will-O-Wisp||[still]
|-fail|p2a: Weezing
|
|-damage|p1a: Hoopa|41/100 tox|[from] psn
|-damage|p2a: Weezing|42/100|[from] Salt Cure
|upkeep
|turn|21
|
|t:|1779628916
|switch|p1a: Gliscor|Gliscor, M|61/100 tox
|-end|p2a: Weezing|ability: Neutralizing Gas
|switch|p2a: Alomomola|Alomomola, F|100/100
|
|-heal|p1a: Gliscor|73/100 tox|[from] ability: Poison Heal
|upkeep
|turn|22
|
|t:|1779628923
|move|p1a: Gliscor|Toxic|p2a: Alomomola
|-status|p2a: Alomomola|tox
|move|p2a: Alomomola|Wish|p2a: Alomomola
|
|-heal|p1a: Gliscor|86/100 tox|[from] ability: Poison Heal
|-damage|p2a: Alomomola|94/100 tox|[from] psn
|upkeep
|turn|23
|
|t:|1779628930
|move|p1a: Gliscor|Protect|p1a: Gliscor
|-singleturn|p1a: Gliscor|Protect
|move|p2a: Alomomola|Flip Turn|p1a: Gliscor
|-activate|p1a: Gliscor|move: Protect
|
|-heal|p2a: Alomomola|100/100 tox|[from] move: Wish|[wisher] Alomomola
|-heal|p1a: Gliscor|98/100 tox|[from] ability: Poison Heal
|-damage|p2a: Alomomola|88/100 tox|[from] psn
|upkeep
|turn|24
|inactive|91mht has 120 seconds left.
|
|t:|1779628948
|move|p1a: Gliscor|Knock Off|p2a: Alomomola
|-damage|p2a: Alomomola|76/100 tox
|-enditem|p2a: Alomomola|Leftovers|[from] move: Knock Off|[of] p1a: Gliscor
|move|p2a: Alomomola|Wish|p2a: Alomomola
|
|-heal|p1a: Gliscor|100/100 tox|[from] ability: Poison Heal
|-damage|p2a: Alomomola|58/100 tox|[from] psn
|upkeep
|turn|25
|
|t:|1779628957
|switch|p1a: Garganacl|Garganacl, M|84/100
|switch|p2a: Weezing|Weezing-Galar, F|42/100
|-ability|p2a: Weezing|Neutralizing Gas
|
|-heal|p2a: Weezing|100/100|[from] move: Wish|[wisher] Alomomola
|-heal|p1a: Garganacl|91/100|[from] item: Leftovers
|upkeep
|turn|26
|
|t:|1779628982
|move|p1a: Garganacl|Protect|p1a: Garganacl
|-singleturn|p1a: Garganacl|Protect
|move|p2a: Weezing|Will-O-Wisp|p1a: Garganacl
|-activate|p1a: Garganacl|move: Protect
|
|-heal|p1a: Garganacl|97/100|[from] item: Leftovers
|upkeep
|turn|27
|
|t:|1779628997
|-end|p2a: Weezing|ability: Neutralizing Gas
|switch|p2a: Latias|Latias, F|100/100
|switch|p1a: Dondozo|Dondozo, F|100/100
|
|upkeep
|turn|28
|
|t:|1779629008
|switch|p1a: Hoopa|Hoopa-Unbound|41/100 tox
|move|p2a: Latias|Mist Ball|p1a: Hoopa
|-immune|p1a: Hoopa
|
|-damage|p1a: Hoopa|35/100 tox|[from] psn
|upkeep
|turn|29
|
|t:|1779629019
|-terastallize|p2a: Latias|Electric
|move|p1a: Hoopa|Hyperspace Fury|p2a: Latias
|-damage|p2a: Latias|47/100
|-unboost|p1a: Hoopa|def|1
|-enditem|p2a: Latias|Kee Berry|[eat]
|-boost|p2a: Latias|def|1|[from] item: Kee Berry
|move|p2a: Latias|Draining Kiss|p1a: Hoopa
|-supereffective|p1a: Hoopa
|-damage|p1a: Hoopa|11/100 tox
|-heal|p2a: Latias|61/100|[from] drain|[of] p1a: Hoopa
|
|-damage|p1a: Hoopa|0 fnt|[from] psn
|faint|p1a: Hoopa
|upkeep
|
|t:|1779629032
|switch|p1a: Gliscor|Gliscor, M|100/100 tox
|turn|30
|
|t:|1779629048
|switch|p2a: Alomomola|Alomomola, F|91/100 tox
|move|p1a: Gliscor|Toxic|p2a: Alomomola
|-fail|p2a: Alomomola|tox
|
|-damage|p2a: Alomomola|85/100 tox|[from] psn
|upkeep
|turn|31
|
|t:|1779629056
|switch|p1a: Garganacl|Garganacl, M|97/100
|move|p2a: Alomomola|Flip Turn|p1a: Garganacl
|-supereffective|p1a: Garganacl
|-damage|p1a: Garganacl|76/100
|
|t:|1779629063
|switch|p2a: Ceruledge|Ceruledge, M|100/100|[from] Flip Turn
|
|-heal|p1a: Garganacl|82/100|[from] item: Leftovers
|upkeep
|turn|32
|
|t:|1779629068
|move|p2a: Ceruledge|Close Combat|p1a: Garganacl
|-supereffective|p1a: Garganacl
|-damage|p1a: Garganacl|25/100
|-unboost|p2a: Ceruledge|def|1
|-unboost|p2a: Ceruledge|spd|1
|move|p1a: Garganacl|Salt Cure|p2a: Ceruledge
|-supereffective|p2a: Ceruledge
|-crit|p2a: Ceruledge
|-damage|p2a: Ceruledge|7/100
|-start|p2a: Ceruledge|Salt Cure
|-ability|p2a: Ceruledge|Weak Armor|boost
|-unboost|p2a: Ceruledge|def|1
|-boost|p2a: Ceruledge|spe|2
|-enditem|p2a: Ceruledge|Weakness Policy
|-boost|p2a: Ceruledge|atk|2|[from] item: Weakness Policy
|-boost|p2a: Ceruledge|spa|2|[from] item: Weakness Policy
|
|-heal|p1a: Garganacl|31/100|[from] item: Leftovers
|-damage|p2a: Ceruledge|0 fnt|[from] Salt Cure
|faint|p2a: Ceruledge
|upkeep
|
|t:|1779629092
|switch|p2a: Darkrai|Darkrai|100/100
|turn|33
|
|t:|1779629100
|switch|p1a: Gliscor|Gliscor, M|100/100 tox
|move|p2a: Darkrai|Dark Pulse|p1a: Gliscor
|-damage|p1a: Gliscor|67/100 tox
|
|-heal|p1a: Gliscor|80/100 tox|[from] ability: Poison Heal
|upkeep
|turn|34
|
|t:|1779629108
|switch|p2a: Weezing|Weezing-Galar, F|100/100
|-ability|p2a: Weezing|Neutralizing Gas
|move|p1a: Gliscor|Toxic|p2a: Weezing
|-immune|p2a: Weezing
|
|-damage|p1a: Gliscor|67/100 tox|[from] psn
|upkeep
|turn|35
|
|t:|1779629121
|switch|p1a: Dondozo|Dondozo, F|100/100
|move|p2a: Weezing|Will-O-Wisp|p1a: Dondozo
|-status|p1a: Dondozo|brn
|
|-damage|p1a: Dondozo|94/100 brn|[from] brn
|upkeep
|turn|36
|
|t:|1779629131
|-end|p2a: Weezing|ability: Neutralizing Gas
|switch|p2a: Alomomola|Alomomola, F|100/100 tox
|move|p1a: Dondozo|Curse|p1a: Dondozo
|-unboost|p1a: Dondozo|spe|1
|-boost|p1a: Dondozo|atk|1
|-boost|p1a: Dondozo|def|1
|
|-heal|p1a: Dondozo|100/100 brn|[from] item: Leftovers
|-damage|p2a: Alomomola|94/100 tox|[from] psn
|-damage|p1a: Dondozo|94/100 brn|[from] brn
|upkeep
|turn|37
|
|t:|1779629142
|move|p2a: Alomomola|Wish|p2a: Alomomola
|move|p1a: Dondozo|Curse|p1a: Dondozo
|-unboost|p1a: Dondozo|spe|1
|-boost|p1a: Dondozo|atk|1
|-boost|p1a: Dondozo|def|1
|
|-heal|p1a: Dondozo|100/100 brn|[from] item: Leftovers
|-damage|p2a: Alomomola|82/100 tox|[from] psn
|-damage|p1a: Dondozo|94/100 brn|[from] brn
|upkeep
|turn|38
|
|t:|1779629154
|switch|p2a: Latias|Latias, F, tera:Electric|61/100
|move|p1a: Dondozo|Curse|p1a: Dondozo
|-unboost|p1a: Dondozo|spe|1
|-boost|p1a: Dondozo|atk|1
|-boost|p1a: Dondozo|def|1
|
|-heal|p2a: Latias|100/100|[from] move: Wish|[wisher] Alomomola
|-heal|p1a: Dondozo|100/100 brn|[from] item: Leftovers
|-damage|p1a: Dondozo|94/100 brn|[from] brn
|upkeep
|turn|39
|
|t:|1779629167
|-terastallize|p1a: Dondozo|Grass
|move|p2a: Latias|Mist Ball|p1a: Dondozo
|-damage|p1a: Dondozo|73/100 brn
|move|p1a: Dondozo|Curse|p1a: Dondozo
|-unboost|p1a: Dondozo|spe|1
|-boost|p1a: Dondozo|atk|1
|-boost|p1a: Dondozo|def|1
|
|-heal|p1a: Dondozo|79/100 brn|[from] item: Leftovers
|-damage|p1a: Dondozo|73/100 brn|[from] brn
|upkeep
|turn|40
|
|t:|1779629182
|move|p2a: Latias|Mist Ball|p1a: Dondozo
|-damage|p1a: Dondozo|52/100 brn
|move|p1a: Dondozo|Rest|p1a: Dondozo
|-status|p1a: Dondozo|slp|[from] move: Rest
|-heal|p1a: Dondozo|100/100 slp|[silent]
|
|upkeep
|turn|41
|
|t:|1779629189
|move|p2a: Latias|Mist Ball|p1a: Dondozo
|-damage|p1a: Dondozo|78/100 slp
|cant|p1a: Dondozo|slp
|move|p1a: Dondozo|Sleep Talk|p1a: Dondozo
|move|p1a: Dondozo|Curse|p1a: Dondozo|[from] move: Sleep Talk
|-unboost|p1a: Dondozo|spe|1
|-boost|p1a: Dondozo|atk|1
|-boost|p1a: Dondozo|def|1
|
|-heal|p1a: Dondozo|84/100 slp|[from] item: Leftovers
|upkeep
|turn|42
|
|t:|1779629199
|move|p2a: Latias|Mist Ball|p1a: Dondozo
|-damage|p1a: Dondozo|60/100 slp
|cant|p1a: Dondozo|slp
|move|p1a: Dondozo|Sleep Talk|p1a: Dondozo
|move|p1a: Dondozo|Rest||[from] move: Sleep Talk|[still]
|-fail|p1a: Dondozo
|
|-heal|p1a: Dondozo|66/100 slp|[from] item: Leftovers
|upkeep
|turn|43
|
|t:|1779629209
|move|p2a: Latias|Mist Ball|p1a: Dondozo
|-damage|p1a: Dondozo|43/100 slp
|-curestatus|p1a: Dondozo|slp|[msg]
|move|p1a: Dondozo|Avalanche|p2a: Latias
|-damage|p2a: Latias|19/100
|
|-heal|p1a: Dondozo|49/100|[from] item: Leftovers
|upkeep
|turn|44
|
|t:|1779629219
|move|p2a: Latias|Recover|p2a: Latias
|-heal|p2a: Latias|69/100
|move|p1a: Dondozo|Rest|p1a: Dondozo
|-status|p1a: Dondozo|slp|[from] move: Rest
|-heal|p1a: Dondozo|100/100 slp|[silent]
|
|upkeep
|turn|45
|
|t:|1779629227
|move|p2a: Latias|Recover|p2a: Latias
|-heal|p2a: Latias|100/100
|cant|p1a: Dondozo|slp
|move|p1a: Dondozo|Sleep Talk|p1a: Dondozo
|move|p1a: Dondozo|Curse|p1a: Dondozo|[from] move: Sleep Talk
|-unboost|p1a: Dondozo|spe|1
|-boost|p1a: Dondozo|atk|1
|-boost|p1a: Dondozo|def|1
|
|upkeep
|turn|46
|
|t:|1779629236
|move|p2a: Latias|Mist Ball|p1a: Dondozo
|-damage|p1a: Dondozo|76/100 slp
|cant|p1a: Dondozo|slp
|move|p1a: Dondozo|Sleep Talk|p1a: Dondozo
|move|p1a: Dondozo|Rest||[from] move: Sleep Talk|[still]
|-fail|p1a: Dondozo
|
|-heal|p1a: Dondozo|82/100 slp|[from] item: Leftovers
|upkeep
|turn|47
|
|t:|1779629246
|move|p2a: Latias|Mist Ball|p1a: Dondozo
|-damage|p1a: Dondozo|60/100 slp
|-unboost|p1a: Dondozo|spa|1
|-curestatus|p1a: Dondozo|slp|[msg]
|move|p1a: Dondozo|Avalanche|p2a: Latias
|-damage|p2a: Latias|12/100
|
|-heal|p1a: Dondozo|66/100|[from] item: Leftovers
|upkeep
|turn|48
|
|t:|1779629255
|move|p2a: Latias|Recover|p2a: Latias
|-heal|p2a: Latias|62/100
|move|p1a: Dondozo|Avalanche|p2a: Latias
|-damage|p2a: Latias|20/100
|
|-heal|p1a: Dondozo|73/100|[from] item: Leftovers
|upkeep
|turn|49
|
|t:|1779629263
|move|p2a: Latias|Recover|p2a: Latias
|-heal|p2a: Latias|70/100
|move|p1a: Dondozo|Avalanche|p2a: Latias
|-damage|p2a: Latias|22/100
|
|-heal|p1a: Dondozo|79/100|[from] item: Leftovers
|upkeep
|turn|50
|
|t:|1779629274
|move|p2a: Latias|Recover|p2a: Latias
|-heal|p2a: Latias|72/100
|move|p1a: Dondozo|Avalanche|p2a: Latias
|-damage|p2a: Latias|25/100
|
|-heal|p1a: Dondozo|85/100|[from] item: Leftovers
|upkeep
|turn|51
|
|t:|1779629281
|move|p2a: Latias|Recover|p2a: Latias
|-heal|p2a: Latias|75/100
|move|p1a: Dondozo|Avalanche|p2a: Latias
|-damage|p2a: Latias|27/100
|
|-heal|p1a: Dondozo|91/100|[from] item: Leftovers
|upkeep
|turn|52
|
|t:|1779629291
|move|p2a: Latias|Recover|p2a: Latias
|-heal|p2a: Latias|77/100
|move|p1a: Dondozo|Avalanche|p2a: Latias
|-damage|p2a: Latias|31/100
|
|-heal|p1a: Dondozo|97/100|[from] item: Leftovers
|upkeep
|turn|53
|
|t:|1779629300
|switch|p2a: Alomomola|Alomomola, F|100/100 tox
|move|p1a: Dondozo|Avalanche|p2a: Alomomola
|-resisted|p2a: Alomomola
|-damage|p2a: Alomomola|85/100 tox
|
|-heal|p1a: Dondozo|100/100|[from] item: Leftovers
|-damage|p2a: Alomomola|79/100 tox|[from] psn
|upkeep
|turn|54
|
|t:|1779629311
|move|p2a: Alomomola|Wish|p2a: Alomomola
|move|p1a: Dondozo|Curse|p1a: Dondozo
|
|-damage|p2a: Alomomola|66/100 tox|[from] psn
|upkeep
|turn|55
|
|t:|1779629316
|move|p2a: Alomomola|Flip Turn|p1a: Dondozo
|-resisted|p1a: Dondozo
|-damage|p1a: Dondozo|99/100
|
|t:|1779629321
|switch|p2a: Latias|Latias, F, tera:Electric|31/100|[from] Flip Turn
|move|p1a: Dondozo|Avalanche|p2a: Latias
|-damage|p2a: Latias|0 fnt
|faint|p2a: Latias
|
|-heal|p1a: Dondozo|100/100|[from] item: Leftovers
|upkeep
|
|t:|1779629332
|switch|p2a: Darkrai|Darkrai|100/100
|turn|56
|
|t:|1779629344
|move|p2a: Darkrai|Sludge Bomb|p1a: Dondozo
|-supereffective|p1a: Dondozo
|-damage|p1a: Dondozo|58/100
|-status|p1a: Dondozo|psn
|move|p1a: Dondozo|Avalanche|p2a: Darkrai
|-damage|p2a: Darkrai|0 fnt
|faint|p2a: Darkrai
|
|-heal|p1a: Dondozo|64/100 psn|[from] item: Leftovers
|-damage|p1a: Dondozo|51/100 psn|[from] psn
|upkeep
|
|t:|1779629356
|switch|p2a: Riolu|Riolu, M|100/100
|turn|57
|
|t:|1779629369
|move|p2a: Riolu|Copycat|p2a: Riolu
|move|p2a: Riolu|Avalanche|p1a: Dondozo|[from] move: Copycat
|-supereffective|p1a: Dondozo
|-damage|p1a: Dondozo|47/100 psn
|move|p1a: Dondozo|Rest|p1a: Dondozo
|-status|p1a: Dondozo|slp|[from] move: Rest
|-heal|p1a: Dondozo|100/100 slp|[silent]
|
|upkeep
|turn|58
|
|t:|1779629385
|move|p2a: Riolu|Reversal|p1a: Dondozo
|-damage|p1a: Dondozo|99/100 slp
|cant|p1a: Dondozo|slp
|move|p1a: Dondozo|Sleep Talk|p1a: Dondozo
|move|p1a: Dondozo|Rest||[from] move: Sleep Talk|[still]
|-fail|p1a: Dondozo
|
|-heal|p1a: Dondozo|100/100 slp|[from] item: Leftovers
|upkeep
|turn|59
|inactive|solaire23 has 120 seconds left.
|
|t:|1779629437
|move|p2a: Riolu|Substitute|p2a: Riolu
|-start|p2a: Riolu|Substitute
|-damage|p2a: Riolu|76/100
|cant|p1a: Dondozo|slp
|move|p1a: Dondozo|Sleep Talk|p1a: Dondozo
|move|p1a: Dondozo|Avalanche|p2a: Riolu|[from] move: Sleep Talk
|-end|p2a: Riolu|Substitute
|
|upkeep
|turn|60
|
|t:|1779629448
|move|p2a: Riolu|Substitute|p2a: Riolu
|-start|p2a: Riolu|Substitute
|-damage|p2a: Riolu|51/100
|-curestatus|p1a: Dondozo|slp|[msg]
|move|p1a: Dondozo|Avalanche|p2a: Riolu
|-end|p2a: Riolu|Substitute
|
|upkeep
|turn|61
|
|t:|1779629459
|move|p2a: Riolu|Substitute|p2a: Riolu
|-start|p2a: Riolu|Substitute
|-damage|p2a: Riolu|26/100
|move|p1a: Dondozo|Avalanche|p2a: Riolu
|-end|p2a: Riolu|Substitute
|
|upkeep
|turn|62
|inactive|solaire23 has 90 seconds left.
|
|t:|1779629475
|switch|p2a: Alomomola|Alomomola, F|99/100 tox
|move|p1a: Dondozo|Avalanche|p2a: Alomomola
|-resisted|p2a: Alomomola
|-damage|p2a: Alomomola|85/100 tox
|
|-damage|p2a: Alomomola|79/100 tox|[from] psn
|upkeep
|turn|63
|inactive|solaire23 has 90 seconds left.
|
|t:|1779629485
|move|p2a: Alomomola|Wish|p2a: Alomomola
|move|p1a: Dondozo|Curse|p1a: Dondozo
|
|-damage|p2a: Alomomola|67/100 tox|[from] psn
|upkeep
|turn|64
|
|t:|1779629493
|move|p2a: Alomomola|Flip Turn|p1a: Dondozo
|-resisted|p1a: Dondozo
|-damage|p1a: Dondozo|99/100
|
|t:|1779629497
|switch|p2a: Riolu|Riolu, M|26/100|[from] Flip Turn
|move|p1a: Dondozo|Avalanche|p2a: Riolu
|-damage|p2a: Riolu|0 fnt
|faint|p2a: Riolu
|
|-heal|p1a: Dondozo|100/100|[from] item: Leftovers
|upkeep
|
|t:|1779629504
|switch|p2a: Alomomola|Alomomola, F|99/100 tox
|turn|65
|
|t:|1779629514
|switch|p2a: Weezing|Weezing-Galar, F|100/100
|-ability|p2a: Weezing|Neutralizing Gas
|switch|p1a: Garganacl|Garganacl, M|31/100
|
|-heal|p1a: Garganacl|38/100|[from] item: Leftovers
|upkeep
|turn|66
|inactive|solaire23 has 120 seconds left.
|
|t:|1779629522
|move|p1a: Garganacl|Protect|p1a: Garganacl
|-singleturn|p1a: Garganacl|Protect
|move|p2a: Weezing|Toxic|p1a: Garganacl
|-activate|p1a: Garganacl|move: Protect
|
|-heal|p1a: Garganacl|44/100|[from] item: Leftovers
|upkeep
|turn|67
|
|t:|1779629530
|switch|p1a: Gliscor|Gliscor, M|67/100 tox
|move|p2a: Weezing|Toxic|p1a: Gliscor
|-fail|p1a: Gliscor|tox
|
|-damage|p1a: Gliscor|61/100 tox|[from] psn
|upkeep
|turn|68
|
|t:|1779629543
|switch|p1a: Dondozo|Dondozo, F, tera:Grass|100/100
|move|p2a: Weezing|Toxic|p1a: Dondozo
|-status|p1a: Dondozo|tox
|
|-damage|p1a: Dondozo|94/100 tox|[from] psn
|upkeep
|turn|69
|
|t:|1779629558
|-end|p2a: Weezing|ability: Neutralizing Gas
|switch|p2a: Alomomola|Alomomola, F|100/100 tox
|switch|p1a: Gliscor|Gliscor, M|61/100 tox
|
|-heal|p1a: Gliscor|74/100 tox|[from] ability: Poison Heal
|-damage|p2a: Alomomola|94/100 tox|[from] psn
|upkeep
|turn|70
|
|t:|1779629568
|move|p1a: Gliscor|Knock Off|p2a: Alomomola
|-damage|p2a: Alomomola|87/100 tox
|move|p2a: Alomomola|Wish|p2a: Alomomola
|
|-heal|p1a: Gliscor|86/100 tox|[from] ability: Poison Heal
|-damage|p2a: Alomomola|75/100 tox|[from] psn
|upkeep
|turn|71
|
|t:|1779629574
|switch|p2a: Weezing|Weezing-Galar, F|100/100
|-ability|p2a: Weezing|Neutralizing Gas
|move|p1a: Gliscor|Protect||[still]
|-fail|p1a: Gliscor
|
|-damage|p1a: Gliscor|67/100 tox|[from] psn
|upkeep
|turn|72
|
|t:|1779629585
|switch|p1a: Dondozo|Dondozo, F, tera:Grass|94/100 tox
|move|p2a: Weezing|Will-O-Wisp||[still]
|-fail|p2a: Weezing
|
|-heal|p1a: Dondozo|100/100 tox|[from] item: Leftovers
|-damage|p1a: Dondozo|94/100 tox|[from] psn
|upkeep
|turn|73
|
|t:|1779629594
|move|p2a: Weezing|Defog|p1a: Dondozo
|-unboost|p1a: Dondozo|evasion|1
|move|p1a: Dondozo|Curse|p1a: Dondozo
|-unboost|p1a: Dondozo|spe|1
|-boost|p1a: Dondozo|atk|1
|-boost|p1a: Dondozo|def|1
|
|-heal|p1a: Dondozo|100/100 tox|[from] item: Leftovers
|-damage|p1a: Dondozo|88/100 tox|[from] psn
|upkeep
|turn|74
|
|t:|1779629603
|move|p2a: Weezing|Defog|p1a: Dondozo
|-unboost|p1a: Dondozo|evasion|1
|move|p1a: Dondozo|Curse|p1a: Dondozo
|-unboost|p1a: Dondozo|spe|1
|-boost|p1a: Dondozo|atk|1
|-boost|p1a: Dondozo|def|1
|
|-heal|p1a: Dondozo|94/100 tox|[from] item: Leftovers
|-damage|p1a: Dondozo|76/100 tox|[from] psn
|upkeep
|turn|75
|-message|91mht forfeited.
|
|win|solaire23
|raw|solaire23's rating: 1137 &rarr; <strong>1164</strong><br />(+27 for winning)
|raw|91mht's rating: 1159 &rarr; <strong>1132</strong><br />(-27 for losing)
|l|☆91mht
|player|p2|
|l|☆solaire23
|player|p1|
