|j|☆Myfinale
|j|☆afasdfsaf
|t:|1779561216
|gametype|singles
|player|p1|Myfinale|169|1135
|player|p2|afasdfsaf|sada-ai|1234
|gen|9
|tier|[Gen 9] OU
|rated|
|rule|HP Percentage Mod: HP is shown in percentages
|rule|Endless Battle Clause: Forcing endless battles is banned
|rule|Species Clause: Limit one of each Pokémon
|rule|OHKO Clause: OHKO moves are banned
|rule|Evasion Items Clause: Evasion items are banned
|rule|Evasion Moves Clause: Evasion moves are banned
|rule|Evasion Abilities Clause: Evasion abilities are banned
|rule|Sleep Moves Clause: Sleep-inducing moves are banned
|clearpoke
|poke|p1|Iron Moth|
|poke|p1|Regieleki|
|poke|p1|Corviknight, F|
|poke|p1|Zamazenta-*|
|poke|p1|Garchomp, M|
|poke|p1|Ogerpon-Wellspring, F|
|poke|p2|Ninetales, F|
|poke|p2|Ceruledge, F|
|poke|p2|Walking Wake|
|poke|p2|Great Tusk|
|poke|p2|Gholdengo|
|poke|p2|Raging Bolt|
|teampreview
|inactive|Battle timer is ON: inactive players will automatically lose when time's up. (requested by afasdfsaf)
|
|t:|1779561232
|teamsize|p1|6
|teamsize|p2|6
|start
|switch|p1a: Garchomp|Garchomp, M|100/100
|switch|p2a: Ninetales|Ninetales, F|100/100
|-weather|SunnyDay|[from] ability: Drought|[of] p2a: Ninetales
|turn|1
|
|t:|1779561238
|move|p1a: Garchomp|Earthquake|p2a: Ninetales
|-supereffective|p2a: Ninetales
|-damage|p2a: Ninetales|0 fnt
|faint|p2a: Ninetales
|
|-weather|SunnyDay|[upkeep]
|upkeep
|inactive|afasdfsaf has 120 seconds left.
|
|t:|1779561279
|switch|p2a: Great Tusk|Great Tusk|100/100
|-activate|p2a: Great Tusk|ability: Protosynthesis
|-start|p2a: Great Tusk|protosynthesisatk
|turn|2
|
|t:|1779561291
|switch|p1a: Zamazenta|Zamazenta|100/100
|-ability|p1a: Zamazenta|Dauntless Shield|boost
|-boost|p1a: Zamazenta|def|1
|move|p2a: Great Tusk|Stealth Rock|p1a: Zamazenta
|-sidestart|p1: Myfinale|move: Stealth Rock
|
|-weather|SunnyDay|[upkeep]
|upkeep
|turn|3
|inactive|afasdfsaf has 120 seconds left.
|
|t:|1779561304
|-end|p2a: Great Tusk|Protosynthesis|[silent]
|switch|p2a: Gholdengo|Gholdengo|100/100
|-item|p2a: Gholdengo|Air Balloon
|move|p1a: Zamazenta|Psychic Fangs|p2a: Gholdengo
|-resisted|p2a: Gholdengo
|-damage|p2a: Gholdengo|85/100
|-enditem|p2a: Gholdengo|Air Balloon
|
|-weather|SunnyDay|[upkeep]
|upkeep
|turn|4
|inactive|afasdfsaf has 120 seconds left.
|
|t:|1779561326
|switch|p1a: Garchomp|Garchomp, M|100/100
|-damage|p1a: Garchomp|94/100|[from] Stealth Rock
|move|p2a: Gholdengo|Make It Rain|p1a: Garchomp
|-damage|p1a: Garchomp|25/100
|-unboost|p2a: Gholdengo|spa|1
|
|-weather|SunnyDay|[upkeep]
|upkeep
|turn|5
|inactive|afasdfsaf has 120 seconds left.
|
|t:|1779561341
|move|p1a: Garchomp|Earthquake|p2a: Gholdengo
|-supereffective|p2a: Gholdengo
|-damage|p2a: Gholdengo|0 fnt
|faint|p2a: Gholdengo
|
|-weather|SunnyDay|[upkeep]
|upkeep
|
|t:|1779561343
|switch|p2a: Ceruledge|Ceruledge, F|100/100
|turn|6
|
|t:|1779561360
|move|p1a: Garchomp|Scale Shot|p2a: Ceruledge
|-damage|p2a: Ceruledge|82/100
|-ability|p2a: Ceruledge|Weak Armor|boost
|-unboost|p2a: Ceruledge|def|1
|-boost|p2a: Ceruledge|spe|2
|-damage|p2a: Ceruledge|53/100
|-ability|p2a: Ceruledge|Weak Armor|boost
|-unboost|p2a: Ceruledge|def|1
|-boost|p2a: Ceruledge|spe|2
|-damage|p2a: Ceruledge|15/100
|-ability|p2a: Ceruledge|Weak Armor|boost
|-unboost|p2a: Ceruledge|def|1
|-boost|p2a: Ceruledge|spe|2
|-damage|p2a: Ceruledge|0 fnt
|faint|p2a: Ceruledge
|-hitcount|p2: Ceruledge|4
|-unboost|p1a: Garchomp|def|1
|-boost|p1a: Garchomp|spe|1
|
|-weather|SunnyDay|[upkeep]
|upkeep
|
|t:|1779561368
|switch|p2a: Walking Wake|Walking Wake|100/100
|-activate|p2a: Walking Wake|ability: Protosynthesis
|-start|p2a: Walking Wake|protosynthesisspa
|turn|7
|
|t:|1779561377
|move|p1a: Garchomp|Scale Shot|p2a: Walking Wake
|-supereffective|p2a: Walking Wake
|-damage|p2a: Walking Wake|69/100
|-supereffective|p2a: Walking Wake
|-damage|p2a: Walking Wake|40/100
|-supereffective|p2a: Walking Wake
|-damage|p2a: Walking Wake|14/100
|-supereffective|p2a: Walking Wake
|-damage|p2a: Walking Wake|0 fnt
|faint|p2a: Walking Wake
|-end|p2a: Walking Wake|Protosynthesis|[silent]
|-hitcount|p2: Walking Wake|4
|-unboost|p1a: Garchomp|def|1
|-boost|p1a: Garchomp|spe|1
|
|-weather|SunnyDay|[upkeep]
|upkeep
|
|t:|1779561380
|switch|p2a: Raging Bolt|Raging Bolt|100/100
|-activate|p2a: Raging Bolt|ability: Protosynthesis
|-start|p2a: Raging Bolt|protosynthesisspa
|turn|8
|
|t:|1779561391
|-terastallize|p2a: Raging Bolt|Fairy
|move|p1a: Garchomp|Earthquake|p2a: Raging Bolt
|-damage|p2a: Raging Bolt|48/100
|move|p2a: Raging Bolt|Draco Meteor|p1a: Garchomp
|-supereffective|p1a: Garchomp
|-damage|p1a: Garchomp|0 fnt
|-unboost|p2a: Raging Bolt|spa|2
|faint|p1a: Garchomp
|
|-weather|none
|-end|p2a: Raging Bolt|Protosynthesis
|upkeep
|
|t:|1779561412
|switch|p1a: Iron Moth|Iron Moth|100/100
|-damage|p1a: Iron Moth|76/100|[from] Stealth Rock
|turn|9
|inactive|Myfinale has 120 seconds left.
|
|t:|1779561430
|move|p1a: Iron Moth|Fiery Dance|p2a: Raging Bolt
|-damage|p2a: Raging Bolt|5/100
|move|p2a: Raging Bolt|Draco Meteor|p1a: Iron Moth
|-damage|p1a: Iron Moth|16/100
|-unboost|p2a: Raging Bolt|spa|2
|
|upkeep
|turn|10
|inactive|Myfinale has 120 seconds left.
|
|t:|1779561445
|-end|p1a: Iron Moth|Quark Drive|[silent]
|switch|p1a: Regieleki|Regieleki|100/100
|-damage|p1a: Regieleki|88/100|[from] Stealth Rock
|move|p2a: Raging Bolt|Draco Meteor|p1a: Regieleki
|-damage|p1a: Regieleki|19/100
|-unboost|p2a: Raging Bolt|spa|2
|
|upkeep
|turn|11
|inactive|Myfinale has 120 seconds left.
|
|t:|1779561458
|move|p1a: Regieleki|Ancient Power|p2a: Raging Bolt
|-damage|p2a: Raging Bolt|0 fnt
|faint|p2a: Raging Bolt
|-end|p2a: Raging Bolt|Protosynthesis|[silent]
|
|upkeep
|
|t:|1779561461
|switch|p2a: Great Tusk|Great Tusk|100/100
|turn|12
|
|t:|1779561470
|switch|p1a: Iron Moth|Iron Moth|16/100
|-damage|p1a: Iron Moth|0 fnt|[from] Stealth Rock
|faint|p1a: Iron Moth
|-end|p1a: Iron Moth|Quark Drive|[silent]
|move|p2a: Great Tusk|Rapid Spin|p1: Iron Moth|[notarget]
|-fail|p2a: Great Tusk
|
|upkeep
|
|t:|1779561474
|switch|p1a: Corviknight|Corviknight, F|100/100
|-damage|p1a: Corviknight|88/100|[from] Stealth Rock
|-ability|p1a: Corviknight|Pressure
|turn|13
|
|t:|1779561479
|move|p2a: Great Tusk|Rapid Spin|p1a: Corviknight
|-resisted|p1a: Corviknight
|-damage|p1a: Corviknight|83/100
|-boost|p2a: Great Tusk|spe|1
|-damage|p2a: Great Tusk|84/100|[from] item: Rocky Helmet|[of] p1a: Corviknight
|move|p1a: Corviknight|Iron Defense|p1a: Corviknight
|-boost|p1a: Corviknight|def|2
|
|upkeep
|turn|14
|
|t:|1779561482
|move|p2a: Great Tusk|Ice Spinner|p1a: Corviknight
|-damage|p1a: Corviknight|74/100
|-damage|p2a: Great Tusk|68/100|[from] item: Rocky Helmet|[of] p1a: Corviknight
|move|p1a: Corviknight|Iron Defense|p1a: Corviknight
|-boost|p1a: Corviknight|def|2
|
|upkeep
|turn|15
|
|t:|1779561485
|move|p2a: Great Tusk|Ice Spinner|p1a: Corviknight
|-damage|p1a: Corviknight|68/100
|-damage|p2a: Great Tusk|51/100|[from] item: Rocky Helmet|[of] p1a: Corviknight
|move|p1a: Corviknight|Iron Defense|p1a: Corviknight
|-boost|p1a: Corviknight|def|2
|
|upkeep
|turn|16
|
|t:|1779561493
|move|p2a: Great Tusk|Ice Spinner|p1a: Corviknight
|-damage|p1a: Corviknight|64/100
|-damage|p2a: Great Tusk|35/100|[from] item: Rocky Helmet|[of] p1a: Corviknight
|move|p1a: Corviknight|Roost|p1a: Corviknight
|-heal|p1a: Corviknight|100/100
|-singleturn|p1a: Corviknight|move: Roost
|
|upkeep
|turn|17
|
|t:|1779561496
|move|p2a: Great Tusk|Ice Spinner|p1a: Corviknight
|-damage|p1a: Corviknight|96/100
|-damage|p2a: Great Tusk|18/100|[from] item: Rocky Helmet|[of] p1a: Corviknight
|move|p1a: Corviknight|Body Press|p2a: Great Tusk
|-damage|p2a: Great Tusk|0 fnt
|faint|p2a: Great Tusk
|-end|p2a: Great Tusk|Protosynthesis|[silent]
|
|win|Myfinale
|raw|Myfinale's rating: 1135 &rarr; <strong>1167</strong><br />(+32 for winning)
|raw|afasdfsaf's rating: 1234 &rarr; <strong>1202</strong><br />(-32 for losing)
|l|☆afasdfsaf
|player|p2|
