|j|☆cytheidot
|j|☆aria4games
|t:|1779614148
|gametype|singles
|player|p1|cytheidot|n|1338
|player|p2|aria4games|baker|1381
|gen|9
|tier|[Gen 9] OU
|rated|
|rule|HP Percentage Mod: HP is shown in percentages
|rule|Endless Battle Clause: Forcing endless battles is banned
|rule|Species Clause: Limit one of each Pokémon
|rule|OHKO Clause: OHKO moves are banned
|rule|Evasion Items Clause: Evasion items are banned
|rule|Evasion Moves Clause: Evasion moves are banned
|rule|Evasion Abilities Clause: Evasion abilities are banned
|rule|Sleep Moves Clause: Sleep-inducing moves are banned
|clearpoke
|poke|p1|Grimmsnarl, M|
|poke|p1|Pecharunt|
|poke|p1|Ogerpon-Wellspring, F|
|poke|p1|Gliscor, M|
|poke|p1|Arcanine-Hisui, F|
|poke|p1|Iron Valiant|
|poke|p2|Cinderace, M|
|poke|p2|Reuniclus, F|
|poke|p2|Kyurem|
|poke|p2|Raging Bolt|
|poke|p2|Darkrai|
|poke|p2|Keldeo-Resolute|
|teampreview
|
|t:|1779614168
|teamsize|p1|6
|teamsize|p2|6
|start
|switch|p1a: Gliscor|Gliscor, M|100/100
|switch|p2a: freddie gibbs|Darkrai|100/100
|turn|1
|
|t:|1779614174
|move|p1a: Gliscor|Protect|p1a: Gliscor
|-singleturn|p1a: Gliscor|Protect
|move|p2a: freddie gibbs|Ice Beam|p1a: Gliscor
|-activate|p1a: Gliscor|move: Protect
|
|-status|p1a: Gliscor|tox|[from] item: Toxic Orb
|upkeep
|turn|2
|
|t:|1779614184
|switch|p2a: lil trooper|Keldeo-Resolute|100/100
|switch|p1a: Arcanine|Arcanine-Hisui, F|100/100
|
|upkeep
|turn|3
|
|t:|1779614201
|switch|p1a: Pecharunt|Pecharunt|100/100
|move|p2a: lil trooper|Air Slash|p1a: Pecharunt
|-damage|p1a: Pecharunt|72/100
|
|upkeep
|turn|4
|
|t:|1779614209
|switch|p2a: NU's finest|Reuniclus, F, shiny|100/100
|move|p1a: Pecharunt|Malignant Chain|p2a: NU's finest
|-damage|p2a: NU's finest|74/100
|
|upkeep
|turn|5
|
|t:|1779614222
|move|p1a: Pecharunt|Parting Shot|p2a: NU's finest
|-unboost|p2a: NU's finest|atk|1
|-unboost|p2a: NU's finest|spa|1
|
|t:|1779614240
|switch|p1a: Gliscor|Gliscor, M|100/100 tox|[from] Parting Shot
|move|p2a: NU's finest|Future Sight|p1a: Gliscor
|-start|p2a: NU's finest|move: Future Sight
|
|upkeep
|turn|6
|
|t:|1779614250
|move|p1a: Gliscor|Facade|p2a: NU's finest
|-damage|p2a: NU's finest|51/100
|-damage|p1a: Gliscor|84/100 tox|[from] item: Rocky Helmet|[of] p2a: NU's finest
|move|p2a: NU's finest|Recover|p2a: NU's finest
|-heal|p2a: NU's finest|100/100
|
|-heal|p1a: Gliscor|97/100 tox|[from] ability: Poison Heal
|upkeep
|turn|7
|
|t:|1779614257
|switch|p1a: Grimmsnarl|Grimmsnarl, M|100/100
|move|p2a: NU's finest|Knock Off|p1a: Grimmsnarl
|-resisted|p1a: Grimmsnarl
|-damage|p1a: Grimmsnarl|98/100
|-enditem|p1a: Grimmsnarl|Iron Ball|[from] move: Knock Off|[of] p2a: NU's finest
|
|-end|p1a: Grimmsnarl|move: Future Sight
|-immune|p1a: Grimmsnarl
|upkeep
|turn|8
|
|t:|1779614265
|move|p1a: Grimmsnarl|Taunt|p2a: NU's finest
|-start|p2a: NU's finest|move: Taunt
|cant|p2a: NU's finest|move: Taunt|Thunder Wave
|
|upkeep
|turn|9
|
|t:|1779614273
|switch|p2a: '06 wayne rooney|Cinderace, M|100/100
|move|p1a: Grimmsnarl|Parting Shot|p2a: '06 wayne rooney
|-unboost|p2a: '06 wayne rooney|atk|1
|-unboost|p2a: '06 wayne rooney|spa|1
|
|t:|1779614281
|switch|p1a: Gliscor|Gliscor, M|97/100 tox|[from] Parting Shot
|
|-heal|p1a: Gliscor|100/100 tox|[from] ability: Poison Heal
|upkeep
|turn|10
|
|t:|1779614284
|move|p2a: '06 wayne rooney|U-turn|p1a: Gliscor
|-start|p2a: '06 wayne rooney|typechange|Bug|[from] ability: Libero
|-resisted|p1a: Gliscor
|-damage|p1a: Gliscor|92/100 tox
|
|t:|1779614290
|switch|p2a: NU's finest|Reuniclus, F, shiny|100/100|[from] U-turn
|move|p1a: Gliscor|Swords Dance|p1a: Gliscor
|-boost|p1a: Gliscor|atk|2
|
|-heal|p1a: Gliscor|100/100 tox|[from] ability: Poison Heal
|upkeep
|turn|11
|
|t:|1779614295
|move|p1a: Gliscor|Facade|p2a: NU's finest
|-damage|p2a: NU's finest|50/100
|-damage|p1a: Gliscor|84/100 tox|[from] item: Rocky Helmet|[of] p2a: NU's finest
|move|p2a: NU's finest|Future Sight|p1a: Gliscor
|-start|p2a: NU's finest|move: Future Sight
|
|-heal|p1a: Gliscor|97/100 tox|[from] ability: Poison Heal
|upkeep
|turn|12
|
|t:|1779614312
|move|p1a: Gliscor|Facade|p2a: NU's finest
|-damage|p2a: NU's finest|1/100
|-damage|p1a: Gliscor|80/100 tox|[from] item: Rocky Helmet|[of] p2a: NU's finest
|move|p2a: NU's finest|Knock Off|p1a: Gliscor
|-damage|p1a: Gliscor|70/100 tox
|-enditem|p1a: Gliscor|Toxic Orb|[from] move: Knock Off|[of] p2a: NU's finest
|
|-heal|p1a: Gliscor|82/100 tox|[from] ability: Poison Heal
|upkeep
|turn|13
|
|t:|1779614321
|switch|p1a: Grimmsnarl|Grimmsnarl, M|98/100
|switch|p2a: freddie gibbs|Darkrai|100/100
|
|-end|p1a: Grimmsnarl|move: Future Sight
|-immune|p1a: Grimmsnarl
|upkeep
|turn|14
|
|t:|1779614327
|move|p1a: Grimmsnarl|Trick|p2a: freddie gibbs
|-hint|Since gen 7, Dark is immune to Prankster moves.
|-immune|p2a: freddie gibbs
|move|p2a: freddie gibbs|Sludge Bomb|p1a: Grimmsnarl
|-supereffective|p1a: Grimmsnarl
|-damage|p1a: Grimmsnarl|16/100
|
|upkeep
|turn|15
|
|t:|1779614340
|switch|p1a: Pecharunt|Pecharunt|72/100
|move|p2a: freddie gibbs|Sludge Bomb|p1a: Pecharunt
|-resisted|p1a: Pecharunt
|-damage|p1a: Pecharunt|60/100
|
|upkeep
|turn|16
|
|t:|1779614346
|switch|p2a: '06 wayne rooney|Cinderace, M|100/100
|move|p1a: Pecharunt|Malignant Chain|p2a: '06 wayne rooney
|-damage|p2a: '06 wayne rooney|55/100
|
|upkeep
|turn|17
|
|t:|1779614351
|move|p2a: '06 wayne rooney|U-turn|p1a: Pecharunt
|-start|p2a: '06 wayne rooney|typechange|Bug|[from] ability: Libero
|-resisted|p1a: Pecharunt
|-damage|p1a: Pecharunt|56/100
|-damage|p2a: '06 wayne rooney|38/100|[from] item: Rocky Helmet|[of] p1a: Pecharunt
|
|t:|1779614354
|switch|p2a: NU's finest|Reuniclus, F, shiny|1/100|[from] U-turn
|move|p1a: Pecharunt|Parting Shot|p2a: NU's finest
|-unboost|p2a: NU's finest|atk|1
|-unboost|p2a: NU's finest|spa|1
|
|t:|1779614363
|switch|p1a: Arcanine|Arcanine-Hisui, F|100/100|[from] Parting Shot
|
|upkeep
|turn|18
|
|t:|1779614367
|move|p1a: Arcanine|Flare Blitz|p2a: NU's finest
|-damage|p2a: NU's finest|0 fnt
|-damage|p1a: Arcanine|84/100|[from] item: Rocky Helmet|[of] p2a: NU's finest
|faint|p2a: NU's finest
|
|upkeep
|
|t:|1779614388
|switch|p2a: raging goat|Raging Bolt|100/100
|-enditem|p2a: raging goat|Booster Energy
|-activate|p2a: raging goat|ability: Protosynthesis|[fromitem]
|-start|p2a: raging goat|protosynthesisspa
|turn|19
|
|t:|1779614395
|switch|p1a: Gliscor|Gliscor, M|82/100 tox
|move|p2a: raging goat|Calm Mind|p2a: raging goat
|-boost|p2a: raging goat|spa|1
|-boost|p2a: raging goat|spd|1
|
|-heal|p1a: Gliscor|95/100 tox|[from] ability: Poison Heal
|upkeep
|turn|20
|
|t:|1779614400
|move|p1a: Gliscor|Earthquake|p2a: raging goat
|-supereffective|p2a: raging goat
|-damage|p2a: raging goat|49/100
|move|p2a: raging goat|Dragon Pulse|p1a: Gliscor
|-damage|p1a: Gliscor|11/100 tox
|
|-heal|p1a: Gliscor|23/100 tox|[from] ability: Poison Heal
|upkeep
|turn|21
|
|t:|1779614411
|-terastallize|p2a: raging goat|Bug
|move|p1a: Gliscor|Earthquake|p2a: raging goat
|-resisted|p2a: raging goat
|-damage|p2a: raging goat|35/100
|move|p2a: raging goat|Dragon Pulse|p1a: Gliscor
|-damage|p1a: Gliscor|0 fnt
|faint|p1a: Gliscor
|
|upkeep
|
|t:|1779614419
|switch|p1a: Arcanine|Arcanine-Hisui, F|84/100
|turn|22
|
|t:|1779614422
|move|p2a: raging goat|Thunderclap|p1a: Arcanine
|-damage|p1a: Arcanine|0 fnt
|faint|p1a: Arcanine
|
|upkeep
|
|t:|1779614430
|switch|p1a: Grimmsnarl|Grimmsnarl, M|16/100
|turn|23
|
|t:|1779614438
|move|p1a: Grimmsnarl|Thunder Wave|p2a: raging goat|[miss]
|-miss|p1a: Grimmsnarl|p2a: raging goat
|move|p2a: raging goat|Thunderbolt|p1a: Grimmsnarl
|-damage|p1a: Grimmsnarl|0 fnt
|faint|p1a: Grimmsnarl
|
|upkeep
|
|t:|1779614448
|switch|p1a: Iron Valiant|Iron Valiant|100/100
|-enditem|p1a: Iron Valiant|Booster Energy
|-activate|p1a: Iron Valiant|ability: Quark Drive|[fromitem]
|-start|p1a: Iron Valiant|quarkdrivespe
|turn|24
|
|t:|1779614453
|move|p1a: Iron Valiant|Encore|p2a: raging goat
|-start|p2a: raging goat|Encore
|move|p2a: raging goat|Thunderbolt|p1a: Iron Valiant
|-damage|p1a: Iron Valiant|0 fnt
|faint|p1a: Iron Valiant
|-end|p1a: Iron Valiant|Quark Drive|[silent]
|
|upkeep
|
|t:|1779614457
|switch|p1a: Pecharunt|Pecharunt|56/100
|turn|25
|
|t:|1779614463
|move|p1a: Pecharunt|Malignant Chain|p2a: raging goat
|-damage|p2a: raging goat|17/100
|-status|p2a: raging goat|tox
|-start|p2a: raging goat|confusion|[from] ability: Poison Puppeteer|[of] p1a: Pecharunt
|-activate|p2a: raging goat|confusion
|-damage|p2a: raging goat|11/100 tox|[from] confusion
|
|-damage|p2a: raging goat|5/100 tox|[from] psn
|upkeep
|turn|26
|
|t:|1779614470
|move|p1a: Pecharunt|Recover|p1a: Pecharunt
|-heal|p1a: Pecharunt|100/100
|-end|p2a: raging goat|confusion
|move|p2a: raging goat|Thunderbolt|p1a: Pecharunt
|-crit|p1a: Pecharunt
|-damage|p1a: Pecharunt|0 fnt
|faint|p1a: Pecharunt
|
|-damage|p2a: raging goat|0 fnt|[from] psn
|faint|p2a: raging goat
|-end|p2a: raging goat|Protosynthesis|[silent]
|upkeep
|
|t:|1779614475
|switch|p1a: Ogerpon|Ogerpon-Wellspring, F|100/100
|switch|p2a: super mario|Kyurem, shiny|100/100
|-ability|p2a: super mario|Pressure
|turn|27
|
|t:|1779614480
|move|p1a: Ogerpon|Play Rough|p2a: super mario
|-supereffective|p2a: super mario
|-damage|p2a: super mario|47/100
|move|p2a: super mario|Freeze-Dry|p1a: Ogerpon
|-supereffective|p1a: Ogerpon
|-damage|p1a: Ogerpon|0 fnt
|faint|p1a: Ogerpon
|
|win|aria4games
|raw|cytheidot's rating: 1338 &rarr; <strong>1320</strong><br />(-18 for losing)
|raw|aria4games's rating: 1381 &rarr; <strong>1399</strong><br />(+18 for winning)
|l|☆aria4games
|player|p2|
|l|☆cytheidot
|player|p1|
