|j|☆dgsgsgee
|j|☆Lukas21
|t:|1779692449
|gametype|singles
|player|p1|dgsgsgee|dawn|1130
|player|p2|Lukas21|102|1173
|gen|9
|tier|[Gen 9] OU
|rated|
|rule|HP Percentage Mod: HP is shown in percentages
|rule|Endless Battle Clause: Forcing endless battles is banned
|rule|Species Clause: Limit one of each Pokémon
|rule|OHKO Clause: OHKO moves are banned
|rule|Evasion Items Clause: Evasion items are banned
|rule|Evasion Moves Clause: Evasion moves are banned
|rule|Evasion Abilities Clause: Evasion abilities are banned
|rule|Sleep Moves Clause: Sleep-inducing moves are banned
|clearpoke
|poke|p1|Weezing-Galar, F|
|poke|p1|Ogerpon, F|
|poke|p1|Skarmory, M|
|poke|p1|Alomomola, M|
|poke|p1|Clodsire, M|
|poke|p1|Hydreigon, M|
|poke|p2|Scyther, M|
|poke|p2|Incineroar, M|
|poke|p2|Eelektross, M|
|poke|p2|Glimmora, F|
|poke|p2|Registeel|
|poke|p2|Hydrapple, F|
|teampreview
|inactive|Battle timer is ON: inactive players will automatically lose when time's up. (requested by dgsgsgee)
|
|t:|1779692469
|teamsize|p1|6
|teamsize|p2|6
|start
|switch|p1a: Hydreigon|Hydreigon, M|100/100
|switch|p2a: Eelektross|Eelektross, M|100/100
|turn|1
|
|t:|1779692479
|move|p1a: Hydreigon|Draco Meteor|p2a: Eelektross
|-damage|p2a: Eelektross|19/100
|-unboost|p1a: Hydreigon|spa|2
|move|p2a: Eelektross|Flash Cannon|p1a: Hydreigon
|-damage|p1a: Hydreigon|73/100
|
|upkeep
|turn|2
|
|t:|1779692498
|switch|p2a: Scyther|Scyther, M|100/100
|move|p1a: Hydreigon|Draco Meteor|p2a: Scyther
|-damage|p2a: Scyther|61/100
|-unboost|p1a: Hydreigon|spa|2
|
|upkeep
|turn|3
|
|t:|1779692507
|switch|p1a: Skarmory|Skarmory, M|100/100
|move|p2a: Scyther|Swords Dance|p2a: Scyther
|-boost|p2a: Scyther|atk|2
|
|upkeep
|turn|4
|
|t:|1779692512
|move|p2a: Scyther|U-turn|p1a: Skarmory
|-resisted|p1a: Skarmory
|-damage|p1a: Skarmory|92/100
|-damage|p2a: Scyther|44/100|[from] item: Rocky Helmet|[of] p1a: Skarmory
|
|t:|1779692519
|switch|p2a: Incineroar|Incineroar, M|100/100|[from] U-turn
|-ability|p2a: Incineroar|Intimidate|boost
|-unboost|p1a: Skarmory|atk|1
|move|p1a: Skarmory|Taunt|p2a: Incineroar
|-start|p2a: Incineroar|move: Taunt
|
|upkeep
|turn|5
|
|t:|1779692533
|switch|p1a: Weezing|Weezing-Galar, F, shiny|100/100
|-ability|p1a: Weezing|Neutralizing Gas
|move|p2a: Incineroar|Darkest Lariat|p1a: Weezing
|-resisted|p1a: Weezing
|-damage|p1a: Weezing|89/100
|
|upkeep
|turn|6
|
|t:|1779692550
|switch|p2a: Glimmora|Glimmora, F|100/100
|-item|p2a: Glimmora|Air Balloon
|move|p1a: Weezing|Sludge Bomb|p2a: Glimmora
|-resisted|p2a: Glimmora
|-damage|p2a: Glimmora|94/100
|-enditem|p2a: Glimmora|Air Balloon
|
|upkeep
|turn|7
|
|t:|1779692561
|-end|p1a: Weezing|ability: Neutralizing Gas
|switch|p1a: Clodsire|Clodsire, M|100/100
|move|p2a: Glimmora|Power Gem|p1a: Clodsire
|-resisted|p1a: Clodsire
|-damage|p1a: Clodsire|91/100
|
|upkeep
|turn|8
|
|t:|1779692567
|move|p2a: Glimmora|Energy Ball|p1a: Clodsire
|-damage|p1a: Clodsire|75/100
|move|p1a: Clodsire|Earthquake|p2a: Glimmora
|-supereffective|p2a: Glimmora
|-damage|p2a: Glimmora|0 fnt
|-activate|p2a: Glimmora|ability: Toxic Debris
|-sidestart|p1: dgsgsgee|move: Toxic Spikes
|faint|p2a: Glimmora
|
|upkeep
|-message|Lukas21 forfeited.
|
|win|dgsgsgee
|raw|dgsgsgee's rating: 1130 &rarr; <strong>1158</strong><br />(+28 for winning)
|raw|Lukas21's rating: 1173 &rarr; <strong>1145</strong><br />(-28 for losing)
|l|☆Lukas21
|player|p2|
|l|☆dgsgsgee
|player|p1|
|j|☆dgsgsgee
|player|p1|dgsgsgee|dawn|
