|inactive|Battle timer is ON: inactive players will automatically lose when time's up.
|t:|1779573033
|gametype|singles
|player|p1|Micciu|#wcop2026france2|
|player|p2|Sagazinha|#ptplvidazzlingdiancies|
|gen|9
|tier|[Gen 9] OU
|rule|HP Percentage Mod: HP is shown in percentages
|rule|Endless Battle Clause: Forcing endless battles is banned
|rule|Species Clause: Limit one of each Pokémon
|rule|OHKO Clause: OHKO moves are banned
|rule|Evasion Items Clause: Evasion items are banned
|rule|Evasion Moves Clause: Evasion moves are banned
|rule|Evasion Abilities Clause: Evasion abilities are banned
|rule|Sleep Moves Clause: Sleep-inducing moves are banned
|clearpoke
|poke|p1|Samurott-Hisui, M|
|poke|p1|Darkrai|
|poke|p1|Gholdengo|
|poke|p1|Landorus-Therian, M|
|poke|p1|Iron Valiant|
|poke|p1|Raging Bolt|
|poke|p2|Ursaluna, F|
|poke|p2|Alomomola, F|
|poke|p2|Cinderace, F|
|poke|p2|Iron Crown|
|poke|p2|Lokix, F|
|poke|p2|Zapdos|
|teampreview
|c|☆Micciu|hf
|c|☆Sagazinha|u2
|inactive|Micciu has 270 seconds left.
|inactive|Sagazinha has 270 seconds left.
|inactive|Micciu has 240 seconds left.
|inactive|Micciu has 210 seconds left.
|inactive|Micciu has 180 seconds left.
|
|t:|1779573157
|teamsize|p1|6
|teamsize|p2|6
|start
|switch|p1a: Gholdengo|Gholdengo|100/100
|switch|p2a: Alomomola|Alomomola, F|100/100
|turn|1
|inactive|Micciu has 240 seconds left.
|inactive|Sagazinha has 270 seconds left.
|inactive|Sagazinha has 240 seconds left.
|inactive|Micciu has 210 seconds left.
|
|t:|1779573255
|move|p1a: Gholdengo|Shadow Ball|p2a: Alomomola
|-damage|p2a: Alomomola|46/100
|move|p2a: Alomomola|Flip Turn|p1a: Gholdengo
|-damage|p1a: Gholdengo|81/100
|inactive|Sagazinha has 210 seconds left.
|
|t:|1779573282
|switch|p2a: Ursaluna|Ursaluna, F|100/100|[from] Flip Turn
|
|-status|p2a: Ursaluna|brn|[from] item: Flame Orb
|upkeep
|turn|2
|inactive|Sagazinha has 210 seconds left.
|inactive|Micciu has 180 seconds left.
|
|t:|1779573316
|move|p1a: Gholdengo|Shadow Ball|p2a: Ursaluna
|-immune|p2a: Ursaluna
|move|p2a: Ursaluna|Facade|p1a: Gholdengo
|-immune|p1a: Gholdengo
|
|-damage|p2a: Ursaluna|94/100 brn|[from] brn
|upkeep
|turn|3
|
|t:|1779573330
|switch|p1a: Landorus|Landorus-Therian, M|100/100
|-ability|p1a: Landorus|Intimidate|boost
|-unboost|p2a: Ursaluna|atk|1
|move|p2a: Ursaluna|Facade|p1a: Landorus
|-damage|p1a: Landorus|25/100
|-damage|p2a: Ursaluna|78/100 brn|[from] item: Rocky Helmet|[of] p1a: Landorus
|
|-damage|p2a: Ursaluna|72/100 brn|[from] brn
|upkeep
|turn|4
|inactive|Sagazinha has 180 seconds left.
|inactive|Micciu has 150 seconds left.
|
|t:|1779573377
|switch|p2a: Alomomola|Alomomola, F|79/100
|move|p1a: Landorus|U-turn|p2a: Alomomola
|-damage|p2a: Alomomola|65/100
|inactive|Micciu has 150 seconds left.
|
|t:|1779573386
|switch|p1a: Raging Bolt|Raging Bolt|100/100|[from] U-turn
|-enditem|p1a: Raging Bolt|Booster Energy
|-activate|p1a: Raging Bolt|ability: Protosynthesis|[fromitem]
|-start|p1a: Raging Bolt|protosynthesisspa
|
|upkeep
|turn|5
|
|t:|1779573397
|switch|p2a: Iron Crown|Iron Crown|100/100
|move|p1a: Raging Bolt|Thunderbolt|p2a: Iron Crown
|-damage|p2a: Iron Crown|53/100
|
|upkeep
|turn|6
|
|t:|1779573404
|move|p2a: Iron Crown|Focus Blast|p1a: Raging Bolt|[miss]
|-miss|p2a: Iron Crown|p1a: Raging Bolt
|move|p1a: Raging Bolt|Thunderbolt|p2a: Iron Crown
|-damage|p2a: Iron Crown|5/100
|
|upkeep
|turn|7
|inactive|Sagazinha has 180 seconds left.
|inactive|Micciu has 150 seconds left.
|
|t:|1779573446
|move|p1a: Raging Bolt|Thunderclap|p2a: Iron Crown
|-damage|p2a: Iron Crown|0 fnt
|faint|p2a: Iron Crown
|-end|p2a: Iron Crown|Quark Drive|[silent]
|
|upkeep
|
|t:|1779573451
|switch|p2a: Ursaluna|Ursaluna, F|72/100 brn
|turn|8
|
|t:|1779573467
|-end|p1a: Raging Bolt|Protosynthesis|[silent]
|switch|p1a: Landorus|Landorus-Therian, M|25/100
|-ability|p1a: Landorus|Intimidate|boost
|-unboost|p2a: Ursaluna|atk|1
|move|p2a: Ursaluna|Facade|p1a: Landorus
|-damage|p1a: Landorus|0 fnt
|-damage|p2a: Ursaluna|55/100 brn|[from] item: Rocky Helmet|[of] p1a: Landorus
|faint|p1a: Landorus
|
|-damage|p2a: Ursaluna|49/100 brn|[from] brn
|upkeep
|inactive|Micciu has 120 seconds left.
|
|t:|1779573497
|switch|p1a: Samurott|Samurott-Hisui, M|100/100
|turn|9
|inactive|Sagazinha has 180 seconds left.
|
|t:|1779573516
|switch|p2a: Zapdos|Zapdos|100/100
|move|p1a: Samurott|Razor Shell|p2a: Zapdos
|-damage|p2a: Zapdos|59/100
|
|upkeep
|turn|10
|
|t:|1779573531
|switch|p1a: Raging Bolt|Raging Bolt|100/100
|move|p2a: Zapdos|Roost|p2a: Zapdos
|-heal|p2a: Zapdos|100/100
|-singleturn|p2a: Zapdos|move: Roost
|
|upkeep
|turn|11
|
|t:|1779573541
|move|p1a: Raging Bolt|Dragon Pulse|p2a: Zapdos
|-damage|p2a: Zapdos|54/100
|move|p2a: Zapdos|U-turn|p1a: Raging Bolt
|-damage|p1a: Raging Bolt|88/100
|
|t:|1779573551
|switch|p2a: Lokix|Lokix, F|100/100|[from] U-turn
|
|upkeep
|turn|12
|inactive|Micciu has 120 seconds left.
|
|t:|1779573579
|-end|p1a: Raging Bolt|Protosynthesis|[silent]
|switch|p1a: Gholdengo|Gholdengo|81/100
|move|p2a: Lokix|U-turn|p1a: Gholdengo
|-resisted|p1a: Gholdengo
|-damage|p1a: Gholdengo|54/100
|
|t:|1779573585
|switch|p2a: Cinderace|Cinderace, F|100/100|[from] U-turn
|
|upkeep
|turn|13
|
|t:|1779573593
|switch|p1a: Raging Bolt|Raging Bolt|88/100
|move|p2a: Cinderace|U-turn|p1a: Raging Bolt
|-damage|p1a: Raging Bolt|71/100
|
|t:|1779573605
|switch|p2a: Lokix|Lokix, F|100/100|[from] U-turn
|
|upkeep
|turn|14
|inactive|Micciu has 120 seconds left.
|inactive|Sagazinha has 180 seconds left.
|inactive|Micciu has 90 seconds left.
|inactive|Sagazinha has 150 seconds left.
|
|t:|1779573669
|-end|p1a: Raging Bolt|Protosynthesis|[silent]
|switch|p1a: Gholdengo|Gholdengo|54/100
|-terastallize|p2a: Lokix|Bug
|move|p2a: Lokix|First Impression|p1a: Gholdengo
|-resisted|p1a: Gholdengo
|-damage|p1a: Gholdengo|1/100
|
|upkeep
|turn|15
|
|t:|1779573682
|switch|p1a: Raging Bolt|Raging Bolt|71/100
|switch|p2a: Alomomola|Alomomola, F|98/100
|
|upkeep
|turn|16
|
|t:|1779573691
|switch|p2a: Ursaluna|Ursaluna, F|49/100 brn
|move|p1a: Raging Bolt|Thunderbolt|p2a: Ursaluna
|-immune|p2a: Ursaluna
|
|-damage|p2a: Ursaluna|43/100 brn|[from] brn
|upkeep
|turn|17
|
|t:|1779573715
|move|p1a: Raging Bolt|Dragon Pulse|p2a: Ursaluna
|-damage|p2a: Ursaluna|0 fnt
|faint|p2a: Ursaluna
|
|upkeep
|
|t:|1779573718
|switch|p2a: Lokix|Lokix, F, tera:Bug|100/100
|turn|18
|inactive|Sagazinha has 180 seconds left.
|
|t:|1779573725
|-end|p1a: Raging Bolt|Protosynthesis|[silent]
|switch|p1a: Gholdengo|Gholdengo|1/100
|move|p2a: Lokix|U-turn|p1a: Gholdengo
|-resisted|p1a: Gholdengo
|-damage|p1a: Gholdengo|0 fnt
|faint|p1a: Gholdengo
|inactive|Sagazinha has 180 seconds left.
|
|t:|1779573731
|switch|p2a: Cinderace|Cinderace, F|100/100|[from] U-turn
|
|upkeep
|
|t:|1779573741
|switch|p1a: Raging Bolt|Raging Bolt|71/100
|turn|19
|
|t:|1779573747
|move|p2a: Cinderace|U-turn|p1a: Raging Bolt
|-damage|p1a: Raging Bolt|53/100
|
|t:|1779573749
|switch|p2a: Zapdos|Zapdos|54/100|[from] U-turn
|move|p1a: Raging Bolt|Thunderbolt|p2a: Zapdos
|-damage|p2a: Zapdos|4/100
|
|upkeep
|turn|20
|
|t:|1779573754
|move|p1a: Raging Bolt|Thunderbolt|p2a: Zapdos
|-damage|p2a: Zapdos|0 fnt
|faint|p2a: Zapdos
|
|upkeep
|
|t:|1779573756
|switch|p2a: Lokix|Lokix, F, tera:Bug|100/100
|turn|21
|inactive|Micciu has 120 seconds left.
|inactive|Sagazinha has 210 seconds left.
|inactive|Micciu has 90 seconds left.
|inactive|Sagazinha has 180 seconds left.
|inactive|Micciu has 60 seconds left.
|inactive|Sagazinha has 150 seconds left.
|
|t:|1779573843
|-end|p1a: Raging Bolt|Protosynthesis|[silent]
|switch|p1a: Iron Valiant|Iron Valiant|100/100
|-enditem|p1a: Iron Valiant|Booster Energy
|-activate|p1a: Iron Valiant|ability: Quark Drive|[fromitem]
|-start|p1a: Iron Valiant|quarkdrivespe
|move|p2a: Lokix|First Impression|p1a: Iron Valiant
|-resisted|p1a: Iron Valiant
|-damage|p1a: Iron Valiant|47/100
|
|upkeep
|turn|22
|inactive|Micciu has 60 seconds left.
|
|t:|1779573853
|switch|p2a: Alomomola|Alomomola, F|100/100
|move|p1a: Iron Valiant|Swords Dance|p1a: Iron Valiant
|-boost|p1a: Iron Valiant|atk|2
|
|upkeep
|turn|23
|inactive|Micciu has 60 seconds left.
|
|t:|1779573863
|move|p1a: Iron Valiant|Close Combat|p2a: Alomomola
|-damage|p2a: Alomomola|21/100
|-unboost|p1a: Iron Valiant|def|1
|-unboost|p1a: Iron Valiant|spd|1
|move|p2a: Alomomola|Flip Turn|p1a: Iron Valiant
|-damage|p1a: Iron Valiant|13/100
|
|t:|1779573870
|switch|p2a: Lokix|Lokix, F, tera:Bug|100/100|[from] Flip Turn
|
|upkeep
|turn|24
|
|t:|1779573873
|move|p2a: Lokix|First Impression|p1a: Iron Valiant
|-resisted|p1a: Iron Valiant
|-damage|p1a: Iron Valiant|0 fnt
|faint|p1a: Iron Valiant
|-end|p1a: Iron Valiant|Quark Drive|[silent]
|
|upkeep
|
|t:|1779573882
|switch|p1a: Samurott|Samurott-Hisui, M|100/100
|turn|25
|
|t:|1779573895
|switch|p2a: Alomomola|Alomomola, F|55/100
|move|p1a: Samurott|Ceaseless Edge|p2a: Alomomola
|-damage|p2a: Alomomola|27/100
|-sidestart|p2: Sagazinha|Spikes
|
|upkeep
|turn|26
|
|t:|1779573900
|switch|p2a: Cinderace|Cinderace, F|100/100
|move|p1a: Samurott|Knock Off|p2a: Cinderace
|-damage|p2a: Cinderace|46/100
|-enditem|p2a: Cinderace|Heavy-Duty Boots|[from] move: Knock Off|[of] p1a: Samurott
|
|upkeep
|turn|27
|inactive|Sagazinha has 180 seconds left.
|inactive|Micciu has 90 seconds left.
|
|t:|1779573929
|move|p2a: Cinderace|Court Change|p2a: Cinderace
|-swapsideconditions
|-activate|p2a: Cinderace|move: Court Change
|move|p1a: Samurott|Razor Shell|p2a: Cinderace
|-supereffective|p2a: Cinderace
|-damage|p2a: Cinderace|0 fnt
|faint|p2a: Cinderace
|
|upkeep
|
|t:|1779573943
|switch|p2a: Lokix|Lokix, F, tera:Bug|100/100
|turn|28
|inactive|Micciu has 90 seconds left.
|
|t:|1779573965
|move|p2a: Lokix|Leech Life|p1a: Samurott
|-supereffective|p1a: Samurott
|-enditem|p1a: Samurott|Focus Sash
|-damage|p1a: Samurott|1/100
|move|p1a: Samurott|Ceaseless Edge|p2a: Lokix
|-damage|p2a: Lokix|32/100
|-sidestart|p2: Sagazinha|Spikes
|
|upkeep
|turn|29
|inactive|Sagazinha has 150 seconds left.
|inactive|Micciu has 90 seconds left.
|inactive|Sagazinha has 120 seconds left.
|inactive|Micciu has 60 seconds left.
|
|t:|1779574041
|move|p2a: Lokix|Leech Life|p1a: Samurott
|-supereffective|p1a: Samurott
|-damage|p1a: Samurott|0 fnt
|-heal|p2a: Lokix|32/100|[from] drain|[of] p1a: Samurott
|faint|p1a: Samurott
|
|upkeep
|
|t:|1779574049
|switch|p1a: Raging Bolt|Raging Bolt|53/100
|-damage|p1a: Raging Bolt|40/100|[from] Spikes
|turn|30
|inactive|Sagazinha has 120 seconds left.
|
|t:|1779574065
|switch|p2a: Alomomola|Alomomola, F|60/100
|move|p1a: Raging Bolt|Thunderclap||[still]
|-fail|p1a: Raging Bolt
|
|upkeep
|turn|31
|
|t:|1779574070
|move|p2a: Alomomola|Protect|p2a: Alomomola
|-singleturn|p2a: Alomomola|Protect
|move|p1a: Raging Bolt|Thunderbolt|p2a: Alomomola
|-activate|p2a: Alomomola|move: Protect
|
|upkeep
|turn|32
|
|t:|1779574084
|move|p1a: Raging Bolt|Thunderbolt|p2a: Alomomola
|-supereffective|p2a: Alomomola
|-damage|p2a: Alomomola|0 fnt
|faint|p2a: Alomomola
|
|upkeep
|
|t:|1779574085
|switch|p2a: Lokix|Lokix, F, tera:Bug|32/100
|-damage|p2a: Lokix|20/100|[from] Spikes
|turn|33
|c|☆Micciu|gg
|c|☆Sagazinha|gg
|
|t:|1779574093
|move|p1a: Raging Bolt|Thunderclap|p2a: Lokix
|-damage|p2a: Lokix|0 fnt
|faint|p2a: Lokix
|
|win|Micciu
|player|p2|
|player|p1|
