|j|☆Pfullmetal09
|j|☆dakshxv
|t:|1779631561
|gametype|singles
|player|p1|Pfullmetal09|2|1153
|player|p2|dakshxv|cynthia-gen4|1250
|gen|9
|tier|[Gen 9] OU
|rated|
|rule|HP Percentage Mod: HP is shown in percentages
|rule|Endless Battle Clause: Forcing endless battles is banned
|rule|Species Clause: Limit one of each Pokémon
|rule|OHKO Clause: OHKO moves are banned
|rule|Evasion Items Clause: Evasion items are banned
|rule|Evasion Moves Clause: Evasion moves are banned
|rule|Evasion Abilities Clause: Evasion abilities are banned
|rule|Sleep Moves Clause: Sleep-inducing moves are banned
|clearpoke
|poke|p1|Ninetales-Alola, F|
|poke|p1|Cetitan, F|
|poke|p1|Kyurem|
|poke|p1|Sandslash-Alola, M|
|poke|p1|Moltres|
|poke|p1|Zamazenta-*|
|poke|p2|Dragonite, F|
|poke|p2|Gholdengo|
|poke|p2|Great Tusk|
|poke|p2|Kingambit, M|
|poke|p2|Rotom-Wash|
|poke|p2|Iron Valiant|
|teampreview
|inactive|Battle timer is ON: inactive players will automatically lose when time's up. (requested by Pfullmetal09)
|
|t:|1779631568
|teamsize|p1|6
|teamsize|p2|6
|start
|switch|p1a: Ninetales|Ninetales-Alola, F|100/100
|switch|p2a: Rotom|Rotom-Wash|100/100
|-weather|Snowscape|[from] ability: Snow Warning|[of] p1a: Ninetales
|turn|1
|
|t:|1779631572
|move|p1a: Ninetales|Freeze-Dry|p2a: Rotom
|-supereffective|p2a: Rotom
|-damage|p2a: Rotom|47/100
|move|p2a: Rotom|Volt Switch|p1a: Ninetales
|-damage|p1a: Ninetales|71/100
|
|t:|1779631581
|switch|p2a: Gholdengo|Gholdengo|100/100|[from] Volt Switch
|
|-weather|Snowscape|[upkeep]
|upkeep
|turn|2
|
|t:|1779631586
|switch|p1a: Moltres|Moltres|100/100
|move|p2a: Gholdengo|Make It Rain|p1a: Moltres
|-resisted|p1a: Moltres
|-damage|p1a: Moltres|61/100
|-unboost|p2a: Gholdengo|spa|1
|
|-weather|Snowscape|[upkeep]
|upkeep
|turn|3
|
|t:|1779631602
|switch|p2a: Dragonite|Dragonite, F|100/100
|move|p1a: Moltres|Flamethrower|p2a: Dragonite
|-resisted|p2a: Dragonite
|-damage|p2a: Dragonite|87/100
|
|-weather|Snowscape|[upkeep]
|upkeep
|turn|4
|
|t:|1779631613
|move|p1a: Moltres|Hurricane|p2a: Dragonite
|-damage|p2a: Dragonite|20/100
|move|p2a: Dragonite|Ice Beam|p1a: Moltres
|-damage|p1a: Moltres|39/100
|
|-weather|Snowscape|[upkeep]
|upkeep
|turn|5
|
|t:|1779631621
|move|p2a: Dragonite|Extreme Speed|p1a: Moltres
|-damage|p1a: Moltres|4/100
|move|p1a: Moltres|Hurricane|p2a: Dragonite|[miss]
|-miss|p1a: Moltres|p2a: Dragonite
|
|-weather|Snowscape|[upkeep]
|upkeep
|turn|6
|
|t:|1779631628
|move|p2a: Dragonite|Extreme Speed|p1a: Moltres
|-crit|p1a: Moltres
|-damage|p1a: Moltres|0 fnt
|-status|p2a: Dragonite|brn|[from] ability: Flame Body|[of] p1a: Moltres
|faint|p1a: Moltres
|
|-weather|Snowscape|[upkeep]
|-damage|p2a: Dragonite|14/100 brn|[from] brn
|upkeep
|
|t:|1779631635
|switch|p1a: Cetitan|Cetitan, F|100/100
|turn|7
|
|t:|1779631640
|move|p1a: Cetitan|Ice Shard|p2a: Dragonite
|-supereffective|p2a: Dragonite
|-crit|p2a: Dragonite
|-damage|p2a: Dragonite|0 fnt
|faint|p2a: Dragonite
|
|-weather|Snowscape|[upkeep]
|upkeep
|
|t:|1779631646
|switch|p2a: Gholdengo|Gholdengo|100/100
|turn|8
|
|t:|1779631650
|switch|p1a: OneInAMilion|Sandslash-Alola, M|100/100
|move|p2a: Gholdengo|Make It Rain|p1a: OneInAMilion
|-damage|p1a: OneInAMilion|3/100
|-unboost|p2a: Gholdengo|spa|1
|
|-weather|none
|upkeep
|turn|9
|
|t:|1779631660
|move|p2a: Gholdengo|Make It Rain|p1a: OneInAMilion
|-damage|p1a: OneInAMilion|0 fnt
|-unboost|p2a: Gholdengo|spa|1
|faint|p1a: OneInAMilion
|
|upkeep
|
|t:|1779631666
|switch|p1a: Ninetales|Ninetales-Alola, F|71/100
|-weather|Snowscape|[from] ability: Snow Warning|[of] p1a: Ninetales
|turn|10
|
|t:|1779631672
|switch|p1a: Zamazenta|Zamazenta|100/100
|-ability|p1a: Zamazenta|Dauntless Shield|boost
|-boost|p1a: Zamazenta|def|1
|move|p2a: Gholdengo|Make It Rain|p1a: Zamazenta
|-damage|p1a: Zamazenta|75/100
|-unboost|p2a: Gholdengo|spa|1
|
|-weather|Snowscape|[upkeep]
|-heal|p1a: Zamazenta|82/100|[from] item: Leftovers
|upkeep
|turn|11
|
|t:|1779631682
|switch|p2a: Rotom|Rotom-Wash|47/100
|move|p1a: Zamazenta|Crunch|p2a: Rotom
|-damage|p2a: Rotom|27/100
|
|-weather|Snowscape|[upkeep]
|-heal|p1a: Zamazenta|88/100|[from] item: Leftovers
|-heal|p2a: Rotom|33/100|[from] item: Leftovers
|upkeep
|turn|12
|
|t:|1779631694
|move|p1a: Zamazenta|Body Press|p2a: Rotom
|-damage|p2a: Rotom|0 fnt
|faint|p2a: Rotom
|
|-weather|Snowscape|[upkeep]
|-heal|p1a: Zamazenta|94/100|[from] item: Leftovers
|upkeep
|
|t:|1779631700
|switch|p2a: Iron Valiant|Iron Valiant|100/100
|-enditem|p2a: Iron Valiant|Booster Energy
|-activate|p2a: Iron Valiant|ability: Quark Drive|[fromitem]
|-start|p2a: Iron Valiant|quarkdrivespe
|turn|13
|
|t:|1779631711
|move|p2a: Iron Valiant|Moonblast|p1a: Zamazenta
|-supereffective|p1a: Zamazenta
|-damage|p1a: Zamazenta|27/100
|move|p1a: Zamazenta|Heavy Slam|p2a: Iron Valiant
|-supereffective|p2a: Iron Valiant
|-damage|p2a: Iron Valiant|13/100
|
|-weather|Snowscape|[upkeep]
|-heal|p1a: Zamazenta|33/100|[from] item: Leftovers
|upkeep
|turn|14
|
|t:|1779631727
|move|p2a: Iron Valiant|Moonblast|p1a: Zamazenta
|-supereffective|p1a: Zamazenta
|-damage|p1a: Zamazenta|0 fnt
|faint|p1a: Zamazenta
|
|-weather|Snowscape|[upkeep]
|upkeep
|
|t:|1779631728
|switch|p1a: Cetitan|Cetitan, F|100/100
|turn|15
|
|t:|1779631735
|move|p1a: Cetitan|Ice Shard|p2a: Iron Valiant
|-damage|p2a: Iron Valiant|0 fnt
|faint|p2a: Iron Valiant
|-end|p2a: Iron Valiant|Quark Drive|[silent]
|
|-weather|Snowscape|[upkeep]
|upkeep
|
|t:|1779631746
|switch|p2a: Kingambit|Kingambit, M|100/100
|-activate|p2a: Kingambit|ability: Supreme Overlord
|-start|p2a: Kingambit|fallen3|[silent]
|turn|16
|
|t:|1779631772
|switch|p1a: ColdVision|Kyurem|100/100
|-ability|p1a: ColdVision|Pressure
|move|p2a: Kingambit|Iron Head|p1a: ColdVision
|-supereffective|p1a: ColdVision
|-damage|p1a: ColdVision|16/100
|
|-weather|Snowscape|[upkeep]
|upkeep
|turn|17
|
|t:|1779631786
|move|p2a: Kingambit|Sucker Punch|p1a: ColdVision
|-damage|p1a: ColdVision|0 fnt
|faint|p1a: ColdVision
|
|-weather|none
|upkeep
|
|t:|1779631791
|switch|p1a: Cetitan|Cetitan, F|100/100
|turn|18
|
|t:|1779631795
|switch|p1a: Ninetales|Ninetales-Alola, F|71/100
|-weather|Snowscape|[from] ability: Snow Warning|[of] p1a: Ninetales
|move|p2a: Kingambit|Iron Head|p1a: Ninetales
|-supereffective|p1a: Ninetales
|-damage|p1a: Ninetales|0 fnt
|faint|p1a: Ninetales
|
|-weather|Snowscape|[upkeep]
|upkeep
|
|t:|1779631797
|switch|p1a: Cetitan|Cetitan, F|100/100
|turn|19
|
|t:|1779631805
|-terastallize|p1a: Cetitan|Water
|move|p1a: Cetitan|Belly Drum|p1a: Cetitan
|-damage|p1a: Cetitan|50/100
|-setboost|p1a: Cetitan|atk|6|[from] move: Belly Drum
|-enditem|p1a: Cetitan|Sitrus Berry|[eat]
|-heal|p1a: Cetitan|75/100|[from] item: Sitrus Berry
|move|p2a: Kingambit|Iron Head|p1a: Cetitan
|-resisted|p1a: Cetitan
|-damage|p1a: Cetitan|46/100
|
|-weather|Snowscape|[upkeep]
|upkeep
|turn|20
|
|t:|1779631818
|move|p1a: Cetitan|Liquidation|p2a: Kingambit
|-damage|p2a: Kingambit|0 fnt
|faint|p2a: Kingambit
|-end|p2a: Kingambit|fallen3|[silent]
|
|-weather|Snowscape|[upkeep]
|upkeep
|
|t:|1779631822
|switch|p2a: Gholdengo|Gholdengo|100/100
|turn|21
|
|t:|1779631827
|move|p1a: Cetitan|Liquidation|p2a: Gholdengo
|-damage|p2a: Gholdengo|0 fnt
|faint|p2a: Gholdengo
|
|-weather|Snowscape|[upkeep]
|upkeep
|
|t:|1779631829
|switch|p2a: Great Tusk|Great Tusk|100/100
|turn|22
|
|t:|1779631836
|-terastallize|p2a: Great Tusk|Water
|move|p1a: Cetitan|Liquidation|p2a: Great Tusk
|-resisted|p2a: Great Tusk
|-damage|p2a: Great Tusk|62/100
|-unboost|p2a: Great Tusk|def|1
|move|p2a: Great Tusk|Earthquake|p1a: Cetitan
|-damage|p1a: Cetitan|2/100
|
|-weather|Snowscape|[upkeep]
|-heal|p2a: Great Tusk|68/100|[from] item: Leftovers
|upkeep
|turn|23
|
|t:|1779631850
|move|p1a: Cetitan|Play Rough|p2a: Great Tusk
|-damage|p2a: Great Tusk|0 fnt
|faint|p2a: Great Tusk
|-end|p2a: Great Tusk|Protosynthesis|[silent]
|
|win|Pfullmetal09
|raw|Pfullmetal09's rating: 1153 &rarr; <strong>1185</strong><br />(+32 for winning)
|raw|dakshxv's rating: 1250 &rarr; <strong>1218</strong><br />(-32 for losing)
|c|☆dakshxv|gg
|c|☆dakshxv|close
|l|☆Pfullmetal09
|player|p1|
|l|☆dakshxv
|player|p2|
