|inactive|Battle timer is ON: inactive players will automatically lose when time's up.
|badge|p1|bronze|gen9doublesou|100-9
|uhtml|medal-msg|<div class="broadcast-blue">Curious what those medals under the avatar are? PS now has Ladder Seasons! For more information, check out the <a href="https://www.smogon.com/forums/threads/3740067/">thread on Smogon.</a></div>
|t:|1779569145
|gametype|singles
|player|p1|luisin|#wcop2026mexico|
|player|p2|Abele01✞|#wcop2025chile|
|gen|9
|tier|[Gen 9] OU
|rule|HP Percentage Mod: HP is shown in percentages
|rule|Endless Battle Clause: Forcing endless battles is banned
|rule|Species Clause: Limit one of each Pokémon
|rule|OHKO Clause: OHKO moves are banned
|rule|Evasion Items Clause: Evasion items are banned
|rule|Evasion Moves Clause: Evasion moves are banned
|rule|Evasion Abilities Clause: Evasion abilities are banned
|rule|Sleep Moves Clause: Sleep-inducing moves are banned
|clearpoke
|poke|p1|Dondozo, F|
|poke|p1|Blissey, F|
|poke|p1|Gliscor, M|
|poke|p1|Toxapex, M|
|poke|p1|Mandibuzz, F|
|poke|p1|Talonflame, F|
|poke|p2|Garganacl, M|
|poke|p2|Darkrai|
|poke|p2|Great Tusk|
|poke|p2|Hatterene, F|
|poke|p2|Tornadus-Therian, M|
|poke|p2|Dragonite, M|
|teampreview
|c|☆luisin|hf
|c|☆Abele01✞|intentaré
|c|☆luisin|gracias
|
|t:|1779569173
|teamsize|p1|6
|teamsize|p2|6
|start
|switch|p1a: Gliscor|Gliscor, M|100/100
|switch|p2a: Great Tusk|Great Tusk|100/100
|turn|1
|
|t:|1779569177
|move|p1a: Gliscor|Protect|p1a: Gliscor
|-singleturn|p1a: Gliscor|Protect
|move|p2a: Great Tusk|Ice Spinner|p1a: Gliscor
|-activate|p1a: Gliscor|move: Protect
|
|-status|p1a: Gliscor|tox|[from] item: Toxic Orb
|upkeep
|turn|2
|
|t:|1779569181
|switch|p1a: Talonflame|Talonflame, F|100/100
|move|p2a: Great Tusk|Stealth Rock|p1a: Talonflame
|-sidestart|p1: luisin|move: Stealth Rock
|
|upkeep
|turn|3
|
|t:|1779569193
|-end|p2a: Great Tusk|Protosynthesis|[silent]
|switch|p2a: Garganacl|Garganacl, M|100/100
|move|p1a: Talonflame|Defog|p2a: Garganacl
|-unboost|p2a: Garganacl|evasion|1
|-sideend|p1: luisin|Stealth Rock|[from] move: Defog|[of] p1a: Talonflame
|
|upkeep
|turn|4
|
|t:|1779569218
|switch|p1a: Gliscor|Gliscor, M|100/100 tox
|move|p2a: Garganacl|Curse|p2a: Garganacl
|-unboost|p2a: Garganacl|spe|1
|-boost|p2a: Garganacl|atk|1
|-boost|p2a: Garganacl|def|1
|
|upkeep
|turn|5
|
|t:|1779569237
|move|p1a: Gliscor|Knock Off|p2a: Garganacl
|-damage|p2a: Garganacl|92/100
|-enditem|p2a: Garganacl|Leftovers|[from] move: Knock Off|[of] p1a: Gliscor
|move|p2a: Garganacl|Curse|p2a: Garganacl
|-unboost|p2a: Garganacl|spe|1
|-boost|p2a: Garganacl|atk|1
|-boost|p2a: Garganacl|def|1
|
|upkeep
|turn|6
|
|t:|1779569247
|move|p1a: Gliscor|Earthquake|p2a: Garganacl
|-supereffective|p2a: Garganacl
|-crit|p2a: Garganacl
|-damage|p2a: Garganacl|29/100
|move|p2a: Garganacl|Earthquake|p1a: Gliscor
|-immune|p1a: Gliscor
|
|upkeep
|turn|7
|
|t:|1779569251
|move|p1a: Gliscor|Earthquake|p2a: Garganacl
|-supereffective|p2a: Garganacl
|-damage|p2a: Garganacl|10/100
|move|p2a: Garganacl|Recover|p2a: Garganacl
|-heal|p2a: Garganacl|60/100
|
|upkeep
|turn|8
|
|t:|1779569257
|move|p1a: Gliscor|Earthquake|p2a: Garganacl
|-supereffective|p2a: Garganacl
|-damage|p2a: Garganacl|38/100
|move|p2a: Garganacl|Recover|p2a: Garganacl
|-heal|p2a: Garganacl|88/100
|
|upkeep
|turn|9
|
|t:|1779569260
|move|p1a: Gliscor|Earthquake|p2a: Garganacl
|-supereffective|p2a: Garganacl
|-damage|p2a: Garganacl|68/100
|move|p2a: Garganacl|Curse|p2a: Garganacl
|-unboost|p2a: Garganacl|spe|1
|-boost|p2a: Garganacl|atk|1
|-boost|p2a: Garganacl|def|1
|
|upkeep
|turn|10
|
|t:|1779569264
|move|p1a: Gliscor|Earthquake|p2a: Garganacl
|-supereffective|p2a: Garganacl
|-damage|p2a: Garganacl|51/100
|move|p2a: Garganacl|Curse|p2a: Garganacl
|-unboost|p2a: Garganacl|spe|1
|-boost|p2a: Garganacl|atk|1
|-boost|p2a: Garganacl|def|1
|
|upkeep
|turn|11
|
|t:|1779569268
|move|p1a: Gliscor|Earthquake|p2a: Garganacl
|-supereffective|p2a: Garganacl
|-damage|p2a: Garganacl|35/100
|move|p2a: Garganacl|Recover|p2a: Garganacl
|-heal|p2a: Garganacl|85/100
|
|upkeep
|turn|12
|
|t:|1779569273
|move|p1a: Gliscor|Earthquake|p2a: Garganacl
|-supereffective|p2a: Garganacl
|-damage|p2a: Garganacl|72/100
|move|p2a: Garganacl|Salt Cure|p1a: Gliscor
|-damage|p1a: Gliscor|70/100 tox
|-start|p1a: Gliscor|Salt Cure
|
|-heal|p1a: Gliscor|83/100 tox|[from] ability: Poison Heal
|-damage|p1a: Gliscor|70/100 tox|[from] Salt Cure
|upkeep
|turn|13
|
|t:|1779569277
|switch|p1a: Dondozo|Dondozo, F|100/100
|move|p2a: Garganacl|Earthquake|p1a: Dondozo
|-damage|p1a: Dondozo|91/100
|
|-heal|p1a: Dondozo|97/100|[from] item: Leftovers
|upkeep
|turn|14
|
|t:|1779569281
|-terastallize|p1a: Dondozo|Dragon
|move|p1a: Dondozo|Body Press|p2a: Garganacl
|-supereffective|p2a: Garganacl
|-damage|p2a: Garganacl|37/100
|move|p2a: Garganacl|Salt Cure|p1a: Dondozo
|-damage|p1a: Dondozo|91/100
|-start|p1a: Dondozo|Salt Cure
|
|-heal|p1a: Dondozo|97/100|[from] item: Leftovers
|-damage|p1a: Dondozo|85/100|[from] Salt Cure
|upkeep
|turn|15
|
|t:|1779569287
|switch|p1a: Gliscor|Gliscor, M|70/100 tox
|move|p2a: Garganacl|Recover|p2a: Garganacl
|-heal|p2a: Garganacl|87/100
|
|-heal|p1a: Gliscor|83/100 tox|[from] ability: Poison Heal
|upkeep
|turn|16
|
|t:|1779569292
|move|p1a: Gliscor|Protect|p1a: Gliscor
|-singleturn|p1a: Gliscor|Protect
|move|p2a: Garganacl|Curse|p2a: Garganacl
|-unboost|p2a: Garganacl|spe|1
|-boost|p2a: Garganacl|atk|1
|-boost|p2a: Garganacl|def|1
|
|-heal|p1a: Gliscor|95/100 tox|[from] ability: Poison Heal
|upkeep
|turn|17
|
|t:|1779569294
|move|p1a: Gliscor|Earthquake|p2a: Garganacl
|-supereffective|p2a: Garganacl
|-damage|p2a: Garganacl|75/100
|move|p2a: Garganacl|Salt Cure|p1a: Gliscor
|-damage|p1a: Gliscor|60/100 tox
|-start|p1a: Gliscor|Salt Cure
|
|-heal|p1a: Gliscor|73/100 tox|[from] ability: Poison Heal
|-damage|p1a: Gliscor|60/100 tox|[from] Salt Cure
|upkeep
|turn|18
|
|t:|1779569297
|switch|p1a: Dondozo|Dondozo, F, tera:Dragon|85/100
|move|p2a: Garganacl|Curse|p2a: Garganacl
|-unboost|p2a: Garganacl|spe|1
|-boost|p2a: Garganacl|atk|1
|-boost|p2a: Garganacl|def|1
|
|-heal|p1a: Dondozo|91/100|[from] item: Leftovers
|upkeep
|turn|19
|
|t:|1779569302
|move|p1a: Dondozo|Body Press|p2a: Garganacl
|-supereffective|p2a: Garganacl
|-damage|p2a: Garganacl|38/100
|move|p2a: Garganacl|Salt Cure|p1a: Dondozo
|-damage|p1a: Dondozo|85/100
|-start|p1a: Dondozo|Salt Cure
|
|-heal|p1a: Dondozo|91/100|[from] item: Leftovers
|-damage|p1a: Dondozo|79/100|[from] Salt Cure
|upkeep
|turn|20
|
|t:|1779569304
|move|p1a: Dondozo|Body Press|p2a: Garganacl
|-supereffective|p2a: Garganacl
|-damage|p2a: Garganacl|1/100
|move|p2a: Garganacl|Recover|p2a: Garganacl
|-heal|p2a: Garganacl|51/100
|
|-heal|p1a: Dondozo|85/100|[from] item: Leftovers
|-damage|p1a: Dondozo|73/100|[from] Salt Cure
|upkeep
|turn|21
|
|t:|1779569310
|move|p1a: Dondozo|Body Press|p2a: Garganacl
|-supereffective|p2a: Garganacl
|-damage|p2a: Garganacl|17/100
|move|p2a: Garganacl|Recover|p2a: Garganacl
|-heal|p2a: Garganacl|67/100
|
|-heal|p1a: Dondozo|79/100|[from] item: Leftovers
|-damage|p1a: Dondozo|67/100|[from] Salt Cure
|upkeep
|turn|22
|
|t:|1779569313
|switch|p2a: Hatterene|Hatterene, F|100/100
|move|p1a: Dondozo|Body Press|p2a: Hatterene
|-resisted|p2a: Hatterene
|-damage|p2a: Hatterene|95/100
|-damage|p1a: Dondozo|50/100|[from] item: Rocky Helmet|[of] p2a: Hatterene
|
|-heal|p1a: Dondozo|56/100|[from] item: Leftovers
|-damage|p1a: Dondozo|44/100|[from] Salt Cure
|upkeep
|turn|23
|
|t:|1779569320
|switch|p1a: Mandibuzz|Mandibuzz, F|100/100
|move|p2a: Hatterene|Future Sight|p1a: Mandibuzz
|-start|p2a: Hatterene|move: Future Sight
|
|upkeep
|turn|24
|
|t:|1779569323
|move|p1a: Mandibuzz|Knock Off|p2a: Hatterene
|-damage|p2a: Hatterene|77/100
|-damage|p1a: Mandibuzz|84/100|[from] item: Rocky Helmet|[of] p2a: Hatterene
|-enditem|p2a: Hatterene|Rocky Helmet|[from] move: Knock Off|[of] p1a: Mandibuzz
|move|p2a: Hatterene|Dazzling Gleam|p1a: Mandibuzz
|-supereffective|p1a: Mandibuzz
|-damage|p1a: Mandibuzz|38/100
|
|upkeep
|turn|25
|
|t:|1779569330
|switch|p1a: Blissey|Blissey, F|100/100
|move|p2a: Hatterene|Nuzzle|p1a: Blissey
|-damage|p1a: Blissey|97/100
|-status|p1a: Blissey|par
|
|-end|p1a: Blissey|move: Future Sight
|-damage|p1a: Blissey|79/100 par
|-heal|p1a: Blissey|85/100 par|[from] item: Leftovers
|upkeep
|turn|26
|
|t:|1779569337
|-curestatus|p1a: Blissey|par|[from] ability: Natural Cure|[silent]
|switch|p1a: Gliscor|Gliscor, M|60/100 tox
|move|p2a: Hatterene|Future Sight|p1a: Gliscor
|-start|p2a: Hatterene|move: Future Sight
|
|-heal|p1a: Gliscor|73/100 tox|[from] ability: Poison Heal
|upkeep
|turn|27
|
|t:|1779569343
|move|p1a: Gliscor|Protect|p1a: Gliscor
|-singleturn|p1a: Gliscor|Protect
|move|p2a: Hatterene|Dazzling Gleam|p1a: Gliscor
|-activate|p1a: Gliscor|move: Protect
|
|-heal|p1a: Gliscor|85/100 tox|[from] ability: Poison Heal
|upkeep
|turn|28
|
|t:|1779569349
|switch|p1a: Blissey|Blissey, F|85/100
|move|p2a: Hatterene|Pain Split|p1a: Blissey
|-sethp|p1a: Blissey|61/100|[from] move: Pain Split|[silent]
|-sethp|p2a: Hatterene|100/100|[from] move: Pain Split
|
|-end|p1a: Blissey|move: Future Sight
|-damage|p1a: Blissey|44/100
|-heal|p1a: Blissey|50/100|[from] item: Leftovers
|upkeep
|turn|29
|
|t:|1779569363
|move|p1a: Blissey|Seismic Toss|p2a: Hatterene
|-damage|p2a: Hatterene|69/100
|move|p2a: Hatterene|Future Sight|p1a: Blissey
|-start|p2a: Hatterene|move: Future Sight
|
|-heal|p1a: Blissey|56/100|[from] item: Leftovers
|upkeep
|turn|30
|
|t:|1779569368
|switch|p2a: Great Tusk|Great Tusk|100/100
|move|p1a: Blissey|Calm Mind|p1a: Blissey
|-boost|p1a: Blissey|spa|1
|-boost|p1a: Blissey|spd|1
|
|-heal|p1a: Blissey|63/100|[from] item: Leftovers
|upkeep
|turn|31
|
|t:|1779569374
|switch|p1a: Mandibuzz|Mandibuzz, F|38/100
|move|p2a: Great Tusk|Ice Spinner|p1a: Mandibuzz
|-supereffective|p1a: Mandibuzz
|-damage|p1a: Mandibuzz|0 fnt
|faint|p1a: Mandibuzz
|
|-hint|Future Sight did not hit because the target is fainted.
|upkeep
|
|t:|1779569378
|switch|p1a: Talonflame|Talonflame, F|100/100
|turn|32
|
|t:|1779569383
|-end|p2a: Great Tusk|Protosynthesis|[silent]
|switch|p2a: Garganacl|Garganacl, M|67/100
|move|p1a: Talonflame|Overheat|p2a: Garganacl
|-resisted|p2a: Garganacl
|-damage|p2a: Garganacl|56/100
|-unboost|p1a: Talonflame|spa|2
|
|upkeep
|turn|33
|
|t:|1779569395
|switch|p1a: Dondozo|Dondozo, F, tera:Dragon|44/100
|switch|p2a: Great Tusk|Great Tusk|100/100
|
|-heal|p1a: Dondozo|50/100|[from] item: Leftovers
|upkeep
|turn|34
|
|t:|1779569405
|switch|p1a: Talonflame|Talonflame, F|100/100
|move|p2a: Great Tusk|Headlong Rush|p1a: Talonflame
|-immune|p1a: Talonflame
|
|upkeep
|turn|35
|
|t:|1779569411
|-end|p2a: Great Tusk|Protosynthesis|[silent]
|switch|p2a: Garganacl|Garganacl, M|56/100
|move|p1a: Talonflame|Will-O-Wisp|p2a: Garganacl
|-immune|p2a: Garganacl|[from] ability: Purifying Salt
|
|upkeep
|turn|36
|
|t:|1779569437
|switch|p1a: Toxapex|Toxapex, M|100/100
|switch|p2a: Hatterene|Hatterene, F|69/100
|
|upkeep
|turn|37
|
|t:|1779569441
|move|p2a: Hatterene|Future Sight|p1a: Toxapex
|-start|p2a: Hatterene|move: Future Sight
|move|p1a: Toxapex|Sludge Bomb|p2a: Hatterene
|-supereffective|p2a: Hatterene
|-damage|p2a: Hatterene|28/100
|
|upkeep
|turn|38
|
|t:|1779569447
|move|p2a: Hatterene|Pain Split|p1a: Toxapex
|-sethp|p1a: Toxapex|65/100|[from] move: Pain Split|[silent]
|-sethp|p2a: Hatterene|62/100|[from] move: Pain Split
|move|p1a: Toxapex|Sludge Bomb|p2a: Hatterene
|-supereffective|p2a: Hatterene
|-damage|p2a: Hatterene|22/100
|
|-heal|p1a: Toxapex|71/100|[from] item: Black Sludge
|upkeep
|turn|39
|c|☆Abele01✞|q porongas pasó
|c|☆luisin|de k pa
|inactive|Abele01✞ has 270 seconds left.
|c|☆luisin|asi paso hace como 15 turnos
|c|☆luisin|no salia arriba jajajaja
|c|☆Abele01✞|apoco
|c|☆Abele01✞|pero si pegaba o nel
|inactive|Abele01✞ has 240 seconds left.
|c|☆Abele01✞|KJJJJJJJJ
|c|☆Abele01✞|aver
|
|t:|1779569526
|switch|p1a: Blissey|Blissey, F|63/100
|move|p2a: Hatterene|Pain Split|p1a: Blissey
|-sethp|p1a: Blissey|37/100|[from] move: Pain Split|[silent]
|-sethp|p2a: Hatterene|75/100|[from] move: Pain Split
|
|-end|p1a: Blissey|move: Future Sight
|-damage|p1a: Blissey|20/100
|-heal|p1a: Blissey|26/100|[from] item: Leftovers
|upkeep
|turn|40
|c|☆luisin|ves
|c|☆Abele01✞|no habian cambiado eso?
|
|t:|1779569547
|move|p1a: Blissey|Soft-Boiled|p1a: Blissey
|-heal|p1a: Blissey|76/100
|move|p2a: Hatterene|Future Sight|p1a: Blissey
|-start|p2a: Hatterene|move: Future Sight
|
|-heal|p1a: Blissey|82/100|[from] item: Leftovers
|upkeep
|turn|41
|c|☆luisin|ahora si sale kkkkk
|c|☆Abele01✞|KJJJJJJJJ
|c|☆Abele01✞|esta buggeadisimo
|
|t:|1779569561
|switch|p1a: Gliscor|Gliscor, M|85/100 tox
|move|p2a: Hatterene|Pain Split|p1a: Gliscor
|-sethp|p1a: Gliscor|77/100 tox|[from] move: Pain Split|[silent]
|-sethp|p2a: Hatterene|85/100|[from] move: Pain Split
|
|-heal|p1a: Gliscor|89/100 tox|[from] ability: Poison Heal
|upkeep
|turn|42
|
|t:|1779569567
|switch|p1a: Blissey|Blissey, F|82/100
|move|p2a: Hatterene|Dazzling Gleam|p1a: Blissey
|-damage|p1a: Blissey|72/100
|
|-end|p1a: Blissey|move: Future Sight
|-damage|p1a: Blissey|56/100
|-heal|p1a: Blissey|62/100|[from] item: Leftovers
|upkeep
|turn|43
|
|t:|1779569571
|switch|p1a: Toxapex|Toxapex, M|100/100
|move|p2a: Hatterene|Future Sight|p1a: Toxapex
|-start|p2a: Hatterene|move: Future Sight
|
|upkeep
|turn|44
|inactive|Abele01✞ has 240 seconds left.
|
|t:|1779569582
|switch|p2a: Garganacl|Garganacl, M|56/100
|switch|p1a: Gliscor|Gliscor, M|89/100 tox
|
|-heal|p1a: Gliscor|100/100 tox|[from] ability: Poison Heal
|upkeep
|turn|45
|
|t:|1779569588
|switch|p2a: Great Tusk|Great Tusk|100/100
|move|p1a: Gliscor|Spikes|p2a: Great Tusk
|-sidestart|p2: Abele01✞|Spikes
|
|-end|p1a: Gliscor|move: Future Sight
|-damage|p1a: Gliscor|56/100 tox
|-heal|p1a: Gliscor|69/100 tox|[from] ability: Poison Heal
|upkeep
|turn|46
|
|t:|1779569595
|move|p1a: Gliscor|Protect|p1a: Gliscor
|-singleturn|p1a: Gliscor|Protect
|move|p2a: Great Tusk|Stealth Rock|p1a: Gliscor
|-sidestart|p1: luisin|move: Stealth Rock
|
|-heal|p1a: Gliscor|81/100 tox|[from] ability: Poison Heal
|upkeep
|turn|47
|
|t:|1779569598
|-end|p2a: Great Tusk|Protosynthesis|[silent]
|switch|p2a: Tornadus|Tornadus-Therian, M|100/100
|switch|p1a: Talonflame|Talonflame, F|100/100
|
|upkeep
|turn|48
|
|t:|1779569603
|switch|p1a: Toxapex|Toxapex, M|100/100
|-damage|p1a: Toxapex|88/100|[from] Stealth Rock
|move|p2a: Tornadus|Knock Off|p1a: Toxapex
|-crit|p1a: Toxapex
|-damage|p1a: Toxapex|67/100
|-enditem|p1a: Toxapex|Black Sludge|[from] move: Knock Off|[of] p2a: Tornadus
|
|upkeep
|turn|49
|
|t:|1779569613
|move|p2a: Tornadus|U-turn|p1a: Toxapex
|-resisted|p1a: Toxapex
|-damage|p1a: Toxapex|62/100
|
|t:|1779569627
|switch|p2a: Garganacl|Garganacl, M|56/100|[from] U-turn
|-damage|p2a: Garganacl|44/100|[from] Spikes
|move|p1a: Toxapex|Sludge Bomb|p2a: Garganacl
|-resisted|p2a: Garganacl
|-damage|p2a: Garganacl|37/100
|
|upkeep
|turn|50
|
|t:|1779569632
|move|p1a: Toxapex|Toxic Spikes|p2a: Garganacl
|-sidestart|p2: Abele01✞|move: Toxic Spikes
|move|p2a: Garganacl|Recover|p2a: Garganacl
|-heal|p2a: Garganacl|87/100
|
|upkeep
|turn|51
|
|t:|1779569648
|switch|p1a: Dondozo|Dondozo, F, tera:Dragon|50/100
|-damage|p1a: Dondozo|38/100|[from] Stealth Rock
|move|p2a: Garganacl|Salt Cure|p1a: Dondozo
|-damage|p1a: Dondozo|32/100
|-start|p1a: Dondozo|Salt Cure
|
|-heal|p1a: Dondozo|38/100|[from] item: Leftovers
|-damage|p1a: Dondozo|26/100|[from] Salt Cure
|upkeep
|turn|52
|inactive|Abele01✞ has 270 seconds left.
|
|t:|1779569677
|switch|p2a: Darkrai|Darkrai|100/100
|-damage|p2a: Darkrai|88/100|[from] Spikes
|-status|p2a: Darkrai|psn
|move|p1a: Dondozo|Rest|p1a: Dondozo
|-status|p1a: Dondozo|slp|[from] move: Rest
|-heal|p1a: Dondozo|100/100 slp|[silent]
|
|-damage|p2a: Darkrai|76/100 psn|[from] psn
|-damage|p1a: Dondozo|88/100 slp|[from] Salt Cure
|-damage|p1a: Dondozo|76/100 slp|[from] ability: Bad Dreams|[of] p2a: Darkrai
|upkeep
|turn|53
|inactive|Abele01✞ has 270 seconds left.
|
|t:|1779569690
|switch|p1a: Toxapex|Toxapex, M|96/100
|-damage|p1a: Toxapex|83/100|[from] Stealth Rock
|move|p2a: Darkrai|Dark Pulse|p1a: Toxapex
|-damage|p1a: Toxapex|40/100
|
|-damage|p2a: Darkrai|63/100 psn|[from] psn
|upkeep
|turn|54
|
|t:|1779569693
|switch|p1a: Blissey|Blissey, F|62/100
|-damage|p1a: Blissey|49/100|[from] Stealth Rock
|move|p2a: Darkrai|Dark Pulse|p1a: Blissey
|-damage|p1a: Blissey|28/100
|
|-heal|p1a: Blissey|34/100|[from] item: Leftovers
|-damage|p2a: Darkrai|51/100 psn|[from] psn
|upkeep
|turn|55
|
|t:|1779569699
|move|p2a: Darkrai|Dark Pulse|p1a: Blissey
|-crit|p1a: Blissey
|-damage|p1a: Blissey|7/100
|move|p1a: Blissey|Soft-Boiled|p1a: Blissey
|-heal|p1a: Blissey|57/100
|
|-heal|p1a: Blissey|63/100|[from] item: Leftovers
|-damage|p2a: Darkrai|38/100 psn|[from] psn
|upkeep
|turn|56
|inactive|Abele01✞ has 270 seconds left.
|
|t:|1779569724
|switch|p2a: Great Tusk|Great Tusk|100/100
|-damage|p2a: Great Tusk|88/100|[from] Spikes
|-status|p2a: Great Tusk|psn
|move|p1a: Blissey|Seismic Toss|p2a: Great Tusk
|-damage|p2a: Great Tusk|61/100 psn
|-damage|p1a: Blissey|46/100|[from] item: Rocky Helmet|[of] p2a: Great Tusk
|
|-heal|p1a: Blissey|52/100|[from] item: Leftovers
|-damage|p2a: Great Tusk|49/100 psn|[from] psn
|upkeep
|turn|57
|
|t:|1779569730
|switch|p1a: Talonflame|Talonflame, F|100/100
|move|p2a: Great Tusk|Rapid Spin|p1a: Talonflame
|-damage|p1a: Talonflame|86/100
|-boost|p2a: Great Tusk|spe|1
|-sideend|p2: Abele01✞|Spikes|[from] move: Rapid Spin|[of] p2a: Great Tusk
|-sideend|p2: Abele01✞|Toxic Spikes|[from] move: Rapid Spin|[of] p2a: Great Tusk
|
|-damage|p2a: Great Tusk|36/100 psn|[from] psn
|upkeep
|turn|58
|inactive|Abele01✞ has 270 seconds left.
|
|t:|1779569756
|-end|p2a: Great Tusk|Protosynthesis|[silent]
|switch|p2a: Hatterene|Hatterene, F|85/100
|move|p1a: Talonflame|Defog|p2a: Hatterene
|move|p2a: Hatterene|Defog|p1a: Talonflame|[from] ability: Magic Bounce
|-unboost|p1a: Talonflame|evasion|1
|-sideend|p1: luisin|Stealth Rock|[from] move: Defog|[of] p2a: Hatterene
|
|upkeep
|turn|59
|
|t:|1779569785
|switch|p1a: Toxapex|Toxapex, M|74/100
|move|p2a: Hatterene|Future Sight|p1a: Toxapex
|-start|p2a: Hatterene|move: Future Sight
|
|upkeep
|turn|60
|
|t:|1779569793
|switch|p2a: Great Tusk|Great Tusk|36/100 psn
|switch|p1a: Gliscor|Gliscor, M|81/100 tox
|
|-damage|p2a: Great Tusk|24/100 psn|[from] psn
|-heal|p1a: Gliscor|94/100 tox|[from] ability: Poison Heal
|upkeep
|turn|61
|
|t:|1779569800
|move|p1a: Gliscor|Protect|p1a: Gliscor
|-singleturn|p1a: Gliscor|Protect
|move|p2a: Great Tusk|Stealth Rock|p1a: Gliscor
|-sidestart|p1: luisin|move: Stealth Rock
|
|-end|p1a: Gliscor|move: Future Sight
|-damage|p1a: Gliscor|52/100 tox
|-damage|p2a: Great Tusk|12/100 psn|[from] psn
|-heal|p1a: Gliscor|65/100 tox|[from] ability: Poison Heal
|upkeep
|turn|62
|
|t:|1779569805
|switch|p1a: Talonflame|Talonflame, F|86/100
|move|p2a: Great Tusk|Ice Spinner|p1a: Talonflame
|-damage|p1a: Talonflame|60/100
|
|-damage|p2a: Great Tusk|0 fnt|[from] psn
|faint|p2a: Great Tusk
|-end|p2a: Great Tusk|Protosynthesis|[silent]
|upkeep
|c|+PigWarrior19|flittle connoisseur luisin 
|c|+PigWarrior19|goat
|
|t:|1779569812
|switch|p2a: Darkrai|Darkrai|38/100 psn
|turn|63
|
|t:|1779569816
|switch|p1a: Toxapex|Toxapex, M|100/100
|-damage|p1a: Toxapex|88/100|[from] Stealth Rock
|move|p2a: Darkrai|Dark Pulse|p1a: Toxapex
|-damage|p1a: Toxapex|43/100
|
|-damage|p2a: Darkrai|26/100 psn|[from] psn
|upkeep
|turn|64
|
|t:|1779569819
|switch|p1a: Blissey|Blissey, F|52/100
|-damage|p1a: Blissey|40/100|[from] Stealth Rock
|move|p2a: Darkrai|Dark Pulse|p1a: Blissey
|-damage|p1a: Blissey|20/100
|
|-heal|p1a: Blissey|26/100|[from] item: Leftovers
|-damage|p2a: Darkrai|13/100 psn|[from] psn
|upkeep
|turn|65
|c|☆Abele01✞|1 pls
|
|t:|1779569826
|move|p2a: Darkrai|Dark Pulse|p1a: Blissey
|-damage|p1a: Blissey|5/100
|move|p1a: Blissey|Soft-Boiled|p1a: Blissey
|-heal|p1a: Blissey|55/100
|
|-heal|p1a: Blissey|62/100|[from] item: Leftovers
|-damage|p2a: Darkrai|1/100 psn|[from] psn
|upkeep
|turn|66
|c|☆luisin|the big PigWarrior19
|
|t:|1779569838
|switch|p2a: Hatterene|Hatterene, F|85/100
|move|p1a: Blissey|Soft-Boiled|p1a: Blissey
|-heal|p1a: Blissey|100/100
|
|upkeep
|turn|67
|c|+PigWarrior19|🐷
|
|t:|1779569841
|switch|p1a: Toxapex|Toxapex, M|76/100
|-damage|p1a: Toxapex|63/100|[from] Stealth Rock
|move|p2a: Hatterene|Future Sight|p1a: Toxapex
|-start|p2a: Hatterene|move: Future Sight
|
|upkeep
|turn|68
|
|t:|1779569851
|switch|p2a: Tornadus|Tornadus-Therian, M|100/100
|switch|p1a: Gliscor|Gliscor, M|65/100 tox
|-damage|p1a: Gliscor|52/100 tox|[from] Stealth Rock
|
|-heal|p1a: Gliscor|65/100 tox|[from] ability: Poison Heal
|upkeep
|turn|69
|
|t:|1779569856
|switch|p2a: Hatterene|Hatterene, F|85/100
|move|p1a: Gliscor|Protect||[still]
|-fail|p1a: Gliscor
|
|-end|p1a: Gliscor|move: Future Sight
|-damage|p1a: Gliscor|24/100 tox
|-heal|p1a: Gliscor|36/100 tox|[from] ability: Poison Heal
|upkeep
|turn|70
|
|t:|1779569861
|move|p1a: Gliscor|Protect|p1a: Gliscor
|-singleturn|p1a: Gliscor|Protect
|move|p2a: Hatterene|Future Sight|p1a: Gliscor
|-start|p2a: Hatterene|move: Future Sight
|
|-heal|p1a: Gliscor|49/100 tox|[from] ability: Poison Heal
|upkeep
|turn|71
|
|t:|1779569888
|switch|p1a: Blissey|Blissey, F|100/100
|-damage|p1a: Blissey|88/100|[from] Stealth Rock
|switch|p2a: Tornadus|Tornadus-Therian, M|100/100
|
|-heal|p1a: Blissey|94/100|[from] item: Leftovers
|upkeep
|turn|72
|
|t:|1779569903
|move|p2a: Tornadus|Knock Off|p1a: Blissey
|-damage|p1a: Blissey|74/100
|-enditem|p1a: Blissey|Leftovers|[from] move: Knock Off|[of] p2a: Tornadus
|move|p1a: Blissey|Stealth Rock|p2a: Tornadus
|-sidestart|p2: Abele01✞|move: Stealth Rock
|
|-end|p1a: Blissey|move: Future Sight
|-damage|p1a: Blissey|59/100
|upkeep
|turn|73
|
|t:|1779569908
|move|p2a: Tornadus|U-turn|p1a: Blissey
|-damage|p1a: Blissey|43/100
|
|t:|1779569911
|switch|p2a: Hatterene|Hatterene, F|85/100|[from] U-turn
|-damage|p2a: Hatterene|73/100|[from] Stealth Rock
|move|p1a: Blissey|Soft-Boiled|p1a: Blissey
|-heal|p1a: Blissey|93/100
|
|upkeep
|turn|74
|
|t:|1779569923
|switch|p1a: Talonflame|Talonflame, F|60/100
|move|p2a: Hatterene|Future Sight|p1a: Talonflame
|-start|p2a: Hatterene|move: Future Sight
|
|upkeep
|turn|75
|
|t:|1779569927
|move|p1a: Talonflame|Defog|p2a: Hatterene
|move|p2a: Hatterene|Defog|p1a: Talonflame|[from] ability: Magic Bounce
|-unboost|p1a: Talonflame|evasion|1
|-sideend|p1: luisin|Stealth Rock|[from] move: Defog|[of] p2a: Hatterene
|-sideend|p2: Abele01✞|Stealth Rock|[from] move: Defog|[of] p2a: Hatterene
|move|p2a: Hatterene|Nuzzle|p1a: Talonflame
|-supereffective|p1a: Talonflame
|-damage|p1a: Talonflame|53/100
|-status|p1a: Talonflame|par
|
|upkeep
|turn|76
|
|t:|1779569934
|switch|p1a: Blissey|Blissey, F|93/100
|switch|p2a: Tornadus|Tornadus-Therian, M|100/100
|
|-end|p1a: Blissey|move: Future Sight
|-damage|p1a: Blissey|75/100
|upkeep
|turn|77
|
|t:|1779569939
|switch|p1a: Toxapex|Toxapex, M|97/100
|move|p2a: Tornadus|U-turn|p1a: Toxapex
|-resisted|p1a: Toxapex
|-damage|p1a: Toxapex|91/100
|
|t:|1779569942
|switch|p2a: Dragonite|Dragonite, M|100/100|[from] U-turn
|
|upkeep
|turn|78
|
|t:|1779569947
|switch|p2a: Hatterene|Hatterene, F|73/100
|move|p1a: Toxapex|Toxic Spikes|p2a: Hatterene
|move|p2a: Hatterene|Toxic Spikes|p1a: Toxapex|[from] ability: Magic Bounce
|-sidestart|p1: luisin|move: Toxic Spikes
|
|upkeep
|turn|79
|inactive|Abele01✞ has 270 seconds left.
|
|t:|1779569992
|switch|p2a: Garganacl|Garganacl, M|87/100
|switch|p1a: Gliscor|Gliscor, M|49/100 tox
|
|-heal|p1a: Gliscor|61/100 tox|[from] ability: Poison Heal
|upkeep
|turn|80
|
|t:|1779570002
|-terastallize|p2a: Garganacl|Water
|move|p1a: Gliscor|Protect|p1a: Gliscor
|-singleturn|p1a: Gliscor|Protect
|move|p2a: Garganacl|Curse|p2a: Garganacl
|-unboost|p2a: Garganacl|spe|1
|-boost|p2a: Garganacl|atk|1
|-boost|p2a: Garganacl|def|1
|
|-heal|p1a: Gliscor|74/100 tox|[from] ability: Poison Heal
|upkeep
|turn|81
|
|t:|1779570006
|switch|p1a: Toxapex|Toxapex, M|100/100
|-sideend|p1: luisin|move: Toxic Spikes|[of] p1a: Toxapex
|move|p2a: Garganacl|Curse|p2a: Garganacl
|-unboost|p2a: Garganacl|spe|1
|-boost|p2a: Garganacl|atk|1
|-boost|p2a: Garganacl|def|1
|
|upkeep
|turn|82
|inactive|Abele01✞ has 270 seconds left.
|
|t:|1779570016
|switch|p2a: Hatterene|Hatterene, F|73/100
|move|p1a: Toxapex|Toxic Spikes|p2a: Hatterene
|move|p2a: Hatterene|Toxic Spikes|p1a: Toxapex|[from] ability: Magic Bounce
|-sidestart|p1: luisin|move: Toxic Spikes
|
|upkeep
|turn|83
|
|t:|1779570029
|switch|p1a: Gliscor|Gliscor, M|74/100 tox
|move|p2a: Hatterene|Future Sight|p1a: Gliscor
|-start|p2a: Hatterene|move: Future Sight
|
|-heal|p1a: Gliscor|86/100 tox|[from] ability: Poison Heal
|upkeep
|turn|84
|
|t:|1779570036
|switch|p1a: Toxapex|Toxapex, M|100/100
|-sideend|p1: luisin|move: Toxic Spikes|[of] p1a: Toxapex
|move|p2a: Hatterene|Dazzling Gleam|p1a: Toxapex
|-resisted|p1a: Toxapex
|-damage|p1a: Toxapex|89/100
|
|upkeep
|turn|85
|
|t:|1779570040
|switch|p1a: Blissey|Blissey, F|75/100
|move|p2a: Hatterene|Dazzling Gleam|p1a: Blissey
|-damage|p1a: Blissey|65/100
|
|-end|p1a: Blissey|move: Future Sight
|-damage|p1a: Blissey|49/100
|upkeep
|turn|86
|
|t:|1779570046
|switch|p1a: Toxapex|Toxapex, M|100/100
|move|p2a: Hatterene|Future Sight|p1a: Toxapex
|-start|p2a: Hatterene|move: Future Sight
|
|upkeep
|turn|87
|
|t:|1779570050
|move|p2a: Hatterene|Nuzzle|p1a: Toxapex
|-supereffective|p1a: Toxapex
|-damage|p1a: Toxapex|94/100
|-status|p1a: Toxapex|par
|move|p1a: Toxapex|Sludge Bomb|p2a: Hatterene
|-supereffective|p2a: Hatterene
|-damage|p2a: Hatterene|35/100
|
|upkeep
|turn|88
|
|t:|1779570056
|switch|p1a: Blissey|Blissey, F|49/100
|move|p2a: Hatterene|Pain Split|p1a: Blissey
|-sethp|p1a: Blissey|33/100|[from] move: Pain Split|[silent]
|-sethp|p2a: Hatterene|67/100|[from] move: Pain Split
|
|-end|p1a: Blissey|move: Future Sight
|-damage|p1a: Blissey|15/100
|upkeep
|turn|89
|
|t:|1779570061
|move|p1a: Blissey|Soft-Boiled|p1a: Blissey
|-heal|p1a: Blissey|65/100
|move|p2a: Hatterene|Nuzzle|p1a: Blissey
|-damage|p1a: Blissey|61/100
|-status|p1a: Blissey|par
|
|upkeep
|turn|90
|
|t:|1779570068
|-curestatus|p1a: Blissey|par|[from] ability: Natural Cure|[silent]
|switch|p1a: Gliscor|Gliscor, M|86/100 tox
|move|p2a: Hatterene|Future Sight|p1a: Gliscor
|-start|p2a: Hatterene|move: Future Sight
|
|-heal|p1a: Gliscor|99/100 tox|[from] ability: Poison Heal
|upkeep
|turn|91
|
|t:|1779570077
|switch|p1a: Talonflame|Talonflame, F|53/100 par
|move|p2a: Hatterene|Dazzling Gleam|p1a: Talonflame
|-resisted|p1a: Talonflame
|-damage|p1a: Talonflame|31/100 par
|
|upkeep
|turn|92
|inactive|luisin has 270 seconds left.
|
|t:|1779570108
|switch|p1a: Blissey|Blissey, F|61/100
|switch|p2a: Dragonite|Dragonite, M|100/100
|
|-end|p1a: Blissey|move: Future Sight
|-damage|p1a: Blissey|45/100
|upkeep
|turn|93
|
|t:|1779570116
|switch|p1a: Dondozo|Dondozo, F, tera:Dragon|76/100 slp
|move|p2a: Dragonite|Dragon Dance|p2a: Dragonite
|-boost|p2a: Dragonite|atk|1
|-boost|p2a: Dragonite|spe|1
|
|-heal|p1a: Dondozo|82/100 slp|[from] item: Leftovers
|upkeep
|turn|94
|
|t:|1779570128
|move|p2a: Dragonite|Dragon Dance|p2a: Dragonite
|-boost|p2a: Dragonite|atk|1
|-boost|p2a: Dragonite|spe|1
|cant|p1a: Dondozo|slp
|move|p1a: Dondozo|Sleep Talk|p1a: Dondozo
|move|p1a: Dondozo|Rest||[from] move: Sleep Talk|[still]
|-fail|p1a: Dondozo
|
|-heal|p1a: Dondozo|88/100 slp|[from] item: Leftovers
|upkeep
|turn|95
|
|t:|1779570131
|move|p2a: Dragonite|Dragon Dance|p2a: Dragonite
|-boost|p2a: Dragonite|atk|1
|-boost|p2a: Dragonite|spe|1
|cant|p1a: Dondozo|slp
|move|p1a: Dondozo|Sleep Talk|p1a: Dondozo
|move|p1a: Dondozo|Body Press|p2a: Dragonite|[from] move: Sleep Talk
|-resisted|p2a: Dragonite
|-damage|p2a: Dragonite|94/100
|
|-heal|p1a: Dondozo|94/100 slp|[from] item: Leftovers
|upkeep
|turn|96
|
|t:|1779570137
|switch|p1a: Talonflame|Talonflame, F|31/100 par
|move|p2a: Dragonite|Dragon Dance|p2a: Dragonite
|-boost|p2a: Dragonite|atk|1
|-boost|p2a: Dragonite|spe|1
|
|upkeep
|turn|97
|
|t:|1779570140
|switch|p1a: Dondozo|Dondozo, F, tera:Dragon|94/100 slp
|move|p2a: Dragonite|Extreme Speed|p1a: Dondozo
|-damage|p1a: Dondozo|79/100 slp
|
|-heal|p1a: Dondozo|85/100 slp|[from] item: Leftovers
|upkeep
|turn|98
|
|t:|1779570143
|move|p2a: Dragonite|Dragon Dance|p2a: Dragonite
|-boost|p2a: Dragonite|atk|1
|-boost|p2a: Dragonite|spe|1
|-curestatus|p1a: Dondozo|slp|[msg]
|move|p1a: Dondozo|Avalanche|p2a: Dragonite
|-supereffective|p2a: Dragonite
|-damage|p2a: Dragonite|37/100
|
|-heal|p1a: Dondozo|91/100|[from] item: Leftovers
|upkeep
|turn|99
|
|t:|1779570146
|move|p2a: Dragonite|Roost|p2a: Dragonite
|-heal|p2a: Dragonite|88/100
|-singleturn|p2a: Dragonite|move: Roost
|move|p1a: Dondozo|Avalanche|p2a: Dragonite
|-supereffective|p2a: Dragonite
|-damage|p2a: Dragonite|60/100
|
|-heal|p1a: Dondozo|97/100|[from] item: Leftovers
|upkeep
|turn|100
|
|t:|1779570153
|move|p2a: Dragonite|Roost|p2a: Dragonite
|-heal|p2a: Dragonite|100/100
|-singleturn|p2a: Dragonite|move: Roost
|move|p1a: Dondozo|Body Press|p2a: Dragonite
|-damage|p2a: Dragonite|86/100
|
|-heal|p1a: Dondozo|100/100|[from] item: Leftovers
|upkeep
|turn|101
|
|t:|1779570156
|switch|p2a: Hatterene|Hatterene, F|67/100
|move|p1a: Dondozo|Avalanche|p2a: Hatterene
|-damage|p2a: Hatterene|55/100
|
|upkeep
|turn|102
|
|t:|1779570162
|switch|p1a: Toxapex|Toxapex, M|100/100 par
|move|p2a: Hatterene|Future Sight|p1a: Toxapex
|-start|p2a: Hatterene|move: Future Sight
|
|upkeep
|turn|103
|
|t:|1779570168
|switch|p2a: Garganacl|Garganacl, M, tera:Water|87/100
|move|p1a: Toxapex|Sludge Bomb|p2a: Garganacl
|-damage|p2a: Garganacl|75/100
|
|upkeep
|turn|104
|
|t:|1779570184
|switch|p1a: Gliscor|Gliscor, M|99/100 tox
|move|p2a: Garganacl|Salt Cure|p1a: Gliscor
|-damage|p1a: Gliscor|88/100 tox
|-start|p1a: Gliscor|Salt Cure
|
|-end|p1a: Gliscor|move: Future Sight
|-damage|p1a: Gliscor|44/100 tox
|-heal|p1a: Gliscor|57/100 tox|[from] ability: Poison Heal
|-damage|p1a: Gliscor|44/100 tox|[from] Salt Cure
|upkeep
|turn|105
|
|t:|1779570193
|switch|p1a: Toxapex|Toxapex, M|100/100 par
|switch|p2a: Dragonite|Dragonite, M|86/100
|
|upkeep
|turn|106
|
|t:|1779570198
|move|p2a: Dragonite|Earthquake|p1a: Toxapex
|-supereffective|p1a: Toxapex
|-damage|p1a: Toxapex|43/100 par
|move|p1a: Toxapex|Sludge Bomb|p2a: Dragonite
|-damage|p2a: Dragonite|68/100
|
|upkeep
|turn|107
|
|t:|1779570202
|switch|p2a: Hatterene|Hatterene, F|55/100
|switch|p1a: Gliscor|Gliscor, M|44/100 tox
|
|-heal|p1a: Gliscor|57/100 tox|[from] ability: Poison Heal
|upkeep
|turn|108
|
|t:|1779570232
|switch|p1a: Blissey|Blissey, F|45/100
|move|p2a: Hatterene|Future Sight|p1a: Blissey
|-start|p2a: Hatterene|move: Future Sight
|
|upkeep
|turn|109
|
|t:|1779570252
|switch|p1a: Gliscor|Gliscor, M|57/100 tox
|switch|p2a: Tornadus|Tornadus-Therian, M|100/100
|
|-heal|p1a: Gliscor|69/100 tox|[from] ability: Poison Heal
|upkeep
|turn|110
|
|t:|1779570263
|switch|p2a: Hatterene|Hatterene, F|55/100
|move|p1a: Gliscor|Protect||[still]
|-fail|p1a: Gliscor
|
|-end|p1a: Gliscor|move: Future Sight
|-damage|p1a: Gliscor|25/100 tox
|-heal|p1a: Gliscor|38/100 tox|[from] ability: Poison Heal
|upkeep
|turn|111
|
|t:|1779570275
|move|p1a: Gliscor|Protect|p1a: Gliscor
|-singleturn|p1a: Gliscor|Protect
|move|p2a: Hatterene|Future Sight|p1a: Gliscor
|-start|p2a: Hatterene|move: Future Sight
|
|-heal|p1a: Gliscor|50/100 tox|[from] ability: Poison Heal
|upkeep
|turn|112
|
|t:|1779570283
|switch|p1a: Blissey|Blissey, F|45/100
|switch|p2a: Dragonite|Dragonite, M|68/100
|
|upkeep
|turn|113
|
|t:|1779570302
|switch|p1a: Talonflame|Talonflame, F|31/100 par
|move|p2a: Dragonite|Extreme Speed|p1a: Talonflame
|-damage|p1a: Talonflame|1/100 par
|
|-end|p1a: Talonflame|move: Future Sight
|-damage|p1a: Talonflame|0 fnt
|faint|p1a: Talonflame
|upkeep
|
|t:|1779570307
|switch|p1a: Toxapex|Toxapex, M|76/100 par
|turn|114
|
|t:|1779570313
|switch|p2a: Hatterene|Hatterene, F|55/100
|switch|p1a: Gliscor|Gliscor, M|50/100 tox
|
|-heal|p1a: Gliscor|63/100 tox|[from] ability: Poison Heal
|upkeep
|turn|115
|
|t:|1779570330
|switch|p1a: Toxapex|Toxapex, M|100/100 par
|move|p2a: Hatterene|Pain Split|p1a: Toxapex
|-sethp|p1a: Toxapex|79/100 par|[from] move: Pain Split|[silent]
|-sethp|p2a: Hatterene|75/100|[from] move: Pain Split
|
|upkeep
|turn|116
|
|t:|1779570339
|switch|p2a: Garganacl|Garganacl, M, tera:Water|75/100
|move|p1a: Toxapex|Sludge Bomb|p2a: Garganacl
|-damage|p2a: Garganacl|60/100
|
|upkeep
|turn|117
|
|t:|1779570357
|move|p2a: Garganacl|Salt Cure|p1a: Toxapex
|-damage|p1a: Toxapex|68/100 par
|-start|p1a: Toxapex|Salt Cure
|move|p1a: Toxapex|Sludge Bomb|p2a: Garganacl
|-damage|p2a: Garganacl|47/100
|
|-damage|p1a: Toxapex|43/100 par|[from] Salt Cure
|upkeep
|turn|118
|
|t:|1779570363
|switch|p1a: Dondozo|Dondozo, F, tera:Dragon|100/100
|move|p2a: Garganacl|Salt Cure|p1a: Dondozo
|-damage|p1a: Dondozo|94/100
|-start|p1a: Dondozo|Salt Cure
|
|-heal|p1a: Dondozo|99/100|[from] item: Leftovers
|-damage|p1a: Dondozo|88/100|[from] Salt Cure
|upkeep
|turn|119
|
|t:|1779570379
|switch|p2a: Hatterene|Hatterene, F|75/100
|switch|p1a: Gliscor|Gliscor, M|63/100 tox
|
|-heal|p1a: Gliscor|75/100 tox|[from] ability: Poison Heal
|upkeep
|turn|120
|
|t:|1779570383
|switch|p1a: Toxapex|Toxapex, M|76/100 par
|move|p2a: Hatterene|Dazzling Gleam|p1a: Toxapex
|-resisted|p1a: Toxapex
|-damage|p1a: Toxapex|64/100 par
|
|upkeep
|turn|121
|
|t:|1779570387
|switch|p2a: Garganacl|Garganacl, M, tera:Water|47/100
|move|p1a: Toxapex|Sludge Bomb|p2a: Garganacl
|-damage|p2a: Garganacl|34/100
|
|upkeep
|turn|122
|
|t:|1779570390
|move|p2a: Garganacl|Salt Cure|p1a: Toxapex
|-damage|p1a: Toxapex|53/100 par
|-start|p1a: Toxapex|Salt Cure
|move|p1a: Toxapex|Toxic Spikes|p2a: Garganacl
|-sidestart|p2: Abele01✞|move: Toxic Spikes
|
|-damage|p1a: Toxapex|28/100 par|[from] Salt Cure
|upkeep
|turn|123
|
|t:|1779570398
|switch|p1a: Gliscor|Gliscor, M|75/100 tox
|move|p2a: Garganacl|Salt Cure|p1a: Gliscor
|-damage|p1a: Gliscor|64/100 tox
|-start|p1a: Gliscor|Salt Cure
|
|-heal|p1a: Gliscor|77/100 tox|[from] ability: Poison Heal
|-damage|p1a: Gliscor|64/100 tox|[from] Salt Cure
|upkeep
|turn|124
|
|t:|1779570419
|switch|p1a: Dondozo|Dondozo, F, tera:Dragon|88/100
|switch|p2a: Tornadus|Tornadus-Therian, M|100/100
|
|-heal|p1a: Dondozo|94/100|[from] item: Leftovers
|upkeep
|turn|125
|
|t:|1779570424
|switch|p1a: Toxapex|Toxapex, M|61/100 par
|move|p2a: Tornadus|Bleakwind Storm|p1a: Toxapex|[miss]
|-miss|p2a: Tornadus|p1a: Toxapex
|
|upkeep
|turn|126
|
|t:|1779570429
|switch|p1a: Blissey|Blissey, F|45/100
|move|p2a: Tornadus|Bleakwind Storm|p1a: Blissey
|-damage|p1a: Blissey|35/100
|
|upkeep
|turn|127
|
|t:|1779570434
|move|p2a: Tornadus|U-turn|p1a: Blissey
|-damage|p1a: Blissey|19/100
|
|t:|1779570438
|switch|p2a: Dragonite|Dragonite, M|68/100|[from] U-turn
|move|p1a: Blissey|Soft-Boiled|p1a: Blissey
|-heal|p1a: Blissey|69/100
|
|upkeep
|turn|128
|
|t:|1779570450
|switch|p1a: Gliscor|Gliscor, M|64/100 tox
|move|p2a: Dragonite|Extreme Speed|p1a: Gliscor
|-crit|p1a: Gliscor
|-damage|p1a: Gliscor|18/100 tox
|
|-heal|p1a: Gliscor|30/100 tox|[from] ability: Poison Heal
|upkeep
|turn|129
|
|t:|1779570454
|move|p1a: Gliscor|Protect|p1a: Gliscor
|-singleturn|p1a: Gliscor|Protect
|move|p2a: Dragonite|Dragon Dance|p2a: Dragonite
|-boost|p2a: Dragonite|atk|1
|-boost|p2a: Dragonite|spe|1
|
|-heal|p1a: Gliscor|43/100 tox|[from] ability: Poison Heal
|upkeep
|turn|130
|c|+Deaje|alaburger
|c|☆luisin|a la viuriking
|
|t:|1779570474
|switch|p2a: Hatterene|Hatterene, F|75/100
|-status|p2a: Hatterene|psn
|switch|p1a: Dondozo|Dondozo, F, tera:Dragon|94/100
|
|-heal|p1a: Dondozo|99/100|[from] item: Leftovers
|-damage|p2a: Hatterene|63/100 psn|[from] psn
|upkeep
|turn|131
|
|t:|1779570495
|switch|p1a: Toxapex|Toxapex, M|94/100 par
|move|p2a: Hatterene|Pain Split|p1a: Toxapex
|-sethp|p1a: Toxapex|80/100 par|[from] move: Pain Split|[silent]
|-sethp|p2a: Hatterene|77/100 psn|[from] move: Pain Split
|
|-damage|p2a: Hatterene|64/100 psn|[from] psn
|upkeep
|turn|132
|
|t:|1779570505
|switch|p2a: Garganacl|Garganacl, M, tera:Water|34/100
|move|p1a: Toxapex|Sludge Bomb|p2a: Garganacl
|-damage|p2a: Garganacl|21/100
|
|upkeep
|turn|133
|
|t:|1779570530
|switch|p1a: Gliscor|Gliscor, M|43/100 tox
|move|p2a: Garganacl|Salt Cure|p1a: Gliscor
|-damage|p1a: Gliscor|32/100 tox
|-start|p1a: Gliscor|Salt Cure
|
|-heal|p1a: Gliscor|45/100 tox|[from] ability: Poison Heal
|-damage|p1a: Gliscor|32/100 tox|[from] Salt Cure
|upkeep
|turn|134
|
|t:|1779570546
|switch|p2a: Dragonite|Dragonite, M|68/100
|move|p1a: Gliscor|Earthquake|p2a: Dragonite
|-immune|p2a: Dragonite
|
|-heal|p1a: Gliscor|45/100 tox|[from] ability: Poison Heal
|-damage|p1a: Gliscor|32/100 tox|[from] Salt Cure
|upkeep
|turn|135
|
|t:|1779570551
|switch|p1a: Dondozo|Dondozo, F, tera:Dragon|99/100
|move|p2a: Dragonite|Extreme Speed|p1a: Dondozo
|-damage|p1a: Dondozo|84/100
|
|-heal|p1a: Dondozo|90/100|[from] item: Leftovers
|upkeep
|turn|136
|
|t:|1779570556
|switch|p2a: Hatterene|Hatterene, F|64/100 psn
|move|p1a: Dondozo|Body Press|p2a: Hatterene
|-resisted|p2a: Hatterene
|-damage|p2a: Hatterene|58/100 psn
|
|-heal|p1a: Dondozo|96/100|[from] item: Leftovers
|-damage|p2a: Hatterene|46/100 psn|[from] psn
|upkeep
|turn|137
|
|t:|1779570561
|switch|p1a: Toxapex|Toxapex, M|100/100 par
|move|p2a: Hatterene|Pain Split|p1a: Toxapex
|-sethp|p1a: Toxapex|74/100 par|[from] move: Pain Split|[silent]
|-sethp|p2a: Hatterene|71/100 psn|[from] move: Pain Split
|
|-damage|p2a: Hatterene|59/100 psn|[from] psn
|upkeep
|turn|138
|
|t:|1779570579
|switch|p2a: Garganacl|Garganacl, M, tera:Water|21/100
|move|p1a: Toxapex|Sludge Bomb|p2a: Garganacl
|-damage|p2a: Garganacl|8/100
|
|upkeep
|turn|139
|
|t:|1779570583
|switch|p1a: Gliscor|Gliscor, M|32/100 tox
|move|p2a: Garganacl|Recover|p2a: Garganacl
|-heal|p2a: Garganacl|58/100
|
|-heal|p1a: Gliscor|45/100 tox|[from] ability: Poison Heal
|upkeep
|turn|140
|
|t:|1779570592
|switch|p2a: Dragonite|Dragonite, M|68/100
|move|p1a: Gliscor|Protect||[still]
|-fail|p1a: Gliscor
|
|-heal|p1a: Gliscor|57/100 tox|[from] ability: Poison Heal
|upkeep
|turn|141
|
|t:|1779570595
|switch|p2a: Hatterene|Hatterene, F|59/100 psn
|move|p1a: Gliscor|Knock Off|p2a: Hatterene
|-damage|p2a: Hatterene|48/100 psn
|
|-heal|p1a: Gliscor|70/100 tox|[from] ability: Poison Heal
|-damage|p2a: Hatterene|35/100 psn|[from] psn
|upkeep
|turn|142
|
|t:|1779570607
|move|p1a: Gliscor|Protect|p1a: Gliscor
|-singleturn|p1a: Gliscor|Protect
|move|p2a: Hatterene|Pain Split|p1a: Gliscor
|-activate|p1a: Gliscor|move: Protect
|
|-heal|p1a: Gliscor|82/100 tox|[from] ability: Poison Heal
|-damage|p2a: Hatterene|23/100 psn|[from] psn
|upkeep
|turn|143
|c|☆Abele01✞|bueno mi culpa x no haber dado ff desde el turno 1 
|inactive|Abele01✞ has 270 seconds left.
|c|☆Abele01✞|quizas sin t spikes tenia un 0.1% chance
|c|☆Abele01✞|gg
|c|☆luisin|gg
|-message|Abele01✞ forfeited.
|
|win|luisin
