|j|☆EastSideConnection
|j|☆justthewaves!
|t:|1779659375
|gametype|singles
|player|p1|EastSideConnection|2|1481
|player|p2|justthewaves!|266|1438
|gen|9
|tier|[Gen 9] OU
|rated|
|rule|HP Percentage Mod: HP is shown in percentages
|rule|Endless Battle Clause: Forcing endless battles is banned
|rule|Species Clause: Limit one of each Pokémon
|rule|OHKO Clause: OHKO moves are banned
|rule|Evasion Items Clause: Evasion items are banned
|rule|Evasion Moves Clause: Evasion moves are banned
|rule|Evasion Abilities Clause: Evasion abilities are banned
|rule|Sleep Moves Clause: Sleep-inducing moves are banned
|clearpoke
|poke|p1|Ninetales, M|
|poke|p1|Venusaur, F|
|poke|p1|Great Tusk|
|poke|p1|Cinderace, M|
|poke|p1|Walking Wake|
|poke|p1|Enamorus, F|
|poke|p2|Weezing-Galar, F|
|poke|p2|Alomomola, M|
|poke|p2|Iron Treads|
|poke|p2|Tornadus-Therian, M|
|poke|p2|Zamazenta-*|
|poke|p2|Lokix, F|
|teampreview
|inactive|Battle timer is ON: inactive players will automatically lose when time's up. (requested by justthewaves!)
|
|t:|1779659393
|teamsize|p1|6
|teamsize|p2|6
|start
|switch|p1a: Ninetales|Ninetales, M|100/100
|switch|p2a: Tornadus|Tornadus-Therian, M|100/100
|-weather|SunnyDay|[from] ability: Drought|[of] p1a: Ninetales
|turn|1
|
|t:|1779659402
|move|p2a: Tornadus|Bleakwind Storm|p1a: Ninetales|[miss]
|-miss|p2a: Tornadus|p1a: Ninetales
|move|p1a: Ninetales|Will-O-Wisp|p2a: Tornadus
|-status|p2a: Tornadus|brn
|
|-weather|SunnyDay|[upkeep]
|-damage|p2a: Tornadus|94/100 brn|[from] brn
|upkeep
|turn|2
|
|t:|1779659411
|move|p2a: Tornadus|Bleakwind Storm|p1a: Ninetales
|-damage|p1a: Ninetales|66/100
|move|p1a: Ninetales|Weather Ball|p2a: Tornadus
|-crit|p2a: Tornadus
|-damage|p2a: Tornadus|53/100 brn
|
|-weather|SunnyDay|[upkeep]
|-damage|p2a: Tornadus|47/100 brn|[from] brn
|upkeep
|turn|3
|
|t:|1779659424
|move|p2a: Tornadus|U-turn|p1a: Ninetales
|-resisted|p1a: Ninetales
|-damage|p1a: Ninetales|62/100
|
|t:|1779659427
|switch|p2a: Alomomola|Alomomola, M|100/100|[from] U-turn
|move|p1a: Ninetales|Weather Ball|p2a: Alomomola
|-resisted|p2a: Alomomola
|-damage|p2a: Alomomola|82/100
|
|-weather|SunnyDay|[upkeep]
|upkeep
|turn|4
|
|t:|1779659433
|switch|p1a: Venusaur|Venusaur, F|100/100
|move|p2a: Alomomola|Flip Turn|p1a: Venusaur
|-resisted|p1a: Venusaur
|-damage|p1a: Venusaur|95/100
|
|t:|1779659439
|switch|p2a: Lokix|Lokix, F|100/100|[from] Flip Turn
|
|-weather|SunnyDay|[upkeep]
|upkeep
|turn|5
|
|t:|1779659462
|switch|p1a: Great Tusk|Great Tusk|100/100
|-activate|p1a: Great Tusk|ability: Protosynthesis
|-start|p1a: Great Tusk|protosynthesisatk
|-terastallize|p2a: Lokix|Bug
|move|p2a: Lokix|First Impression|p1a: Great Tusk
|-resisted|p1a: Great Tusk
|-damage|p1a: Great Tusk|39/100
|
|-weather|SunnyDay|[upkeep]
|-heal|p1a: Great Tusk|45/100|[from] item: Leftovers
|upkeep
|turn|6
|
|t:|1779659480
|switch|p2a: Alomomola|Alomomola, M|100/100
|move|p1a: Great Tusk|Rapid Spin|p2a: Alomomola
|-damage|p2a: Alomomola|88/100
|-boost|p1a: Great Tusk|spe|1
|-damage|p1a: Great Tusk|28/100|[from] item: Rocky Helmet|[of] p2a: Alomomola
|
|-weather|SunnyDay|[upkeep]
|-heal|p1a: Great Tusk|34/100|[from] item: Leftovers
|upkeep
|turn|7
|
|t:|1779659488
|-end|p1a: Great Tusk|Protosynthesis|[silent]
|switch|p1a: Venusaur|Venusaur, F|95/100
|move|p2a: Alomomola|Tickle|p1a: Venusaur
|-unboost|p1a: Venusaur|atk|1
|-unboost|p1a: Venusaur|def|1
|
|-weather|SunnyDay|[upkeep]
|upkeep
|turn|8
|
|t:|1779659499
|move|p1a: Venusaur|Weather Ball|p2a: Alomomola
|-resisted|p2a: Alomomola
|-damage|p2a: Alomomola|61/100
|-damage|p1a: Venusaur|85/100|[from] item: Life Orb
|move|p2a: Alomomola|Flip Turn|p1a: Venusaur
|-resisted|p1a: Venusaur
|-damage|p1a: Venusaur|77/100
|
|t:|1779659504
|switch|p2a: Lokix|Lokix, F, tera:Bug|100/100|[from] Flip Turn
|
|-weather|none
|upkeep
|turn|9
|
|t:|1779659509
|switch|p1a: Great Tusk|Great Tusk|34/100
|move|p2a: Lokix|First Impression|p1a: Great Tusk
|-resisted|p1a: Great Tusk
|-damage|p1a: Great Tusk|0 fnt
|faint|p1a: Great Tusk
|-end|p1a: Great Tusk|Protosynthesis|[silent]
|
|upkeep
|
|t:|1779659511
|switch|p1a: Ninetales|Ninetales, M|62/100
|-weather|SunnyDay|[from] ability: Drought|[of] p1a: Ninetales
|turn|10
|
|t:|1779659519
|switch|p1a: Venusaur|Venusaur, F|77/100
|switch|p2a: Alomomola|Alomomola, M|94/100
|
|-weather|SunnyDay|[upkeep]
|upkeep
|turn|11
|
|t:|1779659522
|move|p1a: Venusaur|Growth|p1a: Venusaur
|-boost|p1a: Venusaur|atk|2
|-boost|p1a: Venusaur|spa|2
|move|p2a: Alomomola|Flip Turn|p1a: Venusaur
|-resisted|p1a: Venusaur
|-damage|p1a: Venusaur|72/100
|
|t:|1779659524
|switch|p2a: Lokix|Lokix, F, tera:Bug|100/100|[from] Flip Turn
|
|-weather|SunnyDay|[upkeep]
|upkeep
|turn|12
|
|t:|1779659548
|switch|p1a: Walking Wake|Walking Wake|100/100
|-activate|p1a: Walking Wake|ability: Protosynthesis
|-start|p1a: Walking Wake|protosynthesisspe
|move|p2a: Lokix|First Impression|p1a: Walking Wake
|-damage|p1a: Walking Wake|2/100
|
|-weather|SunnyDay|[upkeep]
|upkeep
|turn|13
|
|t:|1779659557
|switch|p2a: Weezing|Weezing-Galar, F|100/100
|-ability|p2a: Weezing|Neutralizing Gas
|move|p1a: Walking Wake|Draco Meteor|p2a: Weezing
|-immune|p2a: Weezing
|
|-weather|SunnyDay|[upkeep]
|upkeep
|turn|14
|
|t:|1779659565
|-end|p1a: Walking Wake|Protosynthesis|[silent]
|switch|p1a: Smokey|Cinderace, M, shiny|100/100
|move|p2a: Weezing|Will-O-Wisp|p1a: Smokey
|-immune|p1a: Smokey
|
|-weather|SunnyDay|[upkeep]
|upkeep
|turn|15
|
|t:|1779659571
|move|p1a: Smokey|Pyro Ball|p2a: Weezing
|-damage|p2a: Weezing|19/100
|move|p2a: Weezing|Toxic|p1a: Smokey
|-status|p1a: Smokey|tox
|
|-weather|SunnyDay|[upkeep]
|-heal|p2a: Weezing|25/100|[from] item: Leftovers
|-damage|p1a: Smokey|95/100 tox|[from] psn
|upkeep
|turn|16
|
|t:|1779659574
|-end|p2a: Weezing|ability: Neutralizing Gas
|switch|p2a: Alomomola|Alomomola, M|100/100
|move|p1a: Smokey|Pyro Ball|p2a: Alomomola
|-resisted|p2a: Alomomola
|-damage|p2a: Alomomola|63/100
|
|-weather|SunnyDay|[upkeep]
|-damage|p1a: Smokey|83/100 tox|[from] psn
|upkeep
|turn|17
|
|t:|1779659580
|move|p1a: Smokey|Pyro Ball|p2a: Alomomola
|-resisted|p2a: Alomomola
|-damage|p2a: Alomomola|22/100
|move|p2a: Alomomola|Wish|p2a: Alomomola
|
|-weather|none
|-damage|p1a: Smokey|65/100 tox|[from] psn
|upkeep
|turn|18
|
|t:|1779659593
|switch|p1a: Ninetales|Ninetales, M|62/100
|-weather|SunnyDay|[from] ability: Drought|[of] p1a: Ninetales
|move|p2a: Alomomola|Protect||[still]
|-fail|p2a: Alomomola
|
|-weather|SunnyDay|[upkeep]
|-heal|p2a: Alomomola|72/100|[from] move: Wish|[wisher] Alomomola
|upkeep
|turn|19
|
|t:|1779659601
|move|p1a: Ninetales|Encore|p2a: Alomomola
|-start|p2a: Alomomola|Encore
|move|p2a: Alomomola|Protect||[still]
|-fail|p2a: Alomomola
|
|-weather|SunnyDay|[upkeep]
|upkeep
|turn|20
|
|t:|1779659609
|switch|p1a: Enamorus|Enamorus, F|100/100
|switch|p2a: Weezing|Weezing-Galar, F|25/100
|-ability|p2a: Weezing|Neutralizing Gas
|
|-weather|SunnyDay|[upkeep]
|-heal|p2a: Weezing|31/100|[from] item: Leftovers
|upkeep
|turn|21
|
|t:|1779659614
|move|p1a: Enamorus|Mystical Fire|p2a: Weezing
|-damage|p2a: Weezing|0 fnt
|faint|p2a: Weezing
|-end|p2a: Weezing|ability: Neutralizing Gas
|
|-weather|SunnyDay|[upkeep]
|upkeep
|
|t:|1779659620
|switch|p2a: Tornadus|Tornadus-Therian, M|80/100 brn
|turn|22
|
|t:|1779659651
|switch|p1a: Walking Wake|Walking Wake|2/100
|-activate|p1a: Walking Wake|ability: Protosynthesis
|-start|p1a: Walking Wake|protosynthesisspe
|move|p2a: Tornadus|Knock Off|p1a: Walking Wake
|-damage|p1a: Walking Wake|0 fnt
|-enditem|p1a: Walking Wake|Choice Specs|[from] move: Knock Off|[of] p2a: Tornadus
|faint|p1a: Walking Wake
|-end|p1a: Walking Wake|Protosynthesis|[silent]
|
|-weather|SunnyDay|[upkeep]
|-damage|p2a: Tornadus|74/100 brn|[from] brn
|upkeep
|
|t:|1779659656
|switch|p1a: Venusaur|Venusaur, F|72/100
|turn|23
|
|t:|1779659666
|-terastallize|p1a: Venusaur|Fire
|move|p1a: Venusaur|Weather Ball|p2a: Tornadus
|-damage|p2a: Tornadus|10/100 brn
|-damage|p1a: Venusaur|62/100|[from] item: Life Orb
|move|p2a: Tornadus|Heat Wave|p1a: Venusaur
|-resisted|p1a: Venusaur
|-damage|p1a: Venusaur|40/100
|
|-weather|SunnyDay|[upkeep]
|-damage|p2a: Tornadus|4/100 brn|[from] brn
|upkeep
|turn|24
|
|t:|1779659673
|move|p1a: Venusaur|Giga Drain|p2a: Tornadus
|-resisted|p2a: Tornadus
|-damage|p2a: Tornadus|0 fnt
|-heal|p1a: Venusaur|43/100|[from] drain|[of] p2a: Tornadus
|faint|p2a: Tornadus
|-damage|p1a: Venusaur|33/100|[from] item: Life Orb
|
|-weather|SunnyDay|[upkeep]
|upkeep
|
|t:|1779659679
|switch|p2a: Lokix|Lokix, F, tera:Bug|100/100
|turn|25
|
|t:|1779659684
|move|p2a: Lokix|First Impression|p1a: Venusaur
|-resisted|p1a: Venusaur
|-damage|p1a: Venusaur|0 fnt
|faint|p1a: Venusaur
|
|-weather|none
|upkeep
|
|t:|1779659687
|switch|p1a: Ninetales|Ninetales, M|62/100
|-weather|SunnyDay|[from] ability: Drought|[of] p1a: Ninetales
|turn|26
|
|t:|1779659699
|switch|p1a: Enamorus|Enamorus, F|100/100
|switch|p2a: Alomomola|Alomomola, M|100/100
|
|-weather|SunnyDay|[upkeep]
|upkeep
|turn|27
|
|t:|1779659703
|move|p1a: Enamorus|Moonblast|p2a: Alomomola
|-damage|p2a: Alomomola|56/100
|move|p2a: Alomomola|Flip Turn|p1a: Enamorus
|-damage|p1a: Enamorus|88/100
|
|t:|1779659713
|switch|p2a: Iron Treads|Iron Treads|100/100|[from] Flip Turn
|
|-weather|SunnyDay|[upkeep]
|upkeep
|turn|28
|
|t:|1779659717
|switch|p1a: Ninetales|Ninetales, M|62/100
|move|p2a: Iron Treads|Rapid Spin|p1a: Ninetales
|-crit|p1a: Ninetales
|-damage|p1a: Ninetales|36/100
|-boost|p2a: Iron Treads|spe|1
|
|-weather|SunnyDay|[upkeep]
|upkeep
|turn|29
|
|t:|1779659721
|move|p2a: Iron Treads|Earthquake|p1a: Ninetales
|-supereffective|p1a: Ninetales
|-damage|p1a: Ninetales|0 fnt
|faint|p1a: Ninetales
|
|-weather|SunnyDay|[upkeep]
|upkeep
|
|t:|1779659724
|switch|p1a: Enamorus|Enamorus, F|88/100
|turn|30
|
|t:|1779659729
|move|p1a: Enamorus|Mystical Fire|p2a: Iron Treads
|-supereffective|p2a: Iron Treads
|-damage|p2a: Iron Treads|9/100
|move|p2a: Iron Treads|Ice Spinner|p1a: Enamorus
|-supereffective|p1a: Enamorus
|-damage|p1a: Enamorus|22/100
|
|-weather|SunnyDay|[upkeep]
|upkeep
|turn|31
|-message|EastSideConnection forfeited.
|
|win|justthewaves!
|raw|EastSideConnection's rating: 1481 &rarr; <strong>1459</strong><br />(-22 for losing)
|raw|justthewaves!'s rating: 1438 &rarr; <strong>1460</strong><br />(+22 for winning)
