|j|☆Cantarope
|j|☆Karmasiren
|t:|1779660918
|gametype|singles
|player|p1|Cantarope|kieran|1505
|player|p2|Karmasiren|skyla|1546
|gen|9
|tier|[Gen 9] OU
|rated|
|rule|HP Percentage Mod: HP is shown in percentages
|rule|Endless Battle Clause: Forcing endless battles is banned
|rule|Species Clause: Limit one of each Pokémon
|rule|OHKO Clause: OHKO moves are banned
|rule|Evasion Items Clause: Evasion items are banned
|rule|Evasion Moves Clause: Evasion moves are banned
|rule|Evasion Abilities Clause: Evasion abilities are banned
|rule|Sleep Moves Clause: Sleep-inducing moves are banned
|clearpoke
|poke|p1|Muk, F|
|poke|p1|Corviknight, F|
|poke|p1|Darkrai|
|poke|p1|Gholdengo|
|poke|p1|Ogerpon-Wellspring, F|
|poke|p1|Cinderace, F|
|poke|p2|Hoopa-Unbound|
|poke|p2|Kingambit, F|
|poke|p2|Samurott-Hisui, M|
|poke|p2|Landorus-Therian, M|
|poke|p2|Iron Valiant|
|poke|p2|Weezing-Galar, F|
|teampreview
|inactive|Battle timer is ON: inactive players will automatically lose when time's up. (requested by Cantarope)
|
|t:|1779660949
|teamsize|p1|6
|teamsize|p2|6
|start
|switch|p1a: Darkrai|Darkrai|100/100
|switch|p2a: Jon Stones|Landorus-Therian, M, shiny|100/100
|-ability|p2a: Jon Stones|Intimidate|boost
|-unboost|p1a: Darkrai|atk|1
|turn|1
|
|t:|1779660961
|switch|p2a: Central Sea|Samurott-Hisui, M, shiny|100/100
|move|p1a: Darkrai|Ice Beam|p2a: Central Sea
|-resisted|p2a: Central Sea
|-damage|p2a: Central Sea|86/100
|-damage|p1a: Darkrai|91/100|[from] item: Life Orb
|
|upkeep
|turn|2
|
|t:|1779660967
|move|p1a: Darkrai|Focus Blast|p2a: Central Sea
|-supereffective|p2a: Central Sea
|-damage|p2a: Central Sea|8/100
|-damage|p1a: Darkrai|81/100|[from] item: Life Orb
|move|p2a: Central Sea|Sacred Sword|p1a: Darkrai
|-supereffective|p1a: Darkrai
|-damage|p1a: Darkrai|0 fnt
|faint|p1a: Darkrai
|
|upkeep
|
|t:|1779660976
|switch|p1a: Corviknight|Corviknight, F|100/100
|-ability|p1a: Corviknight|Pressure
|turn|3
|
|t:|1779660987
|move|p2a: Central Sea|Knock Off|p1a: Corviknight
|-damage|p1a: Corviknight|73/100
|-enditem|p1a: Corviknight|Leftovers|[from] move: Knock Off|[of] p2a: Central Sea
|move|p1a: Corviknight|U-turn|p2a: Central Sea
|-supereffective|p2a: Central Sea
|-damage|p2a: Central Sea|0 fnt
|faint|p2a: Central Sea
|
|t:|1779661008
|switch|p1a: Me Ne Sbatto|Muk, F|100/100|[from] U-turn
|
|upkeep
|inactive|Karmasiren has 120 seconds left.
|
|t:|1779661040
|switch|p2a: Jon Stones|Landorus-Therian, M, shiny|100/100
|-ability|p2a: Jon Stones|Intimidate|boost
|-unboost|p1a: Me Ne Sbatto|atk|1
|turn|4
|
|t:|1779661043
|switch|p1a: Corviknight|Corviknight, F|73/100
|-ability|p1a: Corviknight|Pressure
|move|p2a: Jon Stones|Earth Power|p1a: Corviknight
|-immune|p1a: Corviknight
|
|upkeep
|turn|5
|
|t:|1779661054
|move|p2a: Jon Stones|Taunt|p1a: Corviknight
|-start|p1a: Corviknight|move: Taunt
|move|p1a: Corviknight|U-turn|p2a: Jon Stones
|-resisted|p2a: Jon Stones
|-damage|p2a: Jon Stones|93/100
|-damage|p1a: Corviknight|57/100|[from] item: Rocky Helmet|[of] p2a: Jon Stones
|
|t:|1779661068
|switch|p1a: Me Ne Sbatto|Muk, F|100/100|[from] U-turn
|
|upkeep
|turn|6
|
|t:|1779661077
|move|p2a: Jon Stones|Earth Power|p1a: Me Ne Sbatto
|-supereffective|p1a: Me Ne Sbatto
|-damage|p1a: Me Ne Sbatto|65/100
|move|p1a: Me Ne Sbatto|Ice Punch|p2a: Jon Stones
|-supereffective|p2a: Jon Stones
|-damage|p2a: Jon Stones|0 fnt
|-damage|p1a: Me Ne Sbatto|49/100|[from] item: Rocky Helmet|[of] p2a: Jon Stones
|faint|p2a: Jon Stones
|
|upkeep
|
|t:|1779661082
|switch|p2a: Hoops|Hoopa-Unbound|100/100
|turn|7
|
|t:|1779661089
|move|p2a: Hoops|Hyperspace Fury|p1a: Me Ne Sbatto
|-damage|p1a: Me Ne Sbatto|0 fnt
|-unboost|p2a: Hoops|def|1
|faint|p1a: Me Ne Sbatto
|-damage|p2a: Hoops|91/100|[from] item: Life Orb
|
|upkeep
|inactive|Cantarope has 120 seconds left.
|
|t:|1779661132
|switch|p1a: Corviknight|Corviknight, F|57/100
|-ability|p1a: Corviknight|Pressure
|turn|8
|inactive|Karmasiren has 120 seconds left.
|
|t:|1779661178
|switch|p2a: Weezing|Weezing-Galar, F|100/100
|-ability|p2a: Weezing|Neutralizing Gas
|move|p1a: Corviknight|U-turn|p2a: Weezing
|-resisted|p2a: Weezing
|-damage|p2a: Weezing|98/100
|inactive|Cantarope has 120 seconds left.
|
|t:|1779661191
|switch|p1a: Ogerpon|Ogerpon-Wellspring, F|100/100|[from] U-turn
|
|upkeep
|turn|9
|inactive|Cantarope has 120 seconds left.
|
|t:|1779661207
|move|p1a: Ogerpon|Substitute|p1a: Ogerpon
|-start|p1a: Ogerpon|Substitute
|-damage|p1a: Ogerpon|76/100
|move|p2a: Weezing|Will-O-Wisp||[still]
|-fail|p2a: Weezing
|
|upkeep
|turn|10
|inactive|Cantarope has 120 seconds left.
|
|t:|1779661217
|move|p1a: Ogerpon|Ivy Cudgel|p2a: Weezing|[anim] Ivy Cudgel Water
|-crit|p2a: Weezing
|-damage|p2a: Weezing|42/100
|move|p2a: Weezing|Strange Steam|p1a: Ogerpon
|-end|p1a: Ogerpon|Substitute
|
|upkeep
|turn|11
|inactive|Karmasiren has 120 seconds left.
|inactive|Cantarope has 120 seconds left.
|inactive|Karmasiren has 90 seconds left.
|
|t:|1779661255
|-terastallize|p1a: Ogerpon|Water
|detailschange|p1a: Ogerpon|Ogerpon-Wellspring-Tera, F, tera:Water
|move|p1a: Ogerpon|Ivy Cudgel|p2a: Weezing|[anim] Ivy Cudgel Water
|-crit|p2a: Weezing
|-damage|p2a: Weezing|0 fnt
|faint|p2a: Weezing
|-end|p2a: Weezing|ability: Neutralizing Gas
|-ability|p1a: Ogerpon|Embody Aspect (Wellspring)|boost
|-boost|p1a: Ogerpon|spd|1
|
|upkeep
|inactive|Karmasiren has 90 seconds left.
|
|t:|1779661260
|switch|p2a: Clank Winatra|Iron Valiant, shiny|100/100
|-enditem|p2a: Clank Winatra|Booster Energy
|-activate|p2a: Clank Winatra|ability: Quark Drive|[fromitem]
|-start|p2a: Clank Winatra|quarkdrivespe
|turn|12
|
|t:|1779661278
|move|p2a: Clank Winatra|Close Combat|p1a: Ogerpon
|-damage|p1a: Ogerpon|0 fnt
|-unboost|p2a: Clank Winatra|def|1
|-unboost|p2a: Clank Winatra|spd|1
|faint|p1a: Ogerpon
|detailschange|p1: Ogerpon|Ogerpon-Wellspring, F|[silent]
|
|upkeep
|
|t:|1779661288
|switch|p1a: Gholdengo|Gholdengo|100/100
|turn|13
|inactive|Karmasiren has 90 seconds left.
|
|t:|1779661313
|move|p2a: Clank Winatra|Knock Off|p1a: Gholdengo
|-supereffective|p1a: Gholdengo
|-damage|p1a: Gholdengo|27/100
|-enditem|p1a: Gholdengo|Choice Scarf|[from] move: Knock Off|[of] p2a: Clank Winatra
|move|p1a: Gholdengo|Dazzling Gleam|p2a: Clank Winatra
|-supereffective|p2a: Clank Winatra
|-damage|p2a: Clank Winatra|0 fnt
|faint|p2a: Clank Winatra
|-end|p2a: Clank Winatra|Quark Drive|[silent]
|
|upkeep
|inactive|Karmasiren has 90 seconds left.
|
|t:|1779661320
|switch|p2a: Hoops|Hoopa-Unbound|91/100
|turn|14
|inactive|Karmasiren has 90 seconds left.
|
|t:|1779661343
|move|p1a: Gholdengo|Dazzling Gleam|p2a: Hoops
|-supereffective|p2a: Hoops
|-damage|p2a: Hoops|38/100
|move|p2a: Hoops|Trick Room|p2a: Hoops
|-fieldstart|move: Trick Room|[of] p2a: Hoops
|
|upkeep
|turn|15
|
|t:|1779661362
|move|p2a: Hoops|Hyperspace Fury|p1a: Gholdengo
|-supereffective|p1a: Gholdengo
|-damage|p1a: Gholdengo|0 fnt
|-unboost|p2a: Hoops|def|1
|faint|p1a: Gholdengo
|-damage|p2a: Hoops|28/100|[from] item: Life Orb
|
|upkeep
|inactive|Cantarope has 120 seconds left.
|
|t:|1779661380
|switch|p1a: Corviknight|Corviknight, F|57/100
|-ability|p1a: Corviknight|Pressure
|turn|16
|inactive|Cantarope has 120 seconds left.
|
|t:|1779661387
|move|p2a: Hoops|Psychic Noise|p1a: Corviknight
|-resisted|p1a: Corviknight
|-damage|p1a: Corviknight|28/100
|-start|p1a: Corviknight|move: Heal Block
|-damage|p2a: Hoops|18/100|[from] item: Life Orb
|cant|p1a: Corviknight|move: Heal Block|Roost
|
|upkeep
|turn|17
|
|t:|1779661395
|move|p2a: Hoops|Hyperspace Fury|p1a: Corviknight
|-damage|p1a: Corviknight|0 fnt
|-unboost|p2a: Hoops|def|1
|faint|p1a: Corviknight
|-damage|p2a: Hoops|8/100|[from] item: Life Orb
|
|upkeep
|
|t:|1779661398
|switch|p1a: Cinderace|Cinderace, F|100/100
|turn|18
|inactive|Karmasiren has 120 seconds left.
|
|t:|1779661407
|move|p2a: Hoops|Hyperspace Fury|p1a: Cinderace
|-damage|p1a: Cinderace|0 fnt
|-unboost|p2a: Hoops|def|1
|faint|p1a: Cinderace
|-damage|p2a: Hoops|0 fnt|[from] item: Life Orb
|faint|p2a: Hoops
|
|win|Karmasiren
|raw|Cantarope's rating: 1505 &rarr; <strong>1486</strong><br />(-19 for losing)
|raw|Karmasiren's rating: 1531 &rarr; <strong>1550</strong><br />(+19 for winning)
|c|☆Cantarope|gg
|l|☆Karmasiren
|player|p2|
|j|☆Karmasiren
|player|p2|Karmasiren|skyla|
|c|☆Karmasiren|gg
|l|☆Karmasiren
|player|p2|
|l|☆Cantarope
|player|p1|
