|j|‽aaagislash
|j|☆greattrainer123
|t:|1779613380
|gametype|singles
|player|p1|aaagislash|102|1349
|player|p2|greattrainer123|2|1444
|gen|9
|tier|[Gen 9] OU
|rated|
|rule|HP Percentage Mod: HP is shown in percentages
|rule|Endless Battle Clause: Forcing endless battles is banned
|rule|Species Clause: Limit one of each Pokémon
|rule|OHKO Clause: OHKO moves are banned
|rule|Evasion Items Clause: Evasion items are banned
|rule|Evasion Moves Clause: Evasion moves are banned
|rule|Evasion Abilities Clause: Evasion abilities are banned
|rule|Sleep Moves Clause: Sleep-inducing moves are banned
|clearpoke
|poke|p1|Iron Treads|
|poke|p1|Sableye, F|
|poke|p1|Cinderace, M|
|poke|p1|Chandelure, F|
|poke|p1|Rillaboom, M|
|poke|p1|Deoxys-Speed|
|poke|p2|Alomomola, F|
|poke|p2|Zamazenta-*|
|poke|p2|Slowking-Galar, M|
|poke|p2|Lokix, M|
|poke|p2|Dragapult, M|
|poke|p2|Cinccino, F|
|teampreview
|
|t:|1779613399
|teamsize|p1|6
|teamsize|p2|6
|start
|switch|p1a: Chandelure|Chandelure, F|100/100
|switch|p2a: Lokix|Lokix, M|100/100
|turn|1
|inactive|Battle timer is ON: inactive players will automatically lose when time's up. (requested by greattrainer123)
|
|t:|1779613407
|move|p2a: Lokix|Sucker Punch|p1a: Chandelure
|-supereffective|p1a: Chandelure
|-damage|p1a: Chandelure|0 fnt
|faint|p1a: Chandelure
|
|upkeep
|
|t:|1779613414
|switch|p1a: Rillaboom|Rillaboom, M|100/100
|-fieldstart|move: Grassy Terrain|[from] ability: Grassy Surge|[of] p1a: Rillaboom
|turn|2
|
|t:|1779613423
|switch|p2a: Slowking|Slowking-Galar, M|100/100
|move|p1a: Rillaboom|Swords Dance|p1a: Rillaboom
|-boost|p1a: Rillaboom|atk|2
|
|upkeep
|turn|3
|
|t:|1779613431
|move|p1a: Rillaboom|High Horsepower|p2a: Slowking
|-supereffective|p2a: Slowking
|-damage|p2a: Slowking|0 fnt
|faint|p2a: Slowking
|-damage|p1a: Rillaboom|91/100|[from] item: Life Orb
|
|-heal|p1a: Rillaboom|97/100|[from] Grassy Terrain
|upkeep
|
|t:|1779613436
|switch|p2a: Lokix|Lokix, M|100/100
|turn|4
|
|t:|1779613440
|switch|p1a: Sableye|Sableye, F|100/100
|move|p2a: Lokix|First Impression|p1a: Sableye
|-damage|p1a: Sableye|34/100
|-enditem|p1a: Sableye|Eject Button
|
|t:|1779613445
|switch|p1a: Rillaboom|Rillaboom, M|97/100
|
|-heal|p1a: Rillaboom|100/100|[from] Grassy Terrain
|upkeep
|turn|5
|
|t:|1779613451
|switch|p2a: Dragapult|Dragapult, M|100/100
|move|p1a: Rillaboom|Swords Dance|p1a: Rillaboom
|-boost|p1a: Rillaboom|atk|2
|
|upkeep
|turn|6
|
|t:|1779613455
|-terastallize|p2a: Dragapult|Dragon
|move|p2a: Dragapult|Draco Meteor|p1a: Rillaboom
|-damage|p1a: Rillaboom|0 fnt
|-unboost|p2a: Dragapult|spa|2
|faint|p1a: Rillaboom
|
|-fieldend|move: Grassy Terrain
|upkeep
|
|t:|1779613463
|switch|p1a: Deoxys|Deoxys-Speed|100/100
|-ability|p1a: Deoxys|Pressure
|turn|7
|
|t:|1779613472
|switch|p2a: Lokix|Lokix, M|100/100
|move|p1a: Deoxys|Focus Blast|p2a: Lokix|[miss]
|-miss|p1a: Deoxys|p2a: Lokix
|
|upkeep
|turn|8
|
|t:|1779613481
|switch|p1a: Cinderace|Cinderace, M|100/100
|move|p2a: Lokix|U-turn|p1a: Cinderace
|-resisted|p1a: Cinderace
|-damage|p1a: Cinderace|33/100
|
|t:|1779613490
|switch|p2a: Dragapult|Dragapult, M, tera:Dragon|100/100|[from] U-turn
|
|upkeep
|turn|9
|
|t:|1779613495
|move|p2a: Dragapult|Shadow Ball|p1a: Cinderace
|-damage|p1a: Cinderace|0 fnt
|faint|p1a: Cinderace
|
|upkeep
|
|t:|1779613500
|switch|p1a: Sableye|Sableye, F|34/100
|turn|10
|
|t:|1779613505
|move|p1a: Sableye|Gravity|p1a: Sableye
|-fieldstart|move: Gravity
|move|p2a: Dragapult|Shadow Ball|p1a: Sableye
|-damage|p1a: Sableye|0 fnt
|faint|p1a: Sableye
|
|upkeep
|
|t:|1779613508
|switch|p1a: Deoxys|Deoxys-Speed|100/100
|-ability|p1a: Deoxys|Pressure
|turn|11
|
|t:|1779613515
|-terastallize|p1a: Deoxys|Fighting
|move|p1a: Deoxys|Focus Blast|p2a: Dragapult
|-damage|p2a: Dragapult|0 fnt
|faint|p2a: Dragapult
|-damage|p1a: Deoxys|91/100|[from] item: Life Orb
|
|upkeep
|
|t:|1779613540
|switch|p2a: Zamazenta|Zamazenta|100/100
|-ability|p2a: Zamazenta|Dauntless Shield|boost
|-boost|p2a: Zamazenta|def|1
|turn|12
|
|t:|1779613543
|move|p1a: Deoxys|Psycho Boost|p2a: Zamazenta
|-supereffective|p2a: Zamazenta
|-damage|p2a: Zamazenta|0 fnt
|-unboost|p1a: Deoxys|spa|2
|faint|p2a: Zamazenta
|-damage|p1a: Deoxys|81/100|[from] item: Life Orb
|
|upkeep
|
|t:|1779613549
|switch|p2a: Cinccino|Cinccino, F|100/100
|turn|13
|
|t:|1779613559
|move|p1a: Deoxys|Focus Blast|p2a: Cinccino
|-supereffective|p2a: Cinccino
|-damage|p2a: Cinccino|0 fnt
|faint|p2a: Cinccino
|-damage|p1a: Deoxys|71/100|[from] item: Life Orb
|
|upkeep
|-message|greattrainer123 forfeited.
|
|win|aaagislash
|raw|aaagislash's rating: 1349 &rarr; <strong>1374</strong><br />(+25 for winning)
|raw|greattrainer123's rating: 1444 &rarr; <strong>1419</strong><br />(-25 for losing)
|l|☆greattrainer123
|player|p2|
