|j|☆KOSEKlBIJOU
|j|☆saased
|t:|1779716222
|gametype|singles
|player|p1|KOSEKlBIJOU|red|1237
|player|p2|saased|ingo|1193
|gen|9
|tier|[Gen 9] OU
|rated|
|rule|HP Percentage Mod: HP is shown in percentages
|rule|Endless Battle Clause: Forcing endless battles is banned
|rule|Species Clause: Limit one of each Pokémon
|rule|OHKO Clause: OHKO moves are banned
|rule|Evasion Items Clause: Evasion items are banned
|rule|Evasion Moves Clause: Evasion moves are banned
|rule|Evasion Abilities Clause: Evasion abilities are banned
|rule|Sleep Moves Clause: Sleep-inducing moves are banned
|clearpoke
|poke|p1|Ribombee, F|
|poke|p1|Meloetta|
|poke|p1|Gholdengo|
|poke|p1|Great Tusk|
|poke|p1|Kingambit, F|
|poke|p1|Raging Bolt|
|poke|p2|Raging Bolt|
|poke|p2|Greninja-*, M|
|poke|p2|Barraskewda, M|
|poke|p2|Ting-Lu|
|poke|p2|Pelipper, F|
|poke|p2|Scizor, F|
|teampreview
|
|t:|1779716228
|teamsize|p1|6
|teamsize|p2|6
|start
|switch|p1a: Ribombee|Ribombee, F|100/100
|switch|p2a: Pelipper|Pelipper, F|100/100
|-weather|RainDance|[from] ability: Drizzle|[of] p2a: Pelipper
|turn|1
|
|t:|1779716236
|move|p1a: Ribombee|Moonblast|p2a: Pelipper
|-damage|p2a: Pelipper|45/100
|move|p2a: Pelipper|U-turn|p1a: Ribombee
|-resisted|p1a: Ribombee
|-damage|p1a: Ribombee|92/100
|
|t:|1779716243
|switch|p2a: Greninja|Greninja, M|100/100|[from] U-turn
|
|-weather|RainDance|[upkeep]
|upkeep
|turn|2
|
|t:|1779716251
|move|p1a: Ribombee|U-turn|p2a: Greninja
|-supereffective|p2a: Greninja
|-damage|p2a: Greninja|56/100
|
|t:|1779716255
|switch|p1a: Raging Bolt|Raging Bolt|100/100|[from] U-turn
|move|p2a: Greninja|Surf|p1a: Raging Bolt
|-resisted|p1a: Raging Bolt
|-damage|p1a: Raging Bolt|69/100
|-damage|p2a: Greninja|46/100|[from] item: Life Orb
|
|-weather|RainDance|[upkeep]
|-heal|p1a: Raging Bolt|75/100|[from] item: Leftovers
|upkeep
|turn|3
|
|t:|1779716269
|switch|p2a: Ting-Lu|Ting-Lu|100/100
|-ability|p2a: Ting-Lu|Vessel of Ruin
|move|p1a: Raging Bolt|Dragon Pulse|p2a: Ting-Lu
|-damage|p2a: Ting-Lu|81/100
|
|-weather|RainDance|[upkeep]
|-heal|p1a: Raging Bolt|81/100|[from] item: Leftovers
|-heal|p2a: Ting-Lu|87/100|[from] item: Leftovers
|upkeep
|turn|4
|
|t:|1779716280
|-end|p1a: Raging Bolt|Protosynthesis|[silent]
|switch|p1a: Ribombee|Ribombee, F|92/100
|move|p2a: Ting-Lu|Stealth Rock|p1a: Ribombee
|-sidestart|p1: KOSEKlBIJOU|move: Stealth Rock
|
|-weather|RainDance|[upkeep]
|-heal|p2a: Ting-Lu|93/100|[from] item: Leftovers
|upkeep
|turn|5
|
|t:|1779716288
|switch|p2a: Scizor|Scizor, F|100/100
|move|p1a: Ribombee|Sticky Web|p2a: Scizor
|-sidestart|p2: saased|move: Sticky Web
|
|-weather|RainDance|[upkeep]
|upkeep
|turn|6
|
|t:|1779716295
|switch|p1a: Great Tusk|Great Tusk|100/100
|-damage|p1a: Great Tusk|98/100|[from] Stealth Rock
|move|p2a: Scizor|Defog|p1a: Great Tusk
|-unboost|p1a: Great Tusk|evasion|1
|-sideend|p1: KOSEKlBIJOU|Stealth Rock|[from] move: Defog|[of] p2a: Scizor
|-sideend|p2: saased|Sticky Web|[from] move: Defog|[of] p2a: Scizor
|
|-weather|RainDance|[upkeep]
|-heal|p1a: Great Tusk|100/100|[from] item: Leftovers
|upkeep
|turn|7
|
|t:|1779716306
|move|p1a: Great Tusk|Knock Off|p2a: Scizor
|-damage|p2a: Scizor|72/100
|-enditem|p2a: Scizor|Heavy-Duty Boots|[from] move: Knock Off|[of] p1a: Great Tusk
|move|p2a: Scizor|U-turn|p1a: Great Tusk
|-resisted|p1a: Great Tusk
|-damage|p1a: Great Tusk|88/100
|
|t:|1779716313
|switch|p2a: Greninja|Greninja, M|46/100|[from] U-turn
|
|-weather|RainDance|[upkeep]
|-heal|p1a: Great Tusk|94/100|[from] item: Leftovers
|upkeep
|turn|8
|
|t:|1779716333
|-terastallize|p2a: Greninja|Stellar
|-terastallize|p1a: Great Tusk|Water
|move|p2a: Greninja|Surf|p1a: Great Tusk
|-resisted|p1a: Great Tusk
|-damage|p1a: Great Tusk|16/100
|-damage|p2a: Greninja|37/100|[from] item: Life Orb
|move|p1a: Great Tusk|Earthquake|p2a: Greninja
|-damage|p2a: Greninja|0 fnt
|faint|p2a: Greninja
|
|-weather|none
|-heal|p1a: Great Tusk|22/100|[from] item: Leftovers
|upkeep
|
|t:|1779716349
|switch|p2a: Pelipper|Pelipper, F|45/100
|-weather|RainDance|[from] ability: Drizzle|[of] p2a: Pelipper
|turn|9
|
|t:|1779716361
|move|p1a: Great Tusk|Knock Off|p2a: Pelipper
|-damage|p2a: Pelipper|17/100
|-enditem|p2a: Pelipper|Damp Rock|[from] move: Knock Off|[of] p1a: Great Tusk
|move|p2a: Pelipper|U-turn|p1a: Great Tusk
|-damage|p1a: Great Tusk|15/100
|
|t:|1779716369
|switch|p2a: Barraskewda|Barraskewda, M|100/100|[from] U-turn
|
|-weather|RainDance|[upkeep]
|-heal|p1a: Great Tusk|22/100|[from] item: Leftovers
|upkeep
|turn|10
|
|t:|1779716376
|-end|p1a: Great Tusk|Protosynthesis|[silent]
|switch|p1a: Raging Bolt|Raging Bolt|81/100
|move|p2a: Barraskewda|Liquidation|p1a: Raging Bolt
|-resisted|p1a: Raging Bolt
|-damage|p1a: Raging Bolt|39/100
|
|-weather|RainDance|[upkeep]
|-heal|p1a: Raging Bolt|45/100|[from] item: Leftovers
|upkeep
|turn|11
|
|t:|1779716386
|switch|p2a: Raging Bolt|Raging Bolt|100/100
|-enditem|p2a: Raging Bolt|Booster Energy
|-activate|p2a: Raging Bolt|ability: Protosynthesis|[fromitem]
|-start|p2a: Raging Bolt|protosynthesisspa
|move|p1a: Raging Bolt|Dragon Pulse|p2a: Raging Bolt
|-supereffective|p2a: Raging Bolt
|-damage|p2a: Raging Bolt|9/100
|
|-weather|RainDance|[upkeep]
|-heal|p1a: Raging Bolt|51/100|[from] item: Leftovers
|upkeep
|turn|12
|
|t:|1779716397
|move|p2a: Raging Bolt|Dragon Pulse|p1a: Raging Bolt
|-supereffective|p1a: Raging Bolt
|-damage|p1a: Raging Bolt|0 fnt
|faint|p1a: Raging Bolt
|-end|p1a: Raging Bolt|Protosynthesis|[silent]
|
|-weather|RainDance|[upkeep]
|upkeep
|
|t:|1779716402
|switch|p1a: Great Tusk|Great Tusk, tera:Water|22/100
|turn|13
|
|t:|1779716409
|move|p2a: Raging Bolt|Thunderclap|p1a: Great Tusk
|-supereffective|p1a: Great Tusk
|-damage|p1a: Great Tusk|0 fnt
|faint|p1a: Great Tusk
|-end|p1a: Great Tusk|Protosynthesis|[silent]
|
|-weather|RainDance|[upkeep]
|upkeep
|
|t:|1779716413
|switch|p1a: Ribombee|Ribombee, F|92/100
|turn|14
|
|t:|1779716421
|move|p1a: Ribombee|Sticky Web|p2a: Raging Bolt
|-sidestart|p2: saased|move: Sticky Web
|move|p2a: Raging Bolt|Thunder|p1a: Ribombee
|-damage|p1a: Ribombee|0 fnt
|faint|p1a: Ribombee
|
|-weather|RainDance|[upkeep]
|upkeep
|
|t:|1779716427
|switch|p1a: Kingambit|Kingambit, F|100/100
|-activate|p1a: Kingambit|ability: Supreme Overlord
|-start|p1a: Kingambit|fallen3|[silent]
|turn|15
|
|t:|1779716435
|move|p1a: Kingambit|Sucker Punch|p2a: Raging Bolt
|-damage|p2a: Raging Bolt|0 fnt
|faint|p2a: Raging Bolt
|-end|p2a: Raging Bolt|Protosynthesis|[silent]
|
|-weather|RainDance|[upkeep]
|upkeep
|
|t:|1779716441
|switch|p2a: Scizor|Scizor, F|72/100
|-activate|p2a: Scizor|move: Sticky Web
|-unboost|p2a: Scizor|spe|1
|turn|16
|
|t:|1779716447
|move|p1a: Kingambit|Kowtow Cleave|p2a: Scizor
|-damage|p2a: Scizor|7/100
|move|p2a: Scizor|Defog|p1a: Kingambit
|-unboost|p1a: Kingambit|evasion|1
|-sideend|p2: saased|Sticky Web|[from] move: Defog|[of] p2a: Scizor
|
|-weather|none
|upkeep
|turn|17
|
|t:|1779716461
|move|p1a: Kingambit|Kowtow Cleave|p2a: Scizor
|-damage|p2a: Scizor|0 fnt
|faint|p2a: Scizor
|
|upkeep
|
|t:|1779716469
|switch|p2a: Pelipper|Pelipper, F|17/100
|-weather|RainDance|[from] ability: Drizzle|[of] p2a: Pelipper
|turn|18
|
|t:|1779716481
|move|p1a: Kingambit|Sucker Punch|p2a: Pelipper
|-damage|p2a: Pelipper|0 fnt
|faint|p2a: Pelipper
|
|-weather|RainDance|[upkeep]
|upkeep
|
|t:|1779716487
|switch|p2a: Barraskewda|Barraskewda, M|100/100
|turn|19
|
|t:|1779716491
|move|p2a: Barraskewda|Liquidation|p1a: Kingambit
|-damage|p1a: Kingambit|14/100
|move|p1a: Kingambit|Swords Dance|p1a: Kingambit
|-boost|p1a: Kingambit|atk|2
|
|-weather|RainDance|[upkeep]
|upkeep
|turn|20
|
|t:|1779716500
|switch|p2a: Ting-Lu|Ting-Lu|93/100
|-ability|p2a: Ting-Lu|Vessel of Ruin
|move|p1a: Kingambit|Sucker Punch||[still]
|-fail|p1a: Kingambit
|
|-weather|RainDance|[upkeep]
|-heal|p2a: Ting-Lu|99/100|[from] item: Leftovers
|upkeep
|turn|21
|
|t:|1779716510
|move|p1a: Kingambit|Iron Head|p2a: Ting-Lu
|-damage|p2a: Ting-Lu|30/100
|move|p2a: Ting-Lu|Earthquake|p1a: Kingambit
|-supereffective|p1a: Kingambit
|-damage|p1a: Kingambit|0 fnt
|faint|p1a: Kingambit
|-end|p1a: Kingambit|fallen3|[silent]
|
|-weather|RainDance|[upkeep]
|-heal|p2a: Ting-Lu|36/100|[from] item: Leftovers
|upkeep
|
|t:|1779716516
|switch|p1a: Meloetta|Meloetta|100/100
|turn|22
|
|t:|1779716524
|switch|p2a: Barraskewda|Barraskewda, M|100/100
|move|p1a: Meloetta|Focus Blast|p2a: Barraskewda
|-damage|p2a: Barraskewda|0 fnt
|faint|p2a: Barraskewda
|
|-weather|none
|upkeep
|-message|saased forfeited.
|
|win|KOSEKlBIJOU
|raw|KOSEKlBIJOU's rating: 1237 &rarr; <strong>1259</strong><br />(+22 for winning)
|raw|saased's rating: 1193 &rarr; <strong>1171</strong><br />(-22 for losing)
|l|☆saased
|player|p2|
|l|☆KOSEKlBIJOU
|player|p1|
