|j|☆rujjtrainer
|j|☆PokemonTrainerLYT
|t:|1779697770
|gametype|singles
|player|p1|rujjtrainer|winona|1333
|player|p2|PokemonTrainerLYT|170|1399
|gen|9
|tier|[Gen 9] OU
|rated|
|rule|HP Percentage Mod: HP is shown in percentages
|rule|Endless Battle Clause: Forcing endless battles is banned
|rule|Species Clause: Limit one of each Pokémon
|rule|OHKO Clause: OHKO moves are banned
|rule|Evasion Items Clause: Evasion items are banned
|rule|Evasion Moves Clause: Evasion moves are banned
|rule|Evasion Abilities Clause: Evasion abilities are banned
|rule|Sleep Moves Clause: Sleep-inducing moves are banned
|clearpoke
|poke|p1|Sinistcha-Masterpiece|
|poke|p1|Gastrodon, F|
|poke|p1|Braviary, M|
|poke|p1|Lucario, M|
|poke|p1|Ceruledge, M|
|poke|p1|Hydreigon, M|
|poke|p2|Pelipper, F|
|poke|p2|Basculegion, M|
|poke|p2|Kingdra, F|
|poke|p2|Raging Bolt|
|poke|p2|Iron Treads|
|poke|p2|Kingambit, F|
|teampreview
|
|t:|1779697783
|teamsize|p1|6
|teamsize|p2|6
|start
|switch|p1a: Hydreigon|Hydreigon, M|100/100
|switch|p2a: Pelipper|Pelipper, F, shiny|100/100
|-weather|RainDance|[from] ability: Drizzle|[of] p2a: Pelipper
|turn|1
|
|t:|1779697791
|switch|p2a: Kingambit|Kingambit, F, shiny|100/100
|move|p1a: Hydreigon|Nasty Plot|p1a: Hydreigon
|-boost|p1a: Hydreigon|spa|2
|
|-weather|RainDance|[upkeep]
|upkeep
|turn|2
|
|t:|1779697797
|move|p1a: Hydreigon|Earth Power|p2a: Kingambit
|-supereffective|p2a: Kingambit
|-damage|p2a: Kingambit|0 fnt
|faint|p2a: Kingambit
|-end|p2a: Kingambit|fallenundefined|[silent]
|
|-weather|RainDance|[upkeep]
|upkeep
|
|t:|1779697803
|switch|p2a: Kingdra|Kingdra, F, shiny|100/100
|turn|3
|
|t:|1779697807
|-terastallize|p1a: Hydreigon|Steel
|move|p2a: Kingdra|Draco Meteor|p1a: Hydreigon
|-resisted|p1a: Hydreigon
|-damage|p1a: Hydreigon|52/100
|-unboost|p2a: Kingdra|spa|2
|-damage|p2a: Kingdra|91/100|[from] item: Life Orb
|move|p1a: Hydreigon|Draco Meteor|p2a: Kingdra
|-supereffective|p2a: Kingdra
|-damage|p2a: Kingdra|0 fnt
|-unboost|p1a: Hydreigon|spa|2
|faint|p2a: Kingdra
|
|-weather|RainDance|[upkeep]
|upkeep
|
|t:|1779697810
|switch|p2a: Basculegion|Basculegion, M, shiny|100/100
|turn|4
|
|t:|1779697822
|switch|p1a: Gastrodon|Gastrodon, F|100/100
|move|p2a: Basculegion|Flip Turn|p1a: Gastrodon
|-ability|p1a: Gastrodon|Storm Drain|boost
|-boost|p1a: Gastrodon|spa|1
|
|-weather|RainDance|[upkeep]
|upkeep
|turn|5
|-message|PokemonTrainerLYT forfeited.
|
|win|rujjtrainer
|raw|rujjtrainer's rating: 1333 &rarr; <strong>1357</strong><br />(+24 for winning)
|raw|PokemonTrainerLYT's rating: 1399 &rarr; <strong>1375</strong><br />(-24 for losing)
|l|☆PokemonTrainerLYT
|player|p2|
|l|☆rujjtrainer
|player|p1|
