|j|☆flaresun3
|j|☆Ghostofkd
|t:|1779612806
|gametype|singles
|player|p1|flaresun3|shadowtriad|1292
|player|p2|Ghostofkd|170|1256
|gen|9
|tier|[Gen 9] OU
|rated|
|rule|HP Percentage Mod: HP is shown in percentages
|rule|Endless Battle Clause: Forcing endless battles is banned
|rule|Species Clause: Limit one of each Pokémon
|rule|OHKO Clause: OHKO moves are banned
|rule|Evasion Items Clause: Evasion items are banned
|rule|Evasion Moves Clause: Evasion moves are banned
|rule|Evasion Abilities Clause: Evasion abilities are banned
|rule|Sleep Moves Clause: Sleep-inducing moves are banned
|clearpoke
|poke|p1|Cinderace, M|
|poke|p1|Primarina, F|
|poke|p1|Whimsicott, F|
|poke|p1|Perrserker, M|
|poke|p1|Pawmot, M|
|poke|p1|Espeon, M|
|poke|p2|Great Tusk|
|poke|p2|Gholdengo|
|poke|p2|Kingambit, M|
|poke|p2|Ogerpon-Wellspring, F|
|poke|p2|Raging Bolt|
|poke|p2|Dragapult, F|
|teampreview
|inactive|Battle timer is ON: inactive players will automatically lose when time's up. (requested by Ghostofkd)
|inactive|flaresun3 also wants the timer to be on.
|inactive|Ghostofkd has 120 seconds left.
|
|t:|1779612846
|teamsize|p1|6
|teamsize|p2|6
|start
|switch|p1a: Noelle|Primarina, F|100/100
|switch|p2a: Ogerpon|Ogerpon-Wellspring, F|100/100
|turn|1
|
|t:|1779612855
|switch|p1a: Charmy|Whimsicott, F|100/100
|move|p2a: Ogerpon|Swords Dance|p2a: Ogerpon
|-boost|p2a: Ogerpon|atk|2
|
|upkeep
|turn|2
|
|t:|1779612862
|switch|p2a: Gholdengo|Gholdengo|100/100
|-item|p2a: Gholdengo|Air Balloon
|move|p1a: Charmy|Encore|p2a: Gholdengo
|-immune|p2a: Gholdengo|[from] ability: Good as Gold
|
|upkeep
|turn|3
|
|t:|1779612873
|switch|p1a: Magna|Cinderace, M|100/100
|move|p2a: Gholdengo|Make It Rain|p1a: Magna
|-resisted|p1a: Magna
|-damage|p1a: Magna|54/100
|-unboost|p2a: Gholdengo|spa|1
|
|upkeep
|turn|4
|
|t:|1779612892
|switch|p2a: Raging Bolt|Raging Bolt|100/100
|-enditem|p2a: Raging Bolt|Booster Energy
|-activate|p2a: Raging Bolt|ability: Protosynthesis|[fromitem]
|-start|p2a: Raging Bolt|protosynthesisspa
|move|p1a: Magna|Pyro Ball|p2a: Raging Bolt
|-resisted|p2a: Raging Bolt
|-damage|p2a: Raging Bolt|70/100
|
|upkeep
|turn|5
|
|t:|1779612907
|switch|p1a: Charmy|Whimsicott, F|100/100
|move|p2a: Raging Bolt|Thunderbolt|p1a: Charmy
|-resisted|p1a: Charmy
|-damage|p1a: Charmy|52/100
|
|-heal|p1a: Charmy|59/100|[from] item: Leftovers
|upkeep
|turn|6
|
|t:|1779612916
|-terastallize|p2a: Raging Bolt|Electric
|move|p1a: Charmy|Leech Seed|p2a: Raging Bolt
|-start|p2a: Raging Bolt|move: Leech Seed
|move|p2a: Raging Bolt|Thunderbolt|p1a: Charmy
|-resisted|p1a: Charmy
|-damage|p1a: Charmy|0 fnt
|faint|p1a: Charmy
|
|upkeep
|
|t:|1779612924
|switch|p1a: Gauche|Espeon, M|100/100
|turn|7
|
|t:|1779612941
|move|p1a: Gauche|Dazzling Gleam|p2a: Raging Bolt
|-damage|p2a: Raging Bolt|32/100
|move|p2a: Raging Bolt|Draco Meteor|p1a: Gauche
|-damage|p1a: Gauche|0 fnt
|-unboost|p2a: Raging Bolt|spa|2
|faint|p1a: Gauche
|
|upkeep
|
|t:|1779612950
|switch|p1a: Noelle|Primarina, F|100/100
|turn|8
|
|t:|1779612959
|-terastallize|p1a: Noelle|Fire
|move|p2a: Raging Bolt|Thunderclap||[still]
|-fail|p2a: Raging Bolt
|move|p1a: Noelle|Light Screen|p1a: Noelle
|-sidestart|p1: flaresun3|move: Light Screen
|
|-damage|p2a: Raging Bolt|19/100|[from] Leech Seed|[of] p1a: Noelle
|upkeep
|turn|9
|
|t:|1779612969
|-end|p2a: Raging Bolt|Protosynthesis|[silent]
|switch|p2a: Ogerpon|Ogerpon-Wellspring, F|100/100
|move|p1a: Noelle|Reflect|p1a: Noelle
|-sidestart|p1: flaresun3|Reflect
|
|upkeep
|turn|10
|
|t:|1779612976
|switch|p1a: Asta|Perrserker, M|100/100
|move|p2a: Ogerpon|Swords Dance|p2a: Ogerpon
|-boost|p2a: Ogerpon|atk|2
|
|upkeep
|turn|11
|
|t:|1779612985
|move|p2a: Ogerpon|Ivy Cudgel|p1a: Asta|[anim] Ivy Cudgel Water
|-damage|p1a: Asta|44/100
|move|p1a: Asta|Knock Off|p2a: Ogerpon
|-damage|p2a: Ogerpon|55/100
|-damage|p1a: Asta|34/100|[from] item: Life Orb
|
|upkeep
|turn|12
|
|t:|1779612992
|move|p2a: Ogerpon|Ivy Cudgel|p1a: Asta|[anim] Ivy Cudgel Water
|-damage|p1a: Asta|0 fnt
|faint|p1a: Asta
|
|upkeep
|
|t:|1779612996
|switch|p1a: Magna|Cinderace, M|54/100
|turn|13
|
|t:|1779613001
|move|p1a: Magna|U-turn|p2a: Ogerpon
|-start|p1a: Magna|typechange|Bug|[from] ability: Libero
|-supereffective|p2a: Ogerpon
|-crit|p2a: Ogerpon
|-damage|p2a: Ogerpon|0 fnt
|faint|p2a: Ogerpon
|
|t:|1779613005
|switch|p1a: Luck|Pawmot, M|100/100|[from] U-turn
|
|upkeep
|
|t:|1779613022
|switch|p2a: Gholdengo|Gholdengo|100/100
|-item|p2a: Gholdengo|Air Balloon
|turn|14
|
|t:|1779613030
|move|p1a: Luck|Double Shock|p2a: Gholdengo
|-damage|p2a: Gholdengo|21/100
|-start|p1a: Luck|typechange|???/Fighting|[from] move: Double Shock
|-enditem|p2a: Gholdengo|Air Balloon
|-damage|p1a: Luck|91/100|[from] item: Life Orb
|move|p2a: Gholdengo|Nasty Plot|p2a: Gholdengo
|-boost|p2a: Gholdengo|spa|2
|
|upkeep
|turn|15
|
|t:|1779613040
|switch|p1a: Noelle|Primarina, F, tera:Fire|100/100
|move|p2a: Gholdengo|Recover|p2a: Gholdengo
|-heal|p2a: Gholdengo|71/100
|
|-sideend|p1: flaresun3|move: Light Screen
|upkeep
|turn|16
|
|t:|1779613053
|move|p2a: Gholdengo|Shadow Ball|p1a: Noelle
|-damage|p1a: Noelle|27/100
|move|p1a: Noelle|Light Screen|p1a: Noelle
|-sidestart|p1: flaresun3|move: Light Screen
|
|-sideend|p1: flaresun3|Reflect
|upkeep
|turn|17
|
|t:|1779613063
|switch|p1a: Magna|Cinderace, M|54/100
|move|p2a: Gholdengo|Shadow Ball|p1a: Magna
|-damage|p1a: Magna|0 fnt
|faint|p1a: Magna
|
|upkeep
|
|t:|1779613069
|switch|p1a: Luck|Pawmot, M|91/100
|turn|18
|c|☆Ghostofkd|??
|c|☆Ghostofkd|What are you doing
|c|☆flaresun3|idk
|
|t:|1779613089
|move|p1a: Luck|Double Shock|p2a: Gholdengo
|-damage|p2a: Gholdengo|0 fnt
|-start|p1a: Luck|typechange|???/Fighting|[from] move: Double Shock
|faint|p2a: Gholdengo
|-damage|p1a: Luck|81/100|[from] item: Life Orb
|
|upkeep
|
|t:|1779613093
|switch|p2a: Great Tusk|Great Tusk|100/100
|turn|19
|
|t:|1779613104
|switch|p1a: Noelle|Primarina, F, tera:Fire|27/100
|move|p2a: Great Tusk|Headlong Rush|p1a: Noelle
|-supereffective|p1a: Noelle
|-damage|p1a: Noelle|0 fnt
|-unboost|p2a: Great Tusk|def|1
|-unboost|p2a: Great Tusk|spd|1
|faint|p1a: Noelle
|
|upkeep
|
|t:|1779613109
|switch|p1a: Luck|Pawmot, M|81/100
|turn|20
|
|t:|1779613115
|move|p1a: Luck|Fake Out|p2a: Great Tusk
|-damage|p2a: Great Tusk|84/100
|-damage|p1a: Luck|71/100|[from] item: Life Orb
|cant|p2a: Great Tusk|flinch
|
|upkeep
|turn|21
|
|t:|1779613118
|move|p1a: Luck|Close Combat|p2a: Great Tusk
|-damage|p2a: Great Tusk|14/100
|-unboost|p1a: Luck|def|1
|-unboost|p1a: Luck|spd|1
|-damage|p1a: Luck|61/100|[from] item: Life Orb
|move|p2a: Great Tusk|Headlong Rush|p1a: Luck
|-supereffective|p1a: Luck
|-damage|p1a: Luck|0 fnt
|-unboost|p2a: Great Tusk|def|1
|-unboost|p2a: Great Tusk|spd|1
|faint|p1a: Luck
|
|win|Ghostofkd
|raw|flaresun3's rating: 1292 &rarr; <strong>1264</strong><br />(-28 for losing)
|raw|Ghostofkd's rating: 1256 &rarr; <strong>1284</strong><br />(+28 for winning)
|c|☆flaresun3|gg
|l|☆flaresun3
|player|p1|
|l|☆Ghostofkd
|player|p2|
