|j|☆oseimak000
|j|☆Yujiro_Jamon
|t:|1779650272
|gametype|singles
|player|p1|oseimak000|hilbert|1297
|player|p2|Yujiro_Jamon|alder|1415
|gen|9
|tier|[Gen 9] OU
|rated|
|rule|HP Percentage Mod: HP is shown in percentages
|rule|Endless Battle Clause: Forcing endless battles is banned
|rule|Species Clause: Limit one of each Pokémon
|rule|OHKO Clause: OHKO moves are banned
|rule|Evasion Items Clause: Evasion items are banned
|rule|Evasion Moves Clause: Evasion moves are banned
|rule|Evasion Abilities Clause: Evasion abilities are banned
|rule|Sleep Moves Clause: Sleep-inducing moves are banned
|clearpoke
|poke|p1|Ceruledge, M|
|poke|p1|Greninja-*, M|
|poke|p1|Blaziken, M|
|poke|p1|Ogerpon-Wellspring, F|
|poke|p1|Dragonite, F|
|poke|p1|Lucario, M|
|poke|p2|Alomomola, F|
|poke|p2|Conkeldurr, M|
|poke|p2|Corviknight, F|
|poke|p2|Zapdos|
|poke|p2|Clefable, F|
|poke|p2|Blaziken, F|
|teampreview
|inactive|Battle timer is ON: inactive players will automatically lose when time's up. (requested by oseimak000)
|c|☆oseimak000|gg
|c|☆oseimak000|gg
|c|☆oseimak000|gg
|c|☆oseimak000|gg
|
|t:|1779650310
|teamsize|p1|6
|teamsize|p2|6
|start
|switch|p1a: Ogerpon|Ogerpon-Wellspring, F|100/100
|switch|p2a: Conkeldurr|Conkeldurr, M|100/100
|turn|1
|c|☆oseimak000|gg
|c|☆oseimak000|gg
|
|t:|1779650321
|-terastallize|p1a: Ogerpon|Water
|detailschange|p1a: Ogerpon|Ogerpon-Wellspring-Tera, F, tera:Water
|-ability|p1a: Ogerpon|Embody Aspect (Wellspring)|boost
|-boost|p1a: Ogerpon|spd|1
|move|p1a: Ogerpon|Swords Dance|p1a: Ogerpon
|-boost|p1a: Ogerpon|atk|2
|move|p2a: Conkeldurr|Drain Punch|p1a: Ogerpon
|-crit|p1a: Ogerpon
|-damage|p1a: Ogerpon|9/100
|
|upkeep
|turn|2
|c|☆oseimak000|give up
|inactive|Yujiro_Jamon has 120 seconds left.
|c|☆oseimak000|op
|
|t:|1779650362
|move|p2a: Conkeldurr|Mach Punch|p1a: Ogerpon
|-damage|p1a: Ogerpon|0 fnt
|faint|p1a: Ogerpon
|detailschange|p1: Ogerpon|Ogerpon-Wellspring, F|[silent]
|
|upkeep
|
|t:|1779650366
|switch|p1a: Ceruledge|Ceruledge, M|100/100
|turn|3
|inactive|Yujiro_Jamon has 120 seconds left.
|
|t:|1779650372
|move|p1a: Ceruledge|Swords Dance|p1a: Ceruledge
|-boost|p1a: Ceruledge|atk|2
|move|p2a: Conkeldurr|Knock Off|p1a: Ceruledge
|-supereffective|p1a: Ceruledge
|-enditem|p1a: Ceruledge|Focus Sash
|-damage|p1a: Ceruledge|1/100
|-ability|p1a: Ceruledge|Weak Armor|boost
|-unboost|p1a: Ceruledge|def|1
|-boost|p1a: Ceruledge|spe|2
|
|upkeep
|turn|4
|inactive|Yujiro_Jamon has 120 seconds left.
|
|t:|1779650385
|switch|p2a: Alomomola|Alomomola, F|100/100
|move|p1a: Ceruledge|Bitter Blade|p2a: Alomomola
|-resisted|p2a: Alomomola
|-damage|p2a: Alomomola|76/100
|-heal|p1a: Ceruledge|24/100|[from] drain|[of] p2a: Alomomola
|-damage|p1a: Ceruledge|7/100|[from] item: Rocky Helmet|[of] p2a: Alomomola
|
|upkeep
|turn|5
|
|t:|1779650394
|move|p1a: Ceruledge|Close Combat|p2a: Alomomola
|-damage|p2a: Alomomola|34/100
|-unboost|p1a: Ceruledge|def|1
|-unboost|p1a: Ceruledge|spd|1
|-damage|p1a: Ceruledge|0 fnt|[from] item: Rocky Helmet|[of] p2a: Alomomola
|faint|p1a: Ceruledge
|move|p2a: Alomomola|Flip Turn|p1: Ceruledge|[notarget]
|-fail|p2a: Alomomola
|
|upkeep
|
|t:|1779650407
|switch|p1a: Blaziken|Blaziken, M, shiny|100/100
|turn|6
|
|t:|1779650420
|move|p1a: Blaziken|Swords Dance|p1a: Blaziken
|-boost|p1a: Blaziken|atk|2
|move|p2a: Alomomola|Flip Turn|p1a: Blaziken
|-supereffective|p1a: Blaziken
|-damage|p1a: Blaziken|49/100
|inactive|Yujiro_Jamon has 120 seconds left.
|
|t:|1779650458
|switch|p2a: Conkeldurr|Conkeldurr, M|100/100|[from] Flip Turn
|
|-ability|p1a: Blaziken|Speed Boost|boost
|-boost|p1a: Blaziken|spe|1
|upkeep
|turn|7
|
|t:|1779650473
|move|p1a: Blaziken|Detect|p1a: Blaziken
|-singleturn|p1a: Blaziken|Protect
|move|p2a: Conkeldurr|Mach Punch|p1a: Blaziken
|-activate|p1a: Blaziken|move: Protect
|
|-ability|p1a: Blaziken|Speed Boost|boost
|-boost|p1a: Blaziken|spe|1
|upkeep
|turn|8
|
|t:|1779650481
|move|p2a: Conkeldurr|Mach Punch|p1a: Blaziken
|-damage|p1a: Blaziken|13/100
|move|p1a: Blaziken|Close Combat|p2a: Conkeldurr
|-damage|p2a: Conkeldurr|0 fnt
|-unboost|p1a: Blaziken|def|1
|-unboost|p1a: Blaziken|spd|1
|faint|p2a: Conkeldurr
|
|-ability|p1a: Blaziken|Speed Boost|boost
|-boost|p1a: Blaziken|spe|1
|upkeep
|
|t:|1779650488
|switch|p2a: Corviknight|Corviknight, F|100/100
|-ability|p2a: Corviknight|Pressure
|turn|9
|
|t:|1779650495
|move|p1a: Blaziken|Close Combat|p2a: Corviknight
|-damage|p2a: Corviknight|30/100
|-unboost|p1a: Blaziken|def|1
|-unboost|p1a: Blaziken|spd|1
|-damage|p1a: Blaziken|0 fnt|[from] item: Rocky Helmet|[of] p2a: Corviknight
|faint|p1a: Blaziken
|move|p2a: Corviknight|Roost|p2a: Corviknight
|-heal|p2a: Corviknight|80/100
|-singleturn|p2a: Corviknight|move: Roost
|
|upkeep
|
|t:|1779650505
|switch|p1a: Lucario|Lucario, M, shiny|100/100
|turn|10
|
|t:|1779650514
|switch|p2a: Zapdos|Zapdos|100/100
|-ability|p2a: Zapdos|Pressure
|move|p1a: Lucario|Swords Dance|p1a: Lucario
|-boost|p1a: Lucario|atk|2
|
|upkeep
|turn|11
|
|t:|1779650523
|move|p1a: Lucario|Swords Dance|p1a: Lucario
|-boost|p1a: Lucario|atk|2
|move|p2a: Zapdos|Heat Wave|p1a: Lucario|[miss]
|-miss|p2a: Zapdos|p1a: Lucario
|
|upkeep
|turn|12
|
|t:|1779650533
|move|p1a: Lucario|Meteor Mash|p2a: Zapdos
|-resisted|p2a: Zapdos
|-damage|p2a: Zapdos|24/100
|move|p2a: Zapdos|Heat Wave|p1a: Lucario
|-supereffective|p1a: Lucario
|-enditem|p1a: Lucario|Focus Sash
|-damage|p1a: Lucario|1/100
|-status|p1a: Lucario|brn
|-damage|p2a: Zapdos|14/100|[from] item: Life Orb
|
|-damage|p1a: Lucario|0 fnt|[from] brn
|faint|p1a: Lucario
|upkeep
|
|t:|1779650545
|switch|p1a: Greninja|Greninja, M|100/100
|turn|13
|
|t:|1779650549
|switch|p2a: Clefable|Clefable, F|100/100
|move|p1a: Greninja|Ice Beam|p2a: Clefable
|-damage|p2a: Clefable|83/100
|-status|p2a: Clefable|frz
|
|-heal|p2a: Clefable|89/100 frz|[from] item: Leftovers
|upkeep
|turn|14
|
|t:|1779650567
|move|p1a: Greninja|Sludge Wave|p2a: Clefable
|-supereffective|p2a: Clefable
|-damage|p2a: Clefable|53/100 frz
|cant|p2a: Clefable|frz
|
|-heal|p2a: Clefable|59/100 frz|[from] item: Leftovers
|upkeep
|turn|15
|
|t:|1779650573
|-terastallize|p2a: Clefable|Steel
|move|p1a: Greninja|Sludge Wave|p2a: Clefable
|-immune|p2a: Clefable
|cant|p2a: Clefable|frz
|
|-heal|p2a: Clefable|65/100 frz|[from] item: Leftovers
|upkeep
|turn|16
|
|t:|1779650588
|move|p1a: Greninja|Hydro Pump|p2a: Clefable
|-damage|p2a: Clefable|31/100 frz
|cant|p2a: Clefable|frz
|
|-heal|p2a: Clefable|37/100 frz|[from] item: Leftovers
|upkeep
|turn|17
|
|t:|1779650595
|move|p1a: Greninja|Hydro Pump|p2a: Clefable
|-damage|p2a: Clefable|7/100 frz
|cant|p2a: Clefable|frz
|
|-heal|p2a: Clefable|13/100 frz|[from] item: Leftovers
|upkeep
|turn|18
|
|t:|1779650601
|switch|p2a: Alomomola|Alomomola, F|67/100
|move|p1a: Greninja|Dark Pulse|p2a: Alomomola
|-damage|p2a: Alomomola|24/100
|
|upkeep
|turn|19
|
|t:|1779650607
|move|p2a: Alomomola|Protect|p2a: Alomomola
|-singleturn|p2a: Alomomola|Protect
|move|p1a: Greninja|Dark Pulse|p2a: Alomomola
|-activate|p2a: Alomomola|move: Protect
|
|upkeep
|turn|20
|
|t:|1779650613
|move|p1a: Greninja|Dark Pulse|p2a: Alomomola
|-damage|p2a: Alomomola|0 fnt
|faint|p2a: Alomomola
|-ability|p1a: Greninja|Battle Bond|boost
|-boost|p1a: Greninja|atk|1
|-boost|p1a: Greninja|spa|1
|-boost|p1a: Greninja|spe|1
|-activate|p1a: Greninja|ability: Battle Bond
|
|upkeep
|
|t:|1779650617
|switch|p2a: Blaziken|Blaziken, F|100/100
|turn|21
|
|t:|1779650622
|move|p2a: Blaziken|Protect|p2a: Blaziken
|-singleturn|p2a: Blaziken|Protect
|move|p1a: Greninja|Hydro Pump|p2a: Blaziken
|-activate|p2a: Blaziken|move: Protect
|
|-ability|p2a: Blaziken|Speed Boost|boost
|-boost|p2a: Blaziken|spe|1
|upkeep
|turn|22
|
|t:|1779650629
|move|p1a: Greninja|Hydro Pump|p2a: Blaziken
|-supereffective|p2a: Blaziken
|-damage|p2a: Blaziken|0 fnt
|faint|p2a: Blaziken
|
|upkeep
|c|☆Yujiro_Jamon|Haxer
|c|☆Yujiro_Jamon|Lucky guy
|c|☆Yujiro_Jamon|Son of a bitch
|-message|Yujiro_Jamon forfeited.
|
|win|oseimak000
