|j|‽wlr26_
|j|☆diegotrivium
|t:|1779686718
|gametype|singles
|player|p1|wlr26_|102|1160
|player|p2|diegotrivium|102|1111
|gen|9
|tier|[Gen 9] OU
|rated|
|rule|HP Percentage Mod: HP is shown in percentages
|rule|Endless Battle Clause: Forcing endless battles is banned
|rule|Species Clause: Limit one of each Pokémon
|rule|OHKO Clause: OHKO moves are banned
|rule|Evasion Items Clause: Evasion items are banned
|rule|Evasion Moves Clause: Evasion moves are banned
|rule|Evasion Abilities Clause: Evasion abilities are banned
|rule|Sleep Moves Clause: Sleep-inducing moves are banned
|clearpoke
|poke|p1|Rillaboom, M|
|poke|p1|Gholdengo|
|poke|p1|Hawlucha, F|
|poke|p1|Landorus-Therian, M|
|poke|p1|Kyurem|
|poke|p1|Samurott-Hisui, F|
|poke|p2|Conkeldurr, M|
|poke|p2|Fezandipiti, M|
|poke|p2|Serperior, F|
|poke|p2|Rotom-Wash|
|poke|p2|Incineroar, M|
|poke|p2|Cloyster, F|
|teampreview
|
|t:|1779686739
|teamsize|p1|6
|teamsize|p2|6
|start
|switch|p1a: Landorus|Landorus-Therian, M|100/100
|switch|p2a: Rotom|Rotom-Wash|100/100
|-ability|p1a: Landorus|Intimidate|boost
|-unboost|p2a: Rotom|atk|1
|turn|1
|inactive|Battle timer is ON: inactive players will automatically lose when time's up. (requested by wlr26_)
|
|t:|1779686755
|move|p1a: Landorus|U-turn|p2a: Rotom
|-damage|p2a: Rotom|70/100
|
|t:|1779686758
|switch|p1a: Rillaboom|Rillaboom, M|100/100|[from] U-turn
|-fieldstart|move: Grassy Terrain|[from] ability: Grassy Surge|[of] p1a: Rillaboom
|move|p2a: Rotom|Will-O-Wisp|p1a: Rillaboom
|-status|p1a: Rillaboom|brn
|
|-heal|p2a: Rotom|76/100|[from] item: Leftovers
|-damage|p1a: Rillaboom|94/100 brn|[from] brn
|upkeep
|turn|2
|inactive|diegotrivium has 120 seconds left.
|
|t:|1779686795
|switch|p2a: Incineroar|Incineroar, M|100/100
|-ability|p2a: Incineroar|Intimidate|boost
|-unboost|p1a: Rillaboom|atk|1
|move|p1a: Rillaboom|Knock Off|p2a: Incineroar
|-resisted|p2a: Incineroar
|-damage|p2a: Incineroar|93/100
|-enditem|p2a: Incineroar|Heavy-Duty Boots|[from] move: Knock Off|[of] p1a: Rillaboom
|-damage|p1a: Rillaboom|84/100 brn|[from] item: Life Orb
|
|-heal|p1a: Rillaboom|91/100 brn|[from] Grassy Terrain
|-heal|p2a: Incineroar|99/100|[from] Grassy Terrain
|-damage|p1a: Rillaboom|84/100 brn|[from] brn
|upkeep
|turn|3
|inactive|diegotrivium has 120 seconds left.
|
|t:|1779686823
|switch|p1a: Samurott|Samurott-Hisui, F|100/100
|move|p2a: Incineroar|U-turn|p1a: Samurott
|-supereffective|p1a: Samurott
|-damage|p1a: Samurott|63/100
|
|t:|1779686840
|switch|p2a: Cloyster|Cloyster, F|100/100|[from] U-turn
|
|-heal|p1a: Samurott|69/100|[from] Grassy Terrain
|upkeep
|turn|4
|
|t:|1779686848
|move|p2a: Cloyster|Shell Smash|p2a: Cloyster
|-unboost|p2a: Cloyster|def|1
|-unboost|p2a: Cloyster|spd|1
|-boost|p2a: Cloyster|atk|2
|-boost|p2a: Cloyster|spa|2
|-boost|p2a: Cloyster|spe|2
|move|p1a: Samurott|Knock Off|p2a: Cloyster
|-damage|p2a: Cloyster|47/100
|-enditem|p2a: Cloyster|Lum Berry|[from] move: Knock Off|[of] p1a: Samurott
|
|-heal|p2a: Cloyster|53/100|[from] Grassy Terrain
|-heal|p1a: Samurott|75/100|[from] Grassy Terrain
|upkeep
|turn|5
|l|☆diegotrivium
|inactive|diegotrivium disconnected and has a minute to reconnect!
|player|p2|
|inactive|diegotrivium has 30 seconds to reconnect!
|j|☆diegotrivium
|inactive|diegotrivium reconnected and has 70 seconds left.
|player|p2|diegotrivium|102|
|inactive|diegotrivium has 60 seconds left.
|
|t:|1779686907
|move|p1a: Samurott|Sucker Punch|p2a: Cloyster
|-damage|p2a: Cloyster|13/100
|move|p2a: Cloyster|Rock Blast|p1a: Samurott
|-damage|p1a: Samurott|61/100
|-damage|p1a: Samurott|45/100
|-damage|p1a: Samurott|31/100
|-damage|p1a: Samurott|15/100
|-damage|p1a: Samurott|0 fnt
|faint|p1a: Samurott
|-hitcount|p1: Samurott|5
|
|-heal|p2a: Cloyster|19/100|[from] Grassy Terrain
|-fieldend|move: Grassy Terrain
|upkeep
|
|t:|1779686930
|switch|p1a: Rillaboom|Rillaboom, M|84/100 brn
|-fieldstart|move: Grassy Terrain|[from] ability: Grassy Surge|[of] p1a: Rillaboom
|turn|6
|
|t:|1779686937
|move|p1a: Rillaboom|Grassy Glide|p2a: Cloyster
|-supereffective|p2a: Cloyster
|-damage|p2a: Cloyster|0 fnt
|faint|p2a: Cloyster
|-damage|p1a: Rillaboom|74/100 brn|[from] item: Life Orb
|
|-heal|p1a: Rillaboom|81/100 brn|[from] Grassy Terrain
|-damage|p1a: Rillaboom|74/100 brn|[from] brn
|upkeep
|l|☆diegotrivium
|inactive|diegotrivium disconnected and has a minute to reconnect!
|player|p2|
|j|☆diegotrivium
|inactive|diegotrivium reconnected and has 50 seconds left.
|player|p2|diegotrivium|102|
|inactive|diegotrivium has 30 seconds left.
|
|t:|1779686989
|switch|p2a: Conkeldurr|Conkeldurr, M|100/100
|turn|7
|
|t:|1779687002
|move|p1a: Rillaboom|Knock Off|p2a: Conkeldurr
|-resisted|p2a: Conkeldurr
|-damage|p2a: Conkeldurr|89/100
|-enditem|p2a: Conkeldurr|Assault Vest|[from] move: Knock Off|[of] p1a: Rillaboom
|-damage|p1a: Rillaboom|64/100 brn|[from] item: Life Orb
|move|p2a: Conkeldurr|Knock Off|p1a: Rillaboom
|-damage|p1a: Rillaboom|22/100 brn
|-enditem|p1a: Rillaboom|Life Orb|[from] move: Knock Off|[of] p2a: Conkeldurr
|
|-heal|p1a: Rillaboom|29/100 brn|[from] Grassy Terrain
|-heal|p2a: Conkeldurr|95/100|[from] Grassy Terrain
|-damage|p1a: Rillaboom|22/100 brn|[from] brn
|upkeep
|turn|8
|
|t:|1779687016
|switch|p1a: Landorus|Landorus-Therian, M|100/100
|-ability|p1a: Landorus|Intimidate|boost
|-unboost|p2a: Conkeldurr|atk|1
|move|p2a: Conkeldurr|Knock Off|p1a: Landorus
|-damage|p1a: Landorus|77/100
|-damage|p2a: Conkeldurr|79/100|[from] item: Rocky Helmet|[of] p1a: Landorus
|-enditem|p1a: Landorus|Rocky Helmet|[from] move: Knock Off|[of] p2a: Conkeldurr
|
|-heal|p2a: Conkeldurr|85/100|[from] Grassy Terrain
|upkeep
|turn|9
|inactive|diegotrivium has 30 seconds left.
|
|t:|1779687033
|switch|p2a: Rotom|Rotom-Wash|76/100
|move|p1a: Landorus|Stealth Rock|p2a: Rotom
|-sidestart|p2: diegotrivium|move: Stealth Rock
|
|-heal|p2a: Rotom|82/100|[from] item: Leftovers
|upkeep
|turn|10
|inactive|diegotrivium has 30 seconds left.
|
|t:|1779687046
|move|p1a: Landorus|Taunt|p2a: Rotom
|-start|p2a: Rotom|move: Taunt
|move|p2a: Rotom|Dark Pulse|p1a: Landorus
|-damage|p1a: Landorus|49/100
|
|-heal|p2a: Rotom|88/100|[from] item: Leftovers
|-fieldend|move: Grassy Terrain
|upkeep
|turn|11
|inactive|diegotrivium has 30 seconds left.
|
|t:|1779687057
|move|p1a: Landorus|U-turn|p2a: Rotom
|-damage|p2a: Rotom|57/100
|
|t:|1779687060
|switch|p1a: Rillaboom|Rillaboom, M|22/100 brn|[from] U-turn
|-fieldstart|move: Grassy Terrain|[from] ability: Grassy Surge|[of] p1a: Rillaboom
|move|p2a: Rotom|Hydro Pump|p1a: Rillaboom
|-resisted|p1a: Rillaboom
|-damage|p1a: Rillaboom|0 fnt
|faint|p1a: Rillaboom
|
|-heal|p2a: Rotom|64/100|[from] item: Leftovers
|upkeep
|
|t:|1779687084
|switch|p1a: Kyurem|Kyurem|100/100
|-ability|p1a: Kyurem|Pressure
|turn|12
|l|☆diegotrivium
|inactive|diegotrivium disconnected and has a minute to reconnect!
|player|p2|
|inactive|diegotrivium has 30 seconds left.
|inactive|diegotrivium has 20 seconds left.
|j|☆diegotrivium
|inactive|diegotrivium reconnected and has 20 seconds left.
|player|p2|diegotrivium|102|
|inactive|diegotrivium has 15 seconds left.
|
|t:|1779687121
|move|p1a: Kyurem|Freeze-Dry|p2a: Rotom
|-supereffective|p2a: Rotom
|-damage|p2a: Rotom|0 fnt
|faint|p2a: Rotom
|
|upkeep
|inactive|diegotrivium has 20 seconds left this turn.
|inactive|diegotrivium has 15 seconds left.
|inactive|diegotrivium has 10 seconds left.
|
|t:|1779687132
|switch|p2a: Conkeldurr|Conkeldurr, M|85/100
|-damage|p2a: Conkeldurr|79/100|[from] Stealth Rock
|turn|13
|inactive|diegotrivium has 20 seconds left this turn.
|inactive|diegotrivium has 15 seconds left.
|
|t:|1779687138
|switch|p1a: Hawlucha|Hawlucha, F|100/100
|-enditem|p1a: Hawlucha|Grassy Seed
|-boost|p1a: Hawlucha|def|1|[from] item: Grassy Seed
|move|p2a: Conkeldurr|Poison Jab|p1a: Hawlucha
|-damage|p1a: Hawlucha|71/100
|
|-heal|p2a: Conkeldurr|85/100|[from] Grassy Terrain
|upkeep
|turn|14
|inactive|diegotrivium has 25 seconds left this turn.
|inactive|diegotrivium has 20 seconds left.
|inactive|diegotrivium has 15 seconds left.
|
|t:|1779687149
|switch|p2a: Fezandipiti|Fezandipiti, M|100/100
|-damage|p2a: Fezandipiti|88/100|[from] Stealth Rock
|move|p1a: Hawlucha|Swords Dance|p1a: Hawlucha
|-boost|p1a: Hawlucha|atk|2
|
|-heal|p2a: Fezandipiti|94/100|[from] Grassy Terrain
|-heal|p2a: Fezandipiti|99/100|[from] item: Black Sludge
|upkeep
|turn|15
|inactive|diegotrivium has 25 seconds left this turn.
|inactive|diegotrivium has 20 seconds left.
|inactive|diegotrivium has 15 seconds left.
|l|☆diegotrivium
|inactive|diegotrivium disconnected and has a minute to reconnect!
|player|p2|
|inactive|diegotrivium has 10 seconds left.
|inactive|diegotrivium has 5 seconds left.
|-message|diegotrivium lost due to inactivity.
|
|win|wlr26_
|raw|wlr26_'s rating: 1160 &rarr; <strong>1181</strong><br />(+21 for winning)
|raw|diegotrivium's rating: 1111 &rarr; <strong>1090</strong><br />(-21 for losing)
|j|☆diegotrivium
|player|p2|diegotrivium|102|
|l|‽wlr26_
|player|p1|
|l|☆diegotrivium
|player|p2|
