|j|☆mastermar22
|j|☆Luisowbro
|t:|1779619078
|gametype|singles
|player|p1|mastermar22|volkner|1367
|player|p2|Luisowbro|ingo|1333
|gen|9
|tier|[Gen 9] OU
|rated|
|rule|HP Percentage Mod: HP is shown in percentages
|rule|Endless Battle Clause: Forcing endless battles is banned
|rule|Species Clause: Limit one of each Pokémon
|rule|OHKO Clause: OHKO moves are banned
|rule|Evasion Items Clause: Evasion items are banned
|rule|Evasion Moves Clause: Evasion moves are banned
|rule|Evasion Abilities Clause: Evasion abilities are banned
|rule|Sleep Moves Clause: Sleep-inducing moves are banned
|clearpoke
|poke|p1|Dragapult, M|
|poke|p1|Gliscor, F|
|poke|p1|Ogerpon-Wellspring, F|
|poke|p1|Iron Crown|
|poke|p1|Ting-Lu|
|poke|p1|Kingambit, F|
|poke|p2|Haxorus, M|
|poke|p2|Moltres-Galar|
|poke|p2|Mamoswine, M|
|poke|p2|Scizor, M|
|poke|p2|Volcanion|
|poke|p2|Ninetales-Alola, F|
|teampreview
|inactive|Battle timer is ON: inactive players will automatically lose when time's up. (requested by mastermar22)
|
|t:|1779619096
|teamsize|p1|6
|teamsize|p2|6
|start
|switch|p1a: Ogerpon|Ogerpon-Wellspring, F|100/100
|switch|p2a: Volcanion|Volcanion|100/100
|turn|1
|
|t:|1779619114
|switch|p1a: Ting-Lu|Ting-Lu|100/100
|-ability|p1a: Ting-Lu|Vessel of Ruin
|move|p2a: Volcanion|Sludge Bomb|p1a: Ting-Lu
|-resisted|p1a: Ting-Lu
|-damage|p1a: Ting-Lu|92/100
|-status|p1a: Ting-Lu|psn
|
|-damage|p1a: Ting-Lu|79/100 psn|[from] psn
|upkeep
|turn|2
|
|t:|1779619125
|switch|p1a: Ogerpon|Ogerpon-Wellspring, F|100/100
|move|p2a: Volcanion|Steam Eruption|p1a: Ogerpon
|-immune|p1a: Ogerpon|[from] ability: Water Absorb
|
|upkeep
|turn|3
|
|t:|1779619132
|switch|p1a: Gliscor|Gliscor, F|100/100
|move|p2a: Volcanion|Sludge Bomb|p1a: Gliscor
|-resisted|p1a: Gliscor
|-damage|p1a: Gliscor|85/100
|-status|p1a: Gliscor|psn
|
|-heal|p1a: Gliscor|97/100 psn|[from] ability: Poison Heal
|upkeep
|turn|4
|
|t:|1779619141
|move|p1a: Gliscor|Toxic|p2a: Volcanion
|-status|p2a: Volcanion|tox
|move|p2a: Volcanion|Steam Eruption|p1a: Gliscor
|-supereffective|p1a: Gliscor
|-damage|p1a: Gliscor|0 fnt
|faint|p1a: Gliscor
|
|-damage|p2a: Volcanion|94/100 tox|[from] psn
|upkeep
|
|t:|1779619151
|switch|p1a: Dragapult|Dragapult, M|100/100
|turn|5
|
|t:|1779619161
|switch|p2a: Ninetales|Ninetales-Alola, F, shiny|100/100
|-weather|Snowscape|[from] ability: Snow Warning|[of] p2a: Ninetales
|move|p1a: Dragapult|Hex|p2a: Ninetales
|-damage|p2a: Ninetales|73/100
|
|-weather|Snowscape|[upkeep]
|upkeep
|turn|6
|
|t:|1779619170
|move|p1a: Dragapult|U-turn|p2a: Ninetales
|-resisted|p2a: Ninetales
|-damage|p2a: Ninetales|65/100
|
|t:|1779619172
|switch|p1a: Ting-Lu|Ting-Lu|79/100 psn|[from] U-turn
|-ability|p1a: Ting-Lu|Vessel of Ruin
|move|p2a: Ninetales|Aurora Veil|p2a: Ninetales
|-sidestart|p2: Luisowbro|move: Aurora Veil
|
|-weather|Snowscape|[upkeep]
|-damage|p1a: Ting-Lu|67/100 psn|[from] psn
|upkeep
|turn|7
|
|t:|1779619184
|switch|p2a: Volcanion|Volcanion|94/100 tox
|move|p1a: Ting-Lu|Stealth Rock|p2a: Volcanion
|-sidestart|p2: Luisowbro|move: Stealth Rock
|
|-weather|Snowscape|[upkeep]
|-damage|p1a: Ting-Lu|54/100 psn|[from] psn
|-damage|p2a: Volcanion|88/100 tox|[from] psn
|upkeep
|turn|8
|
|t:|1779619197
|move|p1a: Ting-Lu|Ruination|p2a: Volcanion
|-damage|p2a: Volcanion|45/100 tox
|move|p2a: Volcanion|Sludge Bomb|p1a: Ting-Lu
|-resisted|p1a: Ting-Lu
|-damage|p1a: Ting-Lu|46/100 psn
|
|-weather|Snowscape|[upkeep]
|-damage|p1a: Ting-Lu|33/100 psn|[from] psn
|-damage|p2a: Volcanion|32/100 tox|[from] psn
|upkeep
|turn|9
|
|t:|1779619209
|move|p1a: Ting-Lu|Ruination|p2a: Volcanion
|-damage|p2a: Volcanion|16/100 tox
|move|p2a: Volcanion|Earth Power|p1a: Ting-Lu
|-damage|p1a: Ting-Lu|16/100 psn
|
|-weather|none
|-damage|p1a: Ting-Lu|3/100 psn|[from] psn
|-damage|p2a: Volcanion|0 fnt|[from] psn
|faint|p2a: Volcanion
|upkeep
|
|t:|1779619224
|switch|p2a: Scizor|Scizor, M|100/100
|-damage|p2a: Scizor|88/100|[from] Stealth Rock
|turn|10
|
|t:|1779619230
|move|p1a: Ting-Lu|Ruination|p2a: Scizor
|-damage|p2a: Scizor|45/100
|move|p2a: Scizor|Defog|p1a: Ting-Lu
|-unboost|p1a: Ting-Lu|evasion|1
|-sideend|p2: Luisowbro|Stealth Rock|[from] move: Defog|[of] p2a: Scizor
|
|-damage|p1a: Ting-Lu|0 fnt|[from] psn
|faint|p1a: Ting-Lu
|upkeep
|
|t:|1779619245
|switch|p1a: Dragapult|Dragapult, M|100/100
|turn|11
|
|t:|1779619251
|switch|p2a: Ninetales|Ninetales-Alola, F, shiny|65/100
|-weather|Snowscape|[from] ability: Snow Warning|[of] p2a: Ninetales
|move|p1a: Dragapult|Will-O-Wisp|p2a: Ninetales
|-status|p2a: Ninetales|brn
|
|-weather|Snowscape|[upkeep]
|-damage|p2a: Ninetales|59/100 brn|[from] brn
|upkeep
|turn|12
|
|t:|1779619262
|move|p1a: Dragapult|U-turn|p2a: Ninetales
|-resisted|p2a: Ninetales
|-damage|p2a: Ninetales|52/100 brn
|
|t:|1779619264
|switch|p1a: Iron Crown|Iron Crown|100/100|[from] U-turn
|-enditem|p1a: Iron Crown|Booster Energy
|-activate|p1a: Iron Crown|ability: Quark Drive|[fromitem]
|-start|p1a: Iron Crown|quarkdrivespe
|move|p2a: Ninetales|Freeze-Dry|p1a: Iron Crown
|-resisted|p1a: Iron Crown
|-damage|p1a: Iron Crown|91/100
|
|-weather|Snowscape|[upkeep]
|-damage|p2a: Ninetales|45/100 brn|[from] brn
|upkeep
|turn|13
|
|t:|1779619276
|switch|p2a: Moltres|Moltres-Galar, shiny|100/100
|move|p1a: Iron Crown|Calm Mind|p1a: Iron Crown
|-boost|p1a: Iron Crown|spa|1
|-boost|p1a: Iron Crown|spd|1
|
|-weather|Snowscape|[upkeep]
|-sideend|p2: Luisowbro|move: Aurora Veil
|upkeep
|turn|14
|
|t:|1779619284
|move|p1a: Iron Crown|Tachyon Cutter|p2a: Moltres
|-damage|p2a: Moltres|74/100
|-damage|p2a: Moltres|50/100
|-enditem|p2a: Moltres|Sitrus Berry|[eat]
|-heal|p2a: Moltres|75/100|[from] item: Sitrus Berry
|-hitcount|p2a: Moltres|2
|move|p2a: Moltres|Fiery Wrath|p1a: Iron Crown
|-supereffective|p1a: Iron Crown
|-damage|p1a: Iron Crown|45/100
|
|-weather|Snowscape|[upkeep]
|upkeep
|turn|15
|
|t:|1779619297
|move|p1a: Iron Crown|Tachyon Cutter|p2a: Moltres
|-damage|p2a: Moltres|50/100
|-damage|p2a: Moltres|26/100
|-hitcount|p2a: Moltres|2
|-ability|p2a: Moltres|Berserk|boost
|-boost|p2a: Moltres|spa|1
|move|p2a: Moltres|Fiery Wrath|p1a: Iron Crown
|-supereffective|p1a: Iron Crown
|-damage|p1a: Iron Crown|0 fnt
|faint|p1a: Iron Crown
|-end|p1a: Iron Crown|Quark Drive|[silent]
|
|-weather|none
|upkeep
|
|t:|1779619314
|switch|p1a: Dragapult|Dragapult, M|100/100
|turn|16
|
|t:|1779619326
|-terastallize|p2a: Moltres|Steel
|move|p1a: Dragapult|Dragon Darts|p2a: Moltres
|-resisted|p2a: Moltres
|-damage|p2a: Moltres|17/100
|-anim|p1a: Dragapult|Dragon Darts|p2a: Moltres
|-resisted|p2a: Moltres
|-damage|p2a: Moltres|7/100
|move|p2a: Moltres|Fiery Wrath|p1a: Dragapult
|-supereffective|p1a: Dragapult
|-damage|p1a: Dragapult|0 fnt
|faint|p1a: Dragapult
|
|upkeep
|
|t:|1779619331
|switch|p1a: Ogerpon|Ogerpon-Wellspring, F|100/100
|turn|17
|
|t:|1779619338
|move|p1a: Ogerpon|Ivy Cudgel|p2a: Moltres|[anim] Ivy Cudgel Water
|-damage|p2a: Moltres|0 fnt
|faint|p2a: Moltres
|
|upkeep
|
|t:|1779619348
|switch|p2a: Scizor|Scizor, M|45/100
|turn|18
|
|t:|1779619355
|move|p1a: Ogerpon|Ivy Cudgel|p2a: Scizor|[anim] Ivy Cudgel Water
|-damage|p2a: Scizor|0 fnt
|faint|p2a: Scizor
|
|upkeep
|
|t:|1779619363
|switch|p2a: Haxorus|Haxorus, M, shiny|100/100
|-ability|p2a: Haxorus|Mold Breaker
|turn|19
|
|t:|1779619370
|move|p2a: Haxorus|First Impression|p1a: Ogerpon
|-supereffective|p1a: Ogerpon
|-damage|p1a: Ogerpon|8/100
|move|p1a: Ogerpon|Knock Off|p2a: Haxorus
|-damage|p2a: Haxorus|55/100
|-enditem|p2a: Haxorus|Loaded Dice|[from] move: Knock Off|[of] p1a: Ogerpon
|
|upkeep
|turn|20
|
|t:|1779619385
|move|p1a: Ogerpon|Ivy Cudgel|p2a: Haxorus|[anim] Ivy Cudgel Water
|-resisted|p2a: Haxorus
|-damage|p2a: Haxorus|24/100
|move|p2a: Haxorus|Iron Head|p1a: Ogerpon
|-resisted|p1a: Ogerpon
|-damage|p1a: Ogerpon|0 fnt
|faint|p1a: Ogerpon
|
|upkeep
|
|t:|1779619390
|switch|p1a: Kingambit|Kingambit, F|100/100
|-activate|p1a: Kingambit|ability: Supreme Overlord
|-start|p1a: Kingambit|fallen5|[silent]
|-item|p1a: Kingambit|Air Balloon
|turn|21
|
|t:|1779619399
|switch|p2a: Ninetales|Ninetales-Alola, F, shiny|45/100 brn
|-weather|Snowscape|[from] ability: Snow Warning|[of] p2a: Ninetales
|move|p1a: Kingambit|Sucker Punch||[still]
|-fail|p1a: Kingambit
|
|-weather|Snowscape|[upkeep]
|-damage|p2a: Ninetales|39/100 brn|[from] brn
|upkeep
|turn|22
|
|t:|1779619407
|move|p2a: Ninetales|Aurora Veil|p2a: Ninetales
|-sidestart|p2: Luisowbro|move: Aurora Veil
|move|p1a: Kingambit|Kowtow Cleave|p2a: Ninetales
|-resisted|p2a: Ninetales
|-crit|p2a: Ninetales
|-damage|p2a: Ninetales|0 fnt
|faint|p2a: Ninetales
|
|-weather|Snowscape|[upkeep]
|upkeep
|
|t:|1779619415
|switch|p2a: Haxorus|Haxorus, M, shiny|24/100
|-ability|p2a: Haxorus|Mold Breaker
|turn|23
|
|t:|1779619424
|move|p2a: Haxorus|First Impression|p1a: Kingambit
|-damage|p1a: Kingambit|70/100
|-enditem|p1a: Kingambit|Air Balloon
|move|p1a: Kingambit|Kowtow Cleave|p2a: Haxorus
|-damage|p2a: Haxorus|0 fnt
|faint|p2a: Haxorus
|
|-weather|Snowscape|[upkeep]
|upkeep
|
|t:|1779619433
|switch|p2a: Mamoswine|Mamoswine, M|100/100
|turn|24
|
|t:|1779619438
|-terastallize|p1a: Kingambit|Fighting
|move|p2a: Mamoswine|Earthquake|p1a: Kingambit
|-damage|p1a: Kingambit|23/100
|move|p1a: Kingambit|Low Kick|p2a: Mamoswine
|-supereffective|p2a: Mamoswine
|-damage|p2a: Mamoswine|33/100
|
|-weather|Snowscape|[upkeep]
|upkeep
|turn|25
|
|t:|1779619448
|move|p1a: Kingambit|Sucker Punch|p2a: Mamoswine
|-damage|p2a: Mamoswine|12/100
|move|p2a: Mamoswine|Earthquake|p1a: Kingambit
|-damage|p1a: Kingambit|0 fnt
|faint|p1a: Kingambit
|-end|p1a: Kingambit|fallen5|[silent]
|
|win|Luisowbro
|raw|mastermar22's rating: 1367 &rarr; <strong>1345</strong><br />(-22 for losing)
|raw|Luisowbro's rating: 1333 &rarr; <strong>1355</strong><br />(+22 for winning)
|l|☆mastermar22
|player|p1|
|l|☆Luisowbro
|player|p2|
