|j|☆MangLe12138
|j|☆eltulaman
|t:|1779716848
|gametype|singles
|player|p1|MangLe12138|pokefan|1445
|player|p2|eltulaman|102|1473
|gen|9
|tier|[Gen 9] OU
|rated|
|rule|HP Percentage Mod: HP is shown in percentages
|rule|Endless Battle Clause: Forcing endless battles is banned
|rule|Species Clause: Limit one of each Pokémon
|rule|OHKO Clause: OHKO moves are banned
|rule|Evasion Items Clause: Evasion items are banned
|rule|Evasion Moves Clause: Evasion moves are banned
|rule|Evasion Abilities Clause: Evasion abilities are banned
|rule|Sleep Moves Clause: Sleep-inducing moves are banned
|clearpoke
|poke|p1|Scizor, F|
|poke|p1|Manaphy|
|poke|p1|Latios, M|
|poke|p1|Ogerpon, F|
|poke|p1|Iron Jugulis|
|poke|p1|Garchomp, M|
|poke|p2|Gliscor, F|
|poke|p2|Gholdengo|
|poke|p2|Samurott-Hisui, F|
|poke|p2|Blissey, F|
|poke|p2|Great Tusk|
|poke|p2|Dragapult, M|
|teampreview
|inactive|Battle timer is ON: inactive players will automatically lose when time's up. (requested by MangLe12138)
|
|t:|1779716865
|teamsize|p1|6
|teamsize|p2|6
|start
|switch|p1a: Garchomp|Garchomp, M|100/100
|switch|p2a: Dragapult|Dragapult, M|100/100
|turn|1
|
|t:|1779716887
|switch|p1a: Scizor|Scizor, F|100/100
|move|p2a: Dragapult|U-turn|p1a: Scizor
|-resisted|p1a: Scizor
|-crit|p1a: Scizor
|-damage|p1a: Scizor|88/100
|
|t:|1779716905
|switch|p2a: Gliscor|Gliscor, F|100/100|[from] U-turn
|
|-status|p2a: Gliscor|tox|[from] item: Toxic Orb
|upkeep
|turn|2
|
|t:|1779716914
|move|p2a: Gliscor|Earthquake|p1a: Scizor
|-damage|p1a: Scizor|53/100
|move|p1a: Scizor|Swords Dance|p1a: Scizor
|-boost|p1a: Scizor|atk|2
|
|upkeep
|turn|3
|
|t:|1779716922
|move|p2a: Gliscor|Earthquake|p1a: Scizor
|-damage|p1a: Scizor|22/100
|-enditem|p1a: Scizor|Sitrus Berry|[eat]
|-heal|p1a: Scizor|47/100|[from] item: Sitrus Berry
|move|p1a: Scizor|Knock Off|p2a: Gliscor
|-damage|p2a: Gliscor|44/100 tox
|-enditem|p2a: Gliscor|Toxic Orb|[from] move: Knock Off|[of] p1a: Scizor
|
|-heal|p2a: Gliscor|56/100 tox|[from] ability: Poison Heal
|upkeep
|turn|4
|
|t:|1779716937
|move|p2a: Gliscor|Earthquake|p1a: Scizor
|-damage|p1a: Scizor|14/100
|move|p1a: Scizor|Swords Dance|p1a: Scizor
|-boost|p1a: Scizor|atk|2
|
|-heal|p2a: Gliscor|69/100 tox|[from] ability: Poison Heal
|upkeep
|turn|5
|
|t:|1779716943
|move|p2a: Gliscor|Protect|p2a: Gliscor
|-singleturn|p2a: Gliscor|Protect
|move|p1a: Scizor|Bullet Punch|p2a: Gliscor
|-activate|p2a: Gliscor|move: Protect
|
|-heal|p2a: Gliscor|81/100 tox|[from] ability: Poison Heal
|upkeep
|turn|6
|
|t:|1779716949
|move|p1a: Scizor|Bullet Punch|p2a: Gliscor
|-damage|p2a: Gliscor|0 fnt
|faint|p2a: Gliscor
|
|upkeep
|
|t:|1779716953
|switch|p2a: Great Tusk|Great Tusk|100/100
|turn|7
|
|t:|1779716957
|move|p1a: Scizor|Bullet Punch|p2a: Great Tusk
|-damage|p2a: Great Tusk|38/100
|move|p2a: Great Tusk|Earthquake|p1a: Scizor
|-damage|p1a: Scizor|0 fnt
|faint|p1a: Scizor
|
|upkeep
|
|t:|1779716980
|switch|p1a: Iron Jugulis|Iron Jugulis|100/100
|-enditem|p1a: Iron Jugulis|Booster Energy
|-activate|p1a: Iron Jugulis|ability: Quark Drive|[fromitem]
|-start|p1a: Iron Jugulis|quarkdrivespe
|turn|8
|
|t:|1779716984
|-end|p2a: Great Tusk|Protosynthesis|[silent]
|switch|p2a: Blissey|Blissey, F|100/100
|move|p1a: Iron Jugulis|Hurricane|p2a: Blissey
|-damage|p2a: Blissey|84/100
|-start|p2a: Blissey|confusion
|
|upkeep
|turn|9
|
|t:|1779716991
|move|p1a: Iron Jugulis|Taunt|p2a: Blissey
|-start|p2a: Blissey|move: Taunt
|cant|p2a: Blissey|move: Taunt|Stealth Rock
|
|upkeep
|turn|10
|
|t:|1779717000
|move|p1a: Iron Jugulis|Hurricane|p2a: Blissey
|-damage|p2a: Blissey|69/100
|-activate|p2a: Blissey|confusion
|move|p2a: Blissey|Seismic Toss|p1a: Iron Jugulis
|-damage|p1a: Iron Jugulis|70/100
|
|upkeep
|turn|11
|inactive|MangLe12138 has 120 seconds left.
|
|t:|1779717040
|-end|p1a: Iron Jugulis|Quark Drive|[silent]
|switch|p1a: Latios|Latios, M|100/100
|-end|p2a: Blissey|confusion
|move|p2a: Blissey|Seismic Toss|p1a: Latios
|-damage|p1a: Latios|73/100
|
|-end|p2a: Blissey|move: Taunt
|upkeep
|turn|12
|
|t:|1779717055
|move|p1a: Latios|Agility|p1a: Latios
|-boost|p1a: Latios|spe|2
|move|p2a: Blissey|Calm Mind|p2a: Blissey
|-boost|p2a: Blissey|spa|1
|-boost|p2a: Blissey|spd|1
|
|upkeep
|turn|13
|inactive|MangLe12138 has 120 seconds left.
|
|t:|1779717065
|move|p1a: Latios|Calm Mind|p1a: Latios
|-boost|p1a: Latios|spa|1
|-boost|p1a: Latios|spd|1
|move|p2a: Blissey|Seismic Toss|p1a: Latios
|-damage|p1a: Latios|46/100
|
|upkeep
|turn|14
|inactive|MangLe12138 has 120 seconds left.
|
|t:|1779717079
|move|p1a: Latios|Calm Mind|p1a: Latios
|-boost|p1a: Latios|spa|1
|-boost|p1a: Latios|spd|1
|move|p2a: Blissey|Soft-Boiled|p2a: Blissey
|-heal|p2a: Blissey|100/100
|
|upkeep
|turn|15
|
|t:|1779717089
|move|p1a: Latios|Calm Mind|p1a: Latios
|-boost|p1a: Latios|spa|1
|-boost|p1a: Latios|spd|1
|move|p2a: Blissey|Seismic Toss|p1a: Latios
|-damage|p1a: Latios|18/100
|
|upkeep
|turn|16
|inactive|MangLe12138 has 120 seconds left.
|
|t:|1779717123
|move|p1a: Latios|Aura Sphere|p2a: Blissey
|-supereffective|p2a: Blissey
|-damage|p2a: Blissey|75/100
|move|p2a: Blissey|Seismic Toss|p1a: Latios
|-damage|p1a: Latios|0 fnt
|faint|p1a: Latios
|
|upkeep
|
|t:|1779717131
|switch|p1a: Garchomp|Garchomp, M|100/100
|turn|17
|
|t:|1779717137
|switch|p2a: Great Tusk|Great Tusk|38/100
|move|p1a: Garchomp|Earthquake|p2a: Great Tusk
|-damage|p2a: Great Tusk|7/100
|-damage|p1a: Garchomp|91/100|[from] item: Life Orb
|
|upkeep
|turn|18
|inactive|MangLe12138 has 120 seconds left.
|
|t:|1779717143
|move|p1a: Garchomp|Earthquake|p2a: Great Tusk
|-damage|p2a: Great Tusk|0 fnt
|faint|p2a: Great Tusk
|-end|p2a: Great Tusk|Protosynthesis|[silent]
|-damage|p1a: Garchomp|81/100|[from] item: Life Orb
|
|upkeep
|
|t:|1779717153
|switch|p2a: Samurott|Samurott-Hisui, F|100/100
|turn|19
|
|t:|1779717163
|move|p1a: Garchomp|Stealth Rock|p2a: Samurott
|-sidestart|p2: eltulaman|move: Stealth Rock
|move|p2a: Samurott|Ceaseless Edge|p1a: Garchomp
|-damage|p1a: Garchomp|43/100
|-damage|p2a: Samurott|88/100|[from] ability: Rough Skin|[of] p1a: Garchomp
|-sidestart|p1: MangLe12138|Spikes
|
|upkeep
|turn|20
|
|t:|1779717168
|move|p1a: Garchomp|Earthquake|p2a: Samurott
|-damage|p2a: Samurott|41/100
|-damage|p1a: Garchomp|33/100|[from] item: Life Orb
|move|p2a: Samurott|Ceaseless Edge|p1a: Garchomp
|-damage|p1a: Garchomp|0 fnt
|-damage|p2a: Samurott|29/100|[from] ability: Rough Skin|[of] p1a: Garchomp
|-sidestart|p1: MangLe12138|Spikes
|faint|p1a: Garchomp
|
|upkeep
|inactive|MangLe12138 has 120 seconds left.
|
|t:|1779717188
|switch|p1a: Ogerpon|Ogerpon, F|100/100
|-damage|p1a: Ogerpon|84/100|[from] Spikes
|turn|21
|inactive|MangLe12138 has 120 seconds left.
|
|t:|1779717199
|-terastallize|p1a: Ogerpon|Grass
|detailschange|p1a: Ogerpon|Ogerpon-Teal-Tera, F, tera:Grass
|-ability|p1a: Ogerpon|Embody Aspect (Teal)|boost
|-boost|p1a: Ogerpon|spe|1
|move|p1a: Ogerpon|Ivy Cudgel|p2a: Samurott
|-supereffective|p2a: Samurott
|-damage|p2a: Samurott|0 fnt
|faint|p2a: Samurott
|-damage|p1a: Ogerpon|74/100|[from] item: Life Orb
|
|upkeep
|
|t:|1779717206
|switch|p2a: Gholdengo|Gholdengo|100/100
|-damage|p2a: Gholdengo|94/100|[from] Stealth Rock
|turn|22
|
|t:|1779717211
|move|p1a: Ogerpon|Swords Dance|p1a: Ogerpon
|-boost|p1a: Ogerpon|atk|2
|move|p2a: Gholdengo|Make It Rain|p1a: Ogerpon
|-damage|p1a: Ogerpon|4/100
|-unboost|p2a: Gholdengo|spa|1
|
|upkeep
|turn|23
|
|t:|1779717230
|move|p1a: Ogerpon|Ivy Cudgel|p2a: Gholdengo
|-resisted|p2a: Gholdengo
|-damage|p2a: Gholdengo|0 fnt
|faint|p2a: Gholdengo
|-damage|p1a: Ogerpon|0 fnt|[from] item: Life Orb
|faint|p1a: Ogerpon
|detailschange|p1: Ogerpon|Ogerpon, F|[silent]
|
|upkeep
|inactive|MangLe12138 has 120 seconds left.
|
|t:|1779717275
|switch|p1a: Manaphy|Manaphy|100/100
|switch|p2a: Dragapult|Dragapult, M|100/100
|-damage|p2a: Dragapult|88/100|[from] Stealth Rock
|-damage|p1a: Manaphy|84/100|[from] Spikes
|turn|24
|
|t:|1779717281
|move|p2a: Dragapult|Draco Meteor|p1a: Manaphy
|-damage|p1a: Manaphy|0 fnt
|-unboost|p2a: Dragapult|spa|2
|faint|p1a: Manaphy
|
|upkeep
|
|t:|1779717284
|switch|p1a: Iron Jugulis|Iron Jugulis|70/100
|turn|25
|
|t:|1779717290
|move|p2a: Dragapult|Draco Meteor|p1a: Iron Jugulis|[miss]
|-miss|p2a: Dragapult|p1a: Iron Jugulis
|move|p1a: Iron Jugulis|Dark Pulse|p2a: Dragapult
|-supereffective|p2a: Dragapult
|-damage|p2a: Dragapult|0 fnt
|faint|p2a: Dragapult
|
|upkeep
|
|t:|1779717293
|switch|p2a: Blissey|Blissey, F|75/100
|turn|26
|
|t:|1779717301
|move|p1a: Iron Jugulis|Taunt|p2a: Blissey
|-start|p2a: Blissey|move: Taunt
|move|p2a: Blissey|Seismic Toss|p1a: Iron Jugulis
|-damage|p1a: Iron Jugulis|40/100
|
|upkeep
|turn|27
|
|t:|1779717304
|move|p1a: Iron Jugulis|Hurricane|p2a: Blissey|[miss]
|-miss|p1a: Iron Jugulis|p2a: Blissey
|move|p2a: Blissey|Seismic Toss|p1a: Iron Jugulis
|-damage|p1a: Iron Jugulis|9/100
|
|upkeep
|turn|28
|
|t:|1779717307
|move|p1a: Iron Jugulis|Hurricane|p2a: Blissey
|-crit|p2a: Blissey
|-damage|p2a: Blissey|50/100
|move|p2a: Blissey|Seismic Toss|p1a: Iron Jugulis
|-damage|p1a: Iron Jugulis|0 fnt
|faint|p1a: Iron Jugulis
|-end|p1a: Iron Jugulis|Quark Drive|[silent]
|
|win|eltulaman
|raw|MangLe12138's rating: 1445 &rarr; <strong>1427</strong><br />(-18 for losing)
|raw|eltulaman's rating: 1473 &rarr; <strong>1491</strong><br />(+18 for winning)
