|j|☆hz ataturk
|j|☆yassouy
|t:|1779649723
|gametype|singles
|player|p1|hz ataturk|1|1268
|player|p2|yassouy|265|1304
|gen|9
|tier|[Gen 9] OU
|rated|
|rule|HP Percentage Mod: HP is shown in percentages
|rule|Endless Battle Clause: Forcing endless battles is banned
|rule|Species Clause: Limit one of each Pokémon
|rule|OHKO Clause: OHKO moves are banned
|rule|Evasion Items Clause: Evasion items are banned
|rule|Evasion Moves Clause: Evasion moves are banned
|rule|Evasion Abilities Clause: Evasion abilities are banned
|rule|Sleep Moves Clause: Sleep-inducing moves are banned
|clearpoke
|poke|p1|Slowking-Galar, F|
|poke|p1|Kyurem|
|poke|p1|Ninetales-Alola, M|
|poke|p1|Regieleki|
|poke|p1|Corviknight, F|
|poke|p1|Garganacl, M|
|poke|p2|Kyurem|
|poke|p2|Corviknight, F|
|poke|p2|Rotom-Heat|
|poke|p2|Ogerpon-Wellspring, F|
|poke|p2|Gholdengo|
|poke|p2|Deoxys-Speed|
|teampreview
|inactive|Battle timer is ON: inactive players will automatically lose when time's up. (requested by hz ataturk)
|inactive|yassouy has 120 seconds left.
|
|t:|1779649767
|teamsize|p1|6
|teamsize|p2|6
|start
|switch|p1a: Ninetales|Ninetales-Alola, M|100/100
|switch|p2a: Kyurem|Kyurem|100/100
|-weather|Snowscape|[from] ability: Snow Warning|[of] p1a: Ninetales
|-ability|p2a: Kyurem|Pressure
|turn|1
|
|t:|1779649796
|move|p1a: Ninetales|Aurora Veil|p1a: Ninetales
|-sidestart|p1: hz ataturk|move: Aurora Veil
|move|p2a: Kyurem|Dragon Dance|p2a: Kyurem
|-boost|p2a: Kyurem|atk|1
|-boost|p2a: Kyurem|spe|1
|
|-weather|Snowscape|[upkeep]
|upkeep
|turn|2
|
|t:|1779649804
|move|p2a: Kyurem|Stone Edge|p1a: Ninetales
|-supereffective|p1a: Ninetales
|-damage|p1a: Ninetales|60/100
|move|p1a: Ninetales|Moonblast|p2a: Kyurem
|-supereffective|p2a: Kyurem
|-damage|p2a: Kyurem|45/100
|-unboost|p2a: Kyurem|spa|1
|
|-weather|Snowscape|[upkeep]
|upkeep
|turn|3
|
|t:|1779649817
|switch|p2a: Rotom|Rotom-Heat|100/100
|move|p1a: Ninetales|Moonblast|p2a: Rotom
|-resisted|p2a: Rotom
|-damage|p2a: Rotom|91/100
|
|-weather|Snowscape|[upkeep]
|-heal|p2a: Rotom|97/100|[from] item: Leftovers
|upkeep
|turn|4
|
|t:|1779649828
|switch|p1a: Garganacl|Garganacl, M|100/100
|move|p2a: Rotom|Will-O-Wisp|p1a: Garganacl
|-immune|p1a: Garganacl|[from] ability: Purifying Salt
|
|-weather|Snowscape|[upkeep]
|-heal|p2a: Rotom|100/100|[from] item: Leftovers
|upkeep
|turn|5
|
|t:|1779649853
|move|p2a: Rotom|Volt Switch|p1a: Garganacl
|-damage|p1a: Garganacl|91/100
|
|t:|1779649862
|switch|p2a: Gholdengo|Gholdengo|100/100|[from] Volt Switch
|move|p1a: Garganacl|Salt Cure|p2a: Gholdengo
|-resisted|p2a: Gholdengo
|-damage|p2a: Gholdengo|92/100
|-start|p2a: Gholdengo|Salt Cure
|
|-weather|none
|-heal|p1a: Garganacl|98/100|[from] item: Leftovers
|-damage|p2a: Gholdengo|67/100|[from] Salt Cure
|upkeep
|turn|6
|
|t:|1779649873
|move|p2a: Gholdengo|Make It Rain|p1a: Garganacl
|-supereffective|p1a: Garganacl
|-damage|p1a: Garganacl|50/100
|-unboost|p2a: Gholdengo|spa|1
|move|p1a: Garganacl|Stealth Rock|p2a: Gholdengo
|-sidestart|p2: yassouy|move: Stealth Rock
|
|-heal|p1a: Garganacl|57/100|[from] item: Leftovers
|-damage|p2a: Gholdengo|42/100|[from] Salt Cure
|upkeep
|turn|7
|
|t:|1779649890
|switch|p2a: Corviknight|Corviknight, F|100/100
|-damage|p2a: Corviknight|88/100|[from] Stealth Rock
|-ability|p2a: Corviknight|Pressure
|move|p1a: Garganacl|Recover|p1a: Garganacl
|-heal|p1a: Garganacl|100/100
|
|-heal|p2a: Corviknight|94/100|[from] item: Leftovers
|upkeep
|turn|8
|
|t:|1779649902
|switch|p1a: Regieleki|Regieleki|100/100
|move|p2a: Corviknight|Defog|p1a: Regieleki
|-unboost|p1a: Regieleki|evasion|1
|-sideend|p1: hz ataturk|move: Aurora Veil
|-sideend|p2: yassouy|Stealth Rock|[from] move: Defog|[of] p2a: Corviknight
|
|-heal|p2a: Corviknight|100/100|[from] item: Leftovers
|upkeep
|turn|9
|
|t:|1779649918
|switch|p2a: Rotom|Rotom-Heat|100/100
|move|p1a: Regieleki|Thunderbolt|p2a: Rotom
|-resisted|p2a: Rotom
|-damage|p2a: Rotom|79/100
|
|-heal|p2a: Rotom|86/100|[from] item: Leftovers
|upkeep
|turn|10
|
|t:|1779649928
|move|p1a: Regieleki|Volt Switch|p2a: Rotom
|-resisted|p2a: Rotom
|-damage|p2a: Rotom|72/100
|
|t:|1779649933
|switch|p1a: Garganacl|Garganacl, M|100/100|[from] Volt Switch
|move|p2a: Rotom|Will-O-Wisp|p1a: Garganacl|[miss]
|-miss|p2a: Rotom|p1a: Garganacl
|
|-heal|p2a: Rotom|78/100|[from] item: Leftovers
|upkeep
|turn|11
|inactive|yassouy has 120 seconds left.
|
|t:|1779649965
|switch|p2a: Deoxys|Deoxys-Speed|100/100
|-ability|p2a: Deoxys|Pressure
|move|p1a: Garganacl|Salt Cure|p2a: Deoxys
|-crit|p2a: Deoxys
|-damage|p2a: Deoxys|70/100
|-start|p2a: Deoxys|Salt Cure
|
|-damage|p2a: Deoxys|58/100|[from] Salt Cure
|upkeep
|turn|12
|
|t:|1779649994
|move|p1a: Garganacl|Protect|p1a: Garganacl
|-singleturn|p1a: Garganacl|Protect
|move|p2a: Deoxys|Psycho Boost|p1a: Garganacl
|-activate|p1a: Garganacl|move: Protect
|
|-damage|p2a: Deoxys|46/100|[from] Salt Cure
|upkeep
|turn|13
|inactive|hz ataturk has 120 seconds left.
|inactive|yassouy has 120 seconds left.
|
|t:|1779650038
|switch|p1a: Slowking|Slowking-Galar, F|100/100
|move|p2a: Deoxys|Psycho Boost|p1a: Slowking|[miss]
|-miss|p2a: Deoxys|p1a: Slowking
|
|-damage|p2a: Deoxys|33/100|[from] Salt Cure
|upkeep
|turn|14
|
|t:|1779650047
|switch|p2a: Kyurem|Kyurem|45/100
|-ability|p2a: Kyurem|Pressure
|move|p1a: Slowking|Future Sight|p2a: Kyurem
|-start|p1a: Slowking|move: Future Sight
|
|upkeep
|turn|15
|
|t:|1779650059
|move|p2a: Kyurem|Dragon Dance|p2a: Kyurem
|-boost|p2a: Kyurem|atk|1
|-boost|p2a: Kyurem|spe|1
|-prepare|p1a: Slowking|Chilly Reception|[premajor]
|move|p1a: Slowking|Chilly Reception|p1a: Slowking
|-weather|Snowscape
|inactive|hz ataturk has 120 seconds left.
|
|t:|1779650073
|switch|p1a: Regieleki|Regieleki|100/100|[from] Chilly Reception
|
|-weather|Snowscape|[upkeep]
|upkeep
|turn|16
|inactive|hz ataturk has 120 seconds left.
|
|t:|1779650095
|switch|p1a: Slowking|Slowking-Galar, F|100/100
|move|p2a: Kyurem|Scale Shot|p1a: Slowking
|-damage|p1a: Slowking|79/100
|-damage|p1a: Slowking|57/100
|-damage|p1a: Slowking|35/100
|-damage|p1a: Slowking|13/100
|-crit|p1a: Slowking
|-damage|p1a: Slowking|0 fnt
|faint|p1a: Slowking
|-hitcount|p1: Slowking|5
|-unboost|p2a: Kyurem|def|1
|-boost|p2a: Kyurem|spe|1
|
|-weather|Snowscape|[upkeep]
|-end|p2a: Kyurem|move: Future Sight
|-damage|p2a: Kyurem|4/100
|upkeep
|inactive|hz ataturk has 90 seconds left.
|
|t:|1779650139
|switch|p1a: Garganacl|Garganacl, M|100/100
|turn|17
|
|t:|1779650144
|-terastallize|p1a: Garganacl|Fairy
|move|p2a: Kyurem|Icicle Spear|p1a: Garganacl
|-damage|p1a: Garganacl|88/100
|-damage|p1a: Garganacl|76/100
|-damage|p1a: Garganacl|64/100
|-crit|p1a: Garganacl
|-damage|p1a: Garganacl|43/100
|-hitcount|p1a: Garganacl|4
|move|p1a: Garganacl|Salt Cure|p2a: Kyurem
|-supereffective|p2a: Kyurem
|-damage|p2a: Kyurem|0 fnt
|faint|p2a: Kyurem
|
|-weather|Snowscape|[upkeep]
|-heal|p1a: Garganacl|50/100|[from] item: Leftovers
|upkeep
|
|t:|1779650158
|switch|p2a: Gholdengo|Gholdengo|42/100
|turn|18
|inactive|hz ataturk has 90 seconds left.
|
|t:|1779650197
|move|p2a: Gholdengo|Make It Rain|p1a: Garganacl
|-supereffective|p1a: Garganacl
|-damage|p1a: Garganacl|0 fnt
|-unboost|p2a: Gholdengo|spa|1
|faint|p1a: Garganacl
|
|-weather|Snowscape|[upkeep]
|upkeep
|
|t:|1779650200
|switch|p1a: Regieleki|Regieleki|100/100
|turn|19
|
|t:|1779650206
|switch|p2a: Rotom|Rotom-Heat|78/100
|move|p1a: Regieleki|Volt Switch|p2a: Rotom
|-resisted|p2a: Rotom
|-damage|p2a: Rotom|63/100
|inactive|hz ataturk has 60 seconds left.
|
|t:|1779650231
|switch|p1a: Kyurem|Kyurem|100/100|[from] Volt Switch
|-ability|p1a: Kyurem|Pressure
|
|-weather|none
|-heal|p2a: Rotom|69/100|[from] item: Leftovers
|upkeep
|turn|20
|
|t:|1779650251
|move|p1a: Kyurem|Draco Meteor|p2a: Rotom
|-damage|p2a: Rotom|0 fnt
|-unboost|p1a: Kyurem|spa|2
|faint|p2a: Rotom
|
|upkeep
|
|t:|1779650257
|switch|p2a: Gholdengo|Gholdengo|42/100
|turn|21
|
|t:|1779650269
|switch|p1a: Ninetales|Ninetales-Alola, M|60/100
|-weather|Snowscape|[from] ability: Snow Warning|[of] p1a: Ninetales
|move|p2a: Gholdengo|Make It Rain|p1a: Ninetales
|-supereffective|p1a: Ninetales
|-damage|p1a: Ninetales|0 fnt
|-unboost|p2a: Gholdengo|spa|1
|faint|p1a: Ninetales
|
|-weather|Snowscape|[upkeep]
|upkeep
|
|t:|1779650275
|switch|p1a: Regieleki|Regieleki|100/100
|turn|22
|inactive|yassouy has 120 seconds left.
|
|t:|1779650325
|switch|p2a: Corviknight|Corviknight, F|100/100
|-ability|p2a: Corviknight|Pressure
|move|p1a: Regieleki|Thunderbolt|p2a: Corviknight
|-supereffective|p2a: Corviknight
|-damage|p2a: Corviknight|0 fnt
|faint|p2a: Corviknight
|
|-weather|Snowscape|[upkeep]
|upkeep
|
|t:|1779650330
|switch|p2a: Deoxys|Deoxys-Speed|33/100
|-ability|p2a: Deoxys|Pressure
|turn|23
|
|t:|1779650346
|switch|p1a: Kyurem|Kyurem|100/100
|-ability|p1a: Kyurem|Pressure
|move|p2a: Deoxys|Psycho Boost|p1a: Kyurem
|-damage|p1a: Kyurem|8/100
|-unboost|p2a: Deoxys|spa|2
|
|-weather|Snowscape|[upkeep]
|upkeep
|turn|24
|inactive|yassouy has 120 seconds left.
|
|t:|1779650361
|move|p2a: Deoxys|Psycho Boost|p1a: Kyurem
|-damage|p1a: Kyurem|0 fnt
|-unboost|p2a: Deoxys|spa|2
|faint|p1a: Kyurem
|
|-weather|Snowscape|[upkeep]
|upkeep
|
|t:|1779650368
|switch|p1a: Regieleki|Regieleki|100/100
|turn|25
|
|t:|1779650372
|move|p2a: Deoxys|Psycho Boost|p1a: Regieleki
|-damage|p1a: Regieleki|34/100
|-unboost|p2a: Deoxys|spa|2
|move|p1a: Regieleki|Thunderbolt|p2a: Deoxys
|-damage|p2a: Deoxys|0 fnt
|faint|p2a: Deoxys
|
|-weather|none
|upkeep
|
|t:|1779650386
|switch|p2a: Gholdengo|Gholdengo|42/100
|turn|26
|
|t:|1779650389
|move|p2a: Gholdengo|Shadow Ball|p1a: Regieleki
|-damage|p1a: Regieleki|0 fnt
|faint|p1a: Regieleki
|
|upkeep
|-message|hz ataturk forfeited.
|
|win|yassouy
|raw|hz ataturk's rating: 1268 &rarr; <strong>1246</strong><br />(-22 for losing)
|raw|yassouy's rating: 1304 &rarr; <strong>1322</strong><br />(+18 for winning)
|l|☆hz ataturk
|player|p1|
|l|☆yassouy
|player|p2|
