|j|☆tejapittala
|j|☆Rapirak
|t:|1779623902
|gametype|singles
|player|p1|tejapittala|riley|1137
|player|p2|Rapirak|170|1130
|gen|9
|tier|[Gen 9] OU
|rated|
|rule|HP Percentage Mod: HP is shown in percentages
|rule|Endless Battle Clause: Forcing endless battles is banned
|rule|Species Clause: Limit one of each Pokémon
|rule|OHKO Clause: OHKO moves are banned
|rule|Evasion Items Clause: Evasion items are banned
|rule|Evasion Moves Clause: Evasion moves are banned
|rule|Evasion Abilities Clause: Evasion abilities are banned
|rule|Sleep Moves Clause: Sleep-inducing moves are banned
|clearpoke
|poke|p1|Ceruledge, F|
|poke|p1|Kingambit, M|
|poke|p1|Weavile, M|
|poke|p1|Rillaboom, F|
|poke|p1|Gengar, M|
|poke|p1|Registeel|
|poke|p2|Staraptor, M|
|poke|p2|Dragapult, F|
|poke|p2|Garchomp, M|
|poke|p2|Galvantula, M|
|poke|p2|Ninetales, M|
|poke|p2|Glimmora, M|
|teampreview
|inactive|Battle timer is ON: inactive players will automatically lose when time's up. (requested by tejapittala)
|
|t:|1779623909
|teamsize|p1|6
|teamsize|p2|6
|start
|switch|p1a: Weavile|Weavile, M|100/100
|switch|p2a: Galvantula|Galvantula, M|100/100
|-ability|p1a: Weavile|Pressure
|turn|1
|
|t:|1779623919
|move|p1a: Weavile|Fake Out|p2a: Galvantula
|-damage|p2a: Galvantula|68/100
|-damage|p1a: Weavile|91/100|[from] item: Life Orb
|cant|p2a: Galvantula|flinch
|
|upkeep
|turn|2
|
|t:|1779623924
|move|p1a: Weavile|Knock Off|p2a: Galvantula
|-damage|p2a: Galvantula|0 fnt
|-enditem|p2a: Galvantula|Focus Sash|[from] move: Knock Off|[of] p1a: Weavile
|faint|p2a: Galvantula
|-damage|p1a: Weavile|81/100|[from] item: Life Orb
|
|upkeep
|
|t:|1779623930
|switch|p2a: Ninetales|Ninetales, M|100/100
|-weather|SunnyDay|[from] ability: Drought|[of] p2a: Ninetales
|turn|3
|
|t:|1779623936
|move|p2a: Ninetales|Weather Ball|p1a: Weavile
|-supereffective|p1a: Weavile
|-damage|p1a: Weavile|0 fnt
|faint|p1a: Weavile
|
|-weather|SunnyDay|[upkeep]
|upkeep
|
|t:|1779623943
|switch|p1a: Ceruledge|Ceruledge, F|100/100
|turn|4
|
|t:|1779623946
|switch|p2a: Glimmora|Glimmora, M|100/100
|move|p1a: Ceruledge|Bulk Up|p1a: Ceruledge
|-boost|p1a: Ceruledge|atk|1
|-boost|p1a: Ceruledge|def|1
|
|-weather|SunnyDay|[upkeep]
|upkeep
|turn|5
|
|t:|1779623953
|move|p2a: Glimmora|Mortal Spin|p1a: Ceruledge
|-resisted|p1a: Ceruledge
|-damage|p1a: Ceruledge|97/100
|-status|p1a: Ceruledge|psn
|-ability|p1a: Ceruledge|Weak Armor|boost
|-unboost|p1a: Ceruledge|def|1
|-boost|p1a: Ceruledge|spe|2
|move|p1a: Ceruledge|Poltergeist|p2a: Glimmora
|-activate|p2a: Glimmora|move: Poltergeist|Focus Sash
|-damage|p2a: Glimmora|18/100
|-activate|p2a: Glimmora|ability: Toxic Debris
|-sidestart|p1: tejapittala|move: Toxic Spikes
|
|-weather|SunnyDay|[upkeep]
|-damage|p1a: Ceruledge|85/100 psn|[from] psn
|upkeep
|turn|6
|
|t:|1779623960
|move|p2a: Glimmora|Spiky Shield|p2a: Glimmora
|-singleturn|p2a: Glimmora|move: Protect
|move|p1a: Ceruledge|Poltergeist|p2a: Glimmora
|-activate|p2a: Glimmora|move: Protect
|
|-weather|SunnyDay|[upkeep]
|-damage|p1a: Ceruledge|73/100 psn|[from] psn
|upkeep
|turn|7
|
|t:|1779623967
|move|p2a: Glimmora|Spiky Shield|p2a: Glimmora
|-singleturn|p2a: Glimmora|move: Protect
|move|p1a: Ceruledge|Poltergeist|p2a: Glimmora
|-activate|p2a: Glimmora|move: Protect
|
|-weather|none
|-damage|p1a: Ceruledge|60/100 psn|[from] psn
|upkeep
|turn|8
|
|t:|1779623973
|switch|p2a: Staraptor|Staraptor, M|100/100
|move|p1a: Ceruledge|Poltergeist|p2a: Staraptor
|-immune|p2a: Staraptor
|
|-damage|p1a: Ceruledge|48/100 psn|[from] psn
|upkeep
|turn|9
|
|t:|1779623980
|switch|p2a: Glimmora|Glimmora, M|18/100
|move|p1a: Ceruledge|Bitter Blade|p2a: Glimmora
|-resisted|p2a: Glimmora
|-damage|p2a: Glimmora|0 fnt
|-heal|p1a: Ceruledge|58/100 psn|[from] drain|[of] p2a: Glimmora
|-activate|p2a: Glimmora|ability: Toxic Debris
|-sidestart|p1: tejapittala|move: Toxic Spikes
|faint|p2a: Glimmora
|
|-damage|p1a: Ceruledge|45/100 psn|[from] psn
|upkeep
|
|t:|1779623991
|switch|p2a: Dragapult|Dragapult, F|100/100
|turn|10
|
|t:|1779624000
|move|p2a: Dragapult|Dragon Dance|p2a: Dragapult
|-boost|p2a: Dragapult|atk|1
|-boost|p2a: Dragapult|spe|1
|move|p1a: Ceruledge|Poltergeist|p2a: Dragapult
|-activate|p2a: Dragapult|move: Poltergeist|Focus Sash
|-supereffective|p2a: Dragapult
|-enditem|p2a: Dragapult|Focus Sash
|-damage|p2a: Dragapult|1/100
|
|-damage|p1a: Ceruledge|33/100 psn|[from] psn
|upkeep
|turn|11
|
|t:|1779624003
|move|p2a: Dragapult|Sucker Punch|p1a: Ceruledge
|-supereffective|p1a: Ceruledge
|-damage|p1a: Ceruledge|0 fnt
|faint|p1a: Ceruledge
|
|upkeep
|
|t:|1779624010
|switch|p1a: Rillaboom|Rillaboom, F|100/100
|-status|p1a: Rillaboom|tox
|-fieldstart|move: Grassy Terrain|[from] ability: Grassy Surge|[of] p1a: Rillaboom
|turn|12
|
|t:|1779624014
|move|p2a: Dragapult|Sucker Punch|p1a: Rillaboom
|-damage|p1a: Rillaboom|63/100 tox
|move|p1a: Rillaboom|Grassy Glide|p2a: Dragapult
|-resisted|p2a: Dragapult
|-damage|p2a: Dragapult|0 fnt
|faint|p2a: Dragapult
|
|-heal|p1a: Rillaboom|69/100 tox|[from] Grassy Terrain
|-damage|p1a: Rillaboom|63/100 tox|[from] psn
|upkeep
|
|t:|1779624017
|switch|p2a: Ninetales|Ninetales, M|100/100
|-weather|SunnyDay|[from] ability: Drought|[of] p2a: Ninetales
|turn|13
|
|t:|1779624027
|move|p2a: Ninetales|Weather Ball|p1a: Rillaboom
|-supereffective|p1a: Rillaboom
|-damage|p1a: Rillaboom|0 fnt
|faint|p1a: Rillaboom
|
|-weather|SunnyDay|[upkeep]
|upkeep
|
|t:|1779624034
|switch|p1a: Gengar|Gengar, M|100/100
|-sideend|p1: tejapittala|move: Toxic Spikes|[of] p1a: Gengar
|turn|14
|
|t:|1779624039
|-terastallize|p2a: Ninetales|Fire
|move|p2a: Ninetales|Weather Ball|p1a: Gengar
|-damage|p1a: Gengar|0 fnt
|faint|p1a: Gengar
|
|-weather|SunnyDay|[upkeep]
|upkeep
|
|t:|1779624046
|switch|p1a: Registeel|Registeel|100/100
|turn|15
|
|t:|1779624056
|move|p2a: Ninetales|Weather Ball|p1a: Registeel
|-supereffective|p1a: Registeel
|-damage|p1a: Registeel|0 fnt
|faint|p1a: Registeel
|
|-weather|SunnyDay|[upkeep]
|upkeep
|
|t:|1779624059
|switch|p1a: Kingambit|Kingambit, M|100/100
|-activate|p1a: Kingambit|ability: Supreme Overlord
|-start|p1a: Kingambit|fallen5|[silent]
|turn|16
|
|t:|1779624079
|move|p1a: Kingambit|Sucker Punch|p2a: Ninetales
|-damage|p2a: Ninetales|1/100
|move|p2a: Ninetales|Weather Ball|p1a: Kingambit
|-supereffective|p1a: Kingambit
|-damage|p1a: Kingambit|8/100
|
|-weather|SunnyDay|[upkeep]
|-heal|p2a: Ninetales|7/100|[from] Grassy Terrain
|-heal|p1a: Kingambit|14/100|[from] Grassy Terrain
|upkeep
|turn|17
|c|☆Rapirak|Sweeped by Ninetales ez
|
|t:|1779624092
|-terastallize|p1a: Kingambit|Fighting
|move|p1a: Kingambit|Sucker Punch|p2a: Ninetales
|-crit|p2a: Ninetales
|-damage|p2a: Ninetales|0 fnt
|faint|p2a: Ninetales
|
|-weather|none
|-heal|p1a: Kingambit|20/100|[from] Grassy Terrain
|upkeep
|c|☆Rapirak|Or not
|
|t:|1779624096
|switch|p2a: Staraptor|Staraptor, M|100/100
|turn|18
|
|t:|1779624104
|switch|p2a: Garchomp|Garchomp, M|100/100
|move|p1a: Kingambit|Sucker Punch||[still]
|-fail|p1a: Kingambit
|
|-heal|p1a: Kingambit|26/100|[from] Grassy Terrain
|upkeep
|turn|19
|
|t:|1779624113
|move|p1a: Kingambit|Sucker Punch|p2a: Garchomp
|-damage|p2a: Garchomp|36/100
|-damage|p1a: Kingambit|14/100|[from] ability: Rough Skin|[of] p2a: Garchomp
|move|p2a: Garchomp|Earthquake|p1a: Kingambit
|-damage|p1a: Kingambit|0 fnt
|faint|p1a: Kingambit
|-end|p1a: Kingambit|fallen5|[silent]
|
|win|Rapirak
|raw|tejapittala's rating: 1137 &rarr; <strong>1111</strong><br />(-26 for losing)
|raw|Rapirak's rating: 1130 &rarr; <strong>1156</strong><br />(+26 for winning)
|l|☆tejapittala
|player|p1|
|c|☆Rapirak|Ez
