|j|☆HeavenlyNiko
|j|☆KenjiShiguma
|t:|1779685888
|gametype|singles
|player|p1|HeavenlyNiko|wallace|1162
|player|p2|KenjiShiguma|pokemonbreeder-gen4|1214
|gen|9
|tier|[Gen 9] OU
|rated|
|rule|HP Percentage Mod: HP is shown in percentages
|rule|Endless Battle Clause: Forcing endless battles is banned
|rule|Species Clause: Limit one of each Pokémon
|rule|OHKO Clause: OHKO moves are banned
|rule|Evasion Items Clause: Evasion items are banned
|rule|Evasion Moves Clause: Evasion moves are banned
|rule|Evasion Abilities Clause: Evasion abilities are banned
|rule|Sleep Moves Clause: Sleep-inducing moves are banned
|clearpoke
|poke|p1|Hoopa-Unbound|
|poke|p1|Slowking-Galar, F|
|poke|p1|Primarina, F|
|poke|p1|Ogerpon-Wellspring, F|
|poke|p1|Garganacl, F|
|poke|p1|Great Tusk|
|poke|p2|Drednaw, F|
|poke|p2|Golem, M|
|poke|p2|Snorlax, M|
|poke|p2|Clefable, M|
|poke|p2|Oricorio-Sensu, M|
|poke|p2|Infernape, M|
|teampreview
|
|t:|1779685895
|teamsize|p1|6
|teamsize|p2|6
|start
|switch|p1a: Garganacl|Garganacl, F|100/100
|switch|p2a: Clefable|Clefable, M|100/100
|turn|1
|
|t:|1779685904
|switch|p1a: Great Tusk|Great Tusk|100/100
|move|p2a: Clefable|Knock Off|p1a: Great Tusk
|-resisted|p1a: Great Tusk
|-damage|p1a: Great Tusk|94/100
|-enditem|p1a: Great Tusk|Heavy-Duty Boots|[from] move: Knock Off|[of] p2a: Clefable
|
|upkeep
|turn|2
|
|t:|1779685911
|move|p1a: Great Tusk|Headlong Rush|p2a: Clefable
|-damage|p2a: Clefable|26/100
|-unboost|p1a: Great Tusk|def|1
|-unboost|p1a: Great Tusk|spd|1
|move|p2a: Clefable|Moonblast|p1a: Great Tusk
|-supereffective|p1a: Great Tusk
|-damage|p1a: Great Tusk|0 fnt
|faint|p1a: Great Tusk
|-end|p1a: Great Tusk|Protosynthesis|[silent]
|
|upkeep
|
|t:|1779685921
|switch|p1a: Ogerpon|Ogerpon-Wellspring, F|100/100
|turn|3
|
|t:|1779685929
|move|p1a: Ogerpon|Ivy Cudgel|p2a: Clefable|[anim] Ivy Cudgel Water
|-damage|p2a: Clefable|0 fnt
|faint|p2a: Clefable
|
|upkeep
|
|t:|1779685934
|switch|p2a: Golem|Golem, M|100/100
|turn|4
|
|t:|1779685939
|move|p1a: Ogerpon|Ivy Cudgel|p2a: Golem|[anim] Ivy Cudgel Water
|-supereffective|p2a: Golem
|-ability|p2a: Golem|Sturdy
|-damage|p2a: Golem|1/100
|move|p2a: Golem|Stealth Rock|p1a: Ogerpon
|-sidestart|p1: HeavenlyNiko|move: Stealth Rock
|
|upkeep
|turn|5
|-enditem|p2a: Golem|Custap Berry|[eat]
|-activate|p2a: Golem|item: Custap Berry|[consumed]
|
|t:|1779685947
|move|p2a: Golem|Explosion|p1a: Ogerpon
|-damage|p1a: Ogerpon|0 fnt
|faint|p2a: Golem
|faint|p1a: Ogerpon
|
|upkeep
|
|t:|1779685957
|switch|p1a: Garganacl|Garganacl, F|100/100
|switch|p2a: Drednaw|Drednaw, F|100/100
|-damage|p1a: Garganacl|88/100|[from] Stealth Rock
|turn|6
|
|t:|1779685965
|move|p2a: Drednaw|Shell Smash|p2a: Drednaw
|-unboost|p2a: Drednaw|def|1
|-unboost|p2a: Drednaw|spd|1
|-boost|p2a: Drednaw|atk|2
|-boost|p2a: Drednaw|spa|2
|-boost|p2a: Drednaw|spe|2
|-enditem|p2a: Drednaw|White Herb
|-clearnegativeboost|p2a: Drednaw|[silent]
|move|p1a: Garganacl|Stealth Rock|p2a: Drednaw
|-sidestart|p2: KenjiShiguma|move: Stealth Rock
|
|-heal|p1a: Garganacl|94/100|[from] item: Leftovers
|upkeep
|turn|7
|
|t:|1779685975
|-terastallize|p1a: Garganacl|Water
|move|p2a: Drednaw|Liquidation|p1a: Garganacl
|-resisted|p1a: Garganacl
|-damage|p1a: Garganacl|70/100
|-unboost|p1a: Garganacl|def|1
|move|p1a: Garganacl|Salt Cure|p2a: Drednaw
|-damage|p2a: Drednaw|87/100
|-start|p2a: Drednaw|Salt Cure
|
|-heal|p1a: Garganacl|76/100|[from] item: Leftovers
|-damage|p2a: Drednaw|62/100|[from] Salt Cure
|upkeep
|turn|8
|
|t:|1779685991
|-terastallize|p2a: Drednaw|Ghost
|move|p1a: Garganacl|Protect|p1a: Garganacl
|-singleturn|p1a: Garganacl|Protect
|move|p2a: Drednaw|Jaw Lock|p1a: Garganacl
|-activate|p1a: Garganacl|move: Protect
|
|-heal|p1a: Garganacl|83/100|[from] item: Leftovers
|-damage|p2a: Drednaw|49/100|[from] Salt Cure
|upkeep
|turn|9
|
|t:|1779686003
|switch|p1a: Primarina|Primarina, F|100/100
|-damage|p1a: Primarina|88/100|[from] Stealth Rock
|move|p2a: Drednaw|Jaw Lock|p1a: Primarina
|-resisted|p1a: Primarina
|-damage|p1a: Primarina|29/100
|-activate|p1a: Primarina|trapped
|
|-damage|p2a: Drednaw|37/100|[from] Salt Cure
|upkeep
|turn|10
|
|t:|1779686013
|move|p2a: Drednaw|Jaw Lock|p1a: Primarina
|-resisted|p1a: Primarina
|-crit|p1a: Primarina
|-damage|p1a: Primarina|0 fnt
|faint|p1a: Primarina
|
|-damage|p2a: Drednaw|24/100|[from] Salt Cure
|upkeep
|
|t:|1779686015
|switch|p1a: Garganacl|Garganacl, F, tera:Water|83/100
|-damage|p1a: Garganacl|70/100|[from] Stealth Rock
|turn|11
|
|t:|1779686024
|move|p1a: Garganacl|Protect|p1a: Garganacl
|-singleturn|p1a: Garganacl|Protect
|move|p2a: Drednaw|Jaw Lock|p1a: Garganacl
|-activate|p1a: Garganacl|move: Protect
|
|-heal|p1a: Garganacl|76/100|[from] item: Leftovers
|-damage|p2a: Drednaw|12/100|[from] Salt Cure
|upkeep
|turn|12
|c|☆HeavenlyNiko|!dt jaw lock
|c|☆HeavenlyNiko|/raw <ul class="utilichart"><li class="result"><span class="col movenamecol"><a href="https://dex.pokemonshowdown.com/moves/jawlock">Jaw Lock</a></span> <span class="col typecol"><img src="//play.pokemonshowdown.com/sprites/types/Dark.png" alt="Dark" width="32" height="14"><img src="//play.pokemonshowdown.com/sprites/categories/Physical.png" alt="Physical" width="32" height="14"></span> <span class="col labelcol"><em>Power</em><br>80</span> <span class="col widelabelcol"><em>Accuracy</em><br>100%</span> <span class="col pplabelcol"><em>PP</em><br>16</span> <span class="col movedesccol">Prevents both user and target from switching out.</span> </li><li style="clear:both"></li></ul>
|c|☆HeavenlyNiko|/raw <font size="1"><font color="#686868">Priority:</font> 0&nbsp;|&ThickSpace;<font color="#686868">Gen:</font> 8&nbsp;|&ThickSpace;&#10003; Contact&nbsp;|&ThickSpace;&#10003; Bite&nbsp;|&ThickSpace;<font color="#686868">Z-Power:</font> 160&nbsp;|&ThickSpace;<font color="#686868">Target:</font> One Adjacent Pokémon</font>

|
|t:|1779686033
|move|p2a: Drednaw|Jaw Lock|p1a: Garganacl
|-damage|p1a: Garganacl|30/100
|-activate|p1a: Garganacl|trapped
|move|p1a: Garganacl|Salt Cure|p2a: Drednaw
|-damage|p2a: Drednaw|0 fnt
|faint|p2a: Drednaw
|
|-heal|p1a: Garganacl|37/100|[from] item: Leftovers
|upkeep
|
|t:|1779686043
|switch|p2a: Infernape|Infernape, M|100/100
|-damage|p2a: Infernape|88/100|[from] Stealth Rock
|turn|13
|
|t:|1779686047
|move|p1a: Garganacl|Protect|p1a: Garganacl
|-singleturn|p1a: Garganacl|Protect
|move|p2a: Infernape|Switcheroo|p1a: Garganacl
|-activate|p1a: Garganacl|move: Protect
|
|-heal|p1a: Garganacl|43/100|[from] item: Leftovers
|upkeep
|turn|14
|
|t:|1779686058
|switch|p2a: Snorlax|Snorlax, M|100/100
|-damage|p2a: Snorlax|88/100|[from] Stealth Rock
|move|p1a: Garganacl|Salt Cure|p2a: Snorlax
|-crit|p2a: Snorlax
|-damage|p2a: Snorlax|70/100
|-start|p2a: Snorlax|Salt Cure
|
|-heal|p1a: Garganacl|49/100|[from] item: Leftovers
|-damage|p2a: Snorlax|57/100|[from] Salt Cure
|upkeep
|turn|15
|
|t:|1779686070
|move|p1a: Garganacl|Recover|p1a: Garganacl
|-heal|p1a: Garganacl|99/100
|move|p2a: Snorlax|Block|p1a: Garganacl
|-activate|p1a: Garganacl|trapped
|
|-heal|p1a: Garganacl|100/100|[from] item: Leftovers
|-damage|p2a: Snorlax|45/100|[from] Salt Cure
|upkeep
|-enditem|p2a: Snorlax|Sitrus Berry|[eat]
|-heal|p2a: Snorlax|70/100|[from] item: Sitrus Berry
|turn|16
|
|t:|1779686080
|move|p1a: Garganacl|Salt Cure|p2a: Snorlax
|-damage|p2a: Snorlax|57/100
|move|p2a: Snorlax|Encore|p1a: Garganacl
|-start|p1a: Garganacl|Encore
|
|-damage|p2a: Snorlax|45/100|[from] Salt Cure
|upkeep
|turn|17
|
|t:|1779686088
|move|p1a: Garganacl|Salt Cure|p2a: Snorlax
|-damage|p2a: Snorlax|33/100
|move|p2a: Snorlax|Earthquake|p1a: Garganacl
|-damage|p1a: Garganacl|87/100
|
|-heal|p1a: Garganacl|93/100|[from] item: Leftovers
|-damage|p2a: Snorlax|20/100|[from] Salt Cure
|upkeep
|turn|18
|
|t:|1779686097
|move|p1a: Garganacl|Salt Cure|p2a: Snorlax
|-damage|p2a: Snorlax|8/100
|move|p2a: Snorlax|Last Resort|p1a: Garganacl
|-damage|p1a: Garganacl|68/100
|
|-heal|p1a: Garganacl|74/100|[from] item: Leftovers
|-damage|p2a: Snorlax|0 fnt|[from] Salt Cure
|faint|p2a: Snorlax
|upkeep
|
|t:|1779686107
|switch|p2a: Infernape|Infernape, M|88/100
|-damage|p2a: Infernape|76/100|[from] Stealth Rock
|turn|19
|
|t:|1779686111
|move|p2a: Infernape|Switcheroo|p1a: Garganacl
|-activate|p2a: Infernape|move: Trick|[of] p1a: Garganacl
|-item|p1a: Garganacl|Choice Scarf|[from] move: Switcheroo
|-item|p2a: Infernape|Leftovers|[from] move: Switcheroo
|move|p1a: Garganacl|Salt Cure|p2a: Infernape
|-damage|p2a: Infernape|55/100
|-start|p2a: Infernape|Salt Cure
|
|-heal|p2a: Infernape|61/100|[from] item: Leftovers
|-damage|p2a: Infernape|49/100|[from] Salt Cure
|-end|p1a: Garganacl|Encore
|upkeep
|turn|20
|
|t:|1779686124
|move|p2a: Infernape|Fire Punch|p1a: Garganacl
|-resisted|p1a: Garganacl
|-damage|p1a: Garganacl|64/100
|move|p1a: Garganacl|Salt Cure|p2a: Infernape
|-damage|p2a: Infernape|29/100
|
|-heal|p2a: Infernape|35/100|[from] item: Leftovers
|-damage|p2a: Infernape|23/100|[from] Salt Cure
|upkeep
|turn|21
|
|t:|1779686133
|move|p2a: Infernape|Fire Punch|p1a: Garganacl
|-resisted|p1a: Garganacl
|-damage|p1a: Garganacl|53/100
|move|p1a: Garganacl|Salt Cure|p2a: Infernape
|-damage|p2a: Infernape|2/100
|
|-heal|p2a: Infernape|9/100|[from] item: Leftovers
|-damage|p2a: Infernape|0 fnt|[from] Salt Cure
|faint|p2a: Infernape
|upkeep
|
|t:|1779686143
|switch|p2a: Oricorio|Oricorio-Sensu, M|100/100
|-damage|p2a: Oricorio|76/100|[from] Stealth Rock
|turn|22
|
|t:|1779686148
|move|p2a: Oricorio|Revelation Dance|p1a: Garganacl
|-damage|p1a: Garganacl|32/100
|move|p1a: Garganacl|Salt Cure|p2a: Oricorio
|-supereffective|p2a: Oricorio
|-damage|p2a: Oricorio|30/100
|-start|p2a: Oricorio|Salt Cure
|
|-damage|p2a: Oricorio|18/100|[from] Salt Cure
|upkeep
|turn|23
|
|t:|1779686158
|switch|p1a: Hoopa|Hoopa-Unbound|100/100
|-damage|p1a: Hoopa|88/100|[from] Stealth Rock
|move|p2a: Oricorio|Revelation Dance|p1a: Hoopa
|-damage|p1a: Hoopa|66/100
|
|-damage|p2a: Oricorio|6/100|[from] Salt Cure
|upkeep
|turn|24
|
|t:|1779686167
|move|p2a: Oricorio|Air Slash|p1a: Hoopa
|-crit|p1a: Hoopa
|-damage|p1a: Hoopa|40/100
|move|p1a: Hoopa|Knock Off|p2a: Oricorio
|-supereffective|p2a: Oricorio
|-damage|p2a: Oricorio|0 fnt
|-enditem|p2a: Oricorio|Mirror Herb|[from] move: Knock Off|[of] p1a: Hoopa
|faint|p2a: Oricorio
|
|win|HeavenlyNiko
|raw|HeavenlyNiko's rating: 1162 &rarr; <strong>1191</strong><br />(+29 for winning)
|raw|KenjiShiguma's rating: 1214 &rarr; <strong>1185</strong><br />(-29 for losing)
|l|☆HeavenlyNiko
|player|p1|
|l|☆KenjiShiguma
|player|p2|
