|j|☆idkhowtoteam
|j|☆kropotnik
|t:|1779691357
|gametype|singles
|player|p1|idkhowtoteam|170|1084
|player|p2|kropotnik|101|1073
|gen|9
|tier|[Gen 9] OU
|rated|
|rule|HP Percentage Mod: HP is shown in percentages
|rule|Endless Battle Clause: Forcing endless battles is banned
|rule|Species Clause: Limit one of each Pokémon
|rule|OHKO Clause: OHKO moves are banned
|rule|Evasion Items Clause: Evasion items are banned
|rule|Evasion Moves Clause: Evasion moves are banned
|rule|Evasion Abilities Clause: Evasion abilities are banned
|rule|Sleep Moves Clause: Sleep-inducing moves are banned
|clearpoke
|poke|p1|Landorus-Therian, M|
|poke|p1|Samurott-Hisui, F|
|poke|p1|Pecharunt|
|poke|p1|Corviknight, M|
|poke|p1|Darkrai|
|poke|p1|Primarina, F|
|poke|p2|Quaquaval, M|
|poke|p2|Toxicroak, F|
|poke|p2|Charizard, M|
|poke|p2|Gliscor, F|
|poke|p2|Excadrill, M|
|poke|p2|Salamence, M|
|teampreview
|
|t:|1779691380
|teamsize|p1|6
|teamsize|p2|6
|start
|switch|p1a: Samurott|Samurott-Hisui, F|100/100
|switch|p2a: Quaquaval|Quaquaval, M|100/100
|turn|1
|
|t:|1779691390
|switch|p1a: Pecharunt|Pecharunt|100/100
|move|p2a: Quaquaval|Aqua Step|p1a: Pecharunt
|-damage|p1a: Pecharunt|80/100
|-boost|p2a: Quaquaval|spe|1
|-damage|p2a: Quaquaval|84/100|[from] item: Rocky Helmet|[of] p1a: Pecharunt
|
|upkeep
|turn|2
|
|t:|1779691399
|move|p2a: Quaquaval|Knock Off|p1a: Pecharunt
|-supereffective|p1a: Pecharunt
|-damage|p1a: Pecharunt|48/100
|-damage|p2a: Quaquaval|68/100|[from] item: Rocky Helmet|[of] p1a: Pecharunt
|-enditem|p1a: Pecharunt|Rocky Helmet|[from] move: Knock Off|[of] p2a: Quaquaval
|move|p1a: Pecharunt|Malignant Chain|p2a: Quaquaval
|-damage|p2a: Quaquaval|23/100
|
|upkeep
|turn|3
|
|t:|1779691409
|move|p2a: Quaquaval|Knock Off|p1a: Pecharunt
|-supereffective|p1a: Pecharunt
|-damage|p1a: Pecharunt|25/100
|move|p1a: Pecharunt|Recover|p1a: Pecharunt
|-heal|p1a: Pecharunt|75/100
|
|upkeep
|turn|4
|
|t:|1779691416
|move|p2a: Quaquaval|Knock Off|p1a: Pecharunt
|-supereffective|p1a: Pecharunt
|-damage|p1a: Pecharunt|54/100
|move|p1a: Pecharunt|Recover|p1a: Pecharunt
|-heal|p1a: Pecharunt|100/100
|
|upkeep
|turn|5
|
|t:|1779691421
|move|p2a: Quaquaval|Knock Off|p1a: Pecharunt
|-supereffective|p1a: Pecharunt
|-damage|p1a: Pecharunt|79/100
|move|p1a: Pecharunt|Malignant Chain|p2a: Quaquaval
|-damage|p2a: Quaquaval|0 fnt
|faint|p2a: Quaquaval
|
|upkeep
|
|t:|1779691427
|switch|p2a: Gliscor|Gliscor, F|100/100
|turn|6
|
|t:|1779691433
|move|p2a: Gliscor|Swords Dance|p2a: Gliscor
|-boost|p2a: Gliscor|atk|2
|move|p1a: Pecharunt|Parting Shot|p2a: Gliscor
|-unboost|p2a: Gliscor|atk|1
|-unboost|p2a: Gliscor|spa|1
|-enditem|p2a: Gliscor|White Herb
|-clearnegativeboost|p2a: Gliscor|[silent]
|
|t:|1779691442
|switch|p1a: Samurott|Samurott-Hisui, F|100/100|[from] Parting Shot
|
|upkeep
|turn|7
|
|t:|1779691450
|switch|p2a: Toxicroak|Toxicroak, F|100/100
|-item|p2a: Toxicroak|Air Balloon
|move|p1a: Samurott|Razor Shell|p2a: Toxicroak
|-immune|p2a: Toxicroak|[from] ability: Dry Skin
|
|upkeep
|turn|8
|
|t:|1779691456
|move|p1a: Samurott|Ceaseless Edge|p2a: Toxicroak
|-resisted|p2a: Toxicroak
|-damage|p2a: Toxicroak|63/100
|-enditem|p2a: Toxicroak|Air Balloon
|-sidestart|p2: kropotnik|Spikes
|move|p2a: Toxicroak|Drain Punch|p1a: Samurott
|-supereffective|p1a: Samurott
|-damage|p1a: Samurott|11/100
|-heal|p2a: Toxicroak|100/100|[from] drain|[of] p1a: Samurott
|
|upkeep
|turn|9
|
|t:|1779691466
|move|p1a: Samurott|Ceaseless Edge|p2a: Toxicroak
|-resisted|p2a: Toxicroak
|-crit|p2a: Toxicroak
|-damage|p2a: Toxicroak|48/100
|-sidestart|p2: kropotnik|Spikes
|move|p2a: Toxicroak|Poison Jab|p1a: Samurott
|-damage|p1a: Samurott|0 fnt
|faint|p1a: Samurott
|
|upkeep
|
|t:|1779691475
|switch|p1a: Landorus|Landorus-Therian, M|100/100
|-ability|p1a: Landorus|Intimidate|boost
|-unboost|p2a: Toxicroak|atk|1
|turn|10
|
|t:|1779691490
|move|p2a: Toxicroak|Sucker Punch|p1a: Landorus
|-damage|p1a: Landorus|84/100
|move|p1a: Landorus|Earthquake|p2a: Toxicroak
|-supereffective|p2a: Toxicroak
|-damage|p2a: Toxicroak|0 fnt
|faint|p2a: Toxicroak
|
|upkeep
|
|t:|1779691494
|switch|p2a: Gliscor|Gliscor, F|100/100
|turn|11
|
|t:|1779691504
|move|p2a: Gliscor|Swords Dance|p2a: Gliscor
|-boost|p2a: Gliscor|atk|2
|move|p1a: Landorus|Stealth Rock|p2a: Gliscor
|-sidestart|p2: kropotnik|move: Stealth Rock
|
|upkeep
|turn|12
|
|t:|1779691508
|move|p2a: Gliscor|Scale Shot|p1a: Landorus
|-damage|p1a: Landorus|69/100
|-damage|p1a: Landorus|52/100
|-hitcount|p1a: Landorus|2
|-unboost|p2a: Gliscor|def|1
|-boost|p2a: Gliscor|spe|1
|move|p1a: Landorus|Stone Edge|p2a: Gliscor|[miss]
|-miss|p1a: Landorus|p2a: Gliscor
|
|upkeep
|turn|13
|
|t:|1779691522
|move|p2a: Gliscor|Acrobatics|p1a: Landorus
|-damage|p1a: Landorus|0 fnt
|faint|p1a: Landorus
|
|upkeep
|
|t:|1779691536
|switch|p1a: Pecharunt|Pecharunt|79/100
|turn|14
|
|t:|1779691545
|move|p2a: Gliscor|Earthquake|p1a: Pecharunt
|-supereffective|p1a: Pecharunt
|-damage|p1a: Pecharunt|0 fnt
|faint|p1a: Pecharunt
|
|upkeep
|
|t:|1779691550
|switch|p1a: Darkrai|Darkrai|100/100
|turn|15
|
|t:|1779691566
|move|p2a: Gliscor|Acrobatics|p1a: Darkrai
|-damage|p1a: Darkrai|0 fnt
|faint|p1a: Darkrai
|
|upkeep
|-message|idkhowtoteam forfeited.
|
|win|kropotnik
|raw|idkhowtoteam's rating: 1084 &rarr; <strong>1061</strong><br />(-23 for losing)
|raw|kropotnik's rating: 1073 &rarr; <strong>1103</strong><br />(+30 for winning)
|l|☆idkhowtoteam
|player|p1|
|l|☆kropotnik
|player|p2|
