|j|☆itstheboyjay
|j|☆mcacma
|t:|1779634034
|gametype|singles
|player|p1|itstheboyjay|palmer|1084
|player|p2|mcacma|veteran|1075
|gen|9
|tier|[Gen 9] OU
|rated|
|rule|HP Percentage Mod: HP is shown in percentages
|rule|Endless Battle Clause: Forcing endless battles is banned
|rule|Species Clause: Limit one of each Pokémon
|rule|OHKO Clause: OHKO moves are banned
|rule|Evasion Items Clause: Evasion items are banned
|rule|Evasion Moves Clause: Evasion moves are banned
|rule|Evasion Abilities Clause: Evasion abilities are banned
|rule|Sleep Moves Clause: Sleep-inducing moves are banned
|clearpoke
|poke|p1|Vaporeon, M|
|poke|p1|Flareon, F|
|poke|p1|Sylveon, M|
|poke|p1|Leafeon, F|
|poke|p1|Espeon, F|
|poke|p1|Umbreon, F|
|poke|p2|Gholdengo|
|poke|p2|Kingambit, F|
|poke|p2|Flygon, M|
|poke|p2|Clodsire, M|
|poke|p2|Smeargle, F|
|poke|p2|Great Tusk|
|teampreview
|
|t:|1779634049
|teamsize|p1|6
|teamsize|p2|6
|start
|switch|p1a: Espeon|Espeon, F, shiny|100/100
|switch|p2a: Smeargle|Smeargle, F|100/100
|turn|1
|
|t:|1779634057
|move|p1a: Espeon|Psychic|p2a: Smeargle
|-damage|p2a: Smeargle|5/100
|-enditem|p2a: Smeargle|Sitrus Berry|[eat]
|-heal|p2a: Smeargle|29/100|[from] item: Sitrus Berry
|move|p2a: Smeargle|No Retreat|p2a: Smeargle
|-boost|p2a: Smeargle|atk|1
|-boost|p2a: Smeargle|def|1
|-boost|p2a: Smeargle|spa|1
|-boost|p2a: Smeargle|spd|1
|-boost|p2a: Smeargle|spe|1
|-start|p2a: Smeargle|move: No Retreat
|
|upkeep
|turn|2
|
|t:|1779634075
|move|p2a: Smeargle|Burning Bulwark|p2a: Smeargle
|-singleturn|p2a: Smeargle|move: Protect
|move|p1a: Espeon|Psychic|p2a: Smeargle
|-activate|p2a: Smeargle|move: Protect
|
|upkeep
|turn|3
|
|t:|1779634085
|move|p2a: Smeargle|Ceaseless Edge|p1a: Espeon
|-supereffective|p1a: Espeon
|-damage|p1a: Espeon|58/100
|-sidestart|p1: itstheboyjay|Spikes
|move|p1a: Espeon|Psychic|p2a: Smeargle
|-damage|p2a: Smeargle|0 fnt
|faint|p2a: Smeargle
|
|upkeep
|
|t:|1779634099
|switch|p2a: Kingambit|Kingambit, F|100/100
|-activate|p2a: Kingambit|ability: Supreme Overlord
|-start|p2a: Kingambit|fallen1|[silent]
|turn|4
|
|t:|1779634105
|switch|p1a: Leafeon|Leafeon, F, shiny|100/100
|-damage|p1a: Leafeon|88/100|[from] Spikes
|-terastallize|p2a: Kingambit|Water
|move|p2a: Kingambit|Substitute|p2a: Kingambit
|-start|p2a: Kingambit|Substitute
|-damage|p2a: Kingambit|75/100
|
|upkeep
|turn|5
|
|t:|1779634115
|move|p1a: Leafeon|Knock Off|p2a: Kingambit
|-activate|p2a: Kingambit|move: Substitute|[damage]
|move|p2a: Kingambit|Swords Dance|p2a: Kingambit
|-boost|p2a: Kingambit|atk|2
|
|upkeep
|turn|6
|
|t:|1779634122
|move|p1a: Leafeon|Knock Off|p2a: Kingambit
|-end|p2a: Kingambit|Substitute
|move|p2a: Kingambit|Swords Dance|p2a: Kingambit
|-boost|p2a: Kingambit|atk|2
|
|upkeep
|turn|7
|
|t:|1779634129
|move|p2a: Kingambit|Sucker Punch||[still]
|-fail|p2a: Kingambit
|move|p1a: Leafeon|Leech Seed|p2a: Kingambit
|-start|p2a: Kingambit|move: Leech Seed
|
|-damage|p2a: Kingambit|63/100|[from] Leech Seed|[of] p1a: Leafeon
|-heal|p1a: Leafeon|100/100|[silent]
|upkeep
|turn|8
|
|t:|1779634140
|move|p1a: Leafeon|Knock Off|p2a: Kingambit
|-damage|p2a: Kingambit|48/100
|-enditem|p2a: Kingambit|Black Glasses|[from] move: Knock Off|[of] p1a: Leafeon
|move|p2a: Kingambit|Low Kick|p1a: Leafeon
|-damage|p1a: Leafeon|57/100
|-damage|p2a: Kingambit|32/100|[from] item: Rocky Helmet|[of] p1a: Leafeon
|
|-damage|p2a: Kingambit|19/100|[from] Leech Seed|[of] p1a: Leafeon
|-heal|p1a: Leafeon|72/100|[silent]
|upkeep
|turn|9
|
|t:|1779634152
|move|p2a: Kingambit|Sucker Punch||[still]
|-fail|p2a: Kingambit
|move|p1a: Leafeon|Synthesis|p1a: Leafeon
|-heal|p1a: Leafeon|100/100
|
|-damage|p2a: Kingambit|7/100|[from] Leech Seed|[of] p1a: Leafeon
|upkeep
|turn|10
|
|t:|1779634160
|move|p2a: Kingambit|Sucker Punch|p1a: Leafeon
|-damage|p1a: Leafeon|27/100
|-damage|p2a: Kingambit|0 fnt|[from] item: Rocky Helmet|[of] p1a: Leafeon
|faint|p2a: Kingambit
|-end|p2a: Kingambit|fallen1|[silent]
|move|p1a: Leafeon|Knock Off|p2: Kingambit|[notarget]
|-fail|p1a: Leafeon
|
|upkeep
|-message|mcacma forfeited.
|
|win|itstheboyjay
|raw|itstheboyjay's rating: 1084 &rarr; <strong>1111</strong><br />(+27 for winning)
|raw|mcacma's rating: 1075 &rarr; <strong>1054</strong><br />(-21 for losing)
|l|☆mcacma
|player|p2|
|l|☆itstheboyjay
|player|p1|
