|j|☆1mN0tD1zzy
|j|☆RedArrow67
|t:|1779667952
|gametype|singles
|player|p1|1mN0tD1zzy|benga|1212
|player|p2|RedArrow67|169|1224
|gen|9
|tier|[Gen 9] OU
|rated|
|rule|HP Percentage Mod: HP is shown in percentages
|rule|Endless Battle Clause: Forcing endless battles is banned
|rule|Species Clause: Limit one of each Pokémon
|rule|OHKO Clause: OHKO moves are banned
|rule|Evasion Items Clause: Evasion items are banned
|rule|Evasion Moves Clause: Evasion moves are banned
|rule|Evasion Abilities Clause: Evasion abilities are banned
|rule|Sleep Moves Clause: Sleep-inducing moves are banned
|clearpoke
|poke|p1|Feebas, M|
|poke|p1|Luvdisc, M|
|poke|p1|Overqwil, F|
|poke|p1|Barraskewda, F|
|poke|p1|Magikarp, F|
|poke|p1|Minior-Indigo|
|poke|p2|Darkrai|
|poke|p2|Gholdengo|
|poke|p2|Ogerpon-Wellspring, F|
|poke|p2|Iron Valiant|
|poke|p2|Iron Treads|
|poke|p2|Garchomp, M|
|teampreview
|
|t:|1779667957
|teamsize|p1|6
|teamsize|p2|6
|start
|switch|p1a: Luvdisc|Luvdisc, M|100/100
|switch|p2a: Garchomp|Garchomp, M|100/100
|turn|1
|
|t:|1779667962
|move|p1a: Luvdisc|Endeavor|p2a: Garchomp
|-damage|p2a: Garchomp|55/100
|-damage|p1a: Luvdisc|88/100|[from] ability: Rough Skin|[of] p2a: Garchomp
|-damage|p1a: Luvdisc|72/100|[from] item: Rocky Helmet|[of] p2a: Garchomp
|move|p2a: Garchomp|Stealth Rock|p1a: Luvdisc
|-sidestart|p1: 1mN0tD1zzy|move: Stealth Rock
|
|upkeep
|turn|2
|
|t:|1779667967
|move|p1a: Luvdisc|Endeavor|p2a: Garchomp
|-damage|p2a: Garchomp|40/100
|-damage|p1a: Luvdisc|60/100|[from] ability: Rough Skin|[of] p2a: Garchomp
|-damage|p1a: Luvdisc|43/100|[from] item: Rocky Helmet|[of] p2a: Garchomp
|move|p2a: Garchomp|Spikes|p1a: Luvdisc
|-sidestart|p1: 1mN0tD1zzy|Spikes
|
|upkeep
|turn|3
|
|t:|1779667970
|move|p1a: Luvdisc|Endeavor|p2a: Garchomp
|-damage|p2a: Garchomp|24/100
|-damage|p1a: Luvdisc|31/100|[from] ability: Rough Skin|[of] p2a: Garchomp
|-damage|p1a: Luvdisc|15/100|[from] item: Rocky Helmet|[of] p2a: Garchomp
|move|p2a: Garchomp|Spikes|p1a: Luvdisc
|-sidestart|p1: 1mN0tD1zzy|Spikes
|
|upkeep
|turn|4
|
|t:|1779667974
|move|p1a: Luvdisc|Endeavor|p2a: Garchomp
|-damage|p2a: Garchomp|8/100
|-damage|p1a: Luvdisc|2/100|[from] ability: Rough Skin|[of] p2a: Garchomp
|-damage|p1a: Luvdisc|0 fnt|[from] item: Rocky Helmet|[of] p2a: Garchomp
|faint|p1a: Luvdisc
|move|p2a: Garchomp|Dragon Tail|p1: Luvdisc|[notarget]
|-fail|p2a: Garchomp
|
|upkeep
|
|t:|1779667979
|switch|p1a: Overqwil|Overqwil, F|100/100
|turn|5
|
|t:|1779667982
|-terastallize|p1a: Overqwil|Dark
|move|p1a: Overqwil|Rain Dance|p1a: Overqwil
|-weather|RainDance
|move|p2a: Garchomp|Earthquake|p1a: Overqwil
|-damage|p1a: Overqwil|52/100
|
|-weather|RainDance|[upkeep]
|upkeep
|turn|6
|
|t:|1779667989
|move|p1a: Overqwil|Liquidation|p2a: Garchomp
|-damage|p2a: Garchomp|0 fnt
|-damage|p1a: Overqwil|40/100|[from] ability: Rough Skin|[of] p2a: Garchomp
|-damage|p1a: Overqwil|23/100|[from] item: Rocky Helmet|[of] p2a: Garchomp
|faint|p2a: Garchomp
|
|-weather|RainDance|[upkeep]
|upkeep
|
|t:|1779667992
|switch|p2a: Darkrai|Darkrai|100/100
|turn|7
|
|t:|1779667997
|move|p1a: Overqwil|Barb Barrage|p2a: Darkrai
|-damage|p2a: Darkrai|57/100
|-status|p2a: Darkrai|psn
|move|p2a: Darkrai|Dark Pulse|p1a: Overqwil
|-resisted|p1a: Overqwil
|-damage|p1a: Overqwil|0 fnt
|faint|p1a: Overqwil
|
|-weather|RainDance|[upkeep]
|-damage|p2a: Darkrai|44/100 psn|[from] psn
|upkeep
|c|☆1mN0tD1zzy|forgot toxic spikes
|c|☆1mN0tD1zzy|real
|
|t:|1779668009
|switch|p1a: Barraskewda|Barraskewda, F|100/100
|-damage|p1a: Barraskewda|88/100|[from] Stealth Rock
|-damage|p1a: Barraskewda|72/100|[from] Spikes
|turn|8
|
|t:|1779668013
|move|p1a: Barraskewda|Waterfall|p2a: Darkrai
|-damage|p2a: Darkrai|0 fnt
|faint|p2a: Darkrai
|-damage|p1a: Barraskewda|62/100|[from] item: Life Orb
|
|-weather|RainDance|[upkeep]
|upkeep
|
|t:|1779668016
|switch|p2a: Ogerpon|Ogerpon-Wellspring, F|100/100
|turn|9
|
|t:|1779668019
|-terastallize|p2a: Ogerpon|Water
|detailschange|p2a: Ogerpon|Ogerpon-Wellspring-Tera, F, tera:Water
|-ability|p2a: Ogerpon|Embody Aspect (Wellspring)|boost
|-boost|p2a: Ogerpon|spd|1
|move|p1a: Barraskewda|Waterfall|p2a: Ogerpon
|-resisted|p2a: Ogerpon
|-damage|p2a: Ogerpon|52/100
|-damage|p1a: Barraskewda|52/100|[from] item: Life Orb
|move|p2a: Ogerpon|Trailblaze|p1a: Barraskewda
|-supereffective|p1a: Barraskewda
|-damage|p1a: Barraskewda|0 fnt
|-boost|p2a: Ogerpon|spe|1
|faint|p1a: Barraskewda
|
|-weather|none
|upkeep
|
|t:|1779668028
|switch|p1a: Aura|Magikarp, F|100/100
|-damage|p1a: Aura|88/100|[from] Stealth Rock
|-damage|p1a: Aura|72/100|[from] Spikes
|turn|10
|
|t:|1779668032
|move|p2a: Ogerpon|Trailblaze|p1a: Aura
|-supereffective|p1a: Aura
|-damage|p1a: Aura|0 fnt
|-boost|p2a: Ogerpon|spe|1
|faint|p1a: Aura
|
|upkeep
|
|t:|1779668037
|switch|p1a: Minior|Minior-Indigo|100/100
|-damage|p1a: Minior|76/100|[from] Stealth Rock
|-formechange|p1a: Minior|Minior-Meteor||[from] ability: Shields Down
|turn|11
|
|t:|1779668043
|move|p2a: Ogerpon|Ivy Cudgel|p1a: Minior|[anim] Ivy Cudgel Water
|-supereffective|p1a: Minior
|-damage|p1a: Minior|0 fnt
|faint|p1a: Minior
|
|upkeep
|-message|1mN0tD1zzy forfeited.
|
|win|RedArrow67
|raw|1mN0tD1zzy's rating: 1212 &rarr; <strong>1188</strong><br />(-24 for losing)
|raw|RedArrow67's rating: 1224 &rarr; <strong>1248</strong><br />(+24 for winning)
|l|☆1mN0tD1zzy
|player|p1|
|l|☆RedArrow67
|player|p2|
