|j|☆pokylemon
|j|☆eshu114514
|t:|1779597932
|gametype|singles
|player|p1|pokylemon|170|1000
|player|p2|eshu114514|102|1000
|gen|9
|tier|[Gen 9] OU
|rated|
|rule|HP Percentage Mod: HP is shown in percentages
|rule|Endless Battle Clause: Forcing endless battles is banned
|rule|Species Clause: Limit one of each Pokémon
|rule|OHKO Clause: OHKO moves are banned
|rule|Evasion Items Clause: Evasion items are banned
|rule|Evasion Moves Clause: Evasion moves are banned
|rule|Evasion Abilities Clause: Evasion abilities are banned
|rule|Sleep Moves Clause: Sleep-inducing moves are banned
|clearpoke
|poke|p1|Landorus-Therian, M|
|poke|p1|Alomomola, M|
|poke|p1|Skeledirge, F|
|poke|p1|Slowking-Galar, M|
|poke|p1|Regieleki|
|poke|p1|Zapdos-Galar|
|poke|p2|Dragonite, M|
|poke|p2|Garganacl, F|
|poke|p2|Cinderace, F|
|poke|p2|Deoxys-Speed|
|poke|p2|Dragapult, M|
|poke|p2|Corviknight, F|
|teampreview
|inactive|Battle timer is ON: inactive players will automatically lose when time's up. (requested by pokylemon)
|
|t:|1779597946
|teamsize|p1|6
|teamsize|p2|6
|start
|switch|p1a: Maybe I'm a Lion|Landorus-Therian, M|100/100
|switch|p2a: Dragonite|Dragonite, M|100/100
|-ability|p1a: Maybe I'm a Lion|Intimidate|boost
|-unboost|p2a: Dragonite|atk|1
|turn|1
|
|t:|1779597958
|move|p1a: Maybe I'm a Lion|Stealth Rock|p2a: Dragonite
|-sidestart|p2: eshu114514|move: Stealth Rock
|move|p2a: Dragonite|Dragon Dance|p2a: Dragonite
|-boost|p2a: Dragonite|atk|1
|-boost|p2a: Dragonite|spe|1
|
|upkeep
|turn|2
|
|t:|1779597968
|move|p2a: Dragonite|Extreme Speed|p1a: Maybe I'm a Lion
|-damage|p1a: Maybe I'm a Lion|69/100
|move|p1a: Maybe I'm a Lion|U-turn|p2a: Dragonite
|-resisted|p2a: Dragonite
|-crit|p2a: Dragonite
|-damage|p2a: Dragonite|90/100
|inactive|pokylemon has 120 seconds left.
|
|t:|1779598006
|switch|p1a: Zapdos|Zapdos-Galar|100/100|[from] U-turn
|
|-heal|p2a: Dragonite|96/100|[from] item: Leftovers
|upkeep
|turn|3
|inactive|pokylemon has 120 seconds left.
|
|t:|1779598017
|move|p2a: Dragonite|Dragon Dance|p2a: Dragonite
|-boost|p2a: Dragonite|atk|1
|-boost|p2a: Dragonite|spe|1
|move|p1a: Zapdos|U-turn|p2a: Dragonite
|-resisted|p2a: Dragonite
|-damage|p2a: Dragonite|77/100
|
|t:|1779598024
|switch|p1a: The Croc is Lava|Skeledirge, F|100/100|[from] U-turn
|
|-heal|p2a: Dragonite|83/100|[from] item: Leftovers
|upkeep
|turn|4
|inactive|pokylemon has 120 seconds left.
|
|t:|1779598048
|move|p2a: Dragonite|Brick Break|p1a: The Croc is Lava
|-immune|p1a: The Croc is Lava
|move|p1a: The Croc is Lava|Will-O-Wisp|p2a: Dragonite|[miss]
|-miss|p1a: The Croc is Lava|p2a: Dragonite
|
|-heal|p2a: Dragonite|89/100|[from] item: Leftovers
|upkeep
|turn|5
|
|t:|1779598062
|move|p2a: Dragonite|Extreme Speed|p1a: The Croc is Lava
|-immune|p1a: The Croc is Lava
|move|p1a: The Croc is Lava|Will-O-Wisp|p2a: Dragonite
|-status|p2a: Dragonite|brn
|
|-heal|p2a: Dragonite|95/100 brn|[from] item: Leftovers
|-damage|p2a: Dragonite|89/100 brn|[from] brn
|upkeep
|turn|6
|inactive|pokylemon has 120 seconds left.
|
|t:|1779598075
|move|p1a: The Croc is Lava|Hex|p2a: Dragonite
|-damage|p2a: Dragonite|41/100 brn
|move|p2a: Dragonite|Dragon Tail|p1a: The Croc is Lava
|-damage|p1a: The Croc is Lava|87/100
|drag|p1a: Zapdos|Zapdos-Galar|100/100
|
|-heal|p2a: Dragonite|47/100 brn|[from] item: Leftovers
|-damage|p2a: Dragonite|41/100 brn|[from] brn
|upkeep
|turn|7
|inactive|pokylemon has 120 seconds left.
|
|t:|1779598087
|move|p2a: Dragonite|Brick Break|p1a: Zapdos
|-resisted|p1a: Zapdos
|-damage|p1a: Zapdos|88/100
|move|p1a: Zapdos|Drill Peck|p2a: Dragonite
|-damage|p2a: Dragonite|0 fnt
|faint|p2a: Dragonite
|
|upkeep
|
|t:|1779598098
|switch|p2a: Cinderace|Cinderace, F|100/100
|-damage|p2a: Cinderace|76/100|[from] Stealth Rock
|turn|8
|inactive|pokylemon has 120 seconds left.
|
|t:|1779598111
|move|p2a: Cinderace|Court Change|p2a: Cinderace
|-swapsideconditions
|-activate|p2a: Cinderace|move: Court Change
|move|p1a: Zapdos|Drill Peck|p2a: Cinderace
|-damage|p2a: Cinderace|0 fnt
|faint|p2a: Cinderace
|
|upkeep
|
|t:|1779598121
|switch|p2a: Corviknight|Corviknight, F|100/100
|turn|9
|inactive|pokylemon has 120 seconds left.
|
|t:|1779598157
|switch|p1a: Jesus is King|Slowking-Galar, M|100/100
|move|p2a: Corviknight|Bulk Up|p2a: Corviknight
|-boost|p2a: Corviknight|atk|1
|-boost|p2a: Corviknight|def|1
|
|upkeep
|turn|10
|
|t:|1779598185
|move|p2a: Corviknight|Drill Peck|p1a: Jesus is King
|-damage|p1a: Jesus is King|43/100
|-prepare|p1a: Jesus is King|Chilly Reception|[premajor]
|move|p1a: Jesus is King|Chilly Reception|p1a: Jesus is King
|-weather|Snowscape
|inactive|pokylemon has 90 seconds left.
|
|t:|1779598211
|switch|p1a: Zip Zap|Regieleki|100/100|[from] Chilly Reception
|
|-weather|Snowscape|[upkeep]
|upkeep
|turn|11
|
|t:|1779598223
|move|p1a: Zip Zap|Electro Ball|p2a: Corviknight
|-supereffective|p2a: Corviknight
|-damage|p2a: Corviknight|0 fnt
|faint|p2a: Corviknight
|
|-weather|Snowscape|[upkeep]
|upkeep
|
|t:|1779598230
|switch|p2a: Garganacl|Garganacl, F|100/100
|turn|12
|inactive|pokylemon has 90 seconds left.
|inactive|eshu114514 has 120 seconds left.
|
|t:|1779598256
|move|p1a: Zip Zap|Volt Switch|p2a: Garganacl
|-damage|p2a: Garganacl|65/100
|
|t:|1779598262
|switch|p1a: Fish Fear Me|Alomomola, M|100/100|[from] Volt Switch
|move|p2a: Garganacl|Salt Cure|p1a: Fish Fear Me
|-damage|p1a: Fish Fear Me|91/100
|-start|p1a: Fish Fear Me|Salt Cure
|
|-weather|Snowscape|[upkeep]
|-heal|p2a: Garganacl|71/100|[from] item: Leftovers
|-damage|p1a: Fish Fear Me|66/100|[from] Salt Cure
|upkeep
|turn|13
|
|t:|1779598275
|move|p1a: Fish Fear Me|Flip Turn|p2a: Garganacl
|-supereffective|p2a: Garganacl
|-damage|p2a: Garganacl|51/100
|inactive|pokylemon has 60 seconds left.
|
|t:|1779598307
|switch|p1a: Jesus is King|Slowking-Galar, M|77/100|[from] Flip Turn
|move|p2a: Garganacl|Hammer Arm|p1a: Jesus is King|[miss]
|-miss|p2a: Garganacl|p1a: Jesus is King
|
|-weather|Snowscape|[upkeep]
|-heal|p2a: Garganacl|57/100|[from] item: Leftovers
|upkeep
|turn|14
|inactive|pokylemon has 60 seconds left.
|
|t:|1779598320
|switch|p2a: Dragapult|Dragapult, M|100/100
|move|p1a: Jesus is King|Future Sight|p2a: Dragapult
|-start|p1a: Jesus is King|move: Future Sight
|
|-weather|none
|upkeep
|turn|15
|inactive|pokylemon has 60 seconds left.
|
|t:|1779598345
|move|p2a: Dragapult|Dragon Dance|p2a: Dragapult
|-boost|p2a: Dragapult|atk|1
|-boost|p2a: Dragapult|spe|1
|-prepare|p1a: Jesus is King|Chilly Reception|[premajor]
|move|p1a: Jesus is King|Chilly Reception|p1a: Jesus is King
|-weather|Snowscape
|
|t:|1779598352
|switch|p1a: The Croc is Lava|Skeledirge, F|87/100|[from] Chilly Reception
|
|-weather|Snowscape|[upkeep]
|upkeep
|turn|16
|
|t:|1779598361
|move|p2a: Dragapult|Dragon Claw|p1a: The Croc is Lava
|-damage|p1a: The Croc is Lava|54/100
|move|p1a: The Croc is Lava|Hex|p2a: Dragapult
|-supereffective|p2a: Dragapult
|-damage|p2a: Dragapult|29/100
|
|-weather|Snowscape|[upkeep]
|-end|p2a: Dragapult|move: Future Sight
|-damage|p2a: Dragapult|0 fnt
|faint|p2a: Dragapult
|upkeep
|
|t:|1779598374
|switch|p2a: Garganacl|Garganacl, F|57/100
|turn|17
|
|t:|1779598383
|switch|p1a: Fish Fear Me|Alomomola, M|99/100
|move|p2a: Garganacl|Recover|p2a: Garganacl
|-heal|p2a: Garganacl|100/100
|
|-weather|Snowscape|[upkeep]
|upkeep
|turn|18
|
|t:|1779598392
|move|p1a: Fish Fear Me|Wish|p1a: Fish Fear Me
|move|p2a: Garganacl|Salt Cure|p1a: Fish Fear Me
|-damage|p1a: Fish Fear Me|89/100
|-start|p1a: Fish Fear Me|Salt Cure
|
|-weather|Snowscape|[upkeep]
|-damage|p1a: Fish Fear Me|64/100|[from] Salt Cure
|upkeep
|turn|19
|
|t:|1779598400
|move|p1a: Fish Fear Me|Flip Turn|p2a: Garganacl
|-supereffective|p2a: Garganacl
|-damage|p2a: Garganacl|79/100
|
|t:|1779598407
|switch|p1a: Jesus is King|Slowking-Galar, M|100/100|[from] Flip Turn
|move|p2a: Garganacl|Salt Cure|p1a: Jesus is King
|-damage|p1a: Jesus is King|83/100
|-start|p1a: Jesus is King|Salt Cure
|
|-weather|none
|-heal|p1a: Jesus is King|100/100|[from] move: Wish|[wisher] Fish Fear Me
|-heal|p2a: Garganacl|85/100|[from] item: Leftovers
|-damage|p1a: Jesus is King|88/100|[from] Salt Cure
|upkeep
|turn|20
|
|t:|1779598432
|switch|p2a: Deoxys|Deoxys-Speed|100/100
|-ability|p2a: Deoxys|Pressure
|move|p1a: Jesus is King|Future Sight|p2a: Deoxys
|-start|p1a: Jesus is King|move: Future Sight
|
|-damage|p1a: Jesus is King|76/100|[from] Salt Cure
|upkeep
|turn|21
|inactive|pokylemon has 90 seconds left.
|inactive|eshu114514 has 120 seconds left.
|
|t:|1779598467
|move|p2a: Deoxys|Drain Punch|p1a: Jesus is King
|-resisted|p1a: Jesus is King
|-damage|p1a: Jesus is King|71/100
|move|p1a: Jesus is King|Thunder Wave|p2a: Deoxys
|-status|p2a: Deoxys|par
|
|-damage|p1a: Jesus is King|59/100|[from] Salt Cure
|upkeep
|turn|22
|
|t:|1779598491
|switch|p2a: Garganacl|Garganacl, F|85/100
|-prepare|p1a: Jesus is King|Chilly Reception|[premajor]
|move|p1a: Jesus is King|Chilly Reception|p1a: Jesus is King
|-weather|Snowscape
|-message|eshu114514 forfeited.
|
|win|pokylemon
|raw|pokylemon's rating: 1000 &rarr; <strong>1040</strong><br />(+40 for winning)
|raw|eshu114514's rating: 1000 &rarr; <strong>1000</strong><br />(+0 for losing)
|l|☆eshu114514
|player|p2|
