|j|☆Nickthenickthenick
|j|‽farakh345677
|t:|1779718362
|gametype|singles
|player|p1|Nickthenickthenick|101|1419
|player|p2|farakh345677|169|1446
|gen|9
|tier|[Gen 9] OU
|rated|
|rule|HP Percentage Mod: HP is shown in percentages
|rule|Endless Battle Clause: Forcing endless battles is banned
|rule|Species Clause: Limit one of each Pokémon
|rule|OHKO Clause: OHKO moves are banned
|rule|Evasion Items Clause: Evasion items are banned
|rule|Evasion Moves Clause: Evasion moves are banned
|rule|Evasion Abilities Clause: Evasion abilities are banned
|rule|Sleep Moves Clause: Sleep-inducing moves are banned
|clearpoke
|poke|p1|Raikou|
|poke|p1|Entei|
|poke|p1|Suicune|
|poke|p1|Tyranitar, F|
|poke|p1|Porygon2|
|poke|p1|Hatterene, F|
|poke|p2|Great Tusk|
|poke|p2|Gholdengo|
|poke|p2|Iron Valiant|
|poke|p2|Kingambit, M|
|poke|p2|Raging Bolt|
|poke|p2|Ogerpon-Wellspring, F|
|teampreview
|
|t:|1779718374
|teamsize|p1|6
|teamsize|p2|6
|start
|switch|p1a: Raikou|Raikou|100/100
|switch|p2a: Gholdengo|Gholdengo|100/100
|-ability|p1a: Raikou|Pressure
|turn|1
|inactive|Battle timer is ON: inactive players will automatically lose when time's up. (requested by farakh345677)
|
|t:|1779718380
|switch|p2a: Raging Bolt|Raging Bolt|100/100
|-enditem|p2a: Raging Bolt|Booster Energy
|-activate|p2a: Raging Bolt|ability: Protosynthesis|[fromitem]
|-start|p2a: Raging Bolt|protosynthesisspa
|move|p1a: Raikou|Discharge|p2a: Raging Bolt
|-resisted|p2a: Raging Bolt
|-damage|p2a: Raging Bolt|92/100
|
|upkeep
|turn|2
|
|t:|1779718388
|switch|p1a: Tyranitar|Tyranitar, F|100/100
|-weather|Sandstorm|[from] ability: Sand Stream|[of] p1a: Tyranitar
|-end|p2a: Raging Bolt|Protosynthesis|[silent]
|switch|p2a: Great Tusk|Great Tusk|100/100
|
|-weather|Sandstorm|[upkeep]
|upkeep
|turn|3
|
|t:|1779718393
|switch|p1a: Hatterene|Hatterene, F|100/100
|move|p2a: Great Tusk|Headlong Rush|p1a: Hatterene
|-damage|p1a: Hatterene|48/100
|-unboost|p2a: Great Tusk|def|1
|-unboost|p2a: Great Tusk|spd|1
|
|-weather|Sandstorm|[upkeep]
|-damage|p1a: Hatterene|42/100|[from] Sandstorm
|-heal|p1a: Hatterene|48/100|[from] item: Leftovers
|upkeep
|turn|4
|
|t:|1779718401
|move|p2a: Great Tusk|Headlong Rush|p1a: Hatterene
|-damage|p1a: Hatterene|0 fnt
|-unboost|p2a: Great Tusk|def|1
|-unboost|p2a: Great Tusk|spd|1
|faint|p1a: Hatterene
|
|-weather|Sandstorm|[upkeep]
|upkeep
|
|t:|1779718411
|switch|p1a: Suicune|Suicune|100/100
|-ability|p1a: Suicune|Pressure
|turn|5
|
|t:|1779718414
|-end|p2a: Great Tusk|Protosynthesis|[silent]
|switch|p2a: Ogerpon|Ogerpon-Wellspring, F|100/100
|move|p1a: Suicune|Ice Beam|p2a: Ogerpon
|-damage|p2a: Ogerpon|76/100
|
|-weather|Sandstorm|[upkeep]
|-damage|p2a: Ogerpon|70/100|[from] Sandstorm
|-damage|p1a: Suicune|94/100|[from] Sandstorm
|-heal|p1a: Suicune|100/100|[from] item: Leftovers
|upkeep
|turn|6
|
|t:|1779718420
|switch|p1a: Porygon2|Porygon2|100/100
|-ability|p1a: Porygon2|Water Absorb|Trace|[from] ability: Trace|[of] p2a: Ogerpon
|move|p2a: Ogerpon|Horn Leech|p1a: Porygon2
|-damage|p1a: Porygon2|79/100
|-heal|p2a: Ogerpon|84/100|[from] drain|[of] p1a: Porygon2
|
|-weather|none
|upkeep
|turn|7
|
|t:|1779718424
|switch|p2a: Gholdengo|Gholdengo|100/100
|move|p1a: Porygon2|Thunder Wave|p2a: Gholdengo
|-immune|p2a: Gholdengo|[from] ability: Good as Gold
|
|upkeep
|turn|8
|
|t:|1779718429
|switch|p1a: Tyranitar|Tyranitar, F|100/100
|-weather|Sandstorm|[from] ability: Sand Stream|[of] p1a: Tyranitar
|move|p2a: Gholdengo|Trick|p1a: Tyranitar
|-activate|p2a: Gholdengo|move: Trick|[of] p1a: Tyranitar
|-item|p1a: Tyranitar|Choice Scarf|[from] move: Trick
|-item|p2a: Gholdengo|Leftovers|[from] move: Trick
|
|-weather|Sandstorm|[upkeep]
|upkeep
|turn|9
|
|t:|1779718433
|switch|p2a: Great Tusk|Great Tusk|100/100
|move|p1a: Tyranitar|Knock Off|p2a: Great Tusk
|-resisted|p2a: Great Tusk
|-damage|p2a: Great Tusk|84/100
|-damage|p1a: Tyranitar|84/100|[from] item: Rocky Helmet|[of] p2a: Great Tusk
|-enditem|p2a: Great Tusk|Rocky Helmet|[from] move: Knock Off|[of] p1a: Tyranitar
|
|-weather|Sandstorm|[upkeep]
|upkeep
|turn|10
|
|t:|1779718439
|switch|p1a: Porygon2|Porygon2|79/100
|move|p2a: Great Tusk|Stealth Rock|p1a: Porygon2
|-sidestart|p1: Nickthenickthenick|move: Stealth Rock
|
|-weather|Sandstorm|[upkeep]
|-damage|p1a: Porygon2|73/100|[from] Sandstorm
|upkeep
|turn|11
|
|t:|1779718442
|-end|p2a: Great Tusk|Protosynthesis|[silent]
|switch|p2a: Gholdengo|Gholdengo|100/100
|-ability|p1a: Porygon2|Good as Gold|Trace|[from] ability: Trace|[of] p2a: Gholdengo
|move|p1a: Porygon2|Ice Beam|p2a: Gholdengo
|-resisted|p2a: Gholdengo
|-damage|p2a: Gholdengo|89/100
|
|-weather|Sandstorm|[upkeep]
|-damage|p1a: Porygon2|67/100|[from] Sandstorm
|-heal|p2a: Gholdengo|95/100|[from] item: Leftovers
|upkeep
|turn|12
|
|t:|1779718447
|move|p2a: Gholdengo|Trick|p1a: Porygon2
|-immune|p1a: Porygon2|[from] ability: Good as Gold
|move|p1a: Porygon2|Foul Play|p2a: Gholdengo
|-supereffective|p2a: Gholdengo
|-damage|p2a: Gholdengo|69/100
|
|-weather|none
|-heal|p2a: Gholdengo|75/100|[from] item: Leftovers
|upkeep
|turn|13
|
|t:|1779718461
|move|p2a: Gholdengo|Focus Blast|p1a: Porygon2|[miss]
|-miss|p2a: Gholdengo|p1a: Porygon2
|move|p1a: Porygon2|Recover|p1a: Porygon2
|-heal|p1a: Porygon2|100/100
|
|-heal|p2a: Gholdengo|81/100|[from] item: Leftovers
|upkeep
|turn|14
|
|t:|1779718465
|move|p2a: Gholdengo|Focus Blast|p1a: Porygon2
|-supereffective|p1a: Porygon2
|-damage|p1a: Porygon2|43/100
|move|p1a: Porygon2|Foul Play|p2a: Gholdengo
|-supereffective|p2a: Gholdengo
|-damage|p2a: Gholdengo|58/100
|
|-heal|p2a: Gholdengo|64/100|[from] item: Leftovers
|upkeep
|turn|15
|
|t:|1779718476
|move|p2a: Gholdengo|Focus Blast|p1a: Porygon2|[miss]
|-miss|p2a: Gholdengo|p1a: Porygon2
|move|p1a: Porygon2|Recover|p1a: Porygon2
|-heal|p1a: Porygon2|93/100
|
|-heal|p2a: Gholdengo|70/100|[from] item: Leftovers
|upkeep
|turn|16
|
|t:|1779718480
|move|p2a: Gholdengo|Focus Blast|p1a: Porygon2|[miss]
|-miss|p2a: Gholdengo|p1a: Porygon2
|move|p1a: Porygon2|Ice Beam|p2a: Gholdengo
|-resisted|p2a: Gholdengo
|-damage|p2a: Gholdengo|58/100
|
|-heal|p2a: Gholdengo|64/100|[from] item: Leftovers
|upkeep
|turn|17
|
|t:|1779718487
|move|p2a: Gholdengo|Focus Blast|p1a: Porygon2
|-supereffective|p1a: Porygon2
|-damage|p1a: Porygon2|36/100
|move|p1a: Porygon2|Recover|p1a: Porygon2
|-heal|p1a: Porygon2|86/100
|
|-heal|p2a: Gholdengo|70/100|[from] item: Leftovers
|upkeep
|turn|18
|
|t:|1779718494
|move|p2a: Gholdengo|Focus Blast|p1a: Porygon2
|-supereffective|p1a: Porygon2
|-damage|p1a: Porygon2|33/100
|move|p1a: Porygon2|Foul Play|p2a: Gholdengo
|-supereffective|p2a: Gholdengo
|-damage|p2a: Gholdengo|47/100
|
|-heal|p2a: Gholdengo|53/100|[from] item: Leftovers
|upkeep
|turn|19
|
|t:|1779718498
|move|p2a: Gholdengo|Focus Blast|p1a: Porygon2
|-supereffective|p1a: Porygon2
|-damage|p1a: Porygon2|0 fnt
|faint|p1a: Porygon2
|
|-heal|p2a: Gholdengo|59/100|[from] item: Leftovers
|upkeep
|
|t:|1779718518
|switch|p1a: Entei|Entei|100/100
|-ability|p1a: Entei|Pressure
|turn|20
|
|t:|1779718540
|switch|p2a: Raging Bolt|Raging Bolt|92/100
|move|p1a: Entei|Sacred Fire|p2a: Raging Bolt
|-resisted|p2a: Raging Bolt
|-damage|p2a: Raging Bolt|73/100
|-status|p2a: Raging Bolt|brn
|
|-damage|p2a: Raging Bolt|67/100 brn|[from] brn
|upkeep
|turn|21
|
|t:|1779718550
|-end|p2a: Raging Bolt|Protosynthesis|[silent]
|switch|p2a: Great Tusk|Great Tusk|84/100
|-terastallize|p1a: Entei|Ground
|move|p1a: Entei|Calm Mind|p1a: Entei
|-boost|p1a: Entei|spa|1
|-boost|p1a: Entei|spd|1
|
|upkeep
|turn|22
|
|t:|1779718557
|move|p2a: Great Tusk|Headlong Rush|p1a: Entei
|-damage|p1a: Entei|64/100
|-unboost|p2a: Great Tusk|def|1
|-unboost|p2a: Great Tusk|spd|1
|move|p1a: Entei|Scorching Sands|p2a: Great Tusk
|-damage|p2a: Great Tusk|17/100
|
|upkeep
|turn|23
|
|t:|1779718570
|move|p2a: Great Tusk|Ice Spinner|p1a: Entei
|-supereffective|p1a: Entei
|-damage|p1a: Entei|30/100
|move|p1a: Entei|Scorching Sands|p2a: Great Tusk
|-damage|p2a: Great Tusk|0 fnt
|faint|p2a: Great Tusk
|-end|p2a: Great Tusk|Protosynthesis|[silent]
|
|upkeep
|
|t:|1779718575
|switch|p2a: Ogerpon|Ogerpon-Wellspring, F|84/100
|turn|24
|
|t:|1779718578
|move|p2a: Ogerpon|Horn Leech|p1a: Entei
|-supereffective|p1a: Entei
|-damage|p1a: Entei|0 fnt
|-heal|p2a: Ogerpon|100/100|[from] drain|[of] p1a: Entei
|faint|p1a: Entei
|
|upkeep
|
|t:|1779718582
|switch|p1a: Raikou|Raikou|100/100
|-damage|p1a: Raikou|88/100|[from] Stealth Rock
|-ability|p1a: Raikou|Pressure
|turn|25
|
|t:|1779718586
|switch|p2a: Raging Bolt|Raging Bolt|67/100 brn
|move|p1a: Raikou|Discharge|p2a: Raging Bolt
|-resisted|p2a: Raging Bolt
|-crit|p2a: Raging Bolt
|-damage|p2a: Raging Bolt|52/100 brn
|
|-heal|p1a: Raikou|94/100|[from] item: Leftovers
|-damage|p2a: Raging Bolt|46/100 brn|[from] brn
|upkeep
|turn|26
|
|t:|1779718591
|-end|p2a: Raging Bolt|Protosynthesis|[silent]
|switch|p2a: Ogerpon|Ogerpon-Wellspring, F|100/100
|move|p1a: Raikou|Calm Mind|p1a: Raikou
|-boost|p1a: Raikou|spa|1
|-boost|p1a: Raikou|spd|1
|
|-heal|p1a: Raikou|100/100|[from] item: Leftovers
|upkeep
|turn|27
|
|t:|1779718595
|move|p1a: Raikou|Discharge|p2a: Ogerpon
|-damage|p2a: Ogerpon|38/100
|-status|p2a: Ogerpon|par
|move|p2a: Ogerpon|Encore|p1a: Raikou
|-start|p1a: Raikou|Encore
|
|upkeep
|turn|28
|
|t:|1779718603
|switch|p2a: Kingambit|Kingambit, M|100/100
|-activate|p2a: Kingambit|ability: Supreme Overlord
|-start|p2a: Kingambit|fallen1|[silent]
|move|p1a: Raikou|Discharge|p2a: Kingambit
|-damage|p2a: Kingambit|33/100
|-status|p2a: Kingambit|par
|-enditem|p2a: Kingambit|Lum Berry|[eat]
|-curestatus|p2a: Kingambit|par|[msg]
|
|upkeep
|turn|29
|
|t:|1779718610
|move|p2a: Kingambit|Sucker Punch|p1a: Raikou
|-damage|p1a: Raikou|35/100
|move|p1a: Raikou|Discharge|p2a: Kingambit
|-damage|p2a: Kingambit|0 fnt
|faint|p2a: Kingambit
|-end|p2a: Kingambit|fallen1|[silent]
|
|-heal|p1a: Raikou|41/100|[from] item: Leftovers
|upkeep
|
|t:|1779718614
|switch|p2a: Raging Bolt|Raging Bolt|46/100 brn
|turn|30
|
|t:|1779718629
|move|p1a: Raikou|Discharge|p2a: Raging Bolt
|-resisted|p2a: Raging Bolt
|-damage|p2a: Raging Bolt|33/100 brn
|move|p2a: Raging Bolt|Dragon Pulse|p1a: Raikou
|-crit|p1a: Raikou
|-damage|p1a: Raikou|0 fnt
|faint|p1a: Raikou
|
|-damage|p2a: Raging Bolt|27/100 brn|[from] brn
|upkeep
|
|t:|1779718636
|switch|p1a: Tyranitar|Tyranitar, F|84/100
|-damage|p1a: Tyranitar|72/100|[from] Stealth Rock
|-weather|Sandstorm|[from] ability: Sand Stream|[of] p1a: Tyranitar
|turn|31
|
|t:|1779718643
|move|p2a: Raging Bolt|Thunderclap|p1a: Tyranitar
|-damage|p1a: Tyranitar|56/100
|move|p1a: Tyranitar|Stone Edge|p2a: Raging Bolt
|-damage|p2a: Raging Bolt|0 fnt
|faint|p2a: Raging Bolt
|-end|p2a: Raging Bolt|Protosynthesis|[silent]
|
|-weather|Sandstorm|[upkeep]
|upkeep
|
|t:|1779718648
|switch|p2a: Iron Valiant|Iron Valiant|100/100
|-enditem|p2a: Iron Valiant|Booster Energy
|-activate|p2a: Iron Valiant|ability: Quark Drive|[fromitem]
|-start|p2a: Iron Valiant|quarkdrivespe
|turn|32
|
|t:|1779718650
|move|p2a: Iron Valiant|Moonblast|p1a: Tyranitar
|-supereffective|p1a: Tyranitar
|-damage|p1a: Tyranitar|20/100
|move|p1a: Tyranitar|Stone Edge|p2a: Iron Valiant|[miss]
|-miss|p1a: Tyranitar|p2a: Iron Valiant
|
|-weather|Sandstorm|[upkeep]
|-damage|p2a: Iron Valiant|94/100|[from] Sandstorm
|upkeep
|turn|33
|
|t:|1779718655
|move|p2a: Iron Valiant|Calm Mind|p2a: Iron Valiant
|-boost|p2a: Iron Valiant|spa|1
|-boost|p2a: Iron Valiant|spd|1
|move|p1a: Tyranitar|Stone Edge|p2a: Iron Valiant
|-resisted|p2a: Iron Valiant
|-crit|p2a: Iron Valiant
|-damage|p2a: Iron Valiant|48/100
|
|-weather|Sandstorm|[upkeep]
|-damage|p2a: Iron Valiant|41/100|[from] Sandstorm
|upkeep
|turn|34
|
|t:|1779718660
|move|p2a: Iron Valiant|Moonblast|p1a: Tyranitar
|-supereffective|p1a: Tyranitar
|-damage|p1a: Tyranitar|0 fnt
|faint|p1a: Tyranitar
|
|-weather|Sandstorm|[upkeep]
|-damage|p2a: Iron Valiant|35/100|[from] Sandstorm
|upkeep
|
|t:|1779718662
|switch|p1a: Suicune|Suicune|100/100
|-damage|p1a: Suicune|88/100|[from] Stealth Rock
|-ability|p1a: Suicune|Pressure
|turn|35
|
|t:|1779718665
|-end|p2a: Iron Valiant|Quark Drive|[silent]
|switch|p2a: Ogerpon|Ogerpon-Wellspring, F|38/100 par
|move|p1a: Suicune|Calm Mind|p1a: Suicune
|-boost|p1a: Suicune|spa|1
|-boost|p1a: Suicune|spd|1
|
|-weather|none
|-heal|p1a: Suicune|94/100|[from] item: Leftovers
|upkeep
|turn|36
|
|t:|1779718668
|move|p1a: Suicune|Ice Beam|p2a: Ogerpon
|-damage|p2a: Ogerpon|5/100 par
|move|p2a: Ogerpon|Encore|p1a: Suicune
|-start|p1a: Suicune|Encore
|
|-heal|p1a: Suicune|100/100|[from] item: Leftovers
|upkeep
|turn|37
|
|t:|1779718671
|move|p1a: Suicune|Ice Beam|p2a: Ogerpon
|-damage|p2a: Ogerpon|0 fnt
|faint|p2a: Ogerpon
|
|upkeep
|
|t:|1779718674
|switch|p2a: Gholdengo|Gholdengo|59/100
|turn|38
|
|t:|1779718676
|move|p2a: Gholdengo|Shadow Ball|p1a: Suicune
|-damage|p1a: Suicune|84/100
|move|p1a: Suicune|Ice Beam|p2a: Gholdengo
|-resisted|p2a: Gholdengo
|-damage|p2a: Gholdengo|44/100
|
|-heal|p2a: Gholdengo|50/100|[from] item: Leftovers
|-heal|p1a: Suicune|90/100|[from] item: Leftovers
|upkeep
|turn|39
|-message|farakh345677 forfeited.
|
|win|Nickthenickthenick
|raw|Nickthenickthenick's rating: 1419 &rarr; <strong>1441</strong><br />(+22 for winning)
|raw|farakh345677's rating: 1446 &rarr; <strong>1424</strong><br />(-22 for losing)
|l|‽farakh345677
|player|p2|
|l|☆Nickthenickthenick
|player|p1|
