|j|☆manabi.portoviejo
|j|☆my shitters
|t:|1779636835
|gametype|singles
|player|p1|manabi.portoviejo|2|1504
|player|p2|my shitters|preschooler|1533
|gen|9
|tier|[Gen 9] OU
|rated|
|rule|HP Percentage Mod: HP is shown in percentages
|rule|Endless Battle Clause: Forcing endless battles is banned
|rule|Species Clause: Limit one of each Pokémon
|rule|OHKO Clause: OHKO moves are banned
|rule|Evasion Items Clause: Evasion items are banned
|rule|Evasion Moves Clause: Evasion moves are banned
|rule|Evasion Abilities Clause: Evasion abilities are banned
|rule|Sleep Moves Clause: Sleep-inducing moves are banned
|clearpoke
|poke|p1|Indeedee-F, F|
|poke|p1|Hoopa-Unbound|
|poke|p1|Hawlucha, F|
|poke|p1|Iron Crown|
|poke|p1|Ursaluna, M|
|poke|p1|Deoxys-Defense|
|poke|p2|Sableye, M|
|poke|p2|Alcremie-Ruby-Swirl, F|
|poke|p2|Primeape, M|
|poke|p2|Ursaring, M|
|poke|p2|Brute Bonnet|
|poke|p2|Squawkabilly-Blue, M|
|teampreview
|inactive|Battle timer is ON: inactive players will automatically lose when time's up. (requested by my shitters)
|
|t:|1779636861
|teamsize|p1|6
|teamsize|p2|6
|start
|switch|p1a: Indeedee|Indeedee-F, F|100/100
|switch|p2a: BillyBlutcher|Squawkabilly-Blue, M|100/100
|-ability|p2a: BillyBlutcher|Intimidate|boost
|-unboost|p1a: Indeedee|atk|1
|-fieldstart|move: Psychic Terrain|[from] ability: Psychic Surge|[of] p1a: Indeedee
|turn|1
|
|t:|1779636864
|switch|p1a: Deoxys|Deoxys-Defense|100/100
|-ability|p1a: Deoxys|Pressure
|move|p2a: BillyBlutcher|Final Gambit|p1a: Deoxys
|-damage|p1a: Deoxys|0 fnt
|faint|p2a: BillyBlutcher
|faint|p1a: Deoxys
|
|upkeep
|
|t:|1779636879
|switch|p2a: GemPostin|Sableye, M|100/100
|switch|p1a: Iron Crown|Iron Crown|100/100
|-enditem|p1a: Iron Crown|Booster Energy
|-activate|p1a: Iron Crown|ability: Quark Drive|[fromitem]
|-start|p1a: Iron Crown|quarkdrivespa
|turn|2
|
|t:|1779636893
|move|p2a: GemPostin|Light Screen|p2a: GemPostin
|-sidestart|p2: my shitters|move: Light Screen
|move|p1a: Iron Crown|Tachyon Cutter|p2a: GemPostin
|-damage|p2a: GemPostin|70/100
|-damage|p2a: GemPostin|42/100
|-hitcount|p2a: GemPostin|2
|
|upkeep
|turn|3
|
|t:|1779636903
|switch|p2a: UngaBoonguss|Brute Bonnet|100/100
|-enditem|p2a: UngaBoonguss|Booster Energy
|-activate|p2a: UngaBoonguss|ability: Protosynthesis|[fromitem]
|-start|p2a: UngaBoonguss|protosynthesisatk
|move|p1a: Iron Crown|Tachyon Cutter|p2a: UngaBoonguss
|-damage|p2a: UngaBoonguss|87/100
|-damage|p2a: UngaBoonguss|71/100
|-hitcount|p2a: UngaBoonguss|2
|
|upkeep
|turn|4
|
|t:|1779636913
|move|p1a: Iron Crown|Focus Blast|p2a: UngaBoonguss
|-supereffective|p2a: UngaBoonguss
|-damage|p2a: UngaBoonguss|23/100
|move|p2a: UngaBoonguss|Crunch|p1a: Iron Crown
|-supereffective|p1a: Iron Crown
|-damage|p1a: Iron Crown|5/100
|
|upkeep
|turn|5
|
|t:|1779636922
|move|p1a: Iron Crown|Focus Blast|p2a: UngaBoonguss
|-supereffective|p2a: UngaBoonguss
|-damage|p2a: UngaBoonguss|0 fnt
|faint|p2a: UngaBoonguss
|-end|p2a: UngaBoonguss|Protosynthesis|[silent]
|
|upkeep
|
|t:|1779636945
|switch|p2a: OnePunchBear|Ursaring, M|100/100
|turn|6
|
|t:|1779636950
|move|p1a: Iron Crown|Expanding Force|p2a: OnePunchBear
|-damage|p2a: OnePunchBear|30/100
|move|p2a: OnePunchBear|Facade|p1a: Iron Crown
|-resisted|p1a: Iron Crown
|-damage|p1a: Iron Crown|0 fnt
|faint|p1a: Iron Crown
|-end|p1a: Iron Crown|Quark Drive|[silent]
|
|-status|p2a: OnePunchBear|brn|[from] item: Flame Orb
|upkeep
|
|t:|1779636965
|switch|p1a: Hawlucha|Hawlucha, F|100/100
|-enditem|p1a: Hawlucha|Psychic Seed
|-boost|p1a: Hawlucha|spd|1|[from] item: Psychic Seed
|turn|7
|
|t:|1779636968
|move|p1a: Hawlucha|Acrobatics|p2a: OnePunchBear
|-damage|p2a: OnePunchBear|0 fnt
|faint|p2a: OnePunchBear
|
|upkeep
|
|t:|1779636976
|switch|p2a: RobotAlcremicDrive|Alcremie-Ruby-Swirl, F|100/100
|turn|8
|
|t:|1779636979
|move|p1a: Hawlucha|Taunt|p2a: RobotAlcremicDrive
|-block|p2a: RobotAlcremicDrive|ability: Aroma Veil|[of] p2a: RobotAlcremicDrive
|move|p2a: RobotAlcremicDrive|Acid Armor|p2a: RobotAlcremicDrive
|-boost|p2a: RobotAlcremicDrive|def|2
|
|-fieldend|move: Psychic Terrain
|upkeep
|turn|9
|
|t:|1779636986
|switch|p1a: Indeedee|Indeedee-F, F|100/100
|-fieldstart|move: Psychic Terrain|[from] ability: Psychic Surge|[of] p1a: Indeedee
|move|p2a: RobotAlcremicDrive|Acid Armor|p2a: RobotAlcremicDrive
|-boost|p2a: RobotAlcremicDrive|def|2
|
|-sideend|p2: my shitters|move: Light Screen
|upkeep
|turn|10
|
|t:|1779636990
|move|p2a: RobotAlcremicDrive|Calm Mind|p2a: RobotAlcremicDrive
|-boost|p2a: RobotAlcremicDrive|spa|1
|-boost|p2a: RobotAlcremicDrive|spd|1
|move|p1a: Indeedee|Trick Room|p1a: Indeedee
|-fieldstart|move: Trick Room|[of] p1a: Indeedee
|
|upkeep
|turn|11
|
|t:|1779636995
|move|p1a: Indeedee|Healing Wish|p1a: Indeedee
|faint|p1a: Indeedee
|move|p2a: RobotAlcremicDrive|Calm Mind|p2a: RobotAlcremicDrive
|-boost|p2a: RobotAlcremicDrive|spa|1
|-boost|p2a: RobotAlcremicDrive|spd|1
|
|upkeep
|
|t:|1779636998
|switch|p1a: Hoopa|Hoopa-Unbound|100/100
|turn|12
|
|t:|1779637001
|move|p1a: Hoopa|Expanding Force|p2a: RobotAlcremicDrive
|-damage|p2a: RobotAlcremicDrive|61/100
|move|p2a: RobotAlcremicDrive|Draining Kiss|p1a: Hoopa
|-supereffective|p1a: Hoopa
|-damage|p1a: Hoopa|36/100
|-heal|p2a: RobotAlcremicDrive|100/100|[from] drain|[of] p1a: Hoopa
|
|upkeep
|turn|13
|
|t:|1779637008
|move|p1a: Hoopa|Expanding Force|p2a: RobotAlcremicDrive
|-damage|p2a: RobotAlcremicDrive|64/100
|move|p2a: RobotAlcremicDrive|Draining Kiss|p1a: Hoopa
|-supereffective|p1a: Hoopa
|-damage|p1a: Hoopa|0 fnt
|-heal|p2a: RobotAlcremicDrive|92/100|[from] drain|[of] p1a: Hoopa
|faint|p1a: Hoopa
|
|-heal|p2a: RobotAlcremicDrive|98/100|[from] item: Leftovers
|upkeep
|
|t:|1779637011
|switch|p1a: Ursaluna|Ursaluna, M|100/100
|turn|14
|
|t:|1779637015
|move|p1a: Ursaluna|Earthquake|p2a: RobotAlcremicDrive
|-damage|p2a: RobotAlcremicDrive|80/100
|move|p2a: RobotAlcremicDrive|Calm Mind|p2a: RobotAlcremicDrive
|-boost|p2a: RobotAlcremicDrive|spa|1
|-boost|p2a: RobotAlcremicDrive|spd|1
|
|-heal|p2a: RobotAlcremicDrive|86/100|[from] item: Leftovers
|-fieldend|move: Trick Room
|-status|p1a: Ursaluna|brn|[from] item: Flame Orb
|upkeep
|turn|15
|
|t:|1779637029
|move|p2a: RobotAlcremicDrive|Stored Power|p1a: Ursaluna
|-damage|p1a: Ursaluna|0 fnt
|faint|p1a: Ursaluna
|
|-heal|p2a: RobotAlcremicDrive|92/100|[from] item: Leftovers
|upkeep
|-message|manabi.portoviejo forfeited.
|
|win|my shitters
|raw|manabi.portoviejo's rating: 1504 &rarr; <strong>1486</strong><br />(-18 for losing)
|raw|my shitters's rating: 1533 &rarr; <strong>1551</strong><br />(+18 for winning)
|l|☆manabi.portoviejo
|player|p1|
