|badge|p2|bronze|gen9ou|100-9
|badge|p2|bronze|gen9pu|100-9
|uhtml|medal-msg|<div class="broadcast-blue">Curious what those medals under the avatar are? PS now has Ladder Seasons! For more information, check out the <a href="https://www.smogon.com/forums/threads/3740067/">thread on Smogon.</a></div>
|j|☆n5v
|j|☆Ceo O Wo Chien
|t:|1779604369
|gametype|singles
|player|p1|n5v|leon-masters|1611
|player|p2|Ceo O Wo Chien|fisherman-gen4|1768
|gen|9
|tier|[Gen 9] OU
|rated|
|rule|HP Percentage Mod: HP is shown in percentages
|rule|Endless Battle Clause: Forcing endless battles is banned
|rule|Species Clause: Limit one of each Pokémon
|rule|OHKO Clause: OHKO moves are banned
|rule|Evasion Items Clause: Evasion items are banned
|rule|Evasion Moves Clause: Evasion moves are banned
|rule|Evasion Abilities Clause: Evasion abilities are banned
|rule|Sleep Moves Clause: Sleep-inducing moves are banned
|clearpoke
|poke|p1|Volcanion|
|poke|p1|Slowking-Galar, M|
|poke|p1|Zamazenta-*|
|poke|p1|Corviknight, F|
|poke|p1|Hatterene, F|
|poke|p1|Ting-Lu|
|poke|p2|Wo-Chien|
|poke|p2|Cresselia, F|
|poke|p2|Kingambit, F|
|poke|p2|Raging Bolt|
|poke|p2|Iron Treads|
|poke|p2|Ogerpon-Wellspring, F|
|teampreview
|inactive|Battle timer is ON: inactive players will automatically lose when time's up. (requested by Ceo O Wo Chien)
|c|☆n5v|glhf
|c|☆Ceo O Wo Chien|u too!
|
|t:|1779604390
|teamsize|p1|6
|teamsize|p2|6
|start
|switch|p1a: Zamazenta|Zamazenta|100/100
|switch|p2a: Escargoat|Wo-Chien|100/100
|-ability|p1a: Zamazenta|Dauntless Shield|boost
|-boost|p1a: Zamazenta|def|1
|-ability|p2a: Escargoat|Tablets of Ruin
|turn|1
|
|t:|1779604394
|move|p2a: Escargoat|Protect|p2a: Escargoat
|-singleturn|p2a: Escargoat|Protect
|move|p1a: Zamazenta|Close Combat|p2a: Escargoat
|-activate|p2a: Escargoat|move: Protect
|
|upkeep
|turn|2
|
|t:|1779604396
|switch|p2a: Cresselia|Cresselia, F|100/100
|move|p1a: Zamazenta|Close Combat|p2a: Cresselia
|-resisted|p2a: Cresselia
|-damage|p2a: Cresselia|75/100
|-unboost|p1a: Zamazenta|def|1
|-unboost|p1a: Zamazenta|spd|1
|-damage|p1a: Zamazenta|84/100|[from] item: Rocky Helmet|[of] p2a: Cresselia
|
|upkeep
|turn|3
|
|t:|1779604408
|switch|p1a: Ting-Lu|Ting-Lu|100/100
|-ability|p1a: Ting-Lu|Vessel of Ruin
|move|p2a: Cresselia|Ice Beam|p1a: Ting-Lu
|-supereffective|p1a: Ting-Lu
|-damage|p1a: Ting-Lu|86/100
|
|-heal|p1a: Ting-Lu|92/100|[from] item: Leftovers
|upkeep
|turn|4
|
|t:|1779604414
|switch|p2a: Escargoat|Wo-Chien|100/100
|-ability|p2a: Escargoat|Tablets of Ruin
|move|p1a: Ting-Lu|Payback|p2a: Escargoat
|-resisted|p2a: Escargoat
|-damage|p2a: Escargoat|96/100
|
|-heal|p2a: Escargoat|100/100|[from] item: Leftovers
|-heal|p1a: Ting-Lu|99/100|[from] item: Leftovers
|upkeep
|turn|5
|
|t:|1779604424
|switch|p1a: Volcanion|Volcanion|100/100
|move|p2a: Escargoat|Stun Spore|p1a: Volcanion
|-status|p1a: Volcanion|par
|
|upkeep
|turn|6
|j| Kakimori
|
|t:|1779604441
|move|p2a: Escargoat|Protect|p2a: Escargoat
|-singleturn|p2a: Escargoat|Protect
|move|p1a: Volcanion|Flamethrower|p2a: Escargoat
|-activate|p2a: Escargoat|move: Protect
|
|upkeep
|turn|7
|
|t:|1779604446
|switch|p2a: Cresselia|Cresselia, F|75/100
|switch|p1a: Ting-Lu|Ting-Lu|99/100
|-ability|p1a: Ting-Lu|Vessel of Ruin
|
|-heal|p1a: Ting-Lu|100/100|[from] item: Leftovers
|upkeep
|turn|8
|
|t:|1779604450
|switch|p2a: Escargoat|Wo-Chien|100/100
|-ability|p2a: Escargoat|Tablets of Ruin
|move|p1a: Ting-Lu|Payback|p2a: Escargoat
|-resisted|p2a: Escargoat
|-damage|p2a: Escargoat|96/100
|
|-heal|p2a: Escargoat|100/100|[from] item: Leftovers
|upkeep
|turn|9
|
|t:|1779604456
|switch|p1a: Hatterene|Hatterene, F|100/100
|move|p2a: Escargoat|Foul Play|p1a: Hatterene
|-damage|p1a: Hatterene|79/100
|-damage|p2a: Escargoat|84/100|[from] item: Rocky Helmet|[of] p1a: Hatterene
|
|-heal|p2a: Escargoat|90/100|[from] item: Leftovers
|upkeep
|turn|10
|
|t:|1779604470
|switch|p2a: Iron Treads|Iron Treads|100/100
|move|p1a: Hatterene|Pain Split|p2a: Iron Treads
|-sethp|p2a: Iron Treads|83/100|[from] move: Pain Split|[silent]
|-sethp|p1a: Hatterene|99/100|[from] move: Pain Split
|
|-heal|p2a: Iron Treads|89/100|[from] item: Leftovers
|upkeep
|turn|11
|
|t:|1779604474
|switch|p1a: Corviknight|Corviknight, F, shiny|100/100
|-ability|p1a: Corviknight|Pressure
|move|p2a: Iron Treads|Knock Off|p1a: Corviknight
|-damage|p1a: Corviknight|86/100
|-damage|p2a: Iron Treads|73/100|[from] item: Rocky Helmet|[of] p1a: Corviknight
|-enditem|p1a: Corviknight|Rocky Helmet|[from] move: Knock Off|[of] p2a: Iron Treads
|
|-heal|p2a: Iron Treads|79/100|[from] item: Leftovers
|upkeep
|turn|12
|
|t:|1779604476
|move|p2a: Iron Treads|Stealth Rock|p1a: Corviknight
|-sidestart|p1: n5v|move: Stealth Rock
|move|p1a: Corviknight|Body Press|p2a: Iron Treads
|-supereffective|p2a: Iron Treads
|-damage|p2a: Iron Treads|40/100
|
|-heal|p2a: Iron Treads|47/100|[from] item: Leftovers
|upkeep
|turn|13
|
|t:|1779604480
|-end|p2a: Iron Treads|Quark Drive|[silent]
|switch|p2a: Ogerpon|Ogerpon-Wellspring, F|100/100
|move|p1a: Corviknight|Defog|p2a: Ogerpon
|-unboost|p2a: Ogerpon|evasion|1
|-sideend|p1: n5v|Stealth Rock|[from] move: Defog|[of] p1a: Corviknight
|
|upkeep
|turn|14
|
|t:|1779604483
|move|p2a: Ogerpon|Swords Dance|p2a: Ogerpon
|-boost|p2a: Ogerpon|atk|2
|move|p1a: Corviknight|Iron Defense|p1a: Corviknight
|-boost|p1a: Corviknight|def|2
|
|upkeep
|turn|15
|
|t:|1779604487
|move|p2a: Ogerpon|Ivy Cudgel|p1a: Corviknight|[anim] Ivy Cudgel Water
|-damage|p1a: Corviknight|57/100
|move|p1a: Corviknight|Iron Defense|p1a: Corviknight
|-boost|p1a: Corviknight|def|2
|
|upkeep
|turn|16
|c| Kakimori|6 pokemon rocket helmet strat?
|
|t:|1779604498
|move|p2a: Ogerpon|Ivy Cudgel|p1a: Corviknight|[anim] Ivy Cudgel Water
|-damage|p1a: Corviknight|37/100
|move|p1a: Corviknight|Body Press|p2a: Ogerpon
|-damage|p2a: Ogerpon|28/100
|
|upkeep
|turn|17
|c| Kakimori|rocky*
|c|☆n5v|ay it aint my team
|
|t:|1779604503
|switch|p2a: Cresselia|Cresselia, F|75/100
|move|p1a: Corviknight|Roost|p1a: Corviknight
|-heal|p1a: Corviknight|87/100
|-singleturn|p1a: Corviknight|move: Roost
|
|upkeep
|turn|18
|
|t:|1779604509
|switch|p1a: Ting-Lu|Ting-Lu|100/100
|-ability|p1a: Ting-Lu|Vessel of Ruin
|move|p2a: Cresselia|Ice Beam|p1a: Ting-Lu
|-supereffective|p1a: Ting-Lu
|-damage|p1a: Ting-Lu|86/100
|
|-heal|p1a: Ting-Lu|92/100|[from] item: Leftovers
|upkeep
|turn|19
|j| allee23
|
|t:|1779604516
|move|p2a: Cresselia|Ice Beam|p1a: Ting-Lu
|-supereffective|p1a: Ting-Lu
|-damage|p1a: Ting-Lu|79/100
|move|p1a: Ting-Lu|Payback|p2a: Cresselia
|-supereffective|p2a: Cresselia
|-damage|p2a: Cresselia|31/100
|-damage|p1a: Ting-Lu|62/100|[from] item: Rocky Helmet|[of] p2a: Cresselia
|
|-heal|p1a: Ting-Lu|68/100|[from] item: Leftovers
|upkeep
|turn|20
|
|t:|1779604519
|switch|p1a: Volcanion|Volcanion|100/100 par
|move|p2a: Cresselia|Moonlight|p2a: Cresselia
|-heal|p2a: Cresselia|81/100
|
|upkeep
|turn|21
|
|t:|1779604527
|move|p2a: Cresselia|Ice Beam|p1a: Volcanion
|-resisted|p1a: Volcanion
|-damage|p1a: Volcanion|95/100 par
|move|p1a: Volcanion|Flamethrower|p2a: Cresselia
|-damage|p2a: Cresselia|26/100
|
|upkeep
|turn|22
|
|t:|1779604531
|move|p2a: Cresselia|Moonlight|p2a: Cresselia
|-heal|p2a: Cresselia|76/100
|move|p1a: Volcanion|Flamethrower|p2a: Cresselia
|-damage|p2a: Cresselia|28/100
|
|upkeep
|turn|23
|
|t:|1779604535
|switch|p2a: Raging Bolt|Raging Bolt|100/100
|-enditem|p2a: Raging Bolt|Booster Energy
|-activate|p2a: Raging Bolt|ability: Protosynthesis|[fromitem]
|-start|p2a: Raging Bolt|protosynthesisspa
|move|p1a: Volcanion|Flamethrower|p2a: Raging Bolt
|-resisted|p2a: Raging Bolt
|-damage|p2a: Raging Bolt|61/100
|
|upkeep
|turn|24
|
|t:|1779604537
|switch|p1a: Ting-Lu|Ting-Lu|68/100
|-ability|p1a: Ting-Lu|Vessel of Ruin
|move|p2a: Raging Bolt|Calm Mind|p2a: Raging Bolt
|-boost|p2a: Raging Bolt|spa|1
|-boost|p2a: Raging Bolt|spd|1
|
|-heal|p1a: Ting-Lu|75/100|[from] item: Leftovers
|upkeep
|turn|25
|
|t:|1779604542
|move|p2a: Raging Bolt|Dragon Pulse|p1a: Ting-Lu
|-damage|p1a: Ting-Lu|31/100
|move|p1a: Ting-Lu|Earthquake|p2a: Raging Bolt
|-supereffective|p2a: Raging Bolt
|-damage|p2a: Raging Bolt|0 fnt
|faint|p2a: Raging Bolt
|-end|p2a: Raging Bolt|Protosynthesis|[silent]
|
|-heal|p1a: Ting-Lu|37/100|[from] item: Leftovers
|upkeep
|
|t:|1779604543
|switch|p2a: Ogerpon|Ogerpon-Wellspring, F|28/100
|turn|26
|
|t:|1779604548
|-terastallize|p1a: Ting-Lu|Poison
|move|p2a: Ogerpon|Synthesis|p2a: Ogerpon
|-heal|p2a: Ogerpon|78/100
|move|p1a: Ting-Lu|Payback|p2a: Ogerpon
|-damage|p2a: Ogerpon|42/100
|
|-heal|p1a: Ting-Lu|43/100|[from] item: Leftovers
|upkeep
|turn|27
|
|t:|1779604551
|move|p2a: Ogerpon|Swords Dance|p2a: Ogerpon
|-boost|p2a: Ogerpon|atk|2
|move|p1a: Ting-Lu|Rest|p1a: Ting-Lu
|-status|p1a: Ting-Lu|slp|[from] move: Rest
|-heal|p1a: Ting-Lu|100/100 slp|[silent]
|
|upkeep
|turn|28
|
|t:|1779604554
|move|p2a: Ogerpon|Synthesis|p2a: Ogerpon
|-heal|p2a: Ogerpon|92/100
|cant|p1a: Ting-Lu|slp
|
|upkeep
|turn|29
|
|t:|1779604559
|switch|p1a: Corviknight|Corviknight, F, shiny|87/100
|-ability|p1a: Corviknight|Pressure
|move|p2a: Ogerpon|Trailblaze|p1a: Corviknight
|-resisted|p1a: Corviknight
|-damage|p1a: Corviknight|79/100
|-boost|p2a: Ogerpon|spe|1
|
|upkeep
|turn|30
|
|t:|1779604563
|-terastallize|p2a: Ogerpon|Water
|detailschange|p2a: Ogerpon|Ogerpon-Wellspring-Tera, F, tera:Water
|-ability|p2a: Ogerpon|Embody Aspect (Wellspring)|boost
|-boost|p2a: Ogerpon|spd|1
|move|p2a: Ogerpon|Ivy Cudgel|p1a: Corviknight|[anim] Ivy Cudgel Water
|-damage|p1a: Corviknight|4/100
|move|p1a: Corviknight|Iron Defense|p1a: Corviknight
|-boost|p1a: Corviknight|def|2
|
|upkeep
|turn|31
|
|t:|1779604590
|move|p2a: Ogerpon|Ivy Cudgel|p1a: Corviknight|[anim] Ivy Cudgel Water
|-damage|p1a: Corviknight|0 fnt
|faint|p1a: Corviknight
|
|upkeep
|inactive|n5v has 120 seconds left.
|
|t:|1779604622
|switch|p1a: Ting-Lu|Ting-Lu, tera:Poison|100/100 slp
|-ability|p1a: Ting-Lu|Vessel of Ruin
|turn|32
|
|t:|1779604625
|move|p2a: Ogerpon|Ivy Cudgel|p1a: Ting-Lu|[anim] Ivy Cudgel Water
|-damage|p1a: Ting-Lu|27/100 slp
|cant|p1a: Ting-Lu|slp
|
|-heal|p1a: Ting-Lu|33/100 slp|[from] item: Leftovers
|upkeep
|turn|33
|
|t:|1779604628
|move|p2a: Ogerpon|Ivy Cudgel|p1a: Ting-Lu|[anim] Ivy Cudgel Water
|-damage|p1a: Ting-Lu|0 fnt
|faint|p1a: Ting-Lu
|
|upkeep
|inactive|n5v has 120 seconds left.
|
|t:|1779604633
|switch|p1a: Volcanion|Volcanion|95/100 par
|turn|34
|
|t:|1779604638
|move|p2a: Ogerpon|Trailblaze|p1a: Volcanion
|-damage|p1a: Volcanion|50/100 par
|-boost|p2a: Ogerpon|spe|1
|move|p1a: Volcanion|Sludge Bomb|p2a: Ogerpon
|-damage|p2a: Ogerpon|60/100
|
|upkeep
|turn|35
|
|t:|1779604642
|move|p2a: Ogerpon|Trailblaze|p1a: Volcanion
|-damage|p1a: Volcanion|3/100 par
|-boost|p2a: Ogerpon|spe|1
|move|p1a: Volcanion|Sludge Bomb|p2a: Ogerpon
|-damage|p2a: Ogerpon|25/100
|-status|p2a: Ogerpon|psn
|
|-damage|p2a: Ogerpon|12/100 psn|[from] psn
|upkeep
|turn|36
|c|☆n5v|saved my ass
|
|t:|1779604649
|move|p2a: Ogerpon|Synthesis|p2a: Ogerpon
|-heal|p2a: Ogerpon|62/100 psn
|move|p1a: Volcanion|Sludge Bomb|p2a: Ogerpon
|-damage|p2a: Ogerpon|30/100 psn
|
|-damage|p2a: Ogerpon|18/100 psn|[from] psn
|upkeep
|turn|37
|
|t:|1779604653
|move|p2a: Ogerpon|Synthesis|p2a: Ogerpon
|-heal|p2a: Ogerpon|68/100 psn
|move|p1a: Volcanion|Sludge Bomb|p2a: Ogerpon
|-damage|p2a: Ogerpon|35/100 psn
|
|-damage|p2a: Ogerpon|22/100 psn|[from] psn
|upkeep
|turn|38
|
|t:|1779604655
|move|p2a: Ogerpon|Synthesis|p2a: Ogerpon
|-heal|p2a: Ogerpon|72/100 psn
|move|p1a: Volcanion|Sludge Bomb|p2a: Ogerpon
|-damage|p2a: Ogerpon|36/100 psn
|
|-damage|p2a: Ogerpon|24/100 psn|[from] psn
|upkeep
|turn|39
|
|t:|1779604657
|move|p2a: Ogerpon|Synthesis|p2a: Ogerpon
|-heal|p2a: Ogerpon|74/100 psn
|move|p1a: Volcanion|Sludge Bomb|p2a: Ogerpon
|-damage|p2a: Ogerpon|40/100 psn
|
|-damage|p2a: Ogerpon|27/100 psn|[from] psn
|upkeep
|turn|40
|
|t:|1779604658
|move|p2a: Ogerpon|Synthesis|p2a: Ogerpon
|-heal|p2a: Ogerpon|77/100 psn
|cant|p1a: Volcanion|par
|
|-damage|p2a: Ogerpon|65/100 psn|[from] psn
|upkeep
|turn|41
|
|t:|1779604660
|move|p2a: Ogerpon|Trailblaze|p1a: Volcanion
|-damage|p1a: Volcanion|0 fnt
|-boost|p2a: Ogerpon|spe|1
|faint|p1a: Volcanion
|
|-damage|p2a: Ogerpon|52/100 psn|[from] psn
|upkeep
|c|☆n5v|nvm
|c|☆n5v|still ggs
|c|☆Ceo O Wo Chien|ggs
|
|t:|1779604678
|switch|p1a: Zamazenta|Zamazenta|84/100
|turn|42
|
|t:|1779604680
|move|p2a: Ogerpon|Ivy Cudgel|p1a: Zamazenta|[anim] Ivy Cudgel Water
|-damage|p1a: Zamazenta|0 fnt
|faint|p1a: Zamazenta
|
|-damage|p2a: Ogerpon|40/100 psn|[from] psn
|upkeep
|
|t:|1779604683
|switch|p1a: Slowking|Slowking-Galar, M, shiny|100/100
|turn|43
|
|t:|1779604685
|move|p2a: Ogerpon|Ivy Cudgel|p1a: Slowking|[anim] Ivy Cudgel Water
|-damage|p1a: Slowking|0 fnt
|faint|p1a: Slowking
|
|-damage|p2a: Ogerpon|28/100 psn|[from] psn
|upkeep
|
|t:|1779604687
|switch|p1a: Hatterene|Hatterene, F|99/100
|turn|44
|
|t:|1779604689
|move|p2a: Ogerpon|Ivy Cudgel|p1a: Hatterene|[anim] Ivy Cudgel Water
|-damage|p1a: Hatterene|0 fnt
|faint|p1a: Hatterene
|
|win|Ceo O Wo Chien
|raw|n5v's rating: 1611 &rarr; <strong>1599</strong><br />(-12 for losing)
|raw|Ceo O Wo Chien's rating: 1768 &rarr; <strong>1780</strong><br />(+12 for winning)
|l|☆n5v
|player|p1|
|l| Kakimori
|l|☆Ceo O Wo Chien
|player|p2|
|l| allee23
