|badge|p2|bronze|gen9ou|100-9
|uhtml|medal-msg|<div class="broadcast-blue">Curious what those medals under the avatar are? PS now has Ladder Seasons! For more information, check out the <a href="https://www.smogon.com/forums/threads/3740067/">thread on Smogon.</a></div>
|j|☆ArbitraryEnding
|j|☆Igoodnamename
|t:|1779702899
|gametype|singles
|player|p1|ArbitraryEnding|102|1616
|player|p2|Igoodnamename|aaron|1755
|gen|9
|tier|[Gen 9] OU
|rated|
|rule|HP Percentage Mod: HP is shown in percentages
|rule|Endless Battle Clause: Forcing endless battles is banned
|rule|Species Clause: Limit one of each Pokémon
|rule|OHKO Clause: OHKO moves are banned
|rule|Evasion Items Clause: Evasion items are banned
|rule|Evasion Moves Clause: Evasion moves are banned
|rule|Evasion Abilities Clause: Evasion abilities are banned
|rule|Sleep Moves Clause: Sleep-inducing moves are banned
|clearpoke
|poke|p1|Zapdos|
|poke|p1|Iron Treads|
|poke|p1|Samurott-Hisui, M|
|poke|p1|Ceruledge, M|
|poke|p1|Gholdengo|
|poke|p1|Kingambit, M|
|poke|p2|Pecharunt|
|poke|p2|Slowking, F|
|poke|p2|Iron Treads|
|poke|p2|Zamazenta-*|
|poke|p2|Umbreon, M|
|poke|p2|Ogerpon, F|
|teampreview
|
|t:|1779702934
|teamsize|p1|6
|teamsize|p2|6
|start
|switch|p1a: Samurott|Samurott-Hisui, M|100/100
|switch|p2a: Iron Treads|Iron Treads|100/100
|turn|1
|
|t:|1779702955
|move|p2a: Iron Treads|Earthquake|p1a: Samurott
|-damage|p1a: Samurott|50/100
|move|p1a: Samurott|Razor Shell|p2a: Iron Treads
|-supereffective|p2a: Iron Treads
|-damage|p2a: Iron Treads|25/100
|-unboost|p2a: Iron Treads|def|1
|
|-heal|p2a: Iron Treads|31/100|[from] item: Leftovers
|upkeep
|turn|2
|
|t:|1779702970
|-end|p2a: Iron Treads|Quark Drive|[silent]
|switch|p2a: Umbreon|Umbreon, M|100/100
|move|p1a: Samurott|Sucker Punch||[still]
|-fail|p1a: Samurott
|
|upkeep
|turn|3
|
|t:|1779702976
|move|p1a: Samurott|Knock Off|p2a: Umbreon
|-resisted|p2a: Umbreon
|-damage|p2a: Umbreon|89/100
|-enditem|p2a: Umbreon|Leftovers|[from] move: Knock Off|[of] p1a: Samurott
|move|p2a: Umbreon|Toxic|p1a: Samurott
|-status|p1a: Samurott|tox
|
|-damage|p1a: Samurott|44/100 tox|[from] psn
|upkeep
|turn|4
|j| yuureisuisei
|
|t:|1779703006
|move|p2a: Umbreon|Protect|p2a: Umbreon
|-singleturn|p2a: Umbreon|Protect
|move|p1a: Samurott|Ceaseless Edge|p2a: Umbreon
|-activate|p2a: Umbreon|move: Protect
|
|-damage|p1a: Samurott|32/100 tox|[from] psn
|upkeep
|turn|5
|
|t:|1779703012
|move|p1a: Samurott|Ceaseless Edge|p2a: Umbreon
|-resisted|p2a: Umbreon
|-damage|p2a: Umbreon|77/100
|-sidestart|p2: Igoodnamename|Spikes
|move|p2a: Umbreon|Wish|p2a: Umbreon
|
|-damage|p1a: Samurott|14/100 tox|[from] psn
|upkeep
|turn|6
|
|t:|1779703029
|switch|p1a: Kingambit|Kingambit, M|100/100
|move|p2a: Umbreon|Protect||[still]
|-fail|p2a: Umbreon
|
|-heal|p2a: Umbreon|100/100|[from] move: Wish|[wisher] Umbreon
|upkeep
|turn|7
|
|t:|1779703038
|move|p1a: Kingambit|Swords Dance|p1a: Kingambit
|-boost|p1a: Kingambit|atk|2
|move|p2a: Umbreon|Foul Play|p1a: Kingambit
|-resisted|p1a: Kingambit
|-damage|p1a: Kingambit|59/100
|
|-heal|p1a: Kingambit|65/100|[from] item: Leftovers
|upkeep
|turn|8
|
|t:|1779703055
|move|p1a: Kingambit|Iron Head|p2a: Umbreon
|-damage|p2a: Umbreon|46/100
|move|p2a: Umbreon|Foul Play|p1a: Kingambit
|-resisted|p1a: Kingambit
|-damage|p1a: Kingambit|21/100
|
|-heal|p1a: Kingambit|27/100|[from] item: Leftovers
|upkeep
|turn|9
|
|t:|1779703065
|-terastallize|p2a: Umbreon|Water
|move|p1a: Kingambit|Iron Head|p2a: Umbreon
|-resisted|p2a: Umbreon
|-damage|p2a: Umbreon|21/100
|move|p2a: Umbreon|Foul Play|p1a: Kingambit
|-resisted|p1a: Kingambit
|-damage|p1a: Kingambit|0 fnt
|faint|p1a: Kingambit
|-end|p1a: Kingambit|fallenundefined|[silent]
|
|upkeep
|
|t:|1779703080
|switch|p1a: Zapdos|Zapdos|100/100
|turn|10
|
|t:|1779703085
|switch|p2a: Iron Treads|Iron Treads|31/100
|-damage|p2a: Iron Treads|19/100|[from] Spikes
|move|p1a: Zapdos|Volt Switch|p2a: Iron Treads
|-immune|p2a: Iron Treads
|
|-heal|p2a: Iron Treads|25/100|[from] item: Leftovers
|upkeep
|turn|11
|
|t:|1779703089
|switch|p1a: Gholdengo|Gholdengo|100/100
|-item|p1a: Gholdengo|Air Balloon
|move|p2a: Iron Treads|Stealth Rock|p1a: Gholdengo
|-sidestart|p1: ArbitraryEnding|move: Stealth Rock
|
|-heal|p2a: Iron Treads|31/100|[from] item: Leftovers
|upkeep
|turn|12
|
|t:|1779703100
|-end|p2a: Iron Treads|Quark Drive|[silent]
|switch|p2a: Ogerpon|Ogerpon, F|100/100
|-damage|p2a: Ogerpon|88/100|[from] Spikes
|move|p1a: Gholdengo|Focus Blast|p2a: Ogerpon
|-damage|p2a: Ogerpon|45/100
|
|upkeep
|turn|13
|
|t:|1779703106
|switch|p1a: Zapdos|Zapdos|100/100
|move|p2a: Ogerpon|Knock Off|p1a: Zapdos
|-damage|p1a: Zapdos|65/100
|-enditem|p1a: Zapdos|Heavy-Duty Boots|[from] move: Knock Off|[of] p2a: Ogerpon
|
|upkeep
|turn|14
|
|t:|1779703113
|switch|p2a: Iron Treads|Iron Treads|31/100
|-damage|p2a: Iron Treads|19/100|[from] Spikes
|move|p1a: Zapdos|Hurricane|p2a: Iron Treads
|-resisted|p2a: Iron Treads
|-damage|p2a: Iron Treads|0 fnt
|faint|p2a: Iron Treads
|-end|p2a: Iron Treads|Quark Drive|[silent]
|
|upkeep
|
|t:|1779703135
|switch|p2a: Zamazenta|Zamazenta|100/100
|-damage|p2a: Zamazenta|88/100|[from] Spikes
|-ability|p2a: Zamazenta|Dauntless Shield|boost
|-boost|p2a: Zamazenta|def|1
|turn|15
|
|t:|1779703147
|move|p2a: Zamazenta|Stone Edge|p1a: Zapdos|[miss]
|-miss|p2a: Zamazenta|p1a: Zapdos
|move|p1a: Zapdos|Thunder Wave|p2a: Zamazenta
|-status|p2a: Zamazenta|par
|
|upkeep
|turn|16
|
|t:|1779703155
|move|p1a: Zapdos|Roost|p1a: Zapdos
|-heal|p1a: Zapdos|100/100
|-singleturn|p1a: Zapdos|move: Roost
|move|p2a: Zamazenta|Stone Edge|p1a: Zapdos
|-damage|p1a: Zapdos|68/100
|
|upkeep
|turn|17
|
|t:|1779703161
|move|p1a: Zapdos|Hurricane|p2a: Zamazenta
|-supereffective|p2a: Zamazenta
|-damage|p2a: Zamazenta|9/100 par
|-start|p2a: Zamazenta|confusion
|-activate|p2a: Zamazenta|confusion
|move|p2a: Zamazenta|Stone Edge|p1a: Zapdos|[miss]
|-miss|p2a: Zamazenta|p1a: Zapdos
|
|upkeep
|turn|18
|
|t:|1779703168
|move|p1a: Zapdos|Volt Switch|p2a: Zamazenta
|-damage|p2a: Zamazenta|0 fnt
|faint|p2a: Zamazenta
|
|t:|1779703180
|switch|p1a: Ceruledge|Ceruledge, M|100/100|[from] Volt Switch
|
|upkeep
|
|t:|1779703201
|switch|p2a: Pecharunt|Pecharunt|100/100
|-item|p2a: Pecharunt|Air Balloon
|turn|19
|
|t:|1779703208
|switch|p1a: Iron Treads|Iron Treads|100/100
|-damage|p1a: Iron Treads|97/100|[from] Stealth Rock
|move|p2a: Pecharunt|Shadow Ball|p1a: Iron Treads
|-damage|p1a: Iron Treads|53/100
|-unboost|p1a: Iron Treads|spd|1
|
|-heal|p1a: Iron Treads|59/100|[from] item: Leftovers
|upkeep
|turn|20
|
|t:|1779703219
|move|p1a: Iron Treads|Stealth Rock|p2a: Pecharunt
|-sidestart|p2: Igoodnamename|move: Stealth Rock
|move|p2a: Pecharunt|Shadow Ball|p1a: Iron Treads
|-damage|p1a: Iron Treads|0 fnt
|faint|p1a: Iron Treads
|-end|p1a: Iron Treads|Quark Drive|[silent]
|
|upkeep
|
|t:|1779703226
|switch|p1a: Samurott|Samurott-Hisui, M|14/100 tox
|-damage|p1a: Samurott|1/100 tox|[from] Stealth Rock
|turn|21
|j| notapokemonmaster
|
|t:|1779703244
|move|p2a: Pecharunt|Shadow Ball|p1a: Samurott
|-resisted|p1a: Samurott
|-damage|p1a: Samurott|0 fnt
|faint|p1a: Samurott
|
|upkeep
|l| yuureisuisei
|
|t:|1779703262
|switch|p1a: Ceruledge|Ceruledge, M|100/100
|turn|22
|
|t:|1779703273
|-terastallize|p1a: Ceruledge|Fairy
|move|p2a: Pecharunt|Shadow Ball|p1a: Ceruledge
|-damage|p1a: Ceruledge|68/100
|-unboost|p1a: Ceruledge|spd|1
|move|p1a: Ceruledge|Poltergeist|p2a: Pecharunt
|-activate|p2a: Pecharunt|move: Poltergeist|Air Balloon
|-supereffective|p2a: Pecharunt
|-damage|p2a: Pecharunt|15/100
|-enditem|p2a: Pecharunt|Air Balloon
|
|upkeep
|turn|23
|
|t:|1779703281
|move|p1a: Ceruledge|Shadow Sneak|p2a: Pecharunt
|-supereffective|p2a: Pecharunt
|-damage|p2a: Pecharunt|0 fnt
|faint|p2a: Pecharunt
|
|upkeep
|
|t:|1779703291
|switch|p2a: Slowking|Slowking, F|100/100
|-damage|p2a: Slowking|88/100|[from] Spikes
|-damage|p2a: Slowking|76/100|[from] Stealth Rock
|turn|24
|
|t:|1779703297
|move|p1a: Ceruledge|Poltergeist|p2a: Slowking
|-activate|p2a: Slowking|move: Poltergeist|Assault Vest
|-supereffective|p2a: Slowking
|-damage|p2a: Slowking|0 fnt
|faint|p2a: Slowking
|
|upkeep
|
|t:|1779703301
|switch|p2a: Umbreon|Umbreon, M, tera:Water|21/100
|-damage|p2a: Umbreon|8/100|[from] Spikes
|-damage|p2a: Umbreon|0 fnt|[from] Stealth Rock
|faint|p2a: Umbreon
|
|t:|1779703303
|switch|p2a: Ogerpon|Ogerpon, F|45/100
|-damage|p2a: Ogerpon|33/100|[from] Spikes
|-damage|p2a: Ogerpon|21/100|[from] Stealth Rock
|turn|25
|
|t:|1779703305
|move|p1a: Ceruledge|Shadow Sneak|p2a: Ogerpon
|-damage|p2a: Ogerpon|0 fnt
|faint|p2a: Ogerpon
|
|win|ArbitraryEnding
|raw|ArbitraryEnding's rating: 1616 &rarr; <strong>1644</strong><br />(+28 for winning)
|raw|Igoodnamename's rating: 1755 &rarr; <strong>1727</strong><br />(-28 for losing)
|l|☆Igoodnamename
|player|p2|
|l|☆ArbitraryEnding
|player|p1|
|l| notapokemonmaster
