|j|☆fly casanova
|j|☆Hunter_of_Keys
|t:|1779666690
|gametype|singles
|player|p1|fly casanova|gamer-gen3|1600
|player|p2|Hunter_of_Keys|veteran|1556
|gen|9
|tier|[Gen 9] OU
|rated|
|rule|HP Percentage Mod: HP is shown in percentages
|rule|Endless Battle Clause: Forcing endless battles is banned
|rule|Species Clause: Limit one of each Pokémon
|rule|OHKO Clause: OHKO moves are banned
|rule|Evasion Items Clause: Evasion items are banned
|rule|Evasion Moves Clause: Evasion moves are banned
|rule|Evasion Abilities Clause: Evasion abilities are banned
|rule|Sleep Moves Clause: Sleep-inducing moves are banned
|clearpoke
|poke|p1|Maushold-Four|
|poke|p1|Hatterene, F|
|poke|p1|Dragonite, F|
|poke|p1|Kyurem|
|poke|p1|Glimmora, M|
|poke|p1|Ceruledge, M|
|poke|p2|Gallade, M|
|poke|p2|Armarouge, M|
|poke|p2|Indeedee, M|
|poke|p2|Cresselia, F|
|poke|p2|Rabsca, M|
|poke|p2|Espeon, M|
|teampreview
|inactive|Battle timer is ON: inactive players will automatically lose when time's up. (requested by Hunter_of_Keys)
|j| brrr29
|
|t:|1779666707
|teamsize|p1|6
|teamsize|p2|6
|start
|switch|p1a: Maushold|Maushold-Four|100/100
|switch|p2a: Indeedee|Indeedee, M|100/100
|-fieldstart|move: Psychic Terrain|[from] ability: Psychic Surge|[of] p2a: Indeedee
|turn|1
|
|t:|1779666709
|switch|p2a: Cresselia|Cresselia, F|100/100
|move|p1a: Maushold|Population Bomb|p2a: Cresselia
|-damage|p2a: Cresselia|94/100
|-damage|p1a: Maushold|84/100|[from] item: Rocky Helmet|[of] p2a: Cresselia
|-damage|p2a: Cresselia|88/100
|-damage|p1a: Maushold|67/100|[from] item: Rocky Helmet|[of] p2a: Cresselia
|-damage|p2a: Cresselia|81/100
|-damage|p1a: Maushold|51/100|[from] item: Rocky Helmet|[of] p2a: Cresselia
|-damage|p2a: Cresselia|75/100
|-damage|p1a: Maushold|34/100|[from] item: Rocky Helmet|[of] p2a: Cresselia
|-damage|p2a: Cresselia|68/100
|-damage|p1a: Maushold|17/100|[from] item: Rocky Helmet|[of] p2a: Cresselia
|-damage|p2a: Cresselia|61/100
|-damage|p1a: Maushold|1/100|[from] item: Rocky Helmet|[of] p2a: Cresselia
|-damage|p2a: Cresselia|54/100
|-damage|p1a: Maushold|0 fnt|[from] item: Rocky Helmet|[of] p2a: Cresselia
|faint|p1a: Maushold
|-hitcount|p2a: Cresselia|7
|
|upkeep
|
|t:|1779666728
|switch|p1a: Ceruledge|Ceruledge, M|100/100
|turn|2
|
|t:|1779666731
|move|p1a: Ceruledge|Swords Dance|p1a: Ceruledge
|-boost|p1a: Ceruledge|atk|2
|move|p2a: Cresselia|Thunder Wave|p1a: Ceruledge
|-status|p1a: Ceruledge|par
|
|upkeep
|turn|3
|
|t:|1779666743
|move|p2a: Cresselia|Thunderbolt|p1a: Ceruledge
|-damage|p1a: Ceruledge|82/100 par
|move|p1a: Ceruledge|Swords Dance|p1a: Ceruledge
|-boost|p1a: Ceruledge|atk|2
|
|upkeep
|turn|4
|
|t:|1779666747
|move|p1a: Ceruledge|Shadow Sneak|p2a: Cresselia
|-hint|Psychic Terrain doesn't affect airborne Pokémon.
|-supereffective|p2a: Cresselia
|-damage|p2a: Cresselia|0 fnt
|-damage|p1a: Ceruledge|65/100 par|[from] item: Rocky Helmet|[of] p2a: Cresselia
|faint|p2a: Cresselia
|
|upkeep
|
|t:|1779666758
|switch|p2a: Armarouge|Armarouge, M|100/100
|turn|5
|
|t:|1779666763
|switch|p1a: Glimmora|Glimmora, M|100/100
|move|p2a: Armarouge|Expanding Force|p1a: Glimmora
|-supereffective|p1a: Glimmora
|-enditem|p1a: Glimmora|Focus Sash
|-damage|p1a: Glimmora|1/100
|
|upkeep
|turn|6
|
|t:|1779666768
|switch|p2a: Espeon|Espeon, M|100/100
|move|p1a: Glimmora|Power Gem|p2a: Espeon
|-damage|p2a: Espeon|57/100
|
|upkeep
|turn|7
|
|t:|1779666772
|switch|p1a: Hatterene|Hatterene, F|100/100
|move|p2a: Espeon|Psychic Noise|p1a: Hatterene
|-resisted|p1a: Hatterene
|-damage|p1a: Hatterene|76/100
|-start|p1a: Hatterene|move: Heal Block
|
|upkeep
|turn|8
|
|t:|1779666775
|move|p2a: Espeon|Shadow Ball|p1a: Hatterene
|-supereffective|p1a: Hatterene
|-damage|p1a: Hatterene|28/100
|move|p1a: Hatterene|Nuzzle|p2a: Espeon
|-damage|p2a: Espeon|53/100
|-status|p2a: Espeon|par
|
|-end|p1a: Hatterene|move: Heal Block
|-fieldend|move: Psychic Terrain
|upkeep
|turn|9
|
|t:|1779666783
|move|p2a: Espeon|Psychic Noise|p1a: Hatterene
|-resisted|p1a: Hatterene
|-damage|p1a: Hatterene|12/100
|-start|p1a: Hatterene|move: Heal Block
|cant|p1a: Hatterene|move: Heal Block|Healing Wish
|
|upkeep
|turn|10
|
|t:|1779666788
|move|p2a: Espeon|Shadow Ball|p1a: Hatterene
|-supereffective|p1a: Hatterene
|-damage|p1a: Hatterene|0 fnt
|faint|p1a: Hatterene
|
|upkeep
|
|t:|1779666793
|switch|p1a: Dragonite|Dragonite, F|100/100
|turn|11
|
|t:|1779666797
|move|p1a: Dragonite|Dragon Dance|p1a: Dragonite
|-boost|p1a: Dragonite|atk|1
|-boost|p1a: Dragonite|spe|1
|move|p2a: Espeon|Sand Attack|p1a: Dragonite
|-unboost|p1a: Dragonite|accuracy|1
|
|upkeep
|turn|12
|
|t:|1779666803
|move|p1a: Dragonite|Scale Shot|p2a: Espeon
|-damage|p2a: Espeon|32/100 par
|-damage|p2a: Espeon|7/100 par
|-damage|p2a: Espeon|0 fnt
|faint|p2a: Espeon
|-hitcount|p2: Espeon|3
|-unboost|p1a: Dragonite|def|1
|-boost|p1a: Dragonite|spe|1
|
|upkeep
|
|t:|1779666811
|switch|p2a: Indeedee|Indeedee, M|100/100
|-fieldstart|move: Psychic Terrain|[from] ability: Psychic Surge|[of] p2a: Indeedee
|turn|13
|
|t:|1779666816
|move|p1a: Dragonite|Scale Shot|p2a: Indeedee
|-damage|p2a: Indeedee|51/100
|-damage|p2a: Indeedee|7/100
|-damage|p2a: Indeedee|0 fnt
|faint|p2a: Indeedee
|-hitcount|p2: Indeedee|3
|-unboost|p1a: Dragonite|def|1
|-boost|p1a: Dragonite|spe|1
|
|upkeep
|
|t:|1779666821
|switch|p2a: Rabsca|Rabsca, M|100/100
|turn|14
|
|t:|1779666825
|move|p1a: Dragonite|Scale Shot|p2a: Rabsca|[miss]
|-miss|p1a: Dragonite|p2a: Rabsca
|move|p2a: Rabsca|Speed Swap|p1a: Dragonite
|-activate|p2a: Rabsca|move: Speed Swap|[of] p1a: Dragonite
|
|upkeep
|turn|15
|
|t:|1779666832
|move|p2a: Rabsca|Revival Blessing|p2a: Rabsca
|-enditem|p2a: Rabsca|Leppa Berry|[eat]
|-activate|p2a: Rabsca|item: Leppa Berry|Revival Blessing|[consumed]
|
|t:|1779666836
|-heal|p2: Indeedee|50/100|[from] move: Revival Blessing
|move|p1a: Dragonite|Scale Shot|p2a: Rabsca|[miss]
|-miss|p1a: Dragonite|p2a: Rabsca
|
|upkeep
|turn|16
|
|t:|1779666841
|move|p2a: Rabsca|Revival Blessing|p2a: Rabsca
|
|t:|1779666842
|-heal|p2: Cresselia|50/100|[from] move: Revival Blessing
|move|p1a: Dragonite|Scale Shot|p2a: Rabsca|[miss]
|-miss|p1a: Dragonite|p2a: Rabsca
|
|upkeep
|turn|17
|
|t:|1779666847
|move|p2a: Rabsca|Psychic Noise|p1a: Dragonite
|-damage|p1a: Dragonite|81/100
|-start|p1a: Dragonite|move: Heal Block
|move|p1a: Dragonite|Scale Shot|p2a: Rabsca
|-damage|p2a: Rabsca|80/100
|-crit|p2a: Rabsca
|-damage|p2a: Rabsca|49/100
|-damage|p2a: Rabsca|32/100
|-crit|p2a: Rabsca
|-damage|p2a: Rabsca|2/100
|-hitcount|p2a: Rabsca|4
|-unboost|p1a: Dragonite|def|1
|-boost|p1a: Dragonite|spe|1
|
|upkeep
|turn|18
|
|t:|1779666854
|move|p2a: Rabsca|Psychic Noise|p1a: Dragonite
|-damage|p1a: Dragonite|38/100
|move|p1a: Dragonite|Scale Shot|p2a: Rabsca|[miss]
|-miss|p1a: Dragonite|p2a: Rabsca
|
|-end|p1a: Dragonite|move: Heal Block
|upkeep
|turn|19
|
|t:|1779666858
|move|p2a: Rabsca|Psychic Noise|p1a: Dragonite
|-damage|p1a: Dragonite|0 fnt
|faint|p1a: Dragonite
|
|upkeep
|
|t:|1779666863
|switch|p1a: Kyurem|Kyurem|100/100
|-ability|p1a: Kyurem|Pressure
|turn|20
|
|t:|1779666866
|move|p1a: Kyurem|Dragon Dance|p1a: Kyurem
|-boost|p1a: Kyurem|atk|1
|-boost|p1a: Kyurem|spe|1
|move|p2a: Rabsca|Psychic Noise|p1a: Kyurem
|-damage|p1a: Kyurem|65/100
|-start|p1a: Kyurem|move: Heal Block
|
|-fieldend|move: Psychic Terrain
|upkeep
|turn|21
|
|t:|1779666871
|move|p1a: Kyurem|Icicle Spear|p2a: Rabsca
|-damage|p2a: Rabsca|0 fnt
|faint|p2a: Rabsca
|-hitcount|p2: Rabsca|1
|
|-end|p1a: Kyurem|move: Heal Block
|upkeep
|
|t:|1779666872
|switch|p2a: Indeedee|Indeedee, M|50/100
|-fieldstart|move: Psychic Terrain|[from] ability: Psychic Surge|[of] p2a: Indeedee
|turn|22
|
|t:|1779666875
|move|p1a: Kyurem|Icicle Spear|p2a: Indeedee
|-damage|p2a: Indeedee|3/100
|-damage|p2a: Indeedee|0 fnt
|faint|p2a: Indeedee
|-hitcount|p2: Indeedee|2
|
|upkeep
|
|t:|1779666876
|switch|p2a: Armarouge|Armarouge, M|100/100
|turn|23
|
|t:|1779666880
|move|p2a: Armarouge|Endure|p2a: Armarouge
|-singleturn|p2a: Armarouge|move: Endure
|move|p1a: Kyurem|Earth Power|p2a: Armarouge
|-supereffective|p2a: Armarouge
|-damage|p2a: Armarouge|26/100
|-enditem|p2a: Armarouge|Weakness Policy
|-boost|p2a: Armarouge|atk|2|[from] item: Weakness Policy
|-boost|p2a: Armarouge|spa|2|[from] item: Weakness Policy
|
|upkeep
|turn|24
|
|t:|1779666884
|move|p1a: Kyurem|Icicle Spear|p2a: Armarouge
|-resisted|p2a: Armarouge
|-damage|p2a: Armarouge|15/100
|-ability|p2a: Armarouge|Weak Armor|boost
|-unboost|p2a: Armarouge|def|1
|-boost|p2a: Armarouge|spe|2
|-resisted|p2a: Armarouge
|-crit|p2a: Armarouge
|-damage|p2a: Armarouge|0 fnt
|faint|p2a: Armarouge
|-hitcount|p2: Armarouge|2
|
|upkeep
|
|t:|1779666887
|switch|p2a: Cresselia|Cresselia, F|50/100
|turn|25
|
|t:|1779666891
|-terastallize|p1a: Kyurem|Ice
|move|p1a: Kyurem|Icicle Spear|p2a: Cresselia
|-damage|p2a: Cresselia|33/100
|-damage|p2a: Cresselia|17/100
|-damage|p2a: Cresselia|0 fnt
|faint|p2a: Cresselia
|-hitcount|p2: Cresselia|3
|
|upkeep
|
|t:|1779666893
|switch|p2a: Gallade|Gallade, M|100/100
|turn|26
|
|t:|1779666897
|move|p1a: Kyurem|Icicle Spear|p2a: Gallade
|-damage|p2a: Gallade|52/100
|-damage|p2a: Gallade|0 fnt
|faint|p2a: Gallade
|-hitcount|p2: Gallade|2
|
|win|fly casanova
|raw|fly casanova's rating: 1600 &rarr; <strong>1617</strong><br />(+17 for winning)
|raw|Hunter_of_Keys's rating: 1556 &rarr; <strong>1539</strong><br />(-17 for losing)
