|badge|p2|bronze|gen9ou|100-9
|badge|p2|bronze|gen9pu|100-9
|uhtml|medal-msg|<div class="broadcast-blue">Curious what those medals under the avatar are? PS now has Ladder Seasons! For more information, check out the <a href="https://www.smogon.com/forums/threads/3740067/">thread on Smogon.</a></div>
|j|☆Awakened Ashes
|j|☆Ceo O Wo Chien
|t:|1779604870
|gametype|singles
|player|p1|Awakened Ashes|red-masters3|1701
|player|p2|Ceo O Wo Chien|fisherman-gen4|1795
|gen|9
|tier|[Gen 9] OU
|rated|
|rule|HP Percentage Mod: HP is shown in percentages
|rule|Endless Battle Clause: Forcing endless battles is banned
|rule|Species Clause: Limit one of each Pokémon
|rule|OHKO Clause: OHKO moves are banned
|rule|Evasion Items Clause: Evasion items are banned
|rule|Evasion Moves Clause: Evasion moves are banned
|rule|Evasion Abilities Clause: Evasion abilities are banned
|rule|Sleep Moves Clause: Sleep-inducing moves are banned
|clearpoke
|poke|p1|Torkoal, M|
|poke|p1|Walking Wake|
|poke|p1|Raging Bolt|
|poke|p1|Great Tusk|
|poke|p1|Cresselia, F|
|poke|p1|Ceruledge, F|
|poke|p2|Wo-Chien|
|poke|p2|Cresselia, F|
|poke|p2|Kingambit, M|
|poke|p2|Raging Bolt|
|poke|p2|Iron Treads|
|poke|p2|Ogerpon-Wellspring, F|
|teampreview
|inactive|Battle timer is ON: inactive players will automatically lose when time's up. (requested by Ceo O Wo Chien)
|inactive|Awakened Ashes also wants the timer to be on.
|c|☆Ceo O Wo Chien|hf
|c|☆Awakened Ashes|hf
|
|t:|1779604885
|teamsize|p1|6
|teamsize|p2|6
|start
|switch|p1a: Torkoal|Torkoal, M|100/100
|switch|p2a: Cresselia|Cresselia, F|100/100
|-weather|SunnyDay|[from] ability: Drought|[of] p1a: Torkoal
|turn|1
|
|t:|1779604889
|move|p2a: Cresselia|Thunder Wave|p1a: Torkoal
|-status|p1a: Torkoal|par
|move|p1a: Torkoal|Stealth Rock|p2a: Cresselia
|-sidestart|p2: Ceo O Wo Chien|move: Stealth Rock
|
|-weather|SunnyDay|[upkeep]
|upkeep
|turn|2
|
|t:|1779604894
|switch|p1a: Cresselia|Cresselia, F|100/100
|move|p2a: Cresselia|Ice Beam|p1a: Cresselia
|-damage|p1a: Cresselia|90/100
|-enditem|p1a: Cresselia|Eject Button
|
|t:|1779604902
|switch|p1a: Walking Wake|Walking Wake|100/100
|-activate|p1a: Walking Wake|ability: Protosynthesis
|-start|p1a: Walking Wake|protosynthesisspe
|
|-weather|SunnyDay|[upkeep]
|upkeep
|turn|3
|
|t:|1779604905
|move|p1a: Walking Wake|Draco Meteor|p2a: Cresselia
|-damage|p2a: Cresselia|39/100
|-unboost|p1a: Walking Wake|spa|2
|move|p2a: Cresselia|Thunder Wave|p1a: Walking Wake
|-status|p1a: Walking Wake|par
|
|-weather|SunnyDay|[upkeep]
|upkeep
|turn|4
|
|t:|1779604912
|-end|p1a: Walking Wake|Protosynthesis|[silent]
|switch|p1a: Raging Bolt|Raging Bolt|100/100
|-activate|p1a: Raging Bolt|ability: Protosynthesis
|-start|p1a: Raging Bolt|protosynthesisspa
|move|p2a: Cresselia|Moonlight|p2a: Cresselia
|-heal|p2a: Cresselia|100/100
|
|-weather|SunnyDay|[upkeep]
|upkeep
|turn|5
|
|t:|1779604917
|move|p1a: Raging Bolt|Weather Ball|p2a: Cresselia
|-damage|p2a: Cresselia|39/100
|-damage|p1a: Raging Bolt|91/100|[from] item: Life Orb
|move|p2a: Cresselia|Moonlight|p2a: Cresselia
|-heal|p2a: Cresselia|100/100
|
|-weather|SunnyDay|[upkeep]
|upkeep
|turn|6
|
|t:|1779604928
|move|p1a: Raging Bolt|Weather Ball|p2a: Cresselia
|-damage|p2a: Cresselia|38/100
|-damage|p1a: Raging Bolt|81/100|[from] item: Life Orb
|move|p2a: Cresselia|Moonlight|p2a: Cresselia
|-heal|p2a: Cresselia|100/100
|
|-weather|SunnyDay|[upkeep]
|upkeep
|turn|7
|
|t:|1779604932
|-end|p1a: Raging Bolt|Protosynthesis|[silent]
|switch|p1a: Great Tusk|Great Tusk|100/100
|-activate|p1a: Great Tusk|ability: Protosynthesis
|-start|p1a: Great Tusk|protosynthesisatk
|move|p2a: Cresselia|Moonlight|p2a: Cresselia
|-fail|p2a: Cresselia|heal
|
|-weather|SunnyDay|[upkeep]
|upkeep
|turn|8
|
|t:|1779604938
|-end|p1a: Great Tusk|Protosynthesis|[silent]
|switch|p1a: Cresselia|Cresselia, F|90/100
|move|p2a: Cresselia|Ice Beam|p1a: Cresselia
|-crit|p1a: Cresselia
|-damage|p1a: Cresselia|74/100
|
|-weather|none
|upkeep
|turn|9
|j| Kakimori
|
|t:|1779604940
|switch|p2a: Iron Treads|Iron Treads|100/100
|-damage|p2a: Iron Treads|97/100|[from] Stealth Rock
|move|p1a: Cresselia|Thunder Wave|p2a: Iron Treads
|-immune|p2a: Iron Treads
|
|-heal|p2a: Iron Treads|100/100|[from] item: Leftovers
|upkeep
|turn|10
|
|t:|1779604944
|move|p2a: Iron Treads|Knock Off|p1a: Cresselia
|-supereffective|p1a: Cresselia
|-damage|p1a: Cresselia|57/100
|move|p1a: Cresselia|Ice Beam|p2a: Iron Treads
|-damage|p2a: Iron Treads|84/100
|
|-heal|p2a: Iron Treads|90/100|[from] item: Leftovers
|upkeep
|turn|11
|
|t:|1779604949
|move|p2a: Iron Treads|Knock Off|p1a: Cresselia
|-supereffective|p1a: Cresselia
|-damage|p1a: Cresselia|39/100
|move|p1a: Cresselia|Moonlight|p1a: Cresselia
|-heal|p1a: Cresselia|89/100
|
|-heal|p2a: Iron Treads|97/100|[from] item: Leftovers
|upkeep
|turn|12
|j| nepturee
|
|t:|1779604963
|move|p2a: Iron Treads|Stealth Rock|p1a: Cresselia
|-sidestart|p1: Awakened Ashes|move: Stealth Rock
|move|p1a: Cresselia|Ice Beam|p2a: Iron Treads
|-damage|p2a: Iron Treads|78/100
|
|-heal|p2a: Iron Treads|84/100|[from] item: Leftovers
|upkeep
|turn|13
|
|t:|1779604967
|switch|p1a: Ceruledge|Ceruledge, F|100/100
|-damage|p1a: Ceruledge|76/100|[from] Stealth Rock
|-item|p1a: Ceruledge|Air Balloon
|move|p2a: Iron Treads|Rapid Spin|p1a: Ceruledge
|-immune|p1a: Ceruledge
|
|-heal|p2a: Iron Treads|90/100|[from] item: Leftovers
|upkeep
|turn|14
|
|t:|1779604975
|-end|p2a: Iron Treads|Quark Drive|[silent]
|switch|p2a: Raging Bolt|Raging Bolt|100/100
|-damage|p2a: Raging Bolt|88/100|[from] Stealth Rock
|-enditem|p2a: Raging Bolt|Booster Energy
|-activate|p2a: Raging Bolt|ability: Protosynthesis|[fromitem]
|-start|p2a: Raging Bolt|protosynthesisspa
|-terastallize|p1a: Ceruledge|Fighting
|move|p1a: Ceruledge|Swords Dance|p1a: Ceruledge
|-boost|p1a: Ceruledge|atk|2
|
|upkeep
|turn|15
|
|t:|1779604982
|move|p1a: Ceruledge|Close Combat|p2a: Raging Bolt
|-damage|p2a: Raging Bolt|0 fnt
|-unboost|p1a: Ceruledge|def|1
|-unboost|p1a: Ceruledge|spd|1
|faint|p2a: Raging Bolt
|-end|p2a: Raging Bolt|Protosynthesis|[silent]
|
|upkeep
|
|t:|1779604992
|switch|p2a: Escargoat|Wo-Chien|100/100
|-damage|p2a: Escargoat|88/100|[from] Stealth Rock
|-ability|p2a: Escargoat|Tablets of Ruin
|turn|16
|
|t:|1779604999
|-terastallize|p2a: Escargoat|Poison
|move|p1a: Ceruledge|Bitter Blade|p2a: Escargoat
|-damage|p2a: Escargoat|43/100
|-heal|p1a: Ceruledge|100/100|[from] drain|[of] p2a: Escargoat
|move|p2a: Escargoat|Foul Play|p1a: Ceruledge
|-resisted|p1a: Ceruledge
|-damage|p1a: Ceruledge|0 fnt
|-enditem|p1a: Ceruledge|Air Balloon
|faint|p1a: Ceruledge
|
|-heal|p2a: Escargoat|49/100|[from] item: Leftovers
|upkeep
|
|t:|1779605018
|switch|p1a: Torkoal|Torkoal, M|100/100 par
|-damage|p1a: Torkoal|76/100 par|[from] Stealth Rock
|-weather|SunnyDay|[from] ability: Drought|[of] p1a: Torkoal
|turn|17
|
|t:|1779605020
|move|p2a: Escargoat|Leech Seed|p1a: Torkoal
|-start|p1a: Torkoal|move: Leech Seed
|move|p1a: Torkoal|Will-O-Wisp|p2a: Escargoat|[miss]
|-miss|p1a: Torkoal|p2a: Escargoat
|
|-weather|SunnyDay|[upkeep]
|-heal|p2a: Escargoat|56/100|[from] item: Leftovers
|-damage|p1a: Torkoal|63/100 par|[from] Leech Seed|[of] p2a: Escargoat
|-heal|p2a: Escargoat|67/100|[silent]
|upkeep
|turn|18
|
|t:|1779605023
|switch|p1a: Cresselia|Cresselia, F|89/100
|-damage|p1a: Cresselia|77/100|[from] Stealth Rock
|move|p2a: Escargoat|Leech Seed|p1a: Cresselia
|-start|p1a: Cresselia|move: Leech Seed
|
|-weather|SunnyDay|[upkeep]
|-heal|p2a: Escargoat|73/100|[from] item: Leftovers
|-damage|p1a: Cresselia|65/100|[from] Leech Seed|[of] p2a: Escargoat
|-heal|p2a: Escargoat|88/100|[silent]
|upkeep
|turn|19
|
|t:|1779605029
|move|p1a: Cresselia|Lunar Dance|p1a: Cresselia
|faint|p1a: Cresselia
|move|p2a: Escargoat|Stun Spore|p1: Cresselia|[notarget]
|-fail|p2a: Escargoat
|
|-weather|SunnyDay|[upkeep]
|-heal|p2a: Escargoat|94/100|[from] item: Leftovers
|upkeep
|
|t:|1779605032
|switch|p1a: Raging Bolt|Raging Bolt|81/100
|-heal|p1a: Raging Bolt|100/100|[from] move: Lunar Dance
|-damage|p1a: Raging Bolt|88/100|[from] Stealth Rock
|-activate|p1a: Raging Bolt|ability: Protosynthesis
|-start|p1a: Raging Bolt|protosynthesisspa
|turn|20
|
|t:|1779605036
|move|p2a: Escargoat|Protect|p2a: Escargoat
|-singleturn|p2a: Escargoat|Protect
|move|p1a: Raging Bolt|Draco Meteor|p2a: Escargoat
|-activate|p2a: Escargoat|move: Protect
|
|-weather|SunnyDay|[upkeep]
|-heal|p2a: Escargoat|99/100|[from] item: Leftovers
|upkeep
|turn|21
|
|t:|1779605039
|move|p1a: Raging Bolt|Draco Meteor|p2a: Escargoat
|-damage|p2a: Escargoat|10/100
|-unboost|p1a: Raging Bolt|spa|2
|-damage|p1a: Raging Bolt|78/100|[from] item: Life Orb
|move|p2a: Escargoat|Leech Seed|p1a: Raging Bolt
|-start|p1a: Raging Bolt|move: Leech Seed
|
|-weather|SunnyDay|[upkeep]
|-heal|p2a: Escargoat|17/100|[from] item: Leftovers
|-damage|p1a: Raging Bolt|66/100|[from] Leech Seed|[of] p2a: Escargoat
|-heal|p2a: Escargoat|29/100|[silent]
|upkeep
|turn|22
|
|t:|1779605045
|move|p1a: Raging Bolt|Weather Ball|p2a: Escargoat
|-damage|p2a: Escargoat|0 fnt
|faint|p2a: Escargoat
|-damage|p1a: Raging Bolt|56/100|[from] item: Life Orb
|
|-weather|SunnyDay|[upkeep]
|upkeep
|
|t:|1779605047
|switch|p2a: Iron Treads|Iron Treads|90/100
|-damage|p2a: Iron Treads|87/100|[from] Stealth Rock
|turn|23
|
|t:|1779605050
|move|p2a: Iron Treads|Earthquake|p1a: Raging Bolt
|-supereffective|p1a: Raging Bolt
|-damage|p1a: Raging Bolt|0 fnt
|faint|p1a: Raging Bolt
|-end|p1a: Raging Bolt|Protosynthesis|[silent]
|
|-weather|SunnyDay|[upkeep]
|-heal|p2a: Iron Treads|93/100|[from] item: Leftovers
|upkeep
|j| darkrat18
|
|t:|1779605052
|switch|p1a: Great Tusk|Great Tusk|100/100
|-damage|p1a: Great Tusk|98/100|[from] Stealth Rock
|-activate|p1a: Great Tusk|ability: Protosynthesis
|-start|p1a: Great Tusk|protosynthesisatk
|turn|24
|
|t:|1779605055
|move|p2a: Iron Treads|Rapid Spin|p1a: Great Tusk
|-damage|p1a: Great Tusk|90/100
|-boost|p2a: Iron Treads|spe|1
|-sideend|p2: Ceo O Wo Chien|Stealth Rock|[from] move: Rapid Spin|[of] p2a: Iron Treads
|move|p1a: Great Tusk|Rapid Spin|p2a: Iron Treads
|-resisted|p2a: Iron Treads
|-damage|p2a: Iron Treads|85/100
|-boost|p1a: Great Tusk|spe|1
|-sideend|p1: Awakened Ashes|Stealth Rock|[from] move: Rapid Spin|[of] p1a: Great Tusk
|
|-weather|none
|-end|p1a: Great Tusk|Protosynthesis
|-heal|p2a: Iron Treads|91/100|[from] item: Leftovers
|upkeep
|turn|25
|
|t:|1779605062
|-end|p2a: Iron Treads|Quark Drive|[silent]
|switch|p2a: Cresselia|Cresselia, F|100/100
|move|p1a: Great Tusk|Close Combat|p2a: Cresselia
|-resisted|p2a: Cresselia
|-damage|p2a: Cresselia|83/100
|-unboost|p1a: Great Tusk|def|1
|-unboost|p1a: Great Tusk|spd|1
|-damage|p1a: Great Tusk|73/100|[from] item: Rocky Helmet|[of] p2a: Cresselia
|
|upkeep
|turn|26
|
|t:|1779605065
|-end|p1a: Great Tusk|Protosynthesis|[silent]
|switch|p1a: Torkoal|Torkoal, M|63/100 par
|-weather|SunnyDay|[from] ability: Drought|[of] p1a: Torkoal
|move|p2a: Cresselia|Ice Beam|p1a: Torkoal
|-resisted|p1a: Torkoal
|-damage|p1a: Torkoal|54/100 par
|
|-weather|SunnyDay|[upkeep]
|upkeep
|turn|27
|
|t:|1779605068
|move|p2a: Cresselia|Ice Beam|p1a: Torkoal
|-resisted|p1a: Torkoal
|-damage|p1a: Torkoal|42/100 par
|move|p1a: Torkoal|Will-O-Wisp|p2a: Cresselia|[miss]
|-miss|p1a: Torkoal|p2a: Cresselia
|
|-weather|SunnyDay|[upkeep]
|upkeep
|turn|28
|
|t:|1779605071
|move|p2a: Cresselia|Ice Beam|p1a: Torkoal
|-resisted|p1a: Torkoal
|-damage|p1a: Torkoal|31/100 par
|move|p1a: Torkoal|Will-O-Wisp|p2a: Cresselia
|-status|p2a: Cresselia|brn
|
|-weather|SunnyDay|[upkeep]
|-damage|p2a: Cresselia|77/100 brn|[from] brn
|upkeep
|turn|29
|
|t:|1779605073
|move|p2a: Cresselia|Ice Beam|p1a: Torkoal
|-resisted|p1a: Torkoal
|-damage|p1a: Torkoal|20/100 par
|move|p1a: Torkoal|Overheat|p2a: Cresselia
|-damage|p2a: Cresselia|36/100 brn
|-unboost|p1a: Torkoal|spa|2
|
|-weather|SunnyDay|[upkeep]
|-damage|p2a: Cresselia|30/100 brn|[from] brn
|upkeep
|turn|30
|
|t:|1779605076
|switch|p1a: Walking Wake|Walking Wake|100/100 par
|-activate|p1a: Walking Wake|ability: Protosynthesis
|-start|p1a: Walking Wake|protosynthesisspe
|move|p2a: Cresselia|Moonlight|p2a: Cresselia
|-heal|p2a: Cresselia|97/100 brn
|
|-weather|SunnyDay|[upkeep]
|-damage|p2a: Cresselia|91/100 brn|[from] brn
|upkeep
|turn|31
|
|t:|1779605079
|switch|p2a: Ogerpon|Ogerpon-Wellspring, F|100/100
|move|p1a: Walking Wake|Hydro Steam|p2a: Ogerpon
|-immune|p2a: Ogerpon|[from] ability: Water Absorb
|
|-weather|SunnyDay|[upkeep]
|upkeep
|turn|32
|-message|Awakened Ashes forfeited.
|
|win|Ceo O Wo Chien
|raw|Awakened Ashes's rating: 1701 &rarr; <strong>1686</strong><br />(-15 for losing)
|raw|Ceo O Wo Chien's rating: 1795 &rarr; <strong>1810</strong><br />(+15 for winning)
|l|☆Awakened Ashes
|player|p1|
|l| nepturee
|l| Kakimori
