|j|☆diancie The pearl
|j|‽tyflu
|t:|1779598726
|gametype|singles
|player|p1|diancie The pearl|lucas|1427
|player|p2|tyflu|170|1429
|gen|9
|tier|[Gen 9] OU
|rated|
|rule|HP Percentage Mod: HP is shown in percentages
|rule|Endless Battle Clause: Forcing endless battles is banned
|rule|Species Clause: Limit one of each Pokémon
|rule|OHKO Clause: OHKO moves are banned
|rule|Evasion Items Clause: Evasion items are banned
|rule|Evasion Moves Clause: Evasion moves are banned
|rule|Evasion Abilities Clause: Evasion abilities are banned
|rule|Sleep Moves Clause: Sleep-inducing moves are banned
|clearpoke
|poke|p1|Ting-Lu|
|poke|p1|Corviknight, M|
|poke|p1|Weezing-Galar, M|
|poke|p1|Zamazenta-*|
|poke|p1|Toxapex, M|
|poke|p1|Kyurem|
|poke|p2|Iron Valiant|
|poke|p2|Ceruledge, F|
|poke|p2|Gholdengo|
|poke|p2|Samurott-Hisui, M|
|poke|p2|Ogerpon-Wellspring, F|
|poke|p2|Great Tusk|
|teampreview
|inactive|Battle timer is ON: inactive players will automatically lose when time's up. (requested by diancie The pearl)
|
|t:|1779598737
|teamsize|p1|6
|teamsize|p2|6
|start
|switch|p1a: Yami|Corviknight, M, shiny|100/100
|switch|p2a: Samurott|Samurott-Hisui, M|100/100
|-ability|p1a: Yami|Pressure
|turn|1
|
|t:|1779598744
|move|p2a: Samurott|Flip Turn|p1a: Yami
|-damage|p1a: Yami|83/100
|-damage|p2a: Samurott|84/100|[from] item: Rocky Helmet|[of] p1a: Yami
|
|t:|1779598752
|switch|p2a: Great Tusk|Great Tusk|100/100|[from] Flip Turn
|move|p1a: Yami|U-turn|p2a: Great Tusk
|-resisted|p2a: Great Tusk
|-damage|p2a: Great Tusk|97/100
|
|t:|1779598762
|switch|p1a: Sentinel|Weezing-Galar, M, shiny|100/100|[from] U-turn
|-ability|p1a: Sentinel|Neutralizing Gas
|
|upkeep
|turn|2
|
|t:|1779598770
|move|p2a: Great Tusk|Headlong Rush|p1a: Sentinel
|-supereffective|p1a: Sentinel
|-damage|p1a: Sentinel|30/100
|-unboost|p2a: Great Tusk|def|1
|-unboost|p2a: Great Tusk|spd|1
|move|p1a: Sentinel|Will-O-Wisp|p2a: Great Tusk
|-status|p2a: Great Tusk|brn
|
|-damage|p2a: Great Tusk|90/100 brn|[from] brn
|upkeep
|turn|3
|
|t:|1779598780
|-end|p2a: Great Tusk|Protosynthesis|[silent]
|switch|p2a: Ceruledge|Ceruledge, F|100/100
|move|p1a: Sentinel|Pain Split|p2a: Ceruledge
|-sethp|p2a: Ceruledge|68/100|[from] move: Pain Split|[silent]
|-sethp|p1a: Sentinel|59/100|[from] move: Pain Split
|
|upkeep
|turn|4
|
|t:|1779598787
|-end|p1a: Sentinel|ability: Neutralizing Gas
|switch|p1a: Serpentine|Toxapex, M, shiny|100/100
|move|p2a: Ceruledge|Swords Dance|p2a: Ceruledge
|-boost|p2a: Ceruledge|atk|2
|
|upkeep
|turn|5
|
|t:|1779598791
|move|p2a: Ceruledge|Poltergeist|p1a: Serpentine
|-activate|p1a: Serpentine|move: Poltergeist|Assault Vest
|-damage|p1a: Serpentine|1/100
|move|p1a: Serpentine|Surf|p2a: Ceruledge
|-supereffective|p2a: Ceruledge
|-damage|p2a: Ceruledge|4/100
|
|upkeep
|turn|6
|
|t:|1779598800
|switch|p1a: Goliath|Ting-Lu|100/100
|-ability|p1a: Goliath|Vessel of Ruin
|move|p2a: Ceruledge|Bitter Blade|p1a: Goliath
|-damage|p1a: Goliath|49/100
|-heal|p2a: Ceruledge|49/100|[from] drain|[of] p1a: Goliath
|
|-heal|p1a: Goliath|55/100|[from] item: Leftovers
|upkeep
|turn|7
|
|t:|1779598807
|move|p2a: Ceruledge|Bitter Blade|p1a: Goliath
|-damage|p1a: Goliath|0 fnt
|-heal|p2a: Ceruledge|97/100|[from] drain|[of] p1a: Goliath
|faint|p1a: Goliath
|
|upkeep
|
|t:|1779598811
|switch|p1a: Trojan|Zamazenta, shiny|100/100
|-ability|p1a: Trojan|Dauntless Shield|boost
|-boost|p1a: Trojan|def|1
|turn|8
|
|t:|1779598817
|move|p1a: Trojan|Crunch|p2a: Ceruledge
|-supereffective|p2a: Ceruledge
|-damage|p2a: Ceruledge|0 fnt
|faint|p2a: Ceruledge
|
|upkeep
|
|t:|1779598825
|switch|p2a: Iron Valiant|Iron Valiant|100/100
|-enditem|p2a: Iron Valiant|Booster Energy
|-activate|p2a: Iron Valiant|ability: Quark Drive|[fromitem]
|-start|p2a: Iron Valiant|quarkdrivespe
|turn|9
|
|t:|1779598850
|switch|p1a: Serpentine|Toxapex, M, shiny|34/100
|move|p2a: Iron Valiant|Thunderbolt|p1a: Serpentine
|-supereffective|p1a: Serpentine
|-damage|p1a: Serpentine|3/100
|-status|p1a: Serpentine|par
|
|upkeep
|turn|10
|inactive|diancie The pearl has 120 seconds left.
|
|t:|1779598873
|switch|p1a: Sentinel|Weezing-Galar, M, shiny|59/100
|-ability|p1a: Sentinel|Neutralizing Gas
|move|p2a: Iron Valiant|Thunderbolt|p1a: Sentinel
|-damage|p1a: Sentinel|26/100
|
|upkeep
|turn|11
|
|t:|1779598879
|move|p2a: Iron Valiant|Thunderbolt|p1a: Sentinel
|-damage|p1a: Sentinel|0 fnt
|faint|p1a: Sentinel
|-end|p1a: Sentinel|ability: Neutralizing Gas
|
|upkeep
|
|t:|1779598881
|switch|p1a: Trojan|Zamazenta, shiny|100/100
|turn|12
|
|t:|1779598886
|-end|p2a: Iron Valiant|Quark Drive|[silent]
|switch|p2a: Great Tusk|Great Tusk|90/100 brn
|switch|p1a: Serpentine|Toxapex, M, shiny|36/100 par
|
|-damage|p2a: Great Tusk|84/100 brn|[from] brn
|upkeep
|turn|13
|
|t:|1779598898
|-end|p2a: Great Tusk|Protosynthesis|[silent]
|switch|p2a: Iron Valiant|Iron Valiant|100/100
|switch|p1a: Yami|Corviknight, M, shiny|83/100
|-ability|p1a: Yami|Pressure
|
|upkeep
|turn|14
|
|t:|1779598905
|switch|p1a: Serpentine|Toxapex, M, shiny|69/100 par
|move|p2a: Iron Valiant|Knock Off|p1a: Serpentine
|-damage|p1a: Serpentine|46/100 par
|-enditem|p1a: Serpentine|Assault Vest|[from] move: Knock Off|[of] p2a: Iron Valiant
|
|upkeep
|turn|15
|
|t:|1779598910
|move|p2a: Iron Valiant|Thunderbolt|p1a: Serpentine
|-supereffective|p1a: Serpentine
|-damage|p1a: Serpentine|0 fnt
|faint|p1a: Serpentine
|
|upkeep
|
|t:|1779598915
|switch|p1a: Trojan|Zamazenta, shiny|100/100
|turn|16
|
|t:|1779598919
|switch|p1a: Kyurem|Kyurem|100/100
|-ability|p1a: Kyurem|Pressure
|-end|p2a: Iron Valiant|Quark Drive|[silent]
|switch|p2a: Great Tusk|Great Tusk|84/100 brn
|
|-damage|p2a: Great Tusk|78/100 brn|[from] brn
|upkeep
|turn|17
|
|t:|1779598922
|move|p1a: Kyurem|Substitute|p1a: Kyurem
|-start|p1a: Kyurem|Substitute
|-damage|p1a: Kyurem|76/100
|move|p2a: Great Tusk|Close Combat|p1a: Kyurem
|-supereffective|p1a: Kyurem
|-end|p1a: Kyurem|Substitute
|-unboost|p2a: Great Tusk|def|1
|-unboost|p2a: Great Tusk|spd|1
|
|-heal|p1a: Kyurem|82/100|[from] item: Leftovers
|-damage|p2a: Great Tusk|72/100 brn|[from] brn
|upkeep
|turn|18
|
|t:|1779598925
|move|p1a: Kyurem|Protect|p1a: Kyurem
|-singleturn|p1a: Kyurem|Protect
|move|p2a: Great Tusk|Close Combat|p1a: Kyurem
|-activate|p1a: Kyurem|move: Protect
|
|-heal|p1a: Kyurem|88/100|[from] item: Leftovers
|-damage|p2a: Great Tusk|65/100 brn|[from] brn
|upkeep
|turn|19
|
|t:|1779598927
|move|p1a: Kyurem|Substitute|p1a: Kyurem
|-start|p1a: Kyurem|Substitute
|-damage|p1a: Kyurem|63/100
|move|p2a: Great Tusk|Close Combat|p1a: Kyurem
|-supereffective|p1a: Kyurem
|-end|p1a: Kyurem|Substitute
|-unboost|p2a: Great Tusk|def|1
|-unboost|p2a: Great Tusk|spd|1
|
|-heal|p1a: Kyurem|69/100|[from] item: Leftovers
|-damage|p2a: Great Tusk|59/100 brn|[from] brn
|upkeep
|turn|20
|
|t:|1779598930
|move|p1a: Kyurem|Substitute|p1a: Kyurem
|-start|p1a: Kyurem|Substitute
|-damage|p1a: Kyurem|44/100
|move|p2a: Great Tusk|Close Combat|p1a: Kyurem
|-supereffective|p1a: Kyurem
|-end|p1a: Kyurem|Substitute
|-unboost|p2a: Great Tusk|def|1
|-unboost|p2a: Great Tusk|spd|1
|
|-heal|p1a: Kyurem|50/100|[from] item: Leftovers
|-damage|p2a: Great Tusk|53/100 brn|[from] brn
|upkeep
|turn|21
|
|t:|1779598935
|move|p1a: Kyurem|Substitute|p1a: Kyurem
|-start|p1a: Kyurem|Substitute
|-damage|p1a: Kyurem|25/100
|move|p2a: Great Tusk|Headlong Rush|p1a: Kyurem
|-end|p1a: Kyurem|Substitute
|-unboost|p2a: Great Tusk|def|1
|-unboost|p2a: Great Tusk|spd|1
|
|-heal|p1a: Kyurem|31/100|[from] item: Leftovers
|-damage|p2a: Great Tusk|47/100 brn|[from] brn
|upkeep
|turn|22
|
|t:|1779598938
|move|p1a: Kyurem|Protect|p1a: Kyurem
|-singleturn|p1a: Kyurem|Protect
|move|p2a: Great Tusk|Headlong Rush|p1a: Kyurem
|-activate|p1a: Kyurem|move: Protect
|
|-heal|p1a: Kyurem|37/100|[from] item: Leftovers
|-damage|p2a: Great Tusk|41/100 brn|[from] brn
|upkeep
|turn|23
|
|t:|1779598942
|move|p1a: Kyurem|Substitute|p1a: Kyurem
|-start|p1a: Kyurem|Substitute
|-damage|p1a: Kyurem|12/100
|move|p2a: Great Tusk|Headlong Rush|p1a: Kyurem
|-end|p1a: Kyurem|Substitute
|-unboost|p2a: Great Tusk|def|1
|-unboost|p2a: Great Tusk|spd|1
|
|-heal|p1a: Kyurem|18/100|[from] item: Leftovers
|-damage|p2a: Great Tusk|34/100 brn|[from] brn
|upkeep
|turn|24
|
|t:|1779598944
|move|p1a: Kyurem|Protect|p1a: Kyurem
|-singleturn|p1a: Kyurem|Protect
|move|p2a: Great Tusk|Ice Spinner|p1a: Kyurem
|-activate|p1a: Kyurem|move: Protect
|
|-heal|p1a: Kyurem|24/100|[from] item: Leftovers
|-damage|p2a: Great Tusk|28/100 brn|[from] brn
|upkeep
|turn|25
|
|t:|1779598948
|move|p1a: Kyurem|Dragon Dance|p1a: Kyurem
|-boost|p1a: Kyurem|atk|1
|-boost|p1a: Kyurem|spe|1
|move|p2a: Great Tusk|Headlong Rush|p1a: Kyurem
|-damage|p1a: Kyurem|0 fnt
|-unboost|p2a: Great Tusk|def|1
|-unboost|p2a: Great Tusk|spd|1
|faint|p1a: Kyurem
|
|-damage|p2a: Great Tusk|22/100 brn|[from] brn
|upkeep
|
|t:|1779598954
|switch|p1a: Trojan|Zamazenta, shiny|100/100
|turn|26
|
|t:|1779598958
|move|p1a: Trojan|Heavy Slam|p2a: Great Tusk
|-damage|p2a: Great Tusk|0 fnt
|faint|p2a: Great Tusk
|-end|p2a: Great Tusk|Protosynthesis|[silent]
|
|upkeep
|
|t:|1779598968
|switch|p2a: Samurott|Samurott-Hisui, M|84/100
|turn|27
|
|t:|1779598971
|switch|p1a: Yami|Corviknight, M, shiny|83/100
|-ability|p1a: Yami|Pressure
|move|p2a: Samurott|Razor Shell|p1a: Yami
|-damage|p1a: Yami|53/100
|-unboost|p1a: Yami|def|1
|-damage|p2a: Samurott|68/100|[from] item: Rocky Helmet|[of] p1a: Yami
|
|upkeep
|turn|28
|
|t:|1779598979
|switch|p1a: Trojan|Zamazenta, shiny|100/100
|move|p2a: Samurott|Razor Shell|p1a: Trojan
|-damage|p1a: Trojan|52/100
|
|upkeep
|turn|29
|
|t:|1779598985
|move|p2a: Samurott|Razor Shell|p1a: Trojan
|-damage|p1a: Trojan|8/100
|-unboost|p1a: Trojan|def|1
|move|p1a: Trojan|Close Combat|p2a: Samurott
|-supereffective|p2a: Samurott
|-damage|p2a: Samurott|0 fnt
|-unboost|p1a: Trojan|def|1
|-unboost|p1a: Trojan|spd|1
|faint|p2a: Samurott
|
|upkeep
|
|t:|1779598990
|switch|p2a: Gholdengo|Gholdengo|100/100
|-item|p2a: Gholdengo|Air Balloon
|turn|30
|
|t:|1779598993
|switch|p1a: Yami|Corviknight, M, shiny|53/100
|-ability|p1a: Yami|Pressure
|move|p2a: Gholdengo|Nasty Plot|p2a: Gholdengo
|-boost|p2a: Gholdengo|spa|2
|
|upkeep
|turn|31
|
|t:|1779598997
|move|p2a: Gholdengo|Shadow Ball|p1a: Yami
|-damage|p1a: Yami|0 fnt
|faint|p1a: Yami
|
|upkeep
|
|t:|1779598998
|switch|p1a: Trojan|Zamazenta, shiny|8/100
|turn|32
|
|t:|1779599002
|move|p1a: Trojan|Heavy Slam|p2a: Gholdengo
|-resisted|p2a: Gholdengo
|-damage|p2a: Gholdengo|79/100
|-enditem|p2a: Gholdengo|Air Balloon
|move|p2a: Gholdengo|Shadow Ball|p1a: Trojan
|-crit|p1a: Trojan
|-damage|p1a: Trojan|0 fnt
|faint|p1a: Trojan
|
|win|tyflu
|raw|diancie The pearl's rating: 1427 &rarr; <strong>1407</strong><br />(-20 for losing)
|raw|tyflu's rating: 1429 &rarr; <strong>1449</strong><br />(+20 for winning)
|l|☆diancie The pearl
|player|p1|
|l|‽tyflu
|player|p2|
