|j|☆Hyuyu
|j|☆upgrade9
|t:|1779649862
|gametype|singles
|player|p1|Hyuyu|2|1380
|player|p2|upgrade9|170|1438
|gen|9
|tier|[Gen 9] OU
|rated|
|rule|HP Percentage Mod: HP is shown in percentages
|rule|Endless Battle Clause: Forcing endless battles is banned
|rule|Species Clause: Limit one of each Pokémon
|rule|OHKO Clause: OHKO moves are banned
|rule|Evasion Items Clause: Evasion items are banned
|rule|Evasion Moves Clause: Evasion moves are banned
|rule|Evasion Abilities Clause: Evasion abilities are banned
|rule|Sleep Moves Clause: Sleep-inducing moves are banned
|clearpoke
|poke|p1|Gardevoir, M|
|poke|p1|Great Tusk|
|poke|p1|Samurott-Hisui, M|
|poke|p1|Heatran, M|
|poke|p1|Zapdos|
|poke|p1|Azelf|
|poke|p2|Sceptile, F|
|poke|p2|Enamorus, F|
|poke|p2|Cinderace, M|
|poke|p2|Dondozo, M|
|poke|p2|Iron Valiant|
|poke|p2|Dragapult, F|
|teampreview
|inactive|Battle timer is ON: inactive players will automatically lose when time's up. (requested by upgrade9)
|inactive|Hyuyu has 120 seconds left.
|
|t:|1779649907
|teamsize|p1|6
|teamsize|p2|6
|start
|switch|p1a: Gardevoir|Gardevoir, M|100/100
|switch|p2a: Isaiah Rashad|Sceptile, F|100/100
|-ability|p1a: Gardevoir|Unburden|Trace|[from] ability: Trace|[of] p2a: Isaiah Rashad
|turn|1
|
|t:|1779649924
|move|p2a: Isaiah Rashad|Swords Dance|p2a: Isaiah Rashad
|-boost|p2a: Isaiah Rashad|atk|2
|move|p1a: Gardevoir|Moonblast|p2a: Isaiah Rashad
|-damage|p2a: Isaiah Rashad|17/100
|
|upkeep
|turn|2
|
|t:|1779649935
|switch|p1a: Zapdos|Zapdos|100/100
|move|p2a: Isaiah Rashad|Leaf Blade|p1a: Zapdos
|-resisted|p1a: Zapdos
|-crit|p1a: Zapdos
|-damage|p1a: Zapdos|53/100
|
|upkeep
|turn|3
|
|t:|1779649944
|move|p2a: Isaiah Rashad|Leaf Blade|p1a: Zapdos
|-resisted|p1a: Zapdos
|-damage|p1a: Zapdos|20/100
|-status|p2a: Isaiah Rashad|par|[from] ability: Static|[of] p1a: Zapdos
|move|p1a: Zapdos|Roost|p1a: Zapdos
|-heal|p1a: Zapdos|70/100
|-singleturn|p1a: Zapdos|move: Roost
|
|upkeep
|turn|4
|
|t:|1779649963
|switch|p2a: Dragapult|Dragapult, F|100/100
|move|p1a: Zapdos|Volt Switch|p2a: Dragapult
|-resisted|p2a: Dragapult
|-damage|p2a: Dragapult|79/100
|inactive|Hyuyu has 120 seconds left.
|
|t:|1779650002
|switch|p1a: Samurott|Samurott-Hisui, M|100/100|[from] Volt Switch
|
|upkeep
|turn|5
|inactive|Hyuyu has 120 seconds left.
|
|t:|1779650009
|move|p2a: Dragapult|U-turn|p1a: Samurott
|-supereffective|p1a: Samurott
|-damage|p1a: Samurott|58/100
|
|t:|1779650020
|switch|p2a: Isaiah Rashad|Sceptile, F|17/100 par|[from] U-turn
|move|p1a: Samurott|Ceaseless Edge|p2a: Isaiah Rashad
|-damage|p2a: Isaiah Rashad|0 fnt
|-sidestart|p2: upgrade9|Spikes
|faint|p2a: Isaiah Rashad
|
|upkeep
|
|t:|1779650031
|switch|p2a: Iron Valiant|Iron Valiant|100/100
|-damage|p2a: Iron Valiant|88/100|[from] Spikes
|-enditem|p2a: Iron Valiant|Booster Energy
|-activate|p2a: Iron Valiant|ability: Quark Drive|[fromitem]
|-start|p2a: Iron Valiant|quarkdrivespe
|turn|6
|
|t:|1779650042
|switch|p1a: Zapdos|Zapdos|70/100
|move|p2a: Iron Valiant|Moonblast|p1a: Zapdos
|-damage|p1a: Zapdos|27/100
|
|upkeep
|turn|7
|
|t:|1779650047
|move|p2a: Iron Valiant|Moonblast|p1a: Zapdos
|-damage|p1a: Zapdos|0 fnt
|faint|p1a: Zapdos
|
|upkeep
|
|t:|1779650053
|switch|p1a: Gardevoir|Gardevoir, M|100/100
|turn|8
|
|t:|1779650075
|-end|p2a: Iron Valiant|Quark Drive|[silent]
|switch|p2a: NickiMinaj|Enamorus, F|100/100
|-ability|p1a: Gardevoir|Contrary|Trace|[from] ability: Trace|[of] p2a: NickiMinaj
|move|p1a: Gardevoir|Moonblast|p2a: NickiMinaj
|-damage|p2a: NickiMinaj|31/100
|
|upkeep
|turn|9
|inactive|Hyuyu has 120 seconds left.
|
|t:|1779650113
|switch|p1a: Heatran|Heatran, M|100/100
|move|p2a: NickiMinaj|Sludge Bomb|p1a: Heatran
|-immune|p1a: Heatran
|
|upkeep
|turn|10
|inactive|Hyuyu has 120 seconds left.
|
|t:|1779650125
|move|p2a: NickiMinaj|Earth Power|p1a: Heatran
|-supereffective|p1a: Heatran
|-damage|p1a: Heatran|0 fnt
|faint|p1a: Heatran
|
|upkeep
|
|t:|1779650128
|switch|p1a: Azelf|Azelf|100/100
|turn|11
|inactive|Hyuyu has 120 seconds left.
|
|t:|1779650152
|move|p1a: Azelf|Psychic|p2a: NickiMinaj
|-damage|p2a: NickiMinaj|0 fnt
|faint|p2a: NickiMinaj
|
|upkeep
|
|t:|1779650162
|switch|p2a: Dragapult|Dragapult, F|79/100
|-damage|p2a: Dragapult|66/100|[from] Spikes
|turn|12
|inactive|Hyuyu has 120 seconds left.
|
|t:|1779650176
|switch|p1a: Great Tusk|Great Tusk|100/100
|move|p2a: Dragapult|Shadow Ball|p1a: Great Tusk
|-damage|p1a: Great Tusk|15/100
|
|-heal|p1a: Great Tusk|21/100|[from] item: Leftovers
|upkeep
|turn|13
|inactive|Hyuyu has 120 seconds left.
|
|t:|1779650183
|move|p2a: Dragapult|Shadow Ball|p1a: Great Tusk
|-damage|p1a: Great Tusk|0 fnt
|faint|p1a: Great Tusk
|-end|p1a: Great Tusk|Protosynthesis|[silent]
|
|upkeep
|
|t:|1779650187
|switch|p1a: Samurott|Samurott-Hisui, M|58/100
|turn|14
|inactive|Hyuyu has 120 seconds left.
|
|t:|1779650203
|switch|p2a: Haiku|Cinderace, M|100/100
|move|p1a: Samurott|Aqua Cutter|p2a: Haiku
|-supereffective|p2a: Haiku
|-damage|p2a: Haiku|42/100
|
|upkeep
|turn|15
|inactive|Hyuyu has 120 seconds left.
|
|t:|1779650242
|move|p1a: Samurott|Knock Off|p2a: Haiku
|-damage|p2a: Haiku|0 fnt
|-enditem|p2a: Haiku|Heavy-Duty Boots|[from] move: Knock Off|[of] p1a: Samurott
|faint|p2a: Haiku
|
|upkeep
|
|t:|1779650251
|switch|p2a: Iron Valiant|Iron Valiant|88/100
|-damage|p2a: Iron Valiant|76/100|[from] Spikes
|turn|16
|
|t:|1779650259
|move|p2a: Iron Valiant|Moonblast|p1a: Samurott
|-supereffective|p1a: Samurott
|-damage|p1a: Samurott|0 fnt
|faint|p1a: Samurott
|
|upkeep
|inactive|Hyuyu has 90 seconds left.
|
|t:|1779650285
|switch|p1a: Azelf|Azelf|100/100
|turn|17
|
|t:|1779650306
|move|p2a: Iron Valiant|Moonblast|p1a: Azelf
|-damage|p1a: Azelf|26/100
|-unboost|p1a: Azelf|spa|1
|move|p1a: Azelf|Psychic|p2a: Iron Valiant
|-supereffective|p2a: Iron Valiant
|-crit|p2a: Iron Valiant
|-damage|p2a: Iron Valiant|0 fnt
|faint|p2a: Iron Valiant
|-end|p2a: Iron Valiant|Quark Drive|[silent]
|
|upkeep
|
|t:|1779650314
|switch|p2a: Dragapult|Dragapult, F|66/100
|-damage|p2a: Dragapult|54/100|[from] Spikes
|turn|18
|
|t:|1779650318
|move|p2a: Dragapult|Shadow Ball|p1a: Azelf
|-supereffective|p1a: Azelf
|-damage|p1a: Azelf|0 fnt
|faint|p1a: Azelf
|
|upkeep
|
|t:|1779650321
|switch|p1a: Gardevoir|Gardevoir, M|100/100
|-ability|p1a: Gardevoir|Infiltrator|Trace|[from] ability: Trace|[of] p2a: Dragapult
|turn|19
|
|t:|1779650326
|-terastallize|p1a: Gardevoir|Fairy
|move|p2a: Dragapult|Shadow Ball|p1a: Gardevoir
|-damage|p1a: Gardevoir|46/100
|-unboost|p1a: Gardevoir|spd|1
|move|p1a: Gardevoir|Moonblast|p2a: Dragapult
|-supereffective|p2a: Dragapult
|-damage|p2a: Dragapult|0 fnt
|faint|p2a: Dragapult
|
|upkeep
|
|t:|1779650335
|switch|p2a: Appa|Dondozo, M, shiny|100/100
|-damage|p2a: Appa|88/100|[from] Spikes
|turn|20
|
|t:|1779650340
|move|p1a: Gardevoir|Moonblast|p2a: Appa
|-damage|p2a: Appa|0 fnt
|faint|p2a: Appa
|
|win|Hyuyu
|raw|Hyuyu's rating: 1380 &rarr; <strong>1403</strong><br />(+23 for winning)
|raw|upgrade9's rating: 1438 &rarr; <strong>1415</strong><br />(-23 for losing)
|l|☆upgrade9
|player|p2|
|l|☆Hyuyu
|player|p1|
