|j|☆Mouu'D
|j|☆Demostert
|t:|1779715255
|gametype|singles
|player|p1|Mouu'D|youngster-gen4dp|1389
|player|p2|Demostert|barry|1328
|gen|9
|tier|[Gen 9] OU
|rated|
|rule|HP Percentage Mod: HP is shown in percentages
|rule|Endless Battle Clause: Forcing endless battles is banned
|rule|Species Clause: Limit one of each Pokémon
|rule|OHKO Clause: OHKO moves are banned
|rule|Evasion Items Clause: Evasion items are banned
|rule|Evasion Moves Clause: Evasion moves are banned
|rule|Evasion Abilities Clause: Evasion abilities are banned
|rule|Sleep Moves Clause: Sleep-inducing moves are banned
|clearpoke
|poke|p1|Deoxys-Defense|
|poke|p1|Diancie|
|poke|p1|Glastrier|
|poke|p1|Ursaluna, M|
|poke|p1|Exeggutor-Alola, M|
|poke|p1|Conkeldurr, M|
|poke|p2|Heatran, M|
|poke|p2|Ogerpon-Wellspring, F|
|poke|p2|Weezing-Galar, M|
|poke|p2|Garchomp, F|
|poke|p2|Corviknight, M|
|poke|p2|Zamazenta-*|
|teampreview
|
|t:|1779715278
|teamsize|p1|6
|teamsize|p2|6
|start
|switch|p1a: Vegapunk 03|Deoxys-Defense, shiny|100/100
|switch|p2a: Zamazenta|Zamazenta, shiny|100/100
|-ability|p2a: Zamazenta|Dauntless Shield|boost
|-boost|p2a: Zamazenta|def|1
|-ability|p1a: Vegapunk 03|Pressure
|turn|1
|inactive|Battle timer is ON: inactive players will automatically lose when time's up. (requested by Mouu'D)
|
|t:|1779715285
|-terastallize|p2a: Zamazenta|Dark
|move|p2a: Zamazenta|Crunch|p1a: Vegapunk 03
|-supereffective|p1a: Vegapunk 03
|-enditem|p1a: Vegapunk 03|Colbur Berry|[eat]
|-enditem|p1a: Vegapunk 03|Colbur Berry|[weaken]
|-damage|p1a: Vegapunk 03|65/100
|-unboost|p1a: Vegapunk 03|def|1
|-damage|p2a: Zamazenta|91/100|[from] item: Life Orb
|move|p1a: Vegapunk 03|Psycho Boost|p2a: Zamazenta
|-immune|p2a: Zamazenta
|
|upkeep
|turn|2
|
|t:|1779715297
|switch|p1a: Joz|Diancie|100/100
|move|p2a: Zamazenta|Crunch|p1a: Joz
|-resisted|p1a: Joz
|-damage|p1a: Joz|79/100
|-damage|p2a: Zamazenta|81/100|[from] item: Life Orb
|
|upkeep
|turn|3
|
|t:|1779715305
|move|p2a: Zamazenta|Heavy Slam|p1a: Joz
|-supereffective|p1a: Joz
|-damage|p1a: Joz|0 fnt
|faint|p1a: Joz
|-damage|p2a: Zamazenta|71/100|[from] item: Life Orb
|
|upkeep
|inactive|Mouu'D has 120 seconds left.
|inactive|Mouu'D has 90 seconds left.
|
|t:|1779715383
|switch|p1a: Luffy gear 4th|Conkeldurr, M|100/100
|turn|4
|
|t:|1779715388
|switch|p2a: Garchomp|Garchomp, F, shiny|100/100
|move|p1a: Luffy gear 4th|Mach Punch|p2a: Garchomp
|-damage|p2a: Garchomp|85/100
|-damage|p1a: Luffy gear 4th|88/100|[from] ability: Rough Skin|[of] p2a: Garchomp
|-damage|p1a: Luffy gear 4th|72/100|[from] item: Rocky Helmet|[of] p2a: Garchomp
|
|-status|p1a: Luffy gear 4th|brn|[from] item: Flame Orb
|upkeep
|turn|5
|inactive|Mouu'D has 90 seconds left.
|
|t:|1779715402
|move|p1a: Luffy gear 4th|Ice Punch|p2a: Garchomp
|-supereffective|p2a: Garchomp
|-damage|p2a: Garchomp|0 fnt
|-damage|p1a: Luffy gear 4th|59/100 brn|[from] ability: Rough Skin|[of] p2a: Garchomp
|-damage|p1a: Luffy gear 4th|43/100 brn|[from] item: Rocky Helmet|[of] p2a: Garchomp
|faint|p2a: Garchomp
|
|-damage|p1a: Luffy gear 4th|36/100 brn|[from] brn
|upkeep
|
|t:|1779715406
|switch|p2a: Corviknight|Corviknight, M, shiny|100/100
|-ability|p2a: Corviknight|Pressure
|turn|6
|
|t:|1779715413
|move|p2a: Corviknight|Brave Bird|p1a: Luffy gear 4th
|-supereffective|p1a: Luffy gear 4th
|-damage|p1a: Luffy gear 4th|0 fnt
|faint|p1a: Luffy gear 4th
|-damage|p2a: Corviknight|88/100|[from] Recoil
|
|upkeep
|inactive|Mouu'D has 90 seconds left.
|
|t:|1779715425
|switch|p1a: Vegapunk 03|Deoxys-Defense, shiny|65/100
|-ability|p1a: Vegapunk 03|Pressure
|turn|7
|
|t:|1779715437
|move|p1a: Vegapunk 03|Recover|p1a: Vegapunk 03
|-heal|p1a: Vegapunk 03|100/100
|move|p2a: Corviknight|U-turn|p1a: Vegapunk 03
|-supereffective|p1a: Vegapunk 03
|-damage|p1a: Vegapunk 03|78/100
|
|t:|1779715441
|switch|p2a: Zamazenta|Zamazenta, shiny, tera:Dark|71/100|[from] U-turn
|
|upkeep
|turn|8
|
|t:|1779715445
|move|p2a: Zamazenta|Crunch|p1a: Vegapunk 03
|-supereffective|p1a: Vegapunk 03
|-damage|p1a: Vegapunk 03|0 fnt
|faint|p1a: Vegapunk 03
|-damage|p2a: Zamazenta|61/100|[from] item: Life Orb
|
|upkeep
|
|t:|1779715461
|switch|p1a: Sodom|Exeggutor-Alola, M, shiny|100/100
|turn|9
|
|t:|1779715467
|switch|p2a: Corviknight|Corviknight, M, shiny|88/100
|-ability|p2a: Corviknight|Pressure
|-terastallize|p1a: Sodom|Poison
|move|p1a: Sodom|Trick Room|p1a: Sodom
|-fieldstart|move: Trick Room|[of] p1a: Sodom
|
|upkeep
|turn|10
|
|t:|1779715478
|move|p1a: Sodom|Flamethrower|p2a: Corviknight
|-supereffective|p2a: Corviknight
|-damage|p2a: Corviknight|25/100
|move|p2a: Corviknight|U-turn|p1a: Sodom
|-resisted|p1a: Sodom
|-damage|p1a: Sodom|93/100
|
|t:|1779715484
|switch|p2a: Heatran|Heatran, M, shiny|100/100|[from] U-turn
|
|upkeep
|turn|11
|
|t:|1779715497
|switch|p1a: Kuma|Ursaluna, M|100/100
|move|p2a: Heatran|Stealth Rock|p1a: Kuma
|-sidestart|p1: Mouu'D|move: Stealth Rock
|
|-status|p1a: Kuma|brn|[from] item: Flame Orb
|upkeep
|turn|12
|inactive|Mouu'D has 120 seconds left.
|
|t:|1779715517
|switch|p2a: Corviknight|Corviknight, M, shiny|25/100
|-ability|p2a: Corviknight|Pressure
|move|p1a: Kuma|Facade|p2a: Corviknight
|-resisted|p2a: Corviknight
|-damage|p2a: Corviknight|0 fnt
|-damage|p1a: Kuma|84/100 brn|[from] item: Rocky Helmet|[of] p2a: Corviknight
|faint|p2a: Corviknight
|
|-damage|p1a: Kuma|78/100 brn|[from] brn
|upkeep
|
|t:|1779715527
|switch|p2a: Weezing|Weezing-Galar, M, shiny|100/100
|turn|13
|
|t:|1779715533
|move|p1a: Kuma|Facade|p2a: Weezing
|-damage|p2a: Weezing|21/100
|move|p2a: Weezing|Sludge Bomb|p1a: Kuma
|-resisted|p1a: Kuma
|-damage|p1a: Kuma|66/100 brn
|
|-damage|p1a: Kuma|60/100 brn|[from] brn
|-fieldend|move: Trick Room
|upkeep
|turn|14
|
|t:|1779715544
|move|p2a: Weezing|Sludge Bomb|p1a: Kuma
|-resisted|p1a: Kuma
|-damage|p1a: Kuma|49/100 brn
|move|p1a: Kuma|Facade|p2a: Weezing
|-damage|p2a: Weezing|0 fnt
|faint|p2a: Weezing
|
|-damage|p1a: Kuma|42/100 brn|[from] brn
|upkeep
|
|t:|1779715550
|switch|p2a: Zamazenta|Zamazenta, shiny, tera:Dark|61/100
|turn|15
|
|t:|1779715561
|switch|p2a: Heatran|Heatran, M, shiny|100/100
|move|p1a: Kuma|Facade|p2a: Heatran
|-resisted|p2a: Heatran
|-damage|p2a: Heatran|47/100
|
|-heal|p2a: Heatran|53/100|[from] item: Leftovers
|-damage|p1a: Kuma|36/100 brn|[from] brn
|upkeep
|turn|16
|
|t:|1779715574
|move|p2a: Heatran|Earth Power|p1a: Kuma
|-damage|p1a: Kuma|11/100 brn
|move|p1a: Kuma|Earthquake|p2a: Heatran
|-supereffective|p2a: Heatran
|-damage|p2a: Heatran|0 fnt
|faint|p2a: Heatran
|
|-damage|p1a: Kuma|5/100 brn|[from] brn
|upkeep
|
|t:|1779715581
|switch|p2a: Ogerpon|Ogerpon-Wellspring, F|100/100
|turn|17
|
|t:|1779715590
|move|p2a: Ogerpon|Ivy Cudgel|p1a: Kuma|[anim] Ivy Cudgel Water
|-supereffective|p1a: Kuma
|-damage|p1a: Kuma|0 fnt
|faint|p1a: Kuma
|
|upkeep
|
|t:|1779715593
|switch|p1a: Sodom|Exeggutor-Alola, M, shiny, tera:Poison|93/100
|-damage|p1a: Sodom|81/100|[from] Stealth Rock
|turn|18
|
|t:|1779715601
|move|p2a: Ogerpon|Swords Dance|p2a: Ogerpon
|-boost|p2a: Ogerpon|atk|2
|move|p1a: Sodom|Trick Room|p1a: Sodom
|-fieldstart|move: Trick Room|[of] p1a: Sodom
|
|upkeep
|turn|19
|
|t:|1779715606
|move|p1a: Sodom|Sludge Bomb|p2a: Ogerpon
|-supereffective|p2a: Ogerpon
|-damage|p2a: Ogerpon|0 fnt
|faint|p2a: Ogerpon
|
|upkeep
|
|t:|1779715609
|switch|p2a: Zamazenta|Zamazenta, shiny, tera:Dark|61/100
|turn|20
|
|t:|1779715613
|move|p1a: Sodom|Sludge Bomb|p2a: Zamazenta
|-damage|p2a: Zamazenta|16/100
|move|p2a: Zamazenta|Close Combat|p1a: Sodom
|-resisted|p1a: Sodom
|-damage|p1a: Sodom|42/100
|-unboost|p2a: Zamazenta|def|1
|-unboost|p2a: Zamazenta|spd|1
|-enditem|p1a: Sodom|Sitrus Berry|[eat]
|-heal|p1a: Sodom|67/100|[from] item: Sitrus Berry
|-damage|p2a: Zamazenta|6/100|[from] item: Life Orb
|
|upkeep
|turn|21
|
|t:|1779715619
|move|p1a: Sodom|Sludge Bomb|p2a: Zamazenta
|-damage|p2a: Zamazenta|0 fnt
|faint|p2a: Zamazenta
|
|win|Mouu'D
|raw|Mouu&apos;D's rating: 1389 &rarr; <strong>1406</strong><br />(+17 for winning)
|raw|Demostert's rating: 1328 &rarr; <strong>1311</strong><br />(-17 for losing)
|l|☆Demostert
|player|p2|
|l|☆Mouu'D
|player|p1|
