|j|☆LePaing
|j|☆claudechamp
|t:|1779715593
|gametype|singles
|player|p1|LePaing|wattson|1129
|player|p2|claudechamp|102|1170
|gen|9
|tier|[Gen 9] OU
|rated|
|rule|HP Percentage Mod: HP is shown in percentages
|rule|Endless Battle Clause: Forcing endless battles is banned
|rule|Species Clause: Limit one of each Pokémon
|rule|OHKO Clause: OHKO moves are banned
|rule|Evasion Items Clause: Evasion items are banned
|rule|Evasion Moves Clause: Evasion moves are banned
|rule|Evasion Abilities Clause: Evasion abilities are banned
|rule|Sleep Moves Clause: Sleep-inducing moves are banned
|clearpoke
|poke|p1|Ninetales, F|
|poke|p1|Torkoal, M|
|poke|p1|Dragapult, F|
|poke|p1|Orthworm, M|
|poke|p1|Venusaur, M|
|poke|p1|Lilligant-Hisui, F|
|poke|p2|Gliscor, M|
|poke|p2|Gholdengo|
|poke|p2|Zamazenta-*|
|poke|p2|Blissey, F|
|poke|p2|Skarmory, F|
|poke|p2|Pecharunt|
|teampreview
|c|☆claudechamp|hf
|inactive|Battle timer is ON: inactive players will automatically lose when time's up. (requested by claudechamp)
|
|t:|1779715600
|teamsize|p1|6
|teamsize|p2|6
|start
|switch|p1a: Lynn|Ninetales, F|100/100
|switch|p2a: Skarmory|Skarmory, F|100/100
|-weather|SunnyDay|[from] ability: Drought|[of] p1a: Lynn
|turn|1
|
|t:|1779715603
|switch|p2a: Gliscor|Gliscor, M|100/100
|move|p1a: Lynn|Weather Ball|p2a: Gliscor
|-damage|p2a: Gliscor|45/100
|
|-weather|SunnyDay|[upkeep]
|-status|p2a: Gliscor|tox|[from] item: Toxic Orb
|upkeep
|turn|2
|
|t:|1779715608
|move|p2a: Gliscor|Protect|p2a: Gliscor
|-singleturn|p2a: Gliscor|Protect
|move|p1a: Lynn|Weather Ball|p2a: Gliscor
|-activate|p2a: Gliscor|move: Protect
|
|-weather|SunnyDay|[upkeep]
|-heal|p2a: Gliscor|58/100 tox|[from] ability: Poison Heal
|upkeep
|turn|3
|
|t:|1779715611
|move|p1a: Lynn|Weather Ball|p2a: Gliscor
|-damage|p2a: Gliscor|10/100 tox
|move|p2a: Gliscor|Earthquake|p1a: Lynn
|-supereffective|p1a: Lynn
|-damage|p1a: Lynn|0 fnt
|faint|p1a: Lynn
|
|-weather|SunnyDay|[upkeep]
|-heal|p2a: Gliscor|22/100 tox|[from] ability: Poison Heal
|upkeep
|
|t:|1779715619
|switch|p1a: Yuna|Dragapult, F|100/100
|turn|4
|
|t:|1779715623
|move|p1a: Yuna|Dragon Pulse|p2a: Gliscor
|-damage|p2a: Gliscor|0 fnt
|faint|p2a: Gliscor
|
|-weather|SunnyDay|[upkeep]
|upkeep
|
|t:|1779715626
|switch|p2a: Blissey|Blissey, F|100/100
|turn|5
|
|t:|1779715637
|switch|p1a: Lyle|Lilligant-Hisui, F|100/100
|move|p2a: Blissey|Stealth Rock|p1a: Lyle
|-sidestart|p1: LePaing|move: Stealth Rock
|
|-weather|SunnyDay|[upkeep]
|upkeep
|turn|6
|
|t:|1779715639
|move|p1a: Lyle|Growth|p1a: Lyle
|-boost|p1a: Lyle|atk|2
|-boost|p1a: Lyle|spa|2
|move|p2a: Blissey|Calm Mind|p2a: Blissey
|-boost|p2a: Blissey|spa|1
|-boost|p2a: Blissey|spd|1
|
|-weather|SunnyDay|[upkeep]
|upkeep
|turn|7
|
|t:|1779715643
|move|p1a: Lyle|Defog|p2a: Blissey
|-unboost|p2a: Blissey|evasion|1
|-sideend|p1: LePaing|Stealth Rock|[from] move: Defog|[of] p1a: Lyle
|move|p2a: Blissey|Shadow Ball|p1a: Lyle
|-damage|p1a: Lyle|66/100
|
|-weather|SunnyDay|[upkeep]
|upkeep
|turn|8
|
|t:|1779715648
|move|p1a: Lyle|Growth|p1a: Lyle
|-boost|p1a: Lyle|atk|2
|-boost|p1a: Lyle|spa|2
|move|p2a: Blissey|Shadow Ball|p1a: Lyle
|-damage|p1a: Lyle|35/100
|
|-weather|none
|upkeep
|turn|9
|
|t:|1779715652
|move|p1a: Lyle|Vacuum Wave|p2a: Blissey
|-supereffective|p2a: Blissey
|-damage|p2a: Blissey|85/100
|move|p2a: Blissey|Shadow Ball|p1a: Lyle
|-crit|p1a: Lyle
|-damage|p1a: Lyle|0 fnt
|faint|p1a: Lyle
|
|upkeep
|
|t:|1779715659
|switch|p1a: Omar|Torkoal, M|100/100
|-weather|SunnyDay|[from] ability: Drought|[of] p1a: Omar
|turn|10
|
|t:|1779715661
|move|p2a: Blissey|Calm Mind|p2a: Blissey
|-boost|p2a: Blissey|spa|1
|-boost|p2a: Blissey|spd|1
|move|p1a: Omar|Will-O-Wisp|p2a: Blissey
|-status|p2a: Blissey|brn
|
|-weather|SunnyDay|[upkeep]
|-damage|p2a: Blissey|79/100 brn|[from] brn
|upkeep
|turn|11
|
|t:|1779715665
|move|p2a: Blissey|Stealth Rock|p1a: Omar
|-sidestart|p1: LePaing|move: Stealth Rock
|move|p1a: Omar|Stealth Rock|p2a: Blissey
|-sidestart|p2: claudechamp|move: Stealth Rock
|
|-weather|SunnyDay|[upkeep]
|-damage|p2a: Blissey|73/100 brn|[from] brn
|upkeep
|turn|12
|
|t:|1779715675
|move|p2a: Blissey|Shadow Ball|p1a: Omar
|-damage|p1a: Omar|73/100
|move|p1a: Omar|Flare Blitz|p2a: Blissey
|-damage|p2a: Blissey|15/100 brn
|-damage|p1a: Omar|37/100|[from] Recoil
|
|-weather|SunnyDay|[upkeep]
|-damage|p2a: Blissey|9/100 brn|[from] brn
|upkeep
|turn|13
|
|t:|1779715684
|switch|p1a: Otis|Orthworm, M|100/100
|-damage|p1a: Otis|94/100|[from] Stealth Rock
|move|p2a: Blissey|Soft-Boiled|p2a: Blissey
|-heal|p2a: Blissey|59/100 brn
|
|-weather|SunnyDay|[upkeep]
|-damage|p2a: Blissey|53/100 brn|[from] brn
|upkeep
|turn|14
|
|t:|1779715689
|move|p1a: Otis|Iron Defense|p1a: Otis
|-boost|p1a: Otis|def|2
|move|p2a: Blissey|Shadow Ball|p1a: Otis
|-damage|p1a: Otis|35/100
|-unboost|p1a: Otis|spd|1
|
|-weather|SunnyDay|[upkeep]
|-damage|p2a: Blissey|47/100 brn|[from] brn
|upkeep
|turn|15
|
|t:|1779715695
|move|p1a: Otis|Body Press|p2a: Blissey
|-supereffective|p2a: Blissey
|-damage|p2a: Blissey|0 fnt
|faint|p2a: Blissey
|
|-weather|SunnyDay|[upkeep]
|upkeep
|
|t:|1779715700
|switch|p2a: Gholdengo|Gholdengo|100/100
|-damage|p2a: Gholdengo|94/100|[from] Stealth Rock
|turn|16
|
|t:|1779715704
|move|p2a: Gholdengo|Hex|p1a: Otis
|-damage|p1a: Otis|0 fnt
|faint|p1a: Otis
|
|-weather|SunnyDay|[upkeep]
|upkeep
|
|t:|1779715713
|switch|p1a: Yuna|Dragapult, F|100/100
|-damage|p1a: Yuna|88/100|[from] Stealth Rock
|turn|17
|
|t:|1779715716
|move|p1a: Yuna|Shadow Ball|p2a: Gholdengo
|-supereffective|p2a: Gholdengo
|-damage|p2a: Gholdengo|32/100
|move|p2a: Gholdengo|Hex|p1a: Yuna
|-supereffective|p1a: Yuna
|-damage|p1a: Yuna|39/100
|
|-weather|none
|upkeep
|turn|18
|
|t:|1779715720
|-terastallize|p2a: Gholdengo|Fairy
|move|p1a: Yuna|Shadow Ball|p2a: Gholdengo
|-damage|p2a: Gholdengo|0 fnt
|faint|p2a: Gholdengo
|
|upkeep
|
|t:|1779715724
|switch|p2a: Zamazenta|Zamazenta|100/100
|-ability|p2a: Zamazenta|Dauntless Shield|boost
|-boost|p2a: Zamazenta|def|1
|turn|19
|
|t:|1779715730
|switch|p1a: Omar|Torkoal, M|37/100
|-damage|p1a: Omar|12/100|[from] Stealth Rock
|-weather|SunnyDay|[from] ability: Drought|[of] p1a: Omar
|move|p2a: Zamazenta|Crunch|p1a: Omar
|-damage|p1a: Omar|0 fnt
|faint|p1a: Omar
|
|-weather|SunnyDay|[upkeep]
|upkeep
|
|t:|1779715732
|switch|p1a: Yuna|Dragapult, F|39/100
|-damage|p1a: Yuna|27/100|[from] Stealth Rock
|turn|20
|
|t:|1779715736
|move|p1a: Yuna|Solar Beam||[still]
|-prepare|p1a: Yuna|Solar Beam
|-anim|p1a: Yuna|Solar Beam|p2a: Zamazenta
|-damage|p2a: Zamazenta|66/100
|move|p2a: Zamazenta|Heavy Slam|p1a: Yuna
|-damage|p1a: Yuna|0 fnt
|faint|p1a: Yuna
|
|-weather|SunnyDay|[upkeep]
|upkeep
|
|t:|1779715740
|switch|p1a: Ogi|Venusaur, M|100/100
|-damage|p1a: Ogi|88/100|[from] Stealth Rock
|turn|21
|
|t:|1779715748
|move|p1a: Ogi|Sludge Bomb|p2a: Zamazenta
|-damage|p2a: Zamazenta|24/100
|move|p2a: Zamazenta|Close Combat|p1a: Ogi
|-resisted|p1a: Ogi
|-damage|p1a: Ogi|52/100
|-unboost|p2a: Zamazenta|def|1
|-unboost|p2a: Zamazenta|spd|1
|
|-weather|SunnyDay|[upkeep]
|upkeep
|turn|22
|
|t:|1779715753
|move|p1a: Ogi|Sludge Bomb|p2a: Zamazenta
|-damage|p2a: Zamazenta|0 fnt
|faint|p2a: Zamazenta
|
|-weather|SunnyDay|[upkeep]
|upkeep
|
|t:|1779715759
|switch|p2a: Pecharunt|Pecharunt|100/100
|turn|23
|
|t:|1779715763
|-terastallize|p1a: Ogi|Fire
|move|p1a: Ogi|Weather Ball|p2a: Pecharunt
|-damage|p2a: Pecharunt|29/100
|move|p2a: Pecharunt|Parting Shot|p1a: Ogi
|-unboost|p1a: Ogi|atk|1
|-unboost|p1a: Ogi|spa|1
|
|t:|1779715766
|switch|p2a: Skarmory|Skarmory, F|100/100|[from] Parting Shot
|
|-weather|SunnyDay|[upkeep]
|upkeep
|turn|24
|
|t:|1779715771
|move|p1a: Ogi|Weather Ball|p2a: Skarmory
|-supereffective|p2a: Skarmory
|-ability|p2a: Skarmory|Sturdy
|-damage|p2a: Skarmory|1/100
|move|p2a: Skarmory|Body Press|p1a: Ogi
|-damage|p1a: Ogi|10/100
|
|-weather|SunnyDay|[upkeep]
|upkeep
|turn|25
|
|t:|1779715775
|move|p1a: Ogi|Weather Ball|p2a: Skarmory
|-supereffective|p2a: Skarmory
|-damage|p2a: Skarmory|0 fnt
|faint|p2a: Skarmory
|
|-weather|SunnyDay|[upkeep]
|upkeep
|
|t:|1779715779
|switch|p2a: Pecharunt|Pecharunt|29/100
|turn|26
|
|t:|1779715782
|move|p1a: Ogi|Weather Ball|p2a: Pecharunt
|-damage|p2a: Pecharunt|0 fnt
|faint|p2a: Pecharunt
|
|win|LePaing
|raw|LePaing's rating: 1129 &rarr; <strong>1158</strong><br />(+29 for winning)
|raw|claudechamp's rating: 1191 &rarr; <strong>1162</strong><br />(-29 for losing)
|c|☆claudechamp|gg
|c|☆LePaing|gg
|l|☆LePaing
|player|p1|
