|j|☆yigyif
|j|☆ikthoizzykil
|t:|1779657113
|gametype|singles
|player|p1|yigyif|skyla|1314
|player|p2|ikthoizzykil|pokemaniac-gen3rs|1345
|gen|9
|tier|[Gen 9] OU
|rated|
|rule|HP Percentage Mod: HP is shown in percentages
|rule|Endless Battle Clause: Forcing endless battles is banned
|rule|Species Clause: Limit one of each Pokémon
|rule|OHKO Clause: OHKO moves are banned
|rule|Evasion Items Clause: Evasion items are banned
|rule|Evasion Moves Clause: Evasion moves are banned
|rule|Evasion Abilities Clause: Evasion abilities are banned
|rule|Sleep Moves Clause: Sleep-inducing moves are banned
|clearpoke
|poke|p1|Toxtricity, M|
|poke|p1|Corviknight, F|
|poke|p1|Keldeo-Resolute|
|poke|p1|Scream Tail|
|poke|p1|Regieleki|
|poke|p1|Cinderace, F|
|poke|p2|Slaking, F|
|poke|p2|Rillaboom, M|
|poke|p2|Alomomola, F|
|poke|p2|Garganacl, M|
|poke|p2|Skeledirge, F|
|poke|p2|Ting-Lu|
|teampreview
|inactive|Battle timer is ON: inactive players will automatically lose when time's up. (requested by ikthoizzykil)
|c|☆ikthoizzykil|dope team
|
|t:|1779657138
|teamsize|p1|6
|teamsize|p2|6
|start
|switch|p1a: Toxtricity|Toxtricity, M|100/100
|switch|p2a: Slaking|Slaking, F|100/100
|turn|1
|
|t:|1779657143
|move|p1a: Toxtricity|Boomburst|p2a: Slaking
|-damage|p2a: Slaking|52/100
|move|p2a: Slaking|Body Slam|p1a: Toxtricity
|-damage|p1a: Toxtricity|28/100
|
|upkeep
|turn|2
|
|t:|1779657151
|switch|p1a: Corviknight|Corviknight, F|100/100
|switch|p2a: Skeledirge|Skeledirge, F|100/100
|
|upkeep
|turn|3
|
|t:|1779657157
|move|p1a: Corviknight|U-turn|p2a: Skeledirge
|-resisted|p2a: Skeledirge
|-damage|p2a: Skeledirge|98/100
|
|t:|1779657164
|switch|p1a: Scream Tail|Scream Tail|100/100|[from] U-turn
|-enditem|p1a: Scream Tail|Booster Energy
|-activate|p1a: Scream Tail|ability: Protosynthesis|[fromitem]
|-start|p1a: Scream Tail|protosynthesisspd
|move|p2a: Skeledirge|Torch Song|p1a: Scream Tail
|-damage|p1a: Scream Tail|88/100
|-boost|p2a: Skeledirge|spa|1
|
|-heal|p2a: Skeledirge|100/100|[from] item: Leftovers
|upkeep
|turn|4
|
|t:|1779657177
|move|p1a: Scream Tail|Thunder Wave|p2a: Skeledirge
|-status|p2a: Skeledirge|par
|move|p2a: Skeledirge|Will-O-Wisp|p1a: Scream Tail
|-status|p1a: Scream Tail|brn
|
|-damage|p1a: Scream Tail|82/100 brn|[from] brn
|upkeep
|turn|5
|
|t:|1779657184
|move|p1a: Scream Tail|Encore|p2a: Skeledirge
|-start|p2a: Skeledirge|Encore
|move|p2a: Skeledirge|Will-O-Wisp|p1a: Scream Tail
|-fail|p1a: Scream Tail|brn
|
|-damage|p1a: Scream Tail|76/100 brn|[from] brn
|upkeep
|turn|6
|
|t:|1779657191
|-end|p1a: Scream Tail|Protosynthesis|[silent]
|switch|p1a: Keldeo|Keldeo-Resolute|100/100
|switch|p2a: Garganacl|Garganacl, M|100/100
|
|upkeep
|turn|7
|
|t:|1779657198
|switch|p2a: Alomomola|Alomomola, F|100/100
|move|p1a: Keldeo|Secret Sword|p2a: Alomomola
|-damage|p2a: Alomomola|75/100
|
|upkeep
|turn|8
|
|t:|1779657203
|move|p1a: Keldeo|Secret Sword|p2a: Alomomola
|-damage|p2a: Alomomola|51/100
|move|p2a: Alomomola|Wish|p2a: Alomomola
|
|upkeep
|turn|9
|
|t:|1779657209
|switch|p1a: Toxtricity|Toxtricity, M|28/100
|move|p2a: Alomomola|Flip Turn|p1a: Toxtricity
|-damage|p1a: Toxtricity|2/100
|
|t:|1779657215
|switch|p2a: Slaking|Slaking, F|52/100|[from] Flip Turn
|
|-heal|p2a: Slaking|100/100|[from] move: Wish|[wisher] Alomomola
|upkeep
|turn|10
|
|t:|1779657239
|switch|p2a: Skeledirge|Skeledirge, F|100/100 par
|move|p1a: Toxtricity|Volt Switch|p2a: Skeledirge
|-damage|p2a: Skeledirge|64/100 par
|
|t:|1779657242
|switch|p1a: Keldeo|Keldeo-Resolute|100/100|[from] Volt Switch
|
|-heal|p2a: Skeledirge|70/100 par|[from] item: Leftovers
|upkeep
|turn|11
|
|t:|1779657248
|switch|p2a: Rillaboom|Rillaboom, M|100/100
|-fieldstart|move: Grassy Terrain|[from] ability: Grassy Surge|[of] p2a: Rillaboom
|move|p1a: Keldeo|Hydro Pump|p2a: Rillaboom
|-resisted|p2a: Rillaboom
|-damage|p2a: Rillaboom|67/100
|
|-heal|p2a: Rillaboom|73/100|[from] Grassy Terrain
|upkeep
|turn|12
|
|t:|1779657256
|switch|p1a: Corviknight|Corviknight, F|100/100
|move|p2a: Rillaboom|U-turn|p1a: Corviknight
|-resisted|p1a: Corviknight
|-damage|p1a: Corviknight|96/100
|-damage|p2a: Rillaboom|64/100|[from] item: Life Orb
|
|t:|1779657265
|switch|p2a: Skeledirge|Skeledirge, F|70/100 par|[from] U-turn
|
|-heal|p2a: Skeledirge|76/100 par|[from] Grassy Terrain
|-heal|p2a: Skeledirge|82/100 par|[from] item: Leftovers
|upkeep
|turn|13
|
|t:|1779657271
|move|p1a: Corviknight|U-turn|p2a: Skeledirge
|-resisted|p2a: Skeledirge
|-damage|p2a: Skeledirge|79/100 par
|
|t:|1779657273
|switch|p1a: Keldeo|Keldeo-Resolute|100/100|[from] U-turn
|move|p2a: Skeledirge|Will-O-Wisp|p1a: Keldeo
|-status|p1a: Keldeo|brn
|
|-heal|p2a: Skeledirge|85/100 par|[from] Grassy Terrain
|-heal|p2a: Skeledirge|91/100 par|[from] item: Leftovers
|-damage|p1a: Keldeo|94/100 brn|[from] brn
|upkeep
|turn|14
|
|t:|1779657294
|switch|p2a: Rillaboom|Rillaboom, M|64/100
|move|p1a: Keldeo|Hydro Pump|p2a: Rillaboom
|-resisted|p2a: Rillaboom
|-crit|p2a: Rillaboom
|-damage|p2a: Rillaboom|12/100
|
|-heal|p1a: Keldeo|100/100 brn|[from] Grassy Terrain
|-heal|p2a: Rillaboom|19/100|[from] Grassy Terrain
|-damage|p1a: Keldeo|94/100 brn|[from] brn
|upkeep
|turn|15
|
|t:|1779657303
|switch|p1a: Corviknight|Corviknight, F|96/100
|switch|p2a: Alomomola|Alomomola, F|84/100
|
|-heal|p2a: Alomomola|91/100|[from] Grassy Terrain
|-fieldend|move: Grassy Terrain
|upkeep
|turn|16
|
|t:|1779657314
|move|p1a: Corviknight|Defog|p2a: Alomomola
|-unboost|p2a: Alomomola|evasion|1
|move|p2a: Alomomola|Wish|p2a: Alomomola
|
|upkeep
|turn|17
|
|t:|1779657326
|move|p1a: Corviknight|U-turn|p2a: Alomomola
|-damage|p2a: Alomomola|82/100
|-damage|p1a: Corviknight|79/100|[from] item: Rocky Helmet|[of] p2a: Alomomola
|
|t:|1779657329
|switch|p1a: Scream Tail|Scream Tail|76/100 brn|[from] U-turn
|move|p2a: Alomomola|Flip Turn|p1a: Scream Tail
|-damage|p1a: Scream Tail|63/100 brn
|
|t:|1779657335
|switch|p2a: Rillaboom|Rillaboom, M|19/100|[from] Flip Turn
|-fieldstart|move: Grassy Terrain|[from] ability: Grassy Surge|[of] p2a: Rillaboom
|
|-heal|p2a: Rillaboom|88/100|[from] move: Wish|[wisher] Alomomola
|-heal|p1a: Scream Tail|69/100 brn|[from] Grassy Terrain
|-heal|p2a: Rillaboom|94/100|[from] Grassy Terrain
|-damage|p1a: Scream Tail|63/100 brn|[from] brn
|upkeep
|turn|18
|
|t:|1779657343
|move|p1a: Scream Tail|Thunder Wave|p2a: Rillaboom
|-status|p2a: Rillaboom|par
|cant|p2a: Rillaboom|par
|
|-heal|p1a: Scream Tail|69/100 brn|[from] Grassy Terrain
|-heal|p2a: Rillaboom|99/100 par|[from] Grassy Terrain
|-damage|p1a: Scream Tail|63/100 brn|[from] brn
|upkeep
|turn|19
|
|t:|1779657350
|-end|p1a: Scream Tail|Protosynthesis|[silent]
|switch|p1a: Corviknight|Corviknight, F|79/100
|move|p2a: Rillaboom|U-turn|p1a: Corviknight
|-resisted|p1a: Corviknight
|-damage|p1a: Corviknight|74/100
|-damage|p2a: Rillaboom|90/100 par|[from] item: Life Orb
|
|t:|1779657356
|switch|p2a: Skeledirge|Skeledirge, F|91/100 par|[from] U-turn
|
|-heal|p2a: Skeledirge|98/100 par|[from] Grassy Terrain
|-heal|p2a: Skeledirge|100/100 par|[from] item: Leftovers
|upkeep
|turn|20
|
|t:|1779657364
|move|p1a: Corviknight|U-turn|p2a: Skeledirge
|-resisted|p2a: Skeledirge
|-damage|p2a: Skeledirge|98/100 par
|
|t:|1779657366
|switch|p1a: Cinderace|Cinderace, F|100/100|[from] U-turn
|move|p2a: Skeledirge|Hex|p1a: Cinderace
|-damage|p1a: Cinderace|65/100
|
|-heal|p1a: Cinderace|71/100|[from] Grassy Terrain
|-heal|p2a: Skeledirge|100/100 par|[from] Grassy Terrain
|upkeep
|turn|21
|
|t:|1779657375
|move|p1a: Cinderace|U-turn|p2a: Skeledirge
|-start|p1a: Cinderace|typechange|Bug|[from] ability: Libero
|-resisted|p2a: Skeledirge
|-damage|p2a: Skeledirge|94/100 par
|
|t:|1779657378
|switch|p1a: Scream Tail|Scream Tail|63/100 brn|[from] U-turn
|move|p2a: Skeledirge|Torch Song|p1a: Scream Tail
|-damage|p1a: Scream Tail|48/100 brn
|-boost|p2a: Skeledirge|spa|1
|
|-heal|p1a: Scream Tail|54/100 brn|[from] Grassy Terrain
|-heal|p2a: Skeledirge|99/100 par|[from] Grassy Terrain
|-heal|p2a: Skeledirge|100/100 par|[from] item: Leftovers
|-damage|p1a: Scream Tail|48/100 brn|[from] brn
|-fieldend|move: Grassy Terrain
|upkeep
|turn|22
|
|t:|1779657389
|move|p1a: Scream Tail|Encore|p2a: Skeledirge
|-start|p2a: Skeledirge|Encore
|move|p2a: Skeledirge|Torch Song|p1a: Scream Tail
|-damage|p1a: Scream Tail|24/100 brn
|-boost|p2a: Skeledirge|spa|1
|
|-damage|p1a: Scream Tail|18/100 brn|[from] brn
|upkeep
|turn|23
|
|t:|1779657397
|move|p1a: Scream Tail|Stealth Rock|p2a: Skeledirge
|-sidestart|p2: ikthoizzykil|move: Stealth Rock
|move|p2a: Skeledirge|Torch Song|p1a: Scream Tail
|-damage|p1a: Scream Tail|0 fnt
|-boost|p2a: Skeledirge|spa|1
|faint|p1a: Scream Tail
|-end|p1a: Scream Tail|Protosynthesis|[silent]
|
|upkeep
|
|t:|1779657399
|switch|p1a: Keldeo|Keldeo-Resolute|94/100 brn
|turn|24
|
|t:|1779657405
|switch|p1a: Toxtricity|Toxtricity, M|2/100
|-terastallize|p2a: Skeledirge|Dark
|move|p2a: Skeledirge|Torch Song|p1a: Toxtricity
|-damage|p1a: Toxtricity|0 fnt
|-boost|p2a: Skeledirge|spa|1
|faint|p1a: Toxtricity
|
|-end|p2a: Skeledirge|Encore
|upkeep
|
|t:|1779657412
|switch|p1a: Regieleki|Regieleki|100/100
|turn|25
|
|t:|1779657417
|move|p1a: Regieleki|Thunderbolt|p2a: Skeledirge
|-damage|p2a: Skeledirge|50/100 par
|-damage|p1a: Regieleki|91/100|[from] item: Life Orb
|cant|p2a: Skeledirge|par
|
|-heal|p2a: Skeledirge|56/100 par|[from] item: Leftovers
|upkeep
|turn|26
|
|t:|1779657424
|switch|p1a: Keldeo|Keldeo-Resolute|94/100 brn
|switch|p2a: Ting-Lu|Ting-Lu|100/100
|-damage|p2a: Ting-Lu|94/100|[from] Stealth Rock
|-ability|p2a: Ting-Lu|Vessel of Ruin
|
|-heal|p2a: Ting-Lu|100/100|[from] item: Leftovers
|-damage|p1a: Keldeo|88/100 brn|[from] brn
|upkeep
|turn|27
|
|t:|1779657436
|switch|p2a: Rillaboom|Rillaboom, M|90/100 par
|-damage|p2a: Rillaboom|78/100 par|[from] Stealth Rock
|-fieldstart|move: Grassy Terrain|[from] ability: Grassy Surge|[of] p2a: Rillaboom
|move|p1a: Keldeo|Secret Sword|p2a: Rillaboom
|-damage|p2a: Rillaboom|34/100 par
|
|-heal|p1a: Keldeo|94/100 brn|[from] Grassy Terrain
|-heal|p2a: Rillaboom|40/100 par|[from] Grassy Terrain
|-damage|p1a: Keldeo|88/100 brn|[from] brn
|upkeep
|turn|28
|-message|yigyif forfeited.
|
|win|ikthoizzykil
|raw|yigyif's rating: 1314 &rarr; <strong>1296</strong><br />(-18 for losing)
|raw|ikthoizzykil's rating: 1345 &rarr; <strong>1363</strong><br />(+18 for winning)
|l|☆yigyif
|player|p1|
|l|☆ikthoizzykil
|player|p2|
