|j|☆STONE CHAI
|j|☆Thederpa1
|t:|1779644225
|gametype|singles
|player|p1|STONE CHAI|102|1462
|player|p2|Thederpa1|swimmer-gen4dp|1438
|gen|9
|tier|[Gen 9] OU
|rated|
|rule|HP Percentage Mod: HP is shown in percentages
|rule|Endless Battle Clause: Forcing endless battles is banned
|rule|Species Clause: Limit one of each Pokémon
|rule|OHKO Clause: OHKO moves are banned
|rule|Evasion Items Clause: Evasion items are banned
|rule|Evasion Moves Clause: Evasion moves are banned
|rule|Evasion Abilities Clause: Evasion abilities are banned
|rule|Sleep Moves Clause: Sleep-inducing moves are banned
|clearpoke
|poke|p1|Milotic, F|
|poke|p1|Zapdos-Galar|
|poke|p1|Pecharunt|
|poke|p1|Ting-Lu|
|poke|p1|Great Tusk|
|poke|p1|Dragapult, M|
|poke|p2|Slowking-Galar, M|
|poke|p2|Corviknight, F|
|poke|p2|Primarina, F|
|poke|p2|Great Tusk|
|poke|p2|Scream Tail|
|poke|p2|Dragapult, F|
|teampreview
|
|t:|1779644241
|teamsize|p1|6
|teamsize|p2|6
|start
|switch|p1a: Milotic|Milotic, F|100/100
|switch|p2a: Scream Tail|Scream Tail|100/100
|turn|1
|
|t:|1779644246
|move|p2a: Scream Tail|Stealth Rock|p1a: Milotic
|-sidestart|p1: STONE CHAI|move: Stealth Rock
|move|p1a: Milotic|Scald|p2a: Scream Tail
|-damage|p2a: Scream Tail|83/100
|
|-heal|p2a: Scream Tail|89/100|[from] item: Leftovers
|upkeep
|turn|2
|
|t:|1779644254
|move|p2a: Scream Tail|Wish|p2a: Scream Tail
|move|p1a: Milotic|Scald|p2a: Scream Tail
|-damage|p2a: Scream Tail|70/100
|
|-heal|p2a: Scream Tail|76/100|[from] item: Leftovers
|upkeep
|turn|3
|inactive|Battle timer is ON: inactive players will automatically lose when time's up. (requested by Thederpa1)
|
|t:|1779644266
|move|p2a: Scream Tail|Psychic Noise|p1a: Milotic
|-damage|p1a: Milotic|90/100
|-start|p1a: Milotic|move: Heal Block
|move|p1a: Milotic|Scald|p2a: Scream Tail
|-damage|p2a: Scream Tail|57/100
|
|-heal|p2a: Scream Tail|100/100|[from] move: Wish|[wisher] Scream Tail
|upkeep
|turn|4
|
|t:|1779644273
|-end|p2a: Scream Tail|Protosynthesis|[silent]
|switch|p2a: Slowking|Slowking-Galar, M|100/100
|move|p1a: Milotic|Scald|p2a: Slowking
|-damage|p2a: Slowking|83/100
|
|-end|p1a: Milotic|move: Heal Block
|upkeep
|turn|5
|
|t:|1779644283
|move|p1a: Milotic|Scald|p2a: Slowking
|-damage|p2a: Slowking|67/100
|move|p2a: Slowking|Sludge Bomb|p1a: Milotic
|-damage|p1a: Milotic|71/100
|
|upkeep
|turn|6
|
|t:|1779644289
|switch|p1a: Pecharunt|Pecharunt|100/100
|move|p2a: Slowking|Sludge Bomb|p1a: Pecharunt
|-resisted|p1a: Pecharunt
|-crit|p1a: Pecharunt
|-damage|p1a: Pecharunt|88/100
|
|upkeep
|turn|7
|
|t:|1779644296
|move|p1a: Pecharunt|Shadow Ball|p2a: Slowking
|-supereffective|p2a: Slowking
|-damage|p2a: Slowking|39/100
|move|p2a: Slowking|Future Sight|p1a: Pecharunt
|-start|p2a: Slowking|move: Future Sight
|
|upkeep
|turn|8
|
|t:|1779644307
|move|p1a: Pecharunt|Shadow Ball|p2a: Slowking
|-supereffective|p2a: Slowking
|-damage|p2a: Slowking|11/100
|-prepare|p2a: Slowking|Chilly Reception|[premajor]
|move|p2a: Slowking|Chilly Reception|p2a: Slowking
|-weather|Snowscape
|
|t:|1779644314
|switch|p2a: Primarina|Primarina, F|100/100|[from] Chilly Reception
|
|-weather|Snowscape|[upkeep]
|upkeep
|turn|9
|
|t:|1779644320
|switch|p1a: Milotic|Milotic, F|71/100
|move|p2a: Primarina|Psychic Noise|p1a: Milotic
|-resisted|p1a: Milotic
|-damage|p1a: Milotic|62/100
|-start|p1a: Milotic|move: Heal Block
|
|-weather|Snowscape|[upkeep]
|-end|p1a: Milotic|move: Future Sight
|-damage|p1a: Milotic|39/100
|upkeep
|turn|10
|
|t:|1779644328
|move|p1a: Milotic|Scald|p2a: Primarina
|-resisted|p2a: Primarina
|-damage|p2a: Primarina|91/100
|move|p2a: Primarina|Substitute|p2a: Primarina
|-start|p2a: Primarina|Substitute
|-damage|p2a: Primarina|66/100
|
|-weather|Snowscape|[upkeep]
|-heal|p2a: Primarina|72/100|[from] item: Leftovers
|-end|p1a: Milotic|move: Heal Block
|upkeep
|turn|11
|
|t:|1779644334
|move|p1a: Milotic|Recover|p1a: Milotic
|-heal|p1a: Milotic|89/100
|move|p2a: Primarina|Calm Mind|p2a: Primarina
|-boost|p2a: Primarina|spa|1
|-boost|p2a: Primarina|spd|1
|
|-weather|Snowscape|[upkeep]
|-heal|p2a: Primarina|78/100|[from] item: Leftovers
|upkeep
|turn|12
|
|t:|1779644338
|move|p1a: Milotic|Alluring Voice|p2a: Primarina
|-damage|p2a: Primarina|67/100
|move|p2a: Primarina|Draining Kiss|p1a: Milotic
|-damage|p1a: Milotic|67/100
|-heal|p2a: Primarina|85/100|[from] drain|[of] p1a: Milotic
|
|-weather|none
|-heal|p2a: Primarina|91/100|[from] item: Leftovers
|upkeep
|turn|13
|
|t:|1779644354
|switch|p1a: Ting-Lu|Ting-Lu|100/100
|-damage|p1a: Ting-Lu|94/100|[from] Stealth Rock
|-ability|p1a: Ting-Lu|Vessel of Ruin
|move|p2a: Primarina|Draining Kiss|p1a: Ting-Lu
|-supereffective|p1a: Ting-Lu
|-damage|p1a: Ting-Lu|57/100
|-heal|p2a: Primarina|100/100|[from] drain|[of] p1a: Ting-Lu
|
|-heal|p1a: Ting-Lu|63/100|[from] item: Leftovers
|upkeep
|turn|14
|
|t:|1779644356
|move|p2a: Primarina|Psychic Noise|p1a: Ting-Lu
|-supereffective|p1a: Ting-Lu
|-damage|p1a: Ting-Lu|11/100
|-start|p1a: Ting-Lu|move: Heal Block
|move|p1a: Ting-Lu|Whirlwind|p2a: Primarina
|drag|p2a: Slowking|Slowking-Galar, M|44/100
|
|upkeep
|turn|15
|
|t:|1779644369
|switch|p2a: Great Tusk|Great Tusk|100/100
|move|p1a: Ting-Lu|Spikes|p2a: Great Tusk
|-sidestart|p2: Thederpa1|Spikes
|
|-end|p1a: Ting-Lu|move: Heal Block
|upkeep
|turn|16
|
|t:|1779644375
|switch|p1a: Pecharunt|Pecharunt|88/100
|move|p2a: Great Tusk|Rapid Spin|p1a: Pecharunt
|-immune|p1a: Pecharunt
|
|upkeep
|turn|17
|
|t:|1779644390
|move|p1a: Pecharunt|Recover|p1a: Pecharunt
|-heal|p1a: Pecharunt|100/100
|move|p2a: Great Tusk|Headlong Rush|p1a: Pecharunt
|-supereffective|p1a: Pecharunt
|-damage|p1a: Pecharunt|42/100
|-unboost|p2a: Great Tusk|def|1
|-unboost|p2a: Great Tusk|spd|1
|
|upkeep
|turn|18
|
|t:|1779644394
|move|p1a: Pecharunt|Recover|p1a: Pecharunt
|-heal|p1a: Pecharunt|92/100
|move|p2a: Great Tusk|Headlong Rush|p1a: Pecharunt
|-supereffective|p1a: Pecharunt
|-crit|p1a: Pecharunt
|-damage|p1a: Pecharunt|0 fnt
|-unboost|p2a: Great Tusk|def|1
|-unboost|p2a: Great Tusk|spd|1
|faint|p1a: Pecharunt
|
|upkeep
|c|☆STONE CHAI|wow
|
|t:|1779644411
|switch|p1a: Great Tusk|Great Tusk|100/100
|turn|19
|
|t:|1779644417
|-end|p2a: Great Tusk|Protosynthesis|[silent]
|switch|p2a: Corviknight|Corviknight, F|100/100
|-ability|p2a: Corviknight|Pressure
|move|p1a: Great Tusk|Rapid Spin|p2a: Corviknight
|-resisted|p2a: Corviknight
|-crit|p2a: Corviknight
|-damage|p2a: Corviknight|89/100
|-boost|p1a: Great Tusk|spe|1
|-sideend|p1: STONE CHAI|Stealth Rock|[from] move: Rapid Spin|[of] p1a: Great Tusk
|
|-heal|p2a: Corviknight|96/100|[from] item: Leftovers
|upkeep
|turn|20
|
|t:|1779644426
|-end|p1a: Great Tusk|Protosynthesis|[silent]
|switch|p1a: Dragapult|Dragapult, M|100/100
|move|p2a: Corviknight|Bulk Up|p2a: Corviknight
|-boost|p2a: Corviknight|atk|1
|-boost|p2a: Corviknight|def|1
|
|-heal|p2a: Corviknight|100/100|[from] item: Leftovers
|upkeep
|turn|21
|
|t:|1779644428
|move|p1a: Dragapult|Flamethrower|p2a: Corviknight
|-supereffective|p2a: Corviknight
|-damage|p2a: Corviknight|51/100
|move|p2a: Corviknight|Brave Bird|p1a: Dragapult
|-damage|p1a: Dragapult|29/100
|-damage|p2a: Corviknight|33/100|[from] Recoil
|
|-heal|p2a: Corviknight|39/100|[from] item: Leftovers
|upkeep
|turn|22
|
|t:|1779644447
|switch|p1a: Ting-Lu|Ting-Lu|11/100
|-ability|p1a: Ting-Lu|Vessel of Ruin
|-terastallize|p2a: Corviknight|Dragon
|move|p2a: Corviknight|Brave Bird|p1a: Ting-Lu
|-damage|p1a: Ting-Lu|0 fnt
|faint|p1a: Ting-Lu
|-damage|p2a: Corviknight|34/100|[from] Recoil
|
|-heal|p2a: Corviknight|41/100|[from] item: Leftovers
|upkeep
|
|t:|1779644458
|switch|p1a: Dragapult|Dragapult, M|29/100
|turn|23
|
|t:|1779644472
|move|p1a: Dragapult|Draco Meteor|p2a: Corviknight
|-supereffective|p2a: Corviknight
|-damage|p2a: Corviknight|0 fnt
|-unboost|p1a: Dragapult|spa|2
|faint|p2a: Corviknight
|
|upkeep
|
|t:|1779644475
|switch|p2a: Primarina|Primarina, F|100/100
|-damage|p2a: Primarina|88/100|[from] Spikes
|turn|24
|
|t:|1779644478
|switch|p1a: Milotic|Milotic, F|67/100
|move|p2a: Primarina|Substitute|p2a: Primarina
|-start|p2a: Primarina|Substitute
|-damage|p2a: Primarina|63/100
|
|-heal|p2a: Primarina|69/100|[from] item: Leftovers
|upkeep
|turn|25
|
|t:|1779644491
|move|p1a: Milotic|Alluring Voice|p2a: Primarina
|-crit|p2a: Primarina
|-damage|p2a: Primarina|48/100
|move|p2a: Primarina|Calm Mind|p2a: Primarina
|-boost|p2a: Primarina|spa|1
|-boost|p2a: Primarina|spd|1
|
|-heal|p2a: Primarina|54/100|[from] item: Leftovers
|upkeep
|turn|26
|
|t:|1779644494
|move|p1a: Milotic|Alluring Voice|p2a: Primarina
|-damage|p2a: Primarina|44/100
|move|p2a: Primarina|Draining Kiss|p1a: Milotic
|-damage|p1a: Milotic|46/100
|-heal|p2a: Primarina|61/100|[from] drain|[of] p1a: Milotic
|
|-heal|p2a: Primarina|67/100|[from] item: Leftovers
|upkeep
|turn|27
|
|t:|1779644505
|move|p1a: Milotic|Alluring Voice|p2a: Primarina
|-damage|p2a: Primarina|58/100
|move|p2a: Primarina|Draining Kiss|p1a: Milotic
|-damage|p1a: Milotic|26/100
|-heal|p2a: Primarina|74/100|[from] drain|[of] p1a: Milotic
|
|-heal|p2a: Primarina|80/100|[from] item: Leftovers
|upkeep
|turn|28
|
|t:|1779644508
|move|p1a: Milotic|Recover|p1a: Milotic
|-heal|p1a: Milotic|76/100
|move|p2a: Primarina|Draining Kiss|p1a: Milotic
|-damage|p1a: Milotic|53/100
|-heal|p2a: Primarina|98/100|[from] drain|[of] p1a: Milotic
|
|-heal|p2a: Primarina|100/100|[from] item: Leftovers
|upkeep
|turn|29
|
|t:|1779644527
|switch|p1a: Great Tusk|Great Tusk|100/100
|move|p2a: Primarina|Calm Mind|p2a: Primarina
|-boost|p2a: Primarina|spa|1
|-boost|p2a: Primarina|spd|1
|
|upkeep
|turn|30
|
|t:|1779644531
|move|p1a: Great Tusk|Headlong Rush|p2a: Primarina
|-end|p2a: Primarina|Substitute
|-unboost|p1a: Great Tusk|def|1
|-unboost|p1a: Great Tusk|spd|1
|move|p2a: Primarina|Psychic Noise|p1a: Great Tusk
|-supereffective|p1a: Great Tusk
|-damage|p1a: Great Tusk|0 fnt
|faint|p1a: Great Tusk
|-end|p1a: Great Tusk|Protosynthesis|[silent]
|
|upkeep
|
|t:|1779644533
|switch|p1a: Zapdos|Zapdos-Galar|100/100
|turn|31
|
|t:|1779644538
|switch|p2a: Slowking|Slowking-Galar, M|77/100
|move|p1a: Zapdos|Brave Bird|p2a: Slowking
|-damage|p2a: Slowking|0 fnt
|faint|p2a: Slowking
|-damage|p1a: Zapdos|69/100|[from] Recoil
|
|upkeep
|
|t:|1779644543
|switch|p2a: Dragapult|Dragapult, F|100/100
|-damage|p2a: Dragapult|88/100|[from] Spikes
|turn|32
|
|t:|1779644546
|switch|p1a: Milotic|Milotic, F|53/100
|move|p2a: Dragapult|Dragon Darts|p1a: Milotic
|-damage|p1a: Milotic|13/100
|-anim|p2a: Dragapult|Dragon Darts|p1a: Milotic
|-damage|p1a: Milotic|0 fnt
|faint|p1a: Milotic
|
|upkeep
|
|t:|1779644560
|switch|p1a: Zapdos|Zapdos-Galar|69/100
|turn|33
|
|t:|1779644568
|-terastallize|p1a: Zapdos|Steel
|move|p2a: Dragapult|Dragon Darts|p1a: Zapdos
|-resisted|p1a: Zapdos
|-damage|p1a: Zapdos|47/100
|-anim|p2a: Dragapult|Dragon Darts|p1a: Zapdos
|-resisted|p1a: Zapdos
|-damage|p1a: Zapdos|27/100
|move|p1a: Zapdos|Brave Bird|p2a: Dragapult
|-damage|p2a: Dragapult|0 fnt
|faint|p2a: Dragapult
|-damage|p1a: Zapdos|0 fnt|[from] Recoil
|faint|p1a: Zapdos
|
|upkeep
|
|t:|1779644579
|switch|p2a: Primarina|Primarina, F|100/100
|switch|p1a: Dragapult|Dragapult, M|29/100
|-damage|p2a: Primarina|88/100|[from] Spikes
|turn|34
|
|t:|1779644585
|move|p1a: Dragapult|Shadow Ball|p2a: Primarina
|-damage|p2a: Primarina|48/100
|move|p2a: Primarina|Draining Kiss|p1a: Dragapult
|-supereffective|p1a: Dragapult
|-damage|p1a: Dragapult|0 fnt
|-heal|p2a: Primarina|67/100|[from] drain|[of] p1a: Dragapult
|faint|p1a: Dragapult
|
|win|Thederpa1
|raw|STONE CHAI's rating: 1462 &rarr; <strong>1441</strong><br />(-21 for losing)
|raw|Thederpa1's rating: 1438 &rarr; <strong>1459</strong><br />(+21 for winning)
|l|☆STONE CHAI
|player|p1|
|l|☆Thederpa1
|player|p2|
