|j|☆acerrillo6970
|j|☆lilpoem
|t:|1779563995
|gametype|singles
|player|p1|acerrillo6970|2|1345
|player|p2|lilpoem|pokefanf-gen4|1351
|gen|9
|tier|[Gen 9] OU
|rated|
|rule|HP Percentage Mod: HP is shown in percentages
|rule|Endless Battle Clause: Forcing endless battles is banned
|rule|Species Clause: Limit one of each Pokémon
|rule|OHKO Clause: OHKO moves are banned
|rule|Evasion Items Clause: Evasion items are banned
|rule|Evasion Moves Clause: Evasion moves are banned
|rule|Evasion Abilities Clause: Evasion abilities are banned
|rule|Sleep Moves Clause: Sleep-inducing moves are banned
|clearpoke
|poke|p1|Flamigo, M|
|poke|p1|Tentacruel, F|
|poke|p1|Meowscarada, M|
|poke|p1|Comfey, F|
|poke|p1|Cramorant, F|
|poke|p1|Lokix, M|
|poke|p2|Sneasel-Hisui, F|
|poke|p2|Okidogi, M|
|poke|p2|Iron Hands|
|poke|p2|Zamazenta-*|
|poke|p2|Iron Valiant|
|poke|p2|Keldeo-Resolute|
|teampreview
|inactive|Battle timer is ON: inactive players will automatically lose when time's up. (requested by acerrillo6970)
|inactive|lilpoem also wants the timer to be on.
|
|t:|1779564007
|teamsize|p1|6
|teamsize|p2|6
|start
|switch|p1a: Cramorant|Cramorant, F|100/100
|switch|p2a: Fn bb|Sneasel-Hisui, F|100/100
|turn|1
|
|t:|1779564013
|move|p2a: Fn bb|Gunk Shot|p1a: Cramorant|[miss]
|-miss|p2a: Fn bb|p1a: Cramorant
|move|p1a: Cramorant|Surf|p2a: Fn bb
|-formechange|p1a: Cramorant|Cramorant-Gulping|
|-damage|p2a: Fn bb|59/100
|
|upkeep
|turn|2
|
|t:|1779564018
|move|p2a: Fn bb|Fling|p1a: Cramorant
|-damage|p1a: Cramorant|90/100
|-status|p1a: Cramorant|par
|-damage|p2a: Fn bb|34/100|[from] ability: Gulp Missile|[of] p1a: Cramorant
|-unboost|p2a: Fn bb|def|1
|-formechange|p1a: Cramorant|Cramorant|
|-enditem|p2a: Fn bb|Light Ball|[from] move: Fling
|cant|p1a: Cramorant|par
|
|-heal|p1a: Cramorant|96/100 par|[from] item: Leftovers
|upkeep
|turn|3
|
|t:|1779564031
|move|p2a: Fn bb|Toxic Spikes|p1a: Cramorant
|-sidestart|p1: acerrillo6970|move: Toxic Spikes
|move|p1a: Cramorant|Surf|p2a: Fn bb
|-formechange|p1a: Cramorant|Cramorant-Gulping|
|-damage|p2a: Fn bb|0 fnt
|faint|p2a: Fn bb
|
|-heal|p1a: Cramorant|100/100 par|[from] item: Leftovers
|upkeep
|
|t:|1779564038
|switch|p2a: Iron Hands|Iron Hands|100/100
|-enditem|p2a: Iron Hands|Booster Energy
|-activate|p2a: Iron Hands|ability: Quark Drive|[fromitem]
|-start|p2a: Iron Hands|quarkdriveatk
|turn|4
|
|t:|1779564047
|move|p2a: Iron Hands|Wild Charge|p1a: Cramorant
|-supereffective|p1a: Cramorant
|-damage|p1a: Cramorant|0 fnt
|-damage|p2a: Iron Hands|75/100|[from] ability: Gulp Missile|[of] p1a: Cramorant
|-unboost|p2a: Iron Hands|def|1
|-formechange|p1a: Cramorant|Cramorant|
|faint|p1a: Cramorant
|-damage|p2a: Iron Hands|59/100|[from] Recoil
|
|upkeep
|
|t:|1779564050
|switch|p1a: Tentacruel|Tentacruel, F|100/100
|-sideend|p1: acerrillo6970|move: Toxic Spikes|[of] p1a: Tentacruel
|turn|5
|
|t:|1779564057
|switch|p1a: Meowscarada|Meowscarada, M|100/100
|move|p2a: Iron Hands|Earthquake|p1a: Meowscarada
|-resisted|p1a: Meowscarada
|-damage|p1a: Meowscarada|60/100
|
|upkeep
|turn|6
|
|t:|1779564065
|-end|p2a: Iron Hands|Quark Drive|[silent]
|switch|p2a: Okidoge|Okidogi, M|100/100
|move|p1a: Meowscarada|Flower Trick|p2a: Okidoge
|-start|p1a: Meowscarada|typechange|Grass|[from] ability: Protean
|-resisted|p2a: Okidoge
|-crit|p2a: Okidoge
|-damage|p2a: Okidoge|72/100
|
|upkeep
|turn|7
|
|t:|1779564072
|switch|p1a: Tentacruel|Tentacruel, F|100/100
|move|p2a: Okidoge|Fling|p1a: Tentacruel
|-damage|p1a: Tentacruel|87/100
|-status|p1a: Tentacruel|par
|-enditem|p2a: Okidoge|Light Ball|[from] move: Fling
|
|-heal|p1a: Tentacruel|93/100 par|[from] item: Black Sludge
|upkeep
|turn|8
|
|t:|1779564078
|move|p2a: Okidoge|Knock Off|p1a: Tentacruel
|-damage|p1a: Tentacruel|54/100 par
|-enditem|p1a: Tentacruel|Black Sludge|[from] move: Knock Off|[of] p2a: Okidoge
|cant|p1a: Tentacruel|par
|
|upkeep
|turn|9
|
|t:|1779564083
|move|p2a: Okidoge|Shadow Claw|p1a: Tentacruel
|-damage|p1a: Tentacruel|26/100 par
|move|p1a: Tentacruel|Surf|p2a: Okidoge
|-damage|p2a: Okidoge|42/100
|
|upkeep
|turn|10
|
|t:|1779564091
|move|p2a: Okidoge|Shadow Claw|p1a: Tentacruel
|-damage|p1a: Tentacruel|0 fnt
|faint|p1a: Tentacruel
|
|upkeep
|
|t:|1779564094
|switch|p1a: Lokix|Lokix, M|100/100
|turn|11
|
|t:|1779564100
|-terastallize|p1a: Lokix|Bug
|move|p1a: Lokix|First Impression|p2a: Okidoge
|-resisted|p2a: Okidoge
|-damage|p2a: Okidoge|11/100
|-damage|p1a: Lokix|91/100|[from] item: Life Orb
|move|p2a: Okidoge|Ice Punch|p1a: Lokix
|-damage|p1a: Lokix|49/100
|
|upkeep
|turn|12
|
|t:|1779564120
|move|p1a: Lokix|Sucker Punch|p2a: Okidoge
|-resisted|p2a: Okidoge
|-damage|p2a: Okidoge|0 fnt
|faint|p2a: Okidoge
|-damage|p1a: Lokix|39/100|[from] item: Life Orb
|
|upkeep
|
|t:|1779564131
|switch|p2a: Iron Hands|Iron Hands|59/100
|turn|13
|
|t:|1779564136
|-terastallize|p2a: Iron Hands|Normal
|move|p2a: Iron Hands|Fake Out|p1a: Lokix
|-damage|p1a: Lokix|2/100
|cant|p1a: Lokix|flinch
|
|upkeep
|turn|14
|
|t:|1779564144
|move|p1a: Lokix|Sucker Punch|p2a: Iron Hands
|-damage|p2a: Iron Hands|31/100
|-damage|p1a: Lokix|0 fnt|[from] item: Life Orb
|faint|p1a: Lokix
|move|p2a: Iron Hands|Ice Punch|p1: Lokix|[notarget]
|-fail|p2a: Iron Hands
|
|upkeep
|inactive|acerrillo6970 has 120 seconds left.
|l|☆acerrillo6970
|inactive|acerrillo6970 disconnected and has a minute to reconnect!
|player|p1|
|j|☆acerrillo6970
|inactive|acerrillo6970 reconnected and has 95 seconds left.
|player|p1|acerrillo6970|2|
|inactive|acerrillo6970 has 90 seconds left.
|
|t:|1779564211
|switch|p1a: Flamigo|Flamigo, M|100/100
|turn|15
|
|t:|1779564227
|-end|p2a: Iron Hands|Quark Drive|[silent]
|switch|p2a: Dark Aura|Zamazenta|100/100
|-ability|p2a: Dark Aura|Dauntless Shield|boost
|-boost|p2a: Dark Aura|def|1
|move|p1a: Flamigo|Brave Bird|p2a: Dark Aura
|-supereffective|p2a: Dark Aura
|-damage|p2a: Dark Aura|32/100
|-damage|p1a: Flamigo|76/100|[from] Recoil
|
|upkeep
|turn|16
|
|t:|1779564240
|move|p1a: Flamigo|Brave Bird|p2a: Dark Aura
|-supereffective|p2a: Dark Aura
|-damage|p2a: Dark Aura|0 fnt
|faint|p2a: Dark Aura
|-damage|p1a: Flamigo|65/100|[from] Recoil
|
|upkeep
|
|t:|1779564245
|switch|p2a: SOL TAKER|Iron Valiant|100/100
|-enditem|p2a: SOL TAKER|Booster Energy
|-activate|p2a: SOL TAKER|ability: Quark Drive|[fromitem]
|-start|p2a: SOL TAKER|quarkdrivespe
|turn|17
|
|t:|1779564249
|move|p2a: SOL TAKER|Moonblast|p1a: Flamigo
|-supereffective|p1a: Flamigo
|-damage|p1a: Flamigo|0 fnt
|faint|p1a: Flamigo
|
|upkeep
|
|t:|1779564252
|switch|p1a: Comfey|Comfey, F|100/100
|turn|18
|
|t:|1779564255
|move|p2a: SOL TAKER|Moonblast|p1a: Comfey
|-damage|p1a: Comfey|43/100
|move|p1a: Comfey|Calm Mind|p1a: Comfey
|-boost|p1a: Comfey|spa|1
|-boost|p1a: Comfey|spd|1
|
|upkeep
|turn|19
|
|t:|1779564260
|move|p1a: Comfey|Draining Kiss|p2a: SOL TAKER
|-supereffective|p2a: SOL TAKER
|-damage|p2a: SOL TAKER|0 fnt
|-heal|p1a: Comfey|100/100|[from] drain|[of] p2a: SOL TAKER
|faint|p2a: SOL TAKER
|-end|p2a: SOL TAKER|Quark Drive|[silent]
|
|upkeep
|
|t:|1779564266
|switch|p2a: Iron Hands|Iron Hands, tera:Normal|31/100
|turn|20
|
|t:|1779564280
|move|p1a: Comfey|Draining Kiss|p2a: Iron Hands
|-damage|p2a: Iron Hands|0 fnt
|faint|p2a: Iron Hands
|-end|p2a: Iron Hands|Quark Drive|[silent]
|
|upkeep
|
|t:|1779564290
|switch|p2a: Keldeo|Keldeo-Resolute|100/100
|turn|21
|
|t:|1779564294
|move|p1a: Comfey|Draining Kiss|p2a: Keldeo
|-supereffective|p2a: Keldeo
|-damage|p2a: Keldeo|18/100
|move|p2a: Keldeo|Hyper Beam|p1a: Comfey
|-damage|p1a: Comfey|53/100
|-mustrecharge|p2a: Keldeo
|
|upkeep
|turn|22
|-message|lilpoem forfeited.
|
|win|acerrillo6970
|raw|acerrillo6970's rating: 1345 &rarr; <strong>1365</strong><br />(+20 for winning)
|raw|lilpoem's rating: 1351 &rarr; <strong>1331</strong><br />(-20 for losing)
|l|☆lilpoem
|player|p2|
|l|☆acerrillo6970
|player|p1|
