|j|☆malnouriished
|j|☆thebacchusbraviary
|t:|1779602942
|gametype|singles
|player|p1|malnouriished|shadowtriad|1322
|player|p2|thebacchusbraviary|winona|1355
|gen|9
|tier|[Gen 9] OU
|rated|
|rule|HP Percentage Mod: HP is shown in percentages
|rule|Endless Battle Clause: Forcing endless battles is banned
|rule|Species Clause: Limit one of each Pokémon
|rule|OHKO Clause: OHKO moves are banned
|rule|Evasion Items Clause: Evasion items are banned
|rule|Evasion Moves Clause: Evasion moves are banned
|rule|Evasion Abilities Clause: Evasion abilities are banned
|rule|Sleep Moves Clause: Sleep-inducing moves are banned
|clearpoke
|poke|p1|Raging Bolt|
|poke|p1|Scizor, M|
|poke|p1|Samurott-Hisui, M|
|poke|p1|Gliscor, F|
|poke|p1|Gholdengo|
|poke|p1|Great Tusk|
|poke|p2|Talonflame, M|
|poke|p2|Tyranitar, M|
|poke|p2|Goodra-Hisui, M|
|poke|p2|Milotic, F|
|poke|p2|Tauros-Paldea-Aqua, M|
|poke|p2|Sinistcha|
|teampreview
|inactive|Battle timer is ON: inactive players will automatically lose when time's up. (requested by thebacchusbraviary)
|c|☆malnouriished|gl
|
|t:|1779602972
|teamsize|p1|6
|teamsize|p2|6
|start
|switch|p1a: Samurott|Samurott-Hisui, M|100/100
|switch|p2a: Goodra|Goodra-Hisui, M|100/100
|turn|1
|
|t:|1779602997
|move|p1a: Samurott|Ceaseless Edge|p2a: Goodra
|-damage|p2a: Goodra|59/100
|-sidestart|p2: thebacchusbraviary|Spikes
|move|p2a: Goodra|Draco Meteor|p1a: Samurott
|-damage|p1a: Samurott|24/100
|-unboost|p2a: Goodra|spa|2
|
|upkeep
|turn|2
|
|t:|1779603001
|move|p1a: Samurott|Flip Turn|p2a: Goodra
|-resisted|p2a: Goodra
|-damage|p2a: Goodra|47/100
|
|t:|1779603009
|switch|p1a: Scizor|Scizor, M|100/100|[from] Flip Turn
|move|p2a: Goodra|Draco Meteor|p1a: Scizor
|-resisted|p1a: Scizor
|-damage|p1a: Scizor|69/100
|-unboost|p2a: Goodra|spa|2
|
|upkeep
|turn|3
|
|t:|1779603014
|switch|p2a: Talonflame|Talonflame, M|100/100
|move|p1a: Scizor|Knock Off|p2a: Talonflame
|-damage|p2a: Talonflame|21/100
|-status|p1a: Scizor|brn|[from] ability: Flame Body|[of] p2a: Talonflame
|-enditem|p2a: Talonflame|Heavy-Duty Boots|[from] move: Knock Off|[of] p1a: Scizor
|
|-damage|p1a: Scizor|63/100 brn|[from] brn
|upkeep
|turn|4
|
|t:|1779603032
|move|p2a: Talonflame|Flare Blitz|p1a: Scizor
|-supereffective|p1a: Scizor
|-damage|p1a: Scizor|0 fnt
|faint|p1a: Scizor
|-damage|p2a: Talonflame|0 fnt|[from] Recoil
|faint|p2a: Talonflame
|
|upkeep
|inactive|malnouriished has 120 seconds left.
|
|t:|1779603064
|switch|p2a: Goodra|Goodra-Hisui, M|47/100
|switch|p1a: Great Tusk|Great Tusk|100/100
|-damage|p2a: Goodra|35/100|[from] Spikes
|turn|5
|
|t:|1779603069
|move|p1a: Great Tusk|Headlong Rush|p2a: Goodra
|-supereffective|p2a: Goodra
|-damage|p2a: Goodra|0 fnt
|-unboost|p1a: Great Tusk|def|1
|-unboost|p1a: Great Tusk|spd|1
|faint|p2a: Goodra
|
|upkeep
|
|t:|1779603074
|switch|p2a: Tauros|Tauros-Paldea-Aqua, M|100/100
|-damage|p2a: Tauros|88/100|[from] Spikes
|-ability|p2a: Tauros|Intimidate|boost
|-unboost|p1a: Great Tusk|atk|1
|turn|6
|inactive|malnouriished has 120 seconds left.
|
|t:|1779603099
|-end|p1a: Great Tusk|Protosynthesis|[silent]
|switch|p1a: Samurott|Samurott-Hisui, M|24/100
|move|p2a: Tauros|Raging Bull|p1a: Samurott
|-resisted|p1a: Samurott
|-damage|p1a: Samurott|0 fnt
|faint|p1a: Samurott
|
|upkeep
|
|t:|1779603103
|switch|p1a: Raging Bolt|Raging Bolt|100/100
|turn|7
|
|t:|1779603106
|switch|p2a: Tyranitar|Tyranitar, M|100/100
|-damage|p2a: Tyranitar|88/100|[from] Spikes
|-weather|Sandstorm|[from] ability: Sand Stream|[of] p2a: Tyranitar
|move|p1a: Raging Bolt|Volt Switch|p2a: Tyranitar
|-damage|p2a: Tyranitar|72/100
|inactive|malnouriished has 120 seconds left.
|
|t:|1779603117
|-end|p1a: Raging Bolt|Protosynthesis|[silent]
|switch|p1a: Great Tusk|Great Tusk|100/100|[from] Volt Switch
|
|-weather|Sandstorm|[upkeep]
|upkeep
|turn|8
|inactive|malnouriished has 120 seconds left.
|
|t:|1779603134
|switch|p2a: Sinistcha|Sinistcha|100/100
|-damage|p2a: Sinistcha|88/100|[from] Spikes
|move|p1a: Great Tusk|Headlong Rush|p2a: Sinistcha
|-resisted|p2a: Sinistcha
|-damage|p2a: Sinistcha|62/100
|-unboost|p1a: Great Tusk|def|1
|-unboost|p1a: Great Tusk|spd|1
|
|-weather|Sandstorm|[upkeep]
|-damage|p2a: Sinistcha|56/100|[from] Sandstorm
|upkeep
|turn|9
|
|t:|1779603139
|move|p1a: Great Tusk|Knock Off|p2a: Sinistcha
|-supereffective|p2a: Sinistcha
|-enditem|p2a: Sinistcha|Colbur Berry|[eat]
|-enditem|p2a: Sinistcha|Colbur Berry|[weaken]
|-damage|p2a: Sinistcha|31/100
|move|p2a: Sinistcha|Strength Sap|p1a: Great Tusk
|-unboost|p1a: Great Tusk|atk|1
|-heal|p2a: Sinistcha|100/100
|
|-weather|Sandstorm|[upkeep]
|-damage|p2a: Sinistcha|94/100|[from] Sandstorm
|upkeep
|turn|10
|
|t:|1779603149
|-end|p1a: Great Tusk|Protosynthesis|[silent]
|switch|p1a: Gholdengo|Gholdengo|100/100
|move|p2a: Sinistcha|Matcha Gotcha|p1a: Gholdengo
|-resisted|p1a: Gholdengo
|-damage|p1a: Gholdengo|75/100
|-heal|p2a: Sinistcha|100/100|[from] drain|[of] p1a: Gholdengo
|
|-weather|Sandstorm|[upkeep]
|-damage|p2a: Sinistcha|94/100|[from] Sandstorm
|upkeep
|turn|11
|
|t:|1779603163
|move|p1a: Gholdengo|Shadow Ball|p2a: Sinistcha
|-supereffective|p2a: Sinistcha
|-damage|p2a: Sinistcha|0 fnt
|faint|p2a: Sinistcha
|
|-weather|none
|upkeep
|
|t:|1779603170
|switch|p2a: Tauros|Tauros-Paldea-Aqua, M|88/100
|-damage|p2a: Tauros|76/100|[from] Spikes
|-ability|p2a: Tauros|Intimidate|boost
|-unboost|p1a: Gholdengo|atk|1
|turn|12
|inactive|malnouriished has 120 seconds left.
|
|t:|1779603197
|switch|p1a: Raging Bolt|Raging Bolt|100/100
|move|p2a: Tauros|Earthquake|p1a: Raging Bolt
|-supereffective|p1a: Raging Bolt
|-damage|p1a: Raging Bolt|8/100
|
|upkeep
|turn|13
|
|t:|1779603204
|move|p1a: Raging Bolt|Thunderclap|p2a: Tauros
|-supereffective|p2a: Tauros
|-damage|p2a: Tauros|0 fnt
|faint|p2a: Tauros
|
|upkeep
|-message|thebacchusbraviary forfeited.
|
|win|malnouriished
|raw|malnouriished's rating: 1322 &rarr; <strong>1344</strong><br />(+22 for winning)
|raw|thebacchusbraviary's rating: 1355 &rarr; <strong>1333</strong><br />(-22 for losing)
|l|☆thebacchusbraviary
|player|p2|
|c|☆malnouriished|gg
|l|☆malnouriished
|player|p1|
