|j|☆the lekas
|j|☆claudechamp
|t:|1779578466
|gametype|singles
|player|p1|the lekas|266|1374
|player|p2|claudechamp|101|1293
|gen|9
|tier|[Gen 9] OU
|rated|
|rule|HP Percentage Mod: HP is shown in percentages
|rule|Endless Battle Clause: Forcing endless battles is banned
|rule|Species Clause: Limit one of each Pokémon
|rule|OHKO Clause: OHKO moves are banned
|rule|Evasion Items Clause: Evasion items are banned
|rule|Evasion Moves Clause: Evasion moves are banned
|rule|Evasion Abilities Clause: Evasion abilities are banned
|rule|Sleep Moves Clause: Sleep-inducing moves are banned
|clearpoke
|poke|p1|Corviknight, M|
|poke|p1|Ogerpon-Wellspring, F|
|poke|p1|Slowking-Galar, F|
|poke|p1|Great Tusk|
|poke|p1|Dragonite, M|
|poke|p1|Chandelure, M|
|poke|p2|Gliscor, F|
|poke|p2|Gholdengo|
|poke|p2|Zamazenta-*|
|poke|p2|Blissey, F|
|poke|p2|Skarmory, M|
|poke|p2|Pecharunt|
|teampreview
|c|☆claudechamp|hf
|inactive|Battle timer is ON: inactive players will automatically lose when time's up. (requested by the lekas)
|inactive|claudechamp also wants the timer to be on.
|inactive|the lekas has 120 seconds left.
|
|t:|1779578518
|teamsize|p1|6
|teamsize|p2|6
|start
|switch|p1a: Great Tusk|Great Tusk|100/100
|switch|p2a: Skarmory|Skarmory, M|100/100
|turn|1
|
|t:|1779578521
|move|p1a: Great Tusk|Stealth Rock|p2a: Skarmory
|-sidestart|p2: claudechamp|move: Stealth Rock
|move|p2a: Skarmory|Spikes|p1a: Great Tusk
|-sidestart|p1: the lekas|Spikes
|
|upkeep
|turn|2
|
|t:|1779578526
|move|p1a: Great Tusk|Rapid Spin|p2a: Skarmory
|-resisted|p2a: Skarmory
|-damage|p2a: Skarmory|95/100
|-boost|p1a: Great Tusk|spe|1
|-sideend|p1: the lekas|Spikes|[from] move: Rapid Spin|[of] p1a: Great Tusk
|move|p2a: Skarmory|Spikes|p1a: Great Tusk
|-sidestart|p1: the lekas|Spikes
|
|upkeep
|turn|3
|
|t:|1779578533
|move|p1a: Great Tusk|Rapid Spin|p2a: Skarmory
|-resisted|p2a: Skarmory
|-damage|p2a: Skarmory|91/100
|-boost|p1a: Great Tusk|spe|1
|-sideend|p1: the lekas|Spikes|[from] move: Rapid Spin|[of] p1a: Great Tusk
|move|p2a: Skarmory|Body Press|p1a: Great Tusk
|-damage|p1a: Great Tusk|82/100
|-damage|p2a: Skarmory|74/100|[from] item: Rocky Helmet|[of] p1a: Great Tusk
|
|upkeep
|turn|4
|
|t:|1779578535
|move|p1a: Great Tusk|Rapid Spin|p2a: Skarmory
|-resisted|p2a: Skarmory
|-damage|p2a: Skarmory|70/100
|-boost|p1a: Great Tusk|spe|1
|move|p2a: Skarmory|Whirlwind|p1a: Great Tusk
|-end|p1a: Great Tusk|Protosynthesis|[silent]
|drag|p1a: Slowking|Slowking-Galar, F|100/100
|
|upkeep
|turn|5
|
|t:|1779578544
|move|p2a: Skarmory|Spikes|p1a: Slowking
|-sidestart|p1: the lekas|Spikes
|move|p1a: Slowking|Thunder Wave|p2a: Skarmory
|-status|p2a: Skarmory|par
|
|upkeep
|turn|6
|
|t:|1779578546
|cant|p2a: Skarmory|par
|-prepare|p1a: Slowking|Chilly Reception|[premajor]
|move|p1a: Slowking|Chilly Reception|p1a: Slowking
|-weather|Snowscape
|
|t:|1779578548
|switch|p1a: Chandelure|Chandelure, M|100/100|[from] Chilly Reception
|-damage|p1a: Chandelure|88/100|[from] Spikes
|
|-weather|Snowscape|[upkeep]
|upkeep
|turn|7
|
|t:|1779578552
|move|p1a: Chandelure|Overheat|p2a: Skarmory
|-supereffective|p2a: Skarmory
|-damage|p2a: Skarmory|0 fnt
|-unboost|p1a: Chandelure|spa|2
|faint|p2a: Skarmory
|
|-weather|Snowscape|[upkeep]
|upkeep
|
|t:|1779578555
|switch|p2a: Gliscor|Gliscor, F|100/100
|-damage|p2a: Gliscor|88/100|[from] Stealth Rock
|turn|8
|
|t:|1779578561
|switch|p1a: Ogerpon|Ogerpon-Wellspring, F|100/100
|-damage|p1a: Ogerpon|88/100|[from] Spikes
|move|p2a: Gliscor|Earthquake|p1a: Ogerpon
|-resisted|p1a: Ogerpon
|-damage|p1a: Ogerpon|65/100
|
|-weather|Snowscape|[upkeep]
|-status|p2a: Gliscor|tox|[from] item: Toxic Orb
|upkeep
|turn|9
|
|t:|1779578563
|switch|p2a: Zamazenta|Zamazenta|100/100
|-ability|p2a: Zamazenta|Dauntless Shield|boost
|-boost|p2a: Zamazenta|def|1
|move|p1a: Ogerpon|Ivy Cudgel|p2a: Zamazenta|[anim] Ivy Cudgel Water
|-damage|p2a: Zamazenta|60/100
|
|-weather|Snowscape|[upkeep]
|upkeep
|turn|10
|
|t:|1779578572
|switch|p1a: Chandelure|Chandelure, M|88/100
|-damage|p1a: Chandelure|76/100|[from] Spikes
|move|p2a: Zamazenta|Close Combat|p1a: Chandelure
|-immune|p1a: Chandelure
|
|-weather|none
|upkeep
|turn|11
|
|t:|1779578578
|switch|p1a: Corviknight|Corviknight, M|100/100
|-ability|p1a: Corviknight|Pressure
|move|p2a: Zamazenta|Crunch|p1a: Corviknight
|-damage|p1a: Corviknight|84/100
|-damage|p2a: Zamazenta|44/100|[from] item: Rocky Helmet|[of] p1a: Corviknight
|
|upkeep
|turn|12
|
|t:|1779578585
|switch|p2a: Gholdengo|Gholdengo|100/100
|-damage|p2a: Gholdengo|94/100|[from] Stealth Rock
|move|p1a: Corviknight|Defog|p2a: Gholdengo
|-immune|p2a: Gholdengo|[from] ability: Good as Gold
|
|upkeep
|turn|13
|
|t:|1779578589
|move|p2a: Gholdengo|Thunder Wave|p1a: Corviknight
|-status|p1a: Corviknight|par
|move|p1a: Corviknight|U-turn|p2a: Gholdengo
|-resisted|p2a: Gholdengo
|-damage|p2a: Gholdengo|92/100
|
|t:|1779578597
|switch|p1a: Great Tusk|Great Tusk|82/100|[from] U-turn
|-damage|p1a: Great Tusk|69/100|[from] Spikes
|
|upkeep
|turn|14
|
|t:|1779578600
|move|p1a: Great Tusk|Headlong Rush|p2a: Gholdengo
|-supereffective|p2a: Gholdengo
|-damage|p2a: Gholdengo|17/100
|-unboost|p1a: Great Tusk|def|1
|-unboost|p1a: Great Tusk|spd|1
|move|p2a: Gholdengo|Hex|p1a: Great Tusk
|-damage|p1a: Great Tusk|8/100
|
|upkeep
|turn|15
|
|t:|1779578603
|switch|p2a: Pecharunt|Pecharunt|100/100
|move|p1a: Great Tusk|Headlong Rush|p2a: Pecharunt
|-supereffective|p2a: Pecharunt
|-damage|p2a: Pecharunt|56/100
|-unboost|p1a: Great Tusk|def|1
|-unboost|p1a: Great Tusk|spd|1
|
|upkeep
|turn|16
|
|t:|1779578609
|-end|p1a: Great Tusk|Protosynthesis|[silent]
|switch|p1a: Corviknight|Corviknight, M|84/100 par
|-ability|p1a: Corviknight|Pressure
|move|p2a: Pecharunt|Shadow Ball|p1a: Corviknight
|-damage|p1a: Corviknight|62/100 par
|-unboost|p1a: Corviknight|spd|1
|
|upkeep
|turn|17
|
|t:|1779578615
|move|p2a: Pecharunt|Shadow Ball|p1a: Corviknight
|-damage|p1a: Corviknight|23/100 par
|cant|p1a: Corviknight|par
|
|upkeep
|turn|18
|
|t:|1779578625
|switch|p1a: Dragonite|Dragonite, M|100/100
|move|p2a: Pecharunt|Shadow Ball|p1a: Dragonite
|-damage|p1a: Dragonite|87/100
|-unboost|p1a: Dragonite|spd|1
|
|upkeep
|turn|19
|
|t:|1779578635
|move|p1a: Dragonite|Earthquake|p2a: Pecharunt
|-supereffective|p2a: Pecharunt
|-damage|p2a: Pecharunt|22/100
|move|p2a: Pecharunt|Recover|p2a: Pecharunt
|-heal|p2a: Pecharunt|72/100
|
|upkeep
|turn|20
|
|t:|1779578644
|move|p1a: Dragonite|Dragon Dance|p1a: Dragonite
|-boost|p1a: Dragonite|atk|1
|-boost|p1a: Dragonite|spe|1
|move|p2a: Pecharunt|Shadow Ball|p1a: Dragonite
|-damage|p1a: Dragonite|45/100
|
|upkeep
|turn|21
|
|t:|1779578648
|-terastallize|p2a: Pecharunt|Fairy
|move|p1a: Dragonite|Earthquake|p2a: Pecharunt
|-damage|p2a: Pecharunt|45/100
|move|p2a: Pecharunt|Shadow Ball|p1a: Dragonite
|-damage|p1a: Dragonite|2/100
|
|upkeep
|turn|22
|
|t:|1779578656
|switch|p1a: Chandelure|Chandelure, M|76/100
|-damage|p1a: Chandelure|64/100|[from] Spikes
|move|p2a: Pecharunt|Recover|p2a: Pecharunt
|-heal|p2a: Pecharunt|95/100
|
|upkeep
|turn|23
|
|t:|1779578661
|move|p1a: Chandelure|Overheat|p2a: Pecharunt|[miss]
|-miss|p1a: Chandelure|p2a: Pecharunt
|move|p2a: Pecharunt|Shadow Ball|p1a: Chandelure
|-supereffective|p1a: Chandelure
|-damage|p1a: Chandelure|0 fnt
|faint|p1a: Chandelure
|
|upkeep
|-message|the lekas forfeited.
|
|win|claudechamp
|raw|the lekas's rating: 1374 &rarr; <strong>1350</strong><br />(-24 for losing)
|raw|claudechamp's rating: 1312 &rarr; <strong>1336</strong><br />(+24 for winning)
|l|☆the lekas
|player|p1|
|c|☆claudechamp|gg
