|j|☆99DoubleX
|j|☆Wutu
|t:|1779606972
|gametype|singles
|player|p1|99DoubleX|265|1127
|player|p2|Wutu|1|1144
|gen|9
|tier|[Gen 9] OU
|rated|
|rule|HP Percentage Mod: HP is shown in percentages
|rule|Endless Battle Clause: Forcing endless battles is banned
|rule|Species Clause: Limit one of each Pokémon
|rule|OHKO Clause: OHKO moves are banned
|rule|Evasion Items Clause: Evasion items are banned
|rule|Evasion Moves Clause: Evasion moves are banned
|rule|Evasion Abilities Clause: Evasion abilities are banned
|rule|Sleep Moves Clause: Sleep-inducing moves are banned
|clearpoke
|poke|p1|Rillaboom, M|
|poke|p1|Walking Wake|
|poke|p1|Dragonite, M|
|poke|p1|Iron Hands|
|poke|p1|Ceruledge, F|
|poke|p1|Conkeldurr, M|
|poke|p2|Garchomp, M|
|poke|p2|Toxapex, M|
|poke|p2|Corviknight, M|
|poke|p2|Dragapult, M|
|poke|p2|Kingambit, F|
|poke|p2|Iron Valiant|
|teampreview
|
|t:|1779606993
|teamsize|p1|6
|teamsize|p2|6
|start
|switch|p1a: Rillaboom|Rillaboom, M|100/100
|switch|p2a: Iron Valiant|Iron Valiant|100/100
|-fieldstart|move: Grassy Terrain|[from] ability: Grassy Surge|[of] p1a: Rillaboom
|-enditem|p2a: Iron Valiant|Booster Energy
|-activate|p2a: Iron Valiant|ability: Quark Drive|[fromitem]
|-start|p2a: Iron Valiant|quarkdrivespe
|turn|1
|
|t:|1779607006
|-terastallize|p2a: Iron Valiant|Fairy
|move|p2a: Iron Valiant|Moonblast|p1a: Rillaboom
|-damage|p1a: Rillaboom|32/100
|move|p1a: Rillaboom|Swords Dance|p1a: Rillaboom
|-boost|p1a: Rillaboom|atk|2
|
|-heal|p1a: Rillaboom|39/100|[from] Grassy Terrain
|upkeep
|turn|2
|
|t:|1779607017
|move|p1a: Rillaboom|Grassy Glide|p2a: Iron Valiant
|-crit|p2a: Iron Valiant
|-damage|p2a: Iron Valiant|0 fnt
|faint|p2a: Iron Valiant
|-end|p2a: Iron Valiant|Quark Drive|[silent]
|-damage|p1a: Rillaboom|29/100|[from] item: Life Orb
|
|-heal|p1a: Rillaboom|35/100|[from] Grassy Terrain
|upkeep
|
|t:|1779607026
|switch|p2a: Dragapult|Dragapult, M|100/100
|turn|3
|
|t:|1779607034
|move|p1a: Rillaboom|Grassy Glide|p2a: Dragapult
|-resisted|p2a: Dragapult
|-damage|p2a: Dragapult|26/100
|-damage|p1a: Rillaboom|25/100|[from] item: Life Orb
|move|p2a: Dragapult|Flamethrower|p1a: Rillaboom
|-supereffective|p1a: Rillaboom
|-damage|p1a: Rillaboom|0 fnt
|faint|p1a: Rillaboom
|
|-heal|p2a: Dragapult|32/100|[from] Grassy Terrain
|upkeep
|
|t:|1779607057
|switch|p1a: Ceruledge|Ceruledge, F|100/100
|turn|4
|
|t:|1779607064
|switch|p2a: Toxapex|Toxapex, M|100/100
|move|p1a: Ceruledge|Shadow Sneak|p2a: Toxapex
|-damage|p2a: Toxapex|89/100
|
|-heal|p2a: Toxapex|96/100|[from] Grassy Terrain
|-heal|p2a: Toxapex|100/100|[from] item: Black Sludge
|upkeep
|turn|5
|
|t:|1779607083
|move|p1a: Ceruledge|Swords Dance|p1a: Ceruledge
|-boost|p1a: Ceruledge|atk|2
|move|p2a: Toxapex|Surf|p1a: Ceruledge
|-supereffective|p1a: Ceruledge
|-damage|p1a: Ceruledge|57/100
|
|-heal|p1a: Ceruledge|63/100|[from] Grassy Terrain
|-fieldend|move: Grassy Terrain
|upkeep
|turn|6
|
|t:|1779607092
|move|p1a: Ceruledge|Poltergeist|p2a: Toxapex|[miss]
|-miss|p1a: Ceruledge|p2a: Toxapex
|move|p2a: Toxapex|Haze|p2a: Toxapex
|-clearallboost
|
|upkeep
|turn|7
|
|t:|1779607099
|move|p1a: Ceruledge|Poltergeist|p2a: Toxapex|[miss]
|-miss|p1a: Ceruledge|p2a: Toxapex
|move|p2a: Toxapex|Surf|p1a: Ceruledge
|-supereffective|p1a: Ceruledge
|-damage|p1a: Ceruledge|17/100
|
|upkeep
|turn|8
|c|☆99DoubleX|bro
|
|t:|1779607107
|move|p1a: Ceruledge|Poltergeist|p2a: Toxapex|[miss]
|-miss|p1a: Ceruledge|p2a: Toxapex
|move|p2a: Toxapex|Surf|p1a: Ceruledge
|-supereffective|p1a: Ceruledge
|-damage|p1a: Ceruledge|0 fnt
|faint|p1a: Ceruledge
|
|upkeep
|c|☆Wutu|LOL
|c|☆Wutu|HAHAHAHA
|c|☆99DoubleX|your hacking
|c|☆Wutu|No
|c|☆99DoubleX|bro
|c|☆Wutu|Im not
|c|☆99DoubleX|im crying
|c|☆Wutu|i swear to god
|
|t:|1779607132
|switch|p1a: Dragonite|Dragonite, M|100/100
|turn|9
|c|☆Wutu|this is funny ash
|
|t:|1779607144
|-terastallize|p1a: Dragonite|Normal
|move|p1a: Dragonite|Dragon Dance|p1a: Dragonite
|-boost|p1a: Dragonite|atk|1
|-boost|p1a: Dragonite|spe|1
|move|p2a: Toxapex|Sludge Bomb|p1a: Dragonite
|-damage|p1a: Dragonite|91/100
|
|upkeep
|turn|10
|c|☆99DoubleX|thats hilarious
|
|t:|1779607156
|move|p1a: Dragonite|Earthquake|p2a: Toxapex
|-supereffective|p2a: Toxapex
|-damage|p2a: Toxapex|26/100
|move|p2a: Toxapex|Haze|p2a: Toxapex
|-clearallboost
|
|-heal|p2a: Toxapex|32/100|[from] item: Black Sludge
|upkeep
|turn|11
|c|☆Wutu|yeah
|
|t:|1779607166
|switch|p2a: Corviknight|Corviknight, M|100/100
|-ability|p2a: Corviknight|Pressure
|move|p1a: Dragonite|Dragon Dance|p1a: Dragonite
|-boost|p1a: Dragonite|atk|1
|-boost|p1a: Dragonite|spe|1
|
|upkeep
|turn|12
|
|t:|1779607176
|move|p1a: Dragonite|Extreme Speed|p2a: Corviknight
|-resisted|p2a: Corviknight
|-damage|p2a: Corviknight|72/100
|move|p2a: Corviknight|Brave Bird|p1a: Dragonite
|-damage|p1a: Dragonite|47/100
|-damage|p2a: Corviknight|60/100|[from] Recoil
|
|-heal|p2a: Corviknight|66/100|[from] item: Leftovers
|upkeep
|turn|13
|
|t:|1779607188
|move|p1a: Dragonite|Extreme Speed|p2a: Corviknight
|-resisted|p2a: Corviknight
|-damage|p2a: Corviknight|39/100
|move|p2a: Corviknight|Iron Head|p1a: Dragonite
|-damage|p1a: Dragonite|21/100
|
|-heal|p2a: Corviknight|45/100|[from] item: Leftovers
|upkeep
|turn|14
|
|t:|1779607196
|move|p1a: Dragonite|Extreme Speed|p2a: Corviknight
|-resisted|p2a: Corviknight
|-crit|p2a: Corviknight
|-damage|p2a: Corviknight|8/100
|move|p2a: Corviknight|Iron Head|p1a: Dragonite
|-damage|p1a: Dragonite|0 fnt
|faint|p1a: Dragonite
|
|-heal|p2a: Corviknight|14/100|[from] item: Leftovers
|upkeep
|c|☆99DoubleX|crit
|c|☆99DoubleX|oh snap
|c|☆Wutu|hehehe
|
|t:|1779607212
|switch|p1a: Walking Wake|Walking Wake|100/100
|turn|15
|
|t:|1779607224
|switch|p2a: Toxapex|Toxapex, M|66/100
|move|p1a: Walking Wake|Flamethrower|p2a: Toxapex
|-resisted|p2a: Toxapex
|-damage|p2a: Toxapex|47/100
|
|-heal|p2a: Toxapex|53/100|[from] item: Black Sludge
|upkeep
|turn|16
|c|☆99DoubleX|that won you the game
|
|t:|1779607240
|-end|p1a: Walking Wake|Protosynthesis|[silent]
|switch|p1a: Conkeldurr|Conkeldurr, M|100/100
|move|p2a: Toxapex|Sludge Bomb|p1a: Conkeldurr
|-damage|p1a: Conkeldurr|78/100
|-status|p1a: Conkeldurr|psn
|
|-heal|p2a: Toxapex|59/100|[from] item: Black Sludge
|-damage|p1a: Conkeldurr|66/100 psn|[from] psn
|upkeep
|turn|17
|c|☆Wutu|mmm
|c|☆Wutu|I dont know
|c|☆Wutu|POISON
|
|t:|1779607254
|switch|p2a: Corviknight|Corviknight, M|14/100
|-ability|p2a: Corviknight|Pressure
|move|p1a: Conkeldurr|Bulk Up|p1a: Conkeldurr
|-boost|p1a: Conkeldurr|atk|1
|-boost|p1a: Conkeldurr|def|1
|
|-heal|p2a: Corviknight|20/100|[from] item: Leftovers
|-damage|p1a: Conkeldurr|53/100 psn|[from] psn
|upkeep
|turn|18
|
|t:|1779607267
|move|p2a: Corviknight|Roost|p2a: Corviknight
|-heal|p2a: Corviknight|70/100
|-singleturn|p2a: Corviknight|move: Roost
|move|p1a: Conkeldurr|Drain Punch|p2a: Corviknight
|-supereffective|p2a: Corviknight
|-damage|p2a: Corviknight|0 fnt
|-heal|p1a: Conkeldurr|90/100 psn|[from] drain|[of] p2a: Corviknight
|faint|p2a: Corviknight
|
|-damage|p1a: Conkeldurr|77/100 psn|[from] psn
|upkeep
|
|t:|1779607281
|switch|p2a: Dragapult|Dragapult, M|32/100
|turn|19
|c|☆99DoubleX|i am cryign
|
|t:|1779607287
|move|p2a: Dragapult|Draco Meteor|p1a: Conkeldurr
|-damage|p1a: Conkeldurr|0 fnt
|-unboost|p2a: Dragapult|spa|2
|faint|p1a: Conkeldurr
|
|upkeep
|c|☆99DoubleX|bro
|c|☆Wutu|Draco meteor always working
|
|t:|1779607301
|switch|p1a: Iron Hands|Iron Hands|100/100
|-enditem|p1a: Iron Hands|Booster Energy
|-activate|p1a: Iron Hands|ability: Quark Drive|[fromitem]
|-start|p1a: Iron Hands|quarkdriveatk
|turn|20
|
|t:|1779607310
|switch|p2a: Toxapex|Toxapex, M|93/100
|move|p1a: Iron Hands|Ice Punch|p2a: Toxapex
|-resisted|p2a: Toxapex
|-damage|p2a: Toxapex|81/100
|
|-heal|p2a: Toxapex|87/100|[from] item: Black Sludge
|upkeep
|turn|21
|
|t:|1779607318
|move|p1a: Iron Hands|Supercell Slam|p2a: Toxapex
|-supereffective|p2a: Toxapex
|-damage|p2a: Toxapex|0 fnt
|faint|p2a: Toxapex
|
|upkeep
|
|t:|1779607323
|switch|p2a: Garchomp|Garchomp, M|100/100
|turn|22
|c|☆99DoubleX|your just playing well
|
|t:|1779607329
|move|p2a: Garchomp|Earthquake|p1a: Iron Hands
|-supereffective|p1a: Iron Hands
|-damage|p1a: Iron Hands|36/100
|move|p1a: Iron Hands|Ice Punch|p2a: Garchomp
|-supereffective|p2a: Garchomp
|-damage|p2a: Garchomp|0 fnt
|-damage|p1a: Iron Hands|24/100|[from] ability: Rough Skin|[of] p2a: Garchomp
|-damage|p1a: Iron Hands|7/100|[from] item: Rocky Helmet|[of] p2a: Garchomp
|faint|p2a: Garchomp
|
|upkeep
|
|t:|1779607339
|switch|p2a: Kingambit|Kingambit, F|100/100
|-activate|p2a: Kingambit|ability: Supreme Overlord
|-start|p2a: Kingambit|fallen4|[silent]
|turn|23
|
|t:|1779607345
|move|p2a: Kingambit|Sucker Punch|p1a: Iron Hands
|-resisted|p1a: Iron Hands
|-damage|p1a: Iron Hands|0 fnt
|faint|p1a: Iron Hands
|-end|p1a: Iron Hands|Quark Drive|[silent]
|
|upkeep
|
|t:|1779607350
|switch|p1a: Walking Wake|Walking Wake|100/100
|turn|24
|
|t:|1779607361
|move|p1a: Walking Wake|Dragon Pulse|p2a: Kingambit
|-resisted|p2a: Kingambit
|-damage|p2a: Kingambit|68/100
|move|p2a: Kingambit|Swords Dance|p2a: Kingambit
|-boost|p2a: Kingambit|atk|2
|
|upkeep
|turn|25
|
|t:|1779607368
|move|p1a: Walking Wake|Dragon Pulse|p2a: Kingambit
|-resisted|p2a: Kingambit
|-damage|p2a: Kingambit|37/100
|move|p2a: Kingambit|Swords Dance|p2a: Kingambit
|-boost|p2a: Kingambit|atk|2
|
|upkeep
|turn|26
|c|☆99DoubleX|ggs
|
|t:|1779607375
|move|p2a: Kingambit|Sucker Punch|p1a: Walking Wake
|-damage|p1a: Walking Wake|0 fnt
|faint|p1a: Walking Wake
|-end|p1a: Walking Wake|Protosynthesis|[silent]
|
|win|Wutu
|raw|99DoubleX's rating: 1127 &rarr; <strong>1103</strong><br />(-24 for losing)
|raw|Wutu's rating: 1144 &rarr; <strong>1168</strong><br />(+24 for winning)
|c|☆Wutu|gg
|c|☆Wutu|Im a lucky guy
|c|☆99DoubleX|yea what was it 4 misses
|c|☆99DoubleX|saving that replay
