|j|☆Uncle Dre
|j|☆zdravkobobi10956
|t:|1779625058
|gametype|singles
|player|p1|Uncle Dre|red|1120
|player|p2|zdravkobobi10956|benga|1098
|gen|9
|tier|[Gen 9] OU
|rated|
|rule|HP Percentage Mod: HP is shown in percentages
|rule|Endless Battle Clause: Forcing endless battles is banned
|rule|Species Clause: Limit one of each Pokémon
|rule|OHKO Clause: OHKO moves are banned
|rule|Evasion Items Clause: Evasion items are banned
|rule|Evasion Moves Clause: Evasion moves are banned
|rule|Evasion Abilities Clause: Evasion abilities are banned
|rule|Sleep Moves Clause: Sleep-inducing moves are banned
|clearpoke
|poke|p1|Pelipper, F|
|poke|p1|Barraskewda, F|
|poke|p1|Quagsire, M|
|poke|p1|Tentacruel, M|
|poke|p1|Ogerpon-Wellspring, F|
|poke|p1|Walking Wake|
|poke|p2|Dragapult, M|
|poke|p2|Basculegion, M|
|poke|p2|Decidueye, M|
|poke|p2|Mimikyu, M|
|poke|p2|Ceruledge, M|
|poke|p2|Zoroark-Hisui, M|
|teampreview
|
|t:|1779625064
|teamsize|p1|6
|teamsize|p2|6
|start
|switch|p1a: Pelipper|Pelipper, F, shiny|100/100
|switch|p2a: Ceruledge|Ceruledge, M|100/100
|-weather|RainDance|[from] ability: Drizzle|[of] p1a: Pelipper
|turn|1
|j| private_numero
|
|t:|1779625077
|move|p2a: Ceruledge|Swords Dance|p2a: Ceruledge
|-boost|p2a: Ceruledge|atk|2
|move|p1a: Pelipper|Surf|p2a: Ceruledge
|-damage|p2a: Ceruledge|13/100
|replace|p2a: Zoroark|Zoroark-Hisui, M, shiny
|-end|p2a: Zoroark|Illusion
|
|-weather|RainDance|[upkeep]
|-status|p2a: Zoroark|tox|[from] item: Toxic Orb
|upkeep
|turn|2
|
|t:|1779625097
|switch|p1a: Tentacruel|Tentacruel, M, shiny|100/100
|-terastallize|p2a: Zoroark|Normal
|move|p2a: Zoroark|Facade|p1a: Tentacruel
|-damage|p1a: Tentacruel|0 fnt
|faint|p1a: Tentacruel
|
|-weather|RainDance|[upkeep]
|-damage|p2a: Zoroark|7/100 tox|[from] psn
|upkeep
|
|t:|1779625112
|switch|p1a: Quagsire|Quagsire, M, shiny|100/100
|turn|3
|
|t:|1779625116
|move|p2a: Zoroark|Facade|p1a: Quagsire
|-damage|p1a: Quagsire|43/100
|move|p1a: Quagsire|Recover|p1a: Quagsire
|-heal|p1a: Quagsire|93/100
|
|-weather|RainDance|[upkeep]
|-heal|p1a: Quagsire|99/100|[from] item: Leftovers
|-damage|p2a: Zoroark|0 fnt|[from] psn
|faint|p2a: Zoroark
|upkeep
|
|t:|1779625129
|switch|p2a: Mimikyu|Mimikyu, M, shiny|100/100
|turn|4
|
|t:|1779625137
|move|p2a: Mimikyu|Swords Dance|p2a: Mimikyu
|-boost|p2a: Mimikyu|atk|2
|move|p1a: Quagsire|Earthquake|p2a: Mimikyu
|-activate|p2a: Mimikyu|ability: Disguise
|-damage|p2a: Mimikyu|100/100
|detailschange|p2a: Mimikyu|Mimikyu-Busted, M, shiny
|-damage|p2a: Mimikyu|88/100|[from] pokemon: Mimikyu-Busted
|-enditem|p2a: Mimikyu|Red Card|[of] p1a: Quagsire
|drag|p1a: Barraskewda|Barraskewda, F, shiny|100/100
|
|-weather|RainDance|[upkeep]
|upkeep
|turn|5
|
|t:|1779625165
|move|p1a: Barraskewda|Aqua Jet|p2a: Mimikyu
|-damage|p2a: Mimikyu|7/100
|move|p2a: Mimikyu|Drain Punch|p1a: Barraskewda
|-damage|p1a: Barraskewda|15/100
|-heal|p2a: Mimikyu|51/100|[from] drain|[of] p1a: Barraskewda
|
|-weather|RainDance|[upkeep]
|upkeep
|turn|6
|
|t:|1779625183
|switch|p1a: Quagsire|Quagsire, M, shiny|99/100
|move|p2a: Mimikyu|Shadow Sneak|p1a: Quagsire
|-damage|p1a: Quagsire|87/100
|
|-weather|RainDance|[upkeep]
|-heal|p1a: Quagsire|93/100|[from] item: Leftovers
|upkeep
|turn|7
|
|t:|1779625202
|move|p2a: Mimikyu|Drain Punch|p1a: Quagsire
|-damage|p1a: Quagsire|77/100
|-heal|p2a: Mimikyu|64/100|[from] drain|[of] p1a: Quagsire
|move|p1a: Quagsire|Stealth Rock|p2a: Mimikyu
|-sidestart|p2: zdravkobobi10956|move: Stealth Rock
|
|-weather|RainDance|[upkeep]
|-heal|p1a: Quagsire|83/100|[from] item: Leftovers
|upkeep
|turn|8
|
|t:|1779625211
|move|p2a: Mimikyu|Play Rough|p1a: Quagsire
|-damage|p1a: Quagsire|57/100
|move|p1a: Quagsire|Earthquake|p2a: Mimikyu
|-damage|p2a: Mimikyu|17/100
|
|-weather|none
|-heal|p1a: Quagsire|63/100|[from] item: Leftovers
|upkeep
|turn|9
|
|t:|1779625227
|move|p2a: Mimikyu|Play Rough|p1a: Quagsire|[miss]
|-miss|p2a: Mimikyu|p1a: Quagsire
|move|p1a: Quagsire|Recover|p1a: Quagsire
|-heal|p1a: Quagsire|100/100
|
|upkeep
|turn|10
|
|t:|1779625239
|move|p2a: Mimikyu|Play Rough|p1a: Quagsire|[miss]
|-miss|p2a: Mimikyu|p1a: Quagsire
|move|p1a: Quagsire|Earthquake|p2a: Mimikyu
|-damage|p2a: Mimikyu|0 fnt
|faint|p2a: Mimikyu
|
|upkeep
|
|t:|1779625242
|switch|p2a: Decidueye|Decidueye, M|100/100
|-damage|p2a: Decidueye|88/100|[from] Stealth Rock
|turn|11
|
|t:|1779625256
|switch|p1a: Pelipper|Pelipper, F, shiny|100/100
|-weather|RainDance|[from] ability: Drizzle|[of] p1a: Pelipper
|move|p2a: Decidueye|Leaf Blade|p1a: Pelipper
|-damage|p1a: Pelipper|49/100
|
|-weather|RainDance|[upkeep]
|upkeep
|turn|12
|
|t:|1779625280
|move|p2a: Decidueye|Leaf Blade|p1a: Pelipper
|-damage|p1a: Pelipper|1/100
|move|p1a: Pelipper|Hurricane|p2a: Decidueye
|-supereffective|p2a: Decidueye
|-damage|p2a: Decidueye|0 fnt
|faint|p2a: Decidueye
|
|-weather|RainDance|[upkeep]
|upkeep
|
|t:|1779625288
|switch|p2a: Ceruledge|Ceruledge, M|100/100
|-damage|p2a: Ceruledge|76/100|[from] Stealth Rock
|turn|13
|
|t:|1779625299
|switch|p1a: Quagsire|Quagsire, M, shiny|100/100
|move|p2a: Ceruledge|Shadow Sneak|p1a: Quagsire
|-damage|p1a: Quagsire|82/100
|-damage|p2a: Ceruledge|66/100|[from] item: Life Orb
|
|-weather|RainDance|[upkeep]
|-heal|p1a: Quagsire|88/100|[from] item: Leftovers
|upkeep
|turn|14
|
|t:|1779625311
|move|p2a: Ceruledge|Close Combat|p1a: Quagsire
|-damage|p1a: Quagsire|51/100
|-unboost|p2a: Ceruledge|def|1
|-unboost|p2a: Ceruledge|spd|1
|-damage|p2a: Ceruledge|56/100|[from] item: Life Orb
|move|p1a: Quagsire|Earthquake|p2a: Ceruledge
|-supereffective|p2a: Ceruledge
|-damage|p2a: Ceruledge|0 fnt
|faint|p2a: Ceruledge
|
|-weather|RainDance|[upkeep]
|-heal|p1a: Quagsire|57/100|[from] item: Leftovers
|upkeep
|
|t:|1779625315
|switch|p2a: Dragapult|Dragapult, M|100/100
|-damage|p2a: Dragapult|88/100|[from] Stealth Rock
|turn|15
|
|t:|1779625333
|move|p2a: Dragapult|Outrage|p1a: Quagsire
|-damage|p1a: Quagsire|2/100
|-damage|p2a: Dragapult|78/100|[from] item: Life Orb
|move|p1a: Quagsire|Ice Beam|p2a: Dragapult
|-supereffective|p2a: Dragapult
|-damage|p2a: Dragapult|35/100
|-start|p1a: Quagsire|Disable|Ice Beam|[from] ability: Cursed Body|[of] p2a: Dragapult
|
|-weather|RainDance|[upkeep]
|-heal|p1a: Quagsire|8/100|[from] item: Leftovers
|upkeep
|turn|16
|
|t:|1779625348
|move|p2a: Dragapult|Outrage|p1a: Quagsire|[from] lockedmove
|-damage|p1a: Quagsire|0 fnt
|faint|p1a: Quagsire
|-damage|p2a: Dragapult|25/100|[from] item: Life Orb
|-start|p2a: Dragapult|confusion|[fatigue]
|
|-weather|RainDance|[upkeep]
|upkeep
|
|t:|1779625363
|switch|p1a: Barraskewda|Barraskewda, F, shiny|15/100
|turn|17
|
|t:|1779625373
|move|p1a: Barraskewda|Liquidation|p2a: Dragapult
|-resisted|p2a: Dragapult
|-crit|p2a: Dragapult
|-damage|p2a: Dragapult|0 fnt
|faint|p2a: Dragapult
|
|-weather|RainDance|[upkeep]
|upkeep
|
|t:|1779625376
|switch|p2a: Basculegion|Basculegion, M|100/100
|-damage|p2a: Basculegion|88/100|[from] Stealth Rock
|turn|18
|
|t:|1779625386
|move|p1a: Barraskewda|Liquidation|p2a: Basculegion
|-resisted|p2a: Basculegion
|-damage|p2a: Basculegion|17/100
|move|p2a: Basculegion|Phantom Force||[still]
|-prepare|p2a: Basculegion|Phantom Force
|
|-weather|none
|upkeep
|turn|19
|
|t:|1779625396
|switch|p1a: Pelipper|Pelipper, F, shiny|1/100
|-weather|RainDance|[from] ability: Drizzle|[of] p1a: Pelipper
|move|p2a: Basculegion|Phantom Force|p1a: Pelipper|[from] lockedmove
|-damage|p1a: Pelipper|0 fnt
|faint|p1a: Pelipper
|
|-weather|RainDance|[upkeep]
|upkeep
|
|t:|1779625407
|switch|p1a: Barraskewda|Barraskewda, F, shiny|15/100
|turn|20
|
|t:|1779625413
|move|p1a: Barraskewda|Liquidation|p2a: Basculegion
|-resisted|p2a: Basculegion
|-damage|p2a: Basculegion|0 fnt
|faint|p2a: Basculegion
|
|win|Uncle Dre
|raw|Uncle Dre's rating: 1120 &rarr; <strong>1143</strong><br />(+23 for winning)
|raw|zdravkobobi10956's rating: 1098 &rarr; <strong>1075</strong><br />(-23 for losing)
|l|☆zdravkobobi10956
|player|p2|
|l|☆Uncle Dre
|player|p1|
|l| private_numero
