|j|☆greenbeanketamine
|j|☆qalaus
|t:|1779621831
|gametype|singles
|player|p1|greenbeanketamine|supernerd-gen2|1355
|player|p2|qalaus|red|1400
|gen|9
|tier|[Gen 9] OU
|rated|
|rule|HP Percentage Mod: HP is shown in percentages
|rule|Endless Battle Clause: Forcing endless battles is banned
|rule|Species Clause: Limit one of each Pokémon
|rule|OHKO Clause: OHKO moves are banned
|rule|Evasion Items Clause: Evasion items are banned
|rule|Evasion Moves Clause: Evasion moves are banned
|rule|Evasion Abilities Clause: Evasion abilities are banned
|rule|Sleep Moves Clause: Sleep-inducing moves are banned
|clearpoke
|poke|p1|Iron Treads|
|poke|p1|Zamazenta-*|
|poke|p1|Samurott-Hisui, M|
|poke|p1|Gholdengo|
|poke|p1|Dragonite, M|
|poke|p1|Clefable, F|
|poke|p2|Charizard, F|
|poke|p2|Venusaur, F|
|poke|p2|Blastoise, M|
|poke|p2|Pikachu, M|
|poke|p2|Snorlax, F|
|poke|p2|Lapras, F|
|teampreview
|inactive|Battle timer is ON: inactive players will automatically lose when time's up. (requested by qalaus)
|
|t:|1779621858
|teamsize|p1|6
|teamsize|p2|6
|start
|switch|p1a: Samurott|Samurott-Hisui, M, shiny|100/100
|switch|p2a: Pikachu|Pikachu, M|100/100
|turn|1
|
|t:|1779621866
|switch|p1a: Iron Treads|Iron Treads|100/100
|-enditem|p1a: Iron Treads|Booster Energy
|-activate|p1a: Iron Treads|ability: Quark Drive|[fromitem]
|-start|p1a: Iron Treads|quarkdrivespe
|move|p2a: Pikachu|Thunderbolt|p1a: Iron Treads
|-immune|p1a: Iron Treads
|
|upkeep
|turn|2
|inactive|qalaus has 120 seconds left.
|
|t:|1779621897
|switch|p2a: Snorlax|Snorlax, F|100/100
|move|p1a: Iron Treads|Stealth Rock|p2a: Snorlax
|-sidestart|p2: qalaus|move: Stealth Rock
|
|upkeep
|turn|3
|inactive|qalaus has 120 seconds left.
|
|t:|1779621912
|-end|p1a: Iron Treads|Quark Drive|[silent]
|switch|p1a: Zamazenta|Zamazenta|100/100
|-ability|p1a: Zamazenta|Dauntless Shield|boost
|-boost|p1a: Zamazenta|def|1
|move|p2a: Snorlax|Earthquake|p1a: Zamazenta
|-damage|p1a: Zamazenta|84/100
|
|-heal|p1a: Zamazenta|90/100|[from] item: Leftovers
|upkeep
|turn|4
|inactive|qalaus has 120 seconds left.
|
|t:|1779621923
|switch|p2a: Venusaur|Venusaur, F|100/100
|-damage|p2a: Venusaur|88/100|[from] Stealth Rock
|move|p1a: Zamazenta|Body Press|p2a: Venusaur
|-resisted|p2a: Venusaur
|-damage|p2a: Venusaur|70/100
|
|-heal|p1a: Zamazenta|96/100|[from] item: Leftovers
|-heal|p2a: Venusaur|76/100|[from] item: Black Sludge
|upkeep
|turn|5
|inactive|qalaus has 120 seconds left.
|
|t:|1779621943
|switch|p1a: Dragonite|Dragonite, M|100/100
|move|p2a: Venusaur|Toxic|p1a: Dragonite
|-status|p1a: Dragonite|tox
|
|-heal|p2a: Venusaur|82/100|[from] item: Black Sludge
|-damage|p1a: Dragonite|94/100 tox|[from] psn
|upkeep
|turn|6
|
|t:|1779621951
|move|p1a: Dragonite|Dragon Dance|p1a: Dragonite
|-boost|p1a: Dragonite|atk|1
|-boost|p1a: Dragonite|spe|1
|move|p2a: Venusaur|Sludge Bomb|p1a: Dragonite
|-damage|p1a: Dragonite|64/100 tox
|
|-heal|p2a: Venusaur|88/100|[from] item: Black Sludge
|-damage|p1a: Dragonite|51/100 tox|[from] psn
|upkeep
|turn|7
|
|t:|1779621964
|move|p2a: Venusaur|Synthesis|p2a: Venusaur
|-heal|p2a: Venusaur|100/100
|move|p1a: Dragonite|Dragon Tail|p2a: Venusaur
|-damage|p2a: Venusaur|61/100
|drag|p2a: Lapras|Lapras, F|100/100
|-damage|p2a: Lapras|76/100|[from] Stealth Rock
|
|-damage|p1a: Dragonite|33/100 tox|[from] psn
|upkeep
|turn|8
|inactive|qalaus has 120 seconds left.
|
|t:|1779621981
|switch|p1a: Samurott|Samurott-Hisui, M, shiny|100/100
|move|p2a: Lapras|Alluring Voice|p1a: Samurott
|-supereffective|p1a: Samurott
|-damage|p1a: Samurott|66/100
|
|upkeep
|turn|9
|inactive|qalaus has 120 seconds left.
|
|t:|1779621994
|move|p1a: Samurott|Knock Off|p2a: Lapras
|-damage|p2a: Lapras|39/100
|-enditem|p2a: Lapras|Assault Vest|[from] move: Knock Off|[of] p1a: Samurott
|move|p2a: Lapras|Freeze-Dry|p1a: Samurott
|-supereffective|p1a: Samurott
|-damage|p1a: Samurott|22/100
|
|upkeep
|turn|10
|
|t:|1779622002
|move|p1a: Samurott|Ceaseless Edge|p2a: Lapras
|-damage|p2a: Lapras|3/100
|-sidestart|p2: qalaus|Spikes
|move|p2a: Lapras|Freeze-Dry|p1a: Samurott
|-supereffective|p1a: Samurott
|-damage|p1a: Samurott|0 fnt
|faint|p1a: Samurott
|
|upkeep
|
|t:|1779622016
|switch|p1a: Iron Treads|Iron Treads|100/100
|turn|11
|
|t:|1779622020
|move|p1a: Iron Treads|Rapid Spin|p2a: Lapras
|-damage|p2a: Lapras|0 fnt
|-boost|p1a: Iron Treads|spe|1
|faint|p2a: Lapras
|
|upkeep
|inactive|qalaus has 120 seconds left.
|
|t:|1779622052
|switch|p2a: Charizard|Charizard, F|100/100
|turn|12
|inactive|qalaus has 120 seconds left.
|
|t:|1779622061
|-end|p1a: Iron Treads|Quark Drive|[silent]
|switch|p1a: Dragonite|Dragonite, M|33/100 tox
|switch|p2a: Pikachu|Pikachu, M|100/100
|-damage|p2a: Pikachu|88/100|[from] Stealth Rock
|-damage|p2a: Pikachu|76/100|[from] Spikes
|
|-damage|p1a: Dragonite|27/100 tox|[from] psn
|upkeep
|turn|13
|inactive|qalaus has 120 seconds left.
|
|t:|1779622085
|move|p2a: Pikachu|Grass Knot|p1a: Dragonite
|-resisted|p1a: Dragonite
|-damage|p1a: Dragonite|15/100 tox
|move|p1a: Dragonite|Earthquake|p2a: Pikachu
|-supereffective|p2a: Pikachu
|-damage|p2a: Pikachu|0 fnt
|faint|p2a: Pikachu
|
|-damage|p1a: Dragonite|3/100 tox|[from] psn
|upkeep
|
|t:|1779622093
|switch|p2a: Charizard|Charizard, F|100/100
|turn|14
|
|t:|1779622098
|move|p2a: Charizard|Air Slash|p1a: Dragonite
|-damage|p1a: Dragonite|0 fnt
|faint|p1a: Dragonite
|
|upkeep
|
|t:|1779622115
|switch|p1a: Clefable|Clefable, F|100/100
|turn|15
|
|t:|1779622122
|switch|p2a: Venusaur|Venusaur, F|61/100
|-damage|p2a: Venusaur|49/100|[from] Stealth Rock
|-damage|p2a: Venusaur|37/100|[from] Spikes
|move|p1a: Clefable|Knock Off|p2a: Venusaur
|-damage|p2a: Venusaur|25/100
|-enditem|p2a: Venusaur|Black Sludge|[from] move: Knock Off|[of] p1a: Clefable
|
|upkeep
|turn|16
|
|t:|1779622141
|switch|p1a: Iron Treads|Iron Treads|100/100
|move|p2a: Venusaur|Synthesis|p2a: Venusaur
|-heal|p2a: Venusaur|75/100
|
|upkeep
|turn|17
|
|t:|1779622149
|move|p1a: Iron Treads|Ice Spinner|p2a: Venusaur
|-supereffective|p2a: Venusaur
|-crit|p2a: Venusaur
|-damage|p2a: Venusaur|18/100
|move|p2a: Venusaur|Giga Drain|p1a: Iron Treads
|-damage|p1a: Iron Treads|44/100
|-heal|p2a: Venusaur|43/100|[from] drain|[of] p1a: Iron Treads
|
|upkeep
|turn|18
|
|t:|1779622161
|-end|p1a: Iron Treads|Quark Drive|[silent]
|switch|p1a: Gholdengo|Gholdengo|100/100
|-item|p1a: Gholdengo|Air Balloon
|move|p2a: Venusaur|Giga Drain|p1a: Gholdengo
|-resisted|p1a: Gholdengo
|-damage|p1a: Gholdengo|88/100
|-heal|p2a: Venusaur|50/100|[from] drain|[of] p1a: Gholdengo
|-enditem|p1a: Gholdengo|Air Balloon
|
|upkeep
|turn|19
|
|t:|1779622181
|switch|p2a: Charizard|Charizard, F|100/100
|move|p1a: Gholdengo|Nasty Plot|p1a: Gholdengo
|-boost|p1a: Gholdengo|spa|2
|
|upkeep
|turn|20
|
|t:|1779622189
|-terastallize|p1a: Gholdengo|Fairy
|move|p2a: Charizard|Fire Blast|p1a: Gholdengo
|-damage|p1a: Gholdengo|42/100
|move|p1a: Gholdengo|Shadow Ball|p2a: Charizard
|-damage|p2a: Charizard|15/100
|
|upkeep
|turn|21
|
|t:|1779622200
|switch|p1a: Zamazenta|Zamazenta|96/100
|move|p2a: Charizard|Air Slash|p1a: Zamazenta
|-supereffective|p1a: Zamazenta
|-damage|p1a: Zamazenta|40/100
|
|-heal|p1a: Zamazenta|47/100|[from] item: Leftovers
|upkeep
|turn|22
|
|t:|1779622207
|move|p1a: Zamazenta|Crunch|p2a: Charizard
|-damage|p2a: Charizard|0 fnt
|faint|p2a: Charizard
|
|-heal|p1a: Zamazenta|53/100|[from] item: Leftovers
|upkeep
|
|t:|1779622229
|switch|p2a: Snorlax|Snorlax, F|100/100
|-damage|p2a: Snorlax|88/100|[from] Stealth Rock
|-damage|p2a: Snorlax|76/100|[from] Spikes
|turn|23
|
|t:|1779622236
|-terastallize|p2a: Snorlax|Ghost
|move|p1a: Zamazenta|Iron Defense|p1a: Zamazenta
|-boost|p1a: Zamazenta|def|2
|move|p2a: Snorlax|Curse|p1a: Zamazenta
|-start|p1a: Zamazenta|Curse|[of] p2a: Snorlax
|-damage|p2a: Snorlax|26/100
|
|-heal|p1a: Zamazenta|59/100|[from] item: Leftovers
|-heal|p2a: Snorlax|32/100|[from] item: Leftovers
|-damage|p1a: Zamazenta|34/100|[from] Curse
|upkeep
|turn|24
|
|t:|1779622251
|switch|p1a: Gholdengo|Gholdengo, tera:Fairy|42/100
|move|p2a: Snorlax|Body Slam|p1a: Gholdengo
|-damage|p1a: Gholdengo|9/100
|
|-heal|p2a: Snorlax|38/100|[from] item: Leftovers
|upkeep
|turn|25
|
|t:|1779622268
|move|p1a: Gholdengo|Shadow Ball|p2a: Snorlax
|-supereffective|p2a: Snorlax
|-damage|p2a: Snorlax|0 fnt
|faint|p2a: Snorlax
|
|upkeep
|
|t:|1779622274
|switch|p2a: Blastoise|Blastoise, M|100/100
|-damage|p2a: Blastoise|88/100|[from] Stealth Rock
|-damage|p2a: Blastoise|76/100|[from] Spikes
|turn|26
|
|t:|1779622288
|move|p2a: Blastoise|Shell Smash|p2a: Blastoise
|-unboost|p2a: Blastoise|def|1
|-unboost|p2a: Blastoise|spd|1
|-boost|p2a: Blastoise|atk|2
|-boost|p2a: Blastoise|spa|2
|-boost|p2a: Blastoise|spe|2
|-enditem|p2a: Blastoise|White Herb
|-clearnegativeboost|p2a: Blastoise|[silent]
|move|p1a: Gholdengo|Shadow Ball|p2a: Blastoise
|-damage|p2a: Blastoise|38/100
|
|upkeep
|turn|27
|
|t:|1779622299
|move|p2a: Blastoise|Liquidation|p1a: Gholdengo
|-damage|p1a: Gholdengo|0 fnt
|faint|p1a: Gholdengo
|
|upkeep
|
|t:|1779622303
|switch|p1a: Clefable|Clefable, F|100/100
|turn|28
|
|t:|1779622308
|move|p2a: Blastoise|Liquidation|p1a: Clefable
|-damage|p1a: Clefable|45/100
|move|p1a: Clefable|Moonblast|p2a: Blastoise
|-crit|p2a: Blastoise
|-damage|p2a: Blastoise|0 fnt
|faint|p2a: Blastoise
|
|-heal|p1a: Clefable|52/100|[from] item: Leftovers
|upkeep
|
|t:|1779622316
|switch|p2a: Venusaur|Venusaur, F|50/100
|-damage|p2a: Venusaur|38/100|[from] Stealth Rock
|-damage|p2a: Venusaur|25/100|[from] Spikes
|turn|29
|
|t:|1779622325
|switch|p1a: Iron Treads|Iron Treads|44/100
|move|p2a: Venusaur|Synthesis|p2a: Venusaur
|-heal|p2a: Venusaur|75/100
|
|upkeep
|turn|30
|
|t:|1779622332
|move|p1a: Iron Treads|Ice Spinner|p2a: Venusaur
|-supereffective|p2a: Venusaur
|-damage|p2a: Venusaur|36/100
|move|p2a: Venusaur|Giga Drain|p1a: Iron Treads
|-damage|p1a: Iron Treads|9/100
|-heal|p2a: Venusaur|52/100|[from] drain|[of] p1a: Iron Treads
|
|upkeep
|turn|31
|
|t:|1779622341
|move|p1a: Iron Treads|Ice Spinner|p2a: Venusaur
|-supereffective|p2a: Venusaur
|-damage|p2a: Venusaur|12/100
|move|p2a: Venusaur|Synthesis|p2a: Venusaur
|-heal|p2a: Venusaur|62/100
|
|upkeep
|turn|32
|
|t:|1779622350
|move|p1a: Iron Treads|Ice Spinner|p2a: Venusaur
|-supereffective|p2a: Venusaur
|-damage|p2a: Venusaur|23/100
|move|p2a: Venusaur|Synthesis|p2a: Venusaur
|-heal|p2a: Venusaur|73/100
|
|upkeep
|turn|33
|
|t:|1779622355
|move|p1a: Iron Treads|Ice Spinner|p2a: Venusaur
|-supereffective|p2a: Venusaur
|-damage|p2a: Venusaur|32/100
|move|p2a: Venusaur|Giga Drain|p1a: Iron Treads
|-damage|p1a: Iron Treads|0 fnt
|-heal|p2a: Venusaur|36/100|[from] drain|[of] p1a: Iron Treads
|faint|p1a: Iron Treads
|-end|p1a: Iron Treads|Quark Drive|[silent]
|
|upkeep
|
|t:|1779622373
|switch|p1a: Zamazenta|Zamazenta|34/100
|turn|34
|
|t:|1779622402
|move|p1a: Zamazenta|Body Press|p2a: Venusaur
|-resisted|p2a: Venusaur
|-damage|p2a: Venusaur|23/100
|move|p2a: Venusaur|Synthesis|p2a: Venusaur
|-heal|p2a: Venusaur|73/100
|
|-heal|p1a: Zamazenta|40/100|[from] item: Leftovers
|upkeep
|turn|35
|
|t:|1779622412
|move|p1a: Zamazenta|Crunch|p2a: Venusaur
|-damage|p2a: Venusaur|56/100
|move|p2a: Venusaur|Giga Drain|p1a: Zamazenta
|-damage|p1a: Zamazenta|20/100
|-heal|p2a: Venusaur|67/100|[from] drain|[of] p1a: Zamazenta
|
|-heal|p1a: Zamazenta|26/100|[from] item: Leftovers
|upkeep
|turn|36
|
|t:|1779622424
|move|p1a: Zamazenta|Crunch|p2a: Venusaur
|-damage|p2a: Venusaur|51/100
|-unboost|p2a: Venusaur|def|1
|move|p2a: Venusaur|Giga Drain|p1a: Zamazenta
|-damage|p1a: Zamazenta|7/100
|-heal|p2a: Venusaur|61/100|[from] drain|[of] p1a: Zamazenta
|
|-heal|p1a: Zamazenta|13/100|[from] item: Leftovers
|upkeep
|turn|37
|
|t:|1779622435
|move|p1a: Zamazenta|Crunch|p2a: Venusaur
|-damage|p2a: Venusaur|36/100
|move|p2a: Venusaur|Giga Drain|p1a: Zamazenta
|-damage|p1a: Zamazenta|0 fnt
|-heal|p2a: Venusaur|43/100|[from] drain|[of] p1a: Zamazenta
|faint|p1a: Zamazenta
|
|upkeep
|
|t:|1779622437
|switch|p1a: Clefable|Clefable, F|52/100
|turn|38
|
|t:|1779622443
|move|p2a: Venusaur|Sludge Bomb|p1a: Clefable
|-supereffective|p1a: Clefable
|-damage|p1a: Clefable|0 fnt
|faint|p1a: Clefable
|
|win|qalaus
|raw|greenbeanketamine's rating: 1355 &rarr; <strong>1338</strong><br />(-17 for losing)
|raw|qalaus's rating: 1400 &rarr; <strong>1417</strong><br />(+17 for winning)
|l|☆greenbeanketamine
|player|p1|
|l|☆qalaus
|player|p2|
