|j|☆YeatLover267
|j|☆Veiny1
|t:|1779563316
|gametype|singles
|player|p1|YeatLover267|backersf|1406
|player|p2|Veiny1|266|1340
|gen|9
|tier|[Gen 9] OU
|rated|
|rule|HP Percentage Mod: HP is shown in percentages
|rule|Endless Battle Clause: Forcing endless battles is banned
|rule|Species Clause: Limit one of each Pokémon
|rule|OHKO Clause: OHKO moves are banned
|rule|Evasion Items Clause: Evasion items are banned
|rule|Evasion Moves Clause: Evasion moves are banned
|rule|Evasion Abilities Clause: Evasion abilities are banned
|rule|Sleep Moves Clause: Sleep-inducing moves are banned
|clearpoke
|poke|p1|Toucannon, F|
|poke|p1|Great Tusk|
|poke|p1|Iron Crown|
|poke|p1|Pecharunt|
|poke|p1|Walking Wake|
|poke|p1|Raging Bolt|
|poke|p2|Salazzle, F|
|poke|p2|Clefable, F|
|poke|p2|Dragapult, M|
|poke|p2|Zapdos|
|poke|p2|Great Tusk|
|poke|p2|Whimsicott, F|
|teampreview
|inactive|Battle timer is ON: inactive players will automatically lose when time's up. (requested by YeatLover267)
|inactive|Veiny1 has 120 seconds left.
|
|t:|1779563347
|teamsize|p1|6
|teamsize|p2|6
|start
|switch|p1a: Walking Wake|Walking Wake|100/100
|switch|p2a: Salazzle|Salazzle, F|100/100
|turn|1
|
|t:|1779563357
|move|p1a: Walking Wake|Flip Turn|p2a: Salazzle
|-supereffective|p2a: Salazzle
|-damage|p2a: Salazzle|38/100
|
|t:|1779563360
|-end|p1a: Walking Wake|Protosynthesis|[silent]
|switch|p1a: Pecharunt|Pecharunt|100/100|[from] Flip Turn
|move|p2a: Salazzle|Toxic|p1a: Pecharunt
|-status|p1a: Pecharunt|tox
|
|-damage|p1a: Pecharunt|95/100 tox|[from] psn
|upkeep
|turn|2
|
|t:|1779563370
|move|p2a: Salazzle|Flamethrower|p1a: Pecharunt
|-damage|p1a: Pecharunt|45/100 tox
|move|p1a: Pecharunt|Malignant Chain|p2a: Salazzle
|-resisted|p2a: Salazzle
|-damage|p2a: Salazzle|1/100
|
|-heal|p1a: Pecharunt|50/100 tox|[from] item: Leftovers
|-damage|p1a: Pecharunt|39/100 tox|[from] psn
|upkeep
|turn|3
|
|t:|1779563377
|switch|p1a: Walking Wake|Walking Wake|100/100
|move|p2a: Salazzle|Flamethrower|p1a: Walking Wake
|-resisted|p1a: Walking Wake
|-damage|p1a: Walking Wake|88/100
|
|upkeep
|turn|4
|
|t:|1779563380
|switch|p2a: Zapdos|Zapdos|100/100
|move|p1a: Walking Wake|Flip Turn|p2a: Zapdos
|-damage|p2a: Zapdos|82/100
|-damage|p1a: Walking Wake|71/100|[from] item: Rocky Helmet|[of] p2a: Zapdos
|-status|p1a: Walking Wake|par|[from] ability: Static|[of] p2a: Zapdos
|
|t:|1779563384
|-end|p1a: Walking Wake|Protosynthesis|[silent]
|switch|p1a: Pecharunt|Pecharunt|39/100 tox|[from] Flip Turn
|
|-heal|p1a: Pecharunt|45/100 tox|[from] item: Leftovers
|-damage|p1a: Pecharunt|39/100 tox|[from] psn
|upkeep
|turn|5
|
|t:|1779563390
|move|p1a: Pecharunt|Malignant Chain|p2a: Zapdos
|-damage|p2a: Zapdos|44/100
|-status|p2a: Zapdos|tox
|-start|p2a: Zapdos|confusion|[from] ability: Poison Puppeteer|[of] p1a: Pecharunt
|-activate|p2a: Zapdos|confusion
|move|p2a: Zapdos|Volt Switch|p1a: Pecharunt
|-damage|p1a: Pecharunt|0 fnt
|faint|p1a: Pecharunt
|
|t:|1779563410
|switch|p2a: Clefable|Clefable, F|100/100|[from] Volt Switch
|
|upkeep
|
|t:|1779563413
|switch|p1a: Iron Crown|Iron Crown|100/100
|turn|6
|
|t:|1779563425
|move|p1a: Iron Crown|Psychic|p2a: Clefable
|-damage|p2a: Clefable|25/100
|move|p2a: Clefable|Flamethrower|p1a: Iron Crown
|-supereffective|p1a: Iron Crown
|-damage|p1a: Iron Crown|49/100
|
|upkeep
|turn|7
|
|t:|1779563429
|move|p1a: Iron Crown|Psychic|p2a: Clefable
|-damage|p2a: Clefable|0 fnt
|faint|p2a: Clefable
|
|upkeep
|
|t:|1779563438
|switch|p2a: Salazzle|Salazzle, F|1/100
|turn|8
|
|t:|1779563455
|-end|p1a: Iron Crown|Quark Drive|[silent]
|switch|p1a: Walking Wake|Walking Wake|71/100 par
|move|p2a: Salazzle|Flamethrower|p1a: Walking Wake
|-resisted|p1a: Walking Wake
|-damage|p1a: Walking Wake|59/100 par
|
|upkeep
|turn|9
|
|t:|1779563459
|move|p2a: Salazzle|Endeavor|p1a: Walking Wake
|-damage|p1a: Walking Wake|1/100 par
|move|p1a: Walking Wake|Flip Turn|p2a: Salazzle
|-supereffective|p2a: Salazzle
|-damage|p2a: Salazzle|0 fnt
|faint|p2a: Salazzle
|
|t:|1779563467
|-end|p1a: Walking Wake|Protosynthesis|[silent]
|switch|p1a: Toucannon|Toucannon, F, shiny|100/100|[from] Flip Turn
|
|upkeep
|
|t:|1779563474
|switch|p2a: Zapdos|Zapdos|44/100 tox
|turn|10
|
|t:|1779563479
|switch|p1a: Walking Wake|Walking Wake|1/100 par
|move|p2a: Zapdos|Roost|p2a: Zapdos
|-heal|p2a: Zapdos|94/100 tox
|-singleturn|p2a: Zapdos|move: Roost
|
|-damage|p2a: Zapdos|88/100 tox|[from] psn
|upkeep
|turn|11
|
|t:|1779563482
|move|p1a: Walking Wake|Draco Meteor|p2a: Zapdos
|-damage|p2a: Zapdos|17/100 tox
|-unboost|p1a: Walking Wake|spa|2
|move|p2a: Zapdos|Volt Switch|p1a: Walking Wake
|-damage|p1a: Walking Wake|0 fnt
|faint|p1a: Walking Wake
|-end|p1a: Walking Wake|Protosynthesis|[silent]
|
|t:|1779563494
|switch|p2a: Whimsicott|Whimsicott, F, shiny|100/100|[from] Volt Switch
|
|upkeep
|
|t:|1779563499
|switch|p1a: Iron Crown|Iron Crown|49/100
|turn|12
|
|t:|1779563507
|move|p2a: Whimsicott|U-turn|p1a: Iron Crown
|-damage|p1a: Iron Crown|37/100
|
|t:|1779563510
|switch|p2a: Zapdos|Zapdos|17/100 tox|[from] U-turn
|move|p1a: Iron Crown|Tachyon Cutter|p2a: Zapdos
|-resisted|p2a: Zapdos
|-damage|p2a: Zapdos|0 fnt
|faint|p2a: Zapdos
|-hitcount|p2: Zapdos|1
|
|upkeep
|
|t:|1779563515
|switch|p2a: Dragapult|Dragapult, M|100/100
|turn|13
|
|t:|1779563523
|-end|p1a: Iron Crown|Quark Drive|[silent]
|switch|p1a: Toucannon|Toucannon, F, shiny|100/100
|move|p2a: Dragapult|Flamethrower|p1a: Toucannon
|-damage|p1a: Toucannon|81/100
|
|upkeep
|turn|14
|
|t:|1779563531
|move|p2a: Dragapult|Dragon Darts|p1a: Toucannon
|-damage|p1a: Toucannon|57/100
|-anim|p2a: Dragapult|Dragon Darts|p1a: Toucannon
|-damage|p1a: Toucannon|35/100
|move|p1a: Toucannon|Knock Off|p2a: Dragapult
|-supereffective|p2a: Dragapult
|-damage|p2a: Dragapult|12/100
|-enditem|p2a: Dragapult|Expert Belt|[from] move: Knock Off|[of] p1a: Toucannon
|
|upkeep
|turn|15
|
|t:|1779563540
|-singleturn|p1a: Toucannon|move: Beak Blast
|move|p2a: Dragapult|Dragon Darts|p1a: Toucannon
|-damage|p1a: Toucannon|10/100
|-anim|p2a: Dragapult|Dragon Darts|p1a: Toucannon
|-damage|p1a: Toucannon|0 fnt
|faint|p1a: Toucannon
|
|upkeep
|
|t:|1779563547
|switch|p1a: Great Tusk|Great Tusk|100/100
|turn|16
|
|t:|1779563552
|switch|p2a: Whimsicott|Whimsicott, F, shiny|100/100
|move|p1a: Great Tusk|Headlong Rush|p2a: Whimsicott
|-resisted|p2a: Whimsicott
|-damage|p2a: Whimsicott|57/100
|-unboost|p1a: Great Tusk|def|1
|-unboost|p1a: Great Tusk|spd|1
|
|upkeep
|turn|17
|
|t:|1779563559
|move|p2a: Whimsicott|Giga Drain|p1a: Great Tusk
|-supereffective|p1a: Great Tusk
|-damage|p1a: Great Tusk|0 fnt
|-heal|p2a: Whimsicott|100/100|[from] drain|[of] p1a: Great Tusk
|faint|p1a: Great Tusk
|-end|p1a: Great Tusk|Protosynthesis|[silent]
|
|upkeep
|
|t:|1779563561
|switch|p1a: Iron Crown|Iron Crown|37/100
|turn|18
|
|t:|1779563576
|-terastallize|p2a: Whimsicott|Fire
|move|p2a: Whimsicott|Giga Drain|p1a: Iron Crown
|-resisted|p1a: Iron Crown
|-damage|p1a: Iron Crown|22/100
|move|p1a: Iron Crown|Tachyon Cutter|p2a: Whimsicott
|-resisted|p2a: Whimsicott
|-damage|p2a: Whimsicott|68/100
|-resisted|p2a: Whimsicott
|-damage|p2a: Whimsicott|39/100
|-hitcount|p2a: Whimsicott|2
|
|upkeep
|turn|19
|
|t:|1779563594
|move|p2a: Whimsicott|Giga Drain|p1a: Iron Crown
|-resisted|p1a: Iron Crown
|-damage|p1a: Iron Crown|10/100
|-heal|p2a: Whimsicott|49/100|[from] drain|[of] p1a: Iron Crown
|move|p1a: Iron Crown|Tachyon Cutter|p2a: Whimsicott
|-resisted|p2a: Whimsicott
|-damage|p2a: Whimsicott|17/100
|-resisted|p2a: Whimsicott
|-damage|p2a: Whimsicott|0 fnt
|faint|p2a: Whimsicott
|-hitcount|p2: Whimsicott|2
|
|upkeep
|
|t:|1779563598
|switch|p2a: Dragapult|Dragapult, M|12/100
|turn|20
|inactive|YeatLover267 has 120 seconds left.
|
|t:|1779563633
|move|p2a: Dragapult|Dragon Darts|p1a: Iron Crown
|-resisted|p1a: Iron Crown
|-damage|p1a: Iron Crown|0 fnt
|faint|p1a: Iron Crown
|-end|p1a: Iron Crown|Quark Drive|[silent]
|
|upkeep
|
|t:|1779563634
|switch|p1a: Raging Bolt|Raging Bolt|100/100
|-enditem|p1a: Raging Bolt|Booster Energy
|-activate|p1a: Raging Bolt|ability: Protosynthesis|[fromitem]
|-start|p1a: Raging Bolt|protosynthesisspa
|turn|21
|
|t:|1779563652
|-terastallize|p1a: Raging Bolt|Steel
|move|p2a: Dragapult|Phantom Force||[still]
|-prepare|p2a: Dragapult|Phantom Force
|move|p1a: Raging Bolt|Thunderbolt|p2a: Dragapult|[miss]
|-miss|p1a: Raging Bolt|p2a: Dragapult
|
|upkeep
|turn|22
|l|☆YeatLover267
|inactive|YeatLover267 disconnected and has a minute to reconnect!
|player|p1|
|inactive|YeatLover267 has 30 seconds to reconnect!
|inactive|YeatLover267 has 20 seconds to reconnect!
|l|☆Veiny1
|inactive|Veiny1 disconnected and has a minute to reconnect!
|player|p2|
|inactive|YeatLover267 has 15 seconds to reconnect!
|inactive|YeatLover267 has 10 seconds to reconnect!
|j|☆Veiny1
|inactive|Veiny1 reconnected.
|player|p2|Veiny1|266|
|inactive|YeatLover267 has 5 seconds to reconnect!
|-message|YeatLover267 lost due to inactivity.
|
|win|Veiny1
|raw|YeatLover267's rating: 1406 &rarr; <strong>1382</strong><br />(-24 for losing)
|raw|Veiny1's rating: 1340 &rarr; <strong>1364</strong><br />(+24 for winning)
|l|☆Veiny1
|player|p2|
