|j|☆StrsLewis
|j|☆SpidrGamerYT
|t:|1779632247
|gametype|singles
|player|p1|StrsLewis|102|1098
|player|p2|SpidrGamerYT|pokekid|1114
|gen|9
|tier|[Gen 9] OU
|rated|
|rule|HP Percentage Mod: HP is shown in percentages
|rule|Endless Battle Clause: Forcing endless battles is banned
|rule|Species Clause: Limit one of each Pokémon
|rule|OHKO Clause: OHKO moves are banned
|rule|Evasion Items Clause: Evasion items are banned
|rule|Evasion Moves Clause: Evasion moves are banned
|rule|Evasion Abilities Clause: Evasion abilities are banned
|rule|Sleep Moves Clause: Sleep-inducing moves are banned
|clearpoke
|poke|p1|Gliscor, M|
|poke|p1|Toxicroak, M|
|poke|p1|Hydreigon, F|
|poke|p1|Bronzong|
|poke|p1|Lanturn, M|
|poke|p1|Chandelure, M|
|poke|p2|Meowscarada, F|
|poke|p2|Raichu, M|
|poke|p2|Ceruledge, M|
|poke|p2|Clawitzer, M|
|poke|p2|Krookodile, M|
|poke|p2|Noivern, M|
|teampreview
|
|t:|1779632257
|teamsize|p1|6
|teamsize|p2|6
|start
|switch|p1a: Bronzong|Bronzong|100/100
|switch|p2a: Clawitzer|Clawitzer, M|100/100
|turn|1
|
|t:|1779632263
|move|p2a: Clawitzer|Dark Pulse|p1a: Bronzong
|-supereffective|p1a: Bronzong
|-damage|p1a: Bronzong|32/100
|cant|p1a: Bronzong|flinch
|
|upkeep
|turn|2
|
|t:|1779632278
|switch|p1a: Toxicroak|Toxicroak, M|100/100
|move|p2a: Clawitzer|Dark Pulse|p1a: Toxicroak
|-resisted|p1a: Toxicroak
|-damage|p1a: Toxicroak|72/100
|
|upkeep
|turn|3
|
|t:|1779632290
|move|p1a: Toxicroak|Fake Out|p2a: Clawitzer
|-damage|p2a: Clawitzer|78/100
|-damage|p1a: Toxicroak|62/100|[from] item: Life Orb
|cant|p2a: Clawitzer|flinch
|
|upkeep
|turn|4
|
|t:|1779632297
|move|p1a: Toxicroak|Close Combat|p2a: Clawitzer
|-damage|p2a: Clawitzer|0 fnt
|-unboost|p1a: Toxicroak|def|1
|-unboost|p1a: Toxicroak|spd|1
|faint|p2a: Clawitzer
|-damage|p1a: Toxicroak|53/100|[from] item: Life Orb
|
|upkeep
|
|t:|1779632313
|switch|p2a: Noivern|Noivern, M|100/100
|turn|5
|
|t:|1779632352
|switch|p1a: Lanturn|Lanturn, M|100/100
|move|p2a: Noivern|Hurricane|p1a: Lanturn
|-resisted|p1a: Lanturn
|-damage|p1a: Lanturn|88/100
|
|upkeep
|turn|6
|
|t:|1779632368
|move|p2a: Noivern|Dragon Claw|p1a: Lanturn
|-damage|p1a: Lanturn|56/100
|move|p1a: Lanturn|Ice Beam|p2a: Noivern
|-supereffective|p2a: Noivern
|-damage|p2a: Noivern|0 fnt
|faint|p2a: Noivern
|
|upkeep
|
|t:|1779632373
|switch|p2a: Raichu|Raichu, M|100/100
|turn|7
|
|t:|1779632383
|move|p2a: Raichu|Thunderbolt|p1a: Lanturn
|-heal|p1a: Lanturn|81/100|[from] ability: Volt Absorb|[of] p2a: Raichu
|move|p1a: Lanturn|Ice Beam|p2a: Raichu
|-damage|p2a: Raichu|64/100
|
|upkeep
|turn|8
|
|t:|1779632393
|move|p2a: Raichu|Trailblaze|p1a: Lanturn
|-supereffective|p1a: Lanturn
|-damage|p1a: Lanturn|52/100
|-boost|p2a: Raichu|spe|1
|move|p1a: Lanturn|Ice Beam|p2a: Raichu
|-damage|p2a: Raichu|25/100
|
|upkeep
|turn|9
|
|t:|1779632403
|move|p2a: Raichu|Trailblaze|p1a: Lanturn
|-supereffective|p1a: Lanturn
|-damage|p1a: Lanturn|19/100
|-boost|p2a: Raichu|spe|1
|move|p1a: Lanturn|Ice Beam|p2a: Raichu
|-damage|p2a: Raichu|0 fnt
|faint|p2a: Raichu
|
|upkeep
|
|t:|1779632408
|switch|p2a: Meowscarada|Meowscarada, F|100/100
|turn|10
|
|t:|1779632420
|move|p2a: Meowscarada|Dark Pulse|p1a: Lanturn
|-damage|p1a: Lanturn|1/100
|move|p1a: Lanturn|Ice Beam|p2a: Meowscarada
|-supereffective|p2a: Meowscarada
|-damage|p2a: Meowscarada|22/100
|
|upkeep
|turn|11
|
|t:|1779632429
|move|p2a: Meowscarada|Dark Pulse|p1a: Lanturn
|-damage|p1a: Lanturn|0 fnt
|faint|p1a: Lanturn
|
|upkeep
|
|t:|1779632436
|switch|p1a: Bronzong|Bronzong|32/100
|turn|12
|
|t:|1779632441
|move|p2a: Meowscarada|Dark Pulse|p1a: Bronzong
|-supereffective|p1a: Bronzong
|-damage|p1a: Bronzong|0 fnt
|faint|p1a: Bronzong
|
|upkeep
|
|t:|1779632449
|switch|p1a: Hydreigon|Hydreigon, F|100/100
|turn|13
|
|t:|1779632456
|move|p1a: Hydreigon|Flamethrower|p2a: Meowscarada
|-supereffective|p2a: Meowscarada
|-damage|p2a: Meowscarada|0 fnt
|faint|p2a: Meowscarada
|
|upkeep
|
|t:|1779632458
|switch|p2a: Krookodile|Krookodile, M|100/100
|turn|14
|
|t:|1779632475
|move|p1a: Hydreigon|Draco Meteor|p2a: Krookodile
|-damage|p2a: Krookodile|3/100
|-unboost|p1a: Hydreigon|spa|2
|move|p2a: Krookodile|Brick Break|p1a: Hydreigon
|-supereffective|p1a: Hydreigon
|-damage|p1a: Hydreigon|40/100
|
|upkeep
|turn|15
|
|t:|1779632485
|move|p1a: Hydreigon|Dark Pulse|p2a: Krookodile
|-resisted|p2a: Krookodile
|-damage|p2a: Krookodile|0 fnt
|faint|p2a: Krookodile
|
|upkeep
|
|t:|1779632487
|switch|p2a: Ceruledge|Ceruledge, M|100/100
|turn|16
|
|t:|1779632492
|move|p1a: Hydreigon|Dark Pulse|p2a: Ceruledge
|-supereffective|p2a: Ceruledge
|-damage|p2a: Ceruledge|57/100
|cant|p2a: Ceruledge|flinch
|
|upkeep
|turn|17
|
|t:|1779632499
|move|p1a: Hydreigon|Dark Pulse|p2a: Ceruledge
|-supereffective|p2a: Ceruledge
|-damage|p2a: Ceruledge|8/100
|cant|p2a: Ceruledge|flinch
|
|upkeep
|turn|18
|
|t:|1779632505
|move|p1a: Hydreigon|Dark Pulse|p2a: Ceruledge
|-supereffective|p2a: Ceruledge
|-damage|p2a: Ceruledge|0 fnt
|faint|p2a: Ceruledge
|
|win|StrsLewis
|raw|StrsLewis's rating: 1098 &rarr; <strong>1124</strong><br />(+26 for winning)
|raw|SpidrGamerYT's rating: 1114 &rarr; <strong>1088</strong><br />(-26 for losing)
|l|☆SpidrGamerYT
|player|p2|
|l|☆StrsLewis
|player|p1|
