|j|☆MrSalor
|j|☆Yeahimgoinghome
|t:|1779685361
|gametype|singles
|player|p1|MrSalor|hiker-gen4|1346
|player|p2|Yeahimgoinghome|riley|1320
|gen|9
|tier|[Gen 9] OU
|rated|
|rule|HP Percentage Mod: HP is shown in percentages
|rule|Endless Battle Clause: Forcing endless battles is banned
|rule|Species Clause: Limit one of each Pokémon
|rule|OHKO Clause: OHKO moves are banned
|rule|Evasion Items Clause: Evasion items are banned
|rule|Evasion Moves Clause: Evasion moves are banned
|rule|Evasion Abilities Clause: Evasion abilities are banned
|rule|Sleep Moves Clause: Sleep-inducing moves are banned
|clearpoke
|poke|p1|Armarouge, M|
|poke|p1|Cinderace, M|
|poke|p1|Heatran, F|
|poke|p1|Volcanion|
|poke|p1|Ceruledge, F|
|poke|p1|Iron Moth|
|poke|p2|Pelipper, M|
|poke|p2|Regieleki|
|poke|p2|Heatran, M|
|poke|p2|Barraskewda, M|
|poke|p2|Wo-Chien|
|poke|p2|Indeedee, M|
|teampreview
|inactive|Battle timer is ON: inactive players will automatically lose when time's up. (requested by Yeahimgoinghome)
|
|t:|1779685373
|teamsize|p1|6
|teamsize|p2|6
|start
|switch|p1a: Volcanion|Volcanion|100/100
|switch|p2a: Btzzz|Regieleki|100/100
|turn|1
|
|t:|1779685378
|-terastallize|p2a: Btzzz|Electric
|-terastallize|p1a: Volcanion|Ground
|move|p2a: Btzzz|Electro Ball|p1a: Volcanion
|-immune|p1a: Volcanion
|move|p1a: Volcanion|Steam Eruption|p2a: Btzzz
|-damage|p2a: Btzzz|0 fnt
|faint|p2a: Btzzz
|
|upkeep
|
|t:|1779685386
|switch|p2a: Heatran|Heatran, M|100/100
|turn|2
|
|t:|1779685389
|move|p1a: Volcanion|Steam Eruption|p2a: Heatran
|-supereffective|p2a: Heatran
|-damage|p2a: Heatran|18/100
|move|p2a: Heatran|Magma Storm|p1a: Volcanion
|-damage|p1a: Volcanion|48/100
|-activate|p1a: Volcanion|move: Magma Storm|[of] p2a: Heatran
|
|-heal|p1a: Volcanion|54/100|[from] item: Leftovers
|-heal|p2a: Heatran|24/100|[from] item: Leftovers
|-damage|p1a: Volcanion|42/100|[from] move: Magma Storm|[partiallytrapped]
|upkeep
|turn|3
|
|t:|1779685396
|switch|p2a: Indeedee|Indeedee, M, shiny|100/100
|-fieldstart|move: Psychic Terrain|[from] ability: Psychic Surge|[of] p2a: Indeedee
|move|p1a: Volcanion|Steam Eruption|p2a: Indeedee
|-damage|p2a: Indeedee|20/100
|
|-heal|p1a: Volcanion|48/100|[from] item: Leftovers
|-end|p1a: Volcanion|Magma Storm|[partiallytrapped]|[silent]
|upkeep
|turn|4
|
|t:|1779685407
|switch|p1a: Heatran|Heatran, F|100/100
|-item|p1a: Heatran|Air Balloon
|move|p2a: Indeedee|Expanding Force|p1a: Heatran
|-resisted|p1a: Heatran
|-damage|p1a: Heatran|77/100
|-enditem|p1a: Heatran|Air Balloon
|
|upkeep
|turn|5
|
|t:|1779685413
|switch|p2a: Heatran|Heatran, M|24/100
|move|p1a: Heatran|Earth Power|p2a: Heatran
|-supereffective|p2a: Heatran
|-damage|p2a: Heatran|0 fnt
|faint|p2a: Heatran
|
|upkeep
|
|t:|1779685416
|switch|p2a: Big Bird|Pelipper, M|100/100
|-weather|RainDance|[from] ability: Drizzle|[of] p2a: Big Bird
|turn|6
|
|t:|1779685422
|move|p2a: Big Bird|Weather Ball|p1a: Heatran
|-supereffective|p1a: Heatran
|-damage|p1a: Heatran|0 fnt
|faint|p1a: Heatran
|
|-weather|RainDance|[upkeep]
|upkeep
|
|t:|1779685425
|switch|p1a: Volcanion|Volcanion, tera:Ground|48/100
|turn|7
|
|t:|1779685432
|switch|p2a: Wo-Chien|Wo-Chien|100/100
|-ability|p2a: Wo-Chien|Tablets of Ruin
|move|p1a: Volcanion|Steam Eruption|p2a: Wo-Chien
|-resisted|p2a: Wo-Chien
|-damage|p2a: Wo-Chien|68/100
|
|-weather|RainDance|[upkeep]
|-heal|p1a: Volcanion|54/100|[from] item: Leftovers
|-heal|p2a: Wo-Chien|74/100|[from] item: Leftovers
|-fieldend|move: Psychic Terrain
|upkeep
|turn|8
|
|t:|1779685445
|move|p1a: Volcanion|Flamethrower|p2a: Wo-Chien
|-supereffective|p2a: Wo-Chien
|-damage|p2a: Wo-Chien|35/100
|-status|p2a: Wo-Chien|brn
|move|p2a: Wo-Chien|Leech Seed|p1a: Volcanion
|-start|p1a: Volcanion|move: Leech Seed
|
|-weather|RainDance|[upkeep]
|-heal|p1a: Volcanion|60/100|[from] item: Leftovers
|-heal|p2a: Wo-Chien|41/100 brn|[from] item: Leftovers
|-damage|p1a: Volcanion|48/100|[from] Leech Seed|[of] p2a: Wo-Chien
|-heal|p2a: Wo-Chien|51/100 brn|[silent]
|-damage|p2a: Wo-Chien|45/100 brn|[from] brn
|upkeep
|turn|9
|
|t:|1779685455
|switch|p1a: Ceruledge|Ceruledge, F|100/100
|move|p2a: Wo-Chien|Knock Off|p1a: Ceruledge
|-supereffective|p1a: Ceruledge
|-damage|p1a: Ceruledge|61/100
|-enditem|p1a: Ceruledge|Covert Cloak|[from] move: Knock Off|[of] p2a: Wo-Chien
|
|-weather|RainDance|[upkeep]
|-heal|p2a: Wo-Chien|51/100 brn|[from] item: Leftovers
|-damage|p2a: Wo-Chien|45/100 brn|[from] brn
|upkeep
|turn|10
|
|t:|1779685460
|move|p1a: Ceruledge|Bulk Up|p1a: Ceruledge
|-boost|p1a: Ceruledge|atk|1
|-boost|p1a: Ceruledge|def|1
|move|p2a: Wo-Chien|Leech Seed|p1a: Ceruledge|[miss]
|-miss|p2a: Wo-Chien|p1a: Ceruledge
|
|-weather|none
|-heal|p2a: Wo-Chien|51/100 brn|[from] item: Leftovers
|-damage|p2a: Wo-Chien|45/100 brn|[from] brn
|upkeep
|turn|11
|
|t:|1779685464
|move|p1a: Ceruledge|Bitter Blade|p2a: Wo-Chien
|-supereffective|p2a: Wo-Chien
|-damage|p2a: Wo-Chien|0 fnt
|-heal|p1a: Ceruledge|90/100|[from] drain|[of] p2a: Wo-Chien
|faint|p2a: Wo-Chien
|
|upkeep
|
|t:|1779685468
|switch|p2a: Indeedee|Indeedee, M, shiny|20/100
|-fieldstart|move: Psychic Terrain|[from] ability: Psychic Surge|[of] p2a: Indeedee
|turn|12
|
|t:|1779685471
|move|p2a: Indeedee|Shadow Ball|p1a: Ceruledge
|-supereffective|p1a: Ceruledge
|-damage|p1a: Ceruledge|37/100
|move|p1a: Ceruledge|Flame Charge|p2a: Indeedee
|-damage|p2a: Indeedee|0 fnt
|-boost|p1a: Ceruledge|spe|1
|faint|p2a: Indeedee
|
|upkeep
|
|t:|1779685480
|switch|p2a: I Am Just a Fish|Barraskewda, M|100/100
|turn|13
|
|t:|1779685485
|move|p2a: I Am Just a Fish|Aqua Jet|p1a: Ceruledge
|-activate|p1a: Ceruledge|move: Psychic Terrain
|move|p1a: Ceruledge|Bitter Blade|p2a: I Am Just a Fish
|-resisted|p2a: I Am Just a Fish
|-damage|p2a: I Am Just a Fish|29/100
|-heal|p1a: Ceruledge|69/100|[from] drain|[of] p2a: I Am Just a Fish
|
|upkeep
|turn|14
|-message|Yeahimgoinghome forfeited.
|
|win|MrSalor
|raw|MrSalor's rating: 1346 &rarr; <strong>1365</strong><br />(+19 for winning)
|raw|Yeahimgoinghome's rating: 1320 &rarr; <strong>1301</strong><br />(-19 for losing)
|l|☆Yeahimgoinghome
|player|p2|
|l|☆MrSalor
|player|p1|
