|j|☆barrymarrydairy
|j|☆KenjiShiguma
|t:|1779639562
|gametype|singles
|player|p1|barrymarrydairy|benga|1078
|player|p2|KenjiShiguma|pokemonbreeder-gen4|1095
|gen|9
|tier|[Gen 9] OU
|rated|
|rule|HP Percentage Mod: HP is shown in percentages
|rule|Endless Battle Clause: Forcing endless battles is banned
|rule|Species Clause: Limit one of each Pokémon
|rule|OHKO Clause: OHKO moves are banned
|rule|Evasion Items Clause: Evasion items are banned
|rule|Evasion Moves Clause: Evasion moves are banned
|rule|Evasion Abilities Clause: Evasion abilities are banned
|rule|Sleep Moves Clause: Sleep-inducing moves are banned
|clearpoke
|poke|p1|Scizor, F|
|poke|p1|Great Tusk|
|poke|p1|Rotom-Wash|
|poke|p1|Gholdengo|
|poke|p1|Iron Valiant|
|poke|p1|Lechonk, L1, M|
|poke|p2|Drednaw, F|
|poke|p2|Golem, F|
|poke|p2|Snorlax, F|
|poke|p2|Clefable, M|
|poke|p2|Oricorio-Sensu, M|
|poke|p2|Infernape, M|
|teampreview
|
|t:|1779639565
|teamsize|p1|6
|teamsize|p2|6
|start
|switch|p1a: Lechonk|Lechonk, L1, M, shiny|100/100
|switch|p2a: Clefable|Clefable, M|100/100
|turn|1
|
|t:|1779639577
|switch|p2a: Oricorio|Oricorio-Sensu, M|100/100
|move|p1a: Lechonk|Endeavor|p2a: Oricorio
|-immune|p2a: Oricorio
|
|upkeep
|turn|2
|
|t:|1779639596
|switch|p1a: Scizor|Scizor, F|100/100
|move|p2a: Oricorio|Quiver Dance|p2a: Oricorio
|-boost|p2a: Oricorio|spa|1
|-boost|p2a: Oricorio|spd|1
|-boost|p2a: Oricorio|spe|1
|
|upkeep
|turn|3
|
|t:|1779639608
|move|p1a: Scizor|Bullet Punch|p2a: Oricorio
|-damage|p2a: Oricorio|39/100
|move|p2a: Oricorio|Air Slash|p1a: Scizor
|-damage|p1a: Scizor|33/100
|
|upkeep
|turn|4
|
|t:|1779639615
|switch|p2a: Infernape|Infernape, M|100/100
|move|p1a: Scizor|Bullet Punch|p2a: Infernape
|-resisted|p2a: Infernape
|-damage|p2a: Infernape|78/100
|
|upkeep
|turn|5
|
|t:|1779639635
|switch|p1a: Great Tusk|Great Tusk|100/100
|-singleturn|p2a: Infernape|move: Focus Punch
|move|p2a: Infernape|Focus Punch|p1a: Great Tusk
|-damage|p1a: Great Tusk|59/100
|
|-heal|p1a: Great Tusk|65/100|[from] item: Leftovers
|upkeep
|turn|6
|
|t:|1779639646
|switch|p2a: Clefable|Clefable, M|100/100
|move|p1a: Great Tusk|Earthquake|p2a: Clefable
|-damage|p2a: Clefable|49/100
|
|-heal|p1a: Great Tusk|71/100|[from] item: Leftovers
|upkeep
|turn|7
|
|t:|1779639659
|-terastallize|p1a: Great Tusk|Steel
|move|p1a: Great Tusk|Earthquake|p2a: Clefable
|-damage|p2a: Clefable|1/100
|move|p2a: Clefable|Moonblast|p1a: Great Tusk
|-resisted|p1a: Great Tusk
|-damage|p1a: Great Tusk|45/100
|-unboost|p1a: Great Tusk|spa|1
|
|-heal|p1a: Great Tusk|51/100|[from] item: Leftovers
|upkeep
|turn|8
|
|t:|1779639672
|move|p1a: Great Tusk|Earthquake|p2a: Clefable
|-damage|p2a: Clefable|0 fnt
|faint|p2a: Clefable
|
|-heal|p1a: Great Tusk|57/100|[from] item: Leftovers
|upkeep
|
|t:|1779639678
|switch|p2a: Infernape|Infernape, M|78/100
|turn|9
|
|t:|1779639691
|move|p2a: Infernape|Fire Punch|p1a: Great Tusk
|-supereffective|p1a: Great Tusk
|-damage|p1a: Great Tusk|17/100
|move|p1a: Great Tusk|Earthquake|p2a: Infernape
|-supereffective|p2a: Infernape
|-damage|p2a: Infernape|0 fnt
|faint|p2a: Infernape
|
|-heal|p1a: Great Tusk|23/100|[from] item: Leftovers
|upkeep
|
|t:|1779639705
|switch|p2a: Oricorio|Oricorio-Sensu, M|39/100
|turn|10
|
|t:|1779639712
|move|p2a: Oricorio|Revelation Dance|p1a: Great Tusk
|-damage|p1a: Great Tusk|0 fnt
|faint|p1a: Great Tusk
|-end|p1a: Great Tusk|Protosynthesis|[silent]
|
|upkeep
|
|t:|1779639718
|switch|p1a: Iron Valiant|Iron Valiant|100/100
|-enditem|p1a: Iron Valiant|Booster Energy
|-activate|p1a: Iron Valiant|ability: Quark Drive|[fromitem]
|-start|p1a: Iron Valiant|quarkdrivespe
|turn|11
|
|t:|1779639723
|move|p1a: Iron Valiant|Moonblast|p2a: Oricorio
|-damage|p2a: Oricorio|0 fnt
|faint|p2a: Oricorio
|
|upkeep
|
|t:|1779639728
|switch|p2a: Snorlax|Snorlax, F|100/100
|turn|12
|
|t:|1779639736
|move|p1a: Iron Valiant|Close Combat|p2a: Snorlax
|-supereffective|p2a: Snorlax
|-damage|p2a: Snorlax|5/100
|-unboost|p1a: Iron Valiant|def|1
|-unboost|p1a: Iron Valiant|spd|1
|-enditem|p2a: Snorlax|Sitrus Berry|[eat]
|-heal|p2a: Snorlax|30/100|[from] item: Sitrus Berry
|move|p2a: Snorlax|Earthquake|p1a: Iron Valiant
|-damage|p1a: Iron Valiant|49/100
|
|upkeep
|turn|13
|
|t:|1779639747
|move|p1a: Iron Valiant|Close Combat|p2a: Snorlax
|-supereffective|p2a: Snorlax
|-damage|p2a: Snorlax|0 fnt
|-unboost|p1a: Iron Valiant|def|1
|-unboost|p1a: Iron Valiant|spd|1
|faint|p2a: Snorlax
|
|upkeep
|
|t:|1779639756
|switch|p2a: Golem|Golem, F|100/100
|turn|14
|
|t:|1779639763
|move|p1a: Iron Valiant|Close Combat|p2a: Golem
|-supereffective|p2a: Golem
|-damage|p2a: Golem|25/100
|-unboost|p1a: Iron Valiant|def|1
|-unboost|p1a: Iron Valiant|spd|1
|move|p2a: Golem|Earthquake|p1a: Iron Valiant
|-damage|p1a: Iron Valiant|0 fnt
|faint|p1a: Iron Valiant
|-end|p1a: Iron Valiant|Quark Drive|[silent]
|
|upkeep
|
|t:|1779639767
|switch|p1a: Gholdengo|Gholdengo|100/100
|turn|15
|-enditem|p2a: Golem|Custap Berry|[eat]
|-activate|p2a: Golem|item: Custap Berry|[consumed]
|
|t:|1779639775
|move|p2a: Golem|Earthquake|p1a: Gholdengo
|-supereffective|p1a: Gholdengo
|-damage|p1a: Gholdengo|0 fnt
|faint|p1a: Gholdengo
|
|upkeep
|
|t:|1779639780
|switch|p1a: Lechonk|Lechonk, L1, M, shiny|100/100
|turn|16
|
|t:|1779639800
|move|p2a: Golem|Explosion|p1a: Lechonk
|-enditem|p1a: Lechonk|Focus Sash
|-damage|p1a: Lechonk|8/100
|faint|p2a: Golem
|move|p1a: Lechonk|Endeavor|p2: Golem|[notarget]
|-fail|p1a: Lechonk
|
|upkeep
|
|t:|1779639807
|switch|p2a: Drednaw|Drednaw, F|100/100
|turn|17
|
|t:|1779639814
|move|p1a: Lechonk|Endure|p1a: Lechonk
|-singleturn|p1a: Lechonk|move: Endure
|move|p2a: Drednaw|Liquidation|p1a: Lechonk
|-activate|p1a: Lechonk|move: Endure
|-damage|p1a: Lechonk|8/100
|
|upkeep
|turn|18
|
|t:|1779639822
|move|p1a: Lechonk|Endure||[still]
|-fail|p1a: Lechonk
|move|p2a: Drednaw|Liquidation|p1a: Lechonk
|-damage|p1a: Lechonk|0 fnt
|faint|p1a: Lechonk
|
|upkeep
|
|t:|1779639829
|switch|p1a: Scizor|Scizor, F|33/100
|turn|19
|
|t:|1779639840
|move|p1a: Scizor|Bullet Punch|p2a: Drednaw
|-damage|p2a: Drednaw|63/100
|move|p2a: Drednaw|Liquidation|p1a: Scizor
|-damage|p1a: Scizor|0 fnt
|faint|p1a: Scizor
|
|upkeep
|
|t:|1779639842
|switch|p1a: Rotom|Rotom-Wash|100/100
|turn|20
|
|t:|1779639852
|-terastallize|p2a: Drednaw|Ghost
|move|p1a: Rotom|Volt Switch|p2a: Drednaw
|-damage|p2a: Drednaw|31/100
|move|p2a: Drednaw|Jaw Lock|p1a: Rotom
|-damage|p1a: Rotom|66/100
|-activate|p1a: Rotom|trapped
|
|-heal|p1a: Rotom|72/100|[from] item: Leftovers
|upkeep
|turn|21
|
|t:|1779639862
|move|p1a: Rotom|Volt Switch|p2a: Drednaw
|-damage|p2a: Drednaw|1/100
|move|p2a: Drednaw|Jaw Lock|p1a: Rotom
|-damage|p1a: Rotom|38/100
|
|-heal|p1a: Rotom|44/100|[from] item: Leftovers
|upkeep
|turn|22
|
|t:|1779639871
|move|p1a: Rotom|Volt Switch|p2a: Drednaw
|-damage|p2a: Drednaw|0 fnt
|faint|p2a: Drednaw
|
|win|barrymarrydairy
|raw|barrymarrydairy's rating: 1078 &rarr; <strong>1108</strong><br />(+30 for winning)
|raw|KenjiShiguma's rating: 1095 &rarr; <strong>1070</strong><br />(-25 for losing)
|l|☆barrymarrydairy
|player|p1|
|l|☆KenjiShiguma
|player|p2|
