|j|☆xiaoshenyoukaigual
|j|☆Nickthenickthenick
|t:|1779606639
|gametype|singles
|player|p1|xiaoshenyoukaigual|hilbert|1307
|player|p2|Nickthenickthenick|2|1307
|gen|9
|tier|[Gen 9] OU
|rated|
|rule|HP Percentage Mod: HP is shown in percentages
|rule|Endless Battle Clause: Forcing endless battles is banned
|rule|Species Clause: Limit one of each Pokémon
|rule|OHKO Clause: OHKO moves are banned
|rule|Evasion Items Clause: Evasion items are banned
|rule|Evasion Moves Clause: Evasion moves are banned
|rule|Evasion Abilities Clause: Evasion abilities are banned
|rule|Sleep Moves Clause: Sleep-inducing moves are banned
|clearpoke
|poke|p1|Walking Wake|
|poke|p1|Torkoal, F|
|poke|p1|Raging Bolt|
|poke|p1|Slither Wing|
|poke|p1|Ninetales, F|
|poke|p1|Great Tusk|
|poke|p2|Raikou|
|poke|p2|Entei|
|poke|p2|Suicune|
|poke|p2|Tyranitar, M|
|poke|p2|Porygon2|
|poke|p2|Espeon, M|
|teampreview
|inactive|Battle timer is ON: inactive players will automatically lose when time's up. (requested by xiaoshenyoukaigual)
|
|t:|1779606682
|teamsize|p1|6
|teamsize|p2|6
|start
|switch|p1a: Ninetales|Ninetales, F|100/100
|switch|p2a: Raikou|Raikou|100/100
|-ability|p2a: Raikou|Pressure
|-weather|SunnyDay|[from] ability: Drought|[of] p1a: Ninetales
|turn|1
|
|t:|1779606689
|switch|p2a: Tyranitar|Tyranitar, M|100/100
|-weather|Sandstorm|[from] ability: Sand Stream|[of] p2a: Tyranitar
|switch|p1a: Great Tusk|Great Tusk|100/100
|
|-weather|Sandstorm|[upkeep]
|upkeep
|turn|2
|
|t:|1779606699
|switch|p2a: Porygon2|Porygon2|100/100
|move|p1a: Great Tusk|Headlong Rush|p2a: Porygon2
|-damage|p2a: Porygon2|69/100
|-unboost|p1a: Great Tusk|def|1
|-unboost|p1a: Great Tusk|spd|1
|
|-weather|Sandstorm|[upkeep]
|-damage|p2a: Porygon2|63/100|[from] Sandstorm
|upkeep
|turn|3
|
|t:|1779606704
|move|p1a: Great Tusk|Close Combat|p2a: Porygon2
|-supereffective|p2a: Porygon2
|-crit|p2a: Porygon2
|-damage|p2a: Porygon2|0 fnt
|-unboost|p1a: Great Tusk|def|1
|-unboost|p1a: Great Tusk|spd|1
|faint|p2a: Porygon2
|
|-weather|Sandstorm|[upkeep]
|upkeep
|
|t:|1779606709
|switch|p2a: Suicune|Suicune|100/100
|-ability|p2a: Suicune|Pressure
|turn|4
|
|t:|1779606717
|-end|p1a: Great Tusk|Protosynthesis|[silent]
|switch|p1a: Ninetales|Ninetales, F|100/100
|-weather|SunnyDay|[from] ability: Drought|[of] p1a: Ninetales
|move|p2a: Suicune|Scald|p1a: Ninetales
|-supereffective|p1a: Ninetales
|-damage|p1a: Ninetales|71/100
|
|-weather|SunnyDay|[upkeep]
|upkeep
|turn|5
|
|t:|1779606723
|switch|p2a: Tyranitar|Tyranitar, M|100/100
|-weather|Sandstorm|[from] ability: Sand Stream|[of] p2a: Tyranitar
|move|p1a: Ninetales|Solar Beam||[still]
|-prepare|p1a: Ninetales|Solar Beam
|
|-weather|Sandstorm|[upkeep]
|-damage|p1a: Ninetales|65/100|[from] Sandstorm
|upkeep
|turn|6
|
|t:|1779606731
|move|p1a: Ninetales|Solar Beam|p2a: Tyranitar|[from] lockedmove
|-supereffective|p2a: Tyranitar
|-damage|p2a: Tyranitar|91/100
|move|p2a: Tyranitar|Knock Off|p1a: Ninetales
|-damage|p1a: Ninetales|17/100
|-enditem|p1a: Ninetales|Heat Rock|[from] move: Knock Off|[of] p2a: Tyranitar
|
|-weather|Sandstorm|[upkeep]
|-damage|p1a: Ninetales|11/100|[from] Sandstorm
|-heal|p2a: Tyranitar|97/100|[from] item: Leftovers
|upkeep
|turn|7
|
|t:|1779606743
|switch|p1a: Torkoal|Torkoal, F|100/100
|-weather|SunnyDay|[from] ability: Drought|[of] p1a: Torkoal
|move|p2a: Tyranitar|Stealth Rock|p1a: Torkoal
|-sidestart|p1: xiaoshenyoukaigual|move: Stealth Rock
|
|-weather|SunnyDay|[upkeep]
|-heal|p2a: Tyranitar|100/100|[from] item: Leftovers
|upkeep
|turn|8
|
|t:|1779606750
|switch|p2a: Espeon|Espeon, M|100/100
|switch|p1a: Great Tusk|Great Tusk|100/100
|-activate|p1a: Great Tusk|ability: Protosynthesis
|-start|p1a: Great Tusk|protosynthesisatk
|
|-weather|SunnyDay|[upkeep]
|upkeep
|turn|9
|
|t:|1779606758
|-end|p1a: Great Tusk|Protosynthesis|[silent]
|switch|p1a: Ninetales|Ninetales, F|11/100
|-damage|p1a: Ninetales|0 fnt|[from] Stealth Rock
|faint|p1a: Ninetales
|move|p2a: Espeon|Alluring Voice|p1: Ninetales|[notarget]
|-fail|p2a: Espeon
|
|-weather|SunnyDay|[upkeep]
|upkeep
|
|t:|1779606764
|switch|p1a: Walking Wake|Walking Wake|100/100
|-damage|p1a: Walking Wake|88/100|[from] Stealth Rock
|-activate|p1a: Walking Wake|ability: Protosynthesis
|-start|p1a: Walking Wake|protosynthesisspa
|turn|10
|
|t:|1779606780
|switch|p2a: Suicune|Suicune|100/100
|-ability|p2a: Suicune|Pressure
|-terastallize|p1a: Walking Wake|Water
|move|p1a: Walking Wake|Hydro Steam|p2a: Suicune
|-resisted|p2a: Suicune
|-damage|p2a: Suicune|54/100
|
|-weather|SunnyDay|[upkeep]
|-heal|p2a: Suicune|61/100|[from] item: Leftovers
|upkeep
|turn|11
|
|t:|1779606805
|move|p1a: Walking Wake|Hydro Steam|p2a: Suicune
|-resisted|p2a: Suicune
|-damage|p2a: Suicune|17/100
|move|p2a: Suicune|Scald|p1a: Walking Wake
|-resisted|p1a: Walking Wake
|-damage|p1a: Walking Wake|81/100
|-status|p1a: Walking Wake|brn
|
|-weather|SunnyDay|[upkeep]
|-heal|p2a: Suicune|23/100|[from] item: Leftovers
|-damage|p1a: Walking Wake|75/100 brn|[from] brn
|upkeep
|turn|12
|
|t:|1779606811
|move|p1a: Walking Wake|Hydro Steam|p2a: Suicune
|-resisted|p2a: Suicune
|-damage|p2a: Suicune|0 fnt
|faint|p2a: Suicune
|
|-weather|SunnyDay|[upkeep]
|-damage|p1a: Walking Wake|69/100 brn|[from] brn
|upkeep
|inactive|Nickthenickthenick has 120 seconds left.
|
|t:|1779606843
|switch|p2a: Entei|Entei|100/100
|-ability|p2a: Entei|Pressure
|turn|13
|
|t:|1779606848
|move|p2a: Entei|Protect|p2a: Entei
|-singleturn|p2a: Entei|Protect
|move|p1a: Walking Wake|Hydro Steam|p2a: Entei
|-activate|p2a: Entei|move: Protect
|
|-weather|SunnyDay|[upkeep]
|-damage|p1a: Walking Wake|62/100 brn|[from] brn
|upkeep
|turn|14
|inactive|Nickthenickthenick has 120 seconds left.
|
|t:|1779606864
|-terastallize|p2a: Entei|Normal
|move|p2a: Entei|Extreme Speed|p1a: Walking Wake
|-damage|p1a: Walking Wake|19/100 brn
|move|p1a: Walking Wake|Hydro Steam|p2a: Entei
|-damage|p2a: Entei|0 fnt
|faint|p2a: Entei
|
|-weather|none
|-end|p1a: Walking Wake|Protosynthesis
|-damage|p1a: Walking Wake|13/100 brn|[from] brn
|upkeep
|
|t:|1779606872
|switch|p2a: Raikou|Raikou|100/100
|-ability|p2a: Raikou|Pressure
|turn|15
|
|t:|1779606876
|-end|p1a: Walking Wake|Protosynthesis|[silent]
|switch|p1a: Great Tusk|Great Tusk|100/100
|move|p2a: Raikou|Calm Mind|p2a: Raikou
|-boost|p2a: Raikou|spa|1
|-boost|p2a: Raikou|spd|1
|
|upkeep
|turn|16
|
|t:|1779606880
|move|p2a: Raikou|Scald|p1a: Great Tusk
|-supereffective|p1a: Great Tusk
|-damage|p1a: Great Tusk|0 fnt
|faint|p1a: Great Tusk
|-end|p1a: Great Tusk|Protosynthesis|[silent]
|
|upkeep
|
|t:|1779606890
|switch|p1a: Slither Wing|Slither Wing|100/100
|-damage|p1a: Slither Wing|88/100|[from] Stealth Rock
|turn|17
|
|t:|1779606894
|move|p2a: Raikou|Discharge|p1a: Slither Wing
|-damage|p1a: Slither Wing|30/100
|move|p1a: Slither Wing|Earthquake|p2a: Raikou
|-supereffective|p2a: Raikou
|-damage|p2a: Raikou|0 fnt
|faint|p2a: Raikou
|
|upkeep
|
|t:|1779606902
|switch|p2a: Espeon|Espeon, M|100/100
|turn|18
|
|t:|1779606914
|-end|p1a: Slither Wing|Protosynthesis|[silent]
|switch|p1a: Torkoal|Torkoal, F|100/100
|-damage|p1a: Torkoal|76/100|[from] Stealth Rock
|-weather|SunnyDay|[from] ability: Drought|[of] p1a: Torkoal
|move|p2a: Espeon|Psychic Noise|p1a: Torkoal
|-damage|p1a: Torkoal|25/100
|-start|p1a: Torkoal|move: Heal Block
|
|-weather|SunnyDay|[upkeep]
|upkeep
|turn|19
|
|t:|1779606922
|switch|p2a: Tyranitar|Tyranitar, M|100/100
|-weather|Sandstorm|[from] ability: Sand Stream|[of] p2a: Tyranitar
|move|p1a: Torkoal|Weather Ball|p2a: Tyranitar
|-damage|p2a: Tyranitar|93/100
|
|-weather|Sandstorm|[upkeep]
|-damage|p1a: Torkoal|19/100|[from] Sandstorm
|-heal|p2a: Tyranitar|99/100|[from] item: Leftovers
|-end|p1a: Torkoal|move: Heal Block
|upkeep
|turn|20
|
|t:|1779606932
|switch|p1a: Walking Wake|Walking Wake, tera:Water|13/100 brn
|-damage|p1a: Walking Wake|0 fnt|[from] Stealth Rock
|faint|p1a: Walking Wake
|-end|p1a: Walking Wake|Protosynthesis|[silent]
|move|p2a: Tyranitar|Knock Off|p1: Walking Wake|[notarget]
|-fail|p2a: Tyranitar
|
|-weather|Sandstorm|[upkeep]
|-heal|p2a: Tyranitar|100/100|[from] item: Leftovers
|upkeep
|
|t:|1779606938
|switch|p1a: Slither Wing|Slither Wing|30/100
|-damage|p1a: Slither Wing|18/100|[from] Stealth Rock
|turn|21
|
|t:|1779606955
|move|p1a: Slither Wing|Close Combat|p2a: Tyranitar
|-supereffective|p2a: Tyranitar
|-damage|p2a: Tyranitar|0 fnt
|-unboost|p1a: Slither Wing|def|1
|-unboost|p1a: Slither Wing|spd|1
|faint|p2a: Tyranitar
|
|-weather|Sandstorm|[upkeep]
|-damage|p1a: Slither Wing|12/100|[from] Sandstorm
|upkeep
|
|t:|1779606958
|switch|p2a: Espeon|Espeon, M|100/100
|turn|22
|
|t:|1779606963
|-end|p1a: Slither Wing|Protosynthesis|[silent]
|switch|p1a: Torkoal|Torkoal, F|19/100
|-damage|p1a: Torkoal|0 fnt|[from] Stealth Rock
|faint|p1a: Torkoal
|move|p2a: Espeon|Shadow Ball|p1: Torkoal|[notarget]
|-fail|p2a: Espeon
|
|-weather|Sandstorm|[upkeep]
|-damage|p2a: Espeon|95/100|[from] Sandstorm
|upkeep
|
|t:|1779606970
|switch|p1a: Slither Wing|Slither Wing|12/100
|-damage|p1a: Slither Wing|0 fnt|[from] Stealth Rock
|faint|p1a: Slither Wing
|-end|p1a: Slither Wing|Protosynthesis|[silent]
|
|t:|1779606973
|switch|p1a: Raging Bolt|Raging Bolt|100/100
|-damage|p1a: Raging Bolt|88/100|[from] Stealth Rock
|turn|23
|
|t:|1779606987
|move|p1a: Raging Bolt|Draco Meteor|p2a: Espeon
|-damage|p2a: Espeon|0 fnt
|-unboost|p1a: Raging Bolt|spa|2
|faint|p2a: Espeon
|
|win|xiaoshenyoukaigual
|raw|xiaoshenyoukaigual's rating: 1307 &rarr; <strong>1327</strong><br />(+20 for winning)
|raw|Nickthenickthenick's rating: 1307 &rarr; <strong>1287</strong><br />(-20 for losing)
|l|☆xiaoshenyoukaigual
|player|p1|
|l|☆Nickthenickthenick
|player|p2|
