|j|☆volttum
|j|☆fluxkstow
|t:|1779559350
|gametype|singles
|player|p1|volttum|red|1364
|player|p2|fluxkstow|101|1330
|gen|9
|tier|[Gen 9] OU
|rated|
|rule|HP Percentage Mod: HP is shown in percentages
|rule|Endless Battle Clause: Forcing endless battles is banned
|rule|Species Clause: Limit one of each Pokémon
|rule|OHKO Clause: OHKO moves are banned
|rule|Evasion Items Clause: Evasion items are banned
|rule|Evasion Moves Clause: Evasion moves are banned
|rule|Evasion Abilities Clause: Evasion abilities are banned
|rule|Sleep Moves Clause: Sleep-inducing moves are banned
|clearpoke
|poke|p1|Rillaboom, F|
|poke|p1|Hawlucha, F|
|poke|p1|Dragapult, F|
|poke|p1|Iron Treads|
|poke|p1|Kyurem|
|poke|p1|Manaphy|
|poke|p2|Rampardos, F|
|poke|p2|Hatterene, F|
|poke|p2|Zapdos|
|poke|p2|Kingambit, M|
|poke|p2|Ursaluna, M|
|poke|p2|Primarina, M|
|teampreview
|inactive|Battle timer is ON: inactive players will automatically lose when time's up. (requested by volttum)
|
|t:|1779559362
|teamsize|p1|6
|teamsize|p2|6
|start
|switch|p1a: Manaphy|Manaphy|100/100
|switch|p2a: Uno|Zapdos|100/100
|turn|1
|
|t:|1779559372
|-terastallize|p1a: Manaphy|Ground
|move|p1a: Manaphy|Tail Glow|p1a: Manaphy
|-boost|p1a: Manaphy|spa|3
|move|p2a: Uno|Thunder|p1a: Manaphy
|-immune|p1a: Manaphy
|
|upkeep
|turn|2
|
|t:|1779559382
|move|p1a: Manaphy|Tail Glow|p1a: Manaphy
|-boost|p1a: Manaphy|spa|3
|move|p2a: Uno|Light Screen|p2a: Uno
|-sidestart|p2: fluxkstow|move: Light Screen
|
|upkeep
|turn|3
|j| Tny205
|
|t:|1779559388
|move|p1a: Manaphy|Ice Beam|p2a: Uno
|-supereffective|p2a: Uno
|-damage|p2a: Uno|7/100
|move|p2a: Uno|Hurricane|p1a: Manaphy
|-damage|p1a: Manaphy|54/100
|
|upkeep
|turn|4
|
|t:|1779559396
|move|p1a: Manaphy|Stored Power|p2a: Uno
|-damage|p2a: Uno|0 fnt
|faint|p2a: Uno
|
|upkeep
|
|t:|1779559398
|switch|p2a: Screne|Hatterene, F, shiny|100/100
|turn|5
|
|t:|1779559407
|move|p1a: Manaphy|Scald|p2a: Screne
|-damage|p2a: Screne|29/100
|move|p2a: Screne|Trick Room|p2a: Screne
|-fieldstart|move: Trick Room|[of] p2a: Screne
|
|-heal|p2a: Screne|35/100|[from] item: Leftovers
|upkeep
|turn|6
|
|t:|1779559414
|switch|p2a: Primadona|Primarina, M|100/100
|move|p1a: Manaphy|Scald|p2a: Primadona
|-resisted|p2a: Primadona
|-damage|p2a: Primadona|82/100
|
|-sideend|p2: fluxkstow|move: Light Screen
|upkeep
|turn|7
|
|t:|1779559421
|move|p2a: Primadona|Surf|p1a: Manaphy
|-supereffective|p1a: Manaphy
|-damage|p1a: Manaphy|0 fnt
|faint|p1a: Manaphy
|
|upkeep
|
|t:|1779559424
|switch|p1a: Rillaboom|Rillaboom, F|100/100
|-fieldstart|move: Grassy Terrain|[from] ability: Grassy Surge|[of] p1a: Rillaboom
|turn|8
|
|t:|1779559430
|switch|p2a: Gen 9 OU|Kingambit, M|100/100
|-activate|p2a: Gen 9 OU|ability: Supreme Overlord
|-start|p2a: Gen 9 OU|fallen1|[silent]
|move|p1a: Rillaboom|Swords Dance|p1a: Rillaboom
|-boost|p1a: Rillaboom|atk|2
|
|upkeep
|turn|9
|
|t:|1779559436
|move|p2a: Gen 9 OU|Iron Head|p1a: Rillaboom
|-damage|p1a: Rillaboom|47/100
|move|p1a: Rillaboom|Knock Off|p2a: Gen 9 OU
|-resisted|p2a: Gen 9 OU
|-damage|p2a: Gen 9 OU|74/100
|-enditem|p2a: Gen 9 OU|Leftovers|[from] move: Knock Off|[of] p1a: Rillaboom
|
|-heal|p2a: Gen 9 OU|80/100|[from] Grassy Terrain
|-heal|p1a: Rillaboom|53/100|[from] Grassy Terrain
|-fieldend|move: Trick Room
|upkeep
|turn|10
|
|t:|1779559442
|move|p1a: Rillaboom|Wood Hammer|p2a: Gen 9 OU
|-resisted|p2a: Gen 9 OU
|-damage|p2a: Gen 9 OU|18/100
|-damage|p1a: Rillaboom|30/100|[from] Recoil
|move|p2a: Gen 9 OU|Iron Head|p1a: Rillaboom
|-damage|p1a: Rillaboom|0 fnt
|faint|p1a: Rillaboom
|
|-heal|p2a: Gen 9 OU|24/100|[from] Grassy Terrain
|upkeep
|
|t:|1779559450
|switch|p1a: Hawlucha|Hawlucha, F|100/100
|-enditem|p1a: Hawlucha|Grassy Seed
|-boost|p1a: Hawlucha|def|1|[from] item: Grassy Seed
|turn|11
|
|t:|1779559457
|move|p1a: Hawlucha|Flying Press|p2a: Gen 9 OU
|-supereffective|p2a: Gen 9 OU
|-damage|p2a: Gen 9 OU|0 fnt
|faint|p2a: Gen 9 OU
|-end|p2a: Gen 9 OU|fallen1|[silent]
|
|upkeep
|
|t:|1779559463
|switch|p2a: Primadona|Primarina, M|82/100
|turn|12
|
|t:|1779559468
|move|p1a: Hawlucha|Acrobatics|p2a: Primadona
|-damage|p2a: Primadona|27/100
|move|p2a: Primadona|Moonblast|p1a: Hawlucha
|-supereffective|p1a: Hawlucha
|-damage|p1a: Hawlucha|0 fnt
|faint|p1a: Hawlucha
|
|-heal|p2a: Primadona|33/100|[from] Grassy Terrain
|-fieldend|move: Grassy Terrain
|upkeep
|
|t:|1779559476
|switch|p1a: Kyurem|Kyurem|100/100
|-ability|p1a: Kyurem|Pressure
|turn|13
|
|t:|1779559482
|-terastallize|p2a: Primadona|Steel
|move|p1a: Kyurem|Freeze-Dry|p2a: Primadona
|-resisted|p2a: Primadona
|-damage|p2a: Primadona|23/100
|move|p2a: Primadona|Moonblast|p1a: Kyurem
|-supereffective|p1a: Kyurem
|-damage|p1a: Kyurem|26/100
|-unboost|p1a: Kyurem|spa|1
|
|upkeep
|turn|14
|
|t:|1779559490
|move|p1a: Kyurem|Earth Power|p2a: Primadona
|-supereffective|p2a: Primadona
|-damage|p2a: Primadona|0 fnt
|faint|p2a: Primadona
|
|upkeep
|
|t:|1779559505
|switch|p2a: Screne|Hatterene, F, shiny|35/100
|turn|15
|
|t:|1779559513
|move|p1a: Kyurem|Ice Beam|p2a: Screne
|-crit|p2a: Screne
|-damage|p2a: Screne|0 fnt
|faint|p2a: Screne
|
|upkeep
|
|t:|1779559527
|switch|p2a: Nicholas|Rampardos, F|100/100
|turn|16
|
|t:|1779559532
|move|p2a: Nicholas|Earthquake|p1a: Kyurem
|-damage|p1a: Kyurem|0 fnt
|faint|p1a: Kyurem
|
|upkeep
|
|t:|1779559536
|switch|p1a: Dragapult|Dragapult, F|100/100
|turn|17
|
|t:|1779559540
|switch|p2a: The Bear|Ursaluna, M|100/100
|move|p1a: Dragapult|Will-O-Wisp|p2a: The Bear
|-status|p2a: The Bear|brn
|
|-damage|p2a: The Bear|94/100 brn|[from] brn
|upkeep
|turn|18
|
|t:|1779559551
|move|p1a: Dragapult|Dragon Darts|p2a: The Bear
|-crit|p2a: The Bear
|-damage|p2a: The Bear|74/100 brn
|-anim|p1a: Dragapult|Dragon Darts|p2a: The Bear
|-damage|p2a: The Bear|59/100 brn
|move|p2a: The Bear|Headlong Rush|p1a: Dragapult
|-damage|p1a: Dragapult|0 fnt
|-unboost|p2a: The Bear|def|1
|-unboost|p2a: The Bear|spd|1
|faint|p1a: Dragapult
|
|-damage|p2a: The Bear|53/100 brn|[from] brn
|upkeep
|
|t:|1779559558
|switch|p1a: Iron Treads|Iron Treads|100/100
|-enditem|p1a: Iron Treads|Booster Energy
|-activate|p1a: Iron Treads|ability: Quark Drive|[fromitem]
|-start|p1a: Iron Treads|quarkdrivespe
|turn|19
|
|t:|1779559570
|move|p1a: Iron Treads|Earthquake|p2a: The Bear
|-damage|p2a: The Bear|1/100 brn
|move|p2a: The Bear|Headlong Rush|p1a: Iron Treads
|-supereffective|p1a: Iron Treads
|-damage|p1a: Iron Treads|0 fnt
|-unboost|p2a: The Bear|def|1
|-unboost|p2a: The Bear|spd|1
|faint|p1a: Iron Treads
|-end|p1a: Iron Treads|Quark Drive|[silent]
|
|win|fluxkstow
|raw|volttum's rating: 1364 &rarr; <strong>1342</strong><br />(-22 for losing)
|raw|fluxkstow's rating: 1330 &rarr; <strong>1352</strong><br />(+22 for winning)
|l|☆fluxkstow
|player|p2|
|l|☆volttum
|player|p1|
