|j|☆gaminf67
|j|☆npctypebeat
|t:|1779589308
|gametype|singles
|player|p1|gaminf67|hilbert|1103
|player|p2|npctypebeat|2|1151
|gen|9
|tier|[Gen 9] OU
|rated|
|rule|HP Percentage Mod: HP is shown in percentages
|rule|Endless Battle Clause: Forcing endless battles is banned
|rule|Species Clause: Limit one of each Pokémon
|rule|OHKO Clause: OHKO moves are banned
|rule|Evasion Items Clause: Evasion items are banned
|rule|Evasion Moves Clause: Evasion moves are banned
|rule|Evasion Abilities Clause: Evasion abilities are banned
|rule|Sleep Moves Clause: Sleep-inducing moves are banned
|clearpoke
|poke|p1|Zamazenta-*|
|poke|p1|Gholdengo|
|poke|p1|Kingambit, M|
|poke|p1|Primarina, M|
|poke|p1|Kyurem|
|poke|p1|Great Tusk|
|poke|p2|Gliscor, F|
|poke|p2|Gholdengo|
|poke|p2|Zamazenta-*|
|poke|p2|Blissey, F|
|poke|p2|Skarmory, F|
|poke|p2|Pecharunt|
|teampreview
|c|☆npctypebeat|hf
|inactive|Battle timer is ON: inactive players will automatically lose when time's up. (requested by gaminf67)
|
|t:|1779589322
|teamsize|p1|6
|teamsize|p2|6
|start
|switch|p1a: Primarina|Primarina, M|100/100
|switch|p2a: Skarmory|Skarmory, F|100/100
|turn|1
|inactive|npctypebeat also wants the timer to be on.
|c|☆gaminf67|Glhf
|inactive|npctypebeat has 120 seconds left.
|
|t:|1779589354
|switch|p1a: Great Tusk|Great Tusk|100/100
|-enditem|p1a: Great Tusk|Booster Energy
|-activate|p1a: Great Tusk|ability: Protosynthesis|[fromitem]
|-start|p1a: Great Tusk|protosynthesisspe
|move|p2a: Skarmory|Spikes|p1a: Great Tusk
|-sidestart|p1: gaminf67|Spikes
|
|upkeep
|turn|2
|inactive|npctypebeat has 120 seconds left.
|
|t:|1779589369
|move|p1a: Great Tusk|Rapid Spin|p2a: Skarmory
|-resisted|p2a: Skarmory
|-damage|p2a: Skarmory|96/100
|-boost|p1a: Great Tusk|spe|1
|-sideend|p1: gaminf67|Spikes|[from] move: Rapid Spin|[of] p1a: Great Tusk
|move|p2a: Skarmory|Spikes|p1a: Great Tusk
|-sidestart|p1: gaminf67|Spikes
|
|upkeep
|turn|3
|inactive|npctypebeat has 120 seconds left.
|
|t:|1779589379
|move|p1a: Great Tusk|Bulk Up|p1a: Great Tusk
|-boost|p1a: Great Tusk|atk|1
|-boost|p1a: Great Tusk|def|1
|move|p2a: Skarmory|Body Press|p1a: Great Tusk
|-crit|p1a: Great Tusk
|-damage|p1a: Great Tusk|73/100
|
|upkeep
|turn|4
|
|t:|1779589385
|move|p1a: Great Tusk|Bulk Up|p1a: Great Tusk
|-boost|p1a: Great Tusk|atk|1
|-boost|p1a: Great Tusk|def|1
|move|p2a: Skarmory|Whirlwind|p1a: Great Tusk
|-end|p1a: Great Tusk|Protosynthesis|[silent]
|drag|p1a: Kingambit|Kingambit, M|100/100
|-damage|p1a: Kingambit|88/100|[from] Spikes
|
|-heal|p1a: Kingambit|94/100|[from] item: Leftovers
|upkeep
|turn|5
|
|t:|1779589394
|move|p2a: Skarmory|Spikes|p1a: Kingambit
|-sidestart|p1: gaminf67|Spikes
|move|p1a: Kingambit|Kowtow Cleave|p2a: Skarmory
|-damage|p2a: Skarmory|62/100
|
|-heal|p1a: Kingambit|100/100|[from] item: Leftovers
|upkeep
|turn|6
|
|t:|1779589414
|move|p1a: Kingambit|Swords Dance|p1a: Kingambit
|-boost|p1a: Kingambit|atk|2
|move|p2a: Skarmory|Whirlwind|p1a: Kingambit
|-end|p1a: Kingambit|fallenundefined|[silent]
|drag|p1a: Primarina|Primarina, M|100/100
|-damage|p1a: Primarina|84/100|[from] Spikes
|
|upkeep
|turn|7
|
|t:|1779589422
|move|p1a: Primarina|Whirlpool|p2a: Skarmory
|-crit|p2a: Skarmory
|-damage|p2a: Skarmory|21/100
|-activate|p2a: Skarmory|move: Whirlpool|[of] p1a: Primarina
|move|p2a: Skarmory|Whirlwind|p1a: Primarina
|drag|p1a: Kyurem|Kyurem|100/100
|-damage|p1a: Kyurem|84/100|[from] Spikes
|-ability|p1a: Kyurem|Pressure
|
|-end|p2a: Skarmory|Whirlpool|[partiallytrapped]|[silent]
|upkeep
|turn|8
|
|t:|1779589432
|switch|p2a: Blissey|Blissey, F|100/100
|move|p1a: Kyurem|Freeze-Dry|p2a: Blissey
|-damage|p2a: Blissey|85/100
|
|upkeep
|turn|9
|
|t:|1779589459
|switch|p1a: Zamazenta|Zamazenta|100/100
|-damage|p1a: Zamazenta|84/100|[from] Spikes
|-ability|p1a: Zamazenta|Dauntless Shield|boost
|-boost|p1a: Zamazenta|def|1
|move|p2a: Blissey|Stealth Rock|p1a: Zamazenta
|-sidestart|p1: gaminf67|move: Stealth Rock
|
|-heal|p1a: Zamazenta|90/100|[from] item: Leftovers
|upkeep
|turn|10
|
|t:|1779589469
|switch|p2a: Pecharunt|Pecharunt|100/100
|move|p1a: Zamazenta|Iron Defense|p1a: Zamazenta
|-boost|p1a: Zamazenta|def|2
|
|-heal|p1a: Zamazenta|96/100|[from] item: Leftovers
|upkeep
|turn|11
|
|t:|1779589475
|move|p1a: Zamazenta|Crunch|p2a: Pecharunt
|-supereffective|p2a: Pecharunt
|-damage|p2a: Pecharunt|78/100
|move|p2a: Pecharunt|Parting Shot|p1a: Zamazenta
|-unboost|p1a: Zamazenta|atk|1
|-unboost|p1a: Zamazenta|spa|1
|
|t:|1779589488
|switch|p2a: Gholdengo|Gholdengo|100/100|[from] Parting Shot
|
|-heal|p1a: Zamazenta|100/100|[from] item: Leftovers
|upkeep
|turn|12
|
|t:|1779589507
|move|p2a: Gholdengo|Hex|p1a: Zamazenta
|-damage|p1a: Zamazenta|77/100
|move|p1a: Zamazenta|Roar|p2a: Gholdengo
|-immune|p2a: Gholdengo|[from] ability: Good as Gold
|
|-heal|p1a: Zamazenta|83/100|[from] item: Leftovers
|upkeep
|turn|13
|inactive|npctypebeat has 120 seconds left.
|
|t:|1779589542
|switch|p1a: Kingambit|Kingambit, M|100/100
|-damage|p1a: Kingambit|84/100|[from] Spikes
|-damage|p1a: Kingambit|78/100|[from] Stealth Rock
|move|p2a: Gholdengo|Hex|p1a: Kingambit
|-resisted|p1a: Kingambit
|-damage|p1a: Kingambit|61/100
|
|-heal|p1a: Kingambit|67/100|[from] item: Leftovers
|upkeep
|turn|14
|l|☆npctypebeat
|inactive|npctypebeat disconnected and has a minute to reconnect!
|player|p2|
|j|☆npctypebeat
|inactive|npctypebeat reconnected and has 120 seconds left.
|player|p2|npctypebeat|2|
|inactive|npctypebeat has 90 seconds left.
|inactive|gaminf67 has 120 seconds left.
|inactive|npctypebeat has 60 seconds left.
|inactive|npctypebeat has 30 seconds left.
|inactive|npctypebeat has 20 seconds left.
|inactive|npctypebeat has 15 seconds left.
|inactive|npctypebeat has 10 seconds left.
|inactive|npctypebeat has 5 seconds left.
|-message|npctypebeat lost due to inactivity.
|
|win|gaminf67
|raw|gaminf67's rating: 1103 &rarr; <strong>1132</strong><br />(+29 for winning)
|raw|npctypebeat's rating: 1166 &rarr; <strong>1137</strong><br />(-29 for losing)
|c|☆npctypebeat|gg
|l|☆gaminf67
|player|p1|
