|j|☆vvvvbn
|j|☆hieunvt91233
|t:|1779697704
|gametype|singles
|player|p1|vvvvbn|102|1175
|player|p2|hieunvt91233|170|1126
|gen|9
|tier|[Gen 9] OU
|rated|
|rule|HP Percentage Mod: HP is shown in percentages
|rule|Endless Battle Clause: Forcing endless battles is banned
|rule|Species Clause: Limit one of each Pokémon
|rule|OHKO Clause: OHKO moves are banned
|rule|Evasion Items Clause: Evasion items are banned
|rule|Evasion Moves Clause: Evasion moves are banned
|rule|Evasion Abilities Clause: Evasion abilities are banned
|rule|Sleep Moves Clause: Sleep-inducing moves are banned
|clearpoke
|poke|p1|Pelipper, M|
|poke|p1|Masquerain, M|
|poke|p1|Araquanid, M|
|poke|p1|Hatterene, F|
|poke|p1|Great Tusk|
|poke|p1|Incineroar, M|
|poke|p2|Scizor, F|
|poke|p2|Glimmora, F|
|poke|p2|Meowscarada, F|
|poke|p2|Ambipom, M|
|poke|p2|Heatran, M|
|poke|p2|Alomomola, F|
|teampreview
|
|t:|1779697720
|teamsize|p1|6
|teamsize|p2|6
|start
|switch|p1a: Pelipper|Pelipper, M|100/100
|switch|p2a: Ambipom|Ambipom, M|100/100
|-weather|RainDance|[from] ability: Drizzle|[of] p1a: Pelipper
|turn|1
|
|t:|1779697735
|switch|p1a: Incineroar|Incineroar, M|100/100
|-ability|p1a: Incineroar|Intimidate|boost
|-unboost|p2a: Ambipom|atk|1
|move|p2a: Ambipom|Fake Out|p1a: Incineroar
|-damage|p1a: Incineroar|82/100
|
|-weather|RainDance|[upkeep]
|upkeep
|turn|2
|
|t:|1779697747
|switch|p2a: Glimmora|Glimmora, F|100/100
|move|p1a: Incineroar|Parting Shot|p2a: Glimmora
|-unboost|p2a: Glimmora|atk|1
|-unboost|p2a: Glimmora|spa|1
|
|t:|1779697754
|switch|p1a: Masquerain|Masquerain, M|100/100|[from] Parting Shot
|-ability|p1a: Masquerain|Intimidate|boost
|-unboost|p2a: Glimmora|atk|1
|
|-weather|RainDance|[upkeep]
|upkeep
|turn|3
|
|t:|1779697766
|switch|p2a: Alomomola|Alomomola, F|100/100
|move|p1a: Masquerain|Quiver Dance|p1a: Masquerain
|-boost|p1a: Masquerain|spa|1
|-boost|p1a: Masquerain|spd|1
|-boost|p1a: Masquerain|spe|1
|
|-weather|RainDance|[upkeep]
|upkeep
|turn|4
|
|t:|1779697778
|move|p1a: Masquerain|Quiver Dance|p1a: Masquerain
|-boost|p1a: Masquerain|spa|1
|-boost|p1a: Masquerain|spd|1
|-boost|p1a: Masquerain|spe|1
|move|p2a: Alomomola|Mirror Coat||[still]
|-fail|p2a: Alomomola
|
|-weather|RainDance|[upkeep]
|upkeep
|turn|5
|
|t:|1779697787
|move|p1a: Masquerain|Quiver Dance|p1a: Masquerain
|-boost|p1a: Masquerain|spa|1
|-boost|p1a: Masquerain|spd|1
|-boost|p1a: Masquerain|spe|1
|move|p2a: Alomomola|Wish|p2a: Alomomola
|
|-weather|none
|upkeep
|turn|6
|
|t:|1779697794
|move|p1a: Masquerain|Quiver Dance|p1a: Masquerain
|-boost|p1a: Masquerain|spa|1
|-boost|p1a: Masquerain|spd|1
|-boost|p1a: Masquerain|spe|1
|move|p2a: Alomomola|Mirror Coat||[still]
|-fail|p2a: Alomomola
|
|upkeep
|turn|7
|
|t:|1779697802
|move|p1a: Masquerain|Quiver Dance|p1a: Masquerain
|-boost|p1a: Masquerain|spa|1
|-boost|p1a: Masquerain|spd|1
|-boost|p1a: Masquerain|spe|1
|move|p2a: Alomomola|Mirror Coat||[still]
|-fail|p2a: Alomomola
|
|upkeep
|turn|8
|
|t:|1779697809
|move|p1a: Masquerain|Quiver Dance|p1a: Masquerain
|-boost|p1a: Masquerain|spa|1
|-boost|p1a: Masquerain|spd|1
|-boost|p1a: Masquerain|spe|1
|move|p2a: Alomomola|Mirror Coat||[still]
|-fail|p2a: Alomomola
|
|upkeep
|turn|9
|
|t:|1779697817
|move|p1a: Masquerain|Quiver Dance|p1a: Masquerain
|-boost|p1a: Masquerain|spa|0
|-boost|p1a: Masquerain|spd|0
|-boost|p1a: Masquerain|spe|0
|move|p2a: Alomomola|Mirror Coat||[still]
|-fail|p2a: Alomomola
|
|upkeep
|turn|10
|
|t:|1779697824
|move|p1a: Masquerain|Quiver Dance|p1a: Masquerain
|-boost|p1a: Masquerain|spa|0
|-boost|p1a: Masquerain|spd|0
|-boost|p1a: Masquerain|spe|0
|move|p2a: Alomomola|Mirror Coat||[still]
|-fail|p2a: Alomomola
|
|upkeep
|turn|11
|
|t:|1779697832
|move|p1a: Masquerain|Hurricane|p2a: Alomomola|[miss]
|-miss|p1a: Masquerain|p2a: Alomomola
|move|p2a: Alomomola|Mirror Coat||[still]
|-fail|p2a: Alomomola
|
|upkeep
|turn|12
|
|t:|1779697839
|move|p1a: Masquerain|Quiver Dance|p1a: Masquerain
|-boost|p1a: Masquerain|spa|0
|-boost|p1a: Masquerain|spd|0
|-boost|p1a: Masquerain|spe|0
|move|p2a: Alomomola|Mirror Coat||[still]
|-fail|p2a: Alomomola
|
|upkeep
|turn|13
|inactive|Battle timer is ON: inactive players will automatically lose when time's up. (requested by hieunvt91233)
|
|t:|1779697846
|move|p1a: Masquerain|Quiver Dance|p1a: Masquerain
|-boost|p1a: Masquerain|spa|0
|-boost|p1a: Masquerain|spd|0
|-boost|p1a: Masquerain|spe|0
|move|p2a: Alomomola|Mirror Coat||[still]
|-fail|p2a: Alomomola
|
|upkeep
|turn|14
|
|t:|1779697854
|move|p1a: Masquerain|Hurricane|p2a: Alomomola
|-damage|p2a: Alomomola|0 fnt
|faint|p2a: Alomomola
|-damage|p1a: Masquerain|91/100|[from] item: Life Orb
|
|upkeep
|
|t:|1779697860
|switch|p2a: Ambipom|Ambipom, M|100/100
|turn|15
|
|t:|1779697864
|move|p2a: Ambipom|Fake Out|p1a: Masquerain
|-damage|p1a: Masquerain|26/100
|cant|p1a: Masquerain|flinch
|
|upkeep
|turn|16
|
|t:|1779697870
|move|p1a: Masquerain|Hurricane|p2a: Ambipom
|-damage|p2a: Ambipom|0 fnt
|faint|p2a: Ambipom
|-damage|p1a: Masquerain|16/100|[from] item: Life Orb
|
|upkeep
|
|t:|1779697875
|switch|p2a: Scizor|Scizor, F|100/100
|turn|17
|
|t:|1779697879
|move|p2a: Scizor|Bullet Punch|p1a: Masquerain
|-damage|p1a: Masquerain|0 fnt
|faint|p1a: Masquerain
|
|upkeep
|c|☆hieunvt91233|nguuu lồn
|-message|hieunvt91233 forfeited.
|
|win|vvvvbn
|raw|vvvvbn's rating: 1175 &rarr; <strong>1196</strong><br />(+21 for winning)
|raw|hieunvt91233's rating: 1126 &rarr; <strong>1105</strong><br />(-21 for losing)
|l|☆hieunvt91233
|player|p2|
|l|☆vvvvbn
|player|p1|
