|j|‽AresGames629
|j|☆Fear covraa
|t:|1779575677
|gametype|singles
|player|p1|AresGames629|red|1351
|player|p2|Fear covraa|waiter-gen4|1367
|gen|9
|tier|[Gen 9] OU
|rated|
|rule|HP Percentage Mod: HP is shown in percentages
|rule|Endless Battle Clause: Forcing endless battles is banned
|rule|Species Clause: Limit one of each Pokémon
|rule|OHKO Clause: OHKO moves are banned
|rule|Evasion Items Clause: Evasion items are banned
|rule|Evasion Moves Clause: Evasion moves are banned
|rule|Evasion Abilities Clause: Evasion abilities are banned
|rule|Sleep Moves Clause: Sleep-inducing moves are banned
|clearpoke
|poke|p1|Zamazenta-*|
|poke|p1|Iron Valiant|
|poke|p1|Dragapult, M|
|poke|p1|Gliscor, F|
|poke|p1|Scizor, M|
|poke|p1|Great Tusk|
|poke|p2|Ceruledge, F|
|poke|p2|Thundurus, M|
|poke|p2|Polteageist-Antique|
|poke|p2|Glimmora, M|
|poke|p2|Darkrai|
|poke|p2|Zamazenta-*|
|teampreview
|inactive|Battle timer is ON: inactive players will automatically lose when time's up. (requested by Fear covraa)
|
|t:|1779575685
|teamsize|p1|6
|teamsize|p2|6
|start
|switch|p1a: Great Tusk|Great Tusk|100/100
|switch|p2a: Glimmora|Glimmora, M|100/100
|turn|1
|
|t:|1779575691
|move|p1a: Great Tusk|Stealth Rock|p2a: Glimmora
|-sidestart|p2: Fear covraa|move: Stealth Rock
|move|p2a: Glimmora|Stealth Rock|p1a: Great Tusk
|-sidestart|p1: AresGames629|move: Stealth Rock
|
|upkeep
|turn|2
|
|t:|1779575702
|move|p1a: Great Tusk|Earthquake|p2a: Glimmora
|-supereffective|p2a: Glimmora
|-enditem|p2a: Glimmora|Focus Sash
|-damage|p2a: Glimmora|1/100
|-activate|p2a: Glimmora|ability: Toxic Debris
|-sidestart|p1: AresGames629|move: Toxic Spikes
|move|p2a: Glimmora|Mortal Spin|p1a: Great Tusk
|-resisted|p1a: Great Tusk
|-damage|p1a: Great Tusk|98/100
|-status|p1a: Great Tusk|psn
|-sideend|p2: Fear covraa|Stealth Rock|[from] move: Mortal Spin|[of] p2a: Glimmora
|
|-damage|p1a: Great Tusk|86/100 psn|[from] psn
|upkeep
|turn|3
|
|t:|1779575705
|move|p1a: Great Tusk|Rapid Spin|p2a: Glimmora
|-resisted|p2a: Glimmora
|-damage|p2a: Glimmora|0 fnt
|-boost|p1a: Great Tusk|spe|1
|-activate|p2a: Glimmora|ability: Toxic Debris
|-sidestart|p1: AresGames629|move: Toxic Spikes
|-sideend|p1: AresGames629|Toxic Spikes|[from] move: Rapid Spin|[of] p1a: Great Tusk
|-sideend|p1: AresGames629|Stealth Rock|[from] move: Rapid Spin|[of] p1a: Great Tusk
|faint|p2a: Glimmora
|
|-damage|p1a: Great Tusk|73/100 psn|[from] psn
|upkeep
|
|t:|1779575714
|switch|p2a: Polteageist|Polteageist-Antique|100/100
|turn|4
|
|t:|1779575717
|move|p1a: Great Tusk|Knock Off|p2a: Polteageist
|-supereffective|p2a: Polteageist
|-enditem|p2a: Polteageist|Focus Sash
|-damage|p2a: Polteageist|1/100
|-ability|p2a: Polteageist|Weak Armor|boost
|-unboost|p2a: Polteageist|def|1
|-boost|p2a: Polteageist|spe|2
|move|p2a: Polteageist|Shell Smash|p2a: Polteageist
|-unboost|p2a: Polteageist|def|1
|-unboost|p2a: Polteageist|spd|1
|-boost|p2a: Polteageist|atk|2
|-boost|p2a: Polteageist|spa|2
|-boost|p2a: Polteageist|spe|2
|
|-damage|p1a: Great Tusk|61/100 psn|[from] psn
|upkeep
|turn|5
|
|t:|1779575720
|move|p2a: Polteageist|Stored Power|p1a: Great Tusk
|-supereffective|p1a: Great Tusk
|-damage|p1a: Great Tusk|0 fnt
|faint|p1a: Great Tusk
|-end|p1a: Great Tusk|Protosynthesis|[silent]
|
|upkeep
|
|t:|1779575723
|switch|p1a: Scizor|Scizor, M|100/100
|turn|6
|
|t:|1779575726
|move|p1a: Scizor|Bullet Punch|p2a: Polteageist
|-damage|p2a: Polteageist|0 fnt
|faint|p2a: Polteageist
|-damage|p1a: Scizor|91/100|[from] item: Life Orb
|
|upkeep
|
|t:|1779575729
|switch|p2a: Ceruledge|Ceruledge, F|100/100
|turn|7
|
|t:|1779575739
|switch|p1a: Zamazenta|Zamazenta|100/100
|-ability|p1a: Zamazenta|Dauntless Shield|boost
|-boost|p1a: Zamazenta|def|1
|move|p2a: Ceruledge|Swords Dance|p2a: Ceruledge
|-boost|p2a: Ceruledge|atk|2
|
|upkeep
|turn|8
|
|t:|1779575746
|move|p1a: Zamazenta|Crunch|p2a: Ceruledge
|-supereffective|p2a: Ceruledge
|-damage|p2a: Ceruledge|41/100
|-ability|p2a: Ceruledge|Weak Armor|boost
|-unboost|p2a: Ceruledge|def|1
|-boost|p2a: Ceruledge|spe|2
|move|p2a: Ceruledge|Poltergeist|p1a: Zamazenta
|-activate|p1a: Zamazenta|move: Poltergeist|Leftovers
|-damage|p1a: Zamazenta|46/100
|
|-heal|p1a: Zamazenta|52/100|[from] item: Leftovers
|upkeep
|turn|9
|
|t:|1779575755
|move|p2a: Ceruledge|Bitter Blade|p1a: Zamazenta
|-damage|p1a: Zamazenta|7/100
|-heal|p2a: Ceruledge|71/100|[from] drain|[of] p1a: Zamazenta
|move|p1a: Zamazenta|Crunch|p2a: Ceruledge
|-supereffective|p2a: Ceruledge
|-crit|p2a: Ceruledge
|-damage|p2a: Ceruledge|0 fnt
|faint|p2a: Ceruledge
|
|-heal|p1a: Zamazenta|13/100|[from] item: Leftovers
|upkeep
|
|t:|1779575759
|switch|p2a: Darkrai|Darkrai|100/100
|turn|10
|
|t:|1779575763
|move|p1a: Zamazenta|Body Press|p2a: Darkrai
|-supereffective|p2a: Darkrai
|-enditem|p2a: Darkrai|Focus Sash
|-damage|p2a: Darkrai|1/100
|move|p2a: Darkrai|Dark Pulse|p1a: Zamazenta
|-resisted|p1a: Zamazenta
|-damage|p1a: Zamazenta|0 fnt
|faint|p1a: Zamazenta
|
|upkeep
|
|t:|1779575767
|switch|p1a: Scizor|Scizor, M|91/100
|turn|11
|
|t:|1779575770
|move|p1a: Scizor|Bullet Punch|p2a: Darkrai
|-damage|p2a: Darkrai|0 fnt
|faint|p2a: Darkrai
|-damage|p1a: Scizor|81/100|[from] item: Life Orb
|
|upkeep
|
|t:|1779575771
|switch|p2a: Zamazenta|Zamazenta|100/100
|-ability|p2a: Zamazenta|Dauntless Shield|boost
|-boost|p2a: Zamazenta|def|1
|turn|12
|
|t:|1779575776
|switch|p1a: Dragapult|Dragapult, M, shiny|100/100
|move|p2a: Zamazenta|Iron Defense|p2a: Zamazenta
|-boost|p2a: Zamazenta|def|2
|
|upkeep
|turn|13
|
|t:|1779575778
|move|p1a: Dragapult|Will-O-Wisp|p2a: Zamazenta
|-status|p2a: Zamazenta|brn
|move|p2a: Zamazenta|Crunch|p1a: Dragapult
|-supereffective|p1a: Dragapult
|-damage|p1a: Dragapult|72/100
|
|-damage|p2a: Zamazenta|94/100 brn|[from] brn
|upkeep
|turn|14
|
|t:|1779575782
|move|p1a: Dragapult|Hex|p2a: Zamazenta
|-damage|p2a: Zamazenta|40/100 brn
|move|p2a: Zamazenta|Crunch|p1a: Dragapult
|-supereffective|p1a: Dragapult
|-damage|p1a: Dragapult|46/100
|
|-heal|p2a: Zamazenta|46/100 brn|[from] item: Leftovers
|-damage|p2a: Zamazenta|40/100 brn|[from] brn
|upkeep
|turn|15
|
|t:|1779575784
|move|p1a: Dragapult|Hex|p2a: Zamazenta
|-damage|p2a: Zamazenta|0 fnt
|faint|p2a: Zamazenta
|
|upkeep
|
|t:|1779575786
|switch|p2a: Thundurus|Thundurus, M|100/100
|turn|16
|
|t:|1779575790
|move|p1a: Dragapult|Will-O-Wisp|p2a: Thundurus
|-status|p2a: Thundurus|brn
|move|p2a: Thundurus|Agility|p2a: Thundurus
|-boost|p2a: Thundurus|spe|2
|
|-damage|p2a: Thundurus|94/100 brn|[from] brn
|upkeep
|turn|17
|
|t:|1779575793
|move|p2a: Thundurus|Swagger|p1a: Dragapult
|-boost|p1a: Dragapult|atk|2
|-start|p1a: Dragapult|confusion
|-enditem|p2a: Thundurus|Mirror Herb
|-boost|p2a: Thundurus|atk|2|[from] item: Mirror Herb
|-activate|p1a: Dragapult|confusion
|-damage|p1a: Dragapult|17/100|[from] confusion
|
|-damage|p2a: Thundurus|88/100 brn|[from] brn
|upkeep
|turn|18
|
|t:|1779575801
|move|p2a: Thundurus|Acrobatics|p1a: Dragapult
|-crit|p1a: Dragapult
|-damage|p1a: Dragapult|0 fnt
|faint|p1a: Dragapult
|
|-damage|p2a: Thundurus|82/100 brn|[from] brn
|upkeep
|
|t:|1779575815
|switch|p1a: Scizor|Scizor, M|81/100
|turn|19
|
|t:|1779575818
|move|p1a: Scizor|Bullet Punch|p2a: Thundurus
|-resisted|p2a: Thundurus
|-damage|p2a: Thundurus|50/100 brn
|-damage|p1a: Scizor|71/100|[from] item: Life Orb
|move|p2a: Thundurus|Acrobatics|p1a: Scizor
|-damage|p1a: Scizor|17/100
|
|-damage|p2a: Thundurus|44/100 brn|[from] brn
|upkeep
|turn|20
|
|t:|1779575829
|move|p1a: Scizor|Bullet Punch|p2a: Thundurus
|-resisted|p2a: Thundurus
|-damage|p2a: Thundurus|12/100 brn
|-damage|p1a: Scizor|7/100|[from] item: Life Orb
|move|p2a: Thundurus|Acrobatics|p1a: Scizor
|-damage|p1a: Scizor|0 fnt
|faint|p1a: Scizor
|
|-damage|p2a: Thundurus|6/100 brn|[from] brn
|upkeep
|
|t:|1779575836
|switch|p1a: Iron Valiant|Iron Valiant|100/100
|-enditem|p1a: Iron Valiant|Booster Energy
|-activate|p1a: Iron Valiant|ability: Quark Drive|[fromitem]
|-start|p1a: Iron Valiant|quarkdrivespe
|turn|21
|
|t:|1779575839
|-terastallize|p1a: Iron Valiant|Ground
|move|p2a: Thundurus|Acrobatics|p1a: Iron Valiant
|-damage|p1a: Iron Valiant|29/100
|move|p1a: Iron Valiant|Moonblast|p2a: Thundurus
|-damage|p2a: Thundurus|0 fnt
|faint|p2a: Thundurus
|
|win|AresGames629
|raw|AresGames629's rating: 1351 &rarr; <strong>1372</strong><br />(+21 for winning)
|raw|Fear covraa's rating: 1367 &rarr; <strong>1346</strong><br />(-21 for losing)
|l|☆Fear covraa
|player|p2|
|l|‽AresGames629
|player|p1|
