|j|☆LilDamu
|j|☆DopeyDawg
|t:|1779714052
|gametype|singles
|player|p1|LilDamu|1|1184
|player|p2|DopeyDawg|2|1270
|gen|9
|tier|[Gen 9] OU
|rated|
|rule|HP Percentage Mod: HP is shown in percentages
|rule|Endless Battle Clause: Forcing endless battles is banned
|rule|Species Clause: Limit one of each Pokémon
|rule|OHKO Clause: OHKO moves are banned
|rule|Evasion Items Clause: Evasion items are banned
|rule|Evasion Moves Clause: Evasion moves are banned
|rule|Evasion Abilities Clause: Evasion abilities are banned
|rule|Sleep Moves Clause: Sleep-inducing moves are banned
|clearpoke
|poke|p1|Pelipper, M|
|poke|p1|Iron Treads|
|poke|p1|Barraskewda, F|
|poke|p1|Raging Bolt|
|poke|p1|Talonflame, M|
|poke|p1|Keldeo-Resolute|
|poke|p2|Zoroark, F|
|poke|p2|Ninetales, F|
|poke|p2|Quaquaval, M|
|poke|p2|Venusaur, M|
|poke|p2|Toxapex, F|
|poke|p2|Garchomp, M|
|teampreview
|inactive|Battle timer is ON: inactive players will automatically lose when time's up. (requested by DopeyDawg)
|
|t:|1779714063
|teamsize|p1|6
|teamsize|p2|6
|start
|switch|p1a: Bec qui pend|Pelipper, M|100/100
|switch|p2a: Toxapex|Toxapex, F|100/100
|-weather|RainDance|[from] ability: Drizzle|[of] p1a: Bec qui pend
|turn|1
|
|t:|1779714073
|move|p2a: Toxapex|Focus Blast|p1a: Bec qui pend
|-resisted|p1a: Bec qui pend
|-damage|p1a: Bec qui pend|76/100
|move|p1a: Bec qui pend|U-turn|p2a: Toxapex
|-supereffective|p2a: Toxapex
|-damage|p2a: Toxapex|65/100
|replace|p2a: Zoroark|Zoroark, F
|-end|p2a: Zoroark|Illusion
|
|t:|1779714087
|switch|p1a: Kaideos|Keldeo-Resolute|100/100|[from] U-turn
|
|-weather|RainDance|[upkeep]
|upkeep
|turn|2
|
|t:|1779714098
|switch|p2a: Toxapex|Toxapex, F|100/100
|move|p1a: Kaideos|Secret Sword|p2a: Toxapex
|-resisted|p2a: Toxapex
|-damage|p2a: Toxapex|82/100
|
|-weather|RainDance|[upkeep]
|-heal|p2a: Toxapex|89/100|[from] item: Black Sludge
|upkeep
|turn|3
|
|t:|1779714107
|move|p1a: Kaideos|Flip Turn|p2a: Toxapex
|-resisted|p2a: Toxapex
|-damage|p2a: Toxapex|79/100
|
|t:|1779714126
|switch|p1a: Great Tusk Wish|Iron Treads|100/100|[from] Flip Turn
|-enditem|p1a: Great Tusk Wish|Booster Energy
|-activate|p1a: Great Tusk Wish|ability: Quark Drive|[fromitem]
|-start|p1a: Great Tusk Wish|quarkdrivespe
|move|p2a: Toxapex|Toxic|p1a: Great Tusk Wish
|-immune|p1a: Great Tusk Wish
|
|-weather|RainDance|[upkeep]
|-heal|p2a: Toxapex|86/100|[from] item: Black Sludge
|upkeep
|turn|4
|inactive|DopeyDawg has 120 seconds left.
|
|t:|1779714171
|switch|p2a: Ninetales|Ninetales, F|100/100
|-weather|SunnyDay|[from] ability: Drought|[of] p2a: Ninetales
|move|p1a: Great Tusk Wish|Earthquake|p2a: Ninetales
|-supereffective|p2a: Ninetales
|-damage|p2a: Ninetales|0 fnt
|faint|p2a: Ninetales
|
|-weather|SunnyDay|[upkeep]
|upkeep
|
|t:|1779714181
|switch|p2a: Venusaur|Venusaur, M|100/100
|turn|5
|
|t:|1779714189
|move|p1a: Great Tusk Wish|Stealth Rock|p2a: Venusaur
|-sidestart|p2: DopeyDawg|move: Stealth Rock
|move|p2a: Venusaur|Growth|p2a: Venusaur
|-boost|p2a: Venusaur|atk|2
|-boost|p2a: Venusaur|spa|2
|
|-weather|SunnyDay|[upkeep]
|upkeep
|turn|6
|inactive|DopeyDawg has 120 seconds left.
|
|t:|1779714196
|move|p1a: Great Tusk Wish|Ice Spinner|p2a: Venusaur
|-supereffective|p2a: Venusaur
|-damage|p2a: Venusaur|57/100
|move|p2a: Venusaur|Earth Power|p1a: Great Tusk Wish
|-supereffective|p1a: Great Tusk Wish
|-damage|p1a: Great Tusk Wish|0 fnt
|faint|p1a: Great Tusk Wish
|-end|p1a: Great Tusk Wish|Quark Drive|[silent]
|
|-weather|SunnyDay|[upkeep]
|-heal|p2a: Venusaur|63/100|[from] item: Leftovers
|upkeep
|
|t:|1779714202
|switch|p1a: Bec qui pend|Pelipper, M|76/100
|-weather|RainDance|[from] ability: Drizzle|[of] p1a: Bec qui pend
|turn|7
|
|t:|1779714208
|move|p2a: Venusaur|Sunny Day|p2a: Venusaur
|-weather|SunnyDay
|move|p1a: Bec qui pend|Hurricane|p2a: Venusaur
|-supereffective|p2a: Venusaur
|-damage|p2a: Venusaur|2/100
|
|-weather|SunnyDay|[upkeep]
|-heal|p2a: Venusaur|8/100|[from] item: Leftovers
|upkeep
|turn|8
|
|t:|1779714221
|switch|p1a: Kaideos|Keldeo-Resolute|100/100
|move|p2a: Venusaur|Solar Beam||[still]
|-prepare|p2a: Venusaur|Solar Beam
|-anim|p2a: Venusaur|Solar Beam|p1a: Kaideos
|-supereffective|p1a: Kaideos
|-damage|p1a: Kaideos|0 fnt
|faint|p1a: Kaideos
|
|-weather|SunnyDay|[upkeep]
|-heal|p2a: Venusaur|14/100|[from] item: Leftovers
|upkeep
|
|t:|1779714226
|switch|p1a: Bec qui pend|Pelipper, M|76/100
|-weather|RainDance|[from] ability: Drizzle|[of] p1a: Bec qui pend
|turn|9
|
|t:|1779714240
|move|p2a: Venusaur|Sunny Day|p2a: Venusaur
|-weather|SunnyDay
|move|p1a: Bec qui pend|Hurricane|p2a: Venusaur|[miss]
|-miss|p1a: Bec qui pend|p2a: Venusaur
|
|-weather|SunnyDay|[upkeep]
|-heal|p2a: Venusaur|20/100|[from] item: Leftovers
|upkeep
|turn|10
|
|t:|1779714247
|move|p2a: Venusaur|Solar Beam||[still]
|-prepare|p2a: Venusaur|Solar Beam
|-anim|p2a: Venusaur|Solar Beam|p1a: Bec qui pend
|-damage|p1a: Bec qui pend|0 fnt
|faint|p1a: Bec qui pend
|
|-weather|SunnyDay|[upkeep]
|-heal|p2a: Venusaur|26/100|[from] item: Leftovers
|upkeep
|
|t:|1779714252
|switch|p1a: Le Talon Ducul|Talonflame, M|100/100
|turn|11
|
|t:|1779714258
|move|p1a: Le Talon Ducul|Air Slash|p2a: Venusaur
|-supereffective|p2a: Venusaur
|-damage|p2a: Venusaur|0 fnt
|faint|p2a: Venusaur
|
|-weather|SunnyDay|[upkeep]
|upkeep
|
|t:|1779714271
|switch|p2a: Toxapex|Toxapex, F|100/100
|-damage|p2a: Toxapex|88/100|[from] Stealth Rock
|turn|12
|
|t:|1779714278
|-terastallize|p1a: Le Talon Ducul|Flying
|move|p1a: Le Talon Ducul|Air Slash|p2a: Toxapex
|-damage|p2a: Toxapex|40/100
|cant|p2a: Toxapex|flinch
|
|-weather|SunnyDay|[upkeep]
|-heal|p2a: Toxapex|46/100|[from] item: Black Sludge
|upkeep
|turn|13
|inactive|LilDamu has 120 seconds left.
|
|t:|1779714316
|move|p2a: Toxapex|Baneful Bunker|p2a: Toxapex
|-singleturn|p2a: Toxapex|move: Protect
|move|p1a: Le Talon Ducul|Air Slash|p2a: Toxapex
|-activate|p2a: Toxapex|move: Protect
|
|-weather|none
|-heal|p2a: Toxapex|53/100|[from] item: Black Sludge
|upkeep
|turn|14
|
|t:|1779714324
|move|p1a: Le Talon Ducul|Air Slash|p2a: Toxapex
|-damage|p2a: Toxapex|9/100
|move|p2a: Toxapex|Toxic|p1a: Le Talon Ducul
|-status|p1a: Le Talon Ducul|tox
|
|-heal|p2a: Toxapex|15/100|[from] item: Black Sludge
|-damage|p1a: Le Talon Ducul|94/100 tox|[from] psn
|upkeep
|turn|15
|
|t:|1779714337
|move|p2a: Toxapex|Baneful Bunker|p2a: Toxapex
|-singleturn|p2a: Toxapex|move: Protect
|move|p1a: Le Talon Ducul|Air Slash|p2a: Toxapex
|-activate|p2a: Toxapex|move: Protect
|
|-heal|p2a: Toxapex|21/100|[from] item: Black Sludge
|-damage|p1a: Le Talon Ducul|82/100 tox|[from] psn
|upkeep
|turn|16
|
|t:|1779714346
|switch|p2a: Toxapex|Toxapex, F|65/100
|-damage|p2a: Toxapex|52/100|[from] Stealth Rock
|move|p1a: Le Talon Ducul|Air Slash|p2a: Toxapex
|-damage|p2a: Toxapex|0 fnt
|replace|p2a: Zoroark|Zoroark, F
|-end|p2a: Zoroark|Illusion
|faint|p2a: Zoroark
|
|-damage|p1a: Le Talon Ducul|64/100 tox|[from] psn
|upkeep
|
|t:|1779714355
|switch|p2a: Toxapex|Toxapex, F|54/100
|-damage|p2a: Toxapex|42/100|[from] Stealth Rock
|turn|17
|
|t:|1779714361
|switch|p1a: Sophie|Raging Bolt|100/100
|-enditem|p1a: Sophie|Booster Energy
|-activate|p1a: Sophie|ability: Protosynthesis|[fromitem]
|-start|p1a: Sophie|protosynthesisspa
|move|p2a: Toxapex|Baneful Bunker||[still]
|-fail|p2a: Toxapex
|
|-heal|p2a: Toxapex|48/100|[from] item: Black Sludge
|upkeep
|turn|18
|
|t:|1779714382
|move|p2a: Toxapex|Baneful Bunker|p2a: Toxapex
|-singleturn|p2a: Toxapex|move: Protect
|move|p1a: Sophie|Dragon Pulse|p2a: Toxapex
|-activate|p2a: Toxapex|move: Protect
|
|-heal|p2a: Toxapex|54/100|[from] item: Black Sludge
|upkeep
|turn|19
|
|t:|1779714399
|move|p1a: Sophie|Thunder|p2a: Toxapex|[miss]
|-miss|p1a: Sophie|p2a: Toxapex
|move|p2a: Toxapex|Toxic|p1a: Sophie
|-status|p1a: Sophie|tox
|
|-heal|p2a: Toxapex|60/100|[from] item: Black Sludge
|-damage|p1a: Sophie|94/100 tox|[from] psn
|upkeep
|turn|20
|
|t:|1779714407
|move|p2a: Toxapex|Baneful Bunker|p2a: Toxapex
|-singleturn|p2a: Toxapex|move: Protect
|move|p1a: Sophie|Dragon Pulse|p2a: Toxapex
|-activate|p2a: Toxapex|move: Protect
|
|-heal|p2a: Toxapex|67/100|[from] item: Black Sludge
|-damage|p1a: Sophie|82/100 tox|[from] psn
|upkeep
|turn|21
|
|t:|1779714415
|move|p1a: Sophie|Thunder|p2a: Toxapex
|-supereffective|p2a: Toxapex
|-damage|p2a: Toxapex|0 fnt
|faint|p2a: Toxapex
|
|-damage|p1a: Sophie|64/100 tox|[from] psn
|upkeep
|
|t:|1779714421
|switch|p2a: Garchomp|Garchomp, M|100/100
|-damage|p2a: Garchomp|94/100|[from] Stealth Rock
|turn|22
|
|t:|1779714424
|move|p2a: Garchomp|Scale Shot|p1a: Sophie
|-supereffective|p1a: Sophie
|-damage|p1a: Sophie|41/100 tox
|-supereffective|p1a: Sophie
|-damage|p1a: Sophie|14/100 tox
|-supereffective|p1a: Sophie
|-damage|p1a: Sophie|0 fnt
|faint|p1a: Sophie
|-end|p1a: Sophie|Protosynthesis|[silent]
|-hitcount|p1: Sophie|3
|-unboost|p2a: Garchomp|def|1
|-boost|p2a: Garchomp|spe|1
|
|upkeep
|
|t:|1779714430
|switch|p1a: Le Talon Ducul|Talonflame, M, tera:Flying|64/100 tox
|turn|23
|
|t:|1779714437
|move|p2a: Garchomp|Stone Edge|p1a: Le Talon Ducul
|-supereffective|p1a: Le Talon Ducul
|-damage|p1a: Le Talon Ducul|0 fnt
|faint|p1a: Le Talon Ducul
|
|upkeep
|
|t:|1779714441
|switch|p1a: Haskwakoubeh|Barraskewda, F|100/100
|turn|24
|
|t:|1779714447
|-terastallize|p2a: Garchomp|Steel
|move|p2a: Garchomp|Earthquake|p1a: Haskwakoubeh
|-crit|p1a: Haskwakoubeh
|-damage|p1a: Haskwakoubeh|0 fnt
|faint|p1a: Haskwakoubeh
|
|win|DopeyDawg
|raw|LilDamu's rating: 1184 &rarr; <strong>1165</strong><br />(-19 for losing)
|raw|DopeyDawg's rating: 1270 &rarr; <strong>1289</strong><br />(+19 for winning)
|l|☆LilDamu
|player|p1|
|l|☆DopeyDawg
|player|p2|
