|j|☆Mortifi
|j|☆itsjustrps
|t:|1779632841
|gametype|singles
|player|p1|Mortifi|pokemaniac|1582
|player|p2|itsjustrps|102|1561
|gen|9
|tier|[Gen 9] OU
|rated|
|rule|HP Percentage Mod: HP is shown in percentages
|rule|Endless Battle Clause: Forcing endless battles is banned
|rule|Species Clause: Limit one of each Pokémon
|rule|OHKO Clause: OHKO moves are banned
|rule|Evasion Items Clause: Evasion items are banned
|rule|Evasion Moves Clause: Evasion moves are banned
|rule|Evasion Abilities Clause: Evasion abilities are banned
|rule|Sleep Moves Clause: Sleep-inducing moves are banned
|clearpoke
|poke|p1|Zapdos-Galar|
|poke|p1|Slowking-Galar, F|
|poke|p1|Alomomola, M|
|poke|p1|Great Tusk|
|poke|p1|Weavile, M|
|poke|p1|Skarmory, M|
|poke|p2|Corviknight, M|
|poke|p2|Garganacl, F|
|poke|p2|Kyurem|
|poke|p2|Tornadus-Therian, M|
|poke|p2|Dondozo, F|
|poke|p2|Clodsire, M|
|teampreview
|inactive|Battle timer is ON: inactive players will automatically lose when time's up. (requested by itsjustrps)
|
|t:|1779632852
|teamsize|p1|6
|teamsize|p2|6
|start
|switch|p1a: Zapdos|Zapdos-Galar|100/100
|switch|p2a: Tornadus|Tornadus-Therian, M|100/100
|turn|1
|
|t:|1779632858
|switch|p1a: Alomomola|Alomomola, M|100/100
|move|p2a: Tornadus|Knock Off|p1a: Alomomola
|-damage|p1a: Alomomola|91/100
|
|upkeep
|turn|2
|
|t:|1779632869
|move|p2a: Tornadus|U-turn|p1a: Alomomola
|-damage|p1a: Alomomola|80/100
|
|t:|1779632870
|switch|p2a: Corviknight|Corviknight, M|100/100|[from] U-turn
|-ability|p2a: Corviknight|Pressure
|move|p1a: Alomomola|Flip Turn|p2a: Corviknight
|-damage|p2a: Corviknight|86/100
|
|t:|1779632877
|switch|p1a: Slowking|Slowking-Galar, F|100/100|[from] Flip Turn
|
|upkeep
|turn|3
|
|t:|1779632883
|move|p2a: Corviknight|U-turn|p1a: Slowking
|-damage|p1a: Slowking|86/100
|
|t:|1779632885
|switch|p2a: Salty|Garganacl, F|100/100|[from] U-turn
|move|p1a: Slowking|Future Sight|p2a: Salty
|-start|p1a: Slowking|move: Future Sight
|
|upkeep
|turn|4
|
|t:|1779632890
|move|p2a: Salty|Iron Defense|p2a: Salty
|-boost|p2a: Salty|def|2
|-prepare|p1a: Slowking|Chilly Reception|[premajor]
|move|p1a: Slowking|Chilly Reception|p1a: Slowking
|-weather|Snowscape
|
|t:|1779632903
|switch|p1a: Zapdos|Zapdos-Galar|100/100|[from] Chilly Reception
|
|-weather|Snowscape|[upkeep]
|upkeep
|turn|5
|
|t:|1779632915
|move|p1a: Zapdos|Thunderous Kick|p2a: Salty
|-supereffective|p2a: Salty
|-crit|p2a: Salty
|-damage|p2a: Salty|4/100
|-unboost|p2a: Salty|def|1
|move|p2a: Salty|Recover|p2a: Salty
|-heal|p2a: Salty|54/100
|
|-weather|Snowscape|[upkeep]
|-end|p2a: Salty|move: Future Sight
|-damage|p2a: Salty|26/100
|upkeep
|turn|6
|inactive|itsjustrps has 120 seconds left.
|
|t:|1779632960
|-terastallize|p2a: Salty|Ghost
|move|p1a: Zapdos|Thunderous Kick|p2a: Salty
|-immune|p2a: Salty
|move|p2a: Salty|Recover|p2a: Salty
|-heal|p2a: Salty|76/100
|
|-weather|Snowscape|[upkeep]
|upkeep
|turn|7
|
|t:|1779632972
|move|p1a: Zapdos|Knock Off|p2a: Salty
|-supereffective|p2a: Salty
|-damage|p2a: Salty|48/100
|-enditem|p2a: Salty|Heavy-Duty Boots|[from] move: Knock Off|[of] p1a: Zapdos
|move|p2a: Salty|Iron Defense|p2a: Salty
|-boost|p2a: Salty|def|2
|
|-weather|Snowscape|[upkeep]
|upkeep
|turn|8
|
|t:|1779632979
|move|p1a: Zapdos|U-turn|p2a: Salty
|-resisted|p2a: Salty
|-damage|p2a: Salty|44/100
|
|t:|1779632981
|switch|p1a: Skarmory|Skarmory, M|100/100|[from] U-turn
|move|p2a: Salty|Recover|p2a: Salty
|-heal|p2a: Salty|94/100
|
|-weather|none
|upkeep
|turn|9
|
|t:|1779632988
|move|p2a: Salty|Salt Cure|p1a: Skarmory
|-damage|p1a: Skarmory|92/100
|-start|p1a: Skarmory|Salt Cure
|move|p1a: Skarmory|Whirlwind|p2a: Salty
|drag|p2a: Kyurem|Kyurem|100/100
|-ability|p2a: Kyurem|Pressure
|
|-damage|p1a: Skarmory|67/100|[from] Salt Cure
|upkeep
|turn|10
|
|t:|1779632997
|switch|p1a: Slowking|Slowking-Galar, F|100/100
|move|p2a: Kyurem|Substitute|p2a: Kyurem
|-start|p2a: Kyurem|Substitute
|-damage|p2a: Kyurem|75/100
|
|-heal|p2a: Kyurem|82/100|[from] item: Leftovers
|upkeep
|turn|11
|
|t:|1779633005
|move|p2a: Kyurem|Earth Power|p1a: Slowking
|-supereffective|p1a: Slowking
|-damage|p1a: Slowking|66/100
|move|p1a: Slowking|Sludge Bomb|p2a: Kyurem
|-end|p2a: Kyurem|Substitute
|
|-heal|p2a: Kyurem|88/100|[from] item: Leftovers
|upkeep
|turn|12
|
|t:|1779633027
|switch|p2a: Salty|Garganacl, F, tera:Ghost|94/100
|move|p1a: Slowking|Future Sight|p2a: Salty
|-start|p1a: Slowking|move: Future Sight
|
|upkeep
|turn|13
|
|t:|1779633040
|move|p2a: Salty|Iron Defense|p2a: Salty
|-boost|p2a: Salty|def|2
|-prepare|p1a: Slowking|Chilly Reception|[premajor]
|move|p1a: Slowking|Chilly Reception|p1a: Slowking
|-weather|Snowscape
|
|t:|1779633057
|switch|p1a: Skarmory|Skarmory, M|67/100|[from] Chilly Reception
|
|-weather|Snowscape|[upkeep]
|upkeep
|turn|14
|
|t:|1779633067
|move|p2a: Salty|Body Press|p1a: Skarmory
|-damage|p1a: Skarmory|42/100
|-damage|p2a: Salty|78/100|[from] item: Rocky Helmet|[of] p1a: Skarmory
|move|p1a: Skarmory|Whirlwind|p2a: Salty
|drag|p2a: Clodsire|Clodsire, M|100/100
|
|-weather|Snowscape|[upkeep]
|-end|p2a: Clodsire|move: Future Sight
|-supereffective|p2a: Clodsire
|-damage|p2a: Clodsire|54/100
|upkeep
|turn|15
|
|t:|1779633077
|move|p1a: Skarmory|Roost|p1a: Skarmory
|-heal|p1a: Skarmory|92/100
|-singleturn|p1a: Skarmory|move: Roost
|move|p2a: Clodsire|Recover|p2a: Clodsire
|-heal|p2a: Clodsire|100/100
|
|-weather|Snowscape|[upkeep]
|upkeep
|turn|16
|
|t:|1779633087
|switch|p2a: Salty|Garganacl, F, tera:Ghost|78/100
|move|p1a: Skarmory|Spikes|p2a: Salty
|-sidestart|p2: itsjustrps|Spikes
|
|-weather|Snowscape|[upkeep]
|upkeep
|turn|17
|
|t:|1779633094
|switch|p1a: Slowking|Slowking-Galar, F|99/100
|move|p2a: Salty|Salt Cure|p1a: Slowking
|-damage|p1a: Slowking|84/100
|-start|p1a: Slowking|Salt Cure
|
|-weather|none
|-damage|p1a: Slowking|71/100|[from] Salt Cure
|upkeep
|turn|18
|
|t:|1779633101
|move|p2a: Salty|Iron Defense|p2a: Salty
|-boost|p2a: Salty|def|2
|move|p1a: Slowking|Future Sight|p2a: Salty
|-start|p1a: Slowking|move: Future Sight
|
|-damage|p1a: Slowking|59/100|[from] Salt Cure
|upkeep
|turn|19
|
|t:|1779633115
|move|p2a: Salty|Iron Defense|p2a: Salty
|-boost|p2a: Salty|def|2
|-prepare|p1a: Slowking|Chilly Reception|[premajor]
|move|p1a: Slowking|Chilly Reception|p1a: Slowking
|-weather|Snowscape
|
|t:|1779633121
|switch|p1a: Skarmory|Skarmory, M|92/100|[from] Chilly Reception
|
|-weather|Snowscape|[upkeep]
|upkeep
|turn|20
|
|t:|1779633129
|move|p2a: Salty|Body Press|p1a: Skarmory
|-damage|p1a: Skarmory|52/100
|-damage|p2a: Salty|61/100|[from] item: Rocky Helmet|[of] p1a: Skarmory
|move|p1a: Skarmory|Whirlwind|p2a: Salty
|drag|p2a: Clodsire|Clodsire, M|100/100
|
|-weather|Snowscape|[upkeep]
|-end|p2a: Clodsire|move: Future Sight
|-supereffective|p2a: Clodsire
|-damage|p2a: Clodsire|53/100
|upkeep
|turn|21
|
|t:|1779633142
|switch|p1a: Weavile|Weavile, M|100/100
|-ability|p1a: Weavile|Pressure
|move|p2a: Clodsire|Recover|p2a: Clodsire
|-heal|p2a: Clodsire|100/100
|
|-weather|Snowscape|[upkeep]
|upkeep
|turn|22
|
|t:|1779633149
|switch|p2a: Dondozo|Dondozo, F|100/100
|-damage|p2a: Dondozo|88/100|[from] Spikes
|move|p1a: Weavile|Knock Off|p2a: Dondozo
|-crit|p2a: Dondozo
|-damage|p2a: Dondozo|44/100
|-enditem|p2a: Dondozo|Leftovers|[from] move: Knock Off|[of] p1a: Weavile
|
|-weather|Snowscape|[upkeep]
|upkeep
|turn|23
|
|t:|1779633163
|switch|p1a: Slowking|Slowking-Galar, F|92/100
|move|p2a: Dondozo|Rest|p2a: Dondozo
|-status|p2a: Dondozo|slp|[from] move: Rest
|-heal|p2a: Dondozo|100/100 slp|[silent]
|
|-weather|none
|upkeep
|turn|24
|
|t:|1779633170
|switch|p2a: Salty|Garganacl, F, tera:Ghost|61/100
|-damage|p2a: Salty|49/100|[from] Spikes
|move|p1a: Slowking|Future Sight|p2a: Salty
|-start|p1a: Slowking|move: Future Sight
|
|upkeep
|turn|25
|
|t:|1779633176
|move|p2a: Salty|Recover|p2a: Salty
|-heal|p2a: Salty|99/100
|-prepare|p1a: Slowking|Chilly Reception|[premajor]
|move|p1a: Slowking|Chilly Reception|p1a: Slowking
|-weather|Snowscape
|
|t:|1779633193
|switch|p1a: Zapdos|Zapdos-Galar|100/100|[from] Chilly Reception
|
|-weather|Snowscape|[upkeep]
|upkeep
|turn|26
|
|t:|1779633201
|move|p1a: Zapdos|Knock Off|p2a: Salty
|-supereffective|p2a: Salty
|-damage|p2a: Salty|67/100
|move|p2a: Salty|Recover|p2a: Salty
|-heal|p2a: Salty|100/100
|
|-weather|Snowscape|[upkeep]
|-end|p2a: Salty|move: Future Sight
|-damage|p2a: Salty|73/100
|upkeep
|turn|27
|
|t:|1779633210
|move|p1a: Zapdos|U-turn|p2a: Salty
|-resisted|p2a: Salty
|-damage|p2a: Salty|65/100
|
|t:|1779633214
|switch|p1a: Slowking|Slowking-Galar, F|100/100|[from] U-turn
|move|p2a: Salty|Salt Cure|p1a: Slowking
|-damage|p1a: Slowking|87/100
|-start|p1a: Slowking|Salt Cure
|
|-weather|Snowscape|[upkeep]
|-damage|p1a: Slowking|74/100|[from] Salt Cure
|upkeep
|turn|28
|
|t:|1779633222
|move|p2a: Salty|Iron Defense|p2a: Salty
|-boost|p2a: Salty|def|2
|move|p1a: Slowking|Future Sight|p2a: Salty
|-start|p1a: Slowking|move: Future Sight
|
|-weather|Snowscape|[upkeep]
|-damage|p1a: Slowking|62/100|[from] Salt Cure
|upkeep
|turn|29
|
|t:|1779633228
|move|p2a: Salty|Body Press|p1a: Slowking
|-resisted|p1a: Slowking
|-damage|p1a: Slowking|50/100
|-prepare|p1a: Slowking|Chilly Reception|[premajor]
|move|p1a: Slowking|Chilly Reception|p1a: Slowking
|
|t:|1779633234
|switch|p1a: Skarmory|Skarmory, M|52/100|[from] Chilly Reception
|
|-weather|none
|upkeep
|turn|30
|
|t:|1779633238
|move|p1a: Skarmory|Roost|p1a: Skarmory
|-heal|p1a: Skarmory|100/100
|-singleturn|p1a: Skarmory|move: Roost
|move|p2a: Salty|Salt Cure|p1a: Skarmory
|-resisted|p1a: Skarmory
|-crit|p1a: Skarmory
|-damage|p1a: Skarmory|94/100
|-start|p1a: Skarmory|Salt Cure
|
|-end|p2a: Salty|move: Future Sight
|-damage|p2a: Salty|35/100
|-damage|p1a: Skarmory|69/100|[from] Salt Cure
|upkeep
|turn|31
|
|t:|1779633251
|move|p2a: Salty|Recover|p2a: Salty
|-heal|p2a: Salty|85/100
|move|p1a: Skarmory|Whirlwind|p2a: Salty
|drag|p2a: Tornadus|Tornadus-Therian, M|100/100
|
|-damage|p1a: Skarmory|45/100|[from] Salt Cure
|upkeep
|turn|32
|
|t:|1779633258
|switch|p1a: Alomomola|Alomomola, M|100/100
|move|p2a: Tornadus|Taunt|p1a: Alomomola
|-start|p1a: Alomomola|move: Taunt
|
|upkeep
|turn|33
|
|t:|1779633267
|move|p2a: Tornadus|Knock Off|p1a: Alomomola
|-damage|p1a: Alomomola|91/100
|move|p1a: Alomomola|Flip Turn|p2a: Tornadus
|-damage|p2a: Tornadus|81/100
|
|t:|1779633279
|switch|p1a: Weavile|Weavile, M|100/100|[from] Flip Turn
|-ability|p1a: Weavile|Pressure
|
|upkeep
|turn|34
|
|t:|1779633286
|switch|p2a: Dondozo|Dondozo, F|100/100 slp
|-damage|p2a: Dondozo|88/100 slp|[from] Spikes
|move|p1a: Weavile|Knock Off|p2a: Dondozo
|-damage|p2a: Dondozo|66/100 slp
|
|upkeep
|turn|35
|
|t:|1779633297
|switch|p1a: Skarmory|Skarmory, M|45/100
|cant|p2a: Dondozo|slp
|move|p2a: Dondozo|Sleep Talk|p2a: Dondozo
|move|p2a: Dondozo|Rest||[from] move: Sleep Talk|[still]
|-fail|p2a: Dondozo
|
|upkeep
|turn|36
|
|t:|1779633324
|switch|p2a: Corviknight|Corviknight, M|86/100
|-ability|p2a: Corviknight|Pressure
|move|p1a: Skarmory|Roost|p1a: Skarmory
|-heal|p1a: Skarmory|95/100
|-singleturn|p1a: Skarmory|move: Roost
|
|upkeep
|turn|37
|
|t:|1779633335
|switch|p1a: Zapdos|Zapdos-Galar|100/100
|move|p2a: Corviknight|Defog|p1a: Zapdos
|-unboost|p1a: Zapdos|evasion|1
|-ability|p1a: Zapdos|Defiant|boost
|-boost|p1a: Zapdos|atk|2
|-sideend|p2: itsjustrps|Spikes|[from] move: Defog|[of] p2a: Corviknight
|
|upkeep
|turn|38
|
|t:|1779633344
|switch|p2a: Dondozo|Dondozo, F|66/100 slp
|move|p1a: Zapdos|U-turn|p2a: Dondozo
|-damage|p2a: Dondozo|56/100 slp
|
|t:|1779633352
|switch|p1a: Slowking|Slowking-Galar, F|83/100|[from] U-turn
|
|upkeep
|turn|39
|
|t:|1779633359
|switch|p2a: Tornadus|Tornadus-Therian, M|100/100
|move|p1a: Slowking|Future Sight|p2a: Tornadus
|-start|p1a: Slowking|move: Future Sight
|
|upkeep
|turn|40
|
|t:|1779633367
|move|p2a: Tornadus|Taunt|p1a: Slowking
|-start|p1a: Slowking|move: Taunt
|-prepare|p1a: Slowking|Chilly Reception|[premajor]
|cant|p1a: Slowking|move: Taunt|Chilly Reception
|
|upkeep
|turn|41
|
|t:|1779633375
|switch|p1a: Alomomola|Alomomola, M|100/100
|move|p2a: Tornadus|Knock Off|p1a: Alomomola
|-damage|p1a: Alomomola|91/100
|
|-end|p2a: Tornadus|move: Future Sight
|-damage|p2a: Tornadus|56/100
|upkeep
|turn|42
|
|t:|1779633386
|move|p2a: Tornadus|U-turn|p1a: Alomomola
|-damage|p1a: Alomomola|81/100
|
|t:|1779633390
|switch|p2a: Kyurem|Kyurem|88/100|[from] U-turn
|-ability|p2a: Kyurem|Pressure
|move|p1a: Alomomola|Flip Turn|p2a: Kyurem
|-resisted|p2a: Kyurem
|-damage|p2a: Kyurem|80/100
|
|t:|1779633399
|switch|p1a: Weavile|Weavile, M|100/100|[from] Flip Turn
|-ability|p1a: Weavile|Pressure
|
|-heal|p2a: Kyurem|87/100|[from] item: Leftovers
|upkeep
|turn|43
|
|t:|1779633406
|move|p2a: Kyurem|Protect|p2a: Kyurem
|-singleturn|p2a: Kyurem|Protect
|move|p1a: Weavile|Knock Off|p2a: Kyurem
|-activate|p2a: Kyurem|move: Protect
|
|-heal|p2a: Kyurem|93/100|[from] item: Leftovers
|upkeep
|turn|44
|
|t:|1779633412
|switch|p2a: Tornadus|Tornadus-Therian, M|89/100
|move|p1a: Weavile|Knock Off|p2a: Tornadus
|-damage|p2a: Tornadus|32/100
|
|upkeep
|turn|45
|
|t:|1779633437
|switch|p2a: Clodsire|Clodsire, M|100/100
|move|p1a: Weavile|Knock Off|p2a: Clodsire
|-damage|p2a: Clodsire|20/100
|-enditem|p2a: Clodsire|Heavy-Duty Boots|[from] move: Knock Off|[of] p1a: Weavile
|
|upkeep
|turn|46
|
|t:|1779633443
|move|p1a: Weavile|Knock Off|p2a: Clodsire
|-damage|p2a: Clodsire|0 fnt
|faint|p2a: Clodsire
|
|upkeep
|
|t:|1779633445
|switch|p2a: Dondozo|Dondozo, F|56/100 slp
|turn|47
|
|t:|1779633448
|switch|p1a: Slowking|Slowking-Galar, F|100/100
|cant|p2a: Dondozo|slp
|move|p2a: Dondozo|Sleep Talk|p2a: Dondozo
|move|p2a: Dondozo|Rest||[from] move: Sleep Talk|[still]
|-fail|p2a: Dondozo
|
|upkeep
|turn|48
|
|t:|1779633470
|switch|p2a: Corviknight|Corviknight, M|86/100
|-ability|p2a: Corviknight|Pressure
|move|p1a: Slowking|Future Sight|p2a: Corviknight
|-start|p1a: Slowking|move: Future Sight
|
|upkeep
|turn|49
|
|t:|1779633480
|move|p2a: Corviknight|U-turn|p1a: Slowking
|-damage|p1a: Slowking|86/100
|
|t:|1779633488
|switch|p2a: Kyurem|Kyurem|93/100|[from] U-turn
|-ability|p2a: Kyurem|Pressure
|-prepare|p1a: Slowking|Chilly Reception|[premajor]
|move|p1a: Slowking|Chilly Reception|p1a: Slowking
|-weather|Snowscape
|
|t:|1779633495
|switch|p1a: Weavile|Weavile, M|100/100|[from] Chilly Reception
|-ability|p1a: Weavile|Pressure
|
|-weather|Snowscape|[upkeep]
|-heal|p2a: Kyurem|99/100|[from] item: Leftovers
|upkeep
|turn|50
|
|t:|1779633508
|move|p2a: Kyurem|Protect|p2a: Kyurem
|-singleturn|p2a: Kyurem|Protect
|move|p1a: Weavile|Knock Off|p2a: Kyurem
|-activate|p2a: Kyurem|move: Protect
|
|-weather|Snowscape|[upkeep]
|-end|p2a: Kyurem|move: Future Sight
|-damage|p2a: Kyurem|57/100
|-heal|p2a: Kyurem|63/100|[from] item: Leftovers
|upkeep
|turn|51
|
|t:|1779633517
|switch|p2a: Dondozo|Dondozo, F|56/100 slp
|move|p1a: Weavile|Knock Off|p2a: Dondozo
|-damage|p2a: Dondozo|34/100 slp
|
|-weather|Snowscape|[upkeep]
|upkeep
|turn|52
|
|t:|1779633527
|switch|p1a: Skarmory|Skarmory, M|95/100
|-curestatus|p2a: Dondozo|slp|[msg]
|move|p2a: Dondozo|Rest|p2a: Dondozo
|-status|p2a: Dondozo|slp|[from] move: Rest
|-heal|p2a: Dondozo|100/100 slp|[silent]
|
|-weather|Snowscape|[upkeep]
|upkeep
|turn|53
|
|t:|1779633535
|switch|p2a: Salty|Garganacl, F, tera:Ghost|85/100
|move|p1a: Skarmory|Spikes|p2a: Salty
|-sidestart|p2: itsjustrps|Spikes
|
|-weather|none
|upkeep
|turn|54
|
|t:|1779633540
|move|p2a: Salty|Salt Cure|p1a: Skarmory
|-damage|p1a: Skarmory|86/100
|-start|p1a: Skarmory|Salt Cure
|move|p1a: Skarmory|Whirlwind|p2a: Salty
|drag|p2a: Dondozo|Dondozo, F|100/100 slp
|-damage|p2a: Dondozo|88/100 slp|[from] Spikes
|
|-damage|p1a: Skarmory|61/100|[from] Salt Cure
|upkeep
|turn|55
|inactive|itsjustrps has 120 seconds left.
|
|t:|1779633585
|switch|p1a: Slowking|Slowking-Galar, F|100/100
|switch|p2a: Salty|Garganacl, F, tera:Ghost|85/100
|-damage|p2a: Salty|72/100|[from] Spikes
|
|upkeep
|turn|56
|
|t:|1779633591
|move|p2a: Salty|Iron Defense|p2a: Salty
|-boost|p2a: Salty|def|2
|move|p1a: Slowking|Future Sight|p2a: Salty
|-start|p1a: Slowking|move: Future Sight
|
|upkeep
|turn|57
|
|t:|1779633599
|move|p2a: Salty|Iron Defense|p2a: Salty
|-boost|p2a: Salty|def|2
|-prepare|p1a: Slowking|Chilly Reception|[premajor]
|move|p1a: Slowking|Chilly Reception|p1a: Slowking
|-weather|Snowscape
|
|t:|1779633608
|switch|p1a: Skarmory|Skarmory, M|61/100|[from] Chilly Reception
|
|-weather|Snowscape|[upkeep]
|upkeep
|turn|58
|
|t:|1779633613
|move|p2a: Salty|Body Press|p1a: Skarmory
|-damage|p1a: Skarmory|20/100
|-damage|p2a: Salty|56/100|[from] item: Rocky Helmet|[of] p1a: Skarmory
|move|p1a: Skarmory|Whirlwind|p2a: Salty
|drag|p2a: Dondozo|Dondozo, F|88/100 slp
|-damage|p2a: Dondozo|75/100 slp|[from] Spikes
|
|-weather|Snowscape|[upkeep]
|-end|p2a: Dondozo|move: Future Sight
|-damage|p2a: Dondozo|35/100 slp
|upkeep
|turn|59
|
|t:|1779633623
|move|p1a: Skarmory|Roost|p1a: Skarmory
|-heal|p1a: Skarmory|70/100
|-singleturn|p1a: Skarmory|move: Roost
|cant|p2a: Dondozo|slp
|move|p2a: Dondozo|Sleep Talk|p2a: Dondozo
|move|p2a: Dondozo|Rest||[from] move: Sleep Talk|[still]
|-fail|p2a: Dondozo
|
|-weather|Snowscape|[upkeep]
|upkeep
|turn|60
|
|t:|1779633643
|switch|p1a: Great Tusk|Great Tusk|100/100
|cant|p2a: Dondozo|slp
|move|p2a: Dondozo|Sleep Talk|p2a: Dondozo
|move|p2a: Dondozo|Waterfall|p1a: Great Tusk|[from] move: Sleep Talk
|-supereffective|p1a: Great Tusk
|-damage|p1a: Great Tusk|60/100
|
|-weather|Snowscape|[upkeep]
|upkeep
|turn|61
|
|t:|1779633652
|move|p1a: Great Tusk|Stealth Rock|p2a: Dondozo
|-sidestart|p2: itsjustrps|move: Stealth Rock
|-curestatus|p2a: Dondozo|slp|[msg]
|move|p2a: Dondozo|Rest|p2a: Dondozo
|-status|p2a: Dondozo|slp|[from] move: Rest
|-heal|p2a: Dondozo|100/100 slp|[silent]
|
|-weather|none
|upkeep
|turn|62
|
|t:|1779633663
|-end|p1a: Great Tusk|Protosynthesis|[silent]
|switch|p1a: Slowking|Slowking-Galar, F|100/100
|switch|p2a: Corviknight|Corviknight, M|86/100
|-damage|p2a: Corviknight|73/100|[from] Stealth Rock
|-ability|p2a: Corviknight|Pressure
|
|upkeep
|turn|63
|
|t:|1779633671
|switch|p1a: Zapdos|Zapdos-Galar|100/100
|move|p2a: Corviknight|Defog|p1a: Zapdos
|-unboost|p1a: Zapdos|evasion|1
|-ability|p1a: Zapdos|Defiant|boost
|-boost|p1a: Zapdos|atk|2
|-sideend|p2: itsjustrps|Spikes|[from] move: Defog|[of] p2a: Corviknight
|-sideend|p2: itsjustrps|Stealth Rock|[from] move: Defog|[of] p2a: Corviknight
|
|upkeep
|turn|64
|
|t:|1779633680
|switch|p2a: Dondozo|Dondozo, F|100/100 slp
|move|p1a: Zapdos|Thunderous Kick|p2a: Dondozo
|-damage|p2a: Dondozo|81/100 slp
|-unboost|p2a: Dondozo|def|1
|
|upkeep
|turn|65
|
|t:|1779633688
|move|p1a: Zapdos|Thunderous Kick|p2a: Dondozo
|-damage|p2a: Dondozo|50/100 slp
|-unboost|p2a: Dondozo|def|1
|cant|p2a: Dondozo|slp
|move|p2a: Dondozo|Sleep Talk|p2a: Dondozo
|move|p2a: Dondozo|Waterfall|p1a: Zapdos|[from] move: Sleep Talk
|-damage|p1a: Zapdos|66/100
|
|upkeep
|turn|66
|
|t:|1779633707
|switch|p2a: Corviknight|Corviknight, M|73/100
|-ability|p2a: Corviknight|Pressure
|move|p1a: Zapdos|Thunderous Kick|p2a: Corviknight
|-damage|p2a: Corviknight|0 fnt
|faint|p2a: Corviknight
|
|upkeep
|
|t:|1779633709
|switch|p2a: Tornadus|Tornadus-Therian, M|65/100
|turn|67
|
|t:|1779633719
|switch|p1a: Alomomola|Alomomola, M|100/100
|move|p2a: Tornadus|Acrobatics|p1a: Alomomola
|-damage|p1a: Alomomola|74/100
|
|upkeep
|turn|68
|
|t:|1779633728
|move|p2a: Tornadus|U-turn|p1a: Alomomola
|-damage|p1a: Alomomola|64/100
|
|t:|1779633730
|switch|p2a: Salty|Garganacl, F, tera:Ghost|56/100|[from] U-turn
|move|p1a: Alomomola|Wish|p1a: Alomomola
|
|upkeep
|turn|69
|
|t:|1779633745
|move|p1a: Alomomola|Flip Turn|p2a: Salty
|-damage|p2a: Salty|44/100
|
|t:|1779633748
|switch|p1a: Skarmory|Skarmory, M|70/100|[from] Flip Turn
|move|p2a: Salty|Iron Defense|p2a: Salty
|-boost|p2a: Salty|def|2
|
|-heal|p1a: Skarmory|100/100|[from] move: Wish|[wisher] Alomomola
|upkeep
|turn|70
|
|t:|1779633755
|move|p2a: Salty|Recover|p2a: Salty
|-heal|p2a: Salty|94/100
|move|p1a: Skarmory|Whirlwind|p2a: Salty
|drag|p2a: Tornadus|Tornadus-Therian, M|99/100
|
|upkeep
|turn|71
|
|t:|1779633761
|switch|p1a: Alomomola|Alomomola, M|97/100
|move|p2a: Tornadus|Taunt|p1a: Alomomola
|-start|p1a: Alomomola|move: Taunt
|
|upkeep
|turn|72
|
|t:|1779633767
|move|p2a: Tornadus|U-turn|p1a: Alomomola
|-damage|p1a: Alomomola|87/100
|
|t:|1779633769
|switch|p2a: Kyurem|Kyurem|63/100|[from] U-turn
|-ability|p2a: Kyurem|Pressure
|move|p1a: Alomomola|Flip Turn|p2a: Kyurem
|-resisted|p2a: Kyurem
|-damage|p2a: Kyurem|56/100
|
|t:|1779633778
|switch|p1a: Weavile|Weavile, M|100/100|[from] Flip Turn
|-ability|p1a: Weavile|Pressure
|
|-heal|p2a: Kyurem|62/100|[from] item: Leftovers
|upkeep
|turn|73
|
|t:|1779633784
|move|p2a: Kyurem|Protect|p2a: Kyurem
|-singleturn|p2a: Kyurem|Protect
|move|p1a: Weavile|Knock Off|p2a: Kyurem
|-activate|p2a: Kyurem|move: Protect
|
|-heal|p2a: Kyurem|68/100|[from] item: Leftovers
|upkeep
|turn|74
|
|t:|1779633790
|switch|p2a: Tornadus|Tornadus-Therian, M|100/100
|move|p1a: Weavile|Knock Off|p2a: Tornadus
|-damage|p2a: Tornadus|44/100
|
|upkeep
|turn|75
|-message|itsjustrps forfeited.
|
|win|Mortifi
|raw|Mortifi's rating: 1582 &rarr; <strong>1601</strong><br />(+19 for winning)
|raw|itsjustrps's rating: 1561 &rarr; <strong>1542</strong><br />(-19 for losing)
|l|☆itsjustrps
|player|p2|
|l|☆Mortifi
|player|p1|
