|j|☆cyndaquilhat
|j|☆rocktypepokemans
|t:|1779600040
|gametype|singles
|player|p1|cyndaquilhat|backpackerf|1357
|player|p2|rocktypepokemans|gambler|1471
|gen|9
|tier|[Gen 9] OU
|rated|
|rule|HP Percentage Mod: HP is shown in percentages
|rule|Endless Battle Clause: Forcing endless battles is banned
|rule|Species Clause: Limit one of each Pokémon
|rule|OHKO Clause: OHKO moves are banned
|rule|Evasion Items Clause: Evasion items are banned
|rule|Evasion Moves Clause: Evasion moves are banned
|rule|Evasion Abilities Clause: Evasion abilities are banned
|rule|Sleep Moves Clause: Sleep-inducing moves are banned
|clearpoke
|poke|p1|Diancie|
|poke|p1|Blaziken, F|
|poke|p1|Oricorio-Pom-Pom, M|
|poke|p1|Cinderace, M|
|poke|p1|Regidrago|
|poke|p1|Ursaluna, M|
|poke|p2|Walking Wake|
|poke|p2|Great Tusk|
|poke|p2|Ninetales, M|
|poke|p2|Cresselia, F|
|poke|p2|Zarude|
|poke|p2|Ceruledge, F|
|teampreview
|inactive|Battle timer is ON: inactive players will automatically lose when time's up. (requested by cyndaquilhat)
|
|t:|1779600054
|teamsize|p1|6
|teamsize|p2|6
|start
|switch|p1a: Blaziken|Blaziken, F|100/100
|switch|p2a: Walking Wake|Walking Wake|100/100
|turn|1
|
|t:|1779600064
|switch|p1a: Regidrago|Regidrago|100/100
|move|p2a: Walking Wake|Hydro Steam|p1a: Regidrago
|-resisted|p1a: Regidrago
|-damage|p1a: Regidrago|78/100
|
|upkeep
|turn|2
|
|t:|1779600072
|-terastallize|p2a: Walking Wake|Fairy
|move|p2a: Walking Wake|Draco Meteor|p1a: Regidrago
|-supereffective|p1a: Regidrago
|-damage|p1a: Regidrago|0 fnt
|-unboost|p2a: Walking Wake|spa|2
|faint|p1a: Regidrago
|
|upkeep
|
|t:|1779600080
|switch|p1a: Oricorio|Oricorio-Pom-Pom, M|100/100
|turn|3
|
|t:|1779600089
|-end|p2a: Walking Wake|Protosynthesis|[silent]
|switch|p2a: Ninetales|Ninetales, M|100/100
|-weather|SunnyDay|[from] ability: Drought|[of] p2a: Ninetales
|move|p1a: Oricorio|Quiver Dance|p1a: Oricorio
|-boost|p1a: Oricorio|spa|1
|-boost|p1a: Oricorio|spd|1
|-boost|p1a: Oricorio|spe|1
|
|-weather|SunnyDay|[upkeep]
|upkeep
|turn|4
|
|t:|1779600094
|move|p1a: Oricorio|Quiver Dance|p1a: Oricorio
|-boost|p1a: Oricorio|spa|1
|-boost|p1a: Oricorio|spd|1
|-boost|p1a: Oricorio|spe|1
|move|p2a: Ninetales|Overheat|p1a: Oricorio
|-damage|p1a: Oricorio|64/100
|-unboost|p2a: Ninetales|spa|2
|
|-weather|SunnyDay|[upkeep]
|upkeep
|turn|5
|
|t:|1779600099
|move|p1a: Oricorio|Quiver Dance|p1a: Oricorio
|-boost|p1a: Oricorio|spa|1
|-boost|p1a: Oricorio|spd|1
|-boost|p1a: Oricorio|spe|1
|move|p2a: Ninetales|Encore|p1a: Oricorio
|-start|p1a: Oricorio|Encore
|
|-weather|SunnyDay|[upkeep]
|upkeep
|turn|6
|
|t:|1779600102
|switch|p2a: Walking Wake|Walking Wake, tera:Fairy|100/100
|-activate|p2a: Walking Wake|ability: Protosynthesis
|-start|p2a: Walking Wake|protosynthesisspe
|move|p1a: Oricorio|Quiver Dance|p1a: Oricorio
|-boost|p1a: Oricorio|spa|1
|-boost|p1a: Oricorio|spd|1
|-boost|p1a: Oricorio|spe|1
|
|-weather|SunnyDay|[upkeep]
|upkeep
|turn|7
|
|t:|1779600107
|move|p1a: Oricorio|Quiver Dance|p1a: Oricorio
|-boost|p1a: Oricorio|spa|1
|-boost|p1a: Oricorio|spd|1
|-boost|p1a: Oricorio|spe|1
|move|p2a: Walking Wake|Dragon Tail|p1a: Oricorio
|-damage|p1a: Oricorio|47/100
|drag|p1a: Cinderace|Cinderace, M|100/100
|
|-weather|SunnyDay|[upkeep]
|upkeep
|turn|8
|
|t:|1779600126
|switch|p1a: Oricorio|Oricorio-Pom-Pom, M|47/100
|move|p2a: Walking Wake|Hydro Steam|p1a: Oricorio
|-damage|p1a: Oricorio|0 fnt
|faint|p1a: Oricorio
|
|-weather|SunnyDay|[upkeep]
|upkeep
|
|t:|1779600131
|switch|p1a: Diancie|Diancie|100/100
|turn|9
|
|t:|1779600134
|-terastallize|p1a: Diancie|Water
|move|p2a: Walking Wake|Hydro Steam|p1a: Diancie
|-resisted|p1a: Diancie
|-damage|p1a: Diancie|73/100
|move|p1a: Diancie|Trick Room|p1a: Diancie
|-fieldstart|move: Trick Room|[of] p1a: Diancie
|
|-weather|SunnyDay|[upkeep]
|upkeep
|turn|10
|
|t:|1779600146
|move|p1a: Diancie|Meteor Beam||[still]
|-prepare|p1a: Diancie|Meteor Beam
|-boost|p1a: Diancie|spa|1
|-enditem|p1a: Diancie|Power Herb
|-anim|p1a: Diancie|Meteor Beam|p2a: Walking Wake
|-damage|p2a: Walking Wake|0 fnt
|faint|p2a: Walking Wake
|-end|p2a: Walking Wake|Protosynthesis|[silent]
|
|-weather|none
|upkeep
|inactive|rocktypepokemans has 120 seconds left.
|l|☆cyndaquilhat
|inactive|cyndaquilhat disconnected and has a minute to reconnect!
|player|p1|
|j|☆cyndaquilhat
|inactive|cyndaquilhat reconnected.
|player|p1|cyndaquilhat|backpackerf|
|
|t:|1779600199
|switch|p2a: Cresselia|Cresselia, F|100/100
|turn|11
|
|t:|1779600208
|move|p1a: Diancie|Meteor Beam||[still]
|-prepare|p1a: Diancie|Meteor Beam
|-boost|p1a: Diancie|spa|1
|move|p2a: Cresselia|Thunder Wave|p1a: Diancie|[miss]
|-miss|p2a: Cresselia|p1a: Diancie
|
|upkeep
|turn|12
|
|t:|1779600214
|move|p1a: Diancie|Meteor Beam|p2a: Cresselia|[from] lockedmove
|-damage|p2a: Cresselia|38/100
|-enditem|p2a: Cresselia|Eject Button
|
|t:|1779600227
|switch|p2a: Zarude|Zarude|100/100
|
|upkeep
|turn|13
|
|t:|1779600230
|move|p1a: Diancie|Moonblast|p2a: Zarude
|-supereffective|p2a: Zarude
|-damage|p2a: Zarude|0 fnt
|faint|p2a: Zarude
|
|-fieldend|move: Trick Room
|upkeep
|
|t:|1779600256
|switch|p2a: Ceruledge|Ceruledge, F|100/100
|turn|14
|
|t:|1779600262
|move|p2a: Ceruledge|Swords Dance|p2a: Ceruledge
|-boost|p2a: Ceruledge|atk|2
|move|p1a: Diancie|Earth Power|p2a: Ceruledge
|-supereffective|p2a: Ceruledge
|-enditem|p2a: Ceruledge|Focus Sash
|-damage|p2a: Ceruledge|1/100
|-unboost|p2a: Ceruledge|spd|1
|
|upkeep
|turn|15
|
|t:|1779600275
|move|p2a: Ceruledge|Close Combat|p1a: Diancie
|-damage|p1a: Diancie|5/100
|-unboost|p2a: Ceruledge|def|1
|-unboost|p2a: Ceruledge|spd|1
|move|p1a: Diancie|Earth Power|p2a: Ceruledge
|-supereffective|p2a: Ceruledge
|-damage|p2a: Ceruledge|0 fnt
|faint|p2a: Ceruledge
|
|upkeep
|
|t:|1779600288
|switch|p2a: Great Tusk|Great Tusk|100/100
|turn|16
|
|t:|1779600294
|move|p2a: Great Tusk|Rapid Spin|p1a: Diancie
|-damage|p1a: Diancie|0 fnt
|-boost|p2a: Great Tusk|spe|1
|faint|p1a: Diancie
|
|upkeep
|
|t:|1779600297
|switch|p1a: Ursaluna|Ursaluna, M|100/100
|turn|17
|inactive|rocktypepokemans has 90 seconds left.
|
|t:|1779600331
|move|p2a: Great Tusk|Ice Spinner|p1a: Ursaluna
|-supereffective|p1a: Ursaluna
|-damage|p1a: Ursaluna|54/100
|move|p1a: Ursaluna|Swords Dance|p1a: Ursaluna
|-boost|p1a: Ursaluna|atk|2
|
|-status|p1a: Ursaluna|brn|[from] item: Flame Orb
|upkeep
|turn|18
|
|t:|1779600341
|move|p2a: Great Tusk|Close Combat|p1a: Ursaluna
|-supereffective|p1a: Ursaluna
|-damage|p1a: Ursaluna|0 fnt
|-unboost|p2a: Great Tusk|def|1
|-unboost|p2a: Great Tusk|spd|1
|faint|p1a: Ursaluna
|
|upkeep
|
|t:|1779600351
|switch|p1a: Cinderace|Cinderace, M|100/100
|turn|19
|
|t:|1779600355
|move|p2a: Great Tusk|Headlong Rush|p1a: Cinderace
|-supereffective|p1a: Cinderace
|-damage|p1a: Cinderace|0 fnt
|-unboost|p2a: Great Tusk|def|1
|-unboost|p2a: Great Tusk|spd|1
|faint|p1a: Cinderace
|
|upkeep
|
|t:|1779600358
|switch|p1a: Blaziken|Blaziken, F|100/100
|turn|20
|inactive|rocktypepokemans has 120 seconds left.
|
|t:|1779600366
|-end|p2a: Great Tusk|Protosynthesis|[silent]
|switch|p2a: Cresselia|Cresselia, F|38/100
|move|p1a: Blaziken|Flare Blitz|p2a: Cresselia
|-damage|p2a: Cresselia|1/100
|-damage|p1a: Blaziken|83/100|[from] Recoil
|
|-heal|p1a: Blaziken|89/100|[from] item: Leftovers
|-ability|p1a: Blaziken|Speed Boost|boost
|-boost|p1a: Blaziken|spe|1
|upkeep
|turn|21
|
|t:|1779600377
|move|p1a: Blaziken|Knock Off|p2a: Cresselia
|-supereffective|p2a: Cresselia
|-damage|p2a: Cresselia|0 fnt
|faint|p2a: Cresselia
|
|-heal|p1a: Blaziken|95/100|[from] item: Leftovers
|-ability|p1a: Blaziken|Speed Boost|boost
|-boost|p1a: Blaziken|spe|1
|upkeep
|
|t:|1779600379
|switch|p2a: Great Tusk|Great Tusk|100/100
|turn|22
|
|t:|1779600384
|move|p1a: Blaziken|Flare Blitz|p2a: Great Tusk
|-damage|p2a: Great Tusk|51/100
|-damage|p1a: Blaziken|74/100|[from] Recoil
|move|p2a: Great Tusk|Headlong Rush|p1a: Blaziken
|-supereffective|p1a: Blaziken
|-damage|p1a: Blaziken|0 fnt
|-unboost|p2a: Great Tusk|def|1
|-unboost|p2a: Great Tusk|spd|1
|faint|p1a: Blaziken
|
|win|rocktypepokemans
|raw|cyndaquilhat's rating: 1357 &rarr; <strong>1343</strong><br />(-14 for losing)
|raw|rocktypepokemans's rating: 1471 &rarr; <strong>1485</strong><br />(+14 for winning)
|l|☆rocktypepokemans
|player|p2|
|l|☆cyndaquilhat
|player|p1|
