|j|☆Billythekid95
|j|☆mansonabuluting
|t:|1779714695
|gametype|singles
|player|p1|Billythekid95|102|1692
|player|p2|mansonabuluting|266|1724
|gen|9
|tier|[Gen 9] OU
|rated|
|rule|HP Percentage Mod: HP is shown in percentages
|rule|Endless Battle Clause: Forcing endless battles is banned
|rule|Species Clause: Limit one of each Pokémon
|rule|OHKO Clause: OHKO moves are banned
|rule|Evasion Items Clause: Evasion items are banned
|rule|Evasion Moves Clause: Evasion moves are banned
|rule|Evasion Abilities Clause: Evasion abilities are banned
|rule|Sleep Moves Clause: Sleep-inducing moves are banned
|clearpoke
|poke|p1|Iron Crown|
|poke|p1|Ninetales-Alola, F|
|poke|p1|Great Tusk|
|poke|p1|Ogerpon-Wellspring, F|
|poke|p1|Moltres-Galar|
|poke|p1|Ceruledge, F|
|poke|p2|Volcanion|
|poke|p2|Rillaboom, M|
|poke|p2|Hawlucha, M|
|poke|p2|Thundurus-Therian, M|
|poke|p2|Goodra-Hisui, F|
|poke|p2|Great Tusk|
|teampreview
|inactive|Battle timer is ON: inactive players will automatically lose when time's up. (requested by mansonabuluting)
|inactive|Billythekid95 has 120 seconds left.
|j| Xiguana
|inactive|Billythekid95 has 90 seconds left.
|
|t:|1779714776
|teamsize|p1|6
|teamsize|p2|6
|start
|switch|p1a: Ogerpon|Ogerpon-Wellspring, F|100/100
|switch|p2a: Volcanion|Volcanion|100/100
|turn|1
|
|t:|1779714784
|move|p1a: Ogerpon|U-turn|p2a: Volcanion
|-resisted|p2a: Volcanion
|-damage|p2a: Volcanion|89/100
|
|t:|1779714787
|switch|p1a: Great Tusk|Great Tusk|100/100|[from] U-turn
|move|p2a: Volcanion|Overheat|p1a: Great Tusk
|-damage|p1a: Great Tusk|39/100
|-unboost|p2a: Volcanion|spa|2
|
|upkeep
|turn|2
|
|t:|1779714795
|switch|p2a: Thundurus|Thundurus-Therian, M|100/100
|move|p1a: Great Tusk|Knock Off|p2a: Thundurus
|-damage|p2a: Thundurus|58/100
|-enditem|p2a: Thundurus|Choice Scarf|[from] move: Knock Off|[of] p1a: Great Tusk
|
|upkeep
|turn|3
|
|t:|1779714804
|move|p2a: Thundurus|Grass Knot|p1a: Great Tusk
|-supereffective|p1a: Great Tusk
|-damage|p1a: Great Tusk|0 fnt
|faint|p1a: Great Tusk
|-end|p1a: Great Tusk|Protosynthesis|[silent]
|
|upkeep
|
|t:|1779714808
|switch|p1a: Ninetales|Ninetales-Alola, F|100/100
|-weather|Snowscape|[from] ability: Snow Warning|[of] p1a: Ninetales
|turn|4
|
|t:|1779714811
|move|p1a: Ninetales|Aurora Veil|p1a: Ninetales
|-sidestart|p1: Billythekid95|move: Aurora Veil
|move|p2a: Thundurus|Volt Switch|p1a: Ninetales
|-damage|p1a: Ninetales|78/100
|
|t:|1779714813
|switch|p2a: Volcanion|Volcanion|89/100|[from] Volt Switch
|
|-weather|Snowscape|[upkeep]
|upkeep
|turn|5
|
|t:|1779714829
|switch|p1a: Ogerpon|Ogerpon-Wellspring, F|100/100
|move|p2a: Volcanion|Overheat|p1a: Ogerpon
|-damage|p1a: Ogerpon|36/100
|-unboost|p2a: Volcanion|spa|2
|
|-weather|Snowscape|[upkeep]
|upkeep
|turn|6
|j| Disscratch
|
|t:|1779714836
|move|p1a: Ogerpon|U-turn|p2a: Volcanion
|-resisted|p2a: Volcanion
|-damage|p2a: Volcanion|78/100
|
|t:|1779714840
|switch|p1a: Ceruledge|Ceruledge, F|100/100|[from] U-turn
|move|p2a: Volcanion|Overheat|p1a: Ceruledge
|-start|p1a: Ceruledge|ability: Flash Fire
|
|-weather|Snowscape|[upkeep]
|upkeep
|turn|7
|
|t:|1779714847
|switch|p2a: Great Tusk|Great Tusk|100/100
|move|p1a: Ceruledge|Bulk Up|p1a: Ceruledge
|-boost|p1a: Ceruledge|atk|1
|-boost|p1a: Ceruledge|def|1
|
|-weather|Snowscape|[upkeep]
|upkeep
|turn|8
|
|t:|1779714854
|-terastallize|p1a: Ceruledge|Bug
|move|p1a: Ceruledge|Bulk Up|p1a: Ceruledge
|-boost|p1a: Ceruledge|atk|1
|-boost|p1a: Ceruledge|def|1
|move|p2a: Great Tusk|Headlong Rush|p1a: Ceruledge
|-resisted|p1a: Ceruledge
|-damage|p1a: Ceruledge|93/100
|-unboost|p2a: Great Tusk|def|1
|-unboost|p2a: Great Tusk|spd|1
|
|-weather|none
|upkeep
|turn|9
|
|t:|1779714868
|move|p1a: Ceruledge|Bitter Blade|p2a: Great Tusk
|-damage|p2a: Great Tusk|15/100
|-heal|p1a: Ceruledge|100/100|[from] drain|[of] p2a: Great Tusk
|-damage|p1a: Ceruledge|84/100|[from] item: Rocky Helmet|[of] p2a: Great Tusk
|move|p2a: Great Tusk|Stealth Rock|p1a: Ceruledge
|-sidestart|p1: Billythekid95|move: Stealth Rock
|
|upkeep
|turn|10
|
|t:|1779714891
|move|p1a: Ceruledge|Bulk Up|p1a: Ceruledge
|-boost|p1a: Ceruledge|atk|1
|-boost|p1a: Ceruledge|def|1
|move|p2a: Great Tusk|Headlong Rush|p1a: Ceruledge
|-resisted|p1a: Ceruledge
|-damage|p1a: Ceruledge|78/100
|-unboost|p2a: Great Tusk|def|1
|-unboost|p2a: Great Tusk|spd|1
|
|upkeep
|turn|11
|
|t:|1779714899
|move|p1a: Ceruledge|Bitter Blade|p2a: Great Tusk
|-damage|p2a: Great Tusk|0 fnt
|-heal|p1a: Ceruledge|87/100|[from] drain|[of] p2a: Great Tusk
|-damage|p1a: Ceruledge|71/100|[from] item: Rocky Helmet|[of] p2a: Great Tusk
|faint|p2a: Great Tusk
|-end|p2a: Great Tusk|Protosynthesis|[silent]
|
|-sideend|p1: Billythekid95|move: Aurora Veil
|upkeep
|
|t:|1779714906
|switch|p2a: Volcanion|Volcanion|78/100
|turn|12
|
|t:|1779714912
|move|p1a: Ceruledge|Bitter Blade|p2a: Volcanion
|-resisted|p2a: Volcanion
|-damage|p2a: Volcanion|50/100
|-heal|p1a: Ceruledge|85/100|[from] drain|[of] p2a: Volcanion
|move|p2a: Volcanion|Steam Eruption|p1a: Ceruledge
|-crit|p1a: Ceruledge
|-damage|p1a: Ceruledge|0 fnt
|faint|p1a: Ceruledge
|
|upkeep
|c|☆Billythekid95|come on
|c|☆mansonabuluting|Like that mattered
|
|t:|1779714928
|switch|p1a: Ninetales|Ninetales-Alola, F|78/100
|-damage|p1a: Ninetales|53/100|[from] Stealth Rock
|-weather|Snowscape|[from] ability: Snow Warning|[of] p1a: Ninetales
|turn|13
|c|☆Billythekid95|yes of course
|c|☆mansonabuluting|It literally didn't matter
|c|☆mansonabuluting|Google it
|c|☆Billythekid95|i am full sp def and full hp
|c|☆Billythekid95|u are specs i know
|c|☆Billythekid95|go to calc
|c|☆mansonabuluting|I'm specs and max so Google it bro
|c|☆Billythekid95|i calculated
|c|☆mansonabuluting|Idiot
|inactive|mansonabuluting has 120 seconds left.
|
|t:|1779714960
|move|p1a: Ninetales|Aurora Veil|p1a: Ninetales
|-sidestart|p1: Billythekid95|move: Aurora Veil
|move|p2a: Volcanion|Steam Eruption|p1a: Ninetales
|-damage|p1a: Ninetales|4/100
|
|-weather|Snowscape|[upkeep]
|upkeep
|turn|14
|c|☆Billythekid95|and crit mattered
|
|t:|1779714966
|switch|p2a: Goodra|Goodra-Hisui, F|100/100
|move|p1a: Ninetales|Freeze-Dry|p2a: Goodra
|-damage|p2a: Goodra|91/100
|-status|p2a: Goodra|frz
|
|-weather|Snowscape|[upkeep]
|upkeep
|turn|15
|c|☆mansonabuluting|Literally didn't
|c|☆Billythekid95|go to calc
|c|☆mansonabuluting|But that freeze is a joke
|
|t:|1779714984
|switch|p1a: Iron Crown|Iron Crown|100/100
|-damage|p1a: Iron Crown|94/100|[from] Stealth Rock
|-enditem|p1a: Iron Crown|Booster Energy
|-activate|p1a: Iron Crown|ability: Quark Drive|[fromitem]
|-start|p1a: Iron Crown|quarkdrivespa
|-curestatus|p2a: Goodra|frz|[msg]
|move|p2a: Goodra|Flash Cannon|p1a: Iron Crown
|-resisted|p1a: Iron Crown
|-damage|p1a: Iron Crown|86/100
|-unboost|p1a: Iron Crown|spd|1
|
|-weather|Snowscape|[upkeep]
|upkeep
|turn|16
|c|☆Billythekid95|freeze, 0 turns ahahhaha
|
|t:|1779714998
|move|p1a: Iron Crown|Calm Mind|p1a: Iron Crown
|-boost|p1a: Iron Crown|spa|1
|-boost|p1a: Iron Crown|spd|1
|move|p2a: Goodra|Flamethrower|p1a: Iron Crown
|-supereffective|p1a: Iron Crown
|-damage|p1a: Iron Crown|58/100
|
|-weather|Snowscape|[upkeep]
|upkeep
|turn|17
|
|t:|1779715014
|move|p1a: Iron Crown|Calm Mind|p1a: Iron Crown
|-boost|p1a: Iron Crown|spa|1
|-boost|p1a: Iron Crown|spd|1
|move|p2a: Goodra|Flamethrower|p1a: Iron Crown
|-supereffective|p1a: Iron Crown
|-damage|p1a: Iron Crown|40/100
|
|-weather|none
|upkeep
|turn|18
|c|☆mansonabuluting|You used hitter blade on a volcanion
|c|☆mansonabuluting|Imagine
|
|t:|1779715039
|move|p1a: Iron Crown|Calm Mind|p1a: Iron Crown
|-boost|p1a: Iron Crown|spa|1
|-boost|p1a: Iron Crown|spd|1
|move|p2a: Goodra|Flamethrower|p1a: Iron Crown
|-supereffective|p1a: Iron Crown
|-damage|p1a: Iron Crown|29/100
|
|upkeep
|turn|19
|c|☆Billythekid95|and so? that was not the problem
|
|t:|1779715052
|move|p1a: Iron Crown|Stored Power|p2a: Goodra
|-resisted|p2a: Goodra
|-damage|p2a: Goodra|48/100
|move|p2a: Goodra|Flamethrower|p1a: Iron Crown
|-supereffective|p1a: Iron Crown
|-damage|p1a: Iron Crown|15/100
|
|upkeep
|turn|20
|c|☆mansonabuluting|Literally was the dumbest possible play
|
|t:|1779715062
|move|p1a: Iron Crown|Stored Power|p2a: Goodra
|-resisted|p2a: Goodra
|-damage|p2a: Goodra|8/100
|move|p2a: Goodra|Flamethrower|p1a: Iron Crown
|-supereffective|p1a: Iron Crown
|-damage|p1a: Iron Crown|2/100
|-status|p1a: Iron Crown|brn
|
|-damage|p1a: Iron Crown|0 fnt|[from] brn
|faint|p1a: Iron Crown
|-end|p1a: Iron Crown|Quark Drive|[silent]
|-sideend|p1: Billythekid95|move: Aurora Veil
|upkeep
|c|☆Billythekid95|ahahahhahahaha
|c|☆Billythekid95|ahahahahah
|c|☆Billythekid95|BURN
|c|☆Billythekid95|AHHAHAHAHA
|c|☆Billythekid95|HAHAHAHAH
|c|☆Billythekid95|HAHAHAHAH
|c|☆Billythekid95|HAHAHAHAHHAHHAHAHAHA
|c|☆Billythekid95|HAHAHHAHAH
|c|☆Billythekid95|AHAHHAHA
|c|☆Billythekid95|HAHAHAHAHA
|c|☆Billythekid95|HAHAHHAHAHA
|c|☆Billythekid95|HAHHAHAHAHAH
|c|☆Billythekid95|HAHAHAHAH
|c|☆Billythekid95|AHAHAHAHAHA
|c|☆Billythekid95|HHAHAHAHAHHA
|c|☆Billythekid95|HAHAHAHAHHAH
|c|☆Billythekid95|AHAHHAHAHAH
|inactive|Billythekid95 has 120 seconds left.
|c|☆Billythekid95|AHAHHAHAHAH
|c|☆Billythekid95|HAHAHAHAH
|c|☆Billythekid95|AHHAHAHAHHA
|c|☆Billythekid95|HAHAHAHHAHAH
|c|☆Billythekid95|AHAHAHAHHA
|c|☆Billythekid95|AHAHHAHAHA
|c|☆Billythekid95|HHAHAHAHAHH
|c|☆Billythekid95|AHAHAHAHHAHA
|c|☆Billythekid95|HAHAHAHHAHA
|c|☆Billythekid95|HAHAHHAHAHAH
|c|☆Billythekid95|HAHAHAHHAHA
|c|☆Billythekid95|HAHAHHAHAHAH
|c|☆Billythekid95|HAHAHHAHAH
|-message|Billythekid95 forfeited.
|
|win|mansonabuluting
|raw|Billythekid95's rating: 1692 &rarr; <strong>1674</strong><br />(-18 for losing)
|raw|mansonabuluting's rating: 1724 &rarr; <strong>1742</strong><br />(+18 for winning)
|l|☆Billythekid95
|player|p1|
|l|☆mansonabuluting
|player|p2|
|l| Disscratch
|l| Xiguana
