|j|☆esta man oe
|j|☆huevo saurio
|t:|1779579160
|gametype|singles
|player|p1|esta man oe|preschooler|1326
|player|p2|huevo saurio|170|1349
|gen|9
|tier|[Gen 9] OU
|rated|
|rule|HP Percentage Mod: HP is shown in percentages
|rule|Endless Battle Clause: Forcing endless battles is banned
|rule|Species Clause: Limit one of each Pokémon
|rule|OHKO Clause: OHKO moves are banned
|rule|Evasion Items Clause: Evasion items are banned
|rule|Evasion Moves Clause: Evasion moves are banned
|rule|Evasion Abilities Clause: Evasion abilities are banned
|rule|Sleep Moves Clause: Sleep-inducing moves are banned
|clearpoke
|poke|p1|Torkoal, M|
|poke|p1|Pelipper, M|
|poke|p1|Walking Wake|
|poke|p1|Hatterene, F|
|poke|p1|Raging Bolt|
|poke|p1|Alomomola, F|
|poke|p2|Eelektross, F|
|poke|p2|Primarina, F|
|poke|p2|Dragapult, M|
|poke|p2|Great Tusk|
|poke|p2|Iron Moth|
|poke|p2|Ogerpon-Wellspring, F|
|teampreview
|inactive|Battle timer is ON: inactive players will automatically lose when time's up. (requested by esta man oe)
|
|t:|1779579165
|teamsize|p1|6
|teamsize|p2|6
|start
|switch|p1a: Torkoal|Torkoal, M|100/100
|switch|p2a: Iron Moth|Iron Moth|100/100
|-weather|SunnyDay|[from] ability: Drought|[of] p1a: Torkoal
|-enditem|p2a: Iron Moth|Booster Energy
|-activate|p2a: Iron Moth|ability: Quark Drive|[fromitem]
|-start|p2a: Iron Moth|quarkdrivespa
|turn|1
|
|t:|1779579195
|-end|p2a: Iron Moth|Quark Drive|[silent]
|switch|p2a: Ogerpon|Ogerpon-Wellspring, F|100/100
|switch|p1a: Hatterene|Hatterene, F, shiny|100/100
|
|-weather|SunnyDay|[upkeep]
|upkeep
|turn|2
|inactive|huevo saurio has 120 seconds left.
|
|t:|1779579214
|move|p2a: Ogerpon|U-turn|p1a: Hatterene
|-damage|p1a: Hatterene|77/100
|-enditem|p1a: Hatterene|Eject Button
|
|t:|1779579219
|switch|p1a: Raging Bolt|Raging Bolt|100/100
|-activate|p1a: Raging Bolt|ability: Protosynthesis
|-start|p1a: Raging Bolt|protosynthesisspa
|
|-weather|SunnyDay|[upkeep]
|upkeep
|turn|3
|inactive|huevo saurio has 120 seconds left.
|
|t:|1779579238
|move|p1a: Raging Bolt|Draco Meteor|p2a: Ogerpon
|-damage|p2a: Ogerpon|0 fnt
|-unboost|p1a: Raging Bolt|spa|2
|faint|p2a: Ogerpon
|
|-weather|SunnyDay|[upkeep]
|upkeep
|inactive|huevo saurio has 120 seconds left.
|
|t:|1779579253
|switch|p2a: Dragapult|Dragapult, M|100/100
|turn|4
|
|t:|1779579258
|-end|p1a: Raging Bolt|Protosynthesis|[silent]
|switch|p1a: Alomomola|Alomomola, F|100/100
|move|p2a: Dragapult|Dragon Pulse|p1a: Alomomola
|-damage|p1a: Alomomola|62/100
|-damage|p2a: Dragapult|91/100|[from] item: Life Orb
|
|-weather|SunnyDay|[upkeep]
|upkeep
|turn|5
|
|t:|1779579265
|switch|p2a: Primarina|Primarina, F|100/100
|move|p1a: Alomomola|Flip Turn|p2a: Primarina
|-resisted|p2a: Primarina
|-damage|p2a: Primarina|96/100
|
|t:|1779579267
|switch|p1a: Walking Wake|Walking Wake|100/100|[from] Flip Turn
|-activate|p1a: Walking Wake|ability: Protosynthesis
|-start|p1a: Walking Wake|protosynthesisspa
|
|-weather|SunnyDay|[upkeep]
|upkeep
|turn|6
|
|t:|1779579280
|switch|p2a: Great Tusk|Great Tusk|100/100
|-activate|p2a: Great Tusk|ability: Protosynthesis
|-start|p2a: Great Tusk|protosynthesisdef
|-terastallize|p1a: Walking Wake|Water
|move|p1a: Walking Wake|Hydro Steam|p2a: Great Tusk
|-supereffective|p2a: Great Tusk
|-damage|p2a: Great Tusk|0 fnt
|faint|p2a: Great Tusk
|-end|p2a: Great Tusk|Protosynthesis|[silent]
|
|-weather|SunnyDay|[upkeep]
|upkeep
|inactive|huevo saurio has 120 seconds left.
|
|t:|1779579297
|switch|p2a: Iron Moth|Iron Moth|100/100
|turn|7
|
|t:|1779579300
|move|p2a: Iron Moth|Discharge|p1a: Walking Wake
|-supereffective|p1a: Walking Wake
|-damage|p1a: Walking Wake|34/100
|-status|p1a: Walking Wake|par
|move|p1a: Walking Wake|Hydro Steam|p2a: Iron Moth
|-supereffective|p2a: Iron Moth
|-damage|p2a: Iron Moth|0 fnt
|faint|p2a: Iron Moth
|-end|p2a: Iron Moth|Quark Drive|[silent]
|
|-weather|SunnyDay|[upkeep]
|upkeep
|
|t:|1779579309
|switch|p2a: Eelektross|Eelektross, F|100/100
|turn|8
|
|t:|1779579314
|-end|p1a: Walking Wake|Protosynthesis|[silent]
|switch|p1a: Raging Bolt|Raging Bolt|100/100
|-activate|p1a: Raging Bolt|ability: Protosynthesis
|-start|p1a: Raging Bolt|protosynthesisspa
|move|p2a: Eelektross|Discharge|p1a: Raging Bolt
|-resisted|p1a: Raging Bolt
|-damage|p1a: Raging Bolt|93/100
|
|-weather|none
|-end|p1a: Raging Bolt|Protosynthesis
|upkeep
|turn|9
|
|t:|1779579336
|move|p1a: Raging Bolt|Volt Switch|p2a: Eelektross
|-resisted|p2a: Eelektross
|-damage|p2a: Eelektross|88/100
|
|t:|1779579343
|-end|p1a: Raging Bolt|Protosynthesis|[silent]
|switch|p1a: Torkoal|Torkoal, M|100/100|[from] Volt Switch
|-weather|SunnyDay|[from] ability: Drought|[of] p1a: Torkoal
|move|p2a: Eelektross|Knock Off|p1a: Torkoal
|-damage|p1a: Torkoal|84/100
|-enditem|p1a: Torkoal|Heat Rock|[from] move: Knock Off|[of] p2a: Eelektross
|
|-weather|SunnyDay|[upkeep]
|upkeep
|turn|10
|
|t:|1779579356
|move|p2a: Eelektross|Discharge|p1a: Torkoal
|-damage|p1a: Torkoal|42/100
|move|p1a: Torkoal|Will-O-Wisp|p2a: Eelektross
|-status|p2a: Eelektross|brn
|
|-weather|SunnyDay|[upkeep]
|-damage|p2a: Eelektross|82/100 brn|[from] brn
|upkeep
|turn|11
|
|t:|1779579363
|switch|p1a: Hatterene|Hatterene, F, shiny|77/100
|move|p2a: Eelektross|Discharge|p1a: Hatterene
|-damage|p1a: Hatterene|46/100
|
|-weather|SunnyDay|[upkeep]
|-damage|p2a: Eelektross|75/100 brn|[from] brn
|upkeep
|turn|12
|
|t:|1779579375
|move|p2a: Eelektross|Giga Drain|p1a: Hatterene
|-damage|p1a: Hatterene|26/100
|-heal|p2a: Eelektross|84/100 brn|[from] drain|[of] p1a: Hatterene
|move|p1a: Hatterene|Healing Wish|p1a: Hatterene
|faint|p1a: Hatterene
|
|-weather|SunnyDay|[upkeep]
|-damage|p2a: Eelektross|78/100 brn|[from] brn
|upkeep
|
|t:|1779579379
|switch|p1a: Walking Wake|Walking Wake, tera:Water|34/100 par
|-heal|p1a: Walking Wake|100/100|[from] move: Healing Wish
|-activate|p1a: Walking Wake|ability: Protosynthesis
|-start|p1a: Walking Wake|protosynthesisspa
|turn|13
|
|t:|1779579387
|move|p1a: Walking Wake|Hydro Steam|p2a: Eelektross
|-damage|p2a: Eelektross|0 fnt
|faint|p2a: Eelektross
|
|-weather|SunnyDay|[upkeep]
|upkeep
|
|t:|1779579392
|switch|p2a: Primarina|Primarina, F|96/100
|turn|14
|
|t:|1779579395
|move|p1a: Walking Wake|Hydro Steam|p2a: Primarina
|-resisted|p2a: Primarina
|-damage|p2a: Primarina|51/100
|move|p2a: Primarina|Moonblast|p1a: Walking Wake
|-damage|p1a: Walking Wake|43/100
|-unboost|p1a: Walking Wake|spa|1
|
|-weather|SunnyDay|[upkeep]
|upkeep
|turn|15
|
|t:|1779579414
|-end|p1a: Walking Wake|Protosynthesis|[silent]
|switch|p1a: Alomomola|Alomomola, F|96/100
|move|p2a: Primarina|Moonblast|p1a: Alomomola
|-damage|p1a: Alomomola|57/100
|-unboost|p1a: Alomomola|spa|1
|
|-weather|SunnyDay|[upkeep]
|upkeep
|turn|16
|
|t:|1779579421
|move|p2a: Primarina|Moonblast|p1a: Alomomola
|-damage|p1a: Alomomola|18/100
|move|p1a: Alomomola|Mirror Coat|p2a: Primarina
|-damage|p2a: Primarina|0 fnt
|faint|p2a: Primarina
|
|-weather|none
|upkeep
|
|t:|1779579428
|switch|p2a: Dragapult|Dragapult, M|91/100
|turn|17
|
|t:|1779579432
|switch|p1a: Torkoal|Torkoal, M|42/100
|-weather|SunnyDay|[from] ability: Drought|[of] p1a: Torkoal
|move|p2a: Dragapult|Dragon Pulse|p1a: Torkoal
|-damage|p1a: Torkoal|0 fnt
|faint|p1a: Torkoal
|-damage|p2a: Dragapult|81/100|[from] item: Life Orb
|
|-weather|SunnyDay|[upkeep]
|upkeep
|
|t:|1779579442
|switch|p1a: Raging Bolt|Raging Bolt|93/100
|-activate|p1a: Raging Bolt|ability: Protosynthesis
|-start|p1a: Raging Bolt|protosynthesisspa
|turn|18
|
|t:|1779579450
|-terastallize|p2a: Dragapult|Normal
|move|p2a: Dragapult|Dragon Pulse|p1a: Raging Bolt
|-supereffective|p1a: Raging Bolt
|-damage|p1a: Raging Bolt|3/100
|-damage|p2a: Dragapult|71/100|[from] item: Life Orb
|move|p1a: Raging Bolt|Draco Meteor|p2a: Dragapult
|-damage|p2a: Dragapult|0 fnt
|-unboost|p1a: Raging Bolt|spa|2
|faint|p2a: Dragapult
|
|win|esta man oe
|raw|esta man oe's rating: 1326 &rarr; <strong>1347</strong><br />(+21 for winning)
|raw|huevo saurio's rating: 1349 &rarr; <strong>1328</strong><br />(-21 for losing)
|c|☆esta man oe|🤣
|l|☆esta man oe
|player|p1|
