|j|☆Trainer Esespi
|j|☆syncozazyy
|t:|1779633147
|gametype|singles
|player|p1|Trainer Esespi|102|1146
|player|p2|syncozazyy|169|1109
|gen|9
|tier|[Gen 9] OU
|rated|
|rule|HP Percentage Mod: HP is shown in percentages
|rule|Endless Battle Clause: Forcing endless battles is banned
|rule|Species Clause: Limit one of each Pokémon
|rule|OHKO Clause: OHKO moves are banned
|rule|Evasion Items Clause: Evasion items are banned
|rule|Evasion Moves Clause: Evasion moves are banned
|rule|Evasion Abilities Clause: Evasion abilities are banned
|rule|Sleep Moves Clause: Sleep-inducing moves are banned
|clearpoke
|poke|p1|Kingambit, M|
|poke|p1|Corviknight, M|
|poke|p1|Dragapult, F|
|poke|p1|Regieleki|
|poke|p1|Slowking-Galar, F|
|poke|p1|Zamazenta-*|
|poke|p2|Dragalge, M|
|poke|p2|Tinkaton, F|
|poke|p2|Typhlosion-Hisui, M|
|poke|p2|Abomasnow, M|
|poke|p2|Beartic, M|
|poke|p2|Froslass, F|
|teampreview
|
|t:|1779633163
|teamsize|p1|6
|teamsize|p2|6
|start
|switch|p1a: Zamazenta|Zamazenta|100/100
|switch|p2a: Froslass|Froslass, F, shiny|100/100
|-ability|p1a: Zamazenta|Dauntless Shield|boost
|-boost|p1a: Zamazenta|def|1
|turn|1
|c|☆Trainer Esespi|froslass
|c|☆Trainer Esespi|yess called it
|
|t:|1779633175
|switch|p1a: Slowking|Slowking-Galar, F, shiny|100/100
|move|p2a: Froslass|Taunt|p1a: Slowking
|-start|p1a: Slowking|move: Taunt
|
|upkeep
|turn|2
|
|t:|1779633181
|move|p2a: Froslass|Spikes|p1a: Slowking
|-sidestart|p1: Trainer Esespi|Spikes
|move|p1a: Slowking|Hex|p2a: Froslass
|-supereffective|p2a: Froslass
|-damage|p2a: Froslass|17/100
|
|upkeep
|turn|3
|
|t:|1779633186
|move|p2a: Froslass|Destiny Bond|p2a: Froslass
|-singlemove|p2a: Froslass|Destiny Bond
|move|p1a: Slowking|Hex|p2a: Froslass
|-supereffective|p2a: Froslass
|-damage|p2a: Froslass|0 fnt
|faint|p2a: Froslass
|-activate|p2a: Froslass|move: Destiny Bond
|faint|p1a: Slowking
|
|upkeep
|
|t:|1779633195
|switch|p2a: Abomasnow|Abomasnow, M, shiny|100/100
|switch|p1a: Zamazenta|Zamazenta|100/100
|-damage|p1a: Zamazenta|88/100|[from] Spikes
|-weather|Snowscape|[from] ability: Snow Warning|[of] p2a: Abomasnow
|turn|4
|
|t:|1779633204
|move|p1a: Zamazenta|Iron Defense|p1a: Zamazenta
|-boost|p1a: Zamazenta|def|2
|move|p2a: Abomasnow|Aurora Veil|p2a: Abomasnow
|-sidestart|p2: syncozazyy|move: Aurora Veil
|
|-weather|Snowscape|[upkeep]
|-heal|p1a: Zamazenta|94/100|[from] item: Leftovers
|upkeep
|turn|5
|
|t:|1779633211
|move|p1a: Zamazenta|Body Press|p2a: Abomasnow
|-supereffective|p2a: Abomasnow
|-damage|p2a: Abomasnow|53/100
|move|p2a: Abomasnow|Blizzard|p1a: Zamazenta
|-damage|p1a: Zamazenta|49/100
|
|-weather|Snowscape|[upkeep]
|-heal|p1a: Zamazenta|55/100|[from] item: Leftovers
|upkeep
|turn|6
|
|t:|1779633219
|move|p1a: Zamazenta|Body Press|p2a: Abomasnow
|-supereffective|p2a: Abomasnow
|-damage|p2a: Abomasnow|6/100
|move|p2a: Abomasnow|Blizzard|p1a: Zamazenta
|-damage|p1a: Zamazenta|12/100
|
|-weather|Snowscape|[upkeep]
|-heal|p1a: Zamazenta|19/100|[from] item: Leftovers
|upkeep
|turn|7
|
|t:|1779633230
|switch|p2a: Typhlosion|Typhlosion-Hisui, M|100/100
|move|p1a: Zamazenta|Body Press|p2a: Typhlosion
|-immune|p2a: Typhlosion
|
|-weather|Snowscape|[upkeep]
|-heal|p1a: Zamazenta|25/100|[from] item: Leftovers
|upkeep
|turn|8
|
|t:|1779633251
|move|p2a: Typhlosion|Flamethrower|p1a: Zamazenta
|-damage|p1a: Zamazenta|0 fnt
|faint|p1a: Zamazenta
|
|-weather|Snowscape|[upkeep]
|-sideend|p2: syncozazyy|move: Aurora Veil
|upkeep
|
|t:|1779633257
|switch|p1a: Dragapult|Dragapult, F|100/100
|-damage|p1a: Dragapult|88/100|[from] Spikes
|turn|9
|
|t:|1779633265
|switch|p2a: Tinkaton|Tinkaton, F|100/100
|-ability|p2a: Tinkaton|Mold Breaker
|move|p1a: Dragapult|Dragon Darts|p2a: Tinkaton
|-immune|p2a: Tinkaton
|
|-weather|Snowscape|[upkeep]
|upkeep
|turn|10
|-message|Trainer Esespi forfeited.
|
|win|syncozazyy
|raw|Trainer Esespi's rating: 1146 &rarr; <strong>1118</strong><br />(-28 for losing)
|raw|syncozazyy's rating: 1109 &rarr; <strong>1137</strong><br />(+28 for winning)
|l|☆Trainer Esespi
|player|p1|
|l|☆syncozazyy
|player|p2|
