|j|☆012587430a
|j|☆CakNoel
|t:|1779619869
|gametype|singles
|player|p1|012587430a|clown|1323
|player|p2|CakNoel|hoopster|1283
|gen|9
|tier|[Gen 9] OU
|rated|
|rule|HP Percentage Mod: HP is shown in percentages
|rule|Endless Battle Clause: Forcing endless battles is banned
|rule|Species Clause: Limit one of each Pokémon
|rule|OHKO Clause: OHKO moves are banned
|rule|Evasion Items Clause: Evasion items are banned
|rule|Evasion Moves Clause: Evasion moves are banned
|rule|Evasion Abilities Clause: Evasion abilities are banned
|rule|Sleep Moves Clause: Sleep-inducing moves are banned
|clearpoke
|poke|p1|Dragapult, F|
|poke|p1|Klefki, M|
|poke|p1|Ogerpon-Wellspring, F|
|poke|p1|Cinderace, M|
|poke|p1|Iron Valiant|
|poke|p1|Landorus-Therian, M|
|poke|p2|Tyranitar, M|
|poke|p2|Excadrill, F|
|poke|p2|Kingambit, F|
|poke|p2|Alomomola, M|
|poke|p2|Ogerpon-Wellspring, F|
|poke|p2|Corviknight, F|
|teampreview
|inactive|Battle timer is ON: inactive players will automatically lose when time's up. (requested by 012587430a)
|
|t:|1779619879
|teamsize|p1|6
|teamsize|p2|6
|start
|switch|p1a: Mad Max|Klefki, M|100/100
|switch|p2a: Tyranitar|Tyranitar, M|100/100
|-weather|Sandstorm|[from] ability: Sand Stream|[of] p2a: Tyranitar
|turn|1
|
|t:|1779619886
|move|p1a: Mad Max|Reflect|p1a: Mad Max
|-sidestart|p1: 012587430a|Reflect
|move|p2a: Tyranitar|Thunder Wave|p1a: Mad Max
|-status|p1a: Mad Max|par
|
|-weather|Sandstorm|[upkeep]
|upkeep
|turn|2
|
|t:|1779619895
|switch|p1a: Landorus|Landorus-Therian, M|100/100
|-ability|p1a: Landorus|Intimidate|boost
|-unboost|p2a: Tyranitar|atk|1
|move|p2a: Tyranitar|Knock Off|p1a: Landorus
|-damage|p1a: Landorus|83/100
|-damage|p2a: Tyranitar|84/100|[from] item: Rocky Helmet|[of] p1a: Landorus
|-enditem|p1a: Landorus|Rocky Helmet|[from] move: Knock Off|[of] p2a: Tyranitar
|
|-weather|Sandstorm|[upkeep]
|upkeep
|turn|3
|
|t:|1779619916
|move|p1a: Landorus|U-turn|p2a: Tyranitar
|-supereffective|p2a: Tyranitar
|-damage|p2a: Tyranitar|42/100
|
|t:|1779619930
|switch|p1a: Ogerpon|Ogerpon-Wellspring, F|100/100|[from] U-turn
|move|p2a: Tyranitar|Ice Beam|p1a: Ogerpon
|-damage|p1a: Ogerpon|75/100
|
|-weather|Sandstorm|[upkeep]
|-damage|p1a: Ogerpon|69/100|[from] Sandstorm
|upkeep
|turn|4
|
|t:|1779619939
|switch|p2a: Corviknight|Corviknight, F|100/100
|-ability|p2a: Corviknight|Pressure
|move|p1a: Ogerpon|Horn Leech|p2a: Corviknight
|-resisted|p2a: Corviknight
|-damage|p2a: Corviknight|94/100
|-heal|p1a: Ogerpon|74/100|[from] drain|[of] p2a: Corviknight
|-damage|p1a: Ogerpon|57/100|[from] item: Rocky Helmet|[of] p2a: Corviknight
|
|-weather|Sandstorm|[upkeep]
|-damage|p1a: Ogerpon|51/100|[from] Sandstorm
|upkeep
|turn|5
|inactive|012587430a has 120 seconds left.
|
|t:|1779619966
|switch|p1a: Mad Max|Klefki, M|100/100 par
|move|p2a: Corviknight|U-turn|p1a: Mad Max
|-resisted|p1a: Mad Max
|-damage|p1a: Mad Max|99/100 par
|
|t:|1779619973
|switch|p2a: Excadrill|Excadrill, F|100/100|[from] U-turn
|
|-weather|Sandstorm|[upkeep]
|upkeep
|turn|6
|
|t:|1779619980
|switch|p1a: Landorus|Landorus-Therian, M|83/100
|-ability|p1a: Landorus|Intimidate|boost
|-unboost|p2a: Excadrill|atk|1
|move|p2a: Excadrill|Earthquake|p1a: Landorus
|-immune|p1a: Landorus
|
|-weather|Sandstorm|[upkeep]
|upkeep
|turn|7
|
|t:|1779619988
|switch|p2a: Corviknight|Corviknight, F|94/100
|-ability|p2a: Corviknight|Pressure
|move|p1a: Landorus|Stone Edge|p2a: Corviknight
|-damage|p2a: Corviknight|70/100
|
|-weather|Sandstorm|[upkeep]
|upkeep
|turn|8
|
|t:|1779620001
|move|p1a: Landorus|Stone Edge|p2a: Corviknight
|-crit|p2a: Corviknight
|-damage|p2a: Corviknight|34/100
|move|p2a: Corviknight|Roost|p2a: Corviknight
|-heal|p2a: Corviknight|84/100
|-singleturn|p2a: Corviknight|move: Roost
|
|-weather|none
|-sideend|p1: 012587430a|Reflect
|upkeep
|turn|9
|inactive|012587430a has 120 seconds left.
|
|t:|1779620038
|move|p1a: Landorus|Bulk Up|p1a: Landorus
|-boost|p1a: Landorus|atk|1
|-boost|p1a: Landorus|def|1
|move|p2a: Corviknight|U-turn|p1a: Landorus
|-resisted|p1a: Landorus
|-damage|p1a: Landorus|77/100
|
|t:|1779620048
|switch|p2a: Alomomola|Alomomola, M|100/100|[from] U-turn
|
|upkeep
|turn|10
|
|t:|1779620058
|move|p1a: Landorus|U-turn|p2a: Alomomola
|-damage|p2a: Alomomola|75/100
|
|t:|1779620060
|switch|p1a: Ogerpon|Ogerpon-Wellspring, F|51/100|[from] U-turn
|move|p2a: Alomomola|Flip Turn|p1a: Ogerpon
|-heal|p1a: Ogerpon|76/100|[from] ability: Water Absorb|[of] p2a: Alomomola
|
|upkeep
|turn|11
|
|t:|1779620070
|switch|p2a: Corviknight|Corviknight, F|84/100
|-ability|p2a: Corviknight|Pressure
|move|p1a: Ogerpon|Ivy Cudgel|p2a: Corviknight|[anim] Ivy Cudgel Water
|-damage|p2a: Corviknight|49/100
|
|upkeep
|turn|12
|
|t:|1779620079
|switch|p1a: Landorus|Landorus-Therian, M|77/100
|-ability|p1a: Landorus|Intimidate|boost
|-unboost|p2a: Corviknight|atk|1
|move|p2a: Corviknight|Roost|p2a: Corviknight
|-heal|p2a: Corviknight|99/100
|-singleturn|p2a: Corviknight|move: Roost
|
|upkeep
|turn|13
|
|t:|1779620092
|move|p1a: Landorus|Bulk Up|p1a: Landorus
|-boost|p1a: Landorus|atk|1
|-boost|p1a: Landorus|def|1
|move|p2a: Corviknight|U-turn|p1a: Landorus
|-resisted|p1a: Landorus
|-damage|p1a: Landorus|73/100
|
|t:|1779620098
|switch|p2a: Ogerpon|Ogerpon-Wellspring, F|100/100|[from] U-turn
|
|upkeep
|turn|14
|
|t:|1779620115
|switch|p1a: Ogerpon|Ogerpon-Wellspring, F|76/100
|move|p2a: Ogerpon|Encore||[still]
|-fail|p2a: Ogerpon
|
|upkeep
|turn|15
|
|t:|1779620131
|switch|p2a: Corviknight|Corviknight, F|99/100
|-ability|p2a: Corviknight|Pressure
|move|p1a: Ogerpon|Knock Off|p2a: Corviknight
|-damage|p2a: Corviknight|74/100
|-damage|p1a: Ogerpon|59/100|[from] item: Rocky Helmet|[of] p2a: Corviknight
|-enditem|p2a: Corviknight|Rocky Helmet|[from] move: Knock Off|[of] p1a: Ogerpon
|
|upkeep
|turn|16
|
|t:|1779620146
|switch|p1a: Mad Max|Klefki, M|99/100 par
|move|p2a: Corviknight|U-turn|p1a: Mad Max
|-resisted|p1a: Mad Max
|-damage|p1a: Mad Max|95/100 par
|
|t:|1779620152
|switch|p2a: Alomomola|Alomomola, M|100/100|[from] U-turn
|
|upkeep
|turn|17
|
|t:|1779620158
|move|p1a: Mad Max|Thunder Wave|p2a: Alomomola
|-status|p2a: Alomomola|par
|move|p2a: Alomomola|Wish|p2a: Alomomola
|
|upkeep
|turn|18
|
|t:|1779620174
|switch|p2a: Tyranitar|Tyranitar, M|42/100
|-weather|Sandstorm|[from] ability: Sand Stream|[of] p2a: Tyranitar
|move|p1a: Mad Max|Draining Kiss|p2a: Tyranitar
|-supereffective|p2a: Tyranitar
|-damage|p2a: Tyranitar|30/100
|-heal|p1a: Mad Max|100/100 par|[from] drain|[of] p2a: Tyranitar
|
|-weather|Sandstorm|[upkeep]
|-heal|p2a: Tyranitar|88/100|[from] move: Wish|[wisher] Alomomola
|upkeep
|turn|19
|
|t:|1779620184
|move|p1a: Mad Max|Reflect|p1a: Mad Max
|-sidestart|p1: 012587430a|Reflect
|move|p2a: Tyranitar|Knock Off|p1a: Mad Max
|-resisted|p1a: Mad Max
|-damage|p1a: Mad Max|89/100 par
|-enditem|p1a: Mad Max|Light Clay|[from] move: Knock Off|[of] p2a: Tyranitar
|
|-weather|Sandstorm|[upkeep]
|upkeep
|turn|20
|inactive|012587430a has 120 seconds left.
|
|t:|1779620211
|switch|p2a: Excadrill|Excadrill, F|100/100
|switch|p1a: Landorus|Landorus-Therian, M|73/100
|-ability|p1a: Landorus|Intimidate|boost
|-unboost|p2a: Excadrill|atk|1
|
|-weather|Sandstorm|[upkeep]
|upkeep
|turn|21
|inactive|012587430a has 120 seconds left.
|
|t:|1779620234
|switch|p2a: Corviknight|Corviknight, F|74/100
|-ability|p2a: Corviknight|Pressure
|move|p1a: Landorus|U-turn|p2a: Corviknight
|-resisted|p2a: Corviknight
|-damage|p2a: Corviknight|71/100
|
|t:|1779620243
|switch|p1a: Cinderace|Cinderace, M|100/100|[from] U-turn
|
|-weather|Sandstorm|[upkeep]
|-damage|p1a: Cinderace|94/100|[from] Sandstorm
|upkeep
|turn|22
|inactive|012587430a has 120 seconds left.
|
|t:|1779620251
|switch|p2a: Alomomola|Alomomola, M|100/100 par
|move|p1a: Cinderace|Will-O-Wisp||[still]
|-fail|p1a: Cinderace
|
|-weather|Sandstorm|[upkeep]
|-damage|p1a: Cinderace|88/100|[from] Sandstorm
|-damage|p2a: Alomomola|94/100 par|[from] Sandstorm
|upkeep
|turn|23
|
|t:|1779620259
|switch|p1a: Ogerpon|Ogerpon-Wellspring, F|59/100
|move|p2a: Alomomola|Play Rough|p1a: Ogerpon
|-damage|p1a: Ogerpon|49/100
|
|-weather|Sandstorm|[upkeep]
|-damage|p1a: Ogerpon|43/100|[from] Sandstorm
|-damage|p2a: Alomomola|88/100 par|[from] Sandstorm
|upkeep
|turn|24
|
|t:|1779620269
|move|p2a: Alomomola|Protect|p2a: Alomomola
|-singleturn|p2a: Alomomola|Protect
|move|p1a: Ogerpon|Horn Leech|p2a: Alomomola
|-activate|p2a: Alomomola|move: Protect
|
|-weather|Sandstorm|[upkeep]
|-damage|p1a: Ogerpon|37/100|[from] Sandstorm
|-damage|p2a: Alomomola|82/100 par|[from] Sandstorm
|upkeep
|turn|25
|
|t:|1779620278
|move|p1a: Ogerpon|Horn Leech|p2a: Alomomola
|-supereffective|p2a: Alomomola
|-damage|p2a: Alomomola|26/100 par
|-heal|p1a: Ogerpon|81/100|[from] drain|[of] p2a: Alomomola
|move|p2a: Alomomola|Wish|p2a: Alomomola
|
|-weather|none
|upkeep
|turn|26
|
|t:|1779620294
|switch|p2a: Corviknight|Corviknight, F|71/100
|-ability|p2a: Corviknight|Pressure
|move|p1a: Ogerpon|Horn Leech|p2a: Corviknight
|-resisted|p2a: Corviknight
|-damage|p2a: Corviknight|64/100
|-heal|p1a: Ogerpon|86/100|[from] drain|[of] p2a: Corviknight
|
|-heal|p2a: Corviknight|100/100|[from] move: Wish|[wisher] Alomomola
|-sideend|p1: 012587430a|Reflect
|upkeep
|turn|27
|
|t:|1779620305
|switch|p1a: Mad Max|Klefki, M|89/100 par
|move|p2a: Corviknight|U-turn|p1a: Mad Max
|-resisted|p1a: Mad Max
|-damage|p1a: Mad Max|85/100 par
|
|t:|1779620315
|switch|p2a: Excadrill|Excadrill, F|100/100|[from] U-turn
|
|upkeep
|turn|28
|
|t:|1779620330
|switch|p1a: Landorus|Landorus-Therian, M|73/100
|-ability|p1a: Landorus|Intimidate|boost
|-unboost|p2a: Excadrill|atk|1
|move|p2a: Excadrill|Rock Slide|p1a: Landorus
|-damage|p1a: Landorus|48/100
|-damage|p2a: Excadrill|91/100|[from] item: Life Orb
|
|upkeep
|turn|29
|
|t:|1779620343
|switch|p2a: Corviknight|Corviknight, F|100/100
|-ability|p2a: Corviknight|Pressure
|move|p1a: Landorus|U-turn|p2a: Corviknight
|-resisted|p2a: Corviknight
|-damage|p2a: Corviknight|97/100
|
|t:|1779620368
|switch|p1a: Dragapult|Dragapult, F|100/100|[from] U-turn
|
|upkeep
|turn|30
|
|t:|1779620383
|switch|p2a: Tyranitar|Tyranitar, M|88/100
|-weather|Sandstorm|[from] ability: Sand Stream|[of] p2a: Tyranitar
|move|p1a: Dragapult|Thunderbolt|p2a: Tyranitar
|-damage|p2a: Tyranitar|71/100
|
|-weather|Sandstorm|[upkeep]
|-damage|p1a: Dragapult|95/100|[from] Sandstorm
|upkeep
|turn|31
|
|t:|1779620396
|switch|p1a: Ogerpon|Ogerpon-Wellspring, F|86/100
|move|p2a: Tyranitar|Knock Off|p1a: Ogerpon
|-damage|p1a: Ogerpon|45/100
|
|-weather|Sandstorm|[upkeep]
|-damage|p1a: Ogerpon|39/100|[from] Sandstorm
|upkeep
|turn|32
|
|t:|1779620404
|switch|p2a: Corviknight|Corviknight, F|97/100
|-ability|p2a: Corviknight|Pressure
|move|p1a: Ogerpon|Horn Leech|p2a: Corviknight
|-resisted|p2a: Corviknight
|-damage|p2a: Corviknight|91/100
|-heal|p1a: Ogerpon|43/100|[from] drain|[of] p2a: Corviknight
|
|-weather|Sandstorm|[upkeep]
|-damage|p1a: Ogerpon|37/100|[from] Sandstorm
|upkeep
|turn|33
|
|t:|1779620418
|switch|p1a: Landorus|Landorus-Therian, M|48/100
|-ability|p1a: Landorus|Intimidate|boost
|-unboost|p2a: Corviknight|atk|1
|move|p2a: Corviknight|U-turn|p1a: Landorus
|-resisted|p1a: Landorus
|-damage|p1a: Landorus|42/100
|
|t:|1779620428
|switch|p2a: Alomomola|Alomomola, M|59/100 par|[from] U-turn
|
|-weather|Sandstorm|[upkeep]
|-damage|p2a: Alomomola|53/100 par|[from] Sandstorm
|upkeep
|turn|34
|
|t:|1779620454
|move|p1a: Landorus|Earthquake|p2a: Alomomola
|-damage|p2a: Alomomola|15/100 par
|cant|p2a: Alomomola|par
|
|-weather|Sandstorm|[upkeep]
|-damage|p2a: Alomomola|9/100 par|[from] Sandstorm
|upkeep
|turn|35
|
|t:|1779620470
|switch|p2a: Corviknight|Corviknight, F|91/100
|-ability|p2a: Corviknight|Pressure
|move|p1a: Landorus|U-turn|p2a: Corviknight
|-resisted|p2a: Corviknight
|-damage|p2a: Corviknight|87/100
|inactive|012587430a has 120 seconds left.
|
|t:|1779620481
|switch|p1a: Cinderace|Cinderace, M|88/100|[from] U-turn
|
|-weather|Sandstorm|[upkeep]
|-damage|p1a: Cinderace|82/100|[from] Sandstorm
|upkeep
|turn|36
|
|t:|1779620510
|move|p1a: Cinderace|Will-O-Wisp|p2a: Corviknight
|-status|p2a: Corviknight|brn
|move|p2a: Corviknight|U-turn|p1a: Cinderace
|-resisted|p1a: Cinderace
|-damage|p1a: Cinderace|78/100
|
|t:|1779620514
|switch|p2a: Alomomola|Alomomola, M|42/100 par|[from] U-turn
|
|-weather|Sandstorm|[upkeep]
|-damage|p1a: Cinderace|71/100|[from] Sandstorm
|-damage|p2a: Alomomola|36/100 par|[from] Sandstorm
|upkeep
|turn|37
|
|t:|1779620527
|move|p1a: Cinderace|Pyro Ball|p2a: Alomomola
|-resisted|p2a: Alomomola
|-damage|p2a: Alomomola|20/100 par
|move|p2a: Alomomola|Wish|p2a: Alomomola
|
|-weather|none
|upkeep
|turn|38
|inactive|012587430a has 120 seconds left.
|
|t:|1779620552
|move|p2a: Alomomola|Protect|p2a: Alomomola
|-singleturn|p2a: Alomomola|Protect
|move|p1a: Cinderace|Pyro Ball|p2a: Alomomola
|-activate|p2a: Alomomola|move: Protect
|
|-heal|p2a: Alomomola|70/100 par|[from] move: Wish|[wisher] Alomomola
|upkeep
|turn|39
|
|t:|1779620560
|switch|p1a: Ogerpon|Ogerpon-Wellspring, F|37/100
|move|p2a: Alomomola|Wish|p2a: Alomomola
|
|upkeep
|turn|40
|
|t:|1779620569
|switch|p2a: Corviknight|Corviknight, F|87/100 brn
|-ability|p2a: Corviknight|Pressure
|move|p1a: Ogerpon|Horn Leech|p2a: Corviknight
|-resisted|p2a: Corviknight
|-damage|p2a: Corviknight|81/100 brn
|-heal|p1a: Ogerpon|41/100|[from] drain|[of] p2a: Corviknight
|
|-heal|p2a: Corviknight|100/100 brn|[from] move: Wish|[wisher] Alomomola
|-damage|p2a: Corviknight|94/100 brn|[from] brn
|upkeep
|turn|41
|
|t:|1779620593
|switch|p1a: Mad Max|Klefki, M|85/100 par
|move|p2a: Corviknight|Brave Bird|p1a: Mad Max
|-resisted|p1a: Mad Max
|-damage|p1a: Mad Max|75/100 par
|-damage|p2a: Corviknight|92/100 brn|[from] Recoil
|
|-damage|p2a: Corviknight|86/100 brn|[from] brn
|upkeep
|turn|42
|
|t:|1779620604
|cant|p1a: Mad Max|par
|move|p2a: Corviknight|U-turn|p1a: Mad Max
|-resisted|p1a: Mad Max
|-damage|p1a: Mad Max|74/100 par
|
|t:|1779620614
|switch|p2a: Excadrill|Excadrill, F|91/100|[from] U-turn
|
|upkeep
|turn|43
|
|t:|1779620627
|move|p1a: Mad Max|Reflect|p1a: Mad Max
|-sidestart|p1: 012587430a|Reflect
|move|p2a: Excadrill|Swords Dance|p2a: Excadrill
|-boost|p2a: Excadrill|atk|2
|
|upkeep
|turn|44
|
|t:|1779620633
|switch|p1a: Landorus|Landorus-Therian, M|42/100
|-ability|p1a: Landorus|Intimidate|boost
|-unboost|p2a: Excadrill|atk|1
|move|p2a: Excadrill|Rock Slide|p1a: Landorus|[miss]
|-miss|p2a: Excadrill|p1a: Landorus
|
|upkeep
|turn|45
|
|t:|1779620645
|switch|p2a: Corviknight|Corviknight, F|86/100 brn
|-ability|p2a: Corviknight|Pressure
|move|p1a: Landorus|Earthquake|p2a: Corviknight
|-immune|p2a: Corviknight
|
|-damage|p2a: Corviknight|80/100 brn|[from] brn
|upkeep
|turn|46
|
|t:|1779620666
|move|p1a: Landorus|U-turn|p2a: Corviknight
|-resisted|p2a: Corviknight
|-damage|p2a: Corviknight|77/100 brn
|
|t:|1779620669
|switch|p1a: Dragapult|Dragapult, F|95/100|[from] U-turn
|move|p2a: Corviknight|U-turn|p1a: Dragapult
|-resisted|p1a: Dragapult
|-damage|p1a: Dragapult|92/100
|
|t:|1779620680
|switch|p2a: Kingambit|Kingambit, F|100/100|[from] U-turn
|
|upkeep
|turn|47
|
|t:|1779620690
|-end|p2a: Kingambit|fallenundefined|[silent]
|switch|p2a: Tyranitar|Tyranitar, M|71/100
|-weather|Sandstorm|[from] ability: Sand Stream|[of] p2a: Tyranitar
|move|p1a: Dragapult|Fire Blast|p2a: Tyranitar
|-resisted|p2a: Tyranitar
|-damage|p2a: Tyranitar|61/100
|
|-weather|Sandstorm|[upkeep]
|-damage|p1a: Dragapult|86/100|[from] Sandstorm
|-sideend|p1: 012587430a|Reflect
|upkeep
|turn|48
|
|t:|1779620707
|switch|p1a: Mad Max|Klefki, M|74/100 par
|move|p2a: Tyranitar|Stone Edge|p1a: Mad Max|[miss]
|-miss|p2a: Tyranitar|p1a: Mad Max
|
|-weather|Sandstorm|[upkeep]
|upkeep
|turn|49
|
|t:|1779620719
|switch|p2a: Excadrill|Excadrill, F|91/100
|cant|p1a: Mad Max|par
|
|-weather|Sandstorm|[upkeep]
|upkeep
|turn|50
|
|t:|1779620733
|cant|p1a: Mad Max|par
|move|p2a: Excadrill|Swords Dance|p2a: Excadrill
|-boost|p2a: Excadrill|atk|2
|
|-weather|Sandstorm|[upkeep]
|upkeep
|turn|51
|
|t:|1779620739
|switch|p1a: Landorus|Landorus-Therian, M|42/100
|-ability|p1a: Landorus|Intimidate|boost
|-unboost|p2a: Excadrill|atk|1
|move|p2a: Excadrill|Rock Slide|p1a: Landorus|[miss]
|-miss|p2a: Excadrill|p1a: Landorus
|
|-weather|Sandstorm|[upkeep]
|upkeep
|turn|52
|c|☆CakNoel|Fuuuuuuuuck
|
|t:|1779620767
|move|p2a: Excadrill|Rock Slide|p1a: Landorus
|-damage|p1a: Landorus|0 fnt
|faint|p1a: Landorus
|-damage|p2a: Excadrill|81/100|[from] item: Life Orb
|
|-weather|Sandstorm|[upkeep]
|upkeep
|inactive|012587430a has 120 seconds left.
|
|t:|1779620790
|switch|p1a: Mad Max|Klefki, M|74/100 par
|turn|53
|
|t:|1779620796
|move|p1a: Mad Max|Reflect|p1a: Mad Max
|-sidestart|p1: 012587430a|Reflect
|move|p2a: Excadrill|Rapid Spin|p1a: Mad Max
|-resisted|p1a: Mad Max
|-damage|p1a: Mad Max|63/100 par
|-boost|p2a: Excadrill|spe|1
|-damage|p2a: Excadrill|71/100|[from] item: Life Orb
|
|-weather|Sandstorm|[upkeep]
|upkeep
|turn|54
|inactive|012587430a has 120 seconds left.
|
|t:|1779620810
|switch|p1a: Ogerpon|Ogerpon-Wellspring, F|41/100
|move|p2a: Excadrill|Swords Dance|p2a: Excadrill
|-boost|p2a: Excadrill|atk|2
|
|-weather|none
|upkeep
|turn|55
|
|t:|1779620823
|move|p2a: Excadrill|Earthquake|p1a: Ogerpon
|-resisted|p1a: Ogerpon
|-damage|p1a: Ogerpon|0 fnt
|faint|p1a: Ogerpon
|-damage|p2a: Excadrill|61/100|[from] item: Life Orb
|
|upkeep
|inactive|012587430a has 120 seconds left.
|
|t:|1779620834
|switch|p1a: Cinderace|Cinderace, M|71/100
|turn|56
|
|t:|1779620856
|move|p2a: Excadrill|Rock Slide|p1a: Cinderace
|-supereffective|p1a: Cinderace
|-damage|p1a: Cinderace|0 fnt
|faint|p1a: Cinderace
|-damage|p2a: Excadrill|51/100|[from] item: Life Orb
|
|upkeep
|inactive|012587430a has 120 seconds left.
|
|t:|1779620877
|switch|p1a: Iron Valiant|Iron Valiant|100/100
|-enditem|p1a: Iron Valiant|Booster Energy
|-activate|p1a: Iron Valiant|ability: Quark Drive|[fromitem]
|-start|p1a: Iron Valiant|quarkdrivespe
|turn|57
|inactive|012587430a has 120 seconds left.
|
|t:|1779620892
|switch|p2a: Corviknight|Corviknight, F|77/100 brn
|-ability|p2a: Corviknight|Pressure
|move|p1a: Iron Valiant|Drain Punch|p2a: Corviknight
|-damage|p2a: Corviknight|55/100 brn
|
|-damage|p2a: Corviknight|49/100 brn|[from] brn
|-sideend|p1: 012587430a|Reflect
|upkeep
|turn|58
|inactive|012587430a has 120 seconds left.
|
|t:|1779620910
|move|p1a: Iron Valiant|Drain Punch|p2a: Corviknight
|-damage|p2a: Corviknight|27/100 brn
|move|p2a: Corviknight|Roost|p2a: Corviknight
|-heal|p2a: Corviknight|77/100 brn
|-singleturn|p2a: Corviknight|move: Roost
|
|-damage|p2a: Corviknight|71/100 brn|[from] brn
|upkeep
|turn|59
|
|t:|1779620918
|move|p1a: Iron Valiant|Drain Punch|p2a: Corviknight
|-damage|p2a: Corviknight|47/100 brn
|move|p2a: Corviknight|Brave Bird|p1a: Iron Valiant
|-supereffective|p1a: Iron Valiant
|-damage|p1a: Iron Valiant|50/100
|-damage|p2a: Corviknight|35/100 brn|[from] Recoil
|
|-damage|p2a: Corviknight|29/100 brn|[from] brn
|upkeep
|turn|60
|
|t:|1779620927
|move|p1a: Iron Valiant|Drain Punch|p2a: Corviknight
|-damage|p2a: Corviknight|7/100 brn
|-heal|p1a: Iron Valiant|66/100|[from] drain|[of] p2a: Corviknight
|move|p2a: Corviknight|Brave Bird|p1a: Iron Valiant
|-supereffective|p1a: Iron Valiant
|-damage|p1a: Iron Valiant|21/100
|-damage|p2a: Corviknight|0 fnt|[from] Recoil
|faint|p2a: Corviknight
|
|upkeep
|
|t:|1779620939
|switch|p2a: Ogerpon|Ogerpon-Wellspring, F|100/100
|turn|61
|
|t:|1779620961
|-end|p1a: Iron Valiant|Quark Drive|[silent]
|switch|p1a: Mad Max|Klefki, M|63/100 par
|move|p2a: Ogerpon|Ivy Cudgel|p1a: Mad Max|[anim] Ivy Cudgel Water
|-crit|p1a: Mad Max
|-damage|p1a: Mad Max|0 fnt
|faint|p1a: Mad Max
|
|upkeep
|inactive|012587430a has 120 seconds left.
|
|t:|1779620987
|switch|p1a: Iron Valiant|Iron Valiant|21/100
|turn|62
|
|t:|1779620997
|move|p1a: Iron Valiant|Destiny Bond|p1a: Iron Valiant
|-singlemove|p1a: Iron Valiant|Destiny Bond
|move|p2a: Ogerpon|Ivy Cudgel|p1a: Iron Valiant|[anim] Ivy Cudgel Water
|-crit|p1a: Iron Valiant
|-damage|p1a: Iron Valiant|0 fnt
|faint|p1a: Iron Valiant
|-activate|p1a: Iron Valiant|move: Destiny Bond
|-end|p1a: Iron Valiant|Quark Drive|[silent]
|faint|p2a: Ogerpon
|
|upkeep
|
|t:|1779621016
|switch|p1a: Dragapult|Dragapult, F|86/100
|switch|p2a: Tyranitar|Tyranitar, M|61/100
|-weather|Sandstorm|[from] ability: Sand Stream|[of] p2a: Tyranitar
|turn|63
|-message|012587430a forfeited.
|
|win|CakNoel
|raw|012587430a's rating: 1323 &rarr; <strong>1301</strong><br />(-22 for losing)
|raw|CakNoel's rating: 1283 &rarr; <strong>1311</strong><br />(+28 for winning)
|l|☆012587430a
|player|p1|
