|j|☆mpreg fantasies
|j|☆Billythekid95
|t:|1779713342
|gametype|singles
|player|p1|mpreg fantasies|102|1693
|player|p2|Billythekid95|102|1728
|gen|9
|tier|[Gen 9] OU
|rated|
|rule|HP Percentage Mod: HP is shown in percentages
|rule|Endless Battle Clause: Forcing endless battles is banned
|rule|Species Clause: Limit one of each Pokémon
|rule|OHKO Clause: OHKO moves are banned
|rule|Evasion Items Clause: Evasion items are banned
|rule|Evasion Moves Clause: Evasion moves are banned
|rule|Evasion Abilities Clause: Evasion abilities are banned
|rule|Sleep Moves Clause: Sleep-inducing moves are banned
|clearpoke
|poke|p1|Gholdengo|
|poke|p1|Raging Bolt|
|poke|p1|Ceruledge, F|
|poke|p1|Ribombee, M|
|poke|p1|Dragonite, M|
|poke|p1|Great Tusk|
|poke|p2|Iron Crown|
|poke|p2|Ninetales-Alola, M|
|poke|p2|Great Tusk|
|poke|p2|Ogerpon-Wellspring, F|
|poke|p2|Moltres-Galar|
|poke|p2|Ceruledge, M|
|teampreview
|inactive|Battle timer is ON: inactive players will automatically lose when time's up. (requested by mpreg fantasies)
|inactive|Billythekid95 has 120 seconds left.
|j| yuureisuisei
|
|t:|1779713393
|teamsize|p1|6
|teamsize|p2|6
|start
|switch|p1a: Ribombee|Ribombee, M|100/100
|switch|p2a: Ogerpon|Ogerpon-Wellspring, F|100/100
|turn|1
|
|t:|1779713398
|move|p1a: Ribombee|Sticky Web|p2a: Ogerpon
|-sidestart|p2: Billythekid95|move: Sticky Web
|move|p2a: Ogerpon|U-turn|p1a: Ribombee
|-resisted|p1a: Ribombee
|-damage|p1a: Ribombee|74/100
|
|t:|1779713404
|switch|p2a: Ninetales|Ninetales-Alola, M|100/100|[from] U-turn
|-activate|p2a: Ninetales|move: Sticky Web
|-unboost|p2a: Ninetales|spe|1
|-weather|Snowscape|[from] ability: Snow Warning|[of] p2a: Ninetales
|
|-weather|Snowscape|[upkeep]
|upkeep
|turn|2
|
|t:|1779713410
|move|p1a: Ribombee|Moonblast|p2a: Ninetales
|-crit|p2a: Ninetales
|-damage|p2a: Ninetales|41/100
|-unboost|p2a: Ninetales|spa|1
|move|p2a: Ninetales|Aurora Veil|p2a: Ninetales
|-sidestart|p2: Billythekid95|move: Aurora Veil
|
|-weather|Snowscape|[upkeep]
|upkeep
|turn|3
|
|t:|1779713419
|switch|p2a: Great Tusk|Great Tusk|100/100
|-activate|p2a: Great Tusk|move: Sticky Web
|-unboost|p2a: Great Tusk|spe|1
|move|p1a: Ribombee|Stun Spore|p2a: Great Tusk
|-status|p2a: Great Tusk|par
|
|-weather|Snowscape|[upkeep]
|upkeep
|turn|4
|
|t:|1779713426
|move|p1a: Ribombee|Moonblast|p2a: Great Tusk
|-supereffective|p2a: Great Tusk
|-damage|p2a: Great Tusk|77/100 par
|move|p2a: Great Tusk|Knock Off|p1a: Ribombee
|-resisted|p1a: Ribombee
|-damage|p1a: Ribombee|47/100
|-enditem|p1a: Ribombee|Focus Sash|[from] move: Knock Off|[of] p2a: Great Tusk
|
|-weather|Snowscape|[upkeep]
|upkeep
|turn|5
|
|t:|1779713434
|switch|p1a: Gholdengo|Gholdengo|100/100
|-item|p1a: Gholdengo|Air Balloon
|cant|p2a: Great Tusk|par
|
|-weather|none
|upkeep
|turn|6
|
|t:|1779713446
|switch|p1a: Ribombee|Ribombee, M|47/100
|move|p2a: Great Tusk|Knock Off|p1a: Ribombee
|-resisted|p1a: Ribombee
|-damage|p1a: Ribombee|28/100
|
|upkeep
|turn|7
|inactive|mpreg fantasies has 120 seconds left.
|
|t:|1779713479
|switch|p1a: Gholdengo|Gholdengo|100/100
|-item|p1a: Gholdengo|Air Balloon
|move|p2a: Great Tusk|Rapid Spin|p1a: Gholdengo
|-immune|p1a: Gholdengo
|
|upkeep
|turn|8
|inactive|mpreg fantasies has 120 seconds left.
|
|t:|1779713498
|move|p1a: Gholdengo|Nasty Plot|p1a: Gholdengo
|-boost|p1a: Gholdengo|spa|2
|cant|p2a: Great Tusk|par
|
|upkeep
|turn|9
|inactive|mpreg fantasies has 120 seconds left.
|
|t:|1779713510
|move|p1a: Gholdengo|Dazzling Gleam|p2a: Great Tusk
|-supereffective|p2a: Great Tusk
|-damage|p2a: Great Tusk|42/100 par
|move|p2a: Great Tusk|Knock Off|p1a: Gholdengo
|-supereffective|p1a: Gholdengo
|-damage|p1a: Gholdengo|32/100
|-enditem|p1a: Gholdengo|Air Balloon
|
|-sideend|p2: Billythekid95|move: Aurora Veil
|upkeep
|turn|10
|inactive|mpreg fantasies has 120 seconds left.
|
|t:|1779713518
|move|p1a: Gholdengo|Dazzling Gleam|p2a: Great Tusk
|-supereffective|p2a: Great Tusk
|-damage|p2a: Great Tusk|0 fnt
|faint|p2a: Great Tusk
|-end|p2a: Great Tusk|Protosynthesis|[silent]
|
|upkeep
|
|t:|1779713523
|switch|p2a: Moltres|Moltres-Galar|100/100
|turn|11
|
|t:|1779713526
|-terastallize|p1a: Gholdengo|Fairy
|move|p2a: Moltres|Fiery Wrath|p1a: Gholdengo
|-resisted|p1a: Gholdengo
|-damage|p1a: Gholdengo|8/100
|move|p1a: Gholdengo|Dazzling Gleam|p2a: Moltres
|-supereffective|p2a: Moltres
|-damage|p2a: Moltres|0 fnt
|faint|p2a: Moltres
|
|upkeep
|l| yuureisuisei
|
|t:|1779713534
|switch|p2a: Ceruledge|Ceruledge, M|100/100
|-activate|p2a: Ceruledge|move: Sticky Web
|-unboost|p2a: Ceruledge|spe|1
|turn|12
|
|t:|1779713538
|move|p2a: Ceruledge|Shadow Sneak|p1a: Gholdengo
|-damage|p1a: Gholdengo|0 fnt
|faint|p1a: Gholdengo
|
|upkeep
|
|t:|1779713542
|switch|p1a: Dragonite|Dragonite, M|100/100
|turn|13
|
|t:|1779713547
|switch|p2a: Ninetales|Ninetales-Alola, M|41/100
|-activate|p2a: Ninetales|move: Sticky Web
|-unboost|p2a: Ninetales|spe|1
|-weather|Snowscape|[from] ability: Snow Warning|[of] p2a: Ninetales
|move|p1a: Dragonite|Dragon Dance|p1a: Dragonite
|-boost|p1a: Dragonite|atk|1
|-boost|p1a: Dragonite|spe|1
|
|-weather|Snowscape|[upkeep]
|upkeep
|turn|14
|
|t:|1779713555
|move|p1a: Dragonite|Fire Punch|p2a: Ninetales
|-supereffective|p2a: Ninetales
|-damage|p2a: Ninetales|0 fnt
|faint|p2a: Ninetales
|
|-weather|Snowscape|[upkeep]
|upkeep
|
|t:|1779713563
|switch|p2a: Ogerpon|Ogerpon-Wellspring, F|100/100
|-activate|p2a: Ogerpon|move: Sticky Web
|-unboost|p2a: Ogerpon|spe|1
|turn|15
|
|t:|1779713571
|move|p1a: Dragonite|Scale Shot|p2a: Ogerpon
|-damage|p2a: Ogerpon|70/100
|-damage|p2a: Ogerpon|40/100
|-damage|p2a: Ogerpon|12/100
|-crit|p2a: Ogerpon
|-damage|p2a: Ogerpon|0 fnt
|faint|p2a: Ogerpon
|-hitcount|p2: Ogerpon|4
|-unboost|p1a: Dragonite|def|1
|-boost|p1a: Dragonite|spe|1
|
|-weather|Snowscape|[upkeep]
|upkeep
|
|t:|1779713581
|switch|p2a: Iron Crown|Iron Crown|100/100
|-activate|p2a: Iron Crown|move: Sticky Web
|-unboost|p2a: Iron Crown|spe|1
|-enditem|p2a: Iron Crown|Booster Energy
|-activate|p2a: Iron Crown|ability: Quark Drive|[fromitem]
|-start|p2a: Iron Crown|quarkdrivespa
|turn|16
|
|t:|1779713588
|move|p1a: Dragonite|Fire Punch|p2a: Iron Crown
|-supereffective|p2a: Iron Crown
|-damage|p2a: Iron Crown|26/100
|move|p2a: Iron Crown|Tachyon Cutter|p1a: Dragonite
|-damage|p1a: Dragonite|84/100
|-damage|p1a: Dragonite|53/100
|-hitcount|p1a: Dragonite|2
|
|-weather|Snowscape|[upkeep]
|upkeep
|turn|17
|
|t:|1779713598
|move|p1a: Dragonite|Fire Punch|p2a: Iron Crown
|-supereffective|p2a: Iron Crown
|-damage|p2a: Iron Crown|0 fnt
|faint|p2a: Iron Crown
|-end|p2a: Iron Crown|Quark Drive|[silent]
|
|-weather|none
|upkeep
|
|t:|1779713603
|switch|p2a: Ceruledge|Ceruledge, M|100/100
|-activate|p2a: Ceruledge|move: Sticky Web
|-unboost|p2a: Ceruledge|spe|1
|turn|18
|
|t:|1779713607
|move|p1a: Dragonite|Scale Shot|p2a: Ceruledge
|-damage|p2a: Ceruledge|74/100
|-damage|p2a: Ceruledge|47/100
|-damage|p2a: Ceruledge|20/100
|-damage|p2a: Ceruledge|0 fnt
|faint|p2a: Ceruledge
|-hitcount|p2: Ceruledge|4
|
|win|mpreg fantasies
|raw|mpreg fantasies's rating: 1693 &rarr; <strong>1715</strong><br />(+22 for winning)
|raw|Billythekid95's rating: 1728 &rarr; <strong>1706</strong><br />(-22 for losing)
|l|☆Billythekid95
|player|p2|
|l|☆mpreg fantasies
|player|p1|
