|j|☆smithwick1
|j|☆Nat889
|t:|1779690620
|gametype|singles
|player|p1|smithwick1|1|1602
|player|p2|Nat889|miku-ghost|1583
|gen|9
|tier|[Gen 9] OU
|rated|
|rule|HP Percentage Mod: HP is shown in percentages
|rule|Endless Battle Clause: Forcing endless battles is banned
|rule|Species Clause: Limit one of each Pokémon
|rule|OHKO Clause: OHKO moves are banned
|rule|Evasion Items Clause: Evasion items are banned
|rule|Evasion Moves Clause: Evasion moves are banned
|rule|Evasion Abilities Clause: Evasion abilities are banned
|rule|Sleep Moves Clause: Sleep-inducing moves are banned
|clearpoke
|poke|p1|Zamazenta-*|
|poke|p1|Dragapult, F|
|poke|p1|Pecharunt|
|poke|p1|Ogerpon-Wellspring, F|
|poke|p1|Iron Treads|
|poke|p1|Kingambit, F|
|poke|p2|Hoopa|
|poke|p2|Cinderace, M|
|poke|p2|Mandibuzz, F|
|poke|p2|Kyurem|
|poke|p2|Ting-Lu|
|poke|p2|Manaphy|
|teampreview
|inactive|Battle timer is ON: inactive players will automatically lose when time's up. (requested by smithwick1)
|
|t:|1779690655
|teamsize|p1|6
|teamsize|p2|6
|start
|switch|p1a: Iron Treads|Iron Treads|100/100
|switch|p2a: Ting-Lucifer|Ting-Lu|100/100
|-ability|p2a: Ting-Lucifer|Vessel of Ruin
|-enditem|p1a: Iron Treads|Booster Energy
|-activate|p1a: Iron Treads|ability: Quark Drive|[fromitem]
|-start|p1a: Iron Treads|quarkdrivespe
|turn|1
|
|t:|1779690665
|move|p1a: Iron Treads|Knock Off|p2a: Ting-Lucifer
|-resisted|p2a: Ting-Lucifer
|-damage|p2a: Ting-Lucifer|92/100
|-enditem|p2a: Ting-Lucifer|Weakness Policy|[from] move: Knock Off|[of] p1a: Iron Treads
|move|p2a: Ting-Lucifer|Earthquake|p1a: Iron Treads
|-supereffective|p1a: Iron Treads
|-damage|p1a: Iron Treads|15/100
|
|upkeep
|turn|2
|
|t:|1779690672
|move|p1a: Iron Treads|Earthquake|p2a: Ting-Lucifer
|-damage|p2a: Ting-Lucifer|65/100
|move|p2a: Ting-Lucifer|Earthquake|p1a: Iron Treads
|-supereffective|p1a: Iron Treads
|-damage|p1a: Iron Treads|0 fnt
|faint|p1a: Iron Treads
|-end|p1a: Iron Treads|Quark Drive|[silent]
|
|upkeep
|
|t:|1779690676
|switch|p1a: Ogerpon|Ogerpon-Wellspring, F|100/100
|turn|3
|
|t:|1779690690
|switch|p2a: Mandibuzz|Mandibuzz, F, shiny|100/100
|move|p1a: Ogerpon|Ivy Cudgel|p2a: Mandibuzz|[anim] Ivy Cudgel Water
|-damage|p2a: Mandibuzz|68/100
|
|upkeep
|turn|4
|
|t:|1779690699
|switch|p1a: Zamazenta|Zamazenta|100/100
|-ability|p1a: Zamazenta|Dauntless Shield|boost
|-boost|p1a: Zamazenta|def|1
|move|p2a: Mandibuzz|Roost|p2a: Mandibuzz
|-heal|p2a: Mandibuzz|100/100
|-singleturn|p2a: Mandibuzz|move: Roost
|
|upkeep
|turn|5
|
|t:|1779690715
|switch|p2a: Manaphy|Manaphy|100/100
|move|p1a: Zamazenta|Light Screen|p1a: Zamazenta
|-sidestart|p1: smithwick1|move: Light Screen
|
|upkeep
|turn|6
|
|t:|1779690727
|switch|p1a: Ogerpon|Ogerpon-Wellspring, F|100/100
|move|p2a: Manaphy|Tail Glow|p2a: Manaphy
|-boost|p2a: Manaphy|spa|3
|
|upkeep
|turn|7
|
|t:|1779690736
|move|p1a: Ogerpon|Swords Dance|p1a: Ogerpon
|-boost|p1a: Ogerpon|atk|2
|move|p2a: Manaphy|Alluring Voice|p1a: Ogerpon
|-damage|p1a: Ogerpon|74/100
|-start|p1a: Ogerpon|confusion
|
|upkeep
|turn|8
|c|☆smithwick1|Oh please
|
|t:|1779690749
|-activate|p1a: Ogerpon|confusion
|-damage|p1a: Ogerpon|38/100|[from] confusion
|move|p2a: Manaphy|Alluring Voice|p1a: Ogerpon
|-damage|p1a: Ogerpon|10/100
|
|upkeep
|turn|9
|c|☆smithwick1|Dont confuse me
|c|☆smithwick1|Ffs
|
|t:|1779690765
|-terastallize|p2a: Manaphy|Poison
|-activate|p1a: Ogerpon|confusion
|move|p1a: Ogerpon|Horn Leech|p2a: Manaphy
|-resisted|p2a: Manaphy
|-damage|p2a: Manaphy|65/100
|-heal|p1a: Ogerpon|34/100|[from] drain|[of] p2a: Manaphy
|move|p2a: Manaphy|Alluring Voice|p1a: Ogerpon
|-damage|p1a: Ogerpon|8/100
|
|-heal|p2a: Manaphy|71/100|[from] item: Leftovers
|upkeep
|turn|10
|
|t:|1779690778
|-activate|p1a: Ogerpon|confusion
|-damage|p1a: Ogerpon|0 fnt|[from] confusion
|faint|p1a: Ogerpon
|move|p2a: Manaphy|Alluring Voice|p1: Ogerpon|[notarget]
|-fail|p2a: Manaphy
|
|-heal|p2a: Manaphy|77/100|[from] item: Leftovers
|upkeep
|c|☆smithwick1|Wow ur shite
|
|t:|1779690796
|switch|p1a: Kingambit|Kingambit, F|100/100
|-activate|p1a: Kingambit|ability: Supreme Overlord
|-start|p1a: Kingambit|fallen2|[silent]
|turn|11
|c|☆Nat889|yeah honestly
|inactive|Nat889 has 120 seconds left.
|c|☆Nat889|only reason i didn't tera before was cause i forgot that ogerpon is a fucking grass type lmao
|
|t:|1779690836
|move|p2a: Manaphy|Scald|p1a: Kingambit
|-damage|p1a: Kingambit|61/100
|-status|p1a: Kingambit|brn
|move|p1a: Kingambit|Kowtow Cleave|p2a: Manaphy
|-damage|p2a: Manaphy|52/100
|
|-heal|p2a: Manaphy|58/100|[from] item: Leftovers
|-heal|p1a: Kingambit|67/100 brn|[from] item: Leftovers
|-damage|p1a: Kingambit|61/100 brn|[from] brn
|upkeep
|turn|12
|inactive|Nat889 has 120 seconds left.
|inactive|smithwick1 has 120 seconds left.
|c|☆smithwick1|And the bur
|c|☆smithwick1|Ok gg
|inactive|smithwick1 has 90 seconds left.
|c|☆smithwick1|Cant be bothered with this game lol
|
|t:|1779690899
|move|p2a: Manaphy|Alluring Voice|p1a: Kingambit
|-damage|p1a: Kingambit|34/100 brn
|move|p1a: Kingambit|Kowtow Cleave|p2a: Manaphy
|-damage|p2a: Manaphy|34/100
|
|-heal|p2a: Manaphy|40/100|[from] item: Leftovers
|-heal|p1a: Kingambit|40/100 brn|[from] item: Leftovers
|-damage|p1a: Kingambit|34/100 brn|[from] brn
|-sideend|p1: smithwick1|move: Light Screen
|upkeep
|turn|13
|j| testingrainteam1
|c|☆Nat889|gg
|
|t:|1779690907
|move|p1a: Kingambit|Sucker Punch|p2a: Manaphy
|-damage|p2a: Manaphy|21/100
|move|p2a: Manaphy|Scald|p1a: Kingambit
|-damage|p1a: Kingambit|0 fnt
|faint|p1a: Kingambit
|-end|p1a: Kingambit|fallen2|[silent]
|
|-heal|p2a: Manaphy|27/100|[from] item: Leftovers
|upkeep
|
|t:|1779690910
|switch|p1a: Dragapult|Dragapult, F|100/100
|turn|14
|
|t:|1779690920
|switch|p2a: Ting-Lucifer|Ting-Lu|65/100
|-ability|p2a: Ting-Lucifer|Vessel of Ruin
|move|p1a: Dragapult|Dragon Darts|p2a: Ting-Lucifer
|-damage|p2a: Ting-Lucifer|50/100
|-anim|p1a: Dragapult|Dragon Darts|p2a: Ting-Lucifer
|-damage|p2a: Ting-Lucifer|33/100
|
|upkeep
|turn|15
|inactive|smithwick1 has 120 seconds left.
|inactive|Nat889 has 120 seconds left.
|
|t:|1779690931
|move|p1a: Dragapult|Dragon Darts|p2a: Ting-Lucifer
|-damage|p2a: Ting-Lucifer|17/100
|-anim|p1a: Dragapult|Dragon Darts|p2a: Ting-Lucifer
|-damage|p2a: Ting-Lucifer|0 fnt
|faint|p2a: Ting-Lucifer
|
|upkeep
|
|t:|1779690947
|switch|p2a: Mandibuzz|Mandibuzz, F, shiny|100/100
|turn|16
|
|t:|1779690950
|switch|p1a: Zamazenta|Zamazenta|100/100
|move|p2a: Mandibuzz|Foul Play|p1a: Zamazenta
|-resisted|p1a: Zamazenta
|-damage|p1a: Zamazenta|85/100
|
|upkeep
|turn|17
|inactive|Nat889 has 120 seconds left.
|
|t:|1779690961
|move|p1a: Zamazenta|Close Combat|p2a: Mandibuzz
|-damage|p2a: Mandibuzz|74/100
|-unboost|p1a: Zamazenta|def|1
|-unboost|p1a: Zamazenta|spd|1
|-damage|p1a: Zamazenta|69/100|[from] item: Rocky Helmet|[of] p2a: Mandibuzz
|move|p2a: Mandibuzz|Toxic|p1a: Zamazenta|[miss]
|-miss|p2a: Mandibuzz|p1a: Zamazenta
|
|upkeep
|turn|18
|inactive|Nat889 has 120 seconds left.
|
|t:|1779690969
|switch|p1a: Pecharunt|Pecharunt|100/100
|move|p2a: Mandibuzz|Foul Play|p1a: Pecharunt
|-supereffective|p1a: Pecharunt
|-damage|p1a: Pecharunt|75/100
|
|-heal|p1a: Pecharunt|81/100|[from] item: Leftovers
|upkeep
|turn|19
|inactive|Nat889 has 120 seconds left.
|
|t:|1779690987
|switch|p2a: Hoopa|Hoopa|100/100
|move|p1a: Pecharunt|Nasty Plot|p1a: Pecharunt
|-boost|p1a: Pecharunt|spa|2
|
|-heal|p1a: Pecharunt|87/100|[from] item: Leftovers
|upkeep
|turn|20
|inactive|Nat889 has 120 seconds left.
|
|t:|1779690994
|move|p1a: Pecharunt|Shadow Ball|p2a: Hoopa
|-supereffective|p2a: Hoopa
|-damage|p2a: Hoopa|0 fnt
|faint|p2a: Hoopa
|
|-heal|p1a: Pecharunt|93/100|[from] item: Leftovers
|upkeep
|inactive|Nat889 has 120 seconds left.
|c|☆Nat889|you can def still win this
|l| testingrainteam1
|
|t:|1779691025
|switch|p2a: Manaphy|Manaphy, tera:Poison|27/100
|turn|21
|
|t:|1779691029
|move|p2a: Manaphy|Scald|p1a: Pecharunt
|-crit|p1a: Pecharunt
|-damage|p1a: Pecharunt|49/100
|move|p1a: Pecharunt|Shadow Ball|p2a: Manaphy
|-damage|p2a: Manaphy|0 fnt
|faint|p2a: Manaphy
|
|-heal|p1a: Pecharunt|55/100|[from] item: Leftovers
|upkeep
|
|t:|1779691048
|switch|p2a: Kyurem|Kyurem|100/100
|-ability|p2a: Kyurem|Pressure
|turn|22
|
|t:|1779691053
|switch|p1a: Zamazenta|Zamazenta|69/100
|move|p2a: Kyurem|Draco Meteor|p1a: Zamazenta|[miss]
|-miss|p2a: Kyurem|p1a: Zamazenta
|
|upkeep
|turn|23
|
|t:|1779691061
|switch|p2a: Mandibuzz|Mandibuzz, F, shiny|74/100
|move|p1a: Zamazenta|Close Combat|p2a: Mandibuzz
|-damage|p2a: Mandibuzz|47/100
|-unboost|p1a: Zamazenta|def|1
|-unboost|p1a: Zamazenta|spd|1
|-damage|p1a: Zamazenta|52/100|[from] item: Rocky Helmet|[of] p2a: Mandibuzz
|
|upkeep
|turn|24
|
|t:|1779691072
|switch|p1a: Pecharunt|Pecharunt|55/100
|move|p2a: Mandibuzz|Roost|p2a: Mandibuzz
|-heal|p2a: Mandibuzz|97/100
|-singleturn|p2a: Mandibuzz|move: Roost
|
|-heal|p1a: Pecharunt|61/100|[from] item: Leftovers
|upkeep
|turn|25
|inactive|Nat889 has 120 seconds left.
|
|t:|1779691083
|move|p1a: Pecharunt|Malignant Chain|p2a: Mandibuzz
|-damage|p2a: Mandibuzz|71/100
|-status|p2a: Mandibuzz|tox
|-start|p2a: Mandibuzz|confusion|[from] ability: Poison Puppeteer|[of] p1a: Pecharunt
|-activate|p2a: Mandibuzz|confusion
|move|p2a: Mandibuzz|Foul Play|p1a: Pecharunt
|-supereffective|p1a: Pecharunt
|-damage|p1a: Pecharunt|33/100
|
|-heal|p1a: Pecharunt|39/100|[from] item: Leftovers
|-damage|p2a: Mandibuzz|65/100 tox|[from] psn
|upkeep
|turn|26
|inactive|Nat889 has 120 seconds left.
|
|t:|1779691102
|switch|p2a: Kyurem|Kyurem|100/100
|-ability|p2a: Kyurem|Pressure
|move|p1a: Pecharunt|Malignant Chain|p2a: Kyurem
|-damage|p2a: Kyurem|71/100
|-status|p2a: Kyurem|tox
|-start|p2a: Kyurem|confusion|[from] ability: Poison Puppeteer|[of] p1a: Pecharunt
|
|-heal|p1a: Pecharunt|45/100|[from] item: Leftovers
|-damage|p2a: Kyurem|64/100 tox|[from] psn
|upkeep
|turn|27
|inactive|Nat889 has 120 seconds left.
|
|t:|1779691114
|switch|p1a: Zamazenta|Zamazenta|52/100
|-activate|p2a: Kyurem|confusion
|move|p2a: Kyurem|Ice Beam|p1a: Zamazenta
|-damage|p1a: Zamazenta|16/100
|
|-damage|p2a: Kyurem|52/100 tox|[from] psn
|upkeep
|turn|28
|inactive|Nat889 has 120 seconds left.
|
|t:|1779691125
|switch|p2a: Mandibuzz|Mandibuzz, F, shiny|65/100 tox
|move|p1a: Zamazenta|Close Combat|p2a: Mandibuzz
|-damage|p2a: Mandibuzz|39/100 tox
|-unboost|p1a: Zamazenta|def|1
|-unboost|p1a: Zamazenta|spd|1
|-damage|p1a: Zamazenta|0 fnt|[from] item: Rocky Helmet|[of] p2a: Mandibuzz
|faint|p1a: Zamazenta
|
|-damage|p2a: Mandibuzz|33/100 tox|[from] psn
|upkeep
|
|t:|1779691134
|switch|p1a: Dragapult|Dragapult, F|100/100
|turn|29
|
|t:|1779691140
|-terastallize|p1a: Dragapult|Dragon
|move|p1a: Dragapult|Dragon Darts|p2a: Mandibuzz
|-damage|p2a: Mandibuzz|11/100 tox
|-anim|p1a: Dragapult|Dragon Darts|p2a: Mandibuzz
|-damage|p2a: Mandibuzz|0 fnt
|faint|p2a: Mandibuzz
|
|upkeep
|
|t:|1779691147
|switch|p2a: Kyurem|Kyurem|52/100 tox
|-ability|p2a: Kyurem|Pressure
|turn|30
|j| wyjmjl
|
|t:|1779691155
|switch|p1a: Pecharunt|Pecharunt|45/100
|move|p2a: Kyurem|Ice Beam|p1a: Pecharunt
|-damage|p1a: Pecharunt|0 fnt
|faint|p1a: Pecharunt
|
|-damage|p2a: Kyurem|46/100 tox|[from] psn
|upkeep
|
|t:|1779691159
|switch|p1a: Dragapult|Dragapult, F, tera:Dragon|100/100
|turn|31
|
|t:|1779691165
|move|p2a: Kyurem|Ice Beam|p1a: Dragapult
|-supereffective|p1a: Dragapult
|-damage|p1a: Dragapult|0 fnt
|faint|p1a: Dragapult
|
|win|Nat889
|raw|smithwick1's rating: 1602 &rarr; <strong>1581</strong><br />(-21 for losing)
|raw|Nat889's rating: 1583 &rarr; <strong>1604</strong><br />(+21 for winning)
|c|☆Nat889|gg
|l|☆smithwick1
|player|p1|
|l|☆Nat889
|player|p2|
|l| wyjmjl
