|j|☆BerTheBlackestOne
|j|☆ComiteGestorIBS
|t:|1779583824
|gametype|singles
|player|p1|BerTheBlackestOne|samsonoak|1203
|player|p2|ComiteGestorIBS|170|1144
|gen|9
|tier|[Gen 9] OU
|rated|
|rule|HP Percentage Mod: HP is shown in percentages
|rule|Endless Battle Clause: Forcing endless battles is banned
|rule|Species Clause: Limit one of each Pokémon
|rule|OHKO Clause: OHKO moves are banned
|rule|Evasion Items Clause: Evasion items are banned
|rule|Evasion Moves Clause: Evasion moves are banned
|rule|Evasion Abilities Clause: Evasion abilities are banned
|rule|Sleep Moves Clause: Sleep-inducing moves are banned
|clearpoke
|poke|p1|Milotic, M|
|poke|p1|Avalugg-Hisui, M|
|poke|p1|Sinistea|
|poke|p1|Malamar, F|
|poke|p1|Gligar, F|
|poke|p1|Kilowattrel, M|
|poke|p2|Dragonite, F|
|poke|p2|Kingambit, F|
|poke|p2|Gholdengo|
|poke|p2|Alomomola, F|
|poke|p2|Clefable, F|
|poke|p2|Great Tusk|
|teampreview
|
|t:|1779583866
|teamsize|p1|6
|teamsize|p2|6
|start
|switch|p1a: Oh na na na|Avalugg-Hisui, M|100/100
|switch|p2a: Great Tusk|Great Tusk|100/100
|turn|1
|
|t:|1779583876
|move|p2a: Great Tusk|Headlong Rush|p1a: Oh na na na
|-supereffective|p1a: Oh na na na
|-damage|p1a: Oh na na na|23/100
|-unboost|p2a: Great Tusk|def|1
|-unboost|p2a: Great Tusk|spd|1
|move|p1a: Oh na na na|Mountain Gale|p2a: Great Tusk
|-supereffective|p2a: Great Tusk
|-damage|p2a: Great Tusk|0 fnt
|faint|p2a: Great Tusk
|-end|p2a: Great Tusk|Protosynthesis|[silent]
|
|upkeep
|c|☆BerTheBlackestOne|Oh na na na
|
|t:|1779583890
|switch|p2a: Gholdengo|Gholdengo|100/100
|-item|p2a: Gholdengo|Air Balloon
|turn|2
|-enditem|p1a: Oh na na na|Custap Berry|[eat]
|-activate|p1a: Oh na na na|item: Custap Berry|[consumed]
|
|t:|1779583897
|move|p1a: Oh na na na|Stealth Rock|p2a: Gholdengo
|-sidestart|p2: ComiteGestorIBS|move: Stealth Rock
|move|p2a: Gholdengo|Shadow Ball|p1a: Oh na na na
|-damage|p1a: Oh na na na|0 fnt
|faint|p1a: Oh na na na
|
|upkeep
|
|t:|1779583918
|switch|p1a: Lambidinha|Gligar, F|100/100
|turn|3
|
|t:|1779583925
|move|p2a: Gholdengo|Nasty Plot|p2a: Gholdengo
|-boost|p2a: Gholdengo|spa|2
|move|p1a: Lambidinha|Knock Off|p2a: Gholdengo
|-supereffective|p2a: Gholdengo
|-crit|p2a: Gholdengo
|-damage|p2a: Gholdengo|44/100
|-enditem|p2a: Gholdengo|Air Balloon
|
|upkeep
|turn|4
|
|t:|1779583987
|switch|p1a: Espinafre|Malamar, F, shiny|100/100
|move|p2a: Gholdengo|Shadow Ball|p1a: Espinafre
|-damage|p1a: Espinafre|36/100
|-boost|p1a: Espinafre|spd|1
|
|-heal|p1a: Espinafre|43/100|[from] item: Leftovers
|upkeep
|turn|5
|
|t:|1779583999
|move|p2a: Gholdengo|Make It Rain|p1a: Espinafre
|-damage|p1a: Espinafre|0 fnt
|-unboost|p2a: Gholdengo|spa|1
|faint|p1a: Espinafre
|
|upkeep
|
|t:|1779584004
|switch|p1a: Flash|Kilowattrel, M, shiny|100/100
|turn|6
|
|t:|1779584025
|switch|p2a: Clefable|Clefable, F|100/100
|-damage|p2a: Clefable|88/100|[from] Stealth Rock
|-terastallize|p1a: Flash|Electric
|move|p1a: Flash|Thunderbolt|p2a: Clefable
|-damage|p2a: Clefable|35/100
|
|-heal|p2a: Clefable|41/100|[from] item: Leftovers
|upkeep
|turn|7
|
|t:|1779584045
|move|p1a: Flash|Thunderbolt|p2a: Clefable
|-damage|p2a: Clefable|0 fnt
|faint|p2a: Clefable
|
|upkeep
|
|t:|1779584055
|switch|p2a: Dragonite|Dragonite, F|100/100
|turn|8
|
|t:|1779584064
|switch|p1a: RainhaDaInglaterra|Sinistea|100/100
|-terastallize|p2a: Dragonite|Dragon
|move|p2a: Dragonite|Dragon Dance|p2a: Dragonite
|-boost|p2a: Dragonite|atk|1
|-boost|p2a: Dragonite|spe|1
|
|upkeep
|turn|9
|
|t:|1779584073
|move|p2a: Dragonite|Earthquake|p1a: RainhaDaInglaterra
|-enditem|p1a: RainhaDaInglaterra|Focus Sash
|-damage|p1a: RainhaDaInglaterra|1/100
|-start|p2a: Dragonite|Disable|Earthquake|[from] ability: Cursed Body|[of] p1a: RainhaDaInglaterra
|move|p1a: RainhaDaInglaterra|Will-O-Wisp|p2a: Dragonite
|-status|p2a: Dragonite|brn
|
|-damage|p2a: Dragonite|94/100 brn|[from] brn
|upkeep
|turn|10
|
|t:|1779584085
|move|p2a: Dragonite|Dragon Dance|p2a: Dragonite
|-boost|p2a: Dragonite|atk|1
|-boost|p2a: Dragonite|spe|1
|move|p1a: RainhaDaInglaterra|Memento|p2a: Dragonite
|-unboost|p2a: Dragonite|atk|2
|-unboost|p2a: Dragonite|spa|2
|faint|p1a: RainhaDaInglaterra
|
|-damage|p2a: Dragonite|88/100 brn|[from] brn
|upkeep
|
|t:|1779584141
|switch|p1a: Linguiça|Milotic, M|100/100
|turn|11
|
|t:|1779584154
|move|p2a: Dragonite|Dragon Dance|p2a: Dragonite
|-boost|p2a: Dragonite|atk|1
|-boost|p2a: Dragonite|spe|1
|move|p1a: Linguiça|Scald|p2a: Dragonite
|-resisted|p2a: Dragonite
|-damage|p2a: Dragonite|74/100 brn
|
|-damage|p2a: Dragonite|68/100 brn|[from] brn
|upkeep
|turn|12
|
|t:|1779584173
|move|p2a: Dragonite|Dragon Dance|p2a: Dragonite
|-boost|p2a: Dragonite|atk|1
|-boost|p2a: Dragonite|spe|1
|move|p1a: Linguiça|Scald|p2a: Dragonite
|-resisted|p2a: Dragonite
|-damage|p2a: Dragonite|54/100 brn
|
|-damage|p2a: Dragonite|48/100 brn|[from] brn
|-end|p2a: Dragonite|Disable
|upkeep
|turn|13
|
|t:|1779584186
|move|p2a: Dragonite|Dragon Dance|p2a: Dragonite
|-boost|p2a: Dragonite|atk|1
|-boost|p2a: Dragonite|spe|1
|move|p1a: Linguiça|Haze|p1a: Linguiça
|-clearallboost
|
|-damage|p2a: Dragonite|41/100 brn|[from] brn
|upkeep
|turn|14
|c|☆BerTheBlackestOne|greedy ahh dragon dance
|
|t:|1779584196
|move|p2a: Dragonite|Dragon Dance|p2a: Dragonite
|-boost|p2a: Dragonite|atk|1
|-boost|p2a: Dragonite|spe|1
|move|p1a: Linguiça|Scald|p2a: Dragonite
|-resisted|p2a: Dragonite
|-damage|p2a: Dragonite|28/100 brn
|
|-damage|p2a: Dragonite|22/100 brn|[from] brn
|upkeep
|turn|15
|
|t:|1779584207
|move|p2a: Dragonite|Earthquake|p1a: Linguiça
|-damage|p1a: Linguiça|81/100
|move|p1a: Linguiça|Scald|p2a: Dragonite
|-resisted|p2a: Dragonite
|-damage|p2a: Dragonite|8/100 brn
|
|-heal|p1a: Linguiça|87/100|[from] item: Leftovers
|-damage|p2a: Dragonite|2/100 brn|[from] brn
|upkeep
|turn|16
|
|t:|1779584257
|move|p2a: Dragonite|Earthquake|p1a: Linguiça
|-damage|p1a: Linguiça|64/100
|move|p1a: Linguiça|Recover|p1a: Linguiça
|-heal|p1a: Linguiça|100/100
|
|-damage|p2a: Dragonite|0 fnt|[from] brn
|faint|p2a: Dragonite
|upkeep
|
|t:|1779584267
|switch|p2a: Gholdengo|Gholdengo|44/100
|-damage|p2a: Gholdengo|38/100|[from] Stealth Rock
|turn|17
|
|t:|1779584301
|move|p2a: Gholdengo|Nasty Plot|p2a: Gholdengo
|-boost|p2a: Gholdengo|spa|2
|move|p1a: Linguiça|Scald|p2a: Gholdengo
|-damage|p2a: Gholdengo|7/100
|-status|p2a: Gholdengo|brn
|
|-damage|p2a: Gholdengo|0 fnt|[from] brn
|faint|p2a: Gholdengo
|upkeep
|
|t:|1779584327
|switch|p2a: Kingambit|Kingambit, F|100/100
|-damage|p2a: Kingambit|94/100|[from] Stealth Rock
|-activate|p2a: Kingambit|ability: Supreme Overlord
|-start|p2a: Kingambit|fallen4|[silent]
|turn|18
|
|t:|1779584334
|move|p2a: Kingambit|Swords Dance|p2a: Kingambit
|-boost|p2a: Kingambit|atk|2
|move|p1a: Linguiça|Scald|p2a: Kingambit
|-damage|p2a: Kingambit|61/100
|
|-heal|p2a: Kingambit|67/100|[from] item: Leftovers
|upkeep
|turn|19
|
|t:|1779584344
|move|p2a: Kingambit|Kowtow Cleave|p1a: Linguiça
|-damage|p1a: Linguiça|0 fnt
|faint|p1a: Linguiça
|
|-heal|p2a: Kingambit|73/100|[from] item: Leftovers
|upkeep
|
|t:|1779584356
|switch|p1a: Lambidinha|Gligar, F|100/100
|turn|20
|
|t:|1779584364
|move|p1a: Lambidinha|Earthquake|p2a: Kingambit
|-supereffective|p2a: Kingambit
|-damage|p2a: Kingambit|27/100
|move|p2a: Kingambit|Kowtow Cleave|p1a: Lambidinha
|-damage|p1a: Lambidinha|26/100
|
|-heal|p2a: Kingambit|33/100|[from] item: Leftovers
|upkeep
|turn|21
|
|t:|1779584373
|move|p2a: Kingambit|Sucker Punch|p1a: Lambidinha
|-damage|p1a: Lambidinha|0 fnt
|faint|p1a: Lambidinha
|
|-heal|p2a: Kingambit|40/100|[from] item: Leftovers
|upkeep
|
|t:|1779584375
|switch|p1a: Flash|Kilowattrel, M, shiny, tera:Electric|100/100
|turn|22
|
|t:|1779584382
|move|p2a: Kingambit|Sucker Punch|p1a: Flash
|-damage|p1a: Flash|0 fnt
|faint|p1a: Flash
|
|win|ComiteGestorIBS
|raw|BerTheBlackestOne's rating: 1203 &rarr; <strong>1174</strong><br />(-29 for losing)
|raw|ComiteGestorIBS's rating: 1144 &rarr; <strong>1173</strong><br />(+29 for winning)
|l|☆ComiteGestorIBS
|player|p2|
|l|☆BerTheBlackestOne
|player|p1|
