|j|☆Ruler of the Sand
|j|☆PachuMerin
|t:|1779601021
|gametype|singles
|player|p1|Ruler of the Sand|ghetsis-gen5bw|1072
|player|p2|PachuMerin|acetrainercouple|1140
|gen|9
|tier|[Gen 9] OU
|rated|
|rule|HP Percentage Mod: HP is shown in percentages
|rule|Endless Battle Clause: Forcing endless battles is banned
|rule|Species Clause: Limit one of each Pokémon
|rule|OHKO Clause: OHKO moves are banned
|rule|Evasion Items Clause: Evasion items are banned
|rule|Evasion Moves Clause: Evasion moves are banned
|rule|Evasion Abilities Clause: Evasion abilities are banned
|rule|Sleep Moves Clause: Sleep-inducing moves are banned
|clearpoke
|poke|p1|Gliscor, M|
|poke|p1|Ting-Lu|
|poke|p1|Great Tusk|
|poke|p1|Hippowdon, F|
|poke|p1|Landorus-Therian, M|
|poke|p1|Clodsire, M|
|poke|p2|Regieleki|
|poke|p2|Iron Boulder|
|poke|p2|Pincurchin, F|
|poke|p2|Raging Bolt|
|poke|p2|Iron Crown|
|poke|p2|Eelektross, M|
|teampreview
|
|t:|1779601029
|teamsize|p1|6
|teamsize|p2|6
|start
|switch|p1a: Ting-Lu|Ting-Lu|100/100
|switch|p2a: Im have Levitate|Eelektross, M|100/100
|-ability|p1a: Ting-Lu|Vessel of Ruin
|turn|1
|
|t:|1779601035
|move|p2a: Im have Levitate|Coil|p2a: Im have Levitate
|-boost|p2a: Im have Levitate|atk|1
|-boost|p2a: Im have Levitate|def|1
|-boost|p2a: Im have Levitate|accuracy|1
|move|p1a: Ting-Lu|Stealth Rock|p2a: Im have Levitate
|-sidestart|p2: PachuMerin|move: Stealth Rock
|
|upkeep
|turn|2
|
|t:|1779601040
|move|p1a: Ting-Lu|Ruination|p2a: Im have Levitate
|-damage|p2a: Im have Levitate|51/100
|move|p2a: Im have Levitate|Dragon Tail|p1a: Ting-Lu
|-damage|p1a: Ting-Lu|88/100
|drag|p1a: Hippowdon|Hippowdon, F|100/100
|-weather|Sandstorm|[from] ability: Sand Stream|[of] p1a: Hippowdon
|
|-weather|Sandstorm|[upkeep]
|-damage|p2a: Im have Levitate|45/100|[from] Sandstorm
|-heal|p2a: Im have Levitate|51/100|[from] item: Leftovers
|upkeep
|turn|3
|
|t:|1779601047
|move|p2a: Im have Levitate|Coil|p2a: Im have Levitate
|-boost|p2a: Im have Levitate|atk|1
|-boost|p2a: Im have Levitate|def|1
|-boost|p2a: Im have Levitate|accuracy|1
|move|p1a: Hippowdon|Body Slam|p2a: Im have Levitate
|-damage|p2a: Im have Levitate|39/100
|
|-weather|Sandstorm|[upkeep]
|-damage|p2a: Im have Levitate|33/100|[from] Sandstorm
|-heal|p2a: Im have Levitate|39/100|[from] item: Leftovers
|upkeep
|turn|4
|
|t:|1779601051
|move|p2a: Im have Levitate|Drain Punch|p1a: Hippowdon
|-damage|p1a: Hippowdon|76/100
|-heal|p2a: Im have Levitate|55/100|[from] drain|[of] p1a: Hippowdon
|move|p1a: Hippowdon|Body Slam|p2a: Im have Levitate
|-crit|p2a: Im have Levitate
|-damage|p2a: Im have Levitate|19/100
|
|-weather|Sandstorm|[upkeep]
|-damage|p2a: Im have Levitate|13/100|[from] Sandstorm
|-heal|p2a: Im have Levitate|19/100|[from] item: Leftovers
|upkeep
|turn|5
|
|t:|1779601062
|move|p2a: Im have Levitate|Liquidation|p1a: Hippowdon
|-supereffective|p1a: Hippowdon
|-damage|p1a: Hippowdon|20/100
|move|p1a: Hippowdon|Body Slam|p2a: Im have Levitate
|-damage|p2a: Im have Levitate|8/100
|
|-weather|Sandstorm|[upkeep]
|-damage|p2a: Im have Levitate|2/100|[from] Sandstorm
|-heal|p2a: Im have Levitate|8/100|[from] item: Leftovers
|upkeep
|turn|6
|
|t:|1779601065
|switch|p1a: Clodsire|Clodsire, M|100/100
|move|p2a: Im have Levitate|Drain Punch|p1a: Clodsire
|-resisted|p1a: Clodsire
|-damage|p1a: Clodsire|73/100
|-heal|p2a: Im have Levitate|28/100|[from] drain|[of] p1a: Clodsire
|
|-weather|Sandstorm|[upkeep]
|-damage|p2a: Im have Levitate|22/100|[from] Sandstorm
|-heal|p2a: Im have Levitate|28/100|[from] item: Leftovers
|-heal|p1a: Clodsire|79/100|[from] item: Leftovers
|upkeep
|turn|7
|
|t:|1779601074
|-terastallize|p2a: Im have Levitate|Poison
|move|p2a: Im have Levitate|Coil|p2a: Im have Levitate
|-boost|p2a: Im have Levitate|atk|1
|-boost|p2a: Im have Levitate|def|1
|-boost|p2a: Im have Levitate|accuracy|1
|move|p1a: Clodsire|Toxic|p2a: Im have Levitate
|-immune|p2a: Im have Levitate
|
|-weather|Sandstorm|[upkeep]
|-damage|p2a: Im have Levitate|22/100|[from] Sandstorm
|-heal|p2a: Im have Levitate|28/100|[from] item: Leftovers
|-heal|p1a: Clodsire|85/100|[from] item: Leftovers
|upkeep
|turn|8
|
|t:|1779601085
|switch|p1a: Ting-Lu|Ting-Lu|88/100
|-ability|p1a: Ting-Lu|Vessel of Ruin
|move|p2a: Im have Levitate|Dragon Tail|p1a: Ting-Lu
|-damage|p1a: Ting-Lu|67/100
|drag|p1a: Hippowdon|Hippowdon, F|20/100
|
|-weather|Sandstorm|[upkeep]
|-damage|p2a: Im have Levitate|22/100|[from] Sandstorm
|-heal|p2a: Im have Levitate|28/100|[from] item: Leftovers
|upkeep
|turn|9
|
|t:|1779601095
|switch|p1a: Ting-Lu|Ting-Lu|67/100
|-ability|p1a: Ting-Lu|Vessel of Ruin
|move|p2a: Im have Levitate|Drain Punch|p1a: Ting-Lu
|-supereffective|p1a: Ting-Lu
|-damage|p1a: Ting-Lu|15/100
|-heal|p2a: Im have Levitate|70/100|[from] drain|[of] p1a: Ting-Lu
|-enditem|p1a: Ting-Lu|Red Card|[of] p2a: Im have Levitate
|drag|p2a: Wirlybird|Iron Crown|100/100
|-damage|p2a: Wirlybird|94/100|[from] Stealth Rock
|
|-weather|none
|upkeep
|turn|10
|
|t:|1779601105
|move|p2a: Wirlybird|Air Slash|p1a: Ting-Lu
|-damage|p1a: Ting-Lu|1/100
|move|p1a: Ting-Lu|Ruination|p2a: Wirlybird
|-damage|p2a: Wirlybird|48/100
|
|upkeep
|turn|11
|
|t:|1779601108
|move|p2a: Wirlybird|Air Slash|p1a: Ting-Lu
|-damage|p1a: Ting-Lu|0 fnt
|faint|p1a: Ting-Lu
|
|upkeep
|
|t:|1779601117
|switch|p1a: Gliscor|Gliscor, M|100/100
|turn|12
|inactive|Battle timer is ON: inactive players will automatically lose when time's up. (requested by Ruler of the Sand)
|
|t:|1779601121
|move|p1a: Gliscor|Protect|p1a: Gliscor
|-singleturn|p1a: Gliscor|Protect
|move|p2a: Wirlybird|Calm Mind|p2a: Wirlybird
|-boost|p2a: Wirlybird|spa|1
|-boost|p2a: Wirlybird|spd|1
|
|-status|p1a: Gliscor|tox|[from] item: Toxic Orb
|upkeep
|turn|13
|
|t:|1779601125
|move|p2a: Wirlybird|Psyshock|p1a: Gliscor
|-damage|p1a: Gliscor|70/100 tox
|move|p1a: Gliscor|Knock Off|p2a: Wirlybird
|-supereffective|p2a: Wirlybird
|-damage|p2a: Wirlybird|3/100
|-enditem|p2a: Wirlybird|Metal Coat|[from] move: Knock Off|[of] p1a: Gliscor
|
|-heal|p1a: Gliscor|82/100 tox|[from] ability: Poison Heal
|upkeep
|turn|14
|
|t:|1779601133
|move|p2a: Wirlybird|Calm Mind|p2a: Wirlybird
|-boost|p2a: Wirlybird|spa|1
|-boost|p2a: Wirlybird|spd|1
|move|p1a: Gliscor|Knock Off|p2a: Wirlybird
|-supereffective|p2a: Wirlybird
|-damage|p2a: Wirlybird|0 fnt
|faint|p2a: Wirlybird
|-end|p2a: Wirlybird|Quark Drive|[silent]
|
|-heal|p1a: Gliscor|95/100 tox|[from] ability: Poison Heal
|upkeep
|
|t:|1779601141
|switch|p2a: Sparky|Pincurchin, F|100/100
|-damage|p2a: Sparky|88/100|[from] Stealth Rock
|-fieldstart|move: Electric Terrain|[from] ability: Electric Surge|[of] p2a: Sparky
|turn|15
|
|t:|1779601148
|move|p1a: Gliscor|Toxic|p2a: Sparky
|-status|p2a: Sparky|tox
|move|p2a: Sparky|Memento|p1a: Gliscor
|-unboost|p1a: Gliscor|atk|2
|-unboost|p1a: Gliscor|spa|2
|faint|p2a: Sparky
|
|-heal|p1a: Gliscor|100/100 tox|[from] ability: Poison Heal
|upkeep
|
|t:|1779601151
|switch|p2a: Im have Levitate|Eelektross, M, tera:Poison|70/100
|-damage|p2a: Im have Levitate|58/100|[from] Stealth Rock
|turn|16
|
|t:|1779601155
|move|p1a: Gliscor|Knock Off|p2a: Im have Levitate
|-damage|p2a: Im have Levitate|46/100
|-enditem|p2a: Im have Levitate|Leftovers|[from] move: Knock Off|[of] p1a: Gliscor
|move|p2a: Im have Levitate|Coil|p2a: Im have Levitate
|-boost|p2a: Im have Levitate|atk|1
|-boost|p2a: Im have Levitate|def|1
|-boost|p2a: Im have Levitate|accuracy|1
|
|upkeep
|turn|17
|
|t:|1779601163
|switch|p1a: Landorus|Landorus-Therian, M|100/100
|-ability|p1a: Landorus|Intimidate|boost
|-unboost|p2a: Im have Levitate|atk|1
|move|p2a: Im have Levitate|Coil|p2a: Im have Levitate
|-boost|p2a: Im have Levitate|atk|1
|-boost|p2a: Im have Levitate|def|1
|-boost|p2a: Im have Levitate|accuracy|1
|
|upkeep
|turn|18
|
|t:|1779601166
|move|p1a: Landorus|Taunt|p2a: Im have Levitate
|-start|p2a: Im have Levitate|move: Taunt
|move|p2a: Im have Levitate|Liquidation|p1a: Landorus
|-supereffective|p1a: Landorus
|-damage|p1a: Landorus|10/100
|-damage|p2a: Im have Levitate|29/100|[from] item: Rocky Helmet|[of] p1a: Landorus
|
|upkeep
|turn|19
|
|t:|1779601170
|move|p1a: Landorus|Smack Down|p2a: Im have Levitate
|-damage|p2a: Im have Levitate|18/100
|-start|p2a: Im have Levitate|Smack Down
|move|p2a: Im have Levitate|Drain Punch|p1a: Landorus
|-resisted|p1a: Landorus
|-damage|p1a: Landorus|0 fnt
|-heal|p2a: Im have Levitate|23/100|[from] drain|[of] p1a: Landorus
|-damage|p2a: Im have Levitate|6/100|[from] item: Rocky Helmet|[of] p1a: Landorus
|faint|p1a: Landorus
|
|upkeep
|
|t:|1779601173
|switch|p1a: Hippowdon|Hippowdon, F|20/100
|-weather|Sandstorm|[from] ability: Sand Stream|[of] p1a: Hippowdon
|turn|20
|
|t:|1779601177
|move|p2a: Im have Levitate|Drain Punch|p1a: Hippowdon
|-damage|p1a: Hippowdon|1/100
|-heal|p2a: Im have Levitate|19/100|[from] drain|[of] p1a: Hippowdon
|move|p1a: Hippowdon|Scorching Sands|p2a: Im have Levitate
|-supereffective|p2a: Im have Levitate
|-damage|p2a: Im have Levitate|0 fnt
|faint|p2a: Im have Levitate
|
|-weather|Sandstorm|[upkeep]
|upkeep
|
|t:|1779601182
|switch|p2a: R U REGI|Regieleki|100/100
|-damage|p2a: R U REGI|88/100|[from] Stealth Rock
|turn|21
|
|t:|1779601188
|move|p2a: R U REGI|Ancient Power|p1a: Hippowdon
|-resisted|p1a: Hippowdon
|-damage|p1a: Hippowdon|0 fnt
|-boost|p2a: R U REGI|atk|1
|-boost|p2a: R U REGI|def|1
|-boost|p2a: R U REGI|spa|1
|-boost|p2a: R U REGI|spd|1
|-boost|p2a: R U REGI|spe|1
|faint|p1a: Hippowdon
|
|-weather|Sandstorm|[upkeep]
|-damage|p2a: R U REGI|82/100|[from] Sandstorm
|upkeep
|c|☆PachuMerin|oh sh-
|
|t:|1779601197
|switch|p1a: Gliscor|Gliscor, M|100/100 tox
|turn|22
|c|☆PachuMerin|i finaly get a boost
|c|☆PachuMerin|AGAINT 3 GROUND TYPES
|inactive|PachuMerin has 120 seconds left.
|c|☆PachuMerin|*gries in no coverage*
|
|t:|1779601239
|move|p2a: R U REGI|Ancient Power|p1a: Gliscor
|-damage|p1a: Gliscor|67/100 tox
|-boost|p2a: R U REGI|atk|1
|-boost|p2a: R U REGI|def|1
|-boost|p2a: R U REGI|spa|1
|-boost|p2a: R U REGI|spd|1
|-boost|p2a: R U REGI|spe|1
|move|p1a: Gliscor|Toxic|p2a: R U REGI|[miss]
|-miss|p1a: Gliscor|p2a: R U REGI
|
|-weather|Sandstorm|[upkeep]
|-damage|p2a: R U REGI|76/100|[from] Sandstorm
|-heal|p1a: Gliscor|79/100 tox|[from] ability: Poison Heal
|-fieldend|move: Electric Terrain
|upkeep
|turn|23
|c|☆Ruler of the Sand|Tehehe
|c|☆PachuMerin|TWO!!!!
|c|☆Ruler of the Sand|Oh f
|
|t:|1779601255
|move|p2a: R U REGI|Ancient Power|p1a: Gliscor
|-damage|p1a: Gliscor|37/100 tox
|move|p1a: Gliscor|Earthquake|p2a: R U REGI
|-supereffective|p2a: R U REGI
|-damage|p2a: R U REGI|15/100
|
|-weather|Sandstorm|[upkeep]
|-damage|p2a: R U REGI|9/100|[from] Sandstorm
|-heal|p1a: Gliscor|50/100 tox|[from] ability: Poison Heal
|upkeep
|turn|24
|inactive|PachuMerin has 120 seconds left.
|
|t:|1779601263
|move|p1a: Gliscor|Protect|p1a: Gliscor
|-singleturn|p1a: Gliscor|Protect
|move|p2a: R U REGI|Electric Terrain|p2a: R U REGI
|-fieldstart|move: Electric Terrain
|
|-weather|Sandstorm|[upkeep]
|-damage|p2a: R U REGI|2/100|[from] Sandstorm
|-heal|p1a: Gliscor|62/100 tox|[from] ability: Poison Heal
|upkeep
|turn|25
|
|t:|1779601272
|move|p1a: Gliscor|Protect|p1a: Gliscor
|-singleturn|p1a: Gliscor|Protect
|move|p2a: R U REGI|Ancient Power|p1a: Gliscor
|-activate|p1a: Gliscor|move: Protect
|
|-weather|Sandstorm|[upkeep]
|-damage|p2a: R U REGI|0 fnt|[from] Sandstorm
|faint|p2a: R U REGI
|-heal|p1a: Gliscor|75/100 tox|[from] ability: Poison Heal
|upkeep
|
|t:|1779601276
|switch|p2a: The Boulder|Iron Boulder|100/100
|-damage|p2a: The Boulder|88/100|[from] Stealth Rock
|-activate|p2a: The Boulder|ability: Quark Drive
|-start|p2a: The Boulder|quarkdrivespe
|turn|26
|
|t:|1779601286
|move|p2a: The Boulder|Swords Dance|p2a: The Boulder
|-boost|p2a: The Boulder|atk|2
|move|p1a: Gliscor|Earthquake|p2a: The Boulder
|-supereffective|p2a: The Boulder
|-damage|p2a: The Boulder|10/100
|
|-weather|Sandstorm|[upkeep]
|-heal|p1a: Gliscor|87/100 tox|[from] ability: Poison Heal
|upkeep
|turn|27
|
|t:|1779601297
|move|p2a: The Boulder|Mighty Cleave|p1a: Gliscor
|-damage|p1a: Gliscor|36/100 tox
|move|p1a: Gliscor|Knock Off|p2a: The Boulder
|-supereffective|p2a: The Boulder
|-damage|p2a: The Boulder|0 fnt
|-enditem|p2a: The Boulder|Booster Energy|[from] move: Knock Off|[of] p1a: Gliscor
|faint|p2a: The Boulder
|-end|p2a: The Boulder|Quark Drive|[silent]
|
|-weather|none
|-heal|p1a: Gliscor|48/100 tox|[from] ability: Poison Heal
|upkeep
|
|t:|1779601301
|switch|p2a: Giraffe|Raging Bolt|100/100
|-damage|p2a: Giraffe|88/100|[from] Stealth Rock
|turn|28
|c|☆PachuMerin|guess what
|c|☆PachuMerin|i die lol
|
|t:|1779601315
|move|p2a: Giraffe|Rising Voltage|p1a: Gliscor
|-immune|p1a: Gliscor
|move|p1a: Gliscor|Toxic|p2a: Giraffe
|-status|p2a: Giraffe|tox
|
|-damage|p2a: Giraffe|82/100 tox|[from] psn
|-heal|p1a: Gliscor|61/100 tox|[from] ability: Poison Heal
|-fieldend|move: Electric Terrain
|upkeep
|turn|29
|
|t:|1779601325
|move|p1a: Gliscor|Protect|p1a: Gliscor
|-singleturn|p1a: Gliscor|Protect
|move|p2a: Giraffe|Thunderclap||[still]
|-fail|p2a: Giraffe
|
|-damage|p2a: Giraffe|70/100 tox|[from] psn
|-heal|p1a: Gliscor|73/100 tox|[from] ability: Poison Heal
|upkeep
|turn|30
|
|t:|1779601335
|move|p2a: Giraffe|Volt Switch|p1a: Gliscor
|-immune|p1a: Gliscor
|move|p1a: Gliscor|Knock Off|p2a: Giraffe
|-damage|p2a: Giraffe|51/100 tox
|-enditem|p2a: Giraffe|Assault Vest|[from] move: Knock Off|[of] p1a: Gliscor
|
|-damage|p2a: Giraffe|32/100 tox|[from] psn
|-heal|p1a: Gliscor|86/100 tox|[from] ability: Poison Heal
|upkeep
|turn|31
|c|☆Ruler of the Sand|No dragon moves???
|
|t:|1779601356
|move|p2a: Giraffe|Draco Meteor|p1a: Gliscor
|-damage|p1a: Gliscor|0 fnt
|-unboost|p2a: Giraffe|spa|2
|faint|p1a: Gliscor
|
|-damage|p2a: Giraffe|8/100 tox|[from] psn
|upkeep
|c|☆PachuMerin|would it matter lol
|
|t:|1779601360
|switch|p1a: Clodsire|Clodsire, M|85/100
|turn|32
|
|t:|1779601365
|move|p2a: Giraffe|Draco Meteor|p1a: Clodsire
|-damage|p1a: Clodsire|67/100
|-unboost|p2a: Giraffe|spa|2
|move|p1a: Clodsire|Stockpile|p1a: Clodsire
|-start|p1a: Clodsire|stockpile1
|-boost|p1a: Clodsire|def|1
|-boost|p1a: Clodsire|spd|1
|
|-heal|p1a: Clodsire|73/100|[from] item: Leftovers
|-damage|p2a: Giraffe|0 fnt|[from] psn
|faint|p2a: Giraffe
|-end|p2a: Giraffe|Protosynthesis|[silent]
|
|win|Ruler of the Sand
|raw|Ruler of the Sand's rating: 1072 &rarr; <strong>1107</strong><br />(+35 for winning)
|raw|PachuMerin's rating: 1140 &rarr; <strong>1110</strong><br />(-30 for losing)
|c|☆Ruler of the Sand|Gg
|c|☆PachuMerin|gg
|l|☆PachuMerin
|player|p2|
