|badge|p2|bronze|gen9ou|100-9
|uhtml|medal-msg|<div class="broadcast-blue">Curious what those medals under the avatar are? PS now has Ladder Seasons! For more information, check out the <a href="https://www.smogon.com/forums/threads/3740067/">thread on Smogon.</a></div>
|j|☆Wanawa8724
|j|☆lambdaequation
|t:|1779569045
|gametype|singles
|player|p1|Wanawa8724|wattson|1693
|player|p2|lambdaequation|266|1772
|gen|9
|tier|[Gen 9] OU
|rated|
|rule|HP Percentage Mod: HP is shown in percentages
|rule|Endless Battle Clause: Forcing endless battles is banned
|rule|Species Clause: Limit one of each Pokémon
|rule|OHKO Clause: OHKO moves are banned
|rule|Evasion Items Clause: Evasion items are banned
|rule|Evasion Moves Clause: Evasion moves are banned
|rule|Evasion Abilities Clause: Evasion abilities are banned
|rule|Sleep Moves Clause: Sleep-inducing moves are banned
|clearpoke
|poke|p1|Pelipper, F|
|poke|p1|Volcanion|
|poke|p1|Tentacruel, F|
|poke|p1|Barraskewda, M|
|poke|p1|Iron Treads|
|poke|p1|Lokix, M|
|poke|p2|Glimmora, F|
|poke|p2|Iron Moth|
|poke|p2|Great Tusk|
|poke|p2|Gholdengo|
|poke|p2|Ting-Lu|
|poke|p2|Dragonite, M|
|teampreview
|
|t:|1779569062
|teamsize|p1|6
|teamsize|p2|6
|start
|switch|p1a: Pelipper|Pelipper, F|100/100
|switch|p2a: Ting-Lu|Ting-Lu|100/100
|-ability|p2a: Ting-Lu|Vessel of Ruin
|-weather|RainDance|[from] ability: Drizzle|[of] p1a: Pelipper
|turn|1
|
|t:|1779569066
|move|p2a: Ting-Lu|Stealth Rock|p1a: Pelipper
|-sidestart|p1: Wanawa8724|move: Stealth Rock
|move|p1a: Pelipper|U-turn|p2a: Ting-Lu
|-supereffective|p2a: Ting-Lu
|-damage|p2a: Ting-Lu|93/100
|-enditem|p2a: Ting-Lu|Red Card|[of] p1a: Pelipper
|drag|p1a: Barraskewda|Barraskewda, M|100/100
|-damage|p1a: Barraskewda|88/100|[from] Stealth Rock
|
|-weather|RainDance|[upkeep]
|upkeep
|turn|2
|
|t:|1779569085
|move|p1a: Barraskewda|Flip Turn|p2a: Ting-Lu
|-supereffective|p2a: Ting-Lu
|-damage|p2a: Ting-Lu|35/100
|-damage|p1a: Barraskewda|78/100|[from] item: Life Orb
|j| SkenZo
|
|t:|1779569100
|switch|p1a: Pelipper|Pelipper, F|100/100|[from] Flip Turn
|-damage|p1a: Pelipper|76/100|[from] Stealth Rock
|move|p2a: Ting-Lu|Spikes|p1a: Pelipper
|-sidestart|p1: Wanawa8724|Spikes
|
|-weather|RainDance|[upkeep]
|upkeep
|turn|3
|
|t:|1779569106
|move|p2a: Ting-Lu|Spikes|p1a: Pelipper
|-sidestart|p1: Wanawa8724|Spikes
|move|p1a: Pelipper|Weather Ball|p2a: Ting-Lu
|-supereffective|p2a: Ting-Lu
|-damage|p2a: Ting-Lu|0 fnt
|faint|p2a: Ting-Lu
|
|-weather|RainDance|[upkeep]
|upkeep
|j| Inothtunothtino
|
|t:|1779569111
|switch|p2a: Glimmora|Glimmora, F|100/100
|turn|4
|
|t:|1779569113
|switch|p1a: Iron Treads|Iron Treads|100/100
|-damage|p1a: Iron Treads|97/100|[from] Stealth Rock
|-damage|p1a: Iron Treads|81/100|[from] Spikes
|-enditem|p1a: Iron Treads|Booster Energy
|-activate|p1a: Iron Treads|ability: Quark Drive|[fromitem]
|-start|p1a: Iron Treads|quarkdrivespe
|move|p2a: Glimmora|Earth Power|p1a: Iron Treads
|-supereffective|p1a: Iron Treads
|-damage|p1a: Iron Treads|0 fnt
|faint|p1a: Iron Treads
|-end|p1a: Iron Treads|Quark Drive|[silent]
|
|-weather|RainDance|[upkeep]
|upkeep
|
|t:|1779569116
|switch|p1a: Barraskewda|Barraskewda, M|78/100
|-damage|p1a: Barraskewda|66/100|[from] Stealth Rock
|-damage|p1a: Barraskewda|50/100|[from] Spikes
|turn|5
|inactive|Battle timer is ON: inactive players will automatically lose when time's up. (requested by Wanawa8724)
|
|t:|1779569136
|move|p1a: Barraskewda|Liquidation|p2a: Glimmora
|-supereffective|p2a: Glimmora
|-damage|p2a: Glimmora|0 fnt
|-activate|p2a: Glimmora|ability: Toxic Debris
|-sidestart|p1: Wanawa8724|move: Toxic Spikes
|faint|p2a: Glimmora
|-damage|p1a: Barraskewda|40/100|[from] item: Life Orb
|
|-weather|RainDance|[upkeep]
|upkeep
|
|t:|1779569140
|switch|p2a: Dragonite|Dragonite, M|100/100
|turn|6
|
|t:|1779569146
|move|p1a: Barraskewda|Flip Turn|p2a: Dragonite
|-resisted|p2a: Dragonite
|-crit|p2a: Dragonite
|-damage|p2a: Dragonite|76/100
|-damage|p1a: Barraskewda|30/100|[from] item: Life Orb
|
|t:|1779569152
|switch|p1a: Pelipper|Pelipper, F|76/100|[from] Flip Turn
|-damage|p1a: Pelipper|51/100|[from] Stealth Rock
|move|p2a: Dragonite|Scale Shot|p1a: Pelipper|[miss]
|-miss|p2a: Dragonite|p1a: Pelipper
|
|-weather|RainDance|[upkeep]
|upkeep
|turn|7
|j| beebeebaobao
|
|t:|1779569166
|switch|p1a: Tentacruel|Tentacruel, F|100/100
|-damage|p1a: Tentacruel|88/100|[from] Stealth Rock
|-damage|p1a: Tentacruel|72/100|[from] Spikes
|-sideend|p1: Wanawa8724|move: Toxic Spikes|[of] p1a: Tentacruel
|move|p2a: Dragonite|Scale Shot|p1a: Tentacruel
|-damage|p1a: Tentacruel|51/100
|-damage|p1a: Tentacruel|33/100
|-damage|p1a: Tentacruel|12/100
|-damage|p1a: Tentacruel|0 fnt
|faint|p1a: Tentacruel
|-hitcount|p1: Tentacruel|4
|-unboost|p2a: Dragonite|def|1
|-boost|p2a: Dragonite|spe|1
|
|-weather|RainDance|[upkeep]
|upkeep
|
|t:|1779569179
|switch|p1a: Lokix|Lokix, M|100/100
|-damage|p1a: Lokix|76/100|[from] Stealth Rock
|-damage|p1a: Lokix|59/100|[from] Spikes
|turn|8
|
|t:|1779569207
|move|p2a: Dragonite|Scale Shot|p1a: Lokix
|-damage|p1a: Lokix|37/100
|-crit|p1a: Lokix
|-damage|p1a: Lokix|6/100
|-damage|p1a: Lokix|0 fnt
|faint|p1a: Lokix
|-hitcount|p1: Lokix|3
|-unboost|p2a: Dragonite|def|1
|-boost|p2a: Dragonite|spe|1
|
|-weather|none
|upkeep
|-message|Wanawa8724 forfeited.
|
|win|lambdaequation
|raw|Wanawa8724's rating: 1693 &rarr; <strong>1677</strong><br />(-16 for losing)
|raw|lambdaequation's rating: 1772 &rarr; <strong>1788</strong><br />(+16 for winning)
|l|☆Wanawa8724
|player|p1|
|l|☆lambdaequation
|player|p2|
|l| SkenZo
|l| beebeebaobao
