|j|☆ArthurowVidal
|j|☆uncle brown
|t:|1779618195
|gametype|singles
|player|p1|ArthurowVidal|102|1421
|player|p2|uncle brown|102|1565
|gen|9
|tier|[Gen 9] OU
|rated|
|rule|HP Percentage Mod: HP is shown in percentages
|rule|Endless Battle Clause: Forcing endless battles is banned
|rule|Species Clause: Limit one of each Pokémon
|rule|OHKO Clause: OHKO moves are banned
|rule|Evasion Items Clause: Evasion items are banned
|rule|Evasion Moves Clause: Evasion moves are banned
|rule|Evasion Abilities Clause: Evasion abilities are banned
|rule|Sleep Moves Clause: Sleep-inducing moves are banned
|clearpoke
|poke|p1|Weezing-Galar, M|
|poke|p1|Ogerpon, F|
|poke|p1|Skarmory, M|
|poke|p1|Alomomola, M|
|poke|p1|Clodsire, M|
|poke|p1|Hydreigon, M|
|poke|p2|Torkoal, M|
|poke|p2|Sunflora, M|
|poke|p2|Hatterene, F|
|poke|p2|Cresselia, F|
|poke|p2|Walking Wake|
|poke|p2|Ursaluna, M|
|teampreview
|
|t:|1779618232
|teamsize|p1|6
|teamsize|p2|6
|start
|switch|p1a: Pisces|Alomomola, M, shiny|100/100
|switch|p2a: Ursaluna|Ursaluna, M|100/100
|turn|1
|
|t:|1779618239
|move|p2a: Ursaluna|Swords Dance|p2a: Ursaluna
|-boost|p2a: Ursaluna|atk|2
|move|p1a: Pisces|Flip Turn|p2a: Ursaluna
|-supereffective|p2a: Ursaluna
|-damage|p2a: Ursaluna|76/100
|
|t:|1779618248
|switch|p1a: Anonymous|Ogerpon, F|100/100|[from] Flip Turn
|
|-status|p2a: Ursaluna|brn|[from] item: Flame Orb
|upkeep
|turn|2
|
|t:|1779618252
|switch|p2a: Torkoal|Torkoal, M|100/100
|-weather|SunnyDay|[from] ability: Drought|[of] p2a: Torkoal
|-terastallize|p1a: Anonymous|Grass
|detailschange|p1a: Anonymous|Ogerpon-Teal-Tera, F, tera:Grass
|-ability|p1a: Anonymous|Embody Aspect (Teal)|boost
|-boost|p1a: Anonymous|spe|1
|move|p1a: Anonymous|Ivy Cudgel|p2a: Torkoal
|-resisted|p2a: Torkoal
|-damage|p2a: Torkoal|64/100
|
|-weather|SunnyDay|[upkeep]
|upkeep
|turn|3
|
|t:|1779618275
|switch|p1a: Sentinel|Weezing-Galar, M, shiny|100/100
|-ability|p1a: Sentinel|Neutralizing Gas
|move|p2a: Torkoal|Overheat|p1a: Sentinel
|-damage|p1a: Sentinel|0 fnt
|-unboost|p2a: Torkoal|spa|2
|faint|p1a: Sentinel
|-end|p1a: Sentinel|ability: Neutralizing Gas
|
|-weather|SunnyDay|[upkeep]
|upkeep
|
|t:|1779618291
|switch|p1a: Hybrid|Hydreigon, M, shiny|100/100
|turn|4
|
|t:|1779618300
|switch|p2a: Cresselia|Cresselia, F|100/100
|move|p1a: Hybrid|Dark Pulse|p2a: Cresselia
|-supereffective|p2a: Cresselia
|-damage|p2a: Cresselia|26/100
|
|-weather|SunnyDay|[upkeep]
|upkeep
|turn|5
|
|t:|1779618307
|move|p1a: Hybrid|Dark Pulse|p2a: Cresselia
|-supereffective|p2a: Cresselia
|-damage|p2a: Cresselia|0 fnt
|faint|p2a: Cresselia
|
|-weather|SunnyDay|[upkeep]
|upkeep
|
|t:|1779618316
|switch|p2a: Hatterene|Hatterene, F|100/100
|turn|6
|
|t:|1779618320
|switch|p1a: Pisces|Alomomola, M, shiny|100/100
|move|p2a: Hatterene|Trick Room|p2a: Hatterene
|-fieldstart|move: Trick Room|[of] p2a: Hatterene
|
|-weather|none
|upkeep
|turn|7
|
|t:|1779618329
|switch|p2a: Ursaluna|Ursaluna, M|76/100 brn
|move|p1a: Pisces|Play Rough|p2a: Ursaluna|[miss]
|-miss|p1a: Pisces|p2a: Ursaluna
|
|-damage|p2a: Ursaluna|70/100 brn|[from] brn
|upkeep
|turn|8
|
|t:|1779618345
|move|p1a: Pisces|Play Rough|p2a: Ursaluna|[miss]
|-miss|p1a: Pisces|p2a: Ursaluna
|move|p2a: Ursaluna|Swords Dance|p2a: Ursaluna
|-boost|p2a: Ursaluna|atk|2
|
|-damage|p2a: Ursaluna|64/100 brn|[from] brn
|upkeep
|turn|9
|
|t:|1779618352
|-terastallize|p2a: Ursaluna|Normal
|move|p1a: Pisces|Play Rough|p2a: Ursaluna
|-damage|p2a: Ursaluna|51/100 brn
|move|p2a: Ursaluna|Facade|p1a: Pisces
|-damage|p1a: Pisces|0 fnt
|faint|p1a: Pisces
|
|-damage|p2a: Ursaluna|45/100 brn|[from] brn
|upkeep
|
|t:|1779618373
|switch|p1a: Raptor|Skarmory, M, shiny|100/100
|turn|10
|
|t:|1779618376
|move|p2a: Ursaluna|Fire Punch|p1a: Raptor
|-supereffective|p1a: Raptor
|-ability|p1a: Raptor|Sturdy
|-damage|p1a: Raptor|1/100
|-damage|p2a: Ursaluna|29/100 brn|[from] item: Rocky Helmet|[of] p1a: Raptor
|move|p1a: Raptor|Spikes|p2a: Ursaluna
|-sidestart|p2: uncle brown|Spikes
|
|-damage|p2a: Ursaluna|23/100 brn|[from] brn
|-fieldend|move: Trick Room
|upkeep
|turn|11
|
|t:|1779618382
|switch|p2a: Hatterene|Hatterene, F|100/100
|-damage|p2a: Hatterene|88/100|[from] Spikes
|move|p1a: Raptor|Spikes|p2a: Hatterene
|move|p2a: Hatterene|Spikes|p1a: Raptor|[from] ability: Magic Bounce
|-sidestart|p1: ArthurowVidal|Spikes
|
|upkeep
|turn|12
|
|t:|1779618388
|switch|p1a: Endless Nameless|Clodsire, M, shiny|100/100
|-damage|p1a: Endless Nameless|88/100|[from] Spikes
|move|p2a: Hatterene|Trick Room|p2a: Hatterene
|-fieldstart|move: Trick Room|[of] p2a: Hatterene
|
|upkeep
|turn|13
|
|t:|1779618396
|move|p2a: Hatterene|Psychic Noise|p1a: Endless Nameless
|-supereffective|p1a: Endless Nameless
|-damage|p1a: Endless Nameless|38/100
|move|p1a: Endless Nameless|Earthquake|p2a: Hatterene
|-damage|p2a: Hatterene|55/100
|
|upkeep
|turn|14
|
|t:|1779618403
|move|p2a: Hatterene|Psychic Noise|p1a: Endless Nameless
|-supereffective|p1a: Endless Nameless
|-damage|p1a: Endless Nameless|0 fnt
|faint|p1a: Endless Nameless
|
|upkeep
|
|t:|1779618412
|switch|p1a: Anonymous|Ogerpon-Teal-Tera, F, tera:Grass|100/100
|-damage|p1a: Anonymous|88/100|[from] Spikes
|-ability|p1a: Anonymous|Embody Aspect (Teal)|boost
|-boost|p1a: Anonymous|spe|1
|turn|15
|
|t:|1779618421
|move|p2a: Hatterene|Dazzling Gleam|p1a: Anonymous
|-damage|p1a: Anonymous|33/100
|move|p1a: Anonymous|Ivy Cudgel|p2a: Hatterene
|-crit|p2a: Hatterene
|-damage|p2a: Hatterene|0 fnt
|faint|p2a: Hatterene
|
|upkeep
|
|t:|1779618424
|switch|p2a: Torkoal|Torkoal, M|64/100
|-damage|p2a: Torkoal|52/100|[from] Spikes
|-weather|SunnyDay|[from] ability: Drought|[of] p2a: Torkoal
|turn|16
|
|t:|1779618444
|switch|p1a: Raptor|Skarmory, M, shiny|1/100
|move|p2a: Torkoal|Weather Ball|p1a: Raptor
|-supereffective|p1a: Raptor
|-damage|p1a: Raptor|0 fnt
|faint|p1a: Raptor
|
|-weather|SunnyDay|[upkeep]
|-fieldend|move: Trick Room
|upkeep
|
|t:|1779618447
|switch|p1a: Hybrid|Hydreigon, M, shiny|100/100
|turn|17
|
|t:|1779618450
|move|p1a: Hybrid|Dark Pulse|p2a: Torkoal
|-damage|p2a: Torkoal|0 fnt
|faint|p2a: Torkoal
|
|-weather|SunnyDay|[upkeep]
|upkeep
|
|t:|1779618452
|switch|p2a: Walking Wake|Walking Wake|100/100
|-damage|p2a: Walking Wake|88/100|[from] Spikes
|-activate|p2a: Walking Wake|ability: Protosynthesis
|-start|p2a: Walking Wake|protosynthesisspa
|turn|18
|
|t:|1779618461
|move|p2a: Walking Wake|Dragon Pulse|p1a: Hybrid
|-supereffective|p1a: Hybrid
|-damage|p1a: Hybrid|0 fnt
|faint|p1a: Hybrid
|
|-weather|SunnyDay|[upkeep]
|upkeep
|
|t:|1779618487
|switch|p1a: Anonymous|Ogerpon-Teal-Tera, F, tera:Grass|33/100
|-damage|p1a: Anonymous|21/100|[from] Spikes
|-ability|p1a: Anonymous|Embody Aspect (Teal)|boost
|-boost|p1a: Anonymous|spe|1
|turn|19
|
|t:|1779618490
|move|p1a: Anonymous|Ivy Cudgel|p2a: Walking Wake
|-damage|p2a: Walking Wake|0 fnt
|faint|p2a: Walking Wake
|-end|p2a: Walking Wake|Protosynthesis|[silent]
|
|-weather|SunnyDay|[upkeep]
|upkeep
|
|t:|1779618492
|switch|p2a: Sunflora|Sunflora, M|100/100
|-damage|p2a: Sunflora|88/100|[from] Spikes
|turn|20
|inactive|Battle timer is ON: inactive players will automatically lose when time's up. (requested by uncle brown)
|l|☆ArthurowVidal
|inactive|ArthurowVidal disconnected and has a minute to reconnect!
|player|p1|
|j| suzum1ya
|inactive|ArthurowVidal has 30 seconds to reconnect!
|inactive|ArthurowVidal has 20 seconds to reconnect!
|inactive|ArthurowVidal has 15 seconds to reconnect!
|inactive|ArthurowVidal has 10 seconds to reconnect!
|j| clear nights
|inactive|ArthurowVidal has 5 seconds to reconnect!
|-message|ArthurowVidal lost due to inactivity.
|
|win|uncle brown
|raw|ArthurowVidal's rating: 1421 &rarr; <strong>1408</strong><br />(-13 for losing)
|raw|uncle brown's rating: 1550 &rarr; <strong>1563</strong><br />(+13 for winning)
|l|☆uncle brown
|player|p2|
|j|☆uncle brown
|player|p2|uncle brown|102|
|l|☆uncle brown
|player|p2|
|l| clear nights
