|j|☆Fleetwood Macargo
|j|☆gogginsaad
|t:|1779697090
|gametype|singles
|player|p1|Fleetwood Macargo|102|1399
|player|p2|gogginsaad|1|1351
|gen|9
|tier|[Gen 9] OU
|rated|
|rule|HP Percentage Mod: HP is shown in percentages
|rule|Endless Battle Clause: Forcing endless battles is banned
|rule|Species Clause: Limit one of each Pokémon
|rule|OHKO Clause: OHKO moves are banned
|rule|Evasion Items Clause: Evasion items are banned
|rule|Evasion Moves Clause: Evasion moves are banned
|rule|Evasion Abilities Clause: Evasion abilities are banned
|rule|Sleep Moves Clause: Sleep-inducing moves are banned
|clearpoke
|poke|p1|Sinistcha|
|poke|p1|Dragapult, F|
|poke|p1|Meowscarada, M|
|poke|p1|Great Tusk|
|poke|p1|Slowking-Galar, F|
|poke|p1|Dragonite, F|
|poke|p2|Pelipper, M|
|poke|p2|Tauros-Paldea-Aqua, M|
|poke|p2|Politoed, F|
|poke|p2|Basculegion, M|
|poke|p2|Kingdra, F|
|poke|p2|Floatzel, M|
|teampreview
|inactive|Battle timer is ON: inactive players will automatically lose when time's up. (requested by gogginsaad)
|
|t:|1779697099
|teamsize|p1|6
|teamsize|p2|6
|start
|switch|p1a: Dragapult|Dragapult, F|100/100
|switch|p2a: Pelipper|Pelipper, M|100/100
|-weather|RainDance|[from] ability: Drizzle|[of] p2a: Pelipper
|turn|1
|
|t:|1779697103
|move|p1a: Dragapult|Draco Meteor|p2a: Pelipper
|-damage|p2a: Pelipper|0 fnt
|-unboost|p1a: Dragapult|spa|2
|faint|p2a: Pelipper
|
|-weather|RainDance|[upkeep]
|upkeep
|
|t:|1779697113
|switch|p2a: Tauros|Tauros-Paldea-Aqua, M|100/100
|turn|2
|
|t:|1779697121
|switch|p1a: Meowscarada|Meowscarada, M|100/100
|move|p2a: Tauros|Wave Crash|p1a: Meowscarada
|-resisted|p1a: Meowscarada
|-damage|p1a: Meowscarada|24/100
|-damage|p2a: Tauros|75/100|[from] Recoil
|
|-weather|RainDance|[upkeep]
|upkeep
|turn|3
|
|t:|1779697128
|move|p1a: Meowscarada|Flower Trick|p2a: Tauros
|-start|p1a: Meowscarada|typechange|Grass|[from] ability: Protean
|-supereffective|p2a: Tauros
|-crit|p2a: Tauros
|-damage|p2a: Tauros|0 fnt
|faint|p2a: Tauros
|
|-weather|RainDance|[upkeep]
|upkeep
|
|t:|1779697143
|switch|p2a: Politoed|Politoed, F, shiny|100/100
|turn|4
|
|t:|1779697149
|move|p1a: Meowscarada|Flower Trick|p2a: Politoed
|-supereffective|p2a: Politoed
|-crit|p2a: Politoed
|-damage|p2a: Politoed|0 fnt
|faint|p2a: Politoed
|
|-weather|RainDance|[upkeep]
|upkeep
|
|t:|1779697154
|switch|p2a: Basculegion|Basculegion, M|100/100
|turn|5
|
|t:|1779697158
|move|p1a: Meowscarada|Flower Trick|p2a: Basculegion
|-supereffective|p2a: Basculegion
|-crit|p2a: Basculegion
|-damage|p2a: Basculegion|0 fnt
|faint|p2a: Basculegion
|
|-weather|RainDance|[upkeep]
|upkeep
|
|t:|1779697160
|switch|p2a: Kingdra|Kingdra, F|100/100
|turn|6
|
|t:|1779697164
|move|p1a: Meowscarada|Flower Trick|p2a: Kingdra
|-crit|p2a: Kingdra
|-damage|p2a: Kingdra|39/100
|move|p2a: Kingdra|Wave Crash|p1a: Meowscarada
|-resisted|p1a: Meowscarada
|-damage|p1a: Meowscarada|0 fnt
|faint|p1a: Meowscarada
|-damage|p2a: Kingdra|31/100|[from] Recoil
|
|-weather|RainDance|[upkeep]
|upkeep
|
|t:|1779697181
|switch|p1a: Dragapult|Dragapult, F|100/100
|turn|7
|
|t:|1779697184
|move|p2a: Kingdra|Wave Crash|p1a: Dragapult
|-resisted|p1a: Dragapult
|-damage|p1a: Dragapult|17/100
|-damage|p2a: Kingdra|2/100|[from] Recoil
|move|p1a: Dragapult|Shadow Ball|p2a: Kingdra
|-damage|p2a: Kingdra|0 fnt
|faint|p2a: Kingdra
|
|-weather|RainDance|[upkeep]
|upkeep
|
|t:|1779697186
|switch|p2a: Floatzel|Floatzel, M, shiny|100/100
|turn|8
|
|t:|1779697189
|move|p2a: Floatzel|Wave Crash|p1a: Dragapult
|-resisted|p1a: Dragapult
|-damage|p1a: Dragapult|0 fnt
|faint|p1a: Dragapult
|-damage|p2a: Floatzel|95/100|[from] Recoil
|
|-weather|none
|upkeep
|
|t:|1779697191
|switch|p1a: Sinistcha|Sinistcha|100/100
|turn|9
|
|t:|1779697193
|move|p2a: Floatzel|Wave Crash|p1a: Sinistcha
|-resisted|p1a: Sinistcha
|-damage|p1a: Sinistcha|73/100
|-damage|p2a: Floatzel|85/100|[from] Recoil
|move|p1a: Sinistcha|Strength Sap|p2a: Floatzel
|-unboost|p2a: Floatzel|atk|1
|-heal|p1a: Sinistcha|100/100
|
|upkeep
|turn|10
|
|t:|1779697197
|move|p2a: Floatzel|Wave Crash|p1a: Sinistcha
|-resisted|p1a: Sinistcha
|-damage|p1a: Sinistcha|79/100
|-damage|p2a: Floatzel|77/100|[from] Recoil
|move|p1a: Sinistcha|Strength Sap|p2a: Floatzel
|-unboost|p2a: Floatzel|atk|1
|-heal|p1a: Sinistcha|100/100
|
|upkeep
|turn|11
|-message|gogginsaad forfeited.
|
|win|Fleetwood Macargo
|raw|Fleetwood Macargo's rating: 1399 &rarr; <strong>1416</strong><br />(+17 for winning)
|raw|gogginsaad's rating: 1351 &rarr; <strong>1334</strong><br />(-17 for losing)
|l|☆gogginsaad
|player|p2|
|l|☆Fleetwood Macargo
|player|p1|
