|j|☆Sack o Rice
|j|☆pichin
|t:|1779688205
|gametype|singles
|player|p1|Sack o Rice|giovanni|1106
|player|p2|pichin|mira|1111
|gen|9
|tier|[Gen 9] OU
|rated|
|rule|HP Percentage Mod: HP is shown in percentages
|rule|Endless Battle Clause: Forcing endless battles is banned
|rule|Species Clause: Limit one of each Pokémon
|rule|OHKO Clause: OHKO moves are banned
|rule|Evasion Items Clause: Evasion items are banned
|rule|Evasion Moves Clause: Evasion moves are banned
|rule|Evasion Abilities Clause: Evasion abilities are banned
|rule|Sleep Moves Clause: Sleep-inducing moves are banned
|clearpoke
|poke|p1|Dragonite, F|
|poke|p1|Great Tusk|
|poke|p1|Deoxys-Speed|
|poke|p1|Gholdengo|
|poke|p1|Zamazenta-*|
|poke|p1|Iron Valiant|
|poke|p2|Serperior, F|
|poke|p2|Garchomp, F|
|poke|p2|Zoroark, M|
|poke|p2|Tyranitar, M|
|poke|p2|Tentacruel, F|
|poke|p2|Alomomola, M|
|teampreview
|inactive|Battle timer is ON: inactive players will automatically lose when time's up. (requested by Sack o Rice)
|
|t:|1779688231
|teamsize|p1|6
|teamsize|p2|6
|start
|switch|p1a: Deoxys|Deoxys-Speed|100/100
|switch|p2a: Serperior|Serperior, F|100/100
|-ability|p1a: Deoxys|Pressure
|turn|1
|
|t:|1779688242
|move|p1a: Deoxys|Skill Swap|p2a: Serperior
|-activate|p1a: Deoxys|Skill Swap|Contrary|Pressure|[of] p2a: Serperior
|-ability|p2a: Serperior|Pressure
|move|p2a: Serperior|Glare|p1a: Deoxys
|-status|p1a: Deoxys|par
|
|upkeep
|turn|2
|
|t:|1779688254
|move|p1a: Deoxys|Stealth Rock|p2a: Serperior
|-sidestart|p2: pichin|move: Stealth Rock
|move|p2a: Serperior|Dragon Tail|p1a: Deoxys
|-damage|p1a: Deoxys|88/100 par
|drag|p1a: Dragonite|Dragonite, F|100/100
|
|upkeep
|turn|3
|
|t:|1779688261
|move|p2a: Serperior|Glare|p1a: Dragonite
|-status|p1a: Dragonite|par
|move|p1a: Dragonite|Dragon Dance|p1a: Dragonite
|-boost|p1a: Dragonite|atk|1
|-boost|p1a: Dragonite|spe|1
|
|upkeep
|turn|4
|
|t:|1779688268
|move|p1a: Dragonite|Extreme Speed|p2a: Serperior
|-damage|p2a: Serperior|35/100
|-damage|p1a: Dragonite|91/100 par|[from] item: Life Orb
|move|p2a: Serperior|Dragon Tail|p1a: Dragonite
|-supereffective|p1a: Dragonite
|-damage|p1a: Dragonite|65/100 par
|drag|p1a: Zamazenta|Zamazenta|100/100
|-ability|p1a: Zamazenta|Dauntless Shield|boost
|-boost|p1a: Zamazenta|def|1
|
|-heal|p2a: Serperior|41/100|[from] item: Leftovers
|upkeep
|turn|5
|
|t:|1779688282
|move|p1a: Zamazenta|Ice Fang|p2a: Serperior
|-supereffective|p2a: Serperior
|-damage|p2a: Serperior|0 fnt
|faint|p2a: Serperior
|-damage|p1a: Zamazenta|91/100|[from] item: Life Orb
|
|upkeep
|
|t:|1779688289
|switch|p2a: Garchomp|Garchomp, F|100/100
|-damage|p2a: Garchomp|94/100|[from] Stealth Rock
|turn|6
|
|t:|1779688301
|-terastallize|p2a: Garchomp|Steel
|move|p1a: Zamazenta|Ice Fang|p2a: Garchomp
|-resisted|p2a: Garchomp
|-damage|p2a: Garchomp|84/100
|-damage|p1a: Zamazenta|78/100|[from] ability: Rough Skin|[of] p2a: Garchomp
|-damage|p1a: Zamazenta|62/100|[from] item: Rocky Helmet|[of] p2a: Garchomp
|-damage|p1a: Zamazenta|52/100|[from] item: Life Orb
|move|p2a: Garchomp|Dragon Tail|p1a: Zamazenta
|-damage|p1a: Zamazenta|36/100
|drag|p1a: Great Tusk|Great Tusk|100/100
|-enditem|p1a: Great Tusk|Booster Energy
|-activate|p1a: Great Tusk|ability: Protosynthesis|[fromitem]
|-start|p1a: Great Tusk|protosynthesisspe
|
|upkeep
|turn|7
|
|t:|1779688322
|switch|p2a: Alomomola|Alomomola, M|100/100
|-damage|p2a: Alomomola|88/100|[from] Stealth Rock
|move|p1a: Great Tusk|Headlong Rush|p2a: Alomomola
|-damage|p2a: Alomomola|62/100
|-unboost|p1a: Great Tusk|def|1
|-unboost|p1a: Great Tusk|spd|1
|-damage|p1a: Great Tusk|84/100|[from] item: Rocky Helmet|[of] p2a: Alomomola
|
|upkeep
|turn|8
|
|t:|1779688337
|move|p1a: Great Tusk|Bulk Up|p1a: Great Tusk
|-boost|p1a: Great Tusk|atk|1
|-boost|p1a: Great Tusk|def|1
|move|p2a: Alomomola|Flip Turn|p1a: Great Tusk
|-supereffective|p1a: Great Tusk
|-damage|p1a: Great Tusk|67/100
|inactive|pichin has 120 seconds left.
|
|t:|1779688356
|switch|p2a: Garchomp|Garchomp, F, tera:Steel|84/100|[from] Flip Turn
|-damage|p2a: Garchomp|78/100|[from] Stealth Rock
|
|upkeep
|turn|9
|
|t:|1779688362
|switch|p2a: Alomomola|Alomomola, M|95/100
|-damage|p2a: Alomomola|83/100|[from] Stealth Rock
|move|p1a: Great Tusk|Headlong Rush|p2a: Alomomola
|-damage|p2a: Alomomola|41/100
|-unboost|p1a: Great Tusk|def|1
|-unboost|p1a: Great Tusk|spd|1
|-damage|p1a: Great Tusk|50/100|[from] item: Rocky Helmet|[of] p2a: Alomomola
|
|upkeep
|turn|10
|
|t:|1779688376
|move|p1a: Great Tusk|Headlong Rush|p2a: Alomomola
|-damage|p2a: Alomomola|0 fnt
|-unboost|p1a: Great Tusk|def|1
|-unboost|p1a: Great Tusk|spd|1
|-damage|p1a: Great Tusk|34/100|[from] item: Rocky Helmet|[of] p2a: Alomomola
|faint|p2a: Alomomola
|
|upkeep
|inactive|pichin has 120 seconds left.
|
|t:|1779688388
|switch|p2a: Garchomp|Garchomp, F|100/100
|-damage|p2a: Garchomp|88/100|[from] Stealth Rock
|-start|p2a: Garchomp|typechange|Steel|[silent]
|turn|11
|
|t:|1779688396
|move|p2a: Garchomp|Dark Pulse|p1a: Great Tusk
|-resisted|p1a: Great Tusk
|-damage|p1a: Great Tusk|0 fnt
|faint|p1a: Great Tusk
|-end|p1a: Great Tusk|Protosynthesis|[silent]
|
|upkeep
|
|t:|1779688409
|switch|p1a: Iron Valiant|Iron Valiant|100/100
|-enditem|p1a: Iron Valiant|Booster Energy
|-activate|p1a: Iron Valiant|ability: Quark Drive|[fromitem]
|-start|p1a: Iron Valiant|quarkdrivespe
|turn|12
|
|t:|1779688415
|switch|p2a: Tentacruel|Tentacruel, F|100/100
|-damage|p2a: Tentacruel|88/100|[from] Stealth Rock
|move|p1a: Iron Valiant|Moonblast|p2a: Tentacruel
|-resisted|p2a: Tentacruel
|-damage|p2a: Tentacruel|75/100
|
|-heal|p2a: Tentacruel|81/100|[from] item: Black Sludge
|upkeep
|turn|13
|
|t:|1779688425
|move|p1a: Iron Valiant|Knock Off|p2a: Tentacruel
|-damage|p2a: Tentacruel|40/100
|-enditem|p2a: Tentacruel|Black Sludge|[from] move: Knock Off|[of] p1a: Iron Valiant
|move|p2a: Tentacruel|Rapid Spin|p1a: Iron Valiant
|-damage|p1a: Iron Valiant|90/100
|-boost|p2a: Tentacruel|spe|1
|-sideend|p2: pichin|Stealth Rock|[from] move: Rapid Spin|[of] p2a: Tentacruel
|
|upkeep
|turn|14
|
|t:|1779688442
|move|p1a: Iron Valiant|Knock Off|p2a: Tentacruel
|-damage|p2a: Tentacruel|17/100
|move|p2a: Tentacruel|Toxic Spikes|p1a: Iron Valiant
|-sidestart|p1: Sack o Rice|move: Toxic Spikes
|
|upkeep
|turn|15
|
|t:|1779688452
|move|p1a: Iron Valiant|Knock Off|p2a: Tentacruel
|-damage|p2a: Tentacruel|0 fnt
|faint|p2a: Tentacruel
|
|upkeep
|
|t:|1779688458
|switch|p2a: Tyranitar|Tyranitar, M|100/100
|-weather|Sandstorm|[from] ability: Sand Stream|[of] p2a: Tyranitar
|turn|16
|
|t:|1779688463
|move|p1a: Iron Valiant|Moonblast|p2a: Tyranitar
|-supereffective|p2a: Tyranitar
|-damage|p2a: Tyranitar|64/100
|move|p2a: Tyranitar|Roar|p1a: Iron Valiant
|-end|p1a: Iron Valiant|Quark Drive|[silent]
|drag|p1a: Gholdengo|Gholdengo|100/100
|
|-weather|Sandstorm|[upkeep]
|-heal|p2a: Tyranitar|71/100|[from] item: Leftovers
|upkeep
|turn|17
|
|t:|1779688473
|move|p1a: Gholdengo|Make It Rain|p2a: Tyranitar
|-supereffective|p2a: Tyranitar
|-damage|p2a: Tyranitar|22/100
|-unboost|p1a: Gholdengo|spa|1
|move|p2a: Tyranitar|Knock Off|p1a: Gholdengo
|-supereffective|p1a: Gholdengo
|-damage|p1a: Gholdengo|32/100
|-enditem|p1a: Gholdengo|Custap Berry|[from] move: Knock Off|[of] p2a: Tyranitar
|
|-weather|Sandstorm|[upkeep]
|-heal|p2a: Tyranitar|28/100|[from] item: Leftovers
|upkeep
|turn|18
|
|t:|1779688486
|move|p1a: Gholdengo|Make It Rain|p2a: Tyranitar
|-supereffective|p2a: Tyranitar
|-damage|p2a: Tyranitar|0 fnt
|-unboost|p1a: Gholdengo|spa|1
|faint|p2a: Tyranitar
|
|-weather|Sandstorm|[upkeep]
|upkeep
|
|t:|1779688496
|switch|p2a: Garchomp|Garchomp, F, tera:Steel|78/100
|turn|19
|
|t:|1779688500
|move|p2a: Garchomp|Stealth Rock|p1a: Gholdengo
|-sidestart|p1: Sack o Rice|move: Stealth Rock
|move|p1a: Gholdengo|Make It Rain|p2a: Garchomp
|-resisted|p2a: Garchomp
|-damage|p2a: Garchomp|64/100
|-unboost|p1a: Gholdengo|spa|1
|
|-weather|Sandstorm|[upkeep]
|upkeep
|turn|20
|
|t:|1779688509
|move|p2a: Garchomp|Spikes|p1a: Gholdengo
|-sidestart|p1: Sack o Rice|Spikes
|move|p1a: Gholdengo|Nasty Plot|p1a: Gholdengo
|-boost|p1a: Gholdengo|spa|2
|
|-weather|none
|upkeep
|turn|21
|
|t:|1779688517
|move|p2a: Garchomp|Earthquake|p1a: Gholdengo
|-supereffective|p1a: Gholdengo
|-damage|p1a: Gholdengo|0 fnt
|faint|p1a: Gholdengo
|
|upkeep
|
|t:|1779688530
|switch|p1a: Dragonite|Dragonite, F|65/100 par
|-damage|p1a: Dragonite|40/100 par|[from] Stealth Rock
|turn|22
|
|t:|1779688543
|cant|p1a: Dragonite|par
|move|p2a: Garchomp|Dragon Tail|p1a: Dragonite
|-supereffective|p1a: Dragonite
|-damage|p1a: Dragonite|0 fnt
|faint|p1a: Dragonite
|
|upkeep
|
|t:|1779688548
|switch|p1a: Zamazenta|Zamazenta|36/100
|-status|p1a: Zamazenta|psn
|-damage|p1a: Zamazenta|30/100 psn|[from] Stealth Rock
|-damage|p1a: Zamazenta|17/100 psn|[from] Spikes
|turn|23
|
|t:|1779688557
|move|p1a: Zamazenta|Close Combat|p2a: Garchomp
|-supereffective|p2a: Garchomp
|-damage|p2a: Garchomp|0 fnt
|-unboost|p1a: Zamazenta|def|1
|-unboost|p1a: Zamazenta|spd|1
|-damage|p1a: Zamazenta|5/100 psn|[from] ability: Rough Skin|[of] p2a: Garchomp
|-damage|p1a: Zamazenta|0 fnt|[from] item: Rocky Helmet|[of] p2a: Garchomp
|faint|p2a: Garchomp
|faint|p1a: Zamazenta
|
|upkeep
|
|t:|1779688569
|switch|p1a: Deoxys|Deoxys-Speed|88/100 par
|switch|p2a: Zoroark|Zoroark, M|88/100
|-damage|p1a: Deoxys|75/100 par|[from] Stealth Rock
|-damage|p1a: Deoxys|63/100 par|[from] Spikes
|-ability|p1a: Deoxys|Pressure
|turn|24
|
|t:|1779688585
|move|p2a: Zoroark|Dark Pulse|p1a: Deoxys
|-supereffective|p1a: Deoxys
|-damage|p1a: Deoxys|0 fnt
|faint|p1a: Deoxys
|
|upkeep
|
|t:|1779688586
|switch|p1a: Iron Valiant|Iron Valiant|90/100
|-status|p1a: Iron Valiant|psn
|-damage|p1a: Iron Valiant|84/100 psn|[from] Stealth Rock
|-damage|p1a: Iron Valiant|71/100 psn|[from] Spikes
|turn|25
|
|t:|1779688599
|move|p2a: Zoroark|Dark Pulse|p1a: Iron Valiant
|-resisted|p1a: Iron Valiant
|-damage|p1a: Iron Valiant|53/100 psn
|move|p1a: Iron Valiant|Moonblast|p2a: Zoroark
|-supereffective|p2a: Zoroark
|-damage|p2a: Zoroark|0 fnt
|faint|p2a: Zoroark
|
|win|Sack o Rice
|raw|Sack o Rice's rating: 1106 &rarr; <strong>1131</strong><br />(+25 for winning)
|raw|pichin's rating: 1111 &rarr; <strong>1086</strong><br />(-25 for losing)
|l|☆Sack o Rice
|player|p1|
|l|☆pichin
|player|p2|
