|j|☆JokerKing2398
|j|‽tyflu
|t:|1779663980
|gametype|singles
|player|p1|JokerKing2398|norman|1421
|player|p2|tyflu|170|1502
|gen|9
|tier|[Gen 9] OU
|rated|
|rule|HP Percentage Mod: HP is shown in percentages
|rule|Endless Battle Clause: Forcing endless battles is banned
|rule|Species Clause: Limit one of each Pokémon
|rule|OHKO Clause: OHKO moves are banned
|rule|Evasion Items Clause: Evasion items are banned
|rule|Evasion Moves Clause: Evasion moves are banned
|rule|Evasion Abilities Clause: Evasion abilities are banned
|rule|Sleep Moves Clause: Sleep-inducing moves are banned
|clearpoke
|poke|p1|Galvantula, F|
|poke|p1|Samurott-Hisui, M|
|poke|p1|Garganacl, M|
|poke|p1|Blaziken, F|
|poke|p1|Ting-Lu|
|poke|p1|Sinistcha|
|poke|p2|Iron Valiant|
|poke|p2|Ceruledge, M|
|poke|p2|Gholdengo|
|poke|p2|Samurott-Hisui, F|
|poke|p2|Ogerpon-Wellspring, F|
|poke|p2|Great Tusk|
|teampreview
|
|t:|1779663993
|teamsize|p1|6
|teamsize|p2|6
|start
|switch|p1a: Galvantula|Galvantula, F|100/100
|switch|p2a: Iron Valiant|Iron Valiant|100/100
|-enditem|p2a: Iron Valiant|Booster Energy
|-activate|p2a: Iron Valiant|ability: Quark Drive|[fromitem]
|-start|p2a: Iron Valiant|quarkdrivespe
|turn|1
|
|t:|1779664000
|move|p2a: Iron Valiant|Knock Off|p1a: Galvantula
|-damage|p1a: Galvantula|47/100
|-enditem|p1a: Galvantula|Choice Specs|[from] move: Knock Off|[of] p2a: Iron Valiant
|move|p1a: Galvantula|Thunder|p2a: Iron Valiant
|-damage|p2a: Iron Valiant|17/100
|
|upkeep
|turn|2
|
|t:|1779664010
|move|p2a: Iron Valiant|Moonblast|p1a: Galvantula
|-damage|p1a: Galvantula|0 fnt
|faint|p1a: Galvantula
|
|upkeep
|
|t:|1779664017
|switch|p1a: Sinistcha|Sinistcha|100/100
|turn|3
|
|t:|1779664021
|move|p2a: Iron Valiant|Knock Off|p1a: Sinistcha
|-supereffective|p1a: Sinistcha
|-damage|p1a: Sinistcha|51/100
|-enditem|p1a: Sinistcha|Leftovers|[from] move: Knock Off|[of] p2a: Iron Valiant
|move|p1a: Sinistcha|Matcha Gotcha|p2a: Iron Valiant
|-damage|p2a: Iron Valiant|0 fnt
|-heal|p1a: Sinistcha|59/100|[from] drain|[of] p2a: Iron Valiant
|faint|p2a: Iron Valiant
|-end|p2a: Iron Valiant|Quark Drive|[silent]
|
|upkeep
|
|t:|1779664028
|switch|p2a: Samurott|Samurott-Hisui, F|100/100
|turn|4
|
|t:|1779664034
|-terastallize|p1a: Sinistcha|Dark
|move|p2a: Samurott|Ceaseless Edge|p1a: Sinistcha
|-resisted|p1a: Sinistcha
|-damage|p1a: Sinistcha|40/100
|-sidestart|p1: JokerKing2398|Spikes
|move|p1a: Sinistcha|Matcha Gotcha|p2a: Samurott
|-supereffective|p2a: Samurott
|-damage|p2a: Samurott|0 fnt
|-heal|p1a: Sinistcha|89/100|[from] drain|[of] p2a: Samurott
|faint|p2a: Samurott
|
|upkeep
|
|t:|1779664045
|switch|p2a: Great Tusk|Great Tusk|100/100
|turn|5
|
|t:|1779664053
|move|p2a: Great Tusk|Close Combat|p1a: Sinistcha
|-supereffective|p1a: Sinistcha
|-damage|p1a: Sinistcha|0 fnt
|-unboost|p2a: Great Tusk|def|1
|-unboost|p2a: Great Tusk|spd|1
|faint|p1a: Sinistcha
|
|upkeep
|
|t:|1779664063
|switch|p1a: Samurott|Samurott-Hisui, M|100/100
|-damage|p1a: Samurott|88/100|[from] Spikes
|turn|6
|
|t:|1779664067
|-end|p2a: Great Tusk|Protosynthesis|[silent]
|switch|p2a: Ogerpon|Ogerpon-Wellspring, F|100/100
|move|p1a: Samurott|Ceaseless Edge|p2a: Ogerpon
|-damage|p2a: Ogerpon|43/100
|-sidestart|p2: tyflu|Spikes
|
|upkeep
|turn|7
|
|t:|1779664071
|move|p1a: Samurott|Ceaseless Edge|p2a: Ogerpon
|-damage|p2a: Ogerpon|0 fnt
|-sidestart|p2: tyflu|Spikes
|faint|p2a: Ogerpon
|
|upkeep
|
|t:|1779664075
|switch|p2a: Great Tusk|Great Tusk|100/100
|-damage|p2a: Great Tusk|84/100|[from] Spikes
|turn|8
|
|t:|1779664079
|switch|p1a: Ting-Lu|Ting-Lu|100/100
|-damage|p1a: Ting-Lu|88/100|[from] Spikes
|-ability|p1a: Ting-Lu|Vessel of Ruin
|move|p2a: Great Tusk|Rapid Spin|p1a: Ting-Lu
|-damage|p1a: Ting-Lu|81/100
|-boost|p2a: Great Tusk|spe|1
|-sideend|p2: tyflu|Spikes|[from] move: Rapid Spin|[of] p2a: Great Tusk
|
|-heal|p1a: Ting-Lu|87/100|[from] item: Leftovers
|upkeep
|turn|9
|
|t:|1779664083
|move|p2a: Great Tusk|Close Combat|p1a: Ting-Lu
|-supereffective|p1a: Ting-Lu
|-damage|p1a: Ting-Lu|44/100
|-unboost|p2a: Great Tusk|def|1
|-unboost|p2a: Great Tusk|spd|1
|move|p1a: Ting-Lu|Whirlwind|p2a: Great Tusk
|-end|p2a: Great Tusk|Protosynthesis|[silent]
|drag|p2a: Gholdengo|Gholdengo|100/100
|-item|p2a: Gholdengo|Air Balloon
|
|-heal|p1a: Ting-Lu|50/100|[from] item: Leftovers
|upkeep
|turn|10
|
|t:|1779664094
|move|p2a: Gholdengo|Nasty Plot|p2a: Gholdengo
|-boost|p2a: Gholdengo|spa|2
|move|p1a: Ting-Lu|Ruination|p2a: Gholdengo|[miss]
|-miss|p1a: Ting-Lu|p2a: Gholdengo
|
|-heal|p1a: Ting-Lu|56/100|[from] item: Leftovers
|upkeep
|turn|11
|
|t:|1779664102
|move|p2a: Gholdengo|Make It Rain|p1a: Ting-Lu
|-damage|p1a: Ting-Lu|0 fnt
|-unboost|p2a: Gholdengo|spa|1
|faint|p1a: Ting-Lu
|
|upkeep
|
|t:|1779664111
|switch|p1a: Blaziken|Blaziken, F|100/100
|turn|12
|
|t:|1779664118
|-terastallize|p2a: Gholdengo|Fairy
|move|p1a: Blaziken|Flare Blitz|p2a: Gholdengo
|-damage|p2a: Gholdengo|51/100
|-enditem|p2a: Gholdengo|Air Balloon
|-damage|p1a: Blaziken|80/100|[from] Recoil
|move|p2a: Gholdengo|Nasty Plot|p2a: Gholdengo
|-boost|p2a: Gholdengo|spa|2
|
|-ability|p1a: Blaziken|Speed Boost|boost
|-boost|p1a: Blaziken|spe|1
|upkeep
|turn|13
|
|t:|1779664124
|move|p1a: Blaziken|Protect|p1a: Blaziken
|-singleturn|p1a: Blaziken|Protect
|move|p2a: Gholdengo|Shadow Ball|p1a: Blaziken
|-activate|p1a: Blaziken|move: Protect
|
|-ability|p1a: Blaziken|Speed Boost|boost
|-boost|p1a: Blaziken|spe|1
|upkeep
|turn|14
|
|t:|1779664126
|move|p1a: Blaziken|Flare Blitz|p2a: Gholdengo
|-damage|p2a: Gholdengo|5/100
|-damage|p1a: Blaziken|61/100|[from] Recoil
|move|p2a: Gholdengo|Shadow Ball|p1a: Blaziken
|-damage|p1a: Blaziken|0 fnt
|faint|p1a: Blaziken
|
|upkeep
|
|t:|1779664132
|switch|p1a: Samurott|Samurott-Hisui, M|88/100
|-damage|p1a: Samurott|76/100|[from] Spikes
|turn|15
|
|t:|1779664139
|move|p1a: Samurott|Flip Turn|p2a: Gholdengo
|-damage|p2a: Gholdengo|0 fnt
|faint|p2a: Gholdengo
|
|t:|1779664144
|switch|p1a: Garganacl|Garganacl, M|100/100|[from] Flip Turn
|-damage|p1a: Garganacl|88/100|[from] Spikes
|
|-heal|p1a: Garganacl|94/100|[from] item: Leftovers
|upkeep
|
|t:|1779664150
|switch|p2a: Great Tusk|Great Tusk|84/100
|turn|16
|
|t:|1779664153
|move|p2a: Great Tusk|Close Combat|p1a: Garganacl
|-supereffective|p1a: Garganacl
|-damage|p1a: Garganacl|40/100
|-unboost|p2a: Great Tusk|def|1
|-unboost|p2a: Great Tusk|spd|1
|move|p1a: Garganacl|Salt Cure|p2a: Great Tusk
|-resisted|p2a: Great Tusk
|-crit|p2a: Great Tusk
|-damage|p2a: Great Tusk|80/100
|-start|p2a: Great Tusk|Salt Cure
|
|-heal|p1a: Garganacl|47/100|[from] item: Leftovers
|-damage|p2a: Great Tusk|67/100|[from] Salt Cure
|upkeep
|turn|17
|
|t:|1779664158
|move|p1a: Garganacl|Protect|p1a: Garganacl
|-singleturn|p1a: Garganacl|Protect
|move|p2a: Great Tusk|Close Combat|p1a: Garganacl
|-activate|p1a: Garganacl|move: Protect
|
|-heal|p1a: Garganacl|53/100|[from] item: Leftovers
|-damage|p2a: Great Tusk|55/100|[from] Salt Cure
|upkeep
|turn|18
|
|t:|1779664161
|move|p2a: Great Tusk|Close Combat|p1a: Garganacl
|-supereffective|p1a: Garganacl
|-damage|p1a: Garganacl|0 fnt
|-unboost|p2a: Great Tusk|def|1
|-unboost|p2a: Great Tusk|spd|1
|faint|p1a: Garganacl
|
|-damage|p2a: Great Tusk|42/100|[from] Salt Cure
|upkeep
|
|t:|1779664166
|switch|p1a: Samurott|Samurott-Hisui, M|76/100
|-damage|p1a: Samurott|63/100|[from] Spikes
|turn|19
|
|t:|1779664170
|move|p1a: Samurott|Aqua Cutter|p2a: Great Tusk
|-supereffective|p2a: Great Tusk
|-damage|p2a: Great Tusk|0 fnt
|faint|p2a: Great Tusk
|-end|p2a: Great Tusk|Protosynthesis|[silent]
|
|upkeep
|
|t:|1779664173
|switch|p2a: Ceruledge|Ceruledge, M|100/100
|turn|20
|
|t:|1779664176
|move|p1a: Samurott|Aqua Cutter|p2a: Ceruledge
|-supereffective|p2a: Ceruledge
|-enditem|p2a: Ceruledge|Focus Sash
|-damage|p2a: Ceruledge|1/100
|-ability|p2a: Ceruledge|Weak Armor|boost
|-unboost|p2a: Ceruledge|def|1
|-boost|p2a: Ceruledge|spe|2
|move|p2a: Ceruledge|Swords Dance|p2a: Ceruledge
|-boost|p2a: Ceruledge|atk|2
|
|upkeep
|turn|21
|
|t:|1779664185
|move|p2a: Ceruledge|Poltergeist|p1a: Samurott|[miss]
|-miss|p2a: Ceruledge|p1a: Samurott
|move|p1a: Samurott|Aqua Cutter|p2a: Ceruledge
|-supereffective|p2a: Ceruledge
|-damage|p2a: Ceruledge|0 fnt
|faint|p2a: Ceruledge
|
|win|JokerKing2398
|raw|JokerKing2398's rating: 1421 &rarr; <strong>1446</strong><br />(+25 for winning)
|raw|tyflu's rating: 1502 &rarr; <strong>1477</strong><br />(-25 for losing)
|l|‽tyflu
|player|p2|
|l|☆JokerKing2398
|player|p1|
