|j|‽Gyarados Fangs
|j|‽clorox man
|t:|1779601687
|gametype|singles
|player|p1|Gyarados Fangs|rocketgrunt|1726
|player|p2|clorox man|clown|1773
|gen|9
|tier|[Gen 9] OU
|rated|
|rule|HP Percentage Mod: HP is shown in percentages
|rule|Endless Battle Clause: Forcing endless battles is banned
|rule|Species Clause: Limit one of each Pokémon
|rule|OHKO Clause: OHKO moves are banned
|rule|Evasion Items Clause: Evasion items are banned
|rule|Evasion Moves Clause: Evasion moves are banned
|rule|Evasion Abilities Clause: Evasion abilities are banned
|rule|Sleep Moves Clause: Sleep-inducing moves are banned
|clearpoke
|poke|p1|Ninetales-Alola, M|
|poke|p1|Klefki, M|
|poke|p1|Maushold-Four|
|poke|p1|Latias, F|
|poke|p1|Okidogi, M|
|poke|p1|Kyurem|
|poke|p2|Kingambit, M|
|poke|p2|Great Tusk|
|poke|p2|Slowking-Galar, F|
|poke|p2|Dragapult, M|
|poke|p2|Ogerpon-Wellspring, F|
|poke|p2|Zapdos|
|teampreview
|inactive|Battle timer is ON: inactive players will automatically lose when time's up. (requested by Gyarados Fangs)
|
|t:|1779601698
|teamsize|p1|6
|teamsize|p2|6
|start
|switch|p1a: Ninetales|Ninetales-Alola, M|100/100
|switch|p2a: Great Tusk|Great Tusk|100/100
|-weather|Snowscape|[from] ability: Snow Warning|[of] p1a: Ninetales
|turn|1
|
|t:|1779601704
|-end|p2a: Great Tusk|Protosynthesis|[silent]
|switch|p2a: Slowking|Slowking-Galar, F|100/100
|move|p1a: Ninetales|Aurora Veil|p1a: Ninetales
|-sidestart|p1: Gyarados Fangs|move: Aurora Veil
|
|-weather|Snowscape|[upkeep]
|upkeep
|turn|2
|
|t:|1779601713
|switch|p1a: Kyurem|Kyurem, shiny|100/100
|-ability|p1a: Kyurem|Pressure
|move|p2a: Slowking|Flamethrower|p1a: Kyurem
|-damage|p1a: Kyurem|90/100
|
|-weather|Snowscape|[upkeep]
|-heal|p1a: Kyurem|96/100|[from] item: Leftovers
|upkeep
|turn|3
|
|t:|1779601719
|move|p1a: Kyurem|Dragon Dance|p1a: Kyurem
|-boost|p1a: Kyurem|atk|1
|-boost|p1a: Kyurem|spe|1
|move|p2a: Slowking|Sludge Bomb|p1a: Kyurem
|-damage|p1a: Kyurem|81/100
|
|-weather|Snowscape|[upkeep]
|-heal|p1a: Kyurem|87/100|[from] item: Leftovers
|upkeep
|turn|4
|
|t:|1779601725
|move|p1a: Kyurem|Dragon Dance|p1a: Kyurem
|-boost|p1a: Kyurem|atk|1
|-boost|p1a: Kyurem|spe|1
|move|p2a: Slowking|Sludge Bomb|p1a: Kyurem
|-damage|p1a: Kyurem|73/100
|-status|p1a: Kyurem|psn
|
|-weather|Snowscape|[upkeep]
|-heal|p1a: Kyurem|79/100 psn|[from] item: Leftovers
|-damage|p1a: Kyurem|66/100 psn|[from] psn
|upkeep
|turn|5
|
|t:|1779601730
|switch|p2a: Kingambit|Kingambit, M|100/100
|move|p1a: Kyurem|Icicle Spear|p2a: Kingambit
|-resisted|p2a: Kingambit
|-damage|p2a: Kingambit|92/100
|-resisted|p2a: Kingambit
|-damage|p2a: Kingambit|84/100
|-resisted|p2a: Kingambit
|-damage|p2a: Kingambit|75/100
|-hitcount|p2a: Kingambit|3
|
|-weather|none
|-heal|p1a: Kyurem|73/100 psn|[from] item: Leftovers
|-heal|p2a: Kingambit|81/100|[from] item: Leftovers
|-damage|p1a: Kyurem|60/100 psn|[from] psn
|upkeep
|turn|6
|j| gimmicks strategy
|j| crust king kahn
|
|t:|1779601734
|-end|p2a: Kingambit|fallenundefined|[silent]
|switch|p2a: Slowking|Slowking-Galar, F|100/100
|move|p1a: Kyurem|Earth Power|p2a: Slowking
|-supereffective|p2a: Slowking
|-damage|p2a: Slowking|65/100
|
|-heal|p1a: Kyurem|66/100 psn|[from] item: Leftovers
|-damage|p1a: Kyurem|54/100 psn|[from] psn
|upkeep
|turn|7
|
|t:|1779601740
|move|p1a: Kyurem|Icicle Spear|p2a: Slowking
|-damage|p2a: Slowking|48/100
|-damage|p2a: Slowking|30/100
|-damage|p2a: Slowking|11/100
|-hitcount|p2a: Slowking|3
|move|p2a: Slowking|Psychic Noise|p1a: Kyurem
|-damage|p1a: Kyurem|42/100 psn
|-start|p1a: Kyurem|move: Heal Block
|
|-damage|p1a: Kyurem|30/100 psn|[from] psn
|upkeep
|turn|8
|l| gimmicks strategy
|
|t:|1779601749
|move|p1a: Kyurem|Earth Power|p2a: Slowking
|-supereffective|p2a: Slowking
|-damage|p2a: Slowking|0 fnt
|faint|p2a: Slowking
|
|-damage|p1a: Kyurem|17/100 psn|[from] psn
|-end|p1a: Kyurem|move: Heal Block
|-sideend|p1: Gyarados Fangs|move: Aurora Veil
|upkeep
|
|t:|1779601753
|switch|p2a: Kingambit|Kingambit, M|81/100
|-activate|p2a: Kingambit|ability: Supreme Overlord
|-start|p2a: Kingambit|fallen1|[silent]
|turn|9
|
|t:|1779601755
|move|p2a: Kingambit|Sucker Punch||[still]
|-fail|p2a: Kingambit
|move|p1a: Kyurem|Dragon Dance|p1a: Kyurem
|-boost|p1a: Kyurem|atk|1
|-boost|p1a: Kyurem|spe|1
|
|-heal|p1a: Kyurem|24/100 psn|[from] item: Leftovers
|-heal|p2a: Kingambit|87/100|[from] item: Leftovers
|-damage|p1a: Kyurem|11/100 psn|[from] psn
|upkeep
|turn|10
|
|t:|1779601758
|move|p2a: Kingambit|Sucker Punch||[still]
|-fail|p2a: Kingambit
|move|p1a: Kyurem|Dragon Dance|p1a: Kyurem
|-boost|p1a: Kyurem|atk|1
|-boost|p1a: Kyurem|spe|1
|
|-heal|p1a: Kyurem|17/100 psn|[from] item: Leftovers
|-heal|p2a: Kingambit|93/100|[from] item: Leftovers
|-damage|p1a: Kyurem|5/100 psn|[from] psn
|upkeep
|turn|11
|
|t:|1779601763
|switch|p1a: Ninetales|Ninetales-Alola, M|100/100
|-weather|Snowscape|[from] ability: Snow Warning|[of] p1a: Ninetales
|move|p2a: Kingambit|Sucker Punch||[still]
|-fail|p2a: Kingambit
|
|-weather|Snowscape|[upkeep]
|-heal|p2a: Kingambit|99/100|[from] item: Leftovers
|upkeep
|turn|12
|
|t:|1779601767
|-end|p2a: Kingambit|fallen1|[silent]
|switch|p2a: Great Tusk|Great Tusk|100/100
|move|p1a: Ninetales|Aurora Veil|p1a: Ninetales
|-sidestart|p1: Gyarados Fangs|move: Aurora Veil
|
|-weather|Snowscape|[upkeep]
|upkeep
|turn|13
|
|t:|1779601772
|switch|p1a: Latias|Latias, F|100/100
|move|p2a: Great Tusk|Stealth Rock|p1a: Latias
|-sidestart|p1: Gyarados Fangs|move: Stealth Rock
|
|-weather|Snowscape|[upkeep]
|upkeep
|turn|14
|
|t:|1779601788
|-end|p2a: Great Tusk|Protosynthesis|[silent]
|switch|p2a: Kingambit|Kingambit, M|99/100
|-activate|p2a: Kingambit|ability: Supreme Overlord
|-start|p2a: Kingambit|fallen1|[silent]
|move|p1a: Latias|Agility|p1a: Latias
|-boost|p1a: Latias|spe|2
|
|-weather|Snowscape|[upkeep]
|-heal|p2a: Kingambit|100/100|[from] item: Leftovers
|upkeep
|turn|15
|
|t:|1779601801
|-end|p2a: Kingambit|fallen1|[silent]
|switch|p2a: Zapdos|Zapdos|100/100
|move|p1a: Latias|Aura Sphere|p2a: Zapdos
|-resisted|p2a: Zapdos
|-damage|p2a: Zapdos|87/100
|
|-weather|none
|upkeep
|turn|16
|
|t:|1779601809
|switch|p2a: Kingambit|Kingambit, M|100/100
|-activate|p2a: Kingambit|ability: Supreme Overlord
|-start|p2a: Kingambit|fallen1|[silent]
|move|p1a: Latias|Agility|p1a: Latias
|-boost|p1a: Latias|spe|2
|
|upkeep
|turn|17
|
|t:|1779601815
|move|p1a: Latias|Calm Mind|p1a: Latias
|-boost|p1a: Latias|spa|1
|-boost|p1a: Latias|spd|1
|move|p2a: Kingambit|Swords Dance|p2a: Kingambit
|-boost|p2a: Kingambit|atk|2
|
|upkeep
|turn|18
|
|t:|1779601829
|-terastallize|p1a: Latias|Steel
|-terastallize|p2a: Kingambit|Fighting
|move|p1a: Latias|Aura Sphere|p2a: Kingambit
|-damage|p2a: Kingambit|62/100
|move|p2a: Kingambit|Kowtow Cleave|p1a: Latias
|-damage|p1a: Latias|44/100
|
|-heal|p2a: Kingambit|68/100|[from] item: Leftovers
|upkeep
|turn|19
|
|t:|1779601841
|move|p1a: Latias|Stored Power|p2a: Kingambit
|-supereffective|p2a: Kingambit
|-damage|p2a: Kingambit|0 fnt
|faint|p2a: Kingambit
|-end|p2a: Kingambit|fallen1|[silent]
|
|-sideend|p1: Gyarados Fangs|move: Aurora Veil
|upkeep
|-message|clorox man forfeited.
|
|win|Gyarados Fangs
|raw|Gyarados Fangs's rating: 1726 &rarr; <strong>1749</strong><br />(+23 for winning)
|raw|clorox man's rating: 1773 &rarr; <strong>1750</strong><br />(-23 for losing)
|l|‽clorox man
|player|p2|
|l| crust king kahn
|l|‽Gyarados Fangs
|player|p1|
|j| crust king kahn
|l| crust king kahn
