|j|☆sufydragon
|j|☆prayerule
|t:|1779719377
|gametype|singles
|player|p1|sufydragon|2|1132
|player|p2|prayerule|170|1130
|gen|9
|tier|[Gen 9] OU
|rated|
|rule|HP Percentage Mod: HP is shown in percentages
|rule|Endless Battle Clause: Forcing endless battles is banned
|rule|Species Clause: Limit one of each Pokémon
|rule|OHKO Clause: OHKO moves are banned
|rule|Evasion Items Clause: Evasion items are banned
|rule|Evasion Moves Clause: Evasion moves are banned
|rule|Evasion Abilities Clause: Evasion abilities are banned
|rule|Sleep Moves Clause: Sleep-inducing moves are banned
|clearpoke
|poke|p1|Ceruledge, M|
|poke|p1|Kingambit, M|
|poke|p1|Frosmoth, M|
|poke|p1|Alomomola, F|
|poke|p1|Hatterene, F|
|poke|p1|Great Tusk|
|poke|p2|Gligar, M|
|poke|p2|Porygon2|
|poke|p2|Kingambit, F|
|poke|p2|Iron Valiant|
|poke|p2|Dragonair, M|
|poke|p2|Heatran, M|
|teampreview
|
|t:|1779719413
|teamsize|p1|6
|teamsize|p2|6
|start
|switch|p1a: Ceruledge|Ceruledge, M|100/100
|switch|p2a: Gligar|Gligar, M|100/100
|turn|1
|
|t:|1779719422
|-terastallize|p1a: Ceruledge|Fire
|move|p1a: Ceruledge|Bitter Blade|p2a: Gligar
|-damage|p2a: Gligar|66/100
|move|p2a: Gligar|Earthquake|p1a: Ceruledge
|-supereffective|p1a: Ceruledge
|-crit|p1a: Ceruledge
|-damage|p1a: Ceruledge|0 fnt
|faint|p1a: Ceruledge
|
|upkeep
|
|t:|1779719431
|switch|p1a: Hatterene|Hatterene, F|100/100
|turn|2
|
|t:|1779719438
|move|p2a: Gligar|U-turn|p1a: Hatterene
|-damage|p1a: Hatterene|87/100
|
|t:|1779719454
|switch|p2a: Iron Valiant|Iron Valiant|100/100|[from] U-turn
|-enditem|p2a: Iron Valiant|Booster Energy
|-activate|p2a: Iron Valiant|ability: Quark Drive|[fromitem]
|-start|p2a: Iron Valiant|quarkdrivespe
|move|p1a: Hatterene|Draining Kiss|p2a: Iron Valiant
|-supereffective|p2a: Iron Valiant
|-damage|p2a: Iron Valiant|0 fnt
|-heal|p1a: Hatterene|100/100|[from] drain|[of] p2a: Iron Valiant
|faint|p2a: Iron Valiant
|-end|p2a: Iron Valiant|Quark Drive|[silent]
|
|upkeep
|
|t:|1779719465
|switch|p2a: Porygon2|Porygon2|100/100
|-ability|p2a: Porygon2|Magic Bounce|Trace|[from] ability: Trace|[of] p1a: Hatterene
|turn|3
|
|t:|1779719475
|move|p2a: Porygon2|Thunderbolt|p1a: Hatterene
|-damage|p1a: Hatterene|76/100
|move|p1a: Hatterene|Calm Mind|p1a: Hatterene
|-boost|p1a: Hatterene|spa|1
|-boost|p1a: Hatterene|spd|1
|
|upkeep
|turn|4
|
|t:|1779719480
|move|p2a: Porygon2|Thunderbolt|p1a: Hatterene
|-damage|p1a: Hatterene|58/100
|move|p1a: Hatterene|Draining Kiss|p2a: Porygon2
|-damage|p2a: Porygon2|70/100
|-heal|p1a: Hatterene|85/100|[from] drain|[of] p2a: Porygon2
|
|upkeep
|turn|5
|-message|prayerule forfeited.
|
|win|sufydragon
|raw|sufydragon's rating: 1132 &rarr; <strong>1157</strong><br />(+25 for winning)
|raw|prayerule's rating: 1130 &rarr; <strong>1105</strong><br />(-25 for losing)
|l|☆prayerule
|player|p2|
