|j|☆Vieux Paresseux
|j|☆depecos
|t:|1779635959
|gametype|singles
|player|p1|Vieux Paresseux|collector|1401
|player|p2|depecos|265|1412
|gen|9
|tier|[Gen 9] OU
|rated|
|rule|HP Percentage Mod: HP is shown in percentages
|rule|Endless Battle Clause: Forcing endless battles is banned
|rule|Species Clause: Limit one of each Pokémon
|rule|OHKO Clause: OHKO moves are banned
|rule|Evasion Items Clause: Evasion items are banned
|rule|Evasion Moves Clause: Evasion moves are banned
|rule|Evasion Abilities Clause: Evasion abilities are banned
|rule|Sleep Moves Clause: Sleep-inducing moves are banned
|clearpoke
|poke|p1|Dragonite, F|
|poke|p1|Snorlax, F|
|poke|p1|Lapras, M|
|poke|p1|Moltres|
|poke|p1|Scizor, F|
|poke|p1|Gengar, M|
|poke|p2|Salamence, M|
|poke|p2|Ninetales-Alola, M|
|poke|p2|Ursaluna, M|
|poke|p2|Hatterene, F|
|poke|p2|Kingambit, M|
|poke|p2|Ceruledge, M|
|teampreview
|inactive|Battle timer is ON: inactive players will automatically lose when time's up. (requested by Vieux Paresseux)
|
|t:|1779635999
|teamsize|p1|6
|teamsize|p2|6
|start
|switch|p1a: Scizor|Scizor, F|100/100
|switch|p2a: Ninetales|Ninetales-Alola, M|100/100
|-weather|Snowscape|[from] ability: Snow Warning|[of] p2a: Ninetales
|turn|1
|
|t:|1779636008
|switch|p2a: Ceruledge|Ceruledge, M|100/100
|move|p1a: Scizor|Bullet Punch|p2a: Ceruledge
|-resisted|p2a: Ceruledge
|-damage|p2a: Ceruledge|81/100
|
|-weather|Snowscape|[upkeep]
|upkeep
|turn|2
|
|t:|1779636022
|switch|p1a: Fat Cat|Snorlax, F|100/100
|move|p2a: Ceruledge|Bulk Up|p2a: Ceruledge
|-boost|p2a: Ceruledge|atk|1
|-boost|p2a: Ceruledge|def|1
|
|-weather|Snowscape|[upkeep]
|upkeep
|turn|3
|
|t:|1779636027
|move|p2a: Ceruledge|Taunt|p1a: Fat Cat
|-start|p1a: Fat Cat|move: Taunt
|move|p1a: Fat Cat|Earthquake|p2a: Ceruledge
|-supereffective|p2a: Ceruledge
|-damage|p2a: Ceruledge|28/100
|
|-weather|Snowscape|[upkeep]
|upkeep
|turn|4
|
|t:|1779636034
|-terastallize|p2a: Ceruledge|Bug
|move|p2a: Ceruledge|Bulk Up|p2a: Ceruledge
|-boost|p2a: Ceruledge|atk|1
|-boost|p2a: Ceruledge|def|1
|move|p1a: Fat Cat|Earthquake|p2a: Ceruledge
|-resisted|p2a: Ceruledge
|-damage|p2a: Ceruledge|18/100
|
|-weather|Snowscape|[upkeep]
|upkeep
|turn|5
|
|t:|1779636041
|move|p2a: Ceruledge|Bitter Blade|p1a: Fat Cat
|-damage|p1a: Fat Cat|68/100
|-heal|p2a: Ceruledge|41/100|[from] drain|[of] p1a: Fat Cat
|move|p1a: Fat Cat|Body Slam|p2a: Ceruledge
|-damage|p2a: Ceruledge|14/100
|
|-weather|none
|-end|p1a: Fat Cat|move: Taunt
|upkeep
|turn|6
|
|t:|1779636048
|move|p2a: Ceruledge|Bitter Blade|p1a: Fat Cat
|-damage|p1a: Fat Cat|36/100
|-heal|p2a: Ceruledge|37/100|[from] drain|[of] p1a: Fat Cat
|move|p1a: Fat Cat|Body Slam|p2a: Ceruledge
|-damage|p2a: Ceruledge|13/100
|
|upkeep
|turn|7
|
|t:|1779636071
|move|p2a: Ceruledge|Bitter Blade|p1a: Fat Cat
|-damage|p1a: Fat Cat|5/100
|-heal|p2a: Ceruledge|35/100|[from] drain|[of] p1a: Fat Cat
|move|p1a: Fat Cat|Body Slam|p2a: Ceruledge
|-damage|p2a: Ceruledge|9/100
|
|upkeep
|turn|8
|
|t:|1779636078
|move|p2a: Ceruledge|Bitter Blade|p1a: Fat Cat
|-damage|p1a: Fat Cat|0 fnt
|-heal|p2a: Ceruledge|12/100|[from] drain|[of] p1a: Fat Cat
|faint|p1a: Fat Cat
|
|upkeep
|
|t:|1779636084
|switch|p1a: Fried chicken|Moltres|100/100
|turn|9
|
|t:|1779636088
|move|p2a: Ceruledge|Taunt|p1a: Fried chicken
|-start|p1a: Fried chicken|move: Taunt
|move|p1a: Fried chicken|Air Slash|p2a: Ceruledge
|-supereffective|p2a: Ceruledge
|-damage|p2a: Ceruledge|0 fnt
|faint|p2a: Ceruledge
|
|upkeep
|
|t:|1779636094
|switch|p2a: Salamence|Salamence, M|100/100
|turn|10
|
|t:|1779636097
|switch|p1a: L'Eau Glace|Lapras, M|100/100
|move|p2a: Salamence|Dragon Dance|p2a: Salamence
|-boost|p2a: Salamence|atk|1
|-boost|p2a: Salamence|spe|1
|
|upkeep
|turn|11
|
|t:|1779636101
|move|p2a: Salamence|Outrage|p1a: L'Eau Glace
|-damage|p1a: L'Eau Glace|10/100
|move|p1a: L'Eau Glace|Freeze-Dry|p2a: Salamence
|-supereffective|p2a: Salamence
|-damage|p2a: Salamence|0 fnt
|faint|p2a: Salamence
|
|-heal|p1a: L'Eau Glace|16/100|[from] item: Leftovers
|upkeep
|
|t:|1779636105
|switch|p2a: Ninetales|Ninetales-Alola, M|100/100
|-weather|Snowscape|[from] ability: Snow Warning|[of] p2a: Ninetales
|turn|12
|
|t:|1779636111
|switch|p1a: Scizor|Scizor, F|100/100
|move|p2a: Ninetales|Aurora Veil|p2a: Ninetales
|-sidestart|p2: depecos|move: Aurora Veil
|
|-weather|Snowscape|[upkeep]
|upkeep
|turn|13
|
|t:|1779636117
|switch|p2a: Ursaluna|Ursaluna, M|100/100
|move|p1a: Scizor|Swords Dance|p1a: Scizor
|-boost|p1a: Scizor|atk|2
|
|-weather|Snowscape|[upkeep]
|-status|p2a: Ursaluna|brn|[from] item: Flame Orb
|upkeep
|turn|14
|
|t:|1779636121
|move|p1a: Scizor|Close Combat|p2a: Ursaluna
|-supereffective|p2a: Ursaluna
|-damage|p2a: Ursaluna|37/100 brn
|-unboost|p1a: Scizor|def|1
|-unboost|p1a: Scizor|spd|1
|move|p2a: Ursaluna|Fire Punch|p1a: Scizor
|-supereffective|p1a: Scizor
|-damage|p1a: Scizor|0 fnt
|faint|p1a: Scizor
|
|-weather|Snowscape|[upkeep]
|-damage|p2a: Ursaluna|31/100 brn|[from] brn
|upkeep
|
|t:|1779636130
|switch|p1a: Fried chicken|Moltres|100/100
|turn|15
|
|t:|1779636132
|move|p1a: Fried chicken|Flamethrower|p2a: Ursaluna
|-damage|p2a: Ursaluna|15/100 brn
|move|p2a: Ursaluna|Facade|p1a: Fried chicken
|-damage|p1a: Fried chicken|10/100
|
|-weather|Snowscape|[upkeep]
|-damage|p2a: Ursaluna|9/100 brn|[from] brn
|upkeep
|turn|16
|
|t:|1779636135
|move|p1a: Fried chicken|Flamethrower|p2a: Ursaluna
|-damage|p2a: Ursaluna|0 fnt
|faint|p2a: Ursaluna
|
|-weather|none
|upkeep
|
|t:|1779636142
|switch|p2a: Hatterene|Hatterene, F|100/100
|turn|17
|
|t:|1779636145
|move|p1a: Fried chicken|U-turn|p2a: Hatterene
|-damage|p2a: Hatterene|94/100
|
|t:|1779636148
|switch|p1a: L'Eau Glace|Lapras, M|16/100|[from] U-turn
|move|p2a: Hatterene|Calm Mind|p2a: Hatterene
|-boost|p2a: Hatterene|spa|1
|-boost|p2a: Hatterene|spd|1
|
|-heal|p1a: L'Eau Glace|22/100|[from] item: Leftovers
|-heal|p2a: Hatterene|99/100|[from] item: Leftovers
|upkeep
|turn|18
|
|t:|1779636157
|switch|p1a: Gengar|Gengar, M|100/100
|move|p2a: Hatterene|Calm Mind|p2a: Hatterene
|-boost|p2a: Hatterene|spa|1
|-boost|p2a: Hatterene|spd|1
|
|-heal|p2a: Hatterene|100/100|[from] item: Leftovers
|upkeep
|turn|19
|
|t:|1779636161
|move|p1a: Gengar|Trick|p2a: Hatterene
|-activate|p1a: Gengar|move: Trick|[of] p2a: Hatterene
|-item|p2a: Hatterene|Choice Scarf|[from] move: Trick
|-item|p1a: Gengar|Leftovers|[from] move: Trick
|move|p2a: Hatterene|Psychic Noise|p1a: Gengar
|-supereffective|p1a: Gengar
|-damage|p1a: Gengar|0 fnt
|-start|p2a: Hatterene|Disable|Psychic Noise|[from] ability: Cursed Body|[of] p1a: Gengar
|faint|p1a: Gengar
|
|-sideend|p2: depecos|move: Aurora Veil
|upkeep
|
|t:|1779636165
|switch|p1a: What's up|Dragonite, F|100/100
|turn|20
|
|t:|1779636169
|switch|p2a: Ninetales|Ninetales-Alola, M|100/100
|-weather|Snowscape|[from] ability: Snow Warning|[of] p2a: Ninetales
|move|p1a: What's up|Iron Head|p2a: Ninetales
|-supereffective|p2a: Ninetales
|-damage|p2a: Ninetales|0 fnt
|faint|p2a: Ninetales
|
|-weather|Snowscape|[upkeep]
|upkeep
|
|t:|1779636175
|switch|p2a: Hatterene|Hatterene, F|100/100
|turn|21
|
|t:|1779636179
|-terastallize|p1a: What's up|Normal
|move|p1a: What's up|Iron Head|p2a: Hatterene
|-supereffective|p2a: Hatterene
|-damage|p2a: Hatterene|50/100
|move|p2a: Hatterene|Nuzzle|p1a: What's up
|-damage|p1a: What's up|99/100
|-status|p1a: What's up|par
|
|-weather|Snowscape|[upkeep]
|upkeep
|turn|22
|
|t:|1779636186
|move|p2a: Hatterene|Nuzzle|p1a: What's up
|-damage|p1a: What's up|94/100 par
|move|p1a: What's up|Iron Head|p2a: Hatterene
|-supereffective|p2a: Hatterene
|-damage|p2a: Hatterene|0 fnt
|faint|p2a: Hatterene
|
|-weather|Snowscape|[upkeep]
|upkeep
|
|t:|1779636188
|switch|p2a: Kingambit|Kingambit, M|100/100
|-activate|p2a: Kingambit|ability: Supreme Overlord
|-start|p2a: Kingambit|fallen5|[silent]
|turn|23
|
|t:|1779636190
|move|p2a: Kingambit|Swords Dance|p2a: Kingambit
|-boost|p2a: Kingambit|atk|2
|move|p1a: What's up|Earthquake|p2a: Kingambit
|-supereffective|p2a: Kingambit
|-damage|p2a: Kingambit|33/100
|
|-weather|Snowscape|[upkeep]
|-heal|p2a: Kingambit|39/100|[from] item: Leftovers
|upkeep
|turn|24
|
|t:|1779636196
|cant|p1a: What's up|par
|move|p2a: Kingambit|Kowtow Cleave|p1a: What's up
|-damage|p1a: What's up|0 fnt
|faint|p1a: What's up
|
|-weather|none
|-heal|p2a: Kingambit|45/100|[from] item: Leftovers
|upkeep
|
|t:|1779636198
|switch|p1a: Fried chicken|Moltres|10/100
|turn|25
|
|t:|1779636202
|move|p2a: Kingambit|Kowtow Cleave|p1a: Fried chicken
|-damage|p1a: Fried chicken|0 fnt
|faint|p1a: Fried chicken
|
|-heal|p2a: Kingambit|52/100|[from] item: Leftovers
|upkeep
|
|t:|1779636203
|switch|p1a: L'Eau Glace|Lapras, M|22/100
|turn|26
|
|t:|1779636208
|move|p2a: Kingambit|Sucker Punch|p1a: L'Eau Glace
|-damage|p1a: L'Eau Glace|0 fnt
|faint|p1a: L'Eau Glace
|
|win|depecos
|raw|Vieux Paresseux's rating: 1401 &rarr; <strong>1382</strong><br />(-19 for losing)
|raw|depecos's rating: 1412 &rarr; <strong>1431</strong><br />(+19 for winning)
|l|☆Vieux Paresseux
|player|p1|
|l|☆depecos
|player|p2|
