|j|☆Hunter Rome
|j|☆lllokth
|t:|1779611195
|gametype|singles
|player|p1|Hunter Rome|gentleman-gen4|1166
|player|p2|lllokth|dancer|1244
|gen|9
|tier|[Gen 9] OU
|rated|
|rule|HP Percentage Mod: HP is shown in percentages
|rule|Endless Battle Clause: Forcing endless battles is banned
|rule|Species Clause: Limit one of each Pokémon
|rule|OHKO Clause: OHKO moves are banned
|rule|Evasion Items Clause: Evasion items are banned
|rule|Evasion Moves Clause: Evasion moves are banned
|rule|Evasion Abilities Clause: Evasion abilities are banned
|rule|Sleep Moves Clause: Sleep-inducing moves are banned
|clearpoke
|poke|p1|Ribombee, M|
|poke|p1|Scizor, M|
|poke|p1|Lokix, M|
|poke|p1|Forretress, F|
|poke|p1|Slither Wing|
|poke|p1|Iron Moth|
|poke|p2|Smeargle, F|
|poke|p2|Ogerpon, F|
|poke|p2|Kingambit, M|
|poke|p2|Cinderace, F|
|poke|p2|Dragonite, F|
|poke|p2|Hawlucha, M|
|teampreview
|inactive|Battle timer is ON: inactive players will automatically lose when time's up. (requested by lllokth)
|
|t:|1779611201
|teamsize|p1|6
|teamsize|p2|6
|start
|switch|p1a: Ribombee|Ribombee, M|100/100
|switch|p2a: Cinderace|Cinderace, F|100/100
|turn|1
|
|t:|1779611203
|move|p1a: Ribombee|Stun Spore|p2a: Cinderace|[miss]
|-miss|p1a: Ribombee|p2a: Cinderace
|move|p2a: Cinderace|Pyro Ball|p1a: Ribombee|[miss]
|-miss|p2a: Cinderace|p1a: Ribombee
|
|upkeep
|turn|2
|
|t:|1779611212
|switch|p2a: Smeargle|Smeargle, F|100/100
|move|p1a: Ribombee|Stun Spore|p2a: Smeargle|[miss]
|-miss|p1a: Ribombee|p2a: Smeargle
|
|upkeep
|turn|3
|
|t:|1779611219
|move|p1a: Ribombee|Stun Spore|p2a: Smeargle
|-status|p2a: Smeargle|par
|move|p2a: Smeargle|Population Bomb|p1a: Ribombee
|-damage|p1a: Ribombee|92/100
|-damage|p1a: Ribombee|86/100
|-damage|p1a: Ribombee|79/100
|-damage|p1a: Ribombee|71/100
|-damage|p1a: Ribombee|65/100
|-damage|p1a: Ribombee|58/100
|-damage|p1a: Ribombee|50/100
|-damage|p1a: Ribombee|44/100
|-crit|p1a: Ribombee
|-damage|p1a: Ribombee|33/100
|-damage|p1a: Ribombee|26/100
|-hitcount|p1a: Ribombee|10
|
|upkeep
|turn|4
|
|t:|1779611232
|move|p1a: Ribombee|Sticky Web|p2a: Smeargle
|-sidestart|p2: lllokth|move: Sticky Web
|move|p2a: Smeargle|Court Change|p2a: Smeargle
|-swapsideconditions
|-activate|p2a: Smeargle|move: Court Change
|
|upkeep
|turn|5
|
|t:|1779611239
|move|p1a: Ribombee|Moonblast|p2a: Smeargle
|-damage|p2a: Smeargle|16/100 par
|move|p2a: Smeargle|Population Bomb|p1a: Ribombee
|-damage|p1a: Ribombee|20/100
|-damage|p1a: Ribombee|13/100
|-damage|p1a: Ribombee|5/100
|-damage|p1a: Ribombee|0 fnt
|faint|p1a: Ribombee
|-hitcount|p1: Ribombee|4
|
|upkeep
|
|t:|1779611245
|switch|p1a: Forretress|Forretress, F|100/100
|-activate|p1a: Forretress|move: Sticky Web
|-unboost|p1a: Forretress|spe|1
|turn|6
|
|t:|1779611258
|move|p2a: Smeargle|Court Change|p2a: Smeargle
|-swapsideconditions
|-activate|p2a: Smeargle|move: Court Change
|move|p1a: Forretress|Rapid Spin|p2a: Smeargle
|-damage|p2a: Smeargle|0 fnt
|-boost|p1a: Forretress|spe|1
|faint|p2a: Smeargle
|
|upkeep
|
|t:|1779611263
|switch|p2a: Cinderace|Cinderace, F|100/100
|turn|7
|
|t:|1779611272
|move|p2a: Cinderace|Pyro Ball|p1a: Forretress
|-supereffective|p1a: Forretress
|-ability|p1a: Forretress|Sturdy
|-damage|p1a: Forretress|1/100
|move|p1a: Forretress|Spikes|p2a: Cinderace
|-sidestart|p2: lllokth|Spikes
|
|-heal|p1a: Forretress|7/100|[from] item: Leftovers
|upkeep
|turn|8
|
|t:|1779611280
|move|p2a: Cinderace|Pyro Ball|p1a: Forretress
|-supereffective|p1a: Forretress
|-damage|p1a: Forretress|0 fnt
|faint|p1a: Forretress
|
|upkeep
|
|t:|1779611282
|switch|p1a: Lokix|Lokix, M|100/100
|turn|9
|
|t:|1779611287
|move|p1a: Lokix|First Impression|p2a: Cinderace
|-resisted|p2a: Cinderace
|-damage|p2a: Cinderace|4/100
|move|p2a: Cinderace|Pyro Ball|p1a: Lokix
|-supereffective|p1a: Lokix
|-damage|p1a: Lokix|0 fnt
|faint|p1a: Lokix
|
|upkeep
|
|t:|1779611293
|switch|p1a: Scizor|Scizor, M|100/100
|turn|10
|
|t:|1779611295
|move|p1a: Scizor|Bullet Punch|p2a: Cinderace
|-resisted|p2a: Cinderace
|-damage|p2a: Cinderace|0 fnt
|faint|p2a: Cinderace
|
|upkeep
|
|t:|1779611304
|switch|p2a: Dragonite|Dragonite, F|100/100
|turn|11
|
|t:|1779611308
|move|p1a: Scizor|Bullet Punch|p2a: Dragonite
|-damage|p2a: Dragonite|70/100
|move|p2a: Dragonite|Fire Punch|p1a: Scizor
|-supereffective|p1a: Scizor
|-crit|p1a: Scizor
|-damage|p1a: Scizor|0 fnt
|faint|p1a: Scizor
|
|upkeep
|
|t:|1779611311
|switch|p1a: Slither Wing|Slither Wing|100/100
|-enditem|p1a: Slither Wing|Booster Energy
|-activate|p1a: Slither Wing|ability: Protosynthesis|[fromitem]
|-start|p1a: Slither Wing|protosynthesisatk
|turn|12
|
|t:|1779611319
|move|p1a: Slither Wing|Wild Charge|p2a: Dragonite
|-damage|p2a: Dragonite|26/100
|-damage|p1a: Slither Wing|89/100|[from] Recoil
|move|p2a: Dragonite|Scale Shot|p1a: Slither Wing
|-damage|p1a: Slither Wing|70/100
|-damage|p1a: Slither Wing|51/100
|-damage|p1a: Slither Wing|30/100
|-damage|p1a: Slither Wing|11/100
|-hitcount|p1a: Slither Wing|4
|-unboost|p2a: Dragonite|def|1
|-boost|p2a: Dragonite|spe|1
|
|upkeep
|turn|13
|
|t:|1779611327
|move|p2a: Dragonite|Scale Shot|p1a: Slither Wing
|-damage|p1a: Slither Wing|0 fnt
|faint|p1a: Slither Wing
|-end|p1a: Slither Wing|Protosynthesis|[silent]
|-hitcount|p1: Slither Wing|1
|-unboost|p2a: Dragonite|def|1
|-boost|p2a: Dragonite|spe|1
|
|upkeep
|
|t:|1779611330
|switch|p1a: Iron Moth|Iron Moth|100/100
|-enditem|p1a: Iron Moth|Booster Energy
|-activate|p1a: Iron Moth|ability: Quark Drive|[fromitem]
|-start|p1a: Iron Moth|quarkdrivespa
|turn|14
|
|t:|1779611333
|move|p2a: Dragonite|Scale Shot|p1a: Iron Moth
|-damage|p1a: Iron Moth|74/100
|-damage|p1a: Iron Moth|50/100
|-damage|p1a: Iron Moth|26/100
|-damage|p1a: Iron Moth|0 fnt
|faint|p1a: Iron Moth
|-end|p1a: Iron Moth|Quark Drive|[silent]
|-hitcount|p1: Iron Moth|4
|
|win|lllokth
|raw|Hunter Rome's rating: 1166 &rarr; <strong>1147</strong><br />(-19 for losing)
|raw|lllokth's rating: 1244 &rarr; <strong>1263</strong><br />(+19 for winning)
|l|☆Hunter Rome
|player|p1|
|l|☆lllokth
|player|p2|
