|inactive|Battle timer is ON: inactive players will automatically lose when time's up.
|badge|p1|bronze|gen9ou|100-9
|uhtml|medal-msg|<div class="broadcast-blue">Curious what those medals under the avatar are? PS now has Ladder Seasons! For more information, check out the <a href="https://www.smogon.com/forums/threads/3740067/">thread on Smogon.</a></div>
|t:|1779575860
|gametype|singles
|player|p1|Coach Jones 6fifth|lusamine-nihilego|
|player|p2|clorodulce|lucas|
|gen|9
|tier|[Gen 9] OU
|rule|HP Percentage Mod: HP is shown in percentages
|rule|Endless Battle Clause: Forcing endless battles is banned
|rule|Species Clause: Limit one of each Pokémon
|rule|OHKO Clause: OHKO moves are banned
|rule|Evasion Items Clause: Evasion items are banned
|rule|Evasion Moves Clause: Evasion moves are banned
|rule|Evasion Abilities Clause: Evasion abilities are banned
|rule|Sleep Moves Clause: Sleep-inducing moves are banned
|clearpoke
|poke|p1|Pelipper, F|
|poke|p1|Basculegion, M|
|poke|p1|Latias, F|
|poke|p1|Iron Treads|
|poke|p1|Raging Bolt|
|poke|p1|Zamazenta-*|
|poke|p2|Volcanion|
|poke|p2|Corviknight, M|
|poke|p2|Zamazenta-*|
|poke|p2|Iron Treads|
|poke|p2|Dragapult, F|
|poke|p2|Ogerpon-Wellspring, F|
|teampreview
|c|+peum|CLOROOOO
|c|☆clorodulce|Callate peum que me estresas
|c|☆Coach Jones 6fifth|Hf
|c|☆clorodulce|no mentira
|c|☆clorodulce|tqm
|
|t:|1779575883
|teamsize|p1|6
|teamsize|p2|6
|start
|switch|p1a: Basculegion|Basculegion, M|100/100
|switch|p2a: Volcanion|Volcanion|100/100
|turn|1
|c|☆clorodulce|u2
|
|t:|1779575894
|move|p1a: Basculegion|Head Smash|p2a: Volcanion
|-supereffective|p2a: Volcanion
|-damage|p2a: Volcanion|0 fnt
|faint|p2a: Volcanion
|-damage|p1a: Basculegion|59/100|[from] Recoil
|
|upkeep
|c|+zoyotte|q
|
|t:|1779575898
|switch|p2a: Iron Treads|Iron Treads|100/100
|turn|2
|c|+Elian|al chile que bueno
|c|☆clorodulce|En mi defensa no sabía que se usaba así
|c|☆clorodulce|JAJSAJSA
|
|t:|1779575919
|switch|p1a: Pelipper|Pelipper, F|100/100
|-weather|RainDance|[from] ability: Drizzle|[of] p1a: Pelipper
|move|p2a: Iron Treads|Stealth Rock|p1a: Pelipper
|-sidestart|p1: Coach Jones 6fifth|move: Stealth Rock
|
|-weather|RainDance|[upkeep]
|upkeep
|turn|3
|c|+zoyotte|creo q nadie sabia
|c|+luisin|Nadie sabía AJSJAJA
|c|+luisin|ni que lo aprendía 
|c|+Lugia▼▲²JP|ehm actually yo sabía
|c|+peum|no no sabias Lugia▼▲²JP
|inactive|clorodulce has 270 seconds left.
|c|+luisin|Hijo de oh the guilt
|c|+Elian|ni el opp sabia
|
|t:|1779575964
|-end|p2a: Iron Treads|Quark Drive|[silent]
|switch|p2a: Dragapult|Dragapult, F|100/100
|move|p1a: Pelipper|Hurricane|p2a: Dragapult
|-damage|p2a: Dragapult|46/100
|
|-weather|RainDance|[upkeep]
|upkeep
|turn|4
|
|t:|1779575976
|move|p2a: Dragapult|U-turn|p1a: Pelipper
|-resisted|p1a: Pelipper
|-damage|p1a: Pelipper|93/100
|
|t:|1779575980
|switch|p2a: Corviknight|Corviknight, M|100/100|[from] U-turn
|-ability|p2a: Corviknight|Pressure
|move|p1a: Pelipper|Hurricane|p2a: Corviknight
|-resisted|p2a: Corviknight
|-damage|p2a: Corviknight|82/100
|
|-weather|RainDance|[upkeep]
|upkeep
|turn|5
|
|t:|1779575988
|move|p2a: Corviknight|U-turn|p1a: Pelipper
|-resisted|p1a: Pelipper
|-damage|p1a: Pelipper|88/100
|
|t:|1779575995
|switch|p2a: Iron Treads|Iron Treads|100/100|[from] U-turn
|move|p1a: Pelipper|Hurricane|p2a: Iron Treads
|-resisted|p2a: Iron Treads
|-damage|p2a: Iron Treads|72/100
|-start|p2a: Iron Treads|confusion
|
|-weather|RainDance|[upkeep]
|-heal|p2a: Iron Treads|79/100|[from] item: Leftovers
|upkeep
|turn|6
|inactive|clorodulce has 270 seconds left.
|
|t:|1779576008
|-end|p2a: Iron Treads|Quark Drive|[silent]
|switch|p2a: Corviknight|Corviknight, M|82/100
|-ability|p2a: Corviknight|Pressure
|move|p1a: Pelipper|Surf|p2a: Corviknight
|-damage|p2a: Corviknight|35/100
|
|-weather|RainDance|[upkeep]
|upkeep
|turn|7
|inactive|clorodulce has 270 seconds left.
|
|t:|1779576016
|switch|p1a: Iron Treads|Iron Treads|100/100
|-damage|p1a: Iron Treads|98/100|[from] Stealth Rock
|move|p2a: Corviknight|Roost|p2a: Corviknight
|-heal|p2a: Corviknight|85/100
|-singleturn|p2a: Corviknight|move: Roost
|
|-weather|RainDance|[upkeep]
|-heal|p1a: Iron Treads|100/100|[from] item: Leftovers
|upkeep
|turn|8
|
|t:|1779576021
|move|p1a: Iron Treads|Rapid Spin|p2a: Corviknight
|-resisted|p2a: Corviknight
|-damage|p2a: Corviknight|81/100
|-boost|p1a: Iron Treads|spe|1
|-damage|p1a: Iron Treads|84/100|[from] item: Rocky Helmet|[of] p2a: Corviknight
|-sideend|p1: Coach Jones 6fifth|Stealth Rock|[from] move: Rapid Spin|[of] p1a: Iron Treads
|move|p2a: Corviknight|Body Press|p1a: Iron Treads
|-supereffective|p1a: Iron Treads
|-damage|p1a: Iron Treads|42/100
|
|-weather|RainDance|[upkeep]
|-heal|p1a: Iron Treads|48/100|[from] item: Leftovers
|upkeep
|turn|9
|
|t:|1779576039
|move|p1a: Iron Treads|Stealth Rock|p2a: Corviknight
|-sidestart|p2: clorodulce|move: Stealth Rock
|move|p2a: Corviknight|Body Press|p1a: Iron Treads
|-supereffective|p1a: Iron Treads
|-damage|p1a: Iron Treads|6/100
|
|-weather|none
|-heal|p1a: Iron Treads|12/100|[from] item: Leftovers
|upkeep
|turn|10
|
|t:|1779576050
|-end|p1a: Iron Treads|Quark Drive|[silent]
|switch|p1a: Pelipper|Pelipper, F|88/100
|-weather|RainDance|[from] ability: Drizzle|[of] p1a: Pelipper
|move|p2a: Corviknight|Body Press|p1a: Pelipper
|-resisted|p1a: Pelipper
|-damage|p1a: Pelipper|79/100
|
|-weather|RainDance|[upkeep]
|upkeep
|turn|11
|
|t:|1779576062
|move|p2a: Corviknight|Iron Defense|p2a: Corviknight
|-boost|p2a: Corviknight|def|2
|move|p1a: Pelipper|Surf|p2a: Corviknight
|-damage|p2a: Corviknight|41/100
|
|-weather|RainDance|[upkeep]
|upkeep
|turn|12
|
|t:|1779576068
|move|p2a: Corviknight|Roost|p2a: Corviknight
|-heal|p2a: Corviknight|91/100
|-singleturn|p2a: Corviknight|move: Roost
|move|p1a: Pelipper|Surf|p2a: Corviknight
|-damage|p2a: Corviknight|48/100
|
|-weather|RainDance|[upkeep]
|upkeep
|turn|13
|
|t:|1779576074
|move|p2a: Corviknight|Roost|p2a: Corviknight
|-heal|p2a: Corviknight|98/100
|-singleturn|p2a: Corviknight|move: Roost
|move|p1a: Pelipper|Surf|p2a: Corviknight
|-damage|p2a: Corviknight|56/100
|
|-weather|RainDance|[upkeep]
|upkeep
|turn|14
|
|t:|1779576090
|move|p2a: Corviknight|Roost|p2a: Corviknight
|-heal|p2a: Corviknight|100/100
|-singleturn|p2a: Corviknight|move: Roost
|move|p1a: Pelipper|Surf|p2a: Corviknight
|-damage|p2a: Corviknight|60/100
|
|-weather|RainDance|[upkeep]
|upkeep
|turn|15
|
|t:|1779576095
|move|p2a: Corviknight|Body Press|p1a: Pelipper
|-resisted|p1a: Pelipper
|-damage|p1a: Pelipper|57/100
|move|p1a: Pelipper|Hurricane|p2a: Corviknight
|-resisted|p2a: Corviknight
|-damage|p2a: Corviknight|43/100
|
|-weather|RainDance|[upkeep]
|upkeep
|turn|16
|
|t:|1779576111
|move|p2a: Corviknight|Body Press|p1a: Pelipper
|-resisted|p1a: Pelipper
|-damage|p1a: Pelipper|39/100
|move|p1a: Pelipper|Roost|p1a: Pelipper
|-heal|p1a: Pelipper|89/100
|-singleturn|p1a: Pelipper|move: Roost
|
|-weather|RainDance|[upkeep]
|upkeep
|turn|17
|
|t:|1779576119
|move|p2a: Corviknight|Roost|p2a: Corviknight
|-heal|p2a: Corviknight|93/100
|-singleturn|p2a: Corviknight|move: Roost
|move|p1a: Pelipper|Surf|p2a: Corviknight
|-damage|p2a: Corviknight|47/100
|
|-weather|none
|upkeep
|turn|18
|
|t:|1779576134
|move|p2a: Corviknight|Roost|p2a: Corviknight
|-heal|p2a: Corviknight|97/100
|-singleturn|p2a: Corviknight|move: Roost
|move|p1a: Pelipper|Surf|p2a: Corviknight
|-damage|p2a: Corviknight|70/100
|
|upkeep
|turn|19
|
|t:|1779576140
|move|p2a: Corviknight|Iron Defense|p2a: Corviknight
|-boost|p2a: Corviknight|def|2
|move|p1a: Pelipper|U-turn|p2a: Corviknight
|-resisted|p2a: Corviknight
|-crit|p2a: Corviknight
|-damage|p2a: Corviknight|68/100
|-damage|p1a: Pelipper|73/100|[from] item: Rocky Helmet|[of] p2a: Corviknight
|
|t:|1779576143
|switch|p1a: Raging Bolt|Raging Bolt|100/100|[from] U-turn
|
|upkeep
|turn|20
|
|t:|1779576149
|-end|p1a: Raging Bolt|Protosynthesis|[silent]
|switch|p1a: Pelipper|Pelipper, F|73/100
|-weather|RainDance|[from] ability: Drizzle|[of] p1a: Pelipper
|switch|p2a: Iron Treads|Iron Treads|79/100
|-damage|p2a: Iron Treads|76/100|[from] Stealth Rock
|
|-weather|RainDance|[upkeep]
|-heal|p2a: Iron Treads|82/100|[from] item: Leftovers
|upkeep
|turn|21
|inactive|clorodulce has 270 seconds left.
|
|t:|1779576199
|move|p2a: Iron Treads|Stealth Rock|p1a: Pelipper
|-sidestart|p1: Coach Jones 6fifth|move: Stealth Rock
|move|p1a: Pelipper|Surf|p2a: Iron Treads
|-supereffective|p2a: Iron Treads
|-damage|p2a: Iron Treads|0 fnt
|faint|p2a: Iron Treads
|-end|p2a: Iron Treads|Quark Drive|[silent]
|
|-weather|RainDance|[upkeep]
|upkeep
|
|t:|1779576203
|switch|p2a: Ogerpon|Ogerpon-Wellspring, F|100/100
|-damage|p2a: Ogerpon|88/100|[from] Stealth Rock
|turn|22
|inactive|clorodulce has 240 seconds left.
|
|t:|1779576230
|-terastallize|p2a: Ogerpon|Water
|detailschange|p2a: Ogerpon|Ogerpon-Wellspring-Tera, F, tera:Water
|-ability|p2a: Ogerpon|Embody Aspect (Wellspring)|boost
|-boost|p2a: Ogerpon|spd|1
|-terastallize|p1a: Pelipper|Grass
|move|p2a: Ogerpon|Power Whip|p1a: Pelipper
|-resisted|p1a: Pelipper
|-damage|p1a: Pelipper|43/100
|move|p1a: Pelipper|Hurricane|p2a: Ogerpon
|-damage|p2a: Ogerpon|60/100
|
|-weather|RainDance|[upkeep]
|upkeep
|turn|23
|inactive|clorodulce has 240 seconds left.
|
|t:|1779576249
|switch|p1a: Iron Treads|Iron Treads|12/100
|-damage|p1a: Iron Treads|10/100|[from] Stealth Rock
|move|p2a: Ogerpon|Knock Off|p1a: Iron Treads
|-damage|p1a: Iron Treads|0 fnt
|-enditem|p1a: Iron Treads|Leftovers|[from] move: Knock Off|[of] p2a: Ogerpon
|faint|p1a: Iron Treads
|-end|p1a: Iron Treads|Quark Drive|[silent]
|
|-weather|RainDance|[upkeep]
|upkeep
|
|t:|1779576254
|switch|p1a: Zamazenta|Zamazenta|100/100
|-damage|p1a: Zamazenta|94/100|[from] Stealth Rock
|-ability|p1a: Zamazenta|Dauntless Shield|boost
|-boost|p1a: Zamazenta|def|1
|turn|24
|
|t:|1779576262
|switch|p2a: Corviknight|Corviknight, M|68/100
|-damage|p2a: Corviknight|55/100|[from] Stealth Rock
|-ability|p2a: Corviknight|Pressure
|move|p1a: Zamazenta|Close Combat|p2a: Corviknight
|-damage|p2a: Corviknight|23/100
|-unboost|p1a: Zamazenta|def|1
|-unboost|p1a: Zamazenta|spd|1
|-damage|p1a: Zamazenta|78/100|[from] item: Rocky Helmet|[of] p2a: Corviknight
|
|-weather|RainDance|[upkeep]
|upkeep
|turn|25
|
|t:|1779576274
|move|p1a: Zamazenta|Close Combat|p2a: Corviknight
|-damage|p2a: Corviknight|0 fnt
|-unboost|p1a: Zamazenta|def|1
|-unboost|p1a: Zamazenta|spd|1
|-damage|p1a: Zamazenta|61/100|[from] item: Rocky Helmet|[of] p2a: Corviknight
|faint|p2a: Corviknight
|
|-weather|RainDance|[upkeep]
|upkeep
|
|t:|1779576278
|switch|p2a: Dragapult|Dragapult, F|46/100
|turn|26
|
|t:|1779576289
|switch|p1a: Raging Bolt|Raging Bolt|100/100
|-damage|p1a: Raging Bolt|88/100|[from] Stealth Rock
|move|p2a: Dragapult|Will-O-Wisp|p1a: Raging Bolt
|-status|p1a: Raging Bolt|brn
|
|-weather|RainDance|[upkeep]
|-damage|p1a: Raging Bolt|82/100 brn|[from] brn
|upkeep
|turn|27
|
|t:|1779576299
|move|p2a: Dragapult|Dragon Darts|p1a: Raging Bolt
|-supereffective|p1a: Raging Bolt
|-damage|p1a: Raging Bolt|38/100 brn
|-anim|p2a: Dragapult|Dragon Darts|p1a: Raging Bolt
|-supereffective|p1a: Raging Bolt
|-damage|p1a: Raging Bolt|0 fnt
|faint|p1a: Raging Bolt
|-end|p1a: Raging Bolt|Protosynthesis|[silent]
|
|-weather|none
|upkeep
|
|t:|1779576302
|switch|p1a: Latias|Latias, F, shiny|100/100
|-damage|p1a: Latias|88/100|[from] Stealth Rock
|turn|28
|inactive|clorodulce has 270 seconds left.
|
|t:|1779576314
|move|p1a: Latias|Psychic|p2a: Dragapult
|-damage|p2a: Dragapult|0 fnt
|faint|p2a: Dragapult
|
|upkeep
|
|t:|1779576324
|switch|p2a: Ogerpon|Ogerpon-Wellspring-Tera, F, tera:Water|60/100
|-damage|p2a: Ogerpon|48/100|[from] Stealth Rock
|-ability|p2a: Ogerpon|Embody Aspect (Wellspring)|boost
|-boost|p2a: Ogerpon|spd|1
|turn|29
|
|t:|1779576330
|switch|p1a: Pelipper|Pelipper, F, tera:Grass|43/100
|-damage|p1a: Pelipper|31/100|[from] Stealth Rock
|-weather|RainDance|[from] ability: Drizzle|[of] p1a: Pelipper
|move|p2a: Ogerpon|Knock Off|p1a: Pelipper
|-damage|p1a: Pelipper|0 fnt
|-enditem|p1a: Pelipper|Damp Rock|[from] move: Knock Off|[of] p2a: Ogerpon
|faint|p1a: Pelipper
|
|-weather|RainDance|[upkeep]
|upkeep
|
|t:|1779576334
|switch|p1a: Zamazenta|Zamazenta|61/100
|-damage|p1a: Zamazenta|55/100|[from] Stealth Rock
|turn|30
|inactive|clorodulce has 270 seconds left.
|
|t:|1779576348
|switch|p2a: Zamazenta|Zamazenta|100/100
|-damage|p2a: Zamazenta|94/100|[from] Stealth Rock
|-ability|p2a: Zamazenta|Dauntless Shield|boost
|-boost|p2a: Zamazenta|def|1
|move|p1a: Zamazenta|Close Combat|p2a: Zamazenta
|-damage|p2a: Zamazenta|55/100
|-unboost|p1a: Zamazenta|def|1
|-unboost|p1a: Zamazenta|spd|1
|
|-weather|RainDance|[upkeep]
|upkeep
|turn|31
|inactive|clorodulce has 270 seconds left.
|
|t:|1779576359
|switch|p1a: Basculegion|Basculegion, M|59/100
|-damage|p1a: Basculegion|46/100|[from] Stealth Rock
|move|p2a: Zamazenta|Close Combat|p1a: Basculegion
|-immune|p1a: Basculegion
|
|-weather|RainDance|[upkeep]
|upkeep
|turn|32
|
|t:|1779576368
|switch|p2a: Ogerpon|Ogerpon-Wellspring-Tera, F, tera:Water|48/100
|-damage|p2a: Ogerpon|36/100|[from] Stealth Rock
|-ability|p2a: Ogerpon|Embody Aspect (Wellspring)|boost
|-boost|p2a: Ogerpon|spd|1
|move|p1a: Basculegion|Aqua Jet|p2a: Ogerpon
|-resisted|p2a: Ogerpon
|-damage|p2a: Ogerpon|0 fnt
|faint|p2a: Ogerpon
|detailschange|p2: Ogerpon|Ogerpon-Wellspring, F|[silent]
|
|-weather|RainDance|[upkeep]
|upkeep
|
|t:|1779576369
|switch|p2a: Zamazenta|Zamazenta|55/100
|-damage|p2a: Zamazenta|48/100|[from] Stealth Rock
|turn|33
|
|t:|1779576373
|move|p1a: Basculegion|Aqua Jet|p2a: Zamazenta
|-damage|p2a: Zamazenta|0 fnt
|faint|p2a: Zamazenta
|
|win|Coach Jones 6fifth
|c|☆clorodulce|gg
|c|☆Coach Jones 6fifth|gg
|player|p2|
|player|p1|
