|inactive|Battle timer is ON: inactive players will automatically lose when time's up.
|t:|1779569171
|gametype|singles
|player|p1|Sagazinha|#ptplvidazzlingdiancies|
|player|p2|cute vn|twins|
|gen|9
|tier|[Gen 9] OU
|rule|HP Percentage Mod: HP is shown in percentages
|rule|Endless Battle Clause: Forcing endless battles is banned
|rule|Species Clause: Limit one of each Pokémon
|rule|OHKO Clause: OHKO moves are banned
|rule|Evasion Items Clause: Evasion items are banned
|rule|Evasion Moves Clause: Evasion moves are banned
|rule|Evasion Abilities Clause: Evasion abilities are banned
|rule|Sleep Moves Clause: Sleep-inducing moves are banned
|clearpoke
|poke|p1|Gliscor, M|
|poke|p1|Zamazenta-*|
|poke|p1|Tinkaton, F|
|poke|p1|Slowking-Galar, M|
|poke|p1|Sinistcha|
|poke|p1|Samurott-Hisui, M|
|poke|p2|Dragonite, F|
|poke|p2|Landorus-Therian, M|
|poke|p2|Zamazenta-*|
|poke|p2|Pecharunt|
|poke|p2|Samurott-Hisui, M|
|poke|p2|Gholdengo|
|teampreview
|inactive|cute vn has 270 seconds left.
|
|t:|1779569219
|teamsize|p1|6
|teamsize|p2|6
|start
|switch|p1a: Tinkaton|Tinkaton, F, shiny|100/100
|switch|p2a: Samurott|Samurott-Hisui, M|100/100
|-item|p1a: Tinkaton|Air Balloon
|turn|1
|
|t:|1779569227
|move|p1a: Tinkaton|Stealth Rock|p2a: Samurott
|-sidestart|p2: cute vn|move: Stealth Rock
|move|p2a: Samurott|Ceaseless Edge|p1a: Tinkaton
|-resisted|p1a: Tinkaton
|-damage|p1a: Tinkaton|68/100
|-enditem|p1a: Tinkaton|Air Balloon
|-sidestart|p1: Sagazinha|Spikes
|-enditem|p2a: Samurott|Assault Vest|[silent]|[from] ability: Pickpocket|[of] p2a: Samurott
|-item|p1a: Tinkaton|Assault Vest|[from] ability: Pickpocket|[of] p2a: Samurott
|
|upkeep
|turn|2
|
|t:|1779569241
|switch|p1a: Zamazenta|Zamazenta, shiny|100/100
|-ability|p1a: Zamazenta|Dauntless Shield|boost
|-boost|p1a: Zamazenta|def|1
|move|p2a: Samurott|Ceaseless Edge|p1a: Zamazenta
|-resisted|p1a: Zamazenta
|-damage|p1a: Zamazenta|87/100
|-sidestart|p1: Sagazinha|Spikes
|
|upkeep
|turn|3
|
|t:|1779569250
|switch|p1a: Samurott|Samurott-Hisui, M, shiny|100/100
|switch|p2a: Landorus|Landorus-Therian, M|100/100
|-damage|p2a: Landorus|88/100|[from] Stealth Rock
|-ability|p2a: Landorus|Intimidate|boost
|-unboost|p1a: Samurott|atk|1
|
|upkeep
|turn|4
|
|t:|1779569269
|switch|p2a: Samurott|Samurott-Hisui, M|100/100
|-damage|p2a: Samurott|88/100|[from] Stealth Rock
|switch|p1a: Gliscor|Gliscor, M, shiny|100/100
|
|-status|p1a: Gliscor|tox|[from] item: Toxic Orb
|upkeep
|turn|5
|
|t:|1779569272
|move|p1a: Gliscor|Protect|p1a: Gliscor
|-singleturn|p1a: Gliscor|Protect
|move|p2a: Samurott|Razor Shell|p1a: Gliscor
|-activate|p1a: Gliscor|move: Protect
|
|upkeep
|turn|6
|inactive|Sagazinha has 270 seconds left.
|
|t:|1779569323
|switch|p1a: Tinkaton|Tinkaton, F, shiny|68/100
|-damage|p1a: Tinkaton|52/100|[from] Spikes
|move|p2a: Samurott|Ceaseless Edge|p1a: Tinkaton
|-resisted|p1a: Tinkaton
|-damage|p1a: Tinkaton|17/100
|-sidestart|p1: Sagazinha|Spikes
|
|upkeep
|turn|7
|
|t:|1779569342
|move|p2a: Samurott|Aqua Jet|p1a: Tinkaton
|-damage|p1a: Tinkaton|0 fnt
|faint|p1a: Tinkaton
|
|upkeep
|
|t:|1779569346
|switch|p1a: Zamazenta|Zamazenta, shiny|87/100
|turn|8
|
|t:|1779569360
|switch|p1a: Gliscor|Gliscor, M, shiny|100/100 tox
|switch|p2a: Gholdengo|Gholdengo|100/100
|-damage|p2a: Gholdengo|94/100|[from] Stealth Rock
|-item|p2a: Gholdengo|Air Balloon
|
|upkeep
|turn|9
|
|t:|1779569366
|switch|p2a: Landorus|Landorus-Therian, M|88/100
|-damage|p2a: Landorus|76/100|[from] Stealth Rock
|-ability|p2a: Landorus|Intimidate|boost
|-unboost|p1a: Gliscor|atk|1
|move|p1a: Gliscor|Knock Off|p2a: Landorus
|-damage|p2a: Landorus|55/100
|-enditem|p2a: Landorus|Soft Sand|[from] move: Knock Off|[of] p1a: Gliscor
|
|upkeep
|turn|10
|
|t:|1779569371
|move|p1a: Gliscor|Swords Dance|p1a: Gliscor
|-boost|p1a: Gliscor|atk|2
|move|p2a: Landorus|Stealth Rock|p1a: Gliscor
|-sidestart|p1: Sagazinha|move: Stealth Rock
|
|upkeep
|turn|11
|
|t:|1779569376
|move|p1a: Gliscor|Facade|p2a: Landorus
|-damage|p2a: Landorus|0 fnt
|faint|p2a: Landorus
|
|upkeep
|
|t:|1779569383
|switch|p2a: Samurott|Samurott-Hisui, M|88/100
|-damage|p2a: Samurott|76/100|[from] Stealth Rock
|turn|12
|
|t:|1779569394
|-terastallize|p1a: Gliscor|Normal
|move|p1a: Gliscor|Facade|p2a: Samurott
|-damage|p2a: Samurott|0 fnt
|faint|p2a: Samurott
|
|upkeep
|
|t:|1779569408
|switch|p2a: Dragonite|Dragonite, F|100/100
|turn|13
|
|t:|1779569416
|move|p1a: Gliscor|Facade|p2a: Dragonite
|-damage|p2a: Dragonite|51/100
|move|p2a: Dragonite|Dragon Dance|p2a: Dragonite
|-boost|p2a: Dragonite|atk|1
|-boost|p2a: Dragonite|spe|1
|
|upkeep
|turn|14
|
|t:|1779569428
|move|p2a: Dragonite|Earthquake|p1a: Gliscor
|-damage|p1a: Gliscor|48/100 tox
|move|p1a: Gliscor|Facade|p2a: Dragonite
|-damage|p2a: Dragonite|0 fnt
|faint|p2a: Dragonite
|
|-heal|p1a: Gliscor|60/100 tox|[from] ability: Poison Heal
|upkeep
|
|t:|1779569431
|switch|p2a: Zamazenta|Zamazenta|100/100
|-ability|p2a: Zamazenta|Dauntless Shield|boost
|-boost|p2a: Zamazenta|def|1
|turn|15
|
|t:|1779569439
|move|p1a: Gliscor|Protect|p1a: Gliscor
|-singleturn|p1a: Gliscor|Protect
|move|p2a: Zamazenta|Close Combat|p1a: Gliscor
|-activate|p1a: Gliscor|move: Protect
|
|-heal|p1a: Gliscor|73/100 tox|[from] ability: Poison Heal
|upkeep
|turn|16
|
|t:|1779569455
|switch|p1a: Sinistcha|Sinistcha, shiny|100/100
|move|p2a: Zamazenta|Close Combat|p1a: Sinistcha
|-immune|p1a: Sinistcha
|
|upkeep
|turn|17
|
|t:|1779569467
|move|p2a: Zamazenta|Crunch|p1a: Sinistcha
|-supereffective|p1a: Sinistcha
|-damage|p1a: Sinistcha|66/100
|move|p1a: Sinistcha|Matcha Gotcha|p2a: Zamazenta
|-damage|p2a: Zamazenta|72/100
|-heal|p1a: Sinistcha|79/100|[from] drain|[of] p2a: Zamazenta
|
|upkeep
|turn|18
|
|t:|1779569474
|switch|p2a: Pecharunt|Pecharunt|100/100
|move|p1a: Sinistcha|Strength Sap|p2a: Pecharunt
|-unboost|p2a: Pecharunt|atk|1
|-heal|p1a: Sinistcha|100/100
|
|upkeep
|turn|19
|
|t:|1779569487
|switch|p1a: Slowking|Slowking-Galar, M, shiny|100/100
|move|p2a: Pecharunt|Malignant Chain|p1a: Slowking
|-resisted|p1a: Slowking
|-damage|p1a: Slowking|91/100
|
|upkeep
|turn|20
|
|t:|1779569493
|move|p2a: Pecharunt|Foul Play|p1a: Slowking
|-supereffective|p1a: Slowking
|-damage|p1a: Slowking|66/100
|-prepare|p1a: Slowking|Chilly Reception|[premajor]
|move|p1a: Slowking|Chilly Reception|p1a: Slowking
|-weather|Snowscape
|
|t:|1779569498
|switch|p1a: Samurott|Samurott-Hisui, M, shiny|100/100|[from] Chilly Reception
|
|-weather|Snowscape|[upkeep]
|upkeep
|turn|21
|
|t:|1779569507
|move|p1a: Samurott|Flip Turn|p2a: Pecharunt
|-damage|p2a: Pecharunt|85/100
|
|t:|1779569509
|switch|p1a: Slowking|Slowking-Galar, M, shiny|99/100|[from] Flip Turn
|move|p2a: Pecharunt|Parting Shot|p1a: Slowking
|-unboost|p1a: Slowking|atk|1
|-unboost|p1a: Slowking|spa|1
|inactive|cute vn has 270 seconds left.
|inactive|cute vn has 240 seconds left.
|
|t:|1779569585
|switch|p2a: Zamazenta|Zamazenta|72/100|[from] Parting Shot
|
|-weather|Snowscape|[upkeep]
|upkeep
|turn|22
|
|t:|1779569590
|move|p2a: Zamazenta|Crunch|p1a: Slowking
|-supereffective|p1a: Slowking
|-damage|p1a: Slowking|41/100
|-unboost|p1a: Slowking|def|1
|-prepare|p1a: Slowking|Chilly Reception|[premajor]
|move|p1a: Slowking|Chilly Reception|p1a: Slowking
|
|t:|1779569594
|switch|p1a: Sinistcha|Sinistcha, shiny|100/100|[from] Chilly Reception
|
|-weather|Snowscape|[upkeep]
|upkeep
|turn|23
|
|t:|1779569606
|move|p2a: Zamazenta|Crunch|p1a: Sinistcha
|-supereffective|p1a: Sinistcha
|-damage|p1a: Sinistcha|63/100
|move|p1a: Sinistcha|Shadow Ball|p2a: Zamazenta
|-damage|p2a: Zamazenta|40/100
|
|-weather|Snowscape|[upkeep]
|upkeep
|turn|24
|
|t:|1779569613
|move|p2a: Zamazenta|Crunch|p1a: Sinistcha
|-supereffective|p1a: Sinistcha
|-damage|p1a: Sinistcha|29/100
|move|p1a: Sinistcha|Strength Sap|p2a: Zamazenta
|-unboost|p2a: Zamazenta|atk|1
|-heal|p1a: Sinistcha|100/100
|
|-weather|none
|upkeep
|turn|25
|
|t:|1779569626
|switch|p2a: Pecharunt|Pecharunt|85/100
|move|p1a: Sinistcha|Shadow Ball|p2a: Pecharunt
|-supereffective|p2a: Pecharunt
|-damage|p2a: Pecharunt|22/100
|
|upkeep
|turn|26
|
|t:|1779569631
|switch|p1a: Slowking|Slowking-Galar, M, shiny|74/100
|move|p2a: Pecharunt|Recover|p2a: Pecharunt
|-heal|p2a: Pecharunt|72/100
|
|upkeep
|turn|27
|
|t:|1779569635
|move|p2a: Pecharunt|Parting Shot|p1a: Slowking
|-unboost|p1a: Slowking|atk|1
|-unboost|p1a: Slowking|spa|1
|
|t:|1779569641
|switch|p2a: Zamazenta|Zamazenta|40/100|[from] Parting Shot
|-prepare|p1a: Slowking|Chilly Reception|[premajor]
|move|p1a: Slowking|Chilly Reception|p1a: Slowking
|-weather|Snowscape
|
|t:|1779569645
|switch|p1a: Sinistcha|Sinistcha, shiny|100/100|[from] Chilly Reception
|
|-weather|Snowscape|[upkeep]
|upkeep
|turn|28
|inactive|cute vn has 270 seconds left.
|inactive|cute vn has 240 seconds left.
|
|t:|1779569717
|move|p2a: Zamazenta|Crunch|p1a: Sinistcha
|-supereffective|p1a: Sinistcha
|-damage|p1a: Sinistcha|63/100
|-unboost|p1a: Sinistcha|def|1
|move|p1a: Sinistcha|Strength Sap|p2a: Zamazenta
|-unboost|p2a: Zamazenta|atk|1
|-heal|p1a: Sinistcha|100/100
|
|-weather|Snowscape|[upkeep]
|upkeep
|turn|29
|
|t:|1779569726
|switch|p1a: Slowking|Slowking-Galar, M, shiny|100/100
|move|p2a: Zamazenta|Crunch|p1a: Slowking
|-supereffective|p1a: Slowking
|-damage|p1a: Slowking|66/100
|-unboost|p1a: Slowking|def|1
|
|-weather|Snowscape|[upkeep]
|upkeep
|turn|30
|inactive|cute vn has 240 seconds left.
|inactive|cute vn disconnected and has 300 seconds to reconnect!
|player|p2|
|inactive|cute vn has 270 seconds to reconnect!
|inactive|cute vn has 240 seconds to reconnect!
|inactive|cute vn has 210 seconds to reconnect!
|inactive|cute vn has 180 seconds to reconnect!
|inactive|cute vn has 150 seconds to reconnect!
|inactive|cute vn has 120 seconds to reconnect!
|inactive|cute vn has 90 seconds to reconnect!
|inactive|cute vn has 60 seconds to reconnect!
|inactive|cute vn has 30 seconds to reconnect!
|inactive|cute vn has 20 seconds to reconnect!
|inactive|cute vn has 15 seconds to reconnect!
|inactive|cute vn has 10 seconds to reconnect!
|inactive|cute vn has 5 seconds to reconnect!
|-message|cute vn lost due to inactivity.
|
|win|Sagazinha
