|j|☆NotoriousPink
|j|☆kashi1006
|t:|1779701903
|gametype|singles
|player|p1|NotoriousPink|101|1031
|player|p2|kashi1006|cynthia-gen4|1000
|gen|9
|tier|[Gen 9] OU
|rated|
|rule|HP Percentage Mod: HP is shown in percentages
|rule|Endless Battle Clause: Forcing endless battles is banned
|rule|Species Clause: Limit one of each Pokémon
|rule|OHKO Clause: OHKO moves are banned
|rule|Evasion Items Clause: Evasion items are banned
|rule|Evasion Moves Clause: Evasion moves are banned
|rule|Evasion Abilities Clause: Evasion abilities are banned
|rule|Sleep Moves Clause: Sleep-inducing moves are banned
|clearpoke
|poke|p1|Spidops, F|
|poke|p1|Deoxys-Defense|
|poke|p1|Corviknight, F|
|poke|p1|Weezing-Galar, F|
|poke|p1|Blissey, F|
|poke|p1|Alomomola, M|
|poke|p2|Charizard, M|
|poke|p2|Rillaboom, M|
|poke|p2|Garchomp, M|
|poke|p2|Regieleki|
|poke|p2|Greninja-*, M|
|poke|p2|Salamence, M|
|teampreview
|
|t:|1779701917
|teamsize|p1|6
|teamsize|p2|6
|start
|switch|p1a: Spidops|Spidops, F|100/100
|switch|p2a: Salamence|Salamence, M|100/100
|-ability|p2a: Salamence|Intimidate|boost
|-unboost|p1a: Spidops|atk|1
|turn|1
|
|t:|1779701932
|switch|p2a: Charizard|Charizard, M, shiny|100/100
|switch|p1a: Corviknight|Corviknight, F|100/100
|-ability|p1a: Corviknight|Pressure
|
|upkeep
|turn|2
|
|t:|1779701941
|switch|p1a: Deoxys|Deoxys-Defense|100/100
|-ability|p1a: Deoxys|Pressure
|move|p2a: Charizard|Flare Blitz|p1a: Deoxys
|-damage|p1a: Deoxys|70/100
|-damage|p2a: Charizard|91/100|[from] Recoil
|
|-heal|p2a: Charizard|97/100|[from] item: Leftovers
|upkeep
|turn|3
|
|t:|1779701955
|switch|p2a: Greninja|Greninja, M|100/100
|move|p1a: Deoxys|Recover|p1a: Deoxys
|-heal|p1a: Deoxys|100/100
|
|upkeep
|turn|4
|
|t:|1779701962
|switch|p1a: Alomomola|Alomomola, M|100/100
|move|p2a: Greninja|Dark Pulse|p1a: Alomomola
|-damage|p1a: Alomomola|74/100
|
|upkeep
|turn|5
|
|t:|1779701970
|switch|p2a: Regieleki|Regieleki, shiny|100/100
|move|p1a: Alomomola|Flip Turn|p2a: Regieleki
|-damage|p2a: Regieleki|75/100
|
|t:|1779701978
|switch|p1a: Blissey|Blissey, F|100/100|[from] Flip Turn
|
|upkeep
|turn|6
|
|t:|1779701988
|move|p2a: Regieleki|Acrobatics|p1a: Blissey
|-damage|p1a: Blissey|70/100
|move|p1a: Blissey|Seismic Toss|p2a: Regieleki
|-damage|p2a: Regieleki|44/100
|
|upkeep
|turn|7
|
|t:|1779702012
|move|p2a: Regieleki|Body Slam|p1a: Blissey
|-damage|p1a: Blissey|46/100
|move|p1a: Blissey|Soft-Boiled|p1a: Blissey
|-heal|p1a: Blissey|96/100
|
|upkeep
|turn|8
|
|t:|1779702020
|switch|p2a: Rillaboom|Rillaboom, M|100/100
|-fieldstart|move: Grassy Terrain|[from] ability: Grassy Surge|[of] p2a: Rillaboom
|move|p1a: Blissey|Seismic Toss|p2a: Rillaboom
|-damage|p2a: Rillaboom|73/100
|
|-heal|p2a: Rillaboom|79/100|[from] Grassy Terrain
|-heal|p1a: Blissey|100/100|[from] Grassy Terrain
|upkeep
|turn|9
|
|t:|1779702034
|switch|p1a: Corviknight|Corviknight, F|100/100
|-ability|p1a: Corviknight|Pressure
|move|p2a: Rillaboom|Fake Out|p1a: Corviknight
|-resisted|p1a: Corviknight
|-damage|p1a: Corviknight|96/100
|-damage|p2a: Rillaboom|69/100|[from] item: Life Orb
|
|-heal|p2a: Rillaboom|75/100|[from] Grassy Terrain
|upkeep
|turn|10
|
|t:|1779702045
|switch|p2a: Charizard|Charizard, M, shiny|97/100
|move|p1a: Corviknight|U-turn|p2a: Charizard
|-resisted|p2a: Charizard
|-damage|p2a: Charizard|92/100
|
|t:|1779702052
|switch|p1a: Blissey|Blissey, F|100/100|[from] U-turn
|
|-heal|p2a: Charizard|98/100|[from] item: Leftovers
|upkeep
|turn|11
|
|t:|1779702062
|move|p2a: Charizard|Flare Blitz|p1a: Blissey
|-damage|p1a: Blissey|61/100
|-damage|p2a: Charizard|72/100|[from] Recoil
|move|p1a: Blissey|Stealth Rock|p2a: Charizard
|-sidestart|p2: kashi1006|move: Stealth Rock
|
|-heal|p2a: Charizard|78/100|[from] item: Leftovers
|-heal|p1a: Blissey|67/100|[from] Grassy Terrain
|upkeep
|turn|12
|
|t:|1779702076
|move|p2a: Charizard|Dragon Pulse|p1a: Blissey
|-damage|p1a: Blissey|60/100
|move|p1a: Blissey|Soft-Boiled|p1a: Blissey
|-heal|p1a: Blissey|100/100
|
|-heal|p2a: Charizard|84/100|[from] item: Leftovers
|-fieldend|move: Grassy Terrain
|upkeep
|turn|13
|
|t:|1779702086
|move|p2a: Charizard|Crunch|p1a: Blissey
|-crit|p1a: Blissey
|-damage|p1a: Blissey|72/100
|move|p1a: Blissey|Seismic Toss|p2a: Charizard
|-damage|p2a: Charizard|52/100
|
|-heal|p2a: Charizard|58/100|[from] item: Leftovers
|upkeep
|turn|14
|
|t:|1779702097
|switch|p2a: Salamence|Salamence, M|100/100
|-damage|p2a: Salamence|76/100|[from] Stealth Rock
|-ability|p2a: Salamence|Intimidate|boost
|-unboost|p1a: Blissey|atk|1
|move|p1a: Blissey|Seismic Toss|p2a: Salamence
|-damage|p2a: Salamence|46/100
|
|-heal|p2a: Salamence|52/100|[from] item: Leftovers
|upkeep
|turn|15
|
|t:|1779702111
|switch|p1a: Corviknight|Corviknight, F|96/100
|-ability|p1a: Corviknight|Pressure
|move|p2a: Salamence|Draco Meteor|p1a: Corviknight
|-resisted|p1a: Corviknight
|-damage|p1a: Corviknight|76/100
|-unboost|p2a: Salamence|spa|2
|
|-heal|p2a: Salamence|58/100|[from] item: Leftovers
|upkeep
|turn|16
|
|t:|1779702126
|switch|p2a: Charizard|Charizard, M, shiny|58/100
|-damage|p2a: Charizard|8/100|[from] Stealth Rock
|move|p1a: Corviknight|U-turn|p2a: Charizard
|-resisted|p2a: Charizard
|-crit|p2a: Charizard
|-damage|p2a: Charizard|1/100
|
|t:|1779702135
|switch|p1a: Alomomola|Alomomola, M|100/100|[from] U-turn
|
|-heal|p2a: Charizard|7/100|[from] item: Leftovers
|upkeep
|turn|17
|
|t:|1779702144
|switch|p2a: Regieleki|Regieleki, shiny|44/100
|-damage|p2a: Regieleki|31/100|[from] Stealth Rock
|move|p1a: Alomomola|Wish|p1a: Alomomola
|
|upkeep
|turn|18
|
|t:|1779702152
|switch|p1a: Blissey|Blissey, F|72/100
|move|p2a: Regieleki|Thunderbolt|p1a: Blissey
|-damage|p1a: Blissey|58/100
|
|-heal|p1a: Blissey|94/100|[from] move: Wish|[wisher] Alomomola
|upkeep
|turn|19
|
|t:|1779702163
|move|p2a: Regieleki|Thunder Cage|p1a: Blissey
|-damage|p1a: Blissey|82/100
|-activate|p1a: Blissey|move: Thunder Cage|[of] p2a: Regieleki
|move|p1a: Blissey|Seismic Toss|p2a: Regieleki
|-damage|p2a: Regieleki|0 fnt
|faint|p2a: Regieleki
|
|-end|p1a: Blissey|Thunder Cage|[partiallytrapped]|[silent]
|upkeep
|
|t:|1779702172
|switch|p2a: Garchomp|Garchomp, M, shiny|100/100
|-damage|p2a: Garchomp|94/100|[from] Stealth Rock
|turn|20
|
|t:|1779702184
|switch|p1a: Alomomola|Alomomola, M|100/100
|move|p2a: Garchomp|Earthquake|p1a: Alomomola
|-damage|p1a: Alomomola|70/100
|
|-heal|p2a: Garchomp|100/100|[from] item: Leftovers
|upkeep
|turn|21
|
|t:|1779702197
|switch|p2a: Rillaboom|Rillaboom, M|75/100
|-damage|p2a: Rillaboom|63/100|[from] Stealth Rock
|-fieldstart|move: Grassy Terrain|[from] ability: Grassy Surge|[of] p2a: Rillaboom
|move|p1a: Alomomola|Wish|p1a: Alomomola
|
|-heal|p2a: Rillaboom|69/100|[from] Grassy Terrain
|-heal|p1a: Alomomola|76/100|[from] Grassy Terrain
|upkeep
|turn|22
|
|t:|1779702209
|switch|p1a: Corviknight|Corviknight, F|76/100
|-ability|p1a: Corviknight|Pressure
|move|p2a: Rillaboom|Wood Hammer|p1a: Corviknight
|-resisted|p1a: Corviknight
|-damage|p1a: Corviknight|61/100
|-damage|p2a: Rillaboom|63/100|[from] Recoil
|-damage|p2a: Rillaboom|54/100|[from] item: Life Orb
|
|-heal|p1a: Corviknight|100/100|[from] move: Wish|[wisher] Alomomola
|-heal|p2a: Rillaboom|60/100|[from] Grassy Terrain
|upkeep
|turn|23
|
|t:|1779702236
|switch|p2a: Salamence|Salamence, M|58/100
|-damage|p2a: Salamence|33/100|[from] Stealth Rock
|-ability|p2a: Salamence|Intimidate|boost
|-unboost|p1a: Corviknight|atk|1
|move|p1a: Corviknight|U-turn|p2a: Salamence
|-resisted|p2a: Salamence
|-damage|p2a: Salamence|26/100
|
|t:|1779702244
|switch|p1a: Spidops|Spidops, F|100/100|[from] U-turn
|
|-heal|p2a: Salamence|32/100|[from] item: Leftovers
|upkeep
|turn|24
|
|t:|1779702255
|move|p1a: Spidops|First Impression|p2a: Salamence
|-resisted|p2a: Salamence
|-damage|p2a: Salamence|0 fnt
|faint|p2a: Salamence
|
|upkeep
|
|t:|1779702263
|switch|p2a: Rillaboom|Rillaboom, M|60/100
|-damage|p2a: Rillaboom|47/100|[from] Stealth Rock
|turn|25
|
|t:|1779702275
|switch|p1a: Corviknight|Corviknight, F|100/100
|-ability|p1a: Corviknight|Pressure
|move|p2a: Rillaboom|Slam|p1a: Corviknight
|-resisted|p1a: Corviknight
|-damage|p1a: Corviknight|90/100
|-damage|p2a: Rillaboom|37/100|[from] item: Life Orb
|
|-heal|p2a: Rillaboom|43/100|[from] Grassy Terrain
|-fieldend|move: Grassy Terrain
|upkeep
|turn|26
|
|t:|1779702290
|move|p2a: Rillaboom|Wood Hammer|p1a: Corviknight
|-resisted|p1a: Corviknight
|-damage|p1a: Corviknight|78/100
|-damage|p2a: Rillaboom|39/100|[from] Recoil
|-damage|p2a: Rillaboom|29/100|[from] item: Life Orb
|move|p1a: Corviknight|U-turn|p2a: Rillaboom
|-supereffective|p2a: Rillaboom
|-damage|p2a: Rillaboom|1/100
|
|t:|1779702298
|switch|p1a: Spidops|Spidops, F|100/100|[from] U-turn
|
|upkeep
|turn|27
|
|t:|1779702308
|switch|p2a: Greninja|Greninja, M|100/100
|-damage|p2a: Greninja|88/100|[from] Stealth Rock
|move|p1a: Spidops|First Impression|p2a: Greninja
|-supereffective|p2a: Greninja
|-damage|p2a: Greninja|0 fnt
|faint|p2a: Greninja
|
|upkeep
|
|t:|1779702319
|switch|p2a: Garchomp|Garchomp, M, shiny|100/100
|-damage|p2a: Garchomp|94/100|[from] Stealth Rock
|turn|28
|
|t:|1779702330
|switch|p1a: Alomomola|Alomomola, M|100/100
|move|p2a: Garchomp|Dragon Pulse|p1a: Alomomola
|-damage|p1a: Alomomola|75/100
|
|-heal|p2a: Garchomp|100/100|[from] item: Leftovers
|upkeep
|turn|29
|
|t:|1779702342
|move|p2a: Garchomp|Earthquake|p1a: Alomomola
|-damage|p1a: Alomomola|46/100
|move|p1a: Alomomola|Flip Turn|p2a: Garchomp
|-damage|p2a: Garchomp|86/100
|-damage|p1a: Alomomola|34/100|[from] ability: Rough Skin|[of] p2a: Garchomp
|
|t:|1779702350
|switch|p1a: Weezing|Weezing-Galar, F|100/100|[from] Flip Turn
|-ability|p1a: Weezing|Neutralizing Gas
|
|-heal|p2a: Garchomp|92/100|[from] item: Leftovers
|upkeep
|turn|30
|
|t:|1779702360
|move|p2a: Garchomp|Earthquake|p1a: Weezing
|-supereffective|p1a: Weezing
|-damage|p1a: Weezing|39/100
|move|p1a: Weezing|Will-O-Wisp|p2a: Garchomp
|-status|p2a: Garchomp|brn
|
|-heal|p2a: Garchomp|98/100 brn|[from] item: Leftovers
|-damage|p2a: Garchomp|92/100 brn|[from] brn
|upkeep
|turn|31
|
|t:|1779702370
|-end|p1a: Weezing|ability: Neutralizing Gas
|switch|p1a: Alomomola|Alomomola, M|67/100
|move|p2a: Garchomp|Earthquake|p1a: Alomomola
|-damage|p1a: Alomomola|54/100
|
|-heal|p2a: Garchomp|98/100 brn|[from] item: Leftovers
|-damage|p2a: Garchomp|92/100 brn|[from] brn
|upkeep
|turn|32
|
|t:|1779702383
|move|p2a: Garchomp|Crunch|p1a: Alomomola
|-damage|p1a: Alomomola|46/100
|move|p1a: Alomomola|Wish|p1a: Alomomola
|
|-heal|p2a: Garchomp|98/100 brn|[from] item: Leftovers
|-damage|p2a: Garchomp|92/100 brn|[from] brn
|upkeep
|turn|33
|
|t:|1779702396
|move|p1a: Alomomola|Protect|p1a: Alomomola
|-singleturn|p1a: Alomomola|Protect
|move|p2a: Garchomp|Earthquake|p1a: Alomomola
|-activate|p1a: Alomomola|move: Protect
|
|-heal|p1a: Alomomola|95/100|[from] move: Wish|[wisher] Alomomola
|-heal|p2a: Garchomp|98/100 brn|[from] item: Leftovers
|-damage|p2a: Garchomp|92/100 brn|[from] brn
|upkeep
|turn|34
|c|☆kashi1006|Wtf
|
|t:|1779702418
|move|p2a: Garchomp|Earthquake|p1a: Alomomola
|-damage|p1a: Alomomola|80/100
|move|p1a: Alomomola|Wish|p1a: Alomomola
|
|-heal|p2a: Garchomp|98/100 brn|[from] item: Leftovers
|-damage|p2a: Garchomp|92/100 brn|[from] brn
|upkeep
|turn|35
|
|t:|1779702432
|-terastallize|p2a: Garchomp|Dragon
|move|p2a: Garchomp|Draco Meteor|p1a: Alomomola
|-damage|p1a: Alomomola|35/100
|-unboost|p2a: Garchomp|spa|2
|move|p1a: Alomomola|Flip Turn|p2a: Garchomp
|-resisted|p2a: Garchomp
|-damage|p2a: Garchomp|85/100 brn
|-damage|p1a: Alomomola|23/100|[from] ability: Rough Skin|[of] p2a: Garchomp
|
|t:|1779702446
|switch|p1a: Weezing|Weezing-Galar, F|39/100|[from] Flip Turn
|-ability|p1a: Weezing|Neutralizing Gas
|
|-heal|p1a: Weezing|100/100|[from] move: Wish|[wisher] Alomomola
|-heal|p2a: Garchomp|92/100 brn|[from] item: Leftovers
|-damage|p2a: Garchomp|85/100 brn|[from] brn
|upkeep
|turn|36
|
|t:|1779702456
|-end|p1a: Weezing|ability: Neutralizing Gas
|switch|p1a: Deoxys|Deoxys-Defense|100/100
|-ability|p1a: Deoxys|Pressure
|move|p2a: Garchomp|Earthquake|p1a: Deoxys
|-damage|p1a: Deoxys|82/100
|
|-heal|p2a: Garchomp|92/100 brn|[from] item: Leftovers
|-damage|p2a: Garchomp|85/100 brn|[from] brn
|upkeep
|turn|37
|
|t:|1779702472
|move|p2a: Garchomp|Draco Meteor|p1a: Deoxys
|-damage|p1a: Deoxys|67/100
|-unboost|p2a: Garchomp|spa|2
|move|p1a: Deoxys|Recover|p1a: Deoxys
|-heal|p1a: Deoxys|100/100
|
|-heal|p2a: Garchomp|92/100 brn|[from] item: Leftovers
|-damage|p2a: Garchomp|85/100 brn|[from] brn
|upkeep
|turn|38
|
|t:|1779702488
|move|p2a: Garchomp|Crunch|p1a: Deoxys
|-supereffective|p1a: Deoxys
|-damage|p1a: Deoxys|82/100
|-unboost|p1a: Deoxys|def|1
|move|p1a: Deoxys|Psychic Noise|p2a: Garchomp
|-damage|p2a: Garchomp|70/100 brn
|-start|p2a: Garchomp|move: Heal Block
|
|-damage|p2a: Garchomp|64/100 brn|[from] brn
|upkeep
|turn|39
|
|t:|1779702500
|move|p2a: Garchomp|Crunch|p1a: Deoxys
|-supereffective|p1a: Deoxys
|-damage|p1a: Deoxys|52/100
|move|p1a: Deoxys|Psychic Noise|p2a: Garchomp
|-damage|p2a: Garchomp|46/100 brn
|
|-damage|p2a: Garchomp|40/100 brn|[from] brn
|-end|p2a: Garchomp|move: Heal Block
|upkeep
|turn|40
|
|t:|1779702510
|move|p2a: Garchomp|Crunch|p1a: Deoxys
|-supereffective|p1a: Deoxys
|-damage|p1a: Deoxys|23/100
|move|p1a: Deoxys|Recover|p1a: Deoxys
|-heal|p1a: Deoxys|73/100
|
|-heal|p2a: Garchomp|46/100 brn|[from] item: Leftovers
|-damage|p2a: Garchomp|40/100 brn|[from] brn
|upkeep
|turn|41
|
|t:|1779702520
|move|p2a: Garchomp|Crunch|p1a: Deoxys
|-supereffective|p1a: Deoxys
|-damage|p1a: Deoxys|46/100
|move|p1a: Deoxys|Recover|p1a: Deoxys
|-heal|p1a: Deoxys|96/100
|
|-heal|p2a: Garchomp|46/100 brn|[from] item: Leftovers
|-damage|p2a: Garchomp|40/100 brn|[from] brn
|upkeep
|turn|42
|
|t:|1779702530
|move|p2a: Garchomp|Crunch|p1a: Deoxys
|-supereffective|p1a: Deoxys
|-damage|p1a: Deoxys|66/100
|move|p1a: Deoxys|Psychic Noise|p2a: Garchomp
|-damage|p2a: Garchomp|23/100 brn
|-start|p2a: Garchomp|move: Heal Block
|
|-damage|p2a: Garchomp|17/100 brn|[from] brn
|upkeep
|turn|43
|
|t:|1779702541
|move|p2a: Garchomp|Crunch|p1a: Deoxys
|-supereffective|p1a: Deoxys
|-damage|p1a: Deoxys|37/100
|move|p1a: Deoxys|Recover|p1a: Deoxys
|-heal|p1a: Deoxys|87/100
|
|-damage|p2a: Garchomp|10/100 brn|[from] brn
|-end|p2a: Garchomp|move: Heal Block
|upkeep
|turn|44
|
|t:|1779702552
|move|p2a: Garchomp|Crunch|p1a: Deoxys
|-supereffective|p1a: Deoxys
|-damage|p1a: Deoxys|56/100
|-unboost|p1a: Deoxys|def|1
|move|p1a: Deoxys|Psychic Noise|p2a: Garchomp
|-damage|p2a: Garchomp|0 fnt
|faint|p2a: Garchomp
|
|upkeep
|
|t:|1779702564
|switch|p2a: Charizard|Charizard, M, shiny|7/100
|-damage|p2a: Charizard|0 fnt|[from] Stealth Rock
|faint|p2a: Charizard
|
|t:|1779702569
|switch|p2a: Rillaboom|Rillaboom, M|1/100
|-damage|p2a: Rillaboom|0 fnt|[from] Stealth Rock
|faint|p2a: Rillaboom
|
|win|NotoriousPink
|raw|NotoriousPink's rating: 1031 &rarr; <strong>1063</strong><br />(+32 for winning)
|raw|kashi1006's rating: 1000 &rarr; <strong>1000</strong><br />(+0 for losing)
