|j|‽theoddkeystone
|j|☆secretcelery
|t:|1779650226
|gametype|singles
|player|p1|theoddkeystone|bruno-gen2|1426
|player|p2|secretcelery|102|1385
|gen|9
|tier|[Gen 9] OU
|rated|
|rule|HP Percentage Mod: HP is shown in percentages
|rule|Endless Battle Clause: Forcing endless battles is banned
|rule|Species Clause: Limit one of each Pokémon
|rule|OHKO Clause: OHKO moves are banned
|rule|Evasion Items Clause: Evasion items are banned
|rule|Evasion Moves Clause: Evasion moves are banned
|rule|Evasion Abilities Clause: Evasion abilities are banned
|rule|Sleep Moves Clause: Sleep-inducing moves are banned
|clearpoke
|poke|p1|Torkoal, F|
|poke|p1|Typhlosion, F|
|poke|p1|Walking Wake|
|poke|p1|Poliwrath, M|
|poke|p1|Ninetales, F|
|poke|p1|Brute Bonnet|
|poke|p2|Empoleon, M|
|poke|p2|Mandibuzz, F|
|poke|p2|Mamoswine, F|
|poke|p2|Ribombee, F|
|poke|p2|Kingambit, M|
|poke|p2|Weezing-Galar, M|
|teampreview
|
|t:|1779650238
|teamsize|p1|6
|teamsize|p2|6
|start
|switch|p1a: Torkoal|Torkoal, F|100/100
|switch|p2a: Kyleigh|Ribombee, F, shiny|100/100
|-weather|SunnyDay|[from] ability: Drought|[of] p1a: Torkoal
|turn|1
|
|t:|1779650244
|switch|p2a: Amanda Bynes|Mandibuzz, F|100/100
|move|p1a: Torkoal|Lava Plume|p2a: Amanda Bynes
|-damage|p2a: Amanda Bynes|71/100
|-status|p2a: Amanda Bynes|brn
|
|-weather|SunnyDay|[upkeep]
|-damage|p2a: Amanda Bynes|65/100 brn|[from] brn
|upkeep
|turn|2
|
|t:|1779650253
|move|p2a: Amanda Bynes|Toxic|p1a: Torkoal
|-status|p1a: Torkoal|tox
|move|p1a: Torkoal|Stealth Rock|p2a: Amanda Bynes
|-sidestart|p2: secretcelery|move: Stealth Rock
|
|-weather|SunnyDay|[upkeep]
|-damage|p1a: Torkoal|94/100 tox|[from] psn
|-damage|p2a: Amanda Bynes|59/100 brn|[from] brn
|upkeep
|turn|3
|
|t:|1779650258
|switch|p1a: Poliwrath|Poliwrath, M|100/100
|move|p2a: Amanda Bynes|Roost|p2a: Amanda Bynes
|-heal|p2a: Amanda Bynes|100/100 brn
|-singleturn|p2a: Amanda Bynes|move: Roost
|
|-weather|SunnyDay|[upkeep]
|-damage|p2a: Amanda Bynes|94/100 brn|[from] brn
|upkeep
|turn|4
|
|t:|1779650262
|move|p2a: Amanda Bynes|Toxic|p1a: Poliwrath
|-status|p1a: Poliwrath|tox
|move|p1a: Poliwrath|Circle Throw|p2a: Amanda Bynes
|-damage|p2a: Amanda Bynes|79/100 brn
|drag|p2a: Marty|Mamoswine, F|100/100
|-damage|p2a: Marty|88/100|[from] Stealth Rock
|
|-weather|SunnyDay|[upkeep]
|-damage|p1a: Poliwrath|94/100 tox|[from] psn
|upkeep
|turn|5
|
|t:|1779650271
|switch|p2a: Doug Dimmadome|Weezing-Galar, M, shiny|100/100
|-damage|p2a: Doug Dimmadome|88/100|[from] Stealth Rock
|move|p1a: Poliwrath|Circle Throw|p2a: Doug Dimmadome
|-resisted|p2a: Doug Dimmadome
|-damage|p2a: Doug Dimmadome|82/100
|drag|p2a: Kyleigh|Ribombee, F, shiny|100/100
|-damage|p2a: Kyleigh|76/100|[from] Stealth Rock
|
|-weather|SunnyDay|[upkeep]
|-damage|p1a: Poliwrath|82/100 tox|[from] psn
|upkeep
|turn|6
|
|t:|1779650276
|switch|p1a: Typhlosion|Typhlosion, F|100/100
|move|p2a: Kyleigh|Sticky Web|p1a: Typhlosion
|-sidestart|p1: theoddkeystone|move: Sticky Web
|
|-weather|SunnyDay|[upkeep]
|upkeep
|turn|7
|
|t:|1779650293
|move|p1a: Typhlosion|Eruption|p2a: Kyleigh
|-supereffective|p2a: Kyleigh
|-damage|p2a: Kyleigh|0 fnt
|faint|p2a: Kyleigh
|
|-weather|SunnyDay|[upkeep]
|upkeep
|
|t:|1779650316
|switch|p2a: Amanda Bynes|Mandibuzz, F|79/100 brn
|-damage|p2a: Amanda Bynes|55/100 brn|[from] Stealth Rock
|turn|8
|
|t:|1779650323
|move|p1a: Typhlosion|Eruption|p2a: Amanda Bynes
|-damage|p2a: Amanda Bynes|0 fnt
|faint|p2a: Amanda Bynes
|
|-weather|none
|upkeep
|
|t:|1779650326
|switch|p2a: Marty|Mamoswine, F|88/100
|-damage|p2a: Marty|76/100|[from] Stealth Rock
|turn|9
|
|t:|1779650335
|move|p1a: Typhlosion|Eruption|p2a: Marty
|-supereffective|p2a: Marty
|-damage|p2a: Marty|33/100
|move|p2a: Marty|Earthquake|p1a: Typhlosion
|-supereffective|p1a: Typhlosion
|-damage|p1a: Typhlosion|0 fnt
|faint|p1a: Typhlosion
|
|upkeep
|
|t:|1779650342
|switch|p1a: Walking Wake|Walking Wake|100/100
|-activate|p1a: Walking Wake|move: Sticky Web
|-unboost|p1a: Walking Wake|spe|1
|turn|10
|
|t:|1779650350
|switch|p2a: Tricycle|Empoleon, M, shiny|100/100
|-damage|p2a: Tricycle|94/100|[from] Stealth Rock
|move|p1a: Walking Wake|Hydro Steam|p2a: Tricycle
|-resisted|p2a: Tricycle
|-damage|p2a: Tricycle|71/100
|
|-heal|p2a: Tricycle|77/100|[from] item: Leftovers
|upkeep
|turn|11
|
|t:|1779650353
|-end|p1a: Walking Wake|Protosynthesis|[silent]
|switch|p1a: Torkoal|Torkoal, F|94/100 tox
|-activate|p1a: Torkoal|move: Sticky Web
|-unboost|p1a: Torkoal|spe|1
|-weather|SunnyDay|[from] ability: Drought|[of] p1a: Torkoal
|move|p2a: Tricycle|Ice Beam|p1a: Torkoal
|-resisted|p1a: Torkoal
|-damage|p1a: Torkoal|73/100 tox
|
|-weather|SunnyDay|[upkeep]
|-heal|p2a: Tricycle|83/100|[from] item: Leftovers
|-damage|p1a: Torkoal|67/100 tox|[from] psn
|upkeep
|turn|12
|
|t:|1779650358
|move|p2a: Tricycle|Surf|p1a: Torkoal
|-supereffective|p1a: Torkoal
|-damage|p1a: Torkoal|9/100 tox
|move|p1a: Torkoal|Rapid Spin|p2a: Tricycle
|-resisted|p2a: Tricycle
|-damage|p2a: Tricycle|79/100
|-boost|p1a: Torkoal|spe|1
|-sideend|p1: theoddkeystone|Sticky Web|[from] move: Rapid Spin|[of] p1a: Torkoal
|
|-weather|SunnyDay|[upkeep]
|-heal|p2a: Tricycle|85/100|[from] item: Leftovers
|-damage|p1a: Torkoal|0 fnt|[from] psn
|faint|p1a: Torkoal
|upkeep
|
|t:|1779650368
|switch|p1a: Brute Bonnet|Brute Bonnet|100/100
|-activate|p1a: Brute Bonnet|ability: Protosynthesis
|-start|p1a: Brute Bonnet|protosynthesisatk
|turn|13
|
|t:|1779650373
|switch|p2a: Doug Dimmadome|Weezing-Galar, M, shiny|82/100
|-damage|p2a: Doug Dimmadome|70/100|[from] Stealth Rock
|move|p1a: Brute Bonnet|Bullet Seed|p2a: Doug Dimmadome
|-resisted|p2a: Doug Dimmadome
|-damage|p2a: Doug Dimmadome|61/100
|-resisted|p2a: Doug Dimmadome
|-damage|p2a: Doug Dimmadome|53/100
|-resisted|p2a: Doug Dimmadome
|-damage|p2a: Doug Dimmadome|45/100
|-resisted|p2a: Doug Dimmadome
|-damage|p2a: Doug Dimmadome|37/100
|-hitcount|p2a: Doug Dimmadome|4
|
|-weather|SunnyDay|[upkeep]
|-heal|p2a: Doug Dimmadome|43/100|[from] item: Black Sludge
|upkeep
|turn|14
|
|t:|1779650384
|move|p1a: Brute Bonnet|Growth|p1a: Brute Bonnet
|-boost|p1a: Brute Bonnet|atk|2
|-boost|p1a: Brute Bonnet|spa|2
|move|p2a: Doug Dimmadome|Strange Steam|p1a: Brute Bonnet
|-supereffective|p1a: Brute Bonnet
|-damage|p1a: Brute Bonnet|24/100
|
|-weather|SunnyDay|[upkeep]
|-heal|p2a: Doug Dimmadome|49/100|[from] item: Black Sludge
|upkeep
|turn|15
|
|t:|1779650389
|move|p1a: Brute Bonnet|Bullet Seed|p2a: Doug Dimmadome
|-resisted|p2a: Doug Dimmadome
|-damage|p2a: Doug Dimmadome|32/100
|-resisted|p2a: Doug Dimmadome
|-crit|p2a: Doug Dimmadome
|-damage|p2a: Doug Dimmadome|6/100
|-resisted|p2a: Doug Dimmadome
|-damage|p2a: Doug Dimmadome|0 fnt
|faint|p2a: Doug Dimmadome
|-hitcount|p2: Doug Dimmadome|3
|
|-weather|SunnyDay|[upkeep]
|upkeep
|
|t:|1779650391
|switch|p2a: Marty|Mamoswine, F|33/100
|-damage|p2a: Marty|21/100|[from] Stealth Rock
|turn|16
|
|t:|1779650399
|-end|p1a: Brute Bonnet|Protosynthesis|[silent]
|switch|p1a: Ninetales|Ninetales, F|100/100
|move|p2a: Marty|Ice Shard|p1a: Ninetales
|-resisted|p1a: Ninetales
|-damage|p1a: Ninetales|86/100
|
|-weather|SunnyDay|[upkeep]
|upkeep
|turn|17
|
|t:|1779650402
|move|p1a: Ninetales|Flamethrower|p2a: Marty
|-supereffective|p2a: Marty
|-damage|p2a: Marty|0 fnt
|faint|p2a: Marty
|
|-weather|SunnyDay|[upkeep]
|upkeep
|
|t:|1779650405
|switch|p2a: Tricycle|Empoleon, M, shiny|85/100
|-damage|p2a: Tricycle|79/100|[from] Stealth Rock
|turn|18
|
|t:|1779650410
|switch|p1a: Poliwrath|Poliwrath, M|82/100 tox
|move|p2a: Tricycle|Surf|p1a: Poliwrath
|-heal|p1a: Poliwrath|100/100 tox|[from] ability: Water Absorb|[of] p2a: Tricycle
|
|-weather|none
|-heal|p2a: Tricycle|85/100|[from] item: Leftovers
|-damage|p1a: Poliwrath|94/100 tox|[from] psn
|upkeep
|turn|19
|
|t:|1779650425
|-terastallize|p2a: Tricycle|Flying
|move|p2a: Tricycle|Flash Cannon|p1a: Poliwrath
|-resisted|p1a: Poliwrath
|-crit|p1a: Poliwrath
|-damage|p1a: Poliwrath|64/100 tox
|move|p1a: Poliwrath|Circle Throw|p2a: Tricycle
|-resisted|p2a: Tricycle
|-damage|p2a: Tricycle|71/100
|drag|p2a: Big Boy|Kingambit, M, shiny|100/100
|-damage|p2a: Big Boy|94/100|[from] Stealth Rock
|-activate|p2a: Big Boy|ability: Supreme Overlord
|-start|p2a: Big Boy|fallen4|[silent]
|
|-heal|p2a: Big Boy|100/100|[from] item: Leftovers
|-damage|p1a: Poliwrath|52/100 tox|[from] psn
|upkeep
|turn|20
|
|t:|1779650437
|-end|p2a: Big Boy|fallen4|[silent]
|switch|p2a: Tricycle|Empoleon, M, shiny, tera:Flying|71/100
|-damage|p2a: Tricycle|46/100|[from] Stealth Rock
|move|p1a: Poliwrath|Circle Throw|p2a: Tricycle
|-resisted|p2a: Tricycle
|-damage|p2a: Tricycle|33/100
|drag|p2a: Big Boy|Kingambit, M, shiny|100/100
|-damage|p2a: Big Boy|94/100|[from] Stealth Rock
|-activate|p2a: Big Boy|ability: Supreme Overlord
|-start|p2a: Big Boy|fallen4|[silent]
|
|-heal|p2a: Big Boy|100/100|[from] item: Leftovers
|-damage|p1a: Poliwrath|33/100 tox|[from] psn
|upkeep
|turn|21
|
|t:|1779650443
|move|p2a: Big Boy|Sucker Punch||[still]
|-fail|p2a: Big Boy
|move|p1a: Poliwrath|Rest|p1a: Poliwrath
|-status|p1a: Poliwrath|slp|[from] move: Rest
|-heal|p1a: Poliwrath|100/100 slp|[silent]
|
|upkeep
|turn|22
|
|t:|1779650453
|cant|p1a: Poliwrath|slp
|move|p1a: Poliwrath|Sleep Talk|p1a: Poliwrath
|move|p1a: Poliwrath|Circle Throw|p2a: Big Boy|[from] move: Sleep Talk
|-supereffective|p2a: Big Boy
|-damage|p2a: Big Boy|25/100
|-end|p2a: Big Boy|fallen4|[silent]
|drag|p2a: Tricycle|Empoleon, M, shiny, tera:Flying|33/100
|-damage|p2a: Tricycle|8/100|[from] Stealth Rock
|
|-heal|p2a: Tricycle|14/100|[from] item: Leftovers
|upkeep
|turn|23
|c|☆secretcelery|Ggs!
|
|t:|1779650462
|cant|p1a: Poliwrath|slp
|move|p1a: Poliwrath|Sleep Talk|p1a: Poliwrath
|move|p1a: Poliwrath|Liquidation|p2a: Tricycle|[from] move: Sleep Talk
|-damage|p2a: Tricycle|0 fnt
|faint|p2a: Tricycle
|
|upkeep
|-message|secretcelery forfeited.
|
|win|theoddkeystone
|raw|theoddkeystone's rating: 1426 &rarr; <strong>1444</strong><br />(+18 for winning)
|raw|secretcelery's rating: 1385 &rarr; <strong>1367</strong><br />(-18 for losing)
|l|☆secretcelery
|player|p2|
|l|‽theoddkeystone
|player|p1|
