|j|☆FiiFiFoFum
|j|☆Team10thPlanet
|t:|1779659307
|gametype|singles
|player|p1|FiiFiFoFum|erika-gen1rb|1563
|player|p2|Team10thPlanet|veteran|1592
|gen|9
|tier|[Gen 9] OU
|rated|
|rule|HP Percentage Mod: HP is shown in percentages
|rule|Endless Battle Clause: Forcing endless battles is banned
|rule|Species Clause: Limit one of each Pokémon
|rule|OHKO Clause: OHKO moves are banned
|rule|Evasion Items Clause: Evasion items are banned
|rule|Evasion Moves Clause: Evasion moves are banned
|rule|Evasion Abilities Clause: Evasion abilities are banned
|rule|Sleep Moves Clause: Sleep-inducing moves are banned
|clearpoke
|poke|p1|Scizor, M|
|poke|p1|Samurott-Hisui, M|
|poke|p1|Gholdengo|
|poke|p1|Landorus-Therian, M|
|poke|p1|Great Tusk|
|poke|p1|Raging Bolt|
|poke|p2|Zamazenta-*|
|poke|p2|Dragonite, M|
|poke|p2|Araquanid, F|
|poke|p2|Iron Treads|
|poke|p2|Raikou|
|poke|p2|Hoopa-Unbound|
|teampreview
|
|t:|1779659315
|teamsize|p1|6
|teamsize|p2|6
|start
|switch|p1a: Landorus|Landorus-Therian, M|100/100
|switch|p2a: Diego ⚡️|Raikou|100/100
|-ability|p2a: Diego ⚡️|Pressure
|-ability|p1a: Landorus|Intimidate|boost
|-unboost|p2a: Diego ⚡️|atk|1
|turn|1
|
|t:|1779659325
|move|p2a: Diego ⚡️|Scald|p1a: Landorus
|-supereffective|p1a: Landorus
|-damage|p1a: Landorus|22/100
|move|p1a: Landorus|Stealth Rock|p2a: Diego ⚡️
|-sidestart|p2: Team10thPlanet|move: Stealth Rock
|
|upkeep
|turn|2
|
|t:|1779659331
|switch|p1a: Raging Bolt|Raging Bolt|100/100
|move|p2a: Diego ⚡️|Scald|p1a: Raging Bolt
|-resisted|p1a: Raging Bolt
|-crit|p1a: Raging Bolt
|-damage|p1a: Raging Bolt|73/100
|-status|p1a: Raging Bolt|brn
|
|-damage|p1a: Raging Bolt|67/100 brn|[from] brn
|upkeep
|turn|3
|
|t:|1779659353
|switch|p2a: Iron Treads|Iron Treads|100/100
|-damage|p2a: Iron Treads|97/100|[from] Stealth Rock
|-enditem|p2a: Iron Treads|Booster Energy
|-activate|p2a: Iron Treads|ability: Quark Drive|[fromitem]
|-start|p2a: Iron Treads|quarkdrivespe
|move|p1a: Raging Bolt|Draco Meteor|p2a: Iron Treads
|-resisted|p2a: Iron Treads
|-damage|p2a: Iron Treads|43/100
|-unboost|p1a: Raging Bolt|spa|2
|
|-damage|p1a: Raging Bolt|61/100 brn|[from] brn
|upkeep
|turn|4
|
|t:|1779659366
|-end|p1a: Raging Bolt|Protosynthesis|[silent]
|switch|p1a: Gholdengo|Gholdengo|100/100
|move|p2a: Iron Treads|Knock Off|p1a: Gholdengo
|-supereffective|p1a: Gholdengo
|-damage|p1a: Gholdengo|31/100
|-enditem|p1a: Gholdengo|Choice Scarf|[from] move: Knock Off|[of] p2a: Iron Treads
|
|upkeep
|turn|5
|
|t:|1779659376
|move|p2a: Iron Treads|Earthquake|p1a: Gholdengo
|-supereffective|p1a: Gholdengo
|-damage|p1a: Gholdengo|0 fnt
|faint|p1a: Gholdengo
|
|upkeep
|
|t:|1779659382
|switch|p1a: Landorus|Landorus-Therian, M|22/100
|-ability|p1a: Landorus|Intimidate|boost
|-unboost|p2a: Iron Treads|atk|1
|turn|6
|
|t:|1779659390
|move|p2a: Iron Treads|Rapid Spin|p1a: Landorus
|-damage|p1a: Landorus|12/100
|-boost|p2a: Iron Treads|spe|1
|-damage|p2a: Iron Treads|26/100|[from] item: Rocky Helmet|[of] p1a: Landorus
|-sideend|p2: Team10thPlanet|Stealth Rock|[from] move: Rapid Spin|[of] p2a: Iron Treads
|move|p1a: Landorus|Stealth Rock|p2a: Iron Treads
|-sidestart|p2: Team10thPlanet|move: Stealth Rock
|
|upkeep
|turn|7
|
|t:|1779659399
|move|p2a: Iron Treads|Rapid Spin|p1a: Landorus
|-damage|p1a: Landorus|2/100
|-boost|p2a: Iron Treads|spe|1
|-damage|p2a: Iron Treads|10/100|[from] item: Rocky Helmet|[of] p1a: Landorus
|-sideend|p2: Team10thPlanet|Stealth Rock|[from] move: Rapid Spin|[of] p2a: Iron Treads
|move|p1a: Landorus|Earth Power|p2a: Iron Treads
|-supereffective|p2a: Iron Treads
|-damage|p2a: Iron Treads|0 fnt
|faint|p2a: Iron Treads
|-end|p2a: Iron Treads|Quark Drive|[silent]
|
|upkeep
|j| Shimeon91
|
|t:|1779659428
|switch|p2a: Diego ⚡️|Raikou|100/100
|-ability|p2a: Diego ⚡️|Pressure
|turn|8
|inactive|Battle timer is ON: inactive players will automatically lose when time's up. (requested by FiiFiFoFum)
|
|t:|1779659441
|switch|p1a: Raging Bolt|Raging Bolt|61/100 brn
|move|p2a: Diego ⚡️|Aura Sphere|p1a: Raging Bolt
|-damage|p1a: Raging Bolt|28/100 brn
|
|-damage|p1a: Raging Bolt|22/100 brn|[from] brn
|upkeep
|turn|9
|
|t:|1779659453
|move|p1a: Raging Bolt|Thunderclap|p2a: Diego ⚡️
|-resisted|p2a: Diego ⚡️
|-damage|p2a: Diego ⚡️|72/100
|move|p2a: Diego ⚡️|Aura Sphere|p1a: Raging Bolt
|-damage|p1a: Raging Bolt|0 fnt
|faint|p1a: Raging Bolt
|-end|p1a: Raging Bolt|Protosynthesis|[silent]
|
|upkeep
|
|t:|1779659471
|switch|p1a: Samurott|Samurott-Hisui, M|100/100
|turn|10
|
|t:|1779659485
|move|p2a: Diego ⚡️|Aura Sphere|p1a: Samurott
|-supereffective|p1a: Samurott
|-damage|p1a: Samurott|49/100
|move|p1a: Samurott|Ceaseless Edge|p2a: Diego ⚡️
|-damage|p2a: Diego ⚡️|10/100
|-sidestart|p2: Team10thPlanet|Spikes
|
|upkeep
|turn|11
|
|t:|1779659493
|move|p1a: Samurott|Sucker Punch|p2a: Diego ⚡️
|-damage|p2a: Diego ⚡️|0 fnt
|faint|p2a: Diego ⚡️
|
|upkeep
|inactive|Team10thPlanet has 120 seconds left.
|
|t:|1779659523
|switch|p2a: Hoopa|Hoopa-Unbound|100/100
|-damage|p2a: Hoopa|88/100|[from] Spikes
|turn|12
|
|t:|1779659531
|move|p2a: Hoopa|Thunderbolt|p1a: Samurott
|-supereffective|p1a: Samurott
|-damage|p1a: Samurott|0 fnt
|faint|p1a: Samurott
|
|upkeep
|
|t:|1779659535
|switch|p1a: Landorus|Landorus-Therian, M|2/100
|-ability|p1a: Landorus|Intimidate|boost
|-unboost|p2a: Hoopa|atk|1
|turn|13
|
|t:|1779659552
|switch|p2a: Johnny Tsunami 🌊|Araquanid, F|100/100
|-damage|p2a: Johnny Tsunami 🌊|88/100|[from] Spikes
|move|p1a: Landorus|U-turn|p2a: Johnny Tsunami 🌊
|-damage|p2a: Johnny Tsunami 🌊|68/100
|
|t:|1779659562
|switch|p1a: Scizor|Scizor, M|100/100|[from] U-turn
|
|upkeep
|turn|14
|
|t:|1779659570
|move|p1a: Scizor|Knock Off|p2a: Johnny Tsunami 🌊
|-damage|p2a: Johnny Tsunami 🌊|7/100
|-enditem|p2a: Johnny Tsunami 🌊|Custap Berry|[from] move: Knock Off|[of] p1a: Scizor
|move|p2a: Johnny Tsunami 🌊|Surf|p1a: Scizor
|-damage|p1a: Scizor|22/100
|
|upkeep
|turn|15
|
|t:|1779659577
|move|p1a: Scizor|Knock Off|p2a: Johnny Tsunami 🌊
|-damage|p2a: Johnny Tsunami 🌊|0 fnt
|faint|p2a: Johnny Tsunami 🌊
|
|upkeep
|
|t:|1779659592
|switch|p2a: Hoopa|Hoopa-Unbound|88/100
|-damage|p2a: Hoopa|76/100|[from] Spikes
|turn|16
|
|t:|1779659601
|move|p2a: Hoopa|Psychic|p1a: Scizor
|-resisted|p1a: Scizor
|-damage|p1a: Scizor|0 fnt
|faint|p1a: Scizor
|
|upkeep
|
|t:|1779659615
|switch|p1a: Landorus|Landorus-Therian, M|2/100
|-ability|p1a: Landorus|Intimidate|boost
|-unboost|p2a: Hoopa|atk|1
|turn|17
|
|t:|1779659620
|move|p2a: Hoopa|Psychic|p1a: Landorus
|-damage|p1a: Landorus|0 fnt
|faint|p1a: Landorus
|
|upkeep
|
|t:|1779659622
|switch|p1a: Great Tusk|Great Tusk|100/100
|-enditem|p1a: Great Tusk|Booster Energy
|-activate|p1a: Great Tusk|ability: Protosynthesis|[fromitem]
|-start|p1a: Great Tusk|protosynthesisspe
|turn|18
|
|t:|1779659629
|-terastallize|p1a: Great Tusk|Fire
|move|p1a: Great Tusk|Bulk Up|p1a: Great Tusk
|-boost|p1a: Great Tusk|atk|1
|-boost|p1a: Great Tusk|def|1
|move|p2a: Hoopa|Psychic|p1a: Great Tusk
|-damage|p1a: Great Tusk|20/100
|
|upkeep
|turn|19
|
|t:|1779659640
|move|p1a: Great Tusk|Headlong Rush|p2a: Hoopa
|-damage|p2a: Hoopa|0 fnt
|-unboost|p1a: Great Tusk|def|1
|-unboost|p1a: Great Tusk|spd|1
|faint|p2a: Hoopa
|
|upkeep
|
|t:|1779659648
|switch|p2a: Fat Boy|Dragonite, M, shiny|100/100
|turn|20
|
|t:|1779659653
|-terastallize|p2a: Fat Boy|Normal
|move|p2a: Fat Boy|Extreme Speed|p1a: Great Tusk
|-damage|p1a: Great Tusk|0 fnt
|faint|p1a: Great Tusk
|-end|p1a: Great Tusk|Protosynthesis|[silent]
|
|win|Team10thPlanet
|raw|FiiFiFoFum's rating: 1563 &rarr; <strong>1545</strong><br />(-18 for losing)
|raw|Team10thPlanet's rating: 1592 &rarr; <strong>1610</strong><br />(+18 for winning)
|l|☆FiiFiFoFum
|player|p1|
|l|☆Team10thPlanet
|player|p2|
|l| Shimeon91
