|inactive|Battle timer is ON: inactive players will automatically lose when time's up.
|t:|1779569152
|gametype|singles
|player|p1|corperaten|winona-gen3|
|player|p2|RuanTheBuilder|lucas|
|gen|9
|tier|[Gen 9] OU
|rule|HP Percentage Mod: HP is shown in percentages
|rule|Endless Battle Clause: Forcing endless battles is banned
|rule|Species Clause: Limit one of each Pokémon
|rule|OHKO Clause: OHKO moves are banned
|rule|Evasion Items Clause: Evasion items are banned
|rule|Evasion Moves Clause: Evasion moves are banned
|rule|Evasion Abilities Clause: Evasion abilities are banned
|rule|Sleep Moves Clause: Sleep-inducing moves are banned
|clearpoke
|poke|p1|Pecharunt|
|poke|p1|Kingambit, F|
|poke|p1|Volcanion|
|poke|p1|Iron Valiant|
|poke|p1|Landorus-Therian, M|
|poke|p1|Deoxys-Speed|
|poke|p2|Zamazenta-*|
|poke|p2|Ogerpon-Wellspring, F|
|poke|p2|Slowking-Galar, M|
|poke|p2|Great Tusk|
|poke|p2|Kingambit, M|
|poke|p2|Zapdos|
|teampreview
|c|☆corperaten|hf
|c|☆RuanTheBuilder|u2
|inactive|RuanTheBuilder has 270 seconds left.
|
|t:|1779569210
|teamsize|p1|6
|teamsize|p2|6
|start
|switch|p1a: Deoxys|Deoxys-Speed|100/100
|switch|p2a: Zapdos|Zapdos|100/100
|-ability|p1a: Deoxys|Pressure
|turn|1
|
|t:|1779569217
|move|p1a: Deoxys|Spikes|p2a: Zapdos
|-sidestart|p2: RuanTheBuilder|Spikes
|move|p2a: Zapdos|Thunder Wave|p1a: Deoxys
|-status|p1a: Deoxys|par
|
|upkeep
|turn|2
|
|t:|1779569229
|move|p2a: Zapdos|Hurricane|p1a: Deoxys
|-damage|p1a: Deoxys|19/100 par
|move|p1a: Deoxys|Knock Off|p2a: Zapdos
|-damage|p2a: Zapdos|81/100
|-enditem|p2a: Zapdos|Heavy-Duty Boots|[from] move: Knock Off|[of] p1a: Deoxys
|
|upkeep
|turn|3
|
|t:|1779569242
|switch|p1a: Landorus|Landorus-Therian, M|100/100
|-ability|p1a: Landorus|Intimidate|boost
|-unboost|p2a: Zapdos|atk|1
|move|p2a: Zapdos|Volt Switch|p1a: Landorus
|-immune|p1a: Landorus
|
|upkeep
|turn|4
|
|t:|1779569248
|move|p1a: Landorus|Stealth Rock|p2a: Zapdos
|-sidestart|p2: RuanTheBuilder|move: Stealth Rock
|move|p2a: Zapdos|Hurricane|p1a: Landorus|[miss]
|-miss|p2a: Zapdos|p1a: Landorus
|
|upkeep
|turn|5
|
|t:|1779569261
|move|p1a: Landorus|U-turn|p2a: Zapdos
|-resisted|p2a: Zapdos
|-damage|p2a: Zapdos|73/100
|
|t:|1779569265
|switch|p1a: Pecharunt|Pecharunt|100/100|[from] U-turn
|move|p2a: Zapdos|Hurricane|p1a: Pecharunt|[miss]
|-miss|p2a: Zapdos|p1a: Pecharunt
|
|upkeep
|turn|6
|
|t:|1779569276
|switch|p2a: Kingambit|Kingambit, M|100/100
|-damage|p2a: Kingambit|88/100|[from] Spikes
|-damage|p2a: Kingambit|82/100|[from] Stealth Rock
|move|p1a: Pecharunt|Malignant Chain|p2a: Kingambit
|-immune|p2a: Kingambit
|
|-heal|p2a: Kingambit|88/100|[from] item: Leftovers
|upkeep
|turn|7
|
|t:|1779569292
|switch|p1a: Landorus|Landorus-Therian, M|100/100
|-ability|p1a: Landorus|Intimidate|boost
|-unboost|p2a: Kingambit|atk|1
|-end|p2a: Kingambit|fallenundefined|[silent]
|switch|p2a: Great Tusk|Great Tusk|100/100
|
|upkeep
|turn|8
|
|t:|1779569298
|move|p1a: Landorus|U-turn|p2a: Great Tusk
|-resisted|p2a: Great Tusk
|-damage|p2a: Great Tusk|93/100
|
|t:|1779569300
|switch|p1a: Pecharunt|Pecharunt|100/100|[from] U-turn
|move|p2a: Great Tusk|Stealth Rock|p1a: Pecharunt
|-sidestart|p1: corperaten|move: Stealth Rock
|
|upkeep
|turn|9
|
|t:|1779569310
|-end|p2a: Great Tusk|Protosynthesis|[silent]
|switch|p2a: Kingambit|Kingambit, M|88/100
|-damage|p2a: Kingambit|76/100|[from] Spikes
|-damage|p2a: Kingambit|70/100|[from] Stealth Rock
|move|p1a: Pecharunt|Shadow Ball|p2a: Kingambit
|-resisted|p2a: Kingambit
|-damage|p2a: Kingambit|54/100
|
|-heal|p2a: Kingambit|61/100|[from] item: Leftovers
|upkeep
|turn|10
|
|t:|1779569315
|move|p1a: Pecharunt|Malignant Chain|p2a: Kingambit
|-immune|p2a: Kingambit
|move|p2a: Kingambit|Swords Dance|p2a: Kingambit
|-boost|p2a: Kingambit|atk|2
|
|-heal|p2a: Kingambit|67/100|[from] item: Leftovers
|upkeep
|turn|11
|
|t:|1779569330
|switch|p1a: Landorus|Landorus-Therian, M|100/100
|-damage|p1a: Landorus|88/100|[from] Stealth Rock
|-ability|p1a: Landorus|Intimidate|boost
|-unboost|p2a: Kingambit|atk|1
|move|p2a: Kingambit|Kowtow Cleave|p1a: Landorus
|-damage|p1a: Landorus|13/100
|-damage|p2a: Kingambit|50/100|[from] item: Rocky Helmet|[of] p1a: Landorus
|
|-heal|p2a: Kingambit|56/100|[from] item: Leftovers
|upkeep
|turn|12
|
|t:|1779569356
|switch|p1a: Kingambit|Kingambit, F|100/100
|-damage|p1a: Kingambit|94/100|[from] Stealth Rock
|move|p2a: Kingambit|Sucker Punch||[still]
|-fail|p2a: Kingambit
|
|-heal|p1a: Kingambit|100/100|[from] item: Leftovers
|-heal|p2a: Kingambit|62/100|[from] item: Leftovers
|upkeep
|turn|13
|
|t:|1779569372
|-end|p2a: Kingambit|fallenundefined|[silent]
|switch|p2a: Great Tusk|Great Tusk|93/100
|move|p1a: Kingambit|Low Kick|p2a: Great Tusk
|-damage|p2a: Great Tusk|61/100
|
|upkeep
|turn|14
|
|t:|1779569385
|-end|p1a: Kingambit|fallenundefined|[silent]
|switch|p1a: Pecharunt|Pecharunt|100/100
|move|p2a: Great Tusk|Rapid Spin|p1a: Pecharunt
|-immune|p1a: Pecharunt
|
|upkeep
|turn|15
|
|t:|1779569391
|-end|p2a: Great Tusk|Protosynthesis|[silent]
|switch|p2a: Slowking|Slowking-Galar, M|100/100
|-damage|p2a: Slowking|88/100|[from] Spikes
|-damage|p2a: Slowking|76/100|[from] Stealth Rock
|move|p1a: Pecharunt|Shadow Ball|p2a: Slowking
|-supereffective|p2a: Slowking
|-damage|p2a: Slowking|45/100
|
|upkeep
|turn|16
|
|t:|1779569407
|switch|p1a: Deoxys|Deoxys-Speed|19/100 par
|-damage|p1a: Deoxys|7/100 par|[from] Stealth Rock
|-ability|p1a: Deoxys|Pressure
|switch|p2a: Kingambit|Kingambit, M|62/100
|-damage|p2a: Kingambit|50/100|[from] Spikes
|-damage|p2a: Kingambit|44/100|[from] Stealth Rock
|
|-heal|p2a: Kingambit|50/100|[from] item: Leftovers
|upkeep
|turn|17
|
|t:|1779569427
|-end|p2a: Kingambit|fallenundefined|[silent]
|switch|p2a: Zapdos|Zapdos|73/100
|-damage|p2a: Zapdos|48/100|[from] Stealth Rock
|move|p1a: Deoxys|Superpower|p2a: Zapdos
|-resisted|p2a: Zapdos
|-damage|p2a: Zapdos|35/100
|-unboost|p1a: Deoxys|atk|1
|-unboost|p1a: Deoxys|def|1
|-enditem|p1a: Deoxys|Eject Pack
|inactive|corperaten has 270 seconds left.
|
|t:|1779569460
|switch|p1a: Iron Valiant|Iron Valiant|100/100
|-damage|p1a: Iron Valiant|94/100|[from] Stealth Rock
|-enditem|p1a: Iron Valiant|Booster Energy
|-activate|p1a: Iron Valiant|ability: Quark Drive|[fromitem]
|-start|p1a: Iron Valiant|quarkdrivespe
|
|upkeep
|turn|18
|
|t:|1779569465
|move|p1a: Iron Valiant|Moonblast|p2a: Zapdos
|-damage|p2a: Zapdos|1/100
|move|p2a: Zapdos|Hurricane|p1a: Iron Valiant|[miss]
|-miss|p2a: Zapdos|p1a: Iron Valiant
|
|upkeep
|turn|19
|c|☆corperaten|mb
|
|t:|1779569471
|move|p1a: Iron Valiant|Moonblast|p2a: Zapdos
|-damage|p2a: Zapdos|0 fnt
|faint|p2a: Zapdos
|
|upkeep
|
|t:|1779569473
|switch|p2a: Slowking|Slowking-Galar, M|78/100
|-damage|p2a: Slowking|66/100|[from] Spikes
|-damage|p2a: Slowking|53/100|[from] Stealth Rock
|turn|20
|
|t:|1779569494
|-end|p1a: Iron Valiant|Quark Drive|[silent]
|switch|p1a: Kingambit|Kingambit, F|100/100
|-damage|p1a: Kingambit|94/100|[from] Stealth Rock
|-terastallize|p2a: Slowking|Water
|move|p2a: Slowking|Psyshock|p1a: Kingambit
|-immune|p1a: Kingambit
|
|-heal|p1a: Kingambit|100/100|[from] item: Leftovers
|upkeep
|turn|21
|
|t:|1779569509
|switch|p2a: Great Tusk|Great Tusk|61/100
|move|p1a: Kingambit|Swords Dance|p1a: Kingambit
|-boost|p1a: Kingambit|atk|2
|
|upkeep
|turn|22
|
|t:|1779569514
|-end|p1a: Kingambit|fallenundefined|[silent]
|switch|p1a: Deoxys|Deoxys-Speed|7/100 par
|-damage|p1a: Deoxys|0 fnt|[from] Stealth Rock
|faint|p1a: Deoxys
|move|p2a: Great Tusk|Headlong Rush|p1: Deoxys|[notarget]
|-fail|p2a: Great Tusk
|
|upkeep
|
|t:|1779569516
|switch|p1a: Iron Valiant|Iron Valiant|94/100
|-damage|p1a: Iron Valiant|88/100|[from] Stealth Rock
|turn|23
|inactive|RuanTheBuilder has 270 seconds left.
|
|t:|1779569558
|-end|p2a: Great Tusk|Protosynthesis|[silent]
|switch|p2a: Kingambit|Kingambit, M|50/100
|-damage|p2a: Kingambit|38/100|[from] Spikes
|-damage|p2a: Kingambit|32/100|[from] Stealth Rock
|-activate|p2a: Kingambit|ability: Supreme Overlord
|-start|p2a: Kingambit|fallen1|[silent]
|move|p1a: Iron Valiant|Moonblast|p2a: Kingambit
|-damage|p2a: Kingambit|0 fnt
|faint|p2a: Kingambit
|-end|p2a: Kingambit|fallen1|[silent]
|
|upkeep
|
|t:|1779569561
|switch|p2a: Slowking|Slowking-Galar, M, tera:Water|86/100
|-damage|p2a: Slowking|74/100|[from] Spikes
|-damage|p2a: Slowking|62/100|[from] Stealth Rock
|turn|24
|inactive|RuanTheBuilder has 270 seconds left.
|
|t:|1779569567
|move|p1a: Iron Valiant|Knock Off|p2a: Slowking
|-damage|p2a: Slowking|27/100
|-enditem|p2a: Slowking|Assault Vest|[from] move: Knock Off|[of] p1a: Iron Valiant
|move|p2a: Slowking|Flamethrower|p1a: Iron Valiant
|-damage|p1a: Iron Valiant|30/100
|
|upkeep
|turn|25
|
|t:|1779569578
|move|p1a: Iron Valiant|Close Combat|p2a: Slowking
|-damage|p2a: Slowking|0 fnt
|-unboost|p1a: Iron Valiant|def|1
|-unboost|p1a: Iron Valiant|spd|1
|faint|p2a: Slowking
|
|upkeep
|
|t:|1779569580
|switch|p2a: Ogerpon|Ogerpon-Wellspring, F|100/100
|-damage|p2a: Ogerpon|88/100|[from] Spikes
|-damage|p2a: Ogerpon|76/100|[from] Stealth Rock
|turn|26
|
|t:|1779569586
|move|p1a: Iron Valiant|Close Combat|p2a: Ogerpon
|-damage|p2a: Ogerpon|0 fnt
|-unboost|p1a: Iron Valiant|def|1
|-unboost|p1a: Iron Valiant|spd|1
|faint|p2a: Ogerpon
|
|upkeep
|
|t:|1779569590
|switch|p2a: Zamazenta|Zamazenta|100/100
|-damage|p2a: Zamazenta|88/100|[from] Spikes
|-damage|p2a: Zamazenta|82/100|[from] Stealth Rock
|-ability|p2a: Zamazenta|Dauntless Shield|boost
|-boost|p2a: Zamazenta|def|1
|turn|27
|
|t:|1779569596
|-end|p1a: Iron Valiant|Quark Drive|[silent]
|switch|p1a: Landorus|Landorus-Therian, M|13/100
|-damage|p1a: Landorus|1/100|[from] Stealth Rock
|-ability|p1a: Landorus|Intimidate|boost
|-unboost|p2a: Zamazenta|atk|1
|move|p2a: Zamazenta|Ice Fang|p1a: Landorus
|-supereffective|p1a: Landorus
|-damage|p1a: Landorus|0 fnt
|-damage|p2a: Zamazenta|65/100|[from] item: Rocky Helmet|[of] p1a: Landorus
|faint|p1a: Landorus
|
|upkeep
|
|t:|1779569601
|switch|p1a: Pecharunt|Pecharunt|100/100
|turn|28
|-message|RuanTheBuilder forfeited.
|
|win|corperaten
