|j|‽benm4556
|j|☆Hyuyu
|t:|1779647944
|gametype|singles
|player|p1|benm4556|102|1389
|player|p2|Hyuyu|2|1365
|gen|9
|tier|[Gen 9] OU
|rated|
|rule|HP Percentage Mod: HP is shown in percentages
|rule|Endless Battle Clause: Forcing endless battles is banned
|rule|Species Clause: Limit one of each Pokémon
|rule|OHKO Clause: OHKO moves are banned
|rule|Evasion Items Clause: Evasion items are banned
|rule|Evasion Moves Clause: Evasion moves are banned
|rule|Evasion Abilities Clause: Evasion abilities are banned
|rule|Sleep Moves Clause: Sleep-inducing moves are banned
|clearpoke
|poke|p1|Glimmora, F|
|poke|p1|Cinderace, M|
|poke|p1|Dragapult, M|
|poke|p1|Great Tusk|
|poke|p1|Rillaboom, F|
|poke|p1|Hatterene, F|
|poke|p2|Seviper, F|
|poke|p2|Corviknight, M|
|poke|p2|Meloetta|
|poke|p2|Cinderace, M|
|poke|p2|Ogerpon-Wellspring, F|
|poke|p2|Great Tusk|
|teampreview
|
|t:|1779647983
|teamsize|p1|6
|teamsize|p2|6
|start
|switch|p1a: Glimmora|Glimmora, F|100/100
|switch|p2a: Seviper|Seviper, F, shiny|100/100
|-item|p2a: Seviper|Air Balloon
|turn|1
|
|t:|1779647992
|move|p1a: Glimmora|Mortal Spin|p2a: Seviper
|-resisted|p2a: Seviper
|-damage|p2a: Seviper|96/100
|-enditem|p2a: Seviper|Air Balloon
|move|p2a: Seviper|Glare|p1a: Glimmora
|-status|p1a: Glimmora|par
|
|upkeep
|turn|2
|
|t:|1779648000
|switch|p2a: Meloetta|Meloetta|100/100
|move|p1a: Glimmora|Earth Power|p2a: Meloetta
|-damage|p2a: Meloetta|87/100
|
|upkeep
|turn|3
|
|t:|1779648008
|move|p2a: Meloetta|Psychic|p1a: Glimmora
|-supereffective|p1a: Glimmora
|-enditem|p1a: Glimmora|Focus Sash
|-damage|p1a: Glimmora|1/100 par
|cant|p1a: Glimmora|par
|
|upkeep
|turn|4
|
|t:|1779648016
|switch|p1a: Hatterene|Hatterene, F|100/100
|move|p2a: Meloetta|Shadow Ball|p1a: Hatterene
|-supereffective|p1a: Hatterene
|-damage|p1a: Hatterene|42/100
|
|-heal|p1a: Hatterene|48/100|[from] item: Leftovers
|upkeep
|turn|5
|
|t:|1779648034
|move|p2a: Meloetta|Psychic|p1a: Hatterene
|-resisted|p1a: Hatterene
|-damage|p1a: Hatterene|24/100
|move|p1a: Hatterene|Mystical Fire|p2a: Meloetta
|-damage|p2a: Meloetta|74/100
|-unboost|p2a: Meloetta|spa|1
|
|-heal|p1a: Hatterene|30/100|[from] item: Leftovers
|upkeep
|turn|6
|
|t:|1779648044
|-terastallize|p1a: Hatterene|Water
|move|p2a: Meloetta|Psychic|p1a: Hatterene
|-damage|p1a: Hatterene|0 fnt
|faint|p1a: Hatterene
|
|upkeep
|-message|benm4556 forfeited.
|
|win|Hyuyu
|raw|benm4556's rating: 1389 &rarr; <strong>1368</strong><br />(-21 for losing)
|raw|Hyuyu's rating: 1365 &rarr; <strong>1386</strong><br />(+21 for winning)
|l|‽benm4556
|player|p1|
|l|☆Hyuyu
|player|p2|
