|j|☆CopiumBathTub
|j|☆tauros3
|t:|1779558699
|gametype|singles
|player|p1|CopiumBathTub|psychic-gen4|1567
|player|p2|tauros3|swimmer-gen4dp|1557
|gen|9
|tier|[Gen 9] OU
|rated|
|rule|HP Percentage Mod: HP is shown in percentages
|rule|Endless Battle Clause: Forcing endless battles is banned
|rule|Species Clause: Limit one of each Pokémon
|rule|OHKO Clause: OHKO moves are banned
|rule|Evasion Items Clause: Evasion items are banned
|rule|Evasion Moves Clause: Evasion moves are banned
|rule|Evasion Abilities Clause: Evasion abilities are banned
|rule|Sleep Moves Clause: Sleep-inducing moves are banned
|clearpoke
|poke|p1|Hoopa-Unbound|
|poke|p1|Araquanid, F|
|poke|p1|Gholdengo|
|poke|p1|Great Tusk|
|poke|p1|Dragapult, M|
|poke|p1|Moltres|
|poke|p2|Hatterene, F|
|poke|p2|Cresselia, F|
|poke|p2|Diancie|
|poke|p2|Ursaluna, F|
|poke|p2|Crawdaunt, M|
|poke|p2|Pelipper, M|
|teampreview
|inactive|Battle timer is ON: inactive players will automatically lose when time's up. (requested by tauros3)
|
|t:|1779558709
|teamsize|p1|6
|teamsize|p2|6
|start
|switch|p1a: Araquanid|Araquanid, F|100/100
|switch|p2a: Pink Triangle|Hatterene, F|100/100
|turn|1
|
|t:|1779558714
|move|p1a: Araquanid|Liquidation|p2a: Pink Triangle
|-damage|p2a: Pink Triangle|29/100
|move|p2a: Pink Triangle|Trick Room|p2a: Pink Triangle
|-fieldstart|move: Trick Room|[of] p2a: Pink Triangle
|
|upkeep
|turn|2
|
|t:|1779558722
|move|p2a: Pink Triangle|Dazzling Gleam|p1a: Araquanid
|-damage|p1a: Araquanid|63/100
|move|p1a: Araquanid|Liquidation|p2a: Pink Triangle
|-damage|p2a: Pink Triangle|0 fnt
|faint|p2a: Pink Triangle
|
|upkeep
|
|t:|1779558728
|switch|p2a: Across The Sea|Pelipper, M|100/100
|-weather|RainDance|[from] ability: Drizzle|[of] p2a: Across The Sea
|turn|3
|
|t:|1779558730
|move|p1a: Araquanid|Sticky Web|p2a: Across The Sea
|-sidestart|p2: tauros3|move: Sticky Web
|move|p2a: Across The Sea|Hurricane|p1a: Araquanid
|-supereffective|p1a: Araquanid
|-damage|p1a: Araquanid|0 fnt
|faint|p1a: Araquanid
|
|-weather|RainDance|[upkeep]
|upkeep
|
|t:|1779558733
|switch|p1a: Hoopa|Hoopa-Unbound|100/100
|turn|4
|
|t:|1779558736
|switch|p1a: Moltres|Moltres|100/100
|move|p2a: Across The Sea|Hurricane|p1a: Moltres
|-damage|p1a: Moltres|20/100
|-start|p1a: Moltres|confusion
|
|-weather|RainDance|[upkeep]
|upkeep
|turn|5
|
|t:|1779558739
|switch|p1a: Gholdengo|Gholdengo|100/100
|-item|p1a: Gholdengo|Air Balloon
|move|p2a: Across The Sea|Hurricane|p1a: Gholdengo
|-resisted|p1a: Gholdengo
|-damage|p1a: Gholdengo|53/100
|-start|p1a: Gholdengo|confusion
|-enditem|p1a: Gholdengo|Air Balloon
|
|-weather|RainDance|[upkeep]
|-fieldend|move: Trick Room
|upkeep
|turn|6
|
|t:|1779558745
|-activate|p1a: Gholdengo|confusion
|-damage|p1a: Gholdengo|48/100|[from] confusion
|move|p2a: Across The Sea|Hurricane|p1a: Gholdengo
|-resisted|p1a: Gholdengo
|-damage|p1a: Gholdengo|2/100
|
|-weather|RainDance|[upkeep]
|upkeep
|turn|7
|
|t:|1779558747
|-activate|p1a: Gholdengo|confusion
|move|p1a: Gholdengo|Recover|p1a: Gholdengo
|-heal|p1a: Gholdengo|53/100
|move|p2a: Across The Sea|Hurricane|p1a: Gholdengo
|-resisted|p1a: Gholdengo
|-damage|p1a: Gholdengo|10/100
|
|-weather|none
|upkeep
|turn|8
|
|t:|1779558751
|-end|p1a: Gholdengo|confusion
|move|p1a: Gholdengo|Recover|p1a: Gholdengo
|-heal|p1a: Gholdengo|60/100
|move|p2a: Across The Sea|Hurricane|p1a: Gholdengo
|-resisted|p1a: Gholdengo
|-damage|p1a: Gholdengo|15/100
|
|upkeep
|turn|9
|
|t:|1779558760
|switch|p2a: El Scorcho|Ursaluna, F|100/100
|-activate|p2a: El Scorcho|move: Sticky Web
|-unboost|p2a: El Scorcho|spe|1
|move|p1a: Gholdengo|Recover|p1a: Gholdengo
|-heal|p1a: Gholdengo|65/100
|
|-status|p2a: El Scorcho|brn|[from] item: Flame Orb
|upkeep
|turn|10
|
|t:|1779558770
|move|p1a: Gholdengo|Make It Rain|p2a: El Scorcho
|-damage|p2a: El Scorcho|45/100 brn
|-unboost|p1a: Gholdengo|spa|1
|move|p2a: El Scorcho|Fire Punch|p1a: Gholdengo
|-supereffective|p1a: Gholdengo
|-damage|p1a: Gholdengo|0 fnt
|faint|p1a: Gholdengo
|
|-damage|p2a: El Scorcho|39/100 brn|[from] brn
|upkeep
|
|t:|1779558773
|switch|p1a: Hoopa|Hoopa-Unbound|100/100
|turn|11
|
|t:|1779558781
|move|p1a: Hoopa|Hyperspace Fury|p2a: El Scorcho
|-crit|p2a: El Scorcho
|-damage|p2a: El Scorcho|0 fnt
|-unboost|p1a: Hoopa|def|1
|faint|p2a: El Scorcho
|
|upkeep
|
|t:|1779558785
|switch|p2a: No Other One|Diancie|100/100
|-activate|p2a: No Other One|move: Sticky Web
|-fail|p2a: No Other One|unboost|[from] ability: Clear Body|[of] p2a: No Other One
|turn|12
|
|t:|1779558790
|switch|p1a: Moltres|Moltres|20/100
|move|p2a: No Other One|Trick Room|p2a: No Other One
|-fieldstart|move: Trick Room|[of] p2a: No Other One
|
|upkeep
|turn|13
|
|t:|1779558796
|switch|p1a: Great Tusk|Great Tusk|100/100
|move|p2a: No Other One|Meteor Beam||[still]
|-prepare|p2a: No Other One|Meteor Beam
|-boost|p2a: No Other One|spa|1
|-enditem|p2a: No Other One|Power Herb
|-anim|p2a: No Other One|Meteor Beam|p1a: Great Tusk
|-resisted|p1a: Great Tusk
|-damage|p1a: Great Tusk|65/100
|
|upkeep
|turn|14
|
|t:|1779558808
|move|p2a: No Other One|Moonblast|p1a: Great Tusk
|-supereffective|p1a: Great Tusk
|-damage|p1a: Great Tusk|0 fnt
|faint|p1a: Great Tusk
|-end|p1a: Great Tusk|Protosynthesis|[silent]
|
|upkeep
|
|t:|1779558810
|switch|p1a: Moltres|Moltres|20/100
|turn|15
|
|t:|1779558812
|move|p2a: No Other One|Moonblast|p1a: Moltres
|-resisted|p1a: Moltres
|-damage|p1a: Moltres|0 fnt
|faint|p1a: Moltres
|
|upkeep
|
|t:|1779558814
|switch|p1a: Dragapult|Dragapult, M|100/100
|turn|16
|
|t:|1779558816
|move|p2a: No Other One|Moonblast|p1a: Dragapult
|-supereffective|p1a: Dragapult
|-damage|p1a: Dragapult|0 fnt
|faint|p1a: Dragapult
|
|-fieldend|move: Trick Room
|upkeep
|
|t:|1779558817
|switch|p1a: Hoopa|Hoopa-Unbound|100/100
|turn|17
|
|t:|1779558819
|move|p1a: Hoopa|Gunk Shot|p2a: No Other One|[miss]
|-miss|p1a: Hoopa|p2a: No Other One
|move|p2a: No Other One|Trick Room|p2a: No Other One
|-fieldstart|move: Trick Room|[of] p2a: No Other One
|
|upkeep
|turn|18
|-message|CopiumBathTub forfeited.
|
|win|tauros3
|raw|CopiumBathTub's rating: 1567 &rarr; <strong>1546</strong><br />(-21 for losing)
|raw|tauros3's rating: 1557 &rarr; <strong>1578</strong><br />(+21 for winning)
|l|☆CopiumBathTub
|player|p1|
|l|☆tauros3
|player|p2|
