|j|☆era_hna
|j|☆jimbo1476
|t:|1779704900
|gametype|singles
|player|p1|era_hna|ghetsis|1092
|player|p2|jimbo1476|1|1055
|gen|9
|tier|[Gen 9] OU
|rated|
|rule|HP Percentage Mod: HP is shown in percentages
|rule|Endless Battle Clause: Forcing endless battles is banned
|rule|Species Clause: Limit one of each Pokémon
|rule|OHKO Clause: OHKO moves are banned
|rule|Evasion Items Clause: Evasion items are banned
|rule|Evasion Moves Clause: Evasion moves are banned
|rule|Evasion Abilities Clause: Evasion abilities are banned
|rule|Sleep Moves Clause: Sleep-inducing moves are banned
|clearpoke
|poke|p1|Deoxys-Speed|
|poke|p1|Cinderace, M|
|poke|p1|Landorus-Therian, M|
|poke|p1|Meowscarada, F|
|poke|p1|Primarina, F|
|poke|p1|Dragapult, M|
|poke|p2|Tyranitar, F|
|poke|p2|Dragapult, F|
|poke|p2|Mimikyu, F|
|poke|p2|Garganacl, F|
|poke|p2|Clodsire, F|
|poke|p2|Breloom, M|
|teampreview
|
|t:|1779704917
|teamsize|p1|6
|teamsize|p2|6
|start
|switch|p1a: Deoxys|Deoxys-Speed|100/100
|switch|p2a: Garganacl|Garganacl, F|100/100
|-ability|p1a: Deoxys|Pressure
|turn|1
|
|t:|1779704938
|move|p1a: Deoxys|Superpower|p2a: Garganacl
|-supereffective|p2a: Garganacl
|-damage|p2a: Garganacl|58/100
|-unboost|p1a: Deoxys|atk|1
|-unboost|p1a: Deoxys|def|1
|-damage|p1a: Deoxys|91/100|[from] item: Life Orb
|move|p2a: Garganacl|Salt Cure|p1a: Deoxys
|-damage|p1a: Deoxys|57/100
|-start|p1a: Deoxys|Salt Cure
|
|-heal|p2a: Garganacl|64/100|[from] item: Leftovers
|-damage|p1a: Deoxys|44/100|[from] Salt Cure
|upkeep
|turn|2
|
|t:|1779704953
|-terastallize|p1a: Deoxys|Fighting
|move|p1a: Deoxys|Superpower|p2a: Garganacl
|-supereffective|p2a: Garganacl
|-damage|p2a: Garganacl|20/100
|-unboost|p1a: Deoxys|atk|1
|-unboost|p1a: Deoxys|def|1
|-damage|p1a: Deoxys|34/100|[from] item: Life Orb
|move|p2a: Garganacl|Iron Defense|p2a: Garganacl
|-boost|p2a: Garganacl|def|2
|
|-heal|p2a: Garganacl|26/100|[from] item: Leftovers
|-damage|p1a: Deoxys|22/100|[from] Salt Cure
|upkeep
|turn|3
|
|t:|1779704967
|switch|p2a: Clodsire|Clodsire, F|100/100
|move|p1a: Deoxys|Knock Off|p2a: Clodsire
|-damage|p2a: Clodsire|85/100
|-enditem|p2a: Clodsire|Leftovers|[from] move: Knock Off|[of] p1a: Deoxys
|-damage|p1a: Deoxys|12/100|[from] item: Life Orb
|
|-damage|p1a: Deoxys|0 fnt|[from] Salt Cure
|faint|p1a: Deoxys
|upkeep
|
|t:|1779704977
|switch|p1a: Landorus|Landorus-Therian, M|100/100
|-ability|p1a: Landorus|Intimidate|boost
|-unboost|p2a: Clodsire|atk|1
|turn|4
|
|t:|1779704999
|move|p1a: Landorus|U-turn|p2a: Clodsire
|-resisted|p2a: Clodsire
|-damage|p2a: Clodsire|75/100
|
|t:|1779705011
|switch|p1a: Cinderace|Cinderace, M|100/100|[from] U-turn
|move|p2a: Clodsire|Liquidation|p1a: Cinderace
|-supereffective|p1a: Cinderace
|-damage|p1a: Cinderace|71/100
|
|upkeep
|turn|5
|
|t:|1779705023
|move|p1a: Cinderace|U-turn|p2a: Clodsire
|-start|p1a: Cinderace|typechange|Bug|[from] ability: Libero
|-resisted|p2a: Clodsire
|-damage|p2a: Clodsire|60/100
|
|t:|1779705030
|switch|p1a: Landorus|Landorus-Therian, M|100/100|[from] U-turn
|-ability|p1a: Landorus|Intimidate|boost
|-unboost|p2a: Clodsire|atk|1
|move|p2a: Clodsire|Recover|p2a: Clodsire
|-heal|p2a: Clodsire|100/100
|
|upkeep
|turn|6
|
|t:|1779705039
|move|p1a: Landorus|Earthquake|p2a: Clodsire
|-supereffective|p2a: Clodsire
|-damage|p2a: Clodsire|9/100
|move|p2a: Clodsire|Liquidation|p1a: Landorus
|-supereffective|p1a: Landorus
|-damage|p1a: Landorus|88/100
|-damage|p2a: Clodsire|0 fnt|[from] item: Rocky Helmet|[of] p1a: Landorus
|faint|p2a: Clodsire
|
|upkeep
|
|t:|1779705052
|switch|p2a: Dragapult|Dragapult, F|100/100
|turn|7
|
|t:|1779705062
|switch|p1a: Primarina|Primarina, F|100/100
|move|p2a: Dragapult|Phantom Force||[still]
|-prepare|p2a: Dragapult|Phantom Force
|
|upkeep
|turn|8
|
|t:|1779705069
|move|p2a: Dragapult|Phantom Force|p1a: Primarina|[from] lockedmove
|-damage|p1a: Primarina|36/100
|move|p1a: Primarina|Moonblast|p2a: Dragapult
|-supereffective|p2a: Dragapult
|-crit|p2a: Dragapult
|-damage|p2a: Dragapult|0 fnt
|faint|p2a: Dragapult
|
|upkeep
|
|t:|1779705082
|switch|p2a: Breloom|Breloom, M|100/100
|turn|9
|
|t:|1779705103
|move|p2a: Breloom|Leech Seed|p1a: Primarina
|-start|p1a: Primarina|move: Leech Seed
|move|p1a: Primarina|Moonblast|p2a: Breloom
|-supereffective|p2a: Breloom
|-damage|p2a: Breloom|0 fnt
|faint|p2a: Breloom
|
|upkeep
|
|t:|1779705110
|switch|p2a: Garganacl|Garganacl, F|26/100
|turn|10
|
|t:|1779705115
|move|p1a: Primarina|Surf|p2a: Garganacl
|-supereffective|p2a: Garganacl
|-damage|p2a: Garganacl|0 fnt
|faint|p2a: Garganacl
|
|upkeep
|
|t:|1779705118
|switch|p2a: Tyranitar|Tyranitar, F|100/100
|-weather|Sandstorm|[from] ability: Sand Stream|[of] p2a: Tyranitar
|turn|11
|
|t:|1779705132
|move|p1a: Primarina|Moonblast|p2a: Tyranitar
|-supereffective|p2a: Tyranitar
|-damage|p2a: Tyranitar|42/100
|move|p2a: Tyranitar|Earthquake|p1a: Primarina
|-damage|p1a: Primarina|0 fnt
|faint|p1a: Primarina
|
|-weather|Sandstorm|[upkeep]
|-heal|p2a: Tyranitar|48/100|[from] item: Leftovers
|upkeep
|
|t:|1779705152
|switch|p1a: Meowscarada|Meowscarada, F|100/100
|turn|12
|
|t:|1779705158
|move|p1a: Meowscarada|Flower Trick|p2a: Tyranitar
|-start|p1a: Meowscarada|typechange|Grass|[from] ability: Protean
|-supereffective|p2a: Tyranitar
|-crit|p2a: Tyranitar
|-damage|p2a: Tyranitar|0 fnt
|faint|p2a: Tyranitar
|
|-weather|Sandstorm|[upkeep]
|-damage|p1a: Meowscarada|94/100|[from] Sandstorm
|upkeep
|
|t:|1779705164
|switch|p2a: Mimikyu|Mimikyu, F|100/100
|turn|13
|
|t:|1779705172
|move|p1a: Meowscarada|Flower Trick|p2a: Mimikyu
|-activate|p2a: Mimikyu|ability: Disguise
|-damage|p2a: Mimikyu|100/100
|detailschange|p2a: Mimikyu|Mimikyu-Busted, F
|-damage|p2a: Mimikyu|88/100|[from] pokemon: Mimikyu-Busted
|move|p2a: Mimikyu|Play Rough|p1a: Meowscarada|[miss]
|-miss|p2a: Mimikyu|p1a: Meowscarada
|
|-weather|Sandstorm|[upkeep]
|-damage|p1a: Meowscarada|88/100|[from] Sandstorm
|-damage|p2a: Mimikyu|82/100|[from] Sandstorm
|upkeep
|turn|14
|
|t:|1779705185
|-terastallize|p2a: Mimikyu|Ghost
|move|p1a: Meowscarada|Flower Trick|p2a: Mimikyu
|-crit|p2a: Mimikyu
|-damage|p2a: Mimikyu|0 fnt
|faint|p2a: Mimikyu
|
|win|era_hna
|raw|era_hna's rating: 1092 &rarr; <strong>1115</strong><br />(+23 for winning)
|raw|jimbo1476's rating: 1055 &rarr; <strong>1039</strong><br />(-16 for losing)
