|j|☆noob1877
|j|☆boostingTyranntrum
|t:|1779659465
|gametype|singles
|player|p1|noob1877|169|1659
|player|p2|boostingTyranntrum|1|1646
|gen|9
|tier|[Gen 9] OU
|rated|
|rule|HP Percentage Mod: HP is shown in percentages
|rule|Endless Battle Clause: Forcing endless battles is banned
|rule|Species Clause: Limit one of each Pokémon
|rule|OHKO Clause: OHKO moves are banned
|rule|Evasion Items Clause: Evasion items are banned
|rule|Evasion Moves Clause: Evasion moves are banned
|rule|Evasion Abilities Clause: Evasion abilities are banned
|rule|Sleep Moves Clause: Sleep-inducing moves are banned
|clearpoke
|poke|p1|Weezing-Galar, F|
|poke|p1|Samurott-Hisui, F|
|poke|p1|Dragonite, M|
|poke|p1|Iron Crown|
|poke|p1|Dragapult, M|
|poke|p1|Landorus-Therian, M|
|poke|p2|Oinkologne, M|
|poke|p2|Gliscor, F|
|poke|p2|Iron Valiant|
|poke|p2|Ogerpon-Wellspring, F|
|poke|p2|Raging Bolt|
|poke|p2|Heatran, F|
|teampreview
|
|t:|1779659475
|teamsize|p1|6
|teamsize|p2|6
|start
|switch|p1a: Landorus|Landorus-Therian, M|100/100
|switch|p2a: Raging Bolt|Raging Bolt|100/100
|-ability|p1a: Landorus|Intimidate|boost
|-unboost|p2a: Raging Bolt|atk|1
|-enditem|p2a: Raging Bolt|Booster Energy
|-activate|p2a: Raging Bolt|ability: Protosynthesis|[fromitem]
|-start|p2a: Raging Bolt|protosynthesisspa
|turn|1
|
|t:|1779659480
|-end|p2a: Raging Bolt|Protosynthesis|[silent]
|switch|p2a: Gliscor|Gliscor, F|100/100
|move|p1a: Landorus|Earthquake|p2a: Gliscor
|-immune|p2a: Gliscor
|
|-status|p2a: Gliscor|tox|[from] item: Toxic Orb
|upkeep
|turn|2
|
|t:|1779659482
|move|p1a: Landorus|Stealth Rock|p2a: Gliscor
|-sidestart|p2: boostingTyranntrum|move: Stealth Rock
|move|p2a: Gliscor|Toxic|p1a: Landorus
|-status|p1a: Landorus|tox
|
|-damage|p1a: Landorus|94/100 tox|[from] psn
|upkeep
|turn|3
|
|t:|1779659485
|move|p2a: Gliscor|Protect|p2a: Gliscor
|-singleturn|p2a: Gliscor|Protect
|move|p1a: Landorus|Taunt|p2a: Gliscor
|-activate|p2a: Gliscor|move: Protect
|
|-damage|p1a: Landorus|82/100 tox|[from] psn
|upkeep
|turn|4
|
|t:|1779659487
|move|p1a: Landorus|U-turn|p2a: Gliscor
|-resisted|p2a: Gliscor
|-damage|p2a: Gliscor|92/100 tox
|
|t:|1779659488
|switch|p1a: Weezing|Weezing-Galar, F|100/100|[from] U-turn
|-ability|p1a: Weezing|Neutralizing Gas
|move|p2a: Gliscor|Knock Off|p1a: Weezing
|-resisted|p1a: Weezing
|-damage|p1a: Weezing|94/100
|-enditem|p1a: Weezing|Custap Berry|[from] move: Knock Off|[of] p2a: Gliscor
|
|-damage|p2a: Gliscor|74/100 tox|[from] psn
|upkeep
|turn|5
|
|t:|1779659495
|switch|p2a: Heatran|Heatran, F|100/100
|-damage|p2a: Heatran|88/100|[from] Stealth Rock
|-item|p2a: Heatran|Air Balloon
|move|p1a: Weezing|Strange Steam|p2a: Heatran
|-resisted|p2a: Heatran
|-damage|p2a: Heatran|84/100
|-enditem|p2a: Heatran|Air Balloon
|
|upkeep
|turn|6
|
|t:|1779659497
|-end|p1a: Weezing|ability: Neutralizing Gas
|switch|p1a: Landorus|Landorus-Therian, M|82/100 tox
|-ability|p1a: Landorus|Intimidate|boost
|-unboost|p2a: Heatran|atk|1
|move|p2a: Heatran|Stealth Rock|p1a: Landorus
|-sidestart|p1: noob1877|move: Stealth Rock
|
|-damage|p1a: Landorus|76/100 tox|[from] psn
|upkeep
|turn|7
|
|t:|1779659502
|switch|p2a: Gliscor|Gliscor, F|74/100 tox
|-damage|p2a: Gliscor|61/100 tox|[from] Stealth Rock
|move|p1a: Landorus|U-turn|p2a: Gliscor
|-resisted|p2a: Gliscor
|-damage|p2a: Gliscor|53/100 tox
|
|t:|1779659504
|switch|p1a: Weezing|Weezing-Galar, F|94/100|[from] U-turn
|-ability|p1a: Weezing|Neutralizing Gas
|-damage|p1a: Weezing|81/100|[from] Stealth Rock
|
|-damage|p2a: Gliscor|47/100 tox|[from] psn
|upkeep
|turn|8
|
|t:|1779659508
|switch|p2a: Heatran|Heatran, F|84/100
|-damage|p2a: Heatran|71/100|[from] Stealth Rock
|-end|p1a: Weezing|ability: Neutralizing Gas
|switch|p1a: Samurott|Samurott-Hisui, F|100/100
|-damage|p1a: Samurott|88/100|[from] Stealth Rock
|
|upkeep
|turn|9
|
|t:|1779659513
|switch|p2a: Gliscor|Gliscor, F|47/100 tox
|-damage|p2a: Gliscor|34/100 tox|[from] Stealth Rock
|move|p1a: Samurott|Ceaseless Edge|p2a: Gliscor
|-damage|p2a: Gliscor|3/100 tox
|-sidestart|p2: boostingTyranntrum|Spikes
|
|-heal|p2a: Gliscor|16/100 tox|[from] ability: Poison Heal
|upkeep
|turn|10
|
|t:|1779659517
|move|p2a: Gliscor|Earthquake|p1a: Samurott
|-damage|p1a: Samurott|53/100
|move|p1a: Samurott|Ceaseless Edge|p2a: Gliscor
|-damage|p2a: Gliscor|0 fnt
|-sidestart|p2: boostingTyranntrum|Spikes
|faint|p2a: Gliscor
|
|upkeep
|
|t:|1779659520
|switch|p2a: Iron Valiant|Iron Valiant|100/100
|-damage|p2a: Iron Valiant|94/100|[from] Stealth Rock
|-damage|p2a: Iron Valiant|78/100|[from] Spikes
|-enditem|p2a: Iron Valiant|Booster Energy
|-activate|p2a: Iron Valiant|ability: Quark Drive|[fromitem]
|-start|p2a: Iron Valiant|quarkdrivespe
|turn|11
|
|t:|1779659525
|switch|p1a: Weezing|Weezing-Galar, F|81/100
|-ability|p1a: Weezing|Neutralizing Gas
|-damage|p1a: Weezing|69/100|[from] Stealth Rock
|move|p2a: Iron Valiant|Calm Mind|p2a: Iron Valiant
|-boost|p2a: Iron Valiant|spa|1
|-boost|p2a: Iron Valiant|spd|1
|
|upkeep
|turn|12
|
|t:|1779659530
|-terastallize|p2a: Iron Valiant|Ghost
|move|p2a: Iron Valiant|Shadow Ball|p1a: Weezing
|-damage|p1a: Weezing|0 fnt
|faint|p1a: Weezing
|-end|p1a: Weezing|ability: Neutralizing Gas
|
|upkeep
|
|t:|1779659551
|switch|p1a: Samurott|Samurott-Hisui, F|53/100
|-damage|p1a: Samurott|41/100|[from] Stealth Rock
|turn|13
|
|t:|1779659559
|-terastallize|p1a: Samurott|Poison
|move|p2a: Iron Valiant|Vacuum Wave|p1a: Samurott
|-resisted|p1a: Samurott
|-damage|p1a: Samurott|30/100
|move|p1a: Samurott|Ceaseless Edge|p2a: Iron Valiant
|-supereffective|p2a: Iron Valiant
|-damage|p2a: Iron Valiant|0 fnt
|-sidestart|p2: boostingTyranntrum|Spikes
|faint|p2a: Iron Valiant
|-end|p2a: Iron Valiant|Quark Drive|[silent]
|
|upkeep
|
|t:|1779659564
|switch|p2a: Ogerpon|Ogerpon-Wellspring, F|100/100
|-damage|p2a: Ogerpon|88/100|[from] Stealth Rock
|-damage|p2a: Ogerpon|63/100|[from] Spikes
|turn|14
|
|t:|1779659570
|switch|p1a: Dragapult|Dragapult, M|100/100
|-damage|p1a: Dragapult|88/100|[from] Stealth Rock
|move|p2a: Ogerpon|Ivy Cudgel|p1a: Dragapult|[anim] Ivy Cudgel Water
|-resisted|p1a: Dragapult
|-damage|p1a: Dragapult|45/100
|
|upkeep
|turn|15
|
|t:|1779659574
|switch|p2a: Wilbur|Oinkologne, M|100/100
|-damage|p2a: Wilbur|88/100|[from] Stealth Rock
|-damage|p2a: Wilbur|63/100|[from] Spikes
|move|p1a: Dragapult|Draco Meteor|p2a: Wilbur
|-crit|p2a: Wilbur
|-damage|p2a: Wilbur|0 fnt
|-unboost|p1a: Dragapult|spa|2
|faint|p2a: Wilbur
|
|upkeep
|
|t:|1779659577
|switch|p2a: Heatran|Heatran, F|71/100
|-damage|p2a: Heatran|59/100|[from] Stealth Rock
|-damage|p2a: Heatran|34/100|[from] Spikes
|turn|16
|
|t:|1779659583
|switch|p1a: Dragonite|Dragonite, M|100/100
|-damage|p1a: Dragonite|76/100|[from] Stealth Rock
|move|p2a: Heatran|Magma Storm|p1a: Dragonite
|-resisted|p1a: Dragonite
|-damage|p1a: Dragonite|53/100
|-activate|p1a: Dragonite|move: Magma Storm|[of] p2a: Heatran
|
|-damage|p1a: Dragonite|41/100|[from] move: Magma Storm|[partiallytrapped]
|upkeep
|turn|17
|
|t:|1779659586
|move|p1a: Dragonite|Scale Shot|p2a: Heatran
|-resisted|p2a: Heatran
|-damage|p2a: Heatran|27/100
|-resisted|p2a: Heatran
|-damage|p2a: Heatran|21/100
|-resisted|p2a: Heatran
|-damage|p2a: Heatran|15/100
|-resisted|p2a: Heatran
|-crit|p2a: Heatran
|-damage|p2a: Heatran|5/100
|-hitcount|p2a: Heatran|4
|-unboost|p1a: Dragonite|def|1
|-boost|p1a: Dragonite|spe|1
|move|p2a: Heatran|Heavy Slam|p1a: Dragonite
|-damage|p1a: Dragonite|9/100
|
|-damage|p1a: Dragonite|0 fnt|[from] move: Magma Storm|[partiallytrapped]
|faint|p1a: Dragonite
|upkeep
|
|t:|1779659597
|switch|p1a: Dragapult|Dragapult, M|45/100
|-damage|p1a: Dragapult|33/100|[from] Stealth Rock
|turn|18
|
|t:|1779659599
|move|p1a: Dragapult|Shadow Ball|p2a: Heatran
|-damage|p2a: Heatran|0 fnt
|faint|p2a: Heatran
|
|upkeep
|
|t:|1779659601
|switch|p2a: Raging Bolt|Raging Bolt|100/100
|-damage|p2a: Raging Bolt|88/100|[from] Stealth Rock
|-damage|p2a: Raging Bolt|63/100|[from] Spikes
|turn|19
|
|t:|1779659605
|move|p1a: Dragapult|Shadow Ball|p2a: Raging Bolt
|-damage|p2a: Raging Bolt|10/100
|move|p2a: Raging Bolt|Thunderbolt|p1a: Dragapult
|-resisted|p1a: Dragapult
|-damage|p1a: Dragapult|0 fnt
|faint|p1a: Dragapult
|
|upkeep
|
|t:|1779659609
|switch|p1a: Landorus|Landorus-Therian, M|76/100 tox
|-damage|p1a: Landorus|64/100 tox|[from] Stealth Rock
|-ability|p1a: Landorus|Intimidate|boost
|-unboost|p2a: Raging Bolt|atk|1
|turn|20
|
|t:|1779659616
|move|p1a: Landorus|Earthquake|p2a: Raging Bolt
|-supereffective|p2a: Raging Bolt
|-damage|p2a: Raging Bolt|0 fnt
|faint|p2a: Raging Bolt
|-end|p2a: Raging Bolt|Protosynthesis|[silent]
|
|-damage|p1a: Landorus|58/100 tox|[from] psn
|upkeep
|
|t:|1779659619
|switch|p2a: Ogerpon|Ogerpon-Wellspring, F|63/100
|-damage|p2a: Ogerpon|51/100|[from] Stealth Rock
|-damage|p2a: Ogerpon|26/100|[from] Spikes
|turn|21
|
|t:|1779659621
|move|p2a: Ogerpon|Ivy Cudgel|p1a: Landorus|[anim] Ivy Cudgel Water
|-supereffective|p1a: Landorus
|-damage|p1a: Landorus|0 fnt
|faint|p1a: Landorus
|
|upkeep
|
|t:|1779659623
|switch|p1a: Iron Crown|Iron Crown|100/100
|-damage|p1a: Iron Crown|94/100|[from] Stealth Rock
|-enditem|p1a: Iron Crown|Booster Energy
|-activate|p1a: Iron Crown|ability: Quark Drive|[fromitem]
|-start|p1a: Iron Crown|quarkdrivespe
|turn|22
|
|t:|1779659628
|move|p1a: Iron Crown|Psychic Noise|p2a: Ogerpon
|-damage|p2a: Ogerpon|0 fnt
|faint|p2a: Ogerpon
|
|win|noob1877
|raw|noob1877's rating: 1659 &rarr; <strong>1678</strong><br />(+19 for winning)
|raw|boostingTyranntrum's rating: 1646 &rarr; <strong>1627</strong><br />(-19 for losing)
|l|☆noob1877
|player|p1|
|l|☆boostingTyranntrum
|player|p2|
