|j|☆Electroyer_3
|j|☆sk_pk123
|t:|1779610496
|gametype|singles
|player|p1|Electroyer_3|170|1318
|player|p2|sk_pk123|red|1256
|gen|9
|tier|[Gen 9] OU
|rated|
|rule|HP Percentage Mod: HP is shown in percentages
|rule|Endless Battle Clause: Forcing endless battles is banned
|rule|Species Clause: Limit one of each Pokémon
|rule|OHKO Clause: OHKO moves are banned
|rule|Evasion Items Clause: Evasion items are banned
|rule|Evasion Moves Clause: Evasion moves are banned
|rule|Evasion Abilities Clause: Evasion abilities are banned
|rule|Sleep Moves Clause: Sleep-inducing moves are banned
|clearpoke
|poke|p1|Kingambit, F|
|poke|p1|Dragonite, F|
|poke|p1|Iron Valiant|
|poke|p1|Cinderace, F|
|poke|p1|Gliscor, M|
|poke|p1|Zamazenta-*|
|poke|p2|Greninja-*, M|
|poke|p2|Pelipper, F|
|poke|p2|Volbeat, L20, M|
|poke|p2|Hawlucha, M|
|poke|p2|Basculegion, M|
|poke|p2|Walking Wake|
|teampreview
|inactive|Battle timer is ON: inactive players will automatically lose when time's up. (requested by sk_pk123)
|
|t:|1779610522
|teamsize|p1|6
|teamsize|p2|6
|start
|switch|p1a: Dragonite|Dragonite, F|100/100
|switch|p2a: Pelipper|Pelipper, F|100/100
|-weather|RainDance|[from] ability: Drizzle|[of] p2a: Pelipper
|turn|1
|
|t:|1779610533
|move|p1a: Dragonite|Dragon Dance|p1a: Dragonite
|-boost|p1a: Dragonite|atk|1
|-boost|p1a: Dragonite|spe|1
|move|p2a: Pelipper|Hurricane|p1a: Dragonite
|-damage|p1a: Dragonite|72/100
|
|-weather|RainDance|[upkeep]
|upkeep
|turn|2
|
|t:|1779610541
|move|p1a: Dragonite|Extreme Speed|p2a: Pelipper
|-damage|p2a: Pelipper|51/100
|move|p2a: Pelipper|U-turn|p1a: Dragonite
|-resisted|p1a: Dragonite
|-damage|p1a: Dragonite|67/100
|
|t:|1779610544
|switch|p2a: Basculegion|Basculegion, M|100/100|[from] U-turn
|
|-weather|RainDance|[upkeep]
|upkeep
|turn|3
|
|t:|1779610557
|move|p2a: Basculegion|Wave Crash|p1a: Dragonite
|-resisted|p1a: Dragonite
|-crit|p1a: Dragonite
|-damage|p1a: Dragonite|0 fnt
|faint|p1a: Dragonite
|-damage|p2a: Basculegion|82/100|[from] Recoil
|
|-weather|RainDance|[upkeep]
|upkeep
|inactive|Electroyer_3 has 120 seconds left.
|
|t:|1779610598
|switch|p1a: Cinderace|Cinderace, F|100/100
|turn|4
|
|t:|1779610602
|move|p2a: Basculegion|Aqua Jet|p1a: Cinderace
|-supereffective|p1a: Cinderace
|-damage|p1a: Cinderace|0 fnt
|faint|p1a: Cinderace
|
|-weather|RainDance|[upkeep]
|upkeep
|
|t:|1779610616
|switch|p1a: Zamazenta|Zamazenta|100/100
|-ability|p1a: Zamazenta|Dauntless Shield|boost
|-boost|p1a: Zamazenta|def|1
|turn|5
|
|t:|1779610621
|move|p2a: Basculegion|Wave Crash|p1a: Zamazenta
|-damage|p1a: Zamazenta|55/100
|-damage|p2a: Basculegion|66/100|[from] Recoil
|move|p1a: Zamazenta|Iron Defense|p1a: Zamazenta
|-boost|p1a: Zamazenta|def|2
|
|-weather|RainDance|[upkeep]
|-heal|p1a: Zamazenta|61/100|[from] item: Leftovers
|upkeep
|turn|6
|
|t:|1779610630
|move|p2a: Basculegion|Wave Crash|p1a: Zamazenta
|-damage|p1a: Zamazenta|37/100
|-damage|p2a: Basculegion|58/100|[from] Recoil
|move|p1a: Zamazenta|Crunch|p2a: Basculegion
|-supereffective|p2a: Basculegion
|-damage|p2a: Basculegion|1/100
|-unboost|p2a: Basculegion|def|1
|
|-weather|RainDance|[upkeep]
|-heal|p1a: Zamazenta|43/100|[from] item: Leftovers
|upkeep
|turn|7
|
|t:|1779610640
|move|p2a: Basculegion|Wave Crash|p1a: Zamazenta
|-damage|p1a: Zamazenta|19/100
|-damage|p2a: Basculegion|0 fnt|[from] Recoil
|faint|p2a: Basculegion
|move|p1a: Zamazenta|Iron Defense|p1a: Zamazenta
|-boost|p1a: Zamazenta|def|2
|
|-weather|RainDance|[upkeep]
|-heal|p1a: Zamazenta|25/100|[from] item: Leftovers
|upkeep
|
|t:|1779610659
|switch|p2a: Walking Wake|Walking Wake|100/100
|-enditem|p2a: Walking Wake|Booster Energy
|-activate|p2a: Walking Wake|ability: Protosynthesis|[fromitem]
|-start|p2a: Walking Wake|protosynthesisspa
|turn|8
|
|t:|1779610674
|-end|p2a: Walking Wake|Protosynthesis|[silent]
|switch|p2a: Volbeat|Volbeat, L20, M|100/100
|move|p1a: Zamazenta|Body Press|p2a: Volbeat
|-resisted|p2a: Volbeat
|-enditem|p2a: Volbeat|Focus Sash
|-damage|p2a: Volbeat|2/100
|
|-weather|none
|-heal|p1a: Zamazenta|31/100|[from] item: Leftovers
|upkeep
|turn|9
|
|t:|1779610687
|move|p2a: Volbeat|Tailwind|p2a: Volbeat
|-sidestart|p2: sk_pk123|move: Tailwind
|move|p1a: Zamazenta|Body Press|p2a: Volbeat
|-resisted|p2a: Volbeat
|-damage|p2a: Volbeat|0 fnt
|faint|p2a: Volbeat
|
|-heal|p1a: Zamazenta|38/100|[from] item: Leftovers
|upkeep
|
|t:|1779610690
|switch|p2a: Greninja|Greninja, M|100/100
|turn|10
|
|t:|1779610698
|-terastallize|p2a: Greninja|Water
|move|p2a: Greninja|Surf|p1a: Zamazenta
|-damage|p1a: Zamazenta|0 fnt
|faint|p1a: Zamazenta
|-ability|p2a: Greninja|Battle Bond|boost
|-boost|p2a: Greninja|atk|1
|-boost|p2a: Greninja|spa|1
|-boost|p2a: Greninja|spe|1
|-activate|p2a: Greninja|ability: Battle Bond
|-damage|p2a: Greninja|91/100|[from] item: Life Orb
|
|upkeep
|inactive|Electroyer_3 has 120 seconds left.
|
|t:|1779610730
|switch|p1a: Iron Valiant|Iron Valiant|100/100
|-enditem|p1a: Iron Valiant|Booster Energy
|-activate|p1a: Iron Valiant|ability: Quark Drive|[fromitem]
|-start|p1a: Iron Valiant|quarkdrivespe
|turn|11
|inactive|Electroyer_3 has 120 seconds left.
|
|t:|1779610736
|move|p2a: Greninja|Surf|p1a: Iron Valiant
|-damage|p1a: Iron Valiant|0 fnt
|faint|p1a: Iron Valiant
|-end|p1a: Iron Valiant|Quark Drive|[silent]
|-damage|p2a: Greninja|81/100|[from] item: Life Orb
|
|upkeep
|inactive|Electroyer_3 has 120 seconds left.
|
|t:|1779610744
|switch|p1a: Kingambit|Kingambit, F|100/100
|-activate|p1a: Kingambit|ability: Supreme Overlord
|-start|p1a: Kingambit|fallen4|[silent]
|turn|12
|
|t:|1779610749
|move|p2a: Greninja|Water Shuriken|p1a: Kingambit
|-damage|p1a: Kingambit|80/100
|-damage|p1a: Kingambit|61/100
|-hitcount|p1a: Kingambit|2
|-damage|p2a: Greninja|71/100|[from] item: Life Orb
|move|p1a: Kingambit|Sucker Punch||[still]
|-fail|p1a: Kingambit
|
|-sideend|p2: sk_pk123|move: Tailwind
|upkeep
|turn|13
|
|t:|1779610757
|move|p2a: Greninja|Surf|p1a: Kingambit
|-crit|p1a: Kingambit
|-damage|p1a: Kingambit|0 fnt
|faint|p1a: Kingambit
|-end|p1a: Kingambit|fallen4|[silent]
|-damage|p2a: Greninja|61/100|[from] item: Life Orb
|
|upkeep
|
|t:|1779610763
|switch|p1a: Gliscor|Gliscor, M|100/100
|turn|14
|
|t:|1779610768
|move|p2a: Greninja|Ice Beam|p1a: Gliscor
|-supereffective|p1a: Gliscor
|-damage|p1a: Gliscor|0 fnt
|faint|p1a: Gliscor
|-damage|p2a: Greninja|51/100|[from] item: Life Orb
|
|win|sk_pk123
|raw|Electroyer_3's rating: 1318 &rarr; <strong>1294</strong><br />(-24 for losing)
|raw|sk_pk123's rating: 1256 &rarr; <strong>1285</strong><br />(+29 for winning)
|l|☆Electroyer_3
|player|p1|
|l|☆sk_pk123
|player|p2|
