|j|☆I'm Farsighted
|j|☆legend za legend
|t:|1779577427
|gametype|singles
|player|p1|I'm Farsighted|steven|1215
|player|p2|legend za legend|265|1263
|gen|9
|tier|[Gen 9] OU
|rated|
|rule|HP Percentage Mod: HP is shown in percentages
|rule|Endless Battle Clause: Forcing endless battles is banned
|rule|Species Clause: Limit one of each Pokémon
|rule|OHKO Clause: OHKO moves are banned
|rule|Evasion Items Clause: Evasion items are banned
|rule|Evasion Moves Clause: Evasion moves are banned
|rule|Evasion Abilities Clause: Evasion abilities are banned
|rule|Sleep Moves Clause: Sleep-inducing moves are banned
|clearpoke
|poke|p1|Slowbro-Galar, F|
|poke|p1|Gholdengo|
|poke|p1|Iron Valiant|
|poke|p1|Dondozo, F|
|poke|p1|Gliscor, M|
|poke|p1|Espeon, F|
|poke|p2|Hoopa|
|poke|p2|Cinderace, M|
|poke|p2|Mandibuzz, F|
|poke|p2|Kyurem|
|poke|p2|Ting-Lu|
|poke|p2|Manaphy|
|teampreview
|inactive|Battle timer is ON: inactive players will automatically lose when time's up. (requested by I'm Farsighted)
|
|t:|1779577473
|teamsize|p1|6
|teamsize|p2|6
|start
|switch|p1a: Espeon|Espeon, F|100/100
|switch|p2a: Kyurem|Kyurem|100/100
|-ability|p2a: Kyurem|Pressure
|turn|1
|
|t:|1779577488
|move|p2a: Kyurem|Draco Meteor|p1a: Espeon
|-damage|p1a: Espeon|34/100
|-unboost|p2a: Kyurem|spa|2
|move|p1a: Espeon|Light Screen|p1a: Espeon
|-sidestart|p1: I'm Farsighted|move: Light Screen
|
|upkeep
|turn|2
|
|t:|1779577504
|switch|p2a: Cinderace|Cinderace, M|100/100
|move|p1a: Espeon|Reflect|p1a: Espeon
|-sidestart|p1: I'm Farsighted|Reflect
|
|upkeep
|turn|3
|
|t:|1779577516
|move|p2a: Cinderace|U-turn|p1a: Espeon
|-start|p2a: Cinderace|typechange|Bug|[from] ability: Libero
|-supereffective|p1a: Espeon
|-damage|p1a: Espeon|0 fnt
|faint|p1a: Espeon
|
|t:|1779577522
|switch|p2a: Kyurem|Kyurem|100/100|[from] U-turn
|-ability|p2a: Kyurem|Pressure
|
|upkeep
|
|t:|1779577525
|switch|p1a: Slowbro|Slowbro-Galar, F|100/100
|turn|4
|-activate|p1a: Slowbro|item: Quick Claw
|
|t:|1779577536
|switch|p2a: Mandibuzz|Mandibuzz, F, shiny|100/100
|move|p1a: Slowbro|Belly Drum|p1a: Slowbro
|-damage|p1a: Slowbro|50/100
|-setboost|p1a: Slowbro|atk|6|[from] move: Belly Drum
|
|upkeep
|turn|5
|-activate|p1a: Slowbro|ability: Quick Draw
|
|t:|1779577543
|move|p1a: Slowbro|Drain Punch|p2a: Mandibuzz
|-crit|p2a: Mandibuzz
|-damage|p2a: Mandibuzz|14/100
|-heal|p1a: Slowbro|96/100|[from] drain|[of] p2a: Mandibuzz
|-damage|p1a: Slowbro|79/100|[from] item: Rocky Helmet|[of] p2a: Mandibuzz
|move|p2a: Mandibuzz|Foul Play|p1a: Slowbro
|-supereffective|p1a: Slowbro
|-damage|p1a: Slowbro|0 fnt
|faint|p1a: Slowbro
|
|upkeep
|-message|I'm Farsighted forfeited.
|
|win|legend za legend
|raw|I&apos;m Farsighted's rating: 1215 &rarr; <strong>1193</strong><br />(-22 for losing)
|raw|legend za legend's rating: 1263 &rarr; <strong>1285</strong><br />(+22 for winning)
