|j|☆rasb
|j|☆KaiZX49
|t:|1779567763
|gametype|singles
|player|p1|rasb|1|1336
|player|p2|KaiZX49|youngster|1308
|gen|9
|tier|[Gen 9] OU
|rated|
|rule|HP Percentage Mod: HP is shown in percentages
|rule|Endless Battle Clause: Forcing endless battles is banned
|rule|Species Clause: Limit one of each Pokémon
|rule|OHKO Clause: OHKO moves are banned
|rule|Evasion Items Clause: Evasion items are banned
|rule|Evasion Moves Clause: Evasion moves are banned
|rule|Evasion Abilities Clause: Evasion abilities are banned
|rule|Sleep Moves Clause: Sleep-inducing moves are banned
|clearpoke
|poke|p1|Ceruledge, M|
|poke|p1|Raging Bolt|
|poke|p1|Ogerpon-Wellspring, F|
|poke|p1|Darkrai|
|poke|p1|Great Tusk|
|poke|p1|Gholdengo|
|poke|p2|Skarmory, M|
|poke|p2|Iron Boulder|
|poke|p2|Clodsire, M|
|poke|p2|Rotom-Wash|
|poke|p2|Gengar, F|
|poke|p2|Cinderace, F|
|teampreview
|inactive|Battle timer is ON: inactive players will automatically lose when time's up. (requested by rasb)
|
|t:|1779567783
|teamsize|p1|6
|teamsize|p2|6
|start
|switch|p1a: Great Tusk|Great Tusk|100/100
|switch|p2a: Rotom|Rotom-Wash|100/100
|turn|1
|
|t:|1779567789
|-end|p1a: Great Tusk|Protosynthesis|[silent]
|switch|p1a: Raging Bolt|Raging Bolt|100/100
|move|p2a: Rotom|Will-O-Wisp|p1a: Raging Bolt
|-status|p1a: Raging Bolt|brn
|
|-damage|p1a: Raging Bolt|94/100 brn|[from] brn
|upkeep
|turn|2
|
|t:|1779567806
|switch|p2a: Clodsire|Clodsire, M|100/100
|-end|p1a: Raging Bolt|Protosynthesis|[silent]
|switch|p1a: Ceruledge|Ceruledge, M|100/100
|
|upkeep
|turn|3
|
|t:|1779567811
|move|p1a: Ceruledge|Swords Dance|p1a: Ceruledge
|-boost|p1a: Ceruledge|atk|2
|move|p2a: Clodsire|Toxic|p1a: Ceruledge
|-status|p1a: Ceruledge|tox
|
|-damage|p1a: Ceruledge|94/100 tox|[from] psn
|upkeep
|turn|4
|
|t:|1779567818
|move|p1a: Ceruledge|Poltergeist|p2a: Clodsire
|-activate|p2a: Clodsire|move: Poltergeist|Heavy-Duty Boots
|-damage|p2a: Clodsire|0 fnt
|faint|p2a: Clodsire
|
|-damage|p1a: Ceruledge|82/100 tox|[from] psn
|upkeep
|
|t:|1779567825
|switch|p2a: Skarmory|Skarmory, M|100/100
|turn|5
|
|t:|1779567830
|-terastallize|p2a: Skarmory|Dragon
|move|p1a: Ceruledge|Bitter Blade|p2a: Skarmory
|-resisted|p2a: Skarmory
|-damage|p2a: Skarmory|69/100
|-heal|p1a: Ceruledge|99/100 tox|[from] drain|[of] p2a: Skarmory
|-damage|p1a: Ceruledge|84/100 tox|[from] item: Rocky Helmet|[of] p2a: Skarmory
|move|p2a: Skarmory|Stealth Rock|p1a: Ceruledge
|-sidestart|p1: rasb|move: Stealth Rock
|
|-damage|p1a: Ceruledge|65/100 tox|[from] psn
|upkeep
|turn|6
|
|t:|1779567840
|move|p1a: Ceruledge|Poltergeist|p2a: Skarmory
|-activate|p2a: Skarmory|move: Poltergeist|Rocky Helmet
|-damage|p2a: Skarmory|0 fnt
|faint|p2a: Skarmory
|
|-damage|p1a: Ceruledge|41/100 tox|[from] psn
|upkeep
|
|t:|1779567848
|switch|p2a: Rotom|Rotom-Wash|100/100
|turn|7
|
|t:|1779567854
|switch|p1a: Raging Bolt|Raging Bolt|94/100 brn
|-damage|p1a: Raging Bolt|82/100 brn|[from] Stealth Rock
|move|p2a: Rotom|Hydro Pump|p1a: Raging Bolt
|-resisted|p1a: Raging Bolt
|-damage|p1a: Raging Bolt|66/100 brn
|
|-heal|p1a: Raging Bolt|73/100 brn|[from] item: Leftovers
|-damage|p1a: Raging Bolt|66/100 brn|[from] brn
|upkeep
|turn|8
|
|t:|1779567867
|move|p2a: Rotom|Volt Switch|p1a: Raging Bolt
|-resisted|p1a: Raging Bolt
|-damage|p1a: Raging Bolt|61/100 brn
|
|t:|1779567871
|switch|p2a: Cinderace|Cinderace, F|100/100|[from] Volt Switch
|move|p1a: Raging Bolt|Thunderbolt|p2a: Cinderace
|-damage|p2a: Cinderace|27/100
|
|-heal|p1a: Raging Bolt|67/100 brn|[from] item: Leftovers
|-damage|p1a: Raging Bolt|61/100 brn|[from] brn
|upkeep
|turn|9
|
|t:|1779567883
|move|p1a: Raging Bolt|Thunderclap|p2a: Cinderace
|-damage|p2a: Cinderace|0 fnt
|faint|p2a: Cinderace
|
|-heal|p1a: Raging Bolt|67/100 brn|[from] item: Leftovers
|-damage|p1a: Raging Bolt|61/100 brn|[from] brn
|upkeep
|
|t:|1779567889
|switch|p2a: Iron Boulder|Iron Boulder|100/100
|-enditem|p2a: Iron Boulder|Booster Energy
|-activate|p2a: Iron Boulder|ability: Quark Drive|[fromitem]
|-start|p2a: Iron Boulder|quarkdrivespe
|turn|10
|
|t:|1779567895
|move|p1a: Raging Bolt|Thunderclap||[still]
|-fail|p1a: Raging Bolt
|move|p2a: Iron Boulder|Swords Dance|p2a: Iron Boulder
|-boost|p2a: Iron Boulder|atk|2
|
|-heal|p1a: Raging Bolt|67/100 brn|[from] item: Leftovers
|-damage|p1a: Raging Bolt|61/100 brn|[from] brn
|upkeep
|turn|11
|
|t:|1779567904
|move|p1a: Raging Bolt|Thunderclap|p2a: Iron Boulder
|-damage|p2a: Iron Boulder|56/100
|move|p2a: Iron Boulder|Earthquake|p1a: Raging Bolt
|-supereffective|p1a: Raging Bolt
|-damage|p1a: Raging Bolt|0 fnt
|faint|p1a: Raging Bolt
|-end|p1a: Raging Bolt|Protosynthesis|[silent]
|
|upkeep
|
|t:|1779567906
|switch|p1a: Darkrai|Darkrai|100/100
|-damage|p1a: Darkrai|88/100|[from] Stealth Rock
|turn|12
|
|t:|1779567920
|move|p1a: Darkrai|Dark Pulse|p2a: Iron Boulder
|-supereffective|p2a: Iron Boulder
|-damage|p2a: Iron Boulder|0 fnt
|faint|p2a: Iron Boulder
|-end|p2a: Iron Boulder|Quark Drive|[silent]
|
|upkeep
|
|t:|1779567928
|switch|p2a: Rotom|Rotom-Wash|100/100
|turn|13
|
|t:|1779567932
|move|p1a: Darkrai|Dark Pulse|p2a: Rotom
|-damage|p2a: Rotom|52/100
|move|p2a: Rotom|Volt Switch|p1a: Darkrai
|-damage|p1a: Darkrai|58/100
|
|t:|1779567938
|switch|p2a: Gengar|Gengar, F|100/100|[from] Volt Switch
|
|upkeep
|turn|14
|
|t:|1779567944
|move|p1a: Darkrai|Dark Pulse|p2a: Gengar
|-supereffective|p2a: Gengar
|-damage|p2a: Gengar|0 fnt
|faint|p2a: Gengar
|
|upkeep
|-message|KaiZX49 forfeited.
|
|win|rasb
|raw|rasb's rating: 1336 &rarr; <strong>1354</strong><br />(+18 for winning)
|raw|KaiZX49's rating: 1308 &rarr; <strong>1290</strong><br />(-18 for losing)
