|badge|p2|bronze|gen9randombattle|100-9
|uhtml|medal-msg|<div class="broadcast-blue">Curious what those medals under the avatar are? PS now has Ladder Seasons! For more information, check out the <a href="https://www.smogon.com/forums/threads/3740067/">thread on Smogon.</a></div>
|j|☆viscus_55
|j|☆gloriousplays
|t:|1779621590
|gametype|singles
|player|p1|viscus_55|gardenia-masters|1432
|player|p2|gloriousplays|101|1539
|gen|9
|tier|[Gen 9] OU
|rated|
|rule|HP Percentage Mod: HP is shown in percentages
|rule|Endless Battle Clause: Forcing endless battles is banned
|rule|Species Clause: Limit one of each Pokémon
|rule|OHKO Clause: OHKO moves are banned
|rule|Evasion Items Clause: Evasion items are banned
|rule|Evasion Moves Clause: Evasion moves are banned
|rule|Evasion Abilities Clause: Evasion abilities are banned
|rule|Sleep Moves Clause: Sleep-inducing moves are banned
|clearpoke
|poke|p1|Pecharunt|
|poke|p1|Zamazenta-*|
|poke|p1|Dragonite, M|
|poke|p1|Ninetales-Alola, M|
|poke|p1|Iron Treads|
|poke|p1|Cinderace, F|
|poke|p2|Regieleki|
|poke|p2|Zoroark-Hisui, F|
|poke|p2|Braviary-Hisui, M|
|poke|p2|Dragonite, M|
|poke|p2|Alomomola, M|
|poke|p2|Gholdengo|
|teampreview
|inactive|Battle timer is ON: inactive players will automatically lose when time's up. (requested by viscus_55)
|
|t:|1779621618
|teamsize|p1|6
|teamsize|p2|6
|start
|switch|p1a: Cinderace|Cinderace, F|100/100
|switch|p2a: Regieleki|Regieleki|100/100
|turn|1
|inactive|viscus_55 has 120 seconds left.
|c|☆viscus_55|What's that thing under your avatar?
|c|☆gloriousplays|it top 100 randbats medal
|inactive|gloriousplays has 120 seconds left.
|
|t:|1779621665
|move|p1a: Cinderace|Sucker Punch|p2a: Regieleki
|-start|p1a: Cinderace|typechange|Dark|[from] ability: Libero
|-supereffective|p2a: Regieleki
|-damage|p2a: Regieleki|0 fnt
|replace|p2a: Zoroark|Zoroark-Hisui, F
|-end|p2a: Zoroark|Illusion
|faint|p2a: Zoroark
|
|upkeep
|c|☆viscus_55|Ohh
|inactive|gloriousplays has 120 seconds left.
|
|t:|1779621673
|switch|p2a: Regieleki|Regieleki|100/100
|turn|2
|inactive|viscus_55 has 120 seconds left.
|
|t:|1779621682
|switch|p1a: Iron Treads|Iron Treads|100/100
|-enditem|p1a: Iron Treads|Booster Energy
|-activate|p1a: Iron Treads|ability: Quark Drive|[fromitem]
|-start|p1a: Iron Treads|quarkdriveatk
|move|p2a: Regieleki|Electro Ball|p1a: Iron Treads
|-immune|p1a: Iron Treads
|
|upkeep
|turn|3
|
|t:|1779621689
|switch|p2a: Alomomola|Alomomola, M|100/100
|move|p1a: Iron Treads|Rapid Spin|p2a: Alomomola
|-damage|p2a: Alomomola|87/100
|-boost|p1a: Iron Treads|spe|1
|
|upkeep
|turn|4
|
|t:|1779621694
|move|p1a: Iron Treads|Earthquake|p2a: Alomomola
|-damage|p2a: Alomomola|51/100
|move|p2a: Alomomola|Scald|p1a: Iron Treads
|-supereffective|p1a: Iron Treads
|-damage|p1a: Iron Treads|58/100
|
|upkeep
|turn|5
|
|t:|1779621703
|move|p1a: Iron Treads|Earthquake|p2a: Alomomola
|-damage|p2a: Alomomola|15/100
|move|p2a: Alomomola|Wish|p2a: Alomomola
|
|upkeep
|turn|6
|
|t:|1779621709
|move|p2a: Alomomola|Protect|p2a: Alomomola
|-singleturn|p2a: Alomomola|Protect
|move|p1a: Iron Treads|Iron Head|p2a: Alomomola
|-activate|p2a: Alomomola|move: Protect
|
|-heal|p2a: Alomomola|65/100|[from] move: Wish|[wisher] Alomomola
|upkeep
|turn|7
|
|t:|1779621714
|move|p1a: Iron Treads|Earthquake|p2a: Alomomola
|-damage|p2a: Alomomola|26/100
|move|p2a: Alomomola|Wish|p2a: Alomomola
|
|upkeep
|turn|8
|
|t:|1779621719
|move|p2a: Alomomola|Protect|p2a: Alomomola
|-singleturn|p2a: Alomomola|Protect
|move|p1a: Iron Treads|Earthquake|p2a: Alomomola
|-activate|p2a: Alomomola|move: Protect
|
|-heal|p2a: Alomomola|76/100|[from] move: Wish|[wisher] Alomomola
|upkeep
|turn|9
|
|t:|1779621723
|move|p1a: Iron Treads|Earthquake|p2a: Alomomola
|-damage|p2a: Alomomola|40/100
|move|p2a: Alomomola|Wish|p2a: Alomomola
|
|upkeep
|turn|10
|
|t:|1779621736
|-end|p1a: Iron Treads|Quark Drive|[silent]
|switch|p1a: Ninetales|Ninetales-Alola, M|100/100
|-weather|Snowscape|[from] ability: Snow Warning|[of] p1a: Ninetales
|move|p2a: Alomomola|Scald|p1a: Ninetales
|-damage|p1a: Ninetales|86/100
|-status|p1a: Ninetales|brn
|
|-weather|Snowscape|[upkeep]
|-heal|p2a: Alomomola|90/100|[from] move: Wish|[wisher] Alomomola
|-damage|p1a: Ninetales|80/100 brn|[from] brn
|upkeep
|turn|11
|
|t:|1779621750
|move|p1a: Ninetales|Encore|p2a: Alomomola
|-start|p2a: Alomomola|Encore
|move|p2a: Alomomola|Scald|p1a: Ninetales
|-damage|p1a: Ninetales|66/100 brn
|
|-weather|Snowscape|[upkeep]
|-damage|p1a: Ninetales|60/100 brn|[from] brn
|upkeep
|turn|12
|
|t:|1779621757
|switch|p2a: Gholdengo|Gholdengo|100/100
|-item|p2a: Gholdengo|Air Balloon
|move|p1a: Ninetales|Aurora Veil|p1a: Ninetales
|-sidestart|p1: viscus_55|move: Aurora Veil
|
|-weather|Snowscape|[upkeep]
|-damage|p1a: Ninetales|54/100 brn|[from] brn
|upkeep
|turn|13
|
|t:|1779621766
|switch|p1a: Iron Treads|Iron Treads|58/100
|switch|p2a: Alomomola|Alomomola, M|100/100
|
|-weather|Snowscape|[upkeep]
|upkeep
|turn|14
|
|t:|1779621773
|-end|p1a: Iron Treads|Quark Drive|[silent]
|switch|p1a: Dragonite|Dragonite, M|100/100
|move|p2a: Alomomola|Protect||[still]
|-fail|p2a: Alomomola
|
|-weather|none
|upkeep
|turn|15
|
|t:|1779621777
|move|p1a: Dragonite|Dragon Dance|p1a: Dragonite
|-boost|p1a: Dragonite|atk|1
|-boost|p1a: Dragonite|spe|1
|move|p2a: Alomomola|Scald|p1a: Dragonite
|-resisted|p1a: Dragonite
|-damage|p1a: Dragonite|99/100
|
|upkeep
|turn|16
|
|t:|1779621780
|move|p1a: Dragonite|Dragon Dance|p1a: Dragonite
|-boost|p1a: Dragonite|atk|1
|-boost|p1a: Dragonite|spe|1
|move|p2a: Alomomola|Scald|p1a: Dragonite
|-resisted|p1a: Dragonite
|-damage|p1a: Dragonite|96/100
|-status|p1a: Dragonite|brn
|
|-damage|p1a: Dragonite|89/100 brn|[from] brn
|upkeep
|turn|17
|
|t:|1779621783
|move|p1a: Dragonite|Dragon Dance|p1a: Dragonite
|-boost|p1a: Dragonite|atk|1
|-boost|p1a: Dragonite|spe|1
|move|p2a: Alomomola|Flip Turn|p1a: Dragonite
|-resisted|p1a: Dragonite
|-damage|p1a: Dragonite|85/100 brn
|
|t:|1779621788
|switch|p2a: Regieleki|Regieleki|100/100|[from] Flip Turn
|
|-damage|p1a: Dragonite|79/100 brn|[from] brn
|upkeep
|turn|18
|
|t:|1779621798
|-terastallize|p2a: Regieleki|Electric
|move|p2a: Regieleki|Volt Switch|p1a: Dragonite
|-damage|p1a: Dragonite|50/100 brn
|
|t:|1779621804
|switch|p2a: Gholdengo|Gholdengo|100/100|[from] Volt Switch
|-item|p2a: Gholdengo|Air Balloon
|move|p1a: Dragonite|Earthquake|p2a: Gholdengo
|-immune|p2a: Gholdengo
|
|-damage|p1a: Dragonite|44/100 brn|[from] brn
|upkeep
|turn|19
|
|t:|1779621820
|switch|p2a: Alomomola|Alomomola, M|100/100
|move|p1a: Dragonite|Fire Punch|p2a: Alomomola
|-resisted|p2a: Alomomola
|-damage|p2a: Alomomola|91/100
|-status|p2a: Alomomola|brn
|
|-damage|p1a: Dragonite|37/100 brn|[from] brn
|-damage|p2a: Alomomola|85/100 brn|[from] brn
|-sideend|p1: viscus_55|move: Aurora Veil
|upkeep
|turn|20
|c|☆viscus_55|What in the choice scarf regi eleki is that
|c|☆gloriousplays|it not scarf trust me bro
|c|☆gloriousplays|maybe your slow ?
|inactive|gloriousplays has 120 seconds left.
|c|☆gloriousplays|like no speed dragonite?
|c|☆viscus_55|I have over 600 speed
|c|☆gloriousplays|alright you caught me lol
|
|t:|1779621862
|move|p1a: Dragonite|Dragon Dance|p1a: Dragonite
|-boost|p1a: Dragonite|atk|1
|-boost|p1a: Dragonite|spe|1
|move|p2a: Alomomola|Flip Turn|p1a: Dragonite
|-resisted|p1a: Dragonite
|-damage|p1a: Dragonite|33/100 brn
|
|t:|1779621869
|switch|p2a: Regieleki|Regieleki, tera:Electric|100/100|[from] Flip Turn
|
|-damage|p1a: Dragonite|27/100 brn|[from] brn
|upkeep
|turn|21
|
|t:|1779621875
|move|p1a: Dragonite|Extreme Speed|p2a: Regieleki
|-damage|p2a: Regieleki|3/100
|move|p2a: Regieleki|Volt Switch|p1a: Dragonite
|-damage|p1a: Dragonite|0 fnt
|faint|p1a: Dragonite
|c|☆gloriousplays|DAMN
|c|☆gloriousplays|HOW did i live that
|
|t:|1779621888
|switch|p2a: Alomomola|Alomomola, M|100/100 brn|[from] Volt Switch
|
|-damage|p2a: Alomomola|94/100 brn|[from] brn
|upkeep
|c|☆viscus_55|Burn
|c|☆viscus_55|But still how
|
|t:|1779621901
|switch|p1a: Ninetales|Ninetales-Alola, M|54/100 brn
|-weather|Snowscape|[from] ability: Snow Warning|[of] p1a: Ninetales
|turn|22
|inactive|gloriousplays has 120 seconds left.
|
|t:|1779621918
|move|p1a: Ninetales|Aurora Veil|p1a: Ninetales
|-sidestart|p1: viscus_55|move: Aurora Veil
|move|p2a: Alomomola|Wish|p2a: Alomomola
|
|-weather|Snowscape|[upkeep]
|-damage|p1a: Ninetales|48/100 brn|[from] brn
|-damage|p2a: Alomomola|88/100 brn|[from] brn
|upkeep
|turn|23
|
|t:|1779621922
|switch|p2a: Gholdengo|Gholdengo|100/100
|-item|p2a: Gholdengo|Air Balloon
|move|p1a: Ninetales|Encore|p2a: Gholdengo
|-immune|p2a: Gholdengo|[from] ability: Good as Gold
|
|-weather|Snowscape|[upkeep]
|-damage|p1a: Ninetales|42/100 brn|[from] brn
|upkeep
|turn|24
|inactive|gloriousplays has 120 seconds left.
|
|t:|1779621934
|switch|p1a: Cinderace|Cinderace, F|100/100
|move|p2a: Gholdengo|Make It Rain|p1a: Cinderace
|-resisted|p1a: Cinderace
|-damage|p1a: Cinderace|83/100
|-unboost|p2a: Gholdengo|spa|1
|
|-weather|Snowscape|[upkeep]
|upkeep
|turn|25
|
|t:|1779621945
|switch|p2a: Alomomola|Alomomola, M|100/100 brn
|move|p1a: Cinderace|U-turn|p2a: Alomomola
|-start|p1a: Cinderace|typechange|Bug|[from] ability: Libero
|-damage|p2a: Alomomola|82/100 brn
|
|t:|1779621956
|switch|p1a: Pecharunt|Pecharunt|100/100|[from] U-turn
|
|-weather|Snowscape|[upkeep]
|-damage|p2a: Alomomola|76/100 brn|[from] brn
|upkeep
|turn|26
|
|t:|1779621969
|move|p1a: Pecharunt|Nasty Plot|p1a: Pecharunt
|-boost|p1a: Pecharunt|spa|2
|move|p2a: Alomomola|Wish|p2a: Alomomola
|
|-weather|none
|-damage|p2a: Alomomola|70/100 brn|[from] brn
|upkeep
|turn|27
|c|☆viscus_55|That fish is annoying
|
|t:|1779621985
|move|p1a: Pecharunt|Nasty Plot|p1a: Pecharunt
|-boost|p1a: Pecharunt|spa|2
|move|p2a: Alomomola|Flip Turn|p1a: Pecharunt
|-damage|p1a: Pecharunt|98/100
|
|t:|1779621990
|switch|p2a: Regieleki|Regieleki, tera:Electric|3/100|[from] Flip Turn
|
|-heal|p2a: Regieleki|92/100|[from] move: Wish|[wisher] Alomomola
|-heal|p1a: Pecharunt|100/100|[from] item: Leftovers
|upkeep
|turn|28
|inactive|gloriousplays has 120 seconds left.
|
|t:|1779622011
|move|p2a: Regieleki|Volt Switch|p1a: Pecharunt
|-damage|p1a: Pecharunt|79/100
|inactive|gloriousplays has 120 seconds left.
|
|t:|1779622017
|switch|p2a: Braviary|Braviary-Hisui, M, shiny|100/100|[from] Volt Switch
|move|p1a: Pecharunt|Shadow Ball|p2a: Braviary
|-supereffective|p2a: Braviary
|-damage|p2a: Braviary|0 fnt
|faint|p2a: Braviary
|
|-heal|p1a: Pecharunt|85/100|[from] item: Leftovers
|upkeep
|inactive|gloriousplays has 120 seconds left.
|
|t:|1779622023
|switch|p2a: Alomomola|Alomomola, M|100/100 brn
|turn|29
|
|t:|1779622028
|move|p2a: Alomomola|Protect|p2a: Alomomola
|-singleturn|p2a: Alomomola|Protect
|move|p1a: Pecharunt|Malignant Chain|p2a: Alomomola
|-activate|p2a: Alomomola|move: Protect
|
|-heal|p1a: Pecharunt|91/100|[from] item: Leftovers
|-damage|p2a: Alomomola|94/100 brn|[from] brn
|-sideend|p1: viscus_55|move: Aurora Veil
|upkeep
|turn|30
|c|☆viscus_55|Just die bro 😭
|j| kanaete onegai
|inactive|gloriousplays has 120 seconds left.
|
|t:|1779622054
|switch|p2a: Gholdengo|Gholdengo|100/100
|-item|p2a: Gholdengo|Air Balloon
|move|p1a: Pecharunt|Shadow Ball|p2a: Gholdengo
|-supereffective|p2a: Gholdengo
|-damage|p2a: Gholdengo|0 fnt
|-enditem|p2a: Gholdengo|Air Balloon
|faint|p2a: Gholdengo
|
|-heal|p1a: Pecharunt|97/100|[from] item: Leftovers
|upkeep
|c|☆viscus_55|Stop scouting me
|
|t:|1779622067
|switch|p2a: Dragonite|Dragonite, M|100/100
|turn|31
|
|t:|1779622074
|move|p2a: Dragonite|Dragon Dance|p2a: Dragonite
|-boost|p2a: Dragonite|atk|1
|-boost|p2a: Dragonite|spe|1
|move|p1a: Pecharunt|Malignant Chain|p2a: Dragonite
|-crit|p2a: Dragonite
|-damage|p2a: Dragonite|12/100
|-status|p2a: Dragonite|tox
|-start|p2a: Dragonite|confusion|[from] ability: Poison Puppeteer|[of] p1a: Pecharunt
|
|-heal|p1a: Pecharunt|100/100|[from] item: Leftovers
|-damage|p2a: Dragonite|6/100 tox|[from] psn
|upkeep
|turn|32
|
|t:|1779622078
|-activate|p2a: Dragonite|confusion
|move|p2a: Dragonite|Earthquake|p1a: Pecharunt
|-supereffective|p1a: Pecharunt
|-damage|p1a: Pecharunt|28/100
|move|p1a: Pecharunt|Recover|p1a: Pecharunt
|-heal|p1a: Pecharunt|78/100
|
|-heal|p1a: Pecharunt|84/100|[from] item: Leftovers
|-damage|p2a: Dragonite|0 fnt|[from] psn
|faint|p2a: Dragonite
|upkeep
|
|t:|1779622081
|switch|p2a: Regieleki|Regieleki, tera:Electric|92/100
|turn|33
|
|t:|1779622089
|move|p2a: Regieleki|Electro Ball|p1a: Pecharunt
|-damage|p1a: Pecharunt|6/100
|move|p1a: Pecharunt|Malignant Chain|p2a: Regieleki
|-damage|p2a: Regieleki|0 fnt
|faint|p2a: Regieleki
|
|-heal|p1a: Pecharunt|12/100|[from] item: Leftovers
|upkeep
|
|t:|1779622092
|switch|p2a: Alomomola|Alomomola, M|100/100 brn
|turn|34
|c|☆gloriousplays|gg
|
|t:|1779622096
|move|p1a: Pecharunt|Malignant Chain|p2a: Alomomola
|-damage|p2a: Alomomola|0 fnt
|faint|p2a: Alomomola
|
|win|viscus_55
|raw|viscus_55's rating: 1432 &rarr; <strong>1458</strong><br />(+26 for winning)
|raw|gloriousplays's rating: 1539 &rarr; <strong>1513</strong><br />(-26 for losing)
|l|☆gloriousplays
|player|p2|
|c|☆viscus_55|Gg
|l|☆viscus_55
|player|p1|
