|j|☆Lardongeant
|j|☆Relish Toast
|t:|1779712811
|gametype|singles
|player|p1|Lardongeant|170|1219
|player|p2|Relish Toast|kieran-festival|1197
|gen|9
|tier|[Gen 9] OU
|rated|
|rule|HP Percentage Mod: HP is shown in percentages
|rule|Endless Battle Clause: Forcing endless battles is banned
|rule|Species Clause: Limit one of each Pokémon
|rule|OHKO Clause: OHKO moves are banned
|rule|Evasion Items Clause: Evasion items are banned
|rule|Evasion Moves Clause: Evasion moves are banned
|rule|Evasion Abilities Clause: Evasion abilities are banned
|rule|Sleep Moves Clause: Sleep-inducing moves are banned
|clearpoke
|poke|p1|Gliscor, M|
|poke|p1|Heatran, F|
|poke|p1|Rotom-Wash|
|poke|p1|Breloom, F|
|poke|p1|Talonflame, F|
|poke|p1|Dragonite, M|
|poke|p2|Torkoal, F|
|poke|p2|Trevenant, F|
|poke|p2|Great Tusk|
|poke|p2|Vileplume, M|
|poke|p2|Leavanny, M|
|poke|p2|Raging Bolt|
|teampreview
|inactive|Battle timer is ON: inactive players will automatically lose when time's up. (requested by Relish Toast)
|
|t:|1779712819
|teamsize|p1|6
|teamsize|p2|6
|start
|switch|p1a: Heatran|Heatran, F|100/100
|switch|p2a: Leavanny|Leavanny, M, shiny|100/100
|turn|1
|
|t:|1779712832
|move|p1a: Heatran|Flamethrower|p2a: Leavanny
|-supereffective|p2a: Leavanny
|-enditem|p2a: Leavanny|Focus Sash
|-damage|p2a: Leavanny|1/100
|move|p2a: Leavanny|Sticky Web|p1a: Heatran
|-sidestart|p1: Lardongeant|move: Sticky Web
|
|upkeep
|turn|2
|
|t:|1779712845
|move|p1a: Heatran|Flamethrower|p2a: Leavanny
|-supereffective|p2a: Leavanny
|-damage|p2a: Leavanny|0 fnt
|faint|p2a: Leavanny
|
|upkeep
|
|t:|1779712849
|switch|p2a: Raging Bolt|Raging Bolt|100/100
|turn|3
|
|t:|1779712870
|switch|p1a: Rotom|Rotom-Wash|100/100
|move|p2a: Raging Bolt|Dragon Pulse|p1a: Rotom
|-damage|p1a: Rotom|47/100
|
|-heal|p1a: Rotom|53/100|[from] item: Leftovers
|upkeep
|turn|4
|
|t:|1779712884
|switch|p1a: Heatran|Heatran, F|100/100
|-activate|p1a: Heatran|move: Sticky Web
|-unboost|p1a: Heatran|spe|1
|-end|p2a: Raging Bolt|Protosynthesis|[silent]
|switch|p2a: Torkoal|Torkoal, F|100/100
|-weather|SunnyDay|[from] ability: Drought|[of] p2a: Torkoal
|
|-weather|SunnyDay|[upkeep]
|upkeep
|turn|5
|
|t:|1779712906
|switch|p2a: Trevenant|Trevenant, F|100/100
|move|p1a: Heatran|Earth Power|p2a: Trevenant
|-resisted|p2a: Trevenant
|-damage|p2a: Trevenant|85/100
|
|-weather|SunnyDay|[upkeep]
|upkeep
|turn|6
|
|t:|1779712923
|switch|p1a: Gliscor|Gliscor, M|100/100
|move|p2a: Trevenant|Poltergeist|p1a: Gliscor
|-activate|p1a: Gliscor|move: Poltergeist|Toxic Orb
|-crit|p1a: Gliscor
|-damage|p1a: Gliscor|58/100
|
|-weather|SunnyDay|[upkeep]
|-status|p1a: Gliscor|tox|[from] item: Toxic Orb
|upkeep
|turn|7
|
|t:|1779712932
|switch|p2a: Vileplume|Vileplume, M, shiny|100/100
|move|p1a: Gliscor|Knock Off|p2a: Vileplume
|-damage|p2a: Vileplume|76/100
|-enditem|p2a: Vileplume|Life Orb|[from] move: Knock Off|[of] p1a: Gliscor
|
|-weather|SunnyDay|[upkeep]
|-heal|p1a: Gliscor|71/100 tox|[from] ability: Poison Heal
|upkeep
|turn|8
|
|t:|1779712939
|move|p1a: Gliscor|Protect|p1a: Gliscor
|-singleturn|p1a: Gliscor|Protect
|move|p2a: Vileplume|Growth|p2a: Vileplume
|-boost|p2a: Vileplume|atk|2
|-boost|p2a: Vileplume|spa|2
|
|-weather|SunnyDay|[upkeep]
|-heal|p1a: Gliscor|83/100 tox|[from] ability: Poison Heal
|upkeep
|turn|9
|
|t:|1779712948
|move|p2a: Vileplume|Giga Drain|p1a: Gliscor
|-damage|p1a: Gliscor|4/100 tox
|-heal|p2a: Vileplume|100/100|[from] drain|[of] p1a: Gliscor
|move|p1a: Gliscor|Earthquake|p2a: Vileplume
|-damage|p2a: Vileplume|63/100
|
|-weather|SunnyDay|[upkeep]
|-heal|p1a: Gliscor|17/100 tox|[from] ability: Poison Heal
|upkeep
|turn|10
|
|t:|1779712960
|move|p2a: Vileplume|Growth|p2a: Vileplume
|-boost|p2a: Vileplume|atk|2
|-boost|p2a: Vileplume|spa|2
|move|p1a: Gliscor|Earthquake|p2a: Vileplume
|-damage|p2a: Vileplume|28/100
|
|-weather|SunnyDay|[upkeep]
|-heal|p1a: Gliscor|29/100 tox|[from] ability: Poison Heal
|upkeep
|turn|11
|
|t:|1779712969
|move|p2a: Vileplume|Giga Drain|p1a: Gliscor
|-damage|p1a: Gliscor|0 fnt
|-heal|p2a: Vileplume|42/100|[from] drain|[of] p1a: Gliscor
|faint|p1a: Gliscor
|
|-weather|none
|upkeep
|
|t:|1779712976
|switch|p1a: Talonflame|Talonflame, F|100/100
|turn|12
|
|t:|1779712988
|switch|p2a: Torkoal|Torkoal, F|100/100
|-weather|SunnyDay|[from] ability: Drought|[of] p2a: Torkoal
|move|p1a: Talonflame|Brave Bird|p2a: Torkoal
|-damage|p2a: Torkoal|65/100
|-damage|p1a: Talonflame|87/100|[from] Recoil
|
|-weather|SunnyDay|[upkeep]
|upkeep
|turn|13
|
|t:|1779712996
|move|p1a: Talonflame|Defog|p2a: Torkoal
|-unboost|p2a: Torkoal|evasion|1
|-sideend|p1: Lardongeant|Sticky Web|[from] move: Defog|[of] p1a: Talonflame
|move|p2a: Torkoal|Stealth Rock|p1a: Talonflame
|-sidestart|p1: Lardongeant|move: Stealth Rock
|
|-weather|SunnyDay|[upkeep]
|upkeep
|turn|14
|
|t:|1779713003
|switch|p2a: Raging Bolt|Raging Bolt|100/100
|-activate|p2a: Raging Bolt|ability: Protosynthesis
|-start|p2a: Raging Bolt|protosynthesisspa
|move|p1a: Talonflame|U-turn|p2a: Raging Bolt
|-damage|p2a: Raging Bolt|85/100
|
|t:|1779713011
|switch|p1a: Heatran|Heatran, F|100/100|[from] U-turn
|-damage|p1a: Heatran|88/100|[from] Stealth Rock
|
|-weather|SunnyDay|[upkeep]
|upkeep
|turn|15
|
|t:|1779713024
|move|p1a: Heatran|Earth Power|p2a: Raging Bolt
|-supereffective|p2a: Raging Bolt
|-damage|p2a: Raging Bolt|36/100
|-enditem|p2a: Raging Bolt|Weakness Policy
|-boost|p2a: Raging Bolt|atk|2|[from] item: Weakness Policy
|-boost|p2a: Raging Bolt|spa|2|[from] item: Weakness Policy
|move|p2a: Raging Bolt|Dragon Pulse|p1a: Heatran
|-resisted|p1a: Heatran
|-damage|p1a: Heatran|29/100
|
|-weather|SunnyDay|[upkeep]
|upkeep
|turn|16
|
|t:|1779713033
|move|p2a: Raging Bolt|Thunderclap|p1a: Heatran
|-damage|p1a: Heatran|0 fnt
|faint|p1a: Heatran
|
|-weather|SunnyDay|[upkeep]
|upkeep
|
|t:|1779713053
|switch|p1a: Breloom|Breloom, F|100/100
|-damage|p1a: Breloom|94/100|[from] Stealth Rock
|turn|17
|
|t:|1779713064
|move|p1a: Breloom|Mach Punch|p2a: Raging Bolt
|-damage|p2a: Raging Bolt|10/100
|move|p2a: Raging Bolt|Weather Ball|p1a: Breloom
|-supereffective|p1a: Breloom
|-damage|p1a: Breloom|0 fnt
|faint|p1a: Breloom
|
|-weather|SunnyDay|[upkeep]
|upkeep
|
|t:|1779713072
|switch|p1a: Dragonite|Dragonite, M|100/100
|turn|18
|
|t:|1779713082
|move|p1a: Dragonite|Extreme Speed|p2a: Raging Bolt
|-damage|p2a: Raging Bolt|0 fnt
|faint|p2a: Raging Bolt
|-end|p2a: Raging Bolt|Protosynthesis|[silent]
|
|-weather|SunnyDay|[upkeep]
|upkeep
|
|t:|1779713089
|switch|p2a: Vileplume|Vileplume, M, shiny|42/100
|turn|19
|
|t:|1779713097
|-terastallize|p2a: Vileplume|Fairy
|move|p2a: Vileplume|Moonblast|p1a: Dragonite
|-supereffective|p1a: Dragonite
|-damage|p1a: Dragonite|58/100
|move|p1a: Dragonite|Ice Spinner|p2a: Vileplume
|-damage|p2a: Vileplume|10/100
|
|-weather|none
|upkeep
|turn|20
|
|t:|1779713106
|switch|p2a: Torkoal|Torkoal, F|65/100
|-weather|SunnyDay|[from] ability: Drought|[of] p2a: Torkoal
|move|p1a: Dragonite|Extreme Speed|p2a: Torkoal
|-damage|p2a: Torkoal|43/100
|
|-weather|SunnyDay|[upkeep]
|upkeep
|turn|21
|
|t:|1779713112
|switch|p2a: Vileplume|Vileplume, M, shiny, tera:Fairy|10/100
|move|p1a: Dragonite|Earthquake|p2a: Vileplume
|-damage|p2a: Vileplume|0 fnt
|faint|p2a: Vileplume
|
|-weather|SunnyDay|[upkeep]
|upkeep
|
|t:|1779713114
|switch|p2a: Great Tusk|Great Tusk|100/100
|-activate|p2a: Great Tusk|ability: Protosynthesis
|-start|p2a: Great Tusk|protosynthesisatk
|turn|22
|
|t:|1779713124
|switch|p1a: Rotom|Rotom-Wash|53/100
|-damage|p1a: Rotom|41/100|[from] Stealth Rock
|move|p2a: Great Tusk|Knock Off|p1a: Rotom
|-damage|p1a: Rotom|0 fnt
|-enditem|p1a: Rotom|Leftovers|[from] move: Knock Off|[of] p2a: Great Tusk
|faint|p1a: Rotom
|-damage|p2a: Great Tusk|91/100|[from] item: Life Orb
|
|-weather|SunnyDay|[upkeep]
|upkeep
|
|t:|1779713131
|switch|p1a: Talonflame|Talonflame, F|87/100
|turn|23
|
|t:|1779713142
|move|p1a: Talonflame|Brave Bird|p2a: Great Tusk
|-supereffective|p2a: Great Tusk
|-damage|p2a: Great Tusk|22/100
|-damage|p1a: Talonflame|58/100|[from] Recoil
|move|p2a: Great Tusk|Knock Off|p1a: Talonflame
|-damage|p1a: Talonflame|0 fnt
|-enditem|p1a: Talonflame|Heavy-Duty Boots|[from] move: Knock Off|[of] p2a: Great Tusk
|faint|p1a: Talonflame
|-damage|p2a: Great Tusk|13/100|[from] item: Life Orb
|
|-weather|SunnyDay|[upkeep]
|upkeep
|
|t:|1779713149
|switch|p1a: Dragonite|Dragonite, M|58/100
|turn|24
|
|t:|1779713158
|move|p1a: Dragonite|Extreme Speed|p2a: Great Tusk
|-damage|p2a: Great Tusk|0 fnt
|faint|p2a: Great Tusk
|-end|p2a: Great Tusk|Protosynthesis|[silent]
|
|-weather|SunnyDay|[upkeep]
|upkeep
|
|t:|1779713163
|switch|p2a: Trevenant|Trevenant, F|85/100
|turn|25
|
|t:|1779713168
|-terastallize|p1a: Dragonite|Normal
|move|p1a: Dragonite|Ice Spinner|p2a: Trevenant
|-supereffective|p2a: Trevenant
|-damage|p2a: Trevenant|10/100
|-enditem|p2a: Trevenant|Sitrus Berry|[eat]
|-heal|p2a: Trevenant|35/100|[from] item: Sitrus Berry
|move|p2a: Trevenant|Poltergeist|p1a: Dragonite
|-immune|p1a: Dragonite
|
|-weather|SunnyDay|[upkeep]
|-item|p2a: Trevenant|Sitrus Berry|[from] ability: Harvest
|upkeep
|-enditem|p2a: Trevenant|Sitrus Berry|[eat]
|-heal|p2a: Trevenant|60/100|[from] item: Sitrus Berry
|turn|26
|
|t:|1779713186
|move|p1a: Dragonite|Ice Spinner|p2a: Trevenant
|-supereffective|p2a: Trevenant
|-damage|p2a: Trevenant|0 fnt
|faint|p2a: Trevenant
|
|-weather|SunnyDay|[upkeep]
|upkeep
|-message|Relish Toast forfeited.
|
|win|Lardongeant
|raw|Lardongeant's rating: 1219 &rarr; <strong>1242</strong><br />(+23 for winning)
|raw|Relish Toast's rating: 1197 &rarr; <strong>1174</strong><br />(-23 for losing)
|l|☆Relish Toast
|player|p2|
|l|☆Lardongeant
|player|p1|
