|j|☆xdrax7w7
|j|☆gvgvjvfcgv
|t:|1779670592
|gametype|singles
|player|p1|xdrax7w7|steven|1109
|player|p2|gvgvjvfcgv|170|1106
|gen|9
|tier|[Gen 9] OU
|rated|
|rule|HP Percentage Mod: HP is shown in percentages
|rule|Endless Battle Clause: Forcing endless battles is banned
|rule|Species Clause: Limit one of each Pokémon
|rule|OHKO Clause: OHKO moves are banned
|rule|Evasion Items Clause: Evasion items are banned
|rule|Evasion Moves Clause: Evasion moves are banned
|rule|Evasion Abilities Clause: Evasion abilities are banned
|rule|Sleep Moves Clause: Sleep-inducing moves are banned
|clearpoke
|poke|p1|Dragonite, F|
|poke|p1|Umbreon, M|
|poke|p1|Blaziken, M|
|poke|p1|Glimmora, F|
|poke|p1|Iron Moth|
|poke|p1|Deoxys-Speed|
|poke|p2|Dragonite, M|
|poke|p2|Clefable, F|
|poke|p2|Moltres|
|poke|p2|Haunter, F|
|poke|p2|Gengar, F|
|poke|p2|Weavile, M|
|teampreview
|
|t:|1779670597
|teamsize|p1|6
|teamsize|p2|6
|start
|switch|p1a: Glimmora|Glimmora, F|100/100
|switch|p2a: Lil bro|Haunter, F|100/100
|turn|1
|
|t:|1779670608
|move|p2a: Lil bro|Taunt|p1a: Glimmora
|-start|p1a: Glimmora|move: Taunt
|move|p1a: Glimmora|Meteor Beam||[still]
|-prepare|p1a: Glimmora|Meteor Beam
|-boost|p1a: Glimmora|spa|1
|-enditem|p1a: Glimmora|Power Herb
|-anim|p1a: Glimmora|Meteor Beam|p2a: Lil bro|[miss]
|-miss|p1a: Glimmora|p2a: Lil bro
|
|upkeep
|turn|2
|
|t:|1779670618
|move|p2a: Lil bro|Mean Look|p1a: Glimmora
|-activate|p1a: Glimmora|trapped
|move|p1a: Glimmora|Meteor Beam||[still]
|-prepare|p1a: Glimmora|Meteor Beam
|-boost|p1a: Glimmora|spa|1
|
|upkeep
|turn|3
|
|t:|1779670625
|move|p2a: Lil bro|Shadow Ball|p1a: Glimmora
|-damage|p1a: Glimmora|52/100
|move|p1a: Glimmora|Meteor Beam|p2a: Lil bro|[from] lockedmove
|-enditem|p2a: Lil bro|Focus Sash
|-damage|p2a: Lil bro|1/100
|
|-end|p1a: Glimmora|move: Taunt
|upkeep
|turn|4
|
|t:|1779670637
|move|p2a: Lil bro|Destiny Bond|p2a: Lil bro
|-singlemove|p2a: Lil bro|Destiny Bond
|move|p1a: Glimmora|Earth Power|p2a: Lil bro
|-immune|p2a: Lil bro|[from] ability: Levitate
|
|upkeep
|turn|5
|
|t:|1779670645
|move|p2a: Lil bro|Shadow Ball|p1a: Glimmora
|-damage|p1a: Glimmora|5/100
|-unboost|p1a: Glimmora|spd|1
|move|p1a: Glimmora|Energy Ball|p2a: Lil bro
|-resisted|p2a: Lil bro
|-damage|p2a: Lil bro|0 fnt
|faint|p2a: Lil bro
|
|upkeep
|
|t:|1779670653
|switch|p2a: Big bro|Gengar, F|100/100
|turn|6
|
|t:|1779670660
|move|p2a: Big bro|Shadow Ball|p1a: Glimmora
|-damage|p1a: Glimmora|0 fnt
|faint|p1a: Glimmora
|
|upkeep
|
|t:|1779670667
|switch|p1a: Deoxys|Deoxys-Speed|100/100
|-ability|p1a: Deoxys|Pressure
|turn|7
|
|t:|1779670678
|move|p2a: Big bro|Shadow Ball|p1a: Deoxys
|-supereffective|p1a: Deoxys
|-damage|p1a: Deoxys|0 fnt
|faint|p1a: Deoxys
|
|upkeep
|
|t:|1779670686
|switch|p1a: Iron Moth|Iron Moth|100/100
|-enditem|p1a: Iron Moth|Booster Energy
|-activate|p1a: Iron Moth|ability: Quark Drive|[fromitem]
|-start|p1a: Iron Moth|quarkdrivespa
|turn|8
|
|t:|1779670695
|move|p2a: Big bro|Shadow Ball|p1a: Iron Moth
|-damage|p1a: Iron Moth|50/100
|move|p1a: Iron Moth|Psychic|p2a: Big bro
|-supereffective|p2a: Big bro
|-damage|p2a: Big bro|0 fnt
|faint|p2a: Big bro
|
|upkeep
|
|t:|1779670705
|switch|p2a: Dragonite|Dragonite, M|100/100
|turn|9
|
|t:|1779670709
|move|p1a: Iron Moth|Dazzling Gleam|p2a: Dragonite
|-supereffective|p2a: Dragonite
|-damage|p2a: Dragonite|59/100
|move|p2a: Dragonite|Earthquake|p1a: Iron Moth
|-supereffective|p1a: Iron Moth
|-damage|p1a: Iron Moth|0 fnt
|faint|p1a: Iron Moth
|-end|p1a: Iron Moth|Quark Drive|[silent]
|
|upkeep
|
|t:|1779670718
|switch|p1a: Umbreon|Umbreon, M, shiny|100/100
|turn|10
|
|t:|1779670722
|switch|p2a: Clefable|Clefable, F|100/100
|move|p1a: Umbreon|Toxic|p2a: Clefable
|-status|p2a: Clefable|tox
|
|upkeep
|turn|11
|
|t:|1779670729
|move|p1a: Umbreon|Wish|p1a: Umbreon
|move|p2a: Clefable|Thunder Wave||[still]
|-status|p1a: Umbreon|par
|-activate|p1a: Umbreon|ability: Synchronize
|-fail|p1a: Umbreon
|
|upkeep
|turn|12
|
|t:|1779670737
|move|p1a: Umbreon|Protect|p1a: Umbreon
|-singleturn|p1a: Umbreon|Protect
|move|p2a: Clefable|Calm Mind|p2a: Clefable
|-boost|p2a: Clefable|spa|1
|-boost|p2a: Clefable|spd|1
|
|upkeep
|turn|13
|
|t:|1779670747
|move|p2a: Clefable|Moonblast|p1a: Umbreon
|-supereffective|p1a: Umbreon
|-damage|p1a: Umbreon|34/100 par
|cant|p1a: Umbreon|par
|
|-heal|p1a: Umbreon|40/100 par|[from] item: Leftovers
|upkeep
|turn|14
|
|t:|1779670756
|cant|p1a: Umbreon|par
|move|p2a: Clefable|Calm Mind|p2a: Clefable
|-boost|p2a: Clefable|spa|1
|-boost|p2a: Clefable|spd|1
|
|-heal|p1a: Umbreon|46/100 par|[from] item: Leftovers
|upkeep
|turn|15
|
|t:|1779670764
|move|p2a: Clefable|Moonblast|p1a: Umbreon
|-supereffective|p1a: Umbreon
|-damage|p1a: Umbreon|0 fnt
|faint|p1a: Umbreon
|
|upkeep
|
|t:|1779670772
|switch|p1a: Dragonite|Dragonite, F|100/100
|turn|16
|
|t:|1779670776
|-terastallize|p1a: Dragonite|Steel
|move|p1a: Dragonite|Dragon Dance|p1a: Dragonite
|-boost|p1a: Dragonite|atk|1
|-boost|p1a: Dragonite|spe|1
|move|p2a: Clefable|Moonblast|p1a: Dragonite
|-resisted|p1a: Dragonite
|-damage|p1a: Dragonite|85/100
|-unboost|p1a: Dragonite|spa|1
|
|upkeep
|turn|17
|
|t:|1779670790
|move|p1a: Dragonite|Air Slash|p2a: Clefable
|-damage|p2a: Clefable|95/100 tox
|move|p2a: Clefable|Thunder Wave|p1a: Dragonite|[miss]
|-miss|p2a: Clefable|p1a: Dragonite
|
|-heal|p2a: Clefable|100/100 tox|[from] item: Leftovers
|upkeep
|turn|18
|
|t:|1779670798
|move|p1a: Dragonite|Air Slash|p2a: Clefable
|-damage|p2a: Clefable|96/100 tox
|move|p2a: Clefable|Thunder Wave|p1a: Dragonite
|-status|p1a: Dragonite|par
|
|-heal|p2a: Clefable|100/100 tox|[from] item: Leftovers
|upkeep
|turn|19
|
|t:|1779670810
|switch|p2a: Moltres|Moltres|100/100
|cant|p1a: Dragonite|par
|
|upkeep
|turn|20
|
|t:|1779670817
|cant|p1a: Dragonite|par
|move|p2a: Moltres|Flamethrower|p1a: Dragonite
|-supereffective|p1a: Dragonite
|-crit|p1a: Dragonite
|-damage|p1a: Dragonite|0 fnt
|faint|p1a: Dragonite
|
|upkeep
|-message|xdrax7w7 forfeited.
|
|win|gvgvjvfcgv
|raw|xdrax7w7's rating: 1109 &rarr; <strong>1084</strong><br />(-25 for losing)
|raw|gvgvjvfcgv's rating: 1106 &rarr; <strong>1131</strong><br />(+25 for winning)
|l|☆xdrax7w7
|player|p1|
|l|☆gvgvjvfcgv
|player|p2|
