|j|☆Supa Dupa Hoopa
|j|☆RedemptiveSketch
|t:|1779627580
|gametype|singles
|player|p1|Supa Dupa Hoopa|101|1585
|player|p2|RedemptiveSketch|koga-lgpe|1590
|gen|9
|tier|[Gen 9] OU
|rated|
|rule|HP Percentage Mod: HP is shown in percentages
|rule|Endless Battle Clause: Forcing endless battles is banned
|rule|Species Clause: Limit one of each Pokémon
|rule|OHKO Clause: OHKO moves are banned
|rule|Evasion Items Clause: Evasion items are banned
|rule|Evasion Moves Clause: Evasion moves are banned
|rule|Evasion Abilities Clause: Evasion abilities are banned
|rule|Sleep Moves Clause: Sleep-inducing moves are banned
|clearpoke
|poke|p1|Serperior, F|
|poke|p1|Cinderace, F|
|poke|p1|Corviknight, F|
|poke|p1|Alomomola, F|
|poke|p1|Ditto|
|poke|p1|Toxtricity-Low-Key, M|
|poke|p2|Ceruledge, F|
|poke|p2|Araquanid, M|
|poke|p2|Gholdengo|
|poke|p2|Iron Treads|
|poke|p2|Dragonite, M|
|poke|p2|Iron Valiant|
|teampreview
|inactive|Battle timer is ON: inactive players will automatically lose when time's up. (requested by RedemptiveSketch)
|
|t:|1779627599
|teamsize|p1|6
|teamsize|p2|6
|start
|switch|p1a: ANOTHER ONE|Toxtricity-Low-Key, M|100/100
|switch|p2a: Araquanid|Araquanid, M|100/100
|turn|1
|
|t:|1779627607
|move|p1a: ANOTHER ONE|Discharge|p2a: Araquanid
|-supereffective|p2a: Araquanid
|-damage|p2a: Araquanid|17/100
|move|p2a: Araquanid|Surf|p1a: ANOTHER ONE
|-damage|p1a: ANOTHER ONE|16/100
|
|upkeep
|turn|2
|j| dr6ke
|-enditem|p2a: Araquanid|Custap Berry|[eat]
|-activate|p2a: Araquanid|item: Custap Berry|[consumed]
|
|t:|1779627622
|move|p2a: Araquanid|Surf|p1a: ANOTHER ONE
|-damage|p1a: ANOTHER ONE|0 fnt
|faint|p1a: ANOTHER ONE
|
|upkeep
|
|t:|1779627630
|switch|p1a: What RU|Serperior, F|100/100
|turn|3
|
|t:|1779627637
|move|p1a: What RU|Leaf Storm|p2a: Araquanid
|-damage|p2a: Araquanid|0 fnt
|-boost|p1a: What RU|spa|2
|faint|p2a: Araquanid
|
|upkeep
|
|t:|1779627640
|switch|p2a: Ceruledge|Ceruledge, F|100/100
|turn|4
|
|t:|1779627645
|move|p1a: What RU|Glare|p2a: Ceruledge
|-status|p2a: Ceruledge|par
|move|p2a: Ceruledge|Bitter Blade|p1a: What RU
|-supereffective|p1a: What RU
|-damage|p1a: What RU|0 fnt
|faint|p1a: What RU
|
|upkeep
|
|t:|1779627658
|switch|p1a: Spongebob|Alomomola, F|100/100
|turn|5
|
|t:|1779627666
|move|p2a: Ceruledge|Swords Dance|p2a: Ceruledge
|-boost|p2a: Ceruledge|atk|2
|move|p1a: Spongebob|Flip Turn|p2a: Ceruledge
|-supereffective|p2a: Ceruledge
|-damage|p2a: Ceruledge|54/100 par
|-ability|p2a: Ceruledge|Weak Armor|boost
|-unboost|p2a: Ceruledge|def|1
|-boost|p2a: Ceruledge|spe|2
|
|t:|1779627677
|switch|p1a: Mew1.5|Ditto|100/100|[from] Flip Turn
|-transform|p1a: Mew1.5|p2a: Ceruledge|[from] ability: Imposter
|
|upkeep
|turn|6
|
|t:|1779627684
|move|p1a: Mew1.5|Shadow Sneak|p2a: Ceruledge
|-supereffective|p2a: Ceruledge
|-damage|p2a: Ceruledge|0 fnt
|faint|p2a: Ceruledge
|
|upkeep
|
|t:|1779627699
|switch|p2a: Dragonite|Dragonite, M|100/100
|turn|7
|
|t:|1779627707
|switch|p1a: Skarmory-M|Corviknight, F|100/100
|-ability|p1a: Skarmory-M|Pressure
|move|p2a: Dragonite|Dragon Dance|p2a: Dragonite
|-boost|p2a: Dragonite|atk|1
|-boost|p2a: Dragonite|spe|1
|
|upkeep
|turn|8
|
|t:|1779627713
|move|p2a: Dragonite|Dragon Dance|p2a: Dragonite
|-boost|p2a: Dragonite|atk|1
|-boost|p2a: Dragonite|spe|1
|move|p1a: Skarmory-M|Body Press|p2a: Dragonite
|-resisted|p2a: Dragonite
|-damage|p2a: Dragonite|93/100
|
|upkeep
|turn|9
|
|t:|1779627720
|move|p2a: Dragonite|Encore|p1a: Skarmory-M
|-start|p1a: Skarmory-M|Encore
|move|p1a: Skarmory-M|Body Press|p2a: Dragonite
|-resisted|p2a: Dragonite
|-damage|p2a: Dragonite|78/100
|
|upkeep
|turn|10
|
|t:|1779627726
|switch|p1a: Spongebob|Alomomola, F|100/100
|move|p2a: Dragonite|Dragon Dance|p2a: Dragonite
|-boost|p2a: Dragonite|atk|1
|-boost|p2a: Dragonite|spe|1
|
|upkeep
|turn|11
|
|t:|1779627731
|move|p2a: Dragonite|Scale Shot|p1a: Spongebob
|-damage|p1a: Spongebob|72/100
|-damage|p1a: Spongebob|43/100
|-crit|p1a: Spongebob
|-damage|p1a: Spongebob|1/100
|-damage|p1a: Spongebob|0 fnt
|faint|p1a: Spongebob
|-hitcount|p1: Spongebob|4
|-unboost|p2a: Dragonite|def|1
|-boost|p2a: Dragonite|spe|1
|
|upkeep
|
|t:|1779627743
|switch|p1a: Mew1.5|Ditto|100/100
|-transform|p1a: Mew1.5|p2a: Dragonite|[from] ability: Imposter
|turn|12
|inactive|Supa Dupa Hoopa has 120 seconds left.
|inactive|Supa Dupa Hoopa has 90 seconds left.
|inactive|Supa Dupa Hoopa has 60 seconds left.
|
|t:|1779627836
|switch|p2a: Iron Treads|Iron Treads|100/100
|-enditem|p2a: Iron Treads|Booster Energy
|-activate|p2a: Iron Treads|ability: Quark Drive|[fromitem]
|-start|p2a: Iron Treads|quarkdriveatk
|move|p1a: Mew1.5|Scale Shot|p2a: Iron Treads
|-resisted|p2a: Iron Treads
|-damage|p2a: Iron Treads|83/100
|-resisted|p2a: Iron Treads
|-damage|p2a: Iron Treads|68/100
|-resisted|p2a: Iron Treads
|-damage|p2a: Iron Treads|50/100
|-hitcount|p2a: Iron Treads|3
|-unboost|p1a: Mew1.5|def|1
|-boost|p1a: Mew1.5|spe|1
|
|upkeep
|turn|13
|inactive|Supa Dupa Hoopa has 60 seconds left.
|
|t:|1779627865
|-end|p2a: Iron Treads|Quark Drive|[silent]
|switch|p2a: Iron Valiant|Iron Valiant|100/100
|-enditem|p2a: Iron Valiant|Booster Energy
|-activate|p2a: Iron Valiant|ability: Quark Drive|[fromitem]
|-start|p2a: Iron Valiant|quarkdrivespa
|move|p1a: Mew1.5|Scale Shot|p2a: Iron Valiant
|-immune|p2a: Iron Valiant
|
|upkeep
|turn|14
|
|t:|1779627874
|switch|p1a: Skarmory-M|Corviknight, F|100/100
|-ability|p1a: Skarmory-M|Pressure
|move|p2a: Iron Valiant|Calm Mind|p2a: Iron Valiant
|-boost|p2a: Iron Valiant|spa|1
|-boost|p2a: Iron Valiant|spd|1
|
|upkeep
|turn|15
|inactive|Supa Dupa Hoopa has 60 seconds left.
|
|t:|1779627893
|switch|p1a: CinderMiss|Cinderace, F|100/100
|move|p2a: Iron Valiant|Shadow Ball|p1a: CinderMiss
|-damage|p1a: CinderMiss|15/100
|
|upkeep
|turn|16
|inactive|Supa Dupa Hoopa has 60 seconds left.
|
|t:|1779627906
|move|p2a: Iron Valiant|Vacuum Wave|p1a: CinderMiss
|-damage|p1a: CinderMiss|0 fnt
|faint|p1a: CinderMiss
|
|upkeep
|
|t:|1779627910
|switch|p1a: Mew1.5|Ditto|100/100
|-transform|p1a: Mew1.5|p2a: Iron Valiant|[from] ability: Imposter
|turn|17
|
|t:|1779627918
|-terastallize|p2a: Iron Valiant|Ghost
|move|p1a: Mew1.5|Moonblast|p2a: Iron Valiant
|-damage|p2a: Iron Valiant|9/100
|move|p2a: Iron Valiant|Moonblast|p1a: Mew1.5
|-supereffective|p1a: Mew1.5
|-damage|p1a: Mew1.5|0 fnt
|faint|p1a: Mew1.5
|-end|p1a: Mew1.5|Quark Drive|[silent]
|
|upkeep
|j| yuureisuisei
|c|☆RedemptiveSketch|gg
|c|☆Supa Dupa Hoopa|gg
|-message|Supa Dupa Hoopa forfeited.
|
|win|RedemptiveSketch
|raw|Supa Dupa Hoopa's rating: 1585 &rarr; <strong>1565</strong><br />(-20 for losing)
|raw|RedemptiveSketch's rating: 1590 &rarr; <strong>1610</strong><br />(+20 for winning)
|l|☆Supa Dupa Hoopa
|player|p1|
|l|☆RedemptiveSketch
|player|p2|
|l| dr6ke
|l| yuureisuisei
