|j|☆accidentalrabies
|j|☆MasterJarJam
|t:|1779684970
|gametype|singles
|player|p1|accidentalrabies|cynthia-gen4|1092
|player|p2|MasterJarJam|nate|1151
|gen|9
|tier|[Gen 9] OU
|rated|
|rule|HP Percentage Mod: HP is shown in percentages
|rule|Endless Battle Clause: Forcing endless battles is banned
|rule|Species Clause: Limit one of each Pokémon
|rule|OHKO Clause: OHKO moves are banned
|rule|Evasion Items Clause: Evasion items are banned
|rule|Evasion Moves Clause: Evasion moves are banned
|rule|Evasion Abilities Clause: Evasion abilities are banned
|rule|Sleep Moves Clause: Sleep-inducing moves are banned
|clearpoke
|poke|p1|Tyranitar, M|
|poke|p1|Excadrill, F|
|poke|p1|Samurott-Hisui, F|
|poke|p1|Rotom-Wash|
|poke|p1|Gliscor, F|
|poke|p1|Goodra-Hisui, M|
|poke|p2|Gholdengo|
|poke|p2|Great Tusk|
|poke|p2|Kyurem|
|poke|p2|Iron Valiant|
|poke|p2|Glimmora, M|
|poke|p2|Clodsire, F|
|teampreview
|
|t:|1779684976
|teamsize|p1|6
|teamsize|p2|6
|start
|switch|p1a: Gliscor|Gliscor, F|100/100
|switch|p2a: Glimmora|Glimmora, M|100/100
|turn|1
|
|t:|1779684987
|move|p1a: Gliscor|Earthquake|p2a: Glimmora
|-supereffective|p2a: Glimmora
|-enditem|p2a: Glimmora|Focus Sash
|-damage|p2a: Glimmora|1/100
|-activate|p2a: Glimmora|ability: Toxic Debris
|-sidestart|p1: accidentalrabies|move: Toxic Spikes
|move|p2a: Glimmora|Stealth Rock|p1a: Gliscor
|-sidestart|p1: accidentalrabies|move: Stealth Rock
|
|-status|p1a: Gliscor|tox|[from] item: Toxic Orb
|upkeep
|turn|2
|inactive|Battle timer is ON: inactive players will automatically lose when time's up. (requested by accidentalrabies)
|
|t:|1779685023
|move|p1a: Gliscor|Stealth Rock|p2a: Glimmora
|-sidestart|p2: MasterJarJam|move: Stealth Rock
|move|p2a: Glimmora|Energy Ball|p1a: Gliscor
|-damage|p1a: Gliscor|74/100 tox
|
|-heal|p1a: Gliscor|86/100 tox|[from] ability: Poison Heal
|upkeep
|turn|3
|
|t:|1779685036
|switch|p1a: Excadrill|Excadrill, F|100/100
|move|p2a: Glimmora|Meteor Beam||[still]
|-prepare|p2a: Glimmora|Meteor Beam
|-boost|p2a: Glimmora|spa|1
|
|upkeep
|turn|4
|
|t:|1779685043
|move|p1a: Excadrill|Rapid Spin|p2a: Glimmora
|-resisted|p2a: Glimmora
|-damage|p2a: Glimmora|0 fnt
|-boost|p1a: Excadrill|spe|1
|-activate|p2a: Glimmora|ability: Toxic Debris
|-sidestart|p1: accidentalrabies|move: Toxic Spikes
|-sideend|p1: accidentalrabies|Toxic Spikes|[from] move: Rapid Spin|[of] p1a: Excadrill
|-sideend|p1: accidentalrabies|Stealth Rock|[from] move: Rapid Spin|[of] p1a: Excadrill
|faint|p2a: Glimmora
|
|upkeep
|
|t:|1779685051
|switch|p2a: Great Tusk|Great Tusk|100/100
|turn|5
|
|t:|1779685061
|move|p1a: Excadrill|Swords Dance|p1a: Excadrill
|-boost|p1a: Excadrill|atk|2
|move|p2a: Great Tusk|Rapid Spin|p1a: Excadrill
|-resisted|p1a: Excadrill
|-damage|p1a: Excadrill|89/100
|-boost|p2a: Great Tusk|spe|1
|-sideend|p2: MasterJarJam|Stealth Rock|[from] move: Rapid Spin|[of] p2a: Great Tusk
|
|upkeep
|turn|6
|
|t:|1779685069
|move|p1a: Excadrill|Earthquake|p2a: Great Tusk
|-damage|p2a: Great Tusk|36/100
|move|p2a: Great Tusk|Headlong Rush|p1a: Excadrill
|-supereffective|p1a: Excadrill
|-damage|p1a: Excadrill|0 fnt
|-unboost|p2a: Great Tusk|def|1
|-unboost|p2a: Great Tusk|spd|1
|faint|p1a: Excadrill
|
|upkeep
|
|t:|1779685080
|switch|p1a: Gliscor|Gliscor, F|86/100 tox
|turn|7
|
|t:|1779685091
|-end|p2a: Great Tusk|Protosynthesis|[silent]
|switch|p2a: Gholdengo|Gholdengo|100/100
|move|p1a: Gliscor|Protect||[still]
|-fail|p1a: Gliscor
|
|-heal|p1a: Gliscor|99/100 tox|[from] ability: Poison Heal
|upkeep
|turn|8
|
|t:|1779685102
|move|p1a: Gliscor|Stealth Rock|p2a: Gholdengo
|-sidestart|p2: MasterJarJam|move: Stealth Rock
|move|p2a: Gholdengo|Make It Rain|p1a: Gliscor
|-damage|p1a: Gliscor|19/100 tox
|-unboost|p2a: Gholdengo|spa|1
|
|-heal|p1a: Gliscor|31/100 tox|[from] ability: Poison Heal
|upkeep
|turn|9
|
|t:|1779685119
|switch|p1a: Goodra|Goodra-Hisui, M|100/100
|switch|p2a: Kyurem|Kyurem|100/100
|-damage|p2a: Kyurem|76/100|[from] Stealth Rock
|-ability|p2a: Kyurem|Pressure
|
|upkeep
|turn|10
|
|t:|1779685134
|-terastallize|p2a: Kyurem|Ice
|move|p2a: Kyurem|Dragon Dance|p2a: Kyurem
|-boost|p2a: Kyurem|atk|1
|-boost|p2a: Kyurem|spe|1
|move|p1a: Goodra|Draco Meteor|p2a: Kyurem
|-damage|p2a: Kyurem|23/100
|-unboost|p1a: Goodra|spa|2
|
|upkeep
|turn|11
|
|t:|1779685150
|move|p2a: Kyurem|Icicle Spear|p1a: Goodra
|-damage|p1a: Goodra|74/100
|-damage|p1a: Goodra|47/100
|-damage|p1a: Goodra|19/100
|-damage|p1a: Goodra|0 fnt
|faint|p1a: Goodra
|-hitcount|p1: Goodra|4
|
|upkeep
|
|t:|1779685157
|switch|p1a: Tyranitar|Tyranitar, M|100/100
|-weather|Sandstorm|[from] ability: Sand Stream|[of] p1a: Tyranitar
|turn|12
|
|t:|1779685178
|move|p2a: Kyurem|Icicle Spear|p1a: Tyranitar
|-damage|p1a: Tyranitar|74/100
|-damage|p1a: Tyranitar|47/100
|-damage|p1a: Tyranitar|21/100
|-damage|p1a: Tyranitar|0 fnt
|faint|p1a: Tyranitar
|-hitcount|p1: Tyranitar|4
|
|-weather|Sandstorm|[upkeep]
|-damage|p2a: Kyurem|16/100|[from] Sandstorm
|upkeep
|
|t:|1779685183
|switch|p1a: Gliscor|Gliscor, F|31/100 tox
|turn|13
|
|t:|1779685189
|move|p1a: Gliscor|Protect|p1a: Gliscor
|-singleturn|p1a: Gliscor|Protect
|move|p2a: Kyurem|Icicle Spear|p1a: Gliscor
|-activate|p1a: Gliscor|move: Protect
|
|-weather|Sandstorm|[upkeep]
|-damage|p2a: Kyurem|10/100|[from] Sandstorm
|-heal|p1a: Gliscor|44/100 tox|[from] ability: Poison Heal
|upkeep
|turn|14
|
|t:|1779685210
|switch|p1a: Rotom|Rotom-Wash|100/100
|move|p2a: Kyurem|Icicle Spear|p1a: Rotom
|-resisted|p1a: Rotom
|-damage|p1a: Rotom|88/100
|-resisted|p1a: Rotom
|-damage|p1a: Rotom|75/100
|-resisted|p1a: Rotom
|-damage|p1a: Rotom|63/100
|-resisted|p1a: Rotom
|-damage|p1a: Rotom|52/100
|-hitcount|p1a: Rotom|4
|
|-weather|Sandstorm|[upkeep]
|-damage|p2a: Kyurem|4/100|[from] Sandstorm
|-damage|p1a: Rotom|46/100|[from] Sandstorm
|-heal|p1a: Rotom|52/100|[from] item: Leftovers
|upkeep
|turn|15
|
|t:|1779685228
|move|p2a: Kyurem|Icicle Spear|p1a: Rotom
|-resisted|p1a: Rotom
|-damage|p1a: Rotom|40/100
|-resisted|p1a: Rotom
|-damage|p1a: Rotom|27/100
|-resisted|p1a: Rotom
|-damage|p1a: Rotom|15/100
|-resisted|p1a: Rotom
|-crit|p1a: Rotom
|-damage|p1a: Rotom|0 fnt
|faint|p1a: Rotom
|-hitcount|p1: Rotom|4
|
|-weather|Sandstorm|[upkeep]
|-damage|p2a: Kyurem|0 fnt|[from] Sandstorm
|faint|p2a: Kyurem
|upkeep
|inactive|MasterJarJam has 120 seconds left.
|
|t:|1779685248
|switch|p2a: Great Tusk|Great Tusk|36/100
|switch|p1a: Samurott|Samurott-Hisui, F|100/100
|turn|16
|
|t:|1779685258
|-terastallize|p1a: Samurott|Water
|move|p1a: Samurott|Aqua Jet|p2a: Great Tusk
|-supereffective|p2a: Great Tusk
|-crit|p2a: Great Tusk
|-damage|p2a: Great Tusk|0 fnt
|faint|p2a: Great Tusk
|-end|p2a: Great Tusk|Protosynthesis|[silent]
|
|-weather|none
|upkeep
|inactive|MasterJarJam has 120 seconds left.
|
|t:|1779685273
|switch|p2a: Iron Valiant|Iron Valiant|100/100
|-damage|p2a: Iron Valiant|94/100|[from] Stealth Rock
|-enditem|p2a: Iron Valiant|Booster Energy
|-activate|p2a: Iron Valiant|ability: Quark Drive|[fromitem]
|-start|p2a: Iron Valiant|quarkdrivespe
|turn|17
|
|t:|1779685281
|switch|p1a: Gliscor|Gliscor, F|44/100 tox
|move|p2a: Iron Valiant|Thunderbolt|p1a: Gliscor
|-immune|p1a: Gliscor
|
|-heal|p1a: Gliscor|56/100 tox|[from] ability: Poison Heal
|upkeep
|turn|18
|
|t:|1779685291
|move|p2a: Iron Valiant|Moonblast|p1a: Gliscor
|-crit|p1a: Gliscor
|-damage|p1a: Gliscor|2/100 tox
|move|p1a: Gliscor|Earthquake|p2a: Iron Valiant
|-damage|p2a: Iron Valiant|53/100
|
|-heal|p1a: Gliscor|14/100 tox|[from] ability: Poison Heal
|upkeep
|turn|19
|
|t:|1779685301
|move|p1a: Gliscor|Protect|p1a: Gliscor
|-singleturn|p1a: Gliscor|Protect
|move|p2a: Iron Valiant|Moonblast|p1a: Gliscor
|-activate|p1a: Gliscor|move: Protect
|
|-heal|p1a: Gliscor|27/100 tox|[from] ability: Poison Heal
|upkeep
|turn|20
|
|t:|1779685320
|move|p2a: Iron Valiant|Moonblast|p1a: Gliscor
|-damage|p1a: Gliscor|0 fnt
|faint|p1a: Gliscor
|
|upkeep
|
|t:|1779685322
|switch|p1a: Samurott|Samurott-Hisui, F, tera:Water|100/100
|turn|21
|
|t:|1779685329
|move|p2a: Iron Valiant|Thunderbolt|p1a: Samurott
|-supereffective|p1a: Samurott
|-damage|p1a: Samurott|12/100
|move|p1a: Samurott|Razor Shell|p2a: Iron Valiant
|-damage|p2a: Iron Valiant|0 fnt
|faint|p2a: Iron Valiant
|-end|p2a: Iron Valiant|Quark Drive|[silent]
|
|upkeep
|
|t:|1779685340
|switch|p2a: Clodsire|Clodsire, F|100/100
|-damage|p2a: Clodsire|94/100|[from] Stealth Rock
|turn|22
|
|t:|1779685344
|move|p1a: Samurott|Razor Shell|p2a: Clodsire
|-supereffective|p2a: Clodsire
|-damage|p2a: Clodsire|0 fnt
|faint|p2a: Clodsire
|
|upkeep
|
|t:|1779685350
|switch|p2a: Gholdengo|Gholdengo|100/100
|-damage|p2a: Gholdengo|94/100|[from] Stealth Rock
|turn|23
|
|t:|1779685355
|move|p1a: Samurott|Razor Shell|p2a: Gholdengo
|-damage|p2a: Gholdengo|22/100
|move|p2a: Gholdengo|Thunderbolt|p1a: Samurott
|-supereffective|p1a: Samurott
|-damage|p1a: Samurott|0 fnt
|faint|p1a: Samurott
|
|win|MasterJarJam
|raw|accidentalrabies's rating: 1092 &rarr; <strong>1072</strong><br />(-20 for losing)
|raw|MasterJarJam's rating: 1151 &rarr; <strong>1172</strong><br />(+21 for winning)
|l|☆MasterJarJam
|player|p2|
