|j|☆TechBuster
|j|☆RobustLoki
|t:|1779645114
|gametype|singles
|player|p1|TechBuster|101|1623
|player|p2|RobustLoki|lance|1648
|gen|9
|tier|[Gen 9] OU
|rated|
|rule|HP Percentage Mod: HP is shown in percentages
|rule|Endless Battle Clause: Forcing endless battles is banned
|rule|Species Clause: Limit one of each Pokémon
|rule|OHKO Clause: OHKO moves are banned
|rule|Evasion Items Clause: Evasion items are banned
|rule|Evasion Moves Clause: Evasion moves are banned
|rule|Evasion Abilities Clause: Evasion abilities are banned
|rule|Sleep Moves Clause: Sleep-inducing moves are banned
|clearpoke
|poke|p1|Regieleki|
|poke|p1|Slowking-Galar, M|
|poke|p1|Zapdos|
|poke|p1|Ogerpon-Wellspring, F|
|poke|p1|Kingambit, M|
|poke|p1|Garchomp, F|
|poke|p2|Ninetales-Alola, M|
|poke|p2|Ceruledge, F|
|poke|p2|Gliscor, F|
|poke|p2|Hatterene, F|
|poke|p2|Farigiraf, M|
|poke|p2|Ditto|
|teampreview
|
|t:|1779645150
|teamsize|p1|6
|teamsize|p2|6
|start
|switch|p1a: Slowking|Slowking-Galar, M|100/100
|switch|p2a: Ninetales|Ninetales-Alola, M|100/100
|-weather|Snowscape|[from] ability: Snow Warning|[of] p2a: Ninetales
|turn|1
|
|t:|1779645177
|move|p2a: Ninetales|Aurora Veil|p2a: Ninetales
|-sidestart|p2: RobustLoki|move: Aurora Veil
|move|p1a: Slowking|Sludge Bomb|p2a: Ninetales
|-supereffective|p2a: Ninetales
|-damage|p2a: Ninetales|64/100
|-status|p2a: Ninetales|psn
|
|-weather|Snowscape|[upkeep]
|-damage|p2a: Ninetales|52/100 psn|[from] psn
|upkeep
|turn|2
|
|t:|1779645188
|switch|p2a: Gliscor|Gliscor, F|100/100
|-prepare|p1a: Slowking|Chilly Reception|[premajor]
|move|p1a: Slowking|Chilly Reception|p1a: Slowking
|j| Little Cuack
|
|t:|1779645195
|switch|p1a: Ogerpon|Ogerpon-Wellspring, F|100/100|[from] Chilly Reception
|
|-weather|Snowscape|[upkeep]
|-status|p2a: Gliscor|tox|[from] item: Toxic Orb
|upkeep
|turn|3
|j| kanaete onegai
|
|t:|1779645206
|-terastallize|p2a: Gliscor|Normal
|move|p1a: Ogerpon|Ivy Cudgel|p2a: Gliscor|[anim] Ivy Cudgel Water
|-damage|p2a: Gliscor|74/100 tox
|move|p2a: Gliscor|Agility|p2a: Gliscor
|-boost|p2a: Gliscor|spe|2
|
|-weather|Snowscape|[upkeep]
|-heal|p2a: Gliscor|86/100 tox|[from] ability: Poison Heal
|upkeep
|turn|4
|
|t:|1779645212
|move|p2a: Gliscor|Swords Dance|p2a: Gliscor
|-boost|p2a: Gliscor|atk|2
|move|p1a: Ogerpon|Encore|p2a: Gliscor
|-start|p2a: Gliscor|Encore
|
|-weather|Snowscape|[upkeep]
|-heal|p2a: Gliscor|99/100 tox|[from] ability: Poison Heal
|upkeep
|turn|5
|
|t:|1779645217
|move|p2a: Gliscor|Swords Dance|p2a: Gliscor
|-boost|p2a: Gliscor|atk|2
|move|p1a: Ogerpon|U-turn|p2a: Gliscor
|-damage|p2a: Gliscor|86/100 tox
|
|t:|1779645219
|switch|p1a: Garchomp|Garchomp, F|100/100|[from] U-turn
|
|-weather|none
|-heal|p2a: Gliscor|99/100 tox|[from] ability: Poison Heal
|upkeep
|turn|6
|
|t:|1779645222
|switch|p2a: Hatterene|Hatterene, F|100/100
|move|p1a: Garchomp|Dragon Tail|p2a: Hatterene
|-immune|p2a: Hatterene
|
|upkeep
|turn|7
|
|t:|1779645227
|switch|p1a: Slowking|Slowking-Galar, M|100/100
|move|p2a: Hatterene|Calm Mind|p2a: Hatterene
|-boost|p2a: Hatterene|spa|1
|-boost|p2a: Hatterene|spd|1
|
|upkeep
|turn|8
|
|t:|1779645238
|move|p2a: Hatterene|Calm Mind|p2a: Hatterene
|-boost|p2a: Hatterene|spa|1
|-boost|p2a: Hatterene|spd|1
|move|p1a: Slowking|Sludge Bomb|p2a: Hatterene
|-supereffective|p2a: Hatterene
|-damage|p2a: Hatterene|84/100
|
|-heal|p2a: Hatterene|90/100|[from] item: Leftovers
|-sideend|p2: RobustLoki|move: Aurora Veil
|upkeep
|turn|9
|
|t:|1779645253
|move|p2a: Hatterene|Psyshock|p1a: Slowking
|-crit|p1a: Slowking
|-damage|p1a: Slowking|0 fnt
|faint|p1a: Slowking
|
|-heal|p2a: Hatterene|96/100|[from] item: Leftovers
|upkeep
|
|t:|1779645258
|switch|p1a: Ogerpon|Ogerpon-Wellspring, F|100/100
|turn|10
|
|t:|1779645262
|move|p1a: Ogerpon|Ivy Cudgel|p2a: Hatterene|[anim] Ivy Cudgel Water
|-damage|p2a: Hatterene|45/100
|move|p2a: Hatterene|Psyshock|p1a: Ogerpon
|-damage|p1a: Ogerpon|13/100
|
|-heal|p2a: Hatterene|51/100|[from] item: Leftovers
|upkeep
|turn|11
|
|t:|1779645267
|move|p1a: Ogerpon|Ivy Cudgel|p2a: Hatterene|[anim] Ivy Cudgel Water
|-damage|p2a: Hatterene|0 fnt
|faint|p2a: Hatterene
|
|upkeep
|
|t:|1779645275
|switch|p2a: Idle Death Gamble|Farigiraf, M|100/100
|turn|12
|
|t:|1779645278
|move|p1a: Ogerpon|U-turn|p2a: Idle Death Gamble
|-supereffective|p2a: Idle Death Gamble
|-damage|p2a: Idle Death Gamble|27/100
|-enditem|p2a: Idle Death Gamble|Weakness Policy
|-boost|p2a: Idle Death Gamble|atk|2|[from] item: Weakness Policy
|-boost|p2a: Idle Death Gamble|spa|2|[from] item: Weakness Policy
|
|t:|1779645283
|switch|p1a: Kingambit|Kingambit, M|100/100|[from] U-turn
|-activate|p1a: Kingambit|ability: Supreme Overlord
|-start|p1a: Kingambit|fallen1|[silent]
|move|p2a: Idle Death Gamble|Agility|p2a: Idle Death Gamble
|-boost|p2a: Idle Death Gamble|spe|2
|
|upkeep
|turn|13
|
|t:|1779645291
|move|p2a: Idle Death Gamble|Dazzling Gleam|p1a: Kingambit
|-damage|p1a: Kingambit|46/100
|move|p1a: Kingambit|Kowtow Cleave|p2a: Idle Death Gamble
|-supereffective|p2a: Idle Death Gamble
|-damage|p2a: Idle Death Gamble|0 fnt
|faint|p2a: Idle Death Gamble
|
|-heal|p1a: Kingambit|52/100|[from] item: Leftovers
|upkeep
|
|t:|1779645296
|switch|p2a: Ninetales|Ninetales-Alola, M|52/100 psn
|-weather|Snowscape|[from] ability: Snow Warning|[of] p2a: Ninetales
|turn|14
|
|t:|1779645301
|move|p2a: Ninetales|Aurora Veil|p2a: Ninetales
|-sidestart|p2: RobustLoki|move: Aurora Veil
|move|p1a: Kingambit|Kowtow Cleave|p2a: Ninetales
|-resisted|p2a: Ninetales
|-damage|p2a: Ninetales|40/100 psn
|
|-weather|Snowscape|[upkeep]
|-heal|p1a: Kingambit|59/100|[from] item: Leftovers
|-damage|p2a: Ninetales|28/100 psn|[from] psn
|upkeep
|turn|15
|
|t:|1779645310
|move|p2a: Ninetales|Encore|p1a: Kingambit
|-start|p1a: Kingambit|Encore
|move|p1a: Kingambit|Kowtow Cleave|p2a: Ninetales
|-resisted|p2a: Ninetales
|-damage|p2a: Ninetales|16/100 psn
|
|-weather|Snowscape|[upkeep]
|-heal|p1a: Kingambit|65/100|[from] item: Leftovers
|-damage|p2a: Ninetales|4/100 psn|[from] psn
|upkeep
|turn|16
|
|t:|1779645317
|-end|p1a: Kingambit|fallen1|[silent]
|switch|p1a: Electrode Sr.|Regieleki|100/100
|move|p2a: Ninetales|Freeze-Dry|p1a: Electrode Sr.
|-damage|p1a: Electrode Sr.|58/100
|-status|p1a: Electrode Sr.|frz
|
|-weather|Snowscape|[upkeep]
|-damage|p2a: Ninetales|0 fnt|[from] psn
|faint|p2a: Ninetales
|upkeep
|
|t:|1779645322
|switch|p2a: Gliscor|Gliscor, F, tera:Normal|99/100 tox
|turn|17
|
|t:|1779645326
|switch|p1a: Garchomp|Garchomp, F|100/100
|move|p2a: Gliscor|Agility|p2a: Gliscor
|-boost|p2a: Gliscor|spe|2
|
|-weather|Snowscape|[upkeep]
|-heal|p2a: Gliscor|100/100 tox|[from] ability: Poison Heal
|upkeep
|turn|18
|
|t:|1779645329
|move|p2a: Gliscor|Facade|p1a: Garchomp
|-damage|p1a: Garchomp|64/100
|-damage|p2a: Gliscor|88/100 tox|[from] ability: Rough Skin|[of] p1a: Garchomp
|-damage|p2a: Gliscor|72/100 tox|[from] item: Rocky Helmet|[of] p1a: Garchomp
|move|p1a: Garchomp|Dragon Tail|p2a: Gliscor
|-damage|p2a: Gliscor|60/100 tox
|drag|p2a: Ceruledge|Ceruledge, F|100/100
|
|-weather|none
|upkeep
|turn|19
|
|t:|1779645339
|switch|p2a: Ditto|Ditto|100/100
|-transform|p2a: Ditto|p1a: Garchomp|[from] ability: Imposter
|move|p1a: Garchomp|Dragon Tail|p2a: Ditto
|-supereffective|p2a: Ditto
|-damage|p2a: Ditto|75/100
|-damage|p1a: Garchomp|52/100|[from] ability: Rough Skin|[of] p2a: Ditto
|drag|p2a: Ceruledge|Ceruledge, F|100/100
|
|upkeep
|turn|20
|
|t:|1779645349
|move|p2a: Ceruledge|Shadow Sneak|p1a: Garchomp
|-damage|p1a: Garchomp|41/100
|-damage|p2a: Ceruledge|88/100|[from] ability: Rough Skin|[of] p1a: Garchomp
|-damage|p2a: Ceruledge|72/100|[from] item: Rocky Helmet|[of] p1a: Garchomp
|move|p1a: Garchomp|Earthquake|p2a: Ceruledge
|-supereffective|p2a: Ceruledge
|-damage|p2a: Ceruledge|21/100
|
|upkeep
|turn|21
|j| hattybatty304
|
|t:|1779645355
|move|p2a: Ceruledge|Shadow Sneak|p1a: Garchomp
|-damage|p1a: Garchomp|30/100
|-damage|p2a: Ceruledge|9/100|[from] ability: Rough Skin|[of] p1a: Garchomp
|-damage|p2a: Ceruledge|0 fnt|[from] item: Rocky Helmet|[of] p1a: Garchomp
|faint|p2a: Ceruledge
|move|p1a: Garchomp|Stealth Rock|p2: Ceruledge
|-sidestart|p2: RobustLoki|move: Stealth Rock
|
|-sideend|p2: RobustLoki|move: Aurora Veil
|upkeep
|
|t:|1779645360
|switch|p2a: Ditto|Ditto|75/100
|-damage|p2a: Ditto|63/100|[from] Stealth Rock
|-transform|p2a: Ditto|p1a: Garchomp|[from] ability: Imposter
|turn|22
|
|t:|1779645366
|move|p1a: Garchomp|Dragon Tail|p2a: Ditto
|-supereffective|p2a: Ditto
|-damage|p2a: Ditto|17/100
|-damage|p1a: Garchomp|18/100|[from] ability: Rough Skin|[of] p2a: Ditto
|drag|p2a: Gliscor|Gliscor, F, tera:Normal|60/100 tox
|-damage|p2a: Gliscor|48/100 tox|[from] Stealth Rock
|
|-heal|p2a: Gliscor|60/100 tox|[from] ability: Poison Heal
|upkeep
|turn|23
|
|t:|1779645374
|move|p2a: Gliscor|Earthquake|p1a: Garchomp
|-damage|p1a: Garchomp|0 fnt
|faint|p1a: Garchomp
|
|-heal|p2a: Gliscor|73/100 tox|[from] ability: Poison Heal
|upkeep
|
|t:|1779645382
|switch|p1a: Ogerpon|Ogerpon-Wellspring, F|13/100
|turn|24
|
|t:|1779645386
|switch|p2a: Ditto|Ditto|17/100
|-damage|p2a: Ditto|5/100|[from] Stealth Rock
|-transform|p2a: Ditto|p1a: Ogerpon|[from] ability: Imposter
|-terastallize|p1a: Ogerpon|Water
|detailschange|p1a: Ogerpon|Ogerpon-Wellspring-Tera, F, tera:Water
|-ability|p1a: Ogerpon|Embody Aspect (Wellspring)|boost
|-boost|p1a: Ogerpon|spd|1
|-enditem|p2a: Ditto|Mirror Herb
|-boost|p2a: Ditto|spd|1|[from] item: Mirror Herb
|move|p1a: Ogerpon|Ivy Cudgel|p2a: Ditto|[anim] Ivy Cudgel Water
|-heal|p2a: Ditto|30/100|[from] ability: Water Absorb|[of] p1a: Ogerpon
|
|upkeep
|turn|25
|
|t:|1779645400
|switch|p1a: Electrode Sr.|Regieleki|58/100 frz
|move|p2a: Ditto|Encore||[still]
|-fail|p2a: Ditto
|
|upkeep
|turn|26
|
|t:|1779645406
|cant|p1a: Electrode Sr.|frz
|move|p2a: Ditto|Ivy Cudgel|p1a: Electrode Sr.|[anim] Ivy Cudgel Water
|-crit|p1a: Electrode Sr.
|-damage|p1a: Electrode Sr.|0 fnt
|faint|p1a: Electrode Sr.
|
|upkeep
|
|t:|1779645410
|switch|p1a: Zapdos|Zapdos|100/100
|turn|27
|
|t:|1779645413
|move|p1a: Zapdos|Volt Switch|p2a: Ditto
|-damage|p2a: Ditto|3/100
|
|t:|1779645417
|switch|p1a: Ogerpon|Ogerpon-Wellspring-Tera, F, tera:Water|13/100|[from] Volt Switch
|-ability|p1a: Ogerpon|Embody Aspect (Wellspring)|boost
|-boost|p1a: Ogerpon|spd|1
|move|p2a: Ditto|Ivy Cudgel|p1a: Ogerpon|[anim] Ivy Cudgel Water
|-resisted|p1a: Ogerpon
|-damage|p1a: Ogerpon|0 fnt
|faint|p1a: Ogerpon
|detailschange|p1: Ogerpon|Ogerpon-Wellspring, F|[silent]
|
|upkeep
|
|t:|1779645418
|switch|p1a: Zapdos|Zapdos|100/100
|turn|28
|c|☆RobustLoki|mirror herb moment
|
|t:|1779645426
|move|p1a: Zapdos|Volt Switch|p2a: Ditto
|-damage|p2a: Ditto|0 fnt
|faint|p2a: Ditto
|
|t:|1779645427
|switch|p1a: Kingambit|Kingambit, M|65/100|[from] Volt Switch
|-activate|p1a: Kingambit|ability: Supreme Overlord
|-start|p1a: Kingambit|fallen4|[silent]
|
|-heal|p1a: Kingambit|71/100|[from] item: Leftovers
|upkeep
|
|t:|1779645430
|switch|p2a: Gliscor|Gliscor, F, tera:Normal|73/100 tox
|-damage|p2a: Gliscor|60/100 tox|[from] Stealth Rock
|turn|29
|
|t:|1779645433
|move|p2a: Gliscor|Agility|p2a: Gliscor
|-boost|p2a: Gliscor|spe|2
|move|p1a: Kingambit|Low Kick|p2a: Gliscor
|-supereffective|p2a: Gliscor
|-damage|p2a: Gliscor|9/100 tox
|
|-heal|p1a: Kingambit|77/100|[from] item: Leftovers
|-heal|p2a: Gliscor|22/100 tox|[from] ability: Poison Heal
|upkeep
|turn|30
|
|t:|1779645439
|move|p2a: Gliscor|Earthquake|p1a: Kingambit
|-supereffective|p1a: Kingambit
|-crit|p1a: Kingambit
|-damage|p1a: Kingambit|0 fnt
|faint|p1a: Kingambit
|-end|p1a: Kingambit|fallen4|[silent]
|
|-heal|p2a: Gliscor|34/100 tox|[from] ability: Poison Heal
|upkeep
|
|t:|1779645442
|switch|p1a: Zapdos|Zapdos|100/100
|turn|31
|inactive|Battle timer is ON: inactive players will automatically lose when time's up. (requested by RobustLoki)
|c|☆RobustLoki|gg
|inactive|TechBuster has 120 seconds left.
|c|☆RobustLoki|no way are you thunder or something
|c|☆TechBuster|bro im calcing
|c|☆RobustLoki|alright buddy take your time
|inactive|TechBuster has 90 seconds left.
|c|☆RobustLoki|Ig youd calc cane, which is fair
|c| kanaete onegai|does an unboosted facade even hurts?
|inactive|TechBuster has 60 seconds left.
|c|☆RobustLoki|i think it can 2hko
|c| kanaete onegai|I see
|
|t:|1779645566
|move|p2a: Gliscor|Facade|p1a: Zapdos
|-damage|p1a: Zapdos|36/100
|move|p1a: Zapdos|Hurricane|p2a: Gliscor
|-damage|p2a: Gliscor|0 fnt
|faint|p2a: Gliscor
|
|win|TechBuster
|raw|TechBuster's rating: 1623 &rarr; <strong>1644</strong><br />(+21 for winning)
|raw|RobustLoki's rating: 1648 &rarr; <strong>1627</strong><br />(-21 for losing)
|c|☆RobustLoki|gg
|c|☆TechBuster|gg
|l|☆RobustLoki
|player|p2|
|l| Little Cuack
|l| hattybatty304
|l|☆TechBuster
|player|p1|
