|j|☆foenembruzz
|j|☆AmeTheDame
|t:|1779599997
|gametype|singles
|player|p1|foenembruzz|101|1374
|player|p2|AmeTheDame|1|1403
|gen|9
|tier|[Gen 9] OU
|rated|
|rule|HP Percentage Mod: HP is shown in percentages
|rule|Endless Battle Clause: Forcing endless battles is banned
|rule|Species Clause: Limit one of each Pokémon
|rule|OHKO Clause: OHKO moves are banned
|rule|Evasion Items Clause: Evasion items are banned
|rule|Evasion Moves Clause: Evasion moves are banned
|rule|Evasion Abilities Clause: Evasion abilities are banned
|rule|Sleep Moves Clause: Sleep-inducing moves are banned
|clearpoke
|poke|p1|Iron Treads|
|poke|p1|Pincurchin, F|
|poke|p1|Iron Valiant|
|poke|p1|Gliscor, M|
|poke|p1|Kyurem|
|poke|p1|Ogerpon-Wellspring, F|
|poke|p2|Heatran, F|
|poke|p2|Dragapult, F|
|poke|p2|Ogerpon, F|
|poke|p2|Great Tusk|
|poke|p2|Corviknight, F|
|poke|p2|Clefable, M|
|teampreview
|inactive|Battle timer is ON: inactive players will automatically lose when time's up. (requested by AmeTheDame)
|inactive|foenembruzz also wants the timer to be on.
|inactive|foenembruzz has 120 seconds left.
|
|t:|1779600036
|teamsize|p1|6
|teamsize|p2|6
|start
|switch|p1a: Kyurem|Kyurem|100/100
|switch|p2a: Heatran|Heatran, F|100/100
|-ability|p1a: Kyurem|Pressure
|turn|1
|
|t:|1779600041
|move|p1a: Kyurem|Earth Power|p2a: Heatran
|-supereffective|p2a: Heatran
|-damage|p2a: Heatran|12/100
|move|p2a: Heatran|Magma Storm|p1a: Kyurem
|-damage|p1a: Kyurem|60/100
|-activate|p1a: Kyurem|move: Magma Storm|[of] p2a: Heatran
|
|-heal|p2a: Heatran|19/100|[from] item: Leftovers
|-damage|p1a: Kyurem|47/100|[from] move: Magma Storm|[partiallytrapped]
|upkeep
|turn|2
|
|t:|1779600051
|switch|p2a: Clefable|Clefable, M|100/100
|move|p1a: Kyurem|Earth Power|p2a: Clefable
|-damage|p2a: Clefable|75/100
|
|-end|p1a: Kyurem|Magma Storm|[partiallytrapped]|[silent]
|upkeep
|turn|3
|
|t:|1779600060
|switch|p1a: Iron Treads|Iron Treads|100/100
|move|p2a: Clefable|Thunder Wave|p1a: Iron Treads
|-immune|p1a: Iron Treads
|
|upkeep
|turn|4
|
|t:|1779600067
|switch|p2a: Corviknight|Corviknight, F|100/100
|-ability|p2a: Corviknight|Pressure
|move|p1a: Iron Treads|Stealth Rock|p2a: Corviknight
|-sidestart|p2: AmeTheDame|move: Stealth Rock
|
|upkeep
|turn|5
|
|t:|1779600074
|move|p1a: Iron Treads|Volt Switch|p2a: Corviknight
|-supereffective|p2a: Corviknight
|-damage|p2a: Corviknight|78/100
|
|t:|1779600077
|-end|p1a: Iron Treads|Quark Drive|[silent]
|switch|p1a: Pincurchin|Pincurchin, F|100/100|[from] Volt Switch
|-fieldstart|move: Electric Terrain|[from] ability: Electric Surge|[of] p1a: Pincurchin
|move|p2a: Corviknight|Defog|p1a: Pincurchin
|-unboost|p1a: Pincurchin|evasion|1
|-sideend|p2: AmeTheDame|Stealth Rock|[from] move: Defog|[of] p2a: Corviknight
|-fieldend|move: Electric Terrain
|
|upkeep
|turn|6
|
|t:|1779600086
|switch|p1a: Gliscor|Gliscor, M, shiny|100/100
|move|p2a: Corviknight|U-turn|p1a: Gliscor
|-resisted|p1a: Gliscor
|-damage|p1a: Gliscor|96/100
|
|t:|1779600091
|switch|p2a: Great Tusk|Great Tusk|100/100|[from] U-turn
|-enditem|p2a: Great Tusk|Booster Energy
|-activate|p2a: Great Tusk|ability: Protosynthesis|[fromitem]
|-start|p2a: Great Tusk|protosynthesisspe
|
|-status|p1a: Gliscor|tox|[from] item: Toxic Orb
|upkeep
|turn|7
|
|t:|1779600103
|move|p1a: Gliscor|Protect|p1a: Gliscor
|-singleturn|p1a: Gliscor|Protect
|move|p2a: Great Tusk|Bulk Up|p2a: Great Tusk
|-boost|p2a: Great Tusk|atk|1
|-boost|p2a: Great Tusk|def|1
|
|-heal|p1a: Gliscor|100/100 tox|[from] ability: Poison Heal
|upkeep
|turn|8
|
|t:|1779600109
|-terastallize|p1a: Gliscor|Water
|move|p2a: Great Tusk|Ice Spinner|p1a: Gliscor
|-resisted|p1a: Gliscor
|-damage|p1a: Gliscor|88/100 tox
|move|p1a: Gliscor|Toxic|p2a: Great Tusk
|-status|p2a: Great Tusk|tox
|
|-damage|p2a: Great Tusk|94/100 tox|[from] psn
|-heal|p1a: Gliscor|99/100 tox|[from] ability: Poison Heal
|upkeep
|turn|9
|
|t:|1779600116
|move|p2a: Great Tusk|Bulk Up|p2a: Great Tusk
|-boost|p2a: Great Tusk|atk|1
|-boost|p2a: Great Tusk|def|1
|move|p1a: Gliscor|Substitute|p1a: Gliscor
|-start|p1a: Gliscor|Substitute
|-damage|p1a: Gliscor|75/100 tox
|
|-damage|p2a: Great Tusk|82/100 tox|[from] psn
|-heal|p1a: Gliscor|88/100 tox|[from] ability: Poison Heal
|upkeep
|turn|10
|
|t:|1779600120
|move|p1a: Gliscor|Protect|p1a: Gliscor
|-singleturn|p1a: Gliscor|Protect
|move|p2a: Great Tusk|Rapid Spin|p1a: Gliscor
|-activate|p1a: Gliscor|move: Protect
|
|-damage|p2a: Great Tusk|63/100 tox|[from] psn
|-heal|p1a: Gliscor|99/100 tox|[from] ability: Poison Heal
|upkeep
|turn|11
|
|t:|1779600132
|move|p2a: Great Tusk|Ice Spinner|p1a: Gliscor
|-resisted|p1a: Gliscor
|-activate|p1a: Gliscor|move: Substitute|[damage]
|move|p1a: Gliscor|Substitute|p1a: Gliscor
|-fail|p1a: Gliscor|move: Substitute
|
|-damage|p2a: Great Tusk|38/100 tox|[from] psn
|-heal|p1a: Gliscor|100/100 tox|[from] ability: Poison Heal
|upkeep
|turn|12
|
|t:|1779600140
|-end|p2a: Great Tusk|Protosynthesis|[silent]
|switch|p2a: Heatran|Heatran, F|19/100
|move|p1a: Gliscor|Protect||[still]
|-fail|p1a: Gliscor
|
|-heal|p2a: Heatran|25/100|[from] item: Leftovers
|upkeep
|turn|13
|
|t:|1779600145
|move|p1a: Gliscor|Earthquake|p2a: Heatran
|-supereffective|p2a: Heatran
|-damage|p2a: Heatran|0 fnt
|faint|p2a: Heatran
|
|upkeep
|
|t:|1779600148
|switch|p2a: Dragapult|Dragapult, F|100/100
|turn|14
|
|t:|1779600154
|move|p2a: Dragapult|Draco Meteor|p1a: Gliscor
|-damage|p1a: Gliscor|5/100 tox
|-unboost|p2a: Dragapult|spa|2
|move|p1a: Gliscor|Toxic|p2a: Dragapult
|-status|p2a: Dragapult|tox
|
|-damage|p2a: Dragapult|95/100 tox|[from] psn
|-heal|p1a: Gliscor|18/100 tox|[from] ability: Poison Heal
|upkeep
|turn|15
|
|t:|1779600160
|move|p1a: Gliscor|Protect|p1a: Gliscor
|-singleturn|p1a: Gliscor|Protect
|move|p2a: Dragapult|Draco Meteor|p1a: Gliscor
|-activate|p1a: Gliscor|move: Protect
|
|-damage|p2a: Dragapult|83/100 tox|[from] psn
|-heal|p1a: Gliscor|30/100 tox|[from] ability: Poison Heal
|upkeep
|turn|16
|
|t:|1779600181
|switch|p1a: Pincurchin|Pincurchin, F|100/100
|-fieldstart|move: Electric Terrain|[from] ability: Electric Surge|[of] p1a: Pincurchin
|move|p2a: Dragapult|Draco Meteor|p1a: Pincurchin
|-damage|p1a: Pincurchin|47/100
|-unboost|p2a: Dragapult|spa|2
|
|-damage|p2a: Dragapult|65/100 tox|[from] psn
|upkeep
|turn|17
|
|t:|1779600188
|switch|p2a: Clefable|Clefable, M|75/100
|switch|p1a: Iron Valiant|Iron Valiant, shiny|100/100
|-activate|p1a: Iron Valiant|ability: Quark Drive
|-start|p1a: Iron Valiant|quarkdrivespe
|
|upkeep
|turn|18
|
|t:|1779600192
|-end|p1a: Iron Valiant|Quark Drive|[silent]
|switch|p1a: Gliscor|Gliscor, M, shiny, tera:Water|30/100 tox
|move|p2a: Clefable|Calm Mind|p2a: Clefable
|-boost|p2a: Clefable|spa|1
|-boost|p2a: Clefable|spd|1
|
|-heal|p1a: Gliscor|43/100 tox|[from] ability: Poison Heal
|upkeep
|turn|19
|
|t:|1779600206
|move|p1a: Gliscor|Protect|p1a: Gliscor
|-singleturn|p1a: Gliscor|Protect
|move|p2a: Clefable|Moonblast|p1a: Gliscor
|-activate|p1a: Gliscor|move: Protect
|
|-heal|p1a: Gliscor|55/100 tox|[from] ability: Poison Heal
|upkeep
|turn|20
|
|t:|1779600233
|move|p1a: Gliscor|Earthquake|p2a: Clefable
|-damage|p2a: Clefable|31/100
|move|p2a: Clefable|Moonblast|p1a: Gliscor
|-damage|p1a: Gliscor|0 fnt
|faint|p1a: Gliscor
|
|upkeep
|inactive|foenembruzz has 120 seconds left.
|
|t:|1779600248
|switch|p1a: Iron Treads|Iron Treads|100/100
|-activate|p1a: Iron Treads|ability: Quark Drive
|-start|p1a: Iron Treads|quarkdrivespe
|turn|21
|inactive|foenembruzz has 120 seconds left.
|
|t:|1779600255
|move|p1a: Iron Treads|Stealth Rock|p2a: Clefable
|-sidestart|p2: AmeTheDame|move: Stealth Rock
|move|p2a: Clefable|Moonlight|p2a: Clefable
|-heal|p2a: Clefable|81/100
|
|upkeep
|turn|22
|
|t:|1779600262
|move|p1a: Iron Treads|Earthquake|p2a: Clefable
|-damage|p2a: Clefable|39/100
|move|p2a: Clefable|Moonblast|p1a: Iron Treads
|-resisted|p1a: Iron Treads
|-damage|p1a: Iron Treads|73/100
|
|upkeep
|turn|23
|
|t:|1779600270
|switch|p2a: Great Tusk|Great Tusk|38/100 tox
|-damage|p2a: Great Tusk|35/100 tox|[from] Stealth Rock
|move|p1a: Iron Treads|Earthquake|p2a: Great Tusk
|-damage|p2a: Great Tusk|9/100 tox
|
|-damage|p2a: Great Tusk|3/100 tox|[from] psn
|-fieldend|move: Electric Terrain
|-end|p1a: Iron Treads|Quark Drive
|upkeep
|turn|24
|
|t:|1779600280
|move|p1a: Iron Treads|Earthquake|p2a: Great Tusk
|-damage|p2a: Great Tusk|0 fnt
|faint|p2a: Great Tusk
|-end|p2a: Great Tusk|Protosynthesis|[silent]
|
|upkeep
|
|t:|1779600282
|switch|p2a: Ogerpon|Ogerpon, F|100/100
|-damage|p2a: Ogerpon|88/100|[from] Stealth Rock
|turn|25
|
|t:|1779600288
|-end|p1a: Iron Treads|Quark Drive|[silent]
|switch|p1a: Pincurchin|Pincurchin, F|47/100
|-fieldstart|move: Electric Terrain|[from] ability: Electric Surge|[of] p1a: Pincurchin
|move|p2a: Ogerpon|Low Kick|p1a: Pincurchin
|-damage|p1a: Pincurchin|39/100
|
|upkeep
|turn|26
|
|t:|1779600294
|switch|p2a: Dragapult|Dragapult, F|65/100 tox
|-damage|p2a: Dragapult|52/100 tox|[from] Stealth Rock
|move|p1a: Pincurchin|Thunder Wave||[still]
|-fail|p1a: Pincurchin
|
|-damage|p2a: Dragapult|46/100 tox|[from] psn
|upkeep
|turn|27
|
|t:|1779600304
|move|p2a: Dragapult|U-turn|p1a: Pincurchin
|-damage|p1a: Pincurchin|23/100
|
|t:|1779600306
|switch|p2a: Ogerpon|Ogerpon, F|88/100|[from] U-turn
|-damage|p2a: Ogerpon|76/100|[from] Stealth Rock
|move|p1a: Pincurchin|Recover|p1a: Pincurchin
|-heal|p1a: Pincurchin|73/100
|
|upkeep
|turn|28
|
|t:|1779600311
|move|p2a: Ogerpon|Ivy Cudgel|p1a: Pincurchin
|-damage|p1a: Pincurchin|12/100
|move|p1a: Pincurchin|Thunder Wave|p2a: Ogerpon|[miss]
|-miss|p1a: Pincurchin|p2a: Ogerpon
|
|upkeep
|turn|29
|
|t:|1779600327
|move|p2a: Ogerpon|Ivy Cudgel|p1a: Pincurchin
|-damage|p1a: Pincurchin|0 fnt
|faint|p1a: Pincurchin
|
|upkeep
|
|t:|1779600329
|switch|p1a: Kyurem|Kyurem|47/100
|-ability|p1a: Kyurem|Pressure
|turn|30
|
|t:|1779600332
|-terastallize|p2a: Ogerpon|Grass
|detailschange|p2a: Ogerpon|Ogerpon-Teal-Tera, F, tera:Grass
|-ability|p2a: Ogerpon|Embody Aspect (Teal)|boost
|-boost|p2a: Ogerpon|spe|1
|move|p2a: Ogerpon|Ivy Cudgel|p1a: Kyurem
|-resisted|p1a: Kyurem
|-damage|p1a: Kyurem|3/100
|move|p1a: Kyurem|Freeze-Dry|p2a: Ogerpon
|-supereffective|p2a: Ogerpon
|-damage|p2a: Ogerpon|0 fnt
|faint|p2a: Ogerpon
|detailschange|p2: Ogerpon|Ogerpon, F|[silent]
|
|upkeep
|
|t:|1779600343
|switch|p2a: Dragapult|Dragapult, F|46/100 tox
|-damage|p2a: Dragapult|34/100 tox|[from] Stealth Rock
|turn|31
|
|t:|1779600347
|move|p1a: Kyurem|Freeze-Dry|p2a: Dragapult
|-supereffective|p2a: Dragapult
|-damage|p2a: Dragapult|0 fnt
|faint|p2a: Dragapult
|
|upkeep
|
|t:|1779600351
|switch|p2a: Corviknight|Corviknight, F|78/100
|-damage|p2a: Corviknight|66/100|[from] Stealth Rock
|-ability|p2a: Corviknight|Pressure
|turn|32
|
|t:|1779600356
|move|p1a: Kyurem|Freeze-Dry|p2a: Corviknight
|-damage|p2a: Corviknight|29/100
|move|p2a: Corviknight|U-turn|p1a: Kyurem
|-damage|p1a: Kyurem|0 fnt
|faint|p1a: Kyurem
|
|t:|1779600359
|switch|p2a: Clefable|Clefable, M|39/100|[from] U-turn
|
|-fieldend|move: Electric Terrain
|upkeep
|
|t:|1779600363
|switch|p1a: Iron Treads|Iron Treads|73/100
|turn|33
|
|t:|1779600371
|move|p1a: Iron Treads|Earthquake|p2a: Clefable
|-damage|p2a: Clefable|0 fnt
|faint|p2a: Clefable
|
|upkeep
|
|t:|1779600373
|switch|p2a: Corviknight|Corviknight, F|29/100
|-damage|p2a: Corviknight|17/100|[from] Stealth Rock
|-ability|p2a: Corviknight|Pressure
|turn|34
|
|t:|1779600377
|move|p1a: Iron Treads|Volt Switch|p2a: Corviknight
|-supereffective|p2a: Corviknight
|-damage|p2a: Corviknight|0 fnt
|faint|p2a: Corviknight
|
|win|foenembruzz
|raw|foenembruzz's rating: 1374 &rarr; <strong>1396</strong><br />(+22 for winning)
|raw|AmeTheDame's rating: 1403 &rarr; <strong>1381</strong><br />(-22 for losing)
|l|☆foenembruzz
|player|p1|
|l|☆AmeTheDame
|player|p2|
