|inactive|Battle timer is ON: inactive players will automatically lose when time's up.
|t:|1779568691
|gametype|singles
|player|p1|Bijets|#wcop2026peru2|
|player|p2|storm zone|#wcop2021latinamerica|
|gen|9
|tier|[Gen 9] OU
|rule|HP Percentage Mod: HP is shown in percentages
|rule|Endless Battle Clause: Forcing endless battles is banned
|rule|Species Clause: Limit one of each Pokémon
|rule|OHKO Clause: OHKO moves are banned
|rule|Evasion Items Clause: Evasion items are banned
|rule|Evasion Moves Clause: Evasion moves are banned
|rule|Evasion Abilities Clause: Evasion abilities are banned
|rule|Sleep Moves Clause: Sleep-inducing moves are banned
|clearpoke
|poke|p1|Iron Moth|
|poke|p1|Gliscor, F|
|poke|p1|Hatterene, F|
|poke|p1|Ogerpon-Wellspring, F|
|poke|p1|Raging Bolt|
|poke|p1|Zamazenta-*|
|poke|p2|Primarina, M|
|poke|p2|Zamazenta-*|
|poke|p2|Gholdengo|
|poke|p2|Rillaboom, M|
|poke|p2|Glimmora, M|
|poke|p2|Hydreigon, M|
|teampreview
|inactive|Bijets has 270 seconds left.
|c|+Deaje|el bijotes
|c|☆Bijets|yo
|inactive|Bijets has 240 seconds left.
|c|☆storm zone|Hf
|c|☆Bijets|u2
|
|t:|1779568771
|teamsize|p1|6
|teamsize|p2|6
|start
|switch|p1a: Ogerpon|Ogerpon-Wellspring, F|100/100
|switch|p2a: Celestine|Primarina, M, shiny|100/100
|turn|1
|
|t:|1779568779
|switch|p2a: Kong|Rillaboom, M, shiny|100/100
|-fieldstart|move: Grassy Terrain|[from] ability: Grassy Surge|[of] p2a: Kong
|move|p1a: Ogerpon|Swords Dance|p1a: Ogerpon
|-boost|p1a: Ogerpon|atk|2
|
|upkeep
|turn|2
|c|+zoyotte|deaje cuando es tu wcop game
|c|+Deaje|tengo 2
|c|+Deaje|la proxima semana
|inactive|Bijets has 270 seconds left.
|
|t:|1779568812
|move|p2a: Kong|Grassy Glide|p1a: Ogerpon
|-damage|p1a: Ogerpon|30/100
|-damage|p2a: Kong|91/100|[from] item: Life Orb
|move|p1a: Ogerpon|Ivy Cudgel|p2a: Kong|[anim] Ivy Cudgel Water
|-resisted|p2a: Kong
|-crit|p2a: Kong
|-damage|p2a: Kong|0 fnt
|faint|p2a: Kong
|
|-heal|p1a: Ogerpon|36/100|[from] Grassy Terrain
|upkeep
|
|t:|1779568818
|switch|p2a: Trojan|Zamazenta, shiny|100/100
|-ability|p2a: Trojan|Dauntless Shield|boost
|-boost|p2a: Trojan|def|1
|turn|3
|
|t:|1779568825
|switch|p1a: Iron Moth|Iron Moth|100/100
|-enditem|p1a: Iron Moth|Booster Energy
|-activate|p1a: Iron Moth|ability: Quark Drive|[fromitem]
|-start|p1a: Iron Moth|quarkdrivespe
|move|p2a: Trojan|Body Press|p1a: Iron Moth
|-resisted|p1a: Iron Moth
|-damage|p1a: Iron Moth|65/100
|
|-heal|p1a: Iron Moth|71/100|[from] Grassy Terrain
|upkeep
|turn|4
|
|t:|1779568830
|switch|p2a: Bullet|Glimmora, M, shiny|100/100
|move|p1a: Iron Moth|Fiery Dance|p2a: Bullet
|-resisted|p2a: Bullet
|-damage|p2a: Bullet|79/100
|-boost|p1a: Iron Moth|spa|1
|-enditem|p2a: Bullet|Red Card|[of] p1a: Iron Moth
|-end|p1a: Iron Moth|Quark Drive|[silent]
|drag|p1a: Zamazenta|Zamazenta|100/100
|-ability|p1a: Zamazenta|Dauntless Shield|boost
|-boost|p1a: Zamazenta|def|1
|
|-heal|p2a: Bullet|86/100|[from] Grassy Terrain
|upkeep
|turn|5
|
|t:|1779568840
|move|p1a: Zamazenta|Light Screen|p1a: Zamazenta
|-sidestart|p1: Bijets|move: Light Screen
|move|p2a: Bullet|Stealth Rock|p1a: Zamazenta
|-sidestart|p1: Bijets|move: Stealth Rock
|
|-heal|p2a: Bullet|92/100|[from] Grassy Terrain
|-fieldend|move: Grassy Terrain
|upkeep
|turn|6
|
|t:|1779568843
|move|p1a: Zamazenta|Reflect|p1a: Zamazenta
|-sidestart|p1: Bijets|Reflect
|move|p2a: Bullet|Spikes|p1a: Zamazenta
|-sidestart|p1: Bijets|Spikes
|
|upkeep
|turn|7
|
|t:|1779568861
|switch|p1a: Gliscor|Gliscor, F|100/100
|-damage|p1a: Gliscor|88/100|[from] Stealth Rock
|switch|p2a: Celestine|Primarina, M, shiny|100/100
|
|-status|p1a: Gliscor|tox|[from] item: Toxic Orb
|upkeep
|turn|8
|
|t:|1779568871
|move|p1a: Gliscor|Swords Dance|p1a: Gliscor
|-boost|p1a: Gliscor|atk|2
|move|p2a: Celestine|Psychic Noise|p1a: Gliscor
|-supereffective|p1a: Gliscor
|-damage|p1a: Gliscor|35/100 tox
|-start|p1a: Gliscor|move: Heal Block
|
|upkeep
|turn|9
|
|t:|1779568897
|switch|p2a: Spirit Rush|Gholdengo, shiny|100/100
|move|p1a: Gliscor|Facade|p2a: Spirit Rush
|-immune|p2a: Spirit Rush
|
|-end|p1a: Gliscor|move: Heal Block
|upkeep
|turn|10
|inactive|storm zone has 270 seconds left.
|
|t:|1779568928
|switch|p2a: Hybrid|Hydreigon, M, shiny|100/100
|move|p1a: Gliscor|Earthquake|p2a: Hybrid
|-immune|p2a: Hybrid|[from] ability: Levitate
|
|-heal|p1a: Gliscor|47/100 tox|[from] ability: Poison Heal
|upkeep
|turn|11
|inactive|storm zone has 270 seconds left.
|
|t:|1779568941
|switch|p1a: Hatterene|Hatterene, F|100/100
|-damage|p1a: Hatterene|88/100|[from] Stealth Rock
|-damage|p1a: Hatterene|76/100|[from] Spikes
|move|p2a: Hybrid|Draco Meteor|p1a: Hatterene
|-immune|p1a: Hatterene
|
|-heal|p1a: Hatterene|82/100|[from] item: Leftovers
|upkeep
|turn|12
|
|t:|1779568951
|switch|p2a: Spirit Rush|Gholdengo, shiny|100/100
|move|p1a: Hatterene|Calm Mind|p1a: Hatterene
|-boost|p1a: Hatterene|spa|1
|-boost|p1a: Hatterene|spd|1
|
|-heal|p1a: Hatterene|88/100|[from] item: Leftovers
|-sideend|p1: Bijets|move: Light Screen
|upkeep
|turn|13
|
|t:|1779568962
|-terastallize|p1a: Hatterene|Water
|move|p2a: Spirit Rush|Nasty Plot|p2a: Spirit Rush
|-boost|p2a: Spirit Rush|spa|2
|move|p1a: Hatterene|Mystical Fire|p2a: Spirit Rush
|-supereffective|p2a: Spirit Rush
|-damage|p2a: Spirit Rush|52/100
|-unboost|p2a: Spirit Rush|spa|1
|
|-heal|p1a: Hatterene|94/100|[from] item: Leftovers
|-sideend|p1: Bijets|Reflect
|upkeep
|turn|14
|
|t:|1779568967
|move|p2a: Spirit Rush|Shadow Ball|p1a: Hatterene
|-crit|p1a: Hatterene
|-damage|p1a: Hatterene|9/100
|move|p1a: Hatterene|Mystical Fire|p2a: Spirit Rush
|-supereffective|p2a: Spirit Rush
|-damage|p2a: Spirit Rush|4/100
|-unboost|p2a: Spirit Rush|spa|1
|
|-heal|p1a: Hatterene|15/100|[from] item: Leftovers
|upkeep
|turn|15
|
|t:|1779568972
|move|p2a: Spirit Rush|Shadow Ball|p1a: Hatterene
|-damage|p1a: Hatterene|0 fnt
|faint|p1a: Hatterene
|
|upkeep
|
|t:|1779568984
|switch|p1a: Zamazenta|Zamazenta|100/100
|-damage|p1a: Zamazenta|94/100|[from] Stealth Rock
|-damage|p1a: Zamazenta|82/100|[from] Spikes
|turn|16
|
|t:|1779568988
|switch|p2a: Bullet|Glimmora, M, shiny|92/100
|move|p1a: Zamazenta|Ice Fang|p2a: Bullet
|-damage|p2a: Bullet|79/100
|-activate|p2a: Bullet|ability: Toxic Debris
|-sidestart|p1: Bijets|move: Toxic Spikes
|
|upkeep
|turn|17
|
|t:|1779568999
|move|p1a: Zamazenta|Light Screen|p1a: Zamazenta
|-sidestart|p1: Bijets|move: Light Screen
|move|p2a: Bullet|Mortal Spin|p1a: Zamazenta
|-damage|p1a: Zamazenta|76/100
|-status|p1a: Zamazenta|psn
|
|-damage|p1a: Zamazenta|64/100 psn|[from] psn
|upkeep
|turn|18
|
|t:|1779569003
|move|p1a: Zamazenta|Reflect|p1a: Zamazenta
|-sidestart|p1: Bijets|Reflect
|move|p2a: Bullet|Spikes|p1a: Zamazenta
|-sidestart|p1: Bijets|Spikes
|
|-damage|p1a: Zamazenta|52/100 psn|[from] psn
|upkeep
|turn|19
|
|t:|1779569032
|switch|p1a: Gliscor|Gliscor, F|47/100 tox
|-damage|p1a: Gliscor|35/100 tox|[from] Stealth Rock
|switch|p2a: Spirit Rush|Gholdengo, shiny|4/100
|
|-heal|p1a: Gliscor|47/100 tox|[from] ability: Poison Heal
|upkeep
|turn|20
|
|t:|1779569038
|switch|p2a: Hybrid|Hydreigon, M, shiny|100/100
|move|p1a: Gliscor|Earthquake|p2a: Hybrid
|-immune|p2a: Hybrid|[from] ability: Levitate
|
|-heal|p1a: Gliscor|59/100 tox|[from] ability: Poison Heal
|upkeep
|turn|21
|
|t:|1779569044
|switch|p1a: Iron Moth|Iron Moth|71/100
|-damage|p1a: Iron Moth|46/100|[from] Stealth Rock
|-damage|p1a: Iron Moth|29/100|[from] Spikes
|-sideend|p1: Bijets|move: Toxic Spikes|[of] p1a: Iron Moth
|move|p2a: Hybrid|Draco Meteor|p1a: Iron Moth
|-damage|p1a: Iron Moth|0 fnt
|-unboost|p2a: Hybrid|spa|2
|faint|p1a: Iron Moth
|-end|p1a: Iron Moth|Quark Drive|[silent]
|
|upkeep
|
|t:|1779569055
|switch|p1a: Gliscor|Gliscor, F|59/100 tox
|-damage|p1a: Gliscor|47/100 tox|[from] Stealth Rock
|turn|22
|
|t:|1779569059
|switch|p2a: Celestine|Primarina, M, shiny|100/100
|move|p1a: Gliscor|Agility|p1a: Gliscor
|-boost|p1a: Gliscor|spe|2
|
|-heal|p1a: Gliscor|59/100 tox|[from] ability: Poison Heal
|upkeep
|turn|23
|
|t:|1779569070
|move|p1a: Gliscor|Swords Dance|p1a: Gliscor
|-boost|p1a: Gliscor|atk|2
|move|p2a: Celestine|Psychic Noise|p1a: Gliscor
|-supereffective|p1a: Gliscor
|-damage|p1a: Gliscor|7/100 tox
|-start|p1a: Gliscor|move: Heal Block
|
|upkeep
|turn|24
|
|t:|1779569076
|switch|p2a: Spirit Rush|Gholdengo, shiny|4/100
|move|p1a: Gliscor|Earthquake|p2a: Spirit Rush
|-supereffective|p2a: Spirit Rush
|-damage|p2a: Spirit Rush|0 fnt
|faint|p2a: Spirit Rush
|
|-end|p1a: Gliscor|move: Heal Block
|-sideend|p1: Bijets|move: Light Screen
|upkeep
|
|t:|1779569079
|switch|p2a: Hybrid|Hydreigon, M, shiny|100/100
|turn|25
|
|t:|1779569090
|-terastallize|p2a: Hybrid|Steel
|move|p1a: Gliscor|Facade|p2a: Hybrid
|-resisted|p2a: Hybrid
|-damage|p2a: Hybrid|52/100
|move|p2a: Hybrid|Dark Pulse|p1a: Gliscor
|-damage|p1a: Gliscor|0 fnt
|faint|p1a: Gliscor
|
|-sideend|p1: Bijets|Reflect
|upkeep
|
|t:|1779569097
|switch|p1a: Zamazenta|Zamazenta|52/100 psn
|-damage|p1a: Zamazenta|46/100 psn|[from] Stealth Rock
|-damage|p1a: Zamazenta|29/100 psn|[from] Spikes
|turn|26
|
|t:|1779569105
|switch|p2a: Bullet|Glimmora, M, shiny|79/100
|move|p1a: Zamazenta|Light Screen|p1a: Zamazenta
|-sidestart|p1: Bijets|move: Light Screen
|
|-damage|p1a: Zamazenta|17/100 psn|[from] psn
|upkeep
|turn|27
|
|t:|1779569119
|move|p1a: Zamazenta|Reflect|p1a: Zamazenta
|-sidestart|p1: Bijets|Reflect
|move|p2a: Bullet|Spikes|p1a: Zamazenta
|-sidestart|p1: Bijets|Spikes
|
|-damage|p1a: Zamazenta|4/100 psn|[from] psn
|upkeep
|turn|28
|
|t:|1779569128
|move|p1a: Zamazenta|Reflect||[still]
|-fail|p1a: Zamazenta
|move|p2a: Bullet|Mortal Spin|p1a: Zamazenta
|-damage|p1a: Zamazenta|2/100 psn
|
|-damage|p1a: Zamazenta|0 fnt|[from] psn
|faint|p1a: Zamazenta
|upkeep
|
|t:|1779569141
|switch|p1a: Raging Bolt|Raging Bolt|100/100
|-damage|p1a: Raging Bolt|88/100|[from] Stealth Rock
|-damage|p1a: Raging Bolt|63/100|[from] Spikes
|-enditem|p1a: Raging Bolt|Booster Energy
|-activate|p1a: Raging Bolt|ability: Protosynthesis|[fromitem]
|-start|p1a: Raging Bolt|protosynthesisspa
|turn|29
|
|t:|1779569149
|move|p1a: Raging Bolt|Calm Mind|p1a: Raging Bolt
|-boost|p1a: Raging Bolt|spa|1
|-boost|p1a: Raging Bolt|spd|1
|move|p2a: Bullet|Mortal Spin|p1a: Raging Bolt
|-damage|p1a: Raging Bolt|60/100
|-status|p1a: Raging Bolt|psn
|
|-damage|p1a: Raging Bolt|48/100 psn|[from] psn
|upkeep
|turn|30
|
|t:|1779569156
|move|p1a: Raging Bolt|Thunderbolt|p2a: Bullet
|-damage|p2a: Bullet|0 fnt
|faint|p2a: Bullet
|
|-damage|p1a: Raging Bolt|36/100 psn|[from] psn
|upkeep
|
|t:|1779569159
|switch|p2a: Hybrid|Hydreigon, M, shiny, tera:Steel|52/100
|turn|31
|
|t:|1779569162
|switch|p2a: Celestine|Primarina, M, shiny|100/100
|move|p1a: Raging Bolt|Thunderclap||[still]
|-fail|p1a: Raging Bolt
|
|-damage|p1a: Raging Bolt|24/100 psn|[from] psn
|upkeep
|turn|32
|
|t:|1779569167
|move|p1a: Raging Bolt|Thunderbolt|p2a: Celestine
|-supereffective|p2a: Celestine
|-damage|p2a: Celestine|0 fnt
|faint|p2a: Celestine
|
|-damage|p1a: Raging Bolt|11/100 psn|[from] psn
|upkeep
|
|t:|1779569173
|switch|p2a: Trojan|Zamazenta, shiny|100/100
|turn|33
|
|t:|1779569175
|move|p2a: Trojan|Substitute|p2a: Trojan
|-start|p2a: Trojan|Substitute
|-damage|p2a: Trojan|76/100
|move|p1a: Raging Bolt|Thunderbolt|p2a: Trojan
|-end|p2a: Trojan|Substitute
|
|-heal|p2a: Trojan|82/100|[from] item: Leftovers
|-damage|p1a: Raging Bolt|0 fnt|[from] psn
|faint|p1a: Raging Bolt
|-end|p1a: Raging Bolt|Protosynthesis|[silent]
|-sideend|p1: Bijets|move: Light Screen
|upkeep
|
|t:|1779569177
|switch|p1a: Ogerpon|Ogerpon-Wellspring, F|36/100
|-damage|p1a: Ogerpon|24/100|[from] Stealth Rock
|-damage|p1a: Ogerpon|0 fnt|[from] Spikes
|faint|p1a: Ogerpon
|
|win|storm zone
|c|☆Bijets|gg
|c|☆storm zone|Gg
|player|p2|
|player|p1|
|player|p1|Bijets|#wcop2026peru2|
|player|p1|
|player|p1|Bijets|#wcop2026peru2|
|player|p1|
