|j|☆KeIpie
|j|☆gummiworm
|t:|1779679118
|gametype|singles
|player|p1|KeIpie|rocketgruntf|1147
|player|p2|gummiworm|102|1140
|gen|9
|tier|[Gen 9] OU
|rated|
|rule|HP Percentage Mod: HP is shown in percentages
|rule|Endless Battle Clause: Forcing endless battles is banned
|rule|Species Clause: Limit one of each Pokémon
|rule|OHKO Clause: OHKO moves are banned
|rule|Evasion Items Clause: Evasion items are banned
|rule|Evasion Moves Clause: Evasion moves are banned
|rule|Evasion Abilities Clause: Evasion abilities are banned
|rule|Sleep Moves Clause: Sleep-inducing moves are banned
|clearpoke
|poke|p1|Bastiodon, F|
|poke|p1|Mew|
|poke|p1|Garchomp, M|
|poke|p1|Gengar, F|
|poke|p1|Charizard, F|
|poke|p1|Gyarados, F|
|poke|p2|Regieleki|
|poke|p2|Regidrago|
|poke|p2|Regirock|
|poke|p2|Regice|
|poke|p2|Registeel|
|poke|p2|Regigigas|
|teampreview
|inactive|Battle timer is ON: inactive players will automatically lose when time's up. (requested by KeIpie)
|
|t:|1779679140
|teamsize|p1|6
|teamsize|p2|6
|start
|switch|p1a: Mew|Mew, shiny|100/100
|switch|p2a: Registeel|Registeel|100/100
|turn|1
|
|t:|1779679150
|move|p1a: Mew|Trick|p2a: Registeel
|-activate|p1a: Mew|move: Trick|[of] p2a: Registeel
|-item|p2a: Registeel|Flame Orb|[from] move: Trick
|-item|p1a: Mew|Leftovers|[from] move: Trick
|move|p2a: Registeel|Thunder Wave|p1a: Mew|[miss]
|-miss|p2a: Registeel|p1a: Mew
|
|-status|p2a: Registeel|brn|[from] item: Flame Orb
|upkeep
|turn|2
|
|t:|1779679160
|move|p1a: Mew|Toxic Spikes|p2a: Registeel
|-sidestart|p2: gummiworm|move: Toxic Spikes
|move|p2a: Registeel|Thunder Wave||[still]
|-status|p1a: Mew|par
|-activate|p1a: Mew|ability: Synchronize
|-fail|p1a: Mew
|
|-damage|p2a: Registeel|94/100 brn|[from] brn
|upkeep
|turn|3
|
|t:|1779679168
|switch|p2a: Regieleki|Regieleki|100/100
|-status|p2a: Regieleki|psn
|cant|p1a: Mew|par
|
|-damage|p2a: Regieleki|88/100 psn|[from] psn
|upkeep
|turn|4
|
|t:|1779679179
|-terastallize|p1a: Mew|Fire
|move|p2a: Regieleki|Volt Switch|p1a: Mew
|-crit|p1a: Mew
|-damage|p1a: Mew|25/100 par
|
|t:|1779679184
|switch|p2a: Registeel|Registeel|94/100 brn|[from] Volt Switch
|move|p1a: Mew|Spikes|p2a: Registeel
|-sidestart|p2: gummiworm|Spikes
|
|-heal|p1a: Mew|31/100 par|[from] item: Leftovers
|-damage|p2a: Registeel|88/100 brn|[from] brn
|upkeep
|turn|5
|
|t:|1779679194
|cant|p1a: Mew|par
|move|p2a: Registeel|Iron Defense|p2a: Registeel
|-boost|p2a: Registeel|def|2
|
|-heal|p1a: Mew|37/100 par|[from] item: Leftovers
|-damage|p2a: Registeel|82/100 brn|[from] brn
|upkeep
|turn|6
|
|t:|1779679197
|move|p2a: Registeel|Iron Defense|p2a: Registeel
|-boost|p2a: Registeel|def|2
|move|p1a: Mew|Dragon Tail|p2a: Registeel
|-resisted|p2a: Registeel
|-crit|p2a: Registeel
|-damage|p2a: Registeel|77/100 brn
|drag|p2a: Regidrago|Regidrago|100/100
|-status|p2a: Regidrago|psn
|-damage|p2a: Regidrago|88/100 psn|[from] Spikes
|
|-heal|p1a: Mew|43/100 par|[from] item: Leftovers
|-damage|p2a: Regidrago|76/100 psn|[from] psn
|upkeep
|turn|7
|
|t:|1779679210
|move|p2a: Regidrago|Dragon Claw|p1a: Mew
|-damage|p1a: Mew|0 fnt
|faint|p1a: Mew
|
|-damage|p2a: Regidrago|63/100 psn|[from] psn
|upkeep
|
|t:|1779679215
|switch|p1a: Bastiodon|Bastiodon, F, shiny|100/100
|turn|8
|
|t:|1779679221
|switch|p2a: Registeel|Registeel|77/100 brn
|-damage|p2a: Registeel|65/100 brn|[from] Spikes
|move|p1a: Bastiodon|Stealth Rock|p2a: Registeel
|-sidestart|p2: gummiworm|move: Stealth Rock
|
|-damage|p2a: Registeel|59/100 brn|[from] brn
|upkeep
|turn|9
|
|t:|1779679230
|move|p2a: Registeel|Thunder Wave|p1a: Bastiodon
|-status|p1a: Bastiodon|par
|move|p1a: Bastiodon|Flamethrower|p2a: Registeel
|-supereffective|p2a: Registeel
|-damage|p2a: Registeel|42/100 brn
|
|-damage|p2a: Registeel|36/100 brn|[from] brn
|upkeep
|turn|10
|
|t:|1779679239
|move|p2a: Registeel|Body Press|p1a: Bastiodon
|-supereffective|p1a: Bastiodon
|-damage|p1a: Bastiodon|55/100 par
|-enditem|p1a: Bastiodon|Red Card|[of] p2a: Registeel
|drag|p2a: Regidrago|Regidrago|63/100 psn
|-damage|p2a: Regidrago|51/100 psn|[from] Spikes
|-damage|p2a: Regidrago|39/100 psn|[from] Stealth Rock
|move|p1a: Bastiodon|Meteor Beam||[still]
|-prepare|p1a: Bastiodon|Meteor Beam
|-boost|p1a: Bastiodon|spa|1
|
|-damage|p2a: Regidrago|26/100 psn|[from] psn
|upkeep
|turn|11
|
|t:|1779679249
|move|p2a: Regidrago|Earthquake|p1a: Bastiodon
|-supereffective|p1a: Bastiodon
|-crit|p1a: Bastiodon
|-damage|p1a: Bastiodon|0 fnt
|faint|p1a: Bastiodon
|
|-damage|p2a: Regidrago|14/100 psn|[from] psn
|upkeep
|
|t:|1779679254
|switch|p1a: Charizard|Charizard, F, shiny|100/100
|turn|12
|
|t:|1779679261
|switch|p2a: Registeel|Registeel|36/100 brn
|-damage|p2a: Registeel|23/100 brn|[from] Spikes
|-damage|p2a: Registeel|17/100 brn|[from] Stealth Rock
|move|p1a: Charizard|Ancient Power|p2a: Registeel
|-resisted|p2a: Registeel
|-damage|p2a: Registeel|10/100 brn
|
|-damage|p2a: Registeel|4/100 brn|[from] brn
|upkeep
|turn|13
|
|t:|1779679270
|move|p1a: Charizard|Ancient Power|p2a: Registeel
|-resisted|p2a: Registeel
|-damage|p2a: Registeel|0 fnt
|faint|p2a: Registeel
|
|upkeep
|
|t:|1779679273
|switch|p2a: Regieleki|Regieleki|88/100 psn
|-damage|p2a: Regieleki|76/100 psn|[from] Spikes
|-damage|p2a: Regieleki|64/100 psn|[from] Stealth Rock
|turn|14
|
|t:|1779679276
|switch|p1a: Garchomp|Garchomp, M, shiny|100/100
|move|p2a: Regieleki|Rapid Spin|p1a: Garchomp
|-damage|p1a: Garchomp|90/100
|-boost|p2a: Regieleki|spe|1
|-damage|p2a: Regieleki|51/100 psn|[from] ability: Rough Skin|[of] p1a: Garchomp
|-sideend|p2: gummiworm|Spikes|[from] move: Rapid Spin|[of] p2a: Regieleki
|-sideend|p2: gummiworm|Toxic Spikes|[from] move: Rapid Spin|[of] p2a: Regieleki
|-sideend|p2: gummiworm|Stealth Rock|[from] move: Rapid Spin|[of] p2a: Regieleki
|
|-damage|p2a: Regieleki|39/100 psn|[from] psn
|upkeep
|turn|15
|
|t:|1779679287
|switch|p2a: Regidrago|Regidrago|14/100 psn
|move|p1a: Garchomp|Earthquake|p2a: Regidrago
|-damage|p2a: Regidrago|0 fnt
|faint|p2a: Regidrago
|
|upkeep
|
|t:|1779679289
|switch|p2a: Regice|Regice|100/100
|turn|16
|
|t:|1779679293
|switch|p1a: Gyarados|Gyarados, F, shiny|100/100
|-ability|p1a: Gyarados|Intimidate|boost
|-unboost|p2a: Regice|atk|1
|move|p2a: Regice|Snowscape|p2a: Regice
|-weather|Snowscape
|
|-weather|Snowscape|[upkeep]
|upkeep
|turn|17
|
|t:|1779679303
|move|p1a: Gyarados|Waterfall|p2a: Regice
|-damage|p2a: Regice|74/100
|move|p2a: Regice|Thunder Wave|p1a: Gyarados
|-status|p1a: Gyarados|par
|
|-weather|Snowscape|[upkeep]
|-heal|p2a: Regice|80/100|[from] ability: Ice Body
|-heal|p2a: Regice|86/100|[from] item: Leftovers
|upkeep
|turn|18
|
|t:|1779679310
|move|p2a: Regice|Amnesia|p2a: Regice
|-boost|p2a: Regice|spd|2
|move|p1a: Gyarados|Waterfall|p2a: Regice
|-damage|p2a: Regice|63/100
|
|-weather|Snowscape|[upkeep]
|-heal|p2a: Regice|69/100|[from] ability: Ice Body
|-heal|p2a: Regice|75/100|[from] item: Leftovers
|upkeep
|turn|19
|
|t:|1779679313
|move|p2a: Regice|Blizzard|p1a: Gyarados
|-damage|p1a: Gyarados|75/100 par
|cant|p1a: Gyarados|par
|
|-weather|Snowscape|[upkeep]
|-heal|p2a: Regice|81/100|[from] ability: Ice Body
|-heal|p2a: Regice|87/100|[from] item: Leftovers
|upkeep
|turn|20
|
|t:|1779679318
|move|p2a: Regice|Blizzard|p1a: Gyarados
|-damage|p1a: Gyarados|49/100 par
|cant|p1a: Gyarados|par
|
|-weather|none
|-heal|p2a: Regice|93/100|[from] item: Leftovers
|upkeep
|turn|21
|
|t:|1779679322
|move|p2a: Regice|Snowscape|p2a: Regice
|-weather|Snowscape
|move|p1a: Gyarados|Endeavor|p2a: Regice
|-damage|p2a: Regice|46/100
|
|-weather|Snowscape|[upkeep]
|-heal|p2a: Regice|52/100|[from] ability: Ice Body
|-heal|p2a: Regice|58/100|[from] item: Leftovers
|upkeep
|turn|22
|
|t:|1779679327
|move|p2a: Regice|Blizzard|p1a: Gyarados
|-damage|p1a: Gyarados|23/100 par
|move|p1a: Gyarados|Dragon Tail|p2a: Regice
|-damage|p2a: Regice|45/100
|drag|p2a: Regigigas|Regigigas|100/100
|-start|p2a: Regigigas|ability: Slow Start
|
|-weather|Snowscape|[upkeep]
|upkeep
|turn|23
|
|t:|1779679334
|move|p1a: Gyarados|Endeavor|p2a: Regigigas
|-damage|p2a: Regigigas|19/100
|move|p2a: Regigigas|Body Slam|p1a: Gyarados
|-damage|p1a: Gyarados|0 fnt
|faint|p1a: Gyarados
|
|-weather|Snowscape|[upkeep]
|-heal|p2a: Regigigas|25/100|[from] item: Leftovers
|upkeep
|
|t:|1779679341
|switch|p1a: Gengar|Gengar, F, shiny|100/100
|turn|24
|
|t:|1779679345
|move|p1a: Gengar|Sludge Bomb|p2a: Regigigas
|-damage|p2a: Regigigas|0 fnt
|faint|p2a: Regigigas
|-end|p2a: Regigigas|Slow Start|[silent]
|
|-weather|Snowscape|[upkeep]
|upkeep
|
|t:|1779679347
|switch|p2a: Regice|Regice|45/100
|turn|25
|
|t:|1779679352
|move|p1a: Gengar|Sludge Bomb|p2a: Regice
|-damage|p2a: Regice|25/100
|move|p2a: Regice|Amnesia|p2a: Regice
|-boost|p2a: Regice|spd|2
|
|-weather|none
|-heal|p2a: Regice|31/100|[from] item: Leftovers
|upkeep
|turn|26
|
|t:|1779679357
|move|p1a: Gengar|Sludge Bomb|p2a: Regice
|-damage|p2a: Regice|19/100
|move|p2a: Regice|Snowscape|p2a: Regice
|-weather|Snowscape
|
|-weather|Snowscape|[upkeep]
|-heal|p2a: Regice|25/100|[from] ability: Ice Body
|-heal|p2a: Regice|32/100|[from] item: Leftovers
|upkeep
|turn|27
|
|t:|1779679361
|move|p1a: Gengar|Sludge Bomb|p2a: Regice
|-crit|p2a: Regice
|-damage|p2a: Regice|0 fnt
|faint|p2a: Regice
|
|-weather|Snowscape|[upkeep]
|upkeep
|
|t:|1779679364
|switch|p2a: Regieleki|Regieleki|39/100 psn
|turn|28
|
|t:|1779679368
|switch|p1a: Garchomp|Garchomp, M, shiny|90/100
|move|p2a: Regieleki|Volt Switch|p1a: Garchomp
|-immune|p1a: Garchomp
|
|-weather|Snowscape|[upkeep]
|-damage|p2a: Regieleki|27/100 psn|[from] psn
|upkeep
|turn|29
|-message|gummiworm forfeited.
|
|win|KeIpie
|raw|KeIpie's rating: 1147 &rarr; <strong>1171</strong><br />(+24 for winning)
|raw|gummiworm's rating: 1140 &rarr; <strong>1116</strong><br />(-24 for losing)
|l|☆gummiworm
|player|p2|
|l|☆KeIpie
|player|p1|
