|badge|p1|bronze|gen9ou|100-9
|uhtml|medal-msg|<div class="broadcast-blue">Curious what those medals under the avatar are? PS now has Ladder Seasons! For more information, check out the <a href="https://www.smogon.com/forums/threads/3740067/">thread on Smogon.</a></div>
|badge|p2|silver|gen9ou|30-9
|uhtml|medal-msg|<div class="broadcast-blue">Curious what those medals under the avatar are? PS now has Ladder Seasons! For more information, check out the <a href="https://www.smogon.com/forums/threads/3740067/">thread on Smogon.</a></div>
|j|☆Trainer #39
|j|‽ClRCUS MAXIMUS
|t:|1779635150
|gametype|singles
|player|p1|Trainer #39|bugsy|1865
|player|p2|ClRCUS MAXIMUS|rood|1902
|gen|9
|tier|[Gen 9] OU
|rated|
|rule|HP Percentage Mod: HP is shown in percentages
|rule|Endless Battle Clause: Forcing endless battles is banned
|rule|Species Clause: Limit one of each Pokémon
|rule|OHKO Clause: OHKO moves are banned
|rule|Evasion Items Clause: Evasion items are banned
|rule|Evasion Moves Clause: Evasion moves are banned
|rule|Evasion Abilities Clause: Evasion abilities are banned
|rule|Sleep Moves Clause: Sleep-inducing moves are banned
|clearpoke
|poke|p1|Blissey, F|
|poke|p1|Corviknight, M|
|poke|p1|Dondozo, M|
|poke|p1|Gliscor, M|
|poke|p1|Clefable, M|
|poke|p1|Slowking-Galar, M|
|poke|p2|Raging Bolt|
|poke|p2|Glimmora, M|
|poke|p2|Great Tusk|
|poke|p2|Deoxys-Speed|
|poke|p2|Gholdengo|
|poke|p2|Tornadus-Therian, M|
|teampreview
|
|t:|1779635166
|teamsize|p1|6
|teamsize|p2|6
|start
|switch|p1a: Free Palestine|Gliscor, M|100/100
|switch|p2a: Glimmora|Glimmora, M, shiny|100/100
|turn|1
|
|t:|1779635169
|switch|p2a: Deoxys|Deoxys-Speed, shiny|100/100
|-ability|p2a: Deoxys|Pressure
|move|p1a: Free Palestine|Protect||[still]
|-fail|p1a: Free Palestine
|
|-status|p1a: Free Palestine|tox|[from] item: Toxic Orb
|upkeep
|turn|2
|
|t:|1779635172
|switch|p1a: Free Lebanon|Clefable, M|100/100
|move|p2a: Deoxys|Taunt|p1a: Free Lebanon
|-start|p1a: Free Lebanon|move: Taunt
|
|upkeep
|turn|3
|
|t:|1779635174
|move|p2a: Deoxys|Stealth Rock|p1a: Free Lebanon
|-sidestart|p1: Trainer #39|move: Stealth Rock
|move|p1a: Free Lebanon|Knock Off|p2a: Deoxys
|-supereffective|p2a: Deoxys
|-damage|p2a: Deoxys|66/100
|-enditem|p2a: Deoxys|Light Clay|[from] move: Knock Off|[of] p1a: Free Lebanon
|
|upkeep
|turn|4
|inactive|Battle timer is ON: inactive players will automatically lose when time's up. (requested by ClRCUS MAXIMUS)
|
|t:|1779635183
|move|p2a: Deoxys|Light Screen|p2a: Deoxys
|-sidestart|p2: ClRCUS MAXIMUS|move: Light Screen
|move|p1a: Free Lebanon|Moonblast|p2a: Deoxys
|-damage|p2a: Deoxys|46/100
|-unboost|p2a: Deoxys|spa|1
|
|-end|p1a: Free Lebanon|move: Taunt
|upkeep
|turn|5
|
|t:|1779635186
|move|p2a: Deoxys|Taunt|p1a: Free Lebanon
|-start|p1a: Free Lebanon|move: Taunt
|move|p1a: Free Lebanon|Knock Off|p2a: Deoxys
|-supereffective|p2a: Deoxys
|-damage|p2a: Deoxys|23/100
|
|upkeep
|turn|6
|
|t:|1779635199
|switch|p2a: Gholdengo|Gholdengo, shiny|100/100
|-item|p2a: Gholdengo|Air Balloon
|move|p1a: Free Lebanon|Knock Off|p2a: Gholdengo
|-supereffective|p2a: Gholdengo
|-damage|p2a: Gholdengo|60/100
|-enditem|p2a: Gholdengo|Air Balloon
|
|upkeep
|turn|7
|
|t:|1779635203
|switch|p1a: brat|Blissey, F|100/100
|move|p2a: Gholdengo|Nasty Plot|p2a: Gholdengo
|-boost|p2a: Gholdengo|spa|2
|
|upkeep
|turn|8
|j| kanaete onegai
|
|t:|1779635205
|move|p2a: Gholdengo|Focus Blast|p1a: brat
|-supereffective|p1a: brat
|-damage|p1a: brat|37/100
|move|p1a: brat|Calm Mind|p1a: brat
|-boost|p1a: brat|spa|1
|-boost|p1a: brat|spd|1
|
|-sideend|p2: ClRCUS MAXIMUS|move: Light Screen
|upkeep
|turn|9
|
|t:|1779635209
|move|p2a: Gholdengo|Psyshock|p1a: brat
|-damage|p1a: brat|0 fnt
|faint|p1a: brat
|
|upkeep
|
|t:|1779635211
|switch|p1a: Free Lebanon|Clefable, M|100/100
|turn|10
|
|t:|1779635212
|move|p2a: Gholdengo|Shadow Ball|p1a: Free Lebanon
|-damage|p1a: Free Lebanon|71/100
|move|p1a: Free Lebanon|Wish|p1a: Free Lebanon
|
|upkeep
|turn|11
|
|t:|1779635218
|move|p2a: Gholdengo|Psyshock|p1a: Free Lebanon
|-damage|p1a: Free Lebanon|35/100
|move|p1a: Free Lebanon|Knock Off|p2a: Gholdengo
|-supereffective|p2a: Gholdengo
|-damage|p2a: Gholdengo|34/100
|
|-heal|p1a: Free Lebanon|85/100|[from] move: Wish|[wisher] Free Lebanon
|upkeep
|turn|12
|
|t:|1779635227
|switch|p2a: Glimmora|Glimmora, M, shiny|100/100
|move|p1a: Free Lebanon|Wish|p1a: Free Lebanon
|
|upkeep
|turn|13
|
|t:|1779635232
|move|p1a: Free Lebanon|Protect|p1a: Free Lebanon
|-singleturn|p1a: Free Lebanon|Protect
|move|p2a: Glimmora|Mortal Spin|p1a: Free Lebanon
|-activate|p1a: Free Lebanon|move: Protect
|
|-heal|p1a: Free Lebanon|100/100|[from] move: Wish|[wisher] Free Lebanon
|upkeep
|turn|14
|
|t:|1779635235
|switch|p1a: Save Sudan|Slowking-Galar, M|100/100
|-damage|p1a: Save Sudan|88/100|[from] Stealth Rock
|move|p2a: Glimmora|Meteor Beam||[still]
|-prepare|p2a: Glimmora|Meteor Beam
|-boost|p2a: Glimmora|spa|1
|-enditem|p2a: Glimmora|Power Herb
|-anim|p2a: Glimmora|Meteor Beam|p1a: Save Sudan
|-damage|p1a: Save Sudan|19/100
|
|upkeep
|turn|15
|
|t:|1779635239
|switch|p1a: Free Palestine|Gliscor, M|100/100 tox
|-damage|p1a: Free Palestine|88/100 tox|[from] Stealth Rock
|move|p2a: Glimmora|Meteor Beam||[still]
|-prepare|p2a: Glimmora|Meteor Beam
|-boost|p2a: Glimmora|spa|1
|
|-heal|p1a: Free Palestine|100/100 tox|[from] ability: Poison Heal
|upkeep
|turn|16
|
|t:|1779635241
|move|p1a: Free Palestine|Protect|p1a: Free Palestine
|-singleturn|p1a: Free Palestine|Protect
|move|p2a: Glimmora|Meteor Beam|p1a: Free Palestine|[from] lockedmove
|-activate|p1a: Free Palestine|move: Protect
|
|upkeep
|turn|17
|
|t:|1779635256
|move|p2a: Glimmora|Energy Ball|p1a: Free Palestine
|-damage|p1a: Free Palestine|19/100 tox
|move|p1a: Free Palestine|Earthquake|p2a: Glimmora
|-supereffective|p2a: Glimmora
|-damage|p2a: Glimmora|0 fnt
|-activate|p2a: Glimmora|ability: Toxic Debris
|-sidestart|p1: Trainer #39|move: Toxic Spikes
|faint|p2a: Glimmora
|
|-heal|p1a: Free Palestine|32/100 tox|[from] ability: Poison Heal
|upkeep
|
|t:|1779635262
|switch|p2a: Great Tusk|Great Tusk, shiny|100/100
|-enditem|p2a: Great Tusk|Booster Energy
|-activate|p2a: Great Tusk|ability: Protosynthesis|[fromitem]
|-start|p2a: Great Tusk|protosynthesisatk
|turn|18
|
|t:|1779635267
|move|p1a: Free Palestine|Protect|p1a: Free Palestine
|-singleturn|p1a: Free Palestine|Protect
|move|p2a: Great Tusk|Bulk Up|p2a: Great Tusk
|-boost|p2a: Great Tusk|atk|1
|-boost|p2a: Great Tusk|def|1
|
|-heal|p1a: Free Palestine|44/100 tox|[from] ability: Poison Heal
|upkeep
|turn|19
|
|t:|1779635270
|switch|p1a: 808 and curses|Dondozo, M|100/100
|-damage|p1a: 808 and curses|88/100|[from] Stealth Rock
|-status|p1a: 808 and curses|psn
|move|p2a: Great Tusk|Head Smash|p1a: 808 and curses|[miss]
|-miss|p2a: Great Tusk|p1a: 808 and curses
|
|-heal|p1a: 808 and curses|94/100 psn|[from] item: Leftovers
|-damage|p1a: 808 and curses|82/100 psn|[from] psn
|upkeep
|turn|20
|
|t:|1779635279
|-end|p2a: Great Tusk|Protosynthesis|[silent]
|switch|p2a: Tornadus|Tornadus-Therian, M, shiny|100/100
|move|p1a: 808 and curses|Curse|p1a: 808 and curses
|-unboost|p1a: 808 and curses|spe|1
|-boost|p1a: 808 and curses|atk|1
|-boost|p1a: 808 and curses|def|1
|
|-heal|p1a: 808 and curses|88/100 psn|[from] item: Leftovers
|-damage|p1a: 808 and curses|75/100 psn|[from] psn
|upkeep
|turn|21
|
|t:|1779635285
|switch|p1a: Free Lebanon|Clefable, M|100/100
|move|p2a: Tornadus|Bleakwind Storm|p1a: Free Lebanon|[miss]
|-miss|p2a: Tornadus|p1a: Free Lebanon
|
|upkeep
|turn|22
|
|t:|1779635288
|move|p2a: Tornadus|Bleakwind Storm|p1a: Free Lebanon
|-damage|p1a: Free Lebanon|58/100
|-damage|p2a: Tornadus|91/100|[from] item: Life Orb
|move|p1a: Free Lebanon|Knock Off|p2a: Tornadus
|-damage|p2a: Tornadus|69/100
|-enditem|p2a: Tornadus|Life Orb|[from] move: Knock Off|[of] p1a: Free Lebanon
|
|upkeep
|turn|23
|
|t:|1779635296
|move|p2a: Tornadus|Bleakwind Storm|p1a: Free Lebanon
|-damage|p1a: Free Lebanon|29/100
|move|p1a: Free Lebanon|Wish|p1a: Free Lebanon
|
|upkeep
|turn|24
|
|t:|1779635300
|move|p1a: Free Lebanon|Protect|p1a: Free Lebanon
|-singleturn|p1a: Free Lebanon|Protect
|move|p2a: Tornadus|Bleakwind Storm|p1a: Free Lebanon
|-activate|p1a: Free Lebanon|move: Protect
|
|-heal|p1a: Free Lebanon|79/100|[from] move: Wish|[wisher] Free Lebanon
|upkeep
|turn|25
|
|t:|1779635302
|move|p2a: Tornadus|Bleakwind Storm|p1a: Free Lebanon|[miss]
|-miss|p2a: Tornadus|p1a: Free Lebanon
|move|p1a: Free Lebanon|Wish|p1a: Free Lebanon
|
|upkeep
|turn|26
|
|t:|1779635305
|switch|p2a: Gholdengo|Gholdengo, shiny|34/100
|move|p1a: Free Lebanon|Moonblast|p2a: Gholdengo
|-resisted|p2a: Gholdengo
|-damage|p2a: Gholdengo|17/100
|
|-heal|p1a: Free Lebanon|100/100|[from] move: Wish|[wisher] Free Lebanon
|upkeep
|turn|27
|
|t:|1779635310
|move|p2a: Gholdengo|Shadow Ball|p1a: Free Lebanon
|-damage|p1a: Free Lebanon|67/100
|move|p1a: Free Lebanon|Wish|p1a: Free Lebanon
|
|upkeep
|turn|28
|
|t:|1779635319
|switch|p2a: Great Tusk|Great Tusk, shiny|100/100
|move|p1a: Free Lebanon|Knock Off|p2a: Great Tusk
|-resisted|p2a: Great Tusk
|-damage|p2a: Great Tusk|96/100
|
|-heal|p1a: Free Lebanon|100/100|[from] move: Wish|[wisher] Free Lebanon
|upkeep
|turn|29
|
|t:|1779635322
|switch|p1a: Trump is low IQ|Corviknight, M|100/100
|-damage|p1a: Trump is low IQ|88/100|[from] Stealth Rock
|-ability|p1a: Trump is low IQ|Pressure
|move|p2a: Great Tusk|Headlong Rush|p1a: Trump is low IQ
|-immune|p1a: Trump is low IQ
|
|upkeep
|turn|30
|
|t:|1779635326
|move|p2a: Great Tusk|Head Smash|p1a: Trump is low IQ
|-damage|p1a: Trump is low IQ|58/100
|-damage|p2a: Great Tusk|80/100|[from] item: Rocky Helmet|[of] p1a: Trump is low IQ
|-damage|p2a: Great Tusk|64/100|[from] Recoil
|move|p1a: Trump is low IQ|U-turn|p2a: Great Tusk
|-resisted|p2a: Great Tusk
|-damage|p2a: Great Tusk|59/100
|
|t:|1779635328
|switch|p1a: Free Palestine|Gliscor, M|44/100 tox|[from] U-turn
|-damage|p1a: Free Palestine|32/100 tox|[from] Stealth Rock
|
|-heal|p1a: Free Palestine|44/100 tox|[from] ability: Poison Heal
|upkeep
|turn|31
|
|t:|1779635330
|move|p1a: Free Palestine|Protect|p1a: Free Palestine
|-singleturn|p1a: Free Palestine|Protect
|move|p2a: Great Tusk|Bulk Up|p2a: Great Tusk
|-boost|p2a: Great Tusk|atk|1
|-boost|p2a: Great Tusk|def|1
|
|-heal|p1a: Free Palestine|57/100 tox|[from] ability: Poison Heal
|upkeep
|turn|32
|
|t:|1779635337
|switch|p1a: 808 and curses|Dondozo, M|75/100 psn
|-damage|p1a: 808 and curses|63/100 psn|[from] Stealth Rock
|move|p2a: Great Tusk|Headlong Rush|p1a: 808 and curses
|-damage|p1a: 808 and curses|36/100 psn
|-unboost|p2a: Great Tusk|def|1
|-unboost|p2a: Great Tusk|spd|1
|
|-heal|p1a: 808 and curses|42/100 psn|[from] item: Leftovers
|-damage|p1a: 808 and curses|30/100 psn|[from] psn
|upkeep
|turn|33
|
|t:|1779635343
|move|p2a: Great Tusk|Headlong Rush|p1a: 808 and curses
|-damage|p1a: 808 and curses|1/100 psn
|-unboost|p2a: Great Tusk|def|1
|-unboost|p2a: Great Tusk|spd|1
|move|p1a: 808 and curses|Rest|p1a: 808 and curses
|-status|p1a: 808 and curses|slp|[from] move: Rest
|-heal|p1a: 808 and curses|100/100 slp|[silent]
|
|upkeep
|turn|34
|
|t:|1779635349
|-end|p2a: Great Tusk|Protosynthesis|[silent]
|switch|p2a: Tornadus|Tornadus-Therian, M, shiny|100/100
|cant|p1a: 808 and curses|slp
|move|p1a: 808 and curses|Sleep Talk|p1a: 808 and curses
|move|p1a: 808 and curses|Rest||[from] move: Sleep Talk|[still]
|-fail|p1a: 808 and curses
|
|upkeep
|turn|35
|
|t:|1779635352
|switch|p2a: Great Tusk|Great Tusk, shiny|59/100
|switch|p1a: Free Lebanon|Clefable, M|100/100
|
|upkeep
|turn|36
|
|t:|1779635357
|switch|p1a: Free Palestine|Gliscor, M|57/100 tox
|-damage|p1a: Free Palestine|44/100 tox|[from] Stealth Rock
|move|p2a: Great Tusk|Headlong Rush|p1a: Free Palestine
|-immune|p1a: Free Palestine
|
|-heal|p1a: Free Palestine|57/100 tox|[from] ability: Poison Heal
|upkeep
|turn|37
|
|t:|1779635364
|-end|p2a: Great Tusk|Protosynthesis|[silent]
|switch|p2a: Raging Bolt|Raging Bolt|100/100
|-enditem|p2a: Raging Bolt|Booster Energy
|-activate|p2a: Raging Bolt|ability: Protosynthesis|[fromitem]
|-start|p2a: Raging Bolt|protosynthesisspa
|move|p1a: Free Palestine|Toxic|p2a: Raging Bolt
|-status|p2a: Raging Bolt|tox
|
|-heal|p1a: Free Palestine|69/100 tox|[from] ability: Poison Heal
|-damage|p2a: Raging Bolt|94/100 tox|[from] psn
|upkeep
|turn|38
|
|t:|1779635368
|move|p1a: Free Palestine|Protect|p1a: Free Palestine
|-singleturn|p1a: Free Palestine|Protect
|move|p2a: Raging Bolt|Calm Mind|p2a: Raging Bolt
|-boost|p2a: Raging Bolt|spa|1
|-boost|p2a: Raging Bolt|spd|1
|
|-heal|p1a: Free Palestine|82/100 tox|[from] ability: Poison Heal
|-damage|p2a: Raging Bolt|82/100 tox|[from] psn
|upkeep
|turn|39
|
|t:|1779635370
|switch|p1a: Free Lebanon|Clefable, M|100/100
|move|p2a: Raging Bolt|Thunder|p1a: Free Lebanon|[miss]
|-miss|p2a: Raging Bolt|p1a: Free Lebanon
|
|-damage|p2a: Raging Bolt|63/100 tox|[from] psn
|upkeep
|turn|40
|
|t:|1779635375
|move|p1a: Free Lebanon|Protect|p1a: Free Lebanon
|-singleturn|p1a: Free Lebanon|Protect
|move|p2a: Raging Bolt|Thunder|p1a: Free Lebanon
|-activate|p1a: Free Lebanon|move: Protect
|
|-damage|p2a: Raging Bolt|39/100 tox|[from] psn
|upkeep
|turn|41
|
|t:|1779635377
|move|p2a: Raging Bolt|Thunder|p1a: Free Lebanon
|-crit|p1a: Free Lebanon
|-damage|p1a: Free Lebanon|14/100
|-status|p1a: Free Lebanon|par
|move|p1a: Free Lebanon|Wish|p1a: Free Lebanon
|
|-damage|p2a: Raging Bolt|8/100 tox|[from] psn
|upkeep
|turn|42
|
|t:|1779635385
|cant|p1a: Free Lebanon|par
|move|p2a: Raging Bolt|Thunder|p1a: Free Lebanon
|-damage|p1a: Free Lebanon|0 fnt
|faint|p1a: Free Lebanon
|
|-damage|p2a: Raging Bolt|0 fnt|[from] psn
|faint|p2a: Raging Bolt
|-end|p2a: Raging Bolt|Protosynthesis|[silent]
|upkeep
|
|t:|1779635393
|switch|p2a: Great Tusk|Great Tusk, shiny|59/100
|switch|p1a: Free Palestine|Gliscor, M|82/100 tox
|-damage|p1a: Free Palestine|69/100 tox|[from] Stealth Rock
|turn|43
|
|t:|1779635396
|move|p1a: Free Palestine|Protect|p1a: Free Palestine
|-singleturn|p1a: Free Palestine|Protect
|move|p2a: Great Tusk|Ice Spinner|p1a: Free Palestine
|-activate|p1a: Free Palestine|move: Protect
|
|-heal|p1a: Free Palestine|82/100 tox|[from] ability: Poison Heal
|upkeep
|turn|44
|
|t:|1779635400
|-terastallize|p1a: Free Palestine|Water
|move|p2a: Great Tusk|Ice Spinner|p1a: Free Palestine
|-resisted|p1a: Free Palestine
|-damage|p1a: Free Palestine|73/100 tox
|move|p1a: Free Palestine|Toxic|p2a: Great Tusk
|-status|p2a: Great Tusk|tox
|
|-damage|p2a: Great Tusk|53/100 tox|[from] psn
|-heal|p1a: Free Palestine|86/100 tox|[from] ability: Poison Heal
|upkeep
|turn|45
|
|t:|1779635404
|-end|p2a: Great Tusk|Protosynthesis|[silent]
|switch|p2a: Deoxys|Deoxys-Speed, shiny|23/100
|-ability|p2a: Deoxys|Pressure
|move|p1a: Free Palestine|Protect||[still]
|-fail|p1a: Free Palestine
|
|-heal|p1a: Free Palestine|98/100 tox|[from] ability: Poison Heal
|upkeep
|turn|46
|
|t:|1779635406
|move|p2a: Deoxys|Taunt|p1a: Free Palestine
|-start|p1a: Free Palestine|move: Taunt
|cant|p1a: Free Palestine|move: Taunt|Substitute
|
|-heal|p1a: Free Palestine|100/100 tox|[from] ability: Poison Heal
|upkeep
|turn|47
|
|t:|1779635412
|move|p2a: Deoxys|Reflect|p2a: Deoxys
|-sidestart|p2: ClRCUS MAXIMUS|Reflect
|move|p1a: Free Palestine|Earthquake|p2a: Deoxys
|-damage|p2a: Deoxys|9/100
|
|upkeep
|turn|48
|
|t:|1779635419
|switch|p2a: Great Tusk|Great Tusk, shiny|53/100 tox
|move|p1a: Free Palestine|Earthquake|p2a: Great Tusk
|-damage|p2a: Great Tusk|42/100 tox
|
|-damage|p2a: Great Tusk|36/100 tox|[from] psn
|-end|p1a: Free Palestine|move: Taunt
|upkeep
|turn|49
|
|t:|1779635422
|-end|p2a: Great Tusk|Protosynthesis|[silent]
|switch|p2a: Deoxys|Deoxys-Speed, shiny|9/100
|-ability|p2a: Deoxys|Pressure
|move|p1a: Free Palestine|Substitute|p1a: Free Palestine
|-start|p1a: Free Palestine|Substitute
|-damage|p1a: Free Palestine|76/100 tox
|
|-heal|p1a: Free Palestine|88/100 tox|[from] ability: Poison Heal
|upkeep
|turn|50
|
|t:|1779635426
|move|p2a: Deoxys|Taunt|p1a: Free Palestine
|-start|p1a: Free Palestine|move: Taunt
|move|p1a: Free Palestine|Earthquake|p2a: Deoxys
|-damage|p2a: Deoxys|0 fnt
|faint|p2a: Deoxys
|
|-heal|p1a: Free Palestine|100/100 tox|[from] ability: Poison Heal
|upkeep
|
|t:|1779635428
|switch|p2a: Tornadus|Tornadus-Therian, M, shiny|100/100
|turn|51
|
|t:|1779635431
|move|p2a: Tornadus|Nasty Plot|p2a: Tornadus
|-boost|p2a: Tornadus|spa|2
|move|p1a: Free Palestine|Earthquake|p2a: Tornadus
|-immune|p2a: Tornadus
|
|-sideend|p2: ClRCUS MAXIMUS|Reflect
|upkeep
|turn|52
|
|t:|1779635433
|move|p2a: Tornadus|Dark Pulse|p1a: Free Palestine
|-end|p1a: Free Palestine|Substitute
|move|p1a: Free Palestine|Earthquake|p2a: Tornadus
|-immune|p2a: Tornadus
|
|-end|p1a: Free Palestine|move: Taunt
|upkeep
|turn|53
|
|t:|1779635435
|move|p2a: Tornadus|Bleakwind Storm|p1a: Free Palestine
|-damage|p1a: Free Palestine|0 fnt
|faint|p1a: Free Palestine
|
|upkeep
|
|t:|1779635439
|switch|p1a: 808 and curses|Dondozo, M|100/100 slp
|-damage|p1a: 808 and curses|88/100 slp|[from] Stealth Rock
|turn|54
|
|t:|1779635448
|move|p2a: Tornadus|Bleakwind Storm|p1a: 808 and curses
|-damage|p1a: 808 and curses|44/100 slp
|cant|p1a: 808 and curses|slp
|move|p1a: 808 and curses|Sleep Talk|p1a: 808 and curses
|move|p1a: 808 and curses|Waterfall|p2a: Tornadus|[from] move: Sleep Talk
|-damage|p2a: Tornadus|59/100
|
|-heal|p1a: 808 and curses|50/100 slp|[from] item: Leftovers
|upkeep
|turn|55
|
|t:|1779635459
|move|p2a: Tornadus|Dark Pulse|p1a: 808 and curses
|-damage|p1a: 808 and curses|28/100 slp
|-curestatus|p1a: 808 and curses|slp|[msg]
|move|p1a: 808 and curses|Rest|p1a: 808 and curses
|-status|p1a: 808 and curses|slp|[from] move: Rest
|-heal|p1a: 808 and curses|100/100 slp|[silent]
|
|upkeep
|turn|56
|
|t:|1779635466
|move|p2a: Tornadus|Bleakwind Storm|p1a: 808 and curses
|-damage|p1a: 808 and curses|53/100 slp
|-unboost|p1a: 808 and curses|spe|1
|cant|p1a: 808 and curses|slp
|move|p1a: 808 and curses|Sleep Talk|p1a: 808 and curses
|move|p1a: 808 and curses|Curse|p1a: 808 and curses|[from] move: Sleep Talk
|-unboost|p1a: 808 and curses|spe|1
|-boost|p1a: 808 and curses|atk|1
|-boost|p1a: 808 and curses|def|1
|
|-heal|p1a: 808 and curses|59/100 slp|[from] item: Leftovers
|upkeep
|turn|57
|
|t:|1779635475
|-terastallize|p2a: Tornadus|Dark
|move|p2a: Tornadus|Dark Pulse|p1a: 808 and curses
|-damage|p1a: 808 and curses|24/100 slp
|cant|p1a: 808 and curses|slp
|move|p1a: 808 and curses|Sleep Talk|p1a: 808 and curses
|move|p1a: 808 and curses|Rest||[from] move: Sleep Talk|[still]
|-fail|p1a: 808 and curses
|
|-heal|p1a: 808 and curses|30/100 slp|[from] item: Leftovers
|upkeep
|turn|58
|
|t:|1779635480
|move|p2a: Tornadus|Dark Pulse|p1a: 808 and curses
|-damage|p1a: 808 and curses|0 fnt
|faint|p1a: 808 and curses
|
|upkeep
|l|☆Trainer #39
|inactive|Trainer #39 disconnected and has a minute to reconnect!
|player|p1|
|j| nesnot
|inactive|Trainer #39 has 30 seconds to reconnect!
|j| jolteon1000kwh
|inactive|Trainer #39 has 20 seconds to reconnect!
|inactive|Trainer #39 has 15 seconds to reconnect!
|inactive|Trainer #39 has 10 seconds to reconnect!
|c| nesnot|The salt is strong
|inactive|Trainer #39 has 5 seconds to reconnect!
|-message|Trainer #39 lost due to inactivity.
|
|win|ClRCUS MAXIMUS
|raw|Trainer #39's rating: 1865 &rarr; <strong>1847</strong><br />(-18 for losing)
|raw|ClRCUS MAXIMUS's rating: 1902 &rarr; <strong>1920</strong><br />(+18 for winning)
|l| nesnot
|l|‽ClRCUS MAXIMUS
|player|p2|
