|j|☆darretyle
|j|☆MangLe12138
|t:|1779695875
|gametype|singles
|player|p1|darretyle|bugcatcher-gen4dp|1520
|player|p2|MangLe12138|pokefan|1467
|gen|9
|tier|[Gen 9] OU
|rated|
|rule|HP Percentage Mod: HP is shown in percentages
|rule|Endless Battle Clause: Forcing endless battles is banned
|rule|Species Clause: Limit one of each Pokémon
|rule|OHKO Clause: OHKO moves are banned
|rule|Evasion Items Clause: Evasion items are banned
|rule|Evasion Moves Clause: Evasion moves are banned
|rule|Evasion Abilities Clause: Evasion abilities are banned
|rule|Sleep Moves Clause: Sleep-inducing moves are banned
|clearpoke
|poke|p1|Zamazenta-*|
|poke|p1|Darkrai|
|poke|p1|Ting-Lu|
|poke|p1|Goodra-Hisui, F|
|poke|p1|Skeledirge, M|
|poke|p1|Corviknight, M|
|poke|p2|Scizor, F|
|poke|p2|Manaphy|
|poke|p2|Latios, M|
|poke|p2|Ogerpon, F|
|poke|p2|Iron Jugulis|
|poke|p2|Garchomp, F|
|teampreview
|
|t:|1779695903
|teamsize|p1|6
|teamsize|p2|6
|start
|switch|p1a: Zamazenta|Zamazenta|100/100
|switch|p2a: Iron Jugulis|Iron Jugulis|100/100
|-ability|p1a: Zamazenta|Dauntless Shield|boost
|-boost|p1a: Zamazenta|def|1
|-enditem|p2a: Iron Jugulis|Booster Energy
|-activate|p2a: Iron Jugulis|ability: Quark Drive|[fromitem]
|-start|p2a: Iron Jugulis|quarkdrivespe
|turn|1
|inactive|Battle timer is ON: inactive players will automatically lose when time's up. (requested by MangLe12138)
|
|t:|1779695920
|switch|p1a: Ting-Lu|Ting-Lu|100/100
|-ability|p1a: Ting-Lu|Vessel of Ruin
|move|p2a: Iron Jugulis|Hurricane|p1a: Ting-Lu
|-damage|p1a: Ting-Lu|80/100
|
|upkeep
|turn|2
|
|t:|1779695928
|move|p2a: Iron Jugulis|Taunt|p1a: Ting-Lu
|-start|p1a: Ting-Lu|move: Taunt
|move|p1a: Ting-Lu|Stone Edge|p2a: Iron Jugulis
|-supereffective|p2a: Iron Jugulis
|-damage|p2a: Iron Jugulis|30/100
|
|upkeep
|turn|3
|
|t:|1779695942
|-end|p2a: Iron Jugulis|Quark Drive|[silent]
|switch|p2a: Ogerpon|Ogerpon, F|100/100
|move|p1a: Ting-Lu|Heavy Slam|p2a: Ogerpon
|-damage|p2a: Ogerpon|55/100
|
|upkeep
|turn|4
|
|t:|1779695958
|switch|p1a: Goodra|Goodra-Hisui, F|100/100
|move|p2a: Ogerpon|Swords Dance|p2a: Ogerpon
|-boost|p2a: Ogerpon|atk|2
|
|upkeep
|turn|5
|
|t:|1779695970
|move|p2a: Ogerpon|Rock Tomb|p1a: Goodra
|-resisted|p1a: Goodra
|-damage|p1a: Goodra|75/100
|-unboost|p1a: Goodra|spe|1
|-damage|p2a: Ogerpon|45/100|[from] item: Life Orb
|move|p1a: Goodra|Ice Beam|p2a: Ogerpon
|-supereffective|p2a: Ogerpon
|-damage|p2a: Ogerpon|0 fnt
|faint|p2a: Ogerpon
|
|upkeep
|
|t:|1779695978
|switch|p2a: Garchomp|Garchomp, F|100/100
|turn|6
|
|t:|1779696001
|switch|p1a: Corviknight|Corviknight, M|100/100
|move|p2a: Garchomp|Earthquake|p1a: Corviknight
|-immune|p1a: Corviknight
|
|upkeep
|turn|7
|
|t:|1779696006
|move|p2a: Garchomp|Fire Blast|p1a: Corviknight|[miss]
|-miss|p2a: Garchomp|p1a: Corviknight
|move|p1a: Corviknight|Body Press|p2a: Garchomp
|-damage|p2a: Garchomp|76/100
|-damage|p1a: Corviknight|88/100|[from] ability: Rough Skin|[of] p2a: Garchomp
|
|upkeep
|turn|8
|
|t:|1779696016
|switch|p1a: Zamazenta|Zamazenta|100/100
|move|p2a: Garchomp|Stealth Rock|p1a: Zamazenta
|-sidestart|p1: darretyle|move: Stealth Rock
|
|upkeep
|turn|9
|
|t:|1779696024
|move|p1a: Zamazenta|Ice Fang|p2a: Garchomp
|-supereffective|p2a: Garchomp
|-damage|p2a: Garchomp|0 fnt
|-damage|p1a: Zamazenta|88/100|[from] ability: Rough Skin|[of] p2a: Garchomp
|faint|p2a: Garchomp
|
|upkeep
|
|t:|1779696033
|switch|p2a: Latios|Latios, M|100/100
|turn|10
|
|t:|1779696042
|switch|p1a: Ting-Lu|Ting-Lu|80/100
|-damage|p1a: Ting-Lu|74/100|[from] Stealth Rock
|-ability|p1a: Ting-Lu|Vessel of Ruin
|move|p2a: Latios|Agility|p2a: Latios
|-boost|p2a: Latios|spe|2
|
|upkeep
|turn|11
|
|t:|1779696048
|move|p2a: Latios|Calm Mind|p2a: Latios
|-boost|p2a: Latios|spa|1
|-boost|p2a: Latios|spd|1
|move|p1a: Ting-Lu|Heavy Slam|p2a: Latios
|-damage|p2a: Latios|65/100
|
|upkeep
|turn|12
|
|t:|1779696070
|-terastallize|p1a: Ting-Lu|Water
|move|p2a: Latios|Calm Mind|p2a: Latios
|-boost|p2a: Latios|spa|1
|-boost|p2a: Latios|spd|1
|move|p1a: Ting-Lu|Heavy Slam|p2a: Latios
|-damage|p2a: Latios|31/100
|
|upkeep
|turn|13
|
|t:|1779696088
|move|p2a: Latios|Stored Power|p1a: Ting-Lu
|-damage|p1a: Ting-Lu|30/100
|move|p1a: Ting-Lu|Throat Chop|p2a: Latios
|-supereffective|p2a: Latios
|-damage|p2a: Latios|0 fnt
|faint|p2a: Latios
|
|upkeep
|
|t:|1779696100
|switch|p2a: Iron Jugulis|Iron Jugulis|30/100
|turn|14
|
|t:|1779696110
|move|p2a: Iron Jugulis|Hurricane|p1a: Ting-Lu
|-damage|p1a: Ting-Lu|10/100
|move|p1a: Ting-Lu|Stone Edge|p2a: Iron Jugulis|[miss]
|-miss|p1a: Ting-Lu|p2a: Iron Jugulis
|
|upkeep
|turn|15
|
|t:|1779696115
|move|p2a: Iron Jugulis|Dark Pulse|p1a: Ting-Lu
|-damage|p1a: Ting-Lu|0 fnt
|faint|p1a: Ting-Lu
|
|upkeep
|
|t:|1779696134
|switch|p1a: Zamazenta|Zamazenta|88/100
|-damage|p1a: Zamazenta|82/100|[from] Stealth Rock
|turn|16
|inactive|MangLe12138 has 120 seconds left.
|
|t:|1779696181
|move|p1a: Zamazenta|Close Combat|p2a: Iron Jugulis
|-crit|p2a: Iron Jugulis
|-damage|p2a: Iron Jugulis|0 fnt
|-unboost|p1a: Zamazenta|def|1
|-unboost|p1a: Zamazenta|spd|1
|faint|p2a: Iron Jugulis
|-end|p2a: Iron Jugulis|Quark Drive|[silent]
|
|upkeep
|
|t:|1779696199
|switch|p2a: Manaphy|Manaphy|100/100
|turn|17
|
|t:|1779696204
|move|p1a: Zamazenta|Close Combat|p2a: Manaphy
|-damage|p2a: Manaphy|12/100
|-unboost|p1a: Zamazenta|def|1
|-unboost|p1a: Zamazenta|spd|1
|-enditem|p2a: Manaphy|Sitrus Berry|[eat]
|-heal|p2a: Manaphy|37/100|[from] item: Sitrus Berry
|move|p2a: Manaphy|Tail Glow|p2a: Manaphy
|-boost|p2a: Manaphy|spa|3
|
|upkeep
|turn|18
|inactive|MangLe12138 has 90 seconds left.
|
|t:|1779696235
|move|p1a: Zamazenta|Close Combat|p2a: Manaphy
|-damage|p2a: Manaphy|0 fnt
|-unboost|p1a: Zamazenta|def|1
|-unboost|p1a: Zamazenta|spd|1
|faint|p2a: Manaphy
|
|upkeep
|
|t:|1779696238
|switch|p2a: Scizor|Scizor, F|100/100
|turn|19
|
|t:|1779696247
|move|p2a: Scizor|Bullet Punch|p1a: Zamazenta
|-damage|p1a: Zamazenta|7/100
|move|p1a: Zamazenta|Close Combat|p2a: Scizor
|-damage|p2a: Scizor|10/100
|-unboost|p1a: Zamazenta|def|1
|-unboost|p1a: Zamazenta|spd|1
|-enditem|p2a: Scizor|Sitrus Berry|[eat]
|-heal|p2a: Scizor|35/100|[from] item: Sitrus Berry
|
|upkeep
|turn|20
|
|t:|1779696254
|switch|p1a: Skeledirge|Skeledirge, M|100/100
|move|p2a: Scizor|Bullet Punch|p1a: Skeledirge
|-resisted|p1a: Skeledirge
|-damage|p1a: Skeledirge|90/100
|
|upkeep
|turn|21
|
|t:|1779696257
|move|p1a: Skeledirge|Torch Song|p2a: Scizor
|-supereffective|p2a: Scizor
|-damage|p2a: Scizor|0 fnt
|-boost|p1a: Skeledirge|spa|1
|faint|p2a: Scizor
|
|win|darretyle
|raw|darretyle's rating: 1520 &rarr; <strong>1537</strong><br />(+17 for winning)
|raw|MangLe12138's rating: 1467 &rarr; <strong>1450</strong><br />(-17 for losing)
