|j|☆diegoparra27
|j|☆a2533540231
|t:|1779713966
|gametype|singles
|player|p1|diegoparra27|170|1106
|player|p2|a2533540231|1|1088
|gen|9
|tier|[Gen 9] OU
|rated|
|rule|HP Percentage Mod: HP is shown in percentages
|rule|Endless Battle Clause: Forcing endless battles is banned
|rule|Species Clause: Limit one of each Pokémon
|rule|OHKO Clause: OHKO moves are banned
|rule|Evasion Items Clause: Evasion items are banned
|rule|Evasion Moves Clause: Evasion moves are banned
|rule|Evasion Abilities Clause: Evasion abilities are banned
|rule|Sleep Moves Clause: Sleep-inducing moves are banned
|clearpoke
|poke|p1|Weezing-Galar, F|
|poke|p1|Gliscor, M|
|poke|p1|Blissey, F|
|poke|p1|Corviknight, M|
|poke|p1|Dondozo, F|
|poke|p1|Toxapex, F|
|poke|p2|Hitmontop, M|
|poke|p2|Grimmsnarl, M|
|poke|p2|Zapdos|
|poke|p2|Alomomola, F|
|poke|p2|Gliscor, F|
|poke|p2|Meowscarada, M|
|teampreview
|inactive|Battle timer is ON: inactive players will automatically lose when time's up. (requested by diegoparra27)
|
|t:|1779713982
|teamsize|p1|6
|teamsize|p2|6
|start
|switch|p1a: Gliscor|Gliscor, M|100/100
|switch|p2a: Grimmsnarl|Grimmsnarl, M|100/100
|turn|1
|
|t:|1779713997
|move|p2a: Grimmsnarl|Taunt|p1a: Gliscor
|-start|p1a: Gliscor|move: Taunt
|move|p1a: Gliscor|Knock Off|p2a: Grimmsnarl
|-resisted|p2a: Grimmsnarl
|-damage|p2a: Grimmsnarl|94/100
|-enditem|p2a: Grimmsnarl|Leftovers|[from] move: Knock Off|[of] p1a: Gliscor
|
|-status|p1a: Gliscor|tox|[from] item: Toxic Orb
|upkeep
|turn|2
|
|t:|1779714006
|move|p2a: Grimmsnarl|Parting Shot|p1a: Gliscor
|-unboost|p1a: Gliscor|atk|1
|-unboost|p1a: Gliscor|spa|1
|
|t:|1779714009
|switch|p2a: Alomomola|Alomomola, F|100/100|[from] Parting Shot
|move|p1a: Gliscor|Earthquake|p2a: Alomomola
|-damage|p2a: Alomomola|87/100
|
|upkeep
|turn|3
|
|t:|1779714015
|move|p1a: Gliscor|Knock Off|p2a: Alomomola
|-damage|p2a: Alomomola|78/100
|-damage|p1a: Gliscor|84/100 tox|[from] item: Rocky Helmet|[of] p2a: Alomomola
|-enditem|p2a: Alomomola|Rocky Helmet|[from] move: Knock Off|[of] p1a: Gliscor
|move|p2a: Alomomola|Flip Turn|p1a: Gliscor
|-supereffective|p1a: Gliscor
|-damage|p1a: Gliscor|55/100 tox
|
|t:|1779714019
|switch|p2a: Meowscarada|Meowscarada, M|100/100|[from] Flip Turn
|
|-heal|p1a: Gliscor|68/100 tox|[from] ability: Poison Heal
|-end|p1a: Gliscor|move: Taunt
|upkeep
|turn|4
|
|t:|1779714026
|move|p1a: Gliscor|Protect|p1a: Gliscor
|-singleturn|p1a: Gliscor|Protect
|move|p2a: Meowscarada|Triple Axel|p1a: Gliscor
|-start|p2a: Meowscarada|typechange|Ice|[from] ability: Protean
|-activate|p1a: Gliscor|move: Protect
|
|-heal|p1a: Gliscor|80/100 tox|[from] ability: Poison Heal
|upkeep
|turn|5
|
|t:|1779714046
|switch|p1a: Corviknight|Corviknight, M|100/100
|-ability|p1a: Corviknight|Pressure
|move|p2a: Meowscarada|Triple Axel|p1a: Corviknight
|-damage|p1a: Corviknight|95/100
|-damage|p1a: Corviknight|82/100
|-damage|p1a: Corviknight|65/100
|-hitcount|p1a: Corviknight|3
|
|-heal|p1a: Corviknight|71/100|[from] item: Leftovers
|upkeep
|turn|6
|inactive|a2533540231 has 120 seconds left.
|
|t:|1779714075
|switch|p2a: Alomomola|Alomomola, F|100/100
|move|p1a: Corviknight|Iron Defense|p1a: Corviknight
|-boost|p1a: Corviknight|def|2
|
|-heal|p1a: Corviknight|77/100|[from] item: Leftovers
|upkeep
|turn|7
|
|t:|1779714083
|move|p1a: Corviknight|Body Press|p2a: Alomomola
|-damage|p2a: Alomomola|70/100
|move|p2a: Alomomola|Flip Turn|p1a: Corviknight
|-damage|p1a: Corviknight|71/100
|
|t:|1779714088
|switch|p2a: Zapdos|Zapdos|100/100|[from] Flip Turn
|
|-heal|p1a: Corviknight|78/100|[from] item: Leftovers
|upkeep
|turn|8
|
|t:|1779714097
|switch|p1a: Gliscor|Gliscor, M|80/100 tox
|move|p2a: Zapdos|Hurricane|p1a: Gliscor
|-damage|p1a: Gliscor|34/100 tox
|
|-heal|p1a: Gliscor|47/100 tox|[from] ability: Poison Heal
|upkeep
|turn|9
|
|t:|1779714111
|move|p1a: Gliscor|Protect|p1a: Gliscor
|-singleturn|p1a: Gliscor|Protect
|move|p2a: Zapdos|Hurricane|p1a: Gliscor
|-activate|p1a: Gliscor|move: Protect
|
|-heal|p1a: Gliscor|59/100 tox|[from] ability: Poison Heal
|upkeep
|turn|10
|
|t:|1779714118
|switch|p2a: Alomomola|Alomomola, F|100/100
|switch|p1a: Blissey|Blissey, F|100/100
|
|upkeep
|turn|11
|
|t:|1779714122
|move|p2a: Alomomola|Flip Turn|p1a: Blissey
|-damage|p1a: Blissey|83/100
|
|t:|1779714139
|switch|p2a: Hitmontop|Hitmontop, M|100/100|[from] Flip Turn
|move|p1a: Blissey|Stealth Rock|p2a: Hitmontop
|-sidestart|p2: a2533540231|move: Stealth Rock
|
|-heal|p1a: Blissey|90/100|[from] item: Leftovers
|upkeep
|turn|12
|inactive|diegoparra27 has 120 seconds left.
|
|t:|1779714192
|switch|p1a: Weezing|Weezing-Galar, F|100/100
|-ability|p1a: Weezing|Neutralizing Gas
|move|p2a: Hitmontop|Fake Out|p1a: Weezing
|-damage|p1a: Weezing|92/100
|
|upkeep
|turn|13
|inactive|diegoparra27 has 90 seconds left.
|
|t:|1779714237
|move|p2a: Hitmontop|Rapid Spin|p1a: Weezing
|-damage|p1a: Weezing|82/100
|-boost|p2a: Hitmontop|spe|1
|-sideend|p2: a2533540231|Stealth Rock|[from] move: Rapid Spin|[of] p2a: Hitmontop
|move|p1a: Weezing|Will-O-Wisp|p2a: Hitmontop|[miss]
|-miss|p1a: Weezing|p2a: Hitmontop
|
|upkeep
|turn|14
|inactive|diegoparra27 has 60 seconds left.
|
|t:|1779714257
|move|p2a: Hitmontop|Bullet Punch|p1a: Weezing
|-supereffective|p1a: Weezing
|-damage|p1a: Weezing|66/100
|move|p1a: Weezing|Will-O-Wisp|p2a: Hitmontop
|-status|p2a: Hitmontop|brn
|
|-damage|p2a: Hitmontop|95/100 brn|[from] brn
|upkeep
|turn|15
|
|t:|1779714284
|switch|p2a: Alomomola|Alomomola, F|100/100
|move|p1a: Weezing|Pain Split|p2a: Alomomola
|-sethp|p2a: Alomomola|71/100|[from] move: Pain Split|[silent]
|-sethp|p1a: Weezing|100/100|[from] move: Pain Split
|
|upkeep
|turn|16
|inactive|diegoparra27 has 60 seconds left.
|
|t:|1779714301
|move|p1a: Weezing|Will-O-Wisp|p2a: Alomomola
|-status|p2a: Alomomola|brn
|move|p2a: Alomomola|Flip Turn|p1a: Weezing
|-damage|p1a: Weezing|95/100
|inactive|a2533540231 has 120 seconds left.
|
|t:|1779714333
|switch|p2a: Grimmsnarl|Grimmsnarl, M|94/100|[from] Flip Turn
|
|upkeep
|turn|17
|inactive|diegoparra27 has 60 seconds left.
|
|t:|1779714352
|move|p1a: Weezing|Will-O-Wisp|p2a: Grimmsnarl|[miss]
|-miss|p1a: Weezing|p2a: Grimmsnarl
|move|p2a: Grimmsnarl|Taunt|p1a: Weezing
|-start|p1a: Weezing|move: Taunt
|
|upkeep
|turn|18
|inactive|a2533540231 has 120 seconds left.
|
|t:|1779714373
|-end|p1a: Weezing|ability: Neutralizing Gas
|switch|p1a: Gliscor|Gliscor, M|59/100 tox
|move|p2a: Grimmsnarl|Parting Shot|p1a: Gliscor
|-unboost|p1a: Gliscor|atk|1
|-unboost|p1a: Gliscor|spa|1
|
|t:|1779714387
|switch|p2a: Meowscarada|Meowscarada, M|100/100|[from] Parting Shot
|
|-heal|p1a: Gliscor|72/100 tox|[from] ability: Poison Heal
|upkeep
|turn|19
|inactive|diegoparra27 has 60 seconds left.
|
|t:|1779714421
|move|p1a: Gliscor|Protect|p1a: Gliscor
|-singleturn|p1a: Gliscor|Protect
|move|p2a: Meowscarada|U-turn|p1a: Gliscor
|-start|p2a: Meowscarada|typechange|Bug|[from] ability: Protean
|-activate|p1a: Gliscor|move: Protect
|
|-heal|p1a: Gliscor|84/100 tox|[from] ability: Poison Heal
|upkeep
|turn|20
|
|t:|1779714434
|switch|p1a: Corviknight|Corviknight, M|78/100
|-ability|p1a: Corviknight|Pressure
|move|p2a: Meowscarada|U-turn|p1a: Corviknight
|-resisted|p1a: Corviknight
|-damage|p1a: Corviknight|72/100
|
|t:|1779714443
|switch|p2a: Zapdos|Zapdos|100/100|[from] U-turn
|
|-heal|p1a: Corviknight|78/100|[from] item: Leftovers
|upkeep
|turn|21
|inactive|diegoparra27 has 60 seconds left.
|
|t:|1779714449
|switch|p1a: Gliscor|Gliscor, M|84/100 tox
|move|p2a: Zapdos|Thunderbolt|p1a: Gliscor
|-immune|p1a: Gliscor
|
|-heal|p1a: Gliscor|97/100 tox|[from] ability: Poison Heal
|upkeep
|turn|22
|inactive|a2533540231 has 120 seconds left.
|
|t:|1779714456
|switch|p2a: Alomomola|Alomomola, F|71/100 brn
|switch|p1a: Blissey|Blissey, F|90/100
|
|-heal|p1a: Blissey|96/100|[from] item: Leftovers
|-damage|p2a: Alomomola|65/100 brn|[from] brn
|upkeep
|turn|23
|
|t:|1779714464
|move|p2a: Alomomola|Flip Turn|p1a: Blissey
|-damage|p1a: Blissey|88/100
|inactive|a2533540231 has 120 seconds left.
|
|t:|1779714474
|switch|p2a: Hitmontop|Hitmontop, M|95/100 brn|[from] Flip Turn
|move|p1a: Blissey|Stealth Rock|p2a: Hitmontop
|-sidestart|p2: a2533540231|move: Stealth Rock
|
|-heal|p1a: Blissey|94/100|[from] item: Leftovers
|-damage|p2a: Hitmontop|89/100 brn|[from] brn
|upkeep
|turn|24
|
|t:|1779714487
|switch|p1a: Weezing|Weezing-Galar, F|95/100
|-ability|p1a: Weezing|Neutralizing Gas
|move|p2a: Hitmontop|Rapid Spin|p1a: Weezing
|-damage|p1a: Weezing|90/100
|-boost|p2a: Hitmontop|spe|1
|-sideend|p2: a2533540231|Stealth Rock|[from] move: Rapid Spin|[of] p2a: Hitmontop
|
|-damage|p2a: Hitmontop|83/100 brn|[from] brn
|upkeep
|turn|25
|
|t:|1779714504
|switch|p2a: Alomomola|Alomomola, F|98/100 brn
|move|p1a: Weezing|Toxic Spikes|p2a: Alomomola
|-sidestart|p2: a2533540231|move: Toxic Spikes
|
|-damage|p2a: Alomomola|92/100 brn|[from] brn
|upkeep
|turn|26
|
|t:|1779714510
|move|p1a: Weezing|Toxic Spikes|p2a: Alomomola
|-sidestart|p2: a2533540231|move: Toxic Spikes
|move|p2a: Alomomola|Flip Turn|p1a: Weezing
|-damage|p1a: Weezing|85/100
|
|t:|1779714519
|switch|p2a: Gliscor|Gliscor, F|100/100|[from] Flip Turn
|
|-status|p2a: Gliscor|tox|[from] item: Toxic Orb
|upkeep
|turn|27
|
|t:|1779714529
|-end|p1a: Weezing|ability: Neutralizing Gas
|switch|p1a: Corviknight|Corviknight, M|78/100
|-ability|p1a: Corviknight|Pressure
|move|p2a: Gliscor|U-turn|p1a: Corviknight
|-resisted|p1a: Corviknight
|-damage|p1a: Corviknight|75/100
|
|t:|1779714538
|switch|p2a: Hitmontop|Hitmontop, M|83/100 brn|[from] U-turn
|
|-heal|p1a: Corviknight|82/100|[from] item: Leftovers
|-damage|p2a: Hitmontop|77/100 brn|[from] brn
|upkeep
|turn|28
|
|t:|1779714546
|move|p1a: Corviknight|Body Press|p2a: Hitmontop
|-damage|p2a: Hitmontop|47/100 brn
|move|p2a: Hitmontop|Rapid Spin|p1a: Corviknight
|-resisted|p1a: Corviknight
|-damage|p1a: Corviknight|78/100
|-boost|p2a: Hitmontop|spe|1
|-sideend|p2: a2533540231|Toxic Spikes|[from] move: Rapid Spin|[of] p2a: Hitmontop
|
|-heal|p1a: Corviknight|84/100|[from] item: Leftovers
|-damage|p2a: Hitmontop|41/100 brn|[from] brn
|upkeep
|turn|29
|
|t:|1779714557
|switch|p2a: Alomomola|Alomomola, F|92/100 brn
|switch|p1a: Weezing|Weezing-Galar, F|85/100
|-ability|p1a: Weezing|Neutralizing Gas
|
|-damage|p2a: Alomomola|86/100 brn|[from] brn
|upkeep
|turn|30
|
|t:|1779714561
|move|p1a: Weezing|Toxic Spikes|p2a: Alomomola
|-sidestart|p2: a2533540231|move: Toxic Spikes
|move|p2a: Alomomola|Wish|p2a: Alomomola
|
|-damage|p2a: Alomomola|80/100 brn|[from] brn
|upkeep
|turn|31
|
|t:|1779714565
|move|p1a: Weezing|Toxic Spikes|p2a: Alomomola
|-sidestart|p2: a2533540231|move: Toxic Spikes
|move|p2a: Alomomola|Flip Turn|p1a: Weezing
|-damage|p1a: Weezing|80/100
|
|t:|1779714575
|switch|p2a: Hitmontop|Hitmontop, M|41/100 brn|[from] Flip Turn
|
|-heal|p2a: Hitmontop|100/100 brn|[from] move: Wish|[wisher] Alomomola
|-damage|p2a: Hitmontop|95/100 brn|[from] brn
|upkeep
|turn|32
|
|t:|1779714583
|-terastallize|p1a: Weezing|Ghost
|move|p2a: Hitmontop|Fake Out|p1a: Weezing
|-immune|p1a: Weezing
|move|p1a: Weezing|Pain Split|p2a: Hitmontop
|-sethp|p2a: Hitmontop|91/100 brn|[from] move: Pain Split|[silent]
|-sethp|p1a: Weezing|83/100|[from] move: Pain Split
|
|-damage|p2a: Hitmontop|85/100 brn|[from] brn
|upkeep
|turn|33
|inactive|diegoparra27 has 120 seconds left.
|
|t:|1779714617
|move|p2a: Hitmontop|Rapid Spin|p1a: Weezing
|-immune|p1a: Weezing
|move|p1a: Weezing|Pain Split|p2a: Hitmontop
|-sethp|p2a: Hitmontop|88/100 brn|[from] move: Pain Split|[silent]
|-sethp|p1a: Weezing|80/100|[from] move: Pain Split
|
|-damage|p2a: Hitmontop|82/100 brn|[from] brn
|upkeep
|turn|34
|
|t:|1779714638
|switch|p2a: Alomomola|Alomomola, F|80/100 brn
|move|p1a: Weezing|Will-O-Wisp|p2a: Alomomola
|-fail|p2a: Alomomola|brn
|
|-damage|p2a: Alomomola|74/100 brn|[from] brn
|upkeep
|turn|35
|
|t:|1779714652
|-end|p1a: Weezing|ability: Neutralizing Gas
|switch|p1a: Toxapex|Toxapex, F|100/100
|move|p2a: Alomomola|Flip Turn|p1a: Toxapex
|-resisted|p1a: Toxapex
|-damage|p1a: Toxapex|98/100
|
|t:|1779714658
|switch|p2a: Hitmontop|Hitmontop, M|82/100 brn|[from] Flip Turn
|
|-damage|p2a: Hitmontop|76/100 brn|[from] brn
|upkeep
|turn|36
|
|t:|1779714668
|switch|p1a: Weezing|Weezing-Galar, F, tera:Ghost|80/100
|-ability|p1a: Weezing|Neutralizing Gas
|move|p2a: Hitmontop|Fake Out|p1a: Weezing
|-immune|p1a: Weezing
|
|-damage|p2a: Hitmontop|70/100 brn|[from] brn
|upkeep
|turn|37
|inactive|a2533540231 has 120 seconds left.
|
|t:|1779714704
|switch|p2a: Alomomola|Alomomola, F|100/100 brn
|move|p1a: Weezing|Will-O-Wisp|p2a: Alomomola
|-fail|p2a: Alomomola|brn
|
|-damage|p2a: Alomomola|94/100 brn|[from] brn
|upkeep
|turn|38
|
|t:|1779714711
|-end|p1a: Weezing|ability: Neutralizing Gas
|switch|p1a: Dondozo|Dondozo, F|100/100
|move|p2a: Alomomola|Wish|p2a: Alomomola
|
|-damage|p2a: Alomomola|88/100 brn|[from] brn
|upkeep
|turn|39
|inactive|a2533540231 has 120 seconds left.
|
|t:|1779714718
|move|p2a: Alomomola|Flip Turn|p1a: Dondozo
|-resisted|p1a: Dondozo
|-damage|p1a: Dondozo|99/100
|inactive|a2533540231 has 120 seconds left.
|
|t:|1779714723
|switch|p2a: Zapdos|Zapdos|100/100|[from] Flip Turn
|move|p1a: Dondozo|Curse|p1a: Dondozo
|-unboost|p1a: Dondozo|spe|1
|-boost|p1a: Dondozo|atk|1
|-boost|p1a: Dondozo|def|1
|
|-heal|p1a: Dondozo|100/100|[from] item: Leftovers
|upkeep
|turn|40
|
|t:|1779714733
|switch|p1a: Blissey|Blissey, F|94/100
|move|p2a: Zapdos|Thunderbolt|p1a: Blissey
|-damage|p1a: Blissey|80/100
|
|-heal|p1a: Blissey|86/100|[from] item: Leftovers
|upkeep
|turn|41
|
|t:|1779714738
|move|p2a: Zapdos|U-turn|p1a: Blissey
|-damage|p1a: Blissey|73/100
|
|t:|1779714742
|switch|p2a: Hitmontop|Hitmontop, M|70/100 brn|[from] U-turn
|move|p1a: Blissey|Stealth Rock|p2a: Hitmontop
|-sidestart|p2: a2533540231|move: Stealth Rock
|
|-heal|p1a: Blissey|79/100|[from] item: Leftovers
|-damage|p2a: Hitmontop|65/100 brn|[from] brn
|upkeep
|turn|42
|
|t:|1779714750
|switch|p1a: Weezing|Weezing-Galar, F, tera:Ghost|80/100
|-ability|p1a: Weezing|Neutralizing Gas
|move|p2a: Hitmontop|Bullet Punch|p1a: Weezing
|-damage|p1a: Weezing|76/100
|
|-damage|p2a: Hitmontop|59/100 brn|[from] brn
|upkeep
|turn|43
|
|t:|1779714761
|switch|p2a: Alomomola|Alomomola, F|100/100 brn
|-damage|p2a: Alomomola|88/100 brn|[from] Stealth Rock
|move|p1a: Weezing|Toxic Spikes||[still]
|-fail|p1a: Weezing
|
|-damage|p2a: Alomomola|82/100 brn|[from] brn
|upkeep
|turn|44
|
|t:|1779714779
|move|p1a: Weezing|Toxic Spikes||[still]
|-fail|p1a: Weezing
|move|p2a: Alomomola|Flip Turn|p1a: Weezing
|-damage|p1a: Weezing|70/100
|
|t:|1779714793
|switch|p2a: Gliscor|Gliscor, F|100/100 tox|[from] Flip Turn
|-damage|p2a: Gliscor|88/100 tox|[from] Stealth Rock
|
|-damage|p2a: Gliscor|82/100 tox|[from] psn
|upkeep
|turn|45
|l|☆diegoparra27
|inactive|diegoparra27 disconnected and has a minute to reconnect!
|player|p1|
|inactive|diegoparra27 has 30 seconds to reconnect!
|inactive|diegoparra27 has 20 seconds to reconnect!
|inactive|diegoparra27 has 15 seconds to reconnect!
|inactive|diegoparra27 has 10 seconds to reconnect!
|inactive|diegoparra27 has 5 seconds to reconnect!
|-message|diegoparra27 lost due to inactivity.
|
|win|a2533540231
|raw|diegoparra27's rating: 1106 &rarr; <strong>1080</strong><br />(-26 for losing)
|raw|a2533540231's rating: 1088 &rarr; <strong>1116</strong><br />(+28 for winning)
|l|☆a2533540231
|player|p2|
