|j|☆engeruzimmer
|j|☆StreetBoom
|t:|1779585662
|gametype|singles
|player|p1|engeruzimmer|266|1218
|player|p2|StreetBoom|#wcop2025portugal2|1238
|gen|9
|tier|[Gen 9] OU
|rated|
|rule|HP Percentage Mod: HP is shown in percentages
|rule|Endless Battle Clause: Forcing endless battles is banned
|rule|Species Clause: Limit one of each Pokémon
|rule|OHKO Clause: OHKO moves are banned
|rule|Evasion Items Clause: Evasion items are banned
|rule|Evasion Moves Clause: Evasion moves are banned
|rule|Evasion Abilities Clause: Evasion abilities are banned
|rule|Sleep Moves Clause: Sleep-inducing moves are banned
|clearpoke
|poke|p1|Skeledirge, F|
|poke|p1|Sableye, F|
|poke|p1|Torkoal, M|
|poke|p1|Gastrodon, F|
|poke|p1|Salamence, F|
|poke|p1|Victreebel, F|
|poke|p2|Kyurem|
|poke|p2|Zamazenta-*|
|poke|p2|Zapdos|
|poke|p2|Landorus-Therian, M|
|poke|p2|Weezing-Galar, F|
|poke|p2|Rillaboom, F|
|teampreview
|inactive|Battle timer is ON: inactive players will automatically lose when time's up. (requested by StreetBoom)
|inactive|StreetBoom has 120 seconds left.
|
|t:|1779585702
|teamsize|p1|6
|teamsize|p2|6
|start
|switch|p1a: Sableye|Sableye, F|100/100
|switch|p2a: Zapdos|Zapdos|100/100
|turn|1
|
|t:|1779585721
|move|p1a: Sableye|Light Screen|p1a: Sableye
|-sidestart|p1: engeruzimmer|move: Light Screen
|move|p2a: Zapdos|Volt Switch|p1a: Sableye
|-damage|p1a: Sableye|76/100
|
|t:|1779585731
|switch|p2a: Landorus|Landorus-Therian, M|100/100|[from] Volt Switch
|-ability|p2a: Landorus|Intimidate|boost
|-unboost|p1a: Sableye|atk|1
|
|upkeep
|turn|2
|
|t:|1779585737
|move|p1a: Sableye|Will-O-Wisp|p2a: Landorus
|-status|p2a: Landorus|brn
|move|p2a: Landorus|Taunt|p1a: Sableye
|-start|p1a: Sableye|move: Taunt
|
|-damage|p2a: Landorus|94/100 brn|[from] brn
|upkeep
|turn|3
|
|t:|1779585750
|switch|p1a: Gastrodon|Gastrodon, F|100/100
|move|p2a: Landorus|Stealth Rock|p1a: Gastrodon
|-sidestart|p1: engeruzimmer|move: Stealth Rock
|
|-damage|p2a: Landorus|88/100 brn|[from] brn
|upkeep
|turn|4
|
|t:|1779585756
|move|p2a: Landorus|U-turn|p1a: Gastrodon
|-damage|p1a: Gastrodon|89/100
|
|t:|1779585762
|switch|p2a: Weezing|Weezing-Galar, F|100/100|[from] U-turn
|move|p1a: Gastrodon|Ice Beam|p2a: Weezing
|-damage|p2a: Weezing|82/100
|
|-heal|p2a: Weezing|88/100|[from] item: Leftovers
|-heal|p1a: Gastrodon|95/100|[from] item: Leftovers
|upkeep
|turn|5
|
|t:|1779585771
|move|p2a: Weezing|Strange Steam|p1a: Gastrodon
|-damage|p1a: Gastrodon|84/100
|move|p1a: Gastrodon|Spikes|p2a: Weezing
|-sidestart|p2: StreetBoom|Spikes
|
|-heal|p2a: Weezing|94/100|[from] item: Leftovers
|-heal|p1a: Gastrodon|90/100|[from] item: Leftovers
|upkeep
|turn|6
|
|t:|1779585778
|move|p2a: Weezing|Strange Steam|p1a: Gastrodon
|-damage|p1a: Gastrodon|80/100
|move|p1a: Gastrodon|Spikes|p2a: Weezing
|-sidestart|p2: StreetBoom|Spikes
|
|-heal|p2a: Weezing|99/100|[from] item: Leftovers
|-heal|p1a: Gastrodon|86/100|[from] item: Leftovers
|upkeep
|turn|7
|
|t:|1779585787
|move|p2a: Weezing|Will-O-Wisp|p1a: Gastrodon
|-status|p1a: Gastrodon|brn
|move|p1a: Gastrodon|Ice Beam|p2a: Weezing
|-damage|p2a: Weezing|83/100
|
|-heal|p2a: Weezing|89/100|[from] item: Leftovers
|-heal|p1a: Gastrodon|92/100 brn|[from] item: Leftovers
|-damage|p1a: Gastrodon|86/100 brn|[from] brn
|upkeep
|turn|8
|
|t:|1779585796
|move|p2a: Weezing|Strange Steam|p1a: Gastrodon
|-damage|p1a: Gastrodon|75/100 brn
|move|p1a: Gastrodon|Spikes|p2a: Weezing
|-sidestart|p2: StreetBoom|Spikes
|
|-heal|p2a: Weezing|95/100|[from] item: Leftovers
|-heal|p1a: Gastrodon|81/100 brn|[from] item: Leftovers
|-damage|p1a: Gastrodon|75/100 brn|[from] brn
|-sideend|p1: engeruzimmer|move: Light Screen
|upkeep
|turn|9
|
|t:|1779585806
|move|p2a: Weezing|Defog|p1a: Gastrodon
|-unboost|p1a: Gastrodon|evasion|1
|-sideend|p1: engeruzimmer|Stealth Rock|[from] move: Defog|[of] p2a: Weezing
|-sideend|p2: StreetBoom|Spikes|[from] move: Defog|[of] p2a: Weezing
|move|p1a: Gastrodon|Recover|p1a: Gastrodon
|-heal|p1a: Gastrodon|100/100 brn
|
|-heal|p2a: Weezing|100/100|[from] item: Leftovers
|-damage|p1a: Gastrodon|94/100 brn|[from] brn
|upkeep
|turn|10
|
|t:|1779585825
|switch|p2a: Rillaboom|Rillaboom, F|100/100
|-fieldstart|move: Grassy Terrain|[from] ability: Grassy Surge|[of] p2a: Rillaboom
|switch|p1a: Torkoal|Torkoal, M|100/100
|-weather|SunnyDay|[from] ability: Drought|[of] p1a: Torkoal
|
|-weather|SunnyDay|[upkeep]
|upkeep
|turn|11
|
|t:|1779585837
|switch|p2a: Landorus|Landorus-Therian, M|88/100 brn
|-ability|p2a: Landorus|Intimidate|boost
|-unboost|p1a: Torkoal|atk|1
|move|p1a: Torkoal|Stealth Rock|p2a: Landorus
|-sidestart|p2: StreetBoom|move: Stealth Rock
|
|-weather|SunnyDay|[upkeep]
|-damage|p2a: Landorus|82/100 brn|[from] brn
|upkeep
|turn|12
|
|t:|1779585851
|switch|p1a: Sableye|Sableye, F|76/100
|move|p2a: Landorus|Taunt|p1a: Sableye
|-start|p1a: Sableye|move: Taunt
|
|-weather|SunnyDay|[upkeep]
|-heal|p1a: Sableye|83/100|[from] Grassy Terrain
|-damage|p2a: Landorus|76/100 brn|[from] brn
|upkeep
|turn|13
|
|t:|1779585876
|switch|p1a: Victreebel|Victreebel, F, shiny|100/100
|move|p2a: Landorus|U-turn|p1a: Victreebel
|-damage|p1a: Victreebel|84/100
|
|t:|1779585882
|switch|p2a: Zapdos|Zapdos|100/100|[from] U-turn
|
|-weather|SunnyDay|[upkeep]
|-heal|p1a: Victreebel|90/100|[from] Grassy Terrain
|upkeep
|turn|14
|
|t:|1779585895
|-terastallize|p1a: Victreebel|Fire
|move|p1a: Victreebel|Growth|p1a: Victreebel
|-boost|p1a: Victreebel|atk|2
|-boost|p1a: Victreebel|spa|2
|move|p2a: Zapdos|Heat Wave|p1a: Victreebel
|-resisted|p1a: Victreebel
|-damage|p1a: Victreebel|54/100
|
|-weather|SunnyDay|[upkeep]
|-heal|p1a: Victreebel|60/100|[from] Grassy Terrain
|-fieldend|move: Grassy Terrain
|upkeep
|turn|15
|
|t:|1779585915
|move|p1a: Victreebel|Weather Ball|p2a: Zapdos
|-damage|p2a: Zapdos|0 fnt
|faint|p2a: Zapdos
|
|-weather|SunnyDay|[upkeep]
|upkeep
|
|t:|1779585922
|switch|p2a: Kyurem|Kyurem|100/100
|-damage|p2a: Kyurem|76/100|[from] Stealth Rock
|-ability|p2a: Kyurem|Pressure
|turn|16
|-message|StreetBoom forfeited.
|
|win|engeruzimmer
|raw|engeruzimmer's rating: 1218 &rarr; <strong>1244</strong><br />(+26 for winning)
|raw|StreetBoom's rating: 1238 &rarr; <strong>1212</strong><br />(-26 for losing)
|l|☆StreetBoom
|player|p2|
|l|☆engeruzimmer
|player|p1|
