|j|☆ccirri
|j|☆Mathismathin
|t:|1779555879
|gametype|singles
|player|p1|ccirri|blue|1600
|player|p2|Mathismathin|101|1711
|gen|9
|tier|[Gen 9] OU
|rated|
|rule|HP Percentage Mod: HP is shown in percentages
|rule|Endless Battle Clause: Forcing endless battles is banned
|rule|Species Clause: Limit one of each Pokémon
|rule|OHKO Clause: OHKO moves are banned
|rule|Evasion Items Clause: Evasion items are banned
|rule|Evasion Moves Clause: Evasion moves are banned
|rule|Evasion Abilities Clause: Evasion abilities are banned
|rule|Sleep Moves Clause: Sleep-inducing moves are banned
|clearpoke
|poke|p1|Moltres|
|poke|p1|Umbreon, M|
|poke|p1|Iron Crown|
|poke|p1|Raging Bolt|
|poke|p1|Ogerpon-Wellspring, F|
|poke|p1|Gliscor, M|
|poke|p2|Regice|
|poke|p2|Regidrago|
|poke|p2|Regieleki|
|poke|p2|Regigigas|
|poke|p2|Regirock|
|poke|p2|Registeel|
|teampreview
|inactive|Battle timer is ON: inactive players will automatically lose when time's up. (requested by Mathismathin)
|
|t:|1779555966
|teamsize|p1|6
|teamsize|p2|6
|start
|switch|p1a: Gliscor|Gliscor, M|100/100
|switch|p2a: Regice|Regice, shiny|100/100
|turn|1
|inactive|Mathismathin has 120 seconds left.
|
|t:|1779556025
|switch|p1a: Iron Crown|Iron Crown|100/100
|move|p2a: Regice|Ice Beam|p1a: Iron Crown
|-resisted|p1a: Iron Crown
|-damage|p1a: Iron Crown|88/100
|
|upkeep
|turn|2
|
|t:|1779556039
|switch|p2a: Registeel|Registeel|100/100
|move|p1a: Iron Crown|Focus Blast|p2a: Registeel
|-supereffective|p2a: Registeel
|-damage|p2a: Registeel|55/100
|
|-heal|p2a: Registeel|61/100|[from] item: Leftovers
|upkeep
|turn|3
|
|t:|1779556045
|move|p1a: Iron Crown|Volt Switch|p2a: Registeel
|-damage|p2a: Registeel|48/100
|
|t:|1779556049
|-end|p1a: Iron Crown|Quark Drive|[silent]
|switch|p1a: Gliscor|Gliscor, M|100/100|[from] Volt Switch
|move|p2a: Registeel|Rest|p2a: Registeel
|-status|p2a: Registeel|slp|[from] move: Rest
|-heal|p2a: Registeel|100/100 slp|[silent]
|
|-status|p1a: Gliscor|tox|[from] item: Toxic Orb
|upkeep
|turn|4
|
|t:|1779556052
|switch|p2a: Regice|Regice, shiny|100/100
|move|p1a: Gliscor|Spikes|p2a: Regice
|-sidestart|p2: Mathismathin|Spikes
|
|upkeep
|turn|5
|
|t:|1779556057
|switch|p1a: Umbreon|Umbreon, M|100/100
|move|p2a: Regice|Thunder Wave|p1a: Umbreon
|-status|p1a: Umbreon|par
|-activate|p1a: Umbreon|ability: Synchronize
|-status|p2a: Regice|par
|
|upkeep
|turn|6
|
|t:|1779556061
|cant|p1a: Umbreon|par
|move|p2a: Regice|Ice Beam|p1a: Umbreon
|-damage|p1a: Umbreon|80/100 par
|
|-heal|p1a: Umbreon|86/100 par|[from] item: Leftovers
|upkeep
|turn|7
|
|t:|1779556064
|move|p1a: Umbreon|Wish|p1a: Umbreon
|move|p2a: Regice|Focus Blast|p1a: Umbreon
|-supereffective|p1a: Umbreon
|-damage|p1a: Umbreon|48/100 par
|-unboost|p1a: Umbreon|spd|1
|
|-heal|p1a: Umbreon|54/100 par|[from] item: Leftovers
|upkeep
|turn|8
|
|t:|1779556070
|move|p1a: Umbreon|Protect|p1a: Umbreon
|-singleturn|p1a: Umbreon|Protect
|cant|p2a: Regice|par
|
|-heal|p1a: Umbreon|100/100 par|[from] move: Wish|[wisher] Umbreon
|upkeep
|turn|9
|
|t:|1779556076
|switch|p2a: Regigigas|Regigigas|100/100
|-damage|p2a: Regigigas|88/100|[from] Spikes
|-start|p2a: Regigigas|ability: Slow Start
|move|p1a: Umbreon|Wish|p1a: Umbreon
|
|-heal|p2a: Regigigas|94/100|[from] item: Leftovers
|upkeep
|turn|10
|
|t:|1779556082
|switch|p1a: Gliscor|Gliscor, M|100/100 tox
|move|p2a: Regigigas|Substitute|p2a: Regigigas
|-start|p2a: Regigigas|Substitute
|-damage|p2a: Regigigas|69/100
|
|-heal|p2a: Regigigas|75/100|[from] item: Leftovers
|upkeep
|turn|11
|
|t:|1779556090
|move|p1a: Gliscor|Spikes|p2a: Regigigas
|-sidestart|p2: Mathismathin|Spikes
|move|p2a: Regigigas|Knock Off|p1a: Gliscor
|-damage|p1a: Gliscor|85/100 tox
|-enditem|p1a: Gliscor|Toxic Orb|[from] move: Knock Off|[of] p2a: Regigigas
|
|-heal|p2a: Regigigas|81/100|[from] item: Leftovers
|-heal|p1a: Gliscor|98/100 tox|[from] ability: Poison Heal
|upkeep
|turn|12
|
|t:|1779556106
|move|p1a: Gliscor|Spikes|p2a: Regigigas
|-sidestart|p2: Mathismathin|Spikes
|move|p2a: Regigigas|Knock Off|p1a: Gliscor
|-damage|p1a: Gliscor|88/100 tox
|
|-heal|p2a: Regigigas|87/100|[from] item: Leftovers
|-heal|p1a: Gliscor|99/100 tox|[from] ability: Poison Heal
|upkeep
|turn|13
|
|t:|1779556112
|switch|p1a: Moltres|Moltres|100/100
|move|p2a: Regigigas|Knock Off|p1a: Moltres
|-damage|p1a: Moltres|86/100
|-enditem|p1a: Moltres|Heavy-Duty Boots|[from] move: Knock Off|[of] p2a: Regigigas
|
|-heal|p2a: Regigigas|94/100|[from] item: Leftovers
|upkeep
|turn|14
|inactive|Mathismathin has 120 seconds left.
|
|t:|1779556160
|move|p2a: Regigigas|Knock Off|p1a: Moltres
|-damage|p1a: Moltres|77/100
|move|p1a: Moltres|Roar|p2a: Regigigas
|drag|p2a: Regidrago|Regidrago|100/100
|-damage|p2a: Regidrago|76/100|[from] Spikes
|
|upkeep
|turn|15
|
|t:|1779556166
|move|p2a: Regidrago|Dragon Dance|p2a: Regidrago
|-boost|p2a: Regidrago|atk|1
|-boost|p2a: Regidrago|spe|1
|move|p1a: Moltres|Roost|p1a: Moltres
|-heal|p1a: Moltres|100/100
|-singleturn|p1a: Moltres|move: Roost
|
|upkeep
|turn|16
|
|t:|1779556170
|move|p2a: Regidrago|Scale Shot|p1a: Moltres|[miss]
|-miss|p2a: Regidrago|p1a: Moltres
|move|p1a: Moltres|Will-O-Wisp|p2a: Regidrago
|-status|p2a: Regidrago|brn
|
|-damage|p2a: Regidrago|69/100 brn|[from] brn
|upkeep
|turn|17
|-message|Mathismathin forfeited.
|
|win|ccirri
|raw|ccirri's rating: 1600 &rarr; <strong>1626</strong><br />(+26 for winning)
|raw|Mathismathin's rating: 1711 &rarr; <strong>1685</strong><br />(-26 for losing)
|l|☆Mathismathin
|player|p2|
