|j|☆Ivypool_fan
|j|☆shunnybun
|t:|1779661178
|gametype|singles
|player|p1|Ivypool_fan|lady|1078
|player|p2|shunnybun|101|1067
|gen|9
|tier|[Gen 9] OU
|rated|
|rule|HP Percentage Mod: HP is shown in percentages
|rule|Endless Battle Clause: Forcing endless battles is banned
|rule|Species Clause: Limit one of each Pokémon
|rule|OHKO Clause: OHKO moves are banned
|rule|Evasion Items Clause: Evasion items are banned
|rule|Evasion Moves Clause: Evasion moves are banned
|rule|Evasion Abilities Clause: Evasion abilities are banned
|rule|Sleep Moves Clause: Sleep-inducing moves are banned
|clearpoke
|poke|p1|Zamazenta-*|
|poke|p1|Dragonite, M|
|poke|p1|Gholdengo|
|poke|p1|Great Tusk|
|poke|p1|Garganacl, F|
|poke|p1|Kyurem|
|poke|p2|Toxapex, M|
|poke|p2|Tropius, M|
|poke|p2|Gliscor, M|
|poke|p2|Grimmsnarl, M|
|poke|p2|Sableye, F|
|poke|p2|Corviknight, M|
|teampreview
|
|t:|1779661184
|teamsize|p1|6
|teamsize|p2|6
|start
|switch|p1a: S.A.L.T.C.U.R.E.|Garganacl, F|100/100
|switch|p2a: Sableye|Sableye, F|100/100
|turn|1
|
|t:|1779661202
|move|p2a: Sableye|Knock Off|p1a: S.A.L.T.C.U.R.E.
|-damage|p1a: S.A.L.T.C.U.R.E.|84/100
|-enditem|p1a: S.A.L.T.C.U.R.E.|Leftovers|[from] move: Knock Off|[of] p2a: Sableye
|move|p1a: S.A.L.T.C.U.R.E.|Salt Cure|p2a: Sableye
|-damage|p2a: Sableye|84/100
|-start|p2a: Sableye|Salt Cure
|
|-damage|p2a: Sableye|71/100|[from] Salt Cure
|upkeep
|turn|2
|
|t:|1779661213
|move|p2a: Sableye|Encore|p1a: S.A.L.T.C.U.R.E.
|-start|p1a: S.A.L.T.C.U.R.E.|Encore
|move|p1a: S.A.L.T.C.U.R.E.|Salt Cure|p2a: Sableye
|-damage|p2a: Sableye|54/100
|
|-damage|p2a: Sableye|42/100|[from] Salt Cure
|upkeep
|turn|3
|
|t:|1779661224
|move|p2a: Sableye|Recover|p2a: Sableye
|-heal|p2a: Sableye|92/100
|move|p1a: S.A.L.T.C.U.R.E.|Salt Cure|p2a: Sableye
|-damage|p2a: Sableye|76/100
|
|-damage|p2a: Sableye|64/100|[from] Salt Cure
|upkeep
|turn|4
|
|t:|1779661234
|move|p2a: Sableye|Will-O-Wisp|p1a: S.A.L.T.C.U.R.E.|[miss]
|-miss|p2a: Sableye|p1a: S.A.L.T.C.U.R.E.
|move|p1a: S.A.L.T.C.U.R.E.|Salt Cure|p2a: Sableye
|-damage|p2a: Sableye|47/100
|
|-damage|p2a: Sableye|34/100|[from] Salt Cure
|-end|p1a: S.A.L.T.C.U.R.E.|Encore
|upkeep
|turn|5
|
|t:|1779661245
|switch|p1a: Elon Musk|Gholdengo|100/100
|-item|p1a: Elon Musk|Air Balloon
|move|p2a: Sableye|Recover|p2a: Sableye
|-heal|p2a: Sableye|84/100
|
|-damage|p2a: Sableye|72/100|[from] Salt Cure
|upkeep
|turn|6
|
|t:|1779661255
|move|p1a: Elon Musk|Shadow Ball|p2a: Sableye
|-damage|p2a: Sableye|23/100
|move|p2a: Sableye|Knock Off|p1a: Elon Musk
|-supereffective|p1a: Elon Musk
|-damage|p1a: Elon Musk|38/100
|-enditem|p1a: Elon Musk|Air Balloon
|
|-damage|p2a: Sableye|10/100|[from] Salt Cure
|upkeep
|turn|7
|
|t:|1779661270
|switch|p2a: Gliscor|Gliscor, M|100/100
|move|p1a: Elon Musk|Shadow Ball|p2a: Gliscor
|-damage|p2a: Gliscor|38/100
|
|-status|p2a: Gliscor|tox|[from] item: Toxic Orb
|upkeep
|turn|8
|
|t:|1779661284
|move|p2a: Gliscor|Protect|p2a: Gliscor
|-singleturn|p2a: Gliscor|Protect
|move|p1a: Elon Musk|Make It Rain|p2a: Gliscor
|-activate|p2a: Gliscor|move: Protect
|
|-heal|p2a: Gliscor|51/100 tox|[from] ability: Poison Heal
|upkeep
|turn|9
|
|t:|1779661294
|move|p1a: Elon Musk|Make It Rain|p2a: Gliscor
|-damage|p2a: Gliscor|0 fnt
|-unboost|p1a: Elon Musk|spa|1
|faint|p2a: Gliscor
|
|upkeep
|-message|shunnybun forfeited.
|
|win|Ivypool_fan
|raw|Ivypool_fan's rating: 1078 &rarr; <strong>1105</strong><br />(+27 for winning)
|raw|shunnybun's rating: 1067 &rarr; <strong>1048</strong><br />(-19 for losing)
|l|☆shunnybun
|player|p2|
