|j|☆Saint qirex
|j|☆ihymyly
|t:|1779688196
|gametype|singles
|player|p1|Saint qirex|2|1604
|player|p2|ihymyly|266|1564
|gen|9
|tier|[Gen 9] OU
|rated|
|rule|HP Percentage Mod: HP is shown in percentages
|rule|Endless Battle Clause: Forcing endless battles is banned
|rule|Species Clause: Limit one of each Pokémon
|rule|OHKO Clause: OHKO moves are banned
|rule|Evasion Items Clause: Evasion items are banned
|rule|Evasion Moves Clause: Evasion moves are banned
|rule|Evasion Abilities Clause: Evasion abilities are banned
|rule|Sleep Moves Clause: Sleep-inducing moves are banned
|clearpoke
|poke|p1|Meowscarada, F|
|poke|p1|Slowking-Galar, F|
|poke|p1|Zamazenta-*|
|poke|p1|Corviknight, F|
|poke|p1|Kyurem|
|poke|p1|Dragapult, M|
|poke|p2|Darkrai|
|poke|p2|Skarmory, M|
|poke|p2|Great Tusk|
|poke|p2|Latios, M|
|poke|p2|Weavile, M|
|poke|p2|Ogerpon-Wellspring, F|
|teampreview
|
|t:|1779688205
|teamsize|p1|6
|teamsize|p2|6
|start
|switch|p1a: Meowscarada|Meowscarada, F|100/100
|switch|p2a: Red Bull|Skarmory, M|100/100
|turn|1
|
|t:|1779688210
|move|p1a: Meowscarada|Knock Off|p2a: Red Bull
|-start|p1a: Meowscarada|typechange|Dark|[from] ability: Protean
|-damage|p2a: Red Bull|59/100
|-damage|p1a: Meowscarada|84/100|[from] item: Rocky Helmet|[of] p2a: Red Bull
|-enditem|p2a: Red Bull|Rocky Helmet|[from] move: Knock Off|[of] p1a: Meowscarada
|move|p2a: Red Bull|Spikes|p1a: Meowscarada
|-sidestart|p1: Saint qirex|Spikes
|
|upkeep
|turn|2
|inactive|Battle timer is ON: inactive players will automatically lose when time's up. (requested by Saint qirex)
|
|t:|1779688219
|switch|p1a: Corviknight|Corviknight, F|100/100
|move|p2a: Red Bull|Roost|p2a: Red Bull
|-heal|p2a: Red Bull|100/100
|-singleturn|p2a: Red Bull|move: Roost
|
|upkeep
|turn|3
|
|t:|1779688231
|move|p2a: Red Bull|Spikes|p1a: Corviknight
|-sidestart|p1: Saint qirex|Spikes
|move|p1a: Corviknight|Defog|p2a: Red Bull
|-unboost|p2a: Red Bull|evasion|1
|-sideend|p1: Saint qirex|Spikes|[from] move: Defog|[of] p1a: Corviknight
|
|upkeep
|turn|4
|
|t:|1779688244
|switch|p1a: Slowking|Slowking-Galar, F|100/100
|move|p2a: Red Bull|Spikes|p1a: Slowking
|-sidestart|p1: Saint qirex|Spikes
|
|upkeep
|turn|5
|
|t:|1779688254
|move|p2a: Red Bull|Brave Bird|p1a: Slowking
|-damage|p1a: Slowking|68/100
|-damage|p2a: Red Bull|88/100|[from] Recoil
|move|p1a: Slowking|Thunder Wave|p2a: Red Bull
|-status|p2a: Red Bull|par
|
|upkeep
|turn|6
|
|t:|1779688262
|switch|p2a: Primal Schnoz|Great Tusk|100/100
|-prepare|p1a: Slowking|Chilly Reception|[premajor]
|move|p1a: Slowking|Chilly Reception|p1a: Slowking
|-weather|Snowscape
|
|t:|1779688270
|switch|p1a: Kyurem|Kyurem|100/100|[from] Chilly Reception
|-damage|p1a: Kyurem|88/100|[from] Spikes
|-ability|p1a: Kyurem|Pressure
|
|-weather|Snowscape|[upkeep]
|upkeep
|turn|7
|
|t:|1779688276
|-end|p2a: Primal Schnoz|Protosynthesis|[silent]
|switch|p2a: Mr. -ice Guy|Weavile, M|100/100
|-ability|p2a: Mr. -ice Guy|Pressure
|move|p1a: Kyurem|Blizzard|p2a: Mr. -ice Guy
|-resisted|p2a: Mr. -ice Guy
|-damage|p2a: Mr. -ice Guy|38/100
|
|-weather|Snowscape|[upkeep]
|upkeep
|turn|8
|
|t:|1779688285
|move|p2a: Mr. -ice Guy|Knock Off|p1a: Kyurem
|-damage|p1a: Kyurem|60/100
|-enditem|p1a: Kyurem|Choice Specs|[from] move: Knock Off|[of] p2a: Mr. -ice Guy
|move|p1a: Kyurem|Blizzard|p2a: Mr. -ice Guy
|-resisted|p2a: Mr. -ice Guy
|-damage|p2a: Mr. -ice Guy|0 fnt
|faint|p2a: Mr. -ice Guy
|
|-weather|Snowscape|[upkeep]
|upkeep
|
|t:|1779688295
|switch|p2a: Latios|Latios, M|100/100
|turn|9
|
|t:|1779688300
|switch|p1a: Slowking|Slowking-Galar, F|100/100
|move|p2a: Latios|Draco Meteor|p1a: Slowking
|-damage|p1a: Slowking|55/100
|-unboost|p2a: Latios|spa|2
|
|-weather|Snowscape|[upkeep]
|upkeep
|turn|10
|
|t:|1779688310
|switch|p2a: Primal Schnoz|Great Tusk|100/100
|-prepare|p1a: Slowking|Chilly Reception|[premajor]
|move|p1a: Slowking|Chilly Reception|p1a: Slowking
|
|t:|1779688314
|switch|p1a: Corviknight|Corviknight, F|100/100|[from] Chilly Reception
|
|-weather|none
|upkeep
|turn|11
|
|t:|1779688321
|move|p2a: Primal Schnoz|Stealth Rock|p1a: Corviknight
|-sidestart|p1: Saint qirex|move: Stealth Rock
|move|p1a: Corviknight|Defog|p2a: Primal Schnoz
|-unboost|p2a: Primal Schnoz|evasion|1
|-sideend|p1: Saint qirex|Spikes|[from] move: Defog|[of] p1a: Corviknight
|-sideend|p1: Saint qirex|Stealth Rock|[from] move: Defog|[of] p1a: Corviknight
|
|upkeep
|turn|12
|
|t:|1779688325
|move|p2a: Primal Schnoz|Stealth Rock|p1a: Corviknight
|-sidestart|p1: Saint qirex|move: Stealth Rock
|move|p1a: Corviknight|U-turn|p2a: Primal Schnoz
|-resisted|p2a: Primal Schnoz
|-damage|p2a: Primal Schnoz|96/100
|
|t:|1779688335
|switch|p1a: Zamazenta|Zamazenta|100/100|[from] U-turn
|-damage|p1a: Zamazenta|94/100|[from] Stealth Rock
|-ability|p1a: Zamazenta|Dauntless Shield|boost
|-boost|p1a: Zamazenta|def|1
|
|-heal|p1a: Zamazenta|100/100|[from] item: Leftovers
|upkeep
|turn|13
|
|t:|1779688340
|-end|p2a: Primal Schnoz|Protosynthesis|[silent]
|switch|p2a: Latios|Latios, M|100/100
|move|p1a: Zamazenta|Substitute|p1a: Zamazenta
|-start|p1a: Zamazenta|Substitute
|-damage|p1a: Zamazenta|75/100
|
|-heal|p1a: Zamazenta|82/100|[from] item: Leftovers
|upkeep
|turn|14
|
|t:|1779688347
|move|p1a: Zamazenta|Crunch|p2a: Latios
|-supereffective|p2a: Latios
|-damage|p2a: Latios|39/100
|move|p2a: Latios|Luster Purge|p1a: Zamazenta
|-supereffective|p1a: Zamazenta
|-end|p1a: Zamazenta|Substitute
|
|-heal|p1a: Zamazenta|88/100|[from] item: Leftovers
|upkeep
|turn|15
|
|t:|1779688351
|move|p1a: Zamazenta|Crunch|p2a: Latios
|-supereffective|p2a: Latios
|-damage|p2a: Latios|0 fnt
|faint|p2a: Latios
|
|-heal|p1a: Zamazenta|94/100|[from] item: Leftovers
|upkeep
|
|t:|1779688364
|switch|p2a: Ogerpon|Ogerpon-Wellspring, F|100/100
|turn|16
|
|t:|1779688371
|move|p1a: Zamazenta|Iron Defense|p1a: Zamazenta
|-boost|p1a: Zamazenta|def|2
|move|p2a: Ogerpon|Ivy Cudgel|p1a: Zamazenta|[anim] Ivy Cudgel Water
|-damage|p1a: Zamazenta|75/100
|
|-heal|p1a: Zamazenta|81/100|[from] item: Leftovers
|upkeep
|turn|17
|
|t:|1779688374
|move|p1a: Zamazenta|Body Press|p2a: Ogerpon
|-damage|p2a: Ogerpon|0 fnt
|faint|p2a: Ogerpon
|
|-heal|p1a: Zamazenta|88/100|[from] item: Leftovers
|upkeep
|-message|ihymyly forfeited.
|
|win|Saint qirex
|raw|Saint qirex's rating: 1604 &rarr; <strong>1622</strong><br />(+18 for winning)
|raw|ihymyly's rating: 1564 &rarr; <strong>1546</strong><br />(-18 for losing)
|l|☆ihymyly
|player|p2|
|l|☆Saint qirex
|player|p1|
