|j|☆Igoodnamename
|j|☆PiggLad
|t:|1779603449
|gametype|singles
|player|p1|Igoodnamename|aaron|1661
|player|p2|PiggLad|grimsley-gen7|1723
|gen|9
|tier|[Gen 9] OU
|rated|
|rule|HP Percentage Mod: HP is shown in percentages
|rule|Endless Battle Clause: Forcing endless battles is banned
|rule|Species Clause: Limit one of each Pokémon
|rule|OHKO Clause: OHKO moves are banned
|rule|Evasion Items Clause: Evasion items are banned
|rule|Evasion Moves Clause: Evasion moves are banned
|rule|Evasion Abilities Clause: Evasion abilities are banned
|rule|Sleep Moves Clause: Sleep-inducing moves are banned
|clearpoke
|poke|p1|Pecharunt|
|poke|p1|Slowking, M|
|poke|p1|Iron Treads|
|poke|p1|Zamazenta-*|
|poke|p1|Umbreon, M|
|poke|p1|Ogerpon, F|
|poke|p2|Tyranitar, M|
|poke|p2|Hydrapple, M|
|poke|p2|Enamorus, F|
|poke|p2|Garganacl, F|
|poke|p2|Excadrill, M|
|poke|p2|Alomomola, F|
|teampreview
|
|t:|1779603476
|teamsize|p1|6
|teamsize|p2|6
|start
|switch|p1a: Ogerpon|Ogerpon, F|100/100
|switch|p2a: Let The Goons Out|Hydrapple, M, shiny|100/100
|turn|1
|
|t:|1779603480
|move|p1a: Ogerpon|U-turn|p2a: Let The Goons Out
|-supereffective|p2a: Let The Goons Out
|-damage|p2a: Let The Goons Out|62/100
|-damage|p1a: Ogerpon|84/100|[from] item: Rocky Helmet|[of] p2a: Let The Goons Out
|
|t:|1779603484
|switch|p1a: Iron Treads|Iron Treads|100/100|[from] U-turn
|move|p2a: Let The Goons Out|Nasty Plot|p2a: Let The Goons Out
|-boost|p2a: Let The Goons Out|spa|2
|
|upkeep
|turn|2
|
|t:|1779603493
|move|p1a: Iron Treads|Ice Spinner|p2a: Let The Goons Out
|-supereffective|p2a: Let The Goons Out
|-damage|p2a: Let The Goons Out|8/100
|-damage|p1a: Iron Treads|84/100|[from] item: Rocky Helmet|[of] p2a: Let The Goons Out
|move|p2a: Let The Goons Out|Giga Drain|p1a: Iron Treads
|-damage|p1a: Iron Treads|25/100
|-heal|p2a: Let The Goons Out|36/100|[from] drain|[of] p1a: Iron Treads
|
|-heal|p1a: Iron Treads|31/100|[from] item: Leftovers
|upkeep
|turn|3
|
|t:|1779603500
|switch|p2a: Alo Cortisol|Alomomola, F|100/100
|move|p1a: Iron Treads|Stealth Rock|p2a: Alo Cortisol
|-sidestart|p2: PiggLad|move: Stealth Rock
|
|-heal|p1a: Iron Treads|38/100|[from] item: Leftovers
|upkeep
|turn|4
|
|t:|1779603505
|-end|p1a: Iron Treads|Quark Drive|[silent]
|switch|p1a: Ogerpon|Ogerpon, F|84/100
|move|p2a: Alo Cortisol|Flip Turn|p1a: Ogerpon
|-resisted|p1a: Ogerpon
|-damage|p1a: Ogerpon|74/100
|
|t:|1779603513
|switch|p2a: Let The Goons Out|Hydrapple, M, shiny|69/100|[from] Flip Turn
|-damage|p2a: Let The Goons Out|57/100|[from] Stealth Rock
|
|upkeep
|turn|5
|
|t:|1779603537
|-terastallize|p2a: Let The Goons Out|Poison
|move|p1a: Ogerpon|U-turn|p2a: Let The Goons Out
|-resisted|p2a: Let The Goons Out
|-damage|p2a: Let The Goons Out|47/100
|-damage|p1a: Ogerpon|57/100|[from] item: Rocky Helmet|[of] p2a: Let The Goons Out
|
|t:|1779603546
|switch|p1a: Iron Treads|Iron Treads|38/100|[from] U-turn
|move|p2a: Let The Goons Out|Fickle Beam|p1a: Iron Treads
|-resisted|p1a: Iron Treads
|-damage|p1a: Iron Treads|22/100
|
|-heal|p1a: Iron Treads|28/100|[from] item: Leftovers
|upkeep
|turn|6
|
|t:|1779603551
|-end|p1a: Iron Treads|Quark Drive|[silent]
|switch|p1a: Slowking|Slowking, M|100/100
|switch|p2a: Alo Cortisol|Alomomola, F|100/100
|-damage|p2a: Alo Cortisol|88/100|[from] Stealth Rock
|
|upkeep
|turn|7
|
|t:|1779603559
|move|p2a: Alo Cortisol|Flip Turn|p1a: Slowking
|-resisted|p1a: Slowking
|-damage|p1a: Slowking|93/100
|
|t:|1779603567
|switch|p2a: WhoBEdginTheyStone|Tyranitar, M|100/100|[from] Flip Turn
|-damage|p2a: WhoBEdginTheyStone|88/100|[from] Stealth Rock
|-weather|Sandstorm|[from] ability: Sand Stream|[of] p2a: WhoBEdginTheyStone
|move|p1a: Slowking|Future Sight|p2a: WhoBEdginTheyStone
|-start|p1a: Slowking|move: Future Sight
|
|-weather|Sandstorm|[upkeep]
|-damage|p1a: Slowking|87/100|[from] Sandstorm
|upkeep
|turn|8
|
|t:|1779603576
|switch|p1a: Umbreon|Umbreon, M|100/100
|move|p2a: WhoBEdginTheyStone|Knock Off|p1a: Umbreon
|-resisted|p1a: Umbreon
|-damage|p1a: Umbreon|77/100
|-enditem|p1a: Umbreon|Leftovers|[from] move: Knock Off|[of] p2a: WhoBEdginTheyStone
|
|-weather|Sandstorm|[upkeep]
|-damage|p1a: Umbreon|71/100|[from] Sandstorm
|upkeep
|turn|9
|
|t:|1779603581
|switch|p2a: Alo Cortisol|Alomomola, F|100/100
|-damage|p2a: Alo Cortisol|88/100|[from] Stealth Rock
|move|p1a: Umbreon|Toxic|p2a: Alo Cortisol
|-status|p2a: Alo Cortisol|tox
|
|-weather|Sandstorm|[upkeep]
|-damage|p1a: Umbreon|65/100|[from] Sandstorm
|-damage|p2a: Alo Cortisol|82/100 tox|[from] Sandstorm
|-end|p2a: Alo Cortisol|move: Future Sight
|-damage|p2a: Alo Cortisol|55/100 tox
|-damage|p2a: Alo Cortisol|49/100 tox|[from] psn
|upkeep
|turn|10
|
|t:|1779603585
|move|p1a: Umbreon|Wish|p1a: Umbreon
|move|p2a: Alo Cortisol|Flip Turn|p1a: Umbreon
|-damage|p1a: Umbreon|55/100
|j| darkrat18
|
|t:|1779603598
|switch|p2a: Jevils To This|Garganacl, F, shiny|100/100|[from] Flip Turn
|-damage|p2a: Jevils To This|88/100|[from] Stealth Rock
|
|-weather|Sandstorm|[upkeep]
|-damage|p1a: Umbreon|49/100|[from] Sandstorm
|-heal|p2a: Jevils To This|94/100|[from] item: Leftovers
|upkeep
|turn|11
|
|t:|1779603601
|move|p1a: Umbreon|Foul Play|p2a: Jevils To This
|-damage|p2a: Jevils To This|74/100
|move|p2a: Jevils To This|Salt Cure|p1a: Umbreon
|-damage|p1a: Umbreon|41/100
|-start|p1a: Umbreon|Salt Cure
|
|-weather|none
|-heal|p1a: Umbreon|91/100|[from] move: Wish|[wisher] Umbreon
|-heal|p2a: Jevils To This|80/100|[from] item: Leftovers
|-damage|p1a: Umbreon|79/100|[from] Salt Cure
|upkeep
|turn|12
|
|t:|1779603605
|switch|p1a: Ogerpon|Ogerpon, F|57/100
|move|p2a: Jevils To This|Salt Cure|p1a: Ogerpon
|-damage|p1a: Ogerpon|37/100
|-start|p1a: Ogerpon|Salt Cure
|
|-heal|p2a: Jevils To This|86/100|[from] item: Leftovers
|-damage|p1a: Ogerpon|25/100|[from] Salt Cure
|upkeep
|turn|13
|
|t:|1779603607
|move|p2a: Jevils To This|Protect|p2a: Jevils To This
|-singleturn|p2a: Jevils To This|Protect
|move|p1a: Ogerpon|Ivy Cudgel|p2a: Jevils To This
|-activate|p2a: Jevils To This|move: Protect
|
|-heal|p2a: Jevils To This|93/100|[from] item: Leftovers
|-damage|p1a: Ogerpon|13/100|[from] Salt Cure
|upkeep
|turn|14
|
|t:|1779603610
|switch|p2a: Let The Goons Out|Hydrapple, M, shiny, tera:Poison|80/100
|-damage|p2a: Let The Goons Out|68/100|[from] Stealth Rock
|move|p1a: Ogerpon|Ivy Cudgel|p2a: Let The Goons Out
|-resisted|p2a: Let The Goons Out
|-damage|p2a: Let The Goons Out|49/100
|
|-damage|p1a: Ogerpon|0 fnt|[from] Salt Cure
|faint|p1a: Ogerpon
|upkeep
|
|t:|1779603619
|switch|p1a: Iron Treads|Iron Treads|28/100
|turn|15
|
|t:|1779603628
|switch|p2a: Alo Cortisol|Alomomola, F|82/100 tox
|-damage|p2a: Alo Cortisol|69/100 tox|[from] Stealth Rock
|move|p1a: Iron Treads|Earthquake|p2a: Alo Cortisol
|-damage|p2a: Alo Cortisol|40/100 tox
|
|-heal|p1a: Iron Treads|34/100|[from] item: Leftovers
|-damage|p2a: Alo Cortisol|34/100 tox|[from] psn
|upkeep
|turn|16
|
|t:|1779603639
|move|p1a: Iron Treads|Earthquake|p2a: Alo Cortisol
|-damage|p2a: Alo Cortisol|3/100 tox
|move|p2a: Alo Cortisol|Flip Turn|p1a: Iron Treads
|-supereffective|p1a: Iron Treads
|-damage|p1a: Iron Treads|9/100
|
|t:|1779603644
|switch|p2a: Larpin Diddy Foid|Enamorus, F|100/100|[from] Flip Turn
|-damage|p2a: Larpin Diddy Foid|76/100|[from] Stealth Rock
|
|-heal|p1a: Iron Treads|15/100|[from] item: Leftovers
|upkeep
|turn|17
|
|t:|1779603650
|-end|p1a: Iron Treads|Quark Drive|[silent]
|switch|p1a: Slowking|Slowking, M|100/100
|move|p2a: Larpin Diddy Foid|Moonblast|p1a: Slowking
|-damage|p1a: Slowking|75/100
|-unboost|p1a: Slowking|spa|1
|
|upkeep
|turn|18
|
|t:|1779603656
|switch|p2a: Alo Cortisol|Alomomola, F|37/100 tox
|-damage|p2a: Alo Cortisol|24/100 tox|[from] Stealth Rock
|move|p1a: Slowking|Scald|p2a: Alo Cortisol
|-resisted|p2a: Alo Cortisol
|-damage|p2a: Alo Cortisol|19/100 tox
|
|-damage|p2a: Alo Cortisol|13/100 tox|[from] psn
|upkeep
|turn|19
|
|t:|1779603662
|switch|p2a: WhoBEdginTheyStone|Tyranitar, M|88/100
|-damage|p2a: WhoBEdginTheyStone|76/100|[from] Stealth Rock
|-weather|Sandstorm|[from] ability: Sand Stream|[of] p2a: WhoBEdginTheyStone
|move|p1a: Slowking|Scald|p2a: WhoBEdginTheyStone
|-supereffective|p2a: WhoBEdginTheyStone
|-damage|p2a: WhoBEdginTheyStone|48/100
|-status|p2a: WhoBEdginTheyStone|brn
|
|-weather|Sandstorm|[upkeep]
|-damage|p1a: Slowking|69/100|[from] Sandstorm
|-damage|p2a: WhoBEdginTheyStone|42/100 brn|[from] brn
|upkeep
|turn|20
|
|t:|1779603667
|switch|p1a: Umbreon|Umbreon, M|79/100
|move|p2a: WhoBEdginTheyStone|Low Kick|p1a: Umbreon
|-supereffective|p1a: Umbreon
|-damage|p1a: Umbreon|59/100
|
|-weather|Sandstorm|[upkeep]
|-damage|p1a: Umbreon|53/100|[from] Sandstorm
|-damage|p2a: WhoBEdginTheyStone|35/100 brn|[from] brn
|upkeep
|turn|21
|
|t:|1779603673
|switch|p2a: Jevils To This|Garganacl, F, shiny|93/100
|-damage|p2a: Jevils To This|80/100|[from] Stealth Rock
|move|p1a: Umbreon|Wish|p1a: Umbreon
|
|-weather|Sandstorm|[upkeep]
|-damage|p1a: Umbreon|46/100|[from] Sandstorm
|-heal|p2a: Jevils To This|86/100|[from] item: Leftovers
|upkeep
|turn|22
|
|t:|1779603676
|switch|p1a: Iron Treads|Iron Treads|15/100
|move|p2a: Jevils To This|Stealth Rock|p1a: Iron Treads
|-sidestart|p1: Igoodnamename|move: Stealth Rock
|
|-weather|Sandstorm|[upkeep]
|-heal|p1a: Iron Treads|67/100|[from] move: Wish|[wisher] Umbreon
|-heal|p1a: Iron Treads|73/100|[from] item: Leftovers
|-heal|p2a: Jevils To This|93/100|[from] item: Leftovers
|upkeep
|turn|23
|
|t:|1779603681
|move|p1a: Iron Treads|Earthquake|p2a: Jevils To This
|-supereffective|p2a: Jevils To This
|-damage|p2a: Jevils To This|37/100
|move|p2a: Jevils To This|Salt Cure|p1a: Iron Treads
|-resisted|p1a: Iron Treads
|-damage|p1a: Iron Treads|70/100
|-start|p1a: Iron Treads|Salt Cure
|
|-weather|none
|-heal|p1a: Iron Treads|77/100|[from] item: Leftovers
|-heal|p2a: Jevils To This|44/100|[from] item: Leftovers
|-damage|p1a: Iron Treads|52/100|[from] Salt Cure
|upkeep
|turn|24
|
|t:|1779603685
|move|p2a: Jevils To This|Protect|p2a: Jevils To This
|-singleturn|p2a: Jevils To This|Protect
|move|p1a: Iron Treads|Rapid Spin|p2a: Jevils To This
|-activate|p2a: Jevils To This|move: Protect
|
|-heal|p1a: Iron Treads|58/100|[from] item: Leftovers
|-heal|p2a: Jevils To This|50/100|[from] item: Leftovers
|-damage|p1a: Iron Treads|33/100|[from] Salt Cure
|upkeep
|turn|25
|
|t:|1779603689
|move|p1a: Iron Treads|Rapid Spin|p2a: Jevils To This
|-resisted|p2a: Jevils To This
|-damage|p2a: Jevils To This|45/100
|-boost|p1a: Iron Treads|spe|1
|-sideend|p1: Igoodnamename|Stealth Rock|[from] move: Rapid Spin|[of] p1a: Iron Treads
|move|p2a: Jevils To This|Recover|p2a: Jevils To This
|-heal|p2a: Jevils To This|95/100
|
|-heal|p1a: Iron Treads|39/100|[from] item: Leftovers
|-heal|p2a: Jevils To This|100/100|[from] item: Leftovers
|-damage|p1a: Iron Treads|14/100|[from] Salt Cure
|upkeep
|turn|26
|
|t:|1779603695
|move|p2a: Jevils To This|Protect|p2a: Jevils To This
|-singleturn|p2a: Jevils To This|Protect
|move|p1a: Iron Treads|Earthquake|p2a: Jevils To This
|-activate|p2a: Jevils To This|move: Protect
|
|-heal|p1a: Iron Treads|20/100|[from] item: Leftovers
|-damage|p1a: Iron Treads|0 fnt|[from] Salt Cure
|faint|p1a: Iron Treads
|-end|p1a: Iron Treads|Quark Drive|[silent]
|upkeep
|
|t:|1779603698
|switch|p1a: Zamazenta|Zamazenta|100/100
|-ability|p1a: Zamazenta|Dauntless Shield|boost
|-boost|p1a: Zamazenta|def|1
|turn|27
|
|t:|1779603702
|switch|p2a: Let The Goons Out|Hydrapple, M, shiny, tera:Poison|82/100
|-damage|p2a: Let The Goons Out|70/100|[from] Stealth Rock
|move|p1a: Zamazenta|Close Combat|p2a: Let The Goons Out
|-resisted|p2a: Let The Goons Out
|-damage|p2a: Let The Goons Out|45/100
|-unboost|p1a: Zamazenta|def|1
|-unboost|p1a: Zamazenta|spd|1
|-damage|p1a: Zamazenta|84/100|[from] item: Rocky Helmet|[of] p2a: Let The Goons Out
|
|upkeep
|turn|28
|
|t:|1779603706
|switch|p1a: Slowking|Slowking, M|100/100
|move|p2a: Let The Goons Out|Giga Drain|p1a: Slowking
|-supereffective|p1a: Slowking
|-damage|p1a: Slowking|71/100
|-heal|p2a: Let The Goons Out|58/100|[from] drain|[of] p1a: Slowking
|
|upkeep
|turn|29
|
|t:|1779603716
|move|p2a: Let The Goons Out|Giga Drain|p1a: Slowking
|-supereffective|p1a: Slowking
|-damage|p1a: Slowking|40/100
|-heal|p2a: Let The Goons Out|73/100|[from] drain|[of] p1a: Slowking
|move|p1a: Slowking|Psychic Noise|p2a: Let The Goons Out
|-supereffective|p2a: Let The Goons Out
|-damage|p2a: Let The Goons Out|15/100
|-start|p2a: Let The Goons Out|move: Heal Block
|
|upkeep
|turn|30
|
|t:|1779603726
|switch|p2a: WhoBEdginTheyStone|Tyranitar, M|35/100 brn
|-damage|p2a: WhoBEdginTheyStone|23/100 brn|[from] Stealth Rock
|-weather|Sandstorm|[from] ability: Sand Stream|[of] p2a: WhoBEdginTheyStone
|move|p1a: Slowking|Future Sight|p2a: WhoBEdginTheyStone
|-start|p1a: Slowking|move: Future Sight
|
|-weather|Sandstorm|[upkeep]
|-damage|p1a: Slowking|34/100|[from] Sandstorm
|-damage|p2a: WhoBEdginTheyStone|17/100 brn|[from] brn
|upkeep
|turn|31
|
|t:|1779603735
|switch|p1a: Umbreon|Umbreon, M|46/100
|move|p2a: WhoBEdginTheyStone|Low Kick|p1a: Umbreon
|-supereffective|p1a: Umbreon
|-damage|p1a: Umbreon|26/100
|
|-weather|Sandstorm|[upkeep]
|-damage|p1a: Umbreon|20/100|[from] Sandstorm
|-damage|p2a: WhoBEdginTheyStone|11/100 brn|[from] brn
|upkeep
|turn|32
|
|t:|1779603742
|move|p1a: Umbreon|Protect|p1a: Umbreon
|-singleturn|p1a: Umbreon|Protect
|move|p2a: WhoBEdginTheyStone|Low Kick|p1a: Umbreon
|-activate|p1a: Umbreon|move: Protect
|
|-weather|Sandstorm|[upkeep]
|-damage|p1a: Umbreon|13/100|[from] Sandstorm
|-end|p2a: WhoBEdginTheyStone|move: Future Sight
|-immune|p2a: WhoBEdginTheyStone
|-damage|p2a: WhoBEdginTheyStone|5/100 brn|[from] brn
|upkeep
|turn|33
|
|t:|1779603745
|move|p2a: WhoBEdginTheyStone|Low Kick|p1a: Umbreon
|-supereffective|p1a: Umbreon
|-damage|p1a: Umbreon|0 fnt
|faint|p1a: Umbreon
|
|-weather|Sandstorm|[upkeep]
|-damage|p2a: WhoBEdginTheyStone|0 fnt|[from] brn
|faint|p2a: WhoBEdginTheyStone
|upkeep
|
|t:|1779603760
|switch|p2a: Let The Goons Out|Hydrapple, M, shiny, tera:Poison|48/100
|switch|p1a: Pecharunt|Pecharunt|100/100
|-item|p1a: Pecharunt|Air Balloon
|-damage|p2a: Let The Goons Out|36/100|[from] Stealth Rock
|turn|34
|
|t:|1779603765
|switch|p2a: Jevils To This|Garganacl, F, shiny|100/100
|-damage|p2a: Jevils To This|88/100|[from] Stealth Rock
|move|p1a: Pecharunt|Nasty Plot|p1a: Pecharunt
|-boost|p1a: Pecharunt|spa|2
|
|-weather|none
|-heal|p2a: Jevils To This|94/100|[from] item: Leftovers
|upkeep
|turn|35
|
|t:|1779603770
|move|p1a: Pecharunt|Malignant Chain|p2a: Jevils To This
|-resisted|p2a: Jevils To This
|-damage|p2a: Jevils To This|67/100
|move|p2a: Jevils To This|Salt Cure|p1a: Pecharunt
|-damage|p1a: Pecharunt|90/100
|-start|p1a: Pecharunt|Salt Cure
|-enditem|p1a: Pecharunt|Air Balloon
|
|-heal|p2a: Jevils To This|73/100|[from] item: Leftovers
|-damage|p1a: Pecharunt|77/100|[from] Salt Cure
|upkeep
|turn|36
|
|t:|1779603785
|switch|p1a: Zamazenta|Zamazenta|84/100
|move|p2a: Jevils To This|Salt Cure|p1a: Zamazenta
|-resisted|p1a: Zamazenta
|-damage|p1a: Zamazenta|77/100
|-start|p1a: Zamazenta|Salt Cure
|
|-heal|p2a: Jevils To This|79/100|[from] item: Leftovers
|-damage|p1a: Zamazenta|65/100|[from] Salt Cure
|upkeep
|turn|37
|
|t:|1779603787
|switch|p2a: Let The Goons Out|Hydrapple, M, shiny, tera:Poison|69/100
|-damage|p2a: Let The Goons Out|57/100|[from] Stealth Rock
|move|p1a: Zamazenta|Close Combat|p2a: Let The Goons Out
|-resisted|p2a: Let The Goons Out
|-damage|p2a: Let The Goons Out|31/100
|-unboost|p1a: Zamazenta|def|1
|-unboost|p1a: Zamazenta|spd|1
|-damage|p1a: Zamazenta|48/100|[from] item: Rocky Helmet|[of] p2a: Let The Goons Out
|
|-damage|p1a: Zamazenta|36/100|[from] Salt Cure
|upkeep
|turn|38
|
|t:|1779603796
|switch|p1a: Slowking|Slowking, M|68/100
|switch|p2a: Jevils To This|Garganacl, F, shiny|79/100
|-damage|p2a: Jevils To This|67/100|[from] Stealth Rock
|
|-heal|p2a: Jevils To This|73/100|[from] item: Leftovers
|upkeep
|turn|39
|
|t:|1779603799
|move|p2a: Jevils To This|Salt Cure|p1a: Slowking
|-damage|p1a: Slowking|55/100
|-start|p1a: Slowking|Salt Cure
|move|p1a: Slowking|Scald|p2a: Jevils To This
|-supereffective|p2a: Jevils To This
|-crit|p2a: Jevils To This
|-damage|p2a: Jevils To This|10/100
|
|-heal|p2a: Jevils To This|17/100|[from] item: Leftovers
|-damage|p1a: Slowking|30/100|[from] Salt Cure
|upkeep
|turn|40
|
|t:|1779603804
|move|p2a: Jevils To This|Recover|p2a: Jevils To This
|-heal|p2a: Jevils To This|67/100
|move|p1a: Slowking|Future Sight|p2a: Jevils To This
|-start|p1a: Slowking|move: Future Sight
|
|-heal|p2a: Jevils To This|73/100|[from] item: Leftovers
|-damage|p1a: Slowking|5/100|[from] Salt Cure
|upkeep
|turn|41
|
|t:|1779603807
|move|p2a: Jevils To This|Protect|p2a: Jevils To This
|-singleturn|p2a: Jevils To This|Protect
|move|p1a: Slowking|Psychic Noise|p2a: Jevils To This
|-activate|p2a: Jevils To This|move: Protect
|
|-heal|p2a: Jevils To This|79/100|[from] item: Leftovers
|-damage|p1a: Slowking|0 fnt|[from] Salt Cure
|faint|p1a: Slowking
|upkeep
|
|t:|1779603811
|switch|p1a: Zamazenta|Zamazenta|36/100
|turn|42
|
|t:|1779603816
|switch|p2a: Alo Cortisol|Alomomola, F|46/100 tox
|-damage|p2a: Alo Cortisol|34/100 tox|[from] Stealth Rock
|move|p1a: Zamazenta|Close Combat|p2a: Alo Cortisol
|-damage|p2a: Alo Cortisol|0 fnt
|-unboost|p1a: Zamazenta|def|1
|-unboost|p1a: Zamazenta|spd|1
|faint|p2a: Alo Cortisol
|
|-hint|Future Sight did not hit because the target is fainted.
|upkeep
|
|t:|1779603817
|switch|p2a: Let The Goons Out|Hydrapple, M, shiny, tera:Poison|64/100
|-damage|p2a: Let The Goons Out|52/100|[from] Stealth Rock
|turn|43
|
|t:|1779603821
|move|p1a: Zamazenta|Close Combat|p2a: Let The Goons Out
|-resisted|p2a: Let The Goons Out
|-damage|p2a: Let The Goons Out|26/100
|-unboost|p1a: Zamazenta|def|1
|-unboost|p1a: Zamazenta|spd|1
|-damage|p1a: Zamazenta|20/100|[from] item: Rocky Helmet|[of] p2a: Let The Goons Out
|move|p2a: Let The Goons Out|Earth Power|p1a: Zamazenta
|-damage|p1a: Zamazenta|0 fnt
|faint|p1a: Zamazenta
|
|upkeep
|
|t:|1779603824
|switch|p1a: Pecharunt|Pecharunt|77/100
|turn|44
|
|t:|1779603826
|move|p1a: Pecharunt|Shadow Ball|p2a: Let The Goons Out
|-damage|p2a: Let The Goons Out|0 fnt
|faint|p2a: Let The Goons Out
|
|upkeep
|
|t:|1779603828
|switch|p2a: Jevils To This|Garganacl, F, shiny|79/100
|-damage|p2a: Jevils To This|67/100|[from] Stealth Rock
|turn|45
|
|t:|1779603831
|move|p1a: Pecharunt|Nasty Plot|p1a: Pecharunt
|-boost|p1a: Pecharunt|spa|2
|move|p2a: Jevils To This|Salt Cure|p1a: Pecharunt
|-damage|p1a: Pecharunt|67/100
|-start|p1a: Pecharunt|Salt Cure
|
|-heal|p2a: Jevils To This|73/100|[from] item: Leftovers
|-damage|p1a: Pecharunt|54/100|[from] Salt Cure
|upkeep
|turn|46
|
|t:|1779603839
|move|p1a: Pecharunt|Recover|p1a: Pecharunt
|-heal|p1a: Pecharunt|100/100
|move|p2a: Jevils To This|Salt Cure|p1a: Pecharunt
|-damage|p1a: Pecharunt|90/100
|
|-heal|p2a: Jevils To This|79/100|[from] item: Leftovers
|-damage|p1a: Pecharunt|77/100|[from] Salt Cure
|upkeep
|turn|47
|
|t:|1779603843
|move|p1a: Pecharunt|Nasty Plot|p1a: Pecharunt
|-boost|p1a: Pecharunt|spa|2
|move|p2a: Jevils To This|Salt Cure|p1a: Pecharunt
|-damage|p1a: Pecharunt|67/100
|
|-heal|p2a: Jevils To This|85/100|[from] item: Leftovers
|-damage|p1a: Pecharunt|55/100|[from] Salt Cure
|upkeep
|turn|48
|
|t:|1779603845
|move|p1a: Pecharunt|Nasty Plot|p1a: Pecharunt
|-boost|p1a: Pecharunt|spa|2
|move|p2a: Jevils To This|Salt Cure|p1a: Pecharunt
|-damage|p1a: Pecharunt|44/100
|
|-heal|p2a: Jevils To This|92/100|[from] item: Leftovers
|-damage|p1a: Pecharunt|32/100|[from] Salt Cure
|upkeep
|turn|49
|
|t:|1779603854
|switch|p2a: Larpin Diddy Foid|Enamorus, F|76/100
|-damage|p2a: Larpin Diddy Foid|51/100|[from] Stealth Rock
|move|p1a: Pecharunt|Recover|p1a: Pecharunt
|-heal|p1a: Pecharunt|82/100
|
|-damage|p1a: Pecharunt|70/100|[from] Salt Cure
|upkeep
|turn|50
|
|t:|1779603858
|-terastallize|p1a: Pecharunt|Ghost
|move|p2a: Larpin Diddy Foid|Earth Power|p1a: Pecharunt
|-damage|p1a: Pecharunt|25/100
|move|p1a: Pecharunt|Shadow Ball|p2a: Larpin Diddy Foid
|-damage|p2a: Larpin Diddy Foid|0 fnt
|faint|p2a: Larpin Diddy Foid
|
|-damage|p1a: Pecharunt|12/100|[from] Salt Cure
|upkeep
|
|t:|1779603862
|switch|p2a: ExGon'SpinIntoYa|Excadrill, M|100/100
|-damage|p2a: ExGon'SpinIntoYa|97/100|[from] Stealth Rock
|turn|51
|
|t:|1779603865
|move|p2a: ExGon'SpinIntoYa|Earthquake|p1a: Pecharunt
|-damage|p1a: Pecharunt|0 fnt
|faint|p1a: Pecharunt
|
|win|PiggLad
|raw|Igoodnamename's rating: 1661 &rarr; <strong>1645</strong><br />(-16 for losing)
|raw|PiggLad's rating: 1723 &rarr; <strong>1739</strong><br />(+16 for winning)
|l|☆PiggLad
|player|p2|
|l|☆Igoodnamename
|player|p1|
