|j|☆ANGEL ENGINE
|j|☆Holy Brave
|t:|1779597091
|gametype|singles
|player|p1|ANGEL ENGINE|lucas|1513
|player|p2|Holy Brave|pokemonbreederf-gen4|1512
|gen|9
|tier|[Gen 9] OU
|rated|
|rule|HP Percentage Mod: HP is shown in percentages
|rule|Endless Battle Clause: Forcing endless battles is banned
|rule|Species Clause: Limit one of each Pokémon
|rule|OHKO Clause: OHKO moves are banned
|rule|Evasion Items Clause: Evasion items are banned
|rule|Evasion Moves Clause: Evasion moves are banned
|rule|Evasion Abilities Clause: Evasion abilities are banned
|rule|Sleep Moves Clause: Sleep-inducing moves are banned
|clearpoke
|poke|p1|Greninja-*, M|
|poke|p1|Dragonite, F|
|poke|p1|Great Tusk|
|poke|p1|Deoxys-Speed|
|poke|p1|Iron Valiant|
|poke|p1|Iron Moth|
|poke|p2|Lokix, M|
|poke|p2|Corviknight, F|
|poke|p2|Alomomola, F|
|poke|p2|Weezing-Galar, F|
|poke|p2|Iron Valiant|
|poke|p2|Ting-Lu|
|teampreview
|inactive|Battle timer is ON: inactive players will automatically lose when time's up. (requested by ANGEL ENGINE)
|
|t:|1779597107
|teamsize|p1|6
|teamsize|p2|6
|start
|switch|p1a: Deoxys|Deoxys-Speed|100/100
|switch|p2a: Ting-Lu|Ting-Lu|100/100
|-ability|p1a: Deoxys|Pressure
|-ability|p2a: Ting-Lu|Vessel of Ruin
|turn|1
|
|t:|1779597111
|move|p1a: Deoxys|Stealth Rock|p2a: Ting-Lu
|-sidestart|p2: Holy Brave|move: Stealth Rock
|move|p2a: Ting-Lu|Ruination|p1a: Deoxys
|-damage|p1a: Deoxys|51/100
|
|upkeep
|turn|2
|
|t:|1779597115
|move|p1a: Deoxys|Superpower|p2a: Ting-Lu
|-supereffective|p2a: Ting-Lu
|-damage|p2a: Ting-Lu|67/100
|-unboost|p1a: Deoxys|atk|1
|-unboost|p1a: Deoxys|def|1
|-enditem|p1a: Deoxys|Eject Pack
|
|t:|1779597123
|switch|p1a: Dragonite|Dragonite, F|100/100
|move|p2a: Ting-Lu|Earthquake|p1a: Dragonite
|-immune|p1a: Dragonite
|
|-heal|p2a: Ting-Lu|73/100|[from] item: Leftovers
|upkeep
|turn|3
|
|t:|1779597132
|move|p1a: Dragonite|Dragon Dance|p1a: Dragonite
|-boost|p1a: Dragonite|atk|1
|-boost|p1a: Dragonite|spe|1
|move|p2a: Ting-Lu|Ruination|p1a: Dragonite
|-damage|p1a: Dragonite|51/100
|
|-heal|p2a: Ting-Lu|79/100|[from] item: Leftovers
|upkeep
|turn|4
|
|t:|1779597134
|switch|p2a: Alomomola|Alomomola, F|100/100
|-damage|p2a: Alomomola|88/100|[from] Stealth Rock
|move|p1a: Dragonite|Earthquake|p2a: Alomomola
|-damage|p2a: Alomomola|56/100
|
|upkeep
|turn|5
|
|t:|1779597142
|move|p1a: Dragonite|Roost|p1a: Dragonite
|-heal|p1a: Dragonite|100/100
|-singleturn|p1a: Dragonite|move: Roost
|move|p2a: Alomomola|Tickle|p1a: Dragonite
|-unboost|p1a: Dragonite|atk|1
|-unboost|p1a: Dragonite|def|1
|
|upkeep
|turn|6
|
|t:|1779597147
|switch|p1a: Deoxys|Deoxys-Speed|51/100
|-ability|p1a: Deoxys|Pressure
|move|p2a: Alomomola|Wish|p2a: Alomomola
|
|upkeep
|turn|7
|
|t:|1779597150
|switch|p2a: Corviknight|Corviknight, F|100/100
|-damage|p2a: Corviknight|88/100|[from] Stealth Rock
|-ability|p2a: Corviknight|Pressure
|move|p1a: Deoxys|Psycho Boost|p2a: Corviknight
|-resisted|p2a: Corviknight
|-damage|p2a: Corviknight|66/100
|-unboost|p1a: Deoxys|spa|2
|
|-heal|p2a: Corviknight|100/100|[from] move: Wish|[wisher] Alomomola
|upkeep
|turn|8
|
|t:|1779597157
|switch|p1a: Iron Moth|Iron Moth|100/100
|-enditem|p1a: Iron Moth|Booster Energy
|-activate|p1a: Iron Moth|ability: Quark Drive|[fromitem]
|-start|p1a: Iron Moth|quarkdrivespe
|move|p2a: Corviknight|Defog|p1a: Iron Moth
|-unboost|p1a: Iron Moth|evasion|1
|-sideend|p2: Holy Brave|Stealth Rock|[from] move: Defog|[of] p2a: Corviknight
|
|upkeep
|turn|9
|
|t:|1779597161
|switch|p2a: Ting-Lu|Ting-Lu|79/100
|-ability|p2a: Ting-Lu|Vessel of Ruin
|move|p1a: Iron Moth|Fiery Dance|p2a: Ting-Lu
|-damage|p2a: Ting-Lu|61/100
|
|-heal|p2a: Ting-Lu|68/100|[from] item: Leftovers
|upkeep
|turn|10
|
|t:|1779597172
|move|p1a: Iron Moth|Fiery Dance|p2a: Ting-Lu
|-damage|p2a: Ting-Lu|51/100
|-boost|p1a: Iron Moth|spa|1
|move|p2a: Ting-Lu|Earthquake|p1a: Iron Moth
|-supereffective|p1a: Iron Moth
|-damage|p1a: Iron Moth|0 fnt
|faint|p1a: Iron Moth
|-end|p1a: Iron Moth|Quark Drive|[silent]
|
|-heal|p2a: Ting-Lu|57/100|[from] item: Leftovers
|upkeep
|
|t:|1779597180
|switch|p1a: Iron Valiant|Iron Valiant|100/100
|-enditem|p1a: Iron Valiant|Booster Energy
|-activate|p1a: Iron Valiant|ability: Quark Drive|[fromitem]
|-start|p1a: Iron Valiant|quarkdrivespe
|turn|11
|
|t:|1779597184
|switch|p2a: Corviknight|Corviknight, F|100/100
|-ability|p2a: Corviknight|Pressure
|move|p1a: Iron Valiant|Moonblast|p2a: Corviknight
|-resisted|p2a: Corviknight
|-damage|p2a: Corviknight|84/100
|-unboost|p2a: Corviknight|spa|1
|
|-heal|p2a: Corviknight|90/100|[from] item: Leftovers
|upkeep
|turn|12
|
|t:|1779597190
|move|p1a: Iron Valiant|Destiny Bond|p1a: Iron Valiant
|-singlemove|p1a: Iron Valiant|Destiny Bond
|move|p2a: Corviknight|Iron Head|p1a: Iron Valiant
|-supereffective|p1a: Iron Valiant
|-damage|p1a: Iron Valiant|40/100
|
|-heal|p2a: Corviknight|96/100|[from] item: Leftovers
|upkeep
|turn|13
|
|t:|1779597193
|move|p1a: Iron Valiant|Knock Off|p2a: Corviknight
|-damage|p2a: Corviknight|72/100
|-enditem|p2a: Corviknight|Leftovers|[from] move: Knock Off|[of] p1a: Iron Valiant
|move|p2a: Corviknight|Iron Head|p1a: Iron Valiant
|-supereffective|p1a: Iron Valiant
|-crit|p1a: Iron Valiant
|-damage|p1a: Iron Valiant|0 fnt
|faint|p1a: Iron Valiant
|-end|p1a: Iron Valiant|Quark Drive|[silent]
|
|upkeep
|
|t:|1779597195
|switch|p1a: Greninja|Greninja, M|100/100
|turn|14
|
|t:|1779597199
|move|p1a: Greninja|Surf|p2a: Corviknight
|-damage|p2a: Corviknight|36/100
|-damage|p1a: Greninja|91/100|[from] item: Life Orb
|move|p2a: Corviknight|Roost|p2a: Corviknight
|-heal|p2a: Corviknight|86/100
|-singleturn|p2a: Corviknight|move: Roost
|
|upkeep
|turn|15
|
|t:|1779597203
|move|p1a: Greninja|Spikes|p2a: Corviknight
|-sidestart|p2: Holy Brave|Spikes
|move|p2a: Corviknight|Roost|p2a: Corviknight
|-heal|p2a: Corviknight|100/100
|-singleturn|p2a: Corviknight|move: Roost
|
|upkeep
|turn|16
|
|t:|1779597206
|move|p1a: Greninja|Spikes|p2a: Corviknight
|-sidestart|p2: Holy Brave|Spikes
|move|p2a: Corviknight|U-turn|p1a: Greninja
|-supereffective|p1a: Greninja
|-damage|p1a: Greninja|46/100
|
|t:|1779597216
|switch|p2a: Lokix|Lokix, M|100/100|[from] U-turn
|-damage|p2a: Lokix|84/100|[from] Spikes
|
|upkeep
|turn|17
|
|t:|1779597223
|switch|p1a: Great Tusk|Great Tusk|100/100
|-enditem|p1a: Great Tusk|Booster Energy
|-activate|p1a: Great Tusk|ability: Protosynthesis|[fromitem]
|-start|p1a: Great Tusk|protosynthesisatk
|move|p2a: Lokix|First Impression|p1a: Great Tusk
|-resisted|p1a: Great Tusk
|-damage|p1a: Great Tusk|54/100
|
|upkeep
|turn|18
|
|t:|1779597232
|switch|p2a: Alomomola|Alomomola, F|89/100
|-damage|p2a: Alomomola|72/100|[from] Spikes
|move|p1a: Great Tusk|Close Combat|p2a: Alomomola
|-crit|p2a: Alomomola
|-damage|p2a: Alomomola|4/100
|-unboost|p1a: Great Tusk|def|1
|-unboost|p1a: Great Tusk|spd|1
|-damage|p1a: Great Tusk|37/100|[from] item: Rocky Helmet|[of] p2a: Alomomola
|
|upkeep
|turn|19
|
|t:|1779597239
|move|p2a: Alomomola|Protect|p2a: Alomomola
|-singleturn|p2a: Alomomola|Protect
|move|p1a: Great Tusk|Headlong Rush|p2a: Alomomola
|-activate|p2a: Alomomola|move: Protect
|
|upkeep
|turn|20
|
|t:|1779597246
|switch|p2a: Weezing|Weezing-Galar, F|100/100
|-ability|p2a: Weezing|Neutralizing Gas
|-damage|p2a: Weezing|84/100|[from] Spikes
|move|p1a: Great Tusk|Ice Spinner|p2a: Weezing
|-damage|p2a: Weezing|64/100
|
|-heal|p2a: Weezing|70/100|[from] item: Leftovers
|upkeep
|turn|21
|
|t:|1779597254
|-end|p2a: Weezing|ability: Neutralizing Gas
|switch|p2a: Corviknight|Corviknight, F|100/100
|-ability|p2a: Corviknight|Pressure
|move|p1a: Great Tusk|Headlong Rush|p2a: Corviknight
|-immune|p2a: Corviknight
|
|upkeep
|turn|22
|
|t:|1779597272
|move|p1a: Great Tusk|Close Combat|p2a: Corviknight
|-damage|p2a: Corviknight|33/100
|-unboost|p1a: Great Tusk|def|1
|-unboost|p1a: Great Tusk|spd|1
|move|p2a: Corviknight|Iron Head|p1a: Great Tusk
|-damage|p1a: Great Tusk|4/100
|
|upkeep
|turn|23
|
|t:|1779597291
|move|p1a: Great Tusk|Close Combat|p2a: Corviknight
|-damage|p2a: Corviknight|0 fnt
|-unboost|p1a: Great Tusk|def|1
|-unboost|p1a: Great Tusk|spd|1
|faint|p2a: Corviknight
|
|upkeep
|
|t:|1779597293
|switch|p2a: Iron Valiant|Iron Valiant|100/100
|-damage|p2a: Iron Valiant|84/100|[from] Spikes
|turn|24
|
|t:|1779597297
|move|p2a: Iron Valiant|Moonblast|p1a: Great Tusk
|-supereffective|p1a: Great Tusk
|-damage|p1a: Great Tusk|0 fnt
|faint|p1a: Great Tusk
|-end|p1a: Great Tusk|Protosynthesis|[silent]
|
|upkeep
|
|t:|1779597304
|switch|p1a: Greninja|Greninja, M|46/100
|turn|25
|
|t:|1779597310
|move|p1a: Greninja|Surf|p2a: Iron Valiant
|-damage|p2a: Iron Valiant|0 fnt
|faint|p2a: Iron Valiant
|-end|p2a: Iron Valiant|Quark Drive|[silent]
|-ability|p1a: Greninja|Battle Bond|boost
|-boost|p1a: Greninja|atk|1
|-boost|p1a: Greninja|spa|1
|-boost|p1a: Greninja|spe|1
|-activate|p1a: Greninja|ability: Battle Bond
|-damage|p1a: Greninja|37/100|[from] item: Life Orb
|
|upkeep
|
|t:|1779597313
|switch|p2a: Lokix|Lokix, M|84/100
|-damage|p2a: Lokix|67/100|[from] Spikes
|turn|26
|j| chillncurry
|
|t:|1779597323
|switch|p1a: Deoxys|Deoxys-Speed|51/100
|-ability|p1a: Deoxys|Pressure
|move|p2a: Lokix|First Impression|p1a: Deoxys
|-supereffective|p1a: Deoxys
|-damage|p1a: Deoxys|0 fnt
|faint|p1a: Deoxys
|
|upkeep
|
|t:|1779597325
|switch|p1a: Dragonite|Dragonite, F|100/100
|turn|27
|
|t:|1779597339
|switch|p2a: Alomomola|Alomomola, F|38/100
|-damage|p2a: Alomomola|21/100|[from] Spikes
|move|p1a: Dragonite|Dragon Dance|p1a: Dragonite
|-boost|p1a: Dragonite|atk|1
|-boost|p1a: Dragonite|spe|1
|
|upkeep
|turn|28
|
|t:|1779597350
|switch|p2a: Ting-Lu|Ting-Lu|57/100
|-damage|p2a: Ting-Lu|41/100|[from] Spikes
|-ability|p2a: Ting-Lu|Vessel of Ruin
|move|p1a: Dragonite|Earthquake|p2a: Ting-Lu
|-damage|p2a: Ting-Lu|9/100
|
|-heal|p2a: Ting-Lu|15/100|[from] item: Leftovers
|upkeep
|turn|29
|inactive|ANGEL ENGINE has 120 seconds left.
|l| chillncurry
|
|t:|1779597384
|move|p1a: Dragonite|Earthquake|p2a: Ting-Lu
|-damage|p2a: Ting-Lu|0 fnt
|faint|p2a: Ting-Lu
|
|upkeep
|
|t:|1779597392
|switch|p2a: Weezing|Weezing-Galar, F|70/100
|-ability|p2a: Weezing|Neutralizing Gas
|-damage|p2a: Weezing|54/100|[from] Spikes
|turn|30
|inactive|ANGEL ENGINE has 120 seconds left.
|
|t:|1779597410
|switch|p1a: Greninja|Greninja, M|37/100
|move|p2a: Weezing|Protect||[still]
|-fail|p2a: Weezing
|
|-heal|p2a: Weezing|60/100|[from] item: Leftovers
|upkeep
|turn|31
|
|t:|1779597414
|move|p2a: Weezing|Protect|p2a: Weezing
|-singleturn|p2a: Weezing|Protect
|move|p1a: Greninja|Surf|p2a: Weezing
|-activate|p2a: Weezing|move: Protect
|
|-heal|p2a: Weezing|66/100|[from] item: Leftovers
|upkeep
|turn|32
|
|t:|1779597421
|-end|p2a: Weezing|ability: Neutralizing Gas
|switch|p2a: Alomomola|Alomomola, F|54/100
|-damage|p2a: Alomomola|38/100|[from] Spikes
|move|p1a: Greninja|Surf|p2a: Alomomola
|-resisted|p2a: Alomomola
|-damage|p2a: Alomomola|9/100
|-damage|p1a: Greninja|27/100|[from] item: Life Orb
|
|upkeep
|turn|33
|
|t:|1779597424
|move|p1a: Greninja|Surf|p2a: Alomomola
|-resisted|p2a: Alomomola
|-damage|p2a: Alomomola|0 fnt
|faint|p2a: Alomomola
|-damage|p1a: Greninja|17/100|[from] item: Life Orb
|
|upkeep
|
|t:|1779597426
|switch|p2a: Lokix|Lokix, M|67/100
|-damage|p2a: Lokix|51/100|[from] Spikes
|turn|34
|
|t:|1779597434
|move|p2a: Lokix|First Impression|p1a: Greninja
|-supereffective|p1a: Greninja
|-damage|p1a: Greninja|0 fnt
|faint|p1a: Greninja
|
|upkeep
|
|t:|1779597435
|switch|p1a: Dragonite|Dragonite, F|100/100
|turn|35
|
|t:|1779597439
|switch|p2a: Weezing|Weezing-Galar, F|66/100
|-ability|p2a: Weezing|Neutralizing Gas
|-damage|p2a: Weezing|49/100|[from] Spikes
|-terastallize|p1a: Dragonite|Normal
|move|p1a: Dragonite|Dragon Dance|p1a: Dragonite
|-boost|p1a: Dragonite|atk|1
|-boost|p1a: Dragonite|spe|1
|
|-heal|p2a: Weezing|55/100|[from] item: Leftovers
|upkeep
|turn|36
|
|t:|1779597445
|-terastallize|p2a: Weezing|Grass
|move|p1a: Dragonite|Earthquake|p2a: Weezing
|-resisted|p2a: Weezing
|-damage|p2a: Weezing|33/100
|move|p2a: Weezing|Will-O-Wisp|p1a: Dragonite
|-status|p1a: Dragonite|brn
|
|-heal|p2a: Weezing|39/100|[from] item: Leftovers
|-damage|p1a: Dragonite|94/100 brn|[from] brn
|upkeep
|turn|37
|
|t:|1779597450
|move|p1a: Dragonite|Dragon Dance|p1a: Dragonite
|-boost|p1a: Dragonite|atk|1
|-boost|p1a: Dragonite|spe|1
|move|p2a: Weezing|Sludge Bomb|p1a: Dragonite
|-damage|p1a: Dragonite|66/100 brn
|
|-heal|p2a: Weezing|45/100|[from] item: Leftovers
|-damage|p1a: Dragonite|59/100 brn|[from] brn
|upkeep
|turn|38
|
|t:|1779597473
|move|p2a: Weezing|Protect|p2a: Weezing
|-singleturn|p2a: Weezing|Protect
|move|p1a: Dragonite|Dragon Dance|p1a: Dragonite
|-boost|p1a: Dragonite|atk|1
|-boost|p1a: Dragonite|spe|1
|
|-heal|p2a: Weezing|51/100|[from] item: Leftovers
|-damage|p1a: Dragonite|53/100 brn|[from] brn
|upkeep
|turn|39
|
|t:|1779597478
|move|p1a: Dragonite|Roost|p1a: Dragonite
|-heal|p1a: Dragonite|100/100 brn
|move|p2a: Weezing|Sludge Bomb|p1a: Dragonite
|-damage|p1a: Dragonite|73/100 brn
|
|-heal|p2a: Weezing|57/100|[from] item: Leftovers
|-damage|p1a: Dragonite|66/100 brn|[from] brn
|upkeep
|turn|40
|
|t:|1779597486
|move|p1a: Dragonite|Roost|p1a: Dragonite
|-heal|p1a: Dragonite|100/100 brn
|move|p2a: Weezing|Sludge Bomb|p1a: Dragonite
|-damage|p1a: Dragonite|71/100 brn
|
|-heal|p2a: Weezing|63/100|[from] item: Leftovers
|-damage|p1a: Dragonite|65/100 brn|[from] brn
|upkeep
|turn|41
|
|t:|1779597492
|move|p1a: Dragonite|Dragon Dance|p1a: Dragonite
|-boost|p1a: Dragonite|atk|1
|-boost|p1a: Dragonite|spe|1
|move|p2a: Weezing|Sludge Bomb|p1a: Dragonite
|-damage|p1a: Dragonite|35/100 brn
|
|-heal|p2a: Weezing|69/100|[from] item: Leftovers
|-damage|p1a: Dragonite|29/100 brn|[from] brn
|upkeep
|turn|42
|
|t:|1779597498
|move|p1a: Dragonite|Roost|p1a: Dragonite
|-heal|p1a: Dragonite|79/100 brn
|move|p2a: Weezing|Sludge Bomb|p1a: Dragonite
|-damage|p1a: Dragonite|51/100 brn
|
|-heal|p2a: Weezing|75/100|[from] item: Leftovers
|-damage|p1a: Dragonite|45/100 brn|[from] brn
|upkeep
|turn|43
|
|t:|1779597503
|move|p1a: Dragonite|Roost|p1a: Dragonite
|-heal|p1a: Dragonite|95/100 brn
|move|p2a: Weezing|Sludge Bomb|p1a: Dragonite
|-damage|p1a: Dragonite|68/100 brn
|
|-heal|p2a: Weezing|81/100|[from] item: Leftovers
|-damage|p1a: Dragonite|62/100 brn|[from] brn
|upkeep
|turn|44
|
|t:|1779597516
|move|p1a: Dragonite|Dragon Dance|p1a: Dragonite
|-boost|p1a: Dragonite|atk|1
|-boost|p1a: Dragonite|spe|1
|move|p2a: Weezing|Sludge Bomb|p1a: Dragonite
|-damage|p1a: Dragonite|34/100 brn
|
|-heal|p2a: Weezing|87/100|[from] item: Leftovers
|-damage|p1a: Dragonite|27/100 brn|[from] brn
|upkeep
|turn|45
|
|t:|1779597519
|move|p1a: Dragonite|Roost|p1a: Dragonite
|-heal|p1a: Dragonite|78/100 brn
|move|p2a: Weezing|Sludge Bomb|p1a: Dragonite
|-damage|p1a: Dragonite|48/100 brn
|
|-heal|p2a: Weezing|93/100|[from] item: Leftovers
|-damage|p1a: Dragonite|42/100 brn|[from] brn
|upkeep
|turn|46
|
|t:|1779597523
|move|p1a: Dragonite|Roost|p1a: Dragonite
|-heal|p1a: Dragonite|92/100 brn
|move|p2a: Weezing|Sludge Bomb|p1a: Dragonite
|-damage|p1a: Dragonite|63/100 brn
|
|-heal|p2a: Weezing|99/100|[from] item: Leftovers
|-damage|p1a: Dragonite|57/100 brn|[from] brn
|upkeep
|turn|47
|
|t:|1779597529
|move|p1a: Dragonite|Extreme Speed|p2a: Weezing
|-crit|p2a: Weezing
|-damage|p2a: Weezing|15/100
|move|p2a: Weezing|Sludge Bomb|p1a: Dragonite
|-damage|p1a: Dragonite|29/100 brn
|
|-heal|p2a: Weezing|21/100|[from] item: Leftovers
|-damage|p1a: Dragonite|22/100 brn|[from] brn
|upkeep
|turn|48
|
|t:|1779597540
|move|p1a: Dragonite|Extreme Speed|p2a: Weezing
|-damage|p2a: Weezing|0 fnt
|faint|p2a: Weezing
|-end|p2a: Weezing|ability: Neutralizing Gas
|
|-damage|p1a: Dragonite|16/100 brn|[from] brn
|upkeep
|
|t:|1779597544
|switch|p2a: Lokix|Lokix, M|51/100
|-damage|p2a: Lokix|34/100|[from] Spikes
|turn|49
|
|t:|1779597556
|move|p1a: Dragonite|Extreme Speed|p2a: Lokix
|-damage|p2a: Lokix|0 fnt
|faint|p2a: Lokix
|
|win|ANGEL ENGINE
|raw|ANGEL ENGINE's rating: 1513 &rarr; <strong>1533</strong><br />(+20 for winning)
|raw|Holy Brave's rating: 1512 &rarr; <strong>1492</strong><br />(-20 for losing)
|c|☆Holy Brave|Crazy Crit
|c|☆Holy Brave|gg
|l|☆ANGEL ENGINE
|player|p1|
|l|☆Holy Brave
|player|p2|
