|j|☆91mht
|j|☆BillCipherIsCool
|t:|1779628202
|gametype|singles
|player|p1|91mht|rosa|1135
|player|p2|BillCipherIsCool|waiter-gen4dp|1116
|gen|9
|tier|[Gen 9] OU
|rated|
|rule|HP Percentage Mod: HP is shown in percentages
|rule|Endless Battle Clause: Forcing endless battles is banned
|rule|Species Clause: Limit one of each Pokémon
|rule|OHKO Clause: OHKO moves are banned
|rule|Evasion Items Clause: Evasion items are banned
|rule|Evasion Moves Clause: Evasion moves are banned
|rule|Evasion Abilities Clause: Evasion abilities are banned
|rule|Sleep Moves Clause: Sleep-inducing moves are banned
|clearpoke
|poke|p1|Darkrai|
|poke|p1|Riolu, M|
|poke|p1|Weezing-Galar, F|
|poke|p1|Alomomola, F|
|poke|p1|Latias, F|
|poke|p1|Ceruledge, F|
|poke|p2|Ninetales-Alola, F|
|poke|p2|Darkrai|
|poke|p2|Great Tusk|
|poke|p2|Iron Valiant|
|poke|p2|Zoroark-Hisui, F|
|poke|p2|Samurott-Hisui, M|
|teampreview
|inactive|Battle timer is ON: inactive players will automatically lose when time's up. (requested by 91mht)
|
|t:|1779628214
|teamsize|p1|6
|teamsize|p2|6
|start
|switch|p1a: Weezing|Weezing-Galar, F|100/100
|switch|p2a: The Tank|Great Tusk|100/100
|-ability|p1a: Weezing|Neutralizing Gas
|turn|1
|
|t:|1779628223
|move|p2a: The Tank|Stealth Rock|p1a: Weezing
|-sidestart|p1: 91mht|move: Stealth Rock
|move|p1a: Weezing|Toxic|p2a: The Tank
|-status|p2a: The Tank|tox
|
|-damage|p2a: The Tank|94/100 tox|[from] psn
|upkeep
|turn|2
|
|t:|1779628237
|move|p2a: The Tank|Rapid Spin|p1a: Weezing
|-damage|p1a: Weezing|88/100
|-boost|p2a: The Tank|spe|1
|move|p1a: Weezing|Defog|p2a: The Tank
|-unboost|p2a: The Tank|evasion|1
|-sideend|p1: 91mht|Stealth Rock|[from] move: Defog|[of] p1a: Weezing
|
|-heal|p1a: Weezing|94/100|[from] item: Black Sludge
|-damage|p2a: The Tank|82/100 tox|[from] psn
|upkeep
|turn|3
|
|t:|1779628251
|-end|p1a: Weezing|ability: Neutralizing Gas
|switch|p1a: Latias|Latias, F|100/100
|-enditem|p2a: The Tank|Booster Energy
|-activate|p2a: The Tank|ability: Protosynthesis|[fromitem]
|-start|p2a: The Tank|protosynthesisatk
|move|p2a: The Tank|Earthquake|p1a: Latias
|-immune|p1a: Latias|[from] ability: Levitate
|
|-damage|p2a: The Tank|63/100 tox|[from] psn
|upkeep
|turn|4
|
|t:|1779628266
|move|p2a: The Tank|Close Combat|p1a: Latias
|-resisted|p1a: Latias
|-damage|p1a: Latias|67/100
|-unboost|p2a: The Tank|def|1
|-unboost|p2a: The Tank|spd|1
|-enditem|p1a: Latias|Kee Berry|[eat]
|-boost|p1a: Latias|def|1|[from] item: Kee Berry
|move|p1a: Latias|Mist Ball|p2a: The Tank
|-supereffective|p2a: The Tank
|-damage|p2a: The Tank|0 fnt
|faint|p2a: The Tank
|-end|p2a: The Tank|Protosynthesis|[silent]
|
|upkeep
|
|t:|1779628284
|switch|p2a: The Sorcerer|Darkrai|100/100
|turn|5
|
|t:|1779628296
|-terastallize|p1a: Latias|Electric
|move|p2a: The Sorcerer|Dark Pulse|p1a: Latias
|-damage|p1a: Latias|30/100
|move|p1a: Latias|Calm Mind|p1a: Latias
|-boost|p1a: Latias|spa|1
|-boost|p1a: Latias|spd|1
|
|upkeep
|turn|6
|
|t:|1779628302
|move|p2a: The Sorcerer|Nasty Plot|p2a: The Sorcerer
|-boost|p2a: The Sorcerer|spa|2
|move|p1a: Latias|Recover|p1a: Latias
|-heal|p1a: Latias|80/100
|
|upkeep
|turn|7
|
|t:|1779628306
|move|p2a: The Sorcerer|Nasty Plot|p2a: The Sorcerer
|-boost|p2a: The Sorcerer|spa|2
|move|p1a: Latias|Calm Mind|p1a: Latias
|-boost|p1a: Latias|spa|1
|-boost|p1a: Latias|spd|1
|
|upkeep
|turn|8
|
|t:|1779628316
|move|p2a: The Sorcerer|Dark Pulse|p1a: Latias
|-damage|p1a: Latias|27/100
|move|p1a: Latias|Calm Mind|p1a: Latias
|-boost|p1a: Latias|spa|1
|-boost|p1a: Latias|spd|1
|
|upkeep
|turn|9
|
|t:|1779628322
|move|p2a: The Sorcerer|Dark Pulse|p1a: Latias
|-damage|p1a: Latias|0 fnt
|faint|p1a: Latias
|
|upkeep
|
|t:|1779628327
|switch|p1a: Riolu|Riolu, M|100/100
|turn|10
|
|t:|1779628335
|move|p2a: The Sorcerer|Sludge Bomb|p1a: Riolu
|-enditem|p1a: Riolu|Focus Sash
|-damage|p1a: Riolu|1/100
|move|p1a: Riolu|Reversal|p2a: The Sorcerer
|-supereffective|p2a: The Sorcerer
|-damage|p2a: The Sorcerer|0 fnt
|faint|p2a: The Sorcerer
|
|upkeep
|
|t:|1779628351
|switch|p2a: The Fighter|Iron Valiant|100/100
|-enditem|p2a: The Fighter|Booster Energy
|-activate|p2a: The Fighter|ability: Quark Drive|[fromitem]
|-start|p2a: The Fighter|quarkdrivespe
|turn|11
|inactiveoff|Battle timer is now OFF.
|
|t:|1779628371
|move|p1a: Riolu|Copycat|p1a: Riolu
|move|p1a: Riolu|Reversal|p2a: The Fighter|[from] move: Copycat
|-resisted|p2a: The Fighter
|-damage|p2a: The Fighter|48/100
|move|p2a: The Fighter|Psycho Cut|p1a: Riolu
|-supereffective|p1a: Riolu
|-crit|p1a: Riolu
|-damage|p1a: Riolu|0 fnt
|faint|p1a: Riolu
|
|upkeep
|l|☆91mht
|player|p1|
|inactive|Battle timer is ON: inactive players will automatically lose when time's up. (requested by BillCipherIsCool)
|j|☆91mht
|inactive|91mht reconnected and has 140 seconds left.
|player|p1|91mht|rosa|
|inactive|91mht also wants the timer to be on.
|
|t:|1779628433
|switch|p1a: Ceruledge|Ceruledge, F|100/100
|turn|12
|
|t:|1779628441
|move|p1a: Ceruledge|Endure|p1a: Ceruledge
|-singleturn|p1a: Ceruledge|move: Endure
|move|p2a: The Fighter|Spirit Break|p1a: Ceruledge
|-resisted|p1a: Ceruledge
|-damage|p1a: Ceruledge|74/100
|-unboost|p1a: Ceruledge|spa|1
|-ability|p1a: Ceruledge|Weak Armor|boost
|-unboost|p1a: Ceruledge|def|1
|-boost|p1a: Ceruledge|spe|2
|
|upkeep
|turn|13
|
|t:|1779628458
|move|p1a: Ceruledge|Bitter Blade|p2a: The Fighter
|-damage|p2a: The Fighter|0 fnt
|-heal|p1a: Ceruledge|98/100|[from] drain|[of] p2a: The Fighter
|faint|p2a: The Fighter
|-end|p2a: The Fighter|Quark Drive|[silent]
|
|upkeep
|
|t:|1779628470
|switch|p2a: The Rogue|Samurott-Hisui, M|100/100
|turn|14
|
|t:|1779628477
|move|p1a: Ceruledge|Endure|p1a: Ceruledge
|-singleturn|p1a: Ceruledge|move: Endure
|move|p2a: The Rogue|Swords Dance|p2a: The Rogue
|-boost|p2a: The Rogue|atk|2
|
|upkeep
|turn|15
|
|t:|1779628487
|move|p1a: Ceruledge|Bitter Blade|p2a: The Rogue
|-resisted|p2a: The Rogue
|-damage|p2a: The Rogue|72/100
|-heal|p1a: Ceruledge|100/100|[from] drain|[of] p2a: The Rogue
|move|p2a: The Rogue|Swords Dance|p2a: The Rogue
|-boost|p2a: The Rogue|atk|2
|
|upkeep
|turn|16
|
|t:|1779628495
|move|p1a: Ceruledge|Endure|p1a: Ceruledge
|-singleturn|p1a: Ceruledge|move: Endure
|move|p2a: The Rogue|Ceaseless Edge|p1a: Ceruledge
|-supereffective|p1a: Ceruledge
|-activate|p1a: Ceruledge|move: Endure
|-damage|p1a: Ceruledge|1/100
|-ability|p1a: Ceruledge|Weak Armor|boost
|-unboost|p1a: Ceruledge|def|1
|-boost|p1a: Ceruledge|spe|2
|-enditem|p1a: Ceruledge|Weakness Policy
|-boost|p1a: Ceruledge|atk|2|[from] item: Weakness Policy
|-boost|p1a: Ceruledge|spa|2|[from] item: Weakness Policy
|-sidestart|p1: 91mht|Spikes
|-damage|p2a: The Rogue|62/100|[from] item: Life Orb
|
|upkeep
|turn|17
|
|t:|1779628505
|move|p1a: Ceruledge|Close Combat|p2a: The Rogue
|-supereffective|p2a: The Rogue
|-damage|p2a: The Rogue|0 fnt
|-unboost|p1a: Ceruledge|def|1
|-unboost|p1a: Ceruledge|spd|1
|faint|p2a: The Rogue
|
|upkeep
|
|t:|1779628514
|switch|p2a: The Cleric|Ninetales-Alola, F|100/100
|turn|18
|
|t:|1779628534
|move|p1a: Ceruledge|Bitter Blade|p2a: The Cleric
|-damage|p2a: The Cleric|0 fnt
|-heal|p1a: Ceruledge|44/100|[from] drain|[of] p2a: The Cleric
|replace|p2a: The Trickster|Zoroark-Hisui, F
|-end|p2a: The Trickster|Illusion
|faint|p2a: The Trickster
|
|upkeep
|
|t:|1779628537
|switch|p2a: The Cleric|Ninetales-Alola, F|100/100
|-weather|Snowscape|[from] ability: Snow Warning|[of] p2a: The Cleric
|turn|19
|-message|BillCipherIsCool forfeited.
|
|win|91mht
|raw|91mht's rating: 1135 &rarr; <strong>1159</strong><br />(+24 for winning)
|raw|BillCipherIsCool's rating: 1116 &rarr; <strong>1092</strong><br />(-24 for losing)
|l|☆BillCipherIsCool
|player|p2|
|l|☆91mht
|player|p1|
|j|☆91mht
|player|p1|91mht|rosa|
