|j|☆chip wittley
|j|☆OP Earthquakes
|t:|1779648106
|gametype|singles
|player|p1|chip wittley|lance|1702
|player|p2|OP Earthquakes|giovanni-masters|1645
|gen|9
|tier|[Gen 9] OU
|rated|
|rule|HP Percentage Mod: HP is shown in percentages
|rule|Endless Battle Clause: Forcing endless battles is banned
|rule|Species Clause: Limit one of each Pokémon
|rule|OHKO Clause: OHKO moves are banned
|rule|Evasion Items Clause: Evasion items are banned
|rule|Evasion Moves Clause: Evasion moves are banned
|rule|Evasion Abilities Clause: Evasion abilities are banned
|rule|Sleep Moves Clause: Sleep-inducing moves are banned
|clearpoke
|poke|p1|Cetitan, F|
|poke|p1|Ninetales-Alola, M|
|poke|p1|Darkrai|
|poke|p1|Iron Treads|
|poke|p1|Hatterene, F|
|poke|p1|Dragonite, F|
|poke|p2|Tyranitar, F|
|poke|p2|Pawmot, M|
|poke|p2|Kyurem|
|poke|p2|Excadrill, F|
|poke|p2|Hawlucha, M|
|poke|p2|Grimmsnarl, M|
|teampreview
|inactive|Battle timer is ON: inactive players will automatically lose when time's up. (requested by OP Earthquakes)
|j| FaronAan
|
|t:|1779648131
|teamsize|p1|6
|teamsize|p2|6
|start
|switch|p1a: Ninetales|Ninetales-Alola, M|100/100
|switch|p2a: Grimmsnarl|Grimmsnarl, M|100/100
|-weather|Snowscape|[from] ability: Snow Warning|[of] p1a: Ninetales
|turn|1
|j| hattybatty304
|
|t:|1779648138
|move|p2a: Grimmsnarl|Thunder Wave|p1a: Ninetales
|-status|p1a: Ninetales|par
|move|p1a: Ninetales|Moonblast|p2a: Grimmsnarl
|-supereffective|p2a: Grimmsnarl
|-damage|p2a: Grimmsnarl|23/100
|-unboost|p2a: Grimmsnarl|spa|1
|
|-weather|Snowscape|[upkeep]
|upkeep
|turn|2
|
|t:|1779648143
|switch|p2a: The sandstorm|Tyranitar, F, shiny|100/100
|-weather|Sandstorm|[from] ability: Sand Stream|[of] p2a: The sandstorm
|move|p1a: Ninetales|Snowscape|p1a: Ninetales
|-weather|Snowscape
|
|-weather|Snowscape|[upkeep]
|upkeep
|turn|3
|
|t:|1779648151
|switch|p1a: Hatterene|Hatterene, F|100/100
|move|p2a: The sandstorm|Roar|p1a: Hatterene
|move|p1a: Hatterene|Roar|p2a: The sandstorm|[from] ability: Magic Bounce
|drag|p2a: Grimmsnarl|Grimmsnarl, M|23/100
|
|-weather|Snowscape|[upkeep]
|upkeep
|turn|4
|
|t:|1779648155
|switch|p1a: Cetitan|Cetitan, F|100/100
|move|p2a: Grimmsnarl|Light Screen|p2a: Grimmsnarl
|-sidestart|p2: OP Earthquakes|move: Light Screen
|
|-weather|Snowscape|[upkeep]
|upkeep
|turn|5
|
|t:|1779648162
|switch|p1a: Hatterene|Hatterene, F|100/100
|move|p2a: Grimmsnarl|Thunder Wave|p1a: Hatterene
|move|p1a: Hatterene|Thunder Wave|p2a: Grimmsnarl|[from] ability: Magic Bounce
|-status|p2a: Grimmsnarl|par
|
|-weather|Snowscape|[upkeep]
|upkeep
|turn|6
|c|☆OP Earthquakes|bet
|
|t:|1779648170
|switch|p1a: Iron Treads|Iron Treads|100/100
|-item|p1a: Iron Treads|Air Balloon
|switch|p2a: OP|Excadrill, F|100/100
|
|-weather|Snowscape|[upkeep]
|upkeep
|turn|7
|
|t:|1779648182
|-end|p1a: Iron Treads|Quark Drive|[silent]
|switch|p1a: Cetitan|Cetitan, F|100/100
|switch|p2a: Toshiro|Kyurem, shiny|100/100
|-ability|p2a: Toshiro|Pressure
|
|-weather|Snowscape|[upkeep]
|upkeep
|turn|8
|
|t:|1779648191
|move|p1a: Cetitan|Belly Drum|p1a: Cetitan
|-damage|p1a: Cetitan|50/100
|-setboost|p1a: Cetitan|atk|6|[from] move: Belly Drum
|-enditem|p1a: Cetitan|Sitrus Berry|[eat]
|-heal|p1a: Cetitan|75/100|[from] item: Sitrus Berry
|move|p2a: Toshiro|Shadow Ball|p1a: Cetitan
|-damage|p1a: Cetitan|38/100
|
|-weather|Snowscape|[upkeep]
|upkeep
|turn|9
|
|t:|1779648208
|-terastallize|p2a: Toshiro|Ghost
|move|p1a: Cetitan|Ice Spinner|p2a: Toshiro
|-damage|p2a: Toshiro|0 fnt
|faint|p2a: Toshiro
|
|-weather|none
|upkeep
|c|☆OP Earthquakes|oh yeah
|c|☆OP Earthquakes|slush
|c|☆OP Earthquakes|lmfao
|c|☆chip wittley|lol
|
|t:|1779648233
|switch|p2a: The sandstorm|Tyranitar, F, shiny|100/100
|-weather|Sandstorm|[from] ability: Sand Stream|[of] p2a: The sandstorm
|turn|10
|
|t:|1779648240
|switch|p2a: Itachi|Hawlucha, M, shiny|100/100
|-ability|p2a: Itachi|Mold Breaker
|move|p1a: Cetitan|Ice Spinner|p2a: Itachi
|-supereffective|p2a: Itachi
|-damage|p2a: Itachi|0 fnt
|faint|p2a: Itachi
|
|-weather|Sandstorm|[upkeep]
|-damage|p1a: Cetitan|32/100|[from] Sandstorm
|upkeep
|
|t:|1779648250
|switch|p2a: OP|Excadrill, F|100/100
|turn|11
|
|t:|1779648255
|-terastallize|p1a: Cetitan|Ice
|move|p1a: Cetitan|Ice Shard|p2a: OP
|-damage|p2a: OP|0 fnt
|faint|p2a: OP
|
|-weather|Sandstorm|[upkeep]
|-damage|p1a: Cetitan|26/100|[from] Sandstorm
|-sideend|p2: OP Earthquakes|move: Light Screen
|upkeep
|c|☆OP Earthquakes|Yeah I goobed myself
|c|☆chip wittley|happens
|c|☆OP Earthquakes|wp
|c|☆chip wittley|u2
|-message|OP Earthquakes forfeited.
|
|win|chip wittley
|raw|chip wittley's rating: 1702 &rarr; <strong>1719</strong><br />(+17 for winning)
|raw|OP Earthquakes's rating: 1645 &rarr; <strong>1628</strong><br />(-17 for losing)
|l|☆OP Earthquakes
|player|p2|
|l| hattybatty304
|l| FaronAan
