|j|☆The.Columbina
|j|☆NotoriousPink
|t:|1779606146
|gametype|singles
|player|p1|The.Columbina|hilda-wonderlauncher|1110
|player|p2|NotoriousPink|170|1098
|gen|9
|tier|[Gen 9] OU
|rated|
|rule|HP Percentage Mod: HP is shown in percentages
|rule|Endless Battle Clause: Forcing endless battles is banned
|rule|Species Clause: Limit one of each Pokémon
|rule|OHKO Clause: OHKO moves are banned
|rule|Evasion Items Clause: Evasion items are banned
|rule|Evasion Moves Clause: Evasion moves are banned
|rule|Evasion Abilities Clause: Evasion abilities are banned
|rule|Sleep Moves Clause: Sleep-inducing moves are banned
|clearpoke
|poke|p1|Froslass, F|
|poke|p1|Serperior, M|
|poke|p1|Rillaboom, M|
|poke|p1|Primarina, F|
|poke|p1|Rotom-Wash|
|poke|p1|Regieleki|
|poke|p2|Spidops, M|
|poke|p2|Deoxys-Defense|
|poke|p2|Corviknight, F|
|poke|p2|Weezing-Galar, M|
|poke|p2|Blissey, F|
|poke|p2|Alomomola, F|
|teampreview
|inactive|Battle timer is ON: inactive players will automatically lose when time's up. (requested by The.Columbina)
|inactive|The.Columbina has 120 seconds left.
|j| TheBergentruck1
|l| TheBergentruck1
|
|t:|1779606196
|teamsize|p1|6
|teamsize|p2|6
|start
|switch|p1a: Froslass|Froslass, F|100/100
|switch|p2a: Blissey|Blissey, F|100/100
|turn|1
|
|t:|1779606206
|move|p1a: Froslass|Icicle Crash|p2a: Blissey
|-damage|p2a: Blissey|55/100
|-damage|p1a: Froslass|91/100|[from] item: Life Orb
|move|p2a: Blissey|Stealth Rock|p1a: Froslass
|-sidestart|p1: The.Columbina|move: Stealth Rock
|
|upkeep
|turn|2
|
|t:|1779606229
|switch|p2a: Alomomola|Alomomola, F|100/100
|move|p1a: Froslass|Icicle Crash|p2a: Alomomola
|-resisted|p2a: Alomomola
|-damage|p2a: Alomomola|88/100
|-damage|p1a: Froslass|81/100|[from] item: Life Orb
|
|upkeep
|turn|3
|
|t:|1779606240
|switch|p1a: Regieleki|Regieleki|100/100
|move|p2a: Alomomola|Wish|p2a: Alomomola
|
|upkeep
|turn|4
|
|t:|1779606253
|switch|p2a: Blissey|Blissey, F|55/100
|move|p1a: Regieleki|Rapid Spin|p2a: Blissey
|-damage|p2a: Blissey|42/100
|-boost|p1a: Regieleki|spe|1
|-sideend|p1: The.Columbina|Stealth Rock|[from] move: Rapid Spin|[of] p1a: Regieleki
|
|-heal|p2a: Blissey|79/100|[from] move: Wish|[wisher] Alomomola
|upkeep
|turn|5
|
|t:|1779606265
|move|p1a: Regieleki|Substitute|p1a: Regieleki
|-start|p1a: Regieleki|Substitute
|-damage|p1a: Regieleki|76/100
|move|p2a: Blissey|Soft-Boiled|p2a: Blissey
|-heal|p2a: Blissey|100/100
|
|upkeep
|turn|6
|
|t:|1779606274
|move|p1a: Regieleki|Rapid Spin|p2a: Blissey
|-damage|p2a: Blissey|89/100
|-boost|p1a: Regieleki|spe|1
|move|p2a: Blissey|Seismic Toss|p1a: Regieleki
|-end|p1a: Regieleki|Substitute
|
|upkeep
|turn|7
|
|t:|1779606283
|move|p1a: Regieleki|Explosion|p2a: Blissey
|-damage|p2a: Blissey|29/100
|faint|p1a: Regieleki
|move|p2a: Blissey|Seismic Toss|p1: Regieleki|[notarget]
|-fail|p2a: Blissey
|
|upkeep
|
|t:|1779606294
|switch|p1a: Rillaboom|Rillaboom, M|100/100
|-fieldstart|move: Grassy Terrain|[from] ability: Grassy Surge|[of] p1a: Rillaboom
|-enditem|p1a: Rillaboom|Grassy Seed
|-boost|p1a: Rillaboom|def|1|[from] item: Grassy Seed
|turn|8
|
|t:|1779606303
|switch|p2a: Corviknight|Corviknight, F|100/100
|-ability|p2a: Corviknight|Pressure
|move|p1a: Rillaboom|Wood Hammer|p2a: Corviknight
|-resisted|p2a: Corviknight
|-damage|p2a: Corviknight|87/100
|-damage|p1a: Rillaboom|96/100|[from] Recoil
|
|-heal|p1a: Rillaboom|100/100|[from] Grassy Terrain
|upkeep
|turn|9
|
|t:|1779606320
|switch|p1a: Rotom|Rotom-Wash, shiny|100/100
|move|p2a: Corviknight|U-turn|p1a: Rotom
|-damage|p1a: Rotom|84/100
|
|t:|1779606334
|switch|p2a: Deoxys|Deoxys-Defense|100/100|[from] U-turn
|-ability|p2a: Deoxys|Pressure
|
|upkeep
|turn|10
|
|t:|1779606343
|move|p1a: Rotom|Trick|p2a: Deoxys
|-activate|p1a: Rotom|move: Trick|[of] p2a: Deoxys
|-item|p2a: Deoxys|Choice Scarf|[from] move: Trick
|-item|p1a: Rotom|Heavy-Duty Boots|[from] move: Trick
|move|p2a: Deoxys|Psychic Noise|p1a: Rotom
|-damage|p1a: Rotom|64/100
|-start|p1a: Rotom|move: Heal Block
|
|upkeep
|turn|11
|
|t:|1779606354
|move|p2a: Deoxys|Psychic Noise|p1a: Rotom
|-damage|p1a: Rotom|43/100
|move|p1a: Rotom|Volt Switch|p2a: Deoxys
|-damage|p2a: Deoxys|85/100
|
|t:|1779606362
|switch|p1a: Rillaboom|Rillaboom, M|100/100|[from] Volt Switch
|
|-heal|p2a: Deoxys|91/100|[from] Grassy Terrain
|upkeep
|turn|12
|
|t:|1779606371
|switch|p2a: Corviknight|Corviknight, F|87/100
|-ability|p2a: Corviknight|Pressure
|move|p1a: Rillaboom|Fake Out|p2a: Corviknight
|-resisted|p2a: Corviknight
|-damage|p2a: Corviknight|82/100
|
|-fieldend|move: Grassy Terrain
|upkeep
|turn|13
|
|t:|1779606392
|move|p1a: Rillaboom|Grassy Glide|p2a: Corviknight
|-resisted|p2a: Corviknight
|-damage|p2a: Corviknight|77/100
|move|p2a: Corviknight|U-turn|p1a: Rillaboom
|-supereffective|p1a: Rillaboom
|-damage|p1a: Rillaboom|76/100
|
|t:|1779606397
|switch|p2a: Spidops|Spidops, M|100/100|[from] U-turn
|
|upkeep
|turn|14
|
|t:|1779606404
|move|p2a: Spidops|First Impression|p1a: Rillaboom
|-supereffective|p1a: Rillaboom
|-damage|p1a: Rillaboom|0 fnt
|faint|p1a: Rillaboom
|
|upkeep
|
|t:|1779606414
|switch|p1a: 鸿园的君主|Serperior, M|100/100
|turn|15
|
|t:|1779606422
|switch|p2a: Corviknight|Corviknight, F|77/100
|-ability|p2a: Corviknight|Pressure
|move|p1a: 鸿园的君主|Substitute|p1a: 鸿园的君主
|-start|p1a: 鸿园的君主|Substitute
|-damage|p1a: 鸿园的君主|75/100
|
|-heal|p1a: 鸿园的君主|82/100|[from] item: Leftovers
|upkeep
|turn|16
|
|t:|1779606433
|move|p1a: 鸿园的君主|Leech Seed|p2a: Corviknight
|-start|p2a: Corviknight|move: Leech Seed
|move|p2a: Corviknight|U-turn|p1a: 鸿园的君主
|-supereffective|p1a: 鸿园的君主
|-end|p1a: 鸿园的君主|Substitute
|
|t:|1779606439
|switch|p2a: Spidops|Spidops, M|100/100|[from] U-turn
|
|-heal|p1a: 鸿园的君主|88/100|[from] item: Leftovers
|upkeep
|turn|17
|
|t:|1779606448
|-terastallize|p1a: 鸿园的君主|Water
|move|p1a: 鸿园的君主|Substitute|p1a: 鸿园的君主
|-start|p1a: 鸿园的君主|Substitute
|-damage|p1a: 鸿园的君主|63/100
|move|p2a: Spidops|U-turn|p1a: 鸿园的君主
|-end|p1a: 鸿园的君主|Substitute
|
|t:|1779606462
|switch|p2a: Weezing|Weezing-Galar, M|100/100|[from] U-turn
|-ability|p2a: Weezing|Neutralizing Gas
|
|-heal|p1a: 鸿园的君主|69/100|[from] item: Leftovers
|upkeep
|turn|18
|
|t:|1779606476
|move|p1a: 鸿园的君主|Substitute|p1a: 鸿园的君主
|-start|p1a: 鸿园的君主|Substitute
|-damage|p1a: 鸿园的君主|44/100
|move|p2a: Weezing|Will-O-Wisp||[still]
|-fail|p2a: Weezing
|
|-heal|p1a: 鸿园的君主|50/100|[from] item: Leftovers
|upkeep
|turn|19
|
|t:|1779606485
|move|p1a: 鸿园的君主|Leech Seed|p2a: Weezing
|-start|p2a: Weezing|move: Leech Seed
|move|p2a: Weezing|Strange Steam|p1a: 鸿园的君主
|-end|p1a: 鸿园的君主|Substitute
|
|-heal|p1a: 鸿园的君主|56/100|[from] item: Leftovers
|-damage|p2a: Weezing|88/100|[from] Leech Seed|[of] p1a: 鸿园的君主
|-heal|p1a: 鸿园的君主|70/100|[silent]
|upkeep
|turn|20
|
|t:|1779606499
|-end|p2a: Weezing|ability: Neutralizing Gas
|switch|p2a: Corviknight|Corviknight, F|77/100
|-ability|p2a: Corviknight|Pressure
|move|p1a: 鸿园的君主|Substitute|p1a: 鸿园的君主
|-start|p1a: 鸿园的君主|Substitute
|-damage|p1a: 鸿园的君主|45/100
|
|-heal|p1a: 鸿园的君主|52/100|[from] item: Leftovers
|upkeep
|turn|21
|
|t:|1779606510
|move|p1a: 鸿园的君主|Leaf Storm|p2a: Corviknight
|-resisted|p2a: Corviknight
|-damage|p2a: Corviknight|68/100
|-boost|p1a: 鸿园的君主|spa|2
|move|p2a: Corviknight|Iron Head|p1a: 鸿园的君主
|-resisted|p1a: 鸿园的君主
|-activate|p1a: 鸿园的君主|move: Substitute|[damage]
|
|-heal|p1a: 鸿园的君主|58/100|[from] item: Leftovers
|upkeep
|turn|22
|
|t:|1779606524
|move|p1a: 鸿园的君主|Leech Seed|p2a: Corviknight|[miss]
|-miss|p1a: 鸿园的君主|p2a: Corviknight
|move|p2a: Corviknight|U-turn|p1a: 鸿园的君主
|-end|p1a: 鸿园的君主|Substitute
|
|t:|1779606529
|switch|p2a: Spidops|Spidops, M|100/100|[from] U-turn
|
|-heal|p1a: 鸿园的君主|64/100|[from] item: Leftovers
|upkeep
|turn|23
|
|t:|1779606538
|move|p2a: Spidops|First Impression|p1a: 鸿园的君主
|-damage|p1a: 鸿园的君主|0 fnt
|faint|p1a: 鸿园的君主
|
|upkeep
|-message|The.Columbina forfeited.
|
|win|NotoriousPink
|raw|The.Columbina's rating: 1110 &rarr; <strong>1084</strong><br />(-26 for losing)
|raw|NotoriousPink's rating: 1098 &rarr; <strong>1124</strong><br />(+26 for winning)
|l|☆The.Columbina
|player|p1|
