|j|☆louzy_racoon
|j|☆Satoshi248
|t:|1779601082
|gametype|singles
|player|p1|louzy_racoon|acetrainer-gen4dp|1061
|player|p2|Satoshi248|hilbert|1101
|gen|9
|tier|[Gen 9] OU
|rated|
|rule|HP Percentage Mod: HP is shown in percentages
|rule|Endless Battle Clause: Forcing endless battles is banned
|rule|Species Clause: Limit one of each Pokémon
|rule|OHKO Clause: OHKO moves are banned
|rule|Evasion Items Clause: Evasion items are banned
|rule|Evasion Moves Clause: Evasion moves are banned
|rule|Evasion Abilities Clause: Evasion abilities are banned
|rule|Sleep Moves Clause: Sleep-inducing moves are banned
|clearpoke
|poke|p1|Sceptile, F|
|poke|p1|Great Tusk|
|poke|p1|Charizard, F|
|poke|p1|Dusknoir, F|
|poke|p1|Grimmsnarl, M|
|poke|p1|Kingambit, M|
|poke|p2|Greninja-*, M|
|poke|p2|Porygon2|
|poke|p2|Garchomp, M|
|poke|p2|Arcanine, F|
|poke|p2|Blissey, F|
|poke|p2|Corviknight, M|
|teampreview
|inactive|Battle timer is ON: inactive players will automatically lose when time's up. (requested by louzy_racoon)
|
|t:|1779601097
|teamsize|p1|6
|teamsize|p2|6
|start
|switch|p1a: Dusknoir|Dusknoir, F, shiny|100/100
|switch|p2a: Porygon2|Porygon2, shiny|100/100
|-item|p2a: Porygon2|Eviolite|[from] ability: Frisk|[of] p1a: Dusknoir
|turn|1
|
|t:|1779601111
|move|p2a: Porygon2|Ice Beam|p1a: Dusknoir
|-damage|p1a: Dusknoir|80/100
|move|p1a: Dusknoir|Trick Room|p1a: Dusknoir
|-fieldstart|move: Trick Room|[of] p1a: Dusknoir
|
|-heal|p1a: Dusknoir|86/100|[from] item: Leftovers
|upkeep
|turn|2
|
|t:|1779601118
|move|p1a: Dusknoir|Ice Punch|p2a: Porygon2
|-damage|p2a: Porygon2|86/100
|move|p2a: Porygon2|Ice Beam|p1a: Dusknoir
|-damage|p1a: Dusknoir|55/100
|
|-heal|p1a: Dusknoir|61/100|[from] item: Leftovers
|upkeep
|turn|3
|
|t:|1779601130
|move|p1a: Dusknoir|Pain Split|p2a: Porygon2
|-sethp|p2a: Porygon2|67/100|[from] move: Pain Split|[silent]
|-sethp|p1a: Dusknoir|86/100|[from] move: Pain Split
|move|p2a: Porygon2|Ice Beam|p1a: Dusknoir
|-damage|p1a: Dusknoir|56/100
|
|-heal|p1a: Dusknoir|62/100|[from] item: Leftovers
|upkeep
|turn|4
|
|t:|1779601145
|switch|p2a: Greninja|Greninja, M|100/100
|move|p1a: Dusknoir|Ice Punch|p2a: Greninja
|-resisted|p2a: Greninja
|-damage|p2a: Greninja|82/100
|
|-heal|p1a: Dusknoir|68/100|[from] item: Leftovers
|upkeep
|turn|5
|
|t:|1779601160
|move|p1a: Dusknoir|Pain Split|p2a: Greninja
|-sethp|p2a: Greninja|74/100|[from] move: Pain Split|[silent]
|-sethp|p1a: Dusknoir|76/100|[from] move: Pain Split
|move|p2a: Greninja|Dark Pulse|p1a: Dusknoir
|-supereffective|p1a: Dusknoir
|-damage|p1a: Dusknoir|0 fnt
|faint|p1a: Dusknoir
|-ability|p2a: Greninja|Battle Bond|boost
|-boost|p2a: Greninja|atk|1
|-boost|p2a: Greninja|spa|1
|-boost|p2a: Greninja|spe|1
|-activate|p2a: Greninja|ability: Battle Bond
|
|-fieldend|move: Trick Room
|upkeep
|
|t:|1779601168
|switch|p1a: Sceptile|Sceptile, F|100/100
|turn|6
|
|t:|1779601179
|move|p2a: Greninja|Dark Pulse|p1a: Sceptile
|-damage|p1a: Sceptile|6/100
|move|p1a: Sceptile|Leaf Blade|p2a: Greninja
|-supereffective|p2a: Greninja
|-damage|p2a: Greninja|0 fnt
|faint|p2a: Greninja
|
|-heal|p1a: Sceptile|12/100|[from] item: Leftovers
|upkeep
|
|t:|1779601196
|switch|p2a: Arcanine|Arcanine, F|100/100
|-ability|p2a: Arcanine|Intimidate|boost
|-unboost|p1a: Sceptile|atk|1
|turn|7
|
|t:|1779601210
|switch|p1a: Great Tusk|Great Tusk|100/100
|-enditem|p1a: Great Tusk|Booster Energy
|-activate|p1a: Great Tusk|ability: Protosynthesis|[fromitem]
|-start|p1a: Great Tusk|protosynthesisdef
|move|p2a: Arcanine|Extreme Speed|p1a: Great Tusk
|-damage|p1a: Great Tusk|85/100
|-damage|p2a: Arcanine|91/100|[from] item: Life Orb
|
|upkeep
|turn|8
|
|t:|1779601221
|switch|p2a: Porygon2|Porygon2, shiny|67/100
|move|p1a: Great Tusk|Stealth Rock|p2a: Porygon2
|-sidestart|p2: Satoshi248|move: Stealth Rock
|
|upkeep
|turn|9
|
|t:|1779601229
|move|p1a: Great Tusk|Body Press|p2a: Porygon2
|-supereffective|p2a: Porygon2
|-damage|p2a: Porygon2|16/100
|move|p2a: Porygon2|Ice Beam|p1a: Great Tusk
|-supereffective|p1a: Great Tusk
|-damage|p1a: Great Tusk|0 fnt
|faint|p1a: Great Tusk
|-end|p1a: Great Tusk|Protosynthesis|[silent]
|
|upkeep
|
|t:|1779601239
|switch|p1a: Sceptile|Sceptile, F|12/100
|turn|10
|
|t:|1779601252
|switch|p2a: Corviknight|Corviknight, M|100/100
|-damage|p2a: Corviknight|88/100|[from] Stealth Rock
|move|p1a: Sceptile|Drain Punch|p2a: Corviknight
|-damage|p2a: Corviknight|76/100
|-heal|p1a: Sceptile|20/100|[from] drain|[of] p2a: Corviknight
|
|-heal|p1a: Sceptile|26/100|[from] item: Leftovers
|upkeep
|turn|11
|
|t:|1779601269
|move|p1a: Sceptile|Rock Slide|p2a: Corviknight
|-damage|p2a: Corviknight|65/100
|cant|p2a: Corviknight|flinch
|
|-heal|p1a: Sceptile|32/100|[from] item: Leftovers
|upkeep
|turn|12
|
|t:|1779601279
|switch|p1a: Charizard|Charizard, F, shiny|100/100
|move|p2a: Corviknight|Brave Bird|p1a: Charizard
|-damage|p1a: Charizard|53/100
|-damage|p2a: Corviknight|52/100|[from] Recoil
|
|upkeep
|turn|13
|
|t:|1779601290
|switch|p2a: Blissey|Blissey, F|100/100
|-damage|p2a: Blissey|88/100|[from] Stealth Rock
|move|p1a: Charizard|Flamethrower|p2a: Blissey
|-crit|p2a: Blissey
|-damage|p2a: Blissey|71/100
|
|-heal|p2a: Blissey|77/100|[from] item: Leftovers
|upkeep
|turn|14
|
|t:|1779601307
|move|p1a: Charizard|Scorching Sands|p2a: Blissey
|-damage|p2a: Blissey|71/100
|-status|p2a: Blissey|brn
|move|p2a: Blissey|Seismic Toss|p1a: Charizard
|-damage|p1a: Charizard|22/100
|
|-heal|p2a: Blissey|77/100 brn|[from] item: Leftovers
|-damage|p2a: Blissey|71/100 brn|[from] brn
|upkeep
|turn|15
|
|t:|1779601321
|switch|p1a: Sceptile|Sceptile, F|32/100
|move|p2a: Blissey|Seismic Toss|p1a: Sceptile
|-damage|p1a: Sceptile|0 fnt
|faint|p1a: Sceptile
|
|-heal|p2a: Blissey|77/100 brn|[from] item: Leftovers
|-damage|p2a: Blissey|71/100 brn|[from] brn
|upkeep
|
|t:|1779601327
|switch|p1a: Grimmsnarl|Grimmsnarl, M|100/100
|turn|16
|inactive|Satoshi248 has 120 seconds left.
|
|t:|1779601359
|move|p1a: Grimmsnarl|Crunch|p2a: Blissey
|-damage|p2a: Blissey|0 fnt
|faint|p2a: Blissey
|
|upkeep
|inactive|Satoshi248 has 120 seconds left.
|
|t:|1779601365
|switch|p2a: Arcanine|Arcanine, F|91/100
|-damage|p2a: Arcanine|66/100|[from] Stealth Rock
|-ability|p2a: Arcanine|Intimidate|boost
|-unboost|p1a: Grimmsnarl|atk|1
|turn|17
|inactive|Satoshi248 has 120 seconds left.
|
|t:|1779601377
|-terastallize|p2a: Arcanine|Normal
|move|p1a: Grimmsnarl|Parting Shot|p2a: Arcanine
|-unboost|p2a: Arcanine|atk|1
|-unboost|p2a: Arcanine|spa|1
|
|t:|1779601382
|switch|p1a: Charizard|Charizard, F, shiny|22/100|[from] Parting Shot
|move|p2a: Arcanine|Double-Edge|p1a: Charizard
|-damage|p1a: Charizard|0 fnt
|faint|p1a: Charizard
|-damage|p2a: Arcanine|58/100|[from] Recoil
|-damage|p2a: Arcanine|48/100|[from] item: Life Orb
|
|upkeep
|
|t:|1779601395
|switch|p1a: Grimmsnarl|Grimmsnarl, M|100/100
|turn|18
|
|t:|1779601407
|move|p2a: Arcanine|Double-Edge|p1a: Grimmsnarl
|-damage|p1a: Grimmsnarl|30/100
|-damage|p2a: Arcanine|32/100|[from] item: Rocky Helmet|[of] p1a: Grimmsnarl
|-damage|p2a: Arcanine|6/100|[from] Recoil
|-damage|p2a: Arcanine|0 fnt|[from] item: Life Orb
|faint|p2a: Arcanine
|move|p1a: Grimmsnarl|Play Rough|p2: Arcanine|[notarget]
|-fail|p1a: Grimmsnarl
|
|upkeep
|
|t:|1779601420
|switch|p2a: Garchomp|Garchomp, M|100/100
|-damage|p2a: Garchomp|94/100|[from] Stealth Rock
|turn|19
|
|t:|1779601428
|move|p2a: Garchomp|Earthquake|p1a: Grimmsnarl
|-damage|p1a: Grimmsnarl|0 fnt
|faint|p1a: Grimmsnarl
|
|upkeep
|
|t:|1779601432
|switch|p1a: Kingambit|Kingambit, M, shiny|100/100
|-activate|p1a: Kingambit|ability: Supreme Overlord
|-start|p1a: Kingambit|fallen5|[silent]
|turn|20
|
|t:|1779601437
|move|p1a: Kingambit|Sucker Punch|p2a: Garchomp
|-damage|p2a: Garchomp|33/100
|-damage|p1a: Kingambit|88/100|[from] ability: Rough Skin|[of] p2a: Garchomp
|move|p2a: Garchomp|Earthquake|p1a: Kingambit
|-supereffective|p1a: Kingambit
|-damage|p1a: Kingambit|0 fnt
|faint|p1a: Kingambit
|-end|p1a: Kingambit|fallen5|[silent]
|
|win|Satoshi248
|raw|louzy_racoon's rating: 1061 &rarr; <strong>1044</strong><br />(-17 for losing)
|raw|Satoshi248's rating: 1101 &rarr; <strong>1123</strong><br />(+22 for winning)
|l|☆Satoshi248
|player|p2|
|l|☆louzy_racoon
|player|p1|
