|j|☆upgrade9
|j|☆Piunicoulours
|t:|1779650352
|gametype|singles
|player|p1|upgrade9|170|1415
|player|p2|Piunicoulours|265|1457
|gen|9
|tier|[Gen 9] OU
|rated|
|rule|HP Percentage Mod: HP is shown in percentages
|rule|Endless Battle Clause: Forcing endless battles is banned
|rule|Species Clause: Limit one of each Pokémon
|rule|OHKO Clause: OHKO moves are banned
|rule|Evasion Items Clause: Evasion items are banned
|rule|Evasion Moves Clause: Evasion moves are banned
|rule|Evasion Abilities Clause: Evasion abilities are banned
|rule|Sleep Moves Clause: Sleep-inducing moves are banned
|clearpoke
|poke|p1|Sceptile, M|
|poke|p1|Enamorus, F|
|poke|p1|Cinderace, F|
|poke|p1|Dondozo, M|
|poke|p1|Iron Valiant|
|poke|p1|Dragapult, F|
|poke|p2|Landorus-Therian, M|
|poke|p2|Great Tusk|
|poke|p2|Ogerpon-Wellspring, F|
|poke|p2|Kingambit, M|
|poke|p2|Slowking-Galar, F|
|poke|p2|Raging Bolt|
|teampreview
|inactive|Battle timer is ON: inactive players will automatically lose when time's up. (requested by upgrade9)
|
|t:|1779650378
|teamsize|p1|6
|teamsize|p2|6
|start
|switch|p1a: Appa|Dondozo, M, shiny|100/100
|switch|p2a: Landorus|Landorus-Therian, M|100/100
|-ability|p2a: Landorus|Intimidate|boost
|-unboost|p1a: Appa|atk|1
|turn|1
|
|t:|1779650388
|move|p2a: Landorus|Taunt|p1a: Appa
|-start|p1a: Appa|move: Taunt
|move|p1a: Appa|Liquidation|p2a: Landorus
|-supereffective|p2a: Landorus
|-damage|p2a: Landorus|17/100
|-damage|p1a: Appa|84/100|[from] item: Rocky Helmet|[of] p2a: Landorus
|
|upkeep
|turn|2
|
|t:|1779650404
|switch|p1a: NickiMinaj|Enamorus, F|100/100
|move|p2a: Landorus|Stealth Rock|p1a: NickiMinaj
|-sidestart|p1: upgrade9|move: Stealth Rock
|
|upkeep
|turn|3
|
|t:|1779650410
|switch|p2a: Slowking|Slowking-Galar, F|100/100
|move|p1a: NickiMinaj|Moonblast|p2a: Slowking
|-resisted|p2a: Slowking
|-damage|p2a: Slowking|87/100
|
|upkeep
|turn|4
|
|t:|1779650418
|switch|p1a: Haiku|Cinderace, F|100/100
|move|p2a: Slowking|Future Sight|p1a: Haiku
|-start|p2a: Slowking|move: Future Sight
|
|upkeep
|turn|5
|
|t:|1779650433
|switch|p2a: Great Tusk|Great Tusk|100/100
|move|p1a: Haiku|Court Change|p1a: Haiku
|-swapsideconditions
|-activate|p1a: Haiku|move: Court Change
|
|upkeep
|turn|6
|
|t:|1779650438
|move|p2a: Great Tusk|Rapid Spin|p1a: Haiku
|-crit|p1a: Haiku
|-damage|p1a: Haiku|79/100
|-boost|p2a: Great Tusk|spe|1
|-sideend|p2: Piunicoulours|Stealth Rock|[from] move: Rapid Spin|[of] p2a: Great Tusk
|move|p1a: Haiku|Will-O-Wisp|p2a: Great Tusk|[miss]
|-miss|p1a: Haiku|p2a: Great Tusk
|
|-end|p1a: Haiku|move: Future Sight
|-damage|p1a: Haiku|19/100
|upkeep
|turn|7
|
|t:|1779650452
|switch|p1a: Appa|Dondozo, M, shiny|84/100
|move|p2a: Great Tusk|Knock Off|p1a: Appa
|-damage|p1a: Appa|67/100
|-enditem|p1a: Appa|Choice Band|[from] move: Knock Off|[of] p2a: Great Tusk
|
|upkeep
|turn|8
|
|t:|1779650461
|-end|p2a: Great Tusk|Protosynthesis|[silent]
|switch|p2a: Ogerpon|Ogerpon-Wellspring, F|100/100
|move|p1a: Appa|Liquidation|p2a: Ogerpon
|-immune|p2a: Ogerpon|[from] ability: Water Absorb
|
|upkeep
|turn|9
|
|t:|1779650467
|switch|p1a: Dragapult|Dragapult, F|100/100
|move|p2a: Ogerpon|Encore||[still]
|-fail|p2a: Ogerpon
|
|upkeep
|turn|10
|
|t:|1779650475
|switch|p2a: Landorus|Landorus-Therian, M|17/100
|-ability|p2a: Landorus|Intimidate|boost
|-unboost|p1a: Dragapult|atk|1
|move|p1a: Dragapult|Draco Meteor|p2a: Landorus
|-damage|p2a: Landorus|0 fnt
|-unboost|p1a: Dragapult|spa|2
|faint|p2a: Landorus
|
|upkeep
|
|t:|1779650480
|switch|p2a: Kingambit|Kingambit, M|100/100
|-activate|p2a: Kingambit|ability: Supreme Overlord
|-start|p2a: Kingambit|fallen1|[silent]
|turn|11
|
|t:|1779650489
|switch|p1a: Haiku|Cinderace, F|19/100
|move|p2a: Kingambit|Kowtow Cleave|p1a: Haiku
|-damage|p1a: Haiku|0 fnt
|faint|p1a: Haiku
|
|upkeep
|
|t:|1779650504
|switch|p1a: Iron Valiant|Iron Valiant|100/100
|-enditem|p1a: Iron Valiant|Booster Energy
|-activate|p1a: Iron Valiant|ability: Quark Drive|[fromitem]
|-start|p1a: Iron Valiant|quarkdrivespe
|turn|12
|
|t:|1779650514
|-end|p2a: Kingambit|fallen1|[silent]
|switch|p2a: Slowking|Slowking-Galar, F|100/100
|move|p1a: Iron Valiant|Calm Mind|p1a: Iron Valiant
|-boost|p1a: Iron Valiant|spa|1
|-boost|p1a: Iron Valiant|spd|1
|
|upkeep
|turn|13
|
|t:|1779650530
|-terastallize|p1a: Iron Valiant|Electric
|move|p1a: Iron Valiant|Calm Mind|p1a: Iron Valiant
|-boost|p1a: Iron Valiant|spa|1
|-boost|p1a: Iron Valiant|spd|1
|move|p2a: Slowking|Future Sight|p1a: Iron Valiant
|-start|p2a: Slowking|move: Future Sight
|
|upkeep
|turn|14
|
|t:|1779650536
|move|p1a: Iron Valiant|Thunderbolt|p2a: Slowking
|-damage|p2a: Slowking|49/100
|move|p2a: Slowking|Sludge Bomb|p1a: Iron Valiant
|-damage|p1a: Iron Valiant|67/100
|
|upkeep
|turn|15
|
|t:|1779650544
|switch|p2a: Great Tusk|Great Tusk|100/100
|move|p1a: Iron Valiant|Thunderbolt|p2a: Great Tusk
|-immune|p2a: Great Tusk
|
|-end|p1a: Iron Valiant|move: Future Sight
|-damage|p1a: Iron Valiant|21/100
|upkeep
|turn|16
|
|t:|1779650554
|-end|p2a: Great Tusk|Protosynthesis|[silent]
|switch|p2a: Slowking|Slowking-Galar, F|82/100
|move|p1a: Iron Valiant|Moonblast|p2a: Slowking
|-resisted|p2a: Slowking
|-damage|p2a: Slowking|56/100
|
|upkeep
|turn|17
|
|t:|1779650561
|move|p1a: Iron Valiant|Thunderbolt|p2a: Slowking
|-damage|p2a: Slowking|7/100
|move|p2a: Slowking|Sludge Bomb|p1a: Iron Valiant
|-damage|p1a: Iron Valiant|0 fnt
|faint|p1a: Iron Valiant
|-end|p1a: Iron Valiant|Quark Drive|[silent]
|
|upkeep
|
|t:|1779650571
|switch|p1a: Isaiah Rashad|Sceptile, M|100/100
|turn|18
|
|t:|1779650578
|move|p1a: Isaiah Rashad|Swords Dance|p1a: Isaiah Rashad
|-boost|p1a: Isaiah Rashad|atk|2
|move|p2a: Slowking|Sludge Bomb|p1a: Isaiah Rashad
|-supereffective|p1a: Isaiah Rashad
|-damage|p1a: Isaiah Rashad|16/100
|-enditem|p1a: Isaiah Rashad|Weakness Policy
|-boost|p1a: Isaiah Rashad|atk|2|[from] item: Weakness Policy
|-boost|p1a: Isaiah Rashad|spa|2|[from] item: Weakness Policy
|
|upkeep
|turn|19
|
|t:|1779650589
|move|p1a: Isaiah Rashad|Earthquake|p2a: Slowking
|-supereffective|p2a: Slowking
|-damage|p2a: Slowking|0 fnt
|faint|p2a: Slowking
|
|upkeep
|
|t:|1779650593
|switch|p2a: Kingambit|Kingambit, M|100/100
|-activate|p2a: Kingambit|ability: Supreme Overlord
|-start|p2a: Kingambit|fallen2|[silent]
|turn|20
|
|t:|1779650598
|move|p2a: Kingambit|Sucker Punch|p1a: Isaiah Rashad
|-damage|p1a: Isaiah Rashad|0 fnt
|faint|p1a: Isaiah Rashad
|
|upkeep
|
|t:|1779650604
|switch|p1a: Dragapult|Dragapult, F|100/100
|turn|21
|
|t:|1779650612
|move|p1a: Dragapult|Flamethrower|p2a: Kingambit
|-supereffective|p2a: Kingambit
|-damage|p2a: Kingambit|24/100
|-status|p2a: Kingambit|brn
|move|p2a: Kingambit|Kowtow Cleave|p1a: Dragapult
|-supereffective|p1a: Dragapult
|-damage|p1a: Dragapult|20/100
|
|-heal|p2a: Kingambit|30/100 brn|[from] item: Leftovers
|-damage|p2a: Kingambit|24/100 brn|[from] brn
|upkeep
|turn|22
|
|t:|1779650626
|switch|p1a: Appa|Dondozo, M, shiny|67/100
|move|p2a: Kingambit|Sucker Punch||[still]
|-fail|p2a: Kingambit
|
|-heal|p2a: Kingambit|30/100 brn|[from] item: Leftovers
|-damage|p2a: Kingambit|24/100 brn|[from] brn
|upkeep
|turn|23
|
|t:|1779650635
|-end|p2a: Kingambit|fallen2|[silent]
|switch|p2a: Ogerpon|Ogerpon-Wellspring, F|100/100
|move|p1a: Appa|Earthquake|p2a: Ogerpon
|-resisted|p2a: Ogerpon
|-damage|p2a: Ogerpon|81/100
|
|upkeep
|turn|24
|
|t:|1779650647
|move|p2a: Ogerpon|Spikes|p1a: Appa
|-sidestart|p1: upgrade9|Spikes
|move|p1a: Appa|Outrage|p2a: Ogerpon
|-damage|p2a: Ogerpon|31/100
|
|upkeep
|turn|25
|
|t:|1779650656
|switch|p2a: Kingambit|Kingambit, M|24/100 brn
|-activate|p2a: Kingambit|ability: Supreme Overlord
|-start|p2a: Kingambit|fallen2|[silent]
|move|p1a: Appa|Outrage|p2a: Kingambit|[from] lockedmove
|-resisted|p2a: Kingambit
|-damage|p2a: Kingambit|11/100 brn
|-start|p1a: Appa|confusion|[fatigue]
|
|-heal|p2a: Kingambit|17/100 brn|[from] item: Leftovers
|-damage|p2a: Kingambit|11/100 brn|[from] brn
|upkeep
|turn|26
|
|t:|1779650669
|move|p2a: Kingambit|Kowtow Cleave|p1a: Appa
|-damage|p1a: Appa|51/100
|-activate|p1a: Appa|confusion
|-damage|p1a: Appa|43/100|[from] confusion
|
|-heal|p2a: Kingambit|17/100 brn|[from] item: Leftovers
|-damage|p2a: Kingambit|11/100 brn|[from] brn
|upkeep
|turn|27
|
|t:|1779650676
|move|p2a: Kingambit|Kowtow Cleave|p1a: Appa
|-damage|p1a: Appa|27/100
|-activate|p1a: Appa|confusion
|-damage|p1a: Appa|20/100|[from] confusion
|
|-heal|p2a: Kingambit|17/100 brn|[from] item: Leftovers
|-damage|p2a: Kingambit|11/100 brn|[from] brn
|upkeep
|turn|28
|
|t:|1779650685
|move|p2a: Kingambit|Kowtow Cleave|p1a: Appa
|-damage|p1a: Appa|3/100
|-activate|p1a: Appa|confusion
|move|p1a: Appa|Earthquake|p2a: Kingambit
|-supereffective|p2a: Kingambit
|-damage|p2a: Kingambit|0 fnt
|faint|p2a: Kingambit
|-end|p2a: Kingambit|fallen2|[silent]
|
|upkeep
|
|t:|1779650692
|switch|p2a: Great Tusk|Great Tusk|100/100
|turn|29
|
|t:|1779650695
|switch|p1a: NickiMinaj|Enamorus, F|100/100
|move|p2a: Great Tusk|Rapid Spin|p1a: NickiMinaj
|-damage|p1a: NickiMinaj|73/100
|-boost|p2a: Great Tusk|spe|1
|
|upkeep
|turn|30
|
|t:|1779650702
|move|p2a: Great Tusk|Ice Spinner|p1a: NickiMinaj
|-supereffective|p1a: NickiMinaj
|-damage|p1a: NickiMinaj|0 fnt
|faint|p1a: NickiMinaj
|
|upkeep
|
|t:|1779650706
|switch|p1a: Dragapult|Dragapult, F|20/100
|-damage|p1a: Dragapult|7/100|[from] Spikes
|turn|31
|
|t:|1779650711
|move|p2a: Great Tusk|Knock Off|p1a: Dragapult
|-supereffective|p1a: Dragapult
|-damage|p1a: Dragapult|0 fnt
|-enditem|p1a: Dragapult|Choice Specs|[from] move: Knock Off|[of] p2a: Great Tusk
|faint|p1a: Dragapult
|
|upkeep
|-message|upgrade9 forfeited.
|
|win|Piunicoulours
|raw|upgrade9's rating: 1415 &rarr; <strong>1397</strong><br />(-18 for losing)
|raw|Piunicoulours's rating: 1457 &rarr; <strong>1475</strong><br />(+18 for winning)
|l|☆upgrade9
|player|p1|
|l|☆Piunicoulours
|player|p2|
