|j|☆pa!nfully_0rd1n4ry
|j|‽aaagislash
|t:|1779628664
|gametype|singles
|player|p1|pa!nfully_0rd1n4ry|ethan|1437
|player|p2|aaagislash|102|1452
|gen|9
|tier|[Gen 9] OU
|rated|
|rule|HP Percentage Mod: HP is shown in percentages
|rule|Endless Battle Clause: Forcing endless battles is banned
|rule|Species Clause: Limit one of each Pokémon
|rule|OHKO Clause: OHKO moves are banned
|rule|Evasion Items Clause: Evasion items are banned
|rule|Evasion Moves Clause: Evasion moves are banned
|rule|Evasion Abilities Clause: Evasion abilities are banned
|rule|Sleep Moves Clause: Sleep-inducing moves are banned
|clearpoke
|poke|p1|Samurott-Hisui, F|
|poke|p1|Great Tusk|
|poke|p1|Gholdengo|
|poke|p1|Ogerpon-Wellspring, F|
|poke|p1|Iron Moth|
|poke|p1|Iron Valiant|
|poke|p2|Wigglytuff, M|
|poke|p2|Empoleon, F|
|poke|p2|Smeargle, F|
|poke|p2|Falinks|
|poke|p2|Rabsca, F|
|poke|p2|Cresselia, F|
|teampreview
|inactive|Battle timer is ON: inactive players will automatically lose when time's up. (requested by pa!nfully_0rd1n4ry)
|inactive|aaagislash has 120 seconds left.
|inactive|aaagislash has 90 seconds left.
|
|t:|1779628760
|teamsize|p1|6
|teamsize|p2|6
|start
|switch|p1a: Samurott|Samurott-Hisui, F|100/100
|switch|p2a: Smeargle|Smeargle, F|100/100
|turn|1
|
|t:|1779628766
|move|p1a: Samurott|Ceaseless Edge|p2a: Smeargle
|-damage|p2a: Smeargle|43/100
|-sidestart|p2: aaagislash|Spikes
|move|p2a: Smeargle|Sticky Web|p1a: Samurott
|-sidestart|p1: pa!nfully_0rd1n4ry|move: Sticky Web
|
|upkeep
|turn|2
|
|t:|1779628775
|switch|p2a: Falinks|Falinks|100/100
|-damage|p2a: Falinks|88/100|[from] Spikes
|move|p1a: Samurott|Ceaseless Edge|p2a: Falinks
|-resisted|p2a: Falinks
|-damage|p2a: Falinks|66/100
|-sidestart|p2: aaagislash|Spikes
|
|upkeep
|turn|3
|
|t:|1779628787
|switch|p1a: Great Tusk|Great Tusk|100/100
|-activate|p1a: Great Tusk|move: Sticky Web
|-unboost|p1a: Great Tusk|spe|1
|-enditem|p1a: Great Tusk|Booster Energy
|-activate|p1a: Great Tusk|ability: Protosynthesis|[fromitem]
|-start|p1a: Great Tusk|protosynthesisatk
|move|p2a: Falinks|First Impression|p1a: Great Tusk
|-resisted|p1a: Great Tusk
|-damage|p1a: Great Tusk|85/100
|
|upkeep
|turn|4
|
|t:|1779628800
|switch|p2a: Rabsca|Rabsca, F|100/100
|move|p1a: Great Tusk|Rapid Spin|p2a: Rabsca
|-damage|p2a: Rabsca|82/100
|-boost|p1a: Great Tusk|spe|1
|-sideend|p1: pa!nfully_0rd1n4ry|Sticky Web|[from] move: Rapid Spin|[of] p1a: Great Tusk
|
|upkeep
|turn|5
|inactive|pa!nfully_0rd1n4ry has 120 seconds left.
|
|t:|1779628859
|-end|p1a: Great Tusk|Protosynthesis|[silent]
|switch|p1a: Samurott|Samurott-Hisui, F|100/100
|move|p2a: Rabsca|Trick Room|p2a: Rabsca
|-fieldstart|move: Trick Room|[of] p2a: Rabsca
|
|upkeep
|turn|6
|
|t:|1779628873
|-terastallize|p2a: Rabsca|Bug
|move|p2a: Rabsca|Bug Buzz|p1a: Samurott
|-supereffective|p1a: Samurott
|-enditem|p1a: Samurott|Focus Sash
|-damage|p1a: Samurott|1/100
|move|p1a: Samurott|Knock Off|p2a: Rabsca
|-damage|p2a: Rabsca|42/100
|-enditem|p2a: Rabsca|Heavy-Duty Boots|[from] move: Knock Off|[of] p1a: Samurott
|
|upkeep
|turn|7
|inactive|pa!nfully_0rd1n4ry has 90 seconds left.
|inactive|pa!nfully_0rd1n4ry has 60 seconds left.
|
|t:|1779628944
|move|p1a: Samurott|Sucker Punch|p2a: Rabsca
|-damage|p2a: Rabsca|14/100
|move|p2a: Rabsca|Bug Buzz|p1a: Samurott
|-supereffective|p1a: Samurott
|-damage|p1a: Samurott|0 fnt
|faint|p1a: Samurott
|
|upkeep
|inactive|pa!nfully_0rd1n4ry has 30 seconds left.
|
|t:|1779628959
|switch|p1a: Gholdengo|Gholdengo|100/100
|-item|p1a: Gholdengo|Air Balloon
|turn|8
|
|t:|1779628975
|switch|p2a: Smeargle|Smeargle, F|43/100
|-damage|p2a: Smeargle|27/100|[from] Spikes
|move|p1a: Gholdengo|Shadow Ball|p2a: Smeargle
|-immune|p2a: Smeargle
|
|upkeep
|turn|9
|
|t:|1779628987
|switch|p1a: Great Tusk|Great Tusk|85/100
|move|p2a: Smeargle|Court Change|p2a: Smeargle
|-swapsideconditions
|-activate|p2a: Smeargle|move: Court Change
|
|-fieldend|move: Trick Room
|upkeep
|turn|10
|
|t:|1779628993
|move|p1a: Great Tusk|Rapid Spin|p2a: Smeargle
|-damage|p2a: Smeargle|4/100
|-boost|p1a: Great Tusk|spe|1
|-sideend|p1: pa!nfully_0rd1n4ry|Spikes|[from] move: Rapid Spin|[of] p1a: Great Tusk
|move|p2a: Smeargle|Trick Room|p2a: Smeargle
|-fieldstart|move: Trick Room|[of] p2a: Smeargle
|
|upkeep
|turn|11
|
|t:|1779629012
|switch|p2a: Empoleon|Empoleon, F|100/100
|move|p1a: Great Tusk|Ice Spinner|p2a: Empoleon
|-resisted|p2a: Empoleon
|-damage|p2a: Empoleon|93/100
|
|upkeep
|turn|12
|
|t:|1779629021
|-end|p1a: Great Tusk|Protosynthesis|[silent]
|switch|p1a: Ogerpon|Ogerpon-Wellspring, F|100/100
|move|p2a: Empoleon|Steel Beam|p1a: Ogerpon
|-resisted|p1a: Ogerpon
|-damage|p1a: Ogerpon|33/100
|-damage|p2a: Empoleon|43/100|[from] steelbeam
|
|upkeep
|turn|13
|inactive|pa!nfully_0rd1n4ry has 30 seconds left.
|inactive|pa!nfully_0rd1n4ry has 20 seconds left.
|
|t:|1779629059
|switch|p2a: Wigglytuff|Wigglytuff, M|100/100
|-terastallize|p1a: Ogerpon|Water
|detailschange|p1a: Ogerpon|Ogerpon-Wellspring-Tera, F, tera:Water
|-ability|p1a: Ogerpon|Embody Aspect (Wellspring)|boost
|-boost|p1a: Ogerpon|spd|1
|move|p1a: Ogerpon|Knock Off|p2a: Wigglytuff
|-resisted|p2a: Wigglytuff
|-damage|p2a: Wigglytuff|77/100
|-enditem|p2a: Wigglytuff|Choice Specs|[from] move: Knock Off|[of] p1a: Ogerpon
|
|upkeep
|turn|14
|inactive|pa!nfully_0rd1n4ry has 30 seconds left this turn.
|inactive|pa!nfully_0rd1n4ry has 20 seconds left.
|
|t:|1779629071
|move|p2a: Wigglytuff|Hyper Voice|p1a: Ogerpon
|-damage|p1a: Ogerpon|1/100
|move|p1a: Ogerpon|Ivy Cudgel|p2a: Wigglytuff|[anim] Ivy Cudgel Water
|-damage|p2a: Wigglytuff|0 fnt
|faint|p2a: Wigglytuff
|
|-fieldend|move: Trick Room
|upkeep
|inactive|aaagislash has 120 seconds left.
|
|t:|1779629124
|switch|p2a: Falinks|Falinks|66/100
|turn|15
|inactive|pa!nfully_0rd1n4ry has 30 seconds left.
|inactive|pa!nfully_0rd1n4ry has 20 seconds left.
|
|t:|1779629143
|switch|p1a: Great Tusk|Great Tusk|85/100
|move|p2a: Falinks|First Impression|p1a: Great Tusk
|-resisted|p1a: Great Tusk
|-damage|p1a: Great Tusk|69/100
|
|upkeep
|turn|16
|inactive|pa!nfully_0rd1n4ry has 30 seconds left this turn.
|inactive|pa!nfully_0rd1n4ry has 20 seconds left.
|
|t:|1779629160
|switch|p2a: Cresselia|Cresselia, F|100/100
|move|p1a: Great Tusk|Rapid Spin|p2a: Cresselia
|-crit|p2a: Cresselia
|-damage|p2a: Cresselia|87/100
|-boost|p1a: Great Tusk|spe|1
|
|upkeep
|turn|17
|inactive|pa!nfully_0rd1n4ry has 30 seconds left this turn.
|-message|aaagislash forfeited.
|
|win|pa!nfully_0rd1n4ry
|raw|pa!nfully_0rd1n4ry's rating: 1437 &rarr; <strong>1458</strong><br />(+21 for winning)
|raw|aaagislash's rating: 1458 &rarr; <strong>1437</strong><br />(-21 for losing)
|l|‽aaagislash
|player|p2|
|l|☆pa!nfully_0rd1n4ry
|player|p1|
