|j|☆chip wittley
|j|☆Leon Must Die
|t:|1779577465
|gametype|singles
|player|p1|chip wittley|lance|1640
|player|p2|Leon Must Die|ethan|1684
|gen|9
|tier|[Gen 9] OU
|rated|
|rule|HP Percentage Mod: HP is shown in percentages
|rule|Endless Battle Clause: Forcing endless battles is banned
|rule|Species Clause: Limit one of each Pokémon
|rule|OHKO Clause: OHKO moves are banned
|rule|Evasion Items Clause: Evasion items are banned
|rule|Evasion Moves Clause: Evasion moves are banned
|rule|Evasion Abilities Clause: Evasion abilities are banned
|rule|Sleep Moves Clause: Sleep-inducing moves are banned
|clearpoke
|poke|p1|Rhydon, M|
|poke|p1|Tyranitar, M|
|poke|p1|Salamence, M|
|poke|p1|Raging Bolt|
|poke|p1|Clefable, M|
|poke|p1|Excadrill, M|
|poke|p2|Gliscor, F|
|poke|p2|Deoxys-Speed|
|poke|p2|Hatterene, F|
|poke|p2|Iron Moth|
|poke|p2|Kyurem|
|poke|p2|Zamazenta-*|
|teampreview
|
|t:|1779577518
|teamsize|p1|6
|teamsize|p2|6
|start
|switch|p1a: Tyranitar|Tyranitar, M|100/100
|switch|p2a: Deoxys|Deoxys-Speed|100/100
|-ability|p2a: Deoxys|Pressure
|-weather|Sandstorm|[from] ability: Sand Stream|[of] p1a: Tyranitar
|turn|1
|
|t:|1779577523
|switch|p1a: Clefable|Clefable, M|100/100
|move|p2a: Deoxys|Reflect|p2a: Deoxys
|-sidestart|p2: Leon Must Die|Reflect
|
|-weather|Sandstorm|[upkeep]
|-damage|p2a: Deoxys|95/100|[from] Sandstorm
|upkeep
|turn|2
|
|t:|1779577527
|switch|p2a: Iron Moth|Iron Moth|100/100
|-enditem|p2a: Iron Moth|Booster Energy
|-activate|p2a: Iron Moth|ability: Quark Drive|[fromitem]
|-start|p2a: Iron Moth|quarkdrivespe
|move|p1a: Clefable|Moonblast|p2a: Iron Moth
|-resisted|p2a: Iron Moth
|-crit|p2a: Iron Moth
|-damage|p2a: Iron Moth|88/100
|
|-weather|Sandstorm|[upkeep]
|-damage|p2a: Iron Moth|82/100|[from] Sandstorm
|upkeep
|turn|3
|
|t:|1779577536
|switch|p1a: Rhydon|Rhydon, M|100/100
|move|p2a: Iron Moth|Toxic Spikes|p1a: Rhydon
|-sidestart|p1: chip wittley|move: Toxic Spikes
|
|-weather|Sandstorm|[upkeep]
|-damage|p2a: Iron Moth|76/100|[from] Sandstorm
|upkeep
|turn|4
|
|t:|1779577544
|-end|p2a: Iron Moth|Quark Drive|[silent]
|switch|p2a: Gliscor|Gliscor, F|100/100
|move|p1a: Rhydon|Swords Dance|p1a: Rhydon
|-boost|p1a: Rhydon|atk|2
|
|-weather|Sandstorm|[upkeep]
|-status|p2a: Gliscor|tox|[from] item: Toxic Orb
|upkeep
|turn|5
|
|t:|1779577555
|move|p2a: Gliscor|Swords Dance|p2a: Gliscor
|-boost|p2a: Gliscor|atk|2
|move|p1a: Rhydon|Swords Dance|p1a: Rhydon
|-boost|p1a: Rhydon|atk|2
|
|-weather|Sandstorm|[upkeep]
|upkeep
|turn|6
|
|t:|1779577559
|move|p2a: Gliscor|Earthquake|p1a: Rhydon
|-supereffective|p1a: Rhydon
|-crit|p1a: Rhydon
|-damage|p1a: Rhydon|10/100
|move|p1a: Rhydon|Rock Slide|p2a: Gliscor|[miss]
|-miss|p1a: Rhydon|p2a: Gliscor
|
|-weather|Sandstorm|[upkeep]
|upkeep
|turn|7
|c|☆Leon Must Die|mb
|c|☆chip wittley|didn't kill anyway
|
|t:|1779577583
|move|p2a: Gliscor|Facade|p1a: Rhydon
|-resisted|p1a: Rhydon
|-damage|p1a: Rhydon|0 fnt
|faint|p1a: Rhydon
|
|-weather|Sandstorm|[upkeep]
|upkeep
|
|t:|1779577593
|switch|p1a: Salamence|Salamence, M|100/100
|-ability|p1a: Salamence|Intimidate|boost
|-unboost|p2a: Gliscor|atk|1
|turn|8
|
|t:|1779577597
|switch|p1a: Tyranitar|Tyranitar, M|100/100
|-status|p1a: Tyranitar|psn
|move|p2a: Gliscor|Facade|p1a: Tyranitar
|-resisted|p1a: Tyranitar
|-damage|p1a: Tyranitar|81/100 psn
|
|-weather|none
|-damage|p1a: Tyranitar|69/100 psn|[from] psn
|-sideend|p2: Leon Must Die|Reflect
|upkeep
|turn|9
|
|t:|1779577628
|move|p2a: Gliscor|Earthquake|p1a: Tyranitar
|-supereffective|p1a: Tyranitar
|-damage|p1a: Tyranitar|0 fnt
|faint|p1a: Tyranitar
|
|upkeep
|
|t:|1779577632
|switch|p1a: Salamence|Salamence, M|100/100
|-ability|p1a: Salamence|Intimidate|boost
|-unboost|p2a: Gliscor|atk|1
|turn|10
|
|t:|1779577637
|switch|p2a: Hatterene|Hatterene, F|100/100
|move|p1a: Salamence|Dragon Dance|p1a: Salamence
|-boost|p1a: Salamence|atk|1
|-boost|p1a: Salamence|spe|1
|
|upkeep
|turn|11
|
|t:|1779577643
|switch|p1a: Clefable|Clefable, M|100/100
|-status|p1a: Clefable|psn
|move|p2a: Hatterene|Draining Kiss|p1a: Clefable
|-damage|p1a: Clefable|77/100 psn
|
|-heal|p1a: Clefable|83/100 psn|[from] item: Leftovers
|upkeep
|turn|12
|
|t:|1779577666
|switch|p2a: Iron Moth|Iron Moth|76/100
|move|p1a: Clefable|Moonblast|p2a: Iron Moth
|-resisted|p2a: Iron Moth
|-damage|p2a: Iron Moth|68/100
|
|-heal|p1a: Clefable|90/100 psn|[from] item: Leftovers
|upkeep
|turn|13
|
|t:|1779577680
|switch|p1a: Raging Bolt|Raging Bolt|100/100
|-status|p1a: Raging Bolt|psn
|move|p2a: Iron Moth|Sludge Wave|p1a: Raging Bolt
|-damage|p1a: Raging Bolt|71/100 psn
|
|-damage|p1a: Raging Bolt|58/100 psn|[from] psn
|upkeep
|turn|14
|
|t:|1779577689
|move|p2a: Iron Moth|Sludge Wave|p1a: Raging Bolt
|-damage|p1a: Raging Bolt|27/100 psn
|move|p1a: Raging Bolt|Draco Meteor|p2a: Iron Moth
|-damage|p2a: Iron Moth|0 fnt
|-unboost|p1a: Raging Bolt|spa|2
|faint|p2a: Iron Moth
|-end|p2a: Iron Moth|Quark Drive|[silent]
|
|-damage|p1a: Raging Bolt|14/100 psn|[from] psn
|upkeep
|
|t:|1779577729
|switch|p2a: Gliscor|Gliscor, F|100/100 tox
|turn|15
|
|t:|1779577733
|move|p2a: Gliscor|Swords Dance|p2a: Gliscor
|-boost|p2a: Gliscor|atk|2
|move|p1a: Raging Bolt|Draco Meteor|p2a: Gliscor|[miss]
|-miss|p1a: Raging Bolt|p2a: Gliscor
|
|-damage|p1a: Raging Bolt|2/100 psn|[from] psn
|upkeep
|turn|16
|
|t:|1779577742
|move|p2a: Gliscor|Agility|p2a: Gliscor
|-boost|p2a: Gliscor|spe|2
|move|p1a: Raging Bolt|Draco Meteor|p2a: Gliscor
|-damage|p2a: Gliscor|58/100 tox
|-unboost|p1a: Raging Bolt|spa|2
|
|-heal|p2a: Gliscor|71/100 tox|[from] ability: Poison Heal
|-damage|p1a: Raging Bolt|0 fnt|[from] psn
|faint|p1a: Raging Bolt
|-end|p1a: Raging Bolt|Protosynthesis|[silent]
|upkeep
|-message|chip wittley forfeited.
|
|win|Leon Must Die
|raw|chip wittley's rating: 1617 &rarr; <strong>1601</strong><br />(-16 for losing)
|raw|Leon Must Die's rating: 1684 &rarr; <strong>1700</strong><br />(+16 for winning)
|l|☆chip wittley
|player|p1|
|l|☆Leon Must Die
|player|p2|
