|j|☆PokeCHAD052413069h
|j|☆Aldo Mango
|t:|1779643986
|gametype|singles
|player|p1|PokeCHAD052413069h|1|1153
|player|p2|Aldo Mango|hilbert|1155
|gen|9
|tier|[Gen 9] OU
|rated|
|rule|HP Percentage Mod: HP is shown in percentages
|rule|Endless Battle Clause: Forcing endless battles is banned
|rule|Species Clause: Limit one of each Pokémon
|rule|OHKO Clause: OHKO moves are banned
|rule|Evasion Items Clause: Evasion items are banned
|rule|Evasion Moves Clause: Evasion moves are banned
|rule|Evasion Abilities Clause: Evasion abilities are banned
|rule|Sleep Moves Clause: Sleep-inducing moves are banned
|clearpoke
|poke|p1|Glimmora, M|
|poke|p1|Great Tusk|
|poke|p1|Gholdengo|
|poke|p1|Dragapult, M|
|poke|p1|Primarina, M|
|poke|p1|Kingambit, F|
|poke|p2|Araquanid, M|
|poke|p2|Salamence, M|
|poke|p2|Minior-Indigo|
|poke|p2|Arbok, M|
|poke|p2|Quagsire, M|
|poke|p2|Tsareena, F|
|teampreview
|
|t:|1779643993
|teamsize|p1|6
|teamsize|p2|6
|start
|switch|p1a: Kingambit|Kingambit, F|100/100
|switch|p2a: Minior|Minior-Indigo|100/100
|-formechange|p2a: Minior|Minior-Meteor||[from] ability: Shields Down
|turn|1
|inactive|Battle timer is ON: inactive players will automatically lose when time's up. (requested by Aldo Mango)
|inactive|PokeCHAD052413069h also wants the timer to be on.
|
|t:|1779644000
|move|p2a: Minior|Shell Smash|p2a: Minior
|-unboost|p2a: Minior|def|1
|-unboost|p2a: Minior|spd|1
|-boost|p2a: Minior|atk|2
|-boost|p2a: Minior|spa|2
|-boost|p2a: Minior|spe|2
|-enditem|p2a: Minior|White Herb
|-clearnegativeboost|p2a: Minior|[silent]
|move|p1a: Kingambit|Swords Dance|p1a: Kingambit
|-boost|p1a: Kingambit|atk|2
|
|upkeep
|turn|2
|
|t:|1779644007
|move|p2a: Minior|Earthquake|p1a: Kingambit
|-supereffective|p1a: Kingambit
|-damage|p1a: Kingambit|28/100
|move|p1a: Kingambit|Iron Head|p2a: Minior
|-supereffective|p2a: Minior
|-damage|p2a: Minior|0 fnt
|faint|p2a: Minior
|
|upkeep
|
|t:|1779644015
|switch|p2a: Quagsire|Quagsire, M|100/100
|turn|3
|
|t:|1779644021
|move|p1a: Kingambit|Kowtow Cleave|p2a: Quagsire
|-damage|p2a: Quagsire|45/100
|move|p2a: Quagsire|Earthquake|p1a: Kingambit
|-supereffective|p1a: Kingambit
|-damage|p1a: Kingambit|0 fnt
|faint|p1a: Kingambit
|-end|p1a: Kingambit|fallenundefined|[silent]
|
|-heal|p2a: Quagsire|51/100|[from] item: Leftovers
|upkeep
|
|t:|1779644030
|switch|p1a: Gholdengo|Gholdengo|100/100
|-item|p1a: Gholdengo|Air Balloon
|turn|4
|
|t:|1779644039
|move|p1a: Gholdengo|Nasty Plot|p1a: Gholdengo
|-boost|p1a: Gholdengo|spa|2
|move|p2a: Quagsire|Stealth Rock|p1a: Gholdengo
|-sidestart|p1: PokeCHAD052413069h|move: Stealth Rock
|
|-heal|p2a: Quagsire|57/100|[from] item: Leftovers
|upkeep
|turn|5
|
|t:|1779644049
|move|p1a: Gholdengo|Shadow Ball|p2a: Quagsire
|-damage|p2a: Quagsire|1/100
|move|p2a: Quagsire|Earthquake|p1a: Gholdengo
|-immune|p1a: Gholdengo
|
|-heal|p2a: Quagsire|7/100|[from] item: Leftovers
|upkeep
|turn|6
|
|t:|1779644059
|move|p1a: Gholdengo|Shadow Ball|p2a: Quagsire
|-damage|p2a: Quagsire|0 fnt
|faint|p2a: Quagsire
|
|upkeep
|
|t:|1779644064
|switch|p2a: Araquanid|Araquanid, M|100/100
|turn|7
|
|t:|1779644074
|move|p1a: Gholdengo|Shadow Ball|p2a: Araquanid
|-damage|p2a: Araquanid|34/100
|move|p2a: Araquanid|Crunch|p1a: Gholdengo
|-supereffective|p1a: Gholdengo
|-damage|p1a: Gholdengo|40/100
|-enditem|p1a: Gholdengo|Air Balloon
|-damage|p2a: Araquanid|24/100|[from] item: Life Orb
|
|upkeep
|turn|8
|
|t:|1779644086
|move|p1a: Gholdengo|Shadow Ball|p2a: Araquanid
|-damage|p2a: Araquanid|0 fnt
|faint|p2a: Araquanid
|
|upkeep
|
|t:|1779644098
|switch|p2a: Arbok|Arbok, M|100/100
|turn|9
|
|t:|1779644111
|move|p1a: Gholdengo|Make It Rain|p2a: Arbok
|-damage|p2a: Arbok|0 fnt
|-unboost|p1a: Gholdengo|spa|1
|faint|p2a: Arbok
|
|upkeep
|
|t:|1779644116
|switch|p2a: Tsareena|Tsareena, F|100/100
|turn|10
|
|t:|1779644130
|move|p1a: Gholdengo|Make It Rain|p2a: Tsareena
|-damage|p2a: Tsareena|0 fnt
|-unboost|p1a: Gholdengo|spa|1
|faint|p2a: Tsareena
|
|upkeep
|
|t:|1779644149
|switch|p2a: Salamence|Salamence, M|100/100
|turn|11
|
|t:|1779644164
|switch|p1a: Great Tusk|Great Tusk|100/100
|move|p2a: Salamence|Dragon Dance|p2a: Salamence
|-boost|p2a: Salamence|atk|1
|-boost|p2a: Salamence|spe|1
|
|upkeep
|turn|12
|
|t:|1779644179
|move|p2a: Salamence|Dual Wingbeat|p1a: Great Tusk
|-supereffective|p1a: Great Tusk
|-crit|p1a: Great Tusk
|-damage|p1a: Great Tusk|18/100
|-supereffective|p1a: Great Tusk
|-damage|p1a: Great Tusk|0 fnt
|faint|p1a: Great Tusk
|-end|p1a: Great Tusk|Protosynthesis|[silent]
|-ability|p2a: Salamence|Moxie|boost
|-boost|p2a: Salamence|atk|1
|-hitcount|p1: Great Tusk|2
|
|upkeep
|
|t:|1779644194
|switch|p1a: Dragapult|Dragapult, M|100/100
|turn|13
|inactive|PokeCHAD052413069h has 120 seconds left.
|
|t:|1779644210
|-terastallize|p2a: Salamence|Fire
|move|p2a: Salamence|Earthquake|p1a: Dragapult
|-damage|p1a: Dragapult|2/100
|move|p1a: Dragapult|Will-O-Wisp|p2a: Salamence
|-immune|p2a: Salamence
|
|upkeep
|turn|14
|
|t:|1779644219
|move|p2a: Salamence|Earthquake|p1a: Dragapult
|-damage|p1a: Dragapult|0 fnt
|faint|p1a: Dragapult
|-ability|p2a: Salamence|Moxie|boost
|-boost|p2a: Salamence|atk|1
|
|upkeep
|
|t:|1779644227
|switch|p1a: Glimmora|Glimmora, M|100/100
|-damage|p1a: Glimmora|88/100|[from] Stealth Rock
|turn|15
|
|t:|1779644235
|-terastallize|p1a: Glimmora|Ghost
|move|p2a: Salamence|Earthquake|p1a: Glimmora
|-damage|p1a: Glimmora|0 fnt
|-activate|p1a: Glimmora|ability: Toxic Debris
|-sidestart|p2: Aldo Mango|move: Toxic Spikes
|faint|p1a: Glimmora
|-ability|p2a: Salamence|Moxie|boost
|-boost|p2a: Salamence|atk|1
|
|upkeep
|
|t:|1779644243
|switch|p1a: Primarina|Primarina, M|100/100
|-damage|p1a: Primarina|88/100|[from] Stealth Rock
|turn|16
|
|t:|1779644252
|move|p2a: Salamence|Earthquake|p1a: Primarina
|-damage|p1a: Primarina|0 fnt
|faint|p1a: Primarina
|-ability|p2a: Salamence|Moxie|boost
|-boost|p2a: Salamence|atk|1
|
|upkeep
|
|t:|1779644259
|switch|p1a: Gholdengo|Gholdengo|40/100
|-damage|p1a: Gholdengo|34/100|[from] Stealth Rock
|turn|17
|
|t:|1779644267
|move|p2a: Salamence|Temper Flare|p1a: Gholdengo
|-supereffective|p1a: Gholdengo
|-damage|p1a: Gholdengo|0 fnt
|faint|p1a: Gholdengo
|
|win|Aldo Mango
|raw|PokeCHAD052413069h's rating: 1153 &rarr; <strong>1128</strong><br />(-25 for losing)
|raw|Aldo Mango's rating: 1155 &rarr; <strong>1180</strong><br />(+25 for winning)
|l|☆PokeCHAD052413069h
|player|p1|
|l|☆Aldo Mango
|player|p2|
