|j|☆DuckyBro
|j|☆superstar
|t:|1779624952
|gametype|singles
|player|p1|DuckyBro|dragontamer|1692
|player|p2|superstar|101|1617
|gen|9
|tier|[Gen 9] OU
|rated|
|rule|HP Percentage Mod: HP is shown in percentages
|rule|Endless Battle Clause: Forcing endless battles is banned
|rule|Species Clause: Limit one of each Pokémon
|rule|OHKO Clause: OHKO moves are banned
|rule|Evasion Items Clause: Evasion items are banned
|rule|Evasion Moves Clause: Evasion moves are banned
|rule|Evasion Abilities Clause: Evasion abilities are banned
|rule|Sleep Moves Clause: Sleep-inducing moves are banned
|clearpoke
|poke|p1|Cinderace, F|
|poke|p1|Dondozo, F|
|poke|p1|Zapdos|
|poke|p1|Garchomp, M|
|poke|p1|Kyurem|
|poke|p1|Volcanion|
|poke|p2|Araquanid, M|
|poke|p2|Pecharunt|
|poke|p2|Gholdengo|
|poke|p2|Ogerpon-Wellspring, F|
|poke|p2|Raging Bolt|
|poke|p2|Samurott-Hisui, M|
|teampreview
|
|t:|1779624980
|teamsize|p1|6
|teamsize|p2|6
|start
|switch|p1a: Garchomp|Garchomp, M|100/100
|switch|p2a: Araquanid|Araquanid, M|100/100
|turn|1
|
|t:|1779625004
|move|p1a: Garchomp|Swords Dance|p1a: Garchomp
|-boost|p1a: Garchomp|atk|2
|move|p2a: Araquanid|Surf|p1a: Garchomp
|-damage|p1a: Garchomp|31/100
|
|upkeep
|turn|2
|
|t:|1779625009
|move|p2a: Araquanid|Endure|p2a: Araquanid
|-singleturn|p2a: Araquanid|move: Endure
|move|p1a: Garchomp|Scale Shot|p2a: Araquanid
|-damage|p2a: Araquanid|68/100
|-damage|p2a: Araquanid|38/100
|-damage|p2a: Araquanid|8/100
|-activate|p2a: Araquanid|move: Endure
|-damage|p2a: Araquanid|1/100
|-hitcount|p2a: Araquanid|4
|-unboost|p1a: Garchomp|def|1
|-boost|p1a: Garchomp|spe|1
|
|upkeep
|turn|3
|-enditem|p2a: Araquanid|Custap Berry|[eat]
|-activate|p2a: Araquanid|item: Custap Berry|[consumed]
|
|t:|1779625020
|switch|p1a: Volcanion|Volcanion|100/100
|move|p2a: Araquanid|Surf|p1a: Volcanion
|-immune|p1a: Volcanion|[from] ability: Water Absorb
|
|upkeep
|turn|4
|
|t:|1779625028
|switch|p2a: Samurott|Samurott-Hisui, M|100/100
|move|p1a: Volcanion|Sludge Bomb|p2a: Samurott
|-damage|p2a: Samurott|48/100
|
|upkeep
|turn|5
|
|t:|1779625031
|move|p2a: Samurott|Ceaseless Edge|p1a: Volcanion
|-damage|p1a: Volcanion|52/100
|-sidestart|p1: DuckyBro|Spikes
|move|p1a: Volcanion|Sludge Bomb|p2a: Samurott
|-damage|p2a: Samurott|0 fnt
|faint|p2a: Samurott
|
|upkeep
|
|t:|1779625059
|switch|p2a: Raging Bolt|Raging Bolt|100/100
|-enditem|p2a: Raging Bolt|Booster Energy
|-activate|p2a: Raging Bolt|ability: Protosynthesis|[fromitem]
|-start|p2a: Raging Bolt|protosynthesisspa
|turn|6
|
|t:|1779625065
|-terastallize|p1a: Volcanion|Ground
|move|p2a: Raging Bolt|Dragon Pulse|p1a: Volcanion
|-damage|p1a: Volcanion|10/100
|move|p1a: Volcanion|Scorching Sands|p2a: Raging Bolt
|-supereffective|p2a: Raging Bolt
|-damage|p2a: Raging Bolt|26/100
|
|upkeep
|turn|7
|
|t:|1779625069
|move|p2a: Raging Bolt|Dragon Pulse|p1a: Volcanion
|-damage|p1a: Volcanion|0 fnt
|faint|p1a: Volcanion
|
|upkeep
|
|t:|1779625071
|switch|p1a: Cinderace|Cinderace, F|100/100
|turn|8
|
|t:|1779625079
|move|p1a: Cinderace|Sucker Punch|p2a: Raging Bolt
|-start|p1a: Cinderace|typechange|Dark|[from] ability: Libero
|-damage|p2a: Raging Bolt|0 fnt
|faint|p2a: Raging Bolt
|-end|p2a: Raging Bolt|Protosynthesis|[silent]
|
|upkeep
|
|t:|1779625086
|switch|p2a: Pecharunt|Pecharunt|100/100
|turn|9
|
|t:|1779625118
|move|p1a: Cinderace|U-turn|p2a: Pecharunt
|-resisted|p2a: Pecharunt
|-damage|p2a: Pecharunt|97/100
|
|t:|1779625121
|switch|p1a: Zapdos|Zapdos|100/100|[from] U-turn
|move|p2a: Pecharunt|Nasty Plot|p2a: Pecharunt
|-boost|p2a: Pecharunt|spa|2
|
|upkeep
|turn|10
|
|t:|1779625126
|move|p2a: Pecharunt|Malignant Chain|p1a: Zapdos
|-damage|p1a: Zapdos|12/100
|-status|p1a: Zapdos|tox
|-start|p1a: Zapdos|confusion|[from] ability: Poison Puppeteer|[of] p2a: Pecharunt
|-activate|p1a: Zapdos|confusion
|move|p1a: Zapdos|Hurricane|p2a: Pecharunt
|-damage|p2a: Pecharunt|0 fnt
|faint|p2a: Pecharunt
|
|-damage|p1a: Zapdos|5/100 tox|[from] psn
|upkeep
|
|t:|1779625170
|switch|p2a: Araquanid|Araquanid, M|1/100
|turn|11
|
|t:|1779625177
|-activate|p1a: Zapdos|confusion
|move|p1a: Zapdos|Hurricane|p2a: Araquanid|[miss]
|-miss|p1a: Zapdos|p2a: Araquanid
|move|p2a: Araquanid|Surf|p1a: Zapdos
|-damage|p1a: Zapdos|0 fnt
|faint|p1a: Zapdos
|
|upkeep
|
|t:|1779625180
|switch|p1a: Cinderace|Cinderace, F|100/100
|turn|12
|
|t:|1779625182
|move|p1a: Cinderace|Pyro Ball|p2a: Araquanid
|-damage|p2a: Araquanid|0 fnt
|faint|p2a: Araquanid
|
|upkeep
|
|t:|1779625186
|switch|p2a: Ogerpon|Ogerpon-Wellspring, F|100/100
|turn|13
|
|t:|1779625204
|-terastallize|p2a: Ogerpon|Water
|detailschange|p2a: Ogerpon|Ogerpon-Wellspring-Tera, F, tera:Water
|-ability|p2a: Ogerpon|Embody Aspect (Wellspring)|boost
|-boost|p2a: Ogerpon|spd|1
|move|p1a: Cinderace|U-turn|p2a: Ogerpon
|-start|p1a: Cinderace|typechange|Bug|[from] ability: Libero
|-damage|p2a: Ogerpon|53/100
|
|t:|1779625207
|switch|p1a: Garchomp|Garchomp, M|31/100|[from] U-turn
|-damage|p1a: Garchomp|19/100|[from] Spikes
|move|p2a: Ogerpon|Swords Dance|p2a: Ogerpon
|-boost|p2a: Ogerpon|atk|2
|
|upkeep
|turn|14
|
|t:|1779625242
|move|p2a: Ogerpon|Ivy Cudgel|p1a: Garchomp|[anim] Ivy Cudgel Water
|-damage|p1a: Garchomp|0 fnt
|faint|p1a: Garchomp
|
|upkeep
|
|t:|1779625252
|switch|p1a: Kyurem|Kyurem|100/100
|-damage|p1a: Kyurem|88/100|[from] Spikes
|-ability|p1a: Kyurem|Pressure
|turn|15
|
|t:|1779625255
|move|p2a: Ogerpon|Play Rough|p1a: Kyurem
|-supereffective|p1a: Kyurem
|-damage|p1a: Kyurem|0 fnt
|faint|p1a: Kyurem
|
|upkeep
|
|t:|1779625260
|switch|p1a: Dondozo|Dondozo, F|100/100
|-damage|p1a: Dondozo|88/100|[from] Spikes
|turn|16
|
|t:|1779625262
|move|p2a: Ogerpon|Horn Leech|p1a: Dondozo
|-supereffective|p1a: Dondozo
|-damage|p1a: Dondozo|50/100
|-heal|p2a: Ogerpon|85/100|[from] drain|[of] p1a: Dondozo
|move|p1a: Dondozo|Curse|p1a: Dondozo
|-unboost|p1a: Dondozo|spe|1
|-boost|p1a: Dondozo|atk|1
|-boost|p1a: Dondozo|def|1
|
|upkeep
|turn|17
|
|t:|1779625266
|move|p2a: Ogerpon|Horn Leech|p1a: Dondozo
|-supereffective|p1a: Dondozo
|-damage|p1a: Dondozo|23/100
|-heal|p2a: Ogerpon|100/100|[from] drain|[of] p1a: Dondozo
|move|p1a: Dondozo|Rest|p1a: Dondozo
|-status|p1a: Dondozo|slp|[from] move: Rest
|-heal|p1a: Dondozo|100/100 slp|[silent]
|
|upkeep
|turn|18
|
|t:|1779625269
|move|p2a: Ogerpon|Horn Leech|p1a: Dondozo
|-supereffective|p1a: Dondozo
|-damage|p1a: Dondozo|74/100 slp
|cant|p1a: Dondozo|slp
|move|p1a: Dondozo|Sleep Talk|p1a: Dondozo
|move|p1a: Dondozo|Rest||[from] move: Sleep Talk|[still]
|-fail|p1a: Dondozo
|
|upkeep
|turn|19
|
|t:|1779625271
|move|p2a: Ogerpon|Horn Leech|p1a: Dondozo
|-supereffective|p1a: Dondozo
|-damage|p1a: Dondozo|48/100 slp
|cant|p1a: Dondozo|slp
|move|p1a: Dondozo|Sleep Talk|p1a: Dondozo
|move|p1a: Dondozo|Curse|p1a: Dondozo|[from] move: Sleep Talk
|-unboost|p1a: Dondozo|spe|1
|-boost|p1a: Dondozo|atk|1
|-boost|p1a: Dondozo|def|1
|
|upkeep
|turn|20
|
|t:|1779625283
|switch|p2a: Gholdengo|Gholdengo|100/100
|-item|p2a: Gholdengo|Air Balloon
|-curestatus|p1a: Dondozo|slp|[msg]
|move|p1a: Dondozo|Rest|p1a: Dondozo
|-status|p1a: Dondozo|slp|[from] move: Rest
|-heal|p1a: Dondozo|100/100 slp|[silent]
|
|upkeep
|turn|21
|
|t:|1779625289
|move|p2a: Gholdengo|Shadow Ball|p1a: Dondozo
|-damage|p1a: Dondozo|57/100 slp
|cant|p1a: Dondozo|slp
|move|p1a: Dondozo|Sleep Talk|p1a: Dondozo
|move|p1a: Dondozo|Liquidation|p2a: Gholdengo|[from] move: Sleep Talk
|-damage|p2a: Gholdengo|34/100
|-enditem|p2a: Gholdengo|Air Balloon
|
|upkeep
|turn|22
|
|t:|1779625297
|switch|p1a: Cinderace|Cinderace, F|100/100
|move|p2a: Gholdengo|Shadow Ball|p1a: Cinderace
|-damage|p1a: Cinderace|39/100
|-unboost|p1a: Cinderace|spd|1
|
|upkeep
|turn|23
|
|t:|1779625302
|move|p1a: Cinderace|Pyro Ball|p2a: Gholdengo
|-supereffective|p2a: Gholdengo
|-damage|p2a: Gholdengo|0 fnt
|faint|p2a: Gholdengo
|
|upkeep
|
|t:|1779625304
|switch|p2a: Ogerpon|Ogerpon-Wellspring-Tera, F, tera:Water|100/100
|-ability|p2a: Ogerpon|Embody Aspect (Wellspring)|boost
|-boost|p2a: Ogerpon|spd|1
|turn|24
|
|t:|1779625322
|move|p1a: Cinderace|Sucker Punch|p2a: Ogerpon
|-start|p1a: Cinderace|typechange|Dark|[from] ability: Libero
|-damage|p2a: Ogerpon|56/100
|move|p2a: Ogerpon|Ivy Cudgel|p1a: Cinderace|[anim] Ivy Cudgel Water
|-damage|p1a: Cinderace|0 fnt
|faint|p1a: Cinderace
|
|upkeep
|
|t:|1779625328
|switch|p1a: Dondozo|Dondozo, F|57/100 slp
|-damage|p1a: Dondozo|45/100 slp|[from] Spikes
|turn|25
|
|t:|1779625334
|move|p2a: Ogerpon|Horn Leech|p1a: Dondozo
|-supereffective|p1a: Dondozo
|-damage|p1a: Dondozo|4/100 slp
|-heal|p2a: Ogerpon|91/100|[from] drain|[of] p1a: Dondozo
|cant|p1a: Dondozo|slp
|move|p1a: Dondozo|Sleep Talk|p1a: Dondozo
|move|p1a: Dondozo|Curse|p1a: Dondozo|[from] move: Sleep Talk
|-unboost|p1a: Dondozo|spe|1
|-boost|p1a: Dondozo|atk|1
|-boost|p1a: Dondozo|def|1
|
|upkeep
|turn|26
|
|t:|1779625338
|move|p2a: Ogerpon|Horn Leech|p1a: Dondozo
|-supereffective|p1a: Dondozo
|-damage|p1a: Dondozo|0 fnt
|-heal|p2a: Ogerpon|93/100|[from] drain|[of] p1a: Dondozo
|faint|p1a: Dondozo
|
|win|superstar
|raw|DuckyBro's rating: 1692 &rarr; <strong>1668</strong><br />(-24 for losing)
|raw|superstar's rating: 1617 &rarr; <strong>1641</strong><br />(+24 for winning)
|l|☆DuckyBro
|player|p1|
|l|☆superstar
|player|p2|
