|j|☆Andher
|j|☆ohko by scald
|t:|1779696218
|gametype|singles
|player|p1|Andher|shadowtriad|1359
|player|p2|ohko by scald|roxie-masters|1401
|gen|9
|tier|[Gen 9] OU
|rated|
|rule|HP Percentage Mod: HP is shown in percentages
|rule|Endless Battle Clause: Forcing endless battles is banned
|rule|Species Clause: Limit one of each Pokémon
|rule|OHKO Clause: OHKO moves are banned
|rule|Evasion Items Clause: Evasion items are banned
|rule|Evasion Moves Clause: Evasion moves are banned
|rule|Evasion Abilities Clause: Evasion abilities are banned
|rule|Sleep Moves Clause: Sleep-inducing moves are banned
|clearpoke
|poke|p1|Samurott-Hisui, F|
|poke|p1|Corviknight, F|
|poke|p1|Kingambit, F|
|poke|p1|Skeledirge, F|
|poke|p1|Gengar, F|
|poke|p1|Dragapult, M|
|poke|p2|Cloyster, F|
|poke|p2|Toxtricity, F|
|poke|p2|Dragapult, M|
|poke|p2|Hawlucha, M|
|poke|p2|Rillaboom, M|
|poke|p2|Heatran, M|
|teampreview
|inactive|Battle timer is ON: inactive players will automatically lose when time's up. (requested by ohko by scald)
|
|t:|1779696228
|teamsize|p1|6
|teamsize|p2|6
|start
|switch|p1a: Ronin|Samurott-Hisui, F|100/100
|switch|p2a: Cloist Critical|Cloyster, F|100/100
|turn|1
|
|t:|1779696249
|move|p1a: Ronin|Sacred Sword|p2a: Cloist Critical
|-supereffective|p2a: Cloist Critical
|-damage|p2a: Cloist Critical|25/100
|move|p2a: Cloist Critical|Shell Smash|p2a: Cloist Critical
|-unboost|p2a: Cloist Critical|def|1
|-unboost|p2a: Cloist Critical|spd|1
|-boost|p2a: Cloist Critical|atk|2
|-boost|p2a: Cloist Critical|spa|2
|-boost|p2a: Cloist Critical|spe|2
|
|upkeep
|turn|2
|
|t:|1779696279
|switch|p1a: Malson|Gengar, F, shiny|100/100
|move|p2a: Cloist Critical|Spikes|p1a: Malson
|-sidestart|p1: Andher|Spikes
|
|upkeep
|turn|3
|
|t:|1779696285
|move|p1a: Malson|Shadow Ball|p2a: Cloist Critical
|-damage|p2a: Cloist Critical|0 fnt
|faint|p2a: Cloist Critical
|
|upkeep
|
|t:|1779696294
|switch|p2a: 700°C iron ball|Heatran, M, shiny|100/100
|turn|4
|
|t:|1779696308
|move|p1a: Malson|Shadow Ball|p2a: 700°C iron ball
|-damage|p2a: 700°C iron ball|61/100
|-unboost|p2a: 700°C iron ball|spd|1
|move|p2a: 700°C iron ball|Magma Storm|p1a: Malson
|-damage|p1a: Malson|19/100
|-activate|p1a: Malson|move: Magma Storm|[of] p2a: 700°C iron ball
|
|-heal|p2a: 700°C iron ball|67/100|[from] item: Leftovers
|-damage|p1a: Malson|7/100|[from] move: Magma Storm|[partiallytrapped]
|upkeep
|turn|5
|
|t:|1779696320
|switch|p1a: Ombra|Dragapult, M|100/100
|-damage|p1a: Ombra|88/100|[from] Spikes
|move|p2a: 700°C iron ball|Stealth Rock|p1a: Ombra
|-sidestart|p1: Andher|move: Stealth Rock
|
|-heal|p2a: 700°C iron ball|73/100|[from] item: Leftovers
|upkeep
|turn|6
|
|t:|1779696350
|move|p1a: Ombra|Shadow Ball|p2a: 700°C iron ball
|-damage|p2a: 700°C iron ball|0 fnt
|faint|p2a: 700°C iron ball
|
|upkeep
|
|t:|1779696355
|switch|p2a: MF BOOM|Rillaboom, M|100/100
|-fieldstart|move: Grassy Terrain|[from] ability: Grassy Surge|[of] p2a: MF BOOM
|turn|7
|
|t:|1779696373
|switch|p1a: Corax|Corviknight, F|100/100
|-damage|p1a: Corax|88/100|[from] Stealth Rock
|-ability|p1a: Corax|Pressure
|move|p2a: MF BOOM|U-turn|p1a: Corax
|-resisted|p1a: Corax
|-damage|p1a: Corax|80/100
|-damage|p2a: MF BOOM|84/100|[from] item: Rocky Helmet|[of] p1a: Corax
|
|t:|1779696382
|switch|p2a: MF BOOM 2|Toxtricity, F|100/100|[from] U-turn
|
|upkeep
|turn|8
|
|t:|1779696390
|switch|p1a: Shogun|Kingambit, F|100/100
|-damage|p1a: Shogun|88/100|[from] Spikes
|-damage|p1a: Shogun|82/100|[from] Stealth Rock
|move|p2a: MF BOOM 2|Shift Gear|p2a: MF BOOM 2
|-boost|p2a: MF BOOM 2|spe|2
|-boost|p2a: MF BOOM 2|atk|1
|
|-heal|p1a: Shogun|88/100|[from] Grassy Terrain
|-heal|p1a: Shogun|94/100|[from] item: Leftovers
|upkeep
|turn|9
|
|t:|1779696403
|-terastallize|p1a: Shogun|Ground
|move|p2a: MF BOOM 2|Drain Punch|p1a: Shogun
|-damage|p1a: Shogun|69/100
|-damage|p2a: MF BOOM 2|91/100|[from] item: Life Orb
|move|p1a: Shogun|Kowtow Cleave|p2a: MF BOOM 2
|-damage|p2a: MF BOOM 2|22/100
|
|-heal|p2a: MF BOOM 2|29/100|[from] Grassy Terrain
|-heal|p1a: Shogun|75/100|[from] Grassy Terrain
|-heal|p1a: Shogun|81/100|[from] item: Leftovers
|upkeep
|turn|10
|
|t:|1779696417
|move|p2a: MF BOOM 2|Boomburst|p1a: Shogun
|-damage|p1a: Shogun|10/100
|-damage|p2a: MF BOOM 2|19/100|[from] item: Life Orb
|move|p1a: Shogun|Iron Head|p2a: MF BOOM 2
|-resisted|p2a: MF BOOM 2
|-damage|p2a: MF BOOM 2|0 fnt
|faint|p2a: MF BOOM 2
|
|-heal|p1a: Shogun|16/100|[from] Grassy Terrain
|-heal|p1a: Shogun|22/100|[from] item: Leftovers
|upkeep
|inactive|ohko by scald has 120 seconds left.
|
|t:|1779696461
|switch|p2a: John Cena|Hawlucha, M|100/100
|-enditem|p2a: John Cena|Grassy Seed
|-boost|p2a: John Cena|def|1|[from] item: Grassy Seed
|turn|11
|
|t:|1779696466
|-end|p1a: Shogun|fallenundefined|[silent]
|switch|p1a: Mort|Skeledirge, F|100/100
|move|p2a: John Cena|Swords Dance|p2a: John Cena
|-boost|p2a: John Cena|atk|2
|
|-fieldend|move: Grassy Terrain
|upkeep
|turn|12
|
|t:|1779696474
|move|p2a: John Cena|Acrobatics|p1a: Mort
|-damage|p1a: Mort|59/100
|move|p1a: Mort|Torch Song|p2a: John Cena
|-damage|p2a: John Cena|59/100
|-boost|p1a: Mort|spa|1
|
|upkeep
|turn|13
|
|t:|1779696483
|move|p2a: John Cena|Acrobatics|p1a: Mort
|-damage|p1a: Mort|21/100
|move|p1a: Mort|Alluring Voice|p2a: John Cena
|-supereffective|p2a: John Cena
|-damage|p2a: John Cena|0 fnt
|faint|p2a: John Cena
|
|upkeep
|
|t:|1779696489
|switch|p2a: Dragapult|Dragapult, M|100/100
|turn|14
|
|t:|1779696493
|move|p2a: Dragapult|Hex|p1a: Mort
|-supereffective|p1a: Mort
|-damage|p1a: Mort|0 fnt
|faint|p1a: Mort
|
|upkeep
|
|t:|1779696501
|switch|p1a: Ronin|Samurott-Hisui, F|100/100
|-damage|p1a: Ronin|88/100|[from] Spikes
|-damage|p1a: Ronin|76/100|[from] Stealth Rock
|turn|15
|
|t:|1779696507
|move|p1a: Ronin|Ceaseless Edge|p2a: Dragapult
|-supereffective|p2a: Dragapult
|-crit|p2a: Dragapult
|-damage|p2a: Dragapult|0 fnt
|-sidestart|p2: ohko by scald|Spikes
|faint|p2a: Dragapult
|
|upkeep
|
|t:|1779696510
|switch|p2a: MF BOOM|Rillaboom, M|84/100
|-damage|p2a: MF BOOM|72/100|[from] Spikes
|-fieldstart|move: Grassy Terrain|[from] ability: Grassy Surge|[of] p2a: MF BOOM
|turn|16
|
|t:|1779696519
|switch|p1a: Corax|Corviknight, F|80/100
|-damage|p1a: Corax|68/100|[from] Stealth Rock
|-ability|p1a: Corax|Pressure
|move|p2a: MF BOOM|Grassy Glide|p1a: Corax
|-resisted|p1a: Corax
|-damage|p1a: Corax|57/100
|-damage|p2a: MF BOOM|55/100|[from] item: Rocky Helmet|[of] p1a: Corax
|
|-heal|p2a: MF BOOM|61/100|[from] Grassy Terrain
|upkeep
|turn|17
|-message|ohko by scald forfeited.
|
|win|Andher
|raw|Andher's rating: 1359 &rarr; <strong>1381</strong><br />(+22 for winning)
|raw|ohko by scald's rating: 1401 &rarr; <strong>1379</strong><br />(-22 for losing)
|l|☆ohko by scald
|player|p2|
|l|☆Andher
|player|p1|
