|j|☆1mN0tD1zzy
|j|☆Please3707
|t:|1779668695
|gametype|singles
|player|p1|1mN0tD1zzy|benga|1212
|player|p2|Please3707|cynthia-masters4|1237
|gen|9
|tier|[Gen 9] OU
|rated|
|rule|HP Percentage Mod: HP is shown in percentages
|rule|Endless Battle Clause: Forcing endless battles is banned
|rule|Species Clause: Limit one of each Pokémon
|rule|OHKO Clause: OHKO moves are banned
|rule|Evasion Items Clause: Evasion items are banned
|rule|Evasion Moves Clause: Evasion moves are banned
|rule|Evasion Abilities Clause: Evasion abilities are banned
|rule|Sleep Moves Clause: Sleep-inducing moves are banned
|clearpoke
|poke|p1|Feebas, F|
|poke|p1|Luvdisc, L1, M|
|poke|p1|Overqwil, M|
|poke|p1|Barraskewda, M|
|poke|p1|Minior-Indigo|
|poke|p1|Brambleghast, M|
|poke|p2|Ninetales, F|
|poke|p2|Walking Wake|
|poke|p2|Lilligant-Hisui, F|
|poke|p2|Typhlosion-Hisui, F|
|poke|p2|Dragapult, F|
|poke|p2|Hatterene, F|
|teampreview
|inactive|Battle timer is ON: inactive players will automatically lose when time's up. (requested by Please3707)
|c|☆Please3707|Uh oh
|
|t:|1779668708
|teamsize|p1|6
|teamsize|p2|6
|start
|switch|p1a: Luvdisc|Luvdisc, L1, M|100/100
|switch|p2a: Ninetales|Ninetales, F, shiny|100/100
|-weather|SunnyDay|[from] ability: Drought|[of] p2a: Ninetales
|turn|1
|
|t:|1779668722
|switch|p2a: Walking Wake|Walking Wake|100/100
|-activate|p2a: Walking Wake|ability: Protosynthesis
|-start|p2a: Walking Wake|protosynthesisspe
|move|p1a: Luvdisc|Endeavor|p2a: Walking Wake
|-damage|p2a: Walking Wake|4/100
|
|-weather|SunnyDay|[upkeep]
|upkeep
|turn|2
|
|t:|1779668739
|move|p2a: Walking Wake|Hydro Steam|p1a: Luvdisc
|-resisted|p1a: Luvdisc
|-enditem|p1a: Luvdisc|Focus Sash
|-damage|p1a: Luvdisc|9/100
|move|p1a: Luvdisc|Endeavor|p2a: Walking Wake
|-damage|p2a: Walking Wake|1/100
|
|-weather|SunnyDay|[upkeep]
|upkeep
|turn|3
|c|☆1mN0tD1zzy|gives me a reason to use the aura pokemon
|
|t:|1779668749
|move|p1a: Luvdisc|Aqua Jet|p2a: Walking Wake
|-resisted|p2a: Walking Wake
|-damage|p2a: Walking Wake|0 fnt
|faint|p2a: Walking Wake
|-end|p2a: Walking Wake|Protosynthesis|[silent]
|
|-weather|SunnyDay|[upkeep]
|upkeep
|
|t:|1779668753
|switch|p2a: Lilligant|Lilligant-Hisui, F, shiny|100/100
|turn|4
|
|t:|1779668760
|move|p2a: Lilligant|Solar Blade||[still]
|-prepare|p2a: Lilligant|Solar Blade
|-anim|p2a: Lilligant|Solar Blade|p1a: Luvdisc
|-supereffective|p1a: Luvdisc
|-damage|p1a: Luvdisc|0 fnt
|faint|p1a: Luvdisc
|
|-weather|SunnyDay|[upkeep]
|upkeep
|
|t:|1779668774
|switch|p1a: Overqwil|Overqwil, M|100/100
|turn|5
|
|t:|1779668780
|move|p2a: Lilligant|Axe Kick|p1a: Overqwil
|-damage|p1a: Overqwil|37/100
|move|p1a: Overqwil|Rain Dance|p1a: Overqwil
|-weather|RainDance
|
|-weather|RainDance|[upkeep]
|upkeep
|turn|6
|
|t:|1779668795
|move|p1a: Overqwil|Barb Barrage|p2a: Lilligant
|-supereffective|p2a: Lilligant
|-damage|p2a: Lilligant|8/100
|-status|p2a: Lilligant|psn
|move|p2a: Lilligant|Axe Kick|p1a: Overqwil
|-damage|p1a: Overqwil|0 fnt
|faint|p1a: Overqwil
|
|-weather|RainDance|[upkeep]
|-damage|p2a: Lilligant|0 fnt|[from] psn
|faint|p2a: Lilligant
|upkeep
|
|t:|1779668808
|switch|p1a: Minior|Minior-Indigo|100/100
|switch|p2a: Ninetales|Ninetales, F, shiny|100/100
|-weather|SunnyDay|[from] ability: Drought|[of] p2a: Ninetales
|-formechange|p1a: Minior|Minior-Meteor||[from] ability: Shields Down
|turn|7
|
|t:|1779668817
|move|p2a: Ninetales|Shadow Ball|p1a: Minior
|-damage|p1a: Minior|80/100
|move|p1a: Minior|Shell Smash|p1a: Minior
|-unboost|p1a: Minior|def|1
|-unboost|p1a: Minior|spd|1
|-boost|p1a: Minior|atk|2
|-boost|p1a: Minior|spa|2
|-boost|p1a: Minior|spe|2
|-enditem|p1a: Minior|White Herb
|-clearnegativeboost|p1a: Minior|[silent]
|
|-weather|SunnyDay|[upkeep]
|upkeep
|turn|8
|
|t:|1779668829
|move|p1a: Minior|Stone Edge|p2a: Ninetales|[miss]
|-miss|p1a: Minior|p2a: Ninetales
|move|p2a: Ninetales|Encore|p1a: Minior
|-start|p1a: Minior|Encore
|
|-weather|SunnyDay|[upkeep]
|upkeep
|turn|9
|
|t:|1779668843
|move|p1a: Minior|Stone Edge|p2a: Ninetales|[miss]
|-miss|p1a: Minior|p2a: Ninetales
|move|p2a: Ninetales|Will-O-Wisp|p1a: Minior
|-immune|p1a: Minior|[from] ability: Shields Down
|
|-weather|SunnyDay|[upkeep]
|upkeep
|turn|10
|c|☆1mN0tD1zzy|real
|
|t:|1779668852
|move|p1a: Minior|Stone Edge|p2a: Ninetales
|-supereffective|p2a: Ninetales
|-damage|p2a: Ninetales|0 fnt
|faint|p2a: Ninetales
|
|-weather|SunnyDay|[upkeep]
|upkeep
|
|t:|1779668859
|switch|p2a: Dragapult|Dragapult, F, shiny|100/100
|turn|11
|
|t:|1779668864
|move|p2a: Dragapult|Sucker Punch|p1a: Minior
|-damage|p1a: Minior|35/100
|move|p1a: Minior|Stone Edge|p2a: Dragapult
|-damage|p2a: Dragapult|0 fnt
|faint|p2a: Dragapult
|
|-weather|SunnyDay|[upkeep]
|-end|p1a: Minior|Encore
|-formechange|p1a: Minior|Minior-Indigo||[from] ability: Shields Down
|upkeep
|
|t:|1779668873
|switch|p2a: Typhlosion|Typhlosion-Hisui, F, shiny|100/100
|turn|12
|
|t:|1779668879
|move|p1a: Minior|Stone Edge|p2a: Typhlosion|[miss]
|-miss|p1a: Minior|p2a: Typhlosion
|move|p2a: Typhlosion|Heat Wave|p1a: Minior|[miss]
|-miss|p2a: Typhlosion|p1a: Minior
|
|-weather|SunnyDay|[upkeep]
|upkeep
|turn|13
|
|t:|1779668887
|move|p1a: Minior|Stone Edge|p2a: Typhlosion|[miss]
|-miss|p1a: Minior|p2a: Typhlosion
|move|p2a: Typhlosion|Heat Wave|p1a: Minior
|-resisted|p1a: Minior
|-damage|p1a: Minior|0 fnt
|faint|p1a: Minior
|
|-weather|SunnyDay|[upkeep]
|upkeep
|c|☆1mN0tD1zzy|wow
|
|t:|1779668897
|switch|p1a: Feebas|Feebas, F|100/100
|turn|14
|
|t:|1779668903
|switch|p2a: Hatterene|Hatterene, F, shiny|100/100
|move|p1a: Feebas|Mirror Coat||[still]
|-fail|p1a: Feebas
|
|-weather|none
|upkeep
|turn|15
|
|t:|1779668914
|move|p2a: Hatterene|Nuzzle|p1a: Feebas
|-supereffective|p1a: Feebas
|-damage|p1a: Feebas|55/100
|-status|p1a: Feebas|par
|move|p1a: Feebas|Mirror Coat||[still]
|-fail|p1a: Feebas
|
|upkeep
|turn|16
|
|t:|1779668922
|move|p2a: Hatterene|Future Sight|p1a: Feebas
|-start|p2a: Hatterene|move: Future Sight
|move|p1a: Feebas|Mirror Coat||[still]
|-fail|p1a: Feebas
|
|upkeep
|turn|17
|
|t:|1779668936
|move|p2a: Hatterene|Protect|p2a: Hatterene
|-singleturn|p2a: Hatterene|Protect
|move|p1a: Feebas|Mirror Coat||[still]
|-fail|p1a: Feebas
|
|upkeep
|turn|18
|
|t:|1779668942
|switch|p2a: Typhlosion|Typhlosion-Hisui, F, shiny|100/100
|-item|p1a: Feebas|Focus Sash|[from] ability: Frisk|[of] p2a: Typhlosion
|move|p1a: Feebas|Mirror Coat||[still]
|-fail|p1a: Feebas
|
|-end|p1a: Feebas|move: Future Sight
|-damage|p1a: Feebas|0 fnt
|faint|p1a: Feebas
|upkeep
|
|t:|1779668948
|switch|p1a: Barraskewda|Barraskewda, M|100/100
|turn|19
|
|t:|1779668963
|-terastallize|p2a: Typhlosion|Fire
|-terastallize|p1a: Barraskewda|Water
|move|p2a: Typhlosion|Eruption|p1a: Barraskewda
|-resisted|p1a: Barraskewda
|-damage|p1a: Barraskewda|0 fnt
|faint|p1a: Barraskewda
|
|upkeep
|c|☆1mN0tD1zzy|oh i dont like that
|
|t:|1779668974
|switch|p1a: Brambleghast|Brambleghast, M|100/100
|turn|20
|c|☆1mN0tD1zzy|gg
|
|t:|1779668977
|move|p2a: Typhlosion|Eruption|p1a: Brambleghast
|-supereffective|p1a: Brambleghast
|-damage|p1a: Brambleghast|0 fnt
|faint|p1a: Brambleghast
|
|win|Please3707
|raw|1mN0tD1zzy's rating: 1212 &rarr; <strong>1189</strong><br />(-23 for losing)
|raw|Please3707's rating: 1237 &rarr; <strong>1260</strong><br />(+23 for winning)
|c|☆Please3707|Gg
|l|☆Please3707
|player|p2|
|l|☆1mN0tD1zzy
|player|p1|
