|j|☆Surged up diva
|j|‽aaagislash
|t:|1779618753
|gametype|singles
|player|p1|Surged up diva|beauty-gen4dp|1643
|player|p2|aaagislash|102|1596
|gen|9
|tier|[Gen 9] OU
|rated|
|rule|HP Percentage Mod: HP is shown in percentages
|rule|Endless Battle Clause: Forcing endless battles is banned
|rule|Species Clause: Limit one of each Pokémon
|rule|OHKO Clause: OHKO moves are banned
|rule|Evasion Items Clause: Evasion items are banned
|rule|Evasion Moves Clause: Evasion moves are banned
|rule|Evasion Abilities Clause: Evasion abilities are banned
|rule|Sleep Moves Clause: Sleep-inducing moves are banned
|clearpoke
|poke|p1|Pecharunt|
|poke|p1|Gliscor, F|
|poke|p1|Corviknight, M|
|poke|p1|Darkrai|
|poke|p1|Ogerpon-Wellspring, F|
|poke|p1|Garganacl, M|
|poke|p2|Zamazenta-*|
|poke|p2|Gastrodon, M|
|poke|p2|Slowking-Galar, F|
|poke|p2|Cetitan, M|
|poke|p2|Dragapult, F|
|poke|p2|Hoopa-Unbound|
|teampreview
|
|t:|1779618769
|teamsize|p1|6
|teamsize|p2|6
|start
|switch|p1a: Ogerpon|Ogerpon-Wellspring, F|100/100
|switch|p2a: Gastrodon|Gastrodon, M|100/100
|turn|1
|
|t:|1779618777
|switch|p2a: Slowking|Slowking-Galar, F|100/100
|move|p1a: Ogerpon|Knock Off|p2a: Slowking
|-supereffective|p2a: Slowking
|-damage|p2a: Slowking|34/100
|-enditem|p2a: Slowking|Heavy-Duty Boots|[from] move: Knock Off|[of] p1a: Ogerpon
|
|upkeep
|turn|2
|
|t:|1779618787
|switch|p2a: Gastrodon|Gastrodon, M|100/100
|move|p1a: Ogerpon|Knock Off|p2a: Gastrodon
|-damage|p2a: Gastrodon|62/100
|-activate|p2a: Gastrodon|ability: Sticky Hold
|-enditem|p2a: Gastrodon|Red Card|[of] p1a: Ogerpon
|drag|p1a: Darkrai|Darkrai|100/100
|
|upkeep
|turn|3
|
|t:|1779618795
|move|p1a: Darkrai|Trick|p2a: Gastrodon
|-immune|p2a: Gastrodon
|move|p2a: Gastrodon|Stealth Rock|p1a: Darkrai
|-sidestart|p1: Surged up diva|move: Stealth Rock
|
|upkeep
|turn|4
|
|t:|1779618805
|switch|p1a: Corviknight|Corviknight, M|100/100
|-damage|p1a: Corviknight|88/100|[from] Stealth Rock
|-ability|p1a: Corviknight|Pressure
|switch|p2a: Hoopa|Hoopa-Unbound|100/100
|
|upkeep
|turn|5
|
|t:|1779618811
|move|p2a: Hoopa|Knock Off|p1a: Corviknight
|-damage|p1a: Corviknight|54/100
|-damage|p2a: Hoopa|84/100|[from] item: Rocky Helmet|[of] p1a: Corviknight
|-enditem|p1a: Corviknight|Rocky Helmet|[from] move: Knock Off|[of] p2a: Hoopa
|move|p1a: Corviknight|U-turn|p2a: Hoopa
|-supereffective|p2a: Hoopa
|-damage|p2a: Hoopa|23/100
|
|t:|1779618819
|switch|p1a: Ogerpon|Ogerpon-Wellspring, F|100/100|[from] U-turn
|-damage|p1a: Ogerpon|88/100|[from] Stealth Rock
|
|upkeep
|turn|6
|
|t:|1779618831
|switch|p2a: Dragapult|Dragapult, F|100/100
|move|p1a: Ogerpon|Ivy Cudgel|p2a: Dragapult|[anim] Ivy Cudgel Water
|-resisted|p2a: Dragapult
|-damage|p2a: Dragapult|63/100
|
|upkeep
|turn|7
|
|t:|1779618839
|switch|p1a: Garganacl|Garganacl, M|100/100
|-damage|p1a: Garganacl|88/100|[from] Stealth Rock
|move|p2a: Dragapult|Will-O-Wisp|p1a: Garganacl
|-immune|p1a: Garganacl|[from] ability: Purifying Salt
|
|-heal|p1a: Garganacl|94/100|[from] item: Leftovers
|upkeep
|turn|8
|
|t:|1779618844
|switch|p2a: Gastrodon|Gastrodon, M|62/100
|move|p1a: Garganacl|Stealth Rock|p2a: Gastrodon
|-sidestart|p2: aaagislash|move: Stealth Rock
|
|-heal|p1a: Garganacl|100/100|[from] item: Leftovers
|upkeep
|turn|9
|
|t:|1779618848
|move|p2a: Gastrodon|Spikes|p1a: Garganacl
|-sidestart|p1: Surged up diva|Spikes
|move|p1a: Garganacl|Salt Cure|p2a: Gastrodon
|-resisted|p2a: Gastrodon
|-damage|p2a: Gastrodon|55/100
|-start|p2a: Gastrodon|Salt Cure
|
|-damage|p2a: Gastrodon|31/100|[from] Salt Cure
|upkeep
|turn|10
|
|t:|1779618858
|switch|p2a: Slowking|Slowking-Galar, F|67/100
|-damage|p2a: Slowking|55/100|[from] Stealth Rock
|switch|p1a: Corviknight|Corviknight, M|54/100
|-damage|p1a: Corviknight|41/100|[from] Stealth Rock
|-ability|p1a: Corviknight|Pressure
|
|upkeep
|turn|11
|
|t:|1779618864
|move|p1a: Corviknight|Defog|p2a: Slowking
|-unboost|p2a: Slowking|evasion|1
|-sideend|p2: aaagislash|Stealth Rock|[from] move: Defog|[of] p1a: Corviknight
|-sideend|p1: Surged up diva|Spikes|[from] move: Defog|[of] p1a: Corviknight
|-sideend|p1: Surged up diva|Stealth Rock|[from] move: Defog|[of] p1a: Corviknight
|move|p2a: Slowking|Psychic Noise|p1a: Corviknight
|-resisted|p1a: Corviknight
|-damage|p1a: Corviknight|27/100
|-start|p1a: Corviknight|move: Heal Block
|
|upkeep
|turn|12
|
|t:|1779618867
|move|p1a: Corviknight|U-turn|p2a: Slowking
|-damage|p2a: Slowking|42/100
|
|t:|1779618876
|switch|p1a: Garganacl|Garganacl, M|100/100|[from] U-turn
|-prepare|p2a: Slowking|Chilly Reception|[premajor]
|move|p2a: Slowking|Chilly Reception|p2a: Slowking
|-weather|Snowscape
|
|t:|1779618880
|switch|p2a: Gastrodon|Gastrodon, M|31/100|[from] Chilly Reception
|
|-weather|Snowscape|[upkeep]
|upkeep
|turn|13
|
|t:|1779618885
|move|p2a: Gastrodon|Stealth Rock|p1a: Garganacl
|-sidestart|p1: Surged up diva|move: Stealth Rock
|move|p1a: Garganacl|Salt Cure|p2a: Gastrodon
|-resisted|p2a: Gastrodon
|-damage|p2a: Gastrodon|24/100
|-start|p2a: Gastrodon|Salt Cure
|
|-weather|Snowscape|[upkeep]
|-damage|p2a: Gastrodon|0 fnt|[from] Salt Cure
|faint|p2a: Gastrodon
|upkeep
|
|t:|1779618891
|switch|p2a: Hoopa|Hoopa-Unbound|23/100
|turn|14
|
|t:|1779618900
|move|p1a: Garganacl|Protect|p1a: Garganacl
|-singleturn|p1a: Garganacl|Protect
|move|p2a: Hoopa|Future Sight|p1a: Garganacl
|-start|p2a: Hoopa|move: Future Sight
|
|-weather|Snowscape|[upkeep]
|upkeep
|turn|15
|
|t:|1779618910
|move|p2a: Hoopa|Knock Off|p1a: Garganacl
|-damage|p1a: Garganacl|60/100
|-enditem|p1a: Garganacl|Leftovers|[from] move: Knock Off|[of] p2a: Hoopa
|move|p1a: Garganacl|Stealth Rock|p2a: Hoopa
|-sidestart|p2: aaagislash|move: Stealth Rock
|
|-weather|Snowscape|[upkeep]
|upkeep
|turn|16
|
|t:|1779618916
|move|p2a: Hoopa|Drain Punch|p1a: Garganacl
|-supereffective|p1a: Garganacl
|-damage|p1a: Garganacl|22/100
|-heal|p2a: Hoopa|47/100|[from] drain|[of] p1a: Garganacl
|move|p1a: Garganacl|Recover|p1a: Garganacl
|-heal|p1a: Garganacl|72/100
|
|-weather|none
|-end|p1a: Garganacl|move: Future Sight
|-damage|p1a: Garganacl|30/100
|upkeep
|turn|17
|
|t:|1779618938
|-terastallize|p1a: Garganacl|Fairy
|move|p2a: Hoopa|Drain Punch|p1a: Garganacl
|-resisted|p1a: Garganacl
|-damage|p1a: Garganacl|20/100
|-heal|p2a: Hoopa|53/100|[from] drain|[of] p1a: Garganacl
|move|p1a: Garganacl|Recover|p1a: Garganacl
|-heal|p1a: Garganacl|70/100
|
|upkeep
|turn|18
|
|t:|1779618945
|switch|p2a: Slowking|Slowking-Galar, F|75/100
|-damage|p2a: Slowking|63/100|[from] Stealth Rock
|move|p1a: Garganacl|Salt Cure|p2a: Slowking
|-damage|p2a: Slowking|50/100
|-start|p2a: Slowking|Salt Cure
|
|-damage|p2a: Slowking|37/100|[from] Salt Cure
|upkeep
|turn|19
|
|t:|1779618957
|move|p1a: Garganacl|Recover|p1a: Garganacl
|-heal|p1a: Garganacl|100/100
|move|p2a: Slowking|Future Sight|p1a: Garganacl
|-start|p2a: Slowking|move: Future Sight
|
|-damage|p2a: Slowking|25/100|[from] Salt Cure
|upkeep
|turn|20
|
|t:|1779618964
|move|p1a: Garganacl|Salt Cure|p2a: Slowking
|-damage|p2a: Slowking|12/100
|-prepare|p2a: Slowking|Chilly Reception|[premajor]
|move|p2a: Slowking|Chilly Reception|p2a: Slowking
|-weather|Snowscape
|
|t:|1779618968
|switch|p2a: Zamazenta|Zamazenta|100/100|[from] Chilly Reception
|-damage|p2a: Zamazenta|94/100|[from] Stealth Rock
|-ability|p2a: Zamazenta|Dauntless Shield|boost
|-boost|p2a: Zamazenta|def|1
|
|-weather|Snowscape|[upkeep]
|-heal|p2a: Zamazenta|100/100|[from] item: Leftovers
|upkeep
|turn|21
|
|t:|1779618977
|move|p2a: Zamazenta|Substitute|p2a: Zamazenta
|-start|p2a: Zamazenta|Substitute
|-damage|p2a: Zamazenta|75/100
|move|p1a: Garganacl|Salt Cure|p2a: Zamazenta
|-resisted|p2a: Zamazenta
|-activate|p2a: Zamazenta|move: Substitute|[damage]
|
|-weather|Snowscape|[upkeep]
|-end|p1a: Garganacl|move: Future Sight
|-damage|p1a: Garganacl|71/100
|-heal|p2a: Zamazenta|82/100|[from] item: Leftovers
|upkeep
|turn|22
|
|t:|1779618981
|switch|p1a: Pecharunt|Pecharunt|100/100
|move|p2a: Zamazenta|Iron Defense|p2a: Zamazenta
|-boost|p2a: Zamazenta|def|2
|
|-weather|Snowscape|[upkeep]
|-heal|p2a: Zamazenta|88/100|[from] item: Leftovers
|upkeep
|turn|23
|
|t:|1779618992
|move|p1a: Pecharunt|Malignant Chain|p2a: Zamazenta
|-end|p2a: Zamazenta|Substitute
|move|p2a: Zamazenta|Roar|p1a: Pecharunt
|drag|p1a: Gliscor|Gliscor, F|100/100
|-damage|p1a: Gliscor|88/100|[from] Stealth Rock
|
|-weather|Snowscape|[upkeep]
|-heal|p2a: Zamazenta|94/100|[from] item: Leftovers
|-status|p1a: Gliscor|tox|[from] item: Toxic Orb
|upkeep
|turn|24
|
|t:|1779619004
|switch|p1a: Pecharunt|Pecharunt|100/100
|move|p2a: Zamazenta|Substitute|p2a: Zamazenta
|-start|p2a: Zamazenta|Substitute
|-damage|p2a: Zamazenta|69/100
|
|-weather|none
|-heal|p2a: Zamazenta|75/100|[from] item: Leftovers
|upkeep
|turn|25
|
|t:|1779619011
|-terastallize|p2a: Zamazenta|Steel
|move|p2a: Zamazenta|Iron Defense|p2a: Zamazenta
|-boost|p2a: Zamazenta|def|2
|move|p1a: Pecharunt|Malignant Chain|p2a: Zamazenta
|-immune|p2a: Zamazenta
|
|-heal|p2a: Zamazenta|81/100|[from] item: Leftovers
|upkeep
|turn|26
|
|t:|1779619017
|move|p1a: Pecharunt|Foul Play|p2a: Zamazenta
|-activate|p2a: Zamazenta|move: Substitute|[damage]
|move|p2a: Zamazenta|Roar|p1a: Pecharunt
|drag|p1a: Darkrai|Darkrai|100/100
|-damage|p1a: Darkrai|88/100|[from] Stealth Rock
|
|-heal|p2a: Zamazenta|88/100|[from] item: Leftovers
|upkeep
|turn|27
|
|t:|1779619033
|switch|p1a: Pecharunt|Pecharunt|100/100
|move|p2a: Zamazenta|Body Press|p1a: Pecharunt
|-immune|p1a: Pecharunt
|
|-heal|p2a: Zamazenta|94/100|[from] item: Leftovers
|upkeep
|turn|28
|
|t:|1779619043
|move|p2a: Zamazenta|Iron Defense|p2a: Zamazenta
|-boost|p2a: Zamazenta|def|1
|move|p1a: Pecharunt|Foul Play|p2a: Zamazenta
|-activate|p2a: Zamazenta|move: Substitute|[damage]
|
|-heal|p2a: Zamazenta|99/100|[from] item: Leftovers
|upkeep
|turn|29
|
|t:|1779619052
|move|p1a: Pecharunt|Foul Play|p2a: Zamazenta
|-activate|p2a: Zamazenta|move: Substitute|[damage]
|move|p2a: Zamazenta|Roar|p1a: Pecharunt
|drag|p1a: Gliscor|Gliscor, F|88/100 tox
|-damage|p1a: Gliscor|75/100 tox|[from] Stealth Rock
|
|-heal|p2a: Zamazenta|100/100|[from] item: Leftovers
|-heal|p1a: Gliscor|88/100 tox|[from] ability: Poison Heal
|upkeep
|turn|30
|
|t:|1779619061
|move|p1a: Gliscor|Protect|p1a: Gliscor
|-singleturn|p1a: Gliscor|Protect
|move|p2a: Zamazenta|Roar|p1a: Gliscor
|drag|p1a: Corviknight|Corviknight, M|27/100
|-damage|p1a: Corviknight|15/100|[from] Stealth Rock
|-ability|p1a: Corviknight|Pressure
|
|upkeep
|turn|31
|
|t:|1779619073
|switch|p1a: Pecharunt|Pecharunt|100/100
|move|p2a: Zamazenta|Body Press|p1a: Pecharunt
|-immune|p1a: Pecharunt
|
|upkeep
|turn|32
|
|t:|1779619086
|move|p1a: Pecharunt|Foul Play|p2a: Zamazenta
|-activate|p2a: Zamazenta|move: Substitute|[damage]
|move|p2a: Zamazenta|Roar|p1a: Pecharunt
|drag|p1a: Gliscor|Gliscor, F|88/100 tox
|-damage|p1a: Gliscor|75/100 tox|[from] Stealth Rock
|
|-heal|p1a: Gliscor|88/100 tox|[from] ability: Poison Heal
|upkeep
|turn|33
|
|t:|1779619096
|move|p1a: Gliscor|Spikes|p2a: Zamazenta
|-sidestart|p2: aaagislash|Spikes
|move|p2a: Zamazenta|Roar|p1a: Gliscor
|drag|p1a: Ogerpon|Ogerpon-Wellspring, F|88/100
|-damage|p1a: Ogerpon|76/100|[from] Stealth Rock
|
|upkeep
|turn|34
|j| Concept Everything
|
|t:|1779619105
|move|p1a: Ogerpon|Encore|p2a: Zamazenta
|-start|p2a: Zamazenta|Encore
|move|p2a: Zamazenta|Roar|p1a: Ogerpon
|drag|p1a: Pecharunt|Pecharunt|100/100
|
|upkeep
|turn|35
|
|t:|1779619111
|move|p1a: Pecharunt|Foul Play|p2a: Zamazenta
|-activate|p2a: Zamazenta|move: Substitute|[damage]
|move|p2a: Zamazenta|Roar|p1a: Pecharunt
|drag|p1a: Darkrai|Darkrai|88/100
|-damage|p1a: Darkrai|76/100|[from] Stealth Rock
|
|upkeep
|turn|36
|
|t:|1779619120
|move|p1a: Darkrai|Trick||[still]
|-fail|p1a: Darkrai
|move|p2a: Zamazenta|Roar|p1a: Darkrai
|drag|p1a: Gliscor|Gliscor, F|88/100 tox
|-damage|p1a: Gliscor|75/100 tox|[from] Stealth Rock
|
|-heal|p1a: Gliscor|88/100 tox|[from] ability: Poison Heal
|-end|p2a: Zamazenta|Encore
|upkeep
|turn|37
|
|t:|1779619126
|move|p1a: Gliscor|Protect|p1a: Gliscor
|-singleturn|p1a: Gliscor|Protect
|move|p2a: Zamazenta|Body Press|p1a: Gliscor
|-activate|p1a: Gliscor|move: Protect
|
|-heal|p1a: Gliscor|100/100 tox|[from] ability: Poison Heal
|upkeep
|turn|38
|
|t:|1779619134
|switch|p1a: Pecharunt|Pecharunt|100/100
|move|p2a: Zamazenta|Body Press|p1a: Pecharunt
|-immune|p1a: Pecharunt
|
|upkeep
|turn|39
|
|t:|1779619142
|move|p2a: Zamazenta|Body Press|p1a: Pecharunt
|-immune|p1a: Pecharunt
|move|p1a: Pecharunt|Foul Play|p2a: Zamazenta
|-end|p2a: Zamazenta|Substitute
|
|upkeep
|turn|40
|
|t:|1779619152
|move|p2a: Zamazenta|Body Press|p1a: Pecharunt
|-immune|p1a: Pecharunt
|move|p1a: Pecharunt|Parting Shot|p2a: Zamazenta
|-unboost|p2a: Zamazenta|atk|1
|-unboost|p2a: Zamazenta|spa|1
|
|t:|1779619160
|switch|p1a: Gliscor|Gliscor, F|100/100 tox|[from] Parting Shot
|-damage|p1a: Gliscor|88/100 tox|[from] Stealth Rock
|
|-heal|p1a: Gliscor|100/100 tox|[from] ability: Poison Heal
|upkeep
|turn|41
|
|t:|1779619167
|switch|p1a: Pecharunt|Pecharunt|100/100
|move|p2a: Zamazenta|Substitute|p2a: Zamazenta
|-start|p2a: Zamazenta|Substitute
|-damage|p2a: Zamazenta|75/100
|
|-heal|p2a: Zamazenta|82/100|[from] item: Leftovers
|upkeep
|turn|42
|
|t:|1779619174
|move|p1a: Pecharunt|Foul Play|p2a: Zamazenta
|-activate|p2a: Zamazenta|move: Substitute|[damage]
|move|p2a: Zamazenta|Roar|p1a: Pecharunt
|drag|p1a: Garganacl|Garganacl, M, tera:Fairy|71/100
|-damage|p1a: Garganacl|59/100|[from] Stealth Rock
|
|-heal|p2a: Zamazenta|88/100|[from] item: Leftovers
|upkeep
|turn|43
|
|t:|1779619186
|move|p2a: Zamazenta|Body Press|p1a: Garganacl
|-resisted|p1a: Garganacl
|-damage|p1a: Garganacl|20/100
|move|p1a: Garganacl|Recover|p1a: Garganacl
|-heal|p1a: Garganacl|70/100
|
|-heal|p2a: Zamazenta|94/100|[from] item: Leftovers
|upkeep
|turn|44
|
|t:|1779619195
|move|p2a: Zamazenta|Body Press|p1a: Garganacl
|-resisted|p1a: Garganacl
|-crit|p1a: Garganacl
|-damage|p1a: Garganacl|9/100
|move|p1a: Garganacl|Recover|p1a: Garganacl
|-heal|p1a: Garganacl|59/100
|
|-heal|p2a: Zamazenta|99/100|[from] item: Leftovers
|upkeep
|turn|45
|
|t:|1779619202
|move|p1a: Garganacl|Recover|p1a: Garganacl
|-heal|p1a: Garganacl|100/100
|move|p2a: Zamazenta|Roar|p1a: Garganacl
|drag|p1a: Corviknight|Corviknight, M|15/100
|-damage|p1a: Corviknight|3/100|[from] Stealth Rock
|-ability|p1a: Corviknight|Pressure
|
|-heal|p2a: Zamazenta|100/100|[from] item: Leftovers
|upkeep
|turn|46
|
|t:|1779619211
|move|p2a: Zamazenta|Body Press|p1a: Corviknight
|-damage|p1a: Corviknight|0 fnt
|faint|p1a: Corviknight
|
|upkeep
|
|t:|1779619222
|switch|p1a: Gliscor|Gliscor, F|100/100 tox
|-damage|p1a: Gliscor|88/100 tox|[from] Stealth Rock
|turn|47
|
|t:|1779619226
|move|p1a: Gliscor|Protect|p1a: Gliscor
|-singleturn|p1a: Gliscor|Protect
|move|p2a: Zamazenta|Roar|p1a: Gliscor
|drag|p1a: Garganacl|Garganacl, M, tera:Fairy|100/100
|-damage|p1a: Garganacl|88/100|[from] Stealth Rock
|
|upkeep
|turn|48
|
|t:|1779619233
|switch|p1a: Pecharunt|Pecharunt|100/100
|move|p2a: Zamazenta|Roar|p1a: Pecharunt
|drag|p1a: Ogerpon|Ogerpon-Wellspring, F|76/100
|-damage|p1a: Ogerpon|64/100|[from] Stealth Rock
|
|upkeep
|turn|49
|
|t:|1779619243
|move|p1a: Ogerpon|Encore|p2a: Zamazenta
|-start|p2a: Zamazenta|Encore
|move|p2a: Zamazenta|Roar|p1a: Ogerpon
|drag|p1a: Gliscor|Gliscor, F|88/100 tox
|-damage|p1a: Gliscor|75/100 tox|[from] Stealth Rock
|
|-heal|p1a: Gliscor|88/100 tox|[from] ability: Poison Heal
|upkeep
|turn|50
|
|t:|1779619250
|move|p1a: Gliscor|Spikes|p2a: Zamazenta
|-sidestart|p2: aaagislash|Spikes
|move|p2a: Zamazenta|Roar|p1a: Gliscor
|drag|p1a: Garganacl|Garganacl, M, tera:Fairy|88/100
|-damage|p1a: Garganacl|76/100|[from] Stealth Rock
|
|upkeep
|turn|51
|
|t:|1779619257
|move|p1a: Garganacl|Salt Cure|p2a: Zamazenta
|-resisted|p2a: Zamazenta
|-activate|p2a: Zamazenta|move: Substitute|[damage]
|move|p2a: Zamazenta|Roar|p1a: Garganacl
|drag|p1a: Darkrai|Darkrai|76/100
|-damage|p1a: Darkrai|63/100|[from] Stealth Rock
|
|-end|p2a: Zamazenta|Encore
|upkeep
|turn|52
|
|t:|1779619267
|switch|p1a: Pecharunt|Pecharunt|100/100
|move|p2a: Zamazenta|Roar|p1a: Pecharunt
|drag|p1a: Garganacl|Garganacl, M, tera:Fairy|76/100
|-damage|p1a: Garganacl|63/100|[from] Stealth Rock
|
|upkeep
|turn|53
|
|t:|1779619274
|move|p1a: Garganacl|Protect|p1a: Garganacl
|-singleturn|p1a: Garganacl|Protect
|move|p2a: Zamazenta|Body Press|p1a: Garganacl
|-activate|p1a: Garganacl|move: Protect
|
|upkeep
|turn|54
|
|t:|1779619279
|switch|p1a: Pecharunt|Pecharunt|100/100
|move|p2a: Zamazenta|Roar|p1a: Pecharunt
|drag|p1a: Darkrai|Darkrai|63/100
|-damage|p1a: Darkrai|51/100|[from] Stealth Rock
|
|upkeep
|turn|55
|
|t:|1779619287
|switch|p1a: Pecharunt|Pecharunt|100/100
|move|p2a: Zamazenta|Roar|p1a: Pecharunt
|drag|p1a: Darkrai|Darkrai|51/100
|-damage|p1a: Darkrai|38/100|[from] Stealth Rock
|
|upkeep
|turn|56
|
|t:|1779619296
|switch|p1a: Pecharunt|Pecharunt|100/100
|move|p2a: Zamazenta|Body Press|p1a: Pecharunt
|-immune|p1a: Pecharunt
|
|upkeep
|turn|57
|
|t:|1779619305
|move|p1a: Pecharunt|Foul Play|p2a: Zamazenta
|-activate|p2a: Zamazenta|move: Substitute|[damage]
|move|p2a: Zamazenta|Roar|p1a: Pecharunt
|drag|p1a: Gliscor|Gliscor, F|88/100 tox
|-damage|p1a: Gliscor|75/100 tox|[from] Stealth Rock
|
|-heal|p1a: Gliscor|88/100 tox|[from] ability: Poison Heal
|upkeep
|turn|58
|
|t:|1779619314
|move|p1a: Gliscor|Earthquake|p2a: Zamazenta
|-supereffective|p2a: Zamazenta
|-activate|p2a: Zamazenta|move: Substitute|[damage]
|move|p2a: Zamazenta|Roar|p1a: Gliscor
|drag|p1a: Darkrai|Darkrai|38/100
|-damage|p1a: Darkrai|26/100|[from] Stealth Rock
|
|upkeep
|turn|59
|
|t:|1779619329
|switch|p1a: Gliscor|Gliscor, F|88/100 tox
|-damage|p1a: Gliscor|75/100 tox|[from] Stealth Rock
|move|p2a: Zamazenta|Roar|p1a: Gliscor
|drag|p1a: Garganacl|Garganacl, M, tera:Fairy|63/100
|-damage|p1a: Garganacl|51/100|[from] Stealth Rock
|
|upkeep
|turn|60
|
|t:|1779619338
|move|p2a: Zamazenta|Body Press|p1a: Garganacl
|-resisted|p1a: Garganacl
|-damage|p1a: Garganacl|12/100
|move|p1a: Garganacl|Recover|p1a: Garganacl
|-heal|p1a: Garganacl|62/100
|
|upkeep
|turn|61
|
|t:|1779619344
|move|p1a: Garganacl|Protect|p1a: Garganacl
|-singleturn|p1a: Garganacl|Protect
|move|p2a: Zamazenta|Roar|p1a: Garganacl
|drag|p1a: Ogerpon|Ogerpon-Wellspring, F|64/100
|-damage|p1a: Ogerpon|51/100|[from] Stealth Rock
|
|upkeep
|turn|62
|
|t:|1779619354
|switch|p1a: Pecharunt|Pecharunt|100/100
|move|p2a: Zamazenta|Roar|p1a: Pecharunt
|drag|p1a: Ogerpon|Ogerpon-Wellspring, F|51/100
|-damage|p1a: Ogerpon|39/100|[from] Stealth Rock
|
|upkeep
|turn|63
|
|t:|1779619364
|switch|p1a: Pecharunt|Pecharunt|100/100
|move|p2a: Zamazenta|Body Press|p1a: Pecharunt
|-immune|p1a: Pecharunt
|
|upkeep
|turn|64
|
|t:|1779619371
|move|p1a: Pecharunt|Foul Play|p2a: Zamazenta
|-activate|p2a: Zamazenta|move: Substitute|[damage]
|move|p2a: Zamazenta|Roar|p1a: Pecharunt
|drag|p1a: Garganacl|Garganacl, M, tera:Fairy|62/100
|-damage|p1a: Garganacl|49/100|[from] Stealth Rock
|
|upkeep
|turn|65
|
|t:|1779619379
|move|p1a: Garganacl|Protect|p1a: Garganacl
|-singleturn|p1a: Garganacl|Protect
|move|p2a: Zamazenta|Body Press|p1a: Garganacl
|-activate|p1a: Garganacl|move: Protect
|
|upkeep
|turn|66
|
|t:|1779619385
|switch|p1a: Pecharunt|Pecharunt|100/100
|move|p2a: Zamazenta|Body Press|p1a: Pecharunt
|-immune|p1a: Pecharunt
|
|upkeep
|turn|67
|
|t:|1779619395
|move|p1a: Pecharunt|Foul Play|p2a: Zamazenta
|-end|p2a: Zamazenta|Substitute
|move|p2a: Zamazenta|Roar|p1a: Pecharunt
|drag|p1a: Garganacl|Garganacl, M, tera:Fairy|49/100
|-damage|p1a: Garganacl|37/100|[from] Stealth Rock
|
|upkeep
|turn|68
|
|t:|1779619406
|move|p1a: Garganacl|Recover|p1a: Garganacl
|-heal|p1a: Garganacl|87/100
|move|p2a: Zamazenta|Roar|p1a: Garganacl
|drag|p1a: Gliscor|Gliscor, F|75/100 tox
|-damage|p1a: Gliscor|63/100 tox|[from] Stealth Rock
|
|-heal|p1a: Gliscor|75/100 tox|[from] ability: Poison Heal
|upkeep
|turn|69
|
|t:|1779619419
|move|p2a: Zamazenta|Substitute|p2a: Zamazenta
|-start|p2a: Zamazenta|Substitute
|-damage|p2a: Zamazenta|75/100
|move|p1a: Gliscor|Earthquake|p2a: Zamazenta
|-supereffective|p2a: Zamazenta
|-activate|p2a: Zamazenta|move: Substitute|[damage]
|
|-heal|p2a: Zamazenta|82/100|[from] item: Leftovers
|-heal|p1a: Gliscor|88/100 tox|[from] ability: Poison Heal
|upkeep
|turn|70
|
|t:|1779619426
|move|p1a: Gliscor|Earthquake|p2a: Zamazenta
|-supereffective|p2a: Zamazenta
|-end|p2a: Zamazenta|Substitute
|move|p2a: Zamazenta|Roar|p1a: Gliscor
|drag|p1a: Garganacl|Garganacl, M, tera:Fairy|87/100
|-damage|p1a: Garganacl|75/100|[from] Stealth Rock
|
|-heal|p2a: Zamazenta|88/100|[from] item: Leftovers
|upkeep
|turn|71
|
|t:|1779619433
|move|p2a: Zamazenta|Substitute|p2a: Zamazenta
|-start|p2a: Zamazenta|Substitute
|-damage|p2a: Zamazenta|63/100
|move|p1a: Garganacl|Salt Cure|p2a: Zamazenta
|-resisted|p2a: Zamazenta
|-activate|p2a: Zamazenta|move: Substitute|[damage]
|
|-heal|p2a: Zamazenta|69/100|[from] item: Leftovers
|upkeep
|turn|72
|
|t:|1779619440
|move|p2a: Zamazenta|Iron Defense|p2a: Zamazenta
|-boost|p2a: Zamazenta|def|0
|move|p1a: Garganacl|Salt Cure|p2a: Zamazenta
|-resisted|p2a: Zamazenta
|-activate|p2a: Zamazenta|move: Substitute|[damage]
|
|-heal|p2a: Zamazenta|75/100|[from] item: Leftovers
|upkeep
|turn|73
|
|t:|1779619448
|switch|p1a: Gliscor|Gliscor, F|88/100 tox
|-damage|p1a: Gliscor|75/100 tox|[from] Stealth Rock
|move|p2a: Zamazenta|Iron Defense|p2a: Zamazenta
|-boost|p2a: Zamazenta|def|0
|
|-heal|p2a: Zamazenta|81/100|[from] item: Leftovers
|-heal|p1a: Gliscor|88/100 tox|[from] ability: Poison Heal
|upkeep
|turn|74
|
|t:|1779619454
|move|p1a: Gliscor|Earthquake|p2a: Zamazenta
|-supereffective|p2a: Zamazenta
|-activate|p2a: Zamazenta|move: Substitute|[damage]
|move|p2a: Zamazenta|Roar|p1a: Gliscor
|drag|p1a: Garganacl|Garganacl, M, tera:Fairy|75/100
|-damage|p1a: Garganacl|62/100|[from] Stealth Rock
|
|-heal|p2a: Zamazenta|88/100|[from] item: Leftovers
|upkeep
|turn|75
|
|t:|1779619462
|move|p1a: Garganacl|Salt Cure|p2a: Zamazenta
|-resisted|p2a: Zamazenta
|-crit|p2a: Zamazenta
|-activate|p2a: Zamazenta|move: Substitute|[damage]
|move|p2a: Zamazenta|Roar|p1a: Garganacl
|drag|p1a: Darkrai|Darkrai|26/100
|-damage|p1a: Darkrai|13/100|[from] Stealth Rock
|
|-heal|p2a: Zamazenta|94/100|[from] item: Leftovers
|upkeep
|turn|76
|j| clear nights
|
|t:|1779619470
|move|p1a: Darkrai|Dark Pulse|p2a: Zamazenta
|-end|p2a: Zamazenta|Substitute
|move|p2a: Zamazenta|Roar|p1a: Darkrai
|drag|p1a: Garganacl|Garganacl, M, tera:Fairy|62/100
|-damage|p1a: Garganacl|50/100|[from] Stealth Rock
|
|-heal|p2a: Zamazenta|99/100|[from] item: Leftovers
|upkeep
|turn|77
|l| clear nights
|
|t:|1779619482
|move|p2a: Zamazenta|Substitute|p2a: Zamazenta
|-start|p2a: Zamazenta|Substitute
|-damage|p2a: Zamazenta|75/100
|move|p1a: Garganacl|Salt Cure|p2a: Zamazenta
|-resisted|p2a: Zamazenta
|-activate|p2a: Zamazenta|move: Substitute|[damage]
|
|-heal|p2a: Zamazenta|81/100|[from] item: Leftovers
|upkeep
|turn|78
|
|t:|1779619487
|move|p2a: Zamazenta|Iron Defense|p2a: Zamazenta
|-boost|p2a: Zamazenta|def|0
|move|p1a: Garganacl|Salt Cure|p2a: Zamazenta
|-resisted|p2a: Zamazenta
|-activate|p2a: Zamazenta|move: Substitute|[damage]
|
|-heal|p2a: Zamazenta|87/100|[from] item: Leftovers
|upkeep
|turn|79
|
|t:|1779619489
|move|p2a: Zamazenta|Iron Defense|p2a: Zamazenta
|-boost|p2a: Zamazenta|def|0
|move|p1a: Garganacl|Salt Cure|p2a: Zamazenta
|-resisted|p2a: Zamazenta
|-activate|p2a: Zamazenta|move: Substitute|[damage]
|
|-heal|p2a: Zamazenta|94/100|[from] item: Leftovers
|upkeep
|turn|80
|
|t:|1779619495
|move|p2a: Zamazenta|Iron Defense|p2a: Zamazenta
|-boost|p2a: Zamazenta|def|0
|move|p1a: Garganacl|Stealth Rock||[still]
|-fail|p1a: Garganacl
|
|-heal|p2a: Zamazenta|99/100|[from] item: Leftovers
|upkeep
|turn|81
|
|t:|1779619498
|move|p2a: Zamazenta|Iron Defense|p2a: Zamazenta
|-boost|p2a: Zamazenta|def|0
|move|p1a: Garganacl|Stealth Rock||[still]
|-fail|p1a: Garganacl
|
|-heal|p2a: Zamazenta|100/100|[from] item: Leftovers
|upkeep
|turn|82
|
|t:|1779619502
|switch|p1a: Gliscor|Gliscor, F|88/100 tox
|-damage|p1a: Gliscor|75/100 tox|[from] Stealth Rock
|move|p2a: Zamazenta|Iron Defense|p2a: Zamazenta
|-boost|p2a: Zamazenta|def|0
|
|-heal|p1a: Gliscor|88/100 tox|[from] ability: Poison Heal
|upkeep
|turn|83
|
|t:|1779619511
|move|p2a: Zamazenta|Iron Defense|p2a: Zamazenta
|-boost|p2a: Zamazenta|def|0
|move|p1a: Gliscor|Earthquake|p2a: Zamazenta
|-supereffective|p2a: Zamazenta
|-activate|p2a: Zamazenta|move: Substitute|[damage]
|
|-heal|p1a: Gliscor|100/100 tox|[from] ability: Poison Heal
|upkeep
|turn|84
|
|t:|1779619516
|move|p2a: Zamazenta|Iron Defense|p2a: Zamazenta
|-boost|p2a: Zamazenta|def|0
|move|p1a: Gliscor|Earthquake|p2a: Zamazenta
|-supereffective|p2a: Zamazenta
|-end|p2a: Zamazenta|Substitute
|
|upkeep
|turn|85
|
|t:|1779619524
|move|p2a: Zamazenta|Substitute|p2a: Zamazenta
|-start|p2a: Zamazenta|Substitute
|-damage|p2a: Zamazenta|75/100
|move|p1a: Gliscor|Spikes|p2a: Zamazenta
|-sidestart|p2: aaagislash|Spikes
|
|-heal|p2a: Zamazenta|82/100|[from] item: Leftovers
|upkeep
|turn|86
|
|t:|1779619532
|move|p2a: Zamazenta|Iron Defense|p2a: Zamazenta
|-boost|p2a: Zamazenta|def|0
|move|p1a: Gliscor|Earthquake|p2a: Zamazenta
|-supereffective|p2a: Zamazenta
|-activate|p2a: Zamazenta|move: Substitute|[damage]
|
|-heal|p2a: Zamazenta|88/100|[from] item: Leftovers
|upkeep
|turn|87
|
|t:|1779619541
|move|p2a: Zamazenta|Iron Defense|p2a: Zamazenta
|-boost|p2a: Zamazenta|def|0
|move|p1a: Gliscor|Spikes||[still]
|-fail|p1a: Gliscor
|
|-heal|p2a: Zamazenta|94/100|[from] item: Leftovers
|upkeep
|turn|88
|
|t:|1779619544
|move|p2a: Zamazenta|Iron Defense|p2a: Zamazenta
|-boost|p2a: Zamazenta|def|0
|move|p1a: Gliscor|Spikes||[still]
|-fail|p1a: Gliscor
|
|-heal|p2a: Zamazenta|99/100|[from] item: Leftovers
|upkeep
|turn|89
|
|t:|1779619548
|move|p1a: Gliscor|Spikes||[still]
|-fail|p1a: Gliscor
|move|p2a: Zamazenta|Roar|p1a: Gliscor
|drag|p1a: Garganacl|Garganacl, M, tera:Fairy|50/100
|-damage|p1a: Garganacl|37/100|[from] Stealth Rock
|
|-heal|p2a: Zamazenta|100/100|[from] item: Leftovers
|upkeep
|turn|90
|
|t:|1779619565
|switch|p2a: Slowking|Slowking-Galar, F|45/100
|-damage|p2a: Slowking|33/100|[from] Stealth Rock
|-damage|p2a: Slowking|8/100|[from] Spikes
|switch|p1a: Darkrai|Darkrai|13/100
|-damage|p1a: Darkrai|1/100|[from] Stealth Rock
|
|upkeep
|turn|91
|
|t:|1779619574
|move|p1a: Darkrai|Dark Pulse|p2a: Slowking
|-supereffective|p2a: Slowking
|-damage|p2a: Slowking|0 fnt
|faint|p2a: Slowking
|
|upkeep
|
|t:|1779619575
|switch|p2a: Cetitan|Cetitan, M|100/100
|-damage|p2a: Cetitan|76/100|[from] Stealth Rock
|-damage|p2a: Cetitan|51/100|[from] Spikes
|turn|92
|
|t:|1779619582
|move|p2a: Cetitan|Ice Shard|p1a: Darkrai
|-damage|p1a: Darkrai|0 fnt
|faint|p1a: Darkrai
|
|upkeep
|
|t:|1779619589
|switch|p1a: Pecharunt|Pecharunt|100/100
|turn|93
|
|t:|1779619594
|switch|p2a: Zamazenta|Zamazenta, tera:Steel|100/100
|-damage|p2a: Zamazenta|94/100|[from] Stealth Rock
|-damage|p2a: Zamazenta|69/100|[from] Spikes
|move|p1a: Pecharunt|Malignant Chain|p2a: Zamazenta
|-immune|p2a: Zamazenta
|
|-heal|p2a: Zamazenta|75/100|[from] item: Leftovers
|upkeep
|turn|94
|
|t:|1779619611
|move|p2a: Zamazenta|Iron Defense|p2a: Zamazenta
|-boost|p2a: Zamazenta|def|2
|move|p1a: Pecharunt|Foul Play|p2a: Zamazenta
|-damage|p2a: Zamazenta|68/100
|
|-heal|p2a: Zamazenta|74/100|[from] item: Leftovers
|upkeep
|turn|95
|
|t:|1779619619
|move|p2a: Zamazenta|Iron Defense|p2a: Zamazenta
|-boost|p2a: Zamazenta|def|2
|move|p1a: Pecharunt|Parting Shot|p2a: Zamazenta
|-unboost|p2a: Zamazenta|atk|1
|-unboost|p2a: Zamazenta|spa|1
|
|t:|1779619627
|switch|p1a: Ogerpon|Ogerpon-Wellspring, F|39/100|[from] Parting Shot
|-damage|p1a: Ogerpon|27/100|[from] Stealth Rock
|
|-heal|p2a: Zamazenta|80/100|[from] item: Leftovers
|upkeep
|turn|96
|
|t:|1779619633
|move|p2a: Zamazenta|Substitute|p2a: Zamazenta
|-start|p2a: Zamazenta|Substitute
|-damage|p2a: Zamazenta|55/100
|move|p1a: Ogerpon|Encore|p2a: Zamazenta
|-start|p2a: Zamazenta|Encore
|
|-heal|p2a: Zamazenta|61/100|[from] item: Leftovers
|upkeep
|turn|97
|
|t:|1779619641
|move|p2a: Zamazenta|Substitute|p2a: Zamazenta
|-fail|p2a: Zamazenta|move: Substitute
|move|p1a: Ogerpon|Ivy Cudgel|p2a: Zamazenta|[anim] Ivy Cudgel Water
|-crit|p2a: Zamazenta
|-end|p2a: Zamazenta|Substitute
|
|-heal|p2a: Zamazenta|68/100|[from] item: Leftovers
|upkeep
|turn|98
|
|t:|1779619649
|move|p2a: Zamazenta|Substitute|p2a: Zamazenta
|-start|p2a: Zamazenta|Substitute
|-damage|p2a: Zamazenta|43/100
|move|p1a: Ogerpon|Ivy Cudgel|p2a: Zamazenta|[anim] Ivy Cudgel Water
|-activate|p2a: Zamazenta|move: Substitute|[damage]
|
|-heal|p2a: Zamazenta|49/100|[from] item: Leftovers
|upkeep
|turn|99
|
|t:|1779619652
|move|p2a: Zamazenta|Substitute|p2a: Zamazenta
|-fail|p2a: Zamazenta|move: Substitute
|move|p1a: Ogerpon|Ivy Cudgel|p2a: Zamazenta|[anim] Ivy Cudgel Water
|-end|p2a: Zamazenta|Substitute
|
|-heal|p2a: Zamazenta|55/100|[from] item: Leftovers
|-end|p2a: Zamazenta|Encore
|upkeep
|turn|100
|
|t:|1779619655
|move|p2a: Zamazenta|Substitute|p2a: Zamazenta
|-start|p2a: Zamazenta|Substitute
|-damage|p2a: Zamazenta|30/100
|move|p1a: Ogerpon|Ivy Cudgel|p2a: Zamazenta|[anim] Ivy Cudgel Water
|-activate|p2a: Zamazenta|move: Substitute|[damage]
|
|-heal|p2a: Zamazenta|36/100|[from] item: Leftovers
|upkeep
|turn|101
|
|t:|1779619657
|move|p2a: Zamazenta|Substitute|p2a: Zamazenta
|-fail|p2a: Zamazenta|move: Substitute
|move|p1a: Ogerpon|Ivy Cudgel|p2a: Zamazenta|[anim] Ivy Cudgel Water
|-end|p2a: Zamazenta|Substitute
|
|-heal|p2a: Zamazenta|42/100|[from] item: Leftovers
|upkeep
|turn|102
|
|t:|1779619662
|move|p2a: Zamazenta|Substitute|p2a: Zamazenta
|-start|p2a: Zamazenta|Substitute
|-damage|p2a: Zamazenta|17/100
|move|p1a: Ogerpon|Ivy Cudgel|p2a: Zamazenta|[anim] Ivy Cudgel Water
|-activate|p2a: Zamazenta|move: Substitute|[damage]
|
|-heal|p2a: Zamazenta|23/100|[from] item: Leftovers
|upkeep
|turn|103
|
|t:|1779619665
|move|p2a: Zamazenta|Iron Defense|p2a: Zamazenta
|-boost|p2a: Zamazenta|def|2
|move|p1a: Ogerpon|Ivy Cudgel|p2a: Zamazenta|[anim] Ivy Cudgel Water
|-end|p2a: Zamazenta|Substitute
|
|-heal|p2a: Zamazenta|30/100|[from] item: Leftovers
|upkeep
|turn|104
|
|t:|1779619668
|move|p2a: Zamazenta|Substitute|p2a: Zamazenta
|-start|p2a: Zamazenta|Substitute
|-damage|p2a: Zamazenta|5/100
|move|p1a: Ogerpon|Ivy Cudgel|p2a: Zamazenta|[anim] Ivy Cudgel Water
|-crit|p2a: Zamazenta
|-end|p2a: Zamazenta|Substitute
|
|-heal|p2a: Zamazenta|11/100|[from] item: Leftovers
|upkeep
|turn|105
|
|t:|1779619674
|move|p2a: Zamazenta|Substitute|p2a: Zamazenta
|-fail|p2a: Zamazenta|move: Substitute|[weak]
|move|p1a: Ogerpon|Knock Off|p2a: Zamazenta
|-damage|p2a: Zamazenta|3/100
|-enditem|p2a: Zamazenta|Leftovers|[from] move: Knock Off|[of] p1a: Ogerpon
|
|upkeep
|turn|106
|
|t:|1779619687
|move|p2a: Zamazenta|Iron Defense|p2a: Zamazenta
|-boost|p2a: Zamazenta|def|0
|move|p1a: Ogerpon|Knock Off|p2a: Zamazenta
|-damage|p2a: Zamazenta|0 fnt
|faint|p2a: Zamazenta
|
|upkeep
|
|t:|1779619700
|switch|p2a: Dragapult|Dragapult, F|63/100
|-damage|p2a: Dragapult|51/100|[from] Stealth Rock
|-damage|p2a: Dragapult|26/100|[from] Spikes
|turn|107
|
|t:|1779619707
|switch|p1a: Garganacl|Garganacl, M, tera:Fairy|37/100
|-damage|p1a: Garganacl|25/100|[from] Stealth Rock
|move|p2a: Dragapult|Shadow Ball|p1a: Garganacl
|-damage|p1a: Garganacl|13/100
|
|upkeep
|turn|108
|
|t:|1779619718
|move|p2a: Dragapult|Shadow Ball|p1a: Garganacl
|-damage|p1a: Garganacl|0 fnt
|faint|p1a: Garganacl
|
|upkeep
|
|t:|1779619723
|switch|p1a: Gliscor|Gliscor, F|100/100 tox
|-damage|p1a: Gliscor|88/100 tox|[from] Stealth Rock
|turn|109
|
|t:|1779619732
|move|p2a: Dragapult|Shadow Ball|p1a: Gliscor
|-damage|p1a: Gliscor|59/100 tox
|move|p1a: Gliscor|Earthquake|p2a: Dragapult
|-damage|p2a: Dragapult|0 fnt
|faint|p2a: Dragapult
|
|-heal|p1a: Gliscor|72/100 tox|[from] ability: Poison Heal
|upkeep
|
|t:|1779619734
|switch|p2a: Cetitan|Cetitan, M|51/100
|-damage|p2a: Cetitan|26/100|[from] Stealth Rock
|-damage|p2a: Cetitan|1/100|[from] Spikes
|turn|110
|
|t:|1779619756
|switch|p1a: Pecharunt|Pecharunt|100/100
|move|p2a: Cetitan|Knock Off|p1a: Pecharunt
|-supereffective|p1a: Pecharunt
|-damage|p1a: Pecharunt|57/100
|-enditem|p1a: Pecharunt|Heavy-Duty Boots|[from] move: Knock Off|[of] p2a: Cetitan
|
|upkeep
|turn|111
|
|t:|1779619761
|move|p2a: Cetitan|Knock Off|p1a: Pecharunt
|-supereffective|p1a: Pecharunt
|-damage|p1a: Pecharunt|25/100
|move|p1a: Pecharunt|Recover|p1a: Pecharunt
|-heal|p1a: Pecharunt|75/100
|
|upkeep
|turn|112
|-message|aaagislash forfeited.
|
|win|Surged up diva
|raw|Surged up diva's rating: 1643 &rarr; <strong>1660</strong><br />(+17 for winning)
|raw|aaagislash's rating: 1596 &rarr; <strong>1579</strong><br />(-17 for losing)
|l|‽aaagislash
|player|p2|
|l|☆Surged up diva
|player|p1|
