|j|☆Docter_Peng99
|j|☆Duluc
|t:|1779558284
|gametype|singles
|player|p1|Docter_Peng99|corbeau|1147
|player|p2|Duluc|veteran|1116
|gen|9
|tier|[Gen 9] OU
|rated|
|rule|HP Percentage Mod: HP is shown in percentages
|rule|Endless Battle Clause: Forcing endless battles is banned
|rule|Species Clause: Limit one of each Pokémon
|rule|OHKO Clause: OHKO moves are banned
|rule|Evasion Items Clause: Evasion items are banned
|rule|Evasion Moves Clause: Evasion moves are banned
|rule|Evasion Abilities Clause: Evasion abilities are banned
|rule|Sleep Moves Clause: Sleep-inducing moves are banned
|clearpoke
|poke|p1|Ting-Lu|
|poke|p1|Great Tusk|
|poke|p1|Tornadus-Therian, M|
|poke|p1|Ogerpon-Wellspring, F|
|poke|p1|Gholdengo|
|poke|p1|Kingambit, M|
|poke|p2|Tyranitar, M|
|poke|p2|Kingambit, M|
|poke|p2|Ceruledge, M|
|poke|p2|Primarina, F|
|poke|p2|Gliscor, M|
|poke|p2|Raging Bolt|
|teampreview
|
|t:|1779558286
|teamsize|p1|6
|teamsize|p2|6
|start
|switch|p1a: Ruinous Bowl|Ting-Lu|100/100
|switch|p2a: Gliscor|Gliscor, M, shiny|100/100
|-ability|p1a: Ruinous Bowl|Vessel of Ruin
|turn|1
|
|t:|1779558302
|move|p2a: Gliscor|U-turn|p1a: Ruinous Bowl
|-supereffective|p1a: Ruinous Bowl
|-damage|p1a: Ruinous Bowl|78/100
|
|t:|1779558336
|switch|p2a: Primarina|Primarina, F, shiny|100/100|[from] U-turn
|move|p1a: Ruinous Bowl|Spikes|p2a: Primarina
|-sidestart|p2: Duluc|Spikes
|
|-heal|p1a: Ruinous Bowl|84/100|[from] item: Leftovers
|upkeep
|turn|2
|
|t:|1779558341
|move|p2a: Primarina|Calm Mind|p2a: Primarina
|-boost|p2a: Primarina|spa|1
|-boost|p2a: Primarina|spd|1
|move|p1a: Ruinous Bowl|Spikes|p2a: Primarina
|-sidestart|p2: Duluc|Spikes
|
|-heal|p1a: Ruinous Bowl|90/100|[from] item: Leftovers
|upkeep
|turn|3
|
|t:|1779558343
|move|p2a: Primarina|Draining Kiss|p1a: Ruinous Bowl
|-supereffective|p1a: Ruinous Bowl
|-damage|p1a: Ruinous Bowl|57/100
|move|p1a: Ruinous Bowl|Spikes|p2a: Primarina
|-sidestart|p2: Duluc|Spikes
|
|-heal|p1a: Ruinous Bowl|63/100|[from] item: Leftovers
|upkeep
|turn|4
|
|t:|1779558346
|move|p2a: Primarina|Calm Mind|p2a: Primarina
|-boost|p2a: Primarina|spa|1
|-boost|p2a: Primarina|spd|1
|move|p1a: Ruinous Bowl|Whirlwind|p2a: Primarina
|drag|p2a: Raging Bolt|Raging Bolt|100/100
|-damage|p2a: Raging Bolt|76/100|[from] Spikes
|-enditem|p2a: Raging Bolt|Booster Energy
|-activate|p2a: Raging Bolt|ability: Protosynthesis|[fromitem]
|-start|p2a: Raging Bolt|protosynthesisspa
|
|-heal|p1a: Ruinous Bowl|69/100|[from] item: Leftovers
|upkeep
|turn|5
|
|t:|1779558353
|-end|p2a: Raging Bolt|Protosynthesis|[silent]
|switch|p2a: Primarina|Primarina, F, shiny|100/100
|-damage|p2a: Primarina|75/100|[from] Spikes
|move|p1a: Ruinous Bowl|Earthquake|p2a: Primarina
|-damage|p2a: Primarina|28/100
|
|-heal|p1a: Ruinous Bowl|75/100|[from] item: Leftovers
|upkeep
|turn|6
|
|t:|1779558356
|move|p2a: Primarina|Draining Kiss|p1a: Ruinous Bowl
|-supereffective|p1a: Ruinous Bowl
|-damage|p1a: Ruinous Bowl|51/100
|-heal|p2a: Primarina|54/100|[from] drain|[of] p1a: Ruinous Bowl
|move|p1a: Ruinous Bowl|Earthquake|p2a: Primarina
|-damage|p2a: Primarina|12/100
|
|-heal|p1a: Ruinous Bowl|57/100|[from] item: Leftovers
|upkeep
|turn|7
|
|t:|1779558359
|move|p2a: Primarina|Draining Kiss|p1a: Ruinous Bowl
|-supereffective|p1a: Ruinous Bowl
|-damage|p1a: Ruinous Bowl|34/100
|-heal|p2a: Primarina|37/100|[from] drain|[of] p1a: Ruinous Bowl
|move|p1a: Ruinous Bowl|Whirlwind|p2a: Primarina
|drag|p2a: Kingambit|Kingambit, M, shiny|100/100
|-damage|p2a: Kingambit|75/100|[from] Spikes
|
|-heal|p2a: Kingambit|82/100|[from] item: Leftovers
|-heal|p1a: Ruinous Bowl|40/100|[from] item: Leftovers
|upkeep
|turn|8
|
|t:|1779558368
|-end|p2a: Kingambit|fallenundefined|[silent]
|switch|p2a: Gliscor|Gliscor, M, shiny|100/100
|move|p1a: Ruinous Bowl|Earthquake|p2a: Gliscor
|-immune|p2a: Gliscor
|
|-heal|p1a: Ruinous Bowl|46/100|[from] item: Leftovers
|-status|p2a: Gliscor|tox|[from] item: Toxic Orb
|upkeep
|turn|9
|
|t:|1779558372
|move|p2a: Gliscor|Earthquake|p1a: Ruinous Bowl
|-damage|p1a: Ruinous Bowl|25/100
|move|p1a: Ruinous Bowl|Whirlwind|p2a: Gliscor
|drag|p2a: Kingambit|Kingambit, M, shiny|82/100
|-damage|p2a: Kingambit|57/100|[from] Spikes
|
|-heal|p2a: Kingambit|63/100|[from] item: Leftovers
|-heal|p1a: Ruinous Bowl|31/100|[from] item: Leftovers
|upkeep
|turn|10
|
|t:|1779558383
|move|p2a: Kingambit|Kowtow Cleave|p1a: Ruinous Bowl
|-resisted|p1a: Ruinous Bowl
|-damage|p1a: Ruinous Bowl|19/100
|move|p1a: Ruinous Bowl|Whirlwind|p2a: Kingambit
|-end|p2a: Kingambit|fallenundefined|[silent]
|drag|p2a: Primarina|Primarina, F, shiny|37/100
|-damage|p2a: Primarina|12/100|[from] Spikes
|
|-heal|p1a: Ruinous Bowl|25/100|[from] item: Leftovers
|upkeep
|turn|11
|
|t:|1779558386
|move|p2a: Primarina|Draining Kiss|p1a: Ruinous Bowl
|-supereffective|p1a: Ruinous Bowl
|-damage|p1a: Ruinous Bowl|1/100
|-heal|p2a: Primarina|37/100|[from] drain|[of] p1a: Ruinous Bowl
|move|p1a: Ruinous Bowl|Whirlwind|p2a: Primarina
|drag|p2a: Kingambit|Kingambit, M, shiny|63/100
|-damage|p2a: Kingambit|38/100|[from] Spikes
|
|-heal|p2a: Kingambit|44/100|[from] item: Leftovers
|-heal|p1a: Ruinous Bowl|7/100|[from] item: Leftovers
|upkeep
|turn|12
|
|t:|1779558390
|move|p2a: Kingambit|Iron Head|p1a: Ruinous Bowl
|-damage|p1a: Ruinous Bowl|0 fnt
|faint|p1a: Ruinous Bowl
|
|-heal|p2a: Kingambit|50/100|[from] item: Leftovers
|upkeep
|
|t:|1779558394
|switch|p1a: Ancient Elephant|Great Tusk|100/100
|turn|13
|
|t:|1779558423
|-end|p2a: Kingambit|fallenundefined|[silent]
|switch|p2a: Gliscor|Gliscor, M, shiny|100/100 tox
|move|p1a: Ancient Elephant|Stealth Rock|p2a: Gliscor
|-sidestart|p2: Duluc|move: Stealth Rock
|
|upkeep
|turn|14
|
|t:|1779558429
|-end|p1a: Ancient Elephant|Protosynthesis|[silent]
|switch|p1a: Mr. Moneybags|Gholdengo|100/100
|move|p2a: Gliscor|Dual Wingbeat|p1a: Mr. Moneybags
|-resisted|p1a: Mr. Moneybags
|-damage|p1a: Mr. Moneybags|92/100
|-resisted|p1a: Mr. Moneybags
|-damage|p1a: Mr. Moneybags|82/100
|-hitcount|p1a: Mr. Moneybags|2
|
|upkeep
|turn|15
|
|t:|1779558441
|move|p1a: Mr. Moneybags|Trick|p2a: Gliscor
|-activate|p1a: Mr. Moneybags|move: Trick|[of] p2a: Gliscor
|-item|p2a: Gliscor|Choice Scarf|[from] move: Trick
|-item|p1a: Mr. Moneybags|Toxic Orb|[from] move: Trick
|move|p2a: Gliscor|Knock Off|p1a: Mr. Moneybags
|-supereffective|p1a: Mr. Moneybags
|-damage|p1a: Mr. Moneybags|16/100
|-enditem|p1a: Mr. Moneybags|Toxic Orb|[from] move: Knock Off|[of] p2a: Gliscor
|
|upkeep
|turn|16
|
|t:|1779558443
|move|p2a: Gliscor|Knock Off|p1a: Mr. Moneybags
|-supereffective|p1a: Mr. Moneybags
|-damage|p1a: Mr. Moneybags|0 fnt
|faint|p1a: Mr. Moneybags
|
|upkeep
|
|t:|1779558447
|switch|p1a: Ancient Elephant|Great Tusk|100/100
|turn|17
|
|t:|1779558465
|move|p2a: Gliscor|Knock Off|p1a: Ancient Elephant
|-resisted|p1a: Ancient Elephant
|-damage|p1a: Ancient Elephant|90/100
|-enditem|p1a: Ancient Elephant|Heavy-Duty Boots|[from] move: Knock Off|[of] p2a: Gliscor
|move|p1a: Ancient Elephant|Rapid Spin|p2a: Gliscor
|-crit|p2a: Gliscor
|-damage|p2a: Gliscor|73/100 tox
|-boost|p1a: Ancient Elephant|spe|1
|
|-heal|p2a: Gliscor|85/100 tox|[from] ability: Poison Heal
|upkeep
|turn|18
|
|t:|1779558483
|switch|p2a: Primarina|Primarina, F, shiny|37/100
|-damage|p2a: Primarina|12/100|[from] Spikes
|-damage|p2a: Primarina|0 fnt|[from] Stealth Rock
|faint|p2a: Primarina
|move|p1a: Ancient Elephant|Ice Spinner|p2: Primarina|[notarget]
|-fail|p1a: Ancient Elephant
|
|upkeep
|
|t:|1779558498
|switch|p2a: Tyranitar|Tyranitar, M, shiny|100/100
|-damage|p2a: Tyranitar|88/100|[from] Stealth Rock
|-weather|Sandstorm|[from] ability: Sand Stream|[of] p2a: Tyranitar
|-item|p2a: Tyranitar|Air Balloon
|turn|19
|
|t:|1779558502
|move|p1a: Ancient Elephant|Rapid Spin|p2a: Tyranitar
|-resisted|p2a: Tyranitar
|-damage|p2a: Tyranitar|80/100
|-boost|p1a: Ancient Elephant|spe|1
|-enditem|p2a: Tyranitar|Air Balloon
|move|p2a: Tyranitar|Dragon Dance|p2a: Tyranitar
|-boost|p2a: Tyranitar|atk|1
|-boost|p2a: Tyranitar|spe|1
|
|-weather|Sandstorm|[upkeep]
|upkeep
|turn|20
|
|t:|1779558505
|move|p1a: Ancient Elephant|Headlong Rush|p2a: Tyranitar
|-supereffective|p2a: Tyranitar
|-damage|p2a: Tyranitar|0 fnt
|-unboost|p1a: Ancient Elephant|def|1
|-unboost|p1a: Ancient Elephant|spd|1
|faint|p2a: Tyranitar
|
|-weather|Sandstorm|[upkeep]
|upkeep
|
|t:|1779558508
|switch|p2a: Raging Bolt|Raging Bolt|76/100
|-damage|p2a: Raging Bolt|51/100|[from] Spikes
|-damage|p2a: Raging Bolt|38/100|[from] Stealth Rock
|turn|21
|
|t:|1779558509
|move|p1a: Ancient Elephant|Headlong Rush|p2a: Raging Bolt
|-supereffective|p2a: Raging Bolt
|-crit|p2a: Raging Bolt
|-damage|p2a: Raging Bolt|0 fnt
|-unboost|p1a: Ancient Elephant|def|1
|-unboost|p1a: Ancient Elephant|spd|1
|faint|p2a: Raging Bolt
|-end|p2a: Raging Bolt|Protosynthesis|[silent]
|
|-weather|Sandstorm|[upkeep]
|upkeep
|
|t:|1779558512
|switch|p2a: Ceruledge|Ceruledge, M, shiny|100/100
|-damage|p2a: Ceruledge|76/100|[from] Spikes
|-damage|p2a: Ceruledge|51/100|[from] Stealth Rock
|turn|22
|
|t:|1779558516
|-terastallize|p2a: Ceruledge|Water
|move|p1a: Ancient Elephant|Headlong Rush|p2a: Ceruledge
|-damage|p2a: Ceruledge|0 fnt
|-unboost|p1a: Ancient Elephant|def|1
|-unboost|p1a: Ancient Elephant|spd|1
|faint|p2a: Ceruledge
|
|-weather|Sandstorm|[upkeep]
|upkeep
|
|t:|1779558518
|switch|p2a: Gliscor|Gliscor, M, shiny|85/100 tox
|-damage|p2a: Gliscor|73/100 tox|[from] Stealth Rock
|turn|23
|
|t:|1779558521
|move|p1a: Ancient Elephant|Ice Spinner|p2a: Gliscor
|-supereffective|p2a: Gliscor
|-damage|p2a: Gliscor|0 fnt
|faint|p2a: Gliscor
|
|-weather|none
|upkeep
|
|t:|1779558523
|switch|p2a: Kingambit|Kingambit, M, shiny|50/100
|-damage|p2a: Kingambit|25/100|[from] Spikes
|-damage|p2a: Kingambit|19/100|[from] Stealth Rock
|-activate|p2a: Kingambit|ability: Supreme Overlord
|-start|p2a: Kingambit|fallen5|[silent]
|turn|24
|
|t:|1779558524
|move|p1a: Ancient Elephant|Headlong Rush|p2a: Kingambit
|-supereffective|p2a: Kingambit
|-damage|p2a: Kingambit|0 fnt
|-unboost|p1a: Ancient Elephant|def|1
|-unboost|p1a: Ancient Elephant|spd|1
|faint|p2a: Kingambit
|-end|p2a: Kingambit|fallen5|[silent]
|
|win|Docter_Peng99
|raw|Docter_Peng99's rating: 1147 &rarr; <strong>1168</strong><br />(+21 for winning)
|raw|Duluc's rating: 1096 &rarr; <strong>1075</strong><br />(-21 for losing)
|c|☆Docter_Peng99|gg
