|j|☆v1c7oryy
|j|☆chandan 1300
|inactive|Battle timer is ON: inactive players will automatically lose when time's up.
|t:|1779702972
|gametype|singles
|player|p1|v1c7oryy|2|
|player|p2|chandan 1300|dragontamer|
|gen|9
|tier|[Gen 9] OU
|rated|Tournament battle
|rule|HP Percentage Mod: HP is shown in percentages
|rule|Endless Battle Clause: Forcing endless battles is banned
|rule|Species Clause: Limit one of each Pokémon
|rule|OHKO Clause: OHKO moves are banned
|rule|Evasion Items Clause: Evasion items are banned
|rule|Evasion Moves Clause: Evasion moves are banned
|rule|Evasion Abilities Clause: Evasion abilities are banned
|rule|Sleep Moves Clause: Sleep-inducing moves are banned
|raw|<div class="infobox"><details class="readmore"><summary><strong>15 custom rules:</strong></summary> -burmy, -caterpie, -combee, -kricketot, -magikarp, -scatterbug, -sunkern, -tynamo, -typenull, -weedle, -wurmple, -cosmog, -blipbug, -snom, -wynaut</details></div>
|clearpoke
|poke|p1|Weezing-Galar, F|
|poke|p1|Slowking, F|
|poke|p1|Dragonite, M|
|poke|p2|Noivern, F|
|poke|p2|Rillaboom, F|
|poke|p2|Ninetales-Alola, F|
|teampreview
|j|*Lady Monita 
|inactive|chandan 1300 also wants the timer to be on.
|inactive|v1c7oryy has 120 seconds left.
|
|t:|1779703021
|teamsize|p1|3
|teamsize|p2|3
|start
|switch|p1a: Slowking|Slowking, F|100/100
|switch|p2a: Ninetales|Ninetales-Alola, F|100/100
|-weather|Snowscape|[from] ability: Snow Warning|[of] p2a: Ninetales
|turn|1
|
|t:|1779703049
|move|p2a: Ninetales|Aurora Veil|p2a: Ninetales
|-sidestart|p2: chandan 1300|move: Aurora Veil
|move|p1a: Slowking|Thunder Wave|p2a: Ninetales|[miss]
|-miss|p1a: Slowking|p2a: Ninetales
|
|-weather|Snowscape|[upkeep]
|upkeep
|turn|2
|
|t:|1779703056
|move|p2a: Ninetales|Freeze-Dry|p1a: Slowking
|-supereffective|p1a: Slowking
|-damage|p1a: Slowking|65/100
|-status|p1a: Slowking|frz
|cant|p1a: Slowking|frz
|
|-weather|Snowscape|[upkeep]
|upkeep
|turn|3
|c|☆v1c7oryy|ok
|
|t:|1779703072
|switch|p1a: Weezing|Weezing-Galar, F|100/100
|move|p2a: Ninetales|Freeze-Dry|p1a: Weezing
|-damage|p1a: Weezing|81/100
|
|-weather|Snowscape|[upkeep]
|-heal|p1a: Weezing|87/100|[from] item: Leftovers
|upkeep
|turn|4
|c|☆chandan 1300|mb
|
|t:|1779703087
|move|p2a: Ninetales|Blizzard|p1a: Weezing
|-damage|p1a: Weezing|59/100
|move|p1a: Weezing|Will-O-Wisp|p2a: Ninetales
|-status|p2a: Ninetales|brn
|
|-weather|Snowscape|[upkeep]
|-heal|p1a: Weezing|65/100|[from] item: Leftovers
|-damage|p2a: Ninetales|94/100 brn|[from] brn
|upkeep
|turn|5
|
|t:|1779703098
|move|p2a: Ninetales|Blizzard|p1a: Weezing
|-damage|p1a: Weezing|34/100
|move|p1a: Weezing|Pain Split|p2a: Ninetales
|-sethp|p2a: Ninetales|63/100 brn|[from] move: Pain Split|[silent]
|-sethp|p1a: Weezing|66/100|[from] move: Pain Split
|
|-weather|none
|-heal|p1a: Weezing|72/100|[from] item: Leftovers
|-damage|p2a: Ninetales|57/100 brn|[from] brn
|upkeep
|turn|6
|
|t:|1779703110
|switch|p2a: Noivern|Noivern, F|100/100
|-item|p1a: Weezing|Leftovers|[from] ability: Frisk|[of] p2a: Noivern
|move|p1a: Weezing|Fire Blast|p2a: Noivern
|-resisted|p2a: Noivern
|-damage|p2a: Noivern|93/100
|
|-heal|p1a: Weezing|78/100|[from] item: Leftovers
|upkeep
|turn|7
|
|t:|1779703124
|-terastallize|p2a: Noivern|Fire
|move|p2a: Noivern|Boomburst|p1a: Weezing
|-damage|p1a: Weezing|42/100
|-enditem|p2a: Noivern|Throat Spray
|-boost|p2a: Noivern|spa|1|[from] item: Throat Spray
|move|p1a: Weezing|Strange Steam|p2a: Noivern
|-resisted|p2a: Noivern
|-damage|p2a: Noivern|84/100
|-start|p2a: Noivern|confusion
|
|-heal|p1a: Weezing|48/100|[from] item: Leftovers
|upkeep
|turn|8
|
|t:|1779703138
|-activate|p2a: Noivern|confusion
|move|p2a: Noivern|Flamethrower|p1a: Weezing
|-damage|p1a: Weezing|0 fnt
|faint|p1a: Weezing
|
|-sideend|p2: chandan 1300|move: Aurora Veil
|upkeep
|
|t:|1779703148
|switch|p1a: Dragonite|Dragonite, M|100/100
|turn|9
|
|t:|1779703158
|-activate|p2a: Noivern|confusion
|move|p2a: Noivern|Draco Meteor|p1a: Dragonite|[miss]
|-miss|p2a: Noivern|p1a: Dragonite
|move|p1a: Dragonite|Dragon Dance|p1a: Dragonite
|-boost|p1a: Dragonite|atk|1
|-boost|p1a: Dragonite|spe|1
|
|upkeep
|turn|10
|c|☆chandan 1300|kat
|inactive|v1c7oryy has 120 seconds left.
|
|t:|1779703179
|switch|p2a: Ninetales|Ninetales-Alola, F|57/100 brn
|-weather|Snowscape|[from] ability: Snow Warning|[of] p2a: Ninetales
|-terastallize|p1a: Dragonite|Normal
|move|p1a: Dragonite|Dragon Dance|p1a: Dragonite
|-boost|p1a: Dragonite|atk|1
|-boost|p1a: Dragonite|spe|1
|
|-weather|Snowscape|[upkeep]
|-damage|p2a: Ninetales|51/100 brn|[from] brn
|upkeep
|turn|11
|inactive|v1c7oryy has 120 seconds left.
|
|t:|1779703192
|move|p1a: Dragonite|Extreme Speed|p2a: Ninetales
|-damage|p2a: Ninetales|0 fnt
|faint|p2a: Ninetales
|
|-weather|Snowscape|[upkeep]
|upkeep
|
|t:|1779703196
|switch|p2a: Rillaboom|Rillaboom, F|100/100
|-fieldstart|move: Grassy Terrain|[from] ability: Grassy Surge|[of] p2a: Rillaboom
|turn|12
|
|t:|1779703202
|move|p1a: Dragonite|Extreme Speed|p2a: Rillaboom
|-damage|p2a: Rillaboom|0 fnt
|faint|p2a: Rillaboom
|
|-weather|Snowscape|[upkeep]
|upkeep
|c|☆chandan 1300|gg
|-message|chandan 1300 forfeited.
|
|win|v1c7oryy
|n|☆v1c7oryy|v1c7oryy
|n|☆chandan 1300|chandan1300
|n|*Lady Monita |ladymonita
