|j|☆yoki
|j|☆big liquidd
|t:|1779681921
|gametype|singles
|player|p1|yoki|2|1370
|player|p2|big liquidd|170|1325
|gen|9
|tier|[Gen 9] OU
|rated|
|rule|HP Percentage Mod: HP is shown in percentages
|rule|Endless Battle Clause: Forcing endless battles is banned
|rule|Species Clause: Limit one of each Pokémon
|rule|OHKO Clause: OHKO moves are banned
|rule|Evasion Items Clause: Evasion items are banned
|rule|Evasion Moves Clause: Evasion moves are banned
|rule|Evasion Abilities Clause: Evasion abilities are banned
|rule|Sleep Moves Clause: Sleep-inducing moves are banned
|clearpoke
|poke|p1|Slowking-Galar, M|
|poke|p1|Great Tusk|
|poke|p1|Kyurem|
|poke|p1|Iron Hands|
|poke|p1|Darkrai|
|poke|p1|Zapdos|
|poke|p2|Dragapult, M|
|poke|p2|Gliscor, F|
|poke|p2|Ogerpon-Wellspring, F|
|poke|p2|Iron Crown|
|poke|p2|Ting-Lu|
|poke|p2|Kingambit, F|
|teampreview
|
|t:|1779681941
|teamsize|p1|6
|teamsize|p2|6
|start
|switch|p1a: Iron Hands|Iron Hands|100/100
|switch|p2a: Dragapult|Dragapult, M|100/100
|turn|1
|inactive|Battle timer is ON: inactive players will automatically lose when time's up. (requested by big liquidd)
|
|t:|1779681961
|move|p2a: Dragapult|Will-O-Wisp|p1a: Iron Hands
|-status|p1a: Iron Hands|brn
|move|p1a: Iron Hands|Ice Punch|p2a: Dragapult
|-supereffective|p2a: Dragapult
|-damage|p2a: Dragapult|47/100
|
|-damage|p1a: Iron Hands|94/100 brn|[from] brn
|upkeep
|turn|2
|
|t:|1779681968
|move|p2a: Dragapult|U-turn|p1a: Iron Hands
|-resisted|p1a: Iron Hands
|-damage|p1a: Iron Hands|87/100 brn
|
|t:|1779681974
|switch|p2a: Gliscor|Gliscor, F|100/100|[from] U-turn
|move|p1a: Iron Hands|Close Combat|p2a: Gliscor
|-resisted|p2a: Gliscor
|-damage|p2a: Gliscor|87/100
|-unboost|p1a: Iron Hands|def|1
|-unboost|p1a: Iron Hands|spd|1
|
|-damage|p1a: Iron Hands|81/100 brn|[from] brn
|-status|p2a: Gliscor|tox|[from] item: Toxic Orb
|upkeep
|turn|3
|
|t:|1779681991
|-end|p1a: Iron Hands|Quark Drive|[silent]
|switch|p1a: Kyurem|Kyurem|100/100
|-ability|p1a: Kyurem|Pressure
|move|p2a: Gliscor|Toxic Spikes|p1a: Kyurem
|-sidestart|p1: yoki|move: Toxic Spikes
|
|-heal|p2a: Gliscor|99/100 tox|[from] ability: Poison Heal
|upkeep
|turn|4
|
|t:|1779681995
|-terastallize|p1a: Kyurem|Ice
|move|p2a: Gliscor|Protect|p2a: Gliscor
|-singleturn|p2a: Gliscor|Protect
|move|p1a: Kyurem|Freeze-Dry|p2a: Gliscor
|-activate|p2a: Gliscor|move: Protect
|
|-heal|p2a: Gliscor|100/100 tox|[from] ability: Poison Heal
|upkeep
|turn|5
|
|t:|1779682006
|switch|p1a: Slowking|Slowking-Galar, M|100/100
|-sideend|p1: yoki|move: Toxic Spikes|[of] p1a: Slowking
|switch|p2a: Kingambit|Kingambit, F|100/100
|-item|p2a: Kingambit|Air Balloon
|
|upkeep
|turn|6
|
|t:|1779682019
|-end|p2a: Kingambit|fallenundefined|[silent]
|switch|p2a: Ogerpon|Ogerpon-Wellspring, F|100/100
|switch|p1a: Iron Hands|Iron Hands|81/100 brn
|
|-damage|p1a: Iron Hands|75/100 brn|[from] brn
|upkeep
|turn|7
|
|t:|1779682026
|move|p2a: Ogerpon|Ivy Cudgel|p1a: Iron Hands|[anim] Ivy Cudgel Water
|-damage|p1a: Iron Hands|33/100 brn
|move|p1a: Iron Hands|Volt Switch|p2a: Ogerpon
|-damage|p2a: Ogerpon|85/100
|
|t:|1779682036
|-end|p1a: Iron Hands|Quark Drive|[silent]
|switch|p1a: Zapdos|Zapdos, shiny|100/100|[from] Volt Switch
|
|upkeep
|turn|8
|
|t:|1779682049
|switch|p2a: Gliscor|Gliscor, F|100/100 tox
|switch|p1a: Kyurem|Kyurem, tera:Ice|100/100
|-ability|p1a: Kyurem|Pressure
|
|upkeep
|turn|9
|
|t:|1779682056
|move|p2a: Gliscor|Protect|p2a: Gliscor
|-singleturn|p2a: Gliscor|Protect
|move|p1a: Kyurem|Ice Beam|p2a: Gliscor
|-activate|p2a: Gliscor|move: Protect
|
|upkeep
|turn|10
|
|t:|1779682061
|move|p1a: Kyurem|Ice Beam|p2a: Gliscor
|-supereffective|p2a: Gliscor
|-damage|p2a: Gliscor|0 fnt
|faint|p2a: Gliscor
|
|upkeep
|
|t:|1779682072
|switch|p2a: Kingambit|Kingambit, F|100/100
|-activate|p2a: Kingambit|ability: Supreme Overlord
|-start|p2a: Kingambit|fallen1|[silent]
|-item|p2a: Kingambit|Air Balloon
|turn|11
|
|t:|1779682083
|switch|p1a: Iron Hands|Iron Hands|33/100 brn
|move|p2a: Kingambit|Kowtow Cleave|p1a: Iron Hands
|-resisted|p1a: Iron Hands
|-damage|p1a: Iron Hands|16/100 brn
|
|-damage|p1a: Iron Hands|10/100 brn|[from] brn
|upkeep
|turn|12
|
|t:|1779682088
|move|p2a: Kingambit|Kowtow Cleave|p1a: Iron Hands
|-resisted|p1a: Iron Hands
|-damage|p1a: Iron Hands|0 fnt
|faint|p1a: Iron Hands
|-end|p1a: Iron Hands|Quark Drive|[silent]
|
|upkeep
|
|t:|1779682090
|switch|p1a: Great Tusk|Great Tusk|100/100
|turn|13
|
|t:|1779682103
|-end|p2a: Kingambit|fallen1|[silent]
|switch|p2a: Dragapult|Dragapult, M|47/100
|move|p1a: Great Tusk|Ice Spinner|p2a: Dragapult
|-supereffective|p2a: Dragapult
|-damage|p2a: Dragapult|0 fnt
|faint|p2a: Dragapult
|
|upkeep
|
|t:|1779682108
|switch|p2a: Ogerpon|Ogerpon-Wellspring, F|85/100
|turn|14
|
|t:|1779682136
|-end|p1a: Great Tusk|Protosynthesis|[silent]
|switch|p1a: Slowking|Slowking-Galar, M|100/100
|move|p2a: Ogerpon|U-turn|p1a: Slowking
|-damage|p1a: Slowking|73/100
|
|t:|1779682140
|switch|p2a: Kingambit|Kingambit, F|100/100|[from] U-turn
|-activate|p2a: Kingambit|ability: Supreme Overlord
|-start|p2a: Kingambit|fallen2|[silent]
|-item|p2a: Kingambit|Air Balloon
|
|upkeep
|turn|15
|
|t:|1779682150
|-end|p2a: Kingambit|fallen2|[silent]
|switch|p2a: Iron Crown|Iron Crown|100/100
|-enditem|p2a: Iron Crown|Booster Energy
|-activate|p2a: Iron Crown|ability: Quark Drive|[fromitem]
|-start|p2a: Iron Crown|quarkdrivespe
|switch|p1a: Zapdos|Zapdos, shiny|100/100
|
|upkeep
|turn|16
|
|t:|1779682154
|move|p2a: Iron Crown|Calm Mind|p2a: Iron Crown
|-boost|p2a: Iron Crown|spa|1
|-boost|p2a: Iron Crown|spd|1
|move|p1a: Zapdos|Thunder Wave|p2a: Iron Crown
|-status|p2a: Iron Crown|par
|
|upkeep
|turn|17
|
|t:|1779682163
|move|p2a: Iron Crown|Psychic|p1a: Zapdos
|-crit|p1a: Zapdos
|-damage|p1a: Zapdos|7/100
|move|p1a: Zapdos|Volt Switch|p2a: Iron Crown
|-damage|p2a: Iron Crown|82/100 par
|
|t:|1779682170
|switch|p1a: Great Tusk|Great Tusk|100/100|[from] Volt Switch
|
|upkeep
|turn|18
|
|t:|1779682176
|-terastallize|p2a: Iron Crown|Fighting
|move|p1a: Great Tusk|Headlong Rush|p2a: Iron Crown
|-damage|p2a: Iron Crown|16/100 par
|-unboost|p1a: Great Tusk|def|1
|-unboost|p1a: Great Tusk|spd|1
|move|p2a: Iron Crown|Psychic|p1a: Great Tusk
|-supereffective|p1a: Great Tusk
|-damage|p1a: Great Tusk|0 fnt
|faint|p1a: Great Tusk
|-end|p1a: Great Tusk|Protosynthesis|[silent]
|
|upkeep
|inactive|yoki has 120 seconds left.
|inactive|yoki has 90 seconds left.
|
|t:|1779682246
|switch|p1a: Kyurem|Kyurem, tera:Ice|100/100
|-ability|p1a: Kyurem|Pressure
|turn|19
|
|t:|1779682250
|move|p1a: Kyurem|Freeze-Dry|p2a: Iron Crown
|-damage|p2a: Iron Crown|0 fnt
|faint|p2a: Iron Crown
|-end|p2a: Iron Crown|Quark Drive|[silent]
|
|upkeep
|
|t:|1779682254
|switch|p2a: Kingambit|Kingambit, F|100/100
|-activate|p2a: Kingambit|ability: Supreme Overlord
|-start|p2a: Kingambit|fallen3|[silent]
|-item|p2a: Kingambit|Air Balloon
|turn|20
|
|t:|1779682262
|switch|p1a: Zapdos|Zapdos, shiny|7/100
|move|p2a: Kingambit|Kowtow Cleave|p1a: Zapdos
|-damage|p1a: Zapdos|0 fnt
|faint|p1a: Zapdos
|
|upkeep
|
|t:|1779682265
|switch|p1a: Darkrai|Darkrai|100/100
|turn|21
|
|t:|1779682268
|move|p1a: Darkrai|Ice Beam|p2a: Kingambit
|-resisted|p2a: Kingambit
|-damage|p2a: Kingambit|83/100
|-enditem|p2a: Kingambit|Air Balloon
|move|p2a: Kingambit|Low Kick|p1a: Darkrai
|-supereffective|p1a: Darkrai
|-damage|p1a: Darkrai|5/100
|
|upkeep
|turn|22
|
|t:|1779682271
|move|p2a: Kingambit|Sucker Punch||[still]
|-fail|p2a: Kingambit
|move|p1a: Darkrai|Thunder Wave|p2a: Kingambit
|-status|p2a: Kingambit|par
|
|upkeep
|turn|23
|
|t:|1779682279
|move|p1a: Darkrai|Dark Pulse|p2a: Kingambit
|-resisted|p2a: Kingambit
|-damage|p2a: Kingambit|59/100 par
|move|p2a: Kingambit|Kowtow Cleave|p1a: Darkrai
|-resisted|p1a: Darkrai
|-damage|p1a: Darkrai|0 fnt
|faint|p1a: Darkrai
|
|upkeep
|
|t:|1779682282
|switch|p1a: Kyurem|Kyurem, tera:Ice|100/100
|-ability|p1a: Kyurem|Pressure
|turn|24
|
|t:|1779682291
|-end|p2a: Kingambit|fallen3|[silent]
|switch|p2a: Ting-Lu|Ting-Lu|100/100
|-ability|p2a: Ting-Lu|Vessel of Ruin
|move|p1a: Kyurem|Earth Power|p2a: Ting-Lu
|-damage|p2a: Ting-Lu|77/100
|-unboost|p2a: Ting-Lu|spd|1
|
|upkeep
|turn|25
|
|t:|1779682300
|switch|p1a: Slowking|Slowking-Galar, M|100/100
|move|p2a: Ting-Lu|Ruination|p1a: Slowking
|-damage|p1a: Slowking|50/100
|
|upkeep
|turn|26
|
|t:|1779682304
|switch|p1a: Kyurem|Kyurem, tera:Ice|100/100
|-ability|p1a: Kyurem|Pressure
|move|p2a: Ting-Lu|Taunt|p1a: Kyurem
|-start|p1a: Kyurem|move: Taunt
|
|upkeep
|turn|27
|
|t:|1779682311
|switch|p2a: Kingambit|Kingambit, F|59/100 par
|-activate|p2a: Kingambit|ability: Supreme Overlord
|-start|p2a: Kingambit|fallen3|[silent]
|move|p1a: Kyurem|Freeze-Dry|p2a: Kingambit
|-resisted|p2a: Kingambit
|-damage|p2a: Kingambit|17/100 par
|
|upkeep
|turn|28
|
|t:|1779682314
|move|p1a: Kyurem|Freeze-Dry|p2a: Kingambit
|-resisted|p2a: Kingambit
|-damage|p2a: Kingambit|0 fnt
|faint|p2a: Kingambit
|-end|p2a: Kingambit|fallen3|[silent]
|
|-end|p1a: Kyurem|move: Taunt
|upkeep
|
|t:|1779682321
|switch|p2a: Ogerpon|Ogerpon-Wellspring, F|85/100
|turn|29
|
|t:|1779682327
|move|p2a: Ogerpon|U-turn|p1a: Kyurem
|-damage|p1a: Kyurem|73/100
|
|t:|1779682328
|switch|p2a: Ting-Lu|Ting-Lu|77/100|[from] U-turn
|-ability|p2a: Ting-Lu|Vessel of Ruin
|move|p1a: Kyurem|Freeze-Dry|p2a: Ting-Lu
|-supereffective|p2a: Ting-Lu
|-damage|p2a: Ting-Lu|8/100
|
|upkeep
|turn|30
|
|t:|1779682330
|move|p1a: Kyurem|Freeze-Dry|p2a: Ting-Lu
|-supereffective|p2a: Ting-Lu
|-damage|p2a: Ting-Lu|0 fnt
|faint|p2a: Ting-Lu
|
|upkeep
|
|t:|1779682332
|switch|p2a: Ogerpon|Ogerpon-Wellspring, F|85/100
|turn|31
|
|t:|1779682333
|move|p2a: Ogerpon|Ivy Cudgel|p1a: Kyurem|[anim] Ivy Cudgel Water
|-crit|p1a: Kyurem
|-damage|p1a: Kyurem|0 fnt
|faint|p1a: Kyurem
|
|upkeep
|
|t:|1779682336
|switch|p1a: Slowking|Slowking-Galar, M|84/100
|turn|32
|
|t:|1779682342
|move|p2a: Ogerpon|Knock Off|p1a: Slowking
|-supereffective|p1a: Slowking
|-enditem|p1a: Slowking|Colbur Berry|[eat]
|-enditem|p1a: Slowking|Colbur Berry|[weaken]
|-damage|p1a: Slowking|50/100
|move|p1a: Slowking|Thunder Wave|p2a: Ogerpon
|-status|p2a: Ogerpon|par
|
|upkeep
|turn|33
|
|t:|1779682347
|move|p2a: Ogerpon|Ivy Cudgel|p1a: Slowking|[anim] Ivy Cudgel Water
|-damage|p1a: Slowking|0 fnt
|faint|p1a: Slowking
|
|win|big liquidd
|raw|yoki's rating: 1351 &rarr; <strong>1330</strong><br />(-21 for losing)
|raw|big liquidd's rating: 1325 &rarr; <strong>1346</strong><br />(+21 for winning)
|l|☆yoki
|player|p1|
|c|☆big liquidd|Gg
|l|☆big liquidd
|player|p2|
