|j|☆SunDude3
|j|☆Mca player 11
|t:|1779654062
|gametype|singles
|player|p1|SunDude3|265|1446
|player|p2|Mca player 11|lucas|1496
|gen|9
|tier|[Gen 9] OU
|rated|
|rule|HP Percentage Mod: HP is shown in percentages
|rule|Endless Battle Clause: Forcing endless battles is banned
|rule|Species Clause: Limit one of each Pokémon
|rule|OHKO Clause: OHKO moves are banned
|rule|Evasion Items Clause: Evasion items are banned
|rule|Evasion Moves Clause: Evasion moves are banned
|rule|Evasion Abilities Clause: Evasion abilities are banned
|rule|Sleep Moves Clause: Sleep-inducing moves are banned
|clearpoke
|poke|p1|Torkoal, F|
|poke|p1|Walking Wake|
|poke|p1|Raging Bolt|
|poke|p1|Corviknight, F|
|poke|p1|Great Tusk|
|poke|p1|Ceruledge, F|
|poke|p2|Deoxys-Speed|
|poke|p2|Iron Moth|
|poke|p2|Zamazenta-*|
|poke|p2|Gholdengo|
|poke|p2|Rillaboom, M|
|poke|p2|Iron Jugulis|
|teampreview
|inactive|Battle timer is ON: inactive players will automatically lose when time's up. (requested by SunDude3)
|
|t:|1779654080
|teamsize|p1|6
|teamsize|p2|6
|start
|switch|p1a: Torkoal|Torkoal, F|100/100
|switch|p2a: Deoxys|Deoxys-Speed|100/100
|-ability|p2a: Deoxys|Pressure
|-weather|SunnyDay|[from] ability: Drought|[of] p1a: Torkoal
|turn|1
|
|t:|1779654087
|move|p2a: Deoxys|Taunt|p1a: Torkoal
|-start|p1a: Torkoal|move: Taunt
|cant|p1a: Torkoal|move: Taunt|Stealth Rock
|
|-weather|SunnyDay|[upkeep]
|upkeep
|turn|2
|
|t:|1779654092
|move|p2a: Deoxys|Stealth Rock|p1a: Torkoal
|-sidestart|p1: SunDude3|move: Stealth Rock
|move|p1a: Torkoal|Weather Ball|p2a: Deoxys
|-damage|p2a: Deoxys|17/100
|
|-weather|SunnyDay|[upkeep]
|upkeep
|turn|3
|
|t:|1779654098
|move|p2a: Deoxys|Spikes|p1a: Torkoal
|-sidestart|p1: SunDude3|Spikes
|move|p1a: Torkoal|Rapid Spin|p2a: Deoxys
|-damage|p2a: Deoxys|5/100
|-boost|p1a: Torkoal|spe|1
|-damage|p1a: Torkoal|84/100|[from] item: Rocky Helmet|[of] p2a: Deoxys
|-sideend|p1: SunDude3|Spikes|[from] move: Rapid Spin|[of] p1a: Torkoal
|-sideend|p1: SunDude3|Stealth Rock|[from] move: Rapid Spin|[of] p1a: Torkoal
|
|-weather|SunnyDay|[upkeep]
|-end|p1a: Torkoal|move: Taunt
|upkeep
|turn|4
|
|t:|1779654110
|move|p2a: Deoxys|Stealth Rock|p1a: Torkoal
|-sidestart|p1: SunDude3|move: Stealth Rock
|move|p1a: Torkoal|Rapid Spin|p2a: Deoxys
|-crit|p2a: Deoxys
|-damage|p2a: Deoxys|0 fnt
|-boost|p1a: Torkoal|spe|1
|-damage|p1a: Torkoal|67/100|[from] item: Rocky Helmet|[of] p2a: Deoxys
|-sideend|p1: SunDude3|Stealth Rock|[from] move: Rapid Spin|[of] p1a: Torkoal
|faint|p2a: Deoxys
|
|-weather|SunnyDay|[upkeep]
|upkeep
|
|t:|1779654114
|switch|p2a: Iron Moth|Iron Moth, shiny|100/100
|-enditem|p2a: Iron Moth|Booster Energy
|-activate|p2a: Iron Moth|ability: Quark Drive|[fromitem]
|-start|p2a: Iron Moth|quarkdrivespe
|turn|5
|
|t:|1779654122
|switch|p1a: Ceruledge|Ceruledge, F|100/100
|move|p2a: Iron Moth|Fiery Dance|p1a: Ceruledge
|-start|p1a: Ceruledge|ability: Flash Fire
|
|-weather|SunnyDay|[upkeep]
|upkeep
|turn|6
|
|t:|1779654128
|move|p1a: Ceruledge|Bitter Blade|p2a: Iron Moth
|-resisted|p2a: Iron Moth
|-damage|p2a: Iron Moth|4/100
|-damage|p1a: Ceruledge|91/100|[from] item: Life Orb
|move|p2a: Iron Moth|Whirlwind|p1a: Ceruledge
|-end|p1a: Ceruledge|ability: Flash Fire|[silent]
|drag|p1a: Walking Wake|Walking Wake|100/100
|-activate|p1a: Walking Wake|ability: Protosynthesis
|-start|p1a: Walking Wake|protosynthesisspe
|
|-weather|SunnyDay|[upkeep]
|upkeep
|turn|7
|
|t:|1779654138
|-end|p1a: Walking Wake|Protosynthesis|[silent]
|switch|p1a: Ceruledge|Ceruledge, F|91/100
|move|p2a: Iron Moth|Toxic Spikes|p1a: Ceruledge
|-sidestart|p1: SunDude3|move: Toxic Spikes
|
|-weather|SunnyDay|[upkeep]
|upkeep
|turn|8
|
|t:|1779654151
|-end|p2a: Iron Moth|Quark Drive|[silent]
|switch|p2a: Iron Jugulis|Iron Jugulis, shiny|100/100
|-enditem|p2a: Iron Jugulis|Booster Energy
|-activate|p2a: Iron Jugulis|ability: Quark Drive|[fromitem]
|-start|p2a: Iron Jugulis|quarkdrivespe
|move|p1a: Ceruledge|Bitter Blade|p2a: Iron Jugulis
|-damage|p2a: Iron Jugulis|0 fnt
|-heal|p1a: Ceruledge|100/100|[from] drain|[of] p2a: Iron Jugulis
|faint|p2a: Iron Jugulis
|-end|p2a: Iron Jugulis|Quark Drive|[silent]
|-damage|p1a: Ceruledge|91/100|[from] item: Life Orb
|
|-weather|none
|upkeep
|
|t:|1779654160
|switch|p2a: Rillaboom|Rillaboom, M, shiny|100/100
|-fieldstart|move: Grassy Terrain|[from] ability: Grassy Surge|[of] p2a: Rillaboom
|turn|9
|
|t:|1779654168
|switch|p1a: Corviknight|Corviknight, F|100/100
|-ability|p1a: Corviknight|Pressure
|move|p2a: Rillaboom|High Horsepower|p1a: Corviknight
|-immune|p1a: Corviknight
|
|upkeep
|turn|10
|
|t:|1779654175
|move|p2a: Rillaboom|Swords Dance|p2a: Rillaboom
|-boost|p2a: Rillaboom|atk|2
|move|p1a: Corviknight|U-turn|p2a: Rillaboom
|-supereffective|p2a: Rillaboom
|-damage|p2a: Rillaboom|65/100
|
|t:|1779654183
|switch|p1a: Torkoal|Torkoal, F|67/100|[from] U-turn
|-status|p1a: Torkoal|psn
|-weather|SunnyDay|[from] ability: Drought|[of] p1a: Torkoal
|
|-weather|SunnyDay|[upkeep]
|-heal|p2a: Rillaboom|71/100|[from] Grassy Terrain
|-heal|p1a: Torkoal|73/100 psn|[from] Grassy Terrain
|-damage|p1a: Torkoal|61/100 psn|[from] psn
|upkeep
|turn|11
|
|t:|1779654193
|switch|p1a: Corviknight|Corviknight, F|100/100
|-ability|p1a: Corviknight|Pressure
|move|p2a: Rillaboom|High Horsepower|p1a: Corviknight
|-immune|p1a: Corviknight
|
|-weather|SunnyDay|[upkeep]
|-heal|p2a: Rillaboom|78/100|[from] Grassy Terrain
|upkeep
|turn|12
|
|t:|1779654203
|move|p2a: Rillaboom|Knock Off|p1a: Corviknight
|-damage|p1a: Corviknight|23/100
|-enditem|p1a: Corviknight|Leftovers|[from] move: Knock Off|[of] p2a: Rillaboom
|-damage|p2a: Rillaboom|68/100|[from] item: Life Orb
|move|p1a: Corviknight|Brave Bird|p2a: Rillaboom
|-supereffective|p2a: Rillaboom
|-damage|p2a: Rillaboom|0 fnt
|faint|p2a: Rillaboom
|-damage|p1a: Corviknight|4/100|[from] Recoil
|
|-weather|SunnyDay|[upkeep]
|upkeep
|
|t:|1779654207
|switch|p2a: Gholdengo|Gholdengo, shiny|100/100
|-enditem|p2a: Gholdengo|Grassy Seed
|-boost|p2a: Gholdengo|def|1|[from] item: Grassy Seed
|turn|13
|
|t:|1779654216
|move|p2a: Gholdengo|Shadow Ball|p1a: Corviknight
|-damage|p1a: Corviknight|0 fnt
|faint|p1a: Corviknight
|
|-weather|SunnyDay|[upkeep]
|-fieldend|move: Grassy Terrain
|upkeep
|
|t:|1779654239
|switch|p1a: Great Tusk|Great Tusk|100/100
|-status|p1a: Great Tusk|psn
|-activate|p1a: Great Tusk|ability: Protosynthesis
|-start|p1a: Great Tusk|protosynthesisatk
|turn|14
|inactive|SunDude3 has 120 seconds left.
|
|t:|1779654260
|-terastallize|p1a: Great Tusk|Fire
|-terastallize|p2a: Gholdengo|Water
|move|p1a: Great Tusk|Temper Flare|p2a: Gholdengo
|-resisted|p2a: Gholdengo
|-crit|p2a: Gholdengo
|-damage|p2a: Gholdengo|49/100
|move|p2a: Gholdengo|Shadow Ball|p1a: Great Tusk
|-damage|p1a: Great Tusk|76/100 psn
|
|-weather|SunnyDay|[upkeep]
|-damage|p1a: Great Tusk|64/100 psn|[from] psn
|upkeep
|turn|15
|inactive|SunDude3 has 120 seconds left.
|
|t:|1779654271
|switch|p2a: Iron Moth|Iron Moth, shiny|4/100
|move|p1a: Great Tusk|Headlong Rush|p2a: Iron Moth
|-supereffective|p2a: Iron Moth
|-damage|p2a: Iron Moth|0 fnt
|-unboost|p1a: Great Tusk|def|1
|-unboost|p1a: Great Tusk|spd|1
|faint|p2a: Iron Moth
|-end|p2a: Iron Moth|Quark Drive|[silent]
|
|-weather|SunnyDay|[upkeep]
|-damage|p1a: Great Tusk|51/100 psn|[from] psn
|upkeep
|
|t:|1779654272
|switch|p2a: Zamazenta|Zamazenta, shiny|100/100
|-ability|p2a: Zamazenta|Dauntless Shield|boost
|-boost|p2a: Zamazenta|def|1
|turn|16
|
|t:|1779654285
|-end|p1a: Great Tusk|Protosynthesis|[silent]
|switch|p1a: Walking Wake|Walking Wake|100/100
|-status|p1a: Walking Wake|psn
|-activate|p1a: Walking Wake|ability: Protosynthesis
|-start|p1a: Walking Wake|protosynthesisspe
|move|p2a: Zamazenta|Crunch|p1a: Walking Wake
|-damage|p1a: Walking Wake|60/100 psn
|
|-weather|SunnyDay|[upkeep]
|-damage|p1a: Walking Wake|47/100 psn|[from] psn
|upkeep
|turn|17
|
|t:|1779654294
|switch|p2a: Gholdengo|Gholdengo, shiny, tera:Water|49/100
|move|p1a: Walking Wake|Hydro Steam|p2a: Gholdengo
|-resisted|p2a: Gholdengo
|-damage|p2a: Gholdengo|20/100
|
|-weather|none
|-end|p1a: Walking Wake|Protosynthesis
|-damage|p1a: Walking Wake|35/100 psn|[from] psn
|upkeep
|turn|18
|
|t:|1779654303
|-end|p1a: Walking Wake|Protosynthesis|[silent]
|switch|p1a: Raging Bolt|Raging Bolt|100/100
|-status|p1a: Raging Bolt|psn
|move|p2a: Gholdengo|Recover|p2a: Gholdengo
|-heal|p2a: Gholdengo|70/100
|
|-damage|p1a: Raging Bolt|88/100 psn|[from] psn
|upkeep
|turn|19
|
|t:|1779654312
|switch|p2a: Zamazenta|Zamazenta, shiny|100/100
|move|p1a: Raging Bolt|Thunderbolt|p2a: Zamazenta
|-damage|p2a: Zamazenta|19/100
|-status|p2a: Zamazenta|par
|
|-damage|p1a: Raging Bolt|76/100 psn|[from] psn
|upkeep
|turn|20
|-message|Mca player 11 forfeited.
|
|win|SunDude3
|raw|SunDude3's rating: 1446 &rarr; <strong>1469</strong><br />(+23 for winning)
|raw|Mca player 11's rating: 1496 &rarr; <strong>1473</strong><br />(-23 for losing)
|l|☆Mca player 11
|player|p2|
