|j|☆claudechamp
|j|☆Frozmo
|t:|1779706816
|gametype|singles
|player|p1|claudechamp|169|1222
|player|p2|Frozmo|dawn|1287
|gen|9
|tier|[Gen 9] OU
|rated|
|rule|HP Percentage Mod: HP is shown in percentages
|rule|Endless Battle Clause: Forcing endless battles is banned
|rule|Species Clause: Limit one of each Pokémon
|rule|OHKO Clause: OHKO moves are banned
|rule|Evasion Items Clause: Evasion items are banned
|rule|Evasion Moves Clause: Evasion moves are banned
|rule|Evasion Abilities Clause: Evasion abilities are banned
|rule|Sleep Moves Clause: Sleep-inducing moves are banned
|clearpoke
|poke|p1|Gliscor, F|
|poke|p1|Ogerpon, F|
|poke|p1|Walking Wake|
|poke|p1|Blissey, F|
|poke|p1|Corviknight, M|
|poke|p1|Pecharunt|
|poke|p2|Cloyster, F|
|poke|p2|Ninetales-Alola, F|
|poke|p2|Polteageist|
|poke|p2|Ogerpon-Wellspring, F|
|poke|p2|Iron Treads|
|poke|p2|Dragonite, F|
|teampreview
|inactive|Battle timer is ON: inactive players will automatically lose when time's up. (requested by Frozmo)
|c|☆claudechamp|hf
|inactive|claudechamp also wants the timer to be on.
|
|t:|1779706830
|teamsize|p1|6
|teamsize|p2|6
|start
|switch|p1a: Gliscor|Gliscor, F|100/100
|switch|p2a: Ninetales|Ninetales-Alola, F|100/100
|-weather|Snowscape|[from] ability: Snow Warning|[of] p2a: Ninetales
|turn|1
|
|t:|1779706834
|switch|p1a: Blissey|Blissey, F|100/100
|move|p2a: Ninetales|Aurora Veil|p2a: Ninetales
|-sidestart|p2: Frozmo|move: Aurora Veil
|
|-weather|Snowscape|[upkeep]
|upkeep
|turn|2
|
|t:|1779706846
|switch|p2a: Cloyster|Cloyster, F|100/100
|move|p1a: Blissey|Stealth Rock|p2a: Cloyster
|-sidestart|p2: Frozmo|move: Stealth Rock
|
|-weather|Snowscape|[upkeep]
|upkeep
|turn|3
|
|t:|1779706855
|move|p2a: Cloyster|Shell Smash|p2a: Cloyster
|-unboost|p2a: Cloyster|def|1
|-unboost|p2a: Cloyster|spd|1
|-boost|p2a: Cloyster|atk|2
|-boost|p2a: Cloyster|spa|2
|-boost|p2a: Cloyster|spe|2
|move|p1a: Blissey|Seismic Toss|p2a: Cloyster
|-damage|p2a: Cloyster|62/100
|
|-weather|Snowscape|[upkeep]
|upkeep
|turn|4
|
|t:|1779706869
|move|p2a: Cloyster|Shell Smash|p2a: Cloyster
|-unboost|p2a: Cloyster|def|1
|-unboost|p2a: Cloyster|spd|1
|-boost|p2a: Cloyster|atk|2
|-boost|p2a: Cloyster|spa|2
|-boost|p2a: Cloyster|spe|2
|move|p1a: Blissey|Seismic Toss|p2a: Cloyster
|-damage|p2a: Cloyster|24/100
|
|-weather|Snowscape|[upkeep]
|upkeep
|turn|5
|
|t:|1779706880
|switch|p1a: Walking Wake|Walking Wake|100/100
|-terastallize|p2a: Cloyster|Ice
|move|p2a: Cloyster|Icicle Spear|p1a: Walking Wake
|-damage|p1a: Walking Wake|36/100
|-damage|p1a: Walking Wake|0 fnt
|faint|p1a: Walking Wake
|-end|p1a: Walking Wake|Protosynthesis|[silent]
|-hitcount|p1: Walking Wake|2
|
|-weather|none
|upkeep
|
|t:|1779706890
|switch|p1a: Pecharunt|Pecharunt|100/100
|turn|6
|
|t:|1779706907
|move|p2a: Cloyster|Icicle Spear|p1a: Pecharunt
|-crit|p1a: Pecharunt
|-damage|p1a: Pecharunt|60/100
|-damage|p1a: Pecharunt|35/100
|-damage|p1a: Pecharunt|7/100
|-damage|p1a: Pecharunt|0 fnt
|faint|p1a: Pecharunt
|-hitcount|p1: Pecharunt|4
|
|upkeep
|
|t:|1779706910
|switch|p1a: Blissey|Blissey, F|100/100
|turn|7
|
|t:|1779706919
|move|p2a: Cloyster|Icicle Spear|p1a: Blissey
|-damage|p1a: Blissey|40/100
|-damage|p1a: Blissey|0 fnt
|faint|p1a: Blissey
|-hitcount|p1: Blissey|2
|
|upkeep
|
|t:|1779706920
|switch|p1a: Corviknight|Corviknight, M|100/100
|-ability|p1a: Corviknight|Pressure
|turn|8
|
|t:|1779706927
|move|p2a: Cloyster|Icicle Spear|p1a: Corviknight
|-damage|p1a: Corviknight|65/100
|-damage|p1a: Corviknight|27/100
|-damage|p1a: Corviknight|0 fnt
|faint|p1a: Corviknight
|-hitcount|p1: Corviknight|3
|
|-sideend|p2: Frozmo|move: Aurora Veil
|upkeep
|
|t:|1779706941
|switch|p1a: Ogerpon|Ogerpon, F|100/100
|turn|9
|
|t:|1779706948
|move|p2a: Cloyster|Icicle Spear|p1a: Ogerpon
|-supereffective|p1a: Ogerpon
|-damage|p1a: Ogerpon|0 fnt
|faint|p1a: Ogerpon
|-hitcount|p1: Ogerpon|1
|
|upkeep
|
|t:|1779706950
|switch|p1a: Gliscor|Gliscor, F|100/100
|turn|10
|
|t:|1779706957
|move|p2a: Cloyster|Icicle Spear|p1a: Gliscor
|-supereffective|p1a: Gliscor
|-damage|p1a: Gliscor|0 fnt
|faint|p1a: Gliscor
|-hitcount|p1: Gliscor|1
|
|win|Frozmo
|raw|claudechamp's rating: 1222 &rarr; <strong>1202</strong><br />(-20 for losing)
|raw|Frozmo's rating: 1287 &rarr; <strong>1307</strong><br />(+20 for winning)
|c|☆claudechamp|gg
