|j|☆ihymyly
|j|☆tuanquewang
|t:|1779639527
|gametype|singles
|player|p1|ihymyly|102|1565
|player|p2|tuanquewang|backersf|1632
|gen|9
|tier|[Gen 9] OU
|rated|
|rule|HP Percentage Mod: HP is shown in percentages
|rule|Endless Battle Clause: Forcing endless battles is banned
|rule|Species Clause: Limit one of each Pokémon
|rule|OHKO Clause: OHKO moves are banned
|rule|Evasion Items Clause: Evasion items are banned
|rule|Evasion Moves Clause: Evasion moves are banned
|rule|Evasion Abilities Clause: Evasion abilities are banned
|rule|Sleep Moves Clause: Sleep-inducing moves are banned
|clearpoke
|poke|p1|Gholdengo|
|poke|p1|Great Tusk|
|poke|p1|Darkrai|
|poke|p1|Weavile, M|
|poke|p1|Ogerpon-Wellspring, F|
|poke|p1|Raging Bolt|
|poke|p2|Slowking-Galar, M|
|poke|p2|Hydrapple, F|
|poke|p2|Cinderace, M|
|poke|p2|Iron Crown|
|poke|p2|Alomomola, M|
|poke|p2|Beartic, F|
|teampreview
|inactive|Battle timer is ON: inactive players will automatically lose when time's up. (requested by tuanquewang)
|j| Disscratch
|inactive|ihymyly has 120 seconds left.
|inactive|ihymyly has 90 seconds left.
|
|t:|1779639591
|teamsize|p1|6
|teamsize|p2|6
|start
|switch|p1a: Gholdengo|Gholdengo|100/100
|switch|p2a: Iron Crown|Iron Crown|100/100
|turn|1
|inactive|tuanquewang has 120 seconds left.
|
|t:|1779639627
|move|p2a: Iron Crown|Volt Switch|p1a: Gholdengo
|-damage|p1a: Gholdengo|73/100
|
|t:|1779639632
|-end|p2a: Iron Crown|Quark Drive|[silent]
|switch|p2a: Alomomola|Alomomola, M|100/100|[from] Volt Switch
|move|p1a: Gholdengo|Shadow Ball|p2a: Alomomola
|-damage|p2a: Alomomola|46/100
|
|-heal|p2a: Alomomola|53/100|[from] item: Leftovers
|upkeep
|turn|2
|inactive|tuanquewang has 120 seconds left.
|
|t:|1779639653
|move|p2a: Alomomola|Protect|p2a: Alomomola
|-singleturn|p2a: Alomomola|Protect
|move|p1a: Gholdengo|Shadow Ball|p2a: Alomomola
|-activate|p2a: Alomomola|move: Protect
|
|-heal|p2a: Alomomola|59/100|[from] item: Leftovers
|upkeep
|turn|3
|
|t:|1779639658
|move|p1a: Gholdengo|Shadow Ball|p2a: Alomomola
|-damage|p2a: Alomomola|10/100
|move|p2a: Alomomola|Mirror Coat|p1a: Gholdengo
|-damage|p1a: Gholdengo|0 fnt
|faint|p1a: Gholdengo
|
|-heal|p2a: Alomomola|16/100|[from] item: Leftovers
|upkeep
|
|t:|1779639664
|switch|p1a: Ogerpon|Ogerpon-Wellspring, F|100/100
|turn|4
|
|t:|1779639667
|switch|p2a: Hydrapple|Hydrapple, F, shiny|100/100
|move|p1a: Ogerpon|Spikes|p2a: Hydrapple
|-sidestart|p2: tuanquewang|Spikes
|
|upkeep
|turn|5
|
|t:|1779639671
|move|p1a: Ogerpon|Knock Off|p2a: Hydrapple
|-damage|p2a: Hydrapple|70/100
|-enditem|p2a: Hydrapple|Choice Specs|[from] move: Knock Off|[of] p1a: Ogerpon
|move|p2a: Hydrapple|Draco Meteor|p1a: Ogerpon
|-damage|p1a: Ogerpon|15/100
|-unboost|p2a: Hydrapple|spa|2
|
|upkeep
|turn|6
|
|t:|1779639680
|switch|p1a: Mr. -ice Guy|Weavile, M|100/100
|-ability|p1a: Mr. -ice Guy|Pressure
|move|p2a: Hydrapple|Leaf Storm|p1a: Mr. -ice Guy|[miss]
|-miss|p2a: Hydrapple|p1a: Mr. -ice Guy
|
|upkeep
|turn|7
|
|t:|1779639686
|switch|p2a: Alomomola|Alomomola, M|50/100
|-damage|p2a: Alomomola|37/100|[from] Spikes
|move|p1a: Mr. -ice Guy|Swords Dance|p1a: Mr. -ice Guy
|-boost|p1a: Mr. -ice Guy|atk|2
|
|-heal|p2a: Alomomola|44/100|[from] item: Leftovers
|upkeep
|turn|8
|
|t:|1779639691
|move|p2a: Alomomola|Protect|p2a: Alomomola
|-singleturn|p2a: Alomomola|Protect
|move|p1a: Mr. -ice Guy|Knock Off|p2a: Alomomola
|-activate|p2a: Alomomola|move: Protect
|
|-heal|p2a: Alomomola|50/100|[from] item: Leftovers
|upkeep
|turn|9
|
|t:|1779639695
|move|p1a: Mr. -ice Guy|Knock Off|p2a: Alomomola
|-damage|p2a: Alomomola|0 fnt
|-enditem|p2a: Alomomola|Leftovers|[from] move: Knock Off|[of] p1a: Mr. -ice Guy
|faint|p2a: Alomomola
|
|upkeep
|
|t:|1779639697
|switch|p2a: Iron Crown|Iron Crown|100/100
|-damage|p2a: Iron Crown|88/100|[from] Spikes
|turn|10
|
|t:|1779639702
|switch|p1a: Ogerpon|Ogerpon-Wellspring, F|15/100
|move|p2a: Iron Crown|Tachyon Cutter|p1a: Ogerpon
|-resisted|p1a: Ogerpon
|-damage|p1a: Ogerpon|0 fnt
|faint|p1a: Ogerpon
|-hitcount|p1: Ogerpon|1
|
|upkeep
|
|t:|1779639708
|switch|p1a: Raging Bolt|Raging Bolt|100/100
|-enditem|p1a: Raging Bolt|Booster Energy
|-activate|p1a: Raging Bolt|ability: Protosynthesis|[fromitem]
|-start|p1a: Raging Bolt|protosynthesisspa
|turn|11
|
|t:|1779639711
|-end|p2a: Iron Crown|Quark Drive|[silent]
|switch|p2a: Slowking|Slowking-Galar, M|100/100
|-damage|p2a: Slowking|88/100|[from] Spikes
|move|p1a: Raging Bolt|Calm Mind|p1a: Raging Bolt
|-boost|p1a: Raging Bolt|spa|1
|-boost|p1a: Raging Bolt|spd|1
|
|-heal|p2a: Slowking|94/100|[from] item: Black Sludge
|upkeep
|turn|12
|
|t:|1779639714
|move|p1a: Raging Bolt|Thunderbolt|p2a: Slowking
|-damage|p2a: Slowking|32/100
|move|p2a: Slowking|Toxic|p1a: Raging Bolt
|-status|p1a: Raging Bolt|tox
|
|-heal|p2a: Slowking|38/100|[from] item: Black Sludge
|-damage|p1a: Raging Bolt|94/100 tox|[from] psn
|upkeep
|turn|13
|
|t:|1779639722
|move|p1a: Raging Bolt|Thunderbolt|p2a: Slowking
|-damage|p2a: Slowking|0 fnt
|faint|p2a: Slowking
|
|-damage|p1a: Raging Bolt|82/100 tox|[from] psn
|upkeep
|
|t:|1779639731
|switch|p2a: Beartic|Beartic, F|100/100
|-damage|p2a: Beartic|88/100|[from] Spikes
|turn|14
|
|t:|1779639741
|-terastallize|p2a: Beartic|Ground
|move|p1a: Raging Bolt|Thunderbolt|p2a: Beartic
|-immune|p2a: Beartic
|move|p2a: Beartic|Icicle Crash|p1a: Raging Bolt
|-supereffective|p1a: Raging Bolt
|-damage|p1a: Raging Bolt|0 fnt
|faint|p1a: Raging Bolt
|-end|p1a: Raging Bolt|Protosynthesis|[silent]
|
|upkeep
|
|t:|1779639751
|switch|p1a: almost*evil*jordan|Darkrai, shiny|100/100
|turn|15
|
|t:|1779639755
|move|p1a: almost*evil*jordan|Ice Beam|p2a: Beartic
|-supereffective|p2a: Beartic
|-damage|p2a: Beartic|13/100
|move|p2a: Beartic|Icicle Crash|p1a: almost*evil*jordan
|-damage|p1a: almost*evil*jordan|18/100
|
|-heal|p1a: almost*evil*jordan|25/100|[from] item: Leftovers
|upkeep
|turn|16
|
|t:|1779639761
|move|p1a: almost*evil*jordan|Ice Beam|p2a: Beartic
|-supereffective|p2a: Beartic
|-damage|p2a: Beartic|0 fnt
|faint|p2a: Beartic
|
|-heal|p1a: almost*evil*jordan|31/100|[from] item: Leftovers
|upkeep
|
|t:|1779639762
|switch|p2a: Iron Crown|Iron Crown|88/100
|-damage|p2a: Iron Crown|76/100|[from] Spikes
|turn|17
|
|t:|1779639781
|move|p2a: Iron Crown|Tachyon Cutter|p1a: almost*evil*jordan
|-damage|p1a: almost*evil*jordan|0 fnt
|faint|p1a: almost*evil*jordan
|-hitcount|p1: almost*evil*jordan|1
|
|upkeep
|
|t:|1779639784
|switch|p1a: Primal Schnoz|Great Tusk|100/100
|turn|18
|
|t:|1779639793
|-end|p2a: Iron Crown|Quark Drive|[silent]
|switch|p2a: Hydrapple|Hydrapple, F, shiny|100/100
|-damage|p2a: Hydrapple|88/100|[from] Spikes
|move|p1a: Primal Schnoz|Knock Off|p2a: Hydrapple
|-damage|p2a: Hydrapple|74/100
|
|upkeep
|turn|19
|
|t:|1779639798
|move|p1a: Primal Schnoz|Ice Spinner|p2a: Hydrapple
|-supereffective|p2a: Hydrapple
|-damage|p2a: Hydrapple|3/100
|move|p2a: Hydrapple|Leaf Storm|p1a: Primal Schnoz
|-supereffective|p1a: Primal Schnoz
|-damage|p1a: Primal Schnoz|0 fnt
|-unboost|p2a: Hydrapple|spa|2
|faint|p1a: Primal Schnoz
|-end|p1a: Primal Schnoz|Protosynthesis|[silent]
|
|upkeep
|
|t:|1779639803
|switch|p1a: Mr. -ice Guy|Weavile, M|100/100
|-ability|p1a: Mr. -ice Guy|Pressure
|turn|20
|
|t:|1779639807
|move|p1a: Mr. -ice Guy|Swords Dance|p1a: Mr. -ice Guy
|-boost|p1a: Mr. -ice Guy|atk|2
|move|p2a: Hydrapple|Leaf Storm|p1a: Mr. -ice Guy
|-damage|p1a: Mr. -ice Guy|52/100
|-unboost|p2a: Hydrapple|spa|2
|
|upkeep
|turn|21
|
|t:|1779639813
|move|p1a: Mr. -ice Guy|Swords Dance|p1a: Mr. -ice Guy
|-boost|p1a: Mr. -ice Guy|atk|2
|move|p2a: Hydrapple|Leaf Storm|p1a: Mr. -ice Guy
|-damage|p1a: Mr. -ice Guy|21/100
|-unboost|p2a: Hydrapple|spa|2
|
|upkeep
|turn|22
|
|t:|1779639817
|move|p1a: Mr. -ice Guy|Swords Dance|p1a: Mr. -ice Guy
|-boost|p1a: Mr. -ice Guy|atk|2
|move|p2a: Hydrapple|Leaf Storm|p1a: Mr. -ice Guy
|-damage|p1a: Mr. -ice Guy|0 fnt
|faint|p1a: Mr. -ice Guy
|
|win|tuanquewang
|raw|ihymyly's rating: 1547 &rarr; <strong>1532</strong><br />(-15 for losing)
|raw|tuanquewang's rating: 1632 &rarr; <strong>1647</strong><br />(+15 for winning)
|l|☆ihymyly
|player|p1|
|l|☆tuanquewang
|player|p2|
|l| Disscratch
