|j|☆lanadelreytrash190
|j|☆claudechamp
|t:|1779683705
|gametype|singles
|player|p1|lanadelreytrash190|sabrina|1250
|player|p2|claudechamp|170|1248
|gen|9
|tier|[Gen 9] OU
|rated|
|rule|HP Percentage Mod: HP is shown in percentages
|rule|Endless Battle Clause: Forcing endless battles is banned
|rule|Species Clause: Limit one of each Pokémon
|rule|OHKO Clause: OHKO moves are banned
|rule|Evasion Items Clause: Evasion items are banned
|rule|Evasion Moves Clause: Evasion moves are banned
|rule|Evasion Abilities Clause: Evasion abilities are banned
|rule|Sleep Moves Clause: Sleep-inducing moves are banned
|clearpoke
|poke|p1|Clodsire, M|
|poke|p1|Dondozo, M|
|poke|p1|Corviknight, M|
|poke|p1|Dragapult, M|
|poke|p1|Weavile, F|
|poke|p1|Iron Moth|
|poke|p2|Gliscor, F|
|poke|p2|Gholdengo|
|poke|p2|Zamazenta-*|
|poke|p2|Blissey, F|
|poke|p2|Skarmory, F|
|poke|p2|Pecharunt|
|teampreview
|c|☆claudechamp|hf
|inactive|Battle timer is ON: inactive players will automatically lose when time's up. (requested by claudechamp)
|
|t:|1779683725
|teamsize|p1|6
|teamsize|p2|6
|start
|switch|p1a: Clodsire|Clodsire, M|100/100
|switch|p2a: Skarmory|Skarmory, F|100/100
|turn|1
|
|t:|1779683730
|switch|p1a: Dondozo|Dondozo, M|100/100
|move|p2a: Skarmory|Spikes|p1a: Dondozo
|-sidestart|p1: lanadelreytrash190|Spikes
|
|upkeep
|turn|2
|
|t:|1779683742
|move|p2a: Skarmory|Spikes|p1a: Dondozo
|-sidestart|p1: lanadelreytrash190|Spikes
|move|p1a: Dondozo|Liquidation|p2a: Skarmory
|-damage|p2a: Skarmory|68/100
|-damage|p1a: Dondozo|91/100|[from] item: Life Orb
|
|upkeep
|turn|3
|inactive|lanadelreytrash190 has 120 seconds left.
|
|t:|1779683774
|move|p2a: Skarmory|Spikes|p1a: Dondozo
|-sidestart|p1: lanadelreytrash190|Spikes
|move|p1a: Dondozo|Liquidation|p2a: Skarmory
|-damage|p2a: Skarmory|32/100
|-unboost|p2a: Skarmory|def|1
|-damage|p1a: Dondozo|81/100|[from] item: Life Orb
|
|upkeep
|turn|4
|
|t:|1779683777
|move|p2a: Skarmory|Roost|p2a: Skarmory
|-heal|p2a: Skarmory|82/100
|-singleturn|p2a: Skarmory|move: Roost
|move|p1a: Dondozo|Liquidation|p2a: Skarmory
|-damage|p2a: Skarmory|48/100
|-damage|p1a: Dondozo|71/100|[from] item: Life Orb
|
|upkeep
|turn|5
|
|t:|1779683779
|move|p1a: Dondozo|Curse|p1a: Dondozo
|-unboost|p1a: Dondozo|spe|1
|-boost|p1a: Dondozo|atk|1
|-boost|p1a: Dondozo|def|1
|move|p2a: Skarmory|Whirlwind|p1a: Dondozo
|drag|p1a: Corviknight|Corviknight, M|100/100
|
|upkeep
|turn|6
|
|t:|1779683786
|move|p2a: Skarmory|Roost|p2a: Skarmory
|-heal|p2a: Skarmory|98/100
|-singleturn|p2a: Skarmory|move: Roost
|move|p1a: Corviknight|Defog|p2a: Skarmory
|-unboost|p2a: Skarmory|evasion|1
|-sideend|p1: lanadelreytrash190|Spikes|[from] move: Defog|[of] p1a: Corviknight
|
|upkeep
|turn|7
|
|t:|1779683796
|switch|p1a: Dragapult|Dragapult, M|100/100
|move|p2a: Skarmory|Spikes|p1a: Dragapult
|-sidestart|p1: lanadelreytrash190|Spikes
|
|upkeep
|turn|8
|
|t:|1779683812
|move|p1a: Dragapult|Thunderbolt|p2a: Skarmory
|-supereffective|p2a: Skarmory
|-damage|p2a: Skarmory|24/100
|move|p2a: Skarmory|Spikes|p1a: Dragapult
|-sidestart|p1: lanadelreytrash190|Spikes
|
|upkeep
|turn|9
|
|t:|1779683817
|switch|p2a: Gliscor|Gliscor, F|100/100
|move|p1a: Dragapult|Thunderbolt|p2a: Gliscor
|-immune|p2a: Gliscor
|
|-status|p2a: Gliscor|tox|[from] item: Toxic Orb
|upkeep
|turn|10
|
|t:|1779683826
|move|p1a: Dragapult|Shadow Ball|p2a: Gliscor
|-damage|p2a: Gliscor|64/100 tox
|move|p2a: Gliscor|Knock Off|p1a: Dragapult
|-supereffective|p1a: Dragapult
|-damage|p1a: Dragapult|45/100
|-enditem|p1a: Dragapult|Heavy-Duty Boots|[from] move: Knock Off|[of] p2a: Gliscor
|
|-heal|p2a: Gliscor|76/100 tox|[from] ability: Poison Heal
|upkeep
|turn|11
|
|t:|1779683834
|move|p1a: Dragapult|Dragon Pulse|p2a: Gliscor
|-damage|p2a: Gliscor|41/100 tox
|move|p2a: Gliscor|Earthquake|p1a: Dragapult
|-damage|p1a: Dragapult|2/100
|
|-heal|p2a: Gliscor|54/100 tox|[from] ability: Poison Heal
|upkeep
|turn|12
|
|t:|1779683838
|move|p2a: Gliscor|Protect|p2a: Gliscor
|-singleturn|p2a: Gliscor|Protect
|move|p1a: Dragapult|Dragon Pulse|p2a: Gliscor
|-activate|p2a: Gliscor|move: Protect
|
|-heal|p2a: Gliscor|66/100 tox|[from] ability: Poison Heal
|upkeep
|turn|13
|
|t:|1779683840
|move|p1a: Dragapult|Dragon Pulse|p2a: Gliscor
|-damage|p2a: Gliscor|28/100 tox
|move|p2a: Gliscor|Swords Dance|p2a: Gliscor
|-boost|p2a: Gliscor|atk|2
|
|-heal|p2a: Gliscor|41/100 tox|[from] ability: Poison Heal
|upkeep
|turn|14
|
|t:|1779683843
|move|p2a: Gliscor|Protect|p2a: Gliscor
|-singleturn|p2a: Gliscor|Protect
|move|p1a: Dragapult|Dragon Pulse|p2a: Gliscor
|-activate|p2a: Gliscor|move: Protect
|
|-heal|p2a: Gliscor|53/100 tox|[from] ability: Poison Heal
|upkeep
|turn|15
|
|t:|1779683846
|switch|p2a: Blissey|Blissey, F|100/100
|move|p1a: Dragapult|Dragon Pulse|p2a: Blissey
|-damage|p2a: Blissey|88/100
|
|upkeep
|turn|16
|
|t:|1779683852
|move|p1a: Dragapult|Thunder Wave|p2a: Blissey
|-status|p2a: Blissey|par
|move|p2a: Blissey|Stealth Rock|p1a: Dragapult
|-sidestart|p1: lanadelreytrash190|move: Stealth Rock
|
|upkeep
|turn|17
|
|t:|1779683855
|move|p1a: Dragapult|Dragon Pulse|p2a: Blissey
|-damage|p2a: Blissey|76/100 par
|move|p2a: Blissey|Shadow Ball|p1a: Dragapult
|-supereffective|p1a: Dragapult
|-damage|p1a: Dragapult|0 fnt
|faint|p1a: Dragapult
|
|upkeep
|
|t:|1779683858
|switch|p1a: Corviknight|Corviknight, M|100/100
|turn|18
|
|t:|1779683861
|move|p1a: Corviknight|Defog|p2a: Blissey
|-unboost|p2a: Blissey|evasion|1
|-sideend|p1: lanadelreytrash190|Spikes|[from] move: Defog|[of] p1a: Corviknight
|-sideend|p1: lanadelreytrash190|Stealth Rock|[from] move: Defog|[of] p1a: Corviknight
|move|p2a: Blissey|Shadow Ball|p1a: Corviknight
|-damage|p1a: Corviknight|85/100
|
|upkeep
|turn|19
|
|t:|1779683868
|move|p1a: Corviknight|Brave Bird|p2a: Blissey
|-damage|p2a: Blissey|25/100 par
|-damage|p1a: Corviknight|52/100|[from] Recoil
|cant|p2a: Blissey|par
|
|upkeep
|turn|20
|
|t:|1779683878
|-curestatus|p2a: Blissey|par|[from] ability: Natural Cure|[silent]
|switch|p2a: Skarmory|Skarmory, F|24/100
|move|p1a: Corviknight|Iron Head|p2a: Skarmory
|-resisted|p2a: Skarmory
|-damage|p2a: Skarmory|12/100
|
|upkeep
|turn|21
|
|t:|1779683882
|move|p2a: Skarmory|Roost|p2a: Skarmory
|-heal|p2a: Skarmory|62/100
|-singleturn|p2a: Skarmory|move: Roost
|move|p1a: Corviknight|Brave Bird|p2a: Skarmory
|-resisted|p2a: Skarmory
|-damage|p2a: Skarmory|46/100
|-damage|p1a: Corviknight|47/100|[from] Recoil
|
|upkeep
|turn|22
|
|t:|1779683888
|move|p2a: Skarmory|Roost|p2a: Skarmory
|-heal|p2a: Skarmory|96/100
|-singleturn|p2a: Skarmory|move: Roost
|move|p1a: Corviknight|Roost|p1a: Corviknight
|-heal|p1a: Corviknight|97/100
|-singleturn|p1a: Corviknight|move: Roost
|
|upkeep
|turn|23
|
|t:|1779683895
|switch|p1a: Dondozo|Dondozo, M|71/100
|move|p2a: Skarmory|Spikes|p1a: Dondozo
|-sidestart|p1: lanadelreytrash190|Spikes
|
|upkeep
|turn|24
|
|t:|1779683900
|move|p1a: Dondozo|Curse|p1a: Dondozo
|-unboost|p1a: Dondozo|spe|1
|-boost|p1a: Dondozo|atk|1
|-boost|p1a: Dondozo|def|1
|move|p2a: Skarmory|Whirlwind|p1a: Dondozo
|drag|p1a: Corviknight|Corviknight, M|97/100
|
|upkeep
|turn|25
|
|t:|1779683907
|move|p2a: Skarmory|Spikes|p1a: Corviknight
|-sidestart|p1: lanadelreytrash190|Spikes
|move|p1a: Corviknight|Defog|p2a: Skarmory
|-unboost|p2a: Skarmory|evasion|1
|-sideend|p1: lanadelreytrash190|Spikes|[from] move: Defog|[of] p1a: Corviknight
|
|upkeep
|turn|26
|
|t:|1779683928
|switch|p1a: Dondozo|Dondozo, M|71/100
|move|p2a: Skarmory|Spikes|p1a: Dondozo
|-sidestart|p1: lanadelreytrash190|Spikes
|
|upkeep
|turn|27
|
|t:|1779683933
|move|p1a: Dondozo|Liquidation|p2a: Skarmory
|-damage|p2a: Skarmory|66/100
|-damage|p1a: Dondozo|61/100|[from] item: Life Orb
|move|p2a: Skarmory|Whirlwind|p1a: Dondozo
|drag|p1a: Iron Moth|Iron Moth|100/100
|-damage|p1a: Iron Moth|88/100|[from] Spikes
|-enditem|p1a: Iron Moth|Booster Energy
|-activate|p1a: Iron Moth|ability: Quark Drive|[fromitem]
|-start|p1a: Iron Moth|quarkdrivespa
|
|upkeep
|turn|28
|
|t:|1779683941
|-terastallize|p2a: Skarmory|Dragon
|move|p1a: Iron Moth|Fiery Dance|p2a: Skarmory
|-resisted|p2a: Skarmory
|-damage|p2a: Skarmory|25/100
|-boost|p1a: Iron Moth|spa|1
|move|p2a: Skarmory|Whirlwind|p1a: Iron Moth
|-end|p1a: Iron Moth|Quark Drive|[silent]
|drag|p1a: Weavile|Weavile, F|100/100
|-damage|p1a: Weavile|88/100|[from] Spikes
|-ability|p1a: Weavile|Pressure
|
|upkeep
|turn|29
|
|t:|1779683950
|move|p1a: Weavile|Triple Axel|p2a: Skarmory
|-supereffective|p2a: Skarmory
|-damage|p2a: Skarmory|10/100
|-supereffective|p2a: Skarmory
|-damage|p2a: Skarmory|0 fnt
|faint|p2a: Skarmory
|-hitcount|p2: Skarmory|2
|
|upkeep
|
|t:|1779683955
|switch|p2a: Zamazenta|Zamazenta|100/100
|-ability|p2a: Zamazenta|Dauntless Shield|boost
|-boost|p2a: Zamazenta|def|1
|turn|30
|
|t:|1779683963
|switch|p1a: Corviknight|Corviknight, M|97/100
|move|p2a: Zamazenta|Close Combat|p1a: Corviknight
|-damage|p1a: Corviknight|50/100
|-unboost|p2a: Zamazenta|def|1
|-unboost|p2a: Zamazenta|spd|1
|
|upkeep
|turn|31
|
|t:|1779683967
|move|p2a: Zamazenta|Close Combat|p1a: Corviknight
|-damage|p1a: Corviknight|4/100
|-unboost|p2a: Zamazenta|def|1
|-unboost|p2a: Zamazenta|spd|1
|move|p1a: Corviknight|Brave Bird|p2a: Zamazenta
|-supereffective|p2a: Zamazenta
|-damage|p2a: Zamazenta|0 fnt
|faint|p2a: Zamazenta
|-damage|p1a: Corviknight|0 fnt|[from] Recoil
|faint|p1a: Corviknight
|
|upkeep
|
|t:|1779683970
|switch|p2a: Pecharunt|Pecharunt|100/100
|switch|p1a: Clodsire|Clodsire, M|100/100
|-damage|p1a: Clodsire|88/100|[from] Spikes
|turn|32
|
|t:|1779683975
|move|p2a: Pecharunt|Parting Shot|p1a: Clodsire
|-unboost|p1a: Clodsire|atk|1
|-unboost|p1a: Clodsire|spa|1
|
|t:|1779683980
|switch|p2a: Gliscor|Gliscor, F|53/100 tox|[from] Parting Shot
|move|p1a: Clodsire|Earthquake|p2a: Gliscor
|-immune|p2a: Gliscor
|
|-heal|p1a: Clodsire|94/100|[from] item: Black Sludge
|-heal|p2a: Gliscor|66/100 tox|[from] ability: Poison Heal
|upkeep
|turn|33
|
|t:|1779684004
|switch|p1a: Weavile|Weavile, F|88/100
|-damage|p1a: Weavile|76/100|[from] Spikes
|-ability|p1a: Weavile|Pressure
|move|p2a: Gliscor|Earthquake|p1a: Weavile
|-damage|p1a: Weavile|16/100
|
|-heal|p2a: Gliscor|78/100 tox|[from] ability: Poison Heal
|upkeep
|turn|34
|
|t:|1779684011
|move|p2a: Gliscor|Protect|p2a: Gliscor
|-singleturn|p2a: Gliscor|Protect
|move|p1a: Weavile|Triple Axel|p2a: Gliscor
|-activate|p2a: Gliscor|move: Protect
|
|-heal|p2a: Gliscor|91/100 tox|[from] ability: Poison Heal
|upkeep
|turn|35
|
|t:|1779684016
|switch|p2a: Pecharunt|Pecharunt|100/100
|move|p1a: Weavile|Triple Axel|p2a: Pecharunt
|-damage|p2a: Pecharunt|95/100
|-damage|p2a: Pecharunt|85/100
|-damage|p2a: Pecharunt|68/100
|-hitcount|p2a: Pecharunt|3
|
|upkeep
|turn|36
|
|t:|1779684024
|move|p1a: Weavile|Knock Off|p2a: Pecharunt
|-supereffective|p2a: Pecharunt
|-damage|p2a: Pecharunt|24/100
|-enditem|p2a: Pecharunt|Heavy-Duty Boots|[from] move: Knock Off|[of] p1a: Weavile
|move|p2a: Pecharunt|Recover|p2a: Pecharunt
|-heal|p2a: Pecharunt|74/100
|
|upkeep
|turn|37
|
|t:|1779684031
|move|p1a: Weavile|Triple Axel|p2a: Pecharunt
|-damage|p2a: Pecharunt|68/100
|-damage|p2a: Pecharunt|58/100
|-damage|p2a: Pecharunt|42/100
|-hitcount|p2a: Pecharunt|3
|move|p2a: Pecharunt|Recover|p2a: Pecharunt
|-heal|p2a: Pecharunt|92/100
|
|upkeep
|turn|38
|
|t:|1779684040
|move|p1a: Weavile|Knock Off|p2a: Pecharunt
|-supereffective|p2a: Pecharunt
|-damage|p2a: Pecharunt|57/100
|move|p2a: Pecharunt|Shadow Ball|p1a: Weavile
|-resisted|p1a: Weavile
|-damage|p1a: Weavile|0 fnt
|faint|p1a: Weavile
|
|upkeep
|
|t:|1779684043
|switch|p1a: Clodsire|Clodsire, M|94/100
|-damage|p1a: Clodsire|82/100|[from] Spikes
|turn|39
|
|t:|1779684048
|move|p2a: Pecharunt|Recover|p2a: Pecharunt
|-heal|p2a: Pecharunt|100/100
|move|p1a: Clodsire|Earthquake|p2a: Pecharunt
|-supereffective|p2a: Pecharunt
|-damage|p2a: Pecharunt|64/100
|
|-heal|p1a: Clodsire|88/100|[from] item: Black Sludge
|upkeep
|turn|40
|
|t:|1779684054
|move|p2a: Pecharunt|Parting Shot|p1a: Clodsire
|-unboost|p1a: Clodsire|atk|1
|-unboost|p1a: Clodsire|spa|1
|
|t:|1779684059
|switch|p2a: Gliscor|Gliscor, F|91/100 tox|[from] Parting Shot
|move|p1a: Clodsire|Earthquake|p2a: Gliscor
|-immune|p2a: Gliscor
|
|-heal|p1a: Clodsire|94/100|[from] item: Black Sludge
|-heal|p2a: Gliscor|100/100 tox|[from] ability: Poison Heal
|upkeep
|turn|41
|
|t:|1779684070
|switch|p1a: Dondozo|Dondozo, M|61/100
|-damage|p1a: Dondozo|48/100|[from] Spikes
|move|p2a: Gliscor|Earthquake|p1a: Dondozo
|-damage|p1a: Dondozo|26/100
|
|upkeep
|turn|42
|
|t:|1779684080
|switch|p2a: Pecharunt|Pecharunt|64/100
|move|p1a: Dondozo|Liquidation|p2a: Pecharunt
|-damage|p2a: Pecharunt|41/100
|-damage|p1a: Dondozo|16/100|[from] item: Life Orb
|
|upkeep
|turn|43
|
|t:|1779684088
|move|p2a: Pecharunt|Shadow Ball|p1a: Dondozo
|-damage|p1a: Dondozo|0 fnt
|faint|p1a: Dondozo
|
|upkeep
|
|t:|1779684090
|switch|p1a: Iron Moth|Iron Moth|88/100
|-damage|p1a: Iron Moth|76/100|[from] Spikes
|turn|44
|
|t:|1779684095
|move|p1a: Iron Moth|Fiery Dance|p2a: Pecharunt
|-damage|p2a: Pecharunt|0 fnt
|faint|p2a: Pecharunt
|
|upkeep
|
|t:|1779684104
|switch|p2a: Gliscor|Gliscor, F|100/100 tox
|turn|45
|
|t:|1779684113
|-terastallize|p1a: Iron Moth|Fairy
|move|p1a: Iron Moth|Fiery Dance|p2a: Gliscor
|-damage|p2a: Gliscor|61/100 tox
|-boost|p1a: Iron Moth|spa|1
|move|p2a: Gliscor|Earthquake|p1a: Iron Moth
|-damage|p1a: Iron Moth|20/100
|
|-heal|p2a: Gliscor|74/100 tox|[from] ability: Poison Heal
|upkeep
|turn|46
|
|t:|1779684121
|move|p1a: Iron Moth|Fiery Dance|p2a: Gliscor
|-damage|p2a: Gliscor|11/100 tox
|-boost|p1a: Iron Moth|spa|1
|move|p2a: Gliscor|Earthquake|p1a: Iron Moth
|-damage|p1a: Iron Moth|0 fnt
|faint|p1a: Iron Moth
|-end|p1a: Iron Moth|Quark Drive|[silent]
|
|-heal|p2a: Gliscor|24/100 tox|[from] ability: Poison Heal
|upkeep
|
|t:|1779684124
|switch|p1a: Clodsire|Clodsire, M|94/100
|-damage|p1a: Clodsire|82/100|[from] Spikes
|turn|47
|
|t:|1779684131
|move|p2a: Gliscor|Earthquake|p1a: Clodsire
|-supereffective|p1a: Clodsire
|-damage|p1a: Clodsire|22/100
|move|p1a: Clodsire|Gunk Shot|p2a: Gliscor|[miss]
|-miss|p1a: Clodsire|p2a: Gliscor
|
|-heal|p1a: Clodsire|28/100|[from] item: Black Sludge
|-heal|p2a: Gliscor|36/100 tox|[from] ability: Poison Heal
|upkeep
|turn|48
|
|t:|1779684134
|move|p2a: Gliscor|Earthquake|p1a: Clodsire
|-supereffective|p1a: Clodsire
|-damage|p1a: Clodsire|0 fnt
|faint|p1a: Clodsire
|
|win|claudechamp
|raw|lanadelreytrash190's rating: 1250 &rarr; <strong>1221</strong><br />(-29 for losing)
|raw|claudechamp's rating: 1192 &rarr; <strong>1221</strong><br />(+29 for winning)
|c|☆claudechamp|gg
|l|☆lanadelreytrash190
|player|p1|
