|j|☆magicsalt
|j|☆HappyManatee
|t:|1779612717
|gametype|singles
|player|p1|magicsalt|clair|1105
|player|p2|HappyManatee|101|1100
|gen|9
|tier|[Gen 9] OU
|rated|
|rule|HP Percentage Mod: HP is shown in percentages
|rule|Endless Battle Clause: Forcing endless battles is banned
|rule|Species Clause: Limit one of each Pokémon
|rule|OHKO Clause: OHKO moves are banned
|rule|Evasion Items Clause: Evasion items are banned
|rule|Evasion Moves Clause: Evasion moves are banned
|rule|Evasion Abilities Clause: Evasion abilities are banned
|rule|Sleep Moves Clause: Sleep-inducing moves are banned
|clearpoke
|poke|p1|Salazzle, F|
|poke|p1|Glimmora, M|
|poke|p1|Weezing-Galar, F|
|poke|p1|Toxapex, F|
|poke|p1|Iron Valiant|
|poke|p1|Blissey, F|
|poke|p2|Salamence, F|
|poke|p2|Gholdengo|
|poke|p2|Samurott-Hisui, M|
|poke|p2|Slowking-Galar, M|
|poke|p2|Zamazenta-*|
|poke|p2|Maushold-Four|
|teampreview
|
|t:|1779612723
|teamsize|p1|6
|teamsize|p2|6
|start
|switch|p1a: Salazzle|Salazzle, F|100/100
|switch|p2a: Samurott|Samurott-Hisui, M|100/100
|turn|1
|
|t:|1779612733
|move|p1a: Salazzle|Toxic|p2a: Samurott
|-status|p2a: Samurott|tox
|move|p2a: Samurott|Ceaseless Edge|p1a: Salazzle
|-enditem|p1a: Salazzle|Focus Sash
|-damage|p1a: Salazzle|1/100
|-sidestart|p1: magicsalt|Spikes
|
|-damage|p2a: Samurott|94/100 tox|[from] psn
|upkeep
|turn|2
|
|t:|1779612750
|move|p1a: Salazzle|Protect|p1a: Salazzle
|-singleturn|p1a: Salazzle|Protect
|move|p2a: Samurott|Ceaseless Edge|p1a: Salazzle
|-activate|p1a: Salazzle|move: Protect
|
|-damage|p2a: Samurott|82/100 tox|[from] psn
|upkeep
|turn|3
|
|t:|1779612764
|switch|p1a: Weezing|Weezing-Galar, F|100/100
|switch|p2a: Maushold|Maushold-Four|100/100
|
|upkeep
|turn|4
|
|t:|1779612771
|move|p2a: Maushold|Population Bomb|p1a: Weezing
|-damage|p1a: Weezing|93/100
|-hitcount|p1a: Weezing|1
|move|p1a: Weezing|Toxic|p2a: Maushold
|-status|p2a: Maushold|tox
|
|-damage|p2a: Maushold|94/100 tox|[from] psn
|upkeep
|turn|5
|
|t:|1779612780
|move|p2a: Maushold|Population Bomb|p1a: Weezing
|-damage|p1a: Weezing|86/100
|-damage|p1a: Weezing|78/100
|-damage|p1a: Weezing|71/100
|-damage|p1a: Weezing|64/100
|-damage|p1a: Weezing|56/100
|-damage|p1a: Weezing|50/100
|-damage|p1a: Weezing|43/100
|-damage|p1a: Weezing|37/100
|-crit|p1a: Weezing
|-damage|p1a: Weezing|26/100
|-damage|p1a: Weezing|19/100
|-hitcount|p1a: Weezing|10
|move|p1a: Weezing|Defog|p2a: Maushold
|-unboost|p2a: Maushold|evasion|1
|-sideend|p1: magicsalt|Spikes|[from] move: Defog|[of] p1a: Weezing
|
|-damage|p2a: Maushold|82/100 tox|[from] psn
|upkeep
|turn|6
|
|t:|1779612800
|move|p1a: Weezing|Protect|p1a: Weezing
|-singleturn|p1a: Weezing|Protect
|move|p2a: Maushold|Population Bomb|p1a: Weezing
|-activate|p1a: Weezing|move: Protect
|
|-damage|p2a: Maushold|63/100 tox|[from] psn
|upkeep
|turn|7
|
|t:|1779612817
|switch|p1a: Glimmora|Glimmora, M, shiny|100/100
|move|p2a: Maushold|Encore||[still]
|-fail|p2a: Maushold
|
|-damage|p2a: Maushold|38/100 tox|[from] psn
|upkeep
|turn|8
|
|t:|1779612829
|switch|p2a: Salamence|Salamence, F|100/100
|-ability|p2a: Salamence|Intimidate|boost
|-unboost|p1a: Glimmora|atk|1
|move|p1a: Glimmora|Energy Ball|p2a: Salamence
|-resisted|p2a: Salamence
|-damage|p2a: Salamence|94/100
|-unboost|p2a: Salamence|spd|1
|
|upkeep
|turn|9
|
|t:|1779612840
|move|p2a: Salamence|Earthquake|p1a: Glimmora
|-supereffective|p1a: Glimmora
|-enditem|p1a: Glimmora|Focus Sash
|-damage|p1a: Glimmora|1/100
|move|p1a: Glimmora|Toxic|p2a: Salamence
|-status|p2a: Salamence|tox
|
|-damage|p2a: Salamence|88/100 tox|[from] psn
|upkeep
|turn|10
|
|t:|1779612853
|move|p1a: Glimmora|Spiky Shield|p1a: Glimmora
|-singleturn|p1a: Glimmora|move: Protect
|move|p2a: Salamence|Earthquake|p1a: Glimmora
|-activate|p1a: Glimmora|move: Protect
|
|-damage|p2a: Salamence|76/100 tox|[from] psn
|upkeep
|turn|11
|
|t:|1779612863
|switch|p1a: Weezing|Weezing-Galar, F|19/100
|move|p2a: Salamence|Earthquake|p1a: Weezing
|-immune|p1a: Weezing|[from] ability: Levitate
|
|-damage|p2a: Salamence|57/100 tox|[from] psn
|upkeep
|turn|12
|
|t:|1779612872
|move|p1a: Weezing|Protect|p1a: Weezing
|-singleturn|p1a: Weezing|Protect
|move|p2a: Salamence|Hurricane|p1a: Weezing
|-activate|p1a: Weezing|move: Protect
|
|-damage|p2a: Salamence|33/100 tox|[from] psn
|upkeep
|turn|13
|
|t:|1779612889
|switch|p1a: Blissey|Blissey, F|100/100
|move|p2a: Salamence|Hurricane|p1a: Blissey|[miss]
|-miss|p2a: Salamence|p1a: Blissey
|
|-damage|p2a: Salamence|3/100 tox|[from] psn
|upkeep
|turn|14
|
|t:|1779612900
|move|p1a: Blissey|Protect|p1a: Blissey
|-singleturn|p1a: Blissey|Protect
|move|p2a: Salamence|Dragon Tail|p1a: Blissey
|-activate|p1a: Blissey|move: Protect
|
|-damage|p2a: Salamence|0 fnt|[from] psn
|faint|p2a: Salamence
|upkeep
|
|t:|1779612907
|switch|p2a: Zamazenta|Zamazenta|100/100
|-ability|p2a: Zamazenta|Dauntless Shield|boost
|-boost|p2a: Zamazenta|def|1
|turn|15
|
|t:|1779612935
|switch|p1a: Toxapex|Toxapex, F|100/100
|move|p2a: Zamazenta|Iron Defense|p2a: Zamazenta
|-boost|p2a: Zamazenta|def|2
|
|upkeep
|turn|16
|
|t:|1779612948
|move|p2a: Zamazenta|Body Press|p1a: Toxapex
|-resisted|p1a: Toxapex
|-damage|p1a: Toxapex|66/100
|move|p1a: Toxapex|Infestation|p2a: Zamazenta
|-resisted|p2a: Zamazenta
|-damage|p2a: Zamazenta|99/100
|-activate|p2a: Zamazenta|move: Infestation|[of] p1a: Toxapex
|
|-heal|p2a: Zamazenta|100/100|[from] item: Leftovers
|-heal|p1a: Toxapex|72/100|[from] item: Black Sludge
|-damage|p2a: Zamazenta|88/100|[from] move: Infestation|[partiallytrapped]
|upkeep
|turn|17
|
|t:|1779612961
|move|p1a: Toxapex|Baneful Bunker|p1a: Toxapex
|-singleturn|p1a: Toxapex|move: Protect
|move|p2a: Zamazenta|Crunch|p1a: Toxapex
|-activate|p1a: Toxapex|move: Protect
|-status|p2a: Zamazenta|psn
|
|-heal|p2a: Zamazenta|94/100 psn|[from] item: Leftovers
|-heal|p1a: Toxapex|79/100|[from] item: Black Sludge
|-damage|p2a: Zamazenta|82/100 psn|[from] psn
|-damage|p2a: Zamazenta|70/100 psn|[from] move: Infestation|[partiallytrapped]
|upkeep
|turn|18
|
|t:|1779612983
|move|p2a: Zamazenta|Iron Defense|p2a: Zamazenta
|-boost|p2a: Zamazenta|def|2
|move|p1a: Toxapex|Recover|p1a: Toxapex
|-heal|p1a: Toxapex|100/100
|
|-heal|p2a: Zamazenta|76/100 psn|[from] item: Leftovers
|-damage|p2a: Zamazenta|63/100 psn|[from] psn
|-damage|p2a: Zamazenta|51/100 psn|[from] move: Infestation|[partiallytrapped]
|upkeep
|turn|19
|
|t:|1779612994
|move|p2a: Zamazenta|Body Press|p1a: Toxapex
|-resisted|p1a: Toxapex
|-damage|p1a: Toxapex|55/100
|move|p1a: Toxapex|Hex|p2a: Zamazenta
|-damage|p2a: Zamazenta|31/100 psn
|
|-heal|p2a: Zamazenta|38/100 psn|[from] item: Leftovers
|-heal|p1a: Toxapex|61/100|[from] item: Black Sludge
|-damage|p2a: Zamazenta|25/100 psn|[from] psn
|-damage|p2a: Zamazenta|13/100 psn|[from] move: Infestation|[partiallytrapped]
|upkeep
|turn|20
|
|t:|1779613018
|move|p1a: Toxapex|Baneful Bunker|p1a: Toxapex
|-singleturn|p1a: Toxapex|move: Protect
|move|p2a: Zamazenta|Body Press|p1a: Toxapex
|-activate|p1a: Toxapex|move: Protect
|
|-heal|p2a: Zamazenta|19/100 psn|[from] item: Leftovers
|-heal|p1a: Toxapex|67/100|[from] item: Black Sludge
|-damage|p2a: Zamazenta|7/100 psn|[from] psn
|-damage|p2a: Zamazenta|0 fnt|[from] move: Infestation|[partiallytrapped]
|faint|p2a: Zamazenta
|upkeep
|-message|HappyManatee forfeited.
|
|win|magicsalt
|raw|magicsalt's rating: 1105 &rarr; <strong>1130</strong><br />(+25 for winning)
|raw|HappyManatee's rating: 1100 &rarr; <strong>1075</strong><br />(-25 for losing)
|l|☆HappyManatee
|player|p2|
