|j|☆dooozdzdz
|j|☆noob1877
|t:|1779660497
|gametype|singles
|player|p1|dooozdzdz|cilan|1712
|player|p2|noob1877|169|1717
|gen|9
|tier|[Gen 9] OU
|rated|
|rule|HP Percentage Mod: HP is shown in percentages
|rule|Endless Battle Clause: Forcing endless battles is banned
|rule|Species Clause: Limit one of each Pokémon
|rule|OHKO Clause: OHKO moves are banned
|rule|Evasion Items Clause: Evasion items are banned
|rule|Evasion Moves Clause: Evasion moves are banned
|rule|Evasion Abilities Clause: Evasion abilities are banned
|rule|Sleep Moves Clause: Sleep-inducing moves are banned
|clearpoke
|poke|p1|Okidogi, M|
|poke|p1|Dragapult, M|
|poke|p1|Great Tusk|
|poke|p1|Kingambit, M|
|poke|p1|Tornadus-Therian, M|
|poke|p1|Hatterene, F|
|poke|p2|Weezing-Galar, F|
|poke|p2|Samurott-Hisui, M|
|poke|p2|Dragonite, M|
|poke|p2|Iron Crown|
|poke|p2|Dragapult, F|
|poke|p2|Landorus-Therian, M|
|teampreview
|
|t:|1779660521
|teamsize|p1|6
|teamsize|p2|6
|start
|switch|p1a: Okidogi|Okidogi, M|100/100
|switch|p2a: Landorus|Landorus-Therian, M|100/100
|-ability|p2a: Landorus|Intimidate|boost
|-unboost|p1a: Okidogi|atk|1
|turn|1
|
|t:|1779660530
|switch|p1a: Hatterene|Hatterene, F|100/100
|move|p2a: Landorus|Earthquake|p1a: Hatterene
|-damage|p1a: Hatterene|61/100
|
|upkeep
|turn|2
|
|t:|1779660540
|move|p2a: Landorus|Earthquake|p1a: Hatterene
|-damage|p1a: Hatterene|23/100
|move|p1a: Hatterene|Pain Split|p2a: Landorus
|-sethp|p2a: Landorus|60/100|[from] move: Pain Split|[silent]
|-sethp|p1a: Hatterene|72/100|[from] move: Pain Split
|
|upkeep
|turn|3
|
|t:|1779660552
|move|p2a: Landorus|Earthquake|p1a: Hatterene
|-damage|p1a: Hatterene|33/100
|move|p1a: Hatterene|Psychic Noise|p2a: Landorus
|-damage|p2a: Landorus|24/100
|-start|p2a: Landorus|move: Heal Block
|
|upkeep
|turn|4
|
|t:|1779660560
|move|p2a: Landorus|Earthquake|p1a: Hatterene
|-damage|p1a: Hatterene|0 fnt
|faint|p1a: Hatterene
|
|-end|p2a: Landorus|move: Heal Block
|upkeep
|
|t:|1779660567
|switch|p1a: Dragapult|Dragapult, M|100/100
|turn|5
|
|t:|1779660572
|switch|p2a: Samurott|Samurott-Hisui, M|100/100
|move|p1a: Dragapult|Dragon Darts|p2a: Samurott
|-damage|p2a: Samurott|79/100
|-anim|p1a: Dragapult|Dragon Darts|p2a: Samurott
|-damage|p2a: Samurott|55/100
|
|upkeep
|turn|6
|
|t:|1779660582
|move|p1a: Dragapult|U-turn|p2a: Samurott
|-supereffective|p2a: Samurott
|-damage|p2a: Samurott|14/100
|
|t:|1779660586
|switch|p1a: Great Tusk|Great Tusk|100/100|[from] U-turn
|move|p2a: Samurott|Ceaseless Edge|p1a: Great Tusk
|-resisted|p1a: Great Tusk
|-damage|p1a: Great Tusk|88/100
|-damage|p2a: Samurott|0 fnt|[from] item: Rocky Helmet|[of] p1a: Great Tusk
|faint|p2a: Samurott
|
|upkeep
|
|t:|1779660592
|switch|p2a: Dragapult|Dragapult, F|100/100
|turn|7
|j| nesnot
|
|t:|1779660599
|-end|p1a: Great Tusk|Protosynthesis|[silent]
|switch|p1a: Tornadus|Tornadus-Therian, M|100/100
|move|p2a: Dragapult|Draco Meteor|p1a: Tornadus
|-damage|p1a: Tornadus|0 fnt
|-unboost|p2a: Dragapult|spa|2
|faint|p1a: Tornadus
|
|upkeep
|l| nesnot
|j| NoirSoumission
|
|t:|1779660639
|switch|p1a: Okidogi|Okidogi, M|100/100
|turn|8
|
|t:|1779660646
|switch|p2a: Landorus|Landorus-Therian, M|24/100
|-ability|p2a: Landorus|Intimidate|boost
|-unboost|p1a: Okidogi|atk|1
|move|p1a: Okidogi|Knock Off|p2a: Landorus
|-damage|p2a: Landorus|0 fnt
|-damage|p1a: Okidogi|84/100|[from] item: Rocky Helmet|[of] p2a: Landorus
|-enditem|p2a: Landorus|Rocky Helmet|[from] move: Knock Off|[of] p1a: Okidogi
|faint|p2a: Landorus
|
|upkeep
|
|t:|1779660673
|switch|p2a: Iron Crown|Iron Crown|100/100
|-enditem|p2a: Iron Crown|Booster Energy
|-activate|p2a: Iron Crown|ability: Quark Drive|[fromitem]
|-start|p2a: Iron Crown|quarkdrivespe
|turn|9
|
|t:|1779660682
|move|p2a: Iron Crown|Calm Mind|p2a: Iron Crown
|-boost|p2a: Iron Crown|spa|1
|-boost|p2a: Iron Crown|spd|1
|move|p1a: Okidogi|Knock Off|p2a: Iron Crown
|-supereffective|p2a: Iron Crown
|-damage|p2a: Iron Crown|70/100
|
|upkeep
|turn|10
|
|t:|1779660695
|switch|p1a: Dragapult|Dragapult, M|100/100
|move|p2a: Iron Crown|Psychic Noise|p1a: Dragapult
|-damage|p1a: Dragapult|18/100
|-start|p1a: Dragapult|move: Heal Block
|
|upkeep
|turn|11
|j| nesnot
|
|t:|1779660716
|move|p2a: Iron Crown|Tachyon Cutter|p1a: Dragapult
|-damage|p1a: Dragapult|0 fnt
|faint|p1a: Dragapult
|-hitcount|p1: Dragapult|1
|
|upkeep
|
|t:|1779660735
|switch|p1a: Great Tusk|Great Tusk|88/100
|turn|12
|
|t:|1779660739
|-terastallize|p1a: Great Tusk|Water
|move|p2a: Iron Crown|Psychic Noise|p1a: Great Tusk
|-damage|p1a: Great Tusk|21/100
|-start|p1a: Great Tusk|move: Heal Block
|move|p1a: Great Tusk|Headlong Rush|p2a: Iron Crown
|-supereffective|p2a: Iron Crown
|-damage|p2a: Iron Crown|0 fnt
|-unboost|p1a: Great Tusk|def|1
|-unboost|p1a: Great Tusk|spd|1
|faint|p2a: Iron Crown
|-end|p2a: Iron Crown|Quark Drive|[silent]
|
|upkeep
|
|t:|1779660747
|switch|p2a: Dragapult|Dragapult, F|100/100
|turn|13
|
|t:|1779660751
|-end|p1a: Great Tusk|Protosynthesis|[silent]
|switch|p1a: Kingambit|Kingambit, M|100/100
|-activate|p1a: Kingambit|ability: Supreme Overlord
|-start|p1a: Kingambit|fallen3|[silent]
|move|p2a: Dragapult|Shadow Ball|p1a: Kingambit
|-resisted|p1a: Kingambit
|-damage|p1a: Kingambit|75/100
|
|-heal|p1a: Kingambit|81/100|[from] item: Leftovers
|upkeep
|turn|14
|
|t:|1779660760
|switch|p2a: Weezing|Weezing-Galar, F|100/100
|-ability|p2a: Weezing|Neutralizing Gas
|move|p1a: Kingambit|Iron Head|p2a: Weezing
|-supereffective|p2a: Weezing
|-damage|p2a: Weezing|39/100
|
|-heal|p1a: Kingambit|88/100|[from] item: Leftovers
|upkeep
|turn|15
|
|t:|1779660770
|move|p2a: Weezing|Will-O-Wisp|p1a: Kingambit|[miss]
|-miss|p2a: Weezing|p1a: Kingambit
|move|p1a: Kingambit|Iron Head|p2a: Weezing
|-supereffective|p2a: Weezing
|-damage|p2a: Weezing|0 fnt
|faint|p2a: Weezing
|-end|p2a: Weezing|ability: Neutralizing Gas
|-activate|p1a: Kingambit|ability: Supreme Overlord
|-start|p1a: Kingambit|fallen3|[silent]
|
|-heal|p1a: Kingambit|94/100|[from] item: Leftovers
|upkeep
|
|t:|1779660784
|switch|p2a: Dragonite|Dragonite, M|100/100
|turn|16
|c| nesnot|Robbed.
|
|t:|1779660799
|-terastallize|p2a: Dragonite|Fire
|move|p2a: Dragonite|Fire Punch|p1a: Kingambit
|-supereffective|p1a: Kingambit
|-damage|p1a: Kingambit|28/100
|-status|p1a: Kingambit|brn
|move|p1a: Kingambit|Kowtow Cleave|p2a: Dragonite
|-damage|p2a: Dragonite|83/100
|
|-heal|p1a: Kingambit|34/100 brn|[from] item: Leftovers
|-damage|p1a: Kingambit|28/100 brn|[from] brn
|upkeep
|turn|17
|
|t:|1779660803
|move|p2a: Dragonite|Dragon Dance|p2a: Dragonite
|-boost|p2a: Dragonite|atk|1
|-boost|p2a: Dragonite|spe|1
|move|p1a: Kingambit|Kowtow Cleave|p2a: Dragonite
|-damage|p2a: Dragonite|50/100
|
|-heal|p1a: Kingambit|34/100 brn|[from] item: Leftovers
|-damage|p1a: Kingambit|28/100 brn|[from] brn
|upkeep
|turn|18
|
|t:|1779660809
|move|p1a: Kingambit|Sucker Punch|p2a: Dragonite
|-damage|p2a: Dragonite|19/100
|move|p2a: Dragonite|Fire Punch|p1a: Kingambit
|-supereffective|p1a: Kingambit
|-damage|p1a: Kingambit|0 fnt
|faint|p1a: Kingambit
|-end|p1a: Kingambit|fallen3|[silent]
|
|upkeep
|
|t:|1779660823
|switch|p1a: Okidogi|Okidogi, M|84/100
|turn|19
|
|t:|1779660853
|move|p2a: Dragonite|Scale Shot|p1a: Okidogi
|-damage|p1a: Okidogi|65/100
|-crit|p1a: Okidogi
|-damage|p1a: Okidogi|37/100
|-damage|p1a: Okidogi|20/100
|-damage|p1a: Okidogi|2/100
|-damage|p1a: Okidogi|0 fnt
|faint|p1a: Okidogi
|-hitcount|p1: Okidogi|5
|-unboost|p2a: Dragonite|def|1
|-boost|p2a: Dragonite|spe|1
|
|upkeep
|-message|dooozdzdz forfeited.
|
|win|noob1877
|raw|dooozdzdz's rating: 1712 &rarr; <strong>1692</strong><br />(-20 for losing)
|raw|noob1877's rating: 1717 &rarr; <strong>1737</strong><br />(+20 for winning)
|l|☆dooozdzdz
|player|p1|
|l|☆noob1877
|player|p2|
|l| NoirSoumission
|l| nesnot
