|j|☆qwb_dwxx
|j|☆thanzerfaust
|t:|1779689104
|gametype|singles
|player|p1|qwb_dwxx|102|1540
|player|p2|thanzerfaust|guzma|1567
|gen|9
|tier|[Gen 9] OU
|rated|
|rule|HP Percentage Mod: HP is shown in percentages
|rule|Endless Battle Clause: Forcing endless battles is banned
|rule|Species Clause: Limit one of each Pokémon
|rule|OHKO Clause: OHKO moves are banned
|rule|Evasion Items Clause: Evasion items are banned
|rule|Evasion Moves Clause: Evasion moves are banned
|rule|Evasion Abilities Clause: Evasion abilities are banned
|rule|Sleep Moves Clause: Sleep-inducing moves are banned
|clearpoke
|poke|p1|Chesnaught, F|
|poke|p1|Gliscor, M|
|poke|p1|Weezing-Galar, M|
|poke|p1|Goodra-Hisui, M|
|poke|p1|Gholdengo|
|poke|p1|Darkrai|
|poke|p2|Rillaboom, M|
|poke|p2|Great Tusk|
|poke|p2|Kyurem|
|poke|p2|Gholdengo|
|poke|p2|Rotom-Wash|
|poke|p2|Salazzle, F|
|teampreview
|
|t:|1779689131
|teamsize|p1|6
|teamsize|p2|6
|start
|switch|p1a: Goodra|Goodra-Hisui, M|100/100
|switch|p2a: Kyurem|Kyurem|100/100
|-ability|p2a: Kyurem|Pressure
|turn|1
|
|t:|1779689137
|move|p2a: Kyurem|Substitute|p2a: Kyurem
|-start|p2a: Kyurem|Substitute
|-damage|p2a: Kyurem|75/100
|move|p1a: Goodra|Knock Off|p2a: Kyurem
|-end|p2a: Kyurem|Substitute
|
|-heal|p2a: Kyurem|82/100|[from] item: Leftovers
|upkeep
|turn|2
|
|t:|1779689143
|move|p2a: Kyurem|Protect|p2a: Kyurem
|-singleturn|p2a: Kyurem|Protect
|move|p1a: Goodra|Knock Off|p2a: Kyurem
|-activate|p2a: Kyurem|move: Protect
|
|-heal|p2a: Kyurem|88/100|[from] item: Leftovers
|upkeep
|turn|3
|
|t:|1779689159
|switch|p2a: Great Tusk|Great Tusk|100/100
|-enditem|p2a: Great Tusk|Booster Energy
|-activate|p2a: Great Tusk|ability: Protosynthesis|[fromitem]
|-start|p2a: Great Tusk|protosynthesisspe
|move|p1a: Goodra|Knock Off|p2a: Great Tusk
|-resisted|p2a: Great Tusk
|-damage|p2a: Great Tusk|94/100
|
|upkeep
|turn|4
|
|t:|1779689165
|switch|p1a: Chesnaught|Chesnaught, F|100/100
|move|p2a: Great Tusk|Stealth Rock|p1a: Chesnaught
|-sidestart|p1: qwb_dwxx|move: Stealth Rock
|
|upkeep
|turn|5
|
|t:|1779689173
|-end|p2a: Great Tusk|Protosynthesis|[silent]
|switch|p2a: Salazzle|Salazzle, F|100/100
|move|p1a: Chesnaught|Spikes|p2a: Salazzle
|-sidestart|p2: thanzerfaust|Spikes
|
|upkeep
|turn|6
|
|t:|1779689178
|switch|p1a: Gliscor|Gliscor, M|100/100
|-damage|p1a: Gliscor|88/100|[from] Stealth Rock
|move|p2a: Salazzle|Nasty Plot|p2a: Salazzle
|-boost|p2a: Salazzle|spa|2
|
|-status|p1a: Gliscor|tox|[from] item: Toxic Orb
|upkeep
|turn|7
|
|t:|1779689182
|move|p2a: Salazzle|Flamethrower|p1a: Gliscor
|-damage|p1a: Gliscor|15/100 tox
|move|p1a: Gliscor|Earthquake|p2a: Salazzle
|-supereffective|p2a: Salazzle
|-damage|p2a: Salazzle|0 fnt
|faint|p2a: Salazzle
|
|-heal|p1a: Gliscor|27/100 tox|[from] ability: Poison Heal
|upkeep
|
|t:|1779689186
|switch|p2a: Kyurem|Kyurem|88/100
|-damage|p2a: Kyurem|75/100|[from] Spikes
|-ability|p2a: Kyurem|Pressure
|turn|8
|inactive|Battle timer is ON: inactive players will automatically lose when time's up. (requested by thanzerfaust)
|inactive|qwb_dwxx has 120 seconds left.
|inactive|qwb_dwxx has 90 seconds left.
|inactive|qwb_dwxx has 60 seconds left.
|inactive|qwb_dwxx has 30 seconds left.
|inactive|qwb_dwxx has 20 seconds left.
|inactive|qwb_dwxx has 15 seconds left.
|inactive|qwb_dwxx has 10 seconds left.
|inactive|qwb_dwxx has 5 seconds left.
|-message|qwb_dwxx lost due to inactivity.
|
|win|thanzerfaust
|raw|qwb_dwxx's rating: 1540 &rarr; <strong>1522</strong><br />(-18 for losing)
|raw|thanzerfaust's rating: 1567 &rarr; <strong>1585</strong><br />(+18 for winning)
|l|☆thanzerfaust
|player|p2|
