|j|☆Yeissy
|j|☆drstone420
|t:|1779601587
|gametype|singles
|player|p1|Yeissy|veteranf|1251
|player|p2|drstone420|lucas|1299
|gen|9
|tier|[Gen 9] OU
|rated|
|rule|HP Percentage Mod: HP is shown in percentages
|rule|Endless Battle Clause: Forcing endless battles is banned
|rule|Species Clause: Limit one of each Pokémon
|rule|OHKO Clause: OHKO moves are banned
|rule|Evasion Items Clause: Evasion items are banned
|rule|Evasion Moves Clause: Evasion moves are banned
|rule|Evasion Abilities Clause: Evasion abilities are banned
|rule|Sleep Moves Clause: Sleep-inducing moves are banned
|clearpoke
|poke|p1|Cinderace, F|
|poke|p1|Galvantula, M|
|poke|p1|Sableye, F|
|poke|p1|Cinccino, M|
|poke|p1|Raging Bolt|
|poke|p1|Meowscarada, F|
|poke|p2|Dragonite, M|
|poke|p2|Serperior, M|
|poke|p2|Tyranitar, M|
|poke|p2|Excadrill, F|
|poke|p2|Skeledirge, M|
|poke|p2|Zapdos|
|teampreview
|inactive|Battle timer is ON: inactive players will automatically lose when time's up. (requested by Yeissy)
|
|t:|1779601602
|teamsize|p1|6
|teamsize|p2|6
|start
|switch|p1a: Sableye|Sableye, F|100/100
|switch|p2a: Tyranitar|Tyranitar, M, shiny|100/100
|-weather|Sandstorm|[from] ability: Sand Stream|[of] p2a: Tyranitar
|turn|1
|
|t:|1779601613
|move|p1a: Sableye|Reflect|p1a: Sableye
|-sidestart|p1: Yeissy|Reflect
|move|p2a: Tyranitar|Knock Off|p1a: Sableye
|-damage|p1a: Sableye|70/100
|-enditem|p1a: Sableye|Light Clay|[from] move: Knock Off|[of] p2a: Tyranitar
|
|-weather|Sandstorm|[upkeep]
|-damage|p1a: Sableye|64/100|[from] Sandstorm
|upkeep
|turn|2
|
|t:|1779601623
|move|p1a: Sableye|Light Screen|p1a: Sableye
|-sidestart|p1: Yeissy|move: Light Screen
|move|p2a: Tyranitar|Stone Edge|p1a: Sableye
|-damage|p1a: Sableye|34/100
|
|-weather|Sandstorm|[upkeep]
|-damage|p1a: Sableye|29/100|[from] Sandstorm
|upkeep
|turn|3
|
|t:|1779601632
|switch|p1a: Meowscarada|Meowscarada, F|100/100
|move|p2a: Tyranitar|Stealth Rock|p1a: Meowscarada
|-sidestart|p1: Yeissy|move: Stealth Rock
|
|-weather|Sandstorm|[upkeep]
|-damage|p1a: Meowscarada|94/100|[from] Sandstorm
|upkeep
|turn|4
|
|t:|1779601643
|switch|p2a: Zapdos|Zapdos|100/100
|move|p1a: Meowscarada|Hone Claws|p1a: Meowscarada
|-boost|p1a: Meowscarada|atk|1
|-boost|p1a: Meowscarada|accuracy|1
|
|-weather|Sandstorm|[upkeep]
|-damage|p1a: Meowscarada|88/100|[from] Sandstorm
|-damage|p2a: Zapdos|94/100|[from] Sandstorm
|upkeep
|turn|5
|
|t:|1779601652
|move|p1a: Meowscarada|Knock Off|p2a: Zapdos
|-damage|p2a: Zapdos|44/100
|-enditem|p2a: Zapdos|Heavy-Duty Boots|[from] move: Knock Off|[of] p1a: Meowscarada
|move|p2a: Zapdos|Discharge|p1a: Meowscarada
|-resisted|p1a: Meowscarada
|-damage|p1a: Meowscarada|75/100
|
|-weather|none
|upkeep
|turn|6
|
|t:|1779601661
|move|p1a: Meowscarada|Play Rough|p2a: Zapdos
|-damage|p2a: Zapdos|11/100
|-status|p1a: Meowscarada|par|[from] ability: Static|[of] p2a: Zapdos
|move|p2a: Zapdos|Discharge|p1a: Meowscarada
|-resisted|p1a: Meowscarada
|-damage|p1a: Meowscarada|63/100 par
|
|-sideend|p1: Yeissy|move: Light Screen
|upkeep
|turn|7
|
|t:|1779601671
|move|p2a: Zapdos|Hurricane|p1a: Meowscarada
|-supereffective|p1a: Meowscarada
|-damage|p1a: Meowscarada|0 fnt
|faint|p1a: Meowscarada
|
|upkeep
|
|t:|1779601678
|switch|p1a: Galvantula|Galvantula, M|100/100
|-damage|p1a: Galvantula|76/100|[from] Stealth Rock
|turn|8
|
|t:|1779601684
|switch|p2a: Tyranitar|Tyranitar, M, shiny|100/100
|-weather|Sandstorm|[from] ability: Sand Stream|[of] p2a: Tyranitar
|move|p1a: Galvantula|Sticky Web|p2a: Tyranitar
|-sidestart|p2: drstone420|move: Sticky Web
|
|-weather|Sandstorm|[upkeep]
|-damage|p1a: Galvantula|70/100|[from] Sandstorm
|-sideend|p1: Yeissy|Reflect
|upkeep
|turn|9
|
|t:|1779601691
|move|p1a: Galvantula|Bug Buzz|p2a: Tyranitar
|-supereffective|p2a: Tyranitar
|-damage|p2a: Tyranitar|67/100
|move|p2a: Tyranitar|Stone Edge|p1a: Galvantula|[miss]
|-miss|p2a: Tyranitar|p1a: Galvantula
|
|-weather|Sandstorm|[upkeep]
|-damage|p1a: Galvantula|63/100|[from] Sandstorm
|-heal|p2a: Tyranitar|74/100|[from] item: Leftovers
|upkeep
|turn|10
|
|t:|1779601700
|move|p1a: Galvantula|Volt Switch|p2a: Tyranitar
|-crit|p2a: Tyranitar
|-damage|p2a: Tyranitar|55/100
|
|t:|1779601709
|switch|p1a: Cinderace|Cinderace, F|100/100|[from] Volt Switch
|move|p2a: Tyranitar|Stone Edge|p1a: Cinderace|[miss]
|-miss|p2a: Tyranitar|p1a: Cinderace
|
|-weather|Sandstorm|[upkeep]
|-damage|p1a: Cinderace|95/100|[from] Sandstorm
|-heal|p2a: Tyranitar|61/100|[from] item: Leftovers
|upkeep
|turn|11
|
|t:|1779601719
|switch|p2a: Skeledirge|Skeledirge, M|100/100
|move|p1a: Cinderace|Bulk Up|p1a: Cinderace
|-boost|p1a: Cinderace|atk|1
|-boost|p1a: Cinderace|def|1
|
|-weather|Sandstorm|[upkeep]
|-damage|p1a: Cinderace|89/100|[from] Sandstorm
|-damage|p2a: Skeledirge|94/100|[from] Sandstorm
|upkeep
|turn|12
|
|t:|1779601727
|move|p1a: Cinderace|Zen Headbutt|p2a: Skeledirge
|-damage|p2a: Skeledirge|79/100
|move|p2a: Skeledirge|Will-O-Wisp|p1a: Cinderace
|-immune|p1a: Cinderace
|
|-weather|none
|upkeep
|turn|13
|
|t:|1779601737
|move|p1a: Cinderace|Zen Headbutt|p2a: Skeledirge
|-damage|p2a: Skeledirge|63/100
|move|p2a: Skeledirge|Torch Song|p1a: Cinderace
|-resisted|p1a: Cinderace
|-damage|p1a: Cinderace|69/100
|-boost|p2a: Skeledirge|spa|1
|
|upkeep
|turn|14
|
|t:|1779601747
|switch|p1a: Sableye|Sableye, F|29/100
|-damage|p1a: Sableye|16/100|[from] Stealth Rock
|move|p2a: Skeledirge|Torch Song|p1a: Sableye
|-damage|p1a: Sableye|0 fnt
|-boost|p2a: Skeledirge|spa|1
|faint|p1a: Sableye
|
|upkeep
|
|t:|1779601760
|switch|p1a: Galvantula|Galvantula, M|63/100
|-damage|p1a: Galvantula|39/100|[from] Stealth Rock
|turn|15
|
|t:|1779601766
|switch|p2a: Tyranitar|Tyranitar, M, shiny|61/100
|-activate|p2a: Tyranitar|move: Sticky Web
|-unboost|p2a: Tyranitar|spe|1
|-weather|Sandstorm|[from] ability: Sand Stream|[of] p2a: Tyranitar
|move|p1a: Galvantula|Thunder|p2a: Tyranitar
|-damage|p2a: Tyranitar|41/100
|
|-weather|Sandstorm|[upkeep]
|-damage|p1a: Galvantula|33/100|[from] Sandstorm
|-heal|p2a: Tyranitar|47/100|[from] item: Leftovers
|upkeep
|turn|16
|
|t:|1779601776
|move|p1a: Galvantula|Bug Buzz|p2a: Tyranitar
|-supereffective|p2a: Tyranitar
|-damage|p2a: Tyranitar|13/100
|move|p2a: Tyranitar|Stone Edge|p1a: Galvantula
|-supereffective|p1a: Galvantula
|-damage|p1a: Galvantula|0 fnt
|faint|p1a: Galvantula
|
|-weather|Sandstorm|[upkeep]
|-heal|p2a: Tyranitar|19/100|[from] item: Leftovers
|upkeep
|
|t:|1779601785
|switch|p1a: Cinccino|Cinccino, M|100/100
|turn|17
|
|t:|1779601791
|move|p1a: Cinccino|Tidy Up|p1a: Cinccino
|-sideend|p1: Yeissy|Stealth Rock
|-sideend|p2: drstone420|Sticky Web
|-activate|p1a: Cinccino|move: Tidy Up
|-boost|p1a: Cinccino|atk|1
|-boost|p1a: Cinccino|spe|1
|move|p2a: Tyranitar|Thunder Wave|p1a: Cinccino
|-status|p1a: Cinccino|par
|
|-weather|Sandstorm|[upkeep]
|-damage|p1a: Cinccino|94/100 par|[from] Sandstorm
|-heal|p2a: Tyranitar|25/100|[from] item: Leftovers
|upkeep
|turn|18
|
|t:|1779601800
|move|p1a: Cinccino|Bullet Seed|p2a: Tyranitar
|-supereffective|p2a: Tyranitar
|-damage|p2a: Tyranitar|9/100
|-supereffective|p2a: Tyranitar
|-damage|p2a: Tyranitar|0 fnt
|faint|p2a: Tyranitar
|-hitcount|p2: Tyranitar|2
|
|-weather|Sandstorm|[upkeep]
|-damage|p1a: Cinccino|88/100 par|[from] Sandstorm
|upkeep
|
|t:|1779601807
|switch|p2a: Excadrill|Excadrill, F|100/100
|turn|19
|
|t:|1779601812
|move|p2a: Excadrill|Iron Head|p1a: Cinccino
|-damage|p1a: Cinccino|6/100 par
|move|p1a: Cinccino|Bullet Seed|p2a: Excadrill
|-damage|p2a: Excadrill|86/100
|-damage|p2a: Excadrill|71/100
|-damage|p2a: Excadrill|56/100
|-damage|p2a: Excadrill|41/100
|-damage|p2a: Excadrill|27/100
|-hitcount|p2a: Excadrill|5
|
|-weather|none
|upkeep
|turn|20
|
|t:|1779601822
|move|p2a: Excadrill|Rapid Spin|p1a: Cinccino
|-damage|p1a: Cinccino|0 fnt
|-boost|p2a: Excadrill|spe|1
|faint|p1a: Cinccino
|
|upkeep
|
|t:|1779601828
|switch|p1a: Raging Bolt|Raging Bolt|100/100
|-enditem|p1a: Raging Bolt|Booster Energy
|-activate|p1a: Raging Bolt|ability: Protosynthesis|[fromitem]
|-start|p1a: Raging Bolt|protosynthesisspa
|turn|21
|
|t:|1779601834
|-terastallize|p1a: Raging Bolt|Bug
|move|p2a: Excadrill|Earthquake|p1a: Raging Bolt
|-resisted|p1a: Raging Bolt
|-crit|p1a: Raging Bolt
|-damage|p1a: Raging Bolt|67/100
|move|p1a: Raging Bolt|Dragon Pulse|p2a: Excadrill
|-resisted|p2a: Excadrill
|-damage|p2a: Excadrill|0 fnt
|faint|p2a: Excadrill
|
|upkeep
|
|t:|1779601844
|switch|p2a: Zapdos|Zapdos|11/100
|turn|22
|
|t:|1779601851
|move|p1a: Raging Bolt|Thunderclap||[still]
|-fail|p1a: Raging Bolt
|move|p2a: Zapdos|Roost|p2a: Zapdos
|-heal|p2a: Zapdos|61/100
|-singleturn|p2a: Zapdos|move: Roost
|
|upkeep
|turn|23
|
|t:|1779601861
|move|p2a: Zapdos|U-turn|p1a: Raging Bolt
|-damage|p1a: Raging Bolt|55/100
|
|t:|1779601866
|switch|p2a: Serperior|Serperior, M, shiny|100/100|[from] U-turn
|move|p1a: Raging Bolt|Dragon Pulse|p2a: Serperior
|-damage|p2a: Serperior|27/100
|
|-heal|p2a: Serperior|33/100|[from] item: Leftovers
|upkeep
|turn|24
|
|t:|1779601873
|move|p2a: Serperior|Leech Seed|p1a: Raging Bolt
|-start|p1a: Raging Bolt|move: Leech Seed
|move|p1a: Raging Bolt|Dragon Pulse|p2a: Serperior
|-damage|p2a: Serperior|0 fnt
|faint|p2a: Serperior
|
|upkeep
|
|t:|1779601879
|switch|p2a: Zapdos|Zapdos|61/100
|turn|25
|
|t:|1779601883
|move|p2a: Zapdos|Hurricane|p1a: Raging Bolt
|-supereffective|p1a: Raging Bolt
|-damage|p1a: Raging Bolt|0 fnt
|faint|p1a: Raging Bolt
|-end|p1a: Raging Bolt|Protosynthesis|[silent]
|
|upkeep
|
|t:|1779601886
|switch|p1a: Cinderace|Cinderace, F|69/100
|turn|26
|
|t:|1779601892
|move|p1a: Cinderace|Bulk Up|p1a: Cinderace
|-boost|p1a: Cinderace|atk|1
|-boost|p1a: Cinderace|def|1
|move|p2a: Zapdos|Discharge|p1a: Cinderace
|-damage|p1a: Cinderace|21/100
|
|upkeep
|turn|27
|
|t:|1779601898
|move|p1a: Cinderace|Pyro Ball|p2a: Zapdos
|-damage|p2a: Zapdos|0 fnt
|faint|p2a: Zapdos
|
|upkeep
|
|t:|1779601903
|switch|p2a: Skeledirge|Skeledirge, M|63/100
|turn|28
|
|t:|1779601906
|move|p1a: Cinderace|Zen Headbutt|p2a: Skeledirge
|-damage|p2a: Skeledirge|48/100
|cant|p2a: Skeledirge|flinch
|
|upkeep
|turn|29
|
|t:|1779601912
|move|p1a: Cinderace|Zen Headbutt|p2a: Skeledirge
|-damage|p2a: Skeledirge|32/100
|move|p2a: Skeledirge|Hex|p1a: Cinderace
|-damage|p1a: Cinderace|0 fnt
|faint|p1a: Cinderace
|
|win|drstone420
|raw|Yeissy's rating: 1251 &rarr; <strong>1229</strong><br />(-22 for losing)
|raw|drstone420's rating: 1299 &rarr; <strong>1321</strong><br />(+22 for winning)
|l|☆Yeissy
|player|p1|
|l|☆drstone420
|player|p2|
