|j|☆naerzar
|j|☆my shitters
|t:|1779628756
|gametype|singles
|player|p1|naerzar|karen|1405
|player|p2|my shitters|preschooler|1417
|gen|9
|tier|[Gen 9] OU
|rated|
|rule|HP Percentage Mod: HP is shown in percentages
|rule|Endless Battle Clause: Forcing endless battles is banned
|rule|Species Clause: Limit one of each Pokémon
|rule|OHKO Clause: OHKO moves are banned
|rule|Evasion Items Clause: Evasion items are banned
|rule|Evasion Moves Clause: Evasion moves are banned
|rule|Evasion Abilities Clause: Evasion abilities are banned
|rule|Sleep Moves Clause: Sleep-inducing moves are banned
|clearpoke
|poke|p1|Corviknight, F|
|poke|p1|Arcanine-Hisui, M|
|poke|p1|Dragapult, F|
|poke|p1|Umbreon, M|
|poke|p1|Iron Treads|
|poke|p1|Iron Valiant|
|poke|p2|Sableye, F|
|poke|p2|Primeape, M|
|poke|p2|Alcremie-Ruby-Swirl, F|
|poke|p2|Ursaring, F|
|poke|p2|Jolteon, F|
|poke|p2|Brute Bonnet|
|teampreview
|inactive|Battle timer is ON: inactive players will automatically lose when time's up. (requested by my shitters)
|inactive|my shitters has 120 seconds left.
|
|t:|1779628794
|teamsize|p1|6
|teamsize|p2|6
|start
|switch|p1a: Umbreon|Umbreon, M|100/100
|switch|p2a: Sableye|Sableye, F|100/100
|turn|1
|
|t:|1779628799
|move|p2a: Sableye|Light Screen|p2a: Sableye
|-sidestart|p2: my shitters|move: Light Screen
|move|p1a: Umbreon|Toxic|p2a: Sableye
|-status|p2a: Sableye|tox
|
|-damage|p2a: Sableye|95/100 tox|[from] psn
|upkeep
|turn|2
|
|t:|1779628804
|move|p2a: Sableye|Reflect|p2a: Sableye
|-sidestart|p2: my shitters|Reflect
|move|p1a: Umbreon|Foul Play|p2a: Sableye
|-damage|p2a: Sableye|85/100 tox
|
|-damage|p2a: Sableye|73/100 tox|[from] psn
|upkeep
|turn|3
|
|t:|1779628810
|switch|p2a: PonnieColeman|Primeape, M|100/100
|move|p1a: Umbreon|Toxic|p2a: PonnieColeman
|-status|p2a: PonnieColeman|tox
|
|-damage|p2a: PonnieColeman|95/100 tox|[from] psn
|upkeep
|turn|4
|
|t:|1779628815
|switch|p1a: Iron Valiant|Iron Valiant|100/100
|-enditem|p1a: Iron Valiant|Booster Energy
|-activate|p1a: Iron Valiant|ability: Quark Drive|[fromitem]
|-start|p1a: Iron Valiant|quarkdrivespe
|move|p2a: PonnieColeman|Bulk Up|p2a: PonnieColeman
|-boost|p2a: PonnieColeman|atk|1
|-boost|p2a: PonnieColeman|def|1
|
|-damage|p2a: PonnieColeman|83/100 tox|[from] psn
|upkeep
|turn|5
|
|t:|1779628826
|move|p1a: Iron Valiant|Encore|p2a: PonnieColeman
|-start|p2a: PonnieColeman|Encore
|move|p2a: PonnieColeman|Bulk Up|p2a: PonnieColeman
|-boost|p2a: PonnieColeman|atk|1
|-boost|p2a: PonnieColeman|def|1
|
|-damage|p2a: PonnieColeman|65/100 tox|[from] psn
|upkeep
|turn|6
|
|t:|1779628835
|switch|p2a: Only4CubLinx|Ursaring, F|100/100
|move|p1a: Iron Valiant|Calm Mind|p1a: Iron Valiant
|-boost|p1a: Iron Valiant|spa|1
|-boost|p1a: Iron Valiant|spd|1
|
|-status|p2a: Only4CubLinx|brn|[from] item: Flame Orb
|upkeep
|turn|7
|
|t:|1779628848
|move|p1a: Iron Valiant|Aura Sphere|p2a: Only4CubLinx
|-supereffective|p2a: Only4CubLinx
|-damage|p2a: Only4CubLinx|17/100 brn
|move|p2a: Only4CubLinx|Facade|p1a: Iron Valiant
|-damage|p1a: Iron Valiant|0 fnt
|faint|p1a: Iron Valiant
|-end|p1a: Iron Valiant|Quark Drive|[silent]
|
|-damage|p2a: Only4CubLinx|11/100 brn|[from] brn
|upkeep
|
|t:|1779628862
|switch|p1a: Umbreon|Umbreon, M|100/100
|turn|8
|
|t:|1779628878
|move|p2a: Only4CubLinx|Swords Dance|p2a: Only4CubLinx
|-boost|p2a: Only4CubLinx|atk|2
|move|p1a: Umbreon|Wish|p1a: Umbreon
|
|-damage|p2a: Only4CubLinx|5/100 brn|[from] brn
|-sideend|p2: my shitters|move: Light Screen
|upkeep
|turn|9
|
|t:|1779628883
|move|p1a: Umbreon|Protect|p1a: Umbreon
|-singleturn|p1a: Umbreon|Protect
|move|p2a: Only4CubLinx|Facade|p1a: Umbreon
|-activate|p1a: Umbreon|move: Protect
|
|-damage|p2a: Only4CubLinx|0 fnt|[from] brn
|faint|p2a: Only4CubLinx
|-sideend|p2: my shitters|Reflect
|upkeep
|
|t:|1779628903
|switch|p2a: Sableye|Sableye, F|73/100 tox
|turn|10
|
|t:|1779628907
|move|p2a: Sableye|Reflect|p2a: Sableye
|-sidestart|p2: my shitters|Reflect
|move|p1a: Umbreon|Foul Play|p2a: Sableye
|-damage|p2a: Sableye|64/100 tox
|
|-damage|p2a: Sableye|58/100 tox|[from] psn
|upkeep
|turn|11
|
|t:|1779628919
|move|p2a: Sableye|Light Screen|p2a: Sableye
|-sidestart|p2: my shitters|move: Light Screen
|move|p1a: Umbreon|Foul Play|p2a: Sableye
|-damage|p2a: Sableye|48/100 tox
|
|-damage|p2a: Sableye|36/100 tox|[from] psn
|upkeep
|turn|12
|
|t:|1779628923
|switch|p2a: PonnieColeman|Primeape, M|65/100 tox
|move|p1a: Umbreon|Foul Play|p2a: PonnieColeman
|-resisted|p2a: PonnieColeman
|-damage|p2a: PonnieColeman|56/100 tox
|
|-damage|p2a: PonnieColeman|50/100 tox|[from] psn
|upkeep
|turn|13
|
|t:|1779628928
|move|p2a: PonnieColeman|Bulk Up|p2a: PonnieColeman
|-boost|p2a: PonnieColeman|atk|1
|-boost|p2a: PonnieColeman|def|1
|move|p1a: Umbreon|Wish|p1a: Umbreon
|
|-damage|p2a: PonnieColeman|38/100 tox|[from] psn
|upkeep
|turn|14
|
|t:|1779628934
|move|p2a: PonnieColeman|Bulk Up|p2a: PonnieColeman
|-boost|p2a: PonnieColeman|atk|1
|-boost|p2a: PonnieColeman|def|1
|move|p1a: Umbreon|Foul Play|p2a: PonnieColeman
|-resisted|p2a: PonnieColeman
|-damage|p2a: PonnieColeman|28/100 tox
|
|-damage|p2a: PonnieColeman|10/100 tox|[from] psn
|upkeep
|turn|15
|
|t:|1779628938
|move|p1a: Umbreon|Protect|p1a: Umbreon
|-singleturn|p1a: Umbreon|Protect
|move|p2a: PonnieColeman|Rest|p2a: PonnieColeman
|-status|p2a: PonnieColeman|slp|[from] move: Rest
|-heal|p2a: PonnieColeman|100/100 slp|[silent]
|
|upkeep
|turn|16
|
|t:|1779628944
|switch|p1a: Dragapult|Dragapult, F|100/100
|cant|p2a: PonnieColeman|slp
|
|upkeep
|turn|17
|
|t:|1779628948
|move|p1a: Dragapult|Shadow Ball|p2a: PonnieColeman
|-damage|p2a: PonnieColeman|58/100 slp
|-unboost|p2a: PonnieColeman|spd|1
|-ability|p2a: PonnieColeman|Defiant|boost
|-boost|p2a: PonnieColeman|atk|2
|cant|p2a: PonnieColeman|slp
|
|-sideend|p2: my shitters|Reflect
|upkeep
|turn|18
|
|t:|1779628953
|switch|p2a: Brute Bonnet|Brute Bonnet|100/100
|-enditem|p2a: Brute Bonnet|Booster Energy
|-activate|p2a: Brute Bonnet|ability: Protosynthesis|[fromitem]
|-start|p2a: Brute Bonnet|protosynthesisatk
|move|p1a: Dragapult|Shadow Ball|p2a: Brute Bonnet
|-resisted|p2a: Brute Bonnet
|-damage|p2a: Brute Bonnet|81/100
|-unboost|p2a: Brute Bonnet|spd|1
|
|-sideend|p2: my shitters|move: Light Screen
|upkeep
|turn|19
|
|t:|1779628964
|switch|p1a: Corviknight|Corviknight, F|100/100
|-ability|p1a: Corviknight|Pressure
|-end|p2a: Brute Bonnet|Protosynthesis|[silent]
|switch|p2a: Jolteon|Jolteon, F|100/100
|
|upkeep
|turn|20
|
|t:|1779628973
|switch|p1a: Iron Treads|Iron Treads|100/100
|move|p2a: Jolteon|Shadow Ball|p1a: Iron Treads
|-damage|p1a: Iron Treads|74/100
|-damage|p2a: Jolteon|91/100|[from] item: Life Orb
|
|-heal|p1a: Iron Treads|80/100|[from] item: Leftovers
|upkeep
|turn|21
|
|t:|1779629003
|switch|p2a: PonnieColeman|Primeape, M|58/100 slp
|move|p1a: Iron Treads|Stealth Rock|p2a: PonnieColeman
|-sidestart|p2: my shitters|move: Stealth Rock
|
|-heal|p1a: Iron Treads|87/100|[from] item: Leftovers
|upkeep
|turn|22
|
|t:|1779629013
|-curestatus|p2a: PonnieColeman|slp|[msg]
|move|p2a: PonnieColeman|Drain Punch|p1a: Iron Treads
|-supereffective|p1a: Iron Treads
|-damage|p1a: Iron Treads|46/100
|-heal|p2a: PonnieColeman|82/100|[from] drain|[of] p1a: Iron Treads
|move|p1a: Iron Treads|Knock Off|p2a: PonnieColeman
|-resisted|p2a: PonnieColeman
|-damage|p2a: PonnieColeman|68/100
|-enditem|p2a: PonnieColeman|Eviolite|[from] move: Knock Off|[of] p1a: Iron Treads
|
|-heal|p1a: Iron Treads|52/100|[from] item: Leftovers
|upkeep
|turn|23
|
|t:|1779629026
|-end|p1a: Iron Treads|Quark Drive|[silent]
|switch|p1a: Corviknight|Corviknight, F|100/100
|-ability|p1a: Corviknight|Pressure
|move|p2a: PonnieColeman|Rage Fist|p1a: Corviknight
|-damage|p1a: Corviknight|67/100
|-damage|p2a: PonnieColeman|52/100|[from] item: Rocky Helmet|[of] p1a: Corviknight
|
|upkeep
|turn|24
|
|t:|1779629044
|move|p2a: PonnieColeman|Bulk Up|p2a: PonnieColeman
|-boost|p2a: PonnieColeman|atk|1
|-boost|p2a: PonnieColeman|def|1
|move|p1a: Corviknight|Roost|p1a: Corviknight
|-heal|p1a: Corviknight|100/100
|-singleturn|p1a: Corviknight|move: Roost
|
|upkeep
|turn|25
|
|t:|1779629053
|move|p2a: PonnieColeman|Rage Fist|p1a: Corviknight
|-crit|p1a: Corviknight
|-damage|p1a: Corviknight|22/100
|-damage|p2a: PonnieColeman|35/100|[from] item: Rocky Helmet|[of] p1a: Corviknight
|move|p1a: Corviknight|Brave Bird|p2a: PonnieColeman
|-supereffective|p2a: PonnieColeman
|-damage|p2a: PonnieColeman|0 fnt
|faint|p2a: PonnieColeman
|-damage|p1a: Corviknight|13/100|[from] Recoil
|
|upkeep
|
|t:|1779629059
|switch|p2a: Brute Bonnet|Brute Bonnet|81/100
|-damage|p2a: Brute Bonnet|69/100|[from] Stealth Rock
|turn|26
|
|t:|1779629063
|move|p1a: Corviknight|Roost|p1a: Corviknight
|-heal|p1a: Corviknight|63/100
|-singleturn|p1a: Corviknight|move: Roost
|move|p2a: Brute Bonnet|Crunch|p1a: Corviknight
|-damage|p1a: Corviknight|35/100
|-damage|p2a: Brute Bonnet|52/100|[from] item: Rocky Helmet|[of] p1a: Corviknight
|
|upkeep
|turn|27
|
|t:|1779629073
|move|p1a: Corviknight|Roost|p1a: Corviknight
|-heal|p1a: Corviknight|85/100
|-singleturn|p1a: Corviknight|move: Roost
|move|p2a: Brute Bonnet|Crunch|p1a: Corviknight
|-crit|p1a: Corviknight
|-damage|p1a: Corviknight|42/100
|-damage|p2a: Brute Bonnet|35/100|[from] item: Rocky Helmet|[of] p1a: Corviknight
|
|upkeep
|turn|28
|
|t:|1779629077
|-end|p2a: Brute Bonnet|Protosynthesis|[silent]
|switch|p2a: Sableye|Sableye, F|36/100 tox
|-damage|p2a: Sableye|24/100 tox|[from] Stealth Rock
|move|p1a: Corviknight|Roost|p1a: Corviknight
|-heal|p1a: Corviknight|92/100
|-singleturn|p1a: Corviknight|move: Roost
|
|-damage|p2a: Sableye|18/100 tox|[from] psn
|upkeep
|turn|29
|
|t:|1779629080
|switch|p1a: Umbreon|Umbreon, M|100/100
|move|p2a: Sableye|Light Screen|p2a: Sableye
|-sidestart|p2: my shitters|move: Light Screen
|
|-damage|p2a: Sableye|6/100 tox|[from] psn
|upkeep
|turn|30
|
|t:|1779629084
|move|p2a: Sableye|Reflect|p2a: Sableye
|-sidestart|p2: my shitters|Reflect
|move|p1a: Umbreon|Wish|p1a: Umbreon
|
|-damage|p2a: Sableye|0 fnt|[from] psn
|faint|p2a: Sableye
|upkeep
|
|t:|1779629086
|switch|p2a: CremDeLaCreamie|Alcremie-Ruby-Swirl, F|100/100
|-damage|p2a: CremDeLaCreamie|88/100|[from] Stealth Rock
|turn|31
|
|t:|1779629087
|switch|p1a: Iron Treads|Iron Treads|52/100
|-terastallize|p2a: CremDeLaCreamie|Steel
|move|p2a: CremDeLaCreamie|Acid Armor|p2a: CremDeLaCreamie
|-boost|p2a: CremDeLaCreamie|def|2
|
|-heal|p1a: Iron Treads|100/100|[from] move: Wish|[wisher] Umbreon
|-heal|p2a: CremDeLaCreamie|94/100|[from] item: Leftovers
|upkeep
|turn|32
|
|t:|1779629094
|move|p1a: Iron Treads|Knock Off|p2a: CremDeLaCreamie
|-damage|p2a: CremDeLaCreamie|89/100
|-enditem|p2a: CremDeLaCreamie|Leftovers|[from] move: Knock Off|[of] p1a: Iron Treads
|move|p2a: CremDeLaCreamie|Acid Armor|p2a: CremDeLaCreamie
|-boost|p2a: CremDeLaCreamie|def|2
|
|upkeep
|turn|33
|
|t:|1779629119
|-end|p1a: Iron Treads|Quark Drive|[silent]
|switch|p1a: Arcanine|Arcanine-Hisui, M|100/100
|move|p2a: CremDeLaCreamie|Calm Mind|p2a: CremDeLaCreamie
|-boost|p2a: CremDeLaCreamie|spa|1
|-boost|p2a: CremDeLaCreamie|spd|1
|
|upkeep
|turn|34
|
|t:|1779629132
|switch|p1a: Dragapult|Dragapult, F|100/100
|move|p2a: CremDeLaCreamie|Calm Mind|p2a: CremDeLaCreamie
|-boost|p2a: CremDeLaCreamie|spa|1
|-boost|p2a: CremDeLaCreamie|spd|1
|
|upkeep
|turn|35
|
|t:|1779629140
|move|p1a: Dragapult|Flamethrower|p2a: CremDeLaCreamie
|-supereffective|p2a: CremDeLaCreamie
|-damage|p2a: CremDeLaCreamie|55/100
|move|p2a: CremDeLaCreamie|Draining Kiss|p1a: Dragapult
|-supereffective|p1a: Dragapult
|-damage|p1a: Dragapult|0 fnt
|-heal|p2a: CremDeLaCreamie|100/100|[from] drain|[of] p1a: Dragapult
|faint|p1a: Dragapult
|
|upkeep
|
|t:|1779629151
|switch|p1a: Arcanine|Arcanine-Hisui, M|100/100
|turn|36
|
|t:|1779629155
|move|p1a: Arcanine|Flare Blitz|p2a: CremDeLaCreamie
|-supereffective|p2a: CremDeLaCreamie
|-damage|p2a: CremDeLaCreamie|73/100
|move|p2a: CremDeLaCreamie|Stored Power|p1a: Arcanine
|-damage|p1a: Arcanine|0 fnt
|faint|p1a: Arcanine
|
|-sideend|p2: my shitters|move: Light Screen
|upkeep
|
|t:|1779629167
|switch|p1a: Iron Treads|Iron Treads|100/100
|turn|37
|
|t:|1779629171
|move|p1a: Iron Treads|Earthquake|p2a: CremDeLaCreamie
|-supereffective|p2a: CremDeLaCreamie
|-damage|p2a: CremDeLaCreamie|60/100
|move|p2a: CremDeLaCreamie|Acid Armor|p2a: CremDeLaCreamie
|-boost|p2a: CremDeLaCreamie|def|2
|
|-sideend|p2: my shitters|Reflect
|upkeep
|turn|38
|
|t:|1779629175
|move|p1a: Iron Treads|Earthquake|p2a: CremDeLaCreamie
|-supereffective|p2a: CremDeLaCreamie
|-damage|p2a: CremDeLaCreamie|42/100
|move|p2a: CremDeLaCreamie|Calm Mind|p2a: CremDeLaCreamie
|-boost|p2a: CremDeLaCreamie|spa|1
|-boost|p2a: CremDeLaCreamie|spd|1
|
|upkeep
|turn|39
|
|t:|1779629177
|move|p1a: Iron Treads|Earthquake|p2a: CremDeLaCreamie
|-supereffective|p2a: CremDeLaCreamie
|-damage|p2a: CremDeLaCreamie|25/100
|move|p2a: CremDeLaCreamie|Draining Kiss|p1a: Iron Treads
|-resisted|p1a: Iron Treads
|-damage|p1a: Iron Treads|81/100
|-heal|p2a: CremDeLaCreamie|42/100|[from] drain|[of] p1a: Iron Treads
|
|-heal|p1a: Iron Treads|87/100|[from] item: Leftovers
|upkeep
|turn|40
|
|t:|1779629194
|move|p1a: Iron Treads|Earthquake|p2a: CremDeLaCreamie
|-supereffective|p2a: CremDeLaCreamie
|-damage|p2a: CremDeLaCreamie|22/100
|move|p2a: CremDeLaCreamie|Draining Kiss|p1a: Iron Treads
|-resisted|p1a: Iron Treads
|-damage|p1a: Iron Treads|66/100
|-heal|p2a: CremDeLaCreamie|40/100|[from] drain|[of] p1a: Iron Treads
|
|-heal|p1a: Iron Treads|72/100|[from] item: Leftovers
|upkeep
|turn|41
|
|t:|1779629197
|move|p1a: Iron Treads|Earthquake|p2a: CremDeLaCreamie
|-supereffective|p2a: CremDeLaCreamie
|-damage|p2a: CremDeLaCreamie|22/100
|move|p2a: CremDeLaCreamie|Draining Kiss|p1a: Iron Treads
|-resisted|p1a: Iron Treads
|-damage|p1a: Iron Treads|54/100
|-heal|p2a: CremDeLaCreamie|39/100|[from] drain|[of] p1a: Iron Treads
|
|-heal|p1a: Iron Treads|60/100|[from] item: Leftovers
|upkeep
|turn|42
|
|t:|1779629201
|move|p1a: Iron Treads|Earthquake|p2a: CremDeLaCreamie
|-supereffective|p2a: CremDeLaCreamie
|-damage|p2a: CremDeLaCreamie|20/100
|move|p2a: CremDeLaCreamie|Stored Power|p1a: Iron Treads
|-resisted|p1a: Iron Treads
|-damage|p1a: Iron Treads|0 fnt
|faint|p1a: Iron Treads
|-end|p1a: Iron Treads|Quark Drive|[silent]
|
|upkeep
|
|t:|1779629213
|switch|p1a: Corviknight|Corviknight, F|92/100
|-ability|p1a: Corviknight|Pressure
|turn|43
|
|t:|1779629222
|move|p1a: Corviknight|Brave Bird|p2a: CremDeLaCreamie
|-resisted|p2a: CremDeLaCreamie
|-damage|p2a: CremDeLaCreamie|16/100
|-damage|p1a: Corviknight|91/100|[from] Recoil
|move|p2a: CremDeLaCreamie|Calm Mind|p2a: CremDeLaCreamie
|-boost|p2a: CremDeLaCreamie|spa|1
|-boost|p2a: CremDeLaCreamie|spd|1
|
|upkeep
|turn|44
|
|t:|1779629231
|move|p1a: Corviknight|Brave Bird|p2a: CremDeLaCreamie
|-resisted|p2a: CremDeLaCreamie
|-damage|p2a: CremDeLaCreamie|12/100
|-damage|p1a: Corviknight|90/100|[from] Recoil
|move|p2a: CremDeLaCreamie|Stored Power|p1a: Corviknight
|-resisted|p1a: Corviknight
|-damage|p1a: Corviknight|0 fnt
|faint|p1a: Corviknight
|
|upkeep
|
|t:|1779629234
|switch|p1a: Umbreon|Umbreon, M|100/100
|turn|45
|
|t:|1779629235
|move|p1a: Umbreon|Foul Play|p2a: CremDeLaCreamie
|-damage|p2a: CremDeLaCreamie|9/100
|move|p2a: CremDeLaCreamie|Draining Kiss|p1a: Umbreon
|-supereffective|p1a: Umbreon
|-damage|p1a: Umbreon|21/100
|-heal|p2a: CremDeLaCreamie|79/100|[from] drain|[of] p1a: Umbreon
|
|-heal|p1a: Umbreon|27/100|[from] item: Leftovers
|upkeep
|turn|46
|
|t:|1779629239
|move|p1a: Umbreon|Foul Play|p2a: CremDeLaCreamie
|-damage|p2a: CremDeLaCreamie|75/100
|move|p2a: CremDeLaCreamie|Draining Kiss|p1a: Umbreon
|-supereffective|p1a: Umbreon
|-damage|p1a: Umbreon|0 fnt
|-heal|p2a: CremDeLaCreamie|99/100|[from] drain|[of] p1a: Umbreon
|faint|p1a: Umbreon
|
|win|my shitters
|raw|naerzar's rating: 1405 &rarr; <strong>1386</strong><br />(-19 for losing)
|raw|my shitters's rating: 1417 &rarr; <strong>1436</strong><br />(+19 for winning)
|l|☆my shitters
|player|p2|
|l|☆naerzar
|player|p1|
