|j|☆wbpresents
|j|☆redundantcolon
|t:|1779630845
|gametype|singles
|player|p1|wbpresents|riley|1123
|player|p2|redundantcolon|101|1118
|gen|9
|tier|[Gen 9] OU
|rated|
|rule|HP Percentage Mod: HP is shown in percentages
|rule|Endless Battle Clause: Forcing endless battles is banned
|rule|Species Clause: Limit one of each Pokémon
|rule|OHKO Clause: OHKO moves are banned
|rule|Evasion Items Clause: Evasion items are banned
|rule|Evasion Moves Clause: Evasion moves are banned
|rule|Evasion Abilities Clause: Evasion abilities are banned
|rule|Sleep Moves Clause: Sleep-inducing moves are banned
|clearpoke
|poke|p1|Gastrodon, F|
|poke|p1|Mimikyu, M|
|poke|p1|Gliscor, M|
|poke|p1|Zoroark, F|
|poke|p1|Garganacl, M|
|poke|p1|Skeledirge, M|
|poke|p2|Ceruledge, M|
|poke|p2|Hatterene, F|
|poke|p2|Dragonite, F|
|poke|p2|Glimmora, F|
|poke|p2|Kyurem|
|poke|p2|Skarmory, F|
|teampreview
|inactive|Battle timer is ON: inactive players will automatically lose when time's up. (requested by wbpresents)
|
|t:|1779630878
|teamsize|p1|6
|teamsize|p2|6
|start
|switch|p1a: Garganacl|Garganacl, M|100/100
|switch|p2a: Glimmora|Glimmora, F|100/100
|turn|1
|
|t:|1779630882
|move|p2a: Glimmora|Stealth Rock|p1a: Garganacl
|-sidestart|p1: wbpresents|move: Stealth Rock
|move|p1a: Garganacl|Earthquake|p2a: Glimmora
|-supereffective|p2a: Glimmora
|-enditem|p2a: Glimmora|Focus Sash
|-damage|p2a: Glimmora|1/100
|-activate|p2a: Glimmora|ability: Toxic Debris
|-sidestart|p1: wbpresents|move: Toxic Spikes
|
|upkeep
|turn|2
|
|t:|1779630888
|move|p2a: Glimmora|Earth Power|p1a: Garganacl
|-supereffective|p1a: Garganacl
|-damage|p1a: Garganacl|48/100
|move|p1a: Garganacl|Salt Cure|p2a: Glimmora
|-damage|p2a: Glimmora|0 fnt
|-activate|p2a: Glimmora|ability: Toxic Debris
|-sidestart|p1: wbpresents|move: Toxic Spikes
|faint|p2a: Glimmora
|
|-heal|p1a: Garganacl|54/100|[from] item: Leftovers
|upkeep
|
|t:|1779630896
|switch|p2a: Kyurem|Kyurem|100/100
|-ability|p2a: Kyurem|Pressure
|turn|3
|
|t:|1779630904
|-terastallize|p1a: Garganacl|Ghost
|move|p2a: Kyurem|Dragon Dance|p2a: Kyurem
|-boost|p2a: Kyurem|atk|1
|-boost|p2a: Kyurem|spe|1
|move|p1a: Garganacl|Recover|p1a: Garganacl
|-heal|p1a: Garganacl|100/100
|
|upkeep
|turn|4
|
|t:|1779630908
|move|p2a: Kyurem|Dragon Dance|p2a: Kyurem
|-boost|p2a: Kyurem|atk|1
|-boost|p2a: Kyurem|spe|1
|move|p1a: Garganacl|Body Press|p2a: Kyurem
|-supereffective|p2a: Kyurem
|-damage|p2a: Kyurem|38/100
|
|upkeep
|turn|5
|
|t:|1779630910
|move|p2a: Kyurem|Icicle Spear|p1a: Garganacl
|-damage|p1a: Garganacl|87/100
|-crit|p1a: Garganacl
|-damage|p1a: Garganacl|66/100
|-damage|p1a: Garganacl|54/100
|-damage|p1a: Garganacl|42/100
|-damage|p1a: Garganacl|28/100
|-hitcount|p1a: Garganacl|5
|move|p1a: Garganacl|Body Press|p2a: Kyurem
|-supereffective|p2a: Kyurem
|-damage|p2a: Kyurem|0 fnt
|faint|p2a: Kyurem
|
|-heal|p1a: Garganacl|35/100|[from] item: Leftovers
|upkeep
|
|t:|1779630920
|switch|p2a: Ceruledge|Ceruledge, M|100/100
|turn|6
|
|t:|1779630923
|move|p2a: Ceruledge|Swords Dance|p2a: Ceruledge
|-boost|p2a: Ceruledge|atk|2
|move|p1a: Garganacl|Recover|p1a: Garganacl
|-heal|p1a: Garganacl|85/100
|
|-heal|p1a: Garganacl|91/100|[from] item: Leftovers
|upkeep
|turn|7
|
|t:|1779630927
|move|p2a: Ceruledge|Bitter Blade|p1a: Garganacl
|-damage|p1a: Garganacl|40/100
|move|p1a: Garganacl|Salt Cure|p2a: Ceruledge
|-supereffective|p2a: Ceruledge
|-damage|p2a: Ceruledge|63/100
|-start|p2a: Ceruledge|Salt Cure
|-ability|p2a: Ceruledge|Weak Armor|boost
|-unboost|p2a: Ceruledge|def|1
|-boost|p2a: Ceruledge|spe|2
|
|-heal|p1a: Garganacl|46/100|[from] item: Leftovers
|-damage|p2a: Ceruledge|50/100|[from] Salt Cure
|upkeep
|turn|8
|
|t:|1779630932
|move|p2a: Ceruledge|Bitter Blade|p1a: Garganacl
|-damage|p1a: Garganacl|0 fnt
|-heal|p2a: Ceruledge|82/100|[from] drain|[of] p1a: Garganacl
|faint|p1a: Garganacl
|
|-damage|p2a: Ceruledge|70/100|[from] Salt Cure
|upkeep
|
|t:|1779630943
|switch|p1a: Gastrodon|Gastrodon, F|100/100
|-damage|p1a: Gastrodon|88/100|[from] Stealth Rock
|-status|p1a: Gastrodon|tox
|turn|9
|
|t:|1779630949
|move|p2a: Ceruledge|Close Combat|p1a: Gastrodon
|-supereffective|p1a: Gastrodon
|-damage|p1a: Gastrodon|0 fnt
|-unboost|p2a: Ceruledge|def|1
|-unboost|p2a: Ceruledge|spd|1
|replace|p1a: Zoroark|Zoroark, F
|-end|p1a: Zoroark|Illusion
|faint|p1a: Zoroark
|
|-damage|p2a: Ceruledge|58/100|[from] Salt Cure
|upkeep
|
|t:|1779630958
|switch|p1a: Gliscor|Gliscor, M|100/100
|-damage|p1a: Gliscor|88/100|[from] Stealth Rock
|turn|10
|
|t:|1779630961
|move|p2a: Ceruledge|Bitter Blade|p1a: Gliscor
|-damage|p1a: Gliscor|25/100
|-heal|p2a: Ceruledge|96/100|[from] drain|[of] p1a: Gliscor
|move|p1a: Gliscor|Knock Off|p2a: Ceruledge
|-supereffective|p2a: Ceruledge
|-crit|p2a: Ceruledge
|-damage|p2a: Ceruledge|0 fnt
|-enditem|p2a: Ceruledge|Focus Sash|[from] move: Knock Off|[of] p1a: Gliscor
|faint|p2a: Ceruledge
|
|-status|p1a: Gliscor|tox|[from] item: Toxic Orb
|upkeep
|
|t:|1779630967
|switch|p2a: Hatterene|Hatterene, F|100/100
|turn|11
|
|t:|1779630974
|move|p1a: Gliscor|Facade|p2a: Hatterene
|-damage|p2a: Hatterene|64/100
|move|p2a: Hatterene|Dazzling Gleam|p1a: Gliscor
|-damage|p1a: Gliscor|0 fnt
|faint|p1a: Gliscor
|
|upkeep
|
|t:|1779630979
|switch|p1a: Mimikyu|Mimikyu, M|100/100
|-damage|p1a: Mimikyu|88/100|[from] Stealth Rock
|-status|p1a: Mimikyu|tox
|turn|12
|
|t:|1779630983
|move|p1a: Mimikyu|Swords Dance|p1a: Mimikyu
|-boost|p1a: Mimikyu|atk|2
|move|p2a: Hatterene|Dazzling Gleam|p1a: Mimikyu
|-activate|p1a: Mimikyu|ability: Disguise
|-damage|p1a: Mimikyu|88/100 tox
|detailschange|p1a: Mimikyu|Mimikyu-Busted, M
|-damage|p1a: Mimikyu|76/100 tox|[from] pokemon: Mimikyu-Busted
|
|-damage|p1a: Mimikyu|70/100 tox|[from] psn
|upkeep
|turn|13
|
|t:|1779630987
|move|p1a: Mimikyu|Shadow Sneak|p2a: Hatterene
|-supereffective|p2a: Hatterene
|-damage|p2a: Hatterene|0 fnt
|faint|p2a: Hatterene
|-damage|p1a: Mimikyu|60/100 tox|[from] item: Life Orb
|
|-damage|p1a: Mimikyu|48/100 tox|[from] psn
|upkeep
|
|t:|1779630989
|switch|p2a: Skarmory|Skarmory, F|100/100
|turn|14
|
|t:|1779631002
|move|p2a: Skarmory|Iron Head|p1a: Mimikyu
|-supereffective|p1a: Mimikyu
|-damage|p1a: Mimikyu|0 fnt
|faint|p1a: Mimikyu
|-damage|p2a: Skarmory|91/100|[from] item: Life Orb
|
|upkeep
|
|t:|1779631006
|switch|p1a: Skeledirge|Skeledirge, M|100/100
|-damage|p1a: Skeledirge|75/100|[from] Stealth Rock
|-status|p1a: Skeledirge|tox
|turn|15
|
|t:|1779631010
|move|p2a: Skarmory|Drill Run|p1a: Skeledirge
|-supereffective|p1a: Skeledirge
|-damage|p1a: Skeledirge|43/100 tox
|-damage|p2a: Skarmory|74/100|[from] item: Rocky Helmet|[of] p1a: Skeledirge
|-damage|p2a: Skarmory|64/100|[from] item: Life Orb
|move|p1a: Skeledirge|Torch Song|p2a: Skarmory
|-supereffective|p2a: Skarmory
|-damage|p2a: Skarmory|0 fnt
|-boost|p1a: Skeledirge|spa|1
|faint|p2a: Skarmory
|
|-damage|p1a: Skeledirge|37/100 tox|[from] psn
|upkeep
|
|t:|1779631015
|switch|p2a: Dragonite|Dragonite, F|100/100
|turn|16
|
|t:|1779631018
|move|p2a: Dragonite|Earthquake|p1a: Skeledirge
|-supereffective|p1a: Skeledirge
|-damage|p1a: Skeledirge|0 fnt
|faint|p1a: Skeledirge
|
|upkeep
|
|t:|1779631021
|switch|p1a: Gastrodon|Gastrodon, F|100/100
|-damage|p1a: Gastrodon|94/100|[from] Stealth Rock
|-status|p1a: Gastrodon|tox
|turn|17
|
|t:|1779631025
|-terastallize|p2a: Dragonite|Normal
|move|p2a: Dragonite|Dragon Dance|p2a: Dragonite
|-boost|p2a: Dragonite|atk|1
|-boost|p2a: Dragonite|spe|1
|move|p1a: Gastrodon|Ice Beam|p2a: Dragonite
|-damage|p2a: Dragonite|85/100
|
|-heal|p1a: Gastrodon|100/100 tox|[from] item: Leftovers
|-damage|p1a: Gastrodon|94/100 tox|[from] psn
|upkeep
|turn|18
|
|t:|1779631031
|move|p2a: Dragonite|Dragon Dance|p2a: Dragonite
|-boost|p2a: Dragonite|atk|1
|-boost|p2a: Dragonite|spe|1
|move|p1a: Gastrodon|Earth Power|p2a: Dragonite
|-damage|p2a: Dragonite|40/100
|
|-heal|p1a: Gastrodon|100/100 tox|[from] item: Leftovers
|-damage|p1a: Gastrodon|88/100 tox|[from] psn
|upkeep
|turn|19
|
|t:|1779631036
|move|p2a: Dragonite|Extreme Speed|p1a: Gastrodon
|-damage|p1a: Gastrodon|0 fnt
|faint|p1a: Gastrodon
|
|win|redundantcolon
|raw|wbpresents's rating: 1123 &rarr; <strong>1098</strong><br />(-25 for losing)
|raw|redundantcolon's rating: 1118 &rarr; <strong>1143</strong><br />(+25 for winning)
|l|☆wbpresents
|player|p1|
|l|☆redundantcolon
|player|p2|
