|j|☆Ur cousins Ex
|j|☆Mr Tpen
|t:|1779630314
|gametype|singles
|player|p1|Ur cousins Ex|102|1550
|player|p2|Mr Tpen|102|1569
|gen|9
|tier|[Gen 9] OU
|rated|
|rule|HP Percentage Mod: HP is shown in percentages
|rule|Endless Battle Clause: Forcing endless battles is banned
|rule|Species Clause: Limit one of each Pokémon
|rule|OHKO Clause: OHKO moves are banned
|rule|Evasion Items Clause: Evasion items are banned
|rule|Evasion Moves Clause: Evasion moves are banned
|rule|Evasion Abilities Clause: Evasion abilities are banned
|rule|Sleep Moves Clause: Sleep-inducing moves are banned
|clearpoke
|poke|p1|Rillaboom, F|
|poke|p1|Serperior, M|
|poke|p1|Heatran, F|
|poke|p1|Gholdengo|
|poke|p1|Zamazenta-*|
|poke|p1|Great Tusk|
|poke|p2|Kyurem|
|poke|p2|Hatterene, F|
|poke|p2|Darkrai|
|poke|p2|Great Tusk|
|poke|p2|Dragonite, F|
|poke|p2|Gholdengo|
|teampreview
|inactive|Battle timer is ON: inactive players will automatically lose when time's up. (requested by Mr Tpen)
|
|t:|1779630332
|teamsize|p1|6
|teamsize|p2|6
|start
|switch|p1a: Heatran|Heatran, F|100/100
|switch|p2a: Kyurem|Kyurem|100/100
|-ability|p2a: Kyurem|Pressure
|-item|p1a: Heatran|Air Balloon
|turn|1
|
|t:|1779630342
|switch|p2a: Hatterene|Hatterene, F|100/100
|move|p1a: Heatran|Flash Cannon|p2a: Hatterene
|-supereffective|p2a: Hatterene
|-damage|p2a: Hatterene|24/100
|
|upkeep
|turn|2
|
|t:|1779630350
|switch|p2a: Great Tusk|Great Tusk|100/100
|move|p1a: Heatran|Magma Storm|p2a: Great Tusk
|-damage|p2a: Great Tusk|38/100
|-activate|p2a: Great Tusk|move: Magma Storm|[of] p1a: Heatran
|
|-heal|p2a: Great Tusk|44/100|[from] item: Leftovers
|-damage|p2a: Great Tusk|32/100|[from] move: Magma Storm|[partiallytrapped]
|upkeep
|turn|3
|
|t:|1779630356
|move|p2a: Great Tusk|Rapid Spin|p1a: Heatran
|-resisted|p1a: Heatran
|-damage|p1a: Heatran|94/100
|-boost|p2a: Great Tusk|spe|1
|-enditem|p1a: Heatran|Air Balloon
|-end|p2a: Great Tusk|Magma Storm|[partiallytrapped]
|move|p1a: Heatran|Flash Cannon|p2a: Great Tusk
|-damage|p2a: Great Tusk|0 fnt
|faint|p2a: Great Tusk
|-end|p2a: Great Tusk|Protosynthesis|[silent]
|
|upkeep
|
|t:|1779630359
|switch|p2a: Kyurem|Kyurem|100/100
|-ability|p2a: Kyurem|Pressure
|turn|4
|
|t:|1779630364
|switch|p1a: Serperior|Serperior, M|100/100
|move|p2a: Kyurem|Earth Power|p1a: Serperior
|-resisted|p1a: Serperior
|-damage|p1a: Serperior|83/100
|
|upkeep
|turn|5
|
|t:|1779630370
|move|p1a: Serperior|Glare|p2a: Kyurem
|-status|p2a: Kyurem|par
|move|p2a: Kyurem|Ice Beam|p1a: Serperior
|-supereffective|p1a: Serperior
|-crit|p1a: Serperior
|-damage|p1a: Serperior|0 fnt
|faint|p1a: Serperior
|
|upkeep
|
|t:|1779630379
|switch|p1a: Heatran|Heatran, F|94/100
|turn|6
|
|t:|1779630381
|move|p1a: Heatran|Flash Cannon|p2a: Kyurem
|-supereffective|p2a: Kyurem
|-damage|p2a: Kyurem|54/100 par
|cant|p2a: Kyurem|par
|
|upkeep
|turn|7
|
|t:|1779630402
|move|p1a: Heatran|Flash Cannon|p2a: Kyurem
|-supereffective|p2a: Kyurem
|-damage|p2a: Kyurem|11/100 par
|move|p2a: Kyurem|Earth Power|p1a: Heatran
|-supereffective|p1a: Heatran
|-damage|p1a: Heatran|18/100
|
|upkeep
|turn|8
|
|t:|1779630409
|move|p1a: Heatran|Stealth Rock|p2a: Kyurem
|-sidestart|p2: Mr Tpen|move: Stealth Rock
|move|p2a: Kyurem|Earth Power|p1a: Heatran
|-supereffective|p1a: Heatran
|-damage|p1a: Heatran|0 fnt
|faint|p1a: Heatran
|
|upkeep
|
|t:|1779630422
|switch|p1a: Rillaboom|Rillaboom, F|100/100
|-fieldstart|move: Grassy Terrain|[from] ability: Grassy Surge|[of] p1a: Rillaboom
|turn|9
|
|t:|1779630427
|move|p1a: Rillaboom|Knock Off|p2a: Kyurem
|-damage|p2a: Kyurem|0 fnt
|-enditem|p2a: Kyurem|Assault Vest|[from] move: Knock Off|[of] p1a: Rillaboom
|faint|p2a: Kyurem
|-damage|p1a: Rillaboom|91/100|[from] item: Life Orb
|
|-heal|p1a: Rillaboom|97/100|[from] Grassy Terrain
|upkeep
|
|t:|1779630431
|switch|p2a: Darkrai|Darkrai|100/100
|-damage|p2a: Darkrai|88/100|[from] Stealth Rock
|turn|10
|
|t:|1779630450
|switch|p1a: Zamazenta|Zamazenta|100/100
|-ability|p1a: Zamazenta|Dauntless Shield|boost
|-boost|p1a: Zamazenta|def|1
|move|p2a: Darkrai|Will-O-Wisp|p1a: Zamazenta
|-status|p1a: Zamazenta|brn
|
|-heal|p2a: Darkrai|94/100|[from] Grassy Terrain
|-damage|p1a: Zamazenta|94/100 brn|[from] brn
|upkeep
|turn|11
|
|t:|1779630456
|switch|p2a: Hatterene|Hatterene, F|24/100
|-damage|p2a: Hatterene|12/100|[from] Stealth Rock
|move|p1a: Zamazenta|Crunch|p2a: Hatterene
|-damage|p2a: Hatterene|0 fnt
|-damage|p1a: Zamazenta|78/100 brn|[from] item: Rocky Helmet|[of] p2a: Hatterene
|faint|p2a: Hatterene
|-damage|p1a: Zamazenta|68/100 brn|[from] item: Life Orb
|
|-heal|p1a: Zamazenta|74/100 brn|[from] Grassy Terrain
|-damage|p1a: Zamazenta|68/100 brn|[from] brn
|upkeep
|
|t:|1779630460
|switch|p2a: Gholdengo|Gholdengo|100/100
|-damage|p2a: Gholdengo|94/100|[from] Stealth Rock
|turn|12
|
|t:|1779630464
|move|p1a: Zamazenta|Crunch|p2a: Gholdengo
|-supereffective|p2a: Gholdengo
|-damage|p2a: Gholdengo|57/100
|-unboost|p2a: Gholdengo|def|1
|-damage|p1a: Zamazenta|58/100 brn|[from] item: Life Orb
|move|p2a: Gholdengo|Nasty Plot|p2a: Gholdengo
|-boost|p2a: Gholdengo|spa|2
|
|-heal|p1a: Zamazenta|64/100 brn|[from] Grassy Terrain
|-heal|p2a: Gholdengo|63/100|[from] Grassy Terrain
|-damage|p1a: Zamazenta|58/100 brn|[from] brn
|upkeep
|turn|13
|
|t:|1779630479
|-terastallize|p2a: Gholdengo|Flying
|move|p1a: Zamazenta|Crunch|p2a: Gholdengo
|-damage|p2a: Gholdengo|36/100
|-damage|p1a: Zamazenta|48/100 brn|[from] item: Life Orb
|move|p2a: Gholdengo|Make It Rain|p1a: Zamazenta
|-damage|p1a: Zamazenta|0 fnt
|-unboost|p2a: Gholdengo|spa|1
|faint|p1a: Zamazenta
|
|-fieldend|move: Grassy Terrain
|upkeep
|
|t:|1779630490
|switch|p1a: Great Tusk|Great Tusk|100/100
|-enditem|p1a: Great Tusk|Booster Energy
|-activate|p1a: Great Tusk|ability: Protosynthesis|[fromitem]
|-start|p1a: Great Tusk|protosynthesisspe
|turn|14
|
|t:|1779630493
|move|p1a: Great Tusk|Head Smash|p2a: Gholdengo
|-supereffective|p2a: Gholdengo
|-damage|p2a: Gholdengo|0 fnt
|faint|p2a: Gholdengo
|-damage|p1a: Great Tusk|86/100|[from] Recoil
|
|upkeep
|
|t:|1779630497
|switch|p2a: Darkrai|Darkrai|94/100
|-damage|p2a: Darkrai|82/100|[from] Stealth Rock
|turn|15
|
|t:|1779630513
|move|p2a: Darkrai|Ice Beam|p1a: Great Tusk
|-supereffective|p1a: Great Tusk
|-damage|p1a: Great Tusk|0 fnt
|faint|p1a: Great Tusk
|-end|p1a: Great Tusk|Protosynthesis|[silent]
|
|upkeep
|
|t:|1779630518
|switch|p1a: Rillaboom|Rillaboom, F|97/100
|-fieldstart|move: Grassy Terrain|[from] ability: Grassy Surge|[of] p1a: Rillaboom
|turn|16
|
|t:|1779630520
|switch|p1a: Gholdengo|Gholdengo|100/100
|-enditem|p1a: Gholdengo|Grassy Seed
|-boost|p1a: Gholdengo|def|1|[from] item: Grassy Seed
|move|p2a: Darkrai|Ice Beam|p1a: Gholdengo
|-resisted|p1a: Gholdengo
|-damage|p1a: Gholdengo|86/100
|-status|p1a: Gholdengo|frz
|
|-heal|p2a: Darkrai|88/100|[from] Grassy Terrain
|-heal|p1a: Gholdengo|93/100 frz|[from] Grassy Terrain
|upkeep
|turn|17
|
|t:|1779630529
|switch|p1a: Rillaboom|Rillaboom, F|97/100
|move|p2a: Darkrai|Ice Beam|p1a: Rillaboom
|-supereffective|p1a: Rillaboom
|-damage|p1a: Rillaboom|18/100
|
|-heal|p2a: Darkrai|94/100|[from] Grassy Terrain
|-heal|p1a: Rillaboom|24/100|[from] Grassy Terrain
|upkeep
|turn|18
|
|t:|1779630532
|move|p2a: Darkrai|Ice Beam|p1a: Rillaboom
|-supereffective|p1a: Rillaboom
|-damage|p1a: Rillaboom|0 fnt
|faint|p1a: Rillaboom
|
|-heal|p2a: Darkrai|99/100|[from] Grassy Terrain
|upkeep
|
|t:|1779630534
|switch|p1a: Gholdengo|Gholdengo|93/100 frz
|turn|19
|
|t:|1779630536
|switch|p2a: Dragonite|Dragonite, F|100/100
|-curestatus|p1a: Gholdengo|frz|[msg]
|move|p1a: Gholdengo|Nasty Plot|p1a: Gholdengo
|-boost|p1a: Gholdengo|spa|2
|
|-heal|p1a: Gholdengo|99/100|[from] Grassy Terrain
|upkeep
|turn|20
|
|t:|1779630539
|-terastallize|p1a: Gholdengo|Water
|move|p2a: Dragonite|Dragon Dance|p2a: Dragonite
|-boost|p2a: Dragonite|atk|1
|-boost|p2a: Dragonite|spe|1
|move|p1a: Gholdengo|Shadow Ball|p2a: Dragonite
|-crit|p2a: Dragonite
|-damage|p2a: Dragonite|43/100
|
|-heal|p1a: Gholdengo|100/100|[from] Grassy Terrain
|-fieldend|move: Grassy Terrain
|upkeep
|turn|21
|
|t:|1779630544
|move|p2a: Dragonite|Extreme Speed|p1a: Gholdengo
|-damage|p1a: Gholdengo|63/100
|move|p1a: Gholdengo|Shadow Ball|p2a: Dragonite
|-damage|p2a: Dragonite|0 fnt
|faint|p2a: Dragonite
|
|upkeep
|
|t:|1779630548
|switch|p2a: Darkrai|Darkrai|99/100
|-damage|p2a: Darkrai|87/100|[from] Stealth Rock
|turn|22
|
|t:|1779630553
|move|p2a: Darkrai|Dark Pulse|p1a: Gholdengo
|-damage|p1a: Gholdengo|25/100
|move|p1a: Gholdengo|Recover|p1a: Gholdengo
|-heal|p1a: Gholdengo|76/100
|
|upkeep
|turn|23
|
|t:|1779630566
|move|p2a: Darkrai|Dark Pulse|p1a: Gholdengo
|-damage|p1a: Gholdengo|36/100
|move|p1a: Gholdengo|Recover|p1a: Gholdengo
|-heal|p1a: Gholdengo|86/100
|
|upkeep
|turn|24
|
|t:|1779630568
|move|p2a: Darkrai|Dark Pulse|p1a: Gholdengo
|-damage|p1a: Gholdengo|48/100
|move|p1a: Gholdengo|Focus Blast|p2a: Darkrai
|-supereffective|p2a: Darkrai
|-damage|p2a: Darkrai|0 fnt
|faint|p2a: Darkrai
|
|win|Ur cousins Ex
|raw|Ur cousins Ex's rating: 1550 &rarr; <strong>1571</strong><br />(+21 for winning)
|raw|Mr Tpen's rating: 1569 &rarr; <strong>1548</strong><br />(-21 for losing)
|l|☆Mr Tpen
|player|p2|
