|j|‽aaagislash
|j|☆NotreDamedelaMer
|t:|1779631834
|gametype|singles
|player|p1|aaagislash|102|1418
|player|p2|NotreDamedelaMer|veteranf|1331
|gen|9
|tier|[Gen 9] OU
|rated|
|rule|HP Percentage Mod: HP is shown in percentages
|rule|Endless Battle Clause: Forcing endless battles is banned
|rule|Species Clause: Limit one of each Pokémon
|rule|OHKO Clause: OHKO moves are banned
|rule|Evasion Items Clause: Evasion items are banned
|rule|Evasion Moves Clause: Evasion moves are banned
|rule|Evasion Abilities Clause: Evasion abilities are banned
|rule|Sleep Moves Clause: Sleep-inducing moves are banned
|clearpoke
|poke|p1|Bisharp, M|
|poke|p1|Empoleon, F|
|poke|p1|Smeargle, F|
|poke|p1|Falinks|
|poke|p1|Rabsca, F|
|poke|p1|Cresselia, F|
|poke|p2|Ribombee, F|
|poke|p2|Lokix, M|
|poke|p2|Great Tusk|
|poke|p2|Raging Bolt|
|poke|p2|Gholdengo|
|poke|p2|Iron Moth|
|teampreview
|inactive|Battle timer is ON: inactive players will automatically lose when time's up. (requested by NotreDamedelaMer)
|
|t:|1779631853
|teamsize|p1|6
|teamsize|p2|6
|start
|switch|p1a: Empoleon|Empoleon, F|100/100
|switch|p2a: Lokix|Lokix, M, shiny|100/100
|turn|1
|
|t:|1779631860
|move|p2a: Lokix|Swords Dance|p2a: Lokix
|-boost|p2a: Lokix|atk|2
|move|p1a: Empoleon|Ice Beam|p2a: Lokix
|-damage|p2a: Lokix|11/100
|
|upkeep
|turn|2
|
|t:|1779631864
|move|p2a: Lokix|Knock Off|p1a: Empoleon
|-damage|p1a: Empoleon|0 fnt
|-enditem|p1a: Empoleon|Choice Specs|[from] move: Knock Off|[of] p2a: Lokix
|faint|p1a: Empoleon
|-damage|p2a: Lokix|2/100|[from] item: Life Orb
|
|upkeep
|
|t:|1779631867
|switch|p1a: Bisharp|Bisharp, M|100/100
|turn|3
|
|t:|1779631871
|switch|p2a: Ribombee|Ribombee, F, shiny|100/100
|move|p1a: Bisharp|Sucker Punch||[still]
|-fail|p1a: Bisharp
|
|upkeep
|turn|4
|
|t:|1779631875
|switch|p1a: Smeargle|Smeargle, F|100/100
|move|p2a: Ribombee|Sticky Web|p1a: Smeargle
|-sidestart|p1: aaagislash|move: Sticky Web
|
|upkeep
|turn|5
|
|t:|1779631880
|move|p2a: Ribombee|Stun Spore|p1a: Smeargle
|-status|p1a: Smeargle|par
|move|p1a: Smeargle|Ceaseless Edge|p2a: Ribombee
|-resisted|p2a: Ribombee
|-damage|p2a: Ribombee|96/100
|-sidestart|p2: NotreDamedelaMer|Spikes
|
|upkeep
|turn|6
|
|t:|1779631886
|move|p2a: Ribombee|Moonblast|p1a: Smeargle
|-damage|p1a: Smeargle|21/100 par
|move|p1a: Smeargle|Trick Room|p1a: Smeargle
|-fieldstart|move: Trick Room|[of] p1a: Smeargle
|
|upkeep
|turn|7
|
|t:|1779631890
|switch|p1a: Bisharp|Bisharp, M|100/100
|-activate|p1a: Bisharp|move: Sticky Web
|-unboost|p1a: Bisharp|spe|1
|-ability|p1a: Bisharp|Defiant|boost
|-boost|p1a: Bisharp|atk|2
|move|p2a: Ribombee|Moonblast|p1a: Bisharp
|-damage|p1a: Bisharp|67/100
|
|upkeep
|turn|8
|
|t:|1779631900
|move|p1a: Bisharp|Iron Head|p2a: Ribombee
|-supereffective|p2a: Ribombee
|-damage|p2a: Ribombee|0 fnt
|faint|p2a: Ribombee
|
|upkeep
|
|t:|1779631903
|switch|p2a: Great Tusk|Great Tusk, shiny|100/100
|-damage|p2a: Great Tusk|88/100|[from] Spikes
|-enditem|p2a: Great Tusk|Booster Energy
|-activate|p2a: Great Tusk|ability: Protosynthesis|[fromitem]
|-start|p2a: Great Tusk|protosynthesisatk
|turn|9
|
|t:|1779631910
|-terastallize|p1a: Bisharp|Dark
|move|p1a: Bisharp|Iron Head|p2a: Great Tusk
|-damage|p2a: Great Tusk|22/100
|move|p2a: Great Tusk|Headlong Rush|p1a: Bisharp
|-damage|p1a: Bisharp|11/100
|-unboost|p2a: Great Tusk|def|1
|-unboost|p2a: Great Tusk|spd|1
|
|upkeep
|turn|10
|
|t:|1779631920
|-end|p2a: Great Tusk|Protosynthesis|[silent]
|switch|p2a: Lokix|Lokix, M, shiny|2/100
|-damage|p2a: Lokix|0 fnt|[from] Spikes
|faint|p2a: Lokix
|move|p1a: Bisharp|Throat Chop|p2: Lokix|[notarget]
|-fail|p1a: Bisharp
|
|-fieldend|move: Trick Room
|upkeep
|
|t:|1779631923
|switch|p2a: Iron Moth|Iron Moth, shiny|100/100
|-damage|p2a: Iron Moth|88/100|[from] Spikes
|-enditem|p2a: Iron Moth|Booster Energy
|-activate|p2a: Iron Moth|ability: Quark Drive|[fromitem]
|-start|p2a: Iron Moth|quarkdrivespa
|turn|11
|
|t:|1779631928
|switch|p1a: Cresselia|Cresselia, F|100/100
|-terastallize|p2a: Iron Moth|Fairy
|move|p2a: Iron Moth|Fiery Dance|p1a: Cresselia
|-damage|p1a: Cresselia|62/100
|
|upkeep
|turn|12
|
|t:|1779631935
|move|p2a: Iron Moth|Fiery Dance|p1a: Cresselia
|-damage|p1a: Cresselia|21/100
|-boost|p2a: Iron Moth|spa|1
|move|p1a: Cresselia|Trick Room|p1a: Cresselia
|-fieldstart|move: Trick Room|[of] p1a: Cresselia
|
|upkeep
|turn|13
|
|t:|1779631943
|move|p1a: Cresselia|Lunar Dance|p1a: Cresselia
|faint|p1a: Cresselia
|move|p2a: Iron Moth|Fiery Dance|p1: Cresselia|[notarget]
|-fail|p2a: Iron Moth
|
|upkeep
|
|t:|1779631946
|switch|p1a: Bisharp|Bisharp, M, tera:Dark|11/100
|-heal|p1a: Bisharp|100/100|[from] move: Lunar Dance
|-activate|p1a: Bisharp|move: Sticky Web
|-unboost|p1a: Bisharp|spe|1
|-ability|p1a: Bisharp|Defiant|boost
|-boost|p1a: Bisharp|atk|2
|turn|14
|
|t:|1779631949
|move|p1a: Bisharp|Throat Chop|p2a: Iron Moth
|-resisted|p2a: Iron Moth
|-damage|p2a: Iron Moth|0 fnt
|faint|p2a: Iron Moth
|-end|p2a: Iron Moth|Quark Drive|[silent]
|
|upkeep
|
|t:|1779631953
|switch|p2a: Raging Bolt|Raging Bolt|100/100
|-damage|p2a: Raging Bolt|88/100|[from] Spikes
|-enditem|p2a: Raging Bolt|Booster Energy
|-activate|p2a: Raging Bolt|ability: Protosynthesis|[fromitem]
|-start|p2a: Raging Bolt|protosynthesisspa
|turn|15
|
|t:|1779631956
|move|p1a: Bisharp|Throat Chop|p2a: Raging Bolt
|-damage|p2a: Raging Bolt|0 fnt
|faint|p2a: Raging Bolt
|-end|p2a: Raging Bolt|Protosynthesis|[silent]
|
|upkeep
|-message|NotreDamedelaMer forfeited.
|
|win|aaagislash
|raw|aaagislash's rating: 1418 &rarr; <strong>1433</strong><br />(+15 for winning)
|raw|NotreDamedelaMer's rating: 1331 &rarr; <strong>1316</strong><br />(-15 for losing)
|l|☆NotreDamedelaMer
|player|p2|
|l|‽aaagislash
|player|p1|
