|j|☆silverfalcom
|j|☆my 100lb pug
|t:|1779571985
|gametype|singles
|player|p1|silverfalcom|102|1557
|player|p2|my 100lb pug|101|1592
|gen|9
|tier|[Gen 9] OU
|rated|
|rule|HP Percentage Mod: HP is shown in percentages
|rule|Endless Battle Clause: Forcing endless battles is banned
|rule|Species Clause: Limit one of each Pokémon
|rule|OHKO Clause: OHKO moves are banned
|rule|Evasion Items Clause: Evasion items are banned
|rule|Evasion Moves Clause: Evasion moves are banned
|rule|Evasion Abilities Clause: Evasion abilities are banned
|rule|Sleep Moves Clause: Sleep-inducing moves are banned
|clearpoke
|poke|p1|Regieleki|
|poke|p1|Ogerpon-Wellspring, F|
|poke|p1|Landorus-Therian, M|
|poke|p1|Primarina, M|
|poke|p1|Heatran, F|
|poke|p1|Iron Valiant|
|poke|p2|Delphox, M|
|poke|p2|Raging Bolt|
|poke|p2|Samurott-Hisui, F|
|poke|p2|Hatterene, F|
|poke|p2|Great Tusk|
|poke|p2|Kyurem|
|teampreview
|
|t:|1779572018
|teamsize|p1|6
|teamsize|p2|6
|start
|switch|p1a: Regieleki|Regieleki|100/100
|switch|p2a: Hatterene|Hatterene, F|100/100
|turn|1
|inactive|Battle timer is ON: inactive players will automatically lose when time's up. (requested by silverfalcom)
|
|t:|1779572066
|move|p1a: Regieleki|Volt Switch|p2a: Hatterene
|-damage|p2a: Hatterene|73/100
|
|t:|1779572072
|switch|p1a: Landorus|Landorus-Therian, M|100/100|[from] Volt Switch
|-ability|p1a: Landorus|Intimidate|boost
|-unboost|p2a: Hatterene|atk|1
|move|p2a: Hatterene|Nuzzle|p1a: Landorus
|-immune|p1a: Landorus
|
|upkeep
|turn|2
|
|t:|1779572081
|move|p1a: Landorus|U-turn|p2a: Hatterene
|-damage|p2a: Hatterene|50/100
|
|t:|1779572084
|switch|p1a: Heatran|Heatran, F|100/100|[from] U-turn
|-item|p1a: Heatran|Air Balloon
|move|p2a: Hatterene|Draining Kiss|p1a: Heatran
|-resisted|p1a: Heatran
|-damage|p1a: Heatran|95/100
|-heal|p2a: Hatterene|54/100|[from] drain|[of] p1a: Heatran
|-enditem|p1a: Heatran|Air Balloon
|
|upkeep
|turn|3
|
|t:|1779572094
|switch|p2a: Samurott|Samurott-Hisui, F|100/100
|move|p1a: Heatran|Magma Storm|p2a: Samurott
|-resisted|p2a: Samurott
|-damage|p2a: Samurott|69/100
|-activate|p2a: Samurott|move: Magma Storm|[of] p1a: Heatran
|
|-damage|p2a: Samurott|56/100|[from] move: Magma Storm|[partiallytrapped]
|upkeep
|turn|4
|
|t:|1779572105
|move|p1a: Heatran|Protect|p1a: Heatran
|-singleturn|p1a: Heatran|Protect
|move|p2a: Samurott|Aqua Cutter|p1a: Heatran
|-activate|p1a: Heatran|move: Protect
|
|-damage|p2a: Samurott|44/100|[from] move: Magma Storm|[partiallytrapped]
|upkeep
|turn|5
|
|t:|1779572111
|switch|p1a: Ogerpon|Ogerpon-Wellspring, F|100/100
|move|p2a: Samurott|Aqua Cutter|p1a: Ogerpon
|-immune|p1a: Ogerpon|[from] ability: Water Absorb
|
|-end|p2a: Samurott|Magma Storm|[partiallytrapped]|[silent]
|upkeep
|turn|6
|
|t:|1779572116
|switch|p2a: Kyurem|Kyurem|100/100
|-ability|p2a: Kyurem|Pressure
|move|p1a: Ogerpon|U-turn|p2a: Kyurem
|-damage|p2a: Kyurem|76/100
|
|t:|1779572124
|switch|p1a: Primarina|Primarina, M|100/100|[from] U-turn
|
|upkeep
|turn|7
|
|t:|1779572139
|-terastallize|p2a: Kyurem|Fire
|move|p2a: Kyurem|Dragon Dance|p2a: Kyurem
|-boost|p2a: Kyurem|atk|1
|-boost|p2a: Kyurem|spe|1
|move|p1a: Primarina|Moonblast|p2a: Kyurem
|-resisted|p2a: Kyurem
|-damage|p2a: Kyurem|50/100
|
|upkeep
|turn|8
|
|t:|1779572160
|move|p2a: Kyurem|Dragon Dance|p2a: Kyurem
|-boost|p2a: Kyurem|atk|1
|-boost|p2a: Kyurem|spe|1
|move|p1a: Primarina|Hyper Voice|p2a: Kyurem
|-supereffective|p2a: Kyurem
|-damage|p2a: Kyurem|0 fnt
|faint|p2a: Kyurem
|
|upkeep
|
|t:|1779572167
|switch|p2a: Samurott|Samurott-Hisui, F|44/100
|turn|9
|
|t:|1779572171
|move|p2a: Samurott|Ceaseless Edge|p1a: Primarina
|-resisted|p1a: Primarina
|-damage|p1a: Primarina|76/100
|-sidestart|p1: silverfalcom|Spikes
|move|p1a: Primarina|Moonblast|p2a: Samurott
|-supereffective|p2a: Samurott
|-damage|p2a: Samurott|0 fnt
|faint|p2a: Samurott
|
|-heal|p1a: Primarina|82/100|[from] item: Leftovers
|upkeep
|
|t:|1779572178
|switch|p2a: Raging Bolt|Raging Bolt|100/100
|-enditem|p2a: Raging Bolt|Booster Energy
|-activate|p2a: Raging Bolt|ability: Protosynthesis|[fromitem]
|-start|p2a: Raging Bolt|protosynthesisspa
|turn|10
|
|t:|1779572184
|move|p2a: Raging Bolt|Volt Switch|p1a: Primarina
|-supereffective|p1a: Primarina
|-damage|p1a: Primarina|0 fnt
|faint|p1a: Primarina
|
|t:|1779572196
|-end|p2a: Raging Bolt|Protosynthesis|[silent]
|switch|p2a: Delphox|Delphox, M|100/100|[from] Volt Switch
|
|upkeep
|
|t:|1779572200
|switch|p1a: Ogerpon|Ogerpon-Wellspring, F|100/100
|-damage|p1a: Ogerpon|88/100|[from] Spikes
|turn|11
|
|t:|1779572206
|switch|p2a: Raging Bolt|Raging Bolt|100/100
|move|p1a: Ogerpon|Ivy Cudgel|p2a: Raging Bolt|[anim] Ivy Cudgel Water
|-resisted|p2a: Raging Bolt
|-damage|p2a: Raging Bolt|76/100
|
|upkeep
|turn|12
|
|t:|1779572213
|move|p1a: Ogerpon|U-turn|p2a: Raging Bolt
|-damage|p2a: Raging Bolt|53/100
|
|t:|1779572215
|switch|p1a: Landorus|Landorus-Therian, M|100/100|[from] U-turn
|-ability|p1a: Landorus|Intimidate|boost
|-unboost|p2a: Raging Bolt|atk|1
|move|p2a: Raging Bolt|Dragon Pulse|p1a: Landorus
|-crit|p1a: Landorus
|-damage|p1a: Landorus|23/100
|
|upkeep
|turn|13
|
|t:|1779572225
|-end|p2a: Raging Bolt|Protosynthesis|[silent]
|switch|p2a: Great Tusk|Great Tusk|100/100
|move|p1a: Landorus|Earthquake|p2a: Great Tusk
|-damage|p2a: Great Tusk|70/100
|
|upkeep
|turn|14
|
|t:|1779572235
|move|p1a: Landorus|Grass Knot|p2a: Great Tusk
|-supereffective|p2a: Great Tusk
|-damage|p2a: Great Tusk|7/100
|move|p2a: Great Tusk|Knock Off|p1a: Landorus
|-damage|p1a: Landorus|0 fnt
|-damage|p2a: Great Tusk|0 fnt|[from] item: Rocky Helmet|[of] p1a: Landorus
|faint|p1a: Landorus
|faint|p2a: Great Tusk
|-end|p2a: Great Tusk|Protosynthesis|[silent]
|
|upkeep
|
|t:|1779572247
|switch|p1a: Heatran|Heatran, F|95/100
|switch|p2a: Raging Bolt|Raging Bolt|53/100
|-damage|p1a: Heatran|83/100|[from] Spikes
|turn|15
|
|t:|1779572254
|move|p1a: Heatran|Earth Power|p2a: Raging Bolt
|-supereffective|p2a: Raging Bolt
|-damage|p2a: Raging Bolt|8/100
|move|p2a: Raging Bolt|Volt Switch|p1a: Heatran
|-damage|p1a: Heatran|58/100
|
|t:|1779572259
|-end|p2a: Raging Bolt|Protosynthesis|[silent]
|switch|p2a: Hatterene|Hatterene, F|54/100|[from] Volt Switch
|
|upkeep
|turn|16
|
|t:|1779572265
|move|p1a: Heatran|Magma Storm|p2a: Hatterene
|-damage|p2a: Hatterene|21/100
|-activate|p2a: Hatterene|move: Magma Storm|[of] p1a: Heatran
|move|p2a: Hatterene|Nuzzle|p1a: Heatran
|-damage|p1a: Heatran|54/100
|-status|p1a: Heatran|par
|
|-damage|p2a: Hatterene|9/100|[from] move: Magma Storm|[partiallytrapped]
|upkeep
|turn|17
|
|t:|1779572272
|cant|p1a: Heatran|par
|move|p2a: Hatterene|Psychic Noise|p1a: Heatran
|-resisted|p1a: Heatran
|-damage|p1a: Heatran|39/100 par
|-start|p1a: Heatran|move: Heal Block
|
|-damage|p2a: Hatterene|0 fnt|[from] move: Magma Storm|[partiallytrapped]
|faint|p2a: Hatterene
|upkeep
|
|t:|1779572289
|switch|p2a: Delphox|Delphox, M|100/100
|turn|18
|
|t:|1779572310
|move|p2a: Delphox|Flamethrower|p1a: Heatran
|-start|p1a: Heatran|ability: Flash Fire
|cant|p1a: Heatran|par
|
|-end|p1a: Heatran|move: Heal Block
|upkeep
|turn|19
|
|t:|1779572316
|switch|p2a: Raging Bolt|Raging Bolt|8/100
|move|p1a: Heatran|Earth Power|p2a: Raging Bolt
|-supereffective|p2a: Raging Bolt
|-damage|p2a: Raging Bolt|0 fnt
|faint|p2a: Raging Bolt
|-end|p2a: Raging Bolt|Protosynthesis|[silent]
|
|upkeep
|
|t:|1779572317
|switch|p2a: Delphox|Delphox, M|100/100
|turn|20
|
|t:|1779572320
|move|p2a: Delphox|Psyshock|p1a: Heatran
|-resisted|p1a: Heatran
|-damage|p1a: Heatran|13/100 par
|move|p1a: Heatran|Earth Power|p2a: Delphox
|-supereffective|p2a: Delphox
|-damage|p2a: Delphox|39/100
|
|upkeep
|turn|21
|
|t:|1779572323
|move|p2a: Delphox|Psyshock|p1a: Heatran
|-resisted|p1a: Heatran
|-damage|p1a: Heatran|0 fnt
|faint|p1a: Heatran
|
|upkeep
|
|t:|1779572324
|switch|p1a: Ogerpon|Ogerpon-Wellspring, F|88/100
|-damage|p1a: Ogerpon|76/100|[from] Spikes
|turn|22
|
|t:|1779572326
|move|p1a: Ogerpon|Ivy Cudgel|p2a: Delphox|[anim] Ivy Cudgel Water
|-supereffective|p2a: Delphox
|-damage|p2a: Delphox|0 fnt
|faint|p2a: Delphox
|
|win|silverfalcom
|raw|silverfalcom's rating: 1557 &rarr; <strong>1579</strong><br />(+22 for winning)
|raw|my 100lb pug's rating: 1592 &rarr; <strong>1570</strong><br />(-22 for losing)
|l|☆my 100lb pug
|player|p2|
|l|☆silverfalcom
|player|p1|
