|j|☆Transit Policy
|j|☆femboyjoystick
|t:|1779725430
|gametype|singles
|player|p1|Transit Policy|gentleman-gen4dp|1372
|player|p2|femboyjoystick|wallace|1451
|gen|9
|tier|[Gen 9] OU
|rated|
|rule|HP Percentage Mod: HP is shown in percentages
|rule|Endless Battle Clause: Forcing endless battles is banned
|rule|Species Clause: Limit one of each Pokémon
|rule|OHKO Clause: OHKO moves are banned
|rule|Evasion Items Clause: Evasion items are banned
|rule|Evasion Moves Clause: Evasion moves are banned
|rule|Evasion Abilities Clause: Evasion abilities are banned
|rule|Sleep Moves Clause: Sleep-inducing moves are banned
|clearpoke
|poke|p1|Slither Wing|
|poke|p1|Pecharunt|
|poke|p1|Ting-Lu|
|poke|p1|Ogerpon-Wellspring, F|
|poke|p1|Raging Bolt|
|poke|p1|Cinderace, F|
|poke|p2|Keldeo-Resolute|
|poke|p2|Great Tusk|
|poke|p2|Kingambit, M|
|poke|p2|Raging Bolt|
|poke|p2|Kyurem|
|poke|p2|Pecharunt|
|teampreview
|inactive|Battle timer is ON: inactive players will automatically lose when time's up. (requested by femboyjoystick)
|
|t:|1779725452
|teamsize|p1|6
|teamsize|p2|6
|start
|switch|p1a: King Pon|Ogerpon-Wellspring, F|100/100
|switch|p2a: Keldeo|Keldeo-Resolute|100/100
|turn|1
|
|t:|1779725468
|switch|p2a: Kyurem|Kyurem|100/100
|-ability|p2a: Kyurem|Pressure
|move|p1a: King Pon|Power Whip|p2a: Kyurem
|-resisted|p2a: Kyurem
|-damage|p2a: Kyurem|68/100
|
|upkeep
|turn|2
|
|t:|1779725485
|switch|p1a: Cupquakke|Ting-Lu, shiny|100/100
|-ability|p1a: Cupquakke|Vessel of Ruin
|move|p2a: Kyurem|Freeze-Dry|p1a: Cupquakke
|-supereffective|p1a: Cupquakke
|-damage|p1a: Cupquakke|64/100
|
|-heal|p1a: Cupquakke|71/100|[from] item: Leftovers
|upkeep
|turn|3
|
|t:|1779725493
|switch|p2a: Pecharunt|Pecharunt|100/100
|-item|p2a: Pecharunt|Air Balloon
|move|p1a: Cupquakke|Ruination|p2a: Pecharunt
|-damage|p2a: Pecharunt|50/100
|-enditem|p2a: Pecharunt|Air Balloon
|
|-heal|p1a: Cupquakke|77/100|[from] item: Leftovers
|upkeep
|turn|4
|
|t:|1779725502
|move|p2a: Pecharunt|Parting Shot|p1a: Cupquakke
|-unboost|p1a: Cupquakke|atk|1
|-unboost|p1a: Cupquakke|spa|1
|
|t:|1779725505
|switch|p2a: Great Tusk|Great Tusk|100/100|[from] Parting Shot
|move|p1a: Cupquakke|Earthquake|p2a: Great Tusk
|-damage|p2a: Great Tusk|81/100
|
|-heal|p1a: Cupquakke|83/100|[from] item: Leftovers
|upkeep
|turn|5
|
|t:|1779725511
|switch|p1a: Chief Peech|Pecharunt|100/100
|move|p2a: Great Tusk|Headlong Rush|p1a: Chief Peech
|-supereffective|p1a: Chief Peech
|-damage|p1a: Chief Peech|36/100
|-unboost|p2a: Great Tusk|def|1
|-unboost|p2a: Great Tusk|spd|1
|
|upkeep
|turn|6
|
|t:|1779725530
|switch|p1a: Slitha|Slither Wing, shiny|100/100
|move|p2a: Great Tusk|Headlong Rush|p1a: Slitha
|-resisted|p1a: Slitha
|-damage|p1a: Slitha|57/100
|-unboost|p2a: Great Tusk|def|1
|-unboost|p2a: Great Tusk|spd|1
|
|upkeep
|turn|7
|
|t:|1779725537
|-end|p2a: Great Tusk|Protosynthesis|[silent]
|switch|p2a: Pecharunt|Pecharunt|50/100
|move|p1a: Slitha|Flare Blitz|p2a: Pecharunt
|-damage|p2a: Pecharunt|13/100
|-damage|p1a: Slitha|42/100|[from] Recoil
|
|upkeep
|turn|8
|
|t:|1779725544
|-end|p1a: Slitha|Protosynthesis|[silent]
|switch|p1a: Cupquakke|Ting-Lu, shiny|83/100
|-ability|p1a: Cupquakke|Vessel of Ruin
|move|p2a: Pecharunt|Recover|p2a: Pecharunt
|-heal|p2a: Pecharunt|63/100
|
|-heal|p1a: Cupquakke|89/100|[from] item: Leftovers
|upkeep
|turn|9
|
|t:|1779725549
|switch|p2a: Great Tusk|Great Tusk|81/100
|move|p1a: Cupquakke|Earthquake|p2a: Great Tusk
|-crit|p2a: Great Tusk
|-damage|p2a: Great Tusk|39/100
|
|-heal|p1a: Cupquakke|95/100|[from] item: Leftovers
|upkeep
|turn|10
|
|t:|1779725557
|move|p2a: Great Tusk|Close Combat|p1a: Cupquakke
|-supereffective|p1a: Cupquakke
|-damage|p1a: Cupquakke|23/100
|-unboost|p2a: Great Tusk|def|1
|-unboost|p2a: Great Tusk|spd|1
|move|p1a: Cupquakke|Stealth Rock|p2a: Great Tusk
|-sidestart|p2: femboyjoystick|move: Stealth Rock
|
|-heal|p1a: Cupquakke|29/100|[from] item: Leftovers
|upkeep
|turn|11
|
|t:|1779725560
|move|p2a: Great Tusk|Headlong Rush|p1a: Cupquakke
|-damage|p1a: Cupquakke|0 fnt
|-unboost|p2a: Great Tusk|def|1
|-unboost|p2a: Great Tusk|spd|1
|faint|p1a: Cupquakke
|
|upkeep
|
|t:|1779725564
|switch|p1a: Polo C|Cinderace, F|100/100
|turn|12
|
|t:|1779725568
|move|p1a: Polo C|Pyro Ball|p2a: Great Tusk
|-damage|p2a: Great Tusk|0 fnt
|faint|p2a: Great Tusk
|-end|p2a: Great Tusk|Protosynthesis|[silent]
|
|upkeep
|
|t:|1779725571
|switch|p2a: Pecharunt|Pecharunt|63/100
|-damage|p2a: Pecharunt|51/100|[from] Stealth Rock
|turn|13
|
|t:|1779725597
|move|p1a: Polo C|Pyro Ball|p2a: Pecharunt
|-damage|p2a: Pecharunt|20/100
|move|p2a: Pecharunt|Malignant Chain|p1a: Polo C
|-damage|p1a: Polo C|46/100
|
|upkeep
|turn|14
|
|t:|1779725605
|move|p1a: Polo C|Pyro Ball|p2a: Pecharunt
|-damage|p2a: Pecharunt|0 fnt
|faint|p2a: Pecharunt
|
|upkeep
|
|t:|1779725607
|switch|p2a: Raging Bolt|Raging Bolt|100/100
|-damage|p2a: Raging Bolt|88/100|[from] Stealth Rock
|-enditem|p2a: Raging Bolt|Booster Energy
|-activate|p2a: Raging Bolt|ability: Protosynthesis|[fromitem]
|-start|p2a: Raging Bolt|protosynthesisspa
|turn|15
|
|t:|1779725629
|switch|p1a: Slitha|Slither Wing, shiny|42/100
|move|p2a: Raging Bolt|Calm Mind|p2a: Raging Bolt
|-boost|p2a: Raging Bolt|spa|1
|-boost|p2a: Raging Bolt|spd|1
|
|upkeep
|turn|16
|
|t:|1779725638
|move|p1a: Slitha|First Impression|p2a: Raging Bolt
|-damage|p2a: Raging Bolt|27/100
|move|p2a: Raging Bolt|Dragon Pulse|p1a: Slitha
|-damage|p1a: Slitha|0 fnt
|faint|p1a: Slitha
|-end|p1a: Slitha|Protosynthesis|[silent]
|
|upkeep
|
|t:|1779725653
|switch|p1a: King Pon|Ogerpon-Wellspring, F|100/100
|turn|17
|
|t:|1779725661
|-terastallize|p1a: King Pon|Water
|detailschange|p1a: King Pon|Ogerpon-Wellspring-Tera, F, tera:Water
|-ability|p1a: King Pon|Embody Aspect (Wellspring)|boost
|-boost|p1a: King Pon|spd|1
|move|p2a: Raging Bolt|Thunderclap|p1a: King Pon
|-supereffective|p1a: King Pon
|-damage|p1a: King Pon|0 fnt
|faint|p1a: King Pon
|detailschange|p1: King Pon|Ogerpon-Wellspring, F|[silent]
|
|upkeep
|
|t:|1779725674
|switch|p1a: Bolt The Sweeper|Raging Bolt|100/100
|turn|18
|
|t:|1779725678
|-terastallize|p2a: Raging Bolt|Fairy
|move|p1a: Bolt The Sweeper|Draco Meteor|p2a: Raging Bolt
|-immune|p2a: Raging Bolt
|move|p2a: Raging Bolt|Dragon Pulse|p1a: Bolt The Sweeper
|-supereffective|p1a: Bolt The Sweeper
|-damage|p1a: Bolt The Sweeper|0 fnt
|faint|p1a: Bolt The Sweeper
|-end|p1a: Bolt The Sweeper|Protosynthesis|[silent]
|
|upkeep
|-message|Transit Policy forfeited.
|
|win|femboyjoystick
|raw|Transit Policy's rating: 1372 &rarr; <strong>1356</strong><br />(-16 for losing)
|raw|femboyjoystick's rating: 1451 &rarr; <strong>1467</strong><br />(+16 for winning)
|l|☆Transit Policy
|player|p1|
