|j|‽IwillPrayForyou
|j|☆Darthmarth333
|t:|1779567450
|gametype|singles
|player|p1|IwillPrayForyou|1|1283
|player|p2|Darthmarth333|265|1327
|gen|9
|tier|[Gen 9] OU
|rated|
|rule|HP Percentage Mod: HP is shown in percentages
|rule|Endless Battle Clause: Forcing endless battles is banned
|rule|Species Clause: Limit one of each Pokémon
|rule|OHKO Clause: OHKO moves are banned
|rule|Evasion Items Clause: Evasion items are banned
|rule|Evasion Moves Clause: Evasion moves are banned
|rule|Evasion Abilities Clause: Evasion abilities are banned
|rule|Sleep Moves Clause: Sleep-inducing moves are banned
|clearpoke
|poke|p1|Blaziken, M|
|poke|p1|Garchomp, M|
|poke|p1|Polteageist|
|poke|p1|Meowscarada, M|
|poke|p1|Quaquaval, M|
|poke|p1|Torkoal, M|
|poke|p2|Iron Moth|
|poke|p2|Gliscor, M|
|poke|p2|Hatterene, F|
|poke|p2|Ogerpon-Wellspring, F|
|poke|p2|Raging Bolt|
|poke|p2|Zamazenta-*|
|teampreview
|
|t:|1779567461
|teamsize|p1|6
|teamsize|p2|6
|start
|switch|p1a: Garchomp|Garchomp, M|100/100
|switch|p2a: Zamazenta|Zamazenta|100/100
|-ability|p2a: Zamazenta|Dauntless Shield|boost
|-boost|p2a: Zamazenta|def|1
|turn|1
|inactive|Battle timer is ON: inactive players will automatically lose when time's up. (requested by IwillPrayForyou)
|
|t:|1779567470
|move|p2a: Zamazenta|Reflect|p2a: Zamazenta
|-sidestart|p2: Darthmarth333|Reflect
|move|p1a: Garchomp|Dragon Tail|p2a: Zamazenta
|-damage|p2a: Zamazenta|94/100
|drag|p2a: Raging Bolt|Raging Bolt|100/100
|-enditem|p2a: Raging Bolt|Booster Energy
|-activate|p2a: Raging Bolt|ability: Protosynthesis|[fromitem]
|-start|p2a: Raging Bolt|protosynthesisspa
|
|upkeep
|turn|2
|
|t:|1779567483
|move|p2a: Raging Bolt|Dragon Pulse|p1a: Garchomp
|-supereffective|p1a: Garchomp
|-damage|p1a: Garchomp|0 fnt
|faint|p1a: Garchomp
|
|upkeep
|
|t:|1779567493
|switch|p1a: Polteageist|Polteageist, shiny|100/100
|turn|3
|
|t:|1779567501
|move|p2a: Raging Bolt|Thunderbolt|p1a: Polteageist
|-damage|p1a: Polteageist|31/100
|move|p1a: Polteageist|Substitute|p1a: Polteageist
|-start|p1a: Polteageist|Substitute
|-damage|p1a: Polteageist|6/100
|
|upkeep
|turn|4
|
|t:|1779567510
|move|p2a: Raging Bolt|Thunderbolt|p1a: Polteageist
|-end|p1a: Polteageist|Substitute
|move|p1a: Polteageist|Shell Smash|p1a: Polteageist
|-unboost|p1a: Polteageist|def|1
|-unboost|p1a: Polteageist|spd|1
|-boost|p1a: Polteageist|atk|2
|-boost|p1a: Polteageist|spa|2
|-boost|p1a: Polteageist|spe|2
|-enditem|p1a: Polteageist|White Herb
|-clearnegativeboost|p1a: Polteageist|[silent]
|
|upkeep
|turn|5
|
|t:|1779567520
|move|p2a: Raging Bolt|Thunderclap|p1a: Polteageist
|-damage|p1a: Polteageist|0 fnt
|faint|p1a: Polteageist
|
|upkeep
|
|t:|1779567525
|switch|p1a: Torkoal|Torkoal, M|100/100
|-weather|SunnyDay|[from] ability: Drought|[of] p1a: Torkoal
|turn|6
|
|t:|1779567542
|move|p2a: Raging Bolt|Calm Mind|p2a: Raging Bolt
|-boost|p2a: Raging Bolt|spa|1
|-boost|p2a: Raging Bolt|spd|1
|move|p1a: Torkoal|Amnesia|p1a: Torkoal
|-boost|p1a: Torkoal|spd|2
|
|-weather|SunnyDay|[upkeep]
|upkeep
|turn|7
|
|t:|1779567552
|move|p2a: Raging Bolt|Thunderbolt|p1a: Torkoal
|-damage|p1a: Torkoal|30/100
|move|p1a: Torkoal|Amnesia|p1a: Torkoal
|-boost|p1a: Torkoal|spd|2
|
|-weather|SunnyDay|[upkeep]
|upkeep
|turn|8
|
|t:|1779567562
|move|p2a: Raging Bolt|Thunderbolt|p1a: Torkoal
|-damage|p1a: Torkoal|0 fnt
|faint|p1a: Torkoal
|
|-weather|SunnyDay|[upkeep]
|-sideend|p2: Darthmarth333|Reflect
|upkeep
|
|t:|1779567569
|switch|p1a: Blaziken|Blaziken, M, shiny|100/100
|turn|9
|
|t:|1779567580
|move|p1a: Blaziken|Focus Energy|p1a: Blaziken
|-start|p1a: Blaziken|move: Focus Energy
|move|p2a: Raging Bolt|Calm Mind|p2a: Raging Bolt
|-boost|p2a: Raging Bolt|spa|1
|-boost|p2a: Raging Bolt|spd|1
|
|-weather|SunnyDay|[upkeep]
|-ability|p1a: Blaziken|Speed Boost|boost
|-boost|p1a: Blaziken|spe|1
|upkeep
|turn|10
|
|t:|1779567591
|-terastallize|p1a: Blaziken|Fire
|move|p1a: Blaziken|Overheat|p2a: Raging Bolt
|-resisted|p2a: Raging Bolt
|-crit|p2a: Raging Bolt
|-damage|p2a: Raging Bolt|12/100
|-unboost|p1a: Blaziken|spa|2
|move|p2a: Raging Bolt|Thunderbolt|p1a: Blaziken
|-damage|p1a: Blaziken|0 fnt
|faint|p1a: Blaziken
|
|-weather|SunnyDay|[upkeep]
|upkeep
|
|t:|1779567606
|switch|p1a: Quaquaval|Quaquaval, M, shiny|100/100
|turn|11
|
|t:|1779567610
|move|p2a: Raging Bolt|Thunderclap|p1a: Quaquaval
|-supereffective|p1a: Quaquaval
|-damage|p1a: Quaquaval|0 fnt
|faint|p1a: Quaquaval
|
|-weather|SunnyDay|[upkeep]
|upkeep
|
|t:|1779567613
|switch|p1a: Meowscarada|Meowscarada, M, shiny|100/100
|turn|12
|
|t:|1779567623
|move|p2a: Raging Bolt|Thunderclap|p1a: Meowscarada
|-resisted|p1a: Meowscarada
|-damage|p1a: Meowscarada|19/100
|move|p1a: Meowscarada|Flower Trick|p2a: Raging Bolt
|-start|p1a: Meowscarada|typechange|Grass|[from] ability: Protean
|-resisted|p2a: Raging Bolt
|-crit|p2a: Raging Bolt
|-damage|p2a: Raging Bolt|0 fnt
|faint|p2a: Raging Bolt
|-end|p2a: Raging Bolt|Protosynthesis|[silent]
|
|-weather|SunnyDay|[upkeep]
|upkeep
|
|t:|1779567642
|switch|p2a: Hatterene|Hatterene, F|100/100
|turn|13
|
|t:|1779567653
|move|p1a: Meowscarada|Flower Trick|p2a: Hatterene
|-crit|p2a: Hatterene
|-damage|p2a: Hatterene|40/100
|move|p2a: Hatterene|Mystical Fire|p1a: Meowscarada
|-supereffective|p1a: Meowscarada
|-damage|p1a: Meowscarada|0 fnt
|faint|p1a: Meowscarada
|
|win|Darthmarth333
|raw|IwillPrayForyou's rating: 1283 &rarr; <strong>1261</strong><br />(-22 for losing)
|raw|Darthmarth333's rating: 1327 &rarr; <strong>1344</strong><br />(+17 for winning)
|l|‽IwillPrayForyou
|player|p1|
