|j|☆A05236
|j|☆Abyssal Bot
|t:|1779574001
|gametype|singles
|player|p1|A05236|265|
|player|p2|Abyssal Bot|supernerd|
|teamsize|p1|6
|teamsize|p2|6
|gen|9
|tier|[Gen 9] OU
|rule|Species Clause: Limit one of each Pokémon
|rule|OHKO Clause: OHKO moves are banned
|rule|Evasion Items Clause: Evasion items are banned
|rule|Evasion Moves Clause: Evasion moves are banned
|rule|Endless Battle Clause: Forcing endless battles is banned
|rule|HP Percentage Mod: HP is shown in percentages
|rule|Sleep Moves Clause: Sleep-inducing moves are banned
|clearpoke
|poke|p1|Rufflet, M|
|poke|p1|Ninetales-Alola, M|
|poke|p1|Carkol, F|
|poke|p1|Dragonair, M|
|poke|p1|Magnezone|
|poke|p1|Dragonite, F|
|poke|p2|Ting-Lu|
|poke|p2|Dragapult, M|
|poke|p2|Slowking-Galar, M|
|poke|p2|Kingambit, M|
|poke|p2|Gliscor, M|
|poke|p2|Zamazenta-*|
|teampreview
|c|☆Abyssal Bot|**WARNING**: Expect much hax.
|inactive|Battle timer is ON: inactive players will automatically lose when time's up. (requested by Abyssal Bot)
|j|*Turbo Bottttt
|
|t:|1779574003
|start
|switch|p1a: twice|Rufflet, M|100/100
|switch|p2a: Gliscor|Gliscor, M|100/100
|turn|1
|
|t:|1779574006
|switch|p2a: Dragapult|Dragapult, M|100/100
|move|p1a: twice|Bulk Up|p1a: twice
|-boost|p1a: twice|atk|1
|-boost|p1a: twice|def|1
|
|upkeep
|turn|2
|
|t:|1779574008
|move|p2a: Dragapult|Will-O-Wisp|p1a: twice
|-status|p1a: twice|brn
|move|p1a: twice|Brave Bird|p2a: Dragapult
|-crit|p2a: Dragapult
|-damage|p2a: Dragapult|0
|faint|p2a: Dragapult
|-damage|p1a: twice|63/100 brn|[from] Recoil
|
|-damage|p1a: twice|57/100 brn|[from] brn|[of] p2: Dragapult
|upkeep
|c|☆Abyssal Bot|I should be the one who gets hax ;-;
|
|t:|1779574008
|switch|p2a: Kingambit|Kingambit, M|100/100
|-activate|p2a: Kingambit|ability: Supreme Overlord
|-start|p2a: Kingambit|fallen1|[silent]
|turn|3
|
|t:|1779574011
|move|p1a: twice|Close Combat|p2a: Kingambit|[miss]
|-miss|p1a: twice|p2a: Kingambit
|move|p2a: Kingambit|Swords Dance|p2a: Kingambit
|-boost|p2a: Kingambit|atk|2
|
|-damage|p1a: twice|51/100 brn|[from] brn|[of] p2: Dragapult
|upkeep
|turn|4
|c|☆Abyssal Bot|That thing needs an eye doctor
|
|t:|1779574014
|move|p1a: twice|Close Combat|p2a: Kingambit
|-supereffective|p2a: Kingambit
|-damage|p2a: Kingambit|5/100
|-unboost|p1a: twice|def|1
|-unboost|p1a: twice|spd|1
|move|p2a: Kingambit|Iron Head|p1a: twice
|-damage|p1a: twice|0 brn
|faint|p1a: twice
|
|-heal|p2a: Kingambit|11/100|[from] item: Leftovers
|upkeep
|
|t:|1779574028
|switch|p1a: china|Dragonair, M|100/100
|turn|5
|
|t:|1779574030
|move|p1a: china|Outrage|p2a: Kingambit
|-resisted|p2a: Kingambit
|-damage|p2a: Kingambit|0
|faint|p2a: Kingambit
|-end|p2a: Kingambit|fallen1|[silent]
|
|upkeep
|
|t:|1779574030
|switch|p2a: Zamazenta|Zamazenta|100/100
|-ability|p2a: Zamazenta|Dauntless Shield|boost
|-boost|p2a: Zamazenta|def|1
|turn|6
|
|t:|1779574034
|move|p2a: Zamazenta|Close Combat|p1a: china
|-damage|p1a: china|62/100
|-unboost|p2a: Zamazenta|def|1
|-unboost|p2a: Zamazenta|spd|1
|move|p1a: china|Outrage|p2a: Zamazenta|[from]lockedmove
|-damage|p2a: Zamazenta|66/100
|-start|p1a: china|confusion|[fatigue]
|
|upkeep
|turn|7
|
|t:|1779574037
|move|p2a: Zamazenta|Close Combat|p1a: china
|-damage|p1a: china|25/100
|-unboost|p2a: Zamazenta|def|1
|-unboost|p2a: Zamazenta|spd|1
|-activate|p1a: china|confusion
|move|p1a: china|Thunder Wave|p2a: Zamazenta
|-status|p2a: Zamazenta|par
|
|upkeep
|turn|8
|
|t:|1779574040
|move|p2a: Zamazenta|Stone Edge|p1a: china|[miss]
|-miss|p2a: Zamazenta|p1a: china
|-end|p1a: china|confusion
|move|p1a: china|Rest|p1a: china
|-status|p1a: china|slp|[from] move: Rest
|-heal|p1a: china|100/100 slp|[silent]
|
|upkeep
|turn|9
|c|☆Abyssal Bot|;-;
|
|t:|1779574043
|move|p2a: Zamazenta|Close Combat|p1a: china
|-damage|p1a: china|72/100 slp
|-unboost|p2a: Zamazenta|def|1
|-unboost|p2a: Zamazenta|spd|1
|cant|p1a: china|slp
|
|upkeep
|turn|10
|
|t:|1779574045
|move|p2a: Zamazenta|Close Combat|p1a: china
|-crit|p1a: china
|-damage|p1a: china|33/100 slp
|-unboost|p2a: Zamazenta|def|1
|-unboost|p2a: Zamazenta|spd|1
|cant|p1a: china|slp
|
|upkeep
|turn|11
|c|☆Abyssal Bot|I had warned you about hax!! HAHAHA
|
|t:|1779574046
|move|p2a: Zamazenta|Stone Edge|p1a: china
|-crit|p1a: china
|-damage|p1a: china|9/100 slp
|-curestatus|p1a: china|slp|[msg]
|move|p1a: china|Dragon Dance|p1a: china
|-boost|p1a: china|atk|1
|-boost|p1a: china|spe|1
|
|upkeep
|turn|12
|c|☆Abyssal Bot|YASS!
|
|t:|1779574049
|move|p1a: china|Rest|p1a: china
|-status|p1a: china|slp|[from] move: Rest
|-heal|p1a: china|100/100 slp|[silent]
|move|p2a: Zamazenta|Stone Edge|p1a: china
|-damage|p1a: china|86/100 slp
|
|upkeep
|turn|13
|
|t:|1779574051
|cant|p1a: china|slp
|move|p2a: Zamazenta|Close Combat|p1a: china
|-damage|p1a: china|59/100 slp
|-unboost|p2a: Zamazenta|def|1
|-unboost|p2a: Zamazenta|spd|1
|
|upkeep
|turn|14
|
|t:|1779574053
|cant|p1a: china|slp
|move|p2a: Zamazenta|Close Combat|p1a: china
|-damage|p1a: china|33/100 slp
|-unboost|p2a: Zamazenta|def|1
|-unboost|p2a: Zamazenta|spd|1
|
|upkeep
|turn|15
|
|t:|1779574056
|-curestatus|p1a: china|slp|[msg]
|move|p1a: china|Dragon Dance|p1a: china
|-boost|p1a: china|atk|1
|-boost|p1a: china|spe|1
|move|p2a: Zamazenta|Close Combat|p1a: china
|-damage|p1a: china|0
|-unboost|p2a: Zamazenta|def|1
|faint|p1a: china
|
|upkeep
|
|t:|1779574065
|switch|p1a: deadly|Magnezone|100/100
|turn|16
|
|t:|1779574067
|move|p1a: deadly|Thunderbolt|p2a: Zamazenta
|-damage|p2a: Zamazenta|0 par
|faint|p2a: Zamazenta
|-damage|p1a: deadly|91/100|[from] item: Life Orb
|
|upkeep
|
|t:|1779574067
|switch|p2a: Ting-Lu|Ting-Lu|100/100
|-ability|p2a: Ting-Lu|Vessel of Ruin
|turn|17
|
|t:|1779574070
|move|p1a: deadly|Magnet Rise|p1a: deadly
|-start|p1a: deadly|Magnet Rise
|move|p2a: Ting-Lu|Earthquake|p1a: deadly
|-immune|p1a: deadly
|
|upkeep
|turn|18
|
|t:|1779574072
|switch|p2a: Gliscor|Gliscor, M|100/100
|move|p1a: deadly|Body Press|p2a: Gliscor
|-resisted|p2a: Gliscor
|-damage|p2a: Gliscor|89/100
|-damage|p1a: deadly|81/100|[from] item: Life Orb
|
|-status|p2a: Gliscor|tox|[from] item: Toxic Orb
|upkeep
|turn|19
|
|t:|1779574075
|move|p2a: Gliscor|Knock Off|p1a: deadly
|-damage|p1a: deadly|58/100
|-enditem|p1a: deadly|Life Orb|[from] move: Knock Off|[of] p2a: Gliscor
|move|p1a: deadly|Flash Cannon|p2a: Gliscor
|-damage|p2a: Gliscor|54/100 tox
|
|-heal|p2a: Gliscor|66/100 tox|[from] ability: Poison Heal
|upkeep
|turn|20
|
|t:|1779574078
|move|p2a: Gliscor|Protect|p2a: Gliscor
|-singleturn|p2a: Gliscor|Protect
|move|p1a: deadly|Flash Cannon|p2a: Gliscor
|-activate|p2a: Gliscor|move: Protect
|
|-heal|p2a: Gliscor|79/100 tox|[from] ability: Poison Heal
|upkeep
|turn|21
|
|t:|1779574080
|move|p2a: Gliscor|Swords Dance|p2a: Gliscor
|-boost|p2a: Gliscor|atk|2
|move|p1a: deadly|Flash Cannon|p2a: Gliscor
|-damage|p2a: Gliscor|43/100 tox
|-unboost|p2a: Gliscor|spd|1
|
|-heal|p2a: Gliscor|55/100 tox|[from] ability: Poison Heal
|-end|p1a: deadly|Magnet Rise
|upkeep
|turn|22
|
|t:|1779574083
|move|p2a: Gliscor|Earthquake|p1a: deadly
|-supereffective|p1a: deadly
|-damage|p1a: deadly|0
|faint|p1a: deadly
|
|-heal|p2a: Gliscor|68/100 tox|[from] ability: Poison Heal
|upkeep
|
|t:|1779574086
|switch|p1a: the agency|Dragonite, F|100/100
|turn|23
|
|t:|1779574088
|switch|p2a: Slowking|Slowking-Galar, M|100/100
|move|p1a: the agency|Encore||[still]
|-fail|p1a: the agency
|
|upkeep
|turn|24
|
|t:|1779574092
|switch|p1a: inroads|Carkol, F|100/100
|move|p2a: Slowking|Future Sight|p1a: inroads
|-start|p2a: Slowking|move: Future Sight
|
|upkeep
|turn|25
|
|t:|1779574097
|switch|p2a: Ting-Lu|Ting-Lu|100/100
|-ability|p2a: Ting-Lu|Vessel of Ruin
|move|p1a: inroads|Power Gem|p2a: Ting-Lu
|-resisted|p2a: Ting-Lu
|-damage|p2a: Ting-Lu|96/100
|
|-heal|p2a: Ting-Lu|100/100|[from] item: Leftovers
|upkeep
|turn|26
|
|t:|1779574099
|move|p1a: inroads|Will-O-Wisp|p2a: Ting-Lu
|-status|p2a: Ting-Lu|brn
|move|p2a: Ting-Lu|Earthquake|p1a: inroads
|-supereffective|p1a: inroads
|-damage|p1a: inroads|65/100
|
|-end|p1a: inroads|move: Future Sight
|-damage|p1a: inroads|40/100
|-damage|p2a: Ting-Lu|94/100 brn|[from] brn|[of] p1a: inroads
|upkeep
|turn|27
|
|t:|1779574102
|move|p1a: inroads|Stealth Rock|p2a: Ting-Lu
|-sidestart|p2: Abyssal Bot|move: Stealth Rock
|move|p2a: Ting-Lu|Earthquake|p1a: inroads
|-supereffective|p1a: inroads
|-damage|p1a: inroads|5/100
|
|-heal|p2a: Ting-Lu|100/100 brn|[from] item: Leftovers
|-damage|p2a: Ting-Lu|94/100 brn|[from] brn|[of] p1a: inroads
|upkeep
|turn|28
|
|t:|1779574105
|move|p1a: inroads|Power Gem|p2a: Ting-Lu
|-resisted|p2a: Ting-Lu
|-damage|p2a: Ting-Lu|90/100 brn
|move|p2a: Ting-Lu|Earthquake|p1a: inroads
|-supereffective|p1a: inroads
|-damage|p1a: inroads|0
|faint|p1a: inroads
|
|-heal|p2a: Ting-Lu|96/100 brn|[from] item: Leftovers
|-damage|p2a: Ting-Lu|90/100 brn|[from] brn|[of] p1: inroads
|upkeep
|
|t:|1779574108
|switch|p1a: the agency|Dragonite, F|100/100
|turn|29
|
|t:|1779574110
|switch|p2a: Slowking|Slowking-Galar, M|100/100
|move|p1a: the agency|Dragon Dance|p1a: the agency
|-boost|p1a: the agency|atk|1
|-boost|p1a: the agency|spe|1
|
|upkeep
|turn|30
|
|t:|1779574112
|move|p1a: the agency|Scale Shot|p2a: Slowking
|-damage|p2a: Slowking|78/100
|-damage|p2a: Slowking|55/100
|-damage|p2a: Slowking|32/100
|-damage|p2a: Slowking|10/100
|-hitcount|p2a: Slowking|4
|-unboost|p1a: the agency|def|1
|-boost|p1a: the agency|spe|1
|move|p2a: Slowking|Future Sight|p1a: the agency
|-start|p2a: Slowking|move: Future Sight
|
|upkeep
|turn|31
|
|t:|1779574116
|move|p1a: the agency|Dragon Dance|p1a: the agency
|-boost|p1a: the agency|atk|1
|-boost|p1a: the agency|spe|1
|move|p2a: Slowking|Future Sight||[still]
|-fail|p2a: Slowking
|
|upkeep
|turn|32
|
|t:|1779574119
|move|p1a: the agency|Fire Punch|p2a: Slowking
|-damage|p2a: Slowking|0
|faint|p2a: Slowking
|
|-end|p1a: the agency|move: Future Sight
|-damage|p1a: the agency|76/100
|upkeep
|
|t:|1779574119
|switch|p2a: Gliscor|Gliscor, M|68/100 tox
|-damage|p2a: Gliscor|55/100 tox|[from] Stealth Rock|[of] p1: inroads
|turn|33
|
|t:|1779574121
|move|p1a: the agency|Scale Shot|p2a: Gliscor
|-damage|p2a: Gliscor|31/100 tox
|-damage|p2a: Gliscor|9/100 tox
|-damage|p2a: Gliscor|0 tox
|faint|p2a: Gliscor
|-hitcount|p2: Gliscor|3
|-unboost|p1a: the agency|def|1
|-boost|p1a: the agency|spe|1
|
|upkeep
|
|t:|1779574121
|switch|p2a: Ting-Lu|Ting-Lu|90/100 brn
|-damage|p2a: Ting-Lu|84/100 brn|[from] Stealth Rock|[of] p1: inroads
|-ability|p2a: Ting-Lu|Vessel of Ruin
|turn|34
|
|t:|1779574124
|move|p1a: the agency|Scale Shot|p2a: Ting-Lu
|-damage|p2a: Ting-Lu|70/100 brn
|-damage|p2a: Ting-Lu|55/100 brn
|-damage|p2a: Ting-Lu|42/100 brn
|-damage|p2a: Ting-Lu|27/100 brn
|-hitcount|p2a: Ting-Lu|4
|-unboost|p1a: the agency|def|1
|-boost|p1a: the agency|spe|1
|move|p2a: Ting-Lu|Stealth Rock|p1a: the agency
|-sidestart|p1: A05236|move: Stealth Rock
|
|-heal|p2a: Ting-Lu|34/100 brn|[from] item: Leftovers
|-damage|p2a: Ting-Lu|27/100 brn|[from] brn|[of] p1: inroads
|upkeep
|turn|35
|
|t:|1779574127
|move|p1a: the agency|Scale Shot|p2a: Ting-Lu
|-damage|p2a: Ting-Lu|13/100 brn
|-damage|p2a: Ting-Lu|0 brn
|faint|p2a: Ting-Lu
|-hitcount|p2: Ting-Lu|2
|
|win|A05236
|c|☆Abyssal Bot|Well Played.
|l|☆Abyssal Bot
|player|p2|
|l|*Turbo Bottttt
