|j|☆uchiha jesus
|j|☆left mannn
|t:|1779649963
|gametype|singles
|player|p1|uchiha jesus|170|1269
|player|p2|left mannn|unknown|1252
|gen|9
|tier|[Gen 9] OU
|rated|
|rule|HP Percentage Mod: HP is shown in percentages
|rule|Endless Battle Clause: Forcing endless battles is banned
|rule|Species Clause: Limit one of each Pokémon
|rule|OHKO Clause: OHKO moves are banned
|rule|Evasion Items Clause: Evasion items are banned
|rule|Evasion Moves Clause: Evasion moves are banned
|rule|Evasion Abilities Clause: Evasion abilities are banned
|rule|Sleep Moves Clause: Sleep-inducing moves are banned
|clearpoke
|poke|p1|Darkrai|
|poke|p1|Dusclops, M|
|poke|p1|Ogerpon-Wellspring, F|
|poke|p1|Garchomp, M|
|poke|p1|Skeledirge, F|
|poke|p1|Tyranitar, F|
|poke|p2|Swampert, M|
|poke|p2|Primarina, F|
|poke|p2|Talonflame, F|
|poke|p2|Scyther, M|
|poke|p2|Raging Bolt|
|poke|p2|Krookodile, M|
|teampreview
|
|t:|1779649971
|teamsize|p1|6
|teamsize|p2|6
|start
|switch|p1a: Darkrai|Darkrai|100/100
|switch|p2a: Swampert|Swampert, M|100/100
|turn|1
|
|t:|1779649977
|move|p1a: Darkrai|Nasty Plot|p1a: Darkrai
|-boost|p1a: Darkrai|spa|2
|move|p2a: Swampert|Knock Off|p1a: Darkrai
|-resisted|p1a: Darkrai
|-damage|p1a: Darkrai|80/100
|-enditem|p1a: Darkrai|Weakness Policy|[from] move: Knock Off|[of] p2a: Swampert
|
|upkeep
|turn|2
|
|t:|1779649986
|move|p1a: Darkrai|Dark Pulse|p2a: Swampert
|-damage|p2a: Swampert|29/100
|cant|p2a: Swampert|flinch
|
|-heal|p2a: Swampert|35/100|[from] item: Leftovers
|upkeep
|turn|3
|
|t:|1779649993
|move|p1a: Darkrai|Sludge Bomb|p2a: Swampert
|-resisted|p2a: Swampert
|-damage|p2a: Swampert|8/100
|move|p2a: Swampert|Stealth Rock|p1a: Darkrai
|-sidestart|p1: uchiha jesus|move: Stealth Rock
|
|-heal|p2a: Swampert|14/100|[from] item: Leftovers
|upkeep
|turn|4
|
|t:|1779650001
|move|p1a: Darkrai|Sludge Bomb|p2a: Swampert
|-resisted|p2a: Swampert
|-damage|p2a: Swampert|0 fnt
|faint|p2a: Swampert
|
|upkeep
|
|t:|1779650007
|switch|p2a: Krookodile|Krookodile, M|100/100
|turn|5
|
|t:|1779650012
|move|p2a: Krookodile|Close Combat|p1a: Darkrai
|-supereffective|p1a: Darkrai
|-damage|p1a: Darkrai|0 fnt
|-unboost|p2a: Krookodile|def|1
|-unboost|p2a: Krookodile|spd|1
|faint|p1a: Darkrai
|-ability|p2a: Krookodile|Moxie|boost
|-boost|p2a: Krookodile|atk|1
|
|upkeep
|
|t:|1779650026
|switch|p1a: Dusclops|Dusclops, M|100/100
|-damage|p1a: Dusclops|88/100|[from] Stealth Rock
|-ability|p1a: Dusclops|Pressure
|turn|6
|
|t:|1779650033
|switch|p2a: Talonflame|Talonflame, F|100/100
|move|p1a: Dusclops|Curse|p2a: Talonflame
|-start|p2a: Talonflame|Curse|[of] p1a: Dusclops
|-damage|p1a: Dusclops|39/100
|
|-damage|p2a: Talonflame|76/100|[from] Curse
|upkeep
|turn|7
|
|t:|1779650042
|move|p2a: Talonflame|Brave Bird|p1a: Dusclops
|-damage|p1a: Dusclops|8/100
|-damage|p2a: Talonflame|68/100|[from] Recoil
|move|p1a: Dusclops|Pain Split|p2a: Talonflame
|-sethp|p2a: Talonflame|37/100|[from] move: Pain Split|[silent]
|-sethp|p1a: Dusclops|50/100|[from] move: Pain Split
|
|-damage|p2a: Talonflame|12/100|[from] Curse
|upkeep
|turn|8
|
|t:|1779650053
|switch|p1a: Tyranitar|Tyranitar, F|100/100
|-damage|p1a: Tyranitar|88/100|[from] Stealth Rock
|-weather|Sandstorm|[from] ability: Sand Stream|[of] p1a: Tyranitar
|move|p2a: Talonflame|Brave Bird|p1a: Tyranitar
|-resisted|p1a: Tyranitar
|-damage|p1a: Tyranitar|64/100
|-damage|p2a: Talonflame|3/100|[from] Recoil
|
|-weather|Sandstorm|[upkeep]
|-damage|p2a: Talonflame|0 fnt|[from] Sandstorm
|faint|p2a: Talonflame
|upkeep
|
|t:|1779650062
|switch|p2a: Krookodile|Krookodile, M|100/100
|turn|9
|
|t:|1779650070
|switch|p1a: Dusclops|Dusclops, M|50/100
|-damage|p1a: Dusclops|38/100|[from] Stealth Rock
|-ability|p1a: Dusclops|Pressure
|move|p2a: Krookodile|Earthquake|p1a: Dusclops
|-damage|p1a: Dusclops|9/100
|
|-weather|Sandstorm|[upkeep]
|-damage|p1a: Dusclops|3/100|[from] Sandstorm
|upkeep
|turn|10
|
|t:|1779650080
|move|p2a: Krookodile|Earthquake|p1a: Dusclops
|-damage|p1a: Dusclops|0 fnt
|faint|p1a: Dusclops
|-ability|p2a: Krookodile|Moxie|boost
|-boost|p2a: Krookodile|atk|1
|
|-weather|Sandstorm|[upkeep]
|upkeep
|
|t:|1779650088
|switch|p1a: Ogerpon|Ogerpon-Wellspring, F|100/100
|-damage|p1a: Ogerpon|88/100|[from] Stealth Rock
|turn|11
|
|t:|1779650093
|move|p2a: Krookodile|Earthquake|p1a: Ogerpon
|-resisted|p1a: Ogerpon
|-damage|p1a: Ogerpon|37/100
|move|p1a: Ogerpon|Horn Leech|p2a: Krookodile
|-supereffective|p2a: Krookodile
|-damage|p2a: Krookodile|0 fnt
|-heal|p1a: Ogerpon|92/100|[from] drain|[of] p2a: Krookodile
|faint|p2a: Krookodile
|
|-weather|Sandstorm|[upkeep]
|-damage|p1a: Ogerpon|86/100|[from] Sandstorm
|upkeep
|
|t:|1779650098
|switch|p2a: Scyther|Scyther, M|100/100
|turn|12
|
|t:|1779650119
|switch|p1a: Tyranitar|Tyranitar, F|64/100
|-damage|p1a: Tyranitar|52/100|[from] Stealth Rock
|move|p2a: Scyther|Dual Wingbeat|p1a: Tyranitar
|-resisted|p1a: Tyranitar
|-damage|p1a: Tyranitar|38/100
|-resisted|p1a: Tyranitar
|-damage|p1a: Tyranitar|25/100
|-hitcount|p1a: Tyranitar|2
|
|-weather|none
|upkeep
|turn|13
|
|t:|1779650132
|move|p2a: Scyther|Pounce|p1a: Tyranitar
|-supereffective|p1a: Tyranitar
|-damage|p1a: Tyranitar|0 fnt
|faint|p1a: Tyranitar
|
|upkeep
|
|t:|1779650144
|switch|p1a: Skeledirge|Skeledirge, F|100/100
|-damage|p1a: Skeledirge|75/100|[from] Stealth Rock
|turn|14
|
|t:|1779650152
|switch|p2a: Raging Bolt|Raging Bolt|100/100
|-enditem|p2a: Raging Bolt|Booster Energy
|-activate|p2a: Raging Bolt|ability: Protosynthesis|[fromitem]
|-start|p2a: Raging Bolt|protosynthesisspa
|move|p1a: Skeledirge|Torch Song|p2a: Raging Bolt
|-resisted|p2a: Raging Bolt
|-crit|p2a: Raging Bolt
|-damage|p2a: Raging Bolt|81/100
|-boost|p1a: Skeledirge|spa|1
|
|upkeep
|turn|15
|
|t:|1779650162
|move|p2a: Raging Bolt|Thunderclap||[still]
|-fail|p2a: Raging Bolt
|move|p1a: Skeledirge|Slack Off|p1a: Skeledirge
|-heal|p1a: Skeledirge|100/100
|
|upkeep
|turn|16
|
|t:|1779650169
|move|p2a: Raging Bolt|Taunt|p1a: Skeledirge
|-start|p1a: Skeledirge|move: Taunt
|cant|p1a: Skeledirge|move: Taunt|Encore
|
|upkeep
|turn|17
|
|t:|1779650175
|-terastallize|p2a: Raging Bolt|Electric
|move|p2a: Raging Bolt|Thunderclap|p1a: Skeledirge
|-damage|p1a: Skeledirge|37/100
|move|p1a: Skeledirge|Shadow Ball|p2a: Raging Bolt
|-damage|p2a: Raging Bolt|36/100
|-unboost|p2a: Raging Bolt|spd|1
|
|upkeep
|turn|18
|
|t:|1779650184
|move|p2a: Raging Bolt|Thunderclap|p1a: Skeledirge
|-damage|p1a: Skeledirge|0 fnt
|faint|p1a: Skeledirge
|
|upkeep
|
|t:|1779650189
|switch|p1a: Garchomp|Garchomp, M|100/100
|-damage|p1a: Garchomp|94/100|[from] Stealth Rock
|turn|19
|
|t:|1779650194
|move|p1a: Garchomp|Earthquake|p2a: Raging Bolt
|-supereffective|p2a: Raging Bolt
|-damage|p2a: Raging Bolt|0 fnt
|faint|p2a: Raging Bolt
|-end|p2a: Raging Bolt|Protosynthesis|[silent]
|
|upkeep
|
|t:|1779650198
|switch|p2a: Primarina|Primarina, F|100/100
|turn|20
|
|t:|1779650237
|switch|p1a: Ogerpon|Ogerpon-Wellspring, F|86/100
|-damage|p1a: Ogerpon|74/100|[from] Stealth Rock
|move|p2a: Primarina|Moonblast|p1a: Ogerpon
|-damage|p1a: Ogerpon|0 fnt
|faint|p1a: Ogerpon
|
|upkeep
|
|t:|1779650260
|switch|p1a: Garchomp|Garchomp, M|94/100
|-damage|p1a: Garchomp|88/100|[from] Stealth Rock
|turn|21
|
|t:|1779650267
|-terastallize|p1a: Garchomp|Steel
|move|p1a: Garchomp|Swords Dance|p1a: Garchomp
|-boost|p1a: Garchomp|atk|2
|move|p2a: Primarina|Moonblast|p1a: Garchomp
|-resisted|p1a: Garchomp
|-damage|p1a: Garchomp|47/100
|
|upkeep
|turn|22
|
|t:|1779650277
|move|p1a: Garchomp|Earthquake|p2a: Primarina
|-damage|p2a: Primarina|0 fnt
|faint|p2a: Primarina
|
|upkeep
|
|t:|1779650280
|switch|p2a: Scyther|Scyther, M|100/100
|turn|23
|
|t:|1779650284
|move|p2a: Scyther|Close Combat|p1a: Garchomp
|-supereffective|p1a: Garchomp
|-damage|p1a: Garchomp|0 fnt
|-unboost|p2a: Scyther|def|1
|-unboost|p2a: Scyther|spd|1
|-damage|p2a: Scyther|88/100|[from] ability: Rough Skin|[of] p1a: Garchomp
|faint|p1a: Garchomp
|
|win|left mannn
|raw|uchiha jesus's rating: 1246 &rarr; <strong>1221</strong><br />(-25 for losing)
|raw|left mannn's rating: 1252 &rarr; <strong>1277</strong><br />(+25 for winning)
|l|☆left mannn
|player|p2|
