|j|☆Cheesefriezz
|j|☆mid0na/vaaty
|t:|1779660585
|gametype|singles
|player|p1|Cheesefriezz|n|1160
|player|p2|mid0na/vaaty|cynthia|1112
|gen|9
|tier|[Gen 9] OU
|rated|
|rule|HP Percentage Mod: HP is shown in percentages
|rule|Endless Battle Clause: Forcing endless battles is banned
|rule|Species Clause: Limit one of each Pokémon
|rule|OHKO Clause: OHKO moves are banned
|rule|Evasion Items Clause: Evasion items are banned
|rule|Evasion Moves Clause: Evasion moves are banned
|rule|Evasion Abilities Clause: Evasion abilities are banned
|rule|Sleep Moves Clause: Sleep-inducing moves are banned
|clearpoke
|poke|p1|Samurott-Hisui, M|
|poke|p1|Leafeon, M|
|poke|p1|Moltres|
|poke|p1|Ninetales, F|
|poke|p1|Kommo-o, M|
|poke|p1|Krookodile, F|
|poke|p2|Garchomp, M|
|poke|p2|Quaquaval, M|
|poke|p2|Moltres|
|poke|p2|Polteageist|
|poke|p2|Espeon, M|
|poke|p2|Scizor, M|
|teampreview
|inactive|Battle timer is ON: inactive players will automatically lose when time's up. (requested by mid0na/vaaty)
|
|t:|1779660593
|teamsize|p1|6
|teamsize|p2|6
|start
|switch|p1a: Gabriel|Krookodile, F|100/100
|switch|p2a: Espeon|Espeon, M, shiny|100/100
|-ability|p1a: Gabriel|Intimidate|boost
|-unboost|p2a: Espeon|atk|1
|turn|1
|
|t:|1779660604
|move|p2a: Espeon|Trick|p1a: Gabriel
|-activate|p2a: Espeon|move: Trick|[of] p1a: Gabriel
|-item|p1a: Gabriel|Black Sludge|[from] move: Trick
|-item|p2a: Espeon|Focus Sash|[from] move: Trick
|move|p1a: Gabriel|Knock Off|p2a: Espeon
|-supereffective|p2a: Espeon
|-enditem|p2a: Espeon|Focus Sash
|-damage|p2a: Espeon|1/100
|
|-damage|p1a: Gabriel|88/100|[from] item: Black Sludge
|upkeep
|turn|2
|
|t:|1779660619
|move|p2a: Espeon|Wish|p2a: Espeon
|move|p1a: Gabriel|Knock Off|p2a: Espeon
|-supereffective|p2a: Espeon
|-damage|p2a: Espeon|0 fnt
|faint|p2a: Espeon
|
|-damage|p1a: Gabriel|76/100|[from] item: Black Sludge
|upkeep
|
|t:|1779660632
|switch|p2a: Scizor|Scizor, M, shiny|100/100
|turn|3
|
|t:|1779660638
|move|p1a: Gabriel|Stealth Rock|p2a: Scizor
|-sidestart|p2: mid0na/vaaty|move: Stealth Rock
|move|p2a: Scizor|Pounce|p1a: Gabriel
|-supereffective|p1a: Gabriel
|-damage|p1a: Gabriel|0 fnt
|faint|p1a: Gabriel
|
|upkeep
|
|t:|1779660647
|switch|p1a: Supa Hot Fire|Moltres|100/100
|turn|4
|
|t:|1779660659
|move|p2a: Scizor|Knock Off|p1a: Supa Hot Fire
|-damage|p1a: Supa Hot Fire|67/100
|-enditem|p1a: Supa Hot Fire|Heavy-Duty Boots|[from] move: Knock Off|[of] p2a: Scizor
|move|p1a: Supa Hot Fire|Flamethrower|p2a: Scizor
|-supereffective|p2a: Scizor
|-damage|p2a: Scizor|0 fnt
|faint|p2a: Scizor
|
|upkeep
|
|t:|1779660674
|switch|p2a: Polteageist|Polteageist, shiny|100/100
|-damage|p2a: Polteageist|88/100|[from] Stealth Rock
|turn|5
|
|t:|1779660682
|move|p2a: Polteageist|Calm Mind|p2a: Polteageist
|-boost|p2a: Polteageist|spa|1
|-boost|p2a: Polteageist|spd|1
|move|p1a: Supa Hot Fire|Flamethrower|p2a: Polteageist
|-damage|p2a: Polteageist|46/100
|
|upkeep
|turn|6
|
|t:|1779660689
|move|p2a: Polteageist|Strength Sap|p1a: Supa Hot Fire
|-unboost|p1a: Supa Hot Fire|atk|1
|-heal|p2a: Polteageist|100/100
|move|p1a: Supa Hot Fire|Air Slash|p2a: Polteageist
|-damage|p2a: Polteageist|70/100
|
|upkeep
|turn|7
|
|t:|1779660697
|move|p2a: Polteageist|Calm Mind|p2a: Polteageist
|-boost|p2a: Polteageist|spa|1
|-boost|p2a: Polteageist|spd|1
|move|p1a: Supa Hot Fire|U-turn|p2a: Polteageist
|-resisted|p2a: Polteageist
|-damage|p2a: Polteageist|62/100
|
|t:|1779660702
|switch|p1a: Iggy|Kommo-o, M|100/100|[from] U-turn
|
|upkeep
|turn|8
|
|t:|1779660716
|-terastallize|p1a: Iggy|Normal
|move|p1a: Iggy|Clangorous Soul|p1a: Iggy
|-boost|p1a: Iggy|atk|1
|-boost|p1a: Iggy|def|1
|-boost|p1a: Iggy|spa|1
|-boost|p1a: Iggy|spd|1
|-boost|p1a: Iggy|spe|1
|-damage|p1a: Iggy|68/100
|-enditem|p1a: Iggy|Throat Spray
|-boost|p1a: Iggy|spa|1|[from] item: Throat Spray
|move|p2a: Polteageist|Strength Sap|p1a: Iggy
|-unboost|p1a: Iggy|atk|1
|-heal|p2a: Polteageist|100/100
|
|upkeep
|turn|9
|
|t:|1779660732
|move|p1a: Iggy|Clanging Scales|p2a: Polteageist
|-damage|p2a: Polteageist|44/100
|-unboost|p1a: Iggy|def|1
|move|p2a: Polteageist|Will-O-Wisp|p1a: Iggy|[miss]
|-miss|p2a: Polteageist|p1a: Iggy
|
|upkeep
|turn|10
|
|t:|1779660742
|move|p1a: Iggy|Clanging Scales|p2a: Polteageist
|-damage|p2a: Polteageist|0 fnt
|faint|p2a: Polteageist
|-unboost|p1a: Iggy|def|1
|
|upkeep
|
|t:|1779660752
|switch|p2a: Moltres|Moltres, shiny|100/100
|-damage|p2a: Moltres|50/100|[from] Stealth Rock
|turn|11
|
|t:|1779660759
|move|p1a: Iggy|Boomburst|p2a: Moltres
|-damage|p2a: Moltres|0 fnt
|faint|p2a: Moltres
|
|upkeep
|
|t:|1779660766
|switch|p2a: Garchomp|Garchomp, M, shiny|100/100
|-damage|p2a: Garchomp|94/100|[from] Stealth Rock
|turn|12
|
|t:|1779660772
|-terastallize|p2a: Garchomp|Steel
|move|p1a: Iggy|Clanging Scales|p2a: Garchomp
|-resisted|p2a: Garchomp
|-damage|p2a: Garchomp|45/100
|-unboost|p1a: Iggy|def|1
|move|p2a: Garchomp|Scale Shot|p1a: Iggy
|-damage|p1a: Iggy|41/100
|-damage|p1a: Iggy|18/100
|-damage|p1a: Iggy|0 fnt
|faint|p1a: Iggy
|-hitcount|p1: Iggy|3
|-unboost|p2a: Garchomp|def|1
|-boost|p2a: Garchomp|spe|1
|
|upkeep
|
|t:|1779660787
|switch|p1a: Supa Hot Fire|Moltres|67/100
|turn|13
|
|t:|1779660794
|move|p2a: Garchomp|Scale Shot|p1a: Supa Hot Fire
|-damage|p1a: Supa Hot Fire|55/100
|-damage|p1a: Supa Hot Fire|42/100
|-damage|p1a: Supa Hot Fire|29/100
|-damage|p1a: Supa Hot Fire|15/100
|-hitcount|p1a: Supa Hot Fire|4
|-unboost|p2a: Garchomp|def|1
|-boost|p2a: Garchomp|spe|1
|move|p1a: Supa Hot Fire|Flamethrower|p2a: Garchomp
|-supereffective|p2a: Garchomp
|-damage|p2a: Garchomp|0 fnt
|faint|p2a: Garchomp
|
|upkeep
|
|t:|1779660808
|switch|p2a: Quaquaval|Quaquaval, M, shiny|100/100
|-damage|p2a: Quaquaval|94/100|[from] Stealth Rock
|turn|14
|
|t:|1779660814
|move|p2a: Quaquaval|Aqua Step|p1a: Supa Hot Fire
|-supereffective|p1a: Supa Hot Fire
|-damage|p1a: Supa Hot Fire|0 fnt
|-boost|p2a: Quaquaval|spe|1
|faint|p1a: Supa Hot Fire
|-ability|p2a: Quaquaval|Moxie|boost
|-boost|p2a: Quaquaval|atk|1
|
|-heal|p2a: Quaquaval|100/100|[from] item: Leftovers
|upkeep
|
|t:|1779660819
|switch|p1a: Ima dive in|Samurott-Hisui, M|100/100
|turn|15
|
|t:|1779660827
|switch|p1a: six tails|Ninetales, F, shiny|100/100
|-weather|SunnyDay|[from] ability: Drought|[of] p1a: six tails
|move|p2a: Quaquaval|Close Combat|p1a: six tails
|-damage|p1a: six tails|0 fnt
|-unboost|p2a: Quaquaval|def|1
|-unboost|p2a: Quaquaval|spd|1
|faint|p1a: six tails
|-ability|p2a: Quaquaval|Moxie|boost
|-boost|p2a: Quaquaval|atk|1
|
|-weather|SunnyDay|[upkeep]
|upkeep
|
|t:|1779660838
|switch|p1a: Melo|Leafeon, M, shiny|100/100
|turn|16
|
|t:|1779660846
|move|p1a: Melo|Swords Dance|p1a: Melo
|-boost|p1a: Melo|atk|2
|move|p2a: Quaquaval|Close Combat|p1a: Melo
|-damage|p1a: Melo|0 fnt
|-unboost|p2a: Quaquaval|def|1
|-unboost|p2a: Quaquaval|spd|1
|faint|p1a: Melo
|-ability|p2a: Quaquaval|Moxie|boost
|-boost|p2a: Quaquaval|atk|1
|
|-weather|SunnyDay|[upkeep]
|upkeep
|c|☆Cheesefriezz|awkward
|c|☆Cheesefriezz|GGs LOL
|-message|Cheesefriezz forfeited.
|
|win|mid0na/vaaty
|raw|Cheesefriezz's rating: 1160 &rarr; <strong>1132</strong><br />(-28 for losing)
|raw|mid0na&#x2f;vaaty's rating: 1112 &rarr; <strong>1140</strong><br />(+28 for winning)
|l|☆Cheesefriezz
|player|p1|
