|badge|p1|bronze|gen9ubers|100-9
|uhtml|medal-msg|<div class="broadcast-blue">Curious what those medals under the avatar are? PS now has Ladder Seasons! For more information, check out the <a href="https://www.smogon.com/forums/threads/3740067/">thread on Smogon.</a></div>
|j|☆Zerotti
|j|☆Awakened Ashes
|t:|1779605681
|gametype|singles
|player|p1|Zerotti|#dwcopiv|1659
|player|p2|Awakened Ashes|red-masters3|1615
|gen|9
|tier|[Gen 9] OU
|rated|
|rule|HP Percentage Mod: HP is shown in percentages
|rule|Endless Battle Clause: Forcing endless battles is banned
|rule|Species Clause: Limit one of each Pokémon
|rule|OHKO Clause: OHKO moves are banned
|rule|Evasion Items Clause: Evasion items are banned
|rule|Evasion Moves Clause: Evasion moves are banned
|rule|Evasion Abilities Clause: Evasion abilities are banned
|rule|Sleep Moves Clause: Sleep-inducing moves are banned
|clearpoke
|poke|p1|Dragapult, M|
|poke|p1|Glastrier|
|poke|p1|Tinkaton, F|
|poke|p1|Ting-Lu|
|poke|p1|Iron Hands|
|poke|p1|Moltres|
|poke|p2|Ribombee, M|
|poke|p2|Lokix, F|
|poke|p2|Raging Bolt|
|poke|p2|Great Tusk|
|poke|p2|Gholdengo|
|poke|p2|Iron Moth|
|teampreview
|inactive|Battle timer is ON: inactive players will automatically lose when time's up. (requested by Zerotti)
|inactive|Awakened Ashes also wants the timer to be on.
|j| ImperialGo
|inactive|Zerotti has 120 seconds left.
|inactive|Zerotti has 90 seconds left.
|
|t:|1779605759
|teamsize|p1|6
|teamsize|p2|6
|start
|switch|p1a: Moltres|Moltres|100/100
|switch|p2a: Ribombee|Ribombee, M, shiny|100/100
|turn|1
|
|t:|1779605771
|move|p2a: Ribombee|Sticky Web|p1a: Moltres
|-sidestart|p1: Zerotti|move: Sticky Web
|move|p1a: Moltres|Flamethrower|p2a: Ribombee
|-supereffective|p2a: Ribombee
|-enditem|p2a: Ribombee|Focus Sash
|-damage|p2a: Ribombee|1/100
|
|upkeep
|turn|2
|
|t:|1779605778
|move|p2a: Ribombee|Stun Spore|p1a: Moltres|[miss]
|-miss|p2a: Ribombee|p1a: Moltres
|move|p1a: Moltres|U-turn|p2a: Ribombee
|-resisted|p2a: Ribombee
|-damage|p2a: Ribombee|0 fnt
|faint|p2a: Ribombee
|
|t:|1779605789
|switch|p1a: Dragapult|Dragapult, M|100/100|[from] U-turn
|
|upkeep
|inactive|Awakened Ashes has 120 seconds left.
|
|t:|1779605834
|switch|p2a: Iron Moth|Iron Moth, shiny|100/100
|-enditem|p2a: Iron Moth|Booster Energy
|-activate|p2a: Iron Moth|ability: Quark Drive|[fromitem]
|-start|p2a: Iron Moth|quarkdrivespa
|turn|3
|
|t:|1779605853
|move|p1a: Dragapult|Thunder Wave|p2a: Iron Moth
|-status|p2a: Iron Moth|par
|move|p2a: Iron Moth|Dazzling Gleam|p1a: Dragapult
|-supereffective|p1a: Dragapult
|-damage|p1a: Dragapult|5/100
|
|upkeep
|turn|4
|
|t:|1779605864
|move|p1a: Dragapult|Hex|p2a: Iron Moth
|-damage|p2a: Iron Moth|42/100 par
|cant|p2a: Iron Moth|par
|
|upkeep
|turn|5
|
|t:|1779605867
|move|p1a: Dragapult|Hex|p2a: Iron Moth
|-damage|p2a: Iron Moth|0 fnt
|faint|p2a: Iron Moth
|-end|p2a: Iron Moth|Quark Drive|[silent]
|
|upkeep
|
|t:|1779605869
|switch|p2a: Lokix|Lokix, F, shiny|100/100
|turn|6
|
|t:|1779605873
|switch|p1a: Moltres|Moltres|100/100
|move|p2a: Lokix|Knock Off|p1a: Moltres
|-damage|p1a: Moltres|60/100
|-status|p2a: Lokix|brn|[from] ability: Flame Body|[of] p1a: Moltres
|-enditem|p1a: Moltres|Heavy-Duty Boots|[from] move: Knock Off|[of] p2a: Lokix
|-damage|p2a: Lokix|91/100 brn|[from] item: Life Orb
|
|-damage|p2a: Lokix|85/100 brn|[from] brn
|upkeep
|turn|7
|
|t:|1779605882
|move|p2a: Lokix|Swords Dance|p2a: Lokix
|-boost|p2a: Lokix|atk|2
|move|p1a: Moltres|U-turn|p2a: Lokix
|-supereffective|p2a: Lokix
|-damage|p2a: Lokix|44/100 brn
|
|t:|1779605890
|switch|p1a: Tinkaton|Tinkaton, F|100/100|[from] U-turn
|-item|p1a: Tinkaton|Air Balloon
|
|-damage|p2a: Lokix|38/100 brn|[from] brn
|upkeep
|turn|8
|
|t:|1779605907
|switch|p2a: Great Tusk|Great Tusk, shiny|100/100
|-enditem|p2a: Great Tusk|Booster Energy
|-activate|p2a: Great Tusk|ability: Protosynthesis|[fromitem]
|-start|p2a: Great Tusk|protosynthesisatk
|move|p1a: Tinkaton|Encore||[still]
|-fail|p1a: Tinkaton
|
|upkeep
|turn|9
|
|t:|1779605916
|switch|p1a: Moltres|Moltres|60/100
|move|p2a: Great Tusk|Close Combat|p1a: Moltres
|-resisted|p1a: Moltres
|-damage|p1a: Moltres|33/100
|-unboost|p2a: Great Tusk|def|1
|-unboost|p2a: Great Tusk|spd|1
|-status|p2a: Great Tusk|brn|[from] ability: Flame Body|[of] p1a: Moltres
|
|-damage|p2a: Great Tusk|94/100 brn|[from] brn
|upkeep
|turn|10
|
|t:|1779605941
|move|p2a: Great Tusk|Head Smash|p1a: Moltres|[miss]
|-miss|p2a: Great Tusk|p1a: Moltres
|move|p1a: Moltres|Roost|p1a: Moltres
|-heal|p1a: Moltres|83/100
|-singleturn|p1a: Moltres|move: Roost
|
|-damage|p2a: Great Tusk|88/100 brn|[from] brn
|upkeep
|turn|11
|
|t:|1779605950
|move|p2a: Great Tusk|Head Smash|p1a: Moltres
|-supereffective|p1a: Moltres
|-crit|p1a: Moltres
|-damage|p1a: Moltres|0 fnt
|faint|p1a: Moltres
|-damage|p2a: Great Tusk|46/100 brn|[from] Recoil
|
|-damage|p2a: Great Tusk|39/100 brn|[from] brn
|upkeep
|
|t:|1779605958
|switch|p1a: Dragapult|Dragapult, M|5/100
|turn|12
|
|t:|1779605977
|move|p1a: Dragapult|Hex|p2a: Great Tusk
|-damage|p2a: Great Tusk|0 fnt
|faint|p2a: Great Tusk
|-end|p2a: Great Tusk|Protosynthesis|[silent]
|
|upkeep
|
|t:|1779605980
|switch|p2a: Raging Bolt|Raging Bolt|100/100
|-enditem|p2a: Raging Bolt|Booster Energy
|-activate|p2a: Raging Bolt|ability: Protosynthesis|[fromitem]
|-start|p2a: Raging Bolt|protosynthesisspa
|turn|13
|
|t:|1779605994
|switch|p1a: Ting-Lu|Ting-Lu|100/100
|-activate|p1a: Ting-Lu|move: Sticky Web
|-unboost|p1a: Ting-Lu|spe|1
|-ability|p1a: Ting-Lu|Vessel of Ruin
|move|p2a: Raging Bolt|Thunderbolt|p1a: Ting-Lu
|-immune|p1a: Ting-Lu
|
|upkeep
|turn|14
|j| QD KING
|
|t:|1779606006
|move|p2a: Raging Bolt|Dragon Pulse|p1a: Ting-Lu
|-damage|p1a: Ting-Lu|74/100
|move|p1a: Ting-Lu|Earthquake|p2a: Raging Bolt
|-supereffective|p2a: Raging Bolt
|-damage|p2a: Raging Bolt|28/100
|
|-heal|p1a: Ting-Lu|80/100|[from] item: Leftovers
|upkeep
|turn|15
|-message|Awakened Ashes forfeited.
|
|win|Zerotti
|raw|Zerotti's rating: 1641 &rarr; <strong>1659</strong><br />(+18 for winning)
|raw|Awakened Ashes's rating: 1613 &rarr; <strong>1595</strong><br />(-18 for losing)
|l|☆Awakened Ashes
|player|p2|
|l| ImperialGo
