|j|☆Ger9987
|j|☆OscarGamble
|t:|1779568181
|gametype|singles
|player|p1|Ger9987|1|1363
|player|p2|OscarGamble|102|1413
|gen|9
|tier|[Gen 9] OU
|rated|
|rule|HP Percentage Mod: HP is shown in percentages
|rule|Endless Battle Clause: Forcing endless battles is banned
|rule|Species Clause: Limit one of each Pokémon
|rule|OHKO Clause: OHKO moves are banned
|rule|Evasion Items Clause: Evasion items are banned
|rule|Evasion Moves Clause: Evasion moves are banned
|rule|Evasion Abilities Clause: Evasion abilities are banned
|rule|Sleep Moves Clause: Sleep-inducing moves are banned
|clearpoke
|poke|p1|Forretress, M|
|poke|p1|Ribombee, F|
|poke|p1|Garchomp, M|
|poke|p1|Slowking, M|
|poke|p1|Darkrai|
|poke|p1|Rillaboom, F|
|poke|p2|Landorus-Therian, M|
|poke|p2|Gholdengo|
|poke|p2|Rillaboom, M|
|poke|p2|Walking Wake|
|poke|p2|Volcanion|
|poke|p2|Zamazenta-*|
|teampreview
|inactive|Battle timer is ON: inactive players will automatically lose when time's up. (requested by OscarGamble)
|
|t:|1779568198
|teamsize|p1|6
|teamsize|p2|6
|start
|switch|p1a: Ribombee|Ribombee, F|100/100
|switch|p2a: Gholdengo|Gholdengo|100/100
|turn|1
|
|t:|1779568207
|move|p1a: Ribombee|Trick|p2a: Gholdengo
|-immune|p2a: Gholdengo|[from] ability: Good as Gold
|move|p2a: Gholdengo|Shadow Ball|p1a: Ribombee
|-crit|p1a: Ribombee
|-damage|p1a: Ribombee|0 fnt
|faint|p1a: Ribombee
|
|upkeep
|
|t:|1779568217
|switch|p1a: Darkrai|Darkrai, shiny|100/100
|turn|2
|
|t:|1779568229
|switch|p2a: Zamazenta|Zamazenta|100/100
|-ability|p2a: Zamazenta|Dauntless Shield|boost
|-boost|p2a: Zamazenta|def|1
|move|p1a: Darkrai|Dark Pulse|p2a: Zamazenta
|-resisted|p2a: Zamazenta
|-damage|p2a: Zamazenta|69/100
|
|upkeep
|turn|3
|
|t:|1779568242
|switch|p1a: Forretress|Forretress, M, shiny|100/100
|move|p2a: Zamazenta|Close Combat|p1a: Forretress
|-damage|p1a: Forretress|52/100
|-unboost|p2a: Zamazenta|def|1
|-unboost|p2a: Zamazenta|spd|1
|-damage|p2a: Zamazenta|53/100|[from] item: Rocky Helmet|[of] p1a: Forretress
|-damage|p2a: Zamazenta|43/100|[from] item: Life Orb
|
|upkeep
|turn|4
|
|t:|1779568255
|switch|p2a: Landorus|Landorus-Therian, M|100/100
|-ability|p2a: Landorus|Intimidate|boost
|-unboost|p1a: Forretress|atk|1
|move|p1a: Forretress|Stealth Rock|p2a: Landorus
|-sidestart|p2: OscarGamble|move: Stealth Rock
|
|upkeep
|turn|5
|
|t:|1779568265
|move|p2a: Landorus|Stealth Rock|p1a: Forretress
|-sidestart|p1: Ger9987|move: Stealth Rock
|move|p1a: Forretress|Body Press|p2a: Landorus
|-resisted|p2a: Landorus
|-damage|p2a: Landorus|86/100
|-damage|p1a: Forretress|35/100|[from] item: Rocky Helmet|[of] p2a: Landorus
|
|upkeep
|turn|6
|l|☆OscarGamble
|inactive|OscarGamble disconnected and has a minute to reconnect!
|player|p2|
|j|☆OscarGamble
|inactive|OscarGamble reconnected and has 125 seconds left.
|player|p2|OscarGamble|102|
|inactive|OscarGamble has 120 seconds left.
|
|t:|1779568296
|move|p2a: Landorus|Earth Power|p1a: Forretress
|-damage|p1a: Forretress|0 fnt
|faint|p1a: Forretress
|
|upkeep
|
|t:|1779568303
|switch|p1a: Darkrai|Darkrai, shiny|100/100
|-damage|p1a: Darkrai|88/100|[from] Stealth Rock
|turn|7
|
|t:|1779568317
|switch|p2a: Zamazenta|Zamazenta|43/100
|-damage|p2a: Zamazenta|37/100|[from] Stealth Rock
|move|p1a: Darkrai|Psyshock|p2a: Zamazenta
|-supereffective|p2a: Zamazenta
|-damage|p2a: Zamazenta|0 fnt
|faint|p2a: Zamazenta
|
|upkeep
|
|t:|1779568324
|switch|p2a: Gholdengo|Gholdengo|100/100
|-damage|p2a: Gholdengo|94/100|[from] Stealth Rock
|turn|8
|
|t:|1779568343
|switch|p1a: Slowking|Slowking, M, shiny|100/100
|-damage|p1a: Slowking|88/100|[from] Stealth Rock
|move|p2a: Gholdengo|Shadow Ball|p1a: Slowking
|-supereffective|p1a: Slowking
|-damage|p1a: Slowking|27/100
|
|-heal|p1a: Slowking|33/100|[from] item: Leftovers
|upkeep
|turn|9
|
|t:|1779568354
|move|p2a: Gholdengo|Shadow Ball|p1a: Slowking
|-supereffective|p1a: Slowking
|-damage|p1a: Slowking|0 fnt
|faint|p1a: Slowking
|
|upkeep
|
|t:|1779568360
|switch|p1a: Garchomp|Garchomp, M|100/100
|-damage|p1a: Garchomp|94/100|[from] Stealth Rock
|turn|10
|
|t:|1779568367
|switch|p2a: Rillaboom|Rillaboom, M|100/100
|-damage|p2a: Rillaboom|88/100|[from] Stealth Rock
|-fieldstart|move: Grassy Terrain|[from] ability: Grassy Surge|[of] p2a: Rillaboom
|move|p1a: Garchomp|Swords Dance|p1a: Garchomp
|-boost|p1a: Garchomp|atk|2
|
|-heal|p1a: Garchomp|100/100|[from] Grassy Terrain
|-heal|p2a: Rillaboom|94/100|[from] Grassy Terrain
|upkeep
|turn|11
|
|t:|1779568379
|switch|p2a: Landorus|Landorus-Therian, M|86/100
|-damage|p2a: Landorus|73/100|[from] Stealth Rock
|-ability|p2a: Landorus|Intimidate|boost
|-unboost|p1a: Garchomp|atk|1
|-terastallize|p1a: Garchomp|Steel
|move|p1a: Garchomp|Scale Shot|p2a: Landorus
|-damage|p2a: Landorus|55/100
|-damage|p2a: Landorus|34/100
|-damage|p2a: Landorus|16/100
|-damage|p2a: Landorus|0 fnt
|faint|p2a: Landorus
|-hitcount|p2: Landorus|4
|-unboost|p1a: Garchomp|def|1
|-boost|p1a: Garchomp|spe|1
|
|upkeep
|
|t:|1779568392
|switch|p2a: Gholdengo|Gholdengo|94/100
|-damage|p2a: Gholdengo|88/100|[from] Stealth Rock
|-enditem|p2a: Gholdengo|Grassy Seed
|-boost|p2a: Gholdengo|def|1|[from] item: Grassy Seed
|turn|12
|
|t:|1779568404
|-terastallize|p2a: Gholdengo|Fairy
|move|p1a: Garchomp|Earthquake|p2a: Gholdengo
|-damage|p2a: Gholdengo|65/100
|move|p2a: Gholdengo|Shadow Ball|p1a: Garchomp
|-damage|p1a: Garchomp|54/100
|-unboost|p1a: Garchomp|spd|1
|
|-heal|p1a: Garchomp|60/100|[from] Grassy Terrain
|-heal|p2a: Gholdengo|71/100|[from] Grassy Terrain
|upkeep
|turn|13
|
|t:|1779568419
|move|p1a: Garchomp|Iron Head|p2a: Gholdengo
|-supereffective|p2a: Gholdengo
|-damage|p2a: Gholdengo|0 fnt
|faint|p2a: Gholdengo
|
|-heal|p1a: Garchomp|67/100|[from] Grassy Terrain
|upkeep
|
|t:|1779568426
|switch|p2a: Volcanion|Volcanion|100/100
|-damage|p2a: Volcanion|76/100|[from] Stealth Rock
|turn|14
|
|t:|1779568433
|move|p1a: Garchomp|Scale Shot|p2a: Volcanion
|-damage|p2a: Volcanion|58/100
|-damage|p2a: Volcanion|41/100
|-damage|p2a: Volcanion|24/100
|-damage|p2a: Volcanion|7/100
|-hitcount|p2a: Volcanion|4
|-unboost|p1a: Garchomp|def|1
|-boost|p1a: Garchomp|spe|1
|move|p2a: Volcanion|Flamethrower|p1a: Garchomp
|-supereffective|p1a: Garchomp
|-damage|p1a: Garchomp|0 fnt
|faint|p1a: Garchomp
|
|-heal|p2a: Volcanion|13/100|[from] Grassy Terrain
|-fieldend|move: Grassy Terrain
|upkeep
|
|t:|1779568449
|switch|p1a: Darkrai|Darkrai, shiny|88/100
|-damage|p1a: Darkrai|76/100|[from] Stealth Rock
|turn|15
|
|t:|1779568456
|move|p1a: Darkrai|Dark Pulse|p2a: Volcanion
|-damage|p2a: Volcanion|0 fnt
|faint|p2a: Volcanion
|
|upkeep
|
|t:|1779568466
|switch|p2a: Walking Wake|Walking Wake|100/100
|-damage|p2a: Walking Wake|88/100|[from] Stealth Rock
|-enditem|p2a: Walking Wake|Booster Energy
|-activate|p2a: Walking Wake|ability: Protosynthesis|[fromitem]
|-start|p2a: Walking Wake|protosynthesisspa
|turn|16
|
|t:|1779568474
|move|p1a: Darkrai|Dark Pulse|p2a: Walking Wake
|-damage|p2a: Walking Wake|19/100
|move|p2a: Walking Wake|Dragon Pulse|p1a: Darkrai
|-damage|p1a: Darkrai|0 fnt
|faint|p1a: Darkrai
|
|upkeep
|
|t:|1779568481
|switch|p1a: Rillaboom|Rillaboom, F|100/100
|-damage|p1a: Rillaboom|88/100|[from] Stealth Rock
|-fieldstart|move: Grassy Terrain|[from] ability: Grassy Surge|[of] p1a: Rillaboom
|turn|17
|
|t:|1779568487
|move|p1a: Rillaboom|Grassy Glide|p2a: Walking Wake
|-crit|p2a: Walking Wake
|-damage|p2a: Walking Wake|0 fnt
|faint|p2a: Walking Wake
|-end|p2a: Walking Wake|Protosynthesis|[silent]
|-damage|p1a: Rillaboom|78/100|[from] item: Life Orb
|
|-heal|p1a: Rillaboom|84/100|[from] Grassy Terrain
|upkeep
|
|t:|1779568492
|switch|p2a: Rillaboom|Rillaboom, M|94/100
|-damage|p2a: Rillaboom|82/100|[from] Stealth Rock
|turn|18
|
|t:|1779568512
|move|p1a: Rillaboom|Knock Off|p2a: Rillaboom
|-damage|p2a: Rillaboom|39/100
|-enditem|p2a: Rillaboom|Life Orb|[from] move: Knock Off|[of] p1a: Rillaboom
|-damage|p1a: Rillaboom|74/100|[from] item: Life Orb
|move|p2a: Rillaboom|Knock Off|p1a: Rillaboom
|-damage|p1a: Rillaboom|34/100
|-enditem|p1a: Rillaboom|Life Orb|[from] move: Knock Off|[of] p2a: Rillaboom
|
|-heal|p1a: Rillaboom|40/100|[from] Grassy Terrain
|-heal|p2a: Rillaboom|46/100|[from] Grassy Terrain
|upkeep
|turn|19
|
|t:|1779568523
|move|p2a: Rillaboom|Grassy Glide|p1a: Rillaboom
|-resisted|p1a: Rillaboom
|-damage|p1a: Rillaboom|20/100
|move|p1a: Rillaboom|Drain Punch|p2a: Rillaboom
|-damage|p2a: Rillaboom|18/100
|-heal|p1a: Rillaboom|35/100|[from] drain|[of] p2a: Rillaboom
|
|-heal|p1a: Rillaboom|41/100|[from] Grassy Terrain
|-heal|p2a: Rillaboom|24/100|[from] Grassy Terrain
|upkeep
|turn|20
|
|t:|1779568535
|move|p1a: Rillaboom|Drain Punch|p2a: Rillaboom
|-damage|p2a: Rillaboom|0 fnt
|-heal|p1a: Rillaboom|53/100|[from] drain|[of] p2a: Rillaboom
|faint|p2a: Rillaboom
|
|win|Ger9987
|raw|Ger9987's rating: 1363 &rarr; <strong>1386</strong><br />(+23 for winning)
|raw|OscarGamble's rating: 1413 &rarr; <strong>1390</strong><br />(-23 for losing)
|l|☆OscarGamble
|player|p2|
|l|☆Ger9987
|player|p1|
