|j|☆1331798aaa0
|j|☆AminitraboTTT
|t:|1779610698
|gametype|singles
|player|p1|1331798aaa0|dawn|
|player|p2|AminitraboTTT|supernerd|
|gen|9
|tier|[Gen 9] OU
|rule|HP Percentage Mod: HP is shown in percentages
|rule|Endless Battle Clause: Forcing endless battles is banned
|rule|Species Clause: Limit one of each Pokémon
|rule|OHKO Clause: OHKO moves are banned
|rule|Evasion Items Clause: Evasion items are banned
|rule|Evasion Moves Clause: Evasion moves are banned
|rule|Evasion Abilities Clause: Evasion abilities are banned
|rule|Sleep Moves Clause: Sleep-inducing moves are banned
|clearpoke
|poke|p1|Tyranitar, M|
|poke|p1|Great Tusk|
|poke|p1|Excadrill, F|
|poke|p1|Hippowdon, M|
|poke|p1|Ursaluna, F|
|poke|p1|Corviknight, F|
|poke|p2|Gliscor, M|
|poke|p2|Alomomola, M|
|poke|p2|Gholdengo|
|poke|p2|Hoopa-Unbound|
|poke|p2|Cinderace, F|
|poke|p2|Zamazenta-*|
|teampreview
|c|☆AminitraboTTT|Hola, soy AminitraboTTT, el bot de la sala Español. gl hf
|inactive|Battle timer is ON: inactive players will automatically lose when time's up. (requested by AminitraboTTT)
|inactive|1331798aaa0 also wants the timer to be on.
|
|t:|1779610703
|teamsize|p1|6
|teamsize|p2|6
|start
|switch|p1a: Hippowdon|Hippowdon, M|100/100
|switch|p2a: Gliscor|Gliscor, M|100/100
|-weather|Sandstorm|[from] ability: Sand Stream|[of] p1a: Hippowdon
|turn|1
|
|t:|1779610706
|move|p2a: Gliscor|Facade|p1a: Hippowdon
|-damage|p1a: Hippowdon|90/100
|move|p1a: Hippowdon|Stealth Rock|p2a: Gliscor
|-sidestart|p2: AminitraboTTT|move: Stealth Rock
|
|-weather|Sandstorm|[upkeep]
|-status|p2a: Gliscor|tox|[from] item: Toxic Orb
|upkeep
|turn|2
|
|t:|1779610711
|switch|p1a: Tyranitar|Tyranitar, M|100/100
|move|p2a: Gliscor|Protect||[still]
|-fail|p2a: Gliscor
|
|-weather|Sandstorm|[upkeep]
|upkeep
|turn|3
|
|t:|1779610713
|-terastallize|p2a: Gliscor|Normal
|move|p2a: Gliscor|Earthquake|p1a: Tyranitar
|-supereffective|p1a: Tyranitar
|-damage|p1a: Tyranitar|46/100
|-enditem|p1a: Tyranitar|Weakness Policy
|-boost|p1a: Tyranitar|atk|2|[from] item: Weakness Policy
|-boost|p1a: Tyranitar|spa|2|[from] item: Weakness Policy
|move|p1a: Tyranitar|Ice Punch|p2a: Gliscor
|-damage|p2a: Gliscor|50/100 tox
|
|-weather|Sandstorm|[upkeep]
|-damage|p2a: Gliscor|44/100 tox|[from] Sandstorm
|-heal|p2a: Gliscor|56/100 tox|[from] ability: Poison Heal
|upkeep
|turn|4
|
|t:|1779610722
|move|p2a: Gliscor|Earthquake|p1a: Tyranitar
|-supereffective|p1a: Tyranitar
|-damage|p1a: Tyranitar|0 fnt
|faint|p1a: Tyranitar
|
|-weather|Sandstorm|[upkeep]
|-damage|p2a: Gliscor|50/100 tox|[from] Sandstorm
|-heal|p2a: Gliscor|63/100 tox|[from] ability: Poison Heal
|upkeep
|
|t:|1779610726
|switch|p1a: Corviknight|Corviknight, F|100/100
|-ability|p1a: Corviknight|Pressure
|turn|5
|
|t:|1779610733
|switch|p2a: Gholdengo|Gholdengo|100/100
|-damage|p2a: Gholdengo|94/100|[from] Stealth Rock
|move|p1a: Corviknight|Taunt|p2a: Gholdengo
|-immune|p2a: Gholdengo|[from] ability: Good as Gold
|
|-weather|Sandstorm|[upkeep]
|upkeep
|turn|6
|
|t:|1779610739
|switch|p1a: Ursaluna|Ursaluna, F|100/100
|move|p2a: Gholdengo|Shadow Ball|p1a: Ursaluna
|-immune|p1a: Ursaluna
|
|-weather|Sandstorm|[upkeep]
|-status|p1a: Ursaluna|brn|[from] item: Flame Orb
|upkeep
|turn|7
|
|t:|1779610743
|switch|p2a: Zamazenta|Zamazenta|100/100
|-damage|p2a: Zamazenta|95/100|[from] Stealth Rock
|-ability|p2a: Zamazenta|Dauntless Shield|boost
|-boost|p2a: Zamazenta|def|1
|switch|p1a: Excadrill|Excadrill, F|100/100
|
|-weather|Sandstorm|[upkeep]
|-damage|p2a: Zamazenta|89/100|[from] Sandstorm
|-heal|p2a: Zamazenta|95/100|[from] item: Leftovers
|upkeep
|turn|8
|
|t:|1779610748
|switch|p2a: Alomomola|Alomomola, M|100/100
|-damage|p2a: Alomomola|88/100|[from] Stealth Rock
|move|p1a: Excadrill|Swords Dance|p1a: Excadrill
|-boost|p1a: Excadrill|atk|2
|
|-weather|none
|upkeep
|turn|9
|
|t:|1779610751
|move|p1a: Excadrill|Drill Run|p2a: Alomomola
|-damage|p2a: Alomomola|25/100
|-enditem|p2a: Alomomola|Red Card|[of] p1a: Excadrill
|drag|p1a: Corviknight|Corviknight, F|100/100
|-ability|p1a: Corviknight|Pressure
|move|p2a: Alomomola|Flip Turn|p1a: Corviknight
|-damage|p1a: Corviknight|88/100
|-damage|p2a: Alomomola|9/100|[from] item: Rocky Helmet|[of] p1a: Corviknight
|
|t:|1779610751
|switch|p2a: Gholdengo|Gholdengo|94/100|[from] Flip Turn
|-damage|p2a: Gholdengo|88/100|[from] Stealth Rock
|
|upkeep
|turn|10
|
|t:|1779610762
|switch|p1a: Hippowdon|Hippowdon, M|90/100
|-weather|Sandstorm|[from] ability: Sand Stream|[of] p1a: Hippowdon
|move|p2a: Gholdengo|Shadow Ball|p1a: Hippowdon
|-damage|p1a: Hippowdon|42/100
|
|-weather|Sandstorm|[upkeep]
|upkeep
|turn|11
|
|t:|1779610766
|move|p2a: Gholdengo|Shadow Ball|p1a: Hippowdon
|-damage|p1a: Hippowdon|0 fnt
|faint|p1a: Hippowdon
|
|-weather|Sandstorm|[upkeep]
|upkeep
|
|t:|1779610768
|switch|p1a: Excadrill|Excadrill, F|100/100
|turn|12
|
|t:|1779610771
|switch|p2a: Alomomola|Alomomola, M|42/100
|-damage|p2a: Alomomola|30/100|[from] Stealth Rock
|move|p1a: Excadrill|Drill Run|p2a: Alomomola
|-damage|p2a: Alomomola|0 fnt
|faint|p2a: Alomomola
|-damage|p1a: Excadrill|91/100|[from] item: Life Orb
|
|-weather|Sandstorm|[upkeep]
|upkeep
|
|t:|1779610771
|switch|p2a: Gliscor|Gliscor, M, tera:Normal|63/100 tox
|-damage|p2a: Gliscor|50/100 tox|[from] Stealth Rock
|turn|13
|
|t:|1779610776
|move|p2a: Gliscor|Protect|p2a: Gliscor
|-singleturn|p2a: Gliscor|Protect
|move|p1a: Excadrill|Swords Dance|p1a: Excadrill
|-boost|p1a: Excadrill|atk|2
|
|-weather|Sandstorm|[upkeep]
|-damage|p2a: Gliscor|44/100 tox|[from] Sandstorm
|-heal|p2a: Gliscor|56/100 tox|[from] ability: Poison Heal
|upkeep
|turn|14
|
|t:|1779610785
|move|p1a: Excadrill|Iron Head|p2a: Gliscor
|-damage|p2a: Gliscor|0 fnt
|faint|p2a: Gliscor
|-damage|p1a: Excadrill|81/100|[from] item: Life Orb
|
|-weather|Sandstorm|[upkeep]
|upkeep
|
|t:|1779610785
|switch|p2a: Zamazenta|Zamazenta|95/100
|-damage|p2a: Zamazenta|89/100|[from] Stealth Rock
|turn|15
|
|t:|1779610791
|move|p1a: Excadrill|Iron Head|p2a: Zamazenta
|-damage|p2a: Zamazenta|6/100
|-damage|p1a: Excadrill|71/100|[from] item: Life Orb
|cant|p2a: Zamazenta|flinch
|
|-weather|Sandstorm|[upkeep]
|-damage|p2a: Zamazenta|0 fnt|[from] Sandstorm
|faint|p2a: Zamazenta
|upkeep
|
|t:|1779610791
|switch|p2a: Hoopa|Hoopa-Unbound|100/100
|-damage|p2a: Hoopa|88/100|[from] Stealth Rock
|turn|16
|
|t:|1779610799
|move|p1a: Excadrill|Iron Head|p2a: Hoopa
|-damage|p2a: Hoopa|0 fnt
|faint|p2a: Hoopa
|-damage|p1a: Excadrill|61/100|[from] item: Life Orb
|
|-weather|Sandstorm|[upkeep]
|upkeep
|
|t:|1779610799
|switch|p2a: Cinderace|Cinderace, F|100/100
|turn|17
|
|t:|1779610804
|move|p1a: Excadrill|Drill Run|p2a: Cinderace
|-supereffective|p2a: Cinderace
|-crit|p2a: Cinderace
|-damage|p2a: Cinderace|0 fnt
|faint|p2a: Cinderace
|-damage|p1a: Excadrill|51/100|[from] item: Life Orb
|
|-weather|none
|upkeep
|
|t:|1779610804
|switch|p2a: Gholdengo|Gholdengo|88/100
|-damage|p2a: Gholdengo|82/100|[from] Stealth Rock
|turn|18
|
|t:|1779610808
|move|p2a: Gholdengo|Focus Blast|p1a: Excadrill
|-supereffective|p1a: Excadrill
|-damage|p1a: Excadrill|0 fnt
|faint|p1a: Excadrill
|
|upkeep
|
|t:|1779610812
|switch|p1a: Great Tusk|Great Tusk|100/100
|-enditem|p1a: Great Tusk|Booster Energy
|-activate|p1a: Great Tusk|ability: Protosynthesis|[fromitem]
|-start|p1a: Great Tusk|protosynthesisatk
|turn|19
|
|t:|1779610815
|move|p2a: Gholdengo|Focus Blast|p1a: Great Tusk
|-damage|p1a: Great Tusk|45/100
|move|p1a: Great Tusk|Earthquake|p2a: Gholdengo
|-supereffective|p2a: Gholdengo
|-crit|p2a: Gholdengo
|-damage|p2a: Gholdengo|0 fnt
|faint|p2a: Gholdengo
|
|win|1331798aaa0
|c|☆AminitraboTTT|:(
|l|☆AminitraboTTT
|player|p2|
