|j|‽aaagislash
|j|☆dsadasdad
|t:|1779613077
|gametype|singles
|player|p1|aaagislash|102|1364
|player|p2|dsadasdad|169|1455
|gen|9
|tier|[Gen 9] OU
|rated|
|rule|HP Percentage Mod: HP is shown in percentages
|rule|Endless Battle Clause: Forcing endless battles is banned
|rule|Species Clause: Limit one of each Pokémon
|rule|OHKO Clause: OHKO moves are banned
|rule|Evasion Items Clause: Evasion items are banned
|rule|Evasion Moves Clause: Evasion moves are banned
|rule|Evasion Abilities Clause: Evasion abilities are banned
|rule|Sleep Moves Clause: Sleep-inducing moves are banned
|clearpoke
|poke|p1|Iron Treads|
|poke|p1|Sableye, M|
|poke|p1|Cinderace, M|
|poke|p1|Chandelure, M|
|poke|p1|Rillaboom, M|
|poke|p1|Deoxys-Speed|
|poke|p2|Pelipper, M|
|poke|p2|Raging Bolt|
|poke|p2|Overqwil, M|
|poke|p2|Barraskewda, M|
|poke|p2|Iron Treads|
|poke|p2|Kingambit, M|
|teampreview
|inactive|Battle timer is ON: inactive players will automatically lose when time's up. (requested by dsadasdad)
|
|t:|1779613094
|teamsize|p1|6
|teamsize|p2|6
|start
|switch|p1a: Chandelure|Chandelure, M|100/100
|switch|p2a: Pelipper|Pelipper, M|100/100
|-weather|RainDance|[from] ability: Drizzle|[of] p2a: Pelipper
|turn|1
|
|t:|1779613114
|switch|p2a: Iron Treads|Iron Treads|100/100
|-enditem|p2a: Iron Treads|Booster Energy
|-activate|p2a: Iron Treads|ability: Quark Drive|[fromitem]
|-start|p2a: Iron Treads|quarkdrivespe
|move|p1a: Chandelure|Shadow Ball|p2a: Iron Treads
|-damage|p2a: Iron Treads|35/100
|
|-weather|RainDance|[upkeep]
|upkeep
|turn|2
|
|t:|1779613129
|switch|p1a: Sableye|Sableye, M|100/100
|move|p2a: Iron Treads|Stealth Rock|p1a: Sableye
|-sidestart|p1: aaagislash|move: Stealth Rock
|
|-weather|RainDance|[upkeep]
|upkeep
|turn|3
|
|t:|1779613141
|-end|p2a: Iron Treads|Quark Drive|[silent]
|switch|p2a: Barraskewda|Barraskewda, M, shiny|100/100
|move|p1a: Sableye|Encore||[still]
|-fail|p1a: Sableye
|
|-weather|RainDance|[upkeep]
|upkeep
|turn|4
|
|t:|1779613154
|switch|p2a: Iron Treads|Iron Treads|35/100
|move|p1a: Sableye|Will-O-Wisp|p2a: Iron Treads
|-status|p2a: Iron Treads|brn
|
|-weather|RainDance|[upkeep]
|-damage|p2a: Iron Treads|29/100 brn|[from] brn
|upkeep
|turn|5
|
|t:|1779613164
|move|p1a: Sableye|Gravity|p1a: Sableye
|-fieldstart|move: Gravity
|move|p2a: Iron Treads|Steel Beam|p1a: Sableye
|-damage|p1a: Sableye|18/100
|-damage|p2a: Iron Treads|0 fnt|[from] steelbeam
|faint|p2a: Iron Treads
|-end|p2a: Iron Treads|Quark Drive|[silent]
|-enditem|p1a: Sableye|Eject Button
|
|t:|1779613173
|switch|p1a: Rillaboom|Rillaboom, M|100/100
|-damage|p1a: Rillaboom|88/100|[from] Stealth Rock
|-fieldstart|move: Grassy Terrain|[from] ability: Grassy Surge|[of] p1a: Rillaboom
|
|-weather|RainDance|[upkeep]
|-heal|p1a: Rillaboom|94/100|[from] Grassy Terrain
|upkeep
|c|☆dsadasdad|!weak raging bolt
|c| dsadasdad|/raw <div class="infobox">Raging Bolt (ignoring abilities):<br /><span class="message-effect-weak">Weaknesses</span>: Dragon, Fairy, Ground, Ice<br /><span class="message-effect-resist">Resistances</span>: <b>Electric</b>, Fire, Flying, Grass, Steel, Water<br /><span class="message-effect-immune">Immunities</span>: Paralysis</div>
|inactive|dsadasdad has 120 seconds left.
|
|t:|1779613208
|switch|p2a: Raging Bolt|Raging Bolt|100/100
|-enditem|p2a: Raging Bolt|Booster Energy
|-activate|p2a: Raging Bolt|ability: Protosynthesis|[fromitem]
|-start|p2a: Raging Bolt|protosynthesisspa
|turn|6
|inactive|dsadasdad has 120 seconds left.
|c|☆dsadasdad|!weak rillaboom
|c| dsadasdad|/raw <div class="infobox">Rillaboom (ignoring abilities):<br /><span class="message-effect-weak">Weaknesses</span>: Bug, Fire, Flying, Ice, Poison<br /><span class="message-effect-resist">Resistances</span>: Electric, Grass, Ground, Water<br /><span class="message-effect-immune">Immunities</span>: Powder moves</div>
|
|t:|1779613232
|switch|p1a: Cinderace|Cinderace, M|100/100
|move|p2a: Raging Bolt|Draco Meteor|p1a: Cinderace
|-damage|p1a: Cinderace|0 fnt
|-unboost|p2a: Raging Bolt|spa|2
|faint|p1a: Cinderace
|
|-weather|RainDance|[upkeep]
|upkeep
|
|t:|1779613235
|switch|p1a: Iron Treads|Iron Treads|100/100
|-damage|p1a: Iron Treads|97/100|[from] Stealth Rock
|-enditem|p1a: Iron Treads|Booster Energy
|-activate|p1a: Iron Treads|ability: Quark Drive|[fromitem]
|-start|p1a: Iron Treads|quarkdriveatk
|turn|7
|
|t:|1779613245
|move|p1a: Iron Treads|Rapid Spin|p2a: Raging Bolt
|-damage|p2a: Raging Bolt|80/100
|-boost|p1a: Iron Treads|spe|1
|-sideend|p1: aaagislash|Stealth Rock|[from] move: Rapid Spin|[of] p1a: Iron Treads
|move|p2a: Raging Bolt|Weather Ball|p1a: Iron Treads
|-supereffective|p1a: Iron Treads
|-damage|p1a: Iron Treads|0 fnt
|faint|p1a: Iron Treads
|-end|p1a: Iron Treads|Quark Drive|[silent]
|
|-weather|RainDance|[upkeep]
|-heal|p2a: Raging Bolt|86/100|[from] Grassy Terrain
|upkeep
|
|t:|1779613255
|switch|p1a: Deoxys|Deoxys-Speed|100/100
|-ability|p1a: Deoxys|Pressure
|turn|8
|inactive|dsadasdad has 120 seconds left.
|
|t:|1779613302
|move|p1a: Deoxys|Focus Blast|p2a: Raging Bolt
|-damage|p2a: Raging Bolt|40/100
|-damage|p1a: Deoxys|91/100|[from] item: Life Orb
|move|p2a: Raging Bolt|Thunder|p1a: Deoxys
|-damage|p1a: Deoxys|23/100
|
|-weather|none
|-heal|p1a: Deoxys|30/100|[from] Grassy Terrain
|-heal|p2a: Raging Bolt|46/100|[from] Grassy Terrain
|upkeep
|turn|9
|
|t:|1779613315
|move|p2a: Raging Bolt|Thunderclap|p1a: Deoxys
|-damage|p1a: Deoxys|0 fnt
|faint|p1a: Deoxys
|
|-heal|p2a: Raging Bolt|52/100|[from] Grassy Terrain
|-fieldend|move: Gravity
|-fieldend|move: Grassy Terrain
|upkeep
|
|t:|1779613318
|switch|p1a: Rillaboom|Rillaboom, M|94/100
|-fieldstart|move: Grassy Terrain|[from] ability: Grassy Surge|[of] p1a: Rillaboom
|turn|10
|
|t:|1779613326
|-end|p2a: Raging Bolt|Protosynthesis|[silent]
|switch|p2a: Pelipper|Pelipper, M|100/100
|-weather|RainDance|[from] ability: Drizzle|[of] p2a: Pelipper
|move|p1a: Rillaboom|Swords Dance|p1a: Rillaboom
|-boost|p1a: Rillaboom|atk|2
|
|-weather|RainDance|[upkeep]
|-heal|p1a: Rillaboom|100/100|[from] Grassy Terrain
|upkeep
|turn|11
|
|t:|1779613335
|-terastallize|p1a: Rillaboom|Grass
|move|p1a: Rillaboom|Drum Beating|p2a: Pelipper
|-damage|p2a: Pelipper|0 fnt
|faint|p2a: Pelipper
|-damage|p1a: Rillaboom|91/100|[from] item: Life Orb
|
|-weather|RainDance|[upkeep]
|-heal|p1a: Rillaboom|97/100|[from] Grassy Terrain
|upkeep
|c|☆dsadasdad|!dt drum beating
|c|☆dsadasdad|/raw <ul class="utilichart"><li class="result"><span class="col movenamecol"><a href="https://dex.pokemonshowdown.com/moves/drumbeating">Drum Beating</a></span> <span class="col typecol"><img src="//play.pokemonshowdown.com/sprites/types/Grass.png" alt="Grass" width="32" height="14"><img src="//play.pokemonshowdown.com/sprites/categories/Physical.png" alt="Physical" width="32" height="14"></span> <span class="col labelcol"><em>Power</em><br>80</span> <span class="col widelabelcol"><em>Accuracy</em><br>100%</span> <span class="col pplabelcol"><em>PP</em><br>16</span> <span class="col movedesccol">100% chance to lower the target's Speed by 1.</span> </li><li style="clear:both"></li></ul>
|c|☆dsadasdad|/raw <font size="1"><font color="#686868">Priority:</font> 0&nbsp;|&ThickSpace;<font color="#686868">Gen:</font> 8&nbsp;|&ThickSpace;&#10003; Boosted by Sheer Force&nbsp;|&ThickSpace;<font color="#686868">Z-Power:</font> 160&nbsp;|&ThickSpace;<font color="#686868">Target:</font> One Adjacent Pokémon</font>

|
|t:|1779613355
|switch|p2a: Overqwil|Overqwil, M|100/100
|turn|12
|inactive|dsadasdad has 90 seconds left.
|
|t:|1779613372
|move|p2a: Overqwil|Gunk Shot|p1a: Rillaboom
|-supereffective|p1a: Rillaboom
|-damage|p1a: Rillaboom|0 fnt
|faint|p1a: Rillaboom
|-damage|p2a: Overqwil|91/100|[from] item: Life Orb
|
|-weather|RainDance|[upkeep]
|-heal|p2a: Overqwil|97/100|[from] Grassy Terrain
|upkeep
|-message|aaagislash forfeited.
|
|win|dsadasdad
|raw|aaagislash's rating: 1364 &rarr; <strong>1349</strong><br />(-15 for losing)
|raw|dsadasdad's rating: 1455 &rarr; <strong>1470</strong><br />(+15 for winning)
|l|‽aaagislash
|player|p1|
|l|☆dsadasdad
|player|p2|
