|j|☆slowlyfadingaway
|j|☆claudechamp
|t:|1779706983
|gametype|singles
|player|p1|slowlyfadingaway|veteran|1288
|player|p2|claudechamp|169|1202
|gen|9
|tier|[Gen 9] OU
|rated|
|rule|HP Percentage Mod: HP is shown in percentages
|rule|Endless Battle Clause: Forcing endless battles is banned
|rule|Species Clause: Limit one of each Pokémon
|rule|OHKO Clause: OHKO moves are banned
|rule|Evasion Items Clause: Evasion items are banned
|rule|Evasion Moves Clause: Evasion moves are banned
|rule|Evasion Abilities Clause: Evasion abilities are banned
|rule|Sleep Moves Clause: Sleep-inducing moves are banned
|clearpoke
|poke|p1|Greninja-*, M|
|poke|p1|Forretress, F|
|poke|p1|Samurott-Hisui, M|
|poke|p1|Garchomp, M|
|poke|p1|Scizor, M|
|poke|p1|Diancie|
|poke|p2|Gliscor, M|
|poke|p2|Ogerpon, F|
|poke|p2|Walking Wake|
|poke|p2|Blissey, F|
|poke|p2|Corviknight, F|
|poke|p2|Pecharunt|
|teampreview
|c|☆claudechamp|hf
|inactive|Battle timer is ON: inactive players will automatically lose when time's up. (requested by slowlyfadingaway)
|inactive|claudechamp also wants the timer to be on.
|
|t:|1779706986
|teamsize|p1|6
|teamsize|p2|6
|start
|switch|p1a: Greninja|Greninja, M|100/100
|switch|p2a: Gliscor|Gliscor, M|100/100
|turn|1
|
|t:|1779707000
|switch|p1a: Samurott|Samurott-Hisui, M|100/100
|move|p2a: Gliscor|Spikes|p1a: Samurott
|-sidestart|p1: slowlyfadingaway|Spikes
|
|-status|p2a: Gliscor|tox|[from] item: Toxic Orb
|upkeep
|turn|2
|
|t:|1779707003
|move|p1a: Samurott|Aqua Cutter|p2a: Gliscor
|-supereffective|p2a: Gliscor
|-damage|p2a: Gliscor|26/100 tox
|move|p2a: Gliscor|Spikes|p1a: Samurott
|-sidestart|p1: slowlyfadingaway|Spikes
|
|-heal|p2a: Gliscor|38/100 tox|[from] ability: Poison Heal
|upkeep
|turn|3
|
|t:|1779707006
|switch|p2a: Ogerpon|Ogerpon, F|100/100
|move|p1a: Samurott|Ceaseless Edge|p2a: Ogerpon
|-damage|p2a: Ogerpon|47/100
|-sidestart|p2: claudechamp|Spikes
|
|upkeep
|turn|4
|
|t:|1779707011
|move|p2a: Ogerpon|Ivy Cudgel|p1a: Samurott
|-supereffective|p1a: Samurott
|-crit|p1a: Samurott
|-enditem|p1a: Samurott|Focus Sash
|-damage|p1a: Samurott|1/100
|move|p1a: Samurott|Ceaseless Edge|p2a: Ogerpon
|-damage|p2a: Ogerpon|0 fnt
|-sidestart|p2: claudechamp|Spikes
|faint|p2a: Ogerpon
|
|upkeep
|
|t:|1779707013
|switch|p2a: Walking Wake|Walking Wake|100/100
|turn|5
|
|t:|1779707021
|move|p2a: Walking Wake|Surf|p1a: Samurott
|-resisted|p1a: Samurott
|-damage|p1a: Samurott|0 fnt
|faint|p1a: Samurott
|
|upkeep
|
|t:|1779707030
|switch|p1a: Diancie|Diancie|100/100
|-damage|p1a: Diancie|84/100|[from] Spikes
|turn|6
|
|t:|1779707033
|-terastallize|p1a: Diancie|Dragon
|move|p2a: Walking Wake|Surf|p1a: Diancie
|-resisted|p1a: Diancie
|-damage|p1a: Diancie|64/100
|move|p1a: Diancie|Rock Polish|p1a: Diancie
|-boost|p1a: Diancie|spe|2
|
|upkeep
|turn|7
|
|t:|1779707037
|move|p1a: Diancie|Moonblast|p2a: Walking Wake
|-supereffective|p2a: Walking Wake
|-damage|p2a: Walking Wake|0 fnt
|faint|p2a: Walking Wake
|-end|p2a: Walking Wake|Protosynthesis|[silent]
|
|upkeep
|
|t:|1779707040
|switch|p2a: Blissey|Blissey, F|100/100
|turn|8
|
|t:|1779707044
|move|p1a: Diancie|Spikes|p2a: Blissey
|-sidestart|p2: claudechamp|Spikes
|move|p2a: Blissey|Seismic Toss|p1a: Diancie
|-damage|p1a: Diancie|22/100
|
|upkeep
|turn|9
|
|t:|1779707048
|switch|p1a: Scizor|Scizor, M|100/100
|-damage|p1a: Scizor|84/100|[from] Spikes
|move|p2a: Blissey|Seismic Toss|p1a: Scizor
|-damage|p1a: Scizor|55/100
|
|upkeep
|turn|10
|
|t:|1779707053
|switch|p1a: Forretress|Forretress, F|100/100
|-damage|p1a: Forretress|84/100|[from] Spikes
|move|p2a: Blissey|Stealth Rock|p1a: Forretress
|-sidestart|p1: slowlyfadingaway|move: Stealth Rock
|
|upkeep
|turn|11
|
|t:|1779707056
|move|p2a: Blissey|Seismic Toss|p1a: Forretress
|-damage|p1a: Forretress|56/100
|move|p1a: Forretress|Stealth Rock|p2a: Blissey
|-sidestart|p2: claudechamp|move: Stealth Rock
|
|upkeep
|turn|12
|
|t:|1779707059
|move|p2a: Blissey|Seismic Toss|p1a: Forretress
|-damage|p1a: Forretress|27/100
|move|p1a: Forretress|Rapid Spin|p2a: Blissey
|-damage|p2a: Blissey|91/100
|-boost|p1a: Forretress|spe|1
|-sideend|p1: slowlyfadingaway|Spikes|[from] move: Rapid Spin|[of] p1a: Forretress
|-sideend|p1: slowlyfadingaway|Stealth Rock|[from] move: Rapid Spin|[of] p1a: Forretress
|
|upkeep
|turn|13
|
|t:|1779707063
|move|p1a: Forretress|Body Press|p2a: Blissey
|-supereffective|p2a: Blissey
|-damage|p2a: Blissey|22/100
|move|p2a: Blissey|Seismic Toss|p1a: Forretress
|-damage|p1a: Forretress|0 fnt
|faint|p1a: Forretress
|
|upkeep
|
|t:|1779707066
|switch|p1a: Garchomp|Garchomp, M|100/100
|turn|14
|
|t:|1779707070
|move|p1a: Garchomp|Scale Shot|p2a: Blissey
|-damage|p2a: Blissey|8/100
|-damage|p2a: Blissey|0 fnt
|faint|p2a: Blissey
|-hitcount|p2: Blissey|2
|-unboost|p1a: Garchomp|def|1
|-boost|p1a: Garchomp|spe|1
|
|upkeep
|
|t:|1779707077
|switch|p2a: Pecharunt|Pecharunt|100/100
|turn|15
|
|t:|1779707082
|move|p1a: Garchomp|Earthquake|p2a: Pecharunt
|-supereffective|p2a: Pecharunt
|-damage|p2a: Pecharunt|52/100
|move|p2a: Pecharunt|Malignant Chain|p1a: Garchomp
|-resisted|p1a: Garchomp
|-damage|p1a: Garchomp|80/100
|-status|p1a: Garchomp|tox
|-start|p1a: Garchomp|confusion|[from] ability: Poison Puppeteer|[of] p2a: Pecharunt
|
|-damage|p1a: Garchomp|74/100 tox|[from] psn
|upkeep
|turn|16
|
|t:|1779707087
|-terastallize|p2a: Pecharunt|Dark
|-activate|p1a: Garchomp|confusion
|-damage|p1a: Garchomp|51/100 tox|[from] confusion
|move|p2a: Pecharunt|Foul Play|p1a: Garchomp
|-damage|p1a: Garchomp|0 fnt
|-damage|p2a: Pecharunt|39/100|[from] ability: Rough Skin|[of] p1a: Garchomp
|faint|p1a: Garchomp
|
|upkeep
|
|t:|1779707091
|switch|p1a: Greninja|Greninja, M|100/100
|turn|17
|
|t:|1779707094
|move|p1a: Greninja|U-turn|p2a: Pecharunt
|-start|p1a: Greninja|typechange|Bug|[from] ability: Protean
|-supereffective|p2a: Pecharunt
|-damage|p2a: Pecharunt|20/100
|
|t:|1779707097
|switch|p1a: Scizor|Scizor, M|55/100|[from] U-turn
|move|p2a: Pecharunt|Foul Play|p1a: Scizor
|-damage|p1a: Scizor|0 fnt
|faint|p1a: Scizor
|
|upkeep
|
|t:|1779707099
|switch|p1a: Greninja|Greninja, M|100/100
|turn|18
|
|t:|1779707103
|switch|p2a: Gliscor|Gliscor, M|38/100 tox
|-damage|p2a: Gliscor|26/100 tox|[from] Stealth Rock
|move|p1a: Greninja|Hydro Pump|p2a: Gliscor
|-start|p1a: Greninja|typechange|Water|[from] ability: Protean
|-supereffective|p2a: Gliscor
|-damage|p2a: Gliscor|0 fnt
|faint|p2a: Gliscor
|
|upkeep
|
|t:|1779707109
|switch|p2a: Corviknight|Corviknight, F|100/100
|-ability|p2a: Corviknight|Pressure
|turn|19
|
|t:|1779707112
|move|p1a: Greninja|Hydro Pump|p2a: Corviknight
|-damage|p2a: Corviknight|21/100
|move|p2a: Corviknight|Body Press|p1a: Greninja
|-damage|p1a: Greninja|56/100
|
|upkeep
|turn|20
|
|t:|1779707117
|move|p1a: Greninja|Hydro Pump|p2a: Corviknight
|-damage|p2a: Corviknight|0 fnt
|faint|p2a: Corviknight
|
|upkeep
|
|t:|1779707122
|switch|p2a: Pecharunt|Pecharunt, tera:Dark|20/100
|turn|21
|
|t:|1779707125
|move|p1a: Greninja|Hydro Pump|p2a: Pecharunt
|-damage|p2a: Pecharunt|0 fnt
|faint|p2a: Pecharunt
|
|win|slowlyfadingaway
|raw|slowlyfadingaway's rating: 1288 &rarr; <strong>1311</strong><br />(+23 for winning)
|raw|claudechamp's rating: 1257 &rarr; <strong>1234</strong><br />(-23 for losing)
|c|☆claudechamp|gg
|l|☆slowlyfadingaway
|player|p1|
