|j|☆naraz
|j|☆zdarkfirex
|t:|1779655164
|gametype|singles
|player|p1|naraz|265|1183
|player|p2|zdarkfirex|1|1248
|gen|9
|tier|[Gen 9] OU
|rated|
|rule|HP Percentage Mod: HP is shown in percentages
|rule|Endless Battle Clause: Forcing endless battles is banned
|rule|Species Clause: Limit one of each Pokémon
|rule|OHKO Clause: OHKO moves are banned
|rule|Evasion Items Clause: Evasion items are banned
|rule|Evasion Moves Clause: Evasion moves are banned
|rule|Evasion Abilities Clause: Evasion abilities are banned
|rule|Sleep Moves Clause: Sleep-inducing moves are banned
|clearpoke
|poke|p1|Pawmot, F|
|poke|p1|Gholdengo|
|poke|p1|Samurott-Hisui, F|
|poke|p1|Mudsdale, M|
|poke|p1|Tauros-Paldea-Blaze, M|
|poke|p1|Ditto|
|poke|p2|Rotom-Wash|
|poke|p2|Gliscor, F|
|poke|p2|Dragapult, F|
|poke|p2|Kingambit, F|
|poke|p2|Cinderace, F|
|poke|p2|Primarina, F|
|teampreview
|inactive|Battle timer is ON: inactive players will automatically lose when time's up. (requested by naraz)
|
|t:|1779655184
|teamsize|p1|6
|teamsize|p2|6
|start
|switch|p1a: Samurott|Samurott-Hisui, F|100/100
|switch|p2a: Kingambit|Kingambit, F|100/100
|turn|1
|
|t:|1779655196
|-end|p2a: Kingambit|fallenundefined|[silent]
|switch|p2a: Primarina|Primarina, F|100/100
|move|p1a: Samurott|Sacred Sword|p2a: Primarina
|-resisted|p2a: Primarina
|-crit|p2a: Primarina
|-damage|p2a: Primarina|61/100
|
|upkeep
|turn|2
|
|t:|1779655206
|switch|p1a: Tauros|Tauros-Paldea-Blaze, M|100/100
|move|p2a: Primarina|Moonblast|p1a: Tauros
|-damage|p1a: Tauros|21/100
|-unboost|p1a: Tauros|spa|1
|-enditem|p1a: Tauros|Sitrus Berry|[eat]
|-heal|p1a: Tauros|46/100|[from] item: Sitrus Berry
|
|upkeep
|turn|3
|
|t:|1779655220
|move|p1a: Tauros|Will-O-Wisp|p2a: Primarina|[miss]
|-miss|p1a: Tauros|p2a: Primarina
|move|p2a: Primarina|Surf|p1a: Tauros
|-supereffective|p1a: Tauros
|-damage|p1a: Tauros|0 fnt
|faint|p1a: Tauros
|
|upkeep
|
|t:|1779655230
|switch|p1a: Pawmot|Pawmot, F|100/100
|turn|4
|
|t:|1779655245
|switch|p2a: Gliscor|Gliscor, F|100/100
|-terastallize|p1a: Pawmot|Electric
|move|p1a: Pawmot|Double Shock|p2a: Gliscor
|-immune|p2a: Gliscor
|
|-status|p2a: Gliscor|tox|[from] item: Toxic Orb
|upkeep
|turn|5
|
|t:|1779655256
|move|p1a: Pawmot|Ice Punch|p2a: Gliscor
|-supereffective|p2a: Gliscor
|-damage|p2a: Gliscor|35/100 tox
|move|p2a: Gliscor|Knock Off|p1a: Pawmot
|-damage|p1a: Pawmot|65/100
|-enditem|p1a: Pawmot|Mirror Herb|[from] move: Knock Off|[of] p2a: Gliscor
|
|-heal|p2a: Gliscor|47/100 tox|[from] ability: Poison Heal
|upkeep
|turn|6
|
|t:|1779655267
|move|p2a: Gliscor|Protect|p2a: Gliscor
|-singleturn|p2a: Gliscor|Protect
|move|p1a: Pawmot|Ice Punch|p2a: Gliscor
|-activate|p2a: Gliscor|move: Protect
|
|-heal|p2a: Gliscor|60/100 tox|[from] ability: Poison Heal
|upkeep
|turn|7
|
|t:|1779655276
|switch|p2a: Cinderace|Cinderace, F|100/100
|move|p1a: Pawmot|Ice Punch|p2a: Cinderace
|-resisted|p2a: Cinderace
|-damage|p2a: Cinderace|79/100
|
|upkeep
|turn|8
|
|t:|1779655284
|switch|p1a: Mudsdale|Mudsdale, M|100/100
|move|p2a: Cinderace|Pyro Ball|p1a: Mudsdale
|-damage|p1a: Mudsdale|65/100
|-ability|p1a: Mudsdale|Stamina|boost
|-boost|p1a: Mudsdale|def|1
|
|-heal|p1a: Mudsdale|71/100|[from] item: Leftovers
|upkeep
|turn|9
|
|t:|1779655299
|switch|p2a: Dragapult|Dragapult, F|100/100
|move|p1a: Mudsdale|Stealth Rock|p2a: Dragapult
|-sidestart|p2: zdarkfirex|move: Stealth Rock
|
|-heal|p1a: Mudsdale|77/100|[from] item: Leftovers
|upkeep
|turn|10
|
|t:|1779655308
|move|p2a: Dragapult|Draco Meteor|p1a: Mudsdale
|-damage|p1a: Mudsdale|0 fnt
|-unboost|p2a: Dragapult|spa|2
|faint|p1a: Mudsdale
|
|upkeep
|
|t:|1779655322
|switch|p1a: Gholdengo|Gholdengo|100/100
|-item|p1a: Gholdengo|Air Balloon
|turn|11
|
|t:|1779655334
|move|p2a: Dragapult|Draco Meteor|p1a: Gholdengo
|-resisted|p1a: Gholdengo
|-damage|p1a: Gholdengo|76/100
|-unboost|p2a: Dragapult|spa|2
|-enditem|p1a: Gholdengo|Air Balloon
|move|p1a: Gholdengo|Nasty Plot|p1a: Gholdengo
|-boost|p1a: Gholdengo|spa|2
|
|upkeep
|turn|12
|
|t:|1779655353
|switch|p2a: Primarina|Primarina, F|61/100
|-damage|p2a: Primarina|49/100|[from] Stealth Rock
|move|p1a: Gholdengo|Nasty Plot|p1a: Gholdengo
|-boost|p1a: Gholdengo|spa|2
|
|upkeep
|turn|13
|
|t:|1779655366
|move|p1a: Gholdengo|Recover|p1a: Gholdengo
|-heal|p1a: Gholdengo|100/100
|move|p2a: Primarina|Surf|p1a: Gholdengo
|-damage|p1a: Gholdengo|40/100
|
|upkeep
|turn|14
|
|t:|1779655371
|move|p1a: Gholdengo|Recover|p1a: Gholdengo
|-heal|p1a: Gholdengo|91/100
|move|p2a: Primarina|Surf|p1a: Gholdengo
|-damage|p1a: Gholdengo|33/100
|
|upkeep
|turn|15
|
|t:|1779655375
|move|p1a: Gholdengo|Recover|p1a: Gholdengo
|-heal|p1a: Gholdengo|83/100
|move|p2a: Primarina|Surf|p1a: Gholdengo
|-damage|p1a: Gholdengo|27/100
|
|upkeep
|turn|16
|
|t:|1779655379
|move|p1a: Gholdengo|Recover|p1a: Gholdengo
|-heal|p1a: Gholdengo|77/100
|move|p2a: Primarina|Surf|p1a: Gholdengo
|-damage|p1a: Gholdengo|15/100
|
|upkeep
|turn|17
|
|t:|1779655387
|move|p1a: Gholdengo|Recover|p1a: Gholdengo
|-heal|p1a: Gholdengo|65/100
|move|p2a: Primarina|Surf|p1a: Gholdengo
|-damage|p1a: Gholdengo|10/100
|
|upkeep
|turn|18
|
|t:|1779655392
|move|p1a: Gholdengo|Recover|p1a: Gholdengo
|-heal|p1a: Gholdengo|60/100
|move|p2a: Primarina|Surf|p1a: Gholdengo
|-damage|p1a: Gholdengo|2/100
|
|upkeep
|turn|19
|
|t:|1779655395
|move|p1a: Gholdengo|Make It Rain|p2a: Primarina
|-damage|p2a: Primarina|0 fnt
|-unboost|p1a: Gholdengo|spa|1
|faint|p2a: Primarina
|
|upkeep
|
|t:|1779655403
|switch|p2a: Cinderace|Cinderace, F|79/100
|turn|20
|
|t:|1779655407
|move|p2a: Cinderace|U-turn|p1a: Gholdengo
|-start|p2a: Cinderace|typechange|Bug|[from] ability: Libero
|-resisted|p1a: Gholdengo
|-damage|p1a: Gholdengo|0 fnt
|faint|p1a: Gholdengo
|
|t:|1779655414
|switch|p2a: Gliscor|Gliscor, F|60/100 tox|[from] U-turn
|-damage|p2a: Gliscor|47/100 tox|[from] Stealth Rock
|
|-heal|p2a: Gliscor|60/100 tox|[from] ability: Poison Heal
|upkeep
|
|t:|1779655435
|switch|p1a: Samurott|Samurott-Hisui, F|100/100
|turn|21
|
|t:|1779655442
|move|p2a: Gliscor|Protect|p2a: Gliscor
|-singleturn|p2a: Gliscor|Protect
|move|p1a: Samurott|Razor Shell|p2a: Gliscor
|-activate|p2a: Gliscor|move: Protect
|
|-heal|p2a: Gliscor|72/100 tox|[from] ability: Poison Heal
|upkeep
|turn|22
|
|t:|1779655451
|switch|p2a: Rotom|Rotom-Wash|100/100
|-damage|p2a: Rotom|88/100|[from] Stealth Rock
|move|p1a: Samurott|Encore||[still]
|-fail|p1a: Samurott
|
|-heal|p2a: Rotom|94/100|[from] item: Leftovers
|upkeep
|turn|23
|
|t:|1779655466
|move|p1a: Samurott|Encore||[still]
|-fail|p1a: Samurott
|move|p2a: Rotom|Will-O-Wisp|p1a: Samurott
|-status|p1a: Samurott|brn
|
|-heal|p2a: Rotom|100/100|[from] item: Leftovers
|-damage|p1a: Samurott|94/100 brn|[from] brn
|upkeep
|turn|24
|
|t:|1779655477
|switch|p2a: Dragapult|Dragapult, F|100/100
|-damage|p2a: Dragapult|88/100|[from] Stealth Rock
|move|p1a: Samurott|Ceaseless Edge|p2a: Dragapult
|-supereffective|p2a: Dragapult
|-damage|p2a: Dragapult|26/100
|-sidestart|p2: zdarkfirex|Spikes
|
|-damage|p1a: Samurott|88/100 brn|[from] brn
|upkeep
|turn|25
|
|t:|1779655483
|move|p2a: Dragapult|U-turn|p1a: Samurott
|-supereffective|p1a: Samurott
|-damage|p1a: Samurott|48/100 brn
|
|t:|1779655487
|switch|p2a: Rotom|Rotom-Wash|100/100|[from] U-turn
|-damage|p2a: Rotom|88/100|[from] Stealth Rock
|move|p1a: Samurott|Ceaseless Edge|p2a: Rotom
|-damage|p2a: Rotom|72/100
|-sidestart|p2: zdarkfirex|Spikes
|
|-heal|p2a: Rotom|78/100|[from] item: Leftovers
|-damage|p1a: Samurott|42/100 brn|[from] brn
|upkeep
|turn|26
|
|t:|1779655495
|move|p1a: Samurott|Sacred Sword|p2a: Rotom
|-damage|p2a: Rotom|62/100
|move|p2a: Rotom|Volt Switch|p1a: Samurott
|-supereffective|p1a: Samurott
|-damage|p1a: Samurott|0 fnt
|faint|p1a: Samurott
|
|t:|1779655498
|switch|p2a: Cinderace|Cinderace, F|79/100|[from] Volt Switch
|
|upkeep
|
|t:|1779655505
|switch|p1a: Ditto|Ditto|100/100
|-transform|p1a: Ditto|p2a: Cinderace|[from] ability: Imposter
|turn|27
|
|t:|1779655523
|move|p1a: Ditto|Pyro Ball|p2a: Cinderace
|-resisted|p2a: Cinderace
|-damage|p2a: Cinderace|36/100
|move|p2a: Cinderace|Court Change|p2a: Cinderace
|-start|p2a: Cinderace|typechange|Normal|[from] ability: Libero
|-swapsideconditions
|-activate|p2a: Cinderace|move: Court Change
|
|upkeep
|turn|28
|
|t:|1779655536
|switch|p2a: Gliscor|Gliscor, F|72/100 tox
|move|p1a: Ditto|Sucker Punch||[still]
|-fail|p1a: Ditto
|
|-heal|p2a: Gliscor|85/100 tox|[from] ability: Poison Heal
|upkeep
|turn|29
|
|t:|1779655542
|move|p1a: Ditto|Court Change|p1a: Ditto
|-start|p1a: Ditto|typechange|Normal|[from] ability: Libero
|-swapsideconditions
|-activate|p1a: Ditto|move: Court Change
|move|p2a: Gliscor|Earthquake|p1a: Ditto
|-damage|p1a: Ditto|53/100
|
|-heal|p2a: Gliscor|97/100 tox|[from] ability: Poison Heal
|upkeep
|turn|30
|
|t:|1779655554
|move|p1a: Ditto|U-turn|p2a: Gliscor
|-resisted|p2a: Gliscor
|-damage|p2a: Gliscor|90/100 tox
|
|t:|1779655556
|switch|p1a: Pawmot|Pawmot, F, tera:Electric|65/100|[from] U-turn
|move|p2a: Gliscor|Earthquake|p1a: Pawmot
|-supereffective|p1a: Pawmot
|-damage|p1a: Pawmot|0 fnt
|faint|p1a: Pawmot
|
|-heal|p2a: Gliscor|100/100 tox|[from] ability: Poison Heal
|upkeep
|
|t:|1779655558
|switch|p1a: Ditto|Ditto|53/100
|-transform|p1a: Ditto|p2a: Gliscor|[from] ability: Imposter
|turn|31
|-activate|p1a: Ditto|item: Quick Claw
|
|t:|1779655575
|move|p1a: Ditto|Earthquake|p2a: Gliscor
|-immune|p2a: Gliscor
|move|p2a: Gliscor|Knock Off|p1a: Ditto
|-damage|p1a: Ditto|37/100
|-enditem|p1a: Ditto|Quick Claw|[from] move: Knock Off|[of] p2a: Gliscor
|
|upkeep
|turn|32
|
|t:|1779655588
|move|p1a: Ditto|Protect|p1a: Ditto
|-singleturn|p1a: Ditto|Protect
|move|p2a: Gliscor|Knock Off|p1a: Ditto
|-activate|p1a: Ditto|move: Protect
|
|upkeep
|turn|33
|
|t:|1779655589
|move|p2a: Gliscor|Knock Off|p1a: Ditto
|-damage|p1a: Ditto|25/100
|move|p1a: Ditto|Knock Off|p2a: Gliscor
|-crit|p2a: Gliscor
|-damage|p2a: Gliscor|80/100 tox
|-enditem|p2a: Gliscor|Toxic Orb|[from] move: Knock Off|[of] p1a: Ditto
|
|-heal|p2a: Gliscor|93/100 tox|[from] ability: Poison Heal
|upkeep
|turn|34
|-message|naraz forfeited.
|
|win|zdarkfirex
|raw|naraz's rating: 1183 &rarr; <strong>1163</strong><br />(-20 for losing)
|raw|zdarkfirex's rating: 1248 &rarr; <strong>1268</strong><br />(+20 for winning)
|l|☆naraz
|player|p1|
|l|☆zdarkfirex
|player|p2|
