|j|☆Scepticskep
|j|☆NatsuNoYutsu
|t:|1779586397
|gametype|singles
|player|p1|Scepticskep|pokemaniac|1446
|player|p2|NatsuNoYutsu|youngster-gen4dp|1399
|gen|9
|tier|[Gen 9] OU
|rated|
|rule|HP Percentage Mod: HP is shown in percentages
|rule|Endless Battle Clause: Forcing endless battles is banned
|rule|Species Clause: Limit one of each Pokémon
|rule|OHKO Clause: OHKO moves are banned
|rule|Evasion Items Clause: Evasion items are banned
|rule|Evasion Moves Clause: Evasion moves are banned
|rule|Evasion Abilities Clause: Evasion abilities are banned
|rule|Sleep Moves Clause: Sleep-inducing moves are banned
|clearpoke
|poke|p1|Cramorant, M|
|poke|p1|Kingambit, F|
|poke|p1|Iron Moth|
|poke|p1|Enamorus, F|
|poke|p1|Ogerpon-Cornerstone, F|
|poke|p1|Kyurem|
|poke|p2|Dragapult, F|
|poke|p2|Corviknight, M|
|poke|p2|Slowking-Galar, M|
|poke|p2|Great Tusk|
|poke|p2|Kingambit, M|
|poke|p2|Ogerpon-Wellspring, F|
|teampreview
|inactive|Battle timer is ON: inactive players will automatically lose when time's up. (requested by Scepticskep)
|
|t:|1779586403
|teamsize|p1|6
|teamsize|p2|6
|start
|switch|p1a: Cramorant|Cramorant, M, shiny|100/100
|switch|p2a: Dragapult|Dragapult, F|100/100
|turn|1
|
|t:|1779586410
|move|p2a: Dragapult|Draco Meteor|p1a: Cramorant
|-enditem|p1a: Cramorant|Focus Sash
|-damage|p1a: Cramorant|1/100
|-unboost|p2a: Dragapult|spa|2
|move|p1a: Cramorant|Tailwind|p1a: Cramorant
|-sidestart|p1: Scepticskep|move: Tailwind
|
|upkeep
|turn|2
|
|t:|1779586420
|switch|p2a: Corviknight|Corviknight, M, shiny|100/100
|move|p1a: Cramorant|Surf|p2a: Corviknight
|-formechange|p1a: Cramorant|Cramorant-Gorging|
|-damage|p2a: Corviknight|64/100
|
|upkeep
|turn|3
|
|t:|1779586429
|switch|p2a: Ogerpon|Ogerpon-Wellspring, F|100/100
|move|p1a: Cramorant|Surf|p2a: Ogerpon
|-immune|p2a: Ogerpon|[from] ability: Water Absorb
|
|upkeep
|turn|4
|
|t:|1779586436
|switch|p2a: Slowking|Slowking-Galar, M|100/100
|move|p1a: Cramorant|Hurricane|p2a: Slowking|[miss]
|-miss|p1a: Cramorant|p2a: Slowking
|
|-sideend|p1: Scepticskep|move: Tailwind
|upkeep
|turn|5
|
|t:|1779586444
|move|p1a: Cramorant|Tailwind|p1a: Cramorant
|-sidestart|p1: Scepticskep|move: Tailwind
|move|p2a: Slowking|Sludge Bomb|p1a: Cramorant
|-damage|p1a: Cramorant|0 fnt
|-damage|p2a: Slowking|76/100|[from] ability: Gulp Missile|[of] p1a: Cramorant
|-status|p2a: Slowking|par
|-formechange|p1a: Cramorant|Cramorant|
|faint|p1a: Cramorant
|
|upkeep
|
|t:|1779586450
|switch|p1a: Ogerpon|Ogerpon-Cornerstone, F|100/100
|turn|6
|
|t:|1779586458
|switch|p2a: Corviknight|Corviknight, M, shiny|64/100
|move|p1a: Ogerpon|Swords Dance|p1a: Ogerpon
|-boost|p1a: Ogerpon|atk|2
|
|upkeep
|turn|7
|
|t:|1779586467
|move|p1a: Ogerpon|Ivy Cudgel|p2a: Corviknight|[anim] Ivy Cudgel Rock
|-damage|p2a: Corviknight|0 fnt
|faint|p2a: Corviknight
|
|upkeep
|
|t:|1779586477
|switch|p2a: Ogerpon|Ogerpon-Wellspring, F|100/100
|turn|8
|
|t:|1779586488
|move|p1a: Ogerpon|Ivy Cudgel|p2a: Ogerpon|[anim] Ivy Cudgel Rock
|-damage|p2a: Ogerpon|0 fnt
|faint|p2a: Ogerpon
|
|-sideend|p1: Scepticskep|move: Tailwind
|upkeep
|
|t:|1779586495
|switch|p2a: Dragapult|Dragapult, F|100/100
|turn|9
|
|t:|1779586500
|move|p2a: Dragapult|Draco Meteor|p1a: Ogerpon
|-ability|p1a: Ogerpon|Sturdy
|-damage|p1a: Ogerpon|1/100
|-unboost|p2a: Dragapult|spa|2
|move|p1a: Ogerpon|Ivy Cudgel|p2a: Dragapult|[anim] Ivy Cudgel Rock
|-damage|p2a: Dragapult|0 fnt
|faint|p2a: Dragapult
|
|upkeep
|
|t:|1779586516
|switch|p2a: Kingambit|Kingambit, M|100/100
|turn|10
|
|t:|1779586521
|move|p2a: Kingambit|Sucker Punch||[still]
|-fail|p2a: Kingambit
|move|p1a: Ogerpon|Swords Dance|p1a: Ogerpon
|-boost|p1a: Ogerpon|atk|2
|
|upkeep
|turn|11
|
|t:|1779586527
|move|p2a: Kingambit|Sucker Punch||[still]
|-fail|p2a: Kingambit
|move|p1a: Ogerpon|Swords Dance|p1a: Ogerpon
|-boost|p1a: Ogerpon|atk|2
|
|upkeep
|turn|12
|
|t:|1779586534
|move|p2a: Kingambit|Sucker Punch||[still]
|-fail|p2a: Kingambit
|move|p1a: Ogerpon|Swords Dance|p1a: Ogerpon
|-boost|p1a: Ogerpon|atk|0
|
|upkeep
|turn|13
|
|t:|1779586540
|move|p1a: Ogerpon|Power Whip|p2a: Kingambit
|-resisted|p2a: Kingambit
|-damage|p2a: Kingambit|0 fnt
|faint|p2a: Kingambit
|
|upkeep
|-message|NatsuNoYutsu forfeited.
|
|win|Scepticskep
|raw|Scepticskep's rating: 1446 &rarr; <strong>1463</strong><br />(+17 for winning)
|raw|NatsuNoYutsu's rating: 1399 &rarr; <strong>1382</strong><br />(-17 for losing)
|l|☆NatsuNoYutsu
|player|p2|
