|j|☆Sweetmoney
|j|☆Antpyx
|t:|1779715402
|gametype|singles
|player|p1|Sweetmoney|2|1191
|player|p2|Antpyx|ninjaboy|1234
|gen|9
|tier|[Gen 9] OU
|rated|
|rule|HP Percentage Mod: HP is shown in percentages
|rule|Endless Battle Clause: Forcing endless battles is banned
|rule|Species Clause: Limit one of each Pokémon
|rule|OHKO Clause: OHKO moves are banned
|rule|Evasion Items Clause: Evasion items are banned
|rule|Evasion Moves Clause: Evasion moves are banned
|rule|Evasion Abilities Clause: Evasion abilities are banned
|rule|Sleep Moves Clause: Sleep-inducing moves are banned
|clearpoke
|poke|p1|Greninja-*, M|
|poke|p1|Tropius, M|
|poke|p1|Arcanine-Hisui, F|
|poke|p1|Ursaluna, M|
|poke|p1|Enamorus, F|
|poke|p1|Bisharp, M|
|poke|p2|Great Tusk|
|poke|p2|Hatterene, F|
|poke|p2|Kingambit, F|
|poke|p2|Kyurem|
|poke|p2|Darkrai|
|poke|p2|Dragonite, M|
|teampreview
|inactive|Battle timer is ON: inactive players will automatically lose when time's up. (requested by Sweetmoney)
|inactive|Antpyx also wants the timer to be on.
|
|t:|1779715422
|teamsize|p1|6
|teamsize|p2|6
|start
|switch|p1a: Ursaluna|Ursaluna, M|100/100
|switch|p2a: Darkrai|Darkrai|100/100
|turn|1
|
|t:|1779715442
|move|p2a: Darkrai|Trick|p1a: Ursaluna
|-activate|p2a: Darkrai|move: Trick|[of] p1a: Ursaluna
|-item|p1a: Ursaluna|Choice Scarf|[from] move: Trick
|-item|p2a: Darkrai|Flame Orb|[from] move: Trick
|move|p1a: Ursaluna|Swords Dance|p1a: Ursaluna
|-boost|p1a: Ursaluna|atk|2
|
|-status|p2a: Darkrai|brn|[from] item: Flame Orb
|upkeep
|turn|2
|c|☆Sweetmoney|lol
|
|t:|1779715459
|switch|p1a: YN|Greninja, M|100/100
|move|p2a: Darkrai|Dark Pulse|p1a: YN
|-resisted|p1a: YN
|-crit|p1a: YN
|-damage|p1a: YN|50/100
|
|-damage|p2a: Darkrai|94/100 brn|[from] brn
|upkeep
|turn|3
|
|t:|1779715471
|move|p1a: YN|Water Shuriken|p2a: Darkrai
|-damage|p2a: Darkrai|82/100 brn
|-damage|p2a: Darkrai|71/100 brn
|-hitcount|p2a: Darkrai|2
|-damage|p1a: YN|40/100|[from] item: Life Orb
|move|p2a: Darkrai|Focus Blast|p1a: YN
|-supereffective|p1a: YN
|-damage|p1a: YN|0 fnt
|faint|p1a: YN
|
|-damage|p2a: Darkrai|65/100 brn|[from] brn
|upkeep
|inactive|Sweetmoney has 120 seconds left.
|
|t:|1779715481
|switch|p1a: Enamorus|Enamorus, F|100/100
|turn|4
|inactive|Sweetmoney has 120 seconds left.
|
|t:|1779715496
|move|p2a: Darkrai|Sludge Bomb|p1a: Enamorus
|-supereffective|p1a: Enamorus
|-damage|p1a: Enamorus|35/100
|move|p1a: Enamorus|Earth Power|p2a: Darkrai
|-crit|p2a: Darkrai
|-damage|p2a: Darkrai|4/100 brn
|
|-damage|p2a: Darkrai|0 fnt|[from] brn
|faint|p2a: Darkrai
|upkeep
|
|t:|1779715513
|switch|p2a: Hatterene|Hatterene, F|100/100
|turn|5
|
|t:|1779715522
|move|p1a: Enamorus|Draining Kiss|p2a: Hatterene
|-damage|p2a: Hatterene|72/100
|-heal|p1a: Enamorus|59/100|[from] drain|[of] p2a: Hatterene
|move|p2a: Hatterene|Calm Mind|p2a: Hatterene
|-boost|p2a: Hatterene|spa|1
|-boost|p2a: Hatterene|spd|1
|
|-heal|p2a: Hatterene|78/100|[from] item: Leftovers
|upkeep
|turn|6
|
|t:|1779715529
|move|p1a: Enamorus|Draining Kiss|p2a: Hatterene
|-damage|p2a: Hatterene|58/100
|-heal|p1a: Enamorus|76/100|[from] drain|[of] p2a: Hatterene
|move|p2a: Hatterene|Draining Kiss|p1a: Enamorus
|-damage|p1a: Enamorus|44/100
|-heal|p2a: Hatterene|79/100|[from] drain|[of] p1a: Enamorus
|
|-heal|p2a: Hatterene|85/100|[from] item: Leftovers
|upkeep
|turn|7
|
|t:|1779715541
|switch|p1a: Tropius|Tropius, M|100/100
|move|p2a: Hatterene|Calm Mind|p2a: Hatterene
|-boost|p2a: Hatterene|spa|1
|-boost|p2a: Hatterene|spd|1
|
|-heal|p2a: Hatterene|91/100|[from] item: Leftovers
|upkeep
|turn|8
|
|t:|1779715549
|move|p1a: Tropius|Leech Seed|p2a: Hatterene
|move|p2a: Hatterene|Leech Seed|p1a: Tropius|[from] ability: Magic Bounce
|-immune|p1a: Tropius
|move|p2a: Hatterene|Draining Kiss|p1a: Tropius
|-damage|p1a: Tropius|58/100
|-heal|p2a: Hatterene|100/100|[from] drain|[of] p1a: Tropius
|
|upkeep
|turn|9
|
|t:|1779715559
|move|p1a: Tropius|Substitute|p1a: Tropius
|-start|p1a: Tropius|Substitute
|-damage|p1a: Tropius|33/100
|-enditem|p1a: Tropius|Sitrus Berry|[eat]
|-heal|p1a: Tropius|58/100|[from] item: Sitrus Berry
|move|p2a: Hatterene|Psyshock|p1a: Tropius
|-end|p1a: Tropius|Substitute
|
|upkeep
|turn|10
|
|t:|1779715574
|move|p1a: Tropius|Leech Seed|p2a: Hatterene
|move|p2a: Hatterene|Leech Seed|p1a: Tropius|[from] ability: Magic Bounce
|-immune|p1a: Tropius
|move|p2a: Hatterene|Psyshock|p1a: Tropius
|-crit|p1a: Tropius
|-damage|p1a: Tropius|0 fnt
|faint|p1a: Tropius
|
|upkeep
|
|t:|1779715579
|switch|p1a: Ursaluna|Ursaluna, M|100/100
|turn|11
|
|t:|1779715588
|move|p1a: Ursaluna|Headlong Rush|p2a: Hatterene
|-damage|p2a: Hatterene|42/100
|-unboost|p1a: Ursaluna|def|1
|-unboost|p1a: Ursaluna|spd|1
|move|p2a: Hatterene|Draining Kiss|p1a: Ursaluna
|-damage|p1a: Ursaluna|43/100
|-heal|p2a: Hatterene|100/100|[from] drain|[of] p1a: Ursaluna
|
|upkeep
|turn|12
|-message|Sweetmoney forfeited.
|
|win|Antpyx
|raw|Sweetmoney's rating: 1191 &rarr; <strong>1169</strong><br />(-22 for losing)
|raw|Antpyx's rating: 1234 &rarr; <strong>1256</strong><br />(+22 for winning)
|l|☆Sweetmoney
|player|p1|
|l|☆Antpyx
|player|p2|
