|j|☆Alisyem
|j|☆jojothesavage666
|t:|1779634557
|gametype|singles
|player|p1|Alisyem|palmer|1431
|player|p2|jojothesavage666|101|1434
|gen|9
|tier|[Gen 9] OU
|rated|
|rule|HP Percentage Mod: HP is shown in percentages
|rule|Endless Battle Clause: Forcing endless battles is banned
|rule|Species Clause: Limit one of each Pokémon
|rule|OHKO Clause: OHKO moves are banned
|rule|Evasion Items Clause: Evasion items are banned
|rule|Evasion Moves Clause: Evasion moves are banned
|rule|Evasion Abilities Clause: Evasion abilities are banned
|rule|Sleep Moves Clause: Sleep-inducing moves are banned
|clearpoke
|poke|p1|Landorus-Therian, M|
|poke|p1|Gholdengo|
|poke|p1|Darkrai|
|poke|p1|Iron Valiant|
|poke|p1|Rotom-Wash|
|poke|p1|Slowking-Galar, M|
|poke|p2|Zapdos|
|poke|p2|Iron Treads|
|poke|p2|Samurott-Hisui, F|
|poke|p2|Ceruledge, M|
|poke|p2|Gholdengo|
|poke|p2|Kingambit, M|
|teampreview
|inactive|Battle timer is ON: inactive players will automatically lose when time's up. (requested by jojothesavage666)
|inactive|jojothesavage666 has 120 seconds left.
|
|t:|1779634599
|teamsize|p1|6
|teamsize|p2|6
|start
|switch|p1a: Homecoming|Rotom-Wash|100/100
|switch|p2a: Samurott|Samurott-Hisui, F|100/100
|turn|1
|
|t:|1779634610
|switch|p2a: Gholdengo|Gholdengo|100/100
|-item|p2a: Gholdengo|Air Balloon
|move|p1a: Homecoming|Volt Switch|p2a: Gholdengo
|-damage|p2a: Gholdengo|72/100
|-enditem|p2a: Gholdengo|Air Balloon
|
|t:|1779634614
|switch|p1a: Good Morning|Landorus-Therian, M|100/100|[from] Volt Switch
|-ability|p1a: Good Morning|Intimidate|boost
|-unboost|p2a: Gholdengo|atk|1
|
|upkeep
|turn|2
|
|t:|1779634620
|switch|p2a: Zapdos|Zapdos|100/100
|move|p1a: Good Morning|Stealth Rock|p2a: Zapdos
|-sidestart|p2: jojothesavage666|move: Stealth Rock
|
|upkeep
|turn|3
|
|t:|1779634630
|switch|p1a: Homecoming|Rotom-Wash|100/100
|move|p2a: Zapdos|Volt Switch|p1a: Homecoming
|-crit|p1a: Homecoming
|-damage|p1a: Homecoming|43/100
|
|t:|1779634640
|switch|p2a: Iron Treads|Iron Treads|100/100|[from] Volt Switch
|-damage|p2a: Iron Treads|97/100|[from] Stealth Rock
|
|-heal|p2a: Iron Treads|100/100|[from] item: Leftovers
|upkeep
|turn|4
|
|t:|1779634643
|move|p1a: Homecoming|Hydro Pump|p2a: Iron Treads
|-supereffective|p2a: Iron Treads
|-damage|p2a: Iron Treads|0 fnt
|faint|p2a: Iron Treads
|-end|p2a: Iron Treads|Quark Drive|[silent]
|
|upkeep
|
|t:|1779634649
|switch|p2a: Samurott|Samurott-Hisui, F|100/100
|-damage|p2a: Samurott|88/100|[from] Stealth Rock
|turn|5
|
|t:|1779634661
|switch|p1a: Good Morning|Landorus-Therian, M|100/100
|-ability|p1a: Good Morning|Intimidate|boost
|-unboost|p2a: Samurott|atk|1
|move|p2a: Samurott|Ceaseless Edge|p1a: Good Morning|[miss]
|-miss|p2a: Samurott|p1a: Good Morning
|
|upkeep
|turn|6
|
|t:|1779634667
|move|p1a: Good Morning|Earthquake|p2a: Samurott
|-damage|p2a: Samurott|33/100
|move|p2a: Samurott|Ceaseless Edge|p1a: Good Morning
|-damage|p1a: Good Morning|71/100
|-damage|p2a: Samurott|17/100|[from] item: Rocky Helmet|[of] p1a: Good Morning
|-sidestart|p1: Alisyem|Spikes
|
|upkeep
|turn|7
|
|t:|1779634671
|switch|p2a: Zapdos|Zapdos|100/100
|move|p1a: Good Morning|U-turn|p2a: Zapdos
|-resisted|p2a: Zapdos
|-damage|p2a: Zapdos|92/100
|-status|p1a: Good Morning|par|[from] ability: Static|[of] p2a: Zapdos
|
|t:|1779634685
|switch|p1a: Homecoming|Rotom-Wash|43/100|[from] U-turn
|
|upkeep
|turn|8
|
|t:|1779634693
|switch|p2a: Samurott|Samurott-Hisui, F|17/100
|-damage|p2a: Samurott|5/100|[from] Stealth Rock
|move|p1a: Homecoming|Volt Switch|p2a: Samurott
|-supereffective|p2a: Samurott
|-damage|p2a: Samurott|0 fnt
|faint|p2a: Samurott
|
|t:|1779634703
|switch|p1a: Champion|Darkrai|100/100|[from] Volt Switch
|
|upkeep
|
|t:|1779634726
|switch|p2a: Zapdos|Zapdos|92/100
|turn|9
|
|t:|1779634752
|switch|p1a: I Wonder|Gholdengo|100/100
|-damage|p1a: I Wonder|88/100|[from] Spikes
|move|p2a: Zapdos|Thunder Wave|p1a: I Wonder
|-immune|p1a: I Wonder|[from] ability: Good as Gold
|
|-heal|p1a: I Wonder|94/100|[from] item: Leftovers
|upkeep
|turn|10
|
|t:|1779634756
|move|p2a: Zapdos|Volt Switch|p1a: I Wonder
|-damage|p1a: I Wonder|65/100
|
|t:|1779634761
|switch|p2a: Kingambit|Kingambit, M|100/100|[from] Volt Switch
|-damage|p2a: Kingambit|94/100|[from] Stealth Rock
|-activate|p2a: Kingambit|ability: Supreme Overlord
|-start|p2a: Kingambit|fallen2|[silent]
|move|p1a: I Wonder|Shadow Ball|p2a: Kingambit
|-resisted|p2a: Kingambit
|-damage|p2a: Kingambit|76/100
|
|-heal|p1a: I Wonder|71/100|[from] item: Leftovers
|-heal|p2a: Kingambit|82/100|[from] item: Leftovers
|upkeep
|turn|11
|
|t:|1779634774
|switch|p1a: Good Morning|Landorus-Therian, M|71/100 par
|-ability|p1a: Good Morning|Intimidate|boost
|-unboost|p2a: Kingambit|atk|1
|-end|p2a: Kingambit|fallen2|[silent]
|switch|p2a: Zapdos|Zapdos|92/100
|
|upkeep
|turn|12
|
|t:|1779634789
|move|p2a: Zapdos|Thunder Wave|p1a: Good Morning
|-immune|p1a: Good Morning
|move|p1a: Good Morning|U-turn|p2a: Zapdos
|-resisted|p2a: Zapdos
|-damage|p2a: Zapdos|84/100
|
|t:|1779634800
|switch|p1a: I Wonder|Gholdengo|71/100|[from] U-turn
|-damage|p1a: I Wonder|58/100|[from] Spikes
|
|-heal|p1a: I Wonder|65/100|[from] item: Leftovers
|upkeep
|turn|13
|
|t:|1779634811
|move|p2a: Zapdos|Roost|p2a: Zapdos
|-heal|p2a: Zapdos|100/100
|-singleturn|p2a: Zapdos|move: Roost
|move|p1a: I Wonder|Recover|p1a: I Wonder
|-heal|p1a: I Wonder|100/100
|
|upkeep
|turn|14
|
|t:|1779634824
|move|p2a: Zapdos|Hurricane|p1a: I Wonder
|-resisted|p1a: I Wonder
|-damage|p1a: I Wonder|77/100
|-start|p1a: I Wonder|confusion
|-activate|p1a: I Wonder|confusion
|move|p1a: I Wonder|Make It Rain|p2a: Zapdos
|-resisted|p2a: Zapdos
|-damage|p2a: Zapdos|75/100
|-unboost|p1a: I Wonder|spa|1
|
|-heal|p1a: I Wonder|83/100|[from] item: Leftovers
|upkeep
|turn|15
|
|t:|1779634836
|switch|p1a: Good Morning|Landorus-Therian, M|71/100 par
|-ability|p1a: Good Morning|Intimidate|boost
|-unboost|p2a: Zapdos|atk|1
|move|p2a: Zapdos|Volt Switch|p1a: Good Morning
|-immune|p1a: Good Morning
|
|upkeep
|turn|16
|
|t:|1779634843
|move|p2a: Zapdos|Hurricane|p1a: Good Morning|[miss]
|-miss|p2a: Zapdos|p1a: Good Morning
|move|p1a: Good Morning|Earthquake|p2a: Zapdos
|-immune|p2a: Zapdos
|
|upkeep
|turn|17
|
|t:|1779634849
|move|p2a: Zapdos|Hurricane|p1a: Good Morning
|-damage|p1a: Good Morning|24/100 par
|move|p1a: Good Morning|U-turn|p2a: Zapdos
|-resisted|p2a: Zapdos
|-damage|p2a: Zapdos|68/100
|
|t:|1779634857
|switch|p1a: I Wonder|Gholdengo|83/100|[from] U-turn
|-damage|p1a: I Wonder|71/100|[from] Spikes
|
|-heal|p1a: I Wonder|77/100|[from] item: Leftovers
|upkeep
|turn|18
|
|t:|1779634861
|move|p2a: Zapdos|Roost|p2a: Zapdos
|-heal|p2a: Zapdos|100/100
|-singleturn|p2a: Zapdos|move: Roost
|move|p1a: I Wonder|Shadow Ball|p2a: Zapdos
|-damage|p2a: Zapdos|67/100
|-unboost|p2a: Zapdos|spd|1
|
|-heal|p1a: I Wonder|83/100|[from] item: Leftovers
|upkeep
|turn|19
|
|t:|1779634866
|switch|p2a: Kingambit|Kingambit, M|82/100
|-damage|p2a: Kingambit|76/100|[from] Stealth Rock
|-activate|p2a: Kingambit|ability: Supreme Overlord
|-start|p2a: Kingambit|fallen2|[silent]
|move|p1a: I Wonder|Make It Rain|p2a: Kingambit
|-resisted|p2a: Kingambit
|-damage|p2a: Kingambit|45/100
|-unboost|p1a: I Wonder|spa|1
|
|-heal|p1a: I Wonder|89/100|[from] item: Leftovers
|-heal|p2a: Kingambit|51/100|[from] item: Leftovers
|upkeep
|turn|20
|
|t:|1779634882
|switch|p1a: Homecoming|Rotom-Wash|43/100
|move|p2a: Kingambit|Swords Dance|p2a: Kingambit
|-boost|p2a: Kingambit|atk|2
|
|-heal|p2a: Kingambit|57/100|[from] item: Leftovers
|upkeep
|turn|21
|
|t:|1779634897
|-end|p2a: Kingambit|fallen2|[silent]
|switch|p2a: Gholdengo|Gholdengo|72/100
|-damage|p2a: Gholdengo|66/100|[from] Stealth Rock
|move|p1a: Homecoming|Trick|p2a: Gholdengo
|-immune|p2a: Gholdengo|[from] ability: Good as Gold
|
|upkeep
|turn|22
|
|t:|1779634914
|switch|p1a: Champion|Darkrai|100/100
|move|p2a: Gholdengo|Focus Blast|p1a: Champion
|-supereffective|p1a: Champion
|-damage|p1a: Champion|15/100
|
|upkeep
|turn|23
|inactive|jojothesavage666 has 120 seconds left.
|
|t:|1779634944
|move|p1a: Champion|Focus Blast|p2a: Gholdengo
|-immune|p2a: Gholdengo
|move|p2a: Gholdengo|Hex|p1a: Champion
|-resisted|p1a: Champion
|-damage|p1a: Champion|0 fnt
|faint|p1a: Champion
|
|upkeep
|inactive|Alisyem has 120 seconds left.
|
|t:|1779634971
|switch|p1a: I Wonder|Gholdengo|89/100
|-damage|p1a: I Wonder|76/100|[from] Spikes
|turn|24
|inactive|jojothesavage666 has 120 seconds left.
|
|t:|1779635004
|switch|p2a: Kingambit|Kingambit, M|57/100
|-damage|p2a: Kingambit|51/100|[from] Stealth Rock
|-activate|p2a: Kingambit|ability: Supreme Overlord
|-start|p2a: Kingambit|fallen2|[silent]
|-terastallize|p1a: I Wonder|Dark
|move|p1a: I Wonder|Shadow Ball|p2a: Kingambit
|-resisted|p2a: Kingambit
|-damage|p2a: Kingambit|31/100
|
|-heal|p1a: I Wonder|83/100|[from] item: Leftovers
|-heal|p2a: Kingambit|37/100|[from] item: Leftovers
|upkeep
|turn|25
|
|t:|1779635017
|move|p1a: I Wonder|Nasty Plot|p1a: I Wonder
|-boost|p1a: I Wonder|spa|2
|move|p2a: Kingambit|Iron Head|p1a: I Wonder
|-damage|p1a: I Wonder|48/100
|
|-heal|p1a: I Wonder|54/100|[from] item: Leftovers
|-heal|p2a: Kingambit|44/100|[from] item: Leftovers
|upkeep
|turn|26
|inactive|Alisyem has 120 seconds left.
|
|t:|1779635030
|move|p2a: Kingambit|Sucker Punch|p1a: I Wonder
|-resisted|p1a: I Wonder
|-damage|p1a: I Wonder|38/100
|move|p1a: I Wonder|Make It Rain|p2a: Kingambit
|-resisted|p2a: Kingambit
|-crit|p2a: Kingambit
|-damage|p2a: Kingambit|0 fnt
|-unboost|p1a: I Wonder|spa|1
|faint|p2a: Kingambit
|-end|p2a: Kingambit|fallen2|[silent]
|
|-heal|p1a: I Wonder|44/100|[from] item: Leftovers
|upkeep
|inactive|jojothesavage666 has 90 seconds left.
|
|t:|1779635073
|switch|p2a: Zapdos|Zapdos|67/100
|turn|27
|
|t:|1779635078
|switch|p1a: Good Morning|Landorus-Therian, M|24/100 par
|-ability|p1a: Good Morning|Intimidate|boost
|-unboost|p2a: Zapdos|atk|1
|move|p2a: Zapdos|Hurricane|p1a: Good Morning
|-damage|p1a: Good Morning|0 fnt
|faint|p1a: Good Morning
|
|upkeep
|
|t:|1779635081
|switch|p1a: Homecoming|Rotom-Wash|43/100
|turn|28
|inactive|jojothesavage666 has 90 seconds left.
|
|t:|1779635107
|move|p1a: Homecoming|Trick|p2a: Zapdos
|-activate|p1a: Homecoming|move: Trick|[of] p2a: Zapdos
|-item|p2a: Zapdos|Choice Scarf|[from] move: Trick
|-item|p1a: Homecoming|Heavy-Duty Boots|[from] move: Trick
|move|p2a: Zapdos|Volt Switch|p1a: Homecoming
|-damage|p1a: Homecoming|3/100
|
|t:|1779635120
|switch|p2a: Ceruledge|Ceruledge, M|100/100|[from] Volt Switch
|
|upkeep
|turn|29
|inactive|jojothesavage666 has 60 seconds left.
|
|t:|1779635152
|move|p2a: Ceruledge|Shadow Sneak|p1a: Homecoming
|-damage|p1a: Homecoming|0 fnt
|faint|p1a: Homecoming
|
|upkeep
|inactive|Alisyem has 120 seconds left.
|inactive|Alisyem has 90 seconds left.
|
|t:|1779635233
|switch|p1a: Stronger|Iron Valiant|100/100
|-damage|p1a: Stronger|88/100|[from] Spikes
|-enditem|p1a: Stronger|Booster Energy
|-activate|p1a: Stronger|ability: Quark Drive|[fromitem]
|-start|p1a: Stronger|quarkdrivespe
|turn|30
|
|t:|1779635247
|switch|p2a: Zapdos|Zapdos|67/100
|-damage|p2a: Zapdos|43/100|[from] Stealth Rock
|move|p1a: Stronger|Swords Dance|p1a: Stronger
|-boost|p1a: Stronger|atk|2
|
|upkeep
|turn|31
|
|t:|1779635255
|move|p1a: Stronger|Knock Off|p2a: Zapdos
|-damage|p2a: Zapdos|0 fnt
|-enditem|p2a: Zapdos|Choice Scarf|[from] move: Knock Off|[of] p1a: Stronger
|faint|p2a: Zapdos
|
|upkeep
|
|t:|1779635279
|switch|p2a: Gholdengo|Gholdengo|66/100
|-damage|p2a: Gholdengo|60/100|[from] Stealth Rock
|turn|32
|inactive|Alisyem has 90 seconds left.
|
|t:|1779635296
|-end|p1a: Stronger|Quark Drive|[silent]
|switch|p1a: Heartbreak|Slowking-Galar, M|100/100
|-damage|p1a: Heartbreak|88/100|[from] Spikes
|-terastallize|p2a: Gholdengo|Fairy
|move|p2a: Gholdengo|Thunder Wave|p1a: Heartbreak|[miss]
|-miss|p2a: Gholdengo|p1a: Heartbreak
|
|upkeep
|turn|33
|inactive|Alisyem has 90 seconds left.
|inactive|jojothesavage666 has 30 seconds left.
|
|t:|1779635326
|move|p2a: Gholdengo|Thunder Wave|p1a: Heartbreak
|-status|p1a: Heartbreak|par
|move|p1a: Heartbreak|Psychic Noise|p2a: Gholdengo
|-damage|p2a: Gholdengo|22/100
|-start|p2a: Gholdengo|move: Heal Block
|
|upkeep
|turn|34
|inactive|jojothesavage666 has 30 seconds left.
|
|t:|1779635337
|switch|p2a: Ceruledge|Ceruledge, M|100/100
|switch|p1a: I Wonder|Gholdengo, tera:Dark|44/100
|-damage|p1a: I Wonder|32/100|[from] Spikes
|
|-heal|p1a: I Wonder|38/100|[from] item: Leftovers
|upkeep
|turn|35
|inactive|jojothesavage666 has 30 seconds left.
|inactive|jojothesavage666 has 20 seconds left.
|inactive|jojothesavage666 has 15 seconds left.
|
|t:|1779635364
|move|p1a: I Wonder|Shadow Ball|p2a: Ceruledge
|-supereffective|p2a: Ceruledge
|-damage|p2a: Ceruledge|36/100
|move|p2a: Ceruledge|Bitter Blade|p1a: I Wonder
|-damage|p1a: I Wonder|3/100
|-heal|p2a: Ceruledge|55/100|[from] drain|[of] p1a: I Wonder
|
|-heal|p1a: I Wonder|9/100|[from] item: Leftovers
|upkeep
|turn|36
|inactive|jojothesavage666 has 25 seconds left this turn.
|inactive|Alisyem has 90 seconds left.
|inactive|jojothesavage666 has 20 seconds left.
|
|t:|1779635378
|move|p2a: Ceruledge|Shadow Sneak|p1a: I Wonder
|-resisted|p1a: I Wonder
|-damage|p1a: I Wonder|2/100
|move|p1a: I Wonder|Recover|p1a: I Wonder
|-heal|p1a: I Wonder|52/100
|
|-heal|p1a: I Wonder|58/100|[from] item: Leftovers
|upkeep
|turn|37
|inactive|jojothesavage666 has 30 seconds left this turn.
|
|t:|1779635386
|move|p1a: I Wonder|Shadow Ball|p2a: Ceruledge
|-supereffective|p2a: Ceruledge
|-damage|p2a: Ceruledge|0 fnt
|faint|p2a: Ceruledge
|
|-heal|p1a: I Wonder|64/100|[from] item: Leftovers
|upkeep
|inactive|jojothesavage666 has 30 seconds left this turn.
|-message|jojothesavage666 forfeited.
|
|win|Alisyem
|raw|Alisyem's rating: 1431 &rarr; <strong>1451</strong><br />(+20 for winning)
|raw|jojothesavage666's rating: 1434 &rarr; <strong>1414</strong><br />(-20 for losing)
|l|☆jojothesavage666
|player|p2|
|j|☆jojothesavage666
|player|p2|jojothesavage666|101|
