|j|☆Twisted Divinity
|j|☆Hunter_of_Keys
|t:|1779651225
|gametype|singles
|player|p1|Twisted Divinity|acerola-masters|1544
|player|p2|Hunter_of_Keys|veteran|1567
|gen|9
|tier|[Gen 9] OU
|rated|
|rule|HP Percentage Mod: HP is shown in percentages
|rule|Endless Battle Clause: Forcing endless battles is banned
|rule|Species Clause: Limit one of each Pokémon
|rule|OHKO Clause: OHKO moves are banned
|rule|Evasion Items Clause: Evasion items are banned
|rule|Evasion Moves Clause: Evasion moves are banned
|rule|Evasion Abilities Clause: Evasion abilities are banned
|rule|Sleep Moves Clause: Sleep-inducing moves are banned
|clearpoke
|poke|p1|Wo-Chien|
|poke|p1|Torkoal, M|
|poke|p1|Cinderace, F|
|poke|p1|Great Tusk|
|poke|p1|Walking Wake|
|poke|p1|Clefable, F|
|poke|p2|Gallade, M|
|poke|p2|Armarouge, M|
|poke|p2|Indeedee, M|
|poke|p2|Cresselia, F|
|poke|p2|Rabsca, F|
|poke|p2|Braviary-Hisui, M|
|teampreview
|inactive|Battle timer is ON: inactive players will automatically lose when time's up. (requested by Hunter_of_Keys)
|inactive|Twisted Divinity also wants the timer to be on.
|
|t:|1779651254
|teamsize|p1|6
|teamsize|p2|6
|start
|switch|p1a: The Sun Is So Loud|Torkoal, M|100/100
|switch|p2a: Indeedee|Indeedee, M|100/100
|-fieldstart|move: Psychic Terrain|[from] ability: Psychic Surge|[of] p2a: Indeedee
|-weather|SunnyDay|[from] ability: Drought|[of] p1a: The Sun Is So Loud
|turn|1
|
|t:|1779651259
|switch|p2a: Armarouge|Armarouge, M|100/100
|switch|p1a: Wo Chienuenly|Wo-Chien|100/100
|-ability|p1a: Wo Chienuenly|Tablets of Ruin
|
|-weather|SunnyDay|[upkeep]
|upkeep
|turn|2
|
|t:|1779651266
|move|p2a: Armarouge|Armor Cannon|p1a: Wo Chienuenly
|-supereffective|p1a: Wo Chienuenly
|-damage|p1a: Wo Chienuenly|0 fnt
|-unboost|p2a: Armarouge|def|1
|-unboost|p2a: Armarouge|spd|1
|faint|p1a: Wo Chienuenly
|
|-weather|SunnyDay|[upkeep]
|upkeep
|
|t:|1779651270
|switch|p1a: Great Tuskarus|Great Tusk, shiny|100/100
|-activate|p1a: Great Tuskarus|ability: Protosynthesis
|-start|p1a: Great Tuskarus|protosynthesisspe
|turn|3
|
|t:|1779651273
|move|p2a: Armarouge|Endure|p2a: Armarouge
|-singleturn|p2a: Armarouge|move: Endure
|move|p1a: Great Tuskarus|Headlong Rush|p2a: Armarouge
|-supereffective|p2a: Armarouge
|-activate|p2a: Armarouge|move: Endure
|-damage|p2a: Armarouge|1/100
|-unboost|p1a: Great Tuskarus|def|1
|-unboost|p1a: Great Tuskarus|spd|1
|-ability|p2a: Armarouge|Weak Armor|boost
|-unboost|p2a: Armarouge|def|1
|-boost|p2a: Armarouge|spe|2
|-enditem|p2a: Armarouge|Weakness Policy
|-boost|p2a: Armarouge|atk|2|[from] item: Weakness Policy
|-boost|p2a: Armarouge|spa|2|[from] item: Weakness Policy
|
|-weather|SunnyDay|[upkeep]
|upkeep
|turn|4
|
|t:|1779651280
|-end|p1a: Great Tuskarus|Protosynthesis|[silent]
|switch|p1a: Here Ig|Clefable, F|100/100
|move|p2a: Armarouge|Expanding Force|p1a: Here Ig
|-damage|p1a: Here Ig|26/100
|
|-weather|SunnyDay|[upkeep]
|upkeep
|turn|5
|
|t:|1779651286
|move|p2a: Armarouge|Armor Cannon|p1a: Here Ig
|-damage|p1a: Here Ig|0 fnt
|-unboost|p2a: Armarouge|def|1
|-unboost|p2a: Armarouge|spd|1
|faint|p1a: Here Ig
|
|-weather|SunnyDay|[upkeep]
|upkeep
|
|t:|1779651288
|switch|p1a: MAXIMUM OUTPUT|Walking Wake|100/100
|-activate|p1a: MAXIMUM OUTPUT|ability: Protosynthesis
|-start|p1a: MAXIMUM OUTPUT|protosynthesisspe
|turn|6
|
|t:|1779651293
|move|p2a: Armarouge|Expanding Force|p1a: MAXIMUM OUTPUT
|-damage|p1a: MAXIMUM OUTPUT|0 fnt
|faint|p1a: MAXIMUM OUTPUT
|-end|p1a: MAXIMUM OUTPUT|Protosynthesis|[silent]
|
|-weather|SunnyDay|[upkeep]
|upkeep
|
|t:|1779651302
|switch|p1a: Chuck Norris Kick|Cinderace, F|100/100
|-item|p1a: Chuck Norris Kick|Air Balloon
|turn|7
|
|t:|1779651305
|move|p2a: Armarouge|Expanding Force|p1a: Chuck Norris Kick
|-damage|p1a: Chuck Norris Kick|0 fnt
|-enditem|p1a: Chuck Norris Kick|Air Balloon
|faint|p1a: Chuck Norris Kick
|
|-weather|SunnyDay|[upkeep]
|upkeep
|c|☆Twisted Divinity|gg
|
|t:|1779651310
|switch|p1a: Great Tuskarus|Great Tusk, shiny|100/100
|-activate|p1a: Great Tuskarus|ability: Protosynthesis
|-start|p1a: Great Tuskarus|protosynthesisspe
|turn|8
|
|t:|1779651312
|move|p2a: Armarouge|Expanding Force|p1a: Great Tuskarus
|-supereffective|p1a: Great Tuskarus
|-crit|p1a: Great Tuskarus
|-damage|p1a: Great Tuskarus|0 fnt
|faint|p1a: Great Tuskarus
|-end|p1a: Great Tuskarus|Protosynthesis|[silent]
|
|-weather|none
|-fieldend|move: Psychic Terrain
|upkeep
|
|t:|1779651314
|switch|p1a: The Sun Is So Loud|Torkoal, M|100/100
|-weather|SunnyDay|[from] ability: Drought|[of] p1a: The Sun Is So Loud
|turn|9
|
|t:|1779651316
|move|p2a: Armarouge|Destiny Bond|p2a: Armarouge
|-singlemove|p2a: Armarouge|Destiny Bond
|move|p1a: The Sun Is So Loud|Rapid Spin|p2a: Armarouge
|-damage|p2a: Armarouge|0 fnt
|-boost|p1a: The Sun Is So Loud|spe|1
|faint|p2a: Armarouge
|-activate|p2a: Armarouge|move: Destiny Bond
|faint|p1a: The Sun Is So Loud
|
|win|Hunter_of_Keys
|raw|Twisted Divinity's rating: 1544 &rarr; <strong>1525</strong><br />(-19 for losing)
|raw|Hunter_of_Keys's rating: 1567 &rarr; <strong>1586</strong><br />(+19 for winning)
|l|☆Hunter_of_Keys
|player|p2|
|l|☆Twisted Divinity
|player|p1|
