|j|☆ChessDennis
|j|☆DomecQbiy
|t:|1779649242
|gametype|singles
|player|p1|ChessDennis|2|1247
|player|p2|DomecQbiy|1|1164
|gen|9
|tier|[Gen 9] OU
|rated|
|rule|HP Percentage Mod: HP is shown in percentages
|rule|Endless Battle Clause: Forcing endless battles is banned
|rule|Species Clause: Limit one of each Pokémon
|rule|OHKO Clause: OHKO moves are banned
|rule|Evasion Items Clause: Evasion items are banned
|rule|Evasion Moves Clause: Evasion moves are banned
|rule|Evasion Abilities Clause: Evasion abilities are banned
|rule|Sleep Moves Clause: Sleep-inducing moves are banned
|clearpoke
|poke|p1|Iron Crown|
|poke|p1|Corviknight, F|
|poke|p1|Kingambit, M|
|poke|p1|Ninetales-Alola, M|
|poke|p1|Ogerpon-Wellspring, F|
|poke|p1|Tornadus-Therian, M|
|poke|p2|Corviknight, M|
|poke|p2|Heatran, F|
|poke|p2|Garchomp, F|
|poke|p2|Dragapult, M|
|poke|p2|Raikou|
|poke|p2|Tropius, M|
|teampreview
|
|t:|1779649253
|teamsize|p1|6
|teamsize|p2|6
|start
|switch|p1a: Ninetales|Ninetales-Alola, M|100/100
|switch|p2a: Garchomp|Garchomp, F|100/100
|-weather|Snowscape|[from] ability: Snow Warning|[of] p1a: Ninetales
|turn|1
|
|t:|1779649266
|move|p1a: Ninetales|Blizzard|p2a: Garchomp
|-supereffective|p2a: Garchomp
|-damage|p2a: Garchomp|0 fnt
|faint|p2a: Garchomp
|
|-weather|Snowscape|[upkeep]
|upkeep
|
|t:|1779649273
|switch|p2a: Heatran|Heatran, F|100/100
|turn|2
|
|t:|1779649280
|switch|p1a: Tornadus|Tornadus-Therian, M|100/100
|move|p2a: Heatran|Flash Cannon|p1a: Tornadus
|-damage|p1a: Tornadus|52/100
|
|-weather|Snowscape|[upkeep]
|upkeep
|turn|3
|
|t:|1779649289
|move|p2a: Heatran|Flash Cannon|p1a: Tornadus
|-damage|p1a: Tornadus|3/100
|move|p1a: Tornadus|Knock Off|p2a: Heatran
|-damage|p2a: Heatran|81/100
|-enditem|p2a: Heatran|Choice Scarf|[from] move: Knock Off|[of] p1a: Tornadus
|
|-weather|Snowscape|[upkeep]
|upkeep
|turn|4
|
|t:|1779649302
|move|p1a: Tornadus|U-turn|p2a: Heatran
|-resisted|p2a: Heatran
|-damage|p2a: Heatran|78/100
|
|t:|1779649306
|switch|p1a: Ogerpon|Ogerpon-Wellspring, F|100/100|[from] U-turn
|move|p2a: Heatran|Dark Pulse|p1a: Ogerpon
|-damage|p1a: Ogerpon|69/100
|
|-weather|Snowscape|[upkeep]
|upkeep
|turn|5
|
|t:|1779649318
|move|p1a: Ogerpon|Ivy Cudgel|p2a: Heatran|[anim] Ivy Cudgel Water
|-supereffective|p2a: Heatran
|-damage|p2a: Heatran|0 fnt
|faint|p2a: Heatran
|
|-weather|none
|upkeep
|
|t:|1779649332
|switch|p2a: Dragapult|Dragapult, M|100/100
|turn|6
|
|t:|1779649339
|move|p1a: Ogerpon|Spiky Shield|p1a: Ogerpon
|-singleturn|p1a: Ogerpon|move: Protect
|move|p2a: Dragapult|U-turn|p1a: Ogerpon
|-activate|p1a: Ogerpon|move: Protect
|-damage|p2a: Dragapult|88/100|[from] Spiky Shield|[of] p1a: Ogerpon
|
|upkeep
|turn|7
|
|t:|1779649350
|switch|p1a: Ninetales|Ninetales-Alola, M|100/100
|-weather|Snowscape|[from] ability: Snow Warning|[of] p1a: Ninetales
|move|p2a: Dragapult|U-turn|p1a: Ninetales
|-resisted|p1a: Ninetales
|-damage|p1a: Ninetales|89/100
|inactive|Battle timer is ON: inactive players will automatically lose when time's up. (requested by ChessDennis)
|
|t:|1779649366
|switch|p2a: Tropius|Tropius, M, shiny|100/100|[from] U-turn
|
|-weather|Snowscape|[upkeep]
|upkeep
|turn|8
|
|t:|1779649374
|-terastallize|p1a: Ninetales|Ice
|move|p1a: Ninetales|Blizzard|p2a: Tropius
|-supereffective|p2a: Tropius
|-damage|p2a: Tropius|0 fnt
|faint|p2a: Tropius
|
|-weather|Snowscape|[upkeep]
|upkeep
|
|t:|1779649383
|switch|p2a: Raikou|Raikou|100/100
|-item|p2a: Raikou|Air Balloon
|turn|9
|
|t:|1779649392
|move|p1a: Ninetales|Blizzard|p2a: Raikou
|-damage|p2a: Raikou|33/100
|-enditem|p2a: Raikou|Air Balloon
|move|p2a: Raikou|Discharge|p1a: Ninetales
|-damage|p1a: Ninetales|40/100
|-status|p1a: Ninetales|par
|
|-weather|Snowscape|[upkeep]
|upkeep
|turn|10
|
|t:|1779649405
|move|p2a: Raikou|Extreme Speed|p1a: Ninetales
|-damage|p1a: Ninetales|26/100 par
|move|p1a: Ninetales|Blizzard|p2a: Raikou
|-damage|p2a: Raikou|0 fnt
|faint|p2a: Raikou
|
|-weather|Snowscape|[upkeep]
|upkeep
|
|t:|1779649412
|switch|p2a: Corviknight|Corviknight, M, shiny|100/100
|-ability|p2a: Corviknight|Pressure
|turn|11
|
|t:|1779649420
|-terastallize|p2a: Corviknight|Fire
|move|p1a: Ninetales|Blizzard|p2a: Corviknight
|-resisted|p2a: Corviknight
|-damage|p2a: Corviknight|72/100
|move|p2a: Corviknight|Iron Defense|p2a: Corviknight
|-boost|p2a: Corviknight|def|2
|
|-weather|none
|upkeep
|turn|12
|
|t:|1779649438
|switch|p1a: Iron Crown|Iron Crown|100/100
|move|p2a: Corviknight|Body Press|p1a: Iron Crown
|-damage|p1a: Iron Crown|62/100
|
|upkeep
|turn|13
|
|t:|1779649449
|move|p1a: Iron Crown|Calm Mind|p1a: Iron Crown
|-boost|p1a: Iron Crown|spa|1
|-boost|p1a: Iron Crown|spd|1
|move|p2a: Corviknight|Body Press|p1a: Iron Crown
|-damage|p1a: Iron Crown|20/100
|
|upkeep
|turn|14
|
|t:|1779649458
|move|p1a: Iron Crown|Stored Power|p2a: Corviknight
|-damage|p2a: Corviknight|39/100
|move|p2a: Corviknight|Roost|p2a: Corviknight
|-heal|p2a: Corviknight|89/100
|
|upkeep
|turn|15
|
|t:|1779649465
|move|p1a: Iron Crown|Stored Power|p2a: Corviknight
|-damage|p2a: Corviknight|55/100
|move|p2a: Corviknight|Body Press|p1a: Iron Crown
|-damage|p1a: Iron Crown|0 fnt
|faint|p1a: Iron Crown
|-end|p1a: Iron Crown|Quark Drive|[silent]
|
|upkeep
|
|t:|1779649472
|switch|p1a: Tornadus|Tornadus-Therian, M|36/100
|turn|16
|
|t:|1779649478
|move|p1a: Tornadus|Hurricane|p2a: Corviknight
|-damage|p2a: Corviknight|17/100
|move|p2a: Corviknight|Body Press|p1a: Tornadus
|-resisted|p1a: Tornadus
|-crit|p1a: Tornadus
|-damage|p1a: Tornadus|0 fnt
|faint|p1a: Tornadus
|
|upkeep
|
|t:|1779649490
|switch|p1a: Ogerpon|Ogerpon-Wellspring, F|69/100
|turn|17
|
|t:|1779649494
|move|p1a: Ogerpon|Ivy Cudgel|p2a: Corviknight|[anim] Ivy Cudgel Water
|-supereffective|p2a: Corviknight
|-damage|p2a: Corviknight|0 fnt
|faint|p2a: Corviknight
|
|upkeep
|
|t:|1779649500
|switch|p2a: Dragapult|Dragapult, M|88/100
|turn|18
|
|t:|1779649508
|move|p1a: Ogerpon|Spiky Shield|p1a: Ogerpon
|-singleturn|p1a: Ogerpon|move: Protect
|move|p2a: Dragapult|U-turn|p1a: Ogerpon
|-activate|p1a: Ogerpon|move: Protect
|-damage|p2a: Dragapult|76/100|[from] Spiky Shield|[of] p1a: Ogerpon
|
|upkeep
|turn|19
|
|t:|1779649517
|switch|p1a: Ninetales|Ninetales-Alola, M, tera:Ice|26/100 par
|-weather|Snowscape|[from] ability: Snow Warning|[of] p1a: Ninetales
|move|p2a: Dragapult|U-turn|p1a: Ninetales
|-damage|p1a: Ninetales|6/100 par
|
|-weather|Snowscape|[upkeep]
|upkeep
|turn|20
|
|t:|1779649528
|move|p2a: Dragapult|Dragon Darts|p1a: Ninetales
|-damage|p1a: Ninetales|0 fnt
|faint|p1a: Ninetales
|
|-weather|Snowscape|[upkeep]
|upkeep
|
|t:|1779649530
|switch|p1a: Kingambit|Kingambit, M|100/100
|turn|21
|
|t:|1779649540
|move|p2a: Dragapult|Dragon Darts|p1a: Kingambit
|-resisted|p1a: Kingambit
|-damage|p1a: Kingambit|88/100
|-anim|p2a: Dragapult|Dragon Darts|p1a: Kingambit
|-resisted|p1a: Kingambit
|-damage|p1a: Kingambit|76/100
|move|p1a: Kingambit|Iron Head|p2a: Dragapult
|-damage|p2a: Dragapult|20/100
|
|-weather|Snowscape|[upkeep]
|upkeep
|turn|22
|
|t:|1779649555
|move|p2a: Dragapult|Dragon Darts|p1a: Kingambit
|-resisted|p1a: Kingambit
|-damage|p1a: Kingambit|64/100
|-anim|p2a: Dragapult|Dragon Darts|p1a: Kingambit
|-resisted|p1a: Kingambit
|-damage|p1a: Kingambit|52/100
|move|p1a: Kingambit|Iron Head|p2a: Dragapult
|-damage|p2a: Dragapult|0 fnt
|faint|p2a: Dragapult
|
|win|ChessDennis
|raw|ChessDennis's rating: 1247 &rarr; <strong>1266</strong><br />(+19 for winning)
|raw|DomecQbiy's rating: 1164 &rarr; <strong>1145</strong><br />(-19 for losing)
|l|☆ChessDennis
|player|p1|
