|j|☆Billythekid95
|j|☆sickofme
|t:|1779716521
|gametype|singles
|player|p1|Billythekid95|102|1635
|player|p2|sickofme|miku-water|1640
|gen|9
|tier|[Gen 9] OU
|rated|
|rule|HP Percentage Mod: HP is shown in percentages
|rule|Endless Battle Clause: Forcing endless battles is banned
|rule|Species Clause: Limit one of each Pokémon
|rule|OHKO Clause: OHKO moves are banned
|rule|Evasion Items Clause: Evasion items are banned
|rule|Evasion Moves Clause: Evasion moves are banned
|rule|Evasion Abilities Clause: Evasion abilities are banned
|rule|Sleep Moves Clause: Sleep-inducing moves are banned
|clearpoke
|poke|p1|Iron Crown|
|poke|p1|Ninetales-Alola, M|
|poke|p1|Great Tusk|
|poke|p1|Ogerpon-Wellspring, F|
|poke|p1|Moltres-Galar|
|poke|p1|Ceruledge, M|
|poke|p2|Alomomola, L99, F|
|poke|p2|Landorus-Therian, M|
|poke|p2|Kyurem|
|poke|p2|Great Tusk|
|poke|p2|Slowking-Galar, M|
|poke|p2|Heatran, F|
|teampreview
|inactive|Battle timer is ON: inactive players will automatically lose when time's up. (requested by Billythekid95)
|
|t:|1779716526
|teamsize|p1|6
|teamsize|p2|6
|start
|switch|p1a: Ogerpon|Ogerpon-Wellspring, F|100/100
|switch|p2a: Heatran|Heatran, F|100/100
|turn|1
|j| lord shiddenfards
|inactive|Billythekid95 has 120 seconds left.
|
|t:|1779716584
|switch|p2a: Slowking|Slowking-Galar, M|100/100
|move|p1a: Ogerpon|Ivy Cudgel|p2a: Slowking|[anim] Ivy Cudgel Water
|-damage|p2a: Slowking|60/100
|
|upkeep
|turn|2
|
|t:|1779716592
|move|p1a: Ogerpon|Ivy Cudgel|p2a: Slowking|[anim] Ivy Cudgel Water
|-damage|p2a: Slowking|18/100
|move|p2a: Slowking|Thunder Wave|p1a: Ogerpon
|-status|p1a: Ogerpon|par
|
|upkeep
|turn|3
|
|t:|1779716598
|switch|p2a: Alomomola|Alomomola, L99, F|100/100
|move|p1a: Ogerpon|Ivy Cudgel|p2a: Alomomola|[anim] Ivy Cudgel Water
|-resisted|p2a: Alomomola
|-damage|p2a: Alomomola|77/100
|
|upkeep
|turn|4
|
|t:|1779716604
|switch|p2a: Kyurem|Kyurem|100/100
|-ability|p2a: Kyurem|Pressure
|move|p1a: Ogerpon|Horn Leech|p2a: Kyurem
|-resisted|p2a: Kyurem
|-damage|p2a: Kyurem|79/100
|
|upkeep
|turn|5
|
|t:|1779716611
|switch|p1a: Ninetales|Ninetales-Alola, M|100/100
|-weather|Snowscape|[from] ability: Snow Warning|[of] p1a: Ninetales
|move|p2a: Kyurem|Ice Beam|p1a: Ninetales
|-resisted|p1a: Ninetales
|-damage|p1a: Ninetales|63/100
|
|-weather|Snowscape|[upkeep]
|upkeep
|turn|6
|inactive|Billythekid95 has 120 seconds left.
|
|t:|1779716618
|switch|p2a: Heatran|Heatran, F|100/100
|move|p1a: Ninetales|Aurora Veil|p1a: Ninetales
|-sidestart|p1: Billythekid95|move: Aurora Veil
|
|-weather|Snowscape|[upkeep]
|upkeep
|turn|7
|
|t:|1779716624
|switch|p1a: Great Tusk|Great Tusk|100/100
|move|p2a: Heatran|Magma Storm|p1a: Great Tusk
|-damage|p1a: Great Tusk|88/100
|-activate|p1a: Great Tusk|move: Magma Storm|[of] p2a: Heatran
|
|-weather|Snowscape|[upkeep]
|-damage|p1a: Great Tusk|75/100|[from] move: Magma Storm|[partiallytrapped]
|upkeep
|turn|8
|
|t:|1779716631
|switch|p2a: Landorus|Landorus-Therian, M|100/100
|-ability|p2a: Landorus|Intimidate|boost
|-unboost|p1a: Great Tusk|atk|1
|move|p1a: Great Tusk|Knock Off|p2a: Landorus
|-damage|p2a: Landorus|77/100
|-enditem|p2a: Landorus|Choice Scarf|[from] move: Knock Off|[of] p1a: Great Tusk
|
|-weather|Snowscape|[upkeep]
|-end|p1a: Great Tusk|Magma Storm|[partiallytrapped]|[silent]
|upkeep
|turn|9
|
|t:|1779716639
|-end|p1a: Great Tusk|Protosynthesis|[silent]
|switch|p1a: Ogerpon|Ogerpon-Wellspring, F|100/100 par
|move|p2a: Landorus|Stealth Rock|p1a: Ogerpon
|-sidestart|p1: Billythekid95|move: Stealth Rock
|
|-weather|none
|upkeep
|turn|10
|
|t:|1779716646
|move|p2a: Landorus|U-turn|p1a: Ogerpon
|-supereffective|p1a: Ogerpon
|-damage|p1a: Ogerpon|69/100 par
|
|t:|1779716649
|switch|p2a: Slowking|Slowking-Galar, M|51/100|[from] U-turn
|move|p1a: Ogerpon|U-turn|p2a: Slowking
|-damage|p2a: Slowking|32/100
|-damage|p1a: Ogerpon|52/100 par|[from] item: Rocky Helmet|[of] p2a: Slowking
|
|t:|1779716655
|switch|p1a: Great Tusk|Great Tusk|75/100|[from] U-turn
|-damage|p1a: Great Tusk|72/100|[from] Stealth Rock
|
|upkeep
|turn|11
|
|t:|1779716660
|move|p1a: Great Tusk|Rapid Spin|p2a: Slowking
|-damage|p2a: Slowking|22/100
|-boost|p1a: Great Tusk|spe|1
|-damage|p1a: Great Tusk|56/100|[from] item: Rocky Helmet|[of] p2a: Slowking
|-sideend|p1: Billythekid95|Stealth Rock|[from] move: Rapid Spin|[of] p1a: Great Tusk
|move|p2a: Slowking|Future Sight|p1a: Great Tusk
|-start|p2a: Slowking|move: Future Sight
|
|upkeep
|turn|12
|
|t:|1779716666
|switch|p2a: Landorus|Landorus-Therian, M|77/100
|-ability|p2a: Landorus|Intimidate|boost
|-unboost|p1a: Great Tusk|atk|1
|move|p1a: Great Tusk|Knock Off|p2a: Landorus
|-damage|p2a: Landorus|63/100
|
|upkeep
|turn|13
|
|t:|1779716674
|-end|p1a: Great Tusk|Protosynthesis|[silent]
|switch|p1a: Ogerpon|Ogerpon-Wellspring, F|52/100 par
|move|p2a: Landorus|U-turn|p1a: Ogerpon
|-supereffective|p1a: Ogerpon
|-damage|p1a: Ogerpon|19/100 par
|
|t:|1779716676
|switch|p2a: Slowking|Slowking-Galar, M|55/100|[from] U-turn
|
|-end|p1a: Ogerpon|move: Future Sight
|-damage|p1a: Ogerpon|0 fnt
|faint|p1a: Ogerpon
|-sideend|p1: Billythekid95|move: Aurora Veil
|upkeep
|
|t:|1779716690
|switch|p1a: Great Tusk|Great Tusk|56/100
|turn|14
|
|t:|1779716694
|switch|p2a: Alomomola|Alomomola, L99, F|100/100
|move|p1a: Great Tusk|Knock Off|p2a: Alomomola
|-damage|p2a: Alomomola|80/100
|-enditem|p2a: Alomomola|Heavy-Duty Boots|[from] move: Knock Off|[of] p1a: Great Tusk
|
|upkeep
|turn|15
|
|t:|1779716701
|-end|p1a: Great Tusk|Protosynthesis|[silent]
|switch|p1a: Ninetales|Ninetales-Alola, M|63/100
|-weather|Snowscape|[from] ability: Snow Warning|[of] p1a: Ninetales
|move|p2a: Alomomola|Flip Turn|p1a: Ninetales
|-damage|p1a: Ninetales|49/100
|
|t:|1779716705
|switch|p2a: Heatran|Heatran, F|100/100|[from] Flip Turn
|
|-weather|Snowscape|[upkeep]
|upkeep
|turn|16
|
|t:|1779716710
|move|p1a: Ninetales|Aurora Veil|p1a: Ninetales
|-sidestart|p1: Billythekid95|move: Aurora Veil
|move|p2a: Heatran|Magma Storm|p1a: Ninetales
|-supereffective|p1a: Ninetales
|-damage|p1a: Ninetales|5/100
|-activate|p1a: Ninetales|move: Magma Storm|[of] p2a: Heatran
|
|-weather|Snowscape|[upkeep]
|-damage|p1a: Ninetales|0 fnt|[from] move: Magma Storm|[partiallytrapped]
|faint|p1a: Ninetales
|upkeep
|
|t:|1779716719
|switch|p1a: Great Tusk|Great Tusk|56/100
|turn|17
|
|t:|1779716722
|move|p2a: Heatran|Protect|p2a: Heatran
|-singleturn|p2a: Heatran|Protect
|move|p1a: Great Tusk|Close Combat|p2a: Heatran
|-activate|p2a: Heatran|move: Protect
|
|-weather|Snowscape|[upkeep]
|upkeep
|turn|18
|
|t:|1779716730
|switch|p2a: Landorus|Landorus-Therian, M|63/100
|-ability|p2a: Landorus|Intimidate|boost
|-unboost|p1a: Great Tusk|atk|1
|-end|p1a: Great Tusk|Protosynthesis|[silent]
|switch|p1a: Moltres|Moltres-Galar|100/100
|
|-weather|Snowscape|[upkeep]
|upkeep
|turn|19
|
|t:|1779716738
|move|p2a: Landorus|U-turn|p1a: Moltres
|-damage|p1a: Moltres|85/100
|
|t:|1779716741
|switch|p2a: Kyurem|Kyurem|79/100|[from] U-turn
|-ability|p2a: Kyurem|Pressure
|move|p1a: Moltres|Nasty Plot|p1a: Moltres
|-boost|p1a: Moltres|spa|2
|
|-weather|none
|upkeep
|turn|20
|
|t:|1779716748
|move|p1a: Moltres|Fiery Wrath|p2a: Kyurem
|-damage|p2a: Kyurem|3/100
|move|p2a: Kyurem|Ice Beam|p1a: Moltres
|-supereffective|p1a: Moltres
|-damage|p1a: Moltres|19/100
|-ability|p1a: Moltres|Berserk|boost
|-boost|p1a: Moltres|spa|1
|-enditem|p1a: Moltres|Sitrus Berry|[eat]
|-heal|p1a: Moltres|44/100|[from] item: Sitrus Berry
|
|upkeep
|turn|21
|
|t:|1779716757
|move|p1a: Moltres|Fiery Wrath|p2a: Kyurem
|-damage|p2a: Kyurem|0 fnt
|faint|p2a: Kyurem
|
|upkeep
|
|t:|1779716766
|switch|p2a: Landorus|Landorus-Therian, M|63/100
|-ability|p2a: Landorus|Intimidate|boost
|-unboost|p1a: Moltres|atk|1
|turn|22
|
|t:|1779716773
|move|p2a: Landorus|U-turn|p1a: Moltres
|-damage|p1a: Moltres|29/100
|
|t:|1779716775
|switch|p2a: Alomomola|Alomomola, L99, F|100/100|[from] U-turn
|move|p1a: Moltres|Fiery Wrath|p2a: Alomomola
|-damage|p2a: Alomomola|33/100
|
|upkeep
|turn|23
|
|t:|1779716781
|move|p1a: Moltres|Fiery Wrath|p2a: Alomomola
|-damage|p2a: Alomomola|0 fnt
|faint|p2a: Alomomola
|
|-sideend|p1: Billythekid95|move: Aurora Veil
|upkeep
|
|t:|1779716784
|switch|p2a: Landorus|Landorus-Therian, M|63/100
|-ability|p2a: Landorus|Intimidate|boost
|-unboost|p1a: Moltres|atk|1
|turn|24
|
|t:|1779716788
|move|p2a: Landorus|Stone Edge|p1a: Moltres
|-supereffective|p1a: Moltres
|-damage|p1a: Moltres|0 fnt
|faint|p1a: Moltres
|
|upkeep
|
|t:|1779716795
|switch|p1a: Great Tusk|Great Tusk|56/100
|turn|25
|
|t:|1779716804
|move|p2a: Landorus|Stealth Rock|p1a: Great Tusk
|-sidestart|p1: Billythekid95|move: Stealth Rock
|move|p1a: Great Tusk|Knock Off|p2a: Landorus
|-damage|p2a: Landorus|41/100
|
|upkeep
|turn|26
|
|t:|1779716809
|switch|p2a: Great Tusk|Great Tusk|100/100
|move|p1a: Great Tusk|Rapid Spin|p2a: Great Tusk
|-damage|p2a: Great Tusk|89/100
|-boost|p1a: Great Tusk|spe|1
|-sideend|p1: Billythekid95|Stealth Rock|[from] move: Rapid Spin|[of] p1a: Great Tusk
|
|upkeep
|turn|27
|
|t:|1779716816
|move|p1a: Great Tusk|Knock Off|p2a: Great Tusk
|-resisted|p2a: Great Tusk
|-damage|p2a: Great Tusk|79/100
|-enditem|p2a: Great Tusk|Heavy-Duty Boots|[from] move: Knock Off|[of] p1a: Great Tusk
|move|p2a: Great Tusk|Rapid Spin|p1a: Great Tusk
|-damage|p1a: Great Tusk|45/100
|-boost|p2a: Great Tusk|spe|1
|
|upkeep
|turn|28
|
|t:|1779716823
|move|p2a: Great Tusk|Bulk Up|p2a: Great Tusk
|-boost|p2a: Great Tusk|atk|1
|-boost|p2a: Great Tusk|def|1
|move|p1a: Great Tusk|Earthquake|p2a: Great Tusk
|-damage|p2a: Great Tusk|58/100
|
|upkeep
|turn|29
|
|t:|1779716831
|move|p2a: Great Tusk|Rapid Spin|p1a: Great Tusk
|-damage|p1a: Great Tusk|28/100
|-boost|p2a: Great Tusk|spe|1
|move|p1a: Great Tusk|Earthquake|p2a: Great Tusk
|-damage|p2a: Great Tusk|36/100
|
|upkeep
|turn|30
|
|t:|1779716837
|move|p2a: Great Tusk|Ice Spinner|p1a: Great Tusk
|-supereffective|p1a: Great Tusk
|-crit|p1a: Great Tusk
|-damage|p1a: Great Tusk|0 fnt
|faint|p1a: Great Tusk
|-end|p1a: Great Tusk|Protosynthesis|[silent]
|
|upkeep
|
|t:|1779716860
|switch|p1a: Iron Crown|Iron Crown|100/100
|-enditem|p1a: Iron Crown|Booster Energy
|-activate|p1a: Iron Crown|ability: Quark Drive|[fromitem]
|-start|p1a: Iron Crown|quarkdrivespa
|turn|31
|
|t:|1779716875
|-terastallize|p1a: Iron Crown|Flying
|move|p2a: Great Tusk|Headlong Rush|p1a: Iron Crown
|-immune|p1a: Iron Crown
|move|p1a: Iron Crown|Tachyon Cutter|p2a: Great Tusk
|-damage|p2a: Great Tusk|0 fnt
|faint|p2a: Great Tusk
|-end|p2a: Great Tusk|Protosynthesis|[silent]
|-hitcount|p2: Great Tusk|1
|
|upkeep
|
|t:|1779716887
|switch|p2a: Heatran|Heatran, F|100/100
|turn|32
|
|t:|1779716892
|move|p1a: Iron Crown|Calm Mind|p1a: Iron Crown
|-boost|p1a: Iron Crown|spa|1
|-boost|p1a: Iron Crown|spd|1
|move|p2a: Heatran|Magma Storm|p1a: Iron Crown|[miss]
|-miss|p2a: Heatran|p1a: Iron Crown
|
|upkeep
|turn|33
|
|t:|1779716898
|move|p1a: Iron Crown|Calm Mind|p1a: Iron Crown
|-boost|p1a: Iron Crown|spa|1
|-boost|p1a: Iron Crown|spd|1
|move|p2a: Heatran|Magma Storm|p1a: Iron Crown
|-damage|p1a: Iron Crown|82/100
|-activate|p1a: Iron Crown|move: Magma Storm|[of] p2a: Heatran
|
|-damage|p1a: Iron Crown|69/100|[from] move: Magma Storm|[partiallytrapped]
|upkeep
|turn|34
|
|t:|1779716906
|move|p1a: Iron Crown|Agility|p1a: Iron Crown
|-boost|p1a: Iron Crown|spe|2
|move|p2a: Heatran|Magma Storm|p1a: Iron Crown|[miss]
|-miss|p2a: Heatran|p1a: Iron Crown
|
|-damage|p1a: Iron Crown|57/100|[from] move: Magma Storm|[partiallytrapped]
|upkeep
|turn|35
|
|t:|1779716914
|move|p1a: Iron Crown|Stored Power|p2a: Heatran
|-resisted|p2a: Heatran
|-damage|p2a: Heatran|32/100
|move|p2a: Heatran|Magma Storm|p1a: Iron Crown
|-damage|p1a: Iron Crown|38/100
|
|-heal|p2a: Heatran|38/100|[from] item: Leftovers
|-damage|p1a: Iron Crown|26/100|[from] move: Magma Storm|[partiallytrapped]
|upkeep
|turn|36
|
|t:|1779716922
|move|p2a: Heatran|Protect|p2a: Heatran
|-singleturn|p2a: Heatran|Protect
|move|p1a: Iron Crown|Stored Power|p2a: Heatran
|-activate|p2a: Heatran|move: Protect
|
|-heal|p2a: Heatran|44/100|[from] item: Leftovers
|-damage|p1a: Iron Crown|14/100|[from] move: Magma Storm|[partiallytrapped]
|upkeep
|turn|37
|
|t:|1779716930
|switch|p2a: Slowking|Slowking-Galar, M|88/100
|move|p1a: Iron Crown|Stored Power|p2a: Slowking
|-damage|p2a: Slowking|0 fnt
|faint|p2a: Slowking
|
|-end|p1a: Iron Crown|Magma Storm|[partiallytrapped]|[silent]
|upkeep
|
|t:|1779716935
|switch|p2a: Heatran|Heatran, F|44/100
|turn|38
|
|t:|1779716937
|move|p2a: Heatran|Protect|p2a: Heatran
|-singleturn|p2a: Heatran|Protect
|move|p1a: Iron Crown|Stored Power|p2a: Heatran
|-activate|p2a: Heatran|move: Protect
|
|-heal|p2a: Heatran|51/100|[from] item: Leftovers
|upkeep
|turn|39
|
|t:|1779716945
|move|p1a: Iron Crown|Stored Power|p2a: Heatran
|-resisted|p2a: Heatran
|-damage|p2a: Heatran|0 fnt
|faint|p2a: Heatran
|
|upkeep
|-message|sickofme forfeited.
|
|win|Billythekid95
|raw|Billythekid95's rating: 1635 &rarr; <strong>1655</strong><br />(+20 for winning)
|raw|sickofme's rating: 1640 &rarr; <strong>1620</strong><br />(-20 for losing)
|l|☆sickofme
|player|p2|
|l|☆Billythekid95
|player|p1|
|l| lord shiddenfards
