|j|☆sasfar
|j|☆NoobishTrainerJoe
|t:|1779599786
|gametype|singles
|player|p1|sasfar|red|1601
|player|p2|NoobishTrainerJoe|265|1552
|gen|9
|tier|[Gen 9] OU
|rated|
|rule|HP Percentage Mod: HP is shown in percentages
|rule|Endless Battle Clause: Forcing endless battles is banned
|rule|Species Clause: Limit one of each Pokémon
|rule|OHKO Clause: OHKO moves are banned
|rule|Evasion Items Clause: Evasion items are banned
|rule|Evasion Moves Clause: Evasion moves are banned
|rule|Evasion Abilities Clause: Evasion abilities are banned
|rule|Sleep Moves Clause: Sleep-inducing moves are banned
|clearpoke
|poke|p1|Alomomola, F|
|poke|p1|Samurott-Hisui, F|
|poke|p1|Landorus-Therian, M|
|poke|p1|Cinderace, M|
|poke|p1|Iron Valiant|
|poke|p1|Corviknight, F|
|poke|p2|Greninja-*, M|
|poke|p2|Pelipper, F|
|poke|p2|Regieleki|
|poke|p2|Primarina, F|
|poke|p2|Iron Treads|
|poke|p2|Kingambit, M|
|teampreview
|inactive|Battle timer is ON: inactive players will automatically lose when time's up. (requested by sasfar)
|j| uygui
|inactive|sasfar has 120 seconds left.
|l| uygui
|
|t:|1779599836
|teamsize|p1|6
|teamsize|p2|6
|start
|switch|p1a: Landorus|Landorus-Therian, M|100/100
|switch|p2a: Primarina|Primarina, F|100/100
|-ability|p1a: Landorus|Intimidate|boost
|-unboost|p2a: Primarina|atk|1
|turn|1
|
|t:|1779599860
|move|p1a: Landorus|U-turn|p2a: Primarina
|-resisted|p2a: Primarina
|-damage|p2a: Primarina|87/100
|
|t:|1779599866
|switch|p1a: Alomomola|Alomomola, F|100/100|[from] U-turn
|move|p2a: Primarina|Moonblast|p1a: Alomomola
|-damage|p1a: Alomomola|58/100
|-unboost|p1a: Alomomola|spa|1
|
|upkeep
|turn|2
|
|t:|1779599879
|move|p2a: Primarina|Moonblast|p1a: Alomomola
|-crit|p1a: Alomomola
|-damage|p1a: Alomomola|0 fnt
|faint|p1a: Alomomola
|
|upkeep
|c|☆sasfar|sick
|j| crust king kahn
|
|t:|1779599891
|switch|p1a: Cinderace|Cinderace, M|100/100
|turn|3
|
|t:|1779599897
|switch|p2a: Pelipper|Pelipper, F|100/100
|-weather|RainDance|[from] ability: Drizzle|[of] p2a: Pelipper
|move|p1a: Cinderace|Gunk Shot|p2a: Pelipper
|-start|p1a: Cinderace|typechange|Poison|[from] ability: Libero
|-damage|p2a: Pelipper|29/100
|
|-weather|RainDance|[upkeep]
|upkeep
|turn|4
|
|t:|1779599904
|switch|p2a: Iron Treads|Iron Treads|100/100
|move|p1a: Cinderace|Gunk Shot|p2a: Iron Treads
|-immune|p2a: Iron Treads
|
|-weather|RainDance|[upkeep]
|upkeep
|turn|5
|
|t:|1779599910
|switch|p1a: Corviknight|Corviknight, F|100/100
|-ability|p1a: Corviknight|Pressure
|-end|p2a: Iron Treads|Quark Drive|[silent]
|switch|p2a: Greninja|Greninja, M|100/100
|
|-weather|RainDance|[upkeep]
|upkeep
|turn|6
|inactive|sasfar has 120 seconds left.
|
|t:|1779599970
|-terastallize|p1a: Corviknight|Dragon
|move|p2a: Greninja|Surf|p1a: Corviknight
|-resisted|p1a: Corviknight
|-damage|p1a: Corviknight|57/100
|move|p1a: Corviknight|U-turn|p2a: Greninja
|-supereffective|p2a: Greninja
|-damage|p2a: Greninja|53/100
|inactive|sasfar has 90 seconds left.
|
|t:|1779599984
|switch|p1a: Samurott|Samurott-Hisui, F|100/100|[from] U-turn
|
|-weather|RainDance|[upkeep]
|upkeep
|turn|7
|
|t:|1779600013
|move|p2a: Greninja|Surf|p1a: Samurott
|-resisted|p1a: Samurott
|-damage|p1a: Samurott|37/100
|move|p1a: Samurott|Ceaseless Edge|p2a: Greninja
|-resisted|p2a: Greninja
|-damage|p2a: Greninja|19/100
|-sidestart|p2: NoobishTrainerJoe|Spikes
|
|-weather|RainDance|[upkeep]
|upkeep
|turn|8
|
|t:|1779600027
|switch|p2a: Regieleki|Regieleki|100/100
|move|p1a: Samurott|Ceaseless Edge|p2a: Regieleki
|-damage|p2a: Regieleki|15/100
|-sidestart|p2: NoobishTrainerJoe|Spikes
|
|-weather|RainDance|[upkeep]
|upkeep
|turn|9
|
|t:|1779600033
|switch|p1a: Corviknight|Corviknight, F, tera:Dragon|57/100
|-ability|p1a: Corviknight|Pressure
|move|p2a: Regieleki|Rapid Spin|p1a: Corviknight
|-damage|p1a: Corviknight|50/100
|-boost|p2a: Regieleki|spe|1
|-damage|p2a: Regieleki|0 fnt|[from] item: Rocky Helmet|[of] p1a: Corviknight
|faint|p2a: Regieleki
|
|-weather|RainDance|[upkeep]
|upkeep
|
|t:|1779600035
|switch|p2a: Iron Treads|Iron Treads|100/100
|-damage|p2a: Iron Treads|84/100|[from] Spikes
|turn|10
|inactive|sasfar has 120 seconds left.
|
|t:|1779600040
|move|p2a: Iron Treads|Rapid Spin|p1a: Corviknight
|-damage|p1a: Corviknight|42/100
|-boost|p2a: Iron Treads|spe|1
|-damage|p2a: Iron Treads|68/100|[from] item: Rocky Helmet|[of] p1a: Corviknight
|-sideend|p2: NoobishTrainerJoe|Spikes|[from] move: Rapid Spin|[of] p2a: Iron Treads
|move|p1a: Corviknight|Roost|p1a: Corviknight
|-heal|p1a: Corviknight|92/100
|
|-weather|none
|-heal|p2a: Iron Treads|74/100|[from] item: Leftovers
|upkeep
|turn|11
|
|t:|1779600051
|move|p2a: Iron Treads|Stealth Rock|p1a: Corviknight
|-sidestart|p1: sasfar|move: Stealth Rock
|move|p1a: Corviknight|Brave Bird|p2a: Iron Treads
|-resisted|p2a: Iron Treads
|-damage|p2a: Iron Treads|57/100
|-damage|p1a: Corviknight|87/100|[from] Recoil
|
|-heal|p2a: Iron Treads|64/100|[from] item: Leftovers
|upkeep
|turn|12
|
|t:|1779600057
|-end|p2a: Iron Treads|Quark Drive|[silent]
|switch|p2a: Primarina|Primarina, F|87/100
|move|p1a: Corviknight|Defog|p2a: Primarina
|-unboost|p2a: Primarina|evasion|1
|-sideend|p1: sasfar|Stealth Rock|[from] move: Defog|[of] p1a: Corviknight
|
|upkeep
|turn|13
|inactive|sasfar has 120 seconds left.
|l| crust king kahn
|
|t:|1779600106
|switch|p1a: Landorus|Landorus-Therian, M|100/100
|-ability|p1a: Landorus|Intimidate|boost
|-unboost|p2a: Primarina|atk|1
|move|p2a: Primarina|Moonblast|p1a: Landorus
|-damage|p1a: Landorus|41/100
|
|upkeep
|turn|14
|
|t:|1779600126
|switch|p2a: Pelipper|Pelipper, F|29/100
|-weather|RainDance|[from] ability: Drizzle|[of] p2a: Pelipper
|move|p1a: Landorus|Earthquake|p2a: Pelipper
|-immune|p2a: Pelipper
|
|-weather|RainDance|[upkeep]
|upkeep
|turn|15
|
|t:|1779600132
|move|p1a: Landorus|Stealth Rock|p2a: Pelipper
|-sidestart|p2: NoobishTrainerJoe|move: Stealth Rock
|move|p2a: Pelipper|Roost|p2a: Pelipper
|-heal|p2a: Pelipper|79/100
|-singleturn|p2a: Pelipper|move: Roost
|
|-weather|RainDance|[upkeep]
|upkeep
|turn|16
|
|t:|1779600137
|move|p1a: Landorus|Smack Down|p2a: Pelipper
|-supereffective|p2a: Pelipper
|-damage|p2a: Pelipper|56/100
|-start|p2a: Pelipper|Smack Down
|move|p2a: Pelipper|U-turn|p1a: Landorus
|-resisted|p1a: Landorus
|-damage|p1a: Landorus|36/100
|
|t:|1779600158
|switch|p2a: Iron Treads|Iron Treads|64/100|[from] U-turn
|-damage|p2a: Iron Treads|60/100|[from] Stealth Rock
|
|-weather|RainDance|[upkeep]
|-heal|p2a: Iron Treads|67/100|[from] item: Leftovers
|upkeep
|turn|17
|
|t:|1779600168
|move|p2a: Iron Treads|Rapid Spin|p1a: Landorus
|-damage|p1a: Landorus|25/100
|-boost|p2a: Iron Treads|spe|1
|-sideend|p2: NoobishTrainerJoe|Stealth Rock|[from] move: Rapid Spin|[of] p2a: Iron Treads
|move|p1a: Landorus|Earthquake|p2a: Iron Treads
|-supereffective|p2a: Iron Treads
|-crit|p2a: Iron Treads
|-damage|p2a: Iron Treads|0 fnt
|faint|p2a: Iron Treads
|-end|p2a: Iron Treads|Quark Drive|[silent]
|
|-weather|RainDance|[upkeep]
|upkeep
|
|t:|1779600176
|switch|p2a: Greninja|Greninja, M|19/100
|turn|18
|c|☆sasfar|wait
|c|☆sasfar|are u fr noobishtrainerjoe
|c|☆sasfar|wtf
|inactive|sasfar has 120 seconds left.
|c|☆NoobishTrainerJoe|That’s me
|c|☆sasfar|wsp gng u be the one providing the teams
|c|☆sasfar|u a goat
|c|☆NoobishTrainerJoe|I do
|c|☆NoobishTrainerJoe|thx
|c|☆NoobishTrainerJoe|Who do you watch?
|c|☆sasfar|just realized ur name lmao
|c|☆sasfar|blunder and aim
|inactive|sasfar has 90 seconds left.
|c|☆NoobishTrainerJoe|Nice
|c|☆sasfar|u be in blunders chat a lot
|c|☆sasfar|ik
|c|☆NoobishTrainerJoe|This one’s not too good
|c|☆sasfar|how often u make teams?
|c|☆NoobishTrainerJoe|kinda for fun
|c|☆NoobishTrainerJoe|not much gen 9 anymore
|c|☆sasfar|I like the specs ninja tbh
|inactive|sasfar has 60 seconds left.
|c|☆NoobishTrainerJoe|I like OMs more
|c|☆sasfar|I see
|c|☆NoobishTrainerJoe|ou is stall asf
|c|☆NoobishTrainerJoe|stale*
|inactive|sasfar has 30 seconds left.
|inactive|sasfar has 20 seconds left.
|inactive|sasfar has 15 seconds left.
|c|☆NoobishTrainerJoe|Don’t time out
|inactive|sasfar has 10 seconds left.
|
|t:|1779600314
|move|p2a: Greninja|Dark Pulse|p1a: Landorus
|-damage|p1a: Landorus|0 fnt
|faint|p1a: Landorus
|-ability|p2a: Greninja|Battle Bond|boost
|-boost|p2a: Greninja|atk|1
|-boost|p2a: Greninja|spa|1
|-boost|p2a: Greninja|spe|1
|-activate|p2a: Greninja|ability: Battle Bond
|
|-weather|RainDance|[upkeep]
|upkeep
|inactive|sasfar has 15 seconds left this turn.
|inactive|sasfar has 10 seconds left.
|
|t:|1779600319
|switch|p1a: Iron Valiant|Iron Valiant|100/100
|-enditem|p1a: Iron Valiant|Booster Energy
|-activate|p1a: Iron Valiant|ability: Quark Drive|[fromitem]
|-start|p1a: Iron Valiant|quarkdrivespe
|turn|19
|inactive|sasfar has 20 seconds left this turn.
|inactive|sasfar has 15 seconds left.
|inactive|sasfar has 10 seconds left.
|c|☆NoobishTrainerJoe|Hmmm
|
|t:|1779600347
|move|p2a: Greninja|Dark Pulse|p1a: Iron Valiant
|-resisted|p1a: Iron Valiant
|-damage|p1a: Iron Valiant|68/100
|move|p1a: Iron Valiant|Moonblast|p2a: Greninja
|-supereffective|p2a: Greninja
|-crit|p2a: Greninja
|-damage|p2a: Greninja|0 fnt
|faint|p2a: Greninja
|
|-weather|RainDance|[upkeep]
|upkeep
|
|t:|1779600353
|switch|p2a: Primarina|Primarina, F|87/100
|turn|20
|inactive|sasfar has 25 seconds left this turn.
|inactive|sasfar has 20 seconds left.
|
|t:|1779600367
|move|p1a: Iron Valiant|Moonblast|p2a: Primarina
|-damage|p2a: Primarina|49/100
|-unboost|p2a: Primarina|spa|1
|move|p2a: Primarina|Moonblast|p1a: Iron Valiant
|-supereffective|p1a: Iron Valiant
|-damage|p1a: Iron Valiant|0 fnt
|faint|p1a: Iron Valiant
|-end|p1a: Iron Valiant|Quark Drive|[silent]
|
|-weather|RainDance|[upkeep]
|upkeep
|inactive|sasfar has 25 seconds left this turn.
|inactive|sasfar has 20 seconds left.
|c|☆NoobishTrainerJoe|Oof
|
|t:|1779600375
|switch|p1a: Cinderace|Cinderace, M|100/100
|turn|21
|inactive|sasfar has 30 seconds left this turn.
|inactive|sasfar has 20 seconds left.
|inactive|sasfar has 15 seconds left.
|inactive|sasfar has 10 seconds left.
|inactive|sasfar has 5 seconds left.
|
|t:|1779600401
|move|p1a: Cinderace|Gunk Shot|p2a: Primarina
|-start|p1a: Cinderace|typechange|Poison|[from] ability: Libero
|-supereffective|p2a: Primarina
|-damage|p2a: Primarina|0 fnt
|faint|p2a: Primarina
|
|-weather|none
|upkeep
|
|t:|1779600408
|switch|p2a: Kingambit|Kingambit, M|100/100
|-activate|p2a: Kingambit|ability: Supreme Overlord
|-start|p2a: Kingambit|fallen4|[silent]
|turn|22
|inactive|sasfar has 20 seconds left this turn.
|inactive|sasfar has 15 seconds left.
|
|t:|1779600417
|switch|p1a: Corviknight|Corviknight, F, tera:Dragon|87/100
|-ability|p1a: Corviknight|Pressure
|move|p2a: Kingambit|Swords Dance|p2a: Kingambit
|-boost|p2a: Kingambit|atk|2
|
|upkeep
|turn|23
|inactive|sasfar has 25 seconds left this turn.
|
|t:|1779600435
|move|p2a: Kingambit|Swords Dance|p2a: Kingambit
|-boost|p2a: Kingambit|atk|2
|move|p1a: Corviknight|U-turn|p2a: Kingambit
|-damage|p2a: Kingambit|88/100
|inactive|sasfar has 30 seconds left this turn.
|
|t:|1779600437
|switch|p1a: Samurott|Samurott-Hisui, F|37/100|[from] U-turn
|
|-heal|p2a: Kingambit|95/100|[from] item: Leftovers
|upkeep
|turn|24
|c|☆sasfar|gg
|
|t:|1779600440
|move|p2a: Kingambit|Sucker Punch||[still]
|-fail|p2a: Kingambit
|move|p1a: Samurott|Encore|p2a: Kingambit
|-start|p2a: Kingambit|Encore
|
|-heal|p2a: Kingambit|100/100|[from] item: Leftovers
|upkeep
|turn|25
|
|t:|1779600447
|switch|p1a: Corviknight|Corviknight, F, tera:Dragon|87/100
|-ability|p1a: Corviknight|Pressure
|-end|p2a: Kingambit|fallen4|[silent]
|switch|p2a: Pelipper|Pelipper, F|56/100
|-weather|RainDance|[from] ability: Drizzle|[of] p2a: Pelipper
|
|-weather|RainDance|[upkeep]
|upkeep
|turn|26
|
|t:|1779600462
|move|p1a: Corviknight|Brave Bird|p2a: Pelipper
|-damage|p2a: Pelipper|28/100
|-damage|p1a: Corviknight|80/100|[from] Recoil
|move|p2a: Pelipper|U-turn|p1a: Corviknight
|-damage|p1a: Corviknight|74/100
|-damage|p2a: Pelipper|12/100|[from] item: Rocky Helmet|[of] p1a: Corviknight
|
|t:|1779600465
|switch|p2a: Kingambit|Kingambit, M|100/100|[from] U-turn
|-activate|p2a: Kingambit|ability: Supreme Overlord
|-start|p2a: Kingambit|fallen4|[silent]
|
|-weather|RainDance|[upkeep]
|upkeep
|turn|27
|
|t:|1779600487
|move|p2a: Kingambit|Iron Head|p1a: Corviknight
|-damage|p1a: Corviknight|35/100
|-damage|p2a: Kingambit|84/100|[from] item: Rocky Helmet|[of] p1a: Corviknight
|cant|p1a: Corviknight|flinch
|
|-weather|RainDance|[upkeep]
|-heal|p2a: Kingambit|90/100|[from] item: Leftovers
|upkeep
|turn|28
|inactive|sasfar has 60 seconds left.
|
|t:|1779600498
|move|p2a: Kingambit|Kowtow Cleave|p1a: Corviknight
|-damage|p1a: Corviknight|0 fnt
|-damage|p2a: Kingambit|74/100|[from] item: Rocky Helmet|[of] p1a: Corviknight
|faint|p1a: Corviknight
|
|-weather|RainDance|[upkeep]
|-heal|p2a: Kingambit|80/100|[from] item: Leftovers
|upkeep
|inactive|sasfar has 60 seconds left.
|
|t:|1779600509
|switch|p1a: Cinderace|Cinderace, M|100/100
|turn|29
|inactive|sasfar has 60 seconds left.
|
|t:|1779600527
|-terastallize|p2a: Kingambit|Ghost
|move|p1a: Cinderace|U-turn|p2a: Kingambit
|-start|p1a: Cinderace|typechange|Bug|[from] ability: Libero
|-resisted|p2a: Kingambit
|-damage|p2a: Kingambit|59/100
|
|t:|1779600530
|switch|p1a: Samurott|Samurott-Hisui, F|37/100|[from] U-turn
|move|p2a: Kingambit|Swords Dance|p2a: Kingambit
|-boost|p2a: Kingambit|atk|2
|
|-weather|RainDance|[upkeep]
|-heal|p2a: Kingambit|65/100|[from] item: Leftovers
|upkeep
|turn|30
|
|t:|1779600539
|-end|p2a: Kingambit|fallen4|[silent]
|switch|p2a: Pelipper|Pelipper, F|12/100
|move|p1a: Samurott|Encore||[still]
|-fail|p1a: Samurott
|
|-weather|RainDance|[upkeep]
|upkeep
|turn|31
|
|t:|1779600548
|move|p1a: Samurott|Ceaseless Edge|p2a: Pelipper
|-damage|p2a: Pelipper|0 fnt
|-sidestart|p2: NoobishTrainerJoe|Spikes
|faint|p2a: Pelipper
|
|-weather|RainDance|[upkeep]
|upkeep
|
|t:|1779600550
|switch|p2a: Kingambit|Kingambit, M, tera:Ghost|65/100
|-damage|p2a: Kingambit|53/100|[from] Spikes
|-activate|p2a: Kingambit|ability: Supreme Overlord
|-start|p2a: Kingambit|fallen5|[silent]
|turn|32
|inactive|sasfar has 90 seconds left.
|
|t:|1779600555
|move|p2a: Kingambit|Sucker Punch|p1a: Samurott
|-resisted|p1a: Samurott
|-damage|p1a: Samurott|0 fnt
|faint|p1a: Samurott
|
|-weather|none
|-heal|p2a: Kingambit|59/100|[from] item: Leftovers
|upkeep
|
|t:|1779600557
|switch|p1a: Cinderace|Cinderace, M|100/100
|turn|33
|
|t:|1779600562
|move|p1a: Cinderace|Pyro Ball|p2a: Kingambit
|-damage|p2a: Kingambit|0 fnt
|faint|p2a: Kingambit
|-end|p2a: Kingambit|fallen5|[silent]
|
|win|sasfar
|raw|sasfar's rating: 1601 &rarr; <strong>1618</strong><br />(+17 for winning)
|raw|NoobishTrainerJoe's rating: 1552 &rarr; <strong>1535</strong><br />(-17 for losing)
|c|☆sasfar|gg
|c|☆NoobishTrainerJoe|Gg
|c|☆NoobishTrainerJoe|Banded ace right?
|c|☆sasfar|yeys
|c|☆NoobishTrainerJoe|What was samo?
|c|☆sasfar|boots
|c|☆NoobishTrainerJoe|Ahh
|c|☆sasfar|earth plate lando
|c|☆sasfar|its a pretty cool team
|c|☆NoobishTrainerJoe|I should just spammed Siri earlier
|c|☆NoobishTrainerJoe|Surf*
|c|☆sasfar|yeah wouldve cooked me
|c|☆sasfar|but
|c|☆sasfar|I lost mola
|c|☆NoobishTrainerJoe|It’s double water specs
|c|☆sasfar|to crit
|c|☆sasfar|I see
|c|☆sasfar|I had coat on mola for the prim
|c|☆NoobishTrainerJoe|I saw
|c|☆NoobishTrainerJoe|debated switching
|c|☆sasfar|it worked out for u
|c|☆NoobishTrainerJoe|Ye
|c|☆NoobishTrainerJoe|sure did
|c|☆NoobishTrainerJoe|Alr have a good one
|l|☆NoobishTrainerJoe
|player|p2|
|l|☆sasfar
|player|p1|
