|j|☆cross streets 43
|j|☆GavilarKholin
|inactive|Battle timer is ON: inactive players will automatically lose when time's up.
|t:|1779631785
|gametype|singles
|player|p1|cross streets 43|dawn|
|player|p2|GavilarKholin|fantina|
|gen|9
|tier|[Gen 9] OU
|rated|Tournament battle
|rule|HP Percentage Mod: HP is shown in percentages
|rule|Endless Battle Clause: Forcing endless battles is banned
|rule|Species Clause: Limit one of each Pokémon
|rule|OHKO Clause: OHKO moves are banned
|rule|Evasion Items Clause: Evasion items are banned
|rule|Evasion Moves Clause: Evasion moves are banned
|rule|Evasion Abilities Clause: Evasion abilities are banned
|rule|Sleep Moves Clause: Sleep-inducing moves are banned
|raw|<div class="infobox"><details class="readmore" open><summary><strong>3 custom rules:</strong></summary> -blissey, -wailord, -wobbuffet</details></div>
|clearpoke
|poke|p1|Mandibuzz, F|
|poke|p1|Heracross, F|
|poke|p1|Barraskewda, M|
|poke|p1|Inteleon, M|
|poke|p1|Politoed, M|
|poke|p1|Cloyster, M|
|poke|p2|Mandibuzz, F|
|poke|p2|Heracross, F|
|poke|p2|Inteleon, M|
|poke|p2|Cloyster, F|
|poke|p2|Politoed, F|
|poke|p2|Barraskewda, F|
|teampreview
|j|*Lady Monita 
|j| scald spamm
|j| Flari64
|
|t:|1779631801
|teamsize|p1|6
|teamsize|p2|6
|start
|switch|p1a: Cloyster|Cloyster, M|100/100
|switch|p2a: Inteleon|Inteleon, M|100/100
|turn|1
|
|t:|1779631807
|move|p2a: Inteleon|Vacuum Wave|p1a: Cloyster
|-supereffective|p1a: Cloyster
|-damage|p1a: Cloyster|48/100
|move|p1a: Cloyster|Spikes|p2a: Inteleon
|-sidestart|p2: GavilarKholin|Spikes
|
|-heal|p1a: Cloyster|54/100|[from] item: Leftovers
|upkeep
|turn|2
|
|t:|1779631812
|move|p1a: Cloyster|Protect|p1a: Cloyster
|-singleturn|p1a: Cloyster|Protect
|move|p2a: Inteleon|Vacuum Wave|p1a: Cloyster
|-activate|p1a: Cloyster|move: Protect
|
|-heal|p1a: Cloyster|60/100|[from] item: Leftovers
|upkeep
|turn|3
|
|t:|1779631818
|switch|p1a: Politoed|Politoed, M|100/100
|move|p2a: Inteleon|Vacuum Wave|p1a: Politoed
|-damage|p1a: Politoed|83/100
|
|-heal|p1a: Politoed|89/100|[from] item: Leftovers
|upkeep
|turn|4
|
|t:|1779631824
|switch|p2a: Politoed|Politoed, F|100/100
|-damage|p2a: Politoed|88/100|[from] Spikes
|switch|p1a: Cloyster|Cloyster, M|60/100
|
|-heal|p1a: Cloyster|67/100|[from] item: Leftovers
|upkeep
|turn|5
|
|t:|1779631829
|move|p1a: Cloyster|Protect|p1a: Cloyster
|-singleturn|p1a: Cloyster|Protect
|move|p2a: Politoed|Earth Power|p1a: Cloyster
|-activate|p1a: Cloyster|move: Protect
|
|-heal|p1a: Cloyster|73/100|[from] item: Leftovers
|upkeep
|turn|6
|
|t:|1779631834
|move|p2a: Politoed|Earth Power|p1a: Cloyster
|-damage|p1a: Cloyster|25/100
|move|p1a: Cloyster|Toxic Spikes|p2a: Politoed
|-sidestart|p2: GavilarKholin|move: Toxic Spikes
|
|-heal|p1a: Cloyster|31/100|[from] item: Leftovers
|upkeep
|turn|7
|
|t:|1779631854
|switch|p2a: Inteleon|Inteleon, M|100/100
|-damage|p2a: Inteleon|88/100|[from] Spikes
|-status|p2a: Inteleon|psn
|move|p1a: Cloyster|Protect||[still]
|-fail|p1a: Cloyster
|
|-heal|p1a: Cloyster|37/100|[from] item: Leftovers
|-damage|p2a: Inteleon|76/100 psn|[from] psn
|upkeep
|turn|8
|l| scald spamm
|
|t:|1779631866
|switch|p2a: Mandibuzz|Mandibuzz, F|100/100
|switch|p1a: Politoed|Politoed, M|89/100
|
|-heal|p1a: Politoed|95/100|[from] item: Leftovers
|upkeep
|turn|9
|
|t:|1779631871
|switch|p1a: Cloyster|Cloyster, M|37/100
|move|p2a: Mandibuzz|Defog|p1a: Cloyster
|-unboost|p1a: Cloyster|evasion|1
|-sideend|p2: GavilarKholin|Spikes|[from] move: Defog|[of] p2a: Mandibuzz
|-sideend|p2: GavilarKholin|Toxic Spikes|[from] move: Defog|[of] p2a: Mandibuzz
|
|-heal|p1a: Cloyster|43/100|[from] item: Leftovers
|upkeep
|turn|10
|
|t:|1779631882
|switch|p2a: Heracross|Heracross, F|100/100
|move|p1a: Cloyster|Toxic Spikes|p2a: Heracross
|-sidestart|p2: GavilarKholin|move: Toxic Spikes
|
|-heal|p1a: Cloyster|50/100|[from] item: Leftovers
|-status|p2a: Heracross|brn|[from] item: Flame Orb
|upkeep
|turn|11
|
|t:|1779631892
|move|p1a: Cloyster|Protect|p1a: Cloyster
|-singleturn|p1a: Cloyster|Protect
|move|p2a: Heracross|Close Combat|p1a: Cloyster
|-activate|p1a: Cloyster|move: Protect
|
|-heal|p1a: Cloyster|56/100|[from] item: Leftovers
|-damage|p2a: Heracross|95/100 brn|[from] brn
|upkeep
|turn|12
|
|t:|1779631900
|switch|p1a: Politoed|Politoed, M|95/100
|move|p2a: Heracross|Trailblaze|p1a: Politoed
|-supereffective|p1a: Politoed
|-damage|p1a: Politoed|50/100
|-boost|p2a: Heracross|spe|1
|
|-heal|p1a: Politoed|56/100|[from] item: Leftovers
|-damage|p2a: Heracross|89/100 brn|[from] brn
|upkeep
|turn|13
|
|t:|1779631906
|move|p2a: Heracross|Close Combat|p1a: Politoed
|-damage|p1a: Politoed|0 fnt
|-unboost|p2a: Heracross|def|1
|-unboost|p2a: Heracross|spd|1
|faint|p1a: Politoed
|
|-damage|p2a: Heracross|83/100 brn|[from] brn
|upkeep
|
|t:|1779631911
|switch|p1a: Inteleon|Inteleon, M|100/100
|turn|14
|
|t:|1779631915
|move|p1a: Inteleon|Air Slash|p2a: Heracross
|-supereffective|p2a: Heracross
|-damage|p2a: Heracross|0 fnt
|faint|p2a: Heracross
|
|upkeep
|
|t:|1779631917
|switch|p2a: Mandibuzz|Mandibuzz, F|100/100
|turn|15
|
|t:|1779631921
|switch|p1a: Cloyster|Cloyster, M|56/100
|move|p2a: Mandibuzz|Defog|p1a: Cloyster
|-unboost|p1a: Cloyster|evasion|1
|-sideend|p2: GavilarKholin|Toxic Spikes|[from] move: Defog|[of] p2a: Mandibuzz
|
|-heal|p1a: Cloyster|62/100|[from] item: Leftovers
|upkeep
|turn|16
|
|t:|1779631929
|switch|p2a: Cloyster|Cloyster, F|100/100
|move|p1a: Cloyster|Toxic Spikes|p2a: Cloyster
|-sidestart|p2: GavilarKholin|move: Toxic Spikes
|
|-heal|p1a: Cloyster|68/100|[from] item: Leftovers
|upkeep
|turn|17
|
|t:|1779631939
|switch|p1a: Inteleon|Inteleon, M|100/100
|move|p2a: Cloyster|Shell Smash|p2a: Cloyster
|-unboost|p2a: Cloyster|def|1
|-unboost|p2a: Cloyster|spd|1
|-boost|p2a: Cloyster|atk|2
|-boost|p2a: Cloyster|spa|2
|-boost|p2a: Cloyster|spe|2
|
|upkeep
|turn|18
|
|t:|1779631945
|move|p1a: Inteleon|Surf|p2a: Cloyster
|-resisted|p2a: Cloyster
|-damage|p2a: Cloyster|37/100
|move|p2a: Cloyster|Rock Blast|p1a: Inteleon
|-damage|p1a: Inteleon|82/100
|-damage|p1a: Inteleon|61/100
|-damage|p1a: Inteleon|41/100
|-damage|p1a: Inteleon|21/100
|-damage|p1a: Inteleon|1/100
|-hitcount|p1a: Inteleon|5
|
|upkeep
|turn|19
|
|t:|1779631954
|switch|p2a: Mandibuzz|Mandibuzz, F|100/100
|move|p1a: Inteleon|Surf|p2a: Mandibuzz
|-damage|p2a: Mandibuzz|60/100
|
|-heal|p2a: Mandibuzz|66/100|[from] item: Leftovers
|upkeep
|turn|20
|
|t:|1779631960
|move|p1a: Inteleon|Surf|p2a: Mandibuzz
|-damage|p2a: Mandibuzz|26/100
|move|p2a: Mandibuzz|Roost|p2a: Mandibuzz
|-heal|p2a: Mandibuzz|76/100
|-singleturn|p2a: Mandibuzz|move: Roost
|
|-heal|p2a: Mandibuzz|82/100|[from] item: Leftovers
|upkeep
|turn|21
|
|t:|1779631965
|move|p1a: Inteleon|Surf|p2a: Mandibuzz
|-damage|p2a: Mandibuzz|46/100
|move|p2a: Mandibuzz|Defog|p1a: Inteleon
|-unboost|p1a: Inteleon|evasion|1
|-sideend|p2: GavilarKholin|Toxic Spikes|[from] move: Defog|[of] p2a: Mandibuzz
|
|-heal|p2a: Mandibuzz|52/100|[from] item: Leftovers
|upkeep
|turn|22
|
|t:|1779631968
|switch|p2a: Politoed|Politoed, F|88/100
|move|p1a: Inteleon|Surf|p2a: Politoed
|-heal|p2a: Politoed|100/100|[from] ability: Water Absorb|[of] p1a: Inteleon
|
|upkeep
|turn|23
|
|t:|1779631975
|switch|p1a: Mandibuzz|Mandibuzz, F|100/100
|move|p2a: Politoed|Surf|p1a: Mandibuzz
|-damage|p1a: Mandibuzz|50/100
|
|-heal|p1a: Mandibuzz|56/100|[from] item: Leftovers
|upkeep
|turn|24
|
|t:|1779631981
|move|p1a: Mandibuzz|Roost|p1a: Mandibuzz
|-heal|p1a: Mandibuzz|100/100
|-singleturn|p1a: Mandibuzz|move: Roost
|move|p2a: Politoed|Surf|p1a: Mandibuzz
|-damage|p1a: Mandibuzz|52/100
|
|-heal|p1a: Mandibuzz|58/100|[from] item: Leftovers
|upkeep
|turn|25
|
|t:|1779631996
|move|p1a: Mandibuzz|Nasty Plot|p1a: Mandibuzz
|-boost|p1a: Mandibuzz|spa|2
|move|p2a: Politoed|Surf|p1a: Mandibuzz
|-damage|p1a: Mandibuzz|3/100
|
|-heal|p1a: Mandibuzz|9/100|[from] item: Leftovers
|upkeep
|turn|26
|
|t:|1779632004
|move|p1a: Mandibuzz|Roost|p1a: Mandibuzz
|-heal|p1a: Mandibuzz|59/100
|-singleturn|p1a: Mandibuzz|move: Roost
|move|p2a: Politoed|Surf|p1a: Mandibuzz
|-damage|p1a: Mandibuzz|10/100
|
|-heal|p1a: Mandibuzz|17/100|[from] item: Leftovers
|upkeep
|turn|27
|
|t:|1779632007
|move|p1a: Mandibuzz|Roost|p1a: Mandibuzz
|-heal|p1a: Mandibuzz|67/100
|-singleturn|p1a: Mandibuzz|move: Roost
|move|p2a: Politoed|Surf|p1a: Mandibuzz
|-damage|p1a: Mandibuzz|10/100
|
|-heal|p1a: Mandibuzz|16/100|[from] item: Leftovers
|upkeep
|turn|28
|
|t:|1779632010
|move|p1a: Mandibuzz|Roost|p1a: Mandibuzz
|-heal|p1a: Mandibuzz|66/100
|-singleturn|p1a: Mandibuzz|move: Roost
|move|p2a: Politoed|Surf|p1a: Mandibuzz
|-crit|p1a: Mandibuzz
|-damage|p1a: Mandibuzz|0 fnt
|faint|p1a: Mandibuzz
|
|upkeep
|
|t:|1779632021
|switch|p1a: Cloyster|Cloyster, M|68/100
|turn|29
|
|t:|1779632034
|move|p2a: Politoed|Surf|p1a: Cloyster
|-resisted|p1a: Cloyster
|-damage|p1a: Cloyster|32/100
|move|p1a: Cloyster|Toxic Spikes|p2a: Politoed
|-sidestart|p2: GavilarKholin|move: Toxic Spikes
|
|-heal|p1a: Cloyster|38/100|[from] item: Leftovers
|upkeep
|turn|30
|
|t:|1779632039
|move|p1a: Cloyster|Protect|p1a: Cloyster
|-singleturn|p1a: Cloyster|Protect
|move|p2a: Politoed|Surf|p1a: Cloyster
|-activate|p1a: Cloyster|move: Protect
|
|-heal|p1a: Cloyster|45/100|[from] item: Leftovers
|upkeep
|turn|31
|j| WrenTheBurb
|
|t:|1779632045
|move|p2a: Politoed|Surf|p1a: Cloyster
|-resisted|p1a: Cloyster
|-damage|p1a: Cloyster|8/100
|move|p1a: Cloyster|Spikes|p2a: Politoed
|-sidestart|p2: GavilarKholin|Spikes
|
|-heal|p1a: Cloyster|14/100|[from] item: Leftovers
|upkeep
|turn|32
|
|t:|1779632052
|move|p1a: Cloyster|Protect|p1a: Cloyster
|-singleturn|p1a: Cloyster|Protect
|move|p2a: Politoed|Surf|p1a: Cloyster
|-activate|p1a: Cloyster|move: Protect
|
|-heal|p1a: Cloyster|21/100|[from] item: Leftovers
|upkeep
|turn|33
|j| emdimd
|l| emdimd
|
|t:|1779632061
|switch|p1a: Barraskewda|Barraskewda, M|100/100
|move|p2a: Politoed|Surf|p1a: Barraskewda
|-resisted|p1a: Barraskewda
|-damage|p1a: Barraskewda|34/100
|
|upkeep
|turn|34
|
|t:|1779632067
|move|p1a: Barraskewda|Close Combat|p2a: Politoed
|-damage|p2a: Politoed|54/100
|-unboost|p1a: Barraskewda|def|1
|-unboost|p1a: Barraskewda|spd|1
|move|p2a: Politoed|Surf|p1a: Barraskewda
|-resisted|p1a: Barraskewda
|-damage|p1a: Barraskewda|0 fnt
|faint|p1a: Barraskewda
|
|upkeep
|
|t:|1779632070
|switch|p1a: Heracross|Heracross, F|100/100
|turn|35
|j| BluLynx
|
|t:|1779632078
|-terastallize|p1a: Heracross|Fighting
|move|p1a: Heracross|Close Combat|p2a: Politoed
|-damage|p2a: Politoed|0 fnt
|-unboost|p1a: Heracross|def|1
|-unboost|p1a: Heracross|spd|1
|faint|p2a: Politoed
|-ability|p1a: Heracross|Moxie|boost
|-boost|p1a: Heracross|atk|1
|
|upkeep
|j| 6026_Dark
|inactive|GavilarKholin has 120 seconds left.
|
|t:|1779632129
|switch|p2a: Barraskewda|Barraskewda, F|100/100
|-status|p2a: Barraskewda|psn
|-damage|p2a: Barraskewda|88/100 psn|[from] Spikes
|turn|36
|
|t:|1779632136
|switch|p1a: Inteleon|Inteleon, M|1/100
|-terastallize|p2a: Barraskewda|Water
|move|p2a: Barraskewda|Aqua Jet|p1a: Inteleon
|-resisted|p1a: Inteleon
|-damage|p1a: Inteleon|0 fnt
|faint|p1a: Inteleon
|
|-damage|p2a: Barraskewda|76/100 psn|[from] psn
|upkeep
|j| Walrus0
|
|t:|1779632146
|switch|p1a: Cloyster|Cloyster, M|21/100
|turn|37
|inactive|GavilarKholin has 120 seconds left.
|
|t:|1779632157
|switch|p2a: Inteleon|Inteleon, M|76/100 psn
|-damage|p2a: Inteleon|63/100 psn|[from] Spikes
|move|p1a: Cloyster|Icicle Spear|p2a: Inteleon
|-resisted|p2a: Inteleon
|-damage|p2a: Inteleon|56/100 psn
|-resisted|p2a: Inteleon
|-damage|p2a: Inteleon|49/100 psn
|-resisted|p2a: Inteleon
|-damage|p2a: Inteleon|43/100 psn
|-resisted|p2a: Inteleon
|-damage|p2a: Inteleon|35/100 psn
|-resisted|p2a: Inteleon
|-damage|p2a: Inteleon|28/100 psn
|-hitcount|p2a: Inteleon|5
|
|-heal|p1a: Cloyster|27/100|[from] item: Leftovers
|-damage|p2a: Inteleon|15/100 psn|[from] psn
|upkeep
|turn|38
|j| Telugu
|inactive|GavilarKholin has 120 seconds left.
|
|t:|1779632173
|switch|p2a: Barraskewda|Barraskewda, F, tera:Water|76/100 psn
|-damage|p2a: Barraskewda|64/100 psn|[from] Spikes
|move|p1a: Cloyster|Protect||[still]
|-fail|p1a: Cloyster
|
|-heal|p1a: Cloyster|33/100|[from] item: Leftovers
|-damage|p2a: Barraskewda|52/100 psn|[from] psn
|upkeep
|turn|39
|
|t:|1779632192
|switch|p1a: Heracross|Heracross, F, tera:Fighting|100/100
|move|p2a: Barraskewda|Close Combat|p1a: Heracross
|-damage|p1a: Heracross|7/100
|-unboost|p2a: Barraskewda|def|1
|-unboost|p2a: Barraskewda|spd|1
|
|-damage|p2a: Barraskewda|40/100 psn|[from] psn
|upkeep
|turn|40
|inactive|cross streets 43 has 120 seconds left.
|
|t:|1779632227
|switch|p2a: Cloyster|Cloyster, F|37/100
|-status|p2a: Cloyster|psn
|-damage|p2a: Cloyster|25/100 psn|[from] Spikes
|move|p1a: Heracross|Close Combat|p2a: Cloyster
|-supereffective|p2a: Cloyster
|-damage|p2a: Cloyster|0 fnt
|-unboost|p1a: Heracross|def|1
|-unboost|p1a: Heracross|spd|1
|faint|p2a: Cloyster
|-ability|p1a: Heracross|Moxie|boost
|-boost|p1a: Heracross|atk|1
|
|upkeep
|
|t:|1779632236
|switch|p2a: Inteleon|Inteleon, M|15/100 psn
|-damage|p2a: Inteleon|3/100 psn|[from] Spikes
|turn|41
|
|t:|1779632241
|switch|p1a: Cloyster|Cloyster, M|33/100
|move|p2a: Inteleon|Vacuum Wave|p1a: Cloyster
|-supereffective|p1a: Cloyster
|-damage|p1a: Cloyster|0 fnt
|faint|p1a: Cloyster
|
|-damage|p2a: Inteleon|0 fnt|[from] psn
|faint|p2a: Inteleon
|upkeep
|
|t:|1779632245
|switch|p2a: Barraskewda|Barraskewda, F, tera:Water|40/100 psn
|switch|p1a: Heracross|Heracross, F, tera:Fighting|7/100
|-damage|p2a: Barraskewda|27/100 psn|[from] Spikes
|turn|42
|
|t:|1779632249
|move|p2a: Barraskewda|Aqua Jet|p1a: Heracross
|-damage|p1a: Heracross|0 fnt
|faint|p1a: Heracross
|
|win|GavilarKholin
|n|☆cross streets 43|crossstreets43
|n|☆GavilarKholin|gavilarkholin
|n|*Lady Monita |ladymonita
|n| Flari64|flari64
|n| WrenTheBurb|wrentheburb
|n| BluLynx|blulynx
|n| 6026_Dark|6026dark
|n| Walrus0|walrus0
|n| Telugu|telugu
