|j|☆greysay
|j|☆fenixkarde
|t:|1779660039
|gametype|singles
|player|p1|greysay|wallace|1068
|player|p2|fenixkarde|2|1119
|gen|9
|tier|[Gen 9] OU
|rated|
|rule|HP Percentage Mod: HP is shown in percentages
|rule|Endless Battle Clause: Forcing endless battles is banned
|rule|Species Clause: Limit one of each Pokémon
|rule|OHKO Clause: OHKO moves are banned
|rule|Evasion Items Clause: Evasion items are banned
|rule|Evasion Moves Clause: Evasion moves are banned
|rule|Evasion Abilities Clause: Evasion abilities are banned
|rule|Sleep Moves Clause: Sleep-inducing moves are banned
|clearpoke
|poke|p1|Grafaiai, M|
|poke|p1|Wigglytuff, F|
|poke|p1|Eiscue, M|
|poke|p1|Goodra-Hisui, F|
|poke|p1|Primarina, F|
|poke|p1|Chesnaught, M|
|poke|p2|Pikachu-Sinnoh, M|
|poke|p2|Charizard, M|
|poke|p2|Sceptile, M|
|poke|p2|Infernape, M|
|poke|p2|Krookodile, M|
|poke|p2|Greninja-*, M|
|teampreview
|inactive|Battle timer is ON: inactive players will automatically lose when time's up. (requested by fenixkarde)
|
|t:|1779660049
|teamsize|p1|6
|teamsize|p2|6
|start
|switch|p1a: Grafaiai|Grafaiai, M|100/100
|switch|p2a: Infernape|Infernape, M, shiny|100/100
|-item|p2a: Infernape|Air Balloon
|turn|1
|
|t:|1779660056
|move|p2a: Infernape|Fake Out|p1a: Grafaiai
|-damage|p1a: Grafaiai|80/100
|cant|p1a: Grafaiai|flinch
|
|-heal|p1a: Grafaiai|86/100|[from] item: Black Sludge
|upkeep
|turn|2
|
|t:|1779660074
|switch|p2a: Krookodile|Krookodile, M, shiny|100/100
|-ability|p2a: Krookodile|Intimidate|boost
|-unboost|p1a: Grafaiai|atk|1
|move|p1a: Grafaiai|Switcheroo|p2a: Krookodile
|-activate|p1a: Grafaiai|move: Trick|[of] p2a: Krookodile
|-item|p2a: Krookodile|Black Sludge|[from] move: Switcheroo
|-item|p1a: Grafaiai|Black Glasses|[from] move: Switcheroo
|
|-damage|p2a: Krookodile|88/100|[from] item: Black Sludge
|upkeep
|turn|3
|
|t:|1779660088
|move|p1a: Grafaiai|Parting Shot|p2a: Krookodile
|-unboost|p2a: Krookodile|atk|1
|-unboost|p2a: Krookodile|spa|1
|
|t:|1779660095
|switch|p1a: Chesnaught|Chesnaught, M, shiny|100/100|[from] Parting Shot
|move|p2a: Krookodile|Earthquake|p1a: Chesnaught
|-resisted|p1a: Chesnaught
|-damage|p1a: Chesnaught|89/100
|
|-damage|p2a: Krookodile|76/100|[from] item: Black Sludge
|upkeep
|turn|4
|
|t:|1779660105
|switch|p2a: Charizard|Charizard, M, shiny|100/100
|move|p1a: Chesnaught|Belly Drum|p1a: Chesnaught
|-damage|p1a: Chesnaught|39/100
|-setboost|p1a: Chesnaught|atk|6|[from] move: Belly Drum
|-enditem|p1a: Chesnaught|Sitrus Berry|[eat]
|-heal|p1a: Chesnaught|64/100|[from] item: Sitrus Berry
|
|upkeep
|turn|5
|
|t:|1779660128
|-terastallize|p1a: Chesnaught|Steel
|move|p2a: Charizard|Air Slash|p1a: Chesnaught
|-resisted|p1a: Chesnaught
|-damage|p1a: Chesnaught|47/100
|-damage|p2a: Charizard|90/100|[from] item: Life Orb
|move|p1a: Chesnaught|Roar|p2a: Charizard
|drag|p2a: Sceptile|Sceptile, M, shiny|100/100
|
|upkeep
|turn|6
|
|t:|1779660147
|move|p2a: Sceptile|Focus Blast|p1a: Chesnaught
|-immune|p1a: Chesnaught|[from] ability: Bulletproof
|move|p1a: Chesnaught|Drain Punch|p2a: Sceptile
|-damage|p2a: Sceptile|0 fnt
|-heal|p1a: Chesnaught|88/100|[from] drain|[of] p2a: Sceptile
|faint|p2a: Sceptile
|
|upkeep
|
|t:|1779660153
|switch|p2a: Charizard|Charizard, M, shiny|90/100
|turn|7
|
|t:|1779660161
|move|p2a: Charizard|Fire Blast|p1a: Chesnaught
|-supereffective|p1a: Chesnaught
|-damage|p1a: Chesnaught|0 fnt
|faint|p1a: Chesnaught
|-damage|p2a: Charizard|80/100|[from] item: Life Orb
|
|upkeep
|
|t:|1779660185
|switch|p1a: Primarina|Primarina, F|100/100
|turn|8
|
|t:|1779660197
|switch|p2a: Pikachu|Pikachu-Sinnoh, M|100/100
|move|p1a: Primarina|Whirlpool|p2a: Pikachu
|-damage|p2a: Pikachu|56/100
|-activate|p2a: Pikachu|move: Whirlpool|[of] p1a: Primarina
|
|-damage|p2a: Pikachu|44/100|[from] move: Whirlpool|[partiallytrapped]
|upkeep
|turn|9
|
|t:|1779660205
|move|p1a: Primarina|Protect|p1a: Primarina
|-singleturn|p1a: Primarina|Protect
|move|p2a: Pikachu|Wild Charge|p1a: Primarina
|-activate|p1a: Primarina|move: Protect
|
|-damage|p2a: Pikachu|32/100|[from] move: Whirlpool|[partiallytrapped]
|upkeep
|turn|10
|
|t:|1779660221
|switch|p1a: Wigglytuff|Wigglytuff, F|100/100
|move|p2a: Pikachu|Wild Charge|p1a: Wigglytuff
|-damage|p1a: Wigglytuff|27/100
|-damage|p2a: Pikachu|0 fnt|[from] Recoil
|faint|p2a: Pikachu
|
|upkeep
|
|t:|1779660238
|switch|p2a: Charizard|Charizard, M, shiny|80/100
|turn|11
|
|t:|1779660256
|switch|p1a: Goodra|Goodra-Hisui, F|100/100
|move|p2a: Charizard|Air Slash|p1a: Goodra
|-resisted|p1a: Goodra
|-damage|p1a: Goodra|84/100
|-damage|p2a: Charizard|70/100|[from] item: Life Orb
|
|-heal|p1a: Goodra|90/100|[from] item: Leftovers
|upkeep
|turn|12
|inactive|fenixkarde has 120 seconds left.
|inactive|fenixkarde has 90 seconds left.
|inactive|fenixkarde has 60 seconds left.
|
|t:|1779660366
|move|p2a: Charizard|Fire Blast|p1a: Goodra
|-damage|p1a: Goodra|46/100
|-damage|p2a: Charizard|60/100|[from] item: Life Orb
|move|p1a: Goodra|Sludge Wave|p2a: Charizard
|-damage|p2a: Charizard|35/100
|
|-heal|p1a: Goodra|52/100|[from] item: Leftovers
|upkeep
|turn|13
|
|t:|1779660375
|move|p2a: Charizard|Fire Blast|p1a: Goodra|[miss]
|-miss|p2a: Charizard|p1a: Goodra
|move|p1a: Goodra|Acid Armor|p1a: Goodra
|-boost|p1a: Goodra|def|2
|
|-heal|p1a: Goodra|58/100|[from] item: Leftovers
|upkeep
|turn|14
|
|t:|1779660394
|move|p2a: Charizard|Fire Blast|p1a: Goodra
|-damage|p1a: Goodra|16/100
|-damage|p2a: Charizard|25/100|[from] item: Life Orb
|move|p1a: Goodra|Dragon Tail|p2a: Charizard
|-damage|p2a: Charizard|0 fnt
|faint|p2a: Charizard
|
|-heal|p1a: Goodra|22/100|[from] item: Leftovers
|upkeep
|
|t:|1779660401
|switch|p2a: Krookodile|Krookodile, M, shiny|76/100
|-ability|p2a: Krookodile|Intimidate|boost
|-unboost|p1a: Goodra|atk|1
|turn|15
|
|t:|1779660411
|switch|p1a: Eiscue|Eiscue, M|100/100
|move|p2a: Krookodile|Earthquake|p1a: Eiscue
|-activate|p1a: Eiscue|ability: Ice Face
|-damage|p1a: Eiscue|100/100
|detailschange|p1a: Eiscue|Eiscue-Noice, M
|
|-damage|p2a: Krookodile|64/100|[from] item: Black Sludge
|upkeep
|turn|16
|inactive|fenixkarde has 60 seconds left.
|inactive|fenixkarde has 30 seconds left.
|
|t:|1779660450
|move|p1a: Eiscue|Snowscape|p1a: Eiscue
|-weather|Snowscape
|-activate|p1a: Eiscue|ability: Ice Face
|detailschange|p1a: Eiscue|Eiscue, M
|move|p2a: Krookodile|Crunch|p1a: Eiscue
|-activate|p1a: Eiscue|ability: Ice Face
|-damage|p1a: Eiscue|100/100
|detailschange|p1a: Eiscue|Eiscue-Noice, M
|
|-weather|Snowscape|[upkeep]
|-damage|p2a: Krookodile|51/100|[from] item: Black Sludge
|upkeep
|turn|17
|
|t:|1779660462
|move|p1a: Eiscue|Icicle Spear|p2a: Krookodile
|-supereffective|p2a: Krookodile
|-damage|p2a: Krookodile|32/100
|-supereffective|p2a: Krookodile
|-damage|p2a: Krookodile|15/100
|-supereffective|p2a: Krookodile
|-damage|p2a: Krookodile|0 fnt
|faint|p2a: Krookodile
|-hitcount|p2: Krookodile|3
|
|-weather|Snowscape|[upkeep]
|upkeep
|
|t:|1779660464
|switch|p2a: Infernape|Infernape, M, shiny|100/100
|-item|p2a: Infernape|Air Balloon
|turn|18
|
|t:|1779660476
|move|p2a: Infernape|Fake Out|p1a: Eiscue
|-damage|p1a: Eiscue|90/100
|cant|p1a: Eiscue|flinch
|
|-weather|Snowscape|[upkeep]
|upkeep
|turn|19
|
|t:|1779660487
|move|p2a: Infernape|Flare Blitz|p1a: Eiscue
|-supereffective|p1a: Eiscue
|-damage|p1a: Eiscue|9/100
|-damage|p2a: Infernape|70/100|[from] Recoil
|move|p1a: Eiscue|Flip Turn|p2a: Infernape
|-supereffective|p2a: Infernape
|-damage|p2a: Infernape|37/100
|-enditem|p2a: Infernape|Air Balloon
|
|t:|1779660499
|switch|p1a: Primarina|Primarina, F|100/100|[from] Flip Turn
|
|-weather|Snowscape|[upkeep]
|upkeep
|turn|20
|
|t:|1779660510
|switch|p2a: Greninja|Greninja, M|100/100
|move|p1a: Primarina|Hyper Voice|p2a: Greninja
|-resisted|p2a: Greninja
|-damage|p2a: Greninja|71/100
|
|-weather|none
|upkeep
|turn|21
|
|t:|1779660521
|-terastallize|p2a: Greninja|Ice
|move|p2a: Greninja|Grass Knot|p1a: Primarina
|-supereffective|p1a: Primarina
|-damage|p1a: Primarina|63/100
|-damage|p2a: Greninja|61/100|[from] item: Life Orb
|move|p1a: Primarina|Whirlpool|p2a: Greninja
|-damage|p2a: Greninja|39/100
|-activate|p2a: Greninja|move: Whirlpool|[of] p1a: Primarina
|
|-heal|p1a: Primarina|69/100|[from] item: Leftovers
|-damage|p2a: Greninja|26/100|[from] move: Whirlpool|[partiallytrapped]
|upkeep
|turn|22
|
|t:|1779660533
|move|p1a: Primarina|Protect|p1a: Primarina
|-singleturn|p1a: Primarina|Protect
|move|p2a: Greninja|Grass Knot|p1a: Primarina
|-activate|p1a: Primarina|move: Protect
|
|-heal|p1a: Primarina|75/100|[from] item: Leftovers
|-damage|p2a: Greninja|14/100|[from] move: Whirlpool|[partiallytrapped]
|upkeep
|turn|23
|
|t:|1779660548
|move|p2a: Greninja|Grass Knot|p1a: Primarina
|-supereffective|p1a: Primarina
|-damage|p1a: Primarina|35/100
|-damage|p2a: Greninja|4/100|[from] item: Life Orb
|move|p1a: Primarina|Hyper Voice|p2a: Greninja
|-damage|p2a: Greninja|0 fnt
|faint|p2a: Greninja
|
|-heal|p1a: Primarina|41/100|[from] item: Leftovers
|upkeep
|
|t:|1779660552
|switch|p2a: Infernape|Infernape, M, shiny|37/100
|turn|24
|
|t:|1779660558
|move|p2a: Infernape|Fake Out|p1a: Primarina
|-crit|p1a: Primarina
|-damage|p1a: Primarina|25/100
|cant|p1a: Primarina|flinch
|
|-heal|p1a: Primarina|31/100|[from] item: Leftovers
|upkeep
|turn|25
|
|t:|1779660565
|move|p1a: Primarina|Protect|p1a: Primarina
|-singleturn|p1a: Primarina|Protect
|move|p2a: Infernape|Stone Edge|p1a: Primarina
|-activate|p1a: Primarina|move: Protect
|
|-heal|p1a: Primarina|37/100|[from] item: Leftovers
|upkeep
|turn|26
|
|t:|1779660573
|move|p2a: Infernape|Stone Edge|p1a: Primarina
|-damage|p1a: Primarina|11/100
|move|p1a: Primarina|Hyper Voice|p2a: Infernape
|-supereffective|p2a: Infernape
|-damage|p2a: Infernape|0 fnt
|faint|p2a: Infernape
|
|win|greysay
|raw|greysay's rating: 1068 &rarr; <strong>1102</strong><br />(+34 for winning)
|raw|fenixkarde's rating: 1119 &rarr; <strong>1090</strong><br />(-29 for losing)
|l|☆fenixkarde
|player|p2|
|l|☆greysay
|player|p1|
