|j|☆my 100lb pug
|j|☆Trail one
|t:|1779643785
|gametype|singles
|player|p1|my 100lb pug|1|1669
|player|p2|Trail one|170|1655
|gen|9
|tier|[Gen 9] OU
|rated|
|rule|HP Percentage Mod: HP is shown in percentages
|rule|Endless Battle Clause: Forcing endless battles is banned
|rule|Species Clause: Limit one of each Pokémon
|rule|OHKO Clause: OHKO moves are banned
|rule|Evasion Items Clause: Evasion items are banned
|rule|Evasion Moves Clause: Evasion moves are banned
|rule|Evasion Abilities Clause: Evasion abilities are banned
|rule|Sleep Moves Clause: Sleep-inducing moves are banned
|clearpoke
|poke|p1|Delphox, F|
|poke|p1|Raging Bolt|
|poke|p1|Samurott-Hisui, F|
|poke|p1|Hatterene, F|
|poke|p1|Great Tusk|
|poke|p1|Kyurem|
|poke|p2|Cinderace, F|
|poke|p2|Raging Bolt|
|poke|p2|Scizor, F|
|poke|p2|Clefable, F|
|poke|p2|Great Tusk|
|poke|p2|Latios, M|
|teampreview
|
|t:|1779643792
|teamsize|p1|6
|teamsize|p2|6
|start
|switch|p1a: Samurott|Samurott-Hisui, F|100/100
|switch|p2a: Cinderace|Cinderace, F|100/100
|turn|1
|
|t:|1779643801
|switch|p2a: Scizor|Scizor, F|100/100
|move|p1a: Samurott|Aqua Cutter|p2a: Scizor
|-crit|p2a: Scizor
|-damage|p2a: Scizor|51/100
|
|upkeep
|turn|2
|
|t:|1779643807
|switch|p1a: Great Tusk|Great Tusk|100/100
|move|p2a: Scizor|U-turn|p1a: Great Tusk
|-resisted|p1a: Great Tusk
|-damage|p1a: Great Tusk|93/100
|
|t:|1779643810
|switch|p2a: Latios|Latios, M|100/100|[from] U-turn
|
|upkeep
|turn|3
|
|t:|1779643817
|switch|p2a: Cinderace|Cinderace, F|100/100
|-end|p1a: Great Tusk|Protosynthesis|[silent]
|switch|p1a: Hatterene|Hatterene, F|100/100
|
|upkeep
|turn|4
|
|t:|1779643822
|move|p2a: Cinderace|Gunk Shot|p1a: Hatterene|[miss]
|-start|p2a: Cinderace|typechange|Poison|[from] ability: Libero
|-miss|p2a: Cinderace|p1a: Hatterene
|move|p1a: Hatterene|Nuzzle|p2a: Cinderace
|-damage|p2a: Cinderace|95/100
|-status|p2a: Cinderace|par
|
|upkeep
|turn|5
|
|t:|1779643832
|switch|p2a: Clefable|Clefable, F|100/100
|switch|p1a: Great Tusk|Great Tusk|93/100
|
|upkeep
|turn|6
|
|t:|1779643842
|-end|p1a: Great Tusk|Protosynthesis|[silent]
|switch|p1a: Delphox|Delphox, F|100/100
|move|p2a: Clefable|Moonblast|p1a: Delphox
|-resisted|p1a: Delphox
|-damage|p1a: Delphox|84/100
|
|upkeep
|turn|7
|
|t:|1779643846
|move|p1a: Delphox|Psyshock|p2a: Clefable
|-damage|p2a: Clefable|46/100
|move|p2a: Clefable|Thunder Wave|p1a: Delphox
|-status|p1a: Delphox|par
|
|-heal|p2a: Clefable|52/100|[from] item: Leftovers
|upkeep
|turn|8
|
|t:|1779643856
|move|p1a: Delphox|Psyshock|p2a: Clefable
|-damage|p2a: Clefable|0 fnt
|faint|p2a: Clefable
|
|upkeep
|
|t:|1779643863
|switch|p2a: Cinderace|Cinderace, F|95/100 par
|turn|9
|
|t:|1779643869
|move|p2a: Cinderace|Gunk Shot|p1a: Delphox|[miss]
|-start|p2a: Cinderace|typechange|Poison|[from] ability: Libero
|-miss|p2a: Cinderace|p1a: Delphox
|move|p1a: Delphox|Psyshock|p2a: Cinderace
|-supereffective|p2a: Cinderace
|-damage|p2a: Cinderace|0 fnt
|faint|p2a: Cinderace
|
|upkeep
|
|t:|1779643877
|switch|p2a: Scizor|Scizor, F|51/100
|turn|10
|c|☆my 100lb pug|gunk shot is such an unforgiving move
|c|☆my 100lb pug|my b
|
|t:|1779643892
|switch|p1a: Great Tusk|Great Tusk|93/100
|move|p2a: Scizor|Knock Off|p1a: Great Tusk
|-resisted|p1a: Great Tusk
|-damage|p1a: Great Tusk|84/100
|-enditem|p1a: Great Tusk|Heavy-Duty Boots|[from] move: Knock Off|[of] p2a: Scizor
|
|upkeep
|turn|11
|
|t:|1779643900
|move|p1a: Great Tusk|Knock Off|p2a: Scizor
|-damage|p2a: Scizor|31/100
|-enditem|p2a: Scizor|Sitrus Berry|[from] move: Knock Off|[of] p1a: Great Tusk
|move|p2a: Scizor|U-turn|p1a: Great Tusk
|-resisted|p1a: Great Tusk
|-damage|p1a: Great Tusk|76/100
|
|t:|1779643905
|switch|p2a: Latios|Latios, M|100/100|[from] U-turn
|
|upkeep
|turn|12
|
|t:|1779643910
|-end|p1a: Great Tusk|Protosynthesis|[silent]
|switch|p1a: Hatterene|Hatterene, F|100/100
|move|p2a: Latios|Luster Purge|p1a: Hatterene
|-resisted|p1a: Hatterene
|-damage|p1a: Hatterene|84/100
|-unboost|p1a: Hatterene|spd|1
|
|upkeep
|turn|13
|
|t:|1779643917
|switch|p2a: Scizor|Scizor, F|31/100
|move|p1a: Hatterene|Draining Kiss|p2a: Scizor
|-resisted|p2a: Scizor
|-damage|p2a: Scizor|13/100
|-heal|p1a: Hatterene|99/100|[from] drain|[of] p2a: Scizor
|
|upkeep
|turn|14
|
|t:|1779643924
|switch|p1a: Great Tusk|Great Tusk|76/100
|move|p2a: Scizor|U-turn|p1a: Great Tusk
|-resisted|p1a: Great Tusk
|-damage|p1a: Great Tusk|68/100
|
|t:|1779643929
|switch|p2a: Latios|Latios, M|100/100|[from] U-turn
|
|upkeep
|turn|15
|
|t:|1779643933
|-end|p1a: Great Tusk|Protosynthesis|[silent]
|switch|p1a: Hatterene|Hatterene, F|99/100
|move|p2a: Latios|Trick|p1a: Hatterene
|-activate|p2a: Latios|move: Trick|[of] p1a: Hatterene
|-item|p1a: Hatterene|Choice Scarf|[from] move: Trick
|-item|p2a: Latios|Assault Vest|[from] move: Trick
|
|upkeep
|turn|16
|
|t:|1779643940
|switch|p2a: Scizor|Scizor, F|13/100
|move|p1a: Hatterene|Draining Kiss|p2a: Scizor
|-resisted|p2a: Scizor
|-damage|p2a: Scizor|0 fnt
|-heal|p1a: Hatterene|100/100|[from] drain|[of] p2a: Scizor
|faint|p2a: Scizor
|
|upkeep
|
|t:|1779643945
|switch|p2a: Raging Bolt|Raging Bolt|100/100
|turn|17
|
|t:|1779643954
|-terastallize|p2a: Raging Bolt|Bug
|move|p2a: Raging Bolt|Calm Mind|p2a: Raging Bolt
|-boost|p2a: Raging Bolt|spa|1
|-boost|p2a: Raging Bolt|spd|1
|move|p1a: Hatterene|Draining Kiss|p2a: Raging Bolt
|-damage|p2a: Raging Bolt|85/100
|
|-heal|p2a: Raging Bolt|91/100|[from] item: Leftovers
|upkeep
|turn|18
|
|t:|1779643964
|switch|p1a: Great Tusk|Great Tusk|68/100
|move|p2a: Raging Bolt|Calm Mind|p2a: Raging Bolt
|-boost|p2a: Raging Bolt|spa|1
|-boost|p2a: Raging Bolt|spd|1
|
|-heal|p2a: Raging Bolt|97/100|[from] item: Leftovers
|upkeep
|turn|19
|
|t:|1779643967
|move|p1a: Great Tusk|Knock Off|p2a: Raging Bolt
|-damage|p2a: Raging Bolt|76/100
|-enditem|p2a: Raging Bolt|Leftovers|[from] move: Knock Off|[of] p1a: Great Tusk
|move|p2a: Raging Bolt|Dragon Pulse|p1a: Great Tusk
|-damage|p1a: Great Tusk|0 fnt
|faint|p1a: Great Tusk
|-end|p1a: Great Tusk|Protosynthesis|[silent]
|
|upkeep
|
|t:|1779643981
|switch|p1a: Hatterene|Hatterene, F|100/100
|turn|20
|
|t:|1779643987
|move|p2a: Raging Bolt|Thunderclap|p1a: Hatterene
|-damage|p1a: Hatterene|16/100
|move|p1a: Hatterene|Nuzzle|p2a: Raging Bolt
|-crit|p2a: Raging Bolt
|-damage|p2a: Raging Bolt|71/100
|-status|p2a: Raging Bolt|par
|
|upkeep
|turn|21
|
|t:|1779643996
|switch|p1a: Delphox|Delphox, F|84/100 par
|move|p2a: Raging Bolt|Calm Mind|p2a: Raging Bolt
|-boost|p2a: Raging Bolt|spa|1
|-boost|p2a: Raging Bolt|spd|1
|
|upkeep
|turn|22
|
|t:|1779644000
|move|p2a: Raging Bolt|Thunderclap|p1a: Delphox
|-damage|p1a: Delphox|0 fnt
|faint|p1a: Delphox
|
|upkeep
|
|t:|1779644002
|switch|p1a: Kyurem|Kyurem|100/100
|-ability|p1a: Kyurem|Pressure
|turn|23
|
|t:|1779644010
|move|p1a: Kyurem|Scale Shot|p2a: Raging Bolt
|-damage|p2a: Raging Bolt|62/100 par
|-damage|p2a: Raging Bolt|53/100 par
|-hitcount|p2a: Raging Bolt|2
|-unboost|p1a: Kyurem|def|1
|-boost|p1a: Kyurem|spe|1
|move|p2a: Raging Bolt|Dragon Pulse|p1a: Kyurem
|-supereffective|p1a: Kyurem
|-crit|p1a: Kyurem
|-damage|p1a: Kyurem|0 fnt
|faint|p1a: Kyurem
|
|upkeep
|
|t:|1779644016
|switch|p1a: Samurott|Samurott-Hisui, F|100/100
|turn|24
|
|t:|1779644020
|move|p1a: Samurott|Ceaseless Edge|p2a: Raging Bolt
|-damage|p2a: Raging Bolt|14/100 par
|-sidestart|p2: Trail one|Spikes
|move|p2a: Raging Bolt|Dragon Pulse|p1a: Samurott
|-damage|p1a: Samurott|0 fnt
|faint|p1a: Samurott
|
|upkeep
|
|t:|1779644023
|switch|p1a: Raging Bolt|Raging Bolt|100/100
|-enditem|p1a: Raging Bolt|Booster Energy
|-activate|p1a: Raging Bolt|ability: Protosynthesis|[fromitem]
|-start|p1a: Raging Bolt|protosynthesisspa
|turn|25
|
|t:|1779644027
|move|p1a: Raging Bolt|Dragon Pulse|p2a: Raging Bolt
|-damage|p2a: Raging Bolt|0 fnt
|faint|p2a: Raging Bolt
|-end|p2a: Raging Bolt|Protosynthesis|[silent]
|
|upkeep
|
|t:|1779644036
|switch|p2a: Latios|Latios, M|100/100
|turn|26
|
|t:|1779644055
|-terastallize|p1a: Raging Bolt|Flying
|move|p2a: Latios|Luster Purge|p1a: Raging Bolt
|-damage|p1a: Raging Bolt|61/100
|move|p1a: Raging Bolt|Dragon Pulse|p2a: Latios
|-supereffective|p2a: Latios
|-damage|p2a: Latios|7/100
|
|upkeep
|turn|27
|
|t:|1779644060
|move|p1a: Raging Bolt|Thunderclap|p2a: Latios
|-resisted|p2a: Latios
|-damage|p2a: Latios|0 fnt
|faint|p2a: Latios
|
|upkeep
|
|t:|1779644063
|switch|p2a: Great Tusk|Great Tusk|100/100
|turn|28
|
|t:|1779644068
|move|p2a: Great Tusk|Head Smash|p1a: Raging Bolt
|-supereffective|p1a: Raging Bolt
|-damage|p1a: Raging Bolt|0 fnt
|faint|p1a: Raging Bolt
|-end|p1a: Raging Bolt|Protosynthesis|[silent]
|-damage|p2a: Great Tusk|63/100|[from] Recoil
|
|upkeep
|
|t:|1779644071
|switch|p1a: Hatterene|Hatterene, F|16/100
|turn|29
|
|t:|1779644073
|move|p2a: Great Tusk|Headlong Rush|p1a: Hatterene
|-damage|p1a: Hatterene|0 fnt
|-unboost|p2a: Great Tusk|def|1
|-unboost|p2a: Great Tusk|spd|1
|faint|p1a: Hatterene
|
|win|Trail one
|raw|my 100lb pug's rating: 1669 &rarr; <strong>1648</strong><br />(-21 for losing)
|raw|Trail one's rating: 1655 &rarr; <strong>1676</strong><br />(+21 for winning)
|l|☆my 100lb pug
|player|p1|
|l|☆Trail one
|player|p2|
