|j|☆ianbenkenobi
|j|☆claudechamp
|t:|1779715157
|gametype|singles
|player|p1|ianbenkenobi|chuck|1214
|player|p2|claudechamp|102|1176
|gen|9
|tier|[Gen 9] OU
|rated|
|rule|HP Percentage Mod: HP is shown in percentages
|rule|Endless Battle Clause: Forcing endless battles is banned
|rule|Species Clause: Limit one of each Pokémon
|rule|OHKO Clause: OHKO moves are banned
|rule|Evasion Items Clause: Evasion items are banned
|rule|Evasion Moves Clause: Evasion moves are banned
|rule|Evasion Abilities Clause: Evasion abilities are banned
|rule|Sleep Moves Clause: Sleep-inducing moves are banned
|clearpoke
|poke|p1|Lapras, F|
|poke|p1|Weezing-Galar, M|
|poke|p1|Hawlucha, M|
|poke|p1|Darkrai|
|poke|p1|Latios, M|
|poke|p1|Blissey, F|
|poke|p2|Gliscor, F|
|poke|p2|Gholdengo|
|poke|p2|Zamazenta-*|
|poke|p2|Blissey, F|
|poke|p2|Skarmory, M|
|poke|p2|Pecharunt|
|teampreview
|c|☆claudechamp|hf
|inactive|Battle timer is ON: inactive players will automatically lose when time's up. (requested by claudechamp)
|
|t:|1779715165
|teamsize|p1|6
|teamsize|p2|6
|start
|switch|p1a: Blissey|Blissey, F|100/100
|switch|p2a: Skarmory|Skarmory, M|100/100
|turn|1
|
|t:|1779715172
|move|p2a: Skarmory|Spikes|p1a: Blissey
|-sidestart|p1: ianbenkenobi|Spikes
|move|p1a: Blissey|Flamethrower|p2a: Skarmory
|-supereffective|p2a: Skarmory
|-damage|p2a: Skarmory|34/100
|
|upkeep
|turn|2
|
|t:|1779715177
|move|p2a: Skarmory|Roost|p2a: Skarmory
|-heal|p2a: Skarmory|84/100
|-singleturn|p2a: Skarmory|move: Roost
|move|p1a: Blissey|Flamethrower|p2a: Skarmory
|-supereffective|p2a: Skarmory
|-damage|p2a: Skarmory|15/100
|
|upkeep
|turn|3
|
|t:|1779715180
|move|p2a: Skarmory|Body Press|p1a: Blissey
|-supereffective|p1a: Blissey
|-damage|p1a: Blissey|40/100
|move|p1a: Blissey|Flamethrower|p2a: Skarmory
|-supereffective|p2a: Skarmory
|-damage|p2a: Skarmory|0 fnt
|faint|p2a: Skarmory
|
|-heal|p1a: Blissey|46/100|[from] item: Leftovers
|upkeep
|
|t:|1779715185
|switch|p2a: Zamazenta|Zamazenta|100/100
|-ability|p2a: Zamazenta|Dauntless Shield|boost
|-boost|p2a: Zamazenta|def|1
|turn|4
|
|t:|1779715193
|switch|p1a: Weezing|Weezing-Galar, M|100/100
|move|p2a: Zamazenta|Close Combat|p1a: Weezing
|-resisted|p1a: Weezing
|-damage|p1a: Weezing|85/100
|-unboost|p2a: Zamazenta|def|1
|-unboost|p2a: Zamazenta|spd|1
|
|-heal|p1a: Weezing|91/100|[from] item: Leftovers
|upkeep
|turn|5
|
|t:|1779715196
|switch|p2a: Gholdengo|Gholdengo|100/100
|move|p1a: Weezing|Will-O-Wisp|p2a: Gholdengo
|-immune|p2a: Gholdengo|[from] ability: Good as Gold
|
|-heal|p1a: Weezing|97/100|[from] item: Leftovers
|upkeep
|turn|6
|
|t:|1779715199
|move|p2a: Gholdengo|Thunder Wave|p1a: Weezing
|-status|p1a: Weezing|par
|move|p1a: Weezing|Flamethrower|p2a: Gholdengo
|-supereffective|p2a: Gholdengo
|-damage|p2a: Gholdengo|46/100
|
|-heal|p1a: Weezing|100/100 par|[from] item: Leftovers
|upkeep
|turn|7
|
|t:|1779715203
|switch|p1a: Blissey|Blissey, F|46/100
|-damage|p1a: Blissey|34/100|[from] Spikes
|move|p2a: Gholdengo|Recover|p2a: Gholdengo
|-heal|p2a: Gholdengo|96/100
|
|-heal|p1a: Blissey|40/100|[from] item: Leftovers
|upkeep
|turn|8
|
|t:|1779715207
|switch|p2a: Zamazenta|Zamazenta|100/100
|move|p1a: Blissey|Flamethrower|p2a: Zamazenta
|-damage|p2a: Zamazenta|79/100
|
|-heal|p1a: Blissey|46/100|[from] item: Leftovers
|upkeep
|turn|9
|
|t:|1779715211
|move|p2a: Zamazenta|Close Combat|p1a: Blissey
|-supereffective|p1a: Blissey
|-crit|p1a: Blissey
|-damage|p1a: Blissey|0 fnt
|-unboost|p2a: Zamazenta|def|1
|-unboost|p2a: Zamazenta|spd|1
|faint|p1a: Blissey
|
|upkeep
|
|t:|1779715217
|switch|p1a: Latios|Latios, M|100/100
|turn|10
|
|t:|1779715221
|move|p2a: Zamazenta|Heavy Slam|p1a: Latios
|-damage|p1a: Latios|71/100
|move|p1a: Latios|Dragon Dance|p1a: Latios
|-boost|p1a: Latios|atk|1
|-boost|p1a: Latios|spe|1
|
|-heal|p1a: Latios|77/100|[from] item: Leftovers
|upkeep
|turn|11
|
|t:|1779715226
|switch|p2a: Gliscor|Gliscor, F|100/100
|move|p1a: Latios|Psychic|p2a: Gliscor
|-damage|p2a: Gliscor|66/100
|
|-heal|p1a: Latios|83/100|[from] item: Leftovers
|-status|p2a: Gliscor|tox|[from] item: Toxic Orb
|upkeep
|turn|12
|
|t:|1779715232
|move|p1a: Latios|Psychic|p2a: Gliscor
|-damage|p2a: Gliscor|31/100 tox
|-unboost|p2a: Gliscor|spd|1
|move|p2a: Gliscor|Knock Off|p1a: Latios
|-supereffective|p1a: Latios
|-damage|p1a: Latios|35/100
|-enditem|p1a: Latios|Leftovers|[from] move: Knock Off|[of] p2a: Gliscor
|
|-heal|p2a: Gliscor|43/100 tox|[from] ability: Poison Heal
|upkeep
|turn|13
|
|t:|1779715235
|switch|p2a: Gholdengo|Gholdengo|96/100
|move|p1a: Latios|Psychic|p2a: Gholdengo
|-resisted|p2a: Gholdengo
|-damage|p2a: Gholdengo|76/100
|
|upkeep
|turn|14
|
|t:|1779715242
|move|p1a: Latios|Earthquake|p2a: Gholdengo
|-supereffective|p2a: Gholdengo
|-damage|p2a: Gholdengo|7/100
|move|p2a: Gholdengo|Hex|p1a: Latios
|-supereffective|p1a: Latios
|-damage|p1a: Latios|0 fnt
|faint|p1a: Latios
|
|upkeep
|
|t:|1779715250
|switch|p1a: Darkrai|Darkrai|100/100
|-damage|p1a: Darkrai|88/100|[from] Spikes
|turn|15
|
|t:|1779715257
|move|p1a: Darkrai|Knock Off|p2a: Gholdengo
|-supereffective|p2a: Gholdengo
|-damage|p2a: Gholdengo|0 fnt
|-enditem|p2a: Gholdengo|Ability Shield|[from] move: Knock Off|[of] p1a: Darkrai
|faint|p2a: Gholdengo
|
|-heal|p1a: Darkrai|94/100|[from] item: Leftovers
|upkeep
|
|t:|1779715262
|switch|p2a: Gliscor|Gliscor, F|43/100 tox
|turn|16
|
|t:|1779715269
|move|p2a: Gliscor|Protect|p2a: Gliscor
|-singleturn|p2a: Gliscor|Protect
|move|p1a: Darkrai|Knock Off|p2a: Gliscor
|-activate|p2a: Gliscor|move: Protect
|
|-heal|p1a: Darkrai|99/100|[from] item: Leftovers
|-heal|p2a: Gliscor|56/100 tox|[from] ability: Poison Heal
|upkeep
|turn|17
|
|t:|1779715272
|move|p1a: Darkrai|Knock Off|p2a: Gliscor
|-damage|p2a: Gliscor|20/100 tox
|-enditem|p2a: Gliscor|Toxic Orb|[from] move: Knock Off|[of] p1a: Darkrai
|move|p2a: Gliscor|Swords Dance|p2a: Gliscor
|-boost|p2a: Gliscor|atk|2
|
|-heal|p1a: Darkrai|100/100|[from] item: Leftovers
|-heal|p2a: Gliscor|32/100 tox|[from] ability: Poison Heal
|upkeep
|turn|18
|
|t:|1779715276
|move|p2a: Gliscor|Protect|p2a: Gliscor
|-singleturn|p2a: Gliscor|Protect
|move|p1a: Darkrai|Swords Dance|p1a: Darkrai
|-boost|p1a: Darkrai|atk|2
|
|-heal|p2a: Gliscor|45/100 tox|[from] ability: Poison Heal
|upkeep
|turn|19
|
|t:|1779715288
|move|p1a: Darkrai|Knock Off|p2a: Gliscor
|-damage|p2a: Gliscor|0 fnt
|faint|p2a: Gliscor
|
|upkeep
|
|t:|1779715292
|switch|p2a: Zamazenta|Zamazenta|79/100
|turn|20
|
|t:|1779715298
|-terastallize|p1a: Darkrai|Fighting
|move|p2a: Zamazenta|Close Combat|p1a: Darkrai
|-damage|p1a: Darkrai|28/100
|-unboost|p2a: Zamazenta|def|1
|-unboost|p2a: Zamazenta|spd|1
|move|p1a: Darkrai|Drain Punch|p2a: Zamazenta
|-crit|p2a: Zamazenta
|-damage|p2a: Zamazenta|0 fnt
|-heal|p1a: Darkrai|73/100|[from] drain|[of] p2a: Zamazenta
|faint|p2a: Zamazenta
|
|-heal|p1a: Darkrai|79/100|[from] item: Leftovers
|upkeep
|
|t:|1779715301
|switch|p2a: Pecharunt|Pecharunt|100/100
|turn|21
|
|t:|1779715314
|-terastallize|p2a: Pecharunt|Fairy
|move|p1a: Darkrai|Knock Off|p2a: Pecharunt
|-resisted|p2a: Pecharunt
|-damage|p2a: Pecharunt|80/100
|-enditem|p2a: Pecharunt|Heavy-Duty Boots|[from] move: Knock Off|[of] p1a: Darkrai
|move|p2a: Pecharunt|Toxic|p1a: Darkrai
|-status|p1a: Darkrai|tox
|-start|p1a: Darkrai|confusion|[from] ability: Poison Puppeteer|[of] p2a: Pecharunt
|
|-heal|p1a: Darkrai|85/100 tox|[from] item: Leftovers
|-damage|p1a: Darkrai|79/100 tox|[from] psn
|upkeep
|turn|22
|
|t:|1779715320
|-activate|p1a: Darkrai|confusion
|move|p1a: Darkrai|Drain Punch|p2a: Pecharunt
|-resisted|p2a: Pecharunt
|-crit|p2a: Pecharunt
|-damage|p2a: Pecharunt|55/100
|-heal|p1a: Darkrai|96/100 tox|[from] drain|[of] p2a: Pecharunt
|move|p2a: Pecharunt|Shadow Ball|p1a: Darkrai
|-damage|p1a: Darkrai|62/100 tox
|
|-heal|p1a: Darkrai|68/100 tox|[from] item: Leftovers
|-damage|p1a: Darkrai|56/100 tox|[from] psn
|upkeep
|turn|23
|
|t:|1779715326
|-activate|p1a: Darkrai|confusion
|move|p1a: Darkrai|Drain Punch|p2a: Pecharunt
|-resisted|p2a: Pecharunt
|-damage|p2a: Pecharunt|38/100
|-heal|p1a: Darkrai|67/100 tox|[from] drain|[of] p2a: Pecharunt
|move|p2a: Pecharunt|Shadow Ball|p1a: Darkrai
|-damage|p1a: Darkrai|35/100 tox
|
|-heal|p1a: Darkrai|41/100 tox|[from] item: Leftovers
|-damage|p1a: Darkrai|23/100 tox|[from] psn
|upkeep
|turn|24
|
|t:|1779715331
|-activate|p1a: Darkrai|confusion
|-damage|p1a: Darkrai|0 fnt|[from] confusion
|faint|p1a: Darkrai
|move|p2a: Pecharunt|Recover|p2a: Pecharunt
|-heal|p2a: Pecharunt|88/100
|
|upkeep
|
|t:|1779715338
|switch|p1a: Weezing|Weezing-Galar, M|100/100 par
|turn|25
|
|t:|1779715344
|move|p2a: Pecharunt|Parting Shot|p1a: Weezing
|-unboost|p1a: Weezing|atk|1
|-unboost|p1a: Weezing|spa|1
|
|t:|1779715348
|switch|p2a: Blissey|Blissey, F|100/100|[from] Parting Shot
|cant|p1a: Weezing|par
|
|upkeep
|turn|26
|
|t:|1779715358
|switch|p1a: Comeback Kid|Hawlucha, M, shiny|100/100
|move|p2a: Blissey|Calm Mind|p2a: Blissey
|-boost|p2a: Blissey|spa|1
|-boost|p2a: Blissey|spd|1
|
|upkeep
|turn|27
|
|t:|1779715363
|move|p1a: Comeback Kid|Encore|p2a: Blissey
|-start|p2a: Blissey|Encore
|move|p2a: Blissey|Calm Mind|p2a: Blissey
|-boost|p2a: Blissey|spa|1
|-boost|p2a: Blissey|spd|1
|
|upkeep
|turn|28
|
|t:|1779715369
|switch|p2a: Pecharunt|Pecharunt, tera:Fairy|88/100
|move|p1a: Comeback Kid|Close Combat|p2a: Pecharunt
|-resisted|p2a: Pecharunt
|-damage|p2a: Pecharunt|76/100
|-unboost|p1a: Comeback Kid|def|1
|-unboost|p1a: Comeback Kid|spd|1
|-enditem|p1a: Comeback Kid|White Herb
|-clearnegativeboost|p1a: Comeback Kid|[silent]
|
|upkeep
|turn|29
|
|t:|1779715379
|move|p1a: Comeback Kid|Swords Dance|p1a: Comeback Kid
|-boost|p1a: Comeback Kid|atk|2
|move|p2a: Pecharunt|Shadow Ball|p1a: Comeback Kid
|-damage|p1a: Comeback Kid|65/100
|-unboost|p1a: Comeback Kid|spd|1
|
|upkeep
|turn|30
|
|t:|1779715385
|move|p1a: Comeback Kid|Acrobatics|p2a: Pecharunt
|-damage|p2a: Pecharunt|26/100
|move|p2a: Pecharunt|Shadow Ball|p1a: Comeback Kid
|-damage|p1a: Comeback Kid|12/100
|
|upkeep
|turn|31
|
|t:|1779715394
|move|p1a: Comeback Kid|Acrobatics|p2a: Pecharunt
|-damage|p2a: Pecharunt|0 fnt
|faint|p2a: Pecharunt
|
|upkeep
|
|t:|1779715402
|switch|p2a: Blissey|Blissey, F|100/100
|turn|32
|
|t:|1779715406
|move|p1a: Comeback Kid|Close Combat|p2a: Blissey
|-supereffective|p2a: Blissey
|-damage|p2a: Blissey|0 fnt
|-unboost|p1a: Comeback Kid|def|1
|-unboost|p1a: Comeback Kid|spd|1
|faint|p2a: Blissey
|
|win|ianbenkenobi
|raw|ianbenkenobi's rating: 1214 &rarr; <strong>1234</strong><br />(+20 for winning)
|raw|claudechamp's rating: 1144 &rarr; <strong>1124</strong><br />(-20 for losing)
|c|☆claudechamp|gg
