|j|☆bradfish1761
|j|☆Death Deal
|t:|1779645407
|gametype|singles
|player|p1|bradfish1761|elesa|1080
|player|p2|Death Deal|caitlin|1128
|gen|9
|tier|[Gen 9] OU
|rated|
|rule|HP Percentage Mod: HP is shown in percentages
|rule|Endless Battle Clause: Forcing endless battles is banned
|rule|Species Clause: Limit one of each Pokémon
|rule|OHKO Clause: OHKO moves are banned
|rule|Evasion Items Clause: Evasion items are banned
|rule|Evasion Moves Clause: Evasion moves are banned
|rule|Evasion Abilities Clause: Evasion abilities are banned
|rule|Sleep Moves Clause: Sleep-inducing moves are banned
|clearpoke
|poke|p1|Electrode-Hisui|
|poke|p1|Pelipper, F|
|poke|p1|Garganacl, M|
|poke|p1|Gholdengo|
|poke|p1|Cinderace, M|
|poke|p1|Zamazenta-*|
|poke|p2|Ogerpon, F|
|poke|p2|Heatran, M|
|poke|p2|Keldeo-Resolute|
|poke|p2|Weezing-Galar, M|
|poke|p2|Iron Crown|
|poke|p2|Zamazenta-*|
|teampreview
|inactive|Battle timer is ON: inactive players will automatically lose when time's up. (requested by Death Deal)
|inactive|bradfish1761 also wants the timer to be on.
|
|t:|1779645426
|teamsize|p1|6
|teamsize|p2|6
|start
|switch|p1a: Pelipper|Pelipper, F|100/100
|switch|p2a: Doug Dimmadome|Weezing-Galar, M|100/100
|-weather|RainDance|[from] ability: Drizzle|[of] p1a: Pelipper
|turn|1
|
|t:|1779645436
|move|p2a: Doug Dimmadome|Toxic Spikes|p1a: Pelipper
|-sidestart|p1: bradfish1761|move: Toxic Spikes
|move|p1a: Pelipper|Hurricane|p2a: Doug Dimmadome
|-crit|p2a: Doug Dimmadome
|-damage|p2a: Doug Dimmadome|0 fnt
|faint|p2a: Doug Dimmadome
|
|-weather|RainDance|[upkeep]
|upkeep
|
|t:|1779645464
|switch|p2a: Demon|Iron Crown|100/100
|turn|2
|c|☆bradfish1761|Pepliper locked in
|
|t:|1779645474
|move|p2a: Demon|Future Sight|p1a: Pelipper
|-start|p2a: Demon|move: Future Sight
|move|p1a: Pelipper|Weather Ball|p2a: Demon
|-damage|p2a: Demon|56/100
|
|-weather|RainDance|[upkeep]
|upkeep
|turn|3
|inactive|Death Deal has 120 seconds left.
|c|☆Death Deal|I wont lose here!
|
|t:|1779645508
|move|p2a: Demon|Volt Switch|p1a: Pelipper
|-supereffective|p1a: Pelipper
|-damage|p1a: Pelipper|0 fnt
|faint|p1a: Pelipper
|
|t:|1779645526
|-end|p2a: Demon|Quark Drive|[silent]
|switch|p2a: Nelliel Tu|Keldeo-Resolute|100/100|[from] Volt Switch
|
|-weather|RainDance|[upkeep]
|upkeep
|
|t:|1779645529
|switch|p1a: Electrode|Electrode-Hisui|100/100
|-status|p1a: Electrode|psn
|turn|4
|
|t:|1779645532
|switch|p2a: Weed (strong)|Ogerpon, F|100/100
|-terastallize|p1a: Electrode|Electric
|move|p1a: Electrode|Volt Switch|p2a: Weed (strong)
|-resisted|p2a: Weed (strong)
|-damage|p2a: Weed (strong)|65/100
|
|t:|1779645541
|switch|p1a: Cinderace|Cinderace, M|100/100|[from] Volt Switch
|
|-weather|RainDance|[upkeep]
|-end|p1a: Cinderace|move: Future Sight
|-damage|p1a: Cinderace|13/100
|upkeep
|turn|5
|
|t:|1779645549
|move|p1a: Cinderace|Court Change|p1a: Cinderace
|-start|p1a: Cinderace|typechange|Normal|[from] ability: Libero
|-swapsideconditions
|-activate|p1a: Cinderace|move: Court Change
|move|p2a: Weed (strong)|U-turn|p1a: Cinderace
|-damage|p1a: Cinderace|0 fnt
|faint|p1a: Cinderace
|inactive|Death Deal has 120 seconds left.
|
|t:|1779645579
|switch|p2a: Demon|Iron Crown|56/100|[from] U-turn
|
|-weather|RainDance|[upkeep]
|upkeep
|
|t:|1779645582
|switch|p1a: Electrode|Electrode-Hisui, tera:Electric|100/100 psn
|turn|6
|
|t:|1779645589
|move|p1a: Electrode|Thunder|p2a: Demon
|-damage|p2a: Demon|0 fnt
|faint|p2a: Demon
|-end|p2a: Demon|Quark Drive|[silent]
|
|-weather|RainDance|[upkeep]
|-damage|p1a: Electrode|88/100 psn|[from] psn
|upkeep
|
|t:|1779645594
|switch|p2a: Weed (strong)|Ogerpon, F|65/100
|turn|7
|inactive|Death Deal has 120 seconds left.
|
|t:|1779645604
|switch|p1a: Gholdengo|Gholdengo|100/100
|move|p2a: Weed (strong)|U-turn|p1a: Gholdengo
|-resisted|p1a: Gholdengo
|-damage|p1a: Gholdengo|94/100
|inactive|Death Deal has 120 seconds left.
|
|t:|1779645626
|switch|p2a: Nelliel Tu|Keldeo-Resolute|100/100|[from] U-turn
|-status|p2a: Nelliel Tu|psn
|
|-weather|RainDance|[upkeep]
|-damage|p2a: Nelliel Tu|88/100 psn|[from] psn
|upkeep
|turn|8
|
|t:|1779645629
|move|p1a: Gholdengo|Thunder|p2a: Nelliel Tu
|-supereffective|p2a: Nelliel Tu
|-damage|p2a: Nelliel Tu|0 fnt
|faint|p2a: Nelliel Tu
|
|-weather|none
|upkeep
|c|☆Death Deal|bro
|c|☆Death Deal|lol
|
|t:|1779645638
|switch|p2a: Cruel Sun|Heatran, M, shiny|100/100
|turn|9
|
|t:|1779645647
|switch|p1a: Garganacl|Garganacl, M|100/100
|move|p2a: Cruel Sun|Magma Storm|p1a: Garganacl|[miss]
|-miss|p2a: Cruel Sun|p1a: Garganacl
|
|upkeep
|turn|10
|
|t:|1779645656
|switch|p2a: Weed (strong)|Ogerpon, F|65/100
|move|p1a: Garganacl|Stealth Rock|p2a: Weed (strong)
|-sidestart|p2: Death Deal|move: Stealth Rock
|
|upkeep
|turn|11
|
|t:|1779645664
|switch|p1a: Gholdengo|Gholdengo|94/100
|move|p2a: Weed (strong)|Ivy Cudgel|p1a: Gholdengo
|-resisted|p1a: Gholdengo
|-damage|p1a: Gholdengo|67/100
|
|upkeep
|turn|12
|
|t:|1779645673
|move|p1a: Gholdengo|Shadow Ball|p2a: Weed (strong)
|-damage|p2a: Weed (strong)|10/100
|move|p2a: Weed (strong)|Swords Dance|p2a: Weed (strong)
|-boost|p2a: Weed (strong)|atk|2
|
|upkeep
|turn|13
|
|t:|1779645683
|move|p1a: Gholdengo|Shadow Ball|p2a: Weed (strong)
|-damage|p2a: Weed (strong)|0 fnt
|faint|p2a: Weed (strong)
|
|upkeep
|
|t:|1779645685
|switch|p2a: Cruel Sun|Heatran, M, shiny|100/100
|-damage|p2a: Cruel Sun|88/100|[from] Stealth Rock
|turn|14
|
|t:|1779645689
|move|p1a: Gholdengo|Shadow Ball|p2a: Cruel Sun
|-damage|p2a: Cruel Sun|64/100
|move|p2a: Cruel Sun|Magma Storm|p1a: Gholdengo|[miss]
|-miss|p2a: Cruel Sun|p1a: Gholdengo
|
|upkeep
|turn|15
|c|☆Death Deal|the game is literally helping you win
|c|☆Death Deal|fuck this shit
|c|☆bradfish1761|Dodge god gholdengo
|c|☆Death Deal|im the better player with the better team but bull shit luck helps you
|inactive|Death Deal has 120 seconds left.
|
|t:|1779645728
|move|p1a: Gholdengo|Shadow Ball|p2a: Cruel Sun
|-damage|p2a: Cruel Sun|40/100
|move|p2a: Cruel Sun|Magma Storm|p1a: Gholdengo
|-supereffective|p1a: Gholdengo
|-damage|p1a: Gholdengo|0 fnt
|faint|p1a: Gholdengo
|
|upkeep
|c|☆bradfish1761|Sure bro
|
|t:|1779645738
|switch|p1a: Zamazenta|Zamazenta|100/100
|-ability|p1a: Zamazenta|Dauntless Shield|boost
|-boost|p1a: Zamazenta|def|1
|turn|16
|inactive|Death Deal has 120 seconds left.
|c|☆Death Deal|my main is 1500's ELO
|c|☆Death Deal|you got lucky
|c|☆Death Deal|congrats bitch
|
|t:|1779645765
|move|p1a: Zamazenta|Body Press|p2a: Cruel Sun
|-supereffective|p2a: Cruel Sun
|-damage|p2a: Cruel Sun|0 fnt
|faint|p2a: Cruel Sun
|
|upkeep
|
|t:|1779645768
|switch|p2a: Wat Da Dog Doin?|Zamazenta, shiny|100/100
|-status|p2a: Wat Da Dog Doin?|psn
|-damage|p2a: Wat Da Dog Doin?|94/100 psn|[from] Stealth Rock
|-ability|p2a: Wat Da Dog Doin?|Dauntless Shield|boost
|-boost|p2a: Wat Da Dog Doin?|def|1
|turn|17
|
|t:|1779645777
|-terastallize|p2a: Wat Da Dog Doin?|Fighting
|move|p1a: Zamazenta|Iron Defense|p1a: Zamazenta
|-boost|p1a: Zamazenta|def|2
|move|p2a: Wat Da Dog Doin?|Close Combat|p1a: Zamazenta
|-damage|p1a: Zamazenta|65/100
|-unboost|p2a: Wat Da Dog Doin?|def|1
|-unboost|p2a: Wat Da Dog Doin?|spd|1
|
|-heal|p1a: Zamazenta|72/100|[from] item: Leftovers
|-damage|p2a: Wat Da Dog Doin?|82/100 psn|[from] psn
|upkeep
|turn|18
|inactive|Death Deal has 120 seconds left.
|-message|Death Deal forfeited.
|
|win|bradfish1761
|raw|bradfish1761's rating: 1080 &rarr; <strong>1112</strong><br />(+32 for winning)
|raw|Death Deal's rating: 1128 &rarr; <strong>1100</strong><br />(-28 for losing)
|l|☆Death Deal
|player|p2|
