|j|☆Yukinoshitafan1234
|j|☆drkoalla123
|t:|1779630267
|gametype|singles
|player|p1|Yukinoshitafan1234|ghetsis|1121
|player|p2|drkoalla123|red|1130
|gen|9
|tier|[Gen 9] OU
|rated|
|rule|HP Percentage Mod: HP is shown in percentages
|rule|Endless Battle Clause: Forcing endless battles is banned
|rule|Species Clause: Limit one of each Pokémon
|rule|OHKO Clause: OHKO moves are banned
|rule|Evasion Items Clause: Evasion items are banned
|rule|Evasion Moves Clause: Evasion moves are banned
|rule|Evasion Abilities Clause: Evasion abilities are banned
|rule|Sleep Moves Clause: Sleep-inducing moves are banned
|clearpoke
|poke|p1|Pelipper, M|
|poke|p1|Regieleki|
|poke|p1|Dragonite, M|
|poke|p1|Thundurus-Therian, M|
|poke|p1|Araquanid, F|
|poke|p1|Barraskewda, F|
|poke|p2|Arcanine, M|
|poke|p2|Clodsire, M|
|poke|p2|Azumarill, F|
|poke|p2|Excadrill, F|
|poke|p2|Whiscash, M|
|poke|p2|Goodra-Hisui, F|
|teampreview
|
|t:|1779630277
|teamsize|p1|6
|teamsize|p2|6
|start
|switch|p1a: Barraskewda|Barraskewda, F|100/100
|switch|p2a: Whiscash|Whiscash, M, shiny|100/100
|turn|1
|inactive|Battle timer is ON: inactive players will automatically lose when time's up. (requested by drkoalla123)
|
|t:|1779630288
|switch|p1a: Araquanid|Araquanid, F|100/100
|move|p2a: Whiscash|Stealth Rock|p1a: Araquanid
|-sidestart|p1: Yukinoshitafan1234|move: Stealth Rock
|
|upkeep
|turn|2
|
|t:|1779630297
|switch|p2a: Clodsire|Clodsire, M|100/100
|move|p1a: Araquanid|Sticky Web|p2a: Clodsire
|-sidestart|p2: drkoalla123|move: Sticky Web
|
|upkeep
|turn|3
|
|t:|1779630313
|switch|p1a: Regieleki|Regieleki|100/100
|move|p2a: Clodsire|Toxic|p1a: Regieleki
|-status|p1a: Regieleki|tox
|
|-damage|p1a: Regieleki|95/100 tox|[from] psn
|upkeep
|turn|4
|
|t:|1779630319
|move|p1a: Regieleki|Rapid Spin|p2a: Clodsire
|-damage|p2a: Clodsire|89/100
|-boost|p1a: Regieleki|spe|1
|-sideend|p1: Yukinoshitafan1234|Stealth Rock|[from] move: Rapid Spin|[of] p1a: Regieleki
|move|p2a: Clodsire|Toxic Spikes|p1a: Regieleki
|-sidestart|p1: Yukinoshitafan1234|move: Toxic Spikes
|
|-heal|p2a: Clodsire|95/100|[from] item: Black Sludge
|-damage|p1a: Regieleki|83/100 tox|[from] psn
|upkeep
|turn|5
|
|t:|1779630337
|switch|p1a: Barraskewda|Barraskewda, F|100/100
|-status|p1a: Barraskewda|psn
|move|p2a: Clodsire|Toxic Spikes|p1a: Barraskewda
|-sidestart|p1: Yukinoshitafan1234|move: Toxic Spikes
|
|-heal|p2a: Clodsire|100/100|[from] item: Black Sludge
|-damage|p1a: Barraskewda|88/100 psn|[from] psn
|upkeep
|turn|6
|
|t:|1779630345
|move|p1a: Barraskewda|Drill Run|p2a: Clodsire
|-supereffective|p2a: Clodsire
|-damage|p2a: Clodsire|29/100
|move|p2a: Clodsire|Spikes|p1a: Barraskewda
|-sidestart|p1: Yukinoshitafan1234|Spikes
|
|-heal|p2a: Clodsire|36/100|[from] item: Black Sludge
|-damage|p1a: Barraskewda|76/100 psn|[from] psn
|upkeep
|turn|7
|
|t:|1779630348
|move|p1a: Barraskewda|Drill Run|p2a: Clodsire
|-supereffective|p2a: Clodsire
|-crit|p2a: Clodsire
|-damage|p2a: Clodsire|0 fnt
|faint|p2a: Clodsire
|
|-damage|p1a: Barraskewda|64/100 psn|[from] psn
|upkeep
|
|t:|1779630354
|switch|p2a: Excadrill|Excadrill, F, shiny|100/100
|-item|p2a: Excadrill|Air Balloon
|turn|8
|
|t:|1779630358
|switch|p1a: Pelipper|Pelipper, M|100/100
|-weather|RainDance|[from] ability: Drizzle|[of] p1a: Pelipper
|move|p2a: Excadrill|Rapid Spin|p1a: Pelipper
|-damage|p1a: Pelipper|82/100
|-boost|p2a: Excadrill|spe|1
|-sideend|p2: drkoalla123|Sticky Web|[from] move: Rapid Spin|[of] p2a: Excadrill
|
|-weather|RainDance|[upkeep]
|upkeep
|turn|9
|
|t:|1779630365
|move|p2a: Excadrill|Swords Dance|p2a: Excadrill
|-boost|p2a: Excadrill|atk|2
|move|p1a: Pelipper|Weather Ball|p2a: Excadrill
|-supereffective|p2a: Excadrill
|-damage|p2a: Excadrill|0 fnt
|-enditem|p2a: Excadrill|Air Balloon
|faint|p2a: Excadrill
|
|-weather|RainDance|[upkeep]
|upkeep
|
|t:|1779630374
|switch|p2a: Azumarill|Azumarill, F, shiny|100/100
|turn|10
|
|t:|1779630378
|move|p2a: Azumarill|Belly Drum|p2a: Azumarill
|-damage|p2a: Azumarill|50/100
|-setboost|p2a: Azumarill|atk|6|[from] move: Belly Drum
|move|p1a: Pelipper|Hurricane|p2a: Azumarill
|-damage|p2a: Azumarill|5/100
|
|-weather|RainDance|[upkeep]
|upkeep
|turn|11
|
|t:|1779630391
|-terastallize|p2a: Azumarill|Water
|move|p2a: Azumarill|Waterfall|p1a: Pelipper
|-resisted|p1a: Pelipper
|-damage|p1a: Pelipper|0 fnt
|faint|p1a: Pelipper
|
|-weather|RainDance|[upkeep]
|upkeep
|
|t:|1779630395
|switch|p1a: Regieleki|Regieleki|83/100 tox
|turn|12
|
|t:|1779630403
|move|p2a: Azumarill|Aqua Jet|p1a: Regieleki
|-damage|p1a: Regieleki|0 fnt
|faint|p1a: Regieleki
|
|-weather|none
|upkeep
|
|t:|1779630406
|switch|p1a: Dragonite|Dragonite, M|100/100
|turn|13
|
|t:|1779630409
|move|p1a: Dragonite|Extreme Speed|p2a: Azumarill
|-damage|p2a: Azumarill|0 fnt
|faint|p2a: Azumarill
|
|upkeep
|
|t:|1779630412
|switch|p2a: Whiscash|Whiscash, M, shiny|100/100
|turn|14
|
|t:|1779630422
|move|p2a: Whiscash|Blizzard|p1a: Dragonite|[miss]
|-miss|p2a: Whiscash|p1a: Dragonite
|move|p1a: Dragonite|Dragon Tail|p2a: Whiscash
|-damage|p2a: Whiscash|69/100
|drag|p2a: Goodra|Goodra-Hisui, F|100/100
|
|upkeep
|turn|15
|
|t:|1779630435
|switch|p1a: Araquanid|Araquanid, F|100/100
|move|p2a: Goodra|Ice Beam|p1a: Araquanid
|-resisted|p1a: Araquanid
|-damage|p1a: Araquanid|88/100
|
|upkeep
|turn|16
|
|t:|1779630442
|move|p1a: Araquanid|Sticky Web|p2a: Goodra
|-sidestart|p2: drkoalla123|move: Sticky Web
|move|p2a: Goodra|Dragon Tail|p1a: Araquanid
|-damage|p1a: Araquanid|68/100
|drag|p1a: Dragonite|Dragonite, M|100/100
|
|upkeep
|turn|17
|
|t:|1779630457
|-terastallize|p1a: Dragonite|Steel
|move|p1a: Dragonite|Dragon Dance|p1a: Dragonite
|-boost|p1a: Dragonite|atk|1
|-boost|p1a: Dragonite|spe|1
|move|p2a: Goodra|Ice Beam|p1a: Dragonite
|-resisted|p1a: Dragonite
|-damage|p1a: Dragonite|94/100
|
|upkeep
|turn|18
|
|t:|1779630462
|move|p2a: Goodra|Flamethrower|p1a: Dragonite
|-supereffective|p1a: Dragonite
|-damage|p1a: Dragonite|43/100
|move|p1a: Dragonite|Dragon Tail|p2a: Goodra|[miss]
|-miss|p1a: Dragonite|p2a: Goodra
|
|upkeep
|turn|19
|
|t:|1779630472
|move|p2a: Goodra|Flamethrower|p1a: Dragonite
|-supereffective|p1a: Dragonite
|-damage|p1a: Dragonite|0 fnt
|faint|p1a: Dragonite
|
|upkeep
|
|t:|1779630476
|switch|p1a: Barraskewda|Barraskewda, F|64/100 psn
|-damage|p1a: Barraskewda|51/100 psn|[from] Spikes
|turn|20
|
|t:|1779630482
|move|p1a: Barraskewda|Close Combat|p2a: Goodra
|-supereffective|p2a: Goodra
|-damage|p2a: Goodra|0 fnt
|-unboost|p1a: Barraskewda|def|1
|-unboost|p1a: Barraskewda|spd|1
|faint|p2a: Goodra
|
|-damage|p1a: Barraskewda|39/100 psn|[from] psn
|upkeep
|
|t:|1779630486
|switch|p2a: Whiscash|Whiscash, M, shiny|69/100
|turn|21
|
|t:|1779630489
|move|p1a: Barraskewda|Close Combat|p2a: Whiscash
|-damage|p2a: Whiscash|0 fnt
|-unboost|p1a: Barraskewda|def|1
|-unboost|p1a: Barraskewda|spd|1
|faint|p2a: Whiscash
|
|-damage|p1a: Barraskewda|27/100 psn|[from] psn
|upkeep
|
|t:|1779630492
|switch|p2a: Arcanine|Arcanine, M|100/100
|-activate|p2a: Arcanine|move: Sticky Web
|-unboost|p2a: Arcanine|spe|1
|turn|22
|
|t:|1779630500
|move|p2a: Arcanine|Extreme Speed|p1a: Barraskewda
|-damage|p1a: Barraskewda|0 fnt
|faint|p1a: Barraskewda
|-damage|p2a: Arcanine|91/100|[from] item: Life Orb
|
|upkeep
|
|t:|1779630503
|switch|p1a: Thundurus|Thundurus-Therian, M|100/100
|turn|23
|
|t:|1779630512
|move|p1a: Thundurus|Volt Switch|p2a: Arcanine
|-damage|p2a: Arcanine|41/100
|
|t:|1779630514
|switch|p1a: Araquanid|Araquanid, F|68/100|[from] Volt Switch
|move|p2a: Arcanine|Flame Charge|p1a: Araquanid
|-damage|p1a: Araquanid|54/100
|-boost|p2a: Arcanine|spe|1
|-damage|p2a: Arcanine|31/100|[from] item: Life Orb
|
|upkeep
|turn|24
|
|t:|1779630519
|move|p2a: Arcanine|Flare Blitz|p1a: Araquanid
|-damage|p1a: Araquanid|20/100
|-damage|p2a: Arcanine|20/100|[from] Recoil
|-damage|p2a: Arcanine|10/100|[from] item: Life Orb
|move|p1a: Araquanid|Liquidation|p2a: Arcanine
|-supereffective|p2a: Arcanine
|-damage|p2a: Arcanine|0 fnt
|faint|p2a: Arcanine
|
|win|Yukinoshitafan1234
|raw|Yukinoshitafan1234's rating: 1147 &rarr; <strong>1171</strong><br />(+24 for winning)
|raw|drkoalla123's rating: 1130 &rarr; <strong>1106</strong><br />(-24 for losing)
|l|☆drkoalla123
|player|p2|
|l|☆Yukinoshitafan1234
|player|p1|
