|j|☆sobklz
|j|☆heitorfofo
|t:|1779635775
|gametype|singles
|player|p1|sobklz|pokemaniac|
|player|p2|heitorfofo|steven|
|gen|9
|tier|[Gen 9] OU
|rule|HP Percentage Mod: HP is shown in percentages
|rule|Endless Battle Clause: Forcing endless battles is banned
|rule|Species Clause: Limit one of each Pokémon
|rule|OHKO Clause: OHKO moves are banned
|rule|Evasion Items Clause: Evasion items are banned
|rule|Evasion Moves Clause: Evasion moves are banned
|rule|Evasion Abilities Clause: Evasion abilities are banned
|rule|Sleep Moves Clause: Sleep-inducing moves are banned
|clearpoke
|poke|p1|Dragonite, F|
|poke|p1|Primarina, M|
|poke|p1|Zoroark, F|
|poke|p1|Quagsire, M|
|poke|p1|Tyranitar, M|
|poke|p1|Meowscarada, M|
|poke|p2|Swampert, F|
|poke|p2|Chandelure, M|
|poke|p2|Metagross|
|poke|p2|Slowbro, F|
|poke|p2|Gardevoir, F|
|poke|p2|Vivillon, F|
|teampreview
|
|t:|1779635787
|teamsize|p1|6
|teamsize|p2|6
|start
|switch|p1a: Meowscarada|Meowscarada, M, shiny|100/100
|switch|p2a: Metagross|Metagross|100/100
|turn|1
|
|t:|1779635798
|move|p1a: Meowscarada|Focus Blast|p2a: Metagross|[miss]
|-miss|p1a: Meowscarada|p2a: Metagross
|move|p2a: Metagross|Earthquake|p1a: Meowscarada
|-damage|p1a: Meowscarada|33/100
|replace|p1a: Zoroark|Zoroark, F
|-end|p1a: Zoroark|Illusion
|
|upkeep
|turn|2
|
|t:|1779635808
|move|p1a: Zoroark|Dark Pulse|p2a: Metagross
|-supereffective|p2a: Metagross
|-damage|p2a: Metagross|18/100
|move|p2a: Metagross|Ice Punch|p1a: Zoroark
|-damage|p1a: Zoroark|0 fnt
|faint|p1a: Zoroark
|
|-heal|p2a: Metagross|24/100|[from] item: Leftovers
|upkeep
|
|t:|1779635818
|switch|p1a: Meowscarada|Meowscarada, M, shiny|100/100
|turn|3
|
|t:|1779635838
|switch|p2a: Vivillon|Vivillon, F|100/100
|move|p1a: Meowscarada|Foul Play|p2a: Vivillon
|-damage|p2a: Vivillon|69/100
|
|-heal|p2a: Vivillon|75/100|[from] item: Leftovers
|upkeep
|turn|4
|
|t:|1779635847
|switch|p1a: Quagsire|Quagsire, M|100/100
|move|p2a: Vivillon|Bug Buzz|p1a: Quagsire
|-damage|p1a: Quagsire|53/100
|
|-heal|p2a: Vivillon|81/100|[from] item: Leftovers
|-heal|p1a: Quagsire|59/100|[from] item: Leftovers
|upkeep
|turn|5
|
|t:|1779635859
|move|p2a: Vivillon|Hurricane|p1a: Quagsire|[miss]
|-miss|p2a: Vivillon|p1a: Quagsire
|move|p1a: Quagsire|Blizzard|p2a: Vivillon
|-supereffective|p2a: Vivillon
|-damage|p2a: Vivillon|10/100
|-status|p2a: Vivillon|frz
|
|-heal|p2a: Vivillon|16/100 frz|[from] item: Leftovers
|-heal|p1a: Quagsire|65/100|[from] item: Leftovers
|upkeep
|turn|6
|
|t:|1779635872
|-curestatus|p2a: Vivillon|frz|[msg]
|move|p2a: Vivillon|Energy Ball|p1a: Quagsire
|-supereffective|p1a: Quagsire
|-damage|p1a: Quagsire|0 fnt
|faint|p1a: Quagsire
|
|-heal|p2a: Vivillon|22/100|[from] item: Leftovers
|upkeep
|
|t:|1779635882
|switch|p1a: Dragonite|Dragonite, F|100/100
|turn|7
|
|t:|1779635903
|move|p2a: Vivillon|Energy Ball|p1a: Dragonite
|-resisted|p1a: Dragonite
|-damage|p1a: Dragonite|94/100
|move|p1a: Dragonite|Earthquake|p2a: Vivillon
|-immune|p2a: Vivillon
|
|-heal|p2a: Vivillon|28/100|[from] item: Leftovers
|upkeep
|turn|8
|
|t:|1779635914
|move|p2a: Vivillon|Bug Buzz|p1a: Dragonite
|-resisted|p1a: Dragonite
|-damage|p1a: Dragonite|73/100
|move|p1a: Dragonite|Earthquake|p2a: Vivillon
|-immune|p2a: Vivillon
|
|-heal|p2a: Vivillon|34/100|[from] item: Leftovers
|upkeep
|turn|9
|
|t:|1779635928
|switch|p1a: Tyranitar|Tyranitar, M|100/100
|-weather|Sandstorm|[from] ability: Sand Stream|[of] p1a: Tyranitar
|move|p2a: Vivillon|Air Slash|p1a: Tyranitar
|-resisted|p1a: Tyranitar
|-damage|p1a: Tyranitar|92/100
|
|-weather|Sandstorm|[upkeep]
|-damage|p2a: Vivillon|28/100|[from] Sandstorm
|-heal|p2a: Vivillon|34/100|[from] item: Leftovers
|upkeep
|turn|10
|
|t:|1779635947
|move|p2a: Vivillon|Bug Buzz|p1a: Tyranitar
|-supereffective|p1a: Tyranitar
|-damage|p1a: Tyranitar|47/100
|move|p1a: Tyranitar|Fire Punch|p2a: Vivillon
|-supereffective|p2a: Vivillon
|-damage|p2a: Vivillon|0 fnt
|faint|p2a: Vivillon
|
|-weather|Sandstorm|[upkeep]
|upkeep
|
|t:|1779635961
|switch|p2a: Gardevoir|Gardevoir, F|100/100
|-ability|p2a: Gardevoir|Sand Stream|Trace|[from] ability: Trace|[of] p1a: Tyranitar
|turn|11
|
|t:|1779635971
|move|p2a: Gardevoir|Shadow Ball|p1a: Tyranitar
|-resisted|p1a: Tyranitar
|-damage|p1a: Tyranitar|38/100
|move|p1a: Tyranitar|Stealth Rock|p2a: Gardevoir
|-sidestart|p2: heitorfofo|move: Stealth Rock
|
|-weather|Sandstorm|[upkeep]
|-damage|p2a: Gardevoir|94/100|[from] Sandstorm
|upkeep
|turn|12
|
|t:|1779635981
|switch|p2a: Metagross|Metagross|24/100
|-damage|p2a: Metagross|18/100|[from] Stealth Rock
|move|p1a: Tyranitar|Stone Edge|p2a: Metagross|[miss]
|-miss|p1a: Tyranitar|p2a: Metagross
|
|-weather|Sandstorm|[upkeep]
|-heal|p2a: Metagross|24/100|[from] item: Leftovers
|upkeep
|turn|13
|
|t:|1779635996
|move|p1a: Tyranitar|Fire Punch|p2a: Metagross
|-supereffective|p2a: Metagross
|-damage|p2a: Metagross|0 fnt
|faint|p2a: Metagross
|
|-weather|none
|upkeep
|
|t:|1779636018
|switch|p2a: Swampert|Swampert, F|100/100
|-damage|p2a: Swampert|94/100|[from] Stealth Rock
|turn|14
|
|t:|1779636030
|move|p1a: Tyranitar|Dragon Claw|p2a: Swampert
|-damage|p2a: Swampert|59/100
|move|p2a: Swampert|Stealth Rock|p1a: Tyranitar
|-sidestart|p1: sobklz|move: Stealth Rock
|
|upkeep
|turn|15
|
|t:|1779636039
|-terastallize|p2a: Swampert|Water
|move|p1a: Tyranitar|Dragon Claw|p2a: Swampert
|-damage|p2a: Swampert|26/100
|move|p2a: Swampert|Waterfall|p1a: Tyranitar
|-supereffective|p1a: Tyranitar
|-damage|p1a: Tyranitar|0 fnt
|faint|p1a: Tyranitar
|
|upkeep
|
|t:|1779636050
|switch|p1a: Meowscarada|Meowscarada, M, shiny|100/100
|-damage|p1a: Meowscarada|88/100|[from] Stealth Rock
|turn|16
|
|t:|1779636059
|switch|p2a: Chandelure|Chandelure, M|100/100
|-damage|p2a: Chandelure|75/100|[from] Stealth Rock
|move|p1a: Meowscarada|Energy Ball|p2a: Chandelure
|-resisted|p2a: Chandelure
|-damage|p2a: Chandelure|56/100
|
|upkeep
|turn|17
|
|t:|1779636070
|switch|p1a: Primarina|Primarina, M|100/100
|-damage|p1a: Primarina|88/100|[from] Stealth Rock
|move|p2a: Chandelure|Flare Blitz|p1a: Primarina
|-resisted|p1a: Primarina
|-damage|p1a: Primarina|71/100
|-damage|p2a: Chandelure|50/100|[from] Recoil
|
|upkeep
|turn|18
|
|t:|1779636085
|switch|p2a: Slowbro|Slowbro, F|100/100
|-damage|p2a: Slowbro|88/100|[from] Stealth Rock
|-terastallize|p1a: Primarina|Water
|move|p1a: Primarina|Hydro Pump|p2a: Slowbro
|-resisted|p2a: Slowbro
|-damage|p2a: Slowbro|26/100
|
|-heal|p2a: Slowbro|32/100|[from] item: Leftovers
|upkeep
|turn|19
|
|t:|1779636100
|move|p1a: Primarina|Hydro Pump|p2a: Slowbro
|-resisted|p2a: Slowbro
|-damage|p2a: Slowbro|0 fnt
|faint|p2a: Slowbro
|
|upkeep
|
|t:|1779636109
|switch|p2a: Gardevoir|Gardevoir, F|94/100
|-damage|p2a: Gardevoir|82/100|[from] Stealth Rock
|-ability|p2a: Gardevoir|Torrent|Trace|[from] ability: Trace|[of] p1a: Primarina
|turn|20
|
|t:|1779636121
|move|p2a: Gardevoir|Thunderbolt|p1a: Primarina
|-supereffective|p1a: Primarina
|-damage|p1a: Primarina|10/100
|move|p1a: Primarina|Hydro Pump|p2a: Gardevoir
|-damage|p2a: Gardevoir|0 fnt
|faint|p2a: Gardevoir
|
|upkeep
|
|t:|1779636129
|switch|p2a: Swampert|Swampert, F, tera:Water|26/100
|-damage|p2a: Swampert|13/100|[from] Stealth Rock
|turn|21
|
|t:|1779636136
|move|p1a: Primarina|Hydro Pump|p2a: Swampert|[miss]
|-miss|p1a: Primarina|p2a: Swampert
|move|p2a: Swampert|Earthquake|p1a: Primarina
|-crit|p1a: Primarina
|-damage|p1a: Primarina|0 fnt
|faint|p1a: Primarina
|
|upkeep
|
|t:|1779636145
|switch|p1a: Meowscarada|Meowscarada, M, shiny|88/100
|-damage|p1a: Meowscarada|76/100|[from] Stealth Rock
|turn|22
|
|t:|1779636151
|switch|p2a: Chandelure|Chandelure, M|50/100
|-damage|p2a: Chandelure|25/100|[from] Stealth Rock
|move|p1a: Meowscarada|Aura Sphere|p2a: Chandelure
|-immune|p2a: Chandelure
|
|upkeep
|turn|23
|
|t:|1779636161
|switch|p1a: Dragonite|Dragonite, F|73/100
|-damage|p1a: Dragonite|48/100|[from] Stealth Rock
|move|p2a: Chandelure|Flare Blitz|p1a: Dragonite
|-resisted|p1a: Dragonite
|-damage|p1a: Dragonite|34/100
|-damage|p2a: Chandelure|21/100|[from] Recoil
|
|upkeep
|turn|24
|
|t:|1779636172
|move|p1a: Dragonite|Earthquake|p2a: Chandelure
|-supereffective|p2a: Chandelure
|-damage|p2a: Chandelure|0 fnt
|faint|p2a: Chandelure
|
|upkeep
|
|t:|1779636187
|switch|p2a: Swampert|Swampert, F, tera:Water|13/100
|-damage|p2a: Swampert|1/100|[from] Stealth Rock
|turn|25
|
|t:|1779636195
|move|p1a: Dragonite|Earthquake|p2a: Swampert
|-damage|p2a: Swampert|0 fnt
|faint|p2a: Swampert
|
|win|sobklz
