|j|☆jojosworld
|j|☆zk1314
|t:|1779596972
|gametype|singles
|player|p1|jojosworld|bellelba|1511
|player|p2|zk1314|n|1470
|gen|9
|tier|[Gen 9] OU
|rated|
|rule|HP Percentage Mod: HP is shown in percentages
|rule|Endless Battle Clause: Forcing endless battles is banned
|rule|Species Clause: Limit one of each Pokémon
|rule|OHKO Clause: OHKO moves are banned
|rule|Evasion Items Clause: Evasion items are banned
|rule|Evasion Moves Clause: Evasion moves are banned
|rule|Evasion Abilities Clause: Evasion abilities are banned
|rule|Sleep Moves Clause: Sleep-inducing moves are banned
|clearpoke
|poke|p1|Corviknight, F|
|poke|p1|Alomomola, F|
|poke|p1|Lokix, F|
|poke|p1|Slowking-Galar, F|
|poke|p1|Dragapult, F|
|poke|p1|Fezandipiti, M|
|poke|p2|Armarouge, F|
|poke|p2|Glimmora, F|
|poke|p2|Corviknight, M|
|poke|p2|Iron Valiant|
|poke|p2|Ceruledge, F|
|poke|p2|Indeedee, M|
|teampreview
|inactive|Battle timer is ON: inactive players will automatically lose when time's up. (requested by jojosworld)
|
|t:|1779596996
|teamsize|p1|6
|teamsize|p2|6
|start
|switch|p1a: Slowking|Slowking-Galar, F, shiny|100/100
|switch|p2a: Armarouge|Armarouge, F|100/100
|turn|1
|
|t:|1779597008
|switch|p2a: Corviknight|Corviknight, M|100/100
|move|p1a: Slowking|Thunder Wave|p2a: Corviknight
|-status|p2a: Corviknight|par
|
|upkeep
|turn|2
|
|t:|1779597015
|move|p2a: Corviknight|U-turn|p1a: Slowking
|-damage|p1a: Slowking|85/100
|
|t:|1779597018
|switch|p2a: Indeedee|Indeedee, M|100/100|[from] U-turn
|-fieldstart|move: Psychic Terrain|[from] ability: Psychic Surge|[of] p2a: Indeedee
|-prepare|p1a: Slowking|Chilly Reception|[premajor]
|move|p1a: Slowking|Chilly Reception|p1a: Slowking
|-weather|Snowscape
|
|t:|1779597028
|switch|p1a: Dragapult|Dragapult, F, shiny|100/100|[from] Chilly Reception
|
|-weather|Snowscape|[upkeep]
|upkeep
|turn|3
|
|t:|1779597033
|move|p1a: Dragapult|U-turn|p2a: Indeedee
|-supereffective|p2a: Indeedee
|-damage|p2a: Indeedee|48/100
|
|t:|1779597036
|switch|p1a: Slowking|Slowking-Galar, F, shiny|100/100|[from] U-turn
|move|p2a: Indeedee|Expanding Force|p1a: Slowking
|-damage|p1a: Slowking|70/100
|
|-weather|Snowscape|[upkeep]
|upkeep
|turn|4
|
|t:|1779597048
|move|p2a: Indeedee|Expanding Force|p1a: Slowking
|-damage|p1a: Slowking|37/100
|-prepare|p1a: Slowking|Chilly Reception|[premajor]
|move|p1a: Slowking|Chilly Reception|p1a: Slowking
|
|t:|1779597052
|switch|p1a: Dragapult|Dragapult, F, shiny|100/100|[from] Chilly Reception
|
|-weather|Snowscape|[upkeep]
|upkeep
|turn|5
|
|t:|1779597059
|switch|p2a: Corviknight|Corviknight, M|100/100 par
|move|p1a: Dragapult|U-turn|p2a: Corviknight
|-resisted|p2a: Corviknight
|-damage|p2a: Corviknight|98/100 par
|-damage|p1a: Dragapult|84/100|[from] item: Rocky Helmet|[of] p2a: Corviknight
|
|t:|1779597061
|switch|p1a: Slowking|Slowking-Galar, F, shiny|71/100|[from] U-turn
|
|-weather|Snowscape|[upkeep]
|upkeep
|turn|6
|
|t:|1779597075
|switch|p2a: Indeedee|Indeedee, M|48/100
|-prepare|p1a: Slowking|Chilly Reception|[premajor]
|move|p1a: Slowking|Chilly Reception|p1a: Slowking
|
|t:|1779597078
|switch|p1a: Dragapult|Dragapult, F, shiny|84/100|[from] Chilly Reception
|
|-weather|none
|upkeep
|turn|7
|
|t:|1779597086
|switch|p2a: Corviknight|Corviknight, M|98/100 par
|move|p1a: Dragapult|Dragon Darts|p2a: Corviknight
|-resisted|p2a: Corviknight
|-damage|p2a: Corviknight|91/100 par
|-anim|p1a: Dragapult|Dragon Darts|p2a: Corviknight
|-resisted|p2a: Corviknight
|-damage|p2a: Corviknight|85/100 par
|
|upkeep
|turn|8
|
|t:|1779597095
|move|p1a: Dragapult|Hex|p2a: Corviknight
|-damage|p2a: Corviknight|31/100 par
|move|p2a: Corviknight|U-turn|p1a: Dragapult
|-resisted|p1a: Dragapult
|-damage|p1a: Dragapult|74/100
|
|t:|1779597103
|switch|p2a: Iron Valiant|Iron Valiant|100/100|[from] U-turn
|-enditem|p2a: Iron Valiant|Booster Energy
|-activate|p2a: Iron Valiant|ability: Quark Drive|[fromitem]
|-start|p2a: Iron Valiant|quarkdrivespe
|
|upkeep
|turn|9
|
|t:|1779597110
|switch|p1a: Slowking|Slowking-Galar, F, shiny|100/100
|move|p2a: Iron Valiant|Calm Mind|p2a: Iron Valiant
|-boost|p2a: Iron Valiant|spa|1
|-boost|p2a: Iron Valiant|spd|1
|
|-fieldend|move: Psychic Terrain
|upkeep
|turn|10
|
|t:|1779597118
|move|p2a: Iron Valiant|Psyshock|p1a: Slowking
|-damage|p1a: Slowking|61/100
|move|p1a: Slowking|Thunder Wave|p2a: Iron Valiant
|-status|p2a: Iron Valiant|par
|
|upkeep
|turn|11
|
|t:|1779597127
|cant|p2a: Iron Valiant|par
|move|p1a: Slowking|Sludge Bomb|p2a: Iron Valiant
|-supereffective|p2a: Iron Valiant
|-damage|p2a: Iron Valiant|25/100 par
|
|upkeep
|turn|12
|
|t:|1779597139
|-end|p2a: Iron Valiant|Quark Drive|[silent]
|switch|p2a: Corviknight|Corviknight, M|31/100 par
|-prepare|p1a: Slowking|Chilly Reception|[premajor]
|move|p1a: Slowking|Chilly Reception|p1a: Slowking
|-weather|Snowscape
|
|t:|1779597142
|switch|p1a: Dragapult|Dragapult, F, shiny|74/100|[from] Chilly Reception
|
|-weather|Snowscape|[upkeep]
|upkeep
|turn|13
|
|t:|1779597149
|switch|p2a: Indeedee|Indeedee, M|48/100
|-fieldstart|move: Psychic Terrain|[from] ability: Psychic Surge|[of] p2a: Indeedee
|move|p1a: Dragapult|Hex|p2a: Indeedee
|-immune|p2a: Indeedee
|
|-weather|Snowscape|[upkeep]
|upkeep
|turn|14
|
|t:|1779597161
|-terastallize|p2a: Indeedee|Normal
|move|p1a: Dragapult|Dragon Darts|p2a: Indeedee
|-damage|p2a: Indeedee|18/100
|-anim|p1a: Dragapult|Dragon Darts|p2a: Indeedee
|-damage|p2a: Indeedee|0 fnt
|faint|p2a: Indeedee
|
|-weather|Snowscape|[upkeep]
|upkeep
|
|t:|1779597173
|switch|p2a: Glimmora|Glimmora, F|100/100
|turn|15
|
|t:|1779597179
|move|p1a: Dragapult|U-turn|p2a: Glimmora
|-resisted|p2a: Glimmora
|-damage|p2a: Glimmora|90/100
|-activate|p2a: Glimmora|ability: Toxic Debris
|-sidestart|p1: jojosworld|move: Toxic Spikes
|
|t:|1779597181
|switch|p1a: Slowking|Slowking-Galar, F, shiny|95/100|[from] U-turn
|-sideend|p1: jojosworld|move: Toxic Spikes|[of] p1a: Slowking
|move|p2a: Glimmora|Stealth Rock|p1a: Slowking
|-sidestart|p1: jojosworld|move: Stealth Rock
|
|-weather|Snowscape|[upkeep]
|upkeep
|turn|16
|
|t:|1779597189
|move|p2a: Glimmora|Earth Power|p1a: Slowking
|-supereffective|p1a: Slowking
|-damage|p1a: Slowking|56/100
|move|p1a: Slowking|Psychic Noise|p2a: Glimmora
|-supereffective|p2a: Glimmora
|-damage|p2a: Glimmora|0 fnt
|faint|p2a: Glimmora
|
|-weather|none
|upkeep
|
|t:|1779597199
|switch|p2a: Ceruledge|Ceruledge, F|100/100
|turn|17
|
|t:|1779597204
|move|p2a: Ceruledge|Poltergeist|p1a: Slowking
|-activate|p1a: Slowking|move: Poltergeist|Heavy-Duty Boots
|-supereffective|p1a: Slowking
|-damage|p1a: Slowking|0 fnt
|faint|p1a: Slowking
|
|upkeep
|
|t:|1779597208
|switch|p1a: Fezandipiti|Fezandipiti, M|100/100
|turn|18
|
|t:|1779597215
|move|p2a: Ceruledge|Swords Dance|p2a: Ceruledge
|-boost|p2a: Ceruledge|atk|2
|move|p1a: Fezandipiti|Beat Up|p2a: Ceruledge
|-supereffective|p2a: Ceruledge
|-damage|p2a: Ceruledge|90/100
|-ability|p2a: Ceruledge|Weak Armor|boost
|-unboost|p2a: Ceruledge|def|1
|-boost|p2a: Ceruledge|spe|2
|-supereffective|p2a: Ceruledge
|-damage|p2a: Ceruledge|77/100
|-ability|p2a: Ceruledge|Weak Armor|boost
|-unboost|p2a: Ceruledge|def|1
|-boost|p2a: Ceruledge|spe|2
|-supereffective|p2a: Ceruledge
|-damage|p2a: Ceruledge|56/100
|-ability|p2a: Ceruledge|Weak Armor|boost
|-unboost|p2a: Ceruledge|def|1
|-boost|p2a: Ceruledge|spe|2
|-status|p2a: Ceruledge|tox|[from] ability: Toxic Chain|[of] p1a: Fezandipiti
|-supereffective|p2a: Ceruledge
|-damage|p2a: Ceruledge|33/100 tox
|-ability|p2a: Ceruledge|Weak Armor|boost
|-unboost|p2a: Ceruledge|def|1
|-supereffective|p2a: Ceruledge
|-damage|p2a: Ceruledge|0 fnt
|faint|p2a: Ceruledge
|-hitcount|p2: Ceruledge|5
|
|upkeep
|
|t:|1779597241
|switch|p2a: Armarouge|Armarouge, F|100/100
|turn|19
|
|t:|1779597246
|-terastallize|p1a: Fezandipiti|Dark
|move|p1a: Fezandipiti|Beat Up|p2a: Armarouge
|-supereffective|p2a: Armarouge
|-damage|p2a: Armarouge|89/100
|-ability|p2a: Armarouge|Weak Armor|boost
|-unboost|p2a: Armarouge|def|1
|-boost|p2a: Armarouge|spe|2
|-supereffective|p2a: Armarouge
|-damage|p2a: Armarouge|74/100
|-ability|p2a: Armarouge|Weak Armor|boost
|-unboost|p2a: Armarouge|def|1
|-boost|p2a: Armarouge|spe|2
|-supereffective|p2a: Armarouge
|-crit|p2a: Armarouge
|-damage|p2a: Armarouge|36/100
|-ability|p2a: Armarouge|Weak Armor|boost
|-unboost|p2a: Armarouge|def|1
|-boost|p2a: Armarouge|spe|2
|-status|p2a: Armarouge|tox|[from] ability: Toxic Chain|[of] p1a: Fezandipiti
|-supereffective|p2a: Armarouge
|-damage|p2a: Armarouge|9/100 tox
|-ability|p2a: Armarouge|Weak Armor|boost
|-unboost|p2a: Armarouge|def|1
|-supereffective|p2a: Armarouge
|-damage|p2a: Armarouge|0 fnt
|faint|p2a: Armarouge
|-hitcount|p2: Armarouge|5
|
|upkeep
|-message|zk1314 forfeited.
|
|win|jojosworld
|raw|jojosworld's rating: 1511 &rarr; <strong>1528</strong><br />(+17 for winning)
|raw|zk1314's rating: 1452 &rarr; <strong>1435</strong><br />(-17 for losing)
|l|☆zk1314
|player|p2|
|j|☆zk1314
|player|p2|zk1314|n|
