|inactive|Battle timer is ON: inactive players will automatically lose when time's up.
|t:|1779567261
|gametype|singles
|player|p1|VlTRIOL|hilbert-wonderlauncher|
|player|p2|benjaboynl|#wcop2026netherlands2|
|gen|9
|tier|[Gen 9] OU
|rule|HP Percentage Mod: HP is shown in percentages
|rule|Endless Battle Clause: Forcing endless battles is banned
|rule|Species Clause: Limit one of each Pokémon
|rule|OHKO Clause: OHKO moves are banned
|rule|Evasion Items Clause: Evasion items are banned
|rule|Evasion Moves Clause: Evasion moves are banned
|rule|Evasion Abilities Clause: Evasion abilities are banned
|rule|Sleep Moves Clause: Sleep-inducing moves are banned
|clearpoke
|poke|p1|Kyurem|
|poke|p1|Landorus-Therian, M|
|poke|p1|Hatterene, F|
|poke|p1|Iron Moth|
|poke|p1|Kingambit, F|
|poke|p1|Zamazenta-*|
|poke|p2|Garganacl, M|
|poke|p2|Hatterene, F|
|poke|p2|Iron Treads|
|poke|p2|Kyurem|
|poke|p2|Tornadus-Therian, M|
|poke|p2|Zamazenta-*|
|teampreview
|c|☆VlTRIOL|hf
|c|☆benjaboynl|glhf
|inactive|VlTRIOL has 270 seconds left.
|inactive|benjaboynl has 270 seconds left.
|inactive|VlTRIOL has 240 seconds left.
|
|t:|1779567323
|teamsize|p1|6
|teamsize|p2|6
|start
|switch|p1a: Landorus|Landorus-Therian, M|100/100
|switch|p2a: Hatterene|Hatterene, F|100/100
|-ability|p1a: Landorus|Intimidate|boost
|-unboost|p2a: Hatterene|atk|1
|turn|1
|
|t:|1779567339
|move|p1a: Landorus|U-turn|p2a: Hatterene
|-damage|p2a: Hatterene|83/100
|-damage|p1a: Landorus|84/100|[from] item: Rocky Helmet|[of] p2a: Hatterene
|
|t:|1779567342
|switch|p1a: Kingambit|Kingambit, F|100/100|[from] U-turn
|move|p2a: Hatterene|Psychic Noise|p1a: Kingambit
|-immune|p1a: Kingambit
|
|upkeep
|turn|2
|
|t:|1779567354
|switch|p2a: Iron Treads|Iron Treads|100/100
|move|p1a: Kingambit|Kowtow Cleave|p2a: Iron Treads
|-damage|p2a: Iron Treads|61/100
|
|-heal|p2a: Iron Treads|68/100|[from] item: Leftovers
|upkeep
|turn|3
|
|t:|1779567366
|-end|p1a: Kingambit|fallenundefined|[silent]
|switch|p1a: Landorus|Landorus-Therian, M|84/100
|-ability|p1a: Landorus|Intimidate|boost
|-unboost|p2a: Iron Treads|atk|1
|move|p2a: Iron Treads|Earthquake|p1a: Landorus
|-immune|p1a: Landorus
|
|-heal|p2a: Iron Treads|74/100|[from] item: Leftovers
|upkeep
|turn|4
|
|t:|1779567373
|switch|p1a: Hatterene|Hatterene, F|100/100
|-end|p2a: Iron Treads|Quark Drive|[silent]
|switch|p2a: Tornadus|Tornadus-Therian, M|100/100
|
|upkeep
|turn|5
|
|t:|1779567382
|move|p2a: Tornadus|U-turn|p1a: Hatterene
|-damage|p1a: Hatterene|89/100
|
|t:|1779567385
|switch|p2a: Garganacl|Garganacl, M|100/100|[from] U-turn
|move|p1a: Hatterene|Psychic Noise|p2a: Garganacl
|-damage|p2a: Garganacl|79/100
|-start|p2a: Garganacl|move: Heal Block
|
|upkeep
|turn|6
|
|t:|1779567404
|move|p1a: Hatterene|Dazzling Gleam|p2a: Garganacl
|-damage|p2a: Garganacl|54/100
|move|p2a: Garganacl|Salt Cure|p1a: Hatterene
|-damage|p1a: Hatterene|77/100
|-start|p1a: Hatterene|Salt Cure
|
|-damage|p1a: Hatterene|65/100|[from] Salt Cure
|-end|p2a: Garganacl|move: Heal Block
|upkeep
|turn|7
|
|t:|1779567412
|switch|p2a: Iron Treads|Iron Treads|74/100
|move|p1a: Hatterene|Psychic Noise|p2a: Iron Treads
|-resisted|p2a: Iron Treads
|-damage|p2a: Iron Treads|59/100
|-start|p2a: Iron Treads|move: Heal Block
|
|-damage|p1a: Hatterene|52/100|[from] Salt Cure
|upkeep
|turn|8
|
|t:|1779567420
|switch|p1a: Zamazenta|Zamazenta|100/100
|-ability|p1a: Zamazenta|Dauntless Shield|boost
|-boost|p1a: Zamazenta|def|1
|move|p2a: Iron Treads|Knock Off|p1a: Zamazenta
|-resisted|p1a: Zamazenta
|-damage|p1a: Zamazenta|94/100
|-enditem|p1a: Zamazenta|Leftovers|[from] move: Knock Off|[of] p2a: Iron Treads
|
|-end|p2a: Iron Treads|move: Heal Block
|upkeep
|turn|9
|
|t:|1779567432
|-end|p2a: Iron Treads|Quark Drive|[silent]
|switch|p2a: Tornadus|Tornadus-Therian, M|100/100
|move|p1a: Zamazenta|Body Press|p2a: Tornadus
|-resisted|p2a: Tornadus
|-damage|p2a: Tornadus|69/100
|
|upkeep
|turn|10
|inactive|VlTRIOL has 270 seconds left.
|
|t:|1779567472
|switch|p1a: Kingambit|Kingambit, F|100/100
|move|p2a: Tornadus|Heat Wave|p1a: Kingambit
|-supereffective|p1a: Kingambit
|-damage|p1a: Kingambit|53/100
|
|-heal|p1a: Kingambit|59/100|[from] item: Leftovers
|upkeep
|turn|11
|
|t:|1779567481
|move|p2a: Tornadus|U-turn|p1a: Kingambit
|-damage|p1a: Kingambit|48/100
|
|t:|1779567483
|switch|p2a: Zamazenta|Zamazenta|100/100|[from] U-turn
|-ability|p2a: Zamazenta|Dauntless Shield|boost
|-boost|p2a: Zamazenta|def|1
|move|p1a: Kingambit|Kowtow Cleave|p2a: Zamazenta
|-resisted|p2a: Zamazenta
|-damage|p2a: Zamazenta|87/100
|
|-heal|p2a: Zamazenta|93/100|[from] item: Leftovers
|-heal|p1a: Kingambit|54/100|[from] item: Leftovers
|upkeep
|turn|12
|
|t:|1779567493
|-end|p1a: Kingambit|fallenundefined|[silent]
|switch|p1a: Landorus|Landorus-Therian, M|84/100
|-ability|p1a: Landorus|Intimidate|boost
|-unboost|p2a: Zamazenta|atk|1
|move|p2a: Zamazenta|Crunch|p1a: Landorus
|-crit|p1a: Landorus
|-damage|p1a: Landorus|53/100
|-damage|p2a: Zamazenta|77/100|[from] item: Rocky Helmet|[of] p1a: Landorus
|
|-heal|p2a: Zamazenta|83/100|[from] item: Leftovers
|upkeep
|turn|13
|
|t:|1779567500
|switch|p2a: Hatterene|Hatterene, F|83/100
|move|p1a: Landorus|U-turn|p2a: Hatterene
|-damage|p2a: Hatterene|64/100
|-damage|p1a: Landorus|37/100|[from] item: Rocky Helmet|[of] p2a: Hatterene
|inactive|VlTRIOL has 270 seconds left.
|
|t:|1779567541
|switch|p1a: Iron Moth|Iron Moth|100/100|[from] U-turn
|-enditem|p1a: Iron Moth|Booster Energy
|-activate|p1a: Iron Moth|ability: Quark Drive|[fromitem]
|-start|p1a: Iron Moth|quarkdrivespe
|
|upkeep
|turn|14
|
|t:|1779567554
|switch|p2a: Kyurem|Kyurem|100/100
|-ability|p2a: Kyurem|Pressure
|move|p1a: Iron Moth|Sludge Wave|p2a: Kyurem
|-damage|p2a: Kyurem|68/100
|
|upkeep
|turn|15
|inactive|VlTRIOL has 240 seconds left.
|
|t:|1779567600
|-end|p1a: Iron Moth|Quark Drive|[silent]
|switch|p1a: Zamazenta|Zamazenta|94/100
|move|p2a: Kyurem|Earth Power|p1a: Zamazenta
|-damage|p1a: Zamazenta|66/100
|
|upkeep
|turn|16
|
|t:|1779567610
|switch|p1a: Kyurem|Kyurem|100/100
|-ability|p1a: Kyurem|Pressure
|switch|p2a: Tornadus|Tornadus-Therian, M|100/100
|
|upkeep
|turn|17
|
|t:|1779567627
|move|p2a: Tornadus|Knock Off|p1a: Kyurem
|-damage|p1a: Kyurem|81/100
|-enditem|p1a: Kyurem|Loaded Dice|[from] move: Knock Off|[of] p2a: Tornadus
|move|p1a: Kyurem|Icicle Spear|p2a: Tornadus
|-supereffective|p2a: Tornadus
|-damage|p2a: Tornadus|70/100
|-supereffective|p2a: Tornadus
|-damage|p2a: Tornadus|40/100
|-hitcount|p2a: Tornadus|2
|
|upkeep
|turn|18
|
|t:|1779567646
|move|p2a: Tornadus|U-turn|p1a: Kyurem
|-damage|p1a: Kyurem|67/100
|
|t:|1779567662
|switch|p2a: Zamazenta|Zamazenta|83/100|[from] U-turn
|move|p1a: Kyurem|Icicle Spear|p2a: Zamazenta
|-damage|p2a: Zamazenta|71/100
|-damage|p2a: Zamazenta|59/100
|-damage|p2a: Zamazenta|48/100
|-hitcount|p2a: Zamazenta|3
|
|-heal|p2a: Zamazenta|54/100|[from] item: Leftovers
|upkeep
|turn|19
|inactive|VlTRIOL has 240 seconds left.
|inactive|benjaboynl has 270 seconds left.
|
|t:|1779567686
|switch|p2a: Kyurem|Kyurem|68/100
|-ability|p2a: Kyurem|Pressure
|switch|p1a: Landorus|Landorus-Therian, M|37/100
|-ability|p1a: Landorus|Intimidate|boost
|-unboost|p2a: Kyurem|atk|1
|
|upkeep
|turn|20
|
|t:|1779567698
|switch|p1a: Zamazenta|Zamazenta|66/100
|move|p2a: Kyurem|Ice Beam|p1a: Zamazenta
|-damage|p1a: Zamazenta|21/100
|
|upkeep
|turn|21
|
|t:|1779567706
|switch|p1a: Kyurem|Kyurem|67/100
|-ability|p1a: Kyurem|Pressure
|switch|p2a: Hatterene|Hatterene, F|64/100
|
|upkeep
|turn|22
|
|t:|1779567735
|switch|p1a: Iron Moth|Iron Moth|100/100
|move|p2a: Hatterene|Nuzzle|p1a: Iron Moth
|-damage|p1a: Iron Moth|95/100
|-status|p1a: Iron Moth|par
|
|upkeep
|turn|23
|inactive|VlTRIOL has 210 seconds left.
|
|t:|1779567760
|switch|p2a: Tornadus|Tornadus-Therian, M|73/100
|move|p1a: Iron Moth|Fiery Dance|p2a: Tornadus
|-damage|p2a: Tornadus|45/100
|-boost|p1a: Iron Moth|spa|1
|
|upkeep
|turn|24
|
|t:|1779567771
|move|p2a: Tornadus|U-turn|p1a: Iron Moth
|-resisted|p1a: Iron Moth
|-damage|p1a: Iron Moth|89/100 par
|
|t:|1779567773
|switch|p2a: Kyurem|Kyurem|68/100|[from] U-turn
|-ability|p2a: Kyurem|Pressure
|cant|p1a: Iron Moth|par
|
|upkeep
|turn|25
|
|t:|1779567787
|-end|p1a: Iron Moth|Quark Drive|[silent]
|switch|p1a: Hatterene|Hatterene, F|52/100
|move|p2a: Kyurem|Earth Power|p1a: Hatterene
|-damage|p1a: Hatterene|19/100
|
|upkeep
|turn|26
|-enditem|p1a: Hatterene|Custap Berry|[eat]
|-activate|p1a: Hatterene|item: Custap Berry|[consumed]
|
|t:|1779567799
|move|p1a: Hatterene|Dazzling Gleam|p2a: Kyurem
|-supereffective|p2a: Kyurem
|-damage|p2a: Kyurem|22/100
|move|p2a: Kyurem|Ice Beam|p1a: Hatterene
|-damage|p1a: Hatterene|0 fnt
|faint|p1a: Hatterene
|
|upkeep
|
|t:|1779567818
|switch|p1a: Kyurem|Kyurem|67/100
|-ability|p1a: Kyurem|Pressure
|turn|27
|inactive|benjaboynl has 270 seconds left.
|
|t:|1779567850
|move|p1a: Kyurem|Icicle Spear|p2a: Kyurem
|-damage|p2a: Kyurem|12/100
|-damage|p2a: Kyurem|2/100
|-hitcount|p2a: Kyurem|2
|move|p2a: Kyurem|Ice Beam|p1a: Kyurem
|-damage|p1a: Kyurem|16/100
|
|upkeep
|turn|28
|
|t:|1779567857
|move|p1a: Kyurem|Scale Shot|p2a: Kyurem
|-supereffective|p2a: Kyurem
|-damage|p2a: Kyurem|0 fnt
|faint|p2a: Kyurem
|-hitcount|p2: Kyurem|1
|-unboost|p1a: Kyurem|def|1
|-boost|p1a: Kyurem|spe|1
|
|upkeep
|
|t:|1779567860
|switch|p2a: Hatterene|Hatterene, F|64/100
|turn|29
|inactive|VlTRIOL has 240 seconds left.
|
|t:|1779567871
|switch|p1a: Kingambit|Kingambit, F|54/100
|-activate|p1a: Kingambit|ability: Supreme Overlord
|-start|p1a: Kingambit|fallen1|[silent]
|move|p2a: Hatterene|Draining Kiss|p1a: Kingambit
|-damage|p1a: Kingambit|31/100
|-heal|p2a: Hatterene|86/100|[from] drain|[of] p1a: Kingambit
|
|-heal|p1a: Kingambit|37/100|[from] item: Leftovers
|upkeep
|turn|30
|inactive|VlTRIOL has 240 seconds left.
|
|t:|1779567883
|switch|p2a: Iron Treads|Iron Treads|59/100
|move|p1a: Kingambit|Kowtow Cleave|p2a: Iron Treads
|-damage|p2a: Iron Treads|21/100
|
|-heal|p2a: Iron Treads|27/100|[from] item: Leftovers
|-heal|p1a: Kingambit|44/100|[from] item: Leftovers
|upkeep
|turn|31
|
|t:|1779567894
|move|p2a: Iron Treads|Stealth Rock|p1a: Kingambit
|-sidestart|p1: VlTRIOL|move: Stealth Rock
|move|p1a: Kingambit|Kowtow Cleave|p2a: Iron Treads
|-damage|p2a: Iron Treads|0 fnt
|faint|p2a: Iron Treads
|-end|p2a: Iron Treads|Quark Drive|[silent]
|
|-heal|p1a: Kingambit|50/100|[from] item: Leftovers
|upkeep
|
|t:|1779567899
|switch|p2a: Zamazenta|Zamazenta|54/100
|turn|32
|
|t:|1779567905
|-end|p1a: Kingambit|fallen1|[silent]
|switch|p1a: Kyurem|Kyurem|16/100
|-damage|p1a: Kyurem|0 fnt|[from] Stealth Rock
|faint|p1a: Kyurem
|move|p2a: Zamazenta|Iron Defense|p2a: Zamazenta
|-boost|p2a: Zamazenta|def|2
|
|-heal|p2a: Zamazenta|60/100|[from] item: Leftovers
|upkeep
|inactive|VlTRIOL has 240 seconds left.
|inactive|VlTRIOL has 210 seconds left.
|
|t:|1779567963
|switch|p1a: Iron Moth|Iron Moth|89/100 par
|-damage|p1a: Iron Moth|64/100 par|[from] Stealth Rock
|turn|33
|
|t:|1779567978
|switch|p2a: Tornadus|Tornadus-Therian, M|78/100
|move|p1a: Iron Moth|Psychic|p2a: Tornadus
|-damage|p2a: Tornadus|55/100
|
|upkeep
|turn|34
|
|t:|1779567984
|move|p2a: Tornadus|Bleakwind Storm|p1a: Iron Moth
|-damage|p1a: Iron Moth|23/100 par
|-unboost|p1a: Iron Moth|spe|1
|move|p1a: Iron Moth|Fiery Dance|p2a: Tornadus
|-damage|p2a: Tornadus|26/100
|-boost|p1a: Iron Moth|spa|1
|
|upkeep
|turn|35
|
|t:|1779568000
|move|p2a: Tornadus|Bleakwind Storm|p1a: Iron Moth
|-damage|p1a: Iron Moth|0 fnt
|faint|p1a: Iron Moth
|-end|p1a: Iron Moth|Quark Drive|[silent]
|
|upkeep
|
|t:|1779568006
|switch|p1a: Kingambit|Kingambit, F|50/100
|-damage|p1a: Kingambit|44/100|[from] Stealth Rock
|-activate|p1a: Kingambit|ability: Supreme Overlord
|-start|p1a: Kingambit|fallen3|[silent]
|turn|36
|
|t:|1779568013
|move|p1a: Kingambit|Sucker Punch|p2a: Tornadus
|-damage|p2a: Tornadus|0 fnt
|faint|p2a: Tornadus
|
|-heal|p1a: Kingambit|50/100|[from] item: Leftovers
|upkeep
|
|t:|1779568038
|switch|p2a: Hatterene|Hatterene, F|86/100
|turn|37
|inactive|VlTRIOL has 240 seconds left.
|inactive|VlTRIOL has 210 seconds left.
|
|t:|1779568105
|-terastallize|p2a: Hatterene|Water
|move|p1a: Kingambit|Iron Head|p2a: Hatterene
|-resisted|p2a: Hatterene
|-damage|p2a: Hatterene|61/100
|-damage|p1a: Kingambit|33/100|[from] item: Rocky Helmet|[of] p2a: Hatterene
|cant|p2a: Hatterene|flinch
|
|-heal|p1a: Kingambit|40/100|[from] item: Leftovers
|upkeep
|turn|38
|inactive|VlTRIOL has 180 seconds left.
|inactive|VlTRIOL has 150 seconds left.
|inactive|VlTRIOL has 120 seconds left.
|inactive|VlTRIOL has 90 seconds left.
|inactive|VlTRIOL has 60 seconds left.
|
|t:|1779568272
|move|p1a: Kingambit|Kowtow Cleave|p2a: Hatterene
|-damage|p2a: Hatterene|3/100
|-damage|p1a: Kingambit|23/100|[from] item: Rocky Helmet|[of] p2a: Hatterene
|move|p2a: Hatterene|Draining Kiss|p1a: Kingambit
|-damage|p1a: Kingambit|2/100
|-heal|p2a: Hatterene|23/100|[from] drain|[of] p1a: Kingambit
|
|-heal|p1a: Kingambit|8/100|[from] item: Leftovers
|upkeep
|turn|39
|inactive|VlTRIOL has 30 seconds left.
|inactive|VlTRIOL has 20 seconds left.
|inactive|VlTRIOL has 15 seconds left.
|inactive|VlTRIOL has 10 seconds left.
|inactive|VlTRIOL has 5 seconds left.
|-message|VlTRIOL lost due to inactivity.
|
|win|benjaboynl
