|j|☆huuuehuueekk
|j|☆imnotgayfr1000
|t:|1779597181
|gametype|singles
|player|p1|huuuehuueekk|steven|1253
|player|p2|imnotgayfr1000|juan|1280
|gen|9
|tier|[Gen 9] OU
|rated|
|rule|HP Percentage Mod: HP is shown in percentages
|rule|Endless Battle Clause: Forcing endless battles is banned
|rule|Species Clause: Limit one of each Pokémon
|rule|OHKO Clause: OHKO moves are banned
|rule|Evasion Items Clause: Evasion items are banned
|rule|Evasion Moves Clause: Evasion moves are banned
|rule|Evasion Abilities Clause: Evasion abilities are banned
|rule|Sleep Moves Clause: Sleep-inducing moves are banned
|clearpoke
|poke|p1|Suicune|
|poke|p1|Dragonite, M|
|poke|p1|Cinderace, M|
|poke|p1|Zamazenta-*|
|poke|p1|Pecharunt|
|poke|p1|Zapdos-Galar|
|poke|p2|Greninja-*, M|
|poke|p2|Maushold-Four|
|poke|p2|Ogerpon-Wellspring, F|
|poke|p2|Cloyster, M|
|poke|p2|Raging Bolt|
|poke|p2|Kingambit, M|
|teampreview
|inactive|Battle timer is ON: inactive players will automatically lose when time's up. (requested by huuuehuueekk)
|inactive|huuuehuueekk has 120 seconds left.
|
|t:|1779597213
|teamsize|p1|6
|teamsize|p2|6
|start
|switch|p1a: Zapdos|Zapdos-Galar|100/100
|switch|p2a: cutie mice|Maushold-Four|100/100
|turn|1
|
|t:|1779597221
|move|p2a: cutie mice|Population Bomb|p1a: Zapdos
|-damage|p1a: Zapdos|88/100
|-damage|p1a: Zapdos|74/100
|-damage|p1a: Zapdos|62/100
|-damage|p1a: Zapdos|49/100
|-damage|p1a: Zapdos|35/100
|-crit|p1a: Zapdos
|-damage|p1a: Zapdos|17/100
|-damage|p1a: Zapdos|2/100
|-damage|p1a: Zapdos|0 fnt
|faint|p1a: Zapdos
|-hitcount|p1: Zapdos|8
|
|upkeep
|
|t:|1779597225
|switch|p1a: Pecharunt|Pecharunt|100/100
|turn|2
|
|t:|1779597237
|move|p2a: cutie mice|Tidy Up|p2a: cutie mice
|-boost|p2a: cutie mice|atk|1
|-boost|p2a: cutie mice|spe|1
|move|p1a: Pecharunt|Malignant Chain|p2a: cutie mice
|-damage|p2a: cutie mice|51/100
|
|upkeep
|turn|3
|
|t:|1779597243
|move|p2a: cutie mice|Bite|p1a: Pecharunt
|-supereffective|p1a: Pecharunt
|-damage|p1a: Pecharunt|73/100
|-damage|p2a: cutie mice|34/100|[from] item: Rocky Helmet|[of] p1a: Pecharunt
|move|p1a: Pecharunt|Malignant Chain|p2a: cutie mice
|-damage|p2a: cutie mice|0 fnt
|faint|p2a: cutie mice
|
|upkeep
|
|t:|1779597259
|switch|p2a: Nigker-ball|Cloyster, M, shiny|100/100
|turn|4
|
|t:|1779597263
|move|p2a: Nigker-ball|Shell Smash|p2a: Nigker-ball
|-unboost|p2a: Nigker-ball|def|1
|-unboost|p2a: Nigker-ball|spd|1
|-boost|p2a: Nigker-ball|atk|2
|-boost|p2a: Nigker-ball|spa|2
|-boost|p2a: Nigker-ball|spe|2
|move|p1a: Pecharunt|Malignant Chain|p2a: Nigker-ball
|-enditem|p2a: Nigker-ball|Focus Sash
|-damage|p2a: Nigker-ball|1/100
|
|upkeep
|turn|5
|
|t:|1779597273
|move|p2a: Nigker-ball|Icicle Spear|p1a: Pecharunt
|-damage|p1a: Pecharunt|62/100
|-damage|p1a: Pecharunt|51/100
|-damage|p1a: Pecharunt|41/100
|-damage|p1a: Pecharunt|30/100
|-damage|p1a: Pecharunt|20/100
|-hitcount|p1a: Pecharunt|5
|move|p1a: Pecharunt|Malignant Chain|p2a: Nigker-ball
|-damage|p2a: Nigker-ball|0 fnt
|faint|p2a: Nigker-ball
|
|upkeep
|
|t:|1779597284
|switch|p2a: stupid bich|Ogerpon-Wellspring, F|100/100
|turn|6
|
|t:|1779597291
|move|p2a: stupid bich|Ivy Cudgel|p1a: Pecharunt|[anim] Ivy Cudgel Water
|-crit|p1a: Pecharunt
|-damage|p1a: Pecharunt|0 fnt
|faint|p1a: Pecharunt
|
|upkeep
|
|t:|1779597298
|switch|p1a: Cinderace|Cinderace, M|100/100
|turn|7
|
|t:|1779597302
|move|p1a: Cinderace|U-turn|p2a: stupid bich
|-start|p1a: Cinderace|typechange|Bug|[from] ability: Libero
|-supereffective|p2a: stupid bich
|-damage|p2a: stupid bich|10/100
|
|t:|1779597313
|switch|p1a: Zamazenta|Zamazenta|100/100|[from] U-turn
|-ability|p1a: Zamazenta|Dauntless Shield|boost
|-boost|p1a: Zamazenta|def|1
|move|p2a: stupid bich|Ivy Cudgel|p1a: Zamazenta|[anim] Ivy Cudgel Water
|-damage|p1a: Zamazenta|68/100
|
|-heal|p1a: Zamazenta|74/100|[from] item: Leftovers
|upkeep
|turn|8
|
|t:|1779597343
|switch|p2a: asholegiraffe|Raging Bolt|100/100
|-enditem|p2a: asholegiraffe|Booster Energy
|-activate|p2a: asholegiraffe|ability: Protosynthesis|[fromitem]
|-start|p2a: asholegiraffe|protosynthesisspa
|move|p1a: Zamazenta|Body Press|p2a: asholegiraffe
|-damage|p2a: asholegiraffe|60/100
|
|-heal|p1a: Zamazenta|80/100|[from] item: Leftovers
|upkeep
|turn|9
|
|t:|1779597353
|move|p1a: Zamazenta|Body Press|p2a: asholegiraffe
|-damage|p2a: asholegiraffe|20/100
|move|p2a: asholegiraffe|Thunderbolt|p1a: Zamazenta
|-damage|p1a: Zamazenta|22/100
|
|-heal|p1a: Zamazenta|28/100|[from] item: Leftovers
|upkeep
|turn|10
|
|t:|1779597359
|move|p2a: asholegiraffe|Thunderclap||[still]
|-fail|p2a: asholegiraffe
|move|p1a: Zamazenta|Substitute|p1a: Zamazenta
|-start|p1a: Zamazenta|Substitute
|-damage|p1a: Zamazenta|4/100
|
|-heal|p1a: Zamazenta|10/100|[from] item: Leftovers
|upkeep
|turn|11
|
|t:|1779597366
|move|p2a: asholegiraffe|Thunderclap|p1a: Zamazenta
|-end|p1a: Zamazenta|Substitute
|move|p1a: Zamazenta|Body Press|p2a: asholegiraffe
|-damage|p2a: asholegiraffe|0 fnt
|faint|p2a: asholegiraffe
|-end|p2a: asholegiraffe|Protosynthesis|[silent]
|
|-heal|p1a: Zamazenta|16/100|[from] item: Leftovers
|upkeep
|
|t:|1779597375
|switch|p2a: RealKing|Kingambit, M, shiny|100/100
|-activate|p2a: RealKing|ability: Supreme Overlord
|-start|p2a: RealKing|fallen3|[silent]
|turn|12
|
|t:|1779597382
|-terastallize|p2a: RealKing|Fairy
|move|p1a: Zamazenta|Body Press|p2a: RealKing
|-resisted|p2a: RealKing
|-damage|p2a: RealKing|84/100
|move|p2a: RealKing|Iron Head|p1a: Zamazenta
|-damage|p1a: Zamazenta|0 fnt
|faint|p1a: Zamazenta
|
|upkeep
|
|t:|1779597388
|switch|p1a: Cinderace|Cinderace, M|100/100
|turn|13
|
|t:|1779597395
|-terastallize|p1a: Cinderace|Fire
|move|p1a: Cinderace|Pyro Ball|p2a: RealKing
|-damage|p2a: RealKing|28/100
|-status|p2a: RealKing|brn
|-enditem|p2a: RealKing|Sitrus Berry|[eat]
|-heal|p2a: RealKing|53/100 brn|[from] item: Sitrus Berry
|move|p2a: RealKing|Swords Dance|p2a: RealKing
|-boost|p2a: RealKing|atk|2
|
|-damage|p2a: RealKing|47/100 brn|[from] brn
|upkeep
|turn|14
|
|t:|1779597406
|move|p2a: RealKing|Sucker Punch|p1a: Cinderace
|-damage|p1a: Cinderace|20/100
|move|p1a: Cinderace|Pyro Ball|p2a: RealKing
|-damage|p2a: RealKing|0 fnt
|faint|p2a: RealKing
|-end|p2a: RealKing|fallen3|[silent]
|
|upkeep
|
|t:|1779597412
|switch|p2a: washmydihhh|Greninja, M|100/100
|turn|15
|
|t:|1779597418
|move|p2a: washmydihhh|Dark Pulse|p1a: Cinderace
|-crit|p1a: Cinderace
|-damage|p1a: Cinderace|0 fnt
|faint|p1a: Cinderace
|-ability|p2a: washmydihhh|Battle Bond|boost
|-boost|p2a: washmydihhh|atk|1
|-boost|p2a: washmydihhh|spa|1
|-boost|p2a: washmydihhh|spe|1
|-activate|p2a: washmydihhh|ability: Battle Bond
|
|upkeep
|
|t:|1779597423
|switch|p1a: Dragonite|Dragonite, M, shiny|100/100
|turn|16
|
|t:|1779597427
|move|p2a: washmydihhh|Ice Beam|p1a: Dragonite
|-supereffective|p1a: Dragonite
|-damage|p1a: Dragonite|25/100
|-status|p1a: Dragonite|frz
|-enditem|p1a: Dragonite|Weakness Policy
|-boost|p1a: Dragonite|atk|2|[from] item: Weakness Policy
|-boost|p1a: Dragonite|spa|2|[from] item: Weakness Policy
|-curestatus|p1a: Dragonite|frz|[msg]
|move|p1a: Dragonite|Dragon Claw|p2a: washmydihhh
|-damage|p2a: washmydihhh|0 fnt
|faint|p2a: washmydihhh
|
|upkeep
|
|t:|1779597439
|switch|p2a: stupid bich|Ogerpon-Wellspring, F|10/100
|turn|17
|
|t:|1779597444
|move|p1a: Dragonite|Extreme Speed|p2a: stupid bich
|-damage|p2a: stupid bich|0 fnt
|faint|p2a: stupid bich
|
|win|huuuehuueekk
|raw|huuuehuueekk's rating: 1253 &rarr; <strong>1280</strong><br />(+27 for winning)
|raw|imnotgayfr1000's rating: 1280 &rarr; <strong>1253</strong><br />(-27 for losing)
