|j|☆xdrax7w7
|j|☆lfcabu
|t:|1779701446
|gametype|singles
|player|p1|xdrax7w7|steven|1084
|player|p2|lfcabu|iris|1000
|gen|9
|tier|[Gen 9] OU
|rated|
|rule|HP Percentage Mod: HP is shown in percentages
|rule|Endless Battle Clause: Forcing endless battles is banned
|rule|Species Clause: Limit one of each Pokémon
|rule|OHKO Clause: OHKO moves are banned
|rule|Evasion Items Clause: Evasion items are banned
|rule|Evasion Moves Clause: Evasion moves are banned
|rule|Evasion Abilities Clause: Evasion abilities are banned
|rule|Sleep Moves Clause: Sleep-inducing moves are banned
|clearpoke
|poke|p1|Dragonite, F|
|poke|p1|Umbreon, M|
|poke|p1|Blaziken, M|
|poke|p1|Glimmora, F|
|poke|p1|Iron Moth|
|poke|p1|Deoxys-Speed|
|poke|p2|Kingambit, F|
|poke|p2|Ninetales-Alola, F|
|poke|p2|Dondozo, F|
|poke|p2|Deoxys-Speed|
|poke|p2|Ursaluna, F|
|poke|p2|Cinderace, M|
|teampreview
|inactive|Battle timer is ON: inactive players will automatically lose when time's up. (requested by lfcabu)
|
|t:|1779701453
|teamsize|p1|6
|teamsize|p2|6
|start
|switch|p1a: Glimmora|Glimmora, F|100/100
|switch|p2a: Deoxys|Deoxys-Speed|100/100
|-ability|p2a: Deoxys|Pressure
|turn|1
|
|t:|1779701475
|move|p2a: Deoxys|Taunt|p1a: Glimmora
|-start|p1a: Glimmora|move: Taunt
|move|p1a: Glimmora|Meteor Beam||[still]
|-prepare|p1a: Glimmora|Meteor Beam
|-boost|p1a: Glimmora|spa|1
|-enditem|p1a: Glimmora|Power Herb
|-anim|p1a: Glimmora|Meteor Beam|p2a: Deoxys
|-enditem|p2a: Deoxys|Focus Sash
|-damage|p2a: Deoxys|1/100
|
|upkeep
|turn|2
|inactive|xdrax7w7 has 120 seconds left.
|
|t:|1779701503
|move|p2a: Deoxys|Psycho Boost|p1a: Glimmora
|-supereffective|p1a: Glimmora
|-damage|p1a: Glimmora|0 fnt
|-unboost|p2a: Deoxys|spa|2
|faint|p1a: Glimmora
|
|upkeep
|
|t:|1779701515
|switch|p1a: Dragonite|Dragonite, F|100/100
|turn|3
|
|t:|1779701522
|switch|p2a: Dondozo|Dondozo, F|100/100
|move|p1a: Dragonite|Aqua Jet|p2a: Dondozo
|-resisted|p2a: Dondozo
|-crit|p2a: Dondozo
|-damage|p2a: Dondozo|95/100
|
|-heal|p2a: Dondozo|100/100|[from] item: Leftovers
|upkeep
|turn|4
|inactive|xdrax7w7 has 120 seconds left.
|
|t:|1779701535
|switch|p1a: Umbreon|Umbreon, M, shiny|100/100
|move|p2a: Dondozo|Curse|p2a: Dondozo
|-unboost|p2a: Dondozo|spe|1
|-boost|p2a: Dondozo|atk|1
|-boost|p2a: Dondozo|def|1
|
|upkeep
|turn|5
|c|☆lfcabu|?
|
|t:|1779701543
|move|p1a: Umbreon|Toxic|p2a: Dondozo
|-status|p2a: Dondozo|tox
|move|p2a: Dondozo|Curse|p2a: Dondozo
|-unboost|p2a: Dondozo|spe|1
|-boost|p2a: Dondozo|atk|1
|-boost|p2a: Dondozo|def|1
|
|-damage|p2a: Dondozo|94/100 tox|[from] psn
|upkeep
|turn|6
|
|t:|1779701554
|move|p1a: Umbreon|Dark Pulse|p2a: Dondozo
|-damage|p2a: Dondozo|78/100 tox
|move|p2a: Dondozo|Body Press|p1a: Umbreon
|-supereffective|p1a: Umbreon
|-damage|p1a: Umbreon|23/100
|
|-heal|p1a: Umbreon|29/100|[from] item: Leftovers
|-heal|p2a: Dondozo|84/100 tox|[from] item: Leftovers
|-damage|p2a: Dondozo|72/100 tox|[from] psn
|upkeep
|turn|7
|
|t:|1779701567
|move|p1a: Umbreon|Wish|p1a: Umbreon
|move|p2a: Dondozo|Body Press|p1a: Umbreon
|-supereffective|p1a: Umbreon
|-damage|p1a: Umbreon|0 fnt
|faint|p1a: Umbreon
|
|-heal|p2a: Dondozo|78/100 tox|[from] item: Leftovers
|-damage|p2a: Dondozo|60/100 tox|[from] psn
|upkeep
|inactive|xdrax7w7 has 120 seconds left.
|-message|xdrax7w7 forfeited.
|
|win|lfcabu
|raw|xdrax7w7's rating: 1084 &rarr; <strong>1056</strong><br />(-28 for losing)
|raw|lfcabu's rating: 1000 &rarr; <strong>1049</strong><br />(+49 for winning)
|l|☆xdrax7w7
|player|p1|
|l|☆lfcabu
|player|p2|
|j|☆lfcabu
|player|p2|lfcabu|iris|
