|j|☆vaxanon
|j|☆x_Anabolic_x
|t:|1779716354
|gametype|singles
|player|p1|vaxanon|169|1298
|player|p2|x_Anabolic_x|ltsurge|1273
|gen|9
|tier|[Gen 9] OU
|rated|
|rule|HP Percentage Mod: HP is shown in percentages
|rule|Endless Battle Clause: Forcing endless battles is banned
|rule|Species Clause: Limit one of each Pokémon
|rule|OHKO Clause: OHKO moves are banned
|rule|Evasion Items Clause: Evasion items are banned
|rule|Evasion Moves Clause: Evasion moves are banned
|rule|Evasion Abilities Clause: Evasion abilities are banned
|rule|Sleep Moves Clause: Sleep-inducing moves are banned
|clearpoke
|poke|p1|Meowscarada, F|
|poke|p1|Gastrodon-East, M|
|poke|p1|Ambipom, M|
|poke|p1|Cinderace, M|
|poke|p1|Whimsicott, F|
|poke|p1|Sableye, M|
|poke|p2|Tyranitar, M|
|poke|p2|Weezing-Galar, F|
|poke|p2|Ogerpon, F|
|poke|p2|Skeledirge, F|
|poke|p2|Eelektross, F|
|poke|p2|Gliscor, M|
|teampreview
|inactive|Battle timer is ON: inactive players will automatically lose when time's up. (requested by vaxanon)
|
|t:|1779716371
|teamsize|p1|6
|teamsize|p2|6
|start
|switch|p1a: Whimsicott|Whimsicott, F|100/100
|switch|p2a: Weezing|Weezing-Galar, F|100/100
|turn|1
|
|t:|1779716383
|switch|p1a: Gastrodon|Gastrodon-East, M|100/100
|move|p2a: Weezing|Sludge Bomb|p1a: Gastrodon
|-resisted|p1a: Gastrodon
|-damage|p1a: Gastrodon|87/100
|-status|p1a: Gastrodon|psn
|
|-damage|p1a: Gastrodon|74/100 psn|[from] psn
|upkeep
|turn|2
|
|t:|1779716406
|switch|p2a: Eelektross|Eelektross, F|100/100
|move|p1a: Gastrodon|Ice Beam|p2a: Eelektross
|-crit|p2a: Eelektross
|-damage|p2a: Eelektross|78/100
|
|-heal|p2a: Eelektross|84/100|[from] item: Leftovers
|-damage|p1a: Gastrodon|62/100 psn|[from] psn
|upkeep
|turn|3
|
|t:|1779716416
|move|p2a: Eelektross|Knock Off|p1a: Gastrodon
|-damage|p1a: Gastrodon|43/100 psn
|-damage|p2a: Eelektross|68/100|[from] item: Rocky Helmet|[of] p1a: Gastrodon
|-enditem|p1a: Gastrodon|Rocky Helmet|[from] move: Knock Off|[of] p2a: Eelektross
|move|p1a: Gastrodon|Recover|p1a: Gastrodon
|-heal|p1a: Gastrodon|93/100 psn
|
|-heal|p2a: Eelektross|74/100|[from] item: Leftovers
|-damage|p1a: Gastrodon|81/100 psn|[from] psn
|upkeep
|turn|4
|
|t:|1779716426
|move|p2a: Eelektross|Coil|p2a: Eelektross
|-boost|p2a: Eelektross|atk|1
|-boost|p2a: Eelektross|def|1
|-boost|p2a: Eelektross|accuracy|1
|move|p1a: Gastrodon|Chilling Water|p2a: Eelektross
|-damage|p2a: Eelektross|63/100
|-unboost|p2a: Eelektross|atk|1
|
|-heal|p2a: Eelektross|69/100|[from] item: Leftovers
|-damage|p1a: Gastrodon|68/100 psn|[from] psn
|upkeep
|turn|5
|
|t:|1779716437
|switch|p1a: Sableye|Sableye, M|100/100
|move|p2a: Eelektross|Coil|p2a: Eelektross
|-boost|p2a: Eelektross|atk|1
|-boost|p2a: Eelektross|def|1
|-boost|p2a: Eelektross|accuracy|1
|
|-heal|p2a: Eelektross|75/100|[from] item: Leftovers
|upkeep
|turn|6
|
|t:|1779716447
|switch|p2a: Skeledirge|Skeledirge, F|100/100
|move|p1a: Sableye|Encore||[still]
|-fail|p1a: Sableye
|
|upkeep
|turn|7
|
|t:|1779716458
|move|p2a: Skeledirge|Torch Song|p1a: Sableye
|-damage|p1a: Sableye|39/100
|-boost|p2a: Skeledirge|spa|1
|move|p1a: Sableye|Knock Off|p2a: Skeledirge
|-supereffective|p2a: Skeledirge
|-damage|p2a: Skeledirge|59/100
|-enditem|p2a: Skeledirge|Heavy-Duty Boots|[from] move: Knock Off|[of] p1a: Sableye
|
|-heal|p1a: Sableye|46/100|[from] item: Leftovers
|upkeep
|turn|8
|
|t:|1779716473
|switch|p1a: Gastrodon|Gastrodon-East, M|68/100 psn
|move|p2a: Skeledirge|Torch Song|p1a: Gastrodon
|-resisted|p1a: Gastrodon
|-damage|p1a: Gastrodon|39/100 psn
|-boost|p2a: Skeledirge|spa|1
|
|-damage|p1a: Gastrodon|27/100 psn|[from] psn
|upkeep
|turn|9
|
|t:|1779716482
|move|p2a: Skeledirge|Hex|p1a: Gastrodon
|-damage|p1a: Gastrodon|0 fnt
|faint|p1a: Gastrodon
|
|upkeep
|
|t:|1779716487
|switch|p1a: Ambipom|Ambipom, M, shiny|100/100
|turn|10
|
|t:|1779716498
|move|p1a: Ambipom|Knock Off|p2a: Skeledirge
|-supereffective|p2a: Skeledirge
|-damage|p2a: Skeledirge|26/100
|move|p2a: Skeledirge|Torch Song|p1a: Ambipom
|-damage|p1a: Ambipom|0 fnt
|-boost|p2a: Skeledirge|spa|1
|faint|p1a: Ambipom
|
|upkeep
|
|t:|1779716506
|switch|p1a: Meowscarada|Meowscarada, F, shiny|100/100
|turn|11
|
|t:|1779716511
|switch|p2a: Weezing|Weezing-Galar, F|100/100
|move|p1a: Meowscarada|Knock Off|p2a: Weezing
|-start|p1a: Meowscarada|typechange|Dark|[from] ability: Protean
|-resisted|p2a: Weezing
|-crit|p2a: Weezing
|-damage|p2a: Weezing|80/100
|-enditem|p2a: Weezing|Leftovers|[from] move: Knock Off|[of] p1a: Meowscarada
|
|upkeep
|turn|12
|-message|vaxanon forfeited.
|
|win|x_Anabolic_x
|raw|vaxanon's rating: 1298 &rarr; <strong>1271</strong><br />(-27 for losing)
|raw|x_Anabolic_x's rating: 1273 &rarr; <strong>1300</strong><br />(+27 for winning)
|l|☆vaxanon
|player|p1|
|l|☆x_Anabolic_x
|player|p2|
