|j|☆ScolipedeIsGreat
|j|☆Literally Trish
|t:|1779721937
|gametype|singles
|player|p1|ScolipedeIsGreat|1|1224
|player|p2|Literally Trish|bianca|1166
|gen|9
|tier|[Gen 9] OU
|rated|
|rule|HP Percentage Mod: HP is shown in percentages
|rule|Endless Battle Clause: Forcing endless battles is banned
|rule|Species Clause: Limit one of each Pokémon
|rule|OHKO Clause: OHKO moves are banned
|rule|Evasion Items Clause: Evasion items are banned
|rule|Evasion Moves Clause: Evasion moves are banned
|rule|Evasion Abilities Clause: Evasion abilities are banned
|rule|Sleep Moves Clause: Sleep-inducing moves are banned
|clearpoke
|poke|p1|Walking Wake|
|poke|p1|Iron Valiant|
|poke|p1|Ursaluna, F|
|poke|p1|Iron Treads|
|poke|p1|Iron Moth|
|poke|p1|Moltres-Galar|
|poke|p2|Iron Valiant|
|poke|p2|Fezandipiti, M|
|poke|p2|Empoleon, M|
|poke|p2|Infernape, M|
|poke|p2|Bronzong|
|poke|p2|Rotom-Fan|
|teampreview
|inactive|Battle timer is ON: inactive players will automatically lose when time's up. (requested by ScolipedeIsGreat)
|
|t:|1779721949
|teamsize|p1|6
|teamsize|p2|6
|start
|switch|p1a: Luna|Ursaluna, F|100/100
|switch|p2a: MISTA MISTA|Infernape, M, shiny|100/100
|turn|1
|
|t:|1779721954
|-terastallize|p1a: Luna|Ghost
|move|p2a: MISTA MISTA|Nasty Plot|p2a: MISTA MISTA
|-boost|p2a: MISTA MISTA|spa|2
|move|p1a: Luna|Earthquake|p2a: MISTA MISTA
|-supereffective|p2a: MISTA MISTA
|-enditem|p2a: MISTA MISTA|Focus Sash
|-damage|p2a: MISTA MISTA|1/100
|
|-status|p1a: Luna|brn|[from] item: Flame Orb
|upkeep
|turn|2
|
|t:|1779721962
|move|p2a: MISTA MISTA|Flamethrower|p1a: Luna
|-crit|p1a: Luna
|-damage|p1a: Luna|0 fnt
|faint|p1a: Luna
|
|upkeep
|
|t:|1779721977
|switch|p1a: Sol|Iron Moth|100/100
|-enditem|p1a: Sol|Booster Energy
|-activate|p1a: Sol|ability: Quark Drive|[fromitem]
|-start|p1a: Sol|quarkdrivespe
|turn|3
|
|t:|1779721984
|move|p2a: MISTA MISTA|Vacuum Wave|p1a: Sol
|-resisted|p1a: Sol
|-damage|p1a: Sol|82/100
|move|p1a: Sol|Fiery Dance|p2a: MISTA MISTA
|-resisted|p2a: MISTA MISTA
|-damage|p2a: MISTA MISTA|0 fnt
|-boost|p1a: Sol|spa|1
|faint|p2a: MISTA MISTA
|
|upkeep
|
|t:|1779722004
|switch|p2a: Bucciarati|Empoleon, M, shiny|100/100
|turn|4
|
|t:|1779722011
|move|p1a: Sol|Fiery Dance|p2a: Bucciarati
|-damage|p2a: Bucciarati|46/100
|-boost|p1a: Sol|spa|1
|move|p2a: Bucciarati|Surf|p1a: Sol
|-supereffective|p1a: Sol
|-damage|p1a: Sol|0 fnt
|faint|p1a: Sol
|-end|p1a: Sol|Quark Drive|[silent]
|
|-heal|p2a: Bucciarati|52/100|[from] item: Leftovers
|upkeep
|
|t:|1779722022
|switch|p1a: Iron Reds|Iron Treads|100/100
|turn|5
|
|t:|1779722028
|-terastallize|p2a: Bucciarati|Flying
|move|p1a: Iron Reds|Supercell Slam|p2a: Bucciarati
|-supereffective|p2a: Bucciarati
|-damage|p2a: Bucciarati|0 fnt
|faint|p2a: Bucciarati
|
|upkeep
|
|t:|1779722043
|switch|p2a: Abbacchio|Bronzong|100/100
|turn|6
|
|t:|1779722052
|move|p1a: Iron Reds|Supercell Slam|p2a: Abbacchio
|-damage|p2a: Abbacchio|79/100
|move|p2a: Abbacchio|Iron Defense|p2a: Abbacchio
|-boost|p2a: Abbacchio|def|2
|
|-heal|p2a: Abbacchio|85/100|[from] item: Leftovers
|upkeep
|turn|7
|
|t:|1779722058
|-end|p1a: Iron Reds|Quark Drive|[silent]
|switch|p1a: Temu Squirtle|Walking Wake|100/100
|-enditem|p1a: Temu Squirtle|Booster Energy
|-activate|p1a: Temu Squirtle|ability: Protosynthesis|[fromitem]
|-start|p1a: Temu Squirtle|protosynthesisspa
|move|p2a: Abbacchio|Iron Defense|p2a: Abbacchio
|-boost|p2a: Abbacchio|def|2
|
|-heal|p2a: Abbacchio|92/100|[from] item: Leftovers
|upkeep
|turn|8
|
|t:|1779722064
|move|p1a: Temu Squirtle|Flamethrower|p2a: Abbacchio
|-supereffective|p2a: Abbacchio
|-damage|p2a: Abbacchio|27/100
|move|p2a: Abbacchio|Body Press|p1a: Temu Squirtle
|-damage|p1a: Temu Squirtle|15/100
|
|-heal|p2a: Abbacchio|33/100|[from] item: Leftovers
|upkeep
|turn|9
|
|t:|1779722069
|move|p1a: Temu Squirtle|Flamethrower|p2a: Abbacchio
|-supereffective|p2a: Abbacchio
|-damage|p2a: Abbacchio|0 fnt
|faint|p2a: Abbacchio
|
|upkeep
|
|t:|1779722074
|switch|p2a: Narancia|Rotom-Fan|100/100
|turn|10
|
|t:|1779722079
|move|p2a: Narancia|Air Slash|p1a: Temu Squirtle
|-damage|p1a: Temu Squirtle|0 fnt
|faint|p1a: Temu Squirtle
|-end|p1a: Temu Squirtle|Protosynthesis|[silent]
|
|upkeep
|
|t:|1779722085
|switch|p1a: Iron Valiant|Iron Valiant|100/100
|-enditem|p1a: Iron Valiant|Booster Energy
|-activate|p1a: Iron Valiant|ability: Quark Drive|[fromitem]
|-start|p1a: Iron Valiant|quarkdrivespe
|turn|11
|
|t:|1779722107
|move|p1a: Iron Valiant|Knock Off|p2a: Narancia
|-damage|p2a: Narancia|58/100
|-enditem|p2a: Narancia|Choice Scarf|[from] move: Knock Off|[of] p1a: Iron Valiant
|move|p2a: Narancia|Air Slash|p1a: Iron Valiant
|-supereffective|p1a: Iron Valiant
|-damage|p1a: Iron Valiant|0 fnt
|faint|p1a: Iron Valiant
|-end|p1a: Iron Valiant|Quark Drive|[silent]
|
|upkeep
|
|t:|1779722116
|switch|p1a: Iron Reds|Iron Treads|100/100
|turn|12
|
|t:|1779722124
|move|p1a: Iron Reds|Supercell Slam|p2a: Narancia
|-damage|p2a: Narancia|13/100
|move|p2a: Narancia|Shadow Ball|p1a: Iron Reds
|-damage|p1a: Iron Reds|65/100
|-unboost|p1a: Iron Reds|spd|1
|
|upkeep
|turn|13
|
|t:|1779722130
|move|p1a: Iron Reds|Ice Spinner|p2a: Narancia
|-supereffective|p2a: Narancia
|-damage|p2a: Narancia|0 fnt
|faint|p2a: Narancia
|
|upkeep
|
|t:|1779722134
|switch|p2a: Giorno|Iron Valiant|100/100
|-enditem|p2a: Giorno|Booster Energy
|-activate|p2a: Giorno|ability: Quark Drive|[fromitem]
|-start|p2a: Giorno|quarkdrivespe
|turn|14
|
|t:|1779722139
|move|p2a: Giorno|Close Combat|p1a: Iron Reds
|-supereffective|p1a: Iron Reds
|-damage|p1a: Iron Reds|0 fnt
|-unboost|p2a: Giorno|def|1
|-unboost|p2a: Giorno|spd|1
|faint|p1a: Iron Reds
|-end|p1a: Iron Reds|Quark Drive|[silent]
|
|upkeep
|
|t:|1779722142
|switch|p1a: Freak Emote|Moltres-Galar|100/100
|turn|15
|
|t:|1779722146
|move|p2a: Giorno|Moonblast|p1a: Freak Emote
|-supereffective|p1a: Freak Emote
|-damage|p1a: Freak Emote|33/100
|-ability|p1a: Freak Emote|Berserk|boost
|-boost|p1a: Freak Emote|spa|1
|-enditem|p1a: Freak Emote|Sitrus Berry|[eat]
|-heal|p1a: Freak Emote|58/100|[from] item: Sitrus Berry
|move|p1a: Freak Emote|Air Slash|p2a: Giorno
|-supereffective|p2a: Giorno
|-damage|p2a: Giorno|0 fnt
|faint|p2a: Giorno
|-end|p2a: Giorno|Quark Drive|[silent]
|
|upkeep
|
|t:|1779722151
|switch|p2a: Fugo|Fezandipiti, M|100/100
|turn|16
|
|t:|1779722161
|move|p1a: Freak Emote|Air Slash|p2a: Fugo
|-crit|p2a: Fugo
|-damage|p2a: Fugo|36/100
|cant|p2a: Fugo|flinch
|
|upkeep
|turn|17
|
|t:|1779722173
|move|p1a: Freak Emote|Air Slash|p2a: Fugo
|-damage|p2a: Fugo|0 fnt
|faint|p2a: Fugo
|
|win|ScolipedeIsGreat
|raw|ScolipedeIsGreat's rating: 1224 &rarr; <strong>1245</strong><br />(+21 for winning)
|raw|Literally Trish's rating: 1166 &rarr; <strong>1145</strong><br />(-21 for losing)
|l|☆Literally Trish
|player|p2|
|l|☆ScolipedeIsGreat
|player|p1|
