|j|☆Literally Trish
|j|☆Jules93
|t:|1779664543
|gametype|singles
|player|p1|Literally Trish|bianca|1068
|player|p2|Jules93|hilbert|1063
|gen|9
|tier|[Gen 9] OU
|rated|
|rule|HP Percentage Mod: HP is shown in percentages
|rule|Endless Battle Clause: Forcing endless battles is banned
|rule|Species Clause: Limit one of each Pokémon
|rule|OHKO Clause: OHKO moves are banned
|rule|Evasion Items Clause: Evasion items are banned
|rule|Evasion Moves Clause: Evasion moves are banned
|rule|Evasion Abilities Clause: Evasion abilities are banned
|rule|Sleep Moves Clause: Sleep-inducing moves are banned
|clearpoke
|poke|p1|Iron Valiant|
|poke|p1|Fezandipiti, M|
|poke|p1|Empoleon, M|
|poke|p1|Infernape, M|
|poke|p1|Bronzong|
|poke|p1|Rotom-Fan|
|poke|p2|Skuntank, F|
|poke|p2|Dusknoir, F|
|poke|p2|Lucario, F|
|poke|p2|Electivire, M|
|poke|p2|Empoleon, M|
|poke|p2|Porygon-Z|
|teampreview
|inactive|Battle timer is ON: inactive players will automatically lose when time's up. (requested by Jules93)
|inactive|Literally Trish also wants the timer to be on.
|
|t:|1779664552
|teamsize|p1|6
|teamsize|p2|6
|start
|switch|p1a: Abbacchio|Bronzong|100/100
|switch|p2a: Skuntank|Skuntank, F|100/100
|turn|1
|
|t:|1779664556
|move|p2a: Skuntank|Knock Off|p1a: Abbacchio
|-supereffective|p1a: Abbacchio
|-damage|p1a: Abbacchio|47/100
|-enditem|p1a: Abbacchio|Leftovers|[from] move: Knock Off|[of] p2a: Skuntank
|move|p1a: Abbacchio|Stealth Rock|p2a: Skuntank
|-sidestart|p2: Jules93|move: Stealth Rock
|
|upkeep
|turn|2
|
|t:|1779664562
|move|p2a: Skuntank|Foul Play|p1a: Abbacchio
|-supereffective|p1a: Abbacchio
|-damage|p1a: Abbacchio|6/100
|move|p1a: Abbacchio|Body Press|p2a: Skuntank
|-damage|p2a: Skuntank|83/100
|
|-heal|p2a: Skuntank|89/100|[from] item: Black Sludge
|upkeep
|turn|3
|
|t:|1779664569
|move|p2a: Skuntank|Knock Off|p1a: Abbacchio
|-supereffective|p1a: Abbacchio
|-damage|p1a: Abbacchio|0 fnt
|faint|p1a: Abbacchio
|
|-heal|p2a: Skuntank|96/100|[from] item: Black Sludge
|upkeep
|
|t:|1779664591
|switch|p1a: Fugo|Fezandipiti, M|100/100
|turn|4
|
|t:|1779664597
|move|p1a: Fugo|Moonblast|p2a: Skuntank
|-damage|p2a: Skuntank|66/100
|move|p2a: Skuntank|Knock Off|p1a: Fugo
|-resisted|p1a: Fugo
|-damage|p1a: Fugo|83/100
|-enditem|p1a: Fugo|Heavy-Duty Boots|[from] move: Knock Off|[of] p2a: Skuntank
|
|-heal|p2a: Skuntank|72/100|[from] item: Black Sludge
|upkeep
|turn|5
|
|t:|1779664607
|move|p2a: Skuntank|Protect|p2a: Skuntank
|-singleturn|p2a: Skuntank|Protect
|move|p1a: Fugo|Moonblast|p2a: Skuntank
|-activate|p2a: Skuntank|move: Protect
|
|-heal|p2a: Skuntank|79/100|[from] item: Black Sludge
|upkeep
|turn|6
|inactive|Jules93 has 120 seconds left.
|
|t:|1779664651
|switch|p2a: Empoleon|Empoleon, M|100/100
|-damage|p2a: Empoleon|94/100|[from] Stealth Rock
|move|p1a: Fugo|Moonblast|p2a: Empoleon
|-resisted|p2a: Empoleon
|-damage|p2a: Empoleon|84/100
|
|-heal|p2a: Empoleon|90/100|[from] item: Leftovers
|upkeep
|turn|7
|
|t:|1779664667
|move|p1a: Fugo|U-turn|p2a: Empoleon
|-resisted|p2a: Empoleon
|-damage|p2a: Empoleon|79/100
|
|t:|1779664671
|switch|p1a: Giorno|Iron Valiant|100/100|[from] U-turn
|-enditem|p1a: Giorno|Booster Energy
|-activate|p1a: Giorno|ability: Quark Drive|[fromitem]
|-start|p1a: Giorno|quarkdrivespe
|move|p2a: Empoleon|Agility|p2a: Empoleon
|-boost|p2a: Empoleon|spe|2
|
|-heal|p2a: Empoleon|85/100|[from] item: Leftovers
|upkeep
|turn|8
|inactive|Jules93 has 120 seconds left.
|
|t:|1779664682
|-terastallize|p2a: Empoleon|Fairy
|move|p1a: Giorno|Close Combat|p2a: Empoleon
|-resisted|p2a: Empoleon
|-crit|p2a: Empoleon
|-damage|p2a: Empoleon|32/100
|-unboost|p1a: Giorno|def|1
|-unboost|p1a: Giorno|spd|1
|move|p2a: Empoleon|Agility|p2a: Empoleon
|-boost|p2a: Empoleon|spe|2
|
|-heal|p2a: Empoleon|38/100|[from] item: Leftovers
|upkeep
|turn|9
|inactive|Jules93 has 120 seconds left.
|
|t:|1779664699
|move|p1a: Giorno|Moonblast|p2a: Empoleon
|-damage|p2a: Empoleon|1/100
|-unboost|p2a: Empoleon|spa|1
|-ability|p2a: Empoleon|Competitive|boost
|-boost|p2a: Empoleon|spa|2
|move|p2a: Empoleon|Flash Cannon|p1a: Giorno
|-supereffective|p1a: Giorno
|-damage|p1a: Giorno|0 fnt
|faint|p1a: Giorno
|-end|p1a: Giorno|Quark Drive|[silent]
|
|-heal|p2a: Empoleon|7/100|[from] item: Leftovers
|upkeep
|
|t:|1779664709
|switch|p1a: MISTA MISTA|Infernape, M, shiny|100/100
|turn|10
|
|t:|1779664712
|move|p1a: MISTA MISTA|Vacuum Wave|p2a: Empoleon
|-resisted|p2a: Empoleon
|-damage|p2a: Empoleon|0 fnt
|faint|p2a: Empoleon
|
|upkeep
|
|t:|1779664720
|switch|p2a: Skuntank|Skuntank, F|79/100
|-damage|p2a: Skuntank|66/100|[from] Stealth Rock
|turn|11
|
|t:|1779664732
|move|p1a: MISTA MISTA|Overheat|p2a: Skuntank
|-damage|p2a: Skuntank|0 fnt
|-unboost|p1a: MISTA MISTA|spa|2
|faint|p2a: Skuntank
|
|upkeep
|inactive|Jules93 has 120 seconds left.
|
|t:|1779664778
|switch|p2a: Dusknoir|Dusknoir, F|100/100
|-damage|p2a: Dusknoir|88/100|[from] Stealth Rock
|-item|p1a: MISTA MISTA|Focus Sash|[from] ability: Frisk|[of] p2a: Dusknoir
|turn|12
|
|t:|1779664784
|move|p1a: MISTA MISTA|Nasty Plot|p1a: MISTA MISTA
|-boost|p1a: MISTA MISTA|spa|2
|move|p2a: Dusknoir|Poltergeist|p1a: MISTA MISTA|[miss]
|-miss|p2a: Dusknoir|p1a: MISTA MISTA
|
|-heal|p2a: Dusknoir|94/100|[from] item: Leftovers
|upkeep
|turn|13
|
|t:|1779664793
|move|p1a: MISTA MISTA|Nasty Plot|p1a: MISTA MISTA
|-boost|p1a: MISTA MISTA|spa|2
|move|p2a: Dusknoir|Poltergeist|p1a: MISTA MISTA|[miss]
|-miss|p2a: Dusknoir|p1a: MISTA MISTA
|
|-heal|p2a: Dusknoir|100/100|[from] item: Leftovers
|upkeep
|turn|14
|
|t:|1779664801
|move|p1a: MISTA MISTA|Nasty Plot|p1a: MISTA MISTA
|-boost|p1a: MISTA MISTA|spa|2
|move|p2a: Dusknoir|Haze|p2a: Dusknoir
|-clearallboost
|
|upkeep
|turn|15
|
|t:|1779664806
|move|p1a: MISTA MISTA|Nasty Plot|p1a: MISTA MISTA
|-boost|p1a: MISTA MISTA|spa|2
|move|p2a: Dusknoir|Poltergeist|p1a: MISTA MISTA
|-activate|p1a: MISTA MISTA|move: Poltergeist|Focus Sash
|-damage|p1a: MISTA MISTA|38/100
|
|upkeep
|turn|16
|inactive|Jules93 has 120 seconds left.
|
|t:|1779664813
|move|p1a: MISTA MISTA|Overheat|p2a: Dusknoir|[miss]
|-miss|p1a: MISTA MISTA|p2a: Dusknoir
|move|p2a: Dusknoir|Poltergeist|p1a: MISTA MISTA
|-activate|p1a: MISTA MISTA|move: Poltergeist|Focus Sash
|-damage|p1a: MISTA MISTA|0 fnt
|faint|p1a: MISTA MISTA
|
|upkeep
|
|t:|1779664820
|switch|p1a: Fugo|Fezandipiti, M|83/100
|turn|17
|
|t:|1779664825
|move|p1a: Fugo|Beat Up|p2a: Dusknoir
|-supereffective|p2a: Dusknoir
|-damage|p2a: Dusknoir|94/100
|-supereffective|p2a: Dusknoir
|-damage|p2a: Dusknoir|88/100
|-status|p2a: Dusknoir|tox|[from] ability: Toxic Chain|[of] p1a: Fugo
|-supereffective|p2a: Dusknoir
|-damage|p2a: Dusknoir|83/100 tox
|-hitcount|p2a: Dusknoir|3
|move|p2a: Dusknoir|Poltergeist||[still]
|-fail|p2a: Dusknoir
|
|-heal|p2a: Dusknoir|89/100 tox|[from] item: Leftovers
|-damage|p2a: Dusknoir|83/100 tox|[from] psn
|upkeep
|turn|18
|
|t:|1779664839
|move|p1a: Fugo|Roost|p1a: Fugo
|-heal|p1a: Fugo|100/100
|-singleturn|p1a: Fugo|move: Roost
|move|p2a: Dusknoir|Poltergeist||[still]
|-fail|p2a: Dusknoir
|
|-heal|p2a: Dusknoir|89/100 tox|[from] item: Leftovers
|-damage|p2a: Dusknoir|77/100 tox|[from] psn
|upkeep
|turn|19
|
|t:|1779664849
|move|p1a: Fugo|Beat Up|p2a: Dusknoir
|-supereffective|p2a: Dusknoir
|-damage|p2a: Dusknoir|71/100 tox
|-supereffective|p2a: Dusknoir
|-damage|p2a: Dusknoir|65/100 tox
|-supereffective|p2a: Dusknoir
|-damage|p2a: Dusknoir|60/100 tox
|-hitcount|p2a: Dusknoir|3
|move|p2a: Dusknoir|Haze|p2a: Dusknoir
|-clearallboost
|
|-heal|p2a: Dusknoir|66/100 tox|[from] item: Leftovers
|-damage|p2a: Dusknoir|48/100 tox|[from] psn
|upkeep
|turn|20
|
|t:|1779664861
|move|p1a: Fugo|Beat Up|p2a: Dusknoir
|-supereffective|p2a: Dusknoir
|-crit|p2a: Dusknoir
|-damage|p2a: Dusknoir|39/100 tox
|-supereffective|p2a: Dusknoir
|-damage|p2a: Dusknoir|32/100 tox
|-supereffective|p2a: Dusknoir
|-damage|p2a: Dusknoir|26/100 tox
|-hitcount|p2a: Dusknoir|3
|move|p2a: Dusknoir|Pain Split|p1a: Fugo
|-sethp|p1a: Fugo|60/100|[from] move: Pain Split|[silent]
|-sethp|p2a: Dusknoir|78/100 tox|[from] move: Pain Split
|
|-heal|p2a: Dusknoir|84/100 tox|[from] item: Leftovers
|-damage|p2a: Dusknoir|60/100 tox|[from] psn
|upkeep
|turn|21
|
|t:|1779664876
|move|p1a: Fugo|Roost|p1a: Fugo
|-heal|p1a: Fugo|100/100
|-singleturn|p1a: Fugo|move: Roost
|move|p2a: Dusknoir|Pain Split|p1a: Fugo
|-sethp|p1a: Fugo|73/100|[from] move: Pain Split|[silent]
|-sethp|p2a: Dusknoir|95/100 tox|[from] move: Pain Split
|
|-heal|p2a: Dusknoir|100/100 tox|[from] item: Leftovers
|-damage|p2a: Dusknoir|70/100 tox|[from] psn
|upkeep
|turn|22
|
|t:|1779664894
|move|p1a: Fugo|Beat Up|p2a: Dusknoir
|-supereffective|p2a: Dusknoir
|-damage|p2a: Dusknoir|63/100 tox
|-supereffective|p2a: Dusknoir
|-damage|p2a: Dusknoir|57/100 tox
|-supereffective|p2a: Dusknoir
|-damage|p2a: Dusknoir|52/100 tox
|-hitcount|p2a: Dusknoir|3
|move|p2a: Dusknoir|Pain Split|p1a: Fugo
|-sethp|p1a: Fugo|57/100|[from] move: Pain Split|[silent]
|-sethp|p2a: Dusknoir|73/100 tox|[from] move: Pain Split
|
|-heal|p2a: Dusknoir|79/100 tox|[from] item: Leftovers
|-damage|p2a: Dusknoir|42/100 tox|[from] psn
|upkeep
|turn|23
|
|t:|1779664909
|move|p1a: Fugo|Roost|p1a: Fugo
|-heal|p1a: Fugo|100/100
|-singleturn|p1a: Fugo|move: Roost
|move|p2a: Dusknoir|Pain Split|p1a: Fugo
|-sethp|p1a: Fugo|67/100|[from] move: Pain Split|[silent]
|-sethp|p2a: Dusknoir|86/100 tox|[from] move: Pain Split
|
|-heal|p2a: Dusknoir|92/100 tox|[from] item: Leftovers
|-damage|p2a: Dusknoir|49/100 tox|[from] psn
|upkeep
|turn|24
|
|t:|1779664925
|move|p1a: Fugo|Beat Up|p2a: Dusknoir
|-supereffective|p2a: Dusknoir
|-damage|p2a: Dusknoir|42/100 tox
|-supereffective|p2a: Dusknoir
|-damage|p2a: Dusknoir|36/100 tox
|-supereffective|p2a: Dusknoir
|-damage|p2a: Dusknoir|31/100 tox
|-hitcount|p2a: Dusknoir|3
|move|p2a: Dusknoir|Pain Split|p1a: Fugo
|-sethp|p1a: Fugo|45/100|[from] move: Pain Split|[silent]
|-sethp|p2a: Dusknoir|59/100 tox|[from] move: Pain Split
|
|-heal|p2a: Dusknoir|65/100 tox|[from] item: Leftovers
|-damage|p2a: Dusknoir|16/100 tox|[from] psn
|upkeep
|turn|25
|
|t:|1779664938
|move|p1a: Fugo|Roost|p1a: Fugo
|-heal|p1a: Fugo|95/100
|-singleturn|p1a: Fugo|move: Roost
|move|p2a: Dusknoir|Pain Split|p1a: Fugo
|-sethp|p1a: Fugo|54/100|[from] move: Pain Split|[silent]
|-sethp|p2a: Dusknoir|70/100 tox|[from] move: Pain Split
|
|-heal|p2a: Dusknoir|76/100 tox|[from] item: Leftovers
|-damage|p2a: Dusknoir|21/100 tox|[from] psn
|upkeep
|turn|26
|
|t:|1779664949
|move|p1a: Fugo|Roost|p1a: Fugo
|-heal|p1a: Fugo|100/100
|-singleturn|p1a: Fugo|move: Roost
|move|p2a: Dusknoir|Pain Split|p1a: Fugo
|-sethp|p1a: Fugo|58/100|[from] move: Pain Split|[silent]
|-sethp|p2a: Dusknoir|75/100 tox|[from] move: Pain Split
|
|-heal|p2a: Dusknoir|81/100 tox|[from] item: Leftovers
|-damage|p2a: Dusknoir|20/100 tox|[from] psn
|upkeep
|turn|27
|
|t:|1779664957
|move|p1a: Fugo|Beat Up|p2a: Dusknoir
|-supereffective|p2a: Dusknoir
|-damage|p2a: Dusknoir|13/100 tox
|-supereffective|p2a: Dusknoir
|-damage|p2a: Dusknoir|7/100 tox
|-supereffective|p2a: Dusknoir
|-damage|p2a: Dusknoir|2/100 tox
|-hitcount|p2a: Dusknoir|3
|move|p2a: Dusknoir|Pain Split|p1a: Fugo
|-sethp|p1a: Fugo|30/100|[from] move: Pain Split|[silent]
|-sethp|p2a: Dusknoir|39/100 tox|[from] move: Pain Split
|
|-heal|p2a: Dusknoir|45/100 tox|[from] item: Leftovers
|-damage|p2a: Dusknoir|0 fnt|[from] psn
|faint|p2a: Dusknoir
|upkeep
|
|t:|1779664975
|switch|p2a: Lucario|Lucario, F|100/100
|-damage|p2a: Lucario|98/100|[from] Stealth Rock
|turn|28
|
|t:|1779664979
|move|p2a: Lucario|Extreme Speed|p1a: Fugo
|-damage|p1a: Fugo|0 fnt
|faint|p1a: Fugo
|-damage|p2a: Lucario|88/100|[from] item: Life Orb
|
|upkeep
|
|t:|1779664983
|switch|p1a: Narancia|Rotom-Fan|100/100
|turn|29
|
|t:|1779664988
|move|p2a: Lucario|Extreme Speed|p1a: Narancia
|-damage|p1a: Narancia|50/100
|-damage|p2a: Lucario|78/100|[from] item: Life Orb
|move|p1a: Narancia|Thunderbolt|p2a: Lucario
|-damage|p2a: Lucario|22/100
|
|upkeep
|turn|30
|
|t:|1779664996
|move|p2a: Lucario|Extreme Speed|p1a: Narancia
|-damage|p1a: Narancia|3/100
|-damage|p2a: Lucario|12/100|[from] item: Life Orb
|move|p1a: Narancia|Thunderbolt|p2a: Lucario
|-crit|p2a: Lucario
|-damage|p2a: Lucario|0 fnt
|faint|p2a: Lucario
|
|upkeep
|
|t:|1779665008
|switch|p2a: Electivire|Electivire, M|100/100
|turn|31
|
|t:|1779665011
|switch|p1a: Bucciarati|Empoleon, M, shiny|100/100
|move|p2a: Electivire|Bulk Up|p2a: Electivire
|-boost|p2a: Electivire|atk|1
|-boost|p2a: Electivire|def|1
|
|upkeep
|turn|32
|
|t:|1779665022
|move|p2a: Electivire|Wild Charge|p1a: Bucciarati
|-supereffective|p1a: Bucciarati
|-damage|p1a: Bucciarati|0 fnt
|faint|p1a: Bucciarati
|-damage|p2a: Electivire|69/100|[from] Recoil
|
|upkeep
|
|t:|1779665025
|switch|p1a: Narancia|Rotom-Fan|3/100
|turn|33
|
|t:|1779665030
|move|p1a: Narancia|Air Slash|p2a: Electivire
|-resisted|p2a: Electivire
|-damage|p2a: Electivire|48/100
|move|p2a: Electivire|Ice Punch|p1a: Narancia
|-supereffective|p1a: Narancia
|-damage|p1a: Narancia|0 fnt
|faint|p1a: Narancia
|
|win|Jules93
|raw|Literally Trish's rating: 1068 &rarr; <strong>1048</strong><br />(-20 for losing)
|raw|Jules93's rating: 1063 &rarr; <strong>1094</strong><br />(+31 for winning)
|l|☆Literally Trish
|player|p1|
|l|☆Jules93
|player|p2|
