|j|☆Donerfrau
|j|☆rnd_tm
|t:|1779615092
|gametype|singles
|player|p1|Donerfrau|cyrus|1073
|player|p2|rnd_tm|1|1107
|gen|9
|tier|[Gen 9] OU
|rated|
|rule|HP Percentage Mod: HP is shown in percentages
|rule|Endless Battle Clause: Forcing endless battles is banned
|rule|Species Clause: Limit one of each Pokémon
|rule|OHKO Clause: OHKO moves are banned
|rule|Evasion Items Clause: Evasion items are banned
|rule|Evasion Moves Clause: Evasion moves are banned
|rule|Evasion Abilities Clause: Evasion abilities are banned
|rule|Sleep Moves Clause: Sleep-inducing moves are banned
|clearpoke
|poke|p1|Tyranitar, F|
|poke|p1|Iron Valiant|
|poke|p1|Garchomp, F|
|poke|p1|Kingambit, F|
|poke|p1|Scizor, M|
|poke|p1|Chandelure, M|
|poke|p2|Umbreon, M|
|poke|p2|Lumineon, M|
|poke|p2|Klefki, M|
|poke|p2|Haxorus, M|
|poke|p2|Lilligant-Hisui, F|
|poke|p2|Decidueye-Hisui, M|
|teampreview
|inactive|Battle timer is ON: inactive players will automatically lose when time's up. (requested by rnd_tm)
|
|t:|1779615116
|teamsize|p1|6
|teamsize|p2|6
|start
|switch|p1a: Garchomp|Garchomp, F|100/100
|switch|p2a: Decidueye|Decidueye-Hisui, M|100/100
|turn|1
|
|t:|1779615129
|move|p1a: Garchomp|Fire Fang|p2a: Decidueye
|-supereffective|p2a: Decidueye
|-damage|p2a: Decidueye|52/100
|-status|p2a: Decidueye|brn
|move|p2a: Decidueye|Knock Off|p1a: Garchomp
|-damage|p1a: Garchomp|83/100
|-damage|p2a: Decidueye|39/100 brn|[from] ability: Rough Skin|[of] p1a: Garchomp
|-enditem|p1a: Garchomp|Leftovers|[from] move: Knock Off|[of] p2a: Decidueye
|
|-damage|p2a: Decidueye|33/100 brn|[from] brn
|upkeep
|turn|2
|
|t:|1779615144
|move|p1a: Garchomp|Swords Dance|p1a: Garchomp
|-boost|p1a: Garchomp|atk|2
|move|p2a: Decidueye|Triple Arrows|p1a: Garchomp
|-damage|p1a: Garchomp|60/100
|-unboost|p1a: Garchomp|def|1
|
|-damage|p2a: Decidueye|27/100 brn|[from] brn
|upkeep
|turn|3
|
|t:|1779615153
|move|p1a: Garchomp|Scale Shot|p2a: Decidueye
|-damage|p2a: Decidueye|0 fnt
|faint|p2a: Decidueye
|-hitcount|p2: Decidueye|1
|-unboost|p1a: Garchomp|def|1
|-boost|p1a: Garchomp|spe|1
|
|upkeep
|
|t:|1779615171
|switch|p2a: Lilligant|Lilligant-Hisui, F|100/100
|turn|4
|
|t:|1779615177
|move|p1a: Garchomp|Fire Fang|p2a: Lilligant
|-supereffective|p2a: Lilligant
|-damage|p2a: Lilligant|0 fnt
|faint|p2a: Lilligant
|
|upkeep
|
|t:|1779615182
|switch|p2a: Umbreon|Umbreon, M|100/100
|turn|5
|
|t:|1779615188
|move|p1a: Garchomp|Fire Fang|p2a: Umbreon
|-damage|p2a: Umbreon|68/100
|move|p2a: Umbreon|Foul Play|p1a: Garchomp
|-damage|p1a: Garchomp|0 fnt
|-damage|p2a: Umbreon|55/100|[from] ability: Rough Skin|[of] p1a: Garchomp
|faint|p1a: Garchomp
|
|-heal|p2a: Umbreon|61/100|[from] item: Leftovers
|upkeep
|
|t:|1779615191
|switch|p1a: Scizor|Scizor, M|100/100
|turn|6
|
|t:|1779615207
|switch|p2a: Klefki|Klefki, M|100/100
|move|p1a: Scizor|Swords Dance|p1a: Scizor
|-boost|p1a: Scizor|atk|2
|
|upkeep
|turn|7
|
|t:|1779615218
|-terastallize|p1a: Scizor|Fighting
|move|p2a: Klefki|Thunder Wave|p1a: Scizor
|-status|p1a: Scizor|par
|cant|p1a: Scizor|par
|
|upkeep
|turn|8
|
|t:|1779615224
|move|p2a: Klefki|Rain Dance|p2a: Klefki
|-weather|RainDance
|move|p1a: Scizor|Close Combat|p2a: Klefki
|-damage|p2a: Klefki|0 fnt
|-unboost|p1a: Scizor|def|1
|-unboost|p1a: Scizor|spd|1
|faint|p2a: Klefki
|
|-weather|RainDance|[upkeep]
|upkeep
|
|t:|1779615232
|switch|p2a: Lumineon|Lumineon, M|100/100
|turn|9
|
|t:|1779615238
|-terastallize|p2a: Lumineon|Water
|move|p2a: Lumineon|Hydro Pump|p1a: Scizor
|-damage|p1a: Scizor|0 fnt
|faint|p1a: Scizor
|
|-weather|RainDance|[upkeep]
|upkeep
|
|t:|1779615243
|switch|p1a: Iron Valiant|Iron Valiant, shiny|100/100
|-enditem|p1a: Iron Valiant|Booster Energy
|-activate|p1a: Iron Valiant|ability: Quark Drive|[fromitem]
|-start|p1a: Iron Valiant|quarkdrivespa
|turn|10
|
|t:|1779615249
|move|p2a: Lumineon|Hydro Pump|p1a: Iron Valiant
|-damage|p1a: Iron Valiant|0 fnt
|faint|p1a: Iron Valiant
|-end|p1a: Iron Valiant|Quark Drive|[silent]
|
|-weather|RainDance|[upkeep]
|upkeep
|
|t:|1779615257
|switch|p1a: Kingambit|Kingambit, F, shiny|100/100
|-activate|p1a: Kingambit|ability: Supreme Overlord
|-start|p1a: Kingambit|fallen3|[silent]
|-item|p1a: Kingambit|Air Balloon
|turn|11
|
|t:|1779615262
|move|p2a: Lumineon|Hydro Pump|p1a: Kingambit|[miss]
|-miss|p2a: Lumineon|p1a: Kingambit
|move|p1a: Kingambit|Swords Dance|p1a: Kingambit
|-boost|p1a: Kingambit|atk|2
|
|-weather|RainDance|[upkeep]
|upkeep
|turn|12
|
|t:|1779615269
|-end|p1a: Kingambit|fallen3|[silent]
|switch|p1a: Tyranitar|Tyranitar, F|100/100
|-weather|Sandstorm|[from] ability: Sand Stream|[of] p1a: Tyranitar
|move|p2a: Lumineon|Hydro Pump|p1a: Tyranitar
|-supereffective|p1a: Tyranitar
|-damage|p1a: Tyranitar|0 fnt
|faint|p1a: Tyranitar
|
|-weather|Sandstorm|[upkeep]
|-damage|p2a: Lumineon|94/100|[from] Sandstorm
|upkeep
|
|t:|1779615271
|switch|p1a: Kingambit|Kingambit, F, shiny|100/100
|-activate|p1a: Kingambit|ability: Supreme Overlord
|-start|p1a: Kingambit|fallen4|[silent]
|-item|p1a: Kingambit|Air Balloon
|turn|13
|
|t:|1779615282
|move|p2a: Lumineon|Hydro Pump|p1a: Kingambit
|-damage|p1a: Kingambit|29/100
|-enditem|p1a: Kingambit|Air Balloon
|move|p1a: Kingambit|Swords Dance|p1a: Kingambit
|-boost|p1a: Kingambit|atk|2
|
|-weather|Sandstorm|[upkeep]
|-damage|p2a: Lumineon|88/100|[from] Sandstorm
|upkeep
|turn|14
|
|t:|1779615291
|move|p1a: Kingambit|Sucker Punch|p2a: Lumineon
|-damage|p2a: Lumineon|0 fnt
|faint|p2a: Lumineon
|
|-weather|Sandstorm|[upkeep]
|upkeep
|
|t:|1779615306
|switch|p2a: Umbreon|Umbreon, M|61/100
|turn|15
|
|t:|1779615313
|move|p2a: Umbreon|Moonlight|p2a: Umbreon
|-heal|p2a: Umbreon|86/100
|move|p1a: Kingambit|Low Kick|p2a: Umbreon
|-supereffective|p2a: Umbreon
|-damage|p2a: Umbreon|4/100
|
|-weather|Sandstorm|[upkeep]
|-damage|p2a: Umbreon|0 fnt|[from] Sandstorm
|faint|p2a: Umbreon
|upkeep
|
|t:|1779615321
|switch|p2a: Haxorus|Haxorus, M|100/100
|turn|16
|
|t:|1779615329
|move|p1a: Kingambit|Sucker Punch|p2a: Haxorus
|-damage|p2a: Haxorus|0 fnt
|faint|p2a: Haxorus
|
|win|Donerfrau
|raw|Donerfrau's rating: 1073 &rarr; <strong>1105</strong><br />(+32 for winning)
|raw|rnd_tm's rating: 1107 &rarr; <strong>1080</strong><br />(-27 for losing)
|l|☆Donerfrau
|player|p1|
|l|☆rnd_tm
|player|p2|
