|j|☆tmrrxw
|j|☆itssj7203
|t:|1779670298
|gametype|singles
|player|p1|tmrrxw|iris-gen5bw2|1159
|player|p2|itssj7203|swimmer-gen4dp|1218
|gen|9
|tier|[Gen 9] OU
|rated|
|rule|HP Percentage Mod: HP is shown in percentages
|rule|Endless Battle Clause: Forcing endless battles is banned
|rule|Species Clause: Limit one of each Pokémon
|rule|OHKO Clause: OHKO moves are banned
|rule|Evasion Items Clause: Evasion items are banned
|rule|Evasion Moves Clause: Evasion moves are banned
|rule|Evasion Abilities Clause: Evasion abilities are banned
|rule|Sleep Moves Clause: Sleep-inducing moves are banned
|clearpoke
|poke|p1|Gholdengo|
|poke|p1|Muk-Alola, F|
|poke|p1|Hydrapple, M|
|poke|p1|Krookodile, F|
|poke|p1|Kilowattrel, F|
|poke|p1|Magneton|
|poke|p2|Gliscor, M|
|poke|p2|Pecharunt|
|poke|p2|Glimmora, M|
|poke|p2|Kingambit, M|
|poke|p2|Clefable, F|
|poke|p2|Great Tusk|
|teampreview
|c|☆itssj7203|glhf
|
|t:|1779670309
|teamsize|p1|6
|teamsize|p2|6
|start
|switch|p1a: Krookodile|Krookodile, F|100/100
|switch|p2a: Snot rocket|Glimmora, M|100/100
|turn|1
|
|t:|1779670342
|move|p1a: Krookodile|Knock Off|p2a: Snot rocket
|-damage|p2a: Snot rocket|47/100
|-activate|p2a: Snot rocket|ability: Toxic Debris
|-sidestart|p1: tmrrxw|move: Toxic Spikes
|-enditem|p2a: Snot rocket|Focus Sash|[from] move: Knock Off|[of] p1a: Krookodile
|move|p2a: Snot rocket|Stealth Rock|p1a: Krookodile
|-sidestart|p1: tmrrxw|move: Stealth Rock
|
|upkeep
|turn|2
|
|t:|1779670355
|switch|p1a: Muk|Muk-Alola, F|100/100
|-sideend|p1: tmrrxw|move: Toxic Spikes|[of] p1a: Muk
|-damage|p1a: Muk|88/100|[from] Stealth Rock
|move|p2a: Snot rocket|Mortal Spin|p1a: Muk
|-resisted|p1a: Muk
|-damage|p1a: Muk|85/100
|
|upkeep
|turn|3
|
|t:|1779670365
|switch|p1a: Krookodile|Krookodile, F|100/100
|-damage|p1a: Krookodile|94/100|[from] Stealth Rock
|move|p2a: Snot rocket|Earth Power|p1a: Krookodile
|-damage|p1a: Krookodile|50/100
|
|upkeep
|turn|4
|
|t:|1779670372
|move|p1a: Krookodile|Earthquake|p2a: Snot rocket
|-supereffective|p2a: Snot rocket
|-damage|p2a: Snot rocket|0 fnt
|-activate|p2a: Snot rocket|ability: Toxic Debris
|-sidestart|p1: tmrrxw|move: Toxic Spikes
|faint|p2a: Snot rocket
|-ability|p1a: Krookodile|Moxie|boost
|-boost|p1a: Krookodile|atk|1
|
|upkeep
|inactive|Battle timer is ON: inactive players will automatically lose when time's up. (requested by tmrrxw)
|
|t:|1779670395
|switch|p2a: Big Bertha|Clefable, F|100/100
|turn|5
|
|t:|1779670402
|switch|p1a: Muk|Muk-Alola, F|85/100
|-damage|p1a: Muk|73/100|[from] Stealth Rock
|-sideend|p1: tmrrxw|move: Toxic Spikes|[of] p1a: Muk
|move|p2a: Big Bertha|Cosmic Power|p2a: Big Bertha
|-boost|p2a: Big Bertha|def|1
|-boost|p2a: Big Bertha|spd|1
|
|upkeep
|turn|6
|
|t:|1779670410
|move|p2a: Big Bertha|Cosmic Power|p2a: Big Bertha
|-boost|p2a: Big Bertha|def|1
|-boost|p2a: Big Bertha|spd|1
|move|p1a: Muk|Poison Jab|p2a: Big Bertha
|-supereffective|p2a: Big Bertha
|-damage|p2a: Big Bertha|70/100
|-status|p2a: Big Bertha|psn|[from] ability: Poison Touch|[of] p1a: Muk
|
|-heal|p2a: Big Bertha|76/100 psn|[from] item: Leftovers
|upkeep
|turn|7
|c|☆itssj7203|large and in chartge
|
|t:|1779670424
|switch|p1a: Magneton|Magneton|100/100
|-damage|p1a: Magneton|94/100|[from] Stealth Rock
|move|p2a: Big Bertha|Cosmic Power|p2a: Big Bertha
|-boost|p2a: Big Bertha|def|1
|-boost|p2a: Big Bertha|spd|1
|
|-heal|p2a: Big Bertha|82/100 psn|[from] item: Leftovers
|upkeep
|turn|8
|
|t:|1779670432
|move|p1a: Magneton|Steel Beam|p2a: Big Bertha
|-supereffective|p2a: Big Bertha
|-damage|p2a: Big Bertha|30/100 psn
|-damage|p1a: Magneton|44/100|[from] steelbeam
|move|p2a: Big Bertha|Cosmic Power|p2a: Big Bertha
|-boost|p2a: Big Bertha|def|1
|-boost|p2a: Big Bertha|spd|1
|
|-heal|p2a: Big Bertha|36/100 psn|[from] item: Leftovers
|upkeep
|turn|9
|
|t:|1779670451
|-terastallize|p2a: Big Bertha|Steel
|move|p1a: Magneton|Steel Beam|p2a: Big Bertha
|-resisted|p2a: Big Bertha
|-damage|p2a: Big Bertha|26/100 psn
|-damage|p1a: Magneton|0 fnt|[from] steelbeam
|faint|p1a: Magneton
|move|p2a: Big Bertha|Moonlight|p2a: Big Bertha
|-heal|p2a: Big Bertha|76/100 psn
|
|-heal|p2a: Big Bertha|82/100 psn|[from] item: Leftovers
|upkeep
|
|t:|1779670455
|switch|p1a: Krookodile|Krookodile, F|50/100
|-damage|p1a: Krookodile|44/100|[from] Stealth Rock
|turn|10
|
|t:|1779670464
|move|p1a: Krookodile|Earthquake|p2a: Big Bertha
|-supereffective|p2a: Big Bertha
|-damage|p2a: Big Bertha|55/100 psn
|move|p2a: Big Bertha|Cosmic Power|p2a: Big Bertha
|-boost|p2a: Big Bertha|def|1
|-boost|p2a: Big Bertha|spd|1
|
|-heal|p2a: Big Bertha|61/100 psn|[from] item: Leftovers
|upkeep
|turn|11
|
|t:|1779670477
|move|p1a: Krookodile|Earthquake|p2a: Big Bertha
|-supereffective|p2a: Big Bertha
|-damage|p2a: Big Bertha|39/100 psn
|move|p2a: Big Bertha|Moonlight|p2a: Big Bertha
|-heal|p2a: Big Bertha|89/100 psn
|
|-heal|p2a: Big Bertha|95/100 psn|[from] item: Leftovers
|upkeep
|turn|12
|
|t:|1779670485
|move|p1a: Krookodile|Earthquake|p2a: Big Bertha
|-supereffective|p2a: Big Bertha
|-damage|p2a: Big Bertha|73/100 psn
|move|p2a: Big Bertha|Cosmic Power|p2a: Big Bertha
|-boost|p2a: Big Bertha|def|1
|-boost|p2a: Big Bertha|spd|1
|
|-heal|p2a: Big Bertha|79/100 psn|[from] item: Leftovers
|upkeep
|turn|13
|
|t:|1779670494
|move|p1a: Krookodile|Earthquake|p2a: Big Bertha
|-supereffective|p2a: Big Bertha
|-damage|p2a: Big Bertha|58/100 psn
|move|p2a: Big Bertha|Meteor Beam||[still]
|-prepare|p2a: Big Bertha|Meteor Beam
|-boost|p2a: Big Bertha|spa|1
|
|-heal|p2a: Big Bertha|64/100 psn|[from] item: Leftovers
|upkeep
|turn|14
|
|t:|1779670501
|move|p1a: Krookodile|Earthquake|p2a: Big Bertha
|-supereffective|p2a: Big Bertha
|-damage|p2a: Big Bertha|44/100 psn
|move|p2a: Big Bertha|Meteor Beam|p1a: Krookodile|[from] lockedmove|[miss]
|-miss|p2a: Big Bertha|p1a: Krookodile
|
|-heal|p2a: Big Bertha|50/100 psn|[from] item: Leftovers
|upkeep
|turn|15
|
|t:|1779670509
|move|p1a: Krookodile|Earthquake|p2a: Big Bertha
|-supereffective|p2a: Big Bertha
|-damage|p2a: Big Bertha|28/100 psn
|move|p2a: Big Bertha|Moonlight|p2a: Big Bertha
|-heal|p2a: Big Bertha|78/100 psn
|
|-heal|p2a: Big Bertha|84/100 psn|[from] item: Leftovers
|upkeep
|turn|16
|
|t:|1779670517
|move|p1a: Krookodile|Earthquake|p2a: Big Bertha
|-supereffective|p2a: Big Bertha
|-damage|p2a: Big Bertha|64/100 psn
|move|p2a: Big Bertha|Meteor Beam||[still]
|-prepare|p2a: Big Bertha|Meteor Beam
|-boost|p2a: Big Bertha|spa|1
|
|-heal|p2a: Big Bertha|70/100 psn|[from] item: Leftovers
|upkeep
|turn|17
|
|t:|1779670524
|move|p1a: Krookodile|Earthquake|p2a: Big Bertha
|-supereffective|p2a: Big Bertha
|-damage|p2a: Big Bertha|48/100 psn
|move|p2a: Big Bertha|Meteor Beam|p1a: Krookodile|[from] lockedmove
|-resisted|p1a: Krookodile
|-damage|p1a: Krookodile|9/100
|
|-heal|p2a: Big Bertha|55/100 psn|[from] item: Leftovers
|upkeep
|turn|18
|
|t:|1779670534
|move|p1a: Krookodile|Earthquake|p2a: Big Bertha
|-supereffective|p2a: Big Bertha
|-damage|p2a: Big Bertha|34/100 psn
|move|p2a: Big Bertha|Moonlight|p2a: Big Bertha
|-heal|p2a: Big Bertha|84/100 psn
|
|-heal|p2a: Big Bertha|90/100 psn|[from] item: Leftovers
|upkeep
|turn|19
|
|t:|1779670541
|move|p1a: Krookodile|Earthquake|p2a: Big Bertha
|-supereffective|p2a: Big Bertha
|-damage|p2a: Big Bertha|70/100 psn
|move|p2a: Big Bertha|Meteor Beam||[still]
|-prepare|p2a: Big Bertha|Meteor Beam
|-boost|p2a: Big Bertha|spa|1
|
|-heal|p2a: Big Bertha|76/100 psn|[from] item: Leftovers
|upkeep
|turn|20
|
|t:|1779670549
|move|p1a: Krookodile|Earthquake|p2a: Big Bertha
|-supereffective|p2a: Big Bertha
|-damage|p2a: Big Bertha|54/100 psn
|move|p2a: Big Bertha|Meteor Beam|p1a: Krookodile|[from] lockedmove
|-resisted|p1a: Krookodile
|-damage|p1a: Krookodile|0 fnt
|faint|p1a: Krookodile
|
|-heal|p2a: Big Bertha|60/100 psn|[from] item: Leftovers
|upkeep
|
|t:|1779670552
|switch|p1a: Muk|Muk-Alola, F|73/100
|-damage|p1a: Muk|60/100|[from] Stealth Rock
|turn|21
|
|t:|1779670567
|move|p2a: Big Bertha|Moonlight|p2a: Big Bertha
|-heal|p2a: Big Bertha|100/100 psn
|move|p1a: Muk|Drain Punch|p2a: Big Bertha
|-supereffective|p2a: Big Bertha
|-damage|p2a: Big Bertha|90/100 psn
|-heal|p1a: Muk|65/100|[from] drain|[of] p2a: Big Bertha
|
|-heal|p2a: Big Bertha|96/100 psn|[from] item: Leftovers
|upkeep
|turn|22
|
|t:|1779670577
|move|p2a: Big Bertha|Meteor Beam||[still]
|-prepare|p2a: Big Bertha|Meteor Beam
|-boost|p2a: Big Bertha|spa|1
|move|p1a: Muk|Drain Punch|p2a: Big Bertha
|-supereffective|p2a: Big Bertha
|-damage|p2a: Big Bertha|85/100 psn
|-heal|p1a: Muk|71/100|[from] drain|[of] p2a: Big Bertha
|
|-heal|p2a: Big Bertha|91/100 psn|[from] item: Leftovers
|upkeep
|turn|23
|
|t:|1779670587
|move|p2a: Big Bertha|Meteor Beam|p1a: Muk|[from] lockedmove
|-damage|p1a: Muk|32/100
|move|p1a: Muk|Drain Punch|p2a: Big Bertha
|-supereffective|p2a: Big Bertha
|-damage|p2a: Big Bertha|80/100 psn
|-heal|p1a: Muk|37/100|[from] drain|[of] p2a: Big Bertha
|
|-heal|p2a: Big Bertha|86/100 psn|[from] item: Leftovers
|upkeep
|turn|24
|
|t:|1779670595
|move|p2a: Big Bertha|Meteor Beam||[still]
|-prepare|p2a: Big Bertha|Meteor Beam
|-boost|p2a: Big Bertha|spa|1
|move|p1a: Muk|Drain Punch|p2a: Big Bertha
|-supereffective|p2a: Big Bertha
|-damage|p2a: Big Bertha|76/100 psn
|-heal|p1a: Muk|42/100|[from] drain|[of] p2a: Big Bertha
|
|-heal|p2a: Big Bertha|82/100 psn|[from] item: Leftovers
|upkeep
|turn|25
|
|t:|1779670605
|move|p2a: Big Bertha|Meteor Beam|p1a: Muk|[from] lockedmove
|-damage|p1a: Muk|0 fnt
|faint|p1a: Muk
|
|-heal|p2a: Big Bertha|88/100 psn|[from] item: Leftovers
|upkeep
|-message|tmrrxw forfeited.
|
|win|itssj7203
|raw|tmrrxw's rating: 1159 &rarr; <strong>1138</strong><br />(-21 for losing)
|raw|itssj7203's rating: 1218 &rarr; <strong>1239</strong><br />(+21 for winning)
|l|☆tmrrxw
|player|p1|
|c|☆itssj7203|gg
|l|☆itssj7203
|player|p2|
