|j|☆bigburgerboss
|j|☆SgtBrick14
|t:|1779567204
|gametype|singles
|player|p1|bigburgerboss|dawn|1394
|player|p2|SgtBrick14|pokemonranger|1418
|gen|9
|tier|[Gen 9] OU
|rated|
|rule|HP Percentage Mod: HP is shown in percentages
|rule|Endless Battle Clause: Forcing endless battles is banned
|rule|Species Clause: Limit one of each Pokémon
|rule|OHKO Clause: OHKO moves are banned
|rule|Evasion Items Clause: Evasion items are banned
|rule|Evasion Moves Clause: Evasion moves are banned
|rule|Evasion Abilities Clause: Evasion abilities are banned
|rule|Sleep Moves Clause: Sleep-inducing moves are banned
|clearpoke
|poke|p1|Blaziken, F|
|poke|p1|Slowking-Galar, F|
|poke|p1|Corviknight, M|
|poke|p1|Gliscor, F|
|poke|p1|Meowscarada, F|
|poke|p1|Dragapult, F|
|poke|p2|Lucario, F|
|poke|p2|Kingambit, F|
|poke|p2|Regirock|
|poke|p2|Gengar, F|
|poke|p2|Cloyster, M|
|poke|p2|Froslass, F|
|teampreview
|inactive|Battle timer is ON: inactive players will automatically lose when time's up. (requested by bigburgerboss)
|inactive|SgtBrick14 has 120 seconds left.
|
|t:|1779567257
|teamsize|p1|6
|teamsize|p2|6
|start
|switch|p1a: Meowscarada|Meowscarada, F|100/100
|switch|p2a: Froslass|Froslass, F|100/100
|turn|1
|
|t:|1779567269
|move|p1a: Meowscarada|Knock Off|p2a: Froslass
|-start|p1a: Meowscarada|typechange|Dark|[from] ability: Protean
|-supereffective|p2a: Froslass
|-enditem|p2a: Froslass|Focus Sash
|-damage|p2a: Froslass|1/100
|move|p2a: Froslass|Thunder Wave|p1a: Meowscarada
|-status|p1a: Meowscarada|par
|
|upkeep
|turn|2
|inactive|SgtBrick14 has 120 seconds left.
|
|t:|1779567304
|switch|p1a: Corviknight|Corviknight, M|100/100
|move|p2a: Froslass|Spikes|p1a: Corviknight
|-sidestart|p1: bigburgerboss|Spikes
|
|upkeep
|turn|3
|inactive|SgtBrick14 has 120 seconds left.
|
|t:|1779567313
|move|p2a: Froslass|Destiny Bond|p2a: Froslass
|-singlemove|p2a: Froslass|Destiny Bond
|move|p1a: Corviknight|Defog|p2a: Froslass
|-unboost|p2a: Froslass|evasion|1
|-sideend|p1: bigburgerboss|Spikes|[from] move: Defog|[of] p1a: Corviknight
|
|upkeep
|turn|4
|
|t:|1779567320
|move|p2a: Froslass|Thunder Wave|p1a: Corviknight
|-status|p1a: Corviknight|par
|cant|p1a: Corviknight|par
|
|upkeep
|turn|5
|
|t:|1779567326
|move|p2a: Froslass|Spikes|p1a: Corviknight
|-sidestart|p1: bigburgerboss|Spikes
|move|p1a: Corviknight|Brave Bird|p2a: Froslass
|-damage|p2a: Froslass|0 fnt
|-start|p1a: Corviknight|Disable|Brave Bird|[from] ability: Cursed Body|[of] p2a: Froslass
|faint|p2a: Froslass
|-damage|p1a: Corviknight|99/100 par|[from] Recoil
|
|upkeep
|
|t:|1779567331
|switch|p2a: Gengar|Gengar, F|100/100
|turn|6
|
|t:|1779567340
|move|p2a: Gengar|Taunt|p1a: Corviknight
|-start|p1a: Corviknight|move: Taunt
|cant|p1a: Corviknight|par
|
|upkeep
|turn|7
|
|t:|1779567344
|move|p2a: Gengar|Shadow Ball|p1a: Corviknight
|-damage|p1a: Corviknight|57/100 par
|move|p1a: Corviknight|U-turn|p2a: Gengar
|-resisted|p2a: Gengar
|-damage|p2a: Gengar|94/100
|
|t:|1779567352
|switch|p1a: Dragapult|Dragapult, F|100/100|[from] U-turn
|-damage|p1a: Dragapult|88/100|[from] Spikes
|
|upkeep
|turn|8
|
|t:|1779567364
|move|p1a: Dragapult|Flamethrower|p2a: Gengar
|-damage|p2a: Gengar|33/100
|move|p2a: Gengar|Shadow Ball|p1a: Dragapult
|-supereffective|p1a: Dragapult
|-damage|p1a: Dragapult|0 fnt
|faint|p1a: Dragapult
|
|upkeep
|
|t:|1779567371
|switch|p1a: Meowscarada|Meowscarada, F|100/100 par
|-damage|p1a: Meowscarada|88/100 par|[from] Spikes
|turn|9
|
|t:|1779567387
|move|p2a: Gengar|Sludge Wave|p1a: Meowscarada
|-supereffective|p1a: Meowscarada
|-damage|p1a: Meowscarada|0 fnt
|faint|p1a: Meowscarada
|
|upkeep
|
|t:|1779567402
|switch|p1a: Corviknight|Corviknight, M|57/100 par
|turn|10
|
|t:|1779567408
|move|p2a: Gengar|Taunt|p1a: Corviknight
|-start|p1a: Corviknight|move: Taunt
|cant|p1a: Corviknight|par
|
|upkeep
|turn|11
|
|t:|1779567412
|move|p2a: Gengar|Shadow Ball|p1a: Corviknight
|-damage|p1a: Corviknight|9/100 par
|cant|p1a: Corviknight|par
|
|upkeep
|turn|12
|
|t:|1779567419
|move|p2a: Gengar|Shadow Ball|p1a: Corviknight
|-damage|p1a: Corviknight|0 fnt
|faint|p1a: Corviknight
|
|upkeep
|
|t:|1779567424
|switch|p1a: Blaziken|Blaziken, F|100/100
|turn|13
|
|t:|1779567432
|move|p2a: Gengar|Destiny Bond|p2a: Gengar
|-singlemove|p2a: Gengar|Destiny Bond
|move|p1a: Blaziken|Thunder Punch|p2a: Gengar
|-damage|p2a: Gengar|0 fnt
|faint|p2a: Gengar
|-activate|p2a: Gengar|move: Destiny Bond
|faint|p1a: Blaziken
|
|upkeep
|
|t:|1779567445
|switch|p2a: Lucario|Lucario, F|100/100
|switch|p1a: Slowking|Slowking-Galar, F|100/100
|turn|14
|
|t:|1779567449
|move|p2a: Lucario|Swords Dance|p2a: Lucario
|-boost|p2a: Lucario|atk|2
|move|p1a: Slowking|Future Sight|p2a: Lucario
|-start|p1a: Slowking|move: Future Sight
|
|upkeep
|turn|15
|
|t:|1779567452
|-terastallize|p2a: Lucario|Normal
|move|p2a: Lucario|Extreme Speed|p1a: Slowking
|-damage|p1a: Slowking|0 fnt
|faint|p1a: Slowking
|
|upkeep
|
|t:|1779567457
|switch|p1a: Gliscor|Gliscor, F|100/100
|turn|16
|
|t:|1779567461
|move|p2a: Lucario|Extreme Speed|p1a: Gliscor
|-damage|p1a: Gliscor|4/100
|move|p1a: Gliscor|Earthquake|p2a: Lucario
|-damage|p2a: Lucario|47/100
|
|-end|p2a: Lucario|move: Future Sight
|-damage|p2a: Lucario|0 fnt
|faint|p2a: Lucario
|-status|p1a: Gliscor|tox|[from] item: Toxic Orb
|upkeep
|
|t:|1779567464
|switch|p2a: Cloyster|Cloyster, M|100/100
|turn|17
|
|t:|1779567476
|move|p2a: Cloyster|Ice Shard|p1a: Gliscor
|-supereffective|p1a: Gliscor
|-damage|p1a: Gliscor|0 fnt
|faint|p1a: Gliscor
|
|win|SgtBrick14
|raw|bigburgerboss's rating: 1394 &rarr; <strong>1375</strong><br />(-19 for losing)
|raw|SgtBrick14's rating: 1418 &rarr; <strong>1437</strong><br />(+19 for winning)
|l|☆bigburgerboss
|player|p1|
|l|☆SgtBrick14
|player|p2|
