|j|☆my shitters
|j|☆Potato8645
|t:|1779586427
|gametype|singles
|player|p1|my shitters|preschooler|1167
|player|p2|Potato8645|102|1167
|gen|9
|tier|[Gen 9] OU
|rated|
|rule|HP Percentage Mod: HP is shown in percentages
|rule|Endless Battle Clause: Forcing endless battles is banned
|rule|Species Clause: Limit one of each Pokémon
|rule|OHKO Clause: OHKO moves are banned
|rule|Evasion Items Clause: Evasion items are banned
|rule|Evasion Moves Clause: Evasion moves are banned
|rule|Evasion Abilities Clause: Evasion abilities are banned
|rule|Sleep Moves Clause: Sleep-inducing moves are banned
|clearpoke
|poke|p1|Sableye, F|
|poke|p1|Glastrier|
|poke|p1|Alcremie-Ruby-Swirl, F|
|poke|p1|Zangoose, F|
|poke|p1|Primeape, F|
|poke|p1|Vikavolt, M|
|poke|p2|Ceruledge, M|
|poke|p2|Walking Wake|
|poke|p2|Ninetales, F|
|poke|p2|Zamazenta-*|
|poke|p2|Garganacl, F|
|poke|p2|Ogerpon-Wellspring, F|
|teampreview
|inactive|Battle timer is ON: inactive players will automatically lose when time's up. (requested by my shitters)
|inactive|my shitters has 120 seconds left.
|
|t:|1779586464
|teamsize|p1|6
|teamsize|p2|6
|start
|switch|p1a: 💎Posting|Sableye, F|100/100
|switch|p2a: Ninetales|Ninetales, F, shiny|100/100
|-weather|SunnyDay|[from] ability: Drought|[of] p2a: Ninetales
|turn|1
|
|t:|1779586472
|move|p1a: 💎Posting|Light Screen|p1a: 💎Posting
|-sidestart|p1: my shitters|move: Light Screen
|move|p2a: Ninetales|Encore|p1a: 💎Posting
|-start|p1a: 💎Posting|Encore
|
|-weather|SunnyDay|[upkeep]
|upkeep
|turn|2
|inactive|my shitters has 120 seconds left.
|
|t:|1779586511
|switch|p1a: Mr. Zan...Goose|Zangoose, F|100/100
|move|p2a: Ninetales|Will-O-Wisp|p1a: Mr. Zan...Goose
|-status|p1a: Mr. Zan...Goose|brn
|
|-weather|SunnyDay|[upkeep]
|-damage|p1a: Mr. Zan...Goose|94/100 brn|[from] brn
|upkeep
|turn|3
|inactive|my shitters has 120 seconds left.
|
|t:|1779586528
|move|p2a: Ninetales|Overheat|p1a: Mr. Zan...Goose
|-damage|p1a: Mr. Zan...Goose|40/100 brn
|-unboost|p2a: Ninetales|spa|2
|move|p1a: Mr. Zan...Goose|Knock Off|p2a: Ninetales
|-damage|p2a: Ninetales|82/100
|-enditem|p2a: Ninetales|Heat Rock|[from] move: Knock Off|[of] p1a: Mr. Zan...Goose
|
|-weather|SunnyDay|[upkeep]
|-damage|p1a: Mr. Zan...Goose|34/100 brn|[from] brn
|upkeep
|turn|4
|
|t:|1779586539
|switch|p1a: CremDeLaCreamie|Alcremie-Ruby-Swirl, F|100/100
|move|p2a: Ninetales|Overheat|p1a: CremDeLaCreamie
|-damage|p1a: CremDeLaCreamie|89/100
|-unboost|p2a: Ninetales|spa|2
|
|-weather|SunnyDay|[upkeep]
|-heal|p1a: CremDeLaCreamie|95/100|[from] item: Leftovers
|upkeep
|turn|5
|
|t:|1779586563
|switch|p2a: PUPPY|Zamazenta, shiny|100/100
|-ability|p2a: PUPPY|Dauntless Shield|boost
|-boost|p2a: PUPPY|def|1
|move|p1a: CremDeLaCreamie|Acid Armor|p1a: CremDeLaCreamie
|-boost|p1a: CremDeLaCreamie|def|2
|
|-weather|SunnyDay|[upkeep]
|-heal|p1a: CremDeLaCreamie|100/100|[from] item: Leftovers
|upkeep
|turn|6
|
|t:|1779586572
|move|p2a: PUPPY|Iron Defense|p2a: PUPPY
|-boost|p2a: PUPPY|def|2
|move|p1a: CremDeLaCreamie|Calm Mind|p1a: CremDeLaCreamie
|-boost|p1a: CremDeLaCreamie|spa|1
|-boost|p1a: CremDeLaCreamie|spd|1
|
|-weather|SunnyDay|[upkeep]
|upkeep
|turn|7
|
|t:|1779586581
|move|p2a: PUPPY|Iron Defense|p2a: PUPPY
|-boost|p2a: PUPPY|def|2
|move|p1a: CremDeLaCreamie|Acid Armor|p1a: CremDeLaCreamie
|-boost|p1a: CremDeLaCreamie|def|2
|
|-weather|SunnyDay|[upkeep]
|upkeep
|turn|8
|
|t:|1779586590
|move|p2a: PUPPY|Heavy Slam|p1a: CremDeLaCreamie
|-supereffective|p1a: CremDeLaCreamie
|-damage|p1a: CremDeLaCreamie|81/100
|move|p1a: CremDeLaCreamie|Calm Mind|p1a: CremDeLaCreamie
|-boost|p1a: CremDeLaCreamie|spa|1
|-boost|p1a: CremDeLaCreamie|spd|1
|
|-weather|none
|-heal|p1a: CremDeLaCreamie|87/100|[from] item: Leftovers
|-sideend|p1: my shitters|move: Light Screen
|upkeep
|turn|9
|
|t:|1779586599
|move|p2a: PUPPY|Body Press|p1a: CremDeLaCreamie
|-resisted|p1a: CremDeLaCreamie
|-damage|p1a: CremDeLaCreamie|69/100
|move|p1a: CremDeLaCreamie|Acid Armor|p1a: CremDeLaCreamie
|-boost|p1a: CremDeLaCreamie|def|2
|
|-heal|p1a: CremDeLaCreamie|75/100|[from] item: Leftovers
|upkeep
|turn|10
|
|t:|1779586614
|-terastallize|p2a: PUPPY|Steel
|move|p2a: PUPPY|Heavy Slam|p1a: CremDeLaCreamie
|-supereffective|p1a: CremDeLaCreamie
|-damage|p1a: CremDeLaCreamie|53/100
|move|p1a: CremDeLaCreamie|Draining Kiss|p2a: PUPPY
|-resisted|p2a: PUPPY
|-damage|p2a: PUPPY|84/100
|-heal|p1a: CremDeLaCreamie|67/100|[from] drain|[of] p2a: PUPPY
|
|-heal|p2a: PUPPY|90/100|[from] item: Leftovers
|-heal|p1a: CremDeLaCreamie|73/100|[from] item: Leftovers
|upkeep
|turn|11
|
|t:|1779586626
|move|p2a: PUPPY|Heavy Slam|p1a: CremDeLaCreamie
|-supereffective|p1a: CremDeLaCreamie
|-damage|p1a: CremDeLaCreamie|52/100
|move|p1a: CremDeLaCreamie|Calm Mind|p1a: CremDeLaCreamie
|-boost|p1a: CremDeLaCreamie|spa|1
|-boost|p1a: CremDeLaCreamie|spd|1
|
|-heal|p2a: PUPPY|97/100|[from] item: Leftovers
|-heal|p1a: CremDeLaCreamie|58/100|[from] item: Leftovers
|upkeep
|turn|12
|inactive|my shitters has 120 seconds left.
|
|t:|1779586664
|move|p2a: PUPPY|Heavy Slam|p1a: CremDeLaCreamie
|-supereffective|p1a: CremDeLaCreamie
|-damage|p1a: CremDeLaCreamie|33/100
|move|p1a: CremDeLaCreamie|Calm Mind|p1a: CremDeLaCreamie
|-boost|p1a: CremDeLaCreamie|spa|1
|-boost|p1a: CremDeLaCreamie|spd|1
|
|-heal|p2a: PUPPY|100/100|[from] item: Leftovers
|-heal|p1a: CremDeLaCreamie|39/100|[from] item: Leftovers
|upkeep
|turn|13
|
|t:|1779586673
|move|p2a: PUPPY|Heavy Slam|p1a: CremDeLaCreamie
|-supereffective|p1a: CremDeLaCreamie
|-damage|p1a: CremDeLaCreamie|15/100
|move|p1a: CremDeLaCreamie|Draining Kiss|p2a: PUPPY
|-resisted|p2a: PUPPY
|-damage|p2a: PUPPY|76/100
|-heal|p1a: CremDeLaCreamie|37/100|[from] drain|[of] p2a: PUPPY
|
|-heal|p2a: PUPPY|82/100|[from] item: Leftovers
|-heal|p1a: CremDeLaCreamie|43/100|[from] item: Leftovers
|upkeep
|turn|14
|
|t:|1779586682
|move|p2a: PUPPY|Heavy Slam|p1a: CremDeLaCreamie
|-supereffective|p1a: CremDeLaCreamie
|-damage|p1a: CremDeLaCreamie|19/100
|move|p1a: CremDeLaCreamie|Draining Kiss|p2a: PUPPY
|-resisted|p2a: PUPPY
|-damage|p2a: PUPPY|57/100
|-heal|p1a: CremDeLaCreamie|41/100|[from] drain|[of] p2a: PUPPY
|
|-heal|p2a: PUPPY|63/100|[from] item: Leftovers
|-heal|p1a: CremDeLaCreamie|47/100|[from] item: Leftovers
|upkeep
|turn|15
|
|t:|1779586693
|switch|p2a: Garganacl|Garganacl, F|100/100
|move|p1a: CremDeLaCreamie|Draining Kiss|p2a: Garganacl
|-damage|p2a: Garganacl|60/100
|-heal|p1a: CremDeLaCreamie|84/100|[from] drain|[of] p2a: Garganacl
|
|-heal|p1a: CremDeLaCreamie|90/100|[from] item: Leftovers
|-heal|p2a: Garganacl|66/100|[from] item: Leftovers
|upkeep
|turn|16
|
|t:|1779586712
|move|p1a: CremDeLaCreamie|Stored Power|p2a: Garganacl
|-damage|p2a: Garganacl|0 fnt
|faint|p2a: Garganacl
|
|-heal|p1a: CremDeLaCreamie|96/100|[from] item: Leftovers
|upkeep
|
|t:|1779586719
|switch|p2a: Ogerpon|Ogerpon-Wellspring, F|100/100
|turn|17
|
|t:|1779586729
|move|p2a: Ogerpon|Ivy Cudgel|p1a: CremDeLaCreamie|[anim] Ivy Cudgel Water
|-damage|p1a: CremDeLaCreamie|80/100
|move|p1a: CremDeLaCreamie|Stored Power|p2a: Ogerpon
|-damage|p2a: Ogerpon|0 fnt
|faint|p2a: Ogerpon
|
|-heal|p1a: CremDeLaCreamie|86/100|[from] item: Leftovers
|upkeep
|
|t:|1779586738
|switch|p2a: Ninetales|Ninetales, F, shiny|82/100
|-weather|SunnyDay|[from] ability: Drought|[of] p2a: Ninetales
|turn|18
|
|t:|1779586747
|move|p2a: Ninetales|Healing Wish|p2a: Ninetales
|faint|p2a: Ninetales
|move|p1a: CremDeLaCreamie|Calm Mind|p1a: CremDeLaCreamie
|-boost|p1a: CremDeLaCreamie|spa|1
|-boost|p1a: CremDeLaCreamie|spd|1
|
|-weather|SunnyDay|[upkeep]
|-heal|p1a: CremDeLaCreamie|92/100|[from] item: Leftovers
|upkeep
|
|t:|1779586754
|switch|p2a: PUPPY|Zamazenta, shiny, tera:Steel|63/100
|-heal|p2a: PUPPY|100/100|[from] move: Healing Wish
|turn|19
|
|t:|1779586762
|move|p2a: PUPPY|Heavy Slam|p1a: CremDeLaCreamie
|-supereffective|p1a: CremDeLaCreamie
|-damage|p1a: CremDeLaCreamie|70/100
|move|p1a: CremDeLaCreamie|Stored Power|p2a: PUPPY
|-resisted|p2a: PUPPY
|-damage|p2a: PUPPY|0 fnt
|faint|p2a: PUPPY
|
|-weather|SunnyDay|[upkeep]
|-heal|p1a: CremDeLaCreamie|76/100|[from] item: Leftovers
|upkeep
|
|t:|1779586775
|switch|p2a: Walking Wake|Walking Wake|100/100
|-activate|p2a: Walking Wake|ability: Protosynthesis
|-start|p2a: Walking Wake|protosynthesisspa
|turn|20
|
|t:|1779586783
|move|p2a: Walking Wake|Hydro Steam|p1a: CremDeLaCreamie
|-damage|p1a: CremDeLaCreamie|47/100
|move|p1a: CremDeLaCreamie|Draining Kiss|p2a: Walking Wake
|-supereffective|p2a: Walking Wake
|-damage|p2a: Walking Wake|0 fnt
|-heal|p1a: CremDeLaCreamie|100/100|[from] drain|[of] p2a: Walking Wake
|faint|p2a: Walking Wake
|-end|p2a: Walking Wake|Protosynthesis|[silent]
|
|-weather|SunnyDay|[upkeep]
|upkeep
|-message|Potato8645 forfeited.
|
|win|my shitters
|raw|my shitters's rating: 1167 &rarr; <strong>1192</strong><br />(+25 for winning)
|raw|Potato8645's rating: 1167 &rarr; <strong>1142</strong><br />(-25 for losing)
|l|☆Potato8645
|player|p2|
|l|☆my shitters
|player|p1|
