|j|☆Najibb
|j|☆neo_yuji
|t:|1779655236
|gametype|singles
|player|p1|Najibb|artist|1054
|player|p2|neo_yuji|pokemaniac|1098
|gen|9
|tier|[Gen 9] OU
|rated|
|rule|HP Percentage Mod: HP is shown in percentages
|rule|Endless Battle Clause: Forcing endless battles is banned
|rule|Species Clause: Limit one of each Pokémon
|rule|OHKO Clause: OHKO moves are banned
|rule|Evasion Items Clause: Evasion items are banned
|rule|Evasion Moves Clause: Evasion moves are banned
|rule|Evasion Abilities Clause: Evasion abilities are banned
|rule|Sleep Moves Clause: Sleep-inducing moves are banned
|clearpoke
|poke|p1|Hoopa|
|poke|p1|Cinderace, F|
|poke|p1|Mandibuzz, F|
|poke|p1|Kyurem|
|poke|p1|Ting-Lu|
|poke|p1|Manaphy|
|poke|p2|Zamazenta-*|
|poke|p2|Pecharunt|
|poke|p2|Enamorus, F|
|poke|p2|Goodra-Hisui, F|
|poke|p2|Glimmora, F|
|poke|p2|Dragapult, M|
|teampreview
|inactive|Battle timer is ON: inactive players will automatically lose when time's up. (requested by Najibb)
|inactive|neo_yuji also wants the timer to be on.
|
|t:|1779655249
|teamsize|p1|6
|teamsize|p2|6
|start
|switch|p1a: Cinderace|Cinderace, F|100/100
|switch|p2a: Enamorus|Enamorus, F|100/100
|turn|1
|
|t:|1779655262
|move|p1a: Cinderace|U-turn|p2a: Enamorus
|-start|p1a: Cinderace|typechange|Bug|[from] ability: Libero
|-resisted|p2a: Enamorus
|-damage|p2a: Enamorus|86/100
|
|t:|1779655269
|switch|p1a: Ting-Lucifer|Ting-Lu|100/100|[from] U-turn
|-ability|p1a: Ting-Lucifer|Vessel of Ruin
|move|p2a: Enamorus|Superpower|p1a: Ting-Lucifer
|-supereffective|p1a: Ting-Lucifer
|-damage|p1a: Ting-Lucifer|62/100
|-unboost|p2a: Enamorus|atk|1
|-unboost|p2a: Enamorus|def|1
|-enditem|p1a: Ting-Lucifer|Weakness Policy
|-boost|p1a: Ting-Lucifer|atk|2|[from] item: Weakness Policy
|-boost|p1a: Ting-Lucifer|spa|2|[from] item: Weakness Policy
|
|upkeep
|turn|2
|
|t:|1779655277
|move|p2a: Enamorus|Superpower|p1a: Ting-Lucifer
|-supereffective|p1a: Ting-Lucifer
|-damage|p1a: Ting-Lucifer|38/100
|-unboost|p2a: Enamorus|atk|1
|-unboost|p2a: Enamorus|def|1
|move|p1a: Ting-Lucifer|Heavy Slam|p2a: Enamorus
|-supereffective|p2a: Enamorus
|-damage|p2a: Enamorus|0 fnt
|faint|p2a: Enamorus
|
|upkeep
|
|t:|1779655295
|switch|p2a: Glimmora|Glimmora, F|100/100
|turn|3
|
|t:|1779655299
|move|p2a: Glimmora|Energy Ball|p1a: Ting-Lucifer
|-supereffective|p1a: Ting-Lucifer
|-damage|p1a: Ting-Lucifer|0 fnt
|faint|p1a: Ting-Lucifer
|
|upkeep
|
|t:|1779655309
|switch|p1a: Hoopa|Hoopa|100/100
|turn|4
|
|t:|1779655314
|move|p2a: Glimmora|Power Gem|p1a: Hoopa
|-damage|p1a: Hoopa|66/100
|move|p1a: Hoopa|Shadow Ball|p2a: Glimmora
|-damage|p2a: Glimmora|55/100
|
|upkeep
|turn|5
|
|t:|1779655320
|move|p2a: Glimmora|Power Gem|p1a: Hoopa
|-damage|p1a: Hoopa|29/100
|move|p1a: Hoopa|Shadow Ball|p2a: Glimmora
|-damage|p2a: Glimmora|11/100
|-unboost|p2a: Glimmora|spd|1
|
|upkeep
|turn|6
|
|t:|1779655322
|move|p2a: Glimmora|Power Gem|p1a: Hoopa
|-damage|p1a: Hoopa|0 fnt
|faint|p1a: Hoopa
|
|upkeep
|
|t:|1779655326
|switch|p1a: Cinderace|Cinderace, F|100/100
|turn|7
|
|t:|1779655331
|move|p1a: Cinderace|U-turn|p2a: Glimmora
|-start|p1a: Cinderace|typechange|Bug|[from] ability: Libero
|-resisted|p2a: Glimmora
|-damage|p2a: Glimmora|0 fnt
|-activate|p2a: Glimmora|ability: Toxic Debris
|-sidestart|p1: Najibb|move: Toxic Spikes
|faint|p2a: Glimmora
|
|t:|1779655334
|switch|p1a: Mandibuzz|Mandibuzz, F, shiny|100/100|[from] U-turn
|
|upkeep
|
|t:|1779655348
|switch|p2a: Dragapult|Dragapult, M|100/100
|turn|8
|
|t:|1779655352
|move|p2a: Dragapult|Thunderbolt|p1a: Mandibuzz
|-supereffective|p1a: Mandibuzz
|-damage|p1a: Mandibuzz|53/100
|move|p1a: Mandibuzz|Foul Play|p2a: Dragapult
|-supereffective|p2a: Dragapult
|-damage|p2a: Dragapult|2/100
|
|upkeep
|turn|9
|
|t:|1779655361
|move|p2a: Dragapult|U-turn|p1a: Mandibuzz
|-damage|p1a: Mandibuzz|43/100
|-damage|p2a: Dragapult|0 fnt|[from] item: Rocky Helmet|[of] p1a: Mandibuzz
|faint|p2a: Dragapult
|move|p1a: Mandibuzz|Defog|p2: Dragapult|[notarget]
|-fail|p1a: Mandibuzz
|
|upkeep
|
|t:|1779655366
|switch|p2a: Goodra|Goodra-Hisui, F|100/100
|turn|10
|
|t:|1779655379
|move|p1a: Mandibuzz|Defog|p2a: Goodra
|-unboost|p2a: Goodra|evasion|1
|-sideend|p1: Najibb|Toxic Spikes|[from] move: Defog|[of] p1a: Mandibuzz
|move|p2a: Goodra|Draco Meteor|p1a: Mandibuzz
|-damage|p1a: Mandibuzz|0 fnt
|-unboost|p2a: Goodra|spa|2
|faint|p1a: Mandibuzz
|
|upkeep
|
|t:|1779655385
|switch|p1a: Cinderace|Cinderace, F|100/100
|turn|11
|
|t:|1779655395
|switch|p2a: Pecharunt|Pecharunt|100/100
|move|p1a: Cinderace|High Jump Kick|p2a: Pecharunt
|-start|p1a: Cinderace|typechange|Fighting|[from] ability: Libero
|-immune|p2a: Pecharunt
|-damage|p1a: Cinderace|51/100|[from] highjumpkick
|
|upkeep
|turn|12
|
|t:|1779655400
|move|p1a: Cinderace|U-turn|p2a: Pecharunt
|-resisted|p2a: Pecharunt
|-damage|p2a: Pecharunt|97/100
|
|t:|1779655401
|switch|p1a: Manaphy|Manaphy|100/100|[from] U-turn
|move|p2a: Pecharunt|Malignant Chain|p1a: Manaphy
|-damage|p1a: Manaphy|66/100
|-status|p1a: Manaphy|tox
|-start|p1a: Manaphy|confusion|[from] ability: Poison Puppeteer|[of] p2a: Pecharunt
|
|-heal|p1a: Manaphy|72/100 tox|[from] item: Leftovers
|-damage|p1a: Manaphy|66/100 tox|[from] psn
|upkeep
|turn|13
|
|t:|1779655410
|-activate|p1a: Manaphy|confusion
|move|p1a: Manaphy|Take Heart|p1a: Manaphy
|-boost|p1a: Manaphy|spa|1
|-boost|p1a: Manaphy|spd|1
|-curestatus|p1a: Manaphy|tox|[msg]
|move|p2a: Pecharunt|Hex|p1a: Manaphy
|-crit|p1a: Manaphy
|-damage|p1a: Manaphy|33/100
|
|-heal|p1a: Manaphy|39/100|[from] item: Leftovers
|upkeep
|turn|14
|
|t:|1779655417
|-activate|p1a: Manaphy|confusion
|move|p1a: Manaphy|Scald|p2a: Pecharunt
|-damage|p2a: Pecharunt|70/100
|move|p2a: Pecharunt|Malignant Chain|p1a: Manaphy
|-damage|p1a: Manaphy|15/100
|-status|p1a: Manaphy|tox
|
|-heal|p1a: Manaphy|21/100 tox|[from] item: Leftovers
|-damage|p1a: Manaphy|15/100 tox|[from] psn
|upkeep
|turn|15
|
|t:|1779655422
|-activate|p1a: Manaphy|confusion
|-damage|p1a: Manaphy|9/100 tox|[from] confusion
|move|p2a: Pecharunt|Malignant Chain|p1a: Manaphy
|-damage|p1a: Manaphy|0 fnt
|faint|p1a: Manaphy
|
|upkeep
|
|t:|1779655426
|switch|p1a: Cinderace|Cinderace, F|51/100
|turn|16
|c|☆neo_yuji|Full assault vest team baby
|
|t:|1779655438
|switch|p2a: Goodra|Goodra-Hisui, F|100/100
|move|p1a: Cinderace|Pyro Ball|p2a: Goodra
|-damage|p2a: Goodra|23/100
|
|upkeep
|turn|17
|
|t:|1779655446
|move|p1a: Cinderace|Pyro Ball|p2a: Goodra
|-damage|p2a: Goodra|0 fnt
|faint|p2a: Goodra
|
|upkeep
|
|t:|1779655450
|switch|p2a: Pecharunt|Pecharunt|70/100
|turn|18
|
|t:|1779655456
|move|p1a: Cinderace|Pyro Ball|p2a: Pecharunt|[miss]
|-miss|p1a: Cinderace|p2a: Pecharunt
|move|p2a: Pecharunt|Malignant Chain|p1a: Cinderace
|-damage|p1a: Cinderace|0 fnt
|faint|p1a: Cinderace
|
|upkeep
|
|t:|1779655463
|switch|p1a: Kyurem|Kyurem|100/100
|-ability|p1a: Kyurem|Pressure
|turn|19
|
|t:|1779655480
|-terastallize|p1a: Kyurem|Ground
|move|p1a: Kyurem|Earth Power|p2a: Pecharunt
|-supereffective|p2a: Pecharunt
|-damage|p2a: Pecharunt|4/100
|move|p2a: Pecharunt|Malignant Chain|p1a: Kyurem
|-resisted|p1a: Kyurem
|-damage|p1a: Kyurem|79/100
|
|upkeep
|turn|20
|
|t:|1779655486
|move|p1a: Kyurem|Earth Power|p2a: Pecharunt
|-supereffective|p2a: Pecharunt
|-damage|p2a: Pecharunt|0 fnt
|faint|p2a: Pecharunt
|
|upkeep
|
|t:|1779655488
|switch|p2a: Zamazenta|Zamazenta|100/100
|-ability|p2a: Zamazenta|Dauntless Shield|boost
|-boost|p2a: Zamazenta|def|1
|turn|21
|
|t:|1779655493
|-terastallize|p2a: Zamazenta|Fighting
|move|p1a: Kyurem|Earth Power|p2a: Zamazenta
|-damage|p2a: Zamazenta|70/100
|move|p2a: Zamazenta|Body Press|p1a: Kyurem
|-damage|p1a: Kyurem|7/100
|
|upkeep
|turn|22
|
|t:|1779655496
|move|p1a: Kyurem|Earth Power|p2a: Zamazenta
|-damage|p2a: Zamazenta|41/100
|move|p2a: Zamazenta|Body Press|p1a: Kyurem
|-damage|p1a: Kyurem|0 fnt
|faint|p1a: Kyurem
|
|win|neo_yuji
|raw|Najibb's rating: 1054 &rarr; <strong>1038</strong><br />(-16 for losing)
|raw|neo_yuji's rating: 1098 &rarr; <strong>1120</strong><br />(+22 for winning)
|l|☆Najibb
|player|p1|
|c|☆neo_yuji|Gg
|c|☆neo_yuji|W assault vest
