|j|☆yueeeem
|j|☆owl_with_scarf
|t:|1779604522
|gametype|singles
|player|p1|yueeeem|nurse|1482
|player|p2|owl_with_scarf|#owlwithscarf|1505
|gen|9
|tier|[Gen 9] OU
|rated|
|rule|HP Percentage Mod: HP is shown in percentages
|rule|Endless Battle Clause: Forcing endless battles is banned
|rule|Species Clause: Limit one of each Pokémon
|rule|OHKO Clause: OHKO moves are banned
|rule|Evasion Items Clause: Evasion items are banned
|rule|Evasion Moves Clause: Evasion moves are banned
|rule|Evasion Abilities Clause: Evasion abilities are banned
|rule|Sleep Moves Clause: Sleep-inducing moves are banned
|clearpoke
|poke|p1|Tyranitar, F|
|poke|p1|Hydrapple, M|
|poke|p1|Enamorus, F|
|poke|p1|Garganacl, F|
|poke|p1|Excadrill, M|
|poke|p1|Alomomola, M|
|poke|p2|Diancie|
|poke|p2|Blaziken, F|
|poke|p2|Oricorio-Pom-Pom, M|
|poke|p2|Cinderace, M|
|poke|p2|Regidrago|
|poke|p2|Ursaluna, F|
|teampreview
|inactive|Battle timer is ON: inactive players will automatically lose when time's up. (requested by owl_with_scarf)
|inactive|yueeeem has 120 seconds left.
|inactive|yueeeem has 90 seconds left.
|
|t:|1779604608
|teamsize|p1|6
|teamsize|p2|6
|start
|switch|p1a: Enamorus|Enamorus, F|100/100
|switch|p2a: Blaziken|Blaziken, F|100/100
|turn|1
|
|t:|1779604625
|switch|p1a: Alomomola|Alomomola, M|100/100
|-terastallize|p2a: Blaziken|Flying
|move|p2a: Blaziken|Swords Dance|p2a: Blaziken
|-boost|p2a: Blaziken|atk|2
|
|-ability|p2a: Blaziken|Speed Boost|boost
|-boost|p2a: Blaziken|spe|1
|upkeep
|turn|2
|
|t:|1779604631
|move|p2a: Blaziken|Swords Dance|p2a: Blaziken
|-boost|p2a: Blaziken|atk|2
|move|p1a: Alomomola|Flip Turn|p2a: Blaziken
|-damage|p2a: Blaziken|75/100
|
|t:|1779604639
|switch|p1a: Garganacl|Garganacl, F|100/100|[from] Flip Turn
|
|-heal|p2a: Blaziken|81/100|[from] item: Leftovers
|-ability|p2a: Blaziken|Speed Boost|boost
|-boost|p2a: Blaziken|spe|1
|upkeep
|turn|3
|
|t:|1779604651
|-terastallize|p1a: Garganacl|Fairy
|move|p2a: Blaziken|Flare Blitz|p1a: Garganacl
|-damage|p1a: Garganacl|0 fnt
|faint|p1a: Garganacl
|-damage|p2a: Blaziken|36/100|[from] Recoil
|
|-heal|p2a: Blaziken|42/100|[from] item: Leftovers
|-ability|p2a: Blaziken|Speed Boost|boost
|-boost|p2a: Blaziken|spe|1
|upkeep
|
|t:|1779604665
|switch|p1a: Alomomola|Alomomola, M|100/100
|turn|4
|
|t:|1779604667
|move|p2a: Blaziken|Close Combat|p1a: Alomomola
|-damage|p1a: Alomomola|0 fnt
|-unboost|p2a: Blaziken|def|1
|-unboost|p2a: Blaziken|spd|1
|faint|p1a: Alomomola
|
|-heal|p2a: Blaziken|48/100|[from] item: Leftovers
|-ability|p2a: Blaziken|Speed Boost|boost
|-boost|p2a: Blaziken|spe|1
|upkeep
|
|t:|1779604675
|switch|p1a: Hydrapple|Hydrapple, M|100/100
|turn|5
|
|t:|1779604685
|move|p2a: Blaziken|Close Combat|p1a: Hydrapple
|-damage|p1a: Hydrapple|0 fnt
|-unboost|p2a: Blaziken|def|1
|-unboost|p2a: Blaziken|spd|1
|-damage|p2a: Blaziken|32/100|[from] item: Rocky Helmet|[of] p1a: Hydrapple
|faint|p1a: Hydrapple
|
|-heal|p2a: Blaziken|38/100|[from] item: Leftovers
|-ability|p2a: Blaziken|Speed Boost|boost
|-boost|p2a: Blaziken|spe|1
|upkeep
|-message|yueeeem forfeited.
|
|win|owl_with_scarf
|raw|yueeeem's rating: 1482 &rarr; <strong>1463</strong><br />(-19 for losing)
|raw|owl_with_scarf's rating: 1505 &rarr; <strong>1524</strong><br />(+19 for winning)
|l|☆yueeeem
|player|p1|
|l|☆owl_with_scarf
|player|p2|
