|j|☆mr.yifi
|j|☆volkron zz
|t:|1779661982
|gametype|singles
|player|p1|mr.yifi|102|1084
|player|p2|volkron zz|unknownf|1060
|gen|9
|tier|[Gen 9] OU
|rated|
|rule|HP Percentage Mod: HP is shown in percentages
|rule|Endless Battle Clause: Forcing endless battles is banned
|rule|Species Clause: Limit one of each Pokémon
|rule|OHKO Clause: OHKO moves are banned
|rule|Evasion Items Clause: Evasion items are banned
|rule|Evasion Moves Clause: Evasion moves are banned
|rule|Evasion Abilities Clause: Evasion abilities are banned
|rule|Sleep Moves Clause: Sleep-inducing moves are banned
|clearpoke
|poke|p1|Garganacl, M|
|poke|p1|Gliscor, M|
|poke|p1|Slowking-Galar, M|
|poke|p1|Weavile, F|
|poke|p1|Corviknight, M|
|poke|p1|Naclstack, M|
|poke|p2|Mamoswine, M|
|poke|p2|Samurott-Hisui, M|
|poke|p2|Gholdengo|
|poke|p2|Iron Treads|
|poke|p2|Hydrapple, F|
|poke|p2|Thundurus-Therian, M|
|teampreview
|inactive|Battle timer is ON: inactive players will automatically lose when time's up. (requested by volkron zz)
|
|t:|1779662006
|teamsize|p1|6
|teamsize|p2|6
|start
|switch|p1a: Corviknight|Corviknight, M|100/100
|switch|p2a: Samurott|Samurott-Hisui, M|100/100
|-ability|p1a: Corviknight|Pressure
|turn|1
|
|t:|1779662011
|move|p2a: Samurott|Knock Off|p1a: Corviknight
|-damage|p1a: Corviknight|72/100
|-damage|p2a: Samurott|84/100|[from] item: Rocky Helmet|[of] p1a: Corviknight
|-enditem|p1a: Corviknight|Rocky Helmet|[from] move: Knock Off|[of] p2a: Samurott
|move|p1a: Corviknight|U-turn|p2a: Samurott
|-supereffective|p2a: Samurott
|-crit|p2a: Samurott
|-damage|p2a: Samurott|33/100
|
|t:|1779662022
|switch|p1a: Gliscor|Gliscor, M|100/100|[from] U-turn
|
|-status|p1a: Gliscor|tox|[from] item: Toxic Orb
|upkeep
|turn|2
|
|t:|1779662025
|move|p1a: Gliscor|U-turn|p2a: Samurott
|-supereffective|p2a: Samurott
|-damage|p2a: Samurott|0 fnt
|faint|p2a: Samurott
|
|t:|1779662030
|switch|p1a: Naclstack|Naclstack, M|100/100|[from] U-turn
|
|upkeep
|
|t:|1779662040
|switch|p2a: Iron Treads|Iron Treads|100/100
|turn|3
|
|t:|1779662045
|move|p2a: Iron Treads|Stealth Rock|p1a: Naclstack
|-sidestart|p1: mr.yifi|move: Stealth Rock
|move|p1a: Naclstack|Salt Cure|p2a: Iron Treads
|-resisted|p2a: Iron Treads
|-damage|p2a: Iron Treads|98/100
|-start|p2a: Iron Treads|Salt Cure
|
|-heal|p2a: Iron Treads|100/100|[from] item: Leftovers
|-damage|p2a: Iron Treads|76/100|[from] Salt Cure
|upkeep
|turn|4
|
|t:|1779662067
|move|p2a: Iron Treads|Earthquake|p1a: Naclstack
|-supereffective|p1a: Naclstack
|-damage|p1a: Naclstack|36/100
|move|p1a: Naclstack|Salt Cure|p2a: Iron Treads
|-resisted|p2a: Iron Treads
|-damage|p2a: Iron Treads|74/100
|
|-heal|p2a: Iron Treads|80/100|[from] item: Leftovers
|-damage|p2a: Iron Treads|55/100|[from] Salt Cure
|upkeep
|turn|5
|
|t:|1779662072
|move|p2a: Iron Treads|Knock Off|p1a: Naclstack
|-damage|p1a: Naclstack|13/100
|-enditem|p1a: Naclstack|Eviolite|[from] move: Knock Off|[of] p2a: Iron Treads
|move|p1a: Naclstack|Recover|p1a: Naclstack
|-heal|p1a: Naclstack|63/100
|
|-heal|p2a: Iron Treads|61/100|[from] item: Leftovers
|-damage|p2a: Iron Treads|36/100|[from] Salt Cure
|upkeep
|turn|6
|
|t:|1779662079
|switch|p1a: Corviknight|Corviknight, M|72/100
|-damage|p1a: Corviknight|60/100|[from] Stealth Rock
|-ability|p1a: Corviknight|Pressure
|move|p2a: Iron Treads|Earthquake|p1a: Corviknight
|-immune|p1a: Corviknight
|
|-heal|p2a: Iron Treads|43/100|[from] item: Leftovers
|-damage|p2a: Iron Treads|18/100|[from] Salt Cure
|upkeep
|turn|7
|
|t:|1779662082
|-end|p2a: Iron Treads|Quark Drive|[silent]
|switch|p2a: Son 😭|Thundurus-Therian, M|100/100
|move|p1a: Corviknight|Defog|p2a: Son 😭
|-unboost|p2a: Son 😭|evasion|1
|-sideend|p1: mr.yifi|Stealth Rock|[from] move: Defog|[of] p1a: Corviknight
|
|upkeep
|turn|8
|
|t:|1779662092
|switch|p2a: Folk 😭|Mamoswine, M|100/100
|switch|p1a: Naclstack|Naclstack, M|63/100
|
|upkeep
|turn|9
|
|t:|1779662096
|move|p2a: Folk 😭|Earthquake|p1a: Naclstack
|-supereffective|p1a: Naclstack
|-damage|p1a: Naclstack|0 fnt
|faint|p1a: Naclstack
|
|upkeep
|
|t:|1779662101
|switch|p1a: Slowking|Slowking-Galar, M|100/100
|turn|10
|
|t:|1779662103
|move|p2a: Folk 😭|Earthquake|p1a: Slowking
|-supereffective|p1a: Slowking
|-damage|p1a: Slowking|0 fnt
|faint|p1a: Slowking
|
|upkeep
|-message|mr.yifi forfeited.
|
|win|volkron zz
|raw|mr.yifi's rating: 1084 &rarr; <strong>1060</strong><br />(-24 for losing)
|raw|volkron zz's rating: 1060 &rarr; <strong>1093</strong><br />(+33 for winning)
|l|☆mr.yifi
|player|p1|
|l|☆volkron zz
|player|p2|
