|j|☆fenixkarde
|j|☆schoolboycoolboy
|t:|1779675543
|gametype|singles
|player|p1|fenixkarde|266|1082
|player|p2|schoolboycoolboy|265|1084
|gen|9
|tier|[Gen 9] OU
|rated|
|rule|HP Percentage Mod: HP is shown in percentages
|rule|Endless Battle Clause: Forcing endless battles is banned
|rule|Species Clause: Limit one of each Pokémon
|rule|OHKO Clause: OHKO moves are banned
|rule|Evasion Items Clause: Evasion items are banned
|rule|Evasion Moves Clause: Evasion moves are banned
|rule|Evasion Abilities Clause: Evasion abilities are banned
|rule|Sleep Moves Clause: Sleep-inducing moves are banned
|clearpoke
|poke|p1|Pikachu-Sinnoh, M|
|poke|p1|Charizard, M|
|poke|p1|Sceptile, F|
|poke|p1|Infernape, M|
|poke|p1|Krookodile, M|
|poke|p1|Greninja-*, M|
|poke|p2|Dragonite, F|
|poke|p2|Great Tusk|
|poke|p2|Deoxys-Speed|
|poke|p2|Gholdengo|
|poke|p2|Zamazenta-*|
|poke|p2|Iron Valiant|
|teampreview
|
|t:|1779675558
|teamsize|p1|6
|teamsize|p2|6
|start
|switch|p1a: Greninja|Greninja, M|100/100
|switch|p2a: Deoxys|Deoxys-Speed|100/100
|-ability|p2a: Deoxys|Pressure
|turn|1
|
|t:|1779675570
|move|p2a: Deoxys|Stealth Rock|p1a: Greninja
|-sidestart|p1: fenixkarde|move: Stealth Rock
|move|p1a: Greninja|Dark Pulse|p2a: Deoxys
|-supereffective|p2a: Deoxys
|-enditem|p2a: Deoxys|Focus Sash
|-damage|p2a: Deoxys|1/100
|-damage|p1a: Greninja|91/100|[from] item: Life Orb
|
|upkeep
|turn|2
|
|t:|1779675580
|move|p2a: Deoxys|Spikes|p1a: Greninja
|-sidestart|p1: fenixkarde|Spikes
|move|p1a: Greninja|Dark Pulse|p2a: Deoxys
|-supereffective|p2a: Deoxys
|-damage|p2a: Deoxys|0 fnt
|faint|p2a: Deoxys
|-ability|p1a: Greninja|Battle Bond|boost
|-boost|p1a: Greninja|atk|1
|-boost|p1a: Greninja|spa|1
|-boost|p1a: Greninja|spe|1
|-activate|p1a: Greninja|ability: Battle Bond
|-damage|p1a: Greninja|81/100|[from] item: Life Orb
|
|upkeep
|
|t:|1779675602
|switch|p2a: Zamazenta|Zamazenta|100/100
|-ability|p2a: Zamazenta|Dauntless Shield|boost
|-boost|p2a: Zamazenta|def|1
|turn|3
|inactive|Battle timer is ON: inactive players will automatically lose when time's up. (requested by schoolboycoolboy)
|
|t:|1779675646
|move|p1a: Greninja|Hydro Pump|p2a: Zamazenta|[miss]
|-miss|p1a: Greninja|p2a: Zamazenta
|move|p2a: Zamazenta|Close Combat|p1a: Greninja
|-supereffective|p1a: Greninja
|-damage|p1a: Greninja|0 fnt
|-unboost|p2a: Zamazenta|def|1
|-unboost|p2a: Zamazenta|spd|1
|faint|p1a: Greninja
|-damage|p2a: Zamazenta|91/100|[from] item: Life Orb
|
|upkeep
|
|t:|1779675650
|switch|p1a: Sceptile|Sceptile, F, shiny|100/100
|-damage|p1a: Sceptile|88/100|[from] Stealth Rock
|-damage|p1a: Sceptile|76/100|[from] Spikes
|turn|4
|
|t:|1779675669
|switch|p2a: Dragonite|Dragonite, F|100/100
|move|p1a: Sceptile|Leaf Storm|p2a: Dragonite
|-resisted|p2a: Dragonite
|-damage|p2a: Dragonite|93/100
|-unboost|p1a: Sceptile|spa|2
|-enditem|p1a: Sceptile|White Herb
|-clearnegativeboost|p1a: Sceptile|[silent]
|
|upkeep
|turn|5
|
|t:|1779675681
|move|p1a: Sceptile|Leech Seed|p2a: Dragonite
|-start|p2a: Dragonite|move: Leech Seed
|move|p2a: Dragonite|Dragon Dance|p2a: Dragonite
|-boost|p2a: Dragonite|atk|1
|-boost|p2a: Dragonite|spe|1
|
|-damage|p2a: Dragonite|80/100|[from] Leech Seed|[of] p1a: Sceptile
|-heal|p1a: Sceptile|89/100|[silent]
|upkeep
|turn|6
|
|t:|1779675698
|-terastallize|p1a: Sceptile|Dragon
|move|p1a: Sceptile|Dragon Pulse|p2a: Dragonite
|-supereffective|p2a: Dragonite
|-damage|p2a: Dragonite|0 fnt
|faint|p2a: Dragonite
|
|upkeep
|
|t:|1779675707
|switch|p2a: Iron Valiant|Iron Valiant|100/100
|-enditem|p2a: Iron Valiant|Booster Energy
|-activate|p2a: Iron Valiant|ability: Quark Drive|[fromitem]
|-start|p2a: Iron Valiant|quarkdrivespe
|turn|7
|
|t:|1779675717
|move|p1a: Sceptile|Leech Seed|p2a: Iron Valiant
|-start|p2a: Iron Valiant|move: Leech Seed
|move|p2a: Iron Valiant|Moonblast|p1a: Sceptile
|-supereffective|p1a: Sceptile
|-damage|p1a: Sceptile|0 fnt
|faint|p1a: Sceptile
|
|upkeep
|
|t:|1779675725
|switch|p1a: Krookodile|Krookodile, M, shiny|100/100
|-damage|p1a: Krookodile|94/100|[from] Stealth Rock
|-damage|p1a: Krookodile|82/100|[from] Spikes
|-ability|p1a: Krookodile|Intimidate|boost
|-unboost|p2a: Iron Valiant|atk|1
|turn|8
|
|t:|1779675740
|move|p2a: Iron Valiant|Moonblast|p1a: Krookodile
|-supereffective|p1a: Krookodile
|-damage|p1a: Krookodile|0 fnt
|faint|p1a: Krookodile
|
|upkeep
|
|t:|1779675758
|switch|p1a: Infernape|Infernape, M, shiny|100/100
|-damage|p1a: Infernape|88/100|[from] Stealth Rock
|-item|p1a: Infernape|Air Balloon
|turn|9
|
|t:|1779675766
|move|p1a: Infernape|Fake Out|p2a: Iron Valiant
|-damage|p2a: Iron Valiant|86/100
|cant|p2a: Iron Valiant|flinch
|
|-damage|p2a: Iron Valiant|73/100|[from] Leech Seed|[of] p1a: Infernape
|-heal|p1a: Infernape|99/100|[silent]
|upkeep
|turn|10
|
|t:|1779675774
|move|p2a: Iron Valiant|Moonblast|p1a: Infernape
|-damage|p1a: Infernape|37/100
|-enditem|p1a: Infernape|Air Balloon
|move|p1a: Infernape|Flare Blitz|p2a: Iron Valiant
|-damage|p2a: Iron Valiant|0 fnt
|faint|p2a: Iron Valiant
|-end|p2a: Iron Valiant|Quark Drive|[silent]
|-damage|p1a: Infernape|15/100|[from] Recoil
|
|upkeep
|
|t:|1779675790
|switch|p2a: Zamazenta|Zamazenta|91/100
|turn|11
|
|t:|1779675804
|move|p2a: Zamazenta|Close Combat|p1a: Infernape
|-crit|p1a: Infernape
|-damage|p1a: Infernape|0 fnt
|-unboost|p2a: Zamazenta|def|1
|-unboost|p2a: Zamazenta|spd|1
|faint|p1a: Infernape
|-damage|p2a: Zamazenta|81/100|[from] item: Life Orb
|
|upkeep
|
|t:|1779675810
|switch|p1a: Pikachu|Pikachu-Sinnoh, M|100/100
|-damage|p1a: Pikachu|88/100|[from] Stealth Rock
|-damage|p1a: Pikachu|76/100|[from] Spikes
|turn|12
|
|t:|1779675823
|switch|p2a: Gholdengo|Gholdengo|100/100
|move|p1a: Pikachu|Play Rough|p2a: Gholdengo
|-resisted|p2a: Gholdengo
|-damage|p2a: Gholdengo|87/100
|
|upkeep
|turn|13
|
|t:|1779675834
|move|p1a: Pikachu|Knock Off|p2a: Gholdengo
|-supereffective|p2a: Gholdengo
|-damage|p2a: Gholdengo|29/100
|-enditem|p2a: Gholdengo|Custap Berry|[from] move: Knock Off|[of] p1a: Pikachu
|move|p2a: Gholdengo|Shadow Ball|p1a: Pikachu
|-damage|p1a: Pikachu|0 fnt
|faint|p1a: Pikachu
|
|upkeep
|
|t:|1779675837
|switch|p1a: Charizard|Charizard, M, shiny|100/100
|-damage|p1a: Charizard|50/100|[from] Stealth Rock
|turn|14
|
|t:|1779675849
|move|p1a: Charizard|Fire Blast|p2a: Gholdengo
|-supereffective|p2a: Gholdengo
|-damage|p2a: Gholdengo|0 fnt
|faint|p2a: Gholdengo
|-damage|p1a: Charizard|40/100|[from] item: Life Orb
|
|upkeep
|
|t:|1779675857
|switch|p2a: Great Tusk|Great Tusk|100/100
|-enditem|p2a: Great Tusk|Booster Energy
|-activate|p2a: Great Tusk|ability: Protosynthesis|[fromitem]
|-start|p2a: Great Tusk|protosynthesisspe
|turn|15
|
|t:|1779675863
|move|p2a: Great Tusk|Ice Spinner|p1a: Charizard
|-damage|p1a: Charizard|12/100
|move|p1a: Charizard|Air Slash|p2a: Great Tusk
|-supereffective|p2a: Great Tusk
|-damage|p2a: Great Tusk|0 fnt
|faint|p2a: Great Tusk
|-end|p2a: Great Tusk|Protosynthesis|[silent]
|-damage|p1a: Charizard|2/100|[from] item: Life Orb
|
|upkeep
|
|t:|1779675872
|switch|p2a: Zamazenta|Zamazenta|81/100
|turn|16
|
|t:|1779675876
|move|p2a: Zamazenta|Close Combat|p1a: Charizard
|-resisted|p1a: Charizard
|-damage|p1a: Charizard|0 fnt
|-unboost|p2a: Zamazenta|def|1
|-unboost|p2a: Zamazenta|spd|1
|faint|p1a: Charizard
|-damage|p2a: Zamazenta|71/100|[from] item: Life Orb
|
|win|schoolboycoolboy
|raw|fenixkarde's rating: 1135 &rarr; <strong>1106</strong><br />(-29 for losing)
|raw|schoolboycoolboy's rating: 1084 &rarr; <strong>1115</strong><br />(+31 for winning)
|l|☆fenixkarde
|player|p1|
|l|☆schoolboycoolboy
|player|p2|
