|j|☆Billythekid95
|j|☆noob1877
|t:|1779653903
|gametype|singles
|player|p1|Billythekid95|102|1665
|player|p2|noob1877|169|1722
|gen|9
|tier|[Gen 9] OU
|rated|
|rule|HP Percentage Mod: HP is shown in percentages
|rule|Endless Battle Clause: Forcing endless battles is banned
|rule|Species Clause: Limit one of each Pokémon
|rule|OHKO Clause: OHKO moves are banned
|rule|Evasion Items Clause: Evasion items are banned
|rule|Evasion Moves Clause: Evasion moves are banned
|rule|Evasion Abilities Clause: Evasion abilities are banned
|rule|Sleep Moves Clause: Sleep-inducing moves are banned
|clearpoke
|poke|p1|Iron Crown|
|poke|p1|Ninetales-Alola, M|
|poke|p1|Great Tusk|
|poke|p1|Ogerpon-Wellspring, F|
|poke|p1|Moltres-Galar|
|poke|p1|Ceruledge, F|
|poke|p2|Gliscor, M|
|poke|p2|Great Tusk|
|poke|p2|Empoleon, M|
|poke|p2|Zamazenta-*|
|poke|p2|Pecharunt|
|poke|p2|Kingambit, F|
|teampreview
|
|t:|1779653986
|teamsize|p1|6
|teamsize|p2|6
|start
|switch|p1a: Ogerpon|Ogerpon-Wellspring, F|100/100
|switch|p2a: Empoleon|Empoleon, M|100/100
|turn|1
|
|t:|1779653997
|move|p1a: Ogerpon|Horn Leech|p2a: Empoleon
|-damage|p2a: Empoleon|69/100
|move|p2a: Empoleon|Stealth Rock|p1a: Ogerpon
|-sidestart|p1: Billythekid95|move: Stealth Rock
|
|upkeep
|turn|2
|
|t:|1779654001
|switch|p2a: Zamazenta|Zamazenta|100/100
|-ability|p2a: Zamazenta|Dauntless Shield|boost
|-boost|p2a: Zamazenta|def|1
|move|p1a: Ogerpon|Encore||[still]
|-fail|p1a: Ogerpon
|
|upkeep
|turn|3
|
|t:|1779654007
|move|p2a: Zamazenta|Close Combat|p1a: Ogerpon
|-damage|p1a: Ogerpon|8/100
|-unboost|p2a: Zamazenta|def|1
|-unboost|p2a: Zamazenta|spd|1
|-damage|p2a: Zamazenta|91/100|[from] item: Life Orb
|move|p1a: Ogerpon|Encore|p2a: Zamazenta
|-start|p2a: Zamazenta|Encore
|
|upkeep
|turn|4
|
|t:|1779654016
|move|p2a: Zamazenta|Close Combat|p1a: Ogerpon
|-damage|p1a: Ogerpon|0 fnt
|-unboost|p2a: Zamazenta|def|1
|-unboost|p2a: Zamazenta|spd|1
|faint|p1a: Ogerpon
|-damage|p2a: Zamazenta|81/100|[from] item: Life Orb
|
|upkeep
|
|t:|1779654022
|switch|p1a: Ceruledge|Ceruledge, F|100/100
|-damage|p1a: Ceruledge|76/100|[from] Stealth Rock
|turn|5
|
|t:|1779654034
|switch|p2a: Great Tusk|Great Tusk|100/100
|move|p1a: Ceruledge|Bulk Up|p1a: Ceruledge
|-boost|p1a: Ceruledge|atk|1
|-boost|p1a: Ceruledge|def|1
|
|upkeep
|turn|6
|
|t:|1779654040
|-terastallize|p1a: Ceruledge|Bug
|move|p2a: Great Tusk|Knock Off|p1a: Ceruledge
|-damage|p1a: Ceruledge|50/100
|-enditem|p1a: Ceruledge|Covert Cloak|[from] move: Knock Off|[of] p2a: Great Tusk
|move|p1a: Ceruledge|Bulk Up|p1a: Ceruledge
|-boost|p1a: Ceruledge|atk|1
|-boost|p1a: Ceruledge|def|1
|
|upkeep
|turn|7
|
|t:|1779654098
|-terastallize|p2a: Great Tusk|Fire
|move|p2a: Great Tusk|Ice Spinner|p1a: Ceruledge
|-damage|p1a: Ceruledge|35/100
|move|p1a: Ceruledge|Bitter Blade|p2a: Great Tusk
|-resisted|p2a: Great Tusk
|-damage|p2a: Great Tusk|77/100
|-heal|p1a: Ceruledge|49/100|[from] drain|[of] p2a: Great Tusk
|
|upkeep
|turn|8
|
|t:|1779654106
|move|p2a: Great Tusk|Ice Spinner|p1a: Ceruledge
|-damage|p1a: Ceruledge|34/100
|move|p1a: Ceruledge|Bitter Blade|p2a: Great Tusk
|-resisted|p2a: Great Tusk
|-damage|p2a: Great Tusk|52/100
|-heal|p1a: Ceruledge|49/100|[from] drain|[of] p2a: Great Tusk
|
|upkeep
|turn|9
|
|t:|1779654115
|-end|p2a: Great Tusk|Protosynthesis|[silent]
|switch|p2a: Zamazenta|Zamazenta|81/100
|move|p1a: Ceruledge|Bitter Blade|p2a: Zamazenta
|-damage|p2a: Zamazenta|14/100
|-heal|p1a: Ceruledge|79/100|[from] drain|[of] p2a: Zamazenta
|
|upkeep
|turn|10
|
|t:|1779654123
|move|p1a: Ceruledge|Shadow Sneak|p2a: Zamazenta
|-damage|p2a: Zamazenta|0 fnt
|faint|p2a: Zamazenta
|
|upkeep
|
|t:|1779654125
|switch|p2a: Pecharunt|Pecharunt|100/100
|-item|p2a: Pecharunt|Air Balloon
|turn|11
|
|t:|1779654130
|move|p2a: Pecharunt|Malignant Chain|p1a: Ceruledge
|-damage|p1a: Ceruledge|51/100
|move|p1a: Ceruledge|Taunt|p2a: Pecharunt
|-start|p2a: Pecharunt|move: Taunt
|
|upkeep
|turn|12
|
|t:|1779654135
|move|p2a: Pecharunt|Malignant Chain|p1a: Ceruledge
|-damage|p1a: Ceruledge|19/100
|move|p1a: Ceruledge|Bitter Blade|p2a: Pecharunt
|-damage|p2a: Pecharunt|51/100
|-heal|p1a: Ceruledge|41/100|[from] drain|[of] p2a: Pecharunt
|-enditem|p2a: Pecharunt|Air Balloon
|
|upkeep
|turn|13
|
|t:|1779654145
|move|p2a: Pecharunt|Malignant Chain|p1a: Ceruledge
|-damage|p1a: Ceruledge|10/100
|move|p1a: Ceruledge|Bitter Blade|p2a: Pecharunt
|-damage|p2a: Pecharunt|0 fnt
|-heal|p1a: Ceruledge|33/100|[from] drain|[of] p2a: Pecharunt
|faint|p2a: Pecharunt
|
|upkeep
|
|t:|1779654158
|switch|p2a: Great Tusk|Great Tusk, tera:Fire|52/100
|turn|14
|
|t:|1779654162
|move|p2a: Great Tusk|Ice Spinner|p1a: Ceruledge
|-damage|p1a: Ceruledge|18/100
|move|p1a: Ceruledge|Bitter Blade|p2a: Great Tusk
|-resisted|p2a: Great Tusk
|-damage|p2a: Great Tusk|25/100
|-heal|p1a: Ceruledge|33/100|[from] drain|[of] p2a: Great Tusk
|
|upkeep
|turn|15
|
|t:|1779654169
|move|p2a: Great Tusk|Ice Spinner|p1a: Ceruledge
|-damage|p1a: Ceruledge|18/100
|move|p1a: Ceruledge|Bitter Blade|p2a: Great Tusk
|-resisted|p2a: Great Tusk
|-damage|p2a: Great Tusk|0 fnt
|-heal|p1a: Ceruledge|33/100|[from] drain|[of] p2a: Great Tusk
|faint|p2a: Great Tusk
|-end|p2a: Great Tusk|Protosynthesis|[silent]
|
|upkeep
|
|t:|1779654172
|switch|p2a: Kingambit|Kingambit, F|100/100
|-activate|p2a: Kingambit|ability: Supreme Overlord
|-start|p2a: Kingambit|fallen3|[silent]
|turn|16
|
|t:|1779654179
|move|p2a: Kingambit|Sucker Punch|p1a: Ceruledge
|-damage|p1a: Ceruledge|0 fnt
|faint|p1a: Ceruledge
|
|upkeep
|
|t:|1779654185
|switch|p1a: Ninetales|Ninetales-Alola, M|100/100
|-damage|p1a: Ninetales|76/100|[from] Stealth Rock
|-weather|Snowscape|[from] ability: Snow Warning|[of] p1a: Ninetales
|turn|17
|
|t:|1779654197
|-end|p2a: Kingambit|fallen3|[silent]
|switch|p2a: Empoleon|Empoleon, M|69/100
|move|p1a: Ninetales|Encore||[still]
|-fail|p1a: Ninetales
|
|-weather|Snowscape|[upkeep]
|upkeep
|turn|18
|inactive|Battle timer is ON: inactive players will automatically lose when time's up. (requested by Billythekid95)
|
|t:|1779654203
|switch|p2a: Gliscor|Gliscor, M|100/100
|move|p1a: Ninetales|Aurora Veil|p1a: Ninetales
|-sidestart|p1: Billythekid95|move: Aurora Veil
|
|-weather|Snowscape|[upkeep]
|-status|p2a: Gliscor|tox|[from] item: Toxic Orb
|upkeep
|turn|19
|
|t:|1779654208
|move|p1a: Ninetales|Freeze-Dry|p2a: Gliscor
|-supereffective|p2a: Gliscor
|-damage|p2a: Gliscor|24/100 tox
|move|p2a: Gliscor|Toxic|p1a: Ninetales
|-status|p1a: Ninetales|tox
|
|-weather|Snowscape|[upkeep]
|-damage|p1a: Ninetales|70/100 tox|[from] psn
|-heal|p2a: Gliscor|37/100 tox|[from] ability: Poison Heal
|upkeep
|turn|20
|
|t:|1779654217
|move|p2a: Gliscor|Protect|p2a: Gliscor
|-singleturn|p2a: Gliscor|Protect
|move|p1a: Ninetales|Freeze-Dry|p2a: Gliscor
|-activate|p2a: Gliscor|move: Protect
|
|-weather|Snowscape|[upkeep]
|-damage|p1a: Ninetales|58/100 tox|[from] psn
|-heal|p2a: Gliscor|49/100 tox|[from] ability: Poison Heal
|upkeep
|turn|21
|
|t:|1779654225
|switch|p2a: Kingambit|Kingambit, F|100/100
|-activate|p2a: Kingambit|ability: Supreme Overlord
|-start|p2a: Kingambit|fallen3|[silent]
|move|p1a: Ninetales|Freeze-Dry|p2a: Kingambit
|-resisted|p2a: Kingambit
|-damage|p2a: Kingambit|90/100
|
|-weather|none
|-heal|p2a: Kingambit|96/100|[from] item: Leftovers
|-damage|p1a: Ninetales|39/100 tox|[from] psn
|upkeep
|turn|22
|
|t:|1779654235
|-end|p2a: Kingambit|fallen3|[silent]
|switch|p2a: Empoleon|Empoleon, M|69/100
|move|p1a: Ninetales|Moonblast|p2a: Empoleon
|-resisted|p2a: Empoleon
|-damage|p2a: Empoleon|57/100
|-unboost|p2a: Empoleon|spa|1
|-ability|p2a: Empoleon|Competitive|boost
|-boost|p2a: Empoleon|spa|2
|
|-damage|p1a: Ninetales|15/100 tox|[from] psn
|upkeep
|turn|23
|
|t:|1779654244
|move|p1a: Ninetales|Freeze-Dry|p2a: Empoleon
|-damage|p2a: Empoleon|38/100
|move|p2a: Empoleon|Roost|p2a: Empoleon
|-heal|p2a: Empoleon|88/100
|-singleturn|p2a: Empoleon|move: Roost
|
|-damage|p1a: Ninetales|0 fnt|[from] psn
|faint|p1a: Ninetales
|upkeep
|
|t:|1779654253
|switch|p1a: Great Tusk|Great Tusk|100/100
|-damage|p1a: Great Tusk|97/100|[from] Stealth Rock
|turn|24
|
|t:|1779654257
|move|p1a: Great Tusk|Earthquake|p2a: Empoleon
|-supereffective|p2a: Empoleon
|-enditem|p2a: Empoleon|Shuca Berry|[eat]
|-enditem|p2a: Empoleon|Shuca Berry|[weaken]
|-damage|p2a: Empoleon|59/100
|move|p2a: Empoleon|Surf|p1a: Great Tusk
|-supereffective|p1a: Great Tusk
|-damage|p1a: Great Tusk|70/100
|
|upkeep
|turn|25
|
|t:|1779654265
|move|p1a: Great Tusk|Close Combat|p2a: Empoleon
|-supereffective|p2a: Empoleon
|-damage|p2a: Empoleon|0 fnt
|-unboost|p1a: Great Tusk|def|1
|-unboost|p1a: Great Tusk|spd|1
|faint|p2a: Empoleon
|
|-sideend|p1: Billythekid95|move: Aurora Veil
|upkeep
|
|t:|1779654268
|switch|p2a: Gliscor|Gliscor, M|49/100 tox
|turn|26
|
|t:|1779654275
|-end|p1a: Great Tusk|Protosynthesis|[silent]
|switch|p1a: Iron Crown|Iron Crown|100/100
|-damage|p1a: Iron Crown|94/100|[from] Stealth Rock
|-enditem|p1a: Iron Crown|Booster Energy
|-activate|p1a: Iron Crown|ability: Quark Drive|[fromitem]
|-start|p1a: Iron Crown|quarkdrivespa
|move|p2a: Gliscor|Toxic|p1a: Iron Crown|[miss]
|-miss|p2a: Gliscor|p1a: Iron Crown
|
|-heal|p2a: Gliscor|62/100 tox|[from] ability: Poison Heal
|upkeep
|turn|27
|
|t:|1779654284
|switch|p2a: Kingambit|Kingambit, F|96/100
|-activate|p2a: Kingambit|ability: Supreme Overlord
|-start|p2a: Kingambit|fallen4|[silent]
|move|p1a: Iron Crown|Calm Mind|p1a: Iron Crown
|-boost|p1a: Iron Crown|spa|1
|-boost|p1a: Iron Crown|spd|1
|
|-heal|p2a: Kingambit|100/100|[from] item: Leftovers
|upkeep
|turn|28
|
|t:|1779654293
|move|p2a: Kingambit|Sucker Punch|p1a: Iron Crown
|-supereffective|p1a: Iron Crown
|-damage|p1a: Iron Crown|0 fnt
|faint|p1a: Iron Crown
|-end|p1a: Iron Crown|Quark Drive|[silent]
|
|upkeep
|
|t:|1779654299
|switch|p1a: Great Tusk|Great Tusk|70/100
|-damage|p1a: Great Tusk|67/100|[from] Stealth Rock
|turn|29
|
|t:|1779654305
|-end|p1a: Great Tusk|Protosynthesis|[silent]
|switch|p1a: Moltres|Moltres-Galar|100/100
|-damage|p1a: Moltres|76/100|[from] Stealth Rock
|-end|p2a: Kingambit|fallen4|[silent]
|switch|p2a: Gliscor|Gliscor, M|62/100 tox
|
|-heal|p2a: Gliscor|74/100 tox|[from] ability: Poison Heal
|upkeep
|turn|30
|
|t:|1779654318
|switch|p2a: Kingambit|Kingambit, F|100/100
|-activate|p2a: Kingambit|ability: Supreme Overlord
|-start|p2a: Kingambit|fallen4|[silent]
|move|p1a: Moltres|Taunt|p2a: Kingambit
|-start|p2a: Kingambit|move: Taunt
|
|upkeep
|turn|31
|
|t:|1779654325
|move|p1a: Moltres|Nasty Plot|p1a: Moltres
|-boost|p1a: Moltres|spa|2
|move|p2a: Kingambit|Iron Head|p1a: Moltres
|-damage|p1a: Moltres|0 fnt
|faint|p1a: Moltres
|
|upkeep
|-message|Billythekid95 forfeited.
|
|win|noob1877
|raw|Billythekid95's rating: 1665 &rarr; <strong>1648</strong><br />(-17 for losing)
|raw|noob1877's rating: 1722 &rarr; <strong>1739</strong><br />(+17 for winning)
|l|☆Billythekid95
|player|p1|
|l|☆noob1877
|player|p2|
