|j|☆hat40
|j|☆vafafaf
|t:|1779672166
|gametype|singles
|player|p1|hat40|102|1551
|player|p2|vafafaf|1|1499
|gen|9
|tier|[Gen 9] OU
|rated|
|rule|HP Percentage Mod: HP is shown in percentages
|rule|Endless Battle Clause: Forcing endless battles is banned
|rule|Species Clause: Limit one of each Pokémon
|rule|OHKO Clause: OHKO moves are banned
|rule|Evasion Items Clause: Evasion items are banned
|rule|Evasion Moves Clause: Evasion moves are banned
|rule|Evasion Abilities Clause: Evasion abilities are banned
|rule|Sleep Moves Clause: Sleep-inducing moves are banned
|clearpoke
|poke|p1|Pelipper, M|
|poke|p1|Manaphy|
|poke|p1|Bruxish, M|
|poke|p1|Overqwil, M|
|poke|p1|Iron Treads|
|poke|p1|Raging Bolt|
|poke|p2|Exeggutor-Alola, F|
|poke|p2|Hatterene, F|
|poke|p2|Kingambit, M|
|poke|p2|Iron Valiant|
|poke|p2|Ting-Lu|
|poke|p2|Regieleki|
|teampreview
|
|t:|1779672207
|teamsize|p1|6
|teamsize|p2|6
|start
|switch|p1a: Pelipper|Pelipper, M|100/100
|switch|p2a: Ting-Lu|Ting-Lu|100/100
|-weather|RainDance|[from] ability: Drizzle|[of] p1a: Pelipper
|-ability|p2a: Ting-Lu|Vessel of Ruin
|turn|1
|
|t:|1779672227
|switch|p2a: Exeggutor|Exeggutor-Alola, F|100/100
|move|p1a: Pelipper|U-turn|p2a: Exeggutor
|-supereffective|p2a: Exeggutor
|-damage|p2a: Exeggutor|84/100
|
|t:|1779672240
|switch|p1a: Overqwil|Overqwil, M|100/100|[from] U-turn
|
|-weather|RainDance|[upkeep]
|upkeep
|turn|2
|
|t:|1779672255
|move|p1a: Overqwil|Gunk Shot|p2a: Exeggutor
|-supereffective|p2a: Exeggutor
|-damage|p2a: Exeggutor|0 fnt
|faint|p2a: Exeggutor
|-damage|p1a: Overqwil|91/100|[from] item: Life Orb
|
|-weather|RainDance|[upkeep]
|upkeep
|
|t:|1779672265
|switch|p2a: Kingambit|Kingambit, M|100/100
|-activate|p2a: Kingambit|ability: Supreme Overlord
|-start|p2a: Kingambit|fallen1|[silent]
|-item|p2a: Kingambit|Air Balloon
|turn|3
|
|t:|1779672294
|switch|p1a: Pelipper|Pelipper, M|100/100
|-end|p2a: Kingambit|fallen1|[silent]
|switch|p2a: Hatterene|Hatterene, F|100/100
|
|-weather|RainDance|[upkeep]
|upkeep
|turn|4
|
|t:|1779672301
|move|p1a: Pelipper|U-turn|p2a: Hatterene
|-damage|p2a: Hatterene|94/100
|-damage|p1a: Pelipper|84/100|[from] item: Rocky Helmet|[of] p2a: Hatterene
|
|t:|1779672304
|switch|p1a: Overqwil|Overqwil, M|91/100|[from] U-turn
|move|p2a: Hatterene|Nuzzle|p1a: Overqwil
|-damage|p1a: Overqwil|86/100
|-status|p1a: Overqwil|par
|
|-weather|RainDance|[upkeep]
|upkeep
|turn|5
|
|t:|1779672310
|switch|p2a: Ting-Lu|Ting-Lu|100/100
|-ability|p2a: Ting-Lu|Vessel of Ruin
|move|p1a: Overqwil|Gunk Shot|p2a: Ting-Lu|[miss]
|-miss|p1a: Overqwil|p2a: Ting-Lu
|
|-weather|RainDance|[upkeep]
|upkeep
|turn|6
|
|t:|1779672316
|move|p1a: Overqwil|Liquidation|p2a: Ting-Lu
|-supereffective|p2a: Ting-Lu
|-damage|p2a: Ting-Lu|40/100
|-unboost|p2a: Ting-Lu|def|1
|-damage|p1a: Overqwil|76/100 par|[from] item: Life Orb
|move|p2a: Ting-Lu|Stealth Rock|p1a: Overqwil
|-sidestart|p1: hat40|move: Stealth Rock
|
|-weather|RainDance|[upkeep]
|-heal|p2a: Ting-Lu|47/100|[from] item: Leftovers
|upkeep
|turn|7
|
|t:|1779672328
|move|p1a: Overqwil|Liquidation|p2a: Ting-Lu
|-supereffective|p2a: Ting-Lu
|-damage|p2a: Ting-Lu|0 fnt
|faint|p2a: Ting-Lu
|-damage|p1a: Overqwil|66/100 par|[from] item: Life Orb
|
|-weather|RainDance|[upkeep]
|upkeep
|
|t:|1779672334
|switch|p2a: Regieleki|Regieleki|100/100
|turn|8
|
|t:|1779672340
|switch|p1a: Iron Treads|Iron Treads|100/100
|-damage|p1a: Iron Treads|97/100|[from] Stealth Rock
|-enditem|p1a: Iron Treads|Booster Energy
|-activate|p1a: Iron Treads|ability: Quark Drive|[fromitem]
|-start|p1a: Iron Treads|quarkdrivespe
|move|p2a: Regieleki|Reflect|p2a: Regieleki
|-sidestart|p2: vafafaf|Reflect
|
|-weather|none
|upkeep
|turn|9
|
|t:|1779672345
|switch|p2a: Kingambit|Kingambit, M|100/100
|-activate|p2a: Kingambit|ability: Supreme Overlord
|-start|p2a: Kingambit|fallen2|[silent]
|-item|p2a: Kingambit|Air Balloon
|move|p1a: Iron Treads|Rapid Spin|p2a: Kingambit
|-resisted|p2a: Kingambit
|-damage|p2a: Kingambit|98/100
|-boost|p1a: Iron Treads|spe|1
|-enditem|p2a: Kingambit|Air Balloon
|-sideend|p1: hat40|Stealth Rock|[from] move: Rapid Spin|[of] p1a: Iron Treads
|
|upkeep
|turn|10
|
|t:|1779672355
|-terastallize|p2a: Kingambit|Ghost
|move|p1a: Iron Treads|Earthquake|p2a: Kingambit
|-damage|p2a: Kingambit|81/100
|move|p2a: Kingambit|Swords Dance|p2a: Kingambit
|-boost|p2a: Kingambit|atk|2
|
|upkeep
|turn|11
|
|t:|1779672371
|move|p1a: Iron Treads|Knock Off|p2a: Kingambit
|-supereffective|p2a: Kingambit
|-damage|p2a: Kingambit|67/100
|move|p2a: Kingambit|Swords Dance|p2a: Kingambit
|-boost|p2a: Kingambit|atk|2
|
|upkeep
|turn|12
|
|t:|1779672378
|move|p2a: Kingambit|Sucker Punch|p1a: Iron Treads
|-damage|p1a: Iron Treads|0 fnt
|faint|p1a: Iron Treads
|-end|p1a: Iron Treads|Quark Drive|[silent]
|
|-sideend|p2: vafafaf|Reflect
|upkeep
|
|t:|1779672386
|switch|p1a: Raging Bolt|Raging Bolt|100/100
|-enditem|p1a: Raging Bolt|Booster Energy
|-activate|p1a: Raging Bolt|ability: Protosynthesis|[fromitem]
|-start|p1a: Raging Bolt|protosynthesisspa
|turn|13
|
|t:|1779672399
|move|p1a: Raging Bolt|Thunderclap|p2a: Kingambit
|-crit|p2a: Kingambit
|-damage|p2a: Kingambit|0 fnt
|faint|p2a: Kingambit
|-end|p2a: Kingambit|fallen2|[silent]
|
|upkeep
|
|t:|1779672404
|switch|p2a: Hatterene|Hatterene, F|94/100
|turn|14
|-message|vafafaf forfeited.
|
|win|hat40
|raw|hat40's rating: 1551 &rarr; <strong>1568</strong><br />(+17 for winning)
|raw|vafafaf's rating: 1499 &rarr; <strong>1482</strong><br />(-17 for losing)
|l|☆vafafaf
|player|p2|
|l|☆hat40
|player|p1|
