|j|☆yazub
|j|☆Poprockles
|t:|1779679381
|gametype|singles
|player|p1|yazub|boarder|1256
|player|p2|Poprockles|265|1285
|gen|9
|tier|[Gen 9] OU
|rated|
|rule|HP Percentage Mod: HP is shown in percentages
|rule|Endless Battle Clause: Forcing endless battles is banned
|rule|Species Clause: Limit one of each Pokémon
|rule|OHKO Clause: OHKO moves are banned
|rule|Evasion Items Clause: Evasion items are banned
|rule|Evasion Moves Clause: Evasion moves are banned
|rule|Evasion Abilities Clause: Evasion abilities are banned
|rule|Sleep Moves Clause: Sleep-inducing moves are banned
|clearpoke
|poke|p1|Darkrai|
|poke|p1|Garchomp, F|
|poke|p1|Alomomola, F|
|poke|p1|Corviknight, M|
|poke|p1|Weezing-Galar, M|
|poke|p1|Ogerpon, F|
|poke|p2|Pelipper, F|
|poke|p2|Samurott-Hisui, F|
|poke|p2|Slowking-Galar, M|
|poke|p2|Walking Wake|
|poke|p2|Rillaboom, M|
|poke|p2|Barraskewda, F|
|teampreview
|inactive|Battle timer is ON: inactive players will automatically lose when time's up. (requested by Poprockles)
|
|t:|1779679446
|teamsize|p1|6
|teamsize|p2|6
|start
|switch|p1a: Weezing|Weezing-Galar, M|100/100
|switch|p2a: Samurott|Samurott-Hisui, F|100/100
|-ability|p1a: Weezing|Neutralizing Gas
|turn|1
|
|t:|1779679454
|move|p2a: Samurott|Flip Turn|p1a: Weezing
|-damage|p1a: Weezing|82/100
|
|t:|1779679456
|switch|p2a: Slowking|Slowking-Galar, M|100/100|[from] Flip Turn
|move|p1a: Weezing|Will-O-Wisp|p2a: Slowking
|-status|p2a: Slowking|brn
|
|-heal|p1a: Weezing|88/100|[from] item: Leftovers
|-damage|p2a: Slowking|94/100 brn|[from] brn
|upkeep
|turn|2
|inactive|yazub has 120 seconds left.
|
|t:|1779679500
|-end|p1a: Weezing|ability: Neutralizing Gas
|switch|p1a: Darkrai|Darkrai|100/100
|move|p2a: Slowking|Sludge Bomb|p1a: Darkrai
|-damage|p1a: Darkrai|42/100
|
|-damage|p2a: Slowking|88/100 brn|[from] brn
|upkeep
|turn|3
|
|t:|1779679510
|switch|p1a: Weezing|Weezing-Galar, M|88/100
|-ability|p1a: Weezing|Neutralizing Gas
|switch|p2a: Samurott|Samurott-Hisui, F|100/100
|
|-heal|p1a: Weezing|94/100|[from] item: Leftovers
|upkeep
|turn|4
|
|t:|1779679521
|move|p2a: Samurott|Flip Turn|p1a: Weezing
|-damage|p1a: Weezing|74/100
|
|t:|1779679523
|switch|p2a: Slowking|Slowking-Galar, M|88/100 brn|[from] Flip Turn
|move|p1a: Weezing|Will-O-Wisp|p2a: Slowking|[miss]
|-miss|p1a: Weezing|p2a: Slowking
|
|-heal|p1a: Weezing|80/100|[from] item: Leftovers
|-damage|p2a: Slowking|82/100 brn|[from] brn
|upkeep
|turn|5
|inactive|yazub has 120 seconds left.
|
|t:|1779679531
|-end|p1a: Weezing|ability: Neutralizing Gas
|switch|p1a: Alomomola|Alomomola, F|100/100
|move|p2a: Slowking|Sludge Bomb|p1a: Alomomola
|-damage|p1a: Alomomola|80/100
|
|-damage|p2a: Slowking|76/100 brn|[from] brn
|upkeep
|turn|6
|
|t:|1779679540
|move|p1a: Alomomola|Body Slam|p2a: Slowking
|-damage|p2a: Slowking|60/100 brn
|move|p2a: Slowking|Psychic Noise|p1a: Alomomola
|-damage|p1a: Alomomola|62/100
|-start|p1a: Alomomola|move: Heal Block
|
|-damage|p2a: Slowking|54/100 brn|[from] brn
|upkeep
|turn|7
|
|t:|1779679552
|switch|p2a: Rillaboom|Rillaboom, M|100/100
|-fieldstart|move: Grassy Terrain|[from] ability: Grassy Surge|[of] p2a: Rillaboom
|move|p1a: Alomomola|Mirror Coat||[still]
|-fail|p1a: Alomomola
|
|-end|p1a: Alomomola|move: Heal Block
|upkeep
|turn|8
|
|t:|1779679558
|move|p2a: Rillaboom|Knock Off|p1a: Alomomola
|-damage|p1a: Alomomola|30/100
|-enditem|p1a: Alomomola|Assault Vest|[from] move: Knock Off|[of] p2a: Rillaboom
|-damage|p2a: Rillaboom|91/100|[from] item: Life Orb
|move|p1a: Alomomola|Flip Turn|p2a: Rillaboom
|-resisted|p2a: Rillaboom
|-damage|p2a: Rillaboom|82/100
|
|t:|1779679570
|switch|p1a: Weezing|Weezing-Galar, M|80/100|[from] Flip Turn
|-ability|p1a: Weezing|Neutralizing Gas
|
|-heal|p2a: Rillaboom|88/100|[from] Grassy Terrain
|-heal|p1a: Weezing|86/100|[from] Grassy Terrain
|-heal|p1a: Weezing|92/100|[from] item: Leftovers
|upkeep
|turn|9
|
|t:|1779679578
|move|p2a: Rillaboom|U-turn|p1a: Weezing
|-resisted|p1a: Weezing
|-damage|p1a: Weezing|87/100
|-damage|p2a: Rillaboom|78/100|[from] item: Life Orb
|
|t:|1779679581
|switch|p2a: Slowking|Slowking-Galar, M|87/100 brn|[from] U-turn
|move|p1a: Weezing|Sludge Bomb|p2a: Slowking
|-resisted|p2a: Slowking
|-damage|p2a: Slowking|80/100 brn
|
|-heal|p1a: Weezing|93/100|[from] Grassy Terrain
|-heal|p1a: Weezing|99/100|[from] item: Leftovers
|-heal|p2a: Slowking|86/100 brn|[from] Grassy Terrain
|-damage|p2a: Slowking|80/100 brn|[from] brn
|upkeep
|turn|10
|
|t:|1779679591
|-end|p1a: Weezing|ability: Neutralizing Gas
|switch|p1a: Alomomola|Alomomola, F|63/100
|move|p2a: Slowking|Flamethrower|p1a: Alomomola
|-resisted|p1a: Alomomola
|-damage|p1a: Alomomola|53/100
|
|-heal|p1a: Alomomola|59/100|[from] Grassy Terrain
|-heal|p2a: Slowking|86/100 brn|[from] Grassy Terrain
|-damage|p2a: Slowking|80/100 brn|[from] brn
|upkeep
|turn|11
|
|t:|1779679600
|move|p1a: Alomomola|Flip Turn|p2a: Slowking
|-damage|p2a: Slowking|64/100 brn
|
|t:|1779679608
|switch|p1a: Garchomp|Garchomp, F|100/100|[from] Flip Turn
|move|p2a: Slowking|Sludge Bomb|p1a: Garchomp
|-resisted|p1a: Garchomp
|-damage|p1a: Garchomp|80/100
|
|-heal|p1a: Garchomp|86/100|[from] Grassy Terrain
|-heal|p2a: Slowking|70/100 brn|[from] Grassy Terrain
|-damage|p2a: Slowking|64/100 brn|[from] brn
|-fieldend|move: Grassy Terrain
|upkeep
|turn|12
|
|t:|1779679620
|switch|p2a: Pelipper|Pelipper, F|100/100
|-weather|RainDance|[from] ability: Drizzle|[of] p2a: Pelipper
|move|p1a: Garchomp|Stealth Rock|p2a: Pelipper
|-sidestart|p2: Poprockles|move: Stealth Rock
|
|-weather|RainDance|[upkeep]
|upkeep
|turn|13
|
|t:|1779679636
|move|p2a: Pelipper|U-turn|p1a: Garchomp
|-damage|p1a: Garchomp|80/100
|-damage|p2a: Pelipper|88/100|[from] ability: Rough Skin|[of] p1a: Garchomp
|-damage|p2a: Pelipper|72/100|[from] item: Rocky Helmet|[of] p1a: Garchomp
|
|t:|1779679648
|switch|p2a: Samurott|Samurott-Hisui, F|100/100|[from] U-turn
|-damage|p2a: Samurott|88/100|[from] Stealth Rock
|move|p1a: Garchomp|Dragon Tail|p2a: Samurott
|-damage|p2a: Samurott|55/100
|drag|p2a: Pelipper|Pelipper, F|72/100
|-damage|p2a: Pelipper|47/100|[from] Stealth Rock
|
|-weather|RainDance|[upkeep]
|upkeep
|turn|14
|
|t:|1779679658
|move|p1a: Garchomp|Spikes|p2a: Pelipper
|-sidestart|p2: Poprockles|Spikes
|move|p2a: Pelipper|Roost|p2a: Pelipper
|-heal|p2a: Pelipper|97/100
|-singleturn|p2a: Pelipper|move: Roost
|
|-weather|RainDance|[upkeep]
|upkeep
|turn|15
|
|t:|1779679665
|move|p1a: Garchomp|Spikes|p2a: Pelipper
|-sidestart|p2: Poprockles|Spikes
|move|p2a: Pelipper|Surf|p1a: Garchomp
|-damage|p1a: Garchomp|40/100
|
|-weather|RainDance|[upkeep]
|upkeep
|turn|16
|
|t:|1779679672
|move|p2a: Pelipper|Surf|p1a: Garchomp
|-damage|p1a: Garchomp|0 fnt
|faint|p1a: Garchomp
|
|-weather|RainDance|[upkeep]
|upkeep
|inactive|yazub has 120 seconds left.
|
|t:|1779679728
|switch|p1a: Darkrai|Darkrai|42/100
|turn|17
|
|t:|1779679731
|-terastallize|p1a: Darkrai|Dark
|move|p1a: Darkrai|Dark Pulse|p2a: Pelipper
|-damage|p2a: Pelipper|0 fnt
|faint|p2a: Pelipper
|
|-weather|RainDance|[upkeep]
|upkeep
|
|t:|1779679735
|switch|p2a: Barraskewda|Barraskewda, F|100/100
|-damage|p2a: Barraskewda|88/100|[from] Stealth Rock
|-damage|p2a: Barraskewda|72/100|[from] Spikes
|turn|18
|inactive|yazub has 120 seconds left.
|
|t:|1779679761
|switch|p1a: Alomomola|Alomomola, F|92/100
|move|p2a: Barraskewda|Flip Turn|p1a: Alomomola
|-resisted|p1a: Alomomola
|-damage|p1a: Alomomola|63/100
|
|t:|1779679764
|switch|p2a: Rillaboom|Rillaboom, M|78/100|[from] Flip Turn
|-damage|p2a: Rillaboom|66/100|[from] Stealth Rock
|-damage|p2a: Rillaboom|49/100|[from] Spikes
|-fieldstart|move: Grassy Terrain|[from] ability: Grassy Surge|[of] p2a: Rillaboom
|
|-weather|RainDance|[upkeep]
|-heal|p2a: Rillaboom|56/100|[from] Grassy Terrain
|-heal|p1a: Alomomola|69/100|[from] Grassy Terrain
|upkeep
|turn|19
|
|t:|1779679779
|switch|p1a: Corviknight|Corviknight, M|100/100
|-ability|p1a: Corviknight|Pressure
|move|p2a: Rillaboom|Wood Hammer|p1a: Corviknight
|-resisted|p1a: Corviknight
|-damage|p1a: Corviknight|76/100
|-damage|p2a: Rillaboom|46/100|[from] Recoil
|-damage|p2a: Rillaboom|36/100|[from] item: Life Orb
|
|-weather|none
|-heal|p2a: Rillaboom|42/100|[from] Grassy Terrain
|-heal|p1a: Corviknight|82/100|[from] item: Leftovers
|upkeep
|turn|20
|
|t:|1779679793
|move|p2a: Rillaboom|Knock Off|p1a: Corviknight
|-damage|p1a: Corviknight|42/100
|-enditem|p1a: Corviknight|Leftovers|[from] move: Knock Off|[of] p2a: Rillaboom
|-damage|p2a: Rillaboom|32/100|[from] item: Life Orb
|move|p1a: Corviknight|U-turn|p2a: Rillaboom
|-supereffective|p2a: Rillaboom
|-damage|p2a: Rillaboom|0 fnt
|faint|p2a: Rillaboom
|
|t:|1779679804
|switch|p1a: Alomomola|Alomomola, F|100/100|[from] U-turn
|
|upkeep
|
|t:|1779679807
|switch|p2a: Walking Wake|Walking Wake|100/100
|-damage|p2a: Walking Wake|88/100|[from] Stealth Rock
|-damage|p2a: Walking Wake|72/100|[from] Spikes
|turn|21
|
|t:|1779679812
|move|p2a: Walking Wake|Dragon Pulse|p1a: Alomomola
|-damage|p1a: Alomomola|71/100
|move|p1a: Alomomola|Mirror Coat|p2a: Walking Wake
|-damage|p2a: Walking Wake|0 fnt
|faint|p2a: Walking Wake
|-end|p2a: Walking Wake|Protosynthesis|[silent]
|
|-heal|p1a: Alomomola|77/100|[from] Grassy Terrain
|upkeep
|
|t:|1779679820
|switch|p2a: Samurott|Samurott-Hisui, F|55/100
|-damage|p2a: Samurott|43/100|[from] Stealth Rock
|-damage|p2a: Samurott|26/100|[from] Spikes
|turn|22
|inactive|yazub has 120 seconds left.
|
|t:|1779679832
|move|p2a: Samurott|Ceaseless Edge|p1a: Alomomola
|-damage|p1a: Alomomola|45/100
|-sidestart|p1: yazub|Spikes
|move|p1a: Alomomola|Flip Turn|p2a: Samurott
|-resisted|p2a: Samurott
|-damage|p2a: Samurott|17/100
|inactive|yazub has 120 seconds left.
|
|t:|1779679842
|switch|p1a: Ogerpon|Ogerpon, F|100/100|[from] Flip Turn
|-damage|p1a: Ogerpon|88/100|[from] Spikes
|
|-heal|p2a: Samurott|23/100|[from] Grassy Terrain
|-heal|p1a: Ogerpon|94/100|[from] Grassy Terrain
|-fieldend|move: Grassy Terrain
|upkeep
|turn|23
|
|t:|1779679848
|move|p2a: Samurott|Ceaseless Edge|p1a: Ogerpon
|-damage|p1a: Ogerpon|34/100
|-sidestart|p1: yazub|Spikes
|move|p1a: Ogerpon|Ivy Cudgel|p2a: Samurott
|-supereffective|p2a: Samurott
|-crit|p2a: Samurott
|-damage|p2a: Samurott|0 fnt
|faint|p2a: Samurott
|
|upkeep
|
|t:|1779679854
|switch|p2a: Barraskewda|Barraskewda, F|72/100
|-damage|p2a: Barraskewda|60/100|[from] Stealth Rock
|-damage|p2a: Barraskewda|43/100|[from] Spikes
|turn|24
|
|t:|1779679859
|move|p2a: Barraskewda|Close Combat|p1a: Ogerpon
|-crit|p1a: Ogerpon
|-damage|p1a: Ogerpon|0 fnt
|-unboost|p2a: Barraskewda|def|1
|-unboost|p2a: Barraskewda|spd|1
|faint|p1a: Ogerpon
|
|upkeep
|
|t:|1779679869
|switch|p1a: Alomomola|Alomomola, F|78/100
|-damage|p1a: Alomomola|61/100|[from] Spikes
|turn|25
|
|t:|1779679882
|move|p2a: Barraskewda|Close Combat|p1a: Alomomola
|-damage|p1a: Alomomola|9/100
|-unboost|p2a: Barraskewda|def|1
|-unboost|p2a: Barraskewda|spd|1
|move|p1a: Alomomola|Body Slam|p2a: Barraskewda
|-damage|p2a: Barraskewda|0 fnt
|faint|p2a: Barraskewda
|
|upkeep
|
|t:|1779679885
|switch|p2a: Slowking|Slowking-Galar, M|97/100 brn
|-damage|p2a: Slowking|85/100 brn|[from] Stealth Rock
|-damage|p2a: Slowking|68/100 brn|[from] Spikes
|turn|26
|
|t:|1779679894
|move|p1a: Alomomola|Aqua Jet|p2a: Slowking
|-damage|p2a: Slowking|57/100 brn
|move|p2a: Slowking|Sludge Bomb|p1a: Alomomola
|-damage|p1a: Alomomola|0 fnt
|faint|p1a: Alomomola
|
|-damage|p2a: Slowking|50/100 brn|[from] brn
|upkeep
|
|t:|1779679901
|switch|p1a: Darkrai|Darkrai, tera:Dark|42/100
|-damage|p1a: Darkrai|26/100|[from] Spikes
|turn|27
|
|t:|1779679906
|-terastallize|p2a: Slowking|Grass
|move|p1a: Darkrai|Dark Pulse|p2a: Slowking
|-damage|p2a: Slowking|5/100 brn
|cant|p2a: Slowking|flinch
|
|-damage|p2a: Slowking|0 fnt|[from] brn
|faint|p2a: Slowking
|
|win|yazub
|raw|yazub's rating: 1256 &rarr; <strong>1283</strong><br />(+27 for winning)
|raw|Poprockles's rating: 1285 &rarr; <strong>1258</strong><br />(-27 for losing)
|l|☆Poprockles
|player|p2|
