|j|☆Snuffty
|j|☆Flari64
|inactive|Battle timer is ON: inactive players will automatically lose when time's up.
|t:|1779624877
|gametype|singles
|player|p1|Snuffty|blackbelt|
|player|p2|Flari64|miku-ghost|
|gen|9
|tier|[Gen 9] OU
|rated|Tournament battle
|rule|HP Percentage Mod: HP is shown in percentages
|rule|Endless Battle Clause: Forcing endless battles is banned
|rule|Species Clause: Limit one of each Pokémon
|rule|OHKO Clause: OHKO moves are banned
|rule|Evasion Items Clause: Evasion items are banned
|rule|Evasion Moves Clause: Evasion moves are banned
|rule|Evasion Abilities Clause: Evasion abilities are banned
|rule|Sleep Moves Clause: Sleep-inducing moves are banned
|raw|<div class="infobox"><details class="readmore" open><summary><strong>1 custom rule:</strong></summary> -wobbuffet</details></div>
|clearpoke
|poke|p1|Azumarill, M|
|poke|p1|Murkrow, M|
|poke|p1|Porygon|
|poke|p1|Shellder, F|
|poke|p2|Hatterene, F|
|poke|p2|Munchlax, M|
|poke|p2|Poochyena, F|
|poke|p2|Meowth, F|
|teampreview
|j|*Lady Monita 
|inactive|Snuffty also wants the timer to be on.
|c|☆Flari64|glhf
|inactive|Flari64 has 120 seconds left.
|
|t:|1779624909
|teamsize|p1|4
|teamsize|p2|4
|start
|switch|p1a: Porygon|Porygon, shiny|100/100
|switch|p2a: Poochyena|Poochyena, F, shiny|100/100
|-ability|p1a: Porygon|Rattled|Trace|[from] ability: Trace|[of] p2a: Poochyena
|turn|1
|
|t:|1779624923
|move|p1a: Porygon|Tri Attack|p2a: Poochyena
|-damage|p2a: Poochyena|60/100
|move|p2a: Poochyena|Taunt|p1a: Porygon
|-start|p1a: Porygon|move: Taunt
|
|upkeep
|turn|2
|
|t:|1779624927
|move|p1a: Porygon|Tri Attack|p2a: Poochyena
|-damage|p2a: Poochyena|23/100
|move|p2a: Poochyena|Swagger|p1a: Porygon
|-boost|p1a: Porygon|atk|2
|-start|p1a: Porygon|confusion
|
|upkeep
|turn|3
|
|t:|1779624931
|-activate|p1a: Porygon|confusion
|move|p1a: Porygon|Tri Attack|p2a: Poochyena
|-damage|p2a: Poochyena|0 fnt
|faint|p2a: Poochyena
|
|upkeep
|j| werewulf by night
|
|t:|1779624947
|switch|p2a: :D|Munchlax, M, shiny|100/100
|turn|4
|
|t:|1779624951
|switch|p1a: Murkrow|Murkrow, M, shiny|100/100
|move|p2a: :D|Protect||[still]
|-fail|p2a: :D
|
|upkeep
|turn|5
|
|t:|1779624957
|move|p1a: Murkrow|Thunder Wave|p2a: :D
|-status|p2a: :D|par
|move|p2a: :D|Last Resort|p1a: Murkrow
|-damage|p1a: Murkrow|16/100
|
|upkeep
|turn|6
|
|t:|1779624961
|move|p1a: Murkrow|Feather Dance|p2a: :D
|-unboost|p2a: :D|atk|2
|move|p2a: :D|Last Resort|p1a: Murkrow
|-damage|p1a: Murkrow|0 fnt
|faint|p1a: Murkrow
|
|upkeep
|
|t:|1779624963
|switch|p1a: Azumarill|Azumarill, M, shiny|100/100
|turn|7
|
|t:|1779624967
|switch|p2a: Meowth|Meowth, F, shiny|100/100
|move|p1a: Azumarill|Belly Drum|p1a: Azumarill
|-damage|p1a: Azumarill|50/100
|-setboost|p1a: Azumarill|atk|6|[from] move: Belly Drum
|-enditem|p1a: Azumarill|Sitrus Berry|[eat]
|-heal|p1a: Azumarill|75/100|[from] item: Sitrus Berry
|
|upkeep
|turn|8
|
|t:|1779624973
|move|p2a: Meowth|Fake Out|p1a: Azumarill
|-damage|p1a: Azumarill|60/100
|cant|p1a: Azumarill|flinch
|
|upkeep
|turn|9
|
|t:|1779624993
|move|p2a: Meowth|Covet|p1a: Azumarill
|-damage|p1a: Azumarill|35/100
|move|p1a: Azumarill|Liquidation|p2a: Meowth
|-damage|p2a: Meowth|0 fnt
|faint|p2a: Meowth
|
|upkeep
|
|t:|1779625000
|switch|p2a: :D|Munchlax, M, shiny|100/100 par
|turn|10
|
|t:|1779625003
|cant|p2a: :D|par
|move|p1a: Azumarill|Liquidation|p2a: :D
|-damage|p2a: :D|0 fnt
|faint|p2a: :D
|
|upkeep
|
|t:|1779625005
|switch|p2a: Ophelia|Hatterene, F|100/100
|turn|11
|c|☆Flari64|gg
|
|t:|1779625008
|move|p1a: Azumarill|Liquidation|p2a: Ophelia
|-damage|p2a: Ophelia|0 fnt
|faint|p2a: Ophelia
|
|win|Snuffty
|n|☆Snuffty|snuffty
|n|☆Flari64|flari64
|n|*Lady Monita |ladymonita
|n| werewulf by night|werewulfbynight
