|j|☆calvas
|j|☆draconotmeteor
|t:|1779696914
|gametype|singles
|player|p1|calvas|gentleman-gen4dp|1393
|player|p2|draconotmeteor|shauntal|1295
|gen|9
|tier|[Gen 9] OU
|rated|
|rule|HP Percentage Mod: HP is shown in percentages
|rule|Endless Battle Clause: Forcing endless battles is banned
|rule|Species Clause: Limit one of each Pokémon
|rule|OHKO Clause: OHKO moves are banned
|rule|Evasion Items Clause: Evasion items are banned
|rule|Evasion Moves Clause: Evasion moves are banned
|rule|Evasion Abilities Clause: Evasion abilities are banned
|rule|Sleep Moves Clause: Sleep-inducing moves are banned
|clearpoke
|poke|p1|Dragapult, F|
|poke|p1|Great Tusk|
|poke|p1|Landorus-Therian, M|
|poke|p1|Enamorus, F|
|poke|p1|Ogerpon-Wellspring, F|
|poke|p1|Zamazenta-*|
|poke|p2|Cyclizar, M|
|poke|p2|Corviknight, M|
|poke|p2|Ting-Lu|
|poke|p2|Slowking-Galar, F|
|poke|p2|Kyurem|
|poke|p2|Garganacl, M|
|teampreview
|inactive|Battle timer is ON: inactive players will automatically lose when time's up. (requested by calvas)
|
|t:|1779696937
|teamsize|p1|6
|teamsize|p2|6
|start
|switch|p1a: Air force One|Dragapult, F|100/100
|switch|p2a: Kyurem|Kyurem|100/100
|-ability|p2a: Kyurem|Pressure
|turn|1
|
|t:|1779696944
|move|p2a: Kyurem|Protect|p2a: Kyurem
|-singleturn|p2a: Kyurem|Protect
|move|p1a: Air force One|Draco Meteor|p2a: Kyurem
|-activate|p2a: Kyurem|move: Protect
|
|upkeep
|turn|2
|
|t:|1779696951
|switch|p2a: Slowking|Slowking-Galar, F|100/100
|move|p1a: Air force One|Draco Meteor|p2a: Slowking
|-damage|p2a: Slowking|68/100
|-unboost|p1a: Air force One|spa|2
|
|upkeep
|turn|3
|
|t:|1779696959
|move|p1a: Air force One|U-turn|p2a: Slowking
|-damage|p2a: Slowking|51/100
|
|t:|1779696964
|switch|p1a: Les Chicots|Great Tusk|100/100|[from] U-turn
|-enditem|p1a: Les Chicots|Booster Energy
|-activate|p1a: Les Chicots|ability: Protosynthesis|[fromitem]
|-start|p1a: Les Chicots|protosynthesisatk
|-prepare|p2a: Slowking|Chilly Reception|[premajor]
|move|p2a: Slowking|Chilly Reception|p2a: Slowking
|-weather|Snowscape
|
|t:|1779696969
|switch|p2a: Kyurem|Kyurem|100/100|[from] Chilly Reception
|-ability|p2a: Kyurem|Pressure
|
|-weather|Snowscape|[upkeep]
|upkeep
|turn|4
|
|t:|1779696986
|-terastallize|p1a: Les Chicots|Steel
|move|p2a: Kyurem|Substitute|p2a: Kyurem
|-start|p2a: Kyurem|Substitute
|-damage|p2a: Kyurem|75/100
|move|p1a: Les Chicots|Rapid Spin|p2a: Kyurem
|-activate|p2a: Kyurem|move: Substitute|[damage]
|-boost|p1a: Les Chicots|spe|1
|
|-weather|Snowscape|[upkeep]
|-heal|p2a: Kyurem|82/100|[from] item: Leftovers
|upkeep
|turn|5
|
|t:|1779696993
|-terastallize|p2a: Kyurem|Ground
|move|p1a: Les Chicots|Close Combat|p2a: Kyurem
|-end|p2a: Kyurem|Substitute
|-unboost|p1a: Les Chicots|def|1
|-unboost|p1a: Les Chicots|spd|1
|move|p2a: Kyurem|Earth Power|p1a: Les Chicots
|-supereffective|p1a: Les Chicots
|-damage|p1a: Les Chicots|0 fnt
|faint|p1a: Les Chicots
|-end|p1a: Les Chicots|Protosynthesis|[silent]
|
|-weather|Snowscape|[upkeep]
|-heal|p2a: Kyurem|88/100|[from] item: Leftovers
|upkeep
|
|t:|1779697003
|switch|p1a: Ogerpon|Ogerpon-Wellspring, F|100/100
|turn|6
|
|t:|1779697006
|switch|p2a: Cyclizar|Cyclizar, M|100/100
|move|p1a: Ogerpon|Ivy Cudgel|p2a: Cyclizar|[anim] Ivy Cudgel Water
|-resisted|p2a: Cyclizar
|-damage|p2a: Cyclizar|54/100
|
|-weather|Snowscape|[upkeep]
|upkeep
|turn|7
|
|t:|1779697011
|move|p2a: Cyclizar|U-turn|p1a: Ogerpon
|-supereffective|p1a: Ogerpon
|-damage|p1a: Ogerpon|62/100
|
|t:|1779697013
|switch|p2a: Corviknight|Corviknight, M|100/100|[from] U-turn
|-ability|p2a: Corviknight|Pressure
|move|p1a: Ogerpon|Knock Off|p2a: Corviknight
|-damage|p2a: Corviknight|78/100
|-damage|p1a: Ogerpon|45/100|[from] item: Rocky Helmet|[of] p2a: Corviknight
|-enditem|p2a: Corviknight|Rocky Helmet|[from] move: Knock Off|[of] p1a: Ogerpon
|
|-weather|none
|upkeep
|turn|8
|
|t:|1779697025
|switch|p1a: Landorus|Landorus-Therian, M|100/100
|-ability|p1a: Landorus|Intimidate|boost
|-unboost|p2a: Corviknight|atk|1
|move|p2a: Corviknight|U-turn|p1a: Landorus
|-resisted|p1a: Landorus
|-damage|p1a: Landorus|96/100
|
|t:|1779697029
|switch|p2a: Kyurem|Kyurem, tera:Ground|88/100|[from] U-turn
|-ability|p2a: Kyurem|Pressure
|
|-heal|p2a: Kyurem|94/100|[from] item: Leftovers
|-heal|p1a: Landorus|100/100|[from] item: Leftovers
|upkeep
|turn|9
|
|t:|1779697038
|move|p2a: Kyurem|Substitute|p2a: Kyurem
|-start|p2a: Kyurem|Substitute
|-damage|p2a: Kyurem|69/100
|move|p1a: Landorus|Taunt|p2a: Kyurem
|-start|p2a: Kyurem|move: Taunt
|
|-heal|p2a: Kyurem|75/100|[from] item: Leftovers
|upkeep
|turn|10
|
|t:|1779697043
|move|p2a: Kyurem|Freeze-Dry|p1a: Landorus
|-supereffective|p1a: Landorus
|-damage|p1a: Landorus|0 fnt
|faint|p1a: Landorus
|
|-heal|p2a: Kyurem|81/100|[from] item: Leftovers
|upkeep
|-message|calvas forfeited.
|
|win|draconotmeteor
|raw|calvas's rating: 1393 &rarr; <strong>1368</strong><br />(-25 for losing)
|raw|draconotmeteor's rating: 1295 &rarr; <strong>1327</strong><br />(+32 for winning)
|l|☆calvas
|player|p1|
