|j|☆fffffer
|j|☆kakjohn
|t:|1779682570
|gametype|singles
|player|p1|fffffer|waiter|1417
|player|p2|kakjohn|leon-tower|1458
|gen|9
|tier|[Gen 9] OU
|rated|
|rule|HP Percentage Mod: HP is shown in percentages
|rule|Endless Battle Clause: Forcing endless battles is banned
|rule|Species Clause: Limit one of each Pokémon
|rule|OHKO Clause: OHKO moves are banned
|rule|Evasion Items Clause: Evasion items are banned
|rule|Evasion Moves Clause: Evasion moves are banned
|rule|Evasion Abilities Clause: Evasion abilities are banned
|rule|Sleep Moves Clause: Sleep-inducing moves are banned
|clearpoke
|poke|p1|Zangoose, M|
|poke|p1|Moltres|
|poke|p1|Iron Crown|
|poke|p1|Weezing-Galar, F|
|poke|p1|Rillaboom, F|
|poke|p1|Walking Wake|
|poke|p2|Tyranitar, F|
|poke|p2|Excadrill, M|
|poke|p2|Rillaboom, F|
|poke|p2|Kyurem|
|poke|p2|Skeledirge, M|
|poke|p2|Corviknight, F|
|teampreview
|inactive|Battle timer is ON: inactive players will automatically lose when time's up. (requested by fffffer)
|
|t:|1779682586
|teamsize|p1|6
|teamsize|p2|6
|start
|switch|p1a: Zangoose|Zangoose, M|100/100
|switch|p2a: devils never cry|Kyurem, shiny|100/100
|-ability|p2a: devils never cry|Pressure
|turn|1
|
|t:|1779682592
|-terastallize|p2a: devils never cry|Ice
|move|p2a: devils never cry|Ice Beam|p1a: Zangoose
|-damage|p1a: Zangoose|0 fnt
|faint|p1a: Zangoose
|
|upkeep
|
|t:|1779682596
|switch|p1a: Iron Crown|Iron Crown|100/100
|turn|2
|
|t:|1779682601
|switch|p2a: onlytimewilltell|Skeledirge, M|100/100
|move|p1a: Iron Crown|Volt Switch|p2a: onlytimewilltell
|-damage|p2a: onlytimewilltell|77/100
|
|t:|1779682608
|-end|p1a: Iron Crown|Quark Drive|[silent]
|switch|p1a: Walking Wake|Walking Wake|100/100|[from] Volt Switch
|
|upkeep
|turn|3
|
|t:|1779682612
|switch|p2a: gloria|Tyranitar, F|100/100
|-weather|Sandstorm|[from] ability: Sand Stream|[of] p2a: gloria
|move|p1a: Walking Wake|Surf|p2a: gloria
|-supereffective|p2a: gloria
|-damage|p2a: gloria|61/100
|
|-weather|Sandstorm|[upkeep]
|-damage|p1a: Walking Wake|94/100|[from] Sandstorm
|-heal|p2a: gloria|68/100|[from] item: Leftovers
|upkeep
|turn|4
|
|t:|1779682617
|-end|p1a: Walking Wake|Protosynthesis|[silent]
|switch|p1a: Weezing|Weezing-Galar, F|100/100
|move|p2a: gloria|Stealth Rock|p1a: Weezing
|-sidestart|p1: fffffer|move: Stealth Rock
|
|-weather|Sandstorm|[upkeep]
|-damage|p1a: Weezing|95/100|[from] Sandstorm
|-heal|p2a: gloria|74/100|[from] item: Leftovers
|upkeep
|turn|5
|
|t:|1779682620
|move|p1a: Weezing|Defog|p2a: gloria
|-unboost|p2a: gloria|evasion|1
|-sideend|p1: fffffer|Stealth Rock|[from] move: Defog|[of] p1a: Weezing
|move|p2a: gloria|Knock Off|p1a: Weezing
|-resisted|p1a: Weezing
|-damage|p1a: Weezing|80/100
|-enditem|p1a: Weezing|Heavy-Duty Boots|[from] move: Knock Off|[of] p2a: gloria
|
|-weather|Sandstorm|[upkeep]
|-damage|p1a: Weezing|74/100|[from] Sandstorm
|-heal|p2a: gloria|80/100|[from] item: Leftovers
|upkeep
|turn|6
|
|t:|1779682626
|move|p1a: Weezing|Strange Steam|p2a: gloria
|-supereffective|p2a: gloria
|-damage|p2a: gloria|58/100
|move|p2a: gloria|Stealth Rock|p1a: Weezing
|-sidestart|p1: fffffer|move: Stealth Rock
|
|-weather|Sandstorm|[upkeep]
|-damage|p1a: Weezing|68/100|[from] Sandstorm
|-heal|p2a: gloria|64/100|[from] item: Leftovers
|upkeep
|turn|7
|
|t:|1779682632
|switch|p2a: rebel yell|Excadrill, M|100/100
|-item|p2a: rebel yell|Air Balloon
|move|p1a: Weezing|Defog|p2a: rebel yell
|-unboost|p2a: rebel yell|evasion|1
|-sideend|p1: fffffer|Stealth Rock|[from] move: Defog|[of] p1a: Weezing
|
|-weather|none
|upkeep
|turn|8
|
|t:|1779682642
|switch|p2a: devils never cry|Kyurem, shiny, tera:Ice|100/100
|-ability|p2a: devils never cry|Pressure
|switch|p1a: Moltres|Moltres|100/100
|
|upkeep
|turn|9
|
|t:|1779682646
|move|p2a: devils never cry|Draco Meteor|p1a: Moltres
|-damage|p1a: Moltres|20/100
|-unboost|p2a: devils never cry|spa|2
|move|p1a: Moltres|Flamethrower|p2a: devils never cry
|-supereffective|p2a: devils never cry
|-damage|p2a: devils never cry|29/100
|
|upkeep
|turn|10
|
|t:|1779682653
|switch|p1a: Weezing|Weezing-Galar, F|68/100
|move|p2a: devils never cry|Draco Meteor|p1a: Weezing
|-immune|p1a: Weezing
|
|upkeep
|turn|11
|
|t:|1779682657
|switch|p2a: gloria|Tyranitar, F|64/100
|-weather|Sandstorm|[from] ability: Sand Stream|[of] p2a: gloria
|switch|p1a: Moltres|Moltres|20/100
|
|-weather|Sandstorm|[upkeep]
|-damage|p1a: Moltres|14/100|[from] Sandstorm
|-heal|p2a: gloria|70/100|[from] item: Leftovers
|upkeep
|turn|12
|
|t:|1779682660
|move|p1a: Moltres|Roost|p1a: Moltres
|-heal|p1a: Moltres|64/100
|-singleturn|p1a: Moltres|move: Roost
|move|p2a: gloria|Knock Off|p1a: Moltres
|-damage|p1a: Moltres|37/100
|-enditem|p1a: Moltres|Heavy-Duty Boots|[from] move: Knock Off|[of] p2a: gloria
|
|-weather|Sandstorm|[upkeep]
|-damage|p1a: Moltres|31/100|[from] Sandstorm
|-heal|p2a: gloria|76/100|[from] item: Leftovers
|upkeep
|turn|13
|
|t:|1779682667
|move|p1a: Moltres|Roost|p1a: Moltres
|-heal|p1a: Moltres|81/100
|-singleturn|p1a: Moltres|move: Roost
|move|p2a: gloria|Stealth Rock|p1a: Moltres
|-sidestart|p1: fffffer|move: Stealth Rock
|
|-weather|Sandstorm|[upkeep]
|-damage|p1a: Moltres|75/100|[from] Sandstorm
|-heal|p2a: gloria|82/100|[from] item: Leftovers
|upkeep
|turn|14
|
|t:|1779682677
|switch|p2a: rebel yell|Excadrill, M|100/100
|-item|p2a: rebel yell|Air Balloon
|move|p1a: Moltres|U-turn|p2a: rebel yell
|-resisted|p2a: rebel yell
|-damage|p2a: rebel yell|91/100
|-enditem|p2a: rebel yell|Air Balloon
|
|t:|1779682681
|switch|p1a: Rillaboom|Rillaboom, F|100/100|[from] U-turn
|-damage|p1a: Rillaboom|88/100|[from] Stealth Rock
|-fieldstart|move: Grassy Terrain|[from] ability: Grassy Surge|[of] p1a: Rillaboom
|
|-weather|Sandstorm|[upkeep]
|-damage|p1a: Rillaboom|82/100|[from] Sandstorm
|-heal|p2a: rebel yell|97/100|[from] Grassy Terrain
|-heal|p1a: Rillaboom|88/100|[from] Grassy Terrain
|upkeep
|turn|15
|
|t:|1779682687
|switch|p2a: maneater|Corviknight, F, shiny|100/100
|-ability|p2a: maneater|Pressure
|move|p1a: Rillaboom|Knock Off|p2a: maneater
|-damage|p2a: maneater|74/100
|-damage|p1a: Rillaboom|72/100|[from] item: Rocky Helmet|[of] p2a: maneater
|-enditem|p2a: maneater|Rocky Helmet|[from] move: Knock Off|[of] p1a: Rillaboom
|-damage|p1a: Rillaboom|62/100|[from] item: Life Orb
|
|-weather|none
|-heal|p1a: Rillaboom|68/100|[from] Grassy Terrain
|upkeep
|turn|16
|
|t:|1779682695
|switch|p1a: Weezing|Weezing-Galar, F|68/100
|-damage|p1a: Weezing|56/100|[from] Stealth Rock
|move|p2a: maneater|Brave Bird|p1a: Weezing
|-damage|p1a: Weezing|32/100
|-damage|p2a: maneater|67/100|[from] Recoil
|
|upkeep
|turn|17
|
|t:|1779682701
|move|p2a: maneater|Brave Bird|p1a: Weezing
|-damage|p1a: Weezing|9/100
|-damage|p2a: maneater|61/100|[from] Recoil
|move|p1a: Weezing|Defog|p2a: maneater
|-unboost|p2a: maneater|evasion|1
|-sideend|p1: fffffer|Stealth Rock|[from] move: Defog|[of] p1a: Weezing
|-fieldend|move: Grassy Terrain
|
|upkeep
|turn|18
|
|t:|1779682704
|move|p2a: maneater|U-turn|p1a: Weezing
|-resisted|p1a: Weezing
|-damage|p1a: Weezing|7/100
|
|t:|1779682707
|switch|p2a: gloria|Tyranitar, F|82/100|[from] U-turn
|-weather|Sandstorm|[from] ability: Sand Stream|[of] p2a: gloria
|move|p1a: Weezing|Pain Split|p2a: gloria
|-sethp|p2a: gloria|44/100|[from] move: Pain Split|[silent]
|-sethp|p1a: Weezing|53/100|[from] move: Pain Split
|
|-weather|Sandstorm|[upkeep]
|-damage|p1a: Weezing|47/100|[from] Sandstorm
|-heal|p2a: gloria|50/100|[from] item: Leftovers
|upkeep
|turn|19
|
|t:|1779682713
|move|p1a: Weezing|Strange Steam|p2a: gloria
|-supereffective|p2a: gloria
|-damage|p2a: gloria|26/100
|move|p2a: gloria|Stealth Rock|p1a: Weezing
|-sidestart|p1: fffffer|move: Stealth Rock
|
|-weather|Sandstorm|[upkeep]
|-damage|p1a: Weezing|41/100|[from] Sandstorm
|-heal|p2a: gloria|33/100|[from] item: Leftovers
|upkeep
|turn|20
|
|t:|1779682718
|switch|p2a: onlytimewilltell|Skeledirge, M|77/100
|move|p1a: Weezing|Defog|p2a: onlytimewilltell
|-unboost|p2a: onlytimewilltell|evasion|1
|-sideend|p1: fffffer|Stealth Rock|[from] move: Defog|[of] p1a: Weezing
|
|-weather|Sandstorm|[upkeep]
|-damage|p2a: onlytimewilltell|71/100|[from] Sandstorm
|-damage|p1a: Weezing|35/100|[from] Sandstorm
|upkeep
|turn|21
|
|t:|1779682731
|switch|p1a: Walking Wake|Walking Wake|94/100
|move|p2a: onlytimewilltell|Hex|p1a: Walking Wake
|-damage|p1a: Walking Wake|64/100
|
|-weather|Sandstorm|[upkeep]
|-damage|p1a: Walking Wake|58/100|[from] Sandstorm
|-damage|p2a: onlytimewilltell|64/100|[from] Sandstorm
|upkeep
|turn|22
|
|t:|1779682734
|switch|p2a: take on me|Rillaboom, F|100/100
|-fieldstart|move: Grassy Terrain|[from] ability: Grassy Surge|[of] p2a: take on me
|move|p1a: Walking Wake|Surf|p2a: take on me
|-resisted|p2a: take on me
|-damage|p2a: take on me|70/100
|
|-weather|none
|-heal|p1a: Walking Wake|64/100|[from] Grassy Terrain
|-heal|p2a: take on me|76/100|[from] Grassy Terrain
|upkeep
|turn|23
|
|t:|1779682737
|-end|p1a: Walking Wake|Protosynthesis|[silent]
|switch|p1a: Moltres|Moltres|75/100
|move|p2a: take on me|Wood Hammer|p1a: Moltres
|-resisted|p1a: Moltres
|-damage|p1a: Moltres|52/100
|-damage|p2a: take on me|68/100|[from] Recoil
|
|-heal|p2a: take on me|74/100|[from] Grassy Terrain
|upkeep
|turn|24
|
|t:|1779682740
|switch|p2a: gloria|Tyranitar, F|33/100
|-weather|Sandstorm|[from] ability: Sand Stream|[of] p2a: gloria
|move|p1a: Moltres|Roost|p1a: Moltres
|-heal|p1a: Moltres|100/100
|-singleturn|p1a: Moltres|move: Roost
|
|-weather|Sandstorm|[upkeep]
|-damage|p1a: Moltres|94/100|[from] Sandstorm
|-heal|p1a: Moltres|100/100|[from] Grassy Terrain
|-heal|p2a: gloria|39/100|[from] Grassy Terrain
|-heal|p2a: gloria|45/100|[from] item: Leftovers
|upkeep
|turn|25
|
|t:|1779682746
|move|p1a: Moltres|U-turn|p2a: gloria
|-supereffective|p2a: gloria
|-damage|p2a: gloria|24/100
|
|t:|1779682749
|switch|p1a: Weezing|Weezing-Galar, F|35/100|[from] U-turn
|move|p2a: gloria|Stealth Rock|p1a: Weezing
|-sidestart|p1: fffffer|move: Stealth Rock
|
|-weather|Sandstorm|[upkeep]
|-damage|p1a: Weezing|29/100|[from] Sandstorm
|-heal|p2a: gloria|30/100|[from] Grassy Terrain
|-heal|p2a: gloria|36/100|[from] item: Leftovers
|upkeep
|turn|26
|
|t:|1779682753
|switch|p2a: devils never cry|Kyurem, shiny, tera:Ice|29/100
|-ability|p2a: devils never cry|Pressure
|move|p1a: Weezing|Defog|p2a: devils never cry
|-unboost|p2a: devils never cry|evasion|1
|-sideend|p1: fffffer|Stealth Rock|[from] move: Defog|[of] p1a: Weezing
|-fieldend|move: Grassy Terrain
|
|-weather|Sandstorm|[upkeep]
|-damage|p2a: devils never cry|23/100|[from] Sandstorm
|-damage|p1a: Weezing|23/100|[from] Sandstorm
|upkeep
|turn|27
|
|t:|1779682757
|switch|p1a: Iron Crown|Iron Crown|100/100
|move|p2a: devils never cry|Ice Beam|p1a: Iron Crown
|-resisted|p1a: Iron Crown
|-damage|p1a: Iron Crown|68/100
|
|-weather|Sandstorm|[upkeep]
|-damage|p2a: devils never cry|17/100|[from] Sandstorm
|upkeep
|turn|28
|
|t:|1779682766
|switch|p2a: onlytimewilltell|Skeledirge, M|64/100
|move|p1a: Iron Crown|Tachyon Cutter|p2a: onlytimewilltell
|-resisted|p2a: onlytimewilltell
|-damage|p2a: onlytimewilltell|50/100
|-resisted|p2a: onlytimewilltell
|-crit|p2a: onlytimewilltell
|-damage|p2a: onlytimewilltell|28/100
|-hitcount|p2a: onlytimewilltell|2
|
|-weather|none
|upkeep
|turn|29
|
|t:|1779682769
|move|p1a: Iron Crown|Tachyon Cutter|p2a: onlytimewilltell
|-resisted|p2a: onlytimewilltell
|-damage|p2a: onlytimewilltell|15/100
|-resisted|p2a: onlytimewilltell
|-damage|p2a: onlytimewilltell|0 fnt
|faint|p2a: onlytimewilltell
|-hitcount|p2: onlytimewilltell|2
|
|upkeep
|
|t:|1779682781
|switch|p2a: devils never cry|Kyurem, shiny, tera:Ice|17/100
|-ability|p2a: devils never cry|Pressure
|turn|30
|
|t:|1779682786
|-end|p1a: Iron Crown|Quark Drive|[silent]
|switch|p1a: Moltres|Moltres|100/100
|move|p2a: devils never cry|Earth Power|p1a: Moltres
|-immune|p1a: Moltres
|
|upkeep
|turn|31
|
|t:|1779682794
|switch|p2a: gloria|Tyranitar, F|36/100
|-weather|Sandstorm|[from] ability: Sand Stream|[of] p2a: gloria
|move|p1a: Moltres|U-turn|p2a: gloria
|-supereffective|p2a: gloria
|-damage|p2a: gloria|15/100
|
|t:|1779682818
|switch|p1a: Walking Wake|Walking Wake|64/100|[from] U-turn
|
|-weather|Sandstorm|[upkeep]
|-damage|p1a: Walking Wake|58/100|[from] Sandstorm
|-heal|p2a: gloria|22/100|[from] item: Leftovers
|upkeep
|turn|32
|
|t:|1779682824
|move|p1a: Walking Wake|Surf|p2a: gloria
|-supereffective|p2a: gloria
|-damage|p2a: gloria|0 fnt
|faint|p2a: gloria
|
|-weather|Sandstorm|[upkeep]
|-damage|p1a: Walking Wake|52/100|[from] Sandstorm
|upkeep
|
|t:|1779682832
|switch|p2a: devils never cry|Kyurem, shiny, tera:Ice|17/100
|-ability|p2a: devils never cry|Pressure
|turn|33
|
|t:|1779682837
|move|p1a: Walking Wake|Surf|p2a: devils never cry
|-damage|p2a: devils never cry|0 fnt
|faint|p2a: devils never cry
|
|-weather|Sandstorm|[upkeep]
|-damage|p1a: Walking Wake|45/100|[from] Sandstorm
|upkeep
|-message|kakjohn forfeited.
|
|win|fffffer
|raw|fffffer's rating: 1417 &rarr; <strong>1439</strong><br />(+22 for winning)
|raw|kakjohn's rating: 1458 &rarr; <strong>1436</strong><br />(-22 for losing)
|l|☆kakjohn
|player|p2|
|l|☆fffffer
|player|p1|
