|j|☆ZeemeerminGeertJan
|j|☆aceman2798
|t:|1779616104
|gametype|singles
|player|p1|ZeemeerminGeertJan|266|1571
|player|p2|aceman2798|sada-ai|1635
|gen|9
|tier|[Gen 9] OU
|rated|
|rule|HP Percentage Mod: HP is shown in percentages
|rule|Endless Battle Clause: Forcing endless battles is banned
|rule|Species Clause: Limit one of each Pokémon
|rule|OHKO Clause: OHKO moves are banned
|rule|Evasion Items Clause: Evasion items are banned
|rule|Evasion Moves Clause: Evasion moves are banned
|rule|Evasion Abilities Clause: Evasion abilities are banned
|rule|Sleep Moves Clause: Sleep-inducing moves are banned
|clearpoke
|poke|p1|Cramorant, M|
|poke|p1|Gallade, M|
|poke|p1|Kingambit, M|
|poke|p1|Iron Moth|
|poke|p1|Enamorus, F|
|poke|p1|Ogerpon-Cornerstone, F|
|poke|p2|Slither Wing|
|poke|p2|Ninetales, F|
|poke|p2|Raging Bolt|
|poke|p2|Dragapult, M|
|poke|p2|Great Tusk|
|poke|p2|Fezandipiti, M|
|teampreview
|inactive|Battle timer is ON: inactive players will automatically lose when time's up. (requested by ZeemeerminGeertJan)
|
|t:|1779616139
|teamsize|p1|6
|teamsize|p2|6
|start
|switch|p1a: Cramorant|Cramorant, M, shiny|100/100
|switch|p2a: Dragapult|Dragapult, M|100/100
|turn|1
|
|t:|1779616148
|move|p2a: Dragapult|Dragon Darts|p1a: Cramorant
|-damage|p1a: Cramorant|49/100
|-anim|p2a: Dragapult|Dragon Darts|p1a: Cramorant
|-damage|p1a: Cramorant|0 fnt
|faint|p1a: Cramorant
|-damage|p2a: Dragapult|91/100|[from] item: Life Orb
|
|upkeep
|
|t:|1779616155
|switch|p1a: Enamorus|Enamorus, F|100/100
|turn|2
|
|t:|1779616159
|switch|p2a: Fezandipiti|Fezandipiti, M|100/100
|move|p1a: Enamorus|Superpower|p2a: Fezandipiti
|-resisted|p2a: Fezandipiti
|-damage|p2a: Fezandipiti|93/100
|-boost|p1a: Enamorus|atk|1
|-boost|p1a: Enamorus|def|1
|
|upkeep
|turn|3
|
|t:|1779616167
|move|p1a: Enamorus|Earth Power|p2a: Fezandipiti
|-supereffective|p2a: Fezandipiti
|-damage|p2a: Fezandipiti|51/100
|move|p2a: Fezandipiti|Beat Up|p1a: Enamorus
|-resisted|p1a: Enamorus
|-damage|p1a: Enamorus|98/100
|-resisted|p1a: Enamorus
|-damage|p1a: Enamorus|97/100
|-resisted|p1a: Enamorus
|-damage|p1a: Enamorus|95/100
|-status|p1a: Enamorus|tox|[from] ability: Toxic Chain|[of] p2a: Fezandipiti
|-resisted|p1a: Enamorus
|-damage|p1a: Enamorus|92/100 tox
|-resisted|p1a: Enamorus
|-damage|p1a: Enamorus|89/100 tox
|-resisted|p1a: Enamorus
|-damage|p1a: Enamorus|87/100 tox
|-hitcount|p1a: Enamorus|6
|
|-damage|p1a: Enamorus|80/100 tox|[from] psn
|upkeep
|turn|4
|
|t:|1779616178
|move|p1a: Enamorus|Earth Power|p2a: Fezandipiti
|-supereffective|p2a: Fezandipiti
|-damage|p2a: Fezandipiti|12/100
|move|p2a: Fezandipiti|Roost|p2a: Fezandipiti
|-heal|p2a: Fezandipiti|62/100
|-singleturn|p2a: Fezandipiti|move: Roost
|
|-damage|p1a: Enamorus|68/100 tox|[from] psn
|upkeep
|turn|5
|
|t:|1779616184
|switch|p1a: Iron Moth|Iron Moth|100/100
|-enditem|p1a: Iron Moth|Booster Energy
|-activate|p1a: Iron Moth|ability: Quark Drive|[fromitem]
|-start|p1a: Iron Moth|quarkdrivespe
|move|p2a: Fezandipiti|Roost|p2a: Fezandipiti
|-heal|p2a: Fezandipiti|100/100
|-singleturn|p2a: Fezandipiti|move: Roost
|
|upkeep
|turn|6
|
|t:|1779616187
|move|p1a: Iron Moth|Fiery Dance|p2a: Fezandipiti
|-damage|p2a: Fezandipiti|74/100
|-boost|p1a: Iron Moth|spa|1
|move|p2a: Fezandipiti|U-turn|p1a: Iron Moth
|-resisted|p1a: Iron Moth
|-damage|p1a: Iron Moth|94/100
|inactive|aceman2798 has 120 seconds left.
|inactive|aceman2798 has 90 seconds left.
|
|t:|1779616251
|switch|p2a: Slither Wing|Slither Wing|100/100|[from] U-turn
|
|upkeep
|turn|7
|
|t:|1779616254
|-terastallize|p2a: Slither Wing|Fire
|move|p1a: Iron Moth|Fiery Dance|p2a: Slither Wing
|-resisted|p2a: Slither Wing
|-damage|p2a: Slither Wing|71/100
|-boost|p1a: Iron Moth|spa|1
|move|p2a: Slither Wing|U-turn|p1a: Iron Moth
|-resisted|p1a: Iron Moth
|-damage|p1a: Iron Moth|68/100
|
|t:|1779616259
|-end|p2a: Slither Wing|Protosynthesis|[silent]
|switch|p2a: Raging Bolt|Raging Bolt|100/100|[from] U-turn
|
|upkeep
|turn|8
|
|t:|1779616269
|move|p1a: Iron Moth|Dazzling Gleam|p2a: Raging Bolt
|-supereffective|p2a: Raging Bolt
|-damage|p2a: Raging Bolt|5/100
|move|p2a: Raging Bolt|Draco Meteor|p1a: Iron Moth
|-damage|p1a: Iron Moth|0 fnt
|-unboost|p2a: Raging Bolt|spa|2
|faint|p1a: Iron Moth
|-end|p1a: Iron Moth|Quark Drive|[silent]
|
|upkeep
|
|t:|1779616281
|switch|p1a: Ogerpon|Ogerpon-Cornerstone, F|100/100
|turn|9
|
|t:|1779616288
|move|p1a: Ogerpon|Swords Dance|p1a: Ogerpon
|-boost|p1a: Ogerpon|atk|2
|move|p2a: Raging Bolt|Draco Meteor|p1a: Ogerpon
|-damage|p1a: Ogerpon|38/100
|-unboost|p2a: Raging Bolt|spa|2
|
|upkeep
|turn|10
|
|t:|1779616304
|move|p1a: Ogerpon|Trailblaze|p2a: Raging Bolt
|-resisted|p2a: Raging Bolt
|-damage|p2a: Raging Bolt|0 fnt
|-boost|p1a: Ogerpon|spe|1
|faint|p2a: Raging Bolt
|-end|p2a: Raging Bolt|Protosynthesis|[silent]
|
|upkeep
|
|t:|1779616306
|switch|p2a: Slither Wing|Slither Wing, tera:Fire|71/100
|turn|11
|
|t:|1779616313
|move|p2a: Slither Wing|First Impression|p1a: Ogerpon
|-supereffective|p1a: Ogerpon
|-damage|p1a: Ogerpon|0 fnt
|faint|p1a: Ogerpon
|
|upkeep
|
|t:|1779616326
|switch|p1a: Kingambit|Kingambit, M|100/100
|-activate|p1a: Kingambit|ability: Supreme Overlord
|-start|p1a: Kingambit|fallen3|[silent]
|turn|12
|
|t:|1779616328
|-end|p2a: Slither Wing|Protosynthesis|[silent]
|switch|p2a: Ninetales|Ninetales, F|100/100
|-weather|SunnyDay|[from] ability: Drought|[of] p2a: Ninetales
|move|p1a: Kingambit|Swords Dance|p1a: Kingambit
|-boost|p1a: Kingambit|atk|2
|
|-weather|SunnyDay|[upkeep]
|upkeep
|turn|13
|
|t:|1779616334
|move|p1a: Kingambit|Sucker Punch||[still]
|-fail|p1a: Kingambit
|move|p2a: Ninetales|Encore|p1a: Kingambit
|-start|p1a: Kingambit|Encore
|
|-weather|SunnyDay|[upkeep]
|upkeep
|turn|14
|
|t:|1779616339
|move|p1a: Kingambit|Sucker Punch||[still]
|-fail|p1a: Kingambit
|move|p2a: Ninetales|Will-O-Wisp|p1a: Kingambit
|-status|p1a: Kingambit|brn
|
|-weather|SunnyDay|[upkeep]
|-damage|p1a: Kingambit|94/100 brn|[from] brn
|upkeep
|turn|15
|-message|ZeemeerminGeertJan forfeited.
|
|win|aceman2798
|raw|ZeemeerminGeertJan's rating: 1571 &rarr; <strong>1555</strong><br />(-16 for losing)
|raw|aceman2798's rating: 1635 &rarr; <strong>1651</strong><br />(+16 for winning)
|l|☆ZeemeerminGeertJan
|player|p1|
|l|☆aceman2798
|player|p2|
