|j|☆yeetoo
|j|☆carciox
|t:|1779638410
|gametype|singles
|player|p1|yeetoo|youngster|1392
|player|p2|carciox|101|1448
|gen|9
|tier|[Gen 9] OU
|rated|
|rule|HP Percentage Mod: HP is shown in percentages
|rule|Endless Battle Clause: Forcing endless battles is banned
|rule|Species Clause: Limit one of each Pokémon
|rule|OHKO Clause: OHKO moves are banned
|rule|Evasion Items Clause: Evasion items are banned
|rule|Evasion Moves Clause: Evasion moves are banned
|rule|Evasion Abilities Clause: Evasion abilities are banned
|rule|Sleep Moves Clause: Sleep-inducing moves are banned
|clearpoke
|poke|p1|Zapdos-Galar|
|poke|p1|Haxorus, F|
|poke|p1|Swampert, M|
|poke|p1|Electrode-Hisui|
|poke|p1|Meloetta|
|poke|p1|Entei|
|poke|p2|Hydrapple, M|
|poke|p2|Skarmory, M|
|poke|p2|Tyranitar, M|
|poke|p2|Alomomola, M|
|poke|p2|Clodsire, M|
|poke|p2|Clefable, F|
|teampreview
|inactive|Battle timer is ON: inactive players will automatically lose when time's up. (requested by carciox)
|
|t:|1779638420
|teamsize|p1|6
|teamsize|p2|6
|start
|switch|p1a: Zapdos|Zapdos-Galar|100/100
|switch|p2a: Tyranitar|Tyranitar, M|100/100
|-weather|Sandstorm|[from] ability: Sand Stream|[of] p2a: Tyranitar
|turn|1
|
|t:|1779638433
|switch|p2a: Clefable|Clefable, F|100/100
|move|p1a: Zapdos|Drill Peck|p2a: Clefable
|-damage|p2a: Clefable|68/100
|
|-weather|Sandstorm|[upkeep]
|-damage|p1a: Zapdos|94/100|[from] Sandstorm
|upkeep
|turn|2
|
|t:|1779638441
|switch|p1a: Swampert|Swampert, M|100/100
|move|p2a: Clefable|Knock Off|p1a: Swampert
|-damage|p1a: Swampert|87/100
|-enditem|p1a: Swampert|Assault Vest|[from] move: Knock Off|[of] p2a: Clefable
|
|-weather|Sandstorm|[upkeep]
|upkeep
|turn|3
|
|t:|1779638452
|move|p2a: Clefable|Wish|p2a: Clefable
|move|p1a: Swampert|Earthquake|p2a: Clefable
|-damage|p2a: Clefable|27/100
|
|-weather|Sandstorm|[upkeep]
|upkeep
|turn|4
|
|t:|1779638460
|move|p2a: Clefable|Protect|p2a: Clefable
|-singleturn|p2a: Clefable|Protect
|move|p1a: Swampert|Knock Off|p2a: Clefable
|-activate|p2a: Clefable|move: Protect
|
|-weather|Sandstorm|[upkeep]
|-heal|p2a: Clefable|77/100|[from] move: Wish|[wisher] Clefable
|upkeep
|turn|5
|
|t:|1779638488
|move|p2a: Clefable|Moonblast|p1a: Swampert
|-damage|p1a: Swampert|55/100
|move|p1a: Swampert|Knock Off|p2a: Clefable
|-resisted|p2a: Clefable
|-damage|p2a: Clefable|64/100
|
|-weather|none
|-damage|p1a: Swampert|43/100|[from] item: Sticky Barb
|upkeep
|turn|6
|
|t:|1779638499
|move|p2a: Clefable|Wish|p2a: Clefable
|move|p1a: Swampert|Earthquake|p2a: Clefable
|-damage|p2a: Clefable|24/100
|
|-damage|p1a: Swampert|30/100|[from] item: Sticky Barb
|upkeep
|turn|7
|
|t:|1779638509
|move|p2a: Clefable|Protect|p2a: Clefable
|-singleturn|p2a: Clefable|Protect
|move|p1a: Swampert|Earthquake|p2a: Clefable
|-activate|p2a: Clefable|move: Protect
|
|-heal|p2a: Clefable|74/100|[from] move: Wish|[wisher] Clefable
|-damage|p1a: Swampert|18/100|[from] item: Sticky Barb
|upkeep
|turn|8
|inactive|carciox has 120 seconds left.
|
|t:|1779638543
|move|p2a: Clefable|Wish|p2a: Clefable
|move|p1a: Swampert|Earthquake|p2a: Clefable
|-damage|p2a: Clefable|35/100
|
|-damage|p1a: Swampert|6/100|[from] item: Sticky Barb
|upkeep
|turn|9
|
|t:|1779638555
|switch|p1a: Entei|Entei|100/100
|move|p2a: Clefable|Protect||[still]
|-fail|p2a: Clefable
|
|-heal|p2a: Clefable|85/100|[from] move: Wish|[wisher] Clefable
|upkeep
|turn|10
|inactive|carciox has 120 seconds left.
|
|t:|1779638574
|move|p1a: Entei|Sacred Fire|p2a: Clefable
|-damage|p2a: Clefable|50/100
|-status|p2a: Clefable|brn
|move|p2a: Clefable|Knock Off|p1a: Entei
|-damage|p1a: Entei|93/100
|-enditem|p1a: Entei|Heavy-Duty Boots|[from] move: Knock Off|[of] p2a: Clefable
|
|upkeep
|turn|11
|inactive|carciox has 90 seconds left.
|
|t:|1779638617
|switch|p2a: Alomomola|Alomomola, M, shiny|100/100
|move|p1a: Entei|Sacred Fire|p2a: Alomomola
|-resisted|p2a: Alomomola
|-damage|p2a: Alomomola|85/100
|-status|p2a: Alomomola|brn
|
|-damage|p2a: Alomomola|79/100 brn|[from] brn
|upkeep
|turn|12
|
|t:|1779638628
|switch|p1a: Swampert|Swampert, M|6/100
|move|p2a: Alomomola|Wish|p2a: Alomomola
|
|-damage|p2a: Alomomola|73/100 brn|[from] brn
|-damage|p1a: Swampert|0 fnt|[from] item: Sticky Barb
|faint|p1a: Swampert
|upkeep
|
|t:|1779638645
|switch|p1a: Electrode|Electrode-Hisui|100/100
|turn|13
|inactive|carciox has 90 seconds left.
|
|t:|1779638653
|switch|p2a: Clefable|Clefable, F|50/100 brn
|move|p1a: Electrode|Volt Switch|p2a: Clefable
|-damage|p2a: Clefable|21/100 brn
|inactive|yeetoo has 120 seconds left.
|
|t:|1779638687
|switch|p1a: Zapdos|Zapdos-Galar|94/100|[from] Volt Switch
|
|-heal|p2a: Clefable|81/100 brn|[from] move: Wish|[wisher] Alomomola
|upkeep
|turn|14
|inactive|yeetoo has 120 seconds left.
|inactive|carciox has 90 seconds left.
|inactive|carciox has 60 seconds left.
|
|t:|1779638739
|-terastallize|p1a: Zapdos|Steel
|move|p1a: Zapdos|Bulk Up|p1a: Zapdos
|-boost|p1a: Zapdos|atk|1
|-boost|p1a: Zapdos|def|1
|move|p2a: Clefable|Moonblast|p1a: Zapdos
|-resisted|p1a: Zapdos
|-damage|p1a: Zapdos|76/100
|
|upkeep
|turn|15
|inactive|yeetoo has 120 seconds left.
|inactive|carciox has 60 seconds left.
|inactive|yeetoo has 90 seconds left.
|
|t:|1779638788
|move|p1a: Zapdos|Drill Peck|p2a: Clefable
|-damage|p2a: Clefable|30/100 brn
|move|p2a: Clefable|Knock Off|p1a: Zapdos
|-damage|p1a: Zapdos|70/100
|-enditem|p1a: Zapdos|Aguav Berry|[from] move: Knock Off|[of] p2a: Clefable
|
|upkeep
|turn|16
|
|t:|1779638805
|switch|p2a: Alomomola|Alomomola, M, shiny|100/100 brn
|move|p1a: Zapdos|Thunderous Kick|p2a: Alomomola
|-damage|p2a: Alomomola|56/100 brn
|-unboost|p2a: Alomomola|def|1
|
|-damage|p2a: Alomomola|50/100 brn|[from] brn
|upkeep
|turn|17
|inactive|yeetoo has 90 seconds left.
|j| Ting-Lu1234
|inactive|carciox has 30 seconds left.
|
|t:|1779638827
|move|p1a: Zapdos|Thunderous Kick|p2a: Alomomola
|-damage|p2a: Alomomola|0 fnt
|faint|p2a: Alomomola
|
|upkeep
|inactive|carciox has 30 seconds left this turn.
|inactive|carciox has 20 seconds left.
|inactive|carciox has 15 seconds left.
|inactive|carciox has 10 seconds left.
|inactive|carciox has 5 seconds left.
|-message|carciox lost due to inactivity.
|
|win|yeetoo
|raw|yeetoo's rating: 1392 &rarr; <strong>1415</strong><br />(+23 for winning)
|raw|carciox's rating: 1448 &rarr; <strong>1425</strong><br />(-23 for losing)
|l| Ting-Lu1234
|j| Ting-Lu1234
|l|☆yeetoo
|player|p1|
|c| Ting-Lu1234|why
