|j|☆pomigo
|j|☆1mN0tD1zzy
|t:|1779646171
|gametype|singles
|player|p1|pomigo|101|1172
|player|p2|1mN0tD1zzy|benga|1175
|gen|9
|tier|[Gen 9] OU
|rated|
|rule|HP Percentage Mod: HP is shown in percentages
|rule|Endless Battle Clause: Forcing endless battles is banned
|rule|Species Clause: Limit one of each Pokémon
|rule|OHKO Clause: OHKO moves are banned
|rule|Evasion Items Clause: Evasion items are banned
|rule|Evasion Moves Clause: Evasion moves are banned
|rule|Evasion Abilities Clause: Evasion abilities are banned
|rule|Sleep Moves Clause: Sleep-inducing moves are banned
|clearpoke
|poke|p1|Dragonite, F|
|poke|p1|Blissey, F|
|poke|p1|Galvantula, F|
|poke|p1|Palossand, F|
|poke|p1|Tinkaton, F|
|poke|p1|Incineroar, F|
|poke|p2|Pincurchin, M|
|poke|p2|Iron Valiant|
|poke|p2|Hawlucha, F|
|poke|p2|Raging Bolt|
|poke|p2|Iron Treads|
|poke|p2|Ogerpon-Wellspring, F|
|teampreview
|c|☆1mN0tD1zzy|glhf
|
|t:|1779646182
|teamsize|p1|6
|teamsize|p2|6
|start
|switch|p1a: Galvantula|Galvantula, F|100/100
|switch|p2a: Pincurchin|Pincurchin, M|100/100
|-fieldstart|move: Electric Terrain|[from] ability: Electric Surge|[of] p2a: Pincurchin
|turn|1
|
|t:|1779646190
|switch|p2a: Iron Treads|Iron Treads|100/100
|-activate|p2a: Iron Treads|ability: Quark Drive
|-start|p2a: Iron Treads|quarkdrivespe
|move|p1a: Galvantula|Sticky Web|p2a: Iron Treads
|-sidestart|p2: 1mN0tD1zzy|move: Sticky Web
|
|upkeep
|turn|2
|
|t:|1779646210
|switch|p1a: Palossand|Palossand, F|100/100
|move|p2a: Iron Treads|Rapid Spin|p1a: Palossand
|-immune|p1a: Palossand
|
|upkeep
|turn|3
|c|☆1mN0tD1zzy|wp
|
|t:|1779646220
|-end|p2a: Iron Treads|Quark Drive|[silent]
|switch|p2a: Pincurchin|Pincurchin, M|100/100
|-activate|p2a: Pincurchin|move: Sticky Web
|-unboost|p2a: Pincurchin|spe|1
|move|p1a: Palossand|Scorching Sands|p2a: Pincurchin
|-supereffective|p2a: Pincurchin
|-damage|p2a: Pincurchin|36/100
|
|upkeep
|turn|4
|
|t:|1779646228
|move|p1a: Palossand|Scorching Sands|p2a: Pincurchin
|-supereffective|p2a: Pincurchin
|-damage|p2a: Pincurchin|0 fnt
|faint|p2a: Pincurchin
|
|upkeep
|
|t:|1779646231
|switch|p2a: Ogerpon|Ogerpon-Wellspring, F|100/100
|-activate|p2a: Ogerpon|move: Sticky Web
|-unboost|p2a: Ogerpon|spe|1
|turn|5
|
|t:|1779646258
|switch|p1a: Incineroar|Incineroar, F|100/100
|-ability|p1a: Incineroar|Intimidate|boost
|-unboost|p2a: Ogerpon|atk|1
|move|p2a: Ogerpon|Knock Off|p1a: Incineroar
|-resisted|p1a: Incineroar
|-damage|p1a: Incineroar|87/100
|-enditem|p1a: Incineroar|Heavy-Duty Boots|[from] move: Knock Off|[of] p2a: Ogerpon
|
|upkeep
|turn|6
|
|t:|1779646267
|move|p2a: Ogerpon|Ivy Cudgel|p1a: Incineroar|[anim] Ivy Cudgel Water
|-supereffective|p1a: Incineroar
|-damage|p1a: Incineroar|0 fnt
|faint|p1a: Incineroar
|
|upkeep
|
|t:|1779646287
|switch|p1a: Blissey|Blissey, F|100/100
|turn|7
|
|t:|1779646292
|switch|p2a: Hawlucha|Hawlucha, F|100/100
|-enditem|p2a: Hawlucha|Electric Seed
|-boost|p2a: Hawlucha|def|1|[from] item: Electric Seed
|move|p1a: Blissey|Thunder Wave|p2a: Hawlucha|[miss]
|-miss|p1a: Blissey|p2a: Hawlucha
|
|upkeep
|turn|8
|
|t:|1779646309
|switch|p1a: Palossand|Palossand, F|100/100
|move|p2a: Hawlucha|Swords Dance|p2a: Hawlucha
|-boost|p2a: Hawlucha|atk|2
|
|-fieldend|move: Electric Terrain
|upkeep
|turn|9
|
|t:|1779646317
|move|p2a: Hawlucha|Acrobatics|p1a: Palossand
|-damage|p1a: Palossand|40/100
|move|p1a: Palossand|Stealth Rock|p2a: Hawlucha
|-sidestart|p2: 1mN0tD1zzy|move: Stealth Rock
|
|upkeep
|turn|10
|
|t:|1779646324
|switch|p1a: Dragonite|Dragonite, F|100/100
|move|p2a: Hawlucha|Acrobatics|p1a: Dragonite
|-crit|p1a: Dragonite
|-damage|p1a: Dragonite|12/100
|
|upkeep
|turn|11
|
|t:|1779646346
|move|p1a: Dragonite|Extreme Speed|p2a: Hawlucha
|-damage|p2a: Hawlucha|70/100
|move|p2a: Hawlucha|Acrobatics|p1a: Dragonite
|-damage|p1a: Dragonite|0 fnt
|faint|p1a: Dragonite
|
|upkeep
|
|t:|1779646352
|switch|p1a: Galvantula|Galvantula, F|100/100
|turn|12
|
|t:|1779646357
|-terastallize|p2a: Hawlucha|Fighting
|move|p2a: Hawlucha|Acrobatics|p1a: Galvantula
|-damage|p1a: Galvantula|0 fnt
|faint|p1a: Galvantula
|
|upkeep
|
|t:|1779646365
|switch|p1a: Palossand|Palossand, F|40/100
|turn|13
|
|t:|1779646371
|move|p2a: Hawlucha|Acrobatics|p1a: Palossand
|-damage|p1a: Palossand|0 fnt
|faint|p1a: Palossand
|
|upkeep
|
|t:|1779646378
|switch|p1a: Blissey|Blissey, F|100/100
|turn|14
|
|t:|1779646382
|move|p2a: Hawlucha|Close Combat|p1a: Blissey
|-supereffective|p1a: Blissey
|-damage|p1a: Blissey|0 fnt
|-unboost|p2a: Hawlucha|def|1
|-unboost|p2a: Hawlucha|spd|1
|faint|p1a: Blissey
|
|upkeep
|
|t:|1779646388
|switch|p1a: Tinkaton|Tinkaton, F|100/100
|turn|15
|
|t:|1779646401
|-terastallize|p1a: Tinkaton|Ghost
|move|p2a: Hawlucha|Close Combat|p1a: Tinkaton
|-immune|p1a: Tinkaton
|move|p1a: Tinkaton|Thunder Wave|p2a: Hawlucha
|-status|p2a: Hawlucha|par
|
|upkeep
|turn|16
|
|t:|1779646410
|cant|p2a: Hawlucha|par
|move|p1a: Tinkaton|Gigaton Hammer|p2a: Hawlucha
|-damage|p2a: Hawlucha|11/100 par
|
|upkeep
|turn|17
|
|t:|1779646416
|move|p2a: Hawlucha|Acrobatics|p1a: Tinkaton
|-damage|p1a: Tinkaton|7/100
|move|p1a: Tinkaton|Knock Off|p2a: Hawlucha
|-resisted|p2a: Hawlucha
|-damage|p2a: Hawlucha|3/100 par
|
|-heal|p1a: Tinkaton|13/100|[from] item: Leftovers
|upkeep
|turn|18
|
|t:|1779646424
|move|p2a: Hawlucha|Acrobatics|p1a: Tinkaton
|-damage|p1a: Tinkaton|0 fnt
|faint|p1a: Tinkaton
|
|win|1mN0tD1zzy
|raw|pomigo's rating: 1172 &rarr; <strong>1147</strong><br />(-25 for losing)
|raw|1mN0tD1zzy's rating: 1175 &rarr; <strong>1200</strong><br />(+25 for winning)
|l|☆pomigo
|player|p1|
|c|☆1mN0tD1zzy|gg
