|inactive|Battle timer is ON: inactive players will automatically lose when time's up.
|t:|1779569111
|gametype|singles
|player|p1|Ainzcrad|#wcop2026netherlands2|
|player|p2|benjaboynl|#wcop2026netherlands2|
|gen|9
|tier|[Gen 9] OU
|rule|HP Percentage Mod: HP is shown in percentages
|rule|Endless Battle Clause: Forcing endless battles is banned
|rule|Species Clause: Limit one of each Pokémon
|rule|OHKO Clause: OHKO moves are banned
|rule|Evasion Items Clause: Evasion items are banned
|rule|Evasion Moves Clause: Evasion moves are banned
|rule|Evasion Abilities Clause: Evasion abilities are banned
|rule|Sleep Moves Clause: Sleep-inducing moves are banned
|clearpoke
|poke|p1|Samurott-Hisui, F|
|poke|p1|Great Tusk|
|poke|p1|Hatterene, F|
|poke|p1|Gholdengo|
|poke|p1|Kyurem|
|poke|p1|Dragonite, F|
|poke|p2|Garganacl, M|
|poke|p2|Hatterene, F|
|poke|p2|Iron Treads|
|poke|p2|Kyurem|
|poke|p2|Tornadus-Therian, M|
|poke|p2|Zamazenta-*|
|teampreview
|c|☆Ainzcrad|hfhf
|c|☆benjaboynl|glhf
|
|t:|1779569130
|teamsize|p1|6
|teamsize|p2|6
|start
|switch|p1a: Gholdengo|Gholdengo|100/100
|switch|p2a: Kyurem|Kyurem|100/100
|-ability|p2a: Kyurem|Pressure
|turn|1
|
|t:|1779569142
|switch|p2a: Iron Treads|Iron Treads|100/100
|move|p1a: Gholdengo|Make It Rain|p2a: Iron Treads
|-resisted|p2a: Iron Treads
|-damage|p2a: Iron Treads|75/100
|-unboost|p1a: Gholdengo|spa|1
|
|-heal|p2a: Iron Treads|81/100|[from] item: Leftovers
|upkeep
|turn|2
|
|t:|1779569151
|switch|p1a: Hatterene|Hatterene, F|100/100
|move|p2a: Iron Treads|Knock Off|p1a: Hatterene
|-damage|p1a: Hatterene|81/100
|-damage|p2a: Iron Treads|65/100|[from] item: Rocky Helmet|[of] p1a: Hatterene
|-enditem|p1a: Hatterene|Rocky Helmet|[from] move: Knock Off|[of] p2a: Iron Treads
|
|-heal|p2a: Iron Treads|71/100|[from] item: Leftovers
|upkeep
|turn|3
|
|t:|1779569157
|switch|p1a: Great Tusk|Great Tusk|100/100
|move|p2a: Iron Treads|Earthquake|p1a: Great Tusk
|-damage|p1a: Great Tusk|80/100
|
|-heal|p2a: Iron Treads|77/100|[from] item: Leftovers
|upkeep
|turn|4
|
|t:|1779569167
|-end|p2a: Iron Treads|Quark Drive|[silent]
|switch|p2a: Tornadus|Tornadus-Therian, M|100/100
|move|p1a: Great Tusk|Headlong Rush|p2a: Tornadus
|-immune|p2a: Tornadus
|
|upkeep
|turn|5
|
|t:|1779569180
|-end|p1a: Great Tusk|Protosynthesis|[silent]
|switch|p1a: Samurott|Samurott-Hisui, F|100/100
|move|p2a: Tornadus|U-turn|p1a: Samurott
|-supereffective|p1a: Samurott
|-damage|p1a: Samurott|64/100
|
|t:|1779569184
|switch|p2a: Kyurem|Kyurem|100/100|[from] U-turn
|-ability|p2a: Kyurem|Pressure
|
|upkeep
|turn|6
|
|t:|1779569199
|move|p2a: Kyurem|Earth Power|p1a: Samurott
|-damage|p1a: Samurott|46/100
|move|p1a: Samurott|Ceaseless Edge|p2a: Kyurem
|-damage|p2a: Kyurem|73/100
|-sidestart|p2: benjaboynl|Spikes
|
|upkeep
|turn|7
|
|t:|1779569220
|switch|p1a: Kyurem|Kyurem|100/100
|-ability|p1a: Kyurem|Pressure
|move|p2a: Kyurem|Freeze-Dry|p1a: Kyurem
|-damage|p1a: Kyurem|60/100
|
|upkeep
|turn|8
|
|t:|1779569249
|switch|p2a: Iron Treads|Iron Treads|77/100
|-damage|p2a: Iron Treads|65/100|[from] Spikes
|move|p1a: Kyurem|Icicle Spear|p2a: Iron Treads
|-damage|p2a: Iron Treads|56/100
|-damage|p2a: Iron Treads|47/100
|-damage|p2a: Iron Treads|39/100
|-damage|p2a: Iron Treads|30/100
|-damage|p2a: Iron Treads|22/100
|-hitcount|p2a: Iron Treads|5
|
|-heal|p2a: Iron Treads|28/100|[from] item: Leftovers
|upkeep
|turn|9
|inactive|benjaboynl has 270 seconds left.
|inactive|benjaboynl has 240 seconds left.
|
|t:|1779569295
|switch|p1a: Great Tusk|Great Tusk|80/100
|move|p2a: Iron Treads|Rapid Spin|p1a: Great Tusk
|-damage|p1a: Great Tusk|74/100
|-boost|p2a: Iron Treads|spe|1
|-damage|p2a: Iron Treads|11/100|[from] item: Rocky Helmet|[of] p1a: Great Tusk
|-sideend|p2: benjaboynl|Spikes|[from] move: Rapid Spin|[of] p2a: Iron Treads
|
|-heal|p2a: Iron Treads|17/100|[from] item: Leftovers
|upkeep
|turn|10
|
|t:|1779569303
|move|p2a: Iron Treads|Stealth Rock|p1a: Great Tusk
|-sidestart|p1: Ainzcrad|move: Stealth Rock
|move|p1a: Great Tusk|Ice Spinner|p2a: Iron Treads
|-damage|p2a: Iron Treads|1/100
|
|-heal|p2a: Iron Treads|8/100|[from] item: Leftovers
|upkeep
|turn|11
|
|t:|1779569313
|move|p2a: Iron Treads|Knock Off|p1a: Great Tusk
|-resisted|p1a: Great Tusk
|-damage|p1a: Great Tusk|67/100
|-damage|p2a: Iron Treads|0 fnt|[from] item: Rocky Helmet|[of] p1a: Great Tusk
|faint|p2a: Iron Treads
|-end|p2a: Iron Treads|Quark Drive|[silent]
|move|p1a: Great Tusk|Rapid Spin|p2: Iron Treads|[notarget]
|-fail|p1a: Great Tusk
|
|upkeep
|
|t:|1779569326
|switch|p2a: Tornadus|Tornadus-Therian, M|100/100
|turn|12
|
|t:|1779569334
|-end|p1a: Great Tusk|Protosynthesis|[silent]
|switch|p1a: Samurott|Samurott-Hisui, F|46/100
|-damage|p1a: Samurott|33/100|[from] Stealth Rock
|move|p2a: Tornadus|Bleakwind Storm|p1a: Samurott
|-damage|p1a: Samurott|7/100
|
|upkeep
|turn|13
|
|t:|1779569339
|move|p1a: Samurott|Sucker Punch|p2a: Tornadus
|-damage|p2a: Tornadus|69/100
|move|p2a: Tornadus|U-turn|p1a: Samurott
|-supereffective|p1a: Samurott
|-damage|p1a: Samurott|0 fnt
|faint|p1a: Samurott
|
|t:|1779569353
|switch|p2a: Hatterene|Hatterene, F|100/100|[from] U-turn
|
|upkeep
|
|t:|1779569366
|switch|p1a: Great Tusk|Great Tusk|67/100
|-damage|p1a: Great Tusk|64/100|[from] Stealth Rock
|turn|14
|
|t:|1779569371
|move|p1a: Great Tusk|Rapid Spin|p2a: Hatterene
|-damage|p2a: Hatterene|89/100
|-boost|p1a: Great Tusk|spe|1
|-damage|p1a: Great Tusk|47/100|[from] item: Rocky Helmet|[of] p2a: Hatterene
|-sideend|p1: Ainzcrad|Stealth Rock|[from] move: Rapid Spin|[of] p1a: Great Tusk
|move|p2a: Hatterene|Psychic Noise|p1a: Great Tusk
|-supereffective|p1a: Great Tusk
|-damage|p1a: Great Tusk|0 fnt
|faint|p1a: Great Tusk
|-end|p1a: Great Tusk|Protosynthesis|[silent]
|
|upkeep
|
|t:|1779569373
|switch|p1a: Gholdengo|Gholdengo|100/100
|turn|15
|
|t:|1779569379
|switch|p2a: Tornadus|Tornadus-Therian, M|100/100
|move|p1a: Gholdengo|Make It Rain|p2a: Tornadus
|-damage|p2a: Tornadus|55/100
|-unboost|p1a: Gholdengo|spa|1
|
|upkeep
|turn|16
|
|t:|1779569386
|switch|p1a: Hatterene|Hatterene, F|81/100
|move|p2a: Tornadus|Knock Off|p1a: Hatterene
|-damage|p1a: Hatterene|70/100
|
|upkeep
|turn|17
|
|t:|1779569392
|move|p2a: Tornadus|U-turn|p1a: Hatterene
|-damage|p1a: Hatterene|58/100
|
|t:|1779569394
|switch|p2a: Garganacl|Garganacl, M|100/100|[from] U-turn
|move|p1a: Hatterene|Nuzzle|p2a: Garganacl
|-damage|p2a: Garganacl|98/100
|
|-heal|p2a: Garganacl|100/100|[from] item: Leftovers
|upkeep
|turn|18
|
|t:|1779569402
|move|p1a: Hatterene|Pain Split|p2a: Garganacl
|-sethp|p2a: Garganacl|73/100|[from] move: Pain Split|[silent]
|-sethp|p1a: Hatterene|93/100|[from] move: Pain Split
|move|p2a: Garganacl|Curse|p2a: Garganacl
|-unboost|p2a: Garganacl|spe|1
|-boost|p2a: Garganacl|atk|1
|-boost|p2a: Garganacl|def|1
|
|-heal|p2a: Garganacl|79/100|[from] item: Leftovers
|upkeep
|turn|19
|
|t:|1779569410
|move|p1a: Hatterene|Psychic Noise|p2a: Garganacl
|-damage|p2a: Garganacl|56/100
|-start|p2a: Garganacl|move: Heal Block
|move|p2a: Garganacl|Heavy Slam|p1a: Hatterene
|-supereffective|p1a: Hatterene
|-damage|p1a: Hatterene|19/100
|
|upkeep
|turn|20
|
|t:|1779569416
|move|p1a: Hatterene|Pain Split|p2a: Garganacl
|-sethp|p2a: Garganacl|35/100|[from] move: Pain Split|[silent]
|-sethp|p1a: Hatterene|45/100|[from] move: Pain Split
|move|p2a: Garganacl|Salt Cure|p1a: Hatterene
|-damage|p1a: Hatterene|29/100
|-start|p1a: Hatterene|Salt Cure
|
|-damage|p1a: Hatterene|16/100|[from] Salt Cure
|-end|p2a: Garganacl|move: Heal Block
|upkeep
|turn|21
|
|t:|1779569423
|switch|p2a: Tornadus|Tornadus-Therian, M|88/100
|move|p1a: Hatterene|Psychic Noise|p2a: Tornadus
|-damage|p2a: Tornadus|64/100
|-start|p2a: Tornadus|move: Heal Block
|
|-damage|p1a: Hatterene|4/100|[from] Salt Cure
|upkeep
|turn|22
|
|t:|1779569431
|move|p2a: Tornadus|Knock Off|p1a: Hatterene
|-damage|p1a: Hatterene|0 fnt
|faint|p1a: Hatterene
|
|-end|p2a: Tornadus|move: Heal Block
|upkeep
|
|t:|1779569435
|switch|p1a: Dragonite|Dragonite, F|100/100
|turn|23
|
|t:|1779569440
|move|p1a: Dragonite|Extreme Speed|p2a: Tornadus
|-damage|p2a: Tornadus|28/100
|move|p2a: Tornadus|U-turn|p1a: Dragonite
|-resisted|p1a: Dragonite
|-damage|p1a: Dragonite|97/100
|
|t:|1779569444
|switch|p2a: Kyurem|Kyurem|73/100|[from] U-turn
|-ability|p2a: Kyurem|Pressure
|
|upkeep
|turn|24
|
|t:|1779569448
|switch|p1a: Gholdengo|Gholdengo|100/100
|move|p2a: Kyurem|Ice Beam|p1a: Gholdengo
|-resisted|p1a: Gholdengo
|-damage|p1a: Gholdengo|72/100
|
|upkeep
|turn|25
|
|t:|1779569459
|switch|p2a: Garganacl|Garganacl, M|35/100
|move|p1a: Gholdengo|Make It Rain|p2a: Garganacl
|-supereffective|p2a: Garganacl
|-damage|p2a: Garganacl|0 fnt
|-unboost|p1a: Gholdengo|spa|1
|faint|p2a: Garganacl
|
|upkeep
|
|t:|1779569464
|switch|p2a: Tornadus|Tornadus-Therian, M|62/100
|turn|26
|
|t:|1779569469
|switch|p1a: Kyurem|Kyurem|60/100
|-ability|p1a: Kyurem|Pressure
|move|p2a: Tornadus|U-turn|p1a: Kyurem
|-damage|p1a: Kyurem|47/100
|
|t:|1779569473
|switch|p2a: Hatterene|Hatterene, F|89/100|[from] U-turn
|
|upkeep
|turn|27
|
|t:|1779569476
|move|p1a: Kyurem|Icicle Spear|p2a: Hatterene
|-damage|p2a: Hatterene|79/100
|-damage|p2a: Hatterene|70/100
|-damage|p2a: Hatterene|60/100
|-damage|p2a: Hatterene|50/100
|-damage|p2a: Hatterene|42/100
|-hitcount|p2a: Hatterene|5
|move|p2a: Hatterene|Nuzzle|p1a: Kyurem
|-resisted|p1a: Kyurem
|-damage|p1a: Kyurem|45/100
|-status|p1a: Kyurem|par
|
|upkeep
|turn|28
|
|t:|1779569480
|move|p1a: Kyurem|Icicle Spear|p2a: Hatterene
|-damage|p2a: Hatterene|32/100
|-damage|p2a: Hatterene|22/100
|-damage|p2a: Hatterene|13/100
|-damage|p2a: Hatterene|4/100
|-hitcount|p2a: Hatterene|4
|move|p2a: Hatterene|Draining Kiss|p1a: Kyurem
|-supereffective|p1a: Kyurem
|-damage|p1a: Kyurem|0 fnt
|-heal|p2a: Hatterene|47/100|[from] drain|[of] p1a: Kyurem
|faint|p1a: Kyurem
|
|upkeep
|
|t:|1779569484
|switch|p1a: Gholdengo|Gholdengo|72/100
|turn|29
|
|t:|1779569489
|move|p1a: Gholdengo|Shadow Ball|p2a: Hatterene
|-supereffective|p2a: Hatterene
|-damage|p2a: Hatterene|0 fnt
|faint|p2a: Hatterene
|
|upkeep
|
|t:|1779569491
|switch|p2a: Tornadus|Tornadus-Therian, M|95/100
|turn|30
|
|t:|1779569495
|switch|p1a: Dragonite|Dragonite, F|97/100
|move|p2a: Tornadus|U-turn|p1a: Dragonite
|-resisted|p1a: Dragonite
|-damage|p1a: Dragonite|89/100
|
|t:|1779569498
|switch|p2a: Kyurem|Kyurem|73/100|[from] U-turn
|-ability|p2a: Kyurem|Pressure
|
|upkeep
|turn|31
|
|t:|1779569502
|switch|p1a: Gholdengo|Gholdengo|72/100
|move|p2a: Kyurem|Ice Beam|p1a: Gholdengo
|-resisted|p1a: Gholdengo
|-damage|p1a: Gholdengo|44/100
|-status|p1a: Gholdengo|frz
|
|upkeep
|turn|32
|c|☆benjaboynl|mb
|
|t:|1779569507
|switch|p2a: Tornadus|Tornadus-Therian, M|100/100
|cant|p1a: Gholdengo|frz
|
|upkeep
|turn|33
|
|t:|1779569511
|cant|p1a: Gholdengo|frz
|move|p2a: Tornadus|Knock Off|p1a: Gholdengo
|-supereffective|p1a: Gholdengo
|-damage|p1a: Gholdengo|0 fnt
|-enditem|p1a: Gholdengo|Choice Scarf|[from] move: Knock Off|[of] p2a: Tornadus
|faint|p1a: Gholdengo
|
|upkeep
|
|t:|1779569512
|switch|p1a: Dragonite|Dragonite, F|89/100
|turn|34
|
|t:|1779569514
|move|p2a: Tornadus|U-turn|p1a: Dragonite
|-resisted|p1a: Dragonite
|-damage|p1a: Dragonite|82/100
|
|t:|1779569516
|switch|p2a: Zamazenta|Zamazenta|100/100|[from] U-turn
|-ability|p2a: Zamazenta|Dauntless Shield|boost
|-boost|p2a: Zamazenta|def|1
|move|p1a: Dragonite|Dragon Dance|p1a: Dragonite
|-boost|p1a: Dragonite|atk|1
|-boost|p1a: Dragonite|spe|1
|
|upkeep
|turn|35
|c|☆Ainzcrad|dw
|
|t:|1779569519
|move|p2a: Zamazenta|Iron Defense|p2a: Zamazenta
|-boost|p2a: Zamazenta|def|2
|move|p1a: Dragonite|Dragon Dance|p1a: Dragonite
|-boost|p1a: Dragonite|atk|1
|-boost|p1a: Dragonite|spe|1
|
|upkeep
|turn|36
|
|t:|1779569521
|move|p1a: Dragonite|Dragon Dance|p1a: Dragonite
|-boost|p1a: Dragonite|atk|1
|-boost|p1a: Dragonite|spe|1
|move|p2a: Zamazenta|Body Press|p1a: Dragonite
|-resisted|p1a: Dragonite
|-damage|p1a: Dragonite|34/100
|
|upkeep
|turn|37
|
|t:|1779569523
|move|p1a: Dragonite|Earthquake|p2a: Zamazenta
|-damage|p2a: Zamazenta|71/100
|move|p2a: Zamazenta|Body Press|p1a: Dragonite
|-resisted|p1a: Dragonite
|-damage|p1a: Dragonite|0 fnt
|faint|p1a: Dragonite
|
|win|benjaboynl
