|j|☆xlbxrt
|j|☆nanchalant
|t:|1779633403
|gametype|singles
|player|p1|xlbxrt|2|
|player|p2|nanchalant|lance|
|gen|9
|tier|[Gen 9] OU
|rule|HP Percentage Mod: HP is shown in percentages
|rule|Endless Battle Clause: Forcing endless battles is banned
|rule|Species Clause: Limit one of each Pokémon
|rule|OHKO Clause: OHKO moves are banned
|rule|Evasion Items Clause: Evasion items are banned
|rule|Evasion Moves Clause: Evasion moves are banned
|rule|Evasion Abilities Clause: Evasion abilities are banned
|rule|Sleep Moves Clause: Sleep-inducing moves are banned
|clearpoke
|poke|p1|Deoxys-Speed|
|poke|p1|Iron Thorns|
|poke|p1|Hydrapple, F|
|poke|p1|Suicune|
|poke|p1|Mandibuzz, F|
|poke|p1|Mimikyu, F|
|poke|p2|Kingambit, M|
|poke|p2|Haxorus, M|
|poke|p2|Florges, F|
|poke|p2|Politoed, M|
|poke|p2|Galvantula, F|
|poke|p2|Quaquaval, M|
|teampreview
|j| PrestigeCivilian
|j| Vinkun9746
|j| ItsMeFiery
|c| PrestigeCivilian|Iron Thorns (Flying)
|c|☆nanchalant|galvantula (electric)
|j| firstle
|c| Vinkun9746|eyo politoed
|c| Vinkun9746|florges
|
|t:|1779633524
|teamsize|p1|6
|teamsize|p2|6
|start
|switch|p1a: Deoxys|Deoxys-Speed|100/100
|switch|p2a: Antonio|Galvantula, F|100/100
|-ability|p1a: Deoxys|Pressure
|turn|1
|
|t:|1779633534
|move|p1a: Deoxys|Taunt|p2a: Antonio
|-start|p2a: Antonio|move: Taunt
|cant|p2a: Antonio|move: Taunt|Sticky Web
|
|upkeep
|turn|2
|c| Vinkun9746|what will this spider do
|c| Vinkun9746|sheeeesh
|
|t:|1779633549
|move|p1a: Deoxys|Light Screen|p1a: Deoxys
|-sidestart|p1: xlbxrt|move: Light Screen
|move|p2a: Antonio|Bug Buzz|p1a: Deoxys
|-supereffective|p1a: Deoxys
|-damage|p1a: Deoxys|50/100
|
|upkeep
|turn|3
|c| Vinkun9746|sheeesh
|c| Vinkun9746|6 or 7 turns
|l|☆xlbxrt
|player|p1|
|l| ItsMeFiery
|j| ItsMeFiery
|j|☆xlbxrt
|player|p1|xlbxrt|2|
|
|t:|1779633660
|move|p1a: Deoxys|Reflect|p1a: Deoxys
|-sidestart|p1: xlbxrt|Reflect
|move|p2a: Antonio|Volt Switch|p1a: Deoxys
|-damage|p1a: Deoxys|33/100
|c| Vinkun9746|bold
|
|t:|1779633713
|switch|p2a: milf|Kingambit, M|100/100|[from] Volt Switch
|
|upkeep
|turn|4
|c| PrestigeCivilian|dilf
|c| Vinkun9746|waat
|c| PrestigeCivilian|si maam allaine
|
|t:|1779633758
|move|p1a: Deoxys|Stealth Rock|p2a: milf
|-sidestart|p2: nanchalant|move: Stealth Rock
|move|p2a: milf|Swords Dance|p2a: milf
|-boost|p2a: milf|atk|2
|
|upkeep
|turn|5
|c| Vinkun9746|eyo
|c| Vinkun9746|mam allaine > mam jacky
|
|t:|1779633792
|switch|p1a: Dark Ho-Oh|Mandibuzz, F, shiny|100/100
|move|p2a: milf|Foul Play|p1a: Dark Ho-Oh
|-resisted|p1a: Dark Ho-Oh
|-damage|p1a: Dark Ho-Oh|97/100
|-damage|p2a: milf|84/100|[from] item: Rocky Helmet|[of] p1a: Dark Ho-Oh
|
|-heal|p2a: milf|90/100|[from] item: Leftovers
|upkeep
|turn|6
|c| PrestigeCivilian|mam janet?
|c| Vinkun9746|incomparable yan
|
|t:|1779633821
|-end|p2a: milf|fallenundefined|[silent]
|switch|p2a: rain simulator|Politoed, M|100/100
|-damage|p2a: rain simulator|88/100|[from] Stealth Rock
|-weather|RainDance|[from] ability: Drizzle|[of] p2a: rain simulator
|move|p1a: Dark Ho-Oh|Foul Play|p2a: rain simulator
|-damage|p2a: rain simulator|67/100
|
|-weather|RainDance|[upkeep]
|upkeep
|turn|7
|c| Vinkun9746|rain
|
|t:|1779633857
|move|p2a: rain simulator|Ice Beam|p1a: Dark Ho-Oh
|-supereffective|p1a: Dark Ho-Oh
|-damage|p1a: Dark Ho-Oh|81/100
|move|p1a: Dark Ho-Oh|U-turn|p2a: rain simulator
|-damage|p2a: rain simulator|54/100
|
|t:|1779633863
|switch|p1a: Rayquaza-Defense|Hydrapple, F, shiny|100/100|[from] U-turn
|
|-weather|RainDance|[upkeep]
|upkeep
|turn|8
|
|t:|1779633887
|switch|p2a: badingdong|Florges, F|100/100
|-damage|p2a: badingdong|88/100|[from] Stealth Rock
|move|p1a: Rayquaza-Defense|Giga Drain|p2a: badingdong
|-damage|p2a: badingdong|61/100
|
|-weather|RainDance|[upkeep]
|upkeep
|turn|9
|c| Vinkun9746|badingdong florges
|
|t:|1779633915
|switch|p1a: Shiny Godzilla|Iron Thorns, shiny|100/100
|move|p2a: badingdong|Wish|p2a: badingdong
|
|-weather|RainDance|[upkeep]
|-sideend|p1: xlbxrt|move: Light Screen
|upkeep
|turn|10
|c| Vinkun9746|thousand arrows
|
|t:|1779633969
|move|p1a: Shiny Godzilla|Dragon Dance|p1a: Shiny Godzilla
|-boost|p1a: Shiny Godzilla|atk|1
|-boost|p1a: Shiny Godzilla|spe|1
|move|p2a: badingdong|Psychic Noise|p1a: Shiny Godzilla
|-damage|p1a: Shiny Godzilla|79/100
|-start|p1a: Shiny Godzilla|move: Heal Block
|
|-weather|RainDance|[upkeep]
|-heal|p2a: badingdong|100/100|[from] move: Wish|[wisher] badingdong
|-sideend|p1: xlbxrt|Reflect
|upkeep
|turn|11
|c| Vinkun9746|omg
|c| Vinkun9746|atomic breath
|l|☆xlbxrt
|player|p1|
|l| Vinkun9746
|
|t:|1779634020
|switch|p2a: hackerman|Haxorus, M|100/100
|-damage|p2a: hackerman|88/100|[from] Stealth Rock
|-ability|p2a: hackerman|Mold Breaker
|move|p1a: Shiny Godzilla|Rock Blast|p2a: hackerman
|-damage|p2a: hackerman|61/100
|-damage|p2a: hackerman|34/100
|-damage|p2a: hackerman|10/100
|-damage|p2a: hackerman|0 fnt
|faint|p2a: hackerman
|-hitcount|p2: hackerman|4
|
|-weather|RainDance|[upkeep]
|-end|p1a: Shiny Godzilla|move: Heal Block
|upkeep
|l| ItsMeFiery
|
|t:|1779634040
|switch|p2a: milf|Kingambit, M|90/100
|-damage|p2a: milf|84/100|[from] Stealth Rock
|-activate|p2a: milf|ability: Supreme Overlord
|-start|p2a: milf|fallen1|[silent]
|turn|12
|l| PrestigeCivilian
|j| ItsMeFiery
|j| Vinkun9746
|j|☆xlbxrt
|player|p1|xlbxrt|2|
|j| PrestigeCivilian
|c| Vinkun9746|yun
|c| Vinkun9746|grabe rock blast
|
|t:|1779634120
|-terastallize|p1a: Shiny Godzilla|Flying
|move|p1a: Shiny Godzilla|Dragon Dance|p1a: Shiny Godzilla
|-boost|p1a: Shiny Godzilla|atk|1
|-boost|p1a: Shiny Godzilla|spe|1
|move|p2a: milf|Swords Dance|p2a: milf
|-boost|p2a: milf|atk|2
|
|-weather|RainDance|[upkeep]
|-heal|p2a: milf|90/100|[from] item: Leftovers
|upkeep
|turn|13
|c| Vinkun9746|oh no
|c| Vinkun9746|oh nooo
|c| Vinkun9746|waaat
|
|t:|1779634152
|move|p2a: milf|Sucker Punch||[still]
|-fail|p2a: milf
|move|p1a: Shiny Godzilla|Dragon Dance|p1a: Shiny Godzilla
|-boost|p1a: Shiny Godzilla|atk|1
|-boost|p1a: Shiny Godzilla|spe|1
|
|-weather|none
|-heal|p2a: milf|96/100|[from] item: Leftovers
|upkeep
|turn|14
|
|t:|1779634175
|move|p2a: milf|Sucker Punch|p1a: Shiny Godzilla
|-damage|p1a: Shiny Godzilla|3/100
|move|p1a: Shiny Godzilla|Ice Punch|p2a: milf
|-resisted|p2a: milf
|-damage|p2a: milf|69/100
|
|-heal|p2a: milf|75/100|[from] item: Leftovers
|upkeep
|turn|15
|c| Vinkun9746|sheesh
|c| Vinkun9746|naka mind games
|
|t:|1779634259
|move|p1a: Shiny Godzilla|Rock Blast|p2a: milf
|-resisted|p2a: milf
|-damage|p2a: milf|60/100
|-resisted|p2a: milf
|-damage|p2a: milf|47/100
|-resisted|p2a: milf
|-damage|p2a: milf|32/100
|-resisted|p2a: milf
|-damage|p2a: milf|18/100
|-resisted|p2a: milf
|-damage|p2a: milf|3/100
|-hitcount|p2a: milf|5
|move|p2a: milf|Foul Play|p1a: Shiny Godzilla
|-damage|p1a: Shiny Godzilla|0 fnt
|faint|p1a: Shiny Godzilla
|-end|p1a: Shiny Godzilla|Quark Drive|[silent]
|
|-heal|p2a: milf|10/100|[from] item: Leftovers
|upkeep
|c| Vinkun9746|sheesh
|c| Vinkun9746|where
|
|t:|1779634287
|switch|p1a: Alolan Pikachu|Mimikyu, F, shiny|100/100
|turn|16
|c| Vinkun9746|mukhang power ranger na teenage mutant ninja turtle si kingambit
|c| Vinkun9746|this guys
|
|t:|1779634347
|move|p1a: Alolan Pikachu|Drain Punch|p2a: milf
|-supereffective|p2a: milf
|-damage|p2a: milf|0 fnt
|faint|p2a: milf
|-end|p2a: milf|fallen1|[silent]
|-damage|p1a: Alolan Pikachu|91/100|[from] item: Life Orb
|
|upkeep
|
|t:|1779634360
|switch|p2a: badingdong|Florges, F|100/100
|-damage|p2a: badingdong|88/100|[from] Stealth Rock
|turn|17
|
|t:|1779634378
|move|p1a: Alolan Pikachu|Play Rough|p2a: badingdong
|-damage|p2a: badingdong|40/100
|-damage|p1a: Alolan Pikachu|81/100|[from] item: Life Orb
|move|p2a: badingdong|Wish|p2a: badingdong
|
|upkeep
|turn|18
|c| Vinkun9746|grabe sakit
|
|t:|1779634391
|switch|p2a: rain simulator|Politoed, M|54/100
|-damage|p2a: rain simulator|41/100|[from] Stealth Rock
|-weather|RainDance|[from] ability: Drizzle|[of] p2a: rain simulator
|move|p1a: Alolan Pikachu|Play Rough|p2a: rain simulator
|-damage|p2a: rain simulator|0 fnt
|faint|p2a: rain simulator
|-damage|p1a: Alolan Pikachu|71/100|[from] item: Life Orb
|
|-weather|RainDance|[upkeep]
|upkeep
|
|t:|1779634401
|switch|p2a: Antonio|Galvantula, F|100/100
|turn|19
|
|t:|1779634419
|-terastallize|p2a: Antonio|Electric
|move|p1a: Alolan Pikachu|Shadow Sneak|p2a: Antonio
|-crit|p2a: Antonio
|-damage|p2a: Antonio|45/100
|-damage|p1a: Alolan Pikachu|61/100|[from] item: Life Orb
|move|p2a: Antonio|Thunder|p1a: Alolan Pikachu
|-activate|p1a: Alolan Pikachu|ability: Disguise
|-damage|p1a: Alolan Pikachu|61/100
|-status|p1a: Alolan Pikachu|par
|detailschange|p1a: Alolan Pikachu|Mimikyu-Busted, F, shiny
|-damage|p1a: Alolan Pikachu|49/100 par|[from] pokemon: Mimikyu-Busted
|
|-weather|RainDance|[upkeep]
|upkeep
|turn|20
|c| Vinkun9746|omg
|c| Vinkun9746|yun lng
|
|t:|1779634449
|move|p1a: Alolan Pikachu|Shadow Sneak|p2a: Antonio
|-damage|p2a: Antonio|8/100
|-damage|p1a: Alolan Pikachu|39/100 par|[from] item: Life Orb
|move|p2a: Antonio|Bug Buzz|p1a: Alolan Pikachu
|-resisted|p1a: Alolan Pikachu
|-damage|p1a: Alolan Pikachu|25/100 par
|
|-weather|RainDance|[upkeep]
|upkeep
|turn|21
|
|t:|1779634470
|cant|p1a: Alolan Pikachu|par
|move|p2a: Antonio|Thunder|p1a: Alolan Pikachu
|-damage|p1a: Alolan Pikachu|0 fnt
|faint|p1a: Alolan Pikachu
|
|-weather|RainDance|[upkeep]
|upkeep
|c| Vinkun9746|natalo si alolan pikachu ng thunder
|
|t:|1779634550
|switch|p1a: Rayquaza-Defense|Hydrapple, F, shiny|100/100
|turn|22
|
|t:|1779634564
|move|p2a: Antonio|Bug Buzz|p1a: Rayquaza-Defense
|-supereffective|p1a: Rayquaza-Defense
|-damage|p1a: Rayquaza-Defense|51/100
|move|p1a: Rayquaza-Defense|Earth Power|p2a: Antonio
|-supereffective|p2a: Antonio
|-damage|p2a: Antonio|0 fnt
|faint|p2a: Antonio
|
|-weather|RainDance|[upkeep]
|upkeep
|
|t:|1779634575
|switch|p2a: badingdong|Florges, F|40/100
|-damage|p2a: badingdong|28/100|[from] Stealth Rock
|turn|23
|c| Vinkun9746|dragon god dive
|c| Vinkun9746|dark phoenix
|
|t:|1779634630
|switch|p1a: eto na|Suicune, shiny|100/100
|move|p2a: badingdong|Moonblast|p1a: eto na
|-damage|p1a: eto na|75/100
|
|-weather|RainDance|[upkeep]
|-heal|p1a: eto na|81/100|[from] item: Leftovers
|upkeep
|turn|24
|
|t:|1779634649
|move|p2a: badingdong|Wish|p2a: badingdong
|move|p1a: eto na|Scald|p2a: badingdong
|-damage|p2a: badingdong|3/100
|
|-weather|RainDance|[upkeep]
|-heal|p1a: eto na|87/100|[from] item: Leftovers
|upkeep
|turn|25
|c| Vinkun9746|omg
|
|t:|1779634662
|move|p2a: badingdong|Moonblast|p1a: eto na
|-damage|p1a: eto na|60/100
|-unboost|p1a: eto na|spa|1
|move|p1a: eto na|Roar|p2a: badingdong
|drag|p2a: skrambol seller|Quaquaval, M|100/100
|
|-weather|none
|-heal|p1a: eto na|66/100|[from] item: Leftovers
|upkeep
|turn|26
|
|t:|1779634691
|move|p2a: skrambol seller|Close Combat|p1a: eto na
|-damage|p1a: eto na|34/100
|-unboost|p2a: skrambol seller|def|1
|-unboost|p2a: skrambol seller|spd|1
|move|p1a: eto na|Calm Mind|p1a: eto na
|-boost|p1a: eto na|spa|1
|-boost|p1a: eto na|spd|1
|
|-heal|p1a: eto na|41/100|[from] item: Leftovers
|upkeep
|turn|27
|c| Vinkun9746|oh no
|
|t:|1779634709
|move|p2a: skrambol seller|Rapid Spin|p1a: eto na
|-damage|p1a: eto na|31/100
|-boost|p2a: skrambol seller|spe|1
|-sideend|p2: nanchalant|Stealth Rock|[from] move: Rapid Spin|[of] p2a: skrambol seller
|move|p1a: eto na|Scald|p2a: skrambol seller
|-resisted|p2a: skrambol seller
|-damage|p2a: skrambol seller|74/100
|
|-heal|p1a: eto na|38/100|[from] item: Leftovers
|upkeep
|turn|28
|
|t:|1779634720
|move|p2a: skrambol seller|Aqua Step|p1a: eto na
|-resisted|p1a: eto na
|-damage|p1a: eto na|27/100
|-boost|p2a: skrambol seller|spe|1
|move|p1a: eto na|Scald|p2a: skrambol seller
|-resisted|p2a: skrambol seller
|-damage|p2a: skrambol seller|47/100
|-status|p2a: skrambol seller|brn
|
|-heal|p1a: eto na|33/100|[from] item: Leftovers
|-damage|p2a: skrambol seller|41/100 brn|[from] brn
|upkeep
|turn|29
|c| Vinkun9746|wala na
|c| Vinkun9746|na jinx
|
|t:|1779634738
|move|p2a: skrambol seller|Close Combat|p1a: eto na
|-damage|p1a: eto na|15/100
|-unboost|p2a: skrambol seller|def|1
|-unboost|p2a: skrambol seller|spd|1
|move|p1a: eto na|Scald|p2a: skrambol seller
|-resisted|p2a: skrambol seller
|-damage|p2a: skrambol seller|7/100 brn
|
|-heal|p1a: eto na|21/100|[from] item: Leftovers
|-damage|p2a: skrambol seller|0 fnt|[from] brn
|faint|p2a: skrambol seller
|upkeep
|
|t:|1779634748
|switch|p2a: badingdong|Florges, F|3/100
|turn|30
|
|t:|1779634757
|move|p2a: badingdong|Moonblast|p1a: eto na
|-damage|p1a: eto na|3/100
|move|p1a: eto na|Ice Beam|p2a: badingdong
|-damage|p2a: badingdong|0 fnt
|faint|p2a: badingdong
|
|win|xlbxrt
|l|☆nanchalant
|player|p2|
|l|☆xlbxrt
|player|p1|
|l| ItsMeFiery
