|j|☆LeChunkalo
|j|‽booger2shoes
|t:|1779683625
|gametype|singles
|player|p1|LeChunkalo|biker-gen4|1427
|player|p2|booger2shoes|alder|1402
|gen|9
|tier|[Gen 9] OU
|rated|
|rule|HP Percentage Mod: HP is shown in percentages
|rule|Endless Battle Clause: Forcing endless battles is banned
|rule|Species Clause: Limit one of each Pokémon
|rule|OHKO Clause: OHKO moves are banned
|rule|Evasion Items Clause: Evasion items are banned
|rule|Evasion Moves Clause: Evasion moves are banned
|rule|Evasion Abilities Clause: Evasion abilities are banned
|rule|Sleep Moves Clause: Sleep-inducing moves are banned
|clearpoke
|poke|p1|Ogerpon-Cornerstone, F|
|poke|p1|Pecharunt|
|poke|p1|Zapdos-Galar|
|poke|p1|Dragonite, F|
|poke|p1|Iron Treads|
|poke|p1|Primarina, M|
|poke|p2|Hatterene, F|
|poke|p2|Cresselia, F|
|poke|p2|Ursaluna, F|
|poke|p2|Iron Hands|
|poke|p2|Hoopa-Unbound|
|poke|p2|Volcanion|
|teampreview
|inactive|Battle timer is ON: inactive players will automatically lose when time's up. (requested by LeChunkalo)
|
|t:|1779683641
|teamsize|p1|6
|teamsize|p2|6
|start
|switch|p1a: Ogerpon|Ogerpon-Cornerstone, F|100/100
|switch|p2a: Cresselia|Cresselia, F|100/100
|turn|1
|j| testingrainteam1
|
|t:|1779683646
|move|p1a: Ogerpon|Ivy Cudgel|p2a: Cresselia|[anim] Ivy Cudgel Rock
|-crit|p2a: Cresselia
|-damage|p2a: Cresselia|47/100
|move|p2a: Cresselia|Trick Room|p2a: Cresselia
|-fieldstart|move: Trick Room|[of] p2a: Cresselia
|
|upkeep
|turn|2
|inactive|booger2shoes has 120 seconds left.
|inactive|LeChunkalo has 120 seconds left.
|
|t:|1779683691
|switch|p1a: Primarina|Primarina, M|100/100
|move|p2a: Cresselia|Moonlight|p2a: Cresselia
|-heal|p2a: Cresselia|97/100
|
|upkeep
|turn|3
|
|t:|1779683698
|switch|p2a: Volcanion|Volcanion|100/100
|move|p1a: Primarina|Substitute|p1a: Primarina
|-start|p1a: Primarina|Substitute
|-damage|p1a: Primarina|76/100
|
|-heal|p1a: Primarina|82/100|[from] item: Leftovers
|upkeep
|turn|4
|inactive|booger2shoes has 120 seconds left.
|
|t:|1779683711
|move|p2a: Volcanion|Sludge Bomb|p1a: Primarina
|-supereffective|p1a: Primarina
|-end|p1a: Primarina|Substitute
|move|p1a: Primarina|Calm Mind|p1a: Primarina
|-boost|p1a: Primarina|spa|1
|-boost|p1a: Primarina|spd|1
|
|-heal|p1a: Primarina|88/100|[from] item: Leftovers
|upkeep
|turn|5
|inactive|booger2shoes has 120 seconds left.
|
|t:|1779683726
|switch|p1a: Iron Treads|Iron Treads|100/100
|move|p2a: Volcanion|Sludge Bomb|p1a: Iron Treads
|-immune|p1a: Iron Treads
|
|-fieldend|move: Trick Room
|upkeep
|turn|6
|
|t:|1779683729
|switch|p2a: Cresselia|Cresselia, F|97/100
|move|p1a: Iron Treads|Earthquake|p2a: Cresselia
|-immune|p2a: Cresselia|[from] ability: Levitate
|
|upkeep
|turn|7
|
|t:|1779683733
|move|p1a: Iron Treads|Stealth Rock|p2a: Cresselia
|-sidestart|p2: booger2shoes|move: Stealth Rock
|move|p2a: Cresselia|Trick Room|p2a: Cresselia
|-fieldstart|move: Trick Room|[of] p2a: Cresselia
|
|upkeep
|turn|8
|
|t:|1779683738
|switch|p2a: Ursaluna|Ursaluna, F|100/100
|-damage|p2a: Ursaluna|94/100|[from] Stealth Rock
|move|p1a: Iron Treads|Knock Off|p2a: Ursaluna
|-damage|p2a: Ursaluna|73/100
|-enditem|p2a: Ursaluna|Flame Orb|[from] move: Knock Off|[of] p1a: Iron Treads
|
|upkeep
|turn|9
|
|t:|1779683747
|-end|p1a: Iron Treads|Quark Drive|[silent]
|switch|p1a: Zapdos|Zapdos-Galar|100/100
|move|p2a: Ursaluna|Swords Dance|p2a: Ursaluna
|-boost|p2a: Ursaluna|atk|2
|
|upkeep
|turn|10
|
|t:|1779683757
|move|p2a: Ursaluna|Facade|p1a: Zapdos
|-damage|p1a: Zapdos|7/100
|move|p1a: Zapdos|Close Combat|p2a: Ursaluna
|-supereffective|p2a: Ursaluna
|-damage|p2a: Ursaluna|0 fnt
|-unboost|p1a: Zapdos|def|1
|-unboost|p1a: Zapdos|spd|1
|faint|p2a: Ursaluna
|
|upkeep
|
|t:|1779683764
|switch|p2a: Hoopa|Hoopa-Unbound|100/100
|-damage|p2a: Hoopa|88/100|[from] Stealth Rock
|turn|11
|l| testingrainteam1
|
|t:|1779683776
|switch|p1a: Dragonite|Dragonite, F|100/100
|move|p2a: Hoopa|Psychic Noise|p1a: Dragonite
|-damage|p1a: Dragonite|80/100
|-start|p1a: Dragonite|move: Heal Block
|
|-fieldend|move: Trick Room
|upkeep
|turn|12
|
|t:|1779683785
|move|p1a: Dragonite|Dragon Tail|p2a: Hoopa
|-damage|p2a: Hoopa|51/100
|drag|p2a: Iron Hands|Iron Hands|100/100
|-damage|p2a: Iron Hands|94/100|[from] Stealth Rock
|-enditem|p2a: Iron Hands|Booster Energy
|-activate|p2a: Iron Hands|ability: Quark Drive|[fromitem]
|-start|p2a: Iron Hands|quarkdriveatk
|
|-end|p1a: Dragonite|move: Heal Block
|upkeep
|turn|13
|
|t:|1779683794
|move|p1a: Dragonite|Roost|p1a: Dragonite
|-heal|p1a: Dragonite|100/100
|-singleturn|p1a: Dragonite|move: Roost
|move|p2a: Iron Hands|Ice Punch|p1a: Dragonite
|-supereffective|p1a: Dragonite
|-damage|p1a: Dragonite|66/100
|
|upkeep
|turn|14
|
|t:|1779683801
|switch|p1a: Iron Treads|Iron Treads|100/100
|move|p2a: Iron Hands|Ice Punch|p1a: Iron Treads
|-damage|p1a: Iron Treads|64/100
|
|-heal|p1a: Iron Treads|71/100|[from] item: Leftovers
|upkeep
|turn|15
|
|t:|1779683807
|-terastallize|p2a: Iron Hands|Flying
|move|p1a: Iron Treads|Knock Off|p2a: Iron Hands
|-damage|p2a: Iron Hands|82/100
|move|p2a: Iron Hands|Swords Dance|p2a: Iron Hands
|-boost|p2a: Iron Hands|atk|2
|
|-heal|p1a: Iron Treads|77/100|[from] item: Leftovers
|upkeep
|turn|16
|
|t:|1779683820
|move|p1a: Iron Treads|Knock Off|p2a: Iron Hands
|-damage|p2a: Iron Hands|68/100
|move|p2a: Iron Hands|Swords Dance|p2a: Iron Hands
|-boost|p2a: Iron Hands|atk|2
|
|-heal|p1a: Iron Treads|83/100|[from] item: Leftovers
|upkeep
|turn|17
|
|t:|1779683823
|move|p1a: Iron Treads|Knock Off|p2a: Iron Hands
|-damage|p2a: Iron Hands|55/100
|move|p2a: Iron Hands|Drain Punch|p1a: Iron Treads
|-supereffective|p1a: Iron Treads
|-damage|p1a: Iron Treads|0 fnt
|-heal|p2a: Iron Hands|81/100|[from] drain|[of] p1a: Iron Treads
|faint|p1a: Iron Treads
|-end|p1a: Iron Treads|Quark Drive|[silent]
|
|upkeep
|
|t:|1779683825
|switch|p1a: Ogerpon|Ogerpon-Cornerstone, F|100/100
|turn|18
|
|t:|1779683830
|move|p1a: Ogerpon|Ivy Cudgel|p2a: Iron Hands|[anim] Ivy Cudgel Rock
|-supereffective|p2a: Iron Hands
|-damage|p2a: Iron Hands|4/100
|move|p2a: Iron Hands|Drain Punch|p1a: Ogerpon
|-supereffective|p1a: Ogerpon
|-ability|p1a: Ogerpon|Sturdy
|-damage|p1a: Ogerpon|1/100
|-heal|p2a: Iron Hands|34/100|[from] drain|[of] p1a: Ogerpon
|
|upkeep
|turn|19
|
|t:|1779683836
|move|p1a: Ogerpon|Ivy Cudgel|p2a: Iron Hands|[anim] Ivy Cudgel Rock
|-supereffective|p2a: Iron Hands
|-damage|p2a: Iron Hands|0 fnt
|faint|p2a: Iron Hands
|-end|p2a: Iron Hands|Quark Drive|[silent]
|
|upkeep
|
|t:|1779683838
|switch|p2a: Cresselia|Cresselia, F|97/100
|-damage|p2a: Cresselia|84/100|[from] Stealth Rock
|turn|20
|
|t:|1779683846
|move|p1a: Ogerpon|Ivy Cudgel|p2a: Cresselia|[anim] Ivy Cudgel Rock
|-damage|p2a: Cresselia|49/100
|move|p2a: Cresselia|Trick Room|p2a: Cresselia
|-fieldstart|move: Trick Room|[of] p2a: Cresselia
|
|upkeep
|turn|21
|
|t:|1779683855
|switch|p1a: Primarina|Primarina, M|88/100
|move|p2a: Cresselia|Ice Beam|p1a: Primarina
|-resisted|p1a: Primarina
|-damage|p1a: Primarina|81/100
|-status|p1a: Primarina|frz
|
|-heal|p1a: Primarina|87/100 frz|[from] item: Leftovers
|upkeep
|turn|22
|
|t:|1779683866
|move|p2a: Cresselia|Lunar Dance|p2a: Cresselia
|faint|p2a: Cresselia
|cant|p1a: Primarina|frz
|
|-heal|p1a: Primarina|93/100 frz|[from] item: Leftovers
|upkeep
|
|t:|1779683875
|switch|p2a: Hoopa|Hoopa-Unbound|51/100
|-heal|p2a: Hoopa|100/100|[from] move: Lunar Dance
|-damage|p2a: Hoopa|88/100|[from] Stealth Rock
|turn|23
|
|t:|1779683878
|move|p2a: Hoopa|Psychic Noise|p1a: Primarina
|-damage|p1a: Primarina|50/100 frz
|-start|p1a: Primarina|move: Heal Block
|cant|p1a: Primarina|frz
|
|upkeep
|turn|24
|
|t:|1779683886
|move|p2a: Hoopa|Psychic Noise|p1a: Primarina
|-crit|p1a: Primarina
|-damage|p1a: Primarina|0 fnt
|faint|p1a: Primarina
|
|-fieldend|move: Trick Room
|upkeep
|
|t:|1779683890
|switch|p1a: Zapdos|Zapdos-Galar|7/100
|turn|25
|
|t:|1779683898
|move|p1a: Zapdos|U-turn|p2a: Hoopa
|-supereffective|p2a: Hoopa
|-damage|p2a: Hoopa|0 fnt
|faint|p2a: Hoopa
|
|t:|1779683906
|switch|p1a: Ogerpon|Ogerpon-Cornerstone, F|1/100|[from] U-turn
|
|upkeep
|
|t:|1779683909
|switch|p2a: Hatterene|Hatterene, F|100/100
|-damage|p2a: Hatterene|88/100|[from] Stealth Rock
|turn|26
|
|t:|1779683911
|move|p1a: Ogerpon|Ivy Cudgel|p2a: Hatterene|[anim] Ivy Cudgel Rock
|-damage|p2a: Hatterene|23/100
|move|p2a: Hatterene|Trick Room|p2a: Hatterene
|-fieldstart|move: Trick Room|[of] p2a: Hatterene
|
|upkeep
|turn|27
|
|t:|1779683919
|switch|p1a: Zapdos|Zapdos-Galar|7/100
|move|p2a: Hatterene|Psychic Noise|p1a: Zapdos
|-supereffective|p1a: Zapdos
|-damage|p1a: Zapdos|0 fnt
|faint|p1a: Zapdos
|
|upkeep
|
|t:|1779683921
|switch|p1a: Dragonite|Dragonite, F|66/100
|turn|28
|
|t:|1779683925
|-terastallize|p1a: Dragonite|Normal
|move|p2a: Hatterene|Misty Explosion|p1a: Dragonite
|-damage|p1a: Dragonite|10/100
|faint|p2a: Hatterene
|move|p1a: Dragonite|Roost|p1a: Dragonite
|-heal|p1a: Dragonite|60/100
|
|upkeep
|
|t:|1779683929
|switch|p2a: Volcanion|Volcanion|100/100
|-damage|p2a: Volcanion|75/100|[from] Stealth Rock
|turn|29
|
|t:|1779683939
|move|p2a: Volcanion|Steam Eruption|p1a: Dragonite
|-damage|p1a: Dragonite|0 fnt
|faint|p1a: Dragonite
|
|upkeep
|
|t:|1779683942
|switch|p1a: Pecharunt|Pecharunt|100/100
|turn|30
|
|t:|1779683944
|move|p2a: Volcanion|Steam Eruption|p1a: Pecharunt
|-damage|p1a: Pecharunt|0 fnt
|faint|p1a: Pecharunt
|
|-fieldend|move: Trick Room
|upkeep
|
|t:|1779683946
|switch|p1a: Ogerpon|Ogerpon-Cornerstone, F|1/100
|turn|31
|
|t:|1779683949
|move|p1a: Ogerpon|Ivy Cudgel|p2a: Volcanion|[anim] Ivy Cudgel Rock
|-supereffective|p2a: Volcanion
|-damage|p2a: Volcanion|0 fnt
|faint|p2a: Volcanion
|
|win|LeChunkalo
|raw|LeChunkalo's rating: 1427 &rarr; <strong>1446</strong><br />(+19 for winning)
|raw|booger2shoes's rating: 1402 &rarr; <strong>1383</strong><br />(-19 for losing)
|l|‽booger2shoes
|player|p2|
|l|☆LeChunkalo
|player|p1|
