|j|☆TheLump
|j|☆yes yes boys
|t:|1779639999
|gametype|singles
|player|p1|TheLump|102|1124
|player|p2|yes yes boys|265|1203
|gen|9
|tier|[Gen 9] OU
|rated|
|rule|HP Percentage Mod: HP is shown in percentages
|rule|Endless Battle Clause: Forcing endless battles is banned
|rule|Species Clause: Limit one of each Pokémon
|rule|OHKO Clause: OHKO moves are banned
|rule|Evasion Items Clause: Evasion items are banned
|rule|Evasion Moves Clause: Evasion moves are banned
|rule|Evasion Abilities Clause: Evasion abilities are banned
|rule|Sleep Moves Clause: Sleep-inducing moves are banned
|clearpoke
|poke|p1|Torkoal, F|
|poke|p1|Weepinbell, M|
|poke|p1|Slither Wing|
|poke|p1|Iron Moth|
|poke|p1|Exeggutor, M|
|poke|p1|Victreebel, M|
|poke|p2|Zoroark-Hisui, M|
|poke|p2|Ceruledge, M|
|poke|p2|Sandy Shocks|
|poke|p2|Hydrapple, M|
|poke|p2|Weavile, M|
|poke|p2|Quaquaval, F|
|teampreview
|inactive|Battle timer is ON: inactive players will automatically lose when time's up. (requested by yes yes boys)
|
|t:|1779640014
|teamsize|p1|6
|teamsize|p2|6
|start
|switch|p1a: Torkoal|Torkoal, F, shiny|100/100
|switch|p2a: Quaquaval|Quaquaval, F|100/100
|-weather|SunnyDay|[from] ability: Drought|[of] p1a: Torkoal
|turn|1
|
|t:|1779640020
|move|p2a: Quaquaval|Aqua Step|p1a: Torkoal
|-supereffective|p1a: Torkoal
|-damage|p1a: Torkoal|71/100
|-boost|p2a: Quaquaval|spe|1
|move|p1a: Torkoal|Stealth Rock|p2a: Quaquaval
|-sidestart|p2: yes yes boys|move: Stealth Rock
|
|-weather|SunnyDay|[upkeep]
|upkeep
|turn|2
|
|t:|1779640024
|move|p2a: Quaquaval|Aqua Step|p1a: Torkoal
|-supereffective|p1a: Torkoal
|-damage|p1a: Torkoal|42/100
|-boost|p2a: Quaquaval|spe|1
|move|p1a: Torkoal|Will-O-Wisp|p2a: Quaquaval|[miss]
|-miss|p1a: Torkoal|p2a: Quaquaval
|
|-weather|SunnyDay|[upkeep]
|upkeep
|turn|3
|
|t:|1779640030
|move|p2a: Quaquaval|Rapid Spin|p1a: Torkoal
|-damage|p1a: Torkoal|31/100
|-boost|p2a: Quaquaval|spe|1
|-sideend|p2: yes yes boys|Stealth Rock|[from] move: Rapid Spin|[of] p2a: Quaquaval
|move|p1a: Torkoal|Will-O-Wisp|p2a: Quaquaval
|-status|p2a: Quaquaval|brn
|-enditem|p2a: Quaquaval|Lum Berry|[eat]
|-curestatus|p2a: Quaquaval|brn|[msg]
|
|-weather|SunnyDay|[upkeep]
|upkeep
|turn|4
|
|t:|1779640034
|move|p2a: Quaquaval|Aqua Step|p1a: Torkoal
|-supereffective|p1a: Torkoal
|-damage|p1a: Torkoal|2/100
|-boost|p2a: Quaquaval|spe|1
|move|p1a: Torkoal|Will-O-Wisp|p2a: Quaquaval
|-status|p2a: Quaquaval|brn
|
|-weather|SunnyDay|[upkeep]
|-damage|p2a: Quaquaval|94/100 brn|[from] brn
|upkeep
|turn|5
|c|☆yes yes boys|hell nah
|
|t:|1779640041
|switch|p1a: Macrophylla|Weepinbell, M|100/100
|move|p2a: Quaquaval|Aqua Step|p1a: Macrophylla
|-resisted|p1a: Macrophylla
|-damage|p1a: Macrophylla|95/100
|-boost|p2a: Quaquaval|spe|1
|
|-weather|SunnyDay|[upkeep]
|-damage|p2a: Quaquaval|88/100 brn|[from] brn
|upkeep
|turn|6
|
|t:|1779640047
|move|p2a: Quaquaval|Knock Off|p1a: Macrophylla
|-damage|p1a: Macrophylla|80/100
|-enditem|p1a: Macrophylla|Eviolite|[from] move: Knock Off|[of] p2a: Quaquaval
|move|p1a: Macrophylla|Giga Drain|p2a: Quaquaval
|-supereffective|p2a: Quaquaval
|-damage|p2a: Quaquaval|24/100 brn
|-heal|p1a: Macrophylla|100/100|[from] drain|[of] p2a: Quaquaval
|
|-weather|SunnyDay|[upkeep]
|-damage|p2a: Quaquaval|18/100 brn|[from] brn
|upkeep
|turn|7
|
|t:|1779640057
|move|p2a: Quaquaval|Close Combat|p1a: Macrophylla
|-resisted|p1a: Macrophylla
|-damage|p1a: Macrophylla|78/100
|-unboost|p2a: Quaquaval|def|1
|-unboost|p2a: Quaquaval|spd|1
|move|p1a: Macrophylla|Giga Drain|p2a: Quaquaval
|-supereffective|p2a: Quaquaval
|-damage|p2a: Quaquaval|0 fnt
|-heal|p1a: Macrophylla|86/100|[from] drain|[of] p2a: Quaquaval
|faint|p2a: Quaquaval
|
|-weather|SunnyDay|[upkeep]
|upkeep
|
|t:|1779640063
|switch|p2a: Ceruledge|Ceruledge, M|100/100
|turn|8
|
|t:|1779640082
|move|p1a: Macrophylla|Toxic|p2a: Ceruledge
|-status|p2a: Ceruledge|tox
|move|p2a: Ceruledge|Bitter Blade|p1a: Macrophylla
|-supereffective|p1a: Macrophylla
|-damage|p1a: Macrophylla|0 fnt
|faint|p1a: Macrophylla
|
|-weather|none
|-damage|p2a: Ceruledge|94/100 tox|[from] psn
|upkeep
|
|t:|1779640089
|switch|p1a: Torkoal|Torkoal, F, shiny|2/100
|-weather|SunnyDay|[from] ability: Drought|[of] p1a: Torkoal
|turn|9
|
|t:|1779640095
|move|p2a: Ceruledge|Shadow Sneak|p1a: Torkoal
|-damage|p1a: Torkoal|0 fnt
|faint|p1a: Torkoal
|
|-weather|SunnyDay|[upkeep]
|-damage|p2a: Ceruledge|82/100 tox|[from] psn
|upkeep
|
|t:|1779640102
|switch|p1a: Exeggutor|Exeggutor, M|100/100
|turn|10
|
|t:|1779640107
|-terastallize|p1a: Exeggutor|Dragon
|move|p2a: Ceruledge|Bitter Blade|p1a: Exeggutor
|-resisted|p1a: Exeggutor
|-damage|p1a: Exeggutor|69/100
|-heal|p2a: Ceruledge|100/100 tox|[from] drain|[of] p1a: Exeggutor
|move|p1a: Exeggutor|Psychic Noise|p2a: Ceruledge
|-damage|p2a: Ceruledge|49/100 tox
|-start|p2a: Ceruledge|move: Heal Block
|
|-weather|SunnyDay|[upkeep]
|-damage|p2a: Ceruledge|30/100 tox|[from] psn
|upkeep
|turn|11
|
|t:|1779640115
|move|p2a: Ceruledge|Close Combat|p1a: Exeggutor
|-damage|p1a: Exeggutor|30/100
|-unboost|p2a: Ceruledge|def|1
|-unboost|p2a: Ceruledge|spd|1
|-enditem|p1a: Exeggutor|Sitrus Berry|[eat]
|-heal|p1a: Exeggutor|55/100|[from] item: Sitrus Berry
|move|p1a: Exeggutor|Psychic Noise|p2a: Ceruledge
|-damage|p2a: Ceruledge|0 fnt
|faint|p2a: Ceruledge
|
|-weather|SunnyDay|[upkeep]
|-item|p1a: Exeggutor|Sitrus Berry|[from] ability: Harvest
|upkeep
|
|t:|1779640122
|switch|p2a: Hydrapple|Hydrapple, M|100/100
|turn|12
|
|t:|1779640126
|move|p1a: Exeggutor|Moonlight|p1a: Exeggutor
|-heal|p1a: Exeggutor|100/100
|move|p2a: Hydrapple|Fickle Beam|p1a: Exeggutor
|-supereffective|p1a: Exeggutor
|-damage|p1a: Exeggutor|23/100
|-enditem|p1a: Exeggutor|Sitrus Berry|[eat]
|-heal|p1a: Exeggutor|48/100|[from] item: Sitrus Berry
|
|-weather|SunnyDay|[upkeep]
|-item|p1a: Exeggutor|Sitrus Berry|[from] ability: Harvest
|upkeep
|-enditem|p1a: Exeggutor|Sitrus Berry|[eat]
|-heal|p1a: Exeggutor|73/100|[from] item: Sitrus Berry
|turn|13
|
|t:|1779640134
|switch|p1a: Lowi Trusmadi|Victreebel, M, shiny|100/100
|move|p2a: Hydrapple|Fickle Beam|p1a: Lowi Trusmadi
|-damage|p1a: Lowi Trusmadi|52/100
|
|-weather|SunnyDay|[upkeep]
|upkeep
|turn|14
|
|t:|1779640145
|-terastallize|p2a: Hydrapple|Steel
|move|p1a: Lowi Trusmadi|Growth|p1a: Lowi Trusmadi
|-boost|p1a: Lowi Trusmadi|atk|2
|-boost|p1a: Lowi Trusmadi|spa|2
|move|p2a: Hydrapple|Fickle Beam|p1a: Lowi Trusmadi|[anim] Fickle Beam All Out
|-activate|p2a: Hydrapple|move: Fickle Beam
|-damage|p1a: Lowi Trusmadi|0 fnt
|faint|p1a: Lowi Trusmadi
|
|-weather|SunnyDay|[upkeep]
|upkeep
|
|t:|1779640148
|switch|p1a: Iron Moth|Iron Moth|100/100
|-enditem|p1a: Iron Moth|Booster Energy
|-activate|p1a: Iron Moth|ability: Quark Drive|[fromitem]
|-start|p1a: Iron Moth|quarkdrivespe
|turn|15
|
|t:|1779640153
|move|p1a: Iron Moth|Fiery Dance|p2a: Hydrapple
|-supereffective|p2a: Hydrapple
|-damage|p2a: Hydrapple|0 fnt
|-boost|p1a: Iron Moth|spa|1
|faint|p2a: Hydrapple
|
|-weather|SunnyDay|[upkeep]
|upkeep
|
|t:|1779640157
|switch|p2a: Sandy Shocks|Sandy Shocks|100/100
|-activate|p2a: Sandy Shocks|ability: Protosynthesis
|-start|p2a: Sandy Shocks|protosynthesisspa
|turn|16
|
|t:|1779640179
|move|p1a: Iron Moth|Fiery Dance|p2a: Sandy Shocks
|-damage|p2a: Sandy Shocks|0 fnt
|-boost|p1a: Iron Moth|spa|1
|faint|p2a: Sandy Shocks
|-end|p2a: Sandy Shocks|Protosynthesis|[silent]
|
|-weather|none
|upkeep
|
|t:|1779640182
|switch|p2a: Weavile|Weavile, M|100/100
|turn|17
|
|t:|1779640188
|move|p1a: Iron Moth|Fiery Dance|p2a: Weavile
|-damage|p2a: Weavile|0 fnt
|replace|p2a: Zoroark|Zoroark-Hisui, M
|-end|p2a: Zoroark|Illusion
|faint|p2a: Zoroark
|
|upkeep
|
|t:|1779640191
|switch|p2a: Weavile|Weavile, M|100/100
|-ability|p2a: Weavile|Pressure
|turn|18
|
|t:|1779640193
|move|p1a: Iron Moth|Fiery Dance|p2a: Weavile
|-supereffective|p2a: Weavile
|-damage|p2a: Weavile|0 fnt
|-boost|p1a: Iron Moth|spa|1
|faint|p2a: Weavile
|
|win|TheLump
|raw|TheLump's rating: 1124 &rarr; <strong>1155</strong><br />(+31 for winning)
|raw|yes yes boys's rating: 1203 &rarr; <strong>1172</strong><br />(-31 for losing)
|l|☆TheLump
|player|p1|
|l|☆yes yes boys
|player|p2|
