|j|☆1mN0tD1zzy
|j|☆dtzui
|t:|1779668060
|gametype|singles
|player|p1|1mN0tD1zzy|benga|1188
|player|p2|dtzui|scientist-gen4dp|1133
|gen|9
|tier|[Gen 9] OU
|rated|
|rule|HP Percentage Mod: HP is shown in percentages
|rule|Endless Battle Clause: Forcing endless battles is banned
|rule|Species Clause: Limit one of each Pokémon
|rule|OHKO Clause: OHKO moves are banned
|rule|Evasion Items Clause: Evasion items are banned
|rule|Evasion Moves Clause: Evasion moves are banned
|rule|Evasion Abilities Clause: Evasion abilities are banned
|rule|Sleep Moves Clause: Sleep-inducing moves are banned
|clearpoke
|poke|p1|Feebas, F|
|poke|p1|Luvdisc, F|
|poke|p1|Overqwil, M|
|poke|p1|Barraskewda, F|
|poke|p1|Magikarp, M|
|poke|p1|Minior-Indigo|
|poke|p2|Gengar, F|
|poke|p2|Cloyster, F|
|poke|p2|Rhydon, M|
|poke|p2|Shiftry, M|
|poke|p2|Talonflame, F|
|poke|p2|Zapdos|
|teampreview
|
|t:|1779668075
|teamsize|p1|6
|teamsize|p2|6
|start
|switch|p1a: Luvdisc|Luvdisc, F|100/100
|switch|p2a: Cloyster|Cloyster, F|100/100
|turn|1
|
|t:|1779668080
|move|p1a: Luvdisc|Endeavor|p2a: Cloyster
|-damage|p2a: Cloyster|85/100
|move|p2a: Cloyster|Shell Smash|p2a: Cloyster
|-unboost|p2a: Cloyster|def|1
|-unboost|p2a: Cloyster|spd|1
|-boost|p2a: Cloyster|atk|2
|-boost|p2a: Cloyster|spa|2
|-boost|p2a: Cloyster|spe|2
|-enditem|p2a: Cloyster|White Herb
|-clearnegativeboost|p2a: Cloyster|[silent]
|
|upkeep
|turn|2
|
|t:|1779668092
|move|p2a: Cloyster|Toxic Spikes|p1a: Luvdisc
|-sidestart|p1: 1mN0tD1zzy|move: Toxic Spikes
|move|p1a: Luvdisc|Endeavor|p2a: Cloyster
|-immune|p2a: Cloyster
|
|upkeep
|turn|3
|c|☆1mN0tD1zzy|fast ahh luvdisc
|
|t:|1779668111
|move|p2a: Cloyster|Toxic Spikes|p1a: Luvdisc
|-sidestart|p1: 1mN0tD1zzy|move: Toxic Spikes
|move|p1a: Luvdisc|Endeavor|p2a: Cloyster
|-immune|p2a: Cloyster
|
|upkeep
|turn|4
|
|t:|1779668137
|-terastallize|p2a: Cloyster|Rock
|move|p1a: Luvdisc|Aqua Jet|p2a: Cloyster
|-supereffective|p2a: Cloyster
|-damage|p2a: Cloyster|71/100
|move|p2a: Cloyster|Rock Blast|p1a: Luvdisc
|-damage|p1a: Luvdisc|46/100
|-damage|p1a: Luvdisc|0 fnt
|faint|p1a: Luvdisc
|-hitcount|p1: Luvdisc|2
|
|upkeep
|
|t:|1779668143
|switch|p1a: Overqwil|Overqwil, M|100/100
|-sideend|p1: 1mN0tD1zzy|move: Toxic Spikes|[of] p1a: Overqwil
|turn|5
|
|t:|1779668163
|move|p2a: Cloyster|Rock Blast|p1a: Overqwil|[miss]
|-miss|p2a: Cloyster|p1a: Overqwil
|move|p1a: Overqwil|Rain Dance|p1a: Overqwil
|-weather|RainDance
|
|-weather|RainDance|[upkeep]
|upkeep
|turn|6
|
|t:|1779668173
|move|p1a: Overqwil|Liquidation|p2a: Cloyster
|-supereffective|p2a: Cloyster
|-damage|p2a: Cloyster|0 fnt
|faint|p2a: Cloyster
|
|-weather|RainDance|[upkeep]
|upkeep
|
|t:|1779668186
|switch|p2a: Gengar|Gengar, F|100/100
|-item|p2a: Gengar|Air Balloon
|turn|7
|
|t:|1779668196
|move|p1a: Overqwil|Toxic Spikes|p2a: Gengar
|-sidestart|p2: dtzui|move: Toxic Spikes
|move|p2a: Gengar|Will-O-Wisp|p1a: Overqwil|[miss]
|-miss|p2a: Gengar|p1a: Overqwil
|
|-weather|RainDance|[upkeep]
|upkeep
|turn|8
|
|t:|1779668202
|move|p1a: Overqwil|Toxic Spikes|p2a: Gengar
|-sidestart|p2: dtzui|move: Toxic Spikes
|move|p2a: Gengar|Psychic|p1a: Overqwil
|-immune|p1a: Overqwil
|
|-weather|RainDance|[upkeep]
|upkeep
|turn|9
|-message|dtzui forfeited.
|
|win|1mN0tD1zzy
|raw|1mN0tD1zzy's rating: 1188 &rarr; <strong>1209</strong><br />(+21 for winning)
|raw|dtzui's rating: 1133 &rarr; <strong>1112</strong><br />(-21 for losing)
|l|☆dtzui
|player|p2|
|l|☆1mN0tD1zzy
|player|p1|
