|j|☆SgtSlapnuts
|j|☆grav3n
|t:|1779639444
|gametype|singles
|player|p1|SgtSlapnuts|ingo|1176
|player|p2|grav3n|peony|1163
|gen|9
|tier|[Gen 9] OU
|rated|
|rule|HP Percentage Mod: HP is shown in percentages
|rule|Endless Battle Clause: Forcing endless battles is banned
|rule|Species Clause: Limit one of each Pokémon
|rule|OHKO Clause: OHKO moves are banned
|rule|Evasion Items Clause: Evasion items are banned
|rule|Evasion Moves Clause: Evasion moves are banned
|rule|Evasion Abilities Clause: Evasion abilities are banned
|rule|Sleep Moves Clause: Sleep-inducing moves are banned
|clearpoke
|poke|p1|Regigigas|
|poke|p1|Regice|
|poke|p1|Regidrago|
|poke|p1|Regirock|
|poke|p1|Regieleki|
|poke|p1|Registeel|
|poke|p2|Tyranitar, M|
|poke|p2|Excadrill, F|
|poke|p2|Ogerpon-Cornerstone, F|
|poke|p2|Tornadus-Therian, M|
|poke|p2|Toxapex, M|
|poke|p2|Iron Valiant|
|teampreview
|c|☆grav3n|big up gigas
|c|☆SgtSlapnuts|Yall regi for this
|
|t:|1779639483
|teamsize|p1|6
|teamsize|p2|6
|start
|switch|p1a: Registeel|Registeel|100/100
|switch|p2a: Tyranitar|Tyranitar, M|100/100
|-weather|Sandstorm|[from] ability: Sand Stream|[of] p2a: Tyranitar
|turn|1
|c|☆grav3n|whos your fave regi
|
|t:|1779639490
|move|p2a: Tyranitar|Stealth Rock|p1a: Registeel
|-sidestart|p1: SgtSlapnuts|move: Stealth Rock
|move|p1a: Registeel|Body Press|p2a: Tyranitar
|-supereffective|p2a: Tyranitar
|-damage|p2a: Tyranitar|15/100
|
|-weather|Sandstorm|[upkeep]
|upkeep
|turn|2
|c|☆SgtSlapnuts|Gigas of course
|
|t:|1779639515
|switch|p2a: Toxapex|Toxapex, M|100/100
|move|p1a: Registeel|Stealth Rock|p2a: Toxapex
|-sidestart|p2: grav3n|move: Stealth Rock
|
|-weather|Sandstorm|[upkeep]
|-damage|p2a: Toxapex|95/100|[from] Sandstorm
|upkeep
|turn|3
|
|t:|1779639531
|move|p1a: Registeel|Thunder Wave|p2a: Toxapex
|-status|p2a: Toxapex|par
|cant|p2a: Toxapex|par
|
|-weather|Sandstorm|[upkeep]
|-damage|p2a: Toxapex|89/100 par|[from] Sandstorm
|upkeep
|turn|4
|
|t:|1779639538
|move|p1a: Registeel|Body Press|p2a: Toxapex
|-resisted|p2a: Toxapex
|-damage|p2a: Toxapex|78/100 par
|-enditem|p2a: Toxapex|Eject Button
|
|t:|1779639543
|switch|p2a: Excadrill|Excadrill, F|100/100
|-damage|p2a: Excadrill|97/100|[from] Stealth Rock
|
|-weather|Sandstorm|[upkeep]
|-heal|p2a: Excadrill|100/100|[from] item: Leftovers
|upkeep
|turn|5
|c|☆SgtSlapnuts|Whos yours
|
|t:|1779639557
|move|p2a: Excadrill|Rapid Spin|p1a: Registeel
|-resisted|p1a: Registeel
|-damage|p1a: Registeel|95/100
|-boost|p2a: Excadrill|spe|1
|-sideend|p2: grav3n|Stealth Rock|[from] move: Rapid Spin|[of] p2a: Excadrill
|move|p1a: Registeel|Body Press|p2a: Excadrill
|-supereffective|p2a: Excadrill
|-damage|p2a: Excadrill|20/100
|
|-weather|Sandstorm|[upkeep]
|-heal|p2a: Excadrill|26/100|[from] item: Leftovers
|-heal|p1a: Registeel|100/100|[from] item: Leftovers
|upkeep
|turn|6
|
|t:|1779639577
|-terastallize|p2a: Excadrill|Ground
|move|p2a: Excadrill|Earthquake|p1a: Registeel
|-supereffective|p1a: Registeel
|-damage|p1a: Registeel|14/100
|move|p1a: Registeel|Body Press|p2a: Excadrill
|-damage|p2a: Excadrill|0 fnt
|faint|p2a: Excadrill
|
|-weather|Sandstorm|[upkeep]
|-heal|p1a: Registeel|20/100|[from] item: Leftovers
|upkeep
|c|☆grav3n|gigas
|
|t:|1779639585
|switch|p2a: Tornadus|Tornadus-Therian, M|100/100
|turn|7
|
|t:|1779639589
|move|p2a: Tornadus|Heat Wave|p1a: Registeel
|-supereffective|p1a: Registeel
|-damage|p1a: Registeel|0 fnt
|faint|p1a: Registeel
|
|-weather|Sandstorm|[upkeep]
|-damage|p2a: Tornadus|94/100|[from] Sandstorm
|upkeep
|
|t:|1779639602
|switch|p1a: Regieleki|Regieleki|100/100
|turn|8
|
|t:|1779639609
|switch|p2a: Toxapex|Toxapex, M|100/100 par
|move|p1a: Regieleki|Volt Switch|p2a: Toxapex
|-supereffective|p2a: Toxapex
|-damage|p2a: Toxapex|52/100 par
|
|t:|1779639623
|switch|p1a: Regidrago|Regidrago|100/100|[from] Volt Switch
|-damage|p1a: Regidrago|88/100|[from] Stealth Rock
|
|-weather|none
|upkeep
|turn|9
|
|t:|1779639638
|move|p1a: Regidrago|Earth Power|p2a: Toxapex
|-supereffective|p2a: Toxapex
|-damage|p2a: Toxapex|17/100 par
|move|p2a: Toxapex|Toxic Spikes|p1a: Regidrago
|-sidestart|p1: SgtSlapnuts|move: Toxic Spikes
|
|upkeep
|turn|10
|c|☆SgtSlapnuts|A man of culture i see
|
|t:|1779639655
|move|p1a: Regidrago|Earth Power|p2a: Toxapex
|-supereffective|p2a: Toxapex
|-damage|p2a: Toxapex|0 fnt
|faint|p2a: Toxapex
|
|upkeep
|c|☆grav3n|then probably rock
|
|t:|1779639666
|switch|p2a: Iron Valiant|Iron Valiant|100/100
|turn|11
|
|t:|1779639672
|switch|p1a: Regirock|Regirock|100/100
|-damage|p1a: Regirock|88/100|[from] Stealth Rock
|-status|p1a: Regirock|psn
|move|p2a: Iron Valiant|Moonblast|p1a: Regirock
|-damage|p1a: Regirock|39/100 psn
|-damage|p2a: Iron Valiant|91/100|[from] item: Life Orb
|
|-damage|p1a: Regirock|27/100 psn|[from] psn
|upkeep
|turn|12
|
|t:|1779639683
|move|p2a: Iron Valiant|Moonblast|p1a: Regirock
|-damage|p1a: Regirock|0 fnt
|faint|p1a: Regirock
|-damage|p2a: Iron Valiant|81/100|[from] item: Life Orb
|
|upkeep
|
|t:|1779639687
|switch|p1a: Regieleki|Regieleki|100/100
|turn|13
|
|t:|1779639692
|-end|p2a: Iron Valiant|Quark Drive|[silent]
|switch|p2a: Tyranitar|Tyranitar, M|15/100
|-weather|Sandstorm|[from] ability: Sand Stream|[of] p2a: Tyranitar
|move|p1a: Regieleki|Thunderbolt|p2a: Tyranitar
|-damage|p2a: Tyranitar|0 fnt
|faint|p2a: Tyranitar
|
|-weather|Sandstorm|[upkeep]
|-damage|p1a: Regieleki|95/100|[from] Sandstorm
|upkeep
|
|t:|1779639696
|switch|p2a: Ogerpon|Ogerpon-Cornerstone, F|100/100
|turn|14
|
|t:|1779639704
|move|p1a: Regieleki|Rapid Spin|p2a: Ogerpon
|-resisted|p2a: Ogerpon
|-damage|p2a: Ogerpon|94/100
|-boost|p1a: Regieleki|spe|1
|-sideend|p1: SgtSlapnuts|Toxic Spikes|[from] move: Rapid Spin|[of] p1a: Regieleki
|-sideend|p1: SgtSlapnuts|Stealth Rock|[from] move: Rapid Spin|[of] p1a: Regieleki
|move|p2a: Ogerpon|Swords Dance|p2a: Ogerpon
|-boost|p2a: Ogerpon|atk|2
|
|-weather|Sandstorm|[upkeep]
|-damage|p1a: Regieleki|89/100|[from] Sandstorm
|upkeep
|turn|15
|
|t:|1779639714
|-terastallize|p1a: Regieleki|Electric
|move|p1a: Regieleki|Thunderbolt|p2a: Ogerpon
|-resisted|p2a: Ogerpon
|-damage|p2a: Ogerpon|67/100
|move|p2a: Ogerpon|Horn Leech|p1a: Regieleki
|-damage|p1a: Regieleki|0 fnt
|-heal|p2a: Ogerpon|100/100|[from] drain|[of] p1a: Regieleki
|faint|p1a: Regieleki
|
|-weather|Sandstorm|[upkeep]
|upkeep
|
|t:|1779639722
|switch|p1a: Regidrago|Regidrago|88/100
|turn|16
|
|t:|1779639726
|move|p1a: Regidrago|Dragon Energy|p2a: Ogerpon
|-damage|p2a: Ogerpon|29/100
|move|p2a: Ogerpon|Ivy Cudgel|p1a: Regidrago|[anim] Ivy Cudgel Rock
|-damage|p1a: Regidrago|0 fnt
|faint|p1a: Regidrago
|
|-weather|Sandstorm|[upkeep]
|upkeep
|
|t:|1779639730
|switch|p1a: Regigigas|Regigigas|100/100
|-start|p1a: Regigigas|ability: Slow Start
|turn|17
|
|t:|1779639737
|move|p2a: Ogerpon|Horn Leech|p1a: Regigigas
|-damage|p1a: Regigigas|39/100
|-heal|p2a: Ogerpon|72/100|[from] drain|[of] p1a: Regigigas
|move|p1a: Regigigas|Drain Punch|p2a: Ogerpon
|-supereffective|p2a: Ogerpon
|-damage|p2a: Ogerpon|30/100
|-heal|p1a: Regigigas|54/100|[from] drain|[of] p2a: Ogerpon
|
|-weather|Sandstorm|[upkeep]
|-damage|p1a: Regigigas|48/100|[from] Sandstorm
|-heal|p1a: Regigigas|54/100|[from] item: Leftovers
|upkeep
|turn|18
|
|t:|1779639748
|move|p2a: Ogerpon|Horn Leech|p1a: Regigigas
|-damage|p1a: Regigigas|0 fnt
|-heal|p2a: Ogerpon|67/100|[from] drain|[of] p1a: Regigigas
|faint|p1a: Regigigas
|-end|p1a: Regigigas|Slow Start|[silent]
|
|-weather|Sandstorm|[upkeep]
|upkeep
|
|t:|1779639751
|switch|p1a: Regice|Regice|100/100
|turn|19
|c|☆SgtSlapnuts|No my boy
|c|☆SgtSlapnuts|Im cooked
|
|t:|1779639777
|move|p2a: Ogerpon|Ivy Cudgel|p1a: Regice|[anim] Ivy Cudgel Rock
|-supereffective|p1a: Regice
|-damage|p1a: Regice|0 fnt
|faint|p1a: Regice
|
|win|grav3n
|raw|SgtSlapnuts's rating: 1176 &rarr; <strong>1150</strong><br />(-26 for losing)
|raw|grav3n's rating: 1163 &rarr; <strong>1189</strong><br />(+26 for winning)
|c|☆grav3n|gg
|c|☆SgtSlapnuts|Gg
|l|☆SgtSlapnuts
|player|p1|
|l|☆grav3n
|player|p2|
