|j|☆chiliguilijr
|j|☆duskr4y
|t:|1779576574
|gametype|singles
|player|p1|chiliguilijr|striker|1149
|player|p2|duskr4y|shadowtriad|1181
|gen|9
|tier|[Gen 9] OU
|rated|
|rule|HP Percentage Mod: HP is shown in percentages
|rule|Endless Battle Clause: Forcing endless battles is banned
|rule|Species Clause: Limit one of each Pokémon
|rule|OHKO Clause: OHKO moves are banned
|rule|Evasion Items Clause: Evasion items are banned
|rule|Evasion Moves Clause: Evasion moves are banned
|rule|Evasion Abilities Clause: Evasion abilities are banned
|rule|Sleep Moves Clause: Sleep-inducing moves are banned
|clearpoke
|poke|p1|Raichu, M|
|poke|p1|Meowscarada, M|
|poke|p1|Clodsire, F|
|poke|p1|Floatzel, M|
|poke|p1|Skeledirge, M|
|poke|p1|Sylveon, M|
|poke|p2|Lokix, F|
|poke|p2|Azumarill, F|
|poke|p2|Zoroark-Hisui, F|
|poke|p2|Iron Hands|
|poke|p2|Noivern, F|
|poke|p2|Armarouge, F|
|teampreview
|
|t:|1779576601
|teamsize|p1|6
|teamsize|p2|6
|start
|switch|p1a: Clodsire|Clodsire, F|100/100
|switch|p2a: 01|Lokix, F, shiny|100/100
|turn|1
|
|t:|1779576617
|move|p2a: 01|First Impression|p1a: Clodsire
|-resisted|p1a: Clodsire
|-damage|p1a: Clodsire|43/100
|-damage|p2a: 01|91/100|[from] item: Life Orb
|move|p1a: Clodsire|Rain Dance|p1a: Clodsire
|-weather|RainDance
|
|-weather|RainDance|[upkeep]
|upkeep
|turn|2
|
|t:|1779576629
|switch|p1a: Skeledirge|Skeledirge, M|100/100
|move|p2a: 01|Knock Off|p1a: Skeledirge
|-supereffective|p1a: Skeledirge
|-damage|p1a: Skeledirge|22/100
|-enditem|p1a: Skeledirge|Charcoal|[from] move: Knock Off|[of] p2a: 01
|-damage|p2a: 01|81/100|[from] item: Life Orb
|
|-weather|RainDance|[upkeep]
|upkeep
|turn|3
|
|t:|1779576647
|switch|p1a: Floatzel|Floatzel, M|100/100
|move|p2a: 01|Sucker Punch||[still]
|-fail|p2a: 01
|
|-weather|RainDance|[upkeep]
|upkeep
|turn|4
|inactive|Battle timer is ON: inactive players will automatically lose when time's up. (requested by duskr4y)
|
|t:|1779576687
|move|p1a: Floatzel|Ice Spinner|p2a: 01
|-damage|p2a: 01|44/100
|move|p2a: 01|Knock Off|p1a: Floatzel
|-damage|p1a: Floatzel|1/100
|-enditem|p1a: Floatzel|Mystic Water|[from] move: Knock Off|[of] p2a: 01
|-damage|p2a: 01|34/100|[from] item: Life Orb
|
|-weather|RainDance|[upkeep]
|upkeep
|turn|5
|
|t:|1779576696
|move|p2a: 01|Sucker Punch|p1a: Floatzel
|-damage|p1a: Floatzel|0 fnt
|faint|p1a: Floatzel
|-damage|p2a: 01|24/100|[from] item: Life Orb
|
|-weather|RainDance|[upkeep]
|upkeep
|
|t:|1779576704
|switch|p1a: Raichu|Raichu, M|100/100
|turn|6
|
|t:|1779576710
|move|p1a: Raichu|Fake Out|p2a: 01
|-damage|p2a: 01|2/100
|-damage|p1a: Raichu|91/100|[from] item: Life Orb
|cant|p2a: 01|flinch
|
|-weather|RainDance|[upkeep]
|upkeep
|turn|7
|
|t:|1779576718
|move|p2a: 01|Sucker Punch|p1a: Raichu
|-damage|p1a: Raichu|5/100
|-damage|p2a: 01|0 fnt|[from] item: Life Orb
|faint|p2a: 01
|move|p1a: Raichu|Nuzzle|p2: 01|[notarget]
|-fail|p1a: Raichu
|
|-weather|RainDance|[upkeep]
|upkeep
|
|t:|1779576724
|switch|p2a: TheBee|Iron Hands|100/100
|-enditem|p2a: TheBee|Booster Energy
|-activate|p2a: TheBee|ability: Quark Drive|[fromitem]
|-start|p2a: TheBee|quarkdriveatk
|turn|8
|
|t:|1779576734
|move|p1a: Raichu|Fake Out||[still]
|-hint|Fake Out only works on your first turn out.
|-fail|p1a: Raichu
|move|p2a: TheBee|Fake Out|p1a: Raichu
|-damage|p1a: Raichu|0 fnt
|faint|p1a: Raichu
|
|-weather|none
|upkeep
|
|t:|1779576744
|switch|p1a: Clodsire|Clodsire, F|43/100
|turn|9
|
|t:|1779576755
|move|p2a: TheBee|Earthquake|p1a: Clodsire
|-supereffective|p1a: Clodsire
|-damage|p1a: Clodsire|0 fnt
|faint|p1a: Clodsire
|
|upkeep
|
|t:|1779576761
|switch|p1a: Meowscarada|Meowscarada, M|100/100
|turn|10
|
|t:|1779576775
|move|p1a: Meowscarada|Flower Trick|p2a: TheBee
|-start|p1a: Meowscarada|typechange|Grass|[from] ability: Protean
|-crit|p2a: TheBee
|-damage|p2a: TheBee|69/100
|move|p2a: TheBee|Close Combat|p1a: Meowscarada
|-damage|p1a: Meowscarada|0 fnt
|-unboost|p2a: TheBee|def|1
|-unboost|p2a: TheBee|spd|1
|faint|p1a: Meowscarada
|
|upkeep
|
|t:|1779576788
|switch|p1a: Sylveon|Sylveon, M, shiny|100/100
|turn|11
|
|t:|1779576801
|move|p1a: Sylveon|Hyper Voice|p2a: TheBee
|-supereffective|p2a: TheBee
|-damage|p2a: TheBee|0 fnt
|faint|p2a: TheBee
|-end|p2a: TheBee|Quark Drive|[silent]
|
|upkeep
|
|t:|1779576822
|switch|p2a: Wizard|Armarouge, F|100/100
|turn|12
|
|t:|1779576829
|switch|p1a: Skeledirge|Skeledirge, M|22/100
|-terastallize|p2a: Wizard|Poison
|move|p2a: Wizard|Sludge Bomb|p1a: Skeledirge
|-resisted|p1a: Skeledirge
|-damage|p1a: Skeledirge|0 fnt
|faint|p1a: Skeledirge
|
|upkeep
|
|t:|1779576836
|switch|p1a: Sylveon|Sylveon, M, shiny|100/100
|turn|13
|
|t:|1779576846
|-terastallize|p1a: Sylveon|Fire
|move|p2a: Wizard|Sludge Bomb|p1a: Sylveon
|-damage|p1a: Sylveon|49/100
|move|p1a: Sylveon|Psyshock|p2a: Wizard
|-supereffective|p2a: Wizard
|-damage|p2a: Wizard|0 fnt
|replace|p2a: Decade|Zoroark-Hisui, F
|-end|p2a: Decade|Illusion
|faint|p2a: Decade
|
|upkeep
|
|t:|1779576855
|switch|p2a: Build|Azumarill, F|100/100
|turn|14
|
|t:|1779576861
|move|p1a: Sylveon|Psyshock|p2a: Build
|-damage|p2a: Build|59/100
|move|p2a: Build|Belly Drum|p2a: Build
|-damage|p2a: Build|9/100
|-setboost|p2a: Build|atk|6|[from] move: Belly Drum
|-enditem|p2a: Build|Sitrus Berry|[eat]
|-heal|p2a: Build|34/100|[from] item: Sitrus Berry
|
|upkeep
|turn|15
|
|t:|1779576876
|move|p2a: Build|Aqua Jet|p1a: Sylveon
|-supereffective|p1a: Sylveon
|-damage|p1a: Sylveon|0 fnt
|faint|p1a: Sylveon
|
|win|duskr4y
|raw|chiliguilijr's rating: 1149 &rarr; <strong>1126</strong><br />(-23 for losing)
|raw|duskr4y's rating: 1181 &rarr; <strong>1204</strong><br />(+23 for winning)
|l|☆duskr4y
|player|p2|
|c|☆chiliguilijr|gg
|l|☆chiliguilijr
|player|p1|
