|j|☆KalosToHighElo
|j|☆diegotrivium
|t:|1779699044
|gametype|singles
|player|p1|KalosToHighElo|preschooler|1143
|player|p2|diegotrivium|102|1130
|gen|9
|tier|[Gen 9] OU
|rated|
|rule|HP Percentage Mod: HP is shown in percentages
|rule|Endless Battle Clause: Forcing endless battles is banned
|rule|Species Clause: Limit one of each Pokémon
|rule|OHKO Clause: OHKO moves are banned
|rule|Evasion Items Clause: Evasion items are banned
|rule|Evasion Moves Clause: Evasion moves are banned
|rule|Evasion Abilities Clause: Evasion abilities are banned
|rule|Sleep Moves Clause: Sleep-inducing moves are banned
|clearpoke
|poke|p1|Hawlucha, M|
|poke|p1|Noivern, M|
|poke|p1|Klefki, F|
|poke|p1|Goodra, F|
|poke|p1|Chesnaught, M|
|poke|p1|Florges-Orange, F|
|poke|p2|Conkeldurr, F|
|poke|p2|Serperior, F|
|poke|p2|Rotom-Wash|
|poke|p2|Incineroar, M|
|poke|p2|Cloyster, M|
|poke|p2|Weezing-Galar, F|
|teampreview
|
|t:|1779699075
|teamsize|p1|6
|teamsize|p2|6
|start
|switch|p1a: Cha-ching|Klefki, F|100/100
|switch|p2a: Serperior|Serperior, F|100/100
|turn|1
|c|☆KalosToHighElo|yara yara phonk
|
|t:|1779699088
|move|p1a: Cha-ching|Thunder Wave|p2a: Serperior
|-status|p2a: Serperior|par
|move|p2a: Serperior|Taunt|p1a: Cha-ching
|-start|p1a: Cha-ching|move: Taunt
|
|upkeep
|turn|2
|
|t:|1779699104
|switch|p1a: THE GOAT!|Noivern, M|100/100
|-item|p2a: Serperior|Life Orb|[from] ability: Frisk|[of] p1a: THE GOAT!
|move|p2a: Serperior|Leaf Storm|p1a: THE GOAT!
|-resisted|p1a: THE GOAT!
|-damage|p1a: THE GOAT!|78/100
|-boost|p2a: Serperior|spa|2
|-damage|p2a: Serperior|91/100 par|[from] item: Life Orb
|
|upkeep
|turn|3
|l|☆diegotrivium
|player|p2|
|j|☆diegotrivium
|player|p2|diegotrivium|102|
|
|t:|1779699135
|switch|p2a: Rotom|Rotom-Wash|100/100
|move|p1a: THE GOAT!|Flamethrower|p2a: Rotom
|-resisted|p2a: Rotom
|-damage|p2a: Rotom|81/100
|
|-heal|p2a: Rotom|87/100|[from] item: Leftovers
|upkeep
|turn|4
|
|t:|1779699148
|switch|p1a: His girl|Florges-Orange, F, shiny|100/100
|move|p2a: Rotom|Shadow Ball|p1a: His girl
|-damage|p1a: His girl|86/100
|
|-heal|p2a: Rotom|93/100|[from] item: Leftovers
|-heal|p1a: His girl|92/100|[from] item: Leftovers
|upkeep
|turn|5
|
|t:|1779699160
|move|p2a: Rotom|Volt Switch|p1a: His girl
|-damage|p1a: His girl|72/100
|
|t:|1779699164
|switch|p2a: Incineroar|Incineroar, M|100/100|[from] Volt Switch
|-ability|p2a: Incineroar|Intimidate|boost
|-unboost|p1a: His girl|atk|1
|move|p1a: His girl|Calm Mind|p1a: His girl
|-boost|p1a: His girl|spa|1
|-boost|p1a: His girl|spd|1
|
|-heal|p1a: His girl|78/100|[from] item: Leftovers
|upkeep
|turn|6
|
|t:|1779699177
|move|p2a: Incineroar|Flare Blitz|p1a: His girl
|-damage|p1a: His girl|19/100
|-status|p1a: His girl|brn
|-damage|p2a: Incineroar|83/100|[from] Recoil
|move|p1a: His girl|Moonblast|p2a: Incineroar
|-damage|p2a: Incineroar|29/100
|
|-heal|p1a: His girl|25/100 brn|[from] item: Leftovers
|-damage|p1a: His girl|19/100 brn|[from] brn
|upkeep
|turn|7
|
|t:|1779699194
|switch|p1a: El Luchador|Hawlucha, M, shiny|100/100
|move|p2a: Incineroar|Earthquake|p1a: El Luchador
|-immune|p1a: El Luchador
|
|upkeep
|turn|8
|
|t:|1779699204
|switch|p2a: Weezing|Weezing-Galar, F|100/100
|-ability|p2a: Weezing|Neutralizing Gas
|move|p1a: El Luchador|Swords Dance|p1a: El Luchador
|-boost|p1a: El Luchador|atk|2
|
|upkeep
|turn|9
|
|t:|1779699227
|switch|p1a: Cha-ching|Klefki, F|100/100
|move|p2a: Weezing|Clear Smog|p1a: Cha-ching
|-immune|p1a: Cha-ching
|
|upkeep
|turn|10
|
|t:|1779699238
|move|p1a: Cha-ching|Spikes|p2a: Weezing
|-sidestart|p2: diegotrivium|Spikes
|move|p2a: Weezing|Strange Steam|p1a: Cha-ching
|-resisted|p1a: Cha-ching
|-damage|p1a: Cha-ching|87/100
|
|-heal|p1a: Cha-ching|93/100|[from] item: Leftovers
|upkeep
|turn|11
|
|t:|1779699247
|move|p1a: Cha-ching|Spikes|p2a: Weezing
|-sidestart|p2: diegotrivium|Spikes
|move|p2a: Weezing|Strange Steam|p1a: Cha-ching
|-resisted|p1a: Cha-ching
|-damage|p1a: Cha-ching|79/100
|
|-heal|p1a: Cha-ching|85/100|[from] item: Leftovers
|upkeep
|turn|12
|
|t:|1779699254
|move|p1a: Cha-ching|Spikes|p2a: Weezing
|-sidestart|p2: diegotrivium|Spikes
|move|p2a: Weezing|Strange Steam|p1a: Cha-ching
|-resisted|p1a: Cha-ching
|-damage|p1a: Cha-ching|71/100
|-start|p1a: Cha-ching|confusion
|
|-heal|p1a: Cha-ching|77/100|[from] item: Leftovers
|upkeep
|turn|13
|
|t:|1779699265
|-activate|p1a: Cha-ching|confusion
|move|p1a: Cha-ching|Thunder Wave|p2a: Weezing
|-status|p2a: Weezing|par
|move|p2a: Weezing|Strange Steam|p1a: Cha-ching
|-resisted|p1a: Cha-ching
|-damage|p1a: Cha-ching|64/100
|
|-heal|p1a: Cha-ching|70/100|[from] item: Leftovers
|upkeep
|turn|14
|
|t:|1779699280
|switch|p1a: His girl|Florges-Orange, F, shiny|19/100 brn
|-end|p2a: Weezing|ability: Neutralizing Gas
|switch|p2a: Rotom|Rotom-Wash|93/100
|
|-heal|p2a: Rotom|99/100|[from] item: Leftovers
|-heal|p1a: His girl|25/100 brn|[from] item: Leftovers
|-damage|p1a: His girl|19/100 brn|[from] brn
|upkeep
|turn|15
|
|t:|1779699298
|switch|p1a: My MAN|Chesnaught, M|100/100
|move|p2a: Rotom|Shadow Ball|p1a: My MAN
|-immune|p1a: My MAN|[from] ability: Bulletproof
|
|-heal|p2a: Rotom|100/100|[from] item: Leftovers
|upkeep
|turn|16
|l|☆diegotrivium
|player|p2|
|j|☆diegotrivium
|player|p2|diegotrivium|102|
|
|t:|1779699330
|move|p2a: Rotom|Volt Switch|p1a: My MAN
|-resisted|p1a: My MAN
|-damage|p1a: My MAN|82/100
|
|t:|1779699336
|switch|p2a: Weezing|Weezing-Galar, F|100/100 par|[from] Volt Switch
|-ability|p2a: Weezing|Neutralizing Gas
|-damage|p2a: Weezing|76/100 par|[from] Spikes
|move|p1a: My MAN|Knock Off|p2a: Weezing
|-resisted|p2a: Weezing
|-damage|p2a: Weezing|64/100 par
|-enditem|p2a: Weezing|Black Sludge|[from] move: Knock Off|[of] p1a: My MAN
|
|upkeep
|turn|17
|
|t:|1779699354
|-terastallize|p1a: My MAN|Electric
|move|p1a: My MAN|Leech Seed|p2a: Weezing|[miss]
|-miss|p1a: My MAN|p2a: Weezing
|cant|p2a: Weezing|par
|
|upkeep
|turn|18
|c|☆KalosToHighElo|dawg
|
|t:|1779699365
|move|p1a: My MAN|Leech Seed|p2a: Weezing
|-start|p2a: Weezing|move: Leech Seed
|cant|p2a: Weezing|par
|
|-damage|p2a: Weezing|52/100 par|[from] Leech Seed|[of] p1a: My MAN
|-heal|p1a: My MAN|91/100|[silent]
|upkeep
|turn|19
|
|t:|1779699389
|-end|p2a: Weezing|ability: Neutralizing Gas
|switch|p2a: Cloyster|Cloyster, M|100/100
|-damage|p2a: Cloyster|76/100|[from] Spikes
|move|p1a: My MAN|Seed Bomb|p2a: Cloyster
|-supereffective|p2a: Cloyster
|-damage|p2a: Cloyster|22/100
|
|upkeep
|turn|20
|
|t:|1779699422
|move|p2a: Cloyster|Icicle Spear|p1a: My MAN
|-damage|p1a: My MAN|83/100
|-damage|p1a: My MAN|76/100
|-damage|p1a: My MAN|68/100
|-damage|p1a: My MAN|62/100
|-damage|p1a: My MAN|55/100
|-hitcount|p1a: My MAN|5
|move|p1a: My MAN|Drain Punch|p2a: Cloyster
|-supereffective|p2a: Cloyster
|-damage|p2a: Cloyster|0 fnt
|-heal|p1a: My MAN|62/100|[from] drain|[of] p2a: Cloyster
|faint|p2a: Cloyster
|
|upkeep
|
|t:|1779699445
|switch|p2a: Serperior|Serperior, F|91/100 par
|-damage|p2a: Serperior|66/100 par|[from] Spikes
|turn|21
|
|t:|1779699453
|move|p1a: My MAN|Drain Punch|p2a: Serperior
|-damage|p2a: Serperior|31/100 par
|-heal|p1a: My MAN|76/100|[from] drain|[of] p2a: Serperior
|cant|p2a: Serperior|par
|
|upkeep
|turn|22
|-message|diegotrivium forfeited.
|
|win|KalosToHighElo
|raw|KalosToHighElo's rating: 1143 &rarr; <strong>1167</strong><br />(+24 for winning)
|raw|diegotrivium's rating: 1130 &rarr; <strong>1106</strong><br />(-24 for losing)
|l|☆diegotrivium
|player|p2|
|l|☆KalosToHighElo
|player|p1|
