|j|☆aku siapa v
|j|☆GrandSagePatate
|t:|1779718782
|gametype|singles
|player|p1|aku siapa v|170|1142
|player|p2|GrandSagePatate|twins-gen4dp|1228
|gen|9
|tier|[Gen 9] OU
|rated|
|rule|HP Percentage Mod: HP is shown in percentages
|rule|Endless Battle Clause: Forcing endless battles is banned
|rule|Species Clause: Limit one of each Pokémon
|rule|OHKO Clause: OHKO moves are banned
|rule|Evasion Items Clause: Evasion items are banned
|rule|Evasion Moves Clause: Evasion moves are banned
|rule|Evasion Abilities Clause: Evasion abilities are banned
|rule|Sleep Moves Clause: Sleep-inducing moves are banned
|clearpoke
|poke|p1|Garganacl, M|
|poke|p1|Chansey, F|
|poke|p1|Espeon, M|
|poke|p1|Quaquaval, M|
|poke|p1|Landorus-Therian, M|
|poke|p1|Tyranitar, M|
|poke|p2|Kingambit, M|
|poke|p2|Corviknight, F|
|poke|p2|Darkrai|
|poke|p2|Landorus-Therian, M|
|poke|p2|Cottonee, L1, F|
|poke|p2|Jirachi|
|teampreview
|
|t:|1779718793
|teamsize|p1|6
|teamsize|p2|6
|start
|switch|p1a: Landorus|Landorus-Therian, M|100/100
|switch|p2a: Landorus|Landorus-Therian, M, shiny|100/100
|-ability|p2a: Landorus|Intimidate|boost
|-unboost|p1a: Landorus|atk|1
|-ability|p1a: Landorus|Intimidate|boost
|-unboost|p2a: Landorus|atk|1
|turn|1
|
|t:|1779718800
|move|p2a: Landorus|U-turn|p1a: Landorus
|-resisted|p1a: Landorus
|-crit|p1a: Landorus
|-damage|p1a: Landorus|75/100
|
|t:|1779718803
|switch|p2a: Corviknight|Corviknight, F, shiny|100/100|[from] U-turn
|move|p1a: Landorus|U-turn|p2a: Corviknight
|-resisted|p2a: Corviknight
|-damage|p2a: Corviknight|97/100
|-damage|p1a: Landorus|59/100|[from] item: Rocky Helmet|[of] p2a: Corviknight
|
|t:|1779718812
|switch|p1a: Garganacl|Garganacl, M|100/100|[from] U-turn
|
|upkeep
|turn|2
|
|t:|1779718838
|move|p2a: Corviknight|Reflect|p2a: Corviknight
|-sidestart|p2: GrandSagePatate|Reflect
|move|p1a: Garganacl|Salt Cure|p2a: Corviknight
|-damage|p2a: Corviknight|92/100
|-start|p2a: Corviknight|Salt Cure
|
|-damage|p2a: Corviknight|67/100|[from] Salt Cure
|upkeep
|turn|3
|
|t:|1779718842
|move|p2a: Corviknight|U-turn|p1a: Garganacl
|-damage|p1a: Garganacl|93/100
|-damage|p2a: Corviknight|50/100|[from] item: Rocky Helmet|[of] p1a: Garganacl
|
|t:|1779718850
|switch|p2a: Landorus|Landorus-Therian, M, shiny|100/100|[from] U-turn
|-ability|p2a: Landorus|Intimidate|boost
|-unboost|p1a: Garganacl|atk|1
|move|p1a: Garganacl|Stealth Rock|p2a: Landorus
|-sidestart|p2: GrandSagePatate|move: Stealth Rock
|
|upkeep
|turn|4
|
|t:|1779718859
|switch|p1a: Landorus|Landorus-Therian, M|59/100
|-ability|p1a: Landorus|Intimidate|boost
|-unboost|p2a: Landorus|atk|1
|move|p2a: Landorus|Earthquake|p1a: Landorus
|-immune|p1a: Landorus
|
|-heal|p1a: Landorus|65/100|[from] item: Leftovers
|upkeep
|turn|5
|
|t:|1779718865
|move|p2a: Landorus|Protect|p2a: Landorus
|-singleturn|p2a: Landorus|Protect
|move|p1a: Landorus|U-turn|p2a: Landorus
|-activate|p2a: Landorus|move: Protect
|
|-heal|p1a: Landorus|71/100|[from] item: Leftovers
|upkeep
|turn|6
|
|t:|1779718875
|move|p2a: Landorus|Stone Edge|p1a: Landorus
|-crit|p1a: Landorus
|-damage|p1a: Landorus|5/100
|move|p1a: Landorus|U-turn|p2a: Landorus
|-resisted|p2a: Landorus
|-damage|p2a: Landorus|93/100
|
|t:|1779718878
|switch|p1a: Garganacl|Garganacl, M|93/100|[from] U-turn
|
|-heal|p2a: Landorus|99/100|[from] item: Leftovers
|-sideend|p2: GrandSagePatate|Reflect
|upkeep
|turn|7
|
|t:|1779718886
|move|p2a: Landorus|Earthquake|p1a: Garganacl
|-supereffective|p1a: Garganacl
|-damage|p1a: Garganacl|57/100
|move|p1a: Garganacl|Salt Cure|p2a: Landorus
|-crit|p2a: Landorus
|-damage|p2a: Landorus|76/100
|-start|p2a: Landorus|Salt Cure
|
|-heal|p2a: Landorus|82/100|[from] item: Leftovers
|-damage|p2a: Landorus|70/100|[from] Salt Cure
|upkeep
|turn|8
|
|t:|1779718892
|switch|p2a: Corviknight|Corviknight, F, shiny|50/100
|-damage|p2a: Corviknight|38/100|[from] Stealth Rock
|move|p1a: Garganacl|Recover|p1a: Garganacl
|-heal|p1a: Garganacl|100/100
|
|upkeep
|turn|9
|
|t:|1779718898
|move|p2a: Corviknight|Roost|p2a: Corviknight
|-heal|p2a: Corviknight|88/100
|-singleturn|p2a: Corviknight|move: Roost
|move|p1a: Garganacl|Salt Cure|p2a: Corviknight
|-resisted|p2a: Corviknight
|-damage|p2a: Corviknight|83/100
|-start|p2a: Corviknight|Salt Cure
|
|-damage|p2a: Corviknight|58/100|[from] Salt Cure
|upkeep
|turn|10
|
|t:|1779718903
|move|p2a: Corviknight|Roost|p2a: Corviknight
|-heal|p2a: Corviknight|100/100
|-singleturn|p2a: Corviknight|move: Roost
|move|p1a: Garganacl|Stealth Rock||[still]
|-fail|p1a: Garganacl
|
|-damage|p2a: Corviknight|76/100|[from] Salt Cure
|upkeep
|turn|11
|
|t:|1779718912
|move|p2a: Corviknight|Defog|p1a: Garganacl
|-unboost|p1a: Garganacl|evasion|1
|-sideend|p2: GrandSagePatate|Stealth Rock|[from] move: Defog|[of] p2a: Corviknight
|move|p1a: Garganacl|Salt Cure|p2a: Corviknight
|-damage|p2a: Corviknight|65/100
|
|-damage|p2a: Corviknight|40/100|[from] Salt Cure
|upkeep
|turn|12
|
|t:|1779718917
|move|p2a: Corviknight|Roost|p2a: Corviknight
|-heal|p2a: Corviknight|90/100
|-singleturn|p2a: Corviknight|move: Roost
|move|p1a: Garganacl|Stealth Rock|p2a: Corviknight
|-sidestart|p2: GrandSagePatate|move: Stealth Rock
|
|-damage|p2a: Corviknight|65/100|[from] Salt Cure
|upkeep
|turn|13
|
|t:|1779718931
|move|p2a: Corviknight|Reflect|p2a: Corviknight
|-sidestart|p2: GrandSagePatate|Reflect
|move|p1a: Garganacl|Stealth Rock||[still]
|-fail|p1a: Garganacl
|
|-damage|p2a: Corviknight|40/100|[from] Salt Cure
|upkeep
|turn|14
|
|t:|1779718938
|move|p2a: Corviknight|Roost|p2a: Corviknight
|-heal|p2a: Corviknight|90/100
|-singleturn|p2a: Corviknight|move: Roost
|move|p1a: Garganacl|Salt Cure|p2a: Corviknight
|-resisted|p2a: Corviknight
|-damage|p2a: Corviknight|88/100
|
|-damage|p2a: Corviknight|63/100|[from] Salt Cure
|upkeep
|turn|15
|
|t:|1779718945
|switch|p1a: Landorus|Landorus-Therian, M|5/100
|-ability|p1a: Landorus|Intimidate|boost
|-ability|p2a: Corviknight|Mirror Armor
|-unboost|p1a: Landorus|atk|1
|move|p2a: Corviknight|U-turn|p1a: Landorus
|-resisted|p1a: Landorus
|-damage|p1a: Landorus|0 fnt
|faint|p1a: Landorus
|
|t:|1779718956
|switch|p2a: Jirachi|Jirachi, shiny|100/100|[from] U-turn
|-damage|p2a: Jirachi|94/100|[from] Stealth Rock
|
|upkeep
|
|t:|1779718962
|switch|p1a: Garganacl|Garganacl, M|100/100
|turn|16
|
|t:|1779718969
|-terastallize|p2a: Jirachi|Steel
|move|p2a: Jirachi|Iron Head|p1a: Garganacl
|-supereffective|p1a: Garganacl
|-damage|p1a: Garganacl|52/100
|-damage|p2a: Jirachi|78/100|[from] item: Rocky Helmet|[of] p1a: Garganacl
|move|p1a: Garganacl|Salt Cure|p2a: Jirachi
|-resisted|p2a: Jirachi
|-damage|p2a: Jirachi|74/100
|-start|p2a: Jirachi|Salt Cure
|
|-damage|p2a: Jirachi|49/100|[from] Salt Cure
|upkeep
|turn|17
|
|t:|1779718985
|switch|p2a: Corviknight|Corviknight, F, shiny|63/100
|-damage|p2a: Corviknight|50/100|[from] Stealth Rock
|switch|p1a: Quaquaval|Quaquaval, M|100/100
|
|-sideend|p2: GrandSagePatate|Reflect
|upkeep
|turn|18
|
|t:|1779718991
|move|p1a: Quaquaval|Knock Off|p2a: Corviknight
|-damage|p2a: Corviknight|27/100
|-damage|p1a: Quaquaval|84/100|[from] item: Rocky Helmet|[of] p2a: Corviknight
|-enditem|p2a: Corviknight|Rocky Helmet|[from] move: Knock Off|[of] p1a: Quaquaval
|move|p2a: Corviknight|Defog|p1a: Quaquaval
|-unboost|p1a: Quaquaval|evasion|1
|-sideend|p2: GrandSagePatate|Stealth Rock|[from] move: Defog|[of] p2a: Corviknight
|
|upkeep
|turn|19
|
|t:|1779718995
|move|p1a: Quaquaval|Aqua Step|p2a: Corviknight
|-damage|p2a: Corviknight|0 fnt
|-boost|p1a: Quaquaval|spe|1
|faint|p2a: Corviknight
|-ability|p1a: Quaquaval|Moxie|boost
|-boost|p1a: Quaquaval|atk|1
|
|upkeep
|
|t:|1779719001
|switch|p2a: Jirachi|Jirachi, shiny, tera:Steel|49/100
|turn|20
|
|t:|1779719006
|move|p2a: Jirachi|Zen Headbutt|p1a: Quaquaval
|-supereffective|p1a: Quaquaval
|-damage|p1a: Quaquaval|0 fnt
|faint|p1a: Quaquaval
|
|upkeep
|
|t:|1779719014
|switch|p1a: Tyranitar|Tyranitar, M|100/100
|-weather|Sandstorm|[from] ability: Sand Stream|[of] p1a: Tyranitar
|turn|21
|
|t:|1779719021
|switch|p2a: Landorus|Landorus-Therian, M, shiny|70/100
|-ability|p2a: Landorus|Intimidate|boost
|-unboost|p1a: Tyranitar|atk|1
|switch|p1a: Garganacl|Garganacl, M|52/100
|
|-weather|Sandstorm|[upkeep]
|-heal|p2a: Landorus|76/100|[from] item: Leftovers
|upkeep
|turn|22
|
|t:|1779719028
|-terastallize|p1a: Garganacl|Ghost
|move|p2a: Landorus|Earthquake|p1a: Garganacl
|-damage|p1a: Garganacl|21/100
|move|p1a: Garganacl|Recover|p1a: Garganacl
|-heal|p1a: Garganacl|71/100
|
|-weather|Sandstorm|[upkeep]
|-damage|p1a: Garganacl|65/100|[from] Sandstorm
|-heal|p2a: Landorus|82/100|[from] item: Leftovers
|upkeep
|turn|23
|
|t:|1779719035
|move|p2a: Landorus|Earthquake|p1a: Garganacl
|-damage|p1a: Garganacl|33/100
|move|p1a: Garganacl|Recover|p1a: Garganacl
|-heal|p1a: Garganacl|83/100
|
|-weather|Sandstorm|[upkeep]
|-damage|p1a: Garganacl|77/100|[from] Sandstorm
|-heal|p2a: Landorus|88/100|[from] item: Leftovers
|upkeep
|turn|24
|
|t:|1779719040
|move|p2a: Landorus|U-turn|p1a: Garganacl
|-resisted|p1a: Garganacl
|-damage|p1a: Garganacl|71/100
|-damage|p2a: Landorus|72/100|[from] item: Rocky Helmet|[of] p1a: Garganacl
|
|t:|1779719043
|switch|p2a: Darkrai|Darkrai|100/100|[from] U-turn
|move|p1a: Garganacl|Salt Cure|p2a: Darkrai
|-damage|p2a: Darkrai|81/100
|-start|p2a: Darkrai|Salt Cure
|
|-weather|Sandstorm|[upkeep]
|-damage|p2a: Darkrai|75/100|[from] Sandstorm
|-damage|p1a: Garganacl|65/100|[from] Sandstorm
|-damage|p2a: Darkrai|63/100|[from] Salt Cure
|upkeep
|turn|25
|
|t:|1779719049
|switch|p1a: Chansey|Chansey, F|100/100
|move|p2a: Darkrai|Dark Pulse|p1a: Chansey
|-damage|p1a: Chansey|87/100
|-damage|p2a: Darkrai|53/100|[from] item: Life Orb
|
|-weather|none
|-damage|p2a: Darkrai|40/100|[from] Salt Cure
|upkeep
|turn|26
|
|t:|1779719065
|switch|p2a: Cottonee|Cottonee, L1, F, shiny|100/100
|move|p1a: Chansey|Thunder Wave|p2a: Cottonee|[miss]
|-miss|p1a: Chansey|p2a: Cottonee
|
|upkeep
|turn|27
|
|t:|1779719072
|switch|p1a: Espeon|Espeon, M|100/100
|move|p2a: Cottonee|Substitute|p2a: Cottonee
|-start|p2a: Cottonee|Substitute
|-damage|p2a: Cottonee|75/100
|
|upkeep
|turn|28
|
|t:|1779719078
|move|p1a: Espeon|Substitute|p1a: Espeon
|-start|p1a: Espeon|Substitute
|-damage|p1a: Espeon|76/100
|move|p2a: Cottonee|Endeavor|p1a: Espeon
|-end|p1a: Espeon|Substitute
|
|-heal|p1a: Espeon|82/100|[from] item: Leftovers
|upkeep
|turn|29
|
|t:|1779719085
|move|p1a: Espeon|Calm Mind|p1a: Espeon
|-boost|p1a: Espeon|spa|1
|-boost|p1a: Espeon|spd|1
|move|p2a: Cottonee|Endeavor|p1a: Espeon
|-damage|p1a: Espeon|4/100
|
|-heal|p1a: Espeon|10/100|[from] item: Leftovers
|upkeep
|turn|30
|
|t:|1779719090
|move|p2a: Cottonee|Encore|p1a: Espeon
|move|p1a: Espeon|Encore||[from] ability: Magic Bounce|[still]
|-fail|p1a: Espeon
|move|p1a: Espeon|Calm Mind|p1a: Espeon
|-boost|p1a: Espeon|spa|1
|-boost|p1a: Espeon|spd|1
|
|-heal|p1a: Espeon|16/100|[from] item: Leftovers
|upkeep
|turn|31
|
|t:|1779719113
|move|p1a: Espeon|Alluring Voice|p2a: Cottonee
|-damage|p2a: Cottonee|0 fnt
|faint|p2a: Cottonee
|
|-heal|p1a: Espeon|22/100|[from] item: Leftovers
|upkeep
|
|t:|1779719119
|switch|p2a: Jirachi|Jirachi, shiny, tera:Steel|49/100
|turn|32
|
|t:|1779719127
|move|p2a: Jirachi|Iron Head|p1a: Espeon
|-damage|p1a: Espeon|0 fnt
|faint|p1a: Espeon
|
|upkeep
|
|t:|1779719129
|switch|p1a: Garganacl|Garganacl, M, tera:Ghost|65/100
|turn|33
|
|t:|1779719132
|move|p2a: Jirachi|Iron Head|p1a: Garganacl
|-damage|p1a: Garganacl|42/100
|-damage|p2a: Jirachi|33/100|[from] item: Rocky Helmet|[of] p1a: Garganacl
|move|p1a: Garganacl|Recover|p1a: Garganacl
|-heal|p1a: Garganacl|92/100
|
|upkeep
|turn|34
|
|t:|1779719138
|move|p2a: Jirachi|Iron Head|p1a: Garganacl
|-damage|p1a: Garganacl|69/100
|-damage|p2a: Jirachi|17/100|[from] item: Rocky Helmet|[of] p1a: Garganacl
|cant|p1a: Garganacl|flinch
|
|upkeep
|turn|35
|
|t:|1779719151
|switch|p2a: Darkrai|Darkrai|40/100
|move|p1a: Garganacl|Recover|p1a: Garganacl
|-heal|p1a: Garganacl|100/100
|
|upkeep
|turn|36
|
|t:|1779719156
|move|p2a: Darkrai|Dark Pulse|p1a: Garganacl
|-supereffective|p1a: Garganacl
|-damage|p1a: Garganacl|0 fnt
|faint|p1a: Garganacl
|-damage|p2a: Darkrai|30/100|[from] item: Life Orb
|
|upkeep
|
|t:|1779719160
|switch|p1a: Tyranitar|Tyranitar, M|100/100
|-weather|Sandstorm|[from] ability: Sand Stream|[of] p1a: Tyranitar
|turn|37
|
|t:|1779719180
|move|p2a: Darkrai|Thunder|p1a: Tyranitar
|-damage|p1a: Tyranitar|68/100
|-damage|p2a: Darkrai|20/100|[from] item: Life Orb
|move|p1a: Tyranitar|Dragon Dance|p1a: Tyranitar
|-boost|p1a: Tyranitar|atk|1
|-boost|p1a: Tyranitar|spe|1
|
|-weather|Sandstorm|[upkeep]
|-damage|p2a: Darkrai|14/100|[from] Sandstorm
|upkeep
|turn|38
|
|t:|1779719198
|switch|p2a: Landorus|Landorus-Therian, M, shiny|72/100
|-ability|p2a: Landorus|Intimidate|boost
|-unboost|p1a: Tyranitar|atk|1
|move|p1a: Tyranitar|Dragon Dance|p1a: Tyranitar
|-boost|p1a: Tyranitar|atk|1
|-boost|p1a: Tyranitar|spe|1
|
|-weather|Sandstorm|[upkeep]
|-heal|p2a: Landorus|78/100|[from] item: Leftovers
|upkeep
|turn|39
|
|t:|1779719205
|move|p1a: Tyranitar|Knock Off|p2a: Landorus
|-damage|p2a: Landorus|0 fnt
|-enditem|p2a: Landorus|Leftovers|[from] move: Knock Off|[of] p1a: Tyranitar
|faint|p2a: Landorus
|
|-weather|Sandstorm|[upkeep]
|upkeep
|
|t:|1779719215
|switch|p2a: Jirachi|Jirachi, shiny, tera:Steel|17/100
|turn|40
|
|t:|1779719219
|move|p2a: Jirachi|Iron Head|p1a: Tyranitar
|-supereffective|p1a: Tyranitar
|-damage|p1a: Tyranitar|0 fnt
|faint|p1a: Tyranitar
|
|-weather|Sandstorm|[upkeep]
|upkeep
|-message|aku siapa v forfeited.
|
|win|GrandSagePatate
|raw|aku siapa v's rating: 1142 &rarr; <strong>1123</strong><br />(-19 for losing)
|raw|GrandSagePatate's rating: 1228 &rarr; <strong>1247</strong><br />(+19 for winning)
|l|☆aku siapa v
|player|p1|
|l|☆GrandSagePatate
|player|p2|
