|j|☆wubbybubbyjr
|j|☆James2464
|t:|1779675513
|gametype|singles
|player|p1|wubbybubbyjr|preschooler|1719
|player|p2|James2464|miku-ghost|1754
|gen|9
|tier|[Gen 9] OU
|rated|
|rule|HP Percentage Mod: HP is shown in percentages
|rule|Endless Battle Clause: Forcing endless battles is banned
|rule|Species Clause: Limit one of each Pokémon
|rule|OHKO Clause: OHKO moves are banned
|rule|Evasion Items Clause: Evasion items are banned
|rule|Evasion Moves Clause: Evasion moves are banned
|rule|Evasion Abilities Clause: Evasion abilities are banned
|rule|Sleep Moves Clause: Sleep-inducing moves are banned
|clearpoke
|poke|p1|Deoxys-Speed|
|poke|p1|Gholdengo|
|poke|p1|Great Tusk|
|poke|p1|Darkrai|
|poke|p1|Ogerpon-Wellspring, F|
|poke|p1|Dragonite, M|
|poke|p2|Lycanroc-Dusk, M|
|poke|p2|Kingambit, M|
|poke|p2|Moltres|
|poke|p2|Great Tusk|
|poke|p2|Ogerpon, F|
|poke|p2|Hatterene, F|
|teampreview
|inactive|Battle timer is ON: inactive players will automatically lose when time's up. (requested by James2464)
|inactive|wubbybubbyjr also wants the timer to be on.
|j| nesnot
|
|t:|1779675542
|teamsize|p1|6
|teamsize|p2|6
|start
|switch|p1a: Deoxys|Deoxys-Speed|100/100
|switch|p2a: Lycanroc|Lycanroc-Dusk, M|100/100
|-ability|p1a: Deoxys|Pressure
|turn|1
|
|t:|1779675553
|move|p1a: Deoxys|Taunt|p2a: Lycanroc
|-start|p2a: Lycanroc|move: Taunt
|cant|p2a: Lycanroc|move: Taunt|Swords Dance
|
|upkeep
|turn|2
|
|t:|1779675559
|move|p1a: Deoxys|Psycho Boost|p2a: Lycanroc
|-damage|p2a: Lycanroc|0 fnt
|-unboost|p1a: Deoxys|spa|2
|faint|p2a: Lycanroc
|
|upkeep
|l| nesnot
|
|t:|1779675569
|switch|p2a: Ogerpon|Ogerpon, F|100/100
|turn|3
|
|t:|1779675574
|move|p1a: Deoxys|Stealth Rock|p2a: Ogerpon
|-sidestart|p2: James2464|move: Stealth Rock
|move|p2a: Ogerpon|Knock Off|p1a: Deoxys
|-supereffective|p1a: Deoxys
|-enditem|p1a: Deoxys|Focus Sash
|-damage|p1a: Deoxys|1/100
|
|upkeep
|turn|4
|
|t:|1779675581
|switch|p2a: Kingambit|Kingambit, M|100/100
|-damage|p2a: Kingambit|94/100|[from] Stealth Rock
|-activate|p2a: Kingambit|ability: Supreme Overlord
|-start|p2a: Kingambit|fallen1|[silent]
|move|p1a: Deoxys|Spikes|p2a: Kingambit
|-sidestart|p2: James2464|Spikes
|
|-heal|p2a: Kingambit|100/100|[from] item: Leftovers
|upkeep
|turn|5
|
|t:|1779675589
|move|p1a: Deoxys|Taunt|p2a: Kingambit
|-start|p2a: Kingambit|move: Taunt
|cant|p2a: Kingambit|move: Taunt|Swords Dance
|
|upkeep
|turn|6
|
|t:|1779675597
|move|p1a: Deoxys|Spikes|p2a: Kingambit
|-sidestart|p2: James2464|Spikes
|move|p2a: Kingambit|Iron Head|p1a: Deoxys
|-damage|p1a: Deoxys|0 fnt
|faint|p1a: Deoxys
|
|upkeep
|
|t:|1779675607
|switch|p1a: Great Tusk|Great Tusk|100/100
|turn|7
|
|t:|1779675612
|-end|p2a: Kingambit|fallen1|[silent]
|switch|p2a: Moltres|Moltres|100/100
|move|p1a: Great Tusk|Knock Off|p2a: Moltres
|-damage|p2a: Moltres|79/100
|-enditem|p2a: Moltres|Heavy-Duty Boots|[from] move: Knock Off|[of] p1a: Great Tusk
|
|upkeep
|turn|8
|
|t:|1779675626
|-end|p1a: Great Tusk|Protosynthesis|[silent]
|switch|p1a: Dragonite|Dragonite, M|100/100
|move|p2a: Moltres|Flamethrower|p1a: Dragonite
|-resisted|p1a: Dragonite
|-damage|p1a: Dragonite|91/100
|
|upkeep
|turn|9
|
|t:|1779675643
|switch|p1a: Darkrai|Darkrai|100/100
|move|p2a: Moltres|Will-O-Wisp|p1a: Darkrai
|-status|p1a: Darkrai|brn
|
|-damage|p1a: Darkrai|94/100 brn|[from] brn
|upkeep
|turn|10
|
|t:|1779675652
|switch|p2a: Kingambit|Kingambit, M|100/100
|-damage|p2a: Kingambit|94/100|[from] Stealth Rock
|-damage|p2a: Kingambit|78/100|[from] Spikes
|-activate|p2a: Kingambit|ability: Supreme Overlord
|-start|p2a: Kingambit|fallen1|[silent]
|move|p1a: Darkrai|Dark Pulse|p2a: Kingambit
|-resisted|p2a: Kingambit
|-damage|p2a: Kingambit|44/100
|
|-heal|p2a: Kingambit|50/100|[from] item: Leftovers
|-damage|p1a: Darkrai|88/100 brn|[from] brn
|upkeep
|turn|11
|j| liptight
|
|t:|1779675663
|-end|p2a: Kingambit|fallen1|[silent]
|switch|p2a: Great Tusk|Great Tusk|100/100
|-damage|p2a: Great Tusk|98/100|[from] Stealth Rock
|-damage|p2a: Great Tusk|81/100|[from] Spikes
|move|p1a: Darkrai|Dark Pulse|p2a: Great Tusk
|-resisted|p2a: Great Tusk
|-damage|p2a: Great Tusk|36/100
|
|-damage|p1a: Darkrai|82/100 brn|[from] brn
|upkeep
|turn|12
|-message|James2464 forfeited.
|
|win|wubbybubbyjr
|raw|wubbybubbyjr's rating: 1719 &rarr; <strong>1741</strong><br />(+22 for winning)
|raw|James2464's rating: 1754 &rarr; <strong>1732</strong><br />(-22 for losing)
|l|☆James2464
|player|p2|
|l|☆wubbybubbyjr
|player|p1|
|l| liptight
