|j|☆Silvist
|j|☆sylvr7070
|t:|1779597496
|gametype|singles
|player|p1|Silvist|265|1605
|player|p2|sylvr7070|fairytalegirl|1593
|gen|9
|tier|[Gen 9] OU
|rated|
|rule|HP Percentage Mod: HP is shown in percentages
|rule|Endless Battle Clause: Forcing endless battles is banned
|rule|Species Clause: Limit one of each Pokémon
|rule|OHKO Clause: OHKO moves are banned
|rule|Evasion Items Clause: Evasion items are banned
|rule|Evasion Moves Clause: Evasion moves are banned
|rule|Evasion Abilities Clause: Evasion abilities are banned
|rule|Sleep Moves Clause: Sleep-inducing moves are banned
|clearpoke
|poke|p1|Dragapult, F|
|poke|p1|Walking Wake|
|poke|p1|Iron Moth|
|poke|p1|Enamorus, F|
|poke|p1|Kyurem|
|poke|p1|Raging Bolt|
|poke|p2|Hoopa-Unbound|
|poke|p2|Zamazenta-*|
|poke|p2|Great Tusk|
|poke|p2|Pecharunt|
|poke|p2|Primarina, F|
|poke|p2|Dragonite, M|
|teampreview
|j| KIRAXX200
|
|t:|1779597513
|teamsize|p1|6
|teamsize|p2|6
|start
|switch|p1a: Enamorus|Enamorus, F|100/100
|switch|p2a: Primarina|Primarina, F, shiny|100/100
|turn|1
|
|t:|1779597522
|switch|p1a: Raging Bolt|Raging Bolt|100/100
|move|p2a: Primarina|Moonblast|p1a: Raging Bolt
|-supereffective|p1a: Raging Bolt
|-damage|p1a: Raging Bolt|0 fnt
|faint|p1a: Raging Bolt
|-end|p1a: Raging Bolt|Protosynthesis|[silent]
|
|upkeep
|
|t:|1779597531
|switch|p1a: Kyurem|Kyurem|100/100
|-ability|p1a: Kyurem|Pressure
|turn|2
|
|t:|1779597535
|move|p1a: Kyurem|Freeze-Dry|p2a: Primarina
|-supereffective|p2a: Primarina
|-damage|p2a: Primarina|32/100
|move|p2a: Primarina|Moonblast|p1a: Kyurem
|-supereffective|p1a: Kyurem
|-damage|p1a: Kyurem|0 fnt
|faint|p1a: Kyurem
|
|upkeep
|
|t:|1779597544
|switch|p1a: Iron Moth|Iron Moth|100/100
|-enditem|p1a: Iron Moth|Booster Energy
|-activate|p1a: Iron Moth|ability: Quark Drive|[fromitem]
|-start|p1a: Iron Moth|quarkdrivespe
|turn|3
|
|t:|1779597549
|-terastallize|p2a: Primarina|Poison
|move|p1a: Iron Moth|Substitute|p1a: Iron Moth
|-start|p1a: Iron Moth|Substitute
|-damage|p1a: Iron Moth|76/100
|move|p2a: Primarina|Surf|p1a: Iron Moth
|-supereffective|p1a: Iron Moth
|-end|p1a: Iron Moth|Substitute
|
|upkeep
|turn|4
|
|t:|1779597558
|move|p1a: Iron Moth|Fiery Dance|p2a: Primarina
|-damage|p2a: Primarina|10/100
|move|p2a: Primarina|Surf|p1a: Iron Moth
|-supereffective|p1a: Iron Moth
|-damage|p1a: Iron Moth|0 fnt
|faint|p1a: Iron Moth
|-end|p1a: Iron Moth|Quark Drive|[silent]
|
|upkeep
|
|t:|1779597567
|switch|p1a: Walking Wake|Walking Wake|100/100
|turn|5
|
|t:|1779597571
|move|p1a: Walking Wake|Hydro Steam|p2a: Primarina
|-damage|p2a: Primarina|0 fnt
|faint|p2a: Primarina
|
|upkeep
|
|t:|1779597574
|switch|p2a: Hoopa-Band|Hoopa-Unbound|100/100
|turn|6
|
|t:|1779597578
|move|p1a: Walking Wake|Hydro Steam|p2a: Hoopa-Band
|-damage|p2a: Hoopa-Band|46/100
|move|p2a: Hoopa-Band|Psychic|p1a: Walking Wake
|-damage|p1a: Walking Wake|0 fnt
|faint|p1a: Walking Wake
|-end|p1a: Walking Wake|Protosynthesis|[silent]
|
|upkeep
|l| KIRAXX200
|
|t:|1779597591
|switch|p1a: Enamorus|Enamorus, F|100/100
|turn|7
|
|t:|1779597599
|switch|p2a: Pecharunt|Pecharunt|100/100
|move|p1a: Enamorus|Moonblast|p2a: Pecharunt
|-resisted|p2a: Pecharunt
|-damage|p2a: Pecharunt|51/100
|
|upkeep
|turn|8
|
|t:|1779597608
|-terastallize|p1a: Enamorus|Fairy
|move|p1a: Enamorus|Moonblast|p2a: Pecharunt
|-resisted|p2a: Pecharunt
|-damage|p2a: Pecharunt|0 fnt
|faint|p2a: Pecharunt
|
|upkeep
|
|t:|1779597614
|switch|p2a: Dragonite|Dragonite, M, shiny|100/100
|turn|9
|
|t:|1779597617
|move|p1a: Enamorus|Moonblast|p2a: Dragonite
|-supereffective|p2a: Dragonite
|-damage|p2a: Dragonite|2/100
|-unboost|p2a: Dragonite|spa|1
|move|p2a: Dragonite|Earthquake|p1a: Enamorus
|-damage|p1a: Enamorus|34/100
|
|upkeep
|turn|10
|
|t:|1779597625
|switch|p1a: Dragapult|Dragapult, F|100/100
|move|p2a: Dragonite|Extreme Speed|p1a: Dragapult
|-immune|p1a: Dragapult
|
|upkeep
|turn|11
|j| KIRAXX200
|
|t:|1779597633
|switch|p2a: Great Tusk|Great Tusk|100/100
|move|p1a: Dragapult|Shadow Ball|p2a: Great Tusk
|-damage|p2a: Great Tusk|14/100
|
|upkeep
|turn|12
|
|t:|1779597639
|move|p1a: Dragapult|Shadow Ball|p2a: Great Tusk
|-damage|p2a: Great Tusk|0 fnt
|faint|p2a: Great Tusk
|-end|p2a: Great Tusk|Protosynthesis|[silent]
|
|upkeep
|
|t:|1779597653
|switch|p2a: Hoopa-Band|Hoopa-Unbound|46/100
|turn|13
|l| KIRAXX200
|
|t:|1779597660
|move|p1a: Dragapult|Shadow Ball|p2a: Hoopa-Band
|-damage|p2a: Hoopa-Band|0 fnt
|faint|p2a: Hoopa-Band
|
|upkeep
|j| KIRAXX200
|
|t:|1779597663
|switch|p2a: Zamazenta|Zamazenta|100/100
|-ability|p2a: Zamazenta|Dauntless Shield|boost
|-boost|p2a: Zamazenta|def|1
|turn|14
|
|t:|1779597669
|move|p1a: Dragapult|Shadow Ball|p2a: Zamazenta
|-damage|p2a: Zamazenta|63/100
|move|p2a: Zamazenta|Crunch|p1a: Dragapult
|-supereffective|p1a: Dragapult
|-damage|p1a: Dragapult|45/100
|
|-heal|p2a: Zamazenta|69/100|[from] item: Leftovers
|upkeep
|turn|15
|
|t:|1779597679
|switch|p1a: Enamorus|Enamorus, F, tera:Fairy|34/100
|move|p2a: Zamazenta|Crunch|p1a: Enamorus
|-resisted|p1a: Enamorus
|-damage|p1a: Enamorus|16/100
|
|-heal|p2a: Zamazenta|75/100|[from] item: Leftovers
|upkeep
|turn|16
|
|t:|1779597688
|move|p2a: Zamazenta|Body Press|p1a: Enamorus
|-resisted|p1a: Enamorus
|-damage|p1a: Enamorus|0 fnt
|faint|p1a: Enamorus
|
|-heal|p2a: Zamazenta|82/100|[from] item: Leftovers
|upkeep
|
|t:|1779597697
|switch|p1a: Dragapult|Dragapult, F|45/100
|turn|17
|
|t:|1779597700
|switch|p2a: Dragonite|Dragonite, M, shiny|2/100
|move|p1a: Dragapult|Shadow Ball|p2a: Dragonite
|-damage|p2a: Dragonite|0 fnt
|faint|p2a: Dragonite
|
|upkeep
|
|t:|1779597704
|switch|p2a: Zamazenta|Zamazenta|82/100
|turn|18
|c|☆sylvr7070|gg
|
|t:|1779597710
|move|p1a: Dragapult|Shadow Ball|p2a: Zamazenta
|-damage|p2a: Zamazenta|41/100
|move|p2a: Zamazenta|Crunch|p1a: Dragapult
|-supereffective|p1a: Dragapult
|-damage|p1a: Dragapult|0 fnt
|faint|p1a: Dragapult
|
|win|sylvr7070
|raw|Silvist's rating: 1605 &rarr; <strong>1584</strong><br />(-21 for losing)
|raw|sylvr7070's rating: 1593 &rarr; <strong>1614</strong><br />(+21 for winning)
|l|☆Silvist
|player|p1|
|l| KIRAXX200
|l|☆sylvr7070
|player|p2|
