|j|☆SgtBrick14
|j|☆thegreatestnone
|t:|1779568152
|gametype|singles
|player|p1|SgtBrick14|pokemonranger|1437
|player|p2|thegreatestnone|2|1500
|gen|9
|tier|[Gen 9] OU
|rated|
|rule|HP Percentage Mod: HP is shown in percentages
|rule|Endless Battle Clause: Forcing endless battles is banned
|rule|Species Clause: Limit one of each Pokémon
|rule|OHKO Clause: OHKO moves are banned
|rule|Evasion Items Clause: Evasion items are banned
|rule|Evasion Moves Clause: Evasion moves are banned
|rule|Evasion Abilities Clause: Evasion abilities are banned
|rule|Sleep Moves Clause: Sleep-inducing moves are banned
|clearpoke
|poke|p1|Lucario, M|
|poke|p1|Kingambit, F|
|poke|p1|Regirock|
|poke|p1|Gengar, F|
|poke|p1|Cloyster, F|
|poke|p1|Froslass, F|
|poke|p2|Dragapult, M|
|poke|p2|Ting-Lu|
|poke|p2|Skeledirge, M|
|poke|p2|Amoonguss, F|
|poke|p2|Weezing-Galar, M|
|poke|p2|Slowking, F|
|teampreview
|
|t:|1779568167
|teamsize|p1|6
|teamsize|p2|6
|start
|switch|p1a: Froslass|Froslass, F|100/100
|switch|p2a: Dragapult|Dragapult, M|100/100
|turn|1
|
|t:|1779568173
|move|p2a: Dragapult|U-turn|p1a: Froslass
|-resisted|p1a: Froslass
|-damage|p1a: Froslass|77/100
|
|t:|1779568182
|switch|p2a: Weezing|Weezing-Galar, M|100/100|[from] U-turn
|move|p1a: Froslass|Thunder Wave|p2a: Weezing|[miss]
|-miss|p1a: Froslass|p2a: Weezing
|
|upkeep
|turn|2
|
|t:|1779568187
|move|p1a: Froslass|Thunder Wave|p2a: Weezing
|-status|p2a: Weezing|par
|move|p2a: Weezing|Gunk Shot|p1a: Froslass
|-resisted|p1a: Froslass
|-damage|p1a: Froslass|53/100
|
|upkeep
|turn|3
|
|t:|1779568194
|move|p1a: Froslass|Spikes|p2a: Weezing
|-sidestart|p2: thegreatestnone|Spikes
|move|p2a: Weezing|Defog|p1a: Froslass
|-unboost|p1a: Froslass|evasion|1
|-sideend|p2: thegreatestnone|Spikes|[from] move: Defog|[of] p2a: Weezing
|
|upkeep
|turn|4
|
|t:|1779568196
|move|p1a: Froslass|Taunt|p2a: Weezing
|-start|p2a: Weezing|move: Taunt
|cant|p2a: Weezing|move: Taunt|Will-O-Wisp
|
|upkeep
|turn|5
|
|t:|1779568200
|switch|p2a: Dragapult|Dragapult, M|100/100
|move|p1a: Froslass|Spikes|p2a: Dragapult
|-sidestart|p2: thegreatestnone|Spikes
|
|upkeep
|turn|6
|
|t:|1779568206
|move|p2a: Dragapult|Dragon Darts|p1a: Froslass
|-damage|p1a: Froslass|2/100
|-anim|p2a: Dragapult|Dragon Darts|p1a: Froslass
|-damage|p1a: Froslass|0 fnt
|faint|p1a: Froslass
|
|upkeep
|
|t:|1779568208
|switch|p1a: Gengar|Gengar, F|100/100
|turn|7
|
|t:|1779568211
|switch|p2a: Ting-Lu|Ting-Lu|100/100
|-damage|p2a: Ting-Lu|88/100|[from] Spikes
|-ability|p2a: Ting-Lu|Vessel of Ruin
|move|p1a: Gengar|Shadow Ball|p2a: Ting-Lu
|-resisted|p2a: Ting-Lu
|-damage|p2a: Ting-Lu|78/100
|
|-heal|p2a: Ting-Lu|84/100|[from] item: Leftovers
|upkeep
|turn|8
|
|t:|1779568215
|switch|p2a: Weezing|Weezing-Galar, M|100/100 par
|move|p1a: Gengar|Taunt|p2a: Weezing
|-start|p2a: Weezing|move: Taunt
|
|upkeep
|turn|9
|
|t:|1779568221
|switch|p2a: Ting-Lu|Ting-Lu|84/100
|-damage|p2a: Ting-Lu|72/100|[from] Spikes
|-ability|p2a: Ting-Lu|Vessel of Ruin
|move|p1a: Gengar|Shadow Ball|p2a: Ting-Lu
|-resisted|p2a: Ting-Lu
|-damage|p2a: Ting-Lu|62/100
|
|-heal|p2a: Ting-Lu|68/100|[from] item: Leftovers
|upkeep
|turn|10
|
|t:|1779568225
|move|p1a: Gengar|Taunt|p2a: Ting-Lu
|-start|p2a: Ting-Lu|move: Taunt
|move|p2a: Ting-Lu|Earthquake|p1a: Gengar
|-supereffective|p1a: Gengar
|-enditem|p1a: Gengar|Focus Sash
|-damage|p1a: Gengar|1/100
|
|-heal|p2a: Ting-Lu|75/100|[from] item: Leftovers
|upkeep
|turn|11
|
|t:|1779568227
|move|p1a: Gengar|Destiny Bond|p1a: Gengar
|-singlemove|p1a: Gengar|Destiny Bond
|move|p2a: Ting-Lu|Earthquake|p1a: Gengar
|-supereffective|p1a: Gengar
|-damage|p1a: Gengar|0 fnt
|-start|p2a: Ting-Lu|Disable|Earthquake|[from] ability: Cursed Body|[of] p1a: Gengar
|faint|p1a: Gengar
|-activate|p1a: Gengar|move: Destiny Bond
|faint|p2a: Ting-Lu
|
|upkeep
|
|t:|1779568232
|switch|p1a: Regirock|Regirock|100/100
|switch|p2a: Dragapult|Dragapult, M|100/100
|-damage|p2a: Dragapult|88/100|[from] Spikes
|turn|12
|
|t:|1779568238
|move|p2a: Dragapult|Dragon Darts|p1a: Regirock
|-damage|p1a: Regirock|80/100
|-anim|p2a: Dragapult|Dragon Darts|p1a: Regirock
|-damage|p1a: Regirock|61/100
|move|p1a: Regirock|Rock Blast|p2a: Dragapult|[miss]
|-miss|p1a: Regirock|p2a: Dragapult
|
|upkeep
|turn|13
|
|t:|1779568245
|move|p2a: Dragapult|Dragon Darts|p1a: Regirock
|-damage|p1a: Regirock|40/100
|-anim|p2a: Dragapult|Dragon Darts|p1a: Regirock
|-damage|p1a: Regirock|21/100
|move|p1a: Regirock|Rock Blast|p2a: Dragapult
|-damage|p2a: Dragapult|71/100
|-damage|p2a: Dragapult|56/100
|-damage|p2a: Dragapult|40/100
|-damage|p2a: Dragapult|22/100
|-hitcount|p2a: Dragapult|4
|
|upkeep
|turn|14
|
|t:|1779568250
|move|p2a: Dragapult|Dragon Darts|p1a: Regirock
|-damage|p1a: Regirock|0 fnt
|faint|p1a: Regirock
|
|upkeep
|
|t:|1779568273
|switch|p1a: Cloyster|Cloyster, F|100/100
|turn|15
|
|t:|1779568286
|switch|p2a: Skeledirge|Skeledirge, M|100/100
|move|p1a: Cloyster|Shell Smash|p1a: Cloyster
|-unboost|p1a: Cloyster|def|1
|-unboost|p1a: Cloyster|spd|1
|-boost|p1a: Cloyster|atk|2
|-boost|p1a: Cloyster|spa|2
|-boost|p1a: Cloyster|spe|2
|
|upkeep
|turn|16
|
|t:|1779568288
|-terastallize|p2a: Skeledirge|Water
|move|p1a: Cloyster|Liquidation|p2a: Skeledirge
|-resisted|p2a: Skeledirge
|-crit|p2a: Skeledirge
|-damage|p2a: Skeledirge|84/100
|move|p2a: Skeledirge|Will-O-Wisp|p1a: Cloyster
|-status|p1a: Cloyster|brn
|
|-damage|p1a: Cloyster|94/100 brn|[from] brn
|upkeep
|turn|17
|l|☆SgtBrick14
|player|p1|
|inactive|Battle timer is ON: inactive players will automatically lose when time's up. (requested by thegreatestnone)
|inactive|SgtBrick14 has 30 seconds to reconnect!
|inactive|SgtBrick14 has 20 seconds to reconnect!
|inactive|SgtBrick14 has 15 seconds to reconnect!
|inactive|SgtBrick14 has 10 seconds to reconnect!
|inactive|SgtBrick14 has 5 seconds to reconnect!
|-message|SgtBrick14 lost due to inactivity.
|
|win|thegreatestnone
|raw|SgtBrick14's rating: 1437 &rarr; <strong>1421</strong><br />(-16 for losing)
|raw|thegreatestnone's rating: 1500 &rarr; <strong>1516</strong><br />(+16 for winning)
