|j|☆chrovalis
|j|☆Cantstopthetrain
|t:|1779712115
|gametype|singles
|player|p1|chrovalis|ethan|1089
|player|p2|Cantstopthetrain|265|1112
|gen|9
|tier|[Gen 9] OU
|rated|
|rule|HP Percentage Mod: HP is shown in percentages
|rule|Endless Battle Clause: Forcing endless battles is banned
|rule|Species Clause: Limit one of each Pokémon
|rule|OHKO Clause: OHKO moves are banned
|rule|Evasion Items Clause: Evasion items are banned
|rule|Evasion Moves Clause: Evasion moves are banned
|rule|Evasion Abilities Clause: Evasion abilities are banned
|rule|Sleep Moves Clause: Sleep-inducing moves are banned
|clearpoke
|poke|p1|Rillaboom, M|
|poke|p1|Arcanine, M|
|poke|p1|Empoleon, F|
|poke|p1|Espeon, F|
|poke|p1|Hariyama, M|
|poke|p2|Tyranitar, F|
|poke|p2|Gliscor, F|
|poke|p2|Great Tusk|
|poke|p2|Gholdengo|
|poke|p2|Ogerpon-Cornerstone, F|
|poke|p2|Gyarados, F|
|teampreview
|inactive|Battle timer is ON: inactive players will automatically lose when time's up. (requested by Cantstopthetrain)
|inactive|chrovalis also wants the timer to be on.
|
|t:|1779712120
|teamsize|p1|5
|teamsize|p2|6
|start
|switch|p1a: Rillaboom|Rillaboom, M|100/100
|switch|p2a: Tyranitar|Tyranitar, F|100/100
|-fieldstart|move: Grassy Terrain|[from] ability: Grassy Surge|[of] p1a: Rillaboom
|-weather|Sandstorm|[from] ability: Sand Stream|[of] p2a: Tyranitar
|turn|1
|
|t:|1779712127
|move|p1a: Rillaboom|Low Kick|p2a: Tyranitar
|-supereffective|p2a: Tyranitar
|-damage|p2a: Tyranitar|0 fnt
|faint|p2a: Tyranitar
|
|-weather|Sandstorm|[upkeep]
|-damage|p1a: Rillaboom|94/100|[from] Sandstorm
|-heal|p1a: Rillaboom|100/100|[from] Grassy Terrain
|upkeep
|
|t:|1779712146
|switch|p2a: Gyarados|Gyarados, F|100/100
|-ability|p2a: Gyarados|Intimidate|boost
|-unboost|p1a: Rillaboom|atk|1
|turn|2
|
|t:|1779712153
|move|p2a: Gyarados|Dragon Dance|p2a: Gyarados
|-boost|p2a: Gyarados|atk|1
|-boost|p2a: Gyarados|spe|1
|move|p1a: Rillaboom|Knock Off|p2a: Gyarados
|-damage|p2a: Gyarados|70/100
|-enditem|p2a: Gyarados|Lum Berry|[from] move: Knock Off|[of] p1a: Rillaboom
|
|-weather|Sandstorm|[upkeep]
|-damage|p2a: Gyarados|64/100|[from] Sandstorm
|-damage|p1a: Rillaboom|94/100|[from] Sandstorm
|-heal|p1a: Rillaboom|100/100|[from] Grassy Terrain
|upkeep
|turn|3
|
|t:|1779712166
|-terastallize|p2a: Gyarados|Rock
|move|p2a: Gyarados|Stone Edge|p1a: Rillaboom|[miss]
|-miss|p2a: Gyarados|p1a: Rillaboom
|move|p1a: Rillaboom|U-turn|p2a: Gyarados
|-damage|p2a: Gyarados|44/100
|
|t:|1779712173
|switch|p1a: Hariyama|Hariyama, M, shiny|100/100|[from] U-turn
|
|-weather|Sandstorm|[upkeep]
|-damage|p1a: Hariyama|94/100|[from] Sandstorm
|-heal|p2a: Gyarados|50/100|[from] Grassy Terrain
|-heal|p1a: Hariyama|100/100|[from] Grassy Terrain
|upkeep
|turn|4
|
|t:|1779712180
|move|p2a: Gyarados|Waterfall|p1a: Hariyama
|-damage|p1a: Hariyama|36/100
|move|p1a: Hariyama|Drain Punch|p2a: Gyarados
|-supereffective|p2a: Gyarados
|-damage|p2a: Gyarados|0 fnt
|-heal|p1a: Hariyama|55/100|[from] drain|[of] p2a: Gyarados
|faint|p2a: Gyarados
|
|-weather|Sandstorm|[upkeep]
|-damage|p1a: Hariyama|49/100|[from] Sandstorm
|-heal|p1a: Hariyama|55/100|[from] Grassy Terrain
|-heal|p1a: Hariyama|61/100|[from] item: Leftovers
|upkeep
|
|t:|1779712188
|switch|p2a: Gliscor|Gliscor, F|100/100
|turn|5
|
|t:|1779712196
|move|p2a: Gliscor|Earthquake|p1a: Hariyama
|-damage|p1a: Hariyama|44/100
|move|p1a: Hariyama|Knock Off|p2a: Gliscor
|-damage|p2a: Gliscor|80/100
|-enditem|p2a: Gliscor|Toxic Orb|[from] move: Knock Off|[of] p1a: Hariyama
|
|-weather|Sandstorm|[upkeep]
|-damage|p1a: Hariyama|38/100|[from] Sandstorm
|-heal|p1a: Hariyama|44/100|[from] Grassy Terrain
|-heal|p1a: Hariyama|50/100|[from] item: Leftovers
|upkeep
|turn|6
|-message|Cantstopthetrain forfeited.
|
|win|chrovalis
|raw|chrovalis's rating: 1089 &rarr; <strong>1117</strong><br />(+28 for winning)
|raw|Cantstopthetrain's rating: 1112 &rarr; <strong>1085</strong><br />(-27 for losing)
|l|☆Cantstopthetrain
|player|p2|
|l|☆chrovalis
|player|p1|
