|j|☆supmydudetest1
|j|☆toasterovens123
|t:|1779706744
|gametype|singles
|player|p1|supmydudetest1|265|1558
|player|p2|toasterovens123|volo|1472
|gen|9
|tier|[Gen 9] OU
|rated|
|rule|HP Percentage Mod: HP is shown in percentages
|rule|Endless Battle Clause: Forcing endless battles is banned
|rule|Species Clause: Limit one of each Pokémon
|rule|OHKO Clause: OHKO moves are banned
|rule|Evasion Items Clause: Evasion items are banned
|rule|Evasion Moves Clause: Evasion moves are banned
|rule|Evasion Abilities Clause: Evasion abilities are banned
|rule|Sleep Moves Clause: Sleep-inducing moves are banned
|clearpoke
|poke|p1|Ogerpon-Wellspring, F|
|poke|p1|Raging Bolt|
|poke|p1|Cinderace, F|
|poke|p1|Corviknight, F|
|poke|p1|Ting-Lu|
|poke|p1|Gengar, M|
|poke|p2|Iron Moth|
|poke|p2|Gliscor, F|
|poke|p2|Hatterene, F|
|poke|p2|Ogerpon-Wellspring, F|
|poke|p2|Raging Bolt|
|poke|p2|Zamazenta-*|
|teampreview
|inactive|Battle timer is ON: inactive players will automatically lose when time's up. (requested by supmydudetest1)
|inactive|toasterovens123 has 120 seconds left.
|
|t:|1779706790
|teamsize|p1|6
|teamsize|p2|6
|start
|switch|p1a: Ogerpon|Ogerpon-Wellspring, F|100/100
|switch|p2a: Gliscor|Gliscor, F|100/100
|turn|1
|inactive|toasterovens123 has 120 seconds left.
|
|t:|1779706828
|switch|p2a: Ogerpon|Ogerpon-Wellspring, F|100/100
|move|p1a: Ogerpon|Swords Dance|p1a: Ogerpon
|-boost|p1a: Ogerpon|atk|2
|
|upkeep
|turn|2
|
|t:|1779706834
|move|p1a: Ogerpon|Power Whip|p2a: Ogerpon|[miss]
|-miss|p1a: Ogerpon|p2a: Ogerpon
|move|p2a: Ogerpon|Encore|p1a: Ogerpon
|-start|p1a: Ogerpon|Encore
|
|upkeep
|turn|3
|
|t:|1779706842
|switch|p2a: Iron Moth|Iron Moth|100/100
|-enditem|p2a: Iron Moth|Booster Energy
|-activate|p2a: Iron Moth|ability: Quark Drive|[fromitem]
|-start|p2a: Iron Moth|quarkdrivespe
|move|p1a: Ogerpon|Power Whip|p2a: Iron Moth
|-resisted|p2a: Iron Moth
|-damage|p2a: Iron Moth|49/100
|
|upkeep
|turn|4
|
|t:|1779706852
|switch|p1a: Ting-Lu|Ting-Lu|100/100
|-ability|p1a: Ting-Lu|Vessel of Ruin
|move|p2a: Iron Moth|Sludge Wave|p1a: Ting-Lu
|-resisted|p1a: Ting-Lu
|-damage|p1a: Ting-Lu|91/100
|
|-heal|p1a: Ting-Lu|97/100|[from] item: Leftovers
|upkeep
|turn|5
|
|t:|1779706877
|-end|p2a: Iron Moth|Quark Drive|[silent]
|switch|p2a: Hatterene|Hatterene, F|100/100
|move|p1a: Ting-Lu|Earthquake|p2a: Hatterene
|-damage|p2a: Hatterene|69/100
|
|-heal|p1a: Ting-Lu|100/100|[from] item: Leftovers
|-heal|p2a: Hatterene|75/100|[from] item: Leftovers
|upkeep
|turn|6
|
|t:|1779706886
|switch|p1a: Cinderace|Cinderace, F|100/100
|move|p2a: Hatterene|Mystical Fire|p1a: Cinderace
|-resisted|p1a: Cinderace
|-damage|p1a: Cinderace|86/100
|-unboost|p1a: Cinderace|spa|1
|
|-heal|p2a: Hatterene|81/100|[from] item: Leftovers
|upkeep
|turn|7
|inactive|toasterovens123 has 120 seconds left.
|
|t:|1779706919
|switch|p2a: Raging Bolt|Raging Bolt|100/100
|-enditem|p2a: Raging Bolt|Booster Energy
|-activate|p2a: Raging Bolt|ability: Protosynthesis|[fromitem]
|-start|p2a: Raging Bolt|protosynthesisspa
|move|p1a: Cinderace|U-turn|p2a: Raging Bolt
|-start|p1a: Cinderace|typechange|Bug|[from] ability: Libero
|-damage|p2a: Raging Bolt|53/100
|
|t:|1779706927
|switch|p1a: Ting-Lu|Ting-Lu|100/100|[from] U-turn
|-ability|p1a: Ting-Lu|Vessel of Ruin
|
|upkeep
|turn|8
|inactive|toasterovens123 has 120 seconds left.
|
|t:|1779706937
|-end|p2a: Raging Bolt|Protosynthesis|[silent]
|switch|p2a: Gliscor|Gliscor, F|100/100
|move|p1a: Ting-Lu|Earthquake|p2a: Gliscor
|-immune|p2a: Gliscor
|
|-status|p2a: Gliscor|tox|[from] item: Toxic Orb
|upkeep
|turn|9
|
|t:|1779706947
|switch|p1a: Corviknight|Corviknight, F|100/100
|move|p2a: Gliscor|Swords Dance|p2a: Gliscor
|-boost|p2a: Gliscor|atk|2
|
|upkeep
|turn|10
|
|t:|1779706967
|move|p2a: Gliscor|Swords Dance|p2a: Gliscor
|-boost|p2a: Gliscor|atk|2
|move|p1a: Corviknight|U-turn|p2a: Gliscor
|-resisted|p2a: Gliscor
|-damage|p2a: Gliscor|95/100 tox
|
|t:|1779706974
|switch|p1a: Gengar|Gengar, M|100/100|[from] U-turn
|
|-heal|p2a: Gliscor|100/100 tox|[from] ability: Poison Heal
|upkeep
|turn|11
|
|t:|1779706981
|move|p1a: Gengar|Trick|p2a: Gliscor
|-activate|p1a: Gengar|move: Trick|[of] p2a: Gliscor
|-item|p2a: Gliscor|Choice Scarf|[from] move: Trick
|-item|p1a: Gengar|Toxic Orb|[from] move: Trick
|move|p2a: Gliscor|Earthquake|p1a: Gengar
|-supereffective|p1a: Gengar
|-damage|p1a: Gengar|0 fnt
|faint|p1a: Gengar
|
|upkeep
|
|t:|1779706989
|switch|p1a: Corviknight|Corviknight, F|100/100
|turn|12
|
|t:|1779707013
|switch|p2a: Zamazenta|Zamazenta|100/100
|-ability|p2a: Zamazenta|Dauntless Shield|boost
|-boost|p2a: Zamazenta|def|1
|move|p1a: Corviknight|Brave Bird|p2a: Zamazenta
|-supereffective|p2a: Zamazenta
|-damage|p2a: Zamazenta|62/100
|-damage|p1a: Corviknight|88/100|[from] Recoil
|
|-heal|p1a: Corviknight|95/100|[from] item: Leftovers
|upkeep
|turn|13
|
|t:|1779707026
|move|p2a: Zamazenta|Reflect|p2a: Zamazenta
|-sidestart|p2: toasterovens123|Reflect
|move|p1a: Corviknight|U-turn|p2a: Zamazenta
|-resisted|p2a: Zamazenta
|-damage|p2a: Zamazenta|60/100
|
|t:|1779707033
|switch|p1a: Ting-Lu|Ting-Lu|100/100|[from] U-turn
|-ability|p1a: Ting-Lu|Vessel of Ruin
|
|upkeep
|turn|14
|
|t:|1779707041
|switch|p2a: Hatterene|Hatterene, F|81/100
|switch|p1a: Corviknight|Corviknight, F|95/100
|
|-heal|p1a: Corviknight|100/100|[from] item: Leftovers
|-heal|p2a: Hatterene|87/100|[from] item: Leftovers
|upkeep
|turn|15
|
|t:|1779707050
|move|p1a: Corviknight|U-turn|p2a: Hatterene
|-damage|p2a: Hatterene|81/100
|
|t:|1779707052
|switch|p1a: Cinderace|Cinderace, F|86/100|[from] U-turn
|move|p2a: Hatterene|Mystical Fire|p1a: Cinderace
|-resisted|p1a: Cinderace
|-damage|p1a: Cinderace|69/100
|-unboost|p1a: Cinderace|spa|1
|
|-heal|p2a: Hatterene|87/100|[from] item: Leftovers
|upkeep
|turn|16
|
|t:|1779707065
|move|p1a: Cinderace|U-turn|p2a: Hatterene
|-start|p1a: Cinderace|typechange|Bug|[from] ability: Libero
|-damage|p2a: Hatterene|64/100
|
|t:|1779707069
|switch|p1a: Ting-Lu|Ting-Lu|100/100|[from] U-turn
|-ability|p1a: Ting-Lu|Vessel of Ruin
|move|p2a: Hatterene|Calm Mind|p2a: Hatterene
|-boost|p2a: Hatterene|spa|1
|-boost|p2a: Hatterene|spd|1
|
|-heal|p2a: Hatterene|70/100|[from] item: Leftovers
|upkeep
|turn|17
|
|t:|1779707081
|switch|p1a: Cinderace|Cinderace, F|69/100
|move|p2a: Hatterene|Calm Mind|p2a: Hatterene
|-boost|p2a: Hatterene|spa|1
|-boost|p2a: Hatterene|spd|1
|
|-heal|p2a: Hatterene|76/100|[from] item: Leftovers
|upkeep
|turn|18
|
|t:|1779707089
|move|p1a: Cinderace|U-turn|p2a: Hatterene
|-start|p1a: Cinderace|typechange|Bug|[from] ability: Libero
|-damage|p2a: Hatterene|56/100
|
|t:|1779707093
|switch|p1a: Corviknight|Corviknight, F|100/100|[from] U-turn
|move|p2a: Hatterene|Draining Kiss|p1a: Corviknight
|-resisted|p1a: Corviknight
|-damage|p1a: Corviknight|80/100
|-heal|p2a: Hatterene|75/100|[from] drain|[of] p1a: Corviknight
|
|-heal|p1a: Corviknight|87/100|[from] item: Leftovers
|-heal|p2a: Hatterene|81/100|[from] item: Leftovers
|upkeep
|turn|19
|
|t:|1779707104
|move|p1a: Corviknight|Defog|p2a: Hatterene
|move|p2a: Hatterene|Defog||[from] ability: Magic Bounce|[still]
|-ability|p1a: Corviknight|Mirror Armor
|-unboost|p2a: Hatterene|evasion|1
|-fail|p2a: Hatterene
|move|p2a: Hatterene|Draining Kiss|p1a: Corviknight
|-resisted|p1a: Corviknight
|-damage|p1a: Corviknight|64/100
|-heal|p2a: Hatterene|100/100|[from] drain|[of] p1a: Corviknight
|
|-heal|p1a: Corviknight|71/100|[from] item: Leftovers
|upkeep
|turn|20
|
|t:|1779707119
|move|p1a: Corviknight|U-turn|p2a: Hatterene
|-damage|p2a: Hatterene|95/100
|
|t:|1779707122
|switch|p1a: Cinderace|Cinderace, F|69/100|[from] U-turn
|move|p2a: Hatterene|Mystical Fire|p1a: Cinderace
|-resisted|p1a: Cinderace
|-damage|p1a: Cinderace|36/100
|-unboost|p1a: Cinderace|spa|1
|
|-heal|p2a: Hatterene|100/100|[from] item: Leftovers
|-sideend|p2: toasterovens123|Reflect
|upkeep
|turn|21
|
|t:|1779707135
|move|p1a: Cinderace|Pyro Ball|p2a: Hatterene
|-damage|p2a: Hatterene|29/100
|move|p2a: Hatterene|Draining Kiss|p1a: Cinderace
|-resisted|p1a: Cinderace
|-damage|p1a: Cinderace|6/100
|-heal|p2a: Hatterene|50/100|[from] drain|[of] p1a: Cinderace
|
|-heal|p2a: Hatterene|56/100|[from] item: Leftovers
|upkeep
|turn|22
|inactive|toasterovens123 has 120 seconds left.
|inactive|toasterovens123 has 90 seconds left.
|
|t:|1779707207
|switch|p2a: Raging Bolt|Raging Bolt|53/100
|move|p1a: Cinderace|Pyro Ball|p2a: Raging Bolt
|-resisted|p2a: Raging Bolt
|-damage|p2a: Raging Bolt|10/100
|
|upkeep
|turn|23
|
|t:|1779707215
|switch|p1a: Ting-Lu|Ting-Lu|100/100
|-ability|p1a: Ting-Lu|Vessel of Ruin
|move|p2a: Raging Bolt|Thunderbolt|p1a: Ting-Lu
|-immune|p1a: Ting-Lu
|
|upkeep
|turn|24
|inactive|toasterovens123 has 90 seconds left.
|
|t:|1779707224
|move|p2a: Raging Bolt|Dragon Pulse|p1a: Ting-Lu
|-damage|p1a: Ting-Lu|80/100
|move|p1a: Ting-Lu|Earthquake|p2a: Raging Bolt
|-supereffective|p2a: Raging Bolt
|-damage|p2a: Raging Bolt|0 fnt
|faint|p2a: Raging Bolt
|-end|p2a: Raging Bolt|Protosynthesis|[silent]
|
|-heal|p1a: Ting-Lu|86/100|[from] item: Leftovers
|upkeep
|inactive|toasterovens123 has 90 seconds left.
|
|t:|1779707233
|switch|p2a: Ogerpon|Ogerpon-Wellspring, F|100/100
|turn|25
|
|t:|1779707237
|switch|p1a: Corviknight|Corviknight, F|71/100
|move|p2a: Ogerpon|Trailblaze|p1a: Corviknight
|-resisted|p1a: Corviknight
|-damage|p1a: Corviknight|66/100
|-boost|p2a: Ogerpon|spe|1
|
|-heal|p1a: Corviknight|72/100|[from] item: Leftovers
|upkeep
|turn|26
|
|t:|1779707248
|-terastallize|p2a: Ogerpon|Water
|detailschange|p2a: Ogerpon|Ogerpon-Wellspring-Tera, F, tera:Water
|-ability|p2a: Ogerpon|Embody Aspect (Wellspring)|boost
|-boost|p2a: Ogerpon|spd|1
|move|p2a: Ogerpon|Swords Dance|p2a: Ogerpon
|-boost|p2a: Ogerpon|atk|2
|move|p1a: Corviknight|Brave Bird|p2a: Ogerpon
|-damage|p2a: Ogerpon|49/100
|-damage|p1a: Corviknight|60/100|[from] Recoil
|
|-heal|p1a: Corviknight|66/100|[from] item: Leftovers
|upkeep
|turn|27
|
|t:|1779707268
|-terastallize|p1a: Corviknight|Dragon
|move|p2a: Ogerpon|Ivy Cudgel|p1a: Corviknight|[anim] Ivy Cudgel Water
|-resisted|p1a: Corviknight
|-damage|p1a: Corviknight|14/100
|move|p1a: Corviknight|Brave Bird|p2a: Ogerpon
|-damage|p2a: Ogerpon|0 fnt
|faint|p2a: Ogerpon
|detailschange|p2: Ogerpon|Ogerpon-Wellspring, F|[silent]
|-damage|p1a: Corviknight|2/100|[from] Recoil
|
|-heal|p1a: Corviknight|8/100|[from] item: Leftovers
|upkeep
|
|t:|1779707278
|switch|p2a: Iron Moth|Iron Moth|49/100
|turn|28
|inactive|toasterovens123 has 120 seconds left.
|
|t:|1779707288
|switch|p1a: Ting-Lu|Ting-Lu|86/100
|-ability|p1a: Ting-Lu|Vessel of Ruin
|move|p2a: Iron Moth|Fiery Dance|p1a: Ting-Lu
|-damage|p1a: Ting-Lu|69/100
|-boost|p2a: Iron Moth|spa|1
|
|-heal|p1a: Ting-Lu|76/100|[from] item: Leftovers
|upkeep
|turn|29
|inactive|toasterovens123 has 120 seconds left.
|
|t:|1779707300
|-end|p2a: Iron Moth|Quark Drive|[silent]
|switch|p2a: Zamazenta|Zamazenta|60/100
|move|p1a: Ting-Lu|Earthquake|p2a: Zamazenta
|-damage|p2a: Zamazenta|31/100
|
|-heal|p1a: Ting-Lu|82/100|[from] item: Leftovers
|upkeep
|turn|30
|
|t:|1779707311
|switch|p1a: Raging Bolt|Raging Bolt|100/100
|-enditem|p1a: Raging Bolt|Booster Energy
|-activate|p1a: Raging Bolt|ability: Protosynthesis|[fromitem]
|-start|p1a: Raging Bolt|protosynthesisspa
|move|p2a: Zamazenta|Reflect|p2a: Zamazenta
|-sidestart|p2: toasterovens123|Reflect
|
|upkeep
|turn|31
|
|t:|1779707318
|move|p2a: Zamazenta|Light Screen|p2a: Zamazenta
|-sidestart|p2: toasterovens123|move: Light Screen
|move|p1a: Raging Bolt|Dragon Pulse|p2a: Zamazenta
|-damage|p2a: Zamazenta|6/100
|
|upkeep
|turn|32
|
|t:|1779707328
|switch|p2a: Hatterene|Hatterene, F|56/100
|move|p1a: Raging Bolt|Dragon Pulse|p2a: Hatterene
|-immune|p2a: Hatterene
|
|-heal|p2a: Hatterene|62/100|[from] item: Leftovers
|upkeep
|turn|33
|
|t:|1779707344
|move|p1a: Raging Bolt|Calm Mind|p1a: Raging Bolt
|-boost|p1a: Raging Bolt|spa|1
|-boost|p1a: Raging Bolt|spd|1
|move|p2a: Hatterene|Draining Kiss|p1a: Raging Bolt
|-supereffective|p1a: Raging Bolt
|-damage|p1a: Raging Bolt|71/100
|-heal|p2a: Hatterene|89/100|[from] drain|[of] p1a: Raging Bolt
|
|-heal|p2a: Hatterene|95/100|[from] item: Leftovers
|upkeep
|turn|34
|
|t:|1779707354
|move|p1a: Raging Bolt|Thunderbolt|p2a: Hatterene
|-damage|p2a: Hatterene|44/100
|move|p2a: Hatterene|Draining Kiss|p1a: Raging Bolt
|-supereffective|p1a: Raging Bolt
|-damage|p1a: Raging Bolt|43/100
|-heal|p2a: Hatterene|70/100|[from] drain|[of] p1a: Raging Bolt
|
|-heal|p2a: Hatterene|76/100|[from] item: Leftovers
|upkeep
|turn|35
|
|t:|1779707364
|move|p1a: Raging Bolt|Thunderbolt|p2a: Hatterene
|-damage|p2a: Hatterene|24/100
|move|p2a: Hatterene|Draining Kiss|p1a: Raging Bolt
|-supereffective|p1a: Raging Bolt
|-damage|p1a: Raging Bolt|12/100
|-heal|p2a: Hatterene|53/100|[from] drain|[of] p1a: Raging Bolt
|
|-heal|p2a: Hatterene|59/100|[from] item: Leftovers
|upkeep
|turn|36
|
|t:|1779707373
|move|p1a: Raging Bolt|Thunderbolt|p2a: Hatterene
|-damage|p2a: Hatterene|4/100
|move|p2a: Hatterene|Draining Kiss|p1a: Raging Bolt
|-supereffective|p1a: Raging Bolt
|-damage|p1a: Raging Bolt|0 fnt
|-heal|p2a: Hatterene|15/100|[from] drain|[of] p1a: Raging Bolt
|faint|p1a: Raging Bolt
|-end|p1a: Raging Bolt|Protosynthesis|[silent]
|
|-heal|p2a: Hatterene|21/100|[from] item: Leftovers
|upkeep
|
|t:|1779707386
|switch|p1a: Ogerpon|Ogerpon-Wellspring, F|100/100
|turn|37
|
|t:|1779707402
|move|p1a: Ogerpon|Swords Dance|p1a: Ogerpon
|-boost|p1a: Ogerpon|atk|2
|move|p2a: Hatterene|Draining Kiss|p1a: Ogerpon
|-damage|p1a: Ogerpon|72/100
|-heal|p2a: Hatterene|42/100|[from] drain|[of] p1a: Ogerpon
|
|-heal|p2a: Hatterene|48/100|[from] item: Leftovers
|-sideend|p2: toasterovens123|Reflect
|upkeep
|turn|38
|
|t:|1779707413
|switch|p2a: Zamazenta|Zamazenta|6/100
|move|p1a: Ogerpon|Ivy Cudgel|p2a: Zamazenta|[anim] Ivy Cudgel Water
|-damage|p2a: Zamazenta|0 fnt
|faint|p2a: Zamazenta
|
|-sideend|p2: toasterovens123|move: Light Screen
|upkeep
|
|t:|1779707419
|switch|p2a: Iron Moth|Iron Moth|49/100
|turn|39
|
|t:|1779707427
|switch|p1a: Ting-Lu|Ting-Lu|82/100
|-ability|p1a: Ting-Lu|Vessel of Ruin
|move|p2a: Iron Moth|Sludge Wave|p1a: Ting-Lu
|-resisted|p1a: Ting-Lu
|-damage|p1a: Ting-Lu|71/100
|
|-heal|p1a: Ting-Lu|77/100|[from] item: Leftovers
|upkeep
|turn|40
|
|t:|1779707437
|-end|p2a: Iron Moth|Quark Drive|[silent]
|switch|p2a: Gliscor|Gliscor, F|100/100 tox
|move|p1a: Ting-Lu|Earthquake|p2a: Gliscor
|-immune|p2a: Gliscor
|
|-heal|p1a: Ting-Lu|84/100|[from] item: Leftovers
|upkeep
|turn|41
|
|t:|1779707445
|move|p2a: Gliscor|Facade|p1a: Ting-Lu
|-damage|p1a: Ting-Lu|62/100
|move|p1a: Ting-Lu|Stealth Rock|p2a: Gliscor
|-sidestart|p2: toasterovens123|move: Stealth Rock
|
|-heal|p1a: Ting-Lu|68/100|[from] item: Leftovers
|upkeep
|turn|42
|
|t:|1779707453
|switch|p1a: Corviknight|Corviknight, F, tera:Dragon|8/100
|move|p2a: Gliscor|Facade|p1a: Corviknight
|-damage|p1a: Corviknight|0 fnt
|faint|p1a: Corviknight
|
|upkeep
|
|t:|1779707461
|switch|p1a: Ogerpon|Ogerpon-Wellspring, F|72/100
|turn|43
|
|t:|1779707465
|move|p2a: Gliscor|Facade|p1a: Ogerpon
|-damage|p1a: Ogerpon|19/100
|move|p1a: Ogerpon|Ivy Cudgel|p2a: Gliscor|[anim] Ivy Cudgel Water
|-supereffective|p2a: Gliscor
|-damage|p2a: Gliscor|1/100 tox
|
|-heal|p2a: Gliscor|13/100 tox|[from] ability: Poison Heal
|upkeep
|turn|44
|
|t:|1779707474
|move|p2a: Gliscor|Facade|p1a: Ogerpon
|-damage|p1a: Ogerpon|0 fnt
|faint|p1a: Ogerpon
|
|-heal|p2a: Gliscor|26/100 tox|[from] ability: Poison Heal
|upkeep
|
|t:|1779707481
|switch|p1a: Cinderace|Cinderace, F|6/100
|turn|45
|
|t:|1779707485
|move|p1a: Cinderace|Sucker Punch|p2a: Gliscor
|-start|p1a: Cinderace|typechange|Dark|[from] ability: Libero
|-damage|p2a: Gliscor|0 fnt
|faint|p2a: Gliscor
|
|upkeep
|
|t:|1779707501
|switch|p2a: Hatterene|Hatterene, F|48/100
|-damage|p2a: Hatterene|35/100|[from] Stealth Rock
|turn|46
|
|t:|1779707505
|switch|p1a: Ting-Lu|Ting-Lu|68/100
|-ability|p1a: Ting-Lu|Vessel of Ruin
|move|p2a: Hatterene|Draining Kiss|p1a: Ting-Lu
|-supereffective|p1a: Ting-Lu
|-damage|p1a: Ting-Lu|50/100
|-heal|p2a: Hatterene|57/100|[from] drain|[of] p1a: Ting-Lu
|
|-heal|p1a: Ting-Lu|56/100|[from] item: Leftovers
|-heal|p2a: Hatterene|63/100|[from] item: Leftovers
|upkeep
|turn|47
|
|t:|1779707518
|move|p1a: Ting-Lu|Ruination|p2a: Hatterene
|-damage|p2a: Hatterene|32/100
|move|p2a: Hatterene|Draining Kiss|p1a: Ting-Lu
|-supereffective|p1a: Ting-Lu
|-damage|p1a: Ting-Lu|39/100
|-heal|p2a: Hatterene|53/100|[from] drain|[of] p1a: Ting-Lu
|
|-heal|p1a: Ting-Lu|45/100|[from] item: Leftovers
|-heal|p2a: Hatterene|59/100|[from] item: Leftovers
|upkeep
|turn|48
|
|t:|1779707531
|move|p1a: Ting-Lu|Earthquake|p2a: Hatterene
|-damage|p2a: Hatterene|25/100
|move|p2a: Hatterene|Draining Kiss|p1a: Ting-Lu
|-supereffective|p1a: Ting-Lu
|-crit|p1a: Ting-Lu
|-damage|p1a: Ting-Lu|18/100
|-heal|p2a: Hatterene|58/100|[from] drain|[of] p1a: Ting-Lu
|
|-heal|p1a: Ting-Lu|24/100|[from] item: Leftovers
|-heal|p2a: Hatterene|64/100|[from] item: Leftovers
|upkeep
|turn|49
|
|t:|1779707541
|move|p1a: Ting-Lu|Earthquake|p2a: Hatterene
|-damage|p2a: Hatterene|33/100
|move|p2a: Hatterene|Draining Kiss|p1a: Ting-Lu
|-supereffective|p1a: Ting-Lu
|-damage|p1a: Ting-Lu|5/100
|-heal|p2a: Hatterene|57/100|[from] drain|[of] p1a: Ting-Lu
|
|-heal|p1a: Ting-Lu|11/100|[from] item: Leftovers
|-heal|p2a: Hatterene|63/100|[from] item: Leftovers
|upkeep
|turn|50
|
|t:|1779707551
|move|p1a: Ting-Lu|Earthquake|p2a: Hatterene
|-damage|p2a: Hatterene|34/100
|move|p2a: Hatterene|Draining Kiss|p1a: Ting-Lu
|-supereffective|p1a: Ting-Lu
|-damage|p1a: Ting-Lu|0 fnt
|-heal|p2a: Hatterene|46/100|[from] drain|[of] p1a: Ting-Lu
|faint|p1a: Ting-Lu
|
|-heal|p2a: Hatterene|52/100|[from] item: Leftovers
|upkeep
|
|t:|1779707562
|switch|p1a: Cinderace|Cinderace, F|6/100
|turn|51
|
|t:|1779707566
|move|p1a: Cinderace|Pyro Ball|p2a: Hatterene
|-damage|p2a: Hatterene|0 fnt
|faint|p2a: Hatterene
|
|upkeep
|
|t:|1779707571
|switch|p2a: Iron Moth|Iron Moth|49/100
|-damage|p2a: Iron Moth|24/100|[from] Stealth Rock
|turn|52
|
|t:|1779707580
|move|p1a: Cinderace|Pyro Ball|p2a: Iron Moth
|-resisted|p2a: Iron Moth
|-damage|p2a: Iron Moth|0 fnt
|faint|p2a: Iron Moth
|-end|p2a: Iron Moth|Quark Drive|[silent]
|
|win|supmydudetest1
|raw|supmydudetest1's rating: 1558 &rarr; <strong>1573</strong><br />(+15 for winning)
|raw|toasterovens123's rating: 1472 &rarr; <strong>1457</strong><br />(-15 for losing)
|c|☆toasterovens123|gg
|l|☆toasterovens123
|player|p2|
|l|☆supmydudetest1
|player|p1|
|j|☆toasterovens123
|player|p2|toasterovens123|volo|
|l|☆toasterovens123
|player|p2|
|j|☆toasterovens123
|player|p2|toasterovens123|volo|
