|j|☆mieldrain
|j|‽aaagislash
|t:|1779621565
|gametype|singles
|player|p1|mieldrain|lady-gen4|1686
|player|p2|aaagislash|102|1619
|gen|9
|tier|[Gen 9] OU
|rated|
|rule|HP Percentage Mod: HP is shown in percentages
|rule|Endless Battle Clause: Forcing endless battles is banned
|rule|Species Clause: Limit one of each Pokémon
|rule|OHKO Clause: OHKO moves are banned
|rule|Evasion Items Clause: Evasion items are banned
|rule|Evasion Moves Clause: Evasion moves are banned
|rule|Evasion Abilities Clause: Evasion abilities are banned
|rule|Sleep Moves Clause: Sleep-inducing moves are banned
|clearpoke
|poke|p1|Samurott-Hisui, F|
|poke|p1|Iron Valiant|
|poke|p1|Pecharunt|
|poke|p1|Reuniclus, F|
|poke|p1|Darkrai|
|poke|p1|Kingambit, F|
|poke|p2|Zamazenta-*|
|poke|p2|Gastrodon, F|
|poke|p2|Slowking-Galar, F|
|poke|p2|Cetitan, F|
|poke|p2|Dragapult, F|
|poke|p2|Hoopa-Unbound|
|teampreview
|inactive|Battle timer is ON: inactive players will automatically lose when time's up. (requested by mieldrain)
|
|t:|1779621576
|teamsize|p1|6
|teamsize|p2|6
|start
|switch|p1a: Samurott|Samurott-Hisui, F|100/100
|switch|p2a: Gastrodon|Gastrodon, F|100/100
|turn|1
|
|t:|1779621578
|move|p1a: Samurott|Ceaseless Edge|p2a: Gastrodon
|-damage|p2a: Gastrodon|56/100
|-sidestart|p2: aaagislash|Spikes
|-enditem|p2a: Gastrodon|Red Card|[of] p1a: Samurott
|drag|p1a: Kingambit|Kingambit, F|100/100
|-item|p1a: Kingambit|Air Balloon
|move|p2a: Gastrodon|Earth Power|p1a: Kingambit
|-immune|p1a: Kingambit
|
|upkeep
|turn|2
|
|t:|1779621588
|-end|p1a: Kingambit|fallenundefined|[silent]
|switch|p1a: Samurott|Samurott-Hisui, F|100/100
|move|p2a: Gastrodon|Stealth Rock|p1a: Samurott
|-sidestart|p1: mieldrain|move: Stealth Rock
|
|upkeep
|turn|3
|
|t:|1779621592
|move|p1a: Samurott|Ceaseless Edge|p2a: Gastrodon
|-damage|p2a: Gastrodon|16/100
|-sidestart|p2: aaagislash|Spikes
|move|p2a: Gastrodon|Spikes|p1a: Samurott
|-sidestart|p1: mieldrain|Spikes
|
|upkeep
|turn|4
|
|t:|1779621594
|move|p1a: Samurott|Ceaseless Edge|p2a: Gastrodon
|-damage|p2a: Gastrodon|0 fnt
|-sidestart|p2: aaagislash|Spikes
|faint|p2a: Gastrodon
|
|upkeep
|
|t:|1779621597
|switch|p2a: Zamazenta|Zamazenta|100/100
|-damage|p2a: Zamazenta|75/100|[from] Spikes
|-ability|p2a: Zamazenta|Dauntless Shield|boost
|-boost|p2a: Zamazenta|def|1
|turn|5
|
|t:|1779621600
|move|p2a: Zamazenta|Iron Defense|p2a: Zamazenta
|-boost|p2a: Zamazenta|def|2
|move|p1a: Samurott|Taunt|p2a: Zamazenta
|-start|p2a: Zamazenta|move: Taunt
|
|-heal|p2a: Zamazenta|82/100|[from] item: Leftovers
|upkeep
|turn|6
|
|t:|1779621603
|switch|p1a: Pecharunt|Pecharunt|100/100
|-damage|p1a: Pecharunt|88/100|[from] Stealth Rock
|-damage|p1a: Pecharunt|76/100|[from] Spikes
|move|p2a: Zamazenta|Body Press|p1a: Pecharunt
|-immune|p1a: Pecharunt
|
|-heal|p2a: Zamazenta|88/100|[from] item: Leftovers
|upkeep
|turn|7
|
|t:|1779621606
|-terastallize|p2a: Zamazenta|Steel
|move|p2a: Zamazenta|Body Press|p1a: Pecharunt
|-immune|p1a: Pecharunt
|move|p1a: Pecharunt|Malignant Chain|p2a: Zamazenta
|-immune|p2a: Zamazenta
|
|-heal|p2a: Zamazenta|94/100|[from] item: Leftovers
|upkeep
|turn|8
|
|t:|1779621609
|move|p2a: Zamazenta|Body Press|p1a: Pecharunt
|-immune|p1a: Pecharunt
|move|p1a: Pecharunt|Shadow Ball|p2a: Zamazenta
|-damage|p2a: Zamazenta|69/100
|
|-heal|p2a: Zamazenta|75/100|[from] item: Leftovers
|-end|p2a: Zamazenta|move: Taunt
|upkeep
|turn|9
|
|t:|1779621611
|move|p1a: Pecharunt|Shadow Ball|p2a: Zamazenta
|-damage|p2a: Zamazenta|49/100
|move|p2a: Zamazenta|Roar|p1a: Pecharunt
|drag|p1a: Samurott|Samurott-Hisui, F|100/100
|-damage|p1a: Samurott|88/100|[from] Stealth Rock
|-damage|p1a: Samurott|76/100|[from] Spikes
|
|-heal|p2a: Zamazenta|55/100|[from] item: Leftovers
|upkeep
|turn|10
|
|t:|1779621616
|switch|p1a: Pecharunt|Pecharunt|76/100
|-damage|p1a: Pecharunt|64/100|[from] Stealth Rock
|-damage|p1a: Pecharunt|51/100|[from] Spikes
|move|p2a: Zamazenta|Body Press|p1a: Pecharunt
|-immune|p1a: Pecharunt
|
|-heal|p2a: Zamazenta|62/100|[from] item: Leftovers
|upkeep
|turn|11
|
|t:|1779621618
|move|p1a: Pecharunt|Recover|p1a: Pecharunt
|-heal|p1a: Pecharunt|100/100
|move|p2a: Zamazenta|Roar|p1a: Pecharunt
|drag|p1a: Darkrai|Darkrai|100/100
|-damage|p1a: Darkrai|88/100|[from] Stealth Rock
|-damage|p1a: Darkrai|76/100|[from] Spikes
|
|-heal|p2a: Zamazenta|68/100|[from] item: Leftovers
|upkeep
|turn|12
|
|t:|1779621625
|switch|p1a: Pecharunt|Pecharunt|100/100
|-damage|p1a: Pecharunt|88/100|[from] Stealth Rock
|-damage|p1a: Pecharunt|76/100|[from] Spikes
|move|p2a: Zamazenta|Body Press|p1a: Pecharunt
|-immune|p1a: Pecharunt
|
|-heal|p2a: Zamazenta|74/100|[from] item: Leftovers
|upkeep
|turn|13
|
|t:|1779621628
|move|p1a: Pecharunt|Shadow Ball|p2a: Zamazenta
|-damage|p2a: Zamazenta|50/100
|-unboost|p2a: Zamazenta|spd|1
|move|p2a: Zamazenta|Roar|p1a: Pecharunt
|drag|p1a: Darkrai|Darkrai|76/100
|-damage|p1a: Darkrai|63/100|[from] Stealth Rock
|-damage|p1a: Darkrai|51/100|[from] Spikes
|
|-heal|p2a: Zamazenta|56/100|[from] item: Leftovers
|upkeep
|turn|14
|
|t:|1779621633
|switch|p1a: Pecharunt|Pecharunt|76/100
|-damage|p1a: Pecharunt|64/100|[from] Stealth Rock
|-damage|p1a: Pecharunt|51/100|[from] Spikes
|move|p2a: Zamazenta|Roar|p1a: Pecharunt
|drag|p1a: Darkrai|Darkrai|51/100
|-damage|p1a: Darkrai|38/100|[from] Stealth Rock
|-damage|p1a: Darkrai|26/100|[from] Spikes
|
|-heal|p2a: Zamazenta|62/100|[from] item: Leftovers
|upkeep
|turn|15
|
|t:|1779621637
|move|p2a: Zamazenta|Body Press|p1a: Darkrai
|-supereffective|p1a: Darkrai
|-damage|p1a: Darkrai|0 fnt
|faint|p1a: Darkrai
|
|-heal|p2a: Zamazenta|68/100|[from] item: Leftovers
|upkeep
|
|t:|1779621642
|switch|p1a: Iron Valiant|Iron Valiant|100/100
|-damage|p1a: Iron Valiant|94/100|[from] Stealth Rock
|-damage|p1a: Iron Valiant|82/100|[from] Spikes
|-enditem|p1a: Iron Valiant|Booster Energy
|-activate|p1a: Iron Valiant|ability: Quark Drive|[fromitem]
|-start|p1a: Iron Valiant|quarkdrivespe
|turn|16
|
|t:|1779621646
|move|p1a: Iron Valiant|Close Combat|p2a: Zamazenta
|-supereffective|p2a: Zamazenta
|-damage|p2a: Zamazenta|28/100
|-unboost|p1a: Iron Valiant|def|1
|-unboost|p1a: Iron Valiant|spd|1
|move|p2a: Zamazenta|Roar|p1a: Iron Valiant
|-end|p1a: Iron Valiant|Quark Drive|[silent]
|drag|p1a: Kingambit|Kingambit, F|100/100
|-damage|p1a: Kingambit|94/100|[from] Stealth Rock
|-activate|p1a: Kingambit|ability: Supreme Overlord
|-start|p1a: Kingambit|fallen1|[silent]
|-item|p1a: Kingambit|Air Balloon
|
|-heal|p2a: Zamazenta|34/100|[from] item: Leftovers
|upkeep
|turn|17
|
|t:|1779621656
|-end|p1a: Kingambit|fallen1|[silent]
|switch|p1a: Pecharunt|Pecharunt|51/100
|-damage|p1a: Pecharunt|39/100|[from] Stealth Rock
|-damage|p1a: Pecharunt|27/100|[from] Spikes
|move|p2a: Zamazenta|Roar|p1a: Pecharunt
|drag|p1a: Reuniclus|Reuniclus, F|100/100
|
|-heal|p2a: Zamazenta|40/100|[from] item: Leftovers
|upkeep
|turn|18
|
|t:|1779621662
|move|p2a: Zamazenta|Substitute|p2a: Zamazenta
|-start|p2a: Zamazenta|Substitute
|-damage|p2a: Zamazenta|15/100
|move|p1a: Reuniclus|Shadow Ball|p2a: Zamazenta
|-end|p2a: Zamazenta|Substitute
|
|-heal|p2a: Zamazenta|22/100|[from] item: Leftovers
|upkeep
|turn|19
|
|t:|1779621671
|switch|p2a: Hoopa|Hoopa-Unbound|100/100
|-damage|p2a: Hoopa|75/100|[from] Spikes
|move|p1a: Reuniclus|Trick Room|p1a: Reuniclus
|-fieldstart|move: Trick Room|[of] p1a: Reuniclus
|
|upkeep
|turn|20
|
|t:|1779621675
|switch|p1a: Kingambit|Kingambit, F|94/100
|-damage|p1a: Kingambit|88/100|[from] Stealth Rock
|-activate|p1a: Kingambit|ability: Supreme Overlord
|-start|p1a: Kingambit|fallen1|[silent]
|-item|p1a: Kingambit|Air Balloon
|move|p2a: Hoopa|Drain Punch|p1a: Kingambit
|-supereffective|p1a: Kingambit
|-damage|p1a: Kingambit|0 fnt
|-heal|p2a: Hoopa|100/100|[from] drain|[of] p1a: Kingambit
|-enditem|p1a: Kingambit|Air Balloon
|faint|p1a: Kingambit
|-end|p1a: Kingambit|fallen1|[silent]
|
|upkeep
|
|t:|1779621677
|switch|p1a: Samurott|Samurott-Hisui, F|76/100
|-damage|p1a: Samurott|63/100|[from] Stealth Rock
|-damage|p1a: Samurott|51/100|[from] Spikes
|turn|21
|
|t:|1779621681
|move|p2a: Hoopa|Drain Punch|p1a: Samurott
|-supereffective|p1a: Samurott
|-damage|p1a: Samurott|0 fnt
|faint|p1a: Samurott
|
|upkeep
|
|t:|1779621684
|switch|p1a: Iron Valiant|Iron Valiant|82/100
|-damage|p1a: Iron Valiant|76/100|[from] Stealth Rock
|-damage|p1a: Iron Valiant|63/100|[from] Spikes
|turn|22
|
|t:|1779621686
|move|p2a: Hoopa|Psychic|p1a: Iron Valiant
|-supereffective|p1a: Iron Valiant
|-damage|p1a: Iron Valiant|0 fnt
|faint|p1a: Iron Valiant
|-end|p1a: Iron Valiant|Quark Drive|[silent]
|
|upkeep
|
|t:|1779621691
|switch|p1a: Pecharunt|Pecharunt|27/100
|-damage|p1a: Pecharunt|14/100|[from] Stealth Rock
|-damage|p1a: Pecharunt|2/100|[from] Spikes
|turn|23
|
|t:|1779621694
|move|p2a: Hoopa|Knock Off|p1a: Pecharunt
|-supereffective|p1a: Pecharunt
|-damage|p1a: Pecharunt|0 fnt
|-enditem|p1a: Pecharunt|Shuca Berry|[from] move: Knock Off|[of] p2a: Hoopa
|faint|p1a: Pecharunt
|
|-fieldend|move: Trick Room
|upkeep
|
|t:|1779621696
|switch|p1a: Reuniclus|Reuniclus, F|100/100
|turn|24
|
|t:|1779621698
|move|p2a: Hoopa|Knock Off|p1a: Reuniclus
|-supereffective|p1a: Reuniclus
|-damage|p1a: Reuniclus|0 fnt
|-enditem|p1a: Reuniclus|Life Orb|[from] move: Knock Off|[of] p2a: Hoopa
|faint|p1a: Reuniclus
|
|win|aaagislash
|raw|mieldrain's rating: 1686 &rarr; <strong>1662</strong><br />(-24 for losing)
|raw|aaagislash's rating: 1619 &rarr; <strong>1643</strong><br />(+24 for winning)
|l|☆mieldrain
|player|p1|
|l|‽aaagislash
|player|p2|
