|j|☆Winds&WavesGoat
|j|☆fregene97
|t:|1779561390
|gametype|singles
|player|p1|Winds&WavesGoat|steven|1360
|player|p2|fregene97|camper|1360
|gen|9
|tier|[Gen 9] OU
|rated|
|rule|HP Percentage Mod: HP is shown in percentages
|rule|Endless Battle Clause: Forcing endless battles is banned
|rule|Species Clause: Limit one of each Pokémon
|rule|OHKO Clause: OHKO moves are banned
|rule|Evasion Items Clause: Evasion items are banned
|rule|Evasion Moves Clause: Evasion moves are banned
|rule|Evasion Abilities Clause: Evasion abilities are banned
|rule|Sleep Moves Clause: Sleep-inducing moves are banned
|clearpoke
|poke|p1|Ninetales, M|
|poke|p1|Great Tusk|
|poke|p1|Walking Wake|
|poke|p1|Raging Bolt|
|poke|p1|Hatterene, F|
|poke|p1|Venusaur, M|
|poke|p2|Gholdengo|
|poke|p2|Hitmonlee, M|
|poke|p2|Rillaboom, M|
|poke|p2|Samurott-Hisui, M|
|poke|p2|Glimmora, M|
|poke|p2|Raging Bolt|
|teampreview
|inactive|Battle timer is ON: inactive players will automatically lose when time's up. (requested by Winds&WavesGoat)
|
|t:|1779561398
|teamsize|p1|6
|teamsize|p2|6
|start
|switch|p1a: Ninetales|Ninetales, M|100/100
|switch|p2a: Raging Bolt|Raging Bolt|100/100
|-weather|SunnyDay|[from] ability: Drought|[of] p1a: Ninetales
|-activate|p2a: Raging Bolt|ability: Protosynthesis
|-start|p2a: Raging Bolt|protosynthesisspa
|turn|1
|
|t:|1779561404
|switch|p1a: Hatterene|Hatterene, F|100/100
|move|p2a: Raging Bolt|Calm Mind|p2a: Raging Bolt
|-boost|p2a: Raging Bolt|spa|1
|-boost|p2a: Raging Bolt|spd|1
|
|-weather|SunnyDay|[upkeep]
|upkeep
|turn|2
|
|t:|1779561410
|-terastallize|p2a: Raging Bolt|Fairy
|move|p2a: Raging Bolt|Thunderbolt|p1a: Hatterene
|-damage|p1a: Hatterene|0 fnt
|faint|p1a: Hatterene
|
|-weather|SunnyDay|[upkeep]
|upkeep
|
|t:|1779561416
|switch|p1a: Raging Bolt|Raging Bolt|100/100
|-activate|p1a: Raging Bolt|ability: Protosynthesis
|-start|p1a: Raging Bolt|protosynthesisspa
|turn|3
|
|t:|1779561428
|move|p1a: Raging Bolt|Thunderbolt|p2a: Raging Bolt
|-damage|p2a: Raging Bolt|61/100
|move|p2a: Raging Bolt|Thunderbolt|p1a: Raging Bolt
|-resisted|p1a: Raging Bolt
|-damage|p1a: Raging Bolt|74/100
|
|-weather|SunnyDay|[upkeep]
|-heal|p1a: Raging Bolt|80/100|[from] item: Leftovers
|upkeep
|turn|4
|
|t:|1779561434
|move|p2a: Raging Bolt|Dragon Pulse|p1a: Raging Bolt
|-supereffective|p1a: Raging Bolt
|-damage|p1a: Raging Bolt|0 fnt
|faint|p1a: Raging Bolt
|-end|p1a: Raging Bolt|Protosynthesis|[silent]
|
|-weather|SunnyDay|[upkeep]
|upkeep
|
|t:|1779561436
|switch|p1a: Walking Wake|Walking Wake|100/100
|-activate|p1a: Walking Wake|ability: Protosynthesis
|-start|p1a: Walking Wake|protosynthesisspa
|turn|5
|
|t:|1779561454
|move|p1a: Walking Wake|Flamethrower|p2a: Raging Bolt
|-damage|p2a: Raging Bolt|0 fnt
|faint|p2a: Raging Bolt
|-end|p2a: Raging Bolt|Protosynthesis|[silent]
|
|-weather|SunnyDay|[upkeep]
|upkeep
|
|t:|1779561458
|switch|p2a: Glimmora|Glimmora, M, shiny|100/100
|turn|6
|
|t:|1779561464
|-end|p1a: Walking Wake|Protosynthesis|[silent]
|switch|p1a: Venusaur|Venusaur, M|100/100
|move|p2a: Glimmora|Stealth Rock|p1a: Venusaur
|-sidestart|p1: Winds&WavesGoat|move: Stealth Rock
|
|-weather|SunnyDay|[upkeep]
|upkeep
|turn|7
|
|t:|1779561467
|move|p1a: Venusaur|Growth|p1a: Venusaur
|-boost|p1a: Venusaur|atk|2
|-boost|p1a: Venusaur|spa|2
|move|p2a: Glimmora|Power Gem|p1a: Venusaur
|-damage|p1a: Venusaur|58/100
|
|-weather|SunnyDay|[upkeep]
|upkeep
|turn|8
|
|t:|1779561470
|move|p1a: Venusaur|Giga Drain|p2a: Glimmora
|-damage|p2a: Glimmora|29/100
|-heal|p1a: Venusaur|100/100|[from] drain|[of] p2a: Glimmora
|-enditem|p2a: Glimmora|Red Card|[of] p1a: Venusaur
|drag|p1a: Ninetales|Ninetales, M|100/100
|-damage|p1a: Ninetales|76/100|[from] Stealth Rock
|move|p2a: Glimmora|Earth Power|p1a: Ninetales
|-supereffective|p1a: Ninetales
|-damage|p1a: Ninetales|25/100
|-unboost|p1a: Ninetales|spd|1
|
|-weather|none
|upkeep
|turn|9
|
|t:|1779561476
|switch|p1a: Great Tusk|Great Tusk|100/100
|-damage|p1a: Great Tusk|98/100|[from] Stealth Rock
|move|p2a: Glimmora|Earth Power|p1a: Great Tusk
|-damage|p1a: Great Tusk|68/100
|
|upkeep
|turn|10
|
|t:|1779561480
|switch|p2a: Gholdengo|Gholdengo, shiny|100/100
|move|p1a: Great Tusk|Headlong Rush|p2a: Gholdengo
|-supereffective|p2a: Gholdengo
|-damage|p2a: Gholdengo|26/100
|-unboost|p1a: Great Tusk|def|1
|-unboost|p1a: Great Tusk|spd|1
|
|upkeep
|turn|11
|
|t:|1779561483
|move|p1a: Great Tusk|Headlong Rush|p2a: Gholdengo
|-supereffective|p2a: Gholdengo
|-damage|p2a: Gholdengo|0 fnt
|-unboost|p1a: Great Tusk|def|1
|-unboost|p1a: Great Tusk|spd|1
|faint|p2a: Gholdengo
|
|upkeep
|
|t:|1779561485
|switch|p2a: Rillaboom|Rillaboom, M, shiny|100/100
|-fieldstart|move: Grassy Terrain|[from] ability: Grassy Surge|[of] p2a: Rillaboom
|turn|12
|
|t:|1779561487
|-end|p1a: Great Tusk|Protosynthesis|[silent]
|switch|p1a: Ninetales|Ninetales, M|25/100
|-damage|p1a: Ninetales|0 fnt|[from] Stealth Rock
|faint|p1a: Ninetales
|move|p2a: Rillaboom|Grassy Glide|p1: Ninetales|[notarget]
|-fail|p2a: Rillaboom
|
|upkeep
|
|t:|1779561491
|switch|p1a: Venusaur|Venusaur, M|100/100
|-damage|p1a: Venusaur|88/100|[from] Stealth Rock
|turn|13
|
|t:|1779561495
|move|p1a: Venusaur|Growth|p1a: Venusaur
|-boost|p1a: Venusaur|atk|1
|-boost|p1a: Venusaur|spa|1
|move|p2a: Rillaboom|High Horsepower|p1a: Venusaur
|-damage|p1a: Venusaur|29/100
|-damage|p2a: Rillaboom|91/100|[from] item: Life Orb
|
|-heal|p1a: Venusaur|35/100|[from] Grassy Terrain
|-heal|p2a: Rillaboom|97/100|[from] Grassy Terrain
|upkeep
|turn|14
|
|t:|1779561498
|move|p2a: Rillaboom|Grassy Glide|p1a: Venusaur
|-resisted|p1a: Venusaur
|-damage|p1a: Venusaur|18/100
|-damage|p2a: Rillaboom|87/100|[from] item: Life Orb
|move|p1a: Venusaur|Sludge Bomb|p2a: Rillaboom
|-supereffective|p2a: Rillaboom
|-damage|p2a: Rillaboom|0 fnt
|faint|p2a: Rillaboom
|-damage|p1a: Venusaur|8/100|[from] item: Life Orb
|
|-heal|p1a: Venusaur|14/100|[from] Grassy Terrain
|upkeep
|
|t:|1779561501
|switch|p2a: Hitmonlee|Hitmonlee, M|100/100
|-enditem|p2a: Hitmonlee|Grassy Seed
|-boost|p2a: Hitmonlee|def|1|[from] item: Grassy Seed
|turn|15
|
|t:|1779561506
|move|p2a: Hitmonlee|Bullet Punch|p1a: Venusaur
|-damage|p1a: Venusaur|0 fnt
|faint|p1a: Venusaur
|
|upkeep
|
|t:|1779561508
|switch|p1a: Great Tusk|Great Tusk|68/100
|-damage|p1a: Great Tusk|65/100|[from] Stealth Rock
|turn|16
|
|t:|1779561513
|move|p2a: Hitmonlee|Close Combat|p1a: Great Tusk
|-damage|p1a: Great Tusk|22/100
|-unboost|p2a: Hitmonlee|def|1
|-unboost|p2a: Hitmonlee|spd|1
|-damage|p2a: Hitmonlee|84/100|[from] item: Rocky Helmet|[of] p1a: Great Tusk
|move|p1a: Great Tusk|Stealth Rock|p2a: Hitmonlee
|-sidestart|p2: fregene97|move: Stealth Rock
|
|-heal|p2a: Hitmonlee|90/100|[from] Grassy Terrain
|-heal|p1a: Great Tusk|28/100|[from] Grassy Terrain
|-fieldend|move: Grassy Terrain
|upkeep
|turn|17
|
|t:|1779561517
|move|p2a: Hitmonlee|Close Combat|p1a: Great Tusk
|-damage|p1a: Great Tusk|0 fnt
|-unboost|p2a: Hitmonlee|def|1
|-unboost|p2a: Hitmonlee|spd|1
|-damage|p2a: Hitmonlee|74/100|[from] item: Rocky Helmet|[of] p1a: Great Tusk
|faint|p1a: Great Tusk
|-end|p1a: Great Tusk|Protosynthesis|[silent]
|
|upkeep
|
|t:|1779561519
|switch|p1a: Walking Wake|Walking Wake|100/100
|-damage|p1a: Walking Wake|88/100|[from] Stealth Rock
|turn|18
|
|t:|1779561533
|move|p2a: Hitmonlee|Poison Jab|p1a: Walking Wake
|-damage|p1a: Walking Wake|57/100
|-status|p1a: Walking Wake|psn
|move|p1a: Walking Wake|Dragon Pulse|p2a: Hitmonlee
|-damage|p2a: Hitmonlee|0 fnt
|faint|p2a: Hitmonlee
|
|-damage|p1a: Walking Wake|45/100 psn|[from] psn
|upkeep
|
|t:|1779561537
|switch|p2a: Glimmora|Glimmora, M, shiny|29/100
|-damage|p2a: Glimmora|16/100|[from] Stealth Rock
|turn|19
|
|t:|1779561539
|move|p1a: Walking Wake|Dragon Pulse|p2a: Glimmora
|-damage|p2a: Glimmora|0 fnt
|faint|p2a: Glimmora
|
|-damage|p1a: Walking Wake|32/100 psn|[from] psn
|upkeep
|
|t:|1779561541
|switch|p2a: Samurott|Samurott-Hisui, M, shiny|100/100
|-damage|p2a: Samurott|88/100|[from] Stealth Rock
|turn|20
|
|t:|1779561545
|move|p2a: Samurott|Aqua Jet|p1a: Walking Wake
|-resisted|p1a: Walking Wake
|-damage|p1a: Walking Wake|27/100 psn
|move|p1a: Walking Wake|Dragon Pulse|p2a: Samurott
|-damage|p2a: Samurott|0 fnt
|faint|p2a: Samurott
|
|win|Winds&WavesGoat
|raw|Winds&amp;WavesGoat's rating: 1360 &rarr; <strong>1380</strong><br />(+20 for winning)
|raw|fregene97's rating: 1360 &rarr; <strong>1340</strong><br />(-20 for losing)
|l|☆Winds&WavesGoat
|player|p1|
|l|☆fregene97
|player|p2|
