|j|☆mpreg fantasies
|j|☆Auburn Hills
|t:|1779714259
|gametype|singles
|player|p1|mpreg fantasies|102|1696
|player|p2|Auburn Hills|alder|1798
|gen|9
|tier|[Gen 9] OU
|rated|
|rule|HP Percentage Mod: HP is shown in percentages
|rule|Endless Battle Clause: Forcing endless battles is banned
|rule|Species Clause: Limit one of each Pokémon
|rule|OHKO Clause: OHKO moves are banned
|rule|Evasion Items Clause: Evasion items are banned
|rule|Evasion Moves Clause: Evasion moves are banned
|rule|Evasion Abilities Clause: Evasion abilities are banned
|rule|Sleep Moves Clause: Sleep-inducing moves are banned
|clearpoke
|poke|p1|Gholdengo|
|poke|p1|Raging Bolt|
|poke|p1|Ceruledge, F|
|poke|p1|Ribombee, M|
|poke|p1|Dragonite, M|
|poke|p1|Great Tusk|
|poke|p2|Iron Moth|
|poke|p2|Umbreon, F|
|poke|p2|Garchomp, M|
|poke|p2|Glimmora, F|
|poke|p2|Gholdengo|
|poke|p2|Dragonite, F|
|teampreview
|
|t:|1779714281
|teamsize|p1|6
|teamsize|p2|6
|start
|switch|p1a: Ribombee|Ribombee, M|100/100
|switch|p2a: Julia Jacklin|Glimmora, F|100/100
|turn|1
|inactive|Battle timer is ON: inactive players will automatically lose when time's up. (requested by mpreg fantasies)
|inactive|Auburn Hills has 120 seconds left.
|
|t:|1779714332
|move|p1a: Ribombee|Stun Spore|p2a: Julia Jacklin
|-status|p2a: Julia Jacklin|par
|move|p2a: Julia Jacklin|Sludge Wave|p1a: Ribombee
|-supereffective|p1a: Ribombee
|-enditem|p1a: Ribombee|Focus Sash
|-damage|p1a: Ribombee|1/100
|
|upkeep
|turn|2
|
|t:|1779714343
|move|p1a: Ribombee|Sticky Web|p2a: Julia Jacklin
|-sidestart|p2: Auburn Hills|move: Sticky Web
|cant|p2a: Julia Jacklin|par
|
|upkeep
|turn|3
|
|t:|1779714356
|switch|p1a: Gholdengo|Gholdengo|100/100
|-item|p1a: Gholdengo|Air Balloon
|move|p2a: Julia Jacklin|Stealth Rock|p1a: Gholdengo
|-sidestart|p1: mpreg fantasies|move: Stealth Rock
|
|upkeep
|turn|4
|
|t:|1779714364
|switch|p2a: Alvvays|Umbreon, F|100/100
|-activate|p2a: Alvvays|move: Sticky Web
|-unboost|p2a: Alvvays|spe|1
|move|p1a: Gholdengo|Psyshock|p2a: Alvvays
|-immune|p2a: Alvvays
|
|upkeep
|turn|5
|inactive|Auburn Hills has 120 seconds left.
|
|t:|1779714413
|switch|p1a: Ribombee|Ribombee, M|1/100
|-damage|p1a: Ribombee|0 fnt|[from] Stealth Rock
|faint|p1a: Ribombee
|move|p2a: Alvvays|Foul Play|p1: Ribombee|[notarget]
|-fail|p2a: Alvvays
|
|upkeep
|
|t:|1779714424
|switch|p1a: Great Tusk|Great Tusk|100/100
|-damage|p1a: Great Tusk|98/100|[from] Stealth Rock
|-enditem|p1a: Great Tusk|Booster Energy
|-activate|p1a: Great Tusk|ability: Protosynthesis|[fromitem]
|-start|p1a: Great Tusk|protosynthesisatk
|turn|6
|
|t:|1779714436
|switch|p2a: Smino|Gholdengo|100/100
|-activate|p2a: Smino|move: Sticky Web
|-unboost|p2a: Smino|spe|1
|move|p1a: Great Tusk|Rapid Spin|p2a: Smino
|-immune|p2a: Smino
|
|upkeep
|turn|7
|inactive|Auburn Hills has 120 seconds left.
|inactive|Auburn Hills has 90 seconds left.
|inactive|Auburn Hills has 60 seconds left.
|
|t:|1779714531
|-terastallize|p2a: Smino|Flying
|move|p1a: Great Tusk|Headlong Rush|p2a: Smino
|-immune|p2a: Smino
|move|p2a: Smino|Make It Rain|p1a: Great Tusk
|-damage|p1a: Great Tusk|0 fnt
|-unboost|p2a: Smino|spa|1
|faint|p1a: Great Tusk
|-end|p1a: Great Tusk|Protosynthesis|[silent]
|
|upkeep
|
|t:|1779714541
|switch|p1a: Raging Bolt|Raging Bolt|100/100
|-damage|p1a: Raging Bolt|88/100|[from] Stealth Rock
|-enditem|p1a: Raging Bolt|Booster Energy
|-activate|p1a: Raging Bolt|ability: Protosynthesis|[fromitem]
|-start|p1a: Raging Bolt|protosynthesisspa
|turn|8
|
|t:|1779714545
|switch|p2a: Elucid|Dragonite, F|100/100
|move|p1a: Raging Bolt|Calm Mind|p1a: Raging Bolt
|-boost|p1a: Raging Bolt|spa|1
|-boost|p1a: Raging Bolt|spd|1
|
|upkeep
|turn|9
|
|t:|1779714551
|move|p2a: Elucid|Earthquake|p1a: Raging Bolt
|-supereffective|p1a: Raging Bolt
|-damage|p1a: Raging Bolt|16/100
|move|p1a: Raging Bolt|Dragon Pulse|p2a: Elucid
|-supereffective|p2a: Elucid
|-damage|p2a: Elucid|0 fnt
|faint|p2a: Elucid
|
|upkeep
|
|t:|1779714555
|switch|p2a: Alvvays|Umbreon, F|100/100
|-activate|p2a: Alvvays|move: Sticky Web
|-unboost|p2a: Alvvays|spe|1
|turn|10
|
|t:|1779714560
|move|p1a: Raging Bolt|Discharge|p2a: Alvvays
|-damage|p2a: Alvvays|53/100
|-status|p2a: Alvvays|par
|move|p2a: Alvvays|Foul Play|p1a: Raging Bolt
|-damage|p1a: Raging Bolt|0 fnt
|faint|p1a: Raging Bolt
|-end|p1a: Raging Bolt|Protosynthesis|[silent]
|
|-heal|p2a: Alvvays|59/100 par|[from] item: Leftovers
|upkeep
|
|t:|1779714570
|switch|p1a: Gholdengo|Gholdengo|100/100
|-damage|p1a: Gholdengo|94/100|[from] Stealth Rock
|-item|p1a: Gholdengo|Air Balloon
|turn|11
|
|t:|1779714578
|switch|p2a: Carly Rae|Iron Moth|100/100
|-activate|p2a: Carly Rae|move: Sticky Web
|-unboost|p2a: Carly Rae|spe|1
|-enditem|p2a: Carly Rae|Booster Energy
|-activate|p2a: Carly Rae|ability: Quark Drive|[fromitem]
|-start|p2a: Carly Rae|quarkdrivespa
|-terastallize|p1a: Gholdengo|Fairy
|move|p1a: Gholdengo|Nasty Plot|p1a: Gholdengo
|-boost|p1a: Gholdengo|spa|2
|
|upkeep
|turn|12
|j| Disscratch
|
|t:|1779714583
|move|p1a: Gholdengo|Psyshock|p2a: Carly Rae
|-supereffective|p2a: Carly Rae
|-damage|p2a: Carly Rae|0 fnt
|faint|p2a: Carly Rae
|-end|p2a: Carly Rae|Quark Drive|[silent]
|
|upkeep
|
|t:|1779714585
|switch|p2a: Julia Jacklin|Glimmora, F|100/100 par
|-activate|p2a: Julia Jacklin|move: Sticky Web
|-unboost|p2a: Julia Jacklin|spe|1
|turn|13
|
|t:|1779714590
|move|p1a: Gholdengo|Psyshock|p2a: Julia Jacklin
|-supereffective|p2a: Julia Jacklin
|-enditem|p2a: Julia Jacklin|Focus Sash
|-damage|p2a: Julia Jacklin|1/100 par
|move|p2a: Julia Jacklin|Mortal Spin|p1a: Gholdengo
|-supereffective|p1a: Gholdengo
|-damage|p1a: Gholdengo|81/100
|-status|p1a: Gholdengo|psn
|-enditem|p1a: Gholdengo|Air Balloon
|-sideend|p2: Auburn Hills|Sticky Web|[from] move: Mortal Spin|[of] p2a: Julia Jacklin
|
|-damage|p1a: Gholdengo|69/100 psn|[from] psn
|upkeep
|turn|14
|
|t:|1779714603
|move|p1a: Gholdengo|Shadow Ball|p2a: Julia Jacklin
|-damage|p2a: Julia Jacklin|0 fnt
|faint|p2a: Julia Jacklin
|
|-damage|p1a: Gholdengo|56/100 psn|[from] psn
|upkeep
|
|t:|1779714606
|switch|p2a: Smino|Gholdengo, tera:Flying|100/100
|turn|15
|
|t:|1779714609
|move|p2a: Smino|Make It Rain|p1a: Gholdengo
|-supereffective|p1a: Gholdengo
|-damage|p1a: Gholdengo|0 fnt
|-unboost|p2a: Smino|spa|1
|faint|p1a: Gholdengo
|
|upkeep
|
|t:|1779714612
|switch|p1a: Ceruledge|Ceruledge, F|100/100
|-damage|p1a: Ceruledge|76/100|[from] Stealth Rock
|turn|16
|
|t:|1779714616
|switch|p2a: Rat Tally|Garchomp, M|100/100
|move|p1a: Ceruledge|Poltergeist|p2a: Rat Tally
|-activate|p2a: Rat Tally|move: Poltergeist|Loaded Dice
|-damage|p2a: Rat Tally|37/100
|
|upkeep
|turn|17
|
|t:|1779714626
|move|p1a: Ceruledge|Shadow Sneak|p2a: Rat Tally
|-damage|p2a: Rat Tally|16/100
|-damage|p1a: Ceruledge|63/100|[from] ability: Rough Skin|[of] p2a: Rat Tally
|move|p2a: Rat Tally|Scale Shot|p1a: Ceruledge|[miss]
|-miss|p2a: Rat Tally|p1a: Ceruledge
|
|upkeep
|turn|18
|
|t:|1779714633
|move|p1a: Ceruledge|Shadow Sneak|p2a: Rat Tally
|-damage|p2a: Rat Tally|0 fnt
|-damage|p1a: Ceruledge|51/100|[from] ability: Rough Skin|[of] p2a: Rat Tally
|faint|p2a: Rat Tally
|
|upkeep
|
|t:|1779714635
|switch|p2a: Smino|Gholdengo, tera:Flying|100/100
|turn|19
|
|t:|1779714643
|move|p1a: Ceruledge|Shadow Sneak|p2a: Smino
|-damage|p2a: Smino|77/100
|move|p2a: Smino|Shadow Ball|p1a: Ceruledge
|-supereffective|p1a: Ceruledge
|-damage|p1a: Ceruledge|0 fnt
|faint|p1a: Ceruledge
|
|upkeep
|
|t:|1779714648
|switch|p1a: Dragonite|Dragonite, M|100/100
|-damage|p1a: Dragonite|76/100|[from] Stealth Rock
|turn|20
|
|t:|1779714652
|move|p2a: Smino|Shadow Ball|p1a: Dragonite
|-damage|p1a: Dragonite|31/100
|move|p1a: Dragonite|Dragon Dance|p1a: Dragonite
|-boost|p1a: Dragonite|atk|1
|-boost|p1a: Dragonite|spe|1
|
|upkeep
|turn|21
|
|t:|1779714656
|move|p2a: Smino|Shadow Ball|p1a: Dragonite
|-damage|p1a: Dragonite|0 fnt
|faint|p1a: Dragonite
|
|win|Auburn Hills
|raw|mpreg fantasies's rating: 1696 &rarr; <strong>1682</strong><br />(-14 for losing)
|raw|Auburn Hills's rating: 1798 &rarr; <strong>1812</strong><br />(+14 for winning)
|l|☆Auburn Hills
|player|p2|
|l|☆mpreg fantasies
|player|p1|
|l| Disscratch
