|j|☆frin2607
|j|☆jesmar
|t:|1779603062
|gametype|singles
|player|p1|frin2607|ingo|1420
|player|p2|jesmar|ghetsis-gen5bw|1575
|gen|9
|tier|[Gen 9] OU
|rated|
|rule|HP Percentage Mod: HP is shown in percentages
|rule|Endless Battle Clause: Forcing endless battles is banned
|rule|Species Clause: Limit one of each Pokémon
|rule|OHKO Clause: OHKO moves are banned
|rule|Evasion Items Clause: Evasion items are banned
|rule|Evasion Moves Clause: Evasion moves are banned
|rule|Evasion Abilities Clause: Evasion abilities are banned
|rule|Sleep Moves Clause: Sleep-inducing moves are banned
|clearpoke
|poke|p1|Ursaluna, M|
|poke|p1|Hatterene, F|
|poke|p1|Iron Hands|
|poke|p1|Ninetales-Alola, F|
|poke|p1|Cresselia, F|
|poke|p1|Enamorus-Therian, F|
|poke|p2|Cinderace, F|
|poke|p2|Dondozo, M|
|poke|p2|Hydrapple, M|
|poke|p2|Tyranitar, F|
|poke|p2|Alomomola, M|
|poke|p2|Pecharunt|
|teampreview
|inactive|Battle timer is ON: inactive players will automatically lose when time's up. (requested by jesmar)
|
|t:|1779603077
|teamsize|p1|6
|teamsize|p2|6
|start
|switch|p1a: Ninetales|Ninetales-Alola, F|100/100
|switch|p2a: Tyranitar|Tyranitar, F|100/100
|-weather|Snowscape|[from] ability: Snow Warning|[of] p1a: Ninetales
|-weather|Sandstorm|[from] ability: Sand Stream|[of] p2a: Tyranitar
|turn|1
|
|t:|1779603089
|switch|p1a: Hatterene|Hatterene, F|100/100
|move|p2a: Tyranitar|Knock Off|p1a: Hatterene
|-damage|p1a: Hatterene|42/100
|-enditem|p1a: Hatterene|Focus Sash|[from] move: Knock Off|[of] p2a: Tyranitar
|
|-weather|Sandstorm|[upkeep]
|-damage|p1a: Hatterene|36/100|[from] Sandstorm
|upkeep
|turn|2
|
|t:|1779603100
|switch|p1a: Ninetales|Ninetales-Alola, F|100/100
|-weather|Snowscape|[from] ability: Snow Warning|[of] p1a: Ninetales
|move|p2a: Tyranitar|Earthquake|p1a: Ninetales
|-damage|p1a: Ninetales|70/100
|
|-weather|Snowscape|[upkeep]
|upkeep
|turn|3
|
|t:|1779603106
|switch|p2a: Cinderace|Cinderace, F|100/100
|move|p1a: Ninetales|Aurora Veil|p1a: Ninetales
|-sidestart|p1: frin2607|move: Aurora Veil
|
|-weather|Snowscape|[upkeep]
|upkeep
|turn|4
|
|t:|1779603116
|switch|p1a: Enamorus|Enamorus-Therian, F|100/100
|move|p2a: Cinderace|Court Change|p2a: Cinderace
|-start|p2a: Cinderace|typechange|Normal|[from] ability: Libero
|-swapsideconditions
|-activate|p2a: Cinderace|move: Court Change
|
|-weather|Snowscape|[upkeep]
|upkeep
|turn|5
|
|t:|1779603139
|switch|p1a: Ninetales|Ninetales-Alola, F|70/100
|move|p2a: Cinderace|U-turn|p1a: Ninetales
|-resisted|p1a: Ninetales
|-damage|p1a: Ninetales|61/100
|
|t:|1779603143
|switch|p2a: Pecharunt|Pecharunt|100/100|[from] U-turn
|
|-weather|Snowscape|[upkeep]
|upkeep
|turn|6
|
|t:|1779603146
|move|p1a: Ninetales|Aurora Veil|p1a: Ninetales
|-sidestart|p1: frin2607|move: Aurora Veil
|move|p2a: Pecharunt|Nasty Plot|p2a: Pecharunt
|-boost|p2a: Pecharunt|spa|2
|
|-weather|none
|upkeep
|turn|7
|
|t:|1779603149
|move|p2a: Pecharunt|Nasty Plot|p2a: Pecharunt
|-boost|p2a: Pecharunt|spa|2
|move|p1a: Ninetales|Roar|p2a: Pecharunt
|drag|p2a: Dondozo|Dondozo, M|100/100
|
|upkeep
|turn|8
|
|t:|1779603157
|switch|p2a: Pecharunt|Pecharunt|100/100
|move|p1a: Ninetales|Freeze-Dry|p2a: Pecharunt
|-damage|p2a: Pecharunt|93/100
|
|-heal|p2a: Pecharunt|99/100|[from] item: Leftovers
|upkeep
|turn|9
|
|t:|1779603179
|switch|p1a: Hatterene|Hatterene, F|36/100
|move|p2a: Pecharunt|Malignant Chain|p1a: Hatterene
|-supereffective|p1a: Hatterene
|-damage|p1a: Hatterene|0 fnt
|faint|p1a: Hatterene
|
|-heal|p2a: Pecharunt|100/100|[from] item: Leftovers
|upkeep
|
|t:|1779603193
|switch|p1a: Cresselia|Cresselia, F|100/100
|turn|10
|inactive|frin2607 has 120 seconds left.
|
|t:|1779603218
|-terastallize|p1a: Cresselia|Poison
|move|p2a: Pecharunt|Malignant Chain|p1a: Cresselia
|-resisted|p1a: Cresselia
|-damage|p1a: Cresselia|95/100
|move|p1a: Cresselia|Trick Room|p1a: Cresselia
|-fieldstart|move: Trick Room|[of] p1a: Cresselia
|
|-sideend|p2: jesmar|move: Aurora Veil
|upkeep
|turn|11
|
|t:|1779603247
|switch|p1a: Enamorus|Enamorus-Therian, F|100/100
|switch|p2a: Dondozo|Dondozo, M|100/100
|
|upkeep
|turn|12
|
|t:|1779603251
|move|p1a: Enamorus|Moonblast|p2a: Dondozo
|-damage|p2a: Dondozo|40/100
|move|p2a: Dondozo|Curse|p2a: Dondozo
|-unboost|p2a: Dondozo|spe|1
|-boost|p2a: Dondozo|atk|1
|-boost|p2a: Dondozo|def|1
|
|upkeep
|turn|13
|
|t:|1779603264
|-terastallize|p2a: Dondozo|Steel
|move|p2a: Dondozo|Rest|p2a: Dondozo
|-status|p2a: Dondozo|slp|[from] move: Rest
|-heal|p2a: Dondozo|100/100 slp|[silent]
|-enditem|p2a: Dondozo|Chesto Berry|[eat]
|-curestatus|p2a: Dondozo|slp|[msg]
|move|p1a: Enamorus|Moonblast|p2a: Dondozo
|-resisted|p2a: Dondozo
|-damage|p2a: Dondozo|72/100
|
|-sideend|p1: frin2607|move: Aurora Veil
|upkeep
|turn|14
|inactive|frin2607 has 120 seconds left.
|
|t:|1779603271
|switch|p1a: Cresselia|Cresselia, F, tera:Poison|95/100
|move|p2a: Dondozo|Curse|p2a: Dondozo
|-unboost|p2a: Dondozo|spe|1
|-boost|p2a: Dondozo|atk|1
|-boost|p2a: Dondozo|def|1
|
|-fieldend|move: Trick Room
|upkeep
|turn|15
|
|t:|1779603274
|move|p2a: Dondozo|Liquidation|p1a: Cresselia
|-crit|p1a: Cresselia
|-damage|p1a: Cresselia|46/100
|move|p1a: Cresselia|Trick Room|p1a: Cresselia
|-fieldstart|move: Trick Room|[of] p1a: Cresselia
|
|upkeep
|turn|16
|
|t:|1779603284
|switch|p1a: Enamorus|Enamorus-Therian, F|100/100
|move|p2a: Dondozo|Curse|p2a: Dondozo
|-unboost|p2a: Dondozo|spe|1
|-boost|p2a: Dondozo|atk|1
|-boost|p2a: Dondozo|def|1
|
|upkeep
|turn|17
|
|t:|1779603290
|move|p2a: Dondozo|Liquidation|p1a: Enamorus
|-damage|p1a: Enamorus|34/100
|-unboost|p1a: Enamorus|def|1
|move|p1a: Enamorus|Earth Power|p2a: Dondozo
|-supereffective|p2a: Dondozo
|-damage|p2a: Dondozo|0 fnt
|faint|p2a: Dondozo
|
|upkeep
|
|t:|1779603302
|switch|p2a: Hydrapple|Hydrapple, M|100/100
|turn|18
|
|t:|1779603308
|switch|p1a: Ninetales|Ninetales-Alola, F|61/100
|-weather|Snowscape|[from] ability: Snow Warning|[of] p1a: Ninetales
|move|p2a: Hydrapple|Giga Drain|p1a: Ninetales
|-damage|p1a: Ninetales|22/100
|
|-weather|Snowscape|[upkeep]
|upkeep
|turn|19
|
|t:|1779603321
|switch|p2a: Cinderace|Cinderace, F|100/100
|move|p1a: Ninetales|Aurora Veil|p1a: Ninetales
|-sidestart|p1: frin2607|move: Aurora Veil
|
|-weather|Snowscape|[upkeep]
|-fieldend|move: Trick Room
|upkeep
|turn|20
|
|t:|1779603329
|move|p2a: Cinderace|Court Change|p2a: Cinderace
|-start|p2a: Cinderace|typechange|Normal|[from] ability: Libero
|-swapsideconditions
|-activate|p2a: Cinderace|move: Court Change
|move|p1a: Ninetales|Roar|p2a: Cinderace
|drag|p2a: Alomomola|Alomomola, M|100/100
|
|-weather|Snowscape|[upkeep]
|upkeep
|turn|21
|
|t:|1779603338
|move|p1a: Ninetales|Aurora Veil|p1a: Ninetales
|-sidestart|p1: frin2607|move: Aurora Veil
|move|p2a: Alomomola|Flip Turn|p1a: Ninetales
|-damage|p1a: Ninetales|15/100
|
|t:|1779603340
|switch|p2a: Pecharunt|Pecharunt|100/100|[from] Flip Turn
|
|-weather|Snowscape|[upkeep]
|upkeep
|turn|22
|
|t:|1779603345
|move|p1a: Ninetales|Freeze-Dry|p2a: Pecharunt
|-crit|p2a: Pecharunt
|-damage|p2a: Pecharunt|76/100
|move|p2a: Pecharunt|Nasty Plot|p2a: Pecharunt
|-boost|p2a: Pecharunt|spa|2
|
|-weather|none
|-heal|p2a: Pecharunt|82/100|[from] item: Leftovers
|upkeep
|turn|23
|
|t:|1779603349
|move|p1a: Ninetales|Encore|p2a: Pecharunt
|-start|p2a: Pecharunt|Encore
|move|p2a: Pecharunt|Nasty Plot|p2a: Pecharunt
|-boost|p2a: Pecharunt|spa|2
|
|-heal|p2a: Pecharunt|88/100|[from] item: Leftovers
|upkeep
|turn|24
|
|t:|1779603353
|move|p1a: Ninetales|Freeze-Dry|p2a: Pecharunt
|-damage|p2a: Pecharunt|80/100
|move|p2a: Pecharunt|Nasty Plot|p2a: Pecharunt
|-boost|p2a: Pecharunt|spa|2
|
|-heal|p2a: Pecharunt|86/100|[from] item: Leftovers
|upkeep
|turn|25
|
|t:|1779603362
|move|p1a: Ninetales|Freeze-Dry|p2a: Pecharunt
|-damage|p2a: Pecharunt|79/100
|move|p2a: Pecharunt|Nasty Plot|p2a: Pecharunt
|-boost|p2a: Pecharunt|spa|0
|
|-heal|p2a: Pecharunt|85/100|[from] item: Leftovers
|-end|p2a: Pecharunt|Encore
|upkeep
|turn|26
|
|t:|1779603367
|move|p1a: Ninetales|Encore|p2a: Pecharunt
|-start|p2a: Pecharunt|Encore
|move|p2a: Pecharunt|Nasty Plot|p2a: Pecharunt
|-boost|p2a: Pecharunt|spa|0
|
|-heal|p2a: Pecharunt|91/100|[from] item: Leftovers
|-sideend|p2: jesmar|move: Aurora Veil
|upkeep
|turn|27
|
|t:|1779603379
|switch|p1a: Cresselia|Cresselia, F, tera:Poison|46/100
|switch|p2a: Cinderace|Cinderace, F|100/100
|
|upkeep
|turn|28
|
|t:|1779603382
|move|p2a: Cinderace|U-turn|p1a: Cresselia
|-start|p2a: Cinderace|typechange|Bug|[from] ability: Libero
|-resisted|p1a: Cresselia
|-damage|p1a: Cresselia|41/100
|
|t:|1779603385
|switch|p2a: Tyranitar|Tyranitar, F|100/100|[from] U-turn
|-weather|Sandstorm|[from] ability: Sand Stream|[of] p2a: Tyranitar
|move|p1a: Cresselia|Trick Room|p1a: Cresselia
|-fieldstart|move: Trick Room|[of] p1a: Cresselia
|
|-weather|Sandstorm|[upkeep]
|-damage|p1a: Cresselia|35/100|[from] Sandstorm
|-sideend|p1: frin2607|move: Aurora Veil
|upkeep
|turn|29
|
|t:|1779603399
|switch|p1a: Iron Hands|Iron Hands|100/100
|-enditem|p1a: Iron Hands|Booster Energy
|-activate|p1a: Iron Hands|ability: Quark Drive|[fromitem]
|-start|p1a: Iron Hands|quarkdriveatk
|move|p2a: Tyranitar|Knock Off|p1a: Iron Hands
|-resisted|p1a: Iron Hands
|-damage|p1a: Iron Hands|86/100
|
|-weather|Sandstorm|[upkeep]
|-damage|p1a: Iron Hands|80/100|[from] Sandstorm
|upkeep
|turn|30
|
|t:|1779603410
|switch|p2a: Pecharunt|Pecharunt|91/100
|move|p1a: Iron Hands|Swords Dance|p1a: Iron Hands
|-boost|p1a: Iron Hands|atk|2
|
|-weather|Sandstorm|[upkeep]
|-damage|p1a: Iron Hands|74/100|[from] Sandstorm
|-damage|p2a: Pecharunt|85/100|[from] Sandstorm
|-heal|p2a: Pecharunt|91/100|[from] item: Leftovers
|upkeep
|turn|31
|inactive|frin2607 has 120 seconds left.
|inactive|jesmar has 120 seconds left.
|
|t:|1779603484
|switch|p2a: Hydrapple|Hydrapple, M|100/100
|move|p1a: Iron Hands|Thunder Punch|p2a: Hydrapple
|-resisted|p2a: Hydrapple
|-damage|p2a: Hydrapple|77/100
|
|-weather|Sandstorm|[upkeep]
|-damage|p1a: Iron Hands|68/100|[from] Sandstorm
|-damage|p2a: Hydrapple|71/100|[from] Sandstorm
|upkeep
|turn|32
|inactive|frin2607 has 120 seconds left.
|
|t:|1779603491
|switch|p2a: Alomomola|Alomomola, M|100/100
|move|p1a: Iron Hands|Ice Punch|p2a: Alomomola
|-resisted|p2a: Alomomola
|-damage|p2a: Alomomola|77/100
|
|-weather|none
|-heal|p2a: Alomomola|83/100|[from] item: Leftovers
|-fieldend|move: Trick Room
|upkeep
|turn|33
|inactive|jesmar has 120 seconds left.
|
|t:|1779603517
|move|p2a: Alomomola|Wish|p2a: Alomomola
|move|p1a: Iron Hands|Drain Punch|p2a: Alomomola
|-damage|p2a: Alomomola|10/100
|-heal|p1a: Iron Hands|100/100|[from] drain|[of] p2a: Alomomola
|
|-heal|p2a: Alomomola|16/100|[from] item: Leftovers
|upkeep
|turn|34
|inactive|frin2607 has 120 seconds left.
|
|t:|1779603537
|move|p2a: Alomomola|Protect|p2a: Alomomola
|-singleturn|p2a: Alomomola|Protect
|move|p1a: Iron Hands|Thunder Punch|p2a: Alomomola
|-activate|p2a: Alomomola|move: Protect
|
|-heal|p2a: Alomomola|66/100|[from] move: Wish|[wisher] Alomomola
|-heal|p2a: Alomomola|72/100|[from] item: Leftovers
|upkeep
|turn|35
|
|t:|1779603552
|move|p2a: Alomomola|Flip Turn|p1a: Iron Hands
|-damage|p1a: Iron Hands|88/100
|
|t:|1779603554
|switch|p2a: Pecharunt|Pecharunt|91/100|[from] Flip Turn
|move|p1a: Iron Hands|Ice Punch|p2a: Pecharunt
|-damage|p2a: Pecharunt|39/100
|
|-heal|p2a: Pecharunt|45/100|[from] item: Leftovers
|upkeep
|turn|36
|
|t:|1779603563
|move|p2a: Pecharunt|Malignant Chain|p1a: Iron Hands
|-crit|p1a: Iron Hands
|-damage|p1a: Iron Hands|44/100
|move|p1a: Iron Hands|Ice Punch|p2a: Pecharunt
|-damage|p2a: Pecharunt|0 fnt
|faint|p2a: Pecharunt
|
|upkeep
|
|t:|1779603572
|switch|p2a: Hydrapple|Hydrapple, M|100/100
|turn|37
|
|t:|1779603591
|move|p2a: Hydrapple|Earth Power|p1a: Iron Hands
|-supereffective|p1a: Iron Hands
|-damage|p1a: Iron Hands|0 fnt
|faint|p1a: Iron Hands
|-end|p1a: Iron Hands|Quark Drive|[silent]
|
|upkeep
|
|t:|1779603600
|switch|p1a: Ninetales|Ninetales-Alola, F|15/100
|-weather|Snowscape|[from] ability: Snow Warning|[of] p1a: Ninetales
|turn|38
|
|t:|1779603603
|switch|p2a: Tyranitar|Tyranitar, F|100/100
|-weather|Sandstorm|[from] ability: Sand Stream|[of] p2a: Tyranitar
|move|p1a: Ninetales|Freeze-Dry|p2a: Tyranitar
|-damage|p2a: Tyranitar|92/100
|
|-weather|Sandstorm|[upkeep]
|-damage|p1a: Ninetales|9/100|[from] Sandstorm
|upkeep
|turn|39
|
|t:|1779603617
|move|p1a: Ninetales|Freeze-Dry|p2a: Tyranitar
|-damage|p2a: Tyranitar|84/100
|move|p2a: Tyranitar|Knock Off|p1a: Ninetales
|-resisted|p1a: Ninetales
|-damage|p1a: Ninetales|0 fnt
|-enditem|p1a: Ninetales|Light Clay|[from] move: Knock Off|[of] p2a: Tyranitar
|faint|p1a: Ninetales
|
|-weather|Sandstorm|[upkeep]
|upkeep
|
|t:|1779603619
|switch|p1a: Cresselia|Cresselia, F, tera:Poison|35/100
|turn|40
|
|t:|1779603623
|move|p2a: Tyranitar|Knock Off|p1a: Cresselia
|-damage|p1a: Cresselia|5/100
|-enditem|p1a: Cresselia|Mental Herb|[from] move: Knock Off|[of] p2a: Tyranitar
|move|p1a: Cresselia|Trick Room|p1a: Cresselia
|-fieldstart|move: Trick Room|[of] p1a: Cresselia
|
|-weather|Sandstorm|[upkeep]
|-damage|p1a: Cresselia|0 fnt|[from] Sandstorm
|faint|p1a: Cresselia
|upkeep
|
|t:|1779603629
|switch|p1a: Ursaluna|Ursaluna, M|100/100
|turn|41
|
|t:|1779603645
|move|p1a: Ursaluna|Headlong Rush|p2a: Tyranitar
|-supereffective|p2a: Tyranitar
|-damage|p2a: Tyranitar|0 fnt
|-unboost|p1a: Ursaluna|def|1
|-unboost|p1a: Ursaluna|spd|1
|faint|p2a: Tyranitar
|
|-weather|Sandstorm|[upkeep]
|-status|p1a: Ursaluna|brn|[from] item: Flame Orb
|upkeep
|
|t:|1779603658
|switch|p2a: Alomomola|Alomomola, M|100/100
|turn|42
|
|t:|1779603665
|move|p2a: Alomomola|Protect|p2a: Alomomola
|-singleturn|p2a: Alomomola|Protect
|move|p1a: Ursaluna|Swords Dance|p1a: Ursaluna
|-boost|p1a: Ursaluna|atk|2
|
|-weather|none
|-damage|p1a: Ursaluna|94/100 brn|[from] brn
|upkeep
|turn|43
|
|t:|1779603685
|switch|p2a: Cinderace|Cinderace, F|100/100
|move|p1a: Ursaluna|Facade|p2a: Cinderace
|-damage|p2a: Cinderace|0 fnt
|faint|p2a: Cinderace
|
|-damage|p1a: Ursaluna|88/100 brn|[from] brn
|upkeep
|
|t:|1779603686
|switch|p2a: Alomomola|Alomomola, M|100/100
|turn|44
|
|t:|1779603692
|move|p2a: Alomomola|Protect|p2a: Alomomola
|-singleturn|p2a: Alomomola|Protect
|move|p1a: Ursaluna|Facade|p2a: Alomomola
|-activate|p2a: Alomomola|move: Protect
|
|-damage|p1a: Ursaluna|82/100 brn|[from] brn
|-fieldend|move: Trick Room
|upkeep
|turn|45
|
|t:|1779603701
|move|p2a: Alomomola|Body Slam|p1a: Ursaluna
|-damage|p1a: Ursaluna|66/100 brn
|move|p1a: Ursaluna|Facade|p2a: Alomomola
|-damage|p2a: Alomomola|0 fnt
|faint|p2a: Alomomola
|
|-damage|p1a: Ursaluna|60/100 brn|[from] brn
|upkeep
|
|t:|1779603706
|switch|p2a: Hydrapple|Hydrapple, M|100/100
|turn|46
|
|t:|1779603710
|move|p2a: Hydrapple|Giga Drain|p1a: Ursaluna
|-supereffective|p1a: Ursaluna
|-damage|p1a: Ursaluna|0 fnt
|faint|p1a: Ursaluna
|
|upkeep
|
|t:|1779603712
|switch|p1a: Enamorus|Enamorus-Therian, F|34/100
|turn|47
|
|t:|1779603726
|move|p2a: Hydrapple|Hydro Pump|p1a: Enamorus
|-damage|p1a: Enamorus|0 fnt
|faint|p1a: Enamorus
|
|win|jesmar
|raw|frin2607's rating: 1420 &rarr; <strong>1408</strong><br />(-12 for losing)
|raw|jesmar's rating: 1575 &rarr; <strong>1587</strong><br />(+12 for winning)
|c|☆jesmar|mamele perrita cachonda
|l|☆frin2607
|player|p1|
