|j|☆shanhuyun
|j|☆Tapu Fanfan-5/22
|t:|1779556688
|gametype|singles
|player|p1|shanhuyun|caitlin|
|player|p2|Tapu Fanfan-5/22|steven|
|gen|9
|tier|[Gen 9] OU
|rule|HP Percentage Mod: HP is shown in percentages
|rule|Endless Battle Clause: Forcing endless battles is banned
|rule|Species Clause: Limit one of each Pokémon
|rule|OHKO Clause: OHKO moves are banned
|rule|Evasion Items Clause: Evasion items are banned
|rule|Evasion Moves Clause: Evasion moves are banned
|rule|Evasion Abilities Clause: Evasion abilities are banned
|rule|Sleep Moves Clause: Sleep-inducing moves are banned
|clearpoke
|poke|p1|Gliscor, M|
|poke|p1|Zapdos|
|poke|p1|Dragapult, F|
|poke|p1|Pelipper, M|
|poke|p1|Dragonite, F|
|poke|p1|Zamazenta-*|
|poke|p2|Gliscor, F|
|poke|p2|Heatran, F|
|poke|p2|Gholdengo|
|poke|p2|Dragonite, M|
|poke|p2|Ogerpon-Wellspring, F|
|poke|p2|Kingambit, M|
|teampreview
|
|t:|1779556702
|teamsize|p1|6
|teamsize|p2|6
|start
|switch|p1a: Pelipper|Pelipper, M|100/100
|switch|p2a: Heatran|Heatran, F|100/100
|-weather|RainDance|[from] ability: Drizzle|[of] p1a: Pelipper
|turn|1
|
|t:|1779556715
|switch|p2a: Ogerpon|Ogerpon-Wellspring, F|100/100
|move|p1a: Pelipper|Weather Ball|p2a: Ogerpon
|-immune|p2a: Ogerpon|[from] ability: Water Absorb
|
|-weather|RainDance|[upkeep]
|upkeep
|turn|2
|
|t:|1779556745
|-terastallize|p2a: Ogerpon|Water
|detailschange|p2a: Ogerpon|Ogerpon-Wellspring-Tera, F, tera:Water
|-ability|p2a: Ogerpon|Embody Aspect (Wellspring)|boost
|-boost|p2a: Ogerpon|spd|1
|move|p2a: Ogerpon|Swords Dance|p2a: Ogerpon
|-boost|p2a: Ogerpon|atk|2
|move|p1a: Pelipper|U-turn|p2a: Ogerpon
|-damage|p2a: Ogerpon|89/100
|
|t:|1779556753
|switch|p1a: Zapdos|Zapdos|100/100|[from] U-turn
|-ability|p1a: Zapdos|Pressure
|
|-weather|RainDance|[upkeep]
|upkeep
|turn|3
|
|t:|1779556763
|move|p2a: Ogerpon|Ivy Cudgel|p1a: Zapdos|[anim] Ivy Cudgel Water
|-damage|p1a: Zapdos|0 fnt
|faint|p1a: Zapdos
|
|-weather|RainDance|[upkeep]
|upkeep
|
|t:|1779556771
|switch|p1a: Dragonite|Dragonite, F|100/100
|turn|4
|
|t:|1779556776
|move|p2a: Ogerpon|Knock Off|p1a: Dragonite
|-damage|p1a: Dragonite|60/100
|-enditem|p1a: Dragonite|Leftovers|[from] move: Knock Off|[of] p2a: Ogerpon
|move|p1a: Dragonite|Dragon Claw|p2a: Ogerpon
|-damage|p2a: Ogerpon|33/100
|
|-weather|RainDance|[upkeep]
|upkeep
|turn|5
|
|t:|1779556783
|move|p1a: Dragonite|Extreme Speed|p2a: Ogerpon
|-damage|p2a: Ogerpon|0 fnt
|faint|p2a: Ogerpon
|detailschange|p2: Ogerpon|Ogerpon-Wellspring, F|[silent]
|
|-weather|RainDance|[upkeep]
|upkeep
|
|t:|1779556800
|switch|p2a: Dragonite|Dragonite, M|100/100
|turn|6
|
|t:|1779556805
|move|p1a: Dragonite|Dragon Claw|p2a: Dragonite
|-supereffective|p2a: Dragonite
|-damage|p2a: Dragonite|55/100
|move|p2a: Dragonite|Ice Spinner|p1a: Dragonite
|-supereffective|p1a: Dragonite
|-damage|p1a: Dragonite|0 fnt
|faint|p1a: Dragonite
|
|-weather|RainDance|[upkeep]
|upkeep
|
|t:|1779556809
|switch|p1a: Pelipper|Pelipper, M|100/100
|turn|7
|
|t:|1779556820
|move|p2a: Dragonite|Dragon Claw|p1a: Pelipper
|-damage|p1a: Pelipper|58/100
|move|p1a: Pelipper|Ice Beam|p2a: Dragonite
|-supereffective|p2a: Dragonite
|-damage|p2a: Dragonite|0 fnt
|faint|p2a: Dragonite
|
|-weather|RainDance|[upkeep]
|upkeep
|
|t:|1779556828
|switch|p2a: Gholdengo|Gholdengo|100/100
|-item|p2a: Gholdengo|Air Balloon
|turn|8
|
|t:|1779556835
|move|p2a: Gholdengo|Shadow Ball|p1a: Pelipper
|-damage|p1a: Pelipper|0 fnt
|faint|p1a: Pelipper
|
|-weather|none
|upkeep
|
|t:|1779556839
|switch|p1a: Gliscor|Gliscor, M|100/100
|turn|9
|
|t:|1779556848
|switch|p2a: Gliscor|Gliscor, F|100/100
|move|p1a: Gliscor|Acrobatics|p2a: Gliscor
|-damage|p2a: Gliscor|84/100
|
|-status|p1a: Gliscor|tox|[from] item: Toxic Orb
|-status|p2a: Gliscor|tox|[from] item: Toxic Orb
|upkeep
|turn|10
|
|t:|1779556860
|move|p2a: Gliscor|Protect|p2a: Gliscor
|-singleturn|p2a: Gliscor|Protect
|move|p1a: Gliscor|Brick Break|p2a: Gliscor
|-activate|p2a: Gliscor|move: Protect
|
|-heal|p2a: Gliscor|97/100 tox|[from] ability: Poison Heal
|upkeep
|turn|11
|
|t:|1779556869
|switch|p1a: Zamazenta|Zamazenta|100/100
|-ability|p1a: Zamazenta|Dauntless Shield|boost
|-boost|p1a: Zamazenta|def|1
|move|p2a: Gliscor|Toxic|p1a: Zamazenta|[miss]
|-miss|p2a: Gliscor|p1a: Zamazenta
|
|-heal|p2a: Gliscor|100/100 tox|[from] ability: Poison Heal
|upkeep
|turn|12
|
|t:|1779556884
|move|p1a: Zamazenta|Psychic Fangs|p2a: Gliscor
|-damage|p2a: Gliscor|80/100 tox
|move|p2a: Gliscor|Toxic|p1a: Zamazenta
|-status|p1a: Zamazenta|tox
|
|-damage|p1a: Zamazenta|94/100 tox|[from] psn
|-heal|p2a: Gliscor|92/100 tox|[from] ability: Poison Heal
|upkeep
|turn|13
|
|t:|1779556891
|move|p1a: Zamazenta|Iron Head|p2a: Gliscor
|-damage|p2a: Gliscor|75/100 tox
|move|p2a: Gliscor|Earthquake|p1a: Zamazenta
|-damage|p1a: Zamazenta|73/100 tox
|
|-damage|p1a: Zamazenta|61/100 tox|[from] psn
|-heal|p2a: Gliscor|88/100 tox|[from] ability: Poison Heal
|upkeep
|turn|14
|
|t:|1779556902
|-terastallize|p1a: Zamazenta|Fighting
|move|p1a: Zamazenta|Close Combat|p2a: Gliscor
|-resisted|p2a: Gliscor
|-damage|p2a: Gliscor|60/100 tox
|-unboost|p1a: Zamazenta|def|1
|-unboost|p1a: Zamazenta|spd|1
|move|p2a: Gliscor|Earthquake|p1a: Zamazenta
|-damage|p1a: Zamazenta|31/100 tox
|
|-damage|p1a: Zamazenta|13/100 tox|[from] psn
|-heal|p2a: Gliscor|73/100 tox|[from] ability: Poison Heal
|upkeep
|turn|15
|
|t:|1779556913
|move|p2a: Gliscor|Protect|p2a: Gliscor
|-singleturn|p2a: Gliscor|Protect
|move|p1a: Zamazenta|Close Combat|p2a: Gliscor
|-activate|p2a: Gliscor|move: Protect
|
|-damage|p1a: Zamazenta|0 fnt|[from] psn
|faint|p1a: Zamazenta
|-heal|p2a: Gliscor|85/100 tox|[from] ability: Poison Heal
|upkeep
|
|t:|1779556916
|switch|p1a: Dragapult|Dragapult, F|100/100
|turn|16
|
|t:|1779556928
|move|p1a: Dragapult|Draco Meteor|p2a: Gliscor
|-damage|p2a: Gliscor|19/100 tox
|-unboost|p1a: Dragapult|spa|2
|-damage|p1a: Dragapult|91/100|[from] item: Life Orb
|move|p2a: Gliscor|Toxic|p1a: Dragapult
|-status|p1a: Dragapult|tox
|
|-damage|p1a: Dragapult|85/100 tox|[from] psn
|-heal|p2a: Gliscor|31/100 tox|[from] ability: Poison Heal
|upkeep
|turn|17
|
|t:|1779556938
|move|p2a: Gliscor|Protect|p2a: Gliscor
|-singleturn|p2a: Gliscor|Protect
|move|p1a: Dragapult|Acrobatics|p2a: Gliscor
|-activate|p2a: Gliscor|move: Protect
|
|-damage|p1a: Dragapult|73/100 tox|[from] psn
|-heal|p2a: Gliscor|44/100 tox|[from] ability: Poison Heal
|upkeep
|turn|18
|
|t:|1779556947
|switch|p2a: Heatran|Heatran, F|100/100
|move|p1a: Dragapult|Double-Edge|p2a: Heatran
|-resisted|p2a: Heatran
|-damage|p2a: Heatran|80/100
|-damage|p1a: Dragapult|65/100 tox|[from] Recoil
|-damage|p1a: Dragapult|55/100 tox|[from] item: Life Orb
|
|-heal|p2a: Heatran|86/100|[from] item: Leftovers
|-damage|p1a: Dragapult|37/100 tox|[from] psn
|upkeep
|turn|19
|
|t:|1779556958
|move|p1a: Dragapult|Flamethrower|p2a: Heatran
|-start|p2a: Heatran|ability: Flash Fire
|move|p2a: Heatran|Stealth Rock|p1a: Dragapult
|-sidestart|p1: shanhuyun|move: Stealth Rock
|
|-heal|p2a: Heatran|92/100|[from] item: Leftovers
|-damage|p1a: Dragapult|13/100 tox|[from] psn
|upkeep
|turn|20
|
|t:|1779556968
|move|p1a: Dragapult|Flamethrower|p2a: Heatran
|-immune|p2a: Heatran|[from] ability: Flash Fire
|move|p2a: Heatran|Magma Storm|p1a: Dragapult
|-resisted|p1a: Dragapult
|-damage|p1a: Dragapult|0 fnt
|faint|p1a: Dragapult
|
|-heal|p2a: Heatran|99/100|[from] item: Leftovers
|upkeep
|
|t:|1779556972
|switch|p1a: Gliscor|Gliscor, M|100/100 tox
|-damage|p1a: Gliscor|88/100 tox|[from] Stealth Rock
|turn|21
|
|t:|1779556981
|move|p1a: Gliscor|Brick Break|p2a: Heatran
|-supereffective|p2a: Heatran
|-damage|p2a: Heatran|63/100
|move|p2a: Heatran|Magma Storm|p1a: Gliscor
|-damage|p1a: Gliscor|0 fnt
|faint|p1a: Gliscor
|
|win|Tapu Fanfan-5/22
|l|☆shanhuyun
|player|p1|
