|j|☆bodych0ke
|j|☆holo-lyte
|t:|1779618266
|gametype|singles
|player|p1|bodych0ke|ghetsis|1271
|player|p2|holo-lyte|avery|1253
|gen|9
|tier|[Gen 9] OU
|rated|
|rule|HP Percentage Mod: HP is shown in percentages
|rule|Endless Battle Clause: Forcing endless battles is banned
|rule|Species Clause: Limit one of each Pokémon
|rule|OHKO Clause: OHKO moves are banned
|rule|Evasion Items Clause: Evasion items are banned
|rule|Evasion Moves Clause: Evasion moves are banned
|rule|Evasion Abilities Clause: Evasion abilities are banned
|rule|Sleep Moves Clause: Sleep-inducing moves are banned
|clearpoke
|poke|p1|Torkoal, M|
|poke|p1|Walking Wake|
|poke|p1|Raging Bolt|
|poke|p1|Ceruledge, M|
|poke|p1|Corviknight, M|
|poke|p1|Dragonite, M|
|poke|p2|Iron Jugulis|
|poke|p2|Iron Boulder|
|poke|p2|Zapdos-Galar|
|poke|p2|Articuno-Galar|
|poke|p2|Ceruledge, F|
|poke|p2|Glastrier|
|teampreview
|inactive|Battle timer is ON: inactive players will automatically lose when time's up. (requested by holo-lyte)
|
|t:|1779618280
|teamsize|p1|6
|teamsize|p2|6
|start
|switch|p1a: Torkoal|Torkoal, M|100/100
|switch|p2a: steel stone|Iron Boulder|100/100
|-weather|SunnyDay|[from] ability: Drought|[of] p1a: Torkoal
|-enditem|p2a: steel stone|Booster Energy
|-activate|p2a: steel stone|ability: Quark Drive|[fromitem]
|-start|p2a: steel stone|quarkdrivespe
|turn|1
|
|t:|1779618296
|switch|p1a: Corviknight|Corviknight, M|100/100
|-ability|p1a: Corviknight|Pressure
|move|p2a: steel stone|Swords Dance|p2a: steel stone
|-boost|p2a: steel stone|atk|2
|
|-weather|SunnyDay|[upkeep]
|upkeep
|turn|2
|
|t:|1779618299
|move|p2a: steel stone|Swords Dance|p2a: steel stone
|-boost|p2a: steel stone|atk|2
|move|p1a: Corviknight|U-turn|p2a: steel stone
|-supereffective|p2a: steel stone
|-damage|p2a: steel stone|65/100
|
|t:|1779618304
|switch|p1a: Dragonite|Dragonite, M|100/100|[from] U-turn
|
|-weather|SunnyDay|[upkeep]
|upkeep
|turn|3
|
|t:|1779618307
|move|p2a: steel stone|Mighty Cleave|p1a: Dragonite
|-supereffective|p1a: Dragonite
|-damage|p1a: Dragonite|0 fnt
|faint|p1a: Dragonite
|
|-weather|SunnyDay|[upkeep]
|upkeep
|
|t:|1779618316
|switch|p1a: Ceruledge|Ceruledge, M|100/100
|turn|4
|
|t:|1779618321
|-terastallize|p2a: steel stone|Dragon
|move|p1a: Ceruledge|Shadow Sneak|p2a: steel stone
|-damage|p2a: steel stone|38/100
|move|p2a: steel stone|Mighty Cleave|p1a: Ceruledge
|-supereffective|p1a: Ceruledge
|-enditem|p1a: Ceruledge|Focus Sash
|-damage|p1a: Ceruledge|1/100
|-ability|p1a: Ceruledge|Weak Armor|boost
|-unboost|p1a: Ceruledge|def|1
|-boost|p1a: Ceruledge|spe|2
|
|-weather|SunnyDay|[upkeep]
|upkeep
|turn|5
|
|t:|1779618329
|-terastallize|p1a: Ceruledge|Ghost
|move|p1a: Ceruledge|Shadow Sneak|p2a: steel stone
|-damage|p2a: steel stone|3/100
|move|p2a: steel stone|Mighty Cleave|p1a: Ceruledge
|-damage|p1a: Ceruledge|0 fnt
|faint|p1a: Ceruledge
|
|-weather|SunnyDay|[upkeep]
|upkeep
|
|t:|1779618332
|switch|p1a: Raging Bolt|Raging Bolt|100/100
|-activate|p1a: Raging Bolt|ability: Protosynthesis
|-start|p1a: Raging Bolt|protosynthesisspa
|turn|6
|
|t:|1779618336
|move|p2a: steel stone|Swords Dance|p2a: steel stone
|-boost|p2a: steel stone|atk|2
|move|p1a: Raging Bolt|Thunderbolt|p2a: steel stone
|-resisted|p2a: steel stone
|-damage|p2a: steel stone|0 fnt
|faint|p2a: steel stone
|-end|p2a: steel stone|Quark Drive|[silent]
|
|-weather|SunnyDay|[upkeep]
|upkeep
|c|☆holo-lyte|fun
|
|t:|1779618344
|switch|p2a: yurem away|Glastrier|100/100
|turn|7
|
|t:|1779618359
|move|p1a: Raging Bolt|Thunderbolt|p2a: yurem away
|-damage|p2a: yurem away|47/100
|move|p2a: yurem away|Avalanche|p1a: Raging Bolt
|-supereffective|p1a: Raging Bolt
|-damage|p1a: Raging Bolt|0 fnt
|faint|p1a: Raging Bolt
|-end|p1a: Raging Bolt|Protosynthesis|[silent]
|-ability|p2a: yurem away|Chilling Neigh|boost
|-boost|p2a: yurem away|atk|1
|
|-weather|SunnyDay|[upkeep]
|upkeep
|
|t:|1779618363
|switch|p1a: Walking Wake|Walking Wake|100/100
|-activate|p1a: Walking Wake|ability: Protosynthesis
|-start|p1a: Walking Wake|protosynthesisspe
|turn|8
|c|☆holo-lyte|was thata read or did you not have thunderclap
|
|t:|1779618366
|move|p1a: Walking Wake|Hydro Steam|p2a: yurem away
|-damage|p2a: yurem away|0 fnt
|faint|p2a: yurem away
|
|-weather|none
|-end|p1a: Walking Wake|Protosynthesis
|upkeep
|
|t:|1779618384
|switch|p2a: tin oesophagus|Iron Jugulis|100/100
|turn|9
|
|t:|1779618390
|move|p1a: Walking Wake|Hydro Steam|p2a: tin oesophagus
|-damage|p2a: tin oesophagus|26/100
|move|p2a: tin oesophagus|Hurricane|p1a: Walking Wake
|-damage|p1a: Walking Wake|31/100
|-start|p1a: Walking Wake|confusion
|
|upkeep
|turn|10
|
|t:|1779618394
|-activate|p1a: Walking Wake|confusion
|move|p1a: Walking Wake|Hydro Steam|p2a: tin oesophagus
|-crit|p2a: tin oesophagus
|-damage|p2a: tin oesophagus|0 fnt
|faint|p2a: tin oesophagus
|-end|p2a: tin oesophagus|Quark Drive|[silent]
|
|upkeep
|
|t:|1779618402
|switch|p2a: ribbon|Articuno-Galar|100/100
|turn|11
|
|t:|1779618414
|-end|p1a: Walking Wake|Protosynthesis|[silent]
|switch|p1a: Torkoal|Torkoal, M|100/100
|-weather|SunnyDay|[from] ability: Drought|[of] p1a: Torkoal
|move|p2a: ribbon|Freezing Glare|p1a: Torkoal
|-damage|p1a: Torkoal|20/100
|-damage|p2a: ribbon|91/100|[from] item: Life Orb
|
|-weather|SunnyDay|[upkeep]
|upkeep
|turn|12
|
|t:|1779618417
|switch|p1a: Corviknight|Corviknight, M|100/100
|-ability|p1a: Corviknight|Pressure
|move|p2a: ribbon|Freezing Glare|p1a: Corviknight
|-resisted|p1a: Corviknight
|-damage|p1a: Corviknight|70/100
|-damage|p2a: ribbon|81/100|[from] item: Life Orb
|
|-weather|SunnyDay|[upkeep]
|upkeep
|turn|13
|
|t:|1779618421
|move|p2a: ribbon|Agility|p2a: ribbon
|-boost|p2a: ribbon|spe|2
|move|p1a: Corviknight|U-turn|p2a: ribbon
|-crit|p2a: ribbon
|-damage|p2a: ribbon|60/100
|
|t:|1779618424
|switch|p1a: Walking Wake|Walking Wake|31/100|[from] U-turn
|-activate|p1a: Walking Wake|ability: Protosynthesis
|-start|p1a: Walking Wake|protosynthesisspe
|
|-weather|SunnyDay|[upkeep]
|upkeep
|turn|14
|
|t:|1779618428
|move|p1a: Walking Wake|Hydro Steam|p2a: ribbon
|-damage|p2a: ribbon|0 fnt
|faint|p2a: ribbon
|
|-weather|SunnyDay|[upkeep]
|upkeep
|
|t:|1779618433
|switch|p2a: Scalivur|Ceruledge, F|100/100
|turn|15
|
|t:|1779618440
|move|p1a: Walking Wake|Hydro Steam|p2a: Scalivur
|-supereffective|p2a: Scalivur
|-enditem|p2a: Scalivur|Focus Sash
|-damage|p2a: Scalivur|1/100
|move|p2a: Scalivur|Shadow Claw|p1a: Walking Wake
|-damage|p1a: Walking Wake|0 fnt
|faint|p1a: Walking Wake
|-end|p1a: Walking Wake|Protosynthesis|[silent]
|
|-weather|SunnyDay|[upkeep]
|upkeep
|
|t:|1779618444
|switch|p1a: Corviknight|Corviknight, M|70/100
|-ability|p1a: Corviknight|Pressure
|turn|16
|
|t:|1779618447
|move|p2a: Scalivur|Bitter Blade|p1a: Corviknight
|-supereffective|p1a: Corviknight
|-damage|p1a: Corviknight|0 fnt
|-heal|p2a: Scalivur|49/100|[from] drain|[of] p1a: Corviknight
|-damage|p2a: Scalivur|32/100|[from] item: Rocky Helmet|[of] p1a: Corviknight
|faint|p1a: Corviknight
|
|-weather|SunnyDay|[upkeep]
|upkeep
|
|t:|1779618450
|switch|p1a: Torkoal|Torkoal, M|20/100
|turn|17
|-message|bodych0ke forfeited.
|
|win|holo-lyte
|raw|bodych0ke's rating: 1271 &rarr; <strong>1245</strong><br />(-26 for losing)
|raw|holo-lyte's rating: 1253 &rarr; <strong>1279</strong><br />(+26 for winning)
|l|☆bodych0ke
|player|p1|
|l|☆holo-lyte
|player|p2|
