|badge|p2|bronze|gen9randombattle|100-9
|uhtml|medal-msg|<div class="broadcast-blue">Curious what those medals under the avatar are? PS now has Ladder Seasons! For more information, check out the <a href="https://www.smogon.com/forums/threads/3740067/">thread on Smogon.</a></div>
|j|☆the 2nd clawming
|j|☆Gloriousplays
|t:|1779625107
|gametype|singles
|player|p1|the 2nd clawming|#omclihearttakers|1543
|player|p2|Gloriousplays|101|1497
|gen|9
|tier|[Gen 9] OU
|rated|
|rule|HP Percentage Mod: HP is shown in percentages
|rule|Endless Battle Clause: Forcing endless battles is banned
|rule|Species Clause: Limit one of each Pokémon
|rule|OHKO Clause: OHKO moves are banned
|rule|Evasion Items Clause: Evasion items are banned
|rule|Evasion Moves Clause: Evasion moves are banned
|rule|Evasion Abilities Clause: Evasion abilities are banned
|rule|Sleep Moves Clause: Sleep-inducing moves are banned
|clearpoke
|poke|p1|Ninetales, F|
|poke|p1|Great Tusk|
|poke|p1|Walking Wake|
|poke|p1|Brute Bonnet|
|poke|p1|Talonflame, M|
|poke|p1|Hatterene, F|
|poke|p2|Zamazenta-*|
|poke|p2|Iron Hands|
|poke|p2|Ceruledge, F|
|poke|p2|Iron Valiant|
|poke|p2|Deoxys-Speed|
|poke|p2|Glimmora, F|
|teampreview
|inactive|Battle timer is ON: inactive players will automatically lose when time's up. (requested by the 2nd clawming)
|
|t:|1779625119
|teamsize|p1|6
|teamsize|p2|6
|start
|switch|p1a: Ninetales|Ninetales, F|100/100
|switch|p2a: Deoxys|Deoxys-Speed|100/100
|-ability|p2a: Deoxys|Pressure
|-weather|SunnyDay|[from] ability: Drought|[of] p1a: Ninetales
|turn|1
|
|t:|1779625123
|move|p2a: Deoxys|Light Screen|p2a: Deoxys
|-sidestart|p2: Gloriousplays|move: Light Screen
|move|p1a: Ninetales|Encore|p2a: Deoxys
|-start|p2a: Deoxys|Encore
|
|-weather|SunnyDay|[upkeep]
|upkeep
|turn|2
|
|t:|1779625132
|switch|p2a: Glimmora|Glimmora, F|100/100
|switch|p1a: Great Tusk|Great Tusk|100/100
|-activate|p1a: Great Tusk|ability: Protosynthesis
|-start|p1a: Great Tusk|protosynthesisspe
|
|-weather|SunnyDay|[upkeep]
|upkeep
|turn|3
|
|t:|1779625138
|switch|p2a: Deoxys|Deoxys-Speed|100/100
|-ability|p2a: Deoxys|Pressure
|move|p1a: Great Tusk|Headlong Rush|p2a: Deoxys
|-damage|p2a: Deoxys|14/100
|-unboost|p1a: Great Tusk|def|1
|-unboost|p1a: Great Tusk|spd|1
|-damage|p1a: Great Tusk|91/100|[from] item: Life Orb
|
|-weather|SunnyDay|[upkeep]
|upkeep
|turn|4
|
|t:|1779625154
|-end|p1a: Great Tusk|Protosynthesis|[silent]
|switch|p1a: Hatterene|Hatterene, F|100/100
|move|p2a: Deoxys|Reflect|p2a: Deoxys
|-sidestart|p2: Gloriousplays|Reflect
|
|-weather|SunnyDay|[upkeep]
|upkeep
|turn|5
|
|t:|1779625159
|move|p1a: Hatterene|Psychic Noise|p2a: Deoxys
|-resisted|p2a: Deoxys
|-damage|p2a: Deoxys|4/100
|-start|p2a: Deoxys|move: Heal Block
|move|p2a: Deoxys|Teleport|p2a: Deoxys
|
|t:|1779625183
|switch|p2a: Ceruledge|Ceruledge, F|100/100|[from] Teleport
|
|-weather|SunnyDay|[upkeep]
|upkeep
|turn|6
|
|t:|1779625192
|move|p2a: Ceruledge|Swords Dance|p2a: Ceruledge
|-boost|p2a: Ceruledge|atk|2
|move|p1a: Hatterene|Nuzzle|p2a: Ceruledge
|-damage|p2a: Ceruledge|98/100
|-status|p2a: Ceruledge|par
|-ability|p2a: Ceruledge|Weak Armor|boost
|-unboost|p2a: Ceruledge|def|1
|-boost|p2a: Ceruledge|spe|2
|
|-weather|SunnyDay|[upkeep]
|upkeep
|turn|7
|
|t:|1779625197
|move|p2a: Ceruledge|Poltergeist|p1a: Hatterene
|-activate|p1a: Hatterene|move: Poltergeist|Eject Button
|-supereffective|p1a: Hatterene
|-damage|p1a: Hatterene|0 fnt
|faint|p1a: Hatterene
|-damage|p2a: Ceruledge|88/100 par|[from] item: Life Orb
|
|-weather|SunnyDay|[upkeep]
|upkeep
|
|t:|1779625204
|switch|p1a: Great Tusk|Great Tusk|91/100
|-activate|p1a: Great Tusk|ability: Protosynthesis
|-start|p1a: Great Tusk|protosynthesisspe
|turn|8
|inactive|Gloriousplays has 120 seconds left.
|
|t:|1779625239
|cant|p2a: Ceruledge|par
|move|p1a: Great Tusk|Headlong Rush|p2a: Ceruledge
|-supereffective|p2a: Ceruledge
|-damage|p2a: Ceruledge|0 fnt
|-unboost|p1a: Great Tusk|def|1
|-unboost|p1a: Great Tusk|spd|1
|faint|p2a: Ceruledge
|-damage|p1a: Great Tusk|81/100|[from] item: Life Orb
|
|-weather|none
|-end|p1a: Great Tusk|Protosynthesis
|-sideend|p2: Gloriousplays|move: Light Screen
|upkeep
|c|☆the 2nd clawming|mb
|
|t:|1779625249
|switch|p2a: Iron Valiant|Iron Valiant|100/100
|-enditem|p2a: Iron Valiant|Booster Energy
|-activate|p2a: Iron Valiant|ability: Quark Drive|[fromitem]
|-start|p2a: Iron Valiant|quarkdrivespe
|turn|9
|inactive|Gloriousplays has 120 seconds left.
|
|t:|1779625262
|-end|p1a: Great Tusk|Protosynthesis|[silent]
|switch|p1a: Ninetales|Ninetales, F|100/100
|-weather|SunnyDay|[from] ability: Drought|[of] p1a: Ninetales
|move|p2a: Iron Valiant|Calm Mind|p2a: Iron Valiant
|-boost|p2a: Iron Valiant|spa|1
|-boost|p2a: Iron Valiant|spd|1
|
|-weather|SunnyDay|[upkeep]
|upkeep
|turn|10
|inactive|Gloriousplays has 120 seconds left.
|
|t:|1779625270
|move|p2a: Iron Valiant|Focus Blast|p1a: Ninetales
|-damage|p1a: Ninetales|16/100
|-unboost|p1a: Ninetales|spd|1
|move|p1a: Ninetales|Encore|p2a: Iron Valiant
|-start|p2a: Iron Valiant|Encore
|
|-weather|SunnyDay|[upkeep]
|upkeep
|turn|11
|inactive|the 2nd clawming has 120 seconds left.
|
|t:|1779625307
|switch|p1a: Talonflame|Talonflame, M|100/100
|move|p2a: Iron Valiant|Focus Blast|p1a: Talonflame
|-resisted|p1a: Talonflame
|-damage|p1a: Talonflame|32/100
|
|-weather|SunnyDay|[upkeep]
|-sideend|p2: Gloriousplays|Reflect
|upkeep
|turn|12
|inactive|Gloriousplays has 120 seconds left.
|
|t:|1779625337
|move|p2a: Iron Valiant|Focus Blast|p1a: Talonflame|[miss]
|-miss|p2a: Iron Valiant|p1a: Talonflame
|move|p1a: Talonflame|Brave Bird|p2a: Iron Valiant
|-supereffective|p2a: Iron Valiant
|-damage|p2a: Iron Valiant|0 fnt
|faint|p2a: Iron Valiant
|-end|p2a: Iron Valiant|Quark Drive|[silent]
|-damage|p1a: Talonflame|0 fnt|[from] Recoil
|faint|p1a: Talonflame
|
|-weather|SunnyDay|[upkeep]
|upkeep
|inactive|the 2nd clawming has 120 seconds left.
|
|t:|1779625357
|switch|p1a: Walking Wake|Walking Wake|100/100
|switch|p2a: Deoxys|Deoxys-Speed|4/100
|-ability|p2a: Deoxys|Pressure
|-activate|p1a: Walking Wake|ability: Protosynthesis
|-start|p1a: Walking Wake|protosynthesisspe
|turn|13
|inactive|the 2nd clawming has 120 seconds left.
|
|t:|1779625370
|move|p1a: Walking Wake|Hydro Steam|p2a: Deoxys
|-damage|p2a: Deoxys|0 fnt
|faint|p2a: Deoxys
|-damage|p1a: Walking Wake|91/100|[from] item: Life Orb
|
|-weather|SunnyDay|[upkeep]
|upkeep
|
|t:|1779625375
|switch|p2a: Iron Hands|Iron Hands|100/100
|-enditem|p2a: Iron Hands|Booster Energy
|-activate|p2a: Iron Hands|ability: Quark Drive|[fromitem]
|-start|p2a: Iron Hands|quarkdriveatk
|turn|14
|
|t:|1779625388
|move|p1a: Walking Wake|Flip Turn|p2a: Iron Hands
|-damage|p2a: Iron Hands|94/100
|-damage|p1a: Walking Wake|81/100|[from] item: Life Orb
|
|t:|1779625390
|-end|p1a: Walking Wake|Protosynthesis|[silent]
|switch|p1a: Great Tusk|Great Tusk|81/100|[from] Flip Turn
|-activate|p1a: Great Tusk|ability: Protosynthesis
|-start|p1a: Great Tusk|protosynthesisspe
|move|p2a: Iron Hands|Supercell Slam|p1a: Great Tusk
|-immune|p1a: Great Tusk
|-damage|p2a: Iron Hands|44/100|[from] supercellslam
|
|-weather|SunnyDay|[upkeep]
|upkeep
|turn|15
|
|t:|1779625398
|move|p1a: Great Tusk|Headlong Rush|p2a: Iron Hands
|-supereffective|p2a: Iron Hands
|-damage|p2a: Iron Hands|0 fnt
|-unboost|p1a: Great Tusk|def|1
|-unboost|p1a: Great Tusk|spd|1
|faint|p2a: Iron Hands
|-end|p2a: Iron Hands|Quark Drive|[silent]
|-damage|p1a: Great Tusk|71/100|[from] item: Life Orb
|
|-weather|SunnyDay|[upkeep]
|upkeep
|c|☆Gloriousplays|love losing misses
|c|☆Gloriousplays|so fucking lovely
|
|t:|1779625412
|switch|p2a: Zamazenta|Zamazenta|100/100
|-ability|p2a: Zamazenta|Dauntless Shield|boost
|-boost|p2a: Zamazenta|def|1
|turn|16
|c|☆the 2nd clawming|3 focus in a row
|c|☆the 2nd clawming|not possible
|c|☆the 2nd clawming|it was expected
|
|t:|1779625426
|move|p1a: Great Tusk|Headlong Rush|p2a: Zamazenta
|-damage|p2a: Zamazenta|67/100
|-unboost|p1a: Great Tusk|def|1
|-unboost|p1a: Great Tusk|spd|1
|-damage|p1a: Great Tusk|61/100|[from] item: Life Orb
|move|p2a: Zamazenta|Iron Defense|p2a: Zamazenta
|-boost|p2a: Zamazenta|def|2
|
|-weather|none
|-end|p1a: Great Tusk|Protosynthesis
|-heal|p2a: Zamazenta|73/100|[from] item: Leftovers
|upkeep
|turn|17
|inactive|Gloriousplays has 120 seconds left.
|
|t:|1779625439
|-end|p1a: Great Tusk|Protosynthesis|[silent]
|switch|p1a: Ninetales|Ninetales, F|16/100
|-weather|SunnyDay|[from] ability: Drought|[of] p1a: Ninetales
|move|p2a: Zamazenta|Body Press|p1a: Ninetales
|-damage|p1a: Ninetales|0 fnt
|faint|p1a: Ninetales
|
|-weather|SunnyDay|[upkeep]
|-heal|p2a: Zamazenta|79/100|[from] item: Leftovers
|upkeep
|
|t:|1779625441
|switch|p1a: Walking Wake|Walking Wake|81/100
|-activate|p1a: Walking Wake|ability: Protosynthesis
|-start|p1a: Walking Wake|protosynthesisspe
|turn|18
|
|t:|1779625447
|-terastallize|p1a: Walking Wake|Water
|move|p1a: Walking Wake|Hydro Steam|p2a: Zamazenta
|-damage|p2a: Zamazenta|0 fnt
|faint|p2a: Zamazenta
|-damage|p1a: Walking Wake|71/100|[from] item: Life Orb
|
|-weather|SunnyDay|[upkeep]
|upkeep
|-message|Gloriousplays forfeited.
|
|win|the 2nd clawming
|raw|the 2nd clawming's rating: 1543 &rarr; <strong>1560</strong><br />(+17 for winning)
|raw|Gloriousplays's rating: 1497 &rarr; <strong>1480</strong><br />(-17 for losing)
|l|☆Gloriousplays
|player|p2|
|c|☆the 2nd clawming|gg
