|j|☆Acetrainernate90
|j|☆Veiny1
|t:|1779686028
|gametype|singles
|player|p1|Acetrainernate90|brycen|1452
|player|p2|Veiny1|101|1404
|gen|9
|tier|[Gen 9] OU
|rated|
|rule|HP Percentage Mod: HP is shown in percentages
|rule|Endless Battle Clause: Forcing endless battles is banned
|rule|Species Clause: Limit one of each Pokémon
|rule|OHKO Clause: OHKO moves are banned
|rule|Evasion Items Clause: Evasion items are banned
|rule|Evasion Moves Clause: Evasion moves are banned
|rule|Evasion Abilities Clause: Evasion abilities are banned
|rule|Sleep Moves Clause: Sleep-inducing moves are banned
|clearpoke
|poke|p1|Ting-Lu|
|poke|p1|Iron Moth|
|poke|p1|Corviknight, F|
|poke|p1|Reuniclus, M|
|poke|p1|Kyurem|
|poke|p1|Rillaboom, F|
|poke|p2|Salazzle, F|
|poke|p2|Skeledirge, M|
|poke|p2|Dragapult, M|
|poke|p2|Snorlax, F|
|poke|p2|Great Tusk|
|poke|p2|Greninja-*, M|
|teampreview
|inactive|Battle timer is ON: inactive players will automatically lose when time's up. (requested by Acetrainernate90)
|j| testingrainteam1
|
|t:|1779686045
|teamsize|p1|6
|teamsize|p2|6
|start
|switch|p1a: Ventricosa|Reuniclus, M, shiny|100/100
|switch|p2a: Salazzle|Salazzle, F|100/100
|turn|1
|j| pokemon pervert
|
|t:|1779686050
|move|p2a: Salazzle|Toxic|p1a: Ventricosa
|-status|p1a: Ventricosa|tox
|move|p1a: Ventricosa|Psychic Noise|p2a: Salazzle
|-supereffective|p2a: Salazzle
|-enditem|p2a: Salazzle|Focus Sash
|-damage|p2a: Salazzle|1/100
|-start|p2a: Salazzle|move: Heal Block
|
|upkeep
|turn|2
|
|t:|1779686055
|move|p2a: Salazzle|Endeavor|p1a: Ventricosa
|-damage|p1a: Ventricosa|1/100 tox
|move|p1a: Ventricosa|Focus Blast|p2a: Salazzle
|-resisted|p2a: Salazzle
|-damage|p2a: Salazzle|0 fnt
|faint|p2a: Salazzle
|
|upkeep
|
|t:|1779686061
|switch|p2a: Dragapult|Dragapult, M|100/100
|turn|3
|l| testingrainteam1
|
|t:|1779686068
|switch|p1a: Harry Pottery|Ting-Lu|100/100
|-ability|p1a: Harry Pottery|Vessel of Ruin
|move|p2a: Dragapult|Dragon Darts|p1a: Harry Pottery
|-damage|p1a: Harry Pottery|88/100
|-anim|p2a: Dragapult|Dragon Darts|p1a: Harry Pottery
|-damage|p1a: Harry Pottery|75/100
|
|-heal|p1a: Harry Pottery|81/100|[from] item: Leftovers
|upkeep
|turn|4
|
|t:|1779686073
|move|p2a: Dragapult|U-turn|p1a: Harry Pottery
|-supereffective|p1a: Harry Pottery
|-damage|p1a: Harry Pottery|51/100
|
|t:|1779686079
|switch|p2a: Great Tusk|Great Tusk|100/100|[from] U-turn
|move|p1a: Harry Pottery|Whirlwind|p2a: Great Tusk
|-end|p2a: Great Tusk|Protosynthesis|[silent]
|drag|p2a: Skeledirge|Skeledirge, M|100/100
|
|-heal|p1a: Harry Pottery|57/100|[from] item: Leftovers
|upkeep
|turn|5
|
|t:|1779686109
|-terastallize|p2a: Skeledirge|Flying
|move|p2a: Skeledirge|Torch Song|p1a: Harry Pottery
|-damage|p1a: Harry Pottery|39/100
|-boost|p2a: Skeledirge|spa|1
|move|p1a: Harry Pottery|Stealth Rock|p2a: Skeledirge
|-sidestart|p2: Veiny1|move: Stealth Rock
|
|-heal|p1a: Harry Pottery|45/100|[from] item: Leftovers
|upkeep
|turn|6
|
|t:|1779686123
|move|p2a: Skeledirge|Torch Song|p1a: Harry Pottery
|-crit|p1a: Harry Pottery
|-damage|p1a: Harry Pottery|7/100
|-boost|p2a: Skeledirge|spa|1
|move|p1a: Harry Pottery|Whirlwind|p2a: Skeledirge
|drag|p2a: Dragapult|Dragapult, M|100/100
|-damage|p2a: Dragapult|88/100|[from] Stealth Rock
|
|-heal|p1a: Harry Pottery|13/100|[from] item: Leftovers
|upkeep
|turn|7
|
|t:|1779686130
|switch|p1a: An IQ too low?|Corviknight, F|100/100
|-ability|p1a: An IQ too low?|Pressure
|move|p2a: Dragapult|Dragon Darts|p1a: An IQ too low?
|-resisted|p1a: An IQ too low?
|-damage|p1a: An IQ too low?|94/100
|-anim|p2a: Dragapult|Dragon Darts|p1a: An IQ too low?
|-resisted|p1a: An IQ too low?
|-damage|p1a: An IQ too low?|87/100
|
|upkeep
|turn|8
|
|t:|1779686135
|move|p2a: Dragapult|Flamethrower|p1a: An IQ too low?
|-supereffective|p1a: An IQ too low?
|-damage|p1a: An IQ too low?|40/100
|move|p1a: An IQ too low?|U-turn|p2a: Dragapult
|-resisted|p2a: Dragapult
|-damage|p2a: Dragapult|78/100
|
|t:|1779686146
|switch|p1a: Can't Dance|Iron Moth|100/100|[from] U-turn
|-enditem|p1a: Can't Dance|Booster Energy
|-activate|p1a: Can't Dance|ability: Quark Drive|[fromitem]
|-start|p1a: Can't Dance|quarkdrivespe
|
|upkeep
|turn|9
|
|t:|1779686154
|-terastallize|p1a: Can't Dance|Fairy
|move|p1a: Can't Dance|Substitute|p1a: Can't Dance
|-start|p1a: Can't Dance|Substitute
|-damage|p1a: Can't Dance|76/100
|move|p2a: Dragapult|Dragon Darts|p1a: Can't Dance
|-immune|p1a: Can't Dance
|
|upkeep
|turn|10
|
|t:|1779686159
|move|p1a: Can't Dance|Dazzling Gleam|p2a: Dragapult
|-supereffective|p2a: Dragapult
|-damage|p2a: Dragapult|0 fnt
|faint|p2a: Dragapult
|
|upkeep
|
|t:|1779686171
|switch|p2a: Great Tusk|Great Tusk|100/100
|-damage|p2a: Great Tusk|98/100|[from] Stealth Rock
|turn|11
|
|t:|1779686175
|move|p1a: Can't Dance|Dazzling Gleam|p2a: Great Tusk
|-supereffective|p2a: Great Tusk
|-damage|p2a: Great Tusk|0 fnt
|faint|p2a: Great Tusk
|-end|p2a: Great Tusk|Protosynthesis|[silent]
|
|upkeep
|
|t:|1779686179
|switch|p2a: Snorlax|Snorlax, F|100/100
|-damage|p2a: Snorlax|88/100|[from] Stealth Rock
|turn|12
|
|t:|1779686185
|move|p1a: Can't Dance|Fiery Dance|p2a: Snorlax
|-damage|p2a: Snorlax|69/100
|-boost|p1a: Can't Dance|spa|1
|move|p2a: Snorlax|Body Slam|p1a: Can't Dance
|-end|p1a: Can't Dance|Substitute
|
|-heal|p2a: Snorlax|75/100|[from] item: Leftovers
|upkeep
|turn|13
|
|t:|1779686193
|move|p1a: Can't Dance|Fiery Dance|p2a: Snorlax
|-damage|p2a: Snorlax|43/100
|-boost|p1a: Can't Dance|spa|1
|move|p2a: Snorlax|Body Slam|p1a: Can't Dance
|-damage|p1a: Can't Dance|34/100
|
|-heal|p2a: Snorlax|50/100|[from] item: Leftovers
|upkeep
|turn|14
|
|t:|1779686199
|move|p1a: Can't Dance|Sludge Wave|p2a: Snorlax
|-damage|p2a: Snorlax|5/100
|move|p2a: Snorlax|Body Slam|p1a: Can't Dance
|-damage|p1a: Can't Dance|0 fnt
|faint|p1a: Can't Dance
|-end|p1a: Can't Dance|Quark Drive|[silent]
|
|-heal|p2a: Snorlax|11/100|[from] item: Leftovers
|upkeep
|
|t:|1779686206
|switch|p1a: Lost to Godzilla|Rillaboom, F|100/100
|-fieldstart|move: Grassy Terrain|[from] ability: Grassy Surge|[of] p1a: Lost to Godzilla
|turn|15
|
|t:|1779686211
|move|p1a: Lost to Godzilla|Knock Off|p2a: Snorlax
|-damage|p2a: Snorlax|0 fnt
|-enditem|p2a: Snorlax|Leftovers|[from] move: Knock Off|[of] p1a: Lost to Godzilla
|faint|p2a: Snorlax
|
|upkeep
|
|t:|1779686216
|switch|p2a: Greninja|Greninja, M|100/100
|-damage|p2a: Greninja|88/100|[from] Stealth Rock
|turn|16
|
|t:|1779686220
|move|p1a: Lost to Godzilla|Grassy Glide|p2a: Greninja
|-supereffective|p2a: Greninja
|-damage|p2a: Greninja|0 fnt
|faint|p2a: Greninja
|
|upkeep
|
|t:|1779686223
|switch|p2a: Skeledirge|Skeledirge, M, tera:Flying|100/100
|-damage|p2a: Skeledirge|76/100|[from] Stealth Rock
|turn|17
|
|t:|1779686230
|move|p1a: Lost to Godzilla|Knock Off|p2a: Skeledirge
|-damage|p2a: Skeledirge|44/100
|-enditem|p2a: Skeledirge|Assault Vest|[from] move: Knock Off|[of] p1a: Lost to Godzilla
|move|p2a: Skeledirge|Torch Song|p1a: Lost to Godzilla
|-supereffective|p1a: Lost to Godzilla
|-damage|p1a: Lost to Godzilla|9/100
|-boost|p2a: Skeledirge|spa|1
|
|-heal|p1a: Lost to Godzilla|15/100|[from] Grassy Terrain
|upkeep
|turn|18
|
|t:|1779686238
|move|p1a: Lost to Godzilla|Knock Off|p2a: Skeledirge
|-damage|p2a: Skeledirge|22/100
|move|p2a: Skeledirge|Alluring Voice|p1a: Lost to Godzilla
|-damage|p1a: Lost to Godzilla|0 fnt
|faint|p1a: Lost to Godzilla
|
|upkeep
|
|t:|1779686242
|switch|p1a: Keldeo #1 Opp|Kyurem|100/100
|-ability|p1a: Keldeo #1 Opp|Pressure
|turn|19
|
|t:|1779686246
|move|p1a: Keldeo #1 Opp|Ice Beam|p2a: Skeledirge
|-supereffective|p2a: Skeledirge
|-damage|p2a: Skeledirge|0 fnt
|faint|p2a: Skeledirge
|
|win|Acetrainernate90
|raw|Acetrainernate90's rating: 1452 &rarr; <strong>1469</strong><br />(+17 for winning)
|raw|Veiny1's rating: 1404 &rarr; <strong>1387</strong><br />(-17 for losing)
|l|☆Veiny1
|player|p2|
|l|☆Acetrainernate90
|player|p1|
