|j|☆Lesteria
|j|‽mrboss2252
|t:|1779559961
|gametype|singles
|player|p1|Lesteria|waiter-gen4|1083
|player|p2|mrboss2252|2|1091
|gen|9
|tier|[Gen 9] OU
|rated|
|rule|HP Percentage Mod: HP is shown in percentages
|rule|Endless Battle Clause: Forcing endless battles is banned
|rule|Species Clause: Limit one of each Pokémon
|rule|OHKO Clause: OHKO moves are banned
|rule|Evasion Items Clause: Evasion items are banned
|rule|Evasion Moves Clause: Evasion moves are banned
|rule|Evasion Abilities Clause: Evasion abilities are banned
|rule|Sleep Moves Clause: Sleep-inducing moves are banned
|clearpoke
|poke|p1|Serperior, F|
|poke|p1|Samurott-Hisui, M|
|poke|p1|Galvantula, F|
|poke|p1|Landorus-Therian, M|
|poke|p1|Zoroark-Hisui, M|
|poke|p1|Bisharp, F|
|poke|p2|Gyarados, M|
|poke|p2|Snorlax, M|
|poke|p2|Dragonite, F|
|poke|p2|Rotom|
|poke|p2|Scizor, M|
|poke|p2|Arcanine, M|
|teampreview
|inactive|Battle timer is ON: inactive players will automatically lose when time's up. (requested by Lesteria)
|
|t:|1779559973
|teamsize|p1|6
|teamsize|p2|6
|start
|switch|p1a: Galvantula|Galvantula, F|100/100
|switch|p2a: Scizor|Scizor, M|100/100
|turn|1
|
|t:|1779559985
|move|p1a: Galvantula|Thunder|p2a: Scizor
|-damage|p2a: Scizor|47/100
|move|p2a: Scizor|Swords Dance|p2a: Scizor
|-boost|p2a: Scizor|atk|2
|
|upkeep
|turn|2
|
|t:|1779559992
|move|p2a: Scizor|Bullet Punch|p1a: Galvantula
|-resisted|p1a: Galvantula
|-damage|p1a: Galvantula|25/100
|move|p1a: Galvantula|Thunder|p2a: Scizor
|-damage|p2a: Scizor|0 fnt
|faint|p2a: Scizor
|
|upkeep
|
|t:|1779560002
|switch|p2a: Arcanine|Arcanine, M|100/100
|turn|3
|
|t:|1779560007
|switch|p1a: Samurott|Samurott-Hisui, M|100/100
|move|p2a: Arcanine|Flare Blitz|p1a: Samurott
|-damage|p1a: Samurott|0 fnt
|replace|p1a: Zoroark|Zoroark-Hisui, M
|-end|p1a: Zoroark|Illusion
|faint|p1a: Zoroark
|-damage|p2a: Arcanine|79/100|[from] Recoil
|
|upkeep
|
|t:|1779560012
|switch|p1a: Landorus|Landorus-Therian, M|100/100
|-ability|p1a: Landorus|Intimidate|boost
|-unboost|p2a: Arcanine|atk|1
|turn|4
|
|t:|1779560021
|switch|p2a: Rotom|Rotom|100/100
|move|p1a: Landorus|U-turn|p2a: Rotom
|-resisted|p2a: Rotom
|-damage|p2a: Rotom|77/100
|
|t:|1779560026
|switch|p1a: Samurott|Samurott-Hisui, M|100/100|[from] U-turn
|
|upkeep
|turn|5
|
|t:|1779560041
|move|p1a: Samurott|Ceaseless Edge|p2a: Rotom
|-supereffective|p2a: Rotom
|-damage|p2a: Rotom|0 fnt
|-sidestart|p2: mrboss2252|Spikes
|faint|p2a: Rotom
|
|upkeep
|
|t:|1779560047
|switch|p2a: Snorlax|Snorlax, M|100/100
|-damage|p2a: Snorlax|88/100|[from] Spikes
|turn|6
|
|t:|1779560055
|switch|p1a: Landorus|Landorus-Therian, M|100/100
|-ability|p1a: Landorus|Intimidate|boost
|-unboost|p2a: Snorlax|atk|1
|move|p2a: Snorlax|Body Slam|p1a: Landorus
|-damage|p1a: Landorus|76/100
|
|-heal|p2a: Snorlax|94/100|[from] item: Leftovers
|upkeep
|turn|7
|
|t:|1779560065
|move|p1a: Landorus|Brick Break|p2a: Snorlax
|-supereffective|p2a: Snorlax
|-damage|p2a: Snorlax|57/100
|move|p2a: Snorlax|Body Slam|p1a: Landorus
|-damage|p1a: Landorus|51/100
|
|-heal|p2a: Snorlax|63/100|[from] item: Leftovers
|upkeep
|turn|8
|
|t:|1779560073
|move|p1a: Landorus|Brick Break|p2a: Snorlax
|-supereffective|p2a: Snorlax
|-damage|p2a: Snorlax|22/100
|move|p2a: Snorlax|Body Slam|p1a: Landorus
|-damage|p1a: Landorus|27/100
|-status|p1a: Landorus|par
|
|-heal|p2a: Snorlax|28/100|[from] item: Leftovers
|upkeep
|turn|9
|
|t:|1779560083
|move|p1a: Landorus|Brick Break|p2a: Snorlax
|-supereffective|p2a: Snorlax
|-damage|p2a: Snorlax|0 fnt
|faint|p2a: Snorlax
|
|upkeep
|
|t:|1779560089
|switch|p2a: Arcanine|Arcanine, M|79/100
|-damage|p2a: Arcanine|66/100|[from] Spikes
|turn|10
|
|t:|1779560109
|move|p2a: Arcanine|Flare Blitz|p1a: Landorus
|-damage|p1a: Landorus|0 fnt
|faint|p1a: Landorus
|-damage|p2a: Arcanine|59/100|[from] Recoil
|
|upkeep
|
|t:|1779560111
|switch|p1a: Samurott|Samurott-Hisui, M|100/100
|turn|11
|
|t:|1779560118
|move|p1a: Samurott|Razor Shell|p2a: Arcanine
|-supereffective|p2a: Arcanine
|-damage|p2a: Arcanine|0 fnt
|faint|p2a: Arcanine
|
|upkeep
|
|t:|1779560125
|switch|p2a: Gyarados|Gyarados, M|100/100
|turn|12
|
|t:|1779560129
|switch|p1a: Galvantula|Galvantula, F|25/100
|move|p2a: Gyarados|Dragon Dance|p2a: Gyarados
|-boost|p2a: Gyarados|atk|1
|-boost|p2a: Gyarados|spe|1
|
|upkeep
|turn|13
|
|t:|1779560135
|move|p2a: Gyarados|Waterfall|p1a: Galvantula
|-damage|p1a: Galvantula|0 fnt
|faint|p1a: Galvantula
|-ability|p2a: Gyarados|Moxie|boost
|-boost|p2a: Gyarados|atk|1
|
|upkeep
|
|t:|1779560139
|switch|p1a: Bisharp|Bisharp, F|100/100
|turn|14
|
|t:|1779560146
|move|p2a: Gyarados|Waterfall|p1a: Bisharp
|-damage|p1a: Bisharp|29/100
|move|p1a: Bisharp|Throat Chop|p2a: Gyarados
|-damage|p2a: Gyarados|44/100
|-start|p2a: Gyarados|Throat Chop|[silent]
|
|upkeep
|turn|15
|
|t:|1779560152
|move|p1a: Bisharp|Sucker Punch|p2a: Gyarados
|-crit|p2a: Gyarados
|-damage|p2a: Gyarados|0 fnt
|faint|p2a: Gyarados
|
|upkeep
|
|t:|1779560156
|switch|p2a: Dragonite|Dragonite, F|100/100
|turn|16
|
|t:|1779560172
|move|p2a: Dragonite|Dragon Dance|p2a: Dragonite
|-boost|p2a: Dragonite|atk|1
|-boost|p2a: Dragonite|spe|1
|move|p1a: Bisharp|Throat Chop|p2a: Dragonite
|-damage|p2a: Dragonite|50/100
|-start|p2a: Dragonite|Throat Chop|[silent]
|
|-heal|p2a: Dragonite|57/100|[from] item: Leftovers
|upkeep
|turn|17
|
|t:|1779560181
|move|p1a: Bisharp|Sucker Punch||[still]
|-fail|p1a: Bisharp
|move|p2a: Dragonite|Dragon Dance|p2a: Dragonite
|-boost|p2a: Dragonite|atk|1
|-boost|p2a: Dragonite|spe|1
|
|-heal|p2a: Dragonite|63/100|[from] item: Leftovers
|-end|p2a: Dragonite|Throat Chop|[silent]
|upkeep
|turn|18
|
|t:|1779560188
|move|p2a: Dragonite|Dragon Dance|p2a: Dragonite
|-boost|p2a: Dragonite|atk|1
|-boost|p2a: Dragonite|spe|1
|move|p1a: Bisharp|Throat Chop|p2a: Dragonite
|-damage|p2a: Dragonite|16/100
|-start|p2a: Dragonite|Throat Chop|[silent]
|
|-heal|p2a: Dragonite|22/100|[from] item: Leftovers
|upkeep
|turn|19
|
|t:|1779560195
|move|p1a: Bisharp|Sucker Punch||[still]
|-fail|p1a: Bisharp
|move|p2a: Dragonite|Dragon Dance|p2a: Dragonite
|-boost|p2a: Dragonite|atk|1
|-boost|p2a: Dragonite|spe|1
|
|-heal|p2a: Dragonite|28/100|[from] item: Leftovers
|-end|p2a: Dragonite|Throat Chop|[silent]
|upkeep
|turn|20
|
|t:|1779560202
|move|p1a: Bisharp|Sucker Punch|p2a: Dragonite
|-damage|p2a: Dragonite|0 fnt
|faint|p2a: Dragonite
|
|win|Lesteria
|raw|Lesteria's rating: 1083 &rarr; <strong>1111</strong><br />(+28 for winning)
|raw|mrboss2252's rating: 1091 &rarr; <strong>1067</strong><br />(-24 for losing)
|l|‽mrboss2252
|player|p2|
|l|☆Lesteria
|player|p1|
