|j|☆Test g17
|j|☆Rising Ursaring
|t:|1779701872
|gametype|singles
|player|p1|Test g17|hilbert|1346
|player|p2|Rising Ursaring|burglar|1311
|gen|9
|tier|[Gen 9] OU
|rated|
|rule|HP Percentage Mod: HP is shown in percentages
|rule|Endless Battle Clause: Forcing endless battles is banned
|rule|Species Clause: Limit one of each Pokémon
|rule|OHKO Clause: OHKO moves are banned
|rule|Evasion Items Clause: Evasion items are banned
|rule|Evasion Moves Clause: Evasion moves are banned
|rule|Evasion Abilities Clause: Evasion abilities are banned
|rule|Sleep Moves Clause: Sleep-inducing moves are banned
|clearpoke
|poke|p1|Feraligatr, F|
|poke|p1|Pelipper, M|
|poke|p1|Raikou|
|poke|p1|Tornadus-Therian, M|
|poke|p1|Iron Treads|
|poke|p1|Samurott-Hisui, M|
|poke|p2|Glimmora, F|
|poke|p2|Gholdengo|
|poke|p2|Talonflame, M|
|poke|p2|Kingambit, F|
|poke|p2|Pecharunt|
|poke|p2|Iron Valiant|
|teampreview
|inactive|Battle timer is ON: inactive players will automatically lose when time's up. (requested by Rising Ursaring)
|
|t:|1779701921
|teamsize|p1|6
|teamsize|p2|6
|start
|switch|p1a: Samurott|Samurott-Hisui, M|100/100
|switch|p2a: Glimmora|Glimmora, F|100/100
|turn|1
|
|t:|1779701928
|move|p2a: Glimmora|Stealth Rock|p1a: Samurott
|-sidestart|p1: Test g17|move: Stealth Rock
|move|p1a: Samurott|Ceaseless Edge|p2a: Glimmora
|-damage|p2a: Glimmora|46/100
|-activate|p2a: Glimmora|ability: Toxic Debris
|-sidestart|p1: Test g17|move: Toxic Spikes
|-sidestart|p2: Rising Ursaring|Spikes
|
|upkeep
|turn|2
|
|t:|1779701935
|move|p2a: Glimmora|Mortal Spin|p1a: Samurott
|-damage|p1a: Samurott|93/100
|-status|p1a: Samurott|psn
|-sideend|p2: Rising Ursaring|Spikes|[from] move: Mortal Spin|[of] p2a: Glimmora
|move|p1a: Samurott|Ceaseless Edge|p2a: Glimmora|[miss]
|-miss|p1a: Samurott|p2a: Glimmora
|
|-damage|p1a: Samurott|81/100 psn|[from] psn
|upkeep
|turn|3
|
|t:|1779701941
|move|p2a: Glimmora|Meteor Beam||[still]
|-prepare|p2a: Glimmora|Meteor Beam
|-boost|p2a: Glimmora|spa|1
|-enditem|p2a: Glimmora|Power Herb
|-anim|p2a: Glimmora|Meteor Beam|p1a: Samurott
|-damage|p1a: Samurott|0 fnt
|faint|p1a: Samurott
|
|upkeep
|
|t:|1779701951
|switch|p1a: Iron Treads|Iron Treads|100/100
|-damage|p1a: Iron Treads|97/100|[from] Stealth Rock
|-enditem|p1a: Iron Treads|Booster Energy
|-activate|p1a: Iron Treads|ability: Quark Drive|[fromitem]
|-start|p1a: Iron Treads|quarkdrivespe
|turn|4
|
|t:|1779701954
|-terastallize|p2a: Glimmora|Ghost
|move|p1a: Iron Treads|Knock Off|p2a: Glimmora
|-supereffective|p2a: Glimmora
|-damage|p2a: Glimmora|0 fnt
|-activate|p2a: Glimmora|ability: Toxic Debris
|-sidestart|p1: Test g17|move: Toxic Spikes
|faint|p2a: Glimmora
|
|upkeep
|
|t:|1779701958
|switch|p2a: Pecharunt|Pecharunt|100/100
|turn|5
|
|t:|1779701963
|move|p1a: Iron Treads|Knock Off|p2a: Pecharunt
|-supereffective|p2a: Pecharunt
|-damage|p2a: Pecharunt|73/100
|-enditem|p2a: Pecharunt|Heavy-Duty Boots|[from] move: Knock Off|[of] p1a: Iron Treads
|move|p2a: Pecharunt|Foul Play|p1a: Iron Treads
|-damage|p1a: Iron Treads|72/100
|
|upkeep
|turn|6
|
|t:|1779701980
|move|p1a: Iron Treads|Earthquake|p2a: Pecharunt
|-supereffective|p2a: Pecharunt
|-damage|p2a: Pecharunt|30/100
|move|p2a: Pecharunt|Foul Play|p1a: Iron Treads
|-damage|p1a: Iron Treads|43/100
|
|upkeep
|turn|7
|
|t:|1779701990
|move|p1a: Iron Treads|Earthquake|p2a: Pecharunt
|-supereffective|p2a: Pecharunt
|-damage|p2a: Pecharunt|0 fnt
|faint|p2a: Pecharunt
|
|upkeep
|
|t:|1779701992
|switch|p2a: Gholdengo|Gholdengo|100/100
|-item|p2a: Gholdengo|Air Balloon
|turn|8
|
|t:|1779701993
|move|p1a: Iron Treads|Knock Off|p2a: Gholdengo
|-supereffective|p2a: Gholdengo
|-damage|p2a: Gholdengo|57/100
|-enditem|p2a: Gholdengo|Air Balloon
|move|p2a: Gholdengo|Hex|p1a: Iron Treads
|-damage|p1a: Iron Treads|0 fnt
|faint|p1a: Iron Treads
|-end|p1a: Iron Treads|Quark Drive|[silent]
|
|upkeep
|
|t:|1779701999
|switch|p1a: Pelipper|Pelipper, M|100/100
|-damage|p1a: Pelipper|76/100|[from] Stealth Rock
|-weather|RainDance|[from] ability: Drizzle|[of] p1a: Pelipper
|turn|9
|
|t:|1779702015
|move|p2a: Gholdengo|Thunder Wave|p1a: Pelipper
|-status|p1a: Pelipper|par
|move|p1a: Pelipper|U-turn|p2a: Gholdengo
|-resisted|p2a: Gholdengo
|-damage|p2a: Gholdengo|56/100
|
|t:|1779702022
|switch|p1a: Raikou|Raikou, shiny|100/100|[from] U-turn
|-ability|p1a: Raikou|Pressure
|
|-weather|RainDance|[upkeep]
|upkeep
|turn|10
|
|t:|1779702044
|move|p1a: Raikou|Thunder|p2a: Gholdengo
|-damage|p2a: Gholdengo|0 fnt
|faint|p2a: Gholdengo
|
|-weather|RainDance|[upkeep]
|upkeep
|
|t:|1779702052
|switch|p2a: Kingambit|Kingambit, F|100/100
|-activate|p2a: Kingambit|ability: Supreme Overlord
|-start|p2a: Kingambit|fallen3|[silent]
|turn|11
|
|t:|1779702055
|move|p1a: Raikou|Calm Mind|p1a: Raikou
|-boost|p1a: Raikou|spa|1
|-boost|p1a: Raikou|spd|1
|move|p2a: Kingambit|Kowtow Cleave|p1a: Raikou
|-damage|p1a: Raikou|15/100
|
|-weather|RainDance|[upkeep]
|upkeep
|turn|12
|
|t:|1779702065
|move|p2a: Kingambit|Sucker Punch|p1a: Raikou
|-damage|p1a: Raikou|0 fnt
|faint|p1a: Raikou
|
|-weather|RainDance|[upkeep]
|upkeep
|
|t:|1779702067
|switch|p1a: Feraligatr|Feraligatr, F|100/100
|-damage|p1a: Feraligatr|88/100|[from] Stealth Rock
|-status|p1a: Feraligatr|tox
|turn|13
|
|t:|1779702086
|move|p1a: Feraligatr|Liquidation|p2a: Kingambit
|-damage|p2a: Kingambit|8/100
|move|p2a: Kingambit|Kowtow Cleave|p1a: Feraligatr
|-damage|p1a: Feraligatr|19/100 tox
|
|-weather|RainDance|[upkeep]
|-heal|p2a: Kingambit|14/100|[from] item: Leftovers
|-damage|p1a: Feraligatr|12/100 tox|[from] psn
|upkeep
|turn|14
|
|t:|1779702098
|move|p2a: Kingambit|Sucker Punch|p1a: Feraligatr
|-damage|p1a: Feraligatr|0 fnt
|faint|p1a: Feraligatr
|
|-weather|RainDance|[upkeep]
|-heal|p2a: Kingambit|20/100|[from] item: Leftovers
|upkeep
|
|t:|1779702100
|switch|p1a: Tornadus|Tornadus-Therian, M|100/100
|-damage|p1a: Tornadus|76/100|[from] Stealth Rock
|turn|15
|
|t:|1779702102
|move|p2a: Kingambit|Sucker Punch|p1a: Tornadus
|-damage|p1a: Tornadus|8/100
|move|p1a: Tornadus|Hurricane|p2a: Kingambit
|-resisted|p2a: Kingambit
|-damage|p2a: Kingambit|0 fnt
|faint|p2a: Kingambit
|-end|p2a: Kingambit|fallen3|[silent]
|
|-weather|RainDance|[upkeep]
|upkeep
|
|t:|1779702106
|switch|p2a: Talonflame|Talonflame, M|100/100
|turn|16
|
|t:|1779702109
|move|p2a: Talonflame|Brave Bird|p1a: Tornadus
|-damage|p1a: Tornadus|0 fnt
|faint|p1a: Tornadus
|-damage|p2a: Talonflame|98/100|[from] Recoil
|
|-weather|none
|upkeep
|
|t:|1779702111
|switch|p1a: Pelipper|Pelipper, M|76/100 par
|-damage|p1a: Pelipper|51/100 par|[from] Stealth Rock
|-weather|RainDance|[from] ability: Drizzle|[of] p1a: Pelipper
|turn|17
|
|t:|1779702121
|move|p2a: Talonflame|Brave Bird|p1a: Pelipper
|-damage|p1a: Pelipper|18/100 par
|-damage|p2a: Talonflame|86/100|[from] Recoil
|cant|p1a: Pelipper|par
|
|-weather|RainDance|[upkeep]
|upkeep
|turn|18
|c|☆Test g17|Gambit is so broken
|
|t:|1779702128
|move|p2a: Talonflame|Brave Bird|p1a: Pelipper
|-damage|p1a: Pelipper|0 fnt
|faint|p1a: Pelipper
|-damage|p2a: Talonflame|80/100|[from] Recoil
|
|win|Rising Ursaring
|raw|Test g17's rating: 1346 &rarr; <strong>1324</strong><br />(-22 for losing)
|raw|Rising Ursaring's rating: 1311 &rarr; <strong>1333</strong><br />(+22 for winning)
|l|☆Test g17
|player|p1|
|l|☆Rising Ursaring
|player|p2|
