|j|☆Hittite Jumpscare
|j|☆iamverykarpy
|t:|1779575854
|gametype|singles
|player|p1|Hittite Jumpscare|nate|1546
|player|p2|iamverykarpy|colress|1562
|gen|9
|tier|[Gen 9] OU
|rated|
|rule|HP Percentage Mod: HP is shown in percentages
|rule|Endless Battle Clause: Forcing endless battles is banned
|rule|Species Clause: Limit one of each Pokémon
|rule|OHKO Clause: OHKO moves are banned
|rule|Evasion Items Clause: Evasion items are banned
|rule|Evasion Moves Clause: Evasion moves are banned
|rule|Evasion Abilities Clause: Evasion abilities are banned
|rule|Sleep Moves Clause: Sleep-inducing moves are banned
|clearpoke
|poke|p1|Mabosstiff, F|
|poke|p1|Great Tusk|
|poke|p1|Slowking-Galar, F|
|poke|p1|Raging Bolt|
|poke|p1|Tinkaton, F|
|poke|p1|Landorus-Therian, M|
|poke|p2|Cetitan, F|
|poke|p2|Slowking-Galar, M|
|poke|p2|Kyurem|
|poke|p2|Rillaboom, F|
|poke|p2|Alomomola, F|
|poke|p2|Great Tusk|
|teampreview
|inactive|Battle timer is ON: inactive players will automatically lose when time's up. (requested by iamverykarpy)
|inactive|Hittite Jumpscare also wants the timer to be on.
|
|t:|1779575869
|teamsize|p1|6
|teamsize|p2|6
|start
|switch|p1a: Landorus|Landorus-Therian, M|100/100
|switch|p2a: Great Tusk|Great Tusk|100/100
|-ability|p1a: Landorus|Intimidate|boost
|-unboost|p2a: Great Tusk|atk|1
|turn|1
|
|t:|1779575874
|move|p1a: Landorus|U-turn|p2a: Great Tusk
|-resisted|p2a: Great Tusk
|-damage|p2a: Great Tusk|92/100
|
|t:|1779575879
|switch|p1a: Tinkaton|Tinkaton, F|100/100|[from] U-turn
|-ability|p1a: Tinkaton|Mold Breaker
|-item|p1a: Tinkaton|Air Balloon
|move|p2a: Great Tusk|Knock Off|p1a: Tinkaton
|-resisted|p1a: Tinkaton
|-damage|p1a: Tinkaton|88/100
|-enditem|p1a: Tinkaton|Air Balloon
|
|-heal|p2a: Great Tusk|98/100|[from] item: Leftovers
|upkeep
|turn|2
|
|t:|1779575885
|move|p1a: Tinkaton|Knock Off|p2a: Great Tusk
|-resisted|p2a: Great Tusk
|-damage|p2a: Great Tusk|92/100
|-enditem|p2a: Great Tusk|Leftovers|[from] move: Knock Off|[of] p1a: Tinkaton
|move|p2a: Great Tusk|Headlong Rush|p1a: Tinkaton
|-supereffective|p1a: Tinkaton
|-damage|p1a: Tinkaton|0 fnt
|-unboost|p2a: Great Tusk|def|1
|-unboost|p2a: Great Tusk|spd|1
|faint|p1a: Tinkaton
|
|upkeep
|
|t:|1779575897
|switch|p1a: Great Tusk|Great Tusk|100/100
|turn|3
|
|t:|1779575903
|move|p2a: Great Tusk|Stealth Rock|p1a: Great Tusk
|-sidestart|p1: Hittite Jumpscare|move: Stealth Rock
|move|p1a: Great Tusk|Close Combat|p2a: Great Tusk
|-damage|p2a: Great Tusk|31/100
|-unboost|p1a: Great Tusk|def|1
|-unboost|p1a: Great Tusk|spd|1
|
|upkeep
|turn|4
|
|t:|1779575909
|-end|p2a: Great Tusk|Protosynthesis|[silent]
|switch|p2a: Alomomola|Alomomola, F|100/100
|move|p1a: Great Tusk|Rapid Spin|p2a: Alomomola
|-damage|p2a: Alomomola|91/100
|-boost|p1a: Great Tusk|spe|1
|-damage|p1a: Great Tusk|84/100|[from] item: Rocky Helmet|[of] p2a: Alomomola
|-sideend|p1: Hittite Jumpscare|Stealth Rock|[from] move: Rapid Spin|[of] p1a: Great Tusk
|
|upkeep
|turn|5
|
|t:|1779575913
|-end|p1a: Great Tusk|Protosynthesis|[silent]
|switch|p1a: Slowking|Slowking-Galar, F|100/100
|move|p2a: Alomomola|Flip Turn|p1a: Slowking
|-damage|p1a: Slowking|85/100
|
|t:|1779575917
|switch|p2a: Rillaboom|Rillaboom, F|100/100|[from] Flip Turn
|-fieldstart|move: Grassy Terrain|[from] ability: Grassy Surge|[of] p2a: Rillaboom
|
|-heal|p1a: Slowking|91/100|[from] Grassy Terrain
|upkeep
|turn|6
|
|t:|1779575927
|move|p2a: Rillaboom|Knock Off|p1a: Slowking
|-supereffective|p1a: Slowking
|-damage|p1a: Slowking|0 fnt
|-enditem|p1a: Slowking|Heavy-Duty Boots|[from] move: Knock Off|[of] p2a: Rillaboom
|faint|p1a: Slowking
|
|upkeep
|
|t:|1779575932
|switch|p1a: Mabosstiff|Mabosstiff, F|100/100
|turn|7
|
|t:|1779575947
|switch|p2a: Alomomola|Alomomola, F|100/100
|move|p1a: Mabosstiff|Crunch|p2a: Alomomola
|-damage|p2a: Alomomola|39/100
|-unboost|p2a: Alomomola|def|1
|-damage|p1a: Mabosstiff|84/100|[from] item: Rocky Helmet|[of] p2a: Alomomola
|
|-heal|p1a: Mabosstiff|90/100|[from] Grassy Terrain
|-heal|p2a: Alomomola|45/100|[from] Grassy Terrain
|upkeep
|turn|8
|
|t:|1779575958
|move|p1a: Mabosstiff|Crunch|p2a: Alomomola
|-damage|p2a: Alomomola|2/100
|-unboost|p2a: Alomomola|def|1
|-damage|p1a: Mabosstiff|73/100|[from] item: Rocky Helmet|[of] p2a: Alomomola
|move|p2a: Alomomola|Flip Turn|p1a: Mabosstiff
|-damage|p1a: Mabosstiff|54/100
|
|t:|1779575961
|switch|p2a: Rillaboom|Rillaboom, F|100/100|[from] Flip Turn
|
|-heal|p1a: Mabosstiff|60/100|[from] Grassy Terrain
|upkeep
|turn|9
|
|t:|1779575964
|switch|p1a: Raging Bolt|Raging Bolt|100/100
|-enditem|p1a: Raging Bolt|Booster Energy
|-activate|p1a: Raging Bolt|ability: Protosynthesis|[fromitem]
|-start|p1a: Raging Bolt|protosynthesisspa
|move|p2a: Rillaboom|U-turn|p1a: Raging Bolt
|-damage|p1a: Raging Bolt|64/100
|
|t:|1779575971
|switch|p2a: Kyurem|Kyurem, shiny|100/100|[from] U-turn
|-ability|p2a: Kyurem|Pressure
|
|-heal|p1a: Raging Bolt|70/100|[from] Grassy Terrain
|-fieldend|move: Grassy Terrain
|upkeep
|turn|10
|
|t:|1779575977
|move|p2a: Kyurem|Ice Beam|p1a: Raging Bolt
|-supereffective|p1a: Raging Bolt
|-damage|p1a: Raging Bolt|0 fnt
|faint|p1a: Raging Bolt
|-end|p1a: Raging Bolt|Protosynthesis|[silent]
|
|upkeep
|
|t:|1779575981
|switch|p1a: Landorus|Landorus-Therian, M|100/100
|-ability|p1a: Landorus|Intimidate|boost
|-unboost|p2a: Kyurem|atk|1
|turn|11
|
|t:|1779575984
|move|p1a: Landorus|U-turn|p2a: Kyurem
|-damage|p2a: Kyurem|74/100
|
|t:|1779575987
|switch|p1a: Great Tusk|Great Tusk|84/100|[from] U-turn
|move|p2a: Kyurem|Ice Beam|p1a: Great Tusk
|-supereffective|p1a: Great Tusk
|-crit|p1a: Great Tusk
|-damage|p1a: Great Tusk|0 fnt
|faint|p1a: Great Tusk
|-end|p1a: Great Tusk|Protosynthesis|[silent]
|
|upkeep
|
|t:|1779575989
|switch|p1a: Landorus|Landorus-Therian, M|100/100
|-ability|p1a: Landorus|Intimidate|boost
|-unboost|p2a: Kyurem|atk|1
|turn|12
|
|t:|1779575992
|move|p1a: Landorus|Stone Edge|p2a: Kyurem
|-supereffective|p2a: Kyurem
|-damage|p2a: Kyurem|5/100
|move|p2a: Kyurem|Ice Beam|p1a: Landorus
|-supereffective|p1a: Landorus
|-damage|p1a: Landorus|0 fnt
|faint|p1a: Landorus
|
|upkeep
|
|t:|1779575995
|switch|p1a: Mabosstiff|Mabosstiff, F|60/100
|turn|13
|
|t:|1779575997
|-terastallize|p1a: Mabosstiff|Dark
|move|p2a: Kyurem|Ice Beam|p1a: Mabosstiff
|-damage|p1a: Mabosstiff|0 fnt
|faint|p1a: Mabosstiff
|
|win|iamverykarpy
|raw|Hittite Jumpscare's rating: 1546 &rarr; <strong>1527</strong><br />(-19 for losing)
|raw|iamverykarpy's rating: 1562 &rarr; <strong>1581</strong><br />(+19 for winning)
|c|☆Hittite Jumpscare|gg
|l|☆Hittite Jumpscare
|player|p1|
|l|☆iamverykarpy
|player|p2|
