|j|☆Naro51
|j|☆DaddyPigIsThiqq
|t:|1779638392
|gametype|singles
|player|p1|Naro51|170|1529
|player|p2|DaddyPigIsThiqq|2|1545
|gen|9
|tier|[Gen 9] OU
|rated|
|rule|HP Percentage Mod: HP is shown in percentages
|rule|Endless Battle Clause: Forcing endless battles is banned
|rule|Species Clause: Limit one of each Pokémon
|rule|OHKO Clause: OHKO moves are banned
|rule|Evasion Items Clause: Evasion items are banned
|rule|Evasion Moves Clause: Evasion moves are banned
|rule|Evasion Abilities Clause: Evasion abilities are banned
|rule|Sleep Moves Clause: Sleep-inducing moves are banned
|clearpoke
|poke|p1|Rillaboom, F|
|poke|p1|Great Tusk|
|poke|p1|Zamazenta-*|
|poke|p1|Heatran, F|
|poke|p1|Hatterene, F|
|poke|p1|Kingambit, M|
|poke|p2|Great Tusk|
|poke|p2|Pecharunt|
|poke|p2|Iron Valiant|
|poke|p2|Iron Crown|
|poke|p2|Samurott-Hisui, M|
|poke|p2|Dragonite, M|
|teampreview
|inactive|Battle timer is ON: inactive players will automatically lose when time's up. (requested by Naro51)
|
|t:|1779638425
|teamsize|p1|6
|teamsize|p2|6
|start
|switch|p1a: Rillaboom|Rillaboom, F|100/100
|switch|p2a: Iron Valiant|Iron Valiant, shiny|100/100
|-fieldstart|move: Grassy Terrain|[from] ability: Grassy Surge|[of] p1a: Rillaboom
|turn|1
|
|t:|1779638431
|-terastallize|p2a: Iron Valiant|Fairy
|move|p2a: Iron Valiant|Moonblast|p1a: Rillaboom
|-damage|p1a: Rillaboom|33/100
|move|p1a: Rillaboom|Wood Hammer|p2a: Iron Valiant
|-damage|p2a: Iron Valiant|0 fnt
|faint|p2a: Iron Valiant
|-end|p2a: Iron Valiant|Quark Drive|[silent]
|-damage|p1a: Rillaboom|8/100|[from] Recoil
|
|-heal|p1a: Rillaboom|15/100|[from] Grassy Terrain
|upkeep
|
|t:|1779638443
|switch|p2a: Samurott|Samurott-Hisui, M, shiny|100/100
|turn|2
|
|t:|1779638449
|move|p1a: Rillaboom|Grassy Glide|p2a: Samurott
|-supereffective|p2a: Samurott
|-damage|p2a: Samurott|5/100
|move|p2a: Samurott|Ceaseless Edge|p1a: Rillaboom
|-damage|p1a: Rillaboom|0 fnt
|-sidestart|p1: Naro51|Spikes
|faint|p1a: Rillaboom
|
|-heal|p2a: Samurott|11/100|[from] Grassy Terrain
|upkeep
|
|t:|1779638459
|switch|p1a: Great Tusk|Great Tusk|100/100
|-damage|p1a: Great Tusk|88/100|[from] Spikes
|-enditem|p1a: Great Tusk|Booster Energy
|-activate|p1a: Great Tusk|ability: Protosynthesis|[fromitem]
|-start|p1a: Great Tusk|protosynthesisatk
|turn|3
|
|t:|1779638464
|switch|p2a: Pecharunt|Pecharunt|100/100
|move|p1a: Great Tusk|Rapid Spin|p2a: Pecharunt
|-immune|p2a: Pecharunt
|
|-heal|p1a: Great Tusk|94/100|[from] Grassy Terrain
|upkeep
|turn|4
|
|t:|1779638475
|-end|p1a: Great Tusk|Protosynthesis|[silent]
|switch|p1a: Kingambit|Kingambit, M|100/100
|-damage|p1a: Kingambit|88/100|[from] Spikes
|-activate|p1a: Kingambit|ability: Supreme Overlord
|-start|p1a: Kingambit|fallen1|[silent]
|move|p2a: Pecharunt|Parting Shot|p1a: Kingambit
|-unboost|p1a: Kingambit|atk|1
|-unboost|p1a: Kingambit|spa|1
|
|t:|1779638480
|switch|p2a: Dragonite|Dragonite, M, shiny|100/100|[from] Parting Shot
|
|-heal|p1a: Kingambit|94/100|[from] Grassy Terrain
|-heal|p1a: Kingambit|100/100|[from] item: Leftovers
|upkeep
|turn|5
|
|t:|1779638488
|-end|p1a: Kingambit|fallen1|[silent]
|switch|p1a: Hatterene|Hatterene, F|100/100
|-damage|p1a: Hatterene|88/100|[from] Spikes
|move|p2a: Dragonite|Dragon Dance|p2a: Dragonite
|-boost|p2a: Dragonite|atk|1
|-boost|p2a: Dragonite|spe|1
|
|-heal|p1a: Hatterene|94/100|[from] Grassy Terrain
|-fieldend|move: Grassy Terrain
|upkeep
|turn|6
|
|t:|1779638496
|move|p2a: Dragonite|Earthquake|p1a: Hatterene
|-damage|p1a: Hatterene|47/100
|move|p1a: Hatterene|Nuzzle|p2a: Dragonite
|-damage|p2a: Dragonite|99/100
|-status|p2a: Dragonite|par
|
|upkeep
|turn|7
|
|t:|1779638503
|move|p2a: Dragonite|Earthquake|p1a: Hatterene
|-damage|p1a: Hatterene|0 fnt
|faint|p1a: Hatterene
|
|upkeep
|
|t:|1779638517
|switch|p1a: Heatran|Heatran, F|100/100
|-damage|p1a: Heatran|88/100|[from] Spikes
|turn|8
|j| kanaete onegai
|inactive|DaddyPigIsThiqq has 120 seconds left.
|
|t:|1779638547
|-terastallize|p1a: Heatran|Grass
|move|p2a: Dragonite|Extreme Speed|p1a: Heatran
|-damage|p1a: Heatran|55/100
|move|p1a: Heatran|Stealth Rock|p2a: Dragonite
|-sidestart|p2: DaddyPigIsThiqq|move: Stealth Rock
|
|-heal|p1a: Heatran|61/100|[from] item: Leftovers
|upkeep
|turn|9
|inactive|DaddyPigIsThiqq has 120 seconds left.
|
|t:|1779638557
|cant|p2a: Dragonite|par
|move|p1a: Heatran|Magma Storm|p2a: Dragonite
|-resisted|p2a: Dragonite
|-damage|p2a: Dragonite|75/100 par
|-activate|p2a: Dragonite|move: Magma Storm|[of] p1a: Heatran
|
|-heal|p1a: Heatran|67/100|[from] item: Leftovers
|-damage|p2a: Dragonite|62/100 par|[from] move: Magma Storm|[partiallytrapped]
|upkeep
|turn|10
|
|t:|1779638566
|move|p2a: Dragonite|Dragon Dance|p2a: Dragonite
|-boost|p2a: Dragonite|atk|1
|-boost|p2a: Dragonite|spe|1
|move|p1a: Heatran|Magma Storm|p2a: Dragonite
|-resisted|p2a: Dragonite
|-damage|p2a: Dragonite|41/100 par
|
|-heal|p1a: Heatran|73/100|[from] item: Leftovers
|-damage|p2a: Dragonite|29/100 par|[from] move: Magma Storm|[partiallytrapped]
|upkeep
|turn|11
|
|t:|1779638574
|move|p2a: Dragonite|Roost|p2a: Dragonite
|-heal|p2a: Dragonite|79/100 par
|-singleturn|p2a: Dragonite|move: Roost
|move|p1a: Heatran|Taunt|p2a: Dragonite
|-start|p2a: Dragonite|move: Taunt
|
|-heal|p1a: Heatran|80/100|[from] item: Leftovers
|-damage|p2a: Dragonite|66/100 par|[from] move: Magma Storm|[partiallytrapped]
|upkeep
|turn|12
|
|t:|1779638580
|move|p2a: Dragonite|Extreme Speed|p1a: Heatran
|-damage|p1a: Heatran|30/100
|move|p1a: Heatran|Magma Storm|p2a: Dragonite
|-resisted|p2a: Dragonite
|-damage|p2a: Dragonite|44/100 par
|
|-heal|p1a: Heatran|36/100|[from] item: Leftovers
|-damage|p2a: Dragonite|31/100 par|[from] move: Magma Storm|[partiallytrapped]
|upkeep
|turn|13
|
|t:|1779638592
|move|p2a: Dragonite|Extreme Speed|p1a: Heatran
|-damage|p1a: Heatran|0 fnt
|faint|p1a: Heatran
|
|-end|p2a: Dragonite|Magma Storm|[partiallytrapped]
|upkeep
|
|t:|1779638608
|switch|p1a: Great Tusk|Great Tusk|94/100
|-damage|p1a: Great Tusk|82/100|[from] Spikes
|turn|14
|
|t:|1779638615
|switch|p2a: Pecharunt|Pecharunt|100/100
|-damage|p2a: Pecharunt|88/100|[from] Stealth Rock
|move|p1a: Great Tusk|Ice Spinner|p2a: Pecharunt
|-damage|p2a: Pecharunt|75/100
|-damage|p1a: Great Tusk|65/100|[from] item: Rocky Helmet|[of] p2a: Pecharunt
|
|upkeep
|turn|15
|
|t:|1779638622
|move|p1a: Great Tusk|Headlong Rush|p2a: Pecharunt
|-supereffective|p2a: Pecharunt
|-damage|p2a: Pecharunt|13/100
|-unboost|p1a: Great Tusk|def|1
|-unboost|p1a: Great Tusk|spd|1
|-damage|p1a: Great Tusk|49/100|[from] item: Rocky Helmet|[of] p2a: Pecharunt
|move|p2a: Pecharunt|Malignant Chain|p1a: Great Tusk
|-resisted|p1a: Great Tusk
|-damage|p1a: Great Tusk|15/100
|
|upkeep
|turn|16
|
|t:|1779638633
|move|p1a: Great Tusk|Headlong Rush|p2a: Pecharunt
|-supereffective|p2a: Pecharunt
|-damage|p2a: Pecharunt|0 fnt
|-unboost|p1a: Great Tusk|def|1
|-unboost|p1a: Great Tusk|spd|1
|-damage|p1a: Great Tusk|0 fnt|[from] item: Rocky Helmet|[of] p2a: Pecharunt
|faint|p2a: Pecharunt
|faint|p1a: Great Tusk
|-end|p1a: Great Tusk|Protosynthesis|[silent]
|
|upkeep
|
|t:|1779638644
|switch|p1a: Zamazenta|Zamazenta|100/100
|switch|p2a: Iron Crown|Iron Crown|100/100
|-damage|p1a: Zamazenta|88/100|[from] Spikes
|-ability|p1a: Zamazenta|Dauntless Shield|boost
|-boost|p1a: Zamazenta|def|1
|-damage|p2a: Iron Crown|94/100|[from] Stealth Rock
|turn|17
|
|t:|1779638651
|switch|p1a: Kingambit|Kingambit, M|100/100
|-damage|p1a: Kingambit|88/100|[from] Spikes
|-activate|p1a: Kingambit|ability: Supreme Overlord
|-start|p1a: Kingambit|fallen4|[silent]
|move|p2a: Iron Crown|Tachyon Cutter|p1a: Kingambit
|-resisted|p1a: Kingambit
|-damage|p1a: Kingambit|74/100
|-resisted|p1a: Kingambit
|-damage|p1a: Kingambit|59/100
|-hitcount|p1a: Kingambit|2
|
|-heal|p1a: Kingambit|65/100|[from] item: Leftovers
|upkeep
|turn|18
|
|t:|1779638656
|-end|p2a: Iron Crown|Quark Drive|[silent]
|switch|p2a: Great Tusk|Great Tusk, shiny|100/100
|move|p1a: Kingambit|Sucker Punch||[still]
|-fail|p1a: Kingambit
|
|-heal|p1a: Kingambit|71/100|[from] item: Leftovers
|upkeep
|turn|19
|
|t:|1779638667
|-end|p1a: Kingambit|fallen4|[silent]
|switch|p1a: Zamazenta|Zamazenta|88/100
|-damage|p1a: Zamazenta|76/100|[from] Spikes
|move|p2a: Great Tusk|Rapid Spin|p1a: Zamazenta
|-damage|p1a: Zamazenta|63/100
|-boost|p2a: Great Tusk|spe|1
|-sideend|p2: DaddyPigIsThiqq|Stealth Rock|[from] move: Rapid Spin|[of] p2a: Great Tusk
|
|-heal|p1a: Zamazenta|69/100|[from] item: Leftovers
|upkeep
|turn|20
|
|t:|1779638675
|move|p2a: Great Tusk|Headlong Rush|p1a: Zamazenta
|-damage|p1a: Zamazenta|26/100
|-unboost|p2a: Great Tusk|def|1
|-unboost|p2a: Great Tusk|spd|1
|move|p1a: Zamazenta|Iron Defense|p1a: Zamazenta
|-boost|p1a: Zamazenta|def|2
|
|-heal|p1a: Zamazenta|32/100|[from] item: Leftovers
|upkeep
|turn|21
|
|t:|1779638679
|move|p2a: Great Tusk|Headlong Rush|p1a: Zamazenta
|-damage|p1a: Zamazenta|10/100
|-unboost|p2a: Great Tusk|def|1
|-unboost|p2a: Great Tusk|spd|1
|move|p1a: Zamazenta|Body Press|p2a: Great Tusk
|-damage|p2a: Great Tusk|1/100
|
|-heal|p1a: Zamazenta|16/100|[from] item: Leftovers
|upkeep
|turn|22
|j| FaronAan
|l| FaronAan
|
|t:|1779638688
|move|p2a: Great Tusk|Headlong Rush|p1a: Zamazenta
|-crit|p1a: Zamazenta
|-damage|p1a: Zamazenta|0 fnt
|-unboost|p2a: Great Tusk|def|1
|-unboost|p2a: Great Tusk|spd|1
|faint|p1a: Zamazenta
|
|upkeep
|
|t:|1779638690
|switch|p1a: Kingambit|Kingambit, M|71/100
|-damage|p1a: Kingambit|59/100|[from] Spikes
|-activate|p1a: Kingambit|ability: Supreme Overlord
|-start|p1a: Kingambit|fallen5|[silent]
|turn|23
|
|t:|1779638708
|-end|p2a: Great Tusk|Protosynthesis|[silent]
|switch|p2a: Samurott|Samurott-Hisui, M, shiny|11/100
|move|p1a: Kingambit|Sucker Punch||[still]
|-fail|p1a: Kingambit
|
|-heal|p1a: Kingambit|65/100|[from] item: Leftovers
|upkeep
|turn|24
|
|t:|1779638719
|move|p2a: Samurott|Knock Off|p1a: Kingambit
|-resisted|p1a: Kingambit
|-damage|p1a: Kingambit|42/100
|-enditem|p1a: Kingambit|Leftovers|[from] move: Knock Off|[of] p2a: Samurott
|move|p1a: Kingambit|Kowtow Cleave|p2a: Samurott
|-resisted|p2a: Samurott
|-damage|p2a: Samurott|0 fnt
|faint|p2a: Samurott
|
|upkeep
|
|t:|1779638740
|switch|p2a: Great Tusk|Great Tusk, shiny|1/100
|turn|25
|
|t:|1779638744
|move|p1a: Kingambit|Sucker Punch||[still]
|-fail|p1a: Kingambit
|move|p2a: Great Tusk|Stealth Rock|p1a: Kingambit
|-sidestart|p1: Naro51|move: Stealth Rock
|
|upkeep
|turn|26
|
|t:|1779638748
|move|p1a: Kingambit|Sucker Punch||[still]
|-fail|p1a: Kingambit
|move|p2a: Great Tusk|Stealth Rock||[still]
|-fail|p2a: Great Tusk
|
|upkeep
|turn|27
|
|t:|1779638761
|-end|p2a: Great Tusk|Protosynthesis|[silent]
|switch|p2a: Dragonite|Dragonite, M, shiny|31/100 par
|move|p1a: Kingambit|Sucker Punch||[still]
|-fail|p1a: Kingambit
|
|upkeep
|turn|28
|
|t:|1779638769
|move|p1a: Kingambit|Kowtow Cleave|p2a: Dragonite
|-damage|p2a: Dragonite|0 fnt
|faint|p2a: Dragonite
|
|upkeep
|
|t:|1779638773
|switch|p2a: Great Tusk|Great Tusk, shiny|1/100
|turn|29
|
|t:|1779638777
|move|p2a: Great Tusk|Headlong Rush|p1a: Kingambit
|-supereffective|p1a: Kingambit
|-damage|p1a: Kingambit|0 fnt
|-unboost|p2a: Great Tusk|def|1
|-unboost|p2a: Great Tusk|spd|1
|faint|p1a: Kingambit
|-end|p1a: Kingambit|fallen5|[silent]
|
|win|DaddyPigIsThiqq
|raw|Naro51's rating: 1529 &rarr; <strong>1510</strong><br />(-19 for losing)
|raw|DaddyPigIsThiqq's rating: 1545 &rarr; <strong>1564</strong><br />(+19 for winning)
|l|☆Naro51
|player|p1|
|c|☆DaddyPigIsThiqq|gg
|l|☆DaddyPigIsThiqq
|player|p2|
