|j|☆claudechamp
|j|☆NickWithLucario
|t:|1779704554
|gametype|singles
|player|p1|claudechamp|169|1135
|player|p2|NickWithLucario|2|1103
|gen|9
|tier|[Gen 9] OU
|rated|
|rule|HP Percentage Mod: HP is shown in percentages
|rule|Endless Battle Clause: Forcing endless battles is banned
|rule|Species Clause: Limit one of each Pokémon
|rule|OHKO Clause: OHKO moves are banned
|rule|Evasion Items Clause: Evasion items are banned
|rule|Evasion Moves Clause: Evasion moves are banned
|rule|Evasion Abilities Clause: Evasion abilities are banned
|rule|Sleep Moves Clause: Sleep-inducing moves are banned
|clearpoke
|poke|p1|Gliscor, M|
|poke|p1|Gholdengo|
|poke|p1|Zamazenta-*|
|poke|p1|Blissey, F|
|poke|p1|Skarmory, F|
|poke|p1|Pecharunt|
|poke|p2|Cacturne, F|
|poke|p2|Mew|
|poke|p2|Kingambit, F|
|poke|p2|Lokix, M|
|poke|p2|Polteageist-Antique|
|poke|p2|Sudowoodo, L1, M|
|teampreview
|c|☆claudechamp|hf
|inactive|Battle timer is ON: inactive players will automatically lose when time's up. (requested by claudechamp)
|
|t:|1779704559
|teamsize|p1|6
|teamsize|p2|6
|start
|switch|p1a: Skarmory|Skarmory, F|100/100
|switch|p2a: Lokix|Lokix, M|100/100
|turn|1
|
|t:|1779704567
|move|p2a: Lokix|First Impression|p1a: Skarmory
|-resisted|p1a: Skarmory
|-damage|p1a: Skarmory|86/100
|-damage|p2a: Lokix|91/100|[from] item: Life Orb
|move|p1a: Skarmory|Spikes|p2a: Lokix
|-sidestart|p2: NickWithLucario|Spikes
|
|upkeep
|turn|2
|
|t:|1779704574
|move|p2a: Lokix|Swords Dance|p2a: Lokix
|-boost|p2a: Lokix|atk|2
|move|p1a: Skarmory|Spikes|p2a: Lokix
|-sidestart|p2: NickWithLucario|Spikes
|
|upkeep
|turn|3
|
|t:|1779704583
|switch|p2a: Cacturne|Cacturne, F|100/100
|-damage|p2a: Cacturne|84/100|[from] Spikes
|move|p1a: Skarmory|Whirlwind|p2a: Cacturne
|drag|p2a: Sudowoodo|Sudowoodo, L1, M|100/100
|-damage|p2a: Sudowoodo|85/100|[from] Spikes
|
|upkeep
|turn|4
|
|t:|1779704593
|move|p1a: Skarmory|Body Press|p2a: Sudowoodo
|-supereffective|p2a: Sudowoodo
|-damage|p2a: Sudowoodo|0 fnt
|faint|p2a: Sudowoodo
|
|upkeep
|
|t:|1779704603
|switch|p2a: Cacturne|Cacturne, F|84/100
|-damage|p2a: Cacturne|67/100|[from] Spikes
|turn|5
|
|t:|1779704609
|move|p1a: Skarmory|Spikes|p2a: Cacturne
|-sidestart|p2: NickWithLucario|Spikes
|move|p2a: Cacturne|Substitute|p2a: Cacturne
|-start|p2a: Cacturne|Substitute
|-damage|p2a: Cacturne|42/100
|
|upkeep
|turn|6
|
|t:|1779704618
|move|p1a: Skarmory|Body Press|p2a: Cacturne
|-supereffective|p2a: Cacturne
|-end|p2a: Cacturne|Substitute
|move|p2a: Cacturne|Grassy Terrain|p2a: Cacturne
|-fieldstart|move: Grassy Terrain
|
|-heal|p2a: Cacturne|49/100|[from] Grassy Terrain
|upkeep
|turn|7
|
|t:|1779704632
|move|p1a: Skarmory|Body Press|p2a: Cacturne
|-supereffective|p2a: Cacturne
|-damage|p2a: Cacturne|0 fnt
|faint|p2a: Cacturne
|
|upkeep
|
|t:|1779704640
|switch|p2a: Mew|Mew|100/100
|-damage|p2a: Mew|75/100|[from] Spikes
|turn|8
|
|t:|1779704647
|move|p2a: Mew|Imprison|p2a: Mew
|-start|p2a: Mew|move: Imprison
|move|p1a: Skarmory|Whirlwind|p2a: Mew
|drag|p2a: Polteageist|Polteageist-Antique|100/100
|-damage|p2a: Polteageist|76/100|[from] Spikes
|
|-heal|p2a: Polteageist|82/100|[from] Grassy Terrain
|upkeep
|turn|9
|
|t:|1779704657
|switch|p1a: Zamazenta|Zamazenta|100/100
|-ability|p1a: Zamazenta|Dauntless Shield|boost
|-boost|p1a: Zamazenta|def|1
|move|p2a: Polteageist|Shell Smash|p2a: Polteageist
|-unboost|p2a: Polteageist|def|1
|-unboost|p2a: Polteageist|spd|1
|-boost|p2a: Polteageist|atk|2
|-boost|p2a: Polteageist|spa|2
|-boost|p2a: Polteageist|spe|2
|
|-heal|p2a: Polteageist|88/100|[from] Grassy Terrain
|upkeep
|turn|10
|
|t:|1779704674
|move|p2a: Polteageist|Stored Power|p1a: Zamazenta
|-supereffective|p1a: Zamazenta
|-damage|p1a: Zamazenta|0 fnt
|faint|p1a: Zamazenta
|
|-heal|p2a: Polteageist|94/100|[from] Grassy Terrain
|-fieldend|move: Grassy Terrain
|upkeep
|
|t:|1779704676
|switch|p1a: Gliscor|Gliscor, M|100/100
|turn|11
|
|t:|1779704690
|-terastallize|p1a: Gliscor|Dark
|move|p2a: Polteageist|Stored Power|p1a: Gliscor
|-immune|p1a: Gliscor
|move|p1a: Gliscor|Knock Off|p2a: Polteageist
|-supereffective|p2a: Polteageist
|-damage|p2a: Polteageist|0 fnt
|-enditem|p2a: Polteageist|Lum Berry|[from] move: Knock Off|[of] p1a: Gliscor
|faint|p2a: Polteageist
|
|-status|p1a: Gliscor|tox|[from] item: Toxic Orb
|upkeep
|inactive|NickWithLucario has 120 seconds left.
|
|t:|1779704715
|switch|p2a: Lokix|Lokix, M|91/100
|-damage|p2a: Lokix|66/100|[from] Spikes
|turn|12
|
|t:|1779704719
|switch|p1a: Skarmory|Skarmory, F|86/100
|move|p2a: Lokix|First Impression|p1a: Skarmory
|-resisted|p1a: Skarmory
|-crit|p1a: Skarmory
|-damage|p1a: Skarmory|62/100
|-damage|p2a: Lokix|56/100|[from] item: Life Orb
|
|upkeep
|turn|13
|
|t:|1779704725
|move|p2a: Lokix|U-turn|p1a: Skarmory
|-resisted|p1a: Skarmory
|-damage|p1a: Skarmory|51/100
|-damage|p2a: Lokix|46/100|[from] item: Life Orb
|
|t:|1779704731
|switch|p2a: Mew|Mew|75/100|[from] U-turn
|-damage|p2a: Mew|50/100|[from] Spikes
|move|p1a: Skarmory|Whirlwind|p2a: Mew
|drag|p2a: Kingambit|Kingambit, F|100/100
|-damage|p2a: Kingambit|75/100|[from] Spikes
|-activate|p2a: Kingambit|ability: Supreme Overlord
|-start|p2a: Kingambit|fallen3|[silent]
|
|-heal|p2a: Kingambit|82/100|[from] item: Leftovers
|upkeep
|turn|14
|
|t:|1779704744
|move|p1a: Skarmory|Body Press|p2a: Kingambit
|-supereffective|p2a: Kingambit
|-damage|p2a: Kingambit|0 fnt
|faint|p2a: Kingambit
|-end|p2a: Kingambit|fallen3|[silent]
|
|upkeep
|
|t:|1779704747
|switch|p2a: Lokix|Lokix, M|46/100
|-damage|p2a: Lokix|21/100|[from] Spikes
|turn|15
|
|t:|1779704750
|move|p2a: Lokix|First Impression|p1a: Skarmory
|-resisted|p1a: Skarmory
|-damage|p1a: Skarmory|34/100
|-damage|p2a: Lokix|11/100|[from] item: Life Orb
|move|p1a: Skarmory|Whirlwind|p2a: Lokix
|drag|p2a: Mew|Mew|50/100
|-damage|p2a: Mew|25/100|[from] Spikes
|
|-heal|p2a: Mew|32/100|[from] item: Leftovers
|upkeep
|turn|16
|
|t:|1779704756
|move|p2a: Mew|Transform|p1a: Skarmory
|-transform|p2a: Mew|p1a: Skarmory
|move|p1a: Skarmory|Whirlwind|p2a: Mew
|drag|p2a: Lokix|Lokix, M|11/100
|-damage|p2a: Lokix|0 fnt|[from] Spikes
|faint|p2a: Lokix
|
|upkeep
|
|t:|1779704763
|switch|p2a: Mew|Mew|32/100
|-damage|p2a: Mew|7/100|[from] Spikes
|turn|17
|
|t:|1779704766
|move|p2a: Mew|Transform|p1a: Skarmory
|-transform|p2a: Mew|p1a: Skarmory
|move|p1a: Skarmory|Body Press|p2a: Mew
|-damage|p2a: Mew|0 fnt
|faint|p2a: Mew
|
|win|claudechamp
|raw|claudechamp's rating: 1113 &rarr; <strong>1137</strong><br />(+24 for winning)
|raw|NickWithLucario's rating: 1103 &rarr; <strong>1079</strong><br />(-24 for losing)
|c|☆claudechamp|gg
|l|☆NickWithLucario
|player|p2|
|l|☆claudechamp
|player|p1|
