|j|☆milkmight5
|j|☆dragon_driller
|t:|1779653435
|gametype|singles
|player|p1|milkmight5|266|1044
|player|p2|dragon_driller|clown|1029
|gen|9
|tier|[Gen 9] OU
|rated|
|rule|HP Percentage Mod: HP is shown in percentages
|rule|Endless Battle Clause: Forcing endless battles is banned
|rule|Species Clause: Limit one of each Pokémon
|rule|OHKO Clause: OHKO moves are banned
|rule|Evasion Items Clause: Evasion items are banned
|rule|Evasion Moves Clause: Evasion moves are banned
|rule|Evasion Abilities Clause: Evasion abilities are banned
|rule|Sleep Moves Clause: Sleep-inducing moves are banned
|clearpoke
|poke|p1|Kingambit, F|
|poke|p1|Iron Valiant|
|poke|p1|Dragapult, F|
|poke|p1|Glimmora, F|
|poke|p1|Chandelure, M|
|poke|p1|Raging Bolt|
|poke|p2|Pelipper, M|
|poke|p2|Barraskewda, M|
|poke|p2|Beartic, F|
|poke|p2|Landorus-Therian, M|
|poke|p2|Toxtricity, M|
|poke|p2|Primarina, F|
|teampreview
|
|t:|1779653454
|teamsize|p1|6
|teamsize|p2|6
|start
|switch|p1a: Glimmora|Glimmora, F|100/100
|switch|p2a: Black Flag|Toxtricity, M, shiny|100/100
|turn|1
|inactive|Battle timer is ON: inactive players will automatically lose when time's up. (requested by milkmight5)
|
|t:|1779653462
|move|p1a: Glimmora|Stealth Rock|p2a: Black Flag
|-sidestart|p2: dragon_driller|move: Stealth Rock
|move|p2a: Black Flag|Psychic Noise|p1a: Glimmora
|-supereffective|p1a: Glimmora
|-crit|p1a: Glimmora
|-damage|p1a: Glimmora|5/100
|-start|p1a: Glimmora|move: Heal Block
|-enditem|p1a: Glimmora|Red Card|[of] p2a: Black Flag
|drag|p2a: Celine Dion|Primarina, F, shiny|100/100
|-damage|p2a: Celine Dion|88/100|[from] Stealth Rock
|
|upkeep
|turn|2
|
|t:|1779653478
|move|p1a: Glimmora|Sludge Wave|p2a: Celine Dion
|-supereffective|p2a: Celine Dion
|-damage|p2a: Celine Dion|0 fnt
|faint|p2a: Celine Dion
|
|-end|p1a: Glimmora|move: Heal Block
|upkeep
|
|t:|1779653486
|switch|p2a: Black Flag|Toxtricity, M, shiny|100/100
|-damage|p2a: Black Flag|88/100|[from] Stealth Rock
|turn|3
|
|t:|1779653492
|move|p1a: Glimmora|Spiky Shield|p1a: Glimmora
|-singleturn|p1a: Glimmora|move: Protect
|move|p2a: Black Flag|Overdrive|p1a: Glimmora
|-activate|p1a: Glimmora|move: Protect
|
|upkeep
|turn|4
|
|t:|1779653499
|switch|p1a: Raging Bolt|Raging Bolt|100/100
|move|p2a: Black Flag|Psychic Noise|p1a: Raging Bolt
|-damage|p1a: Raging Bolt|76/100
|-start|p1a: Raging Bolt|move: Heal Block
|
|upkeep
|turn|5
|
|t:|1779653520
|move|p2a: Black Flag|Boomburst|p1a: Raging Bolt
|-damage|p1a: Raging Bolt|34/100
|move|p1a: Raging Bolt|Electric Terrain|p1a: Raging Bolt
|-fieldstart|move: Electric Terrain
|-enditem|p1a: Raging Bolt|Electric Seed
|-boost|p1a: Raging Bolt|def|1|[from] item: Electric Seed
|
|-end|p1a: Raging Bolt|move: Heal Block
|upkeep
|turn|6
|
|t:|1779653528
|move|p2a: Black Flag|Psychic Noise|p1a: Raging Bolt
|-damage|p1a: Raging Bolt|7/100
|-start|p1a: Raging Bolt|move: Heal Block
|move|p1a: Raging Bolt|Dragon Pulse|p2a: Black Flag
|-damage|p2a: Black Flag|49/100
|
|upkeep
|turn|7
|
|t:|1779653542
|move|p2a: Black Flag|Psychic Noise|p1a: Raging Bolt
|-damage|p1a: Raging Bolt|0 fnt
|faint|p1a: Raging Bolt
|-end|p1a: Raging Bolt|Protosynthesis|[silent]
|
|upkeep
|
|t:|1779653548
|switch|p1a: Iron Valiant|Iron Valiant|100/100
|-activate|p1a: Iron Valiant|ability: Quark Drive
|-start|p1a: Iron Valiant|quarkdrivespe
|turn|8
|
|t:|1779653556
|switch|p2a: Mr. Moist|Pelipper, M|100/100
|-damage|p2a: Mr. Moist|75/100|[from] Stealth Rock
|-weather|RainDance|[from] ability: Drizzle|[of] p2a: Mr. Moist
|move|p1a: Iron Valiant|Psycho Cut|p2a: Mr. Moist
|-damage|p2a: Mr. Moist|54/100
|-damage|p1a: Iron Valiant|91/100|[from] item: Life Orb
|
|-weather|RainDance|[upkeep]
|upkeep
|turn|9
|
|t:|1779653571
|move|p1a: Iron Valiant|Knock Off|p2a: Mr. Moist
|-damage|p2a: Mr. Moist|23/100
|-enditem|p2a: Mr. Moist|Damp Rock|[from] move: Knock Off|[of] p1a: Iron Valiant
|-damage|p1a: Iron Valiant|81/100|[from] item: Life Orb
|move|p2a: Mr. Moist|Hurricane|p1a: Iron Valiant
|-supereffective|p1a: Iron Valiant
|-damage|p1a: Iron Valiant|0 fnt
|faint|p1a: Iron Valiant
|-end|p1a: Iron Valiant|Quark Drive|[silent]
|
|-weather|RainDance|[upkeep]
|-fieldend|move: Electric Terrain
|upkeep
|
|t:|1779653582
|switch|p1a: Dragapult|Dragapult, F|100/100
|turn|10
|
|t:|1779653588
|move|p1a: Dragapult|Dragon Darts|p2a: Mr. Moist
|-damage|p2a: Mr. Moist|0 fnt
|faint|p2a: Mr. Moist
|
|-weather|RainDance|[upkeep]
|upkeep
|
|t:|1779653604
|switch|p2a: Piranha|Barraskewda, M, shiny|100/100
|-damage|p2a: Piranha|88/100|[from] Stealth Rock
|turn|11
|
|t:|1779653613
|move|p1a: Dragapult|Sucker Punch|p2a: Piranha
|-damage|p2a: Piranha|36/100
|move|p2a: Piranha|Drill Run|p1a: Dragapult
|-crit|p1a: Dragapult
|-damage|p1a: Dragapult|0 fnt
|faint|p1a: Dragapult
|
|-weather|RainDance|[upkeep]
|upkeep
|
|t:|1779653622
|switch|p1a: Glimmora|Glimmora, F|5/100
|turn|12
|
|t:|1779653625
|move|p1a: Glimmora|Spiky Shield|p1a: Glimmora
|-singleturn|p1a: Glimmora|move: Protect
|move|p2a: Piranha|Drill Run|p1a: Glimmora
|-activate|p1a: Glimmora|move: Protect
|-damage|p2a: Piranha|24/100|[from] Spiky Shield|[of] p1a: Glimmora
|
|-weather|RainDance|[upkeep]
|upkeep
|turn|13
|
|t:|1779653636
|move|p2a: Piranha|Drill Run|p1a: Glimmora
|-supereffective|p1a: Glimmora
|-damage|p1a: Glimmora|0 fnt
|-activate|p1a: Glimmora|ability: Toxic Debris
|-sidestart|p2: dragon_driller|move: Toxic Spikes
|faint|p1a: Glimmora
|
|-weather|RainDance|[upkeep]
|upkeep
|
|t:|1779653646
|switch|p1a: Chandelure|Chandelure, M|100/100
|turn|14
|
|t:|1779653650
|move|p2a: Piranha|Drill Run|p1a: Chandelure
|-supereffective|p1a: Chandelure
|-damage|p1a: Chandelure|0 fnt
|faint|p1a: Chandelure
|
|-weather|RainDance|[upkeep]
|upkeep
|
|t:|1779653656
|switch|p1a: Kingambit|Kingambit, F|100/100
|turn|15
|
|t:|1779653661
|move|p1a: Kingambit|Sucker Punch|p2a: Piranha
|-damage|p2a: Piranha|0 fnt
|faint|p2a: Piranha
|
|-weather|none
|upkeep
|
|t:|1779653665
|switch|p2a: Black Flag|Toxtricity, M, shiny|49/100
|-damage|p2a: Black Flag|37/100|[from] Stealth Rock
|-sideend|p2: dragon_driller|move: Toxic Spikes|[of] p2a: Black Flag
|turn|16
|
|t:|1779653675
|move|p2a: Black Flag|Nuzzle|p1a: Kingambit
|-damage|p1a: Kingambit|96/100
|-status|p1a: Kingambit|par
|move|p1a: Kingambit|Kowtow Cleave|p2a: Black Flag
|-damage|p2a: Black Flag|0 fnt
|faint|p2a: Black Flag
|
|upkeep
|
|t:|1779653694
|switch|p2a: cold Ms.Codswell|Beartic, F|100/100
|-damage|p2a: cold Ms.Codswell|76/100|[from] Stealth Rock
|turn|17
|
|t:|1779653698
|move|p2a: cold Ms.Codswell|Close Combat|p1a: Kingambit
|-supereffective|p1a: Kingambit
|-damage|p1a: Kingambit|0 fnt
|-unboost|p2a: cold Ms.Codswell|def|1
|-unboost|p2a: cold Ms.Codswell|spd|1
|faint|p1a: Kingambit
|
|win|dragon_driller
|raw|milkmight5's rating: 1044 &rarr; <strong>1027</strong><br />(-17 for losing)
|raw|dragon_driller's rating: 1029 &rarr; <strong>1066</strong><br />(+37 for winning)
|l|☆milkmight5
|player|p1|
|c|☆dragon_driller|gg
