|j|☆Abigcamel
|j|‽repete64
|t:|1779624191
|gametype|singles
|player|p1|Abigcamel|morty|1488
|player|p2|repete64|170|1496
|gen|9
|tier|[Gen 9] OU
|rated|
|rule|HP Percentage Mod: HP is shown in percentages
|rule|Endless Battle Clause: Forcing endless battles is banned
|rule|Species Clause: Limit one of each Pokémon
|rule|OHKO Clause: OHKO moves are banned
|rule|Evasion Items Clause: Evasion items are banned
|rule|Evasion Moves Clause: Evasion moves are banned
|rule|Evasion Abilities Clause: Evasion abilities are banned
|rule|Sleep Moves Clause: Sleep-inducing moves are banned
|clearpoke
|poke|p1|Hoopa|
|poke|p1|Cinderace, M|
|poke|p1|Mandibuzz, F|
|poke|p1|Kyurem|
|poke|p1|Ting-Lu|
|poke|p1|Manaphy|
|poke|p2|Slowbro-Galar, F|
|poke|p2|Serperior, F|
|poke|p2|Zapdos|
|poke|p2|Heatran, M|
|poke|p2|Ting-Lu|
|poke|p2|Hatterene, F|
|teampreview
|inactive|Battle timer is ON: inactive players will automatically lose when time's up. (requested by Abigcamel)
|
|t:|1779624202
|teamsize|p1|6
|teamsize|p2|6
|start
|switch|p1a: Cinderace|Cinderace, M|100/100
|switch|p2a: Ting-Lu|Ting-Lu|100/100
|-ability|p2a: Ting-Lu|Vessel of Ruin
|turn|1
|
|t:|1779624206
|move|p1a: Cinderace|High Jump Kick|p2a: Ting-Lu
|-start|p1a: Cinderace|typechange|Fighting|[from] ability: Libero
|-supereffective|p2a: Ting-Lu
|-damage|p2a: Ting-Lu|48/100
|move|p2a: Ting-Lu|Stealth Rock|p1a: Cinderace
|-sidestart|p1: Abigcamel|move: Stealth Rock
|
|-heal|p2a: Ting-Lu|54/100|[from] item: Leftovers
|upkeep
|turn|2
|
|t:|1779624214
|switch|p2a: Hatterene|Hatterene, F|100/100
|move|p1a: Cinderace|Court Change|p1a: Cinderace
|-swapsideconditions
|-activate|p1a: Cinderace|move: Court Change
|
|upkeep
|turn|3
|
|t:|1779624222
|move|p1a: Cinderace|U-turn|p2a: Hatterene
|-damage|p2a: Hatterene|75/100
|
|t:|1779624224
|switch|p1a: Ting-Lucifer|Ting-Lu|100/100|[from] U-turn
|-ability|p1a: Ting-Lucifer|Vessel of Ruin
|move|p2a: Hatterene|Calm Mind|p2a: Hatterene
|-boost|p2a: Hatterene|spa|1
|-boost|p2a: Hatterene|spd|1
|
|-heal|p2a: Hatterene|81/100|[from] item: Leftovers
|upkeep
|turn|4
|
|t:|1779624228
|move|p1a: Ting-Lucifer|Heavy Slam|p2a: Hatterene
|-supereffective|p2a: Hatterene
|-damage|p2a: Hatterene|0 fnt
|faint|p2a: Hatterene
|
|upkeep
|
|t:|1779624235
|switch|p2a: Serperior|Serperior, F|100/100
|-damage|p2a: Serperior|88/100|[from] Stealth Rock
|turn|5
|
|t:|1779624239
|move|p2a: Serperior|Glare|p1a: Ting-Lucifer
|-status|p1a: Ting-Lucifer|par
|move|p1a: Ting-Lucifer|Heavy Slam|p2a: Serperior
|-damage|p2a: Serperior|49/100
|
|-heal|p2a: Serperior|55/100|[from] item: Leftovers
|upkeep
|turn|6
|
|t:|1779624244
|move|p2a: Serperior|Leech Seed|p1a: Ting-Lucifer
|-start|p1a: Ting-Lucifer|move: Leech Seed
|move|p1a: Ting-Lucifer|Heavy Slam|p2a: Serperior
|-damage|p2a: Serperior|15/100
|
|-heal|p2a: Serperior|21/100|[from] item: Leftovers
|-damage|p1a: Ting-Lucifer|88/100 par|[from] Leech Seed|[of] p2a: Serperior
|-heal|p2a: Serperior|38/100|[silent]
|upkeep
|turn|7
|
|t:|1779624255
|switch|p1a: Hoopa|Hoopa|100/100
|move|p2a: Serperior|Substitute|p2a: Serperior
|-start|p2a: Serperior|Substitute
|-damage|p2a: Serperior|13/100
|
|-heal|p2a: Serperior|20/100|[from] item: Leftovers
|upkeep
|turn|8
|
|t:|1779624258
|move|p2a: Serperior|Glare|p1a: Hoopa
|-status|p1a: Hoopa|par
|move|p1a: Hoopa|Shadow Ball|p2a: Serperior
|-end|p2a: Serperior|Substitute
|
|-heal|p2a: Serperior|26/100|[from] item: Leftovers
|upkeep
|turn|9
|
|t:|1779624268
|move|p2a: Serperior|Substitute|p2a: Serperior
|-start|p2a: Serperior|Substitute
|-damage|p2a: Serperior|1/100
|move|p1a: Hoopa|Shadow Ball|p2a: Serperior
|-end|p2a: Serperior|Substitute
|
|-heal|p2a: Serperior|7/100|[from] item: Leftovers
|upkeep
|turn|10
|
|t:|1779624273
|move|p2a: Serperior|Leech Seed|p1a: Hoopa
|-start|p1a: Hoopa|move: Leech Seed
|cant|p1a: Hoopa|par
|
|-heal|p2a: Serperior|13/100|[from] item: Leftovers
|-damage|p1a: Hoopa|88/100 par|[from] Leech Seed|[of] p2a: Serperior
|-heal|p2a: Serperior|25/100|[silent]
|upkeep
|turn|11
|
|t:|1779624279
|switch|p1a: Kyurem|Kyurem|100/100
|-ability|p1a: Kyurem|Pressure
|move|p2a: Serperior|Leaf Storm|p1a: Kyurem
|-resisted|p1a: Kyurem
|-damage|p1a: Kyurem|84/100
|-boost|p2a: Serperior|spa|2
|
|-heal|p2a: Serperior|31/100|[from] item: Leftovers
|upkeep
|turn|12
|
|t:|1779624286
|move|p1a: Kyurem|Ice Beam|p2a: Serperior
|-supereffective|p2a: Serperior
|-damage|p2a: Serperior|0 fnt
|faint|p2a: Serperior
|
|upkeep
|
|t:|1779624290
|switch|p2a: Heatran|Heatran, M|100/100
|-damage|p2a: Heatran|88/100|[from] Stealth Rock
|turn|13
|
|t:|1779624293
|switch|p1a: Ting-Lucifer|Ting-Lu|88/100 par
|-ability|p1a: Ting-Lucifer|Vessel of Ruin
|move|p2a: Heatran|Magma Storm|p1a: Ting-Lucifer|[miss]
|-miss|p2a: Heatran|p1a: Ting-Lucifer
|
|-heal|p2a: Heatran|94/100|[from] item: Leftovers
|upkeep
|turn|14
|
|t:|1779624298
|switch|p2a: Zapdos|Zapdos|100/100
|move|p1a: Ting-Lucifer|Earthquake|p2a: Zapdos
|-immune|p2a: Zapdos
|
|upkeep
|turn|15
|
|t:|1779624305
|move|p2a: Zapdos|Hurricane|p1a: Ting-Lucifer
|-damage|p1a: Ting-Lucifer|60/100 par
|-start|p1a: Ting-Lucifer|confusion
|-activate|p1a: Ting-Lucifer|confusion
|-damage|p1a: Ting-Lucifer|52/100 par|[from] confusion
|
|upkeep
|turn|16
|
|t:|1779624312
|move|p2a: Zapdos|Volt Switch|p1a: Ting-Lucifer
|-immune|p1a: Ting-Lucifer
|-end|p1a: Ting-Lucifer|confusion
|move|p1a: Ting-Lucifer|Stone Edge|p2a: Zapdos
|-supereffective|p2a: Zapdos
|-damage|p2a: Zapdos|24/100
|
|upkeep
|turn|17
|
|t:|1779624319
|move|p2a: Zapdos|Heat Wave|p1a: Ting-Lucifer
|-damage|p1a: Ting-Lucifer|34/100 par
|move|p1a: Ting-Lucifer|Earthquake|p2a: Zapdos
|-immune|p2a: Zapdos
|
|upkeep
|turn|18
|
|t:|1779624323
|move|p2a: Zapdos|Hurricane|p1a: Ting-Lucifer|[miss]
|-miss|p2a: Zapdos|p1a: Ting-Lucifer
|move|p1a: Ting-Lucifer|Stone Edge|p2a: Zapdos
|-supereffective|p2a: Zapdos
|-damage|p2a: Zapdos|0 fnt
|faint|p2a: Zapdos
|
|upkeep
|
|t:|1779624330
|switch|p2a: Ting-Lu|Ting-Lu|54/100
|-damage|p2a: Ting-Lu|48/100|[from] Stealth Rock
|-ability|p2a: Ting-Lu|Vessel of Ruin
|turn|19
|
|t:|1779624336
|switch|p1a: Kyurem|Kyurem|84/100
|-ability|p1a: Kyurem|Pressure
|move|p2a: Ting-Lu|Stealth Rock|p1a: Kyurem
|-sidestart|p1: Abigcamel|move: Stealth Rock
|
|-heal|p2a: Ting-Lu|54/100|[from] item: Leftovers
|upkeep
|turn|20
|
|t:|1779624341
|move|p1a: Kyurem|Earth Power|p2a: Ting-Lu
|-damage|p2a: Ting-Lu|35/100
|-unboost|p2a: Ting-Lu|spd|1
|move|p2a: Ting-Lu|Spikes|p1a: Kyurem
|-sidestart|p1: Abigcamel|Spikes
|
|-heal|p2a: Ting-Lu|41/100|[from] item: Leftovers
|upkeep
|turn|21
|
|t:|1779624345
|move|p1a: Kyurem|Earth Power|p2a: Ting-Lu
|-damage|p2a: Ting-Lu|13/100
|move|p2a: Ting-Lu|Whirlwind|p1a: Kyurem
|drag|p1a: Manaphy|Manaphy|100/100
|-damage|p1a: Manaphy|88/100|[from] Stealth Rock
|-damage|p1a: Manaphy|76/100|[from] Spikes
|
|-heal|p1a: Manaphy|82/100|[from] item: Leftovers
|-heal|p2a: Ting-Lu|19/100|[from] item: Leftovers
|upkeep
|turn|22
|
|t:|1779624350
|move|p1a: Manaphy|Scald|p2a: Ting-Lu
|-supereffective|p2a: Ting-Lu
|-damage|p2a: Ting-Lu|0 fnt
|faint|p2a: Ting-Lu
|
|-heal|p1a: Manaphy|88/100|[from] item: Leftovers
|upkeep
|
|t:|1779624352
|switch|p2a: Slowbro|Slowbro-Galar, F|100/100
|-damage|p2a: Slowbro|88/100|[from] Stealth Rock
|turn|23
|
|t:|1779624356
|move|p1a: Manaphy|Tail Glow|p1a: Manaphy
|-boost|p1a: Manaphy|spa|3
|move|p2a: Slowbro|Belly Drum|p2a: Slowbro
|-damage|p2a: Slowbro|38/100
|-setboost|p2a: Slowbro|atk|6|[from] move: Belly Drum
|
|-heal|p1a: Manaphy|94/100|[from] item: Leftovers
|upkeep
|turn|24
|-activate|p2a: Slowbro|item: Quick Claw
|
|t:|1779624360
|move|p2a: Slowbro|Drain Punch|p1a: Manaphy
|-damage|p1a: Manaphy|12/100
|-heal|p2a: Slowbro|80/100|[from] drain|[of] p1a: Manaphy
|move|p1a: Manaphy|Scald|p2a: Slowbro
|-damage|p2a: Slowbro|0 fnt
|faint|p2a: Slowbro
|
|-heal|p1a: Manaphy|19/100|[from] item: Leftovers
|upkeep
|-message|repete64 forfeited.
|
|win|Abigcamel
|raw|Abigcamel's rating: 1488 &rarr; <strong>1508</strong><br />(+20 for winning)
|raw|repete64's rating: 1496 &rarr; <strong>1476</strong><br />(-20 for losing)
|l|‽repete64
|player|p2|
|l|☆Abigcamel
|player|p1|
