|j|☆pokenoob123p
|j|☆MarcElf22
|t:|1779694461
|gametype|singles
|player|p1|pokenoob123p|2|
|player|p2|MarcElf22|hilbert-wonderlauncher|
|gen|9
|tier|[Gen 9] OU
|rule|HP Percentage Mod: HP is shown in percentages
|rule|Endless Battle Clause: Forcing endless battles is banned
|rule|Species Clause: Limit one of each Pokémon
|rule|OHKO Clause: OHKO moves are banned
|rule|Evasion Items Clause: Evasion items are banned
|rule|Evasion Moves Clause: Evasion moves are banned
|rule|Evasion Abilities Clause: Evasion abilities are banned
|rule|Sleep Moves Clause: Sleep-inducing moves are banned
|clearpoke
|poke|p1|Porygon-Z|
|poke|p1|Indeedee, M|
|poke|p1|Ditto|
|poke|p1|Dodrio, M|
|poke|p1|Rufflet, M|
|poke|p1|Staravia, M|
|poke|p2|Ivysaur, M|
|poke|p2|Torracat, F|
|poke|p2|Samurott-Hisui, M|
|poke|p2|Rhydon, M|
|poke|p2|Braixen, F|
|poke|p2|Garchomp, M|
|teampreview
|
|t:|1779694469
|teamsize|p1|6
|teamsize|p2|6
|start
|switch|p1a: Indeedee|Indeedee, M|100/100
|switch|p2a: Rhydon|Rhydon, M|100/100
|-fieldstart|move: Psychic Terrain|[from] ability: Psychic Surge|[of] p1a: Indeedee
|turn|1
|
|t:|1779694479
|move|p1a: Indeedee|Trick|p2a: Rhydon
|-activate|p1a: Indeedee|move: Trick|[of] p2a: Rhydon
|-item|p2a: Rhydon|Heavy-Duty Boots|[from] move: Trick
|-item|p1a: Indeedee|Eviolite|[from] move: Trick
|move|p2a: Rhydon|Rock Polish|p2a: Rhydon
|-boost|p2a: Rhydon|spe|2
|
|upkeep
|turn|2
|
|t:|1779694494
|move|p2a: Rhydon|Rock Polish|p2a: Rhydon
|-boost|p2a: Rhydon|spe|2
|move|p1a: Indeedee|Expanding Force|p2a: Rhydon
|-damage|p2a: Rhydon|7/100
|
|upkeep
|turn|3
|
|t:|1779694519
|move|p2a: Rhydon|Endeavor|p1a: Indeedee
|-damage|p1a: Indeedee|8/100
|move|p1a: Indeedee|Trick Room|p1a: Indeedee
|-fieldstart|move: Trick Room|[of] p1a: Indeedee
|
|upkeep
|turn|4
|
|t:|1779694528
|move|p1a: Indeedee|Expanding Force|p2a: Rhydon
|-damage|p2a: Rhydon|0 fnt
|faint|p2a: Rhydon
|
|upkeep
|
|t:|1779694540
|switch|p2a: Torracat|Torracat, F|100/100
|-ability|p2a: Torracat|Intimidate|boost
|-unboost|p1a: Indeedee|atk|1
|turn|5
|
|t:|1779694552
|move|p2a: Torracat|Fake Out|p1a: Indeedee
|-activate|p1a: Indeedee|move: Psychic Terrain
|move|p1a: Indeedee|Expanding Force|p2a: Torracat
|-damage|p2a: Torracat|22/100
|
|-fieldend|move: Psychic Terrain
|upkeep
|turn|6
|
|t:|1779694562
|move|p1a: Indeedee|Expanding Force|p2a: Torracat
|-damage|p2a: Torracat|0 fnt
|faint|p2a: Torracat
|
|upkeep
|
|t:|1779694572
|switch|p2a: Ivysaur|Ivysaur, M, shiny|100/100
|turn|7
|
|t:|1779694577
|move|p2a: Ivysaur|Sunny Day|p2a: Ivysaur
|-weather|SunnyDay
|move|p1a: Indeedee|Trick Room|p1a: Indeedee
|-fieldend|move: Trick Room
|
|-weather|SunnyDay|[upkeep]
|upkeep
|turn|8
|
|t:|1779694587
|move|p2a: Ivysaur|Giga Drain|p1a: Indeedee
|-damage|p1a: Indeedee|0 fnt
|faint|p1a: Indeedee
|
|-weather|SunnyDay|[upkeep]
|upkeep
|
|t:|1779694596
|switch|p1a: Porygon-Z|Porygon-Z|100/100
|turn|9
|
|t:|1779694600
|move|p2a: Ivysaur|Growth|p2a: Ivysaur
|-boost|p2a: Ivysaur|atk|2
|-boost|p2a: Ivysaur|spa|2
|move|p1a: Porygon-Z|Ice Beam|p2a: Ivysaur
|-supereffective|p2a: Ivysaur
|-damage|p2a: Ivysaur|0 fnt
|faint|p2a: Ivysaur
|-damage|p1a: Porygon-Z|91/100|[from] item: Life Orb
|
|-weather|SunnyDay|[upkeep]
|upkeep
|
|t:|1779694615
|switch|p2a: Samurott|Samurott-Hisui, M|100/100
|turn|10
|c|☆pokenoob123p|wait....did you bring only kid pokemons??
|
|t:|1779694631
|move|p2a: Samurott|Sacred Sword|p1a: Porygon-Z
|-supereffective|p1a: Porygon-Z
|-damage|p1a: Porygon-Z|0 fnt
|faint|p1a: Porygon-Z
|
|-weather|SunnyDay|[upkeep]
|upkeep
|
|t:|1779694643
|switch|p1a: Staravia|Staravia, M|100/100
|turn|11
|
|t:|1779694652
|move|p2a: Samurott|Aqua Cutter|p1a: Staravia
|-damage|p1a: Staravia|42/100
|move|p1a: Staravia|Double-Edge|p2a: Samurott
|-damage|p2a: Samurott|33/100
|-damage|p1a: Staravia|13/100|[from] Recoil
|
|-weather|none
|upkeep
|turn|12
|
|t:|1779694667
|move|p2a: Samurott|Aqua Cutter|p1a: Staravia
|-crit|p1a: Staravia
|-damage|p1a: Staravia|0 fnt
|faint|p1a: Staravia
|
|upkeep
|
|t:|1779694673
|switch|p1a: Rufflet|Rufflet, M|100/100
|turn|13
|
|t:|1779694679
|move|p2a: Samurott|Sacred Sword|p1a: Rufflet
|-damage|p1a: Rufflet|35/100
|move|p1a: Rufflet|Close Combat|p2a: Samurott
|-supereffective|p2a: Samurott
|-crit|p2a: Samurott
|-damage|p2a: Samurott|0 fnt
|-unboost|p1a: Rufflet|def|1
|-unboost|p1a: Rufflet|spd|1
|faint|p2a: Samurott
|
|upkeep
|
|t:|1779694691
|switch|p2a: Braixen|Braixen, F, shiny|100/100
|turn|14
|
|t:|1779694698
|move|p2a: Braixen|Fire Spin|p1a: Rufflet
|-damage|p1a: Rufflet|18/100
|-activate|p1a: Rufflet|move: Fire Spin|[of] p2a: Braixen
|move|p1a: Rufflet|Zen Headbutt|p2a: Braixen
|-damage|p2a: Braixen|75/100
|
|-damage|p1a: Rufflet|5/100|[from] move: Fire Spin|[partiallytrapped]
|upkeep
|turn|15
|
|t:|1779694707
|move|p2a: Braixen|Wish|p2a: Braixen
|move|p1a: Rufflet|Double-Edge|p2a: Braixen
|-damage|p2a: Braixen|34/100
|-damage|p1a: Rufflet|0 fnt|[from] Recoil
|faint|p1a: Rufflet
|
|upkeep
|
|t:|1779694713
|switch|p1a: Ditto|Ditto|100/100
|-transform|p1a: Ditto|p2a: Braixen|[from] ability: Imposter
|turn|16
|
|t:|1779694723
|move|p2a: Braixen|Protect|p2a: Braixen
|-singleturn|p2a: Braixen|Protect
|move|p1a: Ditto|Wish|p1a: Ditto
|
|-heal|p2a: Braixen|84/100|[from] move: Wish|[wisher] Braixen
|upkeep
|turn|17
|
|t:|1779694738
|switch|p2a: Garchomp|Garchomp, M|100/100
|move|p1a: Ditto|Fire Spin|p2a: Garchomp
|-resisted|p2a: Garchomp
|-damage|p2a: Garchomp|94/100
|-activate|p2a: Garchomp|move: Fire Spin|[of] p1a: Ditto
|
|-damage|p2a: Garchomp|82/100|[from] move: Fire Spin|[partiallytrapped]
|upkeep
|turn|18
|
|t:|1779694753
|move|p1a: Ditto|Protect|p1a: Ditto
|-singleturn|p1a: Ditto|Protect
|move|p2a: Garchomp|Swords Dance|p2a: Garchomp
|-boost|p2a: Garchomp|atk|2
|
|-damage|p2a: Garchomp|69/100|[from] move: Fire Spin|[partiallytrapped]
|upkeep
|turn|19
|
|t:|1779694762
|move|p2a: Garchomp|Scale Shot|p1a: Ditto
|-crit|p1a: Ditto
|-damage|p1a: Ditto|46/100
|-damage|p1a: Ditto|15/100
|-hitcount|p1a: Ditto|2
|-unboost|p2a: Garchomp|def|1
|-boost|p2a: Garchomp|spe|1
|move|p1a: Ditto|Will-O-Wisp|p2a: Garchomp
|-status|p2a: Garchomp|brn
|
|-damage|p2a: Garchomp|63/100 brn|[from] brn
|-damage|p2a: Garchomp|51/100 brn|[from] move: Fire Spin|[partiallytrapped]
|upkeep
|turn|20
|
|t:|1779694789
|move|p1a: Ditto|Protect|p1a: Ditto
|-singleturn|p1a: Ditto|Protect
|move|p2a: Garchomp|Scale Shot|p1a: Ditto
|-activate|p1a: Ditto|move: Protect
|
|-damage|p2a: Garchomp|45/100 brn|[from] brn
|-damage|p2a: Garchomp|33/100 brn|[from] move: Fire Spin|[partiallytrapped]
|upkeep
|turn|21
|
|t:|1779694805
|move|p1a: Ditto|Protect||[still]
|-fail|p1a: Ditto
|move|p2a: Garchomp|Scale Shot|p1a: Ditto
|-damage|p1a: Ditto|0 fnt
|faint|p1a: Ditto
|-hitcount|p1: Ditto|1
|-unboost|p2a: Garchomp|def|1
|-boost|p2a: Garchomp|spe|1
|
|-damage|p2a: Garchomp|26/100 brn|[from] brn
|-end|p2a: Garchomp|Fire Spin|[partiallytrapped]|[silent]
|upkeep
|
|t:|1779694816
|switch|p1a: Dodrio|Dodrio, M|100/100
|turn|22
|
|t:|1779694822
|move|p2a: Garchomp|Scale Shot|p1a: Dodrio
|-damage|p1a: Dodrio|76/100
|-damage|p1a: Dodrio|53/100
|-hitcount|p1a: Dodrio|2
|-unboost|p2a: Garchomp|def|1
|-boost|p2a: Garchomp|spe|1
|move|p1a: Dodrio|Rest|p1a: Dodrio
|-status|p1a: Dodrio|slp|[from] move: Rest
|-heal|p1a: Dodrio|100/100 slp|[silent]
|
|-damage|p2a: Garchomp|20/100 brn|[from] brn
|upkeep
|turn|23
|
|t:|1779694836
|move|p2a: Garchomp|Scale Shot|p1a: Dodrio
|-damage|p1a: Dodrio|75/100 slp
|-damage|p1a: Dodrio|50/100 slp
|-damage|p1a: Dodrio|27/100 slp
|-damage|p1a: Dodrio|0 fnt
|faint|p1a: Dodrio
|-hitcount|p1: Dodrio|4
|
|win|MarcElf22
|c|☆MarcElf22|gg
|l|☆pokenoob123p
|player|p1|
