|badge|p1|bronze|gen9ou|100-9
|uhtml|medal-msg|<div class="broadcast-blue">Curious what those medals under the avatar are? PS now has Ladder Seasons! For more information, check out the <a href="https://www.smogon.com/forums/threads/3740067/">thread on Smogon.</a></div>
|j|☆goodnightnite
|j|☆PiggLad
|t:|1779602757
|gametype|singles
|player|p1|goodnightnite|miku-water|1794
|player|p2|PiggLad|grimsley-gen7|1682
|gen|9
|tier|[Gen 9] OU
|rated|
|rule|HP Percentage Mod: HP is shown in percentages
|rule|Endless Battle Clause: Forcing endless battles is banned
|rule|Species Clause: Limit one of each Pokémon
|rule|OHKO Clause: OHKO moves are banned
|rule|Evasion Items Clause: Evasion items are banned
|rule|Evasion Moves Clause: Evasion moves are banned
|rule|Evasion Abilities Clause: Evasion abilities are banned
|rule|Sleep Moves Clause: Sleep-inducing moves are banned
|clearpoke
|poke|p1|Great Tusk|
|poke|p1|Kingambit, M|
|poke|p1|Raging Bolt|
|poke|p1|Walking Wake|
|poke|p1|Ninetales, M|
|poke|p1|Ceruledge, F|
|poke|p2|Tyranitar, M|
|poke|p2|Hydrapple, M|
|poke|p2|Enamorus, F|
|poke|p2|Garganacl, F|
|poke|p2|Excadrill, M|
|poke|p2|Alomomola, F|
|teampreview
|inactive|Battle timer is ON: inactive players will automatically lose when time's up. (requested by goodnightnite)
|
|t:|1779602772
|teamsize|p1|6
|teamsize|p2|6
|start
|switch|p1a: Resevoir slogs|Walking Wake|100/100
|switch|p2a: Jevils To This|Garganacl, F, shiny|100/100
|turn|1
|
|t:|1779602781
|move|p2a: Jevils To This|Protect|p2a: Jevils To This
|-singleturn|p2a: Jevils To This|Protect
|move|p1a: Resevoir slogs|Hydro Steam|p2a: Jevils To This
|-activate|p2a: Jevils To This|move: Protect
|
|upkeep
|turn|2
|
|t:|1779602786
|switch|p2a: Alo Cortisol|Alomomola, F|100/100
|move|p1a: Resevoir slogs|Knock Off|p2a: Alo Cortisol
|-damage|p2a: Alo Cortisol|89/100
|-enditem|p2a: Alo Cortisol|Assault Vest|[from] move: Knock Off|[of] p1a: Resevoir slogs
|
|upkeep
|turn|3
|
|t:|1779602792
|move|p1a: Resevoir slogs|Hydro Steam|p2a: Alo Cortisol
|-resisted|p2a: Alo Cortisol
|-damage|p2a: Alo Cortisol|72/100
|move|p2a: Alo Cortisol|Flip Turn|p1a: Resevoir slogs
|-resisted|p1a: Resevoir slogs
|-damage|p1a: Resevoir slogs|96/100
|
|t:|1779602805
|switch|p2a: Jevils To This|Garganacl, F, shiny|100/100|[from] Flip Turn
|
|upkeep
|turn|4
|
|t:|1779602809
|move|p1a: Resevoir slogs|Knock Off|p2a: Jevils To This
|-damage|p2a: Jevils To This|90/100
|-enditem|p2a: Jevils To This|Leftovers|[from] move: Knock Off|[of] p1a: Resevoir slogs
|move|p2a: Jevils To This|Salt Cure|p1a: Resevoir slogs
|-damage|p1a: Resevoir slogs|83/100
|-start|p1a: Resevoir slogs|Salt Cure
|
|-damage|p1a: Resevoir slogs|58/100|[from] Salt Cure
|upkeep
|turn|5
|
|t:|1779602816
|-end|p1a: Resevoir slogs|Protosynthesis|[silent]
|switch|p1a: nah i'd spin|Great Tusk|100/100
|move|p2a: Jevils To This|Protect||[still]
|-fail|p2a: Jevils To This
|
|upkeep
|turn|6
|
|t:|1779602823
|-terastallize|p2a: Jevils To This|Fairy
|move|p1a: nah i'd spin|Headlong Rush|p2a: Jevils To This
|-crit|p2a: Jevils To This
|-damage|p2a: Jevils To This|26/100
|-unboost|p1a: nah i'd spin|def|1
|-unboost|p1a: nah i'd spin|spd|1
|move|p2a: Jevils To This|Salt Cure|p1a: nah i'd spin
|-resisted|p1a: nah i'd spin
|-damage|p1a: nah i'd spin|97/100
|-start|p1a: nah i'd spin|Salt Cure
|
|-damage|p1a: nah i'd spin|84/100|[from] Salt Cure
|upkeep
|turn|7
|
|t:|1779602830
|-end|p1a: nah i'd spin|Protosynthesis|[silent]
|switch|p1a: Naruto|Ninetales, M|100/100
|-weather|SunnyDay|[from] ability: Drought|[of] p1a: Naruto
|switch|p2a: Alo Cortisol|Alomomola, F|100/100
|
|-weather|SunnyDay|[upkeep]
|upkeep
|turn|8
|inactive|goodnightnite has 120 seconds left.
|inactive|goodnightnite has 90 seconds left.
|
|t:|1779602897
|move|p1a: Naruto|Will-O-Wisp|p2a: Alo Cortisol|[miss]
|-miss|p1a: Naruto|p2a: Alo Cortisol
|move|p2a: Alo Cortisol|Flip Turn|p1a: Naruto
|-supereffective|p1a: Naruto
|-damage|p1a: Naruto|75/100
|
|t:|1779602902
|switch|p2a: WhoBEdginTheyStone|Tyranitar, M|100/100|[from] Flip Turn
|-weather|Sandstorm|[from] ability: Sand Stream|[of] p2a: WhoBEdginTheyStone
|
|-weather|Sandstorm|[upkeep]
|-damage|p1a: Naruto|69/100|[from] Sandstorm
|upkeep
|turn|9
|
|t:|1779602907
|switch|p1a: nah i'd spin|Great Tusk|84/100
|switch|p2a: Jevils To This|Garganacl, F, shiny, tera:Fairy|26/100
|
|-weather|Sandstorm|[upkeep]
|-damage|p2a: Jevils To This|20/100|[from] Sandstorm
|upkeep
|turn|10
|
|t:|1779602912
|switch|p2a: Alo Cortisol|Alomomola, F|100/100
|move|p1a: nah i'd spin|Close Combat|p2a: Alo Cortisol
|-damage|p2a: Alo Cortisol|58/100
|-unboost|p1a: nah i'd spin|def|1
|-unboost|p1a: nah i'd spin|spd|1
|
|-weather|Sandstorm|[upkeep]
|-damage|p2a: Alo Cortisol|52/100|[from] Sandstorm
|upkeep
|turn|11
|
|t:|1779602922
|move|p1a: nah i'd spin|Headlong Rush|p2a: Alo Cortisol
|-damage|p2a: Alo Cortisol|6/100
|-unboost|p1a: nah i'd spin|def|1
|-unboost|p1a: nah i'd spin|spd|1
|move|p2a: Alo Cortisol|Flip Turn|p1a: nah i'd spin
|-supereffective|p1a: nah i'd spin
|-damage|p1a: nah i'd spin|40/100
|
|t:|1779602926
|switch|p2a: ExGon'SpinIntoYa|Excadrill, M|100/100|[from] Flip Turn
|
|-weather|Sandstorm|[upkeep]
|upkeep
|turn|12
|
|t:|1779602930
|-end|p1a: nah i'd spin|Protosynthesis|[silent]
|switch|p1a: Red judas|Ceruledge, F|100/100
|-item|p1a: Red judas|Air Balloon
|move|p2a: ExGon'SpinIntoYa|Earthquake|p1a: Red judas
|-immune|p1a: Red judas
|
|-weather|none
|upkeep
|turn|13
|
|t:|1779602938
|switch|p2a: WhoBEdginTheyStone|Tyranitar, M|100/100
|-weather|Sandstorm|[from] ability: Sand Stream|[of] p2a: WhoBEdginTheyStone
|switch|p1a: nah i'd spin|Great Tusk|40/100
|
|-weather|Sandstorm|[upkeep]
|upkeep
|turn|14
|
|t:|1779602943
|switch|p2a: Let The Goons Out|Hydrapple, M, shiny|100/100
|move|p1a: nah i'd spin|Ice Spinner|p2a: Let The Goons Out
|-supereffective|p2a: Let The Goons Out
|-damage|p2a: Let The Goons Out|36/100
|-damage|p1a: nah i'd spin|24/100|[from] item: Rocky Helmet|[of] p2a: Let The Goons Out
|
|-weather|Sandstorm|[upkeep]
|-damage|p2a: Let The Goons Out|30/100|[from] Sandstorm
|upkeep
|turn|15
|
|t:|1779602952
|switch|p2a: Larpin Diddy Foid|Enamorus, F|100/100
|move|p1a: nah i'd spin|Close Combat|p2a: Larpin Diddy Foid
|-resisted|p2a: Larpin Diddy Foid
|-damage|p2a: Larpin Diddy Foid|74/100
|-unboost|p1a: nah i'd spin|def|1
|-unboost|p1a: nah i'd spin|spd|1
|
|-weather|Sandstorm|[upkeep]
|-damage|p2a: Larpin Diddy Foid|68/100|[from] Sandstorm
|upkeep
|turn|16
|
|t:|1779602961
|-end|p1a: nah i'd spin|Protosynthesis|[silent]
|switch|p1a: Naruto|Ninetales, M|69/100
|-weather|SunnyDay|[from] ability: Drought|[of] p1a: Naruto
|move|p2a: Larpin Diddy Foid|Moonblast|p1a: Naruto
|-resisted|p1a: Naruto
|-damage|p1a: Naruto|37/100
|
|-weather|SunnyDay|[upkeep]
|upkeep
|turn|17
|
|t:|1779602966
|switch|p2a: Alo Cortisol|Alomomola, F|40/100
|move|p1a: Naruto|Overheat|p2a: Alo Cortisol
|-resisted|p2a: Alo Cortisol
|-damage|p2a: Alo Cortisol|12/100
|-unboost|p1a: Naruto|spa|2
|
|-weather|SunnyDay|[upkeep]
|upkeep
|turn|18
|
|t:|1779602970
|switch|p2a: Let The Goons Out|Hydrapple, M, shiny|63/100
|move|p1a: Naruto|Overheat|p2a: Let The Goons Out
|-damage|p2a: Let The Goons Out|30/100
|-unboost|p1a: Naruto|spa|2
|
|-weather|SunnyDay|[upkeep]
|upkeep
|turn|19
|
|t:|1779602974
|switch|p1a: Resevoir slogs|Walking Wake|58/100
|-activate|p1a: Resevoir slogs|ability: Protosynthesis
|-start|p1a: Resevoir slogs|protosynthesisspe
|switch|p2a: Alo Cortisol|Alomomola, F|45/100
|
|-weather|SunnyDay|[upkeep]
|upkeep
|turn|20
|
|t:|1779602978
|switch|p2a: WhoBEdginTheyStone|Tyranitar, M|100/100
|-weather|Sandstorm|[from] ability: Sand Stream|[of] p2a: WhoBEdginTheyStone
|-end|p1a: Resevoir slogs|Protosynthesis
|move|p1a: Resevoir slogs|Hydro Steam|p2a: WhoBEdginTheyStone
|-supereffective|p2a: WhoBEdginTheyStone
|-damage|p2a: WhoBEdginTheyStone|42/100
|
|-weather|Sandstorm|[upkeep]
|-damage|p1a: Resevoir slogs|52/100|[from] Sandstorm
|upkeep
|turn|21
|
|t:|1779602983
|-end|p1a: Resevoir slogs|Protosynthesis|[silent]
|switch|p1a: Naruto|Ninetales, M|37/100
|-weather|SunnyDay|[from] ability: Drought|[of] p1a: Naruto
|switch|p2a: Alo Cortisol|Alomomola, F|78/100
|
|-weather|SunnyDay|[upkeep]
|upkeep
|turn|22
|
|t:|1779602987
|switch|p1a: Resevoir slogs|Walking Wake|52/100
|-activate|p1a: Resevoir slogs|ability: Protosynthesis
|-start|p1a: Resevoir slogs|protosynthesisspe
|move|p2a: Alo Cortisol|Flip Turn|p1a: Resevoir slogs
|-resisted|p1a: Resevoir slogs
|-damage|p1a: Resevoir slogs|50/100
|
|t:|1779602989
|switch|p2a: WhoBEdginTheyStone|Tyranitar, M|42/100|[from] Flip Turn
|-weather|Sandstorm|[from] ability: Sand Stream|[of] p2a: WhoBEdginTheyStone
|-end|p1a: Resevoir slogs|Protosynthesis
|
|-weather|Sandstorm|[upkeep]
|-damage|p1a: Resevoir slogs|44/100|[from] Sandstorm
|upkeep
|turn|23
|
|t:|1779602994
|switch|p2a: Alo Cortisol|Alomomola, F|100/100
|move|p1a: Resevoir slogs|Draco Meteor|p2a: Alo Cortisol
|-damage|p2a: Alo Cortisol|44/100
|-unboost|p1a: Resevoir slogs|spa|2
|
|-weather|Sandstorm|[upkeep]
|-damage|p1a: Resevoir slogs|37/100|[from] Sandstorm
|-damage|p2a: Alo Cortisol|37/100|[from] Sandstorm
|upkeep
|turn|24
|
|t:|1779603000
|move|p1a: Resevoir slogs|Draco Meteor|p2a: Alo Cortisol
|-damage|p2a: Alo Cortisol|8/100
|-unboost|p1a: Resevoir slogs|spa|2
|move|p2a: Alo Cortisol|Flip Turn|p1a: Resevoir slogs
|-resisted|p1a: Resevoir slogs
|-damage|p1a: Resevoir slogs|33/100
|
|t:|1779603006
|switch|p2a: ExGon'SpinIntoYa|Excadrill, M|100/100|[from] Flip Turn
|
|-weather|Sandstorm|[upkeep]
|-damage|p1a: Resevoir slogs|27/100|[from] Sandstorm
|upkeep
|turn|25
|
|t:|1779603009
|move|p2a: ExGon'SpinIntoYa|Rock Slide|p1a: Resevoir slogs
|-damage|p1a: Resevoir slogs|0 fnt
|faint|p1a: Resevoir slogs
|-end|p1a: Resevoir slogs|Protosynthesis|[silent]
|
|-weather|Sandstorm|[upkeep]
|upkeep
|j| frrrer34343
|
|t:|1779603015
|switch|p1a: 2.f4|Kingambit, M|100/100
|-activate|p1a: 2.f4|ability: Supreme Overlord
|-start|p1a: 2.f4|fallen1|[silent]
|-item|p1a: 2.f4|Air Balloon
|turn|26
|
|t:|1779603041
|switch|p2a: Let The Goons Out|Hydrapple, M, shiny|63/100
|move|p1a: 2.f4|Swords Dance|p1a: 2.f4
|-boost|p1a: 2.f4|atk|2
|
|-weather|none
|upkeep
|turn|27
|
|t:|1779603046
|move|p1a: 2.f4|Kowtow Cleave|p2a: Let The Goons Out
|-damage|p2a: Let The Goons Out|5/100
|-damage|p1a: 2.f4|84/100|[from] item: Rocky Helmet|[of] p2a: Let The Goons Out
|move|p2a: Let The Goons Out|Giga Drain|p1a: 2.f4
|-resisted|p1a: 2.f4
|-damage|p1a: 2.f4|65/100
|-heal|p2a: Let The Goons Out|13/100|[from] drain|[of] p1a: 2.f4
|-enditem|p1a: 2.f4|Air Balloon
|
|upkeep
|turn|28
|
|t:|1779603055
|move|p1a: 2.f4|Iron Head|p2a: Let The Goons Out
|-damage|p2a: Let The Goons Out|0 fnt
|-damage|p1a: 2.f4|49/100|[from] item: Rocky Helmet|[of] p2a: Let The Goons Out
|faint|p2a: Let The Goons Out
|
|upkeep
|
|t:|1779603061
|switch|p2a: ExGon'SpinIntoYa|Excadrill, M|100/100
|turn|29
|
|t:|1779603066
|move|p1a: 2.f4|Sucker Punch||[still]
|-fail|p1a: 2.f4
|move|p2a: ExGon'SpinIntoYa|Substitute|p2a: ExGon'SpinIntoYa
|-start|p2a: ExGon'SpinIntoYa|Substitute
|-damage|p2a: ExGon'SpinIntoYa|76/100
|
|-heal|p2a: ExGon'SpinIntoYa|82/100|[from] item: Leftovers
|upkeep
|turn|30
|
|t:|1779603070
|-end|p1a: 2.f4|fallen1|[silent]
|switch|p1a: Red judas|Ceruledge, F|100/100
|-item|p1a: Red judas|Air Balloon
|move|p2a: ExGon'SpinIntoYa|Earthquake|p1a: Red judas
|-immune|p1a: Red judas
|
|-heal|p2a: ExGon'SpinIntoYa|88/100|[from] item: Leftovers
|upkeep
|turn|31
|
|t:|1779603076
|move|p2a: ExGon'SpinIntoYa|Rock Slide|p1a: Red judas
|-supereffective|p1a: Red judas
|-damage|p1a: Red judas|31/100
|-ability|p1a: Red judas|Weak Armor|boost
|-unboost|p1a: Red judas|def|1
|-boost|p1a: Red judas|spe|2
|-enditem|p1a: Red judas|Air Balloon
|move|p1a: Red judas|Bitter Blade|p2a: ExGon'SpinIntoYa
|-supereffective|p2a: ExGon'SpinIntoYa
|-end|p2a: ExGon'SpinIntoYa|Substitute
|-heal|p1a: Red judas|45/100|[from] drain|[of] p2a: ExGon'SpinIntoYa
|
|-heal|p2a: ExGon'SpinIntoYa|94/100|[from] item: Leftovers
|upkeep
|turn|32
|
|t:|1779603084
|switch|p2a: Alo Cortisol|Alomomola, F|42/100
|move|p1a: Red judas|Bitter Blade|p2a: Alo Cortisol
|-resisted|p2a: Alo Cortisol
|-damage|p2a: Alo Cortisol|25/100
|-heal|p1a: Red judas|57/100|[from] drain|[of] p2a: Alo Cortisol
|
|upkeep
|turn|33
|
|t:|1779603089
|move|p1a: Red judas|Bitter Blade|p2a: Alo Cortisol
|-resisted|p2a: Alo Cortisol
|-damage|p2a: Alo Cortisol|8/100
|-heal|p1a: Red judas|69/100|[from] drain|[of] p2a: Alo Cortisol
|move|p2a: Alo Cortisol|Flip Turn|p1a: Red judas
|-supereffective|p1a: Red judas
|-damage|p1a: Red judas|7/100
|-ability|p1a: Red judas|Weak Armor|boost
|-unboost|p1a: Red judas|def|1
|-boost|p1a: Red judas|spe|2
|inactive|PiggLad has 120 seconds left.
|
|t:|1779603128
|switch|p2a: WhoBEdginTheyStone|Tyranitar, M|42/100|[from] Flip Turn
|-weather|Sandstorm|[from] ability: Sand Stream|[of] p2a: WhoBEdginTheyStone
|
|-weather|Sandstorm|[upkeep]
|-damage|p1a: Red judas|1/100|[from] Sandstorm
|upkeep
|turn|34
|
|t:|1779603135
|move|p1a: Red judas|Poltergeist|p2a: WhoBEdginTheyStone|[miss]
|-miss|p1a: Red judas|p2a: WhoBEdginTheyStone
|move|p2a: WhoBEdginTheyStone|Knock Off|p1a: Red judas
|-supereffective|p1a: Red judas
|-damage|p1a: Red judas|0 fnt
|faint|p1a: Red judas
|
|-weather|Sandstorm|[upkeep]
|upkeep
|
|t:|1779603145
|switch|p1a: Naruto|Ninetales, M|37/100
|-weather|SunnyDay|[from] ability: Drought|[of] p1a: Naruto
|turn|35
|
|t:|1779603150
|switch|p1a: Angry Nut|Raging Bolt|100/100
|-activate|p1a: Angry Nut|ability: Protosynthesis
|-start|p1a: Angry Nut|protosynthesisspa
|switch|p2a: Alo Cortisol|Alomomola, F|42/100
|
|-weather|SunnyDay|[upkeep]
|upkeep
|turn|36
|j| darkrat18
|
|t:|1779603173
|switch|p2a: Jevils To This|Garganacl, F, shiny, tera:Fairy|20/100
|move|p1a: Angry Nut|Weather Ball|p2a: Jevils To This
|-damage|p2a: Jevils To This|0 fnt
|faint|p2a: Jevils To This
|-damage|p1a: Angry Nut|91/100|[from] item: Life Orb
|
|-weather|SunnyDay|[upkeep]
|upkeep
|
|t:|1779603179
|switch|p2a: WhoBEdginTheyStone|Tyranitar, M|42/100
|-weather|Sandstorm|[from] ability: Sand Stream|[of] p2a: WhoBEdginTheyStone
|-end|p1a: Angry Nut|Protosynthesis
|turn|37
|
|t:|1779603190
|switch|p2a: ExGon'SpinIntoYa|Excadrill, M|94/100
|move|p1a: Angry Nut|Dragon Pulse|p2a: ExGon'SpinIntoYa
|-resisted|p2a: ExGon'SpinIntoYa
|-crit|p2a: ExGon'SpinIntoYa
|-damage|p2a: ExGon'SpinIntoYa|23/100
|-damage|p1a: Angry Nut|81/100|[from] item: Life Orb
|
|-weather|Sandstorm|[upkeep]
|-damage|p1a: Angry Nut|75/100|[from] Sandstorm
|-heal|p2a: ExGon'SpinIntoYa|29/100|[from] item: Leftovers
|upkeep
|turn|38
|
|t:|1779603200
|-terastallize|p1a: Angry Nut|Flying
|move|p2a: ExGon'SpinIntoYa|Substitute|p2a: ExGon'SpinIntoYa
|-start|p2a: ExGon'SpinIntoYa|Substitute
|-damage|p2a: ExGon'SpinIntoYa|4/100
|move|p1a: Angry Nut|Dragon Pulse|p2a: ExGon'SpinIntoYa
|-resisted|p2a: ExGon'SpinIntoYa
|-end|p2a: ExGon'SpinIntoYa|Substitute
|-damage|p1a: Angry Nut|65/100|[from] item: Life Orb
|
|-weather|Sandstorm|[upkeep]
|-damage|p1a: Angry Nut|59/100|[from] Sandstorm
|-heal|p2a: ExGon'SpinIntoYa|10/100|[from] item: Leftovers
|upkeep
|turn|39
|
|t:|1779603207
|move|p2a: ExGon'SpinIntoYa|Rock Slide|p1a: Angry Nut
|-supereffective|p1a: Angry Nut
|-damage|p1a: Angry Nut|13/100
|move|p1a: Angry Nut|Dragon Pulse|p2a: ExGon'SpinIntoYa
|-resisted|p2a: ExGon'SpinIntoYa
|-damage|p2a: ExGon'SpinIntoYa|0 fnt
|faint|p2a: ExGon'SpinIntoYa
|-damage|p1a: Angry Nut|3/100|[from] item: Life Orb
|
|-weather|Sandstorm|[upkeep]
|-damage|p1a: Angry Nut|0 fnt|[from] Sandstorm
|faint|p1a: Angry Nut
|-end|p1a: Angry Nut|Protosynthesis|[silent]
|upkeep
|
|t:|1779603224
|switch|p2a: Larpin Diddy Foid|Enamorus, F|68/100
|switch|p1a: Naruto|Ninetales, M|37/100
|-weather|SunnyDay|[from] ability: Drought|[of] p1a: Naruto
|turn|40
|
|t:|1779603232
|move|p2a: Larpin Diddy Foid|Earth Power|p1a: Naruto
|-supereffective|p1a: Naruto
|-damage|p1a: Naruto|0 fnt
|faint|p1a: Naruto
|
|-weather|SunnyDay|[upkeep]
|upkeep
|
|t:|1779603237
|switch|p1a: 2.f4|Kingambit, M|49/100
|-activate|p1a: 2.f4|ability: Supreme Overlord
|-start|p1a: 2.f4|fallen4|[silent]
|turn|41
|
|t:|1779603242
|move|p2a: Larpin Diddy Foid|Earth Power|p1a: 2.f4
|-supereffective|p1a: 2.f4
|-damage|p1a: 2.f4|0 fnt
|faint|p1a: 2.f4
|-end|p1a: 2.f4|fallen4|[silent]
|
|-weather|SunnyDay|[upkeep]
|upkeep
|
|t:|1779603248
|switch|p1a: nah i'd spin|Great Tusk|24/100
|-activate|p1a: nah i'd spin|ability: Protosynthesis
|-start|p1a: nah i'd spin|protosynthesisatk
|turn|42
|
|t:|1779603252
|move|p2a: Larpin Diddy Foid|Earth Power|p1a: nah i'd spin
|-damage|p1a: nah i'd spin|0 fnt
|faint|p1a: nah i'd spin
|-end|p1a: nah i'd spin|Protosynthesis|[silent]
|
|win|PiggLad
|raw|goodnightnite's rating: 1794 &rarr; <strong>1768</strong><br />(-26 for losing)
|raw|PiggLad's rating: 1682 &rarr; <strong>1708</strong><br />(+26 for winning)
|l|☆goodnightnite
|player|p1|
|l|☆PiggLad
|player|p2|
|l| frrrer34343
