|j|☆jjjkkll
|j|☆iamashit
|t:|1779610124
|gametype|singles
|player|p1|jjjkkll|169|1436
|player|p2|iamashit|102|1445
|gen|9
|tier|[Gen 9] OU
|rated|
|rule|HP Percentage Mod: HP is shown in percentages
|rule|Endless Battle Clause: Forcing endless battles is banned
|rule|Species Clause: Limit one of each Pokémon
|rule|OHKO Clause: OHKO moves are banned
|rule|Evasion Items Clause: Evasion items are banned
|rule|Evasion Moves Clause: Evasion moves are banned
|rule|Evasion Abilities Clause: Evasion abilities are banned
|rule|Sleep Moves Clause: Sleep-inducing moves are banned
|clearpoke
|poke|p1|Kingambit, F|
|poke|p1|Dragapult, M|
|poke|p1|Ting-Lu|
|poke|p1|Great Tusk|
|poke|p1|Rotom-Wash|
|poke|p1|Gholdengo|
|poke|p2|Dragalge, F|
|poke|p2|Alomomola, F|
|poke|p2|Kingambit, F|
|poke|p2|Great Tusk|
|poke|p2|Enamorus, F|
|poke|p2|Corviknight, F|
|teampreview
|inactive|Battle timer is ON: inactive players will automatically lose when time's up. (requested by jjjkkll)
|
|t:|1779610134
|teamsize|p1|6
|teamsize|p2|6
|start
|switch|p1a: Ting-Lu|Ting-Lu|100/100
|switch|p2a: Dragalge|Dragalge, F|100/100
|-ability|p1a: Ting-Lu|Vessel of Ruin
|turn|1
|
|t:|1779610141
|move|p2a: Dragalge|Flip Turn|p1a: Ting-Lu
|-supereffective|p1a: Ting-Lu
|-damage|p1a: Ting-Lu|89/100
|
|t:|1779610143
|switch|p2a: Corviknight|Corviknight, F|100/100|[from] Flip Turn
|-ability|p2a: Corviknight|Pressure
|move|p1a: Ting-Lu|Spikes|p2a: Corviknight
|-sidestart|p2: iamashit|Spikes
|
|-heal|p1a: Ting-Lu|95/100|[from] item: Leftovers
|upkeep
|turn|2
|
|t:|1779610151
|switch|p1a: Gholdengo|Gholdengo|100/100
|-item|p1a: Gholdengo|Air Balloon
|move|p2a: Corviknight|Iron Defense|p2a: Corviknight
|-boost|p2a: Corviknight|def|2
|
|upkeep
|turn|3
|
|t:|1779610157
|move|p1a: Gholdengo|Nasty Plot|p1a: Gholdengo
|-boost|p1a: Gholdengo|spa|2
|move|p2a: Corviknight|U-turn|p1a: Gholdengo
|-resisted|p1a: Gholdengo
|-damage|p1a: Gholdengo|97/100
|-enditem|p1a: Gholdengo|Air Balloon
|
|t:|1779610179
|switch|p2a: Great Tusk|Great Tusk|100/100|[from] U-turn
|
|upkeep
|turn|4
|
|t:|1779610195
|-end|p2a: Great Tusk|Protosynthesis|[silent]
|switch|p2a: Dragalge|Dragalge, F|100/100
|-damage|p2a: Dragalge|88/100|[from] Spikes
|-terastallize|p1a: Gholdengo|Fairy
|move|p1a: Gholdengo|Make It Rain|p2a: Dragalge
|-damage|p2a: Dragalge|22/100
|-unboost|p1a: Gholdengo|spa|1
|
|upkeep
|turn|5
|inactive|iamashit has 120 seconds left.
|
|t:|1779610216
|switch|p2a: Kingambit|Kingambit, F|100/100
|-damage|p2a: Kingambit|88/100|[from] Spikes
|move|p1a: Gholdengo|Shadow Ball|p2a: Kingambit
|-resisted|p2a: Kingambit
|-damage|p2a: Kingambit|55/100
|-unboost|p2a: Kingambit|spd|1
|
|-heal|p2a: Kingambit|61/100|[from] item: Leftovers
|upkeep
|turn|6
|inactive|iamashit has 120 seconds left.
|
|t:|1779610226
|switch|p1a: Great Tusk|Great Tusk|100/100
|move|p2a: Kingambit|Iron Head|p1a: Great Tusk
|-damage|p1a: Great Tusk|69/100
|-damage|p2a: Kingambit|44/100|[from] item: Rocky Helmet|[of] p1a: Great Tusk
|
|-heal|p2a: Kingambit|51/100|[from] item: Leftovers
|upkeep
|turn|7
|j| testingrainteam1
|
|t:|1779610235
|-end|p2a: Kingambit|fallenundefined|[silent]
|switch|p2a: Alomomola|Alomomola, F|100/100
|move|p1a: Great Tusk|Knock Off|p2a: Alomomola
|-damage|p2a: Alomomola|81/100
|-enditem|p2a: Alomomola|Heavy-Duty Boots|[from] move: Knock Off|[of] p1a: Great Tusk
|
|upkeep
|turn|8
|l| testingrainteam1
|
|t:|1779610242
|-end|p1a: Great Tusk|Protosynthesis|[silent]
|switch|p1a: Rotom|Rotom-Wash|100/100
|move|p2a: Alomomola|Wish|p2a: Alomomola
|
|upkeep
|turn|9
|
|t:|1779610249
|switch|p2a: Dragalge|Dragalge, F|22/100
|-damage|p2a: Dragalge|9/100|[from] Spikes
|move|p1a: Rotom|Will-O-Wisp|p2a: Dragalge
|-status|p2a: Dragalge|brn
|
|-heal|p2a: Dragalge|80/100 brn|[from] move: Wish|[wisher] Alomomola
|-damage|p2a: Dragalge|74/100 brn|[from] brn
|upkeep
|turn|10
|
|t:|1779610264
|move|p1a: Rotom|Volt Switch|p2a: Dragalge
|-resisted|p2a: Dragalge
|-damage|p2a: Dragalge|68/100 brn
|
|t:|1779610269
|switch|p1a: Ting-Lu|Ting-Lu|95/100|[from] Volt Switch
|-ability|p1a: Ting-Lu|Vessel of Ruin
|move|p2a: Dragalge|Draco Meteor|p1a: Ting-Lu
|-crit|p1a: Ting-Lu
|-damage|p1a: Ting-Lu|41/100
|-unboost|p2a: Dragalge|spa|2
|
|-heal|p1a: Ting-Lu|47/100|[from] item: Leftovers
|-damage|p2a: Dragalge|62/100 brn|[from] brn
|upkeep
|turn|11
|
|t:|1779610281
|move|p2a: Dragalge|Flip Turn|p1a: Ting-Lu
|-supereffective|p1a: Ting-Lu
|-damage|p1a: Ting-Lu|42/100
|
|t:|1779610296
|switch|p2a: Enamorus|Enamorus, F|100/100|[from] Flip Turn
|move|p1a: Ting-Lu|Spikes|p2a: Enamorus
|-sidestart|p2: iamashit|Spikes
|
|-heal|p1a: Ting-Lu|48/100|[from] item: Leftovers
|upkeep
|turn|12
|
|t:|1779610315
|move|p2a: Enamorus|Moonblast|p1a: Ting-Lu
|-supereffective|p1a: Ting-Lu
|-damage|p1a: Ting-Lu|3/100
|move|p1a: Ting-Lu|Whirlwind|p2a: Enamorus
|drag|p2a: Dragalge|Dragalge, F|62/100 brn
|-damage|p2a: Dragalge|45/100 brn|[from] Spikes
|
|-heal|p1a: Ting-Lu|10/100|[from] item: Leftovers
|-damage|p2a: Dragalge|39/100 brn|[from] brn
|upkeep
|turn|13
|
|t:|1779610328
|move|p2a: Dragalge|Flip Turn|p1a: Ting-Lu
|-supereffective|p1a: Ting-Lu
|-damage|p1a: Ting-Lu|4/100
|
|t:|1779610330
|switch|p2a: Enamorus|Enamorus, F|100/100|[from] Flip Turn
|move|p1a: Ting-Lu|Earthquake|p2a: Enamorus
|-immune|p2a: Enamorus
|
|-heal|p1a: Ting-Lu|11/100|[from] item: Leftovers
|upkeep
|turn|14
|
|t:|1779610338
|move|p2a: Enamorus|Moonblast|p1a: Ting-Lu
|-supereffective|p1a: Ting-Lu
|-damage|p1a: Ting-Lu|0 fnt
|faint|p1a: Ting-Lu
|
|upkeep
|
|t:|1779610354
|switch|p1a: Gholdengo|Gholdengo, tera:Fairy|97/100
|turn|15
|
|t:|1779610368
|switch|p2a: Great Tusk|Great Tusk|100/100
|move|p1a: Gholdengo|Make It Rain|p2a: Great Tusk
|-damage|p2a: Great Tusk|1/100
|-unboost|p1a: Gholdengo|spa|1
|
|upkeep
|turn|16
|
|t:|1779610378
|move|p2a: Great Tusk|Ice Spinner|p1a: Gholdengo
|-damage|p1a: Gholdengo|62/100
|move|p1a: Gholdengo|Shadow Ball|p2a: Great Tusk
|-damage|p2a: Great Tusk|0 fnt
|faint|p2a: Great Tusk
|-end|p2a: Great Tusk|Protosynthesis|[silent]
|
|upkeep
|
|t:|1779610389
|switch|p2a: Enamorus|Enamorus, F|100/100
|turn|17
|
|t:|1779610405
|move|p2a: Enamorus|Moonblast|p1a: Gholdengo
|-damage|p1a: Gholdengo|0 fnt
|faint|p1a: Gholdengo
|
|upkeep
|
|t:|1779610411
|switch|p1a: Rotom|Rotom-Wash|100/100
|turn|18
|inactive|iamashit has 120 seconds left.
|
|t:|1779610446
|move|p2a: Enamorus|Moonblast|p1a: Rotom
|-damage|p1a: Rotom|52/100
|move|p1a: Rotom|Volt Switch|p2a: Enamorus
|-supereffective|p2a: Enamorus
|-damage|p2a: Enamorus|29/100
|
|t:|1779610452
|switch|p1a: Dragapult|Dragapult, M|100/100|[from] Volt Switch
|
|upkeep
|turn|19
|j| Concept Everything
|c|☆jjjkkll|oh fuck
|
|t:|1779610471
|switch|p1a: Kingambit|Kingambit, F|100/100
|-activate|p1a: Kingambit|ability: Supreme Overlord
|-start|p1a: Kingambit|fallen2|[silent]
|move|p2a: Enamorus|Moonblast|p1a: Kingambit
|-damage|p1a: Kingambit|54/100
|
|upkeep
|turn|20
|
|t:|1779610478
|switch|p2a: Corviknight|Corviknight, F|100/100
|-ability|p2a: Corviknight|Pressure
|move|p1a: Kingambit|Iron Head|p2a: Corviknight
|-resisted|p2a: Corviknight
|-damage|p2a: Corviknight|83/100
|-damage|p1a: Kingambit|37/100|[from] item: Rocky Helmet|[of] p2a: Corviknight
|
|upkeep
|turn|21
|
|t:|1779610487
|-end|p1a: Kingambit|fallen2|[silent]
|switch|p1a: Rotom|Rotom-Wash|52/100
|move|p2a: Corviknight|U-turn|p1a: Rotom
|-damage|p1a: Rotom|40/100
|
|t:|1779610498
|switch|p2a: Enamorus|Enamorus, F|29/100|[from] U-turn
|
|-heal|p1a: Rotom|46/100|[from] item: Leftovers
|upkeep
|turn|22
|l| Concept Everything
|-message|jjjkkll forfeited.
|
|win|iamashit
|raw|jjjkkll's rating: 1436 &rarr; <strong>1417</strong><br />(-19 for losing)
|raw|iamashit's rating: 1445 &rarr; <strong>1464</strong><br />(+19 for winning)
|l|☆jjjkkll
|player|p1|
|l|☆iamashit
|player|p2|
