|j|‽Arboks Fangs
|j|‽clorox man
|t:|1779606643
|gametype|singles
|player|p1|Arboks Fangs|rocketgrunt|1693
|player|p2|clorox man|clown|1729
|gen|9
|tier|[Gen 9] OU
|rated|
|rule|HP Percentage Mod: HP is shown in percentages
|rule|Endless Battle Clause: Forcing endless battles is banned
|rule|Species Clause: Limit one of each Pokémon
|rule|OHKO Clause: OHKO moves are banned
|rule|Evasion Items Clause: Evasion items are banned
|rule|Evasion Moves Clause: Evasion moves are banned
|rule|Evasion Abilities Clause: Evasion abilities are banned
|rule|Sleep Moves Clause: Sleep-inducing moves are banned
|clearpoke
|poke|p1|Ninetales-Alola, M|
|poke|p1|Klefki, F|
|poke|p1|Maushold-Four|
|poke|p1|Latias, F|
|poke|p1|Okidogi, M|
|poke|p1|Kyurem|
|poke|p2|Ogerpon-Wellspring, F|
|poke|p2|Hatterene, F|
|poke|p2|Landorus-Therian, M|
|poke|p2|Kingambit, M|
|poke|p2|Iron Moth|
|poke|p2|Gholdengo|
|teampreview
|inactive|Battle timer is ON: inactive players will automatically lose when time's up. (requested by Arboks Fangs)
|
|t:|1779606654
|teamsize|p1|6
|teamsize|p2|6
|start
|switch|p1a: Klefki|Klefki, F|100/100
|switch|p2a: Hatterene|Hatterene, F|100/100
|turn|1
|
|t:|1779606658
|move|p1a: Klefki|Light Screen|p1a: Klefki
|-sidestart|p1: Arboks Fangs|move: Light Screen
|move|p2a: Hatterene|Mystical Fire|p1a: Klefki
|-supereffective|p1a: Klefki
|-damage|p1a: Klefki|69/100
|-unboost|p1a: Klefki|spa|1
|
|upkeep
|turn|2
|
|t:|1779606661
|move|p1a: Klefki|Reflect|p1a: Klefki
|-sidestart|p1: Arboks Fangs|Reflect
|move|p2a: Hatterene|Mystical Fire|p1a: Klefki
|-supereffective|p1a: Klefki
|-damage|p1a: Klefki|40/100
|-unboost|p1a: Klefki|spa|1
|
|upkeep
|turn|3
|
|t:|1779606672
|switch|p1a: Maushold|Maushold-Four|100/100
|move|p2a: Hatterene|Nuzzle|p1a: Maushold
|-damage|p1a: Maushold|98/100
|-status|p1a: Maushold|par
|
|upkeep
|turn|4
|
|t:|1779606679
|switch|p1a: Kyurem|Kyurem, shiny|100/100
|-ability|p1a: Kyurem|Pressure
|switch|p2a: Landorus|Landorus-Therian, M|100/100
|-ability|p2a: Landorus|Intimidate|boost
|-unboost|p1a: Kyurem|atk|1
|
|upkeep
|turn|5
|j| ImperialGo
|
|t:|1779606686
|switch|p2a: Hatterene|Hatterene, F|100/100
|move|p1a: Kyurem|Freeze-Dry|p2a: Hatterene
|-damage|p2a: Hatterene|75/100
|
|upkeep
|turn|6
|
|t:|1779606693
|switch|p1a: Maushold|Maushold-Four|98/100 par
|move|p2a: Hatterene|Draining Kiss|p1a: Maushold
|-damage|p1a: Maushold|80/100 par
|-heal|p2a: Hatterene|89/100|[from] drain|[of] p1a: Maushold
|
|upkeep
|turn|7
|
|t:|1779606698
|switch|p1a: Kyurem|Kyurem, shiny|100/100
|-ability|p1a: Kyurem|Pressure
|switch|p2a: Landorus|Landorus-Therian, M|100/100
|-ability|p2a: Landorus|Intimidate|boost
|-unboost|p1a: Kyurem|atk|1
|
|upkeep
|turn|8
|
|t:|1779606705
|switch|p2a: Gholdengo|Gholdengo|100/100
|-item|p2a: Gholdengo|Air Balloon
|move|p1a: Kyurem|Dragon Dance|p1a: Kyurem
|-boost|p1a: Kyurem|atk|1
|-boost|p1a: Kyurem|spe|1
|
|-sideend|p1: Arboks Fangs|move: Light Screen
|upkeep
|turn|9
|
|t:|1779606718
|-terastallize|p1a: Kyurem|Ground
|move|p1a: Kyurem|Freeze-Dry|p2a: Gholdengo
|-resisted|p2a: Gholdengo
|-damage|p2a: Gholdengo|80/100
|-enditem|p2a: Gholdengo|Air Balloon
|move|p2a: Gholdengo|Thunder Wave|p1a: Kyurem
|-immune|p1a: Kyurem
|
|-sideend|p1: Arboks Fangs|Reflect
|upkeep
|turn|10
|
|t:|1779606727
|move|p1a: Kyurem|Dragon Dance|p1a: Kyurem
|-boost|p1a: Kyurem|atk|1
|-boost|p1a: Kyurem|spe|1
|move|p2a: Gholdengo|Make It Rain|p1a: Kyurem
|-damage|p1a: Kyurem|48/100
|-unboost|p2a: Gholdengo|spa|1
|
|upkeep
|turn|11
|
|t:|1779606731
|switch|p2a: Landorus|Landorus-Therian, M|100/100
|-ability|p2a: Landorus|Intimidate|boost
|-unboost|p1a: Kyurem|atk|1
|move|p1a: Kyurem|Earth Power|p2a: Landorus
|-immune|p2a: Landorus
|
|upkeep
|turn|12
|l| ImperialGo
|
|t:|1779606738
|move|p1a: Kyurem|Freeze-Dry|p2a: Landorus
|-supereffective|p2a: Landorus
|-damage|p2a: Landorus|0 fnt
|faint|p2a: Landorus
|
|upkeep
|
|t:|1779606759
|switch|p2a: Ogerpon|Ogerpon-Wellspring, F|100/100
|turn|13
|
|t:|1779606765
|-terastallize|p2a: Ogerpon|Water
|detailschange|p2a: Ogerpon|Ogerpon-Wellspring-Tera, F, tera:Water
|-ability|p2a: Ogerpon|Embody Aspect (Wellspring)|boost
|-boost|p2a: Ogerpon|spd|1
|move|p1a: Kyurem|Freeze-Dry|p2a: Ogerpon
|-supereffective|p2a: Ogerpon
|-damage|p2a: Ogerpon|37/100
|move|p2a: Ogerpon|Ivy Cudgel|p1a: Kyurem|[anim] Ivy Cudgel Water
|-supereffective|p1a: Kyurem
|-damage|p1a: Kyurem|0 fnt
|faint|p1a: Kyurem
|
|upkeep
|
|t:|1779606772
|switch|p1a: Klefki|Klefki, F|40/100
|turn|14
|
|t:|1779606780
|switch|p2a: Hatterene|Hatterene, F|89/100
|move|p1a: Klefki|Reflect|p1a: Klefki
|-sidestart|p1: Arboks Fangs|Reflect
|
|upkeep
|turn|15
|
|t:|1779606787
|move|p1a: Klefki|Light Screen|p1a: Klefki
|-sidestart|p1: Arboks Fangs|move: Light Screen
|move|p2a: Hatterene|Mystical Fire|p1a: Klefki
|-supereffective|p1a: Klefki
|-damage|p1a: Klefki|8/100
|-unboost|p1a: Klefki|spa|1
|
|upkeep
|turn|16
|
|t:|1779606791
|switch|p1a: Maushold|Maushold-Four|80/100 par
|move|p2a: Hatterene|Nuzzle|p1a: Maushold
|-damage|p1a: Maushold|77/100 par
|
|upkeep
|turn|17
|
|t:|1779606795
|switch|p2a: Gholdengo|Gholdengo|80/100
|move|p1a: Maushold|Tidy Up|p1a: Maushold
|-boost|p1a: Maushold|atk|1
|-boost|p1a: Maushold|spe|1
|
|upkeep
|turn|18
|
|t:|1779606799
|move|p2a: Gholdengo|Make It Rain|p1a: Maushold
|-damage|p1a: Maushold|42/100 par
|-unboost|p2a: Gholdengo|spa|1
|move|p1a: Maushold|Tidy Up|p1a: Maushold
|-boost|p1a: Maushold|atk|1
|-boost|p1a: Maushold|spe|1
|
|upkeep
|turn|19
|
|t:|1779606807
|move|p1a: Maushold|Bite|p2a: Gholdengo
|-supereffective|p2a: Gholdengo
|-crit|p2a: Gholdengo
|-damage|p2a: Gholdengo|0 fnt
|faint|p2a: Gholdengo
|
|upkeep
|
|t:|1779606817
|switch|p2a: Kingambit|Kingambit, M|100/100
|-activate|p2a: Kingambit|ability: Supreme Overlord
|-start|p2a: Kingambit|fallen2|[silent]
|turn|20
|
|t:|1779606821
|move|p1a: Maushold|Population Bomb|p2a: Kingambit
|-resisted|p2a: Kingambit
|-damage|p2a: Kingambit|92/100
|-resisted|p2a: Kingambit
|-damage|p2a: Kingambit|83/100
|-resisted|p2a: Kingambit
|-damage|p2a: Kingambit|74/100
|-resisted|p2a: Kingambit
|-damage|p2a: Kingambit|65/100
|-resisted|p2a: Kingambit
|-damage|p2a: Kingambit|57/100
|-hitcount|p2a: Kingambit|5
|move|p2a: Kingambit|Kowtow Cleave|p1a: Maushold
|-damage|p1a: Maushold|1/100 par
|
|-heal|p2a: Kingambit|63/100|[from] item: Leftovers
|upkeep
|turn|21
|
|t:|1779606828
|move|p1a: Maushold|Tidy Up|p1a: Maushold
|-boost|p1a: Maushold|atk|1
|-boost|p1a: Maushold|spe|1
|move|p2a: Kingambit|Kowtow Cleave|p1a: Maushold
|-damage|p1a: Maushold|0 fnt
|faint|p1a: Maushold
|
|-heal|p2a: Kingambit|69/100|[from] item: Leftovers
|-sideend|p1: Arboks Fangs|Reflect
|upkeep
|
|t:|1779606829
|switch|p1a: Ninetales|Ninetales-Alola, M|100/100
|-weather|Snowscape|[from] ability: Snow Warning|[of] p1a: Ninetales
|turn|22
|
|t:|1779606840
|-end|p2a: Kingambit|fallen2|[silent]
|switch|p2a: Iron Moth|Iron Moth|100/100
|-enditem|p2a: Iron Moth|Booster Energy
|-activate|p2a: Iron Moth|ability: Quark Drive|[fromitem]
|-start|p2a: Iron Moth|quarkdrivespe
|move|p1a: Ninetales|Aurora Veil|p1a: Ninetales
|-sidestart|p1: Arboks Fangs|move: Aurora Veil
|
|-weather|Snowscape|[upkeep]
|-sideend|p1: Arboks Fangs|move: Light Screen
|upkeep
|turn|23
|
|t:|1779606843
|switch|p1a: Klefki|Klefki, F|8/100
|move|p2a: Iron Moth|Fiery Dance|p1a: Klefki
|-supereffective|p1a: Klefki
|-damage|p1a: Klefki|0 fnt
|faint|p1a: Klefki
|
|-weather|Snowscape|[upkeep]
|upkeep
|
|t:|1779606845
|switch|p1a: Latias|Latias, F|100/100
|turn|24
|
|t:|1779606848
|move|p2a: Iron Moth|Sludge Wave|p1a: Latias
|-damage|p1a: Latias|79/100
|move|p1a: Latias|Agility|p1a: Latias
|-boost|p1a: Latias|spe|2
|
|-weather|Snowscape|[upkeep]
|upkeep
|turn|25
|
|t:|1779606853
|move|p2a: Iron Moth|Fiery Dance|p1a: Latias
|-resisted|p1a: Latias
|-damage|p1a: Latias|70/100
|-boost|p2a: Iron Moth|spa|1
|move|p1a: Latias|Agility|p1a: Latias
|-boost|p1a: Latias|spe|2
|
|-weather|Snowscape|[upkeep]
|upkeep
|turn|26
|
|t:|1779606857
|move|p1a: Latias|Calm Mind|p1a: Latias
|-boost|p1a: Latias|spa|1
|-boost|p1a: Latias|spd|1
|move|p2a: Iron Moth|Sludge Wave|p1a: Latias
|-damage|p1a: Latias|48/100
|
|-weather|none
|upkeep
|turn|27
|
|t:|1779606861
|move|p1a: Latias|Stored Power|p2a: Iron Moth
|-supereffective|p2a: Iron Moth
|-damage|p2a: Iron Moth|0 fnt
|faint|p2a: Iron Moth
|-end|p2a: Iron Moth|Quark Drive|[silent]
|
|upkeep
|
|t:|1779606864
|switch|p2a: Hatterene|Hatterene, F|89/100
|turn|28
|
|t:|1779606867
|move|p1a: Latias|Calm Mind|p1a: Latias
|-boost|p1a: Latias|spa|1
|-boost|p1a: Latias|spd|1
|move|p2a: Hatterene|Nuzzle|p1a: Latias
|-resisted|p1a: Latias
|-damage|p1a: Latias|47/100
|-status|p1a: Latias|par
|
|upkeep
|turn|29
|
|t:|1779606873
|switch|p2a: Kingambit|Kingambit, M|69/100
|-activate|p2a: Kingambit|ability: Supreme Overlord
|-start|p2a: Kingambit|fallen3|[silent]
|move|p1a: Latias|Stored Power|p2a: Kingambit
|-immune|p2a: Kingambit
|
|-heal|p2a: Kingambit|75/100|[from] item: Leftovers
|-sideend|p1: Arboks Fangs|move: Aurora Veil
|upkeep
|turn|30
|
|t:|1779606876
|move|p2a: Kingambit|Sucker Punch|p1a: Latias
|-supereffective|p1a: Latias
|-damage|p1a: Latias|0 fnt
|faint|p1a: Latias
|
|-heal|p2a: Kingambit|82/100|[from] item: Leftovers
|upkeep
|
|t:|1779606878
|switch|p1a: Ninetales|Ninetales-Alola, M|100/100
|-weather|Snowscape|[from] ability: Snow Warning|[of] p1a: Ninetales
|turn|31
|
|t:|1779606880
|-end|p2a: Kingambit|fallen3|[silent]
|switch|p2a: Ogerpon|Ogerpon-Wellspring-Tera, F, tera:Water|37/100
|-ability|p2a: Ogerpon|Embody Aspect (Wellspring)|boost
|-boost|p2a: Ogerpon|spd|1
|move|p1a: Ninetales|Aurora Veil|p1a: Ninetales
|-sidestart|p1: Arboks Fangs|move: Aurora Veil
|
|-weather|Snowscape|[upkeep]
|upkeep
|turn|32
|
|t:|1779606883
|move|p2a: Ogerpon|Ivy Cudgel|p1a: Ninetales|[anim] Ivy Cudgel Water
|-damage|p1a: Ninetales|70/100
|move|p1a: Ninetales|Freeze-Dry|p2a: Ogerpon
|-supereffective|p2a: Ogerpon
|-damage|p2a: Ogerpon|6/100
|
|-weather|Snowscape|[upkeep]
|upkeep
|turn|33
|
|t:|1779606887
|move|p2a: Ogerpon|Spikes|p1a: Ninetales
|-sidestart|p1: Arboks Fangs|Spikes
|move|p1a: Ninetales|Freeze-Dry|p2a: Ogerpon
|-supereffective|p2a: Ogerpon
|-damage|p2a: Ogerpon|0 fnt
|faint|p2a: Ogerpon
|detailschange|p2: Ogerpon|Ogerpon-Wellspring, F|[silent]
|
|-weather|Snowscape|[upkeep]
|upkeep
|
|t:|1779606897
|switch|p2a: Hatterene|Hatterene, F|89/100
|turn|34
|
|t:|1779606900
|move|p1a: Ninetales|Freeze-Dry|p2a: Hatterene
|-damage|p2a: Hatterene|75/100
|move|p2a: Hatterene|Nuzzle|p1a: Ninetales
|-damage|p1a: Ninetales|69/100
|-status|p1a: Ninetales|par
|
|-weather|Snowscape|[upkeep]
|upkeep
|turn|35
|
|t:|1779606914
|switch|p2a: Kingambit|Kingambit, M|82/100
|-activate|p2a: Kingambit|ability: Supreme Overlord
|-start|p2a: Kingambit|fallen4|[silent]
|move|p1a: Ninetales|Freeze-Dry|p2a: Kingambit
|-resisted|p2a: Kingambit
|-damage|p2a: Kingambit|72/100
|
|-weather|none
|-heal|p2a: Kingambit|79/100|[from] item: Leftovers
|upkeep
|turn|36
|
|t:|1779606917
|switch|p1a: Okidogi|Okidogi, M|100/100
|-damage|p1a: Okidogi|88/100|[from] Spikes
|move|p2a: Kingambit|Swords Dance|p2a: Kingambit
|-boost|p2a: Kingambit|atk|2
|
|-heal|p1a: Okidogi|94/100|[from] item: Leftovers
|-heal|p2a: Kingambit|85/100|[from] item: Leftovers
|upkeep
|turn|37
|
|t:|1779606923
|-end|p2a: Kingambit|fallen4|[silent]
|switch|p2a: Hatterene|Hatterene, F|75/100
|move|p1a: Okidogi|Drain Punch|p2a: Hatterene
|-resisted|p2a: Hatterene
|-damage|p2a: Hatterene|63/100
|-heal|p1a: Okidogi|99/100|[from] drain|[of] p2a: Hatterene
|
|-heal|p1a: Okidogi|100/100|[from] item: Leftovers
|upkeep
|turn|38
|
|t:|1779606926
|switch|p1a: Ninetales|Ninetales-Alola, M|69/100 par
|-damage|p1a: Ninetales|57/100 par|[from] Spikes
|-weather|Snowscape|[from] ability: Snow Warning|[of] p1a: Ninetales
|move|p2a: Hatterene|Psyshock|p1a: Ninetales
|-damage|p1a: Ninetales|40/100 par
|
|-weather|Snowscape|[upkeep]
|-sideend|p1: Arboks Fangs|move: Aurora Veil
|upkeep
|turn|39
|
|t:|1779606933
|move|p1a: Ninetales|Aurora Veil|p1a: Ninetales
|-sidestart|p1: Arboks Fangs|move: Aurora Veil
|move|p2a: Hatterene|Draining Kiss|p1a: Ninetales
|-damage|p1a: Ninetales|25/100 par
|-heal|p2a: Hatterene|73/100|[from] drain|[of] p1a: Ninetales
|
|-weather|Snowscape|[upkeep]
|upkeep
|turn|40
|
|t:|1779606937
|cant|p1a: Ninetales|par
|move|p2a: Hatterene|Draining Kiss|p1a: Ninetales
|-damage|p1a: Ninetales|9/100 par
|-heal|p2a: Hatterene|84/100|[from] drain|[of] p1a: Ninetales
|
|-weather|Snowscape|[upkeep]
|upkeep
|turn|41
|
|t:|1779606939
|move|p1a: Ninetales|Misty Terrain|p1a: Ninetales
|-fieldstart|move: Misty Terrain
|move|p2a: Hatterene|Draining Kiss|p1a: Ninetales
|-damage|p1a: Ninetales|0 fnt
|-heal|p2a: Hatterene|90/100|[from] drain|[of] p1a: Ninetales
|faint|p1a: Ninetales
|
|-weather|Snowscape|[upkeep]
|upkeep
|
|t:|1779606941
|switch|p1a: Okidogi|Okidogi, M|100/100
|-damage|p1a: Okidogi|88/100|[from] Spikes
|turn|42
|
|t:|1779606942
|move|p1a: Okidogi|Bulk Up|p1a: Okidogi
|-boost|p1a: Okidogi|atk|1
|-boost|p1a: Okidogi|def|1
|move|p2a: Hatterene|Psyshock|p1a: Okidogi
|-supereffective|p1a: Okidogi
|-damage|p1a: Okidogi|39/100
|
|-weather|none
|-heal|p1a: Okidogi|45/100|[from] item: Leftovers
|upkeep
|turn|43
|
|t:|1779606946
|move|p1a: Okidogi|Bulk Up|p1a: Okidogi
|-boost|p1a: Okidogi|atk|1
|-boost|p1a: Okidogi|def|1
|move|p2a: Hatterene|Psyshock|p1a: Okidogi
|-supereffective|p1a: Okidogi
|-damage|p1a: Okidogi|9/100
|
|-heal|p1a: Okidogi|15/100|[from] item: Leftovers
|upkeep
|turn|44
|
|t:|1779606951
|move|p1a: Okidogi|Knock Off|p2a: Hatterene
|-damage|p2a: Hatterene|11/100
|-enditem|p2a: Hatterene|Assault Vest|[from] move: Knock Off|[of] p1a: Okidogi
|move|p2a: Hatterene|Psyshock|p1a: Okidogi
|-supereffective|p1a: Okidogi
|-crit|p1a: Okidogi
|-damage|p1a: Okidogi|0 fnt
|faint|p1a: Okidogi
|
|win|clorox man
|raw|Arboks Fangs's rating: 1693 &rarr; <strong>1675</strong><br />(-18 for losing)
|raw|clorox man's rating: 1729 &rarr; <strong>1747</strong><br />(+18 for winning)
|l|‽Arboks Fangs
|player|p1|
|l|‽clorox man
|player|p2|
