|j|☆wheezsumbeez
|j|☆achbeet
|t:|1779696760
|gametype|singles
|player|p1|wheezsumbeez|roxie|1317
|player|p2|achbeet|101|1322
|gen|9
|tier|[Gen 9] OU
|rated|
|rule|HP Percentage Mod: HP is shown in percentages
|rule|Endless Battle Clause: Forcing endless battles is banned
|rule|Species Clause: Limit one of each Pokémon
|rule|OHKO Clause: OHKO moves are banned
|rule|Evasion Items Clause: Evasion items are banned
|rule|Evasion Moves Clause: Evasion moves are banned
|rule|Evasion Abilities Clause: Evasion abilities are banned
|rule|Sleep Moves Clause: Sleep-inducing moves are banned
|clearpoke
|poke|p1|Heatran, F|
|poke|p1|Weezing-Galar, F|
|poke|p1|Slowking, M|
|poke|p1|Mamoswine, F|
|poke|p1|Zarude-Dada|
|poke|p1|Tornadus-Therian, M|
|poke|p2|Glimmora, F|
|poke|p2|Darkrai|
|poke|p2|Iron Valiant|
|poke|p2|Ogerpon-Wellspring, F|
|poke|p2|Iron Crown|
|poke|p2|Great Tusk|
|teampreview
|
|t:|1779696810
|teamsize|p1|6
|teamsize|p2|6
|start
|switch|p1a: Slowking|Slowking, M, shiny|100/100
|switch|p2a: Glimmora|Glimmora, F|100/100
|turn|1
|
|t:|1779696816
|move|p2a: Glimmora|Stealth Rock|p1a: Slowking
|-sidestart|p1: wheezsumbeez|move: Stealth Rock
|move|p1a: Slowking|Scald|p2a: Glimmora
|-supereffective|p2a: Glimmora
|-damage|p2a: Glimmora|24/100
|-status|p2a: Glimmora|brn
|
|-damage|p2a: Glimmora|18/100 brn|[from] brn
|upkeep
|turn|2
|
|t:|1779696824
|move|p2a: Glimmora|Mortal Spin|p1a: Slowking
|-damage|p1a: Slowking|97/100
|-status|p1a: Slowking|psn
|move|p1a: Slowking|Future Sight|p2a: Glimmora
|-start|p1a: Slowking|move: Future Sight
|
|-damage|p1a: Slowking|85/100 psn|[from] psn
|-damage|p2a: Glimmora|12/100 brn|[from] brn
|upkeep
|turn|3
|
|t:|1779696832
|move|p2a: Glimmora|Power Gem|p1a: Slowking
|-damage|p1a: Slowking|61/100 psn
|-prepare|p1a: Slowking|Chilly Reception|[premajor]
|move|p1a: Slowking|Chilly Reception|p1a: Slowking
|-weather|Snowscape
|
|t:|1779696838
|switch|p1a: Tornadus|Tornadus-Therian, M|100/100|[from] Chilly Reception
|-damage|p1a: Tornadus|76/100|[from] Stealth Rock
|
|-weather|Snowscape|[upkeep]
|-damage|p2a: Glimmora|5/100 brn|[from] brn
|upkeep
|turn|4
|
|t:|1779696844
|move|p1a: Tornadus|Heat Wave|p2a: Glimmora
|-resisted|p2a: Glimmora
|-damage|p2a: Glimmora|0 fnt
|faint|p2a: Glimmora
|-damage|p1a: Tornadus|66/100|[from] item: Life Orb
|
|-weather|Snowscape|[upkeep]
|-hint|Future Sight did not hit because the target is fainted.
|upkeep
|
|t:|1779696854
|switch|p2a: Darkrai|Darkrai|100/100
|turn|5
|
|t:|1779696859
|switch|p1a: Heatran|Heatran, F, shiny|100/100
|-damage|p1a: Heatran|88/100|[from] Stealth Rock
|move|p2a: Darkrai|Ice Beam|p1a: Heatran
|-resisted|p1a: Heatran
|-damage|p1a: Heatran|81/100
|-damage|p2a: Darkrai|91/100|[from] item: Life Orb
|
|-weather|Snowscape|[upkeep]
|-heal|p1a: Heatran|88/100|[from] item: Leftovers
|upkeep
|turn|6
|
|t:|1779696869
|move|p2a: Darkrai|Dark Pulse|p1a: Heatran
|-damage|p1a: Heatran|51/100
|-damage|p2a: Darkrai|81/100|[from] item: Life Orb
|move|p1a: Heatran|Magma Storm|p2a: Darkrai
|-damage|p2a: Darkrai|20/100
|-activate|p2a: Darkrai|move: Magma Storm|[of] p1a: Heatran
|
|-weather|Snowscape|[upkeep]
|-heal|p1a: Heatran|57/100|[from] item: Leftovers
|-damage|p2a: Darkrai|7/100|[from] move: Magma Storm|[partiallytrapped]
|upkeep
|turn|7
|
|t:|1779696879
|move|p1a: Heatran|Protect|p1a: Heatran
|-singleturn|p1a: Heatran|Protect
|move|p2a: Darkrai|Dark Pulse|p1a: Heatran
|-activate|p1a: Heatran|move: Protect
|
|-weather|none
|-heal|p1a: Heatran|63/100|[from] item: Leftovers
|-damage|p2a: Darkrai|0 fnt|[from] move: Magma Storm|[partiallytrapped]
|faint|p2a: Darkrai
|upkeep
|
|t:|1779696884
|switch|p2a: Ogerpon|Ogerpon-Wellspring, F|100/100
|turn|8
|
|t:|1779696890
|switch|p1a: Weezing|Weezing-Galar, F, shiny|100/100
|-damage|p1a: Weezing|88/100|[from] Stealth Rock
|move|p2a: Ogerpon|Ivy Cudgel|p1a: Weezing|[anim] Ivy Cudgel Water
|-damage|p1a: Weezing|51/100
|
|-heal|p1a: Weezing|57/100|[from] item: Leftovers
|upkeep
|turn|9
|
|t:|1779696898
|move|p2a: Ogerpon|Ivy Cudgel|p1a: Weezing|[anim] Ivy Cudgel Water
|-damage|p1a: Weezing|20/100
|move|p1a: Weezing|Will-O-Wisp|p2a: Ogerpon
|-status|p2a: Ogerpon|brn
|
|-heal|p1a: Weezing|26/100|[from] item: Leftovers
|-damage|p2a: Ogerpon|95/100 brn|[from] brn
|upkeep
|turn|10
|
|t:|1779696908
|move|p2a: Ogerpon|Ivy Cudgel|p1a: Weezing|[anim] Ivy Cudgel Water
|-damage|p1a: Weezing|7/100
|move|p1a: Weezing|Strange Steam|p2a: Ogerpon
|-damage|p2a: Ogerpon|61/100 brn
|
|-heal|p1a: Weezing|13/100|[from] item: Leftovers
|-damage|p2a: Ogerpon|55/100 brn|[from] brn
|upkeep
|turn|11
|
|t:|1779696915
|move|p2a: Ogerpon|Ivy Cudgel|p1a: Weezing|[anim] Ivy Cudgel Water
|-damage|p1a: Weezing|0 fnt
|faint|p1a: Weezing
|
|-damage|p2a: Ogerpon|49/100 brn|[from] brn
|upkeep
|
|t:|1779696931
|switch|p1a: Tornadus|Tornadus-Therian, M|99/100
|-damage|p1a: Tornadus|74/100|[from] Stealth Rock
|turn|12
|
|t:|1779696949
|move|p1a: Tornadus|U-turn|p2a: Ogerpon
|-supereffective|p2a: Ogerpon
|-damage|p2a: Ogerpon|2/100 brn
|-damage|p1a: Tornadus|65/100|[from] item: Life Orb
|
|t:|1779696953
|switch|p1a: Zarude|Zarude-Dada|100/100|[from] U-turn
|-damage|p1a: Zarude|88/100|[from] Stealth Rock
|move|p2a: Ogerpon|Ivy Cudgel|p1a: Zarude|[anim] Ivy Cudgel Water
|-resisted|p1a: Zarude
|-crit|p1a: Zarude
|-damage|p1a: Zarude|67/100
|
|-damage|p2a: Ogerpon|0 fnt|[from] brn
|faint|p2a: Ogerpon
|upkeep
|
|t:|1779696960
|switch|p2a: Iron Valiant|Iron Valiant|100/100
|-enditem|p2a: Iron Valiant|Booster Energy
|-activate|p2a: Iron Valiant|ability: Quark Drive|[fromitem]
|-start|p2a: Iron Valiant|quarkdrivespe
|turn|13
|
|t:|1779696969
|move|p2a: Iron Valiant|Moonblast|p1a: Zarude
|-supereffective|p1a: Zarude
|-damage|p1a: Zarude|0 fnt
|faint|p1a: Zarude
|
|upkeep
|
|t:|1779696973
|switch|p1a: Heatran|Heatran, F, shiny|63/100
|-damage|p1a: Heatran|51/100|[from] Stealth Rock
|turn|14
|
|t:|1779696978
|move|p2a: Iron Valiant|Calm Mind|p2a: Iron Valiant
|-boost|p2a: Iron Valiant|spa|1
|-boost|p2a: Iron Valiant|spd|1
|move|p1a: Heatran|Magma Storm|p2a: Iron Valiant
|-damage|p2a: Iron Valiant|45/100
|-activate|p2a: Iron Valiant|move: Magma Storm|[of] p1a: Heatran
|
|-heal|p1a: Heatran|57/100|[from] item: Leftovers
|-damage|p2a: Iron Valiant|33/100|[from] move: Magma Storm|[partiallytrapped]
|upkeep
|turn|15
|
|t:|1779696987
|move|p2a: Iron Valiant|Shadow Ball|p1a: Heatran
|-damage|p1a: Heatran|32/100
|move|p1a: Heatran|Magma Storm|p2a: Iron Valiant
|-damage|p2a: Iron Valiant|0 fnt
|faint|p2a: Iron Valiant
|-end|p2a: Iron Valiant|Quark Drive|[silent]
|
|-heal|p1a: Heatran|38/100|[from] item: Leftovers
|upkeep
|
|t:|1779696995
|switch|p2a: Great Tusk|Great Tusk|100/100
|-enditem|p2a: Great Tusk|Booster Energy
|-activate|p2a: Great Tusk|ability: Protosynthesis|[fromitem]
|-start|p2a: Great Tusk|protosynthesisspe
|turn|16
|
|t:|1779697000
|move|p2a: Great Tusk|Close Combat|p1a: Heatran
|-supereffective|p1a: Heatran
|-damage|p1a: Heatran|0 fnt
|-unboost|p2a: Great Tusk|def|1
|-unboost|p2a: Great Tusk|spd|1
|faint|p1a: Heatran
|
|upkeep
|
|t:|1779697012
|switch|p1a: Tornadus|Tornadus-Therian, M|98/100
|-damage|p1a: Tornadus|73/100|[from] Stealth Rock
|turn|17
|
|t:|1779697024
|switch|p1a: Slowking|Slowking, M, shiny|94/100 psn
|move|p2a: Great Tusk|Ice Spinner|p1a: Slowking
|-resisted|p1a: Slowking
|-damage|p1a: Slowking|83/100 psn
|
|-damage|p1a: Slowking|70/100 psn|[from] psn
|upkeep
|turn|18
|
|t:|1779697031
|move|p2a: Great Tusk|Headlong Rush|p1a: Slowking
|-damage|p1a: Slowking|14/100 psn
|-unboost|p2a: Great Tusk|def|1
|-unboost|p2a: Great Tusk|spd|1
|move|p1a: Slowking|Scald|p2a: Great Tusk
|-supereffective|p2a: Great Tusk
|-damage|p2a: Great Tusk|0 fnt
|faint|p2a: Great Tusk
|-end|p2a: Great Tusk|Protosynthesis|[silent]
|
|-damage|p1a: Slowking|1/100 psn|[from] psn
|upkeep
|
|t:|1779697039
|switch|p2a: Iron Crown|Iron Crown|100/100
|-enditem|p2a: Iron Crown|Booster Energy
|-activate|p2a: Iron Crown|ability: Quark Drive|[fromitem]
|-start|p2a: Iron Crown|quarkdrivespa
|turn|19
|
|t:|1779697044
|move|p2a: Iron Crown|Psychic|p1a: Slowking
|-resisted|p1a: Slowking
|-damage|p1a: Slowking|0 fnt
|faint|p1a: Slowking
|
|upkeep
|
|t:|1779697049
|switch|p1a: Tornadus|Tornadus-Therian, M|100/100
|-damage|p1a: Tornadus|76/100|[from] Stealth Rock
|turn|20
|
|t:|1779697053
|move|p1a: Tornadus|Heat Wave|p2a: Iron Crown
|-supereffective|p2a: Iron Crown
|-damage|p2a: Iron Crown|28/100
|-damage|p1a: Tornadus|66/100|[from] item: Life Orb
|move|p2a: Iron Crown|Calm Mind|p2a: Iron Crown
|-boost|p2a: Iron Crown|spa|1
|-boost|p2a: Iron Crown|spd|1
|
|upkeep
|turn|21
|
|t:|1779697061
|move|p1a: Tornadus|Heat Wave|p2a: Iron Crown
|-supereffective|p2a: Iron Crown
|-damage|p2a: Iron Crown|0 fnt
|faint|p2a: Iron Crown
|-end|p2a: Iron Crown|Quark Drive|[silent]
|-damage|p1a: Tornadus|56/100|[from] item: Life Orb
|
|win|wheezsumbeez
|raw|wheezsumbeez's rating: 1317 &rarr; <strong>1337</strong><br />(+20 for winning)
|raw|achbeet's rating: 1322 &rarr; <strong>1302</strong><br />(-20 for losing)
|l|☆achbeet
|player|p2|
|l|☆wheezsumbeez
|player|p1|
