|j|☆saint imu
|j|☆waha8
|t:|1779719012
|gametype|singles
|player|p1|saint imu|youngster-gen1rb|1490
|player|p2|waha8|266|1475
|gen|9
|tier|[Gen 9] OU
|rated|
|rule|HP Percentage Mod: HP is shown in percentages
|rule|Endless Battle Clause: Forcing endless battles is banned
|rule|Species Clause: Limit one of each Pokémon
|rule|OHKO Clause: OHKO moves are banned
|rule|Evasion Items Clause: Evasion items are banned
|rule|Evasion Moves Clause: Evasion moves are banned
|rule|Evasion Abilities Clause: Evasion abilities are banned
|rule|Sleep Moves Clause: Sleep-inducing moves are banned
|clearpoke
|poke|p1|Zapdos|
|poke|p1|Ogerpon-Wellspring, F|
|poke|p1|Latios, M|
|poke|p1|Ting-Lu|
|poke|p1|Zamazenta-*|
|poke|p1|Gholdengo|
|poke|p2|Indeedee, M|
|poke|p2|Samurott-Hisui, F|
|poke|p2|Dragapult, M|
|poke|p2|Slowking-Galar, M|
|poke|p2|Iron Boulder|
|poke|p2|Empoleon, M|
|teampreview
|inactive|Battle timer is ON: inactive players will automatically lose when time's up. (requested by saint imu)
|
|t:|1779719021
|teamsize|p1|6
|teamsize|p2|6
|start
|switch|p1a: Ogerpon|Ogerpon-Wellspring, F|100/100
|switch|p2a: Tailwhip|Dragapult, M|100/100
|turn|1
|
|t:|1779719028
|-terastallize|p2a: Tailwhip|Dragon
|move|p2a: Tailwhip|Dragon Darts|p1a: Ogerpon
|-damage|p1a: Ogerpon|31/100
|-anim|p2a: Tailwhip|Dragon Darts|p1a: Ogerpon
|-crit|p1a: Ogerpon
|-damage|p1a: Ogerpon|0 fnt
|faint|p1a: Ogerpon
|
|upkeep
|
|t:|1779719038
|switch|p1a: Ting-Lu|Ting-Lu|100/100
|-ability|p1a: Ting-Lu|Vessel of Ruin
|turn|2
|
|t:|1779719042
|move|p2a: Tailwhip|Dragon Darts|p1a: Ting-Lu
|-damage|p1a: Ting-Lu|70/100
|-anim|p2a: Tailwhip|Dragon Darts|p1a: Ting-Lu
|-damage|p1a: Ting-Lu|38/100
|move|p1a: Ting-Lu|Stealth Rock|p2a: Tailwhip
|-sidestart|p2: waha8|move: Stealth Rock
|
|upkeep
|turn|3
|
|t:|1779719049
|switch|p1a: Zamazenta|Zamazenta|100/100
|-ability|p1a: Zamazenta|Dauntless Shield|boost
|-boost|p1a: Zamazenta|def|1
|move|p2a: Tailwhip|Dragon Darts|p1a: Zamazenta
|-damage|p1a: Zamazenta|76/100
|-anim|p2a: Tailwhip|Dragon Darts|p1a: Zamazenta
|-damage|p1a: Zamazenta|52/100
|
|-heal|p1a: Zamazenta|58/100|[from] item: Leftovers
|upkeep
|turn|4
|
|t:|1779719058
|move|p2a: Tailwhip|Dragon Darts|p1a: Zamazenta
|-damage|p1a: Zamazenta|35/100
|-anim|p2a: Tailwhip|Dragon Darts|p1a: Zamazenta
|-damage|p1a: Zamazenta|11/100
|move|p1a: Zamazenta|Roar|p2a: Tailwhip
|drag|p2a: SageOfSixPaths|Slowking-Galar, M|100/100
|-damage|p2a: SageOfSixPaths|88/100|[from] Stealth Rock
|
|-heal|p1a: Zamazenta|17/100|[from] item: Leftovers
|upkeep
|turn|5
|
|t:|1779719073
|move|p1a: Zamazenta|Crunch|p2a: SageOfSixPaths
|-supereffective|p2a: SageOfSixPaths
|-damage|p2a: SageOfSixPaths|36/100
|-unboost|p2a: SageOfSixPaths|def|1
|move|p2a: SageOfSixPaths|Sludge Wave|p1a: Zamazenta
|-damage|p1a: Zamazenta|0 fnt
|faint|p1a: Zamazenta
|-damage|p2a: SageOfSixPaths|26/100|[from] item: Life Orb
|
|upkeep
|
|t:|1779719079
|switch|p1a: Latios|Latios, M|100/100
|turn|6
|
|t:|1779719088
|switch|p2a: Lvl_Up|Empoleon, M|100/100
|-damage|p2a: Lvl_Up|94/100|[from] Stealth Rock
|move|p1a: Latios|Aura Sphere|p2a: Lvl_Up
|-supereffective|p2a: Lvl_Up
|-damage|p2a: Lvl_Up|40/100
|
|-heal|p2a: Lvl_Up|47/100|[from] item: Leftovers
|upkeep
|turn|7
|
|t:|1779719096
|move|p1a: Latios|Aura Sphere|p2a: Lvl_Up
|-supereffective|p2a: Lvl_Up
|-damage|p2a: Lvl_Up|0 fnt
|faint|p2a: Lvl_Up
|
|upkeep
|
|t:|1779719102
|switch|p2a: SageOfSixPaths|Slowking-Galar, M|60/100
|-damage|p2a: SageOfSixPaths|47/100|[from] Stealth Rock
|turn|8
|
|t:|1779719108
|move|p1a: Latios|Psychic Noise|p2a: SageOfSixPaths
|-damage|p2a: SageOfSixPaths|12/100
|-start|p2a: SageOfSixPaths|move: Heal Block
|move|p2a: SageOfSixPaths|Fire Blast|p1a: Latios
|-resisted|p1a: Latios
|-damage|p1a: Latios|76/100
|-damage|p2a: SageOfSixPaths|2/100|[from] item: Life Orb
|
|upkeep
|turn|9
|
|t:|1779719120
|switch|p2a: Sam|Samurott-Hisui, F|100/100
|-damage|p2a: Sam|88/100|[from] Stealth Rock
|move|p1a: Latios|Aura Sphere|p2a: Sam
|-supereffective|p2a: Sam
|-damage|p2a: Sam|11/100
|
|upkeep
|turn|10
|
|t:|1779719128
|switch|p1a: Zapdos|Zapdos|100/100
|move|p2a: Sam|Sucker Punch||[still]
|-fail|p2a: Sam
|
|upkeep
|turn|11
|
|t:|1779719134
|move|p2a: Sam|Ceaseless Edge|p1a: Zapdos
|-damage|p1a: Zapdos|63/100
|-sidestart|p1: saint imu|Spikes
|move|p1a: Zapdos|U-turn|p2a: Sam
|-supereffective|p2a: Sam
|-damage|p2a: Sam|0 fnt
|faint|p2a: Sam
|
|t:|1779719140
|switch|p1a: Gholdengo|Gholdengo|100/100|[from] U-turn
|-damage|p1a: Gholdengo|88/100|[from] Spikes
|
|upkeep
|
|t:|1779719147
|switch|p2a: DeeDee|Indeedee, M|100/100
|-damage|p2a: DeeDee|88/100|[from] Stealth Rock
|-fieldstart|move: Psychic Terrain|[from] ability: Psychic Surge|[of] p2a: DeeDee
|turn|12
|
|t:|1779719156
|move|p1a: Gholdengo|Make It Rain|p2a: DeeDee
|-damage|p2a: DeeDee|0 fnt
|-unboost|p1a: Gholdengo|spa|1
|faint|p2a: DeeDee
|
|upkeep
|
|t:|1779719166
|switch|p2a: Tailwhip|Dragapult, M, tera:Dragon|100/100
|-damage|p2a: Tailwhip|88/100|[from] Stealth Rock
|turn|13
|
|t:|1779719175
|switch|p1a: Ting-Lu|Ting-Lu|38/100
|-damage|p1a: Ting-Lu|25/100|[from] Spikes
|-ability|p1a: Ting-Lu|Vessel of Ruin
|move|p2a: Tailwhip|Dragon Darts|p1a: Ting-Lu
|-damage|p1a: Ting-Lu|0 fnt
|faint|p1a: Ting-Lu
|
|upkeep
|
|t:|1779719182
|switch|p1a: Gholdengo|Gholdengo|88/100
|-damage|p1a: Gholdengo|76/100|[from] Spikes
|turn|14
|
|t:|1779719188
|move|p1a: Gholdengo|Make It Rain|p2a: Tailwhip
|-damage|p2a: Tailwhip|0 fnt
|-unboost|p1a: Gholdengo|spa|1
|faint|p2a: Tailwhip
|
|upkeep
|
|t:|1779719196
|switch|p2a: SageOfSixPaths|Slowking-Galar, M|35/100
|-damage|p2a: SageOfSixPaths|23/100|[from] Stealth Rock
|turn|15
|
|t:|1779719206
|move|p1a: Gholdengo|Make It Rain|p2a: SageOfSixPaths
|-damage|p2a: SageOfSixPaths|0 fnt
|-unboost|p1a: Gholdengo|spa|1
|faint|p2a: SageOfSixPaths
|
|upkeep
|
|t:|1779719212
|switch|p2a: TheBoulder|Iron Boulder|100/100
|-damage|p2a: TheBoulder|88/100|[from] Stealth Rock
|-enditem|p2a: TheBoulder|Booster Energy
|-activate|p2a: TheBoulder|ability: Quark Drive|[fromitem]
|-start|p2a: TheBoulder|quarkdrivespe
|turn|16
|
|t:|1779719217
|move|p2a: TheBoulder|Swords Dance|p2a: TheBoulder
|-boost|p2a: TheBoulder|atk|2
|move|p1a: Gholdengo|Make It Rain|p2a: TheBoulder
|-supereffective|p2a: TheBoulder
|-damage|p2a: TheBoulder|22/100
|-unboost|p1a: Gholdengo|spa|1
|
|upkeep
|turn|17
|
|t:|1779719225
|move|p2a: TheBoulder|Earthquake|p1a: Gholdengo
|-supereffective|p1a: Gholdengo
|-damage|p1a: Gholdengo|0 fnt
|faint|p1a: Gholdengo
|
|upkeep
|inactive|saint imu has 120 seconds left.
|
|t:|1779719262
|switch|p1a: Latios|Latios, M|76/100
|turn|18
|
|t:|1779719267
|-terastallize|p1a: Latios|Steel
|move|p2a: TheBoulder|Sacred Sword|p1a: Latios
|-supereffective|p1a: Latios
|-damage|p1a: Latios|0 fnt
|faint|p1a: Latios
|
|upkeep
|
|t:|1779719270
|switch|p1a: Zapdos|Zapdos|63/100
|turn|19
|
|t:|1779719275
|move|p2a: TheBoulder|Mighty Cleave|p1a: Zapdos
|-supereffective|p1a: Zapdos
|-damage|p1a: Zapdos|0 fnt
|faint|p1a: Zapdos
|
|win|waha8
|raw|saint imu's rating: 1490 &rarr; <strong>1469</strong><br />(-21 for losing)
|raw|waha8's rating: 1475 &rarr; <strong>1496</strong><br />(+21 for winning)
|l|☆saint imu
|player|p1|
|l|☆waha8
|player|p2|
