|j|☆beastttmode
|j|☆iscrewup
|t:|1779642430
|gametype|singles
|player|p1|beastttmode|ghetsis-gen5bw|1202
|player|p2|iscrewup|hilbert|1177
|gen|9
|tier|[Gen 9] OU
|rated|
|rule|HP Percentage Mod: HP is shown in percentages
|rule|Endless Battle Clause: Forcing endless battles is banned
|rule|Species Clause: Limit one of each Pokémon
|rule|OHKO Clause: OHKO moves are banned
|rule|Evasion Items Clause: Evasion items are banned
|rule|Evasion Moves Clause: Evasion moves are banned
|rule|Evasion Abilities Clause: Evasion abilities are banned
|rule|Sleep Moves Clause: Sleep-inducing moves are banned
|clearpoke
|poke|p1|Ceruledge, M|
|poke|p1|Deoxys-Speed|
|poke|p1|Kingambit, M|
|poke|p1|Raging Bolt|
|poke|p1|Ogerpon-Wellspring, F|
|poke|p1|Iron Valiant|
|poke|p2|Conkeldurr, F|
|poke|p2|Landorus-Therian, M|
|poke|p2|Torkoal, M|
|poke|p2|Rotom-Wash|
|poke|p2|Kingambit, F|
|poke|p2|Skeledirge, M|
|teampreview
|inactive|Battle timer is ON: inactive players will automatically lose when time's up. (requested by iscrewup)
|
|t:|1779642438
|teamsize|p1|6
|teamsize|p2|6
|start
|switch|p1a: Deoxys|Deoxys-Speed, shiny|100/100
|switch|p2a: Landorus|Landorus-Therian, M|100/100
|-ability|p1a: Deoxys|Pressure
|-ability|p2a: Landorus|Intimidate|boost
|-unboost|p1a: Deoxys|atk|1
|turn|1
|
|t:|1779642448
|move|p1a: Deoxys|Taunt|p2a: Landorus
|-start|p2a: Landorus|move: Taunt
|cant|p2a: Landorus|move: Taunt|Stealth Rock
|
|upkeep
|turn|2
|
|t:|1779642453
|move|p1a: Deoxys|Stealth Rock|p2a: Landorus
|-sidestart|p2: iscrewup|move: Stealth Rock
|move|p2a: Landorus|U-turn|p1a: Deoxys
|-supereffective|p1a: Deoxys
|-damage|p1a: Deoxys|32/100
|
|t:|1779642460
|switch|p2a: Torkoal|Torkoal, M|100/100|[from] U-turn
|-damage|p2a: Torkoal|76/100|[from] Stealth Rock
|-weather|SunnyDay|[from] ability: Drought|[of] p2a: Torkoal
|
|-weather|SunnyDay|[upkeep]
|-heal|p2a: Torkoal|82/100|[from] item: Leftovers
|upkeep
|turn|3
|
|t:|1779642469
|-terastallize|p1a: Deoxys|Ghost
|move|p1a: Deoxys|Light Screen|p1a: Deoxys
|-sidestart|p1: beastttmode|move: Light Screen
|move|p2a: Torkoal|Rapid Spin|p1a: Deoxys
|-immune|p1a: Deoxys
|
|-weather|SunnyDay|[upkeep]
|-heal|p2a: Torkoal|88/100|[from] item: Leftovers
|upkeep
|turn|4
|
|t:|1779642478
|move|p1a: Deoxys|Taunt|p2a: Torkoal
|-start|p2a: Torkoal|move: Taunt
|move|p2a: Torkoal|Weather Ball|p1a: Deoxys
|-damage|p1a: Deoxys|0 fnt
|faint|p1a: Deoxys
|
|-weather|SunnyDay|[upkeep]
|-heal|p2a: Torkoal|94/100|[from] item: Leftovers
|upkeep
|c|☆iscrewup|freaking jewk
|
|t:|1779642495
|switch|p1a: Raging Bolt|Raging Bolt|100/100
|-activate|p1a: Raging Bolt|ability: Protosynthesis
|-start|p1a: Raging Bolt|protosynthesisspa
|turn|5
|
|t:|1779642500
|move|p1a: Raging Bolt|Calm Mind|p1a: Raging Bolt
|-boost|p1a: Raging Bolt|spa|1
|-boost|p1a: Raging Bolt|spd|1
|move|p2a: Torkoal|Rapid Spin|p1a: Raging Bolt
|-damage|p1a: Raging Bolt|93/100
|-boost|p2a: Torkoal|spe|1
|-sideend|p2: iscrewup|Stealth Rock|[from] move: Rapid Spin|[of] p2a: Torkoal
|
|-weather|SunnyDay|[upkeep]
|-heal|p2a: Torkoal|99/100|[from] item: Leftovers
|upkeep
|turn|6
|
|t:|1779642513
|move|p1a: Raging Bolt|Dragon Pulse|p2a: Torkoal
|-damage|p2a: Torkoal|0 fnt
|faint|p2a: Torkoal
|
|-weather|none
|-end|p1a: Raging Bolt|Protosynthesis
|upkeep
|-enditem|p1a: Raging Bolt|Booster Energy
|-activate|p1a: Raging Bolt|ability: Protosynthesis|[fromitem]
|-start|p1a: Raging Bolt|protosynthesisspa
|
|t:|1779642523
|switch|p2a: Landorus|Landorus-Therian, M|100/100
|-ability|p2a: Landorus|Intimidate|boost
|-unboost|p1a: Raging Bolt|atk|1
|turn|7
|
|t:|1779642534
|move|p2a: Landorus|Earthquake|p1a: Raging Bolt
|-supereffective|p1a: Raging Bolt
|-damage|p1a: Raging Bolt|0 fnt
|faint|p1a: Raging Bolt
|-end|p1a: Raging Bolt|Protosynthesis|[silent]
|
|upkeep
|
|t:|1779642538
|switch|p1a: Ogerpon|Ogerpon-Wellspring, F|100/100
|turn|8
|
|t:|1779642543
|move|p1a: Ogerpon|Swords Dance|p1a: Ogerpon
|-boost|p1a: Ogerpon|atk|2
|move|p2a: Landorus|Stealth Rock|p1a: Ogerpon
|-sidestart|p1: beastttmode|move: Stealth Rock
|
|upkeep
|turn|9
|
|t:|1779642549
|move|p1a: Ogerpon|Ivy Cudgel|p2a: Landorus|[anim] Ivy Cudgel Water
|-supereffective|p2a: Landorus
|-enditem|p2a: Landorus|Focus Sash
|-damage|p2a: Landorus|1/100
|move|p2a: Landorus|U-turn|p1a: Ogerpon
|-supereffective|p1a: Ogerpon
|-damage|p1a: Ogerpon|33/100
|
|t:|1779642558
|switch|p2a: Kingambit|Kingambit, F|100/100|[from] U-turn
|-activate|p2a: Kingambit|ability: Supreme Overlord
|-start|p2a: Kingambit|fallen1|[silent]
|
|upkeep
|turn|10
|
|t:|1779642565
|move|p2a: Kingambit|Sucker Punch||[still]
|-fail|p2a: Kingambit
|move|p1a: Ogerpon|Swords Dance|p1a: Ogerpon
|-boost|p1a: Ogerpon|atk|2
|
|-sideend|p1: beastttmode|move: Light Screen
|upkeep
|turn|11
|
|t:|1779642572
|move|p2a: Kingambit|Sucker Punch||[still]
|-fail|p2a: Kingambit
|move|p1a: Ogerpon|Swords Dance|p1a: Ogerpon
|-boost|p1a: Ogerpon|atk|2
|
|upkeep
|turn|12
|
|t:|1779642578
|move|p2a: Kingambit|Sucker Punch|p1a: Ogerpon
|-damage|p1a: Ogerpon|0 fnt
|faint|p1a: Ogerpon
|
|upkeep
|
|t:|1779642584
|switch|p1a: Kingambit|Kingambit, M, shiny|100/100
|-damage|p1a: Kingambit|94/100|[from] Stealth Rock
|-activate|p1a: Kingambit|ability: Supreme Overlord
|-start|p1a: Kingambit|fallen3|[silent]
|-item|p1a: Kingambit|Air Balloon
|turn|13
|
|t:|1779642596
|move|p1a: Kingambit|Low Kick|p2a: Kingambit
|-supereffective|p2a: Kingambit
|-damage|p2a: Kingambit|0 fnt
|faint|p2a: Kingambit
|-end|p2a: Kingambit|fallen1|[silent]
|
|upkeep
|
|t:|1779642601
|switch|p2a: Conkeldurr|Conkeldurr, F|100/100
|turn|14
|
|t:|1779642607
|-end|p1a: Kingambit|fallen3|[silent]
|switch|p1a: Ceruledge|Ceruledge, M, shiny|100/100
|-damage|p1a: Ceruledge|76/100|[from] Stealth Rock
|move|p2a: Conkeldurr|Protect||[still]
|-fail|p2a: Conkeldurr
|
|-status|p2a: Conkeldurr|brn|[from] item: Flame Orb
|upkeep
|turn|15
|
|t:|1779642618
|switch|p2a: Rotom|Rotom-Wash|100/100
|move|p1a: Ceruledge|Poltergeist|p2a: Rotom
|-activate|p2a: Rotom|move: Poltergeist|Wide Lens
|-damage|p2a: Rotom|0 fnt
|faint|p2a: Rotom
|-damage|p1a: Ceruledge|66/100|[from] item: Life Orb
|
|upkeep
|
|t:|1779642634
|switch|p2a: Landorus|Landorus-Therian, M|1/100
|-ability|p2a: Landorus|Intimidate|boost
|-unboost|p1a: Ceruledge|atk|1
|turn|16
|
|t:|1779642640
|move|p1a: Ceruledge|Shadow Sneak|p2a: Landorus
|-damage|p2a: Landorus|0 fnt
|faint|p2a: Landorus
|-damage|p1a: Ceruledge|56/100|[from] item: Life Orb
|
|upkeep
|
|t:|1779642645
|switch|p2a: Skeledirge|Skeledirge, M|100/100
|turn|17
|
|t:|1779642652
|switch|p1a: Kingambit|Kingambit, M, shiny|94/100
|-damage|p1a: Kingambit|88/100|[from] Stealth Rock
|-activate|p1a: Kingambit|ability: Supreme Overlord
|-start|p1a: Kingambit|fallen3|[silent]
|-item|p1a: Kingambit|Air Balloon
|move|p2a: Skeledirge|Shadow Ball|p1a: Kingambit
|-resisted|p1a: Kingambit
|-damage|p1a: Kingambit|71/100
|-enditem|p1a: Kingambit|Air Balloon
|
|upkeep
|turn|18
|
|t:|1779642664
|switch|p2a: Conkeldurr|Conkeldurr, F|100/100 brn
|move|p1a: Kingambit|Sucker Punch||[still]
|-fail|p1a: Kingambit
|
|-damage|p2a: Conkeldurr|94/100 brn|[from] brn
|upkeep
|turn|19
|
|t:|1779642675
|move|p1a: Kingambit|Iron Head|p2a: Conkeldurr
|-damage|p2a: Conkeldurr|39/100 brn
|cant|p2a: Conkeldurr|flinch
|
|-damage|p2a: Conkeldurr|32/100 brn|[from] brn
|upkeep
|turn|20
|
|t:|1779642683
|move|p2a: Conkeldurr|Mach Punch|p1a: Kingambit
|-supereffective|p1a: Kingambit
|-damage|p1a: Kingambit|0 fnt
|faint|p1a: Kingambit
|-end|p1a: Kingambit|fallen3|[silent]
|
|-damage|p2a: Conkeldurr|26/100 brn|[from] brn
|upkeep
|
|t:|1779642693
|switch|p1a: Ceruledge|Ceruledge, M, shiny|56/100
|-damage|p1a: Ceruledge|31/100|[from] Stealth Rock
|turn|21
|
|t:|1779642697
|move|p1a: Ceruledge|Bitter Blade|p2a: Conkeldurr
|-damage|p2a: Conkeldurr|0 fnt
|-heal|p1a: Ceruledge|46/100|[from] drain|[of] p2a: Conkeldurr
|faint|p2a: Conkeldurr
|-damage|p1a: Ceruledge|36/100|[from] item: Life Orb
|
|upkeep
|
|t:|1779642705
|switch|p2a: Skeledirge|Skeledirge, M|100/100
|turn|22
|
|t:|1779642709
|move|p1a: Ceruledge|Shadow Sneak|p2a: Skeledirge
|-supereffective|p2a: Skeledirge
|-damage|p2a: Skeledirge|59/100
|-damage|p1a: Ceruledge|26/100|[from] item: Life Orb
|move|p2a: Skeledirge|Shadow Ball|p1a: Ceruledge
|-supereffective|p1a: Ceruledge
|-damage|p1a: Ceruledge|0 fnt
|faint|p1a: Ceruledge
|
|upkeep
|
|t:|1779642712
|switch|p1a: Iron Valiant|Iron Valiant, shiny|100/100
|-damage|p1a: Iron Valiant|94/100|[from] Stealth Rock
|-enditem|p1a: Iron Valiant|Booster Energy
|-activate|p1a: Iron Valiant|ability: Quark Drive|[fromitem]
|-start|p1a: Iron Valiant|quarkdrivespe
|turn|23
|
|t:|1779642725
|move|p1a: Iron Valiant|Shadow Ball|p2a: Skeledirge
|-supereffective|p2a: Skeledirge
|-damage|p2a: Skeledirge|12/100
|-unboost|p2a: Skeledirge|spd|1
|move|p2a: Skeledirge|Slack Off|p2a: Skeledirge
|-heal|p2a: Skeledirge|62/100
|
|upkeep
|turn|24
|
|t:|1779642735
|-terastallize|p2a: Skeledirge|Fairy
|move|p1a: Iron Valiant|Shadow Ball|p2a: Skeledirge
|-damage|p2a: Skeledirge|28/100
|-unboost|p2a: Skeledirge|spd|1
|move|p2a: Skeledirge|Torch Song|p1a: Iron Valiant
|-crit|p1a: Iron Valiant
|-damage|p1a: Iron Valiant|9/100
|-boost|p2a: Skeledirge|spa|1
|
|upkeep
|turn|25
|
|t:|1779642746
|move|p1a: Iron Valiant|Moonblast|p2a: Skeledirge
|-damage|p2a: Skeledirge|0 fnt
|faint|p2a: Skeledirge
|
|win|beastttmode
