|j|☆datesarehealthy
|j|☆Sniverdrill
|t:|1779642592
|gametype|singles
|player|p1|datesarehealthy|pokefan|1215
|player|p2|Sniverdrill|lacey|1264
|gen|9
|tier|[Gen 9] OU
|rated|
|rule|HP Percentage Mod: HP is shown in percentages
|rule|Endless Battle Clause: Forcing endless battles is banned
|rule|Species Clause: Limit one of each Pokémon
|rule|OHKO Clause: OHKO moves are banned
|rule|Evasion Items Clause: Evasion items are banned
|rule|Evasion Moves Clause: Evasion moves are banned
|rule|Evasion Abilities Clause: Evasion abilities are banned
|rule|Sleep Moves Clause: Sleep-inducing moves are banned
|clearpoke
|poke|p1|Pecharunt|
|poke|p1|Slowking-Galar, M|
|poke|p1|Swalot, M|
|poke|p1|Skuntank, F|
|poke|p1|Gengar, M|
|poke|p1|Gliscor, F|
|poke|p2|Hydrapple, M|
|poke|p2|Tinkaton, F|
|poke|p2|Moltres|
|poke|p2|Rotom-Wash|
|poke|p2|Great Tusk|
|poke|p2|Darkrai|
|teampreview
|inactive|Battle timer is ON: inactive players will automatically lose when time's up. (requested by Sniverdrill)
|
|t:|1779642600
|teamsize|p1|6
|teamsize|p2|6
|start
|switch|p1a: Swalot|Swalot, M|100/100
|switch|p2a: Tinkaton|Tinkaton, F|100/100
|-ability|p2a: Tinkaton|Mold Breaker
|turn|1
|
|t:|1779642608
|move|p2a: Tinkaton|Stealth Rock|p1a: Swalot
|-sidestart|p1: datesarehealthy|move: Stealth Rock
|move|p1a: Swalot|Toxic Spikes|p2a: Tinkaton
|-sidestart|p2: Sniverdrill|move: Toxic Spikes
|
|upkeep
|turn|2
|
|t:|1779642614
|move|p2a: Tinkaton|Encore|p1a: Swalot
|-start|p1a: Swalot|Encore
|move|p1a: Swalot|Toxic Spikes|p2a: Tinkaton
|-sidestart|p2: Sniverdrill|move: Toxic Spikes
|
|upkeep
|turn|3
|
|t:|1779642623
|switch|p1a: Skuntank|Skuntank, F|100/100
|-damage|p1a: Skuntank|88/100|[from] Stealth Rock
|move|p2a: Tinkaton|Knock Off|p1a: Skuntank
|-resisted|p1a: Skuntank
|-damage|p1a: Skuntank|81/100
|-damage|p2a: Tinkaton|84/100|[from] item: Rocky Helmet|[of] p1a: Skuntank
|-enditem|p1a: Skuntank|Rocky Helmet|[from] move: Knock Off|[of] p2a: Tinkaton
|
|-heal|p2a: Tinkaton|90/100|[from] item: Leftovers
|upkeep
|turn|4
|
|t:|1779642636
|switch|p2a: Moltres|Moltres|100/100
|move|p1a: Skuntank|Fire Spin|p2a: Moltres
|-resisted|p2a: Moltres
|-damage|p2a: Moltres|98/100
|-activate|p2a: Moltres|move: Fire Spin|[of] p1a: Skuntank
|
|-damage|p2a: Moltres|86/100|[from] move: Fire Spin|[partiallytrapped]
|upkeep
|turn|5
|
|t:|1779642646
|switch|p1a: Swalot|Swalot, M|100/100
|-damage|p1a: Swalot|88/100|[from] Stealth Rock
|move|p2a: Moltres|U-turn|p1a: Swalot
|-resisted|p1a: Swalot
|-damage|p1a: Swalot|83/100
|
|t:|1779642654
|switch|p2a: Great Tusk|Great Tusk|100/100|[from] U-turn
|
|upkeep
|turn|6
|
|t:|1779642660
|switch|p1a: Pecharunt|Pecharunt|100/100
|-damage|p1a: Pecharunt|88/100|[from] Stealth Rock
|move|p2a: Great Tusk|Headlong Rush|p1a: Pecharunt
|-supereffective|p1a: Pecharunt
|-damage|p1a: Pecharunt|28/100
|-unboost|p2a: Great Tusk|def|1
|-unboost|p2a: Great Tusk|spd|1
|
|-heal|p1a: Pecharunt|34/100|[from] item: Leftovers
|upkeep
|turn|7
|
|t:|1779642672
|move|p1a: Pecharunt|Protect|p1a: Pecharunt
|-singleturn|p1a: Pecharunt|Protect
|move|p2a: Great Tusk|Knock Off|p1a: Pecharunt
|-activate|p1a: Pecharunt|move: Protect
|
|-heal|p1a: Pecharunt|40/100|[from] item: Leftovers
|upkeep
|turn|8
|
|t:|1779642680
|-end|p2a: Great Tusk|Protosynthesis|[silent]
|switch|p2a: Tinkaton|Tinkaton, F|90/100
|-ability|p2a: Tinkaton|Mold Breaker
|move|p1a: Pecharunt|Recover|p1a: Pecharunt
|-heal|p1a: Pecharunt|90/100
|
|-heal|p2a: Tinkaton|96/100|[from] item: Leftovers
|-heal|p1a: Pecharunt|96/100|[from] item: Leftovers
|upkeep
|turn|9
|
|t:|1779642690
|switch|p1a: Swalot|Swalot, M|83/100
|-damage|p1a: Swalot|71/100|[from] Stealth Rock
|move|p2a: Tinkaton|Encore||[still]
|-fail|p2a: Tinkaton
|
|-heal|p2a: Tinkaton|100/100|[from] item: Leftovers
|upkeep
|turn|10
|
|t:|1779642700
|move|p2a: Tinkaton|Gigaton Hammer|p1a: Swalot
|-crit|p1a: Swalot
|-damage|p1a: Swalot|28/100
|move|p1a: Swalot|Knock Off|p2a: Tinkaton
|-resisted|p2a: Tinkaton
|-damage|p2a: Tinkaton|91/100
|-enditem|p2a: Tinkaton|Leftovers|[from] move: Knock Off|[of] p1a: Swalot
|
|upkeep
|turn|11
|
|t:|1779642713
|switch|p2a: Moltres|Moltres|86/100
|move|p1a: Swalot|Endure||[still]
|-fail|p1a: Swalot
|
|upkeep
|turn|12
|
|t:|1779642719
|move|p1a: Swalot|Endure|p1a: Swalot
|-singleturn|p1a: Swalot|move: Endure
|move|p2a: Moltres|U-turn|p1a: Swalot
|-resisted|p1a: Swalot
|-damage|p1a: Swalot|23/100
|
|t:|1779642725
|switch|p2a: Great Tusk|Great Tusk|100/100|[from] U-turn
|
|upkeep
|turn|13
|-enditem|p1a: Swalot|Custap Berry|[eat]
|-activate|p1a: Swalot|item: Custap Berry|[consumed]
|
|t:|1779642730
|move|p1a: Swalot|Destiny Bond|p1a: Swalot
|-singlemove|p1a: Swalot|Destiny Bond
|move|p2a: Great Tusk|Rapid Spin|p1a: Swalot
|-damage|p1a: Swalot|10/100
|-boost|p2a: Great Tusk|spe|1
|-sideend|p2: Sniverdrill|Toxic Spikes|[from] move: Rapid Spin|[of] p2a: Great Tusk
|
|upkeep
|turn|14
|-message|datesarehealthy forfeited.
|
|win|Sniverdrill
|raw|datesarehealthy's rating: 1215 &rarr; <strong>1194</strong><br />(-21 for losing)
|raw|Sniverdrill's rating: 1264 &rarr; <strong>1285</strong><br />(+21 for winning)
|l|☆datesarehealthy
|player|p1|
|l|☆Sniverdrill
|player|p2|
