|j|☆withered777
|j|☆grimI0I
|t:|1779641307
|gametype|singles
|player|p1|withered777|ghetsis|1193
|player|p2|grimI0I|266|1201
|gen|9
|tier|[Gen 9] OU
|rated|
|rule|HP Percentage Mod: HP is shown in percentages
|rule|Endless Battle Clause: Forcing endless battles is banned
|rule|Species Clause: Limit one of each Pokémon
|rule|OHKO Clause: OHKO moves are banned
|rule|Evasion Items Clause: Evasion items are banned
|rule|Evasion Moves Clause: Evasion moves are banned
|rule|Evasion Abilities Clause: Evasion abilities are banned
|rule|Sleep Moves Clause: Sleep-inducing moves are banned
|clearpoke
|poke|p1|Dragapult, F|
|poke|p1|Ninetales-Alola, F|
|poke|p1|Landorus-Therian, M|
|poke|p1|Heatran, F|
|poke|p1|Meowscarada, M|
|poke|p1|Corviknight, F|
|poke|p2|Ceruledge, F|
|poke|p2|Porygon-Z|
|poke|p2|Hawlucha, M|
|poke|p2|Dragonite, M|
|poke|p2|Ogerpon-Wellspring, F|
|poke|p2|Primarina, F|
|teampreview
|inactive|Battle timer is ON: inactive players will automatically lose when time's up. (requested by grimI0I)
|
|t:|1779641330
|teamsize|p1|6
|teamsize|p2|6
|start
|switch|p1a: Meowscarada|Meowscarada, M|100/100
|switch|p2a: Hawlucha|Hawlucha, M|100/100
|-ability|p2a: Hawlucha|Mold Breaker
|turn|1
|
|t:|1779641355
|move|p1a: Meowscarada|Triple Axel|p2a: Hawlucha|[miss]
|-start|p1a: Meowscarada|typechange|Ice|[from] ability: Protean
|-miss|p1a: Meowscarada|p2a: Hawlucha
|move|p2a: Hawlucha|U-turn|p1a: Meowscarada
|-damage|p1a: Meowscarada|76/100
|
|t:|1779641366
|switch|p2a: Primarina|Primarina, F|100/100|[from] U-turn
|
|upkeep
|turn|2
|
|t:|1779641371
|move|p1a: Meowscarada|Flower Trick|p2a: Primarina
|-supereffective|p2a: Primarina
|-crit|p2a: Primarina
|-damage|p2a: Primarina|27/100
|move|p2a: Primarina|Sparkling Aria|p1a: Meowscarada
|-crit|p1a: Meowscarada
|-damage|p1a: Meowscarada|0 fnt
|faint|p1a: Meowscarada
|-enditem|p2a: Primarina|Throat Spray
|-boost|p2a: Primarina|spa|1|[from] item: Throat Spray
|
|upkeep
|
|t:|1779641387
|switch|p1a: Ninetales|Ninetales-Alola, F|100/100
|-weather|Snowscape|[from] ability: Snow Warning|[of] p1a: Ninetales
|turn|3
|
|t:|1779641395
|move|p1a: Ninetales|Freeze-Dry|p2a: Primarina
|-supereffective|p2a: Primarina
|-damage|p2a: Primarina|0 fnt
|faint|p2a: Primarina
|
|-weather|Snowscape|[upkeep]
|upkeep
|
|t:|1779641416
|switch|p2a: Ceruledge|Ceruledge, F|100/100
|turn|4
|
|t:|1779641420
|move|p1a: Ninetales|Aurora Veil|p1a: Ninetales
|-sidestart|p1: withered777|move: Aurora Veil
|move|p2a: Ceruledge|Swords Dance|p2a: Ceruledge
|-boost|p2a: Ceruledge|atk|2
|
|-weather|Snowscape|[upkeep]
|upkeep
|turn|5
|
|t:|1779641428
|switch|p1a: Landorus|Landorus-Therian, M|100/100
|-ability|p1a: Landorus|Intimidate|boost
|-unboost|p2a: Ceruledge|atk|1
|move|p2a: Ceruledge|Swords Dance|p2a: Ceruledge
|-boost|p2a: Ceruledge|atk|2
|
|-weather|Snowscape|[upkeep]
|upkeep
|turn|6
|
|t:|1779641437
|move|p1a: Landorus|Rock Slide|p2a: Ceruledge
|-supereffective|p2a: Ceruledge
|-damage|p2a: Ceruledge|27/100
|-ability|p2a: Ceruledge|Weak Armor|boost
|-unboost|p2a: Ceruledge|def|1
|-boost|p2a: Ceruledge|spe|2
|move|p2a: Ceruledge|Swords Dance|p2a: Ceruledge
|-boost|p2a: Ceruledge|atk|2
|
|-weather|Snowscape|[upkeep]
|upkeep
|turn|7
|
|t:|1779641450
|-terastallize|p2a: Ceruledge|Fire
|move|p2a: Ceruledge|Bitter Blade|p1a: Landorus
|-damage|p1a: Landorus|0 fnt
|-heal|p2a: Ceruledge|82/100|[from] drain|[of] p1a: Landorus
|faint|p1a: Landorus
|
|-weather|none
|upkeep
|
|t:|1779641456
|switch|p1a: Corviknight|Corviknight, F|100/100
|turn|8
|
|t:|1779641460
|switch|p1a: Heatran|Heatran, F|100/100
|move|p2a: Ceruledge|Bitter Blade|p1a: Heatran
|-start|p1a: Heatran|ability: Flash Fire
|
|upkeep
|turn|9
|
|t:|1779641467
|move|p2a: Ceruledge|Poltergeist|p1a: Heatran
|-activate|p1a: Heatran|move: Poltergeist|Rocky Helmet
|-damage|p1a: Heatran|17/100
|move|p1a: Heatran|Earth Power|p2a: Ceruledge
|-supereffective|p2a: Ceruledge
|-damage|p2a: Ceruledge|6/100
|
|upkeep
|turn|10
|
|t:|1779641479
|move|p2a: Ceruledge|Poltergeist|p1a: Heatran
|-activate|p1a: Heatran|move: Poltergeist|Rocky Helmet
|-damage|p1a: Heatran|0 fnt
|faint|p1a: Heatran
|
|upkeep
|
|t:|1779641486
|switch|p1a: Corviknight|Corviknight, F|100/100
|turn|11
|
|t:|1779641490
|move|p2a: Ceruledge|Bitter Blade|p1a: Corviknight
|-supereffective|p1a: Corviknight
|-damage|p1a: Corviknight|0 fnt
|-heal|p2a: Ceruledge|74/100|[from] drain|[of] p1a: Corviknight
|faint|p1a: Corviknight
|
|-sideend|p1: withered777|move: Aurora Veil
|upkeep
|
|t:|1779641494
|switch|p1a: Ninetales|Ninetales-Alola, F|100/100
|-weather|Snowscape|[from] ability: Snow Warning|[of] p1a: Ninetales
|turn|12
|
|t:|1779641498
|move|p2a: Ceruledge|Bitter Blade|p1a: Ninetales
|-supereffective|p1a: Ninetales
|-damage|p1a: Ninetales|0 fnt
|-heal|p2a: Ceruledge|100/100|[from] drain|[of] p1a: Ninetales
|faint|p1a: Ninetales
|
|-weather|Snowscape|[upkeep]
|upkeep
|
|t:|1779641501
|switch|p1a: Dragapult|Dragapult, F|100/100
|turn|13
|
|t:|1779641507
|-terastallize|p1a: Dragapult|Steel
|move|p2a: Ceruledge|Shadow Sneak|p1a: Dragapult
|-damage|p1a: Dragapult|1/100
|move|p1a: Dragapult|Dragon Dance|p1a: Dragapult
|-boost|p1a: Dragapult|atk|1
|-boost|p1a: Dragapult|spe|1
|
|-weather|Snowscape|[upkeep]
|-heal|p1a: Dragapult|7/100|[from] item: Leftovers
|upkeep
|turn|14
|
|t:|1779641515
|move|p2a: Ceruledge|Shadow Sneak|p1a: Dragapult
|-damage|p1a: Dragapult|0 fnt
|faint|p1a: Dragapult
|
|win|grimI0I
|raw|withered777's rating: 1193 &rarr; <strong>1169</strong><br />(-24 for losing)
|raw|grimI0I's rating: 1201 &rarr; <strong>1225</strong><br />(+24 for winning)
|c|☆grimI0I|gg
|c|☆withered777|Gg
|l|☆withered777
|player|p1|
