|j|☆firewall1234
|j|☆Trail one
|t:|1779644976
|gametype|singles
|player|p1|firewall1234|hugh|1636
|player|p2|Trail one|170|1692
|gen|9
|tier|[Gen 9] OU
|rated|
|rule|HP Percentage Mod: HP is shown in percentages
|rule|Endless Battle Clause: Forcing endless battles is banned
|rule|Species Clause: Limit one of each Pokémon
|rule|OHKO Clause: OHKO moves are banned
|rule|Evasion Items Clause: Evasion items are banned
|rule|Evasion Moves Clause: Evasion moves are banned
|rule|Evasion Abilities Clause: Evasion abilities are banned
|rule|Sleep Moves Clause: Sleep-inducing moves are banned
|clearpoke
|poke|p1|Hatterene, F|
|poke|p1|Great Tusk|
|poke|p1|Tornadus-Therian, M|
|poke|p1|Kyurem|
|poke|p1|Slowking-Galar, M|
|poke|p1|Kingambit, F|
|poke|p2|Cinderace, F|
|poke|p2|Raging Bolt|
|poke|p2|Scizor, M|
|poke|p2|Clefable, M|
|poke|p2|Great Tusk|
|poke|p2|Latios, M|
|teampreview
|
|t:|1779645001
|teamsize|p1|6
|teamsize|p2|6
|start
|switch|p1a: Tornadus|Tornadus-Therian, M|100/100
|switch|p2a: Latios|Latios, M|100/100
|turn|1
|
|t:|1779645007
|move|p2a: Latios|Trick|p1a: Tornadus
|-activate|p2a: Latios|move: Trick|[of] p1a: Tornadus
|-item|p1a: Tornadus|Choice Scarf|[from] move: Trick
|-item|p2a: Latios|Assault Vest|[from] move: Trick
|move|p1a: Tornadus|Knock Off|p2a: Latios
|-supereffective|p2a: Latios
|-damage|p2a: Latios|41/100
|-enditem|p2a: Latios|Assault Vest|[from] move: Knock Off|[of] p1a: Tornadus
|
|upkeep
|turn|2
|inactive|Battle timer is ON: inactive players will automatically lose when time's up. (requested by firewall1234)
|
|t:|1779645022
|switch|p2a: Clefable|Clefable, M|100/100
|move|p1a: Tornadus|Knock Off|p2a: Clefable
|-resisted|p2a: Clefable
|-damage|p2a: Clefable|90/100
|-enditem|p2a: Clefable|Leftovers|[from] move: Knock Off|[of] p1a: Tornadus
|
|upkeep
|turn|3
|
|t:|1779645028
|switch|p1a: Slowking|Slowking-Galar, M|100/100
|switch|p2a: Cinderace|Cinderace, F|100/100
|
|upkeep
|turn|4
|
|t:|1779645045
|-terastallize|p2a: Cinderace|Fire
|move|p2a: Cinderace|Pyro Ball|p1a: Slowking
|-damage|p1a: Slowking|12/100
|move|p1a: Slowking|Sludge Bomb|p2a: Cinderace
|-damage|p2a: Cinderace|54/100
|-status|p2a: Cinderace|psn
|
|-heal|p1a: Slowking|18/100|[from] item: Black Sludge
|-damage|p2a: Cinderace|42/100 psn|[from] psn
|upkeep
|turn|5
|j| himejijou
|
|t:|1779645054
|switch|p1a: Great Tusk|Great Tusk|100/100
|move|p2a: Cinderace|Pyro Ball|p1a: Great Tusk
|-crit|p1a: Great Tusk
|-damage|p1a: Great Tusk|0 fnt
|faint|p1a: Great Tusk
|-end|p1a: Great Tusk|Protosynthesis|[silent]
|
|-damage|p2a: Cinderace|30/100 psn|[from] psn
|upkeep
|l| himejijou
|
|t:|1779645069
|switch|p1a: Tornadus|Tornadus-Therian, M|100/100
|turn|6
|
|t:|1779645073
|switch|p2a: Clefable|Clefable, M|90/100
|move|p1a: Tornadus|Bleakwind Storm|p2a: Clefable
|-damage|p2a: Clefable|62/100
|
|upkeep
|turn|7
|
|t:|1779645079
|switch|p1a: Slowking|Slowking-Galar, M|51/100
|switch|p2a: Cinderace|Cinderace, F, tera:Fire|30/100 psn
|
|-heal|p1a: Slowking|57/100|[from] item: Black Sludge
|-damage|p2a: Cinderace|17/100 psn|[from] psn
|upkeep
|turn|8
|
|t:|1779645088
|switch|p1a: Hatterene|Hatterene, F, shiny|100/100
|move|p2a: Cinderace|Pyro Ball|p1a: Hatterene
|-damage|p1a: Hatterene|0 fnt
|faint|p1a: Hatterene
|
|-damage|p2a: Cinderace|5/100 psn|[from] psn
|upkeep
|
|t:|1779645091
|switch|p1a: Tornadus|Tornadus-Therian, M|100/100
|turn|9
|
|t:|1779645098
|switch|p2a: Clefable|Clefable, M|62/100
|move|p1a: Tornadus|U-turn|p2a: Clefable
|-resisted|p2a: Clefable
|-damage|p2a: Clefable|55/100
|j| hattybatty304
|
|t:|1779645102
|switch|p1a: Slowking|Slowking-Galar, M|91/100|[from] U-turn
|
|-heal|p1a: Slowking|97/100|[from] item: Black Sludge
|upkeep
|turn|10
|
|t:|1779645106
|move|p2a: Clefable|Stealth Rock|p1a: Slowking
|-sidestart|p1: firewall1234|move: Stealth Rock
|-prepare|p1a: Slowking|Chilly Reception|[premajor]
|move|p1a: Slowking|Chilly Reception|p1a: Slowking
|-weather|Snowscape
|j| Little Cuack
|
|t:|1779645112
|switch|p1a: Kyurem|Kyurem|100/100|[from] Chilly Reception
|-damage|p1a: Kyurem|76/100|[from] Stealth Rock
|-ability|p1a: Kyurem|Pressure
|
|-weather|Snowscape|[upkeep]
|upkeep
|turn|11
|
|t:|1779645122
|switch|p2a: Scizor|Scizor, M|100/100
|move|p1a: Kyurem|Blizzard|p2a: Scizor
|-resisted|p2a: Scizor
|-damage|p2a: Scizor|52/100
|
|-weather|Snowscape|[upkeep]
|upkeep
|turn|12
|
|t:|1779645130
|switch|p1a: Kingambit|Kingambit, F, shiny|100/100
|-damage|p1a: Kingambit|94/100|[from] Stealth Rock
|-activate|p1a: Kingambit|ability: Supreme Overlord
|-start|p1a: Kingambit|fallen2|[silent]
|move|p2a: Scizor|Swords Dance|p2a: Scizor
|-boost|p2a: Scizor|atk|2
|
|-weather|Snowscape|[upkeep]
|-heal|p1a: Kingambit|100/100|[from] item: Leftovers
|upkeep
|turn|13
|
|t:|1779645138
|-terastallize|p1a: Kingambit|Ghost
|move|p2a: Scizor|U-turn|p1a: Kingambit
|-resisted|p1a: Kingambit
|-damage|p1a: Kingambit|80/100
|
|t:|1779645143
|switch|p2a: Great Tusk|Great Tusk|100/100|[from] U-turn
|move|p1a: Kingambit|Kowtow Cleave|p2a: Great Tusk
|-resisted|p2a: Great Tusk
|-damage|p2a: Great Tusk|79/100
|
|-weather|Snowscape|[upkeep]
|-heal|p1a: Kingambit|86/100|[from] item: Leftovers
|upkeep
|turn|14
|
|t:|1779645152
|move|p2a: Great Tusk|Ice Spinner|p1a: Kingambit
|-damage|p1a: Kingambit|65/100
|move|p1a: Kingambit|Swords Dance|p1a: Kingambit
|-boost|p1a: Kingambit|atk|2
|
|-weather|none
|-heal|p1a: Kingambit|71/100|[from] item: Leftovers
|upkeep
|turn|15
|
|t:|1779645157
|move|p2a: Great Tusk|Headlong Rush|p1a: Kingambit
|-damage|p1a: Kingambit|26/100
|-unboost|p2a: Great Tusk|def|1
|-unboost|p2a: Great Tusk|spd|1
|move|p1a: Kingambit|Iron Head|p2a: Great Tusk
|-damage|p2a: Great Tusk|0 fnt
|faint|p2a: Great Tusk
|-end|p2a: Great Tusk|Protosynthesis|[silent]
|
|-heal|p1a: Kingambit|32/100|[from] item: Leftovers
|upkeep
|
|t:|1779645171
|switch|p2a: Raging Bolt|Raging Bolt|100/100
|turn|16
|
|t:|1779645177
|-end|p1a: Kingambit|fallen2|[silent]
|switch|p1a: Slowking|Slowking-Galar, M|100/100
|-damage|p1a: Slowking|88/100|[from] Stealth Rock
|move|p2a: Raging Bolt|Thunderclap||[still]
|-fail|p2a: Raging Bolt
|
|-heal|p1a: Slowking|94/100|[from] item: Black Sludge
|upkeep
|turn|17
|
|t:|1779645184
|-end|p2a: Raging Bolt|Protosynthesis|[silent]
|switch|p2a: Scizor|Scizor, M|52/100
|move|p1a: Slowking|Trick|p2a: Scizor
|-activate|p1a: Slowking|move: Trick|[of] p2a: Scizor
|-item|p2a: Scizor|Black Sludge|[from] move: Trick
|-item|p1a: Slowking|Sitrus Berry|[from] move: Trick
|
|-damage|p2a: Scizor|39/100|[from] item: Black Sludge
|upkeep
|turn|18
|
|t:|1779645194
|move|p2a: Scizor|Knock Off|p1a: Slowking
|-supereffective|p1a: Slowking
|-damage|p1a: Slowking|55/100
|-enditem|p1a: Slowking|Sitrus Berry|[from] move: Knock Off|[of] p2a: Scizor
|-prepare|p1a: Slowking|Chilly Reception|[premajor]
|move|p1a: Slowking|Chilly Reception|p1a: Slowking
|-weather|Snowscape
|
|t:|1779645205
|switch|p1a: Tornadus|Tornadus-Therian, M|100/100|[from] Chilly Reception
|-damage|p1a: Tornadus|76/100|[from] Stealth Rock
|
|-weather|Snowscape|[upkeep]
|-damage|p2a: Scizor|27/100|[from] item: Black Sludge
|upkeep
|turn|19
|j| kanaete onegai
|
|t:|1779645210
|move|p1a: Tornadus|Heat Wave|p2a: Scizor
|-supereffective|p2a: Scizor
|-damage|p2a: Scizor|0 fnt
|faint|p2a: Scizor
|
|-weather|Snowscape|[upkeep]
|upkeep
|
|t:|1779645229
|switch|p2a: Latios|Latios, M|41/100
|turn|20
|
|t:|1779645235
|switch|p1a: Slowking|Slowking-Galar, M|88/100
|-damage|p1a: Slowking|76/100|[from] Stealth Rock
|move|p2a: Latios|Luster Purge|p1a: Slowking
|-damage|p1a: Slowking|38/100
|
|-weather|Snowscape|[upkeep]
|upkeep
|turn|21
|
|t:|1779645240
|move|p2a: Latios|Luster Purge|p1a: Slowking
|-damage|p1a: Slowking|0 fnt
|faint|p1a: Slowking
|
|-weather|Snowscape|[upkeep]
|upkeep
|
|t:|1779645243
|switch|p1a: Tornadus|Tornadus-Therian, M|100/100
|-damage|p1a: Tornadus|76/100|[from] Stealth Rock
|turn|22
|
|t:|1779645255
|switch|p2a: Clefable|Clefable, M|55/100
|move|p1a: Tornadus|U-turn|p2a: Clefable
|-resisted|p2a: Clefable
|-damage|p2a: Clefable|47/100
|
|t:|1779645257
|switch|p1a: Kyurem|Kyurem|76/100|[from] U-turn
|-damage|p1a: Kyurem|51/100|[from] Stealth Rock
|-ability|p1a: Kyurem|Pressure
|
|-weather|none
|upkeep
|turn|23
|
|t:|1779645267
|move|p1a: Kyurem|Ice Beam|p2a: Clefable
|-damage|p2a: Clefable|0 fnt
|faint|p2a: Clefable
|
|upkeep
|inactive|Trail one has 120 seconds left.
|
|t:|1779645310
|switch|p2a: Latios|Latios, M|41/100
|turn|24
|
|t:|1779645314
|move|p2a: Latios|Luster Purge|p1a: Kyurem
|-damage|p1a: Kyurem|2/100
|-unboost|p1a: Kyurem|spd|1
|move|p1a: Kyurem|Ice Beam|p2a: Latios
|-supereffective|p2a: Latios
|-damage|p2a: Latios|0 fnt
|faint|p2a: Latios
|
|upkeep
|
|t:|1779645319
|switch|p2a: Raging Bolt|Raging Bolt|100/100
|turn|25
|
|t:|1779645322
|move|p2a: Raging Bolt|Thunderclap|p1a: Kyurem
|-resisted|p1a: Kyurem
|-damage|p1a: Kyurem|0 fnt
|faint|p1a: Kyurem
|
|upkeep
|
|t:|1779645325
|switch|p1a: Tornadus|Tornadus-Therian, M|100/100
|-damage|p1a: Tornadus|76/100|[from] Stealth Rock
|turn|26
|
|t:|1779645334
|move|p2a: Raging Bolt|Thunderclap|p1a: Tornadus
|-supereffective|p1a: Tornadus
|-damage|p1a: Tornadus|0 fnt
|faint|p1a: Tornadus
|
|upkeep
|
|t:|1779645336
|switch|p1a: Kingambit|Kingambit, F, shiny, tera:Ghost|32/100
|-damage|p1a: Kingambit|20/100|[from] Stealth Rock
|-activate|p1a: Kingambit|ability: Supreme Overlord
|-start|p1a: Kingambit|fallen5|[silent]
|turn|27
|
|t:|1779645338
|move|p2a: Raging Bolt|Dragon Pulse|p1a: Kingambit
|-damage|p1a: Kingambit|0 fnt
|faint|p1a: Kingambit
|-end|p1a: Kingambit|fallen5|[silent]
|
|win|Trail one
|raw|firewall1234's rating: 1636 &rarr; <strong>1619</strong><br />(-17 for losing)
|raw|Trail one's rating: 1692 &rarr; <strong>1709</strong><br />(+17 for winning)
