|j|☆gustydust
|j|☆masafesio
|t:|1779574154
|gametype|singles
|player|p1|gustydust|ethan|1169
|player|p2|masafesio|wattson|1155
|gen|9
|tier|[Gen 9] OU
|rated|
|rule|HP Percentage Mod: HP is shown in percentages
|rule|Endless Battle Clause: Forcing endless battles is banned
|rule|Species Clause: Limit one of each Pokémon
|rule|OHKO Clause: OHKO moves are banned
|rule|Evasion Items Clause: Evasion items are banned
|rule|Evasion Moves Clause: Evasion moves are banned
|rule|Evasion Abilities Clause: Evasion abilities are banned
|rule|Sleep Moves Clause: Sleep-inducing moves are banned
|clearpoke
|poke|p1|Chansey, F|
|poke|p1|Blaziken, M|
|poke|p1|Zapdos|
|poke|p1|Dragapult, F|
|poke|p1|Primarina, F|
|poke|p1|Breloom, F|
|poke|p2|Cyclizar, M|
|poke|p2|Dondozo, M|
|poke|p2|Slowking-Galar, F|
|poke|p2|Gholdengo|
|poke|p2|Arcanine-Hisui, F|
|poke|p2|Ogerpon-Wellspring, F|
|teampreview
|
|t:|1779574159
|teamsize|p1|6
|teamsize|p2|6
|start
|switch|p1a: Chansey|Chansey, F|100/100
|switch|p2a: Cyclizar|Cyclizar, M|100/100
|turn|1
|
|t:|1779574164
|move|p2a: Cyclizar|Taunt|p1a: Chansey
|-start|p1a: Chansey|move: Taunt
|cant|p1a: Chansey|move: Taunt|Stealth Rock
|
|upkeep
|turn|2
|
|t:|1779574169
|move|p2a: Cyclizar|Knock Off|p1a: Chansey
|-damage|p1a: Chansey|87/100
|-enditem|p1a: Chansey|Eviolite|[from] move: Knock Off|[of] p2a: Cyclizar
|move|p1a: Chansey|Seismic Toss|p2a: Cyclizar
|-damage|p2a: Cyclizar|71/100
|
|upkeep
|turn|3
|
|t:|1779574175
|move|p2a: Cyclizar|U-turn|p1a: Chansey
|-damage|p1a: Chansey|72/100
|
|t:|1779574183
|switch|p2a: Gholdengo|Gholdengo|100/100|[from] U-turn
|-item|p2a: Gholdengo|Air Balloon
|move|p1a: Chansey|Seismic Toss|p2a: Gholdengo
|-immune|p2a: Gholdengo
|
|-end|p1a: Chansey|move: Taunt
|upkeep
|turn|4
|
|t:|1779574199
|move|p2a: Gholdengo|Nasty Plot|p2a: Gholdengo
|-boost|p2a: Gholdengo|spa|2
|move|p1a: Chansey|Stealth Rock|p2a: Gholdengo
|-sidestart|p2: masafesio|move: Stealth Rock
|
|upkeep
|turn|5
|
|t:|1779574205
|switch|p1a: Zapdos|Zapdos|100/100
|move|p2a: Gholdengo|Make It Rain|p1a: Zapdos
|-resisted|p1a: Zapdos
|-damage|p1a: Zapdos|31/100
|-unboost|p2a: Gholdengo|spa|1
|
|upkeep
|turn|6
|
|t:|1779574218
|switch|p2a: Slowking|Slowking-Galar, F, shiny|100/100
|-damage|p2a: Slowking|88/100|[from] Stealth Rock
|move|p1a: Zapdos|Thunderbolt|p2a: Slowking
|-damage|p2a: Slowking|67/100
|
|upkeep
|turn|7
|
|t:|1779574227
|move|p1a: Zapdos|Volt Switch|p2a: Slowking
|-damage|p2a: Slowking|51/100
|
|t:|1779574238
|switch|p1a: Primarina|Primarina, F|100/100|[from] Volt Switch
|move|p2a: Slowking|Sludge Wave|p1a: Primarina
|-supereffective|p1a: Primarina
|-damage|p1a: Primarina|31/100
|
|-heal|p1a: Primarina|37/100|[from] item: Leftovers
|upkeep
|turn|8
|
|t:|1779574250
|move|p1a: Primarina|Light Screen|p1a: Primarina
|-sidestart|p1: gustydust|move: Light Screen
|move|p2a: Slowking|Sludge Wave|p1a: Primarina
|-supereffective|p1a: Primarina
|-damage|p1a: Primarina|0 fnt
|faint|p1a: Primarina
|
|upkeep
|
|t:|1779574268
|switch|p1a: Dragapult|Dragapult, F|100/100
|turn|9
|
|t:|1779574279
|switch|p2a: Dondozo|Dondozo, M|100/100
|-damage|p2a: Dondozo|88/100|[from] Stealth Rock
|move|p1a: Dragapult|Dragon Dance|p1a: Dragapult
|-boost|p1a: Dragapult|atk|1
|-boost|p1a: Dragapult|spe|1
|
|-heal|p2a: Dondozo|94/100|[from] item: Leftovers
|upkeep
|turn|10
|
|t:|1779574288
|-terastallize|p1a: Dragapult|Dragon
|move|p1a: Dragapult|Dragon Darts|p2a: Dondozo
|-damage|p2a: Dondozo|74/100
|-anim|p1a: Dragapult|Dragon Darts|p2a: Dondozo
|-damage|p2a: Dondozo|53/100
|-damage|p1a: Dragapult|91/100|[from] item: Life Orb
|move|p2a: Dondozo|Curse|p2a: Dondozo
|-unboost|p2a: Dondozo|spe|1
|-boost|p2a: Dondozo|atk|1
|-boost|p2a: Dondozo|def|1
|
|-heal|p2a: Dondozo|59/100|[from] item: Leftovers
|upkeep
|turn|11
|
|t:|1779574304
|move|p1a: Dragapult|U-turn|p2a: Dondozo
|-damage|p2a: Dondozo|49/100
|-damage|p1a: Dragapult|81/100|[from] item: Life Orb
|
|t:|1779574313
|switch|p1a: Breloom|Breloom, F|100/100|[from] U-turn
|move|p2a: Dondozo|Avalanche|p1a: Breloom
|-supereffective|p1a: Breloom
|-damage|p1a: Breloom|46/100
|
|-heal|p2a: Dondozo|55/100|[from] item: Leftovers
|upkeep
|turn|12
|inactive|Battle timer is ON: inactive players will automatically lose when time's up. (requested by gustydust)
|
|t:|1779574427
|move|p2a: Dondozo|Protect|p2a: Dondozo
|-singleturn|p2a: Dondozo|Protect
|move|p1a: Breloom|Seed Bomb|p2a: Dondozo
|-activate|p2a: Dondozo|move: Protect
|
|-heal|p2a: Dondozo|61/100|[from] item: Leftovers
|-sideend|p1: gustydust|move: Light Screen
|upkeep
|turn|13
|
|t:|1779574435
|move|p1a: Breloom|Seed Bomb|p2a: Dondozo
|-supereffective|p2a: Dondozo
|-damage|p2a: Dondozo|36/100
|move|p2a: Dondozo|Avalanche|p1a: Breloom
|-supereffective|p1a: Breloom
|-damage|p1a: Breloom|0 fnt
|faint|p1a: Breloom
|
|-heal|p2a: Dondozo|42/100|[from] item: Leftovers
|upkeep
|
|t:|1779574444
|switch|p1a: Zapdos|Zapdos|31/100
|turn|14
|
|t:|1779574449
|move|p2a: Dondozo|Protect|p2a: Dondozo
|-singleturn|p2a: Dondozo|Protect
|move|p1a: Zapdos|Thunderbolt|p2a: Dondozo
|-activate|p2a: Dondozo|move: Protect
|
|-heal|p2a: Dondozo|48/100|[from] item: Leftovers
|upkeep
|turn|15
|
|t:|1779574459
|switch|p2a: Slowking|Slowking-Galar, F, shiny|85/100
|-damage|p2a: Slowking|72/100|[from] Stealth Rock
|move|p1a: Zapdos|Thunderbolt|p2a: Slowking
|-damage|p2a: Slowking|48/100
|
|upkeep
|turn|16
|
|t:|1779574480
|move|p1a: Zapdos|Volt Switch|p2a: Slowking
|-damage|p2a: Slowking|31/100
|
|t:|1779574483
|switch|p1a: Dragapult|Dragapult, F, tera:Dragon|81/100|[from] Volt Switch
|move|p2a: Slowking|Psyshock|p1a: Dragapult
|-damage|p1a: Dragapult|33/100
|
|upkeep
|turn|17
|
|t:|1779574494
|switch|p2a: Cyclizar|Cyclizar, M|100/100
|move|p1a: Dragapult|Dragon Darts|p2a: Cyclizar
|-supereffective|p2a: Cyclizar
|-damage|p2a: Cyclizar|0 fnt
|faint|p2a: Cyclizar
|-damage|p1a: Dragapult|24/100|[from] item: Life Orb
|
|upkeep
|
|t:|1779574499
|switch|p2a: Dondozo|Dondozo, M|48/100
|-damage|p2a: Dondozo|36/100|[from] Stealth Rock
|turn|18
|
|t:|1779574505
|move|p2a: Dondozo|Protect|p2a: Dondozo
|-singleturn|p2a: Dondozo|Protect
|move|p1a: Dragapult|U-turn|p2a: Dondozo
|-activate|p2a: Dondozo|move: Protect
|
|-heal|p2a: Dondozo|42/100|[from] item: Leftovers
|upkeep
|turn|19
|
|t:|1779574518
|move|p1a: Dragapult|U-turn|p2a: Dondozo
|-crit|p2a: Dondozo
|-damage|p2a: Dondozo|21/100
|-damage|p1a: Dragapult|14/100|[from] item: Life Orb
|
|t:|1779574526
|switch|p1a: Chansey|Chansey, F|72/100|[from] U-turn
|move|p2a: Dondozo|Avalanche|p1a: Chansey
|-damage|p1a: Chansey|58/100
|
|-heal|p2a: Dondozo|27/100|[from] item: Leftovers
|upkeep
|turn|20
|
|t:|1779574536
|move|p2a: Dondozo|Protect|p2a: Dondozo
|-singleturn|p2a: Dondozo|Protect
|move|p1a: Chansey|Seismic Toss|p2a: Dondozo
|-activate|p2a: Dondozo|move: Protect
|
|-heal|p2a: Dondozo|33/100|[from] item: Leftovers
|upkeep
|turn|21
|
|t:|1779574544
|switch|p2a: Gholdengo|Gholdengo|100/100
|-damage|p2a: Gholdengo|94/100|[from] Stealth Rock
|-item|p2a: Gholdengo|Air Balloon
|move|p1a: Chansey|Seismic Toss|p2a: Gholdengo
|-immune|p2a: Gholdengo
|
|upkeep
|turn|22
|
|t:|1779574549
|move|p2a: Gholdengo|Make It Rain|p1a: Chansey
|-damage|p1a: Chansey|28/100
|-unboost|p2a: Gholdengo|spa|1
|move|p1a: Chansey|Healing Wish|p1a: Chansey
|faint|p1a: Chansey
|
|upkeep
|
|t:|1779574556
|switch|p1a: Dragapult|Dragapult, F, tera:Dragon|14/100
|-heal|p1a: Dragapult|100/100|[from] move: Healing Wish
|turn|23
|
|t:|1779574562
|move|p1a: Dragapult|Dragon Darts|p2a: Gholdengo
|-resisted|p2a: Gholdengo
|-damage|p2a: Gholdengo|66/100
|-enditem|p2a: Gholdengo|Air Balloon
|-anim|p1a: Dragapult|Dragon Darts|p2a: Gholdengo
|-resisted|p2a: Gholdengo
|-damage|p2a: Gholdengo|40/100
|-damage|p1a: Dragapult|91/100|[from] item: Life Orb
|move|p2a: Gholdengo|Shadow Ball|p1a: Dragapult
|-damage|p1a: Dragapult|50/100
|
|upkeep
|turn|24
|
|t:|1779574571
|move|p1a: Dragapult|Dragon Darts|p2a: Gholdengo
|-resisted|p2a: Gholdengo
|-damage|p2a: Gholdengo|12/100
|-anim|p1a: Dragapult|Dragon Darts|p2a: Gholdengo
|-resisted|p2a: Gholdengo
|-damage|p2a: Gholdengo|0 fnt
|faint|p2a: Gholdengo
|-damage|p1a: Dragapult|40/100|[from] item: Life Orb
|
|upkeep
|
|t:|1779574576
|switch|p2a: Dondozo|Dondozo, M|33/100
|-damage|p2a: Dondozo|20/100|[from] Stealth Rock
|turn|25
|
|t:|1779574581
|move|p1a: Dragapult|Dragon Darts|p2a: Dondozo
|-damage|p2a: Dondozo|0 fnt
|faint|p2a: Dondozo
|-damage|p1a: Dragapult|30/100|[from] item: Life Orb
|
|upkeep
|
|t:|1779574588
|switch|p2a: Slowking|Slowking-Galar, F, shiny|64/100
|-damage|p2a: Slowking|52/100|[from] Stealth Rock
|turn|26
|
|t:|1779574592
|move|p1a: Dragapult|Phantom Force||[still]
|-prepare|p1a: Dragapult|Phantom Force
|move|p2a: Slowking|Psyshock|p1a: Dragapult|[miss]
|-miss|p2a: Slowking|p1a: Dragapult
|
|upkeep
|turn|27
|
|t:|1779574599
|switch|p2a: Ogerpon|Ogerpon-Wellspring, F|100/100
|-damage|p2a: Ogerpon|88/100|[from] Stealth Rock
|move|p1a: Dragapult|Phantom Force|p2a: Ogerpon|[from] lockedmove
|-damage|p2a: Ogerpon|2/100
|-damage|p1a: Dragapult|21/100|[from] item: Life Orb
|
|upkeep
|turn|28
|
|t:|1779574612
|move|p1a: Dragapult|U-turn|p2a: Ogerpon
|-supereffective|p2a: Ogerpon
|-damage|p2a: Ogerpon|0 fnt
|faint|p2a: Ogerpon
|-damage|p1a: Dragapult|11/100|[from] item: Life Orb
|
|t:|1779574619
|switch|p1a: Zapdos|Zapdos|31/100|[from] U-turn
|
|upkeep
|
|t:|1779574624
|switch|p2a: Slowking|Slowking-Galar, F, shiny|85/100
|-damage|p2a: Slowking|72/100|[from] Stealth Rock
|turn|29
|
|t:|1779574634
|move|p1a: Zapdos|Thunderbolt|p2a: Slowking
|-damage|p2a: Slowking|48/100
|move|p2a: Slowking|Psyshock|p1a: Zapdos
|-damage|p1a: Zapdos|0 fnt
|faint|p1a: Zapdos
|
|upkeep
|
|t:|1779574640
|switch|p1a: Dragapult|Dragapult, F, tera:Dragon|11/100
|turn|30
|
|t:|1779574649
|-terastallize|p2a: Slowking|Water
|move|p1a: Dragapult|Dragon Darts|p2a: Slowking
|-damage|p2a: Slowking|0 fnt
|faint|p2a: Slowking
|-damage|p1a: Dragapult|1/100|[from] item: Life Orb
|
|upkeep
|
|t:|1779574654
|switch|p2a: Arcanine|Arcanine-Hisui, F, shiny|100/100
|-damage|p2a: Arcanine|76/100|[from] Stealth Rock
|turn|31
|
|t:|1779574659
|move|p1a: Dragapult|Dragon Darts|p2a: Arcanine
|-damage|p2a: Arcanine|19/100
|-anim|p1a: Dragapult|Dragon Darts|p2a: Arcanine
|-damage|p2a: Arcanine|0 fnt
|faint|p2a: Arcanine
|-damage|p1a: Dragapult|0 fnt|[from] item: Life Orb
|faint|p1a: Dragapult
|
|win|gustydust
|raw|gustydust's rating: 1169 &rarr; <strong>1193</strong><br />(+24 for winning)
|raw|masafesio's rating: 1155 &rarr; <strong>1131</strong><br />(-24 for losing)
|l|☆masafesio
|player|p2|
|c|☆gustydust|gg
