|j|☆confettiis73
|j|☆bevieiraa
|t:|1779574883
|gametype|singles
|player|p1|confettiis73|101|1021
|player|p2|bevieiraa|265|1052
|gen|9
|tier|[Gen 9] OU
|rated|
|rule|HP Percentage Mod: HP is shown in percentages
|rule|Endless Battle Clause: Forcing endless battles is banned
|rule|Species Clause: Limit one of each Pokémon
|rule|OHKO Clause: OHKO moves are banned
|rule|Evasion Items Clause: Evasion items are banned
|rule|Evasion Moves Clause: Evasion moves are banned
|rule|Evasion Abilities Clause: Evasion abilities are banned
|rule|Sleep Moves Clause: Sleep-inducing moves are banned
|clearpoke
|poke|p1|Inteleon, F|
|poke|p1|Tinkaton, F|
|poke|p1|Lilligant, F|
|poke|p1|Lokix, M|
|poke|p1|Lycanroc-Dusk, M|
|poke|p1|Gholdengo|
|poke|p2|Iron Crown|
|poke|p2|Iron Hands|
|poke|p2|Grimmsnarl, M|
|poke|p2|Great Tusk|
|poke|p2|Glimmora, M|
|poke|p2|Dragonite, M|
|teampreview
|
|t:|1779574911
|teamsize|p1|6
|teamsize|p2|6
|start
|switch|p1a: Gholdengo|Gholdengo|100/100
|switch|p2a: Dragonite|Dragonite, M|100/100
|turn|1
|
|t:|1779574916
|move|p1a: Gholdengo|Flash Cannon|p2a: Dragonite
|-damage|p2a: Dragonite|69/100
|-damage|p1a: Gholdengo|91/100|[from] item: Life Orb
|move|p2a: Dragonite|Dragon Dance|p2a: Dragonite
|-boost|p2a: Dragonite|atk|1
|-boost|p2a: Dragonite|spe|1
|
|upkeep
|turn|2
|
|t:|1779574926
|move|p2a: Dragonite|Earthquake|p1a: Gholdengo
|-supereffective|p1a: Gholdengo
|-damage|p1a: Gholdengo|0 fnt
|faint|p1a: Gholdengo
|
|upkeep
|
|t:|1779574931
|switch|p1a: Inteleon|Inteleon, F|100/100
|turn|3
|
|t:|1779574941
|move|p2a: Dragonite|Dragon Claw|p1a: Inteleon
|-damage|p1a: Inteleon|0 fnt
|faint|p1a: Inteleon
|
|upkeep
|
|t:|1779574949
|switch|p1a: Tinkaton|Tinkaton, F|100/100
|turn|4
|
|t:|1779574955
|move|p2a: Dragonite|Earthquake|p1a: Tinkaton
|-supereffective|p1a: Tinkaton
|-damage|p1a: Tinkaton|0 fnt
|faint|p1a: Tinkaton
|
|upkeep
|
|t:|1779574960
|switch|p1a: Lycanroc|Lycanroc-Dusk, M|100/100
|turn|5
|
|t:|1779574966
|move|p1a: Lycanroc|Accelerock|p2a: Dragonite
|-supereffective|p2a: Dragonite
|-damage|p2a: Dragonite|13/100
|move|p2a: Dragonite|Earthquake|p1a: Lycanroc
|-supereffective|p1a: Lycanroc
|-damage|p1a: Lycanroc|0 fnt
|faint|p1a: Lycanroc
|
|upkeep
|
|t:|1779574976
|switch|p1a: Lilligant|Lilligant, F|100/100
|turn|6
|
|t:|1779574981
|move|p2a: Dragonite|Dragon Claw|p1a: Lilligant
|-damage|p1a: Lilligant|0 fnt
|faint|p1a: Lilligant
|
|upkeep
|
|t:|1779574986
|switch|p1a: Lokix|Lokix, M|100/100
|turn|7
|
|t:|1779574991
|-terastallize|p1a: Lokix|Bug
|move|p2a: Dragonite|Dragon Claw|p1a: Lokix
|-damage|p1a: Lokix|0 fnt
|faint|p1a: Lokix
|
|win|bevieiraa
|raw|confettiis73's rating: 1021 &rarr; <strong>1009</strong><br />(-12 for losing)
|raw|bevieiraa's rating: 1052 &rarr; <strong>1081</strong><br />(+29 for winning)
|l|☆confettiis73
|player|p1|
