|badge|p2|bronze|gen9ou|100-9
|badge|p2|bronze|gen9pu|100-9
|uhtml|medal-msg|<div class="broadcast-blue">Curious what those medals under the avatar are? PS now has Ladder Seasons! For more information, check out the <a href="https://www.smogon.com/forums/threads/3740067/">thread on Smogon.</a></div>
|j|☆PiggLad
|j|☆Ceo O Wo Chien
|t:|1779605127
|gametype|singles
|player|p1|PiggLad|grimsley-gen7|1767
|player|p2|Ceo O Wo Chien|fisherman-gen4|1810
|gen|9
|tier|[Gen 9] OU
|rated|
|rule|HP Percentage Mod: HP is shown in percentages
|rule|Endless Battle Clause: Forcing endless battles is banned
|rule|Species Clause: Limit one of each Pokémon
|rule|OHKO Clause: OHKO moves are banned
|rule|Evasion Items Clause: Evasion items are banned
|rule|Evasion Moves Clause: Evasion moves are banned
|rule|Evasion Abilities Clause: Evasion abilities are banned
|rule|Sleep Moves Clause: Sleep-inducing moves are banned
|clearpoke
|poke|p1|Tyranitar, M|
|poke|p1|Hydrapple, M|
|poke|p1|Enamorus, F|
|poke|p1|Garganacl, F|
|poke|p1|Excadrill, M|
|poke|p1|Alomomola, F|
|poke|p2|Wo-Chien|
|poke|p2|Cresselia, F|
|poke|p2|Kingambit, M|
|poke|p2|Raging Bolt|
|poke|p2|Iron Treads|
|poke|p2|Ogerpon-Wellspring, F|
|teampreview
|inactive|Battle timer is ON: inactive players will automatically lose when time's up. (requested by Ceo O Wo Chien)
|
|t:|1779605143
|teamsize|p1|6
|teamsize|p2|6
|start
|switch|p1a: Let The Goons Out|Hydrapple, M, shiny|100/100
|switch|p2a: Escargoat|Wo-Chien|100/100
|-ability|p2a: Escargoat|Tablets of Ruin
|turn|1
|
|t:|1779605153
|switch|p2a: Cresselia|Cresselia, F|100/100
|switch|p1a: Jevils To This|Garganacl, F, shiny|100/100
|
|upkeep
|turn|2
|
|t:|1779605158
|switch|p2a: Escargoat|Wo-Chien|100/100
|-ability|p2a: Escargoat|Tablets of Ruin
|move|p1a: Jevils To This|Stealth Rock|p2a: Escargoat
|-sidestart|p2: Ceo O Wo Chien|move: Stealth Rock
|
|upkeep
|turn|3
|
|t:|1779605162
|move|p2a: Escargoat|Leech Seed|p1a: Jevils To This
|-start|p1a: Jevils To This|move: Leech Seed
|move|p1a: Jevils To This|Salt Cure|p2a: Escargoat
|-damage|p2a: Escargoat|92/100
|-start|p2a: Escargoat|Salt Cure
|
|-heal|p2a: Escargoat|99/100|[from] item: Leftovers
|-damage|p1a: Jevils To This|88/100|[from] Leech Seed|[of] p2a: Escargoat
|-heal|p2a: Escargoat|100/100|[silent]
|-damage|p2a: Escargoat|88/100|[from] Salt Cure
|upkeep
|turn|4
|j| nepturee
|
|t:|1779605166
|switch|p2a: Iron Treads|Iron Treads|100/100
|-damage|p2a: Iron Treads|97/100|[from] Stealth Rock
|switch|p1a: Let The Goons Out|Hydrapple, M, shiny|100/100
|
|-heal|p2a: Iron Treads|100/100|[from] item: Leftovers
|upkeep
|turn|5
|
|t:|1779605171
|move|p2a: Iron Treads|Rapid Spin|p1a: Let The Goons Out
|-damage|p1a: Let The Goons Out|93/100
|-boost|p2a: Iron Treads|spe|1
|-damage|p2a: Iron Treads|84/100|[from] item: Rocky Helmet|[of] p1a: Let The Goons Out
|-sideend|p2: Ceo O Wo Chien|Stealth Rock|[from] move: Rapid Spin|[of] p2a: Iron Treads
|move|p1a: Let The Goons Out|Giga Drain|p2a: Iron Treads
|-damage|p2a: Iron Treads|53/100
|-heal|p1a: Let The Goons Out|100/100|[from] drain|[of] p2a: Iron Treads
|
|-heal|p2a: Iron Treads|59/100|[from] item: Leftovers
|upkeep
|turn|6
|
|t:|1779605174
|move|p2a: Iron Treads|Stealth Rock|p1a: Let The Goons Out
|-sidestart|p1: PiggLad|move: Stealth Rock
|move|p1a: Let The Goons Out|Earth Power|p2a: Iron Treads
|-supereffective|p2a: Iron Treads
|-damage|p2a: Iron Treads|7/100
|
|-heal|p2a: Iron Treads|14/100|[from] item: Leftovers
|upkeep
|turn|7
|
|t:|1779605176
|-end|p2a: Iron Treads|Quark Drive|[silent]
|switch|p2a: Cresselia|Cresselia, F|100/100
|move|p1a: Let The Goons Out|Giga Drain|p2a: Cresselia
|-damage|p2a: Cresselia|79/100
|
|upkeep
|turn|8
|
|t:|1779605184
|switch|p2a: Kingambit|Kingambit, M|100/100
|switch|p1a: Jevils To This|Garganacl, F, shiny|88/100
|-damage|p1a: Jevils To This|76/100|[from] Stealth Rock
|
|-heal|p1a: Jevils To This|82/100|[from] item: Leftovers
|upkeep
|turn|9
|
|t:|1779605188
|move|p2a: Kingambit|Iron Head|p1a: Jevils To This
|-supereffective|p1a: Jevils To This
|-damage|p1a: Jevils To This|22/100
|move|p1a: Jevils To This|Salt Cure|p2a: Kingambit
|-resisted|p2a: Kingambit
|-damage|p2a: Kingambit|95/100
|-start|p2a: Kingambit|Salt Cure
|
|-heal|p1a: Jevils To This|29/100|[from] item: Leftovers
|-damage|p2a: Kingambit|70/100|[from] Salt Cure
|upkeep
|turn|10
|
|t:|1779605190
|move|p1a: Jevils To This|Protect|p1a: Jevils To This
|-singleturn|p1a: Jevils To This|Protect
|move|p2a: Kingambit|Swords Dance|p2a: Kingambit
|-boost|p2a: Kingambit|atk|2
|
|-heal|p1a: Jevils To This|35/100|[from] item: Leftovers
|-damage|p2a: Kingambit|45/100|[from] Salt Cure
|upkeep
|turn|11
|
|t:|1779605196
|switch|p1a: Let The Goons Out|Hydrapple, M, shiny|100/100
|-damage|p1a: Let The Goons Out|88/100|[from] Stealth Rock
|move|p2a: Kingambit|Kowtow Cleave|p1a: Let The Goons Out
|-damage|p1a: Let The Goons Out|16/100
|-damage|p2a: Kingambit|29/100|[from] item: Rocky Helmet|[of] p1a: Let The Goons Out
|
|-damage|p2a: Kingambit|4/100|[from] Salt Cure
|upkeep
|turn|12
|
|t:|1779605201
|switch|p1a: Alo Cortisol|Alomomola, F|100/100
|-damage|p1a: Alo Cortisol|88/100|[from] Stealth Rock
|move|p2a: Kingambit|Kowtow Cleave|p1a: Alo Cortisol
|-damage|p1a: Alo Cortisol|3/100
|
|-damage|p2a: Kingambit|0 fnt|[from] Salt Cure
|faint|p2a: Kingambit
|-end|p2a: Kingambit|fallenundefined|[silent]
|upkeep
|
|t:|1779605204
|switch|p2a: Ogerpon|Ogerpon-Wellspring, F|100/100
|turn|13
|
|t:|1779605212
|move|p2a: Ogerpon|Trailblaze|p1a: Alo Cortisol
|-supereffective|p1a: Alo Cortisol
|-crit|p1a: Alo Cortisol
|-damage|p1a: Alo Cortisol|0 fnt
|-boost|p2a: Ogerpon|spe|1
|faint|p1a: Alo Cortisol
|
|upkeep
|inactive|PiggLad has 120 seconds left.
|j| Kakimori
|
|t:|1779605248
|switch|p1a: Let The Goons Out|Hydrapple, M, shiny|49/100
|-damage|p1a: Let The Goons Out|37/100|[from] Stealth Rock
|turn|14
|
|t:|1779605251
|-terastallize|p1a: Let The Goons Out|Poison
|move|p2a: Ogerpon|Swords Dance|p2a: Ogerpon
|-boost|p2a: Ogerpon|atk|2
|move|p1a: Let The Goons Out|Giga Drain|p2a: Ogerpon
|-crit|p2a: Ogerpon
|-damage|p2a: Ogerpon|58/100
|-heal|p1a: Let The Goons Out|55/100|[from] drain|[of] p2a: Ogerpon
|
|upkeep
|turn|15
|
|t:|1779605261
|switch|p1a: WhoBEdginTheyStone|Tyranitar, M|100/100
|-damage|p1a: WhoBEdginTheyStone|88/100|[from] Stealth Rock
|-weather|Sandstorm|[from] ability: Sand Stream|[of] p1a: WhoBEdginTheyStone
|move|p2a: Ogerpon|Ivy Cudgel|p1a: WhoBEdginTheyStone|[anim] Ivy Cudgel Water
|-supereffective|p1a: WhoBEdginTheyStone
|-crit|p1a: WhoBEdginTheyStone
|-damage|p1a: WhoBEdginTheyStone|0 fnt
|faint|p1a: WhoBEdginTheyStone
|
|-weather|Sandstorm|[upkeep]
|-damage|p2a: Ogerpon|52/100|[from] Sandstorm
|upkeep
|
|t:|1779605267
|switch|p1a: ExGon'SpinIntoYa|Excadrill, M|100/100
|-damage|p1a: ExGon'SpinIntoYa|97/100|[from] Stealth Rock
|turn|16
|
|t:|1779605271
|move|p1a: ExGon'SpinIntoYa|Substitute|p1a: ExGon'SpinIntoYa
|-start|p1a: ExGon'SpinIntoYa|Substitute
|-damage|p1a: ExGon'SpinIntoYa|73/100
|move|p2a: Ogerpon|Synthesis|p2a: Ogerpon
|-heal|p2a: Ogerpon|77/100
|
|-weather|Sandstorm|[upkeep]
|-damage|p2a: Ogerpon|71/100|[from] Sandstorm
|-heal|p1a: ExGon'SpinIntoYa|79/100|[from] item: Leftovers
|upkeep
|turn|17
|
|t:|1779605276
|move|p1a: ExGon'SpinIntoYa|Rock Slide|p2a: Ogerpon
|-damage|p2a: Ogerpon|46/100
|move|p2a: Ogerpon|Trailblaze|p1a: ExGon'SpinIntoYa
|-crit|p1a: ExGon'SpinIntoYa
|-end|p1a: ExGon'SpinIntoYa|Substitute
|-boost|p2a: Ogerpon|spe|1
|
|-weather|Sandstorm|[upkeep]
|-damage|p2a: Ogerpon|40/100|[from] Sandstorm
|-heal|p1a: ExGon'SpinIntoYa|85/100|[from] item: Leftovers
|upkeep
|turn|18
|
|t:|1779605285
|move|p2a: Ogerpon|Ivy Cudgel|p1a: ExGon'SpinIntoYa|[anim] Ivy Cudgel Water
|-supereffective|p1a: ExGon'SpinIntoYa
|-damage|p1a: ExGon'SpinIntoYa|0 fnt
|faint|p1a: ExGon'SpinIntoYa
|
|-weather|Sandstorm|[upkeep]
|-damage|p2a: Ogerpon|34/100|[from] Sandstorm
|upkeep
|-message|PiggLad forfeited.
|
|win|Ceo O Wo Chien
|raw|PiggLad's rating: 1767 &rarr; <strong>1749</strong><br />(-18 for losing)
|raw|Ceo O Wo Chien's rating: 1810 &rarr; <strong>1828</strong><br />(+18 for winning)
|l|☆PiggLad
|player|p1|
|l| nepturee
|l| Kakimori
