|j|‽swaVyy
|j|☆thehalfbr33d
|t:|1779624142
|gametype|singles
|player|p1|swaVyy|infielder|1151
|player|p2|thehalfbr33d|bellelba|1213
|gen|9
|tier|[Gen 9] OU
|rated|
|rule|HP Percentage Mod: HP is shown in percentages
|rule|Endless Battle Clause: Forcing endless battles is banned
|rule|Species Clause: Limit one of each Pokémon
|rule|OHKO Clause: OHKO moves are banned
|rule|Evasion Items Clause: Evasion items are banned
|rule|Evasion Moves Clause: Evasion moves are banned
|rule|Evasion Abilities Clause: Evasion abilities are banned
|rule|Sleep Moves Clause: Sleep-inducing moves are banned
|clearpoke
|poke|p1|Garganacl, F|
|poke|p1|Klefki, F|
|poke|p1|Dragonite, M|
|poke|p1|Deoxys-Speed|
|poke|p1|Glimmora, M|
|poke|p1|Araquanid, F|
|poke|p2|Pecharunt|
|poke|p2|Slowking-Galar, F|
|poke|p2|Revavroom, M|
|poke|p2|Muk-Alola, F|
|poke|p2|Gliscor, F|
|poke|p2|Tentacruel, F|
|teampreview
|inactive|Battle timer is ON: inactive players will automatically lose when time's up. (requested by swaVyy)
|inactive|thehalfbr33d also wants the timer to be on.
|
|t:|1779624162
|teamsize|p1|6
|teamsize|p2|6
|start
|switch|p1a: Glimmora|Glimmora, M|100/100
|switch|p2a: Gliscor|Gliscor, F|100/100
|turn|1
|
|t:|1779624172
|move|p1a: Glimmora|Power Gem|p2a: Gliscor
|-damage|p2a: Gliscor|54/100
|move|p2a: Gliscor|Stealth Rock|p1a: Glimmora
|-sidestart|p1: swaVyy|move: Stealth Rock
|
|-status|p2a: Gliscor|tox|[from] item: Toxic Orb
|upkeep
|turn|2
|
|t:|1779624179
|move|p2a: Gliscor|Protect|p2a: Gliscor
|-singleturn|p2a: Gliscor|Protect
|move|p1a: Glimmora|Stealth Rock|p2a: Gliscor
|-sidestart|p2: thehalfbr33d|move: Stealth Rock
|
|-heal|p2a: Gliscor|67/100 tox|[from] ability: Poison Heal
|upkeep
|turn|3
|
|t:|1779624187
|move|p1a: Glimmora|Power Gem|p2a: Gliscor
|-damage|p2a: Gliscor|17/100 tox
|move|p2a: Gliscor|Spikes|p1a: Glimmora
|-sidestart|p1: swaVyy|Spikes
|
|-heal|p2a: Gliscor|30/100 tox|[from] ability: Poison Heal
|upkeep
|turn|4
|
|t:|1779624195
|move|p2a: Gliscor|Protect|p2a: Gliscor
|-singleturn|p2a: Gliscor|Protect
|move|p1a: Glimmora|Power Gem|p2a: Gliscor
|-activate|p2a: Gliscor|move: Protect
|
|-heal|p2a: Gliscor|42/100 tox|[from] ability: Poison Heal
|upkeep
|turn|5
|
|t:|1779624206
|switch|p2a: Tentacruel|Tentacruel, F, shiny|100/100
|move|p1a: Glimmora|Power Gem|p2a: Tentacruel
|-damage|p2a: Tentacruel|60/100
|
|upkeep
|turn|6
|
|t:|1779624216
|switch|p1a: Klefki|Klefki, F|100/100
|-damage|p1a: Klefki|94/100|[from] Stealth Rock
|-damage|p1a: Klefki|82/100|[from] Spikes
|move|p2a: Tentacruel|Rapid Spin|p1a: Klefki
|-resisted|p1a: Klefki
|-damage|p1a: Klefki|77/100
|-boost|p2a: Tentacruel|spe|1
|-sideend|p2: thehalfbr33d|Stealth Rock|[from] move: Rapid Spin|[of] p2a: Tentacruel
|
|upkeep
|turn|7
|
|t:|1779624229
|move|p1a: Klefki|Thunder Wave|p2a: Tentacruel
|-status|p2a: Tentacruel|par
|cant|p2a: Tentacruel|par
|
|upkeep
|turn|8
|
|t:|1779624242
|move|p1a: Klefki|Reflect|p1a: Klefki
|-sidestart|p1: swaVyy|Reflect
|move|p2a: Tentacruel|Flip Turn|p1a: Klefki
|-damage|p1a: Klefki|67/100
|
|t:|1779624249
|switch|p2a: Gliscor|Gliscor, F|42/100 tox|[from] Flip Turn
|
|-heal|p2a: Gliscor|55/100 tox|[from] ability: Poison Heal
|upkeep
|turn|9
|
|t:|1779624261
|move|p1a: Klefki|Steel Beam|p2a: Gliscor
|-damage|p2a: Gliscor|0 fnt
|-damage|p1a: Klefki|17/100|[from] steelbeam
|faint|p2a: Gliscor
|
|upkeep
|
|t:|1779624275
|switch|p2a: Tentacruel|Tentacruel, F, shiny|60/100 par
|turn|10
|
|t:|1779624286
|move|p1a: Klefki|Steel Beam|p2a: Tentacruel
|-resisted|p2a: Tentacruel
|-damage|p2a: Tentacruel|34/100 par
|-damage|p1a: Klefki|0 fnt|[from] steelbeam
|faint|p1a: Klefki
|move|p2a: Tentacruel|Surf|p1: Klefki|[notarget]
|-fail|p2a: Tentacruel
|
|upkeep
|
|t:|1779624296
|switch|p1a: Deoxys|Deoxys-Speed|100/100
|-damage|p1a: Deoxys|88/100|[from] Stealth Rock
|-damage|p1a: Deoxys|76/100|[from] Spikes
|-ability|p1a: Deoxys|Pressure
|turn|11
|
|t:|1779624307
|switch|p1a: Garganacl|Garganacl, F|100/100
|-damage|p1a: Garganacl|88/100|[from] Stealth Rock
|-damage|p1a: Garganacl|76/100|[from] Spikes
|switch|p2a: Muk|Muk-Alola, F, shiny|100/100
|
|-heal|p1a: Garganacl|82/100|[from] item: Leftovers
|upkeep
|turn|12
|
|t:|1779624318
|move|p2a: Muk|Knock Off|p1a: Garganacl
|-damage|p1a: Garganacl|67/100
|-enditem|p1a: Garganacl|Leftovers|[from] move: Knock Off|[of] p2a: Muk
|move|p1a: Garganacl|Salt Cure|p2a: Muk
|-damage|p2a: Muk|87/100
|-start|p2a: Muk|Salt Cure
|
|-heal|p2a: Muk|93/100|[from] item: Leftovers
|-damage|p2a: Muk|80/100|[from] Salt Cure
|-sideend|p1: swaVyy|Reflect
|upkeep
|turn|13
|
|t:|1779624330
|move|p2a: Muk|Drain Punch|p1a: Garganacl
|-supereffective|p1a: Garganacl
|-damage|p1a: Garganacl|38/100
|-heal|p2a: Muk|93/100|[from] drain|[of] p1a: Garganacl
|move|p1a: Garganacl|Iron Defense|p1a: Garganacl
|-boost|p1a: Garganacl|def|2
|
|-heal|p2a: Muk|99/100|[from] item: Leftovers
|-damage|p2a: Muk|86/100|[from] Salt Cure
|upkeep
|turn|14
|
|t:|1779624343
|move|p2a: Muk|Drain Punch|p1a: Garganacl
|-supereffective|p1a: Garganacl
|-damage|p1a: Garganacl|23/100
|-heal|p2a: Muk|93/100|[from] drain|[of] p1a: Garganacl
|move|p1a: Garganacl|Recover|p1a: Garganacl
|-heal|p1a: Garganacl|73/100
|
|-heal|p2a: Muk|99/100|[from] item: Leftovers
|-damage|p2a: Muk|86/100|[from] Salt Cure
|upkeep
|turn|15
|
|t:|1779624354
|move|p2a: Muk|Haze|p2a: Muk
|-clearallboost
|move|p1a: Garganacl|Iron Defense|p1a: Garganacl
|-boost|p1a: Garganacl|def|2
|
|-heal|p2a: Muk|92/100|[from] item: Leftovers
|-damage|p2a: Muk|80/100|[from] Salt Cure
|upkeep
|turn|16
|
|t:|1779624371
|move|p2a: Muk|Drain Punch|p1a: Garganacl
|-supereffective|p1a: Garganacl
|-damage|p1a: Garganacl|59/100
|-heal|p2a: Muk|86/100|[from] drain|[of] p1a: Garganacl
|move|p1a: Garganacl|Body Press|p2a: Muk
|-damage|p2a: Muk|33/100
|
|-heal|p2a: Muk|39/100|[from] item: Leftovers
|-damage|p2a: Muk|27/100|[from] Salt Cure
|upkeep
|turn|17
|
|t:|1779624386
|switch|p2a: Revavroom|Revavroom, M|100/100
|move|p1a: Garganacl|Recover|p1a: Garganacl
|-heal|p1a: Garganacl|100/100
|
|upkeep
|turn|18
|
|t:|1779624396
|move|p2a: Revavroom|Iron Head|p1a: Garganacl
|-supereffective|p1a: Garganacl
|-damage|p1a: Garganacl|70/100
|move|p1a: Garganacl|Salt Cure|p2a: Revavroom
|-resisted|p2a: Revavroom
|-damage|p2a: Revavroom|94/100
|-start|p2a: Revavroom|Salt Cure
|
|-heal|p2a: Revavroom|99/100|[from] item: Leftovers
|-damage|p2a: Revavroom|75/100|[from] Salt Cure
|upkeep
|turn|19
|
|t:|1779624406
|move|p2a: Revavroom|Iron Head|p1a: Garganacl
|-supereffective|p1a: Garganacl
|-damage|p1a: Garganacl|40/100
|move|p1a: Garganacl|Iron Defense|p1a: Garganacl
|-boost|p1a: Garganacl|def|2
|
|-heal|p2a: Revavroom|81/100|[from] item: Leftovers
|-damage|p2a: Revavroom|56/100|[from] Salt Cure
|upkeep
|turn|20
|
|t:|1779624420
|switch|p2a: Muk|Muk-Alola, F, shiny|27/100
|move|p1a: Garganacl|Recover|p1a: Garganacl
|-heal|p1a: Garganacl|90/100
|
|-heal|p2a: Muk|33/100|[from] item: Leftovers
|upkeep
|turn|21
|
|t:|1779624428
|move|p2a: Muk|Haze|p2a: Muk
|-clearallboost
|move|p1a: Garganacl|Salt Cure|p2a: Muk
|-damage|p2a: Muk|20/100
|-start|p2a: Muk|Salt Cure
|
|-heal|p2a: Muk|26/100|[from] item: Leftovers
|-damage|p2a: Muk|14/100|[from] Salt Cure
|upkeep
|turn|22
|
|t:|1779624439
|switch|p2a: Tentacruel|Tentacruel, F, shiny|34/100 par
|switch|p1a: Glimmora|Glimmora, M|100/100
|-damage|p1a: Glimmora|88/100|[from] Stealth Rock
|-damage|p1a: Glimmora|76/100|[from] Spikes
|
|upkeep
|turn|23
|
|t:|1779624454
|switch|p2a: Slowking|Slowking-Galar, F, shiny|100/100
|-item|p2a: Slowking|Air Balloon
|move|p1a: Glimmora|Power Gem|p2a: Slowking
|-damage|p2a: Slowking|74/100
|-enditem|p2a: Slowking|Air Balloon
|
|upkeep
|turn|24
|
|t:|1779624467
|move|p1a: Glimmora|Earth Power|p2a: Slowking
|-supereffective|p2a: Slowking
|-damage|p2a: Slowking|33/100
|move|p2a: Slowking|Future Sight|p1a: Glimmora
|-start|p2a: Slowking|move: Future Sight
|
|upkeep
|turn|25
|
|t:|1779624475
|move|p1a: Glimmora|Earth Power|p2a: Slowking
|-supereffective|p2a: Slowking
|-damage|p2a: Slowking|0 fnt
|faint|p2a: Slowking
|
|upkeep
|
|t:|1779624490
|switch|p2a: Muk|Muk-Alola, F, shiny|14/100
|turn|26
|
|t:|1779624499
|switch|p2a: Tentacruel|Tentacruel, F, shiny|34/100 par
|move|p1a: Glimmora|Stealth Rock|p2a: Tentacruel
|-sidestart|p2: thehalfbr33d|move: Stealth Rock
|
|-end|p1a: Glimmora|move: Future Sight
|-supereffective|p1a: Glimmora
|-crit|p1a: Glimmora
|-damage|p1a: Glimmora|0 fnt
|faint|p1a: Glimmora
|upkeep
|
|t:|1779624515
|switch|p1a: Deoxys|Deoxys-Speed|76/100
|-damage|p1a: Deoxys|63/100|[from] Stealth Rock
|-damage|p1a: Deoxys|51/100|[from] Spikes
|-ability|p1a: Deoxys|Pressure
|turn|27
|
|t:|1779624524
|switch|p2a: Muk|Muk-Alola, F, shiny|14/100
|-damage|p2a: Muk|2/100|[from] Stealth Rock
|move|p1a: Deoxys|Cosmic Power|p1a: Deoxys
|-boost|p1a: Deoxys|def|1
|-boost|p1a: Deoxys|spd|1
|
|-heal|p1a: Deoxys|57/100|[from] item: Leftovers
|-heal|p2a: Muk|8/100|[from] item: Leftovers
|upkeep
|turn|28
|
|t:|1779624536
|switch|p1a: Garganacl|Garganacl, F|90/100
|-damage|p1a: Garganacl|77/100|[from] Stealth Rock
|-damage|p1a: Garganacl|65/100|[from] Spikes
|move|p2a: Muk|Shadow Sneak|p1a: Garganacl
|-damage|p1a: Garganacl|61/100
|
|-heal|p2a: Muk|14/100|[from] item: Leftovers
|upkeep
|turn|29
|
|t:|1779624549
|move|p2a: Muk|Drain Punch|p1a: Garganacl
|-supereffective|p1a: Garganacl
|-damage|p1a: Garganacl|34/100
|-heal|p2a: Muk|25/100|[from] drain|[of] p1a: Garganacl
|move|p1a: Garganacl|Recover|p1a: Garganacl
|-heal|p1a: Garganacl|84/100
|
|-heal|p2a: Muk|31/100|[from] item: Leftovers
|upkeep
|turn|30
|
|t:|1779624559
|move|p2a: Muk|Drain Punch|p1a: Garganacl
|-supereffective|p1a: Garganacl
|-damage|p1a: Garganacl|57/100
|-heal|p2a: Muk|42/100|[from] drain|[of] p1a: Garganacl
|move|p1a: Garganacl|Iron Defense|p1a: Garganacl
|-boost|p1a: Garganacl|def|2
|
|-heal|p2a: Muk|48/100|[from] item: Leftovers
|upkeep
|turn|31
|
|t:|1779624570
|move|p2a: Muk|Haze|p2a: Muk
|-clearallboost
|move|p1a: Garganacl|Recover|p1a: Garganacl
|-heal|p1a: Garganacl|100/100
|
|-heal|p2a: Muk|54/100|[from] item: Leftovers
|upkeep
|turn|32
|
|t:|1779624578
|move|p2a: Muk|Drain Punch|p1a: Garganacl
|-supereffective|p1a: Garganacl
|-damage|p1a: Garganacl|70/100
|-heal|p2a: Muk|67/100|[from] drain|[of] p1a: Garganacl
|move|p1a: Garganacl|Salt Cure|p2a: Muk
|-damage|p2a: Muk|54/100
|-start|p2a: Muk|Salt Cure
|
|-heal|p2a: Muk|60/100|[from] item: Leftovers
|-damage|p2a: Muk|48/100|[from] Salt Cure
|upkeep
|turn|33
|
|t:|1779624589
|move|p2a: Muk|Drain Punch|p1a: Garganacl
|-supereffective|p1a: Garganacl
|-crit|p1a: Garganacl
|-damage|p1a: Garganacl|28/100
|-heal|p2a: Muk|65/100|[from] drain|[of] p1a: Garganacl
|move|p1a: Garganacl|Recover|p1a: Garganacl
|-heal|p1a: Garganacl|78/100
|
|-heal|p2a: Muk|71/100|[from] item: Leftovers
|-damage|p2a: Muk|58/100|[from] Salt Cure
|upkeep
|turn|34
|
|t:|1779624601
|move|p2a: Muk|Drain Punch|p1a: Garganacl
|-supereffective|p1a: Garganacl
|-damage|p1a: Garganacl|52/100
|-heal|p2a: Muk|69/100|[from] drain|[of] p1a: Garganacl
|move|p1a: Garganacl|Iron Defense|p1a: Garganacl
|-boost|p1a: Garganacl|def|2
|
|-heal|p2a: Muk|75/100|[from] item: Leftovers
|-damage|p2a: Muk|63/100|[from] Salt Cure
|upkeep
|turn|35
|
|t:|1779624611
|move|p2a: Muk|Haze|p2a: Muk
|-clearallboost
|move|p1a: Garganacl|Recover|p1a: Garganacl
|-heal|p1a: Garganacl|100/100
|
|-heal|p2a: Muk|69/100|[from] item: Leftovers
|-damage|p2a: Muk|57/100|[from] Salt Cure
|upkeep
|turn|36
|
|t:|1779624625
|-terastallize|p1a: Garganacl|Water
|move|p2a: Muk|Drain Punch|p1a: Garganacl
|-crit|p1a: Garganacl
|-damage|p1a: Garganacl|80/100
|-heal|p2a: Muk|65/100|[from] drain|[of] p1a: Garganacl
|move|p1a: Garganacl|Iron Defense|p1a: Garganacl
|-boost|p1a: Garganacl|def|2
|
|-heal|p2a: Muk|71/100|[from] item: Leftovers
|-damage|p2a: Muk|59/100|[from] Salt Cure
|upkeep
|turn|37
|
|t:|1779624642
|move|p2a: Muk|Haze|p2a: Muk
|-clearallboost
|move|p1a: Garganacl|Iron Defense|p1a: Garganacl
|-boost|p1a: Garganacl|def|2
|
|-heal|p2a: Muk|65/100|[from] item: Leftovers
|-damage|p2a: Muk|53/100|[from] Salt Cure
|upkeep
|turn|38
|
|t:|1779624654
|switch|p2a: Tentacruel|Tentacruel, F, shiny|34/100 par
|move|p1a: Garganacl|Body Press|p2a: Tentacruel
|-resisted|p2a: Tentacruel
|-damage|p2a: Tentacruel|0 fnt
|faint|p2a: Tentacruel
|
|upkeep
|
|t:|1779624664
|switch|p2a: Muk|Muk-Alola, F, shiny|53/100
|-damage|p2a: Muk|40/100|[from] Stealth Rock
|turn|39
|
|t:|1779624669
|move|p2a: Muk|Haze|p2a: Muk
|-clearallboost
|move|p1a: Garganacl|Salt Cure|p2a: Muk
|-damage|p2a: Muk|27/100
|-start|p2a: Muk|Salt Cure
|
|-heal|p2a: Muk|33/100|[from] item: Leftovers
|-damage|p2a: Muk|20/100|[from] Salt Cure
|upkeep
|turn|40
|
|t:|1779624679
|move|p2a: Muk|Drain Punch|p1a: Garganacl
|-damage|p1a: Garganacl|66/100
|-heal|p2a: Muk|26/100|[from] drain|[of] p1a: Garganacl
|move|p1a: Garganacl|Iron Defense|p1a: Garganacl
|-boost|p1a: Garganacl|def|2
|
|-heal|p2a: Muk|32/100|[from] item: Leftovers
|-damage|p2a: Muk|20/100|[from] Salt Cure
|upkeep
|turn|41
|
|t:|1779624693
|switch|p2a: Revavroom|Revavroom, M|56/100
|-damage|p2a: Revavroom|50/100|[from] Stealth Rock
|move|p1a: Garganacl|Recover|p1a: Garganacl
|-heal|p1a: Garganacl|100/100
|
|-heal|p2a: Revavroom|56/100|[from] item: Leftovers
|upkeep
|turn|42
|
|t:|1779624704
|move|p2a: Revavroom|Gunk Shot|p1a: Garganacl
|-damage|p1a: Garganacl|78/100
|move|p1a: Garganacl|Salt Cure|p2a: Revavroom
|-resisted|p2a: Revavroom
|-damage|p2a: Revavroom|49/100
|-start|p2a: Revavroom|Salt Cure
|
|-heal|p2a: Revavroom|55/100|[from] item: Leftovers
|-damage|p2a: Revavroom|30/100|[from] Salt Cure
|upkeep
|turn|43
|
|t:|1779624718
|move|p2a: Revavroom|Shift Gear|p2a: Revavroom
|-boost|p2a: Revavroom|spe|2
|-boost|p2a: Revavroom|atk|1
|move|p1a: Garganacl|Body Press|p2a: Revavroom
|-crit|p2a: Revavroom
|-damage|p2a: Revavroom|0 fnt
|faint|p2a: Revavroom
|
|upkeep
|
|t:|1779624729
|switch|p2a: Pecharunt|Pecharunt|100/100
|-damage|p2a: Pecharunt|88/100|[from] Stealth Rock
|turn|44
|
|t:|1779624733
|move|p2a: Pecharunt|Malignant Chain|p1a: Garganacl
|-damage|p1a: Garganacl|43/100
|move|p1a: Garganacl|Salt Cure|p2a: Pecharunt
|-damage|p2a: Pecharunt|80/100
|-start|p2a: Pecharunt|Salt Cure
|
|-damage|p2a: Pecharunt|67/100|[from] Salt Cure
|upkeep
|turn|45
|
|t:|1779624742
|move|p2a: Pecharunt|Malignant Chain|p1a: Garganacl
|-crit|p1a: Garganacl
|-damage|p1a: Garganacl|0 fnt
|faint|p1a: Garganacl
|
|-damage|p2a: Pecharunt|55/100|[from] Salt Cure
|upkeep
|
|t:|1779624750
|switch|p1a: Dragonite|Dragonite, M|100/100
|turn|46
|
|t:|1779624756
|move|p1a: Dragonite|Earthquake|p2a: Pecharunt
|-supereffective|p2a: Pecharunt
|-damage|p2a: Pecharunt|10/100
|move|p2a: Pecharunt|Malignant Chain|p1a: Dragonite
|-damage|p1a: Dragonite|79/100
|
|-damage|p2a: Pecharunt|0 fnt|[from] Salt Cure
|faint|p2a: Pecharunt
|upkeep
|-message|thehalfbr33d forfeited.
|
|win|swaVyy
|raw|swaVyy's rating: 1151 &rarr; <strong>1180</strong><br />(+29 for winning)
|raw|thehalfbr33d's rating: 1213 &rarr; <strong>1184</strong><br />(-29 for losing)
|l|☆thehalfbr33d
|player|p2|
