|j|☆Pig Perfect
|j|☆fakemanyuh
|t:|1779571347
|gametype|singles
|player|p1|Pig Perfect|workerice|1377
|player|p2|fakemanyuh|266|1343
|gen|9
|tier|[Gen 9] OU
|rated|
|rule|HP Percentage Mod: HP is shown in percentages
|rule|Endless Battle Clause: Forcing endless battles is banned
|rule|Species Clause: Limit one of each Pokémon
|rule|OHKO Clause: OHKO moves are banned
|rule|Evasion Items Clause: Evasion items are banned
|rule|Evasion Moves Clause: Evasion moves are banned
|rule|Evasion Abilities Clause: Evasion abilities are banned
|rule|Sleep Moves Clause: Sleep-inducing moves are banned
|clearpoke
|poke|p1|Iron Leaves|
|poke|p1|Iron Treads|
|poke|p1|Kingambit, F|
|poke|p1|Pawmot, F|
|poke|p1|Pincurchin, M|
|poke|p1|Raging Bolt|
|poke|p2|Dragapult, M|
|poke|p2|Rotom-Wash|
|poke|p2|Zamazenta-*|
|poke|p2|Corviknight, F|
|poke|p2|Landorus-Therian, M|
|poke|p2|Tyranitar, F|
|teampreview
|
|t:|1779571380
|teamsize|p1|6
|teamsize|p2|6
|start
|switch|p1a: Sew What?|Pincurchin, M|100/100
|switch|p2a: Landorus|Landorus-Therian, M|100/100
|-ability|p2a: Landorus|Intimidate|boost
|-unboost|p1a: Sew What?|atk|1
|-fieldstart|move: Electric Terrain|[from] ability: Electric Surge|[of] p1a: Sew What?
|turn|1
|
|t:|1779571403
|move|p2a: Landorus|Earthquake|p1a: Sew What?
|-supereffective|p1a: Sew What?
|-damage|p1a: Sew What?|2/100
|move|p1a: Sew What?|Scald|p2a: Landorus
|-supereffective|p2a: Landorus
|-damage|p2a: Landorus|51/100
|-status|p2a: Landorus|brn
|
|-damage|p2a: Landorus|45/100 brn|[from] brn
|upkeep
|turn|2
|
|t:|1779571412
|switch|p1a: Iron Trunk|Iron Treads|100/100
|-item|p1a: Iron Trunk|Air Balloon
|-activate|p1a: Iron Trunk|ability: Quark Drive
|-start|p1a: Iron Trunk|quarkdrivespe
|move|p2a: Landorus|Earthquake|p1a: Iron Trunk
|-immune|p1a: Iron Trunk
|
|-damage|p2a: Landorus|39/100 brn|[from] brn
|upkeep
|turn|3
|
|t:|1779571449
|switch|p2a: Corviknight|Corviknight, F|100/100
|-ability|p2a: Corviknight|Pressure
|move|p1a: Iron Trunk|Steel Beam|p2a: Corviknight
|-resisted|p2a: Corviknight
|-damage|p2a: Corviknight|76/100
|-damage|p1a: Iron Trunk|50/100|[from] steelbeam
|
|upkeep
|turn|4
|
|t:|1779571462
|-end|p1a: Iron Trunk|Quark Drive|[silent]
|switch|p1a: Peak-Chu|Pawmot, F|100/100
|move|p2a: Corviknight|Body Press|p1a: Peak-Chu
|-damage|p1a: Peak-Chu|60/100
|
|upkeep
|turn|5
|
|t:|1779571472
|switch|p2a: Tyranitar|Tyranitar, F|100/100
|-weather|Sandstorm|[from] ability: Sand Stream|[of] p2a: Tyranitar
|move|p1a: Peak-Chu|Double Shock|p2a: Tyranitar
|-damage|p2a: Tyranitar|43/100
|-start|p1a: Peak-Chu|typechange|???/Fighting|[from] move: Double Shock
|
|-weather|Sandstorm|[upkeep]
|-damage|p1a: Peak-Chu|53/100|[from] Sandstorm
|upkeep
|turn|6
|
|t:|1779571501
|switch|p2a: Rotom|Rotom-Wash|100/100
|move|p1a: Peak-Chu|Ice Punch|p2a: Rotom
|-resisted|p2a: Rotom
|-crit|p2a: Rotom
|-damage|p2a: Rotom|78/100
|
|-weather|Sandstorm|[upkeep]
|-damage|p1a: Peak-Chu|47/100|[from] Sandstorm
|-damage|p2a: Rotom|72/100|[from] Sandstorm
|-heal|p2a: Rotom|78/100|[from] item: Leftovers
|upkeep
|turn|7
|
|t:|1779571511
|switch|p1a: Necky's Nuts|Raging Bolt|100/100
|-enditem|p1a: Necky's Nuts|Booster Energy
|-activate|p1a: Necky's Nuts|ability: Protosynthesis|[fromitem]
|-start|p1a: Necky's Nuts|protosynthesisspa
|move|p2a: Rotom|Hydro Pump|p1a: Necky's Nuts
|-resisted|p1a: Necky's Nuts
|-damage|p1a: Necky's Nuts|82/100
|
|-weather|Sandstorm|[upkeep]
|-damage|p1a: Necky's Nuts|76/100|[from] Sandstorm
|-damage|p2a: Rotom|72/100|[from] Sandstorm
|-heal|p2a: Rotom|78/100|[from] item: Leftovers
|upkeep
|turn|8
|
|t:|1779571528
|switch|p2a: Tyranitar|Tyranitar, F|43/100
|move|p1a: Necky's Nuts|Dragon Pulse|p2a: Tyranitar
|-damage|p2a: Tyranitar|8/100
|
|-weather|Sandstorm|[upkeep]
|-damage|p1a: Necky's Nuts|69/100|[from] Sandstorm
|-fieldend|move: Electric Terrain
|upkeep
|turn|9
|
|t:|1779571540
|move|p1a: Necky's Nuts|Dragon Pulse|p2a: Tyranitar
|-damage|p2a: Tyranitar|0 fnt
|faint|p2a: Tyranitar
|
|-weather|none
|upkeep
|
|t:|1779571546
|switch|p2a: Dragapult|Dragapult, M|100/100
|turn|10
|
|t:|1779571551
|-end|p1a: Necky's Nuts|Protosynthesis|[silent]
|switch|p1a: Sew What?|Pincurchin, M|2/100
|-fieldstart|move: Electric Terrain|[from] ability: Electric Surge|[of] p1a: Sew What?
|move|p2a: Dragapult|Draco Meteor|p1a: Sew What?
|-damage|p1a: Sew What?|0 fnt
|-unboost|p2a: Dragapult|spa|2
|faint|p1a: Sew What?
|
|upkeep
|inactive|Battle timer is ON: inactive players will automatically lose when time's up. (requested by fakemanyuh)
|
|t:|1779571580
|switch|p1a: *Leaves Game*|Iron Leaves|100/100
|-activate|p1a: *Leaves Game*|ability: Quark Drive
|-start|p1a: *Leaves Game*|quarkdriveatk
|turn|11
|
|t:|1779571593
|switch|p2a: Rotom|Rotom-Wash|78/100
|move|p1a: *Leaves Game*|Trailblaze|p2a: Rotom
|-supereffective|p2a: Rotom
|-damage|p2a: Rotom|11/100
|-boost|p1a: *Leaves Game*|spe|1
|
|-heal|p2a: Rotom|17/100|[from] item: Leftovers
|upkeep
|turn|12
|inactive|Pig Perfect has 120 seconds left.
|inactive|Pig Perfect has 90 seconds left.
|inactive|Pig Perfect has 60 seconds left.
|inactive|Pig Perfect has 30 seconds left.
|
|t:|1779571721
|move|p1a: *Leaves Game*|Trailblaze|p2a: Rotom
|-supereffective|p2a: Rotom
|-damage|p2a: Rotom|0 fnt
|-boost|p1a: *Leaves Game*|spe|1
|faint|p2a: Rotom
|
|upkeep
|
|t:|1779571727
|switch|p2a: Zamazenta|Zamazenta|100/100
|-ability|p2a: Zamazenta|Dauntless Shield|boost
|-boost|p2a: Zamazenta|def|1
|turn|13
|inactive|Pig Perfect has 30 seconds left.
|l|☆Pig Perfect
|inactive|Pig Perfect disconnected and has a minute to reconnect!
|player|p1|
|inactive|Pig Perfect has 20 seconds left.
|inactive|Pig Perfect has 15 seconds left.
|j|☆Pig Perfect
|inactive|Pig Perfect reconnected and has 15 seconds left.
|player|p1|Pig Perfect|workerice|
|
|t:|1779571756
|move|p1a: *Leaves Game*|Psyblade|p2a: Zamazenta
|-supereffective|p2a: Zamazenta
|-crit|p2a: Zamazenta
|-damage|p2a: Zamazenta|0 fnt
|faint|p2a: Zamazenta
|
|upkeep
|
|t:|1779571775
|switch|p2a: Landorus|Landorus-Therian, M|39/100 brn
|-ability|p2a: Landorus|Intimidate|boost
|-unboost|p1a: *Leaves Game*|atk|1
|turn|14
|inactive|Pig Perfect has 30 seconds left this turn.
|inactive|Pig Perfect has 20 seconds left.
|inactive|Pig Perfect has 15 seconds left.
|
|t:|1779571792
|move|p1a: *Leaves Game*|Psyblade|p2a: Landorus
|-damage|p2a: Landorus|0 fnt
|faint|p2a: Landorus
|
|upkeep
|
|t:|1779571800
|switch|p2a: Corviknight|Corviknight, F|76/100
|-ability|p2a: Corviknight|Pressure
|turn|15
|inactive|Pig Perfect has 30 seconds left this turn.
|inactive|Pig Perfect has 20 seconds left.
|inactive|Pig Perfect has 15 seconds left.
|
|t:|1779571817
|-end|p1a: *Leaves Game*|Quark Drive|[silent]
|switch|p1a: Necky's Nuts|Raging Bolt|69/100
|move|p2a: Corviknight|U-turn|p1a: Necky's Nuts
|-damage|p1a: Necky's Nuts|57/100
|
|t:|1779571822
|switch|p2a: Dragapult|Dragapult, M|100/100|[from] U-turn
|
|upkeep
|turn|16
|inactive|Pig Perfect has 30 seconds left this turn.
|
|t:|1779571828
|move|p2a: Dragapult|Draco Meteor|p1a: Necky's Nuts
|-supereffective|p1a: Necky's Nuts
|-damage|p1a: Necky's Nuts|0 fnt
|-unboost|p2a: Dragapult|spa|2
|faint|p1a: Necky's Nuts
|-end|p1a: Necky's Nuts|Protosynthesis|[silent]
|
|upkeep
|inactive|Pig Perfect has 30 seconds left this turn.
|inactive|Pig Perfect has 20 seconds left.
|inactive|Pig Perfect has 15 seconds left.
|inactive|Pig Perfect has 10 seconds left.
|inactive|Pig Perfect has 5 seconds left.
|
|t:|1779571857
|switch|p1a: So ein Mist!|Kingambit, F|100/100
|-activate|p1a: So ein Mist!|ability: Supreme Overlord
|-start|p1a: So ein Mist!|fallen2|[silent]
|turn|17
|inactive|Pig Perfect has 15 seconds left this turn.
|inactive|Pig Perfect has 10 seconds left.
|
|t:|1779571862
|switch|p2a: Corviknight|Corviknight, F|76/100
|-ability|p2a: Corviknight|Pressure
|move|p1a: So ein Mist!|Kowtow Cleave|p2a: Corviknight
|-damage|p2a: Corviknight|38/100
|-damage|p1a: So ein Mist!|84/100|[from] item: Rocky Helmet|[of] p2a: Corviknight
|
|-heal|p1a: So ein Mist!|90/100|[from] item: Leftovers
|-fieldend|move: Electric Terrain
|upkeep
|turn|18
|inactive|Pig Perfect has 20 seconds left this turn.
|inactive|Pig Perfect has 15 seconds left.
|
|t:|1779571872
|move|p2a: Corviknight|Roost|p2a: Corviknight
|-heal|p2a: Corviknight|88/100
|-singleturn|p2a: Corviknight|move: Roost
|move|p1a: So ein Mist!|Kowtow Cleave|p2a: Corviknight
|-damage|p2a: Corviknight|52/100
|-damage|p1a: So ein Mist!|73/100|[from] item: Rocky Helmet|[of] p2a: Corviknight
|
|-heal|p1a: So ein Mist!|80/100|[from] item: Leftovers
|upkeep
|turn|19
|inactive|Pig Perfect has 25 seconds left this turn.
|inactive|Pig Perfect has 20 seconds left.
|inactive|Pig Perfect has 15 seconds left.
|
|t:|1779571885
|-terastallize|p1a: So ein Mist!|Ghost
|move|p2a: Corviknight|Body Press|p1a: So ein Mist!
|-immune|p1a: So ein Mist!
|move|p1a: So ein Mist!|Swords Dance|p1a: So ein Mist!
|-boost|p1a: So ein Mist!|atk|2
|
|-heal|p1a: So ein Mist!|86/100|[from] item: Leftovers
|upkeep
|turn|20
|inactive|Pig Perfect has 25 seconds left this turn.
|inactive|Pig Perfect has 20 seconds left.
|inactive|Pig Perfect has 15 seconds left.
|inactive|Pig Perfect has 10 seconds left.
|
|t:|1779571901
|move|p2a: Corviknight|Roost|p2a: Corviknight
|-heal|p2a: Corviknight|100/100
|-singleturn|p2a: Corviknight|move: Roost
|move|p1a: So ein Mist!|Kowtow Cleave|p2a: Corviknight
|-crit|p2a: Corviknight
|-damage|p2a: Corviknight|0 fnt
|-damage|p1a: So ein Mist!|69/100|[from] item: Rocky Helmet|[of] p2a: Corviknight
|faint|p2a: Corviknight
|
|-heal|p1a: So ein Mist!|75/100|[from] item: Leftovers
|upkeep
|
|t:|1779571915
|switch|p2a: Dragapult|Dragapult, M|100/100
|turn|21
|inactive|Pig Perfect has 25 seconds left this turn.
|inactive|Pig Perfect has 20 seconds left.
|
|t:|1779571921
|move|p1a: So ein Mist!|Sucker Punch|p2a: Dragapult
|-supereffective|p2a: Dragapult
|-damage|p2a: Dragapult|0 fnt
|faint|p2a: Dragapult
|
|win|Pig Perfect
|raw|Pig Perfect's rating: 1377 &rarr; <strong>1395</strong><br />(+18 for winning)
|raw|fakemanyuh's rating: 1343 &rarr; <strong>1325</strong><br />(-18 for losing)
|l|☆fakemanyuh
|player|p2|
|l|☆Pig Perfect
|player|p1|
