|j|☆pokeman8511megacup
|j|☆Fuga Mental
|t:|1779652603
|gametype|singles
|player|p1|pokeman8511megacup|1|1166
|player|p2|Fuga Mental|102|1167
|gen|9
|tier|[Gen 9] OU
|rated|
|rule|HP Percentage Mod: HP is shown in percentages
|rule|Endless Battle Clause: Forcing endless battles is banned
|rule|Species Clause: Limit one of each Pokémon
|rule|OHKO Clause: OHKO moves are banned
|rule|Evasion Items Clause: Evasion items are banned
|rule|Evasion Moves Clause: Evasion moves are banned
|rule|Evasion Abilities Clause: Evasion abilities are banned
|rule|Sleep Moves Clause: Sleep-inducing moves are banned
|clearpoke
|poke|p1|Metagross|
|poke|p1|Raging Bolt|
|poke|p1|Ogerpon-Wellspring, F|
|poke|p1|Weezing-Galar, M|
|poke|p1|Slowking-Galar, M|
|poke|p1|Ting-Lu|
|poke|p2|Skarmory, M|
|poke|p2|Krookodile, F|
|poke|p2|Inteleon, F|
|poke|p2|Cacturne, M|
|poke|p2|Mimikyu, F|
|poke|p2|Dragalge, F|
|teampreview
|
|t:|1779652613
|teamsize|p1|6
|teamsize|p2|6
|start
|switch|p1a: Ting-Lu|Ting-Lu|100/100
|switch|p2a: JamesPond|Inteleon, F|100/100
|-ability|p1a: Ting-Lu|Vessel of Ruin
|turn|1
|
|t:|1779652623
|move|p2a: JamesPond|Taunt|p1a: Ting-Lu
|-start|p1a: Ting-Lu|move: Taunt
|cant|p1a: Ting-Lu|move: Taunt|Stealth Rock
|
|upkeep
|turn|2
|
|t:|1779652630
|move|p2a: JamesPond|Snipe Shot|p1a: Ting-Lu
|-supereffective|p1a: Ting-Lu
|-damage|p1a: Ting-Lu|51/100
|move|p1a: Ting-Lu|Earthquake|p2a: JamesPond
|-damage|p2a: JamesPond|31/100
|
|-heal|p1a: Ting-Lu|57/100|[from] item: Leftovers
|upkeep
|turn|3
|
|t:|1779652637
|switch|p2a: Excalibird|Skarmory, M|100/100
|switch|p1a: Ogerpon|Ogerpon-Wellspring, F|100/100
|
|upkeep
|turn|4
|
|t:|1779652645
|move|p1a: Ogerpon|Swords Dance|p1a: Ogerpon
|-boost|p1a: Ogerpon|atk|2
|move|p2a: Excalibird|Iron Defense|p2a: Excalibird
|-boost|p2a: Excalibird|def|2
|
|upkeep
|turn|5
|
|t:|1779652652
|move|p1a: Ogerpon|Ivy Cudgel|p2a: Excalibird|[anim] Ivy Cudgel Water
|-damage|p2a: Excalibird|65/100
|move|p2a: Excalibird|Iron Defense|p2a: Excalibird
|-boost|p2a: Excalibird|def|2
|
|upkeep
|turn|6
|
|t:|1779652661
|move|p1a: Ogerpon|U-turn|p2a: Excalibird
|-resisted|p2a: Excalibird
|-damage|p2a: Excalibird|63/100
|-damage|p1a: Ogerpon|84/100|[from] item: Rocky Helmet|[of] p2a: Excalibird
|
|t:|1779652664
|switch|p1a: Raging Bolt|Raging Bolt|100/100|[from] U-turn
|move|p2a: Excalibird|Body Press|p1a: Raging Bolt
|-damage|p1a: Raging Bolt|32/100
|
|-heal|p1a: Raging Bolt|39/100|[from] item: Leftovers
|upkeep
|turn|7
|
|t:|1779652675
|switch|p2a: Bandit|Krookodile, F, shiny|100/100
|move|p1a: Raging Bolt|Thunderbolt|p2a: Bandit
|-immune|p2a: Bandit
|
|-heal|p1a: Raging Bolt|45/100|[from] item: Leftovers
|upkeep
|turn|8
|
|t:|1779652683
|-end|p1a: Raging Bolt|Protosynthesis|[silent]
|switch|p1a: Ogerpon|Ogerpon-Wellspring, F|84/100
|move|p2a: Bandit|Bulk Up|p2a: Bandit
|-boost|p2a: Bandit|atk|1
|-boost|p2a: Bandit|def|1
|
|upkeep
|turn|9
|
|t:|1779652690
|-terastallize|p2a: Bandit|Dragon
|move|p1a: Ogerpon|Wood Hammer|p2a: Bandit
|-resisted|p2a: Bandit
|-damage|p2a: Bandit|69/100
|-damage|p1a: Ogerpon|73/100|[from] Recoil
|move|p2a: Bandit|Scale Shot|p1a: Ogerpon
|-damage|p1a: Ogerpon|50/100
|-damage|p1a: Ogerpon|26/100
|-damage|p1a: Ogerpon|3/100
|-damage|p1a: Ogerpon|0 fnt
|faint|p1a: Ogerpon
|-ability|p2a: Bandit|Moxie|boost
|-boost|p2a: Bandit|atk|1
|-hitcount|p1: Ogerpon|4
|-unboost|p2a: Bandit|def|1
|-boost|p2a: Bandit|spe|1
|
|upkeep
|
|t:|1779652694
|switch|p1a: Weezing|Weezing-Galar, M|100/100
|-ability|p1a: Weezing|Neutralizing Gas
|turn|10
|
|t:|1779652712
|-terastallize|p1a: Weezing|Grass
|move|p2a: Bandit|Earthquake|p1a: Weezing
|-resisted|p1a: Weezing
|-damage|p1a: Weezing|70/100
|move|p1a: Weezing|Will-O-Wisp|p2a: Bandit
|-status|p2a: Bandit|brn
|
|-damage|p2a: Bandit|63/100 brn|[from] brn
|upkeep
|turn|11
|
|t:|1779652722
|move|p2a: Bandit|Knock Off|p1a: Weezing
|-crit|p1a: Weezing
|-damage|p1a: Weezing|24/100
|-enditem|p1a: Weezing|Heavy-Duty Boots|[from] move: Knock Off|[of] p2a: Bandit
|move|p1a: Weezing|Strange Steam|p2a: Bandit
|-supereffective|p2a: Bandit
|-damage|p2a: Bandit|0 fnt
|faint|p2a: Bandit
|
|upkeep
|
|t:|1779652743
|switch|p2a: Pickle|Cacturne, M|100/100
|turn|12
|
|t:|1779652747
|move|p1a: Weezing|Pain Split|p2a: Pickle
|-sethp|p2a: Pickle|62/100|[from] move: Pain Split|[silent]
|-sethp|p1a: Weezing|64/100|[from] move: Pain Split
|move|p2a: Pickle|Fell Stinger|p1a: Weezing
|-supereffective|p1a: Weezing
|-damage|p1a: Weezing|36/100
|-damage|p2a: Pickle|52/100|[from] item: Life Orb
|
|upkeep
|turn|13
|
|t:|1779652758
|-end|p1a: Weezing|ability: Neutralizing Gas
|switch|p1a: Slowking|Slowking-Galar, M|100/100
|move|p2a: Pickle|Swords Dance|p2a: Pickle
|-boost|p2a: Pickle|atk|2
|
|upkeep
|turn|14
|
|t:|1779652765
|move|p2a: Pickle|Sucker Punch|p1a: Slowking
|-supereffective|p1a: Slowking
|-damage|p1a: Slowking|0 fnt
|faint|p1a: Slowking
|-damage|p2a: Pickle|42/100|[from] item: Life Orb
|
|upkeep
|
|t:|1779652770
|switch|p1a: Metagross|Metagross|100/100
|turn|15
|
|t:|1779652778
|switch|p1a: Raging Bolt|Raging Bolt|45/100
|move|p2a: Pickle|Fell Stinger|p1a: Raging Bolt
|-damage|p1a: Raging Bolt|12/100
|-damage|p2a: Pickle|32/100|[from] item: Life Orb
|
|-heal|p1a: Raging Bolt|18/100|[from] item: Leftovers
|upkeep
|turn|16
|
|t:|1779652784
|move|p1a: Raging Bolt|Thunderclap|p2a: Pickle
|-resisted|p2a: Pickle
|-damage|p2a: Pickle|3/100
|move|p2a: Pickle|Sucker Punch||[still]
|-fail|p2a: Pickle
|
|-heal|p1a: Raging Bolt|24/100|[from] item: Leftovers
|upkeep
|turn|17
|
|t:|1779652790
|move|p1a: Raging Bolt|Thunderclap|p2a: Pickle
|-resisted|p2a: Pickle
|-damage|p2a: Pickle|0 fnt
|faint|p2a: Pickle
|
|-heal|p1a: Raging Bolt|30/100|[from] item: Leftovers
|upkeep
|
|t:|1779652793
|switch|p2a: Pikaboo|Mimikyu, F|100/100
|turn|18
|
|t:|1779652804
|move|p2a: Pikaboo|Play Rough|p1a: Raging Bolt|[miss]
|-miss|p2a: Pikaboo|p1a: Raging Bolt
|move|p1a: Raging Bolt|Thunderbolt|p2a: Pikaboo
|-activate|p2a: Pikaboo|ability: Disguise
|-damage|p2a: Pikaboo|100/100
|detailschange|p2a: Pikaboo|Mimikyu-Busted, F
|-damage|p2a: Pikaboo|88/100|[from] pokemon: Mimikyu-Busted
|
|-heal|p1a: Raging Bolt|36/100|[from] item: Leftovers
|upkeep
|turn|19
|
|t:|1779652813
|move|p2a: Pikaboo|Shadow Sneak|p1a: Raging Bolt
|-damage|p1a: Raging Bolt|19/100
|-damage|p2a: Pikaboo|78/100|[from] item: Life Orb
|move|p1a: Raging Bolt|Thunderclap||[still]
|-fail|p1a: Raging Bolt
|
|-heal|p1a: Raging Bolt|25/100|[from] item: Leftovers
|upkeep
|turn|20
|
|t:|1779652821
|move|p2a: Pikaboo|Swords Dance|p2a: Pikaboo
|-boost|p2a: Pikaboo|atk|2
|move|p1a: Raging Bolt|Thunderbolt|p2a: Pikaboo
|-damage|p2a: Pikaboo|11/100
|
|-heal|p1a: Raging Bolt|32/100|[from] item: Leftovers
|upkeep
|turn|21
|
|t:|1779652827
|move|p2a: Pikaboo|Shadow Sneak|p1a: Raging Bolt
|-damage|p1a: Raging Bolt|0 fnt
|faint|p1a: Raging Bolt
|-end|p1a: Raging Bolt|Protosynthesis|[silent]
|-damage|p2a: Pikaboo|1/100|[from] item: Life Orb
|
|upkeep
|
|t:|1779652837
|switch|p1a: Ting-Lu|Ting-Lu|57/100
|-ability|p1a: Ting-Lu|Vessel of Ruin
|turn|22
|
|t:|1779652843
|move|p2a: Pikaboo|Shadow Sneak|p1a: Ting-Lu
|-resisted|p1a: Ting-Lu
|-damage|p1a: Ting-Lu|49/100
|-damage|p2a: Pikaboo|0 fnt|[from] item: Life Orb
|faint|p2a: Pikaboo
|move|p1a: Ting-Lu|Stealth Rock|p2: Pikaboo
|-sidestart|p2: Fuga Mental|move: Stealth Rock
|
|-heal|p1a: Ting-Lu|55/100|[from] item: Leftovers
|upkeep
|
|t:|1779652848
|switch|p2a: JamesPond|Inteleon, F|31/100
|-damage|p2a: JamesPond|19/100|[from] Stealth Rock
|turn|23
|
|t:|1779652883
|move|p2a: JamesPond|Taunt|p1a: Ting-Lu
|-start|p1a: Ting-Lu|move: Taunt
|move|p1a: Ting-Lu|Earthquake|p2a: JamesPond
|-damage|p2a: JamesPond|0 fnt
|faint|p2a: JamesPond
|
|-heal|p1a: Ting-Lu|62/100|[from] item: Leftovers
|upkeep
|
|t:|1779652888
|switch|p2a: Excalibird|Skarmory, M|63/100
|-damage|p2a: Excalibird|51/100|[from] Stealth Rock
|turn|24
|
|t:|1779652891
|move|p2a: Excalibird|Body Press|p1a: Ting-Lu
|-supereffective|p1a: Ting-Lu
|-damage|p1a: Ting-Lu|36/100
|move|p1a: Ting-Lu|Ruination|p2a: Excalibird
|-damage|p2a: Excalibird|26/100
|
|-heal|p1a: Ting-Lu|42/100|[from] item: Leftovers
|upkeep
|turn|25
|
|t:|1779652894
|move|p2a: Excalibird|Iron Defense|p2a: Excalibird
|-boost|p2a: Excalibird|def|2
|move|p1a: Ting-Lu|Ruination|p2a: Excalibird
|-damage|p2a: Excalibird|13/100
|
|-heal|p1a: Ting-Lu|48/100|[from] item: Leftovers
|-end|p1a: Ting-Lu|move: Taunt
|upkeep
|turn|26
|
|t:|1779652899
|move|p2a: Excalibird|Roost|p2a: Excalibird
|-heal|p2a: Excalibird|63/100
|-singleturn|p2a: Excalibird|move: Roost
|move|p1a: Ting-Lu|Whirlwind|p2a: Excalibird
|drag|p2a: Mystery|Dragalge, F|100/100
|-damage|p2a: Mystery|88/100|[from] Stealth Rock
|
|-heal|p1a: Ting-Lu|55/100|[from] item: Leftovers
|upkeep
|turn|27
|
|t:|1779652910
|move|p2a: Mystery|Focus Blast|p1a: Ting-Lu
|-supereffective|p1a: Ting-Lu
|-damage|p1a: Ting-Lu|13/100
|-unboost|p1a: Ting-Lu|spd|1
|move|p1a: Ting-Lu|Earthquake|p2a: Mystery
|-supereffective|p2a: Mystery
|-damage|p2a: Mystery|7/100
|
|-heal|p1a: Ting-Lu|19/100|[from] item: Leftovers
|upkeep
|turn|28
|
|t:|1779652943
|move|p2a: Mystery|Focus Blast|p1a: Ting-Lu
|-supereffective|p1a: Ting-Lu
|-damage|p1a: Ting-Lu|0 fnt
|faint|p1a: Ting-Lu
|
|upkeep
|
|t:|1779652954
|switch|p1a: Metagross|Metagross|100/100
|turn|29
|
|t:|1779652959
|move|p1a: Metagross|Meteor Mash|p2a: Mystery
|-damage|p2a: Mystery|0 fnt
|faint|p2a: Mystery
|
|upkeep
|
|t:|1779652962
|switch|p2a: Excalibird|Skarmory, M|63/100
|-damage|p2a: Excalibird|51/100|[from] Stealth Rock
|turn|30
|
|t:|1779652966
|switch|p1a: Weezing|Weezing-Galar, M, tera:Grass|36/100
|-ability|p1a: Weezing|Neutralizing Gas
|move|p2a: Excalibird|Iron Defense|p2a: Excalibird
|-boost|p2a: Excalibird|def|2
|
|upkeep
|turn|31
|
|t:|1779652975
|move|p2a: Excalibird|Roost|p2a: Excalibird
|-heal|p2a: Excalibird|100/100
|-singleturn|p2a: Excalibird|move: Roost
|move|p1a: Weezing|Will-O-Wisp|p2a: Excalibird
|-status|p2a: Excalibird|brn
|
|-damage|p2a: Excalibird|95/100 brn|[from] brn
|upkeep
|turn|32
|
|t:|1779652980
|move|p2a: Excalibird|Iron Defense|p2a: Excalibird
|-boost|p2a: Excalibird|def|2
|move|p1a: Weezing|Pain Split|p2a: Excalibird
|-sethp|p2a: Excalibird|65/100 brn|[from] move: Pain Split|[silent]
|-sethp|p1a: Weezing|65/100|[from] move: Pain Split
|
|-damage|p2a: Excalibird|59/100 brn|[from] brn
|upkeep
|turn|33
|
|t:|1779652985
|move|p2a: Excalibird|Iron Defense|p2a: Excalibird
|-boost|p2a: Excalibird|def|2
|move|p1a: Weezing|Strange Steam|p2a: Excalibird
|-resisted|p2a: Excalibird
|-damage|p2a: Excalibird|41/100 brn
|
|-damage|p2a: Excalibird|35/100 brn|[from] brn
|upkeep
|turn|34
|
|t:|1779652987
|move|p2a: Excalibird|Roost|p2a: Excalibird
|-heal|p2a: Excalibird|85/100 brn
|-singleturn|p2a: Excalibird|move: Roost
|move|p1a: Weezing|Strange Steam|p2a: Excalibird
|-resisted|p2a: Excalibird
|-damage|p2a: Excalibird|66/100 brn
|
|-damage|p2a: Excalibird|60/100 brn|[from] brn
|upkeep
|turn|35
|
|t:|1779652996
|move|p2a: Excalibird|Body Press|p1a: Weezing
|-damage|p1a: Weezing|24/100
|move|p1a: Weezing|Strange Steam|p2a: Excalibird
|-resisted|p2a: Excalibird
|-damage|p2a: Excalibird|41/100 brn
|
|-damage|p2a: Excalibird|35/100 brn|[from] brn
|upkeep
|turn|36
|
|t:|1779653001
|move|p2a: Excalibird|Body Press|p1a: Weezing
|-damage|p1a: Weezing|0 fnt
|faint|p1a: Weezing
|-end|p1a: Weezing|ability: Neutralizing Gas
|
|-damage|p2a: Excalibird|29/100 brn|[from] brn
|upkeep
|
|t:|1779653004
|switch|p1a: Metagross|Metagross|100/100
|turn|37
|
|t:|1779653008
|move|p1a: Metagross|Meteor Mash|p2a: Excalibird
|-resisted|p2a: Excalibird
|-damage|p2a: Excalibird|24/100 brn
|-boost|p1a: Metagross|atk|1
|-damage|p1a: Metagross|84/100|[from] item: Rocky Helmet|[of] p2a: Excalibird
|move|p2a: Excalibird|Roost|p2a: Excalibird
|-heal|p2a: Excalibird|74/100 brn
|-singleturn|p2a: Excalibird|move: Roost
|
|-damage|p2a: Excalibird|68/100 brn|[from] brn
|upkeep
|turn|38
|
|t:|1779653014
|move|p1a: Metagross|Meteor Mash|p2a: Excalibird
|-resisted|p2a: Excalibird
|-damage|p2a: Excalibird|62/100 brn
|-boost|p1a: Metagross|atk|1
|-damage|p1a: Metagross|67/100|[from] item: Rocky Helmet|[of] p2a: Excalibird
|move|p2a: Excalibird|Body Press|p1a: Metagross
|-damage|p1a: Metagross|14/100
|
|-damage|p2a: Excalibird|56/100 brn|[from] brn
|upkeep
|turn|39
|
|t:|1779653017
|move|p1a: Metagross|Meteor Mash|p2a: Excalibird|[miss]
|-miss|p1a: Metagross|p2a: Excalibird
|move|p2a: Excalibird|Body Press|p1a: Metagross
|-damage|p1a: Metagross|0 fnt
|faint|p1a: Metagross
|
|win|Fuga Mental
|raw|pokeman8511megacup's rating: 1166 &rarr; <strong>1141</strong><br />(-25 for losing)
|raw|Fuga Mental's rating: 1167 &rarr; <strong>1192</strong><br />(+25 for winning)
|c|☆pokeman8511megacup|ggwp
|l|☆pokeman8511megacup
|player|p1|
|c|☆Fuga Mental|Gg
