|j|☆party girl 2004
|j|☆Royoman
|t:|1779619722
|gametype|singles
|player|p1|party girl 2004|lass-gen4dp|1269
|player|p2|Royoman|blackbelt-gen4dp|1261
|gen|9
|tier|[Gen 9] OU
|rated|
|rule|HP Percentage Mod: HP is shown in percentages
|rule|Endless Battle Clause: Forcing endless battles is banned
|rule|Species Clause: Limit one of each Pokémon
|rule|OHKO Clause: OHKO moves are banned
|rule|Evasion Items Clause: Evasion items are banned
|rule|Evasion Moves Clause: Evasion moves are banned
|rule|Evasion Abilities Clause: Evasion abilities are banned
|rule|Sleep Moves Clause: Sleep-inducing moves are banned
|clearpoke
|poke|p1|Serperior, M|
|poke|p1|Skarmory, F|
|poke|p1|Blaziken, M|
|poke|p1|Iron Valiant|
|poke|p1|Greninja-*, M|
|poke|p1|Iron Crown|
|poke|p2|Alomomola, F|
|poke|p2|Tornadus-Therian, M|
|poke|p2|Cinderace, M|
|poke|p2|Great Tusk|
|poke|p2|Torkoal, F|
|poke|p2|Walking Wake|
|teampreview
|inactive|Battle timer is ON: inactive players will automatically lose when time's up. (requested by party girl 2004)
|
|t:|1779619747
|teamsize|p1|6
|teamsize|p2|6
|start
|switch|p1a: Scolipede X|Blaziken, M|100/100
|switch|p2a: Torkoal|Torkoal, F|100/100
|-weather|SunnyDay|[from] ability: Drought|[of] p2a: Torkoal
|turn|1
|
|t:|1779619758
|switch|p2a: Alomomola|Alomomola, F|100/100
|move|p1a: Scolipede X|Swords Dance|p1a: Scolipede X
|-boost|p1a: Scolipede X|atk|2
|
|-weather|SunnyDay|[upkeep]
|-ability|p1a: Scolipede X|Speed Boost|boost
|-boost|p1a: Scolipede X|spe|1
|upkeep
|turn|2
|
|t:|1779619768
|move|p1a: Scolipede X|Thunder Punch|p2a: Alomomola
|-supereffective|p2a: Alomomola
|-damage|p2a: Alomomola|22/100
|move|p2a: Alomomola|Flip Turn|p1a: Scolipede X
|-supereffective|p1a: Scolipede X
|-damage|p1a: Scolipede X|77/100
|
|t:|1779619770
|switch|p2a: Torkoal|Torkoal, F|100/100|[from] Flip Turn
|
|-weather|SunnyDay|[upkeep]
|-ability|p1a: Scolipede X|Speed Boost|boost
|-boost|p1a: Scolipede X|spe|1
|upkeep
|turn|3
|
|t:|1779619778
|move|p1a: Scolipede X|Swords Dance|p1a: Scolipede X
|-boost|p1a: Scolipede X|atk|2
|move|p2a: Torkoal|Overheat|p1a: Scolipede X
|-resisted|p1a: Scolipede X
|-damage|p1a: Scolipede X|30/100
|-unboost|p2a: Torkoal|spa|2
|
|-weather|SunnyDay|[upkeep]
|-ability|p1a: Scolipede X|Speed Boost|boost
|-boost|p1a: Scolipede X|spe|1
|upkeep
|turn|4
|
|t:|1779619782
|move|p1a: Scolipede X|Close Combat|p2a: Torkoal
|-damage|p2a: Torkoal|0 fnt
|-unboost|p1a: Scolipede X|def|1
|-unboost|p1a: Scolipede X|spd|1
|faint|p2a: Torkoal
|
|-weather|SunnyDay|[upkeep]
|-ability|p1a: Scolipede X|Speed Boost|boost
|-boost|p1a: Scolipede X|spe|1
|upkeep
|
|t:|1779619787
|switch|p2a: Alomomola|Alomomola, F|56/100
|turn|5
|
|t:|1779619793
|move|p2a: Alomomola|Aqua Jet|p1a: Scolipede X
|-supereffective|p1a: Scolipede X
|-damage|p1a: Scolipede X|7/100
|move|p1a: Scolipede X|Close Combat|p2a: Alomomola
|-damage|p2a: Alomomola|0 fnt
|-unboost|p1a: Scolipede X|def|1
|-unboost|p1a: Scolipede X|spd|1
|faint|p2a: Alomomola
|
|-weather|SunnyDay|[upkeep]
|-ability|p1a: Scolipede X|Speed Boost|boost
|-boost|p1a: Scolipede X|spe|1
|upkeep
|
|t:|1779619804
|switch|p2a: Tornadus|Tornadus-Therian, M|100/100
|turn|6
|
|t:|1779619807
|-terastallize|p2a: Tornadus|Poison
|move|p1a: Scolipede X|Fire Punch|p2a: Tornadus
|-damage|p2a: Tornadus|0 fnt
|faint|p2a: Tornadus
|
|-weather|SunnyDay|[upkeep]
|-ability|p1a: Scolipede X|Speed Boost|boost
|-boost|p1a: Scolipede X|spe|1
|upkeep
|-message|Royoman forfeited.
|
|win|party girl 2004
|raw|party girl 2004's rating: 1269 &rarr; <strong>1293</strong><br />(+24 for winning)
|raw|Royoman's rating: 1261 &rarr; <strong>1237</strong><br />(-24 for losing)
|l|☆Royoman
|player|p2|
