|j|☆PachuMerin
|j|☆bushishizhijie
|t:|1779604136
|gametype|singles
|player|p1|PachuMerin|acetrainercouple|1092
|player|p2|bushishizhijie|102|1133
|gen|9
|tier|[Gen 9] OU
|rated|
|rule|HP Percentage Mod: HP is shown in percentages
|rule|Endless Battle Clause: Forcing endless battles is banned
|rule|Species Clause: Limit one of each Pokémon
|rule|OHKO Clause: OHKO moves are banned
|rule|Evasion Items Clause: Evasion items are banned
|rule|Evasion Moves Clause: Evasion moves are banned
|rule|Evasion Abilities Clause: Evasion abilities are banned
|rule|Sleep Moves Clause: Sleep-inducing moves are banned
|clearpoke
|poke|p1|Eelektross, M|
|poke|p1|Glimmora, F|
|poke|p1|Noivern, M|
|poke|p1|Zoroark-Hisui, F|
|poke|p1|Samurott-Hisui, M|
|poke|p1|Scream Tail|
|poke|p2|Great Tusk|
|poke|p2|Ceruledge, M|
|poke|p2|Kommo-o, M|
|poke|p2|Hatterene, F|
|poke|p2|Deoxys-Speed|
|poke|p2|Ogerpon-Wellspring, F|
|teampreview
|inactive|Battle timer is ON: inactive players will automatically lose when time's up. (requested by PachuMerin)
|
|t:|1779604161
|teamsize|p1|6
|teamsize|p2|6
|start
|switch|p1a: spikes for sale|Samurott-Hisui, M|100/100
|switch|p2a: Deoxys|Deoxys-Speed|100/100
|-ability|p2a: Deoxys|Pressure
|turn|1
|
|t:|1779604182
|move|p2a: Deoxys|Reflect|p2a: Deoxys
|-sidestart|p2: bushishizhijie|Reflect
|move|p1a: spikes for sale|Nasty Plot|p1a: spikes for sale
|-boost|p1a: spikes for sale|spa|2
|
|upkeep
|turn|2
|inactive|bushishizhijie has 120 seconds left.
|
|t:|1779604211
|move|p2a: Deoxys|Taunt|p1a: spikes for sale
|-start|p1a: spikes for sale|move: Taunt
|move|p1a: spikes for sale|Shadow Ball|p2a: Deoxys
|-supereffective|p2a: Deoxys
|-damage|p2a: Deoxys|0 fnt
|faint|p2a: Deoxys
|
|upkeep
|
|t:|1779604225
|switch|p2a: Ogerpon|Ogerpon-Wellspring, F|100/100
|turn|3
|
|t:|1779604235
|move|p1a: spikes for sale|Shadow Ball|p2a: Ogerpon
|-damage|p2a: Ogerpon|11/100
|move|p2a: Ogerpon|Trailblaze|p1a: spikes for sale
|-damage|p1a: spikes for sale|35/100
|-boost|p2a: Ogerpon|spe|1
|replace|p1a: Meet the Spy|Zoroark-Hisui, F
|-end|p1a: Meet the Spy|Illusion
|
|upkeep
|turn|4
|inactive|bushishizhijie has 120 seconds left.
|
|t:|1779604253
|switch|p1a: Am i the spy?|Glimmora, F|100/100
|move|p2a: Ogerpon|Trailblaze|p1a: Am i the spy?
|-damage|p1a: Am i the spy?|64/100
|-boost|p2a: Ogerpon|spe|1
|-activate|p1a: Am i the spy?|ability: Toxic Debris
|-sidestart|p2: bushishizhijie|move: Toxic Spikes
|
|upkeep
|turn|5
|inactive|bushishizhijie has 120 seconds left.
|
|t:|1779604262
|move|p1a: Am i the spy?|Spiky Shield|p1a: Am i the spy?
|-singleturn|p1a: Am i the spy?|move: Protect
|move|p2a: Ogerpon|Ivy Cudgel|p1a: Am i the spy?|[anim] Ivy Cudgel Water
|-activate|p1a: Am i the spy?|move: Protect
|
|upkeep
|turn|6
|
|t:|1779604276
|move|p2a: Ogerpon|Ivy Cudgel|p1a: Am i the spy?|[anim] Ivy Cudgel Water
|-supereffective|p1a: Am i the spy?
|-crit|p1a: Am i the spy?
|-damage|p1a: Am i the spy?|0 fnt
|-activate|p1a: Am i the spy?|ability: Toxic Debris
|-sidestart|p2: bushishizhijie|move: Toxic Spikes
|faint|p1a: Am i the spy?
|
|upkeep
|
|t:|1779604279
|switch|p1a: Might be the spy|Noivern, M|100/100
|turn|7
|
|t:|1779604289
|move|p2a: Ogerpon|Play Rough|p1a: Might be the spy|[miss]
|-miss|p2a: Ogerpon|p1a: Might be the spy
|move|p1a: Might be the spy|Boomburst|p2a: Ogerpon
|-damage|p2a: Ogerpon|0 fnt
|faint|p2a: Ogerpon
|
|upkeep
|
|t:|1779604309
|switch|p2a: Hatterene|Hatterene, F|100/100
|-status|p2a: Hatterene|tox
|turn|8
|
|t:|1779604322
|switch|p1a: Could be the spy|Scream Tail|100/100
|move|p2a: Hatterene|Draining Kiss|p1a: Could be the spy
|-damage|p1a: Could be the spy|86/100
|
|-damage|p2a: Hatterene|95/100 tox|[from] psn
|-sideend|p2: bushishizhijie|Reflect
|upkeep
|turn|9
|
|t:|1779604337
|switch|p2a: Great Tusk|Great Tusk|100/100
|-status|p2a: Great Tusk|tox
|-enditem|p2a: Great Tusk|Booster Energy
|-activate|p2a: Great Tusk|ability: Protosynthesis|[fromitem]
|-start|p2a: Great Tusk|protosynthesisatk
|move|p1a: Could be the spy|Psychic Noise|p2a: Great Tusk
|-supereffective|p2a: Great Tusk
|-damage|p2a: Great Tusk|47/100 tox
|-start|p2a: Great Tusk|move: Heal Block
|
|-damage|p2a: Great Tusk|41/100 tox|[from] psn
|upkeep
|turn|10
|
|t:|1779604348
|move|p2a: Great Tusk|Rapid Spin|p1a: Could be the spy
|-damage|p1a: Could be the spy|67/100
|-boost|p2a: Great Tusk|spe|1
|-sideend|p2: bushishizhijie|Toxic Spikes|[from] move: Rapid Spin|[of] p2a: Great Tusk
|move|p1a: Could be the spy|Trick|p2a: Great Tusk
|-activate|p1a: Could be the spy|move: Trick|[of] p2a: Great Tusk
|-item|p2a: Great Tusk|Lagging Tail|[from] move: Trick
|-enditem|p1a: Could be the spy|Lagging Tail|[silent]|[from] move: Trick
|
|-damage|p2a: Great Tusk|29/100 tox|[from] psn
|-end|p2a: Great Tusk|move: Heal Block
|upkeep
|turn|11
|
|t:|1779604370
|move|p1a: Could be the spy|Psychic Noise|p2a: Great Tusk
|-supereffective|p2a: Great Tusk
|-damage|p2a: Great Tusk|0 fnt
|faint|p2a: Great Tusk
|-end|p2a: Great Tusk|Protosynthesis|[silent]
|
|upkeep
|
|t:|1779604375
|switch|p2a: Ceruledge|Ceruledge, M|100/100
|turn|12
|
|t:|1779604393
|move|p1a: Could be the spy|Disable||[still]
|-fail|p1a: Could be the spy
|move|p2a: Ceruledge|Taunt|p1a: Could be the spy
|-start|p1a: Could be the spy|move: Taunt
|
|upkeep
|turn|13
|
|t:|1779604398
|-end|p1a: Could be the spy|Protosynthesis|[silent]
|switch|p1a: spikes for sale|Samurott-Hisui, M|100/100
|move|p2a: Ceruledge|Bulk Up|p2a: Ceruledge
|-boost|p2a: Ceruledge|atk|1
|-boost|p2a: Ceruledge|def|1
|
|upkeep
|turn|14
|
|t:|1779604417
|switch|p2a: Kommo-o|Kommo-o, M|100/100
|move|p1a: spikes for sale|Ceaseless Edge|p2a: Kommo-o
|-resisted|p2a: Kommo-o
|-damage|p2a: Kommo-o|80/100
|-sidestart|p2: bushishizhijie|Spikes
|
|-heal|p2a: Kommo-o|86/100|[from] item: Leftovers
|upkeep
|turn|15
|
|t:|1779604424
|switch|p1a: Could be the spy|Scream Tail|35/100
|move|p2a: Kommo-o|Clangorous Soul|p2a: Kommo-o
|-boost|p2a: Kommo-o|atk|1
|-boost|p2a: Kommo-o|def|1
|-boost|p2a: Kommo-o|spa|1
|-boost|p2a: Kommo-o|spd|1
|-boost|p2a: Kommo-o|spe|1
|-damage|p2a: Kommo-o|53/100
|
|-heal|p2a: Kommo-o|59/100|[from] item: Leftovers
|upkeep
|turn|16
|
|t:|1779604437
|move|p2a: Kommo-o|Substitute|p2a: Kommo-o
|-start|p2a: Kommo-o|Substitute
|-damage|p2a: Kommo-o|35/100
|move|p1a: Could be the spy|Psychic|p2a: Kommo-o
|-supereffective|p2a: Kommo-o
|-end|p2a: Kommo-o|Substitute
|
|-heal|p2a: Kommo-o|41/100|[from] item: Leftovers
|upkeep
|turn|17
|
|t:|1779604447
|move|p2a: Kommo-o|Shadow Claw|p1a: Could be the spy
|-immune|p1a: Could be the spy
|move|p1a: Could be the spy|Psychic|p2a: Kommo-o
|-supereffective|p2a: Kommo-o
|-crit|p2a: Kommo-o
|-damage|p2a: Kommo-o|0 fnt
|faint|p2a: Kommo-o
|
|upkeep
|c|☆PachuMerin|i am the spy
|
|t:|1779604464
|switch|p2a: Hatterene|Hatterene, F|95/100 tox
|-damage|p2a: Hatterene|82/100 tox|[from] Spikes
|turn|18
|
|t:|1779604477
|move|p1a: Could be the spy|Shadow Ball|p2a: Hatterene
|-supereffective|p2a: Hatterene
|-damage|p2a: Hatterene|0 fnt
|faint|p2a: Hatterene
|
|upkeep
|inactive|bushishizhijie has 120 seconds left.
|inactive|bushishizhijie has 90 seconds left.
|inactive|bushishizhijie has 60 seconds left.
|inactive|bushishizhijie has 30 seconds left.
|inactive|bushishizhijie has 20 seconds left.
|inactive|bushishizhijie has 15 seconds left.
|inactive|bushishizhijie has 10 seconds left.
|inactive|bushishizhijie has 5 seconds left.
|-message|bushishizhijie lost due to inactivity.
|
|win|PachuMerin
|raw|PachuMerin's rating: 1092 &rarr; <strong>1121</strong><br />(+29 for winning)
|raw|bushishizhijie's rating: 1133 &rarr; <strong>1105</strong><br />(-28 for losing)
|l|☆PachuMerin
|player|p1|
