|j|☆Leader Alastor
|j|☆Lryuzaki13
|t:|1779667483
|gametype|singles
|player|p1|Leader Alastor|blue|1357
|player|p2|Lryuzaki13|102|1376
|gen|9
|tier|[Gen 9] OU
|rated|
|rule|HP Percentage Mod: HP is shown in percentages
|rule|Endless Battle Clause: Forcing endless battles is banned
|rule|Species Clause: Limit one of each Pokémon
|rule|OHKO Clause: OHKO moves are banned
|rule|Evasion Items Clause: Evasion items are banned
|rule|Evasion Moves Clause: Evasion moves are banned
|rule|Evasion Abilities Clause: Evasion abilities are banned
|rule|Sleep Moves Clause: Sleep-inducing moves are banned
|clearpoke
|poke|p1|Ceruledge, F|
|poke|p1|Iron Valiant|
|poke|p1|Lilligant, F|
|poke|p1|Cloyster, M|
|poke|p1|Noivern, M|
|poke|p1|Malamar, F|
|poke|p2|Samurott-Hisui, M|
|poke|p2|Gholdengo|
|poke|p2|Great Tusk|
|poke|p2|Kingambit, M|
|poke|p2|Corviknight, M|
|poke|p2|Iron Valiant|
|teampreview
|
|t:|1779667514
|teamsize|p1|6
|teamsize|p2|6
|start
|switch|p1a: Trident|Cloyster, M|100/100
|switch|p2a: Rook|Samurott-Hisui, M|100/100
|turn|1
|inactive|Battle timer is ON: inactive players will automatically lose when time's up. (requested by Leader Alastor)
|
|t:|1779667527
|move|p2a: Rook|Knock Off|p1a: Trident
|-damage|p1a: Trident|61/100
|-enditem|p1a: Trident|Focus Sash|[from] move: Knock Off|[of] p2a: Rook
|move|p1a: Trident|Shell Smash|p1a: Trident
|-unboost|p1a: Trident|def|1
|-unboost|p1a: Trident|spd|1
|-boost|p1a: Trident|atk|2
|-boost|p1a: Trident|spa|2
|-boost|p1a: Trident|spe|2
|
|upkeep
|turn|2
|
|t:|1779667533
|move|p2a: Rook|Sucker Punch|p1a: Trident
|-damage|p1a: Trident|20/100
|move|p1a: Trident|Rock Blast|p2a: Rook
|-damage|p2a: Rook|80/100
|-damage|p2a: Rook|60/100
|-damage|p2a: Rook|40/100
|-damage|p2a: Rook|20/100
|-damage|p2a: Rook|0 fnt
|faint|p2a: Rook
|-hitcount|p2: Rook|5
|
|upkeep
|
|t:|1779667546
|switch|p2a: Kingambit|Kingambit, M|100/100
|-activate|p2a: Kingambit|ability: Supreme Overlord
|-start|p2a: Kingambit|fallen1|[silent]
|turn|3
|
|t:|1779667550
|move|p2a: Kingambit|Sucker Punch||[still]
|-fail|p2a: Kingambit
|move|p1a: Trident|Shell Smash|p1a: Trident
|-unboost|p1a: Trident|def|1
|-unboost|p1a: Trident|spd|1
|-boost|p1a: Trident|atk|2
|-boost|p1a: Trident|spa|2
|-boost|p1a: Trident|spe|2
|
|upkeep
|turn|4
|
|t:|1779667553
|move|p2a: Kingambit|Sucker Punch||[still]
|-fail|p2a: Kingambit
|move|p1a: Trident|Shell Smash|p1a: Trident
|-unboost|p1a: Trident|def|1
|-unboost|p1a: Trident|spd|1
|-boost|p1a: Trident|atk|2
|-boost|p1a: Trident|spa|2
|-boost|p1a: Trident|spe|2
|
|upkeep
|turn|5
|
|t:|1779667554
|move|p2a: Kingambit|Sucker Punch||[still]
|-fail|p2a: Kingambit
|move|p1a: Trident|Shell Smash|p1a: Trident
|-unboost|p1a: Trident|def|1
|-unboost|p1a: Trident|spd|1
|-boost|p1a: Trident|atk|0
|-boost|p1a: Trident|spa|0
|-boost|p1a: Trident|spe|0
|
|upkeep
|turn|6
|
|t:|1779667556
|move|p1a: Trident|Shell Smash|p1a: Trident
|-unboost|p1a: Trident|def|1
|-unboost|p1a: Trident|spd|1
|-boost|p1a: Trident|atk|0
|-boost|p1a: Trident|spa|0
|-boost|p1a: Trident|spe|0
|move|p2a: Kingambit|Kowtow Cleave|p1a: Trident
|-damage|p1a: Trident|0 fnt
|faint|p1a: Trident
|
|upkeep
|
|t:|1779667558
|switch|p1a: Partisan|Malamar, F|100/100
|turn|7
|
|t:|1779667570
|-end|p2a: Kingambit|fallen1|[silent]
|switch|p2a: Great Tusk|Great Tusk|100/100
|-enditem|p2a: Great Tusk|Booster Energy
|-activate|p2a: Great Tusk|ability: Protosynthesis|[fromitem]
|-start|p2a: Great Tusk|protosynthesisatk
|move|p1a: Partisan|Superpower|p2a: Great Tusk
|-damage|p2a: Great Tusk|75/100
|-boost|p1a: Partisan|atk|1
|-boost|p1a: Partisan|def|1
|
|upkeep
|turn|8
|
|t:|1779667576
|move|p2a: Great Tusk|Headlong Rush|p1a: Partisan
|-damage|p1a: Partisan|47/100
|-unboost|p2a: Great Tusk|def|1
|-unboost|p2a: Great Tusk|spd|1
|move|p1a: Partisan|Superpower|p2a: Great Tusk
|-damage|p2a: Great Tusk|20/100
|-boost|p1a: Partisan|atk|1
|-boost|p1a: Partisan|def|1
|
|upkeep
|turn|9
|-activate|p1a: Partisan|item: Quick Claw
|
|t:|1779667582
|move|p1a: Partisan|Superpower|p2a: Great Tusk
|-crit|p2a: Great Tusk
|-damage|p2a: Great Tusk|0 fnt
|-boost|p1a: Partisan|atk|1
|-boost|p1a: Partisan|def|1
|faint|p2a: Great Tusk
|-end|p2a: Great Tusk|Protosynthesis|[silent]
|
|upkeep
|
|t:|1779667596
|switch|p2a: Iron Valiant|Iron Valiant|100/100
|-enditem|p2a: Iron Valiant|Booster Energy
|-activate|p2a: Iron Valiant|ability: Quark Drive|[fromitem]
|-start|p2a: Iron Valiant|quarkdrivespe
|turn|10
|
|t:|1779667607
|-terastallize|p1a: Partisan|Poison
|move|p2a: Iron Valiant|Moonblast|p1a: Partisan
|-resisted|p1a: Partisan
|-damage|p1a: Partisan|19/100
|move|p1a: Partisan|Psycho Cut|p2a: Iron Valiant
|-supereffective|p2a: Iron Valiant
|-damage|p2a: Iron Valiant|0 fnt
|faint|p2a: Iron Valiant
|-end|p2a: Iron Valiant|Quark Drive|[silent]
|
|upkeep
|
|t:|1779667612
|switch|p2a: Kingambit|Kingambit, M|100/100
|-activate|p2a: Kingambit|ability: Supreme Overlord
|-start|p2a: Kingambit|fallen3|[silent]
|turn|11
|-activate|p1a: Partisan|item: Quick Claw
|
|t:|1779667616
|-terastallize|p2a: Kingambit|Dark
|move|p2a: Kingambit|Sucker Punch||[still]
|-fail|p2a: Kingambit
|move|p1a: Partisan|Topsy-Turvy||[still]
|-fail|p1a: Partisan
|
|upkeep
|turn|12
|-activate|p1a: Partisan|item: Quick Claw
|
|t:|1779667627
|move|p2a: Kingambit|Sucker Punch||[still]
|-fail|p2a: Kingambit
|move|p1a: Partisan|Topsy-Turvy||[still]
|-fail|p1a: Partisan
|
|upkeep
|turn|13
|
|t:|1779667631
|move|p2a: Kingambit|Kowtow Cleave|p1a: Partisan
|-damage|p1a: Partisan|0 fnt
|faint|p1a: Partisan
|
|upkeep
|
|t:|1779667635
|switch|p1a: Flamberge|Ceruledge, F|100/100
|turn|14
|
|t:|1779667637
|-end|p2a: Kingambit|fallen3|[silent]
|switch|p2a: Gholdengo|Gholdengo|100/100
|-item|p2a: Gholdengo|Air Balloon
|move|p1a: Flamberge|Swords Dance|p1a: Flamberge
|-boost|p1a: Flamberge|atk|2
|
|upkeep
|turn|15
|
|t:|1779667640
|move|p1a: Flamberge|Bitter Blade|p2a: Gholdengo
|-supereffective|p2a: Gholdengo
|-damage|p2a: Gholdengo|0 fnt
|-enditem|p2a: Gholdengo|Air Balloon
|faint|p2a: Gholdengo
|
|upkeep
|
|t:|1779667642
|switch|p2a: Corviknight|Corviknight, M|100/100
|-ability|p2a: Corviknight|Pressure
|turn|16
|
|t:|1779667644
|move|p1a: Flamberge|Bitter Blade|p2a: Corviknight
|-supereffective|p2a: Corviknight
|-crit|p2a: Corviknight
|-damage|p2a: Corviknight|0 fnt
|faint|p2a: Corviknight
|
|upkeep
|
|t:|1779667646
|switch|p2a: Kingambit|Kingambit, M, tera:Dark|100/100
|-activate|p2a: Kingambit|ability: Supreme Overlord
|-start|p2a: Kingambit|fallen5|[silent]
|turn|17
|
|t:|1779667648
|move|p1a: Flamberge|Brick Break|p2a: Kingambit
|-supereffective|p2a: Kingambit
|-damage|p2a: Kingambit|21/100
|move|p2a: Kingambit|Kowtow Cleave|p1a: Flamberge
|-supereffective|p1a: Flamberge
|-enditem|p1a: Flamberge|Focus Sash
|-damage|p1a: Flamberge|1/100
|-ability|p1a: Flamberge|Weak Armor|boost
|-unboost|p1a: Flamberge|def|1
|-boost|p1a: Flamberge|spe|2
|
|-heal|p2a: Kingambit|27/100|[from] item: Leftovers
|upkeep
|turn|18
|
|t:|1779667654
|move|p1a: Flamberge|Shadow Sneak|p2a: Kingambit
|-resisted|p2a: Kingambit
|-damage|p2a: Kingambit|8/100
|move|p2a: Kingambit|Sucker Punch||[still]
|-fail|p2a: Kingambit
|
|-heal|p2a: Kingambit|15/100|[from] item: Leftovers
|upkeep
|turn|19
|
|t:|1779667657
|move|p1a: Flamberge|Shadow Sneak|p2a: Kingambit
|-resisted|p2a: Kingambit
|-damage|p2a: Kingambit|0 fnt
|faint|p2a: Kingambit
|-end|p2a: Kingambit|fallen5|[silent]
|
|win|Leader Alastor
|raw|Leader Alastor's rating: 1357 &rarr; <strong>1378</strong><br />(+21 for winning)
|raw|Lryuzaki13's rating: 1376 &rarr; <strong>1355</strong><br />(-21 for losing)
|l|☆Lryuzaki13
|player|p2|
|l|☆Leader Alastor
|player|p1|
