|j|☆bamzilla12
|j|☆CantFindExplain
|t:|1779682163
|gametype|singles
|player|p1|bamzilla12|lucas-gen4pt|1352
|player|p2|CantFindExplain|102|1331
|gen|9
|tier|[Gen 9] OU
|rated|
|rule|HP Percentage Mod: HP is shown in percentages
|rule|Endless Battle Clause: Forcing endless battles is banned
|rule|Species Clause: Limit one of each Pokémon
|rule|OHKO Clause: OHKO moves are banned
|rule|Evasion Items Clause: Evasion items are banned
|rule|Evasion Moves Clause: Evasion moves are banned
|rule|Evasion Abilities Clause: Evasion abilities are banned
|rule|Sleep Moves Clause: Sleep-inducing moves are banned
|clearpoke
|poke|p1|Muk-Alola, M|
|poke|p1|Ogerpon-Wellspring, F|
|poke|p1|Zapdos|
|poke|p1|Goodra-Hisui, M|
|poke|p1|Garchomp, F|
|poke|p1|Enamorus, F|
|poke|p2|Dragapult, F|
|poke|p2|Garganacl, F|
|poke|p2|Ogerpon-Wellspring, F|
|poke|p2|Zamazenta-*|
|poke|p2|Zapdos|
|poke|p2|Iron Treads|
|teampreview
|
|t:|1779682213
|teamsize|p1|6
|teamsize|p2|6
|start
|switch|p1a: Goodra|Goodra-Hisui, M|100/100
|switch|p2a: Ogerpon|Ogerpon-Wellspring, F|100/100
|turn|1
|inactive|Battle timer is ON: inactive players will automatically lose when time's up. (requested by CantFindExplain)
|
|t:|1779682227
|move|p2a: Ogerpon|U-turn|p1a: Goodra
|-resisted|p1a: Goodra
|-damage|p1a: Goodra|88/100
|-ability|p1a: Goodra|Gooey
|-unboost|p2a: Ogerpon|spe|1
|-enditem|p1a: Goodra|Red Card|[of] p2a: Ogerpon
|drag|p2a: Zapdos|Zapdos|100/100
|move|p1a: Goodra|Thunder|p2a: Zapdos
|-damage|p2a: Zapdos|62/100
|
|upkeep
|turn|2
|
|t:|1779682237
|switch|p2a: Iron Treads|Iron Treads|100/100
|move|p1a: Goodra|Blizzard|p2a: Iron Treads|[miss]
|-miss|p1a: Goodra|p2a: Iron Treads
|
|upkeep
|turn|3
|
|t:|1779682243
|switch|p1a: Zapdos|Zapdos|100/100
|move|p2a: Iron Treads|Stealth Rock|p1a: Zapdos
|-sidestart|p1: bamzilla12|move: Stealth Rock
|
|upkeep
|turn|4
|
|t:|1779682248
|move|p2a: Iron Treads|Knock Off|p1a: Zapdos
|-damage|p1a: Zapdos|78/100
|-damage|p2a: Iron Treads|84/100|[from] item: Rocky Helmet|[of] p1a: Zapdos
|-status|p2a: Iron Treads|par|[from] ability: Static|[of] p1a: Zapdos
|-enditem|p1a: Zapdos|Rocky Helmet|[from] move: Knock Off|[of] p2a: Iron Treads
|move|p1a: Zapdos|Heat Wave|p2a: Iron Treads
|-supereffective|p2a: Iron Treads
|-damage|p2a: Iron Treads|26/100 par
|
|-heal|p2a: Iron Treads|32/100 par|[from] item: Leftovers
|upkeep
|turn|5
|
|t:|1779682257
|-end|p2a: Iron Treads|Quark Drive|[silent]
|switch|p2a: Garganacl|Garganacl, F|100/100
|move|p1a: Zapdos|Heat Wave|p2a: Garganacl
|-resisted|p2a: Garganacl
|-damage|p2a: Garganacl|90/100
|
|-heal|p2a: Garganacl|96/100|[from] item: Leftovers
|upkeep
|turn|6
|
|t:|1779682272
|switch|p1a: Garchomp|Garchomp, F|100/100
|-damage|p1a: Garchomp|94/100|[from] Stealth Rock
|move|p2a: Garganacl|Salt Cure|p1a: Garchomp
|-resisted|p1a: Garchomp
|-damage|p1a: Garchomp|87/100
|-start|p1a: Garchomp|Salt Cure
|
|-heal|p2a: Garganacl|100/100|[from] item: Leftovers
|-damage|p1a: Garchomp|75/100|[from] Salt Cure
|upkeep
|turn|7
|
|t:|1779682284
|switch|p2a: Ogerpon|Ogerpon-Wellspring, F|100/100
|move|p1a: Garchomp|Earthquake|p2a: Ogerpon
|-resisted|p2a: Ogerpon
|-damage|p2a: Ogerpon|64/100
|
|-damage|p1a: Garchomp|62/100|[from] Salt Cure
|upkeep
|turn|8
|
|t:|1779682292
|move|p2a: Ogerpon|Ivy Cudgel|p1a: Garchomp|[anim] Ivy Cudgel Water
|-crit|p1a: Garchomp
|-damage|p1a: Garchomp|0 fnt
|faint|p1a: Garchomp
|
|upkeep
|
|t:|1779682298
|switch|p1a: Muk|Muk-Alola, M|100/100
|-damage|p1a: Muk|88/100|[from] Stealth Rock
|turn|9
|
|t:|1779682308
|move|p2a: Ogerpon|U-turn|p1a: Muk
|-damage|p1a: Muk|62/100
|
|t:|1779682311
|switch|p2a: Iron Treads|Iron Treads|32/100 par|[from] U-turn
|move|p1a: Muk|Drain Punch|p2a: Iron Treads
|-supereffective|p2a: Iron Treads
|-damage|p2a: Iron Treads|0 fnt
|-heal|p1a: Muk|79/100|[from] drain|[of] p2a: Iron Treads
|faint|p2a: Iron Treads
|-end|p2a: Iron Treads|Quark Drive|[silent]
|
|-heal|p1a: Muk|85/100|[from] item: Black Sludge
|upkeep
|inactive|CantFindExplain has 120 seconds left.
|inactive|CantFindExplain has 90 seconds left.
|
|t:|1779682380
|switch|p2a: Zamazenta|Zamazenta|100/100
|-ability|p2a: Zamazenta|Dauntless Shield|boost
|-boost|p2a: Zamazenta|def|1
|turn|10
|
|t:|1779682392
|move|p2a: Zamazenta|Substitute|p2a: Zamazenta
|-start|p2a: Zamazenta|Substitute
|-damage|p2a: Zamazenta|76/100
|move|p1a: Muk|Knock Off|p2a: Zamazenta
|-resisted|p2a: Zamazenta
|-activate|p2a: Zamazenta|move: Substitute|[damage]
|
|-heal|p2a: Zamazenta|82/100|[from] item: Leftovers
|-heal|p1a: Muk|91/100|[from] item: Black Sludge
|upkeep
|turn|11
|
|t:|1779682403
|move|p1a: Muk|Shadow Sneak|p2a: Zamazenta
|-activate|p2a: Zamazenta|move: Substitute|[damage]
|move|p2a: Zamazenta|Iron Defense|p2a: Zamazenta
|-boost|p2a: Zamazenta|def|2
|
|-heal|p2a: Zamazenta|88/100|[from] item: Leftovers
|-heal|p1a: Muk|97/100|[from] item: Black Sludge
|upkeep
|turn|12
|
|t:|1779682409
|move|p1a: Muk|Shadow Sneak|p2a: Zamazenta
|-activate|p2a: Zamazenta|move: Substitute|[damage]
|move|p2a: Zamazenta|Body Press|p1a: Muk
|-damage|p1a: Muk|24/100
|
|-heal|p2a: Zamazenta|94/100|[from] item: Leftovers
|-heal|p1a: Muk|30/100|[from] item: Black Sludge
|upkeep
|turn|13
|inactive|CantFindExplain has 120 seconds left.
|
|t:|1779682415
|move|p2a: Zamazenta|Substitute|p2a: Zamazenta
|-fail|p2a: Zamazenta|move: Substitute
|move|p1a: Muk|Knock Off|p2a: Zamazenta
|-resisted|p2a: Zamazenta
|-end|p2a: Zamazenta|Substitute
|
|-heal|p2a: Zamazenta|100/100|[from] item: Leftovers
|-heal|p1a: Muk|36/100|[from] item: Black Sludge
|upkeep
|turn|14
|
|t:|1779682425
|switch|p1a: Goodra|Goodra-Hisui, M|88/100
|-damage|p1a: Goodra|82/100|[from] Stealth Rock
|move|p2a: Zamazenta|Substitute|p2a: Zamazenta
|-start|p2a: Zamazenta|Substitute
|-damage|p2a: Zamazenta|76/100
|
|-heal|p2a: Zamazenta|82/100|[from] item: Leftovers
|upkeep
|turn|15
|
|t:|1779682435
|-terastallize|p2a: Zamazenta|Electric
|move|p2a: Zamazenta|Body Press|p1a: Goodra
|-supereffective|p1a: Goodra
|-damage|p1a: Goodra|0 fnt
|-ability|p1a: Goodra|Gooey
|-unboost|p2a: Zamazenta|spe|1
|faint|p1a: Goodra
|
|-heal|p2a: Zamazenta|88/100|[from] item: Leftovers
|upkeep
|
|t:|1779682445
|switch|p1a: Enamorus|Enamorus, F|100/100
|-damage|p1a: Enamorus|76/100|[from] Stealth Rock
|turn|16
|
|t:|1779682449
|move|p1a: Enamorus|Earth Power|p2a: Zamazenta
|-supereffective|p2a: Zamazenta
|-end|p2a: Zamazenta|Substitute
|move|p2a: Zamazenta|Body Press|p1a: Enamorus
|-resisted|p1a: Enamorus
|-damage|p1a: Enamorus|44/100
|
|-heal|p2a: Zamazenta|94/100|[from] item: Leftovers
|upkeep
|turn|17
|
|t:|1779682460
|switch|p2a: Zapdos|Zapdos|62/100
|move|p1a: Enamorus|Earth Power|p2a: Zapdos
|-immune|p2a: Zapdos
|
|upkeep
|turn|18
|
|t:|1779682469
|switch|p1a: Muk|Muk-Alola, M|36/100
|-damage|p1a: Muk|23/100|[from] Stealth Rock
|move|p2a: Zapdos|Discharge|p1a: Muk
|-damage|p1a: Muk|0 fnt
|faint|p1a: Muk
|
|upkeep
|
|t:|1779682479
|switch|p1a: Enamorus|Enamorus, F|44/100
|-damage|p1a: Enamorus|20/100|[from] Stealth Rock
|turn|19
|
|t:|1779682491
|-terastallize|p1a: Enamorus|Fairy
|move|p1a: Enamorus|Moonblast|p2a: Zapdos
|-damage|p2a: Zapdos|0 fnt
|faint|p2a: Zapdos
|
|upkeep
|
|t:|1779682507
|switch|p2a: Garganacl|Garganacl, F|100/100
|turn|20
|
|t:|1779682513
|move|p1a: Enamorus|Moonblast|p2a: Garganacl
|-damage|p2a: Garganacl|52/100
|move|p2a: Garganacl|Salt Cure|p1a: Enamorus
|-damage|p1a: Enamorus|0 fnt
|faint|p1a: Enamorus
|
|-heal|p2a: Garganacl|58/100|[from] item: Leftovers
|upkeep
|
|t:|1779682519
|switch|p1a: Ogerpon|Ogerpon-Wellspring, F|100/100
|-damage|p1a: Ogerpon|88/100|[from] Stealth Rock
|turn|21
|
|t:|1779682523
|move|p1a: Ogerpon|Horn Leech|p2a: Garganacl
|-supereffective|p2a: Garganacl
|-damage|p2a: Garganacl|0 fnt
|-heal|p1a: Ogerpon|100/100|[from] drain|[of] p2a: Garganacl
|faint|p2a: Garganacl
|
|upkeep
|
|t:|1779682528
|switch|p2a: Dragapult|Dragapult, F|100/100
|turn|22
|
|t:|1779682532
|move|p1a: Ogerpon|Spiky Shield|p1a: Ogerpon
|-singleturn|p1a: Ogerpon|move: Protect
|move|p2a: Dragapult|U-turn|p1a: Ogerpon
|-activate|p1a: Ogerpon|move: Protect
|-damage|p2a: Dragapult|88/100|[from] Spiky Shield|[of] p1a: Ogerpon
|
|upkeep
|turn|23
|
|t:|1779682543
|switch|p1a: Zapdos|Zapdos|78/100
|-damage|p1a: Zapdos|53/100|[from] Stealth Rock
|move|p2a: Dragapult|U-turn|p1a: Zapdos
|-resisted|p1a: Zapdos
|-damage|p1a: Zapdos|45/100
|-status|p2a: Dragapult|par|[from] ability: Static|[of] p1a: Zapdos
|
|t:|1779682548
|switch|p2a: Zamazenta|Zamazenta, tera:Electric|94/100|[from] U-turn
|
|-heal|p2a: Zamazenta|100/100|[from] item: Leftovers
|upkeep
|turn|24
|
|t:|1779682561
|move|p2a: Zamazenta|Iron Defense|p2a: Zamazenta
|-boost|p2a: Zamazenta|def|2
|move|p1a: Zapdos|Roost|p1a: Zapdos
|-heal|p1a: Zapdos|95/100
|-singleturn|p1a: Zapdos|move: Roost
|
|upkeep
|turn|25
|
|t:|1779682579
|move|p2a: Zamazenta|Substitute|p2a: Zamazenta
|-start|p2a: Zamazenta|Substitute
|-damage|p2a: Zamazenta|76/100
|move|p1a: Zapdos|Heat Wave|p2a: Zamazenta
|-end|p2a: Zamazenta|Substitute
|
|-heal|p2a: Zamazenta|82/100|[from] item: Leftovers
|upkeep
|turn|26
|
|t:|1779682586
|move|p2a: Zamazenta|Body Press|p1a: Zapdos
|-resisted|p1a: Zapdos
|-damage|p1a: Zapdos|66/100
|move|p1a: Zapdos|Heat Wave|p2a: Zamazenta
|-crit|p2a: Zamazenta
|-damage|p2a: Zamazenta|38/100
|
|-heal|p2a: Zamazenta|45/100|[from] item: Leftovers
|upkeep
|turn|27
|
|t:|1779682597
|switch|p2a: Dragapult|Dragapult, F|88/100 par
|move|p1a: Zapdos|Heat Wave|p2a: Dragapult
|-resisted|p2a: Dragapult
|-damage|p2a: Dragapult|63/100 par
|
|upkeep
|turn|28
|
|t:|1779682605
|move|p1a: Zapdos|Roost|p1a: Zapdos
|-heal|p1a: Zapdos|100/100
|-singleturn|p1a: Zapdos|move: Roost
|move|p2a: Dragapult|Draco Meteor|p1a: Zapdos
|-crit|p1a: Zapdos
|-damage|p1a: Zapdos|0 fnt
|-unboost|p2a: Dragapult|spa|2
|faint|p1a: Zapdos
|
|upkeep
|
|t:|1779682616
|switch|p1a: Ogerpon|Ogerpon-Wellspring, F|100/100
|-damage|p1a: Ogerpon|88/100|[from] Stealth Rock
|turn|29
|
|t:|1779682632
|move|p1a: Ogerpon|Horn Leech|p2a: Dragapult
|-resisted|p2a: Dragapult
|-damage|p2a: Dragapult|34/100 par
|-heal|p1a: Ogerpon|100/100|[from] drain|[of] p2a: Dragapult
|cant|p2a: Dragapult|par
|
|upkeep
|turn|30
|
|t:|1779682640
|move|p1a: Ogerpon|Ivy Cudgel|p2a: Dragapult|[anim] Ivy Cudgel Water
|-resisted|p2a: Dragapult
|-damage|p2a: Dragapult|0 fnt
|faint|p2a: Dragapult
|
|upkeep
|inactive|CantFindExplain has 120 seconds left.
|
|t:|1779682682
|switch|p2a: Zamazenta|Zamazenta, tera:Electric|45/100
|turn|31
|inactive|bamzilla12 has 120 seconds left.
|inactive|bamzilla12 has 90 seconds left.
|
|t:|1779682745
|move|p2a: Zamazenta|Iron Defense|p2a: Zamazenta
|-boost|p2a: Zamazenta|def|2
|move|p1a: Ogerpon|Superpower|p2a: Zamazenta
|-damage|p2a: Zamazenta|28/100
|-unboost|p1a: Ogerpon|atk|1
|-unboost|p1a: Ogerpon|def|1
|
|-heal|p2a: Zamazenta|35/100|[from] item: Leftovers
|upkeep
|turn|32
|inactive|bamzilla12 has 90 seconds left.
|inactive|CantFindExplain has 120 seconds left.
|
|t:|1779682784
|move|p1a: Ogerpon|Spiky Shield|p1a: Ogerpon
|-singleturn|p1a: Ogerpon|move: Protect
|move|p2a: Zamazenta|Body Press|p1a: Ogerpon
|-activate|p1a: Ogerpon|move: Protect
|-damage|p2a: Zamazenta|22/100|[from] Spiky Shield|[of] p1a: Ogerpon
|
|-heal|p2a: Zamazenta|28/100|[from] item: Leftovers
|upkeep
|turn|33
|inactive|bamzilla12 has 90 seconds left.
|
|t:|1779682814
|move|p2a: Zamazenta|Body Press|p1a: Ogerpon
|-damage|p1a: Ogerpon|0 fnt
|faint|p1a: Ogerpon
|
|win|CantFindExplain
|raw|bamzilla12's rating: 1352 &rarr; <strong>1331</strong><br />(-21 for losing)
|raw|CantFindExplain's rating: 1331 &rarr; <strong>1352</strong><br />(+21 for winning)
|l|☆CantFindExplain
|player|p2|
|l|☆bamzilla12
|player|p1|
