|j|☆noonymoose
|j|☆samoray
|t:|1779660795
|gametype|singles
|player|p1|noonymoose|n|1232
|player|p2|samoray|supernerd|1226
|gen|9
|tier|[Gen 9] OU
|rated|
|rule|HP Percentage Mod: HP is shown in percentages
|rule|Endless Battle Clause: Forcing endless battles is banned
|rule|Species Clause: Limit one of each Pokémon
|rule|OHKO Clause: OHKO moves are banned
|rule|Evasion Items Clause: Evasion items are banned
|rule|Evasion Moves Clause: Evasion moves are banned
|rule|Evasion Abilities Clause: Evasion abilities are banned
|rule|Sleep Moves Clause: Sleep-inducing moves are banned
|clearpoke
|poke|p1|Misdreavus, M|
|poke|p1|Ogerpon, F|
|poke|p1|Zapdos|
|poke|p1|Dudunsparce-*, F|
|poke|p1|Darkrai|
|poke|p1|Great Tusk|
|poke|p2|Grimmsnarl, M|
|poke|p2|Polteageist|
|poke|p2|Zamazenta-*|
|poke|p2|Inteleon, M|
|poke|p2|Cinderace, F|
|poke|p2|Hatterene, F|
|teampreview
|inactive|Battle timer is ON: inactive players will automatically lose when time's up. (requested by noonymoose)
|
|t:|1779660804
|teamsize|p1|6
|teamsize|p2|6
|start
|switch|p1a: Dudunsparce|Dudunsparce, F|100/100
|switch|p2a: Cinderace|Cinderace, F|100/100
|turn|1
|
|t:|1779660811
|move|p2a: Cinderace|High Jump Kick|p1a: Dudunsparce
|-start|p2a: Cinderace|typechange|Fighting|[from] ability: Libero
|-supereffective|p1a: Dudunsparce
|-damage|p1a: Dudunsparce|0 fnt
|faint|p1a: Dudunsparce
|
|upkeep
|
|t:|1779660818
|switch|p1a: Misdreavus|Misdreavus, M|100/100
|turn|2
|
|t:|1779660822
|switch|p2a: Inteleon|Inteleon, M|100/100
|move|p1a: Misdreavus|Will-O-Wisp|p2a: Inteleon|[miss]
|-miss|p1a: Misdreavus|p2a: Inteleon
|
|upkeep
|turn|3
|
|t:|1779660829
|move|p2a: Inteleon|Dark Pulse|p1a: Misdreavus
|-supereffective|p1a: Misdreavus
|-damage|p1a: Misdreavus|55/100
|move|p1a: Misdreavus|Pain Split|p2a: Inteleon
|-sethp|p2a: Inteleon|82/100|[from] move: Pain Split|[silent]
|-sethp|p1a: Misdreavus|71/100|[from] move: Pain Split
|
|upkeep
|turn|4
|
|t:|1779660837
|switch|p1a: Great Tusk|Great Tusk|100/100
|move|p2a: Inteleon|Dark Pulse|p1a: Great Tusk
|-resisted|p1a: Great Tusk
|-damage|p1a: Great Tusk|80/100
|
|upkeep
|turn|5
|
|t:|1779660845
|switch|p2a: Hatterene|Hatterene, F|100/100
|move|p1a: Great Tusk|Headlong Rush|p2a: Hatterene
|-damage|p2a: Hatterene|35/100
|-unboost|p1a: Great Tusk|def|1
|-unboost|p1a: Great Tusk|spd|1
|
|-heal|p2a: Hatterene|41/100|[from] item: Leftovers
|upkeep
|turn|6
|
|t:|1779660862
|move|p1a: Great Tusk|Headlong Rush|p2a: Hatterene
|-damage|p2a: Hatterene|0 fnt
|-unboost|p1a: Great Tusk|def|1
|-unboost|p1a: Great Tusk|spd|1
|faint|p2a: Hatterene
|
|upkeep
|
|t:|1779660869
|switch|p2a: Inteleon|Inteleon, M|82/100
|turn|7
|
|t:|1779660875
|-end|p1a: Great Tusk|Protosynthesis|[silent]
|switch|p1a: Ogerpon|Ogerpon, F|100/100
|move|p2a: Inteleon|Ice Beam|p1a: Ogerpon
|-supereffective|p1a: Ogerpon
|-damage|p1a: Ogerpon|24/100
|
|upkeep
|turn|8
|
|t:|1779660903
|switch|p1a: Misdreavus|Misdreavus, M|71/100
|move|p2a: Inteleon|Ice Beam|p1a: Misdreavus
|-damage|p1a: Misdreavus|45/100
|
|upkeep
|turn|9
|
|t:|1779660917
|move|p2a: Inteleon|Dark Pulse|p1a: Misdreavus
|-supereffective|p1a: Misdreavus
|-damage|p1a: Misdreavus|0 fnt
|faint|p1a: Misdreavus
|
|upkeep
|
|t:|1779660923
|switch|p1a: Ogerpon|Ogerpon, F|24/100
|turn|10
|
|t:|1779660927
|-terastallize|p1a: Ogerpon|Grass
|detailschange|p1a: Ogerpon|Ogerpon-Teal-Tera, F, tera:Grass
|-ability|p1a: Ogerpon|Embody Aspect (Teal)|boost
|-boost|p1a: Ogerpon|spe|1
|move|p1a: Ogerpon|Ivy Cudgel|p2a: Inteleon
|-supereffective|p2a: Inteleon
|-damage|p2a: Inteleon|0 fnt
|faint|p2a: Inteleon
|
|upkeep
|
|t:|1779660938
|switch|p2a: Cinderace|Cinderace, F|100/100
|turn|11
|
|t:|1779660942
|switch|p1a: Great Tusk|Great Tusk|80/100
|move|p2a: Cinderace|U-turn|p1a: Great Tusk
|-start|p2a: Cinderace|typechange|Bug|[from] ability: Libero
|-resisted|p1a: Great Tusk
|-damage|p1a: Great Tusk|70/100
|
|t:|1779660951
|switch|p2a: Polteageist|Polteageist|100/100|[from] U-turn
|
|upkeep
|turn|12
|
|t:|1779660975
|move|p1a: Great Tusk|Headlong Rush|p2a: Polteageist
|-damage|p2a: Polteageist|23/100
|-unboost|p1a: Great Tusk|def|1
|-unboost|p1a: Great Tusk|spd|1
|move|p2a: Polteageist|Shell Smash|p2a: Polteageist
|-unboost|p2a: Polteageist|def|1
|-unboost|p2a: Polteageist|spd|1
|-boost|p2a: Polteageist|atk|2
|-boost|p2a: Polteageist|spa|2
|-boost|p2a: Polteageist|spe|2
|
|upkeep
|turn|13
|
|t:|1779660985
|move|p2a: Polteageist|Giga Drain|p1a: Great Tusk
|-supereffective|p1a: Great Tusk
|-damage|p1a: Great Tusk|0 fnt
|-heal|p2a: Polteageist|63/100|[from] drain|[of] p1a: Great Tusk
|faint|p1a: Great Tusk
|-end|p1a: Great Tusk|Protosynthesis|[silent]
|-damage|p2a: Polteageist|53/100|[from] item: Life Orb
|
|upkeep
|inactive|noonymoose has 120 seconds left.
|
|t:|1779661021
|switch|p1a: Ogerpon|Ogerpon-Teal-Tera, F, tera:Grass|24/100
|-ability|p1a: Ogerpon|Embody Aspect (Teal)|boost
|-boost|p1a: Ogerpon|spe|1
|turn|14
|
|t:|1779661035
|move|p1a: Ogerpon|Knock Off|p2a: Polteageist
|-supereffective|p2a: Polteageist
|-damage|p2a: Polteageist|0 fnt
|-enditem|p2a: Polteageist|Life Orb|[from] move: Knock Off|[of] p1a: Ogerpon
|faint|p2a: Polteageist
|
|upkeep
|
|t:|1779661047
|switch|p2a: Grimmsnarl|Grimmsnarl, M|100/100
|turn|15
|
|t:|1779661051
|switch|p1a: Zapdos|Zapdos|100/100
|move|p2a: Grimmsnarl|Reflect|p2a: Grimmsnarl
|-sidestart|p2: samoray|Reflect
|
|upkeep
|turn|16
|
|t:|1779661056
|move|p2a: Grimmsnarl|Light Screen|p2a: Grimmsnarl
|-sidestart|p2: samoray|move: Light Screen
|move|p1a: Zapdos|Thunder Wave|p2a: Grimmsnarl
|-status|p2a: Grimmsnarl|par
|
|upkeep
|turn|17
|
|t:|1779661067
|move|p2a: Grimmsnarl|Taunt|p1a: Zapdos
|-start|p1a: Zapdos|move: Taunt
|move|p1a: Zapdos|Volt Switch|p2a: Grimmsnarl
|-damage|p2a: Grimmsnarl|86/100 par
|
|t:|1779661070
|switch|p1a: Darkrai|Darkrai|100/100|[from] Volt Switch
|
|upkeep
|turn|18
|inactive|samoray has 120 seconds left.
|
|t:|1779661109
|move|p2a: Grimmsnarl|Thunder Wave|p1a: Darkrai
|-hint|Since gen 7, Dark is immune to Prankster moves.
|-immune|p1a: Darkrai
|move|p1a: Darkrai|Thunder Wave|p2a: Grimmsnarl
|-fail|p2a: Grimmsnarl|par
|
|upkeep
|turn|19
|inactive|samoray has 120 seconds left.
|
|t:|1779661117
|switch|p1a: Zapdos|Zapdos|100/100
|move|p2a: Grimmsnarl|Taunt|p1a: Zapdos
|-start|p1a: Zapdos|move: Taunt
|
|upkeep
|turn|20
|inactive|samoray has 120 seconds left.
|
|t:|1779661127
|switch|p2a: Zamazenta|Zamazenta|100/100
|-ability|p2a: Zamazenta|Dauntless Shield|boost
|-boost|p2a: Zamazenta|def|1
|move|p1a: Zapdos|Volt Switch|p2a: Zamazenta
|-damage|p2a: Zamazenta|92/100
|
|t:|1779661135
|switch|p1a: Ogerpon|Ogerpon-Teal-Tera, F, tera:Grass|24/100|[from] Volt Switch
|-ability|p1a: Ogerpon|Embody Aspect (Teal)|boost
|-boost|p1a: Ogerpon|spe|1
|
|-heal|p2a: Zamazenta|98/100|[from] item: Leftovers
|upkeep
|turn|21
|
|t:|1779661144
|move|p1a: Ogerpon|U-turn|p2a: Zamazenta
|-resisted|p2a: Zamazenta
|-damage|p2a: Zamazenta|94/100
|
|t:|1779661146
|switch|p1a: Zapdos|Zapdos|100/100|[from] U-turn
|move|p2a: Zamazenta|Iron Defense|p2a: Zamazenta
|-boost|p2a: Zamazenta|def|2
|
|-heal|p2a: Zamazenta|99/100|[from] item: Leftovers
|upkeep
|turn|22
|
|t:|1779661157
|move|p2a: Zamazenta|Crunch|p1a: Zapdos
|-damage|p1a: Zapdos|79/100
|move|p1a: Zapdos|Thunder Wave|p2a: Zamazenta
|-status|p2a: Zamazenta|par
|
|-heal|p2a: Zamazenta|100/100 par|[from] item: Leftovers
|-sideend|p2: samoray|Reflect
|upkeep
|turn|23
|
|t:|1779661167
|switch|p2a: Cinderace|Cinderace, F|100/100
|move|p1a: Zapdos|Volt Switch|p2a: Cinderace
|-damage|p2a: Cinderace|79/100
|
|t:|1779661176
|switch|p1a: Ogerpon|Ogerpon-Teal-Tera, F, tera:Grass|24/100|[from] Volt Switch
|-ability|p1a: Ogerpon|Embody Aspect (Teal)|boost
|-boost|p1a: Ogerpon|spe|1
|
|-sideend|p2: samoray|move: Light Screen
|upkeep
|turn|24
|
|t:|1779661185
|move|p1a: Ogerpon|U-turn|p2a: Cinderace
|-resisted|p2a: Cinderace
|-damage|p2a: Cinderace|53/100
|
|t:|1779661188
|switch|p1a: Zapdos|Zapdos|79/100|[from] U-turn
|move|p2a: Cinderace|U-turn|p1a: Zapdos
|-start|p2a: Cinderace|typechange|Bug|[from] ability: Libero
|-resisted|p1a: Zapdos
|-damage|p1a: Zapdos|61/100
|
|t:|1779661197
|switch|p2a: Grimmsnarl|Grimmsnarl, M|86/100 par|[from] U-turn
|
|upkeep
|turn|25
|
|t:|1779661201
|move|p2a: Grimmsnarl|Taunt|p1a: Zapdos
|-start|p1a: Zapdos|move: Taunt
|move|p1a: Zapdos|Volt Switch|p2a: Grimmsnarl
|-damage|p2a: Grimmsnarl|56/100 par
|
|t:|1779661204
|switch|p1a: Darkrai|Darkrai|100/100|[from] Volt Switch
|
|upkeep
|turn|26
|
|t:|1779661224
|move|p2a: Grimmsnarl|Taunt|p1a: Darkrai
|-hint|Since gen 7, Dark is immune to Prankster moves.
|-immune|p1a: Darkrai
|move|p1a: Darkrai|Substitute|p1a: Darkrai
|-start|p1a: Darkrai|Substitute
|-damage|p1a: Darkrai|76/100
|
|-heal|p1a: Darkrai|82/100|[from] item: Leftovers
|upkeep
|turn|27
|-message|samoray forfeited.
|
|win|noonymoose
|raw|noonymoose's rating: 1232 &rarr; <strong>1257</strong><br />(+25 for winning)
|raw|samoray's rating: 1226 &rarr; <strong>1201</strong><br />(-25 for losing)
|l|☆samoray
|player|p2|
|l|☆noonymoose
|player|p1|
