|j|☆cheeseybeanson
|j|☆Darkness918
|t:|1779712653
|gametype|singles
|player|p1|cheeseybeanson|1|1320
|player|p2|Darkness918|grimsley|1324
|gen|9
|tier|[Gen 9] OU
|rated|
|rule|HP Percentage Mod: HP is shown in percentages
|rule|Endless Battle Clause: Forcing endless battles is banned
|rule|Species Clause: Limit one of each Pokémon
|rule|OHKO Clause: OHKO moves are banned
|rule|Evasion Items Clause: Evasion items are banned
|rule|Evasion Moves Clause: Evasion moves are banned
|rule|Evasion Abilities Clause: Evasion abilities are banned
|rule|Sleep Moves Clause: Sleep-inducing moves are banned
|clearpoke
|poke|p1|Keldeo|
|poke|p1|Gliscor, F|
|poke|p1|Mandibuzz, F|
|poke|p1|Goodra-Hisui, M|
|poke|p1|Skeledirge, M|
|poke|p1|Zapdos|
|poke|p2|Tyranitar, M|
|poke|p2|Corviknight, M|
|poke|p2|Garganacl, M|
|poke|p2|Glimmora, M|
|poke|p2|Dragapult, F|
|poke|p2|Espeon, F|
|teampreview
|inactive|Battle timer is ON: inactive players will automatically lose when time's up. (requested by Darkness918)
|
|t:|1779712669
|teamsize|p1|6
|teamsize|p2|6
|start
|switch|p1a: Keldeo|Keldeo|100/100
|switch|p2a: Glimmora|Glimmora, M|100/100
|turn|1
|
|t:|1779712673
|move|p1a: Keldeo|Liquidation|p2a: Glimmora
|-supereffective|p2a: Glimmora
|-enditem|p2a: Glimmora|Focus Sash
|-damage|p2a: Glimmora|1/100
|-activate|p2a: Glimmora|ability: Toxic Debris
|-sidestart|p1: cheeseybeanson|move: Toxic Spikes
|move|p2a: Glimmora|Stealth Rock|p1a: Keldeo
|-sidestart|p1: cheeseybeanson|move: Stealth Rock
|
|upkeep
|turn|2
|
|t:|1779712677
|move|p1a: Keldeo|Liquidation|p2a: Glimmora
|-supereffective|p2a: Glimmora
|-damage|p2a: Glimmora|0 fnt
|-activate|p2a: Glimmora|ability: Toxic Debris
|-sidestart|p1: cheeseybeanson|move: Toxic Spikes
|faint|p2a: Glimmora
|
|upkeep
|
|t:|1779712681
|switch|p2a: Garganacl|Garganacl, M|100/100
|turn|3
|
|t:|1779712684
|-terastallize|p2a: Garganacl|Ghost
|move|p1a: Keldeo|Liquidation|p2a: Garganacl
|-damage|p2a: Garganacl|72/100
|move|p2a: Garganacl|Iron Defense|p2a: Garganacl
|-boost|p2a: Garganacl|def|2
|
|-heal|p2a: Garganacl|78/100|[from] item: Leftovers
|upkeep
|turn|4
|
|t:|1779712689
|switch|p1a: Mandibuzz|Mandibuzz, F|100/100
|-damage|p1a: Mandibuzz|75/100|[from] Stealth Rock
|move|p2a: Garganacl|Iron Defense|p2a: Garganacl
|-boost|p2a: Garganacl|def|2
|
|-heal|p1a: Mandibuzz|82/100|[from] item: Leftovers
|-heal|p2a: Garganacl|84/100|[from] item: Leftovers
|upkeep
|turn|5
|
|t:|1779712693
|move|p1a: Mandibuzz|Defog|p2a: Garganacl
|-unboost|p2a: Garganacl|evasion|1
|-sideend|p1: cheeseybeanson|Toxic Spikes|[from] move: Defog|[of] p1a: Mandibuzz
|-sideend|p1: cheeseybeanson|Stealth Rock|[from] move: Defog|[of] p1a: Mandibuzz
|move|p2a: Garganacl|Body Press|p1a: Mandibuzz
|-damage|p1a: Mandibuzz|46/100
|
|-heal|p1a: Mandibuzz|52/100|[from] item: Leftovers
|-heal|p2a: Garganacl|90/100|[from] item: Leftovers
|upkeep
|turn|6
|
|t:|1779712698
|move|p1a: Mandibuzz|Foul Play|p2a: Garganacl
|-supereffective|p2a: Garganacl
|-damage|p2a: Garganacl|76/100
|move|p2a: Garganacl|Salt Cure|p1a: Mandibuzz
|-supereffective|p1a: Mandibuzz
|-damage|p1a: Mandibuzz|36/100
|-start|p1a: Mandibuzz|Salt Cure
|
|-heal|p1a: Mandibuzz|42/100|[from] item: Leftovers
|-heal|p2a: Garganacl|82/100|[from] item: Leftovers
|-damage|p1a: Mandibuzz|29/100|[from] Salt Cure
|upkeep
|turn|7
|
|t:|1779712704
|move|p1a: Mandibuzz|Roost|p1a: Mandibuzz
|-heal|p1a: Mandibuzz|79/100
|-singleturn|p1a: Mandibuzz|move: Roost
|move|p2a: Garganacl|Iron Defense|p2a: Garganacl
|-boost|p2a: Garganacl|def|2
|
|-heal|p1a: Mandibuzz|85/100|[from] item: Leftovers
|-heal|p2a: Garganacl|89/100|[from] item: Leftovers
|-damage|p1a: Mandibuzz|73/100|[from] Salt Cure
|upkeep
|turn|8
|
|t:|1779712709
|move|p1a: Mandibuzz|Foul Play|p2a: Garganacl
|-supereffective|p2a: Garganacl
|-damage|p2a: Garganacl|78/100
|move|p2a: Garganacl|Salt Cure|p1a: Mandibuzz
|-supereffective|p1a: Mandibuzz
|-damage|p1a: Mandibuzz|57/100
|
|-heal|p1a: Mandibuzz|63/100|[from] item: Leftovers
|-heal|p2a: Garganacl|84/100|[from] item: Leftovers
|-damage|p1a: Mandibuzz|50/100|[from] Salt Cure
|upkeep
|turn|9
|
|t:|1779712713
|move|p1a: Mandibuzz|Roost|p1a: Mandibuzz
|-heal|p1a: Mandibuzz|100/100
|-singleturn|p1a: Mandibuzz|move: Roost
|move|p2a: Garganacl|Body Press|p1a: Mandibuzz
|-supereffective|p1a: Mandibuzz
|-damage|p1a: Mandibuzz|0 fnt
|faint|p1a: Mandibuzz
|
|-heal|p2a: Garganacl|90/100|[from] item: Leftovers
|upkeep
|
|t:|1779712720
|switch|p1a: Goodra|Goodra-Hisui, M|100/100
|turn|10
|
|t:|1779712723
|move|p1a: Goodra|Draco Meteor|p2a: Garganacl
|-damage|p2a: Garganacl|50/100
|-unboost|p1a: Goodra|spa|2
|move|p2a: Garganacl|Salt Cure|p1a: Goodra
|-resisted|p1a: Goodra
|-damage|p1a: Goodra|94/100
|-start|p1a: Goodra|Salt Cure
|
|-heal|p2a: Garganacl|56/100|[from] item: Leftovers
|-damage|p1a: Goodra|69/100|[from] Salt Cure
|upkeep
|turn|11
|
|t:|1779712730
|switch|p1a: Gliscor|Gliscor, F|100/100
|move|p2a: Garganacl|Recover|p2a: Garganacl
|-heal|p2a: Garganacl|100/100
|
|-status|p1a: Gliscor|tox|[from] item: Toxic Orb
|upkeep
|turn|12
|
|t:|1779712734
|move|p1a: Gliscor|Knock Off|p2a: Garganacl
|-supereffective|p2a: Garganacl
|-damage|p2a: Garganacl|90/100
|-enditem|p2a: Garganacl|Leftovers|[from] move: Knock Off|[of] p1a: Gliscor
|move|p2a: Garganacl|Salt Cure|p1a: Gliscor
|-damage|p1a: Gliscor|88/100 tox
|-start|p1a: Gliscor|Salt Cure
|
|-heal|p1a: Gliscor|99/100 tox|[from] ability: Poison Heal
|-damage|p1a: Gliscor|88/100 tox|[from] Salt Cure
|upkeep
|turn|13
|
|t:|1779712739
|move|p1a: Gliscor|Swords Dance|p1a: Gliscor
|-boost|p1a: Gliscor|atk|2
|move|p2a: Garganacl|Body Press|p1a: Gliscor
|-resisted|p1a: Gliscor
|-damage|p1a: Gliscor|51/100 tox
|
|-heal|p1a: Gliscor|63/100 tox|[from] ability: Poison Heal
|-damage|p1a: Gliscor|51/100 tox|[from] Salt Cure
|upkeep
|turn|14
|
|t:|1779712744
|move|p1a: Gliscor|Protect|p1a: Gliscor
|-singleturn|p1a: Gliscor|Protect
|move|p2a: Garganacl|Body Press|p1a: Gliscor
|-activate|p1a: Gliscor|move: Protect
|
|-heal|p1a: Gliscor|63/100 tox|[from] ability: Poison Heal
|-damage|p1a: Gliscor|51/100 tox|[from] Salt Cure
|upkeep
|turn|15
|
|t:|1779712748
|move|p1a: Gliscor|Knock Off|p2a: Garganacl
|-supereffective|p2a: Garganacl
|-damage|p2a: Garganacl|76/100
|move|p2a: Garganacl|Body Press|p1a: Gliscor
|-resisted|p1a: Gliscor
|-damage|p1a: Gliscor|14/100 tox
|
|-heal|p1a: Gliscor|26/100 tox|[from] ability: Poison Heal
|-damage|p1a: Gliscor|14/100 tox|[from] Salt Cure
|upkeep
|turn|16
|
|t:|1779712752
|move|p1a: Gliscor|Knock Off|p2a: Garganacl
|-supereffective|p2a: Garganacl
|-damage|p2a: Garganacl|61/100
|move|p2a: Garganacl|Salt Cure|p1a: Gliscor
|-damage|p1a: Gliscor|2/100 tox
|
|-heal|p1a: Gliscor|15/100 tox|[from] ability: Poison Heal
|-damage|p1a: Gliscor|2/100 tox|[from] Salt Cure
|upkeep
|turn|17
|
|t:|1779712756
|move|p1a: Gliscor|Earthquake|p2a: Garganacl
|-damage|p2a: Garganacl|47/100
|move|p2a: Garganacl|Salt Cure|p1a: Gliscor
|-damage|p1a: Gliscor|0 fnt
|faint|p1a: Gliscor
|
|upkeep
|
|t:|1779712769
|switch|p1a: Skeledirge|Skeledirge, M|100/100
|turn|18
|
|t:|1779712773
|move|p1a: Skeledirge|Will-O-Wisp|p2a: Garganacl
|-immune|p2a: Garganacl|[from] ability: Purifying Salt
|move|p2a: Garganacl|Recover|p2a: Garganacl
|-heal|p2a: Garganacl|97/100
|
|upkeep
|turn|19
|
|t:|1779712777
|move|p1a: Skeledirge|Torch Song|p2a: Garganacl
|-damage|p2a: Garganacl|76/100
|-boost|p1a: Skeledirge|spa|1
|move|p2a: Garganacl|Salt Cure|p1a: Skeledirge
|-supereffective|p1a: Skeledirge
|-damage|p1a: Skeledirge|78/100
|-start|p1a: Skeledirge|Salt Cure
|
|-heal|p1a: Skeledirge|84/100|[from] item: Leftovers
|-damage|p1a: Skeledirge|72/100|[from] Salt Cure
|upkeep
|turn|20
|
|t:|1779712782
|move|p1a: Skeledirge|Torch Song|p2a: Garganacl
|-damage|p2a: Garganacl|45/100
|-boost|p1a: Skeledirge|spa|1
|move|p2a: Garganacl|Salt Cure|p1a: Skeledirge
|-supereffective|p1a: Skeledirge
|-damage|p1a: Skeledirge|47/100
|
|-heal|p1a: Skeledirge|53/100|[from] item: Leftovers
|-damage|p1a: Skeledirge|41/100|[from] Salt Cure
|upkeep
|turn|21
|
|t:|1779712786
|move|p1a: Skeledirge|Slack Off|p1a: Skeledirge
|-heal|p1a: Skeledirge|91/100
|move|p2a: Garganacl|Recover|p2a: Garganacl
|-heal|p2a: Garganacl|95/100
|
|-heal|p1a: Skeledirge|97/100|[from] item: Leftovers
|-damage|p1a: Skeledirge|84/100|[from] Salt Cure
|upkeep
|turn|22
|
|t:|1779712793
|switch|p2a: Tyranitar|Tyranitar, M|100/100
|-weather|Sandstorm|[from] ability: Sand Stream|[of] p2a: Tyranitar
|move|p1a: Skeledirge|Torch Song|p2a: Tyranitar
|-resisted|p2a: Tyranitar
|-damage|p2a: Tyranitar|88/100
|-boost|p1a: Skeledirge|spa|1
|
|-weather|Sandstorm|[upkeep]
|-damage|p1a: Skeledirge|78/100|[from] Sandstorm
|-heal|p1a: Skeledirge|84/100|[from] item: Leftovers
|-damage|p1a: Skeledirge|72/100|[from] Salt Cure
|upkeep
|turn|23
|
|t:|1779712797
|move|p1a: Skeledirge|Will-O-Wisp|p2a: Tyranitar
|-status|p2a: Tyranitar|brn
|move|p2a: Tyranitar|Knock Off|p1a: Skeledirge
|-supereffective|p1a: Skeledirge
|-damage|p1a: Skeledirge|29/100
|-enditem|p1a: Skeledirge|Leftovers|[from] move: Knock Off|[of] p2a: Tyranitar
|
|-weather|Sandstorm|[upkeep]
|-damage|p1a: Skeledirge|23/100|[from] Sandstorm
|-damage|p2a: Tyranitar|81/100 brn|[from] brn
|-damage|p1a: Skeledirge|10/100|[from] Salt Cure
|upkeep
|turn|24
|
|t:|1779712800
|move|p1a: Skeledirge|Slack Off|p1a: Skeledirge
|-heal|p1a: Skeledirge|60/100
|move|p2a: Tyranitar|Knock Off|p1a: Skeledirge
|-supereffective|p1a: Skeledirge
|-damage|p1a: Skeledirge|28/100
|
|-weather|Sandstorm|[upkeep]
|-damage|p1a: Skeledirge|22/100|[from] Sandstorm
|-damage|p2a: Tyranitar|75/100 brn|[from] brn
|-damage|p1a: Skeledirge|10/100|[from] Salt Cure
|upkeep
|turn|25
|
|t:|1779712803
|move|p1a: Skeledirge|Slack Off|p1a: Skeledirge
|-heal|p1a: Skeledirge|60/100
|move|p2a: Tyranitar|Stone Edge|p1a: Skeledirge
|-supereffective|p1a: Skeledirge
|-damage|p1a: Skeledirge|10/100
|
|-weather|Sandstorm|[upkeep]
|-damage|p1a: Skeledirge|4/100|[from] Sandstorm
|-damage|p2a: Tyranitar|69/100 brn|[from] brn
|-damage|p1a: Skeledirge|0 fnt|[from] Salt Cure
|faint|p1a: Skeledirge
|upkeep
|
|t:|1779712806
|switch|p1a: Keldeo|Keldeo|100/100
|turn|26
|
|t:|1779712810
|move|p1a: Keldeo|Flip Turn|p2a: Tyranitar
|-supereffective|p2a: Tyranitar
|-damage|p2a: Tyranitar|20/100 brn
|
|t:|1779712813
|switch|p1a: Goodra|Goodra-Hisui, M|69/100|[from] Flip Turn
|move|p2a: Tyranitar|Knock Off|p1a: Goodra
|-crit|p1a: Goodra
|-damage|p1a: Goodra|32/100
|-ability|p1a: Goodra|Gooey
|-unboost|p2a: Tyranitar|spe|1
|-enditem|p1a: Goodra|Assault Vest|[from] move: Knock Off|[of] p2a: Tyranitar
|
|-weather|none
|-damage|p2a: Tyranitar|13/100 brn|[from] brn
|upkeep
|turn|27
|
|t:|1779712817
|move|p1a: Goodra|Flash Cannon|p2a: Tyranitar
|-supereffective|p2a: Tyranitar
|-damage|p2a: Tyranitar|0 fnt
|faint|p2a: Tyranitar
|
|upkeep
|
|t:|1779712821
|switch|p2a: Garganacl|Garganacl, M, tera:Ghost|95/100
|turn|28
|
|t:|1779712823
|move|p1a: Goodra|Draco Meteor|p2a: Garganacl
|-damage|p2a: Garganacl|54/100
|-unboost|p1a: Goodra|spa|2
|move|p2a: Garganacl|Iron Defense|p2a: Garganacl
|-boost|p2a: Garganacl|def|2
|
|upkeep
|turn|29
|
|t:|1779712829
|switch|p1a: Keldeo|Keldeo|100/100
|move|p2a: Garganacl|Recover|p2a: Garganacl
|-heal|p2a: Garganacl|100/100
|
|upkeep
|turn|30
|
|t:|1779712832
|move|p1a: Keldeo|Liquidation|p2a: Garganacl
|-damage|p2a: Garganacl|86/100
|move|p2a: Garganacl|Salt Cure|p1a: Keldeo
|-resisted|p1a: Keldeo
|-damage|p1a: Keldeo|92/100
|-start|p1a: Keldeo|Salt Cure
|
|-damage|p1a: Keldeo|67/100|[from] Salt Cure
|upkeep
|turn|31
|
|t:|1779712835
|move|p1a: Keldeo|Liquidation|p2a: Garganacl
|-damage|p2a: Garganacl|71/100
|move|p2a: Garganacl|Iron Defense|p2a: Garganacl
|-boost|p2a: Garganacl|def|2
|
|-damage|p1a: Keldeo|43/100|[from] Salt Cure
|upkeep
|turn|32
|
|t:|1779712838
|switch|p1a: Zapdos|Zapdos|100/100
|move|p2a: Garganacl|Iron Defense|p2a: Garganacl
|-boost|p2a: Garganacl|def|2
|
|upkeep
|turn|33
|
|t:|1779712843
|-terastallize|p1a: Zapdos|Fire
|move|p1a: Zapdos|Heat Wave|p2a: Garganacl
|-damage|p2a: Garganacl|39/100
|move|p2a: Garganacl|Salt Cure|p1a: Zapdos
|-supereffective|p1a: Zapdos
|-damage|p1a: Zapdos|71/100
|-start|p1a: Zapdos|Salt Cure
|
|-damage|p1a: Zapdos|58/100|[from] Salt Cure
|upkeep
|turn|34
|
|t:|1779712847
|move|p1a: Zapdos|Heat Wave|p2a: Garganacl
|-damage|p2a: Garganacl|3/100
|move|p2a: Garganacl|Recover|p2a: Garganacl
|-heal|p2a: Garganacl|53/100
|
|-damage|p1a: Zapdos|46/100|[from] Salt Cure
|upkeep
|turn|35
|
|t:|1779712849
|move|p1a: Zapdos|Heat Wave|p2a: Garganacl
|-damage|p2a: Garganacl|18/100
|move|p2a: Garganacl|Recover|p2a: Garganacl
|-heal|p2a: Garganacl|68/100
|
|-damage|p1a: Zapdos|34/100|[from] Salt Cure
|upkeep
|turn|36
|
|t:|1779712851
|move|p1a: Zapdos|Heat Wave|p2a: Garganacl
|-damage|p2a: Garganacl|33/100
|move|p2a: Garganacl|Recover|p2a: Garganacl
|-heal|p2a: Garganacl|83/100
|
|-damage|p1a: Zapdos|22/100|[from] Salt Cure
|upkeep
|turn|37
|
|t:|1779712856
|move|p1a: Zapdos|Heat Wave|p2a: Garganacl
|-crit|p2a: Garganacl
|-damage|p2a: Garganacl|32/100
|move|p2a: Garganacl|Body Press|p1a: Zapdos
|-damage|p1a: Zapdos|0 fnt
|faint|p1a: Zapdos
|
|upkeep
|
|t:|1779712858
|switch|p1a: Goodra|Goodra-Hisui, M|32/100
|turn|38
|
|t:|1779712861
|move|p1a: Goodra|Draco Meteor|p2a: Garganacl
|-damage|p2a: Garganacl|0 fnt
|-unboost|p1a: Goodra|spa|2
|faint|p2a: Garganacl
|
|upkeep
|
|t:|1779712867
|switch|p2a: Espeon|Espeon, F|100/100
|turn|39
|
|t:|1779712872
|switch|p1a: Keldeo|Keldeo|43/100
|move|p2a: Espeon|Shadow Ball|p1a: Keldeo
|-damage|p1a: Keldeo|10/100
|
|upkeep
|turn|40
|
|t:|1779712876
|move|p2a: Espeon|Shadow Ball|p1a: Keldeo
|-damage|p1a: Keldeo|0 fnt
|faint|p1a: Keldeo
|
|upkeep
|
|t:|1779712879
|switch|p1a: Goodra|Goodra-Hisui, M|32/100
|turn|41
|
|t:|1779712882
|move|p2a: Espeon|Shadow Ball|p1a: Goodra
|-damage|p1a: Goodra|12/100
|move|p1a: Goodra|Flamethrower|p2a: Espeon
|-damage|p2a: Espeon|61/100
|
|upkeep
|turn|42
|
|t:|1779712886
|move|p2a: Espeon|Shadow Ball|p1a: Goodra
|-damage|p1a: Goodra|0 fnt
|faint|p1a: Goodra
|
|win|Darkness918
|raw|cheeseybeanson's rating: 1320 &rarr; <strong>1300</strong><br />(-20 for losing)
|raw|Darkness918's rating: 1324 &rarr; <strong>1344</strong><br />(+20 for winning)
|l|☆Darkness918
|player|p2|
|l|☆cheeseybeanson
|player|p1|
