|j|☆chip wittley
|j|☆PepeNike
|t:|1779580872
|gametype|singles
|player|p1|chip wittley|lance|1603
|player|p2|PepeNike|101|1554
|gen|9
|tier|[Gen 9] OU
|rated|
|rule|HP Percentage Mod: HP is shown in percentages
|rule|Endless Battle Clause: Forcing endless battles is banned
|rule|Species Clause: Limit one of each Pokémon
|rule|OHKO Clause: OHKO moves are banned
|rule|Evasion Items Clause: Evasion items are banned
|rule|Evasion Moves Clause: Evasion moves are banned
|rule|Evasion Abilities Clause: Evasion abilities are banned
|rule|Sleep Moves Clause: Sleep-inducing moves are banned
|clearpoke
|poke|p1|Rhydon, M|
|poke|p1|Tyranitar, F|
|poke|p1|Salamence, F|
|poke|p1|Clefable, F|
|poke|p1|Excadrill, M|
|poke|p1|Volcanion|
|poke|p2|Alomomola, M|
|poke|p2|Slowking-Galar, M|
|poke|p2|Arcanine-Hisui, M|
|poke|p2|Moltres|
|poke|p2|Pecharunt|
|poke|p2|Cinderace, M|
|teampreview
|inactive|Battle timer is ON: inactive players will automatically lose when time's up. (requested by PepeNike)
|
|t:|1779580890
|teamsize|p1|6
|teamsize|p2|6
|start
|switch|p1a: Tyranitar|Tyranitar, F|100/100
|switch|p2a: Arcanine|Arcanine-Hisui, M|100/100
|-weather|Sandstorm|[from] ability: Sand Stream|[of] p1a: Tyranitar
|turn|1
|
|t:|1779580909
|switch|p2a: Moltres|Moltres|100/100
|switch|p1a: Clefable|Clefable, F|100/100
|
|-weather|Sandstorm|[upkeep]
|-damage|p2a: Moltres|94/100|[from] Sandstorm
|upkeep
|turn|2
|
|t:|1779580915
|move|p2a: Moltres|U-turn|p1a: Clefable
|-resisted|p1a: Clefable
|-damage|p1a: Clefable|94/100
|
|t:|1779580917
|switch|p2a: Arcanine|Arcanine-Hisui, M|100/100|[from] U-turn
|move|p1a: Clefable|Thunder Wave|p2a: Arcanine
|-status|p2a: Arcanine|par
|
|-weather|Sandstorm|[upkeep]
|-heal|p1a: Clefable|99/100|[from] item: Leftovers
|upkeep
|turn|3
|
|t:|1779580922
|move|p1a: Clefable|Protect|p1a: Clefable
|-singleturn|p1a: Clefable|Protect
|move|p2a: Arcanine|Head Smash|p1a: Clefable
|-activate|p1a: Clefable|move: Protect
|
|-weather|Sandstorm|[upkeep]
|-heal|p1a: Clefable|100/100|[from] item: Leftovers
|upkeep
|turn|4
|
|t:|1779580926
|switch|p1a: Rhydon|Rhydon, M|100/100
|move|p2a: Arcanine|Head Smash|p1a: Rhydon
|-resisted|p1a: Rhydon
|-damage|p1a: Rhydon|73/100
|
|-weather|Sandstorm|[upkeep]
|upkeep
|turn|5
|
|t:|1779580934
|switch|p2a: Pecharunt|Pecharunt|100/100
|move|p1a: Rhydon|Stealth Rock|p2a: Pecharunt
|-sidestart|p2: PepeNike|move: Stealth Rock
|
|-weather|Sandstorm|[upkeep]
|-damage|p2a: Pecharunt|94/100|[from] Sandstorm
|-heal|p2a: Pecharunt|100/100|[from] item: Leftovers
|upkeep
|turn|6
|
|t:|1779580942
|switch|p1a: Clefable|Clefable, F|100/100
|move|p2a: Pecharunt|Parting Shot|p1a: Clefable
|-unboost|p1a: Clefable|atk|1
|-unboost|p1a: Clefable|spa|1
|
|t:|1779580952
|switch|p2a: Slowking|Slowking-Galar, M, shiny|100/100|[from] Parting Shot
|
|-weather|Sandstorm|[upkeep]
|-damage|p2a: Slowking|94/100|[from] Sandstorm
|upkeep
|turn|7
|
|t:|1779580958
|move|p1a: Clefable|Protect|p1a: Clefable
|-singleturn|p1a: Clefable|Protect
|move|p2a: Slowking|Sludge Bomb|p1a: Clefable
|-activate|p1a: Clefable|move: Protect
|
|-weather|Sandstorm|[upkeep]
|-damage|p2a: Slowking|88/100|[from] Sandstorm
|upkeep
|turn|8
|
|t:|1779580970
|switch|p1a: Excadrill|Excadrill, M|100/100
|-item|p1a: Excadrill|Air Balloon
|-prepare|p2a: Slowking|Chilly Reception|[premajor]
|move|p2a: Slowking|Chilly Reception|p2a: Slowking
|-weather|Snowscape
|
|t:|1779580972
|switch|p2a: Cinderace|Cinderace, M|100/100|[from] Chilly Reception
|
|-weather|Snowscape|[upkeep]
|upkeep
|turn|9
|
|t:|1779580978
|switch|p1a: Volcanion|Volcanion|100/100
|move|p2a: Cinderace|Pyro Ball|p1a: Volcanion
|-resisted|p1a: Volcanion
|-damage|p1a: Volcanion|90/100
|
|-weather|Snowscape|[upkeep]
|upkeep
|turn|10
|
|t:|1779580983
|move|p2a: Cinderace|Court Change|p2a: Cinderace
|-start|p2a: Cinderace|typechange|Normal|[from] ability: Libero
|-swapsideconditions
|-activate|p2a: Cinderace|move: Court Change
|move|p1a: Volcanion|Steam Eruption|p2a: Cinderace
|-damage|p2a: Cinderace|29/100
|-status|p2a: Cinderace|brn
|
|-weather|Snowscape|[upkeep]
|-damage|p2a: Cinderace|22/100 brn|[from] brn
|upkeep
|turn|11
|
|t:|1779580990
|move|p2a: Cinderace|U-turn|p1a: Volcanion
|-resisted|p1a: Volcanion
|-damage|p1a: Volcanion|86/100
|
|t:|1779581003
|switch|p2a: Alomomola|Alomomola, M|100/100|[from] U-turn
|move|p1a: Volcanion|Will-O-Wisp|p2a: Alomomola
|-status|p2a: Alomomola|brn
|
|-weather|Snowscape|[upkeep]
|-damage|p2a: Alomomola|94/100 brn|[from] brn
|upkeep
|turn|12
|
|t:|1779581008
|switch|p1a: Tyranitar|Tyranitar, F|100/100
|-damage|p1a: Tyranitar|88/100|[from] Stealth Rock
|-weather|Sandstorm|[from] ability: Sand Stream|[of] p1a: Tyranitar
|move|p2a: Alomomola|Flip Turn|p1a: Tyranitar
|-supereffective|p1a: Tyranitar
|-damage|p1a: Tyranitar|75/100
|
|t:|1779581017
|switch|p2a: Moltres|Moltres|94/100|[from] Flip Turn
|
|-weather|Sandstorm|[upkeep]
|-damage|p2a: Moltres|88/100|[from] Sandstorm
|upkeep
|turn|13
|
|t:|1779581021
|move|p2a: Moltres|Will-O-Wisp|p1a: Tyranitar
|-status|p1a: Tyranitar|brn
|move|p1a: Tyranitar|Knock Off|p2a: Moltres
|-damage|p2a: Moltres|69/100
|-enditem|p2a: Moltres|Heavy-Duty Boots|[from] move: Knock Off|[of] p1a: Tyranitar
|
|-weather|Sandstorm|[upkeep]
|-damage|p2a: Moltres|63/100|[from] Sandstorm
|-damage|p1a: Tyranitar|69/100 brn|[from] brn
|upkeep
|turn|14
|
|t:|1779581025
|move|p2a: Moltres|U-turn|p1a: Tyranitar
|-supereffective|p1a: Tyranitar
|-damage|p1a: Tyranitar|43/100 brn
|
|t:|1779581035
|switch|p2a: Pecharunt|Pecharunt|100/100|[from] U-turn
|move|p1a: Tyranitar|Knock Off|p2a: Pecharunt
|-supereffective|p2a: Pecharunt
|-damage|p2a: Pecharunt|80/100
|-enditem|p2a: Pecharunt|Leftovers|[from] move: Knock Off|[of] p1a: Tyranitar
|
|-weather|Sandstorm|[upkeep]
|-damage|p2a: Pecharunt|74/100|[from] Sandstorm
|-damage|p1a: Tyranitar|37/100 brn|[from] brn
|upkeep
|turn|15
|
|t:|1779581044
|move|p2a: Pecharunt|Parting Shot|p1a: Tyranitar
|-unboost|p1a: Tyranitar|atk|1
|-unboost|p1a: Tyranitar|spa|1
|
|t:|1779581049
|switch|p2a: Moltres|Moltres|63/100|[from] Parting Shot
|move|p1a: Tyranitar|Knock Off|p2a: Moltres
|-damage|p2a: Moltres|55/100
|
|-weather|Sandstorm|[upkeep]
|-damage|p2a: Moltres|49/100|[from] Sandstorm
|-damage|p1a: Tyranitar|31/100 brn|[from] brn
|upkeep
|turn|16
|
|t:|1779581052
|switch|p1a: Clefable|Clefable, F|100/100
|move|p2a: Moltres|Roost|p2a: Moltres
|-heal|p2a: Moltres|99/100
|-singleturn|p2a: Moltres|move: Roost
|
|-weather|Sandstorm|[upkeep]
|-damage|p2a: Moltres|93/100|[from] Sandstorm
|upkeep
|turn|17
|
|t:|1779581057
|move|p2a: Moltres|U-turn|p1a: Clefable
|-resisted|p1a: Clefable
|-damage|p1a: Clefable|94/100
|
|t:|1779581058
|switch|p2a: Pecharunt|Pecharunt|74/100|[from] U-turn
|move|p1a: Clefable|Wish|p1a: Clefable
|
|-weather|Sandstorm|[upkeep]
|-damage|p2a: Pecharunt|68/100|[from] Sandstorm
|-heal|p1a: Clefable|99/100|[from] item: Leftovers
|upkeep
|turn|18
|
|t:|1779581063
|move|p2a: Pecharunt|Malignant Chain|p1a: Clefable
|-supereffective|p1a: Clefable
|-damage|p1a: Clefable|45/100
|-status|p1a: Clefable|tox
|-start|p1a: Clefable|confusion|[from] ability: Poison Puppeteer|[of] p2a: Pecharunt
|-activate|p1a: Clefable|confusion
|move|p1a: Clefable|Thunder Wave|p2a: Pecharunt|[miss]
|-miss|p1a: Clefable|p2a: Pecharunt
|
|-weather|Sandstorm|[upkeep]
|-damage|p2a: Pecharunt|62/100|[from] Sandstorm
|-heal|p1a: Clefable|95/100 tox|[from] move: Wish|[wisher] Clefable
|-heal|p1a: Clefable|100/100 tox|[from] item: Leftovers
|upkeep
|turn|19
|
|t:|1779581076
|move|p2a: Pecharunt|Malignant Chain|p1a: Clefable
|-supereffective|p1a: Clefable
|-crit|p1a: Clefable
|-damage|p1a: Clefable|15/100 tox
|-activate|p1a: Clefable|confusion
|move|p1a: Clefable|Thunder Wave|p2a: Pecharunt
|-status|p2a: Pecharunt|par
|
|-weather|none
|-heal|p1a: Clefable|21/100 tox|[from] item: Leftovers
|upkeep
|turn|20
|
|t:|1779581083
|-activate|p1a: Clefable|confusion
|move|p1a: Clefable|Protect|p1a: Clefable
|-singleturn|p1a: Clefable|Protect
|move|p2a: Pecharunt|Malignant Chain|p1a: Clefable
|-activate|p1a: Clefable|move: Protect
|
|-heal|p1a: Clefable|27/100 tox|[from] item: Leftovers
|upkeep
|turn|21
|
|t:|1779581086
|switch|p1a: Excadrill|Excadrill, M|100/100
|-damage|p1a: Excadrill|97/100|[from] Stealth Rock
|-item|p1a: Excadrill|Air Balloon
|move|p2a: Pecharunt|Malignant Chain|p1a: Excadrill
|-immune|p1a: Excadrill
|
|upkeep
|turn|22
|
|t:|1779581094
|switch|p2a: Moltres|Moltres|93/100
|move|p1a: Excadrill|Earthquake|p2a: Moltres
|-immune|p2a: Moltres
|
|upkeep
|turn|23
|
|t:|1779581120
|switch|p1a: Volcanion|Volcanion|86/100
|switch|p2a: Slowking|Slowking-Galar, M, shiny|100/100
|
|upkeep
|turn|24
|
|t:|1779581131
|switch|p1a: Excadrill|Excadrill, M|97/100
|-damage|p1a: Excadrill|94/100|[from] Stealth Rock
|-item|p1a: Excadrill|Air Balloon
|move|p2a: Slowking|Toxic|p1a: Excadrill
|-immune|p1a: Excadrill
|
|upkeep
|turn|25
|
|t:|1779581151
|switch|p2a: Moltres|Moltres|93/100
|move|p1a: Excadrill|Swords Dance|p1a: Excadrill
|-boost|p1a: Excadrill|atk|2
|
|upkeep
|turn|26
|
|t:|1779581155
|-terastallize|p2a: Moltres|Ground
|move|p1a: Excadrill|Rock Slide|p2a: Moltres
|-resisted|p2a: Moltres
|-damage|p2a: Moltres|71/100
|cant|p2a: Moltres|flinch
|
|upkeep
|turn|27
|
|t:|1779581163
|move|p1a: Excadrill|Earthquake|p2a: Moltres
|-damage|p2a: Moltres|0 fnt
|faint|p2a: Moltres
|
|upkeep
|
|t:|1779581166
|switch|p2a: Cinderace|Cinderace, M|22/100 brn
|turn|28
|c|☆chip wittley|sorry
|
|t:|1779581169
|switch|p1a: Volcanion|Volcanion|86/100
|move|p2a: Cinderace|Will-O-Wisp|p1a: Volcanion
|-immune|p1a: Volcanion
|
|-damage|p2a: Cinderace|16/100 brn|[from] brn
|upkeep
|turn|29
|
|t:|1779581173
|move|p2a: Cinderace|U-turn|p1a: Volcanion
|-start|p2a: Cinderace|typechange|Bug|[from] ability: Libero
|-resisted|p1a: Volcanion
|-damage|p1a: Volcanion|80/100
|
|t:|1779581176
|switch|p2a: Alomomola|Alomomola, M|100/100 brn|[from] U-turn
|move|p1a: Volcanion|Will-O-Wisp|p2a: Alomomola
|-fail|p2a: Alomomola|brn
|
|-damage|p2a: Alomomola|94/100 brn|[from] brn
|upkeep
|turn|30
|
|t:|1779581182
|move|p1a: Volcanion|Will-O-Wisp|p2a: Alomomola
|-fail|p2a: Alomomola|brn
|move|p2a: Alomomola|Flip Turn|p1a: Volcanion
|-heal|p1a: Volcanion|100/100|[from] ability: Water Absorb|[of] p2a: Alomomola
|
|-damage|p2a: Alomomola|88/100 brn|[from] brn
|upkeep
|turn|31
|
|t:|1779581185
|move|p1a: Volcanion|Will-O-Wisp|p2a: Alomomola
|-fail|p2a: Alomomola|brn
|move|p2a: Alomomola|Flip Turn|p1a: Volcanion
|-immune|p1a: Volcanion|[from] ability: Water Absorb
|
|-damage|p2a: Alomomola|82/100 brn|[from] brn
|upkeep
|turn|32
|
|t:|1779581189
|move|p1a: Volcanion|Sludge Bomb|p2a: Alomomola
|-damage|p2a: Alomomola|66/100 brn
|move|p2a: Alomomola|Flip Turn|p1a: Volcanion
|-immune|p1a: Volcanion|[from] ability: Water Absorb
|
|-damage|p2a: Alomomola|60/100 brn|[from] brn
|upkeep
|turn|33
|
|t:|1779581193
|switch|p1a: Clefable|Clefable, F|27/100 tox
|move|p2a: Alomomola|Icy Wind|p1a: Clefable
|-crit|p1a: Clefable
|-damage|p1a: Clefable|18/100 tox
|-unboost|p1a: Clefable|spe|1
|
|-heal|p1a: Clefable|24/100 tox|[from] item: Leftovers
|-damage|p2a: Alomomola|54/100 brn|[from] brn
|upkeep
|turn|34
|
|t:|1779581198
|move|p2a: Alomomola|Flip Turn|p1a: Clefable
|-damage|p1a: Clefable|18/100 tox
|
|t:|1779581201
|switch|p2a: Slowking|Slowking-Galar, M, shiny|100/100|[from] Flip Turn
|move|p1a: Clefable|Wish|p1a: Clefable
|
|-heal|p1a: Clefable|24/100 tox|[from] item: Leftovers
|upkeep
|turn|35
|
|t:|1779581205
|move|p1a: Clefable|Protect|p1a: Clefable
|-singleturn|p1a: Clefable|Protect
|move|p2a: Slowking|Psychic Noise|p1a: Clefable
|-activate|p1a: Clefable|move: Protect
|
|-heal|p1a: Clefable|74/100 tox|[from] move: Wish|[wisher] Clefable
|-heal|p1a: Clefable|80/100 tox|[from] item: Leftovers
|upkeep
|turn|36
|
|t:|1779581215
|move|p1a: Clefable|Wish|p1a: Clefable
|move|p2a: Slowking|Sludge Bomb|p1a: Clefable
|-supereffective|p1a: Clefable
|-damage|p1a: Clefable|18/100 tox
|
|-heal|p1a: Clefable|24/100 tox|[from] item: Leftovers
|upkeep
|turn|37
|
|t:|1779581224
|switch|p1a: Tyranitar|Tyranitar, F|31/100 brn
|-damage|p1a: Tyranitar|18/100 brn|[from] Stealth Rock
|-weather|Sandstorm|[from] ability: Sand Stream|[of] p1a: Tyranitar
|move|p2a: Slowking|Sludge Bomb|p1a: Tyranitar
|-resisted|p1a: Tyranitar
|-damage|p1a: Tyranitar|8/100 brn
|
|-weather|Sandstorm|[upkeep]
|-damage|p2a: Slowking|94/100|[from] Sandstorm
|-heal|p1a: Tyranitar|61/100 brn|[from] move: Wish|[wisher] Clefable
|-damage|p1a: Tyranitar|55/100 brn|[from] brn
|upkeep
|turn|38
|
|t:|1779581233
|switch|p2a: Pecharunt|Pecharunt|62/100 par
|move|p1a: Tyranitar|Knock Off|p2a: Pecharunt
|-supereffective|p2a: Pecharunt
|-damage|p2a: Pecharunt|47/100 par
|
|-weather|Sandstorm|[upkeep]
|-damage|p2a: Pecharunt|41/100 par|[from] Sandstorm
|-damage|p1a: Tyranitar|49/100 brn|[from] brn
|upkeep
|turn|39
|
|t:|1779581243
|switch|p1a: Excadrill|Excadrill, M|94/100
|-damage|p1a: Excadrill|91/100|[from] Stealth Rock
|-item|p1a: Excadrill|Air Balloon
|cant|p2a: Pecharunt|par
|
|-weather|Sandstorm|[upkeep]
|-damage|p2a: Pecharunt|35/100 par|[from] Sandstorm
|upkeep
|turn|40
|
|t:|1779581261
|move|p1a: Excadrill|Earthquake|p2a: Pecharunt
|-supereffective|p2a: Pecharunt
|-damage|p2a: Pecharunt|0 fnt
|faint|p2a: Pecharunt
|
|-weather|Sandstorm|[upkeep]
|upkeep
|
|t:|1779581270
|switch|p2a: Alomomola|Alomomola, M|87/100 brn
|turn|41
|inactive|chip wittley has 120 seconds left.
|
|t:|1779581307
|switch|p1a: Volcanion|Volcanion|100/100
|move|p2a: Alomomola|Flip Turn|p1a: Volcanion
|-immune|p1a: Volcanion|[from] ability: Water Absorb
|
|-weather|Sandstorm|[upkeep]
|-damage|p1a: Volcanion|94/100|[from] Sandstorm
|-damage|p2a: Alomomola|81/100 brn|[from] Sandstorm
|-damage|p2a: Alomomola|75/100 brn|[from] brn
|upkeep
|turn|42
|inactive|chip wittley has 120 seconds left.
|inactive|PepeNike has 120 seconds left.
|inactive|PepeNike has 90 seconds left.
|inactive|PepeNike has 60 seconds left.
|inactive|PepeNike has 30 seconds left.
|inactive|PepeNike has 20 seconds left.
|inactive|PepeNike has 15 seconds left.
|inactive|PepeNike has 10 seconds left.
|inactive|PepeNike has 5 seconds left.
|-message|PepeNike lost due to inactivity.
|
|win|chip wittley
|raw|chip wittley's rating: 1603 &rarr; <strong>1620</strong><br />(+17 for winning)
|raw|PepeNike's rating: 1554 &rarr; <strong>1537</strong><br />(-17 for losing)
|l|☆PepeNike
|player|p2|
