|j|☆Buildingbros2016
|j|☆zaluru
|t:|1779626286
|gametype|singles
|player|p1|Buildingbros2016|101|1300
|player|p2|zaluru|170|1301
|gen|9
|tier|[Gen 9] OU
|rated|
|rule|HP Percentage Mod: HP is shown in percentages
|rule|Endless Battle Clause: Forcing endless battles is banned
|rule|Species Clause: Limit one of each Pokémon
|rule|OHKO Clause: OHKO moves are banned
|rule|Evasion Items Clause: Evasion items are banned
|rule|Evasion Moves Clause: Evasion moves are banned
|rule|Evasion Abilities Clause: Evasion abilities are banned
|rule|Sleep Moves Clause: Sleep-inducing moves are banned
|clearpoke
|poke|p1|Gholdengo|
|poke|p1|Iron Treads|
|poke|p1|Moltres|
|poke|p1|Zamazenta-*|
|poke|p1|Samurott-Hisui, M|
|poke|p1|Garganacl, F|
|poke|p2|Zamazenta-*|
|poke|p2|Cinderace, M|
|poke|p2|Pecharunt|
|poke|p2|Galvantula, M|
|poke|p2|Gliscor, F|
|poke|p2|Weavile, M|
|teampreview
|inactive|Battle timer is ON: inactive players will automatically lose when time's up. (requested by Buildingbros2016)
|
|t:|1779626309
|teamsize|p1|6
|teamsize|p2|6
|start
|switch|p1a: Iron Treads|Iron Treads|100/100
|switch|p2a: Gliscor|Gliscor, F|100/100
|turn|1
|inactive|zaluru has 120 seconds left.
|
|t:|1779626348
|-terastallize|p2a: Gliscor|Water
|move|p1a: Iron Treads|Knock Off|p2a: Gliscor
|-damage|p2a: Gliscor|78/100
|-enditem|p2a: Gliscor|Toxic Orb|[from] move: Knock Off|[of] p1a: Iron Treads
|move|p2a: Gliscor|Crabhammer|p1a: Iron Treads
|-supereffective|p1a: Iron Treads
|-damage|p1a: Iron Treads|25/100
|
|upkeep
|turn|2
|inactive|zaluru has 120 seconds left.
|
|t:|1779626359
|move|p1a: Iron Treads|Stealth Rock|p2a: Gliscor
|-sidestart|p2: zaluru|move: Stealth Rock
|move|p2a: Gliscor|Knock Off|p1a: Iron Treads
|-damage|p1a: Iron Treads|0 fnt
|-enditem|p1a: Iron Treads|Clear Amulet|[from] move: Knock Off|[of] p2a: Gliscor
|faint|p1a: Iron Treads
|-end|p1a: Iron Treads|Quark Drive|[silent]
|
|upkeep
|
|t:|1779626372
|switch|p1a: Garganacl|Garganacl, F|100/100
|turn|3
|
|t:|1779626379
|-terastallize|p1a: Garganacl|Water
|move|p2a: Gliscor|Knock Off|p1a: Garganacl
|-damage|p1a: Garganacl|80/100
|-enditem|p1a: Garganacl|Leftovers|[from] move: Knock Off|[of] p2a: Gliscor
|move|p1a: Garganacl|Salt Cure|p2a: Gliscor
|-damage|p2a: Gliscor|67/100
|-start|p2a: Gliscor|Salt Cure
|
|-damage|p2a: Gliscor|42/100|[from] Salt Cure
|upkeep
|turn|4
|
|t:|1779626391
|move|p2a: Gliscor|Earthquake|p1a: Garganacl
|-damage|p1a: Garganacl|48/100
|move|p1a: Garganacl|Salt Cure|p2a: Gliscor
|-damage|p2a: Gliscor|31/100
|
|-damage|p2a: Gliscor|6/100|[from] Salt Cure
|upkeep
|turn|5
|
|t:|1779626398
|move|p2a: Gliscor|Earthquake|p1a: Garganacl
|-damage|p1a: Garganacl|19/100
|move|p1a: Garganacl|Recover|p1a: Garganacl
|-heal|p1a: Garganacl|69/100
|
|-damage|p2a: Gliscor|0 fnt|[from] Salt Cure
|faint|p2a: Gliscor
|upkeep
|
|t:|1779626417
|switch|p2a: Cinderace|Cinderace, M|100/100
|turn|6
|
|t:|1779626425
|switch|p1a: Moltres|Moltres|100/100
|move|p2a: Cinderace|Court Change|p2a: Cinderace
|-start|p2a: Cinderace|typechange|Normal|[from] ability: Libero
|-swapsideconditions
|-activate|p2a: Cinderace|move: Court Change
|
|upkeep
|turn|7
|
|t:|1779626434
|switch|p2a: Galvantula|Galvantula, M|100/100
|move|p1a: Moltres|U-turn|p2a: Galvantula
|-damage|p2a: Galvantula|73/100
|
|t:|1779626439
|switch|p1a: Samurott|Samurott-Hisui, M|100/100|[from] U-turn
|-damage|p1a: Samurott|88/100|[from] Stealth Rock
|
|upkeep
|turn|8
|
|t:|1779626445
|move|p1a: Samurott|Ceaseless Edge|p2a: Galvantula
|-damage|p2a: Galvantula|0 fnt
|-sidestart|p2: zaluru|Spikes
|faint|p2a: Galvantula
|
|upkeep
|
|t:|1779626456
|switch|p2a: Cinderace|Cinderace, M|100/100
|turn|9
|
|t:|1779626461
|switch|p1a: Moltres|Moltres|100/100
|move|p2a: Cinderace|U-turn|p1a: Moltres
|-start|p2a: Cinderace|typechange|Bug|[from] ability: Libero
|-resisted|p1a: Moltres
|-damage|p1a: Moltres|95/100
|-status|p2a: Cinderace|brn|[from] ability: Flame Body|[of] p1a: Moltres
|-message|zaluru forfeited.
|
|win|Buildingbros2016
|raw|Buildingbros2016's rating: 1300 &rarr; <strong>1325</strong><br />(+25 for winning)
|raw|zaluru's rating: 1301 &rarr; <strong>1281</strong><br />(-20 for losing)
|l|☆zaluru
|player|p2|
|l|☆Buildingbros2016
|player|p1|
