|j|☆ffdatagen
|j|‽Artiz_92i
|t:|1779720240
|gametype|singles
|player|p1|ffdatagen|wallace-gen3|1101
|player|p2|Artiz_92i|265|1140
|gen|9
|tier|[Gen 9] OU
|rated|
|rule|HP Percentage Mod: HP is shown in percentages
|rule|Endless Battle Clause: Forcing endless battles is banned
|rule|Species Clause: Limit one of each Pokémon
|rule|OHKO Clause: OHKO moves are banned
|rule|Evasion Items Clause: Evasion items are banned
|rule|Evasion Moves Clause: Evasion moves are banned
|rule|Evasion Abilities Clause: Evasion abilities are banned
|rule|Sleep Moves Clause: Sleep-inducing moves are banned
|clearpoke
|poke|p1|Torkoal, M|
|poke|p1|Hatterene, F|
|poke|p1|Porygon2|
|poke|p1|Ursaluna, M|
|poke|p1|Iron Hands|
|poke|p1|Brute Bonnet|
|poke|p2|Dragonite, M|
|poke|p2|Hatterene, F|
|poke|p2|Weavile, F|
|poke|p2|Ogerpon-Wellspring, F|
|poke|p2|Kingambit, F|
|poke|p2|Great Tusk|
|teampreview
|
|t:|1779720260
|teamsize|p1|6
|teamsize|p2|6
|start
|switch|p1a: Porygon2|Porygon2|100/100
|switch|p2a: Dragonite|Dragonite, M|100/100
|-ability|p1a: Porygon2|Download|boost
|-boost|p1a: Porygon2|atk|1
|turn|1
|
|t:|1779720281
|move|p2a: Dragonite|Dragon Dance|p2a: Dragonite
|-boost|p2a: Dragonite|atk|1
|-boost|p2a: Dragonite|spe|1
|move|p1a: Porygon2|Trick Room|p1a: Porygon2
|-fieldstart|move: Trick Room|[of] p1a: Porygon2
|
|upkeep
|turn|2
|
|t:|1779720289
|move|p1a: Porygon2|Ice Beam|p2a: Dragonite
|-supereffective|p2a: Dragonite
|-damage|p2a: Dragonite|42/100
|move|p2a: Dragonite|Encore|p1a: Porygon2
|-start|p1a: Porygon2|Encore
|
|-heal|p2a: Dragonite|48/100|[from] item: Leftovers
|upkeep
|turn|3
|
|t:|1779720315
|-terastallize|p2a: Dragonite|Ghost
|move|p1a: Porygon2|Ice Beam|p2a: Dragonite
|-damage|p2a: Dragonite|17/100
|move|p2a: Dragonite|Earthquake|p1a: Porygon2
|-damage|p1a: Porygon2|64/100
|
|-heal|p2a: Dragonite|23/100|[from] item: Leftovers
|upkeep
|turn|4
|
|t:|1779720329
|move|p1a: Porygon2|Ice Beam|p2a: Dragonite
|-damage|p2a: Dragonite|0 fnt
|faint|p2a: Dragonite
|
|upkeep
|
|t:|1779720337
|switch|p2a: Great Tusk|Great Tusk|100/100
|turn|5
|c|☆ffdatagen|bulky?
|
|t:|1779720346
|move|p1a: Porygon2|Ice Beam|p2a: Great Tusk
|-supereffective|p2a: Great Tusk
|-damage|p2a: Great Tusk|58/100
|-status|p2a: Great Tusk|frz
|cant|p2a: Great Tusk|frz
|
|-end|p1a: Porygon2|Encore
|-fieldend|move: Trick Room
|upkeep
|turn|6
|
|t:|1779720369
|cant|p2a: Great Tusk|frz
|move|p1a: Porygon2|Trick Room|p1a: Porygon2
|-fieldstart|move: Trick Room|[of] p1a: Porygon2
|
|upkeep
|turn|7
|
|t:|1779720379
|switch|p1a: Ursaluna|Ursaluna, M|100/100
|-curestatus|p2a: Great Tusk|frz|[msg]
|move|p2a: Great Tusk|Close Combat|p1a: Ursaluna
|-supereffective|p1a: Ursaluna
|-damage|p1a: Ursaluna|8/100
|-unboost|p2a: Great Tusk|def|1
|-unboost|p2a: Great Tusk|spd|1
|
|-status|p1a: Ursaluna|brn|[from] item: Flame Orb
|upkeep
|turn|8
|
|t:|1779720402
|move|p1a: Ursaluna|Facade|p2a: Great Tusk
|-damage|p2a: Great Tusk|0 fnt
|faint|p2a: Great Tusk
|-end|p2a: Great Tusk|Protosynthesis|[silent]
|
|-damage|p1a: Ursaluna|2/100 brn|[from] brn
|upkeep
|
|t:|1779720415
|switch|p2a: Hatterene|Hatterene, F|100/100
|turn|9
|
|t:|1779720427
|switch|p1a: Porygon2|Porygon2|64/100
|-ability|p1a: Porygon2|Download|boost
|-boost|p1a: Porygon2|spa|1
|move|p2a: Hatterene|Draining Kiss|p1a: Porygon2
|-damage|p1a: Porygon2|49/100
|
|upkeep
|turn|10
|
|t:|1779720438
|move|p2a: Hatterene|Psychic Noise|p1a: Porygon2
|-damage|p1a: Porygon2|28/100
|-start|p1a: Porygon2|move: Heal Block
|move|p1a: Porygon2|Shadow Ball|p2a: Hatterene
|-supereffective|p2a: Hatterene
|-damage|p2a: Hatterene|19/100
|
|-fieldend|move: Trick Room
|upkeep
|turn|11
|
|t:|1779720470
|move|p1a: Porygon2|Ice Beam|p2a: Hatterene
|-damage|p2a: Hatterene|0 fnt
|faint|p2a: Hatterene
|
|-end|p1a: Porygon2|move: Heal Block
|upkeep
|
|t:|1779720484
|switch|p2a: Weavile|Weavile, F|100/100
|turn|12
|
|t:|1779720495
|switch|p1a: Hatterene|Hatterene, F|100/100
|move|p2a: Weavile|Low Kick|p1a: Hatterene
|-resisted|p1a: Hatterene
|-damage|p1a: Hatterene|99/100
|
|upkeep
|turn|13
|c|☆ffdatagen|1%
|c|☆ffdatagen|XDDDD
|
|t:|1779720511
|move|p2a: Weavile|Swords Dance|p2a: Weavile
|-boost|p2a: Weavile|atk|2
|move|p1a: Hatterene|Trick Room|p1a: Hatterene
|-fieldstart|move: Trick Room|[of] p1a: Hatterene
|
|upkeep
|turn|14
|
|t:|1779720518
|move|p1a: Hatterene|Healing Wish|p1a: Hatterene
|faint|p1a: Hatterene
|move|p2a: Weavile|Beat Up|p1: Hatterene|[notarget]
|-fail|p2a: Weavile
|
|upkeep
|
|t:|1779720522
|switch|p1a: Ursaluna|Ursaluna, M|2/100 brn
|-heal|p1a: Ursaluna|100/100|[from] move: Healing Wish
|turn|15
|
|t:|1779720529
|-terastallize|p1a: Ursaluna|Normal
|move|p1a: Ursaluna|Fire Punch|p2a: Weavile
|-supereffective|p2a: Weavile
|-enditem|p2a: Weavile|Focus Sash
|-damage|p2a: Weavile|1/100
|-enditem|p1a: Ursaluna|Flame Orb|[silent]|[from] ability: Pickpocket|[of] p1a: Ursaluna
|-item|p2a: Weavile|Flame Orb|[from] ability: Pickpocket|[of] p1a: Ursaluna
|move|p2a: Weavile|Low Kick|p1a: Ursaluna
|-supereffective|p1a: Ursaluna
|-damage|p1a: Ursaluna|0 fnt
|faint|p1a: Ursaluna
|
|-status|p2a: Weavile|brn|[from] item: Flame Orb
|upkeep
|n|!ffdatagen|ffdatagen
|inactive|Battle timer is ON: inactive players will automatically lose when time's up. (requested by Artiz_92i)
|
|t:|1779720572
|switch|p1a: Torkoal|Torkoal, M|100/100
|-weather|SunnyDay|[from] ability: Drought|[of] p1a: Torkoal
|turn|16
|
|t:|1779720582
|move|p1a: Torkoal|Eruption|p2a: Weavile
|-supereffective|p2a: Weavile
|-damage|p2a: Weavile|0 fnt
|faint|p2a: Weavile
|
|-weather|SunnyDay|[upkeep]
|upkeep
|
|t:|1779720590
|switch|p2a: Ogerpon|Ogerpon-Wellspring, F|100/100
|turn|17
|
|t:|1779720599
|switch|p1a: Porygon2|Porygon2|28/100
|-ability|p1a: Porygon2|Download|boost
|-boost|p1a: Porygon2|atk|1
|move|p2a: Ogerpon|Ivy Cudgel|p1a: Porygon2|[anim] Ivy Cudgel Water
|-damage|p1a: Porygon2|9/100
|
|-weather|SunnyDay|[upkeep]
|-fieldend|move: Trick Room
|upkeep
|turn|18
|
|t:|1779720621
|move|p2a: Ogerpon|Ivy Cudgel|p1a: Porygon2|[anim] Ivy Cudgel Water
|-damage|p1a: Porygon2|0 fnt
|faint|p1a: Porygon2
|
|-weather|SunnyDay|[upkeep]
|upkeep
|
|t:|1779720633
|switch|p1a: Brute Bonnet|Brute Bonnet|100/100
|-activate|p1a: Brute Bonnet|ability: Protosynthesis
|-start|p1a: Brute Bonnet|protosynthesisatk
|turn|19
|
|t:|1779720639
|move|p1a: Brute Bonnet|Sucker Punch|p2a: Ogerpon
|-damage|p2a: Ogerpon|8/100
|-damage|p1a: Brute Bonnet|91/100|[from] item: Life Orb
|move|p2a: Ogerpon|Play Rough|p1a: Brute Bonnet
|-supereffective|p1a: Brute Bonnet
|-damage|p1a: Brute Bonnet|32/100
|
|-weather|SunnyDay|[upkeep]
|upkeep
|turn|20
|
|t:|1779720653
|move|p1a: Brute Bonnet|Sucker Punch||[still]
|-fail|p1a: Brute Bonnet
|move|p2a: Ogerpon|Swords Dance|p2a: Ogerpon
|-boost|p2a: Ogerpon|atk|2
|
|-weather|none
|-end|p1a: Brute Bonnet|Protosynthesis
|upkeep
|turn|21
|
|t:|1779720663
|move|p1a: Brute Bonnet|Sucker Punch||[still]
|-fail|p1a: Brute Bonnet
|move|p2a: Ogerpon|Swords Dance|p2a: Ogerpon
|-boost|p2a: Ogerpon|atk|2
|
|upkeep
|turn|22
|
|t:|1779720670
|move|p2a: Ogerpon|Swords Dance|p2a: Ogerpon
|-boost|p2a: Ogerpon|atk|2
|move|p1a: Brute Bonnet|Seed Bomb|p2a: Ogerpon
|-damage|p2a: Ogerpon|0 fnt
|faint|p2a: Ogerpon
|-damage|p1a: Brute Bonnet|23/100|[from] item: Life Orb
|
|upkeep
|
|t:|1779720677
|switch|p2a: Kingambit|Kingambit, F|100/100
|-activate|p2a: Kingambit|ability: Supreme Overlord
|-start|p2a: Kingambit|fallen5|[silent]
|turn|23
|
|t:|1779720685
|-end|p1a: Brute Bonnet|Protosynthesis|[silent]
|switch|p1a: Torkoal|Torkoal, M|100/100
|-weather|SunnyDay|[from] ability: Drought|[of] p1a: Torkoal
|move|p2a: Kingambit|Sucker Punch||[still]
|-fail|p2a: Kingambit
|
|-weather|SunnyDay|[upkeep]
|upkeep
|turn|24
|
|t:|1779720697
|move|p2a: Kingambit|Kowtow Cleave|p1a: Torkoal
|-damage|p1a: Torkoal|46/100
|move|p1a: Torkoal|Eruption|p2a: Kingambit
|-supereffective|p2a: Kingambit
|-damage|p2a: Kingambit|0 fnt
|faint|p2a: Kingambit
|-end|p2a: Kingambit|fallen5|[silent]
|
|win|ffdatagen
|raw|ffdatagen's rating: 1101 &rarr; <strong>1129</strong><br />(+28 for winning)
|raw|Artiz_92i's rating: 1140 &rarr; <strong>1112</strong><br />(-28 for losing)
|l|‽Artiz_92i
|player|p2|
