|inactive|Battle timer is ON: inactive players will automatically lose when time's up.
|badge|p1|silver|gen9ou|30-9
|uhtml|medal-msg|<div class="broadcast-blue">Curious what those medals under the avatar are? PS now has Ladder Seasons! For more information, check out the <a href="https://www.smogon.com/forums/threads/3740067/">thread on Smogon.</a></div>
|t:|1779570637
|gametype|singles
|player|p1|LT123VB 87|lucas|
|player|p2|Nowelle|roxanne-gen6|
|gen|9
|tier|[Gen 9] OU
|rule|HP Percentage Mod: HP is shown in percentages
|rule|Endless Battle Clause: Forcing endless battles is banned
|rule|Species Clause: Limit one of each Pokémon
|rule|OHKO Clause: OHKO moves are banned
|rule|Evasion Items Clause: Evasion items are banned
|rule|Evasion Moves Clause: Evasion moves are banned
|rule|Evasion Abilities Clause: Evasion abilities are banned
|rule|Sleep Moves Clause: Sleep-inducing moves are banned
|clearpoke
|poke|p1|Landorus-Therian, M|
|poke|p1|Meowscarada, M|
|poke|p1|Hatterene, F|
|poke|p1|Samurott-Hisui, M|
|poke|p1|Dragonite, M|
|poke|p1|Gholdengo|
|poke|p2|Clefable, M|
|poke|p2|Pecharunt|
|poke|p2|Corviknight, M|
|poke|p2|Weavile, M|
|poke|p2|Clodsire, F|
|poke|p2|Walking Wake|
|teampreview
|c|☆Nowelle|hf
|inactive|Nowelle has 270 seconds left.
|inactive|Nowelle has 240 seconds left.
|
|t:|1779570713
|teamsize|p1|6
|teamsize|p2|6
|start
|switch|p1a: Hatterene|Hatterene, F|100/100
|switch|p2a: Clefable|Clefable, M|100/100
|turn|1
|
|t:|1779570722
|move|p2a: Clefable|Moonblast|p1a: Hatterene
|-damage|p1a: Hatterene|69/100
|move|p1a: Hatterene|Nuzzle|p2a: Clefable
|-damage|p2a: Clefable|97/100
|-status|p2a: Clefable|par
|
|-heal|p1a: Hatterene|75/100|[from] item: Leftovers
|-heal|p2a: Clefable|100/100 par|[from] item: Leftovers
|upkeep
|turn|2
|
|t:|1779570743
|move|p1a: Hatterene|Psychic Noise|p2a: Clefable
|-damage|p2a: Clefable|67/100 par
|-start|p2a: Clefable|move: Heal Block
|move|p2a: Clefable|Moonblast|p1a: Hatterene
|-damage|p1a: Hatterene|43/100
|
|-heal|p1a: Hatterene|49/100|[from] item: Leftovers
|upkeep
|turn|3
|
|t:|1779570750
|move|p1a: Hatterene|Draining Kiss|p2a: Clefable
|-damage|p2a: Clefable|47/100 par
|-heal|p1a: Hatterene|67/100|[from] drain|[of] p2a: Clefable
|move|p2a: Clefable|Moonblast|p1a: Hatterene
|-damage|p1a: Hatterene|37/100
|-unboost|p1a: Hatterene|spa|1
|
|-heal|p1a: Hatterene|43/100|[from] item: Leftovers
|-end|p2a: Clefable|move: Heal Block
|upkeep
|turn|4
|
|t:|1779570757
|switch|p1a: Gholdengo|Gholdengo|100/100
|move|p2a: Clefable|Moonblast|p1a: Gholdengo
|-resisted|p1a: Gholdengo
|-damage|p1a: Gholdengo|84/100
|
|-heal|p2a: Clefable|53/100 par|[from] item: Leftovers
|upkeep
|turn|5
|
|t:|1779570772
|move|p1a: Gholdengo|Nasty Plot|p1a: Gholdengo
|-boost|p1a: Gholdengo|spa|2
|move|p2a: Clefable|Stealth Rock|p1a: Gholdengo
|-sidestart|p1: LT123VB 87|move: Stealth Rock
|
|-heal|p2a: Clefable|59/100 par|[from] item: Leftovers
|upkeep
|turn|6
|
|t:|1779570776
|switch|p2a: Clodsire|Clodsire, F|100/100
|move|p1a: Gholdengo|Make It Rain|p2a: Clodsire
|-damage|p2a: Clodsire|56/100
|-unboost|p1a: Gholdengo|spa|1
|
|upkeep
|turn|7
|
|t:|1779570780
|-terastallize|p1a: Gholdengo|Steel
|move|p1a: Gholdengo|Make It Rain|p2a: Clodsire
|-damage|p2a: Clodsire|0 fnt
|-unboost|p1a: Gholdengo|spa|1
|faint|p2a: Clodsire
|
|upkeep
|
|t:|1779570784
|switch|p2a: Walking Wake|Walking Wake|100/100
|turn|8
|
|t:|1779570800
|switch|p1a: Meowscarada|Meowscarada, M|100/100
|move|p2a: Walking Wake|Scald|p1a: Meowscarada
|-resisted|p1a: Meowscarada
|-damage|p1a: Meowscarada|71/100
|
|upkeep
|turn|9
|
|t:|1779570811
|-end|p2a: Walking Wake|Protosynthesis|[silent]
|switch|p2a: Corviknight|Corviknight, M|100/100
|-ability|p2a: Corviknight|Pressure
|move|p1a: Meowscarada|Knock Off|p2a: Corviknight
|-start|p1a: Meowscarada|typechange|Dark|[from] ability: Protean
|-damage|p2a: Corviknight|71/100
|-damage|p1a: Meowscarada|55/100|[from] item: Rocky Helmet|[of] p2a: Corviknight
|-enditem|p2a: Corviknight|Rocky Helmet|[from] move: Knock Off|[of] p1a: Meowscarada
|
|upkeep
|turn|10
|inactive|LT123VB 87 has 270 seconds left.
|
|t:|1779570851
|move|p1a: Meowscarada|U-turn|p2a: Corviknight
|-resisted|p2a: Corviknight
|-damage|p2a: Corviknight|67/100
|
|t:|1779570852
|switch|p1a: Landorus|Landorus-Therian, M|100/100|[from] U-turn
|-damage|p1a: Landorus|88/100|[from] Stealth Rock
|-ability|p1a: Landorus|Intimidate|boost
|-unboost|p2a: Corviknight|atk|1
|move|p2a: Corviknight|Roost|p2a: Corviknight
|-heal|p2a: Corviknight|100/100
|-singleturn|p2a: Corviknight|move: Roost
|
|upkeep
|turn|11
|
|t:|1779570856
|switch|p2a: Walking Wake|Walking Wake|100/100
|move|p1a: Landorus|Stealth Rock|p2a: Walking Wake
|-sidestart|p2: Nowelle|move: Stealth Rock
|
|upkeep
|turn|12
|
|t:|1779570865
|switch|p1a: Meowscarada|Meowscarada, M|55/100
|move|p2a: Walking Wake|Scald|p1a: Meowscarada
|-resisted|p1a: Meowscarada
|-damage|p1a: Meowscarada|24/100
|
|upkeep
|turn|13
|
|t:|1779570871
|move|p1a: Meowscarada|Knock Off|p2a: Walking Wake
|-start|p1a: Meowscarada|typechange|Dark|[from] ability: Protean
|-damage|p2a: Walking Wake|53/100
|-enditem|p2a: Walking Wake|Heavy-Duty Boots|[from] move: Knock Off|[of] p1a: Meowscarada
|move|p2a: Walking Wake|Scald|p1a: Meowscarada
|-damage|p1a: Meowscarada|0 fnt
|faint|p1a: Meowscarada
|
|upkeep
|
|t:|1779570886
|switch|p1a: Dragonite|Dragonite, M|100/100
|turn|14
|
|t:|1779570890
|move|p2a: Walking Wake|Draco Meteor|p1a: Dragonite
|-supereffective|p1a: Dragonite
|-damage|p1a: Dragonite|37/100
|-unboost|p2a: Walking Wake|spa|2
|move|p1a: Dragonite|Earthquake|p2a: Walking Wake
|-damage|p2a: Walking Wake|11/100
|
|upkeep
|turn|15
|
|t:|1779570897
|-end|p2a: Walking Wake|Protosynthesis|[silent]
|switch|p2a: Pecharunt|Pecharunt|100/100
|move|p1a: Dragonite|Extreme Speed|p2a: Pecharunt
|-immune|p2a: Pecharunt
|
|upkeep
|turn|16
|
|t:|1779570904
|move|p2a: Pecharunt|Shadow Ball|p1a: Dragonite
|-damage|p1a: Dragonite|14/100
|move|p1a: Dragonite|Roost|p1a: Dragonite
|-heal|p1a: Dragonite|64/100
|-singleturn|p1a: Dragonite|move: Roost
|
|upkeep
|turn|17
|
|t:|1779570910
|switch|p1a: Gholdengo|Gholdengo, tera:Steel|84/100
|-damage|p1a: Gholdengo|77/100|[from] Stealth Rock
|move|p2a: Pecharunt|Malignant Chain|p1a: Gholdengo
|-immune|p1a: Gholdengo
|
|upkeep
|turn|18
|
|t:|1779570920
|switch|p2a: Walking Wake|Walking Wake|11/100
|-damage|p2a: Walking Wake|0 fnt|[from] Stealth Rock
|faint|p2a: Walking Wake
|-end|p2a: Walking Wake|Protosynthesis|[silent]
|move|p1a: Gholdengo|Recover|p1a: Gholdengo
|-heal|p1a: Gholdengo|100/100
|
|upkeep
|
|t:|1779570929
|switch|p2a: Corviknight|Corviknight, M|100/100
|-damage|p2a: Corviknight|88/100|[from] Stealth Rock
|-ability|p2a: Corviknight|Pressure
|turn|19
|
|t:|1779570939
|switch|p1a: Hatterene|Hatterene, F|43/100
|-damage|p1a: Hatterene|30/100|[from] Stealth Rock
|move|p2a: Corviknight|Body Press|p1a: Hatterene
|-resisted|p1a: Hatterene
|-damage|p1a: Hatterene|26/100
|
|-heal|p1a: Hatterene|32/100|[from] item: Leftovers
|upkeep
|turn|20
|
|t:|1779570946
|move|p2a: Corviknight|Brave Bird|p1a: Hatterene
|-damage|p1a: Hatterene|2/100
|-damage|p2a: Corviknight|80/100|[from] Recoil
|move|p1a: Hatterene|Pain Split|p2a: Corviknight
|-sethp|p2a: Corviknight|41/100|[from] move: Pain Split|[silent]
|-sethp|p1a: Hatterene|51/100|[from] move: Pain Split
|
|-heal|p1a: Hatterene|57/100|[from] item: Leftovers
|upkeep
|turn|21
|
|t:|1779570966
|move|p2a: Corviknight|Brave Bird|p1a: Hatterene
|-damage|p1a: Hatterene|26/100
|-damage|p2a: Corviknight|33/100|[from] Recoil
|move|p1a: Hatterene|Nuzzle|p2a: Corviknight
|-supereffective|p2a: Corviknight
|-damage|p2a: Corviknight|27/100
|-status|p2a: Corviknight|par
|
|-heal|p1a: Hatterene|32/100|[from] item: Leftovers
|upkeep
|turn|22
|
|t:|1779570977
|move|p1a: Hatterene|Draining Kiss|p2a: Corviknight
|-resisted|p2a: Corviknight
|-damage|p2a: Corviknight|16/100 par
|-heal|p1a: Hatterene|43/100|[from] drain|[of] p2a: Corviknight
|move|p2a: Corviknight|Brave Bird|p1a: Hatterene
|-damage|p1a: Hatterene|14/100
|-damage|p2a: Corviknight|8/100 par|[from] Recoil
|
|-heal|p1a: Hatterene|20/100|[from] item: Leftovers
|upkeep
|turn|23
|
|t:|1779570980
|move|p1a: Hatterene|Draining Kiss|p2a: Corviknight
|-resisted|p2a: Corviknight
|-damage|p2a: Corviknight|0 fnt
|-heal|p1a: Hatterene|28/100|[from] drain|[of] p2a: Corviknight
|faint|p2a: Corviknight
|
|-heal|p1a: Hatterene|34/100|[from] item: Leftovers
|upkeep
|
|t:|1779570982
|switch|p2a: Weavile|Weavile, M|100/100
|-ability|p2a: Weavile|Pressure
|turn|24
|
|t:|1779570986
|move|p2a: Weavile|Knock Off|p1a: Hatterene
|-crit|p1a: Hatterene
|-damage|p1a: Hatterene|0 fnt
|-enditem|p1a: Hatterene|Leftovers|[from] move: Knock Off|[of] p2a: Weavile
|faint|p1a: Hatterene
|
|upkeep
|
|t:|1779570994
|switch|p1a: Gholdengo|Gholdengo, tera:Steel|100/100
|-damage|p1a: Gholdengo|94/100|[from] Stealth Rock
|turn|25
|
|t:|1779571000
|switch|p2a: Clefable|Clefable, M|59/100 par
|move|p1a: Gholdengo|Make It Rain|p2a: Clefable
|-supereffective|p2a: Clefable
|-crit|p2a: Clefable
|-damage|p2a: Clefable|0 fnt
|-unboost|p1a: Gholdengo|spa|1
|faint|p2a: Clefable
|
|upkeep
|
|t:|1779571003
|switch|p2a: Pecharunt|Pecharunt|100/100
|turn|26
|
|t:|1779571007
|move|p2a: Pecharunt|Shadow Ball|p1a: Gholdengo
|-damage|p1a: Gholdengo|67/100
|-unboost|p1a: Gholdengo|spd|1
|move|p1a: Gholdengo|Nasty Plot|p1a: Gholdengo
|-boost|p1a: Gholdengo|spa|2
|
|upkeep
|turn|27
|
|t:|1779571011
|move|p2a: Pecharunt|Shadow Ball|p1a: Gholdengo
|-damage|p1a: Gholdengo|27/100
|-unboost|p1a: Gholdengo|spd|1
|move|p1a: Gholdengo|Recover|p1a: Gholdengo
|-heal|p1a: Gholdengo|77/100
|
|upkeep
|turn|28
|
|t:|1779571016
|switch|p1a: Dragonite|Dragonite, M|64/100
|move|p2a: Pecharunt|Malignant Chain|p1a: Dragonite
|-damage|p1a: Dragonite|33/100
|-status|p1a: Dragonite|tox
|-start|p1a: Dragonite|confusion|[from] ability: Poison Puppeteer|[of] p2a: Pecharunt
|
|-damage|p1a: Dragonite|27/100 tox|[from] psn
|upkeep
|turn|29
|
|t:|1779571023
|switch|p1a: Gholdengo|Gholdengo, tera:Steel|77/100
|-damage|p1a: Gholdengo|71/100|[from] Stealth Rock
|move|p2a: Pecharunt|Malignant Chain|p1a: Gholdengo
|-immune|p1a: Gholdengo
|
|upkeep
|turn|30
|
|t:|1779571028
|move|p2a: Pecharunt|Shadow Ball|p1a: Gholdengo
|-damage|p1a: Gholdengo|46/100
|move|p1a: Gholdengo|Recover|p1a: Gholdengo
|-heal|p1a: Gholdengo|96/100
|
|upkeep
|turn|31
|
|t:|1779571037
|move|p2a: Pecharunt|Shadow Ball|p1a: Gholdengo
|-damage|p1a: Gholdengo|71/100
|move|p1a: Gholdengo|Make It Rain|p2a: Pecharunt
|-damage|p2a: Pecharunt|0 fnt
|-unboost|p1a: Gholdengo|spa|1
|faint|p2a: Pecharunt
|
|upkeep
|
|t:|1779571040
|switch|p2a: Weavile|Weavile, M|100/100
|-ability|p2a: Weavile|Pressure
|turn|32
|
|t:|1779571050
|-terastallize|p2a: Weavile|Ice
|move|p2a: Weavile|Ice Shard|p1a: Gholdengo
|-resisted|p1a: Gholdengo
|-damage|p1a: Gholdengo|58/100
|move|p1a: Gholdengo|Make It Rain|p2a: Weavile
|-supereffective|p2a: Weavile
|-damage|p2a: Weavile|0 fnt
|-unboost|p1a: Gholdengo|spa|1
|faint|p2a: Weavile
|
|win|LT123VB 87
