|j|☆ohko by scald
|j|☆esta man oe
|t:|1779637188
|gametype|singles
|player|p1|ohko by scald|roxie-masters|1418
|player|p2|esta man oe|preschooler|1403
|gen|9
|tier|[Gen 9] OU
|rated|
|rule|HP Percentage Mod: HP is shown in percentages
|rule|Endless Battle Clause: Forcing endless battles is banned
|rule|Species Clause: Limit one of each Pokémon
|rule|OHKO Clause: OHKO moves are banned
|rule|Evasion Items Clause: Evasion items are banned
|rule|Evasion Moves Clause: Evasion moves are banned
|rule|Evasion Abilities Clause: Evasion abilities are banned
|rule|Sleep Moves Clause: Sleep-inducing moves are banned
|clearpoke
|poke|p1|Cloyster, F|
|poke|p1|Toxtricity, F|
|poke|p1|Dragapult, M|
|poke|p1|Hawlucha, M|
|poke|p1|Rillaboom, M|
|poke|p1|Heatran, M|
|poke|p2|Torkoal, M|
|poke|p2|Pelipper, M|
|poke|p2|Walking Wake|
|poke|p2|Hatterene, F|
|poke|p2|Raging Bolt|
|poke|p2|Alomomola, F|
|teampreview
|inactive|Battle timer is ON: inactive players will automatically lose when time's up. (requested by esta man oe)
|inactive|ohko by scald also wants the timer to be on.
|
|t:|1779637199
|teamsize|p1|6
|teamsize|p2|6
|start
|switch|p1a: Cloist Mritical|Cloyster, F|100/100
|switch|p2a: Raging Bolt|Raging Bolt|100/100
|turn|1
|
|t:|1779637209
|move|p2a: Raging Bolt|Volt Switch|p1a: Cloist Mritical
|-supereffective|p1a: Cloist Mritical
|-enditem|p1a: Cloist Mritical|Focus Sash
|-damage|p1a: Cloist Mritical|1/100
|
|t:|1779637213
|-end|p2a: Raging Bolt|Protosynthesis|[silent]
|switch|p2a: Alomomola|Alomomola, F|100/100|[from] Volt Switch
|move|p1a: Cloist Mritical|Icicle Spear|p2a: Alomomola
|-resisted|p2a: Alomomola
|-damage|p2a: Alomomola|96/100
|-resisted|p2a: Alomomola
|-crit|p2a: Alomomola
|-damage|p2a: Alomomola|90/100
|-resisted|p2a: Alomomola
|-damage|p2a: Alomomola|85/100
|-resisted|p2a: Alomomola
|-damage|p2a: Alomomola|81/100
|-resisted|p2a: Alomomola
|-damage|p2a: Alomomola|76/100
|-hitcount|p2a: Alomomola|5
|
|upkeep
|turn|2
|
|t:|1779637217
|move|p1a: Cloist Mritical|Spikes|p2a: Alomomola
|-sidestart|p2: esta man oe|Spikes
|move|p2a: Alomomola|Flip Turn|p1a: Cloist Mritical
|-resisted|p1a: Cloist Mritical
|-damage|p1a: Cloist Mritical|0 fnt
|faint|p1a: Cloist Mritical
|
|t:|1779637219
|switch|p2a: Torkoal|Torkoal, M|100/100|[from] Flip Turn
|-damage|p2a: Torkoal|88/100|[from] Spikes
|-weather|SunnyDay|[from] ability: Drought|[of] p2a: Torkoal
|
|-weather|SunnyDay|[upkeep]
|upkeep
|
|t:|1779637227
|switch|p1a: 700°C iron ball|Heatran, M, shiny|100/100
|turn|3
|
|t:|1779637234
|switch|p2a: Hatterene|Hatterene, F, shiny|100/100
|-damage|p2a: Hatterene|88/100|[from] Spikes
|move|p1a: 700°C iron ball|Earth Power|p2a: Hatterene
|-damage|p2a: Hatterene|54/100
|-enditem|p2a: Hatterene|Eject Button
|
|t:|1779637240
|switch|p2a: Walking Wake|Walking Wake|100/100
|-damage|p2a: Walking Wake|88/100|[from] Spikes
|-activate|p2a: Walking Wake|ability: Protosynthesis
|-start|p2a: Walking Wake|protosynthesisspa
|
|-weather|SunnyDay|[upkeep]
|upkeep
|turn|4
|
|t:|1779637250
|move|p2a: Walking Wake|Hydro Steam|p1a: 700°C iron ball
|-supereffective|p1a: 700°C iron ball
|-damage|p1a: 700°C iron ball|0 fnt
|faint|p1a: 700°C iron ball
|
|-weather|SunnyDay|[upkeep]
|upkeep
|
|t:|1779637254
|switch|p1a: MF BOOM|Rillaboom, M|100/100
|-fieldstart|move: Grassy Terrain|[from] ability: Grassy Surge|[of] p1a: MF BOOM
|turn|5
|
|t:|1779637263
|-end|p2a: Walking Wake|Protosynthesis|[silent]
|switch|p2a: Raging Bolt|Raging Bolt|100/100
|-damage|p2a: Raging Bolt|88/100|[from] Spikes
|-activate|p2a: Raging Bolt|ability: Protosynthesis
|-start|p2a: Raging Bolt|protosynthesisspa
|move|p1a: MF BOOM|Wood Hammer|p2a: Raging Bolt
|-resisted|p2a: Raging Bolt
|-damage|p2a: Raging Bolt|29/100
|-damage|p1a: MF BOOM|77/100|[from] Recoil
|
|-weather|SunnyDay|[upkeep]
|-heal|p2a: Raging Bolt|36/100|[from] Grassy Terrain
|-heal|p1a: MF BOOM|83/100|[from] Grassy Terrain
|upkeep
|turn|6
|
|t:|1779637273
|move|p2a: Raging Bolt|Weather Ball|p1a: MF BOOM
|-supereffective|p1a: MF BOOM
|-damage|p1a: MF BOOM|0 fnt
|faint|p1a: MF BOOM
|
|-weather|SunnyDay|[upkeep]
|-heal|p2a: Raging Bolt|42/100|[from] Grassy Terrain
|upkeep
|
|t:|1779637281
|switch|p1a: Dragapult|Dragapult, M|100/100
|turn|7
|
|t:|1779637284
|-end|p2a: Raging Bolt|Protosynthesis|[silent]
|switch|p2a: Alomomola|Alomomola, F|100/100
|move|p1a: Dragapult|Dragon Darts|p2a: Alomomola
|-damage|p2a: Alomomola|86/100
|-anim|p1a: Dragapult|Dragon Darts|p2a: Alomomola
|-damage|p2a: Alomomola|69/100
|
|-weather|SunnyDay|[upkeep]
|-heal|p2a: Alomomola|76/100|[from] Grassy Terrain
|upkeep
|turn|8
|
|t:|1779637293
|move|p1a: Dragapult|Will-O-Wisp|p2a: Alomomola
|-status|p2a: Alomomola|brn
|move|p2a: Alomomola|Wish|p2a: Alomomola
|
|-weather|SunnyDay|[upkeep]
|-heal|p2a: Alomomola|82/100 brn|[from] Grassy Terrain
|-damage|p2a: Alomomola|76/100 brn|[from] brn
|upkeep
|turn|9
|
|t:|1779637302
|move|p1a: Dragapult|Hex|p2a: Alomomola
|-damage|p2a: Alomomola|35/100 brn
|move|p2a: Alomomola|Flip Turn|p1a: Dragapult
|-resisted|p1a: Dragapult
|-damage|p1a: Dragapult|98/100
|
|t:|1779637307
|switch|p2a: Hatterene|Hatterene, F, shiny|54/100|[from] Flip Turn
|-damage|p2a: Hatterene|41/100|[from] Spikes
|
|-weather|none
|-heal|p2a: Hatterene|100/100|[from] move: Wish|[wisher] Alomomola
|-heal|p1a: Dragapult|100/100|[from] Grassy Terrain
|-fieldend|move: Grassy Terrain
|upkeep
|turn|10
|
|t:|1779637322
|switch|p1a: John Cena|Hawlucha, M|100/100
|move|p2a: Hatterene|Psychic Noise|p1a: John Cena
|-supereffective|p1a: John Cena
|-damage|p1a: John Cena|11/100
|-start|p1a: John Cena|move: Heal Block
|
|upkeep
|turn|11
|
|t:|1779637327
|move|p1a: John Cena|Acrobatics|p2a: Hatterene
|-damage|p2a: Hatterene|78/100
|move|p2a: Hatterene|Draining Kiss|p1a: John Cena
|-supereffective|p1a: John Cena
|-damage|p1a: John Cena|0 fnt
|-heal|p2a: Hatterene|86/100|[from] drain|[of] p1a: John Cena
|faint|p1a: John Cena
|
|upkeep
|
|t:|1779637331
|switch|p1a: MF BOOM 2|Toxtricity, F|100/100
|turn|12
|
|t:|1779637337
|-terastallize|p1a: MF BOOM 2|Normal
|-terastallize|p2a: Hatterene|Poison
|move|p1a: MF BOOM 2|Shift Gear|p1a: MF BOOM 2
|-boost|p1a: MF BOOM 2|spe|2
|-boost|p1a: MF BOOM 2|atk|1
|move|p2a: Hatterene|Psychic Noise|p1a: MF BOOM 2
|-damage|p1a: MF BOOM 2|73/100
|-start|p1a: MF BOOM 2|move: Heal Block
|
|upkeep
|turn|13
|
|t:|1779637349
|move|p1a: MF BOOM 2|Shift Gear|p1a: MF BOOM 2
|-boost|p1a: MF BOOM 2|spe|2
|-boost|p1a: MF BOOM 2|atk|1
|move|p2a: Hatterene|Mystical Fire|p1a: MF BOOM 2
|-damage|p1a: MF BOOM 2|37/100
|-unboost|p1a: MF BOOM 2|spa|1
|
|-end|p1a: MF BOOM 2|move: Heal Block
|upkeep
|turn|14
|
|t:|1779637361
|move|p1a: MF BOOM 2|Boomburst|p2a: Hatterene
|-damage|p2a: Hatterene|0 fnt
|faint|p2a: Hatterene
|-damage|p1a: MF BOOM 2|27/100|[from] item: Life Orb
|
|upkeep
|
|t:|1779637365
|switch|p2a: Alomomola|Alomomola, F|68/100 brn
|turn|15
|
|t:|1779637377
|switch|p2a: Torkoal|Torkoal, M|88/100
|-damage|p2a: Torkoal|75/100|[from] Spikes
|-weather|SunnyDay|[from] ability: Drought|[of] p2a: Torkoal
|move|p1a: MF BOOM 2|Drain Punch|p2a: Torkoal
|-damage|p2a: Torkoal|51/100
|-heal|p1a: MF BOOM 2|41/100|[from] drain|[of] p2a: Torkoal
|-damage|p1a: MF BOOM 2|31/100|[from] item: Life Orb
|
|-weather|SunnyDay|[upkeep]
|upkeep
|turn|16
|
|t:|1779637391
|move|p1a: MF BOOM 2|Boomburst|p2a: Torkoal
|-damage|p2a: Torkoal|0 fnt
|faint|p2a: Torkoal
|-damage|p1a: MF BOOM 2|21/100|[from] item: Life Orb
|
|-weather|SunnyDay|[upkeep]
|upkeep
|
|t:|1779637393
|switch|p2a: Raging Bolt|Raging Bolt|42/100
|-damage|p2a: Raging Bolt|29/100|[from] Spikes
|-activate|p2a: Raging Bolt|ability: Protosynthesis
|-start|p2a: Raging Bolt|protosynthesisspa
|turn|17
|
|t:|1779637410
|move|p2a: Raging Bolt|Thunderclap||[still]
|-fail|p2a: Raging Bolt
|move|p1a: MF BOOM 2|Shift Gear|p1a: MF BOOM 2
|-boost|p1a: MF BOOM 2|spe|2
|-boost|p1a: MF BOOM 2|atk|1
|
|-weather|SunnyDay|[upkeep]
|upkeep
|turn|18
|
|t:|1779637416
|move|p2a: Raging Bolt|Thunderclap||[still]
|-fail|p2a: Raging Bolt
|move|p1a: MF BOOM 2|Shift Gear|p1a: MF BOOM 2
|-boost|p1a: MF BOOM 2|spe|0
|-boost|p1a: MF BOOM 2|atk|1
|
|-weather|SunnyDay|[upkeep]
|upkeep
|turn|19
|
|t:|1779637419
|move|p2a: Raging Bolt|Thunderclap||[still]
|-fail|p2a: Raging Bolt
|move|p1a: MF BOOM 2|Shift Gear|p1a: MF BOOM 2
|-boost|p1a: MF BOOM 2|spe|0
|-boost|p1a: MF BOOM 2|atk|1
|
|-weather|SunnyDay|[upkeep]
|upkeep
|turn|20
|
|t:|1779637423
|move|p2a: Raging Bolt|Thunderclap||[still]
|-fail|p2a: Raging Bolt
|move|p1a: MF BOOM 2|Shift Gear|p1a: MF BOOM 2
|-boost|p1a: MF BOOM 2|spe|0
|-boost|p1a: MF BOOM 2|atk|1
|
|-weather|SunnyDay|[upkeep]
|upkeep
|turn|21
|
|t:|1779637427
|move|p2a: Raging Bolt|Thunderclap|p1a: MF BOOM 2
|-damage|p1a: MF BOOM 2|0 fnt
|faint|p1a: MF BOOM 2
|
|-weather|SunnyDay|[upkeep]
|upkeep
|
|t:|1779637430
|switch|p1a: Dragapult|Dragapult, M|100/100
|turn|22
|
|t:|1779637435
|move|p2a: Raging Bolt|Thunderclap|p1a: Dragapult
|-resisted|p1a: Dragapult
|-damage|p1a: Dragapult|65/100
|move|p1a: Dragapult|Dragon Darts|p2a: Raging Bolt
|-supereffective|p2a: Raging Bolt
|-damage|p2a: Raging Bolt|0 fnt
|faint|p2a: Raging Bolt
|-end|p2a: Raging Bolt|Protosynthesis|[silent]
|
|-weather|none
|upkeep
|
|t:|1779637437
|switch|p2a: Pelipper|Pelipper, M|100/100
|-weather|RainDance|[from] ability: Drizzle|[of] p2a: Pelipper
|turn|23
|
|t:|1779637442
|move|p1a: Dragapult|Hex|p2a: Pelipper
|-damage|p2a: Pelipper|63/100
|move|p2a: Pelipper|Hurricane|p1a: Dragapult
|-damage|p1a: Dragapult|11/100
|
|-weather|RainDance|[upkeep]
|upkeep
|turn|24
|
|t:|1779637447
|move|p1a: Dragapult|Hex|p2a: Pelipper
|-damage|p2a: Pelipper|23/100
|move|p2a: Pelipper|Hurricane|p1a: Dragapult
|-damage|p1a: Dragapult|0 fnt
|faint|p1a: Dragapult
|
|win|esta man oe
|raw|ohko by scald's rating: 1418 &rarr; <strong>1397</strong><br />(-21 for losing)
|raw|esta man oe's rating: 1403 &rarr; <strong>1424</strong><br />(+21 for winning)
