|j|☆Mr Tpen
|j|☆8daniel8
|t:|1779628488
|gametype|singles
|player|p1|Mr Tpen|102|1554
|player|p2|8daniel8|265|1553
|gen|9
|tier|[Gen 9] OU
|rated|
|rule|HP Percentage Mod: HP is shown in percentages
|rule|Endless Battle Clause: Forcing endless battles is banned
|rule|Species Clause: Limit one of each Pokémon
|rule|OHKO Clause: OHKO moves are banned
|rule|Evasion Items Clause: Evasion items are banned
|rule|Evasion Moves Clause: Evasion moves are banned
|rule|Evasion Abilities Clause: Evasion abilities are banned
|rule|Sleep Moves Clause: Sleep-inducing moves are banned
|clearpoke
|poke|p1|Kyurem|
|poke|p1|Hatterene, F|
|poke|p1|Darkrai|
|poke|p1|Great Tusk|
|poke|p1|Dragonite, F|
|poke|p1|Gholdengo|
|poke|p2|Arcanine-Hisui, M|
|poke|p2|Hydreigon, M|
|poke|p2|Ogerpon-Wellspring, F|
|poke|p2|Corviknight, F|
|poke|p2|Clodsire, F|
|poke|p2|Clefable, F|
|teampreview
|inactive|Battle timer is ON: inactive players will automatically lose when time's up. (requested by Mr Tpen)
|
|t:|1779628498
|teamsize|p1|6
|teamsize|p2|6
|start
|switch|p1a: Darkrai|Darkrai|100/100
|switch|p2a: Arcanine|Arcanine-Hisui, M|100/100
|turn|1
|
|t:|1779628506
|switch|p1a: Hatterene|Hatterene, F|100/100
|-terastallize|p2a: Arcanine|Fire
|move|p2a: Arcanine|Flare Blitz|p1a: Hatterene
|-damage|p1a: Hatterene|6/100
|-damage|p2a: Arcanine|84/100|[from] item: Rocky Helmet|[of] p1a: Hatterene
|
|upkeep
|turn|2
|j| dr6ke
|
|t:|1779628515
|move|p2a: Arcanine|Flare Blitz|p1a: Hatterene
|-damage|p1a: Hatterene|0 fnt
|-damage|p2a: Arcanine|67/100|[from] item: Rocky Helmet|[of] p1a: Hatterene
|faint|p1a: Hatterene
|
|upkeep
|
|t:|1779628519
|switch|p1a: Great Tusk|Great Tusk|100/100
|turn|3
|
|t:|1779628523
|move|p2a: Arcanine|Flare Blitz|p1a: Great Tusk
|-damage|p1a: Great Tusk|39/100
|move|p1a: Great Tusk|Stealth Rock|p2a: Arcanine
|-sidestart|p2: 8daniel8|move: Stealth Rock
|
|-heal|p1a: Great Tusk|45/100|[from] item: Leftovers
|upkeep
|turn|4
|
|t:|1779628531
|move|p2a: Arcanine|Flare Blitz|p1a: Great Tusk
|-damage|p1a: Great Tusk|0 fnt
|faint|p1a: Great Tusk
|-end|p1a: Great Tusk|Protosynthesis|[silent]
|
|upkeep
|
|t:|1779628533
|switch|p1a: Dragonite|Dragonite, F|100/100
|turn|5
|
|t:|1779628538
|switch|p2a: Corviknight|Corviknight, F|100/100
|-damage|p2a: Corviknight|88/100|[from] Stealth Rock
|move|p1a: Dragonite|Dragon Dance|p1a: Dragonite
|-boost|p1a: Dragonite|atk|1
|-boost|p1a: Dragonite|spe|1
|
|upkeep
|turn|6
|
|t:|1779628546
|switch|p1a: Gholdengo|Gholdengo|100/100
|move|p2a: Corviknight|Defog|p1a: Gholdengo
|-immune|p1a: Gholdengo|[from] ability: Good as Gold
|
|upkeep
|turn|7
|
|t:|1779628556
|switch|p1a: Kyurem|Kyurem|100/100
|-ability|p1a: Kyurem|Pressure
|move|p2a: Corviknight|U-turn|p1a: Kyurem
|-damage|p1a: Kyurem|89/100
|
|t:|1779628565
|switch|p2a: Arcanine|Arcanine-Hisui, M, tera:Fire|67/100|[from] U-turn
|-damage|p2a: Arcanine|42/100|[from] Stealth Rock
|
|upkeep
|turn|8
|
|t:|1779628571
|move|p2a: Arcanine|Flare Blitz|p1a: Kyurem
|-damage|p1a: Kyurem|7/100
|move|p1a: Kyurem|Earth Power|p2a: Arcanine
|-supereffective|p2a: Arcanine
|-damage|p2a: Arcanine|0 fnt
|faint|p2a: Arcanine
|
|upkeep
|
|t:|1779628579
|switch|p2a: Hydreigon|Hydreigon, M|100/100
|-damage|p2a: Hydreigon|88/100|[from] Stealth Rock
|turn|9
|
|t:|1779628584
|move|p2a: Hydreigon|Dark Pulse|p1a: Kyurem
|-damage|p1a: Kyurem|0 fnt
|faint|p1a: Kyurem
|
|upkeep
|
|t:|1779628586
|switch|p1a: Darkrai|Darkrai|100/100
|turn|10
|
|t:|1779628591
|move|p1a: Darkrai|Trick|p2a: Hydreigon
|-activate|p1a: Darkrai|move: Trick|[of] p2a: Hydreigon
|-item|p2a: Hydreigon|Choice Scarf|[from] move: Trick
|-item|p1a: Darkrai|Choice Specs|[from] move: Trick
|move|p2a: Hydreigon|Dark Pulse|p1a: Darkrai
|-resisted|p1a: Darkrai
|-damage|p1a: Darkrai|71/100
|
|upkeep
|turn|11
|
|t:|1779628598
|move|p2a: Hydreigon|Dark Pulse|p1a: Darkrai
|-resisted|p1a: Darkrai
|-damage|p1a: Darkrai|44/100
|move|p1a: Darkrai|Ice Beam|p2a: Hydreigon
|-supereffective|p2a: Hydreigon
|-damage|p2a: Hydreigon|0 fnt
|faint|p2a: Hydreigon
|
|upkeep
|
|t:|1779628608
|switch|p2a: Ogerpon|Ogerpon-Wellspring, F|100/100
|-damage|p2a: Ogerpon|88/100|[from] Stealth Rock
|turn|12
|
|t:|1779628612
|move|p1a: Darkrai|Ice Beam|p2a: Ogerpon
|-damage|p2a: Ogerpon|28/100
|move|p2a: Ogerpon|Swords Dance|p2a: Ogerpon
|-boost|p2a: Ogerpon|atk|2
|
|upkeep
|turn|13
|
|t:|1779628619
|move|p1a: Darkrai|Ice Beam|p2a: Ogerpon
|-damage|p2a: Ogerpon|0 fnt
|faint|p2a: Ogerpon
|
|upkeep
|
|t:|1779628623
|switch|p2a: Clefable|Clefable, F|100/100
|-damage|p2a: Clefable|88/100|[from] Stealth Rock
|turn|14
|
|t:|1779628629
|switch|p1a: Gholdengo|Gholdengo|100/100
|move|p2a: Clefable|Draining Kiss|p1a: Gholdengo
|-resisted|p1a: Gholdengo
|-damage|p1a: Gholdengo|92/100
|-heal|p2a: Clefable|94/100|[from] drain|[of] p1a: Gholdengo
|
|-heal|p2a: Clefable|99/100|[from] item: Leftovers
|upkeep
|turn|15
|
|t:|1779628639
|switch|p2a: Clodsire|Clodsire, F|100/100
|-damage|p2a: Clodsire|94/100|[from] Stealth Rock
|move|p1a: Gholdengo|Nasty Plot|p1a: Gholdengo
|-boost|p1a: Gholdengo|spa|2
|
|-heal|p2a: Clodsire|100/100|[from] item: Leftovers
|upkeep
|turn|16
|
|t:|1779628648
|move|p1a: Gholdengo|Psyshock|p2a: Clodsire
|-supereffective|p2a: Clodsire
|-damage|p2a: Clodsire|0 fnt
|faint|p2a: Clodsire
|
|upkeep
|-message|8daniel8 forfeited.
|
|win|Mr Tpen
|raw|Mr Tpen's rating: 1554 &rarr; <strong>1574</strong><br />(+20 for winning)
|raw|8daniel8's rating: 1553 &rarr; <strong>1533</strong><br />(-20 for losing)
|l|☆8daniel8
|player|p2|
|l|☆Mr Tpen
|player|p1|
|l| dr6ke
