|j|☆cheezycarpcarrier
|j|☆MousesYeah
|t:|1779686987
|gametype|singles
|player|p1|cheezycarpcarrier|artist-gen4|1079
|player|p2|MousesYeah|lass-gen4dp|1101
|gen|9
|tier|[Gen 9] OU
|rated|
|rule|HP Percentage Mod: HP is shown in percentages
|rule|Endless Battle Clause: Forcing endless battles is banned
|rule|Species Clause: Limit one of each Pokémon
|rule|OHKO Clause: OHKO moves are banned
|rule|Evasion Items Clause: Evasion items are banned
|rule|Evasion Moves Clause: Evasion moves are banned
|rule|Evasion Abilities Clause: Evasion abilities are banned
|rule|Sleep Moves Clause: Sleep-inducing moves are banned
|clearpoke
|poke|p1|Deoxys-Defense|
|poke|p1|Iron Valiant|
|poke|p1|Greninja-*, M|
|poke|p1|Garchomp, F|
|poke|p1|Scizor, M|
|poke|p1|Regieleki|
|poke|p2|Landorus-Therian, M|
|poke|p2|Weavile, F|
|poke|p2|Fezandipiti, M|
|poke|p2|Slowking-Galar, F|
|poke|p2|Blaziken, F|
|poke|p2|Thundurus-Therian, M|
|teampreview
|
|t:|1779687007
|teamsize|p1|6
|teamsize|p2|6
|start
|switch|p1a: Greninja|Greninja, M|100/100
|switch|p2a: Landorus|Landorus-Therian, M|100/100
|-ability|p2a: Landorus|Intimidate|boost
|-unboost|p1a: Greninja|atk|1
|turn|1
|
|t:|1779687016
|move|p2a: Landorus|Protect|p2a: Landorus
|-singleturn|p2a: Landorus|Protect
|move|p1a: Greninja|Surf|p2a: Landorus
|-activate|p2a: Landorus|move: Protect
|
|upkeep
|turn|2
|
|t:|1779687030
|switch|p2a: Weavile|Weavile, F|100/100
|-ability|p2a: Weavile|Pressure
|move|p1a: Greninja|Surf|p2a: Weavile
|-damage|p2a: Weavile|24/100
|
|upkeep
|turn|3
|
|t:|1779687045
|switch|p1a: Garchomp|Garchomp, F|100/100
|move|p2a: Weavile|Knock Off|p1a: Garchomp
|-damage|p1a: Garchomp|70/100
|-damage|p2a: Weavile|11/100|[from] ability: Rough Skin|[of] p1a: Garchomp
|-damage|p2a: Weavile|0 fnt|[from] item: Rocky Helmet|[of] p1a: Garchomp
|faint|p2a: Weavile
|
|upkeep
|
|t:|1779687057
|switch|p2a: Fezandipiti|Fezandipiti, M|100/100
|turn|4
|
|t:|1779687067
|switch|p1a: Scizor|Scizor, M|100/100
|move|p2a: Fezandipiti|Play Rough|p1a: Scizor
|-resisted|p1a: Scizor
|-damage|p1a: Scizor|82/100
|
|upkeep
|turn|5
|
|t:|1779687078
|switch|p2a: Landorus|Landorus-Therian, M|100/100
|-ability|p2a: Landorus|Intimidate|boost
|-unboost|p1a: Scizor|atk|1
|move|p1a: Scizor|U-turn|p2a: Landorus
|-resisted|p2a: Landorus
|-damage|p2a: Landorus|76/100
|-damage|p1a: Scizor|65/100|[from] item: Rocky Helmet|[of] p2a: Landorus
|
|t:|1779687115
|switch|p1a: Greninja|Greninja, M|100/100|[from] U-turn
|
|upkeep
|turn|6
|
|t:|1779687124
|switch|p2a: Slowking|Slowking-Galar, F|100/100
|move|p1a: Greninja|Surf|p2a: Slowking
|-damage|p2a: Slowking|63/100
|
|-heal|p2a: Slowking|69/100|[from] item: Leftovers
|upkeep
|turn|7
|
|t:|1779687157
|switch|p1a: Deoxys|Deoxys-Defense|100/100
|-ability|p1a: Deoxys|Pressure
|move|p2a: Slowking|Toxic|p1a: Deoxys
|-status|p1a: Deoxys|tox
|
|-heal|p2a: Slowking|75/100|[from] item: Leftovers
|-damage|p1a: Deoxys|94/100 tox|[from] psn
|upkeep
|turn|8
|
|t:|1779687169
|move|p1a: Deoxys|Knock Off|p2a: Slowking
|-supereffective|p2a: Slowking
|-damage|p2a: Slowking|43/100
|-enditem|p2a: Slowking|Leftovers|[from] move: Knock Off|[of] p1a: Deoxys
|move|p2a: Slowking|Future Sight|p1a: Deoxys
|-start|p2a: Slowking|move: Future Sight
|
|-heal|p1a: Deoxys|100/100 tox|[from] item: Leftovers
|-damage|p1a: Deoxys|88/100 tox|[from] psn
|upkeep
|turn|9
|
|t:|1779687181
|switch|p2a: Landorus|Landorus-Therian, M|76/100
|-ability|p2a: Landorus|Intimidate|boost
|-unboost|p1a: Deoxys|atk|1
|move|p1a: Deoxys|Teleport|p1a: Deoxys
|
|t:|1779687186
|switch|p1a: Greninja|Greninja, M|100/100|[from] Teleport
|
|upkeep
|turn|10
|
|t:|1779687194
|switch|p2a: Slowking|Slowking-Galar, F|76/100
|move|p1a: Greninja|Dark Pulse|p2a: Slowking
|-supereffective|p2a: Slowking
|-damage|p2a: Slowking|17/100
|
|-end|p1a: Greninja|move: Future Sight
|-immune|p1a: Greninja
|upkeep
|turn|11
|
|t:|1779687210
|switch|p1a: Deoxys|Deoxys-Defense|88/100 tox
|-ability|p1a: Deoxys|Pressure
|switch|p2a: Thundurus|Thundurus-Therian, M|100/100
|
|-heal|p1a: Deoxys|94/100 tox|[from] item: Leftovers
|-damage|p1a: Deoxys|88/100 tox|[from] psn
|upkeep
|turn|12
|
|t:|1779687221
|move|p2a: Thundurus|Nasty Plot|p2a: Thundurus
|-boost|p2a: Thundurus|spa|2
|move|p1a: Deoxys|Teleport|p1a: Deoxys
|
|t:|1779687232
|switch|p1a: Garchomp|Garchomp, F|70/100|[from] Teleport
|
|upkeep
|turn|13
|
|t:|1779687242
|move|p2a: Thundurus|Psychic|p1a: Garchomp
|-damage|p1a: Garchomp|12/100
|-unboost|p1a: Garchomp|spd|1
|move|p1a: Garchomp|Dragon Tail|p2a: Thundurus
|-damage|p2a: Thundurus|61/100
|drag|p2a: Fezandipiti|Fezandipiti, M|100/100
|
|upkeep
|turn|14
|
|t:|1779687254
|move|p1a: Garchomp|Stealth Rock|p2a: Fezandipiti
|-sidestart|p2: MousesYeah|move: Stealth Rock
|move|p2a: Fezandipiti|Heat Wave|p1a: Garchomp
|-resisted|p1a: Garchomp
|-damage|p1a: Garchomp|2/100
|
|upkeep
|turn|15
|
|t:|1779687262
|move|p1a: Garchomp|Earthquake|p2a: Fezandipiti
|-supereffective|p2a: Fezandipiti
|-damage|p2a: Fezandipiti|7/100
|move|p2a: Fezandipiti|Heat Wave|p1a: Garchomp
|-resisted|p1a: Garchomp
|-damage|p1a: Garchomp|0 fnt
|faint|p1a: Garchomp
|
|upkeep
|
|t:|1779687276
|switch|p1a: Greninja|Greninja, M|100/100
|turn|16
|
|t:|1779687281
|move|p1a: Greninja|Surf|p2a: Fezandipiti
|-damage|p2a: Fezandipiti|0 fnt
|faint|p2a: Fezandipiti
|-ability|p1a: Greninja|Battle Bond|boost
|-boost|p1a: Greninja|atk|1
|-boost|p1a: Greninja|spa|1
|-boost|p1a: Greninja|spe|1
|-activate|p1a: Greninja|ability: Battle Bond
|
|upkeep
|
|t:|1779687289
|switch|p2a: Blaziken|Blaziken, F|100/100
|turn|17
|
|t:|1779687316
|move|p2a: Blaziken|Protect|p2a: Blaziken
|-singleturn|p2a: Blaziken|Protect
|move|p1a: Greninja|Surf|p2a: Blaziken
|-activate|p2a: Blaziken|move: Protect
|
|-ability|p2a: Blaziken|Speed Boost|boost
|-boost|p2a: Blaziken|spe|1
|upkeep
|turn|18
|
|t:|1779687326
|-terastallize|p1a: Greninja|Water
|move|p1a: Greninja|Surf|p2a: Blaziken
|-supereffective|p2a: Blaziken
|-damage|p2a: Blaziken|0 fnt
|faint|p2a: Blaziken
|
|upkeep
|
|t:|1779687338
|switch|p2a: Slowking|Slowking-Galar, F|50/100
|-damage|p2a: Slowking|38/100|[from] Stealth Rock
|turn|19
|
|t:|1779687343
|move|p1a: Greninja|Surf|p2a: Slowking
|-damage|p2a: Slowking|0 fnt
|faint|p2a: Slowking
|
|upkeep
|
|t:|1779687348
|switch|p2a: Thundurus|Thundurus-Therian, M|61/100
|turn|20
|
|t:|1779687351
|move|p1a: Greninja|Surf|p2a: Thundurus
|-damage|p2a: Thundurus|0 fnt
|faint|p2a: Thundurus
|
|upkeep
|
|t:|1779687356
|switch|p2a: Landorus|Landorus-Therian, M|76/100
|-damage|p2a: Landorus|64/100|[from] Stealth Rock
|-ability|p2a: Landorus|Intimidate|boost
|-unboost|p1a: Greninja|atk|1
|turn|21
|
|t:|1779687363
|move|p1a: Greninja|Surf|p2a: Landorus
|-supereffective|p2a: Landorus
|-crit|p2a: Landorus
|-damage|p2a: Landorus|0 fnt
|faint|p2a: Landorus
|
|win|cheezycarpcarrier
|raw|cheezycarpcarrier's rating: 1079 &rarr; <strong>1109</strong><br />(+30 for winning)
|raw|MousesYeah's rating: 1101 &rarr; <strong>1074</strong><br />(-27 for losing)
|l|☆MousesYeah
|player|p2|
|l|☆cheezycarpcarrier
|player|p1|
