|j|☆dillonbrookssimp
|j|☆athrel
|t:|1779685332
|gametype|singles
|player|p1|dillonbrookssimp|harlequin|1390
|player|p2|athrel|102|1388
|gen|9
|tier|[Gen 9] OU
|rated|
|rule|HP Percentage Mod: HP is shown in percentages
|rule|Endless Battle Clause: Forcing endless battles is banned
|rule|Species Clause: Limit one of each Pokémon
|rule|OHKO Clause: OHKO moves are banned
|rule|Evasion Items Clause: Evasion items are banned
|rule|Evasion Moves Clause: Evasion moves are banned
|rule|Evasion Abilities Clause: Evasion abilities are banned
|rule|Sleep Moves Clause: Sleep-inducing moves are banned
|clearpoke
|poke|p1|Torterra, M|
|poke|p1|Mandibuzz, F|
|poke|p1|Fezandipiti, M|
|poke|p1|Porygon-Z|
|poke|p1|Mew|
|poke|p1|Heatran, F|
|poke|p2|Kyurem|
|poke|p2|Araquanid, M|
|poke|p2|Ceruledge, M|
|poke|p2|Rillaboom, F|
|poke|p2|Gholdengo|
|poke|p2|Iron Treads|
|teampreview
|inactive|Battle timer is ON: inactive players will automatically lose when time's up. (requested by dillonbrookssimp)
|
|t:|1779685356
|teamsize|p1|6
|teamsize|p2|6
|start
|switch|p1a: Fezandipiti|Fezandipiti, M|100/100
|switch|p2a: Araquanid|Araquanid, M|100/100
|turn|1
|
|t:|1779685370
|move|p1a: Fezandipiti|Toxic|p2a: Araquanid
|-status|p2a: Araquanid|tox
|move|p2a: Araquanid|Sticky Web|p1a: Fezandipiti
|-sidestart|p1: dillonbrookssimp|move: Sticky Web
|
|-damage|p2a: Araquanid|94/100 tox|[from] psn
|upkeep
|turn|2
|
|t:|1779685380
|move|p1a: Fezandipiti|U-turn|p2a: Araquanid
|-damage|p2a: Araquanid|79/100 tox
|
|t:|1779685387
|switch|p1a: Athaliah|Mandibuzz, F|100/100|[from] U-turn
|move|p2a: Araquanid|Liquidation|p1a: Athaliah
|-damage|p1a: Athaliah|62/100
|-damage|p2a: Araquanid|63/100 tox|[from] item: Rocky Helmet|[of] p1a: Athaliah
|
|-damage|p2a: Araquanid|50/100 tox|[from] psn
|upkeep
|turn|3
|
|t:|1779685399
|switch|p2a: Gholdengo|Gholdengo|100/100
|move|p1a: Athaliah|Roost|p1a: Athaliah
|-heal|p1a: Athaliah|100/100
|-singleturn|p1a: Athaliah|move: Roost
|
|upkeep
|turn|4
|
|t:|1779685407
|switch|p1a: Heatran|Heatran, F|100/100
|-activate|p1a: Heatran|move: Sticky Web
|-unboost|p1a: Heatran|spe|1
|move|p2a: Gholdengo|Trick|p1a: Heatran
|-activate|p2a: Gholdengo|move: Trick|[of] p1a: Heatran
|-item|p1a: Heatran|Choice Scarf|[from] move: Trick
|-item|p2a: Gholdengo|Leftovers|[from] move: Trick
|
|upkeep
|turn|5
|
|t:|1779685424
|switch|p2a: Araquanid|Araquanid, M|50/100 tox
|move|p1a: Heatran|Stealth Rock|p2a: Araquanid
|-sidestart|p2: athrel|move: Stealth Rock
|
|-damage|p2a: Araquanid|44/100 tox|[from] psn
|upkeep
|turn|6
|
|t:|1779685432
|switch|p1a: Athaliah|Mandibuzz, F|100/100
|move|p2a: Araquanid|Endeavor|p1a: Athaliah
|-damage|p1a: Athaliah|36/100
|-damage|p2a: Araquanid|28/100 tox|[from] item: Rocky Helmet|[of] p1a: Athaliah
|
|-damage|p2a: Araquanid|15/100 tox|[from] psn
|upkeep
|turn|7
|-enditem|p2a: Araquanid|Custap Berry|[eat]
|-activate|p2a: Araquanid|item: Custap Berry|[consumed]
|
|t:|1779685445
|move|p2a: Araquanid|Liquidation|p1a: Athaliah
|-damage|p1a: Athaliah|0 fnt
|-damage|p2a: Araquanid|0 fnt|[from] item: Rocky Helmet|[of] p1a: Athaliah
|faint|p1a: Athaliah
|faint|p2a: Araquanid
|
|upkeep
|
|t:|1779685462
|switch|p1a: Heatran|Heatran, F|100/100
|switch|p2a: Iron Treads|Iron Treads|100/100
|-damage|p2a: Iron Treads|97/100|[from] Stealth Rock
|-activate|p1a: Heatran|move: Sticky Web
|-unboost|p1a: Heatran|spe|1
|turn|8
|
|t:|1779685479
|move|p2a: Iron Treads|Earth Power|p1a: Heatran
|-supereffective|p1a: Heatran
|-damage|p1a: Heatran|47/100
|move|p1a: Heatran|Magma Storm|p2a: Iron Treads
|-supereffective|p2a: Iron Treads
|-damage|p2a: Iron Treads|0 fnt
|faint|p2a: Iron Treads
|-end|p2a: Iron Treads|Quark Drive|[silent]
|
|upkeep
|
|t:|1779685485
|switch|p2a: Ceruledge|Ceruledge, M|100/100
|-damage|p2a: Ceruledge|76/100|[from] Stealth Rock
|turn|9
|
|t:|1779685492
|switch|p1a: Porygon-Z|Porygon-Z|100/100
|-activate|p1a: Porygon-Z|move: Sticky Web
|-unboost|p1a: Porygon-Z|spe|1
|move|p2a: Ceruledge|Swords Dance|p2a: Ceruledge
|-boost|p2a: Ceruledge|atk|2
|
|upkeep
|turn|10
|
|t:|1779685502
|move|p1a: Porygon-Z|Trick|p2a: Ceruledge
|-activate|p1a: Porygon-Z|move: Trick|[of] p2a: Ceruledge
|-item|p2a: Ceruledge|Choice Scarf|[from] move: Trick
|-item|p1a: Porygon-Z|Life Orb|[from] move: Trick
|move|p2a: Ceruledge|Bitter Blade|p1a: Porygon-Z
|-damage|p1a: Porygon-Z|0 fnt
|-heal|p2a: Ceruledge|100/100|[from] drain|[of] p1a: Porygon-Z
|faint|p1a: Porygon-Z
|
|upkeep
|
|t:|1779685507
|switch|p1a: Heatran|Heatran, F|47/100
|-activate|p1a: Heatran|move: Sticky Web
|-unboost|p1a: Heatran|spe|1
|turn|11
|
|t:|1779685520
|switch|p2a: Rillaboom|Rillaboom, F|100/100
|-damage|p2a: Rillaboom|88/100|[from] Stealth Rock
|-fieldstart|move: Grassy Terrain|[from] ability: Grassy Surge|[of] p2a: Rillaboom
|move|p1a: Heatran|Magma Storm|p2a: Rillaboom
|-supereffective|p2a: Rillaboom
|-damage|p2a: Rillaboom|27/100
|-activate|p2a: Rillaboom|move: Magma Storm|[of] p1a: Heatran
|
|-heal|p2a: Rillaboom|33/100|[from] Grassy Terrain
|-heal|p1a: Heatran|53/100|[from] Grassy Terrain
|-damage|p2a: Rillaboom|21/100|[from] move: Magma Storm|[partiallytrapped]
|upkeep
|turn|12
|
|t:|1779685533
|switch|p1a: Fezandipiti|Fezandipiti, M|100/100
|move|p2a: Rillaboom|High Horsepower|p1a: Fezandipiti
|-supereffective|p1a: Fezandipiti
|-damage|p1a: Fezandipiti|53/100
|
|-heal|p1a: Fezandipiti|59/100|[from] Grassy Terrain
|-heal|p2a: Rillaboom|27/100|[from] Grassy Terrain
|-end|p2a: Rillaboom|Magma Storm|[partiallytrapped]|[silent]
|upkeep
|turn|13
|
|t:|1779685541
|move|p1a: Fezandipiti|U-turn|p2a: Rillaboom
|-supereffective|p2a: Rillaboom
|-damage|p2a: Rillaboom|4/100
|-status|p2a: Rillaboom|tox|[from] ability: Toxic Chain|[of] p1a: Fezandipiti
|
|t:|1779685548
|switch|p1a: Mew|Mew|100/100|[from] U-turn
|-activate|p1a: Mew|move: Sticky Web
|-unboost|p1a: Mew|spe|1
|move|p2a: Rillaboom|High Horsepower|p1a: Mew
|-damage|p1a: Mew|63/100
|
|-heal|p1a: Mew|69/100|[from] Grassy Terrain
|-heal|p1a: Mew|75/100|[from] item: Leftovers
|-heal|p2a: Rillaboom|11/100 tox|[from] Grassy Terrain
|-damage|p2a: Rillaboom|4/100 tox|[from] psn
|upkeep
|turn|14
|
|t:|1779685559
|move|p1a: Mew|Spikes|p2a: Rillaboom
|-sidestart|p2: athrel|Spikes
|move|p2a: Rillaboom|Knock Off|p1a: Mew
|-supereffective|p1a: Mew
|-damage|p1a: Mew|0 fnt
|-enditem|p1a: Mew|Leftovers|[from] move: Knock Off|[of] p2a: Rillaboom
|faint|p1a: Mew
|
|-heal|p2a: Rillaboom|11/100 tox|[from] Grassy Terrain
|-damage|p2a: Rillaboom|0 fnt|[from] psn
|faint|p2a: Rillaboom
|upkeep
|
|t:|1779685577
|switch|p1a: Peter|Torterra, M|100/100
|switch|p2a: Ceruledge|Ceruledge, M|100/100
|-damage|p2a: Ceruledge|76/100|[from] Stealth Rock
|-damage|p2a: Ceruledge|63/100|[from] Spikes
|-activate|p1a: Peter|move: Sticky Web
|-unboost|p1a: Peter|spe|1
|-enditem|p1a: Peter|White Herb
|-clearnegativeboost|p1a: Peter|[silent]
|turn|15
|
|t:|1779685595
|-terastallize|p1a: Peter|Rock
|move|p2a: Ceruledge|Bitter Blade|p1a: Peter
|-resisted|p1a: Peter
|-damage|p1a: Peter|77/100
|-heal|p2a: Ceruledge|77/100|[from] drain|[of] p1a: Peter
|move|p1a: Peter|Shell Smash|p1a: Peter
|-unboost|p1a: Peter|def|1
|-unboost|p1a: Peter|spd|1
|-boost|p1a: Peter|atk|2
|-boost|p1a: Peter|spa|2
|-boost|p1a: Peter|spe|2
|
|-heal|p2a: Ceruledge|83/100|[from] Grassy Terrain
|-heal|p1a: Peter|83/100|[from] Grassy Terrain
|-fieldend|move: Grassy Terrain
|upkeep
|turn|16
|
|t:|1779685610
|-terastallize|p2a: Ceruledge|Grass
|move|p2a: Ceruledge|Bitter Blade|p1a: Peter
|-resisted|p1a: Peter
|-damage|p1a: Peter|48/100
|-heal|p2a: Ceruledge|100/100|[from] drain|[of] p1a: Peter
|move|p1a: Peter|Shell Smash|p1a: Peter
|-unboost|p1a: Peter|def|1
|-unboost|p1a: Peter|spd|1
|-boost|p1a: Peter|atk|2
|-boost|p1a: Peter|spa|2
|-boost|p1a: Peter|spe|2
|
|upkeep
|turn|17
|
|t:|1779685621
|move|p1a: Peter|Stone Edge|p2a: Ceruledge
|-damage|p2a: Ceruledge|0 fnt
|faint|p2a: Ceruledge
|
|upkeep
|-message|athrel forfeited.
|
|win|dillonbrookssimp
|raw|dillonbrookssimp's rating: 1390 &rarr; <strong>1410</strong><br />(+20 for winning)
|raw|athrel's rating: 1388 &rarr; <strong>1368</strong><br />(-20 for losing)
|l|☆athrel
|player|p2|
|l|☆dillonbrookssimp
|player|p1|
