|j|☆goodnightnite
|j|☆bobrumba
|t:|1779686965
|gametype|singles
|player|p1|goodnightnite|miku-water|1645
|player|p2|bobrumba|cynthia-gen4|1689
|gen|9
|tier|[Gen 9] OU
|rated|
|rule|HP Percentage Mod: HP is shown in percentages
|rule|Endless Battle Clause: Forcing endless battles is banned
|rule|Species Clause: Limit one of each Pokémon
|rule|OHKO Clause: OHKO moves are banned
|rule|Evasion Items Clause: Evasion items are banned
|rule|Evasion Moves Clause: Evasion moves are banned
|rule|Evasion Abilities Clause: Evasion abilities are banned
|rule|Sleep Moves Clause: Sleep-inducing moves are banned
|clearpoke
|poke|p1|Ribombee, F|
|poke|p1|Lokix, M|
|poke|p1|Great Tusk|
|poke|p1|Raging Bolt|
|poke|p1|Gholdengo|
|poke|p1|Iron Moth|
|poke|p2|Dondozo, M|
|poke|p2|Blissey, F|
|poke|p2|Corviknight, M|
|poke|p2|Weezing-Galar, F|
|poke|p2|Gliscor, F|
|poke|p2|Toxapex, M|
|teampreview
|inactive|Battle timer is ON: inactive players will automatically lose when time's up. (requested by goodnightnite)
|j| euphoricpoptarts
|
|t:|1779686977
|teamsize|p1|6
|teamsize|p2|6
|start
|switch|p1a: Ribombee|Ribombee, F, shiny|100/100
|switch|p2a: Gliscor|Gliscor, F|100/100
|turn|1
|j| kakkarotxvj
|
|t:|1779686994
|move|p2a: Gliscor|Protect|p2a: Gliscor
|-singleturn|p2a: Gliscor|Protect
|move|p1a: Ribombee|Stun Spore|p2a: Gliscor
|-activate|p2a: Gliscor|move: Protect
|
|-status|p2a: Gliscor|tox|[from] item: Toxic Orb
|upkeep
|turn|2
|
|t:|1779687000
|move|p1a: Ribombee|Skill Swap|p2a: Gliscor
|-activate|p1a: Ribombee|Skill Swap|Poison Heal|Shield Dust|[of] p2a: Gliscor
|move|p2a: Gliscor|Knock Off|p1a: Ribombee
|-resisted|p1a: Ribombee
|-damage|p1a: Ribombee|79/100
|-enditem|p1a: Ribombee|Focus Sash|[from] move: Knock Off|[of] p2a: Gliscor
|
|-damage|p2a: Gliscor|94/100 tox|[from] psn
|upkeep
|turn|3
|
|t:|1779687007
|switch|p2a: Blissey|Blissey, F|100/100
|move|p1a: Ribombee|Moonblast|p2a: Blissey
|-damage|p2a: Blissey|89/100
|
|-heal|p2a: Blissey|95/100|[from] item: Leftovers
|upkeep
|turn|4
|
|t:|1779687013
|move|p1a: Ribombee|Stun Spore|p2a: Blissey|[miss]
|-miss|p1a: Ribombee|p2a: Blissey
|move|p2a: Blissey|Stealth Rock|p1a: Ribombee
|-sidestart|p1: goodnightnite|move: Stealth Rock
|
|-heal|p2a: Blissey|100/100|[from] item: Leftovers
|upkeep
|turn|5
|
|t:|1779687017
|move|p1a: Ribombee|Moonblast|p2a: Blissey
|-damage|p2a: Blissey|89/100
|move|p2a: Blissey|Seismic Toss|p1a: Ribombee
|-damage|p1a: Ribombee|40/100
|
|-heal|p2a: Blissey|95/100|[from] item: Leftovers
|upkeep
|turn|6
|
|t:|1779687023
|move|p1a: Ribombee|Stun Spore|p2a: Blissey|[miss]
|-miss|p1a: Ribombee|p2a: Blissey
|move|p2a: Blissey|Seismic Toss|p1a: Ribombee
|-damage|p1a: Ribombee|2/100
|
|-heal|p2a: Blissey|100/100|[from] item: Leftovers
|upkeep
|turn|7
|
|t:|1779687027
|move|p1a: Ribombee|Stun Spore|p2a: Blissey
|-status|p2a: Blissey|par
|move|p2a: Blissey|Seismic Toss|p1a: Ribombee
|-damage|p1a: Ribombee|0 fnt
|faint|p1a: Ribombee
|
|upkeep
|
|t:|1779687030
|switch|p1a: Great Tusk|Great Tusk, shiny|100/100
|-damage|p1a: Great Tusk|98/100|[from] Stealth Rock
|-enditem|p1a: Great Tusk|Booster Energy
|-activate|p1a: Great Tusk|ability: Protosynthesis|[fromitem]
|-start|p1a: Great Tusk|protosynthesisatk
|turn|8
|
|t:|1779687034
|-curestatus|p2a: Blissey|par|[from] ability: Natural Cure|[silent]
|switch|p2a: Corviknight|Corviknight, M|100/100
|-ability|p2a: Corviknight|Pressure
|move|p1a: Great Tusk|Close Combat|p2a: Corviknight
|-damage|p2a: Corviknight|50/100
|-unboost|p1a: Great Tusk|def|1
|-unboost|p1a: Great Tusk|spd|1
|
|-heal|p2a: Corviknight|56/100|[from] item: Leftovers
|upkeep
|turn|9
|
|t:|1779687042
|-end|p1a: Great Tusk|Protosynthesis|[silent]
|switch|p1a: Iron Moth|Iron Moth, shiny|100/100
|-damage|p1a: Iron Moth|76/100|[from] Stealth Rock
|-enditem|p1a: Iron Moth|Booster Energy
|-activate|p1a: Iron Moth|ability: Quark Drive|[fromitem]
|-start|p1a: Iron Moth|quarkdrivespa
|move|p2a: Corviknight|Roost|p2a: Corviknight
|-heal|p2a: Corviknight|100/100
|-singleturn|p2a: Corviknight|move: Roost
|
|upkeep
|turn|10
|
|t:|1779687046
|switch|p2a: Toxapex|Toxapex, M|100/100
|move|p1a: Iron Moth|Fiery Dance|p2a: Toxapex
|-resisted|p2a: Toxapex
|-damage|p2a: Toxapex|83/100
|
|-heal|p2a: Toxapex|89/100|[from] item: Black Sludge
|upkeep
|turn|11
|
|t:|1779687051
|move|p1a: Iron Moth|Energy Ball|p2a: Toxapex
|-damage|p2a: Toxapex|62/100
|move|p2a: Toxapex|Poison Jab|p1a: Iron Moth
|-resisted|p1a: Iron Moth
|-damage|p1a: Iron Moth|62/100
|
|-heal|p2a: Toxapex|69/100|[from] item: Black Sludge
|upkeep
|turn|12
|
|t:|1779687054
|move|p1a: Iron Moth|Energy Ball|p2a: Toxapex
|-damage|p2a: Toxapex|43/100
|move|p2a: Toxapex|Poison Jab|p1a: Iron Moth
|-resisted|p1a: Iron Moth
|-damage|p1a: Iron Moth|46/100
|
|-heal|p2a: Toxapex|50/100|[from] item: Black Sludge
|upkeep
|turn|13
|
|t:|1779687057
|move|p1a: Iron Moth|Energy Ball|p2a: Toxapex
|-damage|p2a: Toxapex|21/100
|move|p2a: Toxapex|Recover|p2a: Toxapex
|-heal|p2a: Toxapex|71/100
|
|-heal|p2a: Toxapex|77/100|[from] item: Black Sludge
|upkeep
|turn|14
|
|t:|1779687059
|move|p1a: Iron Moth|Energy Ball|p2a: Toxapex
|-damage|p2a: Toxapex|50/100
|move|p2a: Toxapex|Poison Jab|p1a: Iron Moth
|-resisted|p1a: Iron Moth
|-damage|p1a: Iron Moth|31/100
|
|-heal|p2a: Toxapex|56/100|[from] item: Black Sludge
|upkeep
|turn|15
|
|t:|1779687062
|move|p1a: Iron Moth|Energy Ball|p2a: Toxapex
|-damage|p2a: Toxapex|31/100
|move|p2a: Toxapex|Recover|p2a: Toxapex
|-heal|p2a: Toxapex|81/100
|
|-heal|p2a: Toxapex|87/100|[from] item: Black Sludge
|upkeep
|turn|16
|
|t:|1779687065
|move|p1a: Iron Moth|Fiery Dance|p2a: Toxapex
|-resisted|p2a: Toxapex
|-damage|p2a: Toxapex|70/100
|move|p2a: Toxapex|Poison Jab|p1a: Iron Moth
|-resisted|p1a: Iron Moth
|-damage|p1a: Iron Moth|18/100
|
|-heal|p2a: Toxapex|76/100|[from] item: Black Sludge
|upkeep
|turn|17
|
|t:|1779687068
|move|p1a: Iron Moth|Energy Ball|p2a: Toxapex
|-damage|p2a: Toxapex|46/100
|move|p2a: Toxapex|Poison Jab|p1a: Iron Moth
|-resisted|p1a: Iron Moth
|-damage|p1a: Iron Moth|4/100
|
|-heal|p2a: Toxapex|52/100|[from] item: Black Sludge
|upkeep
|turn|18
|
|t:|1779687073
|move|p1a: Iron Moth|Fiery Dance|p2a: Toxapex
|-resisted|p2a: Toxapex
|-damage|p2a: Toxapex|34/100
|-boost|p1a: Iron Moth|spa|1
|move|p2a: Toxapex|Poison Jab|p1a: Iron Moth
|-resisted|p1a: Iron Moth
|-damage|p1a: Iron Moth|0 fnt
|faint|p1a: Iron Moth
|-end|p1a: Iron Moth|Quark Drive|[silent]
|
|-heal|p2a: Toxapex|41/100|[from] item: Black Sludge
|upkeep
|
|t:|1779687077
|switch|p1a: Great Tusk|Great Tusk, shiny|98/100
|-damage|p1a: Great Tusk|95/100|[from] Stealth Rock
|turn|19
|
|t:|1779687081
|switch|p2a: Corviknight|Corviknight, M|100/100
|-ability|p2a: Corviknight|Pressure
|move|p1a: Great Tusk|Close Combat|p2a: Corviknight
|-damage|p2a: Corviknight|60/100
|-unboost|p1a: Great Tusk|def|1
|-unboost|p1a: Great Tusk|spd|1
|
|-heal|p2a: Corviknight|66/100|[from] item: Leftovers
|upkeep
|turn|20
|
|t:|1779687087
|move|p1a: Great Tusk|Rapid Spin|p2a: Corviknight
|-resisted|p2a: Corviknight
|-damage|p2a: Corviknight|60/100
|-boost|p1a: Great Tusk|spe|1
|-sideend|p1: goodnightnite|Stealth Rock|[from] move: Rapid Spin|[of] p1a: Great Tusk
|move|p2a: Corviknight|Roost|p2a: Corviknight
|-heal|p2a: Corviknight|100/100
|-singleturn|p2a: Corviknight|move: Roost
|
|upkeep
|turn|21
|
|t:|1779687089
|move|p1a: Great Tusk|Close Combat|p2a: Corviknight
|-damage|p2a: Corviknight|66/100
|-unboost|p1a: Great Tusk|def|1
|-unboost|p1a: Great Tusk|spd|1
|move|p2a: Corviknight|Body Press|p1a: Great Tusk
|-crit|p1a: Great Tusk
|-damage|p1a: Great Tusk|37/100
|
|-heal|p2a: Corviknight|72/100|[from] item: Leftovers
|upkeep
|turn|22
|
|t:|1779687095
|-end|p1a: Great Tusk|Protosynthesis|[silent]
|switch|p1a: Gholdengo|Gholdengo, shiny|100/100
|-item|p1a: Gholdengo|Air Balloon
|move|p2a: Corviknight|Roost|p2a: Corviknight
|-heal|p2a: Corviknight|100/100
|-singleturn|p2a: Corviknight|move: Roost
|
|upkeep
|turn|23
|
|t:|1779687098
|switch|p2a: Toxapex|Toxapex, M|74/100
|move|p1a: Gholdengo|Nasty Plot|p1a: Gholdengo
|-boost|p1a: Gholdengo|spa|2
|
|-heal|p2a: Toxapex|80/100|[from] item: Black Sludge
|upkeep
|turn|24
|
|t:|1779687101
|move|p1a: Gholdengo|Psyshock|p2a: Toxapex
|-supereffective|p2a: Toxapex
|-damage|p2a: Toxapex|0 fnt
|faint|p2a: Toxapex
|
|upkeep
|
|t:|1779687105
|switch|p2a: Blissey|Blissey, F|100/100
|turn|25
|
|t:|1779687107
|-terastallize|p2a: Blissey|Dark
|move|p1a: Gholdengo|Nasty Plot|p1a: Gholdengo
|-boost|p1a: Gholdengo|spa|2
|move|p2a: Blissey|Calm Mind|p2a: Blissey
|-boost|p2a: Blissey|spa|1
|-boost|p2a: Blissey|spd|1
|
|upkeep
|turn|26
|
|t:|1779687110
|move|p1a: Gholdengo|Nasty Plot|p1a: Gholdengo
|-boost|p1a: Gholdengo|spa|2
|move|p2a: Blissey|Calm Mind|p2a: Blissey
|-boost|p2a: Blissey|spa|1
|-boost|p2a: Blissey|spd|1
|
|upkeep
|turn|27
|
|t:|1779687118
|-terastallize|p1a: Gholdengo|Fairy
|move|p1a: Gholdengo|Dazzling Gleam|p2a: Blissey
|-supereffective|p2a: Blissey
|-damage|p2a: Blissey|45/100
|move|p2a: Blissey|Calm Mind|p2a: Blissey
|-boost|p2a: Blissey|spa|1
|-boost|p2a: Blissey|spd|1
|
|-heal|p2a: Blissey|51/100|[from] item: Leftovers
|upkeep
|turn|28
|
|t:|1779687126
|move|p1a: Gholdengo|Dazzling Gleam|p2a: Blissey
|-supereffective|p2a: Blissey
|-damage|p2a: Blissey|9/100
|move|p2a: Blissey|Soft-Boiled|p2a: Blissey
|-heal|p2a: Blissey|59/100
|
|-heal|p2a: Blissey|65/100|[from] item: Leftovers
|upkeep
|turn|29
|
|t:|1779687130
|move|p1a: Gholdengo|Dazzling Gleam|p2a: Blissey
|-supereffective|p2a: Blissey
|-damage|p2a: Blissey|21/100
|move|p2a: Blissey|Soft-Boiled|p2a: Blissey
|-heal|p2a: Blissey|71/100
|
|-heal|p2a: Blissey|77/100|[from] item: Leftovers
|upkeep
|turn|30
|
|t:|1779687135
|move|p1a: Gholdengo|Dazzling Gleam|p2a: Blissey
|-supereffective|p2a: Blissey
|-damage|p2a: Blissey|37/100
|move|p2a: Blissey|Soft-Boiled|p2a: Blissey
|-heal|p2a: Blissey|87/100
|
|-heal|p2a: Blissey|93/100|[from] item: Leftovers
|upkeep
|turn|31
|
|t:|1779687139
|move|p1a: Gholdengo|Dazzling Gleam|p2a: Blissey
|-supereffective|p2a: Blissey
|-damage|p2a: Blissey|54/100
|move|p2a: Blissey|Calm Mind|p2a: Blissey
|-boost|p2a: Blissey|spa|1
|-boost|p2a: Blissey|spd|1
|
|-heal|p2a: Blissey|60/100|[from] item: Leftovers
|upkeep
|turn|32
|
|t:|1779687146
|move|p1a: Gholdengo|Dazzling Gleam|p2a: Blissey
|-supereffective|p2a: Blissey
|-damage|p2a: Blissey|27/100
|move|p2a: Blissey|Soft-Boiled|p2a: Blissey
|-heal|p2a: Blissey|77/100
|
|-heal|p2a: Blissey|83/100|[from] item: Leftovers
|upkeep
|turn|33
|
|t:|1779687151
|move|p1a: Gholdengo|Dazzling Gleam|p2a: Blissey
|-supereffective|p2a: Blissey
|-damage|p2a: Blissey|50/100
|move|p2a: Blissey|Calm Mind|p2a: Blissey
|-boost|p2a: Blissey|spa|1
|-boost|p2a: Blissey|spd|1
|
|-heal|p2a: Blissey|56/100|[from] item: Leftovers
|upkeep
|turn|34
|
|t:|1779687159
|switch|p1a: Great Tusk|Great Tusk, shiny|37/100
|move|p2a: Blissey|Soft-Boiled|p2a: Blissey
|-heal|p2a: Blissey|100/100
|
|upkeep
|turn|35
|
|t:|1779687167
|-end|p1a: Great Tusk|Protosynthesis|[silent]
|switch|p1a: Gholdengo|Gholdengo, shiny, tera:Fairy|100/100
|-item|p1a: Gholdengo|Air Balloon
|switch|p2a: Corviknight|Corviknight, M|100/100
|-ability|p2a: Corviknight|Pressure
|
|upkeep
|turn|36
|
|t:|1779687172
|switch|p2a: Blissey|Blissey, F, tera:Dark|100/100
|move|p1a: Gholdengo|Nasty Plot|p1a: Gholdengo
|-boost|p1a: Gholdengo|spa|2
|
|upkeep
|turn|37
|
|t:|1779687175
|move|p1a: Gholdengo|Nasty Plot|p1a: Gholdengo
|-boost|p1a: Gholdengo|spa|2
|move|p2a: Blissey|Calm Mind|p2a: Blissey
|-boost|p2a: Blissey|spa|1
|-boost|p2a: Blissey|spd|1
|
|upkeep
|turn|38
|
|t:|1779687178
|move|p1a: Gholdengo|Dazzling Gleam|p2a: Blissey
|-supereffective|p2a: Blissey
|-damage|p2a: Blissey|52/100
|move|p2a: Blissey|Calm Mind|p2a: Blissey
|-boost|p2a: Blissey|spa|1
|-boost|p2a: Blissey|spd|1
|
|-heal|p2a: Blissey|58/100|[from] item: Leftovers
|upkeep
|turn|39
|
|t:|1779687185
|switch|p1a: Great Tusk|Great Tusk, shiny|37/100
|move|p2a: Blissey|Soft-Boiled|p2a: Blissey
|-heal|p2a: Blissey|100/100
|
|upkeep
|turn|40
|
|t:|1779687198
|-end|p1a: Great Tusk|Protosynthesis|[silent]
|switch|p1a: Gholdengo|Gholdengo, shiny, tera:Fairy|100/100
|-item|p1a: Gholdengo|Air Balloon
|switch|p2a: Corviknight|Corviknight, M|100/100
|-ability|p2a: Corviknight|Pressure
|
|upkeep
|turn|41
|
|t:|1779687203
|switch|p2a: Blissey|Blissey, F, tera:Dark|100/100
|move|p1a: Gholdengo|Nasty Plot|p1a: Gholdengo
|-boost|p1a: Gholdengo|spa|2
|
|upkeep
|turn|42
|
|t:|1779687208
|move|p1a: Gholdengo|Nasty Plot|p1a: Gholdengo
|-boost|p1a: Gholdengo|spa|2
|move|p2a: Blissey|Calm Mind|p2a: Blissey
|-boost|p2a: Blissey|spa|1
|-boost|p2a: Blissey|spd|1
|
|upkeep
|turn|43
|
|t:|1779687222
|move|p1a: Gholdengo|Dazzling Gleam|p2a: Blissey
|-supereffective|p2a: Blissey
|-damage|p2a: Blissey|51/100
|move|p2a: Blissey|Calm Mind|p2a: Blissey
|-boost|p2a: Blissey|spa|1
|-boost|p2a: Blissey|spd|1
|
|-heal|p2a: Blissey|57/100|[from] item: Leftovers
|upkeep
|turn|44
|
|t:|1779687230
|move|p1a: Gholdengo|Dazzling Gleam|p2a: Blissey
|-supereffective|p2a: Blissey
|-damage|p2a: Blissey|20/100
|move|p2a: Blissey|Soft-Boiled|p2a: Blissey
|-heal|p2a: Blissey|70/100
|
|-heal|p2a: Blissey|77/100|[from] item: Leftovers
|upkeep
|turn|45
|
|t:|1779687236
|switch|p1a: Great Tusk|Great Tusk, shiny|37/100
|move|p2a: Blissey|Calm Mind|p2a: Blissey
|-boost|p2a: Blissey|spa|1
|-boost|p2a: Blissey|spd|1
|
|-heal|p2a: Blissey|83/100|[from] item: Leftovers
|upkeep
|turn|46
|
|t:|1779687247
|switch|p2a: Corviknight|Corviknight, M|100/100
|-ability|p2a: Corviknight|Pressure
|move|p1a: Great Tusk|Close Combat|p2a: Corviknight
|-damage|p2a: Corviknight|64/100
|-unboost|p1a: Great Tusk|def|1
|-unboost|p1a: Great Tusk|spd|1
|
|-heal|p2a: Corviknight|70/100|[from] item: Leftovers
|upkeep
|turn|47
|
|t:|1779687264
|-end|p1a: Great Tusk|Protosynthesis|[silent]
|switch|p1a: Lokix|Lokix, M, shiny|100/100
|switch|p2a: Blissey|Blissey, F, tera:Dark|83/100
|
|-heal|p2a: Blissey|89/100|[from] item: Leftovers
|upkeep
|turn|48
|
|t:|1779687269
|switch|p2a: Weezing|Weezing-Galar, F|100/100
|-ability|p2a: Weezing|Neutralizing Gas
|move|p1a: Lokix|Swords Dance|p1a: Lokix
|-boost|p1a: Lokix|atk|2
|
|upkeep
|turn|49
|
|t:|1779687273
|move|p1a: Lokix|Knock Off|p2a: Weezing
|-resisted|p2a: Weezing
|-damage|p2a: Weezing|58/100
|-enditem|p2a: Weezing|Heavy-Duty Boots|[from] move: Knock Off|[of] p1a: Lokix
|-damage|p1a: Lokix|91/100|[from] item: Life Orb
|move|p2a: Weezing|Will-O-Wisp|p1a: Lokix
|-status|p1a: Lokix|brn
|
|-damage|p1a: Lokix|85/100 brn|[from] brn
|upkeep
|turn|50
|
|t:|1779687282
|switch|p1a: Great Tusk|Great Tusk, shiny|37/100
|move|p2a: Weezing|Toxic Spikes|p1a: Great Tusk
|-sidestart|p1: goodnightnite|move: Toxic Spikes
|
|upkeep
|turn|51
|
|t:|1779687292
|-end|p1a: Great Tusk|Protosynthesis|[silent]
|switch|p1a: Gholdengo|Gholdengo, shiny, tera:Fairy|100/100
|-item|p1a: Gholdengo|Air Balloon
|move|p2a: Weezing|Will-O-Wisp|p1a: Gholdengo|[miss]
|-miss|p2a: Weezing|p1a: Gholdengo
|
|upkeep
|turn|52
|j| ThatGuyWhoFarter
|
|t:|1779687299
|-end|p2a: Weezing|ability: Neutralizing Gas
|switch|p2a: Blissey|Blissey, F, tera:Dark|89/100
|move|p1a: Gholdengo|Shadow Ball|p2a: Blissey
|-resisted|p2a: Blissey
|-damage|p2a: Blissey|83/100
|
|-heal|p2a: Blissey|89/100|[from] item: Leftovers
|upkeep
|turn|53
|
|t:|1779687303
|switch|p1a: Great Tusk|Great Tusk, shiny|37/100
|-status|p1a: Great Tusk|psn
|move|p2a: Blissey|Seismic Toss|p1a: Great Tusk
|-damage|p1a: Great Tusk|10/100 psn
|
|-heal|p2a: Blissey|95/100|[from] item: Leftovers
|-damage|p1a: Great Tusk|0 fnt|[from] psn
|faint|p1a: Great Tusk
|-end|p1a: Great Tusk|Protosynthesis|[silent]
|upkeep
|
|t:|1779687310
|switch|p1a: Lokix|Lokix, M, shiny|85/100 brn
|turn|54
|
|t:|1779687313
|switch|p1a: Gholdengo|Gholdengo, shiny, tera:Fairy|100/100
|-item|p1a: Gholdengo|Air Balloon
|switch|p2a: Weezing|Weezing-Galar, F|58/100
|-ability|p2a: Weezing|Neutralizing Gas
|
|upkeep
|turn|55
|
|t:|1779687317
|-end|p2a: Weezing|ability: Neutralizing Gas
|switch|p2a: Blissey|Blissey, F, tera:Dark|95/100
|move|p1a: Gholdengo|Shadow Ball|p2a: Blissey
|-resisted|p2a: Blissey
|-damage|p2a: Blissey|89/100
|
|-heal|p2a: Blissey|95/100|[from] item: Leftovers
|upkeep
|turn|56
|
|t:|1779687321
|switch|p1a: Lokix|Lokix, M, shiny|85/100 brn
|move|p2a: Blissey|Seismic Toss|p1a: Lokix
|-damage|p1a: Lokix|49/100 brn
|
|-heal|p2a: Blissey|100/100|[from] item: Leftovers
|-damage|p1a: Lokix|43/100 brn|[from] brn
|upkeep
|turn|57
|
|t:|1779687325
|switch|p1a: Gholdengo|Gholdengo, shiny, tera:Fairy|100/100
|-item|p1a: Gholdengo|Air Balloon
|switch|p2a: Weezing|Weezing-Galar, F|58/100
|-ability|p2a: Weezing|Neutralizing Gas
|
|upkeep
|turn|58
|
|t:|1779687328
|-end|p2a: Weezing|ability: Neutralizing Gas
|switch|p2a: Blissey|Blissey, F, tera:Dark|100/100
|move|p1a: Gholdengo|Nasty Plot|p1a: Gholdengo
|-boost|p1a: Gholdengo|spa|2
|
|upkeep
|turn|59
|
|t:|1779687333
|move|p1a: Gholdengo|Nasty Plot|p1a: Gholdengo
|-boost|p1a: Gholdengo|spa|2
|move|p2a: Blissey|Calm Mind|p2a: Blissey
|-boost|p2a: Blissey|spa|1
|-boost|p2a: Blissey|spd|1
|
|upkeep
|turn|60
|
|t:|1779687337
|move|p1a: Gholdengo|Dazzling Gleam|p2a: Blissey
|-supereffective|p2a: Blissey
|-damage|p2a: Blissey|45/100
|move|p2a: Blissey|Calm Mind|p2a: Blissey
|-boost|p2a: Blissey|spa|1
|-boost|p2a: Blissey|spd|1
|
|-heal|p2a: Blissey|51/100|[from] item: Leftovers
|upkeep
|turn|61
|
|t:|1779687343
|move|p1a: Gholdengo|Nasty Plot|p1a: Gholdengo
|-boost|p1a: Gholdengo|spa|2
|move|p2a: Blissey|Soft-Boiled|p2a: Blissey
|-heal|p2a: Blissey|100/100
|
|upkeep
|turn|62
|
|t:|1779687345
|move|p1a: Gholdengo|Dazzling Gleam|p2a: Blissey
|-supereffective|p2a: Blissey
|-damage|p2a: Blissey|50/100
|move|p2a: Blissey|Seismic Toss|p1a: Gholdengo
|-damage|p1a: Gholdengo|69/100
|-enditem|p1a: Gholdengo|Air Balloon
|
|-heal|p2a: Blissey|56/100|[from] item: Leftovers
|upkeep
|turn|63
|
|t:|1779687353
|move|p1a: Gholdengo|Dazzling Gleam|p2a: Blissey
|-supereffective|p2a: Blissey
|-crit|p2a: Blissey
|-damage|p2a: Blissey|0 fnt
|faint|p2a: Blissey
|
|upkeep
|
|t:|1779687367
|switch|p2a: Gliscor|Gliscor, F|94/100 tox
|turn|64
|
|t:|1779687370
|move|p2a: Gliscor|Protect|p2a: Gliscor
|-singleturn|p2a: Gliscor|Protect
|move|p1a: Gholdengo|Shadow Ball|p2a: Gliscor
|-activate|p2a: Gliscor|move: Protect
|
|-heal|p2a: Gliscor|100/100 tox|[from] ability: Poison Heal
|upkeep
|turn|65
|
|t:|1779687376
|switch|p2a: Dondozo|Dondozo, M|100/100
|move|p1a: Gholdengo|Shadow Ball|p2a: Dondozo
|-damage|p2a: Dondozo|61/100
|-unboost|p2a: Dondozo|spd|1
|
|-heal|p2a: Dondozo|67/100|[from] item: Leftovers
|upkeep
|turn|66
|l| kakkarotxvj
|
|t:|1779687384
|switch|p2a: Weezing|Weezing-Galar, F|58/100
|-ability|p2a: Weezing|Neutralizing Gas
|move|p1a: Gholdengo|Shadow Ball|p2a: Weezing
|-damage|p2a: Weezing|0 fnt
|faint|p2a: Weezing
|-end|p2a: Weezing|ability: Neutralizing Gas
|
|upkeep
|
|t:|1779687387
|switch|p2a: Dondozo|Dondozo, M|67/100
|turn|67
|
|t:|1779687397
|move|p1a: Gholdengo|Dazzling Gleam|p2a: Dondozo
|-damage|p2a: Dondozo|30/100
|move|p2a: Dondozo|Rest|p2a: Dondozo
|-status|p2a: Dondozo|slp|[from] move: Rest
|-heal|p2a: Dondozo|100/100 slp|[silent]
|
|upkeep
|turn|68
|
|t:|1779687403
|move|p1a: Gholdengo|Shadow Ball|p2a: Dondozo
|-damage|p2a: Dondozo|57/100 slp
|cant|p2a: Dondozo|slp
|move|p2a: Dondozo|Sleep Talk|p2a: Dondozo
|move|p2a: Dondozo|Body Press|p1a: Gholdengo|[from] move: Sleep Talk
|-resisted|p1a: Gholdengo
|-damage|p1a: Gholdengo|53/100
|
|-heal|p2a: Dondozo|63/100 slp|[from] item: Leftovers
|upkeep
|turn|69
|
|t:|1779687412
|move|p1a: Gholdengo|Shadow Ball|p2a: Dondozo
|-damage|p2a: Dondozo|25/100 slp
|cant|p2a: Dondozo|slp
|move|p2a: Dondozo|Sleep Talk|p2a: Dondozo
|move|p2a: Dondozo|Body Press|p1a: Gholdengo|[from] move: Sleep Talk
|-resisted|p1a: Gholdengo
|-damage|p1a: Gholdengo|36/100
|
|-heal|p2a: Dondozo|31/100 slp|[from] item: Leftovers
|upkeep
|turn|70
|
|t:|1779687420
|move|p1a: Gholdengo|Shadow Ball|p2a: Dondozo
|-damage|p2a: Dondozo|0 fnt
|faint|p2a: Dondozo
|
|upkeep
|
|t:|1779687422
|switch|p2a: Gliscor|Gliscor, F|100/100 tox
|turn|71
|
|t:|1779687425
|move|p1a: Gholdengo|Shadow Ball|p2a: Gliscor
|-damage|p2a: Gliscor|0 fnt
|faint|p2a: Gliscor
|
|upkeep
|-message|bobrumba forfeited.
|
|win|goodnightnite
|raw|goodnightnite's rating: 1645 &rarr; <strong>1668</strong><br />(+23 for winning)
|raw|bobrumba's rating: 1689 &rarr; <strong>1666</strong><br />(-23 for losing)
|l|☆bobrumba
|player|p2|
|c| euphoricpoptarts|love seeing stall lose
|l| euphoricpoptarts
