|j|☆pokenoob123p
|j|☆MarcElf22
|t:|1779694292
|gametype|singles
|player|p1|pokenoob123p|2|
|player|p2|MarcElf22|hilbert-wonderlauncher|
|gen|9
|tier|[Gen 9] OU
|rule|HP Percentage Mod: HP is shown in percentages
|rule|Endless Battle Clause: Forcing endless battles is banned
|rule|Species Clause: Limit one of each Pokémon
|rule|OHKO Clause: OHKO moves are banned
|rule|Evasion Items Clause: Evasion items are banned
|rule|Evasion Moves Clause: Evasion moves are banned
|rule|Evasion Abilities Clause: Evasion abilities are banned
|rule|Sleep Moves Clause: Sleep-inducing moves are banned
|clearpoke
|poke|p1|Porygon-Z|
|poke|p1|Indeedee, M|
|poke|p1|Ditto|
|poke|p1|Dodrio, M|
|poke|p1|Rufflet, M|
|poke|p1|Staravia, M|
|poke|p2|Ivysaur, M|
|poke|p2|Torracat, F|
|poke|p2|Samurott-Hisui, M|
|poke|p2|Rhydon, M|
|poke|p2|Braixen, F|
|poke|p2|Garchomp, M|
|teampreview
|
|t:|1779694298
|teamsize|p1|6
|teamsize|p2|6
|start
|switch|p1a: Ditto|Ditto|100/100
|switch|p2a: Garchomp|Garchomp, M|100/100
|-transform|p1a: Ditto|p2a: Garchomp|[from] ability: Imposter
|turn|1
|
|t:|1779694309
|-terastallize|p2a: Garchomp|Steel
|move|p2a: Garchomp|Stealth Rock|p1a: Ditto
|-sidestart|p1: pokenoob123p|move: Stealth Rock
|move|p1a: Ditto|Scale Shot|p2a: Garchomp
|-resisted|p2a: Garchomp
|-damage|p2a: Garchomp|94/100
|-resisted|p2a: Garchomp
|-damage|p2a: Garchomp|86/100
|-resisted|p2a: Garchomp
|-damage|p2a: Garchomp|79/100
|-resisted|p2a: Garchomp
|-damage|p2a: Garchomp|72/100
|-hitcount|p2a: Garchomp|4
|-unboost|p1a: Ditto|def|1
|-boost|p1a: Ditto|spe|1
|
|upkeep
|turn|2
|
|t:|1779694329
|move|p1a: Ditto|Stealth Rock|p2a: Garchomp
|-sidestart|p2: MarcElf22|move: Stealth Rock
|move|p2a: Garchomp|Scale Shot|p1a: Ditto
|-supereffective|p1a: Ditto
|-damage|p1a: Ditto|44/100
|-supereffective|p1a: Ditto
|-damage|p1a: Ditto|0 fnt
|faint|p1a: Ditto
|-hitcount|p1: Ditto|2
|-unboost|p2a: Garchomp|def|1
|-boost|p2a: Garchomp|spe|1
|
|upkeep
|
|t:|1779694344
|switch|p1a: Porygon-Z|Porygon-Z|100/100
|-damage|p1a: Porygon-Z|88/100|[from] Stealth Rock
|turn|3
|
|t:|1779694366
|move|p2a: Garchomp|Swords Dance|p2a: Garchomp
|-boost|p2a: Garchomp|atk|2
|move|p1a: Porygon-Z|Sunny Day|p1a: Porygon-Z
|-weather|SunnyDay
|
|-weather|SunnyDay|[upkeep]
|upkeep
|turn|4
|
|t:|1779694377
|move|p2a: Garchomp|Iron Head|p1a: Porygon-Z
|-damage|p1a: Porygon-Z|0 fnt
|faint|p1a: Porygon-Z
|
|-weather|SunnyDay|[upkeep]
|upkeep
|
|t:|1779694385
|switch|p1a: Staravia|Staravia, M|100/100
|-damage|p1a: Staravia|76/100|[from] Stealth Rock
|turn|5
|
|t:|1779694394
|move|p2a: Garchomp|Scale Shot|p1a: Staravia
|-damage|p1a: Staravia|7/100
|-damage|p1a: Staravia|0 fnt
|faint|p1a: Staravia
|-hitcount|p1: Staravia|2
|-unboost|p2a: Garchomp|def|1
|-boost|p2a: Garchomp|spe|1
|
|-weather|SunnyDay|[upkeep]
|upkeep
|
|t:|1779694402
|switch|p1a: Dodrio|Dodrio, M|100/100
|-damage|p1a: Dodrio|76/100|[from] Stealth Rock
|turn|6
|
|t:|1779694412
|move|p2a: Garchomp|Scale Shot|p1a: Dodrio
|-damage|p1a: Dodrio|26/100
|-damage|p1a: Dodrio|0 fnt
|faint|p1a: Dodrio
|-hitcount|p1: Dodrio|2
|-unboost|p2a: Garchomp|def|1
|-boost|p2a: Garchomp|spe|1
|
|-weather|SunnyDay|[upkeep]
|upkeep
|
|t:|1779694422
|switch|p1a: Rufflet|Rufflet, M|100/100
|-damage|p1a: Rufflet|76/100|[from] Stealth Rock
|turn|7
|
|t:|1779694428
|move|p2a: Garchomp|Iron Head|p1a: Rufflet
|-damage|p1a: Rufflet|0 fnt
|faint|p1a: Rufflet
|
|-weather|none
|upkeep
|
|t:|1779694433
|switch|p1a: Indeedee|Indeedee, M|100/100
|-fieldstart|move: Psychic Terrain|[from] ability: Psychic Surge|[of] p1a: Indeedee
|turn|8
|
|t:|1779694440
|move|p2a: Garchomp|Iron Head|p1a: Indeedee
|-damage|p1a: Indeedee|0 fnt
|faint|p1a: Indeedee
|
|win|MarcElf22
|c|☆pokenoob123p|bruh
|l|☆pokenoob123p
|player|p1|
|c|☆MarcElf22|gg
