|inactive|Battle timer is ON: inactive players will automatically lose when time's up.
|t:|1779572955
|gametype|singles
|player|p1|Cicada|#wcop2026france|
|player|p2|Light DN|#adpl8|
|gen|9
|tier|[Gen 9] OU
|rule|HP Percentage Mod: HP is shown in percentages
|rule|Endless Battle Clause: Forcing endless battles is banned
|rule|Species Clause: Limit one of each Pokémon
|rule|OHKO Clause: OHKO moves are banned
|rule|Evasion Items Clause: Evasion items are banned
|rule|Evasion Moves Clause: Evasion moves are banned
|rule|Evasion Abilities Clause: Evasion abilities are banned
|rule|Sleep Moves Clause: Sleep-inducing moves are banned
|clearpoke
|poke|p1|Ninetales, M|
|poke|p1|Walking Wake|
|poke|p1|Raging Bolt|
|poke|p1|Ceruledge, F|
|poke|p1|Cresselia, F|
|poke|p1|Great Tusk|
|poke|p2|Primarina, F|
|poke|p2|Zamazenta-*|
|poke|p2|Gholdengo|
|poke|p2|Rillaboom, M|
|poke|p2|Glimmora, F|
|poke|p2|Hydreigon, F|
|teampreview
|c|☆Cicada|hf
|c|☆Light DN|hf
|inactive|Cicada has 270 seconds left.
|
|t:|1779572986
|teamsize|p1|6
|teamsize|p2|6
|start
|switch|p1a: Raging Bolt|Raging Bolt|100/100
|switch|p2a: Hydreigon|Hydreigon, F|100/100
|turn|1
|
|t:|1779572990
|-terastallize|p1a: Raging Bolt|Fairy
|move|p2a: Hydreigon|Draco Meteor|p1a: Raging Bolt
|-immune|p1a: Raging Bolt
|move|p1a: Raging Bolt|Draco Meteor|p2a: Hydreigon
|-supereffective|p2a: Hydreigon
|-damage|p2a: Hydreigon|0 fnt
|-unboost|p1a: Raging Bolt|spa|2
|faint|p2a: Hydreigon
|-enditem|p1a: Raging Bolt|Eject Pack
|
|t:|1779572998
|-end|p1a: Raging Bolt|Protosynthesis|[silent]
|switch|p1a: Ninetales|Ninetales, M|100/100
|-weather|SunnyDay|[from] ability: Drought|[of] p1a: Ninetales
|
|-weather|SunnyDay|[upkeep]
|upkeep
|
|t:|1779573001
|switch|p2a: Glimmora|Glimmora, F|100/100
|turn|2
|
|t:|1779573029
|switch|p1a: Great Tusk|Great Tusk|100/100
|-activate|p1a: Great Tusk|ability: Protosynthesis
|-start|p1a: Great Tusk|protosynthesisspe
|move|p2a: Glimmora|Stealth Rock|p1a: Great Tusk
|-sidestart|p1: Cicada|move: Stealth Rock
|
|-weather|SunnyDay|[upkeep]
|upkeep
|turn|3
|
|t:|1779573042
|move|p1a: Great Tusk|Rapid Spin|p2a: Glimmora
|-resisted|p2a: Glimmora
|-damage|p2a: Glimmora|95/100
|-boost|p1a: Great Tusk|spe|1
|-activate|p2a: Glimmora|ability: Toxic Debris
|-sidestart|p1: Cicada|move: Toxic Spikes
|-sideend|p1: Cicada|Toxic Spikes|[from] move: Rapid Spin|[of] p1a: Great Tusk
|-sideend|p1: Cicada|Stealth Rock|[from] move: Rapid Spin|[of] p1a: Great Tusk
|-enditem|p2a: Glimmora|Red Card|[of] p1a: Great Tusk
|-end|p1a: Great Tusk|Protosynthesis|[silent]
|drag|p1a: Ceruledge|Ceruledge, F|100/100
|-item|p1a: Ceruledge|Air Balloon
|move|p2a: Glimmora|Earth Power|p1a: Ceruledge
|-immune|p1a: Ceruledge
|
|-weather|SunnyDay|[upkeep]
|upkeep
|turn|4
|
|t:|1779573052
|switch|p1a: Walking Wake|Walking Wake|100/100
|-activate|p1a: Walking Wake|ability: Protosynthesis
|-start|p1a: Walking Wake|protosynthesisspe
|move|p2a: Glimmora|Mortal Spin|p1a: Walking Wake
|-damage|p1a: Walking Wake|94/100
|-status|p1a: Walking Wake|psn
|
|-weather|SunnyDay|[upkeep]
|-damage|p1a: Walking Wake|82/100 psn|[from] psn
|upkeep
|turn|5
|
|t:|1779573056
|switch|p2a: Primarina|Primarina, F|100/100
|move|p1a: Walking Wake|Hydro Steam|p2a: Primarina
|-resisted|p2a: Primarina
|-damage|p2a: Primarina|75/100
|
|-weather|SunnyDay|[upkeep]
|-damage|p1a: Walking Wake|70/100 psn|[from] psn
|upkeep
|turn|6
|
|t:|1779573062
|-end|p1a: Walking Wake|Protosynthesis|[silent]
|switch|p1a: Cresselia|Cresselia, F|100/100
|move|p2a: Primarina|Flip Turn|p1a: Cresselia
|-damage|p1a: Cresselia|96/100
|-enditem|p1a: Cresselia|Eject Button
|
|t:|1779573066
|switch|p1a: Raging Bolt|Raging Bolt, tera:Fairy|100/100
|-activate|p1a: Raging Bolt|ability: Protosynthesis
|-start|p1a: Raging Bolt|protosynthesisspa
|
|-weather|SunnyDay|[upkeep]
|upkeep
|turn|7
|
|t:|1779573075
|move|p1a: Raging Bolt|Thunderbolt|p2a: Primarina
|-supereffective|p2a: Primarina
|-damage|p2a: Primarina|2/100
|move|p2a: Primarina|Moonblast|p1a: Raging Bolt
|-damage|p1a: Raging Bolt|63/100
|
|-weather|SunnyDay|[upkeep]
|upkeep
|turn|8
|
|t:|1779573082
|move|p1a: Raging Bolt|Weather Ball|p2a: Primarina
|-resisted|p2a: Primarina
|-damage|p2a: Primarina|0 fnt
|faint|p2a: Primarina
|
|-weather|none
|-end|p1a: Raging Bolt|Protosynthesis
|upkeep
|
|t:|1779573085
|switch|p2a: Glimmora|Glimmora, F|95/100
|turn|9
|
|t:|1779573101
|move|p1a: Raging Bolt|Draco Meteor|p2a: Glimmora
|-damage|p2a: Glimmora|15/100
|-unboost|p1a: Raging Bolt|spa|2
|move|p2a: Glimmora|Stealth Rock|p1a: Raging Bolt
|-sidestart|p1: Cicada|move: Stealth Rock
|
|upkeep
|turn|10
|c|+Don Colombus|LE BOULON QUI RAGE 
|
|t:|1779573123
|move|p1a: Raging Bolt|Thunderbolt|p2a: Glimmora
|-damage|p2a: Glimmora|0 fnt
|faint|p2a: Glimmora
|
|upkeep
|
|t:|1779573127
|switch|p2a: Rillaboom|Rillaboom, M|100/100
|-fieldstart|move: Grassy Terrain|[from] ability: Grassy Surge|[of] p2a: Rillaboom
|turn|11
|
|t:|1779573131
|-end|p1a: Raging Bolt|Protosynthesis|[silent]
|switch|p1a: Ninetales|Ninetales, M|100/100
|-damage|p1a: Ninetales|76/100|[from] Stealth Rock
|-weather|SunnyDay|[from] ability: Drought|[of] p1a: Ninetales
|move|p2a: Rillaboom|Swords Dance|p2a: Rillaboom
|-boost|p2a: Rillaboom|atk|2
|
|-weather|SunnyDay|[upkeep]
|-heal|p1a: Ninetales|82/100|[from] Grassy Terrain
|upkeep
|turn|12
|
|t:|1779573160
|-terastallize|p2a: Rillaboom|Grass
|move|p2a: Rillaboom|Grassy Glide|p1a: Ninetales
|-resisted|p1a: Ninetales
|-damage|p1a: Ninetales|0 fnt
|faint|p1a: Ninetales
|-damage|p2a: Rillaboom|91/100|[from] item: Life Orb
|
|-weather|SunnyDay|[upkeep]
|-heal|p2a: Rillaboom|97/100|[from] Grassy Terrain
|upkeep
|inactive|Cicada has 270 seconds left.
|c|+BUNDY|cicada why no light in wcop
|c|☆Cicada|good q
|inactive|Cicada has 240 seconds left.
|inactive|Cicada has 210 seconds left.
|
|t:|1779573235
|switch|p1a: Great Tusk|Great Tusk|100/100
|-damage|p1a: Great Tusk|98/100|[from] Stealth Rock
|-activate|p1a: Great Tusk|ability: Protosynthesis
|-start|p1a: Great Tusk|protosynthesisspe
|turn|13
|
|t:|1779573238
|-end|p1a: Great Tusk|Protosynthesis|[silent]
|switch|p1a: Cresselia|Cresselia, F|96/100
|-damage|p1a: Cresselia|84/100|[from] Stealth Rock
|move|p2a: Rillaboom|Grassy Glide|p1a: Cresselia
|-damage|p1a: Cresselia|1/100
|-damage|p2a: Rillaboom|87/100|[from] item: Life Orb
|
|-weather|SunnyDay|[upkeep]
|-heal|p2a: Rillaboom|93/100|[from] Grassy Terrain
|upkeep
|turn|14
|
|t:|1779573248
|move|p2a: Rillaboom|Grassy Glide|p1a: Cresselia
|-damage|p1a: Cresselia|0 fnt
|faint|p1a: Cresselia
|-damage|p2a: Rillaboom|83/100|[from] item: Life Orb
|
|-weather|SunnyDay|[upkeep]
|-heal|p2a: Rillaboom|89/100|[from] Grassy Terrain
|upkeep
|inactive|Cicada has 210 seconds left.
|
|t:|1779573264
|switch|p1a: Great Tusk|Great Tusk|98/100
|-damage|p1a: Great Tusk|95/100|[from] Stealth Rock
|-activate|p1a: Great Tusk|ability: Protosynthesis
|-start|p1a: Great Tusk|protosynthesisspe
|turn|15
|
|t:|1779573267
|move|p2a: Rillaboom|Grassy Glide|p1a: Great Tusk
|-supereffective|p1a: Great Tusk
|-damage|p1a: Great Tusk|0 fnt
|-damage|p2a: Rillaboom|73/100|[from] item: Rocky Helmet|[of] p1a: Great Tusk
|faint|p1a: Great Tusk
|-end|p1a: Great Tusk|Protosynthesis|[silent]
|-damage|p2a: Rillaboom|63/100|[from] item: Life Orb
|
|-weather|SunnyDay|[upkeep]
|-heal|p2a: Rillaboom|69/100|[from] Grassy Terrain
|-fieldend|move: Grassy Terrain
|upkeep
|
|t:|1779573280
|switch|p1a: Walking Wake|Walking Wake|70/100 psn
|-damage|p1a: Walking Wake|57/100 psn|[from] Stealth Rock
|-activate|p1a: Walking Wake|ability: Protosynthesis
|-start|p1a: Walking Wake|protosynthesisspe
|turn|16
|
|t:|1779573288
|switch|p2a: Gholdengo|Gholdengo|100/100
|move|p1a: Walking Wake|Weather Ball|p2a: Gholdengo
|-supereffective|p2a: Gholdengo
|-damage|p2a: Gholdengo|0 fnt
|faint|p2a: Gholdengo
|
|-weather|SunnyDay|[upkeep]
|-damage|p1a: Walking Wake|45/100 psn|[from] psn
|upkeep
|
|t:|1779573301
|switch|p2a: Rillaboom|Rillaboom, M, tera:Grass|69/100
|-fieldstart|move: Grassy Terrain|[from] ability: Grassy Surge|[of] p2a: Rillaboom
|turn|17
|
|t:|1779573303
|move|p2a: Rillaboom|Grassy Glide|p1a: Walking Wake
|-damage|p1a: Walking Wake|0 fnt
|faint|p1a: Walking Wake
|-end|p1a: Walking Wake|Protosynthesis|[silent]
|-damage|p2a: Rillaboom|59/100|[from] item: Life Orb
|
|-weather|SunnyDay|[upkeep]
|-heal|p2a: Rillaboom|65/100|[from] Grassy Terrain
|upkeep
|
|t:|1779573305
|switch|p1a: Ceruledge|Ceruledge, F|100/100
|-damage|p1a: Ceruledge|76/100|[from] Stealth Rock
|-item|p1a: Ceruledge|Air Balloon
|turn|18
|
|t:|1779573313
|switch|p2a: Zamazenta|Zamazenta|100/100
|-ability|p2a: Zamazenta|Dauntless Shield|boost
|-boost|p2a: Zamazenta|def|1
|move|p1a: Ceruledge|Bitter Blade|p2a: Zamazenta
|-damage|p2a: Zamazenta|50/100
|-heal|p1a: Ceruledge|100/100|[from] drain|[of] p2a: Zamazenta
|
|-weather|none
|-heal|p2a: Zamazenta|56/100|[from] Grassy Terrain
|upkeep
|turn|19
|
|t:|1779573322
|move|p2a: Zamazenta|Stone Edge|p1a: Ceruledge
|-supereffective|p1a: Ceruledge
|-damage|p1a: Ceruledge|0 fnt
|-enditem|p1a: Ceruledge|Air Balloon
|faint|p1a: Ceruledge
|
|-heal|p2a: Zamazenta|63/100|[from] Grassy Terrain
|upkeep
|
|t:|1779573325
|switch|p1a: Raging Bolt|Raging Bolt, tera:Fairy|63/100
|-damage|p1a: Raging Bolt|51/100|[from] Stealth Rock
|turn|20
|
|t:|1779573335
|move|p2a: Zamazenta|Stone Edge|p1a: Raging Bolt
|-damage|p1a: Raging Bolt|4/100
|move|p1a: Raging Bolt|Thunderbolt|p2a: Zamazenta
|-damage|p2a: Zamazenta|14/100
|
|-heal|p2a: Zamazenta|20/100|[from] Grassy Terrain
|-heal|p1a: Raging Bolt|11/100|[from] Grassy Terrain
|upkeep
|turn|21
|inactive|Cicada has 270 seconds left.
|
|t:|1779573362
|move|p2a: Zamazenta|Stone Edge|p1a: Raging Bolt
|-damage|p1a: Raging Bolt|0 fnt
|faint|p1a: Raging Bolt
|-end|p1a: Raging Bolt|Protosynthesis|[silent]
|
|win|Light DN
|c|☆Cicada|gg
|c|☆Light DN|gg
|player|p2|
|player|p1|
|player|p1|Cicada|#wcop2026france|
|player|p1|
