|j|☆yamper supremacy
|j|☆jabottle
|t:|1779656695
|gametype|singles
|player|p1|yamper supremacy|rood|1410
|player|p2|jabottle|giovanni|1428
|gen|9
|tier|[Gen 9] OU
|rated|
|rule|HP Percentage Mod: HP is shown in percentages
|rule|Endless Battle Clause: Forcing endless battles is banned
|rule|Species Clause: Limit one of each Pokémon
|rule|OHKO Clause: OHKO moves are banned
|rule|Evasion Items Clause: Evasion items are banned
|rule|Evasion Moves Clause: Evasion moves are banned
|rule|Evasion Abilities Clause: Evasion abilities are banned
|rule|Sleep Moves Clause: Sleep-inducing moves are banned
|clearpoke
|poke|p1|Conkeldurr, M|
|poke|p1|Cinderace, F|
|poke|p1|Slowking-Galar, F|
|poke|p1|Corviknight, M|
|poke|p1|Raging Bolt|
|poke|p1|Greninja-*, M|
|poke|p2|Gliscor, F|
|poke|p2|Regieleki|
|poke|p2|Slowking-Galar, M|
|poke|p2|Weavile, F|
|poke|p2|Heatran, F|
|poke|p2|Sinistcha-Masterpiece|
|teampreview
|inactive|Battle timer is ON: inactive players will automatically lose when time's up. (requested by yamper supremacy)
|
|t:|1779656713
|teamsize|p1|6
|teamsize|p2|6
|start
|switch|p1a: Conkeldurr|Conkeldurr, M|100/100
|switch|p2a: Heatran|Heatran, F|100/100
|turn|1
|
|t:|1779656721
|switch|p2a: Sinistcha|Sinistcha-Masterpiece|100/100
|move|p1a: Conkeldurr|Knock Off|p2a: Sinistcha
|-supereffective|p2a: Sinistcha
|-damage|p2a: Sinistcha|37/100
|-enditem|p2a: Sinistcha|Heavy-Duty Boots|[from] move: Knock Off|[of] p1a: Conkeldurr
|
|-status|p1a: Conkeldurr|brn|[from] item: Flame Orb
|upkeep
|turn|2
|
|t:|1779656729
|switch|p1a: Slowking|Slowking-Galar, F|100/100
|move|p2a: Sinistcha|Strength Sap|p1a: Slowking
|-unboost|p1a: Slowking|atk|1
|-heal|p2a: Sinistcha|72/100
|
|upkeep
|turn|3
|
|t:|1779656738
|switch|p2a: Heatran|Heatran, F|100/100
|move|p1a: Slowking|Sludge Bomb|p2a: Heatran
|-immune|p2a: Heatran
|
|upkeep
|turn|4
|
|t:|1779656741
|switch|p1a: Conkeldurr|Conkeldurr, M|100/100 brn
|move|p2a: Heatran|Stealth Rock|p1a: Conkeldurr
|-sidestart|p1: yamper supremacy|move: Stealth Rock
|
|-damage|p1a: Conkeldurr|94/100 brn|[from] brn
|upkeep
|turn|5
|
|t:|1779656746
|switch|p2a: Gliscor|Gliscor, F|100/100
|move|p1a: Conkeldurr|Knock Off|p2a: Gliscor
|-damage|p2a: Gliscor|56/100
|-enditem|p2a: Gliscor|Toxic Orb|[from] move: Knock Off|[of] p1a: Conkeldurr
|
|-damage|p1a: Conkeldurr|88/100 brn|[from] brn
|upkeep
|turn|6
|
|t:|1779656754
|move|p2a: Gliscor|Protect|p2a: Gliscor
|-singleturn|p2a: Gliscor|Protect
|move|p1a: Conkeldurr|Knock Off|p2a: Gliscor
|-activate|p2a: Gliscor|move: Protect
|
|-damage|p1a: Conkeldurr|82/100 brn|[from] brn
|upkeep
|turn|7
|
|t:|1779656756
|move|p2a: Gliscor|Spikes|p1a: Conkeldurr
|-sidestart|p1: yamper supremacy|Spikes
|move|p1a: Conkeldurr|Facade|p2a: Gliscor
|-damage|p2a: Gliscor|0 fnt
|faint|p2a: Gliscor
|
|-damage|p1a: Conkeldurr|76/100 brn|[from] brn
|upkeep
|
|t:|1779656767
|switch|p2a: Slowking|Slowking-Galar, M|100/100
|turn|8
|
|t:|1779656770
|move|p1a: Conkeldurr|Knock Off|p2a: Slowking
|-supereffective|p2a: Slowking
|-damage|p2a: Slowking|15/100
|-enditem|p2a: Slowking|Shuca Berry|[from] move: Knock Off|[of] p1a: Conkeldurr
|move|p2a: Slowking|Sludge Bomb|p1a: Conkeldurr
|-damage|p1a: Conkeldurr|40/100 brn
|
|-damage|p1a: Conkeldurr|34/100 brn|[from] brn
|upkeep
|turn|9
|
|t:|1779656777
|switch|p2a: Heatran|Heatran, F|100/100
|move|p1a: Conkeldurr|Knock Off|p2a: Heatran
|-damage|p2a: Heatran|58/100
|-enditem|p2a: Heatran|Leftovers|[from] move: Knock Off|[of] p1a: Conkeldurr
|
|-damage|p1a: Conkeldurr|28/100 brn|[from] brn
|upkeep
|turn|10
|
|t:|1779656780
|move|p1a: Conkeldurr|Mach Punch|p2a: Heatran
|-supereffective|p2a: Heatran
|-damage|p2a: Heatran|10/100
|move|p2a: Heatran|Lava Plume|p1a: Conkeldurr
|-damage|p1a: Conkeldurr|0 fnt
|faint|p1a: Conkeldurr
|
|upkeep
|
|t:|1779656791
|switch|p1a: Greninja|Greninja, M|100/100
|-damage|p1a: Greninja|88/100|[from] Stealth Rock
|-damage|p1a: Greninja|76/100|[from] Spikes
|turn|11
|
|t:|1779656797
|switch|p2a: Regieleki|Regieleki|100/100
|move|p1a: Greninja|Surf|p2a: Regieleki
|-damage|p2a: Regieleki|4/100
|-damage|p1a: Greninja|66/100|[from] item: Life Orb
|
|upkeep
|turn|12
|
|t:|1779656803
|move|p1a: Greninja|Water Shuriken|p2a: Regieleki
|-damage|p2a: Regieleki|0 fnt
|faint|p2a: Regieleki
|-ability|p1a: Greninja|Battle Bond|boost
|-boost|p1a: Greninja|atk|1
|-boost|p1a: Greninja|spa|1
|-boost|p1a: Greninja|spe|1
|-activate|p1a: Greninja|ability: Battle Bond
|-hitcount|p2: Regieleki|1
|-damage|p1a: Greninja|56/100|[from] item: Life Orb
|
|upkeep
|
|t:|1779656806
|switch|p2a: Sinistcha|Sinistcha-Masterpiece|72/100
|turn|13
|-message|jabottle forfeited.
|
|win|yamper supremacy
|raw|yamper supremacy's rating: 1410 &rarr; <strong>1431</strong><br />(+21 for winning)
|raw|jabottle's rating: 1428 &rarr; <strong>1407</strong><br />(-21 for losing)
|l|☆jabottle
|player|p2|
|l|☆yamper supremacy
|player|p1|
