|j|☆nyx-_-317
|j|☆Jules93
|t:|1779570688
|gametype|singles
|player|p1|nyx-_-317|steven|1172
|player|p2|Jules93|hilbert|1151
|gen|9
|tier|[Gen 9] OU
|rated|
|rule|HP Percentage Mod: HP is shown in percentages
|rule|Endless Battle Clause: Forcing endless battles is banned
|rule|Species Clause: Limit one of each Pokémon
|rule|OHKO Clause: OHKO moves are banned
|rule|Evasion Items Clause: Evasion items are banned
|rule|Evasion Moves Clause: Evasion moves are banned
|rule|Evasion Abilities Clause: Evasion abilities are banned
|rule|Sleep Moves Clause: Sleep-inducing moves are banned
|clearpoke
|poke|p1|Dragapult, M|
|poke|p1|Weezing-Galar, F|
|poke|p1|Heatran, M|
|poke|p1|Ting-Lu|
|poke|p1|Zamazenta-*|
|poke|p1|Weavile, M|
|poke|p2|Rotom-Fan|
|poke|p2|Dusknoir, M|
|poke|p2|Infernape, F|
|poke|p2|Luxray, M|
|poke|p2|Porygon-Z|
|poke|p2|Empoleon, M|
|teampreview
|inactive|Battle timer is ON: inactive players will automatically lose when time's up. (requested by Jules93)
|
|t:|1779570702
|teamsize|p1|6
|teamsize|p2|6
|start
|switch|p1a: Weezing|Weezing-Galar, F|100/100
|switch|p2a: Luxray|Luxray, M|100/100
|-ability|p1a: Weezing|Neutralizing Gas
|turn|1
|inactive|Jules93 has 120 seconds left.
|
|t:|1779570734
|move|p2a: Luxray|Wild Charge|p1a: Weezing
|-damage|p1a: Weezing|71/100
|-damage|p2a: Luxray|93/100|[from] Recoil
|move|p1a: Weezing|Sludge Bomb|p2a: Luxray
|-damage|p2a: Luxray|57/100
|
|upkeep
|turn|2
|
|t:|1779570744
|move|p2a: Luxray|Wild Charge|p1a: Weezing
|-damage|p1a: Weezing|36/100
|-damage|p2a: Luxray|48/100|[from] Recoil
|move|p1a: Weezing|Pain Split|p2a: Luxray
|-sethp|p2a: Luxray|43/100|[from] move: Pain Split|[silent]
|-sethp|p1a: Weezing|41/100|[from] move: Pain Split
|
|upkeep
|turn|3
|
|t:|1779570755
|-end|p1a: Weezing|ability: Neutralizing Gas
|-ability|p2a: Luxray|Intimidate|boost
|-unboost|p1a: Weezing|atk|1
|switch|p1a: Ting-Lu|Ting-Lu|100/100
|-ability|p1a: Ting-Lu|Vessel of Ruin
|move|p2a: Luxray|Wild Charge|p1a: Ting-Lu
|-immune|p1a: Ting-Lu
|
|upkeep
|turn|4
|
|t:|1779570767
|move|p2a: Luxray|Play Rough|p1a: Ting-Lu
|-supereffective|p1a: Ting-Lu
|-damage|p1a: Ting-Lu|66/100
|move|p1a: Ting-Lu|Earthquake|p2a: Luxray
|-supereffective|p2a: Luxray
|-damage|p2a: Luxray|0 fnt
|faint|p2a: Luxray
|
|-heal|p1a: Ting-Lu|72/100|[from] item: Leftovers
|upkeep
|
|t:|1779570778
|switch|p2a: Infernape|Infernape, F|100/100
|turn|5
|
|t:|1779570788
|switch|p1a: Dragapult|Dragapult, M|100/100
|-terastallize|p2a: Infernape|Grass
|move|p2a: Infernape|Swords Dance|p2a: Infernape
|-boost|p2a: Infernape|atk|2
|
|upkeep
|turn|6
|
|t:|1779570797
|move|p1a: Dragapult|Flamethrower|p2a: Infernape
|-supereffective|p2a: Infernape
|-damage|p2a: Infernape|0 fnt
|faint|p2a: Infernape
|
|upkeep
|
|t:|1779570801
|switch|p2a: Empoleon|Empoleon, M|100/100
|turn|7
|
|t:|1779570818
|switch|p1a: Weezing|Weezing-Galar, F|41/100
|-ability|p1a: Weezing|Neutralizing Gas
|move|p2a: Empoleon|Agility|p2a: Empoleon
|-boost|p2a: Empoleon|spe|2
|
|upkeep
|turn|8
|
|t:|1779570827
|move|p2a: Empoleon|Flash Cannon|p1a: Weezing
|-supereffective|p1a: Weezing
|-damage|p1a: Weezing|0 fnt
|faint|p1a: Weezing
|-end|p1a: Weezing|ability: Neutralizing Gas
|
|upkeep
|inactive|nyx-_-317 has 120 seconds left.
|
|t:|1779570857
|switch|p1a: Zamazenta|Zamazenta|100/100
|-ability|p1a: Zamazenta|Dauntless Shield|boost
|-boost|p1a: Zamazenta|def|1
|turn|9
|
|t:|1779570864
|move|p1a: Zamazenta|Body Press|p2a: Empoleon
|-supereffective|p2a: Empoleon
|-damage|p2a: Empoleon|0 fnt
|faint|p2a: Empoleon
|
|upkeep
|
|t:|1779570877
|switch|p2a: Dusknoir|Dusknoir, M|100/100
|-item|p1a: Zamazenta|Leftovers|[from] ability: Frisk|[of] p2a: Dusknoir
|turn|10
|
|t:|1779570895
|move|p1a: Zamazenta|Stone Edge|p2a: Dusknoir|[miss]
|-miss|p1a: Zamazenta|p2a: Dusknoir
|move|p2a: Dusknoir|Haze|p2a: Dusknoir
|-clearallboost
|
|upkeep
|turn|11
|
|t:|1779570906
|move|p1a: Zamazenta|Stone Edge|p2a: Dusknoir
|-damage|p2a: Dusknoir|82/100
|move|p2a: Dusknoir|Poltergeist|p1a: Zamazenta
|-activate|p1a: Zamazenta|move: Poltergeist|Leftovers
|-damage|p1a: Zamazenta|73/100
|
|-heal|p1a: Zamazenta|79/100|[from] item: Leftovers
|-heal|p2a: Dusknoir|88/100|[from] item: Leftovers
|upkeep
|turn|12
|
|t:|1779570917
|switch|p1a: Ting-Lu|Ting-Lu|72/100
|-ability|p1a: Ting-Lu|Vessel of Ruin
|move|p2a: Dusknoir|Poltergeist|p1a: Ting-Lu
|-activate|p1a: Ting-Lu|move: Poltergeist|Leftovers
|-resisted|p1a: Ting-Lu
|-damage|p1a: Ting-Lu|60/100
|
|-heal|p1a: Ting-Lu|66/100|[from] item: Leftovers
|-heal|p2a: Dusknoir|94/100|[from] item: Leftovers
|upkeep
|turn|13
|
|t:|1779570931
|move|p2a: Dusknoir|Leech Life|p1a: Ting-Lu
|-supereffective|p1a: Ting-Lu
|-damage|p1a: Ting-Lu|44/100
|-heal|p2a: Dusknoir|100/100|[from] drain|[of] p1a: Ting-Lu
|move|p1a: Ting-Lu|Earthquake|p2a: Dusknoir
|-damage|p2a: Dusknoir|73/100
|
|-heal|p2a: Dusknoir|79/100|[from] item: Leftovers
|-heal|p1a: Ting-Lu|50/100|[from] item: Leftovers
|upkeep
|turn|14
|
|t:|1779570943
|switch|p1a: Heatran|Heatran, M|100/100
|-item|p1a: Heatran|Air Balloon
|move|p2a: Dusknoir|Leech Life|p1a: Heatran
|-resisted|p1a: Heatran
|-damage|p1a: Heatran|95/100
|-heal|p2a: Dusknoir|82/100|[from] drain|[of] p1a: Heatran
|-enditem|p1a: Heatran|Air Balloon
|
|-heal|p2a: Dusknoir|88/100|[from] item: Leftovers
|upkeep
|turn|15
|
|t:|1779570955
|move|p1a: Heatran|Magma Storm|p2a: Dusknoir
|-damage|p2a: Dusknoir|37/100
|-activate|p2a: Dusknoir|move: Magma Storm|[of] p1a: Heatran
|move|p2a: Dusknoir|Poltergeist||[still]
|-fail|p2a: Dusknoir
|
|-heal|p2a: Dusknoir|43/100|[from] item: Leftovers
|-damage|p2a: Dusknoir|31/100|[from] move: Magma Storm|[partiallytrapped]
|upkeep
|turn|16
|
|t:|1779570964
|move|p1a: Heatran|Magma Storm|p2a: Dusknoir
|-damage|p2a: Dusknoir|0 fnt
|faint|p2a: Dusknoir
|
|upkeep
|
|t:|1779570971
|switch|p2a: Rotom|Rotom-Fan|100/100
|turn|17
|
|t:|1779570977
|switch|p1a: Zamazenta|Zamazenta|79/100
|move|p2a: Rotom|Thunderbolt|p1a: Zamazenta
|-damage|p1a: Zamazenta|52/100
|
|-heal|p1a: Zamazenta|58/100|[from] item: Leftovers
|upkeep
|turn|18
|
|t:|1779570984
|move|p1a: Zamazenta|Stone Edge|p2a: Rotom
|-supereffective|p2a: Rotom
|-damage|p2a: Rotom|57/100
|move|p2a: Rotom|Will-O-Wisp|p1a: Zamazenta
|-status|p1a: Zamazenta|brn
|
|-heal|p1a: Zamazenta|64/100 brn|[from] item: Leftovers
|-heal|p2a: Rotom|63/100|[from] item: Leftovers
|-damage|p1a: Zamazenta|58/100 brn|[from] brn
|upkeep
|turn|19
|
|t:|1779570994
|move|p1a: Zamazenta|Stone Edge|p2a: Rotom
|-supereffective|p2a: Rotom
|-damage|p2a: Rotom|40/100
|move|p2a: Rotom|Thunderbolt|p1a: Zamazenta
|-damage|p1a: Zamazenta|35/100 brn
|
|-heal|p1a: Zamazenta|41/100 brn|[from] item: Leftovers
|-heal|p2a: Rotom|47/100|[from] item: Leftovers
|-damage|p1a: Zamazenta|35/100 brn|[from] brn
|upkeep
|turn|20
|
|t:|1779571006
|move|p1a: Zamazenta|Stone Edge|p2a: Rotom|[miss]
|-miss|p1a: Zamazenta|p2a: Rotom
|move|p2a: Rotom|Thunderbolt|p1a: Zamazenta
|-damage|p1a: Zamazenta|11/100 brn
|
|-heal|p1a: Zamazenta|17/100 brn|[from] item: Leftovers
|-heal|p2a: Rotom|53/100|[from] item: Leftovers
|-damage|p1a: Zamazenta|11/100 brn|[from] brn
|upkeep
|turn|21
|
|t:|1779571026
|switch|p1a: Ting-Lu|Ting-Lu|50/100
|-ability|p1a: Ting-Lu|Vessel of Ruin
|move|p2a: Rotom|Thunderbolt|p1a: Ting-Lu
|-immune|p1a: Ting-Lu
|
|-heal|p2a: Rotom|59/100|[from] item: Leftovers
|-heal|p1a: Ting-Lu|56/100|[from] item: Leftovers
|upkeep
|turn|22
|
|t:|1779571037
|move|p2a: Rotom|Will-O-Wisp|p1a: Ting-Lu
|-status|p1a: Ting-Lu|brn
|move|p1a: Ting-Lu|Heavy Slam|p2a: Rotom
|-resisted|p2a: Rotom
|-damage|p2a: Rotom|53/100
|
|-heal|p2a: Rotom|59/100|[from] item: Leftovers
|-heal|p1a: Ting-Lu|63/100 brn|[from] item: Leftovers
|-damage|p1a: Ting-Lu|56/100 brn|[from] brn
|upkeep
|turn|23
|inactive|nyx-_-317 has 120 seconds left.
|
|t:|1779571073
|switch|p2a: Porygon-Z|Porygon-Z|100/100
|-ability|p2a: Porygon-Z|Download|boost
|-boost|p2a: Porygon-Z|spa|1
|switch|p1a: Zamazenta|Zamazenta|11/100 brn
|
|-heal|p1a: Zamazenta|17/100 brn|[from] item: Leftovers
|-damage|p1a: Zamazenta|11/100 brn|[from] brn
|upkeep
|turn|24
|inactive|Jules93 has 120 seconds left.
|
|t:|1779571116
|switch|p2a: Rotom|Rotom-Fan|59/100
|move|p1a: Zamazenta|Body Press|p2a: Rotom
|-resisted|p2a: Rotom
|-damage|p2a: Rotom|53/100
|
|-heal|p1a: Zamazenta|17/100 brn|[from] item: Leftovers
|-heal|p2a: Rotom|59/100|[from] item: Leftovers
|-damage|p1a: Zamazenta|11/100 brn|[from] brn
|upkeep
|turn|25
|inactive|nyx-_-317 has 120 seconds left.
|
|t:|1779571134
|switch|p2a: Porygon-Z|Porygon-Z|100/100
|-ability|p2a: Porygon-Z|Download|boost
|-boost|p2a: Porygon-Z|spa|1
|move|p1a: Zamazenta|Stone Edge|p2a: Porygon-Z
|-damage|p2a: Porygon-Z|80/100
|
|-heal|p1a: Zamazenta|17/100 brn|[from] item: Leftovers
|-damage|p1a: Zamazenta|11/100 brn|[from] brn
|upkeep
|turn|26
|
|t:|1779571144
|move|p1a: Zamazenta|Body Press|p2a: Porygon-Z
|-supereffective|p2a: Porygon-Z
|-damage|p2a: Porygon-Z|33/100
|move|p2a: Porygon-Z|Agility|p2a: Porygon-Z
|-boost|p2a: Porygon-Z|spe|2
|
|-heal|p1a: Zamazenta|17/100 brn|[from] item: Leftovers
|-damage|p1a: Zamazenta|11/100 brn|[from] brn
|upkeep
|turn|27
|inactive|nyx-_-317 has 120 seconds left.
|
|t:|1779571155
|move|p2a: Porygon-Z|Shadow Ball|p1a: Zamazenta
|-damage|p1a: Zamazenta|0 fnt
|faint|p1a: Zamazenta
|
|upkeep
|inactive|nyx-_-317 has 120 seconds left.
|
|t:|1779571164
|switch|p1a: Dragapult|Dragapult, M|100/100
|turn|28
|
|t:|1779571168
|move|p2a: Porygon-Z|Shadow Ball|p1a: Dragapult
|-supereffective|p1a: Dragapult
|-damage|p1a: Dragapult|0 fnt
|faint|p1a: Dragapult
|
|upkeep
|
|t:|1779571181
|switch|p1a: Heatran|Heatran, M|95/100
|turn|29
|
|t:|1779571192
|move|p2a: Porygon-Z|Shadow Ball|p1a: Heatran
|-damage|p1a: Heatran|52/100
|move|p1a: Heatran|Magma Storm|p2a: Porygon-Z
|-damage|p2a: Porygon-Z|0 fnt
|faint|p2a: Porygon-Z
|
|upkeep
|
|t:|1779571199
|switch|p2a: Rotom|Rotom-Fan|59/100
|turn|30
|
|t:|1779571203
|move|p1a: Heatran|Magma Storm|p2a: Rotom
|-damage|p2a: Rotom|5/100
|-activate|p2a: Rotom|move: Magma Storm|[of] p1a: Heatran
|move|p2a: Rotom|Thunderbolt|p1a: Heatran
|-damage|p1a: Heatran|21/100
|
|-heal|p2a: Rotom|12/100|[from] item: Leftovers
|-damage|p2a: Rotom|0 fnt|[from] move: Magma Storm|[partiallytrapped]
|faint|p2a: Rotom
|
|win|nyx-_-317
|raw|nyx-_-317's rating: 1172 &rarr; <strong>1195</strong><br />(+23 for winning)
|raw|Jules93's rating: 1151 &rarr; <strong>1128</strong><br />(-23 for losing)
|l|☆Jules93
|player|p2|
|l|☆nyx-_-317
|player|p1|
