|j|☆archen444
|j|☆ohko by scald
|t:|1779695740
|gametype|singles
|player|p1|archen444|shauntal|1392
|player|p2|ohko by scald|roxie-masters|1380
|gen|9
|tier|[Gen 9] OU
|rated|
|rule|HP Percentage Mod: HP is shown in percentages
|rule|Endless Battle Clause: Forcing endless battles is banned
|rule|Species Clause: Limit one of each Pokémon
|rule|OHKO Clause: OHKO moves are banned
|rule|Evasion Items Clause: Evasion items are banned
|rule|Evasion Moves Clause: Evasion moves are banned
|rule|Evasion Abilities Clause: Evasion abilities are banned
|rule|Sleep Moves Clause: Sleep-inducing moves are banned
|clearpoke
|poke|p1|Weezing-Galar, F|
|poke|p1|Alomomola, F|
|poke|p1|Iron Treads|
|poke|p1|Tornadus-Therian, M|
|poke|p1|Zamazenta-*|
|poke|p1|Lokix, F|
|poke|p2|Cloyster, F|
|poke|p2|Toxtricity, F|
|poke|p2|Dragapult, F|
|poke|p2|Hawlucha, M|
|poke|p2|Rillaboom, M|
|poke|p2|Heatran, M|
|teampreview
|inactive|Battle timer is ON: inactive players will automatically lose when time's up. (requested by ohko by scald)
|inactive|archen444 has 120 seconds left.
|
|t:|1779695794
|teamsize|p1|6
|teamsize|p2|6
|start
|switch|p1a: Airpod|Lokix, F|100/100
|switch|p2a: Cloist Critical|Cloyster, F|100/100
|turn|1
|
|t:|1779695807
|move|p1a: Airpod|U-turn|p2a: Cloist Critical
|-damage|p2a: Cloist Critical|57/100
|
|t:|1779695815
|switch|p1a: Animation Budget|Zamazenta|100/100|[from] U-turn
|-ability|p1a: Animation Budget|Dauntless Shield|boost
|-boost|p1a: Animation Budget|def|1
|move|p2a: Cloist Critical|Shell Smash|p2a: Cloist Critical
|-unboost|p2a: Cloist Critical|def|1
|-unboost|p2a: Cloist Critical|spd|1
|-boost|p2a: Cloist Critical|atk|2
|-boost|p2a: Cloist Critical|spa|2
|-boost|p2a: Cloist Critical|spe|2
|
|upkeep
|turn|2
|
|t:|1779695837
|move|p2a: Cloist Critical|Spikes|p1a: Animation Budget
|-sidestart|p1: archen444|Spikes
|move|p1a: Animation Budget|Close Combat|p2a: Cloist Critical
|-supereffective|p2a: Cloist Critical
|-damage|p2a: Cloist Critical|0 fnt
|-unboost|p1a: Animation Budget|def|1
|-unboost|p1a: Animation Budget|spd|1
|faint|p2a: Cloist Critical
|
|upkeep
|inactive|ohko by scald has 120 seconds left.
|
|t:|1779695867
|switch|p2a: Dragapult|Dragapult, F|100/100
|turn|3
|
|t:|1779695877
|switch|p1a: Front Left Tire|Iron Treads|100/100
|-damage|p1a: Front Left Tire|88/100|[from] Spikes
|move|p2a: Dragapult|Will-O-Wisp|p1a: Front Left Tire|[miss]
|-miss|p2a: Dragapult|p1a: Front Left Tire
|
|-heal|p1a: Front Left Tire|94/100|[from] item: Leftovers
|upkeep
|turn|4
|inactive|ohko by scald has 120 seconds left.
|
|t:|1779695887
|move|p2a: Dragapult|Will-O-Wisp|p1a: Front Left Tire
|-status|p1a: Front Left Tire|brn
|move|p1a: Front Left Tire|Ice Spinner|p2a: Dragapult
|-supereffective|p2a: Dragapult
|-damage|p2a: Dragapult|74/100
|
|-heal|p1a: Front Left Tire|99/100 brn|[from] item: Leftovers
|-damage|p1a: Front Left Tire|94/100 brn|[from] brn
|upkeep
|turn|5
|
|t:|1779695893
|move|p2a: Dragapult|Hex|p1a: Front Left Tire
|-damage|p1a: Front Left Tire|30/100 brn
|move|p1a: Front Left Tire|Stealth Rock|p2a: Dragapult
|-sidestart|p2: ohko by scald|move: Stealth Rock
|
|-heal|p1a: Front Left Tire|36/100 brn|[from] item: Leftovers
|-damage|p1a: Front Left Tire|30/100 brn|[from] brn
|upkeep
|turn|6
|
|t:|1779695902
|-end|p1a: Front Left Tire|Quark Drive|[silent]
|switch|p1a: Twitter Embodied|Tornadus-Therian, M|100/100
|move|p2a: Dragapult|Hex|p1a: Twitter Embodied
|-damage|p1a: Twitter Embodied|79/100
|
|upkeep
|turn|7
|
|t:|1779695916
|move|p2a: Dragapult|U-turn|p1a: Twitter Embodied
|-resisted|p1a: Twitter Embodied
|-damage|p1a: Twitter Embodied|69/100
|
|t:|1779695919
|switch|p2a: 700°C iron ball|Heatran, M, shiny|100/100|[from] U-turn
|-damage|p2a: 700°C iron ball|88/100|[from] Stealth Rock
|move|p1a: Twitter Embodied|Knock Off|p2a: 700°C iron ball
|-damage|p2a: 700°C iron ball|67/100
|-enditem|p2a: 700°C iron ball|Leftovers|[from] move: Knock Off|[of] p1a: Twitter Embodied
|
|upkeep
|turn|8
|
|t:|1779695934
|move|p1a: Twitter Embodied|U-turn|p2a: 700°C iron ball
|-resisted|p2a: 700°C iron ball
|-damage|p2a: 700°C iron ball|64/100
|
|t:|1779695936
|switch|p1a: Fuckass Fish|Alomomola, F|100/100|[from] U-turn
|-damage|p1a: Fuckass Fish|88/100|[from] Spikes
|move|p2a: 700°C iron ball|Magma Storm|p1a: Fuckass Fish
|-resisted|p1a: Fuckass Fish
|-damage|p1a: Fuckass Fish|65/100
|-activate|p1a: Fuckass Fish|move: Magma Storm|[of] p2a: 700°C iron ball
|
|-damage|p1a: Fuckass Fish|53/100|[from] move: Magma Storm|[partiallytrapped]
|upkeep
|turn|9
|
|t:|1779695948
|move|p2a: 700°C iron ball|Stealth Rock|p1a: Fuckass Fish
|-sidestart|p1: archen444|move: Stealth Rock
|move|p1a: Fuckass Fish|Wish|p1a: Fuckass Fish
|
|-damage|p1a: Fuckass Fish|40/100|[from] move: Magma Storm|[partiallytrapped]
|upkeep
|turn|10
|
|t:|1779695954
|move|p2a: 700°C iron ball|Magma Storm|p1a: Fuckass Fish
|-resisted|p1a: Fuckass Fish
|-damage|p1a: Fuckass Fish|17/100
|move|p1a: Fuckass Fish|Flip Turn|p2a: 700°C iron ball
|-supereffective|p2a: 700°C iron ball
|-damage|p2a: 700°C iron ball|30/100
|
|t:|1779695960
|switch|p1a: Front Left Tire|Iron Treads|30/100 brn|[from] Flip Turn
|-damage|p1a: Front Left Tire|17/100 brn|[from] Spikes
|-damage|p1a: Front Left Tire|14/100 brn|[from] Stealth Rock
|
|-heal|p1a: Front Left Tire|80/100 brn|[from] move: Wish|[wisher] Fuckass Fish
|-heal|p1a: Front Left Tire|86/100 brn|[from] item: Leftovers
|-damage|p1a: Front Left Tire|80/100 brn|[from] brn
|upkeep
|turn|11
|
|t:|1779695974
|switch|p2a: Dragapult|Dragapult, F|74/100
|move|p1a: Front Left Tire|Earthquake|p2a: Dragapult
|-damage|p2a: Dragapult|48/100
|
|-heal|p1a: Front Left Tire|86/100 brn|[from] item: Leftovers
|-damage|p1a: Front Left Tire|80/100 brn|[from] brn
|upkeep
|turn|12
|
|t:|1779695982
|-end|p1a: Front Left Tire|Quark Drive|[silent]
|switch|p1a: Twitter Embodied|Tornadus-Therian, M|100/100
|-damage|p1a: Twitter Embodied|76/100|[from] Stealth Rock
|move|p2a: Dragapult|Hex|p1a: Twitter Embodied
|-crit|p1a: Twitter Embodied
|-damage|p1a: Twitter Embodied|47/100
|
|upkeep
|turn|13
|
|t:|1779695988
|move|p2a: Dragapult|Dragon Darts|p1a: Twitter Embodied
|-damage|p1a: Twitter Embodied|24/100
|-anim|p2a: Dragapult|Dragon Darts|p1a: Twitter Embodied
|-damage|p1a: Twitter Embodied|3/100
|move|p1a: Twitter Embodied|Knock Off|p2a: Dragapult
|-supereffective|p2a: Dragapult
|-damage|p2a: Dragapult|0 fnt
|-enditem|p2a: Dragapult|Heavy-Duty Boots|[from] move: Knock Off|[of] p1a: Twitter Embodied
|faint|p2a: Dragapult
|
|upkeep
|
|t:|1779696014
|switch|p2a: MF BOOM 2|Toxtricity, F|100/100
|-damage|p2a: MF BOOM 2|88/100|[from] Stealth Rock
|turn|14
|
|t:|1779696033
|move|p1a: Twitter Embodied|Knock Off|p2a: MF BOOM 2
|-damage|p2a: MF BOOM 2|59/100
|-enditem|p2a: MF BOOM 2|Life Orb|[from] move: Knock Off|[of] p1a: Twitter Embodied
|move|p2a: MF BOOM 2|Shift Gear|p2a: MF BOOM 2
|-boost|p2a: MF BOOM 2|spe|2
|-boost|p2a: MF BOOM 2|atk|1
|
|upkeep
|turn|15
|
|t:|1779696041
|move|p2a: MF BOOM 2|Boomburst|p1a: Twitter Embodied
|-damage|p1a: Twitter Embodied|0 fnt
|faint|p1a: Twitter Embodied
|
|upkeep
|
|t:|1779696046
|switch|p1a: Front Left Tire|Iron Treads|80/100 brn
|-damage|p1a: Front Left Tire|67/100 brn|[from] Spikes
|-damage|p1a: Front Left Tire|64/100 brn|[from] Stealth Rock
|turn|16
|
|t:|1779696056
|move|p2a: MF BOOM 2|Drain Punch|p1a: Front Left Tire
|-supereffective|p1a: Front Left Tire
|-damage|p1a: Front Left Tire|22/100 brn
|-heal|p2a: MF BOOM 2|85/100|[from] drain|[of] p1a: Front Left Tire
|move|p1a: Front Left Tire|Earthquake|p2a: MF BOOM 2
|-supereffective|p2a: MF BOOM 2
|-damage|p2a: MF BOOM 2|0 fnt
|faint|p2a: MF BOOM 2
|
|-heal|p1a: Front Left Tire|28/100 brn|[from] item: Leftovers
|-damage|p1a: Front Left Tire|22/100 brn|[from] brn
|upkeep
|
|t:|1779696064
|switch|p2a: MF BOOM|Rillaboom, M|100/100
|-damage|p2a: MF BOOM|88/100|[from] Stealth Rock
|-fieldstart|move: Grassy Terrain|[from] ability: Grassy Surge|[of] p2a: MF BOOM
|turn|17
|
|t:|1779696072
|move|p2a: MF BOOM|Grassy Glide|p1a: Front Left Tire
|-damage|p1a: Front Left Tire|0 fnt
|faint|p1a: Front Left Tire
|-end|p1a: Front Left Tire|Quark Drive|[silent]
|
|-heal|p2a: MF BOOM|94/100|[from] Grassy Terrain
|upkeep
|
|t:|1779696077
|switch|p1a: The Professor|Weezing-Galar, F|100/100
|-ability|p1a: The Professor|Neutralizing Gas
|-damage|p1a: The Professor|88/100|[from] Spikes
|-damage|p1a: The Professor|76/100|[from] Stealth Rock
|turn|18
|
|t:|1779696085
|switch|p2a: 700°C iron ball|Heatran, M, shiny|30/100
|-damage|p2a: 700°C iron ball|18/100|[from] Stealth Rock
|move|p1a: The Professor|Defog|p2a: 700°C iron ball
|-unboost|p2a: 700°C iron ball|evasion|1
|-sideend|p2: ohko by scald|Stealth Rock|[from] move: Defog|[of] p1a: The Professor
|-sideend|p1: archen444|Spikes|[from] move: Defog|[of] p1a: The Professor
|-sideend|p1: archen444|Stealth Rock|[from] move: Defog|[of] p1a: The Professor
|-fieldend|move: Grassy Terrain
|
|-heal|p1a: The Professor|82/100|[from] item: Leftovers
|upkeep
|turn|19
|
|t:|1779696099
|move|p1a: The Professor|Protect|p1a: The Professor
|-singleturn|p1a: The Professor|Protect
|move|p2a: 700°C iron ball|Magma Storm|p1a: The Professor
|-activate|p1a: The Professor|move: Protect
|
|-heal|p1a: The Professor|88/100|[from] item: Leftovers
|upkeep
|turn|20
|
|t:|1779696109
|-end|p1a: The Professor|ability: Neutralizing Gas
|switch|p1a: Fuckass Fish|Alomomola, F|51/100
|move|p2a: 700°C iron ball|Magma Storm|p1a: Fuckass Fish
|-resisted|p1a: Fuckass Fish
|-damage|p1a: Fuckass Fish|26/100
|-activate|p1a: Fuckass Fish|move: Magma Storm|[of] p2a: 700°C iron ball
|
|-damage|p1a: Fuckass Fish|14/100|[from] move: Magma Storm|[partiallytrapped]
|upkeep
|turn|21
|
|t:|1779696116
|move|p2a: 700°C iron ball|Earth Power|p1a: Fuckass Fish
|-damage|p1a: Fuckass Fish|0 fnt
|faint|p1a: Fuckass Fish
|
|upkeep
|
|t:|1779696118
|switch|p1a: Animation Budget|Zamazenta|100/100
|turn|22
|
|t:|1779696122
|move|p1a: Animation Budget|Close Combat|p2a: 700°C iron ball
|-supereffective|p2a: 700°C iron ball
|-damage|p2a: 700°C iron ball|0 fnt
|-unboost|p1a: Animation Budget|def|1
|-unboost|p1a: Animation Budget|spd|1
|faint|p2a: 700°C iron ball
|
|upkeep
|
|t:|1779696125
|switch|p2a: MF BOOM|Rillaboom, M|94/100
|-fieldstart|move: Grassy Terrain|[from] ability: Grassy Surge|[of] p2a: MF BOOM
|turn|23
|
|t:|1779696127
|move|p1a: Animation Budget|Close Combat|p2a: MF BOOM
|-damage|p2a: MF BOOM|0 fnt
|-unboost|p1a: Animation Budget|def|1
|-unboost|p1a: Animation Budget|spd|1
|faint|p2a: MF BOOM
|
|upkeep
|
|t:|1779696130
|switch|p2a: John Cena|Hawlucha, M|100/100
|-enditem|p2a: John Cena|Grassy Seed
|-boost|p2a: John Cena|def|1|[from] item: Grassy Seed
|turn|24
|
|t:|1779696145
|move|p2a: John Cena|Swords Dance|p2a: John Cena
|-boost|p2a: John Cena|atk|2
|move|p1a: Animation Budget|Close Combat|p2a: John Cena
|-resisted|p2a: John Cena
|-damage|p2a: John Cena|56/100
|-unboost|p1a: Animation Budget|def|1
|-unboost|p1a: Animation Budget|spd|1
|
|upkeep
|turn|25
|
|t:|1779696151
|move|p2a: John Cena|Acrobatics|p1a: Animation Budget
|-supereffective|p1a: Animation Budget
|-damage|p1a: Animation Budget|0 fnt
|faint|p1a: Animation Budget
|
|upkeep
|
|t:|1779696155
|switch|p1a: Airpod|Lokix, F|100/100
|turn|26
|
|t:|1779696159
|-terastallize|p1a: Airpod|Bug
|move|p1a: Airpod|First Impression|p2a: John Cena
|-resisted|p2a: John Cena
|-damage|p2a: John Cena|14/100
|move|p2a: John Cena|Acrobatics|p1a: Airpod
|-supereffective|p1a: Airpod
|-damage|p1a: Airpod|0 fnt
|faint|p1a: Airpod
|
|upkeep
|
|t:|1779696163
|switch|p1a: The Professor|Weezing-Galar, F|88/100
|-ability|p1a: The Professor|Neutralizing Gas
|turn|27
|
|t:|1779696172
|-terastallize|p2a: John Cena|Steel
|move|p1a: The Professor|Protect|p1a: The Professor
|-singleturn|p1a: The Professor|Protect
|move|p2a: John Cena|Acrobatics|p1a: The Professor
|-activate|p1a: The Professor|move: Protect
|
|-heal|p2a: John Cena|20/100|[from] Grassy Terrain
|-heal|p1a: The Professor|94/100|[from] Grassy Terrain
|-heal|p1a: The Professor|99/100|[from] item: Leftovers
|-fieldend|move: Grassy Terrain
|upkeep
|turn|28
|
|t:|1779696175
|move|p2a: John Cena|Encore|p1a: The Professor
|-start|p1a: The Professor|Encore
|move|p1a: The Professor|Protect||[still]
|-fail|p1a: The Professor
|
|-heal|p1a: The Professor|100/100|[from] item: Leftovers
|upkeep
|turn|29
|-message|archen444 forfeited.
|
|win|ohko by scald
|raw|archen444's rating: 1392 &rarr; <strong>1371</strong><br />(-21 for losing)
|raw|ohko by scald's rating: 1380 &rarr; <strong>1401</strong><br />(+21 for winning)
|l|☆archen444
|player|p1|
