|j|☆siyuansiyuan
|j|☆krookodile fangirl
|t:|1779641909
|gametype|singles
|player|p1|siyuansiyuan|265|1155
|player|p2|krookodile fangirl|roughneck|1166
|gen|9
|tier|[Gen 9] OU
|rated|
|rule|HP Percentage Mod: HP is shown in percentages
|rule|Endless Battle Clause: Forcing endless battles is banned
|rule|Species Clause: Limit one of each Pokémon
|rule|OHKO Clause: OHKO moves are banned
|rule|Evasion Items Clause: Evasion items are banned
|rule|Evasion Moves Clause: Evasion moves are banned
|rule|Evasion Abilities Clause: Evasion abilities are banned
|rule|Sleep Moves Clause: Sleep-inducing moves are banned
|clearpoke
|poke|p1|Tyranitar, F|
|poke|p1|Hippowdon, M|
|poke|p1|Toxapex, F|
|poke|p1|Rillaboom, F|
|poke|p1|Excadrill, M|
|poke|p1|Landorus-Therian, M|
|poke|p2|Krookodile, M|
|poke|p2|Deoxys-Speed|
|poke|p2|Trevenant, F|
|poke|p2|Iron Moth|
|poke|p2|Primarina, M|
|poke|p2|Corviknight, F|
|teampreview
|inactive|Battle timer is ON: inactive players will automatically lose when time's up. (requested by krookodile fangirl)
|
|t:|1779641920
|teamsize|p1|6
|teamsize|p2|6
|start
|switch|p1a: Rillaboom|Rillaboom, F|100/100
|switch|p2a: Reptar|Krookodile, M, shiny|100/100
|-fieldstart|move: Grassy Terrain|[from] ability: Grassy Surge|[of] p1a: Rillaboom
|turn|1
|
|t:|1779641928
|switch|p2a: Meta Slave|Corviknight, F|100/100
|move|p1a: Rillaboom|Fake Out|p2a: Meta Slave
|-resisted|p2a: Meta Slave
|-damage|p2a: Meta Slave|95/100
|-damage|p1a: Rillaboom|84/100|[from] item: Rocky Helmet|[of] p2a: Meta Slave
|
|-heal|p1a: Rillaboom|90/100|[from] Grassy Terrain
|-heal|p1a: Rillaboom|96/100|[from] item: Leftovers
|upkeep
|turn|2
|
|t:|1779641940
|move|p1a: Rillaboom|Taunt|p2a: Meta Slave
|-start|p2a: Meta Slave|move: Taunt
|move|p2a: Meta Slave|U-turn|p1a: Rillaboom
|-supereffective|p1a: Rillaboom
|-damage|p1a: Rillaboom|59/100
|
|t:|1779641947
|switch|p2a: Aura Farmer|Iron Moth|100/100|[from] U-turn
|
|-heal|p1a: Rillaboom|65/100|[from] Grassy Terrain
|-heal|p1a: Rillaboom|71/100|[from] item: Leftovers
|upkeep
|turn|3
|
|t:|1779641956
|switch|p1a: Tyranitar|Tyranitar, F|100/100
|-weather|Sandstorm|[from] ability: Sand Stream|[of] p1a: Tyranitar
|move|p2a: Aura Farmer|Fiery Dance|p1a: Tyranitar
|-resisted|p1a: Tyranitar
|-damage|p1a: Tyranitar|92/100
|
|-weather|Sandstorm|[upkeep]
|-damage|p2a: Aura Farmer|95/100|[from] Sandstorm
|-heal|p2a: Aura Farmer|100/100|[from] Grassy Terrain
|-heal|p1a: Tyranitar|98/100|[from] Grassy Terrain
|upkeep
|turn|4
|
|t:|1779641976
|-end|p2a: Aura Farmer|Quark Drive|[silent]
|switch|p2a: Meta Slave|Corviknight, F|95/100
|move|p1a: Tyranitar|Earthquake|p2a: Meta Slave
|-immune|p2a: Meta Slave
|
|-weather|Sandstorm|[upkeep]
|-heal|p1a: Tyranitar|100/100|[from] Grassy Terrain
|upkeep
|turn|5
|
|t:|1779641988
|move|p2a: Meta Slave|Iron Head|p1a: Tyranitar
|-supereffective|p1a: Tyranitar
|-damage|p1a: Tyranitar|50/100
|move|p1a: Tyranitar|Fire Punch|p2a: Meta Slave
|-supereffective|p2a: Meta Slave
|-damage|p2a: Meta Slave|49/100
|-damage|p1a: Tyranitar|33/100|[from] item: Rocky Helmet|[of] p2a: Meta Slave
|
|-weather|Sandstorm|[upkeep]
|-heal|p1a: Tyranitar|40/100|[from] Grassy Terrain
|-fieldend|move: Grassy Terrain
|upkeep
|turn|6
|
|t:|1779642007
|switch|p1a: Toxapex|Toxapex, F|100/100
|move|p2a: Meta Slave|Roost|p2a: Meta Slave
|-heal|p2a: Meta Slave|99/100
|-singleturn|p2a: Meta Slave|move: Roost
|
|-weather|Sandstorm|[upkeep]
|-damage|p1a: Toxapex|94/100|[from] Sandstorm
|-heal|p1a: Toxapex|100/100|[from] item: Black Sludge
|upkeep
|turn|7
|
|t:|1779642026
|switch|p1a: Hippowdon|Hippowdon, M|100/100
|move|p2a: Meta Slave|Iron Head|p1a: Hippowdon
|-damage|p1a: Hippowdon|83/100
|
|-weather|none
|upkeep
|turn|8
|
|t:|1779642034
|move|p2a: Meta Slave|Iron Head|p1a: Hippowdon
|-damage|p1a: Hippowdon|65/100
|cant|p1a: Hippowdon|flinch
|
|upkeep
|turn|9
|
|t:|1779642040
|move|p2a: Meta Slave|U-turn|p1a: Hippowdon
|-damage|p1a: Hippowdon|55/100
|
|t:|1779642042
|switch|p2a: Twink Femboy|Primarina, M|100/100|[from] U-turn
|move|p1a: Hippowdon|Slack Off|p1a: Hippowdon
|-heal|p1a: Hippowdon|100/100
|
|upkeep
|turn|10
|
|t:|1779642051
|switch|p1a: Toxapex|Toxapex, F|100/100
|move|p2a: Twink Femboy|Psychic Noise|p1a: Toxapex
|-resisted|p1a: Toxapex
|-damage|p1a: Toxapex|85/100
|-start|p1a: Toxapex|move: Heal Block
|
|upkeep
|turn|11
|
|t:|1779642062
|switch|p2a: Invader Zim|Deoxys-Speed, shiny|100/100
|-ability|p2a: Invader Zim|Pressure
|move|p1a: Toxapex|Venoshock|p2a: Invader Zim
|-damage|p2a: Invader Zim|79/100
|
|-end|p1a: Toxapex|move: Heal Block
|upkeep
|turn|12
|
|t:|1779642074
|switch|p1a: Hippowdon|Hippowdon, M|100/100
|-weather|Sandstorm|[from] ability: Sand Stream|[of] p1a: Hippowdon
|move|p2a: Invader Zim|Stealth Rock|p1a: Hippowdon
|-sidestart|p1: siyuansiyuan|move: Stealth Rock
|
|-weather|Sandstorm|[upkeep]
|-damage|p2a: Invader Zim|73/100|[from] Sandstorm
|upkeep
|turn|13
|
|t:|1779642086
|move|p2a: Invader Zim|Taunt|p1a: Hippowdon
|-start|p1a: Hippowdon|move: Taunt
|cant|p1a: Hippowdon|move: Taunt|Stealth Rock
|
|-weather|Sandstorm|[upkeep]
|-damage|p2a: Invader Zim|67/100|[from] Sandstorm
|upkeep
|turn|14
|
|t:|1779642100
|switch|p1a: Rillaboom|Rillaboom, F|71/100
|-damage|p1a: Rillaboom|59/100|[from] Stealth Rock
|-fieldstart|move: Grassy Terrain|[from] ability: Grassy Surge|[of] p1a: Rillaboom
|move|p2a: Invader Zim|Ice Beam|p1a: Rillaboom
|-supereffective|p1a: Rillaboom
|-damage|p1a: Rillaboom|0 fnt
|faint|p1a: Rillaboom
|-damage|p2a: Invader Zim|57/100|[from] item: Life Orb
|
|-weather|Sandstorm|[upkeep]
|-damage|p2a: Invader Zim|51/100|[from] Sandstorm
|-heal|p2a: Invader Zim|57/100|[from] Grassy Terrain
|upkeep
|
|t:|1779642115
|switch|p1a: Excadrill|Excadrill, M|100/100
|-damage|p1a: Excadrill|97/100|[from] Stealth Rock
|turn|15
|
|t:|1779642119
|switch|p2a: Monster House|Trevenant, F, shiny|100/100
|move|p1a: Excadrill|Swords Dance|p1a: Excadrill
|-boost|p1a: Excadrill|atk|2
|
|-weather|Sandstorm|[upkeep]
|-damage|p2a: Monster House|95/100|[from] Sandstorm
|-heal|p1a: Excadrill|100/100|[from] Grassy Terrain
|-heal|p2a: Monster House|100/100|[from] Grassy Terrain
|upkeep
|turn|16
|
|t:|1779642134
|-terastallize|p1a: Excadrill|Ground
|move|p2a: Monster House|Protect|p2a: Monster House
|-singleturn|p2a: Monster House|Protect
|move|p1a: Excadrill|Rock Slide|p2a: Monster House
|-activate|p2a: Monster House|move: Protect
|
|-weather|Sandstorm|[upkeep]
|-damage|p2a: Monster House|95/100|[from] Sandstorm
|-heal|p2a: Monster House|100/100|[from] Grassy Terrain
|upkeep
|turn|17
|
|t:|1779642146
|move|p1a: Excadrill|Rock Slide|p2a: Monster House|[miss]
|-miss|p1a: Excadrill|p2a: Monster House
|move|p2a: Monster House|Will-O-Wisp|p1a: Excadrill
|-status|p1a: Excadrill|brn
|
|-weather|Sandstorm|[upkeep]
|-damage|p2a: Monster House|95/100|[from] Sandstorm
|-heal|p2a: Monster House|100/100|[from] Grassy Terrain
|-damage|p1a: Excadrill|94/100 brn|[from] brn
|upkeep
|turn|18
|
|t:|1779642158
|move|p1a: Excadrill|Swords Dance|p1a: Excadrill
|-boost|p1a: Excadrill|atk|2
|move|p2a: Monster House|Horn Leech|p1a: Excadrill
|-supereffective|p1a: Excadrill
|-damage|p1a: Excadrill|0 fnt
|faint|p1a: Excadrill
|
|-weather|Sandstorm|[upkeep]
|-damage|p2a: Monster House|95/100|[from] Sandstorm
|-heal|p2a: Monster House|100/100|[from] Grassy Terrain
|-fieldend|move: Grassy Terrain
|upkeep
|
|t:|1779642178
|switch|p1a: Hippowdon|Hippowdon, M|100/100
|-damage|p1a: Hippowdon|94/100|[from] Stealth Rock
|turn|19
|
|t:|1779642184
|move|p2a: Monster House|Horn Leech|p1a: Hippowdon
|-supereffective|p1a: Hippowdon
|-damage|p1a: Hippowdon|60/100
|move|p1a: Hippowdon|Stealth Rock|p2a: Monster House
|-sidestart|p2: krookodile fangirl|move: Stealth Rock
|
|-weather|none
|upkeep
|turn|20
|
|t:|1779642209
|move|p2a: Monster House|Horn Leech|p1a: Hippowdon
|-supereffective|p1a: Hippowdon
|-damage|p1a: Hippowdon|23/100
|move|p1a: Hippowdon|Slack Off|p1a: Hippowdon
|-heal|p1a: Hippowdon|73/100
|
|upkeep
|turn|21
|
|t:|1779642218
|move|p2a: Monster House|Will-O-Wisp|p1a: Hippowdon
|-status|p1a: Hippowdon|brn
|move|p1a: Hippowdon|Slack Off|p1a: Hippowdon
|-heal|p1a: Hippowdon|100/100 brn
|
|-damage|p1a: Hippowdon|94/100 brn|[from] brn
|upkeep
|turn|22
|
|t:|1779642228
|move|p2a: Monster House|Leech Seed|p1a: Hippowdon
|-start|p1a: Hippowdon|move: Leech Seed
|move|p1a: Hippowdon|Earthquake|p2a: Monster House
|-resisted|p2a: Monster House
|-damage|p2a: Monster House|91/100
|
|-damage|p1a: Hippowdon|82/100 brn|[from] Leech Seed|[of] p2a: Monster House
|-heal|p2a: Monster House|100/100|[silent]
|-damage|p1a: Hippowdon|76/100 brn|[from] brn
|upkeep
|turn|23
|
|t:|1779642252
|move|p2a: Monster House|Horn Leech|p1a: Hippowdon
|-supereffective|p1a: Hippowdon
|-damage|p1a: Hippowdon|41/100 brn
|move|p1a: Hippowdon|Slack Off|p1a: Hippowdon
|-heal|p1a: Hippowdon|91/100 brn
|
|-damage|p1a: Hippowdon|79/100 brn|[from] Leech Seed|[of] p2a: Monster House
|-damage|p1a: Hippowdon|73/100 brn|[from] brn
|upkeep
|turn|24
|
|t:|1779642264
|switch|p2a: Twink Femboy|Primarina, M|100/100
|-damage|p2a: Twink Femboy|88/100|[from] Stealth Rock
|move|p1a: Hippowdon|Substitute|p1a: Hippowdon
|-start|p1a: Hippowdon|Substitute
|-damage|p1a: Hippowdon|48/100 brn
|
|-damage|p1a: Hippowdon|35/100 brn|[from] Leech Seed|[of] p2a: Twink Femboy
|-heal|p2a: Twink Femboy|100/100|[silent]
|-damage|p1a: Hippowdon|29/100 brn|[from] brn
|upkeep
|turn|25
|
|t:|1779642275
|move|p2a: Twink Femboy|Psychic Noise|p1a: Hippowdon
|-supereffective|p1a: Hippowdon
|-damage|p1a: Hippowdon|0 fnt
|faint|p1a: Hippowdon
|
|upkeep
|
|t:|1779642286
|switch|p1a: Landorus|Landorus-Therian, M|100/100
|-damage|p1a: Landorus|88/100|[from] Stealth Rock
|-ability|p1a: Landorus|Intimidate|boost
|-unboost|p2a: Twink Femboy|atk|1
|turn|26
|
|t:|1779642294
|move|p1a: Landorus|Earthquake|p2a: Twink Femboy
|-damage|p2a: Twink Femboy|31/100
|move|p2a: Twink Femboy|Ice Beam|p1a: Landorus
|-supereffective|p1a: Landorus
|-damage|p1a: Landorus|0 fnt
|faint|p1a: Landorus
|
|upkeep
|
|t:|1779642303
|switch|p1a: Tyranitar|Tyranitar, F|40/100
|-damage|p1a: Tyranitar|27/100|[from] Stealth Rock
|-weather|Sandstorm|[from] ability: Sand Stream|[of] p1a: Tyranitar
|turn|27
|
|t:|1779642313
|move|p1a: Tyranitar|Crunch|p2a: Twink Femboy
|-resisted|p2a: Twink Femboy
|-damage|p2a: Twink Femboy|2/100
|-unboost|p2a: Twink Femboy|def|1
|move|p2a: Twink Femboy|Draining Kiss|p1a: Tyranitar
|-supereffective|p1a: Tyranitar
|-damage|p1a: Tyranitar|8/100
|-heal|p2a: Twink Femboy|21/100|[from] drain|[of] p1a: Tyranitar
|
|-weather|Sandstorm|[upkeep]
|-damage|p2a: Twink Femboy|15/100|[from] Sandstorm
|upkeep
|turn|28
|
|t:|1779642326
|move|p1a: Tyranitar|Fire Punch|p2a: Twink Femboy
|-resisted|p2a: Twink Femboy
|-damage|p2a: Twink Femboy|0 fnt
|faint|p2a: Twink Femboy
|
|-weather|Sandstorm|[upkeep]
|upkeep
|
|t:|1779642330
|switch|p2a: Reptar|Krookodile, M, shiny|100/100
|-damage|p2a: Reptar|94/100|[from] Stealth Rock
|turn|29
|
|t:|1779642336
|move|p2a: Reptar|Earthquake|p1a: Tyranitar
|-supereffective|p1a: Tyranitar
|-damage|p1a: Tyranitar|0 fnt
|faint|p1a: Tyranitar
|-ability|p2a: Reptar|Moxie|boost
|-boost|p2a: Reptar|atk|1
|
|-weather|Sandstorm|[upkeep]
|upkeep
|
|t:|1779642345
|switch|p1a: Toxapex|Toxapex, F|100/100
|-damage|p1a: Toxapex|88/100|[from] Stealth Rock
|turn|30
|
|t:|1779642352
|move|p2a: Reptar|Earthquake|p1a: Toxapex
|-supereffective|p1a: Toxapex
|-damage|p1a: Toxapex|0 fnt
|faint|p1a: Toxapex
|
|win|krookodile fangirl
|raw|siyuansiyuan's rating: 1155 &rarr; <strong>1131</strong><br />(-24 for losing)
|raw|krookodile fangirl's rating: 1166 &rarr; <strong>1190</strong><br />(+24 for winning)
|l|☆siyuansiyuan
|player|p1|
|l|☆krookodile fangirl
|player|p2|
