|j|☆NotreDamedelaMer
|j|☆KenjiShiguma
|t:|1779631966
|gametype|singles
|player|p1|NotreDamedelaMer|veteranf|1316
|player|p2|KenjiShiguma|pokemonbreeder-gen4|1235
|gen|9
|tier|[Gen 9] OU
|rated|
|rule|HP Percentage Mod: HP is shown in percentages
|rule|Endless Battle Clause: Forcing endless battles is banned
|rule|Species Clause: Limit one of each Pokémon
|rule|OHKO Clause: OHKO moves are banned
|rule|Evasion Items Clause: Evasion items are banned
|rule|Evasion Moves Clause: Evasion moves are banned
|rule|Evasion Abilities Clause: Evasion abilities are banned
|rule|Sleep Moves Clause: Sleep-inducing moves are banned
|clearpoke
|poke|p1|Ribombee, F|
|poke|p1|Lokix, M|
|poke|p1|Great Tusk|
|poke|p1|Raging Bolt|
|poke|p1|Gholdengo|
|poke|p1|Iron Moth|
|poke|p2|Drednaw, M|
|poke|p2|Golem, M|
|poke|p2|Snorlax, M|
|poke|p2|Clefable, M|
|poke|p2|Oricorio-Sensu, M|
|poke|p2|Infernape, M|
|teampreview
|inactive|Battle timer is ON: inactive players will automatically lose when time's up. (requested by NotreDamedelaMer)
|
|t:|1779631981
|teamsize|p1|6
|teamsize|p2|6
|start
|switch|p1a: Ribombee|Ribombee, F, shiny|100/100
|switch|p2a: Oricorio|Oricorio-Sensu, M|100/100
|turn|1
|
|t:|1779631987
|move|p1a: Ribombee|Stun Spore|p2a: Oricorio|[miss]
|-miss|p1a: Ribombee|p2a: Oricorio
|move|p2a: Oricorio|Quiver Dance|p2a: Oricorio
|-boost|p2a: Oricorio|spa|1
|-boost|p2a: Oricorio|spd|1
|-boost|p2a: Oricorio|spe|1
|
|upkeep
|turn|2
|
|t:|1779631995
|move|p2a: Oricorio|Air Slash|p1a: Ribombee
|-supereffective|p1a: Ribombee
|-enditem|p1a: Ribombee|Focus Sash
|-damage|p1a: Ribombee|1/100
|move|p1a: Ribombee|Stun Spore|p2a: Oricorio
|-status|p2a: Oricorio|par
|
|upkeep
|turn|3
|
|t:|1779632002
|move|p1a: Ribombee|Sticky Web|p2a: Oricorio
|-sidestart|p2: KenjiShiguma|move: Sticky Web
|move|p2a: Oricorio|Quiver Dance|p2a: Oricorio
|-boost|p2a: Oricorio|spa|1
|-boost|p2a: Oricorio|spd|1
|-boost|p2a: Oricorio|spe|1
|
|upkeep
|turn|4
|
|t:|1779632008
|move|p1a: Ribombee|Moonblast|p2a: Oricorio
|-damage|p2a: Oricorio|70/100 par
|move|p2a: Oricorio|Quiver Dance|p2a: Oricorio
|-boost|p2a: Oricorio|spa|1
|-boost|p2a: Oricorio|spd|1
|-boost|p2a: Oricorio|spe|1
|
|upkeep
|turn|5
|
|t:|1779632017
|move|p1a: Ribombee|Moonblast|p2a: Oricorio
|-damage|p2a: Oricorio|45/100 par
|-unboost|p2a: Oricorio|spa|1
|move|p2a: Oricorio|Air Slash|p1a: Ribombee|[miss]
|-miss|p2a: Oricorio|p1a: Ribombee
|
|upkeep
|turn|6
|
|t:|1779632024
|move|p1a: Ribombee|Moonblast|p2a: Oricorio
|-damage|p2a: Oricorio|20/100 par
|-unboost|p2a: Oricorio|spa|1
|move|p2a: Oricorio|Revelation Dance|p1a: Ribombee
|-damage|p1a: Ribombee|0 fnt
|faint|p1a: Ribombee
|
|upkeep
|
|t:|1779632037
|switch|p1a: Lokix|Lokix, M, shiny|100/100
|turn|7
|
|t:|1779632041
|move|p1a: Lokix|Sucker Punch|p2a: Oricorio
|-supereffective|p2a: Oricorio
|-crit|p2a: Oricorio
|-damage|p2a: Oricorio|0 fnt
|faint|p2a: Oricorio
|-damage|p1a: Lokix|91/100|[from] item: Life Orb
|
|upkeep
|
|t:|1779632048
|switch|p2a: Infernape|Infernape, M|100/100
|-activate|p2a: Infernape|move: Sticky Web
|-unboost|p2a: Infernape|spe|1
|turn|8
|
|t:|1779632052
|switch|p1a: Great Tusk|Great Tusk, shiny|100/100
|-enditem|p1a: Great Tusk|Booster Energy
|-activate|p1a: Great Tusk|ability: Protosynthesis|[fromitem]
|-start|p1a: Great Tusk|protosynthesisatk
|move|p2a: Infernape|Switcheroo|p1a: Great Tusk
|-activate|p2a: Infernape|move: Trick|[of] p1a: Great Tusk
|-item|p1a: Great Tusk|Choice Scarf|[from] move: Switcheroo
|-enditem|p2a: Infernape|Choice Scarf|[silent]|[from] move: Switcheroo
|
|upkeep
|turn|9
|
|t:|1779632061
|switch|p2a: Golem|Golem, M|100/100
|-activate|p2a: Golem|move: Sticky Web
|-unboost|p2a: Golem|spe|1
|move|p1a: Great Tusk|Headlong Rush|p2a: Golem
|-supereffective|p2a: Golem
|-ability|p2a: Golem|Sturdy
|-damage|p2a: Golem|1/100
|-unboost|p1a: Great Tusk|def|1
|-unboost|p1a: Great Tusk|spd|1
|
|upkeep
|turn|10
|-enditem|p2a: Golem|Custap Berry|[eat]
|-activate|p2a: Golem|item: Custap Berry|[consumed]
|
|t:|1779632075
|move|p2a: Golem|Stealth Rock|p1a: Great Tusk
|-sidestart|p1: NotreDamedelaMer|move: Stealth Rock
|move|p1a: Great Tusk|Headlong Rush|p2a: Golem
|-supereffective|p2a: Golem
|-damage|p2a: Golem|0 fnt
|-unboost|p1a: Great Tusk|def|1
|-unboost|p1a: Great Tusk|spd|1
|faint|p2a: Golem
|
|upkeep
|
|t:|1779632085
|switch|p2a: Clefable|Clefable, M|100/100
|-activate|p2a: Clefable|move: Sticky Web
|-unboost|p2a: Clefable|spe|1
|turn|11
|
|t:|1779632096
|-end|p1a: Great Tusk|Protosynthesis|[silent]
|switch|p1a: Iron Moth|Iron Moth, shiny|100/100
|-damage|p1a: Iron Moth|76/100|[from] Stealth Rock
|-enditem|p1a: Iron Moth|Booster Energy
|-activate|p1a: Iron Moth|ability: Quark Drive|[fromitem]
|-start|p1a: Iron Moth|quarkdrivespa
|move|p2a: Clefable|Moonblast|p1a: Iron Moth
|-resisted|p1a: Iron Moth
|-damage|p1a: Iron Moth|64/100
|
|upkeep
|turn|12
|
|t:|1779632109
|switch|p2a: Snorlax|Snorlax, M|100/100
|-activate|p2a: Snorlax|move: Sticky Web
|-unboost|p2a: Snorlax|spe|1
|move|p1a: Iron Moth|Fiery Dance|p2a: Snorlax
|-damage|p2a: Snorlax|74/100
|-boost|p1a: Iron Moth|spa|1
|
|upkeep
|turn|13
|
|t:|1779632118
|move|p1a: Iron Moth|Sludge Wave|p2a: Snorlax
|-damage|p2a: Snorlax|32/100
|-enditem|p2a: Snorlax|Sitrus Berry|[eat]
|-heal|p2a: Snorlax|57/100|[from] item: Sitrus Berry
|move|p2a: Snorlax|Earthquake|p1a: Iron Moth
|-supereffective|p1a: Iron Moth
|-damage|p1a: Iron Moth|0 fnt
|faint|p1a: Iron Moth
|-end|p1a: Iron Moth|Quark Drive|[silent]
|
|upkeep
|
|t:|1779632124
|switch|p1a: Lokix|Lokix, M, shiny|91/100
|-damage|p1a: Lokix|66/100|[from] Stealth Rock
|turn|14
|
|t:|1779632131
|move|p1a: Lokix|Leech Life|p2a: Snorlax
|-damage|p2a: Snorlax|10/100
|-heal|p1a: Lokix|100/100|[from] drain|[of] p2a: Snorlax
|-damage|p1a: Lokix|91/100|[from] item: Life Orb
|move|p2a: Snorlax|Earthquake|p1a: Lokix
|-resisted|p1a: Lokix
|-damage|p1a: Lokix|71/100
|
|upkeep
|turn|15
|
|t:|1779632141
|switch|p2a: Infernape|Infernape, M|100/100
|-activate|p2a: Infernape|move: Sticky Web
|-unboost|p2a: Infernape|spe|1
|move|p1a: Lokix|Leech Life|p2a: Infernape
|-resisted|p2a: Infernape
|-damage|p2a: Infernape|68/100
|-heal|p1a: Lokix|89/100|[from] drain|[of] p2a: Infernape
|-damage|p1a: Lokix|79/100|[from] item: Life Orb
|
|upkeep
|turn|16
|
|t:|1779632152
|switch|p1a: Great Tusk|Great Tusk, shiny|100/100
|-damage|p1a: Great Tusk|98/100|[from] Stealth Rock
|-singleturn|p2a: Infernape|move: Focus Punch
|move|p2a: Infernape|Focus Punch|p1a: Great Tusk
|-damage|p1a: Great Tusk|28/100
|
|upkeep
|turn|17
|
|t:|1779632161
|switch|p2a: Snorlax|Snorlax, M|10/100
|-activate|p2a: Snorlax|move: Sticky Web
|-unboost|p2a: Snorlax|spe|1
|move|p1a: Great Tusk|Rapid Spin|p2a: Snorlax
|-damage|p2a: Snorlax|0 fnt
|-boost|p1a: Great Tusk|spe|1
|-sideend|p1: NotreDamedelaMer|Stealth Rock|[from] move: Rapid Spin|[of] p1a: Great Tusk
|faint|p2a: Snorlax
|
|upkeep
|
|t:|1779632172
|switch|p2a: Clefable|Clefable, M|100/100
|-activate|p2a: Clefable|move: Sticky Web
|-unboost|p2a: Clefable|spe|1
|turn|18
|
|t:|1779632178
|-end|p1a: Great Tusk|Protosynthesis|[silent]
|switch|p1a: Gholdengo|Gholdengo, shiny|100/100
|-item|p1a: Gholdengo|Air Balloon
|move|p2a: Clefable|Flamethrower|p1a: Gholdengo
|-supereffective|p1a: Gholdengo
|-damage|p1a: Gholdengo|34/100
|-enditem|p1a: Gholdengo|Air Balloon
|
|upkeep
|turn|19
|
|t:|1779632190
|move|p1a: Gholdengo|Psyshock|p2a: Clefable
|-damage|p2a: Clefable|71/100
|move|p2a: Clefable|Flamethrower|p1a: Gholdengo
|-supereffective|p1a: Gholdengo
|-crit|p1a: Gholdengo
|-damage|p1a: Gholdengo|0 fnt
|faint|p1a: Gholdengo
|
|upkeep
|
|t:|1779632197
|switch|p1a: Raging Bolt|Raging Bolt|100/100
|-enditem|p1a: Raging Bolt|Booster Energy
|-activate|p1a: Raging Bolt|ability: Protosynthesis|[fromitem]
|-start|p1a: Raging Bolt|protosynthesisspa
|turn|20
|
|t:|1779632203
|move|p1a: Raging Bolt|Thunderbolt|p2a: Clefable
|-damage|p2a: Clefable|29/100
|move|p2a: Clefable|Moonblast|p1a: Raging Bolt
|-supereffective|p1a: Raging Bolt
|-damage|p1a: Raging Bolt|13/100
|-unboost|p1a: Raging Bolt|spa|1
|
|upkeep
|turn|21
|
|t:|1779632211
|move|p1a: Raging Bolt|Thunderbolt|p2a: Clefable
|-damage|p2a: Clefable|0 fnt
|faint|p2a: Clefable
|
|upkeep
|
|t:|1779632215
|switch|p2a: Infernape|Infernape, M|68/100
|-activate|p2a: Infernape|move: Sticky Web
|-unboost|p2a: Infernape|spe|1
|turn|22
|
|t:|1779632221
|move|p1a: Raging Bolt|Thunderbolt|p2a: Infernape
|-damage|p2a: Infernape|8/100
|move|p2a: Infernape|Encore|p1a: Raging Bolt
|-start|p1a: Raging Bolt|Encore
|
|upkeep
|turn|23
|
|t:|1779632227
|move|p1a: Raging Bolt|Thunderbolt|p2a: Infernape
|-damage|p2a: Infernape|0 fnt
|faint|p2a: Infernape
|
|upkeep
|
|t:|1779632231
|switch|p2a: Drednaw|Drednaw, M|100/100
|-activate|p2a: Drednaw|move: Sticky Web
|-unboost|p2a: Drednaw|spe|1
|-enditem|p2a: Drednaw|White Herb
|-clearnegativeboost|p2a: Drednaw|[silent]
|turn|24
|
|t:|1779632242
|-end|p1a: Raging Bolt|Protosynthesis|[silent]
|switch|p1a: Great Tusk|Great Tusk, shiny|28/100
|-terastallize|p2a: Drednaw|Ghost
|move|p2a: Drednaw|Shell Smash|p2a: Drednaw
|-unboost|p2a: Drednaw|def|1
|-unboost|p2a: Drednaw|spd|1
|-boost|p2a: Drednaw|atk|2
|-boost|p2a: Drednaw|spa|2
|-boost|p2a: Drednaw|spe|2
|
|upkeep
|turn|25
|
|t:|1779632251
|move|p1a: Great Tusk|Headlong Rush|p2a: Drednaw
|-damage|p2a: Drednaw|0 fnt
|-unboost|p1a: Great Tusk|def|1
|-unboost|p1a: Great Tusk|spd|1
|faint|p2a: Drednaw
|
|win|NotreDamedelaMer
|raw|NotreDamedelaMer's rating: 1316 &rarr; <strong>1331</strong><br />(+15 for winning)
|raw|KenjiShiguma's rating: 1235 &rarr; <strong>1216</strong><br />(-19 for losing)
|l|☆NotreDamedelaMer
|player|p1|
|l|☆KenjiShiguma
|player|p2|
