|j|☆v-class
|j|☆Gasparougue
|t:|1779675562
|gametype|singles
|player|p1|v-class|102|1234
|player|p2|Gasparougue|flint|1172
|gen|9
|tier|[Gen 9] OU
|rated|
|rule|HP Percentage Mod: HP is shown in percentages
|rule|Endless Battle Clause: Forcing endless battles is banned
|rule|Species Clause: Limit one of each Pokémon
|rule|OHKO Clause: OHKO moves are banned
|rule|Evasion Items Clause: Evasion items are banned
|rule|Evasion Moves Clause: Evasion moves are banned
|rule|Evasion Abilities Clause: Evasion abilities are banned
|rule|Sleep Moves Clause: Sleep-inducing moves are banned
|clearpoke
|poke|p1|Dragonite, F|
|poke|p1|Great Tusk|
|poke|p1|Deoxys-Speed|
|poke|p1|Gholdengo|
|poke|p1|Zamazenta-*|
|poke|p1|Iron Valiant|
|poke|p2|Infernape, M|
|poke|p2|Corviknight, M|
|poke|p2|Gardevoir, F|
|poke|p2|Mandibuzz, F|
|poke|p2|Gastrodon-East, F|
|poke|p2|Garchomp, M|
|teampreview
|inactive|Battle timer is ON: inactive players will automatically lose when time's up. (requested by v-class)
|
|t:|1779675576
|teamsize|p1|6
|teamsize|p2|6
|start
|switch|p1a: Deoxys|Deoxys-Speed|100/100
|switch|p2a: Earth King|Gastrodon-East, F|100/100
|-ability|p1a: Deoxys|Pressure
|turn|1
|
|t:|1779675583
|move|p1a: Deoxys|Taunt|p2a: Earth King
|-start|p2a: Earth King|move: Taunt
|move|p2a: Earth King|Ice Beam|p1a: Deoxys
|-damage|p1a: Deoxys|74/100
|-status|p1a: Deoxys|frz
|
|upkeep
|turn|2
|
|t:|1779675591
|cant|p1a: Deoxys|frz
|move|p2a: Earth King|Earth Power|p1a: Deoxys
|-damage|p1a: Deoxys|35/100 frz
|
|upkeep
|turn|3
|
|t:|1779675596
|cant|p1a: Deoxys|frz
|move|p2a: Earth King|Earth Power|p1a: Deoxys
|-damage|p1a: Deoxys|0 fnt
|faint|p1a: Deoxys
|
|-end|p2a: Earth King|move: Taunt
|upkeep
|
|t:|1779675604
|switch|p1a: Dragonite|Dragonite, F|100/100
|turn|4
|
|t:|1779675608
|-terastallize|p1a: Dragonite|Fire
|move|p1a: Dragonite|Dragon Dance|p1a: Dragonite
|-boost|p1a: Dragonite|atk|1
|-boost|p1a: Dragonite|spe|1
|move|p2a: Earth King|Ice Beam|p1a: Dragonite
|-resisted|p1a: Dragonite
|-damage|p1a: Dragonite|95/100
|
|upkeep
|turn|5
|
|t:|1779675619
|move|p1a: Dragonite|Outrage|p2a: Earth King
|-damage|p2a: Earth King|0 fnt
|faint|p2a: Earth King
|-damage|p1a: Dragonite|85/100|[from] item: Life Orb
|
|upkeep
|
|t:|1779675626
|switch|p2a: Kalameet|Garchomp, M|100/100
|turn|6
|
|t:|1779675636
|-terastallize|p2a: Kalameet|Steel
|move|p1a: Dragonite|Outrage|p2a: Kalameet|[from] lockedmove
|-resisted|p2a: Kalameet
|-damage|p2a: Kalameet|32/100
|-damage|p1a: Dragonite|73/100|[from] ability: Rough Skin|[of] p2a: Kalameet
|-damage|p1a: Dragonite|56/100|[from] item: Rocky Helmet|[of] p2a: Kalameet
|-damage|p1a: Dragonite|46/100|[from] item: Life Orb
|-start|p1a: Dragonite|confusion|[fatigue]
|move|p2a: Kalameet|Earthquake|p1a: Dragonite
|-supereffective|p1a: Dragonite
|-damage|p1a: Dragonite|0 fnt
|faint|p1a: Dragonite
|
|upkeep
|
|t:|1779675658
|switch|p1a: Zamazenta|Zamazenta|100/100
|-ability|p1a: Zamazenta|Dauntless Shield|boost
|-boost|p1a: Zamazenta|def|1
|turn|7
|
|t:|1779675664
|move|p1a: Zamazenta|Ice Fang|p2a: Kalameet|[miss]
|-miss|p1a: Zamazenta|p2a: Kalameet
|move|p2a: Kalameet|Earthquake|p1a: Zamazenta
|-damage|p1a: Zamazenta|70/100
|
|upkeep
|turn|8
|
|t:|1779675671
|move|p1a: Zamazenta|Ice Fang|p2a: Kalameet
|-resisted|p2a: Kalameet
|-damage|p2a: Kalameet|17/100
|-damage|p1a: Zamazenta|58/100|[from] ability: Rough Skin|[of] p2a: Kalameet
|-damage|p1a: Zamazenta|41/100|[from] item: Rocky Helmet|[of] p2a: Kalameet
|-damage|p1a: Zamazenta|31/100|[from] item: Life Orb
|cant|p2a: Kalameet|flinch
|
|upkeep
|turn|9
|
|t:|1779675680
|move|p1a: Zamazenta|Crunch|p2a: Kalameet
|-damage|p2a: Kalameet|0 fnt
|-damage|p1a: Zamazenta|19/100|[from] ability: Rough Skin|[of] p2a: Kalameet
|-damage|p1a: Zamazenta|2/100|[from] item: Rocky Helmet|[of] p2a: Kalameet
|faint|p2a: Kalameet
|-damage|p1a: Zamazenta|0 fnt|[from] item: Life Orb
|faint|p1a: Zamazenta
|
|upkeep
|
|t:|1779675692
|switch|p1a: Gholdengo|Gholdengo|100/100
|switch|p2a: Black Knight|Corviknight, M|100/100
|turn|10
|
|t:|1779675697
|move|p1a: Gholdengo|Nasty Plot|p1a: Gholdengo
|-boost|p1a: Gholdengo|spa|2
|move|p2a: Black Knight|Bulk Up|p2a: Black Knight
|-boost|p2a: Black Knight|atk|1
|-boost|p2a: Black Knight|def|1
|
|upkeep
|turn|11
|
|t:|1779675707
|move|p1a: Gholdengo|Nasty Plot|p1a: Gholdengo
|-boost|p1a: Gholdengo|spa|2
|move|p2a: Black Knight|Brave Bird|p1a: Gholdengo
|-resisted|p1a: Gholdengo
|-damage|p1a: Gholdengo|78/100
|-damage|p2a: Black Knight|93/100|[from] Recoil
|
|-heal|p2a: Black Knight|99/100|[from] item: Leftovers
|upkeep
|turn|12
|
|t:|1779675717
|move|p1a: Gholdengo|Shadow Ball|p2a: Black Knight
|-damage|p2a: Black Knight|0 fnt
|faint|p2a: Black Knight
|
|upkeep
|
|t:|1779675721
|switch|p2a: Wukong|Infernape, M|100/100
|turn|13
|
|t:|1779675727
|move|p2a: Wukong|Flare Blitz|p1a: Gholdengo
|-supereffective|p1a: Gholdengo
|-damage|p1a: Gholdengo|0 fnt
|faint|p1a: Gholdengo
|-damage|p2a: Wukong|68/100|[from] Recoil
|
|upkeep
|
|t:|1779675735
|switch|p1a: Iron Valiant|Iron Valiant|100/100
|-enditem|p1a: Iron Valiant|Booster Energy
|-activate|p1a: Iron Valiant|ability: Quark Drive|[fromitem]
|-start|p1a: Iron Valiant|quarkdrivespe
|turn|14
|
|t:|1779675741
|move|p1a: Iron Valiant|Moonblast|p2a: Wukong
|-damage|p2a: Wukong|0 fnt
|faint|p2a: Wukong
|
|upkeep
|
|t:|1779675745
|switch|p2a: Ranni|Gardevoir, F|100/100
|turn|15
|
|t:|1779675759
|move|p1a: Iron Valiant|Destiny Bond|p1a: Iron Valiant
|-singlemove|p1a: Iron Valiant|Destiny Bond
|move|p2a: Ranni|Psychic|p1a: Iron Valiant
|-supereffective|p1a: Iron Valiant
|-damage|p1a: Iron Valiant|0 fnt
|faint|p1a: Iron Valiant
|-activate|p1a: Iron Valiant|move: Destiny Bond
|-end|p1a: Iron Valiant|Quark Drive|[silent]
|faint|p2a: Ranni
|
|upkeep
|
|t:|1779675766
|switch|p1a: Great Tusk|Great Tusk|100/100
|switch|p2a: Mandibuzz|Mandibuzz, F|100/100
|-enditem|p1a: Great Tusk|Booster Energy
|-activate|p1a: Great Tusk|ability: Protosynthesis|[fromitem]
|-start|p1a: Great Tusk|protosynthesisspe
|turn|16
|
|t:|1779675772
|move|p1a: Great Tusk|Bulk Up|p1a: Great Tusk
|-boost|p1a: Great Tusk|atk|1
|-boost|p1a: Great Tusk|def|1
|move|p2a: Mandibuzz|Toxic|p1a: Great Tusk
|-status|p1a: Great Tusk|tox
|
|-damage|p1a: Great Tusk|94/100 tox|[from] psn
|upkeep
|turn|17
|
|t:|1779675780
|move|p1a: Great Tusk|Ice Spinner|p2a: Mandibuzz
|-supereffective|p2a: Mandibuzz
|-damage|p2a: Mandibuzz|63/100
|move|p2a: Mandibuzz|Taunt|p1a: Great Tusk
|-start|p1a: Great Tusk|move: Taunt
|
|-damage|p1a: Great Tusk|82/100 tox|[from] psn
|upkeep
|turn|18
|
|t:|1779675788
|move|p1a: Great Tusk|Ice Spinner|p2a: Mandibuzz
|-supereffective|p2a: Mandibuzz
|-damage|p2a: Mandibuzz|24/100
|move|p2a: Mandibuzz|Roost|p2a: Mandibuzz
|-heal|p2a: Mandibuzz|74/100
|-singleturn|p2a: Mandibuzz|move: Roost
|
|-damage|p1a: Great Tusk|63/100 tox|[from] psn
|upkeep
|turn|19
|
|t:|1779675796
|move|p1a: Great Tusk|Ice Spinner|p2a: Mandibuzz
|-supereffective|p2a: Mandibuzz
|-damage|p2a: Mandibuzz|36/100
|move|p2a: Mandibuzz|Roost|p2a: Mandibuzz
|-heal|p2a: Mandibuzz|86/100
|-singleturn|p2a: Mandibuzz|move: Roost
|
|-damage|p1a: Great Tusk|38/100 tox|[from] psn
|upkeep
|turn|20
|
|t:|1779675804
|move|p1a: Great Tusk|Ice Spinner|p2a: Mandibuzz
|-supereffective|p2a: Mandibuzz
|-damage|p2a: Mandibuzz|43/100
|move|p2a: Mandibuzz|Roost|p2a: Mandibuzz
|-heal|p2a: Mandibuzz|93/100
|-singleturn|p2a: Mandibuzz|move: Roost
|
|-damage|p1a: Great Tusk|7/100 tox|[from] psn
|-end|p1a: Great Tusk|move: Taunt
|upkeep
|turn|21
|-message|v-class forfeited.
|
|win|Gasparougue
|raw|v-class's rating: 1234 &rarr; <strong>1205</strong><br />(-29 for losing)
|raw|Gasparougue's rating: 1172 &rarr; <strong>1201</strong><br />(+29 for winning)
|l|☆v-class
|player|p1|
|l|☆Gasparougue
|player|p2|
