|j|☆Awesomeguy4465
|j|☆Kaos Da Gale
|t:|1779687900
|gametype|singles
|player|p1|Awesomeguy4465|169|1093
|player|p2|Kaos Da Gale|clerk|1111
|gen|9
|tier|[Gen 9] OU
|rated|
|rule|HP Percentage Mod: HP is shown in percentages
|rule|Endless Battle Clause: Forcing endless battles is banned
|rule|Species Clause: Limit one of each Pokémon
|rule|OHKO Clause: OHKO moves are banned
|rule|Evasion Items Clause: Evasion items are banned
|rule|Evasion Moves Clause: Evasion moves are banned
|rule|Evasion Abilities Clause: Evasion abilities are banned
|rule|Sleep Moves Clause: Sleep-inducing moves are banned
|clearpoke
|poke|p1|Latias, F|
|poke|p1|Raging Bolt|
|poke|p1|Tyranitar, F|
|poke|p1|Deoxys-Speed|
|poke|p1|Iron Valiant|
|poke|p1|Heatran, F|
|poke|p2|Hippowdon, M|
|poke|p2|Corviknight, M|
|poke|p2|Scizor, M|
|poke|p2|Excadrill, M|
|poke|p2|Gholdengo|
|poke|p2|Dachsbun, M|
|teampreview
|inactive|Battle timer is ON: inactive players will automatically lose when time's up. (requested by Kaos Da Gale)
|
|t:|1779687926
|teamsize|p1|6
|teamsize|p2|6
|start
|switch|p1a: Tyranitar|Tyranitar, F|100/100
|switch|p2a: Scizor|Scizor, M|100/100
|-weather|Sandstorm|[from] ability: Sand Stream|[of] p1a: Tyranitar
|turn|1
|
|t:|1779687940
|move|p1a: Tyranitar|Dragon Dance|p1a: Tyranitar
|-boost|p1a: Tyranitar|atk|1
|-boost|p1a: Tyranitar|spe|1
|move|p2a: Scizor|Swords Dance|p2a: Scizor
|-boost|p2a: Scizor|atk|2
|
|-weather|Sandstorm|[upkeep]
|upkeep
|turn|2
|
|t:|1779687949
|move|p1a: Tyranitar|Earthquake|p2a: Scizor
|-damage|p2a: Scizor|39/100
|move|p2a: Scizor|Trailblaze|p1a: Tyranitar
|-supereffective|p1a: Tyranitar
|-enditem|p1a: Tyranitar|Focus Sash
|-damage|p1a: Tyranitar|1/100
|-boost|p2a: Scizor|spe|1
|
|-weather|Sandstorm|[upkeep]
|-heal|p2a: Scizor|45/100|[from] item: Leftovers
|upkeep
|turn|3
|
|t:|1779687959
|move|p2a: Scizor|Bullet Punch|p1a: Tyranitar
|-supereffective|p1a: Tyranitar
|-damage|p1a: Tyranitar|0 fnt
|faint|p1a: Tyranitar
|
|-weather|Sandstorm|[upkeep]
|-heal|p2a: Scizor|51/100|[from] item: Leftovers
|upkeep
|
|t:|1779687981
|switch|p1a: Heatran|Heatran, F|100/100
|-item|p1a: Heatran|Air Balloon
|turn|4
|
|t:|1779687990
|switch|p2a: Buñuelo|Dachsbun, M|100/100
|move|p1a: Heatran|Flamethrower|p2a: Buñuelo
|-ability|p2a: Buñuelo|Well-Baked Body|boost
|-boost|p2a: Buñuelo|def|2
|
|-weather|Sandstorm|[upkeep]
|upkeep
|turn|5
|
|t:|1779688004
|-terastallize|p1a: Heatran|Ground
|move|p2a: Buñuelo|Body Press|p1a: Heatran
|-damage|p1a: Heatran|66/100
|-enditem|p1a: Heatran|Air Balloon
|move|p1a: Heatran|Earthquake|p2a: Buñuelo
|-damage|p2a: Buñuelo|82/100
|
|-weather|none
|upkeep
|turn|6
|inactive|Awesomeguy4465 has 120 seconds left.
|-message|Awesomeguy4465 forfeited.
|
|win|Kaos Da Gale
|raw|Awesomeguy4465's rating: 1093 &rarr; <strong>1070</strong><br />(-23 for losing)
|raw|Kaos Da Gale's rating: 1111 &rarr; <strong>1135</strong><br />(+24 for winning)
|l|☆Awesomeguy4465
|player|p1|
|l|☆Kaos Da Gale
|player|p2|
