|j|☆Gunkip
|j|☆BROOMX4
|inactive|Battle timer is ON: inactive players will automatically lose when time's up.
|t:|1779692009
|gametype|singles
|player|p1|Gunkip|misty|
|player|p2|BROOMX4|steven|
|gen|9
|tier|[Gen 9] OU
|rated|Tournament battle
|rule|HP Percentage Mod: HP is shown in percentages
|rule|Endless Battle Clause: Forcing endless battles is banned
|rule|Species Clause: Limit one of each Pokémon
|rule|OHKO Clause: OHKO moves are banned
|rule|Evasion Items Clause: Evasion items are banned
|rule|Evasion Moves Clause: Evasion moves are banned
|rule|Evasion Abilities Clause: Evasion abilities are banned
|rule|Sleep Moves Clause: Sleep-inducing moves are banned
|raw|<div class="infobox"><details class="readmore" open><summary><strong>1 custom rule:</strong></summary> +Iron Bundle</details></div>
|clearpoke
|poke|p1|Samurott-Hisui, F|
|poke|p1|Dragonite, F|
|poke|p1|Kingambit, M|
|poke|p1|Iron Moth|
|poke|p1|Iron Valiant|
|poke|p1|Moltres-Galar|
|poke|p2|Iron Bundle|
|poke|p2|Slowking-Galar, M|
|poke|p2|Hatterene, F|
|poke|p2|Moltres|
|poke|p2|Great Tusk|
|poke|p2|Tyranitar, F|
|teampreview
|inactive|BROOMX4 also wants the timer to be on.
|c|☆BROOMX4|hf
|j| Clawzzzz
|c|☆Gunkip|feels the bundle
|c|☆Gunkip|hf
|j| SuperScaryMonsters
|j| ANGEL ENGINE
|j| OUZQ Crocodile
|c| Clawzzzz|Hf hf
|j| heatraniac
|
|t:|1779692028
|teamsize|p1|6
|teamsize|p2|6
|start
|switch|p1a: Samurott|Samurott-Hisui, F|100/100
|switch|p2a: Iron Bundle|Iron Bundle|100/100
|turn|1
|l| ANGEL ENGINE
|
|t:|1779692031
|move|p2a: Iron Bundle|Flip Turn|p1a: Samurott
|-resisted|p1a: Samurott
|-damage|p1a: Samurott|91/100
|
|t:|1779692036
|-end|p2a: Iron Bundle|Quark Drive|[silent]
|switch|p2a: Hatterene|Hatterene, F|100/100|[from] Flip Turn
|move|p1a: Samurott|Ceaseless Edge|p2a: Hatterene
|-damage|p2a: Hatterene|63/100
|-sidestart|p2: BROOMX4|Spikes
|-enditem|p2a: Hatterene|Eject Button
|
|t:|1779692039
|switch|p2a: Great Tusk|Great Tusk|100/100
|-damage|p2a: Great Tusk|88/100|[from] Spikes
|
|upkeep
|turn|2
|
|t:|1779692043
|move|p2a: Great Tusk|Close Combat|p1a: Samurott
|-supereffective|p1a: Samurott
|-damage|p1a: Samurott|0 fnt
|-unboost|p2a: Great Tusk|def|1
|-unboost|p2a: Great Tusk|spd|1
|faint|p1a: Samurott
|
|upkeep
|j| CloudyEJ
|
|t:|1779692047
|switch|p1a: Iron Valiant|Iron Valiant|100/100
|-enditem|p1a: Iron Valiant|Booster Energy
|-activate|p1a: Iron Valiant|ability: Quark Drive|[fromitem]
|-start|p1a: Iron Valiant|quarkdrivespe
|turn|3
|c| Clawzzzz|Go misty
|
|t:|1779692054
|-end|p2a: Great Tusk|Protosynthesis|[silent]
|switch|p2a: Slowking|Slowking-Galar, M|100/100
|move|p1a: Iron Valiant|Knock Off|p2a: Slowking
|-supereffective|p2a: Slowking
|-damage|p2a: Slowking|56/100
|-enditem|p2a: Slowking|Heavy-Duty Boots|[from] move: Knock Off|[of] p1a: Iron Valiant
|
|upkeep
|turn|4
|j| scorpion257
|l| Clawzzzz
|j| alxiz⏣⏑⏣
|l| alxiz⏣⏑⏣
|
|t:|1779692064
|move|p1a: Iron Valiant|Knock Off|p2a: Slowking
|-supereffective|p2a: Slowking
|-damage|p2a: Slowking|25/100
|move|p2a: Slowking|Sludge Bomb|p1a: Iron Valiant
|-supereffective|p1a: Iron Valiant
|-damage|p1a: Iron Valiant|0 fnt
|faint|p1a: Iron Valiant
|-end|p1a: Iron Valiant|Quark Drive|[silent]
|
|upkeep
|
|t:|1779692081
|switch|p1a: Kingambit|Kingambit, M|100/100
|-activate|p1a: Kingambit|ability: Supreme Overlord
|-start|p1a: Kingambit|fallen2|[silent]
|-item|p1a: Kingambit|Air Balloon
|turn|5
|
|t:|1779692084
|switch|p2a: Moltres|Moltres|100/100
|move|p1a: Kingambit|Iron Head|p2a: Moltres
|-resisted|p2a: Moltres
|-damage|p2a: Moltres|81/100
|
|upkeep
|turn|6
|
|t:|1779692087
|-end|p1a: Kingambit|fallen2|[silent]
|switch|p1a: Moltres|Moltres-Galar|100/100
|move|p2a: Moltres|Flamethrower|p1a: Moltres
|-damage|p1a: Moltres|67/100
|
|upkeep
|turn|7
|
|t:|1779692100
|switch|p2a: Tyranitar|Tyranitar, F|100/100
|-damage|p2a: Tyranitar|88/100|[from] Spikes
|-weather|Sandstorm|[from] ability: Sand Stream|[of] p2a: Tyranitar
|move|p1a: Moltres|Agility|p1a: Moltres
|-boost|p1a: Moltres|spe|2
|
|-weather|Sandstorm|[upkeep]
|-damage|p1a: Moltres|61/100|[from] Sandstorm
|upkeep
|turn|8
|
|t:|1779692117
|move|p1a: Moltres|Fiery Wrath|p2a: Tyranitar
|-resisted|p2a: Tyranitar
|-crit|p2a: Tyranitar
|-damage|p2a: Tyranitar|79/100
|move|p2a: Tyranitar|Stone Edge|p1a: Moltres
|-supereffective|p1a: Moltres
|-damage|p1a: Moltres|0 fnt
|faint|p1a: Moltres
|
|-weather|Sandstorm|[upkeep]
|upkeep
|
|t:|1779692135
|switch|p1a: Kingambit|Kingambit, M|100/100
|-activate|p1a: Kingambit|ability: Supreme Overlord
|-start|p1a: Kingambit|fallen3|[silent]
|-item|p1a: Kingambit|Air Balloon
|turn|9
|j| the man245
|
|t:|1779692148
|-end|p1a: Kingambit|fallen3|[silent]
|switch|p1a: Iron Moth|Iron Moth|100/100
|-enditem|p1a: Iron Moth|Booster Energy
|-activate|p1a: Iron Moth|ability: Quark Drive|[fromitem]
|-start|p1a: Iron Moth|quarkdrivespe
|switch|p2a: Great Tusk|Great Tusk|88/100
|-damage|p2a: Great Tusk|76/100|[from] Spikes
|
|-weather|Sandstorm|[upkeep]
|-damage|p1a: Iron Moth|95/100|[from] Sandstorm
|upkeep
|turn|10
|j| liptight
|c| SuperScaryMonsters|Outcome looks bleak...
|inactive|Gunkip has 120 seconds left.
|j| MEMEtEam AbuSeR
|c| MEMEtEam AbuSeR|oh no...
|c|☆Gunkip|feels the calc
|inactive|Gunkip has 90 seconds left.
|c| MEMEtEam AbuSeR|this looks tragic
|l| heatraniac
|
|t:|1779692209
|-end|p2a: Great Tusk|Protosynthesis|[silent]
|switch|p2a: Tyranitar|Tyranitar, F|79/100
|-damage|p2a: Tyranitar|67/100|[from] Spikes
|move|p1a: Iron Moth|Psychic|p2a: Tyranitar
|-immune|p2a: Tyranitar
|
|-weather|Sandstorm|[upkeep]
|-damage|p1a: Iron Moth|89/100|[from] Sandstorm
|upkeep
|turn|11
|c|☆Gunkip|ough
|
|t:|1779692217
|-terastallize|p1a: Iron Moth|Fairy
|move|p1a: Iron Moth|Dazzling Gleam|p2a: Tyranitar
|-supereffective|p2a: Tyranitar
|-damage|p2a: Tyranitar|44/100
|move|p2a: Tyranitar|Knock Off|p1a: Iron Moth
|-resisted|p1a: Iron Moth
|-damage|p1a: Iron Moth|67/100
|
|-weather|none
|upkeep
|turn|12
|
|t:|1779692233
|switch|p2a: Hatterene|Hatterene, F|63/100
|-damage|p2a: Hatterene|50/100|[from] Spikes
|move|p1a: Iron Moth|Fiery Dance|p2a: Hatterene
|-damage|p2a: Hatterene|9/100
|
|upkeep
|turn|13
|
|t:|1779692235
|move|p1a: Iron Moth|Fiery Dance|p2a: Hatterene
|-damage|p2a: Hatterene|0 fnt
|faint|p2a: Hatterene
|
|upkeep
|
|t:|1779692237
|switch|p2a: Tyranitar|Tyranitar, F|44/100
|-damage|p2a: Tyranitar|32/100|[from] Spikes
|-weather|Sandstorm|[from] ability: Sand Stream|[of] p2a: Tyranitar
|turn|14
|c|☆Gunkip|i needed a boost there
|c|☆Gunkip|sobv
|inactive|Gunkip has 90 seconds left.
|
|t:|1779692266
|move|p1a: Iron Moth|Dazzling Gleam|p2a: Tyranitar
|-supereffective|p2a: Tyranitar
|-damage|p2a: Tyranitar|9/100
|move|p2a: Tyranitar|Stone Edge|p1a: Iron Moth
|-damage|p1a: Iron Moth|5/100
|
|-weather|Sandstorm|[upkeep]
|-damage|p1a: Iron Moth|0 fnt|[from] Sandstorm
|faint|p1a: Iron Moth
|-end|p1a: Iron Moth|Quark Drive|[silent]
|upkeep
|
|t:|1779692276
|switch|p1a: Kingambit|Kingambit, M|100/100
|-activate|p1a: Kingambit|ability: Supreme Overlord
|-start|p1a: Kingambit|fallen4|[silent]
|-item|p1a: Kingambit|Air Balloon
|turn|15
|
|t:|1779692279
|move|p1a: Kingambit|Swords Dance|p1a: Kingambit
|-boost|p1a: Kingambit|atk|2
|move|p2a: Tyranitar|Fire Blast|p1a: Kingambit
|-supereffective|p1a: Kingambit
|-damage|p1a: Kingambit|49/100
|-enditem|p1a: Kingambit|Air Balloon
|
|-weather|Sandstorm|[upkeep]
|upkeep
|turn|16
|
|t:|1779692285
|move|p1a: Kingambit|Iron Head|p2a: Tyranitar
|-supereffective|p2a: Tyranitar
|-damage|p2a: Tyranitar|0 fnt
|faint|p2a: Tyranitar
|
|-weather|Sandstorm|[upkeep]
|upkeep
|l| the man245
|
|t:|1779692290
|switch|p2a: Great Tusk|Great Tusk|76/100
|-damage|p2a: Great Tusk|63/100|[from] Spikes
|turn|17
|
|t:|1779692296
|move|p1a: Kingambit|Sucker Punch|p2a: Great Tusk
|-resisted|p2a: Great Tusk
|-damage|p2a: Great Tusk|19/100
|move|p2a: Great Tusk|Close Combat|p1a: Kingambit
|-supereffective|p1a: Kingambit
|-damage|p1a: Kingambit|0 fnt
|-unboost|p2a: Great Tusk|def|1
|-unboost|p2a: Great Tusk|spd|1
|faint|p1a: Kingambit
|-end|p1a: Kingambit|fallen4|[silent]
|
|-weather|Sandstorm|[upkeep]
|upkeep
|
|t:|1779692297
|switch|p1a: Dragonite|Dragonite, F|100/100
|turn|18
|
|t:|1779692301
|-end|p2a: Great Tusk|Protosynthesis|[silent]
|switch|p2a: Moltres|Moltres|81/100
|move|p1a: Dragonite|Dragon Dance|p1a: Dragonite
|-boost|p1a: Dragonite|atk|1
|-boost|p1a: Dragonite|spe|1
|
|-weather|none
|upkeep
|turn|19
|
|t:|1779692305
|move|p1a: Dragonite|Outrage|p2a: Moltres
|-damage|p2a: Moltres|14/100
|move|p2a: Moltres|Flamethrower|p1a: Dragonite
|-resisted|p1a: Dragonite
|-damage|p1a: Dragonite|91/100
|
|upkeep
|turn|20
|
|t:|1779692315
|-terastallize|p2a: Moltres|Fairy
|move|p1a: Dragonite|Outrage|p2a: Moltres|[from] lockedmove
|-immune|p2a: Moltres
|-start|p1a: Dragonite|confusion|[fatigue]
|move|p2a: Moltres|Roost|p2a: Moltres
|-heal|p2a: Moltres|64/100
|
|upkeep
|turn|21
|c| SuperScaryMonsters|I believe in you, Dragonite...
|j| RedemptiveSketch
|
|t:|1779692320
|-activate|p1a: Dragonite|confusion
|move|p1a: Dragonite|Dragon Dance|p1a: Dragonite
|-boost|p1a: Dragonite|atk|1
|-boost|p1a: Dragonite|spe|1
|move|p2a: Moltres|Roost|p2a: Moltres
|-heal|p2a: Moltres|100/100
|
|upkeep
|turn|22
|j| cloud and storm
|
|t:|1779692331
|-end|p1a: Dragonite|confusion
|move|p1a: Dragonite|Earthquake|p2a: Moltres
|-damage|p2a: Moltres|51/100
|move|p2a: Moltres|Flamethrower|p1a: Dragonite
|-resisted|p1a: Dragonite
|-damage|p1a: Dragonite|72/100
|
|upkeep
|turn|23
|
|t:|1779692337
|move|p1a: Dragonite|Earthquake|p2a: Moltres
|-damage|p2a: Moltres|0 fnt
|faint|p2a: Moltres
|
|upkeep
|c|☆Gunkip|feels the aura
|
|t:|1779692347
|switch|p2a: Iron Bundle|Iron Bundle|100/100
|-damage|p2a: Iron Bundle|88/100|[from] Spikes
|turn|24
|c|☆Gunkip|no way scarf right chat
|
|t:|1779692362
|move|p1a: Dragonite|Outrage|p2a: Iron Bundle
|-damage|p2a: Iron Bundle|0 fnt
|faint|p2a: Iron Bundle
|-end|p2a: Iron Bundle|Quark Drive|[silent]
|
|upkeep
|c|☆BROOMX4|gg
|
|t:|1779692368
|switch|p2a: Slowking|Slowking-Galar, M|59/100
|-damage|p2a: Slowking|46/100|[from] Spikes
|turn|25
|c|☆Gunkip|watch me get confused and hit myself then get spinnered
|
|t:|1779692381
|switch|p2a: Great Tusk|Great Tusk|19/100
|-damage|p2a: Great Tusk|6/100|[from] Spikes
|move|p1a: Dragonite|Outrage|p2a: Great Tusk|[from] lockedmove
|-damage|p2a: Great Tusk|0 fnt
|faint|p2a: Great Tusk
|-end|p2a: Great Tusk|Protosynthesis|[silent]
|
|upkeep
|
|t:|1779692383
|switch|p2a: Slowking|Slowking-Galar, M|79/100
|-damage|p2a: Slowking|67/100|[from] Spikes
|turn|26
|c|☆Gunkip|o nvm
|
|t:|1779692387
|move|p1a: Dragonite|Outrage|p2a: Slowking|[from] lockedmove
|-damage|p2a: Slowking|0 fnt
|faint|p2a: Slowking
|-start|p1a: Dragonite|confusion|[fatigue]
|
|win|Gunkip
|n|☆Gunkip|gunkip
|n|☆BROOMX4|broomx4
|n| SuperScaryMonsters|superscarymonsters
|n| OUZQ Crocodile|ouzqcrocodile
|n| CloudyEJ|cloudyej
|n| scorpion257|scorpion257
|n| liptight|liptight
|n| MEMEtEam AbuSeR|memeteamabuser
|n| RedemptiveSketch|redemptivesketch
|n| cloud and storm|cloudandstorm
|c|☆BROOMX4|no spinner anyway
|c|☆Gunkip|gg wp
|c|☆BROOMX4|gg
|l|☆BROOMX4
|player|p2|
|l| OUZQ Crocodile
|c| SuperScaryMonsters|yay!
|l| SuperScaryMonsters
|l| RedemptiveSketch
|l|☆Gunkip
|player|p1|
|l| CloudyEJ
|l| scorpion257
|j|☆Gunkip
|player|p1|Gunkip|misty|
