|inactive|Battle timer is ON: inactive players will automatically lose when time's up.
|t:|1779567205
|gametype|singles
|player|p1|Lime|#scl4machines2|
|player|p2|IMMAAXX|pokekid|
|gen|9
|tier|[Gen 9] OU
|rule|HP Percentage Mod: HP is shown in percentages
|rule|Endless Battle Clause: Forcing endless battles is banned
|rule|Species Clause: Limit one of each Pokémon
|rule|OHKO Clause: OHKO moves are banned
|rule|Evasion Items Clause: Evasion items are banned
|rule|Evasion Moves Clause: Evasion moves are banned
|rule|Evasion Abilities Clause: Evasion abilities are banned
|rule|Sleep Moves Clause: Sleep-inducing moves are banned
|clearpoke
|poke|p1|Ogerpon-Wellspring, F|
|poke|p1|Iron Treads|
|poke|p1|Garganacl, M|
|poke|p1|Moltres|
|poke|p1|Zamazenta-*|
|poke|p1|Kingambit, M|
|poke|p2|Tinkaton, F|
|poke|p2|Sinistcha|
|poke|p2|Samurott-Hisui, F|
|poke|p2|Zamazenta-*|
|poke|p2|Gliscor, F|
|poke|p2|Moltres|
|teampreview
|c|☆IMMAAXX|hf
|c|☆Lime|have fun
|
|t:|1779567221
|teamsize|p1|6
|teamsize|p2|6
|start
|switch|p1a: Ogerpon|Ogerpon-Wellspring, F|100/100
|switch|p2a: Tinkaton|Tinkaton, F|100/100
|-ability|p2a: Tinkaton|Mold Breaker
|-item|p2a: Tinkaton|Air Balloon
|turn|1
|
|t:|1779567231
|move|p1a: Ogerpon|U-turn|p2a: Tinkaton
|-resisted|p2a: Tinkaton
|-damage|p2a: Tinkaton|92/100
|-enditem|p2a: Tinkaton|Air Balloon
|
|t:|1779567234
|switch|p1a: Iron Treads|Iron Treads|100/100|[from] U-turn
|move|p2a: Tinkaton|Thunder Wave|p1a: Iron Treads
|-immune|p1a: Iron Treads
|
|upkeep
|turn|2
|
|t:|1779567238
|-end|p1a: Iron Treads|Quark Drive|[silent]
|switch|p1a: Ogerpon|Ogerpon-Wellspring, F|100/100
|move|p2a: Tinkaton|Stealth Rock|p1a: Ogerpon
|-sidestart|p1: Lime|move: Stealth Rock
|
|upkeep
|turn|3
|
|t:|1779567243
|move|p1a: Ogerpon|U-turn|p2a: Tinkaton
|-resisted|p2a: Tinkaton
|-damage|p2a: Tinkaton|85/100
|
|t:|1779567245
|switch|p1a: Iron Treads|Iron Treads|100/100|[from] U-turn
|-damage|p1a: Iron Treads|97/100|[from] Stealth Rock
|move|p2a: Tinkaton|Thunder Wave|p1a: Iron Treads
|-immune|p1a: Iron Treads
|
|-heal|p1a: Iron Treads|100/100|[from] item: Leftovers
|upkeep
|turn|4
|
|t:|1779567271
|switch|p2a: Sinistcha|Sinistcha|100/100
|move|p1a: Iron Treads|Earthquake|p2a: Sinistcha
|-resisted|p2a: Sinistcha
|-damage|p2a: Sinistcha|85/100
|
|upkeep
|turn|5
|
|t:|1779567278
|move|p1a: Iron Treads|Knock Off|p2a: Sinistcha
|-supereffective|p2a: Sinistcha
|-damage|p2a: Sinistcha|47/100
|-enditem|p2a: Sinistcha|Heavy-Duty Boots|[from] move: Knock Off|[of] p1a: Iron Treads
|move|p2a: Sinistcha|Matcha Gotcha|p1a: Iron Treads
|-damage|p1a: Iron Treads|67/100
|-heal|p2a: Sinistcha|63/100|[from] drain|[of] p1a: Iron Treads
|-status|p1a: Iron Treads|brn
|
|-heal|p1a: Iron Treads|73/100 brn|[from] item: Leftovers
|-damage|p1a: Iron Treads|67/100 brn|[from] brn
|upkeep
|turn|6
|
|t:|1779567290
|-end|p1a: Iron Treads|Quark Drive|[silent]
|switch|p1a: Moltres|Moltres|100/100
|move|p2a: Sinistcha|Strength Sap|p1a: Moltres
|-unboost|p1a: Moltres|atk|1
|-heal|p2a: Sinistcha|100/100
|
|upkeep
|turn|7
|inactive|IMMAAXX has 270 seconds left.
|
|t:|1779567326
|switch|p2a: Moltres|Moltres|100/100
|move|p1a: Moltres|Flamethrower|p2a: Moltres
|-resisted|p2a: Moltres
|-damage|p2a: Moltres|80/100
|
|upkeep
|turn|8
|inactive|IMMAAXX has 270 seconds left.
|
|t:|1779567332
|move|p1a: Moltres|Flamethrower|p2a: Moltres
|-resisted|p2a: Moltres
|-damage|p2a: Moltres|61/100
|move|p2a: Moltres|U-turn|p1a: Moltres
|-resisted|p1a: Moltres
|-damage|p1a: Moltres|98/100
|
|t:|1779567337
|switch|p2a: Gliscor|Gliscor, F|100/100|[from] U-turn
|
|-status|p2a: Gliscor|tox|[from] item: Toxic Orb
|upkeep
|turn|9
|
|t:|1779567347
|switch|p1a: Ogerpon|Ogerpon-Wellspring, F|100/100
|-damage|p1a: Ogerpon|88/100|[from] Stealth Rock
|move|p2a: Gliscor|Toxic|p1a: Ogerpon
|-status|p1a: Ogerpon|tox
|
|-damage|p1a: Ogerpon|82/100 tox|[from] psn
|upkeep
|turn|10
|
|t:|1779567353
|switch|p2a: Sinistcha|Sinistcha|100/100
|move|p1a: Ogerpon|Spikes|p2a: Sinistcha
|-sidestart|p2: IMMAAXX|Spikes
|
|-damage|p1a: Ogerpon|70/100 tox|[from] psn
|upkeep
|turn|11
|
|t:|1779567360
|move|p1a: Ogerpon|U-turn|p2a: Sinistcha
|-damage|p2a: Sinistcha|82/100
|
|t:|1779567362
|switch|p1a: Moltres|Moltres|98/100|[from] U-turn
|move|p2a: Sinistcha|Calm Mind|p2a: Sinistcha
|-boost|p2a: Sinistcha|spa|1
|-boost|p2a: Sinistcha|spd|1
|
|upkeep
|turn|12
|
|t:|1779567366
|move|p1a: Moltres|Flamethrower|p2a: Sinistcha
|-supereffective|p2a: Sinistcha
|-damage|p2a: Sinistcha|49/100
|move|p2a: Sinistcha|Shadow Ball|p1a: Moltres
|-damage|p1a: Moltres|51/100
|-unboost|p1a: Moltres|spd|1
|
|upkeep
|turn|13
|
|t:|1779567372
|move|p1a: Moltres|Flamethrower|p2a: Sinistcha
|-supereffective|p2a: Sinistcha
|-damage|p2a: Sinistcha|18/100
|move|p2a: Sinistcha|Strength Sap|p1a: Moltres
|-unboost|p1a: Moltres|atk|1
|-heal|p2a: Sinistcha|71/100
|
|upkeep
|turn|14
|
|t:|1779567377
|switch|p1a: Kingambit|Kingambit, M|100/100
|-damage|p1a: Kingambit|94/100|[from] Stealth Rock
|move|p2a: Sinistcha|Shadow Ball|p1a: Kingambit
|-resisted|p1a: Kingambit
|-damage|p1a: Kingambit|70/100
|
|-heal|p1a: Kingambit|76/100|[from] item: Leftovers
|upkeep
|turn|15
|inactive|IMMAAXX has 270 seconds left.
|
|t:|1779567423
|switch|p2a: Moltres|Moltres|61/100
|move|p1a: Kingambit|Kowtow Cleave|p2a: Moltres
|-damage|p2a: Moltres|28/100
|
|-heal|p1a: Kingambit|82/100|[from] item: Leftovers
|upkeep
|turn|16
|
|t:|1779567427
|-end|p1a: Kingambit|fallenundefined|[silent]
|switch|p1a: Garganacl|Garganacl, M|100/100
|-damage|p1a: Garganacl|88/100|[from] Stealth Rock
|move|p2a: Moltres|Roost|p2a: Moltres
|-heal|p2a: Moltres|78/100
|-singleturn|p2a: Moltres|move: Roost
|
|-heal|p1a: Garganacl|94/100|[from] item: Leftovers
|upkeep
|turn|17
|inactive|IMMAAXX has 270 seconds left.
|
|t:|1779567435
|switch|p2a: Gliscor|Gliscor, F|100/100 tox
|move|p1a: Garganacl|Stealth Rock|p2a: Gliscor
|-sidestart|p2: IMMAAXX|move: Stealth Rock
|
|-heal|p1a: Garganacl|100/100|[from] item: Leftovers
|upkeep
|turn|18
|
|t:|1779567441
|switch|p1a: Ogerpon|Ogerpon-Wellspring, F|70/100 tox
|-damage|p1a: Ogerpon|58/100 tox|[from] Stealth Rock
|move|p2a: Gliscor|Knock Off|p1a: Ogerpon
|-damage|p1a: Ogerpon|39/100 tox
|
|-damage|p1a: Ogerpon|33/100 tox|[from] psn
|upkeep
|turn|19
|
|t:|1779567450
|move|p1a: Ogerpon|Synthesis|p1a: Ogerpon
|-heal|p1a: Ogerpon|83/100 tox
|move|p2a: Gliscor|Earthquake|p1a: Ogerpon
|-resisted|p1a: Ogerpon
|-damage|p1a: Ogerpon|62/100 tox
|
|-damage|p1a: Ogerpon|50/100 tox|[from] psn
|upkeep
|turn|20
|
|t:|1779567455
|move|p2a: Gliscor|Protect|p2a: Gliscor
|-singleturn|p2a: Gliscor|Protect
|move|p1a: Ogerpon|Ivy Cudgel|p2a: Gliscor|[anim] Ivy Cudgel Water
|-activate|p2a: Gliscor|move: Protect
|
|-damage|p1a: Ogerpon|32/100 tox|[from] psn
|upkeep
|turn|21
|
|t:|1779567460
|move|p1a: Ogerpon|Synthesis|p1a: Ogerpon
|-heal|p1a: Ogerpon|82/100 tox
|move|p2a: Gliscor|Earthquake|p1a: Ogerpon
|-resisted|p1a: Ogerpon
|-damage|p1a: Ogerpon|59/100 tox
|
|-damage|p1a: Ogerpon|35/100 tox|[from] psn
|upkeep
|turn|22
|
|t:|1779567471
|move|p1a: Ogerpon|Ivy Cudgel|p2a: Gliscor|[anim] Ivy Cudgel Water
|-supereffective|p2a: Gliscor
|-damage|p2a: Gliscor|15/100 tox
|move|p2a: Gliscor|Earthquake|p1a: Ogerpon
|-resisted|p1a: Ogerpon
|-damage|p1a: Ogerpon|14/100 tox
|
|-damage|p1a: Ogerpon|0 fnt|[from] psn
|faint|p1a: Ogerpon
|-heal|p2a: Gliscor|28/100 tox|[from] ability: Poison Heal
|upkeep
|
|t:|1779567478
|switch|p1a: Moltres|Moltres|51/100
|turn|23
|
|t:|1779567483
|move|p2a: Gliscor|Protect|p2a: Gliscor
|-singleturn|p2a: Gliscor|Protect
|move|p1a: Moltres|Roost|p1a: Moltres
|-heal|p1a: Moltres|100/100
|-singleturn|p1a: Moltres|move: Roost
|
|-heal|p2a: Gliscor|40/100 tox|[from] ability: Poison Heal
|upkeep
|turn|24
|
|t:|1779567486
|move|p2a: Gliscor|Toxic|p1a: Moltres
|-status|p1a: Moltres|tox
|move|p1a: Moltres|Flamethrower|p2a: Gliscor
|-damage|p2a: Gliscor|7/100 tox
|
|-heal|p2a: Gliscor|20/100 tox|[from] ability: Poison Heal
|-damage|p1a: Moltres|94/100 tox|[from] psn
|upkeep
|turn|25
|
|t:|1779567491
|move|p2a: Gliscor|Protect|p2a: Gliscor
|-singleturn|p2a: Gliscor|Protect
|move|p1a: Moltres|Roar|p2a: Gliscor
|drag|p2a: Sinistcha|Sinistcha|71/100
|-damage|p2a: Sinistcha|59/100|[from] Spikes
|-damage|p2a: Sinistcha|46/100|[from] Stealth Rock
|
|-damage|p1a: Moltres|82/100 tox|[from] psn
|upkeep
|turn|26
|
|t:|1779567506
|move|p1a: Moltres|Flamethrower|p2a: Sinistcha
|-supereffective|p2a: Sinistcha
|-damage|p2a: Sinistcha|5/100
|move|p2a: Sinistcha|Strength Sap|p1a: Moltres
|-unboost|p1a: Moltres|atk|1
|-heal|p2a: Sinistcha|59/100
|
|-damage|p1a: Moltres|64/100 tox|[from] psn
|upkeep
|turn|27
|
|t:|1779567511
|switch|p2a: Samurott|Samurott-Hisui, F|100/100
|move|p1a: Moltres|Flamethrower|p2a: Samurott
|-resisted|p2a: Samurott
|-damage|p2a: Samurott|74/100
|
|-damage|p1a: Moltres|40/100 tox|[from] psn
|upkeep
|turn|28
|
|t:|1779567518
|move|p2a: Samurott|Ceaseless Edge|p1a: Moltres
|-damage|p1a: Moltres|9/100 tox
|-status|p2a: Samurott|brn|[from] ability: Flame Body|[of] p1a: Moltres
|-sidestart|p1: Lime|Spikes
|move|p1a: Moltres|Will-O-Wisp|p2a: Samurott
|-fail|p2a: Samurott|brn
|
|-damage|p1a: Moltres|0 fnt|[from] psn
|faint|p1a: Moltres
|-damage|p2a: Samurott|68/100 brn|[from] brn
|upkeep
|
|t:|1779567526
|switch|p1a: Iron Treads|Iron Treads|67/100 brn
|-damage|p1a: Iron Treads|64/100 brn|[from] Stealth Rock
|-damage|p1a: Iron Treads|51/100 brn|[from] Spikes
|turn|29
|
|t:|1779567538
|switch|p2a: Sinistcha|Sinistcha|59/100
|-damage|p2a: Sinistcha|46/100|[from] Spikes
|-damage|p2a: Sinistcha|34/100|[from] Stealth Rock
|move|p1a: Iron Treads|Ice Spinner|p2a: Sinistcha
|-supereffective|p2a: Sinistcha
|-damage|p2a: Sinistcha|19/100
|
|-heal|p1a: Iron Treads|58/100 brn|[from] item: Leftovers
|-damage|p1a: Iron Treads|51/100 brn|[from] brn
|upkeep
|turn|30
|
|t:|1779567543
|move|p1a: Iron Treads|Ice Spinner|p2a: Sinistcha
|-supereffective|p2a: Sinistcha
|-damage|p2a: Sinistcha|3/100
|move|p2a: Sinistcha|Strength Sap|p1a: Iron Treads
|-unboost|p1a: Iron Treads|atk|1
|-heal|p2a: Sinistcha|86/100
|
|-heal|p1a: Iron Treads|58/100 brn|[from] item: Leftovers
|-damage|p1a: Iron Treads|51/100 brn|[from] brn
|upkeep
|turn|31
|
|t:|1779567548
|-end|p1a: Iron Treads|Quark Drive|[silent]
|switch|p1a: Kingambit|Kingambit, M|82/100
|-damage|p1a: Kingambit|76/100|[from] Stealth Rock
|-damage|p1a: Kingambit|64/100|[from] Spikes
|-activate|p1a: Kingambit|ability: Supreme Overlord
|-start|p1a: Kingambit|fallen2|[silent]
|move|p2a: Sinistcha|Matcha Gotcha|p1a: Kingambit
|-resisted|p1a: Kingambit
|-damage|p1a: Kingambit|46/100
|-heal|p2a: Sinistcha|96/100|[from] drain|[of] p1a: Kingambit
|
|-heal|p1a: Kingambit|52/100|[from] item: Leftovers
|upkeep
|turn|32
|
|t:|1779567552
|switch|p2a: Moltres|Moltres|78/100
|-end|p1a: Kingambit|fallen2|[silent]
|switch|p1a: Garganacl|Garganacl, M|100/100
|-damage|p1a: Garganacl|88/100|[from] Stealth Rock
|-damage|p1a: Garganacl|76/100|[from] Spikes
|
|-heal|p1a: Garganacl|82/100|[from] item: Leftovers
|upkeep
|turn|33
|
|t:|1779567557
|switch|p2a: Samurott|Samurott-Hisui, F|68/100 brn
|move|p1a: Garganacl|Salt Cure|p2a: Samurott
|-damage|p2a: Samurott|51/100 brn
|-start|p2a: Samurott|Salt Cure
|
|-heal|p1a: Garganacl|88/100|[from] item: Leftovers
|-damage|p2a: Samurott|45/100 brn|[from] brn
|-damage|p2a: Samurott|20/100 brn|[from] Salt Cure
|upkeep
|turn|34
|
|t:|1779567562
|move|p1a: Garganacl|Protect|p1a: Garganacl
|-singleturn|p1a: Garganacl|Protect
|move|p2a: Samurott|Knock Off|p1a: Garganacl
|-activate|p1a: Garganacl|move: Protect
|
|-heal|p1a: Garganacl|94/100|[from] item: Leftovers
|-damage|p2a: Samurott|14/100 brn|[from] brn
|-damage|p2a: Samurott|0 fnt|[from] Salt Cure
|faint|p2a: Samurott
|upkeep
|
|t:|1779567565
|switch|p2a: Tinkaton|Tinkaton, F|85/100
|-damage|p2a: Tinkaton|72/100|[from] Spikes
|-damage|p2a: Tinkaton|66/100|[from] Stealth Rock
|-ability|p2a: Tinkaton|Mold Breaker
|turn|35
|
|t:|1779567569
|move|p2a: Tinkaton|Encore|p1a: Garganacl
|-start|p1a: Garganacl|Encore
|move|p1a: Garganacl|Protect||[still]
|-fail|p1a: Garganacl
|
|-heal|p1a: Garganacl|100/100|[from] item: Leftovers
|upkeep
|turn|36
|inactive|IMMAAXX has 270 seconds left.
|
|t:|1779567616
|switch|p1a: Iron Treads|Iron Treads|51/100 brn
|-damage|p1a: Iron Treads|48/100 brn|[from] Stealth Rock
|-damage|p1a: Iron Treads|36/100 brn|[from] Spikes
|move|p2a: Tinkaton|Gigaton Hammer|p1a: Iron Treads
|-resisted|p1a: Iron Treads
|-damage|p1a: Iron Treads|16/100 brn
|
|-heal|p1a: Iron Treads|22/100 brn|[from] item: Leftovers
|-damage|p1a: Iron Treads|16/100 brn|[from] brn
|upkeep
|turn|37
|
|t:|1779567627
|-end|p1a: Iron Treads|Quark Drive|[silent]
|switch|p1a: Kingambit|Kingambit, M|52/100
|-damage|p1a: Kingambit|46/100|[from] Stealth Rock
|-damage|p1a: Kingambit|33/100|[from] Spikes
|-activate|p1a: Kingambit|ability: Supreme Overlord
|-start|p1a: Kingambit|fallen2|[silent]
|switch|p2a: Sinistcha|Sinistcha|96/100
|-damage|p2a: Sinistcha|83/100|[from] Spikes
|-damage|p2a: Sinistcha|71/100|[from] Stealth Rock
|
|-heal|p1a: Kingambit|39/100|[from] item: Leftovers
|upkeep
|turn|38
|
|t:|1779567631
|switch|p2a: Moltres|Moltres|78/100
|move|p1a: Kingambit|Swords Dance|p1a: Kingambit
|-boost|p1a: Kingambit|atk|2
|
|-heal|p1a: Kingambit|45/100|[from] item: Leftovers
|upkeep
|turn|39
|
|t:|1779567634
|move|p2a: Moltres|Flamethrower|p1a: Kingambit
|-supereffective|p1a: Kingambit
|-damage|p1a: Kingambit|0 fnt
|faint|p1a: Kingambit
|-end|p1a: Kingambit|fallen2|[silent]
|
|upkeep
|
|t:|1779567637
|switch|p1a: Garganacl|Garganacl, M|100/100
|-damage|p1a: Garganacl|88/100|[from] Stealth Rock
|-damage|p1a: Garganacl|76/100|[from] Spikes
|turn|40
|
|t:|1779567639
|move|p1a: Garganacl|Salt Cure|p2a: Moltres
|-supereffective|p2a: Moltres
|-damage|p2a: Moltres|40/100
|-start|p2a: Moltres|Salt Cure
|move|p2a: Moltres|Roar|p1a: Garganacl
|drag|p1a: Zamazenta|Zamazenta|100/100
|-damage|p1a: Zamazenta|94/100|[from] Stealth Rock
|-damage|p1a: Zamazenta|82/100|[from] Spikes
|-ability|p1a: Zamazenta|Dauntless Shield|boost
|-boost|p1a: Zamazenta|def|1
|
|-heal|p1a: Zamazenta|88/100|[from] item: Leftovers
|-damage|p2a: Moltres|27/100|[from] Salt Cure
|upkeep
|turn|41
|
|t:|1779567651
|move|p1a: Zamazenta|Roar|p2a: Moltres
|drag|p2a: Zamazenta|Zamazenta|100/100
|-ability|p2a: Zamazenta|Dauntless Shield|boost
|-boost|p2a: Zamazenta|def|1
|
|-heal|p1a: Zamazenta|94/100|[from] item: Leftovers
|upkeep
|turn|42
|
|t:|1779567655
|switch|p2a: Sinistcha|Sinistcha|71/100
|-damage|p2a: Sinistcha|58/100|[from] Spikes
|-damage|p2a: Sinistcha|46/100|[from] Stealth Rock
|move|p1a: Zamazenta|Iron Defense|p1a: Zamazenta
|-boost|p1a: Zamazenta|def|2
|
|-heal|p1a: Zamazenta|100/100|[from] item: Leftovers
|upkeep
|turn|43
|
|t:|1779567659
|move|p2a: Sinistcha|Strength Sap|p1a: Zamazenta
|-unboost|p1a: Zamazenta|atk|1
|-heal|p2a: Sinistcha|100/100
|move|p1a: Zamazenta|Roar|p2a: Sinistcha
|drag|p2a: Tinkaton|Tinkaton, F|66/100
|-damage|p2a: Tinkaton|54/100|[from] Spikes
|-damage|p2a: Tinkaton|48/100|[from] Stealth Rock
|-ability|p2a: Tinkaton|Mold Breaker
|
|upkeep
|turn|44
|
|t:|1779567662
|move|p1a: Zamazenta|Body Press|p2a: Tinkaton
|-damage|p2a: Tinkaton|0 fnt
|faint|p2a: Tinkaton
|
|upkeep
|
|t:|1779567664
|switch|p2a: Sinistcha|Sinistcha|100/100
|-damage|p2a: Sinistcha|88/100|[from] Spikes
|-damage|p2a: Sinistcha|75/100|[from] Stealth Rock
|turn|45
|
|t:|1779567667
|move|p2a: Sinistcha|Matcha Gotcha|p1a: Zamazenta
|-damage|p1a: Zamazenta|71/100
|-heal|p2a: Sinistcha|89/100|[from] drain|[of] p1a: Zamazenta
|move|p1a: Zamazenta|Roar|p2a: Sinistcha
|drag|p2a: Gliscor|Gliscor, F|20/100 tox
|-damage|p2a: Gliscor|7/100 tox|[from] Stealth Rock
|
|-heal|p1a: Zamazenta|77/100|[from] item: Leftovers
|-heal|p2a: Gliscor|20/100 tox|[from] ability: Poison Heal
|upkeep
|turn|46
|
|t:|1779567675
|move|p2a: Gliscor|Protect|p2a: Gliscor
|-singleturn|p2a: Gliscor|Protect
|move|p1a: Zamazenta|Body Press|p2a: Gliscor
|-activate|p2a: Gliscor|move: Protect
|
|-heal|p1a: Zamazenta|83/100|[from] item: Leftovers
|-heal|p2a: Gliscor|32/100 tox|[from] ability: Poison Heal
|upkeep
|turn|47
|
|t:|1779567681
|switch|p2a: Moltres|Moltres|27/100
|-terastallize|p1a: Zamazenta|Steel
|move|p1a: Zamazenta|Iron Defense|p1a: Zamazenta
|-boost|p1a: Zamazenta|def|2
|
|-heal|p1a: Zamazenta|89/100|[from] item: Leftovers
|upkeep
|turn|48
|
|t:|1779567684
|move|p1a: Zamazenta|Body Press|p2a: Moltres
|-resisted|p2a: Moltres
|-damage|p2a: Moltres|0 fnt
|faint|p2a: Moltres
|
|-heal|p1a: Zamazenta|96/100|[from] item: Leftovers
|upkeep
|
|t:|1779567686
|switch|p2a: Sinistcha|Sinistcha|89/100
|-damage|p2a: Sinistcha|77/100|[from] Spikes
|-damage|p2a: Sinistcha|64/100|[from] Stealth Rock
|turn|49
|
|t:|1779567690
|move|p2a: Sinistcha|Matcha Gotcha|p1a: Zamazenta
|-resisted|p1a: Zamazenta
|-damage|p1a: Zamazenta|80/100
|-heal|p2a: Sinistcha|72/100|[from] drain|[of] p1a: Zamazenta
|move|p1a: Zamazenta|Roar|p2a: Sinistcha
|drag|p2a: Zamazenta|Zamazenta|100/100
|
|-heal|p1a: Zamazenta|87/100|[from] item: Leftovers
|upkeep
|turn|50
|
|t:|1779567696
|switch|p2a: Sinistcha|Sinistcha|72/100
|-damage|p2a: Sinistcha|59/100|[from] Spikes
|-damage|p2a: Sinistcha|47/100|[from] Stealth Rock
|move|p1a: Zamazenta|Roar|p2a: Sinistcha
|drag|p2a: Gliscor|Gliscor, F|32/100 tox
|-damage|p2a: Gliscor|20/100 tox|[from] Stealth Rock
|
|-heal|p1a: Zamazenta|93/100|[from] item: Leftovers
|-heal|p2a: Gliscor|32/100 tox|[from] ability: Poison Heal
|upkeep
|turn|51
|
|t:|1779567701
|move|p2a: Gliscor|Protect|p2a: Gliscor
|-singleturn|p2a: Gliscor|Protect
|move|p1a: Zamazenta|Body Press|p2a: Gliscor
|-activate|p2a: Gliscor|move: Protect
|
|-heal|p1a: Zamazenta|99/100|[from] item: Leftovers
|-heal|p2a: Gliscor|45/100 tox|[from] ability: Poison Heal
|upkeep
|turn|52
|
|t:|1779567703
|move|p2a: Gliscor|Knock Off|p1a: Zamazenta
|-damage|p1a: Zamazenta|94/100
|-enditem|p1a: Zamazenta|Leftovers|[from] move: Knock Off|[of] p2a: Gliscor
|move|p1a: Zamazenta|Roar|p2a: Gliscor
|drag|p2a: Sinistcha|Sinistcha|47/100
|-damage|p2a: Sinistcha|34/100|[from] Spikes
|-damage|p2a: Sinistcha|22/100|[from] Stealth Rock
|
|upkeep
|turn|53
|
|t:|1779567710
|move|p2a: Sinistcha|Strength Sap|p1a: Zamazenta
|-unboost|p1a: Zamazenta|atk|1
|-heal|p2a: Sinistcha|75/100
|move|p1a: Zamazenta|Roar|p2a: Sinistcha
|drag|p2a: Zamazenta|Zamazenta|100/100
|
|upkeep
|turn|54
|
|t:|1779567715
|switch|p2a: Sinistcha|Sinistcha|75/100
|-damage|p2a: Sinistcha|63/100|[from] Spikes
|-damage|p2a: Sinistcha|50/100|[from] Stealth Rock
|move|p1a: Zamazenta|Body Press|p2a: Sinistcha
|-immune|p2a: Sinistcha
|
|upkeep
|turn|55
|
|t:|1779567718
|move|p2a: Sinistcha|Strength Sap|p1a: Zamazenta
|-unboost|p1a: Zamazenta|atk|1
|-heal|p2a: Sinistcha|90/100
|move|p1a: Zamazenta|Roar|p2a: Sinistcha
|drag|p2a: Zamazenta|Zamazenta|100/100
|
|upkeep
|turn|56
|
|t:|1779567726
|move|p2a: Zamazenta|Close Combat|p1a: Zamazenta
|-supereffective|p1a: Zamazenta
|-damage|p1a: Zamazenta|70/100
|-unboost|p2a: Zamazenta|def|1
|-unboost|p2a: Zamazenta|spd|1
|move|p1a: Zamazenta|Body Press|p2a: Zamazenta
|-damage|p2a: Zamazenta|0 fnt
|faint|p2a: Zamazenta
|
|upkeep
|
|t:|1779567729
|switch|p2a: Gliscor|Gliscor, F|45/100 tox
|-damage|p2a: Gliscor|32/100 tox|[from] Stealth Rock
|turn|57
|
|t:|1779567739
|move|p1a: Zamazenta|Body Press|p2a: Gliscor
|-resisted|p2a: Gliscor
|-damage|p2a: Gliscor|0 fnt
|faint|p2a: Gliscor
|
|upkeep
|
|t:|1779567748
|switch|p2a: Sinistcha|Sinistcha|90/100
|-damage|p2a: Sinistcha|78/100|[from] Spikes
|-damage|p2a: Sinistcha|65/100|[from] Stealth Rock
|turn|58
|
|t:|1779567751
|move|p1a: Zamazenta|Crunch|p2a: Sinistcha
|-supereffective|p2a: Sinistcha
|-damage|p2a: Sinistcha|53/100
|move|p2a: Sinistcha|Calm Mind|p2a: Sinistcha
|-boost|p2a: Sinistcha|spa|1
|-boost|p2a: Sinistcha|spd|1
|
|upkeep
|turn|59
|
|t:|1779567753
|move|p1a: Zamazenta|Crunch|p2a: Sinistcha
|-supereffective|p2a: Sinistcha
|-damage|p2a: Sinistcha|41/100
|move|p2a: Sinistcha|Calm Mind|p2a: Sinistcha
|-boost|p2a: Sinistcha|spa|1
|-boost|p2a: Sinistcha|spd|1
|
|upkeep
|turn|60
|
|t:|1779567757
|move|p1a: Zamazenta|Crunch|p2a: Sinistcha
|-supereffective|p2a: Sinistcha
|-damage|p2a: Sinistcha|30/100
|-unboost|p2a: Sinistcha|def|1
|move|p2a: Sinistcha|Strength Sap|p1a: Zamazenta
|-unboost|p1a: Zamazenta|atk|1
|-heal|p2a: Sinistcha|62/100
|
|upkeep
|turn|61
|c|☆IMMAAXX|ggs
|
|t:|1779567761
|move|p1a: Zamazenta|Crunch|p2a: Sinistcha
|-supereffective|p2a: Sinistcha
|-damage|p2a: Sinistcha|48/100
|move|p2a: Sinistcha|Matcha Gotcha|p1a: Zamazenta
|-resisted|p1a: Zamazenta
|-damage|p1a: Zamazenta|41/100
|-heal|p2a: Sinistcha|62/100|[from] drain|[of] p1a: Zamazenta
|
|upkeep
|turn|62
|
|t:|1779567765
|move|p1a: Zamazenta|Crunch|p2a: Sinistcha
|-supereffective|p2a: Sinistcha
|-damage|p2a: Sinistcha|46/100
|move|p2a: Sinistcha|Matcha Gotcha|p1a: Zamazenta
|-resisted|p1a: Zamazenta
|-damage|p1a: Zamazenta|12/100
|-heal|p2a: Sinistcha|60/100|[from] drain|[of] p1a: Zamazenta
|
|upkeep
|turn|63
|
|t:|1779567770
|move|p1a: Zamazenta|Crunch|p2a: Sinistcha
|-supereffective|p2a: Sinistcha
|-damage|p2a: Sinistcha|44/100
|move|p2a: Sinistcha|Matcha Gotcha|p1a: Zamazenta
|-resisted|p1a: Zamazenta
|-damage|p1a: Zamazenta|0 fnt
|-heal|p2a: Sinistcha|50/100|[from] drain|[of] p1a: Zamazenta
|faint|p1a: Zamazenta
|
|upkeep
|
|t:|1779567774
|switch|p1a: Garganacl|Garganacl, M|76/100
|-damage|p1a: Garganacl|63/100|[from] Stealth Rock
|-damage|p1a: Garganacl|51/100|[from] Spikes
|turn|64
|
|t:|1779567776
|move|p2a: Sinistcha|Matcha Gotcha|p1a: Garganacl|[miss]
|-miss|p2a: Sinistcha|p1a: Garganacl
|move|p1a: Garganacl|Salt Cure|p2a: Sinistcha
|-damage|p2a: Sinistcha|35/100
|-start|p2a: Sinistcha|Salt Cure
|
|-heal|p1a: Garganacl|57/100|[from] item: Leftovers
|-damage|p2a: Sinistcha|23/100|[from] Salt Cure
|upkeep
|turn|65
|
|t:|1779567783
|move|p1a: Garganacl|Protect|p1a: Garganacl
|-singleturn|p1a: Garganacl|Protect
|move|p2a: Sinistcha|Matcha Gotcha|p1a: Garganacl
|-activate|p1a: Garganacl|move: Protect
|
|-heal|p1a: Garganacl|63/100|[from] item: Leftovers
|-damage|p2a: Sinistcha|10/100|[from] Salt Cure
|upkeep
|turn|66
|
|t:|1779567787
|move|p1a: Garganacl|Protect||[still]
|-fail|p1a: Garganacl
|move|p2a: Sinistcha|Matcha Gotcha|p1a: Garganacl
|-supereffective|p1a: Garganacl
|-damage|p1a: Garganacl|0 fnt
|-heal|p2a: Sinistcha|47/100|[from] drain|[of] p1a: Garganacl
|faint|p1a: Garganacl
|
|-damage|p2a: Sinistcha|35/100|[from] Salt Cure
|upkeep
|c|☆Lime|wait why didn't you say
|c|☆Lime|sap*
|inactive|Lime has 270 seconds left.
|c|☆Lime|gg
|-message|Lime forfeited.
|
|win|IMMAAXX
|player|p1|
|player|p2|
|player|p2|IMMAAXX|pokekid|
|player|p2|
