|j|☆yazub
|j|☆Vkjoggers
|t:|1779572320
|gametype|singles
|player|p1|yazub|boarder|1223
|player|p2|Vkjoggers|101|1255
|gen|9
|tier|[Gen 9] OU
|rated|
|rule|HP Percentage Mod: HP is shown in percentages
|rule|Endless Battle Clause: Forcing endless battles is banned
|rule|Species Clause: Limit one of each Pokémon
|rule|OHKO Clause: OHKO moves are banned
|rule|Evasion Items Clause: Evasion items are banned
|rule|Evasion Moves Clause: Evasion moves are banned
|rule|Evasion Abilities Clause: Evasion abilities are banned
|rule|Sleep Moves Clause: Sleep-inducing moves are banned
|clearpoke
|poke|p1|Darkrai|
|poke|p1|Garchomp, M|
|poke|p1|Alomomola, F|
|poke|p1|Corviknight, M|
|poke|p1|Weezing-Galar, F|
|poke|p1|Ogerpon, F|
|poke|p2|Tatsugiri-Droopy, F|
|poke|p2|Goodra-Hisui, F|
|poke|p2|Swampert, F|
|poke|p2|Dragonite, F|
|poke|p2|Alomomola, F|
|poke|p2|Skeledirge, F|
|teampreview
|inactive|Battle timer is ON: inactive players will automatically lose when time's up. (requested by Vkjoggers)
|
|t:|1779572345
|teamsize|p1|6
|teamsize|p2|6
|start
|switch|p1a: Ogerpon|Ogerpon, F|100/100
|switch|p2a: Swampert|Swampert, F|100/100
|turn|1
|
|t:|1779572349
|switch|p2a: Goodra|Goodra-Hisui, F|100/100
|move|p1a: Ogerpon|Ivy Cudgel|p2a: Goodra
|-ability|p2a: Goodra|Sap Sipper|boost
|-boost|p2a: Goodra|atk|1
|
|upkeep
|turn|2
|c|☆yazub|good move
|inactive|yazub has 120 seconds left.
|inactive|Vkjoggers has 120 seconds left.
|
|t:|1779572384
|switch|p1a: Corviknight|Corviknight, M|100/100
|-ability|p1a: Corviknight|Pressure
|move|p2a: Goodra|Dragon Tail|p1a: Corviknight
|-resisted|p1a: Corviknight
|-damage|p1a: Corviknight|89/100
|drag|p1a: Darkrai|Darkrai|100/100
|
|upkeep
|turn|3
|inactive|yazub has 120 seconds left.
|inactive|Vkjoggers has 120 seconds left.
|
|t:|1779572399
|move|p1a: Darkrai|Trick|p2a: Goodra
|-activate|p1a: Darkrai|move: Trick|[of] p2a: Goodra
|-item|p2a: Goodra|Choice Specs|[from] move: Trick
|-item|p1a: Darkrai|Assault Vest|[from] move: Trick
|move|p2a: Goodra|Flamethrower|p1a: Darkrai
|-damage|p1a: Darkrai|63/100
|
|upkeep
|turn|4
|
|t:|1779572407
|switch|p1a: Alomomola|Alomomola, F|100/100
|move|p2a: Goodra|Flamethrower|p1a: Alomomola
|-resisted|p1a: Alomomola
|-damage|p1a: Alomomola|88/100
|
|upkeep
|turn|5
|
|t:|1779572415
|switch|p2a: Tatsugiri|Tatsugiri-Droopy, F, shiny|100/100
|move|p1a: Alomomola|Body Slam|p2a: Tatsugiri
|-damage|p2a: Tatsugiri|70/100
|
|upkeep
|turn|6
|
|t:|1779572423
|switch|p2a: Swampert|Swampert, F|100/100
|move|p1a: Alomomola|Body Slam|p2a: Swampert
|-damage|p2a: Swampert|91/100
|
|-heal|p2a: Swampert|97/100|[from] item: Leftovers
|upkeep
|turn|7
|
|t:|1779572434
|move|p1a: Alomomola|Flip Turn|p2a: Swampert
|-damage|p2a: Swampert|86/100
|
|t:|1779572437
|switch|p1a: Ogerpon|Ogerpon, F|100/100|[from] Flip Turn
|move|p2a: Swampert|Stealth Rock|p1a: Ogerpon
|-sidestart|p1: yazub|move: Stealth Rock
|
|-heal|p2a: Swampert|93/100|[from] item: Leftovers
|upkeep
|turn|8
|
|t:|1779572447
|switch|p2a: Skeledirge|Skeledirge, F|100/100
|move|p1a: Ogerpon|Swords Dance|p1a: Ogerpon
|-boost|p1a: Ogerpon|atk|2
|
|upkeep
|turn|9
|
|t:|1779572452
|move|p1a: Ogerpon|Knock Off|p2a: Skeledirge
|-supereffective|p2a: Skeledirge
|-damage|p2a: Skeledirge|51/100
|-enditem|p2a: Skeledirge|Heavy-Duty Boots|[from] move: Knock Off|[of] p1a: Ogerpon
|move|p2a: Skeledirge|Will-O-Wisp|p1a: Ogerpon
|-status|p1a: Ogerpon|brn
|
|-damage|p1a: Ogerpon|95/100 brn|[from] brn
|upkeep
|turn|10
|
|t:|1779572465
|switch|p1a: Alomomola|Alomomola, F|100/100
|-damage|p1a: Alomomola|88/100|[from] Stealth Rock
|move|p2a: Skeledirge|Slack Off|p2a: Skeledirge
|-heal|p2a: Skeledirge|100/100
|
|upkeep
|turn|11
|
|t:|1779572471
|move|p2a: Skeledirge|Will-O-Wisp|p1a: Alomomola
|-status|p1a: Alomomola|brn
|move|p1a: Alomomola|Flip Turn|p2a: Skeledirge
|-supereffective|p2a: Skeledirge
|-damage|p2a: Skeledirge|88/100
|
|t:|1779572478
|switch|p1a: Corviknight|Corviknight, M|89/100|[from] Flip Turn
|-damage|p1a: Corviknight|76/100|[from] Stealth Rock
|-ability|p1a: Corviknight|Pressure
|
|-heal|p1a: Corviknight|83/100|[from] item: Leftovers
|upkeep
|turn|12
|
|t:|1779572484
|move|p2a: Skeledirge|Will-O-Wisp|p1a: Corviknight
|-status|p1a: Corviknight|brn
|move|p1a: Corviknight|Defog|p2a: Skeledirge
|-unboost|p2a: Skeledirge|evasion|1
|-sideend|p1: yazub|Stealth Rock|[from] move: Defog|[of] p1a: Corviknight
|
|-heal|p1a: Corviknight|89/100 brn|[from] item: Leftovers
|-damage|p1a: Corviknight|83/100 brn|[from] brn
|upkeep
|turn|13
|
|t:|1779572494
|move|p2a: Skeledirge|Torch Song|p1a: Corviknight
|-supereffective|p1a: Corviknight
|-damage|p1a: Corviknight|40/100 brn
|-boost|p2a: Skeledirge|spa|1
|move|p1a: Corviknight|Brave Bird|p2a: Skeledirge
|-damage|p2a: Skeledirge|74/100
|-damage|p1a: Corviknight|35/100 brn|[from] Recoil
|
|-heal|p1a: Corviknight|42/100 brn|[from] item: Leftovers
|-damage|p1a: Corviknight|35/100 brn|[from] brn
|upkeep
|turn|14
|
|t:|1779572506
|switch|p1a: Garchomp|Garchomp, M|100/100
|move|p2a: Skeledirge|Torch Song|p1a: Garchomp
|-resisted|p1a: Garchomp
|-damage|p1a: Garchomp|80/100
|-boost|p2a: Skeledirge|spa|1
|
|upkeep
|turn|15
|
|t:|1779572513
|-terastallize|p2a: Skeledirge|Fairy
|move|p1a: Garchomp|Earthquake|p2a: Skeledirge
|-damage|p2a: Skeledirge|37/100
|move|p2a: Skeledirge|Will-O-Wisp|p1a: Garchomp|[miss]
|-miss|p2a: Skeledirge|p1a: Garchomp
|
|upkeep
|turn|16
|
|t:|1779572526
|move|p1a: Garchomp|Earthquake|p2a: Skeledirge
|-damage|p2a: Skeledirge|3/100
|move|p2a: Skeledirge|Slack Off|p2a: Skeledirge
|-heal|p2a: Skeledirge|54/100
|
|upkeep
|turn|17
|
|t:|1779572532
|move|p1a: Garchomp|Earthquake|p2a: Skeledirge
|-damage|p2a: Skeledirge|18/100
|move|p2a: Skeledirge|Slack Off|p2a: Skeledirge
|-heal|p2a: Skeledirge|68/100
|
|upkeep
|turn|18
|
|t:|1779572538
|move|p1a: Garchomp|Stealth Rock|p2a: Skeledirge
|-sidestart|p2: Vkjoggers|move: Stealth Rock
|move|p2a: Skeledirge|Slack Off|p2a: Skeledirge
|-heal|p2a: Skeledirge|100/100
|
|upkeep
|turn|19
|
|t:|1779572543
|move|p1a: Garchomp|Earthquake|p2a: Skeledirge
|-damage|p2a: Skeledirge|66/100
|move|p2a: Skeledirge|Will-O-Wisp|p1a: Garchomp
|-status|p1a: Garchomp|brn
|
|-damage|p1a: Garchomp|74/100 brn|[from] brn
|upkeep
|turn|20
|
|t:|1779572552
|switch|p1a: Weezing|Weezing-Galar, F|100/100
|-ability|p1a: Weezing|Neutralizing Gas
|move|p2a: Skeledirge|Slack Off|p2a: Skeledirge
|-heal|p2a: Skeledirge|100/100
|
|upkeep
|turn|21
|
|t:|1779572559
|move|p2a: Skeledirge|Will-O-Wisp|p1a: Weezing
|-status|p1a: Weezing|brn
|move|p1a: Weezing|Sludge Bomb|p2a: Skeledirge
|-supereffective|p2a: Skeledirge
|-damage|p2a: Skeledirge|61/100
|
|-damage|p1a: Weezing|94/100 brn|[from] brn
|upkeep
|turn|22
|
|t:|1779572568
|move|p2a: Skeledirge|Hex|p1a: Weezing
|-damage|p1a: Weezing|0 fnt
|faint|p1a: Weezing
|-end|p1a: Weezing|ability: Neutralizing Gas
|
|upkeep
|-message|yazub forfeited.
|
|win|Vkjoggers
|raw|yazub's rating: 1223 &rarr; <strong>1200</strong><br />(-23 for losing)
|raw|Vkjoggers's rating: 1255 &rarr; <strong>1278</strong><br />(+23 for winning)
|l|☆yazub
|player|p1|
|l|☆Vkjoggers
|player|p2|
