|j|☆BlabberSaur
|j|☆Laban1024
|t:|1779653532
|gametype|singles
|player|p1|BlabberSaur|wallace|
|player|p2|Laban1024|koga|
|gen|9
|tier|[Gen 9] OU
|rule|HP Percentage Mod: HP is shown in percentages
|rule|Endless Battle Clause: Forcing endless battles is banned
|rule|Species Clause: Limit one of each Pokémon
|rule|OHKO Clause: OHKO moves are banned
|rule|Evasion Items Clause: Evasion items are banned
|rule|Evasion Moves Clause: Evasion moves are banned
|rule|Evasion Abilities Clause: Evasion abilities are banned
|rule|Sleep Moves Clause: Sleep-inducing moves are banned
|clearpoke
|poke|p1|Gliscor, M|
|poke|p1|Dragapult, M|
|poke|p1|Blaziken, M|
|poke|p1|Garganacl, M|
|poke|p1|Zamazenta-*|
|poke|p1|Kingambit, M|
|poke|p2|Torkoal, F|
|poke|p2|Ceruledge, F|
|poke|p2|Lilligant-Hisui, F|
|poke|p2|Walking Wake|
|poke|p2|Raging Bolt|
|poke|p2|Great Tusk|
|teampreview
|inactive|Battle timer is ON: inactive players will automatically lose when time's up. (requested by BlabberSaur)
|
|t:|1779653553
|teamsize|p1|6
|teamsize|p2|6
|start
|switch|p1a: Gliscor|Gliscor, M|100/100
|switch|p2a: Torkoal|Torkoal, F|100/100
|-weather|SunnyDay|[from] ability: Drought|[of] p2a: Torkoal
|turn|1
|
|t:|1779653562
|move|p1a: Gliscor|Earthquake|p2a: Torkoal
|-supereffective|p2a: Torkoal
|-damage|p2a: Torkoal|52/100
|move|p2a: Torkoal|Will-O-Wisp|p1a: Gliscor
|-status|p1a: Gliscor|brn
|
|-weather|SunnyDay|[upkeep]
|-damage|p1a: Gliscor|94/100 brn|[from] brn
|upkeep
|turn|2
|
|t:|1779653569
|move|p1a: Gliscor|Toxic|p2a: Torkoal
|-status|p2a: Torkoal|tox
|move|p2a: Torkoal|Overheat|p1a: Gliscor|[miss]
|-miss|p2a: Torkoal|p1a: Gliscor
|
|-weather|SunnyDay|[upkeep]
|-damage|p2a: Torkoal|46/100 tox|[from] psn
|-damage|p1a: Gliscor|88/100 brn|[from] brn
|upkeep
|turn|3
|
|t:|1779653575
|move|p1a: Gliscor|Knock Off|p2a: Torkoal
|-damage|p2a: Torkoal|38/100 tox
|-enditem|p2a: Torkoal|Heat Rock|[from] move: Knock Off|[of] p1a: Gliscor
|move|p2a: Torkoal|Overheat|p1a: Gliscor
|-damage|p1a: Gliscor|4/100 brn
|-unboost|p2a: Torkoal|spa|2
|
|-weather|SunnyDay|[upkeep]
|-damage|p2a: Torkoal|26/100 tox|[from] psn
|-damage|p1a: Gliscor|0 fnt|[from] brn
|faint|p1a: Gliscor
|upkeep
|c|☆Laban1024|man
|
|t:|1779653583
|switch|p1a: Zamazenta|Zamazenta|100/100
|-ability|p1a: Zamazenta|Dauntless Shield|boost
|-boost|p1a: Zamazenta|def|1
|turn|4
|
|t:|1779653587
|switch|p2a: Ceruledge|Ceruledge, F|100/100
|move|p1a: Zamazenta|Body Press|p2a: Ceruledge
|-immune|p2a: Ceruledge
|
|-weather|SunnyDay|[upkeep]
|upkeep
|turn|5
|c|☆Laban1024|also safe cus crunch dosent kill
|c|☆Laban1024|was my thought process
|inactive|Laban1024 has 270 seconds left.
|
|t:|1779653642
|switch|p2a: Raging Bolt|Raging Bolt|100/100
|-item|p2a: Raging Bolt|Air Balloon
|-activate|p2a: Raging Bolt|ability: Protosynthesis
|-start|p2a: Raging Bolt|protosynthesisspa
|move|p1a: Zamazenta|Iron Defense|p1a: Zamazenta
|-boost|p1a: Zamazenta|def|2
|
|-weather|SunnyDay|[upkeep]
|upkeep
|turn|6
|
|t:|1779653650
|move|p1a: Zamazenta|Body Press|p2a: Raging Bolt
|-damage|p2a: Raging Bolt|34/100
|-enditem|p2a: Raging Bolt|Air Balloon
|move|p2a: Raging Bolt|Thunderbolt|p1a: Zamazenta
|-damage|p1a: Zamazenta|34/100
|-status|p1a: Zamazenta|par
|
|-weather|SunnyDay|[upkeep]
|upkeep
|turn|7
|
|t:|1779653661
|switch|p1a: Dragapult|Dragapult, M|100/100
|move|p2a: Raging Bolt|Thunderclap||[still]
|-fail|p2a: Raging Bolt
|
|-weather|SunnyDay|[upkeep]
|upkeep
|turn|8
|c|☆Laban1024|ah man
|inactive|Laban1024 has 240 seconds left.
|c|☆Laban1024|shadow ball draco specs?
|c|☆Laban1024|maybe u turn for pivoting?
|inactive|BlabberSaur has 270 seconds left.
|inactive|BlabberSaur has 240 seconds left.
|
|t:|1779653761
|move|p2a: Raging Bolt|Thunderclap|p1a: Dragapult
|-resisted|p1a: Dragapult
|-damage|p1a: Dragapult|66/100
|move|p1a: Dragapult|Shadow Ball|p2a: Raging Bolt
|-damage|p2a: Raging Bolt|0 fnt
|faint|p2a: Raging Bolt
|-end|p2a: Raging Bolt|Protosynthesis|[silent]
|
|-weather|none
|upkeep
|
|t:|1779653769
|switch|p2a: Torkoal|Torkoal, F|26/100 tox
|-weather|SunnyDay|[from] ability: Drought|[of] p2a: Torkoal
|turn|9
|
|t:|1779653774
|move|p1a: Dragapult|Shadow Ball|p2a: Torkoal
|-damage|p2a: Torkoal|0 fnt
|faint|p2a: Torkoal
|
|-weather|SunnyDay|[upkeep]
|upkeep
|
|t:|1779653783
|switch|p2a: Lilligant|Lilligant-Hisui, F|100/100
|turn|10
|inactive|BlabberSaur has 240 seconds left.
|inactive|BlabberSaur has 210 seconds left.
|c|☆Laban1024|but here u dont have a rocky helmet mon
|
|t:|1779653851
|move|p2a: Lilligant|Triple Axel|p1a: Dragapult
|-supereffective|p1a: Dragapult
|-damage|p1a: Dragapult|43/100
|-supereffective|p1a: Dragapult
|-damage|p1a: Dragapult|0 fnt
|faint|p1a: Dragapult
|-hitcount|p1: Dragapult|2
|-damage|p2a: Lilligant|91/100|[from] item: Life Orb
|
|-weather|SunnyDay|[upkeep]
|upkeep
|c|☆Laban1024|yeah but here i just dont need to risk it
|
|t:|1779653861
|switch|p1a: Blaziken|Blaziken, M|100/100
|turn|11
|
|t:|1779653865
|move|p1a: Blaziken|Protect|p1a: Blaziken
|-singleturn|p1a: Blaziken|Protect
|move|p2a: Lilligant|Victory Dance|p2a: Lilligant
|-boost|p2a: Lilligant|atk|1
|-boost|p2a: Lilligant|def|1
|-boost|p2a: Lilligant|spe|1
|
|-weather|SunnyDay|[upkeep]
|-ability|p1a: Blaziken|Speed Boost|boost
|-boost|p1a: Blaziken|spe|1
|upkeep
|turn|12
|
|t:|1779653872
|move|p2a: Lilligant|Axe Kick|p1a: Blaziken
|-damage|p1a: Blaziken|0 fnt
|faint|p1a: Blaziken
|-damage|p2a: Lilligant|81/100|[from] item: Life Orb
|
|-weather|SunnyDay|[upkeep]
|upkeep
|
|t:|1779653875
|switch|p1a: Kingambit|Kingambit, M|100/100
|-activate|p1a: Kingambit|ability: Supreme Overlord
|-start|p1a: Kingambit|fallen3|[silent]
|turn|13
|inactive|BlabberSaur has 210 seconds left.
|
|t:|1779653893
|-terastallize|p1a: Kingambit|Ghost
|move|p2a: Lilligant|Triple Axel|p1a: Kingambit
|-damage|p1a: Kingambit|92/100
|-damage|p1a: Kingambit|74/100
|-damage|p1a: Kingambit|45/100
|-hitcount|p1a: Kingambit|3
|-damage|p2a: Lilligant|71/100|[from] item: Life Orb
|move|p1a: Kingambit|Iron Head|p2a: Lilligant
|-damage|p2a: Lilligant|5/100
|
|-weather|none
|upkeep
|turn|14
|inactive|BlabberSaur has 210 seconds left.
|
|t:|1779653910
|move|p1a: Kingambit|Sucker Punch||[still]
|-fail|p1a: Kingambit
|move|p2a: Lilligant|Victory Dance|p2a: Lilligant
|-boost|p2a: Lilligant|atk|1
|-boost|p2a: Lilligant|def|1
|-boost|p2a: Lilligant|spe|1
|
|upkeep
|turn|15
|
|t:|1779653914
|move|p1a: Kingambit|Sucker Punch|p2a: Lilligant
|-resisted|p2a: Lilligant
|-damage|p2a: Lilligant|0 fnt
|faint|p2a: Lilligant
|
|upkeep
|
|t:|1779653924
|switch|p2a: Walking Wake|Walking Wake|100/100
|turn|16
|c|☆Laban1024|oh oops meant to pick something else
|c|☆Laban1024|this is fine tho right
|inactive|Laban1024 has 240 seconds left.
|
|t:|1779653949
|-end|p1a: Kingambit|fallen3|[silent]
|switch|p1a: Zamazenta|Zamazenta|34/100 par
|move|p2a: Walking Wake|Hydro Steam|p1a: Zamazenta
|-damage|p1a: Zamazenta|0 fnt
|faint|p1a: Zamazenta
|
|upkeep
|
|t:|1779653958
|switch|p1a: Kingambit|Kingambit, M, tera:Ghost|45/100
|-activate|p1a: Kingambit|ability: Supreme Overlord
|-start|p1a: Kingambit|fallen4|[silent]
|turn|17
|
|t:|1779653961
|move|p1a: Kingambit|Sucker Punch|p2a: Walking Wake
|-damage|p2a: Walking Wake|34/100
|move|p2a: Walking Wake|Hydro Steam|p1a: Kingambit
|-damage|p1a: Kingambit|0 fnt
|faint|p1a: Kingambit
|-end|p1a: Kingambit|fallen4|[silent]
|
|upkeep
|
|t:|1779653963
|switch|p1a: Garganacl|Garganacl, M|100/100
|turn|18
|
|t:|1779653965
|move|p2a: Walking Wake|Hydro Steam|p1a: Garganacl
|-supereffective|p1a: Garganacl
|-crit|p1a: Garganacl
|-damage|p1a: Garganacl|0 fnt
|faint|p1a: Garganacl
|
|win|Laban1024
