|j|☆pedipedrao
|j|☆amacklai
|t:|1779670934
|gametype|singles
|player|p1|pedipedrao|1|1145
|player|p2|amacklai|169|1101
|gen|9
|tier|[Gen 9] OU
|rated|
|rule|HP Percentage Mod: HP is shown in percentages
|rule|Endless Battle Clause: Forcing endless battles is banned
|rule|Species Clause: Limit one of each Pokémon
|rule|OHKO Clause: OHKO moves are banned
|rule|Evasion Items Clause: Evasion items are banned
|rule|Evasion Moves Clause: Evasion moves are banned
|rule|Evasion Abilities Clause: Evasion abilities are banned
|rule|Sleep Moves Clause: Sleep-inducing moves are banned
|clearpoke
|poke|p1|Toucannon, F|
|poke|p1|Dragonite, M|
|poke|p1|Zamazenta-*|
|poke|p1|Iron Treads|
|poke|p1|Zapdos|
|poke|p1|Primarina, M|
|poke|p2|Morpeko, M|
|poke|p2|Gyarados, M|
|poke|p2|Weezing-Galar, M|
|poke|p2|Garchomp, M|
|poke|p2|Gholdengo|
|poke|p2|Braviary-Hisui, M|
|teampreview
|
|t:|1779670951
|teamsize|p1|6
|teamsize|p2|6
|start
|switch|p1a: TUTUCA|Toucannon, F|100/100
|switch|p2a: Garchomp|Garchomp, M|100/100
|turn|1
|inactive|Battle timer is ON: inactive players will automatically lose when time's up. (requested by amacklai)
|
|t:|1779670990
|switch|p2a: Gholdengo|Gholdengo|100/100
|-singleturn|p1a: TUTUCA|move: Beak Blast
|move|p1a: TUTUCA|Beak Blast|p2a: Gholdengo
|-resisted|p2a: Gholdengo
|-damage|p2a: Gholdengo|75/100
|
|upkeep
|turn|2
|
|t:|1779671007
|move|p2a: Gholdengo|Make It Rain|p1a: TUTUCA
|-damage|p1a: TUTUCA|44/100
|-unboost|p2a: Gholdengo|spa|1
|-enditem|p2a: Gholdengo|Eject Pack
|
|t:|1779671014
|switch|p2a: Weezing|Weezing-Galar, M|100/100
|move|p1a: TUTUCA|Knock Off|p2a: Weezing
|-resisted|p2a: Weezing
|-damage|p2a: Weezing|85/100
|-enditem|p2a: Weezing|Choice Specs|[from] move: Knock Off|[of] p1a: TUTUCA
|
|upkeep
|turn|3
|inactive|pedipedrao has 120 seconds left.
|
|t:|1779671052
|switch|p1a: TROMBETA|Iron Treads|100/100
|-item|p1a: TROMBETA|Air Balloon
|move|p2a: Weezing|Strange Steam|p1a: TROMBETA
|-resisted|p1a: TROMBETA
|-damage|p1a: TROMBETA|74/100
|-enditem|p1a: TROMBETA|Air Balloon
|
|upkeep
|turn|4
|inactive|pedipedrao has 120 seconds left.
|
|t:|1779671065
|-terastallize|p2a: Weezing|Fire
|move|p1a: TROMBETA|Earthquake|p2a: Weezing
|-immune|p2a: Weezing|[from] ability: Levitate
|move|p2a: Weezing|Flamethrower|p1a: TROMBETA
|-supereffective|p1a: TROMBETA
|-damage|p1a: TROMBETA|0 fnt
|faint|p1a: TROMBETA
|-end|p1a: TROMBETA|Quark Drive|[silent]
|
|upkeep
|
|t:|1779671088
|switch|p1a: FOFOCA|Primarina, M|100/100
|turn|5
|
|t:|1779671100
|move|p1a: FOFOCA|Psychic Noise|p2a: Weezing
|-supereffective|p2a: Weezing
|-crit|p2a: Weezing
|-damage|p2a: Weezing|0 fnt
|faint|p2a: Weezing
|
|upkeep
|
|t:|1779671110
|switch|p2a: Morpeko|Morpeko, M|100/100
|turn|6
|inactive|pedipedrao has 120 seconds left.
|
|t:|1779671118
|-terastallize|p1a: FOFOCA|Poison
|move|p2a: Morpeko|Aura Wheel|p1a: FOFOCA
|-damage|p1a: FOFOCA|28/100
|-boost|p2a: Morpeko|spe|1
|-damage|p2a: Morpeko|91/100|[from] item: Life Orb
|move|p1a: FOFOCA|Moonblast|p2a: Morpeko
|-supereffective|p2a: Morpeko
|-damage|p2a: Morpeko|0 fnt
|faint|p2a: Morpeko
|
|upkeep
|
|t:|1779671130
|switch|p2a: Braviary|Braviary-Hisui, M|100/100
|turn|7
|
|t:|1779671138
|move|p2a: Braviary|Esper Wing|p1a: FOFOCA
|-supereffective|p1a: FOFOCA
|-damage|p1a: FOFOCA|0 fnt
|-boost|p2a: Braviary|spe|1
|faint|p1a: FOFOCA
|
|upkeep
|inactive|pedipedrao has 120 seconds left.
|
|t:|1779671155
|switch|p1a: ZEZIN|Zamazenta|100/100
|-ability|p1a: ZEZIN|Dauntless Shield|boost
|-boost|p1a: ZEZIN|def|1
|turn|8
|inactive|pedipedrao has 120 seconds left.
|
|t:|1779671168
|move|p1a: ZEZIN|Stone Edge|p2a: Braviary
|-supereffective|p2a: Braviary
|-damage|p2a: Braviary|0 fnt
|faint|p2a: Braviary
|
|upkeep
|
|t:|1779671184
|switch|p2a: Garchomp|Garchomp, M|100/100
|turn|9
|inactive|pedipedrao has 120 seconds left.
|
|t:|1779671206
|switch|p1a: TUTUCA|Toucannon, F|44/100
|move|p2a: Garchomp|Swords Dance|p2a: Garchomp
|-boost|p2a: Garchomp|atk|2
|
|upkeep
|turn|10
|inactive|pedipedrao has 120 seconds left.
|
|t:|1779671223
|move|p2a: Garchomp|Scale Shot|p1a: TUTUCA
|-damage|p1a: TUTUCA|15/100
|-damage|p1a: TUTUCA|0 fnt
|faint|p1a: TUTUCA
|-hitcount|p1: TUTUCA|2
|-unboost|p2a: Garchomp|def|1
|-boost|p2a: Garchomp|spe|1
|
|upkeep
|
|t:|1779671246
|switch|p1a: GALINHA|Zapdos|100/100
|turn|11
|
|t:|1779671255
|move|p2a: Garchomp|Scale Shot|p1a: GALINHA
|-damage|p1a: GALINHA|71/100
|-damage|p1a: GALINHA|38/100
|-damage|p1a: GALINHA|7/100
|-damage|p1a: GALINHA|0 fnt
|faint|p1a: GALINHA
|-hitcount|p1: GALINHA|4
|-unboost|p2a: Garchomp|def|1
|-boost|p2a: Garchomp|spe|1
|
|upkeep
|
|t:|1779671266
|switch|p1a: LARANJÃO|Dragonite, M|100/100
|turn|12
|
|t:|1779671275
|move|p1a: LARANJÃO|Extreme Speed|p2a: Garchomp
|-damage|p2a: Garchomp|33/100
|-damage|p1a: LARANJÃO|88/100|[from] ability: Rough Skin|[of] p2a: Garchomp
|move|p2a: Garchomp|Scale Shot|p1a: LARANJÃO
|-supereffective|p1a: LARANJÃO
|-damage|p1a: LARANJÃO|32/100
|-supereffective|p1a: LARANJÃO
|-damage|p1a: LARANJÃO|0 fnt
|faint|p1a: LARANJÃO
|-hitcount|p1: LARANJÃO|2
|-unboost|p2a: Garchomp|def|1
|-boost|p2a: Garchomp|spe|1
|
|upkeep
|
|t:|1779671289
|switch|p1a: ZEZIN|Zamazenta|100/100
|turn|13
|
|t:|1779671308
|move|p2a: Garchomp|Scale Shot|p1a: ZEZIN
|-damage|p1a: ZEZIN|78/100
|-damage|p1a: ZEZIN|56/100
|-damage|p1a: ZEZIN|32/100
|-damage|p1a: ZEZIN|10/100
|-damage|p1a: ZEZIN|0 fnt
|faint|p1a: ZEZIN
|-hitcount|p1: ZEZIN|5
|
|win|amacklai
|raw|pedipedrao's rating: 1145 &rarr; <strong>1117</strong><br />(-28 for losing)
|raw|amacklai's rating: 1101 &rarr; <strong>1129</strong><br />(+28 for winning)
|l|☆amacklai
|player|p2|
|l|☆pedipedrao
|player|p1|
