|j|‽ARMAAN3660
|j|☆Land Sea Air
|t:|1779639086
|gametype|singles
|player|p1|ARMAAN3660|gentleman-gen4|1244
|player|p2|Land Sea Air|blue|1302
|gen|9
|tier|[Gen 9] OU
|rated|
|rule|HP Percentage Mod: HP is shown in percentages
|rule|Endless Battle Clause: Forcing endless battles is banned
|rule|Species Clause: Limit one of each Pokémon
|rule|OHKO Clause: OHKO moves are banned
|rule|Evasion Items Clause: Evasion items are banned
|rule|Evasion Moves Clause: Evasion moves are banned
|rule|Evasion Abilities Clause: Evasion abilities are banned
|rule|Sleep Moves Clause: Sleep-inducing moves are banned
|clearpoke
|poke|p1|Dragapult, M|
|poke|p1|Clefable, F|
|poke|p1|Kingambit, M|
|poke|p1|Rillaboom, M|
|poke|p1|Zapdos|
|poke|p1|Glimmora, M|
|poke|p2|Incineroar, M|
|poke|p2|Glimmora, M|
|poke|p2|Comfey, F|
|poke|p2|Zoroark-Hisui, F|
|poke|p2|Latios, M|
|poke|p2|Araquanid, F|
|teampreview
|inactive|Battle timer is ON: inactive players will automatically lose when time's up. (requested by Land Sea Air)
|
|t:|1779639105
|teamsize|p1|6
|teamsize|p2|6
|start
|switch|p1a: Rillaboom|Rillaboom, M|100/100
|switch|p2a: Gen 3 Supremacy!!|Latios, M|100/100
|-fieldstart|move: Grassy Terrain|[from] ability: Grassy Surge|[of] p1a: Rillaboom
|turn|1
|
|t:|1779639116
|move|p2a: Gen 3 Supremacy!!|Ice Beam|p1a: Rillaboom
|-supereffective|p1a: Rillaboom
|-damage|p1a: Rillaboom|31/100
|move|p1a: Rillaboom|Knock Off|p2a: Gen 3 Supremacy!!
|-supereffective|p2a: Gen 3 Supremacy!!
|-damage|p2a: Gen 3 Supremacy!!|0 fnt
|-enditem|p2a: Gen 3 Supremacy!!|Soul Dew|[from] move: Knock Off|[of] p1a: Rillaboom
|faint|p2a: Gen 3 Supremacy!!
|
|-heal|p1a: Rillaboom|37/100|[from] Grassy Terrain
|upkeep
|
|t:|1779639131
|switch|p2a: King Spyderrr|Araquanid, F|100/100
|turn|2
|
|t:|1779639136
|switch|p1a: Zapdos|Zapdos, shiny|100/100
|move|p2a: King Spyderrr|Sticky Web|p1a: Zapdos
|-sidestart|p1: ARMAAN3660|move: Sticky Web
|
|upkeep
|turn|3
|
|t:|1779639159
|move|p1a: Zapdos|Thunderbolt|p2a: King Spyderrr
|-supereffective|p2a: King Spyderrr
|-damage|p2a: King Spyderrr|42/100
|move|p2a: King Spyderrr|Mirror Coat|p1a: Zapdos
|-damage|p1a: Zapdos|0 fnt
|faint|p1a: Zapdos
|
|-heal|p2a: King Spyderrr|48/100|[from] Grassy Terrain
|upkeep
|
|t:|1779639167
|switch|p1a: Dragapult|Dragapult, M|100/100
|-activate|p1a: Dragapult|move: Sticky Web
|-unboost|p1a: Dragapult|spe|1
|turn|4
|
|t:|1779639184
|switch|p2a: Forbidden Crown|Comfey, F, shiny|100/100
|move|p1a: Dragapult|Dragon Darts|p2a: Forbidden Crown
|-immune|p2a: Forbidden Crown
|
|upkeep
|turn|5
|
|t:|1779639191
|switch|p1a: Glimmora|Glimmora, M|100/100
|-activate|p1a: Glimmora|move: Sticky Web
|-unboost|p1a: Glimmora|spe|1
|move|p2a: Forbidden Crown|Leech Seed|p1a: Glimmora
|-start|p1a: Glimmora|move: Leech Seed
|
|-damage|p1a: Glimmora|88/100|[from] Leech Seed|[of] p2a: Forbidden Crown
|-fieldend|move: Grassy Terrain
|upkeep
|turn|6
|
|t:|1779639220
|switch|p2a: King Spyderrr|Araquanid, F|48/100
|move|p1a: Glimmora|Mortal Spin|p2a: King Spyderrr
|-damage|p2a: King Spyderrr|39/100
|-status|p2a: King Spyderrr|psn
|-damage|p1a: Glimmora|72/100|[from] item: Rocky Helmet|[of] p2a: King Spyderrr
|-end|p1a: Glimmora|Leech Seed|[from] move: Mortal Spin|[of] p1a: Glimmora
|-sideend|p1: ARMAAN3660|Sticky Web|[from] move: Mortal Spin|[of] p1a: Glimmora
|-damage|p1a: Glimmora|62/100|[from] item: Life Orb
|
|-damage|p2a: King Spyderrr|26/100 psn|[from] psn
|upkeep
|turn|7
|inactive|Land Sea Air has 120 seconds left.
|
|t:|1779639246
|move|p1a: Glimmora|Power Gem|p2a: King Spyderrr
|-supereffective|p2a: King Spyderrr
|-damage|p2a: King Spyderrr|0 fnt
|faint|p2a: King Spyderrr
|-damage|p1a: Glimmora|52/100|[from] item: Life Orb
|
|upkeep
|
|t:|1779639257
|switch|p2a: Avallo Pizarro|Glimmora, M|100/100
|turn|8
|
|t:|1779639262
|-terastallize|p1a: Glimmora|Flying
|move|p2a: Avallo Pizarro|Psychic|p1a: Glimmora
|-damage|p1a: Glimmora|0 fnt
|faint|p1a: Glimmora
|
|upkeep
|
|t:|1779639281
|switch|p1a: Dragapult|Dragapult, M|100/100
|turn|9
|
|t:|1779639289
|switch|p2a: Forbidden Crown|Comfey, F, shiny|100/100
|move|p1a: Dragapult|Psychic Fangs|p2a: Forbidden Crown
|-damage|p2a: Forbidden Crown|46/100
|
|upkeep
|turn|10
|
|t:|1779639298
|move|p2a: Forbidden Crown|Synthesis|p2a: Forbidden Crown
|-heal|p2a: Forbidden Crown|96/100
|move|p1a: Dragapult|Psychic Fangs|p2a: Forbidden Crown
|-damage|p2a: Forbidden Crown|39/100
|
|upkeep
|turn|11
|
|t:|1779639312
|move|p2a: Forbidden Crown|Synthesis|p2a: Forbidden Crown
|-heal|p2a: Forbidden Crown|89/100
|move|p1a: Dragapult|Psychic Fangs|p2a: Forbidden Crown
|-damage|p2a: Forbidden Crown|38/100
|
|upkeep
|turn|12
|
|t:|1779639329
|switch|p1a: Clefable|Clefable, F|100/100
|move|p2a: Forbidden Crown|Protect||[still]
|-fail|p2a: Forbidden Crown
|
|upkeep
|turn|13
|c|☆Land Sea Air|Hax omg
|
|t:|1779639348
|move|p2a: Forbidden Crown|Synthesis|p2a: Forbidden Crown
|-heal|p2a: Forbidden Crown|88/100
|move|p1a: Clefable|Stealth Rock|p2a: Forbidden Crown
|-sidestart|p2: Land Sea Air|move: Stealth Rock
|
|upkeep
|turn|14
|
|t:|1779639354
|move|p2a: Forbidden Crown|Leech Seed|p1a: Clefable
|-start|p1a: Clefable|move: Leech Seed
|move|p1a: Clefable|Moonblast|p2a: Forbidden Crown
|-damage|p2a: Forbidden Crown|65/100
|
|-damage|p1a: Clefable|88/100|[from] Leech Seed|[of] p2a: Forbidden Crown
|-heal|p2a: Forbidden Crown|86/100|[silent]
|upkeep
|turn|15
|
|t:|1779639364
|move|p2a: Forbidden Crown|U-turn|p1a: Clefable
|-resisted|p1a: Clefable
|-damage|p1a: Clefable|82/100
|
|t:|1779639367
|switch|p2a: The Fiend!!|Incineroar, M|100/100|[from] U-turn
|-ability|p2a: The Fiend!!|Intimidate|boost
|-unboost|p1a: Clefable|atk|1
|move|p1a: Clefable|Moonblast|p2a: The Fiend!!
|-damage|p2a: The Fiend!!|71/100
|-unboost|p2a: The Fiend!!|spa|1
|
|-heal|p1a: Clefable|88/100|[from] item: Leftovers
|-damage|p1a: Clefable|76/100|[from] Leech Seed|[of] p2a: The Fiend!!
|-heal|p2a: The Fiend!!|83/100|[silent]
|upkeep
|turn|16
|l|‽ARMAAN3660
|inactive|ARMAAN3660 disconnected and has a minute to reconnect!
|player|p1|
|j|☆ARMAAN3660
|inactive|ARMAAN3660 reconnected and has 130 seconds left.
|player|p1|ARMAAN3660|gentleman-gen4|
|
|t:|1779639393
|move|p2a: The Fiend!!|Fake Out|p1a: Clefable
|-crit|p1a: Clefable
|-damage|p1a: Clefable|53/100
|cant|p1a: Clefable|flinch
|
|-heal|p1a: Clefable|59/100|[from] item: Leftovers
|-damage|p1a: Clefable|47/100|[from] Leech Seed|[of] p2a: The Fiend!!
|-heal|p2a: The Fiend!!|96/100|[silent]
|upkeep
|turn|17
|
|t:|1779639408
|move|p2a: The Fiend!!|Earthquake|p1a: Clefable
|-damage|p1a: Clefable|10/100
|move|p1a: Clefable|Moonlight|p1a: Clefable
|-heal|p1a: Clefable|60/100
|
|-heal|p1a: Clefable|66/100|[from] item: Leftovers
|-damage|p1a: Clefable|54/100|[from] Leech Seed|[of] p2a: The Fiend!!
|-heal|p2a: The Fiend!!|100/100|[silent]
|upkeep
|turn|18
|
|t:|1779639422
|move|p2a: The Fiend!!|Earthquake|p1a: Clefable
|-damage|p1a: Clefable|17/100
|move|p1a: Clefable|Moonblast|p2a: The Fiend!!
|-damage|p2a: The Fiend!!|70/100
|-unboost|p2a: The Fiend!!|spa|1
|
|-heal|p1a: Clefable|23/100|[from] item: Leftovers
|-damage|p1a: Clefable|11/100|[from] Leech Seed|[of] p2a: The Fiend!!
|-heal|p2a: The Fiend!!|82/100|[silent]
|upkeep
|turn|19
|
|t:|1779639433
|switch|p1a: Dragapult|Dragapult, M|100/100
|move|p2a: The Fiend!!|Leech Life|p1a: Dragapult
|-resisted|p1a: Dragapult
|-damage|p1a: Dragapult|83/100
|-heal|p2a: The Fiend!!|89/100|[from] drain|[of] p1a: Dragapult
|
|upkeep
|turn|20
|l|☆ARMAAN3660
|inactive|ARMAAN3660 disconnected and has a minute to reconnect!
|player|p1|
|j|☆ARMAAN3660
|inactive|ARMAAN3660 reconnected and has 105 seconds left.
|player|p1|ARMAAN3660|gentleman-gen4|
|
|t:|1779639478
|switch|p2a: Forbidden Crown|Comfey, F, shiny|86/100
|-damage|p2a: Forbidden Crown|74/100|[from] Stealth Rock
|move|p1a: Dragapult|Dragon Darts|p2a: Forbidden Crown
|-immune|p2a: Forbidden Crown
|
|upkeep
|turn|21
|
|t:|1779639486
|switch|p1a: Clefable|Clefable, F|11/100
|move|p2a: Forbidden Crown|Leech Seed|p1a: Clefable
|-start|p1a: Clefable|move: Leech Seed
|
|-heal|p1a: Clefable|17/100|[from] item: Leftovers
|-damage|p1a: Clefable|5/100|[from] Leech Seed|[of] p2a: Forbidden Crown
|-heal|p2a: Forbidden Crown|95/100|[silent]
|upkeep
|turn|22
|
|t:|1779639496
|move|p2a: Forbidden Crown|U-turn|p1a: Clefable
|-resisted|p1a: Clefable
|-damage|p1a: Clefable|0 fnt
|faint|p1a: Clefable
|
|t:|1779639504
|switch|p2a: Avallo Pizarro|Glimmora, M|100/100|[from] U-turn
|-damage|p2a: Avallo Pizarro|88/100|[from] Stealth Rock
|
|upkeep
|
|t:|1779639509
|switch|p1a: Dragapult|Dragapult, M|83/100
|turn|23
|
|t:|1779639513
|move|p1a: Dragapult|Psychic Fangs|p2a: Avallo Pizarro
|-damage|p2a: Avallo Pizarro|0 fnt
|replace|p2a: Caterina Devon|Zoroark-Hisui, F, shiny
|-end|p2a: Caterina Devon|Illusion
|faint|p2a: Caterina Devon
|
|upkeep
|
|t:|1779639524
|switch|p2a: The Fiend!!|Incineroar, M|89/100
|-ability|p2a: The Fiend!!|Intimidate|boost
|-unboost|p1a: Dragapult|atk|1
|turn|24
|
|t:|1779639531
|switch|p1a: Rillaboom|Rillaboom, M|37/100
|-fieldstart|move: Grassy Terrain|[from] ability: Grassy Surge|[of] p1a: Rillaboom
|move|p2a: The Fiend!!|Earthquake|p1a: Rillaboom
|-resisted|p1a: Rillaboom
|-damage|p1a: Rillaboom|29/100
|
|-heal|p1a: Rillaboom|36/100|[from] Grassy Terrain
|-heal|p2a: The Fiend!!|95/100|[from] Grassy Terrain
|upkeep
|turn|25
|
|t:|1779639544
|-terastallize|p2a: The Fiend!!|Bug
|move|p1a: Rillaboom|Drain Punch|p2a: The Fiend!!
|-resisted|p2a: The Fiend!!
|-damage|p2a: The Fiend!!|77/100
|-heal|p1a: Rillaboom|45/100|[from] drain|[of] p2a: The Fiend!!
|move|p2a: The Fiend!!|Leech Life|p1a: Rillaboom
|-supereffective|p1a: Rillaboom
|-crit|p1a: Rillaboom
|-damage|p1a: Rillaboom|0 fnt
|-heal|p2a: The Fiend!!|99/100|[from] drain|[of] p1a: Rillaboom
|faint|p1a: Rillaboom
|
|-heal|p2a: The Fiend!!|100/100|[from] Grassy Terrain
|upkeep
|
|t:|1779639557
|switch|p1a: Dragapult|Dragapult, M|83/100
|turn|26
|
|t:|1779639566
|move|p1a: Dragapult|Psychic Fangs|p2a: The Fiend!!
|-damage|p2a: The Fiend!!|56/100
|move|p2a: The Fiend!!|Parting Shot|p1a: Dragapult
|-unboost|p1a: Dragapult|atk|1
|-unboost|p1a: Dragapult|spa|1
|
|t:|1779639573
|switch|p2a: Forbidden Crown|Comfey, F, shiny|95/100|[from] Parting Shot
|-damage|p2a: Forbidden Crown|82/100|[from] Stealth Rock
|
|-heal|p1a: Dragapult|89/100|[from] Grassy Terrain
|-heal|p2a: Forbidden Crown|88/100|[from] Grassy Terrain
|upkeep
|turn|27
|
|t:|1779639581
|move|p1a: Dragapult|Psychic Fangs|p2a: Forbidden Crown
|-damage|p2a: Forbidden Crown|52/100
|move|p2a: Forbidden Crown|Leech Seed|p1a: Dragapult
|-start|p1a: Dragapult|move: Leech Seed
|
|-heal|p1a: Dragapult|95/100|[from] Grassy Terrain
|-heal|p2a: Forbidden Crown|59/100|[from] Grassy Terrain
|-damage|p1a: Dragapult|83/100|[from] Leech Seed|[of] p2a: Forbidden Crown
|-heal|p2a: Forbidden Crown|75/100|[silent]
|upkeep
|turn|28
|
|t:|1779639591
|switch|p1a: Kingambit|Kingambit, M|100/100
|-activate|p1a: Kingambit|ability: Supreme Overlord
|-start|p1a: Kingambit|fallen4|[silent]
|move|p2a: Forbidden Crown|Protect||[still]
|-fail|p2a: Forbidden Crown
|
|-heal|p2a: Forbidden Crown|82/100|[from] Grassy Terrain
|-fieldend|move: Grassy Terrain
|upkeep
|turn|29
|
|t:|1779639606
|switch|p2a: The Fiend!!|Incineroar, M, tera:Bug|56/100
|-ability|p2a: The Fiend!!|Intimidate|boost
|-unboost|p1a: Kingambit|atk|1
|move|p1a: Kingambit|Iron Head|p2a: The Fiend!!
|-damage|p2a: The Fiend!!|14/100
|
|upkeep
|turn|30
|
|t:|1779639615
|move|p2a: The Fiend!!|Fake Out|p1a: Kingambit
|-resisted|p1a: Kingambit
|-damage|p1a: Kingambit|95/100
|cant|p1a: Kingambit|flinch
|
|upkeep
|turn|31
|
|t:|1779639625
|move|p1a: Kingambit|Sucker Punch|p2a: The Fiend!!
|-damage|p2a: The Fiend!!|0 fnt
|faint|p2a: The Fiend!!
|
|upkeep
|
|t:|1779639634
|switch|p2a: Forbidden Crown|Comfey, F, shiny|82/100
|-damage|p2a: Forbidden Crown|69/100|[from] Stealth Rock
|turn|32
|
|t:|1779639639
|move|p2a: Forbidden Crown|Leech Seed|p1a: Kingambit
|-start|p1a: Kingambit|move: Leech Seed
|move|p1a: Kingambit|Iron Head|p2a: Forbidden Crown
|-supereffective|p2a: Forbidden Crown
|-damage|p2a: Forbidden Crown|0 fnt
|faint|p2a: Forbidden Crown
|
|upkeep
|
|t:|1779639646
|switch|p2a: Avallo Pizarro|Glimmora, M|100/100
|-damage|p2a: Avallo Pizarro|88/100|[from] Stealth Rock
|turn|33
|
|t:|1779639655
|move|p1a: Kingambit|Sucker Punch|p2a: Avallo Pizarro
|-damage|p2a: Avallo Pizarro|40/100
|-activate|p2a: Avallo Pizarro|ability: Toxic Debris
|-sidestart|p1: ARMAAN3660|move: Toxic Spikes
|move|p2a: Avallo Pizarro|Earth Power|p1a: Kingambit
|-supereffective|p1a: Kingambit
|-damage|p1a: Kingambit|18/100
|
|-damage|p1a: Kingambit|5/100|[from] Leech Seed|[of] p2a: Avallo Pizarro
|-heal|p2a: Avallo Pizarro|56/100|[silent]
|upkeep
|turn|34
|
|t:|1779639669
|move|p1a: Kingambit|Sucker Punch|p2a: Avallo Pizarro
|-damage|p2a: Avallo Pizarro|13/100
|-activate|p2a: Avallo Pizarro|ability: Toxic Debris
|-sidestart|p1: ARMAAN3660|move: Toxic Spikes
|move|p2a: Avallo Pizarro|Power Gem|p1a: Kingambit
|-resisted|p1a: Kingambit
|-damage|p1a: Kingambit|0 fnt
|faint|p1a: Kingambit
|-end|p1a: Kingambit|fallen4|[silent]
|
|upkeep
|
|t:|1779639677
|switch|p1a: Dragapult|Dragapult, M|83/100
|-status|p1a: Dragapult|tox
|turn|35
|
|t:|1779639685
|move|p1a: Dragapult|Psychic Fangs|p2a: Avallo Pizarro
|-supereffective|p2a: Avallo Pizarro
|-damage|p2a: Avallo Pizarro|0 fnt
|faint|p2a: Avallo Pizarro
|
|win|ARMAAN3660
|raw|ARMAAN3660's rating: 1244 &rarr; <strong>1273</strong><br />(+29 for winning)
|raw|Land Sea Air's rating: 1302 &rarr; <strong>1279</strong><br />(-23 for losing)
