|j|☆lcscarini
|j|☆fenixkarde
|t:|1779584959
|gametype|singles
|player|p1|lcscarini|red|1073
|player|p2|fenixkarde|2|1114
|gen|9
|tier|[Gen 9] OU
|rated|
|rule|HP Percentage Mod: HP is shown in percentages
|rule|Endless Battle Clause: Forcing endless battles is banned
|rule|Species Clause: Limit one of each Pokémon
|rule|OHKO Clause: OHKO moves are banned
|rule|Evasion Items Clause: Evasion items are banned
|rule|Evasion Moves Clause: Evasion moves are banned
|rule|Evasion Abilities Clause: Evasion abilities are banned
|rule|Sleep Moves Clause: Sleep-inducing moves are banned
|clearpoke
|poke|p1|Kingambit, M|
|poke|p1|Gliscor, M|
|poke|p1|Spiritomb, M|
|poke|p1|Dondozo, M|
|poke|p1|Garganacl, M|
|poke|p1|Glimmora, M|
|poke|p2|Pikachu-Sinnoh, M|
|poke|p2|Charizard, M|
|poke|p2|Sceptile, F|
|poke|p2|Infernape, M|
|poke|p2|Krookodile, M|
|poke|p2|Greninja-*, M|
|teampreview
|
|t:|1779584965
|teamsize|p1|6
|teamsize|p2|6
|start
|switch|p1a: Spiritomb|Spiritomb, M|100/100
|switch|p2a: Greninja|Greninja, M|100/100
|turn|1
|
|t:|1779584990
|move|p2a: Greninja|Dark Pulse|p1a: Spiritomb
|-damage|p1a: Spiritomb|51/100
|-damage|p2a: Greninja|91/100|[from] item: Life Orb
|move|p1a: Spiritomb|Trick Room|p1a: Spiritomb
|-fieldstart|move: Trick Room|[of] p1a: Spiritomb
|
|-heal|p1a: Spiritomb|58/100|[from] item: Leftovers
|upkeep
|turn|2
|
|t:|1779585008
|switch|p2a: Krookodile|Krookodile, M, shiny|100/100
|-ability|p2a: Krookodile|Intimidate|boost
|-unboost|p1a: Spiritomb|atk|1
|move|p1a: Spiritomb|Dark Pulse|p2a: Krookodile
|-resisted|p2a: Krookodile
|-damage|p2a: Krookodile|81/100
|
|-heal|p1a: Spiritomb|64/100|[from] item: Leftovers
|upkeep
|turn|3
|
|t:|1779585031
|switch|p1a: Gliscor|Gliscor, M|100/100
|move|p2a: Krookodile|Crunch|p1a: Gliscor
|-damage|p1a: Gliscor|75/100
|
|-status|p1a: Gliscor|tox|[from] item: Toxic Orb
|upkeep
|turn|4
|
|t:|1779585042
|move|p1a: Gliscor|Earthquake|p2a: Krookodile
|-damage|p2a: Krookodile|46/100
|move|p2a: Krookodile|Crunch|p1a: Gliscor
|-damage|p1a: Gliscor|46/100 tox
|
|-heal|p1a: Gliscor|58/100 tox|[from] ability: Poison Heal
|upkeep
|turn|5
|
|t:|1779585049
|move|p1a: Gliscor|Protect|p1a: Gliscor
|-singleturn|p1a: Gliscor|Protect
|move|p2a: Krookodile|Crunch|p1a: Gliscor
|-activate|p1a: Gliscor|move: Protect
|
|-heal|p1a: Gliscor|71/100 tox|[from] ability: Poison Heal
|-fieldend|move: Trick Room
|upkeep
|turn|6
|
|t:|1779585057
|move|p2a: Krookodile|Crunch|p1a: Gliscor
|-damage|p1a: Gliscor|44/100 tox
|move|p1a: Gliscor|Earthquake|p2a: Krookodile
|-damage|p2a: Krookodile|13/100
|
|-heal|p1a: Gliscor|57/100 tox|[from] ability: Poison Heal
|upkeep
|turn|7
|
|t:|1779585065
|switch|p2a: Greninja|Greninja, M|91/100
|move|p1a: Gliscor|Protect||[still]
|-fail|p1a: Gliscor
|
|-heal|p1a: Gliscor|69/100 tox|[from] ability: Poison Heal
|upkeep
|turn|8
|
|t:|1779585073
|-terastallize|p1a: Gliscor|Normal
|move|p2a: Greninja|Ice Beam|p1a: Gliscor
|-damage|p1a: Gliscor|27/100 tox
|-damage|p2a: Greninja|81/100|[from] item: Life Orb
|move|p1a: Gliscor|Toxic|p2a: Greninja
|-status|p2a: Greninja|tox
|
|-damage|p2a: Greninja|75/100 tox|[from] psn
|-heal|p1a: Gliscor|39/100 tox|[from] ability: Poison Heal
|upkeep
|turn|9
|
|t:|1779585087
|move|p1a: Gliscor|Protect|p1a: Gliscor
|-singleturn|p1a: Gliscor|Protect
|move|p2a: Greninja|Ice Beam|p1a: Gliscor
|-activate|p1a: Gliscor|move: Protect
|
|-damage|p2a: Greninja|62/100 tox|[from] psn
|-heal|p1a: Gliscor|52/100 tox|[from] ability: Poison Heal
|upkeep
|turn|10
|
|t:|1779585097
|move|p2a: Greninja|Hydro Pump|p1a: Gliscor
|-damage|p1a: Gliscor|0 fnt
|faint|p1a: Gliscor
|-ability|p2a: Greninja|Battle Bond|boost
|-boost|p2a: Greninja|atk|1
|-boost|p2a: Greninja|spa|1
|-boost|p2a: Greninja|spe|1
|-activate|p2a: Greninja|ability: Battle Bond
|-damage|p2a: Greninja|52/100 tox|[from] item: Life Orb
|
|-damage|p2a: Greninja|34/100 tox|[from] psn
|upkeep
|
|t:|1779585112
|switch|p1a: Dondozo|Dondozo, M|100/100
|turn|11
|
|t:|1779585116
|move|p2a: Greninja|Grass Knot|p1a: Dondozo
|-supereffective|p1a: Dondozo
|-damage|p1a: Dondozo|18/100
|-damage|p2a: Greninja|24/100 tox|[from] item: Life Orb
|move|p1a: Dondozo|Wave Crash|p2a: Greninja
|-resisted|p2a: Greninja
|-crit|p2a: Greninja
|-damage|p2a: Greninja|0 fnt
|faint|p2a: Greninja
|-damage|p1a: Dondozo|13/100|[from] Recoil
|
|-heal|p1a: Dondozo|20/100|[from] item: Leftovers
|upkeep
|
|t:|1779585120
|switch|p2a: Pikachu|Pikachu-Sinnoh, M|100/100
|turn|12
|
|t:|1779585130
|switch|p1a: Garganacl|Garganacl, M|100/100
|move|p2a: Pikachu|Wild Charge|p1a: Garganacl
|-damage|p1a: Garganacl|68/100
|-damage|p2a: Pikachu|86/100|[from] Recoil
|
|-heal|p1a: Garganacl|74/100|[from] item: Leftovers
|upkeep
|turn|13
|
|t:|1779585138
|move|p2a: Pikachu|Iron Tail|p1a: Garganacl
|-supereffective|p1a: Garganacl
|-damage|p1a: Garganacl|28/100
|move|p1a: Garganacl|Salt Cure|p2a: Pikachu
|-damage|p2a: Pikachu|39/100
|-start|p2a: Pikachu|Salt Cure
|
|-heal|p1a: Garganacl|34/100|[from] item: Leftovers
|-damage|p2a: Pikachu|27/100|[from] Salt Cure
|upkeep
|turn|14
|
|t:|1779585149
|switch|p1a: Spiritomb|Spiritomb, M|64/100
|move|p2a: Pikachu|Knock Off|p1a: Spiritomb
|-damage|p1a: Spiritomb|25/100
|-enditem|p1a: Spiritomb|Leftovers|[from] move: Knock Off|[of] p2a: Pikachu
|
|-damage|p2a: Pikachu|15/100|[from] Salt Cure
|upkeep
|turn|15
|
|t:|1779585164
|move|p2a: Pikachu|Play Rough|p1a: Spiritomb
|-supereffective|p1a: Spiritomb
|-damage|p1a: Spiritomb|0 fnt
|faint|p1a: Spiritomb
|
|-damage|p2a: Pikachu|3/100|[from] Salt Cure
|upkeep
|
|t:|1779585175
|switch|p1a: Kingambit|Kingambit, M|100/100
|-activate|p1a: Kingambit|ability: Supreme Overlord
|-start|p1a: Kingambit|fallen2|[silent]
|-item|p1a: Kingambit|Air Balloon
|turn|16
|
|t:|1779585186
|move|p2a: Pikachu|Wild Charge|p1a: Kingambit
|-damage|p1a: Kingambit|59/100
|-enditem|p1a: Kingambit|Air Balloon
|-damage|p2a: Pikachu|0 fnt|[from] Recoil
|faint|p2a: Pikachu
|move|p1a: Kingambit|Swords Dance|p1a: Kingambit
|-boost|p1a: Kingambit|atk|2
|
|upkeep
|
|t:|1779585193
|switch|p2a: Krookodile|Krookodile, M, shiny|13/100
|-ability|p2a: Krookodile|Intimidate|boost
|-unboost|p1a: Kingambit|atk|1
|turn|17
|
|t:|1779585200
|move|p1a: Kingambit|Sucker Punch|p2a: Krookodile
|-resisted|p2a: Krookodile
|-damage|p2a: Krookodile|0 fnt
|faint|p2a: Krookodile
|
|upkeep
|
|t:|1779585210
|switch|p2a: Infernape|Infernape, M, shiny|100/100
|-item|p2a: Infernape|Air Balloon
|turn|18
|
|t:|1779585217
|-end|p1a: Kingambit|fallen2|[silent]
|switch|p1a: Glimmora|Glimmora, M|100/100
|move|p2a: Infernape|Fake Out|p1a: Glimmora
|-resisted|p1a: Glimmora
|-damage|p1a: Glimmora|95/100
|-activate|p1a: Glimmora|ability: Toxic Debris
|-sidestart|p2: fenixkarde|move: Toxic Spikes
|
|upkeep
|turn|19
|
|t:|1779585239
|switch|p2a: Sceptile|Sceptile, F, shiny|100/100
|-status|p2a: Sceptile|psn
|move|p1a: Glimmora|Stealth Rock|p2a: Sceptile
|-sidestart|p2: fenixkarde|move: Stealth Rock
|
|-damage|p2a: Sceptile|88/100 psn|[from] psn
|upkeep
|turn|20
|
|t:|1779585253
|switch|p1a: Kingambit|Kingambit, M|59/100
|-activate|p1a: Kingambit|ability: Supreme Overlord
|-start|p1a: Kingambit|fallen2|[silent]
|move|p2a: Sceptile|Leech Seed|p1a: Kingambit
|-start|p1a: Kingambit|move: Leech Seed
|
|-damage|p1a: Kingambit|47/100|[from] Leech Seed|[of] p2a: Sceptile
|-heal|p2a: Sceptile|100/100 psn|[silent]
|-damage|p2a: Sceptile|88/100 psn|[from] psn
|upkeep
|turn|21
|
|t:|1779585273
|switch|p2a: Infernape|Infernape, M, shiny|100/100
|-damage|p2a: Infernape|88/100|[from] Stealth Rock
|-item|p2a: Infernape|Air Balloon
|-end|p1a: Kingambit|fallen2|[silent]
|switch|p1a: Garganacl|Garganacl, M|34/100
|
|-heal|p1a: Garganacl|40/100|[from] item: Leftovers
|upkeep
|turn|22
|
|t:|1779585282
|move|p2a: Infernape|Fake Out|p1a: Garganacl
|-resisted|p1a: Garganacl
|-damage|p1a: Garganacl|36/100
|cant|p1a: Garganacl|flinch
|
|-heal|p1a: Garganacl|42/100|[from] item: Leftovers
|upkeep
|turn|23
|
|t:|1779585295
|move|p2a: Infernape|Close Combat|p1a: Garganacl
|-supereffective|p1a: Garganacl
|-damage|p1a: Garganacl|0 fnt
|-unboost|p2a: Infernape|def|1
|-unboost|p2a: Infernape|spd|1
|faint|p1a: Garganacl
|
|upkeep
|
|t:|1779585299
|switch|p1a: Dondozo|Dondozo, M|20/100
|turn|24
|
|t:|1779585311
|move|p2a: Infernape|Close Combat|p1a: Dondozo
|-damage|p1a: Dondozo|0 fnt
|-unboost|p2a: Infernape|def|1
|-unboost|p2a: Infernape|spd|1
|faint|p1a: Dondozo
|
|upkeep
|
|t:|1779585318
|switch|p1a: Glimmora|Glimmora, M|95/100
|turn|25
|
|t:|1779585324
|switch|p2a: Sceptile|Sceptile, F, shiny|88/100 psn
|-damage|p2a: Sceptile|76/100 psn|[from] Stealth Rock
|move|p1a: Glimmora|Mortal Spin|p2a: Sceptile
|-supereffective|p2a: Sceptile
|-damage|p2a: Sceptile|59/100 psn
|
|-damage|p2a: Sceptile|46/100 psn|[from] psn
|upkeep
|turn|26
|
|t:|1779585342
|move|p2a: Sceptile|Leech Seed|p1a: Glimmora
|-start|p1a: Glimmora|move: Leech Seed
|move|p1a: Glimmora|Spikes|p2a: Sceptile
|-sidestart|p2: fenixkarde|Spikes
|
|-damage|p1a: Glimmora|82/100|[from] Leech Seed|[of] p2a: Sceptile
|-heal|p2a: Sceptile|61/100 psn|[silent]
|-damage|p2a: Sceptile|49/100 psn|[from] psn
|upkeep
|turn|27
|
|t:|1779585354
|switch|p1a: Kingambit|Kingambit, M|47/100
|-activate|p1a: Kingambit|ability: Supreme Overlord
|-start|p1a: Kingambit|fallen4|[silent]
|move|p2a: Sceptile|Leaf Storm|p1a: Kingambit
|-resisted|p1a: Kingambit
|-damage|p1a: Kingambit|10/100
|-unboost|p2a: Sceptile|spa|2
|-enditem|p2a: Sceptile|White Herb
|-clearnegativeboost|p2a: Sceptile|[silent]
|
|-damage|p2a: Sceptile|37/100 psn|[from] psn
|upkeep
|turn|28
|
|t:|1779585367
|move|p1a: Kingambit|Sucker Punch|p2a: Sceptile
|-damage|p2a: Sceptile|0 fnt
|faint|p2a: Sceptile
|
|upkeep
|
|t:|1779585370
|switch|p2a: Infernape|Infernape, M, shiny|88/100
|-damage|p2a: Infernape|76/100|[from] Stealth Rock
|-item|p2a: Infernape|Air Balloon
|turn|29
|inactive|Battle timer is ON: inactive players will automatically lose when time's up. (requested by fenixkarde)
|
|t:|1779585380
|move|p2a: Infernape|Fake Out|p1a: Kingambit
|-resisted|p1a: Kingambit
|-damage|p1a: Kingambit|4/100
|cant|p1a: Kingambit|flinch
|
|upkeep
|turn|30
|
|t:|1779585392
|move|p1a: Kingambit|Sucker Punch|p2a: Infernape
|-resisted|p2a: Infernape
|-damage|p2a: Infernape|37/100
|-enditem|p2a: Infernape|Air Balloon
|move|p2a: Infernape|Flare Blitz|p1a: Kingambit
|-supereffective|p1a: Kingambit
|-damage|p1a: Kingambit|0 fnt
|faint|p1a: Kingambit
|-end|p1a: Kingambit|fallen4|[silent]
|-damage|p2a: Infernape|36/100|[from] Recoil
|
|upkeep
|
|t:|1779585401
|switch|p1a: Glimmora|Glimmora, M|82/100
|turn|31
|
|t:|1779585408
|move|p2a: Infernape|Close Combat|p1a: Glimmora
|-damage|p1a: Glimmora|32/100
|-unboost|p2a: Infernape|def|1
|-unboost|p2a: Infernape|spd|1
|-activate|p1a: Glimmora|ability: Toxic Debris
|-sidestart|p2: fenixkarde|move: Toxic Spikes
|move|p1a: Glimmora|Mortal Spin|p2a: Infernape
|-damage|p2a: Infernape|21/100
|-status|p2a: Infernape|psn
|
|-damage|p2a: Infernape|9/100 psn|[from] psn
|upkeep
|turn|32
|
|t:|1779585416
|move|p2a: Infernape|Close Combat|p1a: Glimmora
|-damage|p1a: Glimmora|0 fnt
|-unboost|p2a: Infernape|def|1
|-unboost|p2a: Infernape|spd|1
|faint|p1a: Glimmora
|
|win|fenixkarde
|raw|lcscarini's rating: 1073 &rarr; <strong>1053</strong><br />(-20 for losing)
|raw|fenixkarde's rating: 1086 &rarr; <strong>1112</strong><br />(+26 for winning)
|l|☆lcscarini
|player|p1|
|l|☆fenixkarde
|player|p2|
