|j|☆TrulyRogue_OG
|j|☆IsaiahZX7
|t:|1779620392
|gametype|singles
|player|p1|TrulyRogue_OG|hugh|1100
|player|p2|IsaiahZX7|cynthia-gen4|1079
|gen|9
|tier|[Gen 9] OU
|rated|
|rule|HP Percentage Mod: HP is shown in percentages
|rule|Endless Battle Clause: Forcing endless battles is banned
|rule|Species Clause: Limit one of each Pokémon
|rule|OHKO Clause: OHKO moves are banned
|rule|Evasion Items Clause: Evasion items are banned
|rule|Evasion Moves Clause: Evasion moves are banned
|rule|Evasion Abilities Clause: Evasion abilities are banned
|rule|Sleep Moves Clause: Sleep-inducing moves are banned
|clearpoke
|poke|p1|Kingambit, M|
|poke|p1|Kommo-o, M|
|poke|p1|Iron Valiant|
|poke|p1|Kyurem|
|poke|p1|Iron Treads|
|poke|p1|Iron Crown|
|poke|p2|Weavile, M|
|poke|p2|Moltres|
|poke|p2|Ogerpon-Wellspring, F|
|poke|p2|Great Tusk|
|poke|p2|Gholdengo|
|poke|p2|Zamazenta-*|
|teampreview
|
|t:|1779620418
|teamsize|p1|6
|teamsize|p2|6
|start
|switch|p1a: Kommo-o|Kommo-o, M|100/100
|switch|p2a: Gholdengo|Gholdengo|100/100
|turn|1
|
|t:|1779620425
|move|p2a: Gholdengo|Trick|p1a: Kommo-o
|-activate|p2a: Gholdengo|move: Trick|[of] p1a: Kommo-o
|-item|p1a: Kommo-o|Choice Scarf|[from] move: Trick
|-item|p2a: Gholdengo|Leftovers|[from] move: Trick
|move|p1a: Kommo-o|Substitute|p1a: Kommo-o
|-start|p1a: Kommo-o|Substitute
|-damage|p1a: Kommo-o|75/100
|
|upkeep
|turn|2
|
|t:|1779620458
|switch|p1a: Iron Treads|Iron Treads|100/100
|-enditem|p1a: Iron Treads|Booster Energy
|-activate|p1a: Iron Treads|ability: Quark Drive|[fromitem]
|-start|p1a: Iron Treads|quarkdrivespe
|switch|p2a: Weavile|Weavile, M|100/100
|-ability|p2a: Weavile|Pressure
|
|upkeep
|turn|3
|
|t:|1779620470
|switch|p2a: Ogerpon|Ogerpon-Wellspring, F|100/100
|move|p1a: Iron Treads|Earthquake|p2a: Ogerpon
|-resisted|p2a: Ogerpon
|-damage|p2a: Ogerpon|74/100
|
|upkeep
|turn|4
|
|t:|1779620484
|-end|p1a: Iron Treads|Quark Drive|[silent]
|switch|p1a: Kyurem|Kyurem|100/100
|-ability|p1a: Kyurem|Pressure
|move|p2a: Ogerpon|Spikes|p1a: Kyurem
|-sidestart|p1: TrulyRogue_OG|Spikes
|
|upkeep
|turn|5
|
|t:|1779620498
|switch|p2a: Zamazenta|Zamazenta|100/100
|-ability|p2a: Zamazenta|Dauntless Shield|boost
|-boost|p2a: Zamazenta|def|1
|move|p1a: Kyurem|Dragon Dance|p1a: Kyurem
|-boost|p1a: Kyurem|atk|1
|-boost|p1a: Kyurem|spe|1
|
|upkeep
|turn|6
|
|t:|1779620510
|move|p1a: Kyurem|Scale Shot|p2a: Zamazenta
|-crit|p2a: Zamazenta
|-damage|p2a: Zamazenta|78/100
|-damage|p2a: Zamazenta|69/100
|-damage|p2a: Zamazenta|59/100
|-damage|p2a: Zamazenta|48/100
|-hitcount|p2a: Zamazenta|4
|-unboost|p1a: Kyurem|def|1
|-boost|p1a: Kyurem|spe|1
|move|p2a: Zamazenta|Iron Defense|p2a: Zamazenta
|-boost|p2a: Zamazenta|def|2
|
|upkeep
|turn|7
|
|t:|1779620524
|move|p1a: Kyurem|Icicle Spear|p2a: Zamazenta
|-damage|p2a: Zamazenta|42/100
|-damage|p2a: Zamazenta|37/100
|-damage|p2a: Zamazenta|31/100
|-damage|p2a: Zamazenta|25/100
|-damage|p2a: Zamazenta|19/100
|-hitcount|p2a: Zamazenta|5
|move|p2a: Zamazenta|Rest|p2a: Zamazenta
|-status|p2a: Zamazenta|slp|[from] move: Rest
|-heal|p2a: Zamazenta|100/100 slp|[silent]
|-enditem|p2a: Zamazenta|Chesto Berry|[eat]
|-curestatus|p2a: Zamazenta|slp|[msg]
|
|upkeep
|turn|8
|
|t:|1779620536
|move|p1a: Kyurem|Earth Power|p2a: Zamazenta
|-damage|p2a: Zamazenta|76/100
|move|p2a: Zamazenta|Body Press|p1a: Kyurem
|-supereffective|p1a: Kyurem
|-damage|p1a: Kyurem|0 fnt
|faint|p1a: Kyurem
|
|upkeep
|
|t:|1779620548
|switch|p1a: Kommo-o|Kommo-o, M|75/100
|-damage|p1a: Kommo-o|63/100|[from] Spikes
|turn|9
|
|t:|1779620558
|move|p1a: Kommo-o|Drain Punch|p2a: Zamazenta
|-damage|p2a: Zamazenta|67/100
|-heal|p1a: Kommo-o|68/100|[from] drain|[of] p2a: Zamazenta
|move|p2a: Zamazenta|Body Press|p1a: Kommo-o
|-damage|p1a: Kommo-o|2/100
|
|upkeep
|turn|10
|
|t:|1779620566
|move|p1a: Kommo-o|Drain Punch|p2a: Zamazenta
|-damage|p2a: Zamazenta|59/100
|-heal|p1a: Kommo-o|6/100|[from] drain|[of] p2a: Zamazenta
|move|p2a: Zamazenta|Body Press|p1a: Kommo-o
|-damage|p1a: Kommo-o|0 fnt
|faint|p1a: Kommo-o
|
|upkeep
|
|t:|1779620578
|switch|p1a: Iron Valiant|Iron Valiant|100/100
|-damage|p1a: Iron Valiant|88/100|[from] Spikes
|-enditem|p1a: Iron Valiant|Booster Energy
|-activate|p1a: Iron Valiant|ability: Quark Drive|[fromitem]
|-start|p1a: Iron Valiant|quarkdrivespe
|turn|11
|
|t:|1779620598
|switch|p2a: Moltres|Moltres|100/100
|move|p1a: Iron Valiant|Moonblast|p2a: Moltres
|-resisted|p2a: Moltres
|-damage|p2a: Moltres|82/100
|
|upkeep
|turn|12
|
|t:|1779620607
|-end|p1a: Iron Valiant|Quark Drive|[silent]
|switch|p1a: Iron Treads|Iron Treads|100/100
|-damage|p1a: Iron Treads|88/100|[from] Spikes
|move|p2a: Moltres|U-turn|p1a: Iron Treads
|-resisted|p1a: Iron Treads
|-damage|p1a: Iron Treads|83/100
|
|t:|1779620613
|switch|p2a: Ogerpon|Ogerpon-Wellspring, F|74/100|[from] U-turn
|
|upkeep
|turn|13
|
|t:|1779620619
|move|p1a: Iron Treads|Stealth Rock|p2a: Ogerpon
|-sidestart|p2: IsaiahZX7|move: Stealth Rock
|move|p2a: Ogerpon|Ivy Cudgel|p1a: Iron Treads|[anim] Ivy Cudgel Water
|-supereffective|p1a: Iron Treads
|-damage|p1a: Iron Treads|0 fnt
|faint|p1a: Iron Treads
|-end|p1a: Iron Treads|Quark Drive|[silent]
|
|upkeep
|
|t:|1779620627
|switch|p1a: Iron Crown|Iron Crown|100/100
|-damage|p1a: Iron Crown|88/100|[from] Spikes
|-enditem|p1a: Iron Crown|Booster Energy
|-activate|p1a: Iron Crown|ability: Quark Drive|[fromitem]
|-start|p1a: Iron Crown|quarkdrivespe
|turn|14
|
|t:|1779620645
|move|p1a: Iron Crown|Calm Mind|p1a: Iron Crown
|-boost|p1a: Iron Crown|spa|1
|-boost|p1a: Iron Crown|spd|1
|move|p2a: Ogerpon|U-turn|p1a: Iron Crown
|-damage|p1a: Iron Crown|59/100
|
|t:|1779620648
|switch|p2a: Weavile|Weavile, M|100/100|[from] U-turn
|-ability|p2a: Weavile|Pressure
|
|upkeep
|turn|15
|
|t:|1779620654
|-terastallize|p1a: Iron Crown|Fighting
|move|p1a: Iron Crown|Focus Blast|p2a: Weavile
|-supereffective|p2a: Weavile
|-damage|p2a: Weavile|0 fnt
|faint|p2a: Weavile
|
|upkeep
|
|t:|1779620664
|switch|p2a: Great Tusk|Great Tusk|100/100
|-damage|p2a: Great Tusk|98/100|[from] Stealth Rock
|turn|16
|
|t:|1779620674
|-terastallize|p2a: Great Tusk|Water
|move|p1a: Iron Crown|Psychic Noise|p2a: Great Tusk
|-damage|p2a: Great Tusk|16/100
|-start|p2a: Great Tusk|move: Heal Block
|move|p2a: Great Tusk|Rapid Spin|p1a: Iron Crown
|-damage|p1a: Iron Crown|42/100
|-boost|p2a: Great Tusk|spe|1
|-sideend|p2: IsaiahZX7|Stealth Rock|[from] move: Rapid Spin|[of] p2a: Great Tusk
|
|upkeep
|turn|17
|
|t:|1779620691
|move|p1a: Iron Crown|Psychic Noise|p2a: Great Tusk
|-damage|p2a: Great Tusk|0 fnt
|faint|p2a: Great Tusk
|-end|p2a: Great Tusk|Protosynthesis|[silent]
|
|upkeep
|
|t:|1779620696
|switch|p2a: Gholdengo|Gholdengo|100/100
|turn|18
|
|t:|1779620702
|move|p1a: Iron Crown|Tachyon Cutter|p2a: Gholdengo
|-resisted|p2a: Gholdengo
|-crit|p2a: Gholdengo
|-damage|p2a: Gholdengo|71/100
|-resisted|p2a: Gholdengo
|-damage|p2a: Gholdengo|51/100
|-hitcount|p2a: Gholdengo|2
|move|p2a: Gholdengo|Shadow Ball|p1a: Iron Crown
|-damage|p1a: Iron Crown|17/100
|
|-heal|p2a: Gholdengo|57/100|[from] item: Leftovers
|upkeep
|turn|19
|
|t:|1779620716
|move|p1a: Iron Crown|Psychic Noise|p2a: Gholdengo
|-resisted|p2a: Gholdengo
|-damage|p2a: Gholdengo|24/100
|-start|p2a: Gholdengo|move: Heal Block
|move|p2a: Gholdengo|Shadow Ball|p1a: Iron Crown
|-damage|p1a: Iron Crown|0 fnt
|faint|p1a: Iron Crown
|-end|p1a: Iron Crown|Quark Drive|[silent]
|
|upkeep
|
|t:|1779620725
|switch|p1a: Iron Valiant|Iron Valiant|88/100
|-damage|p1a: Iron Valiant|76/100|[from] Spikes
|turn|20
|
|t:|1779620740
|move|p1a: Iron Valiant|Calm Mind|p1a: Iron Valiant
|-boost|p1a: Iron Valiant|spa|1
|-boost|p1a: Iron Valiant|spd|1
|move|p2a: Gholdengo|Make It Rain|p1a: Iron Valiant
|-supereffective|p1a: Iron Valiant
|-damage|p1a: Iron Valiant|0 fnt
|-unboost|p2a: Gholdengo|spa|1
|faint|p1a: Iron Valiant
|-end|p1a: Iron Valiant|Quark Drive|[silent]
|
|-end|p2a: Gholdengo|move: Heal Block
|upkeep
|inactive|Battle timer is ON: inactive players will automatically lose when time's up. (requested by TrulyRogue_OG)
|
|t:|1779620750
|switch|p1a: Kingambit|Kingambit, M|100/100
|-damage|p1a: Kingambit|88/100|[from] Spikes
|-activate|p1a: Kingambit|ability: Supreme Overlord
|-start|p1a: Kingambit|fallen5|[silent]
|turn|21
|inactive|IsaiahZX7 has 120 seconds left.
|
|t:|1779620781
|move|p2a: Gholdengo|Focus Blast|p1a: Kingambit
|-supereffective|p1a: Kingambit
|-damage|p1a: Kingambit|0 fnt
|faint|p1a: Kingambit
|-end|p1a: Kingambit|fallen5|[silent]
|
|win|IsaiahZX7
|raw|TrulyRogue_OG's rating: 1100 &rarr; <strong>1073</strong><br />(-27 for losing)
|raw|IsaiahZX7's rating: 1079 &rarr; <strong>1109</strong><br />(+30 for winning)
