|j|☆nugberto
|j|☆There bread
|t:|1779639894
|gametype|singles
|player|p1|nugberto|burgh|1108
|player|p2|There bread|brycen|1160
|gen|9
|tier|[Gen 9] OU
|rated|
|rule|HP Percentage Mod: HP is shown in percentages
|rule|Endless Battle Clause: Forcing endless battles is banned
|rule|Species Clause: Limit one of each Pokémon
|rule|OHKO Clause: OHKO moves are banned
|rule|Evasion Items Clause: Evasion items are banned
|rule|Evasion Moves Clause: Evasion moves are banned
|rule|Evasion Abilities Clause: Evasion abilities are banned
|rule|Sleep Moves Clause: Sleep-inducing moves are banned
|clearpoke
|poke|p1|Clodsire, F|
|poke|p1|Conkeldurr, M|
|poke|p1|Mandibuzz, F|
|poke|p1|Tinkaton, F|
|poke|p1|Mamoswine, F|
|poke|p1|Kleavor, F|
|poke|p2|Regieleki|
|poke|p2|Deoxys-Speed|
|poke|p2|Yanmega, F|
|poke|p2|Azelf|
|poke|p2|Gliscor, F|
|poke|p2|Slither Wing|
|teampreview
|inactive|Battle timer is ON: inactive players will automatically lose when time's up. (requested by There bread)
|
|t:|1779639905
|teamsize|p1|6
|teamsize|p2|6
|start
|switch|p1a: Conkeldurr|Conkeldurr, M|100/100
|switch|p2a: Azelf|Azelf|100/100
|turn|1
|
|t:|1779639916
|move|p2a: Azelf|Explosion|p1a: Conkeldurr
|-damage|p1a: Conkeldurr|14/100
|faint|p2a: Azelf
|move|p1a: Conkeldurr|Knock Off|p2: Azelf|[notarget]
|-fail|p1a: Conkeldurr
|
|upkeep
|
|t:|1779639923
|switch|p2a: Yanmega|Yanmega, F, shiny|100/100
|turn|2
|
|t:|1779639938
|switch|p1a: Mandibuzz|Mandibuzz, F|100/100
|move|p2a: Yanmega|Bug Buzz|p1a: Mandibuzz
|-damage|p1a: Mandibuzz|59/100
|-enditem|p2a: Yanmega|Throat Spray
|-boost|p2a: Yanmega|spa|1|[from] item: Throat Spray
|
|-ability|p2a: Yanmega|Speed Boost|boost
|-boost|p2a: Yanmega|spe|1
|upkeep
|turn|3
|
|t:|1779639955
|switch|p1a: Tinkaton|Tinkaton, F|100/100
|-ability|p1a: Tinkaton|Mold Breaker
|-terastallize|p2a: Yanmega|Rock
|move|p2a: Yanmega|Ancient Power|p1a: Tinkaton
|-resisted|p1a: Tinkaton
|-damage|p1a: Tinkaton|85/100
|
|-ability|p2a: Yanmega|Speed Boost|boost
|-boost|p2a: Yanmega|spe|1
|upkeep
|turn|4
|
|t:|1779639965
|move|p2a: Yanmega|Air Slash|p1a: Tinkaton
|-resisted|p1a: Tinkaton
|-damage|p1a: Tinkaton|66/100
|cant|p1a: Tinkaton|flinch
|
|-ability|p2a: Yanmega|Speed Boost|boost
|-boost|p2a: Yanmega|spe|1
|upkeep
|turn|5
|
|t:|1779639973
|switch|p2a: Gliscor|Gliscor, F, shiny|100/100
|move|p1a: Tinkaton|Thunder Wave|p2a: Gliscor
|-immune|p2a: Gliscor
|
|-status|p2a: Gliscor|tox|[from] item: Toxic Orb
|upkeep
|turn|6
|
|t:|1779639982
|move|p2a: Gliscor|Earthquake|p1a: Tinkaton
|-supereffective|p1a: Tinkaton
|-damage|p1a: Tinkaton|0 fnt
|faint|p1a: Tinkaton
|
|upkeep
|
|t:|1779640011
|switch|p1a: Mamoswine|Mamoswine, F|100/100
|turn|7
|
|t:|1779640014
|switch|p2a: Regieleki|Regieleki|100/100
|-terastallize|p1a: Mamoswine|Steel
|move|p1a: Mamoswine|Ice Shard|p2a: Regieleki
|-damage|p2a: Regieleki|68/100
|
|upkeep
|turn|8
|
|t:|1779640022
|move|p1a: Mamoswine|Ice Shard|p2a: Regieleki
|-crit|p2a: Regieleki
|-damage|p2a: Regieleki|20/100
|move|p2a: Regieleki|Thunderbolt|p1a: Mamoswine
|-damage|p1a: Mamoswine|1/100
|-status|p1a: Mamoswine|par
|
|-heal|p1a: Mamoswine|8/100 par|[from] item: Leftovers
|upkeep
|turn|9
|
|t:|1779640025
|move|p1a: Mamoswine|Ice Shard|p2a: Regieleki
|-damage|p2a: Regieleki|0 fnt
|faint|p2a: Regieleki
|
|-heal|p1a: Mamoswine|14/100 par|[from] item: Leftovers
|upkeep
|
|t:|1779640032
|switch|p2a: Slither Wing|Slither Wing, shiny|100/100
|-enditem|p2a: Slither Wing|Booster Energy
|-activate|p2a: Slither Wing|ability: Protosynthesis|[fromitem]
|-start|p2a: Slither Wing|protosynthesisatk
|turn|10
|
|t:|1779640056
|move|p2a: Slither Wing|First Impression|p1a: Mamoswine
|-resisted|p1a: Mamoswine
|-damage|p1a: Mamoswine|0 fnt
|faint|p1a: Mamoswine
|
|upkeep
|
|t:|1779640062
|switch|p1a: Conkeldurr|Conkeldurr, M|14/100
|turn|11
|
|t:|1779640066
|move|p1a: Conkeldurr|Mach Punch|p2a: Slither Wing
|-resisted|p2a: Slither Wing
|-damage|p2a: Slither Wing|84/100
|move|p2a: Slither Wing|Acrobatics|p1a: Conkeldurr
|-supereffective|p1a: Conkeldurr
|-damage|p1a: Conkeldurr|0 fnt
|faint|p1a: Conkeldurr
|
|upkeep
|
|t:|1779640090
|switch|p1a: Mandibuzz|Mandibuzz, F|59/100
|turn|12
|
|t:|1779640097
|-end|p2a: Slither Wing|Protosynthesis|[silent]
|switch|p2a: Gliscor|Gliscor, F, shiny|100/100 tox
|move|p1a: Mandibuzz|Brave Bird|p2a: Gliscor
|-damage|p2a: Gliscor|64/100 tox
|-damage|p1a: Mandibuzz|49/100|[from] Recoil
|
|-heal|p2a: Gliscor|77/100 tox|[from] ability: Poison Heal
|upkeep
|turn|13
|
|t:|1779640105
|move|p2a: Gliscor|Ice Fang|p1a: Mandibuzz
|-supereffective|p1a: Mandibuzz
|-damage|p1a: Mandibuzz|19/100
|-damage|p2a: Gliscor|60/100 tox|[from] item: Rocky Helmet|[of] p1a: Mandibuzz
|-ability|p1a: Mandibuzz|Weak Armor|boost
|-unboost|p1a: Mandibuzz|def|1
|-boost|p1a: Mandibuzz|spe|2
|move|p1a: Mandibuzz|Iron Defense|p1a: Mandibuzz
|-boost|p1a: Mandibuzz|def|2
|
|-heal|p2a: Gliscor|72/100 tox|[from] ability: Poison Heal
|upkeep
|turn|14
|
|t:|1779640109
|move|p1a: Mandibuzz|Roost|p1a: Mandibuzz
|-heal|p1a: Mandibuzz|69/100
|-singleturn|p1a: Mandibuzz|move: Roost
|move|p2a: Gliscor|Ice Fang|p1a: Mandibuzz
|-damage|p1a: Mandibuzz|58/100
|-damage|p2a: Gliscor|56/100 tox|[from] item: Rocky Helmet|[of] p1a: Mandibuzz
|-ability|p1a: Mandibuzz|Weak Armor|boost
|-unboost|p1a: Mandibuzz|def|1
|-boost|p1a: Mandibuzz|spe|2
|
|-heal|p2a: Gliscor|68/100 tox|[from] ability: Poison Heal
|upkeep
|turn|15
|
|t:|1779640113
|move|p1a: Mandibuzz|Iron Defense|p1a: Mandibuzz
|-boost|p1a: Mandibuzz|def|2
|move|p2a: Gliscor|Swords Dance|p2a: Gliscor
|-boost|p2a: Gliscor|atk|2
|
|-heal|p2a: Gliscor|80/100 tox|[from] ability: Poison Heal
|upkeep
|turn|16
|
|t:|1779640120
|move|p1a: Mandibuzz|Foul Play|p2a: Gliscor
|-damage|p2a: Gliscor|12/100 tox
|move|p2a: Gliscor|Ice Fang|p1a: Mandibuzz
|-supereffective|p1a: Mandibuzz
|-damage|p1a: Mandibuzz|29/100
|-damage|p2a: Gliscor|0 fnt|[from] item: Rocky Helmet|[of] p1a: Mandibuzz
|-ability|p1a: Mandibuzz|Weak Armor|boost
|-unboost|p1a: Mandibuzz|def|1
|-boost|p1a: Mandibuzz|spe|2
|faint|p2a: Gliscor
|
|upkeep
|
|t:|1779640127
|switch|p2a: Slither Wing|Slither Wing, shiny|84/100
|turn|17
|
|t:|1779640130
|move|p2a: Slither Wing|First Impression|p1a: Mandibuzz
|-crit|p1a: Mandibuzz
|-damage|p1a: Mandibuzz|0 fnt
|-damage|p2a: Slither Wing|67/100|[from] item: Rocky Helmet|[of] p1a: Mandibuzz
|faint|p1a: Mandibuzz
|
|upkeep
|
|t:|1779640133
|switch|p1a: Kleavor|Kleavor, F|100/100
|turn|18
|
|t:|1779640140
|move|p1a: Kleavor|Stone Axe|p2a: Slither Wing
|-damage|p2a: Slither Wing|5/100
|-sidestart|p2: There bread|move: Stealth Rock
|move|p2a: Slither Wing|Close Combat|p1a: Kleavor
|-damage|p1a: Kleavor|4/100
|-unboost|p2a: Slither Wing|def|1
|-unboost|p2a: Slither Wing|spd|1
|
|upkeep
|turn|19
|
|t:|1779640149
|move|p1a: Kleavor|Stone Axe|p2a: Slither Wing|[miss]
|-miss|p1a: Kleavor|p2a: Slither Wing
|move|p2a: Slither Wing|Acrobatics|p1a: Kleavor
|-damage|p1a: Kleavor|0 fnt
|faint|p1a: Kleavor
|
|upkeep
|
|t:|1779640151
|switch|p1a: Clodsire|Clodsire, F|100/100
|turn|20
|
|t:|1779640155
|move|p2a: Slither Wing|Earthquake|p1a: Clodsire
|-supereffective|p1a: Clodsire
|-damage|p1a: Clodsire|20/100
|move|p1a: Clodsire|Body Slam|p2a: Slither Wing
|-damage|p2a: Slither Wing|0 fnt
|faint|p2a: Slither Wing
|-end|p2a: Slither Wing|Protosynthesis|[silent]
|
|upkeep
|
|t:|1779640157
|switch|p2a: Deoxys|Deoxys-Speed|100/100
|-damage|p2a: Deoxys|88/100|[from] Stealth Rock
|-ability|p2a: Deoxys|Pressure
|turn|21
|
|t:|1779640165
|move|p2a: Deoxys|Psycho Boost|p1a: Clodsire
|-supereffective|p1a: Clodsire
|-damage|p1a: Clodsire|0 fnt
|-unboost|p2a: Deoxys|spa|2
|faint|p1a: Clodsire
|
|win|There bread
|raw|nugberto's rating: 1108 &rarr; <strong>1087</strong><br />(-21 for losing)
|raw|There bread's rating: 1160 &rarr; <strong>1181</strong><br />(+21 for winning)
|l|☆nugberto
|player|p1|
|l|☆There bread
|player|p2|
