|j|☆Delta.PCPE
|j|☆adamecek
|t:|1779623954
|gametype|singles
|player|p1|Delta.PCPE|gentleman-gen4|1149
|player|p2|adamecek|101|1123
|gen|9
|tier|[Gen 9] OU
|rated|
|rule|HP Percentage Mod: HP is shown in percentages
|rule|Endless Battle Clause: Forcing endless battles is banned
|rule|Species Clause: Limit one of each Pokémon
|rule|OHKO Clause: OHKO moves are banned
|rule|Evasion Items Clause: Evasion items are banned
|rule|Evasion Moves Clause: Evasion moves are banned
|rule|Evasion Abilities Clause: Evasion abilities are banned
|rule|Sleep Moves Clause: Sleep-inducing moves are banned
|clearpoke
|poke|p1|Gengar, F|
|poke|p1|Poliwrath, M|
|poke|p1|Ditto|
|poke|p1|Venusaur, M|
|poke|p1|Chansey, F|
|poke|p1|Dragonite, F|
|poke|p2|Greninja-*, M|
|poke|p2|Clefable, F|
|poke|p2|Armarouge, F|
|poke|p2|Raging Bolt|
|poke|p2|Lokix, F|
|poke|p2|Iron Treads|
|teampreview
|inactive|Battle timer is ON: inactive players will automatically lose when time's up. (requested by Delta.PCPE)
|
|t:|1779623960
|teamsize|p1|6
|teamsize|p2|6
|start
|switch|p1a: Poliwrath|Poliwrath, M, shiny|100/100
|switch|p2a: Iron Treads|Iron Treads|100/100
|-enditem|p2a: Iron Treads|Booster Energy
|-activate|p2a: Iron Treads|ability: Quark Drive|[fromitem]
|-start|p2a: Iron Treads|quarkdrivespe
|turn|1
|
|t:|1779623971
|move|p2a: Iron Treads|Stealth Rock|p1a: Poliwrath
|-sidestart|p1: Delta.PCPE|move: Stealth Rock
|move|p1a: Poliwrath|Drain Punch|p2a: Iron Treads
|-supereffective|p2a: Iron Treads
|-damage|p2a: Iron Treads|20/100
|-damage|p1a: Poliwrath|91/100|[from] item: Life Orb
|
|upkeep
|turn|2
|
|t:|1779623979
|-end|p2a: Iron Treads|Quark Drive|[silent]
|switch|p2a: Clefable|Clefable, F|100/100
|move|p1a: Poliwrath|Knock Off|p2a: Clefable
|-resisted|p2a: Clefable
|-damage|p2a: Clefable|78/100
|-damage|p1a: Poliwrath|74/100|[from] item: Rocky Helmet|[of] p2a: Clefable
|-enditem|p2a: Clefable|Rocky Helmet|[from] move: Knock Off|[of] p1a: Poliwrath
|-damage|p1a: Poliwrath|64/100|[from] item: Life Orb
|
|upkeep
|turn|3
|
|t:|1779623991
|move|p1a: Poliwrath|Poison Jab|p2a: Clefable
|-supereffective|p2a: Clefable
|-damage|p2a: Clefable|5/100
|-damage|p1a: Poliwrath|54/100|[from] item: Life Orb
|move|p2a: Clefable|Draining Kiss|p1a: Poliwrath
|-supereffective|p1a: Poliwrath
|-damage|p1a: Poliwrath|20/100
|-heal|p2a: Clefable|30/100|[from] drain|[of] p1a: Poliwrath
|
|upkeep
|turn|4
|
|t:|1779624001
|move|p1a: Poliwrath|Poison Jab|p2a: Clefable
|-supereffective|p2a: Clefable
|-damage|p2a: Clefable|0 fnt
|faint|p2a: Clefable
|-damage|p1a: Poliwrath|10/100|[from] item: Life Orb
|
|upkeep
|
|t:|1779624009
|switch|p2a: Armarouge|Armarouge, F|100/100
|turn|5
|
|t:|1779624013
|switch|p1a: Chansey|Chansey, F|100/100
|-damage|p1a: Chansey|88/100|[from] Stealth Rock
|move|p2a: Armarouge|Calm Mind|p2a: Armarouge
|-boost|p2a: Armarouge|spa|1
|-boost|p2a: Armarouge|spd|1
|
|upkeep
|turn|6
|
|t:|1779624025
|switch|p2a: Lokix|Lokix, F|100/100
|move|p1a: Chansey|Stealth Rock|p2a: Lokix
|-sidestart|p2: adamecek|move: Stealth Rock
|
|upkeep
|turn|7
|
|t:|1779624034
|move|p2a: Lokix|First Impression|p1a: Chansey
|-damage|p1a: Chansey|64/100
|move|p1a: Chansey|Rain Dance|p1a: Chansey
|-weather|RainDance
|
|-weather|RainDance|[upkeep]
|upkeep
|turn|8
|
|t:|1779624039
|move|p2a: Lokix|Knock Off|p1a: Chansey
|-damage|p1a: Chansey|36/100
|-enditem|p1a: Chansey|Eviolite|[from] move: Knock Off|[of] p2a: Lokix
|move|p1a: Chansey|Healing Wish|p1a: Chansey
|faint|p1a: Chansey
|
|-weather|RainDance|[upkeep]
|upkeep
|
|t:|1779624046
|switch|p1a: Poliwrath|Poliwrath, M, shiny|10/100
|-heal|p1a: Poliwrath|100/100|[from] move: Healing Wish
|-damage|p1a: Poliwrath|94/100|[from] Stealth Rock
|turn|9
|
|t:|1779624055
|move|p1a: Poliwrath|Liquidation|p2a: Lokix
|-damage|p2a: Lokix|0 fnt
|faint|p2a: Lokix
|-damage|p1a: Poliwrath|85/100|[from] item: Life Orb
|
|-weather|RainDance|[upkeep]
|upkeep
|
|t:|1779624061
|switch|p2a: Raging Bolt|Raging Bolt|100/100
|-damage|p2a: Raging Bolt|88/100|[from] Stealth Rock
|turn|10
|inactive|Delta.PCPE has 120 seconds left.
|
|t:|1779624095
|move|p2a: Raging Bolt|Thunderclap|p1a: Poliwrath
|-supereffective|p1a: Poliwrath
|-damage|p1a: Poliwrath|6/100
|move|p1a: Poliwrath|Poison Jab|p2a: Raging Bolt
|-damage|p2a: Raging Bolt|62/100
|-damage|p1a: Poliwrath|0 fnt|[from] item: Life Orb
|faint|p1a: Poliwrath
|
|-weather|RainDance|[upkeep]
|upkeep
|inactive|Delta.PCPE has 120 seconds left.
|
|t:|1779624118
|switch|p1a: Venusaur|Venusaur, M|100/100
|-damage|p1a: Venusaur|88/100|[from] Stealth Rock
|turn|11
|
|t:|1779624125
|move|p1a: Venusaur|Earth Power|p2a: Raging Bolt
|-supereffective|p2a: Raging Bolt
|-damage|p2a: Raging Bolt|30/100
|move|p2a: Raging Bolt|Dragon Tail|p1a: Venusaur
|-damage|p1a: Venusaur|67/100
|drag|p1a: Gengar|Gengar, F|100/100
|-damage|p1a: Gengar|88/100|[from] Stealth Rock
|
|-weather|none
|upkeep
|turn|12
|
|t:|1779624144
|move|p2a: Raging Bolt|Thunderclap|p1a: Gengar
|-damage|p1a: Gengar|23/100
|move|p1a: Gengar|Sludge Wave|p2a: Raging Bolt
|-damage|p2a: Raging Bolt|4/100
|
|upkeep
|turn|13
|
|t:|1779624164
|move|p2a: Raging Bolt|Thunderclap|p1a: Gengar
|-damage|p1a: Gengar|0 fnt
|faint|p1a: Gengar
|
|upkeep
|
|t:|1779624168
|switch|p1a: Dragonite|Dragonite, F, shiny|100/100
|turn|14
|
|t:|1779624171
|move|p1a: Dragonite|Extreme Speed|p2a: Raging Bolt
|-damage|p2a: Raging Bolt|0 fnt
|faint|p2a: Raging Bolt
|-end|p2a: Raging Bolt|Protosynthesis|[silent]
|
|upkeep
|
|t:|1779624178
|switch|p2a: Iron Treads|Iron Treads|20/100
|-damage|p2a: Iron Treads|17/100|[from] Stealth Rock
|turn|15
|inactive|Delta.PCPE has 120 seconds left.
|
|t:|1779624191
|move|p2a: Iron Treads|Rapid Spin|p1a: Dragonite
|-damage|p1a: Dragonite|92/100
|-boost|p2a: Iron Treads|spe|1
|-sideend|p2: adamecek|Stealth Rock|[from] move: Rapid Spin|[of] p2a: Iron Treads
|move|p1a: Dragonite|Dragon Dance|p1a: Dragonite
|-boost|p1a: Dragonite|atk|1
|-boost|p1a: Dragonite|spe|1
|
|upkeep
|turn|16
|
|t:|1779624199
|move|p2a: Iron Treads|Ice Spinner|p1a: Dragonite
|-supereffective|p1a: Dragonite
|-damage|p1a: Dragonite|0 fnt
|faint|p1a: Dragonite
|
|upkeep
|
|t:|1779624204
|switch|p1a: Ditto|Ditto|100/100
|-damage|p1a: Ditto|88/100|[from] Stealth Rock
|-transform|p1a: Ditto|p2a: Iron Treads|[from] ability: Imposter
|turn|17
|
|t:|1779624216
|-end|p2a: Iron Treads|Quark Drive|[silent]
|switch|p2a: Armarouge|Armarouge, F|100/100
|move|p1a: Ditto|Iron Head|p2a: Armarouge
|-resisted|p2a: Armarouge
|-crit|p2a: Armarouge
|-damage|p2a: Armarouge|75/100
|-ability|p2a: Armarouge|Weak Armor|boost
|-unboost|p2a: Armarouge|def|1
|-boost|p2a: Armarouge|spe|2
|
|upkeep
|turn|18
|
|t:|1779624230
|-end|p1a: Ditto|Quark Drive|[silent]
|switch|p1a: Venusaur|Venusaur, M|67/100
|-damage|p1a: Venusaur|55/100|[from] Stealth Rock
|move|p2a: Armarouge|Calm Mind|p2a: Armarouge
|-boost|p2a: Armarouge|spa|1
|-boost|p2a: Armarouge|spd|1
|
|-heal|p1a: Venusaur|61/100|[from] item: Leftovers
|upkeep
|turn|19
|
|t:|1779624244
|move|p2a: Armarouge|Flamethrower|p1a: Venusaur
|-supereffective|p1a: Venusaur
|-damage|p1a: Venusaur|0 fnt
|faint|p1a: Venusaur
|
|upkeep
|
|t:|1779624249
|switch|p1a: Ditto|Ditto|88/100
|-damage|p1a: Ditto|76/100|[from] Stealth Rock
|-transform|p1a: Ditto|p2a: Armarouge|[from] ability: Imposter
|turn|20
|inactive|Delta.PCPE has 120 seconds left.
|
|t:|1779624276
|move|p1a: Ditto|Aura Sphere|p2a: Armarouge
|-resisted|p2a: Armarouge
|-damage|p2a: Armarouge|58/100
|move|p2a: Armarouge|Aura Sphere|p1a: Ditto
|-resisted|p1a: Ditto
|-damage|p1a: Ditto|54/100
|
|upkeep
|turn|21
|
|t:|1779624287
|switch|p2a: Iron Treads|Iron Treads|17/100
|move|p1a: Ditto|Aura Sphere|p2a: Iron Treads
|-supereffective|p2a: Iron Treads
|-damage|p2a: Iron Treads|0 fnt
|faint|p2a: Iron Treads
|-end|p2a: Iron Treads|Quark Drive|[silent]
|
|upkeep
|
|t:|1779624293
|switch|p2a: Greninja|Greninja, M|100/100
|turn|22
|inactive|Delta.PCPE has 120 seconds left.
|
|t:|1779624318
|-terastallize|p2a: Greninja|Water
|move|p1a: Ditto|Aura Sphere|p2a: Greninja
|-damage|p2a: Greninja|33/100
|move|p2a: Greninja|U-turn|p1a: Ditto
|-damage|p1a: Ditto|31/100
|-ability|p1a: Ditto|Weak Armor|boost
|-unboost|p1a: Ditto|def|1
|-boost|p1a: Ditto|spe|2
|
|t:|1779624327
|switch|p2a: Armarouge|Armarouge, F|58/100|[from] U-turn
|
|upkeep
|turn|23
|
|t:|1779624334
|move|p1a: Ditto|Aura Sphere|p2a: Armarouge
|-resisted|p2a: Armarouge
|-damage|p2a: Armarouge|32/100
|move|p2a: Armarouge|Aura Sphere|p1a: Ditto
|-resisted|p1a: Ditto
|-damage|p1a: Ditto|17/100
|
|upkeep
|turn|24
|
|t:|1779624342
|move|p1a: Ditto|Aura Sphere|p2a: Armarouge
|-resisted|p2a: Armarouge
|-damage|p2a: Armarouge|9/100
|move|p2a: Armarouge|Aura Sphere|p1a: Ditto
|-resisted|p1a: Ditto
|-damage|p1a: Ditto|3/100
|
|upkeep
|turn|25
|
|t:|1779624350
|move|p2a: Armarouge|Protect|p2a: Armarouge
|-singleturn|p2a: Armarouge|Protect
|-activate|p1a: Ditto|move: Struggle
|move|p1a: Ditto|Struggle|p2a: Armarouge
|-activate|p2a: Armarouge|move: Protect
|
|upkeep
|turn|26
|
|t:|1779624358
|move|p2a: Armarouge|Protect||[still]
|-fail|p2a: Armarouge
|-activate|p1a: Ditto|move: Struggle
|move|p1a: Ditto|Struggle|p2a: Armarouge
|-damage|p2a: Armarouge|5/100
|-ability|p2a: Armarouge|Weak Armor|boost
|-unboost|p2a: Armarouge|def|1
|-boost|p2a: Armarouge|spe|2
|-damage|p1a: Ditto|0 fnt|[from] recoil
|faint|p1a: Ditto
|
|win|adamecek
|raw|Delta.PCPE's rating: 1149 &rarr; <strong>1122</strong><br />(-27 for losing)
|raw|adamecek's rating: 1123 &rarr; <strong>1150</strong><br />(+27 for winning)
|c|☆adamecek|gg
|l|☆adamecek
|player|p2|
|l|☆Delta.PCPE
|player|p1|
