|j|☆mtxmason
|j|☆AbSolitaire
|t:|1779616315
|gametype|singles
|player|p1|mtxmason|proton|1370
|player|p2|AbSolitaire|policeman-gen4|1304
|gen|9
|tier|[Gen 9] OU
|rated|
|rule|HP Percentage Mod: HP is shown in percentages
|rule|Endless Battle Clause: Forcing endless battles is banned
|rule|Species Clause: Limit one of each Pokémon
|rule|OHKO Clause: OHKO moves are banned
|rule|Evasion Items Clause: Evasion items are banned
|rule|Evasion Moves Clause: Evasion moves are banned
|rule|Evasion Abilities Clause: Evasion abilities are banned
|rule|Sleep Moves Clause: Sleep-inducing moves are banned
|clearpoke
|poke|p1|Mamoswine, M|
|poke|p1|Dragonite, M|
|poke|p1|Iron Moth|
|poke|p1|Hatterene, F|
|poke|p1|Kingambit, M|
|poke|p1|Zamazenta-*|
|poke|p2|Kyurem|
|poke|p2|Cobalion|
|poke|p2|Leavanny, F|
|poke|p2|Primarina, M|
|poke|p2|Chandelure, M|
|poke|p2|Komala, M|
|teampreview
|inactive|Battle timer is ON: inactive players will automatically lose when time's up. (requested by AbSolitaire)
|inactive|mtxmason also wants the timer to be on.
|
|t:|1779616331
|teamsize|p1|6
|teamsize|p2|6
|start
|switch|p1a: Iron Moth|Iron Moth|100/100
|switch|p2a: Leavanny|Leavanny, F|100/100
|-enditem|p1a: Iron Moth|Booster Energy
|-activate|p1a: Iron Moth|ability: Quark Drive|[fromitem]
|-start|p1a: Iron Moth|quarkdrivespe
|turn|1
|
|t:|1779616335
|move|p1a: Iron Moth|Substitute|p1a: Iron Moth
|-start|p1a: Iron Moth|Substitute
|-damage|p1a: Iron Moth|76/100
|move|p2a: Leavanny|Sticky Web|p1a: Iron Moth
|-sidestart|p1: mtxmason|move: Sticky Web
|
|upkeep
|turn|2
|
|t:|1779616349
|switch|p2a: Primarina|Primarina, M|100/100
|move|p1a: Iron Moth|Fiery Dance|p2a: Primarina
|-resisted|p2a: Primarina
|-damage|p2a: Primarina|89/100
|
|upkeep
|turn|3
|
|t:|1779616354
|move|p1a: Iron Moth|Sludge Wave|p2a: Primarina
|-supereffective|p2a: Primarina
|-damage|p2a: Primarina|33/100
|move|p2a: Primarina|Surf|p1a: Iron Moth
|-supereffective|p1a: Iron Moth
|-end|p1a: Iron Moth|Substitute
|
|upkeep
|turn|4
|
|t:|1779616362
|move|p1a: Iron Moth|Sludge Wave|p2a: Primarina
|-supereffective|p2a: Primarina
|-damage|p2a: Primarina|0 fnt
|faint|p2a: Primarina
|
|upkeep
|
|t:|1779616365
|switch|p2a: Komala|Komala, M|100/100
|-ability|p2a: Komala|Comatose
|turn|5
|
|t:|1779616369
|move|p1a: Iron Moth|Fiery Dance|p2a: Komala
|-damage|p2a: Komala|54/100
|-boost|p1a: Iron Moth|spa|1
|move|p2a: Komala|Earthquake|p1a: Iron Moth
|-supereffective|p1a: Iron Moth
|-damage|p1a: Iron Moth|0 fnt
|faint|p1a: Iron Moth
|-end|p1a: Iron Moth|Quark Drive|[silent]
|
|upkeep
|
|t:|1779616380
|switch|p1a: Mamoswine|Mamoswine, M|100/100
|-activate|p1a: Mamoswine|move: Sticky Web
|-unboost|p1a: Mamoswine|spe|1
|turn|6
|
|t:|1779616387
|move|p2a: Komala|Knock Off|p1a: Mamoswine
|-damage|p1a: Mamoswine|63/100
|-enditem|p1a: Mamoswine|Focus Sash|[from] move: Knock Off|[of] p2a: Komala
|move|p1a: Mamoswine|Stealth Rock|p2a: Komala
|-sidestart|p2: AbSolitaire|move: Stealth Rock
|
|upkeep
|turn|7
|
|t:|1779616392
|move|p2a: Komala|Rapid Spin|p1a: Mamoswine
|-damage|p1a: Mamoswine|32/100
|-boost|p2a: Komala|spe|1
|-sideend|p2: AbSolitaire|Stealth Rock|[from] move: Rapid Spin|[of] p2a: Komala
|move|p1a: Mamoswine|Endeavor|p2a: Komala
|-damage|p2a: Komala|39/100
|
|upkeep
|turn|8
|
|t:|1779616399
|move|p2a: Komala|Rapid Spin|p1a: Mamoswine
|-damage|p1a: Mamoswine|2/100
|-boost|p2a: Komala|spe|1
|move|p1a: Mamoswine|Stealth Rock|p2a: Komala
|-sidestart|p2: AbSolitaire|move: Stealth Rock
|
|upkeep
|turn|9
|
|t:|1779616408
|move|p1a: Mamoswine|Ice Shard|p2a: Komala
|-damage|p2a: Komala|7/100
|move|p2a: Komala|Rapid Spin|p1a: Mamoswine
|-damage|p1a: Mamoswine|0 fnt
|-boost|p2a: Komala|spe|1
|-sideend|p2: AbSolitaire|Stealth Rock|[from] move: Rapid Spin|[of] p2a: Komala
|faint|p1a: Mamoswine
|
|upkeep
|
|t:|1779616410
|switch|p1a: Zamazenta|Zamazenta|100/100
|-activate|p1a: Zamazenta|move: Sticky Web
|-unboost|p1a: Zamazenta|spe|1
|-ability|p1a: Zamazenta|Dauntless Shield|boost
|-boost|p1a: Zamazenta|def|1
|turn|10
|
|t:|1779616422
|move|p2a: Komala|Knock Off|p1a: Zamazenta
|-resisted|p1a: Zamazenta
|-damage|p1a: Zamazenta|91/100
|-enditem|p1a: Zamazenta|Leftovers|[from] move: Knock Off|[of] p2a: Komala
|move|p1a: Zamazenta|Iron Defense|p1a: Zamazenta
|-boost|p1a: Zamazenta|def|2
|
|upkeep
|turn|11
|
|t:|1779616431
|switch|p2a: Chandelure|Chandelure, M|100/100
|move|p1a: Zamazenta|Body Press|p2a: Chandelure
|-immune|p2a: Chandelure
|
|upkeep
|turn|12
|
|t:|1779616437
|-terastallize|p1a: Zamazenta|Fire
|move|p2a: Chandelure|Psychic|p1a: Zamazenta
|-damage|p1a: Zamazenta|57/100
|move|p1a: Zamazenta|Crunch|p2a: Chandelure
|-supereffective|p2a: Chandelure
|-damage|p2a: Chandelure|32/100
|-unboost|p2a: Chandelure|def|1
|
|upkeep
|turn|13
|
|t:|1779616446
|switch|p2a: Komala|Komala, M|7/100
|-ability|p2a: Komala|Comatose
|move|p1a: Zamazenta|Crunch|p2a: Komala
|-damage|p2a: Komala|0 fnt
|faint|p2a: Komala
|
|upkeep
|
|t:|1779616451
|switch|p2a: Kyurem|Kyurem|100/100
|-ability|p2a: Kyurem|Pressure
|turn|14
|
|t:|1779616453
|move|p2a: Kyurem|Earth Power|p1a: Zamazenta
|-supereffective|p1a: Zamazenta
|-damage|p1a: Zamazenta|0 fnt
|faint|p1a: Zamazenta
|
|upkeep
|
|t:|1779616460
|switch|p1a: Hatterene|Hatterene, F|100/100
|-activate|p1a: Hatterene|move: Sticky Web
|-unboost|p1a: Hatterene|spe|1
|turn|15
|
|t:|1779616474
|switch|p2a: Leavanny|Leavanny, F|100/100
|move|p1a: Hatterene|Calm Mind|p1a: Hatterene
|-boost|p1a: Hatterene|spa|1
|-boost|p1a: Hatterene|spd|1
|
|upkeep
|turn|16
|
|t:|1779616479
|move|p2a: Leavanny|Lunge|p1a: Hatterene
|-damage|p1a: Hatterene|72/100
|-unboost|p1a: Hatterene|atk|1
|move|p1a: Hatterene|Mystical Fire|p2a: Leavanny
|-supereffective|p2a: Leavanny
|-enditem|p2a: Leavanny|Focus Sash
|-damage|p2a: Leavanny|1/100
|-unboost|p2a: Leavanny|spa|1
|
|-heal|p1a: Hatterene|78/100|[from] item: Leftovers
|upkeep
|turn|17
|
|t:|1779616484
|move|p2a: Leavanny|Lunge|p1a: Hatterene
|-damage|p1a: Hatterene|31/100
|-unboost|p1a: Hatterene|atk|1
|move|p1a: Hatterene|Draining Kiss|p2a: Leavanny
|-damage|p2a: Leavanny|0 fnt
|-heal|p1a: Hatterene|32/100|[from] drain|[of] p2a: Leavanny
|faint|p2a: Leavanny
|
|-heal|p1a: Hatterene|38/100|[from] item: Leftovers
|upkeep
|
|t:|1779616488
|switch|p2a: Chandelure|Chandelure, M|32/100
|turn|18
|
|t:|1779616492
|move|p2a: Chandelure|Shadow Ball|p1a: Hatterene
|-supereffective|p1a: Hatterene
|-crit|p1a: Hatterene
|-damage|p1a: Hatterene|0 fnt
|faint|p1a: Hatterene
|
|upkeep
|
|t:|1779616496
|switch|p1a: Dragonite|Dragonite, M|100/100
|turn|19
|
|t:|1779616498
|move|p2a: Chandelure|Shadow Ball|p1a: Dragonite
|-damage|p1a: Dragonite|79/100
|-unboost|p1a: Dragonite|spd|1
|move|p1a: Dragonite|Dragon Dance|p1a: Dragonite
|-boost|p1a: Dragonite|atk|1
|-boost|p1a: Dragonite|spe|1
|
|upkeep
|turn|20
|
|t:|1779616508
|move|p2a: Chandelure|Shadow Ball|p1a: Dragonite
|-damage|p1a: Dragonite|15/100
|-unboost|p1a: Dragonite|spd|1
|move|p1a: Dragonite|Earthquake|p2a: Chandelure
|-supereffective|p2a: Chandelure
|-damage|p2a: Chandelure|0 fnt
|faint|p2a: Chandelure
|
|upkeep
|
|t:|1779616511
|switch|p2a: Cobalion|Cobalion, shiny|100/100
|turn|21
|
|t:|1779616513
|move|p1a: Dragonite|Earthquake|p2a: Cobalion
|-supereffective|p2a: Cobalion
|-damage|p2a: Cobalion|32/100
|move|p2a: Cobalion|Body Press|p1a: Dragonite
|-resisted|p1a: Dragonite
|-damage|p1a: Dragonite|0 fnt
|faint|p1a: Dragonite
|
|-heal|p2a: Cobalion|39/100|[from] item: Leftovers
|upkeep
|
|t:|1779616516
|switch|p1a: Kingambit|Kingambit, M|100/100
|-activate|p1a: Kingambit|move: Sticky Web
|-unboost|p1a: Kingambit|spe|1
|-activate|p1a: Kingambit|ability: Supreme Overlord
|-start|p1a: Kingambit|fallen5|[silent]
|turn|22
|
|t:|1779616520
|move|p1a: Kingambit|Sucker Punch|p2a: Cobalion
|-resisted|p2a: Cobalion
|-damage|p2a: Cobalion|23/100
|-ability|p2a: Cobalion|Justified|boost
|-boost|p2a: Cobalion|atk|1
|move|p2a: Cobalion|Body Press|p1a: Kingambit
|-supereffective|p1a: Kingambit
|-damage|p1a: Kingambit|0 fnt
|faint|p1a: Kingambit
|-end|p1a: Kingambit|fallen5|[silent]
|
|win|AbSolitaire
|raw|mtxmason's rating: 1370 &rarr; <strong>1346</strong><br />(-24 for losing)
|raw|AbSolitaire's rating: 1304 &rarr; <strong>1328</strong><br />(+24 for winning)
|l|☆mtxmason
|player|p1|
|l|☆AbSolitaire
|player|p2|
