|j|☆patchworrk
|j|☆thehumangod
|t:|1779631157
|gametype|singles
|player|p1|patchworrk|rosa|1187
|player|p2|thehumangod|101|1236
|gen|9
|tier|[Gen 9] OU
|rated|
|rule|HP Percentage Mod: HP is shown in percentages
|rule|Endless Battle Clause: Forcing endless battles is banned
|rule|Species Clause: Limit one of each Pokémon
|rule|OHKO Clause: OHKO moves are banned
|rule|Evasion Items Clause: Evasion items are banned
|rule|Evasion Moves Clause: Evasion moves are banned
|rule|Evasion Abilities Clause: Evasion abilities are banned
|rule|Sleep Moves Clause: Sleep-inducing moves are banned
|clearpoke
|poke|p1|Braviary-Hisui, M|
|poke|p1|Raging Bolt|
|poke|p1|Ninetales-Alola, M|
|poke|p1|Samurott-Hisui, F|
|poke|p1|Great Tusk|
|poke|p1|Gholdengo|
|poke|p2|Goodra-Hisui, M|
|poke|p2|Ninetales-Alola, F|
|poke|p2|Raging Bolt|
|poke|p2|Gholdengo|
|poke|p2|Great Tusk|
|poke|p2|Ogerpon-Wellspring, F|
|teampreview
|
|t:|1779631214
|teamsize|p1|6
|teamsize|p2|6
|start
|switch|p1a: Ninetales|Ninetales-Alola, M, shiny|100/100
|switch|p2a: Gholdengo|Gholdengo|100/100
|-weather|Snowscape|[from] ability: Snow Warning|[of] p1a: Ninetales
|-item|p2a: Gholdengo|Air Balloon
|turn|1
|
|t:|1779631228
|move|p1a: Ninetales|Aurora Veil|p1a: Ninetales
|-sidestart|p1: patchworrk|move: Aurora Veil
|move|p2a: Gholdengo|Nasty Plot|p2a: Gholdengo
|-boost|p2a: Gholdengo|spa|2
|
|-weather|Snowscape|[upkeep]
|upkeep
|turn|2
|
|t:|1779631244
|switch|p1a: Samurott|Samurott-Hisui, F, shiny|100/100
|move|p2a: Gholdengo|Make It Rain|p1a: Samurott
|-resisted|p1a: Samurott
|-damage|p1a: Samurott|63/100
|-unboost|p2a: Gholdengo|spa|1
|
|-weather|Snowscape|[upkeep]
|upkeep
|turn|3
|
|t:|1779631260
|switch|p2a: Ninetales|Ninetales-Alola, F|100/100
|move|p1a: Samurott|Knock Off|p2a: Ninetales
|-resisted|p2a: Ninetales
|-damage|p2a: Ninetales|72/100
|-enditem|p2a: Ninetales|Light Clay|[from] move: Knock Off|[of] p1a: Samurott
|
|-weather|Snowscape|[upkeep]
|upkeep
|turn|4
|
|t:|1779631280
|switch|p1a: Gholdengo|Gholdengo|100/100
|-item|p1a: Gholdengo|Air Balloon
|move|p2a: Ninetales|Aurora Veil|p2a: Ninetales
|-sidestart|p2: thehumangod|move: Aurora Veil
|
|-weather|Snowscape|[upkeep]
|upkeep
|turn|5
|
|t:|1779631288
|switch|p2a: Goodra|Goodra-Hisui, M|100/100
|move|p1a: Gholdengo|Thunder Wave|p2a: Goodra|[miss]
|-miss|p1a: Gholdengo|p2a: Goodra
|
|-weather|none
|upkeep
|turn|6
|
|t:|1779631297
|move|p1a: Gholdengo|Thunder Wave|p2a: Goodra
|-status|p2a: Goodra|par
|cant|p2a: Goodra|par
|
|upkeep
|turn|7
|
|t:|1779631307
|switch|p1a: Samurott|Samurott-Hisui, F, shiny|63/100
|cant|p2a: Goodra|par
|
|upkeep
|turn|8
|
|t:|1779631313
|move|p1a: Samurott|Knock Off|p2a: Goodra
|-damage|p2a: Goodra|67/100 par
|-enditem|p2a: Goodra|Leftovers|[from] move: Knock Off|[of] p1a: Samurott
|move|p2a: Goodra|Curse|p2a: Goodra
|-unboost|p2a: Goodra|spe|1
|-boost|p2a: Goodra|atk|1
|-boost|p2a: Goodra|def|1
|
|-sideend|p2: thehumangod|move: Aurora Veil
|-sideend|p1: patchworrk|move: Aurora Veil
|upkeep
|turn|9
|
|t:|1779631325
|switch|p1a: Ninetales|Ninetales-Alola, M, shiny|100/100
|-weather|Snowscape|[from] ability: Snow Warning|[of] p1a: Ninetales
|cant|p2a: Goodra|par
|
|-weather|Snowscape|[upkeep]
|upkeep
|turn|10
|
|t:|1779631336
|move|p1a: Ninetales|Aurora Veil|p1a: Ninetales
|-sidestart|p1: patchworrk|move: Aurora Veil
|move|p2a: Goodra|Gyro Ball|p1a: Ninetales
|-supereffective|p1a: Ninetales
|-damage|p1a: Ninetales|0 fnt
|faint|p1a: Ninetales
|
|-weather|Snowscape|[upkeep]
|upkeep
|c|☆thehumangod|holy luck
|
|t:|1779631344
|switch|p1a: Great Tusk|Great Tusk, shiny|100/100
|-enditem|p1a: Great Tusk|Booster Energy
|-activate|p1a: Great Tusk|ability: Protosynthesis|[fromitem]
|-start|p1a: Great Tusk|protosynthesisspe
|turn|11
|
|t:|1779631350
|move|p1a: Great Tusk|Headlong Rush|p2a: Goodra
|-supereffective|p2a: Goodra
|-damage|p2a: Goodra|0 fnt
|-unboost|p1a: Great Tusk|def|1
|-unboost|p1a: Great Tusk|spd|1
|faint|p2a: Goodra
|
|-weather|Snowscape|[upkeep]
|upkeep
|
|t:|1779631365
|switch|p2a: Ninetales|Ninetales-Alola, F|72/100
|turn|12
|
|t:|1779631386
|-end|p1a: Great Tusk|Protosynthesis|[silent]
|switch|p1a: Gholdengo|Gholdengo|100/100
|-item|p1a: Gholdengo|Air Balloon
|move|p2a: Ninetales|Aurora Veil|p2a: Ninetales
|-sidestart|p2: thehumangod|move: Aurora Veil
|
|-weather|Snowscape|[upkeep]
|upkeep
|turn|13
|
|t:|1779631397
|switch|p2a: Raging Bolt|Raging Bolt|100/100
|-enditem|p2a: Raging Bolt|Booster Energy
|-activate|p2a: Raging Bolt|ability: Protosynthesis|[fromitem]
|-start|p2a: Raging Bolt|protosynthesisspa
|move|p1a: Gholdengo|Thunder Wave|p2a: Raging Bolt
|-immune|p2a: Raging Bolt
|
|-weather|none
|upkeep
|turn|14
|
|t:|1779631406
|move|p2a: Raging Bolt|Calm Mind|p2a: Raging Bolt
|-boost|p2a: Raging Bolt|spa|1
|-boost|p2a: Raging Bolt|spd|1
|move|p1a: Gholdengo|Nasty Plot|p1a: Gholdengo
|-boost|p1a: Gholdengo|spa|2
|
|upkeep
|turn|15
|
|t:|1779631418
|move|p2a: Raging Bolt|Calm Mind|p2a: Raging Bolt
|-boost|p2a: Raging Bolt|spa|1
|-boost|p2a: Raging Bolt|spd|1
|move|p1a: Gholdengo|Dazzling Gleam|p2a: Raging Bolt
|-supereffective|p2a: Raging Bolt
|-damage|p2a: Raging Bolt|72/100
|
|upkeep
|turn|16
|
|t:|1779631435
|move|p2a: Raging Bolt|Calm Mind|p2a: Raging Bolt
|-boost|p2a: Raging Bolt|spa|1
|-boost|p2a: Raging Bolt|spd|1
|move|p1a: Gholdengo|Nasty Plot|p1a: Gholdengo
|-boost|p1a: Gholdengo|spa|2
|
|-sideend|p2: thehumangod|move: Aurora Veil
|upkeep
|turn|17
|
|t:|1779631448
|move|p2a: Raging Bolt|Thunderclap|p1a: Gholdengo
|-damage|p1a: Gholdengo|31/100
|-enditem|p1a: Gholdengo|Air Balloon
|move|p1a: Gholdengo|Dazzling Gleam|p2a: Raging Bolt
|-supereffective|p2a: Raging Bolt
|-damage|p2a: Raging Bolt|1/100
|
|-sideend|p1: patchworrk|move: Aurora Veil
|upkeep
|turn|18
|c|☆patchworrk|bruh…
|
|t:|1779631466
|switch|p1a: Great Tusk|Great Tusk, shiny|100/100
|move|p2a: Raging Bolt|Thunderclap||[still]
|-fail|p2a: Raging Bolt
|
|upkeep
|turn|19
|
|t:|1779631474
|move|p1a: Great Tusk|Rapid Spin|p2a: Raging Bolt
|-damage|p2a: Raging Bolt|0 fnt
|-boost|p1a: Great Tusk|spe|1
|faint|p2a: Raging Bolt
|-end|p2a: Raging Bolt|Protosynthesis|[silent]
|
|upkeep
|
|t:|1779631479
|switch|p2a: Ninetales|Ninetales-Alola, F|72/100
|-weather|Snowscape|[from] ability: Snow Warning|[of] p2a: Ninetales
|turn|20
|
|t:|1779631507
|move|p1a: Great Tusk|Close Combat|p2a: Ninetales
|-damage|p2a: Ninetales|32/100
|-unboost|p1a: Great Tusk|def|1
|-unboost|p1a: Great Tusk|spd|1
|move|p2a: Ninetales|Aurora Veil|p2a: Ninetales
|-sidestart|p2: thehumangod|move: Aurora Veil
|
|-weather|Snowscape|[upkeep]
|upkeep
|turn|21
|
|t:|1779631521
|-end|p1a: Great Tusk|Protosynthesis|[silent]
|switch|p1a: Gholdengo|Gholdengo|31/100
|move|p2a: Ninetales|Blizzard|p1a: Gholdengo
|-resisted|p1a: Gholdengo
|-damage|p1a: Gholdengo|16/100
|
|-weather|Snowscape|[upkeep]
|upkeep
|turn|22
|
|t:|1779631535
|move|p2a: Ninetales|Blizzard|p1a: Gholdengo
|-resisted|p1a: Gholdengo
|-damage|p1a: Gholdengo|1/100
|move|p1a: Gholdengo|Nasty Plot|p1a: Gholdengo
|-boost|p1a: Gholdengo|spa|2
|
|-weather|Snowscape|[upkeep]
|upkeep
|turn|23
|
|t:|1779631554
|move|p2a: Ninetales|Moonblast|p1a: Gholdengo
|-resisted|p1a: Gholdengo
|-damage|p1a: Gholdengo|0 fnt
|faint|p1a: Gholdengo
|
|-weather|Snowscape|[upkeep]
|upkeep
|
|t:|1779631562
|switch|p1a: Samurott|Samurott-Hisui, F, shiny|63/100
|turn|24
|
|t:|1779631573
|switch|p1a: Braviary|Braviary-Hisui, M, shiny|100/100
|move|p2a: Ninetales|Moonblast|p1a: Braviary
|-damage|p1a: Braviary|69/100
|
|-weather|none
|-sideend|p2: thehumangod|move: Aurora Veil
|upkeep
|turn|25
|
|t:|1779631584
|switch|p2a: Gholdengo|Gholdengo|100/100
|-item|p2a: Gholdengo|Air Balloon
|switch|p1a: Samurott|Samurott-Hisui, F, shiny|63/100
|
|upkeep
|turn|26
|
|t:|1779631613
|move|p2a: Gholdengo|Focus Blast|p1a: Samurott
|-supereffective|p1a: Samurott
|-damage|p1a: Samurott|0 fnt
|faint|p1a: Samurott
|
|upkeep
|
|t:|1779631624
|switch|p1a: Raging Bolt|Raging Bolt|100/100
|turn|27
|
|t:|1779631630
|move|p2a: Gholdengo|Nasty Plot|p2a: Gholdengo
|-boost|p2a: Gholdengo|spa|2
|move|p1a: Raging Bolt|Volt Switch|p2a: Gholdengo
|-damage|p2a: Gholdengo|25/100
|-enditem|p2a: Gholdengo|Air Balloon
|
|t:|1779631637
|-end|p1a: Raging Bolt|Protosynthesis|[silent]
|switch|p1a: Great Tusk|Great Tusk, shiny|100/100|[from] Volt Switch
|
|upkeep
|turn|28
|
|t:|1779631642
|move|p1a: Great Tusk|Headlong Rush|p2a: Gholdengo
|-supereffective|p2a: Gholdengo
|-damage|p2a: Gholdengo|0 fnt
|-unboost|p1a: Great Tusk|def|1
|-unboost|p1a: Great Tusk|spd|1
|faint|p2a: Gholdengo
|
|upkeep
|
|t:|1779631649
|switch|p2a: Ninetales|Ninetales-Alola, F|32/100
|-weather|Snowscape|[from] ability: Snow Warning|[of] p2a: Ninetales
|turn|29
|
|t:|1779631667
|-end|p1a: Great Tusk|Protosynthesis|[silent]
|switch|p1a: Raging Bolt|Raging Bolt|100/100
|move|p2a: Ninetales|Aurora Veil|p2a: Ninetales
|-sidestart|p2: thehumangod|move: Aurora Veil
|
|-weather|Snowscape|[upkeep]
|upkeep
|turn|30
|
|t:|1779631680
|move|p1a: Raging Bolt|Thunderclap||[still]
|-fail|p1a: Raging Bolt
|move|p2a: Ninetales|Encore|p1a: Raging Bolt
|-start|p1a: Raging Bolt|Encore
|
|-weather|Snowscape|[upkeep]
|upkeep
|turn|31
|
|t:|1779631691
|switch|p2a: Great Tusk|Great Tusk|100/100
|-enditem|p2a: Great Tusk|Booster Energy
|-activate|p2a: Great Tusk|ability: Protosynthesis|[fromitem]
|-start|p2a: Great Tusk|protosynthesisspe
|-end|p1a: Raging Bolt|Protosynthesis|[silent]
|switch|p1a: Great Tusk|Great Tusk, shiny|100/100
|
|-weather|Snowscape|[upkeep]
|upkeep
|turn|32
|
|t:|1779631705
|move|p2a: Great Tusk|Bulk Up|p2a: Great Tusk
|-boost|p2a: Great Tusk|atk|1
|-boost|p2a: Great Tusk|def|1
|move|p1a: Great Tusk|Rapid Spin|p2a: Great Tusk
|-damage|p2a: Great Tusk|98/100
|-boost|p1a: Great Tusk|spe|1
|
|-weather|Snowscape|[upkeep]
|upkeep
|turn|33
|
|t:|1779631729
|-terastallize|p1a: Great Tusk|Fairy
|move|p2a: Great Tusk|Ice Spinner|p1a: Great Tusk
|-damage|p1a: Great Tusk|78/100
|move|p1a: Great Tusk|Bulk Up|p1a: Great Tusk
|-boost|p1a: Great Tusk|atk|1
|-boost|p1a: Great Tusk|def|1
|
|-weather|none
|-sideend|p2: thehumangod|move: Aurora Veil
|upkeep
|turn|34
|
|t:|1779631741
|move|p2a: Great Tusk|Bulk Up|p2a: Great Tusk
|-boost|p2a: Great Tusk|atk|1
|-boost|p2a: Great Tusk|def|1
|move|p1a: Great Tusk|Rapid Spin|p2a: Great Tusk
|-damage|p2a: Great Tusk|90/100
|-boost|p1a: Great Tusk|spe|1
|
|upkeep
|turn|35
|
|t:|1779631758
|move|p1a: Great Tusk|Headlong Rush|p2a: Great Tusk
|-damage|p2a: Great Tusk|65/100
|-unboost|p1a: Great Tusk|def|1
|-unboost|p1a: Great Tusk|spd|1
|move|p2a: Great Tusk|Bulk Up|p2a: Great Tusk
|-boost|p2a: Great Tusk|atk|1
|-boost|p2a: Great Tusk|def|1
|
|upkeep
|turn|36
|
|t:|1779631774
|move|p1a: Great Tusk|Bulk Up|p1a: Great Tusk
|-boost|p1a: Great Tusk|atk|1
|-boost|p1a: Great Tusk|def|1
|move|p2a: Great Tusk|Bulk Up|p2a: Great Tusk
|-boost|p2a: Great Tusk|atk|1
|-boost|p2a: Great Tusk|def|1
|
|upkeep
|turn|37
|
|t:|1779631784
|move|p1a: Great Tusk|Bulk Up|p1a: Great Tusk
|-boost|p1a: Great Tusk|atk|1
|-boost|p1a: Great Tusk|def|1
|move|p2a: Great Tusk|Headlong Rush|p1a: Great Tusk
|-damage|p1a: Great Tusk|27/100
|-unboost|p2a: Great Tusk|def|1
|-unboost|p2a: Great Tusk|spd|1
|
|upkeep
|turn|38
|
|t:|1779631796
|move|p1a: Great Tusk|Close Combat|p2a: Great Tusk
|-damage|p2a: Great Tusk|35/100
|-unboost|p1a: Great Tusk|def|1
|-unboost|p1a: Great Tusk|spd|1
|move|p2a: Great Tusk|Headlong Rush|p1a: Great Tusk
|-damage|p1a: Great Tusk|0 fnt
|-unboost|p2a: Great Tusk|def|1
|-unboost|p2a: Great Tusk|spd|1
|faint|p1a: Great Tusk
|-end|p1a: Great Tusk|Protosynthesis|[silent]
|
|upkeep
|
|t:|1779631804
|switch|p1a: Braviary|Braviary-Hisui, M, shiny|69/100
|turn|39
|
|t:|1779631812
|move|p1a: Braviary|Vacuum Wave|p2a: Great Tusk
|-damage|p2a: Great Tusk|0 fnt
|faint|p2a: Great Tusk
|-end|p2a: Great Tusk|Protosynthesis|[silent]
|
|upkeep
|c|☆patchworrk|thank god
|
|t:|1779631829
|switch|p2a: Ninetales|Ninetales-Alola, F|32/100
|-weather|Snowscape|[from] ability: Snow Warning|[of] p2a: Ninetales
|turn|40
|
|t:|1779631840
|move|p1a: Braviary|Vacuum Wave|p2a: Ninetales
|-damage|p2a: Ninetales|19/100
|move|p2a: Ninetales|Aurora Veil|p2a: Ninetales
|-sidestart|p2: thehumangod|move: Aurora Veil
|
|-weather|Snowscape|[upkeep]
|upkeep
|turn|41
|
|t:|1779631854
|move|p1a: Braviary|Vacuum Wave|p2a: Ninetales
|-damage|p2a: Ninetales|12/100
|move|p2a: Ninetales|Blizzard|p1a: Braviary
|-supereffective|p1a: Braviary
|-damage|p1a: Braviary|0 fnt
|faint|p1a: Braviary
|
|-weather|Snowscape|[upkeep]
|upkeep
|
|t:|1779631858
|switch|p1a: Raging Bolt|Raging Bolt|100/100
|turn|42
|
|t:|1779631872
|move|p2a: Ninetales|Encore||[still]
|-fail|p2a: Ninetales
|move|p1a: Raging Bolt|Thunderbolt|p2a: Ninetales
|-damage|p2a: Ninetales|0 fnt
|faint|p2a: Ninetales
|
|-weather|Snowscape|[upkeep]
|upkeep
|
|t:|1779631878
|switch|p2a: Ogerpon|Ogerpon-Wellspring, F|100/100
|turn|43
|
|t:|1779631885
|move|p2a: Ogerpon|Swords Dance|p2a: Ogerpon
|-boost|p2a: Ogerpon|atk|2
|move|p1a: Raging Bolt|Thunderbolt|p2a: Ogerpon
|-damage|p2a: Ogerpon|50/100
|
|-weather|Snowscape|[upkeep]
|upkeep
|turn|44
|
|t:|1779631900
|move|p2a: Ogerpon|Knock Off|p1a: Raging Bolt
|-damage|p1a: Raging Bolt|26/100
|-enditem|p1a: Raging Bolt|Choice Specs|[from] move: Knock Off|[of] p2a: Ogerpon
|move|p1a: Raging Bolt|Thunderbolt|p2a: Ogerpon
|-damage|p2a: Ogerpon|17/100
|
|-weather|none
|-sideend|p2: thehumangod|move: Aurora Veil
|upkeep
|turn|45
|c|☆patchworrk|don’t be play rougu
|
|t:|1779631916
|move|p1a: Raging Bolt|Thunderclap|p2a: Ogerpon
|-damage|p2a: Ogerpon|0 fnt
|faint|p2a: Ogerpon
|
|win|patchworrk
|raw|patchworrk's rating: 1187 &rarr; <strong>1216</strong><br />(+29 for winning)
|raw|thehumangod's rating: 1236 &rarr; <strong>1207</strong><br />(-29 for losing)
|c|☆patchworrk|gg
|c|☆thehumangod|luck early saved u
