|j|☆Ratclaw
|j|☆NoobishTrainerJoe
|t:|1779682940
|gametype|singles
|player|p1|Ratclaw|skyla|1594
|player|p2|NoobishTrainerJoe|170|1625
|gen|9
|tier|[Gen 9] OU
|rated|
|rule|HP Percentage Mod: HP is shown in percentages
|rule|Endless Battle Clause: Forcing endless battles is banned
|rule|Species Clause: Limit one of each Pokémon
|rule|OHKO Clause: OHKO moves are banned
|rule|Evasion Items Clause: Evasion items are banned
|rule|Evasion Moves Clause: Evasion moves are banned
|rule|Evasion Abilities Clause: Evasion abilities are banned
|rule|Sleep Moves Clause: Sleep-inducing moves are banned
|clearpoke
|poke|p1|Dragapult, M|
|poke|p1|Raging Bolt|
|poke|p1|Great Tusk|
|poke|p1|Hatterene, F|
|poke|p1|Moltres|
|poke|p1|Scizor, F|
|poke|p2|Greninja-*, M|
|poke|p2|Pelipper, F|
|poke|p2|Iron Valiant|
|poke|p2|Primarina, M|
|poke|p2|Iron Treads|
|poke|p2|Kingambit, F|
|teampreview
|
|t:|1779682986
|teamsize|p1|6
|teamsize|p2|6
|start
|switch|p1a: Hatterene|Hatterene, F|100/100
|switch|p2a: Iron Treads|Iron Treads|100/100
|turn|1
|
|t:|1779682994
|switch|p1a: Moltres|Moltres|100/100
|move|p2a: Iron Treads|Earthquake|p1a: Moltres
|-immune|p1a: Moltres
|
|upkeep
|turn|2
|
|t:|1779682997
|move|p2a: Iron Treads|Stealth Rock|p1a: Moltres
|-sidestart|p1: Ratclaw|move: Stealth Rock
|move|p1a: Moltres|Flamethrower|p2a: Iron Treads
|-supereffective|p2a: Iron Treads
|-crit|p2a: Iron Treads
|-damage|p2a: Iron Treads|0 fnt
|faint|p2a: Iron Treads
|-end|p2a: Iron Treads|Quark Drive|[silent]
|
|upkeep
|j| mono_8427109
|c|☆NoobishTrainerJoe|Bro
|c|☆NoobishTrainerJoe|wtf
|
|t:|1779683018
|switch|p2a: Primarina|Primarina, M|100/100
|turn|3
|
|t:|1779683025
|switch|p1a: Hatterene|Hatterene, F|100/100
|-damage|p1a: Hatterene|88/100|[from] Stealth Rock
|move|p2a: Primarina|Flip Turn|p1a: Hatterene
|-damage|p1a: Hatterene|72/100
|
|t:|1779683030
|switch|p2a: Kingambit|Kingambit, F|100/100|[from] Flip Turn
|-activate|p2a: Kingambit|ability: Supreme Overlord
|-start|p2a: Kingambit|fallen1|[silent]
|
|upkeep
|turn|4
|
|t:|1779683035
|-end|p2a: Kingambit|fallen1|[silent]
|switch|p2a: Pelipper|Pelipper, F|100/100
|-weather|RainDance|[from] ability: Drizzle|[of] p2a: Pelipper
|switch|p1a: Moltres|Moltres|100/100
|
|-weather|RainDance|[upkeep]
|upkeep
|turn|5
|
|t:|1779683039
|move|p1a: Moltres|U-turn|p2a: Pelipper
|-resisted|p2a: Pelipper
|-damage|p2a: Pelipper|95/100
|
|t:|1779683042
|switch|p1a: Raging Bolt|Raging Bolt|100/100|[from] U-turn
|-damage|p1a: Raging Bolt|88/100|[from] Stealth Rock
|-enditem|p1a: Raging Bolt|Booster Energy
|-activate|p1a: Raging Bolt|ability: Protosynthesis|[fromitem]
|-start|p1a: Raging Bolt|protosynthesisspa
|move|p2a: Pelipper|U-turn|p1a: Raging Bolt
|-damage|p1a: Raging Bolt|81/100
|
|t:|1779683052
|switch|p2a: Primarina|Primarina, M|100/100|[from] U-turn
|
|-weather|RainDance|[upkeep]
|upkeep
|turn|6
|
|t:|1779683060
|-terastallize|p2a: Primarina|Ground
|move|p1a: Raging Bolt|Thunderbolt|p2a: Primarina
|-immune|p2a: Primarina
|move|p2a: Primarina|Moonblast|p1a: Raging Bolt
|-supereffective|p1a: Raging Bolt
|-damage|p1a: Raging Bolt|0 fnt
|faint|p1a: Raging Bolt
|-end|p1a: Raging Bolt|Protosynthesis|[silent]
|
|-weather|RainDance|[upkeep]
|upkeep
|j| wuxinshushu1
|
|t:|1779683084
|switch|p1a: Great Tusk|Great Tusk|100/100
|turn|7
|
|t:|1779683104
|move|p1a: Great Tusk|Rapid Spin|p2a: Primarina
|-damage|p2a: Primarina|79/100
|-boost|p1a: Great Tusk|spe|1
|-sideend|p1: Ratclaw|Stealth Rock|[from] move: Rapid Spin|[of] p1a: Great Tusk
|move|p2a: Primarina|Moonblast|p1a: Great Tusk
|-supereffective|p1a: Great Tusk
|-damage|p1a: Great Tusk|0 fnt
|faint|p1a: Great Tusk
|-end|p1a: Great Tusk|Protosynthesis|[silent]
|
|-weather|RainDance|[upkeep]
|upkeep
|
|t:|1779683110
|switch|p1a: Hatterene|Hatterene, F|72/100
|turn|8
|
|t:|1779683117
|move|p2a: Primarina|Moonblast|p1a: Hatterene
|-damage|p1a: Hatterene|31/100
|move|p1a: Hatterene|Dazzling Gleam|p2a: Primarina
|-damage|p2a: Primarina|48/100
|
|-weather|RainDance|[upkeep]
|upkeep
|turn|9
|
|t:|1779683124
|switch|p1a: Moltres|Moltres|100/100
|move|p2a: Primarina|Moonblast|p1a: Moltres
|-resisted|p1a: Moltres
|-damage|p1a: Moltres|60/100
|-unboost|p1a: Moltres|spa|1
|
|-weather|RainDance|[upkeep]
|upkeep
|turn|10
|
|t:|1779683129
|move|p1a: Moltres|Air Slash|p2a: Primarina
|-damage|p2a: Primarina|32/100
|move|p2a: Primarina|Moonblast|p1a: Moltres
|-resisted|p1a: Moltres
|-damage|p1a: Moltres|21/100
|-unboost|p1a: Moltres|spa|1
|
|-weather|RainDance|[upkeep]
|upkeep
|turn|11
|
|t:|1779683137
|move|p1a: Moltres|Air Slash|p2a: Primarina
|-damage|p2a: Primarina|18/100
|move|p2a: Primarina|Moonblast|p1a: Moltres
|-resisted|p1a: Moltres
|-damage|p1a: Moltres|0 fnt
|faint|p1a: Moltres
|
|-weather|none
|upkeep
|
|t:|1779683140
|switch|p1a: Dragapult|Dragapult, M|100/100
|turn|12
|
|t:|1779683147
|switch|p2a: Pelipper|Pelipper, F|95/100
|-weather|RainDance|[from] ability: Drizzle|[of] p2a: Pelipper
|move|p1a: Dragapult|Shadow Ball|p2a: Pelipper
|-crit|p2a: Pelipper
|-damage|p2a: Pelipper|22/100
|
|-weather|RainDance|[upkeep]
|upkeep
|turn|13
|
|t:|1779683156
|switch|p2a: Kingambit|Kingambit, F|100/100
|-activate|p2a: Kingambit|ability: Supreme Overlord
|-start|p2a: Kingambit|fallen1|[silent]
|move|p1a: Dragapult|Shadow Ball|p2a: Kingambit
|-resisted|p2a: Kingambit
|-damage|p2a: Kingambit|81/100
|
|-weather|RainDance|[upkeep]
|-heal|p2a: Kingambit|87/100|[from] item: Leftovers
|upkeep
|turn|14
|
|t:|1779683160
|move|p1a: Dragapult|Will-O-Wisp|p2a: Kingambit|[miss]
|-miss|p1a: Dragapult|p2a: Kingambit
|move|p2a: Kingambit|Kowtow Cleave|p1a: Dragapult
|-supereffective|p1a: Dragapult
|-damage|p1a: Dragapult|0 fnt
|faint|p1a: Dragapult
|
|-weather|RainDance|[upkeep]
|-heal|p2a: Kingambit|93/100|[from] item: Leftovers
|upkeep
|-message|Ratclaw forfeited.
|
|win|NoobishTrainerJoe
|raw|Ratclaw's rating: 1594 &rarr; <strong>1576</strong><br />(-18 for losing)
|raw|NoobishTrainerJoe's rating: 1625 &rarr; <strong>1643</strong><br />(+18 for winning)
|l|☆Ratclaw
|player|p1|
|l|☆NoobishTrainerJoe
|player|p2|
|l| wuxinshushu1
|l| mono_8427109
