|j|☆chrisfeb1992
|j|☆davistared
|t:|1779593528
|gametype|singles
|player|p1|chrisfeb1992|101|1265
|player|p2|davistared|artist-gen4|1241
|gen|9
|tier|[Gen 9] OU
|rated|
|rule|HP Percentage Mod: HP is shown in percentages
|rule|Endless Battle Clause: Forcing endless battles is banned
|rule|Species Clause: Limit one of each Pokémon
|rule|OHKO Clause: OHKO moves are banned
|rule|Evasion Items Clause: Evasion items are banned
|rule|Evasion Moves Clause: Evasion moves are banned
|rule|Evasion Abilities Clause: Evasion abilities are banned
|rule|Sleep Moves Clause: Sleep-inducing moves are banned
|clearpoke
|poke|p1|Ceruledge, M|
|poke|p1|Ribombee, F|
|poke|p1|Ursaluna, M|
|poke|p1|Darkrai|
|poke|p1|Iron Treads|
|poke|p1|Regieleki|
|poke|p2|Moltres|
|poke|p2|Rillaboom, M|
|poke|p2|Alomomola, M|
|poke|p2|Great Tusk|
|poke|p2|Iron Crown|
|poke|p2|Lokix, F|
|teampreview
|
|t:|1779593541
|teamsize|p1|6
|teamsize|p2|6
|start
|switch|p1a: Ribombee|Ribombee, F|100/100
|switch|p2a: Moltres|Moltres, shiny|100/100
|turn|1
|
|t:|1779593548
|move|p1a: Ribombee|Sticky Web|p2a: Moltres
|-sidestart|p2: davistared|move: Sticky Web
|move|p2a: Moltres|Flamethrower|p1a: Ribombee
|-supereffective|p1a: Ribombee
|-enditem|p1a: Ribombee|Focus Sash
|-damage|p1a: Ribombee|1/100
|
|upkeep
|turn|2
|
|t:|1779593555
|move|p1a: Ribombee|U-turn|p2a: Moltres
|-resisted|p2a: Moltres
|-damage|p2a: Moltres|98/100
|
|t:|1779593558
|switch|p1a: Ursaluna|Ursaluna, M|100/100|[from] U-turn
|move|p2a: Moltres|U-turn|p1a: Ursaluna
|-damage|p1a: Ursaluna|91/100
|
|t:|1779593569
|switch|p2a: Alomomola|Alomomola, M|100/100|[from] U-turn
|-activate|p2a: Alomomola|move: Sticky Web
|-unboost|p2a: Alomomola|spe|1
|
|-status|p1a: Ursaluna|brn|[from] item: Flame Orb
|upkeep
|turn|3
|
|t:|1779593580
|switch|p1a: Ribombee|Ribombee, F|1/100
|move|p2a: Alomomola|Flip Turn|p1a: Ribombee
|-damage|p1a: Ribombee|0 fnt
|faint|p1a: Ribombee
|
|t:|1779593585
|switch|p2a: Great Tusk|Great Tusk|100/100|[from] Flip Turn
|-activate|p2a: Great Tusk|move: Sticky Web
|-unboost|p2a: Great Tusk|spe|1
|
|upkeep
|
|t:|1779593592
|switch|p1a: Darkrai|Darkrai|100/100
|turn|4
|
|t:|1779593613
|move|p1a: Darkrai|Ice Beam|p2a: Great Tusk
|-supereffective|p2a: Great Tusk
|-damage|p2a: Great Tusk|8/100
|-status|p2a: Great Tusk|frz
|cant|p2a: Great Tusk|frz
|
|upkeep
|turn|5
|c|☆davistared|:/
|
|t:|1779593638
|switch|p1a: Ceruledge|Ceruledge, M|100/100
|-end|p2a: Great Tusk|Protosynthesis|[silent]
|switch|p2a: Alomomola|Alomomola, M|100/100
|-activate|p2a: Alomomola|move: Sticky Web
|-unboost|p2a: Alomomola|spe|1
|
|upkeep
|turn|6
|
|t:|1779593647
|move|p1a: Ceruledge|Swords Dance|p1a: Ceruledge
|-boost|p1a: Ceruledge|atk|2
|move|p2a: Alomomola|Scald|p1a: Ceruledge
|-supereffective|p1a: Ceruledge
|-damage|p1a: Ceruledge|67/100
|
|upkeep
|turn|7
|
|t:|1779593658
|-terastallize|p1a: Ceruledge|Ghost
|move|p1a: Ceruledge|Poltergeist|p2a: Alomomola
|-activate|p2a: Alomomola|move: Poltergeist|Rocky Helmet
|-crit|p2a: Alomomola
|-damage|p2a: Alomomola|0 fnt
|faint|p2a: Alomomola
|
|upkeep
|
|t:|1779593667
|switch|p2a: Lokix|Lokix, F|100/100
|-activate|p2a: Lokix|move: Sticky Web
|-unboost|p2a: Lokix|spe|1
|turn|8
|
|t:|1779593672
|switch|p1a: Iron Treads|Iron Treads|100/100
|-enditem|p1a: Iron Treads|Booster Energy
|-activate|p1a: Iron Treads|ability: Quark Drive|[fromitem]
|-start|p1a: Iron Treads|quarkdrivespe
|move|p2a: Lokix|First Impression|p1a: Iron Treads
|-resisted|p1a: Iron Treads
|-damage|p1a: Iron Treads|41/100
|
|upkeep
|turn|9
|
|t:|1779593682
|switch|p2a: Great Tusk|Great Tusk|8/100 frz
|-activate|p2a: Great Tusk|move: Sticky Web
|-unboost|p2a: Great Tusk|spe|1
|move|p1a: Iron Treads|Stealth Rock|p2a: Great Tusk
|-sidestart|p2: davistared|move: Stealth Rock
|
|upkeep
|turn|10
|
|t:|1779593691
|move|p1a: Iron Treads|Earthquake|p2a: Great Tusk
|-damage|p2a: Great Tusk|0 fnt
|faint|p2a: Great Tusk
|-end|p2a: Great Tusk|Protosynthesis|[silent]
|
|upkeep
|
|t:|1779593705
|switch|p2a: Lokix|Lokix, F|100/100
|-activate|p2a: Lokix|move: Sticky Web
|-unboost|p2a: Lokix|spe|1
|-damage|p2a: Lokix|76/100|[from] Stealth Rock
|turn|11
|
|t:|1779593711
|move|p2a: Lokix|First Impression|p1a: Iron Treads
|-resisted|p1a: Iron Treads
|-damage|p1a: Iron Treads|0 fnt
|faint|p1a: Iron Treads
|-end|p1a: Iron Treads|Quark Drive|[silent]
|
|upkeep
|
|t:|1779593717
|switch|p1a: Ursaluna|Ursaluna, M|91/100 brn
|turn|12
|
|t:|1779593721
|switch|p2a: Moltres|Moltres, shiny|98/100
|move|p1a: Ursaluna|Facade|p2a: Moltres
|-damage|p2a: Moltres|30/100
|
|-damage|p1a: Ursaluna|85/100 brn|[from] brn
|upkeep
|turn|13
|
|t:|1779593738
|move|p1a: Ursaluna|Facade|p2a: Moltres
|-damage|p2a: Moltres|0 fnt
|faint|p2a: Moltres
|
|-damage|p1a: Ursaluna|78/100 brn|[from] brn
|upkeep
|
|t:|1779593741
|switch|p2a: Rillaboom|Rillaboom, M|100/100
|-activate|p2a: Rillaboom|move: Sticky Web
|-unboost|p2a: Rillaboom|spe|1
|-damage|p2a: Rillaboom|88/100|[from] Stealth Rock
|-fieldstart|move: Grassy Terrain|[from] ability: Grassy Surge|[of] p2a: Rillaboom
|turn|14
|
|t:|1779593753
|-terastallize|p2a: Rillaboom|Grass
|move|p2a: Rillaboom|Grassy Glide|p1a: Ursaluna
|-supereffective|p1a: Ursaluna
|-damage|p1a: Ursaluna|6/100 brn
|move|p1a: Ursaluna|Facade|p2a: Rillaboom
|-damage|p2a: Rillaboom|0 fnt
|faint|p2a: Rillaboom
|
|-heal|p1a: Ursaluna|12/100 brn|[from] Grassy Terrain
|-damage|p1a: Ursaluna|6/100 brn|[from] brn
|upkeep
|
|t:|1779593767
|switch|p2a: Lokix|Lokix, F|76/100
|-activate|p2a: Lokix|move: Sticky Web
|-unboost|p2a: Lokix|spe|1
|-damage|p2a: Lokix|51/100|[from] Stealth Rock
|turn|15
|
|t:|1779593773
|move|p1a: Ursaluna|Facade|p2a: Lokix
|-damage|p2a: Lokix|0 fnt
|faint|p2a: Lokix
|
|-heal|p1a: Ursaluna|12/100 brn|[from] Grassy Terrain
|-damage|p1a: Ursaluna|6/100 brn|[from] brn
|upkeep
|
|t:|1779593776
|switch|p2a: Iron Crown|Iron Crown|100/100
|-activate|p2a: Iron Crown|move: Sticky Web
|-unboost|p2a: Iron Crown|spe|1
|-damage|p2a: Iron Crown|94/100|[from] Stealth Rock
|turn|16
|c|☆davistared|ggwp
|
|t:|1779593785
|move|p1a: Ursaluna|Earthquake|p2a: Iron Crown
|-supereffective|p2a: Iron Crown
|-damage|p2a: Iron Crown|19/100
|move|p2a: Iron Crown|Tachyon Cutter|p1a: Ursaluna
|-damage|p1a: Ursaluna|0 fnt
|faint|p1a: Ursaluna
|-hitcount|p1: Ursaluna|1
|
|-heal|p2a: Iron Crown|25/100|[from] Grassy Terrain
|upkeep
|
|t:|1779593797
|switch|p1a: Darkrai|Darkrai|100/100
|turn|17
|
|t:|1779593800
|move|p1a: Darkrai|Dark Pulse|p2a: Iron Crown
|-supereffective|p2a: Iron Crown
|-damage|p2a: Iron Crown|0 fnt
|faint|p2a: Iron Crown
|-end|p2a: Iron Crown|Quark Drive|[silent]
|
|win|chrisfeb1992
|raw|chrisfeb1992's rating: 1265 &rarr; <strong>1288</strong><br />(+23 for winning)
|raw|davistared's rating: 1241 &rarr; <strong>1218</strong><br />(-23 for losing)
|c|☆davistared|gg
