|j|☆A$AP PUCK
|j|☆choispecs ironmoth
|t:|1779720855
|gametype|singles
|player|p1|A$AP PUCK|grimsley|1570
|player|p2|choispecs ironmoth|lucas|1574
|gen|9
|tier|[Gen 9] OU
|rated|
|rule|HP Percentage Mod: HP is shown in percentages
|rule|Endless Battle Clause: Forcing endless battles is banned
|rule|Species Clause: Limit one of each Pokémon
|rule|OHKO Clause: OHKO moves are banned
|rule|Evasion Items Clause: Evasion items are banned
|rule|Evasion Moves Clause: Evasion moves are banned
|rule|Evasion Abilities Clause: Evasion abilities are banned
|rule|Sleep Moves Clause: Sleep-inducing moves are banned
|clearpoke
|poke|p1|Tyranitar, M|
|poke|p1|Excadrill, F|
|poke|p1|Moltres|
|poke|p1|Houndstone, M|
|poke|p1|Weezing-Galar, F|
|poke|p1|Darkrai|
|poke|p2|Kyurem|
|poke|p2|Cinderace, F|
|poke|p2|Kingambit, F|
|poke|p2|Landorus-Therian, M|
|poke|p2|Iron Valiant|
|poke|p2|Slowking-Galar, M|
|teampreview
|
|t:|1779720865
|teamsize|p1|6
|teamsize|p2|6
|start
|switch|p1a: Darkrai|Darkrai|100/100
|switch|p2a: Iron Valiant|Iron Valiant|100/100
|-enditem|p2a: Iron Valiant|Booster Energy
|-activate|p2a: Iron Valiant|ability: Quark Drive|[fromitem]
|-start|p2a: Iron Valiant|quarkdrivespe
|turn|1
|
|t:|1779720870
|-terastallize|p1a: Darkrai|Poison
|move|p2a: Iron Valiant|Calm Mind|p2a: Iron Valiant
|-boost|p2a: Iron Valiant|spa|1
|-boost|p2a: Iron Valiant|spd|1
|move|p1a: Darkrai|Sludge Bomb|p2a: Iron Valiant
|-supereffective|p2a: Iron Valiant
|-damage|p2a: Iron Valiant|0 fnt
|faint|p2a: Iron Valiant
|-end|p2a: Iron Valiant|Quark Drive|[silent]
|
|upkeep
|
|t:|1779720876
|switch|p2a: Slowking|Slowking-Galar, M|100/100
|turn|2
|
|t:|1779720881
|switch|p1a: Tyranitar|Tyranitar, M|100/100
|-weather|Sandstorm|[from] ability: Sand Stream|[of] p1a: Tyranitar
|-prepare|p2a: Slowking|Chilly Reception|[premajor]
|move|p2a: Slowking|Chilly Reception|p2a: Slowking
|-weather|Snowscape
|
|t:|1779720886
|switch|p2a: Cinderace|Cinderace, F|100/100|[from] Chilly Reception
|
|-weather|Snowscape|[upkeep]
|upkeep
|turn|3
|
|t:|1779720890
|switch|p1a: Moltres|Moltres|100/100
|move|p2a: Cinderace|U-turn|p1a: Moltres
|-start|p2a: Cinderace|typechange|Bug|[from] ability: Libero
|-resisted|p1a: Moltres
|-damage|p1a: Moltres|94/100
|
|t:|1779720893
|switch|p2a: Kyurem|Kyurem|100/100|[from] U-turn
|-ability|p2a: Kyurem|Pressure
|
|-weather|Snowscape|[upkeep]
|upkeep
|turn|4
|
|t:|1779720898
|switch|p1a: Tyranitar|Tyranitar, M|100/100
|-weather|Sandstorm|[from] ability: Sand Stream|[of] p1a: Tyranitar
|move|p2a: Kyurem|Body Press|p1a: Tyranitar
|-supereffective|p1a: Tyranitar
|-damage|p1a: Tyranitar|20/100
|
|-weather|Sandstorm|[upkeep]
|-damage|p2a: Kyurem|94/100|[from] Sandstorm
|upkeep
|turn|5
|inactive|Battle timer is ON: inactive players will automatically lose when time's up. (requested by choispecs ironmoth)
|
|t:|1779720909
|switch|p1a: Houndstone|Houndstone, M|100/100
|move|p2a: Kyurem|Blizzard|p1a: Houndstone
|-damage|p1a: Houndstone|33/100
|
|-weather|Sandstorm|[upkeep]
|-damage|p2a: Kyurem|88/100|[from] Sandstorm
|upkeep
|turn|6
|
|t:|1779720915
|switch|p2a: Landorus|Landorus-Therian, M|100/100
|-ability|p2a: Landorus|Intimidate|boost
|-unboost|p1a: Houndstone|atk|1
|move|p1a: Houndstone|Poltergeist|p2a: Landorus
|-activate|p2a: Landorus|move: Poltergeist|Rocky Helmet
|-damage|p2a: Landorus|54/100
|
|-weather|Sandstorm|[upkeep]
|upkeep
|turn|7
|
|t:|1779720926
|move|p1a: Houndstone|Poltergeist|p2a: Landorus
|-activate|p2a: Landorus|move: Poltergeist|Rocky Helmet
|-damage|p2a: Landorus|8/100
|move|p2a: Landorus|Earthquake|p1a: Houndstone
|-damage|p1a: Houndstone|0 fnt
|faint|p1a: Houndstone
|
|-weather|Sandstorm|[upkeep]
|upkeep
|j| GavilarKholin
|
|t:|1779720931
|switch|p1a: Excadrill|Excadrill, F|100/100
|turn|8
|
|t:|1779720936
|switch|p2a: Cinderace|Cinderace, F|100/100
|move|p1a: Excadrill|Rapid Spin|p2a: Cinderace
|-damage|p2a: Cinderace|66/100
|-boost|p1a: Excadrill|spe|1
|-damage|p1a: Excadrill|91/100|[from] item: Life Orb
|
|-weather|none
|upkeep
|turn|9
|
|t:|1779720943
|switch|p2a: Landorus|Landorus-Therian, M|8/100
|-ability|p2a: Landorus|Intimidate|boost
|-unboost|p1a: Excadrill|atk|1
|move|p1a: Excadrill|Earthquake|p2a: Landorus
|-immune|p2a: Landorus
|
|upkeep
|turn|10
|
|t:|1779720951
|move|p1a: Excadrill|Rapid Spin|p2a: Landorus
|-damage|p2a: Landorus|0 fnt
|-boost|p1a: Excadrill|spe|1
|-damage|p1a: Excadrill|74/100|[from] item: Rocky Helmet|[of] p2a: Landorus
|faint|p2a: Landorus
|-damage|p1a: Excadrill|64/100|[from] item: Life Orb
|
|upkeep
|
|t:|1779720955
|switch|p2a: Kingambit|Kingambit, F|100/100
|-activate|p2a: Kingambit|ability: Supreme Overlord
|-start|p2a: Kingambit|fallen2|[silent]
|turn|11
|
|t:|1779720960
|move|p1a: Excadrill|Earthquake|p2a: Kingambit
|-supereffective|p2a: Kingambit
|-damage|p2a: Kingambit|6/100
|-damage|p1a: Excadrill|54/100|[from] item: Life Orb
|move|p2a: Kingambit|Swords Dance|p2a: Kingambit
|-boost|p2a: Kingambit|atk|2
|
|-heal|p2a: Kingambit|12/100|[from] item: Leftovers
|upkeep
|turn|12
|
|t:|1779720969
|switch|p1a: Moltres|Moltres|94/100
|move|p2a: Kingambit|Kowtow Cleave|p1a: Moltres
|-damage|p1a: Moltres|14/100
|-status|p2a: Kingambit|brn|[from] ability: Flame Body|[of] p1a: Moltres
|
|-heal|p2a: Kingambit|19/100 brn|[from] item: Leftovers
|-damage|p2a: Kingambit|12/100 brn|[from] brn
|upkeep
|turn|13
|
|t:|1779720975
|move|p1a: Moltres|Flamethrower|p2a: Kingambit
|-supereffective|p2a: Kingambit
|-damage|p2a: Kingambit|0 fnt
|faint|p2a: Kingambit
|-end|p2a: Kingambit|fallen2|[silent]
|
|upkeep
|
|t:|1779720979
|switch|p2a: Slowking|Slowking-Galar, M|100/100
|turn|14
|
|t:|1779720982
|move|p1a: Moltres|Roost|p1a: Moltres
|-heal|p1a: Moltres|64/100
|-singleturn|p1a: Moltres|move: Roost
|-prepare|p2a: Slowking|Chilly Reception|[premajor]
|move|p2a: Slowking|Chilly Reception|p2a: Slowking
|-weather|Snowscape
|
|t:|1779720985
|switch|p2a: Kyurem|Kyurem|88/100|[from] Chilly Reception
|-ability|p2a: Kyurem|Pressure
|
|-weather|Snowscape|[upkeep]
|upkeep
|turn|15
|l| GavilarKholin
|
|t:|1779720991
|move|p2a: Kyurem|Blizzard|p1a: Moltres
|-damage|p1a: Moltres|3/100
|move|p1a: Moltres|Roost|p1a: Moltres
|-heal|p1a: Moltres|53/100
|-singleturn|p1a: Moltres|move: Roost
|
|-weather|Snowscape|[upkeep]
|upkeep
|turn|16
|
|t:|1779720999
|switch|p1a: Tyranitar|Tyranitar, M|20/100
|-weather|Sandstorm|[from] ability: Sand Stream|[of] p1a: Tyranitar
|move|p2a: Kyurem|Blizzard|p1a: Tyranitar
|-damage|p1a: Tyranitar|0 fnt
|faint|p1a: Tyranitar
|
|-weather|Sandstorm|[upkeep]
|-damage|p2a: Kyurem|82/100|[from] Sandstorm
|upkeep
|
|t:|1779721004
|switch|p1a: Excadrill|Excadrill, F|54/100
|turn|17
|
|t:|1779721007
|-terastallize|p2a: Kyurem|Steel
|move|p1a: Excadrill|Rock Slide|p2a: Kyurem|[miss]
|-miss|p1a: Excadrill|p2a: Kyurem
|move|p2a: Kyurem|Blizzard|p1a: Excadrill|[miss]
|-miss|p2a: Kyurem|p1a: Excadrill
|
|-weather|Sandstorm|[upkeep]
|upkeep
|turn|18
|
|t:|1779721015
|move|p1a: Excadrill|Earthquake|p2a: Kyurem
|-supereffective|p2a: Kyurem
|-crit|p2a: Kyurem
|-damage|p2a: Kyurem|0 fnt
|faint|p2a: Kyurem
|-damage|p1a: Excadrill|44/100|[from] item: Life Orb
|
|-weather|Sandstorm|[upkeep]
|upkeep
|-message|choispecs ironmoth forfeited.
|
|win|A$AP PUCK
|raw|A$AP PUCK's rating: 1570 &rarr; <strong>1590</strong><br />(+20 for winning)
|raw|choispecs ironmoth's rating: 1574 &rarr; <strong>1554</strong><br />(-20 for losing)
|l|☆choispecs ironmoth
|player|p2|
|l|☆A$AP PUCK
|player|p1|
