|j|☆smokesniper3
|j|‽GyaradosDragon
|t:|1779604403
|gametype|singles
|player|p1|smokesniper3|veteran|1577
|player|p2|GyaradosDragon|rocketgrunt|1738
|gen|9
|tier|[Gen 9] OU
|rated|
|rule|HP Percentage Mod: HP is shown in percentages
|rule|Endless Battle Clause: Forcing endless battles is banned
|rule|Species Clause: Limit one of each Pokémon
|rule|OHKO Clause: OHKO moves are banned
|rule|Evasion Items Clause: Evasion items are banned
|rule|Evasion Moves Clause: Evasion moves are banned
|rule|Evasion Abilities Clause: Evasion abilities are banned
|rule|Sleep Moves Clause: Sleep-inducing moves are banned
|clearpoke
|poke|p1|Indeedee, M|
|poke|p1|Gardevoir, F|
|poke|p1|Iron Crown|
|poke|p1|Hatterene, F|
|poke|p1|Hoopa-Unbound|
|poke|p1|Hawlucha, F|
|poke|p2|Ninetales-Alola, F|
|poke|p2|Klefki, F|
|poke|p2|Maushold-Four|
|poke|p2|Latias, F|
|poke|p2|Okidogi, M|
|poke|p2|Kyurem|
|teampreview
|inactive|Battle timer is ON: inactive players will automatically lose when time's up. (requested by smokesniper3)
|
|t:|1779604421
|teamsize|p1|6
|teamsize|p2|6
|start
|switch|p1a: Indeedee|Indeedee, M|100/100
|switch|p2a: Ninetales|Ninetales-Alola, F|100/100
|-weather|Snowscape|[from] ability: Snow Warning|[of] p2a: Ninetales
|-fieldstart|move: Psychic Terrain|[from] ability: Psychic Surge|[of] p1a: Indeedee
|turn|1
|
|t:|1779604430
|switch|p1a: Iron Crown|Iron Crown|100/100
|-enditem|p1a: Iron Crown|Booster Energy
|-activate|p1a: Iron Crown|ability: Quark Drive|[fromitem]
|-start|p1a: Iron Crown|quarkdrivespe
|move|p2a: Ninetales|Aurora Veil|p2a: Ninetales
|-sidestart|p2: GyaradosDragon|move: Aurora Veil
|
|-weather|Snowscape|[upkeep]
|upkeep
|turn|2
|
|t:|1779604439
|move|p1a: Iron Crown|Calm Mind|p1a: Iron Crown
|-boost|p1a: Iron Crown|spa|1
|-boost|p1a: Iron Crown|spd|1
|move|p2a: Ninetales|Encore|p1a: Iron Crown
|-start|p1a: Iron Crown|Encore
|
|-weather|Snowscape|[upkeep]
|upkeep
|turn|3
|
|t:|1779604443
|switch|p2a: Maushold|Maushold-Four|100/100
|move|p1a: Iron Crown|Calm Mind|p1a: Iron Crown
|-boost|p1a: Iron Crown|spa|1
|-boost|p1a: Iron Crown|spd|1
|
|-weather|Snowscape|[upkeep]
|upkeep
|turn|4
|
|t:|1779604463
|-end|p1a: Iron Crown|Quark Drive|[silent]
|switch|p1a: Hatterene|Hatterene, F|100/100
|move|p2a: Maushold|Tidy Up|p2a: Maushold
|-boost|p2a: Maushold|atk|1
|-boost|p2a: Maushold|spe|1
|
|-weather|Snowscape|[upkeep]
|upkeep
|turn|5
|
|t:|1779604476
|move|p2a: Maushold|Tidy Up|p2a: Maushold
|-boost|p2a: Maushold|atk|1
|-boost|p2a: Maushold|spe|1
|move|p1a: Hatterene|Nuzzle|p2a: Maushold
|-damage|p2a: Maushold|98/100
|-status|p2a: Maushold|par
|
|-weather|none
|upkeep
|turn|6
|
|t:|1779604482
|move|p2a: Maushold|Population Bomb|p1a: Hatterene
|-damage|p1a: Hatterene|79/100
|-damage|p1a: Hatterene|59/100
|-damage|p1a: Hatterene|39/100
|-damage|p1a: Hatterene|17/100
|-damage|p1a: Hatterene|0 fnt
|faint|p1a: Hatterene
|-hitcount|p1: Hatterene|5
|
|upkeep
|
|t:|1779604503
|switch|p1a: Gardevoir|Gardevoir, F|100/100
|-ability|p1a: Gardevoir|Technician|Trace|[from] ability: Trace|[of] p2a: Maushold
|turn|7
|
|t:|1779604507
|move|p1a: Gardevoir|Expanding Force|p2a: Maushold
|-crit|p2a: Maushold
|-damage|p2a: Maushold|0 fnt
|faint|p2a: Maushold
|
|upkeep
|c|☆smokesniper3|mb
|
|t:|1779604515
|switch|p2a: Latias|Latias, F|100/100
|turn|8
|
|t:|1779604521
|switch|p1a: Hoopa|Hoopa-Unbound|100/100
|-enditem|p1a: Hoopa|Psychic Seed
|-boost|p1a: Hoopa|spd|1|[from] item: Psychic Seed
|switch|p2a: Ninetales|Ninetales-Alola, F|100/100
|-weather|Snowscape|[from] ability: Snow Warning|[of] p2a: Ninetales
|
|-weather|Snowscape|[upkeep]
|-sideend|p2: GyaradosDragon|move: Aurora Veil
|-fieldend|move: Psychic Terrain
|upkeep
|turn|9
|
|t:|1779604532
|move|p2a: Ninetales|Aurora Veil|p2a: Ninetales
|-sidestart|p2: GyaradosDragon|move: Aurora Veil
|move|p1a: Hoopa|Trick Room|p1a: Hoopa
|-fieldstart|move: Trick Room|[of] p1a: Hoopa
|
|-weather|Snowscape|[upkeep]
|upkeep
|turn|10
|
|t:|1779604538
|move|p1a: Hoopa|Expanding Force|p2a: Ninetales
|-damage|p2a: Ninetales|74/100
|-item|p1a: Hoopa|Light Clay|[from] ability: Magician|[of] p2a: Ninetales
|move|p2a: Ninetales|Encore|p1a: Hoopa
|-start|p1a: Hoopa|Encore
|
|-weather|Snowscape|[upkeep]
|upkeep
|turn|11
|
|t:|1779604546
|switch|p1a: Indeedee|Indeedee, M|100/100
|-fieldstart|move: Psychic Terrain|[from] ability: Psychic Surge|[of] p1a: Indeedee
|move|p2a: Ninetales|Freeze-Dry|p1a: Indeedee
|-damage|p1a: Indeedee|73/100
|
|-weather|Snowscape|[upkeep]
|upkeep
|turn|12
|
|t:|1779604560
|switch|p1a: Hoopa|Hoopa-Unbound|100/100
|move|p2a: Ninetales|Misty Terrain|p2a: Ninetales
|-fieldstart|move: Misty Terrain
|
|-weather|none
|upkeep
|turn|13
|
|t:|1779604568
|switch|p1a: Indeedee|Indeedee, M|73/100
|-fieldstart|move: Psychic Terrain|[from] ability: Psychic Surge|[of] p1a: Indeedee
|switch|p2a: Kyurem|Kyurem, shiny|100/100
|-ability|p2a: Kyurem|Pressure
|
|-fieldend|move: Trick Room
|upkeep
|turn|14
|
|t:|1779604590
|switch|p1a: Hoopa|Hoopa-Unbound|100/100
|move|p2a: Kyurem|Dragon Dance|p2a: Kyurem
|-boost|p2a: Kyurem|atk|1
|-boost|p2a: Kyurem|spe|1
|
|upkeep
|turn|15
|
|t:|1779604598
|move|p2a: Kyurem|Icicle Spear|p1a: Hoopa
|-damage|p1a: Hoopa|84/100
|-damage|p1a: Hoopa|67/100
|-damage|p1a: Hoopa|51/100
|-damage|p1a: Hoopa|34/100
|-damage|p1a: Hoopa|17/100
|-hitcount|p1a: Hoopa|5
|move|p1a: Hoopa|Trick Room|p1a: Hoopa
|-fieldstart|move: Trick Room|[of] p1a: Hoopa
|
|upkeep
|turn|16
|
|t:|1779604606
|switch|p2a: Klefki|Klefki, F|100/100
|move|p1a: Hoopa|Expanding Force|p2a: Klefki
|-resisted|p2a: Klefki
|-damage|p2a: Klefki|73/100
|
|-sideend|p2: GyaradosDragon|move: Aurora Veil
|upkeep
|turn|17
|j| Scarlet Pro!
|
|t:|1779604614
|move|p2a: Klefki|Light Screen|p2a: Klefki
|-sidestart|p2: GyaradosDragon|move: Light Screen
|move|p1a: Hoopa|Expanding Force|p2a: Klefki
|-resisted|p2a: Klefki
|-damage|p2a: Klefki|48/100
|
|upkeep
|turn|18
|
|t:|1779604621
|move|p2a: Klefki|Reflect|p2a: Klefki
|-sidestart|p2: GyaradosDragon|Reflect
|move|p1a: Hoopa|Expanding Force|p2a: Klefki
|-resisted|p2a: Klefki
|-damage|p2a: Klefki|21/100
|
|upkeep
|turn|19
|
|t:|1779604627
|switch|p2a: Latias|Latias, F|100/100
|move|p1a: Hoopa|Drain Punch|p2a: Latias
|-resisted|p2a: Latias
|-damage|p2a: Latias|95/100
|-heal|p1a: Hoopa|19/100|[from] drain|[of] p2a: Latias
|
|-fieldend|move: Trick Room
|upkeep
|turn|20
|
|t:|1779604634
|move|p2a: Latias|Calm Mind|p2a: Latias
|-boost|p2a: Latias|spa|1
|-boost|p2a: Latias|spd|1
|move|p1a: Hoopa|Hyperspace Fury|p2a: Latias
|-supereffective|p2a: Latias
|-damage|p2a: Latias|42/100
|-unboost|p1a: Hoopa|def|1
|-enditem|p2a: Latias|Weakness Policy
|-boost|p2a: Latias|atk|2|[from] item: Weakness Policy
|-boost|p2a: Latias|spa|2|[from] item: Weakness Policy
|
|-fieldend|move: Psychic Terrain
|upkeep
|turn|21
|
|t:|1779604647
|move|p2a: Latias|Aura Sphere|p1a: Hoopa
|-damage|p1a: Hoopa|0 fnt
|faint|p1a: Hoopa
|
|upkeep
|
|t:|1779604654
|switch|p1a: Indeedee|Indeedee, M|73/100
|-fieldstart|move: Psychic Terrain|[from] ability: Psychic Surge|[of] p1a: Indeedee
|turn|22
|
|t:|1779604681
|move|p1a: Indeedee|Encore|p2a: Latias
|-start|p2a: Latias|Encore
|move|p2a: Latias|Aura Sphere|p1a: Indeedee
|-damage|p1a: Indeedee|0 fnt
|faint|p1a: Indeedee
|
|upkeep
|
|t:|1779604690
|switch|p1a: Hawlucha|Hawlucha, F|100/100
|-enditem|p1a: Hawlucha|Psychic Seed
|-boost|p1a: Hawlucha|spd|1|[from] item: Psychic Seed
|turn|23
|
|t:|1779604699
|switch|p2a: Klefki|Klefki, F|21/100
|move|p1a: Hawlucha|Swords Dance|p1a: Hawlucha
|-boost|p1a: Hawlucha|atk|2
|
|upkeep
|turn|24
|inactive|smokesniper3 has 120 seconds left.
|
|t:|1779604726
|-terastallize|p1a: Hawlucha|Electric
|move|p2a: Klefki|Thunder Wave|p1a: Hawlucha
|-activate|p1a: Hawlucha|move: Psychic Terrain
|move|p1a: Hawlucha|Swords Dance|p1a: Hawlucha
|-boost|p1a: Hawlucha|atk|2
|
|-sideend|p2: GyaradosDragon|move: Light Screen
|upkeep
|turn|25
|inactive|smokesniper3 has 120 seconds left.
|
|t:|1779604739
|move|p2a: Klefki|Light Screen|p2a: Klefki
|-sidestart|p2: GyaradosDragon|move: Light Screen
|move|p1a: Hawlucha|Close Combat|p2a: Klefki
|-damage|p2a: Klefki|0 fnt
|-unboost|p1a: Hawlucha|def|1
|-unboost|p1a: Hawlucha|spd|1
|faint|p2a: Klefki
|
|-sideend|p2: GyaradosDragon|Reflect
|upkeep
|
|t:|1779604745
|switch|p2a: Ninetales|Ninetales-Alola, F|74/100
|-weather|Snowscape|[from] ability: Snow Warning|[of] p2a: Ninetales
|turn|26
|
|t:|1779604748
|move|p1a: Hawlucha|Acrobatics|p2a: Ninetales
|-damage|p2a: Ninetales|0 fnt
|faint|p2a: Ninetales
|
|-weather|Snowscape|[upkeep]
|upkeep
|
|t:|1779604750
|switch|p2a: Kyurem|Kyurem, shiny|100/100
|-ability|p2a: Kyurem|Pressure
|turn|27
|
|t:|1779604758
|-terastallize|p2a: Kyurem|Ground
|move|p1a: Hawlucha|Close Combat|p2a: Kyurem
|-damage|p2a: Kyurem|0 fnt
|-unboost|p1a: Hawlucha|def|1
|-unboost|p1a: Hawlucha|spd|1
|faint|p2a: Kyurem
|
|-weather|Snowscape|[upkeep]
|upkeep
|
|t:|1779604763
|switch|p2a: Latias|Latias, F|42/100
|turn|28
|
|t:|1779604767
|move|p1a: Hawlucha|Acrobatics|p2a: Latias
|-damage|p2a: Latias|0 fnt
|faint|p2a: Latias
|
|-weather|Snowscape|[upkeep]
|upkeep
|
|t:|1779604779
|switch|p2a: Okidogi|Okidogi, M|100/100
|turn|29
|inactive|GyaradosDragon has 120 seconds left.
|j| darkrat18
|inactive|GyaradosDragon has 90 seconds left.
|j| allee23
|inactive|GyaradosDragon has 60 seconds left.
|l| Scarlet Pro!
|inactive|GyaradosDragon has 30 seconds left.
|inactive|GyaradosDragon has 20 seconds left.
|inactive|GyaradosDragon has 15 seconds left.
|inactive|GyaradosDragon has 10 seconds left.
|inactive|GyaradosDragon has 5 seconds left.
|-message|GyaradosDragon lost due to inactivity.
|
|win|smokesniper3
|raw|smokesniper3's rating: 1577 &rarr; <strong>1606</strong><br />(+29 for winning)
|raw|GyaradosDragon's rating: 1738 &rarr; <strong>1709</strong><br />(-29 for losing)
|l|☆smokesniper3
|player|p1|
|l|‽GyaradosDragon
|player|p2|
|l| allee23
