|j|☆Pratt001
|j|☆drkoalla123
|t:|1779714261
|gametype|singles
|player|p1|Pratt001|benga|1065
|player|p2|drkoalla123|red|1075
|gen|9
|tier|[Gen 9] OU
|rated|
|rule|HP Percentage Mod: HP is shown in percentages
|rule|Endless Battle Clause: Forcing endless battles is banned
|rule|Species Clause: Limit one of each Pokémon
|rule|OHKO Clause: OHKO moves are banned
|rule|Evasion Items Clause: Evasion items are banned
|rule|Evasion Moves Clause: Evasion moves are banned
|rule|Evasion Abilities Clause: Evasion abilities are banned
|rule|Sleep Moves Clause: Sleep-inducing moves are banned
|clearpoke
|poke|p1|Great Tusk|
|poke|p1|Gholdengo|
|poke|p1|Kingambit, M|
|poke|p1|Dragonite, F|
|poke|p1|Ogerpon-Wellspring, F|
|poke|p1|Iron Valiant|
|poke|p2|Charizard, F|
|poke|p2|Venusaur, F|
|poke|p2|Blastoise, M|
|poke|p2|Snorlax, M|
|poke|p2|Pikachu, M|
|poke|p2|Lapras, M|
|teampreview
|inactive|Battle timer is ON: inactive players will automatically lose when time's up. (requested by drkoalla123)
|
|t:|1779714276
|teamsize|p1|6
|teamsize|p2|6
|start
|switch|p1a: Great Tusk|Great Tusk, shiny|100/100
|switch|p2a: Pikachu|Pikachu, M|100/100
|turn|1
|
|t:|1779714290
|move|p2a: Pikachu|Fake Out|p1a: Great Tusk
|-damage|p1a: Great Tusk|91/100
|cant|p1a: Great Tusk|flinch
|
|-heal|p1a: Great Tusk|97/100|[from] item: Leftovers
|upkeep
|turn|2
|
|t:|1779714302
|switch|p2a: Charizard|Charizard, F|100/100
|move|p1a: Great Tusk|Stealth Rock|p2a: Charizard
|-sidestart|p2: drkoalla123|move: Stealth Rock
|
|-heal|p1a: Great Tusk|100/100|[from] item: Leftovers
|upkeep
|turn|3
|
|t:|1779714311
|move|p2a: Charizard|Air Slash|p1a: Great Tusk
|-supereffective|p1a: Great Tusk
|-damage|p1a: Great Tusk|7/100
|move|p1a: Great Tusk|Knock Off|p2a: Charizard
|-damage|p2a: Charizard|62/100
|-enditem|p2a: Charizard|Choice Scarf|[from] move: Knock Off|[of] p1a: Great Tusk
|
|-heal|p1a: Great Tusk|13/100|[from] item: Leftovers
|upkeep
|turn|4
|
|t:|1779714334
|-end|p1a: Great Tusk|Protosynthesis|[silent]
|switch|p1a: Gholdengo|Gholdengo, shiny|100/100
|-item|p1a: Gholdengo|Air Balloon
|move|p2a: Charizard|Air Slash|p1a: Gholdengo
|-resisted|p1a: Gholdengo
|-damage|p1a: Gholdengo|83/100
|-enditem|p1a: Gholdengo|Air Balloon
|
|upkeep
|turn|5
|
|t:|1779714348
|switch|p2a: Blastoise|Blastoise, M|100/100
|-damage|p2a: Blastoise|88/100|[from] Stealth Rock
|move|p1a: Gholdengo|Shadow Ball|p2a: Blastoise
|-damage|p2a: Blastoise|51/100
|
|-heal|p2a: Blastoise|57/100|[from] item: Leftovers
|upkeep
|turn|6
|
|t:|1779714356
|move|p1a: Gholdengo|Make It Rain|p2a: Blastoise
|-resisted|p2a: Blastoise
|-damage|p2a: Blastoise|34/100
|-unboost|p1a: Gholdengo|spa|1
|move|p2a: Blastoise|Hydro Pump|p1a: Gholdengo|[miss]
|-miss|p2a: Blastoise|p1a: Gholdengo
|
|-heal|p2a: Blastoise|40/100|[from] item: Leftovers
|upkeep
|turn|7
|
|t:|1779714370
|move|p1a: Gholdengo|Nasty Plot|p1a: Gholdengo
|-boost|p1a: Gholdengo|spa|2
|move|p2a: Blastoise|Ice Beam|p1a: Gholdengo
|-resisted|p1a: Gholdengo
|-damage|p1a: Gholdengo|74/100
|
|-heal|p2a: Blastoise|46/100|[from] item: Leftovers
|upkeep
|turn|8
|
|t:|1779714377
|switch|p2a: Snorlax|Snorlax, M|100/100
|-damage|p2a: Snorlax|88/100|[from] Stealth Rock
|move|p1a: Gholdengo|Recover|p1a: Gholdengo
|-heal|p1a: Gholdengo|100/100
|
|upkeep
|turn|9
|
|t:|1779714387
|move|p1a: Gholdengo|Shadow Ball|p2a: Snorlax
|-immune|p2a: Snorlax
|move|p2a: Snorlax|Sunny Day|p2a: Snorlax
|-weather|SunnyDay
|
|-weather|SunnyDay|[upkeep]
|upkeep
|turn|10
|
|t:|1779714394
|move|p1a: Gholdengo|Make It Rain|p2a: Snorlax
|-damage|p2a: Snorlax|48/100
|-unboost|p1a: Gholdengo|spa|1
|move|p2a: Snorlax|Fire Punch|p1a: Gholdengo
|-supereffective|p1a: Gholdengo
|-damage|p1a: Gholdengo|43/100
|
|-weather|SunnyDay|[upkeep]
|upkeep
|turn|11
|c|☆drkoalla123|Lol
|
|t:|1779714403
|move|p1a: Gholdengo|Recover|p1a: Gholdengo
|-heal|p1a: Gholdengo|93/100
|move|p2a: Snorlax|Fire Punch|p1a: Gholdengo
|-supereffective|p1a: Gholdengo
|-damage|p1a: Gholdengo|36/100
|
|-weather|SunnyDay|[upkeep]
|upkeep
|turn|12
|
|t:|1779714410
|move|p1a: Gholdengo|Recover|p1a: Gholdengo
|-heal|p1a: Gholdengo|86/100
|move|p2a: Snorlax|Fire Punch|p1a: Gholdengo
|-supereffective|p1a: Gholdengo
|-damage|p1a: Gholdengo|27/100
|-status|p1a: Gholdengo|brn
|
|-weather|SunnyDay|[upkeep]
|-damage|p1a: Gholdengo|21/100 brn|[from] brn
|upkeep
|turn|13
|
|t:|1779714420
|move|p1a: Gholdengo|Recover|p1a: Gholdengo
|-heal|p1a: Gholdengo|71/100 brn
|move|p2a: Snorlax|Rain Dance|p2a: Snorlax
|-weather|RainDance
|
|-weather|RainDance|[upkeep]
|-damage|p1a: Gholdengo|65/100 brn|[from] brn
|upkeep
|turn|14
|
|t:|1779714426
|move|p1a: Gholdengo|Make It Rain|p2a: Snorlax
|-damage|p2a: Snorlax|19/100
|-unboost|p1a: Gholdengo|spa|1
|move|p2a: Snorlax|Sunny Day|p2a: Snorlax
|-weather|SunnyDay
|
|-weather|SunnyDay|[upkeep]
|-damage|p1a: Gholdengo|59/100 brn|[from] brn
|upkeep
|turn|15
|
|t:|1779714436
|switch|p2a: Venusaur|Venusaur, F|100/100
|-damage|p2a: Venusaur|88/100|[from] Stealth Rock
|move|p1a: Gholdengo|Make It Rain|p2a: Venusaur
|-damage|p2a: Venusaur|47/100
|-unboost|p1a: Gholdengo|spa|1
|
|-weather|SunnyDay|[upkeep]
|-heal|p2a: Venusaur|53/100|[from] item: Leftovers
|-damage|p1a: Gholdengo|52/100 brn|[from] brn
|upkeep
|turn|16
|
|t:|1779714447
|move|p2a: Venusaur|Growth|p2a: Venusaur
|-boost|p2a: Venusaur|atk|2
|-boost|p2a: Venusaur|spa|2
|move|p1a: Gholdengo|Recover|p1a: Gholdengo
|-heal|p1a: Gholdengo|100/100 brn
|
|-weather|SunnyDay|[upkeep]
|-heal|p2a: Venusaur|59/100|[from] item: Leftovers
|-damage|p1a: Gholdengo|94/100 brn|[from] brn
|upkeep
|turn|17
|
|t:|1779714456
|move|p2a: Venusaur|Earth Power|p1a: Gholdengo
|-supereffective|p1a: Gholdengo
|-damage|p1a: Gholdengo|0 fnt
|faint|p1a: Gholdengo
|
|-weather|SunnyDay|[upkeep]
|-heal|p2a: Venusaur|65/100|[from] item: Leftovers
|upkeep
|
|t:|1779714464
|switch|p1a: Ogerpon|Ogerpon-Wellspring, F|100/100
|turn|18
|
|t:|1779714474
|move|p2a: Venusaur|Solar Beam||[still]
|-prepare|p2a: Venusaur|Solar Beam
|-anim|p2a: Venusaur|Solar Beam|p1a: Ogerpon
|-damage|p1a: Ogerpon|1/100
|move|p1a: Ogerpon|Swords Dance|p1a: Ogerpon
|-boost|p1a: Ogerpon|atk|2
|
|-weather|SunnyDay|[upkeep]
|-heal|p2a: Venusaur|71/100|[from] item: Leftovers
|upkeep
|turn|19
|
|t:|1779714484
|move|p2a: Venusaur|Solar Beam||[still]
|-prepare|p2a: Venusaur|Solar Beam
|-anim|p2a: Venusaur|Solar Beam|p1a: Ogerpon
|-damage|p1a: Ogerpon|0 fnt
|faint|p1a: Ogerpon
|
|-weather|SunnyDay|[upkeep]
|-heal|p2a: Venusaur|77/100|[from] item: Leftovers
|upkeep
|
|t:|1779714500
|switch|p1a: Iron Valiant|Iron Valiant|100/100
|-enditem|p1a: Iron Valiant|Booster Energy
|-activate|p1a: Iron Valiant|ability: Quark Drive|[fromitem]
|-start|p1a: Iron Valiant|quarkdrivespe
|turn|20
|
|t:|1779714510
|move|p2a: Venusaur|Solar Beam||[still]
|-prepare|p2a: Venusaur|Solar Beam
|-anim|p2a: Venusaur|Solar Beam|p1a: Iron Valiant
|-damage|p1a: Iron Valiant|0 fnt
|faint|p1a: Iron Valiant
|-end|p1a: Iron Valiant|Quark Drive|[silent]
|
|-weather|SunnyDay|[upkeep]
|-heal|p2a: Venusaur|83/100|[from] item: Leftovers
|upkeep
|
|t:|1779714518
|switch|p1a: Great Tusk|Great Tusk, shiny|13/100
|-activate|p1a: Great Tusk|ability: Protosynthesis
|-start|p1a: Great Tusk|protosynthesisdef
|turn|21
|
|t:|1779714527
|move|p2a: Venusaur|Solar Beam||[still]
|-prepare|p2a: Venusaur|Solar Beam
|-anim|p2a: Venusaur|Solar Beam|p1a: Great Tusk
|-supereffective|p1a: Great Tusk
|-damage|p1a: Great Tusk|0 fnt
|faint|p1a: Great Tusk
|-end|p1a: Great Tusk|Protosynthesis|[silent]
|
|-weather|none
|-heal|p2a: Venusaur|89/100|[from] item: Leftovers
|upkeep
|
|t:|1779714536
|switch|p1a: Dragonite|Dragonite, F, shiny|100/100
|turn|22
|
|t:|1779714541
|move|p2a: Venusaur|Toxic|p1a: Dragonite
|-status|p1a: Dragonite|tox
|move|p1a: Dragonite|Dragon Dance|p1a: Dragonite
|-boost|p1a: Dragonite|atk|1
|-boost|p1a: Dragonite|spe|1
|
|-heal|p2a: Venusaur|95/100|[from] item: Leftovers
|-damage|p1a: Dragonite|94/100 tox|[from] psn
|upkeep
|turn|23
|
|t:|1779714553
|switch|p2a: Blastoise|Blastoise, M|46/100
|-damage|p2a: Blastoise|34/100|[from] Stealth Rock
|move|p1a: Dragonite|Dragon Dance|p1a: Dragonite
|-boost|p1a: Dragonite|atk|1
|-boost|p1a: Dragonite|spe|1
|
|-heal|p2a: Blastoise|40/100|[from] item: Leftovers
|-damage|p1a: Dragonite|82/100 tox|[from] psn
|upkeep
|turn|24
|
|t:|1779714562
|-terastallize|p2a: Blastoise|Ice
|move|p1a: Dragonite|Earthquake|p2a: Blastoise
|-damage|p2a: Blastoise|0 fnt
|faint|p2a: Blastoise
|
|-damage|p1a: Dragonite|64/100 tox|[from] psn
|upkeep
|
|t:|1779714568
|switch|p2a: Snorlax|Snorlax, M|19/100
|-damage|p2a: Snorlax|6/100|[from] Stealth Rock
|turn|25
|
|t:|1779714574
|move|p1a: Dragonite|Earthquake|p2a: Snorlax
|-damage|p2a: Snorlax|0 fnt
|faint|p2a: Snorlax
|
|-damage|p1a: Dragonite|39/100 tox|[from] psn
|upkeep
|
|t:|1779714579
|switch|p2a: Pikachu|Pikachu, M|100/100
|-damage|p2a: Pikachu|88/100|[from] Stealth Rock
|turn|26
|
|t:|1779714584
|move|p2a: Pikachu|Fake Out|p1a: Dragonite
|-damage|p1a: Dragonite|23/100 tox
|move|p1a: Dragonite|Roost|p1a: Dragonite
|-heal|p1a: Dragonite|73/100 tox
|-singleturn|p1a: Dragonite|move: Roost
|
|-damage|p1a: Dragonite|43/100 tox|[from] psn
|upkeep
|turn|27
|
|t:|1779714594
|switch|p2a: Venusaur|Venusaur, F|95/100
|-damage|p2a: Venusaur|83/100|[from] Stealth Rock
|move|p1a: Dragonite|Roost|p1a: Dragonite
|-heal|p1a: Dragonite|93/100 tox
|-singleturn|p1a: Dragonite|move: Roost
|
|-heal|p2a: Venusaur|89/100|[from] item: Leftovers
|-damage|p1a: Dragonite|56/100 tox|[from] psn
|upkeep
|turn|28
|
|t:|1779714604
|move|p1a: Dragonite|Earthquake|p2a: Venusaur
|-damage|p2a: Venusaur|1/100
|move|p2a: Venusaur|Solar Beam||[still]
|-prepare|p2a: Venusaur|Solar Beam
|
|-heal|p2a: Venusaur|7/100|[from] item: Leftovers
|-damage|p1a: Dragonite|14/100 tox|[from] psn
|upkeep
|turn|29
|
|t:|1779714611
|move|p1a: Dragonite|Roost|p1a: Dragonite
|-heal|p1a: Dragonite|64/100 tox
|-singleturn|p1a: Dragonite|move: Roost
|move|p2a: Venusaur|Solar Beam|p1a: Dragonite|[from] lockedmove
|-resisted|p1a: Dragonite
|-damage|p1a: Dragonite|38/100 tox
|
|-heal|p2a: Venusaur|13/100|[from] item: Leftovers
|-damage|p1a: Dragonite|0 fnt|[from] psn
|faint|p1a: Dragonite
|upkeep
|
|t:|1779714623
|switch|p1a: Kingambit|Kingambit, M, shiny|100/100
|turn|30
|
|t:|1779714632
|move|p2a: Venusaur|Earth Power|p1a: Kingambit
|-supereffective|p1a: Kingambit
|-damage|p1a: Kingambit|52/100
|-unboost|p1a: Kingambit|spd|1
|-ability|p1a: Kingambit|Defiant|boost
|-boost|p1a: Kingambit|atk|2
|move|p1a: Kingambit|Iron Head|p2a: Venusaur
|-damage|p2a: Venusaur|0 fnt
|faint|p2a: Venusaur
|
|-heal|p1a: Kingambit|59/100|[from] item: Leftovers
|upkeep
|
|t:|1779714637
|switch|p2a: Pikachu|Pikachu, M|88/100
|-damage|p2a: Pikachu|76/100|[from] Stealth Rock
|turn|31
|
|t:|1779714651
|-terastallize|p1a: Kingambit|Dark
|move|p2a: Pikachu|Fake Out|p1a: Kingambit
|-damage|p1a: Kingambit|46/100
|cant|p1a: Kingambit|flinch
|
|-heal|p1a: Kingambit|52/100|[from] item: Leftovers
|upkeep
|turn|32
|
|t:|1779714663
|move|p1a: Kingambit|Sucker Punch|p2a: Pikachu
|-crit|p2a: Pikachu
|-damage|p2a: Pikachu|0 fnt
|faint|p2a: Pikachu
|
|-heal|p1a: Kingambit|58/100|[from] item: Leftovers
|upkeep
|
|t:|1779714666
|switch|p2a: Lapras|Lapras, M, shiny|100/100
|-damage|p2a: Lapras|76/100|[from] Stealth Rock
|turn|33
|
|t:|1779714677
|move|p1a: Kingambit|Sucker Punch|p2a: Lapras
|-damage|p2a: Lapras|0 fnt
|faint|p2a: Lapras
|
|-heal|p1a: Kingambit|64/100|[from] item: Leftovers
|upkeep
|
|t:|1779714680
|switch|p2a: Charizard|Charizard, F|62/100
|-damage|p2a: Charizard|12/100|[from] Stealth Rock
|turn|34
|
|t:|1779714688
|move|p2a: Charizard|Focus Blast|p1a: Kingambit
|-supereffective|p1a: Kingambit
|-damage|p1a: Kingambit|0 fnt
|faint|p1a: Kingambit
|
|win|drkoalla123
|raw|Pratt001's rating: 1065 &rarr; <strong>1046</strong><br />(-19 for losing)
|raw|drkoalla123's rating: 1075 &rarr; <strong>1103</strong><br />(+28 for winning)
|l|☆drkoalla123
|player|p2|
|l|☆Pratt001
|player|p1|
