|j|☆mikael_ita
|j|☆hat_fm
|t:|1779719946
|gametype|singles
|player|p1|mikael_ita|ethan|1210
|player|p2|hat_fm|pilot|1267
|gen|9
|tier|[Gen 9] OU
|rated|
|rule|HP Percentage Mod: HP is shown in percentages
|rule|Endless Battle Clause: Forcing endless battles is banned
|rule|Species Clause: Limit one of each Pokémon
|rule|OHKO Clause: OHKO moves are banned
|rule|Evasion Items Clause: Evasion items are banned
|rule|Evasion Moves Clause: Evasion moves are banned
|rule|Evasion Abilities Clause: Evasion abilities are banned
|rule|Sleep Moves Clause: Sleep-inducing moves are banned
|clearpoke
|poke|p1|Cinderace, F|
|poke|p1|Zoroark-Hisui, M|
|poke|p1|Ogerpon-Wellspring, F|
|poke|p1|Iron Valiant|
|poke|p1|Dragonite, M|
|poke|p1|Kingambit, M|
|poke|p2|Zamazenta-*|
|poke|p2|Ceruledge, F|
|poke|p2|Scizor, F|
|poke|p2|Donphan, M|
|poke|p2|Lycanroc-Dusk, M|
|poke|p2|Florges, F|
|teampreview
|inactive|Battle timer is ON: inactive players will automatically lose when time's up. (requested by mikael_ita)
|
|t:|1779719954
|teamsize|p1|6
|teamsize|p2|6
|start
|switch|p1a: Cinderace|Cinderace, F|100/100
|switch|p2a: Donphan|Donphan, M|100/100
|turn|1
|
|t:|1779719961
|move|p1a: Cinderace|U-turn|p2a: Donphan
|-start|p1a: Cinderace|typechange|Bug|[from] ability: Libero
|-damage|p2a: Donphan|81/100
|-damage|p1a: Cinderace|84/100|[from] item: Rocky Helmet|[of] p2a: Donphan
|
|t:|1779719965
|switch|p1a: Dragonite|Dragonite, M|100/100|[from] U-turn
|move|p2a: Donphan|Earthquake|p1a: Dragonite
|-immune|p1a: Dragonite
|
|upkeep
|turn|2
|
|t:|1779719973
|move|p1a: Dragonite|Dragon Dance|p1a: Dragonite
|-boost|p1a: Dragonite|atk|1
|-boost|p1a: Dragonite|spe|1
|move|p2a: Donphan|Stealth Rock|p1a: Dragonite
|-sidestart|p1: mikael_ita|move: Stealth Rock
|
|upkeep
|turn|3
|
|t:|1779719979
|move|p1a: Dragonite|Dragon Dance|p1a: Dragonite
|-boost|p1a: Dragonite|atk|1
|-boost|p1a: Dragonite|spe|1
|move|p2a: Donphan|Knock Off|p1a: Dragonite
|-damage|p1a: Dragonite|87/100
|-enditem|p1a: Dragonite|Weakness Policy|[from] move: Knock Off|[of] p2a: Donphan
|
|upkeep
|turn|4
|
|t:|1779719997
|switch|p2a: Zamazenta|Zamazenta|100/100
|-ability|p2a: Zamazenta|Dauntless Shield|boost
|-boost|p2a: Zamazenta|def|1
|move|p1a: Dragonite|Dragon Dance|p1a: Dragonite
|-boost|p1a: Dragonite|atk|1
|-boost|p1a: Dragonite|spe|1
|
|upkeep
|turn|5
|
|t:|1779720005
|move|p1a: Dragonite|Dragon Claw|p2a: Zamazenta
|-damage|p2a: Zamazenta|47/100
|move|p2a: Zamazenta|Iron Defense|p2a: Zamazenta
|-boost|p2a: Zamazenta|def|2
|
|-heal|p2a: Zamazenta|53/100|[from] item: Leftovers
|upkeep
|turn|6
|
|t:|1779720019
|move|p1a: Dragonite|Dragon Claw|p2a: Zamazenta
|-damage|p2a: Zamazenta|21/100
|move|p2a: Zamazenta|Body Press|p1a: Dragonite
|-resisted|p1a: Dragonite
|-crit|p1a: Dragonite
|-damage|p1a: Dragonite|14/100
|
|-heal|p2a: Zamazenta|27/100|[from] item: Leftovers
|upkeep
|turn|7
|
|t:|1779720029
|switch|p2a: Donphan|Donphan, M|81/100
|move|p1a: Dragonite|Dragon Claw|p2a: Donphan
|-damage|p2a: Donphan|20/100
|-damage|p1a: Dragonite|0 fnt|[from] item: Rocky Helmet|[of] p2a: Donphan
|faint|p1a: Dragonite
|
|upkeep
|
|t:|1779720038
|switch|p1a: Cinderace|Cinderace, F|84/100
|turn|8
|
|t:|1779720043
|move|p1a: Cinderace|Pyro Ball|p2a: Donphan
|-damage|p2a: Donphan|0 fnt
|faint|p2a: Donphan
|
|upkeep
|
|t:|1779720045
|switch|p2a: Lycanroc|Lycanroc-Dusk, M|100/100
|turn|9
|
|t:|1779720051
|move|p2a: Lycanroc|Accelerock|p1a: Cinderace
|-supereffective|p1a: Cinderace
|-damage|p1a: Cinderace|0 fnt
|faint|p1a: Cinderace
|-damage|p2a: Lycanroc|91/100|[from] item: Life Orb
|
|upkeep
|-message|mikael_ita forfeited.
|
|win|hat_fm
|raw|mikael_ita's rating: 1210 &rarr; <strong>1189</strong><br />(-21 for losing)
|raw|hat_fm's rating: 1267 &rarr; <strong>1288</strong><br />(+21 for winning)
|l|☆mikael_ita
|player|p1|
|l|☆hat_fm
|player|p2|
