|j|‽clorox man
|j|‽Gyarados Fangs
|t:|1779600656
|gametype|singles
|player|p1|clorox man|clown|1785
|player|p2|Gyarados Fangs|rocketgrunt|1688
|gen|9
|tier|[Gen 9] OU
|rated|
|rule|HP Percentage Mod: HP is shown in percentages
|rule|Endless Battle Clause: Forcing endless battles is banned
|rule|Species Clause: Limit one of each Pokémon
|rule|OHKO Clause: OHKO moves are banned
|rule|Evasion Items Clause: Evasion items are banned
|rule|Evasion Moves Clause: Evasion moves are banned
|rule|Evasion Abilities Clause: Evasion abilities are banned
|rule|Sleep Moves Clause: Sleep-inducing moves are banned
|clearpoke
|poke|p1|Walking Wake|
|poke|p1|Rillaboom, F|
|poke|p1|Gholdengo|
|poke|p1|Landorus-Therian, M|
|poke|p1|Zamazenta-*|
|poke|p1|Kingambit, M|
|poke|p2|Ninetales-Alola, M|
|poke|p2|Klefki, F|
|poke|p2|Maushold-Four|
|poke|p2|Latias, F|
|poke|p2|Okidogi, M|
|poke|p2|Kyurem|
|teampreview
|inactive|Battle timer is ON: inactive players will automatically lose when time's up. (requested by Gyarados Fangs)
|
|t:|1779600665
|teamsize|p1|6
|teamsize|p2|6
|start
|switch|p1a: Gholdengo|Gholdengo|100/100
|switch|p2a: Klefki|Klefki, F|100/100
|turn|1
|
|t:|1779600669
|switch|p1a: Landorus|Landorus-Therian, M|100/100
|-ability|p1a: Landorus|Intimidate|boost
|-unboost|p2a: Klefki|atk|1
|move|p2a: Klefki|Light Screen|p2a: Klefki
|-sidestart|p2: Gyarados Fangs|move: Light Screen
|
|upkeep
|turn|2
|
|t:|1779600672
|switch|p2a: Latias|Latias, F|100/100
|move|p1a: Landorus|Stealth Rock|p2a: Latias
|-sidestart|p2: Gyarados Fangs|move: Stealth Rock
|
|upkeep
|turn|3
|
|t:|1779600674
|move|p1a: Landorus|Taunt|p2a: Latias
|-start|p2a: Latias|move: Taunt
|cant|p2a: Latias|move: Taunt|Agility
|
|upkeep
|turn|4
|
|t:|1779600680
|switch|p1a: Gholdengo|Gholdengo|100/100
|move|p2a: Latias|Aura Sphere|p1a: Gholdengo
|-immune|p1a: Gholdengo
|
|upkeep
|turn|5
|
|t:|1779600683
|switch|p2a: Maushold|Maushold-Four|100/100
|-damage|p2a: Maushold|88/100|[from] Stealth Rock
|move|p1a: Gholdengo|Nasty Plot|p1a: Gholdengo
|-boost|p1a: Gholdengo|spa|2
|
|upkeep
|turn|6
|
|t:|1779600689
|move|p2a: Maushold|Tidy Up|p2a: Maushold
|-sideend|p2: Gyarados Fangs|Stealth Rock
|-activate|p2a: Maushold|move: Tidy Up
|-boost|p2a: Maushold|atk|1
|-boost|p2a: Maushold|spe|1
|move|p1a: Gholdengo|Make It Rain|p2a: Maushold
|-damage|p2a: Maushold|22/100
|-unboost|p1a: Gholdengo|spa|1
|
|upkeep
|turn|7
|j| Schlafparalyse
|
|t:|1779600693
|switch|p1a: Landorus|Landorus-Therian, M|100/100
|-ability|p1a: Landorus|Intimidate|boost
|-unboost|p2a: Maushold|atk|1
|move|p2a: Maushold|Bite|p1a: Landorus
|-damage|p1a: Landorus|78/100
|-damage|p2a: Maushold|6/100|[from] item: Rocky Helmet|[of] p1a: Landorus
|
|upkeep
|turn|8
|
|t:|1779600697
|move|p2a: Maushold|Tidy Up|p2a: Maushold
|-boost|p2a: Maushold|atk|1
|-boost|p2a: Maushold|spe|1
|move|p1a: Landorus|Stealth Rock|p2a: Maushold
|-sidestart|p2: Gyarados Fangs|move: Stealth Rock
|
|-sideend|p2: Gyarados Fangs|move: Light Screen
|upkeep
|turn|9
|
|t:|1779600699
|move|p2a: Maushold|Encore|p1a: Landorus
|-start|p1a: Landorus|Encore
|move|p1a: Landorus|Stealth Rock||[still]
|-fail|p1a: Landorus
|
|upkeep
|turn|10
|
|t:|1779600702
|switch|p1a: Gholdengo|Gholdengo|100/100
|move|p2a: Maushold|Tidy Up|p2a: Maushold
|-sideend|p2: Gyarados Fangs|Stealth Rock
|-activate|p2a: Maushold|move: Tidy Up
|-boost|p2a: Maushold|atk|1
|-boost|p2a: Maushold|spe|1
|
|upkeep
|turn|11
|
|t:|1779600709
|switch|p1a: Landorus|Landorus-Therian, M|78/100
|-ability|p1a: Landorus|Intimidate|boost
|-unboost|p2a: Maushold|atk|1
|move|p2a: Maushold|Tidy Up|p2a: Maushold
|-boost|p2a: Maushold|atk|1
|-boost|p2a: Maushold|spe|1
|
|upkeep
|turn|12
|
|t:|1779600715
|move|p2a: Maushold|Bite|p1a: Landorus
|-damage|p1a: Landorus|29/100
|-damage|p2a: Maushold|0 fnt|[from] item: Rocky Helmet|[of] p1a: Landorus
|faint|p2a: Maushold
|move|p1a: Landorus|Taunt|p2: Maushold|[notarget]
|-fail|p1a: Landorus
|
|upkeep
|
|t:|1779600721
|switch|p2a: Ninetales|Ninetales-Alola, M|100/100
|-weather|Snowscape|[from] ability: Snow Warning|[of] p2a: Ninetales
|turn|13
|
|t:|1779600725
|move|p2a: Ninetales|Freeze-Dry|p1a: Landorus
|-supereffective|p1a: Landorus
|-damage|p1a: Landorus|0 fnt
|faint|p1a: Landorus
|
|-weather|Snowscape|[upkeep]
|upkeep
|
|t:|1779600728
|switch|p1a: Gholdengo|Gholdengo|100/100
|turn|14
|
|t:|1779600731
|move|p2a: Ninetales|Aurora Veil|p2a: Ninetales
|-sidestart|p2: Gyarados Fangs|move: Aurora Veil
|move|p1a: Gholdengo|Nasty Plot|p1a: Gholdengo
|-boost|p1a: Gholdengo|spa|2
|
|-weather|Snowscape|[upkeep]
|upkeep
|turn|15
|
|t:|1779600737
|move|p2a: Ninetales|Freeze-Dry|p1a: Gholdengo
|-resisted|p1a: Gholdengo
|-damage|p1a: Gholdengo|93/100
|move|p1a: Gholdengo|Make It Rain|p2a: Ninetales
|-supereffective|p2a: Ninetales
|-damage|p2a: Ninetales|0 fnt
|-unboost|p1a: Gholdengo|spa|1
|faint|p2a: Ninetales
|
|-weather|Snowscape|[upkeep]
|upkeep
|l| Schlafparalyse
|
|t:|1779600743
|switch|p2a: Kyurem|Kyurem, shiny|100/100
|-ability|p2a: Kyurem|Pressure
|turn|16
|
|t:|1779600753
|-terastallize|p2a: Kyurem|Ground
|move|p2a: Kyurem|Dragon Dance|p2a: Kyurem
|-boost|p2a: Kyurem|atk|1
|-boost|p2a: Kyurem|spe|1
|move|p1a: Gholdengo|Nasty Plot|p1a: Gholdengo
|-boost|p1a: Gholdengo|spa|2
|
|-weather|Snowscape|[upkeep]
|upkeep
|turn|17
|j| crust king kahn
|
|t:|1779600759
|move|p2a: Kyurem|Earth Power|p1a: Gholdengo
|-supereffective|p1a: Gholdengo
|-damage|p1a: Gholdengo|17/100
|move|p1a: Gholdengo|Make It Rain|p2a: Kyurem
|-damage|p2a: Kyurem|36/100
|-unboost|p1a: Gholdengo|spa|1
|
|-weather|none
|-heal|p2a: Kyurem|42/100|[from] item: Leftovers
|upkeep
|turn|18
|
|t:|1779600769
|move|p2a: Kyurem|Earth Power|p1a: Gholdengo
|-supereffective|p1a: Gholdengo
|-damage|p1a: Gholdengo|0 fnt
|faint|p1a: Gholdengo
|
|-heal|p2a: Kyurem|48/100|[from] item: Leftovers
|upkeep
|
|t:|1779600793
|switch|p1a: Walking Wake|Walking Wake|100/100
|-enditem|p1a: Walking Wake|Booster Energy
|-activate|p1a: Walking Wake|ability: Protosynthesis|[fromitem]
|-start|p1a: Walking Wake|protosynthesisspa
|turn|19
|
|t:|1779600799
|move|p2a: Kyurem|Freeze-Dry|p1a: Walking Wake
|-supereffective|p1a: Walking Wake
|-damage|p1a: Walking Wake|0 fnt
|faint|p1a: Walking Wake
|-end|p1a: Walking Wake|Protosynthesis|[silent]
|
|-heal|p2a: Kyurem|54/100|[from] item: Leftovers
|upkeep
|
|t:|1779600805
|switch|p1a: Rillaboom|Rillaboom, F|100/100
|-fieldstart|move: Grassy Terrain|[from] ability: Grassy Surge|[of] p1a: Rillaboom
|turn|20
|
|t:|1779600813
|move|p1a: Rillaboom|Grassy Glide|p2a: Kyurem
|-supereffective|p2a: Kyurem
|-damage|p2a: Kyurem|1/100
|-damage|p1a: Rillaboom|91/100|[from] item: Life Orb
|move|p2a: Kyurem|Icicle Spear|p1a: Rillaboom
|-supereffective|p1a: Rillaboom
|-damage|p1a: Rillaboom|57/100
|-supereffective|p1a: Rillaboom
|-damage|p1a: Rillaboom|21/100
|-hitcount|p1a: Rillaboom|2
|
|-heal|p2a: Kyurem|7/100|[from] Grassy Terrain
|-heal|p2a: Kyurem|13/100|[from] item: Leftovers
|-heal|p1a: Rillaboom|27/100|[from] Grassy Terrain
|upkeep
|turn|21
|
|t:|1779600819
|switch|p2a: Klefki|Klefki, F|100/100
|move|p1a: Rillaboom|Grassy Glide|p2a: Klefki
|-resisted|p2a: Klefki
|-damage|p2a: Klefki|88/100
|-damage|p1a: Rillaboom|17/100|[from] item: Life Orb
|
|-heal|p1a: Rillaboom|23/100|[from] Grassy Terrain
|-heal|p2a: Klefki|94/100|[from] Grassy Terrain
|-sideend|p2: Gyarados Fangs|move: Aurora Veil
|upkeep
|turn|22
|
|t:|1779600824
|move|p2a: Klefki|Reflect|p2a: Klefki
|-sidestart|p2: Gyarados Fangs|Reflect
|move|p1a: Rillaboom|Knock Off|p2a: Klefki
|-resisted|p2a: Klefki
|-damage|p2a: Klefki|82/100
|-enditem|p2a: Klefki|Light Clay|[from] move: Knock Off|[of] p1a: Rillaboom
|-damage|p1a: Rillaboom|13/100|[from] item: Life Orb
|
|-heal|p1a: Rillaboom|19/100|[from] Grassy Terrain
|-heal|p2a: Klefki|88/100|[from] Grassy Terrain
|upkeep
|turn|23
|
|t:|1779600830
|move|p2a: Klefki|Spikes|p1a: Rillaboom
|-sidestart|p1: clorox man|Spikes
|move|p1a: Rillaboom|Swords Dance|p1a: Rillaboom
|-boost|p1a: Rillaboom|atk|2
|
|-heal|p1a: Rillaboom|25/100|[from] Grassy Terrain
|-heal|p2a: Klefki|93/100|[from] Grassy Terrain
|upkeep
|turn|24
|
|t:|1779600835
|move|p2a: Klefki|Thunder Wave|p1a: Rillaboom
|-status|p1a: Rillaboom|par
|move|p1a: Rillaboom|Swords Dance|p1a: Rillaboom
|-boost|p1a: Rillaboom|atk|2
|
|-heal|p2a: Klefki|99/100|[from] Grassy Terrain
|-heal|p1a: Rillaboom|32/100 par|[from] Grassy Terrain
|-fieldend|move: Grassy Terrain
|upkeep
|turn|25
|
|t:|1779600839
|move|p2a: Klefki|Spikes|p1a: Rillaboom
|-sidestart|p1: clorox man|Spikes
|move|p1a: Rillaboom|Swords Dance|p1a: Rillaboom
|-boost|p1a: Rillaboom|atk|2
|
|upkeep
|turn|26
|
|t:|1779600850
|switch|p2a: Kyurem|Kyurem, shiny, tera:Ground|13/100
|-ability|p2a: Kyurem|Pressure
|cant|p1a: Rillaboom|par
|
|-heal|p2a: Kyurem|19/100|[from] item: Leftovers
|upkeep
|turn|27
|
|t:|1779600852
|move|p2a: Kyurem|Freeze-Dry|p1a: Rillaboom
|-supereffective|p1a: Rillaboom
|-damage|p1a: Rillaboom|0 fnt
|faint|p1a: Rillaboom
|
|-heal|p2a: Kyurem|26/100|[from] item: Leftovers
|upkeep
|
|t:|1779600856
|switch|p1a: Zamazenta|Zamazenta|100/100
|-damage|p1a: Zamazenta|84/100|[from] Spikes
|-ability|p1a: Zamazenta|Dauntless Shield|boost
|-boost|p1a: Zamazenta|def|1
|turn|28
|
|t:|1779600861
|switch|p2a: Klefki|Klefki, F|99/100
|move|p1a: Zamazenta|Ice Fang|p2a: Klefki
|-resisted|p2a: Klefki
|-damage|p2a: Klefki|92/100
|-damage|p1a: Zamazenta|74/100|[from] item: Life Orb
|
|upkeep
|turn|29
|
|t:|1779600866
|switch|p1a: Kingambit|Kingambit, M|100/100
|-damage|p1a: Kingambit|84/100|[from] Spikes
|-activate|p1a: Kingambit|ability: Supreme Overlord
|-start|p1a: Kingambit|fallen4|[silent]
|move|p2a: Klefki|Thunder Wave|p1a: Kingambit
|-hint|Since gen 7, Dark is immune to Prankster moves.
|-immune|p1a: Kingambit
|
|-sideend|p2: Gyarados Fangs|Reflect
|upkeep
|turn|30
|
|t:|1779600869
|switch|p2a: Okidogi|Okidogi, M|100/100
|move|p1a: Kingambit|Swords Dance|p1a: Kingambit
|-boost|p1a: Kingambit|atk|2
|
|upkeep
|turn|31
|
|t:|1779600875
|-terastallize|p1a: Kingambit|Fighting
|move|p1a: Kingambit|Swords Dance|p1a: Kingambit
|-boost|p1a: Kingambit|atk|2
|move|p2a: Okidogi|Knock Off|p1a: Kingambit
|-resisted|p1a: Kingambit
|-damage|p1a: Kingambit|69/100
|-enditem|p1a: Kingambit|Lum Berry|[from] move: Knock Off|[of] p2a: Okidogi
|
|upkeep
|turn|32
|
|t:|1779600889
|switch|p2a: Kyurem|Kyurem, shiny, tera:Ground|26/100
|-ability|p2a: Kyurem|Pressure
|move|p1a: Kingambit|Kowtow Cleave|p2a: Kyurem
|-damage|p2a: Kyurem|0 fnt
|faint|p2a: Kyurem
|
|upkeep
|
|t:|1779600894
|switch|p2a: Klefki|Klefki, F|92/100
|turn|33
|
|t:|1779600899
|move|p2a: Klefki|Thunder Wave|p1a: Kingambit
|-status|p1a: Kingambit|par
|cant|p1a: Kingambit|par
|
|upkeep
|turn|34
|
|t:|1779600901
|move|p2a: Klefki|Reflect|p2a: Klefki
|-sidestart|p2: Gyarados Fangs|Reflect
|move|p1a: Kingambit|Kowtow Cleave|p2a: Klefki
|-resisted|p2a: Klefki
|-damage|p2a: Klefki|40/100
|
|upkeep
|turn|35
|
|t:|1779600906
|move|p2a: Klefki|Spikes|p1a: Kingambit
|-sidestart|p1: clorox man|Spikes
|move|p1a: Kingambit|Swords Dance|p1a: Kingambit
|-boost|p1a: Kingambit|atk|2
|
|upkeep
|turn|36
|
|t:|1779600912
|switch|p2a: Latias|Latias, F|100/100
|move|p1a: Kingambit|Swords Dance|p1a: Kingambit
|-boost|p1a: Kingambit|atk|0
|
|upkeep
|turn|37
|
|t:|1779600916
|move|p1a: Kingambit|Sucker Punch|p2a: Latias
|-supereffective|p2a: Latias
|-damage|p2a: Latias|0 fnt
|faint|p2a: Latias
|
|upkeep
|
|t:|1779600918
|switch|p2a: Okidogi|Okidogi, M|100/100
|turn|38
|
|t:|1779600920
|move|p2a: Okidogi|Bulk Up|p2a: Okidogi
|-boost|p2a: Okidogi|atk|1
|-boost|p2a: Okidogi|def|1
|move|p1a: Kingambit|Kowtow Cleave|p2a: Okidogi
|-resisted|p2a: Okidogi
|-damage|p2a: Okidogi|61/100
|
|-heal|p2a: Okidogi|67/100|[from] item: Leftovers
|-sideend|p2: Gyarados Fangs|Reflect
|upkeep
|turn|39
|
|t:|1779600925
|move|p2a: Okidogi|Bulk Up|p2a: Okidogi
|-boost|p2a: Okidogi|atk|1
|-boost|p2a: Okidogi|def|1
|cant|p1a: Kingambit|par
|
|-heal|p2a: Okidogi|73/100|[from] item: Leftovers
|upkeep
|turn|40
|
|t:|1779600929
|move|p2a: Okidogi|Bulk Up|p2a: Okidogi
|-boost|p2a: Okidogi|atk|1
|-boost|p2a: Okidogi|def|1
|move|p1a: Kingambit|Kowtow Cleave|p2a: Okidogi
|-resisted|p2a: Okidogi
|-damage|p2a: Okidogi|32/100
|
|-heal|p2a: Okidogi|38/100|[from] item: Leftovers
|upkeep
|turn|41
|
|t:|1779600934
|move|p2a: Okidogi|Drain Punch|p1a: Kingambit
|-damage|p1a: Kingambit|0 fnt
|-heal|p2a: Okidogi|69/100|[from] drain|[of] p1a: Kingambit
|faint|p1a: Kingambit
|-end|p1a: Kingambit|fallen4|[silent]
|
|-heal|p2a: Okidogi|75/100|[from] item: Leftovers
|upkeep
|-message|clorox man forfeited.
|
|win|Gyarados Fangs
|raw|clorox man's rating: 1785 &rarr; <strong>1760</strong><br />(-25 for losing)
|raw|Gyarados Fangs's rating: 1688 &rarr; <strong>1713</strong><br />(+25 for winning)
|l|‽clorox man
|player|p1|
|l| crust king kahn
|l|‽Gyarados Fangs
|player|p2|
