|j|☆fenixkarde
|j|☆sus imposter 123
|t:|1779677806
|gametype|singles
|player|p1|fenixkarde|266|1106
|player|p2|sus imposter 123|101|1140
|gen|9
|tier|[Gen 9] OU
|rated|
|rule|HP Percentage Mod: HP is shown in percentages
|rule|Endless Battle Clause: Forcing endless battles is banned
|rule|Species Clause: Limit one of each Pokémon
|rule|OHKO Clause: OHKO moves are banned
|rule|Evasion Items Clause: Evasion items are banned
|rule|Evasion Moves Clause: Evasion moves are banned
|rule|Evasion Abilities Clause: Evasion abilities are banned
|rule|Sleep Moves Clause: Sleep-inducing moves are banned
|clearpoke
|poke|p1|Pikachu-Sinnoh, M|
|poke|p1|Charizard, M|
|poke|p1|Sceptile, F|
|poke|p1|Infernape, M|
|poke|p1|Krookodile, M|
|poke|p1|Greninja-*, M|
|poke|p2|Weezing-Galar, M|
|poke|p2|Dondozo, M|
|poke|p2|Blissey, F|
|poke|p2|Gliscor, F|
|poke|p2|Heatran, F|
|poke|p2|Clefable, F|
|teampreview
|inactive|Battle timer is ON: inactive players will automatically lose when time's up. (requested by fenixkarde)
|
|t:|1779677816
|teamsize|p1|6
|teamsize|p2|6
|start
|switch|p1a: Greninja|Greninja, M|100/100
|switch|p2a: Gliscor|Gliscor, F|100/100
|turn|1
|
|t:|1779677824
|switch|p2a: Blissey|Blissey, F|100/100
|move|p1a: Greninja|Ice Beam|p2a: Blissey
|-damage|p2a: Blissey|91/100
|-damage|p1a: Greninja|91/100|[from] item: Life Orb
|
|-heal|p2a: Blissey|97/100|[from] item: Leftovers
|upkeep
|turn|2
|
|t:|1779677836
|switch|p1a: Infernape|Infernape, M, shiny|100/100
|-item|p1a: Infernape|Air Balloon
|move|p2a: Blissey|Seismic Toss|p1a: Infernape
|-damage|p1a: Infernape|68/100
|-enditem|p1a: Infernape|Air Balloon
|
|-heal|p2a: Blissey|100/100|[from] item: Leftovers
|upkeep
|turn|3
|
|t:|1779677844
|switch|p2a: Dondozo|Dondozo, M|100/100
|move|p1a: Infernape|Fake Out|p2a: Dondozo
|-damage|p2a: Dondozo|95/100
|
|-heal|p2a: Dondozo|100/100|[from] item: Leftovers
|upkeep
|turn|4
|
|t:|1779677853
|switch|p1a: Pikachu|Pikachu-Sinnoh, M|100/100
|move|p2a: Dondozo|Waterfall|p1a: Pikachu
|-damage|p1a: Pikachu|0 fnt
|faint|p1a: Pikachu
|
|upkeep
|
|t:|1779677857
|switch|p1a: Sceptile|Sceptile, F, shiny|100/100
|turn|5
|
|t:|1779677871
|switch|p2a: Heatran|Heatran, F|100/100
|move|p1a: Sceptile|Leech Seed|p2a: Heatran
|-start|p2a: Heatran|move: Leech Seed
|
|-damage|p2a: Heatran|88/100|[from] Leech Seed|[of] p1a: Sceptile
|upkeep
|turn|6
|
|t:|1779677879
|switch|p1a: Charizard|Charizard, M, shiny|100/100
|move|p2a: Heatran|Magma Storm|p1a: Charizard
|-resisted|p1a: Charizard
|-damage|p1a: Charizard|74/100
|-activate|p1a: Charizard|move: Magma Storm|[of] p2a: Heatran
|
|-heal|p2a: Heatran|94/100|[from] item: Leftovers
|-damage|p2a: Heatran|82/100|[from] Leech Seed|[of] p1a: Charizard
|-heal|p1a: Charizard|89/100|[silent]
|-damage|p1a: Charizard|77/100|[from] move: Magma Storm|[partiallytrapped]
|upkeep
|turn|7
|
|t:|1779677883
|move|p1a: Charizard|Scorching Sands|p2a: Heatran
|-supereffective|p2a: Heatran
|-damage|p2a: Heatran|16/100
|-damage|p1a: Charizard|67/100|[from] item: Life Orb
|move|p2a: Heatran|Stealth Rock|p1a: Charizard
|-sidestart|p1: fenixkarde|move: Stealth Rock
|
|-heal|p2a: Heatran|22/100|[from] item: Leftovers
|-damage|p2a: Heatran|10/100|[from] Leech Seed|[of] p1a: Charizard
|-heal|p1a: Charizard|82/100|[silent]
|-damage|p1a: Charizard|69/100|[from] move: Magma Storm|[partiallytrapped]
|upkeep
|turn|8
|
|t:|1779677897
|switch|p2a: Blissey|Blissey, F|100/100
|move|p1a: Charizard|Air Slash|p2a: Blissey
|-damage|p2a: Blissey|88/100
|-damage|p1a: Charizard|59/100|[from] item: Life Orb
|
|-heal|p2a: Blissey|94/100|[from] item: Leftovers
|-end|p1a: Charizard|Magma Storm|[partiallytrapped]|[silent]
|upkeep
|turn|9
|
|t:|1779677913
|move|p1a: Charizard|Fire Blast|p2a: Blissey
|-damage|p2a: Blissey|72/100
|-damage|p1a: Charizard|49/100|[from] item: Life Orb
|move|p2a: Blissey|Seismic Toss|p1a: Charizard
|-damage|p1a: Charizard|18/100
|
|-heal|p2a: Blissey|78/100|[from] item: Leftovers
|upkeep
|turn|10
|
|t:|1779677938
|move|p1a: Charizard|Fire Blast|p2a: Blissey|[miss]
|-miss|p1a: Charizard|p2a: Blissey
|move|p2a: Blissey|Seismic Toss|p1a: Charizard
|-damage|p1a: Charizard|0 fnt
|faint|p1a: Charizard
|
|-heal|p2a: Blissey|84/100|[from] item: Leftovers
|upkeep
|
|t:|1779677948
|switch|p1a: Infernape|Infernape, M, shiny|68/100
|-damage|p1a: Infernape|56/100|[from] Stealth Rock
|turn|11
|
|t:|1779677955
|switch|p2a: Dondozo|Dondozo, M|100/100
|move|p1a: Infernape|Fake Out|p2a: Dondozo
|-damage|p2a: Dondozo|95/100
|
|-heal|p2a: Dondozo|100/100|[from] item: Leftovers
|upkeep
|turn|12
|
|t:|1779677962
|switch|p1a: Sceptile|Sceptile, F, shiny|100/100
|-damage|p1a: Sceptile|88/100|[from] Stealth Rock
|move|p2a: Dondozo|Waterfall|p1a: Sceptile
|-resisted|p1a: Sceptile
|-damage|p1a: Sceptile|69/100
|
|upkeep
|turn|13
|
|t:|1779677970
|switch|p2a: Weezing|Weezing-Galar, M|100/100
|-ability|p2a: Weezing|Neutralizing Gas
|move|p1a: Sceptile|Leech Seed|p2a: Weezing
|-start|p2a: Weezing|move: Leech Seed
|
|-damage|p2a: Weezing|88/100|[from] Leech Seed|[of] p1a: Sceptile
|-heal|p1a: Sceptile|82/100|[silent]
|upkeep
|turn|14
|
|t:|1779677986
|switch|p1a: Krookodile|Krookodile, M, shiny|100/100
|-damage|p1a: Krookodile|94/100|[from] Stealth Rock
|move|p2a: Weezing|Sludge Bomb|p1a: Krookodile
|-resisted|p1a: Krookodile
|-damage|p1a: Krookodile|79/100
|
|-damage|p2a: Weezing|76/100|[from] Leech Seed|[of] p1a: Krookodile
|-heal|p1a: Krookodile|90/100|[silent]
|upkeep
|turn|15
|
|t:|1779678006
|-end|p2a: Weezing|ability: Neutralizing Gas
|-ability|p1a: Krookodile|Intimidate|boost
|-unboost|p2a: Weezing|atk|1
|switch|p2a: Dondozo|Dondozo, M|100/100
|move|p1a: Krookodile|Earthquake|p2a: Dondozo
|-damage|p2a: Dondozo|79/100
|
|-heal|p2a: Dondozo|85/100|[from] item: Leftovers
|upkeep
|turn|16
|
|t:|1779678018
|switch|p1a: Sceptile|Sceptile, F, shiny|82/100
|-damage|p1a: Sceptile|70/100|[from] Stealth Rock
|move|p2a: Dondozo|Waterfall|p1a: Sceptile
|-resisted|p1a: Sceptile
|-crit|p1a: Sceptile
|-damage|p1a: Sceptile|43/100
|
|-heal|p2a: Dondozo|91/100|[from] item: Leftovers
|upkeep
|turn|17
|
|t:|1779678040
|switch|p2a: Weezing|Weezing-Galar, M|76/100
|-ability|p2a: Weezing|Neutralizing Gas
|move|p1a: Sceptile|Leech Seed|p2a: Weezing
|-start|p2a: Weezing|move: Leech Seed
|
|-damage|p2a: Weezing|64/100|[from] Leech Seed|[of] p1a: Sceptile
|-heal|p1a: Sceptile|56/100|[silent]
|upkeep
|turn|18
|
|t:|1779678060
|switch|p1a: Krookodile|Krookodile, M, shiny|90/100
|-damage|p1a: Krookodile|84/100|[from] Stealth Rock
|move|p2a: Weezing|Will-O-Wisp|p1a: Krookodile
|-status|p1a: Krookodile|brn
|
|-damage|p2a: Weezing|51/100|[from] Leech Seed|[of] p1a: Krookodile
|-heal|p1a: Krookodile|96/100 brn|[silent]
|-damage|p1a: Krookodile|90/100 brn|[from] brn
|upkeep
|turn|19
|-message|fenixkarde forfeited.
|
|win|sus imposter 123
|raw|fenixkarde's rating: 1106 &rarr; <strong>1083</strong><br />(-23 for losing)
|raw|sus imposter 123's rating: 1140 &rarr; <strong>1163</strong><br />(+23 for winning)
|l|☆fenixkarde
|player|p1|
|l|☆sus imposter 123
|player|p2|
