|j|‽ekekdkdmdmwksl
|j|☆HAJIGOO24
|t:|1779617558
|gametype|singles
|player|p1|ekekdkdmdmwksl|2|1241
|player|p2|HAJIGOO24|iris-gen5bw2|1247
|gen|9
|tier|[Gen 9] OU
|rated|
|rule|HP Percentage Mod: HP is shown in percentages
|rule|Endless Battle Clause: Forcing endless battles is banned
|rule|Species Clause: Limit one of each Pokémon
|rule|OHKO Clause: OHKO moves are banned
|rule|Evasion Items Clause: Evasion items are banned
|rule|Evasion Moves Clause: Evasion moves are banned
|rule|Evasion Abilities Clause: Evasion abilities are banned
|rule|Sleep Moves Clause: Sleep-inducing moves are banned
|clearpoke
|poke|p1|Scrafty, M|
|poke|p1|Volbeat, M|
|poke|p1|Hoopa-Unbound|
|poke|p1|Hatterene, F|
|poke|p1|Registeel|
|poke|p1|Iron Moth|
|poke|p2|Armarouge, F|
|poke|p2|Garchomp, M|
|poke|p2|Rillaboom, F|
|poke|p2|Gengar, F|
|poke|p2|Kyurem|
|poke|p2|Corviknight, F|
|teampreview
|inactive|Battle timer is ON: inactive players will automatically lose when time's up. (requested by HAJIGOO24)
|
|t:|1779617575
|teamsize|p1|6
|teamsize|p2|6
|start
|switch|p1a: Volbeat|Volbeat, M, shiny|100/100
|switch|p2a: 梦龙|Garchomp, M, shiny|100/100
|turn|1
|
|t:|1779617580
|switch|p1a: Hatterene|Hatterene, F|100/100
|move|p2a: 梦龙|Dragon Tail|p1a: Hatterene
|-immune|p1a: Hatterene
|
|upkeep
|turn|2
|
|t:|1779617596
|switch|p2a: 最后一舞|Armarouge, F, shiny|100/100
|move|p1a: Hatterene|Mystical Fire|p2a: 最后一舞
|-start|p2a: 最后一舞|ability: Flash Fire
|
|upkeep
|turn|3
|
|t:|1779617610
|switch|p1a: Scrafty|Scrafty, M|100/100
|move|p2a: 最后一舞|Armor Cannon|p1a: Scrafty
|-damage|p1a: Scrafty|24/100
|-unboost|p2a: 最后一舞|def|1
|-unboost|p2a: 最后一舞|spd|1
|
|-heal|p1a: Scrafty|30/100|[from] item: Leftovers
|upkeep
|turn|4
|
|t:|1779617623
|-end|p2a: 最后一舞|ability: Flash Fire|[silent]
|switch|p2a: 梦龙|Garchomp, M, shiny|100/100
|move|p1a: Scrafty|Knock Off|p2a: 梦龙
|-crit|p2a: 梦龙
|-damage|p2a: 梦龙|55/100
|-damage|p1a: Scrafty|17/100|[from] ability: Rough Skin|[of] p2a: 梦龙
|-damage|p1a: Scrafty|1/100|[from] item: Rocky Helmet|[of] p2a: 梦龙
|-enditem|p2a: 梦龙|Rocky Helmet|[from] move: Knock Off|[of] p1a: Scrafty
|
|-heal|p1a: Scrafty|7/100|[from] item: Leftovers
|upkeep
|turn|5
|
|t:|1779617636
|switch|p1a: Hatterene|Hatterene, F|100/100
|move|p2a: 梦龙|Rest|p2a: 梦龙
|-status|p2a: 梦龙|slp|[from] move: Rest
|-heal|p2a: 梦龙|100/100 slp|[silent]
|
|upkeep
|turn|6
|
|t:|1779617644
|switch|p2a: 最后一舞|Armarouge, F, shiny|100/100
|switch|p1a: Hoopa|Hoopa-Unbound|100/100
|
|upkeep
|turn|7
|
|t:|1779617657
|switch|p2a: 梦龙|Garchomp, M, shiny|100/100 slp
|move|p1a: Hoopa|Dark Pulse|p2a: 梦龙
|-damage|p2a: 梦龙|46/100 slp
|
|upkeep
|turn|8
|
|t:|1779617677
|switch|p2a: monkey|Rillaboom, F|100/100
|-fieldstart|move: Grassy Terrain|[from] ability: Grassy Surge|[of] p2a: monkey
|move|p1a: Hoopa|Dark Pulse|p2a: monkey
|-damage|p2a: monkey|39/100
|
|-heal|p2a: monkey|45/100|[from] Grassy Terrain
|upkeep
|turn|9
|
|t:|1779617686
|switch|p1a: Volbeat|Volbeat, M, shiny|100/100
|move|p2a: monkey|U-turn|p1a: Volbeat
|-damage|p1a: Volbeat|74/100
|
|t:|1779617698
|switch|p2a: 耿嘎|Gengar, F|100/100|[from] U-turn
|
|-heal|p1a: Volbeat|79/100|[from] Grassy Terrain
|upkeep
|turn|10
|
|t:|1779617705
|move|p1a: Volbeat|Thunder Wave|p2a: 耿嘎
|-status|p2a: 耿嘎|par
|move|p2a: 耿嘎|Sludge Bomb|p1a: Volbeat
|-damage|p1a: Volbeat|24/100
|-status|p1a: Volbeat|psn
|
|-heal|p1a: Volbeat|30/100 psn|[from] Grassy Terrain
|-damage|p1a: Volbeat|18/100 psn|[from] psn
|upkeep
|turn|11
|
|t:|1779617728
|switch|p2a: 梦龙|Garchomp, M, shiny|46/100 slp
|switch|p1a: Scrafty|Scrafty, M|7/100
|
|-heal|p2a: 梦龙|52/100 slp|[from] Grassy Terrain
|-heal|p1a: Scrafty|13/100|[from] Grassy Terrain
|-heal|p1a: Scrafty|19/100|[from] item: Leftovers
|upkeep
|turn|12
|
|t:|1779617739
|switch|p1a: Iron Moth|Iron Moth|100/100
|-enditem|p1a: Iron Moth|Booster Energy
|-activate|p1a: Iron Moth|ability: Quark Drive|[fromitem]
|-start|p1a: Iron Moth|quarkdrivespa
|cant|p2a: 梦龙|slp
|move|p2a: 梦龙|Sleep Talk|p2a: 梦龙
|move|p2a: 梦龙|Earthquake|p1a: Iron Moth|[from] move: Sleep Talk
|-supereffective|p1a: Iron Moth
|-damage|p1a: Iron Moth|0 fnt
|faint|p1a: Iron Moth
|-end|p1a: Iron Moth|Quark Drive|[silent]
|
|-heal|p2a: 梦龙|58/100 slp|[from] Grassy Terrain
|-fieldend|move: Grassy Terrain
|upkeep
|
|t:|1779617749
|switch|p1a: Hoopa|Hoopa-Unbound|100/100
|turn|13
|
|t:|1779617765
|move|p1a: Hoopa|Dark Pulse|p2a: 梦龙
|-damage|p2a: 梦龙|5/100 slp
|cant|p2a: 梦龙|slp
|move|p2a: 梦龙|Sleep Talk|p2a: 梦龙
|move|p2a: 梦龙|Earthquake|p1a: Hoopa|[from] move: Sleep Talk
|-damage|p1a: Hoopa|24/100
|
|upkeep
|turn|14
|
|t:|1779617774
|move|p1a: Hoopa|Dark Pulse|p2a: 梦龙
|-damage|p2a: 梦龙|0 fnt
|faint|p2a: 梦龙
|
|upkeep
|
|t:|1779617779
|switch|p2a: monkey|Rillaboom, F|45/100
|-fieldstart|move: Grassy Terrain|[from] ability: Grassy Surge|[of] p2a: monkey
|turn|15
|
|t:|1779617785
|switch|p1a: Scrafty|Scrafty, M|19/100
|move|p2a: monkey|Grassy Glide|p1a: Scrafty
|-damage|p1a: Scrafty|0 fnt
|faint|p1a: Scrafty
|
|-heal|p2a: monkey|51/100|[from] Grassy Terrain
|upkeep
|
|t:|1779617791
|switch|p1a: Registeel|Registeel|100/100
|turn|16
|
|t:|1779617796
|move|p2a: monkey|Knock Off|p1a: Registeel
|-damage|p1a: Registeel|76/100
|-enditem|p1a: Registeel|Chesto Berry|[from] move: Knock Off|[of] p2a: monkey
|move|p1a: Registeel|Iron Defense|p1a: Registeel
|-boost|p1a: Registeel|def|2
|
|-heal|p2a: monkey|57/100|[from] Grassy Terrain
|-heal|p1a: Registeel|82/100|[from] Grassy Terrain
|upkeep
|turn|17
|
|t:|1779617805
|switch|p2a: 最后一舞|Armarouge, F, shiny|100/100
|move|p1a: Registeel|Body Press|p2a: 最后一舞
|-resisted|p2a: 最后一舞
|-damage|p2a: 最后一舞|73/100
|
|-heal|p2a: 最后一舞|79/100|[from] Grassy Terrain
|-heal|p1a: Registeel|88/100|[from] Grassy Terrain
|upkeep
|turn|18
|
|t:|1779617817
|switch|p1a: Volbeat|Volbeat, M, shiny|18/100 psn
|move|p2a: 最后一舞|Armor Cannon|p1a: Volbeat
|-supereffective|p1a: Volbeat
|-damage|p1a: Volbeat|0 fnt
|-unboost|p2a: 最后一舞|def|1
|-unboost|p2a: 最后一舞|spd|1
|faint|p1a: Volbeat
|
|-heal|p2a: 最后一舞|85/100|[from] Grassy Terrain
|upkeep
|
|t:|1779617819
|switch|p1a: Hoopa|Hoopa-Unbound|24/100
|turn|19
|
|t:|1779617831
|switch|p2a: 耿嘎|Gengar, F|100/100 par
|move|p1a: Hoopa|Dark Pulse|p2a: 耿嘎
|-supereffective|p2a: 耿嘎
|-damage|p2a: 耿嘎|0 fnt
|faint|p2a: 耿嘎
|
|-heal|p1a: Hoopa|30/100|[from] Grassy Terrain
|-fieldend|move: Grassy Terrain
|upkeep
|
|t:|1779617840
|switch|p2a: 地表最强之龙|Kyurem|100/100
|-ability|p2a: 地表最强之龙|Pressure
|turn|20
|
|t:|1779617853
|switch|p1a: Hatterene|Hatterene, F|100/100
|move|p2a: 地表最强之龙|Draco Meteor|p1a: Hatterene
|-immune|p1a: Hatterene
|
|upkeep
|turn|21
|
|t:|1779617860
|switch|p2a: 最后一舞|Armarouge, F, shiny|85/100
|move|p1a: Hatterene|Calm Mind|p1a: Hatterene
|-boost|p1a: Hatterene|spa|1
|-boost|p1a: Hatterene|spd|1
|
|upkeep
|turn|22
|
|t:|1779617869
|-terastallize|p1a: Hatterene|Fire
|move|p2a: 最后一舞|Flash Cannon|p1a: Hatterene
|-resisted|p1a: Hatterene
|-damage|p1a: Hatterene|90/100
|move|p1a: Hatterene|Psychic|p2a: 最后一舞
|-resisted|p2a: 最后一舞
|-damage|p2a: 最后一舞|56/100
|
|-heal|p1a: Hatterene|96/100|[from] item: Leftovers
|upkeep
|turn|23
|
|t:|1779617881
|switch|p2a: Corviknight|Corviknight, F|100/100
|move|p1a: Hatterene|Calm Mind|p1a: Hatterene
|-boost|p1a: Hatterene|spa|1
|-boost|p1a: Hatterene|spd|1
|
|-heal|p1a: Hatterene|100/100|[from] item: Leftovers
|upkeep
|turn|24
|
|t:|1779617889
|move|p2a: Corviknight|Brave Bird|p1a: Hatterene
|-damage|p1a: Hatterene|51/100
|-damage|p2a: Corviknight|88/100|[from] Recoil
|move|p1a: Hatterene|Mystical Fire|p2a: Corviknight
|-supereffective|p2a: Corviknight
|-damage|p2a: Corviknight|0 fnt
|faint|p2a: Corviknight
|
|-heal|p1a: Hatterene|57/100|[from] item: Leftovers
|upkeep
|
|t:|1779617906
|switch|p2a: 地表最强之龙|Kyurem|100/100
|-ability|p2a: 地表最强之龙|Pressure
|turn|25
|
|t:|1779617911
|-terastallize|p2a: 地表最强之龙|Ground
|move|p2a: 地表最强之龙|Earth Power|p1a: Hatterene
|-supereffective|p1a: Hatterene
|-damage|p1a: Hatterene|9/100
|move|p1a: Hatterene|Draining Kiss|p2a: 地表最强之龙
|-damage|p2a: 地表最强之龙|72/100
|-heal|p1a: Hatterene|44/100|[from] drain|[of] p2a: 地表最强之龙
|
|-heal|p1a: Hatterene|50/100|[from] item: Leftovers
|upkeep
|turn|26
|
|t:|1779617921
|move|p2a: 地表最强之龙|Earth Power|p1a: Hatterene
|-supereffective|p1a: Hatterene
|-damage|p1a: Hatterene|0 fnt
|faint|p1a: Hatterene
|
|upkeep
|
|t:|1779617939
|switch|p1a: Registeel|Registeel|88/100
|turn|27
|
|t:|1779617944
|move|p2a: 地表最强之龙|Earth Power|p1a: Registeel
|-supereffective|p1a: Registeel
|-damage|p1a: Registeel|27/100
|move|p1a: Registeel|Body Press|p2a: 地表最强之龙
|-crit|p2a: 地表最强之龙
|-damage|p2a: 地表最强之龙|34/100
|
|upkeep
|turn|28
|
|t:|1779617952
|move|p2a: 地表最强之龙|Earth Power|p1a: Registeel
|-supereffective|p1a: Registeel
|-damage|p1a: Registeel|0 fnt
|faint|p1a: Registeel
|
|upkeep
|
|t:|1779617955
|switch|p1a: Hoopa|Hoopa-Unbound|30/100
|turn|29
|
|t:|1779617959
|move|p1a: Hoopa|Dark Pulse|p2a: 地表最强之龙
|-damage|p2a: 地表最强之龙|0 fnt
|faint|p2a: 地表最强之龙
|
|upkeep
|
|t:|1779617964
|switch|p2a: monkey|Rillaboom, F|57/100
|-fieldstart|move: Grassy Terrain|[from] ability: Grassy Surge|[of] p2a: monkey
|turn|30
|
|t:|1779617968
|move|p2a: monkey|Grassy Glide|p1a: Hoopa
|-damage|p1a: Hoopa|0 fnt
|faint|p1a: Hoopa
|
|win|HAJIGOO24
|raw|ekekdkdmdmwksl's rating: 1241 &rarr; <strong>1216</strong><br />(-25 for losing)
|raw|HAJIGOO24's rating: 1247 &rarr; <strong>1272</strong><br />(+25 for winning)
|l|☆HAJIGOO24
|player|p2|
|l|‽ekekdkdmdmwksl
|player|p1|
