|j|☆Veiny1
|j|☆fregene97
|t:|1779561847
|gametype|singles
|player|p1|Veiny1|266|1334
|player|p2|fregene97|camper|1338
|gen|9
|tier|[Gen 9] OU
|rated|
|rule|HP Percentage Mod: HP is shown in percentages
|rule|Endless Battle Clause: Forcing endless battles is banned
|rule|Species Clause: Limit one of each Pokémon
|rule|OHKO Clause: OHKO moves are banned
|rule|Evasion Items Clause: Evasion items are banned
|rule|Evasion Moves Clause: Evasion moves are banned
|rule|Evasion Abilities Clause: Evasion abilities are banned
|rule|Sleep Moves Clause: Sleep-inducing moves are banned
|clearpoke
|poke|p1|Salazzle, F|
|poke|p1|Clefable, F|
|poke|p1|Dragapult, F|
|poke|p1|Zapdos|
|poke|p1|Great Tusk|
|poke|p1|Whimsicott, M|
|poke|p2|Gholdengo|
|poke|p2|Hitmonlee, M|
|poke|p2|Rillaboom, M|
|poke|p2|Samurott-Hisui, M|
|poke|p2|Glimmora, M|
|poke|p2|Raging Bolt|
|teampreview
|
|t:|1779561851
|teamsize|p1|6
|teamsize|p2|6
|start
|switch|p1a: Salazzle|Salazzle, F|100/100
|switch|p2a: Glimmora|Glimmora, M, shiny|100/100
|turn|1
|
|t:|1779561855
|move|p1a: Salazzle|Toxic|p2a: Glimmora
|-status|p2a: Glimmora|tox
|move|p2a: Glimmora|Earth Power|p1a: Salazzle
|-supereffective|p1a: Salazzle
|-enditem|p1a: Salazzle|Focus Sash
|-damage|p1a: Salazzle|1/100
|
|-damage|p2a: Glimmora|94/100 tox|[from] psn
|upkeep
|turn|2
|j| Couchthulhu
|inactive|Battle timer is ON: inactive players will automatically lose when time's up. (requested by fregene97)
|
|t:|1779561868
|switch|p1a: Dragapult|Dragapult, F|100/100
|move|p2a: Glimmora|Stealth Rock|p1a: Dragapult
|-sidestart|p1: Veiny1|move: Stealth Rock
|
|-damage|p2a: Glimmora|82/100 tox|[from] psn
|upkeep
|turn|3
|
|t:|1779561880
|move|p1a: Dragapult|Dragon Darts|p2a: Glimmora
|-damage|p2a: Glimmora|60/100 tox
|-activate|p2a: Glimmora|ability: Toxic Debris
|-sidestart|p1: Veiny1|move: Toxic Spikes
|-anim|p1a: Dragapult|Dragon Darts|p2a: Glimmora
|-damage|p2a: Glimmora|37/100 tox
|-activate|p2a: Glimmora|ability: Toxic Debris
|-sidestart|p1: Veiny1|move: Toxic Spikes
|-enditem|p2a: Glimmora|Red Card|[of] p1a: Dragapult
|drag|p1a: Whimsicott|Whimsicott, M, shiny|100/100
|-damage|p1a: Whimsicott|88/100|[from] Stealth Rock
|-status|p1a: Whimsicott|tox
|move|p2a: Glimmora|Mortal Spin|p1a: Whimsicott
|-supereffective|p1a: Whimsicott
|-crit|p1a: Whimsicott
|-damage|p1a: Whimsicott|36/100 tox
|
|-damage|p1a: Whimsicott|30/100 tox|[from] psn
|-damage|p2a: Glimmora|18/100 tox|[from] psn
|upkeep
|turn|4
|
|t:|1779561885
|move|p1a: Whimsicott|Giga Drain|p2a: Glimmora
|-damage|p2a: Glimmora|0 fnt
|-heal|p1a: Whimsicott|47/100 tox|[from] drain|[of] p2a: Glimmora
|faint|p2a: Glimmora
|
|-damage|p1a: Whimsicott|34/100 tox|[from] psn
|upkeep
|
|t:|1779561888
|switch|p2a: Rillaboom|Rillaboom, M, shiny|100/100
|-fieldstart|move: Grassy Terrain|[from] ability: Grassy Surge|[of] p2a: Rillaboom
|turn|5
|
|t:|1779561895
|move|p1a: Whimsicott|Moonblast|p2a: Rillaboom
|-damage|p2a: Rillaboom|57/100
|-unboost|p2a: Rillaboom|spa|1
|move|p2a: Rillaboom|Swords Dance|p2a: Rillaboom
|-boost|p2a: Rillaboom|atk|2
|
|-heal|p1a: Whimsicott|41/100 tox|[from] Grassy Terrain
|-heal|p2a: Rillaboom|64/100|[from] Grassy Terrain
|-damage|p1a: Whimsicott|22/100 tox|[from] psn
|upkeep
|turn|6
|
|t:|1779561900
|move|p1a: Whimsicott|Encore|p2a: Rillaboom
|-start|p2a: Rillaboom|Encore
|move|p2a: Rillaboom|Swords Dance|p2a: Rillaboom
|-boost|p2a: Rillaboom|atk|2
|
|-heal|p1a: Whimsicott|28/100 tox|[from] Grassy Terrain
|-heal|p2a: Rillaboom|70/100|[from] Grassy Terrain
|-damage|p1a: Whimsicott|4/100 tox|[from] psn
|upkeep
|turn|7
|
|t:|1779561908
|move|p1a: Whimsicott|Moonblast|p2a: Rillaboom
|-damage|p2a: Rillaboom|21/100
|move|p2a: Rillaboom|Swords Dance|p2a: Rillaboom
|-boost|p2a: Rillaboom|atk|2
|
|-heal|p1a: Whimsicott|10/100 tox|[from] Grassy Terrain
|-heal|p2a: Rillaboom|27/100|[from] Grassy Terrain
|-damage|p1a: Whimsicott|0 fnt|[from] psn
|faint|p1a: Whimsicott
|upkeep
|
|t:|1779561917
|switch|p1a: Salazzle|Salazzle, F|1/100
|-damage|p1a: Salazzle|0 fnt|[from] Stealth Rock
|faint|p1a: Salazzle
|
|t:|1779561924
|switch|p1a: Clefable|Clefable, F|100/100
|-status|p1a: Clefable|tox
|turn|8
|
|t:|1779561932
|switch|p2a: Gholdengo|Gholdengo, shiny|100/100
|-enditem|p2a: Gholdengo|Grassy Seed
|-boost|p2a: Gholdengo|def|1|[from] item: Grassy Seed
|move|p1a: Clefable|Ice Beam|p2a: Gholdengo
|-resisted|p2a: Gholdengo
|-damage|p2a: Gholdengo|88/100
|
|-heal|p2a: Gholdengo|94/100|[from] Grassy Terrain
|upkeep
|turn|9
|
|t:|1779561937
|move|p2a: Gholdengo|Nasty Plot|p2a: Gholdengo
|-boost|p2a: Gholdengo|spa|2
|move|p1a: Clefable|Flamethrower|p2a: Gholdengo
|-supereffective|p2a: Gholdengo
|-damage|p2a: Gholdengo|47/100
|
|-heal|p2a: Gholdengo|53/100|[from] Grassy Terrain
|-fieldend|move: Grassy Terrain
|upkeep
|turn|10
|
|t:|1779561941
|move|p2a: Gholdengo|Nasty Plot|p2a: Gholdengo
|-boost|p2a: Gholdengo|spa|2
|move|p1a: Clefable|Flamethrower|p2a: Gholdengo
|-supereffective|p2a: Gholdengo
|-damage|p2a: Gholdengo|0 fnt
|faint|p2a: Gholdengo
|
|upkeep
|
|t:|1779561947
|switch|p2a: Rillaboom|Rillaboom, M, shiny|27/100
|-fieldstart|move: Grassy Terrain|[from] ability: Grassy Surge|[of] p2a: Rillaboom
|turn|11
|l|☆Veiny1
|inactive|Veiny1 disconnected and has a minute to reconnect!
|player|p1|
|inactive|Veiny1 has 30 seconds to reconnect!
|j|☆Veiny1
|inactive|Veiny1 reconnected and has 110 seconds left.
|player|p1|Veiny1|266|
|
|t:|1779561994
|move|p2a: Rillaboom|High Horsepower|p1a: Clefable
|-damage|p1a: Clefable|52/100 tox
|-damage|p2a: Rillaboom|11/100|[from] item: Rocky Helmet|[of] p1a: Clefable
|-damage|p2a: Rillaboom|1/100|[from] item: Life Orb
|move|p1a: Clefable|Ice Beam|p2a: Rillaboom
|-supereffective|p2a: Rillaboom
|-damage|p2a: Rillaboom|0 fnt
|faint|p2a: Rillaboom
|
|-heal|p1a: Clefable|59/100 tox|[from] Grassy Terrain
|upkeep
|
|t:|1779561997
|switch|p2a: Hitmonlee|Hitmonlee, M|100/100
|-enditem|p2a: Hitmonlee|Grassy Seed
|-boost|p2a: Hitmonlee|def|1|[from] item: Grassy Seed
|turn|12
|
|t:|1779562001
|move|p2a: Hitmonlee|Swords Dance|p2a: Hitmonlee
|-boost|p2a: Hitmonlee|atk|2
|move|p1a: Clefable|Draining Kiss|p2a: Hitmonlee
|-supereffective|p2a: Hitmonlee
|-damage|p2a: Hitmonlee|45/100
|-heal|p1a: Clefable|89/100 tox|[from] drain|[of] p2a: Hitmonlee
|
|-heal|p2a: Hitmonlee|51/100|[from] Grassy Terrain
|-heal|p1a: Clefable|95/100 tox|[from] Grassy Terrain
|upkeep
|turn|13
|
|t:|1779562006
|move|p2a: Hitmonlee|Poison Jab|p1a: Clefable
|-supereffective|p1a: Clefable
|-damage|p1a: Clefable|0 fnt
|-damage|p2a: Hitmonlee|35/100|[from] item: Rocky Helmet|[of] p1a: Clefable
|faint|p1a: Clefable
|
|-heal|p2a: Hitmonlee|41/100|[from] Grassy Terrain
|upkeep
|
|t:|1779562012
|switch|p1a: Great Tusk|Great Tusk|100/100
|-damage|p1a: Great Tusk|98/100|[from] Stealth Rock
|-status|p1a: Great Tusk|tox
|turn|14
|
|t:|1779562019
|-terastallize|p2a: Hitmonlee|Fighting
|-terastallize|p1a: Great Tusk|Poison
|move|p2a: Hitmonlee|Close Combat|p1a: Great Tusk
|-resisted|p1a: Great Tusk
|-damage|p1a: Great Tusk|42/100 tox
|-unboost|p2a: Hitmonlee|def|1
|-unboost|p2a: Hitmonlee|spd|1
|move|p1a: Great Tusk|Rapid Spin|p2a: Hitmonlee
|-damage|p2a: Hitmonlee|7/100
|-boost|p1a: Great Tusk|spe|1
|-sideend|p1: Veiny1|Toxic Spikes|[from] move: Rapid Spin|[of] p1a: Great Tusk
|-sideend|p1: Veiny1|Stealth Rock|[from] move: Rapid Spin|[of] p1a: Great Tusk
|
|-heal|p2a: Hitmonlee|13/100|[from] Grassy Terrain
|-heal|p1a: Great Tusk|48/100 tox|[from] Grassy Terrain
|-heal|p1a: Great Tusk|55/100 tox|[from] item: Leftovers
|-damage|p1a: Great Tusk|48/100 tox|[from] psn
|upkeep
|turn|15
|
|t:|1779562028
|-end|p1a: Great Tusk|Protosynthesis|[silent]
|switch|p1a: Zapdos|Zapdos|100/100
|move|p2a: Hitmonlee|Bullet Punch|p1a: Zapdos
|-resisted|p1a: Zapdos
|-damage|p1a: Zapdos|85/100
|-damage|p2a: Hitmonlee|0 fnt|[from] item: Rocky Helmet|[of] p1a: Zapdos
|faint|p2a: Hitmonlee
|
|-fieldend|move: Grassy Terrain
|upkeep
|
|t:|1779562031
|switch|p2a: Raging Bolt|Raging Bolt|100/100
|-enditem|p2a: Raging Bolt|Booster Energy
|-activate|p2a: Raging Bolt|ability: Protosynthesis|[fromitem]
|-start|p2a: Raging Bolt|protosynthesisspa
|turn|16
|
|t:|1779562039
|move|p1a: Zapdos|Hurricane|p2a: Raging Bolt
|-resisted|p2a: Raging Bolt
|-damage|p2a: Raging Bolt|72/100
|move|p2a: Raging Bolt|Calm Mind|p2a: Raging Bolt
|-boost|p2a: Raging Bolt|spa|1
|-boost|p2a: Raging Bolt|spd|1
|
|upkeep
|turn|17
|
|t:|1779562046
|move|p1a: Zapdos|Hurricane|p2a: Raging Bolt|[miss]
|-miss|p1a: Zapdos|p2a: Raging Bolt
|move|p2a: Raging Bolt|Dragon Pulse|p1a: Zapdos
|-damage|p1a: Zapdos|0 fnt
|faint|p1a: Zapdos
|
|upkeep
|
|t:|1779562053
|switch|p1a: Dragapult|Dragapult, F|100/100
|turn|18
|
|t:|1779562056
|move|p2a: Raging Bolt|Thunderclap|p1a: Dragapult
|-resisted|p1a: Dragapult
|-damage|p1a: Dragapult|34/100
|move|p1a: Dragapult|Dragon Darts|p2a: Raging Bolt
|-supereffective|p2a: Raging Bolt
|-damage|p2a: Raging Bolt|24/100
|-anim|p1a: Dragapult|Dragon Darts|p2a: Raging Bolt
|-supereffective|p2a: Raging Bolt
|-damage|p2a: Raging Bolt|0 fnt
|faint|p2a: Raging Bolt
|-end|p2a: Raging Bolt|Protosynthesis|[silent]
|
|upkeep
|
|t:|1779562059
|switch|p2a: Samurott|Samurott-Hisui, M, shiny|100/100
|turn|19
|
|t:|1779562066
|switch|p1a: Great Tusk|Great Tusk, tera:Poison|48/100 tox
|move|p2a: Samurott|Ceaseless Edge|p1a: Great Tusk
|-damage|p1a: Great Tusk|12/100 tox
|-sidestart|p1: Veiny1|Spikes
|
|-heal|p1a: Great Tusk|18/100 tox|[from] item: Leftovers
|-damage|p1a: Great Tusk|12/100 tox|[from] psn
|upkeep
|turn|20
|
|t:|1779562073
|move|p2a: Samurott|Aqua Jet|p1a: Great Tusk
|-damage|p1a: Great Tusk|0 fnt
|faint|p1a: Great Tusk
|-end|p1a: Great Tusk|Protosynthesis|[silent]
|
|upkeep
|
|t:|1779562076
|switch|p1a: Dragapult|Dragapult, F|34/100
|-damage|p1a: Dragapult|22/100|[from] Spikes
|turn|21
|
|t:|1779562079
|move|p1a: Dragapult|U-turn|p2a: Samurott
|-supereffective|p2a: Samurott
|-damage|p2a: Samurott|32/100
|move|p2a: Samurott|Ceaseless Edge|p1a: Dragapult
|-supereffective|p1a: Dragapult
|-damage|p1a: Dragapult|0 fnt
|-sidestart|p1: Veiny1|Spikes
|faint|p1a: Dragapult
|
|win|fregene97
|raw|Veiny1's rating: 1334 &rarr; <strong>1314</strong><br />(-20 for losing)
|raw|fregene97's rating: 1338 &rarr; <strong>1358</strong><br />(+20 for winning)
|l|☆Veiny1
|player|p1|
|l|☆fregene97
|player|p2|
|l| Couchthulhu
