|j|☆Frozmo
|j|☆pptj
|t:|1779708618
|gametype|singles
|player|p1|Frozmo|dawn|1285
|player|p2|pptj|unknownf|1299
|gen|9
|tier|[Gen 9] OU
|rated|
|rule|HP Percentage Mod: HP is shown in percentages
|rule|Endless Battle Clause: Forcing endless battles is banned
|rule|Species Clause: Limit one of each Pokémon
|rule|OHKO Clause: OHKO moves are banned
|rule|Evasion Items Clause: Evasion items are banned
|rule|Evasion Moves Clause: Evasion moves are banned
|rule|Evasion Abilities Clause: Evasion abilities are banned
|rule|Sleep Moves Clause: Sleep-inducing moves are banned
|clearpoke
|poke|p1|Cloyster, F|
|poke|p1|Ninetales-Alola, F|
|poke|p1|Polteageist|
|poke|p1|Ogerpon-Wellspring, F|
|poke|p1|Iron Treads|
|poke|p1|Dragonite, M|
|poke|p2|Galvantula, M|
|poke|p2|Garchomp, M|
|poke|p2|Scizor, M|
|poke|p2|Armarouge, M|
|poke|p2|Gardevoir, F|
|poke|p2|Mismagius, F|
|teampreview
|inactive|Battle timer is ON: inactive players will automatically lose when time's up. (requested by Frozmo)
|inactive|pptj also wants the timer to be on.
|
|t:|1779708629
|teamsize|p1|6
|teamsize|p2|6
|start
|switch|p1a: Ninetales|Ninetales-Alola, F|100/100
|switch|p2a: 振翼发|Mismagius, F|100/100
|-weather|Snowscape|[from] ability: Snow Warning|[of] p1a: Ninetales
|turn|1
|
|t:|1779708644
|switch|p2a: 钳裂仙|Scizor, M|100/100
|move|p1a: Ninetales|Aurora Veil|p1a: Ninetales
|-sidestart|p1: Frozmo|move: Aurora Veil
|
|-weather|Snowscape|[upkeep]
|upkeep
|turn|2
|
|t:|1779708653
|switch|p1a: Iron Treads|Iron Treads|100/100
|-enditem|p1a: Iron Treads|Booster Energy
|-activate|p1a: Iron Treads|ability: Quark Drive|[fromitem]
|-start|p1a: Iron Treads|quarkdrivespe
|move|p2a: 钳裂仙|Swords Dance|p2a: 钳裂仙
|-boost|p2a: 钳裂仙|atk|2
|
|-weather|Snowscape|[upkeep]
|upkeep
|turn|3
|
|t:|1779708663
|move|p1a: Iron Treads|Earth Power|p2a: 钳裂仙
|-damage|p2a: 钳裂仙|64/100
|-unboost|p2a: 钳裂仙|spd|1
|move|p2a: 钳裂仙|Close Combat|p1a: Iron Treads
|-supereffective|p1a: Iron Treads
|-damage|p1a: Iron Treads|24/100
|-unboost|p2a: 钳裂仙|def|1
|-unboost|p2a: 钳裂仙|spd|1
|
|-weather|Snowscape|[upkeep]
|-heal|p2a: 钳裂仙|71/100|[from] item: Leftovers
|upkeep
|turn|4
|
|t:|1779708684
|move|p2a: 钳裂仙|Bullet Punch|p1a: Iron Treads
|-resisted|p1a: Iron Treads
|-damage|p1a: Iron Treads|7/100
|move|p1a: Iron Treads|Earth Power|p2a: 钳裂仙
|-damage|p2a: 钳裂仙|0 fnt
|faint|p2a: 钳裂仙
|
|-weather|Snowscape|[upkeep]
|upkeep
|
|t:|1779708697
|switch|p2a: 洛克人|Armarouge, M, shiny|100/100
|turn|5
|
|t:|1779708703
|move|p1a: Iron Treads|Earth Power|p2a: 洛克人
|-supereffective|p2a: 洛克人
|-damage|p2a: 洛克人|28/100
|-enditem|p2a: 洛克人|Weakness Policy
|-boost|p2a: 洛克人|atk|2|[from] item: Weakness Policy
|-boost|p2a: 洛克人|spa|2|[from] item: Weakness Policy
|move|p2a: 洛克人|Calm Mind|p2a: 洛克人
|-boost|p2a: 洛克人|spa|1
|-boost|p2a: 洛克人|spd|1
|
|-weather|none
|upkeep
|turn|6
|
|t:|1779708716
|move|p1a: Iron Treads|Earth Power|p2a: 洛克人
|-supereffective|p2a: 洛克人
|-crit|p2a: 洛克人
|-damage|p2a: 洛克人|0 fnt
|faint|p2a: 洛克人
|
|upkeep
|
|t:|1779708725
|switch|p2a: 爱跳龙之舞|Garchomp, M|100/100
|turn|7
|
|t:|1779708731
|move|p1a: Iron Treads|Steel Beam|p2a: 爱跳龙之舞
|-damage|p2a: 爱跳龙之舞|53/100
|-damage|p1a: Iron Treads|0 fnt|[from] steelbeam
|faint|p1a: Iron Treads
|-end|p1a: Iron Treads|Quark Drive|[silent]
|move|p2a: 爱跳龙之舞|Swords Dance|p2a: 爱跳龙之舞
|-boost|p2a: 爱跳龙之舞|atk|2
|
|upkeep
|
|t:|1779708735
|switch|p1a: Ninetales|Ninetales-Alola, F|100/100
|-weather|Snowscape|[from] ability: Snow Warning|[of] p1a: Ninetales
|turn|8
|
|t:|1779708744
|move|p1a: Ninetales|Freeze-Dry|p2a: 爱跳龙之舞
|-supereffective|p2a: 爱跳龙之舞
|-damage|p2a: 爱跳龙之舞|0 fnt
|faint|p2a: 爱跳龙之舞
|
|-weather|Snowscape|[upkeep]
|-sideend|p1: Frozmo|move: Aurora Veil
|upkeep
|
|t:|1779708754
|switch|p2a: 失败的man|Galvantula, M|100/100
|turn|9
|
|t:|1779708760
|move|p1a: Ninetales|Aurora Veil|p1a: Ninetales
|-sidestart|p1: Frozmo|move: Aurora Veil
|move|p2a: 失败的man|Thunder Wave|p1a: Ninetales
|-status|p1a: Ninetales|par
|
|-weather|Snowscape|[upkeep]
|upkeep
|turn|10
|
|t:|1779708769
|move|p2a: 失败的man|Sticky Web|p1a: Ninetales
|-sidestart|p1: Frozmo|move: Sticky Web
|move|p1a: Ninetales|Moonblast|p2a: 失败的man
|-damage|p2a: 失败的man|30/100
|
|-weather|Snowscape|[upkeep]
|upkeep
|turn|11
|
|t:|1779708777
|move|p2a: 失败的man|Thunder|p1a: Ninetales
|-damage|p1a: Ninetales|71/100 par
|move|p1a: Ninetales|Moonblast|p2a: 失败的man
|-damage|p2a: 失败的man|0 fnt
|faint|p2a: 失败的man
|
|-weather|Snowscape|[upkeep]
|upkeep
|
|t:|1779708787
|switch|p2a: 振翼发|Mismagius, F|100/100
|turn|12
|
|t:|1779708813
|move|p2a: 振翼发|Hex|p1a: Ninetales
|-damage|p1a: Ninetales|26/100 par
|-damage|p2a: 振翼发|91/100|[from] item: Life Orb
|move|p1a: Ninetales|Moonblast|p2a: 振翼发
|-damage|p2a: 振翼发|47/100
|
|-weather|none
|upkeep
|turn|13
|
|t:|1779708823
|move|p2a: 振翼发|Hex|p1a: Ninetales
|-damage|p1a: Ninetales|0 fnt
|faint|p1a: Ninetales
|-damage|p2a: 振翼发|37/100|[from] item: Life Orb
|
|upkeep
|
|t:|1779708828
|switch|p1a: Cloyster|Cloyster, F|100/100
|-activate|p1a: Cloyster|move: Sticky Web
|-unboost|p1a: Cloyster|spe|1
|turn|14
|
|t:|1779708836
|move|p2a: 振翼发|Will-O-Wisp|p1a: Cloyster
|-status|p1a: Cloyster|brn
|move|p1a: Cloyster|Shell Smash|p1a: Cloyster
|-unboost|p1a: Cloyster|def|1
|-unboost|p1a: Cloyster|spd|1
|-boost|p1a: Cloyster|atk|2
|-boost|p1a: Cloyster|spa|2
|-boost|p1a: Cloyster|spe|2
|
|-damage|p1a: Cloyster|94/100 brn|[from] brn
|upkeep
|turn|15
|
|t:|1779708847
|-terastallize|p1a: Cloyster|Ice
|move|p2a: 振翼发|Hex|p1a: Cloyster
|-damage|p1a: Cloyster|0 fnt
|faint|p1a: Cloyster
|-damage|p2a: 振翼发|27/100|[from] item: Life Orb
|
|upkeep
|
|t:|1779708855
|switch|p1a: Dragonite|Dragonite, M|100/100
|turn|16
|
|t:|1779708859
|move|p2a: 振翼发|Will-O-Wisp|p1a: Dragonite
|-status|p1a: Dragonite|brn
|move|p1a: Dragonite|Earthquake|p2a: 振翼发
|-immune|p2a: 振翼发|[from] ability: Levitate
|
|-damage|p1a: Dragonite|94/100 brn|[from] brn
|-sideend|p1: Frozmo|move: Aurora Veil
|upkeep
|turn|17
|
|t:|1779708872
|move|p2a: 振翼发|Hex|p1a: Dragonite
|-damage|p1a: Dragonite|14/100 brn
|-damage|p2a: 振翼发|17/100|[from] item: Life Orb
|move|p1a: Dragonite|Ice Spinner|p2a: 振翼发
|-damage|p2a: 振翼发|0 fnt
|faint|p2a: 振翼发
|
|-damage|p1a: Dragonite|8/100 brn|[from] brn
|upkeep
|
|t:|1779708883
|switch|p2a: 爱穿背心的骑士|Gardevoir, F|100/100
|-ability|p2a: 爱穿背心的骑士|Multiscale|Trace|[from] ability: Trace|[of] p1a: Dragonite
|turn|18
|
|t:|1779708895
|move|p1a: Dragonite|Earthquake|p2a: 爱穿背心的骑士
|-damage|p2a: 爱穿背心的骑士|86/100
|move|p2a: 爱穿背心的骑士|Moonblast|p1a: Dragonite
|-supereffective|p1a: Dragonite
|-damage|p1a: Dragonite|0 fnt
|faint|p1a: Dragonite
|
|upkeep
|inactive|Frozmo has 120 seconds left.
|inactive|Frozmo has 90 seconds left.
|inactive|Frozmo has 60 seconds left.
|inactive|Frozmo has 30 seconds left.
|inactive|Frozmo has 20 seconds left.
|inactive|Frozmo has 15 seconds left.
|inactive|Frozmo has 10 seconds left.
|inactive|Frozmo has 5 seconds left.
|-message|Frozmo lost due to inactivity.
|
|win|pptj
|raw|Frozmo's rating: 1285 &rarr; <strong>1261</strong><br />(-24 for losing)
|raw|pptj's rating: 1299 &rarr; <strong>1323</strong><br />(+24 for winning)
|l|☆pptj
|player|p2|
|l|☆Frozmo
|player|p1|
