|j|☆DishanMax
|j|☆Uiryamu
|t:|1779712395
|gametype|singles
|player|p1|DishanMax|101|1359
|player|p2|Uiryamu|colress|1313
|gen|9
|tier|[Gen 9] OU
|rated|
|rule|HP Percentage Mod: HP is shown in percentages
|rule|Endless Battle Clause: Forcing endless battles is banned
|rule|Species Clause: Limit one of each Pokémon
|rule|OHKO Clause: OHKO moves are banned
|rule|Evasion Items Clause: Evasion items are banned
|rule|Evasion Moves Clause: Evasion moves are banned
|rule|Evasion Abilities Clause: Evasion abilities are banned
|rule|Sleep Moves Clause: Sleep-inducing moves are banned
|clearpoke
|poke|p1|Sinistcha|
|poke|p1|Arcanine-Hisui, F|
|poke|p1|Primarina, F|
|poke|p1|Corviknight, M|
|poke|p1|Latios, M|
|poke|p1|Great Tusk|
|poke|p2|Metagross|
|poke|p2|Magnezone|
|poke|p2|Rotom-Wash|
|poke|p2|Porygon-Z|
|poke|p2|Muk-Alola, M|
|poke|p2|Electrode|
|teampreview
|inactive|Battle timer is ON: inactive players will automatically lose when time's up. (requested by DishanMax)
|
|t:|1779712405
|teamsize|p1|6
|teamsize|p2|6
|start
|switch|p1a: Arcanine|Arcanine-Hisui, F|100/100
|switch|p2a: Electrode|Electrode|100/100
|turn|1
|
|t:|1779712412
|move|p2a: Electrode|Thunder Wave|p1a: Arcanine|[miss]
|-miss|p2a: Electrode|p1a: Arcanine
|move|p1a: Arcanine|Flare Blitz|p2a: Electrode
|-enditem|p2a: Electrode|Focus Sash
|-damage|p2a: Electrode|1/100
|
|upkeep
|turn|2
|
|t:|1779712414
|move|p2a: Electrode|Thunder Wave|p1a: Arcanine
|-status|p1a: Arcanine|par
|move|p1a: Arcanine|Flare Blitz|p2a: Electrode
|-damage|p2a: Electrode|0 fnt
|faint|p2a: Electrode
|
|upkeep
|
|t:|1779712420
|switch|p2a: Rotom|Rotom-Wash|100/100
|turn|3
|
|t:|1779712424
|switch|p1a: Sinistcha|Sinistcha|100/100
|move|p2a: Rotom|Hydro Pump|p1a: Sinistcha
|-resisted|p1a: Sinistcha
|-damage|p1a: Sinistcha|77/100
|
|upkeep
|turn|4
|
|t:|1779712429
|move|p2a: Rotom|Volt Switch|p1a: Sinistcha
|-resisted|p1a: Sinistcha
|-damage|p1a: Sinistcha|63/100
|
|t:|1779712433
|switch|p2a: Muk|Muk-Alola, M|100/100|[from] Volt Switch
|move|p1a: Sinistcha|Calm Mind|p1a: Sinistcha
|-boost|p1a: Sinistcha|spa|1
|-boost|p1a: Sinistcha|spd|1
|
|upkeep
|turn|5
|
|t:|1779712438
|move|p1a: Sinistcha|Strength Sap|p2a: Muk
|-unboost|p2a: Muk|atk|1
|-heal|p1a: Sinistcha|100/100
|move|p2a: Muk|Knock Off|p1a: Sinistcha
|-supereffective|p1a: Sinistcha
|-damage|p1a: Sinistcha|67/100
|-damage|p2a: Muk|84/100|[from] item: Rocky Helmet|[of] p1a: Sinistcha
|-enditem|p1a: Sinistcha|Rocky Helmet|[from] move: Knock Off|[of] p2a: Muk
|
|-heal|p2a: Muk|90/100|[from] item: Leftovers
|upkeep
|turn|6
|
|t:|1779712446
|move|p1a: Sinistcha|Calm Mind|p1a: Sinistcha
|-boost|p1a: Sinistcha|spa|1
|-boost|p1a: Sinistcha|spd|1
|move|p2a: Muk|Poison Jab|p1a: Sinistcha
|-damage|p1a: Sinistcha|53/100
|-status|p1a: Sinistcha|psn
|
|-heal|p2a: Muk|96/100|[from] item: Leftovers
|-damage|p1a: Sinistcha|40/100 psn|[from] psn
|upkeep
|turn|7
|
|t:|1779712456
|switch|p2a: Porygon-Z|Porygon-Z|100/100
|-ability|p2a: Porygon-Z|Download|boost
|-boost|p2a: Porygon-Z|atk|1
|move|p1a: Sinistcha|Strength Sap|p2a: Porygon-Z
|-unboost|p2a: Porygon-Z|atk|1
|-heal|p1a: Sinistcha|100/100 psn
|
|-damage|p1a: Sinistcha|88/100 psn|[from] psn
|upkeep
|turn|8
|
|t:|1779712465
|move|p2a: Porygon-Z|Ice Beam|p1a: Sinistcha
|-supereffective|p1a: Sinistcha
|-damage|p1a: Sinistcha|44/100 psn
|move|p1a: Sinistcha|Matcha Gotcha|p2a: Porygon-Z
|-damage|p2a: Porygon-Z|10/100
|-heal|p1a: Sinistcha|84/100 psn|[from] drain|[of] p2a: Porygon-Z
|-status|p2a: Porygon-Z|brn
|
|-damage|p1a: Sinistcha|72/100 psn|[from] psn
|-damage|p2a: Porygon-Z|4/100 brn|[from] brn
|upkeep
|turn|9
|
|t:|1779712473
|-terastallize|p1a: Sinistcha|Water
|move|p2a: Porygon-Z|Ice Beam|p1a: Sinistcha
|-resisted|p1a: Sinistcha
|-damage|p1a: Sinistcha|61/100 psn
|move|p1a: Sinistcha|Calm Mind|p1a: Sinistcha
|-boost|p1a: Sinistcha|spa|1
|-boost|p1a: Sinistcha|spd|1
|
|-damage|p1a: Sinistcha|49/100 psn|[from] psn
|-damage|p2a: Porygon-Z|0 fnt|[from] brn
|faint|p2a: Porygon-Z
|upkeep
|
|t:|1779712479
|switch|p2a: Rotom|Rotom-Wash|100/100
|turn|10
|
|t:|1779712483
|move|p2a: Rotom|Volt Switch|p1a: Sinistcha
|-supereffective|p1a: Sinistcha
|-damage|p1a: Sinistcha|26/100 psn
|
|t:|1779712491
|switch|p2a: Magnezone|Magnezone|100/100|[from] Volt Switch
|move|p1a: Sinistcha|Matcha Gotcha|p2a: Magnezone
|-resisted|p2a: Magnezone
|-damage|p2a: Magnezone|50/100
|-heal|p1a: Sinistcha|46/100 psn|[from] drain|[of] p2a: Magnezone
|
|-damage|p1a: Sinistcha|34/100 psn|[from] psn
|upkeep
|turn|11
|
|t:|1779712501
|move|p2a: Magnezone|Volt Switch|p1a: Sinistcha
|-supereffective|p1a: Sinistcha
|-damage|p1a: Sinistcha|0 fnt
|faint|p1a: Sinistcha
|
|t:|1779712504
|switch|p2a: Rotom|Rotom-Wash|100/100|[from] Volt Switch
|
|upkeep
|
|t:|1779712513
|switch|p1a: Latios|Latios, M|100/100
|turn|12
|
|t:|1779712520
|-terastallize|p2a: Rotom|Steel
|move|p1a: Latios|Draco Meteor|p2a: Rotom
|-resisted|p2a: Rotom
|-damage|p2a: Rotom|50/100
|-unboost|p1a: Latios|spa|2
|move|p2a: Rotom|Pain Split|p1a: Latios
|-sethp|p1a: Latios|76/100|[from] move: Pain Split|[silent]
|-sethp|p2a: Rotom|75/100|[from] move: Pain Split
|
|-heal|p2a: Rotom|81/100|[from] item: Leftovers
|upkeep
|turn|13
|
|t:|1779712530
|switch|p1a: Arcanine|Arcanine-Hisui, F|100/100 par
|move|p2a: Rotom|Will-O-Wisp||[still]
|-fail|p2a: Rotom
|
|-heal|p2a: Rotom|87/100|[from] item: Leftovers
|upkeep
|turn|14
|
|t:|1779712546
|switch|p1a: Latios|Latios, M|76/100
|move|p2a: Rotom|Hydro Pump|p1a: Latios
|-resisted|p1a: Latios
|-damage|p1a: Latios|56/100
|
|-heal|p2a: Rotom|94/100|[from] item: Leftovers
|upkeep
|turn|15
|
|t:|1779712555
|move|p1a: Latios|Aura Sphere|p2a: Rotom
|-supereffective|p2a: Rotom
|-damage|p2a: Rotom|5/100
|move|p2a: Rotom|Pain Split|p1a: Latios
|-sethp|p1a: Latios|30/100|[from] move: Pain Split|[silent]
|-sethp|p2a: Rotom|30/100|[from] move: Pain Split
|
|-heal|p2a: Rotom|36/100|[from] item: Leftovers
|upkeep
|turn|16
|
|t:|1779712562
|switch|p2a: Muk|Muk-Alola, M|96/100
|move|p1a: Latios|Aura Sphere|p2a: Muk
|-damage|p2a: Muk|69/100
|
|-heal|p2a: Muk|75/100|[from] item: Leftovers
|upkeep
|turn|17
|
|t:|1779712567
|switch|p1a: Corviknight|Corviknight, M|100/100
|-ability|p1a: Corviknight|Pressure
|move|p2a: Muk|Poison Jab|p1a: Corviknight
|-immune|p1a: Corviknight
|
|-heal|p2a: Muk|81/100|[from] item: Leftovers
|upkeep
|turn|18
|
|t:|1779712570
|move|p1a: Corviknight|Bulk Up|p1a: Corviknight
|-boost|p1a: Corviknight|atk|1
|-boost|p1a: Corviknight|def|1
|move|p2a: Muk|Knock Off|p1a: Corviknight
|-damage|p1a: Corviknight|82/100
|-enditem|p1a: Corviknight|Leftovers|[from] move: Knock Off|[of] p2a: Muk
|
|-heal|p2a: Muk|87/100|[from] item: Leftovers
|upkeep
|turn|19
|
|t:|1779712573
|switch|p2a: Magnezone|Magnezone|50/100
|move|p1a: Corviknight|Bulk Up|p1a: Corviknight
|-boost|p1a: Corviknight|atk|1
|-boost|p1a: Corviknight|def|1
|
|upkeep
|turn|20
|
|t:|1779712575
|move|p2a: Magnezone|Volt Switch|p1a: Corviknight
|-supereffective|p1a: Corviknight
|-damage|p1a: Corviknight|0 fnt
|faint|p1a: Corviknight
|
|t:|1779712577
|switch|p2a: Rotom|Rotom-Wash, tera:Steel|36/100|[from] Volt Switch
|
|-heal|p2a: Rotom|43/100|[from] item: Leftovers
|upkeep
|
|t:|1779712580
|switch|p1a: Latios|Latios, M|30/100
|turn|21
|
|t:|1779712583
|switch|p2a: Muk|Muk-Alola, M|87/100
|move|p1a: Latios|Draco Meteor|p2a: Muk
|-damage|p2a: Muk|25/100
|-unboost|p1a: Latios|spa|2
|
|-heal|p2a: Muk|31/100|[from] item: Leftovers
|upkeep
|turn|22
|
|t:|1779712586
|move|p1a: Latios|Draco Meteor|p2a: Muk
|-damage|p2a: Muk|1/100
|-unboost|p1a: Latios|spa|2
|move|p2a: Muk|Knock Off|p1a: Latios
|-supereffective|p1a: Latios
|-damage|p1a: Latios|0 fnt
|-enditem|p1a: Latios|Choice Specs|[from] move: Knock Off|[of] p2a: Muk
|faint|p1a: Latios
|
|-heal|p2a: Muk|7/100|[from] item: Leftovers
|upkeep
|
|t:|1779712595
|switch|p1a: Great Tusk|Great Tusk|100/100
|turn|23
|
|t:|1779712597
|move|p1a: Great Tusk|Rapid Spin|p2a: Muk
|-damage|p2a: Muk|0 fnt
|-boost|p1a: Great Tusk|spe|1
|faint|p2a: Muk
|
|upkeep
|
|t:|1779712603
|switch|p2a: Rotom|Rotom-Wash, tera:Steel|43/100
|turn|24
|
|t:|1779712610
|-end|p1a: Great Tusk|Protosynthesis|[silent]
|switch|p1a: Primarina|Primarina, F|100/100
|move|p2a: Rotom|Hydro Pump|p1a: Primarina|[miss]
|-miss|p2a: Rotom|p1a: Primarina
|
|-heal|p2a: Rotom|49/100|[from] item: Leftovers
|upkeep
|turn|25
|
|t:|1779712616
|move|p2a: Rotom|Volt Switch|p1a: Primarina
|-supereffective|p1a: Primarina
|-damage|p1a: Primarina|75/100
|
|t:|1779712619
|switch|p2a: Magnezone|Magnezone|50/100|[from] Volt Switch
|move|p1a: Primarina|Psychic Noise|p2a: Magnezone
|-damage|p2a: Magnezone|0 fnt
|faint|p2a: Magnezone
|
|upkeep
|
|t:|1779712622
|switch|p2a: Metagross|Metagross|100/100
|turn|26
|
|t:|1779712625
|move|p2a: Metagross|Heavy Slam|p1a: Primarina
|-damage|p1a: Primarina|0 fnt
|faint|p1a: Primarina
|
|upkeep
|
|t:|1779712629
|switch|p1a: Great Tusk|Great Tusk|100/100
|turn|27
|
|t:|1779712633
|-end|p1a: Great Tusk|Protosynthesis|[silent]
|switch|p1a: Arcanine|Arcanine-Hisui, F|100/100 par
|move|p2a: Metagross|Psychic Fangs|p1a: Arcanine
|-damage|p1a: Arcanine|47/100 par
|
|upkeep
|turn|28
|
|t:|1779712641
|move|p2a: Metagross|Psychic Fangs|p1a: Arcanine
|-damage|p1a: Arcanine|0 fnt
|faint|p1a: Arcanine
|
|upkeep
|
|t:|1779712646
|switch|p1a: Great Tusk|Great Tusk|100/100
|turn|29
|
|t:|1779712649
|move|p1a: Great Tusk|Headlong Rush|p2a: Metagross
|-supereffective|p2a: Metagross
|-damage|p2a: Metagross|14/100
|-unboost|p1a: Great Tusk|def|1
|-unboost|p1a: Great Tusk|spd|1
|move|p2a: Metagross|Psychic Fangs|p1a: Great Tusk
|-supereffective|p1a: Great Tusk
|-damage|p1a: Great Tusk|0 fnt
|faint|p1a: Great Tusk
|-end|p1a: Great Tusk|Protosynthesis|[silent]
|
|win|Uiryamu
|raw|DishanMax's rating: 1359 &rarr; <strong>1336</strong><br />(-23 for losing)
|raw|Uiryamu's rating: 1313 &rarr; <strong>1336</strong><br />(+23 for winning)
|l|☆DishanMax
|player|p1|
|c|☆Uiryamu|Gg
|l|☆Uiryamu
|player|p2|
