|j|☆CantFindExplain
|j|☆Mlbebek
|t:|1779681960
|gametype|singles
|player|p1|CantFindExplain|102|1312
|player|p2|Mlbebek|depotagent|1291
|gen|9
|tier|[Gen 9] OU
|rated|
|rule|HP Percentage Mod: HP is shown in percentages
|rule|Endless Battle Clause: Forcing endless battles is banned
|rule|Species Clause: Limit one of each Pokémon
|rule|OHKO Clause: OHKO moves are banned
|rule|Evasion Items Clause: Evasion items are banned
|rule|Evasion Moves Clause: Evasion moves are banned
|rule|Evasion Abilities Clause: Evasion abilities are banned
|rule|Sleep Moves Clause: Sleep-inducing moves are banned
|clearpoke
|poke|p1|Dragapult, F|
|poke|p1|Garganacl, F|
|poke|p1|Ogerpon-Wellspring, F|
|poke|p1|Zamazenta-*|
|poke|p1|Zapdos|
|poke|p1|Iron Treads|
|poke|p2|Walking Wake|
|poke|p2|Overqwil, F|
|poke|p2|Basculegion, M|
|poke|p2|Goodra-Hisui, M|
|poke|p2|Pelipper, M|
|poke|p2|Iron Valiant|
|teampreview
|
|t:|1779681978
|teamsize|p1|6
|teamsize|p2|6
|start
|switch|p1a: Dragapult|Dragapult, F|100/100
|switch|p2a: Overqwil|Overqwil, F|100/100
|turn|1
|
|t:|1779681989
|move|p1a: Dragapult|Draco Meteor|p2a: Overqwil
|-damage|p2a: Overqwil|0 fnt
|-unboost|p1a: Dragapult|spa|2
|faint|p2a: Overqwil
|
|upkeep
|inactive|Battle timer is ON: inactive players will automatically lose when time's up. (requested by CantFindExplain)
|
|t:|1779681994
|switch|p2a: Pelipper|Pelipper, M|100/100
|-weather|RainDance|[from] ability: Drizzle|[of] p2a: Pelipper
|turn|2
|
|t:|1779682020
|switch|p1a: Garganacl|Garganacl, F|100/100
|move|p2a: Pelipper|U-turn|p1a: Garganacl
|-damage|p1a: Garganacl|95/100
|
|t:|1779682025
|switch|p2a: Walking Wake|Walking Wake|100/100|[from] U-turn
|
|-weather|RainDance|[upkeep]
|-heal|p1a: Garganacl|100/100|[from] item: Leftovers
|upkeep
|turn|3
|inactive|CantFindExplain has 120 seconds left.
|
|t:|1779682062
|-terastallize|p1a: Garganacl|Fairy
|move|p2a: Walking Wake|Hydro Steam|p1a: Garganacl
|-damage|p1a: Garganacl|59/100
|move|p1a: Garganacl|Salt Cure|p2a: Walking Wake
|-damage|p2a: Walking Wake|84/100
|-start|p2a: Walking Wake|Salt Cure
|
|-weather|RainDance|[upkeep]
|-heal|p1a: Garganacl|65/100|[from] item: Leftovers
|-damage|p2a: Walking Wake|59/100|[from] Salt Cure
|upkeep
|turn|4
|
|t:|1779682067
|move|p2a: Walking Wake|Flip Turn|p1a: Garganacl
|-damage|p1a: Garganacl|49/100
|
|t:|1779682072
|-end|p2a: Walking Wake|Protosynthesis|[silent]
|switch|p2a: Basculegion|Basculegion, M|100/100|[from] Flip Turn
|move|p1a: Garganacl|Recover|p1a: Garganacl
|-heal|p1a: Garganacl|99/100
|
|-weather|RainDance|[upkeep]
|-heal|p1a: Garganacl|100/100|[from] item: Leftovers
|upkeep
|turn|5
|inactive|CantFindExplain has 120 seconds left.
|
|t:|1779682080
|switch|p1a: Ogerpon|Ogerpon-Wellspring, F|100/100
|move|p2a: Basculegion|Wave Crash|p1a: Ogerpon
|-immune|p1a: Ogerpon|[from] ability: Water Absorb
|
|-weather|RainDance|[upkeep]
|upkeep
|turn|6
|inactive|CantFindExplain has 120 seconds left.
|
|t:|1779682101
|switch|p2a: Goodra|Goodra-Hisui, M|100/100
|switch|p1a: Garganacl|Garganacl, F, tera:Fairy|100/100
|
|-weather|RainDance|[upkeep]
|upkeep
|turn|7
|
|t:|1779682114
|switch|p1a: Iron Treads|Iron Treads|100/100
|move|p2a: Goodra|Knock Off|p1a: Iron Treads
|-damage|p1a: Iron Treads|82/100
|-enditem|p1a: Iron Treads|Leftovers|[from] move: Knock Off|[of] p2a: Goodra
|
|-weather|RainDance|[upkeep]
|upkeep
|turn|8
|
|t:|1779682117
|move|p1a: Iron Treads|Stealth Rock|p2a: Goodra
|-sidestart|p2: Mlbebek|move: Stealth Rock
|move|p2a: Goodra|Earthquake|p1a: Iron Treads
|-supereffective|p1a: Iron Treads
|-damage|p1a: Iron Treads|46/100
|
|-weather|RainDance|[upkeep]
|upkeep
|turn|9
|
|t:|1779682123
|switch|p2a: Basculegion|Basculegion, M|100/100
|-damage|p2a: Basculegion|88/100|[from] Stealth Rock
|move|p1a: Iron Treads|Earthquake|p2a: Basculegion
|-damage|p2a: Basculegion|40/100
|
|-weather|none
|upkeep
|turn|10
|inactive|CantFindExplain has 120 seconds left.
|
|t:|1779682149
|-end|p1a: Iron Treads|Quark Drive|[silent]
|switch|p1a: Ogerpon|Ogerpon-Wellspring, F|100/100
|move|p2a: Basculegion|Wave Crash|p1a: Ogerpon
|-immune|p1a: Ogerpon|[from] ability: Water Absorb
|
|upkeep
|turn|11
|-message|Mlbebek forfeited.
|
|win|CantFindExplain
|raw|CantFindExplain's rating: 1312 &rarr; <strong>1331</strong><br />(+19 for winning)
|raw|Mlbebek's rating: 1291 &rarr; <strong>1268</strong><br />(-23 for losing)
|l|☆Mlbebek
|player|p2|
|l|☆CantFindExplain
|player|p1|
