|j|☆Iker69420
|j|☆KOSEKlBIJOU
|t:|1779694642
|gametype|singles
|player|p1|Iker69420|170|1281
|player|p2|KOSEKlBIJOU|red|1261
|gen|9
|tier|[Gen 9] OU
|rated|
|rule|HP Percentage Mod: HP is shown in percentages
|rule|Endless Battle Clause: Forcing endless battles is banned
|rule|Species Clause: Limit one of each Pokémon
|rule|OHKO Clause: OHKO moves are banned
|rule|Evasion Items Clause: Evasion items are banned
|rule|Evasion Moves Clause: Evasion moves are banned
|rule|Evasion Abilities Clause: Evasion abilities are banned
|rule|Sleep Moves Clause: Sleep-inducing moves are banned
|clearpoke
|poke|p1|Torkoal, F|
|poke|p1|Walking Wake|
|poke|p1|Great Tusk|
|poke|p1|Ceruledge, M|
|poke|p1|Dragapult, M|
|poke|p1|Raging Bolt|
|poke|p2|Ribombee, F|
|poke|p2|Meloetta|
|poke|p2|Gholdengo|
|poke|p2|Great Tusk|
|poke|p2|Kingambit, F|
|poke|p2|Raging Bolt|
|teampreview
|l|☆KOSEKlBIJOU
|player|p2|
|inactive|Battle timer is ON: inactive players will automatically lose when time's up. (requested by Iker69420)
|inactive|KOSEKlBIJOU has 30 seconds to reconnect!
|j|☆KOSEKlBIJOU
|inactive|KOSEKlBIJOU reconnected and has 120 seconds left.
|player|p2|KOSEKlBIJOU|red|
|
|t:|1779694688
|teamsize|p1|6
|teamsize|p2|6
|start
|switch|p1a: Dragapult|Dragapult, M|100/100
|switch|p2a: Ribombee|Ribombee, F|100/100
|turn|1
|
|t:|1779694696
|move|p1a: Dragapult|Flamethrower|p2a: Ribombee
|-supereffective|p2a: Ribombee
|-damage|p2a: Ribombee|14/100
|move|p2a: Ribombee|Moonblast|p1a: Dragapult
|-supereffective|p1a: Dragapult
|-damage|p1a: Dragapult|0 fnt
|faint|p1a: Dragapult
|
|upkeep
|
|t:|1779694711
|switch|p1a: Great Tusk|Great Tusk|100/100
|turn|2
|
|t:|1779694715
|-terastallize|p1a: Great Tusk|Fire
|move|p2a: Ribombee|Moonblast|p1a: Great Tusk
|-resisted|p1a: Great Tusk
|-damage|p1a: Great Tusk|83/100
|move|p1a: Great Tusk|Rapid Spin|p2a: Ribombee
|-damage|p2a: Ribombee|0 fnt
|-boost|p1a: Great Tusk|spe|1
|faint|p2a: Ribombee
|
|upkeep
|
|t:|1779694722
|switch|p2a: Great Tusk|Great Tusk|100/100
|turn|3
|
|t:|1779694728
|-end|p1a: Great Tusk|Protosynthesis|[silent]
|switch|p1a: Raging Bolt|Raging Bolt|100/100
|-item|p1a: Raging Bolt|Air Balloon
|move|p2a: Great Tusk|Earthquake|p1a: Raging Bolt
|-immune|p1a: Raging Bolt
|
|upkeep
|turn|4
|
|t:|1779694744
|move|p2a: Great Tusk|Knock Off|p1a: Raging Bolt
|-damage|p1a: Raging Bolt|72/100
|-enditem|p1a: Raging Bolt|Air Balloon
|move|p1a: Raging Bolt|Draco Meteor|p2a: Great Tusk|[miss]
|-miss|p1a: Raging Bolt|p2a: Great Tusk
|
|upkeep
|turn|5
|
|t:|1779694753
|move|p2a: Great Tusk|Earthquake|p1a: Raging Bolt
|-supereffective|p1a: Raging Bolt
|-damage|p1a: Raging Bolt|0 fnt
|faint|p1a: Raging Bolt
|-end|p1a: Raging Bolt|Protosynthesis|[silent]
|
|upkeep
|
|t:|1779694757
|switch|p1a: Torkoal|Torkoal, F|100/100
|-weather|SunnyDay|[from] ability: Drought|[of] p1a: Torkoal
|-activate|p2a: Great Tusk|ability: Protosynthesis
|-start|p2a: Great Tusk|protosynthesisatk
|turn|6
|c|☆Iker69420|Nice bail
|
|t:|1779694769
|move|p2a: Great Tusk|Earthquake|p1a: Torkoal
|-supereffective|p1a: Torkoal
|-damage|p1a: Torkoal|15/100
|move|p1a: Torkoal|Stealth Rock|p2a: Great Tusk
|-sidestart|p2: KOSEKlBIJOU|move: Stealth Rock
|
|-weather|SunnyDay|[upkeep]
|upkeep
|turn|7
|
|t:|1779694777
|move|p2a: Great Tusk|Earthquake|p1a: Torkoal
|-supereffective|p1a: Torkoal
|-damage|p1a: Torkoal|0 fnt
|faint|p1a: Torkoal
|
|-weather|SunnyDay|[upkeep]
|upkeep
|
|t:|1779694779
|switch|p1a: Walking Wake|Walking Wake|100/100
|-activate|p1a: Walking Wake|ability: Protosynthesis
|-start|p1a: Walking Wake|protosynthesisspe
|turn|8
|
|t:|1779694788
|-terastallize|p2a: Great Tusk|Water
|move|p1a: Walking Wake|Hydro Steam|p2a: Great Tusk
|-resisted|p2a: Great Tusk
|-damage|p2a: Great Tusk|27/100
|move|p2a: Great Tusk|Rapid Spin|p1a: Walking Wake
|-damage|p1a: Walking Wake|75/100
|-boost|p2a: Great Tusk|spe|1
|-sideend|p2: KOSEKlBIJOU|Stealth Rock|[from] move: Rapid Spin|[of] p2a: Great Tusk
|
|-weather|SunnyDay|[upkeep]
|-heal|p2a: Great Tusk|33/100|[from] item: Leftovers
|upkeep
|turn|9
|
|t:|1779694794
|move|p1a: Walking Wake|Hydro Steam|p2a: Great Tusk
|-resisted|p2a: Great Tusk
|-damage|p2a: Great Tusk|0 fnt
|faint|p2a: Great Tusk
|-end|p2a: Great Tusk|Protosynthesis|[silent]
|
|-weather|SunnyDay|[upkeep]
|upkeep
|
|t:|1779694799
|switch|p2a: Raging Bolt|Raging Bolt|100/100
|-activate|p2a: Raging Bolt|ability: Protosynthesis
|-start|p2a: Raging Bolt|protosynthesisspa
|turn|10
|
|t:|1779694802
|-end|p1a: Walking Wake|Protosynthesis|[silent]
|switch|p1a: Great Tusk|Great Tusk, tera:Fire|83/100
|-activate|p1a: Great Tusk|ability: Protosynthesis
|-start|p1a: Great Tusk|protosynthesisatk
|move|p2a: Raging Bolt|Dragon Pulse|p1a: Great Tusk
|-damage|p1a: Great Tusk|20/100
|
|-weather|SunnyDay|[upkeep]
|upkeep
|turn|11
|
|t:|1779694812
|move|p1a: Great Tusk|Headlong Rush|p2a: Raging Bolt
|-supereffective|p2a: Raging Bolt
|-damage|p2a: Raging Bolt|0 fnt
|-unboost|p1a: Great Tusk|def|1
|-unboost|p1a: Great Tusk|spd|1
|faint|p2a: Raging Bolt
|-end|p2a: Raging Bolt|Protosynthesis|[silent]
|
|-weather|SunnyDay|[upkeep]
|upkeep
|
|t:|1779694817
|switch|p2a: Kingambit|Kingambit, F|100/100
|-activate|p2a: Kingambit|ability: Supreme Overlord
|-start|p2a: Kingambit|fallen3|[silent]
|turn|12
|
|t:|1779694833
|move|p1a: Great Tusk|Headlong Rush|p2a: Kingambit
|-supereffective|p2a: Kingambit
|-damage|p2a: Kingambit|0 fnt
|-unboost|p1a: Great Tusk|def|1
|-unboost|p1a: Great Tusk|spd|1
|faint|p2a: Kingambit
|-end|p2a: Kingambit|fallen3|[silent]
|
|-weather|SunnyDay|[upkeep]
|upkeep
|
|t:|1779694837
|switch|p2a: Gholdengo|Gholdengo|100/100
|-item|p2a: Gholdengo|Air Balloon
|turn|13
|
|t:|1779694845
|move|p2a: Gholdengo|Nasty Plot|p2a: Gholdengo
|-boost|p2a: Gholdengo|spa|2
|move|p1a: Great Tusk|Knock Off|p2a: Gholdengo
|-supereffective|p2a: Gholdengo
|-damage|p2a: Gholdengo|0 fnt
|-enditem|p2a: Gholdengo|Air Balloon
|faint|p2a: Gholdengo
|
|-weather|none
|-end|p1a: Great Tusk|Protosynthesis
|upkeep
|-message|KOSEKlBIJOU forfeited.
|
|win|Iker69420
|raw|Iker69420's rating: 1281 &rarr; <strong>1305</strong><br />(+24 for winning)
|raw|KOSEKlBIJOU's rating: 1261 &rarr; <strong>1237</strong><br />(-24 for losing)
|l|☆KOSEKlBIJOU
|player|p2|
|c|☆Iker69420|Foh ur so easy
