|j|☆jkschxkuas\gbdha
|j|☆YunMian250
|t:|1779577054
|gametype|singles
|player|p1|jkschxkuas\gbdha|102|1083
|player|p2|YunMian250|170|1126
|gen|9
|tier|[Gen 9] OU
|rated|
|rule|HP Percentage Mod: HP is shown in percentages
|rule|Endless Battle Clause: Forcing endless battles is banned
|rule|Species Clause: Limit one of each Pokémon
|rule|OHKO Clause: OHKO moves are banned
|rule|Evasion Items Clause: Evasion items are banned
|rule|Evasion Moves Clause: Evasion moves are banned
|rule|Evasion Abilities Clause: Evasion abilities are banned
|rule|Sleep Moves Clause: Sleep-inducing moves are banned
|clearpoke
|poke|p1|Chansey, F|
|poke|p1|Scyther, M|
|poke|p1|Gligar, M|
|poke|p1|Porygon|
|poke|p1|Zamazenta-*|
|poke|p1|Hoopa|
|poke|p2|Lokix, F|
|poke|p2|Scizor, M|
|poke|p2|Yanmega, M|
|poke|p2|Kleavor, M|
|poke|p2|Ribombee, F|
|poke|p2|Iron Thorns|
|teampreview
|inactive|Battle timer is ON: inactive players will automatically lose when time's up. (requested by YunMian250)
|
|t:|1779577066
|teamsize|p1|6
|teamsize|p2|6
|start
|switch|p1a: Zamazenta|Zamazenta|100/100
|switch|p2a: Kleavor|Kleavor, M|100/100
|-ability|p1a: Zamazenta|Dauntless Shield|boost
|-boost|p1a: Zamazenta|def|1
|turn|1
|
|t:|1779577076
|switch|p2a: Yanmega|Yanmega, M|100/100
|-terastallize|p1a: Zamazenta|Fighting
|move|p1a: Zamazenta|Body Press|p2a: Yanmega
|-resisted|p2a: Yanmega
|-damage|p2a: Yanmega|69/100
|-damage|p1a: Zamazenta|91/100|[from] item: Life Orb
|
|upkeep
|turn|2
|
|t:|1779577089
|switch|p1a: Gligar|Gligar, M|100/100
|move|p2a: Yanmega|Air Slash|p1a: Gligar
|-damage|p1a: Gligar|27/100
|
|-heal|p1a: Gligar|33/100|[from] item: Leftovers
|upkeep
|turn|3
|
|t:|1779577097
|move|p1a: Gligar|Protect|p1a: Gligar
|-singleturn|p1a: Gligar|Protect
|move|p2a: Yanmega|Air Slash|p1a: Gligar
|-activate|p1a: Gligar|move: Protect
|
|-heal|p1a: Gligar|39/100|[from] item: Leftovers
|upkeep
|turn|4
|
|t:|1779577106
|move|p2a: Yanmega|Air Slash|p1a: Gligar
|-damage|p1a: Gligar|0 fnt
|faint|p1a: Gligar
|
|upkeep
|
|t:|1779577120
|switch|p1a: Porygon|Porygon|100/100
|turn|5
|
|t:|1779577129
|move|p2a: Yanmega|Air Slash|p1a: Porygon
|-damage|p1a: Porygon|41/100
|move|p1a: Porygon|Trick|p2a: Yanmega
|-activate|p1a: Porygon|move: Trick|[of] p2a: Yanmega
|-item|p2a: Yanmega|Toxic Orb|[from] move: Trick
|-item|p1a: Porygon|Choice Specs|[from] move: Trick
|
|-status|p2a: Yanmega|tox|[from] item: Toxic Orb
|upkeep
|turn|6
|
|t:|1779577138
|move|p1a: Porygon|Protect|p1a: Porygon
|-singleturn|p1a: Porygon|Protect
|move|p2a: Yanmega|Giga Drain|p1a: Porygon
|-activate|p1a: Porygon|move: Protect
|
|-damage|p2a: Yanmega|62/100 tox|[from] psn
|upkeep
|turn|7
|
|t:|1779577161
|switch|p1a: Hoopa|Hoopa|100/100
|move|p2a: Yanmega|Bug Buzz|p1a: Hoopa
|-damage|p1a: Hoopa|59/100
|
|-heal|p1a: Hoopa|65/100|[from] item: Leftovers
|-damage|p2a: Yanmega|50/100 tox|[from] psn
|upkeep
|turn|8
|
|t:|1779577175
|move|p2a: Yanmega|Bug Buzz|p1a: Hoopa
|-damage|p1a: Hoopa|23/100
|move|p1a: Hoopa|Thunderbolt|p2a: Yanmega
|-supereffective|p2a: Yanmega
|-damage|p2a: Yanmega|0 fnt
|faint|p2a: Yanmega
|
|-heal|p1a: Hoopa|29/100|[from] item: Leftovers
|upkeep
|
|t:|1779577187
|switch|p2a: Scizor|Scizor, M|100/100
|turn|9
|
|t:|1779577199
|move|p1a: Hoopa|Shadow Ball|p2a: Scizor
|-damage|p2a: Scizor|43/100
|move|p2a: Scizor|Bug Bite|p1a: Hoopa
|-damage|p1a: Hoopa|0 fnt
|faint|p1a: Hoopa
|
|-heal|p2a: Scizor|49/100|[from] item: Leftovers
|upkeep
|
|t:|1779577209
|switch|p1a: Zamazenta|Zamazenta, tera:Fighting|91/100
|turn|10
|
|t:|1779577217
|move|p2a: Scizor|Bullet Punch|p1a: Zamazenta
|-damage|p1a: Zamazenta|67/100
|move|p1a: Zamazenta|Iron Defense|p1a: Zamazenta
|-boost|p1a: Zamazenta|def|2
|
|-heal|p2a: Scizor|56/100|[from] item: Leftovers
|upkeep
|turn|11
|
|t:|1779577237
|move|p1a: Zamazenta|Body Press|p2a: Scizor
|-damage|p2a: Scizor|0 fnt
|faint|p2a: Scizor
|-damage|p1a: Zamazenta|58/100|[from] item: Life Orb
|
|upkeep
|
|t:|1779577244
|switch|p2a: Ribombee|Ribombee, F|100/100
|turn|12
|
|t:|1779577252
|switch|p1a: Chansey|Chansey, F|100/100
|move|p2a: Ribombee|Moonblast|p1a: Chansey
|-damage|p1a: Chansey|80/100
|-unboost|p1a: Chansey|spa|1
|
|-heal|p1a: Chansey|87/100|[from] item: Leftovers
|upkeep
|turn|13
|
|t:|1779577268
|switch|p2a: Lokix|Lokix, F|100/100
|move|p1a: Chansey|Thunder Wave|p2a: Lokix
|-status|p2a: Lokix|par
|
|-heal|p1a: Chansey|93/100|[from] item: Leftovers
|upkeep
|turn|14
|
|t:|1779577278
|move|p1a: Chansey|Protect|p1a: Chansey
|-singleturn|p1a: Chansey|Protect
|cant|p2a: Lokix|par
|
|-heal|p1a: Chansey|99/100|[from] item: Leftovers
|upkeep
|turn|15
|
|t:|1779577289
|switch|p2a: Iron Thorns|Iron Thorns|100/100
|switch|p1a: Scyther|Scyther, M|100/100
|
|upkeep
|turn|16
|
|t:|1779577300
|move|p1a: Scyther|Close Combat|p2a: Iron Thorns
|-supereffective|p2a: Iron Thorns
|-damage|p2a: Iron Thorns|9/100
|-unboost|p1a: Scyther|def|1
|-unboost|p1a: Scyther|spd|1
|-damage|p1a: Scyther|91/100|[from] item: Life Orb
|move|p2a: Iron Thorns|Dragon Dance|p2a: Iron Thorns
|-boost|p2a: Iron Thorns|atk|1
|-boost|p2a: Iron Thorns|spe|1
|
|upkeep
|turn|17
|
|t:|1779577319
|move|p2a: Iron Thorns|Rock Blast|p1a: Scyther
|-supereffective|p1a: Scyther
|-damage|p1a: Scyther|0 fnt
|faint|p1a: Scyther
|-hitcount|p1: Scyther|1
|
|upkeep
|
|t:|1779577328
|switch|p1a: Zamazenta|Zamazenta, tera:Fighting|58/100
|turn|18
|
|t:|1779577337
|move|p1a: Zamazenta|Body Press|p2a: Iron Thorns
|-supereffective|p2a: Iron Thorns
|-damage|p2a: Iron Thorns|0 fnt
|faint|p2a: Iron Thorns
|-end|p2a: Iron Thorns|Quark Drive|[silent]
|-damage|p1a: Zamazenta|48/100|[from] item: Life Orb
|
|upkeep
|
|t:|1779577344
|switch|p2a: Ribombee|Ribombee, F|100/100
|turn|19
|
|t:|1779577348
|switch|p1a: Chansey|Chansey, F|99/100
|move|p2a: Ribombee|Moonblast|p1a: Chansey
|-damage|p1a: Chansey|82/100
|-unboost|p1a: Chansey|spa|1
|
|-heal|p1a: Chansey|88/100|[from] item: Leftovers
|upkeep
|turn|20
|
|t:|1779577361
|switch|p2a: Kleavor|Kleavor, M|100/100
|move|p1a: Chansey|Seismic Toss|p2a: Kleavor
|-damage|p2a: Kleavor|65/100
|
|-heal|p1a: Chansey|94/100|[from] item: Leftovers
|upkeep
|turn|21
|
|t:|1779577371
|move|p1a: Chansey|Protect|p1a: Chansey
|-singleturn|p1a: Chansey|Protect
|move|p2a: Kleavor|Stone Axe|p1a: Chansey
|-activate|p1a: Chansey|move: Protect
|
|-heal|p1a: Chansey|100/100|[from] item: Leftovers
|upkeep
|turn|22
|
|t:|1779577390
|move|p2a: Kleavor|Stone Axe|p1a: Chansey|[miss]
|-miss|p2a: Kleavor|p1a: Chansey
|move|p1a: Chansey|Thunder Wave|p2a: Kleavor
|-status|p2a: Kleavor|par
|
|upkeep
|turn|23
|
|t:|1779577401
|cant|p2a: Kleavor|par
|move|p1a: Chansey|Seismic Toss|p2a: Kleavor
|-damage|p2a: Kleavor|29/100 par
|
|upkeep
|turn|24
|
|t:|1779577409
|move|p2a: Kleavor|Stone Axe|p1a: Chansey
|-damage|p1a: Chansey|50/100
|-sidestart|p1: jkschxkuas\gbdha|move: Stealth Rock
|move|p1a: Chansey|Seismic Toss|p2a: Kleavor
|-damage|p2a: Kleavor|0 fnt
|faint|p2a: Kleavor
|
|-heal|p1a: Chansey|56/100|[from] item: Leftovers
|upkeep
|
|t:|1779577419
|switch|p2a: Lokix|Lokix, F|100/100 par
|turn|25
|
|t:|1779577423
|move|p1a: Chansey|Protect|p1a: Chansey
|-singleturn|p1a: Chansey|Protect
|cant|p2a: Lokix|par
|
|-heal|p1a: Chansey|63/100|[from] item: Leftovers
|upkeep
|turn|26
|
|t:|1779577432
|switch|p1a: Porygon|Porygon|41/100
|-damage|p1a: Porygon|29/100|[from] Stealth Rock
|cant|p2a: Lokix|par
|
|upkeep
|turn|27
|
|t:|1779577439
|move|p1a: Porygon|Protect|p1a: Porygon
|-singleturn|p1a: Porygon|Protect
|cant|p2a: Lokix|par
|
|upkeep
|turn|28
|
|t:|1779577450
|move|p1a: Porygon|Protect||[still]
|-fail|p1a: Porygon
|move|p2a: Lokix|Knock Off|p1a: Porygon
|-crit|p1a: Porygon
|-damage|p1a: Porygon|0 fnt
|-enditem|p1a: Porygon|Choice Specs|[from] move: Knock Off|[of] p2a: Lokix
|faint|p1a: Porygon
|
|upkeep
|
|t:|1779577456
|switch|p1a: Zamazenta|Zamazenta, tera:Fighting|48/100
|-damage|p1a: Zamazenta|42/100|[from] Stealth Rock
|turn|29
|
|t:|1779577474
|-terastallize|p2a: Lokix|Bug
|move|p1a: Zamazenta|Body Press|p2a: Lokix
|-resisted|p2a: Lokix
|-damage|p2a: Lokix|44/100 par
|-damage|p1a: Zamazenta|32/100|[from] item: Life Orb
|move|p2a: Lokix|Knock Off|p1a: Zamazenta
|-resisted|p1a: Zamazenta
|-damage|p1a: Zamazenta|0 fnt
|-enditem|p1a: Zamazenta|Life Orb|[from] move: Knock Off|[of] p2a: Lokix
|faint|p1a: Zamazenta
|
|upkeep
|
|t:|1779577484
|switch|p1a: Chansey|Chansey, F|63/100
|-damage|p1a: Chansey|50/100|[from] Stealth Rock
|turn|30
|
|t:|1779577490
|move|p1a: Chansey|Protect|p1a: Chansey
|-singleturn|p1a: Chansey|Protect
|cant|p2a: Lokix|par
|
|-heal|p1a: Chansey|56/100|[from] item: Leftovers
|upkeep
|turn|31
|
|t:|1779577500
|cant|p2a: Lokix|par
|move|p1a: Chansey|Soft-Boiled|p1a: Chansey
|-heal|p1a: Chansey|100/100
|
|upkeep
|turn|32
|
|t:|1779577506
|cant|p2a: Lokix|par
|move|p1a: Chansey|Seismic Toss|p2a: Lokix
|-damage|p2a: Lokix|9/100 par
|
|upkeep
|turn|33
|
|t:|1779577513
|move|p2a: Lokix|Knock Off|p1a: Chansey
|-damage|p1a: Chansey|43/100
|-enditem|p1a: Chansey|Leftovers|[from] move: Knock Off|[of] p2a: Lokix
|move|p1a: Chansey|Seismic Toss|p2a: Lokix
|-damage|p2a: Lokix|0 fnt
|faint|p2a: Lokix
|
|upkeep
|
|t:|1779577522
|switch|p2a: Ribombee|Ribombee, F|100/100
|turn|34
|
|t:|1779577540
|move|p2a: Ribombee|Moonblast|p1a: Chansey
|-damage|p1a: Chansey|26/100
|move|p1a: Chansey|Soft-Boiled|p1a: Chansey
|-heal|p1a: Chansey|76/100
|
|upkeep
|turn|35
|
|t:|1779577547
|move|p2a: Ribombee|Stun Spore|p1a: Chansey
|-status|p1a: Chansey|par
|move|p1a: Chansey|Thunder Wave|p2a: Ribombee
|-status|p2a: Ribombee|par
|
|upkeep
|turn|36
|
|t:|1779577560
|move|p2a: Ribombee|Bug Buzz|p1a: Chansey
|-damage|p1a: Chansey|59/100 par
|move|p1a: Chansey|Seismic Toss|p2a: Ribombee
|-damage|p2a: Ribombee|62/100 par
|
|upkeep
|turn|37
|
|t:|1779577569
|move|p2a: Ribombee|Bug Buzz|p1a: Chansey
|-damage|p1a: Chansey|43/100 par
|move|p1a: Chansey|Soft-Boiled|p1a: Chansey
|-heal|p1a: Chansey|93/100 par
|
|upkeep
|turn|38
|
|t:|1779577576
|move|p2a: Ribombee|Bug Buzz|p1a: Chansey
|-damage|p1a: Chansey|76/100 par
|move|p1a: Chansey|Seismic Toss|p2a: Ribombee
|-damage|p2a: Ribombee|24/100 par
|
|upkeep
|turn|39
|-message|YunMian250 forfeited.
|
|win|jkschxkuas\gbdha
|raw|jkschxkuas\gbdha's rating: 1083 &rarr; <strong>1114</strong><br />(+31 for winning)
|raw|YunMian250's rating: 1126 &rarr; <strong>1098</strong><br />(-28 for losing)
|l|☆YunMian250
|player|p2|
|l|☆jkschxkuas\gbdha
|player|p1|
