|j|☆datesarehealthy
|j|☆habeeeeb
|t:|1779589804
|gametype|singles
|player|p1|datesarehealthy|pokefan|1166
|player|p2|habeeeeb|102|1189
|gen|9
|tier|[Gen 9] OU
|rated|
|rule|HP Percentage Mod: HP is shown in percentages
|rule|Endless Battle Clause: Forcing endless battles is banned
|rule|Species Clause: Limit one of each Pokémon
|rule|OHKO Clause: OHKO moves are banned
|rule|Evasion Items Clause: Evasion items are banned
|rule|Evasion Moves Clause: Evasion moves are banned
|rule|Evasion Abilities Clause: Evasion abilities are banned
|rule|Sleep Moves Clause: Sleep-inducing moves are banned
|clearpoke
|poke|p1|Pecharunt|
|poke|p1|Slowking-Galar, M|
|poke|p1|Swalot, M|
|poke|p1|Skuntank, F|
|poke|p1|Gengar, M|
|poke|p1|Gliscor, M|
|poke|p2|Cinderace, M|
|poke|p2|Alomomola, F|
|poke|p2|Regieleki|
|poke|p2|Kingambit, M|
|poke|p2|Iron Valiant|
|poke|p2|Slowking-Galar, F|
|teampreview
|inactive|Battle timer is ON: inactive players will automatically lose when time's up. (requested by habeeeeb)
|inactive|habeeeeb has 120 seconds left.
|
|t:|1779589837
|teamsize|p1|6
|teamsize|p2|6
|start
|switch|p1a: Gliscor|Gliscor, M|100/100
|switch|p2a: Alomomola|Alomomola, F, shiny|100/100
|turn|1
|
|t:|1779589844
|move|p1a: Gliscor|Protect|p1a: Gliscor
|-singleturn|p1a: Gliscor|Protect
|move|p2a: Alomomola|Flip Turn|p1a: Gliscor
|-activate|p1a: Gliscor|move: Protect
|
|-status|p1a: Gliscor|tox|[from] item: Toxic Orb
|upkeep
|turn|2
|
|t:|1779589851
|move|p1a: Gliscor|Swords Dance|p1a: Gliscor
|-boost|p1a: Gliscor|atk|2
|move|p2a: Alomomola|Flip Turn|p1a: Gliscor
|-supereffective|p1a: Gliscor
|-damage|p1a: Gliscor|77/100 tox
|
|t:|1779589864
|switch|p2a: Iron Valiant|Iron Valiant|100/100|[from] Flip Turn
|
|-heal|p1a: Gliscor|89/100 tox|[from] ability: Poison Heal
|upkeep
|turn|3
|
|t:|1779589872
|move|p2a: Iron Valiant|Moonblast|p1a: Gliscor
|-damage|p1a: Gliscor|43/100 tox
|-damage|p2a: Iron Valiant|91/100|[from] item: Life Orb
|move|p1a: Gliscor|Earthquake|p2a: Iron Valiant
|-damage|p2a: Iron Valiant|0 fnt
|faint|p2a: Iron Valiant
|-end|p2a: Iron Valiant|Quark Drive|[silent]
|
|-heal|p1a: Gliscor|55/100 tox|[from] ability: Poison Heal
|upkeep
|
|t:|1779589882
|switch|p2a: Slowking|Slowking-Galar, F|100/100
|turn|4
|
|t:|1779589885
|move|p1a: Gliscor|Protect|p1a: Gliscor
|-singleturn|p1a: Gliscor|Protect
|move|p2a: Slowking|Ice Beam|p1a: Gliscor
|-activate|p1a: Gliscor|move: Protect
|
|-heal|p1a: Gliscor|67/100 tox|[from] ability: Poison Heal
|upkeep
|turn|5
|inactive|datesarehealthy has 120 seconds left.
|
|t:|1779589930
|switch|p1a: Swalot|Swalot, M|100/100
|move|p2a: Slowking|Ice Beam|p1a: Swalot
|-damage|p1a: Swalot|80/100
|
|upkeep
|turn|6
|
|t:|1779589957
|move|p1a: Swalot|Knock Off|p2a: Slowking
|-supereffective|p2a: Slowking
|-damage|p2a: Slowking|65/100
|-enditem|p2a: Slowking|Heavy-Duty Boots|[from] move: Knock Off|[of] p1a: Swalot
|move|p2a: Slowking|Future Sight|p1a: Swalot
|-start|p2a: Slowking|move: Future Sight
|
|upkeep
|turn|7
|inactive|datesarehealthy has 120 seconds left.
|
|t:|1779589963
|move|p1a: Swalot|Toxic Spikes|p2a: Slowking
|-sidestart|p2: habeeeeb|move: Toxic Spikes
|-prepare|p2a: Slowking|Chilly Reception|[premajor]
|move|p2a: Slowking|Chilly Reception|p2a: Slowking
|-weather|Snowscape
|
|t:|1779589973
|switch|p2a: Kingambit|Kingambit, M|100/100|[from] Chilly Reception
|-activate|p2a: Kingambit|ability: Supreme Overlord
|-start|p2a: Kingambit|fallen1|[silent]
|
|-weather|Snowscape|[upkeep]
|upkeep
|turn|8
|
|t:|1779589979
|switch|p1a: Skuntank|Skuntank, F|100/100
|-end|p2a: Kingambit|fallen1|[silent]
|switch|p2a: Slowking|Slowking-Galar, F|98/100
|-sideend|p2: habeeeeb|move: Toxic Spikes|[of] p2a: Slowking
|
|-weather|Snowscape|[upkeep]
|-end|p1a: Skuntank|move: Future Sight
|-immune|p1a: Skuntank
|upkeep
|turn|9
|
|t:|1779589990
|move|p1a: Skuntank|Foul Play|p2a: Slowking
|-supereffective|p2a: Slowking
|-damage|p2a: Slowking|59/100
|-prepare|p2a: Slowking|Chilly Reception|[premajor]
|move|p2a: Slowking|Chilly Reception|p2a: Slowking
|
|t:|1779590001
|switch|p2a: Regieleki|Regieleki, shiny|100/100|[from] Chilly Reception
|
|-weather|Snowscape|[upkeep]
|upkeep
|turn|10
|inactive|habeeeeb has 120 seconds left.
|
|t:|1779590023
|switch|p2a: Alomomola|Alomomola, F, shiny|100/100
|switch|p1a: Gliscor|Gliscor, M|67/100 tox
|
|-weather|Snowscape|[upkeep]
|-heal|p1a: Gliscor|80/100 tox|[from] ability: Poison Heal
|upkeep
|turn|11
|
|t:|1779590030
|move|p1a: Gliscor|Swords Dance|p1a: Gliscor
|-boost|p1a: Gliscor|atk|2
|move|p2a: Alomomola|Flip Turn|p1a: Gliscor
|-supereffective|p1a: Gliscor
|-damage|p1a: Gliscor|54/100 tox
|inactive|habeeeeb has 120 seconds left.
|
|t:|1779590046
|switch|p2a: Cinderace|Cinderace, M, shiny|100/100|[from] Flip Turn
|
|-weather|none
|-heal|p1a: Gliscor|66/100 tox|[from] ability: Poison Heal
|upkeep
|turn|12
|inactive|habeeeeb has 120 seconds left.
|
|t:|1779590055
|move|p1a: Gliscor|Protect|p1a: Gliscor
|-singleturn|p1a: Gliscor|Protect
|move|p2a: Cinderace|Pyro Ball|p1a: Gliscor
|-activate|p1a: Gliscor|move: Protect
|
|-heal|p1a: Gliscor|79/100 tox|[from] ability: Poison Heal
|upkeep
|turn|13
|
|t:|1779590062
|move|p2a: Cinderace|Pyro Ball|p1a: Gliscor
|-damage|p1a: Gliscor|17/100 tox
|-damage|p2a: Cinderace|91/100|[from] item: Life Orb
|move|p1a: Gliscor|Earthquake|p2a: Cinderace
|-supereffective|p2a: Cinderace
|-damage|p2a: Cinderace|0 fnt
|faint|p2a: Cinderace
|
|-heal|p1a: Gliscor|29/100 tox|[from] ability: Poison Heal
|upkeep
|
|t:|1779590071
|switch|p2a: Kingambit|Kingambit, M|100/100
|-activate|p2a: Kingambit|ability: Supreme Overlord
|-start|p2a: Kingambit|fallen2|[silent]
|turn|14
|
|t:|1779590085
|-terastallize|p1a: Gliscor|Fairy
|move|p1a: Gliscor|Earthquake|p2a: Kingambit
|-supereffective|p2a: Kingambit
|-damage|p2a: Kingambit|11/100
|move|p2a: Kingambit|Swords Dance|p2a: Kingambit
|-boost|p2a: Kingambit|atk|2
|
|-heal|p1a: Gliscor|41/100 tox|[from] ability: Poison Heal
|upkeep
|turn|15
|
|t:|1779590094
|move|p1a: Gliscor|Protect|p1a: Gliscor
|-singleturn|p1a: Gliscor|Protect
|move|p2a: Kingambit|Sucker Punch||[still]
|-fail|p2a: Kingambit
|
|-heal|p1a: Gliscor|54/100 tox|[from] ability: Poison Heal
|upkeep
|turn|16
|
|t:|1779590101
|move|p2a: Kingambit|Sucker Punch|p1a: Gliscor
|-resisted|p1a: Gliscor
|-damage|p1a: Gliscor|9/100 tox
|move|p1a: Gliscor|Knock Off|p2a: Kingambit
|-resisted|p2a: Kingambit
|-damage|p2a: Kingambit|0 fnt
|-enditem|p2a: Kingambit|Dread Plate|[from] move: Knock Off|[of] p1a: Gliscor
|faint|p2a: Kingambit
|-end|p2a: Kingambit|fallen2|[silent]
|
|-heal|p1a: Gliscor|21/100 tox|[from] ability: Poison Heal
|upkeep
|
|t:|1779590111
|switch|p2a: Alomomola|Alomomola, F, shiny|100/100
|turn|17
|-message|habeeeeb forfeited.
|
|win|datesarehealthy
|raw|datesarehealthy's rating: 1166 &rarr; <strong>1193</strong><br />(+27 for winning)
|raw|habeeeeb's rating: 1189 &rarr; <strong>1162</strong><br />(-27 for losing)
|l|☆habeeeeb
|player|p2|
|l|☆datesarehealthy
|player|p1|
