|j|☆TheMudkipLegend
|j|☆bpdcam
|t:|1779621356
|gametype|singles
|player|p1|TheMudkipLegend|265|1414
|player|p2|bpdcam|cress|1450
|gen|9
|tier|[Gen 9] OU
|rated|
|rule|HP Percentage Mod: HP is shown in percentages
|rule|Endless Battle Clause: Forcing endless battles is banned
|rule|Species Clause: Limit one of each Pokémon
|rule|OHKO Clause: OHKO moves are banned
|rule|Evasion Items Clause: Evasion items are banned
|rule|Evasion Moves Clause: Evasion moves are banned
|rule|Evasion Abilities Clause: Evasion abilities are banned
|rule|Sleep Moves Clause: Sleep-inducing moves are banned
|clearpoke
|poke|p1|Glimmora, F|
|poke|p1|Dragonite, M|
|poke|p1|Landorus-Therian, M|
|poke|p1|Cinderace, M|
|poke|p1|Serperior, F|
|poke|p1|Gholdengo|
|poke|p2|Iron Boulder|
|poke|p2|Dachsbun, F|
|poke|p2|Alomomola, F|
|poke|p2|Corviknight, F|
|poke|p2|Tyranitar, F|
|poke|p2|Raging Bolt|
|teampreview
|inactive|Battle timer is ON: inactive players will automatically lose when time's up. (requested by bpdcam)
|
|t:|1779621385
|teamsize|p1|6
|teamsize|p2|6
|start
|switch|p1a: Landorus|Landorus-Therian, M|100/100
|switch|p2a: Iron Boulder|Iron Boulder|100/100
|-ability|p1a: Landorus|Intimidate|boost
|-unboost|p2a: Iron Boulder|atk|1
|turn|1
|
|t:|1779621395
|-end|p2a: Iron Boulder|Quark Drive|[silent]
|switch|p2a: Corviknight|Corviknight, F|100/100
|-ability|p2a: Corviknight|Pressure
|move|p1a: Landorus|Stealth Rock|p2a: Corviknight
|-sidestart|p2: bpdcam|move: Stealth Rock
|
|upkeep
|turn|2
|
|t:|1779621401
|move|p1a: Landorus|Taunt|p2a: Corviknight
|-start|p2a: Corviknight|move: Taunt
|cant|p2a: Corviknight|move: Taunt|Defog
|
|upkeep
|turn|3
|
|t:|1779621406
|move|p1a: Landorus|U-turn|p2a: Corviknight
|-resisted|p2a: Corviknight
|-damage|p2a: Corviknight|97/100
|-damage|p1a: Landorus|84/100|[from] item: Rocky Helmet|[of] p2a: Corviknight
|
|t:|1779621413
|switch|p1a: Cinderace|Cinderace, M|100/100|[from] U-turn
|move|p2a: Corviknight|Brave Bird|p1a: Cinderace
|-damage|p1a: Cinderace|51/100
|-damage|p2a: Corviknight|85/100|[from] Recoil
|
|upkeep
|turn|4
|
|t:|1779621423
|switch|p2a: Dachsbun|Dachsbun, F|100/100
|-damage|p2a: Dachsbun|88/100|[from] Stealth Rock
|move|p1a: Cinderace|U-turn|p2a: Dachsbun
|-start|p1a: Cinderace|typechange|Bug|[from] ability: Libero
|-resisted|p2a: Dachsbun
|-damage|p2a: Dachsbun|76/100
|
|t:|1779621434
|switch|p1a: Glimmora|Glimmora, F|100/100|[from] U-turn
|
|-heal|p2a: Dachsbun|82/100|[from] item: Leftovers
|upkeep
|turn|5
|
|t:|1779621441
|switch|p2a: Corviknight|Corviknight, F|85/100
|-damage|p2a: Corviknight|73/100|[from] Stealth Rock
|-ability|p2a: Corviknight|Pressure
|move|p1a: Glimmora|Sludge Bomb|p2a: Corviknight
|-immune|p2a: Corviknight
|
|upkeep
|turn|6
|
|t:|1779621449
|move|p1a: Glimmora|Power Gem|p2a: Corviknight
|-damage|p2a: Corviknight|34/100
|move|p2a: Corviknight|Roost|p2a: Corviknight
|-heal|p2a: Corviknight|84/100
|-singleturn|p2a: Corviknight|move: Roost
|
|upkeep
|turn|7
|
|t:|1779621458
|switch|p1a: Gholdengo|Gholdengo|100/100
|move|p2a: Corviknight|Roost|p2a: Corviknight
|-heal|p2a: Corviknight|100/100
|-singleturn|p2a: Corviknight|move: Roost
|
|upkeep
|turn|8
|
|t:|1779621464
|switch|p2a: Alomomola|Alomomola, F|100/100
|-damage|p2a: Alomomola|88/100|[from] Stealth Rock
|move|p1a: Gholdengo|Trick|p2a: Alomomola
|-activate|p1a: Gholdengo|move: Trick|[of] p2a: Alomomola
|-item|p2a: Alomomola|Choice Scarf|[from] move: Trick
|-item|p1a: Gholdengo|Assault Vest|[from] move: Trick
|
|upkeep
|turn|9
|
|t:|1779621473
|move|p1a: Gholdengo|Thunderbolt|p2a: Alomomola
|-supereffective|p2a: Alomomola
|-damage|p2a: Alomomola|40/100
|move|p2a: Alomomola|Flip Turn|p1a: Gholdengo
|-damage|p1a: Gholdengo|81/100
|
|t:|1779621491
|switch|p2a: Tyranitar|Tyranitar, F|100/100|[from] Flip Turn
|-damage|p2a: Tyranitar|88/100|[from] Stealth Rock
|-weather|Sandstorm|[from] ability: Sand Stream|[of] p2a: Tyranitar
|
|-weather|Sandstorm|[upkeep]
|-heal|p2a: Tyranitar|94/100|[from] item: Leftovers
|upkeep
|turn|10
|
|t:|1779621503
|switch|p1a: Landorus|Landorus-Therian, M|84/100
|-ability|p1a: Landorus|Intimidate|boost
|-unboost|p2a: Tyranitar|atk|1
|move|p2a: Tyranitar|Stealth Rock|p1a: Landorus
|-sidestart|p1: TheMudkipLegend|move: Stealth Rock
|
|-weather|Sandstorm|[upkeep]
|-heal|p2a: Tyranitar|100/100|[from] item: Leftovers
|upkeep
|turn|11
|
|t:|1779621511
|switch|p2a: Corviknight|Corviknight, F|100/100
|-damage|p2a: Corviknight|88/100|[from] Stealth Rock
|-ability|p2a: Corviknight|Pressure
|move|p1a: Landorus|Taunt|p2a: Corviknight
|-start|p2a: Corviknight|move: Taunt
|
|-weather|Sandstorm|[upkeep]
|upkeep
|turn|12
|
|t:|1779621520
|move|p1a: Landorus|U-turn|p2a: Corviknight
|-resisted|p2a: Corviknight
|-damage|p2a: Corviknight|85/100
|-damage|p1a: Landorus|68/100|[from] item: Rocky Helmet|[of] p2a: Corviknight
|
|t:|1779621529
|switch|p1a: Gholdengo|Gholdengo|81/100|[from] U-turn
|-damage|p1a: Gholdengo|75/100|[from] Stealth Rock
|move|p2a: Corviknight|U-turn|p1a: Gholdengo
|-resisted|p1a: Gholdengo
|-damage|p1a: Gholdengo|71/100
|
|t:|1779621537
|switch|p2a: Tyranitar|Tyranitar, F|100/100|[from] U-turn
|-damage|p2a: Tyranitar|88/100|[from] Stealth Rock
|
|-weather|Sandstorm|[upkeep]
|-heal|p2a: Tyranitar|94/100|[from] item: Leftovers
|upkeep
|turn|13
|
|t:|1779621543
|move|p1a: Gholdengo|Make It Rain|p2a: Tyranitar
|-supereffective|p2a: Tyranitar
|-damage|p2a: Tyranitar|43/100
|-unboost|p1a: Gholdengo|spa|1
|move|p2a: Tyranitar|Knock Off|p1a: Gholdengo
|-supereffective|p1a: Gholdengo
|-damage|p1a: Gholdengo|0 fnt
|-enditem|p1a: Gholdengo|Assault Vest|[from] move: Knock Off|[of] p2a: Tyranitar
|faint|p1a: Gholdengo
|
|-weather|none
|-heal|p2a: Tyranitar|50/100|[from] item: Leftovers
|upkeep
|
|t:|1779621560
|switch|p1a: Cinderace|Cinderace, M|51/100
|turn|14
|j|+panure
|
|t:|1779621571
|move|p1a: Cinderace|High Jump Kick|p2a: Tyranitar
|-start|p1a: Cinderace|typechange|Fighting|[from] ability: Libero
|-supereffective|p2a: Tyranitar
|-damage|p2a: Tyranitar|0 fnt
|faint|p2a: Tyranitar
|
|upkeep
|
|t:|1779621575
|switch|p2a: Dachsbun|Dachsbun, F|82/100
|-damage|p2a: Dachsbun|70/100|[from] Stealth Rock
|turn|15
|l|+panure
|
|t:|1779621581
|move|p1a: Cinderace|U-turn|p2a: Dachsbun
|-resisted|p2a: Dachsbun
|-damage|p2a: Dachsbun|62/100
|
|t:|1779621593
|switch|p1a: Serperior|Serperior, F|100/100|[from] U-turn
|-damage|p1a: Serperior|88/100|[from] Stealth Rock
|move|p2a: Dachsbun|Wish|p2a: Dachsbun
|
|-heal|p1a: Serperior|94/100|[from] item: Leftovers
|-heal|p2a: Dachsbun|68/100|[from] item: Leftovers
|upkeep
|turn|16
|
|t:|1779621601
|move|p1a: Serperior|Substitute|p1a: Serperior
|-start|p1a: Serperior|Substitute
|-damage|p1a: Serperior|70/100
|move|p2a: Dachsbun|Body Press|p1a: Serperior
|-end|p1a: Serperior|Substitute
|
|-heal|p2a: Dachsbun|100/100|[from] move: Wish|[wisher] Dachsbun
|-heal|p1a: Serperior|76/100|[from] item: Leftovers
|upkeep
|turn|17
|
|t:|1779621609
|switch|p2a: Raging Bolt|Raging Bolt|100/100
|-damage|p2a: Raging Bolt|88/100|[from] Stealth Rock
|move|p1a: Serperior|Glare|p2a: Raging Bolt
|-immune|p2a: Raging Bolt
|
|-heal|p1a: Serperior|82/100|[from] item: Leftovers
|upkeep
|turn|18
|
|t:|1779621618
|switch|p1a: Landorus|Landorus-Therian, M|68/100
|-damage|p1a: Landorus|55/100|[from] Stealth Rock
|-ability|p1a: Landorus|Intimidate|boost
|-unboost|p2a: Raging Bolt|atk|1
|move|p2a: Raging Bolt|Dragon Pulse|p1a: Landorus
|-damage|p1a: Landorus|4/100
|-damage|p2a: Raging Bolt|78/100|[from] item: Life Orb
|
|upkeep
|turn|19
|
|t:|1779621629
|-end|p2a: Raging Bolt|Protosynthesis|[silent]
|switch|p2a: Corviknight|Corviknight, F|85/100
|-damage|p2a: Corviknight|73/100|[from] Stealth Rock
|-ability|p2a: Corviknight|Pressure
|move|p1a: Landorus|Earthquake|p2a: Corviknight
|-immune|p2a: Corviknight
|
|upkeep
|turn|20
|
|t:|1779621636
|move|p1a: Landorus|Taunt|p2a: Corviknight
|-start|p2a: Corviknight|move: Taunt
|cant|p2a: Corviknight|move: Taunt|Roost
|
|upkeep
|turn|21
|
|t:|1779621646
|switch|p1a: Glimmora|Glimmora, F|100/100
|-damage|p1a: Glimmora|88/100|[from] Stealth Rock
|move|p2a: Corviknight|U-turn|p1a: Glimmora
|-resisted|p1a: Glimmora
|-damage|p1a: Glimmora|79/100
|-activate|p1a: Glimmora|ability: Toxic Debris
|-sidestart|p2: bpdcam|move: Toxic Spikes
|
|t:|1779621652
|switch|p2a: Iron Boulder|Iron Boulder|100/100|[from] U-turn
|-damage|p2a: Iron Boulder|88/100|[from] Stealth Rock
|-status|p2a: Iron Boulder|psn
|
|-damage|p2a: Iron Boulder|76/100 psn|[from] psn
|upkeep
|turn|22
|
|t:|1779621660
|move|p2a: Iron Boulder|Mighty Cleave|p1a: Glimmora
|-damage|p1a: Glimmora|1/100
|-activate|p1a: Glimmora|ability: Toxic Debris
|-sidestart|p2: bpdcam|move: Toxic Spikes
|move|p1a: Glimmora|Mortal Spin|p2a: Iron Boulder
|-resisted|p2a: Iron Boulder
|-damage|p2a: Iron Boulder|72/100 psn
|-sideend|p1: TheMudkipLegend|Stealth Rock|[from] move: Mortal Spin|[of] p1a: Glimmora
|
|-damage|p2a: Iron Boulder|59/100 psn|[from] psn
|upkeep
|turn|23
|
|t:|1779621678
|switch|p1a: Landorus|Landorus-Therian, M|4/100
|-ability|p1a: Landorus|Intimidate|boost
|-unboost|p2a: Iron Boulder|atk|1
|move|p2a: Iron Boulder|Mighty Cleave|p1a: Landorus
|-damage|p1a: Landorus|0 fnt
|-damage|p2a: Iron Boulder|43/100 psn|[from] item: Rocky Helmet|[of] p1a: Landorus
|faint|p1a: Landorus
|
|-damage|p2a: Iron Boulder|30/100 psn|[from] psn
|upkeep
|
|t:|1779621691
|switch|p1a: Serperior|Serperior, F|82/100
|turn|24
|
|t:|1779621696
|move|p2a: Iron Boulder|Mighty Cleave|p1a: Serperior
|-damage|p1a: Serperior|28/100
|move|p1a: Serperior|Substitute|p1a: Serperior
|-start|p1a: Serperior|Substitute
|-damage|p1a: Serperior|4/100
|
|-heal|p1a: Serperior|10/100|[from] item: Leftovers
|-damage|p2a: Iron Boulder|18/100 psn|[from] psn
|upkeep
|turn|25
|
|t:|1779621705
|move|p2a: Iron Boulder|Mighty Cleave|p1a: Serperior
|-end|p1a: Serperior|Substitute
|move|p1a: Serperior|Leaf Storm|p2a: Iron Boulder
|-supereffective|p2a: Iron Boulder
|-damage|p2a: Iron Boulder|0 fnt
|-boost|p1a: Serperior|spa|2
|faint|p2a: Iron Boulder
|-end|p2a: Iron Boulder|Quark Drive|[silent]
|
|-heal|p1a: Serperior|16/100|[from] item: Leftovers
|upkeep
|
|t:|1779621715
|switch|p2a: Corviknight|Corviknight, F|73/100
|-damage|p2a: Corviknight|60/100|[from] Stealth Rock
|-ability|p2a: Corviknight|Pressure
|turn|26
|
|t:|1779621722
|move|p1a: Serperior|Leech Seed|p2a: Corviknight
|-start|p2a: Corviknight|move: Leech Seed
|move|p2a: Corviknight|Roost|p2a: Corviknight
|-heal|p2a: Corviknight|100/100
|-singleturn|p2a: Corviknight|move: Roost
|
|-heal|p1a: Serperior|22/100|[from] item: Leftovers
|-damage|p2a: Corviknight|88/100|[from] Leech Seed|[of] p1a: Serperior
|-heal|p1a: Serperior|39/100|[silent]
|upkeep
|turn|27
|
|t:|1779621731
|move|p1a: Serperior|Glare|p2a: Corviknight
|-status|p2a: Corviknight|par
|move|p2a: Corviknight|Defog|p1a: Serperior
|-boost|p1a: Serperior|evasion|1
|-sideend|p2: bpdcam|Toxic Spikes|[from] move: Defog|[of] p2a: Corviknight
|-sideend|p2: bpdcam|Stealth Rock|[from] move: Defog|[of] p2a: Corviknight
|
|-heal|p1a: Serperior|45/100|[from] item: Leftovers
|-damage|p2a: Corviknight|76/100 par|[from] Leech Seed|[of] p1a: Serperior
|-heal|p1a: Serperior|62/100|[silent]
|upkeep
|turn|28
|
|t:|1779621741
|move|p1a: Serperior|Leaf Storm|p2a: Corviknight
|-resisted|p2a: Corviknight
|-damage|p2a: Corviknight|60/100 par
|-boost|p1a: Serperior|spa|2
|move|p2a: Corviknight|U-turn|p1a: Serperior
|-supereffective|p1a: Serperior
|-damage|p1a: Serperior|30/100
|
|t:|1779621747
|switch|p2a: Raging Bolt|Raging Bolt|78/100|[from] U-turn
|
|-heal|p1a: Serperior|37/100|[from] item: Leftovers
|upkeep
|turn|29
|
|t:|1779621754
|move|p1a: Serperior|Leaf Storm|p2a: Raging Bolt
|-resisted|p2a: Raging Bolt
|-damage|p2a: Raging Bolt|31/100
|-boost|p1a: Serperior|spa|2
|move|p2a: Raging Bolt|Dragon Pulse|p1a: Serperior|[miss]
|-miss|p2a: Raging Bolt|p1a: Serperior
|
|-heal|p1a: Serperior|43/100|[from] item: Leftovers
|upkeep
|turn|30
|
|t:|1779621771
|move|p1a: Serperior|Leaf Storm|p2a: Raging Bolt
|-resisted|p2a: Raging Bolt
|-damage|p2a: Raging Bolt|0 fnt
|faint|p2a: Raging Bolt
|-end|p2a: Raging Bolt|Protosynthesis|[silent]
|
|-heal|p1a: Serperior|49/100|[from] item: Leftovers
|upkeep
|
|t:|1779621774
|switch|p2a: Corviknight|Corviknight, F|60/100 par
|-ability|p2a: Corviknight|Pressure
|turn|31
|
|t:|1779621780
|move|p1a: Serperior|Leech Seed|p2a: Corviknight
|-start|p2a: Corviknight|move: Leech Seed
|move|p2a: Corviknight|Brave Bird|p1a: Serperior
|-supereffective|p1a: Serperior
|-damage|p1a: Serperior|0 fnt
|faint|p1a: Serperior
|-damage|p2a: Corviknight|48/100 par|[from] Recoil
|
|upkeep
|
|t:|1779621789
|switch|p1a: Dragonite|Dragonite, M|100/100
|turn|32
|
|t:|1779621793
|switch|p2a: Dachsbun|Dachsbun, F|100/100
|move|p1a: Dragonite|Dragon Dance|p1a: Dragonite
|-boost|p1a: Dragonite|atk|1
|-boost|p1a: Dragonite|spe|1
|
|upkeep
|turn|33
|
|t:|1779621799
|-terastallize|p1a: Dragonite|Normal
|move|p1a: Dragonite|Extreme Speed|p2a: Dachsbun
|-damage|p2a: Dachsbun|47/100
|move|p2a: Dachsbun|Wish|p2a: Dachsbun
|
|-heal|p2a: Dachsbun|53/100|[from] item: Leftovers
|upkeep
|turn|34
|
|t:|1779621808
|switch|p2a: Corviknight|Corviknight, F|48/100 par
|-ability|p2a: Corviknight|Pressure
|move|p1a: Dragonite|Extreme Speed|p2a: Corviknight
|-resisted|p2a: Corviknight
|-damage|p2a: Corviknight|27/100 par
|-damage|p1a: Dragonite|84/100|[from] item: Rocky Helmet|[of] p2a: Corviknight
|
|-heal|p2a: Corviknight|67/100 par|[from] move: Wish|[wisher] Dachsbun
|upkeep
|turn|35
|
|t:|1779621818
|move|p1a: Dragonite|Waterfall|p2a: Corviknight
|-crit|p2a: Corviknight
|-damage|p2a: Corviknight|28/100 par
|-damage|p1a: Dragonite|68/100|[from] item: Rocky Helmet|[of] p2a: Corviknight
|move|p2a: Corviknight|Roost|p2a: Corviknight
|-heal|p2a: Corviknight|78/100 par
|-singleturn|p2a: Corviknight|move: Roost
|
|upkeep
|turn|36
|
|t:|1779621826
|move|p1a: Dragonite|Dragon Dance|p1a: Dragonite
|-boost|p1a: Dragonite|atk|1
|-boost|p1a: Dragonite|spe|1
|move|p2a: Corviknight|U-turn|p1a: Dragonite
|-damage|p1a: Dragonite|52/100
|
|t:|1779621830
|switch|p2a: Alomomola|Alomomola, F|73/100|[from] U-turn
|
|upkeep
|turn|37
|
|t:|1779621837
|switch|p2a: Corviknight|Corviknight, F|78/100 par
|-ability|p2a: Corviknight|Pressure
|move|p1a: Dragonite|Extreme Speed|p2a: Corviknight
|-resisted|p2a: Corviknight
|-damage|p2a: Corviknight|50/100 par
|-damage|p1a: Dragonite|36/100|[from] item: Rocky Helmet|[of] p2a: Corviknight
|
|upkeep
|turn|38
|
|t:|1779621858
|move|p1a: Dragonite|Waterfall|p2a: Corviknight
|-damage|p2a: Corviknight|13/100 par
|-damage|p1a: Dragonite|19/100|[from] item: Rocky Helmet|[of] p2a: Corviknight
|cant|p2a: Corviknight|flinch
|
|upkeep
|turn|39
|
|t:|1779621865
|switch|p2a: Alomomola|Alomomola, F|100/100
|move|p1a: Dragonite|Ice Spinner|p2a: Alomomola
|-resisted|p2a: Alomomola
|-damage|p2a: Alomomola|78/100
|
|upkeep
|turn|40
|
|t:|1779621871
|move|p1a: Dragonite|Extreme Speed|p2a: Alomomola
|-damage|p2a: Alomomola|4/100
|move|p2a: Alomomola|Aqua Jet|p1a: Dragonite
|-damage|p1a: Dragonite|7/100
|
|upkeep
|turn|41
|
|t:|1779621877
|switch|p2a: Corviknight|Corviknight, F|13/100 par
|-ability|p2a: Corviknight|Pressure
|move|p1a: Dragonite|Extreme Speed|p2a: Corviknight
|-resisted|p2a: Corviknight
|-damage|p2a: Corviknight|0 fnt
|-damage|p1a: Dragonite|0 fnt|[from] item: Rocky Helmet|[of] p2a: Corviknight
|faint|p2a: Corviknight
|faint|p1a: Dragonite
|
|upkeep
|
|t:|1779621886
|switch|p1a: Glimmora|Glimmora, F|1/100
|switch|p2a: Alomomola|Alomomola, F|37/100
|turn|42
|
|t:|1779621893
|move|p2a: Alomomola|Aqua Jet|p1a: Glimmora
|-supereffective|p1a: Glimmora
|-damage|p1a: Glimmora|0 fnt
|-activate|p1a: Glimmora|ability: Toxic Debris
|-sidestart|p2: bpdcam|move: Toxic Spikes
|faint|p1a: Glimmora
|
|upkeep
|
|t:|1779621898
|switch|p1a: Cinderace|Cinderace, M|51/100
|turn|43
|
|t:|1779621903
|switch|p2a: Dachsbun|Dachsbun, F|53/100
|-status|p2a: Dachsbun|psn
|move|p1a: Cinderace|High Jump Kick|p2a: Dachsbun
|-start|p1a: Cinderace|typechange|Fighting|[from] ability: Libero
|-resisted|p2a: Dachsbun
|-damage|p2a: Dachsbun|32/100 psn
|
|-heal|p2a: Dachsbun|38/100 psn|[from] item: Leftovers
|-damage|p2a: Dachsbun|26/100 psn|[from] psn
|upkeep
|turn|44
|
|t:|1779621914
|move|p1a: Cinderace|High Jump Kick|p2a: Dachsbun
|-resisted|p2a: Dachsbun
|-damage|p2a: Dachsbun|5/100 psn
|move|p2a: Dachsbun|Body Press|p1a: Cinderace
|-damage|p1a: Cinderace|8/100
|
|-heal|p2a: Dachsbun|11/100 psn|[from] item: Leftovers
|-damage|p2a: Dachsbun|0 fnt|[from] psn
|faint|p2a: Dachsbun
|upkeep
|
|t:|1779621920
|switch|p2a: Alomomola|Alomomola, F|70/100
|-status|p2a: Alomomola|psn
|turn|45
|
|t:|1779621926
|move|p2a: Alomomola|Aqua Jet|p1a: Cinderace
|-damage|p1a: Cinderace|0 fnt
|faint|p1a: Cinderace
|
|win|bpdcam
|raw|TheMudkipLegend's rating: 1414 &rarr; <strong>1396</strong><br />(-18 for losing)
|raw|bpdcam's rating: 1450 &rarr; <strong>1468</strong><br />(+18 for winning)
|l|☆TheMudkipLegend
|player|p1|
