|j|☆bomberr
|j|☆computerzz
|t:|1779684508
|gametype|singles
|player|p1|bomberr|101|1495
|player|p2|computerzz|169|1403
|gen|9
|tier|[Gen 9] OU
|rated|
|rule|HP Percentage Mod: HP is shown in percentages
|rule|Endless Battle Clause: Forcing endless battles is banned
|rule|Species Clause: Limit one of each Pokémon
|rule|OHKO Clause: OHKO moves are banned
|rule|Evasion Items Clause: Evasion items are banned
|rule|Evasion Moves Clause: Evasion moves are banned
|rule|Evasion Abilities Clause: Evasion abilities are banned
|rule|Sleep Moves Clause: Sleep-inducing moves are banned
|clearpoke
|poke|p1|Kingambit, F|
|poke|p1|Zamazenta-*|
|poke|p1|Ninetales-Alola, F|
|poke|p1|Tornadus-Therian, M|
|poke|p1|Iron Moth|
|poke|p1|Kyurem|
|poke|p2|Weavile, F|
|poke|p2|Hatterene, F|
|poke|p2|Primarina, M|
|poke|p2|Moltres|
|poke|p2|Gholdengo|
|poke|p2|Great Tusk|
|teampreview
|inactive|Battle timer is ON: inactive players will automatically lose when time's up. (requested by bomberr)
|
|t:|1779684514
|teamsize|p1|6
|teamsize|p2|6
|start
|switch|p1a: Tornadus|Tornadus-Therian, M|100/100
|switch|p2a: Moltres|Moltres|100/100
|turn|1
|
|t:|1779684522
|move|p1a: Tornadus|Knock Off|p2a: Moltres
|-damage|p2a: Moltres|87/100
|-status|p1a: Tornadus|brn|[from] ability: Flame Body|[of] p2a: Moltres
|-enditem|p2a: Moltres|Heavy-Duty Boots|[from] move: Knock Off|[of] p1a: Tornadus
|move|p2a: Moltres|U-turn|p1a: Tornadus
|-resisted|p1a: Tornadus
|-damage|p1a: Tornadus|92/100 brn
|
|t:|1779684530
|switch|p2a: Primarina|Primarina, M|100/100|[from] U-turn
|
|-damage|p1a: Tornadus|86/100 brn|[from] brn
|upkeep
|turn|2
|
|t:|1779684539
|move|p1a: Tornadus|Knock Off|p2a: Primarina
|-resisted|p2a: Primarina
|-damage|p2a: Primarina|94/100
|-enditem|p2a: Primarina|Assault Vest|[from] move: Knock Off|[of] p1a: Tornadus
|move|p2a: Primarina|Surf|p1a: Tornadus
|-damage|p1a: Tornadus|31/100 brn
|
|-damage|p1a: Tornadus|25/100 brn|[from] brn
|upkeep
|turn|3
|
|t:|1779684553
|move|p1a: Tornadus|U-turn|p2a: Primarina
|-resisted|p2a: Primarina
|-damage|p2a: Primarina|90/100
|
|t:|1779684560
|switch|p1a: Ninetales|Ninetales-Alola, F, shiny|100/100|[from] U-turn
|-weather|Snowscape|[from] ability: Snow Warning|[of] p1a: Ninetales
|move|p2a: Primarina|Moonblast|p1a: Ninetales
|-damage|p1a: Ninetales|48/100
|-unboost|p1a: Ninetales|spa|1
|
|-weather|Snowscape|[upkeep]
|upkeep
|turn|4
|
|t:|1779684569
|move|p1a: Ninetales|Aurora Veil|p1a: Ninetales
|-sidestart|p1: bomberr|move: Aurora Veil
|move|p2a: Primarina|Moonblast|p1a: Ninetales
|-damage|p1a: Ninetales|23/100
|
|-weather|Snowscape|[upkeep]
|upkeep
|turn|5
|
|t:|1779684576
|switch|p1a: Iron Moth|Iron Moth, shiny|100/100
|-enditem|p1a: Iron Moth|Booster Energy
|-activate|p1a: Iron Moth|ability: Quark Drive|[fromitem]
|-start|p1a: Iron Moth|quarkdrivespe
|move|p2a: Primarina|Moonblast|p1a: Iron Moth
|-resisted|p1a: Iron Moth
|-crit|p1a: Iron Moth
|-damage|p1a: Iron Moth|80/100
|
|-weather|Snowscape|[upkeep]
|upkeep
|turn|6
|
|t:|1779684593
|move|p1a: Iron Moth|Energy Ball|p2a: Primarina
|-supereffective|p2a: Primarina
|-damage|p2a: Primarina|38/100
|-unboost|p2a: Primarina|spd|1
|move|p2a: Primarina|Surf|p1a: Iron Moth
|-supereffective|p1a: Iron Moth
|-damage|p1a: Iron Moth|36/100
|
|-weather|Snowscape|[upkeep]
|upkeep
|turn|7
|
|t:|1779684606
|move|p1a: Iron Moth|Sludge Wave|p2a: Primarina
|-supereffective|p2a: Primarina
|-damage|p2a: Primarina|0 fnt
|faint|p2a: Primarina
|
|-weather|none
|upkeep
|
|t:|1779684616
|switch|p2a: Moltres|Moltres|87/100
|turn|8
|
|t:|1779684625
|move|p1a: Iron Moth|Sludge Wave|p2a: Moltres
|-damage|p2a: Moltres|37/100
|move|p2a: Moltres|Roar|p1a: Iron Moth
|-end|p1a: Iron Moth|Quark Drive|[silent]
|drag|p1a: Tornadus|Tornadus-Therian, M|58/100 brn
|
|-damage|p1a: Tornadus|52/100 brn|[from] brn
|upkeep
|turn|9
|
|t:|1779684639
|switch|p2a: Gholdengo|Gholdengo|100/100
|move|p1a: Tornadus|Bleakwind Storm|p2a: Gholdengo|[miss]
|-miss|p1a: Tornadus|p2a: Gholdengo
|
|-damage|p1a: Tornadus|46/100 brn|[from] brn
|upkeep
|turn|10
|
|t:|1779684660
|move|p2a: Gholdengo|Trick|p1a: Tornadus
|-activate|p2a: Gholdengo|move: Trick|[of] p1a: Tornadus
|-item|p1a: Tornadus|Choice Scarf|[from] move: Trick
|-item|p2a: Gholdengo|Heavy-Duty Boots|[from] move: Trick
|move|p1a: Tornadus|Knock Off|p2a: Gholdengo
|-supereffective|p2a: Gholdengo
|-damage|p2a: Gholdengo|76/100
|-enditem|p2a: Gholdengo|Heavy-Duty Boots|[from] move: Knock Off|[of] p1a: Tornadus
|
|-damage|p1a: Tornadus|40/100 brn|[from] brn
|upkeep
|turn|11
|
|t:|1779684676
|switch|p1a: Ninetales|Ninetales-Alola, F, shiny|23/100
|-weather|Snowscape|[from] ability: Snow Warning|[of] p1a: Ninetales
|move|p2a: Gholdengo|Make It Rain|p1a: Ninetales
|-supereffective|p1a: Ninetales
|-damage|p1a: Ninetales|0 fnt
|-unboost|p2a: Gholdengo|spa|1
|faint|p1a: Ninetales
|
|-weather|Snowscape|[upkeep]
|-sideend|p1: bomberr|move: Aurora Veil
|upkeep
|
|t:|1779684690
|switch|p1a: Kyurem|Kyurem, shiny|100/100
|-ability|p1a: Kyurem|Pressure
|turn|12
|
|t:|1779684700
|move|p1a: Kyurem|Earth Power|p2a: Gholdengo
|-supereffective|p2a: Gholdengo
|-damage|p2a: Gholdengo|0 fnt
|faint|p2a: Gholdengo
|
|-weather|Snowscape|[upkeep]
|upkeep
|
|t:|1779684708
|switch|p2a: Weavile|Weavile, F|100/100
|turn|13
|
|t:|1779684715
|switch|p1a: Zamazenta|Zamazenta|100/100
|-ability|p1a: Zamazenta|Dauntless Shield|boost
|-boost|p1a: Zamazenta|def|1
|move|p2a: Weavile|Knock Off|p1a: Zamazenta
|-resisted|p1a: Zamazenta
|-damage|p1a: Zamazenta|87/100
|-enditem|p1a: Zamazenta|Leftovers|[from] move: Knock Off|[of] p2a: Weavile
|
|-weather|Snowscape|[upkeep]
|upkeep
|turn|14
|
|t:|1779684725
|switch|p2a: Hatterene|Hatterene, F|100/100
|move|p1a: Zamazenta|Iron Defense|p1a: Zamazenta
|-boost|p1a: Zamazenta|def|2
|
|-weather|Snowscape|[upkeep]
|upkeep
|turn|15
|
|t:|1779684735
|-terastallize|p1a: Zamazenta|Steel
|move|p1a: Zamazenta|Iron Defense|p1a: Zamazenta
|-boost|p1a: Zamazenta|def|2
|move|p2a: Hatterene|Mystical Fire|p1a: Zamazenta
|-supereffective|p1a: Zamazenta
|-damage|p1a: Zamazenta|52/100
|-unboost|p1a: Zamazenta|spa|1
|
|-weather|none
|upkeep
|turn|16
|
|t:|1779684744
|move|p1a: Zamazenta|Body Press|p2a: Hatterene
|-resisted|p2a: Hatterene
|-damage|p2a: Hatterene|71/100
|move|p2a: Hatterene|Mystical Fire|p1a: Zamazenta
|-supereffective|p1a: Zamazenta
|-damage|p1a: Zamazenta|18/100
|-unboost|p1a: Zamazenta|spa|1
|
|-heal|p2a: Hatterene|77/100|[from] item: Leftovers
|upkeep
|turn|17
|
|t:|1779684753
|move|p1a: Zamazenta|Body Press|p2a: Hatterene
|-resisted|p2a: Hatterene
|-damage|p2a: Hatterene|46/100
|move|p2a: Hatterene|Mystical Fire|p1a: Zamazenta
|-supereffective|p1a: Zamazenta
|-damage|p1a: Zamazenta|0 fnt
|faint|p1a: Zamazenta
|
|-heal|p2a: Hatterene|52/100|[from] item: Leftovers
|upkeep
|
|t:|1779684762
|switch|p1a: Iron Moth|Iron Moth, shiny|36/100
|turn|18
|
|t:|1779684779
|switch|p2a: Weavile|Weavile, F|100/100
|move|p1a: Iron Moth|Sludge Wave|p2a: Weavile
|-damage|p2a: Weavile|36/100
|
|upkeep
|turn|19
|
|t:|1779684788
|move|p2a: Weavile|Knock Off|p1a: Iron Moth
|-damage|p1a: Iron Moth|0 fnt
|faint|p1a: Iron Moth
|-end|p1a: Iron Moth|Quark Drive|[silent]
|
|upkeep
|
|t:|1779684811
|switch|p1a: Kyurem|Kyurem, shiny|100/100
|-ability|p1a: Kyurem|Pressure
|turn|20
|
|t:|1779684825
|move|p1a: Kyurem|Draco Meteor|p2a: Weavile
|-damage|p2a: Weavile|0 fnt
|-unboost|p1a: Kyurem|spa|2
|faint|p2a: Weavile
|
|upkeep
|
|t:|1779684834
|switch|p2a: Moltres|Moltres|37/100
|turn|21
|
|t:|1779684839
|switch|p1a: Tornadus|Tornadus-Therian, M|73/100 brn
|move|p2a: Moltres|Roost|p2a: Moltres
|-heal|p2a: Moltres|87/100
|-singleturn|p2a: Moltres|move: Roost
|
|-damage|p1a: Tornadus|67/100 brn|[from] brn
|upkeep
|turn|22
|
|t:|1779684850
|move|p1a: Tornadus|Bleakwind Storm|p2a: Moltres
|-crit|p2a: Moltres
|-damage|p2a: Moltres|28/100
|-unboost|p2a: Moltres|spe|1
|move|p2a: Moltres|Roost|p2a: Moltres
|-heal|p2a: Moltres|78/100
|-singleturn|p2a: Moltres|move: Roost
|
|-damage|p1a: Tornadus|61/100 brn|[from] brn
|upkeep
|turn|23
|
|t:|1779684861
|move|p1a: Tornadus|Bleakwind Storm|p2a: Moltres
|-damage|p2a: Moltres|40/100
|move|p2a: Moltres|Roost|p2a: Moltres
|-heal|p2a: Moltres|90/100
|-singleturn|p2a: Moltres|move: Roost
|
|-damage|p1a: Tornadus|55/100 brn|[from] brn
|upkeep
|turn|24
|
|t:|1779684869
|move|p1a: Tornadus|Bleakwind Storm|p2a: Moltres
|-crit|p2a: Moltres
|-damage|p2a: Moltres|29/100
|move|p2a: Moltres|Flamethrower|p1a: Tornadus
|-damage|p1a: Tornadus|12/100 brn
|
|-damage|p1a: Tornadus|6/100 brn|[from] brn
|upkeep
|turn|25
|
|t:|1779684876
|move|p1a: Tornadus|Bleakwind Storm|p2a: Moltres|[miss]
|-miss|p1a: Tornadus|p2a: Moltres
|move|p2a: Moltres|Roost|p2a: Moltres
|-heal|p2a: Moltres|79/100
|-singleturn|p2a: Moltres|move: Roost
|
|-damage|p1a: Tornadus|0 fnt|[from] brn
|faint|p1a: Tornadus
|upkeep
|
|t:|1779684892
|switch|p1a: Kingambit|Kingambit, F|100/100
|-activate|p1a: Kingambit|ability: Supreme Overlord
|-start|p1a: Kingambit|fallen4|[silent]
|turn|26
|
|t:|1779684897
|move|p2a: Moltres|Flamethrower|p1a: Kingambit
|-supereffective|p1a: Kingambit
|-damage|p1a: Kingambit|26/100
|move|p1a: Kingambit|Kowtow Cleave|p2a: Moltres
|-damage|p2a: Moltres|32/100
|-status|p1a: Kingambit|brn|[from] ability: Flame Body|[of] p2a: Moltres
|
|-heal|p1a: Kingambit|32/100 brn|[from] item: Leftovers
|-damage|p1a: Kingambit|26/100 brn|[from] brn
|upkeep
|turn|27
|-message|bomberr forfeited.
|
|win|computerzz
|raw|bomberr's rating: 1495 &rarr; <strong>1470</strong><br />(-25 for losing)
|raw|computerzz's rating: 1403 &rarr; <strong>1428</strong><br />(+25 for winning)
|l|☆bomberr
|player|p1|
|l|☆computerzz
|player|p2|
