|j|☆Za-Curry.1618
|j|☆ollyisnot2
|t:|1779563305
|gametype|singles
|player|p1|Za-Curry.1618|veteran|1113
|player|p2|ollyisnot2|266|1161
|gen|9
|tier|[Gen 9] OU
|rated|
|rule|HP Percentage Mod: HP is shown in percentages
|rule|Endless Battle Clause: Forcing endless battles is banned
|rule|Species Clause: Limit one of each Pokémon
|rule|OHKO Clause: OHKO moves are banned
|rule|Evasion Items Clause: Evasion items are banned
|rule|Evasion Moves Clause: Evasion moves are banned
|rule|Evasion Abilities Clause: Evasion abilities are banned
|rule|Sleep Moves Clause: Sleep-inducing moves are banned
|clearpoke
|poke|p1|Squawkabilly-Blue, F|
|poke|p1|Dragapult, M|
|poke|p1|Corviknight, M|
|poke|p1|Dragonite, M|
|poke|p1|Zarude|
|poke|p1|Ceruledge, M|
|poke|p2|Jolteon, F|
|poke|p2|Ursaluna, F|
|poke|p2|Zapdos|
|poke|p2|Glimmora, M|
|poke|p2|Rillaboom, F|
|poke|p2|Darkrai|
|teampreview
|
|t:|1779563312
|teamsize|p1|6
|teamsize|p2|6
|start
|switch|p1a: Squawkabilly|Squawkabilly-Blue, F|100/100
|switch|p2a: Rillaboom|Rillaboom, F|100/100
|-fieldstart|move: Grassy Terrain|[from] ability: Grassy Surge|[of] p2a: Rillaboom
|turn|1
|
|t:|1779563318
|move|p1a: Squawkabilly|Brave Bird|p2a: Rillaboom
|-supereffective|p2a: Rillaboom
|-damage|p2a: Rillaboom|0 fnt
|faint|p2a: Rillaboom
|-damage|p1a: Squawkabilly|64/100|[from] Recoil
|
|-status|p1a: Squawkabilly|brn|[from] item: Flame Orb
|upkeep
|
|t:|1779563326
|switch|p2a: Jolteon|Jolteon, F|100/100
|turn|2
|
|t:|1779563334
|move|p1a: Squawkabilly|Protect|p1a: Squawkabilly
|-singleturn|p1a: Squawkabilly|Protect
|move|p2a: Jolteon|Volt Switch|p1a: Squawkabilly
|-activate|p1a: Squawkabilly|move: Protect
|
|-damage|p1a: Squawkabilly|57/100 brn|[from] brn
|upkeep
|turn|3
|
|t:|1779563342
|move|p2a: Jolteon|Volt Switch|p1a: Squawkabilly
|-supereffective|p1a: Squawkabilly
|-damage|p1a: Squawkabilly|0 fnt
|faint|p1a: Squawkabilly
|
|t:|1779563348
|switch|p2a: Ursaluna|Ursaluna, F|100/100|[from] Volt Switch
|
|-status|p2a: Ursaluna|brn|[from] item: Flame Orb
|upkeep
|
|t:|1779563361
|switch|p1a: Dragapult|Dragapult, M|100/100
|turn|4
|
|t:|1779563381
|move|p1a: Dragapult|Dragon Dance|p1a: Dragapult
|-boost|p1a: Dragapult|atk|1
|-boost|p1a: Dragapult|spe|1
|move|p2a: Ursaluna|Swords Dance|p2a: Ursaluna
|-boost|p2a: Ursaluna|atk|2
|
|-damage|p2a: Ursaluna|94/100 brn|[from] brn
|upkeep
|turn|5
|
|t:|1779563390
|move|p1a: Dragapult|Dragon Darts|p2a: Ursaluna
|-damage|p2a: Ursaluna|72/100 brn
|-anim|p1a: Dragapult|Dragon Darts|p2a: Ursaluna
|-damage|p2a: Ursaluna|47/100 brn
|move|p2a: Ursaluna|Headlong Rush|p1a: Dragapult
|-enditem|p1a: Dragapult|Focus Sash
|-damage|p1a: Dragapult|1/100
|-unboost|p2a: Ursaluna|def|1
|-unboost|p2a: Ursaluna|spd|1
|
|-heal|p1a: Dragapult|7/100|[from] Grassy Terrain
|-heal|p2a: Ursaluna|54/100 brn|[from] Grassy Terrain
|-damage|p2a: Ursaluna|47/100 brn|[from] brn
|-fieldend|move: Grassy Terrain
|upkeep
|turn|6
|
|t:|1779563400
|move|p1a: Dragapult|Dragon Darts|p2a: Ursaluna
|-damage|p2a: Ursaluna|15/100 brn
|-anim|p1a: Dragapult|Dragon Darts|p2a: Ursaluna
|-damage|p2a: Ursaluna|0 fnt
|faint|p2a: Ursaluna
|
|upkeep
|
|t:|1779563409
|switch|p2a: Darkrai|Darkrai|100/100
|turn|7
|
|t:|1779563413
|move|p1a: Dragapult|Dragon Darts|p2a: Darkrai
|-damage|p2a: Darkrai|66/100
|-anim|p1a: Dragapult|Dragon Darts|p2a: Darkrai
|-damage|p2a: Darkrai|29/100
|move|p2a: Darkrai|Dark Pulse|p1a: Dragapult
|-supereffective|p1a: Dragapult
|-damage|p1a: Dragapult|0 fnt
|faint|p1a: Dragapult
|
|upkeep
|
|t:|1779563427
|switch|p1a: Zarude|Zarude|100/100
|turn|8
|
|t:|1779563441
|switch|p2a: Zapdos|Zapdos|100/100
|-ability|p2a: Zapdos|Pressure
|move|p1a: Zarude|Power Whip|p2a: Zapdos|[miss]
|-miss|p1a: Zarude|p2a: Zapdos
|
|upkeep
|turn|9
|
|t:|1779563456
|switch|p1a: Ceruledge|Ceruledge, M, shiny|100/100
|move|p2a: Zapdos|Hurricane|p1a: Ceruledge
|-damage|p1a: Ceruledge|40/100
|
|upkeep
|turn|10
|inactive|Battle timer is ON: inactive players will automatically lose when time's up. (requested by ollyisnot2)
|
|t:|1779563465
|move|p2a: Zapdos|Volt Switch|p1a: Ceruledge
|-damage|p1a: Ceruledge|2/100
|
|t:|1779563476
|switch|p2a: Glimmora|Glimmora, M|100/100|[from] Volt Switch
|move|p1a: Ceruledge|Bitter Blade|p2a: Glimmora
|-resisted|p2a: Glimmora
|-damage|p2a: Glimmora|75/100
|-heal|p1a: Ceruledge|15/100|[from] drain|[of] p2a: Glimmora
|-activate|p2a: Glimmora|ability: Toxic Debris
|-sidestart|p1: Za-Curry.1618|move: Toxic Spikes
|
|upkeep
|turn|11
|
|t:|1779563488
|move|p2a: Glimmora|Earth Power|p1a: Ceruledge
|-supereffective|p1a: Ceruledge
|-damage|p1a: Ceruledge|0 fnt
|faint|p1a: Ceruledge
|
|upkeep
|
|t:|1779563498
|switch|p1a: Dragonite|Dragonite, M|100/100
|turn|12
|
|t:|1779563503
|move|p2a: Glimmora|Meteor Beam||[still]
|-prepare|p2a: Glimmora|Meteor Beam
|-boost|p2a: Glimmora|spa|1
|-enditem|p2a: Glimmora|Power Herb
|-anim|p2a: Glimmora|Meteor Beam|p1a: Dragonite
|-supereffective|p1a: Dragonite
|-damage|p1a: Dragonite|0 fnt
|faint|p1a: Dragonite
|
|upkeep
|
|t:|1779563510
|switch|p1a: Corviknight|Corviknight, M|100/100
|turn|13
|
|t:|1779563521
|move|p2a: Glimmora|Meteor Beam||[still]
|-prepare|p2a: Glimmora|Meteor Beam
|-boost|p2a: Glimmora|spa|1
|move|p1a: Corviknight|Bulk Up|p1a: Corviknight
|-boost|p1a: Corviknight|atk|1
|-boost|p1a: Corviknight|def|1
|
|upkeep
|turn|14
|
|t:|1779563530
|move|p2a: Glimmora|Meteor Beam|p1a: Corviknight|[from] lockedmove|[miss]
|-miss|p2a: Glimmora|p1a: Corviknight
|move|p1a: Corviknight|Brave Bird|p2a: Glimmora
|-resisted|p2a: Glimmora
|-damage|p2a: Glimmora|36/100
|-activate|p2a: Glimmora|ability: Toxic Debris
|-sidestart|p1: Za-Curry.1618|move: Toxic Spikes
|-damage|p1a: Corviknight|90/100|[from] Recoil
|
|-heal|p1a: Corviknight|96/100|[from] item: Leftovers
|upkeep
|turn|15
|
|t:|1779563538
|switch|p2a: Jolteon|Jolteon, F|100/100
|move|p1a: Corviknight|Bulk Up|p1a: Corviknight
|-boost|p1a: Corviknight|atk|1
|-boost|p1a: Corviknight|def|1
|
|-heal|p1a: Corviknight|100/100|[from] item: Leftovers
|upkeep
|turn|16
|
|t:|1779563546
|move|p1a: Corviknight|Protect|p1a: Corviknight
|-singleturn|p1a: Corviknight|Protect
|move|p2a: Jolteon|Thunderbolt|p1a: Corviknight
|-activate|p1a: Corviknight|move: Protect
|
|upkeep
|turn|17
|
|t:|1779563551
|move|p2a: Jolteon|Thunderbolt|p1a: Corviknight
|-supereffective|p1a: Corviknight
|-damage|p1a: Corviknight|11/100
|move|p1a: Corviknight|Brave Bird|p2a: Jolteon
|-resisted|p2a: Jolteon
|-damage|p2a: Jolteon|18/100
|-damage|p1a: Corviknight|0 fnt|[from] Recoil
|faint|p1a: Corviknight
|
|-heal|p2a: Jolteon|24/100|[from] item: Leftovers
|upkeep
|
|t:|1779563558
|switch|p1a: Zarude|Zarude|100/100
|-status|p1a: Zarude|tox
|turn|18
|
|t:|1779563562
|move|p2a: Jolteon|Alluring Voice|p1a: Zarude
|-supereffective|p1a: Zarude
|-damage|p1a: Zarude|58/100 tox
|move|p1a: Zarude|Bulk Up|p1a: Zarude
|-boost|p1a: Zarude|atk|1
|-boost|p1a: Zarude|def|1
|
|-heal|p2a: Jolteon|30/100|[from] item: Leftovers
|-damage|p1a: Zarude|52/100 tox|[from] psn
|upkeep
|turn|19
|
|t:|1779563570
|-terastallize|p2a: Jolteon|Fairy
|move|p2a: Jolteon|Alluring Voice|p1a: Zarude
|-supereffective|p1a: Zarude
|-damage|p1a: Zarude|0 fnt
|faint|p1a: Zarude
|
|win|ollyisnot2
|raw|Za-Curry.1618's rating: 1113 &rarr; <strong>1091</strong><br />(-22 for losing)
|raw|ollyisnot2's rating: 1161 &rarr; <strong>1183</strong><br />(+22 for winning)
|l|☆ollyisnot2
|player|p2|
|l|☆Za-Curry.1618
|player|p1|
