|j|‽leifohman
|j|☆Acastillo631
|t:|1779716025
|gametype|singles
|player|p1|leifohman|266|1547
|player|p2|Acastillo631|silver|1576
|gen|9
|tier|[Gen 9] OU
|rated|
|rule|HP Percentage Mod: HP is shown in percentages
|rule|Endless Battle Clause: Forcing endless battles is banned
|rule|Species Clause: Limit one of each Pokémon
|rule|OHKO Clause: OHKO moves are banned
|rule|Evasion Items Clause: Evasion items are banned
|rule|Evasion Moves Clause: Evasion moves are banned
|rule|Evasion Abilities Clause: Evasion abilities are banned
|rule|Sleep Moves Clause: Sleep-inducing moves are banned
|clearpoke
|poke|p1|Porygon2|
|poke|p1|Dragapult, F|
|poke|p1|Deoxys-Speed|
|poke|p1|Donphan, M|
|poke|p1|Cinderace, M|
|poke|p1|Lucario, M|
|poke|p2|Iron Valiant|
|poke|p2|Sinistcha|
|poke|p2|Tyranitar, F|
|poke|p2|Klefki, F|
|poke|p2|Corviknight, M|
|poke|p2|Swampert, M|
|teampreview
|inactive|Battle timer is ON: inactive players will automatically lose when time's up. (requested by leifohman)
|
|t:|1779716051
|teamsize|p1|6
|teamsize|p2|6
|start
|switch|p1a: Cinderace|Cinderace, M, shiny|100/100
|switch|p2a: Redips|Klefki, F|100/100
|turn|1
|
|t:|1779716054
|move|p2a: Redips|Thunder Wave|p1a: Cinderace
|-status|p1a: Cinderace|par
|cant|p1a: Cinderace|par
|
|upkeep
|turn|2
|inactive|Acastillo631 has 120 seconds left.
|inactive|Acastillo631 has 90 seconds left.
|
|t:|1779716123
|switch|p2a: Duff Mcwhalen|Swampert, M|100/100
|move|p1a: Cinderace|Pyro Ball|p2a: Duff Mcwhalen
|-resisted|p2a: Duff Mcwhalen
|-damage|p2a: Duff Mcwhalen|73/100
|
|-heal|p2a: Duff Mcwhalen|79/100|[from] item: Leftovers
|upkeep
|turn|3
|inactive|Acastillo631 has 90 seconds left.
|
|t:|1779716150
|cant|p1a: Cinderace|par
|move|p2a: Duff Mcwhalen|Stealth Rock|p1a: Cinderace
|-sidestart|p1: leifohman|move: Stealth Rock
|
|-heal|p2a: Duff Mcwhalen|85/100|[from] item: Leftovers
|upkeep
|turn|4
|
|t:|1779716155
|cant|p1a: Cinderace|par
|move|p2a: Duff Mcwhalen|Earthquake|p1a: Cinderace
|-supereffective|p1a: Cinderace
|-damage|p1a: Cinderace|0 fnt
|faint|p1a: Cinderace
|
|-heal|p2a: Duff Mcwhalen|92/100|[from] item: Leftovers
|upkeep
|
|t:|1779716177
|switch|p1a: Porygon2|Porygon2, shiny|100/100
|-damage|p1a: Porygon2|88/100|[from] Stealth Rock
|-ability|p1a: Porygon2|Torrent|Trace|[from] ability: Trace|[of] p2a: Duff Mcwhalen
|turn|5
|inactive|Acastillo631 has 90 seconds left.
|
|t:|1779716209
|move|p1a: Porygon2|Tri Attack|p2a: Duff Mcwhalen
|-damage|p2a: Duff Mcwhalen|72/100
|move|p2a: Duff Mcwhalen|Knock Off|p1a: Porygon2
|-damage|p1a: Porygon2|72/100
|-enditem|p1a: Porygon2|Eviolite|[from] move: Knock Off|[of] p2a: Duff Mcwhalen
|
|-heal|p2a: Duff Mcwhalen|78/100|[from] item: Leftovers
|upkeep
|turn|6
|inactive|Acastillo631 has 60 seconds left.
|
|t:|1779716233
|switch|p2a: Eregion|Tyranitar, F|100/100
|-weather|Sandstorm|[from] ability: Sand Stream|[of] p2a: Eregion
|move|p1a: Porygon2|Tri Attack|p2a: Eregion
|-resisted|p2a: Eregion
|-crit|p2a: Eregion
|-damage|p2a: Eregion|91/100
|
|-weather|Sandstorm|[upkeep]
|-damage|p1a: Porygon2|65/100|[from] Sandstorm
|-heal|p2a: Eregion|97/100|[from] item: Leftovers
|upkeep
|turn|7
|inactive|Acastillo631 has 60 seconds left.
|j| lord shiddenfards
|
|t:|1779716245
|switch|p1a: Lucario|Lucario, M, shiny|100/100
|-damage|p1a: Lucario|98/100|[from] Stealth Rock
|move|p2a: Eregion|Stone Edge|p1a: Lucario
|-resisted|p1a: Lucario
|-damage|p1a: Lucario|81/100
|
|-weather|Sandstorm|[upkeep]
|-heal|p2a: Eregion|100/100|[from] item: Leftovers
|upkeep
|turn|8
|inactive|Acastillo631 has 60 seconds left.
|
|t:|1779716258
|switch|p2a: Redips|Klefki, F|100/100
|move|p1a: Lucario|Meteor Mash|p2a: Redips|[miss]
|-miss|p1a: Lucario|p2a: Redips
|
|-weather|Sandstorm|[upkeep]
|upkeep
|turn|9
|
|t:|1779716265
|switch|p1a: Donphan|Donphan, M|100/100
|move|p2a: Redips|Thunder Wave|p1a: Donphan
|-immune|p1a: Donphan
|
|-weather|Sandstorm|[upkeep]
|upkeep
|turn|10
|
|t:|1779716270
|move|p2a: Redips|Magnet Rise|p2a: Redips
|-start|p2a: Redips|Magnet Rise
|move|p1a: Donphan|Ice Spinner|p2a: Redips
|-resisted|p2a: Redips
|-damage|p2a: Redips|89/100
|-damage|p1a: Donphan|84/100|[from] item: Rocky Helmet|[of] p2a: Redips
|
|-weather|none
|upkeep
|turn|11
|
|t:|1779716279
|move|p2a: Redips|Dazzling Gleam|p1a: Donphan
|-damage|p1a: Donphan|53/100
|move|p1a: Donphan|Rapid Spin|p2a: Redips
|-resisted|p2a: Redips
|-damage|p2a: Redips|82/100
|-boost|p1a: Donphan|spe|1
|-damage|p1a: Donphan|36/100|[from] item: Rocky Helmet|[of] p2a: Redips
|-sideend|p1: leifohman|Stealth Rock|[from] move: Rapid Spin|[of] p1a: Donphan
|
|upkeep
|turn|12
|
|t:|1779716296
|switch|p1a: Porygon2|Porygon2, shiny|65/100
|-ability|p1a: Porygon2|Prankster|Trace|[from] ability: Trace|[of] p2a: Redips
|move|p2a: Redips|Spikes|p1a: Porygon2
|-sidestart|p1: leifohman|Spikes
|
|upkeep
|turn|13
|
|t:|1779716306
|switch|p2a: Eregion|Tyranitar, F|100/100
|-weather|Sandstorm|[from] ability: Sand Stream|[of] p2a: Eregion
|move|p1a: Porygon2|Discharge|p2a: Eregion
|-damage|p2a: Eregion|93/100
|
|-weather|Sandstorm|[upkeep]
|-damage|p1a: Porygon2|59/100|[from] Sandstorm
|-heal|p2a: Eregion|99/100|[from] item: Leftovers
|upkeep
|turn|14
|
|t:|1779716313
|move|p1a: Porygon2|Recover|p1a: Porygon2
|-heal|p1a: Porygon2|100/100
|move|p2a: Eregion|Stone Edge|p1a: Porygon2
|-damage|p1a: Porygon2|59/100
|
|-weather|Sandstorm|[upkeep]
|-damage|p1a: Porygon2|53/100|[from] Sandstorm
|-heal|p2a: Eregion|100/100|[from] item: Leftovers
|upkeep
|turn|15
|
|t:|1779716321
|move|p1a: Porygon2|Recover|p1a: Porygon2
|-heal|p1a: Porygon2|100/100
|move|p2a: Eregion|Knock Off|p1a: Porygon2
|-damage|p1a: Porygon2|73/100
|
|-weather|Sandstorm|[upkeep]
|-damage|p1a: Porygon2|67/100|[from] Sandstorm
|upkeep
|turn|16
|
|t:|1779716327
|move|p1a: Porygon2|Discharge|p2a: Eregion
|-damage|p2a: Eregion|92/100
|move|p2a: Eregion|Stone Edge|p1a: Porygon2|[miss]
|-miss|p2a: Eregion|p1a: Porygon2
|
|-weather|Sandstorm|[upkeep]
|-damage|p1a: Porygon2|61/100|[from] Sandstorm
|-heal|p2a: Eregion|99/100|[from] item: Leftovers
|upkeep
|turn|17
|inactive|Acastillo631 has 120 seconds left.
|
|t:|1779716332
|move|p1a: Porygon2|Discharge|p2a: Eregion
|-damage|p2a: Eregion|91/100
|-status|p2a: Eregion|par
|move|p2a: Eregion|Stone Edge|p1a: Porygon2
|-damage|p1a: Porygon2|12/100
|
|-weather|none
|-heal|p2a: Eregion|97/100 par|[from] item: Leftovers
|upkeep
|turn|18
|inactive|Acastillo631 has 120 seconds left.
|
|t:|1779716345
|switch|p2a: Duff Mcwhalen|Swampert, M|78/100
|move|p1a: Porygon2|Recover|p1a: Porygon2
|-heal|p1a: Porygon2|62/100
|
|-heal|p2a: Duff Mcwhalen|84/100|[from] item: Leftovers
|upkeep
|turn|19
|
|t:|1779716351
|move|p1a: Porygon2|Recover|p1a: Porygon2
|-heal|p1a: Porygon2|100/100
|move|p2a: Duff Mcwhalen|Stealth Rock|p1a: Porygon2
|-sidestart|p1: leifohman|move: Stealth Rock
|
|-heal|p2a: Duff Mcwhalen|91/100|[from] item: Leftovers
|upkeep
|turn|20
|
|t:|1779716357
|move|p1a: Porygon2|Tri Attack|p2a: Duff Mcwhalen
|-damage|p2a: Duff Mcwhalen|70/100
|move|p2a: Duff Mcwhalen|Flip Turn|p1a: Porygon2
|-damage|p1a: Porygon2|80/100
|
|t:|1779716365
|switch|p2a: Wind Crowrang|Corviknight, M|100/100|[from] Flip Turn
|
|upkeep
|turn|21
|
|t:|1779716368
|move|p2a: Wind Crowrang|Body Press|p1a: Porygon2
|-supereffective|p1a: Porygon2
|-damage|p1a: Porygon2|42/100
|move|p1a: Porygon2|Discharge|p2a: Wind Crowrang
|-supereffective|p2a: Wind Crowrang
|-damage|p2a: Wind Crowrang|72/100
|
|upkeep
|turn|22
|
|t:|1779716375
|move|p1a: Porygon2|Recover|p1a: Porygon2
|-heal|p1a: Porygon2|92/100
|move|p2a: Wind Crowrang|Body Press|p1a: Porygon2
|-supereffective|p1a: Porygon2
|-damage|p1a: Porygon2|50/100
|
|upkeep
|turn|23
|
|t:|1779716378
|move|p2a: Wind Crowrang|Body Press|p1a: Porygon2
|-supereffective|p1a: Porygon2
|-damage|p1a: Porygon2|10/100
|move|p1a: Porygon2|Discharge|p2a: Wind Crowrang
|-supereffective|p2a: Wind Crowrang
|-damage|p2a: Wind Crowrang|45/100
|
|upkeep
|turn|24
|
|t:|1779716384
|move|p1a: Porygon2|Recover|p1a: Porygon2
|-heal|p1a: Porygon2|60/100
|move|p2a: Wind Crowrang|Body Press|p1a: Porygon2
|-supereffective|p1a: Porygon2
|-damage|p1a: Porygon2|20/100
|
|upkeep
|turn|25
|
|t:|1779716388
|move|p1a: Porygon2|Recover|p1a: Porygon2
|-heal|p1a: Porygon2|70/100
|move|p2a: Wind Crowrang|Roost|p2a: Wind Crowrang
|-heal|p2a: Wind Crowrang|95/100
|-singleturn|p2a: Wind Crowrang|move: Roost
|
|upkeep
|turn|26
|
|t:|1779716391
|move|p2a: Wind Crowrang|Iron Defense|p2a: Wind Crowrang
|-boost|p2a: Wind Crowrang|def|2
|move|p1a: Porygon2|Discharge|p2a: Wind Crowrang
|-supereffective|p2a: Wind Crowrang
|-damage|p2a: Wind Crowrang|69/100
|
|upkeep
|turn|27
|
|t:|1779716397
|move|p2a: Wind Crowrang|Body Press|p1a: Porygon2
|-supereffective|p1a: Porygon2
|-damage|p1a: Porygon2|0 fnt
|faint|p1a: Porygon2
|
|upkeep
|
|t:|1779716406
|switch|p1a: Dragapult|Dragapult, F, shiny|100/100
|-damage|p1a: Dragapult|88/100|[from] Spikes
|-damage|p1a: Dragapult|76/100|[from] Stealth Rock
|turn|28
|
|t:|1779716410
|switch|p2a: Eregion|Tyranitar, F|97/100 par
|-weather|Sandstorm|[from] ability: Sand Stream|[of] p2a: Eregion
|move|p1a: Dragapult|Flamethrower|p2a: Eregion
|-resisted|p2a: Eregion
|-damage|p2a: Eregion|89/100 par
|
|-weather|Sandstorm|[upkeep]
|-damage|p1a: Dragapult|70/100|[from] Sandstorm
|-heal|p2a: Eregion|96/100 par|[from] item: Leftovers
|upkeep
|turn|29
|
|t:|1779716413
|switch|p1a: Donphan|Donphan, M|36/100
|move|p2a: Eregion|Ice Beam|p1a: Donphan
|-supereffective|p1a: Donphan
|-damage|p1a: Donphan|0 fnt
|faint|p1a: Donphan
|
|-weather|Sandstorm|[upkeep]
|-heal|p2a: Eregion|100/100 par|[from] item: Leftovers
|upkeep
|
|t:|1779716419
|switch|p1a: Lucario|Lucario, M, shiny|81/100
|-damage|p1a: Lucario|68/100|[from] Spikes
|-damage|p1a: Lucario|66/100|[from] Stealth Rock
|turn|30
|
|t:|1779716424
|switch|p2a: Redips|Klefki, F|82/100
|move|p1a: Lucario|Meteor Mash|p2a: Redips
|-damage|p2a: Redips|34/100
|-damage|p1a: Lucario|49/100|[from] item: Rocky Helmet|[of] p2a: Redips
|-damage|p1a: Lucario|39/100|[from] item: Life Orb
|
|-weather|Sandstorm|[upkeep]
|upkeep
|turn|31
|
|t:|1779716433
|move|p2a: Redips|Thunder Wave|p1a: Lucario
|-status|p1a: Lucario|par
|cant|p1a: Lucario|par
|
|-weather|Sandstorm|[upkeep]
|upkeep
|turn|32
|
|t:|1779716438
|move|p2a: Redips|Dazzling Gleam|p1a: Lucario
|-damage|p1a: Lucario|3/100 par
|move|p1a: Lucario|Meteor Mash|p2a: Redips
|-damage|p2a: Redips|0 fnt
|-boost|p1a: Lucario|atk|1
|-damage|p1a: Lucario|0 fnt|[from] item: Rocky Helmet|[of] p2a: Redips
|faint|p2a: Redips
|faint|p1a: Lucario
|
|-weather|none
|upkeep
|inactive|Acastillo631 has 120 seconds left.
|
|t:|1779716474
|switch|p1a: Deoxys|Deoxys-Speed, shiny|100/100
|switch|p2a: Eregion|Tyranitar, F|100/100 par
|-damage|p1a: Deoxys|88/100|[from] Spikes
|-damage|p1a: Deoxys|76/100|[from] Stealth Rock
|-ability|p1a: Deoxys|Pressure
|-weather|Sandstorm|[from] ability: Sand Stream|[of] p2a: Eregion
|turn|33
|
|t:|1779716478
|move|p1a: Deoxys|Superpower|p2a: Eregion
|-supereffective|p2a: Eregion
|-damage|p2a: Eregion|0 fnt
|-unboost|p1a: Deoxys|atk|1
|-unboost|p1a: Deoxys|def|1
|faint|p2a: Eregion
|-damage|p1a: Deoxys|66/100|[from] item: Life Orb
|
|-weather|Sandstorm|[upkeep]
|-damage|p1a: Deoxys|59/100|[from] Sandstorm
|upkeep
|
|t:|1779716492
|switch|p2a: Duff Mcwhalen|Swampert, M|70/100
|turn|34
|
|t:|1779716506
|move|p1a: Deoxys|Psycho Boost|p2a: Duff Mcwhalen
|-crit|p2a: Duff Mcwhalen
|-damage|p2a: Duff Mcwhalen|2/100
|-unboost|p1a: Deoxys|spa|2
|-damage|p1a: Deoxys|49/100|[from] item: Life Orb
|move|p2a: Duff Mcwhalen|Knock Off|p1a: Deoxys
|-supereffective|p1a: Deoxys
|-damage|p1a: Deoxys|0 fnt
|-enditem|p1a: Deoxys|Life Orb|[from] move: Knock Off|[of] p2a: Duff Mcwhalen
|faint|p1a: Deoxys
|
|-weather|Sandstorm|[upkeep]
|-heal|p2a: Duff Mcwhalen|9/100|[from] item: Leftovers
|upkeep
|
|t:|1779716513
|switch|p1a: Dragapult|Dragapult, F, shiny|70/100
|-damage|p1a: Dragapult|58/100|[from] Spikes
|-damage|p1a: Dragapult|45/100|[from] Stealth Rock
|turn|35
|
|t:|1779716518
|-terastallize|p1a: Dragapult|Ghost
|move|p1a: Dragapult|Shadow Ball|p2a: Duff Mcwhalen
|-damage|p2a: Duff Mcwhalen|0 fnt
|faint|p2a: Duff Mcwhalen
|
|-weather|Sandstorm|[upkeep]
|-damage|p1a: Dragapult|39/100|[from] Sandstorm
|upkeep
|
|t:|1779716525
|switch|p2a: Sage Harpuia|Iron Valiant|100/100
|-enditem|p2a: Sage Harpuia|Booster Energy
|-activate|p2a: Sage Harpuia|ability: Quark Drive|[fromitem]
|-start|p2a: Sage Harpuia|quarkdrivespe
|turn|36
|
|t:|1779716529
|move|p2a: Sage Harpuia|Moonblast|p1a: Dragapult
|-damage|p1a: Dragapult|0 fnt
|faint|p1a: Dragapult
|
|win|Acastillo631
|raw|leifohman's rating: 1547 &rarr; <strong>1529</strong><br />(-18 for losing)
|raw|Acastillo631's rating: 1576 &rarr; <strong>1594</strong><br />(+18 for winning)
|l|‽leifohman
|player|p1|
|l|☆Acastillo631
|player|p2|
|l| lord shiddenfards
|j|☆Acastillo631
|player|p2|Acastillo631|silver|
|l|☆Acastillo631
|player|p2|
