|j|☆batou7
|j|☆pokeeeeiii
|t:|1779705114
|gametype|singles
|player|p1|batou7|morty|1060
|player|p2|pokeeeeiii|dragontamer|1082
|gen|9
|tier|[Gen 9] OU
|rated|
|rule|HP Percentage Mod: HP is shown in percentages
|rule|Endless Battle Clause: Forcing endless battles is banned
|rule|Species Clause: Limit one of each Pokémon
|rule|OHKO Clause: OHKO moves are banned
|rule|Evasion Items Clause: Evasion items are banned
|rule|Evasion Moves Clause: Evasion moves are banned
|rule|Evasion Abilities Clause: Evasion abilities are banned
|rule|Sleep Moves Clause: Sleep-inducing moves are banned
|clearpoke
|poke|p1|Zamazenta-*|
|poke|p1|Iron Hands|
|poke|p1|Ceruledge, F|
|poke|p1|Iron Valiant|
|poke|p1|Deoxys-Speed|
|poke|p1|Glimmora, F|
|poke|p2|Ting-Lu|
|poke|p2|Gholdengo|
|poke|p2|Great Tusk|
|poke|p2|Kingambit, M|
|poke|p2|Iron Valiant|
|poke|p2|Garchomp, F|
|teampreview
|inactive|Battle timer is ON: inactive players will automatically lose when time's up. (requested by batou7)
|
|t:|1779705134
|teamsize|p1|6
|teamsize|p2|6
|start
|switch|p1a: Glimmora|Glimmora, F|100/100
|switch|p2a: Ting-Lu|Ting-Lu|100/100
|-ability|p2a: Ting-Lu|Vessel of Ruin
|turn|1
|
|t:|1779705163
|move|p1a: Glimmora|Spikes|p2a: Ting-Lu
|-sidestart|p2: pokeeeeiii|Spikes
|move|p2a: Ting-Lu|Stealth Rock|p1a: Glimmora
|-sidestart|p1: batou7|move: Stealth Rock
|
|upkeep
|turn|2
|
|t:|1779705169
|move|p1a: Glimmora|Spikes|p2a: Ting-Lu
|-sidestart|p2: pokeeeeiii|Spikes
|move|p2a: Ting-Lu|Spikes|p1a: Glimmora
|-sidestart|p1: batou7|Spikes
|
|upkeep
|turn|3
|
|t:|1779705175
|move|p1a: Glimmora|Spikes|p2a: Ting-Lu
|-sidestart|p2: pokeeeeiii|Spikes
|move|p2a: Ting-Lu|Spikes|p1a: Glimmora
|-sidestart|p1: batou7|Spikes
|
|upkeep
|turn|4
|
|t:|1779705191
|move|p1a: Glimmora|Mortal Spin|p2a: Ting-Lu
|-resisted|p2a: Ting-Lu
|-damage|p2a: Ting-Lu|99/100
|-status|p2a: Ting-Lu|psn
|-sideend|p1: batou7|Spikes|[from] move: Mortal Spin|[of] p1a: Glimmora
|-sideend|p1: batou7|Stealth Rock|[from] move: Mortal Spin|[of] p1a: Glimmora
|move|p2a: Ting-Lu|Spikes|p1a: Glimmora
|-sidestart|p1: batou7|Spikes
|
|-heal|p2a: Ting-Lu|100/100 psn|[from] item: Leftovers
|-damage|p2a: Ting-Lu|88/100 psn|[from] psn
|upkeep
|turn|5
|
|t:|1779705202
|move|p1a: Glimmora|Stealth Rock|p2a: Ting-Lu
|-sidestart|p2: pokeeeeiii|move: Stealth Rock
|move|p2a: Ting-Lu|Stealth Rock|p1a: Glimmora
|-sidestart|p1: batou7|move: Stealth Rock
|
|-heal|p2a: Ting-Lu|94/100 psn|[from] item: Leftovers
|-damage|p2a: Ting-Lu|82/100 psn|[from] psn
|upkeep
|turn|6
|
|t:|1779705209
|move|p1a: Glimmora|Mortal Spin|p2a: Ting-Lu
|-resisted|p2a: Ting-Lu
|-damage|p2a: Ting-Lu|80/100 psn
|-sideend|p1: batou7|Spikes|[from] move: Mortal Spin|[of] p1a: Glimmora
|-sideend|p1: batou7|Stealth Rock|[from] move: Mortal Spin|[of] p1a: Glimmora
|move|p2a: Ting-Lu|Whirlwind|p1a: Glimmora
|drag|p1a: Iron Hands|Iron Hands|100/100
|-enditem|p1a: Iron Hands|Booster Energy
|-activate|p1a: Iron Hands|ability: Quark Drive|[fromitem]
|-start|p1a: Iron Hands|quarkdriveatk
|
|-heal|p2a: Ting-Lu|86/100 psn|[from] item: Leftovers
|-damage|p2a: Ting-Lu|74/100 psn|[from] psn
|upkeep
|turn|7
|
|t:|1779705223
|move|p1a: Iron Hands|Close Combat|p2a: Ting-Lu
|-supereffective|p2a: Ting-Lu
|-damage|p2a: Ting-Lu|0 fnt
|-unboost|p1a: Iron Hands|def|1
|-unboost|p1a: Iron Hands|spd|1
|faint|p2a: Ting-Lu
|
|upkeep
|
|t:|1779705238
|switch|p2a: Great Tusk|Great Tusk|100/100
|turn|8
|
|t:|1779705253
|move|p2a: Great Tusk|Headlong Rush|p1a: Iron Hands
|-supereffective|p1a: Iron Hands
|-damage|p1a: Iron Hands|0 fnt
|-unboost|p2a: Great Tusk|def|1
|-unboost|p2a: Great Tusk|spd|1
|faint|p1a: Iron Hands
|-end|p1a: Iron Hands|Quark Drive|[silent]
|
|upkeep
|
|t:|1779705259
|switch|p1a: Iron Valiant|Iron Valiant|100/100
|-enditem|p1a: Iron Valiant|Booster Energy
|-activate|p1a: Iron Valiant|ability: Quark Drive|[fromitem]
|-start|p1a: Iron Valiant|quarkdrivespe
|turn|9
|
|t:|1779705278
|-end|p2a: Great Tusk|Protosynthesis|[silent]
|switch|p2a: Kingambit|Kingambit, M|100/100
|-damage|p2a: Kingambit|75/100|[from] Spikes
|-damage|p2a: Kingambit|69/100|[from] Stealth Rock
|-activate|p2a: Kingambit|ability: Supreme Overlord
|-start|p2a: Kingambit|fallen1|[silent]
|move|p1a: Iron Valiant|Calm Mind|p1a: Iron Valiant
|-boost|p1a: Iron Valiant|spa|1
|-boost|p1a: Iron Valiant|spd|1
|
|upkeep
|turn|10
|
|t:|1779705289
|move|p1a: Iron Valiant|Focus Blast|p2a: Kingambit
|-supereffective|p2a: Kingambit
|-damage|p2a: Kingambit|0 fnt
|faint|p2a: Kingambit
|-end|p2a: Kingambit|fallen1|[silent]
|
|upkeep
|
|t:|1779705300
|switch|p2a: Gholdengo|Gholdengo|100/100
|turn|11
|
|t:|1779705312
|-terastallize|p1a: Iron Valiant|Steel
|move|p1a: Iron Valiant|Moonblast|p2a: Gholdengo
|-resisted|p2a: Gholdengo
|-crit|p2a: Gholdengo
|-damage|p2a: Gholdengo|40/100
|-unboost|p2a: Gholdengo|spa|1
|move|p2a: Gholdengo|Make It Rain|p1a: Iron Valiant
|-resisted|p1a: Iron Valiant
|-damage|p1a: Iron Valiant|75/100
|-unboost|p2a: Gholdengo|spa|1
|
|upkeep
|turn|12
|
|t:|1779705327
|-terastallize|p2a: Gholdengo|Steel
|move|p1a: Iron Valiant|Calm Mind|p1a: Iron Valiant
|-boost|p1a: Iron Valiant|spa|1
|-boost|p1a: Iron Valiant|spd|1
|move|p2a: Gholdengo|Recover|p2a: Gholdengo
|-heal|p2a: Gholdengo|91/100
|
|upkeep
|turn|13
|
|t:|1779705336
|move|p1a: Iron Valiant|Moonblast|p2a: Gholdengo
|-resisted|p2a: Gholdengo
|-damage|p2a: Gholdengo|35/100
|move|p2a: Gholdengo|Nasty Plot|p2a: Gholdengo
|-boost|p2a: Gholdengo|spa|2
|
|upkeep
|turn|14
|
|t:|1779705343
|move|p1a: Iron Valiant|Moonblast|p2a: Gholdengo
|-resisted|p2a: Gholdengo
|-crit|p2a: Gholdengo
|-damage|p2a: Gholdengo|0 fnt
|faint|p2a: Gholdengo
|
|upkeep
|
|t:|1779705349
|switch|p2a: Iron Valiant|Iron Valiant|100/100
|-damage|p2a: Iron Valiant|76/100|[from] Spikes
|-damage|p2a: Iron Valiant|69/100|[from] Stealth Rock
|-enditem|p2a: Iron Valiant|Booster Energy
|-activate|p2a: Iron Valiant|ability: Quark Drive|[fromitem]
|-start|p2a: Iron Valiant|quarkdrivespe
|turn|15
|
|t:|1779705361
|move|p2a: Iron Valiant|Moonblast|p1a: Iron Valiant
|-resisted|p1a: Iron Valiant
|-damage|p1a: Iron Valiant|55/100
|move|p1a: Iron Valiant|Moonblast|p2a: Iron Valiant
|-supereffective|p2a: Iron Valiant
|-damage|p2a: Iron Valiant|0 fnt
|faint|p2a: Iron Valiant
|-end|p2a: Iron Valiant|Quark Drive|[silent]
|
|upkeep
|
|t:|1779705371
|switch|p2a: Garchomp|Garchomp, F|100/100
|-damage|p2a: Garchomp|76/100|[from] Spikes
|-damage|p2a: Garchomp|69/100|[from] Stealth Rock
|turn|16
|-message|pokeeeeiii forfeited.
|
|win|batou7
|raw|batou7's rating: 1060 &rarr; <strong>1093</strong><br />(+33 for winning)
|raw|pokeeeeiii's rating: 1082 &rarr; <strong>1058</strong><br />(-24 for losing)
|l|☆pokeeeeiii
|player|p2|
