|j|☆fallen41
|j|☆Minnesotaaa
|t:|1779711899
|gametype|singles
|player|p1|fallen41|169|1208
|player|p2|Minnesotaaa|blue|1186
|gen|9
|tier|[Gen 9] OU
|rated|
|rule|HP Percentage Mod: HP is shown in percentages
|rule|Endless Battle Clause: Forcing endless battles is banned
|rule|Species Clause: Limit one of each Pokémon
|rule|OHKO Clause: OHKO moves are banned
|rule|Evasion Items Clause: Evasion items are banned
|rule|Evasion Moves Clause: Evasion moves are banned
|rule|Evasion Abilities Clause: Evasion abilities are banned
|rule|Sleep Moves Clause: Sleep-inducing moves are banned
|clearpoke
|poke|p1|Gliscor, M|
|poke|p1|Dragapult, F|
|poke|p1|Corviknight, M|
|poke|p1|Heatran, F|
|poke|p1|Ogerpon-Wellspring, F|
|poke|p1|Zamazenta-*|
|poke|p2|Ribombee, F|
|poke|p2|Kingambit, M|
|poke|p2|Malamar, M|
|poke|p2|Serperior, F|
|poke|p2|Milotic, M|
|poke|p2|Cinderace, F|
|teampreview
|inactive|Battle timer is ON: inactive players will automatically lose when time's up. (requested by Minnesotaaa)
|
|t:|1779711909
|teamsize|p1|6
|teamsize|p2|6
|start
|switch|p1a: Gliscor|Gliscor, M, shiny|100/100
|switch|p2a: Ribombee|Ribombee, F|100/100
|turn|1
|
|t:|1779711921
|move|p2a: Ribombee|Sticky Web|p1a: Gliscor
|-sidestart|p1: fallen41|move: Sticky Web
|move|p1a: Gliscor|Spikes|p2a: Ribombee
|-sidestart|p2: Minnesotaaa|Spikes
|
|-status|p1a: Gliscor|tox|[from] item: Toxic Orb
|upkeep
|turn|2
|
|t:|1779711932
|move|p2a: Ribombee|Quiver Dance|p2a: Ribombee
|-boost|p2a: Ribombee|spa|1
|-boost|p2a: Ribombee|spd|1
|-boost|p2a: Ribombee|spe|1
|move|p1a: Gliscor|Toxic|p2a: Ribombee
|-status|p2a: Ribombee|tox
|
|-damage|p2a: Ribombee|94/100 tox|[from] psn
|upkeep
|turn|3
|
|t:|1779711941
|move|p2a: Ribombee|Quiver Dance|p2a: Ribombee
|-boost|p2a: Ribombee|spa|1
|-boost|p2a: Ribombee|spd|1
|-boost|p2a: Ribombee|spe|1
|move|p1a: Gliscor|Knock Off|p2a: Ribombee
|-resisted|p2a: Ribombee
|-damage|p2a: Ribombee|73/100 tox
|-enditem|p2a: Ribombee|Focus Sash|[from] move: Knock Off|[of] p1a: Gliscor
|
|-damage|p2a: Ribombee|61/100 tox|[from] psn
|upkeep
|turn|4
|
|t:|1779711954
|move|p2a: Ribombee|Moonblast|p1a: Gliscor
|-damage|p1a: Gliscor|1/100 tox
|-unboost|p1a: Gliscor|spa|1
|move|p1a: Gliscor|Spikes|p2a: Ribombee
|-sidestart|p2: Minnesotaaa|Spikes
|
|-damage|p2a: Ribombee|42/100 tox|[from] psn
|-heal|p1a: Gliscor|13/100 tox|[from] ability: Poison Heal
|upkeep
|turn|5
|
|t:|1779711965
|move|p1a: Gliscor|Protect|p1a: Gliscor
|-singleturn|p1a: Gliscor|Protect
|move|p2a: Ribombee|Moonblast|p1a: Gliscor
|-activate|p1a: Gliscor|move: Protect
|
|-damage|p2a: Ribombee|18/100 tox|[from] psn
|-heal|p1a: Gliscor|26/100 tox|[from] ability: Poison Heal
|upkeep
|turn|6
|
|t:|1779711979
|switch|p1a: Corviknight|Corviknight, M, shiny|100/100
|-ability|p1a: Corviknight|Pressure
|move|p2a: Ribombee|Moonblast|p1a: Corviknight
|-resisted|p1a: Corviknight
|-damage|p1a: Corviknight|57/100
|
|-damage|p2a: Ribombee|0 fnt|[from] psn
|faint|p2a: Ribombee
|upkeep
|
|t:|1779711982
|switch|p2a: Cinderace|Cinderace, F|100/100
|turn|7
|
|t:|1779712001
|switch|p1a: Heatran|Heatran, F, shiny|100/100
|-item|p1a: Heatran|Air Balloon
|move|p2a: Cinderace|Pyro Ball|p1a: Heatran
|-start|p1a: Heatran|ability: Flash Fire
|
|upkeep
|turn|8
|
|t:|1779712011
|move|p2a: Cinderace|Court Change|p2a: Cinderace
|-start|p2a: Cinderace|typechange|Normal|[from] ability: Libero
|-swapsideconditions
|-activate|p2a: Cinderace|move: Court Change
|move|p1a: Heatran|Earth Power|p2a: Cinderace
|-damage|p2a: Cinderace|64/100
|
|upkeep
|turn|9
|
|t:|1779712022
|move|p2a: Cinderace|High Jump Kick|p1a: Heatran
|-supereffective|p1a: Heatran
|-damage|p1a: Heatran|33/100
|-enditem|p1a: Heatran|Air Balloon
|move|p1a: Heatran|Magma Storm|p2a: Cinderace
|-damage|p2a: Cinderace|0 fnt
|faint|p2a: Cinderace
|
|upkeep
|
|t:|1779712033
|switch|p2a: Malamar|Malamar, M|100/100
|-activate|p2a: Malamar|move: Sticky Web
|-boost|p2a: Malamar|spe|1
|turn|10
|
|t:|1779712044
|move|p2a: Malamar|Superpower|p1a: Heatran
|-supereffective|p1a: Heatran
|-damage|p1a: Heatran|0 fnt
|-boost|p2a: Malamar|atk|1
|-boost|p2a: Malamar|def|1
|faint|p1a: Heatran
|
|upkeep
|inactive|fallen41 has 120 seconds left.
|
|t:|1779712073
|switch|p1a: Dragapult|Dragapult, F, shiny|100/100
|-damage|p1a: Dragapult|84/100|[from] Spikes
|turn|11
|inactive|fallen41 has 120 seconds left.
|
|t:|1779712083
|-terastallize|p1a: Dragapult|Ghost
|move|p1a: Dragapult|Shadow Ball|p2a: Malamar
|-damage|p2a: Malamar|0 fnt
|faint|p2a: Malamar
|
|upkeep
|
|t:|1779712103
|switch|p2a: Milotic|Milotic, M|100/100
|-activate|p2a: Milotic|move: Sticky Web
|-unboost|p2a: Milotic|spe|1
|-ability|p2a: Milotic|Competitive|boost
|-boost|p2a: Milotic|spa|2
|turn|12
|
|t:|1779712114
|move|p1a: Dragapult|Shadow Ball|p2a: Milotic
|-damage|p2a: Milotic|51/100
|move|p2a: Milotic|Scald|p1a: Dragapult
|-damage|p1a: Dragapult|8/100
|
|-heal|p2a: Milotic|57/100|[from] item: Leftovers
|upkeep
|turn|13
|
|t:|1779712123
|move|p1a: Dragapult|Shadow Ball|p2a: Milotic
|-damage|p2a: Milotic|0 fnt
|faint|p2a: Milotic
|
|upkeep
|
|t:|1779712132
|switch|p2a: Serperior|Serperior, F|100/100
|-activate|p2a: Serperior|move: Sticky Web
|-boost|p2a: Serperior|spe|1
|turn|14
|
|t:|1779712136
|move|p2a: Serperior|Leaf Storm|p1a: Dragapult
|-damage|p1a: Dragapult|0 fnt
|-boost|p2a: Serperior|spa|2
|faint|p1a: Dragapult
|
|upkeep
|
|t:|1779712156
|switch|p1a: Gliscor|Gliscor, M, shiny|26/100 tox
|turn|15
|
|t:|1779712163
|move|p2a: Serperior|Leaf Storm|p1a: Gliscor
|-damage|p1a: Gliscor|0 fnt
|-boost|p2a: Serperior|spa|2
|faint|p1a: Gliscor
|
|upkeep
|
|t:|1779712182
|switch|p1a: Zamazenta|Zamazenta, shiny|100/100
|-damage|p1a: Zamazenta|84/100|[from] Spikes
|-ability|p1a: Zamazenta|Dauntless Shield|boost
|-boost|p1a: Zamazenta|def|1
|turn|16
|
|t:|1779712196
|move|p2a: Serperior|Leaf Storm|p1a: Zamazenta
|-damage|p1a: Zamazenta|0 fnt
|-boost|p2a: Serperior|spa|2
|faint|p1a: Zamazenta
|
|upkeep
|
|t:|1779712202
|switch|p1a: Corviknight|Corviknight, M, shiny|57/100
|-ability|p1a: Corviknight|Pressure
|turn|17
|
|t:|1779712208
|move|p2a: Serperior|Leech Seed|p1a: Corviknight
|-start|p1a: Corviknight|move: Leech Seed
|move|p1a: Corviknight|Roost|p1a: Corviknight
|-heal|p1a: Corviknight|100/100
|-singleturn|p1a: Corviknight|move: Roost
|
|-damage|p1a: Corviknight|88/100|[from] Leech Seed|[of] p2a: Serperior
|upkeep
|turn|18
|
|t:|1779712219
|move|p2a: Serperior|Glare|p1a: Corviknight
|-status|p1a: Corviknight|par
|cant|p1a: Corviknight|par
|
|-damage|p1a: Corviknight|76/100 par|[from] Leech Seed|[of] p2a: Serperior
|upkeep
|turn|19
|
|t:|1779712227
|move|p2a: Serperior|Substitute|p2a: Serperior
|-start|p2a: Serperior|Substitute
|-damage|p2a: Serperior|76/100
|cant|p1a: Corviknight|par
|
|-heal|p2a: Serperior|82/100|[from] item: Leftovers
|-damage|p1a: Corviknight|64/100 par|[from] Leech Seed|[of] p2a: Serperior
|-heal|p2a: Serperior|96/100|[silent]
|upkeep
|turn|20
|
|t:|1779712236
|move|p2a: Serperior|Leaf Storm|p1a: Corviknight
|-resisted|p1a: Corviknight
|-damage|p1a: Corviknight|16/100 par
|cant|p1a: Corviknight|par
|
|-heal|p2a: Serperior|100/100|[from] item: Leftovers
|-damage|p1a: Corviknight|4/100 par|[from] Leech Seed|[of] p2a: Serperior
|upkeep
|turn|21
|-message|fallen41 forfeited.
|
|win|Minnesotaaa
|raw|fallen41's rating: 1208 &rarr; <strong>1181</strong><br />(-27 for losing)
|raw|Minnesotaaa's rating: 1186 &rarr; <strong>1213</strong><br />(+27 for winning)
|l|☆fallen41
|player|p1|
|l|☆Minnesotaaa
|player|p2|
