|j|☆Twisted Divinity
|j|☆0TheRealAce0
|t:|1779556614
|gametype|singles
|player|p1|Twisted Divinity|acerola-masters|1496
|player|p2|0TheRealAce0|266|1491
|gen|9
|tier|[Gen 9] OU
|rated|
|rule|HP Percentage Mod: HP is shown in percentages
|rule|Endless Battle Clause: Forcing endless battles is banned
|rule|Species Clause: Limit one of each Pokémon
|rule|OHKO Clause: OHKO moves are banned
|rule|Evasion Items Clause: Evasion items are banned
|rule|Evasion Moves Clause: Evasion moves are banned
|rule|Evasion Abilities Clause: Evasion abilities are banned
|rule|Sleep Moves Clause: Sleep-inducing moves are banned
|clearpoke
|poke|p1|Wo-Chien|
|poke|p1|Torkoal, F|
|poke|p1|Cinderace, M|
|poke|p1|Great Tusk|
|poke|p1|Walking Wake|
|poke|p1|Clefable, M|
|poke|p2|Ogerpon-Wellspring, F|
|poke|p2|Dragapult, M|
|poke|p2|Great Tusk|
|poke|p2|Zapdos|
|poke|p2|Cinderace, F|
|poke|p2|Kingambit, M|
|teampreview
|inactive|Battle timer is ON: inactive players will automatically lose when time's up. (requested by Twisted Divinity)
|inactive|0TheRealAce0 also wants the timer to be on.
|
|t:|1779556629
|teamsize|p1|6
|teamsize|p2|6
|start
|switch|p1a: Chuck Norris Kick|Cinderace, M|100/100
|switch|p2a: DropADraco|Dragapult, M|100/100
|-item|p1a: Chuck Norris Kick|Air Balloon
|turn|1
|
|t:|1779556642
|switch|p1a: Let's Larp|Clefable, M|100/100
|move|p2a: DropADraco|Shadow Ball|p1a: Let's Larp
|-damage|p1a: Let's Larp|52/100
|
|upkeep
|turn|2
|
|t:|1779556654
|-terastallize|p2a: DropADraco|Ghost
|move|p2a: DropADraco|Shadow Ball|p1a: Let's Larp
|-damage|p1a: Let's Larp|0 fnt
|faint|p1a: Let's Larp
|
|upkeep
|
|t:|1779556660
|switch|p1a: The Sun Is So Loud|Torkoal, F|100/100
|-weather|SunnyDay|[from] ability: Drought|[of] p1a: The Sun Is So Loud
|turn|3
|
|t:|1779556663
|switch|p1a: Wo Chienuenly|Wo-Chien|100/100
|-ability|p1a: Wo Chienuenly|Tablets of Ruin
|move|p2a: DropADraco|Shadow Ball|p1a: Wo Chienuenly
|-resisted|p1a: Wo Chienuenly
|-damage|p1a: Wo Chienuenly|69/100
|
|-weather|SunnyDay|[upkeep]
|upkeep
|turn|4
|
|t:|1779556670
|switch|p2a: PortgusDAce|Cinderace, F|100/100
|move|p1a: Wo Chienuenly|Trailblaze|p2a: PortgusDAce
|-resisted|p2a: PortgusDAce
|-damage|p2a: PortgusDAce|84/100
|-boost|p1a: Wo Chienuenly|spe|1
|-damage|p1a: Wo Chienuenly|59/100|[from] item: Life Orb
|
|-weather|SunnyDay|[upkeep]
|upkeep
|turn|5
|
|t:|1779556678
|move|p1a: Wo Chienuenly|Knock Off|p2a: PortgusDAce
|-damage|p2a: PortgusDAce|20/100
|-enditem|p2a: PortgusDAce|Choice Band|[from] move: Knock Off|[of] p1a: Wo Chienuenly
|-damage|p1a: Wo Chienuenly|49/100|[from] item: Life Orb
|move|p2a: PortgusDAce|U-turn|p1a: Wo Chienuenly
|-start|p2a: PortgusDAce|typechange|Bug|[from] ability: Libero
|-supereffective|p1a: Wo Chienuenly
|-damage|p1a: Wo Chienuenly|0 fnt
|faint|p1a: Wo Chienuenly
|
|t:|1779556690
|switch|p2a: SpikyBird|Zapdos|100/100|[from] U-turn
|
|-weather|SunnyDay|[upkeep]
|upkeep
|
|t:|1779556693
|switch|p1a: MAXIMUM OUTPUT|Walking Wake|100/100
|-activate|p1a: MAXIMUM OUTPUT|ability: Protosynthesis
|-start|p1a: MAXIMUM OUTPUT|protosynthesisspe
|turn|6
|
|t:|1779556697
|switch|p2a: PortgusDAce|Cinderace, F|20/100
|move|p1a: MAXIMUM OUTPUT|Draco Meteor|p2a: PortgusDAce
|-crit|p2a: PortgusDAce
|-damage|p2a: PortgusDAce|0 fnt
|-unboost|p1a: MAXIMUM OUTPUT|spa|2
|faint|p2a: PortgusDAce
|
|-weather|SunnyDay|[upkeep]
|upkeep
|
|t:|1779556704
|switch|p2a: Dawg|Ogerpon-Wellspring, F|100/100
|turn|7
|
|t:|1779556710
|-end|p1a: MAXIMUM OUTPUT|Protosynthesis|[silent]
|switch|p1a: Chuck Norris Kick|Cinderace, M|100/100
|-item|p1a: Chuck Norris Kick|Air Balloon
|move|p2a: Dawg|Ivy Cudgel|p1a: Chuck Norris Kick|[anim] Ivy Cudgel Water
|-supereffective|p1a: Chuck Norris Kick
|-damage|p1a: Chuck Norris Kick|16/100
|-enditem|p1a: Chuck Norris Kick|Air Balloon
|
|-weather|SunnyDay|[upkeep]
|upkeep
|turn|8
|
|t:|1779556717
|switch|p2a: CounterBolt|Great Tusk|100/100
|-activate|p2a: CounterBolt|ability: Protosynthesis
|-start|p2a: CounterBolt|protosynthesisdef
|move|p1a: Chuck Norris Kick|Pyro Ball|p2a: CounterBolt
|-damage|p2a: CounterBolt|47/100
|
|-weather|SunnyDay|[upkeep]
|upkeep
|turn|9
|inactive|0TheRealAce0 has 120 seconds left.
|
|t:|1779556748
|-end|p2a: CounterBolt|Protosynthesis|[silent]
|switch|p2a: Dawg|Ogerpon-Wellspring, F|100/100
|move|p1a: Chuck Norris Kick|Pyro Ball|p2a: Dawg
|-damage|p2a: Dawg|0 fnt
|faint|p2a: Dawg
|
|-weather|SunnyDay|[upkeep]
|upkeep
|
|t:|1779556752
|switch|p2a: DropADraco|Dragapult, M, tera:Ghost|100/100
|turn|10
|
|t:|1779556759
|switch|p1a: Great Tuskarus|Great Tusk, shiny|100/100
|-activate|p1a: Great Tuskarus|ability: Protosynthesis
|-start|p1a: Great Tuskarus|protosynthesisspe
|move|p2a: DropADraco|Shadow Ball|p1a: Great Tuskarus
|-damage|p1a: Great Tuskarus|14/100
|
|-weather|none
|-end|p1a: Great Tuskarus|Protosynthesis
|upkeep
|turn|11
|
|t:|1779556762
|move|p2a: DropADraco|Shadow Ball|p1a: Great Tuskarus
|-damage|p1a: Great Tuskarus|0 fnt
|faint|p1a: Great Tuskarus
|-end|p1a: Great Tuskarus|Protosynthesis|[silent]
|
|upkeep
|
|t:|1779556763
|switch|p1a: The Sun Is So Loud|Torkoal, F|100/100
|-weather|SunnyDay|[from] ability: Drought|[of] p1a: The Sun Is So Loud
|turn|12
|
|t:|1779556765
|move|p2a: DropADraco|Shadow Ball|p1a: The Sun Is So Loud
|-damage|p1a: The Sun Is So Loud|42/100
|move|p1a: The Sun Is So Loud|Overheat|p2a: DropADraco
|-crit|p2a: DropADraco
|-damage|p2a: DropADraco|0 fnt
|-unboost|p1a: The Sun Is So Loud|spa|2
|faint|p2a: DropADraco
|
|-weather|SunnyDay|[upkeep]
|upkeep
|
|t:|1779556772
|switch|p2a: CounterBolt|Great Tusk|47/100
|-activate|p2a: CounterBolt|ability: Protosynthesis
|-start|p2a: CounterBolt|protosynthesisdef
|turn|13
|
|t:|1779556775
|move|p2a: CounterBolt|Rest|p2a: CounterBolt
|-status|p2a: CounterBolt|slp|[from] move: Rest
|-heal|p2a: CounterBolt|100/100 slp|[silent]
|-enditem|p2a: CounterBolt|Chesto Berry|[eat]
|-curestatus|p2a: CounterBolt|slp|[msg]
|move|p1a: The Sun Is So Loud|Will-O-Wisp|p2a: CounterBolt
|-status|p2a: CounterBolt|brn
|
|-weather|SunnyDay|[upkeep]
|-damage|p2a: CounterBolt|94/100 brn|[from] brn
|upkeep
|turn|14
|
|t:|1779556780
|move|p2a: CounterBolt|Rapid Spin|p1a: The Sun Is So Loud
|-damage|p1a: The Sun Is So Loud|36/100
|-boost|p2a: CounterBolt|spe|1
|move|p1a: The Sun Is So Loud|Overheat|p2a: CounterBolt|[miss]
|-miss|p1a: The Sun Is So Loud|p2a: CounterBolt
|
|-weather|SunnyDay|[upkeep]
|-damage|p2a: CounterBolt|88/100 brn|[from] brn
|upkeep
|turn|15
|
|t:|1779556791
|switch|p1a: MAXIMUM OUTPUT|Walking Wake|100/100
|-activate|p1a: MAXIMUM OUTPUT|ability: Protosynthesis
|-start|p1a: MAXIMUM OUTPUT|protosynthesisspe
|move|p2a: CounterBolt|Rapid Spin|p1a: MAXIMUM OUTPUT
|-damage|p1a: MAXIMUM OUTPUT|92/100
|-boost|p2a: CounterBolt|spe|1
|
|-weather|SunnyDay|[upkeep]
|-damage|p2a: CounterBolt|82/100 brn|[from] brn
|upkeep
|turn|16
|
|t:|1779556796
|move|p2a: CounterBolt|Headlong Rush|p1a: MAXIMUM OUTPUT
|-damage|p1a: MAXIMUM OUTPUT|65/100
|-unboost|p2a: CounterBolt|def|1
|-unboost|p2a: CounterBolt|spd|1
|move|p1a: MAXIMUM OUTPUT|Hydro Steam|p2a: CounterBolt
|-supereffective|p2a: CounterBolt
|-damage|p2a: CounterBolt|0 fnt
|faint|p2a: CounterBolt
|-end|p2a: CounterBolt|Protosynthesis|[silent]
|
|-weather|SunnyDay|[upkeep]
|upkeep
|
|t:|1779556802
|switch|p2a: SpikyBird|Zapdos|100/100
|turn|17
|
|t:|1779556808
|-terastallize|p1a: MAXIMUM OUTPUT|Water
|move|p1a: MAXIMUM OUTPUT|Hydro Steam|p2a: SpikyBird
|-damage|p2a: SpikyBird|0 fnt
|faint|p2a: SpikyBird
|
|-weather|SunnyDay|[upkeep]
|upkeep
|
|t:|1779556812
|switch|p2a: TheDarkKnight|Kingambit, M|100/100
|-activate|p2a: TheDarkKnight|ability: Supreme Overlord
|-start|p2a: TheDarkKnight|fallen5|[silent]
|turn|18
|
|t:|1779556815
|move|p2a: TheDarkKnight|Sucker Punch|p1a: MAXIMUM OUTPUT
|-damage|p1a: MAXIMUM OUTPUT|0 fnt
|faint|p1a: MAXIMUM OUTPUT
|-end|p1a: MAXIMUM OUTPUT|Protosynthesis|[silent]
|
|-weather|SunnyDay|[upkeep]
|upkeep
|
|t:|1779556818
|switch|p1a: The Sun Is So Loud|Torkoal, F|36/100
|turn|19
|c|☆Twisted Divinity|gg
|
|t:|1779556828
|move|p2a: TheDarkKnight|Kowtow Cleave|p1a: The Sun Is So Loud
|-damage|p1a: The Sun Is So Loud|0 fnt
|faint|p1a: The Sun Is So Loud
|
|-weather|none
|upkeep
|
|t:|1779556830
|switch|p1a: Chuck Norris Kick|Cinderace, M|16/100
|turn|20
|
|t:|1779556832
|move|p2a: TheDarkKnight|Sucker Punch|p1a: Chuck Norris Kick
|-damage|p1a: Chuck Norris Kick|0 fnt
|faint|p1a: Chuck Norris Kick
|
|win|0TheRealAce0
|raw|Twisted Divinity's rating: 1496 &rarr; <strong>1476</strong><br />(-20 for losing)
|raw|0TheRealAce0's rating: 1491 &rarr; <strong>1511</strong><br />(+20 for winning)
|l|☆Twisted Divinity
|player|p1|
|l|☆0TheRealAce0
|player|p2|
