|j|☆LFlintC
|j|☆partypluto
|t:|1779685810
|gametype|singles
|player|p1|LFlintC|ninjaboy|1060
|player|p2|partypluto|265|1092
|gen|9
|tier|[Gen 9] OU
|rated|
|rule|HP Percentage Mod: HP is shown in percentages
|rule|Endless Battle Clause: Forcing endless battles is banned
|rule|Species Clause: Limit one of each Pokémon
|rule|OHKO Clause: OHKO moves are banned
|rule|Evasion Items Clause: Evasion items are banned
|rule|Evasion Moves Clause: Evasion moves are banned
|rule|Evasion Abilities Clause: Evasion abilities are banned
|rule|Sleep Moves Clause: Sleep-inducing moves are banned
|clearpoke
|poke|p1|Glimmora, F|
|poke|p1|Gholdengo|
|poke|p1|Gliscor, M|
|poke|p1|Toxapex, M|
|poke|p1|Skeledirge, F|
|poke|p1|Ting-Lu|
|poke|p2|Ninetales, F|
|poke|p2|Charizard, M|
|poke|p2|Walking Wake|
|poke|p2|Slither Wing|
|poke|p2|Iron Valiant|
|poke|p2|Cinderace, F|
|teampreview
|
|t:|1779685820
|teamsize|p1|6
|teamsize|p2|6
|start
|switch|p1a: Glimmora|Glimmora, F|100/100
|switch|p2a: Ninetales|Ninetales, F, shiny|100/100
|-weather|SunnyDay|[from] ability: Drought|[of] p2a: Ninetales
|turn|1
|
|t:|1779685835
|move|p1a: Glimmora|Stealth Rock|p2a: Ninetales
|-sidestart|p2: partypluto|move: Stealth Rock
|move|p2a: Ninetales|Will-O-Wisp|p1a: Glimmora
|-status|p1a: Glimmora|brn
|
|-weather|SunnyDay|[upkeep]
|-damage|p1a: Glimmora|94/100 brn|[from] brn
|upkeep
|turn|2
|
|t:|1779685844
|switch|p2a: Walking Wake|Walking Wake|100/100
|-damage|p2a: Walking Wake|88/100|[from] Stealth Rock
|-activate|p2a: Walking Wake|ability: Protosynthesis
|-start|p2a: Walking Wake|protosynthesisspa
|move|p1a: Glimmora|Spikes|p2a: Walking Wake
|-sidestart|p2: partypluto|Spikes
|
|-weather|SunnyDay|[upkeep]
|-damage|p1a: Glimmora|88/100 brn|[from] brn
|upkeep
|turn|3
|
|t:|1779685855
|move|p2a: Walking Wake|Hydro Steam|p1a: Glimmora
|-supereffective|p1a: Glimmora
|-damage|p1a: Glimmora|0 fnt
|faint|p1a: Glimmora
|
|-weather|SunnyDay|[upkeep]
|upkeep
|
|t:|1779685863
|switch|p1a: Gholdengo|Gholdengo|100/100
|turn|4
|
|t:|1779685870
|move|p2a: Walking Wake|Flamethrower|p1a: Gholdengo
|-supereffective|p1a: Gholdengo
|-damage|p1a: Gholdengo|25/100
|move|p1a: Gholdengo|Make It Rain|p2a: Walking Wake
|-resisted|p2a: Walking Wake
|-damage|p2a: Walking Wake|54/100
|-unboost|p1a: Gholdengo|spa|1
|
|-weather|SunnyDay|[upkeep]
|-heal|p1a: Gholdengo|31/100|[from] item: Leftovers
|upkeep
|turn|5
|
|t:|1779685882
|move|p2a: Walking Wake|Hydro Steam|p1a: Gholdengo
|-damage|p1a: Gholdengo|0 fnt
|faint|p1a: Gholdengo
|
|-weather|SunnyDay|[upkeep]
|upkeep
|
|t:|1779685890
|switch|p1a: Gliscor|Gliscor, M|100/100
|turn|6
|
|t:|1779685895
|move|p2a: Walking Wake|Hydro Steam|p1a: Gliscor
|-supereffective|p1a: Gliscor
|-damage|p1a: Gliscor|0 fnt
|faint|p1a: Gliscor
|
|-weather|SunnyDay|[upkeep]
|upkeep
|
|t:|1779685903
|switch|p1a: Toxapex|Toxapex, M|100/100
|turn|7
|
|t:|1779685909
|move|p1a: Toxapex|Baneful Bunker|p1a: Toxapex
|-singleturn|p1a: Toxapex|move: Protect
|move|p2a: Walking Wake|Agility|p2a: Walking Wake
|-boost|p2a: Walking Wake|spe|2
|
|-weather|SunnyDay|[upkeep]
|upkeep
|turn|8
|
|t:|1779685919
|move|p2a: Walking Wake|Hydro Steam|p1a: Toxapex
|-resisted|p1a: Toxapex
|-damage|p1a: Toxapex|69/100
|move|p1a: Toxapex|Toxic Spikes|p2a: Walking Wake
|-sidestart|p2: partypluto|move: Toxic Spikes
|
|-weather|none
|-end|p2a: Walking Wake|Protosynthesis
|upkeep
|-enditem|p2a: Walking Wake|Booster Energy
|-activate|p2a: Walking Wake|ability: Protosynthesis|[fromitem]
|-start|p2a: Walking Wake|protosynthesisspe
|turn|9
|
|t:|1779685933
|move|p1a: Toxapex|Baneful Bunker|p1a: Toxapex
|-singleturn|p1a: Toxapex|move: Protect
|move|p2a: Walking Wake|Dragon Breath|p1a: Toxapex
|-activate|p1a: Toxapex|move: Protect
|
|upkeep
|turn|10
|
|t:|1779685944
|move|p2a: Walking Wake|Dragon Breath|p1a: Toxapex
|-damage|p1a: Toxapex|43/100
|-status|p1a: Toxapex|par
|cant|p1a: Toxapex|par
|
|upkeep
|turn|11
|
|t:|1779685952
|-end|p2a: Walking Wake|Protosynthesis|[silent]
|switch|p2a: Cinderace|Cinderace, F|100/100
|-damage|p2a: Cinderace|76/100|[from] Stealth Rock
|-item|p2a: Cinderace|Air Balloon
|move|p1a: Toxapex|Recover|p1a: Toxapex
|-heal|p1a: Toxapex|93/100 par
|
|upkeep
|turn|12
|
|t:|1779685961
|cant|p1a: Toxapex|par
|move|p2a: Cinderace|Court Change|p2a: Cinderace
|-start|p2a: Cinderace|typechange|Normal|[from] ability: Libero
|-swapsideconditions
|-activate|p2a: Cinderace|move: Court Change
|
|upkeep
|turn|13
|
|t:|1779685972
|switch|p2a: Ninetales|Ninetales, F, shiny|100/100
|-weather|SunnyDay|[from] ability: Drought|[of] p2a: Ninetales
|move|p1a: Toxapex|Baneful Bunker||[still]
|-fail|p1a: Toxapex
|
|-weather|SunnyDay|[upkeep]
|upkeep
|turn|14
|
|t:|1779685981
|move|p2a: Ninetales|Encore|p1a: Toxapex
|-start|p1a: Toxapex|Encore
|move|p1a: Toxapex|Baneful Bunker||[still]
|-fail|p1a: Toxapex
|
|-weather|SunnyDay|[upkeep]
|upkeep
|turn|15
|
|t:|1779685990
|switch|p2a: Charizard|Charizard, M, shiny|100/100
|move|p1a: Toxapex|Baneful Bunker||[still]
|-fail|p1a: Toxapex
|
|-weather|SunnyDay|[upkeep]
|-damage|p2a: Charizard|88/100|[from] ability: Solar Power|[of] p2a: Charizard
|upkeep
|turn|16
|
|t:|1779686002
|-terastallize|p1a: Toxapex|Flying
|cant|p1a: Toxapex|par
|move|p2a: Charizard|Roar|p1a: Toxapex
|drag|p1a: Skeledirge|Skeledirge, F|100/100
|
|-weather|SunnyDay|[upkeep]
|-damage|p2a: Charizard|76/100|[from] ability: Solar Power|[of] p2a: Charizard
|upkeep
|turn|17
|
|t:|1779686022
|move|p2a: Charizard|Weather Ball|p1a: Skeledirge
|-resisted|p1a: Skeledirge
|-damage|p1a: Skeledirge|62/100
|move|p1a: Skeledirge|Torch Song|p2a: Charizard
|-resisted|p2a: Charizard
|-damage|p2a: Charizard|46/100
|-boost|p1a: Skeledirge|spa|1
|
|-weather|SunnyDay|[upkeep]
|-damage|p2a: Charizard|33/100|[from] ability: Solar Power|[of] p2a: Charizard
|upkeep
|turn|18
|
|t:|1779686033
|move|p2a: Charizard|Scorching Sands|p1a: Skeledirge
|-supereffective|p1a: Skeledirge
|-damage|p1a: Skeledirge|8/100
|move|p1a: Skeledirge|Torch Song|p2a: Charizard
|-resisted|p2a: Charizard
|-damage|p2a: Charizard|0 fnt
|-boost|p1a: Skeledirge|spa|1
|faint|p2a: Charizard
|
|-weather|SunnyDay|[upkeep]
|upkeep
|
|t:|1779686074
|switch|p2a: Slither Wing|Slither Wing, shiny|100/100
|-activate|p2a: Slither Wing|ability: Protosynthesis
|-start|p2a: Slither Wing|protosynthesisatk
|turn|19
|
|t:|1779686081
|move|p2a: Slither Wing|First Impression|p1a: Skeledirge
|-resisted|p1a: Skeledirge
|-damage|p1a: Skeledirge|0 fnt
|faint|p1a: Skeledirge
|
|-weather|SunnyDay|[upkeep]
|upkeep
|
|t:|1779686089
|switch|p1a: Toxapex|Toxapex, M, tera:Flying|100/100 par
|-damage|p1a: Toxapex|75/100 par|[from] Stealth Rock
|turn|20
|
|t:|1779686096
|move|p2a: Slither Wing|Wild Charge|p1a: Toxapex
|-supereffective|p1a: Toxapex
|-damage|p1a: Toxapex|29/100 par
|-damage|p2a: Slither Wing|84/100|[from] item: Rocky Helmet|[of] p1a: Toxapex
|-damage|p2a: Slither Wing|73/100|[from] Recoil
|move|p1a: Toxapex|Haze|p1a: Toxapex
|-clearallboost
|
|-weather|none
|-end|p2a: Slither Wing|Protosynthesis
|upkeep
|turn|21
|
|t:|1779686107
|move|p2a: Slither Wing|Wild Charge|p1a: Toxapex
|-supereffective|p1a: Toxapex
|-damage|p1a: Toxapex|0 fnt
|-damage|p2a: Slither Wing|56/100|[from] item: Rocky Helmet|[of] p1a: Toxapex
|faint|p1a: Toxapex
|-damage|p2a: Slither Wing|49/100|[from] Recoil
|
|upkeep
|
|t:|1779686115
|switch|p1a: Ting-Lu|Ting-Lu|100/100
|-damage|p1a: Ting-Lu|94/100|[from] Stealth Rock
|-damage|p1a: Ting-Lu|82/100|[from] Spikes
|-status|p1a: Ting-Lu|psn
|-ability|p1a: Ting-Lu|Vessel of Ruin
|turn|22
|
|t:|1779686125
|move|p2a: Slither Wing|U-turn|p1a: Ting-Lu
|-supereffective|p1a: Ting-Lu
|-damage|p1a: Ting-Lu|49/100 psn
|
|t:|1779686133
|-end|p2a: Slither Wing|Protosynthesis|[silent]
|switch|p2a: Ninetales|Ninetales, F, shiny|100/100|[from] U-turn
|-weather|SunnyDay|[from] ability: Drought|[of] p2a: Ninetales
|move|p1a: Ting-Lu|Whirlwind|p2a: Ninetales
|drag|p2a: Cinderace|Cinderace, F|76/100
|-item|p2a: Cinderace|Air Balloon
|
|-weather|SunnyDay|[upkeep]
|-heal|p1a: Ting-Lu|55/100 psn|[from] item: Leftovers
|-damage|p1a: Ting-Lu|43/100 psn|[from] psn
|upkeep
|turn|23
|
|t:|1779686147
|move|p2a: Cinderace|High Jump Kick|p1a: Ting-Lu
|-start|p2a: Cinderace|typechange|Fighting|[from] ability: Libero
|-supereffective|p1a: Ting-Lu
|-damage|p1a: Ting-Lu|0 fnt
|faint|p1a: Ting-Lu
|
|win|partypluto
|raw|LFlintC's rating: 1060 &rarr; <strong>1043</strong><br />(-17 for losing)
|raw|partypluto's rating: 1092 &rarr; <strong>1116</strong><br />(+24 for winning)
|l|☆LFlintC
|player|p1|
|l|☆partypluto
|player|p2|
