|j|☆npctypebeat
|j|☆Skytrainer Trent
|t:|1779595223
|gametype|singles
|player|p1|npctypebeat|2|1112
|player|p2|Skytrainer Trent|bugcatcher-gen4dp|1164
|gen|9
|tier|[Gen 9] OU
|rated|
|rule|HP Percentage Mod: HP is shown in percentages
|rule|Endless Battle Clause: Forcing endless battles is banned
|rule|Species Clause: Limit one of each Pokémon
|rule|OHKO Clause: OHKO moves are banned
|rule|Evasion Items Clause: Evasion items are banned
|rule|Evasion Moves Clause: Evasion moves are banned
|rule|Evasion Abilities Clause: Evasion abilities are banned
|rule|Sleep Moves Clause: Sleep-inducing moves are banned
|clearpoke
|poke|p1|Gliscor, F|
|poke|p1|Gholdengo|
|poke|p1|Zamazenta-*|
|poke|p1|Blissey, F|
|poke|p1|Skarmory, M|
|poke|p1|Pecharunt|
|poke|p2|Veluza, F|
|poke|p2|Kingambit, F|
|poke|p2|Ogerpon, F|
|poke|p2|Iron Valiant|
|poke|p2|Ursaluna, F|
|poke|p2|Iron Moth|
|teampreview
|c|☆npctypebeat|hf
|c|☆Skytrainer Trent|Good luck to you too mate
|
|t:|1779595250
|teamsize|p1|6
|teamsize|p2|6
|start
|switch|p1a: Skarmory|Skarmory, M|100/100
|switch|p2a: Ursaluna|Ursaluna, F|100/100
|turn|1
|inactive|Battle timer is ON: inactive players will automatically lose when time's up. (requested by npctypebeat)
|inactive|npctypebeat has 120 seconds left.
|
|t:|1779595289
|move|p2a: Ursaluna|Protect|p2a: Ursaluna
|-singleturn|p2a: Ursaluna|Protect
|move|p1a: Skarmory|Body Press|p2a: Ursaluna
|-activate|p2a: Ursaluna|move: Protect
|
|-status|p2a: Ursaluna|brn|[from] item: Flame Orb
|upkeep
|turn|2
|
|t:|1779595310
|move|p1a: Skarmory|Spikes|p2a: Ursaluna
|-sidestart|p2: Skytrainer Trent|Spikes
|move|p2a: Ursaluna|Facade|p1a: Skarmory
|-resisted|p1a: Skarmory
|-crit|p1a: Skarmory
|-damage|p1a: Skarmory|38/100
|
|-damage|p2a: Ursaluna|94/100 brn|[from] brn
|upkeep
|turn|3
|inactive|npctypebeat has 120 seconds left.
|
|t:|1779595341
|switch|p2a: Ogerpon|Ogerpon, F|100/100
|-damage|p2a: Ogerpon|88/100|[from] Spikes
|move|p1a: Skarmory|Roost|p1a: Skarmory
|-heal|p1a: Skarmory|88/100
|-singleturn|p1a: Skarmory|move: Roost
|
|upkeep
|turn|4
|inactive|npctypebeat has 120 seconds left.
|
|t:|1779595354
|move|p2a: Ogerpon|Encore|p1a: Skarmory
|-start|p1a: Skarmory|Encore
|move|p1a: Skarmory|Roost|p1a: Skarmory
|-heal|p1a: Skarmory|100/100
|-singleturn|p1a: Skarmory|move: Roost
|
|upkeep
|turn|5
|inactive|npctypebeat has 120 seconds left.
|
|t:|1779595362
|switch|p2a: Ursaluna|Ursaluna, F|94/100 brn
|-damage|p2a: Ursaluna|82/100 brn|[from] Spikes
|switch|p1a: Zamazenta|Zamazenta|100/100
|-ability|p1a: Zamazenta|Dauntless Shield|boost
|-boost|p1a: Zamazenta|def|1
|
|-damage|p2a: Ursaluna|76/100 brn|[from] brn
|upkeep
|turn|6
|
|t:|1779595370
|move|p1a: Zamazenta|Close Combat|p2a: Ursaluna
|-supereffective|p2a: Ursaluna
|-damage|p2a: Ursaluna|0 fnt
|-unboost|p1a: Zamazenta|def|1
|-unboost|p1a: Zamazenta|spd|1
|faint|p2a: Ursaluna
|
|upkeep
|
|t:|1779595374
|switch|p2a: Iron Valiant|Iron Valiant|100/100
|-damage|p2a: Iron Valiant|88/100|[from] Spikes
|turn|7
|
|t:|1779595389
|move|p1a: Zamazenta|Close Combat|p2a: Iron Valiant
|-resisted|p2a: Iron Valiant
|-damage|p2a: Iron Valiant|61/100
|-unboost|p1a: Zamazenta|def|1
|-unboost|p1a: Zamazenta|spd|1
|move|p2a: Iron Valiant|Spirit Break|p1a: Zamazenta
|-supereffective|p1a: Zamazenta
|-damage|p1a: Zamazenta|11/100
|-unboost|p1a: Zamazenta|spa|1
|
|upkeep
|turn|8
|
|t:|1779595400
|move|p1a: Zamazenta|Heavy Slam|p2a: Iron Valiant
|-supereffective|p2a: Iron Valiant
|-damage|p2a: Iron Valiant|0 fnt
|faint|p2a: Iron Valiant
|-end|p2a: Iron Valiant|Quark Drive|[silent]
|
|upkeep
|
|t:|1779595409
|switch|p2a: Iron Moth|Iron Moth|100/100
|-damage|p2a: Iron Moth|88/100|[from] Spikes
|turn|9
|
|t:|1779595421
|move|p1a: Zamazenta|Close Combat|p2a: Iron Moth
|-resisted|p2a: Iron Moth
|-damage|p2a: Iron Moth|53/100
|-unboost|p1a: Zamazenta|def|1
|-unboost|p1a: Zamazenta|spd|1
|move|p2a: Iron Moth|Sludge Wave|p1a: Zamazenta
|-damage|p1a: Zamazenta|0 fnt
|faint|p1a: Zamazenta
|
|upkeep
|inactive|npctypebeat has 120 seconds left.
|
|t:|1779595461
|switch|p1a: Gliscor|Gliscor, F|100/100
|turn|10
|
|t:|1779595466
|-end|p2a: Iron Moth|Quark Drive|[silent]
|switch|p2a: Kingambit|Kingambit, F|100/100
|move|p1a: Gliscor|Earthquake|p2a: Kingambit
|-supereffective|p2a: Kingambit
|-crit|p2a: Kingambit
|-damage|p2a: Kingambit|25/100
|
|-status|p1a: Gliscor|tox|[from] item: Toxic Orb
|upkeep
|turn|11
|inactive|npctypebeat has 120 seconds left.
|
|t:|1779595501
|switch|p2a: Ogerpon|Ogerpon, F|88/100
|-damage|p2a: Ogerpon|76/100|[from] Spikes
|move|p1a: Gliscor|Earthquake|p2a: Ogerpon
|-resisted|p2a: Ogerpon
|-damage|p2a: Ogerpon|53/100
|
|upkeep
|turn|12
|
|t:|1779595515
|move|p2a: Ogerpon|Knock Off|p1a: Gliscor
|-damage|p1a: Gliscor|76/100 tox
|-enditem|p1a: Gliscor|Toxic Orb|[from] move: Knock Off|[of] p2a: Ogerpon
|move|p1a: Gliscor|Earthquake|p2a: Ogerpon
|-resisted|p2a: Ogerpon
|-damage|p2a: Ogerpon|33/100
|
|-heal|p1a: Gliscor|89/100 tox|[from] ability: Poison Heal
|upkeep
|turn|13
|
|t:|1779595522
|switch|p2a: Veluza|Veluza, F|100/100
|-damage|p2a: Veluza|88/100|[from] Spikes
|-ability|p2a: Veluza|Mold Breaker
|move|p1a: Gliscor|Earthquake|p2a: Veluza
|-damage|p2a: Veluza|40/100
|
|-heal|p1a: Gliscor|100/100 tox|[from] ability: Poison Heal
|upkeep
|turn|14
|
|t:|1779595533
|move|p2a: Veluza|Liquidation|p1a: Gliscor
|-supereffective|p1a: Gliscor
|-damage|p1a: Gliscor|40/100 tox
|move|p1a: Gliscor|Earthquake|p2a: Veluza
|-damage|p2a: Veluza|0 fnt
|faint|p2a: Veluza
|
|-heal|p1a: Gliscor|53/100 tox|[from] ability: Poison Heal
|upkeep
|
|t:|1779595539
|switch|p2a: Kingambit|Kingambit, F|25/100
|turn|15
|
|t:|1779595544
|move|p2a: Kingambit|Sucker Punch|p1a: Gliscor
|-damage|p1a: Gliscor|23/100 tox
|move|p1a: Gliscor|Earthquake|p2a: Kingambit
|-supereffective|p2a: Kingambit
|-damage|p2a: Kingambit|0 fnt
|faint|p2a: Kingambit
|
|-heal|p1a: Gliscor|35/100 tox|[from] ability: Poison Heal
|upkeep
|
|t:|1779595548
|switch|p2a: Iron Moth|Iron Moth|53/100
|-damage|p2a: Iron Moth|41/100|[from] Spikes
|turn|16
|inactive|npctypebeat has 120 seconds left.
|
|t:|1779595562
|-terastallize|p2a: Iron Moth|Flying
|move|p2a: Iron Moth|Energy Ball|p1a: Gliscor
|-crit|p1a: Gliscor
|-damage|p1a: Gliscor|0 fnt
|faint|p1a: Gliscor
|
|upkeep
|inactive|npctypebeat has 120 seconds left.
|
|t:|1779595567
|switch|p1a: Skarmory|Skarmory, M|100/100
|turn|17
|
|t:|1779595571
|-end|p2a: Iron Moth|Quark Drive|[silent]
|switch|p2a: Ogerpon|Ogerpon, F|33/100
|-damage|p2a: Ogerpon|21/100|[from] Spikes
|move|p1a: Skarmory|Body Press|p2a: Ogerpon
|-damage|p2a: Ogerpon|0 fnt
|faint|p2a: Ogerpon
|
|upkeep
|
|t:|1779595574
|switch|p2a: Iron Moth|Iron Moth, tera:Flying|41/100
|turn|18
|
|t:|1779595576
|move|p2a: Iron Moth|Heat Wave|p1a: Skarmory|[miss]
|-miss|p2a: Iron Moth|p1a: Skarmory
|move|p1a: Skarmory|Body Press|p2a: Iron Moth
|-resisted|p2a: Iron Moth
|-damage|p2a: Iron Moth|23/100
|
|upkeep
|turn|19
|
|t:|1779595581
|move|p2a: Iron Moth|Heat Wave|p1a: Skarmory
|-supereffective|p1a: Skarmory
|-ability|p1a: Skarmory|Sturdy
|-damage|p1a: Skarmory|1/100
|-status|p1a: Skarmory|brn
|move|p1a: Skarmory|Body Press|p2a: Iron Moth
|-resisted|p2a: Iron Moth
|-damage|p2a: Iron Moth|14/100
|
|-damage|p1a: Skarmory|0 fnt|[from] brn
|faint|p1a: Skarmory
|upkeep
|
|t:|1779595584
|switch|p1a: Pecharunt|Pecharunt|100/100
|turn|20
|
|t:|1779595592
|move|p2a: Iron Moth|Heat Wave|p1a: Pecharunt|[miss]
|-miss|p2a: Iron Moth|p1a: Pecharunt
|move|p1a: Pecharunt|Shadow Ball|p2a: Iron Moth
|-damage|p2a: Iron Moth|0 fnt
|faint|p2a: Iron Moth
|-end|p2a: Iron Moth|Quark Drive|[silent]
|
|win|npctypebeat
|raw|npctypebeat's rating: 1136 &rarr; <strong>1163</strong><br />(+27 for winning)
|raw|Skytrainer Trent's rating: 1164 &rarr; <strong>1137</strong><br />(-27 for losing)
|c|☆npctypebeat|gg
|c|☆Skytrainer Trent|Ggs
|l|☆Skytrainer Trent
|player|p2|
