|j|☆ILOVEPECHARUNTRAH
|j|☆gyhe
|t:|1779563222
|gametype|singles
|player|p1|ILOVEPECHARUNTRAH|miku-ghost|1573
|player|p2|gyhe|266|1595
|gen|9
|tier|[Gen 9] OU
|rated|
|rule|HP Percentage Mod: HP is shown in percentages
|rule|Endless Battle Clause: Forcing endless battles is banned
|rule|Species Clause: Limit one of each Pokémon
|rule|OHKO Clause: OHKO moves are banned
|rule|Evasion Items Clause: Evasion items are banned
|rule|Evasion Moves Clause: Evasion moves are banned
|rule|Evasion Abilities Clause: Evasion abilities are banned
|rule|Sleep Moves Clause: Sleep-inducing moves are banned
|clearpoke
|poke|p1|Latios, M|
|poke|p1|Darkrai|
|poke|p1|Garganacl, F|
|poke|p1|Iron Treads|
|poke|p1|Okidogi, M|
|poke|p1|Ogerpon-Wellspring, F|
|poke|p2|Lokix, M|
|poke|p2|Pecharunt|
|poke|p2|Zamazenta-*|
|poke|p2|Ting-Lu|
|poke|p2|Latios, M|
|poke|p2|Gliscor, F|
|teampreview
|inactive|Battle timer is ON: inactive players will automatically lose when time's up. (requested by ILOVEPECHARUNTRAH)
|
|t:|1779563247
|teamsize|p1|6
|teamsize|p2|6
|start
|switch|p1a: Ogerpon|Ogerpon-Wellspring, F|100/100
|switch|p2a: Ting-Lu|Ting-Lu|100/100
|-ability|p2a: Ting-Lu|Vessel of Ruin
|turn|1
|
|t:|1779563265
|switch|p2a: Pecharunt|Pecharunt|100/100
|move|p1a: Ogerpon|U-turn|p2a: Pecharunt
|-resisted|p2a: Pecharunt
|-damage|p2a: Pecharunt|97/100
|
|t:|1779563269
|switch|p1a: Latios|Latios, M|100/100|[from] U-turn
|
|upkeep
|turn|2
|
|t:|1779563272
|switch|p2a: Ting-Lu|Ting-Lu|100/100
|-ability|p2a: Ting-Lu|Vessel of Ruin
|move|p1a: Latios|Trick|p2a: Ting-Lu
|-activate|p1a: Latios|move: Trick|[of] p2a: Ting-Lu
|-item|p2a: Ting-Lu|Choice Specs|[from] move: Trick
|-item|p1a: Latios|Leftovers|[from] move: Trick
|
|upkeep
|turn|3
|
|t:|1779563285
|switch|p1a: Ogerpon|Ogerpon-Wellspring, F|100/100
|switch|p2a: Gliscor|Gliscor, F|100/100
|
|-status|p2a: Gliscor|tox|[from] item: Toxic Orb
|upkeep
|turn|4
|
|t:|1779563289
|move|p1a: Ogerpon|Ivy Cudgel|p2a: Gliscor|[anim] Ivy Cudgel Water
|-supereffective|p2a: Gliscor
|-crit|p2a: Gliscor
|-damage|p2a: Gliscor|0 fnt
|faint|p2a: Gliscor
|
|upkeep
|
|t:|1779563295
|switch|p2a: Lokix|Lokix, M|100/100
|turn|5
|
|t:|1779563300
|switch|p1a: Iron Treads|Iron Treads|100/100
|move|p2a: Lokix|Knock Off|p1a: Iron Treads
|-damage|p1a: Iron Treads|56/100
|-enditem|p1a: Iron Treads|Assault Vest|[from] move: Knock Off|[of] p2a: Lokix
|
|upkeep
|turn|6
|
|t:|1779563312
|move|p1a: Iron Treads|Ice Spinner|p2a: Lokix
|-damage|p2a: Lokix|65/100
|move|p2a: Lokix|U-turn|p1a: Iron Treads
|-resisted|p1a: Iron Treads
|-damage|p1a: Iron Treads|25/100
|
|t:|1779563321
|switch|p2a: Latios|Latios, M|100/100|[from] U-turn
|
|upkeep
|turn|7
|
|t:|1779563331
|-end|p1a: Iron Treads|Quark Drive|[silent]
|switch|p1a: Garganacl|Garganacl, F|100/100
|move|p2a: Latios|Psychic Noise|p1a: Garganacl
|-damage|p1a: Garganacl|65/100
|-start|p1a: Garganacl|move: Heal Block
|
|upkeep
|turn|8
|
|t:|1779563335
|move|p1a: Garganacl|Protect|p1a: Garganacl
|-singleturn|p1a: Garganacl|Protect
|move|p2a: Latios|Psychic Noise|p1a: Garganacl
|-activate|p1a: Garganacl|move: Protect
|
|-end|p1a: Garganacl|move: Heal Block
|upkeep
|turn|9
|
|t:|1779563345
|switch|p1a: Darkrai|Darkrai|100/100
|move|p2a: Latios|Draco Meteor|p1a: Darkrai
|-damage|p1a: Darkrai|0 fnt
|-unboost|p2a: Latios|spa|2
|faint|p1a: Darkrai
|
|upkeep
|
|t:|1779563351
|switch|p1a: Ogerpon|Ogerpon-Wellspring, F|100/100
|turn|10
|
|t:|1779563356
|switch|p2a: Pecharunt|Pecharunt|97/100
|move|p1a: Ogerpon|Ivy Cudgel|p2a: Pecharunt|[anim] Ivy Cudgel Water
|-damage|p2a: Pecharunt|69/100
|
|upkeep
|turn|11
|
|t:|1779563359
|move|p1a: Ogerpon|U-turn|p2a: Pecharunt
|-resisted|p2a: Pecharunt
|-damage|p2a: Pecharunt|66/100
|
|t:|1779563361
|switch|p1a: Okidogi|Okidogi, M|100/100|[from] U-turn
|move|p2a: Pecharunt|Recover|p2a: Pecharunt
|-heal|p2a: Pecharunt|100/100
|
|upkeep
|turn|12
|
|t:|1779563371
|move|p1a: Okidogi|Bulk Up|p1a: Okidogi
|-boost|p1a: Okidogi|atk|1
|-boost|p1a: Okidogi|def|1
|move|p2a: Pecharunt|Parting Shot|p1a: Okidogi
|-unboost|p1a: Okidogi|atk|1
|-unboost|p1a: Okidogi|spa|1
|
|t:|1779563374
|switch|p2a: Latios|Latios, M|100/100|[from] Parting Shot
|
|upkeep
|turn|13
|
|t:|1779563384
|-terastallize|p1a: Okidogi|Fairy
|move|p2a: Latios|Psychic Noise|p1a: Okidogi
|-damage|p1a: Okidogi|66/100
|-start|p1a: Okidogi|move: Heal Block
|move|p1a: Okidogi|Knock Off|p2a: Latios
|-supereffective|p2a: Latios
|-damage|p2a: Latios|25/100
|-status|p2a: Latios|tox|[from] ability: Toxic Chain|[of] p1a: Okidogi
|-enditem|p2a: Latios|Soul Dew|[from] move: Knock Off|[of] p1a: Okidogi
|
|-damage|p2a: Latios|19/100 tox|[from] psn
|upkeep
|turn|14
|
|t:|1779563394
|move|p2a: Latios|Flip Turn|p1a: Okidogi
|-damage|p1a: Okidogi|59/100
|
|t:|1779563397
|switch|p2a: Pecharunt|Pecharunt|100/100|[from] Flip Turn
|move|p1a: Okidogi|Poison Jab|p2a: Pecharunt
|-resisted|p2a: Pecharunt
|-damage|p2a: Pecharunt|97/100
|
|-end|p1a: Okidogi|move: Heal Block
|upkeep
|turn|15
|
|t:|1779563405
|move|p1a: Okidogi|Knock Off|p2a: Pecharunt
|-supereffective|p2a: Pecharunt
|-damage|p2a: Pecharunt|71/100
|-enditem|p2a: Pecharunt|Heavy-Duty Boots|[from] move: Knock Off|[of] p1a: Okidogi
|move|p2a: Pecharunt|Malignant Chain|p1a: Okidogi
|-supereffective|p1a: Okidogi
|-damage|p1a: Okidogi|14/100
|-status|p1a: Okidogi|tox
|-start|p1a: Okidogi|confusion|[from] ability: Poison Puppeteer|[of] p2a: Pecharunt
|
|-heal|p1a: Okidogi|20/100 tox|[from] item: Leftovers
|-damage|p1a: Okidogi|14/100 tox|[from] psn
|upkeep
|turn|16
|
|t:|1779563416
|switch|p1a: Iron Treads|Iron Treads|25/100
|move|p2a: Pecharunt|Recover|p2a: Pecharunt
|-heal|p2a: Pecharunt|100/100
|
|upkeep
|turn|17
|
|t:|1779563428
|switch|p2a: Ting-Lu|Ting-Lu|100/100
|-ability|p2a: Ting-Lu|Vessel of Ruin
|move|p1a: Iron Treads|Earthquake|p2a: Ting-Lu
|-damage|p2a: Ting-Lu|74/100
|
|upkeep
|turn|18
|
|t:|1779563434
|-end|p1a: Iron Treads|Quark Drive|[silent]
|switch|p1a: Okidogi|Okidogi, M, tera:Fairy|14/100 tox
|move|p2a: Ting-Lu|Earthquake|p1a: Okidogi
|-damage|p1a: Okidogi|0 fnt
|faint|p1a: Okidogi
|
|upkeep
|
|t:|1779563437
|switch|p1a: Latios|Latios, M|100/100
|turn|19
|
|t:|1779563448
|switch|p2a: Lokix|Lokix, M|65/100
|move|p1a: Latios|Draco Meteor|p2a: Lokix
|-damage|p2a: Lokix|0 fnt
|-unboost|p1a: Latios|spa|2
|faint|p2a: Lokix
|
|upkeep
|
|t:|1779563455
|switch|p2a: Ting-Lu|Ting-Lu|74/100
|-ability|p2a: Ting-Lu|Vessel of Ruin
|turn|20
|
|t:|1779563458
|switch|p1a: Iron Treads|Iron Treads|25/100
|move|p2a: Ting-Lu|Stealth Rock|p1a: Iron Treads
|-sidestart|p1: ILOVEPECHARUNTRAH|move: Stealth Rock
|
|upkeep
|turn|21
|
|t:|1779563476
|-end|p1a: Iron Treads|Quark Drive|[silent]
|switch|p1a: Garganacl|Garganacl, F|65/100
|-damage|p1a: Garganacl|53/100|[from] Stealth Rock
|switch|p2a: Pecharunt|Pecharunt|100/100
|
|-heal|p1a: Garganacl|59/100|[from] item: Leftovers
|upkeep
|turn|22
|
|t:|1779563483
|move|p2a: Pecharunt|Parting Shot|p1a: Garganacl
|-unboost|p1a: Garganacl|atk|1
|-unboost|p1a: Garganacl|spa|1
|
|t:|1779563485
|switch|p2a: Latios|Latios, M|19/100 tox|[from] Parting Shot
|move|p1a: Garganacl|Salt Cure|p2a: Latios
|-damage|p2a: Latios|6/100 tox
|-start|p2a: Latios|Salt Cure
|
|-heal|p1a: Garganacl|65/100|[from] item: Leftovers
|-damage|p2a: Latios|0 fnt|[from] psn
|faint|p2a: Latios
|upkeep
|
|t:|1779563487
|switch|p2a: Zamazenta|Zamazenta|100/100
|-ability|p2a: Zamazenta|Dauntless Shield|boost
|-boost|p2a: Zamazenta|def|1
|turn|23
|
|t:|1779563496
|switch|p1a: Iron Treads|Iron Treads|25/100
|-damage|p1a: Iron Treads|22/100|[from] Stealth Rock
|move|p2a: Zamazenta|Close Combat|p1a: Iron Treads
|-supereffective|p1a: Iron Treads
|-damage|p1a: Iron Treads|0 fnt
|-unboost|p2a: Zamazenta|def|1
|-unboost|p2a: Zamazenta|spd|1
|faint|p1a: Iron Treads
|-end|p1a: Iron Treads|Quark Drive|[silent]
|
|upkeep
|
|t:|1779563503
|switch|p1a: Latios|Latios, M|100/100
|-damage|p1a: Latios|88/100|[from] Stealth Rock
|turn|24
|
|t:|1779563513
|switch|p2a: Ting-Lu|Ting-Lu|74/100
|-ability|p2a: Ting-Lu|Vessel of Ruin
|move|p1a: Latios|Draco Meteor|p2a: Ting-Lu
|-damage|p2a: Ting-Lu|43/100
|-unboost|p1a: Latios|spa|2
|
|-heal|p1a: Latios|94/100|[from] item: Leftovers
|upkeep
|turn|25
|
|t:|1779563519
|switch|p1a: Ogerpon|Ogerpon-Wellspring, F|100/100
|-damage|p1a: Ogerpon|88/100|[from] Stealth Rock
|move|p2a: Ting-Lu|Whirlwind|p1a: Ogerpon
|drag|p1a: Latios|Latios, M|94/100
|-damage|p1a: Latios|82/100|[from] Stealth Rock
|
|-heal|p1a: Latios|88/100|[from] item: Leftovers
|upkeep
|turn|26
|
|t:|1779563525
|move|p1a: Latios|Aura Sphere|p2a: Ting-Lu
|-supereffective|p2a: Ting-Lu
|-damage|p2a: Ting-Lu|18/100
|move|p2a: Ting-Lu|Whirlwind|p1a: Latios
|drag|p1a: Garganacl|Garganacl, F|65/100
|-damage|p1a: Garganacl|53/100|[from] Stealth Rock
|
|-heal|p1a: Garganacl|59/100|[from] item: Leftovers
|upkeep
|turn|27
|
|t:|1779563528
|move|p1a: Garganacl|Recover|p1a: Garganacl
|-heal|p1a: Garganacl|100/100
|move|p2a: Ting-Lu|Whirlwind|p1a: Garganacl
|drag|p1a: Ogerpon|Ogerpon-Wellspring, F|88/100
|-damage|p1a: Ogerpon|76/100|[from] Stealth Rock
|
|upkeep
|turn|28
|
|t:|1779563534
|move|p1a: Ogerpon|Ivy Cudgel|p2a: Ting-Lu|[anim] Ivy Cudgel Water
|-supereffective|p2a: Ting-Lu
|-damage|p2a: Ting-Lu|0 fnt
|faint|p2a: Ting-Lu
|
|upkeep
|
|t:|1779563540
|switch|p2a: Zamazenta|Zamazenta|100/100
|turn|29
|
|t:|1779563543
|move|p2a: Zamazenta|Close Combat|p1a: Ogerpon
|-damage|p1a: Ogerpon|0 fnt
|-unboost|p2a: Zamazenta|def|1
|-unboost|p2a: Zamazenta|spd|1
|faint|p1a: Ogerpon
|
|upkeep
|
|t:|1779563551
|switch|p1a: Latios|Latios, M|88/100
|-damage|p1a: Latios|76/100|[from] Stealth Rock
|turn|30
|
|t:|1779563562
|switch|p2a: Pecharunt|Pecharunt|100/100
|move|p1a: Latios|Draco Meteor|p2a: Pecharunt
|-damage|p2a: Pecharunt|28/100
|-unboost|p1a: Latios|spa|2
|
|-heal|p1a: Latios|82/100|[from] item: Leftovers
|upkeep
|turn|31
|
|t:|1779563574
|switch|p1a: Garganacl|Garganacl, F|100/100
|-damage|p1a: Garganacl|88/100|[from] Stealth Rock
|move|p2a: Pecharunt|Recover|p2a: Pecharunt
|-heal|p2a: Pecharunt|78/100
|
|-heal|p1a: Garganacl|94/100|[from] item: Leftovers
|upkeep
|turn|32
|
|t:|1779563583
|move|p2a: Pecharunt|Parting Shot|p1a: Garganacl
|-unboost|p1a: Garganacl|atk|1
|-unboost|p1a: Garganacl|spa|1
|
|t:|1779563584
|switch|p2a: Zamazenta|Zamazenta|100/100|[from] Parting Shot
|move|p1a: Garganacl|Salt Cure|p2a: Zamazenta
|-resisted|p2a: Zamazenta
|-damage|p2a: Zamazenta|96/100
|-start|p2a: Zamazenta|Salt Cure
|
|-heal|p1a: Garganacl|100/100|[from] item: Leftovers
|-damage|p2a: Zamazenta|84/100|[from] Salt Cure
|upkeep
|turn|33
|
|t:|1779563593
|switch|p2a: Pecharunt|Pecharunt|78/100
|move|p1a: Garganacl|Protect||[still]
|-fail|p1a: Garganacl
|
|upkeep
|turn|34
|
|t:|1779563596
|move|p2a: Pecharunt|Recover|p2a: Pecharunt
|-heal|p2a: Pecharunt|100/100
|move|p1a: Garganacl|Salt Cure|p2a: Pecharunt
|-damage|p2a: Pecharunt|96/100
|-start|p2a: Pecharunt|Salt Cure
|
|-damage|p2a: Pecharunt|83/100|[from] Salt Cure
|upkeep
|turn|35
|
|t:|1779563600
|switch|p2a: Zamazenta|Zamazenta|84/100
|move|p1a: Garganacl|Stealth Rock|p2a: Zamazenta
|-sidestart|p2: gyhe|move: Stealth Rock
|
|upkeep
|turn|36
|
|t:|1779563604
|move|p1a: Garganacl|Protect|p1a: Garganacl
|-singleturn|p1a: Garganacl|Protect
|move|p2a: Zamazenta|Close Combat|p1a: Garganacl
|-activate|p1a: Garganacl|move: Protect
|
|upkeep
|turn|37
|
|t:|1779563618
|move|p2a: Zamazenta|Close Combat|p1a: Garganacl
|-supereffective|p1a: Garganacl
|-crit|p1a: Garganacl
|-damage|p1a: Garganacl|0 fnt
|-unboost|p2a: Zamazenta|def|1
|-unboost|p2a: Zamazenta|spd|1
|faint|p1a: Garganacl
|
|upkeep
|
|t:|1779563622
|switch|p1a: Latios|Latios, M|82/100
|-damage|p1a: Latios|69/100|[from] Stealth Rock
|turn|38
|
|t:|1779563626
|switch|p2a: Pecharunt|Pecharunt|83/100
|-damage|p2a: Pecharunt|71/100|[from] Stealth Rock
|move|p1a: Latios|Luster Purge|p2a: Pecharunt
|-supereffective|p2a: Pecharunt
|-damage|p2a: Pecharunt|0 fnt
|faint|p2a: Pecharunt
|
|-heal|p1a: Latios|75/100|[from] item: Leftovers
|upkeep
|
|t:|1779563629
|switch|p2a: Zamazenta|Zamazenta|84/100
|turn|39
|c|☆gyhe|HURR UP
|
|t:|1779563645
|-terastallize|p2a: Zamazenta|Fire
|move|p2a: Zamazenta|Crunch|p1a: Latios
|-supereffective|p1a: Latios
|-damage|p1a: Latios|0 fnt
|faint|p1a: Latios
|
|win|gyhe
|raw|ILOVEPECHARUNTRAH's rating: 1573 &rarr; <strong>1554</strong><br />(-19 for losing)
|raw|gyhe's rating: 1595 &rarr; <strong>1614</strong><br />(+19 for winning)
|c|☆ILOVEPECHARUNTRAH|ggs
|c|☆ILOVEPECHARUNTRAH|calm down lol
|c|☆gyhe|GG
|l|☆ILOVEPECHARUNTRAH
|player|p1|
|c|☆gyhe|UR LOCKED THO
