|j|☆Exilos
|j|☆thebacchusbraviary
|t:|1779562034
|gametype|singles
|player|p1|Exilos|101|1373
|player|p2|thebacchusbraviary|winona|1366
|gen|9
|tier|[Gen 9] OU
|rated|
|rule|HP Percentage Mod: HP is shown in percentages
|rule|Endless Battle Clause: Forcing endless battles is banned
|rule|Species Clause: Limit one of each Pokémon
|rule|OHKO Clause: OHKO moves are banned
|rule|Evasion Items Clause: Evasion items are banned
|rule|Evasion Moves Clause: Evasion moves are banned
|rule|Evasion Abilities Clause: Evasion abilities are banned
|rule|Sleep Moves Clause: Sleep-inducing moves are banned
|clearpoke
|poke|p1|Clawitzer, M|
|poke|p1|Raging Bolt|
|poke|p1|Zamazenta-*|
|poke|p1|Slowking-Galar, F|
|poke|p1|Moltres|
|poke|p1|Dragapult, F|
|poke|p2|Talonflame, M|
|poke|p2|Sinistcha|
|poke|p2|Magnezone|
|poke|p2|Regice|
|poke|p2|Tauros-Paldea-Aqua, M|
|poke|p2|Tyranitar, M|
|teampreview
|inactive|Battle timer is ON: inactive players will automatically lose when time's up. (requested by thebacchusbraviary)
|inactive|Exilos also wants the timer to be on.
|
|t:|1779562048
|teamsize|p1|6
|teamsize|p2|6
|start
|switch|p1a: Moltres|Moltres|100/100
|switch|p2a: Magnezone|Magnezone|100/100
|turn|1
|
|t:|1779562051
|move|p2a: Magnezone|Volt Switch|p1a: Moltres
|-supereffective|p1a: Moltres
|-damage|p1a: Moltres|0 fnt
|faint|p1a: Moltres
|
|t:|1779562059
|switch|p2a: Regice|Regice|100/100|[from] Volt Switch
|
|upkeep
|
|t:|1779562062
|switch|p1a: Zamazenta|Zamazenta|100/100
|-ability|p1a: Zamazenta|Dauntless Shield|boost
|-boost|p1a: Zamazenta|def|1
|turn|2
|
|t:|1779562068
|switch|p2a: Sinistcha|Sinistcha|100/100
|move|p1a: Zamazenta|Stone Edge|p2a: Sinistcha
|-damage|p2a: Sinistcha|71/100
|
|upkeep
|turn|3
|
|t:|1779562076
|move|p1a: Zamazenta|Crunch|p2a: Sinistcha
|-supereffective|p2a: Sinistcha
|-enditem|p2a: Sinistcha|Colbur Berry|[eat]
|-enditem|p2a: Sinistcha|Colbur Berry|[weaken]
|-damage|p2a: Sinistcha|45/100
|move|p2a: Sinistcha|Strength Sap|p1a: Zamazenta
|-unboost|p1a: Zamazenta|atk|1
|-heal|p2a: Sinistcha|100/100
|
|upkeep
|turn|4
|
|t:|1779562085
|move|p1a: Zamazenta|Crunch|p2a: Sinistcha
|-supereffective|p2a: Sinistcha
|-damage|p2a: Sinistcha|66/100
|move|p2a: Sinistcha|Matcha Gotcha|p1a: Zamazenta
|-damage|p1a: Zamazenta|56/100
|-heal|p2a: Sinistcha|87/100|[from] drain|[of] p1a: Zamazenta
|-status|p1a: Zamazenta|brn
|
|-damage|p1a: Zamazenta|50/100 brn|[from] brn
|upkeep
|turn|5
|
|t:|1779562098
|move|p1a: Zamazenta|Crunch|p2a: Sinistcha
|-supereffective|p2a: Sinistcha
|-damage|p2a: Sinistcha|72/100
|move|p2a: Sinistcha|Matcha Gotcha|p1a: Zamazenta
|-damage|p1a: Zamazenta|13/100 brn
|-heal|p2a: Sinistcha|89/100|[from] drain|[of] p1a: Zamazenta
|
|-damage|p1a: Zamazenta|7/100 brn|[from] brn
|upkeep
|turn|6
|
|t:|1779562103
|move|p1a: Zamazenta|Crunch|p2a: Sinistcha
|-supereffective|p2a: Sinistcha
|-damage|p2a: Sinistcha|72/100
|move|p2a: Sinistcha|Matcha Gotcha|p1a: Zamazenta
|-damage|p1a: Zamazenta|0 fnt
|-heal|p2a: Sinistcha|74/100|[from] drain|[of] p1a: Zamazenta
|faint|p1a: Zamazenta
|
|upkeep
|
|t:|1779562118
|switch|p1a: Raging Bolt|Raging Bolt|100/100
|-enditem|p1a: Raging Bolt|Booster Energy
|-activate|p1a: Raging Bolt|ability: Protosynthesis|[fromitem]
|-start|p1a: Raging Bolt|protosynthesisspa
|turn|7
|
|t:|1779562122
|switch|p2a: Tyranitar|Tyranitar, M|100/100
|-weather|Sandstorm|[from] ability: Sand Stream|[of] p2a: Tyranitar
|-terastallize|p1a: Raging Bolt|Fairy
|move|p1a: Raging Bolt|Calm Mind|p1a: Raging Bolt
|-boost|p1a: Raging Bolt|spa|1
|-boost|p1a: Raging Bolt|spd|1
|
|-weather|Sandstorm|[upkeep]
|-damage|p1a: Raging Bolt|94/100|[from] Sandstorm
|upkeep
|turn|8
|
|t:|1779562134
|move|p1a: Raging Bolt|Calm Mind|p1a: Raging Bolt
|-boost|p1a: Raging Bolt|spa|1
|-boost|p1a: Raging Bolt|spd|1
|move|p2a: Tyranitar|Earthquake|p1a: Raging Bolt
|-damage|p1a: Raging Bolt|56/100
|
|-weather|Sandstorm|[upkeep]
|-damage|p1a: Raging Bolt|50/100|[from] Sandstorm
|upkeep
|turn|9
|
|t:|1779562139
|move|p1a: Raging Bolt|Thunderbolt|p2a: Tyranitar
|-damage|p2a: Tyranitar|46/100
|move|p2a: Tyranitar|Earthquake|p1a: Raging Bolt
|-damage|p1a: Raging Bolt|14/100
|
|-weather|Sandstorm|[upkeep]
|-damage|p1a: Raging Bolt|8/100|[from] Sandstorm
|upkeep
|turn|10
|
|t:|1779562145
|move|p1a: Raging Bolt|Dragon Pulse|p2a: Tyranitar
|-damage|p2a: Tyranitar|0 fnt
|faint|p2a: Tyranitar
|
|-weather|Sandstorm|[upkeep]
|-damage|p1a: Raging Bolt|2/100|[from] Sandstorm
|upkeep
|
|t:|1779562148
|switch|p2a: Tauros|Tauros-Paldea-Aqua, M|100/100
|-ability|p2a: Tauros|Intimidate|boost
|-unboost|p1a: Raging Bolt|atk|1
|turn|11
|
|t:|1779562154
|move|p2a: Tauros|Aqua Jet|p1a: Raging Bolt
|-damage|p1a: Raging Bolt|0 fnt
|faint|p1a: Raging Bolt
|-end|p1a: Raging Bolt|Protosynthesis|[silent]
|
|-weather|none
|upkeep
|
|t:|1779562163
|switch|p1a: Dragapult|Dragapult, F|100/100
|turn|12
|
|t:|1779562166
|switch|p2a: Regice|Regice|100/100
|move|p1a: Dragapult|Dragon Dance|p1a: Dragapult
|-boost|p1a: Dragapult|atk|1
|-boost|p1a: Dragapult|spe|1
|
|upkeep
|turn|13
|
|t:|1779562172
|move|p1a: Dragapult|Dragon Darts|p2a: Regice
|-damage|p2a: Regice|54/100
|-anim|p1a: Dragapult|Dragon Darts|p2a: Regice
|-damage|p2a: Regice|9/100
|-damage|p1a: Dragapult|91/100|[from] item: Life Orb
|move|p2a: Regice|Ice Beam|p1a: Dragapult
|-supereffective|p1a: Dragapult
|-damage|p1a: Dragapult|0 fnt
|faint|p1a: Dragapult
|
|-heal|p2a: Regice|15/100|[from] item: Leftovers
|upkeep
|
|t:|1779562180
|switch|p1a: boom|Clawitzer, M, shiny|100/100
|turn|14
|
|t:|1779562188
|move|p1a: boom|Water Pulse|p2a: Regice
|-damage|p2a: Regice|0 fnt
|faint|p2a: Regice
|
|upkeep
|
|t:|1779562190
|switch|p2a: Magnezone|Magnezone|100/100
|turn|15
|
|t:|1779562197
|switch|p1a: Slowking|Slowking-Galar, F|100/100
|move|p2a: Magnezone|Volt Switch|p1a: Slowking
|-damage|p1a: Slowking|70/100
|
|t:|1779562199
|switch|p2a: Tauros|Tauros-Paldea-Aqua, M|100/100|[from] Volt Switch
|-ability|p2a: Tauros|Intimidate|boost
|-unboost|p1a: Slowking|atk|1
|
|upkeep
|turn|16
|
|t:|1779562217
|move|p2a: Tauros|Earthquake|p1a: Slowking
|-supereffective|p1a: Slowking
|-damage|p1a: Slowking|0 fnt
|faint|p1a: Slowking
|
|upkeep
|
|t:|1779562219
|switch|p1a: boom|Clawitzer, M, shiny|100/100
|turn|17
|
|t:|1779562223
|switch|p2a: Sinistcha|Sinistcha|74/100
|move|p1a: boom|Dragon Pulse|p2a: Sinistcha
|-damage|p2a: Sinistcha|0 fnt
|faint|p2a: Sinistcha
|
|upkeep
|
|t:|1779562225
|switch|p2a: Magnezone|Magnezone|100/100
|turn|18
|
|t:|1779562242
|move|p2a: Magnezone|Thunderbolt|p1a: boom
|-supereffective|p1a: boom
|-damage|p1a: boom|0 fnt
|faint|p1a: boom
|
|win|thebacchusbraviary
|raw|Exilos's rating: 1373 &rarr; <strong>1353</strong><br />(-20 for losing)
|raw|thebacchusbraviary's rating: 1366 &rarr; <strong>1386</strong><br />(+20 for winning)
|l|☆Exilos
|player|p1|
|l|☆thebacchusbraviary
|player|p2|
