|j|☆dotorperrr
|j|☆fremsh39
|t:|1779584515
|gametype|singles
|player|p1|dotorperrr|youngster-gen1|1178
|player|p2|fremsh39|unknown|1170
|gen|9
|tier|[Gen 9] OU
|rated|
|rule|HP Percentage Mod: HP is shown in percentages
|rule|Endless Battle Clause: Forcing endless battles is banned
|rule|Species Clause: Limit one of each Pokémon
|rule|OHKO Clause: OHKO moves are banned
|rule|Evasion Items Clause: Evasion items are banned
|rule|Evasion Moves Clause: Evasion moves are banned
|rule|Evasion Abilities Clause: Evasion abilities are banned
|rule|Sleep Moves Clause: Sleep-inducing moves are banned
|clearpoke
|poke|p1|Comfey, F|
|poke|p1|Glimmora, F|
|poke|p1|Regidrago|
|poke|p1|Moltres-Galar|
|poke|p1|Cinderace, F|
|poke|p1|Quaquaval, F|
|poke|p2|Tauros-Paldea-Aqua, M|
|poke|p2|Greninja-*, M|
|poke|p2|Articuno-Galar|
|poke|p2|Avalugg-Hisui, F|
|poke|p2|Ariados, M|
|poke|p2|Ambipom, M|
|teampreview
|
|t:|1779584523
|teamsize|p1|6
|teamsize|p2|6
|start
|switch|p1a: Glimmora|Glimmora, F|100/100
|switch|p2a: Tauros|Tauros-Paldea-Aqua, M|100/100
|turn|1
|
|t:|1779584558
|move|p1a: Glimmora|Energy Ball|p2a: Tauros
|-supereffective|p2a: Tauros
|-damage|p2a: Tauros|5/100
|-enditem|p2a: Tauros|Sitrus Berry|[eat]
|-heal|p2a: Tauros|30/100|[from] item: Sitrus Berry
|move|p2a: Tauros|Substitute|p2a: Tauros
|-start|p2a: Tauros|Substitute
|-damage|p2a: Tauros|5/100
|
|upkeep
|turn|2
|
|t:|1779584565
|move|p1a: Glimmora|Energy Ball|p2a: Tauros
|-supereffective|p2a: Tauros
|-end|p2a: Tauros|Substitute
|move|p2a: Tauros|Liquidation|p1a: Glimmora
|-supereffective|p1a: Glimmora
|-damage|p1a: Glimmora|5/100
|-activate|p1a: Glimmora|ability: Toxic Debris
|-sidestart|p2: fremsh39|move: Toxic Spikes
|
|-activate|p2a: Tauros|ability: Cud Chew
|-enditem|p2a: Tauros|Sitrus Berry|[eat]
|-heal|p2a: Tauros|30/100|[from] item: Sitrus Berry
|upkeep
|turn|3
|
|t:|1779584570
|move|p1a: Glimmora|Energy Ball|p2a: Tauros
|-supereffective|p2a: Tauros
|-damage|p2a: Tauros|0 fnt
|faint|p2a: Tauros
|
|upkeep
|
|t:|1779584572
|switch|p2a: Ariados|Ariados, M|100/100
|-sideend|p2: fremsh39|move: Toxic Spikes|[of] p2a: Ariados
|turn|4
|
|t:|1779584582
|switch|p1a: bird1|Moltres-Galar|100/100
|move|p2a: Ariados|Knock Off|p1a: bird1
|-resisted|p1a: bird1
|-damage|p1a: bird1|84/100
|-enditem|p1a: bird1|Weakness Policy|[from] move: Knock Off|[of] p2a: Ariados
|
|upkeep
|turn|5
|
|t:|1779584588
|move|p1a: bird1|Agility|p1a: bird1
|-boost|p1a: bird1|spe|2
|move|p2a: Ariados|Sticky Web|p1a: bird1
|-sidestart|p1: dotorperrr|move: Sticky Web
|
|upkeep
|turn|6
|
|t:|1779584594
|move|p1a: bird1|Air Slash|p2a: Ariados
|-supereffective|p2a: Ariados
|-damage|p2a: Ariados|2/100
|cant|p2a: Ariados|flinch
|
|upkeep
|turn|7
|
|t:|1779584599
|move|p1a: bird1|Air Slash|p2a: Ariados
|-supereffective|p2a: Ariados
|-damage|p2a: Ariados|0 fnt
|faint|p2a: Ariados
|
|upkeep
|
|t:|1779584603
|switch|p2a: Avalugg|Avalugg-Hisui, F|100/100
|turn|8
|
|t:|1779584607
|move|p1a: bird1|Endure|p1a: bird1
|-singleturn|p1a: bird1|move: Endure
|move|p2a: Avalugg|Avalanche|p1a: bird1
|-supereffective|p1a: bird1
|-damage|p1a: bird1|21/100
|-ability|p1a: bird1|Berserk|boost
|-boost|p1a: bird1|spa|1
|
|upkeep
|turn|9
|
|t:|1779584616
|move|p1a: bird1|Fiery Wrath|p2a: Avalugg
|-ability|p2a: Avalugg|Sturdy
|-damage|p2a: Avalugg|1/100
|move|p2a: Avalugg|Avalanche|p1a: bird1
|-supereffective|p1a: bird1
|-damage|p1a: bird1|0 fnt
|faint|p1a: bird1
|
|upkeep
|
|t:|1779584621
|switch|p1a: Cinderace|Cinderace, F|100/100
|turn|10
|
|t:|1779584659
|move|p1a: Cinderace|Court Change|p1a: Cinderace
|-start|p1a: Cinderace|typechange|Normal|[from] ability: Libero
|-swapsideconditions
|-activate|p1a: Cinderace|move: Court Change
|move|p2a: Avalugg|Stone Edge|p1a: Cinderace|[miss]
|-miss|p2a: Avalugg|p1a: Cinderace
|
|upkeep
|turn|11
|
|t:|1779584666
|move|p1a: Cinderace|Pyro Ball|p2a: Avalugg
|-damage|p2a: Avalugg|0 fnt
|faint|p2a: Avalugg
|
|upkeep
|
|t:|1779584678
|switch|p2a: Articuno|Articuno-Galar|100/100
|turn|12
|
|t:|1779584682
|move|p1a: Cinderace|Pyro Ball|p2a: Articuno
|-damage|p2a: Articuno|74/100
|move|p2a: Articuno|Freezing Glare|p1a: Cinderace
|-damage|p1a: Cinderace|50/100
|
|upkeep
|turn|13
|
|t:|1779584689
|switch|p1a: Comfey|Comfey, F|100/100
|move|p2a: Articuno|Freezing Glare|p1a: Comfey
|-damage|p1a: Comfey|64/100
|
|-heal|p1a: Comfey|70/100|[from] item: Leftovers
|upkeep
|turn|14
|
|t:|1779584700
|move|p1a: Comfey|Calm Mind|p1a: Comfey
|-boost|p1a: Comfey|spa|1
|-boost|p1a: Comfey|spd|1
|move|p2a: Articuno|Calm Mind|p2a: Articuno
|-boost|p2a: Articuno|spa|1
|-boost|p2a: Articuno|spd|1
|
|-heal|p1a: Comfey|76/100|[from] item: Leftovers
|upkeep
|turn|15
|
|t:|1779584705
|move|p1a: Comfey|Calm Mind|p1a: Comfey
|-boost|p1a: Comfey|spa|1
|-boost|p1a: Comfey|spd|1
|move|p2a: Articuno|Calm Mind|p2a: Articuno
|-boost|p2a: Articuno|spa|1
|-boost|p2a: Articuno|spd|1
|
|-heal|p1a: Comfey|83/100|[from] item: Leftovers
|upkeep
|turn|16
|
|t:|1779584711
|move|p1a: Comfey|Calm Mind|p1a: Comfey
|-boost|p1a: Comfey|spa|1
|-boost|p1a: Comfey|spd|1
|move|p2a: Articuno|Calm Mind|p2a: Articuno
|-boost|p2a: Articuno|spa|1
|-boost|p2a: Articuno|spd|1
|
|-heal|p1a: Comfey|89/100|[from] item: Leftovers
|upkeep
|turn|17
|
|t:|1779584715
|move|p1a: Comfey|Calm Mind|p1a: Comfey
|-boost|p1a: Comfey|spa|1
|-boost|p1a: Comfey|spd|1
|move|p2a: Articuno|Calm Mind|p2a: Articuno
|-boost|p2a: Articuno|spa|1
|-boost|p2a: Articuno|spd|1
|
|-heal|p1a: Comfey|95/100|[from] item: Leftovers
|upkeep
|turn|18
|
|t:|1779584735
|move|p1a: Comfey|Stored Power|p2a: Articuno
|-resisted|p2a: Articuno
|-damage|p2a: Articuno|57/100
|move|p2a: Articuno|Calm Mind|p2a: Articuno
|-boost|p2a: Articuno|spa|1
|-boost|p2a: Articuno|spd|1
|
|-heal|p1a: Comfey|100/100|[from] item: Leftovers
|upkeep
|turn|19
|
|t:|1779584741
|move|p1a: Comfey|Calm Mind|p1a: Comfey
|-boost|p1a: Comfey|spa|1
|-boost|p1a: Comfey|spd|1
|move|p2a: Articuno|Recover|p2a: Articuno
|-heal|p2a: Articuno|100/100
|
|upkeep
|turn|20
|
|t:|1779584747
|move|p1a: Comfey|Calm Mind|p1a: Comfey
|-boost|p1a: Comfey|spa|1
|-boost|p1a: Comfey|spd|1
|move|p2a: Articuno|Calm Mind|p2a: Articuno
|-boost|p2a: Articuno|spa|1
|-boost|p2a: Articuno|spd|1
|
|upkeep
|turn|21
|
|t:|1779584752
|-terastallize|p1a: Comfey|Fairy
|move|p1a: Comfey|Draining Kiss|p2a: Articuno
|-damage|p2a: Articuno|79/100
|move|p2a: Articuno|Hurricane|p1a: Comfey
|-damage|p1a: Comfey|58/100
|-start|p1a: Comfey|confusion
|
|-heal|p1a: Comfey|64/100|[from] item: Leftovers
|upkeep
|turn|22
|
|t:|1779584761
|-activate|p1a: Comfey|confusion
|-damage|p1a: Comfey|60/100|[from] confusion
|move|p2a: Articuno|Freezing Glare|p1a: Comfey
|-damage|p1a: Comfey|24/100
|
|-heal|p1a: Comfey|31/100|[from] item: Leftovers
|upkeep
|turn|23
|
|t:|1779584771
|-end|p1a: Comfey|confusion
|move|p1a: Comfey|Draining Kiss|p2a: Articuno
|-damage|p2a: Articuno|59/100
|-heal|p1a: Comfey|51/100|[from] drain|[of] p2a: Articuno
|move|p2a: Articuno|Freezing Glare|p1a: Comfey
|-damage|p1a: Comfey|13/100
|
|-heal|p1a: Comfey|19/100|[from] item: Leftovers
|upkeep
|turn|24
|
|t:|1779584780
|move|p1a: Comfey|Draining Kiss|p2a: Articuno
|-damage|p2a: Articuno|35/100
|-heal|p1a: Comfey|44/100|[from] drain|[of] p2a: Articuno
|move|p2a: Articuno|Recover|p2a: Articuno
|-heal|p2a: Articuno|85/100
|
|-heal|p1a: Comfey|50/100|[from] item: Leftovers
|upkeep
|turn|25
|
|t:|1779584790
|move|p1a: Comfey|Stored Power|p2a: Articuno
|-resisted|p2a: Articuno
|-damage|p2a: Articuno|64/100
|move|p2a: Articuno|Hurricane|p1a: Comfey
|-damage|p1a: Comfey|10/100
|
|-heal|p1a: Comfey|16/100|[from] item: Leftovers
|upkeep
|turn|26
|
|t:|1779584795
|move|p1a: Comfey|Draining Kiss|p2a: Articuno
|-damage|p2a: Articuno|41/100
|-heal|p1a: Comfey|40/100|[from] drain|[of] p2a: Articuno
|move|p2a: Articuno|Recover|p2a: Articuno
|-heal|p2a: Articuno|91/100
|
|-heal|p1a: Comfey|46/100|[from] item: Leftovers
|upkeep
|turn|27
|
|t:|1779584800
|move|p1a: Comfey|Draining Kiss|p2a: Articuno
|-damage|p2a: Articuno|69/100
|-heal|p1a: Comfey|69/100|[from] drain|[of] p2a: Articuno
|move|p2a: Articuno|Hurricane|p1a: Comfey
|-damage|p1a: Comfey|26/100
|
|-heal|p1a: Comfey|32/100|[from] item: Leftovers
|upkeep
|turn|28
|
|t:|1779584805
|move|p1a: Comfey|Draining Kiss|p2a: Articuno
|-damage|p2a: Articuno|46/100
|-heal|p1a: Comfey|57/100|[from] drain|[of] p2a: Articuno
|move|p2a: Articuno|Hurricane|p1a: Comfey|[miss]
|-miss|p2a: Articuno|p1a: Comfey
|
|-heal|p1a: Comfey|63/100|[from] item: Leftovers
|upkeep
|turn|29
|
|t:|1779584809
|move|p1a: Comfey|Draining Kiss|p2a: Articuno
|-damage|p2a: Articuno|25/100
|-heal|p1a: Comfey|85/100|[from] drain|[of] p2a: Articuno
|move|p2a: Articuno|Recover|p2a: Articuno
|-heal|p2a: Articuno|75/100
|
|-heal|p1a: Comfey|92/100|[from] item: Leftovers
|upkeep
|turn|30
|
|t:|1779584816
|move|p1a: Comfey|Draining Kiss|p2a: Articuno
|-damage|p2a: Articuno|55/100
|-heal|p1a: Comfey|100/100|[from] drain|[of] p2a: Articuno
|move|p2a: Articuno|Freezing Glare|p1a: Comfey
|-damage|p1a: Comfey|66/100
|
|-heal|p1a: Comfey|73/100|[from] item: Leftovers
|upkeep
|turn|31
|
|t:|1779584825
|move|p1a: Comfey|Draining Kiss|p2a: Articuno
|-damage|p2a: Articuno|34/100
|-heal|p1a: Comfey|95/100|[from] drain|[of] p2a: Articuno
|move|p2a: Articuno|Recover|p2a: Articuno
|-heal|p2a: Articuno|85/100
|
|-heal|p1a: Comfey|100/100|[from] item: Leftovers
|upkeep
|turn|32
|
|t:|1779584831
|move|p1a: Comfey|Stored Power|p2a: Articuno
|-resisted|p2a: Articuno
|-damage|p2a: Articuno|62/100
|move|p2a: Articuno|Freezing Glare|p1a: Comfey
|-damage|p1a: Comfey|67/100
|
|-heal|p1a: Comfey|73/100|[from] item: Leftovers
|upkeep
|turn|33
|
|t:|1779584841
|move|p1a: Comfey|Stored Power|p2a: Articuno
|-resisted|p2a: Articuno
|-damage|p2a: Articuno|40/100
|move|p2a: Articuno|Freezing Glare|p1a: Comfey
|-crit|p1a: Comfey
|-damage|p1a: Comfey|0 fnt
|faint|p1a: Comfey
|
|upkeep
|
|t:|1779584848
|switch|p1a: bird2|Quaquaval, F|100/100
|turn|34
|
|t:|1779584854
|move|p1a: bird2|Triple Axel|p2a: Articuno
|-supereffective|p2a: Articuno
|-damage|p2a: Articuno|30/100
|-supereffective|p2a: Articuno
|-damage|p2a: Articuno|13/100
|-hitcount|p2a: Articuno|2
|move|p2a: Articuno|Freezing Glare|p1a: bird2
|-supereffective|p1a: bird2
|-damage|p1a: bird2|0 fnt
|faint|p1a: bird2
|
|upkeep
|
|t:|1779584863
|switch|p1a: Glimmora|Glimmora, F|5/100
|turn|35
|
|t:|1779584866
|move|p1a: Glimmora|Power Gem|p2a: Articuno
|-supereffective|p2a: Articuno
|-damage|p2a: Articuno|0 fnt
|faint|p2a: Articuno
|
|upkeep
|
|t:|1779584868
|switch|p2a: Greninja|Greninja, M|100/100
|-activate|p2a: Greninja|move: Sticky Web
|-unboost|p2a: Greninja|spe|1
|turn|36
|inactive|Battle timer is ON: inactive players will automatically lose when time's up. (requested by fremsh39)
|inactive|dotorperrr has 120 seconds left.
|inactive|dotorperrr has 90 seconds left.
|inactive|dotorperrr has 60 seconds left.
|inactive|dotorperrr has 30 seconds left.
|inactive|dotorperrr has 20 seconds left.
|inactive|dotorperrr has 15 seconds left.
|inactive|dotorperrr has 10 seconds left.
|inactive|dotorperrr has 5 seconds left.
|-message|dotorperrr lost due to inactivity.
|
|win|fremsh39
|raw|dotorperrr's rating: 1178 &rarr; <strong>1152</strong><br />(-26 for losing)
|raw|fremsh39's rating: 1170 &rarr; <strong>1196</strong><br />(+26 for winning)
|l|☆dotorperrr
|player|p1|
|l|☆fremsh39
|player|p2|
