|j|☆BiggiemegaFart
|j|☆ghaviall
|t:|1779615725
|gametype|singles
|player|p1|BiggiemegaFart|boarder|1253
|player|p2|ghaviall|schoolkidf-gen4|1218
|gen|9
|tier|[Gen 9] OU
|rated|
|rule|HP Percentage Mod: HP is shown in percentages
|rule|Endless Battle Clause: Forcing endless battles is banned
|rule|Species Clause: Limit one of each Pokémon
|rule|OHKO Clause: OHKO moves are banned
|rule|Evasion Items Clause: Evasion items are banned
|rule|Evasion Moves Clause: Evasion moves are banned
|rule|Evasion Abilities Clause: Evasion abilities are banned
|rule|Sleep Moves Clause: Sleep-inducing moves are banned
|clearpoke
|poke|p1|Hydrapple, F|
|poke|p1|Moltres|
|poke|p1|Iron Treads|
|poke|p1|Primarina, M|
|poke|p1|Weavile, M|
|poke|p1|Zamazenta-*|
|poke|p2|Garganacl, M|
|poke|p2|Corviknight, M|
|poke|p2|Gliscor, M|
|poke|p2|Toxapex, F|
|poke|p2|Blaziken, F|
|poke|p2|Alomomola, M|
|teampreview
|inactive|Battle timer is ON: inactive players will automatically lose when time's up. (requested by BiggiemegaFart)
|
|t:|1779615735
|teamsize|p1|6
|teamsize|p2|6
|start
|switch|p1a: Iron Treads|Iron Treads|100/100
|switch|p2a: Toxapex|Toxapex, F, shiny|100/100
|turn|1
|
|t:|1779615749
|move|p2a: Toxapex|Baneful Bunker|p2a: Toxapex
|-singleturn|p2a: Toxapex|move: Protect
|move|p1a: Iron Treads|Stealth Rock|p2a: Toxapex
|-sidestart|p2: ghaviall|move: Stealth Rock
|
|upkeep
|turn|2
|
|t:|1779615771
|switch|p2a: Alomomola|Alomomola, M|100/100
|-damage|p2a: Alomomola|88/100|[from] Stealth Rock
|move|p1a: Iron Treads|Earthquake|p2a: Alomomola
|-damage|p2a: Alomomola|62/100
|
|-heal|p2a: Alomomola|68/100|[from] item: Leftovers
|upkeep
|turn|3
|
|t:|1779615785
|-end|p1a: Iron Treads|Quark Drive|[silent]
|switch|p1a: Hydrapple|Hydrapple, F|100/100
|move|p2a: Alomomola|Wish|p2a: Alomomola
|
|-heal|p2a: Alomomola|74/100|[from] item: Leftovers
|upkeep
|turn|4
|
|t:|1779615801
|move|p2a: Alomomola|Protect|p2a: Alomomola
|-singleturn|p2a: Alomomola|Protect
|move|p1a: Hydrapple|Giga Drain|p2a: Alomomola
|-activate|p2a: Alomomola|move: Protect
|
|-heal|p2a: Alomomola|100/100|[from] move: Wish|[wisher] Alomomola
|upkeep
|turn|5
|
|t:|1779615807
|switch|p2a: Corviknight|Corviknight, M, shiny|100/100
|-damage|p2a: Corviknight|88/100|[from] Stealth Rock
|-ability|p2a: Corviknight|Pressure
|move|p1a: Hydrapple|Giga Drain|p2a: Corviknight
|-resisted|p2a: Corviknight
|-damage|p2a: Corviknight|79/100
|
|upkeep
|turn|6
|
|t:|1779615818
|switch|p1a: Moltres|Moltres|100/100
|move|p2a: Corviknight|Defog|p1a: Moltres
|-unboost|p1a: Moltres|evasion|1
|-sideend|p2: ghaviall|Stealth Rock|[from] move: Defog|[of] p2a: Corviknight
|
|upkeep
|turn|7
|
|t:|1779615831
|switch|p2a: Alomomola|Alomomola, M|100/100
|move|p1a: Moltres|Flamethrower|p2a: Alomomola
|-resisted|p2a: Alomomola
|-crit|p2a: Alomomola
|-damage|p2a: Alomomola|72/100
|
|-heal|p2a: Alomomola|79/100|[from] item: Leftovers
|upkeep
|turn|8
|
|t:|1779615840
|move|p1a: Moltres|U-turn|p2a: Alomomola
|-damage|p2a: Alomomola|68/100
|
|t:|1779615843
|switch|p1a: Primarina|Primarina, M|100/100|[from] U-turn
|move|p2a: Alomomola|Hydro Pump|p1a: Primarina
|-resisted|p1a: Primarina
|-damage|p1a: Primarina|96/100
|
|-heal|p2a: Alomomola|75/100|[from] item: Leftovers
|upkeep
|turn|9
|
|t:|1779615852
|switch|p2a: Toxapex|Toxapex, F, shiny|100/100
|move|p1a: Primarina|Psychic Noise|p2a: Toxapex
|-supereffective|p2a: Toxapex
|-crit|p2a: Toxapex
|-damage|p2a: Toxapex|31/100
|-start|p2a: Toxapex|move: Heal Block
|
|upkeep
|turn|10
|
|t:|1779615864
|move|p2a: Toxapex|Baneful Bunker|p2a: Toxapex
|-singleturn|p2a: Toxapex|move: Protect
|move|p1a: Primarina|Psychic Noise|p2a: Toxapex
|-activate|p2a: Toxapex|move: Protect
|
|-end|p2a: Toxapex|move: Heal Block
|upkeep
|turn|11
|
|t:|1779615878
|switch|p2a: Alomomola|Alomomola, M|100/100
|move|p1a: Primarina|Psychic Noise|p2a: Alomomola
|-damage|p2a: Alomomola|72/100
|-start|p2a: Alomomola|move: Heal Block
|
|upkeep
|turn|12
|
|t:|1779615899
|switch|p2a: Toxapex|Toxapex, F, shiny|64/100
|move|p1a: Primarina|Moonblast|p2a: Toxapex
|-resisted|p2a: Toxapex
|-damage|p2a: Toxapex|43/100
|
|-heal|p2a: Toxapex|49/100|[from] item: Leftovers
|upkeep
|turn|13
|
|t:|1779615906
|move|p2a: Toxapex|Baneful Bunker|p2a: Toxapex
|-singleturn|p2a: Toxapex|move: Protect
|move|p1a: Primarina|Psychic Noise|p2a: Toxapex
|-activate|p2a: Toxapex|move: Protect
|
|-heal|p2a: Toxapex|55/100|[from] item: Leftovers
|upkeep
|turn|14
|
|t:|1779615914
|switch|p2a: Alomomola|Alomomola, M|100/100
|move|p1a: Primarina|Psychic Noise|p2a: Alomomola
|-damage|p2a: Alomomola|71/100
|-start|p2a: Alomomola|move: Heal Block
|
|upkeep
|turn|15
|
|t:|1779615927
|switch|p2a: Toxapex|Toxapex, F, shiny|89/100
|move|p1a: Primarina|Psychic Noise|p2a: Toxapex
|-supereffective|p2a: Toxapex
|-damage|p2a: Toxapex|40/100
|-start|p2a: Toxapex|move: Heal Block
|
|upkeep
|turn|16
|
|t:|1779615933
|switch|p1a: Hydrapple|Hydrapple, F|100/100
|move|p2a: Toxapex|Toxic|p1a: Hydrapple
|-status|p1a: Hydrapple|tox
|
|-damage|p1a: Hydrapple|94/100 tox|[from] psn
|-end|p2a: Toxapex|move: Heal Block
|upkeep
|turn|17
|
|t:|1779615941
|move|p2a: Toxapex|Baneful Bunker|p2a: Toxapex
|-singleturn|p2a: Toxapex|move: Protect
|move|p1a: Hydrapple|Earth Power|p2a: Toxapex
|-activate|p2a: Toxapex|move: Protect
|
|-heal|p2a: Toxapex|46/100|[from] item: Leftovers
|-damage|p1a: Hydrapple|82/100 tox|[from] psn
|upkeep
|turn|18
|c|☆BiggiemegaFart|holy i hate that playstyle
|inactive|BiggiemegaFart has 120 seconds left.
|inactive|BiggiemegaFart has 90 seconds left.
|c|☆BiggiemegaFart|so unbelievably boring, dont get me wrong switching and what not is fine and so is regenerator but goddamn two of them with how bulky they are is so dead
|
|t:|1779616015
|switch|p1a: Iron Treads|Iron Treads|100/100
|switch|p2a: Alomomola|Alomomola, M|100/100
|
|upkeep
|turn|19
|c|☆ghaviall|but i love it
|
|t:|1779616028
|move|p1a: Iron Treads|Stealth Rock|p2a: Alomomola
|-sidestart|p2: ghaviall|move: Stealth Rock
|move|p2a: Alomomola|Hydro Pump|p1a: Iron Treads
|-supereffective|p1a: Iron Treads
|-crit|p1a: Iron Treads
|-damage|p1a: Iron Treads|48/100
|
|-heal|p1a: Iron Treads|54/100|[from] item: Leftovers
|upkeep
|turn|20
|c|☆BiggiemegaFart|i can tell😭
|inactive|BiggiemegaFart has 90 seconds left.
|
|t:|1779616041
|-end|p1a: Iron Treads|Quark Drive|[silent]
|switch|p1a: Primarina|Primarina, M|96/100
|move|p2a: Alomomola|Hydro Pump|p1a: Primarina|[miss]
|-miss|p2a: Alomomola|p1a: Primarina
|
|upkeep
|turn|21
|inactive|BiggiemegaFart has 90 seconds left.
|
|t:|1779616054
|move|p2a: Alomomola|Wish|p2a: Alomomola
|move|p1a: Primarina|Psychic Noise|p2a: Alomomola
|-damage|p2a: Alomomola|73/100
|-start|p2a: Alomomola|move: Heal Block
|
|upkeep
|turn|22
|inactive|BiggiemegaFart has 90 seconds left.
|
|t:|1779616066
|switch|p2a: Toxapex|Toxapex, F, shiny|79/100
|-damage|p2a: Toxapex|67/100|[from] Stealth Rock
|move|p1a: Primarina|Psychic Noise|p2a: Toxapex
|-supereffective|p2a: Toxapex
|-damage|p2a: Toxapex|24/100
|-start|p2a: Toxapex|move: Heal Block
|
|upkeep
|turn|23
|inactive|BiggiemegaFart has 90 seconds left.
|
|t:|1779616078
|switch|p1a: Hydrapple|Hydrapple, F|100/100 tox
|move|p2a: Toxapex|Baneful Bunker||[still]
|-fail|p2a: Toxapex
|
|-damage|p1a: Hydrapple|94/100 tox|[from] psn
|-end|p2a: Toxapex|move: Heal Block
|upkeep
|turn|24
|
|t:|1779616087
|move|p2a: Toxapex|Baneful Bunker|p2a: Toxapex
|-singleturn|p2a: Toxapex|move: Protect
|move|p1a: Hydrapple|Earth Power|p2a: Toxapex
|-activate|p2a: Toxapex|move: Protect
|
|-heal|p2a: Toxapex|30/100|[from] item: Leftovers
|-damage|p1a: Hydrapple|82/100 tox|[from] psn
|upkeep
|turn|25
|c|☆BiggiemegaFart|im done this is so fucking gay
|-message|BiggiemegaFart forfeited.
|
|win|ghaviall
