|j|☆UltraJoy012
|j|☆RogueNinja1738
|t:|1779656237
|gametype|singles
|player|p1|UltraJoy012|cynthia|1122
|player|p2|RogueNinja1738|265|1086
|gen|9
|tier|[Gen 9] OU
|rated|
|rule|HP Percentage Mod: HP is shown in percentages
|rule|Endless Battle Clause: Forcing endless battles is banned
|rule|Species Clause: Limit one of each Pokémon
|rule|OHKO Clause: OHKO moves are banned
|rule|Evasion Items Clause: Evasion items are banned
|rule|Evasion Moves Clause: Evasion moves are banned
|rule|Evasion Abilities Clause: Evasion abilities are banned
|rule|Sleep Moves Clause: Sleep-inducing moves are banned
|clearpoke
|poke|p1|Hawlucha, M|
|poke|p1|Indeedee, M|
|poke|p1|Zapdos|
|poke|p1|Araquanid, M|
|poke|p1|Quaquaval, M|
|poke|p1|Garganacl, M|
|poke|p2|Zoroark-Hisui, M|
|poke|p2|Kingambit, F|
|poke|p2|Gholdengo|
|poke|p2|Rotom-Wash|
|poke|p2|Metagross|
|poke|p2|Ditto|
|teampreview
|inactive|Battle timer is ON: inactive players will automatically lose when time's up. (requested by UltraJoy012)
|
|t:|1779656257
|teamsize|p1|6
|teamsize|p2|6
|start
|switch|p1a: Araquanid|Araquanid, M|100/100
|switch|p2a: Metagross|Metagross|100/100
|turn|1
|
|t:|1779656276
|move|p2a: Metagross|Thunder Punch|p1a: Araquanid
|-supereffective|p1a: Araquanid
|-damage|p1a: Araquanid|31/100
|-status|p1a: Araquanid|par
|move|p1a: Araquanid|Sticky Web|p2a: Metagross
|-sidestart|p2: RogueNinja1738|move: Sticky Web
|
|upkeep
|turn|2
|
|t:|1779656300
|move|p2a: Metagross|Thunder Punch|p1a: Araquanid
|-supereffective|p1a: Araquanid
|-damage|p1a: Araquanid|0 fnt
|faint|p1a: Araquanid
|
|upkeep
|
|t:|1779656305
|switch|p1a: Indeedee|Indeedee, M|100/100
|-fieldstart|move: Psychic Terrain|[from] ability: Psychic Surge|[of] p1a: Indeedee
|turn|3
|
|t:|1779656320
|move|p1a: Indeedee|Shadow Ball|p2a: Metagross
|-supereffective|p2a: Metagross
|-damage|p2a: Metagross|54/100
|-enditem|p2a: Metagross|Weakness Policy
|-boost|p2a: Metagross|atk|2|[from] item: Weakness Policy
|-boost|p2a: Metagross|spa|2|[from] item: Weakness Policy
|move|p2a: Metagross|Psychic Fangs|p1a: Indeedee
|-resisted|p1a: Indeedee
|-damage|p1a: Indeedee|0 fnt
|faint|p1a: Indeedee
|
|upkeep
|
|t:|1779656334
|switch|p1a: Hawlucha|Hawlucha, M|100/100
|-enditem|p1a: Hawlucha|Psychic Seed
|-boost|p1a: Hawlucha|spd|1|[from] item: Psychic Seed
|turn|4
|
|t:|1779656344
|-terastallize|p1a: Hawlucha|Steel
|move|p1a: Hawlucha|Swords Dance|p1a: Hawlucha
|-boost|p1a: Hawlucha|atk|2
|move|p2a: Metagross|Psychic Fangs|p1a: Hawlucha
|-resisted|p1a: Hawlucha
|-damage|p1a: Hawlucha|15/100
|
|upkeep
|turn|5
|
|t:|1779656352
|move|p2a: Metagross|Bullet Punch|p1a: Hawlucha
|-activate|p1a: Hawlucha|move: Psychic Terrain
|move|p1a: Hawlucha|Drain Punch|p2a: Metagross
|-damage|p2a: Metagross|0 fnt
|-heal|p1a: Hawlucha|45/100|[from] drain|[of] p2a: Metagross
|faint|p2a: Metagross
|
|upkeep
|
|t:|1779656362
|switch|p2a: Gholdengo|Gholdengo|100/100
|-activate|p2a: Gholdengo|move: Sticky Web
|-unboost|p2a: Gholdengo|spe|1
|turn|6
|
|t:|1779656379
|move|p1a: Hawlucha|Acrobatics|p2a: Gholdengo
|-damage|p2a: Gholdengo|0 fnt
|replace|p2a: Zoroark|Zoroark-Hisui, M
|-end|p2a: Zoroark|Illusion
|faint|p2a: Zoroark
|
|upkeep
|
|t:|1779656390
|switch|p2a: Rotom|Rotom-Wash|100/100
|turn|7
|
|t:|1779656397
|move|p1a: Hawlucha|Drain Punch|p2a: Rotom
|-damage|p2a: Rotom|26/100
|-heal|p1a: Hawlucha|80/100|[from] drain|[of] p2a: Rotom
|move|p2a: Rotom|Hydro Pump|p1a: Hawlucha
|-damage|p1a: Hawlucha|28/100
|
|-fieldend|move: Psychic Terrain
|upkeep
|turn|8
|
|t:|1779656407
|move|p1a: Hawlucha|Acrobatics|p2a: Rotom
|-resisted|p2a: Rotom
|-damage|p2a: Rotom|0 fnt
|faint|p2a: Rotom
|
|upkeep
|
|t:|1779656415
|switch|p2a: Ditto|Ditto|100/100
|-activate|p2a: Ditto|move: Sticky Web
|-unboost|p2a: Ditto|spe|1
|-transform|p2a: Ditto|p1a: Hawlucha|[from] ability: Imposter
|-start|p2a: Ditto|typechange|Fighting/Flying|[silent]
|turn|9
|
|t:|1779656424
|move|p1a: Hawlucha|Acrobatics|p2a: Ditto
|-supereffective|p2a: Ditto
|-damage|p2a: Ditto|0 fnt
|-damage|p1a: Hawlucha|11/100|[from] item: Rocky Helmet|[of] p2a: Ditto
|faint|p2a: Ditto
|
|upkeep
|
|t:|1779656430
|switch|p2a: Gholdengo|Gholdengo|100/100
|-activate|p2a: Gholdengo|move: Sticky Web
|-unboost|p2a: Gholdengo|spe|1
|turn|10
|c|☆UltraJoy012|ditto
|c|☆UltraJoy012|really brother
|
|t:|1779656446
|move|p1a: Hawlucha|Acrobatics|p2a: Gholdengo
|-resisted|p2a: Gholdengo
|-damage|p2a: Gholdengo|52/100
|-enditem|p2a: Gholdengo|Red Card|[of] p1a: Hawlucha
|drag|p1a: Garganacl|Garganacl, M, shiny|100/100
|move|p2a: Gholdengo|Shadow Ball|p1a: Garganacl
|-damage|p1a: Garganacl|79/100
|
|-heal|p1a: Garganacl|85/100|[from] item: Leftovers
|upkeep
|turn|11
|
|t:|1779656463
|move|p2a: Gholdengo|Shadow Ball|p1a: Garganacl
|-damage|p1a: Garganacl|64/100
|move|p1a: Garganacl|Salt Cure|p2a: Gholdengo
|-resisted|p2a: Gholdengo
|-damage|p2a: Gholdengo|44/100
|-start|p2a: Gholdengo|Salt Cure
|
|-heal|p1a: Garganacl|71/100|[from] item: Leftovers
|-damage|p2a: Gholdengo|19/100|[from] Salt Cure
|upkeep
|turn|12
|
|t:|1779656474
|move|p2a: Gholdengo|Shadow Ball|p1a: Garganacl
|-damage|p1a: Garganacl|50/100
|move|p1a: Garganacl|Iron Defense|p1a: Garganacl
|-boost|p1a: Garganacl|def|2
|
|-heal|p1a: Garganacl|57/100|[from] item: Leftovers
|-damage|p2a: Gholdengo|0 fnt|[from] Salt Cure
|faint|p2a: Gholdengo
|upkeep
|
|t:|1779656484
|switch|p2a: Kingambit|Kingambit, F|100/100
|-activate|p2a: Kingambit|move: Sticky Web
|-unboost|p2a: Kingambit|spe|1
|-activate|p2a: Kingambit|ability: Supreme Overlord
|-start|p2a: Kingambit|fallen5|[silent]
|turn|13
|
|t:|1779656493
|move|p1a: Garganacl|Body Press|p2a: Kingambit
|-supereffective|p2a: Kingambit
|-damage|p2a: Kingambit|0 fnt
|faint|p2a: Kingambit
|-end|p2a: Kingambit|fallen5|[silent]
|
|win|UltraJoy012
|raw|UltraJoy012's rating: 1122 &rarr; <strong>1144</strong><br />(+22 for winning)
|raw|RogueNinja1738's rating: 1086 &rarr; <strong>1065</strong><br />(-21 for losing)
|l|☆RogueNinja1738
|player|p2|
