|j|☆snorlax95127
|j|☆Arshdeep1234
|t:|1779570327
|gametype|singles
|player|p1|snorlax95127|170|1189
|player|p2|Arshdeep1234|wallace|1155
|gen|9
|tier|[Gen 9] OU
|rated|
|rule|HP Percentage Mod: HP is shown in percentages
|rule|Endless Battle Clause: Forcing endless battles is banned
|rule|Species Clause: Limit one of each Pokémon
|rule|OHKO Clause: OHKO moves are banned
|rule|Evasion Items Clause: Evasion items are banned
|rule|Evasion Moves Clause: Evasion moves are banned
|rule|Evasion Abilities Clause: Evasion abilities are banned
|rule|Sleep Moves Clause: Sleep-inducing moves are banned
|clearpoke
|poke|p1|Ninetales, M|
|poke|p1|Moltres|
|poke|p1|Great Tusk|
|poke|p1|Raging Bolt|
|poke|p1|Gholdengo|
|poke|p1|Walking Wake|
|poke|p2|Ogerpon-Wellspring, F|
|poke|p2|Gliscor, M|
|poke|p2|Gholdengo|
|poke|p2|Gastrodon, F|
|poke|p2|Thundurus, M|
|poke|p2|Terrakion|
|teampreview
|inactive|Battle timer is ON: inactive players will automatically lose when time's up. (requested by snorlax95127)
|
|t:|1779570350
|teamsize|p1|6
|teamsize|p2|6
|start
|switch|p1a: Ninetales|Ninetales, M|100/100
|switch|p2a: Gastrodon|Gastrodon, F|100/100
|-weather|SunnyDay|[from] ability: Drought|[of] p1a: Ninetales
|turn|1
|inactive|Arshdeep1234 has 120 seconds left.
|
|t:|1779570399
|switch|p1a: Moltres|Moltres|100/100
|switch|p2a: Thundurus|Thundurus, M, shiny|100/100
|
|-weather|SunnyDay|[upkeep]
|upkeep
|turn|2
|
|t:|1779570412
|switch|p1a: Great Tusk|Great Tusk|100/100
|-activate|p1a: Great Tusk|ability: Protosynthesis
|-start|p1a: Great Tusk|protosynthesisatk
|move|p2a: Thundurus|Taunt|p1a: Great Tusk
|-start|p1a: Great Tusk|move: Taunt
|
|-weather|SunnyDay|[upkeep]
|upkeep
|turn|3
|
|t:|1779570425
|-end|p1a: Great Tusk|Protosynthesis|[silent]
|switch|p1a: Gholdengo|Gholdengo|100/100
|move|p2a: Thundurus|Grass Knot|p1a: Gholdengo
|-resisted|p1a: Gholdengo
|-damage|p1a: Gholdengo|88/100
|
|-weather|SunnyDay|[upkeep]
|upkeep
|turn|4
|inactive|Arshdeep1234 has 120 seconds left.
|
|t:|1779570434
|move|p2a: Thundurus|Volt Switch|p1a: Gholdengo
|-damage|p1a: Gholdengo|47/100
|inactive|Arshdeep1234 has 120 seconds left.
|
|t:|1779570458
|switch|p2a: Terrakion|Terrakion|100/100|[from] Volt Switch
|move|p1a: Gholdengo|Make It Rain|p2a: Terrakion
|-supereffective|p2a: Terrakion
|-crit|p2a: Terrakion
|-damage|p2a: Terrakion|0 fnt
|-unboost|p1a: Gholdengo|spa|1
|faint|p2a: Terrakion
|
|-weather|SunnyDay|[upkeep]
|upkeep
|
|t:|1779570470
|switch|p2a: Ogerpon|Ogerpon-Wellspring, F|100/100
|turn|5
|
|t:|1779570476
|switch|p1a: Walking Wake|Walking Wake|100/100
|-activate|p1a: Walking Wake|ability: Protosynthesis
|-start|p1a: Walking Wake|protosynthesisspe
|move|p2a: Ogerpon|Knock Off|p1a: Walking Wake
|-damage|p1a: Walking Wake|59/100
|-enditem|p1a: Walking Wake|Choice Specs|[from] move: Knock Off|[of] p2a: Ogerpon
|
|-weather|SunnyDay|[upkeep]
|upkeep
|turn|6
|
|t:|1779570489
|-terastallize|p2a: Ogerpon|Water
|detailschange|p2a: Ogerpon|Ogerpon-Wellspring-Tera, F, tera:Water
|-ability|p2a: Ogerpon|Embody Aspect (Wellspring)|boost
|-boost|p2a: Ogerpon|spd|1
|move|p1a: Walking Wake|Weather Ball|p2a: Ogerpon
|-resisted|p2a: Ogerpon
|-damage|p2a: Ogerpon|81/100
|move|p2a: Ogerpon|Play Rough|p1a: Walking Wake
|-supereffective|p1a: Walking Wake
|-damage|p1a: Walking Wake|0 fnt
|faint|p1a: Walking Wake
|-end|p1a: Walking Wake|Protosynthesis|[silent]
|
|-weather|SunnyDay|[upkeep]
|upkeep
|
|t:|1779570503
|switch|p1a: Raging Bolt|Raging Bolt|100/100
|-activate|p1a: Raging Bolt|ability: Protosynthesis
|-start|p1a: Raging Bolt|protosynthesisspa
|turn|7
|inactive|Arshdeep1234 has 120 seconds left.
|
|t:|1779570514
|move|p2a: Ogerpon|Play Rough|p1a: Raging Bolt
|-supereffective|p1a: Raging Bolt
|-damage|p1a: Raging Bolt|43/100
|move|p1a: Raging Bolt|Thunderbolt|p2a: Ogerpon
|-supereffective|p2a: Ogerpon
|-damage|p2a: Ogerpon|0 fnt
|faint|p2a: Ogerpon
|detailschange|p2: Ogerpon|Ogerpon-Wellspring, F|[silent]
|
|-weather|SunnyDay|[upkeep]
|upkeep
|
|t:|1779570523
|switch|p2a: Gastrodon|Gastrodon, F|100/100
|turn|8
|
|t:|1779570529
|-end|p1a: Raging Bolt|Protosynthesis|[silent]
|switch|p1a: Moltres|Moltres|100/100
|move|p2a: Gastrodon|Spikes|p1a: Moltres
|-sidestart|p1: snorlax95127|Spikes
|
|-weather|none
|upkeep
|turn|9
|
|t:|1779570536
|move|p1a: Moltres|U-turn|p2a: Gastrodon
|-damage|p2a: Gastrodon|88/100
|-damage|p1a: Moltres|84/100|[from] item: Rocky Helmet|[of] p2a: Gastrodon
|
|t:|1779570541
|switch|p1a: Great Tusk|Great Tusk|100/100|[from] U-turn
|-damage|p1a: Great Tusk|88/100|[from] Spikes
|move|p2a: Gastrodon|Spikes|p1a: Great Tusk
|-sidestart|p1: snorlax95127|Spikes
|
|-heal|p1a: Great Tusk|94/100|[from] item: Leftovers
|upkeep
|turn|10
|
|t:|1779570551
|move|p1a: Great Tusk|Earthquake|p2a: Gastrodon
|-damage|p2a: Gastrodon|55/100
|move|p2a: Gastrodon|Ice Beam|p1a: Great Tusk
|-supereffective|p1a: Great Tusk
|-damage|p1a: Great Tusk|64/100
|
|-heal|p1a: Great Tusk|70/100|[from] item: Leftovers
|upkeep
|turn|11
|
|t:|1779570559
|move|p1a: Great Tusk|Stealth Rock|p2a: Gastrodon
|-sidestart|p2: Arshdeep1234|move: Stealth Rock
|move|p2a: Gastrodon|Recover|p2a: Gastrodon
|-heal|p2a: Gastrodon|100/100
|
|-heal|p1a: Great Tusk|76/100|[from] item: Leftovers
|upkeep
|turn|12
|
|t:|1779570570
|switch|p2a: Thundurus|Thundurus, M, shiny|100/100
|move|p1a: Great Tusk|Earthquake|p2a: Thundurus
|-immune|p2a: Thundurus
|
|-heal|p1a: Great Tusk|83/100|[from] item: Leftovers
|upkeep
|turn|13
|l|☆snorlax95127
|inactive|snorlax95127 disconnected and has a minute to reconnect!
|player|p1|
|inactive|snorlax95127 has 30 seconds to reconnect!
|inactive|snorlax95127 has 20 seconds to reconnect!
|inactive|snorlax95127 has 15 seconds to reconnect!
|inactive|snorlax95127 has 10 seconds to reconnect!
|inactive|snorlax95127 has 5 seconds to reconnect!
|-message|snorlax95127 lost due to inactivity.
|
|win|Arshdeep1234
|raw|snorlax95127's rating: 1189 &rarr; <strong>1162</strong><br />(-27 for losing)
|raw|Arshdeep1234's rating: 1155 &rarr; <strong>1182</strong><br />(+27 for winning)
|l|☆Arshdeep1234
|player|p2|
