|j|☆Iuddex
|j|☆Uranium233
|t:|1779661544
|gametype|singles
|player|p1|Iuddex|riley|1349
|player|p2|Uranium233|morty-masters|1351
|gen|9
|tier|[Gen 9] OU
|rated|
|rule|HP Percentage Mod: HP is shown in percentages
|rule|Endless Battle Clause: Forcing endless battles is banned
|rule|Species Clause: Limit one of each Pokémon
|rule|OHKO Clause: OHKO moves are banned
|rule|Evasion Items Clause: Evasion items are banned
|rule|Evasion Moves Clause: Evasion moves are banned
|rule|Evasion Abilities Clause: Evasion abilities are banned
|rule|Sleep Moves Clause: Sleep-inducing moves are banned
|clearpoke
|poke|p1|Garchomp, M|
|poke|p1|Thundurus, M|
|poke|p1|Pecharunt|
|poke|p1|Yanmega, F|
|poke|p1|Ogerpon-Wellspring, F|
|poke|p1|Darkrai|
|poke|p2|Gholdengo|
|poke|p2|Iron Treads|
|poke|p2|Moltres|
|poke|p2|Zamazenta-*|
|poke|p2|Samurott-Hisui, F|
|poke|p2|Garganacl, M|
|teampreview
|inactive|Battle timer is ON: inactive players will automatically lose when time's up. (requested by Iuddex)
|
|t:|1779661574
|teamsize|p1|6
|teamsize|p2|6
|start
|switch|p1a: Ogerpon|Ogerpon-Wellspring, F|100/100
|switch|p2a: Samurott|Samurott-Hisui, F|100/100
|turn|1
|
|t:|1779661582
|move|p2a: Samurott|Ceaseless Edge|p1a: Ogerpon
|-damage|p1a: Ogerpon|37/100
|-sidestart|p1: Iuddex|Spikes
|move|p1a: Ogerpon|Horn Leech|p2a: Samurott
|-supereffective|p2a: Samurott
|-damage|p2a: Samurott|0 fnt
|-heal|p1a: Ogerpon|91/100|[from] drain|[of] p2a: Samurott
|faint|p2a: Samurott
|
|upkeep
|inactive|Uranium233 has 120 seconds left.
|
|t:|1779661623
|switch|p2a: Zamazenta|Zamazenta|100/100
|-ability|p2a: Zamazenta|Dauntless Shield|boost
|-boost|p2a: Zamazenta|def|1
|turn|2
|
|t:|1779661635
|switch|p1a: Pecharunt|Pecharunt|100/100
|-damage|p1a: Pecharunt|88/100|[from] Spikes
|move|p2a: Zamazenta|Crunch|p1a: Pecharunt
|-supereffective|p1a: Pecharunt
|-damage|p1a: Pecharunt|47/100
|-unboost|p1a: Pecharunt|def|1
|
|-heal|p1a: Pecharunt|53/100|[from] item: Leftovers
|upkeep
|turn|3
|inactive|Uranium233 has 120 seconds left.
|
|t:|1779661648
|move|p1a: Pecharunt|Protect|p1a: Pecharunt
|-singleturn|p1a: Pecharunt|Protect
|move|p2a: Zamazenta|Crunch|p1a: Pecharunt
|-activate|p1a: Pecharunt|move: Protect
|
|-heal|p1a: Pecharunt|59/100|[from] item: Leftovers
|upkeep
|turn|4
|
|t:|1779661663
|-terastallize|p1a: Pecharunt|Flying
|move|p2a: Zamazenta|Crunch|p1a: Pecharunt
|-damage|p1a: Pecharunt|31/100
|-unboost|p1a: Pecharunt|def|1
|move|p1a: Pecharunt|Malignant Chain|p2a: Zamazenta
|-damage|p2a: Zamazenta|56/100
|-status|p2a: Zamazenta|tox
|-start|p2a: Zamazenta|confusion|[from] ability: Poison Puppeteer|[of] p1a: Pecharunt
|
|-heal|p1a: Pecharunt|37/100|[from] item: Leftovers
|-damage|p2a: Zamazenta|50/100 tox|[from] psn
|upkeep
|turn|5
|
|t:|1779661678
|move|p1a: Pecharunt|Protect|p1a: Pecharunt
|-singleturn|p1a: Pecharunt|Protect
|-activate|p2a: Zamazenta|confusion
|-damage|p2a: Zamazenta|41/100 tox|[from] confusion
|
|-heal|p1a: Pecharunt|43/100|[from] item: Leftovers
|-damage|p2a: Zamazenta|28/100 tox|[from] psn
|upkeep
|turn|6
|
|t:|1779661687
|-end|p2a: Zamazenta|confusion
|move|p2a: Zamazenta|Ice Fang|p1a: Pecharunt
|-supereffective|p1a: Pecharunt
|-damage|p1a: Pecharunt|0 fnt
|faint|p1a: Pecharunt
|
|-damage|p2a: Zamazenta|10/100 tox|[from] psn
|upkeep
|
|t:|1779661696
|switch|p1a: Yanmega|Yanmega, F, shiny|100/100
|turn|7
|
|t:|1779661709
|switch|p2a: Moltres|Moltres|100/100
|move|p1a: Yanmega|Protect||[still]
|-fail|p1a: Yanmega
|
|-ability|p1a: Yanmega|Speed Boost|boost
|-boost|p1a: Yanmega|spe|1
|upkeep
|turn|8
|
|t:|1779661722
|move|p1a: Yanmega|Ancient Power|p2a: Moltres
|-supereffective|p2a: Moltres
|-damage|p2a: Moltres|0 fnt
|faint|p2a: Moltres
|-damage|p1a: Yanmega|91/100|[from] item: Life Orb
|
|-ability|p1a: Yanmega|Speed Boost|boost
|-boost|p1a: Yanmega|spe|1
|upkeep
|
|t:|1779661730
|switch|p2a: Gholdengo|Gholdengo|100/100
|-item|p2a: Gholdengo|Air Balloon
|turn|9
|
|t:|1779661739
|switch|p1a: Ogerpon|Ogerpon-Wellspring, F|91/100
|-damage|p1a: Ogerpon|79/100|[from] Spikes
|move|p2a: Gholdengo|Thunderbolt|p1a: Ogerpon
|-damage|p1a: Ogerpon|38/100
|
|upkeep
|turn|10
|
|t:|1779661747
|move|p1a: Ogerpon|Ivy Cudgel|p2a: Gholdengo|[anim] Ivy Cudgel Water
|-damage|p2a: Gholdengo|42/100
|-enditem|p2a: Gholdengo|Air Balloon
|move|p2a: Gholdengo|Thunderbolt|p1a: Ogerpon
|-damage|p1a: Ogerpon|0 fnt
|faint|p1a: Ogerpon
|
|upkeep
|
|t:|1779661756
|switch|p1a: Thundurus|Thundurus, M|100/100
|turn|11
|
|t:|1779661773
|switch|p2a: Iron Treads|Iron Treads|100/100
|move|p1a: Thundurus|Rain Dance|p1a: Thundurus
|-weather|RainDance
|
|-weather|RainDance|[upkeep]
|upkeep
|turn|12
|
|t:|1779661784
|move|p1a: Thundurus|Grass Knot|p2a: Iron Treads
|-damage|p2a: Iron Treads|55/100
|move|p2a: Iron Treads|Stealth Rock|p1a: Thundurus
|-sidestart|p1: Iuddex|move: Stealth Rock
|
|-weather|RainDance|[upkeep]
|upkeep
|turn|13
|
|t:|1779661791
|move|p1a: Thundurus|Grass Knot|p2a: Iron Treads
|-crit|p2a: Iron Treads
|-damage|p2a: Iron Treads|0 fnt
|faint|p2a: Iron Treads
|-end|p2a: Iron Treads|Quark Drive|[silent]
|
|-weather|RainDance|[upkeep]
|upkeep
|
|t:|1779661799
|switch|p2a: Zamazenta|Zamazenta|10/100 tox
|turn|14
|
|t:|1779661804
|move|p2a: Zamazenta|Stone Edge|p1a: Thundurus
|-supereffective|p1a: Thundurus
|-enditem|p1a: Thundurus|Focus Sash
|-damage|p1a: Thundurus|1/100
|move|p1a: Thundurus|Thunder|p2a: Zamazenta
|-damage|p2a: Zamazenta|0 fnt
|faint|p2a: Zamazenta
|
|-weather|RainDance|[upkeep]
|upkeep
|
|t:|1779661816
|switch|p2a: Garganacl|Garganacl, M|100/100
|turn|15
|
|t:|1779661828
|move|p1a: Thundurus|Grass Knot|p2a: Garganacl
|-supereffective|p2a: Garganacl
|-crit|p2a: Garganacl
|-damage|p2a: Garganacl|22/100
|move|p2a: Garganacl|Salt Cure|p1a: Thundurus
|-supereffective|p1a: Thundurus
|-damage|p1a: Thundurus|0 fnt
|faint|p1a: Thundurus
|
|-weather|none
|-heal|p2a: Garganacl|28/100|[from] item: Leftovers
|upkeep
|
|t:|1779661839
|switch|p1a: Darkrai|Darkrai|100/100
|-damage|p1a: Darkrai|88/100|[from] Spikes
|-damage|p1a: Darkrai|76/100|[from] Stealth Rock
|turn|16
|
|t:|1779661850
|move|p1a: Darkrai|Dark Pulse|p2a: Garganacl
|-damage|p2a: Garganacl|0 fnt
|faint|p2a: Garganacl
|
|upkeep
|
|t:|1779661855
|switch|p2a: Gholdengo|Gholdengo|42/100
|turn|17
|
|t:|1779661863
|-terastallize|p2a: Gholdengo|Flying
|move|p1a: Darkrai|Dark Pulse|p2a: Gholdengo
|-damage|p2a: Gholdengo|0 fnt
|faint|p2a: Gholdengo
|
|win|Iuddex
|raw|Iuddex's rating: 1349 &rarr; <strong>1369</strong><br />(+20 for winning)
|raw|Uranium233's rating: 1351 &rarr; <strong>1331</strong><br />(-20 for losing)
|l|☆Uranium233
|player|p2|
|l|☆Iuddex
|player|p1|
