|j|☆MagnificentMudkip
|j|☆LuckiLlamas
|t:|1779665437
|gametype|singles
|player|p1|MagnificentMudkip|elesa-masters3|
|player|p2|LuckiLlamas|firebreather|
|gen|9
|tier|[Gen 9] OU
|rule|HP Percentage Mod: HP is shown in percentages
|rule|Endless Battle Clause: Forcing endless battles is banned
|rule|Species Clause: Limit one of each Pokémon
|rule|OHKO Clause: OHKO moves are banned
|rule|Evasion Items Clause: Evasion items are banned
|rule|Evasion Moves Clause: Evasion moves are banned
|rule|Evasion Abilities Clause: Evasion abilities are banned
|rule|Sleep Moves Clause: Sleep-inducing moves are banned
|clearpoke
|poke|p1|Cinderace, F|
|poke|p1|Zamazenta-*|
|poke|p1|Slowking-Galar, M|
|poke|p1|Enamorus, F|
|poke|p1|Tsareena, F|
|poke|p1|Basculegion-F, F|
|poke|p2|Walking Wake|
|poke|p2|Great Tusk|
|poke|p2|Ninetales, M|
|poke|p2|Venusaur, M|
|poke|p2|Blaziken, F|
|poke|p2|Espeon, M|
|teampreview
|
|t:|1779665455
|teamsize|p1|6
|teamsize|p2|6
|start
|switch|p1a: Pink 2|Slowking-Galar, M|100/100
|switch|p2a: Espeon|Espeon, M, shiny|100/100
|turn|1
|
|t:|1779665469
|move|p2a: Espeon|Shadow Ball|p1a: Pink 2
|-supereffective|p1a: Pink 2
|-damage|p1a: Pink 2|64/100
|-prepare|p1a: Pink 2|Chilly Reception|[premajor]
|move|p1a: Pink 2|Chilly Reception|p1a: Pink 2
|-weather|Snowscape
|
|t:|1779665479
|switch|p1a: Furry|Cinderace, F, shiny|100/100|[from] Chilly Reception
|
|-weather|Snowscape|[upkeep]
|upkeep
|turn|2
|
|t:|1779665489
|switch|p2a: Great Tusk|Great Tusk, shiny|100/100
|move|p1a: Furry|U-turn|p2a: Great Tusk
|-start|p1a: Furry|typechange|Bug|[from] ability: Libero
|-resisted|p2a: Great Tusk
|-damage|p2a: Great Tusk|84/100
|-damage|p1a: Furry|84/100|[from] item: Rocky Helmet|[of] p2a: Great Tusk
|
|t:|1779665499
|switch|p1a: Pink 3|Enamorus, F|100/100|[from] U-turn
|
|-weather|Snowscape|[upkeep]
|upkeep
|turn|3
|
|t:|1779665507
|move|p1a: Pink 3|Psychic|p2a: Great Tusk
|-supereffective|p2a: Great Tusk
|-damage|p2a: Great Tusk|0 fnt
|faint|p2a: Great Tusk
|-end|p2a: Great Tusk|Protosynthesis|[silent]
|
|-weather|Snowscape|[upkeep]
|upkeep
|
|t:|1779665517
|switch|p2a: Ninetales|Ninetales, M, shiny|100/100
|-weather|SunnyDay|[from] ability: Drought|[of] p2a: Ninetales
|turn|4
|j| ThaRealist1
|
|t:|1779665544
|switch|p1a: Furry|Cinderace, F, shiny|84/100
|move|p2a: Ninetales|Will-O-Wisp|p1a: Furry|[miss]
|-miss|p2a: Ninetales|p1a: Furry
|
|-weather|SunnyDay|[upkeep]
|upkeep
|turn|5
|
|t:|1779665561
|switch|p2a: Walking Wake|Walking Wake|100/100
|-activate|p2a: Walking Wake|ability: Protosynthesis
|-start|p2a: Walking Wake|protosynthesisspe
|move|p1a: Furry|Pyro Ball|p2a: Walking Wake
|-resisted|p2a: Walking Wake
|-damage|p2a: Walking Wake|68/100
|
|-weather|SunnyDay|[upkeep]
|upkeep
|turn|6
|
|t:|1779665570
|switch|p1a: purple?|Tsareena, F, shiny|100/100
|-terastallize|p2a: Walking Wake|Water
|move|p2a: Walking Wake|Hydro Steam|p1a: purple?
|-resisted|p1a: purple?
|-damage|p1a: purple?|70/100
|
|-weather|SunnyDay|[upkeep]
|upkeep
|turn|7
|
|t:|1779665583
|-end|p2a: Walking Wake|Protosynthesis|[silent]
|switch|p2a: Venusaur|Venusaur, M, shiny|100/100
|move|p1a: purple?|Power Whip|p2a: Venusaur|[miss]
|-miss|p1a: purple?|p2a: Venusaur
|
|-weather|SunnyDay|[upkeep]
|upkeep
|turn|8
|inactive|Battle timer is ON: inactive players will automatically lose when time's up. (requested by LuckiLlamas)
|
|t:|1779665667
|move|p2a: Venusaur|Growth|p2a: Venusaur
|-boost|p2a: Venusaur|atk|2
|-boost|p2a: Venusaur|spa|2
|move|p1a: purple?|U-turn|p2a: Venusaur
|-damage|p2a: Venusaur|74/100
|
|t:|1779665687
|switch|p1a: Pink 2|Slowking-Galar, M|97/100|[from] U-turn
|
|-weather|SunnyDay|[upkeep]
|upkeep
|turn|9
|
|t:|1779665698
|move|p2a: Venusaur|Earth Power|p1a: Pink 2
|-supereffective|p1a: Pink 2
|-damage|p1a: Pink 2|15/100
|-damage|p2a: Venusaur|64/100|[from] item: Life Orb
|-prepare|p1a: Pink 2|Chilly Reception|[premajor]
|move|p1a: Pink 2|Chilly Reception|p1a: Pink 2
|-weather|Snowscape
|
|t:|1779665719
|switch|p1a: Pink 1|Zamazenta, shiny|100/100|[from] Chilly Reception
|-ability|p1a: Pink 1|Dauntless Shield|boost
|-boost|p1a: Pink 1|def|1
|
|-weather|Snowscape|[upkeep]
|upkeep
|turn|10
|
|t:|1779665748
|move|p1a: Pink 1|Ice Fang|p2a: Venusaur
|-supereffective|p2a: Venusaur
|-crit|p2a: Venusaur
|-damage|p2a: Venusaur|0 fnt
|faint|p2a: Venusaur
|-damage|p1a: Pink 1|91/100|[from] item: Life Orb
|
|-weather|Snowscape|[upkeep]
|upkeep
|
|t:|1779665752
|switch|p2a: Espeon|Espeon, M, shiny|100/100
|turn|11
|
|t:|1779665777
|switch|p1a: Furry|Cinderace, F, shiny|84/100
|move|p2a: Espeon|Psychic|p1a: Furry
|-damage|p1a: Furry|17/100
|
|-weather|Snowscape|[upkeep]
|upkeep
|turn|12
|
|t:|1779665780
|move|p1a: Furry|Sucker Punch|p2a: Espeon
|-start|p1a: Furry|typechange|Dark|[from] ability: Libero
|-supereffective|p2a: Espeon
|-damage|p2a: Espeon|0 fnt
|faint|p2a: Espeon
|
|-weather|Snowscape|[upkeep]
|upkeep
|
|t:|1779665785
|switch|p2a: Ninetales|Ninetales, M, shiny|100/100
|-weather|SunnyDay|[from] ability: Drought|[of] p2a: Ninetales
|turn|13
|
|t:|1779665793
|switch|p1a: P!SS!>!>!??|Basculegion-F, F, shiny|100/100
|move|p2a: Ninetales|Weather Ball|p1a: P!SS!>!>!??
|-resisted|p1a: P!SS!>!>!??
|-damage|p1a: P!SS!>!>!??|79/100
|
|-weather|SunnyDay|[upkeep]
|upkeep
|turn|14
|
|t:|1779665801
|move|p2a: Ninetales|Will-O-Wisp|p1a: P!SS!>!>!??|[miss]
|-miss|p2a: Ninetales|p1a: P!SS!>!>!??
|move|p1a: P!SS!>!>!??|Flip Turn|p2a: Ninetales
|-supereffective|p2a: Ninetales
|-damage|p2a: Ninetales|71/100
|
|t:|1779665804
|switch|p1a: Pink 2|Slowking-Galar, M|49/100|[from] Flip Turn
|
|-weather|SunnyDay|[upkeep]
|upkeep
|turn|15
|
|t:|1779665810
|move|p2a: Ninetales|Weather Ball|p1a: Pink 2
|-damage|p1a: Pink 2|22/100
|-prepare|p1a: Pink 2|Chilly Reception|[premajor]
|move|p1a: Pink 2|Chilly Reception|p1a: Pink 2
|-weather|Snowscape
|
|t:|1779665817
|switch|p1a: Pink 1|Zamazenta, shiny|91/100|[from] Chilly Reception
|
|-weather|Snowscape|[upkeep]
|upkeep
|turn|16
|
|t:|1779665822
|switch|p2a: Blaziken|Blaziken, F, shiny|100/100
|-item|p2a: Blaziken|Air Balloon
|move|p1a: Pink 1|Close Combat|p2a: Blaziken
|-damage|p2a: Blaziken|0 fnt
|-unboost|p1a: Pink 1|def|1
|-unboost|p1a: Pink 1|spd|1
|-enditem|p2a: Blaziken|Air Balloon
|faint|p2a: Blaziken
|-damage|p1a: Pink 1|81/100|[from] item: Life Orb
|
|-weather|Snowscape|[upkeep]
|upkeep
|
|t:|1779665824
|switch|p2a: Ninetales|Ninetales, M, shiny|71/100
|-weather|SunnyDay|[from] ability: Drought|[of] p2a: Ninetales
|turn|17
|
|t:|1779665830
|move|p1a: Pink 1|Close Combat|p2a: Ninetales
|-damage|p2a: Ninetales|0 fnt
|-unboost|p1a: Pink 1|def|1
|-unboost|p1a: Pink 1|spd|1
|faint|p2a: Ninetales
|-damage|p1a: Pink 1|71/100|[from] item: Life Orb
|
|-weather|SunnyDay|[upkeep]
|upkeep
|
|t:|1779665832
|switch|p2a: Walking Wake|Walking Wake, tera:Water|68/100
|-activate|p2a: Walking Wake|ability: Protosynthesis
|-start|p2a: Walking Wake|protosynthesisspe
|turn|18
|
|t:|1779665851
|switch|p1a: Furry|Cinderace, F, shiny|17/100
|move|p2a: Walking Wake|Hydro Steam|p1a: Furry
|-supereffective|p1a: Furry
|-damage|p1a: Furry|0 fnt
|faint|p1a: Furry
|
|-weather|SunnyDay|[upkeep]
|upkeep
|
|t:|1779665857
|switch|p1a: Pink 2|Slowking-Galar, M|55/100
|turn|19
|
|t:|1779665870
|switch|p1a: purple?|Tsareena, F, shiny|70/100
|move|p2a: Walking Wake|Hydro Steam|p1a: purple?
|-resisted|p1a: purple?
|-damage|p1a: purple?|42/100
|
|-weather|SunnyDay|[upkeep]
|upkeep
|turn|20
|
|t:|1779665875
|move|p2a: Walking Wake|Hydro Steam|p1a: purple?
|-resisted|p1a: purple?
|-damage|p1a: purple?|12/100
|move|p1a: purple?|Power Whip|p2a: Walking Wake
|-supereffective|p2a: Walking Wake
|-damage|p2a: Walking Wake|0 fnt
|faint|p2a: Walking Wake
|-end|p2a: Walking Wake|Protosynthesis|[silent]
|
|win|MagnificentMudkip
|c|☆MagnificentMudkip|gg
|l|☆LuckiLlamas
|player|p2|
