|j|☆vgadestroyer
|j|☆misterfitness
|t:|1779685195
|gametype|singles
|player|p1|vgadestroyer|pokemaniac|1055
|player|p2|misterfitness|chuck|1078
|gen|9
|tier|[Gen 9] OU
|rated|
|rule|HP Percentage Mod: HP is shown in percentages
|rule|Endless Battle Clause: Forcing endless battles is banned
|rule|Species Clause: Limit one of each Pokémon
|rule|OHKO Clause: OHKO moves are banned
|rule|Evasion Items Clause: Evasion items are banned
|rule|Evasion Moves Clause: Evasion moves are banned
|rule|Evasion Abilities Clause: Evasion abilities are banned
|rule|Sleep Moves Clause: Sleep-inducing moves are banned
|clearpoke
|poke|p1|Charizard, M|
|poke|p1|Torkoal, M|
|poke|p1|Walking Wake|
|poke|p1|Hatterene, F|
|poke|p1|Great Tusk|
|poke|p1|Slither Wing|
|poke|p2|Infernape, M|
|poke|p2|Conkeldurr, M|
|poke|p2|Hariyama, M|
|poke|p2|Rillaboom, M|
|poke|p2|Gallade, M|
|poke|p2|Golurk|
|teampreview
|inactive|Battle timer is ON: inactive players will automatically lose when time's up. (requested by vgadestroyer)
|
|t:|1779685205
|teamsize|p1|6
|teamsize|p2|6
|start
|switch|p1a: Torkoal|Torkoal, M|100/100
|switch|p2a: Gallade|Gallade, M|100/100
|-weather|SunnyDay|[from] ability: Drought|[of] p1a: Torkoal
|turn|1
|
|t:|1779685213
|move|p2a: Gallade|Psycho Cut|p1a: Torkoal
|-damage|p1a: Torkoal|59/100
|move|p1a: Torkoal|Will-O-Wisp|p2a: Gallade
|-status|p2a: Gallade|brn
|
|-weather|SunnyDay|[upkeep]
|-damage|p2a: Gallade|94/100 brn|[from] brn
|upkeep
|turn|2
|
|t:|1779685231
|switch|p2a: Hariyama|Hariyama, M|100/100
|move|p1a: Torkoal|Stealth Rock|p2a: Hariyama
|-sidestart|p2: misterfitness|move: Stealth Rock
|
|-weather|SunnyDay|[upkeep]
|upkeep
|turn|3
|
|t:|1779685240
|move|p2a: Hariyama|Bullet Punch|p1a: Torkoal
|-resisted|p1a: Torkoal
|-damage|p1a: Torkoal|54/100
|move|p1a: Torkoal|Will-O-Wisp|p2a: Hariyama|[miss]
|-miss|p1a: Torkoal|p2a: Hariyama
|
|-weather|SunnyDay|[upkeep]
|upkeep
|turn|4
|
|t:|1779685248
|move|p2a: Hariyama|Bullet Punch|p1a: Torkoal
|-resisted|p1a: Torkoal
|-damage|p1a: Torkoal|48/100
|move|p1a: Torkoal|Will-O-Wisp|p2a: Hariyama
|-status|p2a: Hariyama|brn
|
|-weather|SunnyDay|[upkeep]
|-damage|p2a: Hariyama|94/100 brn|[from] brn
|upkeep
|turn|5
|
|t:|1779685260
|switch|p1a: Charizard for OU|Charizard, M|100/100
|move|p2a: Hariyama|Drain Punch|p1a: Charizard for OU
|-resisted|p1a: Charizard for OU
|-damage|p1a: Charizard for OU|50/100
|-heal|p2a: Hariyama|100/100 brn|[from] drain|[of] p1a: Charizard for OU
|
|-weather|SunnyDay|[upkeep]
|-damage|p1a: Charizard for OU|37/100|[from] ability: Solar Power|[of] p1a: Charizard for OU
|-damage|p2a: Hariyama|94/100 brn|[from] brn
|upkeep
|turn|6
|
|t:|1779685274
|move|p1a: Charizard for OU|Weather Ball|p2a: Hariyama
|-damage|p2a: Hariyama|0 fnt
|faint|p2a: Hariyama
|
|-weather|SunnyDay|[upkeep]
|-damage|p1a: Charizard for OU|25/100|[from] ability: Solar Power|[of] p1a: Charizard for OU
|upkeep
|
|t:|1779685284
|switch|p2a: Conkeldurr|Conkeldurr, M|100/100
|-damage|p2a: Conkeldurr|95/100|[from] Stealth Rock
|turn|7
|
|t:|1779685292
|move|p2a: Conkeldurr|Mach Punch|p1a: Charizard for OU
|-resisted|p1a: Charizard for OU
|-damage|p1a: Charizard for OU|4/100
|move|p1a: Charizard for OU|Weather Ball|p2a: Conkeldurr
|-damage|p2a: Conkeldurr|0 fnt
|faint|p2a: Conkeldurr
|
|-weather|SunnyDay|[upkeep]
|-damage|p1a: Charizard for OU|0 fnt|[from] ability: Solar Power|[of] p1a: Charizard for OU
|faint|p1a: Charizard for OU
|upkeep
|
|t:|1779685308
|switch|p1a: Walking Wake|Walking Wake|100/100
|switch|p2a: Infernape|Infernape, M|100/100
|-damage|p2a: Infernape|88/100|[from] Stealth Rock
|-activate|p1a: Walking Wake|ability: Protosynthesis
|-start|p1a: Walking Wake|protosynthesisspe
|turn|8
|
|t:|1779685317
|move|p1a: Walking Wake|Hydro Steam|p2a: Infernape
|-supereffective|p2a: Infernape
|-damage|p2a: Infernape|0 fnt
|faint|p2a: Infernape
|
|-weather|none
|-end|p1a: Walking Wake|Protosynthesis
|upkeep
|
|t:|1779685329
|switch|p2a: Rillaboom|Rillaboom, M|100/100
|-damage|p2a: Rillaboom|88/100|[from] Stealth Rock
|-fieldstart|move: Grassy Terrain|[from] ability: Grassy Surge|[of] p2a: Rillaboom
|turn|9
|
|t:|1779685335
|move|p2a: Rillaboom|Grassy Glide|p1a: Walking Wake
|-crit|p1a: Walking Wake
|-damage|p1a: Walking Wake|31/100
|move|p1a: Walking Wake|Flip Turn|p2a: Rillaboom
|-resisted|p2a: Rillaboom
|-damage|p2a: Rillaboom|80/100
|
|t:|1779685342
|-end|p1a: Walking Wake|Protosynthesis|[silent]
|switch|p1a: Torkoal|Torkoal, M|48/100|[from] Flip Turn
|-weather|SunnyDay|[from] ability: Drought|[of] p1a: Torkoal
|
|-weather|SunnyDay|[upkeep]
|-heal|p2a: Rillaboom|86/100|[from] Grassy Terrain
|-heal|p1a: Torkoal|54/100|[from] Grassy Terrain
|upkeep
|turn|10
|
|t:|1779685353
|move|p2a: Rillaboom|Earthquake|p1a: Torkoal
|-supereffective|p1a: Torkoal
|-damage|p1a: Torkoal|26/100
|move|p1a: Torkoal|Will-O-Wisp|p2a: Rillaboom
|-status|p2a: Rillaboom|brn
|
|-weather|SunnyDay|[upkeep]
|-heal|p2a: Rillaboom|93/100 brn|[from] Grassy Terrain
|-heal|p1a: Torkoal|32/100|[from] Grassy Terrain
|-damage|p2a: Rillaboom|86/100 brn|[from] brn
|upkeep
|turn|11
|
|t:|1779685365
|move|p2a: Rillaboom|Leech Seed|p1a: Torkoal
|-start|p1a: Torkoal|move: Leech Seed
|move|p1a: Torkoal|Overheat|p2a: Rillaboom
|-supereffective|p2a: Rillaboom
|-damage|p2a: Rillaboom|0 fnt
|-unboost|p1a: Torkoal|spa|2
|faint|p2a: Rillaboom
|
|-weather|SunnyDay|[upkeep]
|-heal|p1a: Torkoal|38/100|[from] Grassy Terrain
|upkeep
|
|t:|1779685385
|switch|p2a: Gallade|Gallade, M|94/100 brn
|-damage|p2a: Gallade|88/100 brn|[from] Stealth Rock
|turn|12
|
|t:|1779685391
|move|p2a: Gallade|Psycho Cut|p1a: Torkoal
|-damage|p1a: Torkoal|17/100
|move|p1a: Torkoal|Overheat|p2a: Gallade
|-damage|p2a: Gallade|55/100 brn
|-unboost|p1a: Torkoal|spa|2
|
|-weather|SunnyDay|[upkeep]
|-heal|p2a: Gallade|61/100 brn|[from] Grassy Terrain
|-heal|p1a: Torkoal|24/100|[from] Grassy Terrain
|-damage|p1a: Torkoal|11/100|[from] Leech Seed|[of] p2a: Gallade
|-heal|p2a: Gallade|76/100 brn|[silent]
|-damage|p2a: Gallade|70/100 brn|[from] brn
|upkeep
|turn|13
|
|t:|1779685407
|switch|p1a: Hatterene|Hatterene, F|100/100
|move|p2a: Gallade|Drain Punch|p1a: Hatterene
|-resisted|p1a: Hatterene
|-damage|p1a: Hatterene|96/100
|-heal|p2a: Gallade|72/100 brn|[from] drain|[of] p1a: Hatterene
|-enditem|p1a: Hatterene|Eject Button
|
|t:|1779685415
|switch|p1a: Slither Wing|Slither Wing|100/100
|-activate|p1a: Slither Wing|ability: Protosynthesis
|-start|p1a: Slither Wing|protosynthesisatk
|
|-weather|SunnyDay|[upkeep]
|-heal|p2a: Gallade|79/100 brn|[from] Grassy Terrain
|-damage|p2a: Gallade|72/100 brn|[from] brn
|-fieldend|move: Grassy Terrain
|upkeep
|turn|14
|
|t:|1779685425
|move|p1a: Slither Wing|First Impression|p2a: Gallade
|-damage|p2a: Gallade|0 fnt
|faint|p2a: Gallade
|
|-weather|SunnyDay|[upkeep]
|upkeep
|
|t:|1779685432
|switch|p2a: Golurk|Golurk|100/100
|-damage|p2a: Golurk|94/100|[from] Stealth Rock
|turn|15
|
|t:|1779685438
|move|p1a: Slither Wing|U-turn|p2a: Golurk
|-resisted|p2a: Golurk
|-damage|p2a: Golurk|61/100
|
|t:|1779685445
|-end|p1a: Slither Wing|Protosynthesis|[silent]
|switch|p1a: Great Tusk|Great Tusk|100/100|[from] U-turn
|-activate|p1a: Great Tusk|ability: Protosynthesis
|-start|p1a: Great Tusk|protosynthesisspe
|move|p2a: Golurk|Shadow Punch|p1a: Great Tusk
|-damage|p1a: Great Tusk|77/100
|-damage|p2a: Golurk|45/100|[from] item: Rocky Helmet|[of] p1a: Great Tusk
|
|-weather|SunnyDay|[upkeep]
|upkeep
|turn|16
|-message|misterfitness forfeited.
|
|win|vgadestroyer
|raw|vgadestroyer's rating: 1055 &rarr; <strong>1089</strong><br />(+34 for winning)
|raw|misterfitness's rating: 1078 &rarr; <strong>1055</strong><br />(-23 for losing)
|l|☆misterfitness
|player|p2|
|l|☆vgadestroyer
|player|p1|
