|j|☆kopv
|j|☆lolcano46
|t:|1779662840
|gametype|singles
|player|p1|kopv|bugcatcher-gen4dp|1599
|player|p2|lolcano46|fisherman-gen4|1620
|gen|9
|tier|[Gen 9] OU
|rated|
|rule|HP Percentage Mod: HP is shown in percentages
|rule|Endless Battle Clause: Forcing endless battles is banned
|rule|Species Clause: Limit one of each Pokémon
|rule|OHKO Clause: OHKO moves are banned
|rule|Evasion Items Clause: Evasion items are banned
|rule|Evasion Moves Clause: Evasion moves are banned
|rule|Evasion Abilities Clause: Evasion abilities are banned
|rule|Sleep Moves Clause: Sleep-inducing moves are banned
|clearpoke
|poke|p1|Pelipper, M|
|poke|p1|Barraskewda, F|
|poke|p1|Iron Treads|
|poke|p1|Bruxish, M|
|poke|p1|Raging Bolt|
|poke|p1|Enamorus, F|
|poke|p2|Azelf|
|poke|p2|Ogerpon-Wellspring, F|
|poke|p2|Scizor, M|
|poke|p2|Gengar, M|
|poke|p2|Raging Bolt|
|poke|p2|Cinderace, F|
|teampreview
|inactive|Battle timer is ON: inactive players will automatically lose when time's up. (requested by lolcano46)
|
|t:|1779662848
|teamsize|p1|6
|teamsize|p2|6
|start
|switch|p1a: Pelipper|Pelipper, M|100/100
|switch|p2a: Azelf|Azelf|100/100
|-weather|RainDance|[from] ability: Drizzle|[of] p1a: Pelipper
|turn|1
|
|t:|1779662853
|switch|p1a: Iron Treads|Iron Treads|100/100
|move|p2a: Azelf|Thunderbolt|p1a: Iron Treads
|-immune|p1a: Iron Treads
|
|-weather|RainDance|[upkeep]
|upkeep
|turn|2
|
|t:|1779662864
|move|p2a: Azelf|Flamethrower|p1a: Iron Treads
|-supereffective|p1a: Iron Treads
|-damage|p1a: Iron Treads|66/100
|move|p1a: Iron Treads|Rapid Spin|p2a: Azelf
|-damage|p2a: Azelf|81/100
|-boost|p1a: Iron Treads|spe|1
|
|-weather|RainDance|[upkeep]
|-heal|p1a: Iron Treads|72/100|[from] item: Leftovers
|upkeep
|turn|3
|
|t:|1779662870
|move|p1a: Iron Treads|Iron Head|p2a: Azelf
|-crit|p2a: Azelf
|-damage|p2a: Azelf|7/100
|move|p2a: Azelf|Flamethrower|p1a: Iron Treads
|-supereffective|p1a: Iron Treads
|-damage|p1a: Iron Treads|33/100
|-status|p1a: Iron Treads|brn
|
|-weather|RainDance|[upkeep]
|-heal|p1a: Iron Treads|39/100 brn|[from] item: Leftovers
|-damage|p1a: Iron Treads|33/100 brn|[from] brn
|upkeep
|turn|4
|
|t:|1779662881
|switch|p2a: Ogerpon|Ogerpon-Wellspring, F|100/100
|move|p1a: Iron Treads|Stealth Rock|p2a: Ogerpon
|-sidestart|p2: lolcano46|move: Stealth Rock
|
|-weather|RainDance|[upkeep]
|-heal|p1a: Iron Treads|39/100 brn|[from] item: Leftovers
|-damage|p1a: Iron Treads|33/100 brn|[from] brn
|upkeep
|turn|5
|
|t:|1779662899
|-end|p1a: Iron Treads|Quark Drive|[silent]
|switch|p1a: Raging Bolt|Raging Bolt|100/100
|move|p2a: Ogerpon|Ivy Cudgel|p1a: Raging Bolt|[anim] Ivy Cudgel Water
|-resisted|p1a: Raging Bolt
|-damage|p1a: Raging Bolt|62/100
|
|-weather|RainDance|[upkeep]
|-heal|p1a: Raging Bolt|69/100|[from] item: Leftovers
|upkeep
|turn|6
|
|t:|1779662905
|move|p2a: Ogerpon|Play Rough|p1a: Raging Bolt
|-supereffective|p1a: Raging Bolt
|-damage|p1a: Raging Bolt|1/100
|move|p1a: Raging Bolt|Thunder|p2a: Ogerpon
|-damage|p2a: Ogerpon|26/100
|-status|p2a: Ogerpon|par
|
|-weather|RainDance|[upkeep]
|-heal|p1a: Raging Bolt|7/100|[from] item: Leftovers
|upkeep
|turn|7
|
|t:|1779662910
|move|p1a: Raging Bolt|Thunder|p2a: Ogerpon
|-damage|p2a: Ogerpon|0 fnt
|faint|p2a: Ogerpon
|
|-weather|RainDance|[upkeep]
|-heal|p1a: Raging Bolt|13/100|[from] item: Leftovers
|upkeep
|
|t:|1779662912
|switch|p2a: Cinderace|Cinderace, F|100/100
|turn|8
|
|t:|1779662915
|-end|p1a: Raging Bolt|Protosynthesis|[silent]
|switch|p1a: Enamorus|Enamorus, F|100/100
|move|p2a: Cinderace|Sucker Punch||[still]
|-fail|p2a: Cinderace
|
|-weather|none
|upkeep
|turn|9
|
|t:|1779662924
|move|p1a: Enamorus|Earth Power|p2a: Cinderace
|-supereffective|p2a: Cinderace
|-damage|p2a: Cinderace|0 fnt
|faint|p2a: Cinderace
|
|upkeep
|
|t:|1779662929
|switch|p2a: Raging Bolt|Raging Bolt|100/100
|-damage|p2a: Raging Bolt|88/100|[from] Stealth Rock
|-enditem|p2a: Raging Bolt|Booster Energy
|-activate|p2a: Raging Bolt|ability: Protosynthesis|[fromitem]
|-start|p2a: Raging Bolt|protosynthesisspa
|turn|10
|
|t:|1779662947
|-end|p2a: Raging Bolt|Protosynthesis|[silent]
|switch|p2a: Azelf|Azelf|7/100
|-damage|p2a: Azelf|0 fnt|[from] Stealth Rock
|faint|p2a: Azelf
|move|p1a: Enamorus|Earth Power|p2: Azelf|[notarget]
|-fail|p1a: Enamorus
|
|upkeep
|
|t:|1779662955
|switch|p2a: Scizor|Scizor, M|100/100
|-damage|p2a: Scizor|88/100|[from] Stealth Rock
|turn|11
|
|t:|1779662959
|switch|p1a: Pelipper|Pelipper, M|100/100
|-weather|RainDance|[from] ability: Drizzle|[of] p1a: Pelipper
|move|p2a: Scizor|Swords Dance|p2a: Scizor
|-boost|p2a: Scizor|atk|2
|
|-weather|RainDance|[upkeep]
|upkeep
|turn|12
|
|t:|1779662964
|move|p2a: Scizor|Knock Off|p1a: Pelipper
|-damage|p1a: Pelipper|49/100
|-enditem|p1a: Pelipper|Damp Rock|[from] move: Knock Off|[of] p2a: Scizor
|move|p1a: Pelipper|U-turn|p2a: Scizor
|-resisted|p2a: Scizor
|-damage|p2a: Scizor|83/100
|
|t:|1779662969
|switch|p1a: 'Ello gov'na|Bruxish, M|100/100|[from] U-turn
|
|-weather|RainDance|[upkeep]
|upkeep
|turn|13
|
|t:|1779662973
|move|p1a: 'Ello gov'na|Wave Crash|p2a: Scizor
|-damage|p2a: Scizor|0 fnt
|faint|p2a: Scizor
|-damage|p1a: 'Ello gov'na|70/100|[from] Recoil
|
|-weather|RainDance|[upkeep]
|upkeep
|-message|lolcano46 forfeited.
|
|win|kopv
|raw|kopv's rating: 1599 &rarr; <strong>1620</strong><br />(+21 for winning)
|raw|lolcano46's rating: 1620 &rarr; <strong>1599</strong><br />(-21 for losing)
|l|☆lolcano46
|player|p2|
