|j|☆AmonacookieCutter
|j|☆elpets
|t:|1779561876
|gametype|singles
|player|p1|AmonacookieCutter|cyclist-gen4|1569
|player|p2|elpets|infielder|1643
|gen|9
|tier|[Gen 9] OU
|rated|
|rule|HP Percentage Mod: HP is shown in percentages
|rule|Endless Battle Clause: Forcing endless battles is banned
|rule|Species Clause: Limit one of each Pokémon
|rule|OHKO Clause: OHKO moves are banned
|rule|Evasion Items Clause: Evasion items are banned
|rule|Evasion Moves Clause: Evasion moves are banned
|rule|Evasion Abilities Clause: Evasion abilities are banned
|rule|Sleep Moves Clause: Sleep-inducing moves are banned
|clearpoke
|poke|p1|Hawlucha, F|
|poke|p1|Samurott-Hisui, F|
|poke|p1|Rillaboom, F|
|poke|p1|Gholdengo|
|poke|p1|Kyurem|
|poke|p1|Landorus-Therian, M|
|poke|p2|Hatterene, F|
|poke|p2|Dragonite, F|
|poke|p2|Breloom, F|
|poke|p2|Azumarill, F|
|poke|p2|Great Tusk|
|poke|p2|Skeledirge, F|
|teampreview
|inactive|Battle timer is ON: inactive players will automatically lose when time's up. (requested by AmonacookieCutter)
|
|t:|1779561886
|teamsize|p1|6
|teamsize|p2|6
|start
|switch|p1a: Landorus|Landorus-Therian, M|100/100
|switch|p2a: Azumarill|Azumarill, F|100/100
|-ability|p1a: Landorus|Intimidate|boost
|-unboost|p2a: Azumarill|atk|1
|turn|1
|
|t:|1779561890
|move|p1a: Landorus|Taunt|p2a: Azumarill
|-start|p2a: Azumarill|move: Taunt
|move|p2a: Azumarill|Liquidation|p1a: Landorus
|-supereffective|p1a: Landorus
|-damage|p1a: Landorus|34/100
|-damage|p2a: Azumarill|84/100|[from] item: Rocky Helmet|[of] p1a: Landorus
|
|upkeep
|turn|2
|
|t:|1779561896
|switch|p1a: Rillaboom|Rillaboom, F|100/100
|-fieldstart|move: Grassy Terrain|[from] ability: Grassy Surge|[of] p1a: Rillaboom
|switch|p2a: Hatterene|Hatterene, F|100/100
|
|upkeep
|turn|3
|
|t:|1779561901
|move|p1a: Rillaboom|Wood Hammer|p2a: Hatterene
|-damage|p2a: Hatterene|5/100
|-damage|p1a: Rillaboom|73/100|[from] Recoil
|move|p2a: Hatterene|Trick Room|p2a: Hatterene
|-fieldstart|move: Trick Room|[of] p2a: Hatterene
|
|-heal|p2a: Hatterene|11/100|[from] Grassy Terrain
|-heal|p2a: Hatterene|17/100|[from] item: Leftovers
|-heal|p1a: Rillaboom|80/100|[from] Grassy Terrain
|upkeep
|turn|4
|
|t:|1779561905
|move|p1a: Rillaboom|Grassy Glide|p2a: Hatterene
|-damage|p2a: Hatterene|0 fnt
|faint|p2a: Hatterene
|
|-heal|p1a: Rillaboom|86/100|[from] Grassy Terrain
|upkeep
|
|t:|1779561906
|switch|p2a: Skeledirge|Skeledirge, F|100/100
|turn|5
|
|t:|1779561909
|switch|p1a: Samurott|Samurott-Hisui, F|100/100
|move|p2a: Skeledirge|Torch Song|p1a: Samurott
|-resisted|p1a: Samurott
|-damage|p1a: Samurott|91/100
|-boost|p2a: Skeledirge|spa|1
|
|-heal|p1a: Samurott|97/100|[from] Grassy Terrain
|upkeep
|turn|6
|
|t:|1779561911
|switch|p2a: Azumarill|Azumarill, F|84/100
|move|p1a: Samurott|Ceaseless Edge|p2a: Azumarill
|-resisted|p2a: Azumarill
|-damage|p2a: Azumarill|65/100
|-sidestart|p2: elpets|Spikes
|
|-heal|p2a: Azumarill|71/100|[from] Grassy Terrain
|-heal|p1a: Samurott|100/100|[from] Grassy Terrain
|-fieldend|move: Grassy Terrain
|upkeep
|turn|7
|
|t:|1779561916
|switch|p1a: Landorus|Landorus-Therian, M|34/100
|-ability|p1a: Landorus|Intimidate|boost
|-unboost|p2a: Azumarill|atk|1
|move|p2a: Azumarill|Play Rough|p1a: Landorus
|-damage|p1a: Landorus|0 fnt
|-damage|p2a: Azumarill|54/100|[from] item: Rocky Helmet|[of] p1a: Landorus
|faint|p1a: Landorus
|
|-fieldend|move: Trick Room
|upkeep
|
|t:|1779561926
|switch|p1a: Kyurem|Kyurem|100/100
|-ability|p1a: Kyurem|Pressure
|turn|8
|
|t:|1779561927
|move|p1a: Kyurem|Freeze-Dry|p2a: Azumarill
|-supereffective|p2a: Azumarill
|-damage|p2a: Azumarill|5/100
|move|p2a: Azumarill|Play Rough|p1a: Kyurem
|-supereffective|p1a: Kyurem
|-damage|p1a: Kyurem|25/100
|
|upkeep
|turn|9
|
|t:|1779561932
|move|p2a: Azumarill|Aqua Jet|p1a: Kyurem
|-resisted|p1a: Kyurem
|-damage|p1a: Kyurem|17/100
|move|p1a: Kyurem|Freeze-Dry|p2a: Azumarill
|-supereffective|p2a: Azumarill
|-damage|p2a: Azumarill|0 fnt
|faint|p2a: Azumarill
|
|upkeep
|
|t:|1779561935
|switch|p2a: Dragonite|Dragonite, F|100/100
|turn|10
|
|t:|1779561939
|switch|p1a: Gholdengo|Gholdengo|100/100
|move|p2a: Dragonite|Extreme Speed|p1a: Gholdengo
|-immune|p1a: Gholdengo
|
|upkeep
|turn|11
|
|t:|1779561947
|switch|p2a: Great Tusk|Great Tusk|100/100
|-damage|p2a: Great Tusk|88/100|[from] Spikes
|-enditem|p2a: Great Tusk|Booster Energy
|-activate|p2a: Great Tusk|ability: Protosynthesis|[fromitem]
|-start|p2a: Great Tusk|protosynthesisatk
|move|p1a: Gholdengo|Trick|p2a: Great Tusk
|-activate|p1a: Gholdengo|move: Trick|[of] p2a: Great Tusk
|-item|p2a: Great Tusk|Choice Scarf|[from] move: Trick
|-enditem|p1a: Gholdengo|Choice Scarf|[silent]|[from] move: Trick
|
|upkeep
|turn|12
|
|t:|1779561955
|switch|p1a: Hawlucha|Hawlucha, F|100/100
|move|p2a: Great Tusk|Ice Spinner|p1a: Hawlucha
|-supereffective|p1a: Hawlucha
|-crit|p1a: Hawlucha
|-damage|p1a: Hawlucha|0 fnt
|faint|p1a: Hawlucha
|
|upkeep
|
|t:|1779561961
|switch|p1a: Samurott|Samurott-Hisui, F|100/100
|turn|13
|
|t:|1779561974
|move|p2a: Great Tusk|Ice Spinner|p1a: Samurott
|-resisted|p1a: Samurott
|-damage|p1a: Samurott|81/100
|move|p1a: Samurott|Ceaseless Edge|p2a: Great Tusk
|-resisted|p2a: Great Tusk
|-damage|p2a: Great Tusk|74/100
|-sidestart|p2: elpets|Spikes
|
|upkeep
|turn|14
|
|t:|1779561979
|move|p2a: Great Tusk|Ice Spinner|p1a: Samurott
|-resisted|p1a: Samurott
|-damage|p1a: Samurott|60/100
|move|p1a: Samurott|Ceaseless Edge|p2a: Great Tusk|[miss]
|-miss|p1a: Samurott|p2a: Great Tusk
|
|upkeep
|turn|15
|
|t:|1779561983
|-end|p2a: Great Tusk|Protosynthesis|[silent]
|switch|p2a: Skeledirge|Skeledirge, F|100/100
|-damage|p2a: Skeledirge|84/100|[from] Spikes
|move|p1a: Samurott|Flip Turn|p2a: Skeledirge
|-supereffective|p2a: Skeledirge
|-damage|p2a: Skeledirge|51/100
|
|t:|1779561988
|switch|p1a: Gholdengo|Gholdengo|100/100|[from] Flip Turn
|
|upkeep
|turn|16
|
|t:|1779561994
|move|p1a: Gholdengo|Shadow Ball|p2a: Skeledirge
|-supereffective|p2a: Skeledirge
|-crit|p2a: Skeledirge
|-damage|p2a: Skeledirge|0 fnt
|faint|p2a: Skeledirge
|
|upkeep
|
|t:|1779561996
|switch|p2a: Dragonite|Dragonite, F|100/100
|turn|17
|
|t:|1779562000
|move|p1a: Gholdengo|Shadow Ball|p2a: Dragonite
|-damage|p2a: Dragonite|78/100
|move|p2a: Dragonite|Dragon Dance|p2a: Dragonite
|-boost|p2a: Dragonite|atk|1
|-boost|p2a: Dragonite|spe|1
|
|upkeep
|turn|18
|
|t:|1779562005
|move|p2a: Dragonite|Fire Punch|p1a: Gholdengo
|-supereffective|p1a: Gholdengo
|-damage|p1a: Gholdengo|5/100
|move|p1a: Gholdengo|Shadow Ball|p2a: Dragonite
|-damage|p2a: Dragonite|35/100
|
|upkeep
|turn|19
|
|t:|1779562020
|-terastallize|p1a: Gholdengo|Steel
|move|p2a: Dragonite|Fire Punch|p1a: Gholdengo
|-supereffective|p1a: Gholdengo
|-crit|p1a: Gholdengo
|-damage|p1a: Gholdengo|0 fnt
|faint|p1a: Gholdengo
|
|upkeep
|
|t:|1779562023
|switch|p1a: Samurott|Samurott-Hisui, F|60/100
|turn|20
|
|t:|1779562027
|move|p2a: Dragonite|Outrage|p1a: Samurott
|-damage|p1a: Samurott|0 fnt
|faint|p1a: Samurott
|
|upkeep
|
|t:|1779562029
|switch|p1a: Rillaboom|Rillaboom, F|86/100
|-fieldstart|move: Grassy Terrain|[from] ability: Grassy Surge|[of] p1a: Rillaboom
|turn|21
|
|t:|1779562035
|move|p2a: Dragonite|Outrage|p1a: Rillaboom|[from] lockedmove
|-damage|p1a: Rillaboom|0 fnt
|faint|p1a: Rillaboom
|
|upkeep
|-message|AmonacookieCutter forfeited.
|
|win|elpets
|raw|AmonacookieCutter's rating: 1569 &rarr; <strong>1553</strong><br />(-16 for losing)
|raw|elpets's rating: 1643 &rarr; <strong>1659</strong><br />(+16 for winning)
|l|☆AmonacookieCutter
|player|p1|
|l|☆elpets
|player|p2|
