|j|☆jsmikelol
|j|☆cryrob9909
|t:|1779648185
|gametype|singles
|player|p1|jsmikelol|ninjaboy|
|player|p2|cryrob9909|plasmagruntf-gen5bw|
|gen|9
|tier|[Gen 9] OU
|rule|HP Percentage Mod: HP is shown in percentages
|rule|Endless Battle Clause: Forcing endless battles is banned
|rule|Species Clause: Limit one of each Pokémon
|rule|OHKO Clause: OHKO moves are banned
|rule|Evasion Items Clause: Evasion items are banned
|rule|Evasion Moves Clause: Evasion moves are banned
|rule|Evasion Abilities Clause: Evasion abilities are banned
|rule|Sleep Moves Clause: Sleep-inducing moves are banned
|clearpoke
|poke|p1|Weezing-Galar, M|
|poke|p1|Gliscor, M|
|poke|p1|Blissey, F|
|poke|p1|Corviknight, M|
|poke|p1|Dondozo, M|
|poke|p1|Toxapex, M|
|poke|p2|Ursaluna, M|
|poke|p2|Porygon2|
|poke|p2|Pawmot, M|
|poke|p2|Iron Hands|
|poke|p2|Arboliva, F|
|poke|p2|Kingambit, M|
|teampreview
|inactive|Battle timer is ON: inactive players will automatically lose when time's up. (requested by cryrob9909)
|inactive|jsmikelol also wants the timer to be on.
|
|t:|1779648192
|teamsize|p1|6
|teamsize|p2|6
|start
|switch|p1a: Gliscor|Gliscor, M|100/100
|switch|p2a: Iron Goat|Iron Hands, shiny|100/100
|-enditem|p2a: Iron Goat|Booster Energy
|-activate|p2a: Iron Goat|ability: Quark Drive|[fromitem]
|-start|p2a: Iron Goat|quarkdriveatk
|turn|1
|
|t:|1779648207
|-terastallize|p2a: Iron Goat|Flying
|move|p1a: Gliscor|Protect|p1a: Gliscor
|-singleturn|p1a: Gliscor|Protect
|move|p2a: Iron Goat|Swords Dance|p2a: Iron Goat
|-boost|p2a: Iron Goat|atk|2
|
|-status|p1a: Gliscor|tox|[from] item: Toxic Orb
|upkeep
|turn|2
|
|t:|1779648219
|move|p1a: Gliscor|Knock Off|p2a: Iron Goat
|-crit|p2a: Iron Goat
|-damage|p2a: Iron Goat|87/100
|move|p2a: Iron Goat|Swords Dance|p2a: Iron Goat
|-boost|p2a: Iron Goat|atk|2
|
|upkeep
|turn|3
|
|t:|1779648238
|move|p1a: Gliscor|Knock Off|p2a: Iron Goat
|-damage|p2a: Iron Goat|78/100
|move|p2a: Iron Goat|Swords Dance|p2a: Iron Goat
|-boost|p2a: Iron Goat|atk|2
|
|upkeep
|turn|4
|
|t:|1779648243
|move|p1a: Gliscor|Knock Off|p2a: Iron Goat
|-damage|p2a: Iron Goat|69/100
|move|p2a: Iron Goat|Ice Punch|p1a: Gliscor
|-supereffective|p1a: Gliscor
|-damage|p1a: Gliscor|0 fnt
|faint|p1a: Gliscor
|
|upkeep
|
|t:|1779648250
|switch|p1a: Toxapex|Toxapex, M|100/100
|turn|5
|
|t:|1779648256
|move|p1a: Toxapex|Haze|p1a: Toxapex
|-clearallboost
|move|p2a: Iron Goat|Heavy Slam|p1a: Toxapex
|-resisted|p1a: Toxapex
|-damage|p1a: Toxapex|82/100
|
|upkeep
|turn|6
|
|t:|1779648270
|-end|p2a: Iron Goat|Quark Drive|[silent]
|switch|p2a: Grass|Arboliva, F, shiny|100/100
|move|p1a: Toxapex|Poison Jab|p2a: Grass
|-supereffective|p2a: Grass
|-damage|p2a: Grass|65/100
|
|upkeep
|turn|7
|
|t:|1779648281
|move|p1a: Toxapex|Toxic|p2a: Grass
|-status|p2a: Grass|tox
|move|p2a: Grass|Leech Seed|p1a: Toxapex
|-start|p1a: Toxapex|move: Leech Seed
|
|-damage|p1a: Toxapex|70/100|[from] Leech Seed|[of] p2a: Grass
|-heal|p2a: Grass|75/100 tox|[silent]
|-damage|p2a: Grass|69/100 tox|[from] psn
|upkeep
|turn|8
|
|t:|1779648293
|move|p1a: Toxapex|Poison Jab|p2a: Grass
|-supereffective|p2a: Grass
|-damage|p2a: Grass|34/100 tox
|-enditem|p2a: Grass|Sitrus Berry|[eat]
|-heal|p2a: Grass|59/100 tox|[from] item: Sitrus Berry
|move|p2a: Grass|Strength Sap|p1a: Toxapex
|-unboost|p1a: Toxapex|atk|1
|-heal|p2a: Grass|100/100 tox
|
|-damage|p1a: Toxapex|58/100|[from] Leech Seed|[of] p2a: Grass
|-damage|p2a: Grass|88/100 tox|[from] psn
|upkeep
|turn|9
|
|t:|1779648305
|move|p1a: Toxapex|Recover|p1a: Toxapex
|-heal|p1a: Toxapex|100/100
|move|p2a: Grass|Giga Drain|p1a: Toxapex
|-damage|p1a: Toxapex|76/100
|-heal|p2a: Grass|99/100 tox|[from] drain|[of] p1a: Toxapex
|
|-damage|p1a: Toxapex|64/100|[from] Leech Seed|[of] p2a: Grass
|-heal|p2a: Grass|100/100 tox|[silent]
|-damage|p2a: Grass|82/100 tox|[from] psn
|-item|p2a: Grass|Sitrus Berry|[from] ability: Harvest
|upkeep
|turn|10
|
|t:|1779648325
|-terastallize|p1a: Toxapex|Steel
|move|p1a: Toxapex|Poison Jab|p2a: Grass
|-supereffective|p2a: Grass
|-damage|p2a: Grass|58/100 tox
|move|p2a: Grass|Earth Power|p1a: Toxapex
|-supereffective|p1a: Toxapex
|-damage|p1a: Toxapex|25/100
|
|-damage|p1a: Toxapex|12/100|[from] Leech Seed|[of] p2a: Grass
|-heal|p2a: Grass|68/100 tox|[silent]
|-damage|p2a: Grass|43/100 tox|[from] psn
|upkeep
|-enditem|p2a: Grass|Sitrus Berry|[eat]
|-heal|p2a: Grass|68/100 tox|[from] item: Sitrus Berry
|turn|11
|
|t:|1779648345
|switch|p2a: Domain expansion|Porygon2, shiny|100/100
|-ability|p2a: Domain expansion|Download|boost
|-boost|p2a: Domain expansion|spa|1
|move|p1a: Toxapex|Recover|p1a: Toxapex
|-heal|p1a: Toxapex|63/100
|
|-damage|p1a: Toxapex|50/100|[from] Leech Seed|[of] p2a: Domain expansion
|upkeep
|turn|12
|
|t:|1779648358
|move|p2a: Domain expansion|Thunder Wave|p1a: Toxapex
|-status|p1a: Toxapex|par
|move|p1a: Toxapex|Toxic|p2a: Domain expansion
|-status|p2a: Domain expansion|tox
|
|-damage|p1a: Toxapex|38/100 par|[from] Leech Seed|[of] p2a: Domain expansion
|-damage|p2a: Domain expansion|94/100 tox|[from] psn
|upkeep
|turn|13
|
|t:|1779648365
|move|p1a: Toxapex|Poison Jab|p2a: Domain expansion
|-damage|p2a: Domain expansion|85/100 tox
|move|p2a: Domain expansion|Trick Room|p2a: Domain expansion
|-fieldstart|move: Trick Room|[of] p2a: Domain expansion
|
|-damage|p1a: Toxapex|26/100 par|[from] Leech Seed|[of] p2a: Domain expansion
|-heal|p2a: Domain expansion|95/100 tox|[silent]
|-damage|p2a: Domain expansion|83/100 tox|[from] psn
|upkeep
|turn|14
|
|t:|1779648381
|switch|p2a: Maxpower Smokey|Ursaluna, M, shiny|100/100
|move|p1a: Toxapex|Poison Jab|p2a: Maxpower Smokey
|-resisted|p2a: Maxpower Smokey
|-damage|p2a: Maxpower Smokey|97/100
|
|-damage|p1a: Toxapex|14/100 par|[from] Leech Seed|[of] p2a: Maxpower Smokey
|-heal|p2a: Maxpower Smokey|100/100|[silent]
|-status|p2a: Maxpower Smokey|brn|[from] item: Flame Orb
|upkeep
|turn|15
|
|t:|1779648392
|move|p1a: Toxapex|Recover|p1a: Toxapex
|-heal|p1a: Toxapex|64/100 par
|move|p2a: Maxpower Smokey|Earthquake|p1a: Toxapex
|-supereffective|p1a: Toxapex
|-damage|p1a: Toxapex|0 fnt
|faint|p1a: Toxapex
|
|-damage|p2a: Maxpower Smokey|94/100 brn|[from] brn
|upkeep
|
|t:|1779648406
|switch|p1a: Dondozo|Dondozo, M|100/100
|turn|16
|
|t:|1779648411
|switch|p2a: Grass|Arboliva, F, shiny|68/100 tox
|move|p1a: Dondozo|Waterfall|p2a: Grass
|-resisted|p2a: Grass
|-damage|p2a: Grass|56/100 tox
|
|-damage|p2a: Grass|50/100 tox|[from] psn
|-item|p2a: Grass|Sitrus Berry|[from] ability: Harvest
|upkeep
|-enditem|p2a: Grass|Sitrus Berry|[eat]
|-heal|p2a: Grass|75/100 tox|[from] item: Sitrus Berry
|turn|17
|
|t:|1779648423
|move|p2a: Grass|Strength Sap|p1a: Dondozo
|-unboost|p1a: Dondozo|atk|1
|-heal|p2a: Grass|100/100 tox
|move|p1a: Dondozo|Curse|p1a: Dondozo
|-unboost|p1a: Dondozo|spe|1
|-boost|p1a: Dondozo|atk|1
|-boost|p1a: Dondozo|def|1
|
|-damage|p2a: Grass|88/100 tox|[from] psn
|-fieldend|move: Trick Room
|-item|p2a: Grass|Sitrus Berry|[from] ability: Harvest
|upkeep
|turn|18
|
|t:|1779648435
|move|p2a: Grass|Leech Seed|p1a: Dondozo
|-start|p1a: Dondozo|move: Leech Seed
|move|p1a: Dondozo|Curse|p1a: Dondozo
|-unboost|p1a: Dondozo|spe|1
|-boost|p1a: Dondozo|atk|1
|-boost|p1a: Dondozo|def|1
|
|-damage|p1a: Dondozo|88/100|[from] Leech Seed|[of] p2a: Grass
|-heal|p2a: Grass|100/100 tox|[silent]
|-damage|p2a: Grass|82/100 tox|[from] psn
|upkeep
|turn|19
|
|t:|1779648448
|move|p2a: Grass|Giga Drain|p1a: Dondozo
|-supereffective|p1a: Dondozo
|-damage|p1a: Dondozo|25/100
|-heal|p2a: Grass|100/100 tox|[from] drain|[of] p1a: Dondozo
|move|p1a: Dondozo|Curse|p1a: Dondozo
|-unboost|p1a: Dondozo|spe|1
|-boost|p1a: Dondozo|atk|1
|-boost|p1a: Dondozo|def|1
|
|-heal|p1a: Dondozo|31/100|[from] item: Leftovers
|-damage|p1a: Dondozo|18/100|[from] Leech Seed|[of] p2a: Grass
|-damage|p2a: Grass|76/100 tox|[from] psn
|upkeep
|turn|20
|
|t:|1779648459
|move|p2a: Grass|Giga Drain|p1a: Dondozo
|-supereffective|p1a: Dondozo
|-damage|p1a: Dondozo|0 fnt
|-heal|p2a: Grass|88/100 tox|[from] drain|[of] p1a: Dondozo
|faint|p1a: Dondozo
|
|-damage|p2a: Grass|58/100 tox|[from] psn
|upkeep
|
|t:|1779648466
|switch|p1a: Corviknight|Corviknight, M|100/100
|-ability|p1a: Corviknight|Pressure
|turn|21
|
|t:|1779648471
|switch|p2a: Domain expansion|Porygon2, shiny|83/100 tox
|-ability|p2a: Domain expansion|Download|boost
|-boost|p2a: Domain expansion|spa|1
|move|p1a: Corviknight|Body Press|p2a: Domain expansion
|-supereffective|p2a: Domain expansion
|-damage|p2a: Domain expansion|50/100 tox
|
|-damage|p2a: Domain expansion|44/100 tox|[from] psn
|upkeep
|turn|22
|
|t:|1779648486
|move|p1a: Corviknight|Body Press|p2a: Domain expansion
|-supereffective|p2a: Domain expansion
|-damage|p2a: Domain expansion|8/100 tox
|move|p2a: Domain expansion|Recover|p2a: Domain expansion
|-heal|p2a: Domain expansion|58/100 tox
|
|-damage|p2a: Domain expansion|46/100 tox|[from] psn
|upkeep
|turn|23
|
|t:|1779648494
|move|p1a: Corviknight|Body Press|p2a: Domain expansion
|-supereffective|p2a: Domain expansion
|-crit|p2a: Domain expansion
|-damage|p2a: Domain expansion|0 fnt
|faint|p2a: Domain expansion
|
|upkeep
|
|t:|1779648510
|switch|p2a: last drop|Pawmot, M|100/100
|turn|24
|
|t:|1779648518
|move|p2a: last drop|Fire Punch|p1a: Corviknight
|-supereffective|p1a: Corviknight
|-damage|p1a: Corviknight|65/100
|move|p1a: Corviknight|Iron Defense|p1a: Corviknight
|-boost|p1a: Corviknight|def|2
|
|-heal|p1a: Corviknight|72/100|[from] item: Leftovers
|upkeep
|turn|25
|
|t:|1779648525
|move|p2a: last drop|Fire Punch|p1a: Corviknight
|-supereffective|p1a: Corviknight
|-damage|p1a: Corviknight|53/100
|move|p1a: Corviknight|Iron Defense|p1a: Corviknight
|-boost|p1a: Corviknight|def|2
|
|-heal|p1a: Corviknight|59/100|[from] item: Leftovers
|upkeep
|turn|26
|
|t:|1779648532
|move|p2a: last drop|Volt Switch|p1a: Corviknight
|-supereffective|p1a: Corviknight
|-damage|p1a: Corviknight|22/100
|
|t:|1779648540
|switch|p2a: Iron Goat|Iron Hands, shiny, tera:Flying|69/100|[from] Volt Switch
|move|p1a: Corviknight|Roost|p1a: Corviknight
|-heal|p1a: Corviknight|72/100
|-singleturn|p1a: Corviknight|move: Roost
|
|-heal|p1a: Corviknight|78/100|[from] item: Leftovers
|upkeep
|turn|27
|
|t:|1779648551
|move|p1a: Corviknight|Iron Defense|p1a: Corviknight
|-boost|p1a: Corviknight|def|2
|move|p2a: Iron Goat|Swords Dance|p2a: Iron Goat
|-boost|p2a: Iron Goat|atk|2
|
|-heal|p1a: Corviknight|84/100|[from] item: Leftovers
|upkeep
|turn|28
|
|t:|1779648563
|move|p1a: Corviknight|Defog|p2a: Iron Goat
|-unboost|p2a: Iron Goat|evasion|1
|move|p2a: Iron Goat|Drain Punch|p1a: Corviknight
|-damage|p1a: Corviknight|70/100
|-heal|p2a: Iron Goat|75/100|[from] drain|[of] p1a: Corviknight
|
|-heal|p1a: Corviknight|76/100|[from] item: Leftovers
|upkeep
|turn|29
|
|t:|1779648574
|move|p1a: Corviknight|Body Press|p2a: Iron Goat
|-resisted|p2a: Iron Goat
|-damage|p2a: Iron Goat|40/100
|move|p2a: Iron Goat|Swords Dance|p2a: Iron Goat
|-boost|p2a: Iron Goat|atk|2
|
|-heal|p1a: Corviknight|82/100|[from] item: Leftovers
|upkeep
|turn|30
|
|t:|1779648583
|move|p1a: Corviknight|Body Press|p2a: Iron Goat
|-resisted|p2a: Iron Goat
|-crit|p2a: Iron Goat
|-damage|p2a: Iron Goat|0 fnt
|faint|p2a: Iron Goat
|-end|p2a: Iron Goat|Quark Drive|[silent]
|
|-heal|p1a: Corviknight|88/100|[from] item: Leftovers
|upkeep
|
|t:|1779648590
|switch|p2a: Grass|Arboliva, F, shiny|58/100 tox
|turn|31
|
|t:|1779648595
|move|p1a: Corviknight|Body Press|p2a: Grass
|-supereffective|p2a: Grass
|-damage|p2a: Grass|0 fnt
|faint|p2a: Grass
|
|-heal|p1a: Corviknight|94/100|[from] item: Leftovers
|upkeep
|
|t:|1779648602
|switch|p2a: last drop|Pawmot, M|100/100
|turn|32
|
|t:|1779648613
|move|p2a: last drop|Revival Blessing|p2a: last drop
|
|t:|1779648615
|-heal|p2: Domain expansion|50/100|[from] move: Revival Blessing
|move|p1a: Corviknight|Body Press|p2a: last drop
|-enditem|p2a: last drop|Focus Sash
|-damage|p2a: last drop|1/100
|
|-heal|p1a: Corviknight|100/100|[from] item: Leftovers
|upkeep
|turn|33
|
|t:|1779648625
|move|p2a: last drop|Volt Switch|p1a: Corviknight
|-supereffective|p1a: Corviknight
|-damage|p1a: Corviknight|68/100
|
|t:|1779648632
|switch|p2a: Maxpower Smokey|Ursaluna, M, shiny|94/100 brn|[from] Volt Switch
|move|p1a: Corviknight|Body Press|p2a: Maxpower Smokey
|-supereffective|p2a: Maxpower Smokey
|-damage|p2a: Maxpower Smokey|0 fnt
|faint|p2a: Maxpower Smokey
|
|-heal|p1a: Corviknight|74/100|[from] item: Leftovers
|upkeep
|
|t:|1779648642
|switch|p2a: last drop|Pawmot, M|1/100
|turn|34
|
|t:|1779648647
|move|p2a: last drop|Fire Punch|p1a: Corviknight
|-supereffective|p1a: Corviknight
|-damage|p1a: Corviknight|64/100
|move|p1a: Corviknight|Body Press|p2a: last drop
|-damage|p2a: last drop|0 fnt
|faint|p2a: last drop
|
|-heal|p1a: Corviknight|70/100|[from] item: Leftovers
|upkeep
|
|t:|1779648655
|switch|p2a: Domain expansion|Porygon2, shiny|50/100
|-ability|p2a: Domain expansion|Download|boost
|-boost|p2a: Domain expansion|spa|1
|turn|35
|
|t:|1779648661
|move|p1a: Corviknight|Body Press|p2a: Domain expansion
|-supereffective|p2a: Domain expansion
|-damage|p2a: Domain expansion|0 fnt
|faint|p2a: Domain expansion
|
|-heal|p1a: Corviknight|77/100|[from] item: Leftovers
|upkeep
|
|t:|1779648667
|switch|p2a: King Gamble|Kingambit, M|100/100
|-activate|p2a: King Gamble|ability: Supreme Overlord
|-start|p2a: King Gamble|fallen5|[silent]
|turn|36
|
|t:|1779648674
|move|p1a: Corviknight|Body Press|p2a: King Gamble
|-supereffective|p2a: King Gamble
|-damage|p2a: King Gamble|0 fnt
|faint|p2a: King Gamble
|-end|p2a: King Gamble|fallen5|[silent]
|
|win|jsmikelol
|l|☆cryrob9909
|player|p2|
