|j|☆issouta
|j|☆patj17
|t:|1779558472
|gametype|singles
|player|p1|issouta|ghetsis|1369
|player|p2|patj17|shadowtriad|1397
|gen|9
|tier|[Gen 9] OU
|rated|
|rule|HP Percentage Mod: HP is shown in percentages
|rule|Endless Battle Clause: Forcing endless battles is banned
|rule|Species Clause: Limit one of each Pokémon
|rule|OHKO Clause: OHKO moves are banned
|rule|Evasion Items Clause: Evasion items are banned
|rule|Evasion Moves Clause: Evasion moves are banned
|rule|Evasion Abilities Clause: Evasion abilities are banned
|rule|Sleep Moves Clause: Sleep-inducing moves are banned
|clearpoke
|poke|p1|Dondozo, F|
|poke|p1|Blissey, F|
|poke|p1|Gholdengo|
|poke|p1|Weezing-Galar, M|
|poke|p1|Garganacl, M|
|poke|p1|Goodra-Hisui, F|
|poke|p2|Primarina, M|
|poke|p2|Great Tusk|
|poke|p2|Enamorus, F|
|poke|p2|Slowking-Galar, M|
|poke|p2|Ogerpon, F|
|poke|p2|Kingambit, M|
|teampreview
|inactive|Battle timer is ON: inactive players will automatically lose when time's up. (requested by issouta)
|
|t:|1779558479
|teamsize|p1|6
|teamsize|p2|6
|start
|switch|p1a: Garganacl|Garganacl, M|100/100
|switch|p2a: Ogerpon|Ogerpon, F|100/100
|turn|1
|
|t:|1779558492
|switch|p1a: Goodra|Goodra-Hisui, F|100/100
|move|p2a: Ogerpon|Ivy Cudgel|p1a: Goodra
|-ability|p1a: Goodra|Sap Sipper|boost
|-boost|p1a: Goodra|atk|1
|
|upkeep
|turn|2
|
|t:|1779558514
|switch|p2a: Enamorus|Enamorus, F, shiny|100/100
|move|p1a: Goodra|Draco Meteor|p2a: Enamorus
|-immune|p2a: Enamorus
|
|upkeep
|turn|3
|
|t:|1779558529
|-terastallize|p1a: Goodra|Fairy
|move|p2a: Enamorus|Earth Power|p1a: Goodra
|-damage|p1a: Goodra|85/100
|move|p1a: Goodra|Ice Beam|p2a: Enamorus
|-supereffective|p2a: Enamorus
|-damage|p2a: Enamorus|13/100
|
|upkeep
|turn|4
|
|t:|1779558548
|switch|p2a: Slowking|Slowking-Galar, M, shiny|100/100
|move|p1a: Goodra|Ice Beam|p2a: Slowking
|-damage|p2a: Slowking|84/100
|
|upkeep
|turn|5
|
|t:|1779558556
|move|p1a: Goodra|Earthquake|p2a: Slowking
|-supereffective|p2a: Slowking
|-damage|p2a: Slowking|40/100
|move|p2a: Slowking|Flamethrower|p1a: Goodra
|-damage|p1a: Goodra|75/100
|-status|p1a: Goodra|brn
|
|-damage|p1a: Goodra|69/100 brn|[from] brn
|upkeep
|turn|6
|
|t:|1779558568
|switch|p1a: Garganacl|Garganacl, M|100/100
|switch|p2a: Primarina|Primarina, M, shiny|100/100
|
|upkeep
|turn|7
|
|t:|1779558576
|switch|p1a: Blissey|Blissey, F, shiny|100/100
|move|p2a: Primarina|Substitute|p2a: Primarina
|-start|p2a: Primarina|Substitute
|-damage|p2a: Primarina|76/100
|
|-heal|p2a: Primarina|82/100|[from] item: Leftovers
|upkeep
|turn|8
|
|t:|1779558584
|move|p2a: Primarina|Whirlpool|p1a: Blissey
|-damage|p1a: Blissey|94/100
|-activate|p1a: Blissey|move: Whirlpool|[of] p2a: Primarina
|move|p1a: Blissey|Stealth Rock|p2a: Primarina
|-sidestart|p2: patj17|move: Stealth Rock
|
|-heal|p2a: Primarina|88/100|[from] item: Leftovers
|-heal|p1a: Blissey|99/100|[from] item: Leftovers
|-damage|p1a: Blissey|88/100|[from] move: Whirlpool|[partiallytrapped]
|upkeep
|turn|9
|
|t:|1779558595
|move|p2a: Primarina|Moonblast|p1a: Blissey
|-damage|p1a: Blissey|71/100
|move|p1a: Blissey|Seismic Toss|p2a: Primarina
|-end|p2a: Primarina|Substitute
|
|-heal|p2a: Primarina|94/100|[from] item: Leftovers
|-heal|p1a: Blissey|77/100|[from] item: Leftovers
|-damage|p1a: Blissey|64/100|[from] move: Whirlpool|[partiallytrapped]
|upkeep
|turn|10
|
|t:|1779558605
|move|p2a: Primarina|Substitute|p2a: Primarina
|-start|p2a: Primarina|Substitute
|-damage|p2a: Primarina|69/100
|move|p1a: Blissey|Seismic Toss|p2a: Primarina
|-end|p2a: Primarina|Substitute
|
|-heal|p2a: Primarina|75/100|[from] item: Leftovers
|-heal|p1a: Blissey|71/100|[from] item: Leftovers
|-damage|p1a: Blissey|58/100|[from] move: Whirlpool|[partiallytrapped]
|upkeep
|turn|11
|
|t:|1779558615
|move|p2a: Primarina|Psychic Noise|p1a: Blissey
|-damage|p1a: Blissey|44/100
|-start|p1a: Blissey|move: Heal Block
|cant|p1a: Blissey|move: Heal Block|Soft-Boiled
|
|-heal|p2a: Primarina|81/100|[from] item: Leftovers
|-damage|p1a: Blissey|32/100|[from] move: Whirlpool|[partiallytrapped]
|upkeep
|turn|12
|
|t:|1779558630
|move|p2a: Primarina|Moonblast|p1a: Blissey
|-damage|p1a: Blissey|15/100
|move|p1a: Blissey|Seismic Toss|p2a: Primarina
|-damage|p2a: Primarina|47/100
|
|-heal|p2a: Primarina|53/100|[from] item: Leftovers
|-end|p1a: Blissey|Whirlpool|[partiallytrapped]
|-end|p1a: Blissey|move: Heal Block
|upkeep
|turn|13
|
|t:|1779558641
|switch|p1a: Goodra|Goodra-Hisui, F, tera:Fairy|69/100 brn
|move|p2a: Primarina|Substitute|p2a: Primarina
|-start|p2a: Primarina|Substitute
|-damage|p2a: Primarina|28/100
|
|-heal|p2a: Primarina|34/100|[from] item: Leftovers
|-damage|p1a: Goodra|63/100 brn|[from] brn
|upkeep
|turn|14
|
|t:|1779558654
|move|p2a: Primarina|Whirlpool|p1a: Goodra
|-crit|p1a: Goodra
|-damage|p1a: Goodra|49/100 brn
|-activate|p1a: Goodra|move: Whirlpool|[of] p2a: Primarina
|move|p1a: Goodra|Earthquake|p2a: Primarina
|-activate|p2a: Primarina|move: Substitute|[damage]
|
|-heal|p2a: Primarina|40/100|[from] item: Leftovers
|-damage|p1a: Goodra|43/100 brn|[from] brn
|-damage|p1a: Goodra|30/100 brn|[from] move: Whirlpool|[partiallytrapped]
|upkeep
|turn|15
|-message|issouta forfeited.
|
|win|patj17
|raw|issouta's rating: 1369 &rarr; <strong>1351</strong><br />(-18 for losing)
|raw|patj17's rating: 1397 &rarr; <strong>1415</strong><br />(+18 for winning)
|l|☆issouta
|player|p1|
