|j|☆Sh4dowth33dgyh0g
|j|‽aaagislash
|t:|1779631601
|gametype|singles
|player|p1|Sh4dowth33dgyh0g|shadowtriad|1415
|player|p2|aaagislash|102|1439
|gen|9
|tier|[Gen 9] OU
|rated|
|rule|HP Percentage Mod: HP is shown in percentages
|rule|Endless Battle Clause: Forcing endless battles is banned
|rule|Species Clause: Limit one of each Pokémon
|rule|OHKO Clause: OHKO moves are banned
|rule|Evasion Items Clause: Evasion items are banned
|rule|Evasion Moves Clause: Evasion moves are banned
|rule|Evasion Abilities Clause: Evasion abilities are banned
|rule|Sleep Moves Clause: Sleep-inducing moves are banned
|clearpoke
|poke|p1|Meowscarada, F|
|poke|p1|Zamazenta-*|
|poke|p1|Iron Treads|
|poke|p1|Raging Bolt|
|poke|p1|Samurott-Hisui, F|
|poke|p1|Conkeldurr, M|
|poke|p2|Articuno-Galar|
|poke|p2|Empoleon, M|
|poke|p2|Smeargle, F|
|poke|p2|Falinks|
|poke|p2|Rabsca, M|
|poke|p2|Cresselia, F|
|teampreview
|inactive|Battle timer is ON: inactive players will automatically lose when time's up. (requested by Sh4dowth33dgyh0g)
|
|t:|1779631623
|teamsize|p1|6
|teamsize|p2|6
|start
|switch|p1a: Iron Treads|Iron Treads|100/100
|switch|p2a: Smeargle|Smeargle, F|100/100
|turn|1
|
|t:|1779631630
|move|p1a: Iron Treads|Volt Switch|p2a: Smeargle
|-damage|p2a: Smeargle|79/100
|
|t:|1779631638
|-end|p1a: Iron Treads|Quark Drive|[silent]
|switch|p1a: Meowscarada|Meowscarada, F|100/100|[from] Volt Switch
|move|p2a: Smeargle|Trick Room|p2a: Smeargle
|-fieldstart|move: Trick Room|[of] p2a: Smeargle
|
|upkeep
|turn|2
|
|t:|1779631644
|move|p2a: Smeargle|Sticky Web|p1a: Meowscarada
|-sidestart|p1: Sh4dowth33dgyh0g|move: Sticky Web
|move|p1a: Meowscarada|U-turn|p2a: Smeargle
|-start|p1a: Meowscarada|typechange|Bug|[from] ability: Protean
|-damage|p2a: Smeargle|31/100
|
|t:|1779631652
|switch|p1a: Conkeldurr|Conkeldurr, M|100/100|[from] U-turn
|-activate|p1a: Conkeldurr|move: Sticky Web
|-unboost|p1a: Conkeldurr|spe|1
|
|-status|p1a: Conkeldurr|brn|[from] item: Flame Orb
|upkeep
|turn|3
|
|t:|1779631669
|switch|p2a: Articuno|Articuno-Galar|100/100
|move|p1a: Conkeldurr|Knock Off|p2a: Articuno
|-supereffective|p2a: Articuno
|-damage|p2a: Articuno|0 fnt
|-enditem|p2a: Articuno|Iron Ball|[from] move: Knock Off|[of] p1a: Conkeldurr
|faint|p2a: Articuno
|
|-damage|p1a: Conkeldurr|94/100 brn|[from] brn
|upkeep
|
|t:|1779631685
|switch|p2a: Empoleon|Empoleon, M|100/100
|turn|4
|
|t:|1779631697
|switch|p2a: Cresselia|Cresselia, F|100/100
|move|p1a: Conkeldurr|Drain Punch|p2a: Cresselia
|-resisted|p2a: Cresselia
|-damage|p2a: Cresselia|84/100
|-heal|p1a: Conkeldurr|100/100 brn|[from] drain|[of] p2a: Cresselia
|
|-damage|p1a: Conkeldurr|94/100 brn|[from] brn
|upkeep
|turn|5
|
|t:|1779631703
|move|p1a: Conkeldurr|Drain Punch|p2a: Cresselia
|-resisted|p2a: Cresselia
|-crit|p2a: Cresselia
|-damage|p2a: Cresselia|59/100
|-heal|p1a: Conkeldurr|100/100 brn|[from] drain|[of] p2a: Cresselia
|move|p2a: Cresselia|Reflect|p2a: Cresselia
|-sidestart|p2: aaagislash|Reflect
|
|-damage|p1a: Conkeldurr|94/100 brn|[from] brn
|-fieldend|move: Trick Room
|upkeep
|turn|6
|
|t:|1779631710
|move|p2a: Cresselia|Lunar Dance|p2a: Cresselia
|faint|p2a: Cresselia
|move|p1a: Conkeldurr|Knock Off|p2: Cresselia|[notarget]
|-fail|p1a: Conkeldurr
|
|-damage|p1a: Conkeldurr|88/100 brn|[from] brn
|upkeep
|
|t:|1779631712
|switch|p2a: Smeargle|Smeargle, F|31/100
|-heal|p2a: Smeargle|100/100|[from] move: Lunar Dance
|turn|7
|
|t:|1779631723
|move|p2a: Smeargle|Court Change|p2a: Smeargle
|-swapsideconditions
|-activate|p2a: Smeargle|move: Court Change
|move|p1a: Conkeldurr|Knock Off|p2a: Smeargle
|-damage|p2a: Smeargle|13/100
|-enditem|p2a: Smeargle|Mental Herb|[from] move: Knock Off|[of] p1a: Conkeldurr
|
|-damage|p1a: Conkeldurr|82/100 brn|[from] brn
|upkeep
|turn|8
|
|t:|1779631733
|move|p1a: Conkeldurr|Mach Punch|p2a: Smeargle
|-supereffective|p2a: Smeargle
|-crit|p2a: Smeargle
|-damage|p2a: Smeargle|0 fnt
|faint|p2a: Smeargle
|
|-damage|p1a: Conkeldurr|76/100 brn|[from] brn
|upkeep
|
|t:|1779631736
|switch|p2a: Falinks|Falinks|100/100
|-activate|p2a: Falinks|move: Sticky Web
|-unboost|p2a: Falinks|spe|1
|-ability|p2a: Falinks|Defiant|boost
|-boost|p2a: Falinks|atk|2
|turn|9
|
|t:|1779631741
|move|p2a: Falinks|Close Combat|p1a: Conkeldurr
|-damage|p1a: Conkeldurr|3/100 brn
|-unboost|p2a: Falinks|def|1
|-unboost|p2a: Falinks|spd|1
|move|p1a: Conkeldurr|Drain Punch|p2a: Falinks
|-damage|p2a: Falinks|5/100
|-heal|p1a: Conkeldurr|42/100 brn|[from] drain|[of] p2a: Falinks
|
|-damage|p1a: Conkeldurr|36/100 brn|[from] brn
|-sideend|p1: Sh4dowth33dgyh0g|Reflect
|upkeep
|turn|10
|
|t:|1779631748
|move|p1a: Conkeldurr|Mach Punch|p2a: Falinks
|-damage|p2a: Falinks|0 fnt
|faint|p2a: Falinks
|
|-damage|p1a: Conkeldurr|29/100 brn|[from] brn
|upkeep
|
|t:|1779631752
|switch|p2a: Rabsca|Rabsca, M|100/100
|turn|11
|
|t:|1779631761
|-terastallize|p2a: Rabsca|Bug
|move|p2a: Rabsca|Bug Buzz|p1a: Conkeldurr
|-resisted|p1a: Conkeldurr
|-damage|p1a: Conkeldurr|4/100 brn
|move|p1a: Conkeldurr|Knock Off|p2a: Rabsca
|-damage|p2a: Rabsca|52/100
|-enditem|p2a: Rabsca|Heavy-Duty Boots|[from] move: Knock Off|[of] p1a: Conkeldurr
|
|-damage|p1a: Conkeldurr|0 fnt|[from] brn
|faint|p1a: Conkeldurr
|upkeep
|
|t:|1779631770
|switch|p1a: Samurott|Samurott-Hisui, F|100/100
|turn|12
|
|t:|1779631772
|move|p1a: Samurott|Ceaseless Edge|p2a: Rabsca
|-damage|p2a: Rabsca|13/100
|-sidestart|p2: aaagislash|Spikes
|move|p2a: Rabsca|Trick Room|p2a: Rabsca
|-fieldstart|move: Trick Room|[of] p2a: Rabsca
|
|upkeep
|turn|13
|
|t:|1779631778
|move|p1a: Samurott|Aqua Jet|p2a: Rabsca
|-damage|p2a: Rabsca|0 fnt
|faint|p2a: Rabsca
|
|upkeep
|
|t:|1779631780
|switch|p2a: Empoleon|Empoleon, M|100/100
|-activate|p2a: Empoleon|move: Sticky Web
|-unboost|p2a: Empoleon|spe|1
|-ability|p2a: Empoleon|Competitive|boost
|-boost|p2a: Empoleon|spa|2
|-damage|p2a: Empoleon|88/100|[from] Spikes
|turn|14
|
|t:|1779631787
|move|p2a: Empoleon|Steel Beam|p1a: Samurott
|-resisted|p1a: Samurott
|-enditem|p1a: Samurott|Focus Sash
|-damage|p1a: Samurott|1/100
|-damage|p2a: Empoleon|38/100|[from] steelbeam
|move|p1a: Samurott|Ceaseless Edge|p2a: Empoleon
|-damage|p2a: Empoleon|0 fnt
|-sidestart|p2: aaagislash|Spikes
|faint|p2a: Empoleon
|
|win|Sh4dowth33dgyh0g
|raw|Sh4dowth33dgyh0g's rating: 1415 &rarr; <strong>1436</strong><br />(+21 for winning)
|raw|aaagislash's rating: 1439 &rarr; <strong>1418</strong><br />(-21 for losing)
|l|‽aaagislash
|player|p2|
|l|☆Sh4dowth33dgyh0g
|player|p1|
