|j|☆bug fan5762
|j|☆noob1877
|t:|1779566746
|gametype|singles
|player|p1|bug fan5762|byron|1666
|player|p2|noob1877|2|1770
|gen|9
|tier|[Gen 9] OU
|rated|
|rule|HP Percentage Mod: HP is shown in percentages
|rule|Endless Battle Clause: Forcing endless battles is banned
|rule|Species Clause: Limit one of each Pokémon
|rule|OHKO Clause: OHKO moves are banned
|rule|Evasion Items Clause: Evasion items are banned
|rule|Evasion Moves Clause: Evasion moves are banned
|rule|Evasion Abilities Clause: Evasion abilities are banned
|rule|Sleep Moves Clause: Sleep-inducing moves are banned
|clearpoke
|poke|p1|Yanmega, F|
|poke|p1|Garchomp, M|
|poke|p1|Ogerpon-Wellspring, F|
|poke|p1|Alomomola, M|
|poke|p1|Regieleki|
|poke|p1|Hatterene, F|
|poke|p2|Mandibuzz, F|
|poke|p2|Gholdengo|
|poke|p2|Clodsire, M|
|poke|p2|Slowking, F|
|poke|p2|Ogerpon, F|
|poke|p2|Mamoswine, M|
|teampreview
|
|t:|1779566759
|teamsize|p1|6
|teamsize|p2|6
|start
|switch|p1a: Ogerpon|Ogerpon-Wellspring, F|100/100
|switch|p2a: Mamoswine|Mamoswine, M|100/100
|turn|1
|
|t:|1779566763
|switch|p2a: Mandibuzz|Mandibuzz, F|100/100
|move|p1a: Ogerpon|Ivy Cudgel|p2a: Mandibuzz|[anim] Ivy Cudgel Water
|-damage|p2a: Mandibuzz|66/100
|
|upkeep
|turn|2
|
|t:|1779566768
|switch|p1a: Garchomp|Garchomp, M|100/100
|move|p2a: Mandibuzz|Roost|p2a: Mandibuzz
|-heal|p2a: Mandibuzz|100/100
|-singleturn|p2a: Mandibuzz|move: Roost
|
|upkeep
|turn|3
|
|t:|1779566776
|switch|p1a: Hatterene|Hatterene, F|100/100
|switch|p2a: Mamoswine|Mamoswine, M|100/100
|
|upkeep
|turn|4
|
|t:|1779566782
|move|p2a: Mamoswine|Stealth Rock|p1a: Hatterene
|move|p1a: Hatterene|Stealth Rock|p2a: Mamoswine|[from] ability: Magic Bounce
|-sidestart|p2: noob1877|move: Stealth Rock
|move|p1a: Hatterene|Psychic Noise|p2a: Mamoswine
|-damage|p2a: Mamoswine|59/100
|-start|p2a: Mamoswine|move: Heal Block
|
|upkeep
|turn|5
|
|t:|1779566786
|switch|p2a: Gholdengo|Gholdengo|100/100
|-damage|p2a: Gholdengo|94/100|[from] Stealth Rock
|move|p1a: Hatterene|Draining Kiss|p2a: Gholdengo
|-resisted|p2a: Gholdengo
|-damage|p2a: Gholdengo|82/100
|
|upkeep
|turn|6
|
|t:|1779566791
|switch|p1a: Garchomp|Garchomp, M|100/100
|move|p2a: Gholdengo|Make It Rain|p1a: Garchomp
|-damage|p1a: Garchomp|44/100
|-unboost|p2a: Gholdengo|spa|1
|
|upkeep
|turn|7
|
|t:|1779566803
|switch|p2a: Mandibuzz|Mandibuzz, F|100/100
|switch|p1a: Ogerpon|Ogerpon-Wellspring, F|100/100
|
|upkeep
|turn|8
|
|t:|1779566807
|move|p1a: Ogerpon|Knock Off|p2a: Mandibuzz
|-resisted|p2a: Mandibuzz
|-damage|p2a: Mandibuzz|89/100
|-enditem|p2a: Mandibuzz|Heavy-Duty Boots|[from] move: Knock Off|[of] p1a: Ogerpon
|move|p2a: Mandibuzz|Foul Play|p1a: Ogerpon
|-damage|p1a: Ogerpon|44/100
|
|upkeep
|turn|9
|
|t:|1779566811
|move|p1a: Ogerpon|U-turn|p2a: Mandibuzz
|-damage|p2a: Mandibuzz|73/100
|
|t:|1779566813
|switch|p1a: Yanmega|Yanmega, F, shiny|100/100|[from] U-turn
|move|p2a: Mandibuzz|Defog|p1a: Yanmega
|-unboost|p1a: Yanmega|evasion|1
|-sideend|p2: noob1877|Stealth Rock|[from] move: Defog|[of] p2a: Mandibuzz
|
|upkeep
|turn|10
|
|t:|1779566816
|switch|p2a: Clodsire|Clodsire, M|100/100
|move|p1a: Yanmega|Bug Buzz|p2a: Clodsire
|-resisted|p2a: Clodsire
|-damage|p2a: Clodsire|67/100
|
|upkeep
|turn|11
|
|t:|1779566821
|move|p1a: Yanmega|Bug Buzz|p2a: Clodsire
|-resisted|p2a: Clodsire
|-damage|p2a: Clodsire|33/100
|move|p2a: Clodsire|Recover|p2a: Clodsire
|-heal|p2a: Clodsire|83/100
|
|upkeep
|turn|12
|
|t:|1779566827
|switch|p1a: Hatterene|Hatterene, F|100/100
|switch|p2a: Gholdengo|Gholdengo|82/100
|
|upkeep
|turn|13
|
|t:|1779566833
|switch|p1a: Alomomola|Alomomola, M|100/100
|move|p2a: Gholdengo|Nasty Plot|p2a: Gholdengo
|-boost|p2a: Gholdengo|spa|2
|
|upkeep
|turn|14
|
|t:|1779566836
|switch|p1a: Garchomp|Garchomp, M|44/100
|move|p2a: Gholdengo|Nasty Plot|p2a: Gholdengo
|-boost|p2a: Gholdengo|spa|2
|
|upkeep
|turn|15
|
|t:|1779566841
|switch|p2a: Mandibuzz|Mandibuzz, F|73/100
|move|p1a: Garchomp|Earthquake|p2a: Mandibuzz
|-immune|p2a: Mandibuzz
|
|upkeep
|turn|16
|
|t:|1779566854
|switch|p2a: Slowking|Slowking, F|100/100
|move|p1a: Garchomp|Stealth Rock|p2a: Slowking
|-sidestart|p2: noob1877|move: Stealth Rock
|
|upkeep
|turn|17
|
|t:|1779566860
|switch|p1a: Alomomola|Alomomola, M|100/100
|-prepare|p2a: Slowking|Chilly Reception|[premajor]
|move|p2a: Slowking|Chilly Reception|p2a: Slowking
|-weather|Snowscape
|
|t:|1779566866
|switch|p2a: Ogerpon|Ogerpon, F|100/100|[from] Chilly Reception
|
|-weather|Snowscape|[upkeep]
|upkeep
|turn|18
|
|t:|1779566877
|move|p2a: Ogerpon|Ivy Cudgel|p1a: Alomomola
|-supereffective|p1a: Alomomola
|-damage|p1a: Alomomola|48/100
|move|p1a: Alomomola|Flip Turn|p2a: Ogerpon
|-resisted|p2a: Ogerpon
|-damage|p2a: Ogerpon|91/100
|
|t:|1779566881
|switch|p1a: Yanmega|Yanmega, F, shiny|100/100|[from] Flip Turn
|
|-weather|Snowscape|[upkeep]
|upkeep
|turn|19
|
|t:|1779566886
|-terastallize|p1a: Yanmega|Bug
|move|p2a: Ogerpon|U-turn|p1a: Yanmega
|-damage|p1a: Yanmega|70/100
|
|t:|1779566888
|switch|p2a: Gholdengo|Gholdengo|82/100|[from] U-turn
|-damage|p2a: Gholdengo|76/100|[from] Stealth Rock
|move|p1a: Yanmega|Bug Buzz|p2a: Gholdengo
|-resisted|p2a: Gholdengo
|-damage|p2a: Gholdengo|28/100
|-unboost|p2a: Gholdengo|spd|1
|
|-weather|Snowscape|[upkeep]
|upkeep
|turn|20
|
|t:|1779566896
|move|p1a: Yanmega|Bug Buzz|p2a: Gholdengo
|-resisted|p2a: Gholdengo
|-damage|p2a: Gholdengo|0 fnt
|faint|p2a: Gholdengo
|
|-weather|Snowscape|[upkeep]
|upkeep
|
|t:|1779566900
|switch|p2a: Clodsire|Clodsire, M|83/100
|turn|21
|
|t:|1779566903
|switch|p1a: Hatterene|Hatterene, F|100/100
|move|p2a: Clodsire|Recover|p2a: Clodsire
|-heal|p2a: Clodsire|100/100
|
|-weather|none
|upkeep
|turn|22
|
|t:|1779566907
|switch|p2a: Slowking|Slowking, F|100/100
|move|p1a: Hatterene|Nuzzle|p2a: Slowking
|-supereffective|p2a: Slowking
|-damage|p2a: Slowking|92/100
|-status|p2a: Slowking|par
|
|upkeep
|turn|23
|
|t:|1779566911
|switch|p1a: Garchomp|Garchomp, M|44/100
|-prepare|p2a: Slowking|Chilly Reception|[premajor]
|move|p2a: Slowking|Chilly Reception|p2a: Slowking
|-weather|Snowscape
|
|t:|1779566913
|switch|p2a: Mamoswine|Mamoswine, M|59/100|[from] Chilly Reception
|
|-weather|Snowscape|[upkeep]
|upkeep
|turn|24
|
|t:|1779566920
|switch|p1a: Hatterene|Hatterene, F|100/100
|move|p2a: Mamoswine|Stealth Rock|p1a: Hatterene
|move|p1a: Hatterene|Stealth Rock||[from] ability: Magic Bounce|[still]
|-fail|p1a: Hatterene
|
|-weather|Snowscape|[upkeep]
|upkeep
|turn|25
|
|t:|1779566925
|switch|p2a: Slowking|Slowking, F|100/100 par
|move|p1a: Hatterene|Draining Kiss|p2a: Slowking
|-damage|p2a: Slowking|87/100 par
|
|-weather|Snowscape|[upkeep]
|upkeep
|turn|26
|
|t:|1779566930
|switch|p1a: Alomomola|Alomomola, M|82/100
|move|p2a: Slowking|Scald|p1a: Alomomola
|-resisted|p1a: Alomomola
|-damage|p1a: Alomomola|64/100
|
|-weather|Snowscape|[upkeep]
|upkeep
|turn|27
|
|t:|1779566935
|move|p1a: Alomomola|Wish|p1a: Alomomola
|move|p2a: Slowking|Future Sight|p1a: Alomomola
|-start|p2a: Slowking|move: Future Sight
|
|-weather|none
|upkeep
|turn|28
|
|t:|1779566940
|move|p1a: Alomomola|Flip Turn|p2a: Slowking
|-resisted|p2a: Slowking
|-damage|p2a: Slowking|78/100 par
|
|t:|1779566941
|switch|p1a: Garchomp|Garchomp, M|44/100|[from] Flip Turn
|-prepare|p2a: Slowking|Chilly Reception|[premajor]
|move|p2a: Slowking|Chilly Reception|p2a: Slowking
|-weather|Snowscape
|
|t:|1779566945
|switch|p2a: Mamoswine|Mamoswine, M|59/100|[from] Chilly Reception
|
|-weather|Snowscape|[upkeep]
|-heal|p1a: Garchomp|100/100|[from] move: Wish|[wisher] Alomomola
|upkeep
|turn|29
|
|t:|1779566948
|switch|p1a: Hatterene|Hatterene, F|100/100
|move|p2a: Mamoswine|Icicle Crash|p1a: Hatterene
|-damage|p1a: Hatterene|58/100
|
|-weather|Snowscape|[upkeep]
|-end|p1a: Hatterene|move: Future Sight
|-resisted|p1a: Hatterene
|-damage|p1a: Hatterene|37/100
|-heal|p1a: Hatterene|43/100|[from] item: Leftovers
|upkeep
|turn|30
|
|t:|1779566957
|move|p2a: Mamoswine|Earthquake|p1a: Hatterene
|-crit|p1a: Hatterene
|-damage|p1a: Hatterene|0 fnt
|faint|p1a: Hatterene
|
|-weather|Snowscape|[upkeep]
|upkeep
|
|t:|1779566964
|switch|p1a: Yanmega|Yanmega, F, shiny, tera:Bug|70/100
|turn|31
|
|t:|1779566968
|switch|p2a: Clodsire|Clodsire, M|100/100
|move|p1a: Yanmega|Bug Buzz|p2a: Clodsire
|-resisted|p2a: Clodsire
|-damage|p2a: Clodsire|53/100
|-unboost|p2a: Clodsire|spd|1
|
|-weather|Snowscape|[upkeep]
|upkeep
|turn|32
|
|t:|1779566974
|switch|p2a: Mandibuzz|Mandibuzz, F|73/100
|-damage|p2a: Mandibuzz|48/100|[from] Stealth Rock
|move|p1a: Yanmega|Bug Buzz|p2a: Mandibuzz
|-damage|p2a: Mandibuzz|0 fnt
|faint|p2a: Mandibuzz
|
|-weather|none
|upkeep
|
|t:|1779566978
|switch|p2a: Clodsire|Clodsire, M|53/100
|turn|33
|
|t:|1779566994
|move|p1a: Yanmega|Bug Buzz|p2a: Clodsire
|-resisted|p2a: Clodsire
|-damage|p2a: Clodsire|8/100
|move|p2a: Clodsire|Toxic|p1a: Yanmega
|-status|p1a: Yanmega|tox
|
|-damage|p1a: Yanmega|64/100 tox|[from] psn
|upkeep
|turn|34
|
|t:|1779567015
|move|p1a: Yanmega|Bug Buzz|p2a: Clodsire
|-resisted|p2a: Clodsire
|-damage|p2a: Clodsire|0 fnt
|faint|p2a: Clodsire
|
|-damage|p1a: Yanmega|51/100 tox|[from] psn
|upkeep
|
|t:|1779567031
|switch|p2a: Slowking|Slowking, F|100/100 par
|turn|35
|
|t:|1779567057
|switch|p1a: Alomomola|Alomomola, M|98/100
|cant|p2a: Slowking|par
|
|upkeep
|turn|36
|
|t:|1779567067
|move|p1a: Alomomola|Wish|p1a: Alomomola
|move|p2a: Slowking|Future Sight|p1a: Alomomola
|-start|p2a: Slowking|move: Future Sight
|
|upkeep
|turn|37
|
|t:|1779567075
|move|p1a: Alomomola|Flip Turn|p2a: Slowking
|-resisted|p2a: Slowking
|-crit|p2a: Slowking
|-damage|p2a: Slowking|87/100 par
|
|t:|1779567076
|switch|p1a: Ogerpon|Ogerpon-Wellspring, F|44/100|[from] Flip Turn
|cant|p2a: Slowking|par
|
|-heal|p1a: Ogerpon|100/100|[from] move: Wish|[wisher] Alomomola
|upkeep
|turn|38
|
|t:|1779567084
|switch|p2a: Ogerpon|Ogerpon, F|91/100
|move|p1a: Ogerpon|Knock Off|p2a: Ogerpon
|-damage|p2a: Ogerpon|37/100
|-enditem|p2a: Ogerpon|Heavy-Duty Boots|[from] move: Knock Off|[of] p1a: Ogerpon
|
|-end|p1a: Ogerpon|move: Future Sight
|-damage|p1a: Ogerpon|51/100
|upkeep
|turn|39
|
|t:|1779567097
|move|p2a: Ogerpon|Ivy Cudgel|p1a: Ogerpon
|-damage|p1a: Ogerpon|0 fnt
|faint|p1a: Ogerpon
|
|upkeep
|
|t:|1779567103
|switch|p1a: Regieleki|Regieleki|100/100
|turn|40
|
|t:|1779567107
|switch|p2a: Mamoswine|Mamoswine, M|59/100
|move|p1a: Regieleki|Thunderbolt|p2a: Mamoswine
|-immune|p2a: Mamoswine
|
|upkeep
|turn|41
|
|t:|1779567118
|switch|p1a: Alomomola|Alomomola, M|100/100
|move|p2a: Mamoswine|Stealth Rock|p1a: Alomomola
|-sidestart|p1: bug fan5762|move: Stealth Rock
|
|upkeep
|turn|42
|
|t:|1779567124
|switch|p2a: Slowking|Slowking, F|100/100 par
|move|p1a: Alomomola|Wish|p1a: Alomomola
|
|upkeep
|turn|43
|
|t:|1779567135
|move|p1a: Alomomola|Flip Turn|p2a: Slowking
|-resisted|p2a: Slowking
|-damage|p2a: Slowking|93/100 par
|
|t:|1779567136
|switch|p1a: Garchomp|Garchomp, M|100/100|[from] Flip Turn
|-damage|p1a: Garchomp|94/100|[from] Stealth Rock
|cant|p2a: Slowking|par
|
|-heal|p1a: Garchomp|100/100|[from] move: Wish|[wisher] Alomomola
|upkeep
|turn|44
|
|t:|1779567140
|move|p1a: Garchomp|Spikes|p2a: Slowking
|-sidestart|p2: noob1877|Spikes
|-prepare|p2a: Slowking|Chilly Reception|[premajor]
|move|p2a: Slowking|Chilly Reception|p2a: Slowking
|-weather|Snowscape
|
|t:|1779567142
|switch|p2a: Mamoswine|Mamoswine, M|59/100|[from] Chilly Reception
|
|-weather|Snowscape|[upkeep]
|upkeep
|turn|45
|
|t:|1779567148
|switch|p1a: Alomomola|Alomomola, M|100/100
|move|p2a: Mamoswine|Icicle Crash|p1a: Alomomola
|-resisted|p1a: Alomomola
|-damage|p1a: Alomomola|88/100
|
|-weather|Snowscape|[upkeep]
|upkeep
|turn|46
|
|t:|1779567152
|switch|p2a: Slowking|Slowking, F|100/100 par
|move|p1a: Alomomola|Flip Turn|p2a: Slowking
|-resisted|p2a: Slowking
|-damage|p2a: Slowking|92/100 par
|
|t:|1779567157
|switch|p1a: Garchomp|Garchomp, M|100/100|[from] Flip Turn
|-damage|p1a: Garchomp|94/100|[from] Stealth Rock
|
|-weather|Snowscape|[upkeep]
|upkeep
|turn|47
|
|t:|1779567165
|move|p1a: Garchomp|Earthquake|p2a: Slowking
|-damage|p2a: Slowking|47/100 par
|move|p2a: Slowking|Scald|p1a: Garchomp
|-damage|p1a: Garchomp|74/100
|-status|p1a: Garchomp|brn
|
|-weather|Snowscape|[upkeep]
|-damage|p1a: Garchomp|68/100 brn|[from] brn
|upkeep
|turn|48
|
|t:|1779567171
|switch|p2a: Mamoswine|Mamoswine, M|59/100
|move|p1a: Garchomp|Spikes|p2a: Mamoswine
|-sidestart|p2: noob1877|Spikes
|
|-weather|none
|-damage|p1a: Garchomp|62/100 brn|[from] brn
|upkeep
|turn|49
|
|t:|1779567178
|switch|p1a: Alomomola|Alomomola, M|100/100
|move|p2a: Mamoswine|Icicle Crash|p1a: Alomomola
|-resisted|p1a: Alomomola
|-damage|p1a: Alomomola|89/100
|
|upkeep
|turn|50
|
|t:|1779567183
|switch|p2a: Slowking|Slowking, F|80/100 par
|move|p1a: Alomomola|Flip Turn|p2a: Slowking
|-resisted|p2a: Slowking
|-damage|p2a: Slowking|71/100 par
|
|t:|1779567184
|switch|p1a: Regieleki|Regieleki|100/100|[from] Flip Turn
|
|upkeep
|turn|51
|
|t:|1779567195
|-terastallize|p2a: Slowking|Fairy
|move|p1a: Regieleki|Rapid Spin|p2a: Slowking
|-damage|p2a: Slowking|59/100 par
|-boost|p1a: Regieleki|spe|1
|-sideend|p1: bug fan5762|Stealth Rock|[from] move: Rapid Spin|[of] p1a: Regieleki
|move|p2a: Slowking|Scald|p1a: Regieleki
|-crit|p1a: Regieleki
|-damage|p1a: Regieleki|13/100
|
|upkeep
|turn|52
|
|t:|1779567208
|switch|p1a: Alomomola|Alomomola, M|100/100
|move|p2a: Slowking|Scald|p1a: Alomomola
|-resisted|p1a: Alomomola
|-damage|p1a: Alomomola|85/100
|-status|p1a: Alomomola|brn
|
|-damage|p1a: Alomomola|79/100 brn|[from] brn
|upkeep
|turn|53
|
|t:|1779567219
|switch|p2a: Ogerpon|Ogerpon, F|37/100
|-damage|p2a: Ogerpon|25/100|[from] Stealth Rock
|-damage|p2a: Ogerpon|8/100|[from] Spikes
|move|p1a: Alomomola|Wish|p1a: Alomomola
|
|-damage|p1a: Alomomola|72/100 brn|[from] brn
|upkeep
|turn|54
|
|t:|1779567224
|switch|p1a: Garchomp|Garchomp, M|62/100 brn
|move|p2a: Ogerpon|Encore||[still]
|-fail|p2a: Ogerpon
|
|-heal|p1a: Garchomp|100/100 brn|[from] move: Wish|[wisher] Alomomola
|-damage|p1a: Garchomp|94/100 brn|[from] brn
|upkeep
|turn|55
|
|t:|1779567229
|move|p2a: Ogerpon|Ivy Cudgel|p1a: Garchomp
|-damage|p1a: Garchomp|49/100 brn
|move|p1a: Garchomp|Dragon Tail|p2a: Ogerpon
|-damage|p2a: Ogerpon|0 fnt
|faint|p2a: Ogerpon
|
|-damage|p1a: Garchomp|42/100 brn|[from] brn
|upkeep
|
|t:|1779567232
|switch|p2a: Mamoswine|Mamoswine, M|59/100
|turn|56
|
|t:|1779567235
|move|p2a: Mamoswine|Stealth Rock|p1a: Garchomp
|-sidestart|p1: bug fan5762|move: Stealth Rock
|move|p1a: Garchomp|Earthquake|p2a: Mamoswine
|-damage|p2a: Mamoswine|34/100
|
|-damage|p1a: Garchomp|36/100 brn|[from] brn
|upkeep
|turn|57
|
|t:|1779567240
|switch|p1a: Alomomola|Alomomola, M|100/100 brn
|move|p2a: Mamoswine|Ice Shard|p1a: Alomomola
|-resisted|p1a: Alomomola
|-damage|p1a: Alomomola|95/100 brn
|
|-damage|p1a: Alomomola|89/100 brn|[from] brn
|upkeep
|turn|58
|
|t:|1779567244
|switch|p2a: Slowking|Slowking, F, tera:Fairy|92/100 par
|move|p1a: Alomomola|Flip Turn|p2a: Slowking
|-damage|p2a: Slowking|83/100 par
|
|t:|1779567246
|switch|p1a: Regieleki|Regieleki|13/100|[from] Flip Turn
|
|upkeep
|turn|59
|
|t:|1779567250
|move|p1a: Regieleki|Rapid Spin|p2a: Slowking
|-damage|p2a: Slowking|73/100 par
|-boost|p1a: Regieleki|spe|1
|-sideend|p1: bug fan5762|Stealth Rock|[from] move: Rapid Spin|[of] p1a: Regieleki
|move|p2a: Slowking|Scald|p1a: Regieleki
|-damage|p1a: Regieleki|0 fnt
|faint|p1a: Regieleki
|
|upkeep
|
|t:|1779567263
|switch|p1a: Yanmega|Yanmega, F, shiny, tera:Bug|51/100 tox
|turn|60
|
|t:|1779567365
|move|p1a: Yanmega|U-turn|p2a: Slowking
|-resisted|p2a: Slowking
|-damage|p2a: Slowking|47/100 par
|
|t:|1779567367
|switch|p1a: Alomomola|Alomomola, M|100/100 brn|[from] U-turn
|cant|p2a: Slowking|par
|
|-damage|p1a: Alomomola|94/100 brn|[from] brn
|upkeep
|turn|61
|j| simplegent
|
|t:|1779567375
|move|p1a: Alomomola|Wish|p1a: Alomomola
|move|p2a: Slowking|Future Sight|p1a: Alomomola
|-start|p2a: Slowking|move: Future Sight
|
|-damage|p1a: Alomomola|88/100 brn|[from] brn
|upkeep
|turn|62
|
|t:|1779567380
|move|p1a: Alomomola|Flip Turn|p2a: Slowking
|-damage|p2a: Slowking|39/100 par
|
|t:|1779567381
|switch|p1a: Garchomp|Garchomp, M|36/100 brn|[from] Flip Turn
|cant|p2a: Slowking|par
|
|-heal|p1a: Garchomp|99/100 brn|[from] move: Wish|[wisher] Alomomola
|-damage|p1a: Garchomp|94/100 brn|[from] brn
|upkeep
|turn|63
|
|t:|1779567388
|switch|p2a: Mamoswine|Mamoswine, M|34/100
|move|p1a: Garchomp|Earthquake|p2a: Mamoswine
|-damage|p2a: Mamoswine|10/100
|
|-end|p1a: Garchomp|move: Future Sight
|-damage|p1a: Garchomp|68/100 brn
|-damage|p1a: Garchomp|61/100 brn|[from] brn
|upkeep
|turn|64
|
|t:|1779567393
|switch|p2a: Slowking|Slowking, F, tera:Fairy|72/100 par
|switch|p1a: Alomomola|Alomomola, M|100/100 brn
|
|-damage|p1a: Alomomola|94/100 brn|[from] brn
|upkeep
|turn|65
|
|t:|1779567398
|move|p1a: Alomomola|Wish|p1a: Alomomola
|move|p2a: Slowking|Future Sight|p1a: Alomomola
|-start|p2a: Slowking|move: Future Sight
|
|-damage|p1a: Alomomola|88/100 brn|[from] brn
|upkeep
|turn|66
|
|t:|1779567401
|move|p1a: Alomomola|Flip Turn|p2a: Slowking
|-damage|p2a: Slowking|64/100 par
|
|t:|1779567402
|switch|p1a: Garchomp|Garchomp, M|61/100 brn|[from] Flip Turn
|move|p2a: Slowking|Scald|p1a: Garchomp
|-damage|p1a: Garchomp|44/100 brn
|
|-heal|p1a: Garchomp|100/100 brn|[from] move: Wish|[wisher] Alomomola
|-damage|p1a: Garchomp|94/100 brn|[from] brn
|upkeep
|turn|67
|
|t:|1779567413
|move|p1a: Garchomp|Earthquake|p2a: Slowking
|-damage|p2a: Slowking|43/100 par
|-prepare|p2a: Slowking|Chilly Reception|[premajor]
|move|p2a: Slowking|Chilly Reception|p2a: Slowking
|-weather|Snowscape
|
|t:|1779567415
|switch|p2a: Mamoswine|Mamoswine, M|10/100|[from] Chilly Reception
|
|-weather|Snowscape|[upkeep]
|-end|p1a: Garchomp|move: Future Sight
|-damage|p1a: Garchomp|64/100 brn
|-damage|p1a: Garchomp|58/100 brn|[from] brn
|upkeep
|turn|68
|
|t:|1779567425
|switch|p2a: Slowking|Slowking, F, tera:Fairy|76/100 par
|move|p1a: Garchomp|Earthquake|p2a: Slowking
|-damage|p2a: Slowking|56/100 par
|
|-weather|Snowscape|[upkeep]
|-damage|p1a: Garchomp|52/100 brn|[from] brn
|upkeep
|turn|69
|
|t:|1779567430
|move|p1a: Garchomp|Earthquake|p2a: Slowking
|-damage|p2a: Slowking|31/100 par
|-prepare|p2a: Slowking|Chilly Reception|[premajor]
|move|p2a: Slowking|Chilly Reception|p2a: Slowking
|
|t:|1779567431
|switch|p2a: Mamoswine|Mamoswine, M|10/100|[from] Chilly Reception
|
|-weather|Snowscape|[upkeep]
|-damage|p1a: Garchomp|46/100 brn|[from] brn
|upkeep
|turn|70
|
|t:|1779567436
|switch|p2a: Slowking|Slowking, F, tera:Fairy|65/100 par
|move|p1a: Garchomp|Earthquake|p2a: Slowking
|-damage|p2a: Slowking|41/100 par
|
|-weather|Snowscape|[upkeep]
|-damage|p1a: Garchomp|40/100 brn|[from] brn
|upkeep
|turn|71
|
|t:|1779567441
|move|p1a: Garchomp|Earthquake|p2a: Slowking
|-damage|p2a: Slowking|18/100 par
|-prepare|p2a: Slowking|Chilly Reception|[premajor]
|move|p2a: Slowking|Chilly Reception|p2a: Slowking
|
|t:|1779567442
|switch|p2a: Mamoswine|Mamoswine, M|10/100|[from] Chilly Reception
|
|-weather|none
|-damage|p1a: Garchomp|33/100 brn|[from] brn
|upkeep
|turn|72
|
|t:|1779567446
|switch|p2a: Slowking|Slowking, F, tera:Fairy|52/100 par
|move|p1a: Garchomp|Earthquake|p2a: Slowking
|-damage|p2a: Slowking|30/100 par
|
|-damage|p1a: Garchomp|27/100 brn|[from] brn
|upkeep
|turn|73
|
|t:|1779567455
|move|p1a: Garchomp|Earthquake|p2a: Slowking
|-damage|p2a: Slowking|9/100 par
|cant|p2a: Slowking|par
|
|-damage|p1a: Garchomp|21/100 brn|[from] brn
|upkeep
|turn|74
|-message|noob1877 forfeited.
|
|win|bug fan5762
|raw|bug fan5762's rating: 1666 &rarr; <strong>1692</strong><br />(+26 for winning)
|raw|noob1877's rating: 1770 &rarr; <strong>1744</strong><br />(-26 for losing)
|l|☆noob1877
|player|p2|
|l|☆bug fan5762
|player|p1|
|l| simplegent
