|j|☆Ballerr
|j|☆I am a guineapig
|t:|1779703176
|gametype|singles
|player|p1|Ballerr|miku-ground|1461
|player|p2|I am a guineapig|fisherman-gen4|1471
|gen|9
|tier|[Gen 9] OU
|rated|
|rule|HP Percentage Mod: HP is shown in percentages
|rule|Endless Battle Clause: Forcing endless battles is banned
|rule|Species Clause: Limit one of each Pokémon
|rule|OHKO Clause: OHKO moves are banned
|rule|Evasion Items Clause: Evasion items are banned
|rule|Evasion Moves Clause: Evasion moves are banned
|rule|Evasion Abilities Clause: Evasion abilities are banned
|rule|Sleep Moves Clause: Sleep-inducing moves are banned
|clearpoke
|poke|p1|Entei|
|poke|p1|Gliscor, M|
|poke|p1|Great Tusk|
|poke|p1|Dragapult, M|
|poke|p1|Samurott-Hisui, F|
|poke|p1|Weezing-Galar, F|
|poke|p2|Carbink|
|poke|p2|Hatterene, F|
|poke|p2|Dusclops, M|
|poke|p2|Iron Hands|
|poke|p2|Araquanid, M|
|poke|p2|Kingambit, F|
|teampreview
|inactive|Battle timer is ON: inactive players will automatically lose when time's up. (requested by I am a guineapig)
|
|t:|1779703190
|teamsize|p1|6
|teamsize|p2|6
|start
|switch|p1a: Samurott|Samurott-Hisui, F|100/100
|switch|p2a: Carbink|Carbink|100/100
|turn|1
|
|t:|1779703199
|move|p1a: Samurott|Razor Shell|p2a: Carbink|[miss]
|-miss|p1a: Samurott|p2a: Carbink
|move|p2a: Carbink|Trick Room|p2a: Carbink
|-fieldstart|move: Trick Room|[of] p2a: Carbink
|
|upkeep
|turn|2
|
|t:|1779703202
|move|p2a: Carbink|Misty Explosion|p1a: Samurott
|-supereffective|p1a: Samurott
|-damage|p1a: Samurott|69/100
|faint|p2a: Carbink
|move|p1a: Samurott|Razor Shell|p2: Carbink|[notarget]
|-fail|p1a: Samurott
|
|upkeep
|
|t:|1779703221
|switch|p2a: Iron Hands|Iron Hands|100/100
|-enditem|p2a: Iron Hands|Booster Energy
|-activate|p2a: Iron Hands|ability: Quark Drive|[fromitem]
|-start|p2a: Iron Hands|quarkdriveatk
|turn|3
|
|t:|1779703236
|switch|p1a: Weezing|Weezing-Galar, F|100/100
|-ability|p1a: Weezing|Neutralizing Gas
|move|p2a: Iron Hands|Close Combat|p1a: Weezing
|-resisted|p1a: Weezing
|-damage|p1a: Weezing|89/100
|-unboost|p2a: Iron Hands|def|1
|-unboost|p2a: Iron Hands|spd|1
|
|upkeep
|turn|4
|
|t:|1779703248
|move|p2a: Iron Hands|Heavy Slam|p1a: Weezing
|-supereffective|p1a: Weezing
|-damage|p1a: Weezing|31/100
|move|p1a: Weezing|Toxic Spikes|p2a: Iron Hands
|-sidestart|p2: I am a guineapig|move: Toxic Spikes
|
|upkeep
|turn|5
|
|t:|1779703253
|move|p2a: Iron Hands|Heavy Slam|p1a: Weezing
|-supereffective|p1a: Weezing
|-damage|p1a: Weezing|0 fnt
|faint|p1a: Weezing
|-end|p1a: Weezing|ability: Neutralizing Gas
|
|-fieldend|move: Trick Room
|upkeep
|
|t:|1779703263
|switch|p1a: Entei|Entei|100/100
|turn|6
|
|t:|1779703273
|move|p1a: Entei|Sacred Fire|p2a: Iron Hands
|-damage|p2a: Iron Hands|28/100
|move|p2a: Iron Hands|Close Combat|p1a: Entei
|-damage|p1a: Entei|9/100
|-unboost|p2a: Iron Hands|def|1
|-unboost|p2a: Iron Hands|spd|1
|
|upkeep
|turn|7
|
|t:|1779703278
|move|p1a: Entei|Sacred Fire|p2a: Iron Hands
|-damage|p2a: Iron Hands|0 fnt
|faint|p2a: Iron Hands
|-end|p2a: Iron Hands|Quark Drive|[silent]
|
|upkeep
|
|t:|1779703296
|switch|p2a: Hatterene|Hatterene, F|100/100
|-status|p2a: Hatterene|psn
|turn|8
|
|t:|1779703305
|move|p1a: Entei|Sacred Fire|p2a: Hatterene
|-damage|p2a: Hatterene|19/100 psn
|move|p2a: Hatterene|Trick Room|p2a: Hatterene
|-fieldstart|move: Trick Room|[of] p2a: Hatterene
|
|-damage|p2a: Hatterene|7/100 psn|[from] psn
|upkeep
|turn|9
|
|t:|1779703315
|switch|p1a: Samurott|Samurott-Hisui, F|69/100
|move|p2a: Hatterene|Misty Explosion|p1a: Samurott
|-supereffective|p1a: Samurott
|-damage|p1a: Samurott|0 fnt
|faint|p2a: Hatterene
|faint|p1a: Samurott
|
|upkeep
|
|t:|1779703326
|switch|p2a: Araquanid|Araquanid, M|100/100
|switch|p1a: Great Tusk|Great Tusk|100/100
|-status|p2a: Araquanid|psn
|turn|10
|
|t:|1779703336
|-end|p1a: Great Tusk|Protosynthesis|[silent]
|switch|p1a: Dragapult|Dragapult, M|100/100
|move|p2a: Araquanid|Liquidation|p1a: Dragapult
|-resisted|p1a: Dragapult
|-damage|p1a: Dragapult|42/100
|-damage|p2a: Araquanid|90/100 psn|[from] item: Life Orb
|
|-damage|p2a: Araquanid|78/100 psn|[from] psn
|upkeep
|turn|11
|
|t:|1779703348
|switch|p1a: Entei|Entei|9/100
|move|p2a: Araquanid|Liquidation|p1a: Entei
|-supereffective|p1a: Entei
|-damage|p1a: Entei|0 fnt
|faint|p1a: Entei
|-damage|p2a: Araquanid|68/100 psn|[from] item: Life Orb
|
|-damage|p2a: Araquanid|56/100 psn|[from] psn
|upkeep
|
|t:|1779703350
|switch|p1a: Gliscor|Gliscor, M|100/100
|turn|12
|
|t:|1779703367
|switch|p2a: Kingambit|Kingambit, F|100/100
|-activate|p2a: Kingambit|ability: Supreme Overlord
|-start|p2a: Kingambit|fallen3|[silent]
|move|p1a: Gliscor|Protect||[still]
|-fail|p1a: Gliscor
|
|-fieldend|move: Trick Room
|-status|p1a: Gliscor|tox|[from] item: Toxic Orb
|upkeep
|turn|13
|
|t:|1779703373
|switch|p1a: Great Tusk|Great Tusk|100/100
|-terastallize|p2a: Kingambit|Dark
|move|p2a: Kingambit|Kowtow Cleave|p1a: Great Tusk
|-resisted|p1a: Great Tusk
|-damage|p1a: Great Tusk|57/100
|-damage|p2a: Kingambit|91/100|[from] item: Life Orb
|
|upkeep
|turn|14
|
|t:|1779703386
|-end|p2a: Kingambit|fallen3|[silent]
|switch|p2a: Dusclops|Dusclops, M|100/100
|-status|p2a: Dusclops|psn
|-item|p1a: Great Tusk|Heavy-Duty Boots|[from] ability: Frisk|[of] p2a: Dusclops
|move|p1a: Great Tusk|Headlong Rush|p2a: Dusclops
|-damage|p2a: Dusclops|68/100 psn
|-unboost|p1a: Great Tusk|def|1
|-unboost|p1a: Great Tusk|spd|1
|
|-damage|p2a: Dusclops|55/100 psn|[from] psn
|upkeep
|turn|15
|
|t:|1779703391
|-end|p1a: Great Tusk|Protosynthesis|[silent]
|switch|p1a: Gliscor|Gliscor, M|100/100 tox
|move|p2a: Dusclops|Trick Room|p2a: Dusclops
|-fieldstart|move: Trick Room|[of] p2a: Dusclops
|
|-damage|p2a: Dusclops|43/100 psn|[from] psn
|upkeep
|turn|16
|
|t:|1779703401
|move|p2a: Dusclops|Curse|p1a: Gliscor
|-start|p1a: Gliscor|Curse|[of] p2a: Dusclops
|-damage|p2a: Dusclops|0 fnt
|faint|p2a: Dusclops
|move|p1a: Gliscor|Swords Dance|p1a: Gliscor
|-boost|p1a: Gliscor|atk|2
|
|-damage|p1a: Gliscor|75/100 tox|[from] Curse
|upkeep
|
|t:|1779703408
|switch|p2a: Araquanid|Araquanid, M|56/100 psn
|turn|17
|
|t:|1779703433
|move|p1a: Gliscor|Protect|p1a: Gliscor
|-singleturn|p1a: Gliscor|Protect
|move|p2a: Araquanid|Liquidation|p1a: Gliscor
|-activate|p1a: Gliscor|move: Protect
|
|-damage|p2a: Araquanid|43/100 psn|[from] psn
|-heal|p1a: Gliscor|88/100 tox|[from] ability: Poison Heal
|-damage|p1a: Gliscor|63/100 tox|[from] Curse
|upkeep
|turn|18
|
|t:|1779703443
|-terastallize|p1a: Gliscor|Normal
|move|p2a: Araquanid|Liquidation|p1a: Gliscor
|-damage|p1a: Gliscor|1/100 tox
|-damage|p2a: Araquanid|33/100 psn|[from] item: Life Orb
|move|p1a: Gliscor|Facade|p2a: Araquanid
|-damage|p2a: Araquanid|0 fnt
|faint|p2a: Araquanid
|
|-heal|p1a: Gliscor|14/100 tox|[from] ability: Poison Heal
|-damage|p1a: Gliscor|0 fnt|[from] Curse
|faint|p1a: Gliscor
|upkeep
|
|t:|1779703451
|switch|p2a: Kingambit|Kingambit, F, tera:Dark|91/100
|switch|p1a: Great Tusk|Great Tusk|57/100
|-status|p2a: Kingambit|psn
|-activate|p2a: Kingambit|ability: Supreme Overlord
|-start|p2a: Kingambit|fallen5|[silent]
|turn|19
|
|t:|1779703455
|move|p2a: Kingambit|Iron Head|p1a: Great Tusk
|-damage|p1a: Great Tusk|0 fnt
|faint|p1a: Great Tusk
|-end|p1a: Great Tusk|Protosynthesis|[silent]
|-damage|p2a: Kingambit|81/100 psn|[from] item: Life Orb
|
|-damage|p2a: Kingambit|68/100 psn|[from] psn
|-fieldend|move: Trick Room
|upkeep
|
|t:|1779703458
|switch|p1a: Dragapult|Dragapult, M|42/100
|turn|20
|
|t:|1779703462
|move|p2a: Kingambit|Sucker Punch|p1a: Dragapult
|-supereffective|p1a: Dragapult
|-damage|p1a: Dragapult|0 fnt
|faint|p1a: Dragapult
|-damage|p2a: Kingambit|58/100 psn|[from] item: Life Orb
|
|win|I am a guineapig
|raw|Ballerr's rating: 1461 &rarr; <strong>1442</strong><br />(-19 for losing)
|raw|I am a guineapig's rating: 1471 &rarr; <strong>1490</strong><br />(+19 for winning)
|l|☆I am a guineapig
|player|p2|
|l|☆Ballerr
|player|p1|
