|j|☆JerkyGirlsAmerica
|j|☆venom10cay
|t:|1779583514
|gametype|singles
|player|p1|JerkyGirlsAmerica|veteran-gen4|1102
|player|p2|venom10cay|1|1104
|gen|9
|tier|[Gen 9] OU
|rated|
|rule|HP Percentage Mod: HP is shown in percentages
|rule|Endless Battle Clause: Forcing endless battles is banned
|rule|Species Clause: Limit one of each Pokémon
|rule|OHKO Clause: OHKO moves are banned
|rule|Evasion Items Clause: Evasion items are banned
|rule|Evasion Moves Clause: Evasion moves are banned
|rule|Evasion Abilities Clause: Evasion abilities are banned
|rule|Sleep Moves Clause: Sleep-inducing moves are banned
|clearpoke
|poke|p1|Electabuzz, M|
|poke|p1|Hitmonchan, M|
|poke|p1|Mamoswine, M|
|poke|p1|Salamence, M|
|poke|p1|Slaking, M|
|poke|p1|Dragapult, M|
|poke|p2|Alomomola, F|
|poke|p2|Slowking-Galar, F|
|poke|p2|Kingambit, F|
|poke|p2|Great Tusk|
|poke|p2|Cinderace, F|
|poke|p2|Thundurus-Therian, M|
|teampreview
|
|t:|1779583540
|teamsize|p1|6
|teamsize|p2|6
|start
|switch|p1a: Dragapult|Dragapult, M, shiny|100/100
|switch|p2a: Great Tusk|Great Tusk|100/100
|turn|1
|
|t:|1779583558
|move|p1a: Dragapult|Dragon Dance|p1a: Dragapult
|-boost|p1a: Dragapult|atk|1
|-boost|p1a: Dragapult|spe|1
|move|p2a: Great Tusk|Stealth Rock|p1a: Dragapult
|-sidestart|p1: JerkyGirlsAmerica|move: Stealth Rock
|
|upkeep
|turn|2
|
|t:|1779583583
|move|p1a: Dragapult|Dragon Darts|p2a: Great Tusk
|-damage|p2a: Great Tusk|73/100
|-anim|p1a: Dragapult|Dragon Darts|p2a: Great Tusk
|-damage|p2a: Great Tusk|44/100
|move|p2a: Great Tusk|Ice Spinner|p1a: Dragapult
|-supereffective|p1a: Dragapult
|-damage|p1a: Dragapult|22/100
|
|upkeep
|turn|3
|
|t:|1779583595
|move|p1a: Dragapult|Draco Meteor|p2a: Great Tusk
|-damage|p2a: Great Tusk|0 fnt
|-unboost|p1a: Dragapult|spa|2
|faint|p2a: Great Tusk
|-end|p2a: Great Tusk|Protosynthesis|[silent]
|
|upkeep
|
|t:|1779583608
|switch|p2a: Kingambit|Kingambit, F|100/100
|-activate|p2a: Kingambit|ability: Supreme Overlord
|-start|p2a: Kingambit|fallen1|[silent]
|turn|4
|
|t:|1779583616
|move|p1a: Dragapult|Dragon Dance|p1a: Dragapult
|-boost|p1a: Dragapult|atk|1
|-boost|p1a: Dragapult|spe|1
|move|p2a: Kingambit|Kowtow Cleave|p1a: Dragapult
|-supereffective|p1a: Dragapult
|-damage|p1a: Dragapult|0 fnt
|faint|p1a: Dragapult
|
|upkeep
|
|t:|1779583636
|switch|p1a: Slaking|Slaking, M, shiny|100/100
|-damage|p1a: Slaking|88/100|[from] Stealth Rock
|turn|5
|
|t:|1779583677
|-end|p2a: Kingambit|fallen1|[silent]
|switch|p2a: Slowking|Slowking-Galar, F|100/100
|move|p1a: Slaking|Drain Punch|p2a: Slowking
|-resisted|p2a: Slowking
|-damage|p2a: Slowking|89/100
|-heal|p1a: Slaking|93/100|[from] drain|[of] p2a: Slowking
|
|upkeep
|turn|6
|
|t:|1779583692
|switch|p1a: Salamence|Salamence, M|100/100
|-damage|p1a: Salamence|76/100|[from] Stealth Rock
|move|p2a: Slowking|Future Sight|p1a: Salamence
|-start|p2a: Slowking|move: Future Sight
|
|upkeep
|turn|7
|
|t:|1779583710
|move|p1a: Salamence|Dragon Dance|p1a: Salamence
|-boost|p1a: Salamence|atk|1
|-boost|p1a: Salamence|spe|1
|move|p2a: Slowking|Ice Beam|p1a: Salamence
|-supereffective|p1a: Salamence
|-damage|p1a: Salamence|0 fnt
|faint|p1a: Salamence
|
|upkeep
|
|t:|1779583725
|switch|p1a: Electabuzz|Electabuzz, M|100/100
|-damage|p1a: Electabuzz|88/100|[from] Stealth Rock
|-item|p1a: Electabuzz|Air Balloon
|turn|8
|
|t:|1779583735
|-terastallize|p1a: Electabuzz|Bug
|move|p1a: Electabuzz|Charge Beam|p2a: Slowking
|-damage|p2a: Slowking|77/100
|-boost|p1a: Electabuzz|spa|1
|-prepare|p2a: Slowking|Chilly Reception|[premajor]
|move|p2a: Slowking|Chilly Reception|p2a: Slowking
|-weather|Snowscape
|inactive|Battle timer is ON: inactive players will automatically lose when time's up. (requested by JerkyGirlsAmerica)
|
|t:|1779583761
|switch|p2a: Cinderace|Cinderace, F|100/100|[from] Chilly Reception
|
|-weather|Snowscape|[upkeep]
|-end|p1a: Electabuzz|move: Future Sight
|-damage|p1a: Electabuzz|35/100
|-enditem|p1a: Electabuzz|Air Balloon
|upkeep
|turn|9
|
|t:|1779583786
|move|p2a: Cinderace|Pyro Ball|p1a: Electabuzz
|-supereffective|p1a: Electabuzz
|-damage|p1a: Electabuzz|0 fnt
|faint|p1a: Electabuzz
|
|-weather|Snowscape|[upkeep]
|upkeep
|inactive|JerkyGirlsAmerica has 120 seconds left.
|
|t:|1779583816
|switch|p1a: Slaking|Slaking, M, shiny|93/100
|-damage|p1a: Slaking|81/100|[from] Stealth Rock
|turn|10
|
|t:|1779583827
|move|p1a: Slaking|Sucker Punch||[still]
|-fail|p1a: Slaking
|move|p2a: Cinderace|Will-O-Wisp|p1a: Slaking|[miss]
|-miss|p2a: Cinderace|p1a: Slaking
|
|-weather|Snowscape|[upkeep]
|upkeep
|turn|11
|
|t:|1779583851
|switch|p1a: Mamoswine|Mamoswine, M, shiny|100/100
|-damage|p1a: Mamoswine|88/100|[from] Stealth Rock
|move|p2a: Cinderace|U-turn|p1a: Mamoswine
|-start|p2a: Cinderace|typechange|Bug|[from] ability: Libero
|-damage|p1a: Mamoswine|63/100
|inactive|venom10cay has 120 seconds left.
|
|t:|1779583874
|switch|p2a: Thundurus|Thundurus-Therian, M|100/100|[from] U-turn
|
|-weather|Snowscape|[upkeep]
|upkeep
|turn|12
|inactive|venom10cay has 120 seconds left.
|
|t:|1779583883
|move|p2a: Thundurus|Volt Switch|p1a: Mamoswine
|-immune|p1a: Mamoswine
|move|p1a: Mamoswine|Icicle Crash|p2a: Thundurus
|-supereffective|p2a: Thundurus
|-damage|p2a: Thundurus|0 fnt
|faint|p2a: Thundurus
|
|-weather|none
|upkeep
|inactive|venom10cay has 120 seconds left.
|inactive|venom10cay has 90 seconds left.
|
|t:|1779583920
|switch|p2a: Cinderace|Cinderace, F|100/100
|turn|13
|
|t:|1779583925
|move|p2a: Cinderace|Pyro Ball|p1a: Mamoswine
|-supereffective|p1a: Mamoswine
|-damage|p1a: Mamoswine|0 fnt
|faint|p1a: Mamoswine
|
|upkeep
|
|t:|1779583931
|switch|p1a: Slaking|Slaking, M, shiny|81/100
|-damage|p1a: Slaking|68/100|[from] Stealth Rock
|turn|14
|
|t:|1779583947
|move|p2a: Cinderace|Will-O-Wisp|p1a: Slaking|[miss]
|-miss|p2a: Cinderace|p1a: Slaking
|move|p1a: Slaking|Drain Punch|p2a: Cinderace
|-damage|p2a: Cinderace|34/100
|-heal|p1a: Slaking|91/100|[from] drain|[of] p2a: Cinderace
|
|upkeep
|turn|15
|
|t:|1779583956
|move|p2a: Cinderace|U-turn|p1a: Slaking
|-start|p2a: Cinderace|typechange|Bug|[from] ability: Libero
|-damage|p1a: Slaking|66/100
|
|t:|1779583963
|switch|p2a: Slowking|Slowking-Galar, F|100/100|[from] U-turn
|cant|p1a: Slaking|ability: Truant
|
|upkeep
|turn|16
|
|t:|1779583977
|move|p1a: Slaking|Drain Punch|p2a: Slowking
|-resisted|p2a: Slowking
|-damage|p2a: Slowking|89/100
|-heal|p1a: Slaking|71/100|[from] drain|[of] p2a: Slowking
|move|p2a: Slowking|Future Sight|p1a: Slaking
|-start|p2a: Slowking|move: Future Sight
|
|upkeep
|turn|17
|
|t:|1779583987
|cant|p1a: Slaking|ability: Truant
|move|p2a: Slowking|Sludge Bomb|p1a: Slaking
|-damage|p1a: Slaking|32/100
|
|upkeep
|turn|18
|
|t:|1779583993
|move|p1a: Slaking|Drain Punch|p2a: Slowking
|-resisted|p2a: Slowking
|-damage|p2a: Slowking|78/100
|-heal|p1a: Slaking|37/100|[from] drain|[of] p2a: Slowking
|move|p2a: Slowking|Sludge Bomb|p1a: Slaking
|-damage|p1a: Slaking|0 fnt
|faint|p1a: Slaking
|
|-hint|Future Sight did not hit because the target is fainted.
|upkeep
|
|t:|1779584003
|switch|p1a: Hitmonchan|Hitmonchan, M|100/100
|-damage|p1a: Hitmonchan|94/100|[from] Stealth Rock
|turn|19
|
|t:|1779584009
|move|p1a: Hitmonchan|Bulk Up|p1a: Hitmonchan
|-boost|p1a: Hitmonchan|atk|1
|-boost|p1a: Hitmonchan|def|1
|move|p2a: Slowking|Future Sight|p1a: Hitmonchan
|-start|p2a: Slowking|move: Future Sight
|
|upkeep
|turn|20
|inactive|venom10cay has 120 seconds left.
|
|t:|1779584029
|move|p1a: Hitmonchan|Bulk Up|p1a: Hitmonchan
|-boost|p1a: Hitmonchan|atk|1
|-boost|p1a: Hitmonchan|def|1
|-prepare|p2a: Slowking|Chilly Reception|[premajor]
|move|p2a: Slowking|Chilly Reception|p2a: Slowking
|-weather|Snowscape
|
|t:|1779584037
|switch|p2a: Alomomola|Alomomola, F|100/100|[from] Chilly Reception
|
|-weather|Snowscape|[upkeep]
|upkeep
|turn|21
|inactive|venom10cay has 120 seconds left.
|
|t:|1779584044
|move|p1a: Hitmonchan|Poison Jab|p2a: Alomomola
|-crit|p2a: Alomomola
|-damage|p2a: Alomomola|60/100
|-status|p2a: Alomomola|psn
|move|p2a: Alomomola|Wish|p2a: Alomomola
|
|-weather|Snowscape|[upkeep]
|-end|p1a: Hitmonchan|move: Future Sight
|-supereffective|p1a: Hitmonchan
|-damage|p1a: Hitmonchan|0 fnt
|faint|p1a: Hitmonchan
|
|win|venom10cay
|raw|JerkyGirlsAmerica's rating: 1102 &rarr; <strong>1077</strong><br />(-25 for losing)
|raw|venom10cay's rating: 1104 &rarr; <strong>1129</strong><br />(+25 for winning)
|l|☆JerkyGirlsAmerica
|player|p1|
|l|☆venom10cay
|player|p2|
