|j|☆magicsalt
|j|☆MT780
|t:|1779636584
|gametype|singles
|player|p1|magicsalt|clair|1055
|player|p2|MT780|hilbert-wonderlauncher|1056
|gen|9
|tier|[Gen 9] OU
|rated|
|rule|HP Percentage Mod: HP is shown in percentages
|rule|Endless Battle Clause: Forcing endless battles is banned
|rule|Species Clause: Limit one of each Pokémon
|rule|OHKO Clause: OHKO moves are banned
|rule|Evasion Items Clause: Evasion items are banned
|rule|Evasion Moves Clause: Evasion moves are banned
|rule|Evasion Abilities Clause: Evasion abilities are banned
|rule|Sleep Moves Clause: Sleep-inducing moves are banned
|clearpoke
|poke|p1|Salazzle, F|
|poke|p1|Glimmora, F|
|poke|p1|Maushold-Four|
|poke|p1|Toxapex, M|
|poke|p1|Dragonite, F|
|poke|p1|Blissey, F|
|poke|p2|Gengar, M|
|poke|p2|Kingambit, M|
|poke|p2|Primarina, F|
|poke|p2|Vikavolt, M|
|poke|p2|Salamence, M|
|poke|p2|Lucario, M|
|teampreview
|
|t:|1779636590
|teamsize|p1|6
|teamsize|p2|6
|start
|switch|p1a: A roc|Glimmora, F, shiny|100/100
|switch|p2a: Gengar|Gengar, M|100/100
|turn|1
|
|t:|1779636597
|move|p2a: Gengar|Toxic Spikes|p1a: A roc
|-sidestart|p1: magicsalt|move: Toxic Spikes
|move|p1a: A roc|Toxic|p2a: Gengar
|-status|p2a: Gengar|tox
|
|-damage|p2a: Gengar|94/100 tox|[from] psn
|upkeep
|turn|2
|
|t:|1779636605
|move|p2a: Gengar|Shadow Ball|p1a: A roc
|-damage|p1a: A roc|48/100
|move|p1a: A roc|Mortal Spin|p2a: Gengar
|-resisted|p2a: Gengar
|-damage|p2a: Gengar|91/100 tox
|-sideend|p1: magicsalt|Toxic Spikes|[from] move: Mortal Spin|[of] p1a: A roc
|
|-damage|p2a: Gengar|79/100 tox|[from] psn
|upkeep
|turn|3
|
|t:|1779636617
|move|p2a: Gengar|Shadow Ball|p1a: A roc
|-damage|p1a: A roc|1/100
|-unboost|p1a: A roc|spd|1
|move|p1a: A roc|Stealth Rock|p2a: Gengar
|-sidestart|p2: MT780|move: Stealth Rock
|
|-damage|p2a: Gengar|60/100 tox|[from] psn
|upkeep
|turn|4
|
|t:|1779636629
|switch|p2a: Salamence|Salamence, M|100/100
|-damage|p2a: Salamence|75/100|[from] Stealth Rock
|move|p1a: A roc|Spiky Shield||[still]
|-fail|p1a: A roc
|
|upkeep
|turn|5
|
|t:|1779636640
|move|p2a: Salamence|Outrage|p1a: A roc
|-damage|p1a: A roc|0 fnt
|faint|p1a: A roc
|-ability|p2a: Salamence|Moxie|boost
|-boost|p2a: Salamence|atk|1
|
|upkeep
|
|t:|1779636661
|switch|p1a: Spikey thingy|Toxapex, M|100/100
|turn|6
|
|t:|1779636668
|move|p2a: Salamence|Outrage|p1a: Spikey thingy|[from] lockedmove
|-damage|p1a: Spikey thingy|41/100
|move|p1a: Spikey thingy|Infestation|p2a: Salamence
|-resisted|p2a: Salamence
|-damage|p2a: Salamence|74/100
|-activate|p2a: Salamence|move: Infestation|[of] p1a: Spikey thingy
|
|-heal|p1a: Spikey thingy|48/100|[from] item: Leftovers
|-damage|p2a: Salamence|61/100|[from] move: Infestation|[partiallytrapped]
|upkeep
|turn|7
|
|t:|1779636679
|move|p1a: Spikey thingy|Baneful Bunker|p1a: Spikey thingy
|-singleturn|p1a: Spikey thingy|move: Protect
|move|p2a: Salamence|Outrage|p1a: Spikey thingy|[from] lockedmove
|-activate|p1a: Spikey thingy|move: Protect
|-status|p2a: Salamence|psn
|-start|p2a: Salamence|confusion|[fatigue]
|
|-heal|p1a: Spikey thingy|54/100|[from] item: Leftovers
|-damage|p2a: Salamence|49/100 psn|[from] psn
|-damage|p2a: Salamence|37/100 psn|[from] move: Infestation|[partiallytrapped]
|upkeep
|turn|8
|
|t:|1779636700
|-activate|p2a: Salamence|confusion
|move|p2a: Salamence|Outrage|p1a: Spikey thingy
|-damage|p1a: Spikey thingy|0 fnt
|faint|p1a: Spikey thingy
|-ability|p2a: Salamence|Moxie|boost
|-boost|p2a: Salamence|atk|1
|
|-damage|p2a: Salamence|24/100 psn|[from] psn
|-end|p2a: Salamence|Infestation|[partiallytrapped]|[silent]
|upkeep
|
|t:|1779636719
|switch|p1a: Fatty whopper|Blissey, F|100/100
|turn|9
|
|t:|1779636730
|move|p1a: Fatty whopper|Protect|p1a: Fatty whopper
|-singleturn|p1a: Fatty whopper|Protect
|-activate|p2a: Salamence|confusion
|move|p2a: Salamence|Outrage|p1a: Fatty whopper|[from] lockedmove
|-activate|p1a: Fatty whopper|move: Protect
|
|-damage|p2a: Salamence|12/100 psn|[from] psn
|upkeep
|turn|10
|
|t:|1779636739
|switch|p2a: Lucario|Lucario, M|100/100
|-damage|p2a: Lucario|98/100|[from] Stealth Rock
|move|p1a: Fatty whopper|Soft-Boiled||[still]
|-fail|p1a: Fatty whopper|heal
|
|upkeep
|turn|11
|
|t:|1779636749
|switch|p1a: Yoshi|Dragonite, F, shiny|100/100
|move|p2a: Lucario|Meteor Mash|p1a: Yoshi
|-damage|p1a: Yoshi|73/100
|-damage|p2a: Lucario|81/100|[from] item: Rocky Helmet|[of] p1a: Yoshi
|-damage|p2a: Lucario|71/100|[from] item: Life Orb
|
|upkeep
|turn|12
|
|t:|1779636760
|move|p2a: Lucario|High Jump Kick|p1a: Yoshi
|-resisted|p1a: Yoshi
|-damage|p1a: Yoshi|28/100
|-damage|p2a: Lucario|54/100|[from] item: Rocky Helmet|[of] p1a: Yoshi
|-damage|p2a: Lucario|44/100|[from] item: Life Orb
|move|p1a: Yoshi|Earthquake|p2a: Lucario
|-supereffective|p2a: Lucario
|-damage|p2a: Lucario|0 fnt
|faint|p2a: Lucario
|
|upkeep
|
|t:|1779636774
|switch|p2a: Kingambit|Kingambit, M|100/100
|-damage|p2a: Kingambit|94/100|[from] Stealth Rock
|-activate|p2a: Kingambit|ability: Supreme Overlord
|-start|p2a: Kingambit|fallen1|[silent]
|turn|13
|
|t:|1779636782
|move|p2a: Kingambit|Sucker Punch||[still]
|-fail|p2a: Kingambit
|move|p1a: Yoshi|Dragon Dance|p1a: Yoshi
|-boost|p1a: Yoshi|atk|1
|-boost|p1a: Yoshi|spe|1
|
|upkeep
|turn|14
|
|t:|1779636796
|-end|p2a: Kingambit|fallen1|[silent]
|switch|p2a: Salamence|Salamence, M|12/100 psn
|-damage|p2a: Salamence|0 fnt|[from] Stealth Rock
|faint|p2a: Salamence
|move|p1a: Yoshi|Extreme Speed|p2: Salamence|[notarget]
|-fail|p1a: Yoshi
|
|upkeep
|
|t:|1779636811
|switch|p2a: Kingambit|Kingambit, M|94/100
|-damage|p2a: Kingambit|88/100|[from] Stealth Rock
|-activate|p2a: Kingambit|ability: Supreme Overlord
|-start|p2a: Kingambit|fallen2|[silent]
|turn|15
|
|t:|1779636819
|move|p1a: Yoshi|Dragon Dance|p1a: Yoshi
|-boost|p1a: Yoshi|atk|1
|-boost|p1a: Yoshi|spe|1
|move|p2a: Kingambit|Stone Edge|p1a: Yoshi
|-supereffective|p1a: Yoshi
|-damage|p1a: Yoshi|0 fnt
|faint|p1a: Yoshi
|
|upkeep
|
|t:|1779636828
|switch|p1a: Thirst trap|Salazzle, F|100/100
|turn|16
|
|t:|1779636834
|-end|p2a: Kingambit|fallen2|[silent]
|switch|p2a: Primarina|Primarina, F|100/100
|-damage|p2a: Primarina|88/100|[from] Stealth Rock
|move|p1a: Thirst trap|Toxic|p2a: Primarina
|-status|p2a: Primarina|tox
|
|-damage|p2a: Primarina|82/100 tox|[from] psn
|upkeep
|turn|17
|
|t:|1779636845
|move|p1a: Thirst trap|Protect|p1a: Thirst trap
|-singleturn|p1a: Thirst trap|Protect
|move|p2a: Primarina|Hydro Pump|p1a: Thirst trap
|-activate|p1a: Thirst trap|move: Protect
|
|-damage|p2a: Primarina|70/100 tox|[from] psn
|upkeep
|turn|18
|
|t:|1779636856
|switch|p1a: Fatty whopper|Blissey, F|100/100
|move|p2a: Primarina|Hydro Pump|p1a: Fatty whopper|[miss]
|-miss|p2a: Primarina|p1a: Fatty whopper
|
|-damage|p2a: Primarina|52/100 tox|[from] psn
|upkeep
|turn|19
|
|t:|1779636868
|switch|p2a: Kingambit|Kingambit, M|88/100
|-damage|p2a: Kingambit|82/100|[from] Stealth Rock
|-activate|p2a: Kingambit|ability: Supreme Overlord
|-start|p2a: Kingambit|fallen2|[silent]
|move|p1a: Fatty whopper|Soft-Boiled||[still]
|-fail|p1a: Fatty whopper|heal
|
|upkeep
|turn|20
|
|t:|1779636880
|switch|p1a: Thirst trap|Salazzle, F|100/100
|move|p2a: Kingambit|Stone Edge|p1a: Thirst trap
|-supereffective|p1a: Thirst trap
|-enditem|p1a: Thirst trap|Focus Sash
|-damage|p1a: Thirst trap|1/100
|
|upkeep
|turn|21
|
|t:|1779636897
|-end|p2a: Kingambit|fallen2|[silent]
|switch|p2a: Gengar|Gengar, M|60/100 tox
|-damage|p2a: Gengar|48/100 tox|[from] Stealth Rock
|move|p1a: Thirst trap|Toxic|p2a: Gengar
|-fail|p2a: Gengar|tox
|
|-damage|p2a: Gengar|42/100 tox|[from] psn
|upkeep
|turn|22
|
|t:|1779636908
|move|p1a: Thirst trap|Protect|p1a: Thirst trap
|-singleturn|p1a: Thirst trap|Protect
|move|p2a: Gengar|Toxic Spikes|p1a: Thirst trap
|-sidestart|p1: magicsalt|move: Toxic Spikes
|
|-damage|p2a: Gengar|30/100 tox|[from] psn
|upkeep
|turn|23
|
|t:|1779636917
|move|p1a: Thirst trap|Overheat|p2a: Gengar
|-damage|p2a: Gengar|0 fnt
|-unboost|p1a: Thirst trap|spa|2
|faint|p2a: Gengar
|
|upkeep
|
|t:|1779636929
|switch|p2a: Kingambit|Kingambit, M|82/100
|-damage|p2a: Kingambit|76/100|[from] Stealth Rock
|-activate|p2a: Kingambit|ability: Supreme Overlord
|-start|p2a: Kingambit|fallen3|[silent]
|turn|24
|
|t:|1779636937
|move|p2a: Kingambit|Sucker Punch||[still]
|-fail|p2a: Kingambit
|move|p1a: Thirst trap|Toxic|p2a: Kingambit
|-status|p2a: Kingambit|tox
|
|-damage|p2a: Kingambit|70/100 tox|[from] psn
|upkeep
|turn|25
|
|t:|1779636949
|-end|p2a: Kingambit|fallen3|[silent]
|switch|p2a: Primarina|Primarina, F|52/100 tox
|-damage|p2a: Primarina|40/100 tox|[from] Stealth Rock
|move|p1a: Thirst trap|Protect||[still]
|-fail|p1a: Thirst trap
|
|-damage|p2a: Primarina|34/100 tox|[from] psn
|upkeep
|turn|26
|
|t:|1779636965
|switch|p1a: Fatty whopper|Blissey, F|100/100
|-status|p1a: Fatty whopper|psn
|move|p2a: Primarina|Moonblast|p1a: Fatty whopper
|-crit|p1a: Fatty whopper
|-damage|p1a: Fatty whopper|70/100 psn
|
|-heal|p1a: Fatty whopper|76/100 psn|[from] item: Leftovers
|-damage|p2a: Primarina|22/100 tox|[from] psn
|-damage|p1a: Fatty whopper|64/100 psn|[from] psn
|upkeep
|turn|27
|
|t:|1779636978
|switch|p2a: Vikavolt|Vikavolt, M|100/100
|-damage|p2a: Vikavolt|75/100|[from] Stealth Rock
|move|p1a: Fatty whopper|Heal Bell|p1a: Fatty whopper
|-activate|p1a: Fatty whopper|move: Heal Bell
|-curestatus|p1a: Fatty whopper|psn|[msg]
|
|-heal|p1a: Fatty whopper|70/100|[from] item: Leftovers
|upkeep
|turn|28
|
|t:|1779636992
|move|p1a: Fatty whopper|Protect|p1a: Fatty whopper
|-singleturn|p1a: Fatty whopper|Protect
|move|p2a: Vikavolt|Thunder|p1a: Fatty whopper
|-activate|p1a: Fatty whopper|move: Protect
|
|-heal|p1a: Fatty whopper|76/100|[from] item: Leftovers
|upkeep
|turn|29
|
|t:|1779637001
|move|p1a: Fatty whopper|Seismic Toss|p2a: Vikavolt
|-damage|p2a: Vikavolt|42/100
|move|p2a: Vikavolt|Thunder|p1a: Fatty whopper
|-damage|p1a: Fatty whopper|40/100
|
|-heal|p1a: Fatty whopper|46/100|[from] item: Leftovers
|upkeep
|turn|30
|
|t:|1779637013
|move|p1a: Fatty whopper|Protect|p1a: Fatty whopper
|-singleturn|p1a: Fatty whopper|Protect
|move|p2a: Vikavolt|Thunder|p1a: Fatty whopper
|-activate|p1a: Fatty whopper|move: Protect
|
|-heal|p1a: Fatty whopper|52/100|[from] item: Leftovers
|upkeep
|turn|31
|
|t:|1779637022
|move|p1a: Fatty whopper|Soft-Boiled|p1a: Fatty whopper
|-heal|p1a: Fatty whopper|100/100
|move|p2a: Vikavolt|Thunder|p1a: Fatty whopper
|-damage|p1a: Fatty whopper|64/100
|
|-heal|p1a: Fatty whopper|71/100|[from] item: Leftovers
|upkeep
|turn|32
|
|t:|1779637031
|move|p1a: Fatty whopper|Seismic Toss|p2a: Vikavolt
|-damage|p2a: Vikavolt|8/100
|move|p2a: Vikavolt|Thunder|p1a: Fatty whopper|[miss]
|-miss|p2a: Vikavolt|p1a: Fatty whopper
|
|-heal|p1a: Fatty whopper|77/100|[from] item: Leftovers
|upkeep
|turn|33
|
|t:|1779637040
|switch|p2a: Kingambit|Kingambit, M|70/100 tox
|-damage|p2a: Kingambit|64/100 tox|[from] Stealth Rock
|-activate|p2a: Kingambit|ability: Supreme Overlord
|-start|p2a: Kingambit|fallen3|[silent]
|move|p1a: Fatty whopper|Seismic Toss|p2a: Kingambit
|-damage|p2a: Kingambit|34/100 tox
|
|-heal|p1a: Fatty whopper|83/100|[from] item: Leftovers
|-damage|p2a: Kingambit|28/100 tox|[from] psn
|upkeep
|turn|34
|
|t:|1779637057
|move|p1a: Fatty whopper|Protect|p1a: Fatty whopper
|-singleturn|p1a: Fatty whopper|Protect
|move|p2a: Kingambit|Stone Edge|p1a: Fatty whopper
|-activate|p1a: Fatty whopper|move: Protect
|
|-heal|p1a: Fatty whopper|89/100|[from] item: Leftovers
|-damage|p2a: Kingambit|16/100 tox|[from] psn
|upkeep
|turn|35
|
|t:|1779637069
|move|p1a: Fatty whopper|Soft-Boiled|p1a: Fatty whopper
|-heal|p1a: Fatty whopper|100/100
|move|p2a: Kingambit|Stone Edge|p1a: Fatty whopper|[miss]
|-miss|p2a: Kingambit|p1a: Fatty whopper
|
|-damage|p2a: Kingambit|0 fnt|[from] psn
|faint|p2a: Kingambit
|-end|p2a: Kingambit|fallen3|[silent]
|upkeep
|
|t:|1779637079
|switch|p2a: Primarina|Primarina, F|22/100 tox
|-damage|p2a: Primarina|10/100 tox|[from] Stealth Rock
|turn|36
|c|☆magicsalt|Gg
|
|t:|1779637087
|-terastallize|p2a: Primarina|Water
|move|p1a: Fatty whopper|Protect|p1a: Fatty whopper
|-singleturn|p1a: Fatty whopper|Protect
|move|p2a: Primarina|Hydro Pump|p1a: Fatty whopper
|-activate|p1a: Fatty whopper|move: Protect
|
|-damage|p2a: Primarina|4/100 tox|[from] psn
|upkeep
|turn|37
|
|t:|1779637097
|move|p2a: Primarina|Hydro Pump|p1a: Fatty whopper
|-crit|p1a: Fatty whopper
|-damage|p1a: Fatty whopper|33/100
|move|p1a: Fatty whopper|Seismic Toss|p2a: Primarina
|-damage|p2a: Primarina|0 fnt
|faint|p2a: Primarina
|
|-heal|p1a: Fatty whopper|39/100|[from] item: Leftovers
|upkeep
|
|t:|1779637107
|switch|p2a: Vikavolt|Vikavolt, M|8/100
|-damage|p2a: Vikavolt|0 fnt|[from] Stealth Rock
|faint|p2a: Vikavolt
|
|win|magicsalt
|raw|magicsalt's rating: 1055 &rarr; <strong>1087</strong><br />(+32 for winning)
|raw|MT780's rating: 1056 &rarr; <strong>1038</strong><br />(-18 for losing)
