|badge|p1|bronze|gen9ou|100-9
|uhtml|medal-msg|<div class="broadcast-blue">Curious what those medals under the avatar are? PS now has Ladder Seasons! For more information, check out the <a href="https://www.smogon.com/forums/threads/3740067/">thread on Smogon.</a></div>
|j|☆samohi0
|j|☆Johnny tots
|t:|1779588923
|gametype|singles
|player|p1|samohi0|266|1768
|player|p2|Johnny tots|2|1712
|gen|9
|tier|[Gen 9] OU
|rated|
|rule|HP Percentage Mod: HP is shown in percentages
|rule|Endless Battle Clause: Forcing endless battles is banned
|rule|Species Clause: Limit one of each Pokémon
|rule|OHKO Clause: OHKO moves are banned
|rule|Evasion Items Clause: Evasion items are banned
|rule|Evasion Moves Clause: Evasion moves are banned
|rule|Evasion Abilities Clause: Evasion abilities are banned
|rule|Sleep Moves Clause: Sleep-inducing moves are banned
|clearpoke
|poke|p1|Dragapult, F|
|poke|p1|Lokix, M|
|poke|p1|Alomomola, M|
|poke|p1|Great Tusk|
|poke|p1|Enamorus, F|
|poke|p1|Iron Crown|
|poke|p2|Rillaboom, F|
|poke|p2|Klefki, F|
|poke|p2|Manaphy|
|poke|p2|Ogerpon-Wellspring, F|
|poke|p2|Maushold-Four|
|poke|p2|Clefable, F|
|teampreview
|
|t:|1779588935
|teamsize|p1|6
|teamsize|p2|6
|start
|switch|p1a: Iron Crown|Iron Crown|100/100
|switch|p2a: Klefki|Klefki, F|100/100
|turn|1
|inactive|Battle timer is ON: inactive players will automatically lose when time's up. (requested by Johnny tots)
|
|t:|1779588937
|move|p2a: Klefki|Light Screen|p2a: Klefki
|-sidestart|p2: Johnny tots|move: Light Screen
|move|p1a: Iron Crown|Tachyon Cutter|p2a: Klefki
|-damage|p2a: Klefki|77/100
|-damage|p2a: Klefki|56/100
|-hitcount|p2a: Klefki|2
|
|upkeep
|turn|2
|
|t:|1779588945
|move|p2a: Klefki|Reflect|p2a: Klefki
|-sidestart|p2: Johnny tots|Reflect
|move|p1a: Iron Crown|Tachyon Cutter|p2a: Klefki
|-damage|p2a: Klefki|35/100
|-damage|p2a: Klefki|12/100
|-hitcount|p2a: Klefki|2
|
|upkeep
|turn|3
|
|t:|1779588948
|switch|p2a: Manaphy|Manaphy|100/100
|move|p1a: Iron Crown|Tachyon Cutter|p2a: Manaphy
|-resisted|p2a: Manaphy
|-damage|p2a: Manaphy|92/100
|-resisted|p2a: Manaphy
|-damage|p2a: Manaphy|83/100
|-hitcount|p2a: Manaphy|2
|
|-heal|p2a: Manaphy|89/100|[from] item: Leftovers
|upkeep
|turn|4
|j| dalty dalty dalty
|
|t:|1779588957
|-end|p1a: Iron Crown|Quark Drive|[silent]
|switch|p1a: Alomomola|Alomomola, M|100/100
|move|p2a: Manaphy|Acid Armor|p2a: Manaphy
|-boost|p2a: Manaphy|def|2
|
|-heal|p2a: Manaphy|95/100|[from] item: Leftovers
|upkeep
|turn|5
|
|t:|1779588960
|switch|p1a: Iron Crown|Iron Crown|100/100
|move|p2a: Manaphy|Take Heart|p2a: Manaphy
|-boost|p2a: Manaphy|spa|1
|-boost|p2a: Manaphy|spd|1
|
|-heal|p2a: Manaphy|100/100|[from] item: Leftovers
|upkeep
|turn|6
|
|t:|1779588962
|move|p1a: Iron Crown|Psychic Noise|p2a: Manaphy
|-damage|p2a: Manaphy|83/100
|-start|p2a: Manaphy|move: Heal Block
|move|p2a: Manaphy|Take Heart|p2a: Manaphy
|-boost|p2a: Manaphy|spa|1
|-boost|p2a: Manaphy|spd|1
|
|upkeep
|turn|7
|
|t:|1779588966
|move|p1a: Iron Crown|Psychic Noise|p2a: Manaphy
|-damage|p2a: Manaphy|70/100
|move|p2a: Manaphy|Scald|p1a: Iron Crown
|-damage|p1a: Iron Crown|27/100
|
|-end|p2a: Manaphy|move: Heal Block
|upkeep
|turn|8
|
|t:|1779588972
|move|p1a: Iron Crown|Psychic Noise|p2a: Manaphy
|-damage|p2a: Manaphy|57/100
|-start|p2a: Manaphy|move: Heal Block
|move|p2a: Manaphy|Scald|p1a: Iron Crown
|-damage|p1a: Iron Crown|0 fnt
|faint|p1a: Iron Crown
|-end|p1a: Iron Crown|Quark Drive|[silent]
|
|-sideend|p2: Johnny tots|move: Light Screen
|upkeep
|
|t:|1779588979
|switch|p1a: Alomomola|Alomomola, M|100/100
|turn|9
|
|t:|1779588981
|move|p2a: Manaphy|Take Heart|p2a: Manaphy
|-boost|p2a: Manaphy|spa|1
|-boost|p2a: Manaphy|spd|1
|move|p1a: Alomomola|Flip Turn|p2a: Manaphy
|-resisted|p2a: Manaphy
|-damage|p2a: Manaphy|56/100
|
|t:|1779588995
|switch|p1a: Lokix|Lokix, M|100/100|[from] Flip Turn
|
|-end|p2a: Manaphy|move: Heal Block
|-sideend|p2: Johnny tots|Reflect
|upkeep
|turn|10
|
|t:|1779589012
|-terastallize|p1a: Lokix|Bug
|move|p1a: Lokix|Leech Life|p2a: Manaphy
|-damage|p2a: Manaphy|21/100
|move|p2a: Manaphy|Scald|p1a: Lokix
|-damage|p1a: Lokix|0 fnt
|faint|p1a: Lokix
|
|-heal|p2a: Manaphy|27/100|[from] item: Leftovers
|upkeep
|
|t:|1779589017
|switch|p1a: Dragapult|Dragapult, F|100/100
|turn|11
|
|t:|1779589024
|switch|p2a: Clefable|Clefable, F|100/100
|move|p1a: Dragapult|Dragon Darts|p2a: Clefable
|-immune|p2a: Clefable
|
|upkeep
|turn|12
|
|t:|1779589034
|switch|p1a: Great Tusk|Great Tusk|100/100
|switch|p2a: Rillaboom|Rillaboom, F|100/100
|-fieldstart|move: Grassy Terrain|[from] ability: Grassy Surge|[of] p2a: Rillaboom
|
|upkeep
|turn|13
|
|t:|1779589039
|switch|p2a: Ogerpon|Ogerpon-Wellspring, F|100/100
|move|p1a: Great Tusk|Ice Spinner|p2a: Ogerpon
|-damage|p2a: Ogerpon|66/100
|-fieldend|move: Grassy Terrain
|
|upkeep
|turn|14
|
|t:|1779589043
|switch|p2a: Rillaboom|Rillaboom, F|100/100
|-fieldstart|move: Grassy Terrain|[from] ability: Grassy Surge|[of] p2a: Rillaboom
|-end|p1a: Great Tusk|Protosynthesis|[silent]
|switch|p1a: Dragapult|Dragapult, F|100/100
|
|upkeep
|turn|15
|
|t:|1779589046
|switch|p2a: Clefable|Clefable, F|100/100
|move|p1a: Dragapult|U-turn|p2a: Clefable
|-resisted|p2a: Clefable
|-damage|p2a: Clefable|83/100
|
|t:|1779589051
|switch|p1a: Enamorus|Enamorus, F|100/100|[from] U-turn
|
|-heal|p2a: Clefable|89/100|[from] Grassy Terrain
|-heal|p2a: Clefable|95/100|[from] item: Leftovers
|upkeep
|turn|16
|
|t:|1779589054
|switch|p2a: Ogerpon|Ogerpon-Wellspring, F|66/100
|move|p1a: Enamorus|Moonblast|p2a: Ogerpon
|-damage|p2a: Ogerpon|3/100
|
|-heal|p2a: Ogerpon|9/100|[from] Grassy Terrain
|upkeep
|turn|17
|
|t:|1779589056
|move|p1a: Enamorus|Moonblast|p2a: Ogerpon
|-damage|p2a: Ogerpon|0 fnt
|faint|p2a: Ogerpon
|
|upkeep
|
|t:|1779589064
|switch|p2a: Klefki|Klefki, F|12/100
|turn|18
|
|t:|1779589067
|move|p2a: Klefki|Light Screen|p2a: Klefki
|-sidestart|p2: Johnny tots|move: Light Screen
|move|p1a: Enamorus|Moonblast|p2a: Klefki
|-resisted|p2a: Klefki
|-damage|p2a: Klefki|0 fnt
|faint|p2a: Klefki
|
|upkeep
|
|t:|1779589075
|switch|p2a: Clefable|Clefable, F|95/100
|turn|19
|
|t:|1779589079
|switch|p1a: Great Tusk|Great Tusk|100/100
|move|p2a: Clefable|Calm Mind|p2a: Clefable
|-boost|p2a: Clefable|spa|1
|-boost|p2a: Clefable|spd|1
|
|-heal|p2a: Clefable|100/100|[from] Grassy Terrain
|upkeep
|turn|20
|
|t:|1779589083
|move|p1a: Great Tusk|Ice Spinner|p2a: Clefable
|-damage|p2a: Clefable|74/100
|-fieldend|move: Grassy Terrain
|move|p2a: Clefable|Moonblast|p1a: Great Tusk
|-supereffective|p1a: Great Tusk
|-damage|p1a: Great Tusk|0 fnt
|faint|p1a: Great Tusk
|-end|p1a: Great Tusk|Protosynthesis|[silent]
|
|-heal|p2a: Clefable|80/100|[from] item: Leftovers
|upkeep
|
|t:|1779589087
|switch|p1a: Dragapult|Dragapult, F|100/100
|turn|21
|
|t:|1779589088
|move|p1a: Dragapult|Phantom Force||[still]
|-prepare|p1a: Dragapult|Phantom Force
|move|p2a: Clefable|Moonblast|p1a: Dragapult|[miss]
|-miss|p2a: Clefable|p1a: Dragapult
|
|-heal|p2a: Clefable|86/100|[from] item: Leftovers
|upkeep
|turn|22
|
|t:|1779589096
|switch|p2a: Maushold|Maushold-Four|100/100
|move|p1a: Dragapult|Phantom Force|p2a: Maushold|[from] lockedmove
|-immune|p2a: Maushold
|
|upkeep
|turn|23
|
|t:|1779589098
|switch|p1a: Alomomola|Alomomola, M|100/100
|move|p2a: Maushold|Tidy Up|p2a: Maushold
|-boost|p2a: Maushold|atk|1
|-boost|p2a: Maushold|spe|1
|
|upkeep
|turn|24
|
|t:|1779589101
|move|p2a: Maushold|Tidy Up|p2a: Maushold
|-boost|p2a: Maushold|atk|1
|-boost|p2a: Maushold|spe|1
|move|p1a: Alomomola|Flip Turn|p2a: Maushold
|-damage|p2a: Maushold|76/100
|
|t:|1779589106
|switch|p1a: Dragapult|Dragapult, F|100/100|[from] Flip Turn
|
|upkeep
|turn|25
|
|t:|1779589109
|move|p2a: Maushold|Bite|p1a: Dragapult
|-supereffective|p1a: Dragapult
|-damage|p1a: Dragapult|0 fnt
|faint|p1a: Dragapult
|
|-sideend|p2: Johnny tots|move: Light Screen
|upkeep
|-message|samohi0 forfeited.
|
|win|Johnny tots
|raw|samohi0's rating: 1768 &rarr; <strong>1745</strong><br />(-23 for losing)
|raw|Johnny tots's rating: 1712 &rarr; <strong>1735</strong><br />(+23 for winning)
|l|☆samohi0
|player|p1|
|l|☆Johnny tots
|player|p2|
|l| dalty dalty dalty
