|j|☆a2533540231
|j|☆lokixenjoyer738
|t:|1779563729
|gametype|singles
|player|p1|a2533540231|101|1317
|player|p2|lokixenjoyer738|2|1322
|gen|9
|tier|[Gen 9] OU
|rated|
|rule|HP Percentage Mod: HP is shown in percentages
|rule|Endless Battle Clause: Forcing endless battles is banned
|rule|Species Clause: Limit one of each Pokémon
|rule|OHKO Clause: OHKO moves are banned
|rule|Evasion Items Clause: Evasion items are banned
|rule|Evasion Moves Clause: Evasion moves are banned
|rule|Evasion Abilities Clause: Evasion abilities are banned
|rule|Sleep Moves Clause: Sleep-inducing moves are banned
|clearpoke
|poke|p1|Garganacl, M|
|poke|p1|Gliscor, F|
|poke|p1|Corviknight, M|
|poke|p1|Clodsire, F|
|poke|p1|Dondozo, M|
|poke|p1|Blissey, F|
|poke|p2|Kingambit, M|
|poke|p2|Kommo-o, F|
|poke|p2|Iron Valiant|
|poke|p2|Kyurem|
|poke|p2|Iron Treads|
|poke|p2|Iron Crown|
|teampreview
|inactive|Battle timer is ON: inactive players will automatically lose when time's up. (requested by lokixenjoyer738)
|inactive|lokixenjoyer738 has 120 seconds left.
|inactive|lokixenjoyer738 has 90 seconds left.
|inactive|lokixenjoyer738 has 60 seconds left.
|
|t:|1779563827
|teamsize|p1|6
|teamsize|p2|6
|start
|switch|p1a: Garganacl|Garganacl, M|100/100
|switch|p2a: Kommo-o|Kommo-o, F|100/100
|turn|1
|inactive|lokixenjoyer738 has 120 seconds left.
|
|t:|1779563846
|-terastallize|p1a: Garganacl|Fairy
|move|p2a: Kommo-o|Substitute|p2a: Kommo-o
|-start|p2a: Kommo-o|Substitute
|-damage|p2a: Kommo-o|75/100
|move|p1a: Garganacl|Salt Cure|p2a: Kommo-o
|-resisted|p2a: Kommo-o
|-activate|p2a: Kommo-o|move: Substitute|[damage]
|
|-heal|p2a: Kommo-o|82/100|[from] item: Leftovers
|upkeep
|turn|2
|
|t:|1779563854
|move|p2a: Kommo-o|Clangorous Soul|p2a: Kommo-o
|-boost|p2a: Kommo-o|atk|1
|-boost|p2a: Kommo-o|def|1
|-boost|p2a: Kommo-o|spa|1
|-boost|p2a: Kommo-o|spd|1
|-boost|p2a: Kommo-o|spe|1
|-damage|p2a: Kommo-o|49/100
|move|p1a: Garganacl|Salt Cure|p2a: Kommo-o
|-resisted|p2a: Kommo-o
|-activate|p2a: Kommo-o|move: Substitute|[damage]
|
|-heal|p2a: Kommo-o|55/100|[from] item: Leftovers
|upkeep
|turn|3
|
|t:|1779563867
|move|p2a: Kommo-o|Drain Punch|p1a: Garganacl
|-resisted|p1a: Garganacl
|-crit|p1a: Garganacl
|-damage|p1a: Garganacl|83/100
|-heal|p2a: Kommo-o|65/100|[from] drain|[of] p1a: Garganacl
|move|p1a: Garganacl|Salt Cure|p2a: Kommo-o
|-resisted|p2a: Kommo-o
|-activate|p2a: Kommo-o|move: Substitute|[damage]
|
|-heal|p2a: Kommo-o|71/100|[from] item: Leftovers
|-heal|p1a: Garganacl|90/100|[from] item: Leftovers
|upkeep
|turn|4
|
|t:|1779563880
|move|p2a: Kommo-o|Drain Punch|p1a: Garganacl
|-resisted|p1a: Garganacl
|-damage|p1a: Garganacl|78/100
|-heal|p2a: Kommo-o|78/100|[from] drain|[of] p1a: Garganacl
|move|p1a: Garganacl|Salt Cure|p2a: Kommo-o
|-resisted|p2a: Kommo-o
|-activate|p2a: Kommo-o|move: Substitute|[damage]
|
|-heal|p2a: Kommo-o|84/100|[from] item: Leftovers
|-heal|p1a: Garganacl|85/100|[from] item: Leftovers
|upkeep
|turn|5
|
|t:|1779563887
|move|p2a: Kommo-o|Drain Punch|p1a: Garganacl
|-resisted|p1a: Garganacl
|-crit|p1a: Garganacl
|-damage|p1a: Garganacl|65/100
|-heal|p2a: Kommo-o|95/100|[from] drain|[of] p1a: Garganacl
|move|p1a: Garganacl|Salt Cure|p2a: Kommo-o
|-resisted|p2a: Kommo-o
|-activate|p2a: Kommo-o|move: Substitute|[damage]
|
|-heal|p2a: Kommo-o|100/100|[from] item: Leftovers
|-heal|p1a: Garganacl|72/100|[from] item: Leftovers
|upkeep
|turn|6
|
|t:|1779563900
|move|p2a: Kommo-o|Clangorous Soul|p2a: Kommo-o
|-boost|p2a: Kommo-o|atk|1
|-boost|p2a: Kommo-o|def|1
|-boost|p2a: Kommo-o|spa|1
|-boost|p2a: Kommo-o|spd|1
|-boost|p2a: Kommo-o|spe|1
|-damage|p2a: Kommo-o|68/100
|move|p1a: Garganacl|Salt Cure|p2a: Kommo-o
|-resisted|p2a: Kommo-o
|-crit|p2a: Kommo-o
|-end|p2a: Kommo-o|Substitute
|
|-heal|p2a: Kommo-o|74/100|[from] item: Leftovers
|-heal|p1a: Garganacl|78/100|[from] item: Leftovers
|upkeep
|turn|7
|
|t:|1779563904
|move|p2a: Kommo-o|Substitute|p2a: Kommo-o
|-start|p2a: Kommo-o|Substitute
|-damage|p2a: Kommo-o|49/100
|move|p1a: Garganacl|Salt Cure|p2a: Kommo-o
|-resisted|p2a: Kommo-o
|-activate|p2a: Kommo-o|move: Substitute|[damage]
|
|-heal|p2a: Kommo-o|55/100|[from] item: Leftovers
|-heal|p1a: Garganacl|84/100|[from] item: Leftovers
|upkeep
|turn|8
|
|t:|1779563908
|switch|p1a: Dondozo|Dondozo, M|100/100
|move|p2a: Kommo-o|Clangorous Soul|p2a: Kommo-o
|-boost|p2a: Kommo-o|atk|1
|-boost|p2a: Kommo-o|def|1
|-boost|p2a: Kommo-o|spa|1
|-boost|p2a: Kommo-o|spd|1
|-boost|p2a: Kommo-o|spe|1
|-damage|p2a: Kommo-o|22/100
|
|-heal|p2a: Kommo-o|28/100|[from] item: Leftovers
|upkeep
|turn|9
|
|t:|1779563911
|move|p2a: Kommo-o|Drain Punch|p1a: Dondozo
|-damage|p1a: Dondozo|87/100
|-heal|p2a: Kommo-o|38/100|[from] drain|[of] p1a: Dondozo
|move|p1a: Dondozo|Curse|p1a: Dondozo
|-unboost|p1a: Dondozo|spe|1
|-boost|p1a: Dondozo|atk|1
|-boost|p1a: Dondozo|def|1
|
|-heal|p2a: Kommo-o|45/100|[from] item: Leftovers
|-heal|p1a: Dondozo|93/100|[from] item: Leftovers
|upkeep
|turn|10
|
|t:|1779563924
|switch|p2a: Iron Crown|Iron Crown|100/100
|-enditem|p2a: Iron Crown|Booster Energy
|-activate|p2a: Iron Crown|ability: Quark Drive|[fromitem]
|-start|p2a: Iron Crown|quarkdrivespe
|move|p1a: Dondozo|Curse|p1a: Dondozo
|-unboost|p1a: Dondozo|spe|1
|-boost|p1a: Dondozo|atk|1
|-boost|p1a: Dondozo|def|1
|
|-heal|p1a: Dondozo|99/100|[from] item: Leftovers
|upkeep
|turn|11
|
|t:|1779563936
|move|p2a: Iron Crown|Psychic Noise|p1a: Dondozo
|-damage|p1a: Dondozo|65/100
|-start|p1a: Dondozo|move: Heal Block
|move|p1a: Dondozo|Body Press|p2a: Iron Crown
|-damage|p2a: Iron Crown|47/100
|
|upkeep
|turn|12
|
|t:|1779563944
|move|p2a: Iron Crown|Psychic Noise|p1a: Dondozo
|-damage|p1a: Dondozo|32/100
|move|p1a: Dondozo|Body Press|p2a: Iron Crown
|-damage|p2a: Iron Crown|0 fnt
|faint|p2a: Iron Crown
|-end|p2a: Iron Crown|Quark Drive|[silent]
|
|-end|p1a: Dondozo|move: Heal Block
|upkeep
|
|t:|1779563951
|switch|p2a: Iron Valiant|Iron Valiant|100/100
|-enditem|p2a: Iron Valiant|Booster Energy
|-activate|p2a: Iron Valiant|ability: Quark Drive|[fromitem]
|-start|p2a: Iron Valiant|quarkdrivespe
|turn|13
|
|t:|1779563973
|switch|p1a: Blissey|Blissey, F|100/100
|move|p2a: Iron Valiant|Moonblast|p1a: Blissey
|-damage|p1a: Blissey|82/100
|
|-heal|p1a: Blissey|88/100|[from] item: Leftovers
|upkeep
|turn|14
|
|t:|1779563975
|move|p2a: Iron Valiant|Calm Mind|p2a: Iron Valiant
|-boost|p2a: Iron Valiant|spa|1
|-boost|p2a: Iron Valiant|spd|1
|move|p1a: Blissey|Calm Mind|p1a: Blissey
|-boost|p1a: Blissey|spa|1
|-boost|p1a: Blissey|spd|1
|
|-heal|p1a: Blissey|94/100|[from] item: Leftovers
|upkeep
|turn|15
|
|t:|1779563985
|-end|p2a: Iron Valiant|Quark Drive|[silent]
|switch|p2a: Iron Treads|Iron Treads|100/100
|-enditem|p2a: Iron Treads|Booster Energy
|-activate|p2a: Iron Treads|ability: Quark Drive|[fromitem]
|-start|p2a: Iron Treads|quarkdrivespe
|move|p1a: Blissey|Calm Mind|p1a: Blissey
|-boost|p1a: Blissey|spa|1
|-boost|p1a: Blissey|spd|1
|
|-heal|p1a: Blissey|99/100|[from] item: Leftovers
|upkeep
|turn|16
|
|t:|1779563993
|move|p2a: Iron Treads|Stealth Rock|p1a: Blissey
|-sidestart|p1: a2533540231|move: Stealth Rock
|move|p1a: Blissey|Stored Power|p2a: Iron Treads
|-resisted|p2a: Iron Treads
|-damage|p2a: Iron Treads|79/100
|
|-heal|p1a: Blissey|100/100|[from] item: Leftovers
|upkeep
|turn|17
|
|t:|1779563997
|switch|p1a: Corviknight|Corviknight, M|100/100
|-damage|p1a: Corviknight|88/100|[from] Stealth Rock
|-ability|p1a: Corviknight|Pressure
|move|p2a: Iron Treads|Endeavor|p1a: Corviknight
|-damage|p1a: Corviknight|75/100
|-damage|p2a: Iron Treads|62/100|[from] item: Rocky Helmet|[of] p1a: Corviknight
|
|upkeep
|turn|18
|
|t:|1779564015
|-end|p2a: Iron Treads|Quark Drive|[silent]
|switch|p2a: Kyurem|Kyurem|100/100
|-ability|p2a: Kyurem|Pressure
|move|p1a: Corviknight|Body Press|p2a: Kyurem
|-supereffective|p2a: Kyurem
|-damage|p2a: Kyurem|53/100
|
|upkeep
|turn|19
|
|t:|1779564020
|switch|p2a: Iron Valiant|Iron Valiant|100/100
|move|p1a: Corviknight|Defog|p2a: Iron Valiant
|-unboost|p2a: Iron Valiant|evasion|1
|-sideend|p1: a2533540231|Stealth Rock|[from] move: Defog|[of] p1a: Corviknight
|
|upkeep
|turn|20
|
|t:|1779564030
|-end|p2a: Iron Valiant|Quark Drive|[silent]
|switch|p2a: Iron Treads|Iron Treads|62/100
|switch|p1a: Blissey|Blissey, F|100/100
|
|upkeep
|turn|21
|
|t:|1779564034
|switch|p1a: Dondozo|Dondozo, M|32/100
|move|p2a: Iron Treads|Endeavor|p1a: Dondozo
|-immune|p1a: Dondozo
|
|-heal|p1a: Dondozo|38/100|[from] item: Leftovers
|upkeep
|turn|22
|
|t:|1779564045
|-end|p2a: Iron Treads|Quark Drive|[silent]
|switch|p2a: Iron Valiant|Iron Valiant|100/100
|move|p1a: Dondozo|Rest|p1a: Dondozo
|-status|p1a: Dondozo|slp|[from] move: Rest
|-heal|p1a: Dondozo|100/100 slp|[silent]
|
|upkeep
|turn|23
|
|t:|1779564048
|switch|p1a: Blissey|Blissey, F|100/100
|move|p2a: Iron Valiant|Calm Mind|p2a: Iron Valiant
|-boost|p2a: Iron Valiant|spa|1
|-boost|p2a: Iron Valiant|spd|1
|
|upkeep
|turn|24
|
|t:|1779564052
|move|p2a: Iron Valiant|Focus Blast|p1a: Blissey|[miss]
|-miss|p2a: Iron Valiant|p1a: Blissey
|move|p1a: Blissey|Calm Mind|p1a: Blissey
|-boost|p1a: Blissey|spa|1
|-boost|p1a: Blissey|spd|1
|
|upkeep
|turn|25
|-message|lokixenjoyer738 forfeited.
|
|win|a2533540231
|raw|a2533540231's rating: 1317 &rarr; <strong>1337</strong><br />(+20 for winning)
|raw|lokixenjoyer738's rating: 1322 &rarr; <strong>1302</strong><br />(-20 for losing)
