|j|☆micktown
|j|☆xinshouS?M
|t:|1779606195
|gametype|singles
|player|p1|micktown|265|1345
|player|p2|xinshouS?M|geeta|1470
|gen|9
|tier|[Gen 9] OU
|rated|
|rule|HP Percentage Mod: HP is shown in percentages
|rule|Endless Battle Clause: Forcing endless battles is banned
|rule|Species Clause: Limit one of each Pokémon
|rule|OHKO Clause: OHKO moves are banned
|rule|Evasion Items Clause: Evasion items are banned
|rule|Evasion Moves Clause: Evasion moves are banned
|rule|Evasion Abilities Clause: Evasion abilities are banned
|rule|Sleep Moves Clause: Sleep-inducing moves are banned
|clearpoke
|poke|p1|Hoopa|
|poke|p1|Cinderace, M|
|poke|p1|Mandibuzz, F|
|poke|p1|Kyurem|
|poke|p1|Ting-Lu|
|poke|p1|Manaphy|
|poke|p2|Regidrago|
|poke|p2|Talonflame, F|
|poke|p2|Suicune|
|poke|p2|Amoonguss, M|
|poke|p2|Gholdengo|
|poke|p2|Zamazenta-*|
|teampreview
|inactive|Battle timer is ON: inactive players will automatically lose when time's up. (requested by xinshouS?M)
|
|t:|1779606202
|teamsize|p1|6
|teamsize|p2|6
|start
|switch|p1a: Manaphy|Manaphy|100/100
|switch|p2a: Regidrago|Regidrago|100/100
|turn|1
|
|t:|1779606207
|-terastallize|p2a: Regidrago|Dragon
|move|p2a: Regidrago|Dragon Energy|p1a: Manaphy
|-damage|p1a: Manaphy|0 fnt
|faint|p1a: Manaphy
|
|upkeep
|
|t:|1779606215
|switch|p1a: Kyurem|Kyurem|100/100
|-ability|p1a: Kyurem|Pressure
|turn|2
|
|t:|1779606221
|switch|p2a: Gholdengo|Gholdengo|100/100
|move|p1a: Kyurem|Draco Meteor|p2a: Gholdengo
|-resisted|p2a: Gholdengo
|-damage|p2a: Gholdengo|64/100
|-unboost|p1a: Kyurem|spa|2
|
|upkeep
|turn|3
|
|t:|1779606234
|switch|p1a: Ting-Lu|Ting-Lu|100/100
|-ability|p1a: Ting-Lu|Vessel of Ruin
|move|p2a: Gholdengo|Trick|p1a: Ting-Lu
|-activate|p2a: Gholdengo|move: Trick|[of] p1a: Ting-Lu
|-item|p1a: Ting-Lu|Choice Scarf|[from] move: Trick
|-item|p2a: Gholdengo|Weakness Policy|[from] move: Trick
|
|upkeep
|turn|4
|
|t:|1779606242
|move|p2a: Gholdengo|Focus Blast|p1a: Ting-Lu
|-supereffective|p1a: Ting-Lu
|-damage|p1a: Ting-Lu|49/100
|move|p1a: Ting-Lu|Earthquake|p2a: Gholdengo
|-supereffective|p2a: Gholdengo
|-damage|p2a: Gholdengo|0 fnt
|faint|p2a: Gholdengo
|
|upkeep
|
|t:|1779606252
|switch|p2a: Regidrago|Regidrago, tera:Dragon|100/100
|turn|5
|
|t:|1779606264
|move|p2a: Regidrago|Dragon Energy|p1a: Ting-Lu
|-damage|p1a: Ting-Lu|0 fnt
|faint|p1a: Ting-Lu
|
|upkeep
|
|t:|1779606273
|switch|p1a: Kyurem|Kyurem|100/100
|-ability|p1a: Kyurem|Pressure
|turn|6
|
|t:|1779606277
|switch|p2a: Amoonguss|Amoonguss, M|100/100
|move|p1a: Kyurem|Draco Meteor|p2a: Amoonguss
|-damage|p2a: Amoonguss|59/100
|-unboost|p1a: Kyurem|spa|2
|
|upkeep
|turn|7
|
|t:|1779606285
|switch|p1a: Mandibuzz|Mandibuzz, F|100/100
|move|p2a: Amoonguss|Sludge Bomb|p1a: Mandibuzz
|-damage|p1a: Mandibuzz|75/100
|
|upkeep
|turn|8
|
|t:|1779606291
|switch|p2a: Talonflame|Talonflame, F|100/100
|move|p1a: Mandibuzz|Foul Play|p2a: Talonflame
|-damage|p2a: Talonflame|58/100
|
|upkeep
|turn|9
|
|t:|1779606304
|move|p2a: Talonflame|Will-O-Wisp|p1a: Mandibuzz
|-status|p1a: Mandibuzz|brn
|move|p1a: Mandibuzz|Roost|p1a: Mandibuzz
|-heal|p1a: Mandibuzz|100/100 brn
|-singleturn|p1a: Mandibuzz|move: Roost
|
|-damage|p1a: Mandibuzz|94/100 brn|[from] brn
|upkeep
|turn|10
|
|t:|1779606313
|move|p2a: Talonflame|U-turn|p1a: Mandibuzz
|-damage|p1a: Mandibuzz|86/100 brn
|-damage|p2a: Talonflame|41/100|[from] item: Rocky Helmet|[of] p1a: Mandibuzz
|
|t:|1779606316
|switch|p2a: Zamazenta|Zamazenta|100/100|[from] U-turn
|-ability|p2a: Zamazenta|Dauntless Shield|boost
|-boost|p2a: Zamazenta|def|1
|move|p1a: Mandibuzz|Toxic|p2a: Zamazenta|[miss]
|-miss|p1a: Mandibuzz|p2a: Zamazenta
|
|-damage|p1a: Mandibuzz|79/100 brn|[from] brn
|upkeep
|turn|11
|
|t:|1779606325
|switch|p1a: Hoopa|Hoopa|100/100
|move|p2a: Zamazenta|Substitute|p2a: Zamazenta
|-start|p2a: Zamazenta|Substitute
|-damage|p2a: Zamazenta|76/100
|
|-heal|p2a: Zamazenta|82/100|[from] item: Leftovers
|upkeep
|turn|12
|
|t:|1779606332
|move|p2a: Zamazenta|Crunch|p1a: Hoopa
|-supereffective|p1a: Hoopa
|-damage|p1a: Hoopa|0 fnt
|faint|p1a: Hoopa
|
|-heal|p2a: Zamazenta|88/100|[from] item: Leftovers
|upkeep
|-message|micktown forfeited.
|
|win|xinshouS?M
|raw|micktown's rating: 1345 &rarr; <strong>1332</strong><br />(-13 for losing)
|raw|xinshouS?M's rating: 1470 &rarr; <strong>1483</strong><br />(+13 for winning)
|l|☆micktown
|player|p1|
|l|☆xinshouS?M
|player|p2|
