|j|☆naraz
|j|☆claudechamp
|t:|1779705982
|gametype|singles
|player|p1|naraz|1|1191
|player|p2|claudechamp|169|1163
|gen|9
|tier|[Gen 9] OU
|rated|
|rule|HP Percentage Mod: HP is shown in percentages
|rule|Endless Battle Clause: Forcing endless battles is banned
|rule|Species Clause: Limit one of each Pokémon
|rule|OHKO Clause: OHKO moves are banned
|rule|Evasion Items Clause: Evasion items are banned
|rule|Evasion Moves Clause: Evasion moves are banned
|rule|Evasion Abilities Clause: Evasion abilities are banned
|rule|Sleep Moves Clause: Sleep-inducing moves are banned
|clearpoke
|poke|p1|Pawmot, F|
|poke|p1|Gholdengo|
|poke|p1|Samurott-Hisui, F|
|poke|p1|Mudsdale, F|
|poke|p1|Tauros-Paldea-Blaze, M|
|poke|p1|Ditto|
|poke|p2|Gliscor, M|
|poke|p2|Ogerpon, F|
|poke|p2|Walking Wake|
|poke|p2|Blissey, F|
|poke|p2|Corviknight, M|
|poke|p2|Pecharunt|
|teampreview
|c|☆claudechamp|hf
|inactive|Battle timer is ON: inactive players will automatically lose when time's up. (requested by naraz)
|inactive|claudechamp also wants the timer to be on.
|inactive|naraz has 120 seconds left.
|
|t:|1779706031
|teamsize|p1|6
|teamsize|p2|6
|start
|switch|p1a: Tauros|Tauros-Paldea-Blaze, M|100/100
|switch|p2a: Gliscor|Gliscor, M|100/100
|turn|1
|
|t:|1779706035
|move|p1a: Tauros|Will-O-Wisp|p2a: Gliscor|[miss]
|-miss|p1a: Tauros|p2a: Gliscor
|move|p2a: Gliscor|Spikes|p1a: Tauros
|-sidestart|p1: naraz|Spikes
|
|-status|p2a: Gliscor|tox|[from] item: Toxic Orb
|upkeep
|turn|2
|
|t:|1779706063
|switch|p1a: Mudsdale|Mudsdale, F|100/100
|-damage|p1a: Mudsdale|88/100|[from] Spikes
|move|p2a: Gliscor|Spikes|p1a: Mudsdale
|-sidestart|p1: naraz|Spikes
|
|-heal|p1a: Mudsdale|94/100|[from] item: Leftovers
|upkeep
|turn|3
|
|t:|1779706072
|move|p2a: Gliscor|Toxic|p1a: Mudsdale
|-status|p1a: Mudsdale|tox
|move|p1a: Mudsdale|Stealth Rock|p2a: Gliscor
|-sidestart|p2: claudechamp|move: Stealth Rock
|
|-heal|p1a: Mudsdale|100/100 tox|[from] item: Leftovers
|-damage|p1a: Mudsdale|94/100 tox|[from] psn
|upkeep
|turn|4
|
|t:|1779706077
|move|p2a: Gliscor|Spikes|p1a: Mudsdale
|-sidestart|p1: naraz|Spikes
|move|p1a: Mudsdale|Rest|p1a: Mudsdale
|-status|p1a: Mudsdale|slp|[from] move: Rest
|-heal|p1a: Mudsdale|100/100 slp|[silent]
|
|upkeep
|turn|5
|
|t:|1779706079
|switch|p2a: Walking Wake|Walking Wake|100/100
|cant|p1a: Mudsdale|slp
|
|upkeep
|turn|6
|
|t:|1779706089
|switch|p1a: Tauros|Tauros-Paldea-Blaze, M|100/100
|-damage|p1a: Tauros|76/100|[from] Spikes
|-terastallize|p2a: Walking Wake|Water
|move|p2a: Walking Wake|Surf|p1a: Tauros
|-supereffective|p1a: Tauros
|-damage|p1a: Tauros|0 fnt
|faint|p1a: Tauros
|
|upkeep
|
|t:|1779706105
|switch|p1a: Ditto|Ditto|100/100
|-damage|p1a: Ditto|75/100|[from] Spikes
|-transform|p1a: Ditto|p2a: Walking Wake|[from] ability: Imposter
|-start|p1a: Ditto|typechange|Water/Dragon|[silent]
|turn|7
|
|t:|1779706114
|move|p1a: Ditto|Substitute|p1a: Ditto
|-start|p1a: Ditto|Substitute
|-damage|p1a: Ditto|50/100
|move|p2a: Walking Wake|Draco Meteor|p1a: Ditto
|-supereffective|p1a: Ditto
|-end|p1a: Ditto|Substitute
|-unboost|p2a: Walking Wake|spa|2
|
|upkeep
|turn|8
|
|t:|1779706125
|-end|p1a: Ditto|Protosynthesis|[silent]
|switch|p1a: Samurott|Samurott-Hisui, F|100/100
|move|p2a: Walking Wake|Draco Meteor|p1a: Samurott
|-damage|p1a: Samurott|54/100
|-unboost|p2a: Walking Wake|spa|2
|
|upkeep
|turn|9
|
|t:|1779706136
|-end|p2a: Walking Wake|Protosynthesis|[silent]
|switch|p2a: Ogerpon|Ogerpon, F|100/100
|move|p1a: Samurott|Ceaseless Edge|p2a: Ogerpon
|-damage|p2a: Ogerpon|41/100
|-sidestart|p2: claudechamp|Spikes
|
|upkeep
|turn|10
|
|t:|1779706144
|move|p2a: Ogerpon|Ivy Cudgel|p1a: Samurott
|-supereffective|p1a: Samurott
|-damage|p1a: Samurott|0 fnt
|faint|p1a: Samurott
|
|upkeep
|
|t:|1779706153
|switch|p1a: Mudsdale|Mudsdale, F|100/100 slp
|-damage|p1a: Mudsdale|75/100 slp|[from] Spikes
|turn|11
|
|t:|1779706157
|switch|p1a: Pawmot|Pawmot, F|100/100
|-damage|p1a: Pawmot|76/100|[from] Spikes
|move|p2a: Ogerpon|Ivy Cudgel|p1a: Pawmot
|-damage|p1a: Pawmot|0 fnt
|faint|p1a: Pawmot
|
|upkeep
|
|t:|1779706168
|switch|p1a: Gholdengo|Gholdengo|100/100
|-item|p1a: Gholdengo|Air Balloon
|turn|12
|
|t:|1779706180
|move|p2a: Ogerpon|Knock Off|p1a: Gholdengo
|-supereffective|p1a: Gholdengo
|-damage|p1a: Gholdengo|33/100
|-enditem|p1a: Gholdengo|Air Balloon
|move|p1a: Gholdengo|Shadow Ball|p2a: Ogerpon
|-damage|p2a: Ogerpon|0 fnt
|faint|p2a: Ogerpon
|
|upkeep
|
|t:|1779706183
|switch|p2a: Walking Wake|Walking Wake, tera:Water|100/100
|turn|13
|
|t:|1779706189
|move|p2a: Walking Wake|Surf|p1a: Gholdengo
|-damage|p1a: Gholdengo|0 fnt
|faint|p1a: Gholdengo
|
|upkeep
|
|t:|1779706192
|switch|p1a: Ditto|Ditto|50/100
|-damage|p1a: Ditto|25/100|[from] Spikes
|-transform|p1a: Ditto|p2a: Walking Wake|[from] ability: Imposter
|turn|14
|
|t:|1779706195
|-terastallize|p1a: Ditto|Stellar
|move|p2a: Walking Wake|Surf|p1a: Ditto
|-resisted|p1a: Ditto
|-damage|p1a: Ditto|6/100
|move|p1a: Ditto|Draco Meteor|p2a: Walking Wake
|-damage|p2a: Walking Wake|0 fnt
|-unboost|p1a: Ditto|spa|2
|faint|p2a: Walking Wake
|-end|p2a: Walking Wake|Protosynthesis|[silent]
|
|upkeep
|
|t:|1779706198
|switch|p2a: Pecharunt|Pecharunt|100/100
|turn|15
|
|t:|1779706208
|move|p1a: Ditto|Knock Off|p2a: Pecharunt
|-supereffective|p2a: Pecharunt
|-damage|p2a: Pecharunt|81/100
|-enditem|p2a: Pecharunt|Heavy-Duty Boots|[from] move: Knock Off|[of] p1a: Ditto
|move|p2a: Pecharunt|Malignant Chain|p1a: Ditto
|-damage|p1a: Ditto|0 fnt
|faint|p1a: Ditto
|-end|p1a: Ditto|Protosynthesis|[silent]
|
|upkeep
|
|t:|1779706215
|switch|p1a: Mudsdale|Mudsdale, F|75/100 slp
|-damage|p1a: Mudsdale|50/100 slp|[from] Spikes
|turn|16
|
|t:|1779706218
|move|p2a: Pecharunt|Parting Shot|p1a: Mudsdale
|-unboost|p1a: Mudsdale|atk|1
|-unboost|p1a: Mudsdale|spa|1
|
|t:|1779706221
|switch|p2a: Blissey|Blissey, F|100/100|[from] Parting Shot
|cant|p1a: Mudsdale|slp
|
|-heal|p1a: Mudsdale|57/100 slp|[from] item: Leftovers
|upkeep
|turn|17
|
|t:|1779706233
|move|p2a: Blissey|Calm Mind|p2a: Blissey
|-boost|p2a: Blissey|spa|1
|-boost|p2a: Blissey|spd|1
|-curestatus|p1a: Mudsdale|slp|[msg]
|move|p1a: Mudsdale|Earthquake|p2a: Blissey
|-damage|p2a: Blissey|74/100
|
|-heal|p1a: Mudsdale|63/100|[from] item: Leftovers
|upkeep
|turn|18
|
|t:|1779706237
|move|p2a: Blissey|Seismic Toss|p1a: Mudsdale
|-damage|p1a: Mudsdale|38/100
|-ability|p1a: Mudsdale|Stamina|boost
|-boost|p1a: Mudsdale|def|1
|move|p1a: Mudsdale|Earthquake|p2a: Blissey
|-damage|p2a: Blissey|43/100
|
|-heal|p1a: Mudsdale|44/100|[from] item: Leftovers
|upkeep
|turn|19
|
|t:|1779706243
|move|p2a: Blissey|Soft-Boiled|p2a: Blissey
|-heal|p2a: Blissey|93/100
|move|p1a: Mudsdale|Stealth Rock||[still]
|-fail|p1a: Mudsdale
|
|-heal|p1a: Mudsdale|50/100|[from] item: Leftovers
|upkeep
|turn|20
|
|t:|1779706254
|move|p2a: Blissey|Seismic Toss|p1a: Mudsdale
|-damage|p1a: Mudsdale|26/100
|-ability|p1a: Mudsdale|Stamina|boost
|-boost|p1a: Mudsdale|def|1
|move|p1a: Mudsdale|Earthquake|p2a: Blissey
|-damage|p2a: Blissey|64/100
|
|-heal|p1a: Mudsdale|32/100|[from] item: Leftovers
|upkeep
|turn|21
|
|t:|1779706262
|move|p2a: Blissey|Soft-Boiled|p2a: Blissey
|-heal|p2a: Blissey|100/100
|move|p1a: Mudsdale|Earthquake|p2a: Blissey
|-damage|p2a: Blissey|71/100
|
|-heal|p1a: Mudsdale|38/100|[from] item: Leftovers
|upkeep
|turn|22
|
|t:|1779706268
|move|p2a: Blissey|Seismic Toss|p1a: Mudsdale
|-damage|p1a: Mudsdale|13/100
|-ability|p1a: Mudsdale|Stamina|boost
|-boost|p1a: Mudsdale|def|1
|move|p1a: Mudsdale|Rest|p1a: Mudsdale
|-status|p1a: Mudsdale|slp|[from] move: Rest
|-heal|p1a: Mudsdale|100/100 slp|[silent]
|
|upkeep
|turn|23
|
|t:|1779706274
|move|p2a: Blissey|Soft-Boiled|p2a: Blissey
|-heal|p2a: Blissey|100/100
|cant|p1a: Mudsdale|slp
|
|upkeep
|turn|24
|
|t:|1779706283
|switch|p2a: Pecharunt|Pecharunt|81/100
|-damage|p2a: Pecharunt|69/100|[from] Stealth Rock
|-damage|p2a: Pecharunt|56/100|[from] Spikes
|cant|p1a: Mudsdale|slp
|
|upkeep
|turn|25
|
|t:|1779706289
|move|p2a: Pecharunt|Recover|p2a: Pecharunt
|-heal|p2a: Pecharunt|100/100
|-curestatus|p1a: Mudsdale|slp|[msg]
|move|p1a: Mudsdale|Earthquake|p2a: Pecharunt
|-supereffective|p2a: Pecharunt
|-damage|p2a: Pecharunt|73/100
|
|upkeep
|turn|26
|
|t:|1779706299
|move|p2a: Pecharunt|Parting Shot|p1a: Mudsdale
|-unboost|p1a: Mudsdale|atk|1
|-unboost|p1a: Mudsdale|spa|1
|
|t:|1779706305
|switch|p2a: Blissey|Blissey, F|100/100|[from] Parting Shot
|move|p1a: Mudsdale|Earthquake|p2a: Blissey
|-damage|p2a: Blissey|77/100
|
|upkeep
|turn|27
|
|t:|1779706316
|move|p2a: Blissey|Calm Mind|p2a: Blissey
|-boost|p2a: Blissey|spa|1
|-boost|p2a: Blissey|spd|1
|move|p1a: Mudsdale|Body Press|p2a: Blissey
|-supereffective|p2a: Blissey
|-damage|p2a: Blissey|0 fnt
|faint|p2a: Blissey
|
|upkeep
|
|t:|1779706325
|switch|p2a: Pecharunt|Pecharunt|73/100
|-damage|p2a: Pecharunt|61/100|[from] Stealth Rock
|-damage|p2a: Pecharunt|48/100|[from] Spikes
|turn|28
|
|t:|1779706333
|move|p2a: Pecharunt|Recover|p2a: Pecharunt
|-heal|p2a: Pecharunt|98/100
|move|p1a: Mudsdale|Earthquake|p2a: Pecharunt
|-supereffective|p2a: Pecharunt
|-damage|p2a: Pecharunt|79/100
|
|upkeep
|turn|29
|
|t:|1779706339
|move|p2a: Pecharunt|Parting Shot|p1a: Mudsdale
|-unboost|p1a: Mudsdale|atk|1
|-unboost|p1a: Mudsdale|spa|1
|
|t:|1779706344
|switch|p2a: Gliscor|Gliscor, M|100/100 tox|[from] Parting Shot
|-damage|p2a: Gliscor|88/100 tox|[from] Stealth Rock
|move|p1a: Mudsdale|Stealth Rock||[still]
|-fail|p1a: Mudsdale
|
|-heal|p2a: Gliscor|100/100 tox|[from] ability: Poison Heal
|upkeep
|turn|30
|
|t:|1779706353
|switch|p2a: Pecharunt|Pecharunt|79/100
|-damage|p2a: Pecharunt|67/100|[from] Stealth Rock
|-damage|p2a: Pecharunt|54/100|[from] Spikes
|move|p1a: Mudsdale|Stealth Rock||[still]
|-fail|p1a: Mudsdale
|
|upkeep
|turn|31
|
|t:|1779706362
|move|p2a: Pecharunt|Recover|p2a: Pecharunt
|-heal|p2a: Pecharunt|100/100
|move|p1a: Mudsdale|Stealth Rock||[still]
|-fail|p1a: Mudsdale
|
|upkeep
|turn|32
|
|t:|1779706368
|move|p2a: Pecharunt|Parting Shot|p1a: Mudsdale
|-unboost|p1a: Mudsdale|atk|1
|-unboost|p1a: Mudsdale|spa|1
|
|t:|1779706373
|switch|p2a: Gliscor|Gliscor, M|100/100 tox|[from] Parting Shot
|-damage|p2a: Gliscor|88/100 tox|[from] Stealth Rock
|move|p1a: Mudsdale|Earthquake|p2a: Gliscor
|-immune|p2a: Gliscor
|
|-heal|p2a: Gliscor|100/100 tox|[from] ability: Poison Heal
|upkeep
|turn|33
|
|t:|1779706383
|move|p2a: Gliscor|Toxic|p1a: Mudsdale
|-status|p1a: Mudsdale|tox
|move|p1a: Mudsdale|Body Press|p2a: Gliscor
|-resisted|p2a: Gliscor
|-damage|p2a: Gliscor|77/100 tox
|
|-heal|p2a: Gliscor|89/100 tox|[from] ability: Poison Heal
|-damage|p1a: Mudsdale|94/100 tox|[from] psn
|upkeep
|turn|34
|-message|naraz forfeited.
|
|win|claudechamp
|raw|naraz's rating: 1191 &rarr; <strong>1167</strong><br />(-24 for losing)
|raw|claudechamp's rating: 1201 &rarr; <strong>1225</strong><br />(+24 for winning)
|c|☆claudechamp|gg
|l|☆naraz
|player|p1|
