|j|☆lostexits
|j|☆shakdaddy8
|t:|1779699038
|gametype|singles
|player|p1|lostexits|102|1311
|player|p2|shakdaddy8|unknownf|1349
|gen|9
|tier|[Gen 9] OU
|rated|
|rule|HP Percentage Mod: HP is shown in percentages
|rule|Endless Battle Clause: Forcing endless battles is banned
|rule|Species Clause: Limit one of each Pokémon
|rule|OHKO Clause: OHKO moves are banned
|rule|Evasion Items Clause: Evasion items are banned
|rule|Evasion Moves Clause: Evasion moves are banned
|rule|Evasion Abilities Clause: Evasion abilities are banned
|rule|Sleep Moves Clause: Sleep-inducing moves are banned
|clearpoke
|poke|p1|Arcanine-Hisui, M|
|poke|p1|Noivern, F|
|poke|p1|Zoroark-Hisui, M|
|poke|p1|Ogerpon-Wellspring, F|
|poke|p1|Jolteon, M|
|poke|p1|Corviknight, F|
|poke|p2|Ogerpon-Wellspring, F|
|poke|p2|Hatterene, F|
|poke|p2|Skeledirge, F|
|poke|p2|Zapdos|
|poke|p2|Kyurem|
|poke|p2|Iron Treads|
|teampreview
|inactive|Battle timer is ON: inactive players will automatically lose when time's up. (requested by shakdaddy8)
|
|t:|1779699044
|teamsize|p1|6
|teamsize|p2|6
|start
|switch|p1a: Jolteon|Jolteon, M|100/100
|switch|p2a: Iron Treads|Iron Treads|100/100
|turn|1
|
|t:|1779699052
|move|p1a: Jolteon|Shadow Ball|p2a: Iron Treads
|-damage|p2a: Iron Treads|45/100
|move|p2a: Iron Treads|Earthquake|p1a: Jolteon
|-supereffective|p1a: Jolteon
|-damage|p1a: Jolteon|0 fnt
|faint|p1a: Jolteon
|
|-heal|p2a: Iron Treads|51/100|[from] item: Leftovers
|upkeep
|
|t:|1779699063
|switch|p1a: Ogerpon|Ogerpon-Wellspring, F|100/100
|turn|2
|
|t:|1779699073
|-end|p2a: Iron Treads|Quark Drive|[silent]
|switch|p2a: Kyurem|Kyurem|100/100
|-ability|p2a: Kyurem|Pressure
|move|p1a: Ogerpon|Swords Dance|p1a: Ogerpon
|-boost|p1a: Ogerpon|atk|2
|
|upkeep
|turn|3
|
|t:|1779699080
|-terastallize|p1a: Ogerpon|Water
|detailschange|p1a: Ogerpon|Ogerpon-Wellspring-Tera, F, tera:Water
|-ability|p1a: Ogerpon|Embody Aspect (Wellspring)|boost
|-boost|p1a: Ogerpon|spd|1
|move|p1a: Ogerpon|Ivy Cudgel|p2a: Kyurem|[anim] Ivy Cudgel Water
|-resisted|p2a: Kyurem
|-damage|p2a: Kyurem|34/100
|move|p2a: Kyurem|Freeze-Dry|p1a: Ogerpon
|-supereffective|p1a: Ogerpon
|-damage|p1a: Ogerpon|36/100
|
|upkeep
|turn|4
|
|t:|1779699092
|move|p1a: Ogerpon|Horn Leech|p2a: Kyurem
|-resisted|p2a: Kyurem
|-damage|p2a: Kyurem|0 fnt
|-heal|p1a: Ogerpon|60/100|[from] drain|[of] p2a: Kyurem
|faint|p2a: Kyurem
|
|upkeep
|
|t:|1779699097
|switch|p2a: Ogerpon|Ogerpon-Wellspring, F|100/100
|turn|5
|
|t:|1779699100
|move|p2a: Ogerpon|Horn Leech|p1a: Ogerpon
|-supereffective|p1a: Ogerpon
|-damage|p1a: Ogerpon|0 fnt
|faint|p1a: Ogerpon
|detailschange|p1: Ogerpon|Ogerpon-Wellspring, F|[silent]
|
|upkeep
|
|t:|1779699103
|switch|p1a: Arcanine|Arcanine-Hisui, M|100/100
|turn|6
|
|t:|1779699106
|move|p2a: Ogerpon|Ivy Cudgel|p1a: Arcanine|[anim] Ivy Cudgel Water
|-enditem|p1a: Arcanine|Focus Sash
|-damage|p1a: Arcanine|1/100
|replace|p1a: Zoroark|Zoroark-Hisui, M
|-end|p1a: Zoroark|Illusion
|move|p1a: Zoroark|Nasty Plot|p1a: Zoroark
|-boost|p1a: Zoroark|spa|2
|
|upkeep
|turn|7
|
|t:|1779699112
|-terastallize|p2a: Ogerpon|Water
|detailschange|p2a: Ogerpon|Ogerpon-Wellspring-Tera, F, tera:Water
|-ability|p2a: Ogerpon|Embody Aspect (Wellspring)|boost
|-boost|p2a: Ogerpon|spd|1
|move|p1a: Zoroark|Hyper Voice|p2a: Ogerpon
|-damage|p2a: Ogerpon|31/100
|move|p2a: Ogerpon|Knock Off|p1a: Zoroark
|-supereffective|p1a: Zoroark
|-damage|p1a: Zoroark|0 fnt
|faint|p1a: Zoroark
|
|upkeep
|
|t:|1779699122
|switch|p1a: Noivern|Noivern, F|100/100
|-item|p2a: Ogerpon|Wellspring Mask|[from] ability: Frisk|[of] p1a: Noivern
|turn|8
|
|t:|1779699125
|move|p1a: Noivern|Boomburst|p2a: Ogerpon
|-damage|p2a: Ogerpon|0 fnt
|faint|p2a: Ogerpon
|detailschange|p2: Ogerpon|Ogerpon-Wellspring, F|[silent]
|
|upkeep
|
|t:|1779699142
|switch|p2a: Zapdos|Zapdos|100/100
|turn|9
|
|t:|1779699144
|move|p1a: Noivern|Draco Meteor|p2a: Zapdos
|-damage|p2a: Zapdos|51/100
|-unboost|p1a: Noivern|spa|2
|move|p2a: Zapdos|Thunder Wave|p1a: Noivern|[miss]
|-miss|p2a: Zapdos|p1a: Noivern
|
|upkeep
|turn|10
|
|t:|1779699148
|switch|p1a: Arcanine|Arcanine-Hisui, M|100/100
|-ability|p1a: Arcanine|Intimidate|boost
|-unboost|p2a: Zapdos|atk|1
|move|p2a: Zapdos|Thunder Wave|p1a: Arcanine
|-status|p1a: Arcanine|par
|
|upkeep
|turn|11
|
|t:|1779699168
|switch|p2a: Iron Treads|Iron Treads|51/100
|move|p1a: Arcanine|Flare Blitz|p2a: Iron Treads
|-supereffective|p2a: Iron Treads
|-damage|p2a: Iron Treads|0 fnt
|faint|p2a: Iron Treads
|-end|p2a: Iron Treads|Quark Drive|[silent]
|-damage|p1a: Arcanine|84/100 par|[from] Recoil
|-damage|p1a: Arcanine|75/100 par|[from] item: Life Orb
|
|upkeep
|
|t:|1779699173
|switch|p2a: Skeledirge|Skeledirge, F|100/100
|turn|12
|
|t:|1779699175
|move|p2a: Skeledirge|Hex|p1a: Arcanine
|-damage|p1a: Arcanine|12/100 par
|cant|p1a: Arcanine|par
|
|upkeep
|turn|13
|
|t:|1779699180
|move|p2a: Skeledirge|Hex|p1a: Arcanine
|-damage|p1a: Arcanine|0 fnt
|faint|p1a: Arcanine
|
|upkeep
|
|t:|1779699182
|switch|p1a: Noivern|Noivern, F|100/100
|-item|p2a: Skeledirge|Heavy-Duty Boots|[from] ability: Frisk|[of] p1a: Noivern
|turn|14
|
|t:|1779699195
|move|p1a: Noivern|Psychic Noise|p2a: Skeledirge
|-damage|p2a: Skeledirge|86/100
|-start|p2a: Skeledirge|move: Heal Block
|move|p2a: Skeledirge|Will-O-Wisp|p1a: Noivern
|-status|p1a: Noivern|brn
|
|-damage|p1a: Noivern|94/100 brn|[from] brn
|upkeep
|turn|15
|
|t:|1779699206
|move|p1a: Noivern|Psychic Noise|p2a: Skeledirge
|-damage|p2a: Skeledirge|69/100
|move|p2a: Skeledirge|Hex|p1a: Noivern
|-crit|p1a: Noivern
|-damage|p1a: Noivern|4/100 brn
|-enditem|p1a: Noivern|Salac Berry|[eat]
|-boost|p1a: Noivern|spe|1|[from] item: Salac Berry
|
|-damage|p1a: Noivern|0 fnt|[from] brn
|faint|p1a: Noivern
|-end|p2a: Skeledirge|move: Heal Block
|upkeep
|-message|lostexits forfeited.
|
|win|shakdaddy8
|raw|lostexits's rating: 1311 &rarr; <strong>1293</strong><br />(-18 for losing)
|raw|shakdaddy8's rating: 1349 &rarr; <strong>1367</strong><br />(+18 for winning)
|l|☆lostexits
|player|p1|
