|j|☆nose jeje salu2
|j|☆imnotgayfr1000
|t:|1779702170
|gametype|singles
|player|p1|nose jeje salu2|clair|1320
|player|p2|imnotgayfr1000|blue|1293
|gen|9
|tier|[Gen 9] OU
|rated|
|rule|HP Percentage Mod: HP is shown in percentages
|rule|Endless Battle Clause: Forcing endless battles is banned
|rule|Species Clause: Limit one of each Pokémon
|rule|OHKO Clause: OHKO moves are banned
|rule|Evasion Items Clause: Evasion items are banned
|rule|Evasion Moves Clause: Evasion moves are banned
|rule|Evasion Abilities Clause: Evasion abilities are banned
|rule|Sleep Moves Clause: Sleep-inducing moves are banned
|clearpoke
|poke|p1|Scizor, F|
|poke|p1|Raging Bolt|
|poke|p1|Iron Moth|
|poke|p1|Ting-Lu|
|poke|p1|Meowscarada, F|
|poke|p1|Fezandipiti, M|
|poke|p2|Pecharunt|
|poke|p2|Maushold-Four|
|poke|p2|Ogerpon-Wellspring, F|
|poke|p2|Cinccino, M|
|poke|p2|Raging Bolt|
|poke|p2|Kingambit, M|
|teampreview
|
|t:|1779702179
|teamsize|p1|6
|teamsize|p2|6
|start
|switch|p1a: Meowscarada|Meowscarada, F, shiny|100/100
|switch|p2a: mice|Maushold-Four|100/100
|turn|1
|
|t:|1779702189
|move|p1a: Meowscarada|U-turn|p2a: mice
|-start|p1a: Meowscarada|typechange|Bug|[from] ability: Protean
|-damage|p2a: mice|47/100
|
|t:|1779702197
|switch|p1a: Scizor|Scizor, F, shiny|100/100|[from] U-turn
|move|p2a: mice|Population Bomb|p1a: Scizor
|-resisted|p1a: Scizor
|-damage|p1a: Scizor|95/100
|-resisted|p1a: Scizor
|-damage|p1a: Scizor|90/100
|-resisted|p1a: Scizor
|-damage|p1a: Scizor|84/100
|-resisted|p1a: Scizor
|-damage|p1a: Scizor|79/100
|-resisted|p1a: Scizor
|-damage|p1a: Scizor|73/100
|-resisted|p1a: Scizor
|-damage|p1a: Scizor|68/100
|-resisted|p1a: Scizor
|-damage|p1a: Scizor|63/100
|-resisted|p1a: Scizor
|-damage|p1a: Scizor|57/100
|-resisted|p1a: Scizor
|-damage|p1a: Scizor|52/100
|-resisted|p1a: Scizor
|-damage|p1a: Scizor|47/100
|-hitcount|p1a: Scizor|10
|
|upkeep
|turn|2
|
|t:|1779702241
|move|p1a: Scizor|Bullet Punch|p2a: mice
|-damage|p2a: mice|0 fnt
|faint|p2a: mice
|
|upkeep
|
|t:|1779702244
|switch|p2a: stupid bich|Ogerpon-Wellspring, F|100/100
|turn|3
|
|t:|1779702255
|switch|p1a: Meowscarada|Meowscarada, F, shiny|100/100
|move|p2a: stupid bich|Ivy Cudgel|p1a: Meowscarada|[anim] Ivy Cudgel Water
|-resisted|p1a: Meowscarada
|-damage|p1a: Meowscarada|53/100
|
|upkeep
|turn|4
|
|t:|1779702264
|switch|p2a: poison|Pecharunt|100/100
|move|p1a: Meowscarada|U-turn|p2a: poison
|-start|p1a: Meowscarada|typechange|Bug|[from] ability: Protean
|-resisted|p2a: poison
|-damage|p2a: poison|95/100
|
|t:|1779702273
|switch|p1a: Ting-Lu|Ting-Lu|100/100|[from] U-turn
|-ability|p1a: Ting-Lu|Vessel of Ruin
|
|-heal|p2a: poison|100/100|[from] item: Leftovers
|upkeep
|turn|5
|
|t:|1779702290
|switch|p2a: stupid bich|Ogerpon-Wellspring, F|100/100
|-terastallize|p1a: Ting-Lu|Poison
|move|p1a: Ting-Lu|Stealth Rock|p2a: stupid bich
|-sidestart|p2: imnotgayfr1000|move: Stealth Rock
|
|upkeep
|turn|6
|
|t:|1779702301
|switch|p1a: Raging Bolt|Raging Bolt|100/100
|move|p2a: stupid bich|Stomping Tantrum|p1a: Raging Bolt
|-supereffective|p1a: Raging Bolt
|-damage|p1a: Raging Bolt|49/100
|
|-heal|p1a: Raging Bolt|56/100|[from] item: Leftovers
|upkeep
|turn|7
|
|t:|1779702312
|-end|p1a: Raging Bolt|Protosynthesis|[silent]
|switch|p1a: Meowscarada|Meowscarada, F, shiny|53/100
|move|p2a: stupid bich|Stomping Tantrum|p1a: Meowscarada
|-resisted|p1a: Meowscarada
|-damage|p1a: Meowscarada|30/100
|
|upkeep
|turn|8
|
|t:|1779702319
|move|p1a: Meowscarada|U-turn|p2a: stupid bich
|-start|p1a: Meowscarada|typechange|Bug|[from] ability: Protean
|-supereffective|p2a: stupid bich
|-damage|p2a: stupid bich|22/100
|
|t:|1779702324
|switch|p1a: Scizor|Scizor, F, shiny|47/100|[from] U-turn
|move|p2a: stupid bich|Ivy Cudgel|p1a: Scizor|[anim] Ivy Cudgel Water
|-damage|p1a: Scizor|0 fnt
|faint|p1a: Scizor
|
|upkeep
|
|t:|1779702337
|switch|p1a: Meowscarada|Meowscarada, F, shiny|30/100
|turn|9
|
|t:|1779702350
|switch|p2a: hamster|Cinccino, M, shiny|100/100
|-damage|p2a: hamster|88/100|[from] Stealth Rock
|move|p1a: Meowscarada|Knock Off|p2a: hamster
|-start|p1a: Meowscarada|typechange|Dark|[from] ability: Protean
|-damage|p2a: hamster|10/100
|-enditem|p2a: hamster|Focus Sash|[from] move: Knock Off|[of] p1a: Meowscarada
|
|upkeep
|turn|10
|
|t:|1779702364
|move|p1a: Meowscarada|Knock Off|p2a: hamster
|-damage|p2a: hamster|0 fnt
|faint|p2a: hamster
|
|upkeep
|
|t:|1779702375
|switch|p2a: asholegiraffe|Raging Bolt|100/100
|-damage|p2a: asholegiraffe|88/100|[from] Stealth Rock
|-enditem|p2a: asholegiraffe|Booster Energy
|-activate|p2a: asholegiraffe|ability: Protosynthesis|[fromitem]
|-start|p2a: asholegiraffe|protosynthesisspa
|turn|11
|
|t:|1779702384
|switch|p1a: Ting-Lu|Ting-Lu, tera:Poison|100/100
|-ability|p1a: Ting-Lu|Vessel of Ruin
|move|p2a: asholegiraffe|Dragon Pulse|p1a: Ting-Lu
|-damage|p1a: Ting-Lu|64/100
|
|-heal|p1a: Ting-Lu|70/100|[from] item: Leftovers
|upkeep
|turn|12
|
|t:|1779702393
|move|p2a: asholegiraffe|Thunderbolt|p1a: Ting-Lu
|-damage|p1a: Ting-Lu|26/100
|move|p1a: Ting-Lu|Earthquake|p2a: asholegiraffe
|-supereffective|p2a: asholegiraffe
|-damage|p2a: asholegiraffe|26/100
|
|-heal|p1a: Ting-Lu|32/100|[from] item: Leftovers
|upkeep
|turn|13
|
|t:|1779702404
|switch|p1a: Fezandipiti|Fezandipiti, M|100/100
|move|p2a: asholegiraffe|Thunderbolt|p1a: Fezandipiti
|-damage|p1a: Fezandipiti|63/100
|-status|p1a: Fezandipiti|par
|
|-heal|p1a: Fezandipiti|69/100 par|[from] item: Leftovers
|upkeep
|turn|14
|
|t:|1779702412
|move|p2a: asholegiraffe|Thunderbolt|p1a: Fezandipiti
|-damage|p1a: Fezandipiti|27/100 par
|move|p1a: Fezandipiti|Play Rough|p2a: asholegiraffe|[miss]
|-miss|p1a: Fezandipiti|p2a: asholegiraffe
|
|-heal|p1a: Fezandipiti|33/100 par|[from] item: Leftovers
|upkeep
|turn|15
|
|t:|1779702420
|move|p2a: asholegiraffe|Thunderbolt|p1a: Fezandipiti
|-damage|p1a: Fezandipiti|0 fnt
|faint|p1a: Fezandipiti
|
|upkeep
|
|t:|1779702423
|switch|p1a: Meowscarada|Meowscarada, F, shiny|30/100
|turn|16
|
|t:|1779702427
|move|p2a: asholegiraffe|Thunderclap|p1a: Meowscarada
|-resisted|p1a: Meowscarada
|-crit|p1a: Meowscarada
|-damage|p1a: Meowscarada|0 fnt
|faint|p1a: Meowscarada
|
|upkeep
|
|t:|1779702431
|switch|p1a: Iron Moth|Iron Moth|100/100
|-enditem|p1a: Iron Moth|Booster Energy
|-activate|p1a: Iron Moth|ability: Quark Drive|[fromitem]
|-start|p1a: Iron Moth|quarkdrivespe
|turn|17
|
|t:|1779702437
|move|p1a: Iron Moth|Substitute|p1a: Iron Moth
|-start|p1a: Iron Moth|Substitute
|-damage|p1a: Iron Moth|76/100
|move|p2a: asholegiraffe|Thunderbolt|p1a: Iron Moth
|-end|p1a: Iron Moth|Substitute
|
|upkeep
|turn|18
|
|t:|1779702443
|move|p1a: Iron Moth|Substitute|p1a: Iron Moth
|-start|p1a: Iron Moth|Substitute
|-damage|p1a: Iron Moth|51/100
|move|p2a: asholegiraffe|Thunderbolt|p1a: Iron Moth
|-end|p1a: Iron Moth|Substitute
|
|upkeep
|turn|19
|
|t:|1779702448
|move|p1a: Iron Moth|Substitute|p1a: Iron Moth
|-start|p1a: Iron Moth|Substitute
|-damage|p1a: Iron Moth|26/100
|move|p2a: asholegiraffe|Thunderbolt|p1a: Iron Moth
|-end|p1a: Iron Moth|Substitute
|
|upkeep
|turn|20
|
|t:|1779702454
|move|p1a: Iron Moth|Sludge Wave|p2a: asholegiraffe
|-damage|p2a: asholegiraffe|0 fnt
|faint|p2a: asholegiraffe
|-end|p2a: asholegiraffe|Protosynthesis|[silent]
|
|upkeep
|
|t:|1779702459
|switch|p2a: stupid bich|Ogerpon-Wellspring, F|22/100
|-damage|p2a: stupid bich|10/100|[from] Stealth Rock
|turn|21
|
|t:|1779702465
|move|p1a: Iron Moth|Fiery Dance|p2a: stupid bich
|-damage|p2a: stupid bich|0 fnt
|faint|p2a: stupid bich
|
|upkeep
|
|t:|1779702470
|switch|p2a: poison|Pecharunt|100/100
|-damage|p2a: poison|88/100|[from] Stealth Rock
|turn|22
|
|t:|1779702476
|-end|p1a: Iron Moth|Quark Drive|[silent]
|switch|p1a: Ting-Lu|Ting-Lu, tera:Poison|32/100
|-ability|p1a: Ting-Lu|Vessel of Ruin
|move|p2a: poison|Hex|p1a: Ting-Lu
|-damage|p1a: Ting-Lu|15/100
|
|-heal|p2a: poison|94/100|[from] item: Leftovers
|-heal|p1a: Ting-Lu|22/100|[from] item: Leftovers
|upkeep
|turn|23
|
|t:|1779702486
|move|p2a: poison|Hex|p1a: Ting-Lu
|-damage|p1a: Ting-Lu|4/100
|move|p1a: Ting-Lu|Earthquake|p2a: poison
|-supereffective|p2a: poison
|-damage|p2a: poison|37/100
|
|-heal|p2a: poison|43/100|[from] item: Leftovers
|-heal|p1a: Ting-Lu|11/100|[from] item: Leftovers
|upkeep
|turn|24
|
|t:|1779702493
|move|p2a: poison|Hex|p1a: Ting-Lu
|-damage|p1a: Ting-Lu|0 fnt
|faint|p1a: Ting-Lu
|
|-heal|p2a: poison|49/100|[from] item: Leftovers
|upkeep
|
|t:|1779702498
|switch|p1a: Iron Moth|Iron Moth|26/100
|turn|25
|
|t:|1779702502
|move|p1a: Iron Moth|Fiery Dance|p2a: poison
|-damage|p2a: poison|4/100
|-boost|p1a: Iron Moth|spa|1
|move|p2a: poison|Hex|p1a: Iron Moth
|-damage|p1a: Iron Moth|0 fnt
|faint|p1a: Iron Moth
|-end|p1a: Iron Moth|Quark Drive|[silent]
|
|-heal|p2a: poison|10/100|[from] item: Leftovers
|upkeep
|
|t:|1779702504
|switch|p1a: Raging Bolt|Raging Bolt|56/100
|turn|26
|
|t:|1779702512
|move|p2a: poison|Recover|p2a: poison
|-heal|p2a: poison|60/100
|move|p1a: Raging Bolt|Thunderbolt|p2a: poison
|-damage|p2a: poison|0 fnt
|faint|p2a: poison
|
|-heal|p1a: Raging Bolt|62/100|[from] item: Leftovers
|upkeep
|
|t:|1779702519
|switch|p2a: RealKing|Kingambit, M, shiny|100/100
|-damage|p2a: RealKing|94/100|[from] Stealth Rock
|-activate|p2a: RealKing|ability: Supreme Overlord
|-start|p2a: RealKing|fallen5|[silent]
|turn|27
|
|t:|1779702526
|-terastallize|p2a: RealKing|Fairy
|move|p1a: Raging Bolt|Thunderclap|p2a: RealKing
|-damage|p2a: RealKing|57/100
|move|p2a: RealKing|Poison Jab|p1a: Raging Bolt
|-damage|p1a: Raging Bolt|22/100
|
|-heal|p1a: Raging Bolt|28/100|[from] item: Leftovers
|upkeep
|turn|28
|
|t:|1779702533
|move|p1a: Raging Bolt|Thunderbolt|p2a: RealKing
|-damage|p2a: RealKing|6/100
|-enditem|p2a: RealKing|Sitrus Berry|[eat]
|-heal|p2a: RealKing|31/100|[from] item: Sitrus Berry
|move|p2a: RealKing|Poison Jab|p1a: Raging Bolt
|-damage|p1a: Raging Bolt|0 fnt
|faint|p1a: Raging Bolt
|-end|p1a: Raging Bolt|Protosynthesis|[silent]
|
|win|imnotgayfr1000
|raw|nose jeje salu2's rating: 1320 &rarr; <strong>1298</strong><br />(-22 for losing)
|raw|imnotgayfr1000's rating: 1293 &rarr; <strong>1320</strong><br />(+27 for winning)
|l|☆nose jeje salu2
|player|p1|
