|j|☆Lryuzaki13
|j|☆Windy189
|t:|1779596240
|gametype|singles
|player|p1|Lryuzaki13|101|1332
|player|p2|Windy189|170|1314
|gen|9
|tier|[Gen 9] OU
|rated|
|rule|HP Percentage Mod: HP is shown in percentages
|rule|Endless Battle Clause: Forcing endless battles is banned
|rule|Species Clause: Limit one of each Pokémon
|rule|OHKO Clause: OHKO moves are banned
|rule|Evasion Items Clause: Evasion items are banned
|rule|Evasion Moves Clause: Evasion moves are banned
|rule|Evasion Abilities Clause: Evasion abilities are banned
|rule|Sleep Moves Clause: Sleep-inducing moves are banned
|clearpoke
|poke|p1|Samurott-Hisui, M|
|poke|p1|Gholdengo|
|poke|p1|Great Tusk|
|poke|p1|Kingambit, F|
|poke|p1|Corviknight, M|
|poke|p1|Iron Valiant|
|poke|p2|Blaziken, M|
|poke|p2|Darkrai|
|poke|p2|Dragonite, M|
|poke|p2|Skeledirge, M|
|poke|p2|Pawmot, F|
|poke|p2|Great Tusk|
|teampreview
|inactive|Battle timer is ON: inactive players will automatically lose when time's up. (requested by Windy189)
|
|t:|1779596245
|teamsize|p1|6
|teamsize|p2|6
|start
|switch|p1a: Rook|Samurott-Hisui, M|100/100
|switch|p2a: Skeledirge|Skeledirge, M|100/100
|turn|1
|
|t:|1779596252
|move|p1a: Rook|Knock Off|p2a: Skeledirge
|-supereffective|p2a: Skeledirge
|-damage|p2a: Skeledirge|46/100
|-enditem|p2a: Skeledirge|Leftovers|[from] move: Knock Off|[of] p1a: Rook
|move|p2a: Skeledirge|Will-O-Wisp|p1a: Rook
|-status|p1a: Rook|brn
|
|-damage|p1a: Rook|94/100 brn|[from] brn
|upkeep
|turn|2
|
|t:|1779596267
|switch|p2a: Great Tusk|Great Tusk|100/100
|-enditem|p2a: Great Tusk|Booster Energy
|-activate|p2a: Great Tusk|ability: Protosynthesis|[fromitem]
|-start|p2a: Great Tusk|protosynthesisatk
|move|p1a: Rook|Ceaseless Edge|p2a: Great Tusk
|-resisted|p2a: Great Tusk
|-damage|p2a: Great Tusk|93/100
|-sidestart|p2: Windy189|Spikes
|
|-damage|p1a: Rook|88/100 brn|[from] brn
|upkeep
|turn|3
|
|t:|1779596277
|move|p2a: Great Tusk|Rapid Spin|p1a: Rook
|-damage|p1a: Rook|61/100 brn
|-boost|p2a: Great Tusk|spe|1
|-sideend|p2: Windy189|Spikes|[from] move: Rapid Spin|[of] p2a: Great Tusk
|move|p1a: Rook|Knock Off|p2a: Great Tusk
|-resisted|p2a: Great Tusk
|-damage|p2a: Great Tusk|88/100
|
|-damage|p1a: Rook|54/100 brn|[from] brn
|upkeep
|turn|4
|
|t:|1779596286
|move|p2a: Great Tusk|Headlong Rush|p1a: Rook
|-damage|p1a: Rook|0 fnt
|-unboost|p2a: Great Tusk|def|1
|-unboost|p2a: Great Tusk|spd|1
|faint|p1a: Rook
|
|upkeep
|
|t:|1779596289
|switch|p1a: Corviknight|Corviknight, M|100/100
|-ability|p1a: Corviknight|Pressure
|turn|5
|
|t:|1779596295
|move|p2a: Great Tusk|Thunder Fang|p1a: Corviknight
|-supereffective|p1a: Corviknight
|-damage|p1a: Corviknight|62/100
|move|p1a: Corviknight|Iron Defense|p1a: Corviknight
|-boost|p1a: Corviknight|def|2
|
|-heal|p1a: Corviknight|68/100|[from] item: Leftovers
|upkeep
|turn|6
|
|t:|1779596311
|move|p2a: Great Tusk|Thunder Fang|p1a: Corviknight
|-supereffective|p1a: Corviknight
|-damage|p1a: Corviknight|50/100
|move|p1a: Corviknight|Brave Bird|p2a: Great Tusk
|-supereffective|p2a: Great Tusk
|-damage|p2a: Great Tusk|6/100
|-damage|p1a: Corviknight|25/100|[from] Recoil
|
|-heal|p1a: Corviknight|31/100|[from] item: Leftovers
|upkeep
|turn|7
|
|t:|1779596323
|move|p2a: Great Tusk|Thunder Fang|p1a: Corviknight
|-supereffective|p1a: Corviknight
|-damage|p1a: Corviknight|15/100
|move|p1a: Corviknight|Roost|p1a: Corviknight
|-heal|p1a: Corviknight|65/100
|-singleturn|p1a: Corviknight|move: Roost
|
|-heal|p1a: Corviknight|71/100|[from] item: Leftovers
|upkeep
|turn|8
|
|t:|1779596333
|-end|p2a: Great Tusk|Protosynthesis|[silent]
|switch|p2a: Skeledirge|Skeledirge, M|46/100
|move|p1a: Corviknight|Iron Defense|p1a: Corviknight
|-boost|p1a: Corviknight|def|2
|
|-heal|p1a: Corviknight|77/100|[from] item: Leftovers
|upkeep
|turn|9
|
|t:|1779596340
|-terastallize|p1a: Corviknight|Flying
|move|p1a: Corviknight|Brave Bird|p2a: Skeledirge
|-damage|p2a: Skeledirge|16/100
|-damage|p1a: Corviknight|67/100|[from] Recoil
|move|p2a: Skeledirge|Slack Off|p2a: Skeledirge
|-heal|p2a: Skeledirge|66/100
|
|-heal|p1a: Corviknight|73/100|[from] item: Leftovers
|upkeep
|turn|10
|
|t:|1779596351
|switch|p1a: Gholdengo|Gholdengo|100/100
|-item|p1a: Gholdengo|Air Balloon
|move|p2a: Skeledirge|Slack Off|p2a: Skeledirge
|-heal|p2a: Skeledirge|100/100
|
|upkeep
|turn|11
|
|t:|1779596363
|-terastallize|p2a: Skeledirge|Grass
|move|p1a: Gholdengo|Shadow Ball|p2a: Skeledirge
|-crit|p2a: Skeledirge
|-damage|p2a: Skeledirge|39/100
|move|p2a: Skeledirge|Torch Song|p1a: Gholdengo
|-supereffective|p1a: Gholdengo
|-damage|p1a: Gholdengo|28/100
|-boost|p2a: Skeledirge|spa|1
|-enditem|p1a: Gholdengo|Air Balloon
|
|upkeep
|turn|12
|
|t:|1779596375
|move|p1a: Gholdengo|Make It Rain|p2a: Skeledirge
|-damage|p2a: Skeledirge|0 fnt
|-unboost|p1a: Gholdengo|spa|1
|faint|p2a: Skeledirge
|
|upkeep
|
|t:|1779596382
|switch|p2a: Great Tusk|Great Tusk|6/100
|turn|13
|
|t:|1779596389
|switch|p1a: Corviknight|Corviknight, M, tera:Flying|73/100
|-ability|p1a: Corviknight|Pressure
|move|p2a: Great Tusk|Headlong Rush|p1a: Corviknight
|-immune|p1a: Corviknight
|
|-heal|p1a: Corviknight|79/100|[from] item: Leftovers
|upkeep
|turn|14
|
|t:|1779596397
|move|p2a: Great Tusk|Thunder Fang|p1a: Corviknight
|-supereffective|p1a: Corviknight
|-damage|p1a: Corviknight|50/100
|-status|p1a: Corviknight|par
|move|p1a: Corviknight|Iron Defense|p1a: Corviknight
|-boost|p1a: Corviknight|def|2
|
|-heal|p1a: Corviknight|56/100 par|[from] item: Leftovers
|upkeep
|turn|15
|
|t:|1779596407
|-end|p2a: Great Tusk|Protosynthesis|[silent]
|switch|p2a: Dragonite|Dragonite, M|100/100
|move|p1a: Corviknight|Iron Defense|p1a: Corviknight
|-boost|p1a: Corviknight|def|2
|
|-heal|p1a: Corviknight|62/100 par|[from] item: Leftovers
|upkeep
|turn|16
|
|t:|1779596413
|move|p2a: Dragonite|Dragon Dance|p2a: Dragonite
|-boost|p2a: Dragonite|atk|1
|-boost|p2a: Dragonite|spe|1
|move|p1a: Corviknight|Roost|p1a: Corviknight
|-heal|p1a: Corviknight|100/100 par
|-hint|If a Terastallized Pokemon uses Roost, it remains Flying-type.
|
|upkeep
|turn|17
|
|t:|1779596419
|move|p2a: Dragonite|Dragon Dance|p2a: Dragonite
|-boost|p2a: Dragonite|atk|1
|-boost|p2a: Dragonite|spe|1
|move|p1a: Corviknight|Body Press|p2a: Dragonite
|-resisted|p2a: Dragonite
|-damage|p2a: Dragonite|81/100
|
|-heal|p2a: Dragonite|87/100|[from] item: Leftovers
|upkeep
|turn|18
|
|t:|1779596427
|move|p2a: Dragonite|Dragon Dance|p2a: Dragonite
|-boost|p2a: Dragonite|atk|1
|-boost|p2a: Dragonite|spe|1
|cant|p1a: Corviknight|par
|
|-heal|p2a: Dragonite|93/100|[from] item: Leftovers
|upkeep
|turn|19
|
|t:|1779596434
|move|p2a: Dragonite|Thunder Punch|p1a: Corviknight
|-supereffective|p1a: Corviknight
|-damage|p1a: Corviknight|74/100 par
|move|p1a: Corviknight|Body Press|p2a: Dragonite
|-resisted|p2a: Dragonite
|-damage|p2a: Dragonite|53/100
|
|-heal|p2a: Dragonite|60/100|[from] item: Leftovers
|-heal|p1a: Corviknight|80/100 par|[from] item: Leftovers
|upkeep
|turn|20
|
|t:|1779596443
|move|p2a: Dragonite|Dragon Dance|p2a: Dragonite
|-boost|p2a: Dragonite|atk|1
|-boost|p2a: Dragonite|spe|1
|move|p1a: Corviknight|Iron Defense|p1a: Corviknight
|-boost|p1a: Corviknight|def|2
|
|-heal|p2a: Dragonite|66/100|[from] item: Leftovers
|-heal|p1a: Corviknight|86/100 par|[from] item: Leftovers
|upkeep
|turn|21
|
|t:|1779596450
|move|p2a: Dragonite|Dragon Dance|p2a: Dragonite
|-boost|p2a: Dragonite|atk|1
|-boost|p2a: Dragonite|spe|1
|move|p1a: Corviknight|Body Press|p2a: Dragonite
|-resisted|p2a: Dragonite
|-damage|p2a: Dragonite|12/100
|
|-heal|p2a: Dragonite|19/100|[from] item: Leftovers
|-heal|p1a: Corviknight|92/100 par|[from] item: Leftovers
|upkeep
|turn|22
|
|t:|1779596458
|move|p2a: Dragonite|Roost|p2a: Dragonite
|-heal|p2a: Dragonite|69/100
|-singleturn|p2a: Dragonite|move: Roost
|move|p1a: Corviknight|Body Press|p2a: Dragonite
|-damage|p2a: Dragonite|0 fnt
|faint|p2a: Dragonite
|
|-heal|p1a: Corviknight|98/100 par|[from] item: Leftovers
|upkeep
|
|t:|1779596468
|switch|p2a: Pawmot|Pawmot, F, shiny|100/100
|turn|23
|
|t:|1779596471
|move|p2a: Pawmot|Double Shock|p1a: Corviknight
|-supereffective|p1a: Corviknight
|-damage|p1a: Corviknight|80/100 par
|-start|p2a: Pawmot|typechange|???/Fighting|[from] move: Double Shock
|cant|p1a: Corviknight|par
|
|-heal|p1a: Corviknight|86/100 par|[from] item: Leftovers
|upkeep
|turn|24
|
|t:|1779596484
|move|p2a: Pawmot|Knock Off|p1a: Corviknight
|-damage|p1a: Corviknight|82/100 par
|-enditem|p1a: Corviknight|Leftovers|[from] move: Knock Off|[of] p2a: Pawmot
|move|p1a: Corviknight|Body Press|p2a: Pawmot
|-enditem|p2a: Pawmot|Focus Sash
|-damage|p2a: Pawmot|1/100
|
|upkeep
|turn|25
|
|t:|1779596493
|move|p2a: Pawmot|Revival Blessing|p2a: Pawmot
|
|t:|1779596499
|-heal|p2: Skeledirge|50/100|[from] move: Revival Blessing
|cant|p1a: Corviknight|par
|
|upkeep
|turn|26
|
|t:|1779596508
|switch|p2a: Skeledirge|Skeledirge, M|50/100
|cant|p1a: Corviknight|par
|
|upkeep
|turn|27
|
|t:|1779596519
|switch|p1a: Great Tusk|Great Tusk|100/100
|-enditem|p1a: Great Tusk|Booster Energy
|-activate|p1a: Great Tusk|ability: Protosynthesis|[fromitem]
|-start|p1a: Great Tusk|protosynthesisatk
|move|p2a: Skeledirge|Slack Off|p2a: Skeledirge
|-heal|p2a: Skeledirge|100/100
|
|upkeep
|turn|28
|
|t:|1779596527
|switch|p2a: Great Tusk|Great Tusk|6/100
|move|p1a: Great Tusk|Headlong Rush|p2a: Great Tusk
|-damage|p2a: Great Tusk|0 fnt
|-unboost|p1a: Great Tusk|def|1
|-unboost|p1a: Great Tusk|spd|1
|faint|p2a: Great Tusk
|-end|p2a: Great Tusk|Protosynthesis|[silent]
|
|upkeep
|
|t:|1779596543
|switch|p2a: Pawmot|Pawmot, F, shiny|1/100
|turn|29
|
|t:|1779596548
|move|p2a: Pawmot|Close Combat|p1a: Great Tusk
|-damage|p1a: Great Tusk|37/100
|-unboost|p2a: Pawmot|def|1
|-unboost|p2a: Pawmot|spd|1
|move|p1a: Great Tusk|Rapid Spin|p2a: Pawmot
|-crit|p2a: Pawmot
|-damage|p2a: Pawmot|0 fnt
|-boost|p1a: Great Tusk|spe|1
|faint|p2a: Pawmot
|
|upkeep
|
|t:|1779596557
|switch|p2a: Darkrai|Darkrai|100/100
|turn|30
|
|t:|1779596560
|move|p1a: Great Tusk|Headlong Rush|p2a: Darkrai
|-crit|p2a: Darkrai
|-enditem|p2a: Darkrai|Focus Sash
|-damage|p2a: Darkrai|1/100
|-unboost|p1a: Great Tusk|def|1
|-unboost|p1a: Great Tusk|spd|1
|move|p2a: Darkrai|Ice Beam|p1a: Great Tusk
|-supereffective|p1a: Great Tusk
|-damage|p1a: Great Tusk|0 fnt
|faint|p1a: Great Tusk
|-end|p1a: Great Tusk|Protosynthesis|[silent]
|
|upkeep
|
|t:|1779596568
|switch|p1a: Iron Valiant|Iron Valiant|100/100
|-enditem|p1a: Iron Valiant|Booster Energy
|-activate|p1a: Iron Valiant|ability: Quark Drive|[fromitem]
|-start|p1a: Iron Valiant|quarkdrivespe
|turn|31
|
|t:|1779596576
|move|p1a: Iron Valiant|Moonblast|p2a: Darkrai
|-supereffective|p2a: Darkrai
|-damage|p2a: Darkrai|0 fnt
|faint|p2a: Darkrai
|
|upkeep
|
|t:|1779596583
|switch|p2a: Blaziken|Blaziken, M|100/100
|turn|32
|
|t:|1779596590
|move|p1a: Iron Valiant|Moonblast|p2a: Blaziken
|-damage|p2a: Blaziken|31/100
|move|p2a: Blaziken|Close Combat|p1a: Iron Valiant
|-resisted|p1a: Iron Valiant
|-damage|p1a: Iron Valiant|56/100
|-unboost|p2a: Blaziken|def|1
|-unboost|p2a: Blaziken|spd|1
|
|-ability|p2a: Blaziken|Speed Boost|boost
|-boost|p2a: Blaziken|spe|1
|upkeep
|turn|33
|
|t:|1779596599
|move|p2a: Blaziken|Protect|p2a: Blaziken
|-singleturn|p2a: Blaziken|Protect
|move|p1a: Iron Valiant|Moonblast|p2a: Blaziken
|-activate|p2a: Blaziken|move: Protect
|
|-ability|p2a: Blaziken|Speed Boost|boost
|-boost|p2a: Blaziken|spe|1
|upkeep
|turn|34
|
|t:|1779596609
|move|p1a: Iron Valiant|Vacuum Wave|p2a: Blaziken
|-damage|p2a: Blaziken|0 fnt
|faint|p2a: Blaziken
|
|upkeep
|
|t:|1779596612
|switch|p2a: Skeledirge|Skeledirge, M|100/100
|turn|35
|
|t:|1779596617
|move|p1a: Iron Valiant|Shadow Ball|p2a: Skeledirge
|-supereffective|p2a: Skeledirge
|-damage|p2a: Skeledirge|43/100
|-unboost|p2a: Skeledirge|spd|1
|move|p2a: Skeledirge|Torch Song|p1a: Iron Valiant
|-damage|p1a: Iron Valiant|0 fnt
|-boost|p2a: Skeledirge|spa|1
|faint|p1a: Iron Valiant
|-end|p1a: Iron Valiant|Quark Drive|[silent]
|
|upkeep
|
|t:|1779596620
|switch|p1a: Kingambit|Kingambit, F|100/100
|-activate|p1a: Kingambit|ability: Supreme Overlord
|-start|p1a: Kingambit|fallen3|[silent]
|turn|36
|
|t:|1779596629
|move|p1a: Kingambit|Kowtow Cleave|p2a: Skeledirge
|-supereffective|p2a: Skeledirge
|-damage|p2a: Skeledirge|0 fnt
|faint|p2a: Skeledirge
|
|win|Lryuzaki13
|raw|Lryuzaki13's rating: 1332 &rarr; <strong>1351</strong><br />(+19 for winning)
|raw|Windy189's rating: 1314 &rarr; <strong>1295</strong><br />(-19 for losing)
|c|☆Lryuzaki13|gg
|l|☆Windy189
|player|p2|
|l|☆Lryuzaki13
|player|p1|
|j|☆Lryuzaki13
|player|p1|Lryuzaki13|101|
