|j|☆GilgameshxLeonora
|j|☆jarrodbennett
|t:|1779648753
|gametype|singles
|player|p1|GilgameshxLeonora|nate|1417
|player|p2|jarrodbennett|2|1416
|gen|9
|tier|[Gen 9] OU
|rated|
|rule|HP Percentage Mod: HP is shown in percentages
|rule|Endless Battle Clause: Forcing endless battles is banned
|rule|Species Clause: Limit one of each Pokémon
|rule|OHKO Clause: OHKO moves are banned
|rule|Evasion Items Clause: Evasion items are banned
|rule|Evasion Moves Clause: Evasion moves are banned
|rule|Evasion Abilities Clause: Evasion abilities are banned
|rule|Sleep Moves Clause: Sleep-inducing moves are banned
|clearpoke
|poke|p1|Tyranitar, M|
|poke|p1|Iron Boulder|
|poke|p1|Rotom-Wash|
|poke|p1|Mandibuzz, F|
|poke|p1|Garganacl, F|
|poke|p1|Heatran, F|
|poke|p2|Ribombee, F|
|poke|p2|Cinderace, M|
|poke|p2|Serperior, M|
|poke|p2|Hitmonlee, M|
|poke|p2|Empoleon, M|
|poke|p2|Kingambit, M|
|teampreview
|inactive|Battle timer is ON: inactive players will automatically lose when time's up. (requested by GilgameshxLeonora)
|
|t:|1779648756
|teamsize|p1|6
|teamsize|p2|6
|start
|switch|p1a: Heatran|Heatran, F|100/100
|switch|p2a: Ya Like Jazz?|Ribombee, F|100/100
|turn|1
|
|t:|1779648763
|move|p2a: Ya Like Jazz?|Sticky Web|p1a: Heatran
|-sidestart|p1: GilgameshxLeonora|move: Sticky Web
|move|p1a: Heatran|Flash Cannon|p2a: Ya Like Jazz?
|-supereffective|p2a: Ya Like Jazz?
|-enditem|p2a: Ya Like Jazz?|Focus Sash
|-damage|p2a: Ya Like Jazz?|1/100
|
|upkeep
|turn|2
|
|t:|1779648770
|move|p2a: Ya Like Jazz?|Struggle Bug|p1a: Heatran
|-resisted|p1a: Heatran
|-damage|p1a: Heatran|97/100
|-unboost|p1a: Heatran|spa|1
|move|p1a: Heatran|Flash Cannon|p2a: Ya Like Jazz?
|-supereffective|p2a: Ya Like Jazz?
|-damage|p2a: Ya Like Jazz?|0 fnt
|faint|p2a: Ya Like Jazz?
|
|-heal|p1a: Heatran|100/100|[from] item: Leftovers
|upkeep
|
|t:|1779648781
|switch|p2a: What's Up Doc?|Cinderace, M|100/100
|turn|3
|
|t:|1779648788
|switch|p1a: Mandibuzz|Mandibuzz, F|100/100
|move|p2a: What's Up Doc?|High Jump Kick|p1a: Mandibuzz
|-start|p2a: What's Up Doc?|typechange|Fighting|[from] ability: Libero
|-damage|p1a: Mandibuzz|68/100
|
|upkeep
|turn|4
|
|t:|1779648797
|move|p2a: What's Up Doc?|Taunt|p1a: Mandibuzz
|-start|p1a: Mandibuzz|move: Taunt
|cant|p1a: Mandibuzz|move: Taunt|Defog
|
|upkeep
|turn|5
|
|t:|1779648802
|move|p2a: What's Up Doc?|Court Change|p2a: What's Up Doc?
|-swapsideconditions
|-activate|p2a: What's Up Doc?|move: Court Change
|move|p1a: Mandibuzz|Foul Play|p2a: What's Up Doc?
|-resisted|p2a: What's Up Doc?
|-crit|p2a: What's Up Doc?
|-damage|p2a: What's Up Doc?|67/100
|
|upkeep
|turn|6
|
|t:|1779648809
|switch|p1a: Rotom|Rotom-Wash|100/100
|move|p2a: What's Up Doc?|Pyro Ball|p1a: Rotom
|-resisted|p1a: Rotom
|-damage|p1a: Rotom|79/100
|
|upkeep
|turn|7
|
|t:|1779648815
|move|p1a: Rotom|Thunderbolt|p2a: What's Up Doc?
|-damage|p2a: What's Up Doc?|22/100
|move|p2a: What's Up Doc?|High Jump Kick|p1a: Rotom
|-damage|p1a: Rotom|8/100
|
|upkeep
|turn|8
|
|t:|1779648828
|switch|p2a: Kickin' Nugget|Hitmonlee, M|100/100
|-activate|p2a: Kickin' Nugget|move: Sticky Web
|-unboost|p2a: Kickin' Nugget|spe|1
|-enditem|p2a: Kickin' Nugget|White Herb
|-clearnegativeboost|p2a: Kickin' Nugget|[silent]
|move|p1a: Rotom|Thunderbolt|p2a: Kickin' Nugget
|-damage|p2a: Kickin' Nugget|54/100
|
|upkeep
|turn|9
|
|t:|1779648837
|switch|p1a: Mandibuzz|Mandibuzz, F|68/100
|move|p2a: Kickin' Nugget|Swords Dance|p2a: Kickin' Nugget
|-boost|p2a: Kickin' Nugget|atk|2
|
|upkeep
|turn|10
|
|t:|1779648843
|move|p2a: Kickin' Nugget|Close Combat|p1a: Mandibuzz
|-damage|p1a: Mandibuzz|0 fnt
|-unboost|p2a: Kickin' Nugget|def|1
|-unboost|p2a: Kickin' Nugget|spd|1
|faint|p1a: Mandibuzz
|
|upkeep
|
|t:|1779648850
|switch|p1a: Garganacl|Garganacl, F|100/100
|turn|11
|
|t:|1779648853
|-terastallize|p1a: Garganacl|Ghost
|move|p2a: Kickin' Nugget|Knock Off|p1a: Garganacl
|-supereffective|p1a: Garganacl
|-damage|p1a: Garganacl|11/100
|-enditem|p1a: Garganacl|Leftovers|[from] move: Knock Off|[of] p2a: Kickin' Nugget
|move|p1a: Garganacl|Body Press|p2a: Kickin' Nugget
|-damage|p2a: Kickin' Nugget|0 fnt
|faint|p2a: Kickin' Nugget
|
|upkeep
|
|t:|1779648864
|switch|p2a: Slytherin|Serperior, M|100/100
|-activate|p2a: Slytherin|move: Sticky Web
|-boost|p2a: Slytherin|spe|1
|turn|12
|
|t:|1779648869
|move|p2a: Slytherin|Leaf Storm|p1a: Garganacl|[miss]
|-miss|p2a: Slytherin|p1a: Garganacl
|move|p1a: Garganacl|Salt Cure|p2a: Slytherin
|-damage|p2a: Slytherin|84/100
|-start|p2a: Slytherin|Salt Cure
|
|-damage|p2a: Slytherin|72/100|[from] Salt Cure
|upkeep
|turn|13
|
|t:|1779648878
|switch|p1a: Heatran|Heatran, F|100/100
|move|p2a: Slytherin|Leaf Storm|p1a: Heatran
|-resisted|p1a: Heatran
|-crit|p1a: Heatran
|-damage|p1a: Heatran|87/100
|-boost|p2a: Slytherin|spa|2
|
|-heal|p1a: Heatran|93/100|[from] item: Leftovers
|-damage|p2a: Slytherin|59/100|[from] Salt Cure
|upkeep
|turn|14
|
|t:|1779648890
|switch|p2a: What's Up Doc?|Cinderace, M|22/100
|move|p1a: Heatran|Magma Storm|p2a: What's Up Doc?
|-resisted|p2a: What's Up Doc?
|-damage|p2a: What's Up Doc?|0 fnt
|faint|p2a: What's Up Doc?
|
|-heal|p1a: Heatran|99/100|[from] item: Leftovers
|upkeep
|
|t:|1779648900
|switch|p2a: Big Z|Empoleon, M|100/100
|-activate|p2a: Big Z|move: Sticky Web
|-unboost|p2a: Big Z|spe|1
|-ability|p2a: Big Z|Competitive|boost
|-boost|p2a: Big Z|spa|2
|turn|15
|
|t:|1779648906
|move|p1a: Heatran|Magma Storm|p2a: Big Z
|-damage|p2a: Big Z|66/100
|-activate|p2a: Big Z|move: Magma Storm|[of] p1a: Heatran
|move|p2a: Big Z|Surf|p1a: Heatran
|-supereffective|p1a: Heatran
|-damage|p1a: Heatran|0 fnt
|faint|p1a: Heatran
|
|-end|p2a: Big Z|Magma Storm|[partiallytrapped]|[silent]
|upkeep
|
|t:|1779648913
|switch|p1a: Rotom|Rotom-Wash|8/100
|turn|16
|
|t:|1779648916
|move|p2a: Big Z|Vacuum Wave|p1a: Rotom
|-damage|p1a: Rotom|0 fnt
|faint|p1a: Rotom
|
|upkeep
|
|t:|1779648919
|switch|p1a: Garganacl|Garganacl, F, tera:Ghost|11/100
|turn|17
|
|t:|1779648926
|switch|p2a: Slytherin|Serperior, M|59/100
|-activate|p2a: Slytherin|move: Sticky Web
|-boost|p2a: Slytherin|spe|1
|move|p1a: Garganacl|Salt Cure|p2a: Slytherin
|-damage|p2a: Slytherin|43/100
|-start|p2a: Slytherin|Salt Cure
|
|-damage|p2a: Slytherin|30/100|[from] Salt Cure
|upkeep
|turn|18
|
|t:|1779648936
|switch|p1a: Tyranitar|Tyranitar, M|100/100
|-weather|Sandstorm|[from] ability: Sand Stream|[of] p1a: Tyranitar
|move|p2a: Slytherin|Leaf Storm|p1a: Tyranitar
|-supereffective|p1a: Tyranitar
|-damage|p1a: Tyranitar|61/100
|-boost|p2a: Slytherin|spa|2
|
|-weather|Sandstorm|[upkeep]
|-damage|p2a: Slytherin|24/100|[from] Sandstorm
|-heal|p1a: Tyranitar|68/100|[from] item: Leftovers
|-damage|p2a: Slytherin|12/100|[from] Salt Cure
|upkeep
|turn|19
|
|t:|1779648950
|move|p2a: Slytherin|Giga Drain|p1a: Tyranitar
|-supereffective|p1a: Tyranitar
|-damage|p1a: Tyranitar|21/100
|-heal|p2a: Slytherin|44/100|[from] drain|[of] p1a: Tyranitar
|move|p1a: Tyranitar|Knock Off|p2a: Slytherin
|-damage|p2a: Slytherin|0 fnt
|-enditem|p2a: Slytherin|Wide Lens|[from] move: Knock Off|[of] p1a: Tyranitar
|faint|p2a: Slytherin
|
|-weather|Sandstorm|[upkeep]
|-heal|p1a: Tyranitar|27/100|[from] item: Leftovers
|upkeep
|
|t:|1779648962
|switch|p2a: Big Z|Empoleon, M|66/100
|-activate|p2a: Big Z|move: Sticky Web
|-unboost|p2a: Big Z|spe|1
|-ability|p2a: Big Z|Competitive|boost
|-boost|p2a: Big Z|spa|2
|turn|20
|
|t:|1779648968
|move|p2a: Big Z|Vacuum Wave|p1a: Tyranitar
|-supereffective|p1a: Tyranitar
|-damage|p1a: Tyranitar|0 fnt
|faint|p1a: Tyranitar
|
|-weather|Sandstorm|[upkeep]
|upkeep
|
|t:|1779648971
|switch|p1a: Garganacl|Garganacl, F, tera:Ghost|11/100
|turn|21
|
|t:|1779648976
|move|p1a: Garganacl|Salt Cure|p2a: Big Z
|-resisted|p2a: Big Z
|-damage|p2a: Big Z|59/100
|-start|p2a: Big Z|Salt Cure
|move|p2a: Big Z|Surf|p1a: Garganacl
|-damage|p1a: Garganacl|0 fnt
|faint|p1a: Garganacl
|
|-weather|Sandstorm|[upkeep]
|-damage|p2a: Big Z|34/100|[from] Salt Cure
|upkeep
|
|t:|1779648982
|switch|p1a: Iron Boulder|Iron Boulder|100/100
|-enditem|p1a: Iron Boulder|Booster Energy
|-activate|p1a: Iron Boulder|ability: Quark Drive|[fromitem]
|-start|p1a: Iron Boulder|quarkdrivespe
|turn|22
|
|t:|1779648992
|move|p2a: Big Z|Vacuum Wave|p1a: Iron Boulder
|-damage|p1a: Iron Boulder|83/100
|move|p1a: Iron Boulder|Close Combat|p2a: Big Z
|-supereffective|p2a: Big Z
|-damage|p2a: Big Z|0 fnt
|-unboost|p1a: Iron Boulder|def|1
|-unboost|p1a: Iron Boulder|spd|1
|faint|p2a: Big Z
|
|-weather|none
|upkeep
|
|t:|1779649002
|switch|p2a: Come At Me Bro|Kingambit, M|100/100
|-activate|p2a: Come At Me Bro|move: Sticky Web
|-unboost|p2a: Come At Me Bro|spe|1
|-ability|p2a: Come At Me Bro|Defiant|boost
|-boost|p2a: Come At Me Bro|atk|2
|turn|23
|
|t:|1779649008
|-terastallize|p2a: Come At Me Bro|Fairy
|move|p1a: Iron Boulder|Close Combat|p2a: Come At Me Bro
|-resisted|p2a: Come At Me Bro
|-damage|p2a: Come At Me Bro|85/100
|-unboost|p1a: Iron Boulder|def|1
|-unboost|p1a: Iron Boulder|spd|1
|move|p2a: Come At Me Bro|Kowtow Cleave|p1a: Iron Boulder
|-supereffective|p1a: Iron Boulder
|-damage|p1a: Iron Boulder|0 fnt
|faint|p1a: Iron Boulder
|-end|p1a: Iron Boulder|Quark Drive|[silent]
|
|win|jarrodbennett
|raw|GilgameshxLeonora's rating: 1417 &rarr; <strong>1397</strong><br />(-20 for losing)
|raw|jarrodbennett's rating: 1416 &rarr; <strong>1436</strong><br />(+20 for winning)
|l|☆GilgameshxLeonora
|player|p1|
|l|☆jarrodbennett
|player|p2|
