|j|☆soumbrarax
|j|☆loomiboi2
|t:|1779595883
|gametype|singles
|player|p1|soumbrarax|266|1295
|player|p2|loomiboi2|101|1366
|gen|9
|tier|[Gen 9] OU
|rated|
|rule|HP Percentage Mod: HP is shown in percentages
|rule|Endless Battle Clause: Forcing endless battles is banned
|rule|Species Clause: Limit one of each Pokémon
|rule|OHKO Clause: OHKO moves are banned
|rule|Evasion Items Clause: Evasion items are banned
|rule|Evasion Moves Clause: Evasion moves are banned
|rule|Evasion Abilities Clause: Evasion abilities are banned
|rule|Sleep Moves Clause: Sleep-inducing moves are banned
|clearpoke
|poke|p1|Arboliva, F|
|poke|p1|Alomomola, M|
|poke|p1|Great Tusk|
|poke|p1|Heatran, M|
|poke|p1|Iron Valiant|
|poke|p1|Skeledirge, M|
|poke|p2|Alomomola, M|
|poke|p2|Slowking-Galar, F|
|poke|p2|Hydrapple, M|
|poke|p2|Dragapult, M|
|poke|p2|Great Tusk|
|poke|p2|Darkrai|
|teampreview
|
|t:|1779595896
|teamsize|p1|6
|teamsize|p2|6
|start
|switch|p1a: Iron Valiant|Iron Valiant|100/100
|switch|p2a: Dragapult|Dragapult, M|100/100
|turn|1
|
|t:|1779595901
|move|p2a: Dragapult|U-turn|p1a: Iron Valiant
|-resisted|p1a: Iron Valiant
|-damage|p1a: Iron Valiant|95/100
|
|t:|1779595903
|switch|p2a: Alomomola|Alomomola, M|100/100|[from] U-turn
|move|p1a: Iron Valiant|Knock Off|p2a: Alomomola
|-damage|p2a: Alomomola|86/100
|-enditem|p2a: Alomomola|Heavy-Duty Boots|[from] move: Knock Off|[of] p1a: Iron Valiant
|
|upkeep
|turn|2
|
|t:|1779595908
|-end|p1a: Iron Valiant|Quark Drive|[silent]
|switch|p1a: Alomomola|Alomomola, M|100/100
|move|p2a: Alomomola|Flip Turn|p1a: Alomomola
|-resisted|p1a: Alomomola
|-damage|p1a: Alomomola|95/100
|
|t:|1779595914
|switch|p2a: Dragapult|Dragapult, M|100/100|[from] Flip Turn
|
|upkeep
|turn|3
|
|t:|1779595918
|move|p2a: Dragapult|Will-O-Wisp|p1a: Alomomola|[miss]
|-miss|p2a: Dragapult|p1a: Alomomola
|move|p1a: Alomomola|Flip Turn|p2a: Dragapult
|-resisted|p2a: Dragapult
|-damage|p2a: Dragapult|89/100
|
|t:|1779595928
|switch|p1a: Iron Valiant|Iron Valiant|95/100|[from] Flip Turn
|
|upkeep
|turn|4
|
|t:|1779595933
|move|p2a: Dragapult|Will-O-Wisp|p1a: Iron Valiant
|-status|p1a: Iron Valiant|brn
|move|p1a: Iron Valiant|Shadow Ball|p2a: Dragapult
|-supereffective|p2a: Dragapult
|-damage|p2a: Dragapult|0 fnt
|faint|p2a: Dragapult
|
|-damage|p1a: Iron Valiant|89/100 brn|[from] brn
|upkeep
|
|t:|1779595940
|switch|p2a: Alomomola|Alomomola, M|100/100
|turn|5
|
|t:|1779595944
|-end|p1a: Iron Valiant|Quark Drive|[silent]
|switch|p1a: Alomomola|Alomomola, M|100/100
|move|p2a: Alomomola|Flip Turn|p1a: Alomomola
|-resisted|p1a: Alomomola
|-damage|p1a: Alomomola|95/100
|
|t:|1779595946
|switch|p2a: Hydrapple|Hydrapple, M|100/100|[from] Flip Turn
|
|upkeep
|turn|6
|
|t:|1779595952
|switch|p1a: Arboliva|Arboliva, F|100/100
|move|p2a: Hydrapple|Giga Drain|p1a: Arboliva
|-resisted|p1a: Arboliva
|-damage|p1a: Arboliva|88/100
|-fieldstart|move: Grassy Terrain|[from] ability: Seed Sower|[of] p1a: Arboliva
|-enditem|p1a: Arboliva|Eject Button
|
|t:|1779595960
|switch|p1a: Skeledirge|Skeledirge, M|100/100
|
|upkeep
|turn|7
|
|t:|1779595965
|move|p1a: Skeledirge|Will-O-Wisp|p2a: Hydrapple
|-status|p2a: Hydrapple|brn
|move|p2a: Hydrapple|Earth Power|p1a: Skeledirge
|-supereffective|p1a: Skeledirge
|-damage|p1a: Skeledirge|60/100
|
|-heal|p1a: Skeledirge|67/100|[from] Grassy Terrain
|-damage|p2a: Hydrapple|94/100 brn|[from] brn
|upkeep
|turn|8
|
|t:|1779595969
|move|p1a: Skeledirge|Torch Song|p2a: Hydrapple
|-damage|p2a: Hydrapple|62/100 brn
|-boost|p1a: Skeledirge|spa|1
|move|p2a: Hydrapple|Earth Power|p1a: Skeledirge
|-supereffective|p1a: Skeledirge
|-damage|p1a: Skeledirge|25/100
|
|-heal|p1a: Skeledirge|31/100|[from] Grassy Terrain
|-heal|p2a: Hydrapple|68/100 brn|[from] Grassy Terrain
|-damage|p2a: Hydrapple|62/100 brn|[from] brn
|upkeep
|turn|9
|
|t:|1779595972
|move|p1a: Skeledirge|Slack Off|p1a: Skeledirge
|-heal|p1a: Skeledirge|81/100
|move|p2a: Hydrapple|Earth Power|p1a: Skeledirge
|-supereffective|p1a: Skeledirge
|-damage|p1a: Skeledirge|41/100
|
|-heal|p1a: Skeledirge|48/100|[from] Grassy Terrain
|-heal|p2a: Hydrapple|68/100 brn|[from] Grassy Terrain
|-damage|p2a: Hydrapple|62/100 brn|[from] brn
|upkeep
|turn|10
|
|t:|1779595975
|move|p1a: Skeledirge|Slack Off|p1a: Skeledirge
|-heal|p1a: Skeledirge|98/100
|move|p2a: Hydrapple|Earth Power|p1a: Skeledirge
|-supereffective|p1a: Skeledirge
|-damage|p1a: Skeledirge|51/100
|
|-heal|p1a: Skeledirge|57/100|[from] Grassy Terrain
|-heal|p2a: Hydrapple|68/100 brn|[from] Grassy Terrain
|-damage|p2a: Hydrapple|62/100 brn|[from] brn
|-fieldend|move: Grassy Terrain
|upkeep
|turn|11
|
|t:|1779595977
|move|p1a: Skeledirge|Slack Off|p1a: Skeledirge
|-heal|p1a: Skeledirge|100/100
|move|p2a: Hydrapple|Earth Power|p1a: Skeledirge
|-supereffective|p1a: Skeledirge
|-damage|p1a: Skeledirge|56/100
|
|-damage|p2a: Hydrapple|56/100 brn|[from] brn
|upkeep
|turn|12
|
|t:|1779595979
|move|p1a: Skeledirge|Torch Song|p2a: Hydrapple
|-damage|p2a: Hydrapple|7/100 brn
|-boost|p1a: Skeledirge|spa|1
|move|p2a: Hydrapple|Earth Power|p1a: Skeledirge
|-supereffective|p1a: Skeledirge
|-damage|p1a: Skeledirge|10/100
|
|-damage|p2a: Hydrapple|1/100 brn|[from] brn
|upkeep
|turn|13
|
|t:|1779595982
|switch|p2a: Alomomola|Alomomola, M|100/100
|move|p1a: Skeledirge|Slack Off|p1a: Skeledirge
|-heal|p1a: Skeledirge|60/100
|
|upkeep
|turn|14
|
|t:|1779595987
|move|p1a: Skeledirge|Slack Off|p1a: Skeledirge
|-heal|p1a: Skeledirge|100/100
|move|p2a: Alomomola|Flip Turn|p1a: Skeledirge
|-supereffective|p1a: Skeledirge
|-crit|p1a: Skeledirge
|-damage|p1a: Skeledirge|63/100
|
|t:|1779595990
|switch|p2a: Darkrai|Darkrai|100/100|[from] Flip Turn
|
|upkeep
|turn|15
|
|t:|1779596000
|switch|p1a: Heatran|Heatran, M|100/100
|move|p2a: Darkrai|Dark Pulse|p1a: Heatran
|-damage|p1a: Heatran|65/100
|
|-heal|p1a: Heatran|71/100|[from] item: Leftovers
|upkeep
|turn|16
|
|t:|1779596005
|switch|p2a: Hydrapple|Hydrapple, M|35/100 brn
|move|p1a: Heatran|Stealth Rock|p2a: Hydrapple
|-sidestart|p2: loomiboi2|move: Stealth Rock
|
|-heal|p1a: Heatran|77/100|[from] item: Leftovers
|-damage|p2a: Hydrapple|29/100 brn|[from] brn
|upkeep
|turn|17
|
|t:|1779596012
|switch|p1a: Great Tusk|Great Tusk|100/100
|-enditem|p1a: Great Tusk|Booster Energy
|-activate|p1a: Great Tusk|ability: Protosynthesis|[fromitem]
|-start|p1a: Great Tusk|protosynthesisatk
|switch|p2a: Great Tusk|Great Tusk|100/100
|
|upkeep
|turn|18
|
|t:|1779596020
|move|p1a: Great Tusk|Knock Off|p2a: Great Tusk
|-resisted|p2a: Great Tusk
|-damage|p2a: Great Tusk|86/100
|-enditem|p2a: Great Tusk|Heavy-Duty Boots|[from] move: Knock Off|[of] p1a: Great Tusk
|move|p2a: Great Tusk|Rapid Spin|p1a: Great Tusk
|-damage|p1a: Great Tusk|88/100
|-boost|p2a: Great Tusk|spe|1
|-sideend|p2: loomiboi2|Stealth Rock|[from] move: Rapid Spin|[of] p2a: Great Tusk
|
|upkeep
|turn|19
|
|t:|1779596025
|move|p2a: Great Tusk|Ice Spinner|p1a: Great Tusk
|-supereffective|p1a: Great Tusk
|-damage|p1a: Great Tusk|50/100
|move|p1a: Great Tusk|Rapid Spin|p2a: Great Tusk
|-damage|p2a: Great Tusk|71/100
|-boost|p1a: Great Tusk|spe|1
|
|upkeep
|turn|20
|
|t:|1779596033
|-end|p2a: Great Tusk|Protosynthesis|[silent]
|switch|p2a: Hydrapple|Hydrapple, M|62/100 brn
|move|p1a: Great Tusk|Ice Spinner|p2a: Hydrapple
|-supereffective|p2a: Hydrapple
|-damage|p2a: Hydrapple|0 fnt
|faint|p2a: Hydrapple
|
|upkeep
|
|t:|1779596037
|switch|p2a: Alomomola|Alomomola, M|100/100
|turn|21
|
|t:|1779596041
|move|p1a: Great Tusk|Knock Off|p2a: Alomomola
|-damage|p2a: Alomomola|87/100
|move|p2a: Alomomola|Flip Turn|p1a: Great Tusk
|-supereffective|p1a: Great Tusk
|-damage|p1a: Great Tusk|29/100
|c|☆loomiboi2|i meant to go molaaaaaa
|
|t:|1779596048
|switch|p2a: Great Tusk|Great Tusk|71/100|[from] Flip Turn
|
|upkeep
|turn|22
|
|t:|1779596054
|-end|p2a: Great Tusk|Protosynthesis|[silent]
|switch|p2a: Alomomola|Alomomola, M|100/100
|move|p1a: Great Tusk|Ice Spinner|p2a: Alomomola
|-resisted|p2a: Alomomola
|-damage|p2a: Alomomola|91/100
|
|upkeep
|turn|23
|
|t:|1779596059
|-end|p1a: Great Tusk|Protosynthesis|[silent]
|switch|p1a: Arboliva|Arboliva, F|88/100
|move|p2a: Alomomola|Flip Turn|p1a: Arboliva
|-resisted|p1a: Arboliva
|-damage|p1a: Arboliva|81/100
|-fieldstart|move: Grassy Terrain|[from] ability: Seed Sower|[of] p1a: Arboliva
|
|t:|1779596064
|switch|p2a: Great Tusk|Great Tusk|71/100|[from] Flip Turn
|
|-heal|p2a: Great Tusk|78/100|[from] Grassy Terrain
|-heal|p1a: Arboliva|87/100|[from] Grassy Terrain
|upkeep
|turn|24
|
|t:|1779596067
|move|p2a: Great Tusk|Stealth Rock|p1a: Arboliva
|-sidestart|p1: soumbrarax|move: Stealth Rock
|move|p1a: Arboliva|Energy Ball|p2a: Great Tusk
|-supereffective|p2a: Great Tusk
|-damage|p2a: Great Tusk|0 fnt
|faint|p2a: Great Tusk
|-end|p2a: Great Tusk|Protosynthesis|[silent]
|
|-heal|p1a: Arboliva|94/100|[from] Grassy Terrain
|upkeep
|
|t:|1779596072
|switch|p2a: Darkrai|Darkrai|100/100
|turn|25
|
|t:|1779596077
|move|p2a: Darkrai|Nasty Plot|p2a: Darkrai
|-boost|p2a: Darkrai|spa|2
|move|p1a: Arboliva|Encore|p2a: Darkrai
|-start|p2a: Darkrai|Encore
|
|-heal|p1a: Arboliva|99/100|[from] Grassy Terrain
|upkeep
|turn|26
|
|t:|1779596081
|switch|p2a: Alomomola|Alomomola, M|100/100
|move|p1a: Arboliva|Earth Power|p2a: Alomomola
|-damage|p2a: Alomomola|67/100
|-unboost|p2a: Alomomola|spd|1
|
|-heal|p2a: Alomomola|73/100|[from] Grassy Terrain
|-heal|p1a: Arboliva|100/100|[from] Grassy Terrain
|upkeep
|turn|27
|
|t:|1779596083
|move|p2a: Alomomola|Flip Turn|p1a: Arboliva
|-resisted|p1a: Arboliva
|-damage|p1a: Arboliva|93/100
|
|t:|1779596086
|switch|p2a: Darkrai|Darkrai|100/100|[from] Flip Turn
|move|p1a: Arboliva|Energy Ball|p2a: Darkrai
|-damage|p2a: Darkrai|34/100
|
|-heal|p2a: Darkrai|40/100|[from] Grassy Terrain
|-heal|p2a: Darkrai|46/100|[from] item: Leftovers
|-heal|p1a: Arboliva|99/100|[from] Grassy Terrain
|-fieldend|move: Grassy Terrain
|upkeep
|turn|28
|
|t:|1779596091
|move|p2a: Darkrai|Nasty Plot|p2a: Darkrai
|-boost|p2a: Darkrai|spa|2
|move|p1a: Arboliva|Energy Ball|p2a: Darkrai
|-damage|p2a: Darkrai|0 fnt
|faint|p2a: Darkrai
|
|upkeep
|-message|loomiboi2 forfeited.
|
|win|soumbrarax
|raw|soumbrarax's rating: 1295 &rarr; <strong>1325</strong><br />(+30 for winning)
|raw|loomiboi2's rating: 1366 &rarr; <strong>1342</strong><br />(-24 for losing)
|l|☆loomiboi2
|player|p2|
|l|☆soumbrarax
|player|p1|
