|j|‽Dr4g0n_L0rd2011
|j|☆mjdj
|t:|1779676129
|gametype|singles
|player|p1|Dr4g0n_L0rd2011|cynthia-gen4|1000
|player|p2|mjdj|cynthia-masters4|1032
|gen|9
|tier|[Gen 9] OU
|rated|
|rule|HP Percentage Mod: HP is shown in percentages
|rule|Endless Battle Clause: Forcing endless battles is banned
|rule|Species Clause: Limit one of each Pokémon
|rule|OHKO Clause: OHKO moves are banned
|rule|Evasion Items Clause: Evasion items are banned
|rule|Evasion Moves Clause: Evasion moves are banned
|rule|Evasion Abilities Clause: Evasion abilities are banned
|rule|Sleep Moves Clause: Sleep-inducing moves are banned
|clearpoke
|poke|p1|Serperior, F|
|poke|p1|Garchomp, F|
|poke|p1|Ceruledge, F|
|poke|p1|Eiscue, M|
|poke|p1|Maushold-Four|
|poke|p1|Whimsicott, M|
|poke|p2|Ribombee, F|
|poke|p2|Scizor, F|
|poke|p2|Breloom, M|
|poke|p2|Maushold-Four|
|poke|p2|Scyther, M|
|poke|p2|Gholdengo|
|teampreview
|
|t:|1779676137
|teamsize|p1|6
|teamsize|p2|6
|start
|switch|p1a: Serperior|Serperior, F|100/100
|switch|p2a: Ribombee|Ribombee, F|100/100
|turn|1
|
|t:|1779676150
|switch|p2a: Gholdengo|Gholdengo|100/100
|-item|p2a: Gholdengo|Air Balloon
|-terastallize|p1a: Serperior|Stellar
|move|p1a: Serperior|Leaf Storm|p2a: Gholdengo
|-resisted|p2a: Gholdengo
|-damage|p2a: Gholdengo|64/100
|-boost|p1a: Serperior|spa|2
|-enditem|p2a: Gholdengo|Air Balloon
|
|upkeep
|turn|2
|
|t:|1779676164
|move|p1a: Serperior|Leaf Storm|p2a: Gholdengo
|-resisted|p2a: Gholdengo
|-damage|p2a: Gholdengo|8/100
|-boost|p1a: Serperior|spa|2
|move|p2a: Gholdengo|Shadow Ball|p1a: Serperior
|-damage|p1a: Serperior|53/100
|
|upkeep
|turn|3
|
|t:|1779676181
|move|p1a: Serperior|Leaf Storm|p2a: Gholdengo
|-resisted|p2a: Gholdengo
|-damage|p2a: Gholdengo|0 fnt
|-boost|p1a: Serperior|spa|2
|faint|p2a: Gholdengo
|
|upkeep
|
|t:|1779676188
|switch|p2a: Scizor|Scizor, F|100/100
|turn|4
|
|t:|1779676191
|move|p2a: Scizor|Bullet Punch|p1a: Serperior
|-damage|p1a: Serperior|20/100
|move|p1a: Serperior|Leaf Storm|p2a: Scizor
|-resisted|p2a: Scizor
|-damage|p2a: Scizor|58/100
|
|upkeep
|turn|5
|
|t:|1779676197
|move|p2a: Scizor|Bullet Punch|p1a: Serperior
|-damage|p1a: Serperior|0 fnt
|faint|p1a: Serperior
|
|upkeep
|
|t:|1779676199
|switch|p1a: Garchomp|Garchomp, F|100/100
|turn|6
|
|t:|1779676204
|move|p1a: Garchomp|Protect|p1a: Garchomp
|-singleturn|p1a: Garchomp|Protect
|move|p2a: Scizor|Swords Dance|p2a: Scizor
|-boost|p2a: Scizor|atk|2
|
|upkeep
|turn|7
|
|t:|1779676209
|move|p2a: Scizor|Bullet Punch|p1a: Garchomp
|-damage|p1a: Garchomp|38/100
|-damage|p2a: Scizor|46/100|[from] ability: Rough Skin|[of] p1a: Garchomp
|-damage|p2a: Scizor|29/100|[from] item: Rocky Helmet|[of] p1a: Garchomp
|move|p1a: Garchomp|Earthquake|p2a: Scizor
|-damage|p2a: Scizor|0 fnt
|faint|p2a: Scizor
|
|upkeep
|
|t:|1779676219
|switch|p2a: Ribombee|Ribombee, F|100/100
|turn|8
|
|t:|1779676228
|move|p2a: Ribombee|Stun Spore|p1a: Garchomp
|-status|p1a: Garchomp|par
|move|p1a: Garchomp|Liquidation|p2a: Ribombee
|-damage|p2a: Ribombee|47/100
|
|upkeep
|turn|9
|
|t:|1779676233
|move|p2a: Ribombee|Sticky Web|p1a: Garchomp
|-sidestart|p1: Dr4g0n_L0rd2011|move: Sticky Web
|move|p1a: Garchomp|Liquidation|p2a: Ribombee
|-damage|p2a: Ribombee|0 fnt
|faint|p2a: Ribombee
|
|upkeep
|
|t:|1779676256
|switch|p2a: Scyther|Scyther, M|100/100
|turn|10
|
|t:|1779676261
|move|p2a: Scyther|Swords Dance|p2a: Scyther
|-boost|p2a: Scyther|atk|2
|move|p1a: Garchomp|Dragon Rush|p2a: Scyther
|-damage|p2a: Scyther|55/100
|
|upkeep
|turn|11
|
|t:|1779676272
|move|p2a: Scyther|Close Combat|p1a: Garchomp
|-damage|p1a: Garchomp|0 fnt
|-unboost|p2a: Scyther|def|1
|-unboost|p2a: Scyther|spd|1
|-damage|p2a: Scyther|43/100|[from] ability: Rough Skin|[of] p1a: Garchomp
|-damage|p2a: Scyther|26/100|[from] item: Rocky Helmet|[of] p1a: Garchomp
|faint|p1a: Garchomp
|
|upkeep
|
|t:|1779676277
|switch|p1a: Ceruledge|Ceruledge, F|100/100
|-activate|p1a: Ceruledge|move: Sticky Web
|-unboost|p1a: Ceruledge|spe|1
|turn|12
|
|t:|1779676284
|move|p2a: Scyther|Dual Wingbeat|p1a: Ceruledge
|-damage|p1a: Ceruledge|38/100
|-ability|p1a: Ceruledge|Weak Armor|boost
|-unboost|p1a: Ceruledge|def|1
|-boost|p1a: Ceruledge|spe|2
|-damage|p1a: Ceruledge|0 fnt
|faint|p1a: Ceruledge
|-hitcount|p1: Ceruledge|2
|
|upkeep
|
|t:|1779676293
|switch|p1a: Maushold|Maushold-Four|100/100
|-activate|p1a: Maushold|move: Sticky Web
|-unboost|p1a: Maushold|spe|1
|turn|13
|
|t:|1779676297
|move|p2a: Scyther|Dual Wingbeat|p1a: Maushold
|-damage|p1a: Maushold|29/100
|-damage|p1a: Maushold|0 fnt
|faint|p1a: Maushold
|-hitcount|p1: Maushold|2
|
|upkeep
|
|t:|1779676301
|switch|p1a: Eiscue|Eiscue, M|100/100
|-activate|p1a: Eiscue|move: Sticky Web
|-unboost|p1a: Eiscue|spe|1
|turn|14
|
|t:|1779676306
|move|p2a: Scyther|Close Combat|p1a: Eiscue
|-activate|p1a: Eiscue|ability: Ice Face
|-damage|p1a: Eiscue|100/100
|-unboost|p2a: Scyther|def|1
|-unboost|p2a: Scyther|spd|1
|detailschange|p1a: Eiscue|Eiscue-Noice, M
|move|p1a: Eiscue|Ice Spinner|p2a: Scyther
|-supereffective|p2a: Scyther
|-damage|p2a: Scyther|0 fnt
|faint|p2a: Scyther
|-damage|p1a: Eiscue|91/100|[from] item: Life Orb
|
|upkeep
|
|t:|1779676318
|switch|p2a: Maushold|Maushold-Four|100/100
|turn|15
|
|t:|1779676329
|move|p2a: Maushold|Population Bomb|p1a: Eiscue
|-damage|p1a: Eiscue|74/100
|-damage|p1a: Eiscue|58/100
|-damage|p1a: Eiscue|40/100
|-damage|p1a: Eiscue|24/100
|-damage|p1a: Eiscue|6/100
|-damage|p1a: Eiscue|0 fnt
|faint|p1a: Eiscue
|-hitcount|p1: Eiscue|6
|
|upkeep
|
|t:|1779676333
|switch|p1a: Whimsicott|Whimsicott, M|100/100
|-activate|p1a: Whimsicott|move: Sticky Web
|-unboost|p1a: Whimsicott|spe|1
|turn|16
|
|t:|1779676343
|move|p1a: Whimsicott|Switcheroo|p2a: Maushold
|-activate|p1a: Whimsicott|move: Trick|[of] p2a: Maushold
|-item|p2a: Maushold|Lagging Tail|[from] move: Switcheroo
|-item|p1a: Whimsicott|Wide Lens|[from] move: Switcheroo
|move|p2a: Maushold|Population Bomb|p1a: Whimsicott
|-damage|p1a: Whimsicott|85/100
|-damage|p1a: Whimsicott|68/100
|-damage|p1a: Whimsicott|51/100
|-hitcount|p1a: Whimsicott|3
|
|upkeep
|turn|17
|
|t:|1779676353
|move|p1a: Whimsicott|Substitute|p1a: Whimsicott
|-start|p1a: Whimsicott|Substitute
|-damage|p1a: Whimsicott|26/100
|move|p2a: Maushold|Population Bomb|p1a: Whimsicott
|-activate|p1a: Whimsicott|move: Substitute|[damage]
|-end|p1a: Whimsicott|Substitute
|-damage|p1a: Whimsicott|9/100
|-damage|p1a: Whimsicott|0 fnt
|faint|p1a: Whimsicott
|-hitcount|p1: Whimsicott|4
|
|win|mjdj
|raw|Dr4g0n_L0rd2011's rating: 1000 &rarr; <strong>1000</strong><br />(+0 for losing)
|raw|mjdj's rating: 1032 &rarr; <strong>1064</strong><br />(+32 for winning)
|c|☆mjdj|gg
|l|‽Dr4g0n_L0rd2011
|player|p1|
