|inactive|Battle timer is ON: inactive players will automatically lose when time's up.
|t:|1779646751
|gametype|singles
|player|p1|hi.im.hannahh|caitlin|
|player|p2|Always|#roaplxireunicluses|
|gen|9
|tier|[Gen 9] OU
|rule|HP Percentage Mod: HP is shown in percentages
|rule|Endless Battle Clause: Forcing endless battles is banned
|rule|Species Clause: Limit one of each Pokémon
|rule|OHKO Clause: OHKO moves are banned
|rule|Evasion Items Clause: Evasion items are banned
|rule|Evasion Moves Clause: Evasion moves are banned
|rule|Evasion Abilities Clause: Evasion abilities are banned
|rule|Sleep Moves Clause: Sleep-inducing moves are banned
|clearpoke
|poke|p1|Primarina, F|
|poke|p1|Iron Valiant|
|poke|p1|Great Tusk|
|poke|p1|Ninetales-Alola, M|
|poke|p1|Gholdengo|
|poke|p1|Kingambit, F|
|poke|p2|Gliscor, F|
|poke|p2|Heatran, F|
|poke|p2|Kyurem|
|poke|p2|Hatterene, F|
|poke|p2|Zamazenta-*|
|poke|p2|Tornadus-Therian, M|
|teampreview
|c|☆Always|glhf!
|inactive|hi.im.hannahh has 270 seconds left.
|inactive|Always has 270 seconds left.
|
|t:|1779646790
|teamsize|p1|6
|teamsize|p2|6
|start
|switch|p1a: blueberry|Ninetales-Alola, M|100/100
|switch|p2a: Heatran|Heatran, F|100/100
|-weather|Snowscape|[from] ability: Snow Warning|[of] p1a: blueberry
|turn|1
|c|☆hi.im.hannahh|good luck n hf
|
|t:|1779646810
|switch|p1a: princess primarina|Primarina, F|100/100
|move|p2a: Heatran|Lava Plume|p1a: princess primarina
|-resisted|p1a: princess primarina
|-damage|p1a: princess primarina|91/100
|
|-weather|Snowscape|[upkeep]
|upkeep
|turn|2
|
|t:|1779646840
|switch|p2a: Kyurem|Kyurem|100/100
|-ability|p2a: Kyurem|Pressure
|move|p1a: princess primarina|Flip Turn|p2a: Kyurem
|-resisted|p2a: Kyurem
|-damage|p2a: Kyurem|97/100
|
|t:|1779646863
|switch|p1a: blueberry|Ninetales-Alola, M|100/100|[from] Flip Turn
|
|-weather|Snowscape|[upkeep]
|upkeep
|turn|3
|
|t:|1779646872
|switch|p2a: Heatran|Heatran, F|100/100
|move|p1a: blueberry|Aurora Veil|p1a: blueberry
|-sidestart|p1: hi.im.hannahh|move: Aurora Veil
|
|-weather|Snowscape|[upkeep]
|upkeep
|turn|4
|
|t:|1779646890
|switch|p1a: princess primarina|Primarina, F|91/100
|move|p2a: Heatran|Will-O-Wisp|p1a: princess primarina
|-status|p1a: princess primarina|brn
|
|-weather|Snowscape|[upkeep]
|-damage|p1a: princess primarina|85/100 brn|[from] brn
|upkeep
|turn|5
|
|t:|1779646905
|move|p2a: Heatran|Taunt|p1a: princess primarina
|-start|p1a: princess primarina|move: Taunt
|move|p1a: princess primarina|Flip Turn|p2a: Heatran
|-supereffective|p2a: Heatran
|-damage|p2a: Heatran|87/100
|inactive|hi.im.hannahh has 270 seconds left.
|
|t:|1779646943
|switch|p1a: bodyguard|Great Tusk|100/100|[from] Flip Turn
|
|-weather|none
|-heal|p2a: Heatran|93/100|[from] item: Leftovers
|upkeep
|turn|6
|
|t:|1779646951
|switch|p2a: Hatterene|Hatterene, F|100/100
|move|p1a: bodyguard|Headlong Rush|p2a: Hatterene
|-damage|p2a: Hatterene|60/100
|-unboost|p1a: bodyguard|def|1
|-unboost|p1a: bodyguard|spd|1
|-damage|p1a: bodyguard|84/100|[from] item: Rocky Helmet|[of] p2a: Hatterene
|
|upkeep
|turn|7
|
|t:|1779646978
|-end|p1a: bodyguard|Protosynthesis|[silent]
|switch|p1a: golden girl|Gholdengo|100/100
|-item|p1a: golden girl|Air Balloon
|move|p2a: Hatterene|Nuzzle|p1a: golden girl
|-damage|p1a: golden girl|98/100
|-status|p1a: golden girl|par
|-enditem|p1a: golden girl|Air Balloon
|
|upkeep
|turn|8
|inactive|hi.im.hannahh has 240 seconds left.
|
|t:|1779646996
|switch|p2a: Heatran|Heatran, F|93/100
|cant|p1a: golden girl|par
|
|-heal|p2a: Heatran|99/100|[from] item: Leftovers
|upkeep
|turn|9
|inactive|hi.im.hannahh has 240 seconds left.
|
|t:|1779647011
|switch|p1a: princess primarina|Primarina, F|85/100 brn
|move|p2a: Heatran|Stealth Rock|p1a: princess primarina
|-sidestart|p1: hi.im.hannahh|move: Stealth Rock
|
|-heal|p2a: Heatran|100/100|[from] item: Leftovers
|-damage|p1a: princess primarina|79/100 brn|[from] brn
|upkeep
|turn|10
|inactive|Always has 270 seconds left.
|
|t:|1779647037
|switch|p2a: Kyurem|Kyurem|97/100
|-ability|p2a: Kyurem|Pressure
|move|p1a: princess primarina|Surf|p2a: Kyurem
|-resisted|p2a: Kyurem
|-crit|p2a: Kyurem
|-damage|p2a: Kyurem|72/100
|
|-damage|p1a: princess primarina|73/100 brn|[from] brn
|-sideend|p1: hi.im.hannahh|move: Aurora Veil
|upkeep
|turn|11
|inactive|Always has 270 seconds left.
|
|t:|1779647055
|move|p2a: Kyurem|Freeze-Dry|p1a: princess primarina
|-supereffective|p1a: princess primarina
|-damage|p1a: princess primarina|32/100 brn
|move|p1a: princess primarina|Moonblast|p2a: Kyurem
|-supereffective|p2a: Kyurem
|-damage|p2a: Kyurem|3/100
|
|-damage|p1a: princess primarina|26/100 brn|[from] brn
|upkeep
|turn|12
|inactive|Always has 270 seconds left.
|inactive|Always has 240 seconds left.
|
|t:|1779647104
|switch|p1a: blueberry|Ninetales-Alola, M|100/100
|-damage|p1a: blueberry|76/100|[from] Stealth Rock
|-weather|Snowscape|[from] ability: Snow Warning|[of] p1a: blueberry
|move|p2a: Kyurem|Body Press|p1a: blueberry
|-damage|p1a: blueberry|59/100
|
|-weather|Snowscape|[upkeep]
|upkeep
|turn|13
|inactive|Always has 240 seconds left.
|
|t:|1779647115
|move|p1a: blueberry|Aurora Veil|p1a: blueberry
|-sidestart|p1: hi.im.hannahh|move: Aurora Veil
|move|p2a: Kyurem|Earth Power|p1a: blueberry
|-damage|p1a: blueberry|44/100
|
|-weather|Snowscape|[upkeep]
|upkeep
|turn|14
|inactive|hi.im.hannahh has 240 seconds left.
|
|t:|1779647136
|switch|p2a: Heatran|Heatran, F|100/100
|move|p1a: blueberry|Moonblast|p2a: Heatran
|-resisted|p2a: Heatran
|-damage|p2a: Heatran|96/100
|
|-weather|Snowscape|[upkeep]
|-heal|p2a: Heatran|100/100|[from] item: Leftovers
|upkeep
|turn|15
|inactive|hi.im.hannahh has 240 seconds left.
|
|t:|1779647154
|switch|p1a: bodyguard|Great Tusk|84/100
|move|p2a: Heatran|Lava Plume|p1a: bodyguard
|-damage|p1a: bodyguard|61/100
|-status|p1a: bodyguard|brn
|
|-weather|Snowscape|[upkeep]
|-damage|p1a: bodyguard|55/100 brn|[from] brn
|upkeep
|turn|16
|
|t:|1779647164
|switch|p2a: Hatterene|Hatterene, F|60/100
|move|p1a: bodyguard|Rapid Spin|p2a: Hatterene
|-damage|p2a: Hatterene|54/100
|-boost|p1a: bodyguard|spe|1
|-damage|p1a: bodyguard|38/100 brn|[from] item: Rocky Helmet|[of] p2a: Hatterene
|-sideend|p1: hi.im.hannahh|Stealth Rock|[from] move: Rapid Spin|[of] p1a: bodyguard
|
|-weather|none
|-damage|p1a: bodyguard|32/100 brn|[from] brn
|upkeep
|turn|17
|inactive|hi.im.hannahh has 240 seconds left.
|inactive|hi.im.hannahh has 210 seconds left.
|
|t:|1779647212
|switch|p2a: Gliscor|Gliscor, F|100/100
|move|p1a: bodyguard|Knock Off|p2a: Gliscor
|-damage|p2a: Gliscor|90/100
|-enditem|p2a: Gliscor|Toxic Orb|[from] move: Knock Off|[of] p1a: bodyguard
|
|-damage|p1a: bodyguard|26/100 brn|[from] brn
|upkeep
|turn|18
|inactive|Always has 240 seconds left.
|inactive|hi.im.hannahh has 180 seconds left.
|
|t:|1779647252
|-end|p1a: bodyguard|Protosynthesis|[silent]
|switch|p1a: blueberry|Ninetales-Alola, M|44/100
|-weather|Snowscape|[from] ability: Snow Warning|[of] p1a: blueberry
|move|p2a: Gliscor|Earthquake|p1a: blueberry
|-damage|p1a: blueberry|30/100
|
|-weather|Snowscape|[upkeep]
|upkeep
|turn|19
|inactive|hi.im.hannahh has 180 seconds left.
|inactive|Always has 240 seconds left.
|
|t:|1779647263
|switch|p2a: Heatran|Heatran, F|100/100
|move|p1a: blueberry|Freeze-Dry|p2a: Heatran
|-resisted|p2a: Heatran
|-damage|p2a: Heatran|97/100
|
|-weather|Snowscape|[upkeep]
|-heal|p2a: Heatran|100/100|[from] item: Leftovers
|upkeep
|turn|20
|inactive|hi.im.hannahh has 180 seconds left.
|inactive|hi.im.hannahh has 150 seconds left.
|
|t:|1779647300
|switch|p1a: princess primarina|Primarina, F|26/100 brn
|move|p2a: Heatran|Stealth Rock|p1a: princess primarina
|-sidestart|p1: hi.im.hannahh|move: Stealth Rock
|
|-weather|Snowscape|[upkeep]
|-damage|p1a: princess primarina|20/100 brn|[from] brn
|-sideend|p1: hi.im.hannahh|move: Aurora Veil
|upkeep
|turn|21
|inactive|hi.im.hannahh has 150 seconds left.
|inactive|Always has 240 seconds left.
|
|t:|1779647320
|switch|p2a: Tornadus|Tornadus-Therian, M|100/100
|move|p1a: princess primarina|Surf|p2a: Tornadus
|-damage|p2a: Tornadus|32/100
|
|-weather|Snowscape|[upkeep]
|-damage|p1a: princess primarina|13/100 brn|[from] brn
|upkeep
|turn|22
|inactive|hi.im.hannahh has 150 seconds left.
|inactive|Always has 240 seconds left.
|
|t:|1779647356
|switch|p1a: golden girl|Gholdengo|98/100 par
|-damage|p1a: golden girl|92/100 par|[from] Stealth Rock
|move|p2a: Tornadus|U-turn|p1a: golden girl
|-resisted|p1a: golden girl
|-damage|p1a: golden girl|88/100 par
|
|t:|1779647364
|switch|p2a: Heatran|Heatran, F|100/100|[from] U-turn
|
|-weather|none
|upkeep
|turn|23
|inactive|hi.im.hannahh has 120 seconds left.
|
|t:|1779647395
|switch|p2a: Tornadus|Tornadus-Therian, M|65/100
|-terastallize|p1a: golden girl|Flying
|cant|p1a: golden girl|par
|
|upkeep
|turn|24
|inactive|hi.im.hannahh has 120 seconds left.
|inactive|Always has 210 seconds left.
|
|t:|1779647422
|move|p2a: Tornadus|Bleakwind Storm|p1a: golden girl|[miss]
|-miss|p2a: Tornadus|p1a: golden girl
|move|p1a: golden girl|Nasty Plot|p1a: golden girl
|-boost|p1a: golden girl|spa|2
|
|upkeep
|turn|25
|
|t:|1779647429
|move|p2a: Tornadus|Bleakwind Storm|p1a: golden girl
|-damage|p1a: golden girl|42/100 par
|move|p1a: golden girl|Shadow Ball|p2a: Tornadus
|-damage|p2a: Tornadus|0 fnt
|faint|p2a: Tornadus
|
|upkeep
|
|t:|1779647432
|switch|p2a: Kyurem|Kyurem|3/100
|-ability|p2a: Kyurem|Pressure
|turn|26
|inactive|hi.im.hannahh has 120 seconds left.
|
|t:|1779647462
|switch|p1a: samurai|Iron Valiant|100/100
|-damage|p1a: samurai|94/100|[from] Stealth Rock
|-enditem|p1a: samurai|Booster Energy
|-activate|p1a: samurai|ability: Quark Drive|[fromitem]
|-start|p1a: samurai|quarkdrivespe
|move|p2a: Kyurem|Ice Beam|p1a: samurai
|-damage|p1a: samurai|12/100
|
|upkeep
|turn|27
|inactive|Always has 210 seconds left.
|inactive|Always has 180 seconds left.
|
|t:|1779647510
|-end|p1a: samurai|Quark Drive|[silent]
|switch|p1a: blueberry|Ninetales-Alola, M|30/100
|-damage|p1a: blueberry|5/100|[from] Stealth Rock
|-weather|Snowscape|[from] ability: Snow Warning|[of] p1a: blueberry
|switch|p2a: Heatran|Heatran, F|100/100
|
|-weather|Snowscape|[upkeep]
|upkeep
|turn|28
|
|t:|1779647533
|move|p1a: blueberry|Aurora Veil|p1a: blueberry
|-sidestart|p1: hi.im.hannahh|move: Aurora Veil
|move|p2a: Heatran|Lava Plume|p1a: blueberry
|-supereffective|p1a: blueberry
|-damage|p1a: blueberry|0 fnt
|faint|p1a: blueberry
|
|-weather|Snowscape|[upkeep]
|upkeep
|
|t:|1779647539
|switch|p1a: bodyguard|Great Tusk|26/100 brn
|turn|29
|
|t:|1779647552
|-terastallize|p2a: Heatran|Ghost
|move|p1a: bodyguard|Rapid Spin|p2a: Heatran
|-immune|p2a: Heatran
|move|p2a: Heatran|Lava Plume|p1a: bodyguard
|-damage|p1a: bodyguard|4/100 brn
|
|-weather|Snowscape|[upkeep]
|-damage|p1a: bodyguard|0 fnt|[from] brn
|faint|p1a: bodyguard
|-end|p1a: bodyguard|Protosynthesis|[silent]
|upkeep
|inactive|hi.im.hannahh has 90 seconds left.
|
|t:|1779647574
|switch|p1a: royal knight|Kingambit, F|100/100
|-damage|p1a: royal knight|94/100|[from] Stealth Rock
|-activate|p1a: royal knight|ability: Supreme Overlord
|-start|p1a: royal knight|fallen2|[silent]
|turn|30
|inactive|hi.im.hannahh has 90 seconds left.
|
|t:|1779647602
|move|p2a: Heatran|Taunt|p1a: royal knight
|-start|p1a: royal knight|move: Taunt
|cant|p1a: royal knight|move: Taunt|Swords Dance
|
|-weather|Snowscape|[upkeep]
|upkeep
|turn|31
|inactive|hi.im.hannahh has 90 seconds left.
|
|t:|1779647615
|move|p1a: royal knight|Sucker Punch||[still]
|-fail|p1a: royal knight
|move|p2a: Heatran|Will-O-Wisp|p1a: royal knight
|-status|p1a: royal knight|brn
|
|-weather|none
|-damage|p1a: royal knight|88/100 brn|[from] brn
|upkeep
|turn|32
|inactive|hi.im.hannahh has 90 seconds left.
|inactive|Always has 180 seconds left.
|
|t:|1779647637
|switch|p2a: Kyurem|Kyurem|3/100
|-ability|p2a: Kyurem|Pressure
|move|p1a: royal knight|Kowtow Cleave|p2a: Kyurem
|-damage|p2a: Kyurem|0 fnt
|faint|p2a: Kyurem
|
|-damage|p1a: royal knight|82/100 brn|[from] brn
|-end|p1a: royal knight|move: Taunt
|upkeep
|
|t:|1779647639
|switch|p2a: Zamazenta|Zamazenta|100/100
|-ability|p2a: Zamazenta|Dauntless Shield|boost
|-boost|p2a: Zamazenta|def|1
|turn|33
|inactive|Always has 180 seconds left.
|
|t:|1779647654
|move|p2a: Zamazenta|Iron Defense|p2a: Zamazenta
|-boost|p2a: Zamazenta|def|2
|move|p1a: royal knight|Swords Dance|p1a: royal knight
|-boost|p1a: royal knight|atk|2
|
|-damage|p1a: royal knight|76/100 brn|[from] brn
|upkeep
|turn|34
|inactive|Always has 180 seconds left.
|
|t:|1779647666
|move|p2a: Zamazenta|Body Press|p1a: royal knight
|-supereffective|p1a: royal knight
|-damage|p1a: royal knight|0 fnt
|faint|p1a: royal knight
|-end|p1a: royal knight|fallen2|[silent]
|
|upkeep
|inactive|hi.im.hannahh has 90 seconds left.
|
|t:|1779647686
|switch|p1a: samurai|Iron Valiant|12/100
|-damage|p1a: samurai|6/100|[from] Stealth Rock
|turn|35
|inactive|hi.im.hannahh has 90 seconds left.
|
|t:|1779647699
|move|p2a: Zamazenta|Body Press|p1a: samurai
|-resisted|p1a: samurai
|-damage|p1a: samurai|0 fnt
|faint|p1a: samurai
|-end|p1a: samurai|Quark Drive|[silent]
|
|-sideend|p1: hi.im.hannahh|move: Aurora Veil
|upkeep
|inactive|hi.im.hannahh has 90 seconds left.
|
|t:|1779647717
|switch|p1a: golden girl|Gholdengo, tera:Flying|42/100 par
|-damage|p1a: golden girl|17/100 par|[from] Stealth Rock
|turn|36
|
|t:|1779647722
|move|p2a: Zamazenta|Body Press|p1a: golden girl
|-resisted|p1a: golden girl
|-damage|p1a: golden girl|0 fnt
|faint|p1a: golden girl
|
|upkeep
|
|t:|1779647726
|switch|p1a: princess primarina|Primarina, F|13/100 brn
|-damage|p1a: princess primarina|1/100 brn|[from] Stealth Rock
|turn|37
|c|☆Always|ggwp
|
|t:|1779647731
|move|p2a: Zamazenta|Body Press|p1a: princess primarina
|-resisted|p1a: princess primarina
|-damage|p1a: princess primarina|0 fnt
|faint|p1a: princess primarina
|
|win|Always
|c|☆hi.im.hannahh|gg
|player|p1|
