|j|☆qalaus
|j|☆LUPIIT
|t:|1779647485
|gametype|singles
|player|p1|qalaus|red|1418
|player|p2|LUPIIT|lucas|1446
|gen|9
|tier|[Gen 9] OU
|rated|
|rule|HP Percentage Mod: HP is shown in percentages
|rule|Endless Battle Clause: Forcing endless battles is banned
|rule|Species Clause: Limit one of each Pokémon
|rule|OHKO Clause: OHKO moves are banned
|rule|Evasion Items Clause: Evasion items are banned
|rule|Evasion Moves Clause: Evasion moves are banned
|rule|Evasion Abilities Clause: Evasion abilities are banned
|rule|Sleep Moves Clause: Sleep-inducing moves are banned
|clearpoke
|poke|p1|Gliscor, M|
|poke|p1|Vaporeon, F|
|poke|p1|Blaziken, M|
|poke|p1|Meowscarada, F|
|poke|p1|Slowbro, M|
|poke|p1|Raichu, M|
|poke|p2|Smeargle, M|
|poke|p2|Zapdos|
|poke|p2|Hydrapple, F|
|poke|p2|Skeledirge, M|
|poke|p2|Toxapex, M|
|poke|p2|Comfey, F|
|teampreview
|inactive|Battle timer is ON: inactive players will automatically lose when time's up. (requested by LUPIIT)
|
|t:|1779647494
|teamsize|p1|6
|teamsize|p2|6
|start
|switch|p1a: Raichu|Raichu, M|100/100
|switch|p2a: Smeargle|Smeargle, M|100/100
|turn|1
|
|t:|1779647503
|move|p1a: Raichu|Volt Switch|p2a: Smeargle
|-crit|p2a: Smeargle
|-enditem|p2a: Smeargle|Focus Sash
|-damage|p2a: Smeargle|1/100
|
|t:|1779647521
|switch|p1a: Meowscarada|Meowscarada, F|100/100|[from] Volt Switch
|move|p2a: Smeargle|Sticky Web|p1a: Meowscarada
|-sidestart|p1: qalaus|move: Sticky Web
|
|upkeep
|turn|2
|
|t:|1779647527
|move|p2a: Smeargle|Burning Bulwark|p2a: Smeargle
|-singleturn|p2a: Smeargle|move: Protect
|move|p1a: Meowscarada|U-turn|p2a: Smeargle
|-start|p1a: Meowscarada|typechange|Bug|[from] ability: Protean
|-activate|p2a: Smeargle|move: Protect
|-status|p1a: Meowscarada|brn
|
|-damage|p1a: Meowscarada|94/100 brn|[from] brn
|upkeep
|turn|3
|
|t:|1779647537
|switch|p2a: Zapdos|Zapdos|100/100
|move|p1a: Meowscarada|U-turn|p2a: Zapdos
|-resisted|p2a: Zapdos
|-damage|p2a: Zapdos|95/100
|
|t:|1779647543
|switch|p1a: Raichu|Raichu, M|100/100|[from] U-turn
|-activate|p1a: Raichu|move: Sticky Web
|-unboost|p1a: Raichu|spe|1
|
|upkeep
|turn|4
|
|t:|1779647549
|switch|p2a: Smeargle|Smeargle, M|1/100
|move|p1a: Raichu|Thunderbolt|p2a: Smeargle
|-damage|p2a: Smeargle|0 fnt
|faint|p2a: Smeargle
|
|upkeep
|
|t:|1779647553
|switch|p2a: Skeledirge|Skeledirge, M|100/100
|turn|5
|
|t:|1779647559
|switch|p2a: Hydrapple|Hydrapple, F|100/100
|switch|p1a: Vaporeon|Vaporeon, F|100/100
|-activate|p1a: Vaporeon|move: Sticky Web
|-unboost|p1a: Vaporeon|spe|1
|
|upkeep
|turn|6
|
|t:|1779647566
|move|p2a: Hydrapple|Nasty Plot|p2a: Hydrapple
|-boost|p2a: Hydrapple|spa|2
|move|p1a: Vaporeon|Ice Beam|p2a: Hydrapple
|-supereffective|p2a: Hydrapple
|-damage|p2a: Hydrapple|18/100
|
|upkeep
|turn|7
|
|t:|1779647578
|move|p2a: Hydrapple|Giga Drain|p1a: Vaporeon
|-supereffective|p1a: Vaporeon
|-damage|p1a: Vaporeon|12/100
|-heal|p2a: Hydrapple|67/100|[from] drain|[of] p1a: Vaporeon
|move|p1a: Vaporeon|Ice Beam|p2a: Hydrapple
|-supereffective|p2a: Hydrapple
|-damage|p2a: Hydrapple|0 fnt
|faint|p2a: Hydrapple
|
|-heal|p1a: Vaporeon|18/100|[from] item: Leftovers
|upkeep
|
|t:|1779647582
|switch|p2a: Skeledirge|Skeledirge, M|100/100
|turn|8
|
|t:|1779647591
|move|p2a: Skeledirge|Torch Song|p1a: Vaporeon
|-resisted|p1a: Vaporeon
|-damage|p1a: Vaporeon|4/100
|-boost|p2a: Skeledirge|spa|1
|move|p1a: Vaporeon|Wish|p1a: Vaporeon
|
|-heal|p1a: Vaporeon|10/100|[from] item: Leftovers
|upkeep
|turn|9
|
|t:|1779647598
|move|p1a: Vaporeon|Protect|p1a: Vaporeon
|-singleturn|p1a: Vaporeon|Protect
|move|p2a: Skeledirge|Torch Song|p1a: Vaporeon
|-activate|p1a: Vaporeon|move: Protect
|
|-heal|p1a: Vaporeon|60/100|[from] move: Wish|[wisher] Vaporeon
|-heal|p1a: Vaporeon|67/100|[from] item: Leftovers
|upkeep
|turn|10
|-message|LUPIIT forfeited.
|
|win|qalaus
|raw|qalaus's rating: 1418 &rarr; <strong>1440</strong><br />(+22 for winning)
|raw|LUPIIT's rating: 1446 &rarr; <strong>1424</strong><br />(-22 for losing)
|l|☆LUPIIT
|player|p2|
|l|☆qalaus
|player|p1|
