|j|☆SemperMamba
|j|☆chrovalis
|t:|1779661447
|gametype|singles
|player|p1|SemperMamba|blackbelt-gen4dp|1300
|player|p2|chrovalis|ethan|1249
|gen|9
|tier|[Gen 9] OU
|rated|
|rule|HP Percentage Mod: HP is shown in percentages
|rule|Endless Battle Clause: Forcing endless battles is banned
|rule|Species Clause: Limit one of each Pokémon
|rule|OHKO Clause: OHKO moves are banned
|rule|Evasion Items Clause: Evasion items are banned
|rule|Evasion Moves Clause: Evasion moves are banned
|rule|Evasion Abilities Clause: Evasion abilities are banned
|rule|Sleep Moves Clause: Sleep-inducing moves are banned
|clearpoke
|poke|p1|Pincurchin, M|
|poke|p1|Iron Valiant|
|poke|p1|Raichu-Alola, F|
|poke|p1|Pelipper, M|
|poke|p1|Dragapult, M|
|poke|p1|Iron Treads|
|poke|p2|Arcanine, M|
|poke|p2|Decidueye, M|
|poke|p2|Mudsdale, M|
|poke|p2|Rotom-Wash|
|poke|p2|Espeon, M|
|poke|p2|Snorlax, M|
|teampreview
|inactive|Battle timer is ON: inactive players will automatically lose when time's up. (requested by chrovalis)
|
|t:|1779661461
|teamsize|p1|6
|teamsize|p2|6
|start
|switch|p1a: Pincurchin|Pincurchin, M|100/100
|switch|p2a: Snorlax|Snorlax, M, shiny|100/100
|-fieldstart|move: Electric Terrain|[from] ability: Electric Surge|[of] p1a: Pincurchin
|turn|1
|
|t:|1779661487
|move|p2a: Snorlax|Curse|p2a: Snorlax
|-unboost|p2a: Snorlax|spe|1
|-boost|p2a: Snorlax|atk|1
|-boost|p2a: Snorlax|def|1
|move|p1a: Pincurchin|Scald|p2a: Snorlax
|-damage|p2a: Snorlax|93/100
|-status|p2a: Snorlax|brn
|
|-heal|p2a: Snorlax|99/100 brn|[from] item: Leftovers
|-damage|p2a: Snorlax|93/100 brn|[from] brn
|upkeep
|turn|2
|
|t:|1779661507
|switch|p1a: Iron Valiant|Iron Valiant|100/100
|-activate|p1a: Iron Valiant|ability: Quark Drive
|-start|p1a: Iron Valiant|quarkdrivespe
|move|p2a: Snorlax|Curse|p2a: Snorlax
|-unboost|p2a: Snorlax|spe|1
|-boost|p2a: Snorlax|atk|1
|-boost|p2a: Snorlax|def|1
|
|-heal|p2a: Snorlax|99/100 brn|[from] item: Leftovers
|-damage|p2a: Snorlax|93/100 brn|[from] brn
|upkeep
|turn|3
|
|t:|1779661513
|move|p1a: Iron Valiant|Trick|p2a: Snorlax
|-activate|p1a: Iron Valiant|move: Trick|[of] p2a: Snorlax
|-item|p2a: Snorlax|Choice Specs|[from] move: Trick
|-item|p1a: Iron Valiant|Leftovers|[from] move: Trick
|move|p2a: Snorlax|Rest||[still]
|-activate|p2a: Snorlax|move: Electric Terrain
|-fail|p2a: Snorlax
|
|-damage|p2a: Snorlax|86/100 brn|[from] brn
|upkeep
|turn|4
|
|t:|1779661530
|switch|p2a: Arcanine|Arcanine, M|100/100
|-ability|p2a: Arcanine|Intimidate|boost
|-unboost|p1a: Iron Valiant|atk|1
|move|p1a: Iron Valiant|Moonblast|p2a: Arcanine
|-resisted|p2a: Arcanine
|-damage|p2a: Arcanine|77/100
|
|upkeep
|turn|5
|
|t:|1779661543
|-end|p1a: Iron Valiant|Quark Drive|[silent]
|switch|p1a: Pelipper|Pelipper, M|100/100
|-weather|RainDance|[from] ability: Drizzle|[of] p1a: Pelipper
|move|p2a: Arcanine|Flare Blitz|p1a: Pelipper
|-resisted|p1a: Pelipper
|-damage|p1a: Pelipper|89/100
|-damage|p2a: Arcanine|74/100|[from] Recoil
|
|-weather|RainDance|[upkeep]
|upkeep
|turn|6
|
|t:|1779661551
|switch|p2a: Rotom|Rotom-Wash, shiny|100/100
|move|p1a: Pelipper|U-turn|p2a: Rotom
|-damage|p2a: Rotom|94/100
|-damage|p1a: Pelipper|73/100|[from] item: Rocky Helmet|[of] p2a: Rotom
|
|t:|1779661560
|switch|p1a: Raichu|Raichu-Alola, F, shiny|100/100|[from] U-turn
|
|-weather|RainDance|[upkeep]
|upkeep
|turn|7
|
|t:|1779661568
|move|p1a: Raichu|Thunder|p2a: Rotom
|-damage|p2a: Rotom|23/100
|move|p2a: Rotom|Hydro Pump|p1a: Raichu
|-damage|p1a: Raichu|9/100
|
|-weather|RainDance|[upkeep]
|upkeep
|turn|8
|
|t:|1779661580
|move|p1a: Raichu|Psychic Noise|p2a: Rotom
|-damage|p2a: Rotom|0 fnt
|faint|p2a: Rotom
|
|-weather|RainDance|[upkeep]
|-fieldend|move: Electric Terrain
|upkeep
|
|t:|1779661585
|switch|p2a: Decidueye|Decidueye, M, shiny|100/100
|turn|9
|
|t:|1779661607
|switch|p1a: Pincurchin|Pincurchin, M|100/100
|-fieldstart|move: Electric Terrain|[from] ability: Electric Surge|[of] p1a: Pincurchin
|move|p2a: Decidueye|Shadow Sneak|p1a: Pincurchin
|-damage|p1a: Pincurchin|69/100
|
|-weather|RainDance|[upkeep]
|upkeep
|turn|10
|inactive|SemperMamba has 120 seconds left.
|
|t:|1779661632
|move|p1a: Pincurchin|Sucker Punch||[still]
|-fail|p1a: Pincurchin
|move|p2a: Decidueye|Swords Dance|p2a: Decidueye
|-boost|p2a: Decidueye|atk|2
|
|-weather|RainDance|[upkeep]
|upkeep
|turn|11
|inactive|SemperMamba has 120 seconds left.
|
|t:|1779661639
|-terastallize|p2a: Decidueye|Ghost
|move|p2a: Decidueye|Shadow Sneak|p1a: Pincurchin
|-damage|p1a: Pincurchin|0 fnt
|faint|p1a: Pincurchin
|
|-weather|RainDance|[upkeep]
|upkeep
|inactive|SemperMamba has 120 seconds left.
|
|t:|1779661652
|switch|p1a: Iron Treads|Iron Treads|100/100
|-activate|p1a: Iron Treads|ability: Quark Drive
|-start|p1a: Iron Treads|quarkdrivespe
|turn|12
|inactive|SemperMamba has 120 seconds left.
|
|t:|1779661682
|move|p1a: Iron Treads|Steel Roller|p2a: Decidueye
|-damage|p2a: Decidueye|29/100
|-fieldend|move: Electric Terrain
|-end|p1a: Iron Treads|Quark Drive
|move|p2a: Decidueye|Spirit Shackle|p1a: Iron Treads
|-damage|p1a: Iron Treads|3/100
|-activate|p1a: Iron Treads|trapped
|
|-weather|none
|upkeep
|turn|13
|
|t:|1779661690
|move|p2a: Decidueye|Shadow Sneak|p1a: Iron Treads
|-damage|p1a: Iron Treads|0 fnt
|faint|p1a: Iron Treads
|-end|p1a: Iron Treads|Quark Drive|[silent]
|
|upkeep
|
|t:|1779661696
|switch|p1a: Pelipper|Pelipper, M|73/100
|-weather|RainDance|[from] ability: Drizzle|[of] p1a: Pelipper
|turn|14
|
|t:|1779661704
|move|p2a: Decidueye|Spirit Shackle|p1a: Pelipper
|-damage|p1a: Pelipper|0 fnt
|faint|p1a: Pelipper
|
|-weather|RainDance|[upkeep]
|upkeep
|
|t:|1779661723
|switch|p1a: Dragapult|Dragapult, M|100/100
|turn|15
|
|t:|1779661736
|-terastallize|p1a: Dragapult|Dark
|move|p2a: Decidueye|Shadow Sneak|p1a: Dragapult
|-resisted|p1a: Dragapult
|-damage|p1a: Dragapult|56/100
|move|p1a: Dragapult|Dragon Darts|p2a: Decidueye
|-crit|p2a: Decidueye
|-damage|p2a: Decidueye|0 fnt
|faint|p2a: Decidueye
|
|-weather|RainDance|[upkeep]
|upkeep
|
|t:|1779661750
|switch|p2a: Mudsdale|Mudsdale, M|100/100
|turn|16
|
|t:|1779661759
|move|p1a: Dragapult|Will-O-Wisp|p2a: Mudsdale
|-status|p2a: Mudsdale|brn
|move|p2a: Mudsdale|Body Press|p1a: Dragapult
|-supereffective|p1a: Dragapult
|-damage|p1a: Dragapult|24/100
|-start|p2a: Mudsdale|Disable|Body Press|[from] ability: Cursed Body|[of] p1a: Dragapult
|
|-weather|RainDance|[upkeep]
|-damage|p2a: Mudsdale|94/100 brn|[from] brn
|upkeep
|turn|17
|
|t:|1779661782
|move|p1a: Dragapult|Hex|p2a: Mudsdale
|-damage|p2a: Mudsdale|52/100 brn
|-ability|p2a: Mudsdale|Stamina|boost
|-boost|p2a: Mudsdale|def|1
|move|p2a: Mudsdale|Earthquake|p1a: Dragapult
|-damage|p1a: Dragapult|0 fnt
|faint|p1a: Dragapult
|
|-weather|RainDance|[upkeep]
|-heal|p2a: Mudsdale|58/100 brn|[from] item: Leftovers
|-damage|p2a: Mudsdale|52/100 brn|[from] brn
|upkeep
|
|t:|1779661789
|switch|p1a: Raichu|Raichu-Alola, F, shiny|9/100
|turn|18
|
|t:|1779661798
|move|p1a: Raichu|Surf|p2a: Mudsdale
|-supereffective|p2a: Mudsdale
|-damage|p2a: Mudsdale|0 fnt
|faint|p2a: Mudsdale
|
|-weather|RainDance|[upkeep]
|upkeep
|
|t:|1779661806
|switch|p2a: Arcanine|Arcanine, M|74/100
|-ability|p2a: Arcanine|Intimidate|boost
|-unboost|p1a: Raichu|atk|1
|turn|19
|
|t:|1779661811
|move|p2a: Arcanine|Extreme Speed|p1a: Raichu
|-damage|p1a: Raichu|0 fnt
|faint|p1a: Raichu
|
|-weather|RainDance|[upkeep]
|upkeep
|
|t:|1779661814
|switch|p1a: Iron Valiant|Iron Valiant|100/100
|turn|20
|inactive|SemperMamba has 120 seconds left.
|
|t:|1779661825
|move|p1a: Iron Valiant|Aura Sphere|p2a: Arcanine
|-damage|p2a: Arcanine|29/100
|move|p2a: Arcanine|Flare Blitz|p1a: Iron Valiant
|-damage|p1a: Iron Valiant|60/100
|-damage|p2a: Arcanine|19/100|[from] Recoil
|
|-weather|RainDance|[upkeep]
|-heal|p1a: Iron Valiant|66/100|[from] item: Leftovers
|upkeep
|turn|21
|inactive|SemperMamba has 120 seconds left.
|
|t:|1779661834
|move|p2a: Arcanine|Extreme Speed|p1a: Iron Valiant
|-crit|p1a: Iron Valiant
|-damage|p1a: Iron Valiant|13/100
|move|p1a: Iron Valiant|Aura Sphere|p2a: Arcanine
|-damage|p2a: Arcanine|0 fnt
|faint|p2a: Arcanine
|
|-weather|none
|-heal|p1a: Iron Valiant|19/100|[from] item: Leftovers
|upkeep
|
|t:|1779661840
|switch|p2a: Espeon|Espeon, M|100/100
|turn|22
|
|t:|1779661844
|move|p1a: Iron Valiant|Knock Off|p2a: Espeon
|-supereffective|p2a: Espeon
|-damage|p2a: Espeon|5/100
|-enditem|p2a: Espeon|Assault Vest|[from] move: Knock Off|[of] p1a: Iron Valiant
|move|p2a: Espeon|Alluring Voice|p1a: Iron Valiant
|-supereffective|p1a: Iron Valiant
|-damage|p1a: Iron Valiant|0 fnt
|faint|p1a: Iron Valiant
|-end|p1a: Iron Valiant|Quark Drive|[silent]
|
|win|chrovalis
|raw|SemperMamba's rating: 1300 &rarr; <strong>1271</strong><br />(-29 for losing)
|raw|chrovalis's rating: 1249 &rarr; <strong>1278</strong><br />(+29 for winning)
|l|☆SemperMamba
|player|p1|
|l|☆chrovalis
|player|p2|
