|j|☆DuckyBro
|j|☆Auburn Hills
|t:|1779625613
|gametype|singles
|player|p1|DuckyBro|dragontamer|1645
|player|p2|Auburn Hills|alder|1745
|gen|9
|tier|[Gen 9] OU
|rated|
|rule|HP Percentage Mod: HP is shown in percentages
|rule|Endless Battle Clause: Forcing endless battles is banned
|rule|Species Clause: Limit one of each Pokémon
|rule|OHKO Clause: OHKO moves are banned
|rule|Evasion Items Clause: Evasion items are banned
|rule|Evasion Moves Clause: Evasion moves are banned
|rule|Evasion Abilities Clause: Evasion abilities are banned
|rule|Sleep Moves Clause: Sleep-inducing moves are banned
|clearpoke
|poke|p1|Cinderace, M|
|poke|p1|Dondozo, F|
|poke|p1|Zapdos|
|poke|p1|Garchomp, M|
|poke|p1|Kyurem|
|poke|p1|Volcanion|
|poke|p2|Iron Moth|
|poke|p2|Umbreon, F|
|poke|p2|Garchomp, M|
|poke|p2|Glimmora, F|
|poke|p2|Gholdengo|
|poke|p2|Dragonite, F|
|teampreview
|
|t:|1779625689
|teamsize|p1|6
|teamsize|p2|6
|start
|switch|p1a: Garchomp|Garchomp, M|100/100
|switch|p2a: Rat Tally|Garchomp, M|100/100
|turn|1
|
|t:|1779625698
|move|p2a: Rat Tally|Scale Shot|p1a: Garchomp
|-supereffective|p1a: Garchomp
|-damage|p1a: Garchomp|75/100
|-supereffective|p1a: Garchomp
|-damage|p1a: Garchomp|47/100
|-supereffective|p1a: Garchomp
|-damage|p1a: Garchomp|22/100
|-supereffective|p1a: Garchomp
|-damage|p1a: Garchomp|0 fnt
|faint|p1a: Garchomp
|-hitcount|p1: Garchomp|4
|-unboost|p2a: Rat Tally|def|1
|-boost|p2a: Rat Tally|spe|1
|
|upkeep
|
|t:|1779625706
|switch|p1a: Dondozo|Dondozo, F|100/100
|turn|2
|
|t:|1779625764
|switch|p2a: Smino|Gholdengo|100/100
|move|p1a: Dondozo|Curse|p1a: Dondozo
|-unboost|p1a: Dondozo|spe|1
|-boost|p1a: Dondozo|atk|1
|-boost|p1a: Dondozo|def|1
|
|upkeep
|turn|3
|inactive|Battle timer is ON: inactive players will automatically lose when time's up. (requested by Auburn Hills)
|
|t:|1779625781
|move|p2a: Smino|Trick|p1a: Dondozo
|-activate|p2a: Smino|move: Trick|[of] p1a: Dondozo
|-item|p1a: Dondozo|Choice Scarf|[from] move: Trick
|-item|p2a: Smino|Covert Cloak|[from] move: Trick
|move|p1a: Dondozo|Liquidation|p2a: Smino
|-damage|p2a: Smino|58/100
|
|upkeep
|turn|4
|inactive|Auburn Hills has 120 seconds left.
|inactive|Auburn Hills has 90 seconds left.
|
|t:|1779625851
|move|p2a: Smino|Shadow Ball|p1a: Dondozo
|-damage|p1a: Dondozo|59/100
|move|p1a: Dondozo|Liquidation|p2a: Smino
|-damage|p2a: Smino|14/100
|
|upkeep
|turn|5
|
|t:|1779625857
|move|p2a: Smino|Shadow Ball|p1a: Dondozo
|-damage|p1a: Dondozo|14/100
|move|p1a: Dondozo|Liquidation|p2a: Smino
|-damage|p2a: Smino|0 fnt
|faint|p2a: Smino
|
|upkeep
|
|t:|1779625862
|switch|p2a: Julia Jacklin|Glimmora, F|100/100
|turn|6
|
|t:|1779625872
|move|p2a: Julia Jacklin|Sludge Wave|p1a: Dondozo
|-damage|p1a: Dondozo|0 fnt
|faint|p1a: Dondozo
|
|upkeep
|
|t:|1779625878
|switch|p1a: Kyurem|Kyurem|100/100
|-ability|p1a: Kyurem|Pressure
|turn|7
|inactive|Auburn Hills has 90 seconds left.
|
|t:|1779625916
|switch|p2a: Alvvays|Umbreon, F|100/100
|move|p1a: Kyurem|Draco Meteor|p2a: Alvvays
|-damage|p2a: Alvvays|48/100
|-unboost|p1a: Kyurem|spa|2
|
|-heal|p2a: Alvvays|54/100|[from] item: Leftovers
|upkeep
|turn|8
|
|t:|1779625928
|switch|p1a: Zapdos|Zapdos|100/100
|move|p2a: Alvvays|Wish|p2a: Alvvays
|
|-heal|p2a: Alvvays|61/100|[from] item: Leftovers
|upkeep
|turn|9
|inactive|Auburn Hills has 90 seconds left.
|inactive|Auburn Hills has 60 seconds left.
|
|t:|1779626002
|move|p2a: Alvvays|Protect|p2a: Alvvays
|-singleturn|p2a: Alvvays|Protect
|move|p1a: Zapdos|Hurricane|p2a: Alvvays
|-activate|p2a: Alvvays|move: Protect
|
|-heal|p2a: Alvvays|100/100|[from] move: Wish|[wisher] Alvvays
|upkeep
|turn|10
|
|t:|1779626008
|switch|p2a: Rat Tally|Garchomp, M|100/100
|move|p1a: Zapdos|Hurricane|p2a: Rat Tally|[miss]
|-miss|p1a: Zapdos|p2a: Rat Tally
|
|upkeep
|turn|11
|
|t:|1779626012
|move|p2a: Rat Tally|Swords Dance|p2a: Rat Tally
|-boost|p2a: Rat Tally|atk|2
|move|p1a: Zapdos|Hurricane|p2a: Rat Tally|[miss]
|-miss|p1a: Zapdos|p2a: Rat Tally
|
|upkeep
|turn|12
|
|t:|1779626016
|move|p2a: Rat Tally|Scale Shot|p1a: Zapdos
|-crit|p1a: Zapdos
|-damage|p1a: Zapdos|56/100
|-damage|p1a: Zapdos|25/100
|-damage|p1a: Zapdos|0 fnt
|faint|p1a: Zapdos
|-hitcount|p1: Zapdos|3
|-unboost|p2a: Rat Tally|def|1
|-boost|p2a: Rat Tally|spe|1
|
|upkeep
|-message|DuckyBro forfeited.
|
|win|Auburn Hills
|raw|DuckyBro's rating: 1645 &rarr; <strong>1631</strong><br />(-14 for losing)
|raw|Auburn Hills's rating: 1745 &rarr; <strong>1759</strong><br />(+14 for winning)
|l|☆DuckyBro
|player|p1|
