|badge|p2|bronze|gen9ou|100-9
|badge|p2|bronze|gen9randombattle|100-9
|uhtml|medal-msg|<div class="broadcast-blue">Curious what those medals under the avatar are? PS now has Ladder Seasons! For more information, check out the <a href="https://www.smogon.com/forums/threads/3740067/">thread on Smogon.</a></div>
|j|☆Nuii09
|j|☆portobellomushroom
|t:|1779685267
|gametype|singles
|player|p1|Nuii09|baker|1633
|player|p2|portobellomushroom|turo-ai|1785
|gen|9
|tier|[Gen 9] OU
|rated|
|rule|HP Percentage Mod: HP is shown in percentages
|rule|Endless Battle Clause: Forcing endless battles is banned
|rule|Species Clause: Limit one of each Pokémon
|rule|OHKO Clause: OHKO moves are banned
|rule|Evasion Items Clause: Evasion items are banned
|rule|Evasion Moves Clause: Evasion moves are banned
|rule|Evasion Abilities Clause: Evasion abilities are banned
|rule|Sleep Moves Clause: Sleep-inducing moves are banned
|clearpoke
|poke|p1|Raging Bolt|
|poke|p1|Cinderace, F|
|poke|p1|Dondozo, F|
|poke|p1|Weezing-Galar, M|
|poke|p1|Corviknight, M|
|poke|p1|Ting-Lu|
|poke|p2|Glimmora, M|
|poke|p2|Polteageist|
|poke|p2|Deoxys-Speed|
|poke|p2|Great Tusk|
|poke|p2|Dragonite, M|
|poke|p2|Iron Valiant|
|teampreview
|inactive|Battle timer is ON: inactive players will automatically lose when time's up. (requested by portobellomushroom)
|
|t:|1779685280
|teamsize|p1|6
|teamsize|p2|6
|start
|switch|p1a: Ting-Lu|Ting-Lu|100/100
|switch|p2a: glim glam|Glimmora, M|100/100
|-ability|p1a: Ting-Lu|Vessel of Ruin
|turn|1
|
|t:|1779685283
|move|p2a: glim glam|Mortal Spin|p1a: Ting-Lu
|-resisted|p1a: Ting-Lu
|-damage|p1a: Ting-Lu|99/100
|-status|p1a: Ting-Lu|psn
|move|p1a: Ting-Lu|Earthquake|p2a: glim glam
|-supereffective|p2a: glim glam
|-enditem|p2a: glim glam|Focus Sash
|-damage|p2a: glim glam|1/100
|-activate|p2a: glim glam|ability: Toxic Debris
|-sidestart|p1: Nuii09|move: Toxic Spikes
|
|-heal|p1a: Ting-Lu|100/100 psn|[from] item: Leftovers
|-damage|p1a: Ting-Lu|88/100 psn|[from] psn
|upkeep
|turn|2
|j| Little Cuack
|
|t:|1779685288
|move|p2a: glim glam|Stealth Rock|p1a: Ting-Lu
|-sidestart|p1: Nuii09|move: Stealth Rock
|move|p1a: Ting-Lu|Earthquake|p2a: glim glam
|-supereffective|p2a: glim glam
|-damage|p2a: glim glam|0 fnt
|-activate|p2a: glim glam|ability: Toxic Debris
|-sidestart|p1: Nuii09|move: Toxic Spikes
|faint|p2a: glim glam
|
|-heal|p1a: Ting-Lu|94/100 psn|[from] item: Leftovers
|-damage|p1a: Ting-Lu|82/100 psn|[from] psn
|upkeep
|inactive|portobellomushroom has 120 seconds left.
|
|t:|1779685319
|switch|p2a: great donphan|Great Tusk|100/100
|-enditem|p2a: great donphan|Booster Energy
|-activate|p2a: great donphan|ability: Protosynthesis|[fromitem]
|-start|p2a: great donphan|protosynthesisspe
|turn|3
|
|t:|1779685324
|switch|p1a: Corviknight|Corviknight, M|100/100
|-damage|p1a: Corviknight|88/100|[from] Stealth Rock
|-ability|p1a: Corviknight|Pressure
|move|p2a: great donphan|Bulk Up|p2a: great donphan
|-boost|p2a: great donphan|atk|1
|-boost|p2a: great donphan|def|1
|
|upkeep
|turn|4
|
|t:|1779685329
|move|p2a: great donphan|Close Combat|p1a: Corviknight
|-damage|p1a: Corviknight|44/100
|-unboost|p2a: great donphan|def|1
|-unboost|p2a: great donphan|spd|1
|-damage|p2a: great donphan|84/100|[from] item: Rocky Helmet|[of] p1a: Corviknight
|move|p1a: Corviknight|Defog|p2a: great donphan
|-unboost|p2a: great donphan|evasion|1
|-sideend|p1: Nuii09|Toxic Spikes|[from] move: Defog|[of] p1a: Corviknight
|-sideend|p1: Nuii09|Stealth Rock|[from] move: Defog|[of] p1a: Corviknight
|
|upkeep
|turn|5
|
|t:|1779685341
|move|p2a: great donphan|Close Combat|p1a: Corviknight
|-crit|p1a: Corviknight
|-damage|p1a: Corviknight|0 fnt
|-unboost|p2a: great donphan|def|1
|-unboost|p2a: great donphan|spd|1
|-damage|p2a: great donphan|67/100|[from] item: Rocky Helmet|[of] p1a: Corviknight
|faint|p1a: Corviknight
|
|upkeep
|
|t:|1779685346
|switch|p1a: Dondozo|Dondozo, F|100/100
|turn|6
|
|t:|1779685355
|-end|p2a: great donphan|Protosynthesis|[silent]
|switch|p2a: liting mcgoo|Deoxys-Speed|100/100
|-ability|p2a: liting mcgoo|Pressure
|move|p1a: Dondozo|Curse|p1a: Dondozo
|-unboost|p1a: Dondozo|spe|1
|-boost|p1a: Dondozo|atk|1
|-boost|p1a: Dondozo|def|1
|
|upkeep
|turn|7
|
|t:|1779685359
|move|p2a: liting mcgoo|Nasty Plot|p2a: liting mcgoo
|-boost|p2a: liting mcgoo|spa|2
|move|p1a: Dondozo|Liquidation|p2a: liting mcgoo
|-damage|p2a: liting mcgoo|31/100
|
|upkeep
|turn|8
|
|t:|1779685365
|move|p2a: liting mcgoo|Psycho Boost|p1a: Dondozo
|-damage|p1a: Dondozo|48/100
|-unboost|p2a: liting mcgoo|spa|2
|-damage|p2a: liting mcgoo|21/100|[from] item: Life Orb
|move|p1a: Dondozo|Liquidation|p2a: liting mcgoo
|-damage|p2a: liting mcgoo|0 fnt
|faint|p2a: liting mcgoo
|
|-heal|p1a: Dondozo|54/100|[from] item: Leftovers
|upkeep
|
|t:|1779685371
|switch|p2a: drank|Polteageist|100/100
|turn|9
|
|t:|1779685385
|move|p2a: drank|Shadow Ball|p1a: Dondozo
|-damage|p1a: Dondozo|22/100
|move|p1a: Dondozo|Curse|p1a: Dondozo
|-unboost|p1a: Dondozo|spe|1
|-boost|p1a: Dondozo|atk|1
|-boost|p1a: Dondozo|def|1
|
|-heal|p1a: Dondozo|28/100|[from] item: Leftovers
|upkeep
|turn|10
|
|t:|1779685393
|-terastallize|p1a: Dondozo|Dark
|move|p2a: drank|Shadow Ball|p1a: Dondozo
|-resisted|p1a: Dondozo
|-damage|p1a: Dondozo|13/100
|move|p1a: Dondozo|Rest|p1a: Dondozo
|-status|p1a: Dondozo|slp|[from] move: Rest
|-heal|p1a: Dondozo|100/100 slp|[silent]
|
|upkeep
|turn|11
|
|t:|1779685400
|switch|p2a: which set?|Iron Valiant|100/100
|-enditem|p2a: which set?|Booster Energy
|-activate|p2a: which set?|ability: Quark Drive|[fromitem]
|-start|p2a: which set?|quarkdrivespe
|cant|p1a: Dondozo|slp
|move|p1a: Dondozo|Sleep Talk|p1a: Dondozo
|move|p1a: Dondozo|Liquidation|p2a: which set?|[from] move: Sleep Talk
|-damage|p2a: which set?|29/100
|-unboost|p2a: which set?|def|1
|
|upkeep
|turn|12
|
|t:|1779685415
|switch|p1a: Weezing|Weezing-Galar, M|100/100
|-ability|p1a: Weezing|Neutralizing Gas
|move|p2a: which set?|Close Combat|p1a: Weezing
|-resisted|p1a: Weezing
|-damage|p1a: Weezing|91/100
|-unboost|p2a: which set?|def|1
|-unboost|p2a: which set?|spd|1
|
|-heal|p1a: Weezing|97/100|[from] item: Leftovers
|upkeep
|turn|13
|-message|portobellomushroom forfeited.
|
|win|Nuii09
|raw|Nuii09's rating: 1633 &rarr; <strong>1661</strong><br />(+28 for winning)
|raw|portobellomushroom's rating: 1785 &rarr; <strong>1757</strong><br />(-28 for losing)
|l|☆portobellomushroom
|player|p2|
|j| leanbeans08
|l| Little Cuack
