|j|☆Saint qirex
|j|☆PokeWinWow
|t:|1779681834
|gametype|singles
|player|p1|Saint qirex|169|1574
|player|p2|PokeWinWow|169|1547
|gen|9
|tier|[Gen 9] OU
|rated|
|rule|HP Percentage Mod: HP is shown in percentages
|rule|Endless Battle Clause: Forcing endless battles is banned
|rule|Species Clause: Limit one of each Pokémon
|rule|OHKO Clause: OHKO moves are banned
|rule|Evasion Items Clause: Evasion items are banned
|rule|Evasion Moves Clause: Evasion moves are banned
|rule|Evasion Abilities Clause: Evasion abilities are banned
|rule|Sleep Moves Clause: Sleep-inducing moves are banned
|clearpoke
|poke|p1|Meowscarada, M|
|poke|p1|Slowking-Galar, M|
|poke|p1|Zamazenta-*|
|poke|p1|Corviknight, F|
|poke|p1|Kyurem|
|poke|p1|Dragapult, M|
|poke|p2|Zapdos|
|poke|p2|Great Tusk|
|poke|p2|Kyurem|
|poke|p2|Iron Crown|
|poke|p2|Ogerpon-Wellspring, F|
|poke|p2|Kingambit, F|
|teampreview
|inactive|Battle timer is ON: inactive players will automatically lose when time's up. (requested by PokeWinWow)
|
|t:|1779681841
|teamsize|p1|6
|teamsize|p2|6
|start
|switch|p1a: Slowking|Slowking-Galar, M|100/100
|switch|p2a: Zapdos|Zapdos, shiny|100/100
|turn|1
|
|t:|1779681845
|move|p2a: Zapdos|Volt Switch|p1a: Slowking
|-damage|p1a: Slowking|80/100
|
|t:|1779681850
|switch|p2a: Kingambit|Kingambit, F|100/100|[from] Volt Switch
|-prepare|p1a: Slowking|Chilly Reception|[premajor]
|move|p1a: Slowking|Chilly Reception|p1a: Slowking
|-weather|Snowscape
|
|t:|1779681859
|switch|p1a: Kyurem|Kyurem|100/100|[from] Chilly Reception
|-ability|p1a: Kyurem|Pressure
|
|-weather|Snowscape|[upkeep]
|upkeep
|turn|2
|
|t:|1779681876
|-end|p2a: Kingambit|fallenundefined|[silent]
|switch|p2a: Zapdos|Zapdos, shiny|100/100
|move|p1a: Kyurem|Earth Power|p2a: Zapdos
|-immune|p2a: Zapdos
|
|-weather|Snowscape|[upkeep]
|upkeep
|turn|3
|
|t:|1779681882
|switch|p1a: Slowking|Slowking-Galar, M|100/100
|move|p2a: Zapdos|Volt Switch|p1a: Slowking
|-damage|p1a: Slowking|80/100
|
|t:|1779681887
|switch|p2a: Kingambit|Kingambit, F|100/100|[from] Volt Switch
|
|-weather|Snowscape|[upkeep]
|upkeep
|turn|4
|
|t:|1779681890
|switch|p1a: Corviknight|Corviknight, F|100/100
|move|p2a: Kingambit|Kowtow Cleave|p1a: Corviknight
|-damage|p1a: Corviknight|61/100
|-damage|p2a: Kingambit|84/100|[from] item: Rocky Helmet|[of] p1a: Corviknight
|
|-weather|Snowscape|[upkeep]
|upkeep
|turn|5
|
|t:|1779681893
|-end|p2a: Kingambit|fallenundefined|[silent]
|switch|p2a: Zapdos|Zapdos, shiny|100/100
|move|p1a: Corviknight|Roost|p1a: Corviknight
|-heal|p1a: Corviknight|100/100
|-singleturn|p1a: Corviknight|move: Roost
|
|-weather|none
|upkeep
|turn|6
|
|t:|1779681899
|switch|p1a: Slowking|Slowking-Galar, M|100/100
|move|p2a: Zapdos|Thunderbolt|p1a: Slowking
|-damage|p1a: Slowking|72/100
|
|upkeep
|turn|7
|
|t:|1779681905
|move|p2a: Zapdos|Volt Switch|p1a: Slowking
|-damage|p1a: Slowking|52/100
|
|t:|1779681911
|switch|p2a: Ogerpon|Ogerpon-Wellspring, F|100/100|[from] Volt Switch
|-prepare|p1a: Slowking|Chilly Reception|[premajor]
|move|p1a: Slowking|Chilly Reception|p1a: Slowking
|-weather|Snowscape
|
|t:|1779681917
|switch|p1a: Meowscarada|Meowscarada, M|100/100|[from] Chilly Reception
|
|-weather|Snowscape|[upkeep]
|upkeep
|turn|8
|
|t:|1779681925
|switch|p2a: Zapdos|Zapdos, shiny|100/100
|move|p1a: Meowscarada|Triple Axel|p2a: Zapdos|[miss]
|-start|p1a: Meowscarada|typechange|Ice|[from] ability: Protean
|-miss|p1a: Meowscarada|p2a: Zapdos
|
|-weather|Snowscape|[upkeep]
|upkeep
|turn|9
|c|☆Saint qirex|Fahhh
|
|t:|1779681933
|switch|p2a: Iron Crown|Iron Crown|100/100
|-enditem|p2a: Iron Crown|Booster Energy
|-activate|p2a: Iron Crown|ability: Quark Drive|[fromitem]
|-start|p2a: Iron Crown|quarkdrivespe
|move|p1a: Meowscarada|Triple Axel|p2a: Iron Crown
|-resisted|p2a: Iron Crown
|-damage|p2a: Iron Crown|93/100
|-resisted|p2a: Iron Crown
|-damage|p2a: Iron Crown|79/100
|-resisted|p2a: Iron Crown
|-damage|p2a: Iron Crown|60/100
|-hitcount|p2a: Iron Crown|3
|
|-weather|Snowscape|[upkeep]
|upkeep
|turn|10
|c|☆Saint qirex|Come on
|c|☆Saint qirex|😂😂😂
|
|t:|1779681948
|switch|p1a: Corviknight|Corviknight, F|100/100
|move|p2a: Iron Crown|Calm Mind|p2a: Iron Crown
|-boost|p2a: Iron Crown|spa|1
|-boost|p2a: Iron Crown|spd|1
|
|-weather|Snowscape|[upkeep]
|upkeep
|turn|11
|c|☆PokeWinWow|happens
|c|☆PokeWinWow|luck is suck
|
|t:|1779681960
|move|p2a: Iron Crown|Focus Blast|p1a: Corviknight|[miss]
|-miss|p2a: Iron Crown|p1a: Corviknight
|move|p1a: Corviknight|U-turn|p2a: Iron Crown
|-damage|p2a: Iron Crown|45/100
|
|t:|1779681965
|switch|p1a: Slowking|Slowking-Galar, M|85/100|[from] U-turn
|
|-weather|none
|upkeep
|turn|12
|
|t:|1779681969
|move|p2a: Iron Crown|Tachyon Cutter|p1a: Slowking
|-damage|p1a: Slowking|63/100
|-damage|p1a: Slowking|42/100
|-hitcount|p1a: Slowking|2
|move|p1a: Slowking|Thunder Wave|p2a: Iron Crown
|-status|p2a: Iron Crown|par
|
|upkeep
|turn|13
|
|t:|1779681973
|switch|p1a: Corviknight|Corviknight, F|100/100
|move|p2a: Iron Crown|Tachyon Cutter|p1a: Corviknight
|-resisted|p1a: Corviknight
|-damage|p1a: Corviknight|82/100
|-resisted|p1a: Corviknight
|-damage|p1a: Corviknight|66/100
|-hitcount|p1a: Corviknight|2
|
|upkeep
|turn|14
|
|t:|1779681977
|cant|p2a: Iron Crown|par
|move|p1a: Corviknight|Brave Bird|p2a: Iron Crown
|-resisted|p2a: Iron Crown
|-damage|p2a: Iron Crown|27/100 par
|-damage|p1a: Corviknight|61/100|[from] Recoil
|
|upkeep
|turn|15
|
|t:|1779681981
|move|p2a: Iron Crown|Focus Blast|p1a: Corviknight
|-damage|p1a: Corviknight|9/100
|-ability|p1a: Corviknight|Mirror Armor
|-unboost|p2a: Iron Crown|spd|1
|move|p1a: Corviknight|U-turn|p2a: Iron Crown
|-damage|p2a: Iron Crown|12/100 par
|
|t:|1779681987
|switch|p1a: Meowscarada|Meowscarada, M|100/100|[from] U-turn
|
|upkeep
|turn|16
|
|t:|1779681991
|move|p1a: Meowscarada|Triple Axel|p2a: Iron Crown
|-start|p1a: Meowscarada|typechange|Ice|[from] ability: Protean
|-resisted|p2a: Iron Crown
|-damage|p2a: Iron Crown|4/100 par
|-resisted|p2a: Iron Crown
|-damage|p2a: Iron Crown|0 fnt
|faint|p2a: Iron Crown
|-end|p2a: Iron Crown|Quark Drive|[silent]
|-hitcount|p2: Iron Crown|2
|
|upkeep
|
|t:|1779681997
|switch|p2a: Kingambit|Kingambit, F|84/100
|-activate|p2a: Kingambit|ability: Supreme Overlord
|-start|p2a: Kingambit|fallen1|[silent]
|turn|17
|
|t:|1779682002
|switch|p1a: Corviknight|Corviknight, F|9/100
|move|p2a: Kingambit|Iron Head|p1a: Corviknight
|-resisted|p1a: Corviknight
|-damage|p1a: Corviknight|0 fnt
|-damage|p2a: Kingambit|67/100|[from] item: Rocky Helmet|[of] p1a: Corviknight
|faint|p1a: Corviknight
|
|upkeep
|
|t:|1779682009
|switch|p1a: Kyurem|Kyurem|100/100
|-ability|p1a: Kyurem|Pressure
|turn|18
|
|t:|1779682037
|-end|p2a: Kingambit|fallen1|[silent]
|switch|p2a: Zapdos|Zapdos, shiny|100/100
|move|p1a: Kyurem|Draco Meteor|p2a: Zapdos
|-damage|p2a: Zapdos|0 fnt
|-unboost|p1a: Kyurem|spa|2
|faint|p2a: Zapdos
|
|upkeep
|inactive|PokeWinWow has 120 seconds left.
|
|t:|1779682050
|switch|p2a: Kyurem|Kyurem, shiny|100/100
|-ability|p2a: Kyurem|Pressure
|turn|19
|
|t:|1779682054
|move|p2a: Kyurem|Freeze-Dry|p1a: Kyurem
|-damage|p1a: Kyurem|65/100
|move|p1a: Kyurem|Draco Meteor|p2a: Kyurem
|-supereffective|p2a: Kyurem
|-damage|p2a: Kyurem|37/100
|-unboost|p1a: Kyurem|spa|2
|
|upkeep
|turn|20
|
|t:|1779682063
|switch|p1a: Slowking|Slowking-Galar, M|75/100
|move|p2a: Kyurem|Focus Blast|p1a: Slowking|[miss]
|-miss|p2a: Kyurem|p1a: Slowking
|
|upkeep
|turn|21
|
|t:|1779682066
|move|p2a: Kyurem|Earth Power|p1a: Slowking
|-supereffective|p1a: Slowking
|-damage|p1a: Slowking|41/100
|-prepare|p1a: Slowking|Chilly Reception|[premajor]
|move|p1a: Slowking|Chilly Reception|p1a: Slowking
|-weather|Snowscape
|
|t:|1779682072
|switch|p1a: Zamazenta|Zamazenta|100/100|[from] Chilly Reception
|-ability|p1a: Zamazenta|Dauntless Shield|boost
|-boost|p1a: Zamazenta|def|1
|
|-weather|Snowscape|[upkeep]
|upkeep
|turn|22
|
|t:|1779682080
|switch|p2a: Ogerpon|Ogerpon-Wellspring, F|100/100
|move|p1a: Zamazenta|Body Press|p2a: Ogerpon
|-damage|p2a: Ogerpon|40/100
|
|-weather|Snowscape|[upkeep]
|upkeep
|turn|23
|
|t:|1779682085
|switch|p2a: Great Tusk|Great Tusk, shiny|100/100
|-enditem|p2a: Great Tusk|Booster Energy
|-activate|p2a: Great Tusk|ability: Protosynthesis|[fromitem]
|-start|p2a: Great Tusk|protosynthesisatk
|move|p1a: Zamazenta|Body Press|p2a: Great Tusk
|-damage|p2a: Great Tusk|65/100
|
|-weather|Snowscape|[upkeep]
|upkeep
|turn|24
|
|t:|1779682093
|move|p1a: Zamazenta|Iron Defense|p1a: Zamazenta
|-boost|p1a: Zamazenta|def|2
|move|p2a: Great Tusk|Headlong Rush|p1a: Zamazenta
|-damage|p1a: Zamazenta|75/100
|-unboost|p2a: Great Tusk|def|1
|-unboost|p2a: Great Tusk|spd|1
|
|-weather|Snowscape|[upkeep]
|-heal|p1a: Zamazenta|82/100|[from] item: Leftovers
|upkeep
|turn|25
|
|t:|1779682098
|-end|p2a: Great Tusk|Protosynthesis|[silent]
|switch|p2a: Ogerpon|Ogerpon-Wellspring, F|40/100
|move|p1a: Zamazenta|Substitute|p1a: Zamazenta
|-start|p1a: Zamazenta|Substitute
|-damage|p1a: Zamazenta|57/100
|
|-weather|none
|-heal|p1a: Zamazenta|63/100|[from] item: Leftovers
|upkeep
|turn|26
|
|t:|1779682103
|move|p1a: Zamazenta|Body Press|p2a: Ogerpon
|-damage|p2a: Ogerpon|0 fnt
|faint|p2a: Ogerpon
|
|-heal|p1a: Zamazenta|69/100|[from] item: Leftovers
|upkeep
|-message|PokeWinWow forfeited.
|
|win|Saint qirex
|raw|Saint qirex's rating: 1574 &rarr; <strong>1592</strong><br />(+18 for winning)
|raw|PokeWinWow's rating: 1547 &rarr; <strong>1529</strong><br />(-18 for losing)
|l|☆PokeWinWow
|player|p2|
|l|☆Saint qirex
|player|p1|
