|j|☆RealMenix
|j|☆DuckyBro
|t:|1779625347
|gametype|singles
|player|p1|RealMenix|winona|1621
|player|p2|DuckyBro|dragontamer|1668
|gen|9
|tier|[Gen 9] OU
|rated|
|rule|HP Percentage Mod: HP is shown in percentages
|rule|Endless Battle Clause: Forcing endless battles is banned
|rule|Species Clause: Limit one of each Pokémon
|rule|OHKO Clause: OHKO moves are banned
|rule|Evasion Items Clause: Evasion items are banned
|rule|Evasion Moves Clause: Evasion moves are banned
|rule|Evasion Abilities Clause: Evasion abilities are banned
|rule|Sleep Moves Clause: Sleep-inducing moves are banned
|clearpoke
|poke|p1|Great Tusk|
|poke|p1|Hatterene, F|
|poke|p1|Raging Bolt|
|poke|p1|Walking Wake|
|poke|p1|Ninetales, M|
|poke|p1|Ceruledge, M|
|poke|p2|Cinderace, M|
|poke|p2|Dondozo, M|
|poke|p2|Zapdos|
|poke|p2|Garchomp, F|
|poke|p2|Kyurem|
|poke|p2|Volcanion|
|teampreview
|j| TIRACOCO
|
|t:|1779625375
|teamsize|p1|6
|teamsize|p2|6
|start
|switch|p1a: Walking Wake|Walking Wake|100/100
|switch|p2a: Garchomp|Garchomp, F|100/100
|turn|1
|
|t:|1779625390
|-terastallize|p2a: Garchomp|Steel
|move|p1a: Walking Wake|Draco Meteor|p2a: Garchomp
|-resisted|p2a: Garchomp
|-damage|p2a: Garchomp|41/100
|-unboost|p1a: Walking Wake|spa|2
|move|p2a: Garchomp|Scale Shot|p1a: Walking Wake|[miss]
|-miss|p2a: Garchomp|p1a: Walking Wake
|
|upkeep
|turn|2
|
|t:|1779625394
|-end|p1a: Walking Wake|Protosynthesis|[silent]
|switch|p1a: Hatterene|Hatterene, F|100/100
|move|p2a: Garchomp|Scale Shot|p1a: Hatterene
|-immune|p1a: Hatterene
|
|upkeep
|turn|3
|
|t:|1779625406
|move|p2a: Garchomp|Iron Head|p1a: Hatterene
|-supereffective|p1a: Hatterene
|-damage|p1a: Hatterene|19/100
|-enditem|p1a: Hatterene|Eject Button
|
|t:|1779625410
|switch|p1a: Ninetales|Ninetales, M|100/100
|-weather|SunnyDay|[from] ability: Drought|[of] p1a: Ninetales
|
|-weather|SunnyDay|[upkeep]
|upkeep
|turn|4
|
|t:|1779625419
|switch|p1a: Hatterene|Hatterene, F|19/100
|switch|p2a: Volcanion|Volcanion|100/100
|
|-weather|SunnyDay|[upkeep]
|upkeep
|turn|5
|
|t:|1779625425
|move|p2a: Volcanion|Sludge Bomb|p1a: Hatterene
|-supereffective|p1a: Hatterene
|-damage|p1a: Hatterene|0 fnt
|faint|p1a: Hatterene
|
|-weather|SunnyDay|[upkeep]
|upkeep
|
|t:|1779625427
|switch|p1a: Tung God Tusk|Great Tusk|100/100
|-activate|p1a: Tung God Tusk|ability: Protosynthesis
|-start|p1a: Tung God Tusk|protosynthesisatk
|turn|6
|
|t:|1779625435
|-end|p1a: Tung God Tusk|Protosynthesis|[silent]
|switch|p1a: Walking Wake|Walking Wake|100/100
|-activate|p1a: Walking Wake|ability: Protosynthesis
|-start|p1a: Walking Wake|protosynthesisspe
|switch|p2a: Zapdos|Zapdos|100/100
|
|-weather|SunnyDay|[upkeep]
|upkeep
|turn|7
|
|t:|1779625444
|switch|p2a: Garchomp|Garchomp, F, tera:Steel|41/100
|move|p1a: Walking Wake|Draco Meteor|p2a: Garchomp
|-resisted|p2a: Garchomp
|-damage|p2a: Garchomp|0 fnt
|-unboost|p1a: Walking Wake|spa|2
|faint|p2a: Garchomp
|
|-weather|SunnyDay|[upkeep]
|upkeep
|
|t:|1779625450
|switch|p2a: Volcanion|Volcanion|100/100
|turn|8
|
|t:|1779625467
|move|p1a: Walking Wake|Draco Meteor|p2a: Volcanion
|-damage|p2a: Volcanion|65/100
|-unboost|p1a: Walking Wake|spa|2
|move|p2a: Volcanion|Fire Blast|p1a: Walking Wake
|-resisted|p1a: Walking Wake
|-damage|p1a: Walking Wake|72/100
|-status|p1a: Walking Wake|brn
|
|-weather|SunnyDay|[upkeep]
|-damage|p1a: Walking Wake|66/100 brn|[from] brn
|upkeep
|turn|9
|
|t:|1779625476
|-end|p1a: Walking Wake|Protosynthesis|[silent]
|switch|p1a: Raging Bolt|Raging Bolt|100/100
|-activate|p1a: Raging Bolt|ability: Protosynthesis
|-start|p1a: Raging Bolt|protosynthesisspa
|move|p2a: Volcanion|Sludge Bomb|p1a: Raging Bolt
|-damage|p1a: Raging Bolt|69/100
|-status|p1a: Raging Bolt|psn
|
|-weather|SunnyDay|[upkeep]
|-damage|p1a: Raging Bolt|56/100 psn|[from] psn
|upkeep
|turn|10
|
|t:|1779625488
|switch|p2a: Zapdos|Zapdos|100/100
|move|p1a: Raging Bolt|Dragon Pulse|p2a: Zapdos
|-crit|p2a: Zapdos
|-damage|p2a: Zapdos|0 fnt
|faint|p2a: Zapdos
|-damage|p1a: Raging Bolt|46/100 psn|[from] item: Life Orb
|
|-weather|none
|-end|p1a: Raging Bolt|Protosynthesis
|-damage|p1a: Raging Bolt|34/100 psn|[from] psn
|upkeep
|
|t:|1779625494
|switch|p2a: Kyurem|Kyurem|100/100
|-ability|p2a: Kyurem|Pressure
|turn|11
|
|t:|1779625519
|move|p2a: Kyurem|Draco Meteor|p1a: Raging Bolt
|-supereffective|p1a: Raging Bolt
|-damage|p1a: Raging Bolt|0 fnt
|-unboost|p2a: Kyurem|spa|2
|faint|p1a: Raging Bolt
|-end|p1a: Raging Bolt|Protosynthesis|[silent]
|
|upkeep
|
|t:|1779625524
|switch|p1a: Walking Wake|Walking Wake|66/100 brn
|turn|12
|
|t:|1779625534
|switch|p2a: Volcanion|Volcanion|65/100
|move|p1a: Walking Wake|Dragon Pulse|p2a: Volcanion
|-damage|p2a: Volcanion|24/100
|
|-damage|p1a: Walking Wake|60/100 brn|[from] brn
|upkeep
|turn|13
|
|t:|1779625545
|move|p1a: Walking Wake|Dragon Pulse|p2a: Volcanion
|-damage|p2a: Volcanion|0 fnt
|faint|p2a: Volcanion
|
|-damage|p1a: Walking Wake|54/100 brn|[from] brn
|upkeep
|
|t:|1779625548
|switch|p2a: Cinderace|Cinderace, M|100/100
|turn|14
|
|t:|1779625550
|move|p2a: Cinderace|U-turn|p1a: Walking Wake
|-start|p2a: Cinderace|typechange|Bug|[from] ability: Libero
|-damage|p1a: Walking Wake|14/100 brn
|
|t:|1779625555
|switch|p2a: Dondozo|Dondozo, M|100/100|[from] U-turn
|move|p1a: Walking Wake|Dragon Pulse|p2a: Dondozo
|-crit|p2a: Dondozo
|-damage|p2a: Dondozo|4/100
|
|-damage|p1a: Walking Wake|8/100 brn|[from] brn
|upkeep
|turn|15
|j| crust king kahn
|
|t:|1779625562
|move|p1a: Walking Wake|Dragon Pulse|p2a: Dondozo
|-damage|p2a: Dondozo|0 fnt
|faint|p2a: Dondozo
|
|-damage|p1a: Walking Wake|2/100 brn|[from] brn
|upkeep
|
|t:|1779625566
|switch|p2a: Cinderace|Cinderace, M|100/100
|turn|16
|
|t:|1779625569
|move|p2a: Cinderace|U-turn|p1a: Walking Wake
|-start|p2a: Cinderace|typechange|Bug|[from] ability: Libero
|-damage|p1a: Walking Wake|0 fnt
|faint|p1a: Walking Wake
|-end|p1a: Walking Wake|Protosynthesis|[silent]
|
|t:|1779625571
|switch|p2a: Kyurem|Kyurem|100/100|[from] U-turn
|-ability|p2a: Kyurem|Pressure
|
|upkeep
|
|t:|1779625576
|switch|p1a: Ninetales|Ninetales, M|100/100
|-weather|SunnyDay|[from] ability: Drought|[of] p1a: Ninetales
|turn|17
|
|t:|1779625582
|move|p1a: Ninetales|Overheat|p2a: Kyurem
|-damage|p2a: Kyurem|26/100
|-unboost|p1a: Ninetales|spa|2
|move|p2a: Kyurem|Draco Meteor|p1a: Ninetales
|-damage|p1a: Ninetales|0 fnt
|-unboost|p2a: Kyurem|spa|2
|faint|p1a: Ninetales
|
|-weather|SunnyDay|[upkeep]
|upkeep
|
|t:|1779625588
|switch|p1a: Ceruledge|Ceruledge, M|100/100
|turn|18
|
|t:|1779625590
|switch|p2a: Cinderace|Cinderace, M|100/100
|move|p1a: Ceruledge|Swords Dance|p1a: Ceruledge
|-boost|p1a: Ceruledge|atk|2
|
|-weather|SunnyDay|[upkeep]
|upkeep
|turn|19
|
|t:|1779625599
|-terastallize|p1a: Ceruledge|Fairy
|move|p2a: Cinderace|Sucker Punch|p1a: Ceruledge
|-start|p2a: Cinderace|typechange|Dark|[from] ability: Libero
|-resisted|p1a: Ceruledge
|-damage|p1a: Ceruledge|80/100
|-ability|p1a: Ceruledge|Weak Armor|boost
|-unboost|p1a: Ceruledge|def|1
|-boost|p1a: Ceruledge|spe|2
|move|p1a: Ceruledge|Bitter Blade|p2a: Cinderace
|-damage|p2a: Cinderace|0 fnt
|-heal|p1a: Ceruledge|100/100|[from] drain|[of] p2a: Cinderace
|faint|p2a: Cinderace
|-damage|p1a: Ceruledge|91/100|[from] item: Life Orb
|
|-weather|SunnyDay|[upkeep]
|upkeep
|
|t:|1779625605
|switch|p2a: Kyurem|Kyurem|26/100
|-ability|p2a: Kyurem|Pressure
|turn|20
|
|t:|1779625607
|move|p1a: Ceruledge|Bitter Blade|p2a: Kyurem
|-damage|p2a: Kyurem|0 fnt
|-heal|p1a: Ceruledge|100/100|[from] drain|[of] p2a: Kyurem
|faint|p2a: Kyurem
|-damage|p1a: Ceruledge|91/100|[from] item: Life Orb
|
|win|RealMenix
|raw|RealMenix's rating: 1621 &rarr; <strong>1644</strong><br />(+23 for winning)
|raw|DuckyBro's rating: 1668 &rarr; <strong>1645</strong><br />(-23 for losing)
|l|☆DuckyBro
|player|p2|
|l| crust king kahn
|j| crust king kahn
|l| TIRACOCO
|l|☆RealMenix
|player|p1|
|l| crust king kahn
