|j|☆PokeAbl05241728znw
|j|☆El_Dakka
|t:|1779659409
|gametype|singles
|player|p1|PokeAbl05241728znw|1|1205
|player|p2|El_Dakka|hilda-wonderlauncher|1149
|gen|9
|tier|[Gen 9] OU
|rated|
|rule|HP Percentage Mod: HP is shown in percentages
|rule|Endless Battle Clause: Forcing endless battles is banned
|rule|Species Clause: Limit one of each Pokémon
|rule|OHKO Clause: OHKO moves are banned
|rule|Evasion Items Clause: Evasion items are banned
|rule|Evasion Moves Clause: Evasion moves are banned
|rule|Evasion Abilities Clause: Evasion abilities are banned
|rule|Sleep Moves Clause: Sleep-inducing moves are banned
|clearpoke
|poke|p1|Glimmora, F|
|poke|p1|Great Tusk|
|poke|p1|Gholdengo|
|poke|p1|Dragapult, M|
|poke|p1|Primarina, F|
|poke|p1|Kingambit, F|
|poke|p2|Lokix, M|
|poke|p2|Slowking-Galar, M|
|poke|p2|Alomomola, F|
|poke|p2|Zapdos|
|poke|p2|Dragapult, M|
|poke|p2|Great Tusk|
|teampreview
|
|t:|1779659415
|teamsize|p1|6
|teamsize|p2|6
|start
|switch|p1a: Kingambit|Kingambit, F|100/100
|switch|p2a: Lokix|Lokix, M|100/100
|turn|1
|inactive|Battle timer is ON: inactive players will automatically lose when time's up. (requested by PokeAbl05241728znw)
|
|t:|1779659423
|move|p2a: Lokix|U-turn|p1a: Kingambit
|-damage|p1a: Kingambit|70/100
|
|t:|1779659426
|switch|p2a: Great Tusk|Great Tusk|100/100|[from] U-turn
|move|p1a: Kingambit|Swords Dance|p1a: Kingambit
|-boost|p1a: Kingambit|atk|2
|
|upkeep
|turn|2
|
|t:|1779659434
|-terastallize|p1a: Kingambit|Dark
|move|p2a: Great Tusk|Earthquake|p1a: Kingambit
|-damage|p1a: Kingambit|39/100
|move|p1a: Kingambit|Iron Head|p2a: Great Tusk
|-crit|p2a: Great Tusk
|-damage|p2a: Great Tusk|18/100
|
|-heal|p2a: Great Tusk|24/100|[from] item: Leftovers
|upkeep
|turn|3
|
|t:|1779659445
|move|p1a: Kingambit|Sucker Punch||[still]
|-fail|p1a: Kingambit
|move|p2a: Great Tusk|Stealth Rock|p1a: Kingambit
|-sidestart|p1: PokeAbl05241728znw|move: Stealth Rock
|
|-heal|p2a: Great Tusk|30/100|[from] item: Leftovers
|upkeep
|turn|4
|
|t:|1779659454
|move|p1a: Kingambit|Sucker Punch|p2a: Great Tusk
|-resisted|p2a: Great Tusk
|-damage|p2a: Great Tusk|0 fnt
|faint|p2a: Great Tusk
|-end|p2a: Great Tusk|Protosynthesis|[silent]
|
|upkeep
|
|t:|1779659461
|switch|p2a: Lokix|Lokix, M|100/100
|turn|5
|
|t:|1779659467
|-terastallize|p2a: Lokix|Bug
|move|p2a: Lokix|First Impression|p1a: Kingambit
|-supereffective|p1a: Kingambit
|-damage|p1a: Kingambit|0 fnt
|faint|p1a: Kingambit
|-end|p1a: Kingambit|fallenundefined|[silent]
|
|upkeep
|
|t:|1779659472
|switch|p1a: Gholdengo|Gholdengo|100/100
|-damage|p1a: Gholdengo|94/100|[from] Stealth Rock
|-item|p1a: Gholdengo|Air Balloon
|turn|6
|
|t:|1779659488
|move|p1a: Gholdengo|Nasty Plot|p1a: Gholdengo
|-boost|p1a: Gholdengo|spa|2
|move|p2a: Lokix|U-turn|p1a: Gholdengo
|-resisted|p1a: Gholdengo
|-damage|p1a: Gholdengo|66/100
|-enditem|p1a: Gholdengo|Air Balloon
|
|t:|1779659496
|switch|p2a: Dragapult|Dragapult, M|100/100|[from] U-turn
|
|upkeep
|turn|7
|
|t:|1779659502
|move|p2a: Dragapult|Shadow Ball|p1a: Gholdengo
|-supereffective|p1a: Gholdengo
|-damage|p1a: Gholdengo|0 fnt
|faint|p1a: Gholdengo
|
|upkeep
|
|t:|1779659508
|switch|p1a: Primarina|Primarina, F|100/100
|-damage|p1a: Primarina|88/100|[from] Stealth Rock
|turn|8
|
|t:|1779659513
|switch|p2a: Alomomola|Alomomola, F|100/100
|move|p1a: Primarina|Moonblast|p2a: Alomomola
|-damage|p2a: Alomomola|58/100
|
|upkeep
|turn|9
|
|t:|1779659525
|switch|p1a: Great Tusk|Great Tusk|100/100
|move|p2a: Alomomola|Wish|p2a: Alomomola
|
|upkeep
|turn|10
|
|t:|1779659532
|-end|p1a: Great Tusk|Protosynthesis|[silent]
|switch|p1a: Dragapult|Dragapult, M|100/100
|move|p2a: Alomomola|Scald|p1a: Dragapult
|-resisted|p1a: Dragapult
|-damage|p1a: Dragapult|89/100
|-status|p1a: Dragapult|brn
|
|-heal|p2a: Alomomola|100/100|[from] move: Wish|[wisher] Alomomola
|-damage|p1a: Dragapult|83/100 brn|[from] brn
|upkeep
|turn|11
|
|t:|1779659544
|move|p1a: Dragapult|Will-O-Wisp|p2a: Alomomola
|-status|p2a: Alomomola|brn
|move|p2a: Alomomola|Flip Turn|p1a: Dragapult
|-resisted|p1a: Dragapult
|-crit|p1a: Dragapult
|-damage|p1a: Dragapult|75/100 brn
|
|t:|1779659552
|switch|p2a: Dragapult|Dragapult, M|100/100|[from] Flip Turn
|
|-damage|p1a: Dragapult|69/100 brn|[from] brn
|upkeep
|turn|12
|
|t:|1779659560
|move|p1a: Dragapult|Draco Meteor|p2a: Dragapult
|-supereffective|p2a: Dragapult
|-damage|p2a: Dragapult|0 fnt
|-unboost|p1a: Dragapult|spa|2
|faint|p2a: Dragapult
|
|-damage|p1a: Dragapult|63/100 brn|[from] brn
|upkeep
|
|t:|1779659568
|switch|p2a: Lokix|Lokix, M, tera:Bug|100/100
|turn|13
|
|t:|1779659574
|switch|p1a: Great Tusk|Great Tusk|100/100
|move|p2a: Lokix|First Impression|p1a: Great Tusk
|-resisted|p1a: Great Tusk
|-damage|p1a: Great Tusk|53/100
|
|upkeep
|turn|14
|
|t:|1779659582
|move|p1a: Great Tusk|Knock Off|p2a: Lokix
|-damage|p2a: Lokix|50/100
|-enditem|p2a: Lokix|Silver Powder|[from] move: Knock Off|[of] p1a: Great Tusk
|move|p2a: Lokix|U-turn|p1a: Great Tusk
|-resisted|p1a: Great Tusk
|-damage|p1a: Great Tusk|21/100
|
|t:|1779659589
|switch|p2a: Zapdos|Zapdos|100/100|[from] U-turn
|
|upkeep
|turn|15
|
|t:|1779659597
|move|p1a: Great Tusk|Rapid Spin|p2a: Zapdos
|-damage|p2a: Zapdos|84/100
|-boost|p1a: Great Tusk|spe|1
|-sideend|p1: PokeAbl05241728znw|Stealth Rock|[from] move: Rapid Spin|[of] p1a: Great Tusk
|move|p2a: Zapdos|Hurricane|p1a: Great Tusk
|-supereffective|p1a: Great Tusk
|-damage|p1a: Great Tusk|0 fnt
|faint|p1a: Great Tusk
|-end|p1a: Great Tusk|Protosynthesis|[silent]
|
|upkeep
|
|t:|1779659603
|switch|p1a: Glimmora|Glimmora, F|100/100
|turn|16
|inactive|El_Dakka has 120 seconds left.
|
|t:|1779659640
|move|p1a: Glimmora|Power Gem|p2a: Zapdos
|-supereffective|p2a: Zapdos
|-damage|p2a: Zapdos|0 fnt
|faint|p2a: Zapdos
|
|upkeep
|
|t:|1779659650
|switch|p2a: Slowking|Slowking-Galar, M|100/100
|turn|17
|
|t:|1779659657
|move|p1a: Glimmora|Stealth Rock|p2a: Slowking
|-sidestart|p2: El_Dakka|move: Stealth Rock
|move|p2a: Slowking|Future Sight|p1a: Glimmora
|-start|p2a: Slowking|move: Future Sight
|
|upkeep
|turn|18
|inactive|El_Dakka has 120 seconds left.
|
|t:|1779659684
|move|p1a: Glimmora|Earth Power|p2a: Slowking
|-supereffective|p2a: Slowking
|-damage|p2a: Slowking|55/100
|move|p2a: Slowking|Sludge Bomb|p1a: Glimmora
|-resisted|p1a: Glimmora
|-damage|p1a: Glimmora|89/100
|
|upkeep
|turn|19
|
|t:|1779659692
|switch|p1a: Dragapult|Dragapult, M|63/100 brn
|-prepare|p2a: Slowking|Chilly Reception|[premajor]
|move|p2a: Slowking|Chilly Reception|p2a: Slowking
|-weather|Snowscape
|
|t:|1779659698
|switch|p2a: Lokix|Lokix, M, tera:Bug|50/100|[from] Chilly Reception
|-damage|p2a: Lokix|25/100|[from] Stealth Rock
|
|-weather|Snowscape|[upkeep]
|-end|p1a: Dragapult|move: Future Sight
|-damage|p1a: Dragapult|0 fnt
|faint|p1a: Dragapult
|upkeep
|
|t:|1779659702
|switch|p1a: Primarina|Primarina, F|88/100
|turn|20
|inactive|El_Dakka has 120 seconds left.
|
|t:|1779659709
|move|p2a: Lokix|First Impression|p1a: Primarina
|-resisted|p1a: Primarina
|-damage|p1a: Primarina|3/100
|move|p1a: Primarina|Surf|p2a: Lokix
|-damage|p2a: Lokix|0 fnt
|faint|p2a: Lokix
|
|-weather|Snowscape|[upkeep]
|upkeep
|inactive|El_Dakka has 120 seconds left.
|
|t:|1779659718
|switch|p2a: Slowking|Slowking-Galar, M|89/100
|-damage|p2a: Slowking|76/100|[from] Stealth Rock
|turn|21
|
|t:|1779659723
|move|p1a: Primarina|Surf|p2a: Slowking
|-damage|p2a: Slowking|19/100
|move|p2a: Slowking|Sludge Bomb|p1a: Primarina
|-supereffective|p1a: Primarina
|-damage|p1a: Primarina|0 fnt
|faint|p1a: Primarina
|
|-weather|Snowscape|[upkeep]
|upkeep
|
|t:|1779659726
|switch|p1a: Glimmora|Glimmora, F|89/100
|turn|22
|
|t:|1779659737
|switch|p2a: Alomomola|Alomomola, F|100/100 brn
|-damage|p2a: Alomomola|88/100 brn|[from] Stealth Rock
|move|p1a: Glimmora|Power Gem|p2a: Alomomola
|-damage|p2a: Alomomola|51/100 brn
|
|-weather|Snowscape|[upkeep]
|-damage|p2a: Alomomola|45/100 brn|[from] brn
|upkeep
|turn|23
|
|t:|1779659747
|move|p1a: Glimmora|Power Gem|p2a: Alomomola
|-damage|p2a: Alomomola|11/100 brn
|move|p2a: Alomomola|Wish|p2a: Alomomola
|
|-weather|none
|-damage|p2a: Alomomola|5/100 brn|[from] brn
|upkeep
|turn|24
|
|t:|1779659755
|move|p2a: Alomomola|Protect|p2a: Alomomola
|-singleturn|p2a: Alomomola|Protect
|move|p1a: Glimmora|Earth Power|p2a: Alomomola
|-activate|p2a: Alomomola|move: Protect
|
|-heal|p2a: Alomomola|55/100 brn|[from] move: Wish|[wisher] Alomomola
|-damage|p2a: Alomomola|49/100 brn|[from] brn
|upkeep
|turn|25
|
|t:|1779659765
|move|p1a: Glimmora|Power Gem|p2a: Alomomola
|-damage|p2a: Alomomola|15/100 brn
|move|p2a: Alomomola|Scald|p1a: Glimmora
|-supereffective|p1a: Glimmora
|-damage|p1a: Glimmora|56/100
|-status|p1a: Glimmora|brn
|
|-damage|p1a: Glimmora|50/100 brn|[from] brn
|-damage|p2a: Alomomola|9/100 brn|[from] brn
|upkeep
|turn|26
|
|t:|1779659775
|move|p2a: Alomomola|Protect|p2a: Alomomola
|-singleturn|p2a: Alomomola|Protect
|move|p1a: Glimmora|Earth Power|p2a: Alomomola
|-activate|p2a: Alomomola|move: Protect
|
|-damage|p1a: Glimmora|43/100 brn|[from] brn
|-damage|p2a: Alomomola|3/100 brn|[from] brn
|upkeep
|turn|27
|
|t:|1779659784
|move|p1a: Glimmora|Earth Power|p2a: Alomomola
|-crit|p2a: Alomomola
|-damage|p2a: Alomomola|0 fnt
|faint|p2a: Alomomola
|
|-damage|p1a: Glimmora|37/100 brn|[from] brn
|upkeep
|
|t:|1779659792
|switch|p2a: Slowking|Slowking-Galar, M|52/100
|-damage|p2a: Slowking|40/100|[from] Stealth Rock
|turn|28
|
|t:|1779659798
|move|p1a: Glimmora|Earth Power|p2a: Slowking
|-supereffective|p2a: Slowking
|-damage|p2a: Slowking|0 fnt
|faint|p2a: Slowking
|
|win|PokeAbl05241728znw
|raw|PokeAbl05241728znw's rating: 1205 &rarr; <strong>1226</strong><br />(+21 for winning)
|raw|El_Dakka's rating: 1149 &rarr; <strong>1128</strong><br />(-21 for losing)
