|j|☆micktown
|j|☆SgtBrick14
|t:|1779603125
|gametype|singles
|player|p1|micktown|265|1427
|player|p2|SgtBrick14|pokemonranger|1374
|gen|9
|tier|[Gen 9] OU
|rated|
|rule|HP Percentage Mod: HP is shown in percentages
|rule|Endless Battle Clause: Forcing endless battles is banned
|rule|Species Clause: Limit one of each Pokémon
|rule|OHKO Clause: OHKO moves are banned
|rule|Evasion Items Clause: Evasion items are banned
|rule|Evasion Moves Clause: Evasion moves are banned
|rule|Evasion Abilities Clause: Evasion abilities are banned
|rule|Sleep Moves Clause: Sleep-inducing moves are banned
|clearpoke
|poke|p1|Ninetales-Alola, F|
|poke|p1|Hatterene, F|
|poke|p1|Ceruledge, F|
|poke|p1|Great Tusk|
|poke|p1|Iron Moth|
|poke|p1|Kingambit, M|
|poke|p2|Hatterene, F|
|poke|p2|Kleavor, M|
|poke|p2|Dragapult, F|
|poke|p2|Gengar, F|
|poke|p2|Muk-Alola, F|
|poke|p2|Torkoal, F|
|teampreview
|
|t:|1779603131
|teamsize|p1|6
|teamsize|p2|6
|start
|switch|p1a: Ninetales|Ninetales-Alola, F|100/100
|switch|p2a: Kleavor|Kleavor, M|100/100
|-weather|Snowscape|[from] ability: Snow Warning|[of] p1a: Ninetales
|turn|1
|
|t:|1779603137
|move|p2a: Kleavor|Stone Axe|p1a: Ninetales
|-supereffective|p1a: Ninetales
|-damage|p1a: Ninetales|0 fnt
|-sidestart|p1: micktown|move: Stealth Rock
|faint|p1a: Ninetales
|
|-weather|Snowscape|[upkeep]
|upkeep
|
|t:|1779603143
|switch|p1a: Great Tusk|Great Tusk|100/100
|-damage|p1a: Great Tusk|98/100|[from] Stealth Rock
|-enditem|p1a: Great Tusk|Booster Energy
|-activate|p1a: Great Tusk|ability: Protosynthesis|[fromitem]
|-start|p1a: Great Tusk|protosynthesisatk
|turn|2
|
|t:|1779603149
|switch|p2a: Gengar|Gengar, F|100/100
|move|p1a: Great Tusk|Rapid Spin|p2a: Gengar
|-immune|p2a: Gengar
|
|-weather|Snowscape|[upkeep]
|upkeep
|turn|3
|
|t:|1779603155
|move|p2a: Gengar|Taunt|p1a: Great Tusk
|-start|p1a: Great Tusk|move: Taunt
|move|p1a: Great Tusk|Headlong Rush|p2a: Gengar
|-supereffective|p2a: Gengar
|-enditem|p2a: Gengar|Focus Sash
|-damage|p2a: Gengar|1/100
|-unboost|p1a: Great Tusk|def|1
|-unboost|p1a: Great Tusk|spd|1
|
|-weather|Snowscape|[upkeep]
|upkeep
|turn|4
|
|t:|1779603165
|move|p2a: Gengar|Destiny Bond|p2a: Gengar
|-singlemove|p2a: Gengar|Destiny Bond
|move|p1a: Great Tusk|Ice Spinner|p2a: Gengar
|-damage|p2a: Gengar|0 fnt
|-start|p1a: Great Tusk|Disable|Ice Spinner|[from] ability: Cursed Body|[of] p2a: Gengar
|faint|p2a: Gengar
|-activate|p2a: Gengar|move: Destiny Bond
|faint|p1a: Great Tusk
|-end|p1a: Great Tusk|Protosynthesis|[silent]
|
|-weather|Snowscape|[upkeep]
|upkeep
|
|t:|1779603205
|switch|p2a: Hatterene|Hatterene, F|100/100
|switch|p1a: Hatterene|Hatterene, F|100/100
|-damage|p1a: Hatterene|88/100|[from] Stealth Rock
|turn|5
|
|t:|1779603219
|move|p2a: Hatterene|Nuzzle|p1a: Hatterene
|-damage|p1a: Hatterene|84/100
|-status|p1a: Hatterene|par
|move|p1a: Hatterene|Nuzzle|p2a: Hatterene
|-damage|p2a: Hatterene|95/100
|-status|p2a: Hatterene|par
|
|-weather|none
|-heal|p1a: Hatterene|90/100 par|[from] item: Leftovers
|upkeep
|turn|6
|
|t:|1779603228
|move|p2a: Hatterene|Psychic|p1a: Hatterene
|-resisted|p1a: Hatterene
|-damage|p1a: Hatterene|65/100 par
|move|p1a: Hatterene|Calm Mind|p1a: Hatterene
|-boost|p1a: Hatterene|spa|1
|-boost|p1a: Hatterene|spd|1
|
|-heal|p1a: Hatterene|71/100 par|[from] item: Leftovers
|upkeep
|turn|7
|
|t:|1779603236
|switch|p2a: Torkoal|Torkoal, F|100/100
|-weather|SunnyDay|[from] ability: Drought|[of] p2a: Torkoal
|move|p1a: Hatterene|Draining Kiss|p2a: Torkoal
|-resisted|p2a: Torkoal
|-damage|p2a: Torkoal|72/100
|-heal|p1a: Hatterene|94/100 par|[from] drain|[of] p2a: Torkoal
|
|-weather|SunnyDay|[upkeep]
|-heal|p1a: Hatterene|99/100 par|[from] item: Leftovers
|upkeep
|turn|8
|
|t:|1779603248
|move|p2a: Torkoal|Flamethrower|p1a: Hatterene
|-damage|p1a: Hatterene|39/100 par
|move|p1a: Hatterene|Psyshock|p2a: Torkoal
|-damage|p2a: Torkoal|18/100
|
|-weather|SunnyDay|[upkeep]
|-heal|p1a: Hatterene|45/100 par|[from] item: Leftovers
|upkeep
|turn|9
|
|t:|1779603262
|switch|p1a: Ceruledge|Ceruledge, F|100/100
|-damage|p1a: Ceruledge|76/100|[from] Stealth Rock
|move|p2a: Torkoal|Flamethrower|p1a: Ceruledge
|-start|p1a: Ceruledge|ability: Flash Fire
|
|-weather|SunnyDay|[upkeep]
|upkeep
|turn|10
|
|t:|1779603270
|move|p1a: Ceruledge|Bulk Up|p1a: Ceruledge
|-boost|p1a: Ceruledge|atk|1
|-boost|p1a: Ceruledge|def|1
|move|p2a: Torkoal|Flamethrower|p1a: Ceruledge
|-immune|p1a: Ceruledge|[from] ability: Flash Fire
|
|-weather|SunnyDay|[upkeep]
|upkeep
|turn|11
|
|t:|1779603280
|switch|p2a: Hatterene|Hatterene, F|95/100 par
|move|p1a: Ceruledge|Shadow Sneak|p2a: Hatterene
|-supereffective|p2a: Hatterene
|-damage|p2a: Hatterene|35/100 par
|
|-weather|none
|upkeep
|turn|12
|inactive|Battle timer is ON: inactive players will automatically lose when time's up. (requested by micktown)
|inactive|SgtBrick14 has 120 seconds left.
|inactive|SgtBrick14 has 90 seconds left.
|
|t:|1779603372
|move|p1a: Ceruledge|Bitter Blade|p2a: Hatterene
|-damage|p2a: Hatterene|0 fnt
|-heal|p1a: Ceruledge|91/100|[from] drain|[of] p2a: Hatterene
|faint|p2a: Hatterene
|
|upkeep
|
|t:|1779603382
|switch|p2a: Muk|Muk-Alola, F|100/100
|turn|13
|
|t:|1779603392
|-terastallize|p1a: Ceruledge|Bug
|move|p1a: Ceruledge|Bulk Up|p1a: Ceruledge
|-boost|p1a: Ceruledge|atk|1
|-boost|p1a: Ceruledge|def|1
|move|p2a: Muk|Knock Off|p1a: Ceruledge
|-crit|p1a: Ceruledge
|-damage|p1a: Ceruledge|0 fnt
|-enditem|p1a: Ceruledge|Covert Cloak|[from] move: Knock Off|[of] p2a: Muk
|faint|p1a: Ceruledge
|
|upkeep
|
|t:|1779603409
|switch|p1a: Kingambit|Kingambit, M|100/100
|-damage|p1a: Kingambit|94/100|[from] Stealth Rock
|-activate|p1a: Kingambit|ability: Supreme Overlord
|-start|p1a: Kingambit|fallen3|[silent]
|turn|14
|
|t:|1779603424
|move|p1a: Kingambit|Swords Dance|p1a: Kingambit
|-boost|p1a: Kingambit|atk|2
|move|p2a: Muk|Knock Off|p1a: Kingambit
|-resisted|p1a: Kingambit
|-damage|p1a: Kingambit|65/100
|-enditem|p1a: Kingambit|Life Orb|[from] move: Knock Off|[of] p2a: Muk
|
|upkeep
|turn|15
|
|t:|1779603434
|switch|p2a: Torkoal|Torkoal, F|18/100
|-weather|SunnyDay|[from] ability: Drought|[of] p2a: Torkoal
|move|p1a: Kingambit|Iron Head|p2a: Torkoal
|-resisted|p2a: Torkoal
|-damage|p2a: Torkoal|0 fnt
|faint|p2a: Torkoal
|
|-weather|SunnyDay|[upkeep]
|upkeep
|
|t:|1779603436
|switch|p2a: Kleavor|Kleavor, M|100/100
|turn|16
|
|t:|1779603448
|move|p1a: Kingambit|Sucker Punch|p2a: Kleavor
|-damage|p2a: Kleavor|0 fnt
|faint|p2a: Kleavor
|
|-weather|SunnyDay|[upkeep]
|upkeep
|
|t:|1779603449
|switch|p2a: Dragapult|Dragapult, F|100/100
|turn|17
|
|t:|1779603454
|move|p1a: Kingambit|Sucker Punch||[still]
|-fail|p1a: Kingambit
|move|p2a: Dragapult|Dragon Dance|p2a: Dragapult
|-boost|p2a: Dragapult|atk|1
|-boost|p2a: Dragapult|spe|1
|
|-weather|SunnyDay|[upkeep]
|upkeep
|turn|18
|
|t:|1779603460
|-terastallize|p2a: Dragapult|Dark
|move|p2a: Dragapult|Sucker Punch|p1a: Kingambit
|-resisted|p1a: Kingambit
|-damage|p1a: Kingambit|41/100
|move|p1a: Kingambit|Sucker Punch||[still]
|-fail|p1a: Kingambit
|
|-weather|SunnyDay|[upkeep]
|upkeep
|turn|19
|
|t:|1779603468
|move|p2a: Dragapult|Dragon Dance|p2a: Dragapult
|-boost|p2a: Dragapult|atk|1
|-boost|p2a: Dragapult|spe|1
|move|p1a: Kingambit|Iron Head|p2a: Dragapult
|-enditem|p2a: Dragapult|Focus Sash
|-damage|p2a: Dragapult|1/100
|
|-weather|none
|upkeep
|turn|20
|
|t:|1779603475
|move|p2a: Dragapult|Sucker Punch|p1a: Kingambit
|-resisted|p1a: Kingambit
|-crit|p1a: Kingambit
|-damage|p1a: Kingambit|0 fnt
|faint|p1a: Kingambit
|-end|p1a: Kingambit|fallen3|[silent]
|
|upkeep
|
|t:|1779603480
|switch|p1a: Iron Moth|Iron Moth|100/100
|-damage|p1a: Iron Moth|76/100|[from] Stealth Rock
|-enditem|p1a: Iron Moth|Booster Energy
|-activate|p1a: Iron Moth|ability: Quark Drive|[fromitem]
|-start|p1a: Iron Moth|quarkdrivespe
|turn|21
|
|t:|1779603491
|move|p2a: Dragapult|Dragon Darts|p1a: Iron Moth
|-damage|p1a: Iron Moth|0 fnt
|faint|p1a: Iron Moth
|-end|p1a: Iron Moth|Quark Drive|[silent]
|
|upkeep
|
|t:|1779603495
|switch|p1a: Hatterene|Hatterene, F|45/100 par
|-damage|p1a: Hatterene|33/100 par|[from] Stealth Rock
|turn|22
|inactive|SgtBrick14 has 120 seconds left.
|
|t:|1779603528
|move|p2a: Dragapult|Phantom Force||[still]
|-prepare|p2a: Dragapult|Phantom Force
|move|p1a: Hatterene|Draining Kiss|p2a: Dragapult|[miss]
|-miss|p1a: Hatterene|p2a: Dragapult
|
|-heal|p1a: Hatterene|39/100 par|[from] item: Leftovers
|upkeep
|turn|23
|
|t:|1779603541
|move|p2a: Dragapult|Phantom Force|p1a: Hatterene|[from] lockedmove
|-supereffective|p1a: Hatterene
|-damage|p1a: Hatterene|0 fnt
|faint|p1a: Hatterene
|
|win|SgtBrick14
|raw|micktown's rating: 1427 &rarr; <strong>1404</strong><br />(-23 for losing)
|raw|SgtBrick14's rating: 1374 &rarr; <strong>1397</strong><br />(+23 for winning)
|l|☆micktown
|player|p1|
|l|☆SgtBrick14
|player|p2|
