|j|☆era_hna
|j|☆you are best
|t:|1779705211
|gametype|singles
|player|p1|era_hna|ghetsis|1115
|player|p2|you are best|steven|1127
|gen|9
|tier|[Gen 9] OU
|rated|
|rule|HP Percentage Mod: HP is shown in percentages
|rule|Endless Battle Clause: Forcing endless battles is banned
|rule|Species Clause: Limit one of each Pokémon
|rule|OHKO Clause: OHKO moves are banned
|rule|Evasion Items Clause: Evasion items are banned
|rule|Evasion Moves Clause: Evasion moves are banned
|rule|Evasion Abilities Clause: Evasion abilities are banned
|rule|Sleep Moves Clause: Sleep-inducing moves are banned
|clearpoke
|poke|p1|Deoxys-Speed|
|poke|p1|Cinderace, F|
|poke|p1|Landorus-Therian, M|
|poke|p1|Meowscarada, F|
|poke|p1|Primarina, F|
|poke|p1|Dragapult, M|
|poke|p2|Heatran, M|
|poke|p2|Ogerpon-Wellspring, F|
|poke|p2|Gliscor, M|
|poke|p2|Darkrai|
|poke|p2|Clefable, F|
|poke|p2|Kingambit, M|
|teampreview
|
|t:|1779705226
|teamsize|p1|6
|teamsize|p2|6
|start
|switch|p1a: Deoxys|Deoxys-Speed|100/100
|switch|p2a: Gliscor|Gliscor, M|100/100
|-ability|p1a: Deoxys|Pressure
|turn|1
|
|t:|1779705243
|switch|p2a: Darkrai|Darkrai|100/100
|move|p1a: Deoxys|Ice Beam|p2a: Darkrai
|-damage|p2a: Darkrai|52/100
|-damage|p1a: Deoxys|91/100|[from] item: Life Orb
|
|upkeep
|turn|2
|
|t:|1779705257
|-terastallize|p1a: Deoxys|Fighting
|move|p1a: Deoxys|Superpower|p2a: Darkrai
|-supereffective|p2a: Darkrai
|-damage|p2a: Darkrai|0 fnt
|-unboost|p1a: Deoxys|atk|1
|-unboost|p1a: Deoxys|def|1
|faint|p2a: Darkrai
|-damage|p1a: Deoxys|81/100|[from] item: Life Orb
|
|upkeep
|
|t:|1779705273
|switch|p2a: Clefable|Clefable, F|100/100
|turn|3
|
|t:|1779705295
|switch|p1a: Primarina|Primarina, F|100/100
|move|p2a: Clefable|Moonblast|p1a: Primarina
|-damage|p1a: Primarina|78/100
|
|upkeep
|turn|4
|
|t:|1779705306
|move|p1a: Primarina|Psychic Noise|p2a: Clefable
|-damage|p2a: Clefable|79/100
|-start|p2a: Clefable|move: Heal Block
|move|p2a: Clefable|Cosmic Power|p2a: Clefable
|-boost|p2a: Clefable|def|1
|-boost|p2a: Clefable|spd|1
|
|upkeep
|turn|5
|
|t:|1779705316
|move|p1a: Primarina|Moonblast|p2a: Clefable
|-crit|p2a: Clefable
|-damage|p2a: Clefable|8/100
|move|p2a: Clefable|Cosmic Power|p2a: Clefable
|-boost|p2a: Clefable|def|1
|-boost|p2a: Clefable|spd|1
|
|-end|p2a: Clefable|move: Heal Block
|upkeep
|turn|6
|
|t:|1779705325
|move|p1a: Primarina|Moonblast|p2a: Clefable
|-damage|p2a: Clefable|0 fnt
|faint|p2a: Clefable
|
|upkeep
|
|t:|1779705330
|switch|p2a: Ogerpon|Ogerpon-Wellspring, F|100/100
|turn|7
|
|t:|1779705351
|move|p2a: Ogerpon|Horn Leech|p1a: Primarina
|-supereffective|p1a: Primarina
|-damage|p1a: Primarina|0 fnt
|faint|p1a: Primarina
|
|upkeep
|
|t:|1779705359
|switch|p1a: Meowscarada|Meowscarada, F|100/100
|turn|8
|
|t:|1779705368
|move|p1a: Meowscarada|U-turn|p2a: Ogerpon
|-start|p1a: Meowscarada|typechange|Bug|[from] ability: Protean
|-supereffective|p2a: Ogerpon
|-damage|p2a: Ogerpon|0 fnt
|faint|p2a: Ogerpon
|inactive|Battle timer is ON: inactive players will automatically lose when time's up. (requested by you are best)
|
|t:|1779705379
|switch|p1a: Deoxys|Deoxys-Speed, tera:Fighting|81/100|[from] U-turn
|-ability|p1a: Deoxys|Pressure
|
|upkeep
|
|t:|1779705400
|switch|p2a: Heatran|Heatran, M|100/100
|turn|9
|
|t:|1779705410
|move|p1a: Deoxys|Superpower|p2a: Heatran
|-supereffective|p2a: Heatran
|-damage|p2a: Heatran|0 fnt
|-unboost|p1a: Deoxys|atk|1
|-unboost|p1a: Deoxys|def|1
|faint|p2a: Heatran
|-damage|p1a: Deoxys|71/100|[from] item: Life Orb
|
|upkeep
|
|t:|1779705414
|switch|p2a: Gliscor|Gliscor, M|100/100
|turn|10
|
|t:|1779705418
|move|p1a: Deoxys|Ice Beam|p2a: Gliscor
|-supereffective|p2a: Gliscor
|-damage|p2a: Gliscor|0 fnt
|faint|p2a: Gliscor
|-damage|p1a: Deoxys|61/100|[from] item: Life Orb
|
|upkeep
|
|t:|1779705422
|switch|p2a: Kingambit|Kingambit, M|100/100
|-activate|p2a: Kingambit|ability: Supreme Overlord
|-start|p2a: Kingambit|fallen5|[silent]
|turn|11
|
|t:|1779705427
|switch|p1a: Landorus|Landorus-Therian, M|100/100
|-ability|p1a: Landorus|Intimidate|boost
|-unboost|p2a: Kingambit|atk|1
|move|p2a: Kingambit|Sucker Punch||[still]
|-fail|p2a: Kingambit
|
|upkeep
|turn|12
|
|t:|1779705436
|move|p1a: Landorus|Earthquake|p2a: Kingambit
|-supereffective|p2a: Kingambit
|-damage|p2a: Kingambit|30/100
|move|p2a: Kingambit|Substitute|p2a: Kingambit
|-start|p2a: Kingambit|Substitute
|-damage|p2a: Kingambit|5/100
|
|-heal|p2a: Kingambit|11/100|[from] item: Leftovers
|upkeep
|turn|13
|
|t:|1779705447
|move|p1a: Landorus|Earthquake|p2a: Kingambit
|-supereffective|p2a: Kingambit
|-end|p2a: Kingambit|Substitute
|move|p2a: Kingambit|Kowtow Cleave|p1a: Landorus
|-damage|p1a: Landorus|65/100
|-damage|p2a: Kingambit|0 fnt|[from] item: Rocky Helmet|[of] p1a: Landorus
|faint|p2a: Kingambit
|-end|p2a: Kingambit|fallen5|[silent]
|
|win|era_hna
|raw|era_hna's rating: 1115 &rarr; <strong>1141</strong><br />(+26 for winning)
|raw|you are best's rating: 1127 &rarr; <strong>1101</strong><br />(-26 for losing)
